|j|☆kdan_7
|j|☆Dawsonschris
|html|kdan_7Dawsonschris    
|uhtml|bestof|Game 3 of a best-of-3
|t:|1756492219
|gametype|doubles
|player|p1|kdan_7|shauntal|1197
|player|p2|Dawsonschris|artist-gen4|1137
|gen|9
|tier|[Gen 9] VGC 2025 Reg H (Bo3)
|rated|
|rule|Species Clause: Limit one of each Pokémon
|rule|Item Clause: Limit 1 of each item
|clearpoke
|poke|p1|Amoonguss, L50, F|
|poke|p1|Sneasler, L50, M|
|poke|p1|Gholdengo, L50|
|poke|p1|Incineroar, L50, M|
|poke|p1|Ursaluna-Bloodmoon, L50, M|
|poke|p1|Dragonite, L50, F|
|poke|p2|Ursaluna-Bloodmoon, L50, M|
|poke|p2|Electabuzz, L50, M|
|poke|p2|Sneasler, L50, M|
|poke|p2|Indeedee, L50, M|
|poke|p2|Incineroar, L50, M|
|poke|p2|Talonflame, L50, M|
|teampreview|4
|showteam|p1|Amoonguss||SitrusBerry|Regenerator|RagePowder,Spore,PollenPuff,Protect|||F|||50|,,,,,Psychic]Sneasler||FocusSash|Unburden|Protect,DireClaw,CloseCombat,ThroatChop|||M|||50|,,,,,Stellar]Gholdengo||LifeOrb|GoodasGold|Protect,MakeItRain,ShadowBall,NastyPlot||||||50|,,,,,Water]Incineroar||SafetyGoggles|Intimidate|KnockOff,PartingShot,FlareBlitz,FakeOut|||M|||50|,,,,,Ghost]Ursaluna-Bloodmoon||AssaultVest|MindsEye|BloodMoon,EarthPower,VacuumWave,HyperVoice|||M|||50|,,,,,Water]Dragonite||LoadedDice|Multiscale|ScaleShot,Tailwind,Haze,Protect|||F|||50|,,,,,Fairy
|showteam|p2|Ursaluna-Bloodmoon||LifeOrb|MindsEye|Protect,BloodMoon,EarthPower,HyperVoice|||M|||50|,,,,,Normal]Electabuzz||Eviolite|VitalSpirit|FollowMe,Taunt,Electroweb,Protect|||M|||50|,,,,,Dragon]Sneasler||PsychicSeed|Unburden|ThroatChop,DireClaw,CloseCombat,Protect|||M|||50|,,,,,Dark]Indeedee||FocusSash|PsychicSurge|ExpandingForce,TrickRoom,HelpingHand,Protect|||M|||50|,,,,,Psychic]Incineroar||SafetyGoggles|Intimidate|FakeOut,KnockOff,PartingShot,FlareBlitz|||M|||50|,,,,,Dragon]Talonflame||CovertCloak|GaleWings|FlareBlitz,DualWingbeat,WillOWisp,Tailwind|||M|||50|,,,,,Fairy
|inactive|Battle timer is ON: inactive players will automatically lose when time's up. (requested by Dawsonschris)
|
|t:|1756492245
|teamsize|p1|4
|teamsize|p2|4
|start
|switch|p1a: Say Cheese|Gholdengo, L50|100/100
|switch|p1b: Luffy|Incineroar, L50, M|100/100
|switch|p2a: Electabuzz|Electabuzz, L50, M|100/100
|switch|p2b: Ursaluna|Ursaluna-Bloodmoon, L50, M|100/100
|-ability|p1b: Luffy|Intimidate|boost
|-unboost|p2a: Electabuzz|atk|1
|-unboost|p2b: Ursaluna|atk|1
|turn|1
|
|t:|1756492259
|move|p2b: Ursaluna|Protect|p2b: Ursaluna
|-singleturn|p2b: Ursaluna|Protect
|move|p1b: Luffy|Fake Out|p2b: Ursaluna
|-activate|p2b: Ursaluna|move: Protect
|move|p2a: Electabuzz|Electroweb|p1b: Luffy|[spread] p1a,p1b
|-damage|p1a: Say Cheese|87/100
|-damage|p1b: Luffy|88/100
|-unboost|p1a: Say Cheese|spe|1
|-unboost|p1b: Luffy|spe|1
|move|p1a: Say Cheese|Nasty Plot|p1a: Say Cheese
|-boost|p1a: Say Cheese|spa|2
|
|upkeep
|turn|2
|inactive|Dawsonschris has 30 seconds left.
|
|t:|1756492287
|-terastallize|p2b: Ursaluna|Normal
|move|p1a: Say Cheese|Protect|p1a: Say Cheese
|-singleturn|p1a: Say Cheese|Protect
|move|p2a: Electabuzz|Follow Me|p2a: Electabuzz
|-singleturn|p2a: Electabuzz|move: Follow Me
|move|p2b: Ursaluna|Blood Moon|p1a: Say Cheese
|-activate|p1a: Say Cheese|move: Protect
|move|p1b: Luffy|Parting Shot|p2a: Electabuzz
|-unboost|p2a: Electabuzz|atk|1
|-unboost|p2a: Electabuzz|spa|1
|
|t:|1756492300
|switch|p1b: 8|Sneasler, L50, M|100/100|[from] Parting Shot
|
|upkeep
|turn|3
|
|t:|1756492318
|-terastallize|p1b: 8|Stellar
|move|p2b: Ursaluna|Protect|p2b: Ursaluna
|-singleturn|p2b: Ursaluna|Protect
|move|p1b: 8|Close Combat|p2b: Ursaluna
|-activate|p2b: Ursaluna|move: Protect
|move|p2a: Electabuzz|Electroweb|p1a: Say Cheese|[spread] p1a,p1b
|-crit|p1b: 8
|-damage|p1a: Say Cheese|76/100
|-damage|p1b: 8|74/100
|-unboost|p1a: Say Cheese|spe|1
|-unboost|p1b: 8|spe|1
|move|p1a: Say Cheese|Make It Rain|p2a: Electabuzz|[spread] p2a
|-activate|p2b: Ursaluna|move: Protect
|-resisted|p2a: Electabuzz
|-damage|p2a: Electabuzz|56/100
|-unboost|p1a: Say Cheese|spa|1
|-damage|p1a: Say Cheese|67/100|[from] item: Life Orb
|
|upkeep
|turn|4
|inactive|kdan_7 has 30 seconds left.
|inactive|Dawsonschris has 30 seconds left.
|
|t:|1756492350
|move|p1b: 8|Protect|p1b: 8
|-singleturn|p1b: 8|Protect
|move|p2a: Electabuzz|Follow Me|p2a: Electabuzz
|-singleturn|p2a: Electabuzz|move: Follow Me
|move|p2b: Ursaluna|Hyper Voice|p1a: Say Cheese|[spread] p1a
|-activate|p1b: 8|move: Protect
|-resisted|p1a: Say Cheese
|-damage|p1a: Say Cheese|28/100
|-damage|p2b: Ursaluna|91/100|[from] item: Life Orb
|move|p1a: Say Cheese|Make It Rain|p2a: Electabuzz|[spread] p2a,p2b
|-resisted|p2a: Electabuzz
|-damage|p2a: Electabuzz|17/100
|-damage|p2b: Ursaluna|0 fnt
|-unboost|p1a: Say Cheese|spa|1
|faint|p2b: Ursaluna
|-damage|p1a: Say Cheese|18/100|[from] item: Life Orb
|
|upkeep
|
|t:|1756492367
|switch|p2b: Indeedee|Indeedee, L50, M|100/100
|-fieldstart|move: Psychic Terrain|[from] ability: Psychic Surge|[of] p2b: Indeedee
|turn|5
|
|t:|1756492379
|switch|p1b: Luffy|Incineroar, L50, M|88/100
|-ability|p1b: Luffy|Intimidate|boost
|-unboost|p2a: Electabuzz|atk|1
|-unboost|p2b: Indeedee|atk|1
|move|p2a: Electabuzz|Electroweb|p1b: Luffy|[spread] p1a,p1b
|-damage|p1a: Say Cheese|8/100
|-damage|p1b: Luffy|80/100
|-unboost|p1a: Say Cheese|spe|1
|-unboost|p1b: Luffy|spe|1
|move|p2b: Indeedee|Expanding Force|p1a: Say Cheese|[spread] p1a
|-immune|p1b: Luffy
|-resisted|p1a: Say Cheese
|-damage|p1a: Say Cheese|0 fnt
|faint|p1a: Say Cheese
|
|upkeep
|
|t:|1756492395
|switch|p1a: Golden Wind|Dragonite, L50, F|100/100
|turn|6
|
|t:|1756492410
|move|p2b: Indeedee|Protect|p2b: Indeedee
|-singleturn|p2b: Indeedee|Protect
|move|p1a: Golden Wind|Protect|p1a: Golden Wind
|-singleturn|p1a: Golden Wind|Protect
|move|p2a: Electabuzz|Electroweb|p1b: Luffy|[spread] p1b
|-activate|p1a: Golden Wind|move: Protect
|-damage|p1b: Luffy|71/100
|-unboost|p1b: Luffy|spe|1
|move|p1b: Luffy|Knock Off|p2a: Electabuzz
|-damage|p2a: Electabuzz|0 fnt
|-enditem|p2a: Electabuzz|Eviolite|[from] move: Knock Off|[of] p1b: Luffy
|faint|p2a: Electabuzz
|
|upkeep
|
|t:|1756492425
|switch|p2a: Sneasler|Sneasler, L50, M|100/100
|-enditem|p2a: Sneasler|Psychic Seed
|-boost|p2a: Sneasler|spd|1|[from] item: Psychic Seed
|turn|7
|
|t:|1756492436
|move|p2a: Sneasler|Dire Claw|p1a: Golden Wind
|-damage|p1a: Golden Wind|76/100
|-status|p1a: Golden Wind|psn
|move|p2b: Indeedee|Expanding Force|p1b: Luffy|[spread] p1a
|-immune|p1b: Luffy
|-damage|p1a: Golden Wind|20/100 psn
|move|p1a: Golden Wind|Tailwind|p1a: Golden Wind
|-sidestart|p1: kdan_7|move: Tailwind
|move|p1b: Luffy|Parting Shot|p2b: Indeedee
|-unboost|p2b: Indeedee|atk|1
|-unboost|p2b: Indeedee|spa|1
|
|t:|1756492446
|switch|p1b: 8|Sneasler, L50, M, tera:Stellar|74/100|[from] Parting Shot
|
|-damage|p1a: Golden Wind|8/100 psn|[from] psn
|upkeep
|turn|8
|
|t:|1756492465
|switch|p1a: Luffy|Incineroar, L50, M|71/100
|-ability|p1a: Luffy|Intimidate|boost
|-unboost|p2a: Sneasler|atk|1
|-unboost|p2b: Indeedee|atk|1
|move|p1b: 8|Dire Claw|p2a: Sneasler
|-resisted|p2a: Sneasler
|-damage|p2a: Sneasler|55/100
|move|p2a: Sneasler|Dire Claw|p1a: Luffy
|-damage|p1a: Luffy|40/100
|-status|p1a: Luffy|slp
|move|p2b: Indeedee|Expanding Force|p1b: 8|[spread] p1b
|-immune|p1a: Luffy
|-supereffective|p1b: 8
|-damage|p1b: 8|0 fnt
|faint|p1b: 8
|
|upkeep
|
|t:|1756492478
|switch|p1b: Golden Wind|Dragonite, L50, F|8/100 psn
|turn|9
|inactive|Dawsonschris has 30 seconds left.
|
|t:|1756492512
|move|p2a: Sneasler|Dire Claw|p1b: Golden Wind
|-damage|p1b: Golden Wind|0 fnt
|faint|p1b: Golden Wind
|cant|p1a: Luffy|slp
|move|p2b: Indeedee|Expanding Force|p1a: Luffy
|-immune|p1a: Luffy
|
|-fieldend|move: Psychic Terrain
|upkeep
|turn|10
|
|t:|1756492529
|move|p2b: Indeedee|Helping Hand|p2a: Sneasler
|-singleturn|p2a: Sneasler|Helping Hand|[of] p2b: Indeedee
|move|p2a: Sneasler|Dire Claw|p1a: Luffy
|-damage|p1a: Luffy|0 fnt
|faint|p1a: Luffy
|
|win|Dawsonschris
|raw|kdan_7's rating: 1197 → 1168(-29 for losing)
|raw|Dawsonschris's rating: 1137 → 1166(+29 for winning)
|l|☆kdan_7
|player|p1|
