|j|☆rdyjyukujkhk
|j|☆hugoggg
|html|rdyjyukujkhkhugoggg    
|uhtml|bestof|Game 2 of a best-of-3
|t:|1756662720
|gametype|doubles
|player|p1|rdyjyukujkhk|hilda|
|player|p2|hugoggg|265|
|gen|9
|tier|[Gen 9] VGC 2025 Reg H (Bo3)
|rule|Species Clause: Limit one of each Pokémon
|rule|Item Clause: Limit 1 of each item
|clearpoke
|poke|p1|Whimsicott, L50, F|
|poke|p1|Indeedee, L50, M|
|poke|p1|Sneasler, L50, M|
|poke|p1|Delphox, L50, M|
|poke|p1|Maushold, L50|
|poke|p1|Basculegion, L50, M|
|poke|p2|Rillaboom, L50, F|
|poke|p2|Primarina, L50, M|
|poke|p2|Electabuzz, L50, M|
|poke|p2|Dragonite, L50, F|
|poke|p2|Kingambit, L50, M|
|poke|p2|Sneasler, L50, M|
|teampreview|4
|showteam|p1|Whimsicott||CovertCloak|Prankster|Tailwind,Moonblast,HelpingHand,SunnyDay|||F|||50|,,,,,Water]Indeedee||FocusSash|PsychicSurge|ExpandingForce,TeraBlast,Imprison,TrickRoom|||M|||50|,,,,,Fighting]Sneasler||PsychicSeed|Unburden|DireClaw,CloseCombat,ThroatChop,Protect|||M|||50|,,,,,Dark]Delphox||LifeOrb|Blaze|ExpandingForce,HeatWave,Protect,Flamethrower|||M|||50|,,,,,Fire]Maushold||WideLens|Technician|PopulationBomb,FollowMe,Taunt,Protect||||||50|,,,,,Ghost]Basculegion||ChoiceScarf|Adaptability|WaveCrash,FlipTurn,LastRespects,TeraBlast|||M|||50|,,,,,Grass
|showteam|p2|Rillaboom||AssaultVest|GrassySurge|WoodHammer,GrassyGlide,HighHorsepower,FakeOut|||F|||50|,,,,,Fire]Primarina||LifeOrb|LiquidVoice|Haze,HyperVoice,Moonblast,Protect|||M|||50|,,,,,Water]Electabuzz||Eviolite|VitalSpirit|Electroweb,Taunt,Protect,FollowMe|||M|||50|,,,,,Fairy]Dragonite||LoadedDice|Multiscale|ScaleShot,Tailwind,ExtremeSpeed,Protect|||F|||50|,,,,,Normal]Kingambit||BlackGlasses|Defiant|KowtowCleave,Protect,SwordsDance,SuckerPunch|||M|||50|,,,,,Dark]Sneasler||FocusSash|PoisonTouch|DireClaw,CloseCombat,Coaching,FakeOut|||M|||50|,,,,,Ghost
|inactive|Battle timer is ON: inactive players will automatically lose when time's up. (requested by hugoggg)
|inactive|rdyjyukujkhk has 60 seconds left.
|inactive|hugoggg has 60 seconds left.
|
|t:|1756662781
|teamsize|p1|4
|teamsize|p2|4
|start
|switch|p1a: Sneasler|Sneasler, L50, M|100/100
|switch|p1b: Indeedee|Indeedee, L50, M|100/100
|switch|p2a: Kingambit|Kingambit, L50, M|100/100
|switch|p2b: Electabuzz|Electabuzz, L50, M|100/100
|-fieldstart|move: Psychic Terrain|[from] ability: Psychic Surge|[of] p1b: Indeedee
|-enditem|p1a: Sneasler|Psychic Seed
|-boost|p1a: Sneasler|spd|1|[from] item: Psychic Seed
|turn|1
|inactive|rdyjyukujkhk has 30 seconds left.
|inactive|rdyjyukujkhk has 20 seconds left.
|inactive|rdyjyukujkhk has 15 seconds left.
|inactive|rdyjyukujkhk has 10 seconds left.
|
|t:|1756662830
|switch|p1b: Maushold|Maushold, L50|100/100
|move|p2b: Electabuzz|Follow Me|p2b: Electabuzz
|-singleturn|p2b: Electabuzz|move: Follow Me
|move|p1a: Sneasler|Close Combat|p2b: Electabuzz
|-damage|p2b: Electabuzz|42/100
|-unboost|p1a: Sneasler|def|1
|-unboost|p1a: Sneasler|spd|1
|move|p2a: Kingambit|Swords Dance|p2a: Kingambit
|-boost|p2a: Kingambit|atk|2
|
|upkeep
|turn|2
|inactive|rdyjyukujkhk has 30 seconds left.
|inactive|rdyjyukujkhk has 20 seconds left.
|inactive|rdyjyukujkhk has 15 seconds left.
|inactive|hugoggg has 30 seconds left.
|
|t:|1756662880
|switch|p2b: Rillaboom|Rillaboom, L50, F|100/100
|-fieldstart|move: Grassy Terrain|[from] ability: Grassy Surge|[of] p2b: Rillaboom
|-terastallize|p2a: Kingambit|Dark
|move|p1a: Sneasler|Protect|p1a: Sneasler
|-singleturn|p1a: Sneasler|Protect
|move|p2a: Kingambit|Sucker Punch||[still]
|-fail|p2a: Kingambit
|move|p1b: Maushold|Population Bomb|p2b: Rillaboom
|-damage|p2b: Rillaboom|89/100
|-damage|p2b: Rillaboom|78/100
|-damage|p2b: Rillaboom|66/100
|-damage|p2b: Rillaboom|56/100
|-crit|p2b: Rillaboom
|-damage|p2b: Rillaboom|40/100
|-damage|p2b: Rillaboom|29/100
|-damage|p2b: Rillaboom|19/100
|-damage|p2b: Rillaboom|7/100
|-damage|p2b: Rillaboom|0 fnt
|faint|p2b: Rillaboom
|-hitcount|p2: Rillaboom|9
|
|upkeep
|
|t:|1756662904
|switch|p2b: Electabuzz|Electabuzz, L50, M|42/100
|turn|3
|
|t:|1756662928
|switch|p1a: Indeedee|Indeedee, L50, M|100/100
|-fieldstart|move: Psychic Terrain|[from] ability: Psychic Surge|[of] p1a: Indeedee
|move|p2b: Electabuzz|Follow Me|p2b: Electabuzz
|-singleturn|p2b: Electabuzz|move: Follow Me
|move|p1b: Maushold|Population Bomb|p2b: Electabuzz
|-damage|p2b: Electabuzz|32/100
|-damage|p2b: Electabuzz|21/100
|-damage|p2b: Electabuzz|10/100
|-damage|p2b: Electabuzz|0 fnt
|faint|p2b: Electabuzz
|-hitcount|p2: Electabuzz|4
|move|p2a: Kingambit|Kowtow Cleave|p1a: Indeedee
|-supereffective|p1a: Indeedee
|-enditem|p1a: Indeedee|Focus Sash
|-damage|p1a: Indeedee|1/100
|
|upkeep
|
|t:|1756662945
|switch|p2b: Sneasler|Sneasler, L50, M|100/100
|turn|4
|inactive|rdyjyukujkhk has 30 seconds left.
|inactive|hugoggg has 30 seconds left.
|
|t:|1756662976
|-terastallize|p1b: Maushold|Ghost
|move|p2a: Kingambit|Protect|p2a: Kingambit
|-singleturn|p2a: Kingambit|Protect
|move|p2b: Sneasler|Dire Claw|p1a: Indeedee
|-damage|p1a: Indeedee|0 fnt
|faint|p1a: Indeedee
|move|p1b: Maushold|Population Bomb|p2a: Kingambit
|-activate|p2a: Kingambit|move: Protect
|
|upkeep
|
|t:|1756662986
|switch|p1a: Basculegion|Basculegion, L50, M|100/100
|turn|5
|inactive|hugoggg has 30 seconds left.
|inactive|hugoggg has 20 seconds left.
|
|t:|1756663025
|move|p1a: Basculegion|Last Respects|p2a: Kingambit
|-resisted|p2a: Kingambit
|-damage|p2a: Kingambit|78/100
|move|p2b: Sneasler|Dire Claw|p1b: Maushold
|-resisted|p1b: Maushold
|-damage|p1b: Maushold|68/100
|-status|p1b: Maushold|psn|[from] ability: Poison Touch|[of] p2b: Sneasler
|move|p1b: Maushold|Population Bomb|p2a: Kingambit
|-damage|p2a: Kingambit|71/100
|-damage|p2a: Kingambit|63/100
|-damage|p2a: Kingambit|55/100
|-damage|p2a: Kingambit|47/100
|-damage|p2a: Kingambit|38/100
|-damage|p2a: Kingambit|30/100
|-damage|p2a: Kingambit|23/100
|-damage|p2a: Kingambit|15/100
|-damage|p2a: Kingambit|7/100
|-damage|p2a: Kingambit|0 fnt
|faint|p2a: Kingambit
|-hitcount|p2: Kingambit|10
|
|-damage|p1b: Maushold|56/100 psn|[from] psn
|upkeep
|turn|6
|inactive|hugoggg has 30 seconds left.
|-message|hugoggg forfeited.
|
|win|rdyjyukujkhk
||hugoggg is ready for game 3.
|inactive|rdyjyukujkhk has 30 seconds to confirm battle start!
||rdyjyukujkhk is ready for game 3.
|uhtml|next|Next: Game 3 of 3
