|j|☆Pevere1l
|j|☆lukoog
|html|Pevere1llukoog    
|uhtml|bestof|Game 1 of a best-of-3
|t:|1783600089
|gametype|doubles
|player|p1|Pevere1l|steven|1136
|player|p2|lukoog|2|1039
|gen|9
|tier|[Gen 9 Champions] VGC 2026 Reg M-B (Bo3)
|rated|
|rule|Species Clause: Limit one of each Pokémon
|rule|Item Clause: Limit 1 of each item
|clearpoke
|poke|p1|Sneasler, L50, F|
|poke|p1|Kingambit, L50, M|
|poke|p1|Blastoise, L50, F|
|poke|p1|Incineroar, L50, M|
|poke|p1|Delphox, L50, F|
|poke|p1|Sinistcha-Masterpiece, L50|
|poke|p2|Raichu, L50, M|
|poke|p2|Gholdengo, L50|
|poke|p2|Aerodactyl, L50, F, shiny|
|poke|p2|Garchomp, L50, M, shiny|
|poke|p2|Rotom-Wash, L50|
|poke|p2|Whimsicott, L50, M|
|teampreview|4
|showteam|p1|Sneasler||FocusSash|PoisonTouch|FakeOut,PoisonJab,CloseCombat,QuickGuard|Jolly||F|||50|]Kingambit||BlackGlasses|Defiant|KowtowCleave,SuckerPunch,SwordsDance,Protect|Adamant||M|||50|]Blastoise||Blastoisinite|RainDish|WaterSpout,DarkPulse,ShellSmash,Protect|Modest||F|||50|]Incineroar||SitrusBerry|Intimidate|FakeOut,FlareBlitz,HelpingHand,PartingShot|Careful||M|||50|]Delphox||Delphoxite|Blaze|HeatWave,Psyshock,NastyPlot,Protect|Serious||F|||50|]Sinistcha-Masterpiece||KasibBerry|Hospitality|MatchaGotcha,RagePowder,TrickRoom,Protect|Bold|||||50|
|showteam|p2|Raichu||RaichuniteY|LightningRod|ZapCannon,FocusBlast,FakeOut,Protect|Timid||M|||50|]Gholdengo||LifeOrb|GoodasGold|MakeItRain,Protect,NastyPlot,ShadowBall|Modest|||||50|]Aerodactyl||FocusSash|Unnerve|RockSlide,Tailwind,Taunt,WideGuard|Jolly||F|||50|]Garchomp||SoftSand|RoughSkin|Earthquake,RockSlide,StompingTantrum,Protect|Adamant||M|||50|]Rotom-Wash||SitrusBerry|Levitate|Discharge,VoltSwitch,ShadowBall,WillOWisp|Bold|||||50|]Whimsicott||YacheBerry|Prankster|TrickRoom,Tailwind,Moonblast,Encore|Relaxed||M|||50|
|inactive|Battle timer is ON: inactive players will automatically lose when time's up. (requested by Pevere1l)
|inactive|Pevere1l has 60 seconds left.
|inactive|lukoog has 60 seconds left.
|inactive|lukoog has 30 seconds left.
|inactive|lukoog has 20 seconds left.
|inactive|lukoog has 15 seconds left.
|
|t:|1783600165
|teamsize|p1|4
|teamsize|p2|4
|start
|switch|p1a: Sneasler|Sneasler, L50, F|100/100
|switch|p1b: Delphox|Delphox, L50, F|100/100
|switch|p2a: Garchomp|Garchomp, L50, M, shiny|100/100
|switch|p2b: Rotom|Rotom-Wash, L50|100/100
|turn|1
|inactive|lukoog has 30 seconds left.
|
|t:|1783600192
|detailschange|p1b: Delphox|Delphox-Mega, L50, F
|-mega|p1b: Delphox|Delphox|Delphoxite
|move|p1a: Sneasler|Fake Out|p2a: Garchomp
|-damage|p2a: Garchomp|87/100
|-damage|p1a: Sneasler|87/100|[from] ability: Rough Skin|[of] p2a: Garchomp
|move|p1b: Delphox|Nasty Plot|p1b: Delphox
|-boost|p1b: Delphox|spa|2
|cant|p2a: Garchomp|flinch
|move|p2b: Rotom|Will-O-Wisp|p1a: Sneasler
|-status|p1a: Sneasler|brn
|
|-damage|p1a: Sneasler|82/100 brn|[from] brn
|upkeep
|turn|2
|
|t:|1783600202
|switch|p1a: Incineroar|Incineroar, L50, M|100/100
|-ability|p1a: Incineroar|Intimidate|boost
|-unboost|p2a: Garchomp|atk|1
|-unboost|p2b: Rotom|atk|1
|move|p1b: Delphox|Psyshock|p2b: Rotom
|-damage|p2b: Rotom|31/100
|-enditem|p2b: Rotom|Sitrus Berry|[eat]
|-heal|p2b: Rotom|56/100|[from] item: Sitrus Berry
|move|p2a: Garchomp|Rock Slide|p1b: Delphox|[spread] p1a,p1b
|-supereffective|p1a: Incineroar|1
|-supereffective|p1b: Delphox|1
|-crit|p1b: Delphox
|-damage|p1a: Incineroar|70/100
|-damage|p1b: Delphox|23/100
|move|p2b: Rotom|Volt Switch|p1b: Delphox
|-damage|p1b: Delphox|2/100
|
|t:|1783600220
|switch|p2b: Raichu|Raichu, L50, M|100/100|[from] Volt Switch
|
|upkeep
|turn|3
|
|t:|1783600230
|switch|p2a: Aerodactyl|Aerodactyl, L50, F, shiny|100/100
|-ability|p2a: Aerodactyl|Unnerve
|switch|p1a: Sneasler|Sneasler, L50, F|82/100 brn
|detailschange|p2b: Raichu|Raichu-Mega-Y, L50, M
|-mega|p2b: Raichu|Raichu|Raichunite Y
|move|p1b: Delphox|Protect|p1b: Delphox
|-singleturn|p1b: Delphox|Protect
|move|p2b: Raichu|Fake Out|p1b: Delphox
|-activate|p1b: Delphox|move: Protect
|
|-damage|p1a: Sneasler|76/100 brn|[from] brn
|upkeep
|turn|4
|inactive|Pevere1l has 30 seconds left.
|
|t:|1783600266
|move|p2b: Raichu|Protect|p2b: Raichu
|-singleturn|p2b: Raichu|Protect
|move|p1a: Sneasler|Fake Out|p2b: Raichu
|-activate|p2b: Raichu|move: Protect
|move|p2a: Aerodactyl|Rock Slide|p1a: Sneasler|[spread] p1a,p1b
|-resisted|p1a: Sneasler|1
|-supereffective|p1b: Delphox|1
|-damage|p1a: Sneasler|56/100 brn
|-damage|p1b: Delphox|0 fnt
|faint|p1b: Delphox
|
|-damage|p1a: Sneasler|50/100g brn|[from] brn
|upkeep
|
|t:|1783600270
|switch|p1b: Sinistcha|Sinistcha-Masterpiece, L50|100/100
|-heal|p1a: Sneasler|75/100 brn|[from] ability: Hospitality|[of] p1b: Sinistcha
|turn|5
|
|t:|1783600281
|move|p2b: Raichu|Zap Cannon|p1a: Sneasler
|-damage|p1a: Sneasler|0 fnt
|faint|p1a: Sneasler
|move|p2a: Aerodactyl|Taunt|p1b: Sinistcha
|-start|p1b: Sinistcha|move: Taunt
|move|p1b: Sinistcha|Matcha Gotcha|p2a: Aerodactyl|[spread] p2a,p2b
|-damage|p2a: Aerodactyl|63/100
|-damage|p2b: Raichu|60/100
|
|upkeep
|
|t:|1783600286
|switch|p1a: Incineroar|Incineroar, L50, M|70/100
|-ability|p1a: Incineroar|Intimidate|boost
|-unboost|p2a: Aerodactyl|atk|1
|-unboost|p2b: Raichu|atk|1
|turn|6
|
|t:|1783600305
|switch|p2b: Garchomp|Garchomp, L50, M, shiny|87/100
|move|p1a: Incineroar|Fake Out|p2b: Garchomp
|-damage|p2b: Garchomp|77/100
|-damage|p1a: Incineroar|57/100|[from] ability: Rough Skin|[of] p2b: Garchomp
|move|p2a: Aerodactyl|Rock Slide|p1b: Sinistcha|[spread] p1a,p1b
|-supereffective|p1a: Incineroar|1
|-damage|p1a: Incineroar|24/100
|-damage|p1b: Sinistcha|86/100
|move|p1b: Sinistcha|Matcha Gotcha|p2a: Aerodactyl|[spread] p2a,p2b
|-damage|p2a: Aerodactyl|31/100
|-heal|p1b: Sinistcha|100/100|[from] drain|[of] p2a: Aerodactyl
|-damage|p2b: Garchomp|51/100
|
|upkeep
|turn|7
|
|t:|1783600324
|move|p1a: Incineroar|Helping Hand|p1b: Sinistcha
|-singleturn|p1b: Sinistcha|Helping Hand|[of] p1a: Incineroar
|move|p2a: Aerodactyl|Rock Slide|p1a: Incineroar|[spread] p1b
|-miss|p2a: Aerodactyl|p1a: Incineroar
|-damage|p1b: Sinistcha|85/100
|move|p2b: Garchomp|Earthquake|p1a: Incineroar|[spread] p1a,p1b
|-immune|p2a: Aerodactyl
|-supereffective|p1a: Incineroar|1
|-resisted|p1b: Sinistcha|1
|-damage|p1a: Incineroar|0 fnt
|-damage|p1b: Sinistcha|66/100
|faint|p1a: Incineroar
|move|p1b: Sinistcha|Matcha Gotcha|p2b: Garchomp|[spread] p2a,p2b
|-damage|p2a: Aerodactyl|0 fnt
|-heal|p1b: Sinistcha|80/100|[from] drain|[of] p2a: Aerodactyl
|-damage|p2b: Garchomp|11/100
|-heal|p1b: Sinistcha|100/100|[from] drain|[of] p2b: Garchomp
|faint|p2a: Aerodactyl
|
|-end|p1b: Sinistcha|move: Taunt
|upkeep
|
|t:|1783600335
|switch|p2a: Rotom|Rotom-Wash, L50|56/100
|turn|8
|
|t:|1783600341
|move|p2b: Garchomp|Stomping Tantrum|p1b: Sinistcha
|-resisted|p1b: Sinistcha|1
|-damage|p1b: Sinistcha|79/100
|move|p2a: Rotom|Shadow Ball|p1b: Sinistcha
|-supereffective|p1b: Sinistcha|1
|-enditem|p1b: Sinistcha|Kasib Berry|[eat]
|-enditem|p1b: Sinistcha|Kasib Berry|[weaken]
|-damage|p1b: Sinistcha|61/100
|move|p1b: Sinistcha|Trick Room|p1b: Sinistcha
|-fieldstart|move: Trick Room|[of] p1b: Sinistcha
|
|upkeep
|turn|9
|
|t:|1783600353
|move|p1b: Sinistcha|Matcha Gotcha|p2a: Rotom|[spread] p2a,p2b
|-supereffective|p2a: Rotom|1
|-damage|p2a: Rotom|10/100
|-heal|p1b: Sinistcha|81/100|[from] drain|[of] p2a: Rotom
|-damage|p2b: Garchomp|0 fnt
|-heal|p1b: Sinistcha|88/100|[from] drain|[of] p2b: Garchomp
|-status|p2a: Rotom|brn
|faint|p2b: Garchomp
|move|p2a: Rotom|Shadow Ball|p1b: Sinistcha
|-supereffective|p1b: Sinistcha|1
|-damage|p1b: Sinistcha|52/100
|
|-damage|p2a: Rotom|4/100 brn|[from] brn
|upkeep
|
|t:|1783600359
|switch|p2b: Raichu|Raichu-Mega-Y, L50, M|60/100
|turn|10
|
|t:|1783600364
|move|p1b: Sinistcha|Matcha Gotcha|p2a: Rotom|[spread] p2a,p2b
|-supereffective|p2a: Rotom|1
|-damage|p2a: Rotom|0 fnt
|-heal|p1b: Sinistcha|54/100|[from] drain|[of] p2a: Rotom
|-damage|p2b: Raichu|20/100r
|-heal|p1b: Sinistcha|69/100|[from] drain|[of] p2b: Raichu
|faint|p2a: Rotom
|move|p2b: Raichu|Zap Cannon|p1b: Sinistcha
|-resisted|p1b: Sinistcha|1
|-damage|p1b: Sinistcha|38/100
|-status|p1b: Sinistcha|par
|
|upkeep
|turn|11
|
|t:|1783600375
|move|p1b: Sinistcha|Matcha Gotcha|p2b: Raichu
|-damage|p2b: Raichu|0 fnt
|-heal|p1b: Sinistcha|46/100 par|[from] drain|[of] p2b: Raichu
|faint|p2b: Raichu
|
|win|Pevere1l
||lukoog is ready for game 2.
