|j|☆mochamecha
|j|☆bananatreeenjoyer
|html|mochamechabananatreeenjoyer    
|uhtml|bestof|Game 2 of a best-of-3
|t:|1757912956
|gametype|doubles
|player|p1|mochamecha|169|1333
|player|p2|bananatreeenjoyer|silver|1241
|gen|9
|tier|[Gen 9] VGC 2025 Reg H (Bo3)
|rated|
|rule|Species Clause: Limit one of each Pokémon
|rule|Item Clause: Limit 1 of each item
|clearpoke
|poke|p1|Maushold, L50|
|poke|p1|Gholdengo, L50|
|poke|p1|Rillaboom, L50, F|
|poke|p1|Annihilape, L50, F|
|poke|p1|Dragonite, L50, M|
|poke|p1|Ursaluna-Bloodmoon, L50, M|
|poke|p2|Gyarados, L50, M|
|poke|p2|Indeedee, L50, M|
|poke|p2|Sneasler, L50, F|
|poke|p2|Tyranitar, L50, M|
|poke|p2|Ursaluna-Bloodmoon, L50, M|
|poke|p2|Volcarona, L50, F|
|teampreview|4
|showteam|p1|Maushold||FocusSash|FriendGuard|FollowMe,BeatUp,SuperFang,Protect||||||50|,,,,,Ghost]Gholdengo||LifeOrb|GoodasGold|MakeItRain,ShadowBall,NastyPlot,Protect||||||50|,,,,,Water]Rillaboom||MiracleSeed|GrassySurge|WoodHammer,FakeOut,GrassyGlide,Protect|||F|||50|,,,,,Fire]Annihilape||SafetyGoggles|Defiant|RageFist,DrainPunch,BulkUp,Protect|||F|||50|,,,,,Fire]Dragonite||LoadedDice|Multiscale|ScaleShot,Haze,Tailwind,Protect|||M|||50|,,,,,Fairy]Ursaluna-Bloodmoon||AssaultVest|MindsEye|BloodMoon,EarthPower,VacuumWave,HyperVoice|||M|||50|,,,,,Water
|showteam|p2|Gyarados||SafetyGoggles|Intimidate|Taunt,ThunderWave,Waterfall,Protect|||M|||50|,,,,,Steel]Indeedee||ChoiceScarf|PsychicSurge|ExpandingForce,TeraBlast,Trick,Protect|||M|||50|,,,,,Psychic]Sneasler||PsychicSeed|Unburden|CloseCombat,DireClaw,ThroatChop,Protect|||F|||50|,,,,,Dark]Tyranitar||AssaultVest|SandStream|LowKick,TeraBlast,KnockOff,RockSlide|||M|||50|,,,,,Flying]Ursaluna-Bloodmoon||LifeOrb|MindsEye|HyperVoice,BloodMoon,EarthPower,Protect|||M|||50|,,,,,Normal]Volcarona||SitrusBerry|FlameBody|Overheat,StruggleBug,RagePowder,Tailwind|||F|||50|,,,,,Fairy
|
|t:|1757912971
|teamsize|p1|4
|teamsize|p2|4
|start
|switch|p1a: Dragonite|Dragonite, L50, M|100/100
|switch|p1b: Ursaluna|Ursaluna-Bloodmoon, L50, M|100/100
|switch|p2a: Althair|Ursaluna-Bloodmoon, L50, M|100/100
|switch|p2b: Kalan|Volcarona, L50, F|100/100
|turn|1
|
|t:|1757913017
|-terastallize|p2a: Althair|Normal
|move|p2b: Kalan|Struggle Bug|p1a: Dragonite|[spread] p1a,p1b
|-resisted|p1a: Dragonite
|-damage|p1a: Dragonite|96/100
|-damage|p1b: Ursaluna|90/100
|-unboost|p1a: Dragonite|spa|1
|-unboost|p1b: Ursaluna|spa|1
|move|p1a: Dragonite|Tailwind|p1a: Dragonite
|-sidestart|p1: mochamecha|move: Tailwind
|move|p1b: Ursaluna|Blood Moon|p2b: Kalan
|-damage|p2b: Kalan|51/100
|move|p2a: Althair|Blood Moon|p1a: Dragonite
|-damage|p1a: Dragonite|0 fnt
|faint|p1a: Dragonite
|-damage|p2a: Althair|91/100|[from] item: Life Orb
|
|upkeep
|
|t:|1757913036
|switch|p1a: Gholdengo|Gholdengo, L50|100/100
|turn|2
|
|t:|1757913046
|-terastallize|p1a: Gholdengo|Water
|move|p1a: Gholdengo|Shadow Ball|p2b: Kalan
|-damage|p2b: Kalan|0 fnt
|faint|p2b: Kalan
|-damage|p1a: Gholdengo|91/100|[from] item: Life Orb
|move|p1b: Ursaluna|Hyper Voice|p2a: Althair
|-damage|p2a: Althair|50/100
|move|p2a: Althair|Earth Power|p1a: Gholdengo
|-damage|p1a: Gholdengo|19/100
|-damage|p2a: Althair|41/100|[from] item: Life Orb
|
|upkeep
|
|t:|1757913060
|switch|p2b: Herod|Sneasler, L50, F|100/100
|turn|3
|
|t:|1757913071
|move|p2b: Herod|Protect|p2b: Herod
|-singleturn|p2b: Herod|Protect
|move|p2a: Althair|Protect|p2a: Althair
|-singleturn|p2a: Althair|Protect
|move|p1a: Gholdengo|Make It Rain|p2a: Althair|[spread] 
|-activate|p2a: Althair|move: Protect
|-activate|p2b: Herod|move: Protect
|move|p1b: Ursaluna|Blood Moon|p2a: Althair
|-activate|p2a: Althair|move: Protect
|
|upkeep
|turn|4
|
|t:|1757913095
|switch|p2b: Layton|Indeedee, L50, M|100/100
|-fieldstart|move: Psychic Terrain|[from] ability: Psychic Surge|[of] p2b: Layton
|move|p1a: Gholdengo|Make It Rain|p2a: Althair|[spread] p2a,p2b
|-damage|p2a: Althair|0 fnt
|-damage|p2b: Layton|17/100
|-unboost|p1a: Gholdengo|spa|1
|faint|p2a: Althair
|-damage|p1a: Gholdengo|10/100|[from] item: Life Orb
|move|p1b: Ursaluna|Earth Power|p2b: Layton
|-damage|p2b: Layton|0 fnt
|faint|p2b: Layton
|
|-sideend|p1: mochamecha|move: Tailwind
|upkeep
|
|t:|1757913109
|switch|p2b: Herod|Sneasler, L50, F|100/100
|-enditem|p2b: Herod|Psychic Seed
|-boost|p2b: Herod|spd|1|[from] item: Psychic Seed
|turn|5
|
|t:|1757913119
|move|p2b: Herod|Close Combat|p1b: Ursaluna
|-supereffective|p1b: Ursaluna
|-damage|p1b: Ursaluna|0 fnt
|-unboost|p2b: Herod|def|1
|-unboost|p2b: Herod|spd|1
|faint|p1b: Ursaluna
|move|p1a: Gholdengo|Make It Rain|p2b: Herod
|-damage|p2b: Herod|31/100
|-unboost|p1a: Gholdengo|spa|1
|-damage|p1a: Gholdengo|0 fnt|[from] item: Life Orb
|faint|p1a: Gholdengo
|
|upkeep
|
|t:|1757913121
|switch|p1b: Rillaboom|Rillaboom, L50, F|100/100
|-fieldstart|move: Grassy Terrain|[from] ability: Grassy Surge|[of] p1b: Rillaboom
|turn|6
|
|t:|1757913133
|move|p2b: Herod|Protect|p2b: Herod
|-singleturn|p2b: Herod|Protect
|move|p1b: Rillaboom|Grassy Glide|p2b: Herod
|-activate|p2b: Herod|move: Protect
|
|-heal|p2b: Herod|36/100|[from] Grassy Terrain
|upkeep
|turn|7
|
|t:|1757913141
|move|p1b: Rillaboom|Grassy Glide|p2b: Herod
|-resisted|p2b: Herod
|-damage|p2b: Herod|0 fnt
|faint|p2b: Herod
|
|win|mochamecha
||bananatreeenjoyer is ready for game 3.
||mochamecha is ready for game 3.
|uhtml|next|Next: Game 3 of 3
|l|☆mochamecha
|player|p1|
|l|☆bananatreeenjoyer
|player|p2|
