|j|☆MarzipanTheFirst
|j|☆new mental
|html|MarzipanTheFirstnew mental    
|uhtml|bestof|Game 2 of a best-of-3
|t:|1784916770
|gametype|doubles
|player|p1|MarzipanTheFirst|wallace|1153
|player|p2|new mental|volkner|1334
|gen|9
|tier|[Gen 9 Champions] VGC 2026 Reg M-B (Bo3)
|rated|
|rule|Species Clause: Limit one of each Pokémon
|rule|Item Clause: Limit 1 of each item
|clearpoke
|poke|p1|Dragalge, L50, F|
|poke|p1|Mamoswine, L50, F|
|poke|p1|Aerodactyl, L50, M|
|poke|p1|Lopunny, L50, F|
|poke|p1|Kingambit, L50, F|
|poke|p1|Sinistcha-Masterpiece, L50|
|poke|p2|Charizard, L50, M|
|poke|p2|Garchomp, L50, F|
|poke|p2|Incineroar, L50, M|
|poke|p2|Venusaur, L50, F|
|poke|p2|Toxapex, L50, F|
|poke|p2|Sylveon, L50, F|
|teampreview|4
|showteam|p1|Dragalge||Dragalgite|PoisonPoint|DracoMeteor,FlipTurn,SludgeBomb,Protect|Modest||F|||50|]Mamoswine||LifeOrb|Oblivious|IceShard,HighHorsepower,IcicleCrash,Protect|Jolly||F|||50|]Aerodactyl||FocusSash|Unnerve|RockSlide,WideGuard,Tailwind,Protect|Jolly||M|||50|]Lopunny||Lopunnite|CuteCharm|CloseCombat,TripleAxel,Pounce,FakeOut|Jolly||F|||50|]Kingambit||BlackGlasses|Defiant|KowtowCleave,SuckerPunch,IronHead,Protect|Adamant||F|||50|]Sinistcha-Masterpiece||ColburBerry|Hospitality|MatchaGotcha,RagePowder,TrickRoom,Protect|Bold|||||50|
|showteam|p2|Charizard||CharizarditeY|SolarPower|WeatherBall,HeatWave,AncientPower,Protect|Modest||M|||50|]Garchomp||ChoiceScarf|RoughSkin|RockSlide,DragonClaw,Earthquake,StompingTantrum|Adamant||F|||50|]Incineroar||SitrusBerry|Intimidate|FlareBlitz,FakeOut,DarkestLariat,PartingShot|Impish||M|||50|]Venusaur||LifeOrb|Chlorophyll|SludgeBomb,LeafStorm,EarthPower,Protect|Modest||F|||50|]Toxapex||Leftovers|Regenerator|Infestation,Toxic,WideGuard,BanefulBunker|Bold||F|||50|]Sylveon||FairyFeather|Pixilate|HyperVoice,QuickAttack,Yawn,Detect|Modest||F|||50|
|
|t:|1784916820
|teamsize|p1|4
|teamsize|p2|4
|start
|switch|p1a: Aerodactyl|Aerodactyl, L50, M|100/100
|switch|p1b: Lopunny|Lopunny, L50, F|100/100
|switch|p2a: Charizard|Charizard, L50, M|100/100
|switch|p2b: Toxapex|Toxapex, L50, F|100/100
|-ability|p1a: Aerodactyl|Unnerve
|turn|1
|inactive|Battle timer is ON: inactive players will automatically lose when time's up. (requested by new mental)
|
|t:|1784916855
|switch|p2a: Incineroar|Incineroar, L50, M|100/100
|-ability|p2a: Incineroar|Intimidate|boost
|-unboost|p1a: Aerodactyl|atk|1
|-unboost|p1b: Lopunny|atk|1
|detailschange|p1b: Lopunny|Lopunny-Mega, L50, F
|-mega|p1b: Lopunny|Lopunny|Lopunnite
|move|p1b: Lopunny|Fake Out|p2a: Incineroar
|-damage|p2a: Incineroar|88/100
|move|p1a: Aerodactyl|Tailwind|p1a: Aerodactyl
|-sidestart|p1: MarzipanTheFirst|move: Tailwind
|move|p2b: Toxapex|Toxic|p1b: Lopunny
|-status|p1b: Lopunny|tox
|
|-damage|p1b: Lopunny|94/100 tox|[from] psn
|upkeep
|turn|2
|
|t:|1784916863
|move|p2a: Incineroar|Fake Out|p1a: Aerodactyl
|-resisted|p1a: Aerodactyl|1
|-damage|p1a: Aerodactyl|91/100
|move|p1b: Lopunny|Close Combat|p2a: Incineroar
|-supereffective|p2a: Incineroar|1
|-damage|p2a: Incineroar|18/100
|-unboost|p1b: Lopunny|def|1
|-unboost|p1b: Lopunny|spd|1
|cant|p1a: Aerodactyl|flinch
|move|p2b: Toxapex|Infestation|p1a: Aerodactyl
|-resisted|p1a: Aerodactyl|1
|-damage|p1a: Aerodactyl|89/100
|-activate|p1a: Aerodactyl|move: Infestation|[of] p2b: Toxapex
|
|-damage|p1b: Lopunny|83/100 tox|[from] psn
|-damage|p1a: Aerodactyl|77/100|[from] move: Infestation|[partiallytrapped]
|upkeep
|turn|3
|
|t:|1784916888
|switch|p1b: Kingambit|Kingambit, L50, F|100/100
|switch|p2a: Garchomp|Garchomp, L50, F|100/100
|move|p1a: Aerodactyl|Rock Slide|p2a: Garchomp|[spread] p2a,p2b
|-resisted|p2a: Garchomp|1
|-crit|p2b: Toxapex
|-damage|p2a: Garchomp|92/100
|-damage|p2b: Toxapex|74/100
|cant|p2b: Toxapex|flinch
|
|-heal|p2b: Toxapex|80/100|[from] item: Leftovers
|-damage|p1a: Aerodactyl|64/100|[from] move: Infestation|[partiallytrapped]
|upkeep
|turn|4
|
|t:|1784916906
|switch|p1b: Mamoswine|Mamoswine, L50, F|100/100
|move|p1a: Aerodactyl|Rock Slide|p2a: Garchomp|[spread] p2a,p2b
|-resisted|p2a: Garchomp|1
|-damage|p2a: Garchomp|85/100
|-damage|p2b: Toxapex|70/100
|move|p2a: Garchomp|Stomping Tantrum|p1b: Mamoswine
|-damage|p1b: Mamoswine|51/100
|move|p2b: Toxapex|Toxic|p1a: Aerodactyl
|-status|p1a: Aerodactyl|tox
|
|-heal|p2b: Toxapex|75/100|[from] item: Leftovers
|-damage|p1a: Aerodactyl|59/100 tox|[from] psn
|-damage|p1a: Aerodactyl|47/100 tox|[from] move: Infestation|[partiallytrapped]
|-sideend|p1: MarzipanTheFirst|move: Tailwind
|upkeep
|turn|5
|
|t:|1784916916
|switch|p2a: Incineroar|Incineroar, L50, M|18/100
|-ability|p2a: Incineroar|Intimidate|boost
|-unboost|p1a: Aerodactyl|atk|1
|-fail|p1b: Mamoswine|unboost|Attack|[from] ability: Oblivious|[of] p1b: Mamoswine
|move|p1b: Mamoswine|Ice Shard|p2a: Incineroar
|-resisted|p2a: Incineroar|1
|-damage|p2a: Incineroar|9/100
|-damage|p1b: Mamoswine|41/100|[from] item: Life Orb
|move|p1a: Aerodactyl|Rock Slide|p2b: Toxapex|[spread] p2a,p2b
|-supereffective|p2a: Incineroar|1
|-damage|p2a: Incineroar|0 fnt
|-damage|p2b: Toxapex|67/100
|faint|p2a: Incineroar
|move|p2b: Toxapex|Toxic|p1b: Mamoswine
|-status|p1b: Mamoswine|tox
|
|-heal|p2b: Toxapex|73/100|[from] item: Leftovers
|-damage|p1a: Aerodactyl|35/100 tox|[from] psn
|-damage|p1b: Mamoswine|35/100 tox|[from] psn
|-damage|p1a: Aerodactyl|23/100 tox|[from] move: Infestation|[partiallytrapped]
|upkeep
|
|t:|1784916923
|switch|p2a: Charizard|Charizard, L50, M|100/100
|turn|6
|
|t:|1784916939
|switch|p1b: Lopunny|Lopunny-Mega, L50, F|83/100 tox
|detailschange|p2a: Charizard|Charizard-Mega-Y, L50, M
|-mega|p2a: Charizard|Charizard|Charizardite Y
|-weather|SunnyDay|[from] ability: Drought|[of] p2a: Charizard
|move|p1a: Aerodactyl|Protect|p1a: Aerodactyl
|-singleturn|p1a: Aerodactyl|Protect
|move|p2b: Toxapex|Wide Guard|p2b: Toxapex
|-singleturn|p2b: Toxapex|Wide Guard
|move|p2a: Charizard|Weather Ball|p1b: Lopunny
|-damage|p1b: Lopunny|0 fnt
|faint|p1b: Lopunny
|
|-weather|SunnyDay|[upkeep]
|-heal|p2b: Toxapex|78/100|[from] item: Leftovers
|-damage|p1a: Aerodactyl|6/100 tox|[from] psn
|-end|p1a: Aerodactyl|Infestation|[partiallytrapped]
|upkeep
|
|t:|1784916946
|switch|p1b: Kingambit|Kingambit, L50, F|100/100
|turn|7
|
|t:|1784916957
|move|p2b: Toxapex|Wide Guard|p2b: Toxapex
|-singleturn|p2b: Toxapex|Wide Guard
|move|p1a: Aerodactyl|Rock Slide|p2a: Charizard|[spread] 
|-activate|p2a: Charizard|move: Wide Guard
|-activate|p2b: Toxapex|move: Wide Guard
|move|p2a: Charizard|Heat Wave|p1a: Aerodactyl|[spread] p1a
|-miss|p2a: Charizard|p1b: Kingambit
|-resisted|p1a: Aerodactyl|1
|-damage|p1a: Aerodactyl|0 fnt
|faint|p1a: Aerodactyl
|move|p1b: Kingambit|Kowtow Cleave|p2b: Toxapex
|-damage|p2b: Toxapex|38/100
|
|-weather|SunnyDay|[upkeep]
|-heal|p2b: Toxapex|43/100|[from] item: Leftovers
|upkeep
|
|t:|1784916964
|switch|p1a: Mamoswine|Mamoswine, L50, F|35/100 tox
|turn|8
|
|t:|1784916972
|move|p1a: Mamoswine|Ice Shard|p2a: Charizard
|-damage|p2a: Charizard|74/100
|-damage|p1a: Mamoswine|26/100 tox|[from] item: Life Orb
|move|p2a: Charizard|Heat Wave|p1a: Mamoswine|[spread] p1a,p1b
|-supereffective|p1a: Mamoswine|1
|-supereffective|p1b: Kingambit|1
|-damage|p1a: Mamoswine|0 fnt
|-damage|p1b: Kingambit|0 fnt
|faint|p1a: Mamoswine
|faint|p1b: Kingambit
|
|win|new mental
|raw|MarzipanTheFirst's rating: 1153 → 1140(-13 for losing)
|raw|new mental's rating: 1334 → 1344(+10 for winning)
