|j|☆itangood5
|j|☆iannaVi
|html|itangood5iannaVi    
|uhtml|bestof|Game 1 of a best-of-3
|t:|1783324388
|gametype|doubles
|player|p1|itangood5|nate|1111
|player|p2|iannaVi|cheren-gen5bw2|1172
|gen|9
|tier|[Gen 9 Champions] VGC 2026 Reg M-B (Bo3)
|rated|
|rule|Species Clause: Limit one of each Pokémon
|rule|Item Clause: Limit 1 of each item
|clearpoke
|poke|p1|Charizard, L50, F, shiny|
|poke|p1|Venusaur, L50, M|
|poke|p1|Floette-Eternal, L50, F|
|poke|p1|Farigiraf, L50, M|
|poke|p1|Incineroar, L50, M, shiny|
|poke|p1|Azumarill, L50, M|
|poke|p2|Scovillain, L50, F|
|poke|p2|Kingambit, L50, M|
|poke|p2|Lycanroc-Dusk, L50, F|
|poke|p2|Basculegion, L50, M|
|poke|p2|Metagross, L50|
|poke|p2|Sylveon, L50, M|
|teampreview|4
|showteam|p1|Charizard||CharizarditeY|SolarPower|HeatWave,Protect,WeatherBall,SolarBeam|Modest||F|||50|]Venusaur||FocusSash|Chlorophyll|LeafStorm,EarthPower,SludgeBomb,SleepPowder|Timid||M|||50|]Floette-Eternal||Floettite|FlowerVeil|Moonblast,CalmMind,DrainingKiss,Protect|Modest||F|||50|]Farigiraf||SitrusBerry|ArmorTail|PsychicNoise,Roar,HelpingHand,TrickRoom|Bold||M|||50|]Incineroar||WhiteHerb|Intimidate|CloseCombat,FlareBlitz,PartingShot,FakeOut|Brave||M|||50|]Azumarill||LifeOrb|HugePower|Liquidation,PlayRough,Protect,AquaJet|Brave||M|||50|
|showteam|p2|Scovillain||Scovillainite|Moody|GigaDrain,Overheat,RagePowder,Protect|Bold||F|||50|]Kingambit||BlackGlasses|Defiant|KowtowCleave,SuckerPunch,SwordsDance,Protect|Adamant||M|||50|]Lycanroc-Dusk||FocusSash|ToughClaws|CloseCombat,Accelerock,RockSlide,Protect|Jolly||F|||50|]Basculegion||SitrusBerry|Adaptability|WaveCrash,LastRespects,AquaJet,Protect|Adamant||M|||50|]Metagross||Metagrossite|ClearBody|IronHead,PsychicFangs,IcePunch,Protect|Adamant|||||50|]Sylveon||FairyFeather|Pixilate|HyperVoice,HyperBeam,QuickAttack,Detect|Modest||M|||50|
|inactive|Battle timer is ON: inactive players will automatically lose when time's up. (requested by itangood5)
|inactive|iannaVi has 60 seconds left.
|
|t:|1783324442
|teamsize|p1|4
|teamsize|p2|4
|start
|switch|p1a: Ace|Charizard, L50, F, shiny|100/100
|switch|p1b: S command|Venusaur, L50, M|100/100
|switch|p2a: Kingambit|Kingambit, L50, M|100/100
|switch|p2b: Lycanroc|Lycanroc-Dusk, L50, F|100/100
|turn|1
|inactive|iannaVi has 30 seconds left.
|
|t:|1783324468
|switch|p1b: Right HM|Farigiraf, L50, M|100/100
|detailschange|p1a: Ace|Charizard-Mega-Y, L50, F, shiny
|-mega|p1a: Ace|Charizard|Charizardite Y
|-weather|SunnyDay|[from] ability: Drought|[of] p1a: Ace
|move|p2b: Lycanroc|Accelerock||[still]
|cant|p1b: Right HM|ability: Armor Tail|Accelerock|[of] p2b: Lycanroc
|move|p2a: Kingambit|Sucker Punch||[still]
|cant|p1b: Right HM|ability: Armor Tail|Sucker Punch|[of] p2a: Kingambit
|move|p1a: Ace|Heat Wave|p2b: Lycanroc|[spread] p2a
|-miss|p1a: Ace|p2b: Lycanroc
|-supereffective|p2a: Kingambit|1
|-damage|p2a: Kingambit|0 fnt
|faint|p2a: Kingambit
|
|-weather|SunnyDay|[upkeep]
|upkeep
|
|t:|1783324483
|switch|p2a: Sylveon|Sylveon, L50, M|100/100
|turn|2
|
|t:|1783324493
|move|p2b: Lycanroc|Rock Slide|p1a: Ace|[spread] p1a,p1b
|-supereffective|p1a: Ace|2
|-damage|p1a: Ace|0 fnt
|-damage|p1b: Right HM|77/100
|faint|p1a: Ace
|move|p2a: Sylveon|Hyper Voice|p1b: Right HM
|-damage|p1b: Right HM|18/100
|-enditem|p1b: Right HM|Sitrus Berry|[eat]
|-heal|p1b: Right HM|43/100|[from] item: Sitrus Berry
|move|p1b: Right HM|Psychic Noise|p2b: Lycanroc
|-damage|p2b: Lycanroc|50/100g
|-start|p2b: Lycanroc|move: Heal Block
|
|-weather|SunnyDay|[upkeep]
|upkeep
|
|t:|1783324496
|switch|p1a: S command|Venusaur, L50, M|100/100
|turn|3
|
|t:|1783324517
|switch|p2a: Metagross|Metagross, L50|100/100
|move|p1a: S command|Leaf Storm|p2b: Lycanroc
|-supereffective|p2b: Lycanroc|1
|-damage|p2b: Lycanroc|0 fnt
|-unboost|p1a: S command|spa|2
|faint|p2b: Lycanroc
|move|p1b: Right HM|Trick Room|p1b: Right HM
|-fieldstart|move: Trick Room|[of] p1b: Right HM
|
|-weather|SunnyDay|[upkeep]
|upkeep
|
|t:|1783324527
|switch|p2b: Sylveon|Sylveon, L50, M|100/100
|turn|4
|
|t:|1783324548
|switch|p1a: Azzy|Azumarill, L50, M|100/100
|detailschange|p2a: Metagross|Metagross-Mega, L50
|-mega|p2a: Metagross|Metagross|Metagrossite
|move|p1b: Right HM|Psychic Noise|p2b: Sylveon
|-damage|p2b: Sylveon|77/100
|-start|p2b: Sylveon|move: Heal Block
|move|p2b: Sylveon|Hyper Voice|p1b: Right HM|[spread] p1a,p1b
|-damage|p1a: Azzy|54/100
|-damage|p1b: Right HM|0 fnt
|faint|p1b: Right HM
|move|p2a: Metagross|Psychic Fangs|p1a: Azzy
|-damage|p1a: Azzy|0 fnt
|faint|p1a: Azzy
|
|-weather|SunnyDay|[upkeep]
|upkeep
|
|t:|1783324551
|switch|p1b: S command|Venusaur, L50, M|100/100
|turn|5
|inactive|iannaVi has 30 seconds left.
|
|t:|1783324579
|move|p2b: Sylveon|Quick Attack|p1b: S command
|-resisted|p1b: S command|1
|-damage|p1b: S command|91/100
|move|p2a: Metagross|Psychic Fangs|p1b: S command
|-supereffective|p1b: S command|1
|-damage|p1b: S command|0 fnt
|faint|p1b: S command
|
|win|iannaVi
||itangood5 is ready for game 2.
|inactive|iannaVi has 30 seconds to confirm battle start!
|inactive|iannaVi has 20 seconds to confirm battle start!
||iannaVi is ready for game 2.
|uhtml|next|Next: Game 2 of 3
|l|☆itangood5
|player|p1|
