|j|☆Low Tier Goodra
|j|☆SlaymonSays
|html|Low Tier GoodraSlaymonSays    
|uhtml|bestof|Game 2 of a best-of-3
|t:|1757822460
|gametype|doubles
|player|p1|Low Tier Goodra|jasmine|1407
|player|p2|SlaymonSays|102|1353
|gen|9
|tier|[Gen 9] VGC 2025 Reg H (Bo3)
|rated|
|rule|Species Clause: Limit one of each Pokémon
|rule|Item Clause: Limit 1 of each item
|clearpoke
|poke|p1|Armarouge, L50, M|
|poke|p1|Torkoal, L50, M|
|poke|p1|Sinistcha-Masterpiece, L50|
|poke|p1|Rillaboom, L50, M|
|poke|p1|Ursaluna, L50, M|
|poke|p1|Incineroar, L50, M|
|poke|p2|Ursaluna-Bloodmoon, L50, M|
|poke|p2|Dragonite, L50, M|
|poke|p2|Gholdengo, L50|
|poke|p2|Rillaboom, L50, F|
|poke|p2|Incineroar, L50, M|
|poke|p2|Ninetales-Alola, L50, M|
|teampreview|4
|showteam|p1|Armarouge||MentalHerb|FlashFire|ArmorCannon,ExpandingForce,TrickRoom,Protect|||M|||50|,,,,,Grass]Torkoal||Leftovers|Drought|Eruption,WeatherBall,EarthPower,Protect|||M|||50|,,,,,Fire]Sinistcha-Masterpiece||GrassySeed|Heatproof|MatchaGotcha,ShadowBall,CalmMind,TrickRoom||||||50|,,,,,Fairy]Rillaboom||CovertCloak|GrassySurge|WoodHammer,Uturn,Taunt,FakeOut|||M|||50|,,,,,Water]Ursaluna||FlameOrb|Guts|HeadlongRush,Facade,Substitute,Protect|||M|||50|,,,,,Ghost]Incineroar||SafetyGoggles|Intimidate|FlareBlitz,KnockOff,Taunt,FakeOut|||M|||50|,,,,,Ghost
|showteam|p2|Ursaluna-Bloodmoon||ChoiceSpecs|MindsEye|BloodMoon,HyperVoice,EarthPower,VacuumWave|||M|||50|,,,,,Normal]Dragonite||LoadedDice|InnerFocus|ScaleShot,Haze,Tailwind,Protect|||M|||50|,,,,,Fairy]Gholdengo||Leftovers|GoodasGold|MakeItRain,ShadowBall,NastyPlot,Protect||||||50|,,,,,Water]Rillaboom||AssaultVest|GrassySurge|FakeOut,GrassyGlide,WoodHammer,HighHorsepower|||F|||50|,,,,,Fire]Incineroar||SafetyGoggles|Intimidate|FakeOut,FlareBlitz,KnockOff,PartingShot|||M|||50|,,,,,Ghost]Ninetales-Alola||CovertCloak|SnowWarning|Blizzard,Disable,Encore,AuroraVeil|||M|||50|,,,,,Fire
|
|t:|1757822491
|teamsize|p1|4
|teamsize|p2|4
|start
|switch|p1a: Armarouge|Armarouge, L50, M|100/100
|switch|p1b: Rillaboom|Rillaboom, L50, M|100/100
|switch|p2a: Gholdengo|Gholdengo, L50|100/100
|switch|p2b: Incineroar|Incineroar, L50, M|100/100
|-fieldstart|move: Grassy Terrain|[from] ability: Grassy Surge|[of] p1b: Rillaboom
|-ability|p2b: Incineroar|Intimidate|boost
|-unboost|p1a: Armarouge|atk|1
|-unboost|p1b: Rillaboom|atk|1
|turn|1
|
|t:|1757822505
|switch|p2a: Rillaboom|Rillaboom, L50, F|100/100
|-terastallize|p1a: Armarouge|Grass
|move|p1b: Rillaboom|Fake Out|p2b: Incineroar
|-damage|p2b: Incineroar|91/100
|cant|p2b: Incineroar|flinch
|move|p1a: Armarouge|Trick Room|p1a: Armarouge
|-fieldstart|move: Trick Room|[of] p1a: Armarouge
|
|-heal|p2b: Incineroar|97/100|[from] Grassy Terrain
|upkeep
|turn|2
|
|t:|1757822527
|switch|p2a: Dragonite|Dragonite, L50, M|100/100
|move|p1a: Armarouge|Protect|p1a: Armarouge
|-singleturn|p1a: Armarouge|Protect
|move|p2b: Incineroar|Parting Shot|p1b: Rillaboom
|-unboost|p1b: Rillaboom|atk|1
|-unboost|p1b: Rillaboom|spa|1
|
|t:|1757822534
|switch|p2b: Rillaboom|Rillaboom, L50, F|100/100|[from] Parting Shot
|move|p1b: Rillaboom|U-turn|p2a: Dragonite
|-resisted|p2a: Dragonite
|-damage|p2a: Dragonite|93/100
|
|t:|1757822551
|switch|p1b: Ursaluna|Ursaluna, L50, M|100/100|[from] U-turn
|
|-status|p1b: Ursaluna|brn|[from] item: Flame Orb
|upkeep
|turn|3
|
|t:|1757822579
|switch|p2b: Gholdengo|Gholdengo, L50|100/100
|move|p2a: Dragonite|Protect|p2a: Dragonite
|-singleturn|p2a: Dragonite|Protect
|move|p1b: Ursaluna|Facade|p2a: Dragonite
|-activate|p2a: Dragonite|move: Protect
|move|p1a: Armarouge|Expanding Force|p2a: Dragonite
|-activate|p2a: Dragonite|move: Protect
|
|-damage|p1b: Ursaluna|95/100 brn|[from] brn
|upkeep
|turn|4
|
|t:|1757822605
|move|p2b: Gholdengo|Protect|p2b: Gholdengo
|-singleturn|p2b: Gholdengo|Protect
|move|p1b: Ursaluna|Facade|p2a: Dragonite
|-damage|p2a: Dragonite|0 fnt
|faint|p2a: Dragonite
|move|p1a: Armarouge|Armor Cannon|p2b: Gholdengo
|-activate|p2b: Gholdengo|move: Protect
|
|-heal|p1b: Ursaluna|100/100 brn|[from] Grassy Terrain
|-damage|p1b: Ursaluna|95/100 brn|[from] brn
|upkeep
|
|t:|1757822613
|switch|p2a: Incineroar|Incineroar, L50, M|97/100
|-ability|p2a: Incineroar|Intimidate|boost
|-unboost|p1a: Armarouge|atk|1
|-unboost|p1b: Ursaluna|atk|1
|turn|5
|
|t:|1757822639
|switch|p1b: Rillaboom|Rillaboom, L50, M|100/100
|-terastallize|p2b: Gholdengo|Water
|move|p2a: Incineroar|Fake Out|p1b: Rillaboom
|-damage|p1b: Rillaboom|89/100
|move|p1a: Armarouge|Expanding Force|p2b: Gholdengo
|-damage|p2b: Gholdengo|71/100
|move|p2b: Gholdengo|Nasty Plot|p2b: Gholdengo
|-boost|p2b: Gholdengo|spa|2
|
|-heal|p2a: Incineroar|100/100|[from] Grassy Terrain
|-heal|p2b: Gholdengo|77/100|[from] Grassy Terrain
|-heal|p2b: Gholdengo|83/100|[from] item: Leftovers
|-heal|p1b: Rillaboom|95/100|[from] Grassy Terrain
|-fieldend|move: Trick Room
|-fieldend|move: Grassy Terrain
|upkeep
|turn|6
|
|t:|1757822659
|move|p1b: Rillaboom|Fake Out|p2b: Gholdengo
|-crit|p2b: Gholdengo
|-damage|p2b: Gholdengo|61/100
|cant|p2b: Gholdengo|flinch
|move|p2a: Incineroar|Knock Off|p1a: Armarouge
|-damage|p1a: Armarouge|62/100
|-enditem|p1a: Armarouge|Mental Herb|[from] move: Knock Off|[of] p2a: Incineroar
|move|p1a: Armarouge|Trick Room|p1a: Armarouge
|-fieldstart|move: Trick Room|[of] p1a: Armarouge
|
|-heal|p2b: Gholdengo|67/100|[from] item: Leftovers
|upkeep
|turn|7
|
|t:|1757822689
|switch|p1a: Ursaluna|Ursaluna, L50, M|95/100 brn
|move|p2a: Incineroar|Flare Blitz|p1b: Rillaboom
|-supereffective|p1b: Rillaboom
|-damage|p1b: Rillaboom|0 fnt
|faint|p1b: Rillaboom
|-damage|p2a: Incineroar|72/100|[from] Recoil
|move|p2b: Gholdengo|Shadow Ball|p1a: Ursaluna
|-immune|p1a: Ursaluna
|
|-heal|p2b: Gholdengo|73/100|[from] item: Leftovers
|-damage|p1a: Ursaluna|89/100 brn|[from] brn
|upkeep
|
|t:|1757822703
|switch|p1b: Sinistcha|Sinistcha-Masterpiece, L50|100/100
|turn|8
|
|t:|1757822720
|move|p2b: Gholdengo|Protect|p2b: Gholdengo
|-singleturn|p2b: Gholdengo|Protect
|move|p1a: Ursaluna|Facade|p2a: Incineroar
|-damage|p2a: Incineroar|0 fnt
|faint|p2a: Incineroar
|move|p1b: Sinistcha|Matcha Gotcha|p2b: Gholdengo
|-activate|p2b: Gholdengo|move: Protect
|
|-heal|p2b: Gholdengo|79/100|[from] item: Leftovers
|-damage|p1a: Ursaluna|83/100 brn|[from] brn
|upkeep
|
|t:|1757822727
|switch|p2a: Rillaboom|Rillaboom, L50, F|100/100
|-fieldstart|move: Grassy Terrain|[from] ability: Grassy Surge|[of] p2a: Rillaboom
|-enditem|p1b: Sinistcha|Grassy Seed
|-boost|p1b: Sinistcha|def|1|[from] item: Grassy Seed
|turn|9
|
|t:|1757822740
|move|p2a: Rillaboom|Fake Out|p1a: Ursaluna
|-damage|p1a: Ursaluna|72/100 brn
|cant|p1a: Ursaluna|flinch
|move|p1b: Sinistcha|Matcha Gotcha|p2a: Rillaboom|[spread] p2a,p2b
|-resisted|p2a: Rillaboom
|-supereffective|p2b: Gholdengo
|-damage|p2a: Rillaboom|84/100
|-damage|p2b: Gholdengo|0 fnt
|faint|p2b: Gholdengo
|
|-heal|p1a: Ursaluna|78/100 brn|[from] Grassy Terrain
|-heal|p2a: Rillaboom|90/100|[from] Grassy Terrain
|-damage|p1a: Ursaluna|72/100 brn|[from] brn
|upkeep
|turn|10
|-message|SlaymonSays forfeited.
|
|win|Low Tier Goodra
|raw|Low Tier Goodra's rating: 1407 → 1424(+17 for winning)
|raw|SlaymonSays's rating: 1353 → 1336(-17 for losing)
|l|☆SlaymonSays
|player|p2|
