|j|☆gundot
|j|☆Oblivionruler
|html|gundotOblivionruler    
|uhtml|bestof|Game 1 of a best-of-3
|t:|1783587289
|gametype|doubles
|player|p1|gundot|ethan-gen2|1231
|player|p2|Oblivionruler|2|1167
|gen|9
|tier|[Gen 9 Champions] VGC 2026 Reg M-B (Bo3)
|rated|
|rule|Species Clause: Limit one of each Pokémon
|rule|Item Clause: Limit 1 of each item
|clearpoke
|poke|p1|Charizard, L50, F|
|poke|p1|Aerodactyl, L50, M|
|poke|p1|Farigiraf, L50, F|
|poke|p1|Incineroar, L50, F|
|poke|p1|Garchomp, L50, M|
|poke|p1|Sylveon, L50, F|
|poke|p2|Raichu, L50, M|
|poke|p2|Sylveon, L50, F|
|poke|p2|Basculegion, L50, M|
|poke|p2|Vivillon, L50, M|
|poke|p2|Kingambit, L50, F|
|poke|p2|Sneasler, L50, M|
|teampreview|4
|showteam|p1|Charizard||CharizarditeY|Blaze|HeatWave,SolarBeam,BlastBurn,Protect|Modest||F|||50|]Aerodactyl||FocusSash|Unnerve|RockSlide,DualWingbeat,WideGuard,Tailwind|Jolly||M|||50|]Farigiraf||SitrusBerry|ArmorTail|Psychic,Thunderbolt,TrickRoom,Roar|Sassy||F|||50|]Incineroar||Charcoal|Intimidate|FlareBlitz,DarkestLariat,FakeOut,PartingShot|Brave||F|||50|]Garchomp||Garchompite|RoughSkin|DragonClaw,Earthquake,StompingTantrum,Protect|Adamant||M|||50|]Sylveon||FairyFeather|Pixilate|HyperVoice,HyperBeam,QuickAttack,Detect|Modest||F|||50|
|showteam|p2|Raichu||RaichuniteY|LightningRod|FakeOut,ZapCannon,FocusBlast,Protect|Modest||M|||50|]Sylveon||FairyFeather|Pixilate|HyperVoice,Roar,QuickAttack,Protect|Modest||F|||50|]Basculegion||MysticWater|Adaptability|WaveCrash,LastRespects,AquaJet,Protect|Adamant||M|||50|]Vivillon||FocusSash|CompoundEyes|Tailwind,SleepPowder,Hurricane,Protect|Modest||M|||50|]Kingambit||BlackGlasses|Defiant|LowKick,KowtowCleave,SuckerPunch,Protect|Brave||F|||50|]Sneasler||ShucaBerry|PoisonTouch|CloseCombat,DireClaw,FakeOut,Protect|Adamant||M|||50|
|inactive|Battle timer is ON: inactive players will automatically lose when time's up. (requested by gundot)
|inactive|gundot has 60 seconds left.
|inactive|Oblivionruler has 60 seconds left.
|
|t:|1783587329
|teamsize|p1|4
|teamsize|p2|4
|start
|switch|p1a: Aerodactyl|Aerodactyl, L50, M|100/100
|switch|p1b: Garchomp|Garchomp, L50, M|100/100
|switch|p2a: Basculegion|Basculegion, L50, M|100/100
|switch|p2b: Raichu|Raichu, L50, M|100/100
|-ability|p1a: Aerodactyl|Unnerve
|turn|1
|
|t:|1783587353
|switch|p1b: Farigiraf|Farigiraf, L50, F|100/100
|detailschange|p2b: Raichu|Raichu-Mega-Y, L50, M
|-mega|p2b: Raichu|Raichu|Raichunite Y
|move|p2b: Raichu|Fake Out||[still]
|cant|p1b: Farigiraf|ability: Armor Tail|Fake Out|[of] p2b: Raichu
|move|p1a: Aerodactyl|Tailwind|p1a: Aerodactyl
|-sidestart|p1: gundot|move: Tailwind
|move|p2a: Basculegion|Wave Crash|p1a: Aerodactyl
|-supereffective|p1a: Aerodactyl|1
|-enditem|p1a: Aerodactyl|Focus Sash
|-damage|p1a: Aerodactyl|1/100
|-damage|p2a: Basculegion|73/100|[from] Recoil
|
|upkeep
|turn|2
|inactive|gundot has 30 seconds left.
|inactive|gundot has 20 seconds left.
|
|t:|1783587391
|switch|p1a: Garchomp|Garchomp, L50, M|100/100
|switch|p2a: Kingambit|Kingambit, L50, F|100/100
|move|p2b: Raichu|Protect|p2b: Raichu
|-singleturn|p2b: Raichu|Protect
|move|p1b: Farigiraf|Thunderbolt|p2a: Kingambit
|-damage|p2a: Kingambit|76/100
|
|upkeep
|turn|3
|
|t:|1783587412
|switch|p2b: Vivillon|Vivillon, L50, M|100/100
|detailschange|p1a: Garchomp|Garchomp-Mega, L50, M
|-mega|p1a: Garchomp|Garchomp|Garchompite
|move|p1a: Garchomp|Earthquake|p2a: Kingambit|[spread] p1b,p2a
|-immune|p2b: Vivillon
|-supereffective|p2a: Kingambit|1
|-damage|p1b: Farigiraf|52/100
|-damage|p2a: Kingambit|4/100
|move|p1b: Farigiraf|Thunderbolt|p2b: Vivillon
|-supereffective|p2b: Vivillon|1
|-damage|p2b: Vivillon|18/100
|move|p2a: Kingambit|Kowtow Cleave|p1b: Farigiraf
|-supereffective|p1b: Farigiraf|1
|-damage|p1b: Farigiraf|0 fnt
|faint|p1b: Farigiraf
|
|upkeep
|
|t:|1783587427
|switch|p1b: Aerodactyl|Aerodactyl, L50, M|1/100
|-ability|p1b: Aerodactyl|Unnerve
|turn|4
|inactive|gundot has 30 seconds left.
|inactive|gundot has 20 seconds left.
|
|t:|1783587464
|switch|p1b: Charizard|Charizard, L50, F|100/100
|move|p2b: Vivillon|Protect|p2b: Vivillon
|-singleturn|p2b: Vivillon|Protect
|move|p2a: Kingambit|Sucker Punch||[still]
|-fail|p2a: Kingambit
|move|p1a: Garchomp|Dragon Claw|p2a: Kingambit
|-resisted|p2a: Kingambit|1
|-damage|p2a: Kingambit|0 fnt
|faint|p2a: Kingambit
|
|-sideend|p1: gundot|move: Tailwind
|upkeep
|
|t:|1783587475
|switch|p2a: Raichu|Raichu-Mega-Y, L50, M|100/100
|turn|5
|
|t:|1783587489
|move|p2a: Raichu|Zap Cannon|p1b: Charizard
|-supereffective|p1b: Charizard|1
|-damage|p1b: Charizard|0 fnt
|faint|p1b: Charizard
|move|p2b: Vivillon|Sleep Powder|p1a: Garchomp
|-status|p1a: Garchomp|slp|[from] move: Sleep Powder
|cant|p1a: Garchomp|slp
|
|upkeep
|
|t:|1783587492
|switch|p1b: Aerodactyl|Aerodactyl, L50, M|1/100
|-ability|p1b: Aerodactyl|Unnerve
|turn|6
|
|t:|1783587510
|switch|p2b: Basculegion|Basculegion, L50, M|73/100
|move|p1b: Aerodactyl|Tailwind|p1b: Aerodactyl
|-sidestart|p1: gundot|move: Tailwind
|cant|p1a: Garchomp|slp
|move|p2a: Raichu|Focus Blast|p1a: Garchomp
|-damage|p1a: Garchomp|52/100 slp
|-unboost|p1a: Garchomp|spd|1
|
|upkeep
|turn|7
|
|t:|1783587533
|move|p2a: Raichu|Protect|p2a: Raichu
|-singleturn|p2a: Raichu|Protect
|move|p1b: Aerodactyl|Dual Wingbeat|p2b: Basculegion
|-damage|p2b: Basculegion|52/100
|-damage|p2b: Basculegion|30/100
|-hitcount|p2b: Basculegion|2
|-curestatus|p1a: Garchomp|slp|[msg]
|move|p1a: Garchomp|Earthquake|p2b: Basculegion|[spread] p2b
|-activate|p2a: Raichu|move: Protect
|-immune|p1b: Aerodactyl
|-damage|p2b: Basculegion|0 fnt
|faint|p2b: Basculegion
|
|upkeep
|
|t:|1783587546
|switch|p2b: Vivillon|Vivillon, L50, M|18/100
|turn|8
|
|t:|1783587559
|move|p2a: Raichu|Protect||[still]
|-fail|p2a: Raichu
|move|p2b: Vivillon|Protect|p2b: Vivillon
|-singleturn|p2b: Vivillon|Protect
|move|p1b: Aerodactyl|Rock Slide|p2b: Vivillon|[spread] p2a
|-activate|p2b: Vivillon|move: Protect
|-damage|p2a: Raichu|55/100
|move|p1a: Garchomp|Earthquake|p2a: Raichu|[spread] p2a
|-activate|p2b: Vivillon|move: Protect
|-immune|p1b: Aerodactyl
|-supereffective|p2a: Raichu|1
|-damage|p2a: Raichu|0 fnt
|faint|p2a: Raichu
|
|upkeep
|turn|9
|-message|Oblivionruler forfeited.
|
|win|gundot
|l|☆Oblivionruler
|player|p2|
