|j|☆jxnh
|j|☆dambro222
|html|jxnhdambro222    
|uhtml|bestof|Game 3 of a best-of-3
|t:|1756676145
|gametype|doubles
|player|p1|jxnh|170|1172
|player|p2|dambro222|ethan|1160
|gen|9
|tier|[Gen 9] VGC 2025 Reg H (Bo3)
|rated|
|rule|Species Clause: Limit one of each Pokémon
|rule|Item Clause: Limit 1 of each item
|clearpoke
|poke|p1|Corviknight, L50, M|
|poke|p1|Sneasler, L50, F|
|poke|p1|Garchomp, L50, M|
|poke|p1|Incineroar, L50, F|
|poke|p1|Araquanid, L50, F|
|poke|p1|Ursaluna-Bloodmoon, L50, M|
|poke|p2|Dragonite, L50, M|
|poke|p2|Volcarona, L50, F|
|poke|p2|Sneasler, L50, M|
|poke|p2|Rillaboom, L50, M|
|poke|p2|Electabuzz, L50, M|
|poke|p2|Kingambit, L50, M|
|teampreview|4
|showteam|p1|Corviknight||Leftovers|MirrorArmor|DualWingbeat,BodyPress,IronDefense,Protect|||M|||50|,,,,,Fire]Sneasler||FocusSash|Unburden|DireClaw,CloseCombat,Coaching,Protect|||F|||50|,,,,,Ghost]Garchomp||LoadedDice|RoughSkin|StompingTantrum,Earthquake,ScaleShot,Protect|||M|||50|,,,,,Fairy]Incineroar||SitrusBerry|Intimidate|FakeOut,KnockOff,PartingShot,FlareBlitz|||F|||50|,,,,,Ghost]Araquanid||RoomService|WaterBubble|Liquidation,LeechLife,WideGuard,Protect|||F|||50|,,,,,Grass]Ursaluna-Bloodmoon||AssaultVest|MindsEye|HyperVoice,EarthPower,BloodMoon,Snarl|||M|||50|,,,,,Grass
|showteam|p2|Dragonite||LoadedDice|Multiscale|ScaleShot,ExtremeSpeed,Haze,Protect|||M|||50|,,,,,Fairy]Volcarona||CovertCloak|FlameBody|HeatWave,TeraBlast,QuiverDance,Protect|||F|||50|,,,,,Fairy]Sneasler||FocusSash|Unburden|CloseCombat,DireClaw,RockSlide,Protect|||M|||50|,,,,,Stellar]Rillaboom||AssaultVest|GrassySurge|WoodHammer,GrassyGlide,HighHorsepower,FakeOut|||M|||50|,,,,,Water]Electabuzz||Eviolite|VitalSpirit|Electroweb,FollowMe,Taunt,Protect|||M|||50|,,,,,Ghost]Kingambit||BlackGlasses|Defiant|KowtowCleave,SuckerPunch,SwordsDance,Protect|||M|||50|,,,,,Dark
|inactive|Battle timer is ON: inactive players will automatically lose when time's up. (requested by dambro222)
|
|t:|1756676177
|teamsize|p1|4
|teamsize|p2|4
|start
|switch|p1a: Corviknight|Corviknight, L50, M|100/100
|switch|p1b: Sneasler|Sneasler, L50, F|100/100
|switch|p2a: Dragonite|Dragonite, L50, M|100/100
|switch|p2b: Electabuzz|Electabuzz, L50, M|100/100
|turn|1
|
|t:|1756676193
|move|p1b: Sneasler|Protect|p1b: Sneasler
|-singleturn|p1b: Sneasler|Protect
|move|p2b: Electabuzz|Taunt|p1a: Corviknight
|-start|p1a: Corviknight|move: Taunt
|move|p2a: Dragonite|Scale Shot|p1b: Sneasler
|-activate|p1b: Sneasler|move: Protect
|cant|p1a: Corviknight|move: Taunt|Iron Defense
|
|upkeep
|turn|2
|
|t:|1756676211
|move|p1b: Sneasler|Dire Claw|p2a: Dragonite
|-damage|p2a: Dragonite|76/100
|move|p2b: Electabuzz|Electroweb|p1b: Sneasler|[spread] p1a,p1b
|-supereffective|p1a: Corviknight
|-crit|p1a: Corviknight
|-damage|p1a: Corviknight|63/100
|-damage|p1b: Sneasler|83/100
|-ability|p1a: Corviknight|Mirror Armor
|-unboost|p2b: Electabuzz|spe|1
|-unboost|p1b: Sneasler|spe|1
|move|p2a: Dragonite|Scale Shot|p1b: Sneasler
|-damage|p1b: Sneasler|58/100
|-damage|p1b: Sneasler|34/100
|-damage|p1b: Sneasler|5/100
|-damage|p1b: Sneasler|0 fnt
|faint|p1b: Sneasler
|-hitcount|p1: Sneasler|4
|-unboost|p2a: Dragonite|def|1
|-boost|p2a: Dragonite|spe|1
|move|p1a: Corviknight|Dual Wingbeat|p2a: Dragonite
|-damage|p2a: Dragonite|47/100
|-damage|p2a: Dragonite|16/100
|-hitcount|p2a: Dragonite|2
|
|-heal|p1a: Corviknight|69/100|[from] item: Leftovers
|upkeep
|inactive|jxnh has 30 seconds left.
|
|t:|1756676237
|switch|p1b: Incineroar|Incineroar, L50, F|100/100
|-ability|p1b: Incineroar|Intimidate|boost
|-unboost|p2a: Dragonite|atk|1
|-unboost|p2b: Electabuzz|atk|1
|turn|3
|
|t:|1756676250
|switch|p1a: Garchomp|Garchomp, L50, M|100/100
|move|p2a: Dragonite|Protect|p2a: Dragonite
|-singleturn|p2a: Dragonite|Protect
|move|p2b: Electabuzz|Protect|p2b: Electabuzz
|-singleturn|p2b: Electabuzz|Protect
|move|p1b: Incineroar|Fake Out|p2a: Dragonite
|-activate|p2a: Dragonite|move: Protect
|
|upkeep
|turn|4
|
|t:|1756676273
|-terastallize|p1a: Garchomp|Fairy
|move|p2b: Electabuzz|Follow Me|p2b: Electabuzz
|-singleturn|p2b: Electabuzz|move: Follow Me
|move|p2a: Dragonite|Scale Shot|p1b: Incineroar
|-damage|p1b: Incineroar|90/100
|-damage|p1b: Incineroar|81/100
|-damage|p1b: Incineroar|71/100
|-damage|p1b: Incineroar|61/100
|-damage|p1b: Incineroar|50/100
|-enditem|p1b: Incineroar|Sitrus Berry|[eat]
|-heal|p1b: Incineroar|75/100|[from] item: Sitrus Berry
|-hitcount|p1b: Incineroar|5
|-unboost|p2a: Dragonite|def|1
|-boost|p2a: Dragonite|spe|1
|move|p1a: Garchomp|Scale Shot|p2b: Electabuzz
|-damage|p2b: Electabuzz|89/100
|-damage|p2b: Electabuzz|77/100
|-damage|p2b: Electabuzz|67/100
|-damage|p2b: Electabuzz|56/100
|-hitcount|p2b: Electabuzz|4
|-unboost|p1a: Garchomp|def|1
|-boost|p1a: Garchomp|spe|1
|move|p1b: Incineroar|Knock Off|p2b: Electabuzz
|-damage|p2b: Electabuzz|26/100
|-enditem|p2b: Electabuzz|Eviolite|[from] move: Knock Off|[of] p1b: Incineroar
|
|upkeep
|turn|5
|inactive|jxnh has 30 seconds left.
|inactive|dambro222 has 30 seconds left.
|
|t:|1756676305
|switch|p1b: Corviknight|Corviknight, L50, M|69/100
|move|p2a: Dragonite|Extreme Speed|p1a: Garchomp
|-damage|p1a: Garchomp|71/100
|-damage|p2a: Dragonite|4/100|[from] ability: Rough Skin|[of] p1a: Garchomp
|move|p1a: Garchomp|Scale Shot|p2a: Dragonite
|-supereffective|p2a: Dragonite
|-crit|p2a: Dragonite
|-damage|p2a: Dragonite|0 fnt
|faint|p2a: Dragonite
|-hitcount|p2: Dragonite|1
|-unboost|p1a: Garchomp|def|1
|-boost|p1a: Garchomp|spe|1
|move|p2b: Electabuzz|Electroweb|p1a: Garchomp|[spread] p1a,p1b
|-supereffective|p1b: Corviknight
|-damage|p1a: Garchomp|56/100
|-damage|p1b: Corviknight|46/100
|-unboost|p1a: Garchomp|spe|1
|-ability|p1b: Corviknight|Mirror Armor
|-unboost|p2b: Electabuzz|spe|1
|
|-heal|p1b: Corviknight|53/100|[from] item: Leftovers
|upkeep
|
|t:|1756676322
|switch|p2a: Volcarona|Volcarona, L50, F|100/100
|turn|6
|inactive|dambro222 has 30 seconds left.
|
|t:|1756676352
|-terastallize|p2a: Volcarona|Fairy
|move|p1a: Garchomp|Earthquake|p2a: Volcarona|[spread] p2a,p2b
|-immune|p1b: Corviknight
|-supereffective|p2b: Electabuzz
|-damage|p2a: Volcarona|52/100
|-damage|p2b: Electabuzz|0 fnt
|faint|p2b: Electabuzz
|move|p2a: Volcarona|Heat Wave|p1b: Corviknight|[spread] p1a,p1b
|-supereffective|p1b: Corviknight
|-damage|p1a: Garchomp|19/100
|-damage|p1b: Corviknight|0 fnt
|faint|p1b: Corviknight
|
|upkeep
|
|t:|1756676362
|switch|p2b: Sneasler|Sneasler, L50, M|100/100
|switch|p1b: Incineroar|Incineroar, L50, F|75/100
|-ability|p1b: Incineroar|Intimidate|boost
|-unboost|p2a: Volcarona|atk|1
|-unboost|p2b: Sneasler|atk|1
|turn|7
|
|t:|1756676387
|move|p2b: Sneasler|Protect|p2b: Sneasler
|-singleturn|p2b: Sneasler|Protect
|move|p2a: Volcarona|Protect|p2a: Volcarona
|-singleturn|p2a: Volcarona|Protect
|move|p1b: Incineroar|Fake Out|p2a: Volcarona
|-activate|p2a: Volcarona|move: Protect
|move|p1a: Garchomp|Scale Shot|p2b: Sneasler
|-activate|p2b: Sneasler|move: Protect
|
|upkeep
|turn|8
|
|t:|1756676409
|move|p1a: Garchomp|Scale Shot|p2b: Sneasler
|-damage|p2b: Sneasler|76/100
|-damage|p2b: Sneasler|51/100
|-damage|p2b: Sneasler|30/100
|-crit|p2b: Sneasler
|-damage|p2b: Sneasler|0 fnt
|faint|p2b: Sneasler
|-hitcount|p2: Sneasler|4
|-unboost|p1a: Garchomp|def|1
|-boost|p1a: Garchomp|spe|1
|move|p2a: Volcarona|Heat Wave|p1a: Garchomp|[spread] p1a,p1b
|-resisted|p1b: Incineroar
|-damage|p1a: Garchomp|0 fnt
|-damage|p1b: Incineroar|61/100
|faint|p1a: Garchomp
|move|p1b: Incineroar|Knock Off|p2a: Volcarona
|-resisted|p2a: Volcarona
|-damage|p2a: Volcarona|28/100
|-enditem|p2a: Volcarona|Covert Cloak|[from] move: Knock Off|[of] p1b: Incineroar
|
|upkeep
|turn|9
|
|t:|1756676428
|move|p2a: Volcarona|Tera Blast|p1b: Incineroar|[anim] Tera Blast Fairy
|-damage|p1b: Incineroar|31/100
|move|p1b: Incineroar|Flare Blitz|p2a: Volcarona
|-damage|p2a: Volcarona|0 fnt
|faint|p2a: Volcarona
|-damage|p1b: Incineroar|23/100|[from] Recoil
|
|win|jxnh
|raw|jxnh's rating: 1172 → 1196(+24 for winning)
|raw|dambro222's rating: 1160 → 1136(-24 for losing)
|c|☆jxnh|ggs
|c|☆dambro222|gg
