|j|鈽咲ust and fidget
|j|鈽咥N555GEL
|html|Dust and fidgetAN555GEL    
|uhtml|bestof|Game 3 of a best-of-3
|t:|1756394479
|gametype|doubles
|player|p1|Dust and fidget|akari|1048
|player|p2|AN555GEL|101|1158
|gen|9
|tier|[Gen 9] VGC 2025 Reg H (Bo3)
|rated|
|rule|Species Clause: Limit one of each Pok茅mon
|rule|Item Clause: Limit 1 of each item
|clearpoke
|poke|p1|Rillaboom, L50, M|
|poke|p1|Sneasler, L50, M|
|poke|p1|Basculegion, L50, M|
|poke|p1|Ninetales-Alola, L50, F|
|poke|p1|Magmar, L50, F|
|poke|p1|Archaludon, L50, F|
|poke|p2|Archaludon, L50, F|
|poke|p2|Basculegion, L50, M|
|poke|p2|Pelipper, L50, M|
|poke|p2|Incineroar, L50, F|
|poke|p2|Clefable, L50, F|
|poke|p2|Gholdengo, L50|
|teampreview|4
|showteam|p1|Rillaboom||AssaultVest|GrassySurge|WoodHammer,GrassyGlide,FakeOut,HighHorsepower|||M|||50|,,,,,Fire]Sneasler||FocusSash|Unburden|DireClaw,CloseCombat,ThroatChop,Protect|||M|||50|,,,,,Stellar]Basculegion||ChoiceScarf|Adaptability|WaveCrash,LastRespects,AquaJet,FlipTurn|||M|||50|,,,,,Grass]Ninetales-Alola||IciclePlate|SnowWarning|Blizzard,FreezeDry,IcyWind,Protect|||F|||50|,,,,,Ice]Magmar||Eviolite|VitalSpirit|Flamethrower,Taunt,FollowMe,Protect|||F|||50|,,,,,Fairy]Archaludon||PowerHerb|Sturdy|ElectroShot,DragonPulse,Thunderbolt,Protect|||F|||50|,,,,,Electric
|showteam|p2|Archaludon||AssaultVest|Stamina|ElectroShot,BodyPress,DragonPulse,Snarl|||F|||50|,,,,,Grass]Basculegion||ChoiceBand|SwiftSwim|AquaJet,WaveCrash,FlipTurn,LastRespects|||M|||50|,,,,,Water]Pelipper||FocusSash|Drizzle|WeatherBall,Hurricane,Tailwind,Protect|||M|||50|,,,,,Ghost]Incineroar||SitrusBerry|Intimidate|FakeOut,KnockOff,Taunt,PartingShot|||F|||50|,,,,,Ghost]Clefable||SafetyGoggles|Unaware|Moonblast,FollowMe,Protect,LifeDew|||F|||50|,,,,,Water]Gholdengo||LifeOrb|GoodasGold|MakeItRain,NastyPlot,ShadowBall,Protect||||||50|,,,,,Water
|inactive|Battle timer is ON: inactive players will automatically lose when time's up. (requested by Dust and fidget)
|c|鈽咲ust and fidget|I somehow forgot there was no more rain
|c|鈽咥N555GEL|those happen
|c|鈽咥N555GEL|showdown thing
|c|鈽咲ust and fidget|thats so true
|inactive|AN555GEL has 60 seconds left.
|
|t:|1756394539
|teamsize|p1|4
|teamsize|p2|4
|start
|switch|p1a: Gooseberry|Basculegion, L50, M, shiny|100/100
|switch|p1b: Archaludon|Archaludon, L50, F|100/100
|switch|p2a: Incineroar|Incineroar, L50, F, shiny|100/100
|switch|p2b: Archaludon|Archaludon, L50, F|100/100
|-ability|p2a: Incineroar|Intimidate|boost
|-unboost|p1a: Gooseberry|atk|1
|-unboost|p1b: Archaludon|atk|1
|turn|1
|inactive|Dust and fidget has 30 seconds left.
|inactive|AN555GEL has 30 seconds left.
|inactive|AN555GEL has 20 seconds left.
|
|t:|1756394574
|-terastallize|p2a: Incineroar|Ghost
|move|p1a: Gooseberry|Wave Crash|p2a: Incineroar
|-damage|p2a: Incineroar|59/100
|-damage|p1a: Gooseberry|87/100|[from] Recoil
|move|p1b: Archaludon|Electro Shot||[still]
|-prepare|p1b: Archaludon|Electro Shot
|-boost|p1b: Archaludon|spa|1
|-enditem|p1b: Archaludon|Power Herb
|-anim|p1b: Archaludon|Electro Shot|p2b: Archaludon
|-resisted|p2b: Archaludon
|-damage|p2b: Archaludon|75/100
|-ability|p2b: Archaludon|Stamina|boost
|-boost|p2b: Archaludon|def|1
|move|p2b: Archaludon|Snarl|p1b: Archaludon|[spread] p1a,p1b
|-supereffective|p1a: Gooseberry
|-crit|p1b: Archaludon
|-damage|p1a: Gooseberry|59/100
|-damage|p1b: Archaludon|72/100
|-unboost|p1a: Gooseberry|spa|1
|-unboost|p1b: Archaludon|spa|1
|move|p2a: Incineroar|Parting Shot|p1a: Gooseberry
|-unboost|p1a: Gooseberry|atk|1
|-unboost|p1a: Gooseberry|spa|1
|
|t:|1756394595
|switch|p2a: Pelipper|Pelipper, L50, M, shiny|100/100|[from] Parting Shot
|-weather|RainDance|[from] ability: Drizzle|[of] p2a: Pelipper
|
|-weather|RainDance|[upkeep]
|upkeep
|turn|2
|inactive|Dust and fidget has 30 seconds left.
|
|t:|1756394629
|switch|p2a: Incineroar|Incineroar, L50, F, shiny, tera:Ghost|59/100
|-ability|p2a: Incineroar|Intimidate|boost
|-unboost|p1a: Gooseberry|atk|1
|-unboost|p1b: Archaludon|atk|1
|move|p1a: Gooseberry|Wave Crash|p2a: Incineroar
|-damage|p2a: Incineroar|17/100
|-enditem|p2a: Incineroar|Sitrus Berry|[eat]
|-heal|p2a: Incineroar|42/100|[from] item: Sitrus Berry
|-damage|p1a: Gooseberry|45/100|[from] Recoil
|move|p1b: Archaludon|Electro Shot||[still]
|-prepare|p1b: Archaludon|Electro Shot
|-boost|p1b: Archaludon|spa|1
|-anim|p1b: Archaludon|Electro Shot|p2a: Incineroar
|-damage|p2a: Incineroar|0 fnt
|faint|p2a: Incineroar
|move|p2b: Archaludon|Body Press|p1b: Archaludon
|-supereffective|p1b: Archaludon
|-damage|p1b: Archaludon|5/100
|
|-weather|RainDance|[upkeep]
|upkeep
|
|t:|1756394646
|switch|p2a: Gholdengo|Gholdengo, L50|100/100
|turn|3
|
|t:|1756394663
|switch|p1a: Sneasler|Sneasler, L50, M, shiny|100/100
|move|p1b: Archaludon|Protect|p1b: Archaludon
|-singleturn|p1b: Archaludon|Protect
|move|p2a: Gholdengo|Protect|p2a: Gholdengo
|-singleturn|p2a: Gholdengo|Protect
|move|p2b: Archaludon|Snarl|p1b: Archaludon|[spread] p1a
|-activate|p1b: Archaludon|move: Protect
|-resisted|p1a: Sneasler
|-damage|p1a: Sneasler|92/100
|-unboost|p1a: Sneasler|spa|1
|
|-weather|RainDance|[upkeep]
|upkeep
|turn|4
|inactive|AN555GEL has 30 seconds left.
|inactive|AN555GEL has 20 seconds left.
|inactive|AN555GEL has 15 seconds left.
|
|t:|1756394704
|switch|p2b: Pelipper|Pelipper, L50, M, shiny|100/100
|move|p1a: Sneasler|Close Combat|p2b: Pelipper
|-resisted|p2b: Pelipper
|-damage|p2b: Pelipper|59/100
|-unboost|p1a: Sneasler|def|1
|-unboost|p1a: Sneasler|spd|1
|move|p1b: Archaludon|Electro Shot||[still]
|-prepare|p1b: Archaludon|Electro Shot
|-boost|p1b: Archaludon|spa|1
|-anim|p1b: Archaludon|Electro Shot|p2a: Gholdengo
|-damage|p2a: Gholdengo|7/100
|move|p2a: Gholdengo|Make It Rain|p1b: Archaludon|[spread] p1a,p1b
|-resisted|p1b: Archaludon
|-damage|p1a: Sneasler|0 fnt
|-damage|p1b: Archaludon|0 fnt
|-unboost|p2a: Gholdengo|spa|1
|faint|p1a: Sneasler
|faint|p1b: Archaludon
|-damage|p2a: Gholdengo|0 fnt|[from] item: Life Orb
|faint|p2a: Gholdengo
|
|-weather|RainDance|[upkeep]
|upkeep
|
|t:|1756394711
|switch|p1a: Ninetales|Ninetales-Alola, L50, F, shiny|100/100
|switch|p1b: Gooseberry|Basculegion, L50, M, shiny|45/100
|switch|p2a: Archaludon|Archaludon, L50, F|75/100
|-weather|Snowscape|[from] ability: Snow Warning|[of] p1a: Ninetales
|turn|5
|c|鈽咥N555GEL|I closed my eyes and prayed
|c|鈽咲ust and fidget|good too know
|c|鈽咲ust and fidget|+2 does not kill
|c|鈽咥N555GEL|somehow
|inactive|AN555GEL has 30 seconds left.
|c|鈽咥N555GEL|I miss flash cannon so much
|inactive|AN555GEL has 20 seconds left.
|c|鈽咲ust and fidget|snarl is really good tho tbf
|inactive|AN555GEL has 15 seconds left.
|
|t:|1756394754
|-terastallize|p1a: Ninetales|Ice
|move|p2b: Pelipper|Protect|p2b: Pelipper
|-singleturn|p2b: Pelipper|Protect
|move|p1b: Gooseberry|Last Respects|p2a: Archaludon
|-damage|p2a: Archaludon|2/100
|-ability|p2a: Archaludon|Stamina|boost
|-boost|p2a: Archaludon|def|1
|move|p1a: Ninetales|Blizzard|p2a: Archaludon|[spread] p2a
|-activate|p2b: Pelipper|move: Protect
|-damage|p2a: Archaludon|0 fnt
|faint|p2a: Archaludon
|
|-weather|Snowscape|[upkeep]
|upkeep
|turn|6
|
|t:|1756394763
|move|p1b: Gooseberry|Last Respects|p2b: Pelipper
|-damage|p2b: Pelipper|0 fnt
|faint|p2b: Pelipper
|
|win|Dust and fidget
|raw|Dust and fidget's rating: 1048 → 1091(+43 for winning)
|raw|AN555GEL's rating: 1158 → 1125(-33 for losing)
|c|鈽咥N555GEL|gg
|c|鈽咲ust and fidget|gg
|c|鈽咥N555GEL|-33 my sister in christ
|c|鈽咲ust and fidget|I'm sorryyyy
|c|鈽咲ust and fidget|showdown is messed up
|c|鈽咥N555GEL|I'm trapped in this elo foreveeeeer
|c|鈽咥N555GEL|I got around
|c|鈽咥N555GEL|80 matches played
|c|鈽咥N555GEL|but can't get outta here
|c|鈽咲ust and fidget|well
|c|鈽咲ust and fidget|showdown is idiotic anyway
|c|鈽咥N555GEL|every single game is ninetales sneasler
|c|鈽咥N555GEL|or something like that
|c|鈽咥N555GEL|hard to play w rain fighting this
|c|鈽咲ust and fidget|maybe time to step away from rain?
