|j|☆2lico
|j|☆ga sneasler
|html|2licoga sneasler    
|uhtml|bestof|Game 3 of a best-of-3
|t:|1757732479
|gametype|doubles
|player|p1|2lico|mrstone|1376
|player|p2|ga sneasler|1|1331
|gen|9
|tier|[Gen 9] VGC 2025 Reg H (Bo3)
|rated|
|rule|Species Clause: Limit one of each Pokémon
|rule|Item Clause: Limit 1 of each item
|clearpoke
|poke|p1|Gholdengo, L50|
|poke|p1|Dragonite, L50, F|
|poke|p1|Annihilape, L50, F|
|poke|p1|Ursaluna-Bloodmoon, L50, M|
|poke|p1|Rillaboom, L50, M|
|poke|p1|Incineroar, L50, M|
|poke|p2|Dragapult, L50, F|
|poke|p2|Kingambit, L50, M|
|poke|p2|Electabuzz, L50, F|
|poke|p2|Blaziken, L50, M|
|poke|p2|Primarina, L50, M|
|poke|p2|Rillaboom, L50, F|
|teampreview|4
|showteam|p1|Gholdengo||ChoiceScarf|GoodasGold|MakeItRain,ShadowBall,Trick,PowerGem||||||50|,,,,,Water]Dragonite||LoadedDice|Multiscale|ScaleShot,ExtremeSpeed,Tailwind,Protect|||F|||50|,,,,,Normal]Annihilape||SafetyGoggles|Defiant|CloseCombat,RageFist,FinalGambit,Taunt|||F|||50|,,,,,Water]Ursaluna-Bloodmoon||Leftovers|MindsEye|BloodMoon,EarthPower,CalmMind,Protect|||M|||50|,,,,,Poison]Rillaboom||AssaultVest|GrassySurge|DrumBeating,GrassyGlide,HighHorsepower,FakeOut|||M|||50|,,,,,Ghost]Incineroar||SitrusBerry|Intimidate|KnockOff,FlareBlitz,PartingShot,FakeOut|||M|||50|,,,,,Ghost
|showteam|p2|Dragapult||ChoiceBand|ClearBody|Outrage,DragonDarts,PhantomForce,Uturn|||F|||50|,,,,,Dragon]Kingambit||SafetyGoggles|Defiant|KowtowCleave,SuckerPunch,SwordsDance,Protect|||M|||50|,,,,,Dark]Electabuzz||Eviolite|VitalSpirit|Thunderbolt,HelpingHand,FollowMe,Protect|||F|||50|,,,,,Ghost]Blaziken||FocusSash|SpeedBoost|HeatWave,AuraSphere,Coaching,Detect|||M|||50|,,,,,Stellar]Primarina||SitrusBerry|LiquidVoice|Moonblast,HyperVoice,Haze,Protect|||M|||50|,,,,,Water]Rillaboom||AssaultVest|GrassySurge|WoodHammer,GrassyGlide,FakeOut,Uturn|||F|||50|,,,,,Fire
|inactive|Battle timer is ON: inactive players will automatically lose when time's up. (requested by ga sneasler)
|j| We_Are_Toasted
|
|t:|1757732503
|teamsize|p1|4
|teamsize|p2|4
|start
|switch|p1a: Gholdengo|Gholdengo, L50|100/100
|switch|p1b: Dragonite|Dragonite, L50, F|100/100
|switch|p2a: Blaziken|Blaziken, L50, M|100/100
|switch|p2b: Dragapult|Dragapult, L50, F|100/100
|turn|1
|inactive|ga sneasler has 30 seconds left.
|
|t:|1757732531
|-terastallize|p2b: Dragapult|Dragon
|move|p1b: Dragonite|Extreme Speed|p2b: Dragapult
|-damage|p2b: Dragapult|58/100
|move|p2b: Dragapult|Dragon Darts|p1b: Dragonite
|-supereffective|p1b: Dragonite
|-damage|p1b: Dragonite|44/100
|-anim|p2b: Dragapult|Dragon Darts|p1a: Gholdengo
|-resisted|p1a: Gholdengo
|-damage|p1a: Gholdengo|74/100
|move|p1a: Gholdengo|Shadow Ball|p2b: Dragapult
|-damage|p2b: Dragapult|0 fnt
|faint|p2b: Dragapult
|move|p2a: Blaziken|Heat Wave|p1b: Dragonite|[spread] p1a,p1b
|-supereffective|p1a: Gholdengo
|-resisted|p1b: Dragonite
|-damage|p1a: Gholdengo|0 fnt
|-damage|p1b: Dragonite|27/100
|faint|p1a: Gholdengo
|
|-ability|p2a: Blaziken|Speed Boost|boost
|-boost|p2a: Blaziken|spe|1
|upkeep
|
|t:|1757732555
|switch|p2b: Kingambit|Kingambit, L50, M|100/100
|switch|p1a: Ursaluna|Ursaluna-Bloodmoon, L50, M|100/100
|turn|2
|
|t:|1757732575
|-terastallize|p1a: Ursaluna|Poison
|move|p1b: Dragonite|Extreme Speed|p2a: Blaziken
|-damage|p2a: Blaziken|52/100
|move|p2a: Blaziken|Heat Wave|p1a: Ursaluna|[spread] p1a,p1b
|-resisted|p1b: Dragonite
|-damage|p1a: Ursaluna|67/100
|-damage|p1b: Dragonite|11/100
|move|p1a: Ursaluna|Earth Power|p2a: Blaziken
|-supereffective|p2a: Blaziken
|-damage|p2a: Blaziken|0 fnt
|faint|p2a: Blaziken
|move|p2b: Kingambit|Swords Dance|p2b: Kingambit
|-boost|p2b: Kingambit|atk|2
|
|-heal|p1a: Ursaluna|73/100|[from] item: Leftovers
|upkeep
|
|t:|1757732580
|switch|p2a: Electabuzz|Electabuzz, L50, F|100/100
|turn|3
|inactive|ga sneasler has 30 seconds left.
|
|t:|1757732612
|move|p2a: Electabuzz|Follow Me|p2a: Electabuzz
|-singleturn|p2a: Electabuzz|move: Follow Me
|move|p1b: Dragonite|Scale Shot|p2a: Electabuzz
|-damage|p2a: Electabuzz|88/100
|-damage|p2a: Electabuzz|75/100
|-damage|p2a: Electabuzz|61/100
|-damage|p2a: Electabuzz|47/100
|-hitcount|p2a: Electabuzz|4
|-unboost|p1b: Dragonite|def|1
|-boost|p1b: Dragonite|spe|1
|move|p1a: Ursaluna|Earth Power|p2a: Electabuzz
|-supereffective|p2a: Electabuzz
|-damage|p2a: Electabuzz|0 fnt
|faint|p2a: Electabuzz
|move|p2b: Kingambit|Kowtow Cleave|p1a: Ursaluna
|-damage|p1a: Ursaluna|3/100
|
|-heal|p1a: Ursaluna|10/100|[from] item: Leftovers
|upkeep
|turn|4
|inactive|2lico has 30 seconds left.
|
|t:|1757732642
|switch|p1a: Rillaboom|Rillaboom, L50, M|100/100
|-fieldstart|move: Grassy Terrain|[from] ability: Grassy Surge|[of] p1a: Rillaboom
|move|p2b: Kingambit|Protect|p2b: Kingambit
|-singleturn|p2b: Kingambit|Protect
|move|p1b: Dragonite|Scale Shot|p2b: Kingambit
|-activate|p2b: Kingambit|move: Protect
|
|upkeep
|turn|5
|
|t:|1757732661
|switch|p1b: Ursaluna|Ursaluna-Bloodmoon, L50, M, tera:Poison|10/100
|move|p1a: Rillaboom|Fake Out|p2b: Kingambit
|-resisted|p2b: Kingambit
|-damage|p2b: Kingambit|96/100
|cant|p2b: Kingambit|flinch
|
|-heal|p1b: Ursaluna|16/100|[from] Grassy Terrain
|-heal|p1b: Ursaluna|22/100|[from] item: Leftovers
|-heal|p2b: Kingambit|100/100|[from] Grassy Terrain
|upkeep
|turn|6
|
|t:|1757732674
|move|p1b: Ursaluna|Protect|p1b: Ursaluna
|-singleturn|p1b: Ursaluna|Protect
|move|p1a: Rillaboom|High Horsepower|p2b: Kingambit
|-supereffective|p2b: Kingambit
|-damage|p2b: Kingambit|58/100
|move|p2b: Kingambit|Kowtow Cleave|p1b: Ursaluna
|-activate|p1b: Ursaluna|move: Protect
|
|-heal|p1b: Ursaluna|28/100|[from] Grassy Terrain
|-heal|p1b: Ursaluna|35/100|[from] item: Leftovers
|-heal|p2b: Kingambit|64/100|[from] Grassy Terrain
|upkeep
|turn|7
|
|t:|1757732686
|move|p2b: Kingambit|Sucker Punch||[still]
|-fail|p2b: Kingambit
|move|p1a: Rillaboom|High Horsepower|p2b: Kingambit
|-supereffective|p2b: Kingambit
|-damage|p2b: Kingambit|20/100
|move|p1b: Ursaluna|Calm Mind|p1b: Ursaluna
|-boost|p1b: Ursaluna|spa|1
|-boost|p1b: Ursaluna|spd|1
|
|-heal|p1b: Ursaluna|41/100|[from] Grassy Terrain
|-heal|p1b: Ursaluna|47/100|[from] item: Leftovers
|-heal|p2b: Kingambit|26/100|[from] Grassy Terrain
|upkeep
|turn|8
|-message|ga sneasler forfeited.
|
|win|2lico
|raw|2lico's rating: 1376 → 1393(+17 for winning)
|raw|ga sneasler's rating: 1331 → 1314(-17 for losing)
|l|☆ga sneasler
|player|p2|
