|j|☆sedrav
|j|‽mirokartdeluxe
|html|sedravmirokartdeluxe    
|uhtml|bestof|Game 1 of a best-of-3
|t:|1757041861
|gametype|doubles
|player|p1|sedrav|hilbert|1197
|player|p2|mirokartdeluxe|hiker-gen4|1162
|gen|9
|tier|[Gen 9] VGC 2025 Reg H (Bo3)
|rated|
|rule|Species Clause: Limit one of each Pokémon
|rule|Item Clause: Limit 1 of each item
|clearpoke
|poke|p1|Garchomp, L50, M|
|poke|p1|Gholdengo, L50|
|poke|p1|Tyranitar, L50, F|
|poke|p1|Amoonguss, L50, M|
|poke|p1|Kilowattrel, L50, M|
|poke|p1|Incineroar, L50, F|
|poke|p2|Sneasler, L50, M|
|poke|p2|Electabuzz, L50, M|
|poke|p2|Volcarona, L50, M|
|poke|p2|Rillaboom, L50, F|
|poke|p2|Incineroar, L50, F|
|poke|p2|Kingambit, L50, M|
|teampreview|4
|showteam|p1|Garchomp||LifeOrb|RoughSkin|DragonClaw,StompingTantrum,Earthquake,Protect|||M|||50|,,,,,Ground]Gholdengo||MetalCoat|GoodasGold|MakeItRain,ShadowBall,NastyPlot,Protect||||||50|,,,,,Flying]Tyranitar||AssaultVest|SandStream|RockSlide,KnockOff,LowKick,TeraBlast|||F|||50|,,,,,Flying]Amoonguss||SitrusBerry|Regenerator|Spore,RagePowder,PollenPuff,Protect|||M|||50|,,,,,Water]Kilowattrel||FocusSash|Competitive|AirSlash,Tailwind,VoltSwitch,Protect|||M|||50|,,,,,Ghost]Incineroar||SafetyGoggles|Intimidate|FakeOut,FlareBlitz,KnockOff,PartingShot|||F|||50|,,,,,Ghost
|showteam|p2|Sneasler||FocusSash|Unburden|CloseCombat,DireClaw,Coaching,FakeOut|||M|||50|,,,,,Stellar]Electabuzz||Eviolite|VitalSpirit|Electroweb,FollowMe,Taunt,Protect|||M|||50|,,,,,Dragon]Volcarona||Leftovers|FlameBody|HeatWave,TeraBlast,QuiverDance,Protect|||M|||50|,,,,,Fairy]Rillaboom||MiracleSeed|GrassySurge|GrassyGlide,HighHorsepower,WoodHammer,FakeOut|||F|||50|,,,,,Water]Incineroar||AssaultVest|Intimidate|FlareBlitz,KnockOff,Uturn,FakeOut|||F|||50|,,,,,Grass]Kingambit||SafetyGoggles|Defiant|KowtowCleave,SuckerPunch,SwordsDance,Protect|||M|||50|,,,,,Ghost
|inactive|Battle timer is ON: inactive players will automatically lose when time's up. (requested by mirokartdeluxe)
|inactive|sedrav has 60 seconds left.
|inactive|mirokartdeluxe has 60 seconds left.
|
|t:|1757041900
|teamsize|p1|4
|teamsize|p2|4
|start
|switch|p1a: Garchomp|Garchomp, L50, M|100/100
|switch|p1b: Kilowattrel|Kilowattrel, L50, M|100/100
|switch|p2a: Sneasler|Sneasler, L50, M|100/100
|switch|p2b: Volcarona|Volcarona, L50, M|100/100
|turn|1
|inactive|sedrav has 30 seconds left.
|inactive|sedrav has 20 seconds left.
|
|t:|1757041938
|-terastallize|p2b: Volcarona|Fairy
|move|p2a: Sneasler|Fake Out|p1b: Kilowattrel
|-damage|p1b: Kilowattrel|74/100
|cant|p1b: Kilowattrel|flinch
|move|p1a: Garchomp|Stomping Tantrum|p2a: Sneasler
|-supereffective|p2a: Sneasler
|-enditem|p2a: Sneasler|Focus Sash
|-damage|p2a: Sneasler|1/100
|-damage|p1a: Garchomp|91/100|[from] item: Life Orb
|move|p2b: Volcarona|Quiver Dance|p2b: Volcarona
|-boost|p2b: Volcarona|spa|1
|-boost|p2b: Volcarona|spd|1
|-boost|p2b: Volcarona|spe|1
|
|upkeep
|turn|2
|
|t:|1757041960
|-terastallize|p1a: Garchomp|Ground
|move|p2a: Sneasler|Coaching|p2b: Volcarona
|-boost|p2b: Volcarona|atk|1
|-boost|p2b: Volcarona|def|1
|move|p2b: Volcarona|Heat Wave|p1b: Kilowattrel|[spread] p1a,p1b
|-damage|p1a: Garchomp|31/100
|-damage|p1b: Kilowattrel|0 fnt
|faint|p1b: Kilowattrel
|move|p1a: Garchomp|Earthquake|p2a: Sneasler|[spread] p2a,p2b
|-supereffective|p2a: Sneasler
|-damage|p2a: Sneasler|0 fnt
|-damage|p2b: Volcarona|45/100
|faint|p2a: Sneasler
|-damage|p1a: Garchomp|21/100|[from] item: Life Orb
|
|-heal|p2b: Volcarona|51/100|[from] item: Leftovers
|upkeep
|
|t:|1757041979
|switch|p1b: Incineroar|Incineroar, L50, F|100/100
|switch|p2a: Incineroar|Incineroar, L50, F|100/100
|-ability|p1b: Incineroar|Intimidate|boost
|-unboost|p2a: Incineroar|atk|1
|-unboost|p2b: Volcarona|atk|1
|-ability|p2a: Incineroar|Intimidate|boost
|-unboost|p1a: Garchomp|atk|1
|-unboost|p1b: Incineroar|atk|1
|turn|3
|
|t:|1757041992
|switch|p1a: Tyranitar|Tyranitar, L50, F|100/100
|-weather|Sandstorm|[from] ability: Sand Stream|[of] p1a: Tyranitar
|move|p2a: Incineroar|Fake Out|p1b: Incineroar
|-damage|p1b: Incineroar|92/100
|move|p2b: Volcarona|Heat Wave|p1a: Tyranitar|[spread] p1b
|-miss|p2b: Volcarona|p1a: Tyranitar
|-resisted|p1b: Incineroar
|-damage|p1b: Incineroar|67/100
|cant|p1b: Incineroar|flinch
|
|-weather|Sandstorm|[upkeep]
|-damage|p2b: Volcarona|45/100|[from] Sandstorm
|-damage|p2a: Incineroar|94/100|[from] Sandstorm
|-heal|p2b: Volcarona|51/100|[from] item: Leftovers
|upkeep
|turn|4
|
|t:|1757042012
|move|p2b: Volcarona|Tera Blast|p1a: Tyranitar|[anim] Tera Blast Fairy
|-supereffective|p1a: Tyranitar
|-damage|p1a: Tyranitar|55/100
|move|p1b: Incineroar|Parting Shot|p2a: Incineroar
|-unboost|p2a: Incineroar|atk|1
|-unboost|p2a: Incineroar|spa|1
|
|t:|1757042018
|switch|p1b: Garchomp|Garchomp, L50, M, tera:Ground|21/100|[from] Parting Shot
|move|p1a: Tyranitar|Rock Slide|p2a: Incineroar|[spread] p2a,p2b
|-supereffective|p2a: Incineroar
|-damage|p2a: Incineroar|39/100
|-damage|p2b: Volcarona|24/100
|move|p2a: Incineroar|U-turn|p1a: Tyranitar
|-supereffective|p1a: Tyranitar
|-damage|p1a: Tyranitar|35/100
|
|t:|1757042022
|switch|p2a: Electabuzz|Electabuzz, L50, M|100/100|[from] U-turn
|
|-weather|Sandstorm|[upkeep]
|-damage|p2b: Volcarona|18/100|[from] Sandstorm
|-damage|p2a: Electabuzz|95/100|[from] Sandstorm
|-heal|p2b: Volcarona|24/100|[from] item: Leftovers
|upkeep
|turn|5
|
|t:|1757042035
|switch|p1b: Incineroar|Incineroar, L50, F|67/100
|-ability|p1b: Incineroar|Intimidate|boost
|-unboost|p2a: Electabuzz|atk|1
|-unboost|p2b: Volcarona|atk|1
|move|p2b: Volcarona|Heat Wave|p1b: Incineroar|[spread] p1a,p1b
|-resisted|p1a: Tyranitar
|-resisted|p1b: Incineroar
|-damage|p1a: Tyranitar|23/100
|-damage|p1b: Incineroar|43/100
|move|p2a: Electabuzz|Electroweb|p1a: Tyranitar|[spread] p1a,p1b
|-damage|p1a: Tyranitar|18/100
|-damage|p1b: Incineroar|31/100
|-unboost|p1a: Tyranitar|spe|1
|-unboost|p1b: Incineroar|spe|1
|move|p1a: Tyranitar|Rock Slide|p2b: Volcarona|[spread] p2b
|-miss|p1a: Tyranitar|p2a: Electabuzz
|-damage|p2b: Volcarona|0 fnt
|faint|p2b: Volcarona
|
|-weather|Sandstorm|[upkeep]
|-damage|p2a: Electabuzz|89/100|[from] Sandstorm
|upkeep
|
|t:|1757042042
|switch|p2b: Incineroar|Incineroar, L50, F|39/100
|-ability|p2b: Incineroar|Intimidate|boost
|-unboost|p1a: Tyranitar|atk|1
|-unboost|p1b: Incineroar|atk|1
|turn|6
|inactive|sedrav has 30 seconds left.
|inactive|sedrav has 20 seconds left.
|
|t:|1757042079
|move|p2b: Incineroar|Fake Out|p1a: Tyranitar
|-resisted|p1a: Tyranitar
|-damage|p1a: Tyranitar|13/100
|move|p2a: Electabuzz|Electroweb|p1b: Incineroar|[spread] p1a,p1b
|-damage|p1a: Tyranitar|7/100
|-damage|p1b: Incineroar|17/100
|-unboost|p1a: Tyranitar|spe|1
|-unboost|p1b: Incineroar|spe|1
|move|p1b: Incineroar|Knock Off|p2a: Electabuzz
|-damage|p2a: Electabuzz|64/100
|-enditem|p2a: Electabuzz|Eviolite|[from] move: Knock Off|[of] p1b: Incineroar
|cant|p1a: Tyranitar|flinch
|
|-weather|Sandstorm|[upkeep]
|-damage|p2a: Electabuzz|58/100|[from] Sandstorm
|-damage|p2b: Incineroar|33/100|[from] Sandstorm
|upkeep
|turn|7
|
|t:|1757042095
|move|p2a: Electabuzz|Electroweb|p1b: Incineroar|[spread] p1a,p1b
|-crit|p1a: Tyranitar
|-damage|p1a: Tyranitar|0 fnt
|-damage|p1b: Incineroar|3/100
|-unboost|p1b: Incineroar|spe|1
|faint|p1a: Tyranitar
|move|p2b: Incineroar|Knock Off|p1b: Incineroar
|-resisted|p1b: Incineroar
|-damage|p1b: Incineroar|0 fnt
|-enditem|p1b: Incineroar|Safety Goggles|[from] move: Knock Off|[of] p2b: Incineroar
|faint|p1b: Incineroar
|
|-weather|none
|upkeep
|
|t:|1757042106
|switch|p1b: Garchomp|Garchomp, L50, M, tera:Ground|21/100
|turn|8
|
|t:|1757042111
|move|p1b: Garchomp|Protect|p1b: Garchomp
|-singleturn|p1b: Garchomp|Protect
|move|p2a: Electabuzz|Follow Me|p2a: Electabuzz
|-singleturn|p2a: Electabuzz|move: Follow Me
|move|p2b: Incineroar|Flare Blitz|p1b: Garchomp
|-activate|p1b: Garchomp|move: Protect
|
|upkeep
|turn|9
|
|t:|1757042118
|move|p2a: Electabuzz|Follow Me|p2a: Electabuzz
|-singleturn|p2a: Electabuzz|move: Follow Me
|move|p1b: Garchomp|Earthquake|p2a: Electabuzz|[spread] p2a,p2b
|-supereffective|p2a: Electabuzz
|-supereffective|p2b: Incineroar
|-damage|p2a: Electabuzz|0 fnt
|-damage|p2b: Incineroar|0 fnt
|faint|p2a: Electabuzz
|faint|p2b: Incineroar
|-damage|p1b: Garchomp|11/100|[from] item: Life Orb
|
|win|sedrav
||mirokartdeluxe is ready for game 2.
