|j|☆palle synchro
|j|☆kigokigo
|html|palle synchrokigokigo    
|uhtml|bestof|Game 1 of a best-of-3
|t:|1783348440
|gametype|doubles
|player|p1|palle synchro|volkner|1000
|player|p2|kigokigo|101|1000
|gen|9
|tier|[Gen 9 Champions] VGC 2026 Reg M-B (Bo3)
|rated|
|rule|Species Clause: Limit one of each Pokémon
|rule|Item Clause: Limit 1 of each item
|clearpoke
|poke|p1|Blastoise, L50, F|
|poke|p1|Sneasler, L50, F|
|poke|p1|Incineroar, L50, F|
|poke|p1|Delphox, L50, F|
|poke|p1|Sinistcha, L50|
|poke|p1|Kingambit, L50, F|
|poke|p2|Whimsicott, L50, M|
|poke|p2|Sinistcha-Masterpiece, L50|
|poke|p2|Grimmsnarl, L50, M|
|poke|p2|Incineroar, L50, M|
|poke|p2|Clefable, L50, M|
|poke|p2|Staraptor, L50, M|
|teampreview|4
|showteam|p1|Blastoise||Blastoisinite|Torrent|WaterSpout,DarkPulse,ShellSmash,Protect|Modest||F|||50|]Sneasler||FocusSash|PoisonTouch|FakeOut,CloseCombat,DireClaw,QuickGuard|Jolly||F|||50|]Incineroar||SitrusBerry|Intimidate|FakeOut,PartingShot,HelpingHand,FlareBlitz|Impish||F|||50|]Delphox||Delphoxite|Blaze|HeatWave,Psyshock,NastyPlot,Protect|Timid||F|||50|]Sinistcha||OccaBerry|Hospitality|MatchaGotcha,RagePowder,LifeDew,Protect|Calm|||||50|]Kingambit||BlackGlasses|Defiant|KowtowCleave,SuckerPunch,SwordsDance,Protect|Adamant||F|||50|
|showteam|p2|Whimsicott||FocusSash|Prankster|Charm,Encore,Tailwind,Protect|Bold||M|||50|]Sinistcha-Masterpiece||SitrusBerry|Hospitality|StrengthSap,MatchaGotcha,RagePowder,Protect|Bold|||||50|]Grimmsnarl||LightClay|Prankster|LightScreen,Reflect,PartingShot,FakeOut|Calm||M|||50|]Incineroar||ChopleBerry|Intimidate|FakeOut,PartingShot,FlareBlitz,DarkestLariat|Impish||M|||50|]Clefable||BabiriBerry|Unaware|FollowMe,Charm,HealPulse,Encore|Sassy||M|||50|]Staraptor||Staraptite|Intimidate|CloseCombat,BraveBird,Roost,Protect|Careful||M|||50|
|inactive|Battle timer is ON: inactive players will automatically lose when time's up. (requested by palle synchro)
|
|t:|1783348471
|teamsize|p1|4
|teamsize|p2|4
|start
|switch|p1a: Blastoise|Blastoise, L50, F|100/100
|switch|p1b: Sneasler|Sneasler, L50, F|100/100
|switch|p2a: Grimmsnarl|Grimmsnarl, L50, M|100/100
|switch|p2b: Staraptor|Staraptor, L50, M|100/100
|-ability|p2b: Staraptor|Intimidate|boost
|-unboost|p1a: Blastoise|atk|1
|-unboost|p1b: Sneasler|atk|1
|turn|1
|
|t:|1783348482
|switch|p1b: Incineroar|Incineroar, L50, F|100/100
|-ability|p1b: Incineroar|Intimidate|boost
|-unboost|p2a: Grimmsnarl|atk|1
|-unboost|p2b: Staraptor|atk|1
|detailschange|p1a: Blastoise|Blastoise-Mega, L50, F
|-mega|p1a: Blastoise|Blastoise|Blastoisinite
|detailschange|p2b: Staraptor|Staraptor-Mega, L50, M
|-mega|p2b: Staraptor|Staraptor|Staraptite
|move|p1a: Blastoise|Protect|p1a: Blastoise
|-singleturn|p1a: Blastoise|Protect
|move|p2a: Grimmsnarl|Fake Out|p1a: Blastoise
|-activate|p1a: Blastoise|move: Protect
|move|p2b: Staraptor|Close Combat|p1b: Incineroar
|-supereffective|p1b: Incineroar|1
|-damage|p1b: Incineroar|46/100
|-boost|p2b: Staraptor|def|1
|-boost|p2b: Staraptor|spd|1
|-enditem|p1b: Incineroar|Sitrus Berry|[eat]
|-heal|p1b: Incineroar|71/100|[from] item: Sitrus Berry
|
|upkeep
|turn|2
|
|t:|1783348502
|move|p1b: Incineroar|Fake Out|p2b: Staraptor
|-damage|p2b: Staraptor|93/100
|move|p2a: Grimmsnarl|Parting Shot|p2b: Staraptor
|-boost|p2b: Staraptor|atk|1
|-boost|p2b: Staraptor|spa|1
|
|t:|1783348508
|switch|p2a: Whimsicott|Whimsicott, L50, M|100/100|[from] Parting Shot
|cant|p2b: Staraptor|flinch
|move|p1a: Blastoise|Shell Smash|p1a: Blastoise
|-unboost|p1a: Blastoise|def|1
|-unboost|p1a: Blastoise|spd|1
|-boost|p1a: Blastoise|atk|2
|-boost|p1a: Blastoise|spa|2
|-boost|p1a: Blastoise|spe|2
|
|upkeep
|turn|3
|
|t:|1783348525
|move|p1a: Blastoise|Protect|p1a: Blastoise
|-singleturn|p1a: Blastoise|Protect
|move|p2a: Whimsicott|Encore|p1a: Blastoise
|-activate|p1a: Blastoise|move: Protect
|move|p2b: Staraptor|Close Combat|p1b: Incineroar
|-supereffective|p1b: Incineroar|1
|-damage|p1b: Incineroar|0 fnt
|-boost|p2b: Staraptor|def|1
|-boost|p2b: Staraptor|spd|1
|faint|p1b: Incineroar
|
|upkeep
|
|t:|1783348532
|switch|p1b: Sneasler|Sneasler, L50, F|100/100
|turn|4
|
|t:|1783348542
|move|p2a: Whimsicott|Protect|p2a: Whimsicott
|-singleturn|p2a: Whimsicott|Protect
|move|p2b: Staraptor|Protect|p2b: Staraptor
|-singleturn|p2b: Staraptor|Protect
|move|p1b: Sneasler|Fake Out|p2a: Whimsicott
|-activate|p2a: Whimsicott|move: Protect
|move|p1a: Blastoise|Water Spout|p2b: Staraptor|[spread] 
|-activate|p2a: Whimsicott|move: Protect
|-activate|p2b: Staraptor|move: Protect
|
|upkeep
|turn|5
|inactive|palle synchro has 30 seconds left.
|inactive|palle synchro has 20 seconds left.
|
|t:|1783348582
|switch|p1b: Sinistcha|Sinistcha, L50|100/100
|move|p2a: Whimsicott|Encore||[still]
|-fail|p2a: Whimsicott
|move|p1a: Blastoise|Water Spout|p2b: Staraptor|[spread] p2a,p2b
|-resisted|p2a: Whimsicott|1
|-damage|p2a: Whimsicott|20/100y
|-damage|p2b: Staraptor|40/100
|move|p2b: Staraptor|Close Combat|p1a: Blastoise
|-damage|p1a: Blastoise|16/100
|-boost|p2b: Staraptor|def|1
|-boost|p2b: Staraptor|spd|1
|
|upkeep
|turn|6
|inactive|kigokigo has 30 seconds left.
|
|t:|1783348608
|move|p1b: Sinistcha|Rage Powder|p1b: Sinistcha
|-singleturn|p1b: Sinistcha|move: Rage Powder
|move|p2a: Whimsicott|Encore|p1a: Blastoise
|-start|p1a: Blastoise|Encore
|move|p1a: Blastoise|Water Spout|p2b: Staraptor|[spread] p2a,p2b
|-resisted|p2a: Whimsicott|1
|-crit|p2a: Whimsicott
|-damage|p2a: Whimsicott|0 fnt
|-damage|p2b: Staraptor|34/100
|faint|p2a: Whimsicott
|move|p2b: Staraptor|Roost|p2b: Staraptor
|-heal|p2b: Staraptor|84/100
|-singleturn|p2b: Staraptor|move: Roost
|
|upkeep
|
|t:|1783348632
|switch|p2a: Grimmsnarl|Grimmsnarl, L50, M|100/100
|turn|7
|
|t:|1783348639
|switch|p1b: Sneasler|Sneasler, L50, F|100/100
|move|p2a: Grimmsnarl|Light Screen|p2a: Grimmsnarl
|-sidestart|p2: kigokigo|move: Light Screen
|move|p1a: Blastoise|Water Spout|p2b: Staraptor|[spread] p2a,p2b
|-damage|p2a: Grimmsnarl|88/100
|-damage|p2b: Staraptor|79/100
|move|p2b: Staraptor|Brave Bird|p1b: Sneasler
|-supereffective|p1b: Sneasler|1
|-enditem|p1b: Sneasler|Focus Sash
|-damage|p1b: Sneasler|1/100
|-damage|p2b: Staraptor|52/100|[from] Recoil
|
|upkeep
|turn|8
|
|t:|1783348658
|move|p1b: Sneasler|Fake Out|p2b: Staraptor
|-damage|p2b: Staraptor|47/100
|move|p2a: Grimmsnarl|Reflect|p2a: Grimmsnarl
|-sidestart|p2: kigokigo|Reflect
|move|p1a: Blastoise|Water Spout|p2b: Staraptor|[spread] p2a,p2b
|-damage|p2a: Grimmsnarl|77/100
|-damage|p2b: Staraptor|43/100
|cant|p2b: Staraptor|flinch
|
|-end|p1a: Blastoise|Encore
|upkeep
|turn|9
|
|t:|1783348680
|switch|p1b: Sinistcha|Sinistcha, L50|100/100
|-heal|p1a: Blastoise|41/100|[from] ability: Hospitality|[of] p1b: Sinistcha
|move|p1a: Blastoise|Protect|p1a: Blastoise
|-singleturn|p1a: Blastoise|Protect
|move|p2b: Staraptor|Protect|p2b: Staraptor
|-singleturn|p2b: Staraptor|Protect
|move|p2a: Grimmsnarl|Parting Shot|p1a: Blastoise
|-activate|p1a: Blastoise|move: Protect
|
|upkeep
|turn|10
|
|t:|1783348699
|move|p1b: Sinistcha|Rage Powder|p1b: Sinistcha
|-singleturn|p1b: Sinistcha|move: Rage Powder
|move|p2a: Grimmsnarl|Parting Shot|p1b: Sinistcha
|-unboost|p1b: Sinistcha|atk|1
|-unboost|p1b: Sinistcha|spa|1
|
|t:|1783348704
|switch|p2a: Clefable|Clefable, L50, M|100/100|[from] Parting Shot
|move|p1a: Blastoise|Water Spout|p2a: Clefable|[spread] p2a,p2b
|-damage|p2a: Clefable|84/100
|-damage|p2b: Staraptor|31/100
|move|p2b: Staraptor|Roost|p2b: Staraptor
|-heal|p2b: Staraptor|81/100
|-singleturn|p2b: Staraptor|move: Roost
|
|upkeep
|turn|11
|
|t:|1783348725
|switch|p1b: Sneasler|Sneasler, L50, F|1/100
|move|p1a: Blastoise|Protect|p1a: Blastoise
|-singleturn|p1a: Blastoise|Protect
|move|p2b: Staraptor|Brave Bird|p1b: Sneasler
|-supereffective|p1b: Sneasler|1
|-damage|p1b: Sneasler|0 fnt
|faint|p1b: Sneasler
|-damage|p2b: Staraptor|81/100|[from] Recoil
|move|p2a: Clefable|Encore|p1a: Blastoise
|-activate|p1a: Blastoise|move: Protect
|
|upkeep
|
|t:|1783348731
|switch|p1b: Sinistcha|Sinistcha, L50|100/100
|-heal|p1a: Blastoise|66/100|[from] ability: Hospitality|[of] p1b: Sinistcha
|turn|12
|
|t:|1783348747
|move|p1b: Sinistcha|Rage Powder|p1b: Sinistcha
|-singleturn|p1b: Sinistcha|move: Rage Powder
|move|p1a: Blastoise|Water Spout|p2a: Clefable|[spread] p2a,p2b
|-crit|p2a: Clefable
|-damage|p2a: Clefable|33/100
|-damage|p2b: Staraptor|62/100
|move|p2b: Staraptor|Brave Bird|p1b: Sinistcha
|-supereffective|p1b: Sinistcha|1
|-damage|p1b: Sinistcha|0 fnt
|faint|p1b: Sinistcha
|-damage|p2b: Staraptor|32/100|[from] Recoil
|move|p2a: Clefable|Encore|p1a: Blastoise
|-start|p1a: Blastoise|Encore
|
|upkeep
|turn|13
|
|t:|1783348769
|switch|p2a: Grimmsnarl|Grimmsnarl, L50, M|77/100
|move|p2b: Staraptor|Protect|p2b: Staraptor
|-singleturn|p2b: Staraptor|Protect
|move|p1a: Blastoise|Water Spout|p2b: Staraptor|[spread] p2a
|-activate|p2b: Staraptor|move: Protect
|-damage|p2a: Grimmsnarl|36/100
|
|-end|p1a: Blastoise|Encore
|upkeep
|turn|14
|inactive|palle synchro has 30 seconds left.
|inactive|palle synchro has 20 seconds left.
|inactive|palle synchro has 15 seconds left.
|inactive|palle synchro has 10 seconds left.
|
|t:|1783348819
|move|p2a: Grimmsnarl|Parting Shot|p2b: Staraptor
|-boost|p2b: Staraptor|atk|1
|-boost|p2b: Staraptor|spa|1
|inactive|kigokigo has 30 seconds left.
|
|t:|1783348849
|switch|p2a: Clefable|Clefable, L50, M|33/100|[from] Parting Shot
|move|p1a: Blastoise|Dark Pulse|p2b: Staraptor
|-resisted|p2b: Staraptor|1
|-damage|p2b: Staraptor|21/100
|move|p2b: Staraptor|Roost|p2b: Staraptor
|-heal|p2b: Staraptor|72/100
|-singleturn|p2b: Staraptor|move: Roost
|
|-sideend|p2: kigokigo|move: Light Screen
|upkeep
|turn|15
|-message|palle synchro forfeited.
|
|win|kigokigo
