|j|☆castoriceball
|j|☆master 792
|html|castoriceballmaster 792    
|uhtml|bestof|Game 2 of a best-of-3
|t:|1785647788
|gametype|doubles
|player|p1|castoriceball|miku-flying|1260
|player|p2|master 792|red|1285
|gen|9
|tier|[Gen 9 Champions] VGC 2026 Reg M-B (Bo3)
|rated|
|rule|Species Clause: Limit one of each Pokémon
|rule|Item Clause: Limit 1 of each item
|clearpoke
|poke|p1|Garchomp, L50, F|
|poke|p1|Floette-Eternal, L50, F|
|poke|p1|Grimmsnarl, L50, M|
|poke|p1|Incineroar, L50, M|
|poke|p1|Metagross, L50|
|poke|p1|Hydreigon, L50, F|
|poke|p2|Charizard, L50, M|
|poke|p2|Whimsicott, L50, M, shiny|
|poke|p2|Basculegion, L50, M, shiny|
|poke|p2|Garchomp, L50, F, shiny|
|poke|p2|Kingambit, L50, F|
|poke|p2|Floette-Eternal, L50, F|
|teampreview|4
|showteam|p1|Garchomp||SitrusBerry|RoughSkin|Earthquake,DragonClaw,RockSlide,Protect|Adamant||F|||50|]Floette-Eternal||Floettite|FlowerVeil|DrainingKiss,DazzlingGleam,CalmMind,Protect|Modest||F|||50|]Grimmsnarl||LightClay|Prankster|SpiritBreak,Reflect,LightScreen,PartingShot|Careful||M|||50|]Incineroar||Charcoal|Intimidate|FlareBlitz,ThroatChop,FakeOut,PartingShot|Adamant||M|||50|]Metagross||Metagrossite|ClearBody|Protect,PsychicFangs,IronHead,StompingTantrum|Jolly|||||50|]Hydreigon||ChoiceScarf|Levitate|DarkPulse,DracoMeteor,Snarl,EarthPower|Modest||F|||50|
|showteam|p2|Charizard||CharizarditeY|Blaze|HeatWave,WeatherBall,SolarBeam,Protect|Modest||M|||50|]Whimsicott||FocusSash|Prankster|Moonblast,Encore,Tailwind,Protect|Timid||M|||50|]Basculegion||LifeOrb|Adaptability|WaveCrash,LastRespects,AquaJet,Protect|Adamant||M|||50|]Garchomp||SitrusBerry|RoughSkin|PoisonJab,Earthquake,RockSlide,DragonClaw|Adamant||F|||50|]Kingambit||BlackGlasses|Defiant|KowtowCleave,LowKick,SuckerPunch,Protect|Adamant||F|||50|]Floette-Eternal||Floettite|FlowerVeil|Moonblast,DazzlingGleam,HelpingHand,Protect|Modest||F|||50|
|
|t:|1785647804
|teamsize|p1|4
|teamsize|p2|4
|start
|switch|p1a: Grimmsnarl|Grimmsnarl, L50, M|100/100
|switch|p1b: Floette|Floette-Eternal, L50, F|100/100
|switch|p2a: Whimsicott|Whimsicott, L50, M, shiny|100/100
|switch|p2b: Floette|Floette-Eternal, L50, F|100/100
|turn|1
|
|t:|1785647812
|detailschange|p2b: Floette|Floette-Mega, L50, F
|-mega|p2b: Floette|Floette|Floettite
|-ability|p2b: Floette|Fairy Aura
|detailschange|p1b: Floette|Floette-Mega, L50, F
|-mega|p1b: Floette|Floette|Floettite
|-ability|p1b: Floette|Fairy Aura
|move|p2a: Whimsicott|Tailwind|p2a: Whimsicott
|-sidestart|p2: master 792|move: Tailwind
|move|p1a: Grimmsnarl|Light Screen|p1a: Grimmsnarl
|-sidestart|p1: castoriceball|move: Light Screen
|move|p2b: Floette|Moonblast|p1a: Grimmsnarl
|-supereffective|p1a: Grimmsnarl|1
|-damage|p1a: Grimmsnarl|8/100
|move|p1b: Floette|Calm Mind|p1b: Floette
|-boost|p1b: Floette|spa|1
|-boost|p1b: Floette|spd|1
|
|upkeep
|turn|2
|
|t:|1785647846
|move|p1b: Floette|Protect|p1b: Floette
|-singleturn|p1b: Floette|Protect
|move|p2a: Whimsicott|Encore|p1b: Floette
|-activate|p1b: Floette|move: Protect
|move|p1a: Grimmsnarl|Parting Shot|p2a: Whimsicott
|-unboost|p2a: Whimsicott|atk|1
|-unboost|p2a: Whimsicott|spa|1
|
|t:|1785647852
|switch|p1a: Incineroar|Incineroar, L50, M|100/100|[from] Parting Shot
|-ability|p1a: Incineroar|Intimidate|boost
|-unboost|p2a: Whimsicott|atk|1
|-unboost|p2b: Floette|atk|1
|move|p2b: Floette|Dazzling Gleam|p1a: Incineroar|[spread] p1a
|-activate|p1b: Floette|move: Protect
|-damage|p1a: Incineroar|68/100
|
|upkeep
|turn|3
|
|t:|1785647861
|move|p2a: Whimsicott|Protect|p2a: Whimsicott
|-singleturn|p2a: Whimsicott|Protect
|move|p1a: Incineroar|Fake Out|p2a: Whimsicott
|-activate|p2a: Whimsicott|move: Protect
|move|p2b: Floette|Dazzling Gleam|p1b: Floette|[spread] p1a,p1b
|-damage|p1a: Incineroar|36/100
|-damage|p1b: Floette|84/100
|move|p1b: Floette|Dazzling Gleam|p2a: Whimsicott|[spread] p2b
|-activate|p2a: Whimsicott|move: Protect
|-damage|p2b: Floette|42/100
|
|upkeep
|turn|4
|
|t:|1785647872
|move|p2a: Whimsicott|Moonblast|p1b: Floette
|-damage|p1b: Floette|75/100
|move|p2b: Floette|Moonblast|p1a: Incineroar
|-damage|p1a: Incineroar|0 fnt
|faint|p1a: Incineroar
|move|p1b: Floette|Dazzling Gleam|p2b: Floette|[spread] p2a,p2b
|-enditem|p2a: Whimsicott|Focus Sash
|-damage|p2a: Whimsicott|1/100
|-damage|p2b: Floette|0 fnt
|faint|p2b: Floette
|
|-sideend|p2: master 792|move: Tailwind
|upkeep
|
|t:|1785647881
|switch|p2b: Basculegion|Basculegion, L50, M, shiny|100/100
|switch|p1a: Hydreigon|Hydreigon, L50, F|100/100
|turn|5
|
|t:|1785647893
|move|p1b: Floette|Protect|p1b: Floette
|-singleturn|p1b: Floette|Protect
|move|p2b: Basculegion|Protect|p2b: Basculegion
|-singleturn|p2b: Basculegion|Protect
|move|p2a: Whimsicott|Tailwind|p2a: Whimsicott
|-sidestart|p2: master 792|move: Tailwind
|move|p1a: Hydreigon|Dark Pulse|p2b: Basculegion
|-activate|p2b: Basculegion|move: Protect
|
|upkeep
|turn|6
|
|t:|1785647906
|move|p2a: Whimsicott|Moonblast|p1a: Hydreigon
|-supereffective|p1a: Hydreigon|2
|-damage|p1a: Hydreigon|11/100
|-unboost|p1a: Hydreigon|spa|1
|move|p2b: Basculegion|Wave Crash|p1b: Floette
|-damage|p1b: Floette|0 fnt
|faint|p1b: Floette
|-damage|p2b: Basculegion|76/100|[from] Recoil
|-damage|p2b: Basculegion|67/100|[from] item: Life Orb
|move|p1a: Hydreigon|Dark Pulse|p2b: Basculegion
|-supereffective|p2b: Basculegion|1
|-damage|p2b: Basculegion|4/100
|
|upkeep
|
|t:|1785647923
|switch|p1b: Grimmsnarl|Grimmsnarl, L50, M|8/100
|turn|7
|-message|castoriceball forfeited.
|
|win|master 792
