|j|☆Pakaan64
|j|☆satandagiii2005
|html|Pakaan64satandagiii2005    
|uhtml|bestof|Game 2 of a best-of-3
|t:|1782763920
|gametype|doubles
|player|p1|Pakaan64|169|1286
|player|p2|satandagiii2005|byron|1177
|gen|9
|tier|[Gen 9 Champions] VGC 2026 Reg M-B (Bo3)
|rated|
|rule|Species Clause: Limit one of each Pokémon
|rule|Item Clause: Limit 1 of each item
|clearpoke
|poke|p1|Raichu, L50, M|
|poke|p1|Ninetales-Alola, L50, M|
|poke|p1|Volcarona, L50, M|
|poke|p1|Incineroar, L50, M|
|poke|p1|Aerodactyl, L50, M|
|poke|p1|Gholdengo, L50|
|poke|p2|Venusaur, L50, F|
|poke|p2|Swampert, L50, F|
|poke|p2|Pelipper, L50, M|
|poke|p2|Archaludon, L50, M|
|poke|p2|Maushold, L50|
|poke|p2|Gholdengo, L50|
|teampreview|4
|showteam|p1|Raichu||RaichuniteY|LightningRod|FakeOut,FocusBlast,ZapCannon,Protect|Hasty||M|||50|]Ninetales-Alola||FocusSash|SnowWarning|Blizzard,Moonblast,Protect,FreezeDry|Timid||M|||50|]Volcarona||Leftovers|FlameBody|RagePowder,Protect,QuiverDance,HeatWave|Bold||M|||50|]Incineroar||SitrusBerry|Intimidate|FakeOut,PartingShot,DarkestLariat,WillOWisp|Careful||M|||50|]Aerodactyl||Aerodactylite|Unnerve|Tailwind,RockSlide,DualWingbeat,Protect|Jolly||M|||50|]Gholdengo||WhiteHerb|GoodasGold|MakeItRain,NastyPlot,ShadowBall,Protect|Modest|||||50|
|showteam|p2|Venusaur||Venusaurite|Overgrow|SludgeBomb,EarthPower,GigaDrain,Protect|Modest||F|||50|]Swampert||Swampertite|Torrent|WaveCrash,Earthquake,IcePunch,Protect|Adamant||F|||50|]Pelipper||SitrusBerry|Drizzle|Hurricane,WeatherBall,Tailwind,WideGuard|Modest||M|||50|]Archaludon||Leftovers|Stamina|ElectroShot,DragonPulse,FlashCannon,Protect|Modest||M|||50|]Maushold||FocusSash|FriendGuard|FollowMe,SuperFang,RainDance,Protect|Jolly|||||50|]Gholdengo||LifeOrb|GoodasGold|MakeItRain,ShadowBall,PowerGem,Protect|Timid|||||50|
|inactive|Battle timer is ON: inactive players will automatically lose when time's up. (requested by Pakaan64)
|inactive|Pakaan64 has 60 seconds left.
|inactive|satandagiii2005 has 60 seconds left.
|inactive|satandagiii2005 has 30 seconds left.
|
|t:|1782763990
|teamsize|p1|4
|teamsize|p2|4
|start
|switch|p1a: Raichu|Raichu, L50, M|100/100
|switch|p1b: Volcarona|Volcarona, L50, M|100/100
|switch|p2a: Gholdengo|Gholdengo, L50|100/100
|switch|p2b: Maushold|Maushold, L50|100/100
|turn|1
|
|t:|1782764011
|switch|p1b: Gholdengo|Gholdengo, L50|100/100
|detailschange|p1a: Raichu|Raichu-Mega-Y, L50, M
|-mega|p1a: Raichu|Raichu|Raichunite Y
|move|p1a: Raichu|Fake Out|p2b: Maushold
|-damage|p2b: Maushold|87/100
|cant|p2b: Maushold|flinch
|move|p2a: Gholdengo|Power Gem|p1b: Gholdengo
|-resisted|p1b: Gholdengo|1
|-damage|p1b: Gholdengo|78/100
|-damage|p2a: Gholdengo|90/100|[from] item: Life Orb
|
|upkeep
|turn|2
|
|t:|1782764029
|move|p2b: Maushold|Follow Me|p2b: Maushold
|-singleturn|p2b: Maushold|move: Follow Me
|move|p1a: Raichu|Focus Blast|p2b: Maushold
|-supereffective|p2b: Maushold|1
|-damage|p2b: Maushold|0 fnt
|faint|p2b: Maushold
|move|p2a: Gholdengo|Shadow Ball|p1b: Gholdengo
|-supereffective|p1b: Gholdengo|1
|-damage|p1b: Gholdengo|0 fnt
|faint|p1b: Gholdengo
|-damage|p2a: Gholdengo|81/100|[from] item: Life Orb
|
|upkeep
|
|t:|1782764041
|switch|p2b: Swampert|Swampert, L50, F|100/100
|switch|p1b: Volcarona|Volcarona, L50, M|100/100
|turn|3
|
|t:|1782764059
|switch|p2a: Pelipper|Pelipper, L50, M|100/100
|-weather|RainDance|[from] ability: Drizzle|[of] p2a: Pelipper
|detailschange|p2b: Swampert|Swampert-Mega, L50, F
|-mega|p2b: Swampert|Swampert|Swampertite
|move|p1a: Raichu|Protect|p1a: Raichu
|-singleturn|p1a: Raichu|Protect
|move|p2b: Swampert|Wave Crash|p1a: Raichu
|-activate|p1a: Raichu|move: Protect
|move|p1b: Volcarona|Quiver Dance|p1b: Volcarona
|-boost|p1b: Volcarona|spa|1
|-boost|p1b: Volcarona|spd|1
|-boost|p1b: Volcarona|spe|1
|
|-weather|RainDance|[upkeep]
|upkeep
|turn|4
|
|t:|1782764075
|switch|p1a: Incineroar|Incineroar, L50, M|100/100
|-ability|p1a: Incineroar|Intimidate|boost
|-unboost|p2a: Pelipper|atk|1
|-unboost|p2b: Swampert|atk|1
|move|p2b: Swampert|Earthquake|p1b: Volcarona|[spread] p1a,p1b
|-immune|p2a: Pelipper
|-supereffective|p1a: Incineroar|1
|-damage|p1a: Incineroar|45/100
|-damage|p1b: Volcarona|71/100
|-enditem|p1a: Incineroar|Sitrus Berry|[eat]
|-heal|p1a: Incineroar|70/100|[from] item: Sitrus Berry
|move|p1b: Volcarona|Heat Wave|p2a: Pelipper|[spread] p2a,p2b
|-resisted|p2a: Pelipper|1
|-resisted|p2b: Swampert|1
|-damage|p2a: Pelipper|85/100
|-damage|p2b: Swampert|90/100
|move|p2a: Pelipper|Tailwind|p2a: Pelipper
|-sidestart|p2: satandagiii2005|move: Tailwind
|
|-weather|RainDance|[upkeep]
|-heal|p1b: Volcarona|78/100|[from] item: Leftovers
|upkeep
|turn|5
|inactive|Pakaan64 has 30 seconds left.
|inactive|satandagiii2005 has 30 seconds left.
|
|t:|1782764109
|switch|p2b: Gholdengo|Gholdengo, L50|81/100
|move|p1a: Incineroar|Fake Out|p2b: Gholdengo
|-immune|p2b: Gholdengo
|move|p2a: Pelipper|Weather Ball|p1a: Incineroar
|-supereffective|p1a: Incineroar|1
|-damage|p1a: Incineroar|0 fnt
|faint|p1a: Incineroar
|move|p1b: Volcarona|Quiver Dance|p1b: Volcarona
|-boost|p1b: Volcarona|spa|1
|-boost|p1b: Volcarona|spd|1
|-boost|p1b: Volcarona|spe|1
|
|-weather|RainDance|[upkeep]
|-heal|p1b: Volcarona|84/100|[from] item: Leftovers
|upkeep
|
|t:|1782764116
|switch|p1a: Raichu|Raichu-Mega-Y, L50, M|100/100
|turn|6
|
|t:|1782764130
|move|p1a: Raichu|Fake Out|p2a: Pelipper
|-damage|p2a: Pelipper|75/100
|move|p2b: Gholdengo|Shadow Ball|p1a: Raichu
|-damage|p1a: Raichu|10/100
|-damage|p2b: Gholdengo|71/100|[from] item: Life Orb
|move|p1b: Volcarona|Heat Wave|p2b: Gholdengo|[spread] p2a
|-miss|p1b: Volcarona|p2b: Gholdengo
|-resisted|p2a: Pelipper|1
|-damage|p2a: Pelipper|59/100
|cant|p2a: Pelipper|flinch
|
|-weather|RainDance|[upkeep]
|-heal|p1b: Volcarona|90/100|[from] item: Leftovers
|upkeep
|turn|7
|inactive|Pakaan64 has 30 seconds left.
|inactive|satandagiii2005 has 30 seconds left.
|
|t:|1782764163
|switch|p2a: Swampert|Swampert-Mega, L50, F|90/100
|move|p1a: Raichu|Protect|p1a: Raichu
|-singleturn|p1a: Raichu|Protect
|move|p2b: Gholdengo|Power Gem|p1b: Volcarona
|-supereffective|p1b: Volcarona|2
|-damage|p1b: Volcarona|25/100
|-damage|p2b: Gholdengo|62/100|[from] item: Life Orb
|move|p1b: Volcarona|Quiver Dance|p1b: Volcarona
|-boost|p1b: Volcarona|spa|1
|-boost|p1b: Volcarona|spd|1
|-boost|p1b: Volcarona|spe|1
|
|-weather|none
|-heal|p1b: Volcarona|31/100|[from] item: Leftovers
|-sideend|p2: satandagiii2005|move: Tailwind
|upkeep
|turn|8
|
|t:|1782764183
|move|p2a: Swampert|Protect|p2a: Swampert
|-singleturn|p2a: Swampert|Protect
|move|p1b: Volcarona|Heat Wave|p2b: Gholdengo|[spread] p2b
|-activate|p2a: Swampert|move: Protect
|-supereffective|p2b: Gholdengo|1
|-damage|p2b: Gholdengo|0 fnt
|faint|p2b: Gholdengo
|move|p1a: Raichu|Focus Blast|p2a: Swampert
|-activate|p2a: Swampert|move: Protect
|
|-heal|p1b: Volcarona|38/100|[from] item: Leftovers
|upkeep
|
|t:|1782764194
|switch|p2b: Pelipper|Pelipper, L50, M|59/100
|-weather|RainDance|[from] ability: Drizzle|[of] p2b: Pelipper
|turn|9
|inactive|Pakaan64 has 30 seconds left.
|
|t:|1782764224
|move|p1b: Volcarona|Heat Wave|p2a: Swampert|[spread] p2b
|-miss|p1b: Volcarona|p2a: Swampert
|-resisted|p2b: Pelipper|1
|-damage|p2b: Pelipper|37/100
|-status|p2b: Pelipper|brn
|-enditem|p2b: Pelipper|Sitrus Berry|[eat]
|-heal|p2b: Pelipper|62/100 brn|[from] item: Sitrus Berry
|move|p2a: Swampert|Earthquake|p1b: Volcarona|[spread] p1a,p1b
|-immune|p2b: Pelipper
|-supereffective|p1a: Raichu|1
|-damage|p1a: Raichu|0 fnt
|-damage|p1b: Volcarona|1/100
|faint|p1a: Raichu
|move|p2b: Pelipper|Weather Ball|p1b: Volcarona
|-supereffective|p1b: Volcarona|1
|-damage|p1b: Volcarona|0 fnt
|faint|p1b: Volcarona
|
|win|satandagiii2005
|inactive|Pakaan64 has 30 seconds to confirm battle start!
|inactive|satandagiii2005 has 30 seconds to confirm battle start!
||Pakaan64 is ready for game 3.
||Pakaan64 is ready for game 3.
||satandagiii2005 is ready for game 3.
|uhtml|next|Next: Game 3 of 3
|l|☆Pakaan64
|player|p1|
