|j|☆Julio Potencia
|j|☆bosilek
|html|Julio Potenciabosilek    
|uhtml|bestof|Game 2 of a best-of-3
|t:|1756178994
|gametype|doubles
|player|p1|Julio Potencia|biker-gen4|1033
|player|p2|bosilek|hilbert-wonderlauncher|1071
|gen|9
|tier|[Gen 9] VGC 2025 Reg H (Bo3)
|rated|
|rule|Species Clause: Limit one of each Pokémon
|rule|Item Clause: Limit 1 of each item
|clearpoke
|poke|p1|Electabuzz, L50, F|
|poke|p1|Kingambit, L50, F|
|poke|p1|Volcarona, L50, F|
|poke|p1|Dragonite, L50, F|
|poke|p1|Sneasler, L50, F|
|poke|p1|Rillaboom, L50, M|
|poke|p2|Garchomp, L50, F|
|poke|p2|Incineroar, L50, M|
|poke|p2|Dragonite, L50, F|
|poke|p2|Farigiraf, L50, M|
|poke|p2|Sneasler, L50, M|
|poke|p2|Ninetales-Alola, L50, M|
|teampreview|4
|showteam|p1|Electabuzz||Eviolite|VitalSpirit|FollowMe,Thunderbolt,Taunt,Protect|||F|||50|,,,,,Ghost]Kingambit||BlackGlasses|Defiant|KowtowCleave,SuckerPunch,SwordsDance,Protect|||F|||50|,,,,,Dark]Volcarona||Leftovers|FlameBody|HeatWave,TeraBlast,QuiverDance,Protect|||F|||50|,,,,,Fairy]Dragonite||LoadedDice|Multiscale|ScaleShot,ExtremeSpeed,Haze,Protect|||F|||50|,,,,,Fairy]Sneasler||FocusSash|Unburden|DireClaw,CloseCombat,Coaching,FakeOut|||F|||50|,,,,,Stellar]Rillaboom||AssaultVest|GrassySurge|FakeOut,WoodHammer,GrassyGlide,HighHorsepower|||M|||50|,,,,,Fire
|showteam|p2|Garchomp||LifeOrb|RoughSkin|Protect,Earthquake,DragonClaw,StompingTantrum|||F|||50|,,,,,Ground]Incineroar||SafetyGoggles|Intimidate|FakeOut,PartingShot,KnockOff,FlareBlitz|||M|||50|,,,,,Ghost]Dragonite||LoadedDice|Multiscale|Protect,Tailwind,ScaleShot,ExtremeSpeed|||F|||50|,,,,,Fairy]Farigiraf||RockyHelmet|ArmorTail|DazzlingGleam,PsychicNoise,HelpingHand,TrickRoom|||M|||50|,,,,,Fairy]Sneasler||FocusSash|Unburden|Protect,CloseCombat,DireClaw,Coaching|||M|||50|,,,,,Flying]Ninetales-Alola||CovertCloak|SnowWarning|Blizzard,Moonblast,AuroraVeil,Encore|||M|||50|,,,,,Ghost
|
|t:|1756179038
|teamsize|p1|4
|teamsize|p2|4
|start
|switch|p1a: Volcarona|Volcarona, L50, F|100/100
|switch|p1b: Electabuzz|Electabuzz, L50, F|100/100
|switch|p2a: Garchomp|Garchomp, L50, F, shiny|100/100
|switch|p2b: Dragonite|Dragonite, L50, F|100/100
|turn|1
|
|t:|1756179093
|switch|p1a: Rillaboom|Rillaboom, L50, M|100/100
|-fieldstart|move: Grassy Terrain|[from] ability: Grassy Surge|[of] p1a: Rillaboom
|move|p1b: Electabuzz|Protect|p1b: Electabuzz
|-singleturn|p1b: Electabuzz|Protect
|move|p2a: Garchomp|Earthquake|p1b: Electabuzz|[spread] p1a
|-activate|p1b: Electabuzz|move: Protect
|-immune|p2b: Dragonite
|-resisted|p1a: Rillaboom
|-damage|p1a: Rillaboom|88/100
|-damage|p2a: Garchomp|91/100|[from] item: Life Orb
|move|p2b: Dragonite|Tailwind|p2b: Dragonite
|-sidestart|p2: bosilek|move: Tailwind
|
|-heal|p2a: Garchomp|97/100|[from] Grassy Terrain
|-heal|p1a: Rillaboom|94/100|[from] Grassy Terrain
|upkeep
|turn|2
|
|t:|1756179127
|switch|p2a: Farigiraf|Farigiraf, L50, M|100/100
|move|p2b: Dragonite|Scale Shot|p1a: Rillaboom
|-damage|p1a: Rillaboom|80/100
|-damage|p1a: Rillaboom|67/100
|-damage|p1a: Rillaboom|53/100
|-damage|p1a: Rillaboom|40/100
|-damage|p1a: Rillaboom|26/100
|-hitcount|p1a: Rillaboom|5
|-unboost|p2b: Dragonite|def|1
|-boost|p2b: Dragonite|spe|1
|move|p1b: Electabuzz|Thunderbolt|p2b: Dragonite
|-damage|p2b: Dragonite|84/100
|move|p1a: Rillaboom|Wood Hammer|p2a: Farigiraf
|-damage|p2a: Farigiraf|47/100
|-damage|p1a: Rillaboom|9/100|[from] item: Rocky Helmet|[of] p2a: Farigiraf
|-damage|p1a: Rillaboom|0 fnt|[from] Recoil
|faint|p1a: Rillaboom
|
|-heal|p2a: Farigiraf|53/100|[from] Grassy Terrain
|upkeep
|
|t:|1756179150
|switch|p1a: Kingambit|Kingambit, L50, F|100/100
|turn|3
|
|t:|1756179163
|move|p1b: Electabuzz|Follow Me|p1b: Electabuzz
|-singleturn|p1b: Electabuzz|move: Follow Me
|move|p2b: Dragonite|Scale Shot|p1b: Electabuzz
|-damage|p1b: Electabuzz|88/100
|-damage|p1b: Electabuzz|77/100
|-damage|p1b: Electabuzz|65/100
|-damage|p1b: Electabuzz|53/100
|-damage|p1b: Electabuzz|41/100
|-hitcount|p1b: Electabuzz|5
|-unboost|p2b: Dragonite|def|1
|-boost|p2b: Dragonite|spe|1
|move|p2a: Farigiraf|Dazzling Gleam|p1a: Kingambit|[spread] p1a,p1b
|-damage|p1a: Kingambit|84/100
|-damage|p1b: Electabuzz|30/100
|move|p1a: Kingambit|Swords Dance|p1a: Kingambit
|-boost|p1a: Kingambit|atk|2
|
|-heal|p2a: Farigiraf|60/100|[from] Grassy Terrain
|-heal|p1b: Electabuzz|35/100|[from] Grassy Terrain
|-heal|p1a: Kingambit|90/100|[from] Grassy Terrain
|upkeep
|turn|4
|
|t:|1756179187
|switch|p2a: Sneasler|Sneasler, L50, M|100/100
|move|p1a: Kingambit|Protect|p1a: Kingambit
|-singleturn|p1a: Kingambit|Protect
|move|p2b: Dragonite|Scale Shot|p1b: Electabuzz
|-damage|p1b: Electabuzz|24/100
|-damage|p1b: Electabuzz|12/100
|-damage|p1b: Electabuzz|1/100
|-damage|p1b: Electabuzz|0 fnt
|faint|p1b: Electabuzz
|-hitcount|p1: Electabuzz|4
|-unboost|p2b: Dragonite|def|1
|-boost|p2b: Dragonite|spe|1
|
|-heal|p1a: Kingambit|96/100|[from] Grassy Terrain
|-sideend|p2: bosilek|move: Tailwind
|upkeep
|
|t:|1756179194
|switch|p1b: Volcarona|Volcarona, L50, F|100/100
|turn|5
|
|t:|1756179229
|switch|p2b: Farigiraf|Farigiraf, L50, M|60/100
|move|p2a: Sneasler|Close Combat|p1a: Kingambit
|-supereffective|p1a: Kingambit
|-damage|p1a: Kingambit|0 fnt
|-unboost|p2a: Sneasler|def|1
|-unboost|p2a: Sneasler|spd|1
|faint|p1a: Kingambit
|move|p1b: Volcarona|Quiver Dance|p1b: Volcarona
|-boost|p1b: Volcarona|spa|1
|-boost|p1b: Volcarona|spd|1
|-boost|p1b: Volcarona|spe|1
|
|-heal|p2b: Farigiraf|66/100|[from] Grassy Terrain
|-fieldend|move: Grassy Terrain
|upkeep
|turn|6
|
|t:|1756179246
|move|p1b: Volcarona|Heat Wave|p2b: Farigiraf|[spread] p2a,p2b
|-enditem|p2a: Sneasler|Focus Sash
|-damage|p2a: Sneasler|1/100
|-damage|p2b: Farigiraf|12/100
|move|p2a: Sneasler|Dire Claw|p1b: Volcarona
|-damage|p1b: Volcarona|58/100
|move|p2b: Farigiraf|Psychic Noise|p1b: Volcarona
|-damage|p1b: Volcarona|41/100
|-start|p1b: Volcarona|move: Heal Block
|
|upkeep
|turn|7
|
|t:|1756179271
|move|p2a: Sneasler|Dire Claw|p1b: Volcarona
|-crit|p1b: Volcarona
|-damage|p1b: Volcarona|0 fnt
|faint|p1b: Volcarona
|
|win|bosilek
||Julio Potencia is ready for game 3.
