|j|☆Sunside
|j|☆Arman136821
|html|SunsideArman136821    
|uhtml|bestof|Game 2 of a best-of-3
|t:|1785672976
|gametype|doubles
|player|p1|Sunside|pokemonbreeder-gen4|1173
|player|p2|Arman136821|benga|1110
|gen|9
|tier|[Gen 9 Champions] VGC 2026 Reg M-B (Bo3)
|rated|
|rule|Species Clause: Limit one of each Pokémon
|rule|Item Clause: Limit 1 of each item
|clearpoke
|poke|p1|Dragapult, L50, F|
|poke|p1|Ninetales-Alola, L50, M|
|poke|p1|Lycanroc-Dusk, L50, M|
|poke|p1|Kingambit, L50, F|
|poke|p1|Scovillain, L50, M|
|poke|p1|Raichu, L50, M|
|poke|p2|Blaziken, L50, M|
|poke|p2|Torkoal, L50, F|
|poke|p2|Maushold-Four, L50|
|poke|p2|Basculegion, L50, M|
|poke|p2|Incineroar, L50, M|
|poke|p2|Floette-Eternal, L50, F|
|teampreview|4
|showteam|p1|Dragapult||DragonFang|ClearBody|DragonDance,DragonDarts,PhantomForce,Protect|Jolly||F|||50|]Ninetales-Alola||NeverMeltIce|SnowWarning|Blizzard,FreezeDry,AuroraVeil,Protect|Timid||M|||50|]Lycanroc-Dusk||FocusSash|ToughClaws|RockSlide,CloseCombat,Accelerock,Protect|Jolly||M|||50|]Kingambit||LifeOrb|Defiant|KowtowCleave,IronHead,SuckerPunch,Protect|Adamant||F|||50|]Scovillain||Scovillainite|Moody|RagePowder,Overheat,GigaDrain,Protect|Bold||M|||50|]Raichu||RaichuniteY|Static|FakeOut,ZapCannon,FocusBlast,Protect|Timid||M|||50|
|showteam|p2|Blaziken||Blazikenite|SpeedBoost|CloseCombat,FlareBlitz,ThunderPunch,Protect|Adamant||M|||50|]Torkoal||QuickClaw|Drought|Eruption,LavaPlume,EarthPower,SolarBeam|Modest||F|||50|]Maushold-Four||WideLens|Technician|PopulationBomb,BulletSeed,ShadowClaw,FollowMe|Adamant|||||50|]Basculegion||MysticWater|Adaptability|LastRespects,IceFang,AquaJet,WaveCrash|Jolly||M|||50|]Incineroar||Leftovers|Intimidate|FakeOut,CloseCombat,ThroatChop,FlareBlitz|Adamant||M|||50|]Floette-Eternal||Floettite|FlowerVeil|LightofRuin,DazzlingGleam,Protect,Psychic|Modest||F|||50|
|inactive|Battle timer is ON: inactive players will automatically lose when time's up. (requested by Arman136821)
|
|t:|1785672998
|teamsize|p1|4
|teamsize|p2|4
|start
|switch|p1a: Lycanroc|Lycanroc-Dusk, L50, M|100/100
|switch|p1b: Dragapult|Dragapult, L50, F|100/100
|switch|p2a: Torkoal|Torkoal, L50, F|100/100
|switch|p2b: Maushold|Maushold-Four, L50|100/100
|-weather|SunnyDay|[from] ability: Drought|[of] p2a: Torkoal
|turn|1
|
|t:|1785673016
|move|p1b: Dragapult|Dragon Dance|p1b: Dragapult
|-boost|p1b: Dragapult|atk|1
|-boost|p1b: Dragapult|spe|1
|move|p1a: Lycanroc|Rock Slide|p2a: Torkoal|[spread] p2a,p2b
|-supereffective|p2a: Torkoal|1
|-damage|p2a: Torkoal|62/100
|-damage|p2b: Maushold|57/100
|move|p2b: Maushold|Shadow Claw|p1b: Dragapult
|-supereffective|p1b: Dragapult|1
|-crit|p1b: Dragapult
|-damage|p1b: Dragapult|32/100
|move|p2a: Torkoal|Solar Beam||[still]
|-prepare|p2a: Torkoal|Solar Beam
|-anim|p2a: Torkoal|Solar Beam|p1a: Lycanroc
|-supereffective|p1a: Lycanroc|1
|-enditem|p1a: Lycanroc|Focus Sash
|-damage|p1a: Lycanroc|1/100
|
|-weather|SunnyDay|[upkeep]
|upkeep
|turn|2
|inactive|Sunside has 30 seconds left.
|
|t:|1785673050
|move|p2b: Maushold|Follow Me|p2b: Maushold
|-singleturn|p2b: Maushold|move: Follow Me
|move|p1b: Dragapult|Dragon Darts|p2b: Maushold
|-crit|p2b: Maushold
|-damage|p2b: Maushold|0 fnt
|faint|p2b: Maushold
|move|p1a: Lycanroc|Rock Slide|p2a: Torkoal
|-supereffective|p2a: Torkoal|1
|-damage|p2a: Torkoal|3/100
|move|p2a: Torkoal|Eruption|p1b: Dragapult|[spread] p1a,p1b
|-resisted|p1a: Lycanroc|1
|-resisted|p1b: Dragapult|1
|-damage|p1a: Lycanroc|0 fnt
|-damage|p1b: Dragapult|31/100
|faint|p1a: Lycanroc
|
|-weather|SunnyDay|[upkeep]
|upkeep
|
|t:|1785673066
|switch|p1a: Scovillain|Scovillain, L50, M|100/100
|switch|p2b: Basculegion|Basculegion, L50, M|100/100
|turn|3
|inactive|Sunside has 30 seconds left.
|
|t:|1785673092
|detailschange|p1a: Scovillain|Scovillain-Mega, L50, M
|-mega|p1a: Scovillain|Scovillain|Scovillainite
|move|p1a: Scovillain|Rage Powder|p1a: Scovillain
|-singleturn|p1a: Scovillain|move: Rage Powder
|move|p1b: Dragapult|Dragon Darts|p2a: Torkoal
|-damage|p2a: Torkoal|0 fnt
|-anim|p1b: Dragapult|Dragon Darts|p2b: Basculegion
|-damage|p2b: Basculegion|39/100
|faint|p2a: Torkoal
|move|p2b: Basculegion|Last Respects|p1a: Scovillain
|-damage|p1a: Scovillain|22/100
|-status|p2b: Basculegion|brn|[from] ability: Spicy Spray|[of] p1a: Scovillain
|
|-weather|SunnyDay|[upkeep]
|-damage|p2b: Basculegion|32/100 brn|[from] brn
|upkeep
|
|t:|1785673107
|switch|p2a: Blaziken|Blaziken, L50, M|100/100
|turn|4
|
|t:|1785673121
|detailschange|p2a: Blaziken|Blaziken-Mega, L50, M
|-mega|p2a: Blaziken|Blaziken|Blazikenite
|move|p1a: Scovillain|Rage Powder|p1a: Scovillain
|-singleturn|p1a: Scovillain|move: Rage Powder
|move|p2b: Basculegion|Aqua Jet|p1a: Scovillain
|-damage|p1a: Scovillain|16/100
|move|p1b: Dragapult|Dragon Darts|p2a: Blaziken
|-damage|p2a: Blaziken|33/100
|-anim|p1b: Dragapult|Dragon Darts|p2b: Basculegion
|-damage|p2b: Basculegion|0 fnt
|faint|p2b: Basculegion
|move|p2a: Blaziken|Flare Blitz|p1a: Scovillain
|-damage|p1a: Scovillain|0 fnt
|-immune|p2a: Blaziken
|faint|p1a: Scovillain
|-damage|p2a: Blaziken|27/100|[from] Recoil
|
|-weather|SunnyDay|[upkeep]
|-ability|p2a: Blaziken|Speed Boost|boost
|-boost|p2a: Blaziken|spe|1
|upkeep
|
|t:|1785673128
|switch|p1a: Ninetales|Ninetales-Alola, L50, M|100/100
|-weather|Snowscape|[from] ability: Snow Warning|[of] p1a: Ninetales
|turn|5
|
|t:|1785673145
|move|p2a: Blaziken|Protect|p2a: Blaziken
|-singleturn|p2a: Blaziken|Protect
|move|p1b: Dragapult|Phantom Force||[still]
|-prepare|p1b: Dragapult|Phantom Force
|move|p1a: Ninetales|Aurora Veil|p1a: Ninetales
|-sidestart|p1: Sunside|move: Aurora Veil
|
|-weather|Snowscape|[upkeep]
|-ability|p2a: Blaziken|Speed Boost|boost
|-boost|p2a: Blaziken|spe|1
|upkeep
|turn|6
|
|t:|1785673156
|move|p2a: Blaziken|Flare Blitz|p1a: Ninetales
|-supereffective|p1a: Ninetales|1
|-damage|p1a: Ninetales|0 fnt
|faint|p1a: Ninetales
|-damage|p2a: Blaziken|0 fnt|[from] Recoil
|faint|p2a: Blaziken
|
|win|Sunside
||Sunside is ready for game 3.
||Arman136821 is ready for game 3.
|uhtml|next|Next: Game 3 of 3
|l|☆Arman136821
|player|p2|
