|j|☆BossKingE
|j|☆jomivgc
|html|BossKingEjomivgc    
|uhtml|bestof|Game 3 of a best-of-3
|t:|1783012558
|gametype|doubles
|player|p1|BossKingE|red|1087
|player|p2|jomivgc|falkner-gen2|1035
|gen|9
|tier|[Gen 9 Champions] VGC 2026 Reg M-B (Bo3)
|rated|
|rule|Species Clause: Limit one of each Pokémon
|rule|Item Clause: Limit 1 of each item
|clearpoke
|poke|p1|Scrafty, L50, F, shiny|
|poke|p1|Gholdengo, L50, shiny|
|poke|p1|Whimsicott, L50, M, shiny|
|poke|p1|Garchomp, L50, M, shiny|
|poke|p1|Charizard, L50, F, shiny|
|poke|p1|Basculegion, L50, M, shiny|
|poke|p2|Maushold-Four, L50|
|poke|p2|Farigiraf, L50, M|
|poke|p2|Torkoal, L50, M|
|poke|p2|Armarouge, L50, F|
|poke|p2|Mawile, L50, M|
|poke|p2|Scrafty, L50, M|
|teampreview|4
|showteam|p1|Scrafty||Scraftinite|Intimidate|DrainPunch,KnockOff,DragonDance,Protect|Adamant||F|||50|]Gholdengo||LifeOrb|GoodasGold|ShadowBall,MakeItRain,Thunderbolt,Protect|Modest|||||50|]Whimsicott||FocusSash|Prankster|Moonblast,Tailwind,Encore,Protect|Timid||M|||50|]Garchomp||SitrusBerry|RoughSkin|DragonClaw,StompingTantrum,RockSlide,Protect|Jolly||M|||50|]Charizard||CharizarditeY|SolarPower|HeatWave,WeatherBall,SolarBeam,Protect|Modest||F|||50|]Basculegion||MysticWater|Adaptability|WaveCrash,AquaJet,LastRespects,Protect|Adamant||M|||50|
|showteam|p2|Maushold-Four||WideLens|Technician|PopulationBomb,FollowMe,AfterYou,Taunt|Jolly|||||50|]Farigiraf||ColburBerry|ArmorTail|Psychic,HelpingHand,TrickRoom,Protect|Bold||M|||50|]Torkoal||Charcoal|Drought|Eruption,WeatherBall,EarthPower,Protect|Quiet||M|||50|]Armarouge||LifeOrb|FlashFire|Psychic,HeatWave,TrickRoom,Protect|Quiet||F|||50|]Mawile||Mawilite|HyperCutter|PlayRough,IronHead,RockSlide,Protect|Brave||M|||50|]Scrafty||Scraftinite|Intimidate|CloseCombat,KnockOff,FakeOut,Protect|Brave||M|||50|
|inactive|Battle timer is ON: inactive players will automatically lose when time's up. (requested by BossKingE)
|inactive|jomivgc also wants the timer to be on.
|inactive|BossKingE has 60 seconds left.
|
|t:|1783012600
|teamsize|p1|4
|teamsize|p2|4
|start
|switch|p1a: Scrafty|Scrafty, L50, F, shiny|100/100
|switch|p1b: Basculegion|Basculegion, L50, M, shiny|100/100
|switch|p2a: Farigiraf|Farigiraf, L50, M|100/100
|switch|p2b: Scrafty|Scrafty, L50, M|100/100
|-ability|p1a: Scrafty|Intimidate|boost
|-unboost|p2a: Farigiraf|atk|1
|-unboost|p2b: Scrafty|atk|1
|-ability|p2b: Scrafty|Intimidate|boost
|-unboost|p1a: Scrafty|atk|1
|-unboost|p1b: Basculegion|atk|1
|turn|1
|inactive|BossKingE has 30 seconds left.
|inactive|BossKingE has 20 seconds left.
|
|t:|1783012639
|detailschange|p2b: Scrafty|Scrafty-Mega, L50, M
|-mega|p2b: Scrafty|Scrafty|Scraftinite
|-ability|p2b: Scrafty|Intimidate|boost
|-unboost|p1a: Scrafty|atk|1
|-unboost|p1b: Basculegion|atk|1
|move|p2b: Scrafty|Fake Out|p1a: Scrafty
|-damage|p1a: Scrafty|89/100
|move|p1b: Basculegion|Wave Crash|p2b: Scrafty
|-damage|p2b: Scrafty|55/100
|-damage|p1b: Basculegion|87/100|[from] Recoil
|cant|p1a: Scrafty|flinch
|move|p2a: Farigiraf|Trick Room|p2a: Farigiraf
|-fieldstart|move: Trick Room|[of] p2a: Farigiraf
|
|upkeep
|turn|2
|
|t:|1783012660
|move|p2a: Farigiraf|Helping Hand|p2b: Scrafty
|-singleturn|p2b: Scrafty|Helping Hand|[of] p2a: Farigiraf
|move|p1b: Basculegion|Protect|p1b: Basculegion
|-singleturn|p1b: Basculegion|Protect
|move|p2b: Scrafty|Knock Off|p1b: Basculegion
|-activate|p1b: Basculegion|move: Protect
|move|p1a: Scrafty|Drain Punch|p2b: Scrafty
|-supereffective|p2b: Scrafty|1
|-damage|p2b: Scrafty|27/100
|-heal|p1a: Scrafty|100/100|[from] drain|[of] p2b: Scrafty
|
|upkeep
|turn|3
|inactive|BossKingE has 30 seconds left.
|
|t:|1783012686
|switch|p1b: Garchomp|Garchomp, L50, M, shiny|100/100
|detailschange|p1a: Scrafty|Scrafty-Mega, L50, F, shiny
|-mega|p1a: Scrafty|Scrafty|Scraftinite
|-ability|p1a: Scrafty|Intimidate|boost
|-unboost|p2a: Farigiraf|atk|1
|-unboost|p2b: Scrafty|atk|1
|move|p2a: Farigiraf|Helping Hand|p2b: Scrafty
|-singleturn|p2b: Scrafty|Helping Hand|[of] p2a: Farigiraf
|move|p2b: Scrafty|Close Combat|p1a: Scrafty
|-supereffective|p1a: Scrafty|1
|-damage|p1a: Scrafty|14/100
|-unboost|p2b: Scrafty|def|1
|-unboost|p2b: Scrafty|spd|1
|move|p1a: Scrafty|Knock Off|p2a: Farigiraf
|-supereffective|p2a: Farigiraf|1
|-enditem|p2a: Farigiraf|Colbur Berry|[eat]
|-enditem|p2a: Farigiraf|Colbur Berry|[weaken]
|-damage|p2a: Farigiraf|77/100
|
|upkeep
|turn|4
|
|t:|1783012703
|move|p1a: Scrafty|Protect|p1a: Scrafty
|-singleturn|p1a: Scrafty|Protect
|move|p2b: Scrafty|Knock Off|p1b: Garchomp
|-damage|p1b: Garchomp|73/100
|-damage|p2b: Scrafty|15/100|[from] ability: Rough Skin|[of] p1b: Garchomp
|-enditem|p1b: Garchomp|Sitrus Berry|[from] move: Knock Off|[of] p2b: Scrafty
|move|p2a: Farigiraf|Psychic|p1b: Garchomp
|-damage|p1b: Garchomp|38/100
|move|p1b: Garchomp|Rock Slide|p2a: Farigiraf|[spread] p2b
|-miss|p1b: Garchomp|p2a: Farigiraf
|-resisted|p2b: Scrafty|1
|-damage|p2b: Scrafty|4/100
|
|upkeep
|turn|5
|
|t:|1783012721
|switch|p1a: Basculegion|Basculegion, L50, M, shiny|87/100
|move|p2a: Farigiraf|Helping Hand|p2b: Scrafty
|-singleturn|p2b: Scrafty|Helping Hand|[of] p2a: Farigiraf
|move|p1b: Garchomp|Protect|p1b: Garchomp
|-singleturn|p1b: Garchomp|Protect
|move|p2b: Scrafty|Close Combat|p1a: Basculegion
|-immune|p1a: Basculegion
|
|-fieldend|move: Trick Room
|upkeep
|turn|6
|
|t:|1783012739
|move|p2b: Scrafty|Protect|p2b: Scrafty
|-singleturn|p2b: Scrafty|Protect
|move|p1b: Garchomp|Rock Slide|p2a: Farigiraf|[spread] p2a
|-activate|p2b: Scrafty|move: Protect
|-damage|p2a: Farigiraf|61/100
|move|p1a: Basculegion|Wave Crash|p2a: Farigiraf
|-damage|p2a: Farigiraf|0 fnt
|faint|p2a: Farigiraf
|-damage|p1a: Basculegion|63/100|[from] Recoil
|
|upkeep
|
|t:|1783012746
|switch|p2a: Armarouge|Armarouge, L50, F|100/100
|turn|7
|
|t:|1783012766
|switch|p2b: Torkoal|Torkoal, L50, M|100/100
|-weather|SunnyDay|[from] ability: Drought|[of] p2b: Torkoal
|move|p2a: Armarouge|Protect|p2a: Armarouge
|-singleturn|p2a: Armarouge|Protect
|move|p1b: Garchomp|Dragon Claw|p2b: Torkoal
|-damage|p2b: Torkoal|68/100
|move|p1a: Basculegion|Wave Crash|p2a: Armarouge
|-activate|p2a: Armarouge|move: Protect
|
|-weather|SunnyDay|[upkeep]
|upkeep
|turn|8
|
|t:|1783012788
|switch|p2b: Scrafty|Scrafty-Mega, L50, M|4/100
|-ability|p2b: Scrafty|Intimidate|boost
|-unboost|p1a: Basculegion|atk|1
|-unboost|p1b: Garchomp|atk|1
|move|p1b: Garchomp|Rock Slide|p2b: Scrafty|[spread] p2a,p2b
|-supereffective|p2a: Armarouge|1
|-resisted|p2b: Scrafty|1
|-damage|p2a: Armarouge|76/100
|-damage|p2b: Scrafty|0 fnt
|faint|p2b: Scrafty
|move|p1a: Basculegion|Wave Crash|p2a: Armarouge
|-supereffective|p2a: Armarouge|1
|-damage|p2a: Armarouge|15/100
|-damage|p1a: Basculegion|44/100|[from] Recoil
|move|p2a: Armarouge|Trick Room|p2a: Armarouge
|-fieldstart|move: Trick Room|[of] p2a: Armarouge
|
|-weather|SunnyDay|[upkeep]
|upkeep
|
|t:|1783012801
|switch|p2b: Torkoal|Torkoal, L50, M|68/100
|turn|9
|
|t:|1783012810
|move|p1a: Basculegion|Protect|p1a: Basculegion
|-singleturn|p1a: Basculegion|Protect
|move|p1b: Garchomp|Protect|p1b: Garchomp
|-singleturn|p1b: Garchomp|Protect
|move|p2b: Torkoal|Weather Ball|p1b: Garchomp
|-activate|p1b: Garchomp|move: Protect
|move|p2a: Armarouge|Psychic|p1a: Basculegion
|-activate|p1a: Basculegion|move: Protect
|
|-weather|SunnyDay|[upkeep]
|upkeep
|turn|10
|
|t:|1783012835
|switch|p1b: Scrafty|Scrafty-Mega, L50, F, shiny|14/100
|-ability|p1b: Scrafty|Intimidate|boost
|-unboost|p2a: Armarouge|atk|1
|-unboost|p2b: Torkoal|atk|1
|move|p2a: Armarouge|Protect|p2a: Armarouge
|-singleturn|p2a: Armarouge|Protect
|move|p1a: Basculegion|Aqua Jet|p2a: Armarouge
|-activate|p2a: Armarouge|move: Protect
|move|p2b: Torkoal|Weather Ball|p1a: Basculegion
|-resisted|p1a: Basculegion|1
|-damage|p1a: Basculegion|3/100
|
|-weather|SunnyDay|[upkeep]
|upkeep
|turn|11
|
|t:|1783012852
|move|p1b: Scrafty|Protect|p1b: Scrafty
|-singleturn|p1b: Scrafty|Protect
|move|p1a: Basculegion|Aqua Jet|p2a: Armarouge
|-supereffective|p2a: Armarouge|1
|-damage|p2a: Armarouge|0 fnt
|faint|p2a: Armarouge
|move|p2b: Torkoal|Eruption|p1a: Basculegion|[spread] p1a
|-activate|p1b: Scrafty|move: Protect
|-resisted|p1a: Basculegion|1
|-damage|p1a: Basculegion|0 fnt
|faint|p1a: Basculegion
|
|-weather|none
|upkeep
|
|t:|1783012856
|switch|p1a: Garchomp|Garchomp, L50, M, shiny|38/100
|turn|12
|
|t:|1783012860
|switch|p1b: Charizard|Charizard, L50, F, shiny|100/100
|move|p1a: Garchomp|Protect|p1a: Garchomp
|-singleturn|p1a: Garchomp|Protect
|move|p2b: Torkoal|Eruption|p1a: Garchomp|[spread] p1b
|-activate|p1a: Garchomp|move: Protect
|-resisted|p1b: Charizard|1
|-damage|p1b: Charizard|77/100
|
|-fieldend|move: Trick Room
|upkeep
|turn|13
|-message|jomivgc forfeited.
|
|win|BossKingE
|raw|BossKingE's rating: 1087 → 1110(+23 for winning)
|raw|jomivgc's rating: 1035 → 1022(-13 for losing)
|l|☆jomivgc
|player|p2|
