|j|☆cpawn
|j|☆dont make me walk
|html|cpawndont make me walk    
|uhtml|bestof|Game 1 of a best-of-3
|t:|1756506137
|gametype|doubles
|player|p1|cpawn|hiker-gen4|1098
|player|p2|dont make me walk|red-masters3|1231
|gen|9
|tier|[Gen 9] VGC 2025 Reg H (Bo3)
|rated|
|rule|Species Clause: Limit one of each Pokémon
|rule|Item Clause: Limit 1 of each item
|clearpoke
|poke|p1|Meganium, L50, F|
|poke|p1|Delphox, L50, M|
|poke|p1|Primarina, L50, F|
|poke|p1|Kleavor, L50, M|
|poke|p1|Grimmsnarl, L50, M|
|poke|p1|Ampharos, L50, F|
|poke|p2|Ursaluna-Bloodmoon, L50, M|
|poke|p2|Indeedee, L50, M|
|poke|p2|Sneasler, L50, M|
|poke|p2|Incineroar, L50, F|
|poke|p2|Electabuzz, L50, M|
|poke|p2|Talonflame, L50, F|
|teampreview|4
|showteam|p1|Meganium||Leftovers|LeafGuard|GrassPledge,HealPulse,LeechSeed,Protect|||F|||50|,,,,,Fire]Delphox||SitrusBerry|Magician|FirePledge,Psychic,SunnyDay,Protect|||M|||50|,,,,,Grass]Primarina||LifeOrb|LiquidVoice|HyperVoice,Moonblast,WaterPledge,Protect|||F|||50|,,,,,Poison]Kleavor||WideLens|Sharpness|StoneAxe,RockSlide,XScissor,Protect|||M|||50|,,,,,Water]Grimmsnarl||LightClay|Prankster|SpiritBreak,Taunt,LightScreen,Reflect|||M|||50|,,,,,Steel]Ampharos||AssaultVest|Static|Thunderbolt,Discharge,DragonPulse,ChargeBeam|||F|||50|,,,,,Dragon
|showteam|p2|Ursaluna-Bloodmoon||LifeOrb|MindsEye|Protect,EarthPower,HyperVoice,BloodMoon|||M|||50|,,,,,Normal]Indeedee||FocusSash|PsychicSurge|ExpandingForce,TeraBlast,TrickRoom,Protect|||M|||50|,,,,,Fighting]Sneasler||PsychicSeed|Unburden|DireClaw,CloseCombat,ThroatChop,Protect|||M|||50|,,,,,Dark]Incineroar||AssaultVest|Intimidate|FakeOut,KnockOff,FlareBlitz,Uturn|||F|||50|,,,,,Grass]Electabuzz||Eviolite|VitalSpirit|Electroweb,Taunt,FollowMe,Protect|||M|||50|,,,,,Ghost]Talonflame||CovertCloak|GaleWings|FlareBlitz,DualWingbeat,WillOWisp,Tailwind|||F|||50|,,,,,Fairy
|inactive|Battle timer is ON: inactive players will automatically lose when time's up. (requested by dont make me walk)
|inactive|dont make me walk has 60 seconds left.
|
|t:|1756506187
|teamsize|p1|4
|teamsize|p2|4
|start
|switch|p1a: Kleavor|Kleavor, L50, M|100/100
|switch|p1b: Grimmsnarl|Grimmsnarl, L50, M|100/100
|switch|p2a: Incineroar|Incineroar, L50, F|100/100
|switch|p2b: Ursaluna|Ursaluna-Bloodmoon, L50, M|100/100
|-ability|p2a: Incineroar|Intimidate|boost
|-unboost|p1a: Kleavor|atk|1
|-unboost|p1b: Grimmsnarl|atk|1
|turn|1
|
|t:|1756506207
|-terastallize|p2b: Ursaluna|Normal
|move|p2a: Incineroar|Fake Out|p1b: Grimmsnarl
|-damage|p1b: Grimmsnarl|89/100
|cant|p1b: Grimmsnarl|flinch
|move|p1a: Kleavor|Stone Axe|p2a: Incineroar
|-supereffective|p2a: Incineroar
|-damage|p2a: Incineroar|17/100
|-sidestart|p2: dont make me walk|move: Stealth Rock
|move|p2b: Ursaluna|Blood Moon|p1b: Grimmsnarl
|-damage|p1b: Grimmsnarl|0 fnt
|faint|p1b: Grimmsnarl
|-damage|p2b: Ursaluna|91/100|[from] item: Life Orb
|
|upkeep
|
|t:|1756506224
|switch|p1b: Primarina|Primarina, L50, F|100/100
|turn|2
|
|t:|1756506232
|switch|p2a: Electabuzz|Electabuzz, L50, M|100/100
|-damage|p2a: Electabuzz|88/100|[from] Stealth Rock
|move|p2b: Ursaluna|Protect|p2b: Ursaluna
|-singleturn|p2b: Ursaluna|Protect
|move|p1a: Kleavor|Stone Axe|p2b: Ursaluna
|-activate|p2b: Ursaluna|move: Protect
|move|p1b: Primarina|Hyper Voice|p2b: Ursaluna|[spread] p2a
|-activate|p2b: Ursaluna|move: Protect
|-damage|p2a: Electabuzz|49/100
|-damage|p1b: Primarina|91/100|[from] item: Life Orb
|
|upkeep
|turn|3
|
|t:|1756506251
|move|p1a: Kleavor|Rock Slide|p2a: Electabuzz|[spread] p2a,p2b
|-crit|p2b: Ursaluna
|-damage|p2a: Electabuzz|33/100
|-damage|p2b: Ursaluna|52/100
|cant|p2a: Electabuzz|flinch
|move|p2b: Ursaluna|Blood Moon|p1b: Primarina
|-damage|p1b: Primarina|0 fnt
|faint|p1b: Primarina
|-damage|p2b: Ursaluna|42/100|[from] item: Life Orb
|
|upkeep
|
|t:|1756506261
|switch|p1b: Meganium|Meganium, L50, F|100/100
|turn|4
|
|t:|1756506274
|move|p2b: Ursaluna|Protect|p2b: Ursaluna
|-singleturn|p2b: Ursaluna|Protect
|move|p1a: Kleavor|Rock Slide|p2b: Ursaluna|[spread] p2a
|-activate|p2b: Ursaluna|move: Protect
|-damage|p2a: Electabuzz|19/100
|cant|p2a: Electabuzz|flinch
|move|p1b: Meganium|Leech Seed|p2b: Ursaluna
|-activate|p2b: Ursaluna|move: Protect
|
|upkeep
|turn|5
|
|t:|1756506299
|move|p1a: Kleavor|Rock Slide|p2a: Electabuzz|[spread] p2a,p2b
|-damage|p2a: Electabuzz|3/100
|-damage|p2b: Ursaluna|27/100
|move|p2a: Electabuzz|Electroweb|p1b: Meganium|[spread] p1a,p1b
|-resisted|p1b: Meganium
|-damage|p1a: Kleavor|77/100
|-damage|p1b: Meganium|94/100
|-unboost|p1a: Kleavor|spe|1
|-unboost|p1b: Meganium|spe|1
|move|p2b: Ursaluna|Blood Moon|p1a: Kleavor
|-resisted|p1a: Kleavor
|-crit|p1a: Kleavor
|-damage|p1a: Kleavor|0 fnt
|faint|p1a: Kleavor
|-damage|p2b: Ursaluna|17/100|[from] item: Life Orb
|move|p1b: Meganium|Leech Seed|p2b: Ursaluna
|-start|p2b: Ursaluna|move: Leech Seed
|
|-heal|p1b: Meganium|100/100|[from] item: Leftovers
|-damage|p2b: Ursaluna|5/100|[from] Leech Seed|[of] p1b: Meganium
|upkeep
|turn|6
|
|t:|1756506320
|switch|p2b: Sneasler|Sneasler, L50, M|100/100
|-damage|p2b: Sneasler|95/100|[from] Stealth Rock
|move|p1b: Meganium|Protect|p1b: Meganium
|-singleturn|p1b: Meganium|Protect
|move|p2a: Electabuzz|Taunt|p1b: Meganium
|-activate|p1b: Meganium|move: Protect
|
|upkeep
|turn|7
|
|t:|1756506341
|-terastallize|p1b: Meganium|Fire
|move|p2b: Sneasler|Dire Claw|p1b: Meganium
|-damage|p1b: Meganium|68/100
|-status|p1b: Meganium|slp
|move|p2a: Electabuzz|Taunt|p1b: Meganium
|-start|p1b: Meganium|move: Taunt
|cant|p1b: Meganium|slp
|
|-heal|p1b: Meganium|74/100 slp|[from] item: Leftovers
|upkeep
|turn|8
|
|t:|1756506353
|move|p2b: Sneasler|Close Combat|p1b: Meganium
|-crit|p1b: Meganium
|-damage|p1b: Meganium|0 fnt
|-unboost|p2b: Sneasler|def|1
|-unboost|p2b: Sneasler|spd|1
|faint|p1b: Meganium
|
|win|dont make me walk
||cpawn is ready for game 2.
||dont make me walk is ready for game 2.
|uhtml|next|Next: Game 2 of 3
