|j|☆Gabeeel
|j|☆psychic system
|html|Gabeeelpsychic system    
|uhtml|bestof|Game 1 of a best-of-3
|t:|1757726897
|gametype|doubles
|player|p1|Gabeeel|iris|1205
|player|p2|psychic system|dawn|1180
|gen|9
|tier|[Gen 9] VGC 2025 Reg H (Bo3)
|rated|
|rule|Species Clause: Limit one of each Pokémon
|rule|Item Clause: Limit 1 of each item
|clearpoke
|poke|p1|Tyranitar, L50, F|
|poke|p1|Excadrill, L50, F|
|poke|p1|Kilowattrel, L50, F|
|poke|p1|Amoonguss, L50, F|
|poke|p1|Farigiraf, L50, M|
|poke|p1|Mienshao, L50, F|
|poke|p2|Incineroar, L50, M|
|poke|p2|Florges, L50, F|
|poke|p2|Amoonguss, L50, F|
|poke|p2|Pelipper, L50, M|
|poke|p2|Garchomp, L50, F|
|poke|p2|Rillaboom, L50, M|
|teampreview|4
|showteam|p1|Tyranitar||AssaultVest|SandStream|RockSlide,KnockOff,LowKick,IcyWind|||F|||50|,,,,,Flying]Excadrill||ClearAmulet|SandRush|HighHorsepower,IronHead,Earthquake,Protect|||F|||50|,,,,,Ghost]Kilowattrel||CovertCloak|Competitive|Thunderbolt,AirSlash,Tailwind,Protect|||F|||50|,,,,,Steel]Amoonguss||RockyHelmet|Regenerator|Spore,RagePowder,SludgeBomb,Protect|||F|||50|,,,,,Psychic]Farigiraf||ThroatSpray|ArmorTail|HyperVoice,PsychicNoise,HelpingHand,TrickRoom|||M|||50|,,,,,Fairy]Mienshao||FocusSash|InnerFocus|CloseCombat,IceSpinner,Taunt,WideGuard|||F|||50|,,,,,Dark
|showteam|p2|Incineroar||SafetyGoggles|Intimidate|FakeOut,KnockOff,FlareBlitz,PartingShot|||M|||50|,,,,,Ghost]Florges||Leftovers|FlowerVeil|Moonblast,DazzlingGleam,CalmMind,Protect|||F|||50|,,,,,Poison]Amoonguss||SitrusBerry|Regenerator|ClearSmog,Spore,PollenPuff,RagePowder|||F|||50|,,,,,Water]Pelipper||ChoiceScarf|Drizzle|MuddyWater,Hurricane,IcyWind,WeatherBall|||M|||50|,,,,,Water]Garchomp||ClearAmulet|RoughSkin|StompingTantrum,DragonClaw,SwordsDance,Protect|||F|||50|,,,,,Poison]Rillaboom||AssaultVest|GrassySurge|DrumBeating,GrassyGlide,HighHorsepower,FakeOut|||M|||50|,,,,,Fire
|inactive|Battle timer is ON: inactive players will automatically lose when time's up. (requested by psychic system)
|inactive|Gabeeel has 60 seconds left.
|inactive|psychic system has 60 seconds left.
|
|t:|1757726949
|teamsize|p1|4
|teamsize|p2|4
|start
|switch|p1a: Tyranitar|Tyranitar, L50, F|100/100
|switch|p1b: Excadrill|Excadrill, L50, F|100/100
|switch|p2a: Garchomp|Garchomp, L50, F|100/100
|switch|p2b: Rillaboom|Rillaboom, L50, M|100/100
|-fieldstart|move: Grassy Terrain|[from] ability: Grassy Surge|[of] p2b: Rillaboom
|-weather|Sandstorm|[from] ability: Sand Stream|[of] p1a: Tyranitar
|turn|1
|
|t:|1757726967
|switch|p2b: Incineroar|Incineroar, L50, M|100/100
|-ability|p2b: Incineroar|Intimidate|boost
|-unboost|p1a: Tyranitar|atk|1
|-fail|p1b: Excadrill|unboost|[from] item: Clear Amulet|[of] p1b: Excadrill
|switch|p1a: Girafas|Farigiraf, L50, M|100/100
|move|p1b: Excadrill|High Horsepower|p2a: Garchomp
|-damage|p2a: Garchomp|56/100
|-damage|p1b: Excadrill|88/100|[from] ability: Rough Skin|[of] p2a: Garchomp
|move|p2a: Garchomp|Stomping Tantrum|p1b: Excadrill
|-supereffective|p1b: Excadrill
|-crit|p1b: Excadrill
|-damage|p1b: Excadrill|0 fnt
|faint|p1b: Excadrill
|
|-weather|Sandstorm|[upkeep]
|-damage|p1a: Girafas|95/100|[from] Sandstorm
|-heal|p2a: Garchomp|62/100|[from] Grassy Terrain
|-heal|p1a: Girafas|100/100|[from] Grassy Terrain
|upkeep
|
|t:|1757726983
|switch|p1b: Tyranitar|Tyranitar, L50, F|100/100
|turn|2
|
|t:|1757726995
|move|p2a: Garchomp|Dragon Claw|p1b: Tyranitar
|-damage|p1b: Tyranitar|67/100
|move|p1b: Tyranitar|Knock Off|p2a: Garchomp
|-damage|p2a: Garchomp|17/100
|-damage|p1b: Tyranitar|55/100|[from] ability: Rough Skin|[of] p2a: Garchomp
|-enditem|p2a: Garchomp|Clear Amulet|[from] move: Knock Off|[of] p1b: Tyranitar
|move|p2b: Incineroar|Parting Shot|p1b: Tyranitar
|-unboost|p1b: Tyranitar|atk|1
|-unboost|p1b: Tyranitar|spa|1
|
|t:|1757727015
|switch|p2b: Florges|Florges, L50, F|100/100|[from] Parting Shot
|move|p1a: Girafas|Trick Room|p1a: Girafas
|-fieldstart|move: Trick Room|[of] p1a: Girafas
|
|-weather|Sandstorm|[upkeep]
|-damage|p1a: Girafas|95/100|[from] Sandstorm
|-damage|p2b: Florges|94/100|[from] Sandstorm
|-heal|p1a: Girafas|100/100|[from] Grassy Terrain
|-heal|p1b: Tyranitar|61/100|[from] Grassy Terrain
|-heal|p2b: Florges|100/100|[from] Grassy Terrain
|-heal|p2a: Garchomp|23/100|[from] Grassy Terrain
|upkeep
|turn|3
|
|t:|1757727032
|move|p2a: Garchomp|Protect|p2a: Garchomp
|-singleturn|p2a: Garchomp|Protect
|move|p1a: Girafas|Hyper Voice|p2a: Garchomp|[spread] p2b
|-activate|p2a: Garchomp|move: Protect
|-damage|p2b: Florges|78/100
|-enditem|p1a: Girafas|Throat Spray
|-boost|p1a: Girafas|spa|1|[from] item: Throat Spray
|move|p1b: Tyranitar|Knock Off|p2b: Florges
|-resisted|p2b: Florges
|-damage|p2b: Florges|61/100
|-enditem|p2b: Florges|Leftovers|[from] move: Knock Off|[of] p1b: Tyranitar
|move|p2b: Florges|Calm Mind|p2b: Florges
|-boost|p2b: Florges|spa|1
|-boost|p2b: Florges|spd|1
|
|-weather|Sandstorm|[upkeep]
|-damage|p1a: Girafas|95/100|[from] Sandstorm
|-damage|p2b: Florges|54/100|[from] Sandstorm
|-heal|p1a: Girafas|100/100|[from] Grassy Terrain
|-heal|p1b: Tyranitar|67/100|[from] Grassy Terrain
|-heal|p2b: Florges|61/100|[from] Grassy Terrain
|-heal|p2a: Garchomp|29/100|[from] Grassy Terrain
|upkeep
|turn|4
|inactive|psychic system has 30 seconds left.
|
|t:|1757727060
|switch|p2a: Incineroar|Incineroar, L50, M|100/100
|-ability|p2a: Incineroar|Intimidate|boost
|-unboost|p1a: Girafas|atk|1
|-unboost|p1b: Tyranitar|atk|1
|move|p1a: Girafas|Hyper Voice|p2b: Florges|[spread] p2a,p2b
|-damage|p2a: Incineroar|57/100
|-damage|p2b: Florges|40/100
|move|p1b: Tyranitar|Rock Slide|p2a: Incineroar|[spread] p2a,p2b
|-supereffective|p2a: Incineroar
|-damage|p2a: Incineroar|31/100
|-damage|p2b: Florges|22/100
|move|p2b: Florges|Dazzling Gleam|p1b: Tyranitar|[spread] p1a,p1b
|-supereffective|p1b: Tyranitar
|-damage|p1a: Girafas|64/100
|-damage|p1b: Tyranitar|40/100
|
|-weather|Sandstorm|[upkeep]
|-damage|p1a: Girafas|58/100|[from] Sandstorm
|-damage|p2b: Florges|16/100|[from] Sandstorm
|-heal|p2a: Incineroar|37/100|[from] Grassy Terrain
|-heal|p1a: Girafas|64/100|[from] Grassy Terrain
|-heal|p1b: Tyranitar|46/100|[from] Grassy Terrain
|-heal|p2b: Florges|22/100|[from] Grassy Terrain
|upkeep
|turn|5
|
|t:|1757727080
|switch|p2a: Garchomp|Garchomp, L50, F|29/100
|switch|p1b: Kilowattrel|Kilowattrel, L50, F|100/100
|move|p2b: Florges|Protect|p2b: Florges
|-singleturn|p2b: Florges|Protect
|move|p1a: Girafas|Hyper Voice|p2b: Florges|[spread] p2a
|-activate|p2b: Florges|move: Protect
|-damage|p2a: Garchomp|0 fnt
|faint|p2a: Garchomp
|
|-weather|none
|-heal|p1a: Girafas|70/100|[from] Grassy Terrain
|-heal|p2b: Florges|28/100|[from] Grassy Terrain
|-fieldend|move: Grassy Terrain
|upkeep
|
|t:|1757727097
|switch|p2a: Rillaboom|Rillaboom, L50, M|100/100
|-fieldstart|move: Grassy Terrain|[from] ability: Grassy Surge|[of] p2a: Rillaboom
|turn|6
|
|t:|1757727117
|move|p1a: Girafas|Hyper Voice|p2a: Rillaboom|[spread] p2a,p2b
|-crit|p2b: Florges
|-damage|p2a: Rillaboom|70/100
|-damage|p2b: Florges|0 fnt
|faint|p2b: Florges
|move|p2a: Rillaboom|Drum Beating|p1a: Girafas
|-damage|p1a: Girafas|17/100
|-unboost|p1a: Girafas|spe|1
|move|p1b: Kilowattrel|Tailwind|p1b: Kilowattrel
|-sidestart|p1: Gabeeel|move: Tailwind
|
|-heal|p2a: Rillaboom|75/100|[from] Grassy Terrain
|-heal|p1a: Girafas|23/100|[from] Grassy Terrain
|-fieldend|move: Trick Room
|upkeep
|
|t:|1757727130
|switch|p2b: Incineroar|Incineroar, L50, M|37/100
|-ability|p2b: Incineroar|Intimidate|boost
|-unboost|p1a: Girafas|atk|1
|-unboost|p1b: Kilowattrel|atk|1
|-ability|p1b: Kilowattrel|Competitive|boost
|-boost|p1b: Kilowattrel|spa|2
|turn|7
|
|t:|1757727155
|move|p2a: Rillaboom|Fake Out||[still]
|cant|p1a: Girafas|ability: Armor Tail|Fake Out|[of] p2a: Rillaboom
|move|p1b: Kilowattrel|Thunderbolt|p2b: Incineroar
|-damage|p2b: Incineroar|0 fnt
|faint|p2b: Incineroar
|move|p1a: Girafas|Psychic Noise|p2a: Rillaboom
|-damage|p2a: Rillaboom|45/100
|-start|p2a: Rillaboom|move: Heal Block
|
|-heal|p1a: Girafas|29/100|[from] Grassy Terrain
|upkeep
|turn|8
|-message|psychic system forfeited.
|
|win|Gabeeel
||psychic system is ready for game 2.
