|j|☆RikuXmas
|j|☆spellbreakvgc
|html|RikuXmasspellbreakvgc    
|uhtml|bestof|Game 3 of a best-of-3
|t:|1757921767
|gametype|doubles
|player|p1|RikuXmas|marlon|1166
|player|p2|spellbreakvgc|lance|1064
|gen|9
|tier|[Gen 9] VGC 2025 Reg H (Bo3)
|rated|
|rule|Species Clause: Limit one of each Pokémon
|rule|Item Clause: Limit 1 of each item
|clearpoke
|poke|p1|Pelipper, L50, F|
|poke|p1|Charizard, L50, F|
|poke|p1|Rillaboom, L50, M|
|poke|p1|Gholdengo, L50|
|poke|p1|Kommo-o, L50, M|
|poke|p1|Clefable, L50, F|
|poke|p2|Dachsbun, L50, M|
|poke|p2|Typhlosion-Hisui, L50, M|
|poke|p2|Whimsicott, L50, M|
|poke|p2|Grimmsnarl, L50, M|
|poke|p2|Incineroar, L50, M|
|poke|p2|Umbreon, L50, M|
|teampreview|4
|showteam|p1|Pelipper||FocusSash|Drizzle|Protect,Tailwind,Hurricane,WeatherBall|||F|||50|,,,,,Grass]Charizard||LifeOrb|Blaze|Protect,Hurricane,HeatWave,ScorchingSands|||F|||50|,,,,,Grass]Rillaboom||AssaultVest|GrassySurge|FakeOut,GrassyGlide,WoodHammer,StompingTantrum|||M|||50|,,,,,Fire]Gholdengo||WiseGlasses|GoodasGold|Protect,NastyPlot,ShadowBall,MakeItRain||||||50|,,,,,Steel]Kommo-o||ThroatSpray|Bulletproof|Protect,AuraSphere,ClangingScales,ClangorousSoul|||M|||50|,,,,,Steel]Clefable||SitrusBerry|Unaware|Protect,FollowMe,Moonblast,ThunderWave|||F|||50|,,,,,Water
|showteam|p2|Dachsbun||Leftovers|WellBakedBody|BodyPress,Snarl,Substitute,Protect|||M|||50|,,,,,Steel]Typhlosion-Hisui||ChoiceScarf|Frisk|Eruption,ShadowBall,Flamethrower,LavaPlume|||M|||50|,,,,,Fire]Whimsicott||CovertCloak|Prankster|Moonblast,Tailwind,MistyTerrain,SunnyDay|||M|||50|,,,,,Poison]Grimmsnarl||LightClay|Prankster|PartingShot,LightScreen,Reflect,SpiritBreak|||M|||50|,,,,,Ghost]Incineroar||SitrusBerry|Intimidate|PartingShot,FakeOut,KnockOff,Roar|||M|||50|,,,,,Water]Umbreon||MentalHerb|InnerFocus|Snarl,Roar,LightScreen,Toxic|||M|||50|,,,,,Poison
|inactive|Battle timer is ON: inactive players will automatically lose when time's up. (requested by spellbreakvgc)
|inactive|RikuXmas has 60 seconds left.
|inactive|spellbreakvgc has 60 seconds left.
|
|t:|1757921819
|teamsize|p1|4
|teamsize|p2|4
|start
|switch|p1a: Woodsman|Rillaboom, L50, M, shiny|100/100
|switch|p1b: Trinity|Kommo-o, L50, M, shiny|100/100
|switch|p2a: Umbreon|Umbreon, L50, M|100/100
|switch|p2b: Grimmsnarl|Grimmsnarl, L50, M|100/100
|-fieldstart|move: Grassy Terrain|[from] ability: Grassy Surge|[of] p1a: Woodsman
|turn|1
|inactive|RikuXmas has 30 seconds left.
|inactive|RikuXmas has 20 seconds left.
|inactive|RikuXmas has 15 seconds left.
|inactive|RikuXmas has 10 seconds left.
|
|t:|1757921865
|move|p1a: Woodsman|Fake Out|p2b: Grimmsnarl
|-damage|p2b: Grimmsnarl|89/100
|cant|p2b: Grimmsnarl|flinch
|move|p1b: Trinity|Clangorous Soul|p1b: Trinity
|-boost|p1b: Trinity|atk|1
|-boost|p1b: Trinity|def|1
|-boost|p1b: Trinity|spa|1
|-boost|p1b: Trinity|spd|1
|-boost|p1b: Trinity|spe|1
|-damage|p1b: Trinity|68/100
|-enditem|p1b: Trinity|Throat Spray
|-boost|p1b: Trinity|spa|1|[from] item: Throat Spray
|move|p2a: Umbreon|Toxic|p1a: Woodsman
|-status|p1a: Woodsman|tox
|
|-heal|p1b: Trinity|74/100|[from] Grassy Terrain
|-heal|p2b: Grimmsnarl|95/100|[from] Grassy Terrain
|-damage|p1a: Woodsman|95/100 tox|[from] psn
|upkeep
|turn|2
|inactive|RikuXmas has 30 seconds left.
|
|t:|1757921891
|switch|p1a: Faris|Clefable, L50, F, shiny|100/100
|-terastallize|p2a: Umbreon|Poison
|move|p1b: Trinity|Protect|p1b: Trinity
|-singleturn|p1b: Trinity|Protect
|move|p2b: Grimmsnarl|Light Screen|p2b: Grimmsnarl
|-sidestart|p2: spellbreakvgc|move: Light Screen
|move|p2a: Umbreon|Roar|p1b: Trinity
|drag|p1b: Woodsman|Rillaboom, L50, M, shiny|95/100 tox
|
|-heal|p1b: Woodsman|100/100 tox|[from] Grassy Terrain
|-heal|p2b: Grimmsnarl|100/100|[from] Grassy Terrain
|-damage|p1b: Woodsman|95/100 tox|[from] psn
|upkeep
|turn|3
|inactive|RikuXmas has 30 seconds left.
|
|t:|1757921919
|move|p1b: Woodsman|Fake Out|p2b: Grimmsnarl
|-damage|p2b: Grimmsnarl|90/100
|cant|p2b: Grimmsnarl|flinch
|move|p2a: Umbreon|Toxic|p1a: Faris
|-status|p1a: Faris|tox
|move|p1a: Faris|Moonblast|p2b: Grimmsnarl
|-supereffective|p2b: Grimmsnarl
|-damage|p2b: Grimmsnarl|46/100
|-unboost|p2b: Grimmsnarl|spa|1
|
|-heal|p1b: Woodsman|100/100 tox|[from] Grassy Terrain
|-heal|p2b: Grimmsnarl|51/100|[from] Grassy Terrain
|-damage|p1b: Woodsman|89/100 tox|[from] psn
|-damage|p1a: Faris|95/100 tox|[from] psn
|upkeep
|turn|4
|inactive|RikuXmas has 30 seconds left.
|inactive|spellbreakvgc has 30 seconds left.
|inactive|RikuXmas has 20 seconds left.
|inactive|RikuXmas has 15 seconds left.
|
|t:|1757921960
|move|p2b: Grimmsnarl|Reflect|p2b: Grimmsnarl
|-sidestart|p2: spellbreakvgc|Reflect
|move|p1b: Woodsman|Wood Hammer|p2b: Grimmsnarl
|-damage|p2b: Grimmsnarl|8/100
|-damage|p1b: Woodsman|75/100 tox|[from] Recoil
|move|p2a: Umbreon|Snarl|p1a: Faris|[spread] p1b
|-miss|p2a: Umbreon|p1a: Faris
|-damage|p1b: Woodsman|69/100 tox
|-unboost|p1b: Woodsman|spa|1
|move|p1a: Faris|Moonblast|p2b: Grimmsnarl
|-supereffective|p2b: Grimmsnarl
|-damage|p2b: Grimmsnarl|0 fnt
|faint|p2b: Grimmsnarl
|
|-heal|p1b: Woodsman|75/100 tox|[from] Grassy Terrain
|-heal|p1a: Faris|100/100 tox|[from] Grassy Terrain
|-damage|p1b: Woodsman|58/100 tox|[from] psn
|-damage|p1a: Faris|89/100 tox|[from] psn
|upkeep
|
|t:|1757921982
|switch|p2b: Whimsicott|Whimsicott, L50, M|100/100
|turn|5
|inactive|RikuXmas has 30 seconds left.
|
|t:|1757922012
|move|p2b: Whimsicott|Tailwind|p2b: Whimsicott
|-sidestart|p2: spellbreakvgc|move: Tailwind
|move|p2a: Umbreon|Snarl|p1b: Woodsman|[spread] p1a,p1b
|-resisted|p1a: Faris
|-damage|p1a: Faris|86/100 tox
|-damage|p1b: Woodsman|52/100 tox
|-unboost|p1a: Faris|spa|1
|-unboost|p1b: Woodsman|spa|1
|move|p1b: Woodsman|Stomping Tantrum|p2a: Umbreon
|-supereffective|p2a: Umbreon
|-damage|p2a: Umbreon|74/100
|move|p1a: Faris|Thunder Wave|p2a: Umbreon
|-status|p2a: Umbreon|par
|
|-heal|p1b: Woodsman|58/100 tox|[from] Grassy Terrain
|-heal|p2a: Umbreon|80/100 par|[from] Grassy Terrain
|-heal|p1a: Faris|92/100 tox|[from] Grassy Terrain
|-damage|p1b: Woodsman|34/100 tox|[from] psn
|-damage|p1a: Faris|74/100 tox|[from] psn
|-fieldend|move: Grassy Terrain
|upkeep
|turn|6
|inactive|RikuXmas has 30 seconds left.
|inactive|spellbreakvgc has 30 seconds left.
|
|t:|1757922043
|switch|p2b: Incineroar|Incineroar, L50, M|100/100
|-ability|p2b: Incineroar|Intimidate|boost
|-unboost|p1a: Faris|atk|1
|-unboost|p1b: Woodsman|atk|1
|move|p1b: Woodsman|Stomping Tantrum|p2a: Umbreon
|-supereffective|p2a: Umbreon
|-damage|p2a: Umbreon|64/100 par
|cant|p2a: Umbreon|par
|move|p1a: Faris|Thunder Wave|p2b: Incineroar
|-status|p2b: Incineroar|par
|
|-damage|p1b: Woodsman|5/100 tox|[from] psn
|-damage|p1a: Faris|50/100 tox|[from] psn
|upkeep
|-enditem|p1a: Faris|Sitrus Berry|[eat]
|-heal|p1a: Faris|75/100 tox|[from] item: Sitrus Berry
|turn|7
|inactive|RikuXmas has 30 seconds left.
|inactive|RikuXmas has 20 seconds left.
|inactive|RikuXmas has 15 seconds left.
|
|t:|1757922087
|switch|p1a: Trinity|Kommo-o, L50, M, shiny|74/100
|move|p2b: Incineroar|Fake Out|p1b: Woodsman
|-damage|p1b: Woodsman|0 fnt
|faint|p1b: Woodsman
|move|p2a: Umbreon|Roar|p1a: Trinity
|drag|p1a: Faris|Clefable, L50, F, shiny|75/100 tox
|
|-damage|p1a: Faris|69/100 tox|[from] psn
|upkeep
|
|t:|1757922096
|switch|p1b: AdustedGold|Gholdengo, L50, shiny|100/100
|turn|8
|
|t:|1757922108
|move|p1a: Faris|Follow Me|p1a: Faris
|-singleturn|p1a: Faris|move: Follow Me
|move|p1b: AdustedGold|Nasty Plot|p1b: AdustedGold
|-boost|p1b: AdustedGold|spa|2
|move|p2a: Umbreon|Snarl|p1b: AdustedGold|[spread] p1a,p1b
|-resisted|p1a: Faris
|-supereffective|p1b: AdustedGold
|-damage|p1a: Faris|66/100 tox
|-damage|p1b: AdustedGold|78/100
|-unboost|p1a: Faris|spa|1
|-unboost|p1b: AdustedGold|spa|1
|move|p2b: Incineroar|Knock Off|p1a: Faris
|-resisted|p1a: Faris
|-damage|p1a: Faris|53/100 tox
|
|-damage|p1a: Faris|42/100 tox|[from] psn
|-sideend|p2: spellbreakvgc|move: Tailwind
|upkeep
|turn|9
|
|t:|1757922128
|move|p1a: Faris|Follow Me|p1a: Faris
|-singleturn|p1a: Faris|move: Follow Me
|move|p1b: AdustedGold|Nasty Plot|p1b: AdustedGold
|-boost|p1b: AdustedGold|spa|2
|move|p2a: Umbreon|Snarl|p1a: Faris|[spread] p1a,p1b
|-resisted|p1a: Faris
|-supereffective|p1b: AdustedGold
|-damage|p1a: Faris|39/100 tox
|-damage|p1b: AdustedGold|56/100
|-unboost|p1a: Faris|spa|1
|-unboost|p1b: AdustedGold|spa|1
|move|p2b: Incineroar|Parting Shot|p1a: Faris
|-unboost|p1a: Faris|atk|1
|-unboost|p1a: Faris|spa|1
|
|t:|1757922139
|switch|p2b: Whimsicott|Whimsicott, L50, M|100/100|[from] Parting Shot
|
|-damage|p1a: Faris|21/100 tox|[from] psn
|-sideend|p2: spellbreakvgc|move: Light Screen
|upkeep
|turn|10
|
|t:|1757922151
|switch|p2b: Incineroar|Incineroar, L50, M|100/100 par
|-ability|p2b: Incineroar|Intimidate|boost
|-unboost|p1a: Faris|atk|1
|-unboost|p1b: AdustedGold|atk|1
|-terastallize|p1b: AdustedGold|Steel
|move|p1a: Faris|Follow Me|p1a: Faris
|-singleturn|p1a: Faris|move: Follow Me
|move|p1b: AdustedGold|Make It Rain|p2a: Umbreon|[spread] p2a,p2b
|-resisted|p2b: Incineroar
|-damage|p2a: Umbreon|0 fnt
|-damage|p2b: Incineroar|51/100 par
|-unboost|p1b: AdustedGold|spa|1
|faint|p2a: Umbreon
|
|-damage|p1a: Faris|0 fnt|[from] psn
|faint|p1a: Faris
|upkeep
|
|t:|1757922165
|switch|p2a: Whimsicott|Whimsicott, L50, M|100/100
|switch|p1a: Trinity|Kommo-o, L50, M, shiny|74/100
|turn|11
|-message|spellbreakvgc forfeited.
|
|win|RikuXmas
