|j|☆tamagotchai-01
|j|☆lettitripppp
|html|tamagotchai-01lettitripppp    
|uhtml|bestof|Game 1 of a best-of-3
|t:|1785015933
|gametype|doubles
|player|p1|tamagotchai-01|265|1079
|player|p2|lettitripppp|lucas|1179
|gen|9
|tier|[Gen 9 Champions] VGC 2026 Reg M-B (Bo3)
|rated|
|rule|Species Clause: Limit one of each Pokémon
|rule|Item Clause: Limit 1 of each item
|clearpoke
|poke|p1|Floette-Eternal, L50, F|
|poke|p1|Charizard, L50, F|
|poke|p1|Whimsicott, L50, F|
|poke|p1|Garchomp, L50, F|
|poke|p1|Basculegion, L50, M|
|poke|p1|Kingambit, L50, F|
|poke|p2|Charizard, L50, F, shiny|
|poke|p2|Basculegion, L50, M, shiny|
|poke|p2|Pelipper, L50, F|
|poke|p2|Venusaur, L50, M|
|poke|p2|Archaludon, L50, F|
|poke|p2|Grimmsnarl, L50, M, shiny|
|teampreview|4
|showteam|p1|Floette-Eternal||Floettite|FlowerVeil|Moonblast,DazzlingGleam,LightofRuin,Protect|Modest||F|||50|]Charizard||CharizarditeY|SolarPower|HeatWave,SolarBeam,WeatherBall,Protect|Modest||F|||50|]Whimsicott||FocusSash|Prankster|Moonblast,Tailwind,Encore,Protect|Timid||F|||50|]Garchomp||RoseliBerry|RoughSkin|StompingTantrum,DragonClaw,PoisonJab,RockSlide|Adamant||F|||50|]Basculegion||LifeOrb|Adaptability|WaveCrash,LastRespects,AquaJet,Protect|Adamant||M|||50|]Kingambit||OccaBerry|Defiant|KowtowCleave,LowKick,SuckerPunch,IronHead|Adamant||F|||50|
|showteam|p2|Charizard||CharizarditeY|Blaze|WeatherBall,SolarBeam,HeatWave,Protect|Modest||F|||50|]Basculegion||ChoiceScarf|Adaptability|LastRespects,WaveCrash,FlipTurn,AquaJet|Jolly||M|||50|]Pelipper||SitrusBerry|Drizzle|WeatherBall,WideGuard,Hurricane,Tailwind|Modest||F|||50|]Venusaur||FocusSash|Chlorophyll|SleepPowder,SludgeBomb,EarthPower,Protect|Timid||M|||50|]Archaludon||Leftovers|Stamina|FlashCannon,DragonPulse,ElectroShot,Protect|Calm||F|||50|]Grimmsnarl||LightClay|Prankster|PartingShot,LightScreen,SpiritBreak,Reflect|Relaxed||M|||50|
|inactive|Battle timer is ON: inactive players will automatically lose when time's up. (requested by lettitripppp)
|inactive|tamagotchai-01 also wants the timer to be on.
|inactive|lettitripppp has 60 seconds left.
|
|t:|1785015973
|teamsize|p1|4
|teamsize|p2|4
|start
|switch|p1a: Whimsicott|Whimsicott, L50, F|100/100
|switch|p1b: Basculegion|Basculegion, L50, M|100/100
|switch|p2a: AGNI|Charizard, L50, F, shiny|100/100
|switch|p2b: GO JOHAN|Grimmsnarl, L50, M, shiny|100/100
|turn|1
|
|t:|1785015981
|detailschange|p2a: AGNI|Charizard-Mega-Y, L50, F, shiny
|-mega|p2a: AGNI|Charizard|Charizardite Y
|-weather|SunnyDay|[from] ability: Drought|[of] p2a: AGNI
|move|p1b: Basculegion|Aqua Jet|p2a: AGNI
|-supereffective|p2a: AGNI|1
|-damage|p2a: AGNI|65/100
|-damage|p1b: Basculegion|90/100|[from] item: Life Orb
|move|p2b: GO JOHAN|Reflect|p2b: GO JOHAN
|-sidestart|p2: lettitripppp|Reflect
|move|p1a: Whimsicott|Moonblast|p2a: AGNI
|-resisted|p2a: AGNI|1
|-damage|p2a: AGNI|51/100
|move|p2a: AGNI|Solar Beam||[still]
|-prepare|p2a: AGNI|Solar Beam
|-anim|p2a: AGNI|Solar Beam|p1b: Basculegion
|-supereffective|p1b: Basculegion|1
|-damage|p1b: Basculegion|0 fnt
|faint|p1b: Basculegion
|
|-weather|SunnyDay|[upkeep]
|upkeep
|
|t:|1785015981
|switch|p1b: Kingambit|Kingambit, L50, F|100/100
|turn|2
|
|t:|1785016004
|move|p2b: GO JOHAN|Parting Shot|p1a: Whimsicott
|-unboost|p1a: Whimsicott|atk|1
|-unboost|p1a: Whimsicott|spa|1
|
|t:|1785016007
|switch|p2b: SOFT-SLEEP|Venusaur, L50, M|100/100|[from] Parting Shot
|move|p1a: Whimsicott|Moonblast|p2a: AGNI
|-resisted|p2a: AGNI|1
|-damage|p2a: AGNI|40/100
|move|p2a: AGNI|Heat Wave|p1b: Kingambit|[spread] p1a,p1b
|-supereffective|p1a: Whimsicott|1
|-supereffective|p1b: Kingambit|1
|-enditem|p1b: Kingambit|Occa Berry|[eat]
|-enditem|p1b: Kingambit|Occa Berry|[weaken]
|-enditem|p1a: Whimsicott|Focus Sash
|-damage|p1a: Whimsicott|1/100
|-damage|p1b: Kingambit|35/100
|move|p1b: Kingambit|Kowtow Cleave|p2a: AGNI
|-damage|p2a: AGNI|9/100
|
|-weather|SunnyDay|[upkeep]
|upkeep
|turn|3
|
|t:|1785016023
|switch|p2a: GO JOHAN|Grimmsnarl, L50, M, shiny|100/100
|move|p1a: Whimsicott|Encore||[still]
|-fail|p1a: Whimsicott
|move|p2b: SOFT-SLEEP|Earth Power|p1b: Kingambit
|-supereffective|p1b: Kingambit|1
|-damage|p1b: Kingambit|0 fnt
|faint|p1b: Kingambit
|
|-weather|SunnyDay|[upkeep]
|upkeep
|
|t:|1785016023
|switch|p1b: Garchomp|Garchomp, L50, F|100/100
|turn|4
|
|t:|1785016036
|move|p2b: SOFT-SLEEP|Sleep Powder|p1b: Garchomp
|-status|p1b: Garchomp|slp|[from] move: Sleep Powder
|move|p1a: Whimsicott|Moonblast|p2a: GO JOHAN
|-supereffective|p2a: GO JOHAN|1
|-damage|p2a: GO JOHAN|51/100
|cant|p1b: Garchomp|slp
|move|p2a: GO JOHAN|Spirit Break|p1a: Whimsicott
|-damage|p1a: Whimsicott|0 fnt
|faint|p1a: Whimsicott
|
|-weather|SunnyDay|[upkeep]
|upkeep
|turn|5
|
|t:|1785016050
|move|p2b: SOFT-SLEEP|Earth Power|p1b: Garchomp
|-damage|p1b: Garchomp|71/100 slp
|cant|p1b: Garchomp|slp
|move|p2a: GO JOHAN|Spirit Break|p1b: Garchomp
|-supereffective|p1b: Garchomp|1
|-enditem|p1b: Garchomp|Roseli Berry|[eat]
|-enditem|p1b: Garchomp|Roseli Berry|[weaken]
|-damage|p1b: Garchomp|41/100 slp
|-unboost|p1b: Garchomp|spa|1
|-damage|p2a: GO JOHAN|39/100|[from] ability: Rough Skin|[of] p1b: Garchomp
|
|-weather|none
|upkeep
|turn|6
|
|t:|1785016062
|-curestatus|p1b: Garchomp|slp|[msg]
|move|p1b: Garchomp|Stomping Tantrum|p2b: SOFT-SLEEP
|-damage|p2b: SOFT-SLEEP|24/100
|move|p2b: SOFT-SLEEP|Earth Power|p1b: Garchomp
|-damage|p1b: Garchomp|16/100
|move|p2a: GO JOHAN|Spirit Break|p1b: Garchomp
|-supereffective|p1b: Garchomp|1
|-damage|p1b: Garchomp|0 fnt
|-damage|p2a: GO JOHAN|26/100|[from] ability: Rough Skin|[of] p1b: Garchomp
|faint|p1b: Garchomp
|
|win|lettitripppp
||tamagotchai-01 is ready for game 2.
|inactive|lettitripppp has 30 seconds to confirm battle start!
