|j|☆Kheld
|j|☆naibot2814
|html|Kheldnaibot2814    
|uhtml|bestof|Game 2 of a best-of-3
|t:|1783187093
|gametype|doubles
|player|p1|Kheld|102|1142
|player|p2|naibot2814|ghetsis|1280
|gen|9
|tier|[Gen 9 Champions] VGC 2026 Reg M-B (Bo3)
|rated|
|rule|Species Clause: Limit one of each Pokémon
|rule|Item Clause: Limit 1 of each item
|clearpoke
|poke|p1|Greninja, L50, F|
|poke|p1|Ninetales-Alola, L50, M|
|poke|p1|Annihilape, L50, F|
|poke|p1|Metagross, L50|
|poke|p1|Farigiraf, L50, M|
|poke|p1|Incineroar, L50, F|
|poke|p2|Incineroar, L50, M|
|poke|p2|Sinistcha, L50, shiny|
|poke|p2|Kingambit, L50, M|
|poke|p2|Delphox, L50, F|
|poke|p2|Sneasler, L50, M|
|poke|p2|Floette-Eternal, L50, F|
|teampreview|4
|showteam|p1|Greninja||Greninjite|Protean|Blizzard,RockSlide,Protect,WaterShuriken|Hasty||F|||50|]Ninetales-Alola||FocusSash|SnowWarning|Blizzard,Protect,FreezeDry,AuroraVeil|Timid||M|||50|]Annihilape||ChoiceScarf|Defiant|CloseCombat,Coaching,RageFist,Uturn|Adamant||F|||50|]Metagross||Metagrossite|ClearBody|StompingTantrum,IronHead,Protect,PsychicFangs|Adamant|||||50|]Farigiraf||SitrusBerry|ArmorTail|TwinBeam,Thunderbolt,TrickRoom,HelpingHand|Bold||M|||50|]Incineroar||PasshoBerry|Intimidate|FakeOut,ThroatChop,FlareBlitz,PartingShot|Careful||F|||50|
|showteam|p2|Incineroar||SitrusBerry|Intimidate|FakeOut,DarkestLariat,FlareBlitz,PartingShot|Careful||M|||50|]Sinistcha||OccaBerry|Hospitality|MatchaGotcha,RagePowder,TrickRoom,Protect|Bold|||||50|]Kingambit||BlackGlasses|Defiant|KowtowCleave,SuckerPunch,SwordsDance,Protect|Adamant||M|||50|]Delphox||Delphoxite|Blaze|HeatWave,Psyshock,NastyPlot,Protect|Timid||F|||50|]Sneasler||FocusSash|PoisonTouch|FakeOut,PoisonJab,CloseCombat,Protect|Jolly||M|||50|]Floette-Eternal||Floettite|FlowerVeil|DrainingKiss,DazzlingGleam,CalmMind,Protect|Modest||F|||50|
|
|t:|1783187124
|teamsize|p1|4
|teamsize|p2|4
|start
|switch|p1a: Incineroar|Incineroar, L50, F|100/100
|switch|p1b: Ninetales|Ninetales-Alola, L50, M|100/100
|switch|p2a: Delphox|Delphox, L50, F|100/100
|switch|p2b: Sneasler|Sneasler, L50, M|100/100
|-weather|Snowscape|[from] ability: Snow Warning|[of] p1b: Ninetales
|-ability|p1a: Incineroar|Intimidate|boost
|-unboost|p2a: Delphox|atk|1
|-unboost|p2b: Sneasler|atk|1
|turn|1
|
|t:|1783187144
|detailschange|p2a: Delphox|Delphox-Mega, L50, F
|-mega|p2a: Delphox|Delphox|Delphoxite
|move|p2b: Sneasler|Fake Out|p1a: Incineroar
|-damage|p1a: Incineroar|91/100
|move|p2a: Delphox|Nasty Plot|p2a: Delphox
|-boost|p2a: Delphox|spa|2
|move|p1b: Ninetales|Aurora Veil|p1b: Ninetales
|-sidestart|p1: Kheld|move: Aurora Veil
|cant|p1a: Incineroar|flinch
|
|-weather|Snowscape|[upkeep]
|upkeep
|turn|2
|
|t:|1783187168
|move|p2a: Delphox|Protect|p2a: Delphox
|-singleturn|p2a: Delphox|Protect
|move|p1b: Ninetales|Protect|p1b: Ninetales
|-singleturn|p1b: Ninetales|Protect
|move|p2b: Sneasler|Close Combat|p1a: Incineroar
|-supereffective|p1a: Incineroar|1
|-damage|p1a: Incineroar|43/100
|-unboost|p2b: Sneasler|def|1
|-unboost|p2b: Sneasler|spd|1
|-status|p1a: Incineroar|psn|[from] ability: Poison Touch|[of] p2b: Sneasler
|move|p1a: Incineroar|Parting Shot|p2a: Delphox
|-activate|p2a: Delphox|move: Protect
|
|-weather|Snowscape|[upkeep]
|-damage|p1a: Incineroar|30/100 psn|[from] psn
|upkeep
|turn|3
|
|t:|1783187187
|move|p2a: Delphox|Psyshock|p1b: Ninetales
|-damage|p1b: Ninetales|34/100
|move|p2b: Sneasler|Close Combat|p1a: Incineroar
|-supereffective|p1a: Incineroar|1
|-damage|p1a: Incineroar|0 fnt
|-unboost|p2b: Sneasler|def|1
|-unboost|p2b: Sneasler|spd|1
|faint|p1a: Incineroar
|move|p1b: Ninetales|Blizzard|p2a: Delphox|[spread] p2a,p2b
|-resisted|p2a: Delphox|1
|-damage|p2a: Delphox|85/100
|-damage|p2b: Sneasler|19/100
|-status|p2b: Sneasler|frz
|
|-weather|Snowscape|[upkeep]
|upkeep
|
|t:|1783187204
|switch|p1a: Greninja|Greninja, L50, F|100/100
|turn|4
|
|t:|1783187217
|switch|p2b: Sinistcha|Sinistcha, L50, shiny|100/100
|-heal|p2a: Delphox|100/100|[from] ability: Hospitality|[of] p2b: Sinistcha
|detailschange|p1a: Greninja|Greninja-Mega, L50, F
|-mega|p1a: Greninja|Greninja|Greninjite
|move|p2a: Delphox|Protect|p2a: Delphox
|-singleturn|p2a: Delphox|Protect
|move|p1a: Greninja|Rock Slide|p2b: Sinistcha|[spread] p2b
|-start|p1a: Greninja|typechange|Rock|[from] ability: Protean
|-activate|p2a: Delphox|move: Protect
|-damage|p2b: Sinistcha|82/100
|move|p1b: Ninetales|Blizzard|p2b: Sinistcha|[spread] p2b
|-activate|p2a: Delphox|move: Protect
|-supereffective|p2b: Sinistcha|1
|-damage|p2b: Sinistcha|11/100
|-status|p2b: Sinistcha|frz
|
|-weather|Snowscape|[upkeep]
|upkeep
|turn|5
|
|t:|1783187256
|move|p1b: Ninetales|Protect|p1b: Ninetales
|-singleturn|p1b: Ninetales|Protect
|cant|p2b: Sinistcha|frz
|move|p1a: Greninja|Rock Slide|p2b: Sinistcha|[spread] p2b
|-miss|p1a: Greninja|p2a: Delphox
|-damage|p2b: Sinistcha|0 fnt
|faint|p2b: Sinistcha
|move|p2a: Delphox|Heat Wave|p1b: Ninetales|[spread] p1a
|-activate|p1b: Ninetales|move: Protect
|-resisted|p1a: Greninja|1
|-damage|p1a: Greninja|63/100
|
|-weather|none
|-sideend|p1: Kheld|move: Aurora Veil
|upkeep
|
|t:|1783187261
|switch|p2b: Kingambit|Kingambit, L50, M|100/100
|turn|6
|
|t:|1783187277
|move|p1a: Greninja|Protect|p1a: Greninja
|-singleturn|p1a: Greninja|Protect
|move|p2b: Kingambit|Sucker Punch||[still]
|-fail|p2b: Kingambit
|move|p2a: Delphox|Heat Wave|p1a: Greninja|[spread] p1b
|-activate|p1a: Greninja|move: Protect
|-supereffective|p1b: Ninetales|1
|-damage|p1b: Ninetales|0 fnt
|faint|p1b: Ninetales
|
|upkeep
|
|t:|1783187286
|switch|p1b: Annihilape|Annihilape, L50, F|100/100
|turn|7
|
|t:|1783187296
|move|p2a: Delphox|Protect|p2a: Delphox
|-singleturn|p2a: Delphox|Protect
|move|p1a: Greninja|Water Shuriken|p1b: Annihilape
|-damage|p1b: Annihilape|94/100
|-damage|p1b: Annihilape|88/100
|-damage|p1b: Annihilape|82/100
|-damage|p1b: Annihilape|76/100
|-damage|p1b: Annihilape|70/100
|-hitcount|p1b: Annihilape|5
|move|p2b: Kingambit|Sucker Punch|p1b: Annihilape
|-damage|p1b: Annihilape|17/100
|move|p1b: Annihilape|Rage Fist|p2a: Delphox
|-activate|p2a: Delphox|move: Protect
|
|upkeep
|turn|8
|
|t:|1783187318
|move|p2b: Kingambit|Sucker Punch|p1b: Annihilape
|-damage|p1b: Annihilape|0 fnt
|faint|p1b: Annihilape
|move|p1a: Greninja|Rock Slide|p2a: Delphox|[spread] p2a,p2b
|-supereffective|p2a: Delphox|1
|-resisted|p2b: Kingambit|1
|-damage|p2a: Delphox|31/100
|-damage|p2b: Kingambit|90/100
|cant|p2a: Delphox|flinch
|
|upkeep
|turn|9
|
|t:|1783187331
|switch|p2a: Sneasler|Sneasler, L50, M|19/100 frz
|move|p2b: Kingambit|Sucker Punch|p1a: Greninja
|-crit|p1a: Greninja
|-damage|p1a: Greninja|0 fnt
|faint|p1a: Greninja
|
|win|naibot2814
|raw|Kheld's rating: 1142 → 1126(-16 for losing)
|raw|naibot2814's rating: 1280 → 1296(+16 for winning)
|l|☆Kheld
|player|p1|
