|j|☆raichew2
|j|☆itssobeak
|html|raichew2itssobeak    
|uhtml|bestof|Game 2 of a best-of-3
|t:|1784830753
|gametype|doubles
|player|p1|raichew2|1|1417
|player|p2|itssobeak|birdkeeper|1414
|gen|9
|tier|[Gen 9 Champions] VGC 2026 Reg M-B (Bo3)
|rated|
|rule|Species Clause: Limit one of each Pokémon
|rule|Item Clause: Limit 1 of each item
|clearpoke
|poke|p1|Gardevoir, L50, F|
|poke|p1|Maushold-Four, L50|
|poke|p1|Kingambit, L50, M|
|poke|p1|Garchomp, L50, F|
|poke|p1|Talonflame, L50, F|
|poke|p1|Basculegion, L50, M|
|poke|p2|Staraptor, L50, M|
|poke|p2|Weavile, L50, M|
|poke|p2|Whimsicott, L50, M|
|poke|p2|Glimmora, L50, M|
|poke|p2|Kingambit, L50, M|
|poke|p2|Sinistcha, L50|
|teampreview|4
|showteam|p1|Gardevoir||Gardevoirite|Trace|HyperVoice,Psyshock,VacuumWave,Protect|Modest||F|||50|]Maushold-Four||FocusSash|FriendGuard|SuperFang,Taunt,FollowMe,Protect|Timid|||||50|]Kingambit||BlackGlasses|Defiant|KowtowCleave,Protect,SuckerPunch,IronHead|Adamant||M|||50|]Garchomp||LifeOrb|RoughSkin|DragonClaw,Earthquake,RockSlide,Protect|Jolly||F|||50|]Talonflame||SharpBeak|GaleWings|QuickGuard,Protect,Tailwind,BraveBird|Jolly||F|||50|]Basculegion||ChoiceScarf|Adaptability|WaveCrash,AquaJet,FlipTurn,LastRespects|Jolly||M|||50|
|showteam|p2|Staraptor||Staraptite|Intimidate|BraveBird,CloseCombat,Uturn,Protect|Jolly||M|||50|]Weavile||WideLens|Pressure|KnockOff,TripleAxel,Taunt,FakeOut|Jolly||M|||50|]Whimsicott||FocusSash|Prankster|Moonblast,Tailwind,Encore,Tickle|Timid||M|||50|]Glimmora||Glimmoranite|ToxicDebris|PowerGem,SludgeBomb,EarthPower,SpikyShield|Timid||M|||50|]Kingambit||BlackGlasses|Defiant|KowtowCleave,SuckerPunch,SwordsDance,Protect|Adamant||M|||50|]Sinistcha||CobaBerry|Hospitality|MatchaGotcha,RagePowder,LifeDew,Protect|Bold|||||50|
|inactive|Battle timer is ON: inactive players will automatically lose when time's up. (requested by itssobeak)
|
|t:|1784830776
|teamsize|p1|4
|teamsize|p2|4
|start
|switch|p1a: Gardevoir|Gardevoir, L50, F|100/100
|switch|p1b: Talonflame|Talonflame, L50, F|100/100
|switch|p2a: Staraptor|Staraptor, L50, M|100/100
|switch|p2b: Weavile|Weavile, L50, M|100/100
|-ability|p2b: Weavile|Pressure
|-ability|p2a: Staraptor|Intimidate|boost
|-unboost|p1a: Gardevoir|atk|1
|-unboost|p1b: Talonflame|atk|1
|-ability|p1a: Gardevoir|Intimidate|Trace|[from] ability: Trace|[of] p2a: Staraptor
|-ability|p1a: Gardevoir|Intimidate|boost
|-unboost|p2a: Staraptor|atk|1
|-unboost|p2b: Weavile|atk|1
|turn|1
|inactive|itssobeak has 30 seconds left.
|inactive|itssobeak has 20 seconds left.
|inactive|itssobeak has 15 seconds left.
|
|t:|1784830818
|switch|p2a: Whimsicott|Whimsicott, L50, M|100/100
|detailschange|p1a: Gardevoir|Gardevoir-Mega, L50, F
|-mega|p1a: Gardevoir|Gardevoir|Gardevoirite
|move|p1b: Talonflame|Quick Guard|p1b: Talonflame
|-singleturn|p1b: Talonflame|Quick Guard
|move|p2b: Weavile|Fake Out|p1b: Talonflame
|-activate|p1b: Talonflame|move: Quick Guard
|move|p1a: Gardevoir|Hyper Voice|p2b: Weavile|[spread] p2a,p2b
|-supereffective|p2b: Weavile|1
|-damage|p2a: Whimsicott|8/100
|-damage|p2b: Weavile|0 fnt
|faint|p2b: Weavile
|
|upkeep
|
|t:|1784830827
|switch|p2b: Staraptor|Staraptor, L50, M|100/100
|-ability|p2b: Staraptor|Intimidate|boost
|-unboost|p1a: Gardevoir|atk|1
|-unboost|p1b: Talonflame|atk|1
|turn|2
|inactive|raichew2 has 30 seconds left.
|
|t:|1784830859
|move|p1a: Gardevoir|Protect|p1a: Gardevoir
|-singleturn|p1a: Gardevoir|Protect
|move|p1b: Talonflame|Brave Bird|p2a: Whimsicott
|-supereffective|p2a: Whimsicott|1
|-damage|p2a: Whimsicott|0 fnt
|faint|p2a: Whimsicott
|-damage|p1b: Talonflame|97/100|[from] Recoil
|move|p2b: Staraptor|U-turn|p1b: Talonflame
|-resisted|p1b: Talonflame|2
|-damage|p1b: Talonflame|89/100
|
|t:|1784830864
|switch|p2b: Kingambit|Kingambit, L50, M|100/100|[from] U-turn
|
|upkeep
|
|t:|1784830867
|switch|p2a: Staraptor|Staraptor, L50, M|100/100
|-ability|p2a: Staraptor|Intimidate|boost
|-unboost|p1a: Gardevoir|atk|1
|-unboost|p1b: Talonflame|atk|1
|turn|3
|
|t:|1784830885
|move|p2a: Staraptor|Protect|p2a: Staraptor
|-singleturn|p2a: Staraptor|Protect
|move|p1b: Talonflame|Tailwind|p1b: Talonflame
|-sidestart|p1: raichew2|move: Tailwind
|move|p1a: Gardevoir|Hyper Voice|p2a: Staraptor|[spread] p2b
|-activate|p2a: Staraptor|move: Protect
|-damage|p2b: Kingambit|45/100
|move|p2b: Kingambit|Kowtow Cleave|p1a: Gardevoir
|-damage|p1a: Gardevoir|2/100
|
|upkeep
|turn|4
|
|t:|1784830898
|move|p2b: Kingambit|Protect|p2b: Kingambit
|-singleturn|p2b: Kingambit|Protect
|move|p1b: Talonflame|Quick Guard|p1b: Talonflame
|-singleturn|p1b: Talonflame|Quick Guard
|move|p1a: Gardevoir|Hyper Voice|p2b: Kingambit|[spread] p2a
|-activate|p2b: Kingambit|move: Protect
|-damage|p2a: Staraptor|15/100
|move|p2a: Staraptor|U-turn|p1a: Gardevoir
|-damage|p1a: Gardevoir|0 fnt
|faint|p1a: Gardevoir
|
|upkeep
|
|t:|1784830909
|switch|p1a: Garchomp|Garchomp, L50, F|100/100
|turn|5
|-message|itssobeak forfeited.
|
|win|raichew2
