|j|☆Jakobtc
|j|☆NemoAK
|html|JakobtcNemoAK    
|uhtml|bestof|Game 2 of a best-of-3
|t:|1757133396
|gametype|doubles
|player|p1|Jakobtc|riley|1153
|player|p2|NemoAK|2|1157
|gen|9
|tier|[Gen 9] VGC 2025 Reg H (Bo3)
|rated|
|rule|Species Clause: Limit one of each Pokémon
|rule|Item Clause: Limit 1 of each item
|clearpoke
|poke|p1|Gholdengo, L50|
|poke|p1|Incineroar, L50, M|
|poke|p1|Rillaboom, L50, M|
|poke|p1|Dragonite, L50, M|
|poke|p1|Sneasler, L50, M|
|poke|p1|Electabuzz, L50, F|
|poke|p2|Armarouge, L50, M|
|poke|p2|Garchomp, L50, M|
|poke|p2|Indeedee-F, L50, F|
|poke|p2|Murkrow, L50, M|
|poke|p2|Kingdra, L50, M|
|poke|p2|Torkoal, L50, M|
|teampreview|4
|showteam|p1|Gholdengo||LifeOrb|GoodasGold|MakeItRain,ShadowBall,NastyPlot,Protect||||||50|,,,,,Water]Incineroar||SafetyGoggles|Intimidate|FakeOut,FlareBlitz,KnockOff,PartingShot|||M|||50|,,,,,Bug]Rillaboom||AssaultVest|GrassySurge|FakeOut,GrassyGlide,WoodHammer,HighHorsepower|||M|||50|,,,,,Rock]Dragonite||LoadedDice|Multiscale|ScaleShot,TeraBlast,Tailwind,Protect|||M|||50|,,,,,Flying]Sneasler||FocusSash|Unburden|DireClaw,CloseCombat,Taunt,Protect|||M|||50|,,,,,Stellar]Electabuzz||Eviolite|VitalSpirit|FollowMe,Electroweb,VoltSwitch,Protect|||F|||50|,,,,,Fairy
|showteam|p2|Armarouge||PowerHerb|FlashFire|ExpandingForce,ArmorCannon,MeteorBeam,TrickRoom|||M|||50|,,,,,Bug]Garchomp||LifeOrb|RoughSkin|BreakingSwipe,Protect,StompingTantrum,Earthquake|||M|||50|,,,,,Fairy]Indeedee-F||SafetyGoggles|PsychicSurge|Psychic,TrickRoom,HelpingHand,FollowMe|||F|||50|,,,,,Fairy]Murkrow||Eviolite|Prankster|FoulPlay,RainDance,Haze,Tailwind|||M|||50|,,,,,Ghost]Kingdra||MysticWater|SwiftSwim|WeatherBall,DracoMeteor,MuddyWater,Protect|||M|||50|,,,,,Water]Torkoal||Charcoal|Drought|Eruption,HeatWave,EarthPower,Protect|||M|||50|,,,,,Fire
|inactive|Battle timer is ON: inactive players will automatically lose when time's up. (requested by NemoAK)
|
|t:|1757133418
|teamsize|p1|4
|teamsize|p2|4
|start
|switch|p1a: Sneasler|Sneasler, L50, M|100/100
|switch|p1b: Incineroar|Incineroar, L50, M|100/100
|switch|p2a: Armarouge|Armarouge, L50, M|100/100
|switch|p2b: Torkoal|Torkoal, L50, M|100/100
|-ability|p1b: Incineroar|Intimidate|boost
|-unboost|p2a: Armarouge|atk|1
|-unboost|p2b: Torkoal|atk|1
|-weather|SunnyDay|[from] ability: Drought|[of] p2b: Torkoal
|turn|1
|inactive|Jakobtc has 30 seconds left.
|inactive|Jakobtc has 20 seconds left.
|inactive|Jakobtc has 15 seconds left.
|inactive|Jakobtc has 10 seconds left.
|
|t:|1757133465
|-terastallize|p2b: Torkoal|Fire
|move|p1a: Sneasler|Taunt|p2a: Armarouge
|-start|p2a: Armarouge|move: Taunt
|move|p1b: Incineroar|Knock Off|p2b: Torkoal
|-damage|p2b: Torkoal|59/100
|-enditem|p2b: Torkoal|Charcoal|[from] move: Knock Off|[of] p1b: Incineroar
|move|p2a: Armarouge|Meteor Beam||[still]
|-prepare|p2a: Armarouge|Meteor Beam
|-boost|p2a: Armarouge|spa|1
|-enditem|p2a: Armarouge|Power Herb
|-anim|p2a: Armarouge|Meteor Beam|p1b: Incineroar
|-supereffective|p1b: Incineroar
|-damage|p1b: Incineroar|0 fnt
|faint|p1b: Incineroar
|move|p2b: Torkoal|Heat Wave|p1a: Sneasler
|-enditem|p1a: Sneasler|Focus Sash
|-damage|p1a: Sneasler|1/100
|
|-weather|SunnyDay|[upkeep]
|upkeep
|
|t:|1757133482
|switch|p1b: Gholdengo|Gholdengo, L50|100/100
|turn|2
|inactive|Jakobtc has 30 seconds left.
|
|t:|1757133512
|switch|p2a: Indeedee|Indeedee-F, L50, F|100/100
|-fieldstart|move: Psychic Terrain|[from] ability: Psychic Surge|[of] p2a: Indeedee
|-terastallize|p1b: Gholdengo|Water
|move|p1a: Sneasler|Dire Claw|p2a: Indeedee
|-damage|p2a: Indeedee|54/100
|-status|p2a: Indeedee|psn
|move|p1b: Gholdengo|Shadow Ball|p2a: Indeedee
|-immune|p2a: Indeedee
|move|p2b: Torkoal|Heat Wave|p1b: Gholdengo|[spread] p1a,p1b
|-resisted|p1b: Gholdengo
|-damage|p1a: Sneasler|0 fnt
|-damage|p1b: Gholdengo|67/100
|-status|p1b: Gholdengo|brn
|faint|p1a: Sneasler
|
|-weather|SunnyDay|[upkeep]
|-damage|p2a: Indeedee|42/100 psn|[from] psn
|-damage|p1b: Gholdengo|61/100 brn|[from] brn
|upkeep
|
|t:|1757133530
|switch|p1a: Rillaboom|Rillaboom, L50, M|100/100
|-fieldstart|move: Grassy Terrain|[from] ability: Grassy Surge|[of] p1a: Rillaboom
|turn|3
|
|t:|1757133554
|switch|p2a: Armarouge|Armarouge, L50, M|100/100
|move|p1b: Gholdengo|Make It Rain|p2b: Torkoal|[spread] p2a,p2b
|-resisted|p2a: Armarouge
|-resisted|p2b: Torkoal
|-damage|p2a: Armarouge|67/100
|-damage|p2b: Torkoal|25/100
|-unboost|p1b: Gholdengo|spa|1
|-damage|p1b: Gholdengo|51/100 brn|[from] item: Life Orb
|move|p1a: Rillaboom|High Horsepower|p2b: Torkoal
|-supereffective|p2b: Torkoal
|-damage|p2b: Torkoal|0 fnt
|faint|p2b: Torkoal
|
|-weather|SunnyDay|[upkeep]
|-heal|p1b: Gholdengo|57/100 brn|[from] Grassy Terrain
|-heal|p2a: Armarouge|73/100|[from] Grassy Terrain
|-damage|p1b: Gholdengo|51/100 brn|[from] brn
|upkeep
|
|t:|1757133572
|switch|p2b: Indeedee|Indeedee-F, L50, F|42/100 psn
|-fieldstart|move: Psychic Terrain|[from] ability: Psychic Surge|[of] p2b: Indeedee
|turn|4
|
|t:|1757133586
|move|p1b: Gholdengo|Make It Rain|p2a: Armarouge|[spread] p2a,p2b
|-resisted|p2a: Armarouge
|-damage|p2a: Armarouge|52/100
|-damage|p2b: Indeedee|4/100 psn
|-unboost|p1b: Gholdengo|spa|1
|-damage|p1b: Gholdengo|42/100 brn|[from] item: Life Orb
|move|p1a: Rillaboom|High Horsepower|p2a: Armarouge
|-supereffective|p2a: Armarouge
|-damage|p2a: Armarouge|0 fnt
|faint|p2a: Armarouge
|move|p2b: Indeedee|Psychic|p1b: Gholdengo
|-damage|p1b: Gholdengo|0 fnt
|faint|p1b: Gholdengo
|
|-weather|SunnyDay|[upkeep]
|-damage|p2b: Indeedee|0 fnt|[from] psn
|faint|p2b: Indeedee
|upkeep
|
|t:|1757133603
|switch|p2b: Garchomp|Garchomp, L50, M|100/100
|turn|5
|
|t:|1757133612
|move|p2b: Garchomp|Breaking Swipe|p1a: Rillaboom
|-damage|p1a: Rillaboom|60/100
|-unboost|p1a: Rillaboom|atk|1
|-damage|p2b: Garchomp|91/100|[from] item: Life Orb
|move|p1a: Rillaboom|Wood Hammer|p2b: Garchomp
|-damage|p2b: Garchomp|48/100
|-damage|p1a: Rillaboom|48/100|[from] ability: Rough Skin|[of] p2b: Garchomp
|-damage|p1a: Rillaboom|36/100|[from] Recoil
|
|-weather|none
|upkeep
|turn|6
|
|t:|1757133626
|move|p2b: Garchomp|Breaking Swipe|p1a: Rillaboom
|-damage|p1a: Rillaboom|0 fnt
|faint|p1a: Rillaboom
|-damage|p2b: Garchomp|38/100|[from] item: Life Orb
|
|win|NemoAK
|raw|Jakobtc's rating: 1153 → 1128(-25 for losing)
|raw|NemoAK's rating: 1157 → 1182(+25 for winning)
