|j|☆boncuss
|j|☆ToastedArt
|html|boncussToastedArt    
|uhtml|bestof|Game 1 of a best-of-3
|t:|1784416869
|gametype|doubles
|player|p1|boncuss|wattson|1085
|player|p2|ToastedArt|clemont|1108
|gen|9
|tier|[Gen 9 Champions] VGC 2026 Reg M-B (Bo3)
|rated|
|rule|Species Clause: Limit one of each Pokémon
|rule|Item Clause: Limit 1 of each item
|clearpoke
|poke|p1|Skarmory, L50, M|
|poke|p1|Liepard, L50, M|
|poke|p1|Grimmsnarl, L50, M|
|poke|p1|Sinistcha, L50|
|poke|p1|Houndoom, L50, M|
|poke|p1|Malamar, L50, F|
|poke|p2|Talonflame, L50, F, shiny|
|poke|p2|Kingambit, L50, F|
|poke|p2|Falinks, L50, shiny|
|poke|p2|Gholdengo, L50|
|poke|p2|Hydreigon, L50, M|
|poke|p2|Sneasler, L50, M|
|teampreview|4
|showteam|p1|Skarmory||Skarmorite|WeakArmor|IronHead,BraveBird,Protect,SwordsDance|Adamant||M|||50|]Liepard||FocusSash|Prankster|FakeOut,SunnyDay,FakeTears,Screech|Jolly||M|||50|]Grimmsnarl||RoseliBerry|Prankster|FakeOut,ScaryFace,FakeTears,PartingShot|Jolly||M|||50|]Sinistcha||KasibBerry|Hospitality|MatchaGotcha,RagePowder,PsychUp,TrickRoom|Modest|||||50|]Houndoom||Houndoominite|FlashFire|HeatWave,NastyPlot,DarkPulse,Protect|Timid||M|||50|]Malamar||Leftovers|Contrary|Superpower,StoredPower,Protect,TopsyTurvy|Calm||F|||50|
|showteam|p2|Talonflame||SharpBeak|GaleWings|Tailwind,BraveBird,WillOWisp,Taunt|Adamant||F|||50|]Kingambit||BlackGlasses|Defiant|KowtowCleave,SuckerPunch,SwordsDance,Protect|Adamant||F|||50|]Falinks||Falinksite|Defiant|NoRetreat,BulkUp,CloseCombat,Protect|Careful|||||50|]Gholdengo||SpellTag|GoodasGold|MakeItRain,ShadowBall,NastyPlot,Protect|Modest|||||50|]Hydreigon||LifeOrb|Levitate|DracoMeteor,Snarl,EarthPower,DarkPulse|Modest||M|||50|]Sneasler||FocusSash|PoisonTouch|CloseCombat,PoisonJab,Coaching,FakeOut|Jolly||M|||50|
|inactive|Battle timer is ON: inactive players will automatically lose when time's up. (requested by ToastedArt)
|inactive|boncuss also wants the timer to be on.
|inactive|ToastedArt has 60 seconds left.
|
|t:|1784416909
|teamsize|p1|4
|teamsize|p2|4
|start
|switch|p1a: Grimmsnarl|Grimmsnarl, L50, M|100/100
|switch|p1b: Malamar|Malamar, L50, F|100/100
|switch|p2a: Sneasler|Sneasler, L50, M|100/100
|switch|p2b: Gholdengo|Gholdengo, L50|100/100
|turn|1
|
|t:|1784416920
|move|p1a: Grimmsnarl|Fake Tears|p1b: Malamar
|-boost|p1b: Malamar|spd|2
|move|p2a: Sneasler|Poison Jab|p1a: Grimmsnarl
|-supereffective|p1a: Grimmsnarl|1
|-damage|p1a: Grimmsnarl|0 fnt
|faint|p1a: Grimmsnarl
|move|p2b: Gholdengo|Nasty Plot|p2b: Gholdengo
|-boost|p2b: Gholdengo|spa|2
|move|p1b: Malamar|Superpower|p2a: Sneasler
|-resisted|p2a: Sneasler|1
|-damage|p2a: Sneasler|80/100
|-boost|p1b: Malamar|atk|1
|-boost|p1b: Malamar|def|1
|
|upkeep
|
|t:|1784416934
|switch|p1a: Liepard|Liepard, L50, M|100/100
|turn|2
|
|t:|1784416941
|move|p1a: Liepard|Fake Out|p2a: Sneasler
|-damage|p2a: Sneasler|61/100
|cant|p2a: Sneasler|flinch
|move|p2b: Gholdengo|Nasty Plot|p2b: Gholdengo
|-boost|p2b: Gholdengo|spa|2
|move|p1b: Malamar|Stored Power|p2a: Sneasler
|-supereffective|p2a: Sneasler|2
|-damage|p2a: Sneasler|0 fnt
|faint|p2a: Sneasler
|
|upkeep
|
|t:|1784416951
|switch|p2a: Talonflame|Talonflame, L50, F, shiny|100/100
|turn|3
|
|t:|1784416962
|move|p1a: Liepard|Fake Tears|p1b: Malamar
|-boost|p1b: Malamar|spd|2
|move|p2a: Talonflame|Will-O-Wisp|p1b: Malamar
|-status|p1b: Malamar|brn
|move|p2b: Gholdengo|Nasty Plot|p2b: Gholdengo
|-boost|p2b: Gholdengo|spa|2
|move|p1b: Malamar|Superpower|p2a: Talonflame
|-resisted|p2a: Talonflame|1
|-damage|p2a: Talonflame|86/100
|-boost|p1b: Malamar|atk|1
|-boost|p1b: Malamar|def|1
|
|-damage|p1b: Malamar|93/100 brn|[from] brn
|upkeep
|turn|4
|
|t:|1784416981
|switch|p2a: Kingambit|Kingambit, L50, F|100/100
|move|p1a: Liepard|Fake Tears|p1b: Malamar
|-boost|p1b: Malamar|spd|2
|move|p2b: Gholdengo|Shadow Ball|p1b: Malamar
|-damage|p1b: Malamar|46/100 brn
|move|p1b: Malamar|Stored Power|p2b: Gholdengo
|-resisted|p2b: Gholdengo|1
|-damage|p2b: Gholdengo|66/100
|
|-heal|p1b: Malamar|52/100 brn|[from] item: Leftovers
|-damage|p1b: Malamar|46/100 brn|[from] brn
|upkeep
|turn|5
|
|t:|1784416998
|switch|p1a: Sinistcha|Sinistcha, L50|100/100
|-heal|p1b: Malamar|71/100 brn|[from] ability: Hospitality|[of] p1a: Sinistcha
|move|p1b: Malamar|Protect|p1b: Malamar
|-singleturn|p1b: Malamar|Protect
|move|p2b: Gholdengo|Shadow Ball|p1b: Malamar
|-activate|p1b: Malamar|move: Protect
|move|p2a: Kingambit|Swords Dance|p2a: Kingambit
|-boost|p2a: Kingambit|atk|2
|
|-heal|p1b: Malamar|77/100 brn|[from] item: Leftovers
|-damage|p1b: Malamar|71/100 brn|[from] brn
|upkeep
|turn|6
|
|t:|1784417014
|move|p2b: Gholdengo|Shadow Ball|p1b: Malamar
|-damage|p1b: Malamar|21/100 brn
|move|p1b: Malamar|Superpower|p2a: Kingambit
|-supereffective|p2a: Kingambit|2
|-damage|p2a: Kingambit|33/100
|-boost|p1b: Malamar|atk|1
|-boost|p1b: Malamar|def|1
|move|p2a: Kingambit|Kowtow Cleave|p1a: Sinistcha
|-supereffective|p1a: Sinistcha|1
|-damage|p1a: Sinistcha|0 fnt
|faint|p1a: Sinistcha
|
|-heal|p1b: Malamar|27/100 brn|[from] item: Leftovers
|-damage|p1b: Malamar|21/100 brn|[from] brn
|upkeep
|
|t:|1784417026
|switch|p1a: Liepard|Liepard, L50, M|100/100
|turn|7
|
|t:|1784417040
|move|p1b: Malamar|Protect|p1b: Malamar
|-singleturn|p1b: Malamar|Protect
|move|p1a: Liepard|Fake Out|p2a: Kingambit
|-resisted|p2a: Kingambit|1
|-damage|p2a: Kingambit|29/100
|cant|p2a: Kingambit|flinch
|move|p2b: Gholdengo|Shadow Ball|p1b: Malamar
|-activate|p1b: Malamar|move: Protect
|
|-heal|p1b: Malamar|27/100 brn|[from] item: Leftovers
|-damage|p1b: Malamar|21/100 brn|[from] brn
|upkeep
|turn|8
|
|t:|1784417053
|move|p1a: Liepard|Screech|p1b: Malamar
|-boost|p1b: Malamar|def|2
|move|p2a: Kingambit|Sucker Punch|p1b: Malamar
|-damage|p1b: Malamar|0 fnt
|faint|p1b: Malamar
|move|p2b: Gholdengo|Shadow Ball|p1a: Liepard
|-resisted|p1a: Liepard|1
|-enditem|p1a: Liepard|Focus Sash
|-damage|p1a: Liepard|1/100
|-unboost|p1a: Liepard|spd|1
|
|upkeep
|turn|9
|-message|boncuss forfeited.
|
|win|ToastedArt
