|j|☆axcoquette
|j|☆detacompuesto
|html|axcoquettedetacompuesto    
|uhtml|bestof|Game 1 of a best-of-3
|t:|1783973387
|gametype|doubles
|player|p1|axcoquette|maid|1234
|player|p2|detacompuesto|hilbert|1099
|gen|9
|tier|[Gen 9 Champions] VGC 2026 Reg M-B (Bo3)
|rated|
|rule|Species Clause: Limit one of each Pokémon
|rule|Item Clause: Limit 1 of each item
|clearpoke
|poke|p1|Ceruledge, L50, M|
|poke|p1|Glimmora, L50, F|
|poke|p1|Weavile, L50, F|
|poke|p1|Raichu, L50, M|
|poke|p1|Whimsicott, L50, M|
|poke|p1|Milotic, L50, F|
|poke|p2|Blaziken, L50, M|
|poke|p2|Sinistcha, L50|
|poke|p2|Gardevoir, L50, M|
|poke|p2|Farigiraf, L50, F|
|poke|p2|Basculegion, L50, M|
|poke|p2|Whimsicott, L50, M|
|teampreview|4
|showteam|p1|Ceruledge||ColburBerry|FlashFire|BitterBlade,ShadowSneak,BulkUp,Protect|Impish||M|||50|]Glimmora||Glimmoranite|ToxicDebris|SpikyShield,PowerGem,EarthPower,SludgeBomb|Timid||F|||50|]Weavile||FocusSash|Pressure|IcePunch,FakeOut,Protect,KnockOff|Jolly||F|||50|]Raichu||RaichuniteY|LightningRod|FakeOut,FocusBlast,ZapCannon,Protect|Timid||M|||50|]Whimsicott||FairyFeather|Prankster|Tailwind,Moonblast,Protect,Encore|Modest||M|||50|]Milotic||Leftovers|Competitive|Coil,Hypnosis,MuddyWater,Recover|Calm||F|||50|
|showteam|p2|Blaziken||Blazikenite|SpeedBoost|Protect,FlareBlitz,CloseCombat,SwordsDance|Adamant||M|||50|]Sinistcha||BrightPowder|Hospitality|StrengthSap,MatchaGotcha,Protect,RagePowder|Bold|||||50|]Gardevoir||Gardevoirite|Synchronize|HyperVoice,Protect,CalmMind,MysticalFire|Modest||M|||50|]Farigiraf||Leftovers|ArmorTail|TrickRoom,TwinBeam,Reflect,Protect|Sassy||F|||50|]Basculegion||ChoiceScarf|Adaptability|Protect,AquaJet,WaveCrash,LastRespects|Lonely||M|||50|]Whimsicott||FocusSash|Prankster|HelpingHand,Tailwind,Protect,Encore|Timid||M|||50|
|inactive|Battle timer is ON: inactive players will automatically lose when time's up. (requested by axcoquette)
|inactive|detacompuesto has 60 seconds left.
|
|t:|1783973420
|teamsize|p1|4
|teamsize|p2|4
|start
|switch|p1a: Weavile|Weavile, L50, F|100/100
|switch|p1b: Milotic|Milotic, L50, F|100/100
|switch|p2a: Gardevoir|Gardevoir, L50, M|100/100
|switch|p2b: Sinistcha|Sinistcha, L50|100/100
|-ability|p1a: Weavile|Pressure
|turn|1
|
|t:|1783973441
|detailschange|p2a: Gardevoir|Gardevoir-Mega, L50, M
|-mega|p2a: Gardevoir|Gardevoir|Gardevoirite
|move|p2b: Sinistcha|Rage Powder|p2b: Sinistcha
|-singleturn|p2b: Sinistcha|move: Rage Powder
|move|p1a: Weavile|Knock Off|p2b: Sinistcha
|-supereffective|p2b: Sinistcha|1
|-damage|p2b: Sinistcha|24/100
|-enditem|p2b: Sinistcha|Bright Powder|[from] move: Knock Off|[of] p1a: Weavile
|move|p2a: Gardevoir|Calm Mind|p2a: Gardevoir
|-boost|p2a: Gardevoir|spa|1
|-boost|p2a: Gardevoir|spd|1
|move|p1b: Milotic|Coil|p1b: Milotic
|-boost|p1b: Milotic|atk|1
|-boost|p1b: Milotic|def|1
|-boost|p1b: Milotic|accuracy|1
|
|upkeep
|turn|2
|inactive|axcoquette has 30 seconds left.
|inactive|axcoquette has 20 seconds left.
|inactive|axcoquette has 15 seconds left.
|
|t:|1783973481
|move|p2b: Sinistcha|Protect|p2b: Sinistcha
|-singleturn|p2b: Sinistcha|Protect
|move|p1a: Weavile|Knock Off|p2a: Gardevoir
|-damage|p2a: Gardevoir|46/100
|move|p2a: Gardevoir|Hyper Voice|p1a: Weavile|[spread] p1a,p1b
|-supereffective|p1a: Weavile|1
|-enditem|p1a: Weavile|Focus Sash
|-damage|p1a: Weavile|1/100
|-damage|p1b: Milotic|50/100g
|move|p1b: Milotic|Hypnosis|p2a: Gardevoir
|-status|p2a: Gardevoir|slp|[from] move: Hypnosis
|
|-heal|p1b: Milotic|56/100|[from] item: Leftovers
|upkeep
|turn|3
|
|t:|1783973500
|move|p1a: Weavile|Knock Off|p2b: Sinistcha
|-supereffective|p2b: Sinistcha|1
|-damage|p2b: Sinistcha|0 fnt
|faint|p2b: Sinistcha
|cant|p2a: Gardevoir|slp
|move|p1b: Milotic|Muddy Water|p2a: Gardevoir
|-damage|p2a: Gardevoir|26/100 slp
|
|-heal|p1b: Milotic|62/100|[from] item: Leftovers
|upkeep
|
|t:|1783973511
|switch|p2b: Basculegion|Basculegion, L50, M|100/100
|turn|4
|
|t:|1783973523
|move|p1a: Weavile|Protect|p1a: Weavile
|-singleturn|p1a: Weavile|Protect
|move|p2b: Basculegion|Aqua Jet|p1a: Weavile
|-activate|p1a: Weavile|move: Protect
|-curestatus|p2a: Gardevoir|slp|[msg]
|move|p2a: Gardevoir|Hyper Voice|p1b: Milotic|[spread] p1b
|-activate|p1a: Weavile|move: Protect
|-damage|p1b: Milotic|4/100
|move|p1b: Milotic|Hypnosis|p2b: Basculegion
|-status|p2b: Basculegion|slp|[from] move: Hypnosis
|
|-heal|p1b: Milotic|10/100|[from] item: Leftovers
|upkeep
|turn|5
|
|t:|1783973546
|move|p2a: Gardevoir|Protect|p2a: Gardevoir
|-singleturn|p2a: Gardevoir|Protect
|cant|p2b: Basculegion|slp
|move|p1a: Weavile|Knock Off|p2b: Basculegion
|-supereffective|p2b: Basculegion|1
|-damage|p2b: Basculegion|0 fnt
|-enditem|p2b: Basculegion|Choice Scarf|[from] move: Knock Off|[of] p1a: Weavile
|faint|p2b: Basculegion
|move|p1b: Milotic|Recover|p1b: Milotic
|-heal|p1b: Milotic|60/100
|
|-heal|p1b: Milotic|66/100|[from] item: Leftovers
|upkeep
|
|t:|1783973558
|switch|p2b: Farigiraf|Farigiraf, L50, F|100/100
|turn|6
|
|t:|1783973568
|move|p1a: Weavile|Knock Off|p2a: Gardevoir
|-damage|p2a: Gardevoir|0 fnt
|faint|p2a: Gardevoir
|move|p1b: Milotic|Hypnosis|p2b: Farigiraf|[miss]
|-miss|p1b: Milotic|p2b: Farigiraf
|move|p2b: Farigiraf|Trick Room|p2b: Farigiraf
|-fieldstart|move: Trick Room|[of] p2b: Farigiraf
|
|-heal|p1b: Milotic|72/100|[from] item: Leftovers
|upkeep
|turn|7
|
|t:|1783973580
|move|p2b: Farigiraf|Twin Beam|p1b: Milotic
|-damage|p1b: Milotic|61/100
|-damage|p1b: Milotic|50/100g
|-hitcount|p1b: Milotic|2
|move|p1b: Milotic|Muddy Water|p2b: Farigiraf
|-damage|p2b: Farigiraf|74/100
|move|p1a: Weavile|Knock Off|p2b: Farigiraf
|-supereffective|p2b: Farigiraf|1
|-damage|p2b: Farigiraf|0 fnt
|-enditem|p2b: Farigiraf|Leftovers|[from] move: Knock Off|[of] p1a: Weavile
|faint|p2b: Farigiraf
|
|win|axcoquette
