|j|☆schmachz
|j|☆satandagiii2005
|html|schmachzsatandagiii2005    
|uhtml|bestof|Game 1 of a best-of-3
|t:|1782356568
|gametype|doubles
|player|p1|schmachz|2|1049
|player|p2|satandagiii2005|byron|1000
|gen|9
|tier|[Gen 9 Champions] VGC 2026 Reg M-B (Bo3)
|rated|
|rule|Species Clause: Limit one of each Pokémon
|rule|Item Clause: Limit 1 of each item
|clearpoke
|poke|p1|Palafin, L50, M|
|poke|p1|Incineroar, L50, F|
|poke|p1|Staraptor, L50, M|
|poke|p1|Froslass, L50, F|
|poke|p1|Whimsicott, L50, F|
|poke|p1|Garchomp, L50, F|
|poke|p2|Swampert, L50, F|
|poke|p2|Pelipper, L50, M|
|poke|p2|Archaludon, L50, M|
|poke|p2|Scrafty, L50, M|
|poke|p2|Farigiraf, L50, M|
|poke|p2|Sylveon, L50, F|
|teampreview|4
|showteam|p1|Palafin||MysticWater|ZerotoHero|FlipTurn,JetPunch,WaveCrash,Protect|Jolly||M|||50|]Incineroar||SitrusBerry|Intimidate|FakeOut,Taunt,PartingShot,FlareBlitz|Sassy||F|||50|]Staraptor||Staraptite|Intimidate|CloseCombat,DualWingbeat,Uturn,Protect|Jolly||M|||50|]Froslass||Froslassite|CursedBody|AuroraVeil,Blizzard,Haze,Protect|Timid||F|||50|]Whimsicott||FocusSash|Prankster|Tailwind,Charm,Encore,Moonblast|Bold||F|||50|]Garchomp||ChoiceScarf|RoughSkin|RockSlide,Earthquake,DragonClaw,PoisonJab|Jolly||F|||50|
|showteam|p2|Swampert||Swampertite|Torrent|Protect,WaveCrash,Liquidation,HighHorsepower|Adamant||F|||50|]Pelipper||SitrusBerry|Drizzle|WideGuard,Tailwind,WeatherBall,Hurricane|Modest||M|||50|]Archaludon||Leftovers|Stamina|Protect,ElectroShot,DragonPulse,FlashCannon|Calm||M|||50|]Scrafty||Scraftinite|Intimidate|FakeOut,CloseCombat,ThroatChop,BulkUp|Adamant||M|||50|]Farigiraf||TwistedSpoon|ArmorTail|Roar,TrickRoom,TwinBeam,Protect|Modest||M|||50|]Sylveon||LifeOrb|Pixilate|HyperVoice,HyperBeam,QuickAttack,Detect|Modest||F|||50|
|inactive|Battle timer is ON: inactive players will automatically lose when time's up. (requested by schmachz)
|
|t:|1782356621
|teamsize|p1|4
|teamsize|p2|4
|start
|switch|p1a: Froslass|Froslass, L50, F|100/100
|switch|p1b: Palafin|Palafin, L50, M|100/100
|switch|p2a: Scrafty|Scrafty, L50, M|100/100
|switch|p2b: Farigiraf|Farigiraf, L50, M|100/100
|-ability|p2a: Scrafty|Intimidate|boost
|-unboost|p1a: Froslass|atk|1
|-unboost|p1b: Palafin|atk|1
|turn|1
|inactive|schmachz has 30 seconds left.
|
|t:|1782356653
|detailschange|p1b: Palafin|Palafin-Hero, L50, M
|switch|p1b: Incineroar|Incineroar, L50, F|100/100
|-ability|p1b: Incineroar|Intimidate|boost
|-unboost|p2a: Scrafty|atk|1
|-unboost|p2b: Farigiraf|atk|1
|detailschange|p2a: Scrafty|Scrafty-Mega, L50, M
|-mega|p2a: Scrafty|Scrafty|Scraftinite
|-ability|p2a: Scrafty|Intimidate|boost
|-unboost|p1a: Froslass|atk|1
|-unboost|p1b: Incineroar|atk|1
|move|p1a: Froslass|Protect|p1a: Froslass
|-singleturn|p1a: Froslass|Protect
|move|p2a: Scrafty|Throat Chop|p1a: Froslass
|-activate|p1a: Froslass|move: Protect
|move|p2b: Farigiraf|Trick Room|p2b: Farigiraf
|-fieldstart|move: Trick Room|[of] p2b: Farigiraf
|
|upkeep
|turn|2
|inactive|schmachz has 30 seconds left.
|inactive|satandagiii2005 has 30 seconds left.
|inactive|schmachz has 20 seconds left.
|inactive|schmachz has 15 seconds left.
|inactive|satandagiii2005 has 20 seconds left.
|inactive|schmachz has 10 seconds left.
|
|t:|1782356701
|switch|p1a: Garchomp|Garchomp, L50, F|100/100
|move|p1b: Incineroar|Flare Blitz|p2b: Farigiraf
|-damage|p2b: Farigiraf|70/100
|-damage|p1b: Incineroar|89/100|[from] Recoil
|move|p2b: Farigiraf|Twin Beam|p1a: Garchomp
|-damage|p1a: Garchomp|75/100
|-damage|p1a: Garchomp|53/100
|-hitcount|p1a: Garchomp|2
|move|p2a: Scrafty|Throat Chop|p1a: Garchomp
|-damage|p1a: Garchomp|25/100
|-start|p1a: Garchomp|Throat Chop|[silent]
|-damage|p2a: Scrafty|87/100|[from] ability: Rough Skin|[of] p1a: Garchomp
|
|upkeep
|turn|3
|
|t:|1782356721
|move|p1b: Incineroar|Flare Blitz|p2b: Farigiraf
|-damage|p2b: Farigiraf|42/100
|-damage|p1b: Incineroar|79/100|[from] Recoil
|move|p2a: Scrafty|Close Combat|p1a: Garchomp
|-damage|p1a: Garchomp|0 fnt
|-unboost|p2a: Scrafty|def|1
|-unboost|p2a: Scrafty|spd|1
|-damage|p2a: Scrafty|75/100|[from] ability: Rough Skin|[of] p1a: Garchomp
|faint|p1a: Garchomp
|move|p2b: Farigiraf|Roar|p2a: Scrafty
|drag|p2a: Pelipper|Pelipper, L50, M|100/100
|-weather|RainDance|[from] ability: Drizzle|[of] p2a: Pelipper
|
|-weather|RainDance|[upkeep]
|upkeep
|
|t:|1782356738
|switch|p1a: Palafin|Palafin-Hero, L50, M|100/100
|-activate|p1a: Palafin|ability: Zero to Hero
|turn|4
|
|t:|1782356761
|switch|p2b: Scrafty|Scrafty-Mega, L50, M|75/100
|-ability|p2b: Scrafty|Intimidate|boost
|-unboost|p1a: Palafin|atk|1
|-unboost|p1b: Incineroar|atk|1
|move|p1a: Palafin|Protect|p1a: Palafin
|-singleturn|p1a: Palafin|Protect
|move|p1b: Incineroar|Parting Shot|p2b: Scrafty
|-unboost|p2b: Scrafty|atk|1
|-unboost|p2b: Scrafty|spa|1
|
|t:|1782356770
|switch|p1b: Froslass|Froslass, L50, F|100/100|[from] Parting Shot
|move|p2a: Pelipper|Weather Ball|p1b: Froslass
|-damage|p1b: Froslass|28/100
|
|-weather|RainDance|[upkeep]
|upkeep
|turn|5
|
|t:|1782356786
|move|p1b: Froslass|Protect|p1b: Froslass
|-singleturn|p1b: Froslass|Protect
|move|p2b: Scrafty|Fake Out|p1a: Palafin
|-damage|p1a: Palafin|89/100
|move|p2a: Pelipper|Tailwind|p2a: Pelipper
|-sidestart|p2: satandagiii2005|move: Tailwind
|cant|p1a: Palafin|flinch
|
|-weather|RainDance|[upkeep]
|-fieldend|move: Trick Room
|upkeep
|turn|6
|-message|schmachz forfeited.
|
|win|satandagiii2005
|l|☆schmachz
|player|p1|
|raw|schmachz's rating: 1049 → 1029(-20 for losing)
|raw|satandagiii2005's rating: 1000 → 1046(+46 for winning)
