|j|☆Astano
|j|☆vinicio499
|html|Astanovinicio499    
|uhtml|bestof|Game 2 of a best-of-3
|t:|1785333715
|gametype|doubles
|player|p1|Astano|102|1159
|player|p2|vinicio499|miku-ghost|1155
|gen|9
|tier|[Gen 9 Champions] VGC 2026 Reg M-B (Bo3)
|rated|
|rule|Species Clause: Limit one of each Pokémon
|rule|Item Clause: Limit 1 of each item
|clearpoke
|poke|p1|Swampert, L50, M|
|poke|p1|Sableye, L50, M|
|poke|p1|Archaludon, L50, M|
|poke|p1|Pelipper, L50, F|
|poke|p1|Sylveon, L50, M|
|poke|p1|Venusaur, L50, F|
|poke|p2|Farigiraf, L50, M, shiny|
|poke|p2|Chandelure, L50, F, shiny|
|poke|p2|Sinistcha, L50|
|poke|p2|Kangaskhan, L50, F|
|poke|p2|Kingambit, L50, F|
|poke|p2|Emboar, L50, F, shiny|
|teampreview|4
|showteam|p1|Swampert||Swampertite|Torrent|Protect,WaveCrash,Earthquake,HighHorsepower|Adamant||M|||50|]Sableye||LightClay|Prankster|Encore,Reflect,LightScreen,RainDance|Bold||M|||50|]Archaludon||Leftovers|Stamina|Protect,DragonPulse,FlashCannon,ElectroShot|Modest||M|||50|]Pelipper||SitrusBerry|Drizzle|Protect,WeatherBall,Hurricane,Tailwind|Bold||F|||50|]Sylveon||FairyFeather|Pixilate|Detect,HyperVoice,Moonblast,QuickAttack|Modest||M|||50|]Venusaur||Venusaurite|Overgrow|Protect,GigaDrain,SludgeBomb,EarthPower|Modest||F|||50|
|showteam|p2|Farigiraf||ColburBerry|ArmorTail|TrickRoom,TwinBeam,Protect,Thunderbolt|Quiet||M|||50|]Chandelure||Chandelurite|FlashFire|HeatWave,ShadowBall,TrickRoom,Protect|Quiet||F|||50|]Sinistcha||KasibBerry|Hospitality|MatchaGotcha,RagePowder,Protect,TrickRoom|Bold|||||50|]Kangaskhan||SilkScarf|Scrappy|FakeOut,LastResort|Brave||F|||50|]Kingambit||FocusSash|Defiant|KowtowCleave,SuckerPunch,IronHead,LowKick|Adamant||F|||50|]Emboar||Emboarite|Reckless|FlareBlitz,Protect,CloseCombat,SuckerPunch|Adamant||F|||50|
|inactive|Battle timer is ON: inactive players will automatically lose when time's up. (requested by vinicio499)
|
|t:|1785333741
|teamsize|p1|4
|teamsize|p2|4
|start
|switch|p1a: Swampert|Swampert, L50, M|100/100
|switch|p1b: Pelipper|Pelipper, L50, F|100/100
|switch|p2a: Farigiraf|Farigiraf, L50, M, shiny|100/100
|switch|p2b: Kangaskhan|Kangaskhan, L50, F|100/100
|-weather|RainDance|[from] ability: Drizzle|[of] p1b: Pelipper
|turn|1
|j| pika_XT
|inactive|Astano has 30 seconds left.
|
|t:|1785333769
|detailschange|p1a: Swampert|Swampert-Mega, L50, M
|-mega|p1a: Swampert|Swampert|Swampertite
|move|p2b: Kangaskhan|Fake Out|p1a: Swampert
|-damage|p1a: Swampert|77/100
|cant|p1a: Swampert|flinch
|move|p1b: Pelipper|Weather Ball|p2a: Farigiraf
|-damage|p2a: Farigiraf|51/100
|move|p2a: Farigiraf|Trick Room|p2a: Farigiraf
|-fieldstart|move: Trick Room|[of] p2a: Farigiraf
|
|-weather|RainDance|[upkeep]
|upkeep
|turn|2
|
|t:|1785333780
|move|p2a: Farigiraf|Thunderbolt|p1b: Pelipper
|-supereffective|p1b: Pelipper|2
|-damage|p1b: Pelipper|0 fnt
|faint|p1b: Pelipper
|move|p2b: Kangaskhan|Last Resort|p1a: Swampert
|-damage|p1a: Swampert|6/100
|move|p1a: Swampert|Earthquake|p2b: Kangaskhan|[spread] p2a,p2b
|-crit|p2b: Kangaskhan
|-damage|p2a: Farigiraf|10/100
|-damage|p2b: Kangaskhan|24/100
|
|-weather|RainDance|[upkeep]
|upkeep
|
|t:|1785333784
|switch|p1b: Archaludon|Archaludon, L50, M|100/100
|turn|3
|
|t:|1785333791
|switch|p2a: Sinistcha|Sinistcha, L50|100/100
|-heal|p2b: Kangaskhan|49/100|[from] ability: Hospitality|[of] p2a: Sinistcha
|move|p1a: Swampert|Protect|p1a: Swampert
|-singleturn|p1a: Swampert|Protect
|move|p2b: Kangaskhan|Last Resort|p1a: Swampert
|-activate|p1a: Swampert|move: Protect
|move|p1b: Archaludon|Electro Shot||[still]
|-prepare|p1b: Archaludon|Electro Shot
|-boost|p1b: Archaludon|spa|1
|-anim|p1b: Archaludon|Electro Shot|p2a: Sinistcha
|-resisted|p2a: Sinistcha|1
|-damage|p2a: Sinistcha|66/100
|
|-weather|RainDance|[upkeep]
|upkeep
|turn|4
|
|t:|1785333801
|move|p2a: Sinistcha|Protect|p2a: Sinistcha
|-singleturn|p2a: Sinistcha|Protect
|move|p2b: Kangaskhan|Last Resort|p1a: Swampert
|-damage|p1a: Swampert|0 fnt
|faint|p1a: Swampert
|move|p1b: Archaludon|Electro Shot||[still]
|-prepare|p1b: Archaludon|Electro Shot
|-boost|p1b: Archaludon|spa|1
|-anim|p1b: Archaludon|Electro Shot|p2a: Sinistcha
|-activate|p2a: Sinistcha|move: Protect
|
|-weather|RainDance|[upkeep]
|upkeep
|
|t:|1785333806
|switch|p1a: Sableye|Sableye, L50, M|100/100
|turn|5
|
|t:|1785333811
|switch|p2a: Farigiraf|Farigiraf, L50, M, shiny|10/100
|move|p1a: Sableye|Reflect|p1a: Sableye
|-sidestart|p1: Astano|Reflect
|move|p2b: Kangaskhan|Last Resort|p1a: Sableye
|-damage|p1a: Sableye|38/100
|move|p1b: Archaludon|Electro Shot||[still]
|-prepare|p1b: Archaludon|Electro Shot
|-boost|p1b: Archaludon|spa|1
|-anim|p1b: Archaludon|Electro Shot|p2a: Farigiraf
|-damage|p2a: Farigiraf|0 fnt
|faint|p2a: Farigiraf
|
|-weather|none
|-fieldend|move: Trick Room
|upkeep
|
|t:|1785333819
|switch|p2a: Emboar|Emboar, L50, F, shiny|100/100
|turn|6
|
|t:|1785333823
|detailschange|p2a: Emboar|Emboar-Mega, L50, F, shiny
|-mega|p2a: Emboar|Emboar|Emboarite
|-ability|p2a: Emboar|Mold Breaker
|move|p1a: Sableye|Rain Dance|p1a: Sableye
|-weather|RainDance
|move|p1b: Archaludon|Electro Shot||[still]
|-prepare|p1b: Archaludon|Electro Shot
|-boost|p1b: Archaludon|spa|1
|-anim|p1b: Archaludon|Electro Shot|p2a: Emboar
|-damage|p2a: Emboar|5/100
|move|p2b: Kangaskhan|Last Resort|p1a: Sableye
|-damage|p1a: Sableye|0 fnt
|faint|p1a: Sableye
|move|p2a: Emboar|Close Combat|p1b: Archaludon
|-supereffective|p1b: Archaludon|1
|-damage|p1b: Archaludon|22/100
|-unboost|p2a: Emboar|def|1
|-unboost|p2a: Emboar|spd|1
|-ability|p1b: Archaludon|Stamina|boost
|-boost|p1b: Archaludon|def|1
|
|-weather|RainDance|[upkeep]
|-heal|p1b: Archaludon|28/100|[from] item: Leftovers
|upkeep
|turn|7
|
|t:|1785333843
|switch|p2b: Sinistcha|Sinistcha, L50|66/100
|-heal|p2a: Emboar|30/100|[from] ability: Hospitality|[of] p2b: Sinistcha
|move|p2a: Emboar|Protect|p2a: Emboar
|-singleturn|p2a: Emboar|Protect
|move|p1b: Archaludon|Electro Shot||[still]
|-prepare|p1b: Archaludon|Electro Shot
|-boost|p1b: Archaludon|spa|1
|-anim|p1b: Archaludon|Electro Shot|p2a: Emboar
|-activate|p2a: Emboar|move: Protect
|
|-weather|RainDance|[upkeep]
|-heal|p1b: Archaludon|34/100|[from] item: Leftovers
|upkeep
|turn|8
|
|t:|1785333851
|move|p2b: Sinistcha|Rage Powder|p2b: Sinistcha
|-singleturn|p2b: Sinistcha|move: Rage Powder
|move|p1b: Archaludon|Electro Shot||[still]
|-prepare|p1b: Archaludon|Electro Shot
|-boost|p1b: Archaludon|spa|1
|-anim|p1b: Archaludon|Electro Shot|p2b: Sinistcha
|-resisted|p2b: Sinistcha|1
|-damage|p2b: Sinistcha|0 fnt
|faint|p2b: Sinistcha
|move|p2a: Emboar|Close Combat|p1b: Archaludon
|-supereffective|p1b: Archaludon|1
|-damage|p1b: Archaludon|0 fnt
|-unboost|p2a: Emboar|def|1
|-unboost|p2a: Emboar|spd|1
|faint|p1b: Archaludon
|
|win|vinicio499
