|j|☆AquamarineVGC
|j|☆uuiLop
|html|AquamarineVGCuuiLop    
|uhtml|bestof|Game 1 of a best-of-3
|t:|1784547285
|gametype|doubles
|player|p1|AquamarineVGC|unknown|1211
|player|p2|uuiLop|pokemonbreeder-gen4|1392
|gen|9
|tier|[Gen 9 Champions] VGC 2026 Reg M-B (Bo3)
|rated|
|rule|Species Clause: Limit one of each Pokémon
|rule|Item Clause: Limit 1 of each item
|clearpoke
|poke|p1|Pelipper, L50, M|
|poke|p1|Archaludon, L50, M|
|poke|p1|Staraptor, L50, M|
|poke|p1|Glimmora, L50, F|
|poke|p1|Clefable, L50, F|
|poke|p1|Grimmsnarl, L50, M|
|poke|p2|Froslass, L50, F|
|poke|p2|Arcanine-Hisui, L50, F|
|poke|p2|Milotic, L50, M|
|poke|p2|Rotom-Wash, L50|
|poke|p2|Whimsicott, L50, M|
|poke|p2|Charizard, L50, M|
|teampreview|4
|showteam|p1|Pelipper||QuickClaw|Drizzle|Hurricane,WeatherBall,Tailwind,WideGuard|Modest||M|||50|]Archaludon||Leftovers|Stamina|FlashCannon,DragonPulse,ElectroShot,Protect|Modest||M|||50|]Staraptor||Staraptite|Intimidate|BraveBird,CloseCombat,Roost,Protect|Adamant||M|||50|]Glimmora||Glimmoranite|ToxicDebris|PowerGem,SludgeBomb,AcidSpray,SpikyShield|Timid||F|||50|]Clefable||SitrusBerry|Unaware|Moonblast,FollowMe,LifeDew,Protect|Bold||F|||50|]Grimmsnarl||LightClay|Prankster|FoulPlay,Reflect,LightScreen,PartingShot|Calm||M|||50|
|showteam|p2|Froslass||Froslassite|SnowCloak|Blizzard,ShadowBall,WillOWisp,Protect|Modest||F|||50|]Arcanine-Hisui||FocusSash|RockHead|RockSlide,Protect,FlareBlitz,ExtremeSpeed|Jolly||F|||50|]Milotic||MysticWater|Competitive|Scald,IceBeam,Recover,Protect|Modest||M|||50|]Rotom-Wash||SitrusBerry|Levitate|Thunderbolt,WillOWisp,Protect,HydroPump|Bold|||||50|]Whimsicott||FairyFeather|Prankster|Moonblast,Protect,Tailwind,Taunt|Timid||M|||50|]Charizard||CharizarditeY|SolarPower|HeatWave,WeatherBall,SolarBeam,Protect|Timid||M|||50|
|
|t:|1784547325
|teamsize|p1|4
|teamsize|p2|4
|start
|switch|p1a: Grimmsnarl|Grimmsnarl, L50, M|100/100
|switch|p1b: Archaludon|Archaludon, L50, M|100/100
|switch|p2a: Whimsicott|Whimsicott, L50, M|100/100
|switch|p2b: Rotom|Rotom-Wash, L50|100/100
|turn|1
|
|t:|1784547369
|move|p1a: Grimmsnarl|Light Screen|p1a: Grimmsnarl
|-sidestart|p1: AquamarineVGC|move: Light Screen
|move|p2a: Whimsicott|Moonblast|p1a: Grimmsnarl
|-supereffective|p1a: Grimmsnarl|1
|-damage|p1a: Grimmsnarl|51/100
|move|p1b: Archaludon|Flash Cannon|p2a: Whimsicott
|-supereffective|p2a: Whimsicott|1
|-damage|p2a: Whimsicott|0 fnt
|faint|p2a: Whimsicott
|move|p2b: Rotom|Hydro Pump|p1a: Grimmsnarl
|-damage|p1a: Grimmsnarl|27/100
|
|upkeep
|
|t:|1784547381
|switch|p2a: Arcanine|Arcanine-Hisui, L50, F|100/100
|turn|2
|
|t:|1784547394
|move|p2a: Arcanine|Extreme Speed|p1a: Grimmsnarl
|-damage|p1a: Grimmsnarl|0 fnt
|faint|p1a: Grimmsnarl
|move|p1b: Archaludon|Electro Shot||[still]
|-prepare|p1b: Archaludon|Electro Shot
|-boost|p1b: Archaludon|spa|1
|move|p2b: Rotom|Thunderbolt|p1b: Archaludon
|-resisted|p1b: Archaludon|1
|-damage|p1b: Archaludon|84/100
|-ability|p1b: Archaludon|Stamina|boost
|-boost|p1b: Archaludon|def|1
|
|-heal|p1b: Archaludon|90/100|[from] item: Leftovers
|upkeep
|
|t:|1784547400
|switch|p1a: Pelipper|Pelipper, L50, M|100/100
|-weather|RainDance|[from] ability: Drizzle|[of] p1a: Pelipper
|turn|3
|
|t:|1784547415
|switch|p1a: Glimmora|Glimmora, L50, F|100/100
|move|p2a: Arcanine|Extreme Speed|p1a: Glimmora
|-resisted|p1a: Glimmora|1
|-damage|p1a: Glimmora|84/100
|-activate|p1a: Glimmora|ability: Toxic Debris
|-sidestart|p2: uuiLop|move: Toxic Spikes
|move|p1b: Archaludon|Electro Shot|p2b: Rotom|[from] lockedmove
|-damage|p2b: Rotom|40/100
|-enditem|p2b: Rotom|Sitrus Berry|[eat]
|-heal|p2b: Rotom|64/100|[from] item: Sitrus Berry
|move|p2b: Rotom|Thunderbolt|p1a: Glimmora
|-damage|p1a: Glimmora|52/100
|
|-weather|RainDance|[upkeep]
|-heal|p1b: Archaludon|96/100|[from] item: Leftovers
|upkeep
|turn|4
|
|t:|1784547444
|detailschange|p1a: Glimmora|Glimmora-Mega, L50, F
|-mega|p1a: Glimmora|Glimmora|Glimmoranite
|move|p1a: Glimmora|Acid Spray|p2a: Arcanine
|-resisted|p2a: Arcanine|1
|-damage|p2a: Arcanine|80/100
|-unboost|p2a: Arcanine|spd|2
|move|p2a: Arcanine|Rock Slide|p1b: Archaludon|[spread] p1a,p1b
|-crit|p1a: Glimmora
|-resisted|p1b: Archaludon|1
|-damage|p1a: Glimmora|7/100
|-damage|p1b: Archaludon|91/100
|-ability|p1b: Archaludon|Stamina|boost
|-boost|p1b: Archaludon|def|1
|move|p1b: Archaludon|Electro Shot||[still]
|-prepare|p1b: Archaludon|Electro Shot
|-boost|p1b: Archaludon|spa|1
|-anim|p1b: Archaludon|Electro Shot|p2a: Arcanine
|-damage|p2a: Arcanine|0 fnt
|faint|p2a: Arcanine
|move|p2b: Rotom|Hydro Pump|p1a: Glimmora
|-supereffective|p1a: Glimmora|1
|-damage|p1a: Glimmora|0 fnt
|faint|p1a: Glimmora
|
|-weather|RainDance|[upkeep]
|-heal|p1b: Archaludon|97/100|[from] item: Leftovers
|upkeep
|
|t:|1784547461
|switch|p1a: Pelipper|Pelipper, L50, M|100/100
|switch|p2a: Charizard|Charizard, L50, M|100/100
|turn|5
|-activate|p1a: Pelipper|item: Quick Claw
|
|t:|1784547486
|detailschange|p2a: Charizard|Charizard-Mega-Y, L50, M
|-mega|p2a: Charizard|Charizard|Charizardite Y
|-weather|SunnyDay|[from] ability: Drought|[of] p2a: Charizard
|move|p1a: Pelipper|Tailwind|p1a: Pelipper
|-sidestart|p1: AquamarineVGC|move: Tailwind
|move|p1b: Archaludon|Dragon Pulse|p2a: Charizard
|-crit|p2a: Charizard
|-damage|p2a: Charizard|0 fnt
|faint|p2a: Charizard
|move|p2b: Rotom|Thunderbolt|p1a: Pelipper
|-supereffective|p1a: Pelipper|2
|-damage|p1a: Pelipper|0 fnt
|faint|p1a: Pelipper
|
|-weather|SunnyDay|[upkeep]
|-heal|p1b: Archaludon|100/100|[from] item: Leftovers
|upkeep
|turn|6
|-message|uuiLop forfeited.
|
|win|AquamarineVGC
||uuiLop is ready for game 2.
