|j|☆anazy
|j|☆Lewis Hamilton Fan
|html|anazyLewis Hamilton Fan    
|uhtml|bestof|Game 1 of a best-of-3
|t:|1785027521
|gametype|doubles
|player|p1|anazy|ghetsis|1134
|player|p2|Lewis Hamilton Fan|juan|1110
|gen|9
|tier|[Gen 9 Champions] VGC 2026 Reg M-B (Bo3)
|rated|
|rule|Species Clause: Limit one of each Pokémon
|rule|Item Clause: Limit 1 of each item
|clearpoke
|poke|p1|Charizard, L50, F|
|poke|p1|Venusaur, L50, M|
|poke|p1|Incineroar, L50, M|
|poke|p1|Sinistcha, L50|
|poke|p1|Floette-Eternal, L50, F|
|poke|p1|Gholdengo, L50|
|poke|p2|Froslass, L50, F|
|poke|p2|Scovillain, L50, M|
|poke|p2|Kingambit, L50, M|
|poke|p2|Basculegion, L50, M|
|poke|p2|Sneasler, L50, M|
|poke|p2|Lycanroc-Dusk, L50, F|
|teampreview|4
|showteam|p1|Charizard||CharizarditeY|Blaze|HeatWave,AncientPower,Protect,SolarBeam|Timid||F|||50|]Venusaur||WideLens|Chlorophyll|SleepPowder,SludgeBomb,EnergyBall,WeatherBall|Modest||M|||50|]Incineroar||SitrusBerry|Intimidate|FakeOut,CloseCombat,PartingShot,FlareBlitz|Adamant||M|||50|]Sinistcha||Leftovers|Hospitality|RagePowder,MatchaGotcha,ShadowBall,StrengthSap|Modest|||||50|]Floette-Eternal||Floettite|FlowerVeil|LightofRuin,Moonblast,Protect,DazzlingGleam|Serious||F|||50|]Gholdengo||LifeOrb|GoodasGold|MakeItRain,DazzlingGleam,NastyPlot,Protect|Timid|||||50|
|showteam|p2|Froslass||Froslassite|CursedBody|Blizzard,ShadowBall,AuroraVeil,Protect|Timid||F|||50|]Scovillain||Scovillainite|Moody|Overheat,GigaDrain,RagePowder,Protect|Bold||M|||50|]Kingambit||BlackGlasses|Defiant|KowtowCleave,SuckerPunch,SwordsDance,Protect|Adamant||M|||50|]Basculegion||LifeOrb|Adaptability|WaveCrash,LastRespects,AquaJet,Protect|Adamant||M|||50|]Sneasler||WhiteHerb|Unburden|CloseCombat,FakeOut,GunkShot,Protect|Adamant||M|||50|]Lycanroc-Dusk||FocusSash|ToughClaws|RockSlide,Accelerock,CloseCombat,Protect|Adamant||F|||50|
|inactive|Battle timer is ON: inactive players will automatically lose when time's up. (requested by Lewis Hamilton Fan)
|inactive|Lewis Hamilton Fan has 60 seconds left.
|
|t:|1785027579
|teamsize|p1|4
|teamsize|p2|4
|start
|switch|p1a: Gholdengo|Gholdengo, L50|100/100
|switch|p1b: Sinistcha|Sinistcha, L50|100/100
|switch|p2a: Froslass|Froslass, L50, F|100/100
|switch|p2b: Lycanroc|Lycanroc-Dusk, L50, F|100/100
|turn|1
|
|t:|1785027594
|switch|p2b: Kingambit|Kingambit, L50, M|100/100
|move|p2a: Froslass|Protect|p2a: Froslass
|-singleturn|p2a: Froslass|Protect
|move|p1b: Sinistcha|Rage Powder|p1b: Sinistcha
|-singleturn|p1b: Sinistcha|move: Rage Powder
|move|p1a: Gholdengo|Nasty Plot|p1a: Gholdengo
|-boost|p1a: Gholdengo|spa|2
|
|upkeep
|turn|2
|
|t:|1785027613
|detailschange|p2a: Froslass|Froslass-Mega, L50, F
|-mega|p2a: Froslass|Froslass|Froslassite
|-weather|Snowscape|[from] ability: Snow Warning|[of] p2a: Froslass
|move|p2a: Froslass|Aurora Veil|p2a: Froslass
|-sidestart|p2: Lewis Hamilton Fan|move: Aurora Veil
|move|p1a: Gholdengo|Make It Rain|p2b: Kingambit|[spread] p2a,p2b
|-supereffective|p2a: Froslass|1
|-resisted|p2b: Kingambit|1
|-damage|p2a: Froslass|0 fnt
|-damage|p2b: Kingambit|63/100
|-unboost|p1a: Gholdengo|spa|2
|faint|p2a: Froslass
|-damage|p1a: Gholdengo|90/100|[from] item: Life Orb
|move|p1b: Sinistcha|Matcha Gotcha|p2b: Kingambit
|-resisted|p2b: Kingambit|1
|-damage|p2b: Kingambit|51/100
|move|p2b: Kingambit|Swords Dance|p2b: Kingambit
|-boost|p2b: Kingambit|atk|2
|
|-weather|Snowscape|[upkeep]
|upkeep
|
|t:|1785027622
|switch|p2a: Basculegion|Basculegion, L50, M|100/100
|turn|3
|
|t:|1785027645
|switch|p1b: Floette|Floette-Eternal, L50, F|100/100
|move|p1a: Gholdengo|Protect|p1a: Gholdengo
|-singleturn|p1a: Gholdengo|Protect
|move|p2a: Basculegion|Last Respects|p1b: Floette
|-damage|p1b: Floette|16/100
|-damage|p2a: Basculegion|90/100|[from] item: Life Orb
|move|p2b: Kingambit|Kowtow Cleave|p1a: Gholdengo
|-activate|p1a: Gholdengo|move: Protect
|
|-weather|Snowscape|[upkeep]
|upkeep
|turn|4
|inactive|Lewis Hamilton Fan has 30 seconds left.
|inactive|Lewis Hamilton Fan has 20 seconds left.
|inactive|Lewis Hamilton Fan has 15 seconds left.
|inactive|Lewis Hamilton Fan has 10 seconds left.
|
|t:|1785027694
|detailschange|p1b: Floette|Floette-Mega, L50, F
|-mega|p1b: Floette|Floette|Floettite
|-ability|p1b: Floette|Fairy Aura
|move|p2a: Basculegion|Aqua Jet|p1b: Floette
|-damage|p1b: Floette|0 fnt
|faint|p1b: Floette
|-damage|p2a: Basculegion|80/100|[from] item: Life Orb
|move|p2b: Kingambit|Sucker Punch|p1a: Gholdengo
|-supereffective|p1a: Gholdengo|1
|-damage|p1a: Gholdengo|0 fnt
|faint|p1a: Gholdengo
|
|-weather|Snowscape|[upkeep]
|upkeep
|
|t:|1785027704
|switch|p1a: Incineroar|Incineroar, L50, M|100/100
|switch|p1b: Sinistcha|Sinistcha, L50|100/100
|-ability|p1a: Incineroar|Intimidate|boost
|-unboost|p2a: Basculegion|atk|1
|-unboost|p2b: Kingambit|atk|1
|-ability|p2b: Kingambit|Defiant|boost
|-boost|p2b: Kingambit|atk|2
|turn|5
|
|t:|1785027719
|switch|p2a: Lycanroc|Lycanroc-Dusk, L50, F|100/100
|move|p2b: Kingambit|Protect|p2b: Kingambit
|-singleturn|p2b: Kingambit|Protect
|move|p1a: Incineroar|Fake Out|p2b: Kingambit
|-activate|p2b: Kingambit|move: Protect
|move|p1b: Sinistcha|Matcha Gotcha|p2a: Lycanroc|[spread] p2a
|-activate|p2b: Kingambit|move: Protect
|-supereffective|p2a: Lycanroc|1
|-damage|p2a: Lycanroc|33/100
|
|-weather|Snowscape|[upkeep]
|upkeep
|turn|6
|
|t:|1785027740
|move|p2a: Lycanroc|Rock Slide|p1b: Sinistcha|[spread] p1a,p1b
|-supereffective|p1a: Incineroar|1
|-damage|p1a: Incineroar|39/100
|-damage|p1b: Sinistcha|71/100
|-enditem|p1a: Incineroar|Sitrus Berry|[eat]
|-heal|p1a: Incineroar|64/100|[from] item: Sitrus Berry
|cant|p1b: Sinistcha|flinch
|cant|p1a: Incineroar|flinch
|move|p2b: Kingambit|Kowtow Cleave|p1a: Incineroar
|-resisted|p1a: Incineroar|1
|-damage|p1a: Incineroar|3/100
|
|-weather|none
|-heal|p1b: Sinistcha|77/100|[from] item: Leftovers
|-sideend|p2: Lewis Hamilton Fan|move: Aurora Veil
|upkeep
|turn|7
|
|t:|1785027756
|move|p1b: Sinistcha|Rage Powder|p1b: Sinistcha
|-singleturn|p1b: Sinistcha|move: Rage Powder
|move|p2b: Kingambit|Sucker Punch||[still]
|-fail|p2b: Kingambit
|move|p2a: Lycanroc|Rock Slide|p1b: Sinistcha|[spread] p1a,p1b
|-supereffective|p1a: Incineroar|1
|-damage|p1a: Incineroar|0 fnt
|-damage|p1b: Sinistcha|52/100
|faint|p1a: Incineroar
|
|-heal|p1b: Sinistcha|58/100|[from] item: Leftovers
|upkeep
|turn|8
|
|t:|1785027769
|move|p2a: Lycanroc|Accelerock|p1b: Sinistcha
|-damage|p1b: Sinistcha|35/100
|move|p1b: Sinistcha|Matcha Gotcha|p2b: Kingambit|[spread] p2a
|-miss|p1b: Sinistcha|p2b: Kingambit
|-supereffective|p2a: Lycanroc|1
|-damage|p2a: Lycanroc|0 fnt
|-heal|p1b: Sinistcha|49/100|[from] drain|[of] p2a: Lycanroc
|faint|p2a: Lycanroc
|move|p2b: Kingambit|Kowtow Cleave|p1b: Sinistcha
|-supereffective|p1b: Sinistcha|1
|-damage|p1b: Sinistcha|0 fnt
|faint|p1b: Sinistcha
|
|win|Lewis Hamilton Fan
