|j|☆bcam1
|j|☆kememe
|html|bcam1kememe    
|uhtml|bestof|Game 2 of a best-of-3
|t:|1784232315
|gametype|doubles
|player|p1|bcam1|102|1104
|player|p2|kememe|2|1076
|gen|9
|tier|[Gen 9 Champions] VGC 2026 Reg M-B (Bo3)
|rated|
|rule|Species Clause: Limit one of each Pokémon
|rule|Item Clause: Limit 1 of each item
|clearpoke
|poke|p1|Staraptor, L50, M|
|poke|p1|Farigiraf, L50, M|
|poke|p1|Garchomp, L50, F|
|poke|p1|Metagross, L50|
|poke|p1|Whimsicott, L50, M|
|poke|p1|Ceruledge, L50, F|
|poke|p2|Charizard, L50, M|
|poke|p2|Rotom-Wash, L50|
|poke|p2|Kingambit, L50, F|
|poke|p2|Aerodactyl, L50, M|
|poke|p2|Floette-Eternal, L50, F|
|poke|p2|Sneasler, L50, M|
|teampreview|4
|showteam|p1|Staraptor||Staraptite|Intimidate|Protect,CloseCombat,BraveBird,Roost|Jolly||M|||50|]Farigiraf||SitrusBerry|ArmorTail|HelpingHand,Psychic,Thunderbolt,TrickRoom|Calm||M|||50|]Garchomp||LifeOrb|RoughSkin|Protect,StompingTantrum,RockSlide,DragonClaw|Jolly||F|||50|]Metagross||Metagrossite|ClearBody|Protect,IronHead,PsychicFangs,StompingTantrum|Adamant|||||50|]Whimsicott||FocusSash|Prankster|Moonblast,Tailwind,Charm,Encore|Timid||M|||50|]Ceruledge||ColburBerry|FlashFire|Protect,ShadowSneak,BitterBlade,BulkUp|Adamant||F|||50|
|showteam|p2|Charizard||CharizarditeY|SolarPower|SolarBeam,Protect,WeatherBall,HeatWave|Modest||M|||50|]Rotom-Wash||ChoiceScarf|Levitate|HydroPump,VoltSwitch,Thunderbolt,Electroweb|Modest|||||50|]Kingambit||ChopleBerry|Defiant|SuckerPunch,Protect,KowtowCleave,IronHead|Adamant||F|||50|]Aerodactyl||FocusSash|Unnerve|RockSlide,Protect,DualWingbeat,Tailwind|Adamant||M|||50|]Floette-Eternal||Floettite|FlowerVeil|DazzlingGleam,Protect,Moonblast,LightofRuin|Modest||F|||50|]Sneasler||WhiteHerb|Unburden|FakeOut,CloseCombat,DireClaw,Protect|Adamant||M|||50|
|inactive|Battle timer is ON: inactive players will automatically lose when time's up. (requested by bcam1)
|
|t:|1784232341
|teamsize|p1|4
|teamsize|p2|4
|start
|switch|p1a: Whimsicott|Whimsicott, L50, M|100/100
|switch|p1b: Metagross|Metagross, L50|100/100
|switch|p2a: Aerodactyl|Aerodactyl, L50, M|100/100
|switch|p2b: Rotom|Rotom-Wash, L50|100/100
|-ability|p2a: Aerodactyl|Unnerve
|turn|1
|
|t:|1784232360
|detailschange|p1b: Metagross|Metagross-Mega, L50
|-mega|p1b: Metagross|Metagross|Metagrossite
|move|p2b: Rotom|Electroweb|p1b: Metagross|[spread] p1a,p1b
|-resisted|p1a: Whimsicott|1
|-damage|p1a: Whimsicott|84/100
|-damage|p1b: Metagross|80/100
|-unboost|p1a: Whimsicott|spe|1
|-unboost|p1b: Metagross|spe|1
|move|p2a: Aerodactyl|Tailwind|p2a: Aerodactyl
|-sidestart|p2: kememe|move: Tailwind
|move|p1a: Whimsicott|Moonblast|p2a: Aerodactyl
|-damage|p2a: Aerodactyl|50/100g
|move|p1b: Metagross|Iron Head|p2a: Aerodactyl
|-supereffective|p2a: Aerodactyl|1
|-damage|p2a: Aerodactyl|0 fnt
|faint|p2a: Aerodactyl
|
|upkeep
|
|t:|1784232377
|switch|p2a: Kingambit|Kingambit, L50, F|100/100
|turn|2
|
|t:|1784232386
|move|p1a: Whimsicott|Tailwind|p1a: Whimsicott
|-sidestart|p1: bcam1|move: Tailwind
|move|p2b: Rotom|Electroweb|p1b: Metagross|[spread] p1a,p1b
|-resisted|p1a: Whimsicott|1
|-damage|p1a: Whimsicott|67/100
|-damage|p1b: Metagross|60/100
|-unboost|p1a: Whimsicott|spe|1
|-unboost|p1b: Metagross|spe|1
|move|p1b: Metagross|Stomping Tantrum|p2a: Kingambit
|-supereffective|p2a: Kingambit|1
|-damage|p2a: Kingambit|34/100
|move|p2a: Kingambit|Iron Head|p1a: Whimsicott
|-supereffective|p1a: Whimsicott|1
|-damage|p1a: Whimsicott|0 fnt
|faint|p1a: Whimsicott
|
|upkeep
|
|t:|1784232400
|switch|p1a: Ceruledge|Ceruledge, L50, F|100/100
|turn|3
|
|t:|1784232412
|move|p2a: Kingambit|Sucker Punch|p1a: Ceruledge
|-supereffective|p1a: Ceruledge|1
|-enditem|p1a: Ceruledge|Colbur Berry|[eat]
|-enditem|p1a: Ceruledge|Colbur Berry|[weaken]
|-damage|p1a: Ceruledge|51/100
|move|p2b: Rotom|Electroweb|p1b: Metagross|[spread] p1a,p1b
|-damage|p1a: Ceruledge|32/100
|-damage|p1b: Metagross|41/100
|-unboost|p1a: Ceruledge|spe|1
|-unboost|p1b: Metagross|spe|1
|move|p1a: Ceruledge|Bitter Blade|p2a: Kingambit
|-supereffective|p2a: Kingambit|1
|-damage|p2a: Kingambit|0 fnt
|-heal|p1a: Ceruledge|50/100y|[from] drain|[of] p2a: Kingambit
|faint|p2a: Kingambit
|move|p1b: Metagross|Psychic Fangs|p2b: Rotom
|-damage|p2b: Rotom|5/100
|
|upkeep
|
|t:|1784232426
|switch|p2a: Floette|Floette-Eternal, L50, F|100/100
|turn|4
|
|t:|1784232431
|switch|p1b: Garchomp|Garchomp, L50, F|100/100
|detailschange|p2a: Floette|Floette-Mega, L50, F
|-mega|p2a: Floette|Floette|Floettite
|-ability|p2a: Floette|Fairy Aura
|move|p1a: Ceruledge|Shadow Sneak|p2b: Rotom
|-damage|p2b: Rotom|0 fnt
|faint|p2b: Rotom
|move|p2a: Floette|Dazzling Gleam|p1b: Garchomp|[spread] p1a,p1b
|-resisted|p1a: Ceruledge|1
|-supereffective|p1b: Garchomp|1
|-damage|p1a: Ceruledge|25/100
|-damage|p1b: Garchomp|0 fnt
|faint|p1b: Garchomp
|
|-sideend|p2: kememe|move: Tailwind
|upkeep
|
|t:|1784232434
|switch|p1b: Metagross|Metagross-Mega, L50|41/100
|turn|5
|
|t:|1784232450
|move|p2a: Floette|Protect|p2a: Floette
|-singleturn|p2a: Floette|Protect
|move|p1b: Metagross|Iron Head|p2a: Floette
|-activate|p2a: Floette|move: Protect
|move|p1a: Ceruledge|Bitter Blade|p2a: Floette
|-activate|p2a: Floette|move: Protect
|
|-sideend|p1: bcam1|move: Tailwind
|upkeep
|turn|6
|
|t:|1784232459
|move|p1a: Ceruledge|Shadow Sneak|p2a: Floette
|-damage|p2a: Floette|71/100
|move|p1b: Metagross|Iron Head|p2a: Floette
|-supereffective|p2a: Floette|1
|-damage|p2a: Floette|0 fnt
|faint|p2a: Floette
|
|win|bcam1
