|j|☆gattopazzo642
|j|☆spellbreakvgc
|html|gattopazzo642spellbreakvgc    
|uhtml|bestof|Game 2 of a best-of-3
|t:|1756152103
|gametype|doubles
|player|p1|gattopazzo642|101|1109
|player|p2|spellbreakvgc|lance|1059
|gen|9
|tier|[Gen 9] VGC 2025 Reg H (Bo3)
|rated|
|rule|Species Clause: Limit one of each Pokémon
|rule|Item Clause: Limit 1 of each item
|clearpoke
|poke|p1|Dragapult, L50, F|
|poke|p1|Sneasler, L50, F|
|poke|p1|Magmar, L50, M|
|poke|p1|Rillaboom, L50, M|
|poke|p1|Primarina, L50, M|
|poke|p1|Kingambit, L50, F|
|poke|p2|Whimsicott, L50, M|
|poke|p2|Typhlosion-Hisui, L50, M|
|poke|p2|Dragapult, L50, F|
|poke|p2|Sneasler, L50, M|
|poke|p2|Indeedee, L50, M|
|poke|p2|Electabuzz, L50, M|
|teampreview|4
|showteam|p1|Dragapult||ChoiceBand|ClearBody|DragonDarts,Outrage,PhantomForce,Uturn|||F|||50|,,,,,Dragon]Sneasler||FocusSash|Unburden|CloseCombat,DireClaw,Protect,FakeOut|||F|||50|,,,,,Stellar]Magmar||Eviolite|VitalSpirit|HeatWave,FollowMe,Taunt,Protect|||M|||50|,,,,,Fairy]Rillaboom||AssaultVest|GrassySurge|WoodHammer,GrassyGlide,HighHorsepower,FakeOut|||M|||50|,,,,,Water]Primarina||ThroatSpray|LiquidVoice|HyperVoice,Moonblast,Haze,Protect|||M|||50|,,,,,Poison]Kingambit||BlackGlasses|Defiant|KowtowCleave,SuckerPunch,Protect,SwordsDance|||F|||50|,,,,,Dark
|showteam|p2|Whimsicott||CovertCloak|Prankster|Tailwind,SunnyDay,Encore,Moonblast|||M|||50|,,,,,Ghost]Typhlosion-Hisui||ChoiceSpecs|Blaze|Eruption,HeatWave,ShadowBall,FocusBlast|||M|||50|,,,,,Fire]Dragapult||ChoiceBand|ClearBody|DragonDarts,Outrage,PhantomForce,Uturn|||F|||50|,,,,,Dragon]Sneasler||PsychicSeed|Unburden|DireClaw,CloseCombat,ThroatChop,Protect|||M|||50|,,,,,Fighting]Indeedee||FocusSash|PsychicSurge|ExpandingForce,TeraBlast,TrickRoom,Imprison|||M|||50|,,,,,Psychic]Electabuzz||Eviolite|VitalSpirit|Electroweb,FollowMe,Taunt,Protect|||M|||50|,,,,,Ghost
|inactive|Battle timer is ON: inactive players will automatically lose when time's up. (requested by spellbreakvgc)
|
|t:|1756152122
|teamsize|p1|4
|teamsize|p2|4
|start
|switch|p1a: Kingambit|Kingambit, L50, F|100/100
|switch|p1b: Magmar|Magmar, L50, M|100/100
|switch|p2a: Whimsicott|Whimsicott, L50, M|100/100
|switch|p2b: Typhlosion|Typhlosion-Hisui, L50, M|100/100
|turn|1
|
|t:|1756152132
|switch|p2a: Indeedee|Indeedee, L50, M|100/100
|-fieldstart|move: Psychic Terrain|[from] ability: Psychic Surge|[of] p2a: Indeedee
|-terastallize|p2b: Typhlosion|Fire
|-terastallize|p1a: Kingambit|Dark
|move|p1a: Kingambit|Sucker Punch|p2b: Typhlosion
|-activate|p2b: Typhlosion|move: Psychic Terrain
|move|p2b: Typhlosion|Eruption|p1b: Magmar|[spread] p1a,p1b
|-resisted|p1b: Magmar
|-crit|p1b: Magmar
|-damage|p1a: Kingambit|0 fnt
|-damage|p1b: Magmar|31/100
|faint|p1a: Kingambit
|move|p1b: Magmar|Heat Wave|p2b: Typhlosion|[spread] p2a,p2b
|-resisted|p2b: Typhlosion
|-damage|p2a: Indeedee|65/100
|-damage|p2b: Typhlosion|84/100
|
|upkeep
|
|t:|1756152153
|switch|p1a: Dragapult|Dragapult, L50, F|100/100
|turn|2
|
|t:|1756152173
|switch|p2b: Whimsicott|Whimsicott, L50, M|100/100
|move|p1b: Magmar|Follow Me|p1b: Magmar
|-singleturn|p1b: Magmar|move: Follow Me
|move|p1a: Dragapult|Dragon Darts|p2a: Indeedee
|-damage|p2a: Indeedee|0 fnt
|faint|p2a: Indeedee
|
|upkeep
|
|t:|1756152186
|switch|p2a: Typhlosion|Typhlosion-Hisui, L50, M, tera:Fire|84/100
|turn|3
|
|t:|1756152200
|move|p2b: Whimsicott|Tailwind|p2b: Whimsicott
|-sidestart|p2: spellbreakvgc|move: Tailwind
|move|p2a: Typhlosion|Eruption|p1b: Magmar|[spread] p1a,p1b
|-resisted|p1a: Dragapult
|-resisted|p1b: Magmar
|-damage|p1a: Dragapult|37/100
|-damage|p1b: Magmar|0 fnt
|faint|p1b: Magmar
|move|p1a: Dragapult|Dragon Darts|p2a: Typhlosion
|-damage|p2a: Typhlosion|23/100
|-anim|p1a: Dragapult|Dragon Darts|p2a: Typhlosion
|-damage|p2a: Typhlosion|0 fnt
|faint|p2a: Typhlosion
|
|upkeep
|
|t:|1756152212
|switch|p2a: Sneasler|Sneasler, L50, M|100/100
|switch|p1b: Rillaboom|Rillaboom, L50, M|100/100
|-fieldstart|move: Grassy Terrain|[from] ability: Grassy Surge|[of] p1b: Rillaboom
|turn|4
|
|t:|1756152235
|move|p2a: Sneasler|Protect|p2a: Sneasler
|-singleturn|p2a: Sneasler|Protect
|move|p1b: Rillaboom|Fake Out|p2a: Sneasler
|-activate|p2a: Sneasler|move: Protect
|move|p2b: Whimsicott|Moonblast|p1a: Dragapult
|-supereffective|p1a: Dragapult
|-damage|p1a: Dragapult|0 fnt
|faint|p1a: Dragapult
|
|upkeep
|turn|5
|
|t:|1756152248
|move|p2b: Whimsicott|Encore|p1b: Rillaboom
|-start|p1b: Rillaboom|Encore
|move|p2a: Sneasler|Dire Claw|p1b: Rillaboom
|-supereffective|p1b: Rillaboom
|-damage|p1b: Rillaboom|22/100
|-status|p1b: Rillaboom|psn
|move|p1b: Rillaboom|Fake Out||[still]
|-hint|Fake Out only works on your first turn out.
|-fail|p1b: Rillaboom
|
|-heal|p1b: Rillaboom|28/100 psn|[from] Grassy Terrain
|-damage|p1b: Rillaboom|16/100 psn|[from] psn
|upkeep
|turn|6
|
|t:|1756152263
|move|p1b: Rillaboom|Fake Out||[still]
|-hint|Fake Out only works on your first turn out.
|-fail|p1b: Rillaboom
|move|p2a: Sneasler|Dire Claw|p1b: Rillaboom
|-supereffective|p1b: Rillaboom
|-damage|p1b: Rillaboom|0 fnt
|faint|p1b: Rillaboom
|
|win|spellbreakvgc
||spellbreakvgc is ready for game 3.
||gattopazzo642 is ready for game 3.
|uhtml|next|Next: Game 3 of 3
