|j|☆yunsen
|j|☆Some1sDay
|html|yunsenSome1sDay    
|uhtml|bestof|Game 2 of a best-of-3
|t:|1785261518
|gametype|doubles
|player|p1|yunsen|steven-masters|1097
|player|p2|Some1sDay|worker|1011
|gen|9
|tier|[Gen 9 Champions] VGC 2026 Reg M-B (Bo3)
|rated|
|rule|Species Clause: Limit one of each Pokémon
|rule|Item Clause: Limit 1 of each item
|clearpoke
|poke|p1|Staraptor, L50, F|
|poke|p1|Vanilluxe, L50, F|
|poke|p1|Farigiraf, L50, M|
|poke|p1|Blastoise, L50, F|
|poke|p1|Kingambit, L50, F|
|poke|p1|Camerupt, L50, M|
|poke|p2|Blastoise, L50, F|
|poke|p2|Gholdengo, L50|
|poke|p2|Whimsicott, L50, F|
|poke|p2|Incineroar, L50, M|
|poke|p2|Garchomp, L50, M|
|poke|p2|Decidueye-Hisui, L50, F|
|teampreview|4
|showteam|p1|Staraptor||ChoiceScarf|Intimidate|FinalGambit,BraveBird,CloseCombat,Uturn|Jolly||F|||50|]Vanilluxe||NeverMeltIce|SnowWarning|Blizzard,FreezeDry,Protect,IceShard|Quiet||F|||50|]Farigiraf||SitrusBerry|ArmorTail|PsychicFangs,HyperVoice,HelpingHand,TrickRoom|Relaxed||M|||50|]Blastoise||Blastoisinite|Torrent|FakeOut,WaterSpout,AuraSphere,DarkPulse|Quiet||F|||50|]Kingambit||LifeOrb|Defiant|KowtowCleave,IronHead,Protect,SuckerPunch|Brave||F|||50|]Camerupt||Cameruptite|SolidRock|HeatWave,EarthPower,Protect,AncientPower|Quiet||M|||50|
|showteam|p2|Blastoise||Blastoisinite|RainDish|WaterSpout,ShellSmash,IceBeam,Protect|Modest||F|||50|]Gholdengo||ExpertBelt|GoodasGold|MakeItRain,ShadowBall,Thunderbolt,Protect|Modest|||||50|]Whimsicott||FocusSash|Prankster|Tailwind,TrickRoom,Moonblast,Encore|Bold||F|||50|]Incineroar||Leftovers|Intimidate|FakeOut,PartingShot,FlareBlitz,HelpingHand|Careful||M|||50|]Garchomp||LifeOrb|RoughSkin|DragonClaw,StompingTantrum,RockSlide,Protect|Adamant||M|||50|]Decidueye-Hisui||ScopeLens|Scrappy|Protect,TripleArrows,LeafBlade,Uturn|Adamant||F|||50|
|inactive|Battle timer is ON: inactive players will automatically lose when time's up. (requested by yunsen)
|inactive|Some1sDay has 60 seconds left.
|inactive|yunsen has 60 seconds left.
|
|t:|1785261559
|teamsize|p1|4
|teamsize|p2|4
|start
|switch|p1a: Farig Bang|Farigiraf, L50, M|100/100
|switch|p1b: Kingambit|Kingambit, L50, F|100/100
|switch|p2a: Cotty|Whimsicott, L50, F|100/100
|switch|p2b: Chompy|Garchomp, L50, M|100/100
|turn|1
|inactive|yunsen has 30 seconds left.
|
|t:|1785261586
|move|p2a: Cotty|Moonblast|p1b: Kingambit
|-damage|p1b: Kingambit|71/100
|move|p2b: Chompy|Rock Slide|p1a: Farig Bang|[spread] p1a,p1b
|-resisted|p1b: Kingambit|1
|-damage|p1a: Farig Bang|76/100
|-damage|p1b: Kingambit|60/100
|-damage|p2b: Chompy|90/100|[from] item: Life Orb
|cant|p1b: Kingambit|flinch
|move|p1a: Farig Bang|Trick Room|p1a: Farig Bang
|-fieldstart|move: Trick Room|[of] p1a: Farig Bang
|
|upkeep
|turn|2
|
|t:|1785261600
|move|p1b: Kingambit|Iron Head|p2a: Cotty
|-supereffective|p2a: Cotty|1
|-damage|p2a: Cotty|1/100
|-damage|p1b: Kingambit|50/100g|[from] item: Life Orb
|move|p1a: Farig Bang|Hyper Voice|p2b: Chompy|[spread] p2a,p2b
|-damage|p2a: Cotty|0 fnt
|-damage|p2b: Chompy|62/100
|faint|p2a: Cotty
|move|p2b: Chompy|Dragon Claw|p1b: Kingambit
|-resisted|p1b: Kingambit|1
|-crit|p1b: Kingambit
|-damage|p1b: Kingambit|18/100
|-damage|p2b: Chompy|52/100|[from] item: Life Orb
|
|upkeep
|
|t:|1785261614
|switch|p2a: Arrow|Decidueye-Hisui, L50, F|100/100
|turn|3
|
|t:|1785261636
|move|p1b: Kingambit|Iron Head|p2b: Chompy
|-damage|p2b: Chompy|1/100
|-damage|p1b: Kingambit|6/100|[from] ability: Rough Skin|[of] p2b: Chompy
|-damage|p1b: Kingambit|0 fnt|[from] item: Life Orb
|faint|p1b: Kingambit
|move|p1a: Farig Bang|Psychic Fangs|p2a: Arrow
|-supereffective|p2a: Arrow|1
|-damage|p2a: Arrow|41/100
|move|p2a: Arrow|Triple Arrows|p1a: Farig Bang
|-damage|p1a: Farig Bang|41/100
|-unboost|p1a: Farig Bang|def|1
|-enditem|p1a: Farig Bang|Sitrus Berry|[eat]
|-heal|p1a: Farig Bang|66/100|[from] item: Sitrus Berry
|move|p2b: Chompy|Dragon Claw|p1a: Farig Bang
|-damage|p1a: Farig Bang|0 fnt
|faint|p1a: Farig Bang
|-damage|p2b: Chompy|0 fnt|[from] item: Life Orb
|faint|p2b: Chompy
|
|upkeep
|
|t:|1785261654
|switch|p1b: Vanilluxe|Vanilluxe, L50, F|100/100
|switch|p1a: Blastoise|Blastoise, L50, F|100/100
|switch|p2b: Blaster|Blastoise, L50, F|100/100
|-weather|Snowscape|[from] ability: Snow Warning|[of] p1b: Vanilluxe
|turn|4
|
|t:|1785261671
|detailschange|p1a: Blastoise|Blastoise-Mega, L50, F
|-mega|p1a: Blastoise|Blastoise|Blastoisinite
|detailschange|p2b: Blaster|Blastoise-Mega, L50, F
|-mega|p2b: Blaster|Blastoise|Blastoisinite
|move|p1a: Blastoise|Fake Out|p2a: Arrow
|-damage|p2a: Arrow|31/100
|cant|p2a: Arrow|flinch
|move|p1b: Vanilluxe|Freeze-Dry|p2b: Blaster
|-supereffective|p2b: Blaster|1
|-damage|p2b: Blaster|28/100
|move|p2b: Blaster|Water Spout|p1b: Vanilluxe|[spread] p1a,p1b
|-resisted|p1a: Blastoise|1
|-damage|p1a: Blastoise|92/100
|-damage|p1b: Vanilluxe|80/100
|
|-weather|Snowscape|[upkeep]
|upkeep
|turn|5
|
|t:|1785261690
|move|p2b: Blaster|Protect|p2b: Blaster
|-singleturn|p2b: Blaster|Protect
|move|p2a: Arrow|Leaf Blade|p1a: Blastoise
|-supereffective|p1a: Blastoise|1
|-damage|p1a: Blastoise|17/100
|move|p1a: Blastoise|Water Spout|p2b: Blaster|[spread] p2a
|-activate|p2b: Blaster|move: Protect
|-resisted|p2a: Arrow|1
|-damage|p2a: Arrow|25/100
|move|p1b: Vanilluxe|Blizzard|p2a: Arrow|[spread] p2a
|-activate|p2b: Blaster|move: Protect
|-supereffective|p2a: Arrow|1
|-damage|p2a: Arrow|0 fnt
|faint|p2a: Arrow
|
|-weather|Snowscape|[upkeep]
|-fieldend|move: Trick Room
|upkeep
|turn|6
|
|t:|1785261712
|move|p2b: Blaster|Water Spout|p1b: Vanilluxe|[spread] p1a,p1b
|-resisted|p1a: Blastoise|1
|-damage|p1a: Blastoise|10/100
|-damage|p1b: Vanilluxe|61/100
|move|p1b: Vanilluxe|Freeze-Dry|p2b: Blaster
|-supereffective|p2b: Blaster|1
|-damage|p2b: Blaster|0 fnt
|faint|p2b: Blaster
|
|win|yunsen
|raw|yunsen's rating: 1097 → 1116(+19 for winning)
|raw|Some1sDay's rating: 1011 → 1002(-9 for losing)
|l|☆Some1sDay
|player|p2|
