|j|☆rom6x
|j|☆FAMILIARCOL
|html|rom6xFAMILIARCOL    
|uhtml|bestof|Game 2 of a best-of-3
|t:|1757774797
|gametype|doubles
|player|p1|rom6x|miku-ground|1224
|player|p2|FAMILIARCOL|102|1139
|gen|9
|tier|[Gen 9] VGC 2025 Reg H (Bo3)
|rated|
|rule|Species Clause: Limit one of each Pokémon
|rule|Item Clause: Limit 1 of each item
|clearpoke
|poke|p1|Serperior, L50, F|
|poke|p1|Rillaboom, L50, M|
|poke|p1|Volcarona, L50, M|
|poke|p1|Sneasler, L50, F|
|poke|p1|Ursaluna-Bloodmoon, L50, M|
|poke|p1|Incineroar, L50, F|
|poke|p2|Amoonguss, L50, F|
|poke|p2|Dragonite, L50, M|
|poke|p2|Incineroar, L50, M|
|poke|p2|Murkrow, L50, M|
|poke|p2|Ursaluna-Bloodmoon, L50, M|
|poke|p2|Garchomp, L50, M|
|teampreview|4
|showteam|p1|Serperior||LightClay|Contrary|LeafStorm,Reflect,LightScreen,Glare|||F|||50|,,,,,Water]Rillaboom||MiracleSeed|GrassySurge|FakeOut,WoodHammer,GrassyGlide,Uturn|||M|||50|,,,,,Fire]Volcarona||GrassySeed|FlameBody|HeatWave,WillOWisp,QuiverDance,GigaDrain|||M|||50|,,,,,Dragon]Sneasler||FocusSash|Unburden|DireClaw,CloseCombat,Coaching,Protect|||F|||50|,,,,,Stellar]Ursaluna-Bloodmoon||AssaultVest|MindsEye|BloodMoon,HyperVoice,EarthPower,VacuumWave|||M|||50|,,,,,Ghost]Incineroar||SafetyGoggles|Intimidate|FakeOut,KnockOff,FlareBlitz,PartingShot|||F|||50|,,,,,Ghost
|showteam|p2|Amoonguss||MentalHerb|Regenerator|Spore,RagePowder,PollenPuff,ClearSmog|||F|||50|,,,,,Water]Dragonite||LoadedDice|Multiscale|ScaleShot,ExtremeSpeed,AerialAce,DragonDance|||M|||50|,,,,,Normal]Incineroar||SitrusBerry|Intimidate|FakeOut,KnockOff,WillOWisp,PartingShot|||M|||50|,,,,,Grass]Murkrow||Eviolite|Prankster|Tailwind,Haze,Taunt,FoulPlay|||M|||50|,,,,,Ghost]Ursaluna-Bloodmoon||AssaultVest|MindsEye|BloodMoon,HyperVoice,EarthPower,VacuumWave|||M|||50|,,,,,Normal]Garchomp||ClearAmulet|RoughSkin|Earthquake,RockSlide,DragonClaw,Protect|||M|||50|,,,,,Ground
|inactive|Battle timer is ON: inactive players will automatically lose when time's up. (requested by rom6x)
|inactive|rom6x has 60 seconds left.
|
|t:|1757774840
|teamsize|p1|4
|teamsize|p2|4
|start
|switch|p1a: Rillaboom|Rillaboom, L50, M|100/100
|switch|p1b: Volcarona|Volcarona, L50, M|100/100
|switch|p2a: Ursaluna|Ursaluna-Bloodmoon, L50, M|100/100
|switch|p2b: Murkrow|Murkrow, L50, M, shiny|100/100
|-fieldstart|move: Grassy Terrain|[from] ability: Grassy Surge|[of] p1a: Rillaboom
|-enditem|p1b: Volcarona|Grassy Seed
|-boost|p1b: Volcarona|def|1|[from] item: Grassy Seed
|turn|1
|inactive|rom6x has 30 seconds left.
|inactive|rom6x has 20 seconds left.
|
|t:|1757774880
|-terastallize|p2a: Ursaluna|Normal
|move|p2b: Murkrow|Tailwind|p2b: Murkrow
|-sidestart|p2: FAMILIARCOL|move: Tailwind
|move|p2a: Ursaluna|Hyper Voice|p1b: Volcarona|[spread] p1a,p1b
|-damage|p1a: Rillaboom|37/100
|-damage|p1b: Volcarona|59/100
|move|p1b: Volcarona|Quiver Dance|p1b: Volcarona
|-boost|p1b: Volcarona|spa|1
|-boost|p1b: Volcarona|spd|1
|-boost|p1b: Volcarona|spe|1
|move|p1a: Rillaboom|Wood Hammer|p2a: Ursaluna
|-damage|p2a: Ursaluna|12/100
|-damage|p1a: Rillaboom|8/100|[from] Recoil
|
|-heal|p2a: Ursaluna|18/100|[from] Grassy Terrain
|-heal|p1b: Volcarona|65/100|[from] Grassy Terrain
|-heal|p1a: Rillaboom|14/100|[from] Grassy Terrain
|upkeep
|turn|2
|inactive|rom6x has 30 seconds left.
|inactive|FAMILIARCOL has 30 seconds left.
|
|t:|1757774909
|switch|p2a: Garchomp|Garchomp, L50, M, shiny|100/100
|switch|p1a: Serperior|Serperior, L50, F, shiny|100/100
|move|p2b: Murkrow|Haze|p2b: Murkrow
|-clearallboost
|move|p1b: Volcarona|Giga Drain|p2a: Garchomp
|-damage|p2a: Garchomp|62/100
|-heal|p1b: Volcarona|84/100|[from] drain|[of] p2a: Garchomp
|
|-heal|p2a: Garchomp|68/100|[from] Grassy Terrain
|-heal|p1b: Volcarona|90/100|[from] Grassy Terrain
|upkeep
|turn|3
|
|t:|1757774932
|-terastallize|p1b: Volcarona|Dragon
|move|p2b: Murkrow|Taunt|p1a: Serperior
|-start|p1a: Serperior|move: Taunt
|move|p2a: Garchomp|Earthquake|p1b: Volcarona|[spread] p1a,p1b
|-immune|p2b: Murkrow
|-resisted|p1a: Serperior
|-crit|p1b: Volcarona
|-damage|p1a: Serperior|89/100
|-damage|p1b: Volcarona|51/100
|cant|p1a: Serperior|move: Taunt|Reflect
|move|p1b: Volcarona|Heat Wave|p2a: Garchomp|[spread] p2b
|-miss|p1b: Volcarona|p2a: Garchomp
|-damage|p2b: Murkrow|64/100
|
|-heal|p2a: Garchomp|74/100|[from] Grassy Terrain
|-heal|p1a: Serperior|96/100|[from] Grassy Terrain
|-heal|p1b: Volcarona|57/100|[from] Grassy Terrain
|upkeep
|turn|4
|
|t:|1757774953
|switch|p2b: Dragonite|Dragonite, L50, M, shiny|100/100
|move|p2a: Garchomp|Dragon Claw|p1b: Volcarona
|-supereffective|p1b: Volcarona
|-damage|p1b: Volcarona|0 fnt
|faint|p1b: Volcarona
|move|p1a: Serperior|Leaf Storm|p2a: Garchomp
|-damage|p2a: Garchomp|23/100
|-boost|p1a: Serperior|spa|2
|
|-heal|p2a: Garchomp|29/100|[from] Grassy Terrain
|-heal|p1a: Serperior|100/100|[from] Grassy Terrain
|-sideend|p2: FAMILIARCOL|move: Tailwind
|upkeep
|
|t:|1757774969
|switch|p1b: Rillaboom|Rillaboom, L50, M|14/100
|turn|5
|
|t:|1757774980
|move|p2a: Garchomp|Protect|p2a: Garchomp
|-singleturn|p2a: Garchomp|Protect
|move|p1b: Rillaboom|Fake Out|p2b: Dragonite
|-damage|p2b: Dragonite|91/100
|move|p1a: Serperior|Leaf Storm|p2a: Garchomp
|-activate|p2a: Garchomp|move: Protect
|cant|p2b: Dragonite|flinch
|
|-heal|p2a: Garchomp|35/100|[from] Grassy Terrain
|-heal|p1b: Rillaboom|20/100|[from] Grassy Terrain
|-end|p1a: Serperior|move: Taunt
|-fieldend|move: Grassy Terrain
|upkeep
|turn|6
|inactive|rom6x has 30 seconds left.
|inactive|rom6x has 20 seconds left.
|
|t:|1757775019
|move|p1a: Serperior|Leaf Storm|p2a: Garchomp
|-damage|p2a: Garchomp|0 fnt
|-boost|p1a: Serperior|spa|2
|faint|p2a: Garchomp
|move|p2b: Dragonite|Dragon Dance|p2b: Dragonite
|-boost|p2b: Dragonite|atk|1
|-boost|p2b: Dragonite|spe|1
|move|p1b: Rillaboom|U-turn|p2b: Dragonite
|-resisted|p2b: Dragonite
|-damage|p2b: Dragonite|76/100
|
|t:|1757775027
|switch|p1b: Sneasler|Sneasler, L50, F|100/100|[from] U-turn
|
|upkeep
|
|t:|1757775041
|switch|p2a: Murkrow|Murkrow, L50, M, shiny|64/100
|turn|7
|
|t:|1757775058
|move|p2a: Murkrow|Tailwind|p2a: Murkrow
|-sidestart|p2: FAMILIARCOL|move: Tailwind
|move|p2b: Dragonite|Scale Shot|p1a: Serperior
|-damage|p1a: Serperior|79/100
|-damage|p1a: Serperior|57/100
|-damage|p1a: Serperior|34/100
|-damage|p1a: Serperior|9/100
|-hitcount|p1a: Serperior|4
|-unboost|p2b: Dragonite|def|1
|-boost|p2b: Dragonite|spe|1
|move|p1b: Sneasler|Dire Claw|p2a: Murkrow
|-damage|p2a: Murkrow|20/100
|move|p1a: Serperior|Leaf Storm|p2a: Murkrow
|-resisted|p2a: Murkrow
|-crit|p2a: Murkrow
|-damage|p2a: Murkrow|0 fnt
|-boost|p1a: Serperior|spa|2
|faint|p2a: Murkrow
|
|upkeep
|
|t:|1757775076
|switch|p2a: Ursaluna|Ursaluna-Bloodmoon, L50, M, tera:Normal|18/100
|turn|8
|
|t:|1757775093
|move|p1b: Sneasler|Protect|p1b: Sneasler
|-singleturn|p1b: Sneasler|Protect
|move|p2b: Dragonite|Scale Shot|p1b: Sneasler
|-activate|p1b: Sneasler|move: Protect
|move|p2a: Ursaluna|Hyper Voice|p1a: Serperior|[spread] p1a
|-activate|p1b: Sneasler|move: Protect
|-damage|p1a: Serperior|0 fnt
|faint|p1a: Serperior
|
|upkeep
|
|t:|1757775100
|switch|p1a: Rillaboom|Rillaboom, L50, M|20/100
|-fieldstart|move: Grassy Terrain|[from] ability: Grassy Surge|[of] p1a: Rillaboom
|turn|9
|
|t:|1757775119
|move|p1a: Rillaboom|Fake Out|p2b: Dragonite
|-damage|p2b: Dragonite|52/100
|cant|p2b: Dragonite|flinch
|move|p2a: Ursaluna|Hyper Voice|p1b: Sneasler|[spread] p1a,p1b
|-damage|p1a: Rillaboom|0 fnt
|-damage|p1b: Sneasler|30/100
|faint|p1a: Rillaboom
|move|p1b: Sneasler|Dire Claw|p2b: Dragonite
|-damage|p2b: Dragonite|0 fnt
|faint|p2b: Dragonite
|
|-heal|p2a: Ursaluna|24/100|[from] Grassy Terrain
|-heal|p1b: Sneasler|36/100|[from] Grassy Terrain
|upkeep
|turn|10
|
|t:|1757775144
|move|p1b: Sneasler|Protect|p1b: Sneasler
|-singleturn|p1b: Sneasler|Protect
|move|p2a: Ursaluna|Blood Moon|p1b: Sneasler
|-activate|p1b: Sneasler|move: Protect
|
|-heal|p2a: Ursaluna|30/100|[from] Grassy Terrain
|-heal|p1b: Sneasler|42/100|[from] Grassy Terrain
|-sideend|p2: FAMILIARCOL|move: Tailwind
|upkeep
|turn|11
|
|t:|1757775155
|move|p1b: Sneasler|Close Combat|p2a: Ursaluna
|-supereffective|p2a: Ursaluna
|-damage|p2a: Ursaluna|0 fnt
|-unboost|p1b: Sneasler|def|1
|-unboost|p1b: Sneasler|spd|1
|faint|p2a: Ursaluna
|
|win|rom6x
||rom6x is ready for game 3.
||FAMILIARCOL is ready for game 3.
|uhtml|next|Next: Game 3 of 3
