|j|☆bom e novo
|j|☆SelvesterTheYAK
|html|bom e novoSelvesterTheYAK    
|uhtml|bestof|Game 1 of a best-of-3
|t:|1757651174
|gametype|doubles
|player|p1|bom e novo|red-lgpe|1069
|player|p2|SelvesterTheYAK|170|1072
|gen|9
|tier|[Gen 9] VGC 2025 Reg H (Bo3)
|rated|
|rule|Species Clause: Limit one of each Pokémon
|rule|Item Clause: Limit 1 of each item
|clearpoke
|poke|p1|Golduck, L50, F|
|poke|p1|Electabuzz, L50, M|
|poke|p1|Ribombee, L50, M|
|poke|p1|Dragonite, L50, M|
|poke|p1|Annihilape, L50, F|
|poke|p1|Volcarona, L50, M|
|poke|p2|Tyranitar, L50, M|
|poke|p2|Gholdengo, L50|
|poke|p2|Corviknight, L50, M|
|poke|p2|Amoonguss, L50, M|
|poke|p2|Garchomp, L50, F|
|poke|p2|Incineroar, L50, F|
|teampreview|4
|showteam|p1|Golduck||SitrusBerry|CloudNine|HydroPump,ClearSmog,IcyWind,HelpingHand|||F|||50|,,,,,Grass]Electabuzz||Eviolite|VitalSpirit|Taunt,FollowMe,Electroweb,Protect|||M|||50|,,,,,Flying]Ribombee||FocusSash|ShieldDust|Tailwind,Moonblast,Psychic,Protect|||M|||50|,,,,,Psychic]Dragonite||LoadedDice|Multiscale|ScaleShot,IceSpinner,ExtremeSpeed,Protect|||M|||50|,,,,,Fairy]Annihilape||ChoiceScarf|VitalSpirit|DrainPunch,RageFist,Earthquake,PoisonJab|||F|||50|,,,,,Steel]Volcarona||RockyHelmet|FlameBody|FieryDance,HeatWave,QuiverDance,Protect|||M|||50|,,,,,Grass
|showteam|p2|Tyranitar||AssaultVest|SandStream|RockSlide,KnockOff,TeraBlast,LowKick|||M|||50|,,,,,Flying]Gholdengo||MetalCoat|GoodasGold|MakeItRain,ShadowBall,NastyPlot,Protect||||||50|,,,,,Flying]Corviknight||Leftovers|MirrorArmor|BraveBird,Tailwind,Roost,BulkUp|||M|||50|,,,,,Dragon]Amoonguss||SitrusBerry|Regenerator|Spore,RagePowder,ClearSmog,Protect|||M|||50|,,,,,Water]Garchomp||LifeOrb|RoughSkin|Earthquake,DragonClaw,StompingTantrum,Protect|||F|||50|,,,,,Steel]Incineroar||SafetyGoggles|Intimidate|FakeOut,KnockOff,PartingShot,Taunt|||F|||50|,,,,,Grass
|inactive|Battle timer is ON: inactive players will automatically lose when time's up. (requested by bom e novo)
|inactive|SelvesterTheYAK has 60 seconds left.
|
|t:|1757651243
|teamsize|p1|4
|teamsize|p2|4
|start
|switch|p1a: Ribombee|Ribombee, L50, M|100/100
|switch|p1b: Dragonite|Dragonite, L50, M|100/100
|switch|p2a: Incineroar|Incineroar, L50, F|100/100
|switch|p2b: Garchomp|Garchomp, L50, F|100/100
|-ability|p2a: Incineroar|Intimidate|boost
|-unboost|p1a: Ribombee|atk|1
|-unboost|p1b: Dragonite|atk|1
|turn|1
|inactive|SelvesterTheYAK has 30 seconds left.
|
|t:|1757651272
|switch|p1b: Annihilape|Annihilape, L50, F|100/100
|-terastallize|p2b: Garchomp|Steel
|move|p1a: Ribombee|Protect|p1a: Ribombee
|-singleturn|p1a: Ribombee|Protect
|move|p2a: Incineroar|Fake Out|p1a: Ribombee
|-activate|p1a: Ribombee|move: Protect
|move|p2b: Garchomp|Dragon Claw|p1b: Annihilape
|-damage|p1b: Annihilape|35/100
|-damage|p2b: Garchomp|91/100|[from] item: Life Orb
|
|upkeep
|turn|2
|
|t:|1757651294
|move|p2b: Garchomp|Protect|p2b: Garchomp
|-singleturn|p2b: Garchomp|Protect
|move|p1b: Annihilape|Drain Punch|p2b: Garchomp
|-activate|p2b: Garchomp|move: Protect
|move|p1a: Ribombee|Tailwind|p1a: Ribombee
|-sidestart|p1: bom e novo|move: Tailwind
|move|p2a: Incineroar|Knock Off|p1b: Annihilape
|-damage|p1b: Annihilape|0 fnt
|-enditem|p1b: Annihilape|Choice Scarf|[from] move: Knock Off|[of] p2a: Incineroar
|faint|p1b: Annihilape
|
|upkeep
|
|t:|1757651305
|switch|p1b: Dragonite|Dragonite, L50, M|100/100
|turn|3
|
|t:|1757651330
|switch|p1a: Volcarona|Volcarona, L50, M|100/100
|-terastallize|p1b: Dragonite|Fairy
|move|p1b: Dragonite|Scale Shot|p2a: Incineroar
|-damage|p2a: Incineroar|87/100
|-damage|p2a: Incineroar|75/100
|-damage|p2a: Incineroar|61/100
|-damage|p2a: Incineroar|49/100
|-damage|p2a: Incineroar|35/100
|-hitcount|p2a: Incineroar|5
|-unboost|p1b: Dragonite|def|1
|-boost|p1b: Dragonite|spe|1
|move|p2b: Garchomp|Dragon Claw|p1b: Dragonite
|-immune|p1b: Dragonite
|move|p2a: Incineroar|Parting Shot|p1b: Dragonite
|-unboost|p1b: Dragonite|atk|1
|-unboost|p1b: Dragonite|spa|1
|
|t:|1757651349
|switch|p2a: Amoonguss|Amoonguss, L50, M|100/100|[from] Parting Shot
|
|upkeep
|turn|4
|
|t:|1757651366
|switch|p2b: Incineroar|Incineroar, L50, F|35/100
|-ability|p2b: Incineroar|Intimidate|boost
|-unboost|p1a: Volcarona|atk|1
|-unboost|p1b: Dragonite|atk|1
|move|p1b: Dragonite|Protect|p1b: Dragonite
|-singleturn|p1b: Dragonite|Protect
|move|p2a: Amoonguss|Protect|p2a: Amoonguss
|-singleturn|p2a: Amoonguss|Protect
|move|p1a: Volcarona|Heat Wave|p2a: Amoonguss|[spread] p2b
|-activate|p2a: Amoonguss|move: Protect
|-resisted|p2b: Incineroar
|-damage|p2b: Incineroar|18/100
|
|upkeep
|turn|5
|
|t:|1757651383
|move|p1a: Volcarona|Protect|p1a: Volcarona
|-singleturn|p1a: Volcarona|Protect
|move|p2b: Incineroar|Fake Out|p1a: Volcarona
|-activate|p1a: Volcarona|move: Protect
|move|p1b: Dragonite|Extreme Speed|p2b: Incineroar
|-damage|p2b: Incineroar|3/100
|move|p2a: Amoonguss|Spore|p1b: Dragonite
|-status|p1b: Dragonite|slp|[from] move: Spore
|
|-sideend|p1: bom e novo|move: Tailwind
|upkeep
|turn|6
|
|t:|1757651401
|switch|p1b: Ribombee|Ribombee, L50, M|100/100
|move|p2a: Amoonguss|Protect|p2a: Amoonguss
|-singleturn|p2a: Amoonguss|Protect
|move|p1a: Volcarona|Heat Wave|p2a: Amoonguss|[spread] p2b
|-activate|p2a: Amoonguss|move: Protect
|-resisted|p2b: Incineroar
|-crit|p2b: Incineroar
|-damage|p2b: Incineroar|0 fnt
|faint|p2b: Incineroar
|
|upkeep
|
|t:|1757651419
|switch|p2b: Garchomp|Garchomp, L50, F, tera:Steel|91/100
|turn|7
|
|t:|1757651431
|move|p1b: Ribombee|Tailwind|p1b: Ribombee
|-sidestart|p1: bom e novo|move: Tailwind
|move|p1a: Volcarona|Heat Wave|p2a: Amoonguss|[spread] p2a
|-miss|p1a: Volcarona|p2b: Garchomp
|-supereffective|p2a: Amoonguss
|-damage|p2a: Amoonguss|30/100
|-enditem|p2a: Amoonguss|Sitrus Berry|[eat]
|-heal|p2a: Amoonguss|55/100|[from] item: Sitrus Berry
|move|p2b: Garchomp|Stomping Tantrum|p1a: Volcarona
|-damage|p1a: Volcarona|43/100
|-damage|p2b: Garchomp|74/100|[from] item: Rocky Helmet|[of] p1a: Volcarona
|-damage|p2b: Garchomp|65/100|[from] item: Life Orb
|move|p2a: Amoonguss|Spore|p1a: Volcarona
|-status|p1a: Volcarona|slp|[from] move: Spore
|
|upkeep
|turn|8
|inactive|SelvesterTheYAK has 30 seconds left.
|
|t:|1757651456
|switch|p1a: Dragonite|Dragonite, L50, M, tera:Fairy|100/100 slp
|move|p1b: Ribombee|Psychic|p2a: Amoonguss
|-supereffective|p2a: Amoonguss
|-damage|p2a: Amoonguss|3/100
|move|p2b: Garchomp|Stomping Tantrum|p1a: Dragonite
|-damage|p1a: Dragonite|75/100 slp
|-damage|p2b: Garchomp|55/100|[from] item: Life Orb
|move|p2a: Amoonguss|Spore|p1b: Ribombee
|-status|p1b: Ribombee|slp|[from] move: Spore
|
|upkeep
|turn|9
|
|t:|1757651478
|switch|p2a: Gholdengo|Gholdengo, L50|100/100
|cant|p1a: Dragonite|slp
|cant|p1b: Ribombee|slp
|move|p2b: Garchomp|Stomping Tantrum|p1a: Dragonite
|-damage|p1a: Dragonite|29/100 slp
|-damage|p2b: Garchomp|45/100|[from] item: Life Orb
|
|upkeep
|turn|10
|
|t:|1757651502
|cant|p1b: Ribombee|slp
|cant|p1a: Dragonite|slp
|move|p2b: Garchomp|Stomping Tantrum|p1b: Ribombee
|-resisted|p1b: Ribombee
|-damage|p1b: Ribombee|50/100 slp
|-damage|p2b: Garchomp|35/100|[from] item: Life Orb
|move|p2a: Gholdengo|Make It Rain|p1a: Dragonite|[spread] p1a,p1b
|-supereffective|p1a: Dragonite
|-supereffective|p1b: Ribombee
|-damage|p1a: Dragonite|0 fnt
|-damage|p1b: Ribombee|0 fnt
|-unboost|p2a: Gholdengo|spa|1
|faint|p1a: Dragonite
|faint|p1b: Ribombee
|
|-sideend|p1: bom e novo|move: Tailwind
|upkeep
|
|t:|1757651518
|switch|p1a: Volcarona|Volcarona, L50, M|43/100 slp
|turn|11
|
|t:|1757651526
|cant|p1a: Volcarona|slp
|move|p2b: Garchomp|Stomping Tantrum|p1a: Volcarona
|-damage|p1a: Volcarona|0 fnt
|-damage|p2b: Garchomp|19/100|[from] item: Rocky Helmet|[of] p1a: Volcarona
|-status|p2b: Garchomp|brn|[from] ability: Flame Body|[of] p1a: Volcarona
|faint|p1a: Volcarona
|-damage|p2b: Garchomp|9/100 brn|[from] item: Life Orb
|
|win|SelvesterTheYAK
|l|☆bom e novo
|player|p1|
||bom e novo is ready for game 2.
|inactive|SelvesterTheYAK has 30 seconds to confirm battle start!
||SelvesterTheYAK is ready for game 2.
|uhtml|next|Next: Game 2 of 3
|l|☆SelvesterTheYAK
|player|p2|
