|j|☆ChinoTV
|j|☆NicoViBrittania
|html|ChinoTVNicoViBrittania    
|uhtml|bestof|Game 1 of a best-of-3
|t:|1757649823
|gametype|doubles
|player|p1|ChinoTV|red|1151
|player|p2|NicoViBrittania|170|1119
|gen|9
|tier|[Gen 9] VGC 2025 Reg H (Bo3)
|rated|
|rule|Species Clause: Limit one of each Pokémon
|rule|Item Clause: Limit 1 of each item
|clearpoke
|poke|p1|Annihilape, L50, F|
|poke|p1|Indeedee, L50, M|
|poke|p1|Ursaluna-Bloodmoon, L50, M|
|poke|p1|Sneasler, L50, F|
|poke|p1|Tyranitar, L50, M|
|poke|p1|Volcarona, L50, F|
|poke|p2|Annihilape, L50, M|
|poke|p2|Porygon2, L50|
|poke|p2|Primarina, L50, F|
|poke|p2|Torkoal, L50, M|
|poke|p2|Exeggutor-Alola, L50, F|
|poke|p2|Delphox, L50, M|
|teampreview|4
|showteam|p1|Annihilape||SafetyGoggles|Defiant|FinalGambit,CloseCombat,Taunt,RageFist|||F|||50|,,,,,Fairy]Indeedee||ChoiceScarf|PsychicSurge|Trick,ExpandingForce,Protect,TeraBlast|||M|||50|,,,,,Psychic]Ursaluna-Bloodmoon||LifeOrb|MindsEye|EarthPower,BloodMoon,Protect,HyperVoice|||M|||50|,,,,,Normal]Sneasler||PsychicSeed|Unburden|CloseCombat,Protect,DireClaw,ThroatChop|||F|||50|,,,,,Dark]Tyranitar||AssaultVest|SandStream|TeraBlast,RockSlide,LowKick,KnockOff|||M|||50|,,,,,Flying]Volcarona||SitrusBerry|FlameBody|Overheat,StruggleBug,Tailwind,RagePowder|||F|||50|,,,,,Grass
|showteam|p2|Annihilape||SafetyGoggles|Defiant|BulkUp,DrainPunch,FinalGambit,RageFist|||M|||50|,,,,,Fire]Porygon2||Eviolite|Trace|TrickRoom,TriAttack,Protect,Recover||||||50|,,,,,Ghost]Primarina||ThroatSpray|LiquidVoice|Moonblast,Protect,HyperVoice,TeraBlast|||F|||50|,,,,,Ground]Torkoal||CovertCloak|Drought|HeatWave,HelpingHand,Protect,Eruption|||M|||50|,,,,,Fire]Exeggutor-Alola||SitrusBerry|Harvest|DracoMeteor,GigaDrain,TrickRoom,WoodHammer|||F|||50|,,,,,Ghost]Delphox||Charcoal|Blaze|ExpandingForce,TrickRoom,HeatWave,HelpingHand|||M|||50|,,,,,Fairy
|inactive|Battle timer is ON: inactive players will automatically lose when time's up. (requested by NicoViBrittania)
|
|t:|1757649870
|teamsize|p1|4
|teamsize|p2|4
|start
|switch|p1a: Annihilape|Annihilape, L50, F|100/100
|switch|p1b: Indeedee|Indeedee, L50, M|100/100
|switch|p2a: Delphox|Delphox, L50, M|100/100
|switch|p2b: Porygon2|Porygon2, L50|100/100
|-fieldstart|move: Psychic Terrain|[from] ability: Psychic Surge|[of] p1b: Indeedee
|-ability|p2b: Porygon2|Psychic Surge|Trace|[from] ability: Trace|[of] p1b: Indeedee
|turn|1
|inactive|ChinoTV has 30 seconds left.
|inactive|NicoViBrittania has 30 seconds left.
|
|t:|1757649905
|-terastallize|p1a: Annihilape|Fairy
|move|p2b: Porygon2|Protect|p2b: Porygon2
|-singleturn|p2b: Porygon2|Protect
|move|p1b: Indeedee|Expanding Force|p2a: Delphox|[spread] p2a
|-activate|p2b: Porygon2|move: Protect
|-resisted|p2a: Delphox
|-damage|p2a: Delphox|70/100
|move|p1a: Annihilape|Taunt|p2b: Porygon2
|-activate|p2b: Porygon2|move: Protect
|move|p2a: Delphox|Trick Room|p2a: Delphox
|-fieldstart|move: Trick Room|[of] p2a: Delphox
|
|upkeep
|turn|2
|inactive|ChinoTV has 30 seconds left.
|inactive|NicoViBrittania has 30 seconds left.
|inactive|NicoViBrittania has 20 seconds left.
|
|t:|1757649940
|move|p2b: Porygon2|Tri Attack|p1a: Annihilape
|-damage|p1a: Annihilape|75/100
|move|p1a: Annihilape|Rage Fist|p2a: Delphox
|-supereffective|p2a: Delphox
|-damage|p2a: Delphox|0 fnt
|faint|p2a: Delphox
|move|p1b: Indeedee|Expanding Force|p2b: Porygon2
|-damage|p2b: Porygon2|58/100
|
|upkeep
|
|t:|1757649953
|switch|p2a: Torkoal|Torkoal, L50, M|100/100
|-weather|SunnyDay|[from] ability: Drought|[of] p2a: Torkoal
|turn|3
|
|t:|1757649965
|switch|p1b: Tyranitar|Tyranitar, L50, M|100/100
|-weather|Sandstorm|[from] ability: Sand Stream|[of] p1b: Tyranitar
|-terastallize|p2a: Torkoal|Fire
|move|p2a: Torkoal|Eruption|p1b: Tyranitar|[spread] p1a,p1b
|-resisted|p1b: Tyranitar
|-damage|p1a: Annihilape|13/100
|-damage|p1b: Tyranitar|87/100
|move|p2b: Porygon2|Tri Attack|p1b: Tyranitar
|-resisted|p1b: Tyranitar
|-damage|p1b: Tyranitar|81/100
|move|p1a: Annihilape|Close Combat|p2b: Porygon2
|-supereffective|p2b: Porygon2
|-damage|p2b: Porygon2|0 fnt
|-unboost|p1a: Annihilape|def|1
|-unboost|p1a: Annihilape|spd|1
|faint|p2b: Porygon2
|
|-weather|Sandstorm|[upkeep]
|-damage|p2a: Torkoal|94/100|[from] Sandstorm
|upkeep
|
|t:|1757649986
|switch|p2b: Primarina|Primarina, L50, F|100/100
|turn|4
|
|t:|1757650006
|move|p2a: Torkoal|Helping Hand|p2b: Primarina
|-singleturn|p2b: Primarina|Helping Hand|[of] p2a: Torkoal
|move|p2b: Primarina|Hyper Voice|p1b: Tyranitar|[spread] p1a,p1b
|-supereffective|p1b: Tyranitar
|-damage|p1a: Annihilape|0 fnt
|-damage|p1b: Tyranitar|33/100
|faint|p1a: Annihilape
|-enditem|p2b: Primarina|Throat Spray
|-boost|p2b: Primarina|spa|1|[from] item: Throat Spray
|move|p1b: Tyranitar|Rock Slide|p2a: Torkoal|[spread] p2a,p2b
|-supereffective|p2a: Torkoal
|-damage|p2a: Torkoal|46/100
|-damage|p2b: Primarina|54/100
|
|-weather|Sandstorm|[upkeep]
|-damage|p2a: Torkoal|39/100|[from] Sandstorm
|-damage|p2b: Primarina|48/100|[from] Sandstorm
|upkeep
|inactive|ChinoTV has 30 seconds left.
|
|t:|1757650031
|switch|p1a: Volcarona|Volcarona, L50, F|100/100
|turn|5
|
|t:|1757650049
|move|p2a: Torkoal|Helping Hand|p2b: Primarina
|-singleturn|p2b: Primarina|Helping Hand|[of] p2a: Torkoal
|move|p2b: Primarina|Hyper Voice|p1a: Volcarona|[spread] p1a,p1b
|-supereffective|p1a: Volcarona
|-supereffective|p1b: Tyranitar
|-damage|p1a: Volcarona|0 fnt
|-damage|p1b: Tyranitar|0 fnt
|faint|p1a: Volcarona
|faint|p1b: Tyranitar
|
|-weather|Sandstorm|[upkeep]
|-damage|p2a: Torkoal|33/100|[from] Sandstorm
|-damage|p2b: Primarina|42/100|[from] Sandstorm
|-fieldend|move: Trick Room
|-fieldend|move: Psychic Terrain
|upkeep
|
|t:|1757650060
|switch|p1b: Indeedee|Indeedee, L50, M|100/100
|-fieldstart|move: Psychic Terrain|[from] ability: Psychic Surge|[of] p1b: Indeedee
|turn|6
|
|t:|1757650081
|move|p2a: Torkoal|Helping Hand|p2b: Primarina
|-singleturn|p2b: Primarina|Helping Hand|[of] p2a: Torkoal
|move|p1b: Indeedee|Expanding Force|p2b: Primarina|[spread] p2a,p2b
|-crit|p2a: Torkoal
|-damage|p2a: Torkoal|0 fnt
|-damage|p2b: Primarina|0 fnt
|faint|p2a: Torkoal
|faint|p2b: Primarina
|
|win|ChinoTV
||ChinoTV is ready for game 2.
|inactive|NicoViBrittania has 30 seconds to confirm battle start!
||NicoViBrittania is ready for game 2.
|uhtml|next|Next: Game 2 of 3
