|j|☆iflamercenar
|j|☆gargatest
|html|iflamercenargargatest    
|uhtml|bestof|Game 3 of a best-of-3
|t:|1756557773
|gametype|doubles
|player|p1|iflamercenar|acetrainer-gen4dp|1254
|player|p2|gargatest|cyclist|1153
|gen|9
|tier|[Gen 9] VGC 2025 Reg H (Bo3)
|rated|
|rule|Species Clause: Limit one of each Pokémon
|rule|Item Clause: Limit 1 of each item
|clearpoke
|poke|p1|Sneasler, L50, F|
|poke|p1|Volcarona, L50, F|
|poke|p1|Dragonite, L50, F|
|poke|p1|Rillaboom, L50, F|
|poke|p1|Maushold-Four, L50|
|poke|p1|Gholdengo, L50|
|poke|p2|Gyarados, L50, M|
|poke|p2|Sneasler, L50, M|
|poke|p2|Indeedee, L50, M|
|poke|p2|Volcarona, L50, F|
|poke|p2|Ursaluna-Bloodmoon, L50, M|
|poke|p2|Tyranitar, L50, M|
|teampreview|4
|showteam|p1|Sneasler||GrassySeed|Unburden|DireClaw,CloseCombat,ThroatChop,Protect|||F|||50|,,,,,Dark]Volcarona||Leftovers|FlameBody|HeatWave,QuiverDance,TeraBlast,Protect|||F|||50|,,,,,Fairy]Dragonite||LoadedDice|Multiscale|ScaleShot,ExtremeSpeed,Haze,Protect|||F|||50|,,,,,Steel]Rillaboom||AssaultVest|GrassySurge|WoodHammer,GrassyGlide,HighHorsepower,FakeOut|||F|||50|,,,,,Fire]Maushold-Four||WideLens|FriendGuard|FollowMe,Taunt,PopulationBomb,Protect||||||50|,,,,,Ghost]Gholdengo||SitrusBerry|GoodasGold|MakeItRain,ShadowBall,NastyPlot,Protect||||||50|,,,,,Water
|showteam|p2|Gyarados||SafetyGoggles|Intimidate|Taunt,ThunderWave,Waterfall,Protect|||M|||50|,,,,,Steel]Sneasler||PsychicSeed|Unburden|CloseCombat,DireClaw,ThroatChop,Protect|||M|||50|,,,,,Dark]Indeedee||ChoiceScarf|PsychicSurge|ExpandingForce,TeraBlast,Trick,Protect|||M|||50|,,,,,Psychic]Volcarona||SitrusBerry|FlameBody|Overheat,StruggleBug,RagePowder,Tailwind|||F|||50|,,,,,Grass]Ursaluna-Bloodmoon||LifeOrb|MindsEye|HyperVoice,BloodMoon,EarthPower,Protect|||M|||50|,,,,,Normal]Tyranitar||AssaultVest|SandStream|LowKick,TeraBlast,KnockOff,RockSlide|||M|||50|,,,,,Flying
|
|t:|1756557813
|teamsize|p1|4
|teamsize|p2|4
|start
|switch|p1a: Volcarona|Volcarona, L50, F|100/100
|switch|p1b: Maushold|Maushold-Four, L50|100/100
|switch|p2a: Sneasler|Sneasler, L50, M|100/100
|switch|p2b: Gyarados|Gyarados, L50, M, shiny|100/100
|-ability|p2b: Gyarados|Intimidate|boost
|-unboost|p1a: Volcarona|atk|1
|-unboost|p1b: Maushold|atk|1
|turn|1
|
|t:|1756557856
|move|p1b: Maushold|Follow Me|p1b: Maushold
|-singleturn|p1b: Maushold|move: Follow Me
|move|p2a: Sneasler|Dire Claw|p1b: Maushold
|-damage|p1b: Maushold|32/100
|move|p1a: Volcarona|Quiver Dance|p1a: Volcarona
|-boost|p1a: Volcarona|spa|1
|-boost|p1a: Volcarona|spd|1
|-boost|p1a: Volcarona|spe|1
|move|p2b: Gyarados|Thunder Wave|p1b: Maushold
|-status|p1b: Maushold|par
|
|upkeep
|turn|2
|
|t:|1756557874
|move|p1b: Maushold|Follow Me|p1b: Maushold
|-singleturn|p1b: Maushold|move: Follow Me
|move|p1a: Volcarona|Heat Wave|p2b: Gyarados|[spread] p2a,p2b
|-resisted|p2b: Gyarados
|-damage|p2a: Sneasler|30/100
|-damage|p2b: Gyarados|77/100
|move|p2a: Sneasler|Dire Claw|p1b: Maushold
|-damage|p1b: Maushold|0 fnt
|faint|p1b: Maushold
|move|p2b: Gyarados|Thunder Wave|p1a: Volcarona
|-status|p1a: Volcarona|par
|
|upkeep
|
|t:|1756557884
|switch|p1b: Gholdengo|Gholdengo, L50|100/100
|turn|3
|
|t:|1756557897
|move|p2a: Sneasler|Protect|p2a: Sneasler
|-singleturn|p2a: Sneasler|Protect
|move|p1b: Gholdengo|Shadow Ball|p2b: Gyarados
|-crit|p2b: Gyarados
|-damage|p2b: Gyarados|22/100
|move|p2b: Gyarados|Waterfall|p1b: Gholdengo
|-damage|p1b: Gholdengo|67/100
|move|p1a: Volcarona|Heat Wave|p2a: Sneasler|[spread] p2b
|-activate|p2a: Sneasler|move: Protect
|-resisted|p2b: Gyarados
|-damage|p2b: Gyarados|0 fnt
|faint|p2b: Gyarados
|
|upkeep
|
|t:|1756557909
|switch|p2b: Tyranitar|Tyranitar, L50, M, shiny|100/100
|-weather|Sandstorm|[from] ability: Sand Stream|[of] p2b: Tyranitar
|turn|4
|
|t:|1756557926
|-terastallize|p1a: Volcarona|Fairy
|-terastallize|p2b: Tyranitar|Flying
|move|p1b: Gholdengo|Protect|p1b: Gholdengo
|-singleturn|p1b: Gholdengo|Protect
|move|p2a: Sneasler|Throat Chop|p1b: Gholdengo
|-activate|p1b: Gholdengo|move: Protect
|move|p1a: Volcarona|Tera Blast|p2a: Sneasler|[anim] Tera Blast Fairy
|-damage|p2a: Sneasler|0 fnt
|faint|p2a: Sneasler
|move|p2b: Tyranitar|Knock Off|p1b: Gholdengo
|-activate|p1b: Gholdengo|move: Protect
|
|-weather|Sandstorm|[upkeep]
|-damage|p1a: Volcarona|94/100 par|[from] Sandstorm
|-damage|p2b: Tyranitar|95/100|[from] Sandstorm
|-heal|p1a: Volcarona|100/100 par|[from] item: Leftovers
|upkeep
|
|t:|1756557931
|switch|p2a: Indeedee|Indeedee, L50, M, shiny|100/100
|-fieldstart|move: Psychic Terrain|[from] ability: Psychic Surge|[of] p2a: Indeedee
|turn|5
|
|t:|1756557943
|switch|p1b: Rillaboom|Rillaboom, L50, F|100/100
|-fieldstart|move: Grassy Terrain|[from] ability: Grassy Surge|[of] p1b: Rillaboom
|move|p2a: Indeedee|Expanding Force|p1b: Rillaboom
|-damage|p1b: Rillaboom|69/100
|move|p1a: Volcarona|Heat Wave|p2b: Tyranitar|[spread] p2a,p2b
|-damage|p2a: Indeedee|32/100
|-damage|p2b: Tyranitar|62/100
|move|p2b: Tyranitar|Rock Slide|p1b: Rillaboom|[spread] p1a,p1b
|-damage|p1a: Volcarona|66/100 par
|-damage|p1b: Rillaboom|38/100
|
|-weather|Sandstorm|[upkeep]
|-damage|p2a: Indeedee|26/100|[from] Sandstorm
|-damage|p1b: Rillaboom|32/100|[from] Sandstorm
|-damage|p1a: Volcarona|60/100 par|[from] Sandstorm
|-damage|p2b: Tyranitar|56/100|[from] Sandstorm
|-heal|p2a: Indeedee|32/100|[from] Grassy Terrain
|-heal|p1b: Rillaboom|38/100|[from] Grassy Terrain
|-heal|p1a: Volcarona|66/100 par|[from] Grassy Terrain
|-heal|p1a: Volcarona|72/100 par|[from] item: Leftovers
|upkeep
|turn|6
|
|t:|1756557960
|move|p1b: Rillaboom|Fake Out|p2b: Tyranitar
|-damage|p2b: Tyranitar|44/100
|move|p2a: Indeedee|Expanding Force|p1b: Rillaboom
|-damage|p1b: Rillaboom|7/100
|cant|p1a: Volcarona|par
|cant|p2b: Tyranitar|flinch
|
|-weather|Sandstorm|[upkeep]
|-damage|p2a: Indeedee|26/100|[from] Sandstorm
|-damage|p1b: Rillaboom|0 fnt|[from] Sandstorm
|-damage|p1a: Volcarona|66/100 par|[from] Sandstorm
|-damage|p2b: Tyranitar|38/100|[from] Sandstorm
|faint|p1b: Rillaboom
|-heal|p2a: Indeedee|32/100|[from] Grassy Terrain
|-heal|p1a: Volcarona|72/100 par|[from] Grassy Terrain
|-heal|p1a: Volcarona|79/100 par|[from] item: Leftovers
|upkeep
|
|t:|1756557969
|switch|p1b: Gholdengo|Gholdengo, L50|67/100
|turn|7
|
|t:|1756557980
|move|p2a: Indeedee|Expanding Force|p1b: Gholdengo
|-resisted|p1b: Gholdengo
|-damage|p1b: Gholdengo|47/100
|-enditem|p1b: Gholdengo|Sitrus Berry|[eat]
|-heal|p1b: Gholdengo|72/100|[from] item: Sitrus Berry
|move|p1b: Gholdengo|Make It Rain|p2b: Tyranitar|[spread] p2a,p2b
|-damage|p2a: Indeedee|0 fnt
|-damage|p2b: Tyranitar|12/100
|-unboost|p1b: Gholdengo|spa|1
|faint|p2a: Indeedee
|move|p1a: Volcarona|Heat Wave|p2b: Tyranitar
|-damage|p2b: Tyranitar|0 fnt
|faint|p2b: Tyranitar
|
|win|iflamercenar
|raw|iflamercenar's rating: 1254 → 1272(+18 for winning)
|raw|gargatest's rating: 1153 → 1135(-18 for losing)
|l|☆iflamercenar
|player|p1|
