|j|☆Drzuloaga
|j|☆ToastedArt
|html|DrzuloagaToastedArt    
|uhtml|bestof|Game 1 of a best-of-3
|t:|1785365508
|gametype|doubles
|player|p1|Drzuloaga|2|1196
|player|p2|ToastedArt|iris|1100
|gen|9
|tier|[Gen 9 Champions] VGC 2026 Reg M-B (Bo3)
|rated|
|rule|Species Clause: Limit one of each Pokémon
|rule|Item Clause: Limit 1 of each item
|clearpoke
|poke|p1|Gengar, L50, M|
|poke|p1|Archaludon, L50, M|
|poke|p1|Politoed, L50, F|
|poke|p1|Swampert, L50, F|
|poke|p1|Vivillon-Elegant, L50, M, shiny|
|poke|p1|Incineroar, L50, M|
|poke|p2|Falinks, L50, shiny|
|poke|p2|Gholdengo, L50|
|poke|p2|Sinistcha, L50|
|poke|p2|Grimmsnarl, L50, M|
|poke|p2|Incineroar, L50, F|
|poke|p2|Arcanine-Hisui, L50, F|
|teampreview|4
|showteam|p1|Gengar||Gengarite|CursedBody|ShadowBall,SludgeBomb,PerishSong,Protect|Modest||M|||50|]Archaludon||Leftovers|Stamina|ElectroShot,DragonPulse,FlashCannon,Protect|Bold||M|||50|]Politoed||SitrusBerry|Drizzle|WeatherBall,Hypnosis,PerishSong,Protect|Calm||F|||50|]Swampert||Swampertite|Torrent|WaveCrash,Earthquake,IcePunch,Protect|Adamant||F|||50|]Vivillon-Elegant||FocusSash|CompoundEyes|Hurricane,SleepPowder,RagePowder,Protect|Timid||M|||50|]Incineroar||PasshoBerry|Intimidate|ThroatChop,FakeOut,PartingShot,Protect|Impish||M|||50|
|showteam|p2|Falinks||Falinksite|Defiant|NoRetreat,CloseCombat,RockSlide,Protect|Adamant|||||50|]Gholdengo||LifeOrb|GoodasGold|MakeItRain,ShadowBall,NastyPlot,Protect|Modest|||||50|]Sinistcha||CobaBerry|Hospitality|MatchaGotcha,RagePowder,TrickRoom,Protect|Relaxed|||||50|]Grimmsnarl||LightClay|Prankster|SpiritBreak,LightScreen,Reflect,PartingShot|Careful||M|||50|]Incineroar||SitrusBerry|Intimidate|FlareBlitz,Taunt,PartingShot,FakeOut|Careful||F|||50|]Arcanine-Hisui||FocusSash|RockHead|FlareBlitz,HeadSmash,ExtremeSpeed,Protect|Jolly||F|||50|
|inactive|Battle timer is ON: inactive players will automatically lose when time's up. (requested by ToastedArt)
|inactive|Drzuloaga has 60 seconds left.
|inactive|ToastedArt has 60 seconds left.
|
|t:|1785365549
|teamsize|p1|4
|teamsize|p2|4
|start
|switch|p1a: Vivillon|Vivillon-Elegant, L50, M, shiny|100/100
|switch|p1b: Gengar|Gengar, L50, M|100/100
|switch|p2a: Falinks|Falinks, L50, shiny|100/100
|switch|p2b: Sinistcha|Sinistcha, L50|100/100
|turn|1
|inactive|Drzuloaga has 30 seconds left.
|inactive|ToastedArt has 30 seconds left.
|
|t:|1785365582
|switch|p2b: Gholdengo|Gholdengo, L50|100/100
|detailschange|p1b: Gengar|Gengar-Mega, L50, M
|-mega|p1b: Gengar|Gengar|Gengarite
|detailschange|p2a: Falinks|Falinks-Mega, L50, shiny
|-mega|p2a: Falinks|Falinks|Falinksite
|move|p1b: Gengar|Perish Song|p1b: Gengar
|-start|p1a: Vivillon|perish3|[silent]
|-start|p1b: Gengar|perish3|[silent]
|-start|p2a: Falinks|perish3|[silent]
|-immune|p2b: Gholdengo|[from] ability: Good as Gold
|-fieldactivate|move: Perish Song
|move|p1a: Vivillon|Sleep Powder|p2a: Falinks
|-status|p2a: Falinks|slp|[from] move: Sleep Powder
|cant|p2a: Falinks|slp
|
|-start|p1b: Gengar|perish3
|-start|p1a: Vivillon|perish3
|-start|p2a: Falinks|perish3
|upkeep
|turn|2
|inactive|Drzuloaga has 30 seconds left.
|inactive|ToastedArt has 30 seconds left.
|
|t:|1785365613
|move|p2b: Gholdengo|Protect|p2b: Gholdengo
|-singleturn|p2b: Gholdengo|Protect
|move|p1b: Gengar|Shadow Ball|p2b: Gholdengo
|-activate|p2b: Gholdengo|move: Protect
|move|p1a: Vivillon|Sleep Powder|p2b: Gholdengo
|-activate|p2b: Gholdengo|move: Protect
|cant|p2a: Falinks|slp
|
|-start|p1b: Gengar|perish2
|-start|p1a: Vivillon|perish2
|-start|p2a: Falinks|perish2
|upkeep
|turn|3
|inactive|Drzuloaga has 30 seconds left.
|
|t:|1785365640
|switch|p1a: Incineroar|Incineroar, L50, M|100/100
|-ability|p1a: Incineroar|Intimidate|boost
|-unboost|p2a: Falinks|atk|1
|-ability|p2a: Falinks|Defiant|boost
|-boost|p2a: Falinks|atk|2
|-unboost|p2b: Gholdengo|atk|1
|move|p1b: Gengar|Protect|p1b: Gengar
|-singleturn|p1b: Gengar|Protect
|-curestatus|p2a: Falinks|slp|[msg]
|move|p2a: Falinks|Rock Slide|p1b: Gengar|[spread] p1a
|-activate|p1b: Gengar|move: Protect
|-supereffective|p1a: Incineroar|1
|-damage|p1a: Incineroar|46/100
|move|p2b: Gholdengo|Shadow Ball|p1b: Gengar
|-activate|p1b: Gengar|move: Protect
|
|-start|p1b: Gengar|perish1
|-start|p2a: Falinks|perish1
|upkeep
|turn|4
|inactive|Drzuloaga has 30 seconds left.
|
|t:|1785365674
|switch|p1b: Vivillon|Vivillon-Elegant, L50, M, shiny|100/100
|move|p2a: Falinks|Rock Slide|p1a: Incineroar|[spread] p1a,p1b
|-supereffective|p1a: Incineroar|1
|-supereffective|p1b: Vivillon|2
|-damage|p1a: Incineroar|0 fnt
|-enditem|p1b: Vivillon|Focus Sash
|-damage|p1b: Vivillon|1/100
|faint|p1a: Incineroar
|move|p2b: Gholdengo|Nasty Plot|p2b: Gholdengo
|-boost|p2b: Gholdengo|spa|2
|
|-start|p2a: Falinks|perish0
|upkeep
|faint|p2a: Falinks
|
|t:|1785365691
|switch|p2a: Sinistcha|Sinistcha, L50|100/100
|switch|p1a: Gengar|Gengar-Mega, L50, M|100/100
|turn|5
|
|t:|1785365703
|move|p2a: Sinistcha|Rage Powder|p2a: Sinistcha
|-singleturn|p2a: Sinistcha|move: Rage Powder
|move|p1a: Gengar|Shadow Ball|p2a: Sinistcha
|-supereffective|p2a: Sinistcha|1
|-damage|p2a: Sinistcha|12/100
|-unboost|p2a: Sinistcha|spd|1
|move|p1b: Vivillon|Sleep Powder|p2a: Sinistcha
|-immune|p2a: Sinistcha
|move|p2b: Gholdengo|Shadow Ball|p1a: Gengar
|-supereffective|p1a: Gengar|1
|-damage|p1a: Gengar|0 fnt
|faint|p1a: Gengar
|-damage|p2b: Gholdengo|90/100|[from] item: Life Orb
|
|upkeep
|
|t:|1785365715
|switch|p1a: Politoed|Politoed, L50, F|100/100
|-weather|RainDance|[from] ability: Drizzle|[of] p1a: Politoed
|turn|6
|
|t:|1785365726
|move|p2a: Sinistcha|Rage Powder|p2a: Sinistcha
|-singleturn|p2a: Sinistcha|move: Rage Powder
|move|p1b: Vivillon|Hurricane|p2a: Sinistcha
|-supereffective|p2a: Sinistcha|1
|-enditem|p2a: Sinistcha|Coba Berry|[eat]
|-enditem|p2a: Sinistcha|Coba Berry|[weaken]
|-damage|p2a: Sinistcha|0 fnt
|faint|p2a: Sinistcha
|move|p2b: Gholdengo|Make It Rain|p1a: Politoed|[spread] p1a,p1b
|-resisted|p1a: Politoed|1
|-damage|p1a: Politoed|51/100
|-damage|p1b: Vivillon|0 fnt
|-unboost|p2b: Gholdengo|spa|2
|faint|p1b: Vivillon
|-damage|p2b: Gholdengo|81/100|[from] item: Life Orb
|move|p1a: Politoed|Weather Ball|p2b: Gholdengo
|-damage|p2b: Gholdengo|25/100
|
|-weather|RainDance|[upkeep]
|upkeep
|
|t:|1785365729
|switch|p2a: Grimmsnarl|Grimmsnarl, L50, M|100/100
|turn|7
|inactive|Drzuloaga has 30 seconds left.
|
|t:|1785365757
|move|p2b: Gholdengo|Protect|p2b: Gholdengo
|-singleturn|p2b: Gholdengo|Protect
|move|p2a: Grimmsnarl|Light Screen|p2a: Grimmsnarl
|-sidestart|p2: ToastedArt|move: Light Screen
|move|p1a: Politoed|Perish Song|p1a: Politoed
|-start|p1a: Politoed|perish3|[silent]
|-start|p2a: Grimmsnarl|perish3|[silent]
|-immune|p2b: Gholdengo|[from] ability: Good as Gold
|-fieldactivate|move: Perish Song
|
|-weather|RainDance|[upkeep]
|-start|p1a: Politoed|perish3
|-start|p2a: Grimmsnarl|perish3
|upkeep
|turn|8
|inactive|Drzuloaga has 30 seconds left.
|inactive|Drzuloaga has 20 seconds left.
|inactive|Drzuloaga has 15 seconds left.
|
|t:|1785365800
|move|p1a: Politoed|Protect|p1a: Politoed
|-singleturn|p1a: Politoed|Protect
|move|p2a: Grimmsnarl|Parting Shot|p1a: Politoed
|-activate|p1a: Politoed|move: Protect
|move|p2b: Gholdengo|Shadow Ball|p1a: Politoed
|-activate|p1a: Politoed|move: Protect
|
|-weather|RainDance|[upkeep]
|-start|p1a: Politoed|perish2
|-start|p2a: Grimmsnarl|perish2
|upkeep
|turn|9
|
|t:|1785365807
|move|p2a: Grimmsnarl|Parting Shot|p1a: Politoed
|-unboost|p1a: Politoed|atk|1
|-unboost|p1a: Politoed|spa|1
|move|p2b: Gholdengo|Shadow Ball|p1a: Politoed
|-damage|p1a: Politoed|7/100
|-unboost|p1a: Politoed|spd|1
|-enditem|p1a: Politoed|Sitrus Berry|[eat]
|-heal|p1a: Politoed|32/100|[from] item: Sitrus Berry
|-damage|p2b: Gholdengo|15/100|[from] item: Life Orb
|move|p1a: Politoed|Weather Ball|p2b: Gholdengo
|-damage|p2b: Gholdengo|0 fnt
|faint|p2b: Gholdengo
|
|-weather|RainDance|[upkeep]
|-start|p1a: Politoed|perish1
|-start|p2a: Grimmsnarl|perish1
|upkeep
|turn|10
|
|t:|1785365825
|move|p1a: Politoed|Protect|p1a: Politoed
|-singleturn|p1a: Politoed|Protect
|move|p2a: Grimmsnarl|Spirit Break|p1a: Politoed
|-activate|p1a: Politoed|move: Protect
|
|-weather|none
|-start|p1a: Politoed|perish0
|-start|p2a: Grimmsnarl|perish0
|faint|p1a: Politoed
|faint|p2a: Grimmsnarl
|
|win|ToastedArt
