|j|☆Gurrasnurra5
|j|☆Ethan's Bleakmiss
|html|Gurrasnurra5Ethan's Bleakmiss    
|uhtml|bestof|Game 1 of a best-of-3
|t:|1784733147
|gametype|doubles
|player|p1|Gurrasnurra5|101|1246
|player|p2|Ethan's Bleakmiss|unknown|1130
|gen|9
|tier|[Gen 9 Champions] VGC 2026 Reg M-B (Bo3)
|rated|
|rule|Species Clause: Limit one of each Pokémon
|rule|Item Clause: Limit 1 of each item
|clearpoke
|poke|p1|Whimsicott, L50, M|
|poke|p1|Floette-Eternal, L50, F|
|poke|p1|Hydreigon, L50, F|
|poke|p1|Incineroar, L50, F|
|poke|p1|Gholdengo, L50|
|poke|p1|Sneasler, L50, M|
|poke|p2|Blaziken, L50, M|
|poke|p2|Ninetales-Alola, L50, F|
|poke|p2|Kingambit, L50, M|
|poke|p2|Lycanroc-Dusk, L50, F, shiny|
|poke|p2|Venusaur, L50, F, shiny|
|poke|p2|Clefable, L50, F, shiny|
|teampreview|4
|showteam|p1|Whimsicott||FairyFeather|Prankster|Moonblast,Encore,Tailwind,Protect|Timid||M|||50|]Floette-Eternal||Floettite|FlowerVeil|Moonblast,DazzlingGleam,CalmMind,Protect|Timid||F|||50|]Hydreigon||ChoiceScarf|Levitate|DracoMeteor,Snarl,EarthPower,DarkPulse|Modest||F|||50|]Incineroar||SitrusBerry|Intimidate|FakeOut,PartingShot,FlareBlitz,ThroatChop|Careful||F|||50|]Gholdengo||FocusSash|GoodasGold|MakeItRain,ShadowBall,PowerGem,Protect|Modest|||||50|]Sneasler||LifeOrb|PoisonTouch|FakeOut,CloseCombat,DireClaw,Protect|Jolly||M|||50|
|showteam|p2|Blaziken||Blazikenite|SpeedBoost|CloseCombat,FlareBlitz,StoneEdge,Detect|Adamant||M|||50|]Ninetales-Alola||NeverMeltIce|SnowWarning|Blizzard,FreezeDry,Encore,Protect|Timid||F|||50|]Kingambit||LifeOrb|Defiant|SuckerPunch,KowtowCleave,IronHead,Protect|Adamant||M|||50|]Lycanroc-Dusk||FocusSash|ToughClaws|Accelerock,SwordsDance,Protect,RockSlide|Jolly||F|||50|]Venusaur||Venusaurite|Chlorophyll|SleepPowder,EnergyBall,SludgeBomb,Protect|Modest||F|||50|]Clefable||SitrusBerry|MagicGuard|Protect,FollowMe,HelpingHand,Moonblast|Bold||F|||50|
|inactive|Battle timer is ON: inactive players will automatically lose when time's up. (requested by Ethan's Bleakmiss)
|inactive|Gurrasnurra5 has 60 seconds left.
|inactive|Ethan's Bleakmiss has 60 seconds left.
|
|t:|1784733197
|teamsize|p1|4
|teamsize|p2|4
|start
|switch|p1a: Sneasler|Sneasler, L50, M|100/100
|switch|p1b: Floette|Floette-Eternal, L50, F|100/100
|switch|p2a: Kingambit|Kingambit, L50, M|100/100
|switch|p2b: Clefable|Clefable, L50, F, shiny|100/100
|turn|1
|
|t:|1784733218
|detailschange|p1b: Floette|Floette-Mega, L50, F
|-mega|p1b: Floette|Floette|Floettite
|-ability|p1b: Floette|Fairy Aura
|move|p1a: Sneasler|Fake Out|p2a: Kingambit
|-resisted|p2a: Kingambit|1
|-damage|p2a: Kingambit|93/100
|-damage|p1a: Sneasler|90/100|[from] item: Life Orb
|move|p2b: Clefable|Follow Me|p2b: Clefable
|-singleturn|p2b: Clefable|move: Follow Me
|move|p1b: Floette|Calm Mind|p1b: Floette
|-boost|p1b: Floette|spa|1
|-boost|p1b: Floette|spd|1
|cant|p2a: Kingambit|flinch
|
|upkeep
|turn|2
|
|t:|1784733234
|move|p1b: Floette|Protect|p1b: Floette
|-singleturn|p1b: Floette|Protect
|move|p2b: Clefable|Follow Me|p2b: Clefable
|-singleturn|p2b: Clefable|move: Follow Me
|move|p1a: Sneasler|Dire Claw|p2b: Clefable
|-supereffective|p2b: Clefable|1
|-damage|p2b: Clefable|3/100
|-status|p2b: Clefable|slp
|-enditem|p2b: Clefable|Sitrus Berry|[eat]
|-heal|p2b: Clefable|28/100 slp|[from] item: Sitrus Berry
|-damage|p1a: Sneasler|81/100|[from] item: Life Orb
|move|p2a: Kingambit|Iron Head|p1b: Floette
|-activate|p1b: Floette|move: Protect
|
|upkeep
|turn|3
|
|t:|1784733253
|cant|p2b: Clefable|slp
|move|p1a: Sneasler|Close Combat|p2a: Kingambit
|-supereffective|p2a: Kingambit|2
|-damage|p2a: Kingambit|0 fnt
|-unboost|p1a: Sneasler|def|1
|-unboost|p1a: Sneasler|spd|1
|faint|p2a: Kingambit
|-damage|p1a: Sneasler|71/100|[from] item: Life Orb
|move|p1b: Floette|Dazzling Gleam|p2b: Clefable
|-damage|p2b: Clefable|0 fnt
|faint|p2b: Clefable
|
|upkeep
|
|t:|1784733265
|switch|p2b: Lycanroc|Lycanroc-Dusk, L50, F, shiny|100/100
|switch|p2a: Blaziken|Blaziken, L50, M|100/100
|turn|4
|
|t:|1784733278
|switch|p1a: Whimsicott|Whimsicott, L50, M|100/100
|detailschange|p2a: Blaziken|Blaziken-Mega, L50, M
|-mega|p2a: Blaziken|Blaziken|Blazikenite
|move|p2b: Lycanroc|Protect|p2b: Lycanroc
|-singleturn|p2b: Lycanroc|Protect
|move|p2a: Blaziken|Detect|p2a: Blaziken
|-singleturn|p2a: Blaziken|Protect
|move|p1b: Floette|Dazzling Gleam|p2b: Lycanroc|[spread] 
|-activate|p2a: Blaziken|move: Protect
|-activate|p2b: Lycanroc|move: Protect
|
|-ability|p2a: Blaziken|Speed Boost|boost
|-boost|p2a: Blaziken|spe|1
|upkeep
|turn|5
|
|t:|1784733297
|move|p1a: Whimsicott|Encore|p2a: Blaziken
|-start|p2a: Blaziken|Encore
|move|p2a: Blaziken|Detect||[still]
|-fail|p2a: Blaziken
|move|p2b: Lycanroc|Rock Slide|p1b: Floette|[spread] p1a,p1b
|-damage|p1a: Whimsicott|60/100
|-damage|p1b: Floette|72/100
|cant|p1b: Floette|flinch
|
|-ability|p2a: Blaziken|Speed Boost|boost
|-boost|p2a: Blaziken|spe|1
|upkeep
|turn|6
|
|t:|1784733312
|move|p2a: Blaziken|Detect|p2a: Blaziken
|-singleturn|p2a: Blaziken|Protect
|move|p1a: Whimsicott|Tailwind|p1a: Whimsicott
|-sidestart|p1: Gurrasnurra5|move: Tailwind
|move|p1b: Floette|Dazzling Gleam|p2b: Lycanroc|[spread] p2b
|-activate|p2a: Blaziken|move: Protect
|-damage|p2b: Lycanroc|6/100
|move|p2b: Lycanroc|Rock Slide|p1a: Whimsicott|[spread] p1a,p1b
|-crit|p1b: Floette
|-damage|p1a: Whimsicott|21/100
|-damage|p1b: Floette|32/100
|
|-ability|p2a: Blaziken|Speed Boost|boost
|-boost|p2a: Blaziken|spe|1
|upkeep
|turn|7
|-message|Ethan's Bleakmiss forfeited.
|
|win|Gurrasnurra5
