|j|☆pagoose chase
|j|☆300376L
|html|pagoose chase300376L    
|uhtml|bestof|Game 1 of a best-of-3
|t:|1756671529
|gametype|doubles
|player|p1|pagoose chase|roxanne-gen6|1000
|player|p2|300376L|102|1018
|gen|9
|tier|[Gen 9] VGC 2025 Reg H (Bo3)
|rated|
|rule|Species Clause: Limit one of each Pokémon
|rule|Item Clause: Limit 1 of each item
|clearpoke
|poke|p1|Gliscor, L50, M|
|poke|p1|Tyranitar, L50, M|
|poke|p1|Rillaboom, L50, F|
|poke|p1|Gholdengo, L50|
|poke|p1|Electabuzz, L50, M|
|poke|p1|Dragonite, L50, M|
|poke|p2|Feraligatr, L50, M|
|poke|p2|Indeedee-F, L50, F|
|poke|p2|Incineroar, L50, M|
|poke|p2|Kingdra, L50, M|
|poke|p2|Ursaluna-Bloodmoon, L50, M|
|poke|p2|Pelipper, L50, M|
|teampreview|4
|showteam|p1|Gliscor||ToxicOrb|PoisonHeal|DualWingbeat,HighHorsepower,Tailwind,Protect|||M|||50|,,,,,Water]Tyranitar||AssaultVest|SandStream|RockSlide,KnockOff,LowKick,TeraBlast|||M|||50|,,,,,Flying]Rillaboom||MiracleSeed|GrassySurge|FakeOut,GrassyGlide,WoodHammer,Uturn|||F|||50|,,,,,Fire]Gholdengo||LifeOrb|GoodasGold|MakeItRain,ShadowBall,NastyPlot,Protect||||||50|,,,,,Water]Electabuzz||Eviolite|VitalSpirit|FollowMe,Electroweb,Taunt,Protect|||M|||50|,,,,,Ghost]Dragonite||LoadedDice|Multiscale|ScaleShot,StompingTantrum,Haze,Protect|||M|||50|,,,,,Steel
|showteam|p2|Feraligatr||LifeOrb|SheerForce|AquaJet,Waterfall,IcePunch,Protect|||M|||50|,,,,,Steel]Indeedee-F||SafetyGoggles|PsychicSurge|TrickRoom,FollowMe,Protect,DazzlingGleam|||F|||50|,,,,,Fairy]Incineroar||AssaultVest|Intimidate|FakeOut,KnockOff,Uturn,FlareBlitz|||M|||50|,,,,,Grass]Kingdra||MysticWater|SwiftSwim|WeatherBall,MuddyWater,DracoMeteor,Protect|||M|||50|,,,,,Stellar]Ursaluna-Bloodmoon||ChopleBerry|MindsEye|BloodMoon,EarthPower,HyperVoice,Protect|||M|||50|,,,,,Ghost]Pelipper||FocusSash|Drizzle|WeatherBall,Tailwind,WideGuard,HelpingHand|||M|||50|,,,,,Grass
|inactive|Battle timer is ON: inactive players will automatically lose when time's up. (requested by 300376L)
|
|t:|1756671567
|teamsize|p1|4
|teamsize|p2|4
|start
|switch|p1a: Gholdengo|Gholdengo, L50|100/100
|switch|p1b: Dragonite|Dragonite, L50, M|100/100
|switch|p2a: Rainly|Pelipper, L50, M|100/100
|switch|p2b: Combustion|Incineroar, L50, M|100/100
|-weather|RainDance|[from] ability: Drizzle|[of] p2a: Rainly
|-ability|p2b: Combustion|Intimidate|boost
|-unboost|p1a: Gholdengo|atk|1
|-unboost|p1b: Dragonite|atk|1
|turn|1
|inactive|300376L has 30 seconds left.
|
|t:|1756671594
|-terastallize|p1a: Gholdengo|Water
|move|p2b: Combustion|Fake Out|p1b: Dragonite
|-damage|p1b: Dragonite|94/100
|cant|p1b: Dragonite|flinch
|move|p2a: Rainly|Tailwind|p2a: Rainly
|-sidestart|p2: 300376L|move: Tailwind
|move|p1a: Gholdengo|Nasty Plot|p1a: Gholdengo
|-boost|p1a: Gholdengo|spa|2
|
|-weather|RainDance|[upkeep]
|upkeep
|turn|2
|inactive|300376L has 30 seconds left.
|inactive|300376L has 20 seconds left.
|inactive|300376L has 15 seconds left.
|
|t:|1756671634
|switch|p2b: Kitakami|Ursaluna-Bloodmoon, L50, M|100/100
|move|p2a: Rainly|Wide Guard|p2a: Rainly
|-singleturn|p2a: Rainly|Wide Guard
|move|p1b: Dragonite|Scale Shot|p2a: Rainly
|-damage|p2a: Rainly|88/100
|-damage|p2a: Rainly|76/100
|-damage|p2a: Rainly|63/100
|-damage|p2a: Rainly|50/100
|-hitcount|p2a: Rainly|4
|-unboost|p1b: Dragonite|def|1
|-boost|p1b: Dragonite|spe|1
|move|p1a: Gholdengo|Shadow Ball|p2a: Rainly
|-damage|p2a: Rainly|0 fnt
|faint|p2a: Rainly
|-damage|p1a: Gholdengo|91/100|[from] item: Life Orb
|
|-weather|RainDance|[upkeep]
|upkeep
|
|t:|1756671657
|switch|p2a: Whirlpool|Kingdra, L50, M|100/100
|turn|3
|
|t:|1756671667
|switch|p1b: Rillaboom|Rillaboom, L50, F|100/100
|-fieldstart|move: Grassy Terrain|[from] ability: Grassy Surge|[of] p1b: Rillaboom
|move|p1a: Gholdengo|Protect|p1a: Gholdengo
|-singleturn|p1a: Gholdengo|Protect
|move|p2a: Whirlpool|Muddy Water|p1a: Gholdengo|[spread] p1b
|-activate|p1a: Gholdengo|move: Protect
|-resisted|p1b: Rillaboom
|-crit|p1b: Rillaboom
|-damage|p1b: Rillaboom|54/100
|move|p2b: Kitakami|Blood Moon|p1b: Rillaboom
|-damage|p1b: Rillaboom|0 fnt
|faint|p1b: Rillaboom
|
|-weather|RainDance|[upkeep]
|-heal|p1a: Gholdengo|96/100|[from] Grassy Terrain
|upkeep
|
|t:|1756671670
|switch|p1b: Tyranitar|Tyranitar, L50, M|100/100
|-weather|Sandstorm|[from] ability: Sand Stream|[of] p1b: Tyranitar
|turn|4
|inactive|300376L has 30 seconds left.
|inactive|300376L has 20 seconds left.
|inactive|300376L has 15 seconds left.
|inactive|300376L has 10 seconds left.
|
|t:|1756671719
|-terastallize|p2b: Kitakami|Ghost
|move|p2a: Whirlpool|Muddy Water|p1a: Gholdengo|[spread] p1b
|-miss|p2a: Whirlpool|p1a: Gholdengo
|-supereffective|p1b: Tyranitar
|-damage|p1b: Tyranitar|69/100
|-unboost|p1b: Tyranitar|accuracy|1
|move|p2b: Kitakami|Earth Power|p1b: Tyranitar
|-supereffective|p1b: Tyranitar
|-damage|p1b: Tyranitar|29/100
|move|p1a: Gholdengo|Make It Rain|p2a: Whirlpool|[spread] p2a,p2b
|-resisted|p2a: Whirlpool
|-damage|p2a: Whirlpool|30/100
|-damage|p2b: Kitakami|0 fnt
|-unboost|p1a: Gholdengo|spa|1
|faint|p2b: Kitakami
|-damage|p1a: Gholdengo|86/100|[from] item: Life Orb
|move|p1b: Tyranitar|Knock Off|p2a: Whirlpool|[miss]
|-miss|p1b: Tyranitar|p2a: Whirlpool
|
|-weather|Sandstorm|[upkeep]
|-damage|p2a: Whirlpool|24/100|[from] Sandstorm
|-damage|p1a: Gholdengo|81/100|[from] Sandstorm
|-heal|p2a: Whirlpool|30/100|[from] Grassy Terrain
|-heal|p1a: Gholdengo|86/100|[from] Grassy Terrain
|-heal|p1b: Tyranitar|35/100|[from] Grassy Terrain
|-sideend|p2: 300376L|move: Tailwind
|upkeep
|
|t:|1756671743
|switch|p2b: Combustion|Incineroar, L50, M|100/100
|-ability|p2b: Combustion|Intimidate|boost
|-unboost|p1a: Gholdengo|atk|1
|-unboost|p1b: Tyranitar|atk|1
|turn|5
|
|t:|1756671754
|switch|p1b: Dragonite|Dragonite, L50, M|94/100
|move|p1a: Gholdengo|Protect|p1a: Gholdengo
|-singleturn|p1a: Gholdengo|Protect
|move|p2b: Combustion|Fake Out|p1b: Dragonite
|-damage|p1b: Dragonite|80/100
|move|p2a: Whirlpool|Draco Meteor|p1a: Gholdengo
|-activate|p1a: Gholdengo|move: Protect
|
|-weather|Sandstorm|[upkeep]
|-damage|p1b: Dragonite|74/100|[from] Sandstorm
|-damage|p2a: Whirlpool|24/100|[from] Sandstorm
|-damage|p1a: Gholdengo|81/100|[from] Sandstorm
|-damage|p2b: Combustion|94/100|[from] Sandstorm
|-heal|p2a: Whirlpool|30/100|[from] Grassy Terrain
|-heal|p1a: Gholdengo|86/100|[from] Grassy Terrain
|-heal|p2b: Combustion|100/100|[from] Grassy Terrain
|upkeep
|turn|6
|inactive|300376L has 30 seconds left.
|inactive|300376L has 20 seconds left.
|
|t:|1756671791
|move|p1b: Dragonite|Protect|p1b: Dragonite
|-singleturn|p1b: Dragonite|Protect
|move|p2a: Whirlpool|Weather Ball|p1a: Gholdengo
|-damage|p1a: Gholdengo|57/100
|move|p1a: Gholdengo|Make It Rain|p2a: Whirlpool|[spread] p2a,p2b
|-resisted|p2a: Whirlpool
|-resisted|p2b: Combustion
|-damage|p2a: Whirlpool|0 fnt
|-damage|p2b: Combustion|70/100
|-unboost|p1a: Gholdengo|spa|1
|faint|p2a: Whirlpool
|-damage|p1a: Gholdengo|47/100|[from] item: Life Orb
|move|p2b: Combustion|Knock Off|p1a: Gholdengo
|-damage|p1a: Gholdengo|3/100
|-enditem|p1a: Gholdengo|Life Orb|[from] move: Knock Off|[of] p2b: Combustion
|
|-weather|Sandstorm|[upkeep]
|-damage|p1b: Dragonite|68/100|[from] Sandstorm
|-damage|p1a: Gholdengo|0 fnt|[from] Sandstorm
|-damage|p2b: Combustion|64/100|[from] Sandstorm
|faint|p1a: Gholdengo
|-heal|p2b: Combustion|70/100|[from] Grassy Terrain
|upkeep
|
|t:|1756671794
|switch|p1a: Tyranitar|Tyranitar, L50, M|35/100
|turn|7
|inactive|300376L has 30 seconds left.
|
|t:|1756671819
|move|p1b: Dragonite|Stomping Tantrum|p2b: Combustion
|-supereffective|p2b: Combustion
|-damage|p2b: Combustion|23/100
|move|p1a: Tyranitar|Rock Slide|p2b: Combustion
|-supereffective|p2b: Combustion
|-damage|p2b: Combustion|0 fnt
|faint|p2b: Combustion
|
|win|pagoose chase
||pagoose chase is ready for game 2.
||300376L is ready for game 2.
|uhtml|next|Next: Game 2 of 3
|l|☆300376L
|player|p2|
