|j|☆afrork
|j|☆wh1ssperr77
|html|afrorkwh1ssperr77    
|uhtml|bestof|Game 2 of a best-of-3
|t:|1786020976
|gametype|doubles
|player|p1|afrork|101|1057
|player|p2|wh1ssperr77|pokekid|1076
|gen|9
|tier|[Gen 9 Champions] VGC 2026 Reg M-B (Bo3)
|rated|
|rule|Species Clause: Limit one of each Pokémon
|rule|Item Clause: Limit 1 of each item
|clearpoke
|poke|p1|Swampert, L50, M|
|poke|p1|Pelipper, L50, F|
|poke|p1|Incineroar, L50, M|
|poke|p1|Sneasler, L50, F|
|poke|p1|Floette-Eternal, L50, F|
|poke|p1|Sinistcha, L50|
|poke|p2|Metagross, L50, shiny|
|poke|p2|Raichu, L50, F|
|poke|p2|Kommo-o, L50, F|
|poke|p2|Whimsicott, L50, M|
|poke|p2|Ninetales-Alola, L50, M|
|poke|p2|Ceruledge, L50, F|
|teampreview|4
|showteam|p1|Swampert||Swampertite|Torrent|Protect,WaveCrash,HighHorsepower,KnockOff|Adamant||M|||50|]Pelipper||ChoiceScarf|Drizzle|RainDance,IcyWind,WeatherBall,Hurricane|Timid||F|||50|]Incineroar||SitrusBerry|Intimidate|FakeOut,PartingShot,FlareBlitz,DarkestLariat|Brave||M|||50|]Sneasler||FocusSash|PoisonTouch|FakeOut,Coaching,CloseCombat,PoisonJab|Jolly||F|||50|]Floette-Eternal||Floettite|FlowerVeil|Protect,CalmMind,DrainingKiss,DazzlingGleam|Modest||F|||50|]Sinistcha||KasibBerry|Hospitality|Protect,TrickRoom,RagePowder,MatchaGotcha|Bold|||||50|
|showteam|p2|Metagross||Metagrossite|ClearBody|IronHead,BodyPress,PsychicFangs,Protect|Adamant|||||50|]Raichu||RaichuniteY|LightningRod|ZapCannon,FocusBlast,FakeOut,Protect|Timid||F|||50|]Kommo-o||LifeOrb|Soundproof|AuraSphere,ClangingScales,VacuumWave,Protect|Modest||F|||50|]Whimsicott||FocusSash|Prankster|Tailwind,Encore,Moonblast,Protect|Timid||M|||50|]Ninetales-Alola||NeverMeltIce|SnowWarning|Blizzard,FreezeDry,AuroraVeil,Protect|Timid||M|||50|]Ceruledge||ColburBerry|FlashFire|BitterBlade,ShadowSneak,BulkUp,Protect|Adamant||F|||50|
|
|t:|1786021030
|teamsize|p1|4
|teamsize|p2|4
|start
|switch|p1a: Sneasler|Sneasler, L50, F|100/100
|switch|p1b: Floette|Floette-Eternal, L50, F|100/100
|switch|p2a: Whimsicott|Whimsicott, L50, M|100/100
|switch|p2b: Ninetales|Ninetales-Alola, L50, M|100/100
|-weather|Snowscape|[from] ability: Snow Warning|[of] p2b: Ninetales
|turn|1
|
|t:|1786021046
|switch|p1a: Incineroar|Incineroar, L50, M|100/100
|-ability|p1a: Incineroar|Intimidate|boost
|-unboost|p2a: Whimsicott|atk|1
|-unboost|p2b: Ninetales|atk|1
|detailschange|p1b: Floette|Floette-Mega, L50, F
|-mega|p1b: Floette|Floette|Floettite
|-ability|p1b: Floette|Fairy Aura
|move|p2a: Whimsicott|Protect|p2a: Whimsicott
|-singleturn|p2a: Whimsicott|Protect
|move|p2b: Ninetales|Aurora Veil|p2b: Ninetales
|-sidestart|p2: wh1ssperr77|move: Aurora Veil
|move|p1b: Floette|Calm Mind|p1b: Floette
|-boost|p1b: Floette|spa|1
|-boost|p1b: Floette|spd|1
|
|-weather|Snowscape|[upkeep]
|upkeep
|turn|2
|
|t:|1786021077
|move|p1a: Incineroar|Fake Out|p2a: Whimsicott
|-damage|p2a: Whimsicott|88/100
|cant|p2a: Whimsicott|flinch
|move|p2b: Ninetales|Blizzard|p1a: Incineroar|[spread] p1a,p1b
|-resisted|p1a: Incineroar|1
|-damage|p1a: Incineroar|83/100
|-damage|p1b: Floette|79/100
|move|p1b: Floette|Dazzling Gleam|p2b: Ninetales|[spread] p2a,p2b
|-damage|p2a: Whimsicott|11/100
|-damage|p2b: Ninetales|40/100
|
|-weather|Snowscape|[upkeep]
|upkeep
|turn|3
|
|t:|1786021098
|move|p2a: Whimsicott|Tailwind|p2a: Whimsicott
|-sidestart|p2: wh1ssperr77|move: Tailwind
|move|p2b: Ninetales|Blizzard|p1b: Floette|[spread] p1a,p1b
|-resisted|p1a: Incineroar|1
|-damage|p1a: Incineroar|69/100
|-damage|p1b: Floette|59/100
|move|p1b: Floette|Calm Mind|p1b: Floette
|-boost|p1b: Floette|spa|1
|-boost|p1b: Floette|spd|1
|move|p1a: Incineroar|Flare Blitz|p2a: Whimsicott
|-supereffective|p2a: Whimsicott|1
|-damage|p2a: Whimsicott|0 fnt
|faint|p2a: Whimsicott
|-damage|p1a: Incineroar|67/100|[from] Recoil
|
|-weather|Snowscape|[upkeep]
|upkeep
|
|t:|1786021107
|switch|p2a: Metagross|Metagross, L50, shiny|100/100
|turn|4
|
|t:|1786021125
|switch|p2b: Ceruledge|Ceruledge, L50, F|100/100
|move|p1b: Floette|Protect|p1b: Floette
|-singleturn|p1b: Floette|Protect
|move|p2a: Metagross|Iron Head|p1b: Floette
|-activate|p1b: Floette|move: Protect
|move|p1a: Incineroar|Parting Shot|p2a: Metagross
|-fail|p2a: Metagross|unboost|[from] ability: Clear Body|[of] p2a: Metagross
|
|-weather|Snowscape|[upkeep]
|upkeep
|turn|5
|
|t:|1786021153
|switch|p1b: Pelipper|Pelipper, L50, F|100/100
|-weather|RainDance|[from] ability: Drizzle|[of] p1b: Pelipper
|move|p2b: Ceruledge|Bulk Up|p2b: Ceruledge
|-boost|p2b: Ceruledge|atk|1
|-boost|p2b: Ceruledge|def|1
|move|p2a: Metagross|Iron Head|p1b: Pelipper
|-resisted|p1b: Pelipper|1
|-damage|p1b: Pelipper|71/100
|move|p1a: Incineroar|Flare Blitz|p2a: Metagross
|-supereffective|p2a: Metagross|1
|-damage|p2a: Metagross|68/100
|-damage|p1a: Incineroar|59/100|[from] Recoil
|
|-weather|RainDance|[upkeep]
|-sideend|p2: wh1ssperr77|move: Aurora Veil
|upkeep
|turn|6
|
|t:|1786021185
|detailschange|p2a: Metagross|Metagross-Mega, L50, shiny
|-mega|p2a: Metagross|Metagross|Metagrossite
|move|p2b: Ceruledge|Shadow Sneak|p1b: Pelipper
|-damage|p1b: Pelipper|31/100
|move|p2a: Metagross|Psychic Fangs|p1b: Pelipper
|-damage|p1b: Pelipper|0 fnt
|faint|p1b: Pelipper
|move|p1a: Incineroar|Darkest Lariat|p2b: Ceruledge
|-supereffective|p2b: Ceruledge|1
|-enditem|p2b: Ceruledge|Colbur Berry|[eat]
|-enditem|p2b: Ceruledge|Colbur Berry|[weaken]
|-damage|p2b: Ceruledge|45/100
|
|-weather|RainDance|[upkeep]
|-sideend|p2: wh1ssperr77|move: Tailwind
|upkeep
|
|t:|1786021199
|switch|p1b: Sneasler|Sneasler, L50, F|100/100
|turn|7
|
|t:|1786021212
|move|p2a: Metagross|Protect|p2a: Metagross
|-singleturn|p2a: Metagross|Protect
|move|p2b: Ceruledge|Shadow Sneak|p1b: Sneasler
|-damage|p1b: Sneasler|38/100
|move|p1b: Sneasler|Coaching|p1a: Incineroar
|-boost|p1a: Incineroar|atk|1
|-boost|p1a: Incineroar|def|1
|move|p1a: Incineroar|Flare Blitz|p2a: Metagross
|-activate|p2a: Metagross|move: Protect
|
|-weather|RainDance|[upkeep]
|upkeep
|turn|8
|
|t:|1786021236
|move|p2b: Ceruledge|Shadow Sneak|p1b: Sneasler
|-damage|p1b: Sneasler|0 fnt
|faint|p1b: Sneasler
|move|p2a: Metagross|Body Press|p1a: Incineroar
|-supereffective|p1a: Incineroar|1
|-damage|p1a: Incineroar|20/100r
|-enditem|p1a: Incineroar|Sitrus Berry|[eat]
|-heal|p1a: Incineroar|45/100|[from] item: Sitrus Berry
|move|p1a: Incineroar|Flare Blitz|p2a: Metagross
|-supereffective|p2a: Metagross|1
|-damage|p2a: Metagross|9/100
|-damage|p1a: Incineroar|30/100|[from] Recoil
|
|-weather|RainDance|[upkeep]
|upkeep
|
|t:|1786021250
|switch|p1b: Floette|Floette-Mega, L50, F|59/100
|-ability|p1b: Floette|Fairy Aura
|turn|9
|
|t:|1786021262
|move|p2a: Metagross|Protect|p2a: Metagross
|-singleturn|p2a: Metagross|Protect
|move|p2b: Ceruledge|Protect|p2b: Ceruledge
|-singleturn|p2b: Ceruledge|Protect
|move|p1b: Floette|Dazzling Gleam|p2b: Ceruledge|[spread] 
|-activate|p2a: Metagross|move: Protect
|-activate|p2b: Ceruledge|move: Protect
|move|p1a: Incineroar|Flare Blitz|p2a: Metagross
|-activate|p2a: Metagross|move: Protect
|
|-weather|none
|upkeep
|turn|10
|
|t:|1786021289
|move|p2a: Metagross|Body Press|p1a: Incineroar
|-supereffective|p1a: Incineroar|1
|-damage|p1a: Incineroar|0 fnt
|faint|p1a: Incineroar
|move|p1b: Floette|Dazzling Gleam|p2a: Metagross|[spread] p2a,p2b
|-resisted|p2a: Metagross|1
|-crit|p2a: Metagross
|-resisted|p2b: Ceruledge|1
|-damage|p2a: Metagross|0 fnt
|-damage|p2b: Ceruledge|20/100y
|faint|p2a: Metagross
|move|p2b: Ceruledge|Bitter Blade|p1b: Floette
|-damage|p1b: Floette|0 fnt
|-heal|p2b: Ceruledge|50/100g|[from] drain|[of] p1b: Floette
|faint|p1b: Floette
|
|win|wh1ssperr77
|raw|afrork's rating: 1057 → 1039(-18 for losing)
|raw|wh1ssperr77's rating: 1076 → 1103(+27 for winning)
