|j|☆potatotheone
|j|☆SoupyWeevil82
|html|potatotheoneSoupyWeevil82    
|uhtml|bestof|Game 3 of a best-of-3
|t:|1782504783
|gametype|doubles
|player|p1|potatotheone|jacinthe|1111
|player|p2|SoupyWeevil82|juan|1124
|gen|9
|tier|[Gen 9 Champions] VGC 2026 Reg M-B (Bo3)
|rated|
|rule|Species Clause: Limit one of each Pokémon
|rule|Item Clause: Limit 1 of each item
|clearpoke
|poke|p1|Blaziken, L50, F|
|poke|p1|Tyranitar, L50, M|
|poke|p1|Kingambit, L50, F|
|poke|p1|Whimsicott, L50, F|
|poke|p1|Rotom-Wash, L50|
|poke|p1|Mr. Rime, L50, M|
|poke|p2|Pyroar, L50, F|
|poke|p2|Torkoal, L50, M|
|poke|p2|Farigiraf, L50, F|
|poke|p2|Vileplume, L50, M|
|poke|p2|Incineroar, L50, F|
|poke|p2|Floette-Eternal, L50, F|
|teampreview|4
|showteam|p1|Blaziken||Blazikenite|SpeedBoost|FlareBlitz,CloseCombat,Protect,RockSlide|Adamant||F|||50|]Tyranitar||Tyranitarite|SandStream|RockSlide,KnockOff,Protect,StompingTantrum|Impish||M|||50|]Kingambit||BlackGlasses|Defiant|IronHead,KowtowCleave,SuckerPunch,Protect|Adamant||F|||50|]Whimsicott||FairyFeather|Prankster|Encore,Moonblast,Tailwind,Protect|Modest||F|||50|]Rotom-Wash||SitrusBerry|Levitate|HydroPump,WillOWisp,Thunderbolt,Protect|Modest|||||50|]Mr. Rime||ChoiceScarf|ScreenCleaner|FreezeDry,Psychic,DazzlingGleam,IceBeam|Modest||M|||50|
|showteam|p2|Pyroar||Pyroarite|Unnerve|Protect,Overheat,HeatWave,SolarBeam|Timid||F|||50|]Torkoal||Charcoal|Drought|Protect,HelpingHand,Eruption,WeatherBall|Quiet||M|||50|]Farigiraf||SitrusBerry|ArmorTail|HelpingHand,TrickRoom,Psychic,Thunderbolt|Relaxed||F|||50|]Vileplume||FocusSash|Chlorophyll|SleepPowder,AfterYou,SludgeBomb,SolarBeam|Timid||M|||50|]Incineroar||WhiteHerb|Intimidate|FakeOut,FlareBlitz,DarkestLariat,CloseCombat|Brave||F|||50|]Floette-Eternal||Floettite|FlowerVeil|Protect,CalmMind,Moonblast,DrainingKiss|Modest||F|||50|
|j| X2Muz
|
|t:|1782504823
|teamsize|p1|4
|teamsize|p2|4
|start
|switch|p1a: Blaziken|Blaziken, L50, F|100/100
|switch|p1b: Kingambit|Kingambit, L50, F|100/100
|switch|p2a: Incineroar|Incineroar, L50, F|100/100
|switch|p2b: Farigiraf|Farigiraf, L50, F|100/100
|-ability|p2a: Incineroar|Intimidate|boost
|-unboost|p1a: Blaziken|atk|1
|-unboost|p1b: Kingambit|atk|1
|-ability|p1b: Kingambit|Defiant|boost
|-boost|p1b: Kingambit|atk|2
|turn|1
|
|t:|1782504868
|switch|p1a: Tyranitar|Tyranitar, L50, M|100/100
|-weather|Sandstorm|[from] ability: Sand Stream|[of] p1a: Tyranitar
|move|p1b: Kingambit|Protect|p1b: Kingambit
|-singleturn|p1b: Kingambit|Protect
|move|p2a: Incineroar|Close Combat|p1b: Kingambit
|-activate|p1b: Kingambit|move: Protect
|move|p2b: Farigiraf|Trick Room|p2b: Farigiraf
|-fieldstart|move: Trick Room|[of] p2b: Farigiraf
|
|-weather|Sandstorm|[upkeep]
|-damage|p2b: Farigiraf|93/100|[from] Sandstorm
|-damage|p2a: Incineroar|94/100|[from] Sandstorm
|upkeep
|turn|2
|
|t:|1782504906
|switch|p1b: Whimsicott|Whimsicott, L50, F|100/100
|switch|p2b: Floette|Floette-Eternal, L50, F|100/100
|move|p2a: Incineroar|Close Combat|p1b: Whimsicott
|-resisted|p1b: Whimsicott|1
|-damage|p1b: Whimsicott|70/100
|-unboost|p2a: Incineroar|def|1
|-unboost|p2a: Incineroar|spd|1
|-enditem|p2a: Incineroar|White Herb
|-clearnegativeboost|p2a: Incineroar|[silent]
|move|p1a: Tyranitar|Knock Off|p2b: Floette
|-resisted|p2b: Floette|1
|-damage|p2b: Floette|78/100
|
|-weather|Sandstorm|[upkeep]
|-damage|p2a: Incineroar|88/100|[from] Sandstorm
|-damage|p2b: Floette|72/100|[from] Sandstorm
|-damage|p1b: Whimsicott|64/100|[from] Sandstorm
|upkeep
|turn|3
|
|t:|1782504964
|detailschange|p2b: Floette|Floette-Mega, L50, F
|-mega|p2b: Floette|Floette|Floettite
|-ability|p2b: Floette|Fairy Aura
|move|p2a: Incineroar|Flare Blitz|p1b: Whimsicott
|-supereffective|p1b: Whimsicott|1
|-damage|p1b: Whimsicott|0 fnt
|faint|p1b: Whimsicott
|-damage|p2a: Incineroar|73/100|[from] Recoil
|move|p1a: Tyranitar|Rock Slide|p2b: Floette|[spread] p2b
|-miss|p1a: Tyranitar|p2a: Incineroar
|-damage|p2b: Floette|38/100
|cant|p2b: Floette|flinch
|
|-weather|Sandstorm|[upkeep]
|-damage|p2a: Incineroar|67/100|[from] Sandstorm
|-damage|p2b: Floette|32/100|[from] Sandstorm
|upkeep
|
|t:|1782504986
|switch|p1b: Kingambit|Kingambit, L50, F|100/100
|turn|4
|
|t:|1782505019
|switch|p2b: Torkoal|Torkoal, L50, M|100/100
|-weather|SunnyDay|[from] ability: Drought|[of] p2b: Torkoal
|move|p1b: Kingambit|Iron Head|p2a: Incineroar
|-resisted|p2a: Incineroar|1
|-damage|p2a: Incineroar|45/100
|move|p2a: Incineroar|Close Combat|p1a: Tyranitar
|-supereffective|p1a: Tyranitar|2
|-damage|p1a: Tyranitar|0 fnt
|-unboost|p2a: Incineroar|def|1
|-unboost|p2a: Incineroar|spd|1
|faint|p1a: Tyranitar
|
|-weather|SunnyDay|[upkeep]
|upkeep
|
|t:|1782505031
|switch|p1a: Blaziken|Blaziken, L50, F|100/100
|turn|5
|
|t:|1782505111
|switch|p2a: Floette|Floette-Mega, L50, F|32/100
|-ability|p2a: Floette|Fairy Aura
|detailschange|p1a: Blaziken|Blaziken-Mega, L50, F
|-mega|p1a: Blaziken|Blaziken|Blazikenite
|move|p1b: Kingambit|Protect|p1b: Kingambit
|-singleturn|p1b: Kingambit|Protect
|move|p1a: Blaziken|Protect|p1a: Blaziken
|-singleturn|p1a: Blaziken|Protect
|move|p2b: Torkoal|Weather Ball|p2a: Floette
|-damage|p2a: Floette|0 fnt
|faint|p2a: Floette
|
|-weather|SunnyDay|[upkeep]
|-fieldend|move: Trick Room
|-ability|p1a: Blaziken|Speed Boost|boost
|-boost|p1a: Blaziken|spe|1
|upkeep
|
|t:|1782505126
|switch|p2a: Incineroar|Incineroar, L50, F|45/100
|-ability|p2a: Incineroar|Intimidate|boost
|-unboost|p1a: Blaziken|atk|1
|-unboost|p1b: Kingambit|atk|1
|-ability|p1b: Kingambit|Defiant|boost
|-boost|p1b: Kingambit|atk|2
|turn|6
|
|t:|1782505174
|move|p1b: Kingambit|Protect||[still]
|-fail|p1b: Kingambit
|move|p2a: Incineroar|Fake Out|p1b: Kingambit
|-resisted|p1b: Kingambit|1
|-damage|p1b: Kingambit|94/100
|move|p1a: Blaziken|Close Combat|p2a: Incineroar
|-supereffective|p2a: Incineroar|1
|-damage|p2a: Incineroar|0 fnt
|-unboost|p1a: Blaziken|def|1
|-unboost|p1a: Blaziken|spd|1
|faint|p2a: Incineroar
|move|p2b: Torkoal|Eruption|p1a: Blaziken|[spread] p1a,p1b
|-resisted|p1a: Blaziken|1
|-supereffective|p1b: Kingambit|1
|-damage|p1a: Blaziken|12/100
|-damage|p1b: Kingambit|0 fnt
|faint|p1b: Kingambit
|
|-weather|SunnyDay|[upkeep]
|-ability|p1a: Blaziken|Speed Boost|boost
|-boost|p1a: Blaziken|spe|1
|upkeep
|
|t:|1782505189
|switch|p2a: Farigiraf|Farigiraf, L50, F|93/100
|turn|7
|
|t:|1782505197
|move|p1a: Blaziken|Rock Slide|p2b: Torkoal|[spread] p2a,p2b
|-supereffective|p2b: Torkoal|1
|-damage|p2a: Farigiraf|82/100
|-damage|p2b: Torkoal|71/100
|move|p2b: Torkoal|Weather Ball|p1a: Blaziken
|-resisted|p1a: Blaziken|1
|-damage|p1a: Blaziken|0 fnt
|faint|p1a: Blaziken
|
|win|SoupyWeevil82
|raw|potatotheone's rating: 1111 → 1087(-24 for losing)
|raw|SoupyWeevil82's rating: 1124 → 1148(+24 for winning)
|l|☆potatotheone
|player|p1|
|c|☆SoupyWeevil82|gg
