|j|☆urshifuuuuuuu
|j|☆battle sim trainer
|html|urshifuuuuuuubattle sim trainer    
|uhtml|bestof|Game 2 of a best-of-3
|t:|1757248023
|gametype|doubles
|player|p1|urshifuuuuuuu|pokemonbreeder-gen4|1082
|player|p2|battle sim trainer|steven|1125
|gen|9
|tier|[Gen 9] VGC 2025 Reg H (Bo3)
|rated|
|rule|Species Clause: Limit one of each Pokémon
|rule|Item Clause: Limit 1 of each item
|clearpoke
|poke|p1|Incineroar, L50, F|
|poke|p1|Amoonguss, L50, M|
|poke|p1|Palafin, L50, F|
|poke|p1|Pelipper, L50, F|
|poke|p1|Archaludon, L50, M|
|poke|p1|Ursaluna, L50, M|
|poke|p2|Bronzong, L50|
|poke|p2|Araquanid, L50, M|
|poke|p2|Gallade, L50, M|
|poke|p2|Torkoal, L50, M|
|poke|p2|Lilligant-Hisui, L50, F|
|poke|p2|Indeedee-F, L50, F|
|teampreview|4
|showteam|p1|Incineroar||SafetyGoggles|Intimidate|FakeOut,KnockOff,FlareBlitz,PartingShot|||F|||50|,,,,,Ghost]Amoonguss||SitrusBerry|Regenerator|Spore,RagePowder,PollenPuff,Protect|||M|||50|,,,,,Water]Palafin||MysticWater|ZerotoHero|FlipTurn,WaveCrash,CloseCombat,Protect|||F|||50|,,,,,Water]Pelipper||CovertCloak|Drizzle|Tailwind,WeatherBall,Hurricane,Protect|||F|||50|,,,,,Flying]Archaludon||PowerHerb|Sturdy|ElectroShot,FlashCannon,BodyPress,DragonPulse|||M|||50|,,,,,Electric]Ursaluna||FlameOrb|Guts|Protect,HeadlongRush,Earthquake,Facade|||M|||50|,,,,,Ground
|showteam|p2|Bronzong||SafetyGoggles|Levitate|TrickRoom,BodyPress,Protect,IronDefense||||||50|,,,,,Steel]Araquanid||MysticWater|WaterBubble|Liquidation,Soak,WideGuard,Protect|||M|||50|,,,,,Water]Gallade||ClearAmulet|Sharpness|TrickRoom,LeafBlade,PsychoCut,SacredSword|||M|||50|,,,,,Psychic]Torkoal||Charcoal|Drought|Eruption,WeatherBall,SolarBeam,Protect|||M|||50|,,,,,Fire]Lilligant-Hisui||FocusSash|Chlorophyll|PollenPuff,CloseCombat,AfterYou,Coaching|||F|||50|,,,,,Ghost]Indeedee-F||PsychicSeed|PsychicSurge|FollowMe,TrickRoom,HelpingHand,Psychic|||F|||50|,,,,,Psychic
|inactive|Battle timer is ON: inactive players will automatically lose when time's up. (requested by urshifuuuuuuu)
|inactive|urshifuuuuuuu has 60 seconds left.
|inactive|urshifuuuuuuu has 30 seconds left.
|
|t:|1757248091
|teamsize|p1|4
|teamsize|p2|4
|start
|switch|p1a: Archaludon|Archaludon, L50, M|100/100
|switch|p1b: Pelipper|Pelipper, L50, F|100/100
|switch|p2a: Bronzong|Bronzong, L50|100/100
|switch|p2b: Lilligant|Lilligant-Hisui, L50, F|100/100
|-weather|RainDance|[from] ability: Drizzle|[of] p1b: Pelipper
|turn|1
|inactive|urshifuuuuuuu has 30 seconds left.
|inactive|battle sim trainer has 30 seconds left.
|inactive|urshifuuuuuuu has 20 seconds left.
|inactive|urshifuuuuuuu has 15 seconds left.
|inactive|urshifuuuuuuu has 10 seconds left.
|
|t:|1757248136
|switch|p2a: Torkoal|Torkoal, L50, M|100/100
|-weather|SunnyDay|[from] ability: Drought|[of] p2a: Torkoal
|move|p2b: Lilligant|Close Combat|p1a: Archaludon
|-supereffective|p1a: Archaludon
|-damage|p1a: Archaludon|23/100
|-unboost|p2b: Lilligant|def|1
|-unboost|p2b: Lilligant|spd|1
|move|p1a: Archaludon|Electro Shot||[still]
|-prepare|p1a: Archaludon|Electro Shot
|-boost|p1a: Archaludon|spa|1
|-enditem|p1a: Archaludon|Power Herb
|-anim|p1a: Archaludon|Electro Shot|p2b: Lilligant
|-resisted|p2b: Lilligant
|-damage|p2b: Lilligant|34/100
|move|p1b: Pelipper|Hurricane|p2b: Lilligant|[miss]
|-miss|p1b: Pelipper|p2b: Lilligant
|
|-weather|SunnyDay|[upkeep]
|upkeep
|turn|2
|inactive|urshifuuuuuuu has 30 seconds left.
|inactive|battle sim trainer has 30 seconds left.
|inactive|urshifuuuuuuu has 20 seconds left.
|inactive|urshifuuuuuuu has 15 seconds left.
|inactive|urshifuuuuuuu has 10 seconds left.
|inactive|urshifuuuuuuu has 5 seconds left.
|
|t:|1757248189
|switch|p1a: Palafin|Palafin, L50, F|100/100
|switch|p2a: Bronzong|Bronzong, L50|100/100
|move|p2b: Lilligant|Coaching|p2a: Bronzong
|-boost|p2a: Bronzong|atk|1
|-boost|p2a: Bronzong|def|1
|move|p1b: Pelipper|Weather Ball|p2b: Lilligant
|-supereffective|p2b: Lilligant
|-damage|p2b: Lilligant|0 fnt
|faint|p2b: Lilligant
|
|-weather|SunnyDay|[upkeep]
|upkeep
|l|☆urshifuuuuuuu
|inactive|urshifuuuuuuu disconnected and has a minute to reconnect!
|player|p1|
|
|t:|1757248201
|switch|p2b: Indeedee|Indeedee-F, L50, F|100/100
|-fieldstart|move: Psychic Terrain|[from] ability: Psychic Surge|[of] p2b: Indeedee
|-enditem|p2b: Indeedee|Psychic Seed
|-boost|p2b: Indeedee|spd|1|[from] item: Psychic Seed
|turn|3
|j|☆urshifuuuuuuu
|inactive|urshifuuuuuuu reconnected and has 50 seconds left.
|player|p1|urshifuuuuuuu|pokemonbreeder-gen4|
|inactive|urshifuuuuuuu has 30 seconds left.
|inactive|urshifuuuuuuu has 20 seconds left.
|
|t:|1757248238
|move|p2b: Indeedee|Follow Me|p2b: Indeedee
|-singleturn|p2b: Indeedee|move: Follow Me
|move|p1b: Pelipper|Weather Ball|p2b: Indeedee
|-damage|p2b: Indeedee|70/100
|move|p1a: Palafin|Flip Turn|p2b: Indeedee
|-damage|p2b: Indeedee|58/100
|
|t:|1757248255
|detailschange|p1a: Palafin|Palafin-Hero, L50, F
|switch|p1a: Amoonguss|Amoonguss, L50, M|100/100|[from] Flip Turn
|move|p2a: Bronzong|Trick Room|p2a: Bronzong
|-fieldstart|move: Trick Room|[of] p2a: Bronzong
|
|-weather|SunnyDay|[upkeep]
|upkeep
|turn|4
|inactive|urshifuuuuuuu has 30 seconds left.
|inactive|urshifuuuuuuu has 20 seconds left.
|inactive|urshifuuuuuuu has 15 seconds left.
|
|t:|1757248298
|move|p2a: Bronzong|Iron Defense|p2a: Bronzong
|-boost|p2a: Bronzong|def|2
|move|p1a: Amoonguss|Pollen Puff|p2b: Indeedee
|-supereffective|p2b: Indeedee
|-damage|p2b: Indeedee|33/100
|move|p2b: Indeedee|Psychic|p1a: Amoonguss
|-supereffective|p1a: Amoonguss
|-damage|p1a: Amoonguss|45/100
|-enditem|p1a: Amoonguss|Sitrus Berry|[eat]
|-heal|p1a: Amoonguss|70/100|[from] item: Sitrus Berry
|move|p1b: Pelipper|Weather Ball|p2a: Bronzong
|-supereffective|p2a: Bronzong
|-damage|p2a: Bronzong|25/100
|
|-weather|SunnyDay|[upkeep]
|upkeep
|turn|5
|inactive|urshifuuuuuuu has 30 seconds left.
|inactive|battle sim trainer has 30 seconds left.
|inactive|urshifuuuuuuu has 20 seconds left.
|inactive|battle sim trainer has 20 seconds left.
|inactive|urshifuuuuuuu has 15 seconds left.
|
|t:|1757248342
|move|p2a: Bronzong|Protect|p2a: Bronzong
|-singleturn|p2a: Bronzong|Protect
|move|p1a: Amoonguss|Pollen Puff|p2a: Bronzong
|-activate|p2a: Bronzong|move: Protect
|move|p2b: Indeedee|Psychic|p1b: Pelipper
|-damage|p1b: Pelipper|37/100
|move|p1b: Pelipper|Weather Ball|p2a: Bronzong
|-activate|p2a: Bronzong|move: Protect
|
|-weather|none
|upkeep
|turn|6
|inactive|urshifuuuuuuu has 30 seconds left.
|inactive|battle sim trainer has 30 seconds left.
|inactive|urshifuuuuuuu has 20 seconds left.
|inactive|urshifuuuuuuu has 15 seconds left.
|inactive|urshifuuuuuuu has 10 seconds left.
|
|t:|1757248388
|switch|p2a: Torkoal|Torkoal, L50, M|100/100
|-weather|SunnyDay|[from] ability: Drought|[of] p2a: Torkoal
|move|p1b: Pelipper|Protect|p1b: Pelipper
|-singleturn|p1b: Pelipper|Protect
|move|p1a: Amoonguss|Pollen Puff|p2a: Torkoal
|-resisted|p2a: Torkoal
|-damage|p2a: Torkoal|89/100
|move|p2b: Indeedee|Psychic|p1b: Pelipper
|-activate|p1b: Pelipper|move: Protect
|
|-weather|SunnyDay|[upkeep]
|upkeep
|turn|7
|
|t:|1757248411
|switch|p1b: Archaludon|Archaludon, L50, M|23/100
|-terastallize|p2a: Torkoal|Fire
|move|p2b: Indeedee|Helping Hand|p2a: Torkoal
|-singleturn|p2a: Torkoal|Helping Hand|[of] p2b: Indeedee
|move|p1a: Amoonguss|Protect|p1a: Amoonguss
|-singleturn|p1a: Amoonguss|Protect
|move|p2a: Torkoal|Eruption|p1a: Amoonguss|[spread] p1b
|-activate|p1a: Amoonguss|move: Protect
|-damage|p1b: Archaludon|0 fnt
|faint|p1b: Archaludon
|
|-weather|SunnyDay|[upkeep]
|-fieldend|move: Trick Room
|-fieldend|move: Psychic Terrain
|upkeep
|
|t:|1757248432
|switch|p1b: Pelipper|Pelipper, L50, F|37/100
|-weather|RainDance|[from] ability: Drizzle|[of] p1b: Pelipper
|turn|8
|
|t:|1757248447
|switch|p2a: Bronzong|Bronzong, L50|25/100
|move|p1b: Pelipper|Tailwind|p1b: Pelipper
|-sidestart|p1: urshifuuuuuuu|move: Tailwind
|move|p1a: Amoonguss|Spore|p2b: Indeedee
|-status|p2b: Indeedee|slp|[from] move: Spore
|cant|p2b: Indeedee|slp
|
|-weather|RainDance|[upkeep]
|upkeep
|turn|9
|inactive|urshifuuuuuuu has 30 seconds left.
|
|t:|1757248481
|move|p2a: Bronzong|Protect|p2a: Bronzong
|-singleturn|p2a: Bronzong|Protect
|cant|p2b: Indeedee|slp
|move|p1b: Pelipper|Weather Ball|p2a: Bronzong
|-activate|p2a: Bronzong|move: Protect
|move|p1a: Amoonguss|Pollen Puff|p1b: Pelipper
|-heal|p1b: Pelipper|87/100
|
|-weather|RainDance|[upkeep]
|upkeep
|turn|10
|inactive|battle sim trainer has 30 seconds left.
|
|t:|1757248508
|switch|p1a: Palafin|Palafin-Hero, L50, F|100/100
|-activate|p1a: Palafin|ability: Zero to Hero
|move|p1b: Pelipper|Weather Ball|p2a: Bronzong
|-damage|p2a: Bronzong|0 fnt
|faint|p2a: Bronzong
|cant|p2b: Indeedee|slp
|
|-weather|RainDance|[upkeep]
|upkeep
|
|t:|1757248517
|switch|p2a: Torkoal|Torkoal, L50, M, tera:Fire|89/100
|-weather|SunnyDay|[from] ability: Drought|[of] p2a: Torkoal
|turn|11
|inactive|urshifuuuuuuu has 30 seconds left.
|inactive|battle sim trainer has 30 seconds left.
|
|t:|1757248547
|switch|p1b: Amoonguss|Amoonguss, L50, M|100/100
|-terastallize|p1a: Palafin|Water
|move|p1a: Palafin|Wave Crash|p2a: Torkoal
|-supereffective|p2a: Torkoal
|-damage|p2a: Torkoal|0 fnt
|faint|p2a: Torkoal
|-damage|p1a: Palafin|76/100|[from] Recoil
|-curestatus|p2b: Indeedee|slp|[msg]
|move|p2b: Indeedee|Trick Room|p2b: Indeedee
|-fieldstart|move: Trick Room|[of] p2b: Indeedee
|
|-weather|SunnyDay|[upkeep]
|-sideend|p1: urshifuuuuuuu|move: Tailwind
|upkeep
|turn|12
|inactive|urshifuuuuuuu has 30 seconds left.
|
|t:|1757248563
|move|p1b: Amoonguss|Pollen Puff|p2b: Indeedee
|-supereffective|p2b: Indeedee
|-damage|p2b: Indeedee|7/100
|move|p2b: Indeedee|Psychic|p1a: Palafin
|-damage|p1a: Palafin|47/100
|move|p1a: Palafin|Wave Crash|p2b: Indeedee
|-damage|p2b: Indeedee|0 fnt
|faint|p2b: Indeedee
|-damage|p1a: Palafin|45/100|[from] Recoil
|
|win|urshifuuuuuuu
