|j|☆freudianbreath
|j|☆vgc_heartgold
|html|freudianbreathvgc_heartgold    
|uhtml|bestof|Game 3 of a best-of-3
|t:|1756516604
|gametype|doubles
|player|p1|freudianbreath|265|1027
|player|p2|vgc_heartgold|ethan|1047
|gen|9
|tier|[Gen 9] VGC 2025 Reg H (Bo3)
|rated|
|rule|Species Clause: Limit one of each Pokémon
|rule|Item Clause: Limit 1 of each item
|clearpoke
|poke|p1|Farigiraf, L50, M|
|poke|p1|Rillaboom, L50, M|
|poke|p1|Kingambit, L50, M|
|poke|p1|Dragonite, L50, F|
|poke|p1|Incineroar, L50, F|
|poke|p1|Mismagius, L50, F|
|poke|p2|Gholdengo, L50|
|poke|p2|Ursaluna-Bloodmoon, L50, M|
|poke|p2|Dragonite, L50, F|
|poke|p2|Rillaboom, L50, F|
|poke|p2|Incineroar, L50, F|
|poke|p2|Gallade, L50, M|
|teampreview|4
|showteam|p1|Farigiraf||ThroatSpray|ArmorTail|HyperVoice,Psyshock,TrickRoom,Protect|||M|||50|,,,,,Fairy]Rillaboom||AssaultVest|GrassySurge|WoodHammer,GrassyGlide,FakeOut,HighHorsepower|||M|||50|,,,,,Fire]Kingambit||SafetyGoggles|Defiant|KowtowCleave,SuckerPunch,Protect,SwordsDance|||M|||50|,,,,,Dark]Dragonite||LoadedDice|Multiscale|Protect,ScaleShot,ExtremeSpeed,StompingTantrum|||F|||50|,,,,,Steel]Incineroar||SitrusBerry|Intimidate|FakeOut,KnockOff,FlareBlitz,WillOWisp|||F|||50|,,,,,Grass]Mismagius||ChoiceSpecs|Levitate|ShadowSneak,ShadowBall,Thunderbolt,DazzlingGleam|||F|||50|,,,,,Electric
|showteam|p2|Gholdengo||MetalCoat|GoodasGold|MakeItRain,ShadowBall,NastyPlot,Protect||||||50|,,,,,Dragon]Ursaluna-Bloodmoon||LifeOrb|MindsEye|BloodMoon,HyperVoice,EarthPower,VacuumWave|||M|||50|,,,,,Normal]Dragonite||LoadedDice|Multiscale|ScaleShot,StompingTantrum,Tailwind,Protect|||F|||50|,,,,,Fairy]Rillaboom||AssaultVest|GrassySurge|WoodHammer,GrassyGlide,FakeOut,Uturn|||F|||50|,,,,,Fire]Incineroar||SafetyGoggles|Intimidate|FakeOut,KnockOff,Taunt,PartingShot|||F|||50|,,,,,Ghost]Gallade||ClearAmulet|Sharpness|SacredSword,PsychoCut,KnockOff,TrickRoom|||M|||50|,,,,,Dark
|inactive|Battle timer is ON: inactive players will automatically lose when time's up. (requested by vgc_heartgold)
|j| kzq724
|inactive|freudianbreath has 60 seconds left.
|
|t:|1756516686
|teamsize|p1|4
|teamsize|p2|4
|start
|switch|p1a: Farigiraf|Farigiraf, L50, M|100/100
|switch|p1b: Incineroar|Incineroar, L50, F|100/100
|switch|p2a: Dragonite|Dragonite, L50, F|100/100
|switch|p2b: Ursaluna|Ursaluna-Bloodmoon, L50, M|100/100
|-ability|p1b: Incineroar|Intimidate|boost
|-unboost|p2a: Dragonite|atk|1
|-unboost|p2b: Ursaluna|atk|1
|turn|1
|inactive|freudianbreath has 30 seconds left.
|inactive|vgc_heartgold has 30 seconds left.
|inactive|freudianbreath has 20 seconds left.
|
|t:|1756516723
|move|p1b: Incineroar|Fake Out|p2b: Ursaluna
|-damage|p2b: Ursaluna|92/100
|move|p2a: Dragonite|Scale Shot|p1b: Incineroar
|-damage|p1b: Incineroar|91/100
|-damage|p1b: Incineroar|81/100
|-damage|p1b: Incineroar|72/100
|-damage|p1b: Incineroar|63/100
|-damage|p1b: Incineroar|55/100
|-hitcount|p1b: Incineroar|5
|-unboost|p2a: Dragonite|def|1
|-boost|p2a: Dragonite|spe|1
|move|p1a: Farigiraf|Hyper Voice|p2b: Ursaluna|[spread] p2a,p2b
|-damage|p2a: Dragonite|86/100
|-damage|p2b: Ursaluna|64/100
|-enditem|p1a: Farigiraf|Throat Spray
|-boost|p1a: Farigiraf|spa|1|[from] item: Throat Spray
|cant|p2b: Ursaluna|flinch
|
|upkeep
|turn|2
|inactive|freudianbreath has 30 seconds left.
|inactive|vgc_heartgold has 30 seconds left.
|inactive|freudianbreath has 20 seconds left.
|inactive|freudianbreath has 15 seconds left.
|inactive|freudianbreath has 10 seconds left.
|inactive|freudianbreath has 5 seconds left.
|
|t:|1756516774
|switch|p1b: Mismagius|Mismagius, L50, F|100/100
|move|p2a: Dragonite|Protect|p2a: Dragonite
|-singleturn|p2a: Dragonite|Protect
|move|p1a: Farigiraf|Hyper Voice|p2b: Ursaluna|[spread] p2b
|-activate|p2a: Dragonite|move: Protect
|-damage|p2b: Ursaluna|17/100
|move|p2b: Ursaluna|Blood Moon|p1a: Farigiraf
|-damage|p1a: Farigiraf|11/100
|-damage|p2b: Ursaluna|7/100|[from] item: Life Orb
|
|upkeep
|turn|3
|inactive|freudianbreath has 30 seconds left.
|inactive|freudianbreath has 20 seconds left.
|inactive|freudianbreath has 15 seconds left.
|inactive|vgc_heartgold has 30 seconds left.
|inactive|freudianbreath has 10 seconds left.
|
|t:|1756516820
|move|p2a: Dragonite|Tailwind|p2a: Dragonite
|-sidestart|p2: vgc_heartgold|move: Tailwind
|move|p1b: Mismagius|Dazzling Gleam|p2b: Ursaluna|[spread] p2a,p2b
|-supereffective|p2a: Dragonite
|-damage|p2a: Dragonite|33/100
|-damage|p2b: Ursaluna|0 fnt
|faint|p2b: Ursaluna
|move|p1a: Farigiraf|Hyper Voice|p2a: Dragonite
|-damage|p2a: Dragonite|0 fnt
|faint|p2a: Dragonite
|
|upkeep
|
|t:|1756516828
|switch|p2a: Gallade|Gallade, L50, M|100/100
|switch|p2b: Gholdengo|Gholdengo, L50|100/100
|turn|4
|inactive|freudianbreath has 30 seconds left.
|inactive|vgc_heartgold has 30 seconds left.
|inactive|freudianbreath has 20 seconds left.
|
|t:|1756516867
|switch|p1b: Incineroar|Incineroar, L50, F|55/100
|-ability|p1b: Incineroar|Intimidate|boost
|-fail|p2a: Gallade|unboost|[from] item: Clear Amulet|[of] p2a: Gallade
|-unboost|p2b: Gholdengo|atk|1
|-terastallize|p2a: Gallade|Dark
|move|p2b: Gholdengo|Make It Rain|p1b: Incineroar|[spread] p1a,p1b
|-resisted|p1b: Incineroar
|-damage|p1a: Farigiraf|0 fnt
|-damage|p1b: Incineroar|31/100
|-unboost|p2b: Gholdengo|spa|1
|-enditem|p1b: Incineroar|Sitrus Berry|[eat]
|-heal|p1b: Incineroar|56/100|[from] item: Sitrus Berry
|faint|p1a: Farigiraf
|move|p2a: Gallade|Knock Off|p1b: Incineroar
|-resisted|p1b: Incineroar
|-damage|p1b: Incineroar|42/100
|
|upkeep
|inactive|freudianbreath has 30 seconds left.
|
|t:|1756516895
|switch|p1a: Kingambit|Kingambit, L50, M|100/100
|turn|5
|inactive|freudianbreath has 30 seconds left.
|inactive|freudianbreath has 20 seconds left.
|inactive|freudianbreath has 15 seconds left.
|inactive|freudianbreath has 10 seconds left.
|inactive|freudianbreath has 5 seconds left.
|
|t:|1756516947
|move|p1b: Incineroar|Fake Out|p2a: Gallade
|-damage|p2a: Gallade|84/100
|move|p2b: Gholdengo|Nasty Plot|p2b: Gholdengo
|-boost|p2b: Gholdengo|spa|2
|cant|p2a: Gallade|flinch
|move|p1a: Kingambit|Kowtow Cleave|p2a: Gallade
|-resisted|p2a: Gallade
|-damage|p2a: Gallade|50/100
|
|upkeep
|turn|6
|inactive|freudianbreath has 30 seconds left.
|inactive|vgc_heartgold has 30 seconds left.
|inactive|freudianbreath has 20 seconds left.
|inactive|freudianbreath has 15 seconds left.
|
|t:|1756516987
|move|p1a: Kingambit|Protect|p1a: Kingambit
|-singleturn|p1a: Kingambit|Protect
|move|p2b: Gholdengo|Nasty Plot|p2b: Gholdengo
|-boost|p2b: Gholdengo|spa|2
|move|p2a: Gallade|Sacred Sword|p1a: Kingambit
|-activate|p1a: Kingambit|move: Protect
|move|p1b: Incineroar|Flare Blitz|p2a: Gallade
|-damage|p2a: Gallade|0 fnt
|faint|p2a: Gallade
|-damage|p1b: Incineroar|28/100|[from] Recoil
|
|-sideend|p2: vgc_heartgold|move: Tailwind
|upkeep
|turn|7
|inactive|freudianbreath has 30 seconds left.
|
|t:|1756517013
|move|p1a: Kingambit|Sucker Punch|p2b: Gholdengo
|-supereffective|p2b: Gholdengo
|-damage|p2b: Gholdengo|25/100
|move|p2b: Gholdengo|Make It Rain|p1a: Kingambit|[spread] p1a,p1b
|-resisted|p1a: Kingambit
|-resisted|p1b: Incineroar
|-damage|p1a: Kingambit|34/100
|-damage|p1b: Incineroar|0 fnt
|-unboost|p2b: Gholdengo|spa|1
|faint|p1b: Incineroar
|
|upkeep
|
|t:|1756517016
|switch|p1b: Mismagius|Mismagius, L50, F|100/100
|turn|8
|inactive|freudianbreath has 30 seconds left.
|
|t:|1756517044
|-terastallize|p1b: Mismagius|Electric
|move|p1a: Kingambit|Sucker Punch|p2b: Gholdengo
|-supereffective|p2b: Gholdengo
|-damage|p2b: Gholdengo|0 fnt
|faint|p2b: Gholdengo
|
|win|freudianbreath
|raw|freudianbreath's rating: 1027 → 1065(+38 for winning)
|raw|vgc_heartgold's rating: 1047 → 1029(-18 for losing)
|c|☆freudianbreath|ggs
