|j|☆HumanPlaysVGC
|j|☆MrGreen3432
|html|HumanPlaysVGCMrGreen3432    
|uhtml|bestof|Game 1 of a best-of-3
|t:|1756507265
|gametype|doubles
|player|p1|HumanPlaysVGC|n-masters3|1054
|player|p2|MrGreen3432|266|1103
|gen|9
|tier|[Gen 9] VGC 2025 Reg H (Bo3)
|rated|
|rule|Species Clause: Limit one of each Pokémon
|rule|Item Clause: Limit 1 of each item
|clearpoke
|poke|p1|Weezing-Galar, L50, M|
|poke|p1|Toedscruel, L50, M|
|poke|p1|Corviknight, L50, F|
|poke|p1|Incineroar, L50, M|
|poke|p1|Garchomp, L50, F|
|poke|p1|Indeedee, L50, M|
|poke|p2|Politoed, L50, M|
|poke|p2|Gothitelle, L50, F|
|poke|p2|Kingdra, L50, F|
|poke|p2|Archaludon, L50, M|
|poke|p2|Amoonguss, L50, F|
|poke|p2|Incineroar, L50, F|
|teampreview|4
|showteam|p1|Weezing-Galar||SitrusBerry|NeutralizingGas|DazzlingGleam,SludgeBomb,Protect,Taunt|||M|||50|,,,,,Grass]Toedscruel||CovertCloak|MyceliumMight|Spore,RagePowder,EarthPower,AcidSpray|||M|||50|,,,,,Water]Corviknight||RockyHelmet|MirrorArmor|Tailwind,BraveBird,Protect,Roost|||F|||50|,,,,,Dragon]Incineroar||AbilityShield|Intimidate|FakeOut,KnockOff,PartingShot,Taunt|||M|||50|,,,,,Ghost]Garchomp||LifeOrb|RoughSkin|DragonClaw,Earthquake,Protect,StompingTantrum|||F|||50|,,,,,Ground]Indeedee||FocusSash|PsychicSurge|ExpandingForce,DazzlingGleam,Protect,TrickRoom|||M|||50|,,,,,Psychic
|showteam|p2|Politoed||Leftovers|Drizzle|Protect,PerishSong,WeatherBall,Encore|||M|||50|,,,,,Grass]Gothitelle||SitrusBerry|ShadowTag|Protect,FakeOut,TrickRoom,Psychic|||F|||50|,,,,,Dark]Kingdra||LifeOrb|SwiftSwim|Protect,DracoMeteor,MuddyWater,WeatherBall|||F|||50|,,,,,Stellar]Archaludon||PowerHerb|Sturdy|Protect,ElectroShot,FlashCannon,DragonPulse|||M|||50|,,,,,Electric]Amoonguss||EjectButton|Regenerator|Protect,RagePowder,Spore,PollenPuff|||F|||50|,,,,,Fairy]Incineroar||SafetyGoggles|Intimidate|Protect,FakeOut,PartingShot,KnockOff|||F|||50|,,,,,Ghost
|inactive|Battle timer is ON: inactive players will automatically lose when time's up. (requested by MrGreen3432)
|inactive|HumanPlaysVGC has 60 seconds left.
|inactive|MrGreen3432 has 60 seconds left.
|
|t:|1756507325
|teamsize|p1|4
|teamsize|p2|4
|start
|switch|p1a: Weezing|Weezing-Galar, L50, M|100/100
|switch|p1b: Toedscruel|Toedscruel, L50, M|100/100
|switch|p2a: Incineroar|Incineroar, L50, F|100/100
|switch|p2b: Politoed|Politoed, L50, M|100/100
|-ability|p1a: Weezing|Neutralizing Gas
|turn|1
|inactive|HumanPlaysVGC has 30 seconds left.
|inactive|MrGreen3432 has 30 seconds left.
|
|t:|1756507351
|-terastallize|p2b: Politoed|Grass
|move|p2a: Incineroar|Fake Out|p1a: Weezing
|-crit|p1a: Weezing
|-damage|p1a: Weezing|88/100
|move|p1b: Toedscruel|Spore|p2b: Politoed
|-immune|p2b: Politoed
|move|p2b: Politoed|Perish Song|p2b: Politoed
|-start|p1a: Weezing|perish3|[silent]
|-start|p1b: Toedscruel|perish3|[silent]
|-start|p2a: Incineroar|perish3|[silent]
|-start|p2b: Politoed|perish3|[silent]
|-fieldactivate|move: Perish Song
|cant|p1a: Weezing|flinch
|
|-start|p1b: Toedscruel|perish3
|-start|p2b: Politoed|perish3
|-start|p1a: Weezing|perish3
|-start|p2a: Incineroar|perish3
|upkeep
|turn|2
|inactive|HumanPlaysVGC has 30 seconds left.
|inactive|MrGreen3432 has 30 seconds left.
|
|t:|1756507383
|move|p2b: Politoed|Protect|p2b: Politoed
|-singleturn|p2b: Politoed|Protect
|move|p1b: Toedscruel|Acid Spray|p2b: Politoed
|-activate|p2b: Politoed|move: Protect
|move|p1a: Weezing|Sludge Bomb|p2b: Politoed
|-activate|p2b: Politoed|move: Protect
|move|p2a: Incineroar|Parting Shot|p1b: Toedscruel
|-unboost|p1b: Toedscruel|atk|1
|-unboost|p1b: Toedscruel|spa|1
|
|t:|1756507393
|switch|p2a: Gothitelle|Gothitelle, L50, F|100/100|[from] Parting Shot
|
|-start|p1b: Toedscruel|perish2
|-start|p2b: Politoed|perish2
|-start|p1a: Weezing|perish2
|upkeep
|turn|3
|
|t:|1756507410
|switch|p1b: Corviknight|Corviknight, L50, F|100/100
|switch|p2b: Incineroar|Incineroar, L50, F|100/100
|move|p1a: Weezing|Protect|p1a: Weezing
|-singleturn|p1a: Weezing|Protect
|move|p2a: Gothitelle|Fake Out|p1a: Weezing
|-activate|p1a: Weezing|move: Protect
|
|-start|p1a: Weezing|perish1
|upkeep
|turn|4
|inactive|HumanPlaysVGC has 30 seconds left.
|
|t:|1756507439
|-end|p1a: Weezing|ability: Neutralizing Gas
|-ability|p2b: Incineroar|Intimidate|boost
|-unboost|p1a: Weezing|atk|1
|-ability|p1b: Corviknight|Mirror Armor
|-unboost|p2b: Incineroar|atk|1
|switch|p1a: Garchomp|Garchomp, L50, F|100/100
|move|p1b: Corviknight|Brave Bird|p2b: Incineroar
|-damage|p2b: Incineroar|60/100
|-damage|p1b: Corviknight|87/100|[from] Recoil
|move|p2a: Gothitelle|Psychic|p1a: Garchomp
|-damage|p1a: Garchomp|71/100
|move|p2b: Incineroar|Knock Off|p1a: Garchomp
|-damage|p1a: Garchomp|44/100
|-damage|p2b: Incineroar|48/100|[from] ability: Rough Skin|[of] p1a: Garchomp
|-enditem|p1a: Garchomp|Life Orb|[from] move: Knock Off|[of] p2b: Incineroar
|
|upkeep
|turn|5
|
|t:|1756507463
|switch|p2b: Amoonguss|Amoonguss, L50, F|100/100
|move|p1a: Garchomp|Earthquake|p2b: Amoonguss|[spread] p2a,p2b
|-immune|p1b: Corviknight
|-damage|p2a: Gothitelle|63/100
|-damage|p2b: Amoonguss|64/100
|-enditem|p2b: Amoonguss|Eject Button
|
|t:|1756507475
|switch|p2b: Politoed|Politoed, L50, M, tera:Grass|100/100
|-weather|RainDance|[from] ability: Drizzle|[of] p2b: Politoed
|move|p1b: Corviknight|Brave Bird|p2a: Gothitelle
|-damage|p2a: Gothitelle|22/100
|-enditem|p2a: Gothitelle|Sitrus Berry|[eat]
|-heal|p2a: Gothitelle|47/100|[from] item: Sitrus Berry
|-damage|p1b: Corviknight|76/100|[from] Recoil
|move|p2a: Gothitelle|Trick Room|p2a: Gothitelle
|-fieldstart|move: Trick Room|[of] p2a: Gothitelle
|
|-weather|RainDance|[upkeep]
|upkeep
|turn|6
|inactive|HumanPlaysVGC has 30 seconds left.
|inactive|MrGreen3432 has 30 seconds left.
|
|t:|1756507506
|move|p2a: Gothitelle|Psychic|p1a: Garchomp
|-damage|p1a: Garchomp|14/100
|move|p1b: Corviknight|Brave Bird|p2b: Politoed
|-supereffective|p2b: Politoed
|-damage|p2b: Politoed|12/100
|-damage|p1b: Corviknight|48/100|[from] Recoil
|move|p2b: Politoed|Weather Ball|p1a: Garchomp
|-damage|p1a: Garchomp|0 fnt
|faint|p1a: Garchomp
|
|-weather|RainDance|[upkeep]
|-heal|p2b: Politoed|18/100|[from] item: Leftovers
|upkeep
|
|t:|1756507520
|switch|p1a: Toedscruel|Toedscruel, L50, M|100/100
|turn|7
|inactive|MrGreen3432 has 30 seconds left.
|inactive|MrGreen3432 has 20 seconds left.
|
|t:|1756507563
|switch|p2b: Incineroar|Incineroar, L50, F|48/100
|-ability|p2b: Incineroar|Intimidate|boost
|-unboost|p1a: Toedscruel|atk|1
|-ability|p1b: Corviknight|Mirror Armor
|-unboost|p2b: Incineroar|atk|1
|move|p2a: Gothitelle|Protect|p2a: Gothitelle
|-singleturn|p2a: Gothitelle|Protect
|move|p1b: Corviknight|Brave Bird|p2b: Incineroar
|-damage|p2b: Incineroar|4/100
|-damage|p1b: Corviknight|34/100|[from] Recoil
|move|p1a: Toedscruel|Earth Power|p2a: Gothitelle
|-activate|p2a: Gothitelle|move: Protect
|
|-weather|RainDance|[upkeep]
|upkeep
|turn|8
|
|t:|1756507585
|move|p1b: Corviknight|Protect|p1b: Corviknight
|-singleturn|p1b: Corviknight|Protect
|move|p2b: Incineroar|Knock Off|p1b: Corviknight
|-activate|p1b: Corviknight|move: Protect
|move|p2a: Gothitelle|Psychic|p1b: Corviknight
|-activate|p1b: Corviknight|move: Protect
|move|p1a: Toedscruel|Earth Power|p2b: Incineroar
|-supereffective|p2b: Incineroar
|-damage|p2b: Incineroar|0 fnt
|faint|p2b: Incineroar
|
|-weather|RainDance|[upkeep]
|upkeep
|
|t:|1756507594
|switch|p2b: Amoonguss|Amoonguss, L50, F|97/100
|turn|9
|inactive|HumanPlaysVGC has 30 seconds left.
|inactive|HumanPlaysVGC has 20 seconds left.
|
|t:|1756507629
|switch|p2a: Politoed|Politoed, L50, M, tera:Grass|18/100
|move|p2b: Amoonguss|Spore|p1b: Corviknight
|-status|p1b: Corviknight|slp|[from] move: Spore
|cant|p1b: Corviknight|slp
|move|p1a: Toedscruel|Acid Spray|p2b: Amoonguss
|-damage|p2b: Amoonguss|91/100
|-unboost|p2b: Amoonguss|spd|2
|
|-weather|none
|-heal|p2a: Politoed|24/100|[from] item: Leftovers
|-fieldend|move: Trick Room
|upkeep
|turn|10
|inactive|MrGreen3432 has 30 seconds left.
|inactive|MrGreen3432 has 20 seconds left.
|
|t:|1756507665
|move|p1a: Toedscruel|Earth Power|p2b: Amoonguss
|-damage|p2b: Amoonguss|45/100
|move|p2a: Politoed|Perish Song|p2a: Politoed
|-start|p1a: Toedscruel|perish3|[silent]
|-start|p1b: Corviknight|perish3|[silent]
|-start|p2a: Politoed|perish3|[silent]
|-start|p2b: Amoonguss|perish3|[silent]
|-fieldactivate|move: Perish Song
|-curestatus|p1b: Corviknight|slp|[msg]
|move|p1b: Corviknight|Roost|p1b: Corviknight
|-heal|p1b: Corviknight|84/100
|-singleturn|p1b: Corviknight|move: Roost
|move|p2b: Amoonguss|Pollen Puff|p2a: Politoed
|-heal|p2a: Politoed|74/100
|
|-heal|p2a: Politoed|80/100|[from] item: Leftovers
|-start|p1a: Toedscruel|perish3
|-start|p2a: Politoed|perish3
|-start|p1b: Corviknight|perish3
|-start|p2b: Amoonguss|perish3
|upkeep
|turn|11
|inactive|HumanPlaysVGC has 30 seconds left.
|inactive|MrGreen3432 has 30 seconds left.
|
|t:|1756507695
|switch|p2a: Gothitelle|Gothitelle, L50, F|47/100
|move|p1a: Toedscruel|Earth Power|p2b: Amoonguss
|-damage|p2b: Amoonguss|0 fnt
|faint|p2b: Amoonguss
|move|p1b: Corviknight|Brave Bird|p2a: Gothitelle
|-damage|p2a: Gothitelle|4/100
|-damage|p1b: Corviknight|72/100|[from] Recoil
|
|-start|p1a: Toedscruel|perish2
|-start|p1b: Corviknight|perish2
|upkeep
|
|t:|1756507704
|switch|p2b: Politoed|Politoed, L50, M, tera:Grass|80/100
|-weather|RainDance|[from] ability: Drizzle|[of] p2b: Politoed
|turn|12
|inactive|HumanPlaysVGC has 30 seconds left.
|inactive|MrGreen3432 has 30 seconds left.
|inactive|MrGreen3432 has 20 seconds left.
|inactive|MrGreen3432 has 15 seconds left.
|inactive|MrGreen3432 has 10 seconds left.
|inactive|MrGreen3432 has 5 seconds left.
|
|t:|1756507759
|-terastallize|p1a: Toedscruel|Water
|move|p2b: Politoed|Protect|p2b: Politoed
|-singleturn|p2b: Politoed|Protect
|move|p2a: Gothitelle|Protect|p2a: Gothitelle
|-singleturn|p2a: Gothitelle|Protect
|move|p1a: Toedscruel|Earth Power|p2a: Gothitelle
|-activate|p2a: Gothitelle|move: Protect
|move|p1b: Corviknight|Brave Bird|p2a: Gothitelle
|-activate|p2a: Gothitelle|move: Protect
|
|-weather|RainDance|[upkeep]
|-heal|p2b: Politoed|86/100|[from] item: Leftovers
|-start|p1a: Toedscruel|perish1
|-start|p1b: Corviknight|perish1
|upkeep
|turn|13
|inactive|HumanPlaysVGC has 30 seconds left.
|inactive|MrGreen3432 has 30 seconds left.
|j| Arkhept
|l| Arkhept
|
|t:|1756507791
|move|p2b: Politoed|Protect|p2b: Politoed
|-singleturn|p2b: Politoed|Protect
|move|p1a: Toedscruel|Acid Spray|p2b: Politoed
|-activate|p2b: Politoed|move: Protect
|move|p1b: Corviknight|Brave Bird|p2b: Politoed
|-activate|p2b: Politoed|move: Protect
|move|p2a: Gothitelle|Psychic|p1a: Toedscruel
|-damage|p1a: Toedscruel|75/100
|
|-weather|RainDance|[upkeep]
|-heal|p2b: Politoed|92/100|[from] item: Leftovers
|-start|p1a: Toedscruel|perish0
|-start|p1b: Corviknight|perish0
|faint|p1a: Toedscruel
|faint|p1b: Corviknight
|upkeep
|
|t:|1756507806
|switch|p1b: Weezing|Weezing-Galar, L50, M|88/100
|-ability|p1b: Weezing|Neutralizing Gas
|turn|14
|
|t:|1756507818
|move|p2b: Politoed|Weather Ball|p1b: Weezing
|-damage|p1b: Weezing|41/100
|-enditem|p1b: Weezing|Sitrus Berry|[eat]
|-heal|p1b: Weezing|66/100|[from] item: Sitrus Berry
|move|p1b: Weezing|Dazzling Gleam|p2b: Politoed|[spread] p2a,p2b
|-damage|p2a: Gothitelle|0 fnt
|-damage|p2b: Politoed|79/100
|faint|p2a: Gothitelle
|
|-weather|RainDance|[upkeep]
|-heal|p2b: Politoed|85/100|[from] item: Leftovers
|upkeep
|turn|15
|inactive|MrGreen3432 has 30 seconds left.
|
|t:|1756507831
|move|p2b: Politoed|Weather Ball|p1b: Weezing
|-damage|p1b: Weezing|15/100
|move|p1b: Weezing|Sludge Bomb|p2b: Politoed
|-supereffective|p2b: Politoed
|-damage|p2b: Politoed|39/100
|
|-weather|RainDance|[upkeep]
|-heal|p2b: Politoed|45/100|[from] item: Leftovers
|upkeep
|turn|16
|inactive|MrGreen3432 has 30 seconds left this turn.
|
|t:|1756507838
|move|p2b: Politoed|Weather Ball|p1b: Weezing
|-damage|p1b: Weezing|0 fnt
|faint|p1b: Weezing
|-end|p1b: Weezing|ability: Neutralizing Gas
|
|win|MrGreen3432
||HumanPlaysVGC is ready for game 2.
||MrGreen3432 is ready for game 2.
|uhtml|next|Next: Game 2 of 3
|l|☆MrGreen3432
|player|p2|
