|j|☆Martin201004
|j|☆evilmayheem
|html|Martin201004evilmayheem    
|uhtml|bestof|Game 1 of a best-of-3
|t:|1782466095
|gametype|doubles
|player|p1|Martin201004|brycenman|1095
|player|p2|evilmayheem|crasherwake|1186
|gen|9
|tier|[Gen 9 Champions] VGC 2026 Reg M-B (Bo3)
|rated|
|rule|Species Clause: Limit one of each Pokémon
|rule|Item Clause: Limit 1 of each item
|clearpoke
|poke|p1|Scrafty, L50, M|
|poke|p1|Gholdengo, L50|
|poke|p1|Slowking-Galar, L50, M|
|poke|p1|Scovillain, L50, F|
|poke|p1|Primarina, L50, F|
|poke|p1|Garganacl, L50, F|
|poke|p2|Gengar, L50, F|
|poke|p2|Tyranitar, L50, M|
|poke|p2|Incineroar, L50, M|
|poke|p2|Sinistcha, L50|
|poke|p2|Garchomp, L50, F|
|poke|p2|Corviknight, L50, F|
|teampreview|4
|showteam|p1|Scrafty||Scraftinite|Intimidate|DragonDance,DrainPunch,FakeOut,KnockOff|Adamant||M|||50|]Gholdengo||ChoiceScarf|GoodasGold|FlashCannon,DazzlingGleam,ShadowBall,PowerGem|Modest|||||50|]Slowking-Galar||SitrusBerry|Regenerator|SlackOff,Protect,EerieSpell,SludgeBomb|Bold||M|||50|]Scovillain||Scovillainite|Moody|Protect,Overheat,LeechSeed,GigaDrain|Calm||F|||50|]Primarina||LifeOrb|LiquidVoice|HyperVoice,Protect,IceBeam,Moonblast|Modest||F|||50|]Garganacl||Leftovers|PurifyingSalt|BodyPress,SaltCure,Protect,WideGuard|Impish||F|||50|
|showteam|p2|Gengar||Gengarite|CursedBody|ShadowBall,PerishSong,Protect,Disable|Timid||F|||50|]Tyranitar||Tyranitarite|SandStream|RockSlide,DragonDance,Protect,KnockOff|Adamant||M|||50|]Incineroar||ChopleBerry|Intimidate|Protect,PartingShot,FakeOut,FlareBlitz|Careful||M|||50|]Sinistcha||SitrusBerry|Hospitality|MatchaGotcha,LifeDew,RagePowder,Protect|Bold|||||50|]Garchomp||LifeOrb|RoughSkin|DragonClaw,RockSlide,Earthquake,Protect|Adamant||F|||50|]Corviknight||Leftovers|Pressure|BraveBird,IronHead,Tailwind,Protect|Adamant||F|||50|
|
|t:|1782466162
|teamsize|p1|4
|teamsize|p2|4
|start
|switch|p1a: Gholdengo|Gholdengo, L50|100/100
|switch|p1b: Garganacl|Garganacl, L50, F|100/100
|switch|p2a: Tyranitar|Tyranitar, L50, M|100/100
|switch|p2b: Corviknight|Corviknight, L50, F|100/100
|-weather|Sandstorm|[from] ability: Sand Stream|[of] p2a: Tyranitar
|-ability|p2b: Corviknight|Pressure
|turn|1
|
|t:|1782466176
|detailschange|p2a: Tyranitar|Tyranitar-Mega, L50, M
|-mega|p2a: Tyranitar|Tyranitar|Tyranitarite
|move|p1a: Gholdengo|Flash Cannon|p2a: Tyranitar
|-supereffective|p2a: Tyranitar|1
|-damage|p2a: Tyranitar|52/100
|move|p2a: Tyranitar|Dragon Dance|p2a: Tyranitar
|-boost|p2a: Tyranitar|atk|1
|-boost|p2a: Tyranitar|spe|1
|move|p2b: Corviknight|Iron Head|p1b: Garganacl
|-supereffective|p1b: Garganacl|1
|-damage|p1b: Garganacl|64/100
|move|p1b: Garganacl|Salt Cure|p2b: Corviknight
|-damage|p2b: Corviknight|86/100
|-start|p2b: Corviknight|Salt Cure
|
|-weather|Sandstorm|[upkeep]
|-heal|p2b: Corviknight|92/100|[from] item: Leftovers
|-heal|p1b: Garganacl|70/100|[from] item: Leftovers
|-damage|p2b: Corviknight|80/100|[from] Salt Cure
|upkeep
|turn|2
|
|t:|1782466196
|switch|p1a: Scovillain|Scovillain, L50, F|100/100
|move|p2a: Tyranitar|Protect|p2a: Tyranitar
|-singleturn|p2a: Tyranitar|Protect
|move|p2b: Corviknight|Tailwind|p2b: Corviknight
|-sidestart|p2: evilmayheem|move: Tailwind
|move|p1b: Garganacl|Body Press|p2a: Tyranitar
|-activate|p2a: Tyranitar|move: Protect
|
|-weather|Sandstorm|[upkeep]
|-damage|p1a: Scovillain|94/100|[from] Sandstorm
|-heal|p2b: Corviknight|86/100|[from] item: Leftovers
|-heal|p1b: Garganacl|75/100|[from] item: Leftovers
|-damage|p2b: Corviknight|74/100|[from] Salt Cure
|-ability|p1a: Scovillain|Moody|boost
|-boost|p1a: Scovillain|spa|2
|-unboost|p1a: Scovillain|def|1
|upkeep
|turn|3
|
|t:|1782466212
|detailschange|p1a: Scovillain|Scovillain-Mega, L50, F
|-mega|p1a: Scovillain|Scovillain|Scovillainite
|move|p1a: Scovillain|Protect|p1a: Scovillain
|-singleturn|p1a: Scovillain|Protect
|move|p2a: Tyranitar|Rock Slide|p1a: Scovillain|[spread] p1b
|-activate|p1a: Scovillain|move: Protect
|-damage|p1b: Garganacl|47/100
|move|p2b: Corviknight|Iron Head|p1b: Garganacl
|-supereffective|p1b: Garganacl|1
|-crit|p1b: Garganacl
|-damage|p1b: Garganacl|0 fnt
|faint|p1b: Garganacl
|
|-weather|Sandstorm|[upkeep]
|-damage|p1a: Scovillain|88/100|[from] Sandstorm
|-heal|p2b: Corviknight|80/100|[from] item: Leftovers
|-damage|p2b: Corviknight|67/100|[from] Salt Cure
|upkeep
|
|t:|1782466228
|switch|p1b: Gholdengo|Gholdengo, L50|100/100
|turn|4
|
|t:|1782466238
|switch|p2b: Incineroar|Incineroar, L50, M|100/100
|-ability|p2b: Incineroar|Intimidate|boost
|-unboost|p1a: Scovillain|atk|1
|-unboost|p1b: Gholdengo|atk|1
|switch|p1a: Slowking|Slowking-Galar, L50, M|100/100
|move|p2a: Tyranitar|Protect|p2a: Tyranitar
|-singleturn|p2a: Tyranitar|Protect
|move|p1b: Gholdengo|Flash Cannon|p2a: Tyranitar
|-activate|p2a: Tyranitar|move: Protect
|
|-weather|Sandstorm|[upkeep]
|-damage|p2b: Incineroar|94/100|[from] Sandstorm
|-damage|p1a: Slowking|94/100|[from] Sandstorm
|upkeep
|turn|5
|
|t:|1782466260
|move|p2a: Tyranitar|Knock Off|p1b: Gholdengo
|-supereffective|p1b: Gholdengo|1
|-damage|p1b: Gholdengo|0 fnt
|-enditem|p1b: Gholdengo|Choice Scarf|[from] move: Knock Off|[of] p2a: Tyranitar
|faint|p1b: Gholdengo
|move|p2b: Incineroar|Flare Blitz|p1a: Slowking
|-damage|p1a: Slowking|57/100
|-damage|p2b: Incineroar|82/100|[from] Recoil
|move|p1a: Slowking|Sludge Bomb|p2b: Incineroar
|-damage|p2b: Incineroar|56/100
|-status|p2b: Incineroar|psn
|
|-weather|none
|-damage|p2b: Incineroar|44/100 psn|[from] psn
|-sideend|p2: evilmayheem|move: Tailwind
|upkeep
|
|t:|1782466264
|switch|p1b: Scovillain|Scovillain-Mega, L50, F|88/100
|turn|6
|
|t:|1782466285
|move|p2a: Tyranitar|Rock Slide|p1b: Scovillain|[spread] 
|-miss|p2a: Tyranitar|p1a: Slowking
|-miss|p2a: Tyranitar|p1b: Scovillain
|move|p1b: Scovillain|Giga Drain|p2a: Tyranitar
|-supereffective|p2a: Tyranitar|1
|-damage|p2a: Tyranitar|0 fnt
|-heal|p1b: Scovillain|100/100|[from] drain|[of] p2a: Tyranitar
|faint|p2a: Tyranitar
|move|p2b: Incineroar|Flare Blitz|p1a: Slowking
|-damage|p1a: Slowking|23/100
|-enditem|p1a: Slowking|Sitrus Berry|[eat]
|-heal|p1a: Slowking|48/100|[from] item: Sitrus Berry
|-damage|p2b: Incineroar|32/100 psn|[from] Recoil
|move|p1a: Slowking|Sludge Bomb|p2b: Incineroar
|-damage|p2b: Incineroar|6/100 psn
|
|-damage|p2b: Incineroar|0 fnt|[from] psn
|faint|p2b: Incineroar
|upkeep
|
|t:|1782466290
|switch|p2a: Corviknight|Corviknight, L50, F|67/100
|switch|p2b: Garchomp|Garchomp, L50, F|100/100
|-ability|p2a: Corviknight|Pressure
|turn|7
|
|t:|1782466298
|move|p2b: Garchomp|Protect|p2b: Garchomp
|-singleturn|p2b: Garchomp|Protect
|move|p1b: Scovillain|Overheat|p2a: Corviknight
|-supereffective|p2a: Corviknight|1
|-crit|p2a: Corviknight
|-damage|p2a: Corviknight|0 fnt
|-unboost|p1b: Scovillain|spa|2
|faint|p2a: Corviknight
|move|p1a: Slowking|Slack Off|p1a: Slowking
|-heal|p1a: Slowking|98/100
|
|upkeep
|turn|8
|
|t:|1782466308
|move|p2b: Garchomp|Earthquake|p1a: Slowking|[spread] p1a,p1b
|-supereffective|p1a: Slowking|1
|-damage|p1a: Slowking|20/100y
|-damage|p1b: Scovillain|36/100
|-status|p2b: Garchomp|brn|[from] ability: Spicy Spray|[of] p1b: Scovillain
|-damage|p2b: Garchomp|90/100 brn|[from] item: Life Orb
|move|p1b: Scovillain|Leech Seed|p2b: Garchomp|[miss]
|-miss|p1b: Scovillain|p2b: Garchomp
|move|p1a: Slowking|Sludge Bomb|p2b: Garchomp
|-resisted|p2b: Garchomp|1
|-damage|p2b: Garchomp|76/100 brn
|
|-damage|p2b: Garchomp|70/100 brn|[from] brn
|upkeep
|turn|9
|c|☆evilmayheem|double rock miss
|
|t:|1782466322
|move|p1b: Scovillain|Protect|p1b: Scovillain
|-singleturn|p1b: Scovillain|Protect
|move|p1a: Slowking|Protect|p1a: Slowking
|-singleturn|p1a: Slowking|Protect
|move|p2b: Garchomp|Earthquake|p1b: Scovillain|[spread] 
|-activate|p1a: Slowking|move: Protect
|-activate|p1b: Scovillain|move: Protect
|
|-damage|p2b: Garchomp|64/100 brn|[from] brn
|upkeep
|turn|10
|
|t:|1782466339
|move|p2b: Garchomp|Earthquake|p1a: Slowking|[spread] p1a,p1b
|-supereffective|p1a: Slowking|1
|-damage|p1a: Slowking|0 fnt
|-damage|p1b: Scovillain|8/100
|faint|p1a: Slowking
|-damage|p2b: Garchomp|54/100 brn|[from] item: Life Orb
|move|p1b: Scovillain|Leech Seed|p2b: Garchomp
|-start|p2b: Garchomp|move: Leech Seed
|
|-damage|p2b: Garchomp|42/100 brn|[from] Leech Seed|[of] p1b: Scovillain
|-heal|p1b: Scovillain|23/100|[silent]
|-damage|p2b: Garchomp|36/100 brn|[from] brn
|upkeep
|turn|11
|
|t:|1782466348
|move|p1b: Scovillain|Protect|p1b: Scovillain
|-singleturn|p1b: Scovillain|Protect
|move|p2b: Garchomp|Earthquake|p1b: Scovillain
|-activate|p1b: Scovillain|move: Protect
|
|-damage|p2b: Garchomp|24/100 brn|[from] Leech Seed|[of] p1b: Scovillain
|-heal|p1b: Scovillain|38/100|[silent]
|-damage|p2b: Garchomp|18/100 brn|[from] brn
|upkeep
|turn|12
|
|t:|1782466356
|move|p2b: Garchomp|Earthquake|p1b: Scovillain
|-damage|p1b: Scovillain|0 fnt
|faint|p1b: Scovillain
|-damage|p2b: Garchomp|8/100 brn|[from] item: Life Orb
|
|win|evilmayheem
||evilmayheem is ready for game 2.
||Martin201004 is ready for game 2.
|uhtml|next|Next: Game 2 of 3
