|j|☆Traindelpivgc
|j|☆HyphyJavi
|html|TraindelpivgcHyphyJavi    
|uhtml|bestof|Game 3 of a best-of-3
|t:|1756481711
|gametype|doubles
|player|p1|Traindelpivgc|hilbert-wonderlauncher|1138
|player|p2|HyphyJavi|dancer|1264
|gen|9
|tier|[Gen 9] VGC 2025 Reg H (Bo3)
|rated|
|rule|Species Clause: Limit one of each Pokémon
|rule|Item Clause: Limit 1 of each item
|clearpoke
|poke|p1|Incineroar, L50, M|
|poke|p1|Amoonguss, L50, F|
|poke|p1|Ursaluna-Bloodmoon, L50, M|
|poke|p1|Sneasler, L50, F|
|poke|p1|Gholdengo, L50|
|poke|p1|Dragonite, L50, M|
|poke|p2|Hatterene, L50, F|
|poke|p2|Indeedee-F, L50, F|
|poke|p2|Torkoal, L50, M|
|poke|p2|Gallade, L50, M|
|poke|p2|Sneasler, L50, M|
|poke|p2|Farigiraf, L50, M|
|teampreview|4
|showteam|p1|Incineroar||SafetyGoggles|Intimidate|FlareBlitz,KnockOff,PartingShot,FakeOut|||M|||50|,,,,,Ghost]Amoonguss||SitrusBerry|Regenerator|Spore,RagePowder,PollenPuff,Protect|||F|||50|,,,,,Psychic]Ursaluna-Bloodmoon||AssaultVest|MindsEye|HyperVoice,BloodMoon,EarthPower,VacuumWave|||M|||50|,,,,,Water]Sneasler||FocusSash|Unburden|CloseCombat,DireClaw,ThroatChop,Protect|||F|||50|,,,,,Stellar]Gholdengo||LifeOrb|GoodasGold|MakeItRain,ShadowBall,NastyPlot,Protect||||||50|,,,,,Water]Dragonite||LoadedDice|Multiscale|ScaleShot,Tailwind,Haze,Protect|||M|||50|,,,,,Fairy
|showteam|p2|Hatterene||LifeOrb|MagicBounce|ExpandingForce,DazzlingGleam,Psychic,TrickRoom|||F|||50|,,,,,Psychic]Indeedee-F||SafetyGoggles|PsychicSurge|FollowMe,HelpingHand,Psychic,TrickRoom|||F|||50|,,,,,Steel]Torkoal||Charcoal|Drought|Eruption,HeatWave,SolarBeam,WeatherBall|||M|||50|,,,,,Fire]Gallade||ClearAmulet|Sharpness|SacredSword,NightSlash,WideGuard,TrickRoom|||M|||50|,,,,,Dark]Sneasler||PsychicSeed|Unburden|DireClaw,CloseCombat,ThroatChop,RockSlide|||M|||50|,,,,,Stellar]Farigiraf||ThroatSpray|ArmorTail|HyperVoice,HelpingHand,AllySwitch,TrickRoom|||M|||50|,,,,,Fairy
|c|☆HyphyJavi|glhf
|
|t:|1756481758
|teamsize|p1|4
|teamsize|p2|4
|start
|switch|p1a: Gholdengo|Gholdengo, L50|100/100
|switch|p1b: Incineroar|Incineroar, L50, M|100/100
|switch|p2a: Indeedee|Indeedee-F, L50, F|100/100
|switch|p2b: Gallade|Gallade, L50, M|100/100
|-ability|p1b: Incineroar|Intimidate|boost
|-unboost|p2a: Indeedee|atk|1
|-fail|p2b: Gallade|unboost|[from] item: Clear Amulet|[of] p2b: Gallade
|-fieldstart|move: Psychic Terrain|[from] ability: Psychic Surge|[of] p2a: Indeedee
|turn|1
|inactive|Battle timer is ON: inactive players will automatically lose when time's up. (requested by Traindelpivgc)
|inactive|Traindelpivgc has 60 seconds left.
|
|t:|1756481792
|-terastallize|p1a: Gholdengo|Water
|move|p2a: Indeedee|Follow Me|p2a: Indeedee
|-singleturn|p2a: Indeedee|move: Follow Me
|move|p1a: Gholdengo|Shadow Ball|p2a: Indeedee
|-immune|p2a: Indeedee
|move|p1b: Incineroar|Knock Off|p2a: Indeedee
|-supereffective|p2a: Indeedee
|-damage|p2a: Indeedee|19/100
|-enditem|p2a: Indeedee|Safety Goggles|[from] move: Knock Off|[of] p1b: Incineroar
|move|p2b: Gallade|Trick Room|p2b: Gallade
|-fieldstart|move: Trick Room|[of] p2b: Gallade
|
|upkeep
|turn|2
|inactive|Traindelpivgc has 30 seconds left.
|
|t:|1756481818
|-terastallize|p2b: Gallade|Dark
|move|p2a: Indeedee|Helping Hand|p2b: Gallade
|-singleturn|p2b: Gallade|Helping Hand|[of] p2a: Indeedee
|move|p1a: Gholdengo|Protect|p1a: Gholdengo
|-singleturn|p1a: Gholdengo|Protect
|move|p2b: Gallade|Sacred Sword|p1b: Incineroar
|-supereffective|p1b: Incineroar
|-damage|p1b: Incineroar|0 fnt
|faint|p1b: Incineroar
|
|upkeep
|
|t:|1756481832
|switch|p1b: Ursaluna|Ursaluna-Bloodmoon, L50, M|100/100
|turn|3
|inactive|Traindelpivgc has 30 seconds left.
|
|t:|1756481863
|switch|p1a: Sneasler|Sneasler, L50, F|100/100
|move|p2a: Indeedee|Helping Hand|p2b: Gallade
|-singleturn|p2b: Gallade|Helping Hand|[of] p2a: Indeedee
|move|p2b: Gallade|Sacred Sword|p1b: Ursaluna
|-supereffective|p1b: Ursaluna
|-damage|p1b: Ursaluna|0 fnt
|faint|p1b: Ursaluna
|
|upkeep
|
|t:|1756481871
|switch|p1b: Gholdengo|Gholdengo, L50, tera:Water|100/100
|turn|4
|
|t:|1756481892
|switch|p2a: Hatterene|Hatterene, L50, F|100/100
|move|p1b: Gholdengo|Protect|p1b: Gholdengo
|-singleturn|p1b: Gholdengo|Protect
|move|p2b: Gallade|Sacred Sword|p1b: Gholdengo
|-activate|p1b: Gholdengo|move: Protect
|move|p1a: Sneasler|Dire Claw|p2b: Gallade
|-damage|p2b: Gallade|44/100
|-status|p2b: Gallade|par
|
|upkeep
|turn|5
|
|t:|1756481913
|move|p1a: Sneasler|Protect|p1a: Sneasler
|-singleturn|p1a: Sneasler|Protect
|move|p2a: Hatterene|Expanding Force|p1a: Sneasler|[spread] p1b
|-activate|p1a: Sneasler|move: Protect
|-damage|p1b: Gholdengo|3/100
|-damage|p2a: Hatterene|91/100|[from] item: Life Orb
|move|p2b: Gallade|Sacred Sword|p1b: Gholdengo
|-damage|p1b: Gholdengo|0 fnt
|faint|p1b: Gholdengo
|
|-fieldend|move: Trick Room
|-fieldend|move: Psychic Terrain
|upkeep
|turn|6
|inactive|Traindelpivgc has 30 seconds left.
|
|t:|1756481941
|move|p1a: Sneasler|Dire Claw|p2a: Hatterene
|-supereffective|p2a: Hatterene
|-damage|p2a: Hatterene|0 fnt
|faint|p2a: Hatterene
|move|p2b: Gallade|Sacred Sword|p1a: Sneasler
|-resisted|p1a: Sneasler
|-damage|p1a: Sneasler|32/100
|
|upkeep
|
|t:|1756481949
|switch|p2a: Indeedee|Indeedee-F, L50, F|19/100
|-fieldstart|move: Psychic Terrain|[from] ability: Psychic Surge|[of] p2a: Indeedee
|turn|7
|
|t:|1756481958
|move|p1a: Sneasler|Dire Claw|p2a: Indeedee
|-damage|p2a: Indeedee|0 fnt
|faint|p2a: Indeedee
|cant|p2b: Gallade|par
|
|upkeep
|
|t:|1756481964
|switch|p2a: Torkoal|Torkoal, L50, M, shiny|100/100
|-weather|SunnyDay|[from] ability: Drought|[of] p2a: Torkoal
|turn|8
|
|t:|1756481970
|move|p1a: Sneasler|Close Combat|p2a: Torkoal
|-damage|p2a: Torkoal|54/100
|-unboost|p1a: Sneasler|def|1
|-unboost|p1a: Sneasler|spd|1
|move|p2b: Gallade|Sacred Sword|p1a: Sneasler
|-resisted|p1a: Sneasler
|-damage|p1a: Sneasler|0 fnt
|faint|p1a: Sneasler
|
|win|HyphyJavi
|raw|Traindelpivgc's rating: 1138 → 1122(-16 for losing)
|raw|HyphyJavi's rating: 1264 → 1280(+16 for winning)
|c|☆Traindelpivgc|gg
|c|☆HyphyJavi|gg
|l|☆HyphyJavi
|player|p2|
