|j|☆AquamarineVGC
|j|☆toxalicious
|html|AquamarineVGCtoxalicious    
|uhtml|bestof|Game 1 of a best-of-3
|t:|1784696814
|gametype|doubles
|player|p1|AquamarineVGC|unknown|1219
|player|p2|toxalicious|clown|1257
|gen|9
|tier|[Gen 9 Champions] VGC 2026 Reg M-B (Bo3)
|rated|
|rule|Species Clause: Limit one of each Pokémon
|rule|Item Clause: Limit 1 of each item
|clearpoke
|poke|p1|Pelipper, L50, M|
|poke|p1|Archaludon, L50, M|
|poke|p1|Staraptor, L50, M|
|poke|p1|Glimmora, L50, F|
|poke|p1|Clefable, L50, F|
|poke|p1|Grimmsnarl, L50, M|
|poke|p2|Tyranitar, L50, F|
|poke|p2|Floette-Eternal, L50, F|
|poke|p2|Sinistcha, L50|
|poke|p2|Incineroar, L50, F|
|poke|p2|Maushold, L50|
|poke|p2|Gholdengo, L50|
|teampreview|4
|showteam|p1|Pelipper||QuickClaw|Drizzle|Hurricane,WeatherBall,Tailwind,WideGuard|Modest||M|||50|]Archaludon||Leftovers|Stamina|FlashCannon,DragonPulse,ElectroShot,Protect|Modest||M|||50|]Staraptor||Staraptite|Intimidate|BraveBird,CloseCombat,Roost,Protect|Adamant||M|||50|]Glimmora||Glimmoranite|ToxicDebris|PowerGem,SludgeBomb,AcidSpray,SpikyShield|Timid||F|||50|]Clefable||SitrusBerry|Unaware|Moonblast,FollowMe,LifeDew,Protect|Bold||F|||50|]Grimmsnarl||LightClay|Prankster|FoulPlay,Reflect,LightScreen,PartingShot|Calm||M|||50|
|showteam|p2|Tyranitar||Tyranitarite|SandStream|Protect,RockSlide,KnockOff,DragonDance|Adamant||F|||50|]Floette-Eternal||Floettite|FlowerVeil|Protect,CalmMind,Moonblast,DazzlingGleam|Modest||F|||50|]Sinistcha||Leftovers|Hospitality|RagePowder,Protect,MatchaGotcha,TrickRoom|Bold|||||50|]Incineroar||SitrusBerry|Intimidate|FakeOut,PartingShot,FlareBlitz,ThroatChop|Impish||F|||50|]Maushold||WideLens|Technician|FollowMe,PopulationBomb,Protect,Taunt|Jolly|||||50|]Gholdengo||LifeOrb|GoodasGold|Protect,NastyPlot,ShadowBall,MakeItRain|Modest|||||50|
|c|☆AquamarineVGC|GLHF
|
|t:|1784696862
|teamsize|p1|4
|teamsize|p2|4
|start
|switch|p1a: Grimmsnarl|Grimmsnarl, L50, M|100/100
|switch|p1b: Glimmora|Glimmora, L50, F|100/100
|switch|p2a: Sinistcha|Sinistcha, L50|100/100
|switch|p2b: Maushold|Maushold, L50|100/100
|turn|1
|
|t:|1784696901
|switch|p1a: Archaludon|Archaludon, L50, M|100/100
|move|p1b: Glimmora|Spiky Shield|p1b: Glimmora
|-singleturn|p1b: Glimmora|move: Protect
|move|p2a: Sinistcha|Protect|p2a: Sinistcha
|-singleturn|p2a: Sinistcha|Protect
|move|p2b: Maushold|Taunt|p1a: Archaludon
|-start|p1a: Archaludon|move: Taunt
|
|upkeep
|turn|2
|
|t:|1784696951
|switch|p2a: Gholdengo|Gholdengo, L50|100/100
|move|p2b: Maushold|Follow Me|p2b: Maushold
|-singleturn|p2b: Maushold|move: Follow Me
|move|p1b: Glimmora|Acid Spray|p2b: Maushold
|-damage|p2b: Maushold|70/100
|-unboost|p2b: Maushold|spd|2
|move|p1a: Archaludon|Electro Shot||[still]
|-prepare|p1a: Archaludon|Electro Shot
|-boost|p1a: Archaludon|spa|1
|
|upkeep
|turn|3
|
|t:|1784696974
|move|p1b: Glimmora|Spiky Shield|p1b: Glimmora
|-singleturn|p1b: Glimmora|move: Protect
|move|p2b: Maushold|Follow Me|p2b: Maushold
|-singleturn|p2b: Maushold|move: Follow Me
|move|p2a: Gholdengo|Nasty Plot|p2a: Gholdengo
|-boost|p2a: Gholdengo|spa|2
|move|p1a: Archaludon|Electro Shot|p2b: Maushold|[from] lockedmove
|-damage|p2b: Maushold|0 fnt
|faint|p2b: Maushold
|
|-end|p1a: Archaludon|move: Taunt
|upkeep
|
|t:|1784696989
|switch|p2b: Incineroar|Incineroar, L50, F|100/100
|-ability|p2b: Incineroar|Intimidate|boost
|-unboost|p1a: Archaludon|atk|1
|-unboost|p1b: Glimmora|atk|1
|turn|4
|
|t:|1784697011
|switch|p2b: Sinistcha|Sinistcha, L50|100/100
|detailschange|p1b: Glimmora|Glimmora-Mega, L50, F
|-mega|p1b: Glimmora|Glimmora|Glimmoranite
|move|p1a: Archaludon|Protect|p1a: Archaludon
|-singleturn|p1a: Archaludon|Protect
|move|p1b: Glimmora|Power Gem|p2b: Sinistcha
|-damage|p2b: Sinistcha|39/100
|move|p2a: Gholdengo|Shadow Ball|p1a: Archaludon
|-activate|p1a: Archaludon|move: Protect
|
|-heal|p2b: Sinistcha|45/100|[from] item: Leftovers
|upkeep
|turn|5
|
|t:|1784697043
|switch|p1a: Grimmsnarl|Grimmsnarl, L50, M|100/100
|move|p2b: Sinistcha|Protect|p2b: Sinistcha
|-singleturn|p2b: Sinistcha|Protect
|move|p1b: Glimmora|Sludge Bomb|p2b: Sinistcha
|-activate|p2b: Sinistcha|move: Protect
|move|p2a: Gholdengo|Shadow Ball|p1a: Grimmsnarl
|-resisted|p1a: Grimmsnarl|1
|-damage|p1a: Grimmsnarl|50/100y
|-damage|p2a: Gholdengo|90/100|[from] item: Life Orb
|
|-heal|p2b: Sinistcha|51/100|[from] item: Leftovers
|upkeep
|turn|6
|
|t:|1784697069
|switch|p2b: Incineroar|Incineroar, L50, F|100/100
|-ability|p2b: Incineroar|Intimidate|boost
|-unboost|p1a: Grimmsnarl|atk|1
|-unboost|p1b: Glimmora|atk|1
|move|p1a: Grimmsnarl|Light Screen|p1a: Grimmsnarl
|-sidestart|p1: AquamarineVGC|move: Light Screen
|move|p1b: Glimmora|Power Gem|p2b: Incineroar
|-supereffective|p2b: Incineroar|1
|-damage|p2b: Incineroar|0 fnt
|faint|p2b: Incineroar
|move|p2a: Gholdengo|Nasty Plot|p2a: Gholdengo
|-boost|p2a: Gholdengo|spa|2
|
|upkeep
|
|t:|1784697077
|switch|p2b: Sinistcha|Sinistcha, L50|51/100
|-heal|p2a: Gholdengo|100/100|[from] ability: Hospitality|[of] p2b: Sinistcha
|turn|7
|
|t:|1784697088
|move|p1b: Glimmora|Spiky Shield|p1b: Glimmora
|-singleturn|p1b: Glimmora|move: Protect
|move|p2b: Sinistcha|Rage Powder|p2b: Sinistcha
|-singleturn|p2b: Sinistcha|move: Rage Powder
|move|p1a: Grimmsnarl|Parting Shot|p2b: Sinistcha
|-unboost|p2b: Sinistcha|atk|1
|-unboost|p2b: Sinistcha|spa|1
|
|t:|1784697096
|switch|p1a: Pelipper|Pelipper, L50, M|100/100|[from] Parting Shot
|-weather|RainDance|[from] ability: Drizzle|[of] p1a: Pelipper
|move|p2a: Gholdengo|Make It Rain|p1b: Glimmora|[spread] p1a
|-activate|p1b: Glimmora|move: Protect
|-resisted|p1a: Pelipper|1
|-damage|p1a: Pelipper|8/100
|-unboost|p2a: Gholdengo|spa|2
|-damage|p2a: Gholdengo|90/100|[from] item: Life Orb
|
|-weather|RainDance|[upkeep]
|-heal|p2b: Sinistcha|57/100|[from] item: Leftovers
|upkeep
|turn|8
|
|t:|1784697124
|move|p2b: Sinistcha|Rage Powder|p2b: Sinistcha
|-singleturn|p2b: Sinistcha|move: Rage Powder
|move|p1b: Glimmora|Sludge Bomb|p2b: Sinistcha
|-damage|p2b: Sinistcha|0 fnt
|faint|p2b: Sinistcha
|move|p2a: Gholdengo|Make It Rain|p1a: Pelipper|[spread] p1a,p1b
|-resisted|p1a: Pelipper|1
|-supereffective|p1b: Glimmora|1
|-damage|p1a: Pelipper|0 fnt
|-damage|p1b: Glimmora|0 fnt
|-unboost|p2a: Gholdengo|spa|2
|faint|p1a: Pelipper
|faint|p1b: Glimmora
|-damage|p2a: Gholdengo|80/100|[from] item: Life Orb
|
|-weather|RainDance|[upkeep]
|upkeep
|
|t:|1784697134
|switch|p1b: Archaludon|Archaludon, L50, M|100/100
|switch|p1a: Grimmsnarl|Grimmsnarl, L50, M|50/100y
|turn|9
|
|t:|1784697145
|move|p2a: Gholdengo|Shadow Ball|p1b: Archaludon
|-damage|p1b: Archaludon|47/100
|-ability|p1b: Archaludon|Stamina|boost
|-boost|p1b: Archaludon|def|1
|-damage|p2a: Gholdengo|70/100|[from] item: Life Orb
|move|p1b: Archaludon|Electro Shot||[still]
|-prepare|p1b: Archaludon|Electro Shot
|-boost|p1b: Archaludon|spa|1
|-anim|p1b: Archaludon|Electro Shot|p2a: Gholdengo
|-damage|p2a: Gholdengo|0 fnt
|faint|p2a: Gholdengo
|
|win|AquamarineVGC
|inactive|AquamarineVGC has 30 seconds to confirm battle start!
|inactive|toxalicious has 30 seconds to confirm battle start!
||AquamarineVGC is ready for game 2.
||toxalicious is ready for game 2.
|uhtml|next|Next: Game 2 of 3
|n|☆toxalicious|toxalicious
