|j|☆drakondude2
|j|☆is_katabo
|html|drakondude2is_katabo    
|uhtml|bestof|Game 2 of a best-of-3
|t:|1754869673
|gametype|doubles
|player|p1|drakondude2|102|1279
|player|p2|is_katabo|caitlin|1199
|gen|9
|tier|[Gen 9] VGC 2025 Reg H (Bo3)
|rated|
|rule|Species Clause: Limit one of each Pokémon
|rule|Item Clause: Limit 1 of each item
|clearpoke
|poke|p1|Typhlosion-Hisui, L50, F|
|poke|p1|Garchomp, L50, F|
|poke|p1|Weezing-Galar, L50, F|
|poke|p1|Talonflame, L50, M|
|poke|p1|Annihilape, L50, M|
|poke|p1|Archaludon, L50, F|
|poke|p2|Incineroar, L50, F|
|poke|p2|Sneasler, L50, M|
|poke|p2|Porygon2, L50|
|poke|p2|Amoonguss, L50, M|
|poke|p2|Pelipper, L50, F|
|poke|p2|Archaludon, L50, M|
|teampreview|4
|showteam|p1|Typhlosion-Hisui||ChoiceSpecs|Blaze|Eruption,ShadowBall,HeatWave,Overheat|||F|||50|,,,,,Fire]Garchomp||LifeOrb|RoughSkin|DragonClaw,Earthquake,StompingTantrum,Protect|||F|||50|,,,,,Ground]Weezing-Galar||FocusSash|NeutralizingGas|Protect,SludgeBomb,Taunt,StrangeSteam|||F|||50|,,,,,Flying]Talonflame||CovertCloak|GaleWings|Tailwind,DualWingbeat,SunnyDay,FlareBlitz|||M|||50|,,,,,Stellar]Annihilape||AssaultVest|Defiant|CloseCombat,RageFist,FinalGambit,IcePunch|||M|||50|,,,,,Grass]Archaludon||PowerHerb|Sturdy|ElectroShot,Thunderbolt,DragonPulse,Protect|||F|||50|,,,,,Electric
|showteam|p2|Incineroar||SafetyGoggles|Intimidate|FakeOut,KnockOff,FlareBlitz,PartingShot|||F|||50|,,,,,Ghost]Sneasler||WhiteHerb|Unburden|FakeOut,DireClaw,CloseCombat,Protect|||M|||50|,,,,,Stellar]Porygon2||Eviolite|Download|TeraBlast,IceBeam,Recover,TrickRoom||||||50|,,,,,Fighting]Amoonguss||SitrusBerry|Regenerator|PollenPuff,RagePowder,Spore,Protect|||M|||50|,,,,,Water]Pelipper||FocusSash|Drizzle|MuddyWater,Hurricane,Tailwind,Protect|||F|||50|,,,,,Ghost]Archaludon||AssaultVest|Stamina|ElectroShot,FlashCannon,DracoMeteor,BodyPress|||M|||50|,,,,,Bug
|
|t:|1754869769
|teamsize|p1|4
|teamsize|p2|4
|start
|switch|p1a: Talonflame|Talonflame, L50, M|100/100
|switch|p1b: Annihilape|Annihilape, L50, M|100/100
|switch|p2a: claws|Sneasler, L50, M|100/100
|switch|p2b: HOT 2 GO!|Porygon2, L50|100/100
|-ability|p2b: HOT 2 GO!|Download|boost
|-boost|p2b: HOT 2 GO!|atk|1
|turn|1
|
|t:|1754869807
|switch|p2a: Yeah Right|Archaludon, L50, M|100/100
|move|p1a: Talonflame|Tailwind|p1a: Talonflame
|-sidestart|p1: drakondude2|move: Tailwind
|move|p1b: Annihilape|Final Gambit|p2b: HOT 2 GO!
|-damage|p2b: HOT 2 GO!|0 fnt
|faint|p1b: Annihilape
|faint|p2b: HOT 2 GO!
|
|upkeep
|
|t:|1754869841
|switch|p1b: Archaludon|Archaludon, L50, F|100/100
|switch|p2b: claws|Sneasler, L50, M|100/100
|turn|2
|
|t:|1754869869
|switch|p1a: Weezing|Weezing-Galar, L50, F|100/100
|-ability|p1a: Weezing|Neutralizing Gas
|move|p1b: Archaludon|Protect|p1b: Archaludon
|-singleturn|p1b: Archaludon|Protect
|move|p2b: claws|Fake Out|p1b: Archaludon
|-activate|p1b: Archaludon|move: Protect
|move|p2a: Yeah Right|Draco Meteor|p1a: Weezing
|-immune|p1a: Weezing
|
|upkeep
|turn|3
|
|t:|1754869905
|-terastallize|p1b: Archaludon|Electric
|move|p2b: claws|Protect|p2b: claws
|-singleturn|p2b: claws|Protect
|move|p1b: Archaludon|Electro Shot||[still]
|-prepare|p1b: Archaludon|Electro Shot
|-boost|p1b: Archaludon|spa|1
|-enditem|p1b: Archaludon|Power Herb
|-anim|p1b: Archaludon|Electro Shot|p2b: claws
|-activate|p2b: claws|move: Protect
|move|p1a: Weezing|Strange Steam|p2a: Yeah Right
|-damage|p2a: Yeah Right|72/100
|move|p2a: Yeah Right|Body Press|p1b: Archaludon
|-damage|p1b: Archaludon|79/100
|
|upkeep
|turn|4
|
|t:|1754869941
|-terastallize|p2b: claws|Stellar
|move|p1b: Archaludon|Thunderbolt|p2b: claws
|-damage|p2b: claws|9/100
|move|p1a: Weezing|Strange Steam|p2a: Yeah Right
|-damage|p2a: Yeah Right|47/100
|-start|p2a: Yeah Right|confusion
|move|p2b: claws|Close Combat|p1b: Archaludon
|-damage|p1b: Archaludon|0 fnt
|-unboost|p2b: claws|def|1
|-unboost|p2b: claws|spd|1
|faint|p1b: Archaludon
|-enditem|p2b: claws|White Herb
|-clearnegativeboost|p2b: claws|[silent]
|-activate|p2a: Yeah Right|confusion
|move|p2a: Yeah Right|Flash Cannon|p1a: Weezing
|-supereffective|p1a: Weezing
|-enditem|p1a: Weezing|Focus Sash
|-damage|p1a: Weezing|1/100
|
|-sideend|p1: drakondude2|move: Tailwind
|upkeep
|
|t:|1754869947
|switch|p1b: Talonflame|Talonflame, L50, M|100/100
|turn|5
|
|t:|1754869982
|switch|p2b: Birdbox|Pelipper, L50, F|100/100
|move|p1a: Weezing|Protect|p1a: Weezing
|-singleturn|p1a: Weezing|Protect
|move|p1b: Talonflame|Dual Wingbeat|p2b: Birdbox
|-damage|p2b: Birdbox|80/100
|-damage|p2b: Birdbox|60/100
|-hitcount|p2b: Birdbox|2
|-activate|p2a: Yeah Right|confusion
|-damage|p2a: Yeah Right|41/100|[from] confusion
|
|upkeep
|turn|6
|
|t:|1754870018
|move|p1b: Talonflame|Tailwind|p1b: Talonflame
|-sidestart|p1: drakondude2|move: Tailwind
|move|p1a: Weezing|Sludge Bomb|p2b: Birdbox
|-damage|p2b: Birdbox|0 fnt
|faint|p2b: Birdbox
|-activate|p2a: Yeah Right|confusion
|move|p2a: Yeah Right|Draco Meteor|p1b: Talonflame
|-damage|p1b: Talonflame|10/100
|-unboost|p2a: Yeah Right|spa|2
|
|upkeep
|
|t:|1754870028
|switch|p2b: claws|Sneasler, L50, M, tera:Stellar|9/100
|turn|7
|
|t:|1754870052
|move|p2b: claws|Fake Out|p1b: Talonflame
|-damage|p1b: Talonflame|0 fnt
|faint|p1b: Talonflame
|move|p1a: Weezing|Strange Steam|p2a: Yeah Right
|-damage|p2a: Yeah Right|14/100
|-end|p2a: Yeah Right|confusion
|move|p2a: Yeah Right|Flash Cannon|p1a: Weezing
|-supereffective|p1a: Weezing
|-damage|p1a: Weezing|0 fnt
|faint|p1a: Weezing
|-end|p1a: Weezing|ability: Neutralizing Gas
|
|win|is_katabo
|raw|drakondude2's rating: 1279 → 1248(-31 for losing)
|raw|is_katabo's rating: 1199 → 1230(+31 for winning)
|l|☆drakondude2
|player|p1|
