|j|☆dogpeg
|j|☆Omaruco
|html|dogpegOmaruco    
|uhtml|bestof|Game 1 of a best-of-3
|t:|1785967661
|gametype|doubles
|player|p1|dogpeg|266|1268
|player|p2|Omaruco|arven-s|1239
|gen|9
|tier|[Gen 9 Champions] VGC 2026 Reg M-B (Bo3)
|rated|
|rule|Species Clause: Limit one of each Pokémon
|rule|Item Clause: Limit 1 of each item
|clearpoke
|poke|p1|Charizard, L50, M|
|poke|p1|Garchomp, L50, M|
|poke|p1|Kingambit, L50, M|
|poke|p1|Basculegion, L50, M|
|poke|p1|Whimsicott, L50, M|
|poke|p1|Incineroar, L50, M|
|poke|p2|Charizard, L50, M|
|poke|p2|Garchomp, L50, M|
|poke|p2|Incineroar, L50, M|
|poke|p2|Venusaur, L50, M|
|poke|p2|Raichu, L50, M|
|poke|p2|Sylveon, L50, M|
|teampreview|4
|showteam|p1|Charizard||CharizarditeY|Blaze|HeatWave,WeatherBall,SolarBeam,Protect|Modest||M|||50|]Garchomp||LifeOrb|RoughSkin|Earthquake,DragonClaw,RockSlide,Protect|Jolly||M|||50|]Kingambit||BlackGlasses|Defiant|SuckerPunch,IronHead,KowtowCleave,Protect|Adamant||M|||50|]Basculegion||ChoiceScarf|Adaptability|WaveCrash,LastRespects,AquaJet,FlipTurn|Jolly||M|||50|]Whimsicott||FocusSash|Prankster|Moonblast,Tailwind,Encore,Protect|Timid||M|||50|]Incineroar||SitrusBerry|Intimidate|FakeOut,FlareBlitz,ThroatChop,PartingShot|Careful||M|||50|
|showteam|p2|Charizard||CharizarditeY|Blaze|WeatherBall,HeatWave,HelpingHand,Protect|Modest||M|||50|]Garchomp||ChoiceScarf|RoughSkin|RockSlide,DragonClaw,Earthquake,StompingTantrum|Adamant||M|||50|]Incineroar||SitrusBerry|Intimidate|FlareBlitz,FakeOut,DarkestLariat,PartingShot|Impish||M|||50|]Venusaur||LifeOrb|Chlorophyll|SludgeBomb,LeafStorm,EarthPower,Protect|Modest||M|||50|]Raichu||RaichuniteY|LightningRod|Protect,ZapCannon,FakeOut,FocusBlast|Timid||M|||50|]Sylveon||FairyFeather|Pixilate|QuickAttack,Protect,HyperBeam,HyperVoice|Modest||M|||50|
|inactive|Battle timer is ON: inactive players will automatically lose when time's up. (requested by Omaruco)
|inactive|dogpeg has 60 seconds left.
|inactive|Omaruco has 60 seconds left.
|inactive|dogpeg has 30 seconds left.
|
|t:|1785967727
|teamsize|p1|4
|teamsize|p2|4
|start
|switch|p1a: Basculegion|Basculegion, L50, M|100/100
|switch|p1b: Whimsicott|Whimsicott, L50, M|100/100
|switch|p2a: Charizard|Charizard, L50, M|100/100
|switch|p2b: Venusaur|Venusaur, L50, M|100/100
|turn|1
|inactive|dogpeg has 30 seconds left.
|inactive|dogpeg has 20 seconds left.
|
|t:|1785967764
|switch|p1a: Charizard|Charizard, L50, M|100/100
|move|p1b: Whimsicott|Protect|p1b: Whimsicott
|-singleturn|p1b: Whimsicott|Protect
|move|p2a: Charizard|Protect|p2a: Charizard
|-singleturn|p2a: Charizard|Protect
|move|p2b: Venusaur|Sludge Bomb|p1b: Whimsicott
|-activate|p1b: Whimsicott|move: Protect
|
|upkeep
|turn|2
|inactive|Omaruco has 30 seconds left.
|
|t:|1785967790
|switch|p2b: Sylveon|Sylveon, L50, M|100/100
|detailschange|p2a: Charizard|Charizard-Mega-Y, L50, M
|-mega|p2a: Charizard|Charizard|Charizardite Y
|-weather|SunnyDay|[from] ability: Drought|[of] p2a: Charizard
|detailschange|p1a: Charizard|Charizard-Mega-Y, L50, M
|-mega|p1a: Charizard|Charizard|Charizardite Y
|move|p1b: Whimsicott|Encore|p2a: Charizard
|-start|p2a: Charizard|Encore
|move|p2a: Charizard|Protect|p2a: Charizard
|-singleturn|p2a: Charizard|Protect
|move|p1a: Charizard|Heat Wave|p2b: Sylveon|[spread] p2b
|-activate|p2a: Charizard|move: Protect
|-damage|p2b: Sylveon|55/100
|
|-weather|SunnyDay|[upkeep]
|upkeep
|turn|3
|
|t:|1785967808
|switch|p2a: Garchomp|Garchomp, L50, M|100/100
|move|p1b: Whimsicott|Moonblast|p2b: Sylveon
|-damage|p2b: Sylveon|27/100
|move|p1a: Charizard|Heat Wave|p2a: Garchomp|[spread] p2a,p2b
|-resisted|p2a: Garchomp|1
|-damage|p2a: Garchomp|65/100
|-damage|p2b: Sylveon|0 fnt
|faint|p2b: Sylveon
|
|-weather|SunnyDay|[upkeep]
|upkeep
|
|t:|1785967815
|switch|p2b: Venusaur|Venusaur, L50, M|100/100
|turn|4
|
|t:|1785967824
|move|p2b: Venusaur|Sludge Bomb|p1b: Whimsicott
|-supereffective|p1b: Whimsicott|2
|-enditem|p1b: Whimsicott|Focus Sash
|-damage|p1b: Whimsicott|1/100
|-status|p1b: Whimsicott|psn
|-damage|p2b: Venusaur|90/100|[from] item: Life Orb
|move|p2a: Garchomp|Rock Slide|p1b: Whimsicott|[spread] p1a,p1b
|-supereffective|p1a: Charizard|2
|-damage|p1a: Charizard|4/100
|-damage|p1b: Whimsicott|0 fnt
|faint|p1b: Whimsicott
|move|p1a: Charizard|Weather Ball|p2b: Venusaur
|-supereffective|p2b: Venusaur|1
|-damage|p2b: Venusaur|0 fnt
|faint|p2b: Venusaur
|
|-weather|SunnyDay|[upkeep]
|upkeep
|
|t:|1785967841
|switch|p1b: Garchomp|Garchomp, L50, M|100/100
|switch|p2b: Charizard|Charizard-Mega-Y, L50, M|100/100
|turn|5
|
|t:|1785967855
|move|p2a: Garchomp|Rock Slide|p1a: Charizard|[spread] p1a,p1b
|-supereffective|p1a: Charizard|2
|-resisted|p1b: Garchomp|1
|-damage|p1a: Charizard|0 fnt
|-damage|p1b: Garchomp|88/100
|faint|p1a: Charizard
|move|p1b: Garchomp|Dragon Claw|p2a: Garchomp
|-supereffective|p2a: Garchomp|1
|-damage|p2a: Garchomp|0 fnt
|-damage|p1b: Garchomp|76/100|[from] ability: Rough Skin|[of] p2a: Garchomp
|faint|p2a: Garchomp
|-damage|p1b: Garchomp|66/100|[from] item: Life Orb
|move|p2b: Charizard|Weather Ball|p1b: Garchomp
|-resisted|p1b: Garchomp|1
|-damage|p1b: Garchomp|14/100
|
|-weather|SunnyDay|[upkeep]
|upkeep
|
|t:|1785967861
|switch|p1a: Basculegion|Basculegion, L50, M|100/100
|turn|6
|-message|Omaruco forfeited.
|
|win|dogpeg
