|j|☆play w ur favs
|j|☆sogreenitslime
|html|play w ur favssogreenitslime    
|uhtml|bestof|Game 2 of a best-of-3
|t:|1782653032
|gametype|doubles
|player|p1|play w ur favs|cheryl|1183
|player|p2|sogreenitslime|pokemaniac|1108
|gen|9
|tier|[Gen 9 Champions] VGC 2026 Reg M-B (Bo3)
|rated|
|rule|Species Clause: Limit one of each Pokémon
|rule|Item Clause: Limit 1 of each item
|clearpoke
|poke|p1|Metagross, L50, shiny|
|poke|p1|Staraptor, L50, F|
|poke|p1|Tyranitar, L50, F|
|poke|p1|Excadrill, L50, F|
|poke|p1|Serperior, L50, F|
|poke|p1|Chandelure, L50, F|
|poke|p2|Aerodactyl, L50, M|
|poke|p2|Rotom-Wash, L50|
|poke|p2|Sceptile, L50, F|
|poke|p2|Kingambit, L50, M|
|poke|p2|Sneasler, L50, F|
|poke|p2|Incineroar, L50, M|
|teampreview|4
|showteam|p1|Metagross||Metagrossite|ClearBody|PsychicFangs,BulletPunch,MeteorMash,Protect|Jolly|||||50|]Staraptor||Staraptite|Intimidate|CloseCombat,BraveBird,Facade,Protect|Jolly||F|||50|]Tyranitar||ChopleBerry|SandStream|KnockOff,RockSlide,Taunt,Protect|Adamant||F|||50|]Excadrill||LifeOrb|SandRush|HighHorsepower,IronHead,Earthquake,Protect|Adamant||F|||50|]Serperior||MiracleSeed|Contrary|LeafStorm,ScaryFace,Protect,DragonPulse|Timid||F|||50|]Chandelure||ChoiceScarf|FlashFire|HeatWave,ShadowBall,EnergyBall,DarkPulse|Timid||F|||50|
|showteam|p2|Aerodactyl||Aerodactylite|Unnerve|Tailwind,RockSlide,DualWingbeat,Protect|Jolly||M|||50|]Rotom-Wash||ChoiceScarf|Levitate|VoltSwitch,Discharge,Electroweb,HydroPump|Timid|||||50|]Sceptile||Sceptilite|Overgrow|EnergyBall,EarthPower,DragonPulse,Protect|Timid||F|||50|]Kingambit||ChopleBerry|Defiant|KowtowCleave,SuckerPunch,IronHead,Protect|Adamant||M|||50|]Sneasler||WhiteHerb|Unburden|DireClaw,CloseCombat,FakeOut,Protect|Jolly||F|||50|]Incineroar||SitrusBerry|Intimidate|WillOWisp,FlareBlitz,PartingShot,FakeOut|Careful||M|||50|
|inactive|Battle timer is ON: inactive players will automatically lose when time's up. (requested by play w ur favs)
|inactive|play w ur favs has 60 seconds left.
|
|t:|1782653097
|teamsize|p1|4
|teamsize|p2|4
|start
|switch|p1a: Metagross|Metagross, L50, shiny|100/100
|switch|p1b: Serperior|Serperior, L50, F|100/100
|switch|p2a: Aerodactyl|Aerodactyl, L50, M|100/100
|switch|p2b: Incineroar|Incineroar, L50, M|100/100
|-ability|p2a: Aerodactyl|Unnerve
|-ability|p2b: Incineroar|Intimidate|boost
|-fail|p1a: Metagross|unboost|[from] ability: Clear Body|[of] p1a: Metagross
|-boost|p1b: Serperior|atk|1
|turn|1
|inactive|play w ur favs has 30 seconds left.
|inactive|sogreenitslime has 30 seconds left.
|inactive|play w ur favs has 20 seconds left.
|
|t:|1782653133
|detailschange|p1a: Metagross|Metagross-Mega, L50, shiny
|-mega|p1a: Metagross|Metagross|Metagrossite
|move|p2b: Incineroar|Fake Out|p1b: Serperior
|-crit|p1b: Serperior
|-damage|p1b: Serperior|79/100
|move|p1a: Metagross|Bullet Punch|p2a: Aerodactyl
|-supereffective|p2a: Aerodactyl|1
|-damage|p2a: Aerodactyl|10/100
|move|p2a: Aerodactyl|Dual Wingbeat|p1b: Serperior
|-supereffective|p1b: Serperior|1
|-damage|p1b: Serperior|28/100
|-supereffective|p1b: Serperior|1
|-damage|p1b: Serperior|0 fnt
|faint|p1b: Serperior
|-hitcount|p1: Serperior|2
|
|upkeep
|
|t:|1782653150
|switch|p1b: Tyranitar|Tyranitar, L50, F|100/100
|-weather|Sandstorm|[from] ability: Sand Stream|[of] p1b: Tyranitar
|turn|2
|
|t:|1782653166
|move|p1a: Metagross|Bullet Punch|p2a: Aerodactyl
|-supereffective|p2a: Aerodactyl|1
|-damage|p2a: Aerodactyl|0 fnt
|faint|p2a: Aerodactyl
|move|p1b: Tyranitar|Rock Slide|p2b: Incineroar|[miss]
|-miss|p1b: Tyranitar|p2b: Incineroar
|move|p2b: Incineroar|Will-O-Wisp|p1a: Metagross
|-status|p1a: Metagross|brn
|
|-weather|Sandstorm|[upkeep]
|-damage|p2b: Incineroar|94/100|[from] Sandstorm
|-damage|p1a: Metagross|94/100 brn|[from] brn
|upkeep
|
|t:|1782653180
|switch|p2a: Rotom|Rotom-Wash, L50|100/100
|turn|3
|
|t:|1782653197
|switch|p1a: Chandelure|Chandelure, L50, F|100/100
|move|p2a: Rotom|Hydro Pump|p1b: Tyranitar|[miss]
|-miss|p2a: Rotom|p1b: Tyranitar
|move|p1b: Tyranitar|Rock Slide|p2b: Incineroar|[spread] p2a,p2b
|-supereffective|p2b: Incineroar|1
|-damage|p2a: Rotom|57/100
|-damage|p2b: Incineroar|34/100
|-enditem|p2b: Incineroar|Sitrus Berry|[eat]
|-heal|p2b: Incineroar|59/100|[from] item: Sitrus Berry
|move|p2b: Incineroar|Will-O-Wisp|p1b: Tyranitar|[miss]
|-miss|p2b: Incineroar|p1b: Tyranitar
|
|-weather|Sandstorm|[upkeep]
|-damage|p2a: Rotom|51/100|[from] Sandstorm
|-damage|p1a: Chandelure|94/100|[from] Sandstorm
|-damage|p2b: Incineroar|53/100|[from] Sandstorm
|upkeep
|turn|4
|inactive|play w ur favs has 30 seconds left.
|inactive|play w ur favs has 20 seconds left.
|
|t:|1782653232
|move|p2a: Rotom|Hydro Pump|p1a: Chandelure
|-supereffective|p1a: Chandelure|1
|-damage|p1a: Chandelure|0 fnt
|faint|p1a: Chandelure
|move|p1b: Tyranitar|Rock Slide|p2b: Incineroar|[spread] p2a,p2b
|-supereffective|p2b: Incineroar|1
|-damage|p2a: Rotom|8/100
|-damage|p2b: Incineroar|0 fnt
|faint|p2b: Incineroar
|
|-weather|Sandstorm|[upkeep]
|-damage|p2a: Rotom|3/100|[from] Sandstorm
|upkeep
|
|t:|1782653242
|switch|p1a: Metagross|Metagross-Mega, L50, shiny|94/100 brn
|switch|p2b: Sceptile|Sceptile, L50, F|100/100
|turn|5
|
|t:|1782653251
|detailschange|p2b: Sceptile|Sceptile-Mega, L50, F
|-mega|p2b: Sceptile|Sceptile|Sceptilite
|move|p1a: Metagross|Bullet Punch|p2a: Rotom
|-resisted|p2a: Rotom|2
|-damage|p2a: Rotom|0 fnt
|faint|p2a: Rotom
|move|p2b: Sceptile|Earth Power|p1a: Metagross
|-supereffective|p1a: Metagross|1
|-damage|p1a: Metagross|16/100 brn
|move|p1b: Tyranitar|Knock Off|p2b: Sceptile
|-damage|p2b: Sceptile|42/100
|
|-weather|Sandstorm|[upkeep]
|-damage|p2b: Sceptile|36/100|[from] Sandstorm
|-damage|p1a: Metagross|10/100 brn|[from] brn
|upkeep
|turn|6
|
|t:|1782653265
|move|p1a: Metagross|Bullet Punch|p2b: Sceptile
|-damage|p2b: Sceptile|14/100
|move|p2b: Sceptile|Energy Ball|p1b: Tyranitar
|-supereffective|p1b: Tyranitar|1
|-damage|p1b: Tyranitar|38/100
|move|p1b: Tyranitar|Knock Off|p2b: Sceptile
|-damage|p2b: Sceptile|0 fnt
|faint|p2b: Sceptile
|
|win|play w ur favs
||sogreenitslime is ready for game 3.
||play w ur favs is ready for game 3.
|uhtml|next|Next: Game 3 of 3
