|j|☆forthememesvgc
|j|☆Moonlight Flutter
|html|forthememesvgcMoonlight Flutter    
|uhtml|bestof|Game 2 of a best-of-3
|t:|1782571315
|gametype|doubles
|player|p1|forthememesvgc|lady|
|player|p2|Moonlight Flutter|miku-flying|
|gen|9
|tier|[Gen 9 Champions] VGC 2026 Reg M-B (Bo3)
|rule|Species Clause: Limit one of each Pokémon
|rule|Item Clause: Limit 1 of each item
|clearpoke
|poke|p1|Staraptor, L50, M|
|poke|p1|Delphox, L50, M|
|poke|p1|Gholdengo, L50|
|poke|p1|Whimsicott, L50, M|
|poke|p1|Maushold-Four, L50|
|poke|p1|Garchomp, L50, M|
|poke|p2|Sinistcha, L50|
|poke|p2|Incineroar, L50, F|
|poke|p2|Milotic, L50, M|
|poke|p2|Raichu, L50, F|
|poke|p2|Ceruledge, L50, F|
|poke|p2|Mawile, L50, M, shiny|
|teampreview|4
|showteam|p1|Staraptor||Staraptite|Reckless|BraveBird,CloseCombat,Roost,Protect|Jolly||M|||50|]Delphox||Delphoxite|Blaze|HeatWave,Psychic,NastyPlot,Protect|Timid||M|||50|]Gholdengo||LifeOrb|GoodasGold|MakeItRain,ShadowBall,NastyPlot,Protect|Timid|||||50|]Whimsicott||FairyFeather|Prankster|Moonblast,Tailwind,Encore,Charm|Bold||M|||50|]Maushold-Four||ChopleBerry|FriendGuard|FollowMe,SuperFang,Charm,Protect|Timid|||||50|]Garchomp||ChoiceScarf|RoughSkin|DragonClaw,Earthquake,StompingTantrum,RockSlide|Adamant||M|||50|
|showteam|p2|Sinistcha||KasibBerry|Hospitality|MatchaGotcha,LifeDew,RagePowder,Protect|Relaxed|||||50|]Incineroar||SitrusBerry|Intimidate|FlareBlitz,ThroatChop,FakeOut,PartingShot|Impish||F|||50|]Milotic||Leftovers|Competitive|MuddyWater,Coil,Hypnosis,Protect|Calm||M|||50|]Raichu||RaichuniteY|LightningRod|ZapCannon,FocusBlast,FakeOut,Protect|Timid||F|||50|]Ceruledge||ColburBerry|FlashFire|BitterBlade,ShadowSneak,BulkUp,Protect|Adamant||F|||50|]Mawile||Mawilite|HyperCutter|PlayRough,SuckerPunch,SwordsDance,Protect|Adamant||M|||50|
|inactive|Battle timer is ON: inactive players will automatically lose when time's up. (requested by forthememesvgc)
|inactive|forthememesvgc has 60 seconds left.
|
|t:|1782571348
|teamsize|p1|4
|teamsize|p2|4
|start
|switch|p1a: Staraptor|Staraptor, L50, M|100/100
|switch|p1b: Maushold|Maushold-Four, L50|100/100
|switch|p2a: Raichu|Raichu, L50, F|100/100
|switch|p2b: Milotic|Milotic, L50, M|100/100
|turn|1
|inactive|forthememesvgc has 30 seconds left.
|inactive|Moonlight Flutter has 30 seconds left.
|inactive|forthememesvgc has 20 seconds left.
|inactive|forthememesvgc has 15 seconds left.
|
|t:|1782571401
|detailschange|p2a: Raichu|Raichu-Mega-Y, L50, F
|-mega|p2a: Raichu|Raichu|Raichunite Y
|detailschange|p1a: Staraptor|Staraptor-Mega, L50, M
|-mega|p1a: Staraptor|Staraptor|Staraptite
|move|p1a: Staraptor|Protect|p1a: Staraptor
|-singleturn|p1a: Staraptor|Protect
|move|p2a: Raichu|Zap Cannon|p1a: Staraptor
|-activate|p1a: Staraptor|move: Protect
|move|p1b: Maushold|Super Fang|p2b: Milotic
|-damage|p2b: Milotic|50/100y
|move|p2b: Milotic|Muddy Water|p1a: Staraptor|[spread] 
|-activate|p1a: Staraptor|move: Protect
|-miss|p2b: Milotic|p1b: Maushold
|
|-heal|p2b: Milotic|55/100|[from] item: Leftovers
|upkeep
|turn|2
|
|t:|1782571421
|move|p1b: Maushold|Follow Me|p1b: Maushold
|-singleturn|p1b: Maushold|move: Follow Me
|move|p2a: Raichu|Zap Cannon|p1b: Maushold
|-damage|p1b: Maushold|23/100
|-status|p1b: Maushold|par
|move|p1a: Staraptor|Close Combat|p2a: Raichu
|-damage|p2a: Raichu|23/100
|-boost|p1a: Staraptor|def|1
|-boost|p1a: Staraptor|spd|1
|move|p2b: Milotic|Muddy Water|p1a: Staraptor|[spread] p1a,p1b
|-damage|p1a: Staraptor|89/100
|-damage|p1b: Maushold|0 fnt
|-boost|p1a: Staraptor|accuracy|1
|faint|p1b: Maushold
|
|-heal|p2b: Milotic|61/100|[from] item: Leftovers
|upkeep
|
|t:|1782571426
|switch|p1b: Garchomp|Garchomp, L50, M|100/100
|turn|3
|
|t:|1782571443
|switch|p2b: Sinistcha|Sinistcha, L50|100/100
|-heal|p2a: Raichu|48/100|[from] ability: Hospitality|[of] p2b: Sinistcha
|move|p2a: Raichu|Protect|p2a: Raichu
|-singleturn|p2a: Raichu|Protect
|move|p1b: Garchomp|Earthquake|p2b: Sinistcha|[spread] p2b
|-activate|p2a: Raichu|move: Protect
|-immune|p1a: Staraptor
|-resisted|p2b: Sinistcha|1
|-damage|p2b: Sinistcha|83/100
|move|p1a: Staraptor|Brave Bird|p2b: Sinistcha
|-supereffective|p2b: Sinistcha|1
|-damage|p2b: Sinistcha|0 fnt
|faint|p2b: Sinistcha
|-damage|p1a: Staraptor|63/100|[from] Recoil
|
|upkeep
|
|t:|1782571446
|switch|p2b: Incineroar|Incineroar, L50, F|100/100
|-ability|p2b: Incineroar|Intimidate|boost
|-boost|p1a: Staraptor|atk|1
|-unboost|p1b: Garchomp|atk|1
|turn|4
|
|t:|1782571464
|switch|p2a: Milotic|Milotic, L50, M|61/100
|move|p1a: Staraptor|Protect|p1a: Staraptor
|-singleturn|p1a: Staraptor|Protect
|move|p1b: Garchomp|Earthquake|p2a: Milotic|[spread] p2a,p2b
|-activate|p1a: Staraptor|move: Protect
|-supereffective|p2b: Incineroar|1
|-damage|p2a: Milotic|37/100
|-damage|p2b: Incineroar|58/100
|move|p2b: Incineroar|Parting Shot|p1b: Garchomp
|-unboost|p1b: Garchomp|atk|1
|-unboost|p1b: Garchomp|spa|1
|
|t:|1782571470
|switch|p2b: Raichu|Raichu-Mega-Y, L50, F|48/100|[from] Parting Shot
|
|-heal|p2a: Milotic|43/100|[from] item: Leftovers
|upkeep
|turn|5
|inactive|forthememesvgc has 30 seconds left.
|inactive|forthememesvgc has 20 seconds left.
|inactive|forthememesvgc has 15 seconds left.
|
|t:|1782571513
|switch|p1b: Gholdengo|Gholdengo, L50|100/100
|switch|p2a: Incineroar|Incineroar, L50, F|58/100
|-ability|p2a: Incineroar|Intimidate|boost
|-boost|p1a: Staraptor|atk|1
|-unboost|p1b: Gholdengo|atk|1
|move|p1a: Staraptor|Protect||[still]
|-fail|p1a: Staraptor
|move|p2b: Raichu|Zap Cannon|p1a: Staraptor
|-supereffective|p1a: Staraptor|1
|-damage|p1a: Staraptor|0 fnt
|faint|p1a: Staraptor
|
|upkeep
|
|t:|1782571523
|switch|p1a: Garchomp|Garchomp, L50, M|100/100
|turn|6
|inactive|forthememesvgc has 30 seconds left.
|inactive|Moonlight Flutter has 30 seconds left.
|inactive|forthememesvgc has 20 seconds left.
|
|t:|1782571559
|switch|p2b: Milotic|Milotic, L50, M|43/100
|move|p1b: Gholdengo|Protect|p1b: Gholdengo
|-singleturn|p1b: Gholdengo|Protect
|move|p1a: Garchomp|Stomping Tantrum|p2b: Milotic
|-damage|p2b: Milotic|10/100
|move|p2a: Incineroar|Parting Shot|p1a: Garchomp
|-unboost|p1a: Garchomp|atk|1
|-unboost|p1a: Garchomp|spa|1
|
|t:|1782571566
|switch|p2a: Raichu|Raichu-Mega-Y, L50, F|48/100|[from] Parting Shot
|
|-heal|p2b: Milotic|16/100|[from] item: Leftovers
|upkeep
|turn|7
|
|t:|1782571590
|move|p2a: Raichu|Fake Out|p1a: Garchomp
|-damage|p1a: Garchomp|92/100
|-damage|p2a: Raichu|36/100|[from] ability: Rough Skin|[of] p1a: Garchomp
|cant|p1a: Garchomp|flinch
|move|p1b: Gholdengo|Shadow Ball|p2a: Raichu
|-damage|p2a: Raichu|0 fnt
|faint|p2a: Raichu
|-damage|p1b: Gholdengo|90/100|[from] item: Life Orb
|move|p2b: Milotic|Hypnosis|p1a: Garchomp|[miss]
|-miss|p2b: Milotic|p1a: Garchomp
|
|-heal|p2b: Milotic|22/100|[from] item: Leftovers
|upkeep
|
|t:|1782571601
|switch|p2a: Incineroar|Incineroar, L50, F|58/100
|-ability|p2a: Incineroar|Intimidate|boost
|-unboost|p1a: Garchomp|atk|1
|-unboost|p1b: Gholdengo|atk|1
|turn|8
|
|t:|1782571611
|move|p1b: Gholdengo|Protect|p1b: Gholdengo
|-singleturn|p1b: Gholdengo|Protect
|move|p2b: Milotic|Protect|p2b: Milotic
|-singleturn|p2b: Milotic|Protect
|move|p1a: Garchomp|Stomping Tantrum|p2a: Incineroar
|-supereffective|p2a: Incineroar|1
|-damage|p2a: Incineroar|0 fnt
|faint|p2a: Incineroar
|
|-heal|p2b: Milotic|28/100|[from] item: Leftovers
|upkeep
|turn|9
|
|t:|1782571617
|move|p1a: Garchomp|Stomping Tantrum|p2b: Milotic
|-damage|p2b: Milotic|11/100
|move|p1b: Gholdengo|Shadow Ball|p2b: Milotic
|-damage|p2b: Milotic|0 fnt
|faint|p2b: Milotic
|-damage|p1b: Gholdengo|81/100|[from] item: Life Orb
|
|win|forthememesvgc
||Moonlight Flutter is ready for game 3.
||forthememesvgc is ready for game 3.
|uhtml|next|Next: Game 3 of 3
