|j|☆25th_mang
|j|☆Chelicerate1
|html|25th_mangChelicerate1    
|uhtml|bestof|Game 2 of a best-of-3
|t:|1785740087
|gametype|doubles
|player|p1|25th_mang|ballguy|1230
|player|p2|Chelicerate1|ethan|1285
|gen|9
|tier|[Gen 9 Champions] VGC 2026 Reg M-B (Bo3)
|rated|
|rule|Species Clause: Limit one of each Pokémon
|rule|Item Clause: Limit 1 of each item
|clearpoke
|poke|p1|Chandelure, L50, F|
|poke|p1|Garchomp, L50, M|
|poke|p1|Kingambit, L50, M|
|poke|p1|Tsareena, L50, F|
|poke|p1|Whimsicott, L50, F|
|poke|p1|Staraptor, L50, F|
|poke|p2|Grimmsnarl, L50, M|
|poke|p2|Basculegion, L50, M|
|poke|p2|Charizard, L50, F|
|poke|p2|Pelipper, L50, M|
|poke|p2|Venusaur, L50, M|
|poke|p2|Archaludon, L50, M|
|teampreview|4
|showteam|p1|Chandelure||Chandelurite|FlashFire|HeatWave,ShadowBall,TrickRoom,Protect|Modest||F|||50|]Garchomp||LifeOrb|RoughSkin|StompingTantrum,DragonClaw,RockSlide,Protect|Jolly||M|||50|]Kingambit||ChopleBerry|Defiant|IronHead,SuckerPunch,LowKick,Protect|Adamant||M|||50|]Tsareena||WideLens|QueenlyMajesty|PowerWhip,TripleAxel,HelpingHand,Protect|Adamant||F|||50|]Whimsicott||FocusSash|Prankster|Moonblast,Tailwind,Encore,SunnyDay|Modest||F|||50|]Staraptor||ChoiceScarf|Reckless|FinalGambit,BraveBird,Uturn,CloseCombat|Jolly||F|||50|
|showteam|p2|Grimmsnarl||LightClay|Prankster|SpiritBreak,PartingShot,Reflect,LightScreen|Sassy||M|||50|]Basculegion||ChoiceScarf|Adaptability|LastRespects,WaveCrash,AquaJet,FlipTurn|Jolly||M|||50|]Charizard||CharizarditeY|Blaze|Protect,HeatWave,WeatherBall,SolarBeam|Modest||F|||50|]Pelipper||SitrusBerry|Drizzle|Hurricane,WeatherBall,Tailwind,WideGuard|Modest||M|||50|]Venusaur||FocusSash|Chlorophyll|SludgeBomb,SleepPowder,EarthPower,Protect|Modest||M|||50|]Archaludon||Leftovers|Stamina|ElectroShot,DragonPulse,FlashCannon,Protect|Calm||M|||50|
|inactive|Battle timer is ON: inactive players will automatically lose when time's up. (requested by Chelicerate1)
|inactive|25th_mang also wants the timer to be on.
|
|t:|1785740116
|teamsize|p1|4
|teamsize|p2|4
|start
|switch|p1a: MONEYBALL|Whimsicott, L50, F|100/100
|switch|p1b: Save Me|Staraptor, L50, F|100/100
|switch|p2a: Charizard|Charizard, L50, F|100/100
|switch|p2b: Venusaur|Venusaur, L50, M|100/100
|turn|1
|inactive|25th_mang has 30 seconds left.
|inactive|25th_mang has 20 seconds left.
|inactive|25th_mang has 15 seconds left.
|inactive|25th_mang has 10 seconds left.
|inactive|25th_mang has 5 seconds left.
|
|t:|1785740169
|detailschange|p2a: Charizard|Charizard-Mega-Y, L50, F
|-mega|p2a: Charizard|Charizard|Charizardite Y
|-weather|SunnyDay|[from] ability: Drought|[of] p2a: Charizard
|move|p1a: MONEYBALL|Tailwind|p1a: MONEYBALL
|-sidestart|p1: 25th_mang|move: Tailwind
|move|p1b: Save Me|Final Gambit|p2a: Charizard
|-damage|p2a: Charizard|0 fnt
|faint|p1b: Save Me
|faint|p2a: Charizard
|move|p2b: Venusaur|Sleep Powder|p1a: MONEYBALL
|-immune|p1a: MONEYBALL
|
|-weather|SunnyDay|[upkeep]
|upkeep
|
|t:|1785740192
|switch|p1b: Love&Fear|Kingambit, L50, M|100/100
|switch|p2a: Archaludon|Archaludon, L50, M|100/100
|turn|2
|
|t:|1785740211
|move|p1a: MONEYBALL|Encore|p2b: Venusaur
|-start|p2b: Venusaur|Encore
|move|p2b: Venusaur|Sleep Powder|p1b: Love&Fear
|-status|p1b: Love&Fear|slp|[from] move: Sleep Powder
|cant|p1b: Love&Fear|slp
|move|p2a: Archaludon|Flash Cannon|p1a: MONEYBALL
|-supereffective|p1a: MONEYBALL|1
|-enditem|p1a: MONEYBALL|Focus Sash
|-damage|p1a: MONEYBALL|1/100
|
|-weather|SunnyDay|[upkeep]
|upkeep
|turn|3
|inactive|Chelicerate1 has 30 seconds left.
|
|t:|1785740238
|switch|p2b: Pelipper|Pelipper, L50, M|100/100
|-weather|RainDance|[from] ability: Drizzle|[of] p2b: Pelipper
|move|p1a: MONEYBALL|Moonblast|p2b: Pelipper
|-damage|p2b: Pelipper|46/100
|-enditem|p2b: Pelipper|Sitrus Berry|[eat]
|-heal|p2b: Pelipper|71/100|[from] item: Sitrus Berry
|cant|p1b: Love&Fear|slp
|move|p2a: Archaludon|Electro Shot||[still]
|-prepare|p2a: Archaludon|Electro Shot
|-boost|p2a: Archaludon|spa|1
|-anim|p2a: Archaludon|Electro Shot|p1a: MONEYBALL
|-resisted|p1a: MONEYBALL|1
|-damage|p1a: MONEYBALL|0 fnt
|faint|p1a: MONEYBALL
|
|-weather|RainDance|[upkeep]
|upkeep
|
|t:|1785740243
|switch|p1a: Voyager|Chandelure, L50, F|100/100
|turn|4
|
|t:|1785740254
|detailschange|p1a: Voyager|Chandelure-Mega, L50, F
|-mega|p1a: Voyager|Chandelure|Chandelurite
|-curestatus|p1b: Love&Fear|slp|[msg]
|move|p1b: Love&Fear|Sucker Punch|p2b: Pelipper
|-damage|p2b: Pelipper|33/100
|move|p1a: Voyager|Shadow Ball|p2b: Pelipper
|-damage|p2b: Pelipper|0 fnt
|faint|p2b: Pelipper
|move|p2a: Archaludon|Electro Shot||[still]
|-prepare|p2a: Archaludon|Electro Shot
|-boost|p2a: Archaludon|spa|1
|-anim|p2a: Archaludon|Electro Shot|p1b: Love&Fear
|-damage|p1b: Love&Fear|29/100
|
|-weather|RainDance|[upkeep]
|-sideend|p1: 25th_mang|move: Tailwind
|upkeep
|
|t:|1785740261
|switch|p2b: Venusaur|Venusaur, L50, M|100/100
|turn|5
|
|t:|1785740281
|move|p1a: Voyager|Shadow Ball|p2a: Archaludon
|-damage|p2a: Archaludon|52/100
|-ability|p2a: Archaludon|Stamina|boost
|-boost|p2a: Archaludon|def|1
|move|p2b: Venusaur|Sleep Powder|p1a: Voyager|[miss]
|-miss|p2b: Venusaur|p1a: Voyager
|move|p2a: Archaludon|Electro Shot||[still]
|-prepare|p2a: Archaludon|Electro Shot
|-boost|p2a: Archaludon|spa|1
|-anim|p2a: Archaludon|Electro Shot|p1b: Love&Fear
|-damage|p1b: Love&Fear|0 fnt
|faint|p1b: Love&Fear
|
|-weather|RainDance|[upkeep]
|-heal|p2a: Archaludon|59/100|[from] item: Leftovers
|upkeep
|turn|6
|
|t:|1785740297
|move|p1a: Voyager|Shadow Ball|p2a: Archaludon
|-crit|p2a: Archaludon
|-damage|p2a: Archaludon|0 fnt
|faint|p2a: Archaludon
|move|p2b: Venusaur|Sleep Powder|p1a: Voyager
|-status|p1a: Voyager|slp|[from] move: Sleep Powder
|
|-weather|RainDance|[upkeep]
|upkeep
|turn|7
|
|t:|1785740304
|cant|p1a: Voyager|slp
|move|p2b: Venusaur|Earth Power|p1a: Voyager
|-supereffective|p1a: Voyager|1
|-damage|p1a: Voyager|42/100 slp
|
|-weather|none
|upkeep
|turn|8
|
|t:|1785740310
|-curestatus|p1a: Voyager|slp|[msg]
|move|p1a: Voyager|Heat Wave|p2b: Venusaur|[miss]
|-miss|p1a: Voyager|p2b: Venusaur
|move|p2b: Venusaur|Earth Power|p1a: Voyager
|-supereffective|p1a: Voyager|1
|-damage|p1a: Voyager|0 fnt
|faint|p1a: Voyager
|
|win|Chelicerate1
|raw|25th_mang's rating: 1230 → 1209(-21 for losing)
|raw|Chelicerate1's rating: 1285 → 1306(+21 for winning)
