|j|☆bearlover997
|j|☆nachoconpicodgallo
|html|bearlover997nachoconpicodgallo    
|uhtml|bestof|Game 3 of a best-of-3
|t:|1786054540
|gametype|doubles
|player|p1|bearlover997|sage|1098
|player|p2|nachoconpicodgallo|guitarist|1000
|gen|9
|tier|[Gen 9 Champions] VGC 2026 Reg M-B (Bo3)
|rated|
|rule|Species Clause: Limit one of each Pokémon
|rule|Item Clause: Limit 1 of each item
|clearpoke
|poke|p1|Victreebel, L50, F|
|poke|p1|Espathra, L50, F|
|poke|p1|Volcarona, L50, F|
|poke|p1|Empoleon, L50, M|
|poke|p1|Clefable, L50, F|
|poke|p1|Aerodactyl, L50, F|
|poke|p2|Gengar, L50, F, shiny|
|poke|p2|Ninetales-Alola, L50, M, shiny|
|poke|p2|Lycanroc-Dusk, L50, F|
|poke|p2|Incineroar, L50, F|
|poke|p2|Scovillain, L50, M|
|poke|p2|Dragonite, L50, F|
|teampreview|4
|showteam|p1|Victreebel||Victreebelite|Chlorophyll|SludgeBomb,GigaDrain,StrengthSap,Protect|Timid||F|||50|]Espathra||SitrusBerry|SpeedBoost|BatonPass,CalmMind,LuminaCrash,Protect|Modest||F|||50|]Volcarona||Leftovers|FlameBody|BugBuzz,RagePowder,HeatWave,Protect|Timid||F|||50|]Empoleon||LifeOrb|Competitive|FlashCannon,HydroPump,IceBeam,Protect|Modest||M|||50|]Clefable||Clefablite|Unaware|DazzlingGleam,Protect,FollowMe,HealingWish|Calm||F|||50|]Aerodactyl||FocusSash|Unnerve|RockSlide,WideGuard,Tailwind,Protect|Jolly||F|||50|
|showteam|p2|Gengar||Gengarite|CursedBody|ShadowBall,SludgeBomb,Substitute,Protect|Modest||F|||50|]Ninetales-Alola||ChoiceScarf|SnowWarning|Blizzard,FreezeDry,IcyWind,Encore|Timid||M|||50|]Lycanroc-Dusk||FocusSash|ToughClaws|RockSlide,CloseCombat,Accelerock,Protect|Adamant||F|||50|]Incineroar||SitrusBerry|Intimidate|PartingShot,FlareBlitz,ThroatChop,FakeOut|Impish||F|||50|]Scovillain||Scovillainite|Chlorophyll|Overheat,GigaDrain,RagePowder,Protect|Bold||M|||50|]Dragonite||LifeOrb|InnerFocus|DragonClaw,ExtremeSpeed,Superpower,Protect|Adamant||F|||50|
|inactive|Battle timer is ON: inactive players will automatically lose when time's up. (requested by nachoconpicodgallo)
|inactive|bearlover997 also wants the timer to be on.
|inactive|nachoconpicodgallo has 60 seconds left.
|
|t:|1786054586
|teamsize|p1|4
|teamsize|p2|4
|start
|switch|p1a: Victreebel|Victreebel, L50, F|100/100
|switch|p1b: Empoleon|Empoleon, L50, M|100/100
|switch|p2a: Gengar|Gengar, L50, F, shiny|100/100
|switch|p2b: Lycanroc|Lycanroc-Dusk, L50, F|100/100
|turn|1
|inactive|bearlover997 has 30 seconds left.
|inactive|nachoconpicodgallo has 30 seconds left.
|
|t:|1786054624
|detailschange|p2a: Gengar|Gengar-Mega, L50, F, shiny
|-mega|p2a: Gengar|Gengar|Gengarite
|detailschange|p1a: Victreebel|Victreebel-Mega, L50, F
|-mega|p1a: Victreebel|Victreebel|Victreebelite
|move|p1b: Empoleon|Protect|p1b: Empoleon
|-singleturn|p1b: Empoleon|Protect
|move|p2a: Gengar|Substitute|p2a: Gengar
|-start|p2a: Gengar|Substitute
|-damage|p2a: Gengar|75/100
|move|p2b: Lycanroc|Close Combat|p1b: Empoleon
|-activate|p1b: Empoleon|move: Protect
|move|p1a: Victreebel|Giga Drain|p2b: Lycanroc
|-supereffective|p2b: Lycanroc|1
|-enditem|p2b: Lycanroc|Focus Sash
|-damage|p2b: Lycanroc|1/100
|
|upkeep
|turn|2
|
|t:|1786054646
|move|p2a: Gengar|Sludge Bomb|p1a: Victreebel
|-damage|p1a: Victreebel|38/100
|move|p2b: Lycanroc|Rock Slide|p1b: Empoleon|[spread] p1a
|-miss|p2b: Lycanroc|p1b: Empoleon
|-damage|p1a: Victreebel|4/100
|cant|p1a: Victreebel|flinch
|move|p1b: Empoleon|Hydro Pump|p2a: Gengar
|-end|p2a: Gengar|Substitute
|-damage|p1b: Empoleon|90/100|[from] item: Life Orb
|
|upkeep
|turn|3
|
|t:|1786054668
|move|p1b: Empoleon|Protect|p1b: Empoleon
|-singleturn|p1b: Empoleon|Protect
|move|p2a: Gengar|Shadow Ball|p1b: Empoleon
|-activate|p1b: Empoleon|move: Protect
|move|p2b: Lycanroc|Rock Slide|p1a: Victreebel|[spread] p1a
|-activate|p1b: Empoleon|move: Protect
|-damage|p1a: Victreebel|0 fnt
|-damage|p2b: Lycanroc|0 fnt|[from] ability: Innards Out|[of] p1a: Victreebel
|faint|p1a: Victreebel
|faint|p2b: Lycanroc
|
|upkeep
|
|t:|1786054680
|switch|p2b: Dragonite|Dragonite, L50, F|100/100
|switch|p1a: Espathra|Espathra, L50, F|100/100
|turn|4
|
|t:|1786054692
|move|p1a: Espathra|Protect|p1a: Espathra
|-singleturn|p1a: Espathra|Protect
|move|p2a: Gengar|Shadow Ball|p1a: Espathra
|-activate|p1a: Espathra|move: Protect
|move|p2b: Dragonite|Superpower|p1b: Empoleon
|-supereffective|p1b: Empoleon|1
|-damage|p1b: Empoleon|0 fnt
|-unboost|p2b: Dragonite|atk|1
|-unboost|p2b: Dragonite|def|1
|faint|p1b: Empoleon
|-damage|p2b: Dragonite|90/100|[from] item: Life Orb
|
|-ability|p1a: Espathra|Speed Boost|boost
|-boost|p1a: Espathra|spe|1
|upkeep
|
|t:|1786054700
|switch|p1b: Volcarona|Volcarona, L50, F|100/100
|turn|5
|
|t:|1786054709
|switch|p2b: Incineroar|Incineroar, L50, F|100/100
|-ability|p2b: Incineroar|Intimidate|boost
|-unboost|p1a: Espathra|atk|1
|-unboost|p1b: Volcarona|atk|1
|move|p2a: Gengar|Protect|p2a: Gengar
|-singleturn|p2a: Gengar|Protect
|move|p1b: Volcarona|Rage Powder|p1b: Volcarona
|-singleturn|p1b: Volcarona|move: Rage Powder
|move|p1a: Espathra|Lumina Crash|p2a: Gengar
|-activate|p2a: Gengar|move: Protect
|
|-ability|p1a: Espathra|Speed Boost|boost
|-boost|p1a: Espathra|spe|1
|upkeep
|turn|6
|
|t:|1786054721
|move|p1a: Espathra|Protect|p1a: Espathra
|-singleturn|p1a: Espathra|Protect
|move|p1b: Volcarona|Protect|p1b: Volcarona
|-singleturn|p1b: Volcarona|Protect
|move|p2b: Incineroar|Fake Out|p1a: Espathra
|-activate|p1a: Espathra|move: Protect
|move|p2a: Gengar|Substitute|p2a: Gengar
|-start|p2a: Gengar|Substitute
|-damage|p2a: Gengar|50/100g
|
|-ability|p1a: Espathra|Speed Boost|boost
|-boost|p1a: Espathra|spe|1
|upkeep
|turn|7
|
|t:|1786054735
|move|p1a: Espathra|Lumina Crash|p2a: Gengar
|-supereffective|p2a: Gengar|1
|-end|p2a: Gengar|Substitute
|move|p2a: Gengar|Shadow Ball|p1a: Espathra
|-supereffective|p1a: Espathra|1
|-damage|p1a: Espathra|0 fnt
|faint|p1a: Espathra
|move|p1b: Volcarona|Heat Wave|p2a: Gengar|[spread] p2a,p2b
|-resisted|p2b: Incineroar|1
|-damage|p2a: Gengar|5/100
|-damage|p2b: Incineroar|86/100
|move|p2b: Incineroar|Parting Shot|p1b: Volcarona
|-unboost|p1b: Volcarona|atk|1
|-unboost|p1b: Volcarona|spa|1
|
|t:|1786054743
|switch|p2b: Dragonite|Dragonite, L50, F|90/100|[from] Parting Shot
|
|upkeep
|turn|8
|l|☆bearlover997
|inactive|bearlover997 disconnected and has a minute to reconnect!
|player|p1|
|inactive|bearlover997 has 30 seconds left.
|inactive|bearlover997 has 20 seconds left.
|inactive|bearlover997 has 15 seconds left.
|inactive|bearlover997 has 10 seconds left.
|inactive|bearlover997 has 5 seconds left.
|-message|bearlover997 lost due to inactivity.
|
|win|nachoconpicodgallo
|raw|bearlover997's rating: 1098 → 1067(-31 for losing)
|raw|nachoconpicodgallo's rating: 1000 → 1051(+51 for winning)
