|j|☆BestDefense
|j|☆lettitripppp
|html|BestDefenselettitripppp    
|uhtml|bestof|Game 3 of a best-of-3
|t:|1784771267
|gametype|doubles
|player|p1|BestDefense|170|1207
|player|p2|lettitripppp|lucas|1229
|gen|9
|tier|[Gen 9 Champions] VGC 2026 Reg M-B (Bo3)
|rated|
|rule|Species Clause: Limit one of each Pokémon
|rule|Item Clause: Limit 1 of each item
|clearpoke
|poke|p1|Banette, L50, M, shiny|
|poke|p1|Blastoise, L50, F, shiny|
|poke|p1|Incineroar, L50, F, shiny|
|poke|p1|Farigiraf, L50, F, shiny|
|poke|p1|Kommo-o, L50, F, shiny|
|poke|p1|Whimsicott, L50, M, shiny|
|poke|p2|Charizard, L50, M, shiny|
|poke|p2|Basculegion, L50, M, shiny|
|poke|p2|Pelipper, L50, F|
|poke|p2|Venusaur, L50, F|
|poke|p2|Archaludon, L50, F|
|poke|p2|Grimmsnarl, L50, M, shiny|
|teampreview|4
|showteam|p1|Banette||Banettite|Insomnia|GunkShot,PhantomForce,PsychUp,ScaryFace|Impish||M|||50|]Blastoise||Blastoisinite|Torrent|WaterSpout,AuraSphere,IceBeam,Protect|Modest||F|||50|]Incineroar||SitrusBerry|Intimidate|FakeOut,FlareBlitz,DarkestLariat,PartingShot|Careful||F|||50|]Farigiraf||ColburBerry|ArmorTail|TwinBeam,Thunderbolt,TrickRoom,Imprison|Modest||F|||50|]Kommo-o||Leftovers|Soundproof|AuraSphere,FlashCannon,ClangorousSoul,Protect|Modest||F|||50|]Whimsicott||FocusSash|Prankster|GigaDrain,Moonblast,Tailwind,Encore|Timid||M|||50|
|showteam|p2|Charizard||CharizarditeY|Blaze|WeatherBall,SolarBeam,HeatWave,Protect|Modest||M|||50|]Basculegion||ChoiceScarf|Adaptability|LastRespects,WaveCrash,FlipTurn,AquaJet|Jolly||M|||50|]Pelipper||SitrusBerry|Drizzle|WeatherBall,WideGuard,Hurricane,Tailwind|Modest||F|||50|]Venusaur||FocusSash|Chlorophyll|SleepPowder,SludgeBomb,EarthPower,Protect|Modest||F|||50|]Archaludon||Leftovers|Stamina|FlashCannon,DragonPulse,ElectroShot,Protect|Calm||F|||50|]Grimmsnarl||LightClay|Prankster|PartingShot,LightScreen,SpiritBreak,Reflect|Relaxed||M|||50|
|inactive|Battle timer is ON: inactive players will automatically lose when time's up. (requested by lettitripppp)
|inactive|BestDefense also wants the timer to be on.
|
|t:|1784771289
|teamsize|p1|4
|teamsize|p2|4
|start
|switch|p1a: Incineroar|Incineroar, L50, F, shiny|100/100
|switch|p1b: Whimsicott|Whimsicott, L50, M, shiny|100/100
|switch|p2a: WET-BEAK|Pelipper, L50, F|100/100
|switch|p2b: GHOSTWAVE|Basculegion, L50, M, shiny|100/100
|-weather|RainDance|[from] ability: Drizzle|[of] p2a: WET-BEAK
|-ability|p1a: Incineroar|Intimidate|boost
|-unboost|p2a: WET-BEAK|atk|1
|-unboost|p2b: GHOSTWAVE|atk|1
|turn|1
|
|t:|1784771310
|switch|p1a: Kommo-o|Kommo-o, L50, F, shiny|100/100
|move|p1b: Whimsicott|Tailwind|p1b: Whimsicott
|-sidestart|p1: BestDefense|move: Tailwind
|move|p2b: GHOSTWAVE|Wave Crash|p1a: Kommo-o
|-resisted|p1a: Kommo-o|1
|-damage|p1a: Kommo-o|66/100
|-damage|p2b: GHOSTWAVE|90/100|[from] Recoil
|move|p2a: WET-BEAK|Tailwind|p2a: WET-BEAK
|-sidestart|p2: lettitripppp|move: Tailwind
|
|-weather|RainDance|[upkeep]
|-heal|p1a: Kommo-o|72/100|[from] item: Leftovers
|upkeep
|turn|2
|
|t:|1784771324
|switch|p2a: GO JOHAN|Grimmsnarl, L50, M, shiny|100/100
|move|p1b: Whimsicott|Encore|p2a: GO JOHAN
|-hint|Since gen 7, Dark is immune to Prankster moves.
|-immune|p2a: GO JOHAN
|move|p2b: GHOSTWAVE|Wave Crash|p1b: Whimsicott
|-resisted|p1b: Whimsicott|1
|-damage|p1b: Whimsicott|46/100
|-damage|p2b: GHOSTWAVE|78/100|[from] Recoil
|move|p1a: Kommo-o|Clangorous Soul|p1a: Kommo-o
|-boost|p1a: Kommo-o|atk|1
|-boost|p1a: Kommo-o|def|1
|-boost|p1a: Kommo-o|spa|1
|-boost|p1a: Kommo-o|spd|1
|-boost|p1a: Kommo-o|spe|1
|-damage|p1a: Kommo-o|39/100
|
|-weather|RainDance|[upkeep]
|-heal|p1a: Kommo-o|45/100|[from] item: Leftovers
|upkeep
|turn|3
|
|t:|1784771343
|move|p1a: Kommo-o|Protect|p1a: Kommo-o
|-singleturn|p1a: Kommo-o|Protect
|move|p2a: GO JOHAN|Light Screen|p2a: GO JOHAN
|-sidestart|p2: lettitripppp|move: Light Screen
|move|p2b: GHOSTWAVE|Wave Crash|p1b: Whimsicott
|-resisted|p1b: Whimsicott|1
|-damage|p1b: Whimsicott|0 fnt
|faint|p1b: Whimsicott
|-damage|p2b: GHOSTWAVE|67/100|[from] Recoil
|
|-weather|RainDance|[upkeep]
|-heal|p1a: Kommo-o|52/100|[from] item: Leftovers
|upkeep
|
|t:|1784771350
|switch|p1b: Banette|Banette, L50, M, shiny|100/100
|turn|4
|
|t:|1784771369
|detailschange|p1b: Banette|Banette-Mega, L50, M, shiny
|-mega|p1b: Banette|Banette|Banettite
|move|p1b: Banette|Psych Up|p1a: Kommo-o
|-copyboost|p1b: Banette|p1a: Kommo-o|[from] move: Psych Up
|move|p2b: GHOSTWAVE|Wave Crash|p1a: Kommo-o
|-resisted|p1a: Kommo-o|1
|-damage|p1a: Kommo-o|31/100
|-damage|p2b: GHOSTWAVE|62/100|[from] Recoil
|move|p1a: Kommo-o|Flash Cannon|p2a: GO JOHAN
|-supereffective|p2a: GO JOHAN|1
|-damage|p2a: GO JOHAN|54/100
|move|p2a: GO JOHAN|Spirit Break|p1a: Kommo-o
|-supereffective|p1a: Kommo-o|2
|-damage|p1a: Kommo-o|0 fnt
|faint|p1a: Kommo-o
|
|-weather|RainDance|[upkeep]
|-sideend|p1: BestDefense|move: Tailwind
|-sideend|p2: lettitripppp|move: Tailwind
|upkeep
|
|t:|1784771379
|switch|p1a: Incineroar|Incineroar, L50, F, shiny|100/100
|-ability|p1a: Incineroar|Intimidate|boost
|-unboost|p2a: GO JOHAN|atk|1
|-unboost|p2b: GHOSTWAVE|atk|1
|turn|5
|
|t:|1784771388
|switch|p2b: WET-BEAK|Pelipper, L50, F|100/100
|move|p2a: GO JOHAN|Reflect|p2a: GO JOHAN
|-sidestart|p2: lettitripppp|Reflect
|move|p1b: Banette|Gunk Shot|p2a: GO JOHAN|[miss]
|-miss|p1b: Banette|p2a: GO JOHAN
|move|p1a: Incineroar|Darkest Lariat|p2b: WET-BEAK
|-damage|p2b: WET-BEAK|76/100
|
|-weather|none
|upkeep
|turn|6
|
|t:|1784771406
|move|p2a: GO JOHAN|Parting Shot|p1b: Banette
|-unboost|p1b: Banette|atk|1
|-unboost|p1b: Banette|spa|1
|
|t:|1784771409
|switch|p2a: GHOSTWAVE|Basculegion, L50, M, shiny|62/100|[from] Parting Shot
|move|p1b: Banette|Gunk Shot|p2a: GHOSTWAVE
|-resisted|p2a: GHOSTWAVE|1
|-damage|p2a: GHOSTWAVE|42/100
|move|p2b: WET-BEAK|Tailwind|p2b: WET-BEAK
|-sidestart|p2: lettitripppp|move: Tailwind
|move|p1a: Incineroar|Darkest Lariat|p2b: WET-BEAK
|-crit|p2b: WET-BEAK
|-damage|p2b: WET-BEAK|17/100
|-enditem|p2b: WET-BEAK|Sitrus Berry|[eat]
|-heal|p2b: WET-BEAK|41/100|[from] item: Sitrus Berry
|
|upkeep
|turn|7
|c|☆BestDefense|gg
|-message|BestDefense forfeited.
|raw|BestDefense's rating: 1207 → 1184(-23 for losing)
|raw|lettitripppp's rating: 1229 → 1252(+23 for winning)
|
|win|lettitripppp
|c|☆lettitripppp|gg
|l|☆BestDefense
|player|p1|
