|j|☆is_katabo
|j|☆huezinhu
|html|is_katabohuezinhu    
|uhtml|bestof|Game 1 of a best-of-3
|t:|1757202667
|gametype|doubles
|player|p1|is_katabo|barry|
|player|p2|huezinhu|170|
|gen|9
|tier|[Gen 9] VGC 2025 Reg H (Bo3)
|rule|Species Clause: Limit one of each Pokémon
|rule|Item Clause: Limit 1 of each item
|clearpoke
|poke|p1|Milotic, L50, M|
|poke|p1|Incineroar, L50, F|
|poke|p1|Amoonguss, L50, F|
|poke|p1|Gholdengo, L50|
|poke|p1|Ursaluna-Bloodmoon, L50, M|
|poke|p1|Dragonite, L50, F|
|poke|p2|Indeedee-F, L50, F|
|poke|p2|Gallade, L50, M|
|poke|p2|Hatterene, L50, F|
|poke|p2|Ursaluna, L50, F|
|poke|p2|Torkoal, L50, M|
|poke|p2|Lilligant-Hisui, L50, F|
|teampreview|4
|showteam|p1|Milotic||SafetyGoggles|Competitive|Scald,IcyWind,Haze,Protect|||M|||50|,,,,,Dragon]Incineroar||SitrusBerry|Intimidate|FakeOut,KnockOff,FlareBlitz,PartingShot|||F|||50|,,,,,Ghost]Amoonguss||CovertCloak|Regenerator|PollenPuff,RagePowder,Spore,Protect|||F|||50|,,,,,Electric]Gholdengo||LifeOrb|GoodasGold|MakeItRain,ShadowBall,NastyPlot,Protect||||||50|,,,,,Water]Ursaluna-Bloodmoon||AssaultVest|MindsEye|BloodMoon,HyperVoice,EarthPower,VacuumWave|||M|||50|,,,,,Water]Dragonite||LoadedDice|Multiscale|ScaleShot,ExtremeSpeed,Tailwind,Protect|||F|||50|,,,,,Steel
|showteam|p2|Indeedee-F||PsychicSeed|PsychicSurge|Psychic,FollowMe,HelpingHand,TrickRoom|||F|||50|,,,,,Water]Gallade||ClearAmulet|Sharpness|PsychoCut,SacredSword,TrickRoom,WideGuard|||M|||50|,,,,,Grass]Hatterene||LifeOrb|MagicBounce|ExpandingForce,DazzlingGleam,TrickRoom,Protect|||F|||50|,,,,,Psychic]Ursaluna||FlameOrb|Guts|Facade,HeadlongRush,SwordsDance,Protect|||F|||50|,,,,,Ghost]Torkoal||ChoiceSpecs|Drought|Eruption,HeatWave,WeatherBall,EarthPower|||M|||50|,,,,,Fire]Lilligant-Hisui||FocusSash|Chlorophyll|SleepPowder,CloseCombat,SolarBlade,AfterYou|||F|||50|,,,,,Ghost
|inactive|Battle timer is ON: inactive players will automatically lose when time's up. (requested by huezinhu)
|inactive|is_katabo has 60 seconds left.
|inactive|huezinhu has 60 seconds left.
|
|t:|1757202704
|teamsize|p1|4
|teamsize|p2|4
|start
|switch|p1a: Party People|Gholdengo, L50|100/100
|switch|p1b: Big Fish|Milotic, L50, M|100/100
|switch|p2a: Indeedee|Indeedee-F, L50, F|100/100
|switch|p2b: Hatterene|Hatterene, L50, F|100/100
|-fieldstart|move: Psychic Terrain|[from] ability: Psychic Surge|[of] p2a: Indeedee
|-enditem|p2a: Indeedee|Psychic Seed
|-boost|p2a: Indeedee|spd|1|[from] item: Psychic Seed
|turn|1
|
|t:|1757202727
|move|p2b: Hatterene|Protect|p2b: Hatterene
|-singleturn|p2b: Hatterene|Protect
|move|p1a: Party People|Nasty Plot|p1a: Party People
|-boost|p1a: Party People|spa|2
|move|p1b: Big Fish|Scald|p2a: Indeedee
|-damage|p2a: Indeedee|83/100
|move|p2a: Indeedee|Trick Room|p2a: Indeedee
|-fieldstart|move: Trick Room|[of] p2a: Indeedee
|
|upkeep
|turn|2
|
|t:|1757202746
|move|p2a: Indeedee|Helping Hand|p2b: Hatterene
|-singleturn|p2b: Hatterene|Helping Hand|[of] p2a: Indeedee
|move|p2b: Hatterene|Expanding Force|p1b: Big Fish|[spread] p1a,p1b
|-resisted|p1a: Party People
|-damage|p1a: Party People|30/100
|-damage|p1b: Big Fish|6/100
|-damage|p2b: Hatterene|91/100|[from] item: Life Orb
|move|p1b: Big Fish|Scald|p2a: Indeedee
|-damage|p2a: Indeedee|65/100
|move|p1a: Party People|Make It Rain|p2a: Indeedee|[spread] p2a,p2b
|-supereffective|p2b: Hatterene
|-damage|p2a: Indeedee|0 fnt
|-damage|p2b: Hatterene|0 fnt
|-unboost|p1a: Party People|spa|1
|faint|p2a: Indeedee
|faint|p2b: Hatterene
|-damage|p1a: Party People|20/100|[from] item: Life Orb
|
|upkeep
|
|t:|1757202762
|switch|p2b: Torkoal|Torkoal, L50, M|100/100
|switch|p2a: Gallade|Gallade, L50, M|100/100
|-weather|SunnyDay|[from] ability: Drought|[of] p2b: Torkoal
|turn|3
|inactive|is_katabo has 30 seconds left.
|
|t:|1757202792
|-terastallize|p2b: Torkoal|Fire
|move|p1b: Big Fish|Protect|p1b: Big Fish
|-singleturn|p1b: Big Fish|Protect
|move|p2b: Torkoal|Eruption|p1b: Big Fish|[spread] p1a
|-activate|p1b: Big Fish|move: Protect
|-supereffective|p1a: Party People
|-damage|p1a: Party People|0 fnt
|faint|p1a: Party People
|move|p2a: Gallade|Sacred Sword|p1b: Big Fish
|-activate|p1b: Big Fish|move: Protect
|
|-weather|SunnyDay|[upkeep]
|upkeep
|
|t:|1757202814
|switch|p1a: Homage|Ursaluna-Bloodmoon, L50, M|100/100
|turn|4
|
|t:|1757202824
|-terastallize|p1a: Homage|Water
|move|p2b: Torkoal|Eruption|p1a: Homage|[spread] p1a,p1b
|-resisted|p1a: Homage
|-resisted|p1b: Big Fish
|-damage|p1a: Homage|46/100
|-damage|p1b: Big Fish|0 fnt
|faint|p1b: Big Fish
|move|p1a: Homage|Earth Power|p2b: Torkoal
|-supereffective|p2b: Torkoal
|-damage|p2b: Torkoal|0 fnt
|faint|p2b: Torkoal
|move|p2a: Gallade|Sacred Sword|p1a: Homage
|-damage|p1a: Homage|0 fnt
|faint|p1a: Homage
|
|-weather|SunnyDay|[upkeep]
|upkeep
|
|t:|1757202838
|switch|p1b: Yeah Right|Incineroar, L50, F|100/100
|-ability|p1b: Yeah Right|Intimidate|boost
|-fail|p2a: Gallade|unboost|[from] item: Clear Amulet|[of] p2a: Gallade
|turn|5
|
|t:|1757202844
|move|p2a: Gallade|Sacred Sword|p1b: Yeah Right
|-supereffective|p1b: Yeah Right
|-damage|p1b: Yeah Right|0 fnt
|faint|p1b: Yeah Right
|
|win|huezinhu
||huezinhu is ready for game 2.
||is_katabo is ready for game 2.
|uhtml|next|Next: Game 2 of 3
