|j|☆merrypasta
|j|‽squigglybuff
|html|merrypastasquigglybuff    
|uhtml|bestof|Game 3 of a best-of-3
|t:|1756914155
|gametype|doubles
|player|p1|merrypasta|carmine|
|player|p2|squigglybuff|169|
|gen|9
|tier|[Gen 9] VGC 2025 Reg H (Bo3)
|rule|Species Clause: Limit one of each Pokémon
|rule|Item Clause: Limit 1 of each item
|clearpoke
|poke|p1|Murkrow, L50, M|
|poke|p1|Brambleghast, L50, F|
|poke|p1|Gardevoir, L50, F|
|poke|p1|Primarina, L50, F|
|poke|p1|Jolteon, L50, M|
|poke|p1|Politoed, L50, M|
|poke|p2|Bisharp, L50, M|
|poke|p2|Clefable, L50, F|
|poke|p2|Porygon-Z, L50|
|poke|p2|Dragapult, L50, F|
|poke|p2|Cinderace, L50, M|
|poke|p2|Murkrow, L50, M|
|teampreview|4
|showteam|p1|Murkrow||Eviolite|Prankster|FoulPlay,Taunt,ThunderWave,Tailwind|||M|||50|,,,,,Ghost]Brambleghast||FocusSash|WindRider|PowerWhip,Poltergeist,Protect,ShadowSneak|||F|||50|,,,,,Ghost]Gardevoir||ChoiceScarf|Trace|Moonblast,Psychic,DazzlingGleam,Trick|||F|||50|,,,,,Fairy]Primarina||LifeOrb|LiquidVoice|HyperVoice,Moonblast,Protect,IceBeam|||F|||50|,,,,,Poison]Jolteon||ChoiceSpecs|QuickFeet|Thunder,WeatherBall,AlluringVoice,VoltSwitch|||M|||50|,,,,,Grass]Politoed||Leftovers|Drizzle|WeatherBall,PerishSong,Protect,HelpingHand|||M|||50|,,,,,Grass
|showteam|p2|Bisharp||Eviolite|Defiant|SuckerPunch,IronHead,SwordsDance,Protect|||M|||50|,,,,,Fairy]Clefable||SitrusBerry|Unaware|Moonblast,FollowMe,HelpingHand,Protect|||F|||50|,,,,,Steel]Porygon-Z||LifeOrb|Adaptability|TeraBlast,NastyPlot,TriAttack,Protect||||||50|,,,,,Fairy]Dragapult||ChoiceSpecs|ClearBody|ShadowBall,DracoMeteor,Uturn,Flamethrower|||F|||50|,,,,,Ghost]Cinderace||ChoiceBand|Libero|PyroBall,Uturn,SuckerPunch,Coaching|||M|||50|,,,,,Fire]Murkrow||FocusSash|Prankster|Tailwind,Haze,FoulPlay,Taunt|||M|||50|,,,,,Ghost
|
|t:|1756914186
|teamsize|p1|4
|teamsize|p2|4
|start
|switch|p1a: Murkrow|Murkrow, L50, M|100/100
|switch|p1b: Primarina|Primarina, L50, F|100/100
|switch|p2a: Clefable|Clefable, L50, F|100/100
|switch|p2b: Porygon-Z|Porygon-Z, L50|100/100
|turn|1
|
|t:|1756914208
|move|p1a: Murkrow|Tailwind|p1a: Murkrow
|-sidestart|p1: merrypasta|move: Tailwind
|move|p1b: Primarina|Hyper Voice|p2a: Clefable|[spread] p2a,p2b
|-damage|p2a: Clefable|52/100
|-damage|p2b: Porygon-Z|35/100
|-damage|p1b: Primarina|91/100|[from] item: Life Orb
|move|p2b: Porygon-Z|Nasty Plot|p2b: Porygon-Z
|-boost|p2b: Porygon-Z|spa|2
|move|p2a: Clefable|Moonblast|p1b: Primarina
|-damage|p1b: Primarina|60/100
|-unboost|p1b: Primarina|spa|1
|
|upkeep
|turn|2
|c|☆merrypasta|:(
|
|t:|1756914225
|move|p2b: Porygon-Z|Protect|p2b: Porygon-Z
|-singleturn|p2b: Porygon-Z|Protect
|move|p1a: Murkrow|Foul Play|p2b: Porygon-Z
|-activate|p2b: Porygon-Z|move: Protect
|move|p1b: Primarina|Hyper Voice|p2b: Porygon-Z|[spread] p2a
|-activate|p2b: Porygon-Z|move: Protect
|-damage|p2a: Clefable|6/100
|-enditem|p2a: Clefable|Sitrus Berry|[eat]
|-heal|p2a: Clefable|31/100|[from] item: Sitrus Berry
|-damage|p1b: Primarina|50/100|[from] item: Life Orb
|move|p2a: Clefable|Moonblast|p1b: Primarina
|-damage|p1b: Primarina|22/100
|
|upkeep
|turn|3
|
|t:|1756914250
|move|p2a: Clefable|Follow Me|p2a: Clefable
|-singleturn|p2a: Clefable|move: Follow Me
|move|p1a: Murkrow|Foul Play|p2a: Clefable
|-resisted|p2a: Clefable
|-damage|p2a: Clefable|23/100
|move|p1b: Primarina|Hyper Voice|p2a: Clefable|[spread] p2a,p2b
|-damage|p2a: Clefable|0 fnt
|-damage|p2b: Porygon-Z|0 fnt
|faint|p2a: Clefable
|faint|p2b: Porygon-Z
|-damage|p1b: Primarina|12/100|[from] item: Life Orb
|
|upkeep
|c|☆merrypasta|oh my god
|c|☆merrypasta|oh its fine
|
|t:|1756914258
|switch|p2b: Cinderace|Cinderace, L50, M|100/100
|switch|p2a: Bisharp|Bisharp, L50, M|100/100
|turn|4
|
|t:|1756914276
|switch|p1b: Gardevoir|Gardevoir, L50, F|100/100
|-ability|p1b: Gardevoir|Libero|Trace|[from] ability: Trace|[of] p2b: Cinderace
|move|p1a: Murkrow|Thunder Wave|p2b: Cinderace
|-status|p2b: Cinderace|par
|move|p2b: Cinderace|Sucker Punch||[still]
|-fail|p2b: Cinderace
|move|p2a: Bisharp|Swords Dance|p2a: Bisharp
|-boost|p2a: Bisharp|atk|2
|
|-sideend|p1: merrypasta|move: Tailwind
|upkeep
|turn|5
|
|t:|1756914302
|-terastallize|p1b: Gardevoir|Fairy
|move|p2b: Cinderace|Sucker Punch|p1b: Gardevoir
|-start|p2b: Cinderace|typechange|Dark|[from] ability: Libero
|-resisted|p1b: Gardevoir
|-crit|p1b: Gardevoir
|-damage|p1b: Gardevoir|39/100
|move|p1b: Gardevoir|Dazzling Gleam|p2b: Cinderace|[spread] p2a,p2b
|-supereffective|p2b: Cinderace
|-damage|p2a: Bisharp|62/100
|-damage|p2b: Cinderace|0 fnt
|faint|p2b: Cinderace
|move|p1a: Murkrow|Foul Play|p2a: Bisharp
|-resisted|p2a: Bisharp
|-damage|p2a: Bisharp|27/100
|move|p2a: Bisharp|Iron Head|p1a: Murkrow
|-damage|p1a: Murkrow|6/100
|
|upkeep
|turn|6
|c|☆merrypasta|:(
|c|☆merrypasta|oh okay i win
|
|t:|1756914317
|move|p2a: Bisharp|Sucker Punch|p1b: Gardevoir
|-resisted|p1b: Gardevoir
|-damage|p1b: Gardevoir|0 fnt
|faint|p1b: Gardevoir
|move|p1a: Murkrow|Foul Play|p2a: Bisharp
|-resisted|p2a: Bisharp
|-damage|p2a: Bisharp|0 fnt
|faint|p2a: Bisharp
|
|win|merrypasta
