|j|☆exessvgc
|j|☆Maffles
|html|exessvgcMaffles    
|uhtml|bestof|Game 1 of a best-of-3
|t:|1783862468
|gametype|doubles
|player|p1|exessvgc|169|1158
|player|p2|Maffles|101|1244
|gen|9
|tier|[Gen 9 Champions] VGC 2026 Reg M-B (Bo3)
|rated|
|rule|Species Clause: Limit one of each Pokémon
|rule|Item Clause: Limit 1 of each item
|clearpoke
|poke|p1|Blaziken, L50, M|
|poke|p1|Aerodactyl, L50, F|
|poke|p1|Kingambit, L50, F|
|poke|p1|Basculegion, L50, M|
|poke|p1|Sylveon, L50, M|
|poke|p1|Torkoal, L50, M|
|poke|p2|Gengar, L50, M|
|poke|p2|Kingambit, L50, M|
|poke|p2|Ninetales-Alola, L50, M|
|poke|p2|Toxapex, L50, F|
|poke|p2|Basculegion, L50, M|
|poke|p2|Lopunny, L50, M|
|teampreview|4
|showteam|p1|Blaziken||Blazikenite|SpeedBoost|FlareBlitz,CloseCombat,Protect,RockSlide|Adamant||M|||50|]Aerodactyl||Aerodactylite|Unnerve|RockSlide,DualWingbeat,IceFang,Tailwind|Jolly||F|||50|]Kingambit||LifeOrb|Defiant|KowtowCleave,Protect,IronHead,SuckerPunch|Adamant||F|||50|]Basculegion||FocusSash|Adaptability|Liquidation,Protect,LastRespects,AquaJet|Adamant||M|||50|]Sylveon||FairyFeather|Pixilate|HyperVoice,Moonblast,QuickAttack,Protect|Modest||M|||50|]Torkoal||Leftovers|Drought|BurningJealousy,WeatherBall,Protect,Yawn|Relaxed||M|||50|
|showteam|p2|Gengar||Gengarite|CursedBody|SludgeBomb,Disable,PerishSong,Protect|Timid||M|||50|]Kingambit||ChopleBerry|Defiant|KowtowCleave,SuckerPunch,SwordsDance,Protect|Brave||M|||50|]Ninetales-Alola||FocusSash|SnowWarning|Blizzard,Moonblast,Encore,Protect|Timid||M|||50|]Toxapex||Leftovers|Regenerator|Infestation,Toxic,WideGuard,BanefulBunker|Bold||F|||50|]Basculegion||SitrusBerry|Adaptability|LastRespects,FlipTurn,Soak,Protect|Sassy||M|||50|]Lopunny||Lopunnite|CuteCharm|CloseCombat,FakeOut,Encore,Protect|Jolly||M|||50|
|inactive|Battle timer is ON: inactive players will automatically lose when time's up. (requested by Maffles)
|inactive|exessvgc has 60 seconds left.
|inactive|exessvgc has 30 seconds left.
|inactive|exessvgc has 20 seconds left.
|inactive|exessvgc has 15 seconds left.
|inactive|exessvgc has 10 seconds left.
|inactive|exessvgc has 5 seconds left.
|
|t:|1783862597
|teamsize|p1|4
|teamsize|p2|4
|start
|switch|p1a: Blaziken|Blaziken, L50, M|100/100
|switch|p1b: Aerodactyl|Aerodactyl, L50, F|100/100
|switch|p2a: Gengar|Gengar, L50, M|100/100
|switch|p2b: Lopunny|Lopunny, L50, M|100/100
|-ability|p1b: Aerodactyl|Unnerve
|turn|1
|
|t:|1783862622
|switch|p1b: Basculegion|Basculegion, L50, M|100/100
|detailschange|p2a: Gengar|Gengar-Mega, L50, M
|-mega|p2a: Gengar|Gengar|Gengarite
|detailschange|p1a: Blaziken|Blaziken-Mega, L50, M
|-mega|p1a: Blaziken|Blaziken|Blazikenite
|move|p2b: Lopunny|Fake Out|p1a: Blaziken
|-damage|p1a: Blaziken|78/100
|move|p2a: Gengar|Perish Song|p2a: Gengar
|-start|p1a: Blaziken|perish3|[silent]
|-start|p1b: Basculegion|perish3|[silent]
|-start|p2a: Gengar|perish3|[silent]
|-start|p2b: Lopunny|perish3|[silent]
|-fieldactivate|move: Perish Song
|cant|p1a: Blaziken|flinch
|
|-start|p2a: Gengar|perish3
|-start|p2b: Lopunny|perish3
|-start|p1a: Blaziken|perish3
|-start|p1b: Basculegion|perish3
|-ability|p1a: Blaziken|Speed Boost|boost
|-boost|p1a: Blaziken|spe|1
|upkeep
|turn|2
|inactive|exessvgc has 30 seconds left.
|inactive|exessvgc has 20 seconds left.
|
|t:|1783862658
|switch|p2b: Basculegion|Basculegion, L50, M|100/100
|move|p2a: Gengar|Protect|p2a: Gengar
|-singleturn|p2a: Gengar|Protect
|move|p1a: Blaziken|Rock Slide|p2b: Basculegion|[spread] p2b
|-activate|p2a: Gengar|move: Protect
|-damage|p2b: Basculegion|75/100
|move|p1b: Basculegion|Liquidation|p2b: Basculegion
|-resisted|p2b: Basculegion|1
|-damage|p2b: Basculegion|46/100
|-enditem|p2b: Basculegion|Sitrus Berry|[eat]
|-heal|p2b: Basculegion|71/100|[from] item: Sitrus Berry
|
|-start|p1a: Blaziken|perish2
|-start|p2a: Gengar|perish2
|-start|p1b: Basculegion|perish2
|-ability|p1a: Blaziken|Speed Boost|boost
|-boost|p1a: Blaziken|spe|1
|upkeep
|turn|3
|inactive|exessvgc has 30 seconds left.
|
|t:|1783862684
|switch|p2a: Lopunny|Lopunny, L50, M|100/100
|move|p1a: Blaziken|Protect|p1a: Blaziken
|-singleturn|p1a: Blaziken|Protect
|move|p1b: Basculegion|Last Respects|p2b: Basculegion
|-supereffective|p2b: Basculegion|1
|-damage|p2b: Basculegion|5/100
|move|p2b: Basculegion|Soak|p1b: Basculegion
|-start|p1b: Basculegion|typechange|Water
|
|-start|p1a: Blaziken|perish1
|-start|p1b: Basculegion|perish1
|-ability|p1a: Blaziken|Speed Boost|boost
|-boost|p1a: Blaziken|spe|1
|upkeep
|turn|4
|
|t:|1783862708
|switch|p1a: Aerodactyl|Aerodactyl, L50, F|100/100
|-ability|p1a: Aerodactyl|Unnerve
|switch|p1b: Kingambit|Kingambit, L50, F|100/100
|move|p2a: Lopunny|Close Combat|p1a: Aerodactyl
|-damage|p1a: Aerodactyl|57/100
|-unboost|p2a: Lopunny|def|1
|-unboost|p2a: Lopunny|spd|1
|move|p2b: Basculegion|Flip Turn|p1b: Kingambit
|-damage|p1b: Kingambit|77/100
|
|t:|1783862716
|switch|p2b: Gengar|Gengar-Mega, L50, M|100/100|[from] Flip Turn
|
|upkeep
|turn|5
|
|t:|1783862738
|switch|p2b: Kingambit|Kingambit, L50, M|100/100
|move|p1a: Aerodactyl|Dual Wingbeat|p2a: Lopunny
|-damage|p2a: Lopunny|65/100
|-start|p1a: Aerodactyl|Attract|[from] ability: Cute Charm|[of] p2a: Lopunny
|-damage|p2a: Lopunny|26/100
|-hitcount|p2a: Lopunny|2
|move|p2a: Lopunny|Close Combat|p1b: Kingambit
|-supereffective|p1b: Kingambit|2
|-damage|p1b: Kingambit|0 fnt
|-unboost|p2a: Lopunny|def|1
|-unboost|p2a: Lopunny|spd|1
|faint|p1b: Kingambit
|
|upkeep
|
|t:|1783862749
|switch|p1b: Blaziken|Blaziken-Mega, L50, M|78/100
|turn|6
|
|t:|1783862769
|-activate|p1a: Aerodactyl|move: Attract|[of] p2a: Lopunny
|move|p1a: Aerodactyl|Dual Wingbeat|p2a: Lopunny
|-damage|p2a: Lopunny|0 fnt
|faint|p2a: Lopunny
|-hitcount|p2: Lopunny|1
|-end|p1a: Aerodactyl|Attract|[silent]
|move|p1b: Blaziken|Flare Blitz|p2b: Kingambit
|-supereffective|p2b: Kingambit|1
|-damage|p2b: Kingambit|0 fnt
|faint|p2b: Kingambit
|-damage|p1b: Blaziken|35/100|[from] Recoil
|
|-ability|p1b: Blaziken|Speed Boost|boost
|-boost|p1b: Blaziken|spe|1
|upkeep
|
|t:|1783862774
|switch|p2a: Basculegion|Basculegion, L50, M|5/100
|switch|p2b: Gengar|Gengar-Mega, L50, M|100/100
|turn|7
|-message|Maffles forfeited.
|
|win|exessvgc
|l|☆Maffles
|player|p2|
||exessvgc is ready for game 2.
||Maffles is ready for game 2.
|uhtml|next|Next: Game 2 of 3
