|j|☆Notaplaceofhonor
|j|☆FALL3N_DWN
|html|NotaplaceofhonorFALL3N_DWN    
|uhtml|bestof|Game 1 of a best-of-3
|t:|1757115883
|gametype|doubles
|player|p1|Notaplaceofhonor|juan-gen3|1155
|player|p2|FALL3N_DWN|carmine-festival|1126
|gen|9
|tier|[Gen 9] VGC 2025 Reg H (Bo3)
|rated|
|rule|Species Clause: Limit one of each Pokémon
|rule|Item Clause: Limit 1 of each item
|clearpoke
|poke|p1|Dondozo, L50, F|
|poke|p1|Tatsugiri, L50, F|
|poke|p1|Glimmora, L50, M|
|poke|p1|Talonflame, L50, F|
|poke|p1|Gholdengo, L50|
|poke|p1|Annihilape, L50, M|
|poke|p2|Electabuzz, L50, F|
|poke|p2|Kingambit, L50, M|
|poke|p2|Volcarona, L50, M|
|poke|p2|Dragonite, L50, F|
|poke|p2|Sneasler, L50, M|
|poke|p2|Rillaboom, L50, M|
|teampreview|4
|showteam|p1|Dondozo||Leftovers|Unaware|Protect,WaveCrash,OrderUp,Earthquake|||F|||50|,,,,,Grass]Tatsugiri||FocusSash|Commander|Protect,DragonPulse,DracoMeteor,MuddyWater|||F|||50|,,,,,Stellar]Glimmora||PowerHerb|ToxicDebris|SpikyShield,MeteorBeam,SludgeBomb,EarthPower|||M|||50|,,,,,Grass]Talonflame||LifeOrb|GaleWings|Protect,Tailwind,BraveBird,FlareBlitz|||F|||50|,,,,,Flying]Gholdengo||ChoiceSpecs|GoodasGold|MakeItRain,ShadowBall,Thunderbolt,Trick||||||50|,,,,,Steel]Annihilape||SafetyGoggles|Defiant|CloseCombat,FinalGambit,RageFist,Taunt|||M|||50|,,,,,Fire
|showteam|p2|Electabuzz||Eviolite|VitalSpirit|FollowMe,Thunderbolt,Taunt,Protect|||F|||50|,,,,,Ghost]Kingambit||BlackGlasses|Defiant|KowtowCleave,SuckerPunch,SwordsDance,Protect|||M|||50|,,,,,Dark]Volcarona||Leftovers|FlameBody|HeatWave,TeraBlast,QuiverDance,Protect|||M|||50|,,,,,Fairy]Dragonite||LoadedDice|Multiscale|ScaleShot,ExtremeSpeed,Haze,Protect|||F|||50|,,,,,Fairy]Sneasler||FocusSash|Unburden|DireClaw,CloseCombat,Coaching,FakeOut|||M|||50|,,,,,Stellar]Rillaboom||AssaultVest|GrassySurge|FakeOut,WoodHammer,GrassyGlide,HighHorsepower|||M|||50|,,,,,Fire
|
|t:|1757116044
|teamsize|p1|4
|teamsize|p2|4
|start
|switch|p1a: Talonflame|Talonflame, L50, F|100/100
|switch|p1b: Annihilape|Annihilape, L50, M|100/100
|switch|p2a: Electabuzz|Electabuzz, L50, F|100/100
|switch|p2b: Kingambit|Kingambit, L50, M|100/100
|turn|1
|inactive|Battle timer is ON: inactive players will automatically lose when time's up. (requested by FALL3N_DWN)
|
|t:|1757116084
|move|p2b: Kingambit|Protect|p2b: Kingambit
|-singleturn|p2b: Kingambit|Protect
|move|p1a: Talonflame|Tailwind|p1a: Talonflame
|-sidestart|p1: Notaplaceofhonor|move: Tailwind
|move|p1b: Annihilape|Final Gambit|p2b: Kingambit
|-activate|p2b: Kingambit|move: Protect
|move|p2a: Electabuzz|Thunderbolt|p1a: Talonflame
|-supereffective|p1a: Talonflame
|-damage|p1a: Talonflame|9/100
|
|upkeep
|turn|2
|inactive|FALL3N_DWN has 30 seconds left.
|inactive|Notaplaceofhonor has 30 seconds left.
|inactive|FALL3N_DWN has 20 seconds left.
|inactive|Notaplaceofhonor has 20 seconds left.
|
|t:|1757116124
|-terastallize|p2a: Electabuzz|Ghost
|move|p1a: Talonflame|Protect|p1a: Talonflame
|-singleturn|p1a: Talonflame|Protect
|move|p2a: Electabuzz|Follow Me|p2a: Electabuzz
|-singleturn|p2a: Electabuzz|move: Follow Me
|move|p1b: Annihilape|Close Combat|p2a: Electabuzz
|-immune|p2a: Electabuzz
|move|p2b: Kingambit|Kowtow Cleave|p1a: Talonflame
|-activate|p1a: Talonflame|move: Protect
|
|upkeep
|turn|3
|inactive|Notaplaceofhonor has 30 seconds left.
|
|t:|1757116153
|switch|p1a: Dondozo|Dondozo, L50, F|100/100
|move|p2a: Electabuzz|Follow Me|p2a: Electabuzz
|-singleturn|p2a: Electabuzz|move: Follow Me
|move|p1b: Annihilape|Close Combat|p2a: Electabuzz
|-immune|p2a: Electabuzz
|move|p2b: Kingambit|Swords Dance|p2b: Kingambit
|-boost|p2b: Kingambit|atk|2
|
|upkeep
|turn|4
|inactive|FALL3N_DWN has 30 seconds left.
|inactive|FALL3N_DWN has 20 seconds left.
|inactive|FALL3N_DWN has 15 seconds left.
|inactive|FALL3N_DWN has 10 seconds left.
|
|t:|1757116201
|move|p2a: Electabuzz|Protect|p2a: Electabuzz
|-singleturn|p2a: Electabuzz|Protect
|move|p2b: Kingambit|Protect|p2b: Kingambit
|-singleturn|p2b: Kingambit|Protect
|move|p1b: Annihilape|Rage Fist|p2a: Electabuzz
|-activate|p2a: Electabuzz|move: Protect
|move|p1a: Dondozo|Wave Crash|p2a: Electabuzz
|-activate|p2a: Electabuzz|move: Protect
|
|-sideend|p1: Notaplaceofhonor|move: Tailwind
|upkeep
|turn|5
|
|t:|1757116215
|move|p2a: Electabuzz|Follow Me|p2a: Electabuzz
|-singleturn|p2a: Electabuzz|move: Follow Me
|move|p1b: Annihilape|Rage Fist|p2a: Electabuzz
|-supereffective|p2a: Electabuzz
|-damage|p2a: Electabuzz|69/100
|move|p1a: Dondozo|Wave Crash|p2a: Electabuzz
|-damage|p2a: Electabuzz|32/100
|-damage|p1a: Dondozo|91/100|[from] Recoil
|move|p2b: Kingambit|Kowtow Cleave|p1a: Dondozo
|-damage|p1a: Dondozo|46/100
|
|-heal|p1a: Dondozo|52/100|[from] item: Leftovers
|upkeep
|turn|6
|inactive|FALL3N_DWN has 30 seconds left.
|
|t:|1757116250
|switch|p1a: Talonflame|Talonflame, L50, F|9/100
|move|p2a: Electabuzz|Follow Me|p2a: Electabuzz
|-singleturn|p2a: Electabuzz|move: Follow Me
|move|p1b: Annihilape|Rage Fist|p2a: Electabuzz
|-supereffective|p2a: Electabuzz
|-damage|p2a: Electabuzz|0 fnt
|faint|p2a: Electabuzz
|move|p2b: Kingambit|Swords Dance|p2b: Kingambit
|-boost|p2b: Kingambit|atk|2
|
|upkeep
|
|t:|1757116273
|switch|p2a: Rillaboom|Rillaboom, L50, M|100/100
|-fieldstart|move: Grassy Terrain|[from] ability: Grassy Surge|[of] p2a: Rillaboom
|turn|7
|
|t:|1757116298
|move|p2a: Rillaboom|Grassy Glide|p1a: Talonflame
|-resisted|p1a: Talonflame
|-damage|p1a: Talonflame|0 fnt
|faint|p1a: Talonflame
|move|p2b: Kingambit|Sucker Punch|p1b: Annihilape
|-damage|p1b: Annihilape|0 fnt
|faint|p1b: Annihilape
|
|upkeep
|
|t:|1757116303
|switch|p1a: Dondozo|Dondozo, L50, F|52/100
|switch|p1b: Tatsugiri|Tatsugiri, L50, F|100/100
|-activate|p1b: Tatsugiri|ability: Commander|[of] p1a: Dondozo
|-boost|p1a: Dondozo|atk|2
|-boost|p1a: Dondozo|spa|2
|-boost|p1a: Dondozo|spe|2
|-boost|p1a: Dondozo|def|2
|-boost|p1a: Dondozo|spd|2
|turn|8
|inactive|FALL3N_DWN has 30 seconds left.
|inactive|FALL3N_DWN has 20 seconds left.
|inactive|FALL3N_DWN has 15 seconds left.
|
|t:|1757116345
|switch|p2a: Dragonite|Dragonite, L50, F|100/100
|-terastallize|p1a: Dondozo|Grass
|move|p2b: Kingambit|Sucker Punch|p1a: Dondozo
|-damage|p1a: Dondozo|37/100
|move|p1a: Dondozo|Order Up|p2a: Dragonite
|-supereffective|p2a: Dragonite
|-damage|p2a: Dragonite|51/100
|-boost|p1a: Dondozo|atk|1
|
|-heal|p1a: Dondozo|43/100|[from] Grassy Terrain
|-heal|p1a: Dondozo|49/100|[from] item: Leftovers
|upkeep
|turn|9
|inactive|Notaplaceofhonor has 30 seconds left.
|inactive|Notaplaceofhonor has 20 seconds left.
|inactive|Notaplaceofhonor has 15 seconds left.
|
|t:|1757116385
|switch|p2b: Rillaboom|Rillaboom, L50, M|100/100
|move|p2a: Dragonite|Protect|p2a: Dragonite
|-singleturn|p2a: Dragonite|Protect
|move|p1a: Dondozo|Order Up|p2a: Dragonite
|-activate|p2a: Dragonite|move: Protect
|
|-heal|p1a: Dondozo|55/100|[from] Grassy Terrain
|-heal|p1a: Dondozo|61/100|[from] item: Leftovers
|upkeep
|turn|10
|
|t:|1757116393
|move|p2b: Rillaboom|Fake Out|p1a: Dondozo
|-damage|p1a: Dondozo|56/100
|cant|p1a: Dondozo|flinch
|move|p2a: Dragonite|Haze|p2a: Dragonite
|-clearallboost
|
|-heal|p1a: Dondozo|62/100|[from] Grassy Terrain
|-heal|p1a: Dondozo|68/100|[from] item: Leftovers
|upkeep
|turn|11
|inactive|FALL3N_DWN has 30 seconds left.
|
|t:|1757116424
|switch|p2b: Kingambit|Kingambit, L50, M|100/100
|move|p2a: Dragonite|Protect|p2a: Dragonite
|-singleturn|p2a: Dragonite|Protect
|move|p1a: Dondozo|Order Up|p2b: Kingambit
|-resisted|p2b: Kingambit
|-damage|p2b: Kingambit|93/100
|-boost|p1a: Dondozo|atk|1
|
|-heal|p1a: Dondozo|75/100|[from] Grassy Terrain
|-heal|p1a: Dondozo|81/100|[from] item: Leftovers
|-heal|p2b: Kingambit|99/100|[from] Grassy Terrain
|-fieldend|move: Grassy Terrain
|upkeep
|turn|12
|inactive|Notaplaceofhonor has 30 seconds left.
|inactive|Notaplaceofhonor has 20 seconds left.
|inactive|Notaplaceofhonor has 15 seconds left.
|
|t:|1757116465
|switch|p2a: Rillaboom|Rillaboom, L50, M|100/100
|-fieldstart|move: Grassy Terrain|[from] ability: Grassy Surge|[of] p2a: Rillaboom
|move|p1a: Dondozo|Order Up|p2a: Rillaboom
|-damage|p2a: Rillaboom|72/100
|-boost|p1a: Dondozo|atk|1
|move|p2b: Kingambit|Swords Dance|p2b: Kingambit
|-boost|p2b: Kingambit|atk|2
|
|-heal|p2a: Rillaboom|78/100|[from] Grassy Terrain
|-heal|p1a: Dondozo|87/100|[from] Grassy Terrain
|-heal|p1a: Dondozo|93/100|[from] item: Leftovers
|-heal|p2b: Kingambit|100/100|[from] Grassy Terrain
|upkeep
|turn|13
|
|t:|1757116484
|move|p1a: Dondozo|Protect|p1a: Dondozo
|-singleturn|p1a: Dondozo|Protect
|move|p2a: Rillaboom|Fake Out|p1a: Dondozo
|-activate|p1a: Dondozo|move: Protect
|move|p2b: Kingambit|Swords Dance|p2b: Kingambit
|-boost|p2b: Kingambit|atk|2
|
|-heal|p2a: Rillaboom|84/100|[from] Grassy Terrain
|-heal|p1a: Dondozo|99/100|[from] Grassy Terrain
|-heal|p1a: Dondozo|100/100|[from] item: Leftovers
|upkeep
|turn|14
|
|t:|1757116500
|move|p2a: Rillaboom|Wood Hammer|p1a: Dondozo
|-resisted|p1a: Dondozo
|-damage|p1a: Dondozo|75/100
|-damage|p2a: Rillaboom|75/100|[from] Recoil
|move|p1a: Dondozo|Order Up|p2a: Rillaboom
|-damage|p2a: Rillaboom|37/100
|-boost|p1a: Dondozo|atk|1
|move|p2b: Kingambit|Kowtow Cleave|p1a: Dondozo
|-damage|p1a: Dondozo|33/100
|
|-heal|p2a: Rillaboom|43/100|[from] Grassy Terrain
|-heal|p1a: Dondozo|39/100|[from] Grassy Terrain
|-heal|p1a: Dondozo|45/100|[from] item: Leftovers
|upkeep
|turn|15
|
|t:|1757116521
|move|p1a: Dondozo|Protect|p1a: Dondozo
|-singleturn|p1a: Dondozo|Protect
|move|p2a: Rillaboom|Grassy Glide|p1a: Dondozo
|-activate|p1a: Dondozo|move: Protect
|move|p2b: Kingambit|Sucker Punch||[still]
|-fail|p2b: Kingambit
|
|-heal|p2a: Rillaboom|49/100|[from] Grassy Terrain
|-heal|p1a: Dondozo|52/100|[from] Grassy Terrain
|-heal|p1a: Dondozo|58/100|[from] item: Leftovers
|upkeep
|turn|16
|
|t:|1757116532
|move|p2a: Rillaboom|Wood Hammer|p1a: Dondozo
|-resisted|p1a: Dondozo
|-damage|p1a: Dondozo|32/100
|-damage|p2a: Rillaboom|40/100|[from] Recoil
|move|p1a: Dondozo|Order Up|p2a: Rillaboom
|-damage|p2a: Rillaboom|0 fnt
|faint|p2a: Rillaboom
|-boost|p1a: Dondozo|atk|1
|move|p2b: Kingambit|Kowtow Cleave|p1a: Dondozo
|-damage|p1a: Dondozo|0 fnt
|faint|p1a: Dondozo
|
|-fieldend|move: Grassy Terrain
|upkeep
|
|t:|1757116543
|switch|p2a: Dragonite|Dragonite, L50, F|51/100
|turn|17
|
|t:|1757116552
|move|p2a: Dragonite|Extreme Speed|p1b: Tatsugiri
|-crit|p1b: Tatsugiri
|-damage|p1b: Tatsugiri|6/100
|move|p2b: Kingambit|Sucker Punch|p1b: Tatsugiri
|-damage|p1b: Tatsugiri|0 fnt
|faint|p1b: Tatsugiri
|
|win|FALL3N_DWN
||FALL3N_DWN is ready for game 2.
|inactive|Notaplaceofhonor has 30 seconds to confirm battle start!
|inactive|Notaplaceofhonor has 20 seconds to confirm battle start!
|inactive|Notaplaceofhonor has 10 seconds to confirm battle start!
|uhtml|next|Next: Game 2 of 3
