|j|☆is_katabo
|j|☆eriksp
|html|is_kataboeriksp    
|uhtml|bestof|Game 1 of a best-of-3
|t:|1757203574
|gametype|doubles
|player|p1|is_katabo|barry|
|player|p2|eriksp|calem-masters|
|gen|9
|tier|[Gen 9] VGC 2025 Reg H (Bo3)
|rule|Species Clause: Limit one of each Pokémon
|rule|Item Clause: Limit 1 of each item
|clearpoke
|poke|p1|Milotic, L50, M|
|poke|p1|Incineroar, L50, F|
|poke|p1|Amoonguss, L50, F|
|poke|p1|Gholdengo, L50|
|poke|p1|Ursaluna-Bloodmoon, L50, M|
|poke|p1|Dragonite, L50, F|
|poke|p2|Volcarona, L50, F|
|poke|p2|Kingambit, L50, F|
|poke|p2|Dragonite, L50, M|
|poke|p2|Sneasler, L50, M|
|poke|p2|Rillaboom, L50, M|
|poke|p2|Electabuzz, L50, M|
|teampreview|4
|showteam|p1|Milotic||SafetyGoggles|Competitive|Scald,IcyWind,Haze,Protect|||M|||50|,,,,,Dragon]Incineroar||SitrusBerry|Intimidate|FakeOut,KnockOff,FlareBlitz,PartingShot|||F|||50|,,,,,Ghost]Amoonguss||CovertCloak|Regenerator|PollenPuff,RagePowder,Spore,Protect|||F|||50|,,,,,Electric]Gholdengo||LifeOrb|GoodasGold|MakeItRain,ShadowBall,NastyPlot,Protect||||||50|,,,,,Water]Ursaluna-Bloodmoon||AssaultVest|MindsEye|BloodMoon,HyperVoice,EarthPower,VacuumWave|||M|||50|,,,,,Water]Dragonite||LoadedDice|Multiscale|ScaleShot,ExtremeSpeed,Tailwind,Protect|||F|||50|,,,,,Steel
|showteam|p2|Volcarona||Leftovers|FlameBody|HeatWave,TeraBlast,QuiverDance,Protect|||F|||50|,,,,,Fairy]Kingambit||BlackGlasses|Defiant|KowtowCleave,SuckerPunch,SwordsDance,Protect|||F|||50|,,,,,Ghost]Dragonite||LoadedDice|Multiscale|ScaleShot,ExtremeSpeed,Haze,Protect|||M|||50|,,,,,Normal]Sneasler||FocusSash|Unburden|CloseCombat,DireClaw,FakeOut,Coaching|||M|||50|,,,,,Stellar]Rillaboom||AssaultVest|GrassySurge|WoodHammer,GrassyGlide,HighHorsepower,FakeOut|||M|||50|,,,,,Fire]Electabuzz||Eviolite|VitalSpirit|Thunderbolt,Taunt,FollowMe,Protect|||M|||50|,,,,,Ghost
|c|☆eriksp|glhf
|c|☆is_katabo|u2
|
|t:|1757203619
|teamsize|p1|4
|teamsize|p2|4
|start
|switch|p1a: SAMO|Amoonguss, L50, F|100/100
|switch|p1b: Party People|Gholdengo, L50|100/100
|switch|p2a: Volcarona|Volcarona, L50, F|100/100
|switch|p2b: Electabuzz|Electabuzz, L50, M|100/100
|turn|1
|
|t:|1757203635
|switch|p1a: Homage|Ursaluna-Bloodmoon, L50, M|100/100
|move|p2a: Volcarona|Quiver Dance|p2a: Volcarona
|-boost|p2a: Volcarona|spa|1
|-boost|p2a: Volcarona|spd|1
|-boost|p2a: Volcarona|spe|1
|move|p1b: Party People|Nasty Plot|p1b: Party People
|-boost|p1b: Party People|spa|2
|move|p2b: Electabuzz|Taunt|p1a: Homage
|-start|p1a: Homage|move: Taunt
|
|upkeep
|turn|2
|
|t:|1757203663
|move|p1b: Party People|Protect|p1b: Party People
|-singleturn|p1b: Party People|Protect
|move|p2b: Electabuzz|Follow Me|p2b: Electabuzz
|-singleturn|p2b: Electabuzz|move: Follow Me
|move|p2a: Volcarona|Heat Wave|p1b: Party People|[spread] p1a
|-activate|p1b: Party People|move: Protect
|-damage|p1a: Homage|65/100
|move|p1a: Homage|Earth Power|p2b: Electabuzz
|-supereffective|p2b: Electabuzz
|-damage|p2b: Electabuzz|29/100
|
|upkeep
|turn|3
|
|t:|1757203681
|-terastallize|p1b: Party People|Water
|move|p2a: Volcarona|Protect|p2a: Volcarona
|-singleturn|p2a: Volcarona|Protect
|move|p1b: Party People|Make It Rain|p2b: Electabuzz|[spread] p2b
|-activate|p2a: Volcarona|move: Protect
|-resisted|p2b: Electabuzz
|-damage|p2b: Electabuzz|0 fnt
|-unboost|p1b: Party People|spa|1
|faint|p2b: Electabuzz
|-damage|p1b: Party People|91/100|[from] item: Life Orb
|move|p1a: Homage|Blood Moon|p2a: Volcarona
|-activate|p2a: Volcarona|move: Protect
|
|-end|p1a: Homage|move: Taunt
|upkeep
|
|t:|1757203694
|switch|p2b: Rillaboom|Rillaboom, L50, M|100/100
|-fieldstart|move: Grassy Terrain|[from] ability: Grassy Surge|[of] p2b: Rillaboom
|turn|4
|
|t:|1757203721
|move|p1b: Party People|Protect|p1b: Party People
|-singleturn|p1b: Party People|Protect
|move|p2b: Rillaboom|Fake Out|p1b: Party People
|-activate|p1b: Party People|move: Protect
|move|p2a: Volcarona|Quiver Dance|p2a: Volcarona
|-boost|p2a: Volcarona|spa|1
|-boost|p2a: Volcarona|spd|1
|-boost|p2a: Volcarona|spe|1
|move|p1a: Homage|Hyper Voice|p2a: Volcarona|[spread] p2a,p2b
|-damage|p2a: Volcarona|82/100
|-damage|p2b: Rillaboom|75/100
|
|-heal|p2a: Volcarona|88/100|[from] Grassy Terrain
|-heal|p2a: Volcarona|94/100|[from] item: Leftovers
|-heal|p1b: Party People|97/100|[from] Grassy Terrain
|-heal|p2b: Rillaboom|81/100|[from] Grassy Terrain
|-heal|p1a: Homage|70/100|[from] Grassy Terrain
|upkeep
|turn|5
|
|t:|1757203746
|move|p2b: Rillaboom|Grassy Glide|p1b: Party People
|-supereffective|p1b: Party People
|-damage|p1b: Party People|23/100
|move|p2a: Volcarona|Tera Blast|p1b: Party People
|-damage|p1b: Party People|0 fnt
|faint|p1b: Party People
|move|p1a: Homage|Blood Moon|p2b: Rillaboom
|-damage|p2b: Rillaboom|30/100
|
|-heal|p2a: Volcarona|100/100|[from] Grassy Terrain
|-heal|p2b: Rillaboom|36/100|[from] Grassy Terrain
|-heal|p1a: Homage|76/100|[from] Grassy Terrain
|upkeep
|
|t:|1757203762
|switch|p1b: Big Fish|Milotic, L50, M|100/100
|turn|6
|
|t:|1757203788
|-terastallize|p2a: Volcarona|Fairy
|move|p2a: Volcarona|Tera Blast|p1a: Homage|[anim] Tera Blast Fairy
|-damage|p1a: Homage|19/100
|move|p2b: Rillaboom|Wood Hammer|p1b: Big Fish
|-supereffective|p1b: Big Fish
|-damage|p1b: Big Fish|0 fnt
|faint|p1b: Big Fish
|-damage|p2b: Rillaboom|3/100|[from] Recoil
|move|p1a: Homage|Hyper Voice|p2b: Rillaboom|[spread] p2a,p2b
|-damage|p2a: Volcarona|83/100
|-damage|p2b: Rillaboom|0 fnt
|faint|p2b: Rillaboom
|
|-heal|p2a: Volcarona|90/100|[from] Grassy Terrain
|-heal|p2a: Volcarona|96/100|[from] item: Leftovers
|-heal|p1a: Homage|25/100|[from] Grassy Terrain
|upkeep
|
|t:|1757203804
|switch|p2b: Kingambit|Kingambit, L50, F|100/100
|switch|p1b: SAMO|Amoonguss, L50, F|100/100
|turn|7
|-message|is_katabo forfeited.
|
|win|eriksp
||eriksp is ready for game 2.
|inactive|is_katabo has 30 seconds to confirm battle start!
||is_katabo is ready for game 2.
|uhtml|next|Next: Game 2 of 3
