|j|☆wimpshrimp
|j|☆Cristante Terabug
|html|wimpshrimpCristante Terabug    
|uhtml|bestof|Game 1 of a best-of-3
|t:|1756764440
|gametype|doubles
|player|p1|wimpshrimp|102|1086
|player|p2|Cristante Terabug|kieran-champion|1209
|gen|9
|tier|[Gen 9] VGC 2025 Reg H (Bo3)
|rated|
|rule|Species Clause: Limit one of each Pokémon
|rule|Item Clause: Limit 1 of each item
|clearpoke
|poke|p1|Dragapult, L50, F|
|poke|p1|Farigiraf, L50, F|
|poke|p1|Primarina, L50, F|
|poke|p1|Amoonguss, L50, F|
|poke|p1|Kingambit, L50, M|
|poke|p1|Incineroar, L50, M|
|poke|p2|Incineroar, L50, M|
|poke|p2|Pelipper, L50, M|
|poke|p2|Archaludon, L50, M|
|poke|p2|Dragonite, L50, M|
|poke|p2|Sinistcha, L50|
|poke|p2|Ursaluna, L50, F|
|teampreview|4
|showteam|p1|Dragapult||ChoiceBand|ClearBody|DragonDarts,Uturn,PhantomForce,TeraBlast|||F|||50|,,,,,Ghost]Farigiraf||SafetyGoggles|ArmorTail|AllySwitch,TrickRoom,Psychic,Protect|||F|||50|,,,,,Fairy]Primarina||ThroatSpray|LiquidVoice|Protect,Moonblast,HyperVoice,Haze|||F|||50|,,,,,Grass]Amoonguss||SitrusBerry|Regenerator|Spore,RagePowder,PollenPuff,Protect|||F|||50|,,,,,Water]Kingambit||AssaultVest|Defiant|Assurance,SuckerPunch,IronHead,LowKick|||M|||50|,,,,,Flying]Incineroar||CovertCloak|Intimidate|FakeOut,FlareBlitz,PartingShot,KnockOff|||M|||50|,,,,,Ghost
|showteam|p2|Incineroar||SafetyGoggles|Intimidate|FakeOut,PartingShot,KnockOff,Taunt|||M|||50|,,,,,Ghost]Pelipper||FocusSash|Drizzle|Hurricane,MuddyWater,Tailwind,Protect|||M|||50|,,,,,Ghost]Archaludon||AssaultVest|Stamina|ElectroShot,Snarl,FlashCannon,BodyPress|||M|||50|,,,,,Bug]Dragonite||LoadedDice|Multiscale|ScaleShot,Tailwind,Haze,Protect|||M|||50|,,,,,Fairy]Sinistcha||SitrusBerry|Hospitality|MatchaGotcha,RagePowder,LifeDew,TrickRoom||||||50|,,,,,Dark]Ursaluna||FlameOrb|Guts|Earthquake,Facade,HeadlongRush,Protect|||F|||50|,,,,,Ghost
|inactive|Battle timer is ON: inactive players will automatically lose when time's up. (requested by wimpshrimp)
|inactive|wimpshrimp has 60 seconds left.
|inactive|Cristante Terabug has 60 seconds left.
|
|t:|1756764492
|teamsize|p1|4
|teamsize|p2|4
|start
|switch|p1a: Primarina|Primarina, L50, F|100/100
|switch|p1b: Incineroar|Incineroar, L50, M|100/100
|switch|p2a: Paolo|Dragonite, L50, M|100/100
|switch|p2b: Olmo|Ursaluna, L50, F|100/100
|-ability|p1b: Incineroar|Intimidate|boost
|-unboost|p2a: Paolo|atk|1
|-unboost|p2b: Olmo|atk|1
|turn|1
|
|t:|1756764517
|move|p2a: Paolo|Protect|p2a: Paolo
|-singleturn|p2a: Paolo|Protect
|move|p2b: Olmo|Protect|p2b: Olmo
|-singleturn|p2b: Olmo|Protect
|move|p1b: Incineroar|Knock Off|p2b: Olmo
|-activate|p2b: Olmo|move: Protect
|move|p1a: Primarina|Hyper Voice|p2a: Paolo|[spread] 
|-activate|p2a: Paolo|move: Protect
|-activate|p2b: Olmo|move: Protect
|
|-status|p2b: Olmo|brn|[from] item: Flame Orb
|upkeep
|turn|2
|
|t:|1756764534
|move|p2a: Paolo|Tailwind|p2a: Paolo
|-sidestart|p2: Cristante Terabug|move: Tailwind
|move|p2b: Olmo|Facade|p1a: Primarina
|-damage|p1a: Primarina|11/100
|move|p1b: Incineroar|Parting Shot|p2b: Olmo
|-unboost|p2b: Olmo|atk|1
|-unboost|p2b: Olmo|spa|1
|
|t:|1756764545
|switch|p1b: Dragapult|Dragapult, L50, F|100/100|[from] Parting Shot
|move|p1a: Primarina|Hyper Voice|p2b: Olmo|[spread] p2a,p2b
|-resisted|p2a: Paolo
|-supereffective|p2b: Olmo
|-damage|p2a: Paolo|92/100
|-damage|p2b: Olmo|21/100 brn
|-enditem|p1a: Primarina|Throat Spray
|-boost|p1a: Primarina|spa|1|[from] item: Throat Spray
|
|-damage|p2b: Olmo|15/100 brn|[from] brn
|upkeep
|turn|3
|
|t:|1756764561
|-terastallize|p1b: Dragapult|Ghost
|move|p1a: Primarina|Protect|p1a: Primarina
|-singleturn|p1a: Primarina|Protect
|move|p2a: Paolo|Haze|p2a: Paolo
|-clearallboost
|move|p1b: Dragapult|Dragon Darts|p2a: Paolo
|-supereffective|p2a: Paolo
|-damage|p2a: Paolo|11/100
|-anim|p1b: Dragapult|Dragon Darts|p2b: Olmo
|-damage|p2b: Olmo|0 fnt
|faint|p2b: Olmo
|
|upkeep
|
|t:|1756764572
|switch|p2b: Luca|Archaludon, L50, M|100/100
|turn|4
|
|t:|1756764580
|move|p2a: Paolo|Scale Shot|p1b: Dragapult
|-damage|p1b: Dragapult|77/100
|-damage|p1b: Dragapult|54/100
|-damage|p1b: Dragapult|33/100
|-damage|p1b: Dragapult|11/100
|-damage|p1b: Dragapult|0 fnt
|faint|p1b: Dragapult
|-hitcount|p1: Dragapult|5
|-unboost|p2a: Paolo|def|1
|-boost|p2a: Paolo|spe|1
|move|p2b: Luca|Snarl|p1a: Primarina
|-resisted|p1a: Primarina
|-damage|p1a: Primarina|4/100
|-unboost|p1a: Primarina|spa|1
|move|p1a: Primarina|Moonblast|p2b: Luca
|-damage|p2b: Luca|77/100
|-ability|p2b: Luca|Stamina|boost
|-boost|p2b: Luca|def|1
|
|upkeep
|
|t:|1756764587
|switch|p1b: Incineroar|Incineroar, L50, M|100/100
|-ability|p1b: Incineroar|Intimidate|boost
|-unboost|p2a: Paolo|atk|1
|-unboost|p2b: Luca|atk|1
|turn|5
|inactive|Cristante Terabug has 30 seconds left.
|
|t:|1756764621
|switch|p1a: Farigiraf|Farigiraf, L50, F|100/100
|move|p2a: Paolo|Scale Shot|p1b: Incineroar
|-damage|p1b: Incineroar|93/100
|-damage|p1b: Incineroar|84/100
|-damage|p1b: Incineroar|76/100
|-damage|p1b: Incineroar|67/100
|-hitcount|p1b: Incineroar|4
|-unboost|p2a: Paolo|def|1
|-boost|p2a: Paolo|spe|1
|move|p2b: Luca|Body Press|p1b: Incineroar
|-supereffective|p1b: Incineroar
|-damage|p1b: Incineroar|4/100
|move|p1b: Incineroar|Knock Off|p2a: Paolo
|-damage|p2a: Paolo|0 fnt
|-enditem|p2a: Paolo|Loaded Dice|[from] move: Knock Off|[of] p1b: Incineroar
|faint|p2a: Paolo
|
|-sideend|p2: Cristante Terabug|move: Tailwind
|upkeep
|
|t:|1756764635
|switch|p2a: Silvano|Pelipper, L50, M, shiny|100/100
|-weather|RainDance|[from] ability: Drizzle|[of] p2a: Silvano
|turn|6
|
|t:|1756764643
|move|p2b: Luca|Electro Shot||[still]
|-prepare|p2b: Luca|Electro Shot
|-boost|p2b: Luca|spa|1
|-anim|p2b: Luca|Electro Shot|p1a: Farigiraf
|-damage|p1a: Farigiraf|46/100
|move|p2a: Silvano|Muddy Water|p1a: Farigiraf|[spread] p1a,p1b
|-supereffective|p1b: Incineroar
|-damage|p1a: Farigiraf|0 fnt
|-damage|p1b: Incineroar|0 fnt
|faint|p1a: Farigiraf
|faint|p1b: Incineroar
|
|-weather|RainDance|[upkeep]
|upkeep
|-message|wimpshrimp forfeited.
|
|win|Cristante Terabug
||wimpshrimp is ready for game 2.
