|j|☆LadySylmanar
|j|☆PixelJaguar
|html|LadySylmanarPixelJaguar    
|uhtml|bestof|Game 2 of a best-of-3
|t:|1785768316
|gametype|doubles
|player|p1|LadySylmanar|266|1057
|player|p2|PixelJaguar|brycen|1128
|gen|9
|tier|[Gen 9 Champions] VGC 2026 Reg M-B (Bo3)
|rated|
|rule|Species Clause: Limit one of each Pokémon
|rule|Item Clause: Limit 1 of each item
|clearpoke
|poke|p1|Farigiraf, L50, M|
|poke|p1|Raichu, L50, F|
|poke|p1|Sylveon, L50, M|
|poke|p1|Incineroar, L50, M|
|poke|p1|Rhyperior, L50, M|
|poke|p1|Gholdengo, L50|
|poke|p2|Staraptor, L50, M|
|poke|p2|Metagross, L50|
|poke|p2|Farigiraf, L50, M|
|poke|p2|Whimsicott, L50, M|
|poke|p2|Garchomp, L50, F|
|poke|p2|Ceruledge, L50, F|
|teampreview|4
|showteam|p1|Farigiraf||SitrusBerry|ArmorTail|TrickRoom,HelpingHand,Psychic,HyperVoice|Relaxed||M|||50|]Raichu||RaichuniteY|LightningRod|FakeOut,FocusBlast,ZapCannon,Electroweb|Hasty||F|||50|]Sylveon||FairyFeather|CuteCharm|HyperVoice,HyperBeam,DazzlingGleam,Protect|Modest||M|||50|]Incineroar||IronBall|Intimidate|Fling,FlareBlitz,FakeOut,PartingShot|Brave||M|||50|]Rhyperior||Leftovers|LightningRod|RockSlide,StompingTantrum,DoubleEdge,Protect|Adamant||M|||50|]Gholdengo||LifeOrb|GoodasGold|MakeItRain,ShadowBall,NastyPlot,Protect|Timid|||||50|
|showteam|p2|Staraptor||Staraptite|Intimidate|CloseCombat,BraveBird,Protect,Roost|Jolly||M|||50|]Metagross||Metagrossite|ClearBody|Protect,IronHead,PsychicFangs,StompingTantrum|Adamant|||||50|]Farigiraf||SitrusBerry|ArmorTail|HelpingHand,Psychic,Thunderbolt,TrickRoom|Calm||M|||50|]Whimsicott||FocusSash|Prankster|Moonblast,Tailwind,Charm,Encore|Timid||M|||50|]Garchomp||LifeOrb|RoughSkin|Protect,StompingTantrum,RockSlide,DragonClaw|Jolly||F|||50|]Ceruledge||ColburBerry|FlashFire|Protect,ShadowSneak,BulkUp,BitterBlade|Adamant||F|||50|
|
|t:|1785768397
|teamsize|p1|4
|teamsize|p2|4
|start
|switch|p1a: Farigiraf|Farigiraf, L50, M|100/100
|switch|p1b: Raichu|Raichu, L50, F|100/100
|switch|p2a: Farigiraf|Farigiraf, L50, M|100/100
|switch|p2b: Metagross|Metagross, L50|100/100
|turn|1
|inactive|Battle timer is ON: inactive players will automatically lose when time's up. (requested by LadySylmanar)
|
|t:|1785768439
|detailschange|p1b: Raichu|Raichu-Mega-Y, L50, F
|-mega|p1b: Raichu|Raichu|Raichunite Y
|detailschange|p2b: Metagross|Metagross-Mega, L50
|-mega|p2b: Metagross|Metagross|Metagrossite
|move|p2a: Farigiraf|Helping Hand|p2b: Metagross
|-singleturn|p2b: Metagross|Helping Hand|[of] p2a: Farigiraf
|move|p1b: Raichu|Zap Cannon|p2a: Farigiraf
|-crit|p2a: Farigiraf
|-damage|p2a: Farigiraf|6/100
|-status|p2a: Farigiraf|par
|-enditem|p2a: Farigiraf|Sitrus Berry|[eat]
|-heal|p2a: Farigiraf|31/100 par|[from] item: Sitrus Berry
|move|p2b: Metagross|Iron Head|p1a: Farigiraf
|-damage|p1a: Farigiraf|24/100
|-enditem|p1a: Farigiraf|Sitrus Berry|[eat]
|-heal|p1a: Farigiraf|49/100|[from] item: Sitrus Berry
|cant|p1a: Farigiraf|flinch
|
|upkeep
|turn|2
|inactive|LadySylmanar has 30 seconds left.
|inactive|PixelJaguar has 30 seconds left.
|
|t:|1785768468
|move|p1a: Farigiraf|Helping Hand|p1b: Raichu
|-singleturn|p1b: Raichu|Helping Hand|[of] p1a: Farigiraf
|cant|p2a: Farigiraf|par
|move|p1b: Raichu|Zap Cannon|p2b: Metagross
|-damage|p2b: Metagross|1/100
|-status|p2b: Metagross|par
|cant|p2b: Metagross|par
|
|upkeep
|turn|3
|
|t:|1785768492
|move|p1b: Raichu|Focus Blast|p2b: Metagross
|-crit|p2b: Metagross
|-damage|p2b: Metagross|0 fnt
|faint|p2b: Metagross
|move|p2a: Farigiraf|Psychic|p1b: Raichu
|-damage|p1b: Raichu|48/100
|-unboost|p1b: Raichu|spd|1
|move|p1a: Farigiraf|Trick Room|p1a: Farigiraf
|-fieldstart|move: Trick Room|[of] p1a: Farigiraf
|
|upkeep
|
|t:|1785768502
|switch|p2b: Garchomp|Garchomp, L50, F|100/100
|turn|4
|
|t:|1785768527
|move|p2a: Farigiraf|Thunderbolt|p1a: Farigiraf
|-crit|p1a: Farigiraf
|-damage|p1a: Farigiraf|20/100y
|move|p1a: Farigiraf|Hyper Voice|p2a: Farigiraf|[spread] p2a,p2b
|-damage|p2a: Farigiraf|9/100 par
|-damage|p2b: Garchomp|71/100
|move|p2b: Garchomp|Stomping Tantrum|p1b: Raichu
|-supereffective|p1b: Raichu|1
|-damage|p1b: Raichu|0 fnt
|faint|p1b: Raichu
|-damage|p2b: Garchomp|62/100|[from] item: Life Orb
|
|upkeep
|inactive|LadySylmanar has 30 seconds left.
|
|t:|1785768561
|switch|p1b: Rhyperior|Rhyperior, L50, M|100/100
|turn|5
|
|t:|1785768578
|cant|p2a: Farigiraf|par
|move|p1b: Rhyperior|Rock Slide|p2a: Farigiraf|[spread] p2a,p2b
|-resisted|p2b: Garchomp|1
|-damage|p2a: Farigiraf|0 fnt
|-damage|p2b: Garchomp|45/100
|faint|p2a: Farigiraf
|move|p1a: Farigiraf|Hyper Voice|p2b: Garchomp
|-damage|p2b: Garchomp|9/100
|cant|p2b: Garchomp|flinch
|
|upkeep
|
|t:|1785768588
|switch|p2a: Ceruledge|Ceruledge, L50, F|100/100
|turn|6
|
|t:|1785768610
|switch|p1a: Incineroar|Incineroar, L50, M|100/100
|-ability|p1a: Incineroar|Intimidate|boost
|-unboost|p2a: Ceruledge|atk|1
|-unboost|p2b: Garchomp|atk|1
|move|p2b: Garchomp|Protect|p2b: Garchomp
|-singleturn|p2b: Garchomp|Protect
|move|p1b: Rhyperior|Rock Slide|p2b: Garchomp|[spread] p2a
|-activate|p2b: Garchomp|move: Protect
|-supereffective|p2a: Ceruledge|1
|-damage|p2a: Ceruledge|24/100
|move|p2a: Ceruledge|Bitter Blade|p1a: Incineroar
|-resisted|p1a: Incineroar|1
|-damage|p1a: Incineroar|85/100
|-heal|p2a: Ceruledge|32/100|[from] drain|[of] p1a: Incineroar
|
|upkeep
|turn|7
|inactive|PixelJaguar has 30 seconds left.
|
|t:|1785768644
|move|p2a: Ceruledge|Protect|p2a: Ceruledge
|-singleturn|p2a: Ceruledge|Protect
|move|p1a: Incineroar|Fake Out|p2b: Garchomp
|-damage|p2b: Garchomp|0 fnt
|-damage|p1a: Incineroar|72/100|[from] ability: Rough Skin|[of] p2b: Garchomp
|faint|p2b: Garchomp
|move|p1b: Rhyperior|Stomping Tantrum|p2a: Ceruledge
|-activate|p2a: Ceruledge|move: Protect
|
|-fieldend|move: Trick Room
|upkeep
|turn|8
|
|t:|1785768659
|move|p2a: Ceruledge|Bitter Blade|p1b: Rhyperior
|-resisted|p1b: Rhyperior|1
|-damage|p1b: Rhyperior|89/100
|-heal|p2a: Ceruledge|39/100|[from] drain|[of] p1b: Rhyperior
|move|p1b: Rhyperior|Stomping Tantrum|p2a: Ceruledge
|-supereffective|p2a: Ceruledge|1
|-damage|p2a: Ceruledge|0 fnt
|faint|p2a: Ceruledge
|
|win|LadySylmanar
|raw|LadySylmanar's rating: 1057 → 1095(+38 for winning)
|raw|PixelJaguar's rating: 1128 → 1098(-30 for losing)
|l|☆LadySylmanar
|player|p1|
