|j|☆glofer
|j|☆ToastedArt
|html|gloferToastedArt    
|uhtml|bestof|Game 1 of a best-of-3
|t:|1785287116
|gametype|doubles
|player|p1|glofer|blackbelt|1064
|player|p2|ToastedArt|iris|1066
|gen|9
|tier|[Gen 9 Champions] VGC 2026 Reg M-B (Bo3)
|rated|
|rule|Species Clause: Limit one of each Pokémon
|rule|Item Clause: Limit 1 of each item
|clearpoke
|poke|p1|Bellibolt, L50, F|
|poke|p1|Heliolisk, L50, F|
|poke|p1|Emolga, L50, M|
|poke|p1|Raichu, L50, F|
|poke|p1|Manectric, L50, F|
|poke|p1|Eelektross, L50, F|
|poke|p2|Alcremie-Ruby-Swirl, L50, F, shiny|
|poke|p2|Farigiraf, L50, M|
|poke|p2|Incineroar, L50, M|
|poke|p2|Torkoal, L50, M|
|poke|p2|Abomasnow, L50, M, shiny|
|poke|p2|Sinistcha, L50|
|teampreview|4
|showteam|p1|Bellibolt||Leftovers|Electromorphosis|ParabolicCharge,AcidSpray,Soak,Protect|Quiet||F|||50|]Heliolisk||ChoiceScarf|DrySkin|Discharge,HyperVoice,DragonPulse,DarkPulse|Timid||F|||50|]Emolga||FocusSash|MotorDrive|Electroweb,AirSlash,Encore,Protect|Timid||M|||50|]Raichu||RaichuniteY|LightningRod|ZapCannon,FocusBlast,FakeOut,Protect|Timid||F|||50|]Manectric||Manectite|LightningRod|Thunderbolt,Overheat,Snarl,Protect|Timid||F|||50|]Eelektross||LifeOrb|Levitate|SupercellSlam,DrainPunch,Bulldoze,Coil|Adamant||F|||50|
|showteam|p2|Alcremie-Ruby-Swirl||FocusSash|AromaVeil|Decorate,AromaticMist,HelpingHand,Protect|Relaxed||F|||50|]Farigiraf||ColburBerry|ArmorTail|HyperVoice,TwinBeam,TrickRoom,HelpingHand|Modest||M|||50|]Incineroar||LifeOrb|Intimidate|FlareBlitz,DarkestLariat,CloseCombat,FakeOut|Brave||M|||50|]Torkoal||Charcoal|Drought|Eruption,HeatWave,SolarBeam,WeatherBall|Quiet||M|||50|]Abomasnow||Abomasite|SnowWarning|Blizzard,GigaDrain,EarthPower,Protect|Quiet||M|||50|]Sinistcha||SitrusBerry|Hospitality|NastyPlot,RagePowder,TrickRoom,MatchaGotcha|Modest|||||50|
|inactive|Battle timer is ON: inactive players will automatically lose when time's up. (requested by ToastedArt)
|inactive|ToastedArt has 60 seconds left.
|
|t:|1785287152
|teamsize|p1|4
|teamsize|p2|4
|start
|switch|p1a: Manectric|Manectric, L50, F|100/100
|switch|p1b: Bellibolt|Bellibolt, L50, F|100/100
|switch|p2a: Farigiraf|Farigiraf, L50, M|100/100
|switch|p2b: Incineroar|Incineroar, L50, M|100/100
|-ability|p2b: Incineroar|Intimidate|boost
|-unboost|p1a: Manectric|atk|1
|-unboost|p1b: Bellibolt|atk|1
|turn|1
|inactive|glofer has 30 seconds left.
|
|t:|1785287182
|move|p1a: Manectric|Protect|p1a: Manectric
|-singleturn|p1a: Manectric|Protect
|move|p2b: Incineroar|Fake Out|p1b: Bellibolt
|-damage|p1b: Bellibolt|86/100
|-start|p1b: Bellibolt|Charge|Fake Out|[from] ability: Electromorphosis
|-damage|p2b: Incineroar|90/100|[from] item: Life Orb
|cant|p1b: Bellibolt|flinch
|move|p2a: Farigiraf|Trick Room|p2a: Farigiraf
|-fieldstart|move: Trick Room|[of] p2a: Farigiraf
|
|-heal|p1b: Bellibolt|92/100|[from] item: Leftovers
|upkeep
|turn|2
|inactive|ToastedArt has 30 seconds left.
|
|t:|1785287210
|move|p2a: Farigiraf|Helping Hand|p2b: Incineroar
|-singleturn|p2b: Incineroar|Helping Hand|[of] p2a: Farigiraf
|move|p1b: Bellibolt|Parabolic Charge|p2b: Incineroar|[spread] p2a,p2b
|-ability|p1a: Manectric|Lightning Rod|boost
|-boost|p1a: Manectric|spa|1
|-damage|p2a: Farigiraf|58/100
|-heal|p1b: Bellibolt|100/100|[from] drain|[of] p2a: Farigiraf
|-damage|p2b: Incineroar|52/100
|-end|p1b: Bellibolt|Charge|[silent]
|move|p2b: Incineroar|Flare Blitz|p1a: Manectric
|-damage|p1a: Manectric|0 fnt
|faint|p1a: Manectric
|-damage|p2b: Incineroar|28/100|[from] Recoil
|-damage|p2b: Incineroar|18/100|[from] item: Life Orb
|
|upkeep
|
|t:|1785287225
|switch|p1a: Emolga|Emolga, L50, M|100/100
|turn|3
|
|t:|1785287238
|switch|p2b: Abomasnow|Abomasnow, L50, M, shiny|100/100
|-weather|Snowscape|[from] ability: Snow Warning|[of] p2b: Abomasnow
|move|p1b: Bellibolt|Parabolic Charge|p2a: Farigiraf|[spread] p2a,p2b
|-ability|p1a: Emolga|Motor Drive|boost
|-boost|p1a: Emolga|spe|1
|-resisted|p2b: Abomasnow|1
|-damage|p2a: Farigiraf|38/100
|-damage|p2b: Abomasnow|90/100
|move|p2a: Farigiraf|Hyper Voice|p1b: Bellibolt|[spread] p1a,p1b
|-damage|p1a: Emolga|27/100
|-damage|p1b: Bellibolt|69/100
|-start|p1b: Bellibolt|Charge|Hyper Voice|[from] ability: Electromorphosis
|move|p1a: Emolga|Electroweb|p2a: Farigiraf|[spread] p2a,p2b
|-resisted|p2b: Abomasnow|1
|-damage|p2a: Farigiraf|23/100
|-damage|p2b: Abomasnow|83/100
|-unboost|p2a: Farigiraf|spe|1
|-unboost|p2b: Abomasnow|spe|1
|
|-weather|Snowscape|[upkeep]
|-heal|p1b: Bellibolt|75/100|[from] item: Leftovers
|upkeep
|turn|4
|
|t:|1785287261
|detailschange|p2b: Abomasnow|Abomasnow-Mega, L50, M, shiny
|-mega|p2b: Abomasnow|Abomasnow|Abomasite
|move|p1a: Emolga|Protect|p1a: Emolga
|-singleturn|p1a: Emolga|Protect
|move|p2b: Abomasnow|Blizzard|p1b: Bellibolt|[spread] p1b
|-activate|p1a: Emolga|move: Protect
|-damage|p1b: Bellibolt|28/100
|-start|p1b: Bellibolt|Charge|Blizzard|[from] ability: Electromorphosis
|move|p2a: Farigiraf|Hyper Voice|p1b: Bellibolt|[spread] p1b
|-activate|p1a: Emolga|move: Protect
|-damage|p1b: Bellibolt|0 fnt
|faint|p1b: Bellibolt
|
|-weather|Snowscape|[upkeep]
|upkeep
|
|t:|1785287275
|switch|p1b: Heliolisk|Heliolisk, L50, F|100/100
|turn|5
|
|t:|1785287280
|move|p2b: Abomasnow|Blizzard|p1b: Heliolisk|[spread] p1a,p1b
|-supereffective|p1a: Emolga|1
|-damage|p1a: Emolga|0 fnt
|-damage|p1b: Heliolisk|38/100
|faint|p1a: Emolga
|move|p2a: Farigiraf|Hyper Voice|p1b: Heliolisk
|-damage|p1b: Heliolisk|0 fnt
|faint|p1b: Heliolisk
|
|win|ToastedArt
