|j|☆HeroOfHydrangea
|j|☆yakurotenshi_
|html|HeroOfHydrangeayakurotenshi_    
|uhtml|bestof|Game 1 of a best-of-3
|t:|1783714529
|gametype|doubles
|player|p1|HeroOfHydrangea|266|1051
|player|p2|yakurotenshi_|hilbert|1085
|gen|9
|tier|[Gen 9 Champions] VGC 2026 Reg M-B (Bo3)
|rated|
|rule|Species Clause: Limit one of each Pokémon
|rule|Item Clause: Limit 1 of each item
|clearpoke
|poke|p1|Blastoise, L50, F|
|poke|p1|Sneasler, L50, M|
|poke|p1|Kingambit, L50, M|
|poke|p1|Incineroar, L50, M|
|poke|p1|Delphox, L50, F|
|poke|p1|Sinistcha, L50|
|poke|p2|Scolipede, L50, F|
|poke|p2|Dragalge, L50, M|
|poke|p2|Scizor, L50, F|
|poke|p2|Klefki, L50, M|
|poke|p2|Greninja, L50, F|
|poke|p2|Corviknight, L50, M|
|teampreview|4
|showteam|p1|Blastoise||Blastoisinite|Torrent|WaterSpout,DarkPulse,ShellSmash,Protect|Modest||F|||50|]Sneasler||FocusSash|PoisonTouch|CloseCombat,DireClaw,FakeOut,QuickGuard|Jolly||M|||50|]Kingambit||BlackGlasses|Defiant|KowtowCleave,SuckerPunch,SwordsDance,Protect|Adamant||M|||50|]Incineroar||SitrusBerry|Intimidate|FlareBlitz,HelpingHand,PartingShot,FakeOut|Careful||M|||50|]Delphox||Delphoxite|Blaze|HeatWave,Psyshock,NastyPlot,Protect|Modest||F|||50|]Sinistcha||KasibBerry|Hospitality|MatchaGotcha,RagePowder,TrickRoom,Protect|Bold|||||50|
|showteam|p2|Scolipede||Scolipite|SpeedBoost|LeechLife,Protect,SwordsDance,RockSlide|Jolly||F|||50|]Dragalge||Dragalgite|PoisonPoint|Protect,FlipTurn,SludgeBomb,Toxic|Relaxed||M|||50|]Scizor||SitrusBerry|Technician|BulletPunch,Protect,BugBite,SwordsDance|Adamant||F|||50|]Klefki||FocusSash|Prankster|DazzlingGleam,TrickRoom,RainDance,ThunderWave|Calm||M|||50|]Greninja||LifeOrb|Protean|IceBeam,Extrasensory,HydroPump,DarkPulse|Timid||F|||50|]Corviknight||Leftovers|MirrorArmor|BodyPress,Roost,Uturn,IronDefense|Impish||M|||50|
|inactive|Battle timer is ON: inactive players will automatically lose when time's up. (requested by HeroOfHydrangea)
|inactive|HeroOfHydrangea has 60 seconds left.
|inactive|yakurotenshi_ has 60 seconds left.
|
|t:|1783714580
|teamsize|p1|4
|teamsize|p2|4
|start
|switch|p1a: Delphox|Delphox, L50, F|100/100
|switch|p1b: Incineroar|Incineroar, L50, M|100/100
|switch|p2a: Klefki|Klefki, L50, M|100/100
|switch|p2b: Greninja|Greninja, L50, F|100/100
|-ability|p1b: Incineroar|Intimidate|boost
|-unboost|p2a: Klefki|atk|1
|-unboost|p2b: Greninja|atk|1
|turn|1
|inactive|HeroOfHydrangea has 30 seconds left.
|inactive|HeroOfHydrangea has 20 seconds left.
|inactive|HeroOfHydrangea has 15 seconds left.
|inactive|HeroOfHydrangea has 10 seconds left.
|inactive|HeroOfHydrangea has 5 seconds left.
|
|t:|1783714633
|detailschange|p1a: Delphox|Delphox-Mega, L50, F
|-mega|p1a: Delphox|Delphox|Delphoxite
|move|p1a: Delphox|Protect|p1a: Delphox
|-singleturn|p1a: Delphox|Protect
|move|p2a: Klefki|Rain Dance|p2a: Klefki
|-weather|RainDance
|move|p2b: Greninja|Hydro Pump|p1a: Delphox
|-start|p2b: Greninja|typechange|Water|[from] ability: Protean
|-activate|p1a: Delphox|move: Protect
|move|p1b: Incineroar|Parting Shot|p2b: Greninja
|-unboost|p2b: Greninja|atk|1
|-unboost|p2b: Greninja|spa|1
|
|t:|1783714648
|switch|p1b: Sinistcha|Sinistcha, L50|100/100|[from] Parting Shot
|
|-weather|RainDance|[upkeep]
|upkeep
|turn|2
|inactive|yakurotenshi_ has 30 seconds left.
|
|t:|1783714677
|switch|p2b: Scizor|Scizor, L50, F|100/100
|move|p1b: Sinistcha|Rage Powder|p1b: Sinistcha
|-singleturn|p1b: Sinistcha|move: Rage Powder
|move|p2a: Klefki|Thunder Wave|p1b: Sinistcha
|-status|p1b: Sinistcha|par
|move|p1a: Delphox|Nasty Plot|p1a: Delphox
|-boost|p1a: Delphox|spa|2
|
|-weather|RainDance|[upkeep]
|upkeep
|turn|3
|
|t:|1783714699
|move|p1b: Sinistcha|Rage Powder|p1b: Sinistcha
|-singleturn|p1b: Sinistcha|move: Rage Powder
|move|p1a: Delphox|Heat Wave|p2b: Scizor|[spread] p2a,p2b
|-supereffective|p2a: Klefki|1
|-supereffective|p2b: Scizor|2
|-damage|p2a: Klefki|27/100
|-damage|p2b: Scizor|0 fnt
|faint|p2b: Scizor
|move|p2a: Klefki|Trick Room|p2a: Klefki
|-fieldstart|move: Trick Room|[of] p2a: Klefki
|
|-weather|RainDance|[upkeep]
|upkeep
|
|t:|1783714709
|switch|p2b: Scolipede|Scolipede, L50, F|100/100
|turn|4
|inactive|HeroOfHydrangea has 30 seconds left.
|
|t:|1783714736
|detailschange|p2b: Scolipede|Scolipede-Mega, L50, F
|-mega|p2b: Scolipede|Scolipede|Scolipite
|move|p1b: Sinistcha|Matcha Gotcha|p2b: Scolipede|[spread] p2a,p2b
|-resisted|p2a: Klefki|1
|-resisted|p2b: Scolipede|2
|-damage|p2a: Klefki|16/100
|-damage|p2b: Scolipede|93/100
|move|p2a: Klefki|Dazzling Gleam|p1b: Sinistcha|[spread] p1a,p1b
|-resisted|p1a: Delphox|1
|-crit|p1a: Delphox
|-damage|p1a: Delphox|87/100
|-damage|p1b: Sinistcha|83/100 par
|move|p2b: Scolipede|Rock Slide|p1a: Delphox|[spread] p1a
|-miss|p2b: Scolipede|p1b: Sinistcha
|-supereffective|p1a: Delphox|1
|-damage|p1a: Delphox|43/100
|move|p1a: Delphox|Heat Wave|p2a: Klefki|[spread] p2a,p2b
|-supereffective|p2a: Klefki|1
|-supereffective|p2b: Scolipede|1
|-damage|p2a: Klefki|0 fnt
|-damage|p2b: Scolipede|6/100
|faint|p2a: Klefki
|
|-weather|RainDance|[upkeep]
|upkeep
|
|t:|1783714754
|switch|p2a: Greninja|Greninja, L50, F|100/100
|turn|5
|
|t:|1783714763
|move|p1a: Delphox|Protect|p1a: Delphox
|-singleturn|p1a: Delphox|Protect
|move|p1b: Sinistcha|Matcha Gotcha|p2b: Scolipede|[spread] p2a,p2b
|-supereffective|p2a: Greninja|1
|-resisted|p2b: Scolipede|2
|-damage|p2a: Greninja|26/100
|-heal|p1b: Sinistcha|100/100 par|[from] drain|[of] p2a: Greninja
|-damage|p2b: Scolipede|0 fnt
|faint|p2b: Scolipede
|move|p2a: Greninja|Dark Pulse|p1b: Sinistcha
|-start|p2a: Greninja|typechange|Dark|[from] ability: Protean
|-supereffective|p1b: Sinistcha|1
|-damage|p1b: Sinistcha|21/100 par
|-damage|p2a: Greninja|17/100|[from] item: Life Orb
|
|-weather|none
|upkeep
|turn|6
|-message|yakurotenshi_ forfeited.
|
|win|HeroOfHydrangea
|l|☆yakurotenshi_
|player|p2|
|raw|HeroOfHydrangea's rating: 1051 → 1087(+36 for winning)
|raw|yakurotenshi_'s rating: 1085 → 1060(-25 for losing)
