|j|☆T8mcrae
|j|☆FrancoilCieco777
|html|T8mcraeFrancoilCieco777    
|uhtml|bestof|Game 3 of a best-of-3
|t:|1757009912
|gametype|doubles
|player|p1|T8mcrae|1|1172
|player|p2|FrancoilCieco777|baker|1212
|gen|9
|tier|[Gen 9] VGC 2025 Reg H (Bo3)
|rated|
|rule|Species Clause: Limit one of each Pokémon
|rule|Item Clause: Limit 1 of each item
|clearpoke
|poke|p1|Annihilape, L50, F|
|poke|p1|Primarina, L50, M|
|poke|p1|Gholdengo, L50|
|poke|p1|Maushold, L50|
|poke|p1|Vivillon-Ocean, L50, F|
|poke|p1|Rillaboom, L50, M|
|poke|p2|Volcarona, L50, M|
|poke|p2|Electabuzz, L50, F|
|poke|p2|Sneasler, L50, F|
|poke|p2|Kingambit, L50, M|
|poke|p2|Dragonite, L50, F|
|poke|p2|Rillaboom, L50, M|
|teampreview|4
|showteam|p1|Annihilape||SafetyGoggles|Defiant|RageFist,DrainPunch,BulkUp,Protect|||F|||50|,,,,,Fire]Primarina||SitrusBerry|LiquidVoice|HyperVoice,Moonblast,Haze,Protect|||M|||50|,,,,,Water]Gholdengo||LifeOrb|GoodasGold|MakeItRain,ShadowBall,NastyPlot,Protect||||||50|,,,,,Dragon]Maushold||WideLens|FriendGuard|PopulationBomb,FollowMe,BeatUp,Protect||||||50|,,,,,Grass]Vivillon-Ocean||FocusSash|CompoundEyes|Hurricane,SleepPowder,Tailwind,Protect|||F|||50|,,,,,Ghost]Rillaboom||AssaultVest|GrassySurge|FakeOut,GrassyGlide,DrumBeating,HighHorsepower|||M|||50|,,,,,Fire
|showteam|p2|Volcarona||CovertCloak|FlameBody|HeatWave,TeraBlast,QuiverDance,Protect|||M|||50|,,,,,Fairy]Electabuzz||Eviolite|VitalSpirit|Thunderbolt,FollowMe,Taunt,Protect|||F|||50|,,,,,Ghost]Sneasler||FocusSash|Unburden|FakeOut,CloseCombat,DireClaw,Coaching|||F|||50|,,,,,Stellar]Kingambit||BlackGlasses|Defiant|KowtowCleave,SuckerPunch,SwordsDance,Protect|||M|||50|,,,,,Dark]Dragonite||LoadedDice|Multiscale|ScaleShot,ExtremeSpeed,Haze,Protect|||F|||50|,,,,,Normal]Rillaboom||AssaultVest|GrassySurge|WoodHammer,GrassyGlide,HighHorsepower,FakeOut|||M|||50|,,,,,Fire
|inactive|Battle timer is ON: inactive players will automatically lose when time's up. (requested by FrancoilCieco777)
|
|t:|1757009936
|teamsize|p1|4
|teamsize|p2|4
|start
|switch|p1a: Vivillon|Vivillon-Ocean, L50, F|100/100
|switch|p1b: Gholdengo|Gholdengo, L50|100/100
|switch|p2a: Sneasler|Sneasler, L50, F|100/100
|switch|p2b: Dragonite|Dragonite, L50, F, shiny|100/100
|turn|1
|inactive|T8mcrae has 30 seconds left.
|
|t:|1757009964
|-terastallize|p1a: Vivillon|Ghost
|move|p2a: Sneasler|Fake Out|p1a: Vivillon
|-immune|p1a: Vivillon
|move|p1a: Vivillon|Tailwind|p1a: Vivillon
|-sidestart|p1: T8mcrae|move: Tailwind
|move|p1b: Gholdengo|Nasty Plot|p1b: Gholdengo
|-boost|p1b: Gholdengo|spa|2
|move|p2b: Dragonite|Haze|p2b: Dragonite
|-clearallboost
|
|upkeep
|turn|2
|inactive|FrancoilCieco777 has 30 seconds left.
|
|t:|1757009993
|switch|p2b: Electabuzz|Electabuzz, L50, F|100/100
|move|p1a: Vivillon|Sleep Powder|p2b: Electabuzz
|-immune|p2b: Electabuzz|[from] ability: Vital Spirit
|move|p1b: Gholdengo|Nasty Plot|p1b: Gholdengo
|-boost|p1b: Gholdengo|spa|2
|move|p2a: Sneasler|Dire Claw|p1a: Vivillon
|-resisted|p1a: Vivillon
|-damage|p1a: Vivillon|62/100
|
|upkeep
|turn|3
|
|t:|1757010010
|switch|p1a: Annihilape|Annihilape, L50, F, shiny|100/100
|move|p1b: Gholdengo|Shadow Ball|p2b: Electabuzz
|-crit|p2b: Electabuzz
|-damage|p2b: Electabuzz|0 fnt
|faint|p2b: Electabuzz
|-damage|p1b: Gholdengo|91/100|[from] item: Life Orb
|move|p2a: Sneasler|Dire Claw|p1a: Annihilape
|-resisted|p1a: Annihilape
|-damage|p1a: Annihilape|79/100
|
|upkeep
|
|t:|1757010021
|switch|p2b: Kingambit|Kingambit, L50, M, shiny|100/100
|turn|4
|
|t:|1757010040
|switch|p1b: Vivillon|Vivillon-Ocean, L50, F, tera:Ghost|62/100
|-terastallize|p2b: Kingambit|Dark
|move|p1a: Annihilape|Bulk Up|p1a: Annihilape
|-boost|p1a: Annihilape|atk|1
|-boost|p1a: Annihilape|def|1
|move|p2a: Sneasler|Coaching|p2b: Kingambit
|-boost|p2b: Kingambit|atk|1
|-boost|p2b: Kingambit|def|1
|move|p2b: Kingambit|Kowtow Cleave|p1a: Annihilape
|-damage|p1a: Annihilape|0 fnt
|faint|p1a: Annihilape
|
|-sideend|p1: T8mcrae|move: Tailwind
|upkeep
|
|t:|1757010056
|switch|p1a: Primarina|Primarina, L50, M|100/100
|turn|5
|
|t:|1757010075
|move|p1a: Primarina|Protect|p1a: Primarina
|-singleturn|p1a: Primarina|Protect
|move|p2a: Sneasler|Dire Claw|p1a: Primarina
|-activate|p1a: Primarina|move: Protect
|move|p1b: Vivillon|Tailwind|p1b: Vivillon
|-sidestart|p1: T8mcrae|move: Tailwind
|move|p2b: Kingambit|Kowtow Cleave|p1b: Vivillon
|-supereffective|p1b: Vivillon
|-damage|p1b: Vivillon|0 fnt
|faint|p1b: Vivillon
|
|upkeep
|
|t:|1757010085
|switch|p1b: Gholdengo|Gholdengo, L50|91/100
|turn|6
|
|t:|1757010095
|move|p1b: Gholdengo|Nasty Plot|p1b: Gholdengo
|-boost|p1b: Gholdengo|spa|2
|move|p2a: Sneasler|Dire Claw|p1a: Primarina
|-supereffective|p1a: Primarina
|-damage|p1a: Primarina|18/100
|-status|p1a: Primarina|psn
|-enditem|p1a: Primarina|Sitrus Berry|[eat]
|-heal|p1a: Primarina|43/100 psn|[from] item: Sitrus Berry
|move|p1a: Primarina|Moonblast|p2b: Kingambit
|-supereffective|p2b: Kingambit
|-damage|p2b: Kingambit|16/100
|-unboost|p2b: Kingambit|spa|1
|-ability|p2b: Kingambit|Defiant|boost
|-boost|p2b: Kingambit|atk|2
|move|p2b: Kingambit|Kowtow Cleave|p1b: Gholdengo
|-supereffective|p1b: Gholdengo
|-damage|p1b: Gholdengo|0 fnt
|faint|p1b: Gholdengo
|
|-damage|p1a: Primarina|30/100 psn|[from] psn
|upkeep
|turn|7
|-message|T8mcrae forfeited.
|raw|T8mcrae's rating: 1172 → 1150(-22 for losing)
|raw|FrancoilCieco777's rating: 1212 → 1234(+22 for winning)
|
|win|FrancoilCieco777
