|j|☆ShadowOfAMan
|j|‽godbroj
|html|ShadowOfAMangodbroj    
|uhtml|bestof|Game 1 of a best-of-3
|t:|1756161408
|gametype|doubles
|player|p1|ShadowOfAMan|elio-usum|1110
|player|p2|godbroj|maid|1087
|gen|9
|tier|[Gen 9] VGC 2025 Reg H (Bo3)
|rated|
|rule|Species Clause: Limit one of each Pokémon
|rule|Item Clause: Limit 1 of each item
|clearpoke
|poke|p1|Electabuzz, L50, F|
|poke|p1|Dragonite, L50, M|
|poke|p1|Kingambit, L50, M|
|poke|p1|Volcarona, L50, F|
|poke|p1|Incineroar, L50, M|
|poke|p1|Rillaboom, L50, M|
|poke|p2|Dragapult, L50, F|
|poke|p2|Incineroar, L50, F|
|poke|p2|Glimmora, L50, F|
|poke|p2|Sylveon, L50, F|
|poke|p2|Armarouge, L50, F|
|poke|p2|Indeedee-F, L50, F|
|teampreview|4
|showteam|p1|Electabuzz||Eviolite|VitalSpirit|Electroweb,Taunt,FollowMe,Protect|||F|||50|,,,,,Dragon]Dragonite||LoadedDice|Multiscale|ScaleShot,Haze,Tailwind,Protect|||M|||50|,,,,,Fairy]Kingambit||BlackGlasses|Defiant|KowtowCleave,SuckerPunch,SwordsDance,Protect|||M|||50|,,,,,Dark]Volcarona||CovertCloak|FlameBody|TeraBlast,Protect,HeatWave,QuiverDance|||F|||50|,,,,,Fairy]Incineroar||RockyHelmet|Intimidate|KnockOff,FlareBlitz,PartingShot,FakeOut|||M|||50|,,,,,Ghost]Rillaboom||AssaultVest|GrassySurge|FakeOut,WoodHammer,Uturn,GrassyGlide|||M|||50|,,,,,Fire
|showteam|p2|Dragapult||DragonFang|ClearBody|DragonDarts,PhantomForce,PsychicFangs,WillOWisp|||F|||50|,,,,,Dragon]Incineroar||AssaultVest|Intimidate|CloseCombat,FlareBlitz,DarkestLariat,Snarl|||F|||50|,,,,,Ghost]Glimmora||FocusSash|ToxicDebris|SpikyShield,SludgeBomb,EarthPower,PowerGem|||F|||50|,,,,,Rock]Sylveon||FairyFeather|Pixilate|Protect,TeraBlast,CalmMind,HyperVoice|||F|||50|,,,,,Ground]Armarouge||LifeOrb|FlashFire|Protect,AuraSphere,ArmorCannon,ExpandingForce|||F|||50|,,,,,Grass]Indeedee-F||SafetyGoggles|PsychicSurge|FollowMe,TrickRoom,DazzlingGleam,HelpingHand|||F|||50|,,,,,Fairy
|
|t:|1756161459
|teamsize|p1|4
|teamsize|p2|4
|start
|switch|p1a: PitufoMoreno|Kingambit, L50, M, shiny|100/100
|switch|p1b: Electabuzz|Electabuzz, L50, F|100/100
|switch|p2a: Indeedee|Indeedee-F, L50, F, shiny|100/100
|switch|p2b: Armarouge|Armarouge, L50, F, shiny|100/100
|-fieldstart|move: Psychic Terrain|[from] ability: Psychic Surge|[of] p2a: Indeedee
|turn|1
|
|t:|1756161477
|-terastallize|p2a: Indeedee|Fairy
|move|p1b: Electabuzz|Follow Me|p1b: Electabuzz
|-singleturn|p1b: Electabuzz|move: Follow Me
|move|p2a: Indeedee|Follow Me|p2a: Indeedee
|-singleturn|p2a: Indeedee|move: Follow Me
|move|p2b: Armarouge|Expanding Force|p1a: PitufoMoreno|[spread] p1b
|-immune|p1a: PitufoMoreno
|-crit|p1b: Electabuzz
|-damage|p1b: Electabuzz|4/100
|-damage|p2b: Armarouge|91/100|[from] item: Life Orb
|move|p1a: PitufoMoreno|Swords Dance|p1a: PitufoMoreno
|-boost|p1a: PitufoMoreno|atk|2
|
|upkeep
|turn|2
|
|t:|1756161493
|move|p1a: PitufoMoreno|Protect|p1a: PitufoMoreno
|-singleturn|p1a: PitufoMoreno|Protect
|move|p2a: Indeedee|Follow Me|p2a: Indeedee
|-singleturn|p2a: Indeedee|move: Follow Me
|move|p1b: Electabuzz|Taunt|p2a: Indeedee
|-start|p2a: Indeedee|move: Taunt
|move|p2b: Armarouge|Expanding Force|p1a: PitufoMoreno|[spread] p1b
|-activate|p1a: PitufoMoreno|move: Protect
|-damage|p1b: Electabuzz|0 fnt
|faint|p1b: Electabuzz
|-damage|p2b: Armarouge|81/100|[from] item: Life Orb
|
|upkeep
|
|t:|1756161503
|switch|p1b: Rillaboom|Rillaboom, L50, M|100/100
|-fieldstart|move: Grassy Terrain|[from] ability: Grassy Surge|[of] p1b: Rillaboom
|turn|3
|
|t:|1756161516
|switch|p2a: Sylveon|Sylveon, L50, F|100/100
|-terastallize|p1a: PitufoMoreno|Dark
|move|p2b: Armarouge|Protect|p2b: Armarouge
|-singleturn|p2b: Armarouge|Protect
|move|p1b: Rillaboom|U-turn|p2a: Sylveon
|-resisted|p2a: Sylveon
|-damage|p2a: Sylveon|89/100
|
|t:|1756161523
|switch|p1b: Incineroar|Incineroar, L50, M, shiny|100/100|[from] U-turn
|-ability|p1b: Incineroar|Intimidate|boost
|-unboost|p2a: Sylveon|atk|1
|-unboost|p2b: Armarouge|atk|1
|move|p1a: PitufoMoreno|Kowtow Cleave|p2a: Sylveon
|-resisted|p2a: Sylveon
|-damage|p2a: Sylveon|2/100
|
|-heal|p2b: Armarouge|87/100|[from] Grassy Terrain
|-heal|p2a: Sylveon|8/100|[from] Grassy Terrain
|upkeep
|turn|4
|
|t:|1756161582
|switch|p2a: Indeedee|Indeedee-F, L50, F, shiny, tera:Fairy|100/100
|-fieldstart|move: Psychic Terrain|[from] ability: Psychic Surge|[of] p2a: Indeedee
|move|p1a: PitufoMoreno|Protect|p1a: PitufoMoreno
|-singleturn|p1a: PitufoMoreno|Protect
|move|p2b: Armarouge|Armor Cannon|p1a: PitufoMoreno
|-activate|p1a: PitufoMoreno|move: Protect
|move|p1b: Incineroar|Parting Shot|p2a: Indeedee
|-unboost|p2a: Indeedee|atk|1
|-unboost|p2a: Indeedee|spa|1
|
|t:|1756161590
|switch|p1b: Rillaboom|Rillaboom, L50, M|100/100|[from] Parting Shot
|-fieldstart|move: Grassy Terrain|[from] ability: Grassy Surge|[of] p1b: Rillaboom
|
|-heal|p2b: Armarouge|93/100|[from] Grassy Terrain
|upkeep
|turn|5
|
|t:|1756161609
|switch|p2a: Dragapult|Dragapult, L50, F|100/100
|move|p2b: Armarouge|Protect|p2b: Armarouge
|-singleturn|p2b: Armarouge|Protect
|move|p1b: Rillaboom|Fake Out|p2b: Armarouge
|-activate|p2b: Armarouge|move: Protect
|move|p1a: PitufoMoreno|Kowtow Cleave|p2a: Dragapult
|-supereffective|p2a: Dragapult
|-damage|p2a: Dragapult|0 fnt
|faint|p2a: Dragapult
|
|-heal|p2b: Armarouge|99/100|[from] Grassy Terrain
|upkeep
|-message|godbroj forfeited.
|
|win|ShadowOfAMan
||godbroj is ready for game 2.
||ShadowOfAMan is ready for game 2.
|uhtml|next|Next: Game 2 of 3
