|j|☆BlackStag52
|j|☆Freecko99
|html|BlackStag52Freecko99    
|uhtml|bestof|Game 1 of a best-of-3
|t:|1756298794
|gametype|doubles
|player|p1|BlackStag52|battlegirl-gen4|1068
|player|p2|Freecko99|266|1118
|gen|9
|tier|[Gen 9] VGC 2025 Reg H (Bo3)
|rated|
|rule|Species Clause: Limit one of each Pokémon
|rule|Item Clause: Limit 1 of each item
|clearpoke
|poke|p1|Kingambit, L50, F|
|poke|p1|Gallade, L50, M|
|poke|p1|Indeedee-F, L50, F|
|poke|p1|Rampardos, L50, M|
|poke|p1|Hatterene, L50, F|
|poke|p1|Torkoal, L50, M|
|poke|p2|Gholdengo, L50|
|poke|p2|Whimsicott, L50, F|
|poke|p2|Pelipper, L50, F|
|poke|p2|Archaludon, L50, F|
|poke|p2|Indeedee-F, L50, F|
|poke|p2|Annihilape, L50, M|
|teampreview|4
|showteam|p1|Kingambit||BlackGlasses|Defiant|KowtowCleave,SuckerPunch,Protect,SwordsDance|||F|||50|,,,,,Psychic]Gallade||ClearAmulet|Sharpness|SacredSword,TrickRoom,PsychoCut,WideGuard|||M|||50|,,,,,Dark]Indeedee-F||PsychicSeed|PsychicSurge|TrickRoom,FollowMe,HelpingHand,HyperVoice|||F|||50|,,,,,Fairy]Rampardos||LifeOrb|SheerForce|RockSlide,HammerArm,Protect,BreakingSwipe|||M|||50|,,,,,Dragon]Hatterene||CovertCloak|MagicBounce|ExpandingForce,TrickRoom,DazzlingGleam,MysticalFire|||F|||50|,,,,,Fire]Torkoal||ChoiceSpecs|Drought|Eruption,Overheat,WeatherBall,EarthPower|||M|||50|,,,,,Fire
|showteam|p2|Gholdengo||ChoiceSpecs|GoodasGold|MakeItRain,ShadowBall,PowerGem,Thunderbolt||||||50|,,,,,Steel]Whimsicott||CovertCloak|Prankster|Moonblast,Tailwind,FakeTears,Taunt|||F|||50|,,,,,Dark]Pelipper||SafetyGoggles|Drizzle|WeatherBall,Hurricane,Tailwind,Protect|||F|||50|,,,,,Ghost]Archaludon||AssaultVest|Stamina|DragonPulse,ElectroShot,BodyPress,FlashCannon|||F|||50|,,,,,Grass]Indeedee-F||PsychicSeed|PsychicSurge|Imprison,TrickRoom,FollowMe,Psychic|||F|||50|,,,,,Dark]Annihilape||SitrusBerry|Defiant|CloseCombat,DrainPunch,RageFist,Protect|||M|||50|,,,,,Fire
|c|☆BlackStag52|glhf!
|
|t:|1756298870
|teamsize|p1|4
|teamsize|p2|4
|start
|switch|p1a: Hatterene|Hatterene, L50, F|100/100
|switch|p1b: Indeedee|Indeedee-F, L50, F|100/100
|switch|p2a: Indeedee|Indeedee-F, L50, F|100/100
|switch|p2b: Gholdengo|Gholdengo, L50|100/100
|-fieldstart|move: Psychic Terrain|[from] ability: Psychic Surge|[of] p2a: Indeedee
|-enditem|p2a: Indeedee|Psychic Seed
|-boost|p2a: Indeedee|spd|1|[from] item: Psychic Seed
|-enditem|p1b: Indeedee|Psychic Seed
|-boost|p1b: Indeedee|spd|1|[from] item: Psychic Seed
|turn|1
|
|t:|1756298913
|switch|p1b: Gallade|Gallade, L50, M|100/100
|-terastallize|p1a: Hatterene|Fire
|move|p2b: Gholdengo|Make It Rain|p1a: Hatterene|[spread] p1a,p1b
|-resisted|p1a: Hatterene
|-damage|p1a: Hatterene|58/100
|-damage|p1b: Gallade|24/100
|-unboost|p2b: Gholdengo|spa|1
|move|p2a: Indeedee|Imprison|p2a: Indeedee
|-start|p2a: Indeedee|move: Imprison
|move|p1a: Hatterene|Mystical Fire|p2b: Gholdengo
|-supereffective|p2b: Gholdengo
|-damage|p2b: Gholdengo|1/100
|-unboost|p2b: Gholdengo|spa|1
|
|upkeep
|turn|2
|
|t:|1756298945
|switch|p2b: Pelipper|Pelipper, L50, F|100/100
|-weather|RainDance|[from] ability: Drizzle|[of] p2b: Pelipper
|move|p1b: Gallade|Wide Guard|p1b: Gallade
|-singleturn|p1b: Gallade|Wide Guard
|move|p2a: Indeedee|Psychic|p1b: Gallade
|-damage|p1b: Gallade|0 fnt
|faint|p1b: Gallade
|move|p1a: Hatterene|Dazzling Gleam|p2b: Pelipper|[spread] p2a,p2b
|-damage|p2a: Indeedee|77/100
|-damage|p2b: Pelipper|43/100
|
|-weather|RainDance|[upkeep]
|upkeep
|
|t:|1756298956
|switch|p1b: Torkoal|Torkoal, L50, M|100/100
|-weather|SunnyDay|[from] ability: Drought|[of] p1b: Torkoal
|turn|3
|
|t:|1756299010
|move|p2b: Pelipper|Protect|p2b: Pelipper
|-singleturn|p2b: Pelipper|Protect
|move|p2a: Indeedee|Psychic|p1b: Torkoal
|-damage|p1b: Torkoal|45/100
|move|p1a: Hatterene|Dazzling Gleam|p2a: Indeedee|[spread] p2a
|-activate|p2b: Pelipper|move: Protect
|-damage|p2a: Indeedee|53/100
|move|p1b: Torkoal|Overheat|p2a: Indeedee|[miss]
|-miss|p1b: Torkoal|p2a: Indeedee
|
|-weather|SunnyDay|[upkeep]
|upkeep
|turn|4
|
|t:|1756299039
|switch|p2b: Archaludon|Archaludon, L50, F|100/100
|move|p2a: Indeedee|Psychic|p1b: Torkoal
|-damage|p1b: Torkoal|0 fnt
|faint|p1b: Torkoal
|move|p1a: Hatterene|Expanding Force|p2a: Indeedee|[spread] p2a,p2b
|-resisted|p2a: Indeedee
|-resisted|p2b: Archaludon
|-damage|p2a: Indeedee|32/100
|-damage|p2b: Archaludon|76/100
|-ability|p2b: Archaludon|Stamina|boost
|-boost|p2b: Archaludon|def|1
|
|-weather|SunnyDay|[upkeep]
|upkeep
|
|t:|1756299047
|switch|p1b: Indeedee|Indeedee-F, L50, F|100/100
|turn|5
|
|t:|1756299078
|move|p1b: Indeedee|Helping Hand|p1a: Hatterene
|-singleturn|p1a: Hatterene|Helping Hand|[of] p1b: Indeedee
|move|p2b: Archaludon|Dragon Pulse|p1a: Hatterene
|-damage|p1a: Hatterene|15/100
|move|p2a: Indeedee|Psychic|p1a: Hatterene
|-damage|p1a: Hatterene|0 fnt
|faint|p1a: Hatterene
|
|-weather|SunnyDay|[upkeep]
|-fieldend|move: Psychic Terrain
|upkeep
|turn|6
|-message|BlackStag52 forfeited.
|
|win|Freecko99
