|j|☆AncientFuture
|j|☆zion craig fan
|html|AncientFuturezion craig fan    
|uhtml|bestof|Game 2 of a best-of-3
|t:|1783192229
|gametype|doubles
|player|p1|AncientFuture|benga|
|player|p2|zion craig fan|yellow|
|gen|9
|tier|[Gen 9 Champions] VGC 2026 Reg M-B (Bo3)
|rule|Species Clause: Limit one of each Pokémon
|rule|Item Clause: Limit 1 of each item
|clearpoke
|poke|p1|Blastoise, L50, M|
|poke|p1|Sinistcha, L50|
|poke|p1|Kingambit, L50, M|
|poke|p1|Sneasler, L50, M|
|poke|p1|Incineroar, L50, F|
|poke|p1|Floette-Eternal, L50, F|
|poke|p2|Pyroar, L50, M, shiny|
|poke|p2|Scrafty, L50, M, shiny|
|poke|p2|Torkoal, L50, M, shiny|
|poke|p2|Farigiraf, L50, M, shiny|
|poke|p2|Sylveon, L50, M, shiny|
|poke|p2|Vileplume, L50, F, shiny|
|teampreview|4
|showteam|p1|Blastoise||Blastoisinite|Torrent|WaterSpout,Protect,DarkPulse,ShellSmash|Modest||M|||50|]Sinistcha||KasibBerry|Hospitality|MatchaGotcha,RagePowder,Protect,TrickRoom|Bold|||||50|]Kingambit||BlackGlasses|Defiant|SuckerPunch,KowtowCleave,Protect,IronHead|Adamant||M|||50|]Sneasler||WhiteHerb|Unburden|CloseCombat,FakeOut,DireClaw,Protect|Jolly||M|||50|]Incineroar||SitrusBerry|Intimidate|FakeOut,PartingShot,FlareBlitz,ThroatChop|Relaxed||F|||50|]Floette-Eternal||Floettite|FlowerVeil|Protect,DazzlingGleam,Moonblast,CalmMind|Timid||F|||50|
|showteam|p2|Pyroar||Pyroarite|Unnerve|HeatWave,Overheat,ScorchingSands,Protect|Timid||M|||50|]Scrafty||Scraftinite|Intimidate|FakeOut,CloseCombat,KnockOff,PoisonJab|Brave||M|||50|]Torkoal||Charcoal|Drought|HeatWave,Eruption,HelpingHand,Protect|Quiet||M|||50|]Farigiraf||ColburBerry|ArmorTail|HyperVoice,Psychic,TrickRoom,HelpingHand|Bold||M|||50|]Sylveon||FairyFeather|Pixilate|HyperVoice,HyperBeam,QuickAttack,Protect|Quiet||M|||50|]Vileplume||FocusSash|Chlorophyll|EnergyBall,SludgeBomb,SleepPowder,AfterYou|Timid||F|||50|
|inactive|Battle timer is ON: inactive players will automatically lose when time's up. (requested by zion craig fan)
|inactive|zion craig fan has 60 seconds left.
|
|t:|1783192271
|teamsize|p1|4
|teamsize|p2|4
|start
|switch|p1a: Floette|Floette-Eternal, L50, F|100/100
|switch|p1b: Kingambit|Kingambit, L50, M|100/100
|switch|p2a: Shimmer|Torkoal, L50, M, shiny|100/100
|switch|p2b: Good God|Pyroar, L50, M, shiny|100/100
|-ability|p2b: Good God|Unnerve
|-weather|SunnyDay|[from] ability: Drought|[of] p2a: Shimmer
|turn|1
|
|t:|1783192291
|detailschange|p2b: Good God|Pyroar-Mega, L50, M, shiny
|-mega|p2b: Good God|Pyroar|Pyroarite
|move|p2a: Shimmer|Helping Hand|p2b: Good God
|-singleturn|p2b: Good God|Helping Hand|[of] p2a: Shimmer
|move|p1a: Floette|Protect|p1a: Floette
|-singleturn|p1a: Floette|Protect
|move|p1b: Kingambit|Sucker Punch|p2b: Good God
|-damage|p2b: Good God|41/100
|move|p2b: Good God|Heat Wave|p1b: Kingambit|[spread] p1b
|-activate|p1a: Floette|move: Protect
|-supereffective|p1b: Kingambit|1
|-damage|p1b: Kingambit|0 fnt
|faint|p1b: Kingambit
|
|-weather|SunnyDay|[upkeep]
|upkeep
|
|t:|1783192301
|switch|p1b: Incineroar|Incineroar, L50, F|100/100
|-ability|p1b: Incineroar|Intimidate|boost
|-unboost|p2a: Shimmer|atk|1
|-unboost|p2b: Good God|atk|1
|turn|2
|
|t:|1783192314
|detailschange|p1a: Floette|Floette-Mega, L50, F
|-mega|p1a: Floette|Floette|Floettite
|-ability|p1a: Floette|Fairy Aura
|move|p2b: Good God|Protect|p2b: Good God
|-singleturn|p2b: Good God|Protect
|move|p1b: Incineroar|Fake Out|p2a: Shimmer
|-damage|p2a: Shimmer|91/100
|move|p1a: Floette|Dazzling Gleam|p2a: Shimmer|[spread] p2a
|-activate|p2b: Good God|move: Protect
|-resisted|p2a: Shimmer|1
|-damage|p2a: Shimmer|64/100
|cant|p2a: Shimmer|flinch
|
|-weather|SunnyDay|[upkeep]
|upkeep
|turn|3
|
|t:|1783192336
|move|p2a: Shimmer|Helping Hand|p2b: Good God
|-singleturn|p2b: Good God|Helping Hand|[of] p2a: Shimmer
|move|p2b: Good God|Overheat|p1b: Incineroar
|-resisted|p1b: Incineroar|1
|-damage|p1b: Incineroar|2/100
|-unboost|p2b: Good God|spa|2
|-enditem|p1b: Incineroar|Sitrus Berry|[eat]
|-heal|p1b: Incineroar|27/100|[from] item: Sitrus Berry
|move|p1a: Floette|Dazzling Gleam|p2a: Shimmer|[spread] p2a,p2b
|-resisted|p2a: Shimmer|1
|-resisted|p2b: Good God|1
|-damage|p2a: Shimmer|41/100
|-damage|p2b: Good God|17/100
|move|p1b: Incineroar|Parting Shot|p2b: Good God
|-unboost|p2b: Good God|atk|1
|-unboost|p2b: Good God|spa|1
|
|t:|1783192350
|switch|p1b: Sinistcha|Sinistcha, L50|100/100|[from] Parting Shot
|
|-weather|SunnyDay|[upkeep]
|upkeep
|turn|4
|
|t:|1783192359
|switch|p2b: Bruh|Vileplume, L50, F, shiny|100/100
|move|p1b: Sinistcha|Protect|p1b: Sinistcha
|-singleturn|p1b: Sinistcha|Protect
|move|p2a: Shimmer|Protect|p2a: Shimmer
|-singleturn|p2a: Shimmer|Protect
|move|p1a: Floette|Calm Mind|p1a: Floette
|-boost|p1a: Floette|spa|1
|-boost|p1a: Floette|spd|1
|
|-weather|SunnyDay|[upkeep]
|upkeep
|turn|5
|j| lemonancy
|
|t:|1783192373
|switch|p1b: Incineroar|Incineroar, L50, F|27/100
|-ability|p1b: Incineroar|Intimidate|boost
|-unboost|p2a: Shimmer|atk|1
|-unboost|p2b: Bruh|atk|1
|move|p1a: Floette|Protect|p1a: Floette
|-singleturn|p1a: Floette|Protect
|move|p2b: Bruh|Sleep Powder|p1a: Floette
|-activate|p1a: Floette|move: Protect
|move|p2a: Shimmer|Heat Wave|p1b: Incineroar|[spread] p1b
|-activate|p1a: Floette|move: Protect
|-resisted|p1b: Incineroar|1
|-damage|p1b: Incineroar|2/100
|
|-weather|none
|upkeep
|turn|6
|j| shrimplyasapphic
|
|t:|1783192387
|switch|p2a: zionoiz|Farigiraf, L50, M, shiny|100/100
|move|p1b: Incineroar|Fake Out||[still]
|cant|p2a: zionoiz|ability: Armor Tail|Fake Out|[of] p1b: Incineroar
|move|p1a: Floette|Dazzling Gleam|p2b: Bruh|[spread] p2a,p2b
|-resisted|p2b: Bruh|1
|-damage|p2a: zionoiz|48/100
|-damage|p2b: Bruh|62/100
|move|p2b: Bruh|Sludge Bomb|p1b: Incineroar
|-damage|p1b: Incineroar|0 fnt
|faint|p1b: Incineroar
|
|upkeep
|
|t:|1783192397
|switch|p1b: Sinistcha|Sinistcha, L50|100/100
|turn|7
|
|t:|1783192417
|move|p1a: Floette|Dazzling Gleam|p2a: zionoiz|[spread] p2a,p2b
|-resisted|p2b: Bruh|1
|-damage|p2a: zionoiz|0 fnt
|-damage|p2b: Bruh|24/100
|faint|p2a: zionoiz
|move|p2b: Bruh|Sleep Powder|p1a: Floette
|-status|p1a: Floette|slp|[from] move: Sleep Powder
|move|p1b: Sinistcha|Matcha Gotcha|p2b: Bruh
|-resisted|p2b: Bruh|2
|-damage|p2b: Bruh|13/100
|
|upkeep
|
|t:|1783192425
|switch|p2a: Good God|Pyroar-Mega, L50, M, shiny|17/100
|turn|8
|
|t:|1783192432
|switch|p2b: Shimmer|Torkoal, L50, M, shiny|41/100
|-weather|SunnyDay|[from] ability: Drought|[of] p2b: Shimmer
|cant|p1a: Floette|slp
|move|p1b: Sinistcha|Protect|p1b: Sinistcha
|-singleturn|p1b: Sinistcha|Protect
|move|p2a: Good God|Heat Wave|p1b: Sinistcha|[spread] p1a
|-activate|p1b: Sinistcha|move: Protect
|-damage|p1a: Floette|56/100 slp
|
|-weather|SunnyDay|[upkeep]
|upkeep
|turn|9
|
|t:|1783192443
|move|p2b: Shimmer|Helping Hand|p2a: Good God
|-singleturn|p2a: Good God|Helping Hand|[of] p2b: Shimmer
|move|p1b: Sinistcha|Rage Powder|p1b: Sinistcha
|-singleturn|p1b: Sinistcha|move: Rage Powder
|move|p2a: Good God|Heat Wave|p1a: Floette|[spread] p1a,p1b
|-supereffective|p1b: Sinistcha|1
|-damage|p1a: Floette|0 fnt
|-damage|p1b: Sinistcha|0 fnt
|faint|p1a: Floette
|faint|p1b: Sinistcha
|
|win|zion craig fan
|c|☆zion craig fan|ggs
|c|☆AncientFuture|ggs
|l| lemonancy
|l| shrimplyasapphic
|l|☆AncientFuture
|player|p1|
|j|☆AncientFuture
|player|p1|AncientFuture|benga|
