|j|☆Linkmasterjr
|j|☆jonathan53332
|html|Linkmasterjrjonathan53332    
|uhtml|bestof|Game 1 of a best-of-3
|t:|1782460731
|gametype|doubles
|player|p1|Linkmasterjr|265|
|player|p2|jonathan53332|266|
|gen|9
|tier|[Gen 9 Champions] VGC 2026 Reg M-B (Bo3)
|rule|Species Clause: Limit one of each Pokémon
|rule|Item Clause: Limit 1 of each item
|clearpoke
|poke|p1|Raichu, L50, M|
|poke|p1|Staraptor, L50, M|
|poke|p1|Grimmsnarl, L50, M|
|poke|p1|Scizor, L50, F|
|poke|p1|Archaludon, L50, F|
|poke|p1|Gengar, L50, M|
|poke|p2|Primarina, L50, M|
|poke|p2|Sinistcha-Masterpiece, L50, shiny|
|poke|p2|Pelipper, L50, F|
|poke|p2|Meganium, L50, M, shiny|
|poke|p2|Excadrill, L50, F|
|poke|p2|Golurk, L50|
|teampreview|4
|showteam|p1|Raichu||RaichuniteY|LightningRod|ZapCannon,FocusBlast,AlluringVoice,FakeOut|Hasty||M|||50|]Staraptor||Staraptite|Intimidate|CloseCombat,Tailwind,BraveBird,Protect|Jolly||M|||50|]Grimmsnarl||LightClay|Prankster|LightScreen,Reflect,PartingShot,SpiritBreak|Careful||M|||50|]Scizor||MuscleBand|Technician|BulletPunch,DualWingbeat,Tailwind,CloseCombat|Adamant||F|||50|]Archaludon||FocusSash|Stamina|FlashCannon,ElectroShot,AuraSphere,Protect|Timid||F|||50|]Gengar||Gengarite|CursedBody|SludgeWave,ShadowBall,NastyPlot,Protect|Timid||M|||50|
|showteam|p2|Primarina||Leftovers|LiquidVoice|HyperVoice,Blizzard,EnergyBall,ShadowBall|Modest||M|||50|]Sinistcha-Masterpiece||SitrusBerry|Hospitality|MatchaGotcha,StrengthSap,ShadowBall,Scald|Modest|||||50|]Pelipper||FocusSash|Drizzle|Hurricane,WideGuard,IcyWind,Tailwind|Modest||F|||50|]Meganium||Meganiumite|LeafGuard|WeatherBall,SolarBeam,DazzlingGleam,Synthesis|Timid||M|||50|]Excadrill||Excadrite|SandRush|Earthquake,IronHead,BrickBreak,Protect|Jolly||F|||50|]Golurk||Golurkite|NoGuard|DynamicPunch,ThunderPunch,RockSlide,Poltergeist|Adamant|||||50|
|
|t:|1782460762
|teamsize|p1|4
|teamsize|p2|4
|start
|switch|p1a: Scizor|Scizor, L50, F|100/100
|switch|p1b: Staraptor|Staraptor, L50, M|100/100
|switch|p2a: Golurk|Golurk, L50|100/100
|switch|p2b: Pelipper|Pelipper, L50, F|100/100
|-ability|p1b: Staraptor|Intimidate|boost
|-unboost|p2a: Golurk|atk|1
|-unboost|p2b: Pelipper|atk|1
|-weather|RainDance|[from] ability: Drizzle|[of] p2b: Pelipper
|turn|1
|
|t:|1782460785
|detailschange|p1b: Staraptor|Staraptor-Mega, L50, M
|-mega|p1b: Staraptor|Staraptor|Staraptite
|detailschange|p2a: Golurk|Golurk-Mega, L50
|-mega|p2a: Golurk|Golurk|Golurkite
|move|p1a: Scizor|Bullet Punch|p2b: Pelipper
|-resisted|p2b: Pelipper|1
|-crit|p2b: Pelipper
|-damage|p2b: Pelipper|62/100
|move|p1b: Staraptor|Tailwind|p1b: Staraptor
|-sidestart|p1: Linkmasterjr|move: Tailwind
|move|p2b: Pelipper|Tailwind|p2b: Pelipper
|-sidestart|p2: jonathan53332|move: Tailwind
|move|p2a: Golurk|Thunder Punch|p1b: Staraptor
|-supereffective|p1b: Staraptor|1
|-damage|p1b: Staraptor|47/100
|
|-weather|RainDance|[upkeep]
|upkeep
|turn|2
|
|t:|1782460817
|move|p1b: Staraptor|Protect|p1b: Staraptor
|-singleturn|p1b: Staraptor|Protect
|move|p2b: Pelipper|Hurricane|p1a: Scizor
|-damage|p1a: Scizor|40/100
|-start|p1a: Scizor|confusion
|-activate|p1a: Scizor|confusion
|move|p1a: Scizor|Dual Wingbeat|p2a: Golurk
|-damage|p2a: Golurk|78/100
|-damage|p2a: Golurk|56/100
|-hitcount|p2a: Golurk|2
|move|p2a: Golurk|Thunder Punch|p1b: Staraptor
|-supereffective|p1b: Staraptor|1
|-ability|p2a: Golurk|Unseen Fist
|-zbroken|p1b: Staraptor
|-damage|p1b: Staraptor|36/100
|
|-weather|RainDance|[upkeep]
|upkeep
|turn|3
|
|t:|1782460850
|move|p1b: Staraptor|Brave Bird|p2a: Golurk
|-damage|p2a: Golurk|0 fnt
|faint|p2a: Golurk
|-damage|p1b: Staraptor|13/100|[from] Recoil
|move|p2b: Pelipper|Hurricane|p1a: Scizor
|-damage|p1a: Scizor|0 fnt
|faint|p1a: Scizor
|
|-weather|RainDance|[upkeep]
|upkeep
|
|t:|1782460867
|switch|p1a: Raichu|Raichu, L50, M|100/100
|switch|p2a: Meganium|Meganium, L50, M, shiny|100/100
|turn|4
|
|t:|1782460879
|move|p1a: Raichu|Fake Out|p2a: Meganium
|-damage|p2a: Meganium|90/100
|move|p1b: Staraptor|Brave Bird|p2a: Meganium
|-supereffective|p2a: Meganium|1
|-damage|p2a: Meganium|0 fnt
|faint|p2a: Meganium
|-damage|p1b: Staraptor|0 fnt|[from] Recoil
|faint|p1b: Staraptor
|move|p2b: Pelipper|Hurricane|p1a: Raichu
|-resisted|p1a: Raichu|1
|-damage|p1a: Raichu|57/100
|-start|p1a: Raichu|confusion
|
|-weather|RainDance|[upkeep]
|-sideend|p2: jonathan53332|move: Tailwind
|-sideend|p1: Linkmasterjr|move: Tailwind
|upkeep
|
|t:|1782460885
|switch|p1b: Gengar|Gengar, L50, M|100/100
|switch|p2a: Sinistcha|Sinistcha-Masterpiece, L50, shiny|100/100
|-heal|p2b: Pelipper|86/100|[from] ability: Hospitality|[of] p2a: Sinistcha
|turn|5
|
|t:|1782460900
|-activate|p1a: Raichu|confusion
|move|p1a: Raichu|Zap Cannon|p2b: Pelipper
|-supereffective|p2b: Pelipper|2
|-damage|p2b: Pelipper|0 fnt
|faint|p2b: Pelipper
|move|p1b: Gengar|Shadow Ball|p2a: Sinistcha
|-supereffective|p2a: Sinistcha|1
|-damage|p2a: Sinistcha|2/100
|-enditem|p2a: Sinistcha|Sitrus Berry|[eat]
|-heal|p2a: Sinistcha|26/100|[from] item: Sitrus Berry
|move|p2a: Sinistcha|Shadow Ball|p1b: Gengar
|-supereffective|p1b: Gengar|1
|-damage|p1b: Gengar|0 fnt
|-start|p2a: Sinistcha|Disable|Shadow Ball|[from] ability: Cursed Body|[of] p1b: Gengar
|faint|p1b: Gengar
|
|-weather|none
|upkeep
|turn|6
|
|t:|1782460916
|-activate|p1a: Raichu|confusion
|move|p1a: Raichu|Alluring Voice|p2a: Sinistcha
|-damage|p2a: Sinistcha|2/100
|move|p2a: Sinistcha|Matcha Gotcha|p1a: Raichu
|-damage|p1a: Raichu|0 fnt
|-heal|p2a: Sinistcha|24/100|[from] drain|[of] p1a: Raichu
|faint|p1a: Raichu
|
|win|jonathan53332
