|j|☆Arhanjunior
|j|☆Dart00765
|html|ArhanjuniorDart00765    
|uhtml|bestof|Game 3 of a best-of-3
|t:|1782595083
|gametype|doubles
|player|p1|Arhanjunior|266|1040
|player|p2|Dart00765|265|1076
|gen|9
|tier|[Gen 9 Champions] VGC 2026 Reg M-B (Bo3)
|rated|
|rule|Species Clause: Limit one of each Pokémon
|rule|Item Clause: Limit 1 of each item
|clearpoke
|poke|p1|Swampert, L50, M|
|poke|p1|Pelipper, L50, F|
|poke|p1|Archaludon, L50, F|
|poke|p1|Sinistcha, L50|
|poke|p1|Maushold-Four, L50|
|poke|p1|Gholdengo, L50|
|poke|p2|Garchomp, L50, M|
|poke|p2|Whimsicott, L50, M|
|poke|p2|Sneasler, L50, F|
|poke|p2|Charizard, L50, F|
|poke|p2|Basculegion, L50, M|
|poke|p2|Floette-Eternal, L50, F|
|teampreview|4
|showteam|p1|Swampert||Swampertite|Damp|HighHorsepower,WaveCrash,IceBeam,Protect|Adamant||M|||50|]Pelipper||FocusSash|Drizzle|Hurricane,WeatherBall,Tailwind,WideGuard|Modest||F|||50|]Archaludon||Leftovers|Stamina|DragonPulse,ElectroShot,AuraSphere,Protect|Modest||F|||50|]Sinistcha||SitrusBerry|Hospitality|MatchaGotcha,TrickRoom,RagePowder,LifeDew|Bold|||||50|]Maushold-Four||ChopleBerry|FriendGuard|SuperFang,FollowMe,RainDance,Protect|Timid|||||50|]Gholdengo||LifeOrb|GoodasGold|MakeItRain,ShadowBall,NastyPlot,Protect|Modest|||||50|
|showteam|p2|Garchomp||RoseliBerry|RoughSkin|Earthquake,RockSlide,PoisonJab,DragonClaw|Jolly||M|||50|]Whimsicott||FocusSash|Prankster|Tailwind,Moonblast,Encore,Protect|Timid||M|||50|]Sneasler||WhiteHerb|Unburden|DireClaw,CloseCombat,FakeOut,Protect|Adamant||F|||50|]Charizard||CharizarditeY|Blaze|HeatWave,WeatherBall,SolarBeam,Protect|Timid||F|||50|]Basculegion||MysticWater|Adaptability|WaveCrash,LastRespects,AquaJet,Protect|Adamant||M|||50|]Floette-Eternal||Floettite|FlowerVeil|Moonblast,Protect,LightofRuin,DazzlingGleam|Timid||F|||50|
|inactive|Battle timer is ON: inactive players will automatically lose when time's up. (requested by Arhanjunior)
|inactive|Dart00765 has 60 seconds left.
|
|t:|1782595176
|teamsize|p1|4
|teamsize|p2|4
|start
|switch|p1a: Sinistcha|Sinistcha, L50|100/100
|switch|p1b: Maushold|Maushold-Four, L50|100/100
|switch|p2a: Floette|Floette-Eternal, L50, F|100/100
|switch|p2b: Sneasler|Sneasler, L50, F|100/100
|turn|1
|
|t:|1782595193
|detailschange|p2a: Floette|Floette-Mega, L50, F
|-mega|p2a: Floette|Floette|Floettite
|-ability|p2a: Floette|Fairy Aura
|move|p1b: Maushold|Follow Me|p1b: Maushold
|-singleturn|p1b: Maushold|move: Follow Me
|move|p2a: Floette|Dazzling Gleam|p1b: Maushold|[spread] p1a,p1b
|-damage|p1a: Sinistcha|65/100
|-damage|p1b: Maushold|38/100
|move|p2b: Sneasler|Dire Claw|p1b: Maushold
|-damage|p1b: Maushold|0 fnt
|faint|p1b: Maushold
|move|p1a: Sinistcha|Trick Room|p1a: Sinistcha
|-fieldstart|move: Trick Room|[of] p1a: Sinistcha
|
|upkeep
|
|t:|1782595205
|switch|p1b: Swampert|Swampert, L50, M|100/100
|turn|2
|
|t:|1782595216
|switch|p2b: Whimsicott|Whimsicott, L50, M|100/100
|detailschange|p1b: Swampert|Swampert-Mega, L50, M
|-mega|p1b: Swampert|Swampert|Swampertite
|move|p2a: Floette|Protect|p2a: Floette
|-singleturn|p2a: Floette|Protect
|move|p1a: Sinistcha|Matcha Gotcha|p2a: Floette|[spread] p2b
|-activate|p2a: Floette|move: Protect
|-resisted|p2b: Whimsicott|1
|-damage|p2b: Whimsicott|80/100
|-heal|p1a: Sinistcha|73/100|[from] drain|[of] p2b: Whimsicott
|move|p1b: Swampert|Wave Crash|p2a: Floette
|-activate|p2a: Floette|move: Protect
|
|upkeep
|turn|3
|inactive|Dart00765 has 30 seconds left.
|
|t:|1782595244
|switch|p2a: Basculegion|Basculegion, L50, M|100/100
|move|p2b: Whimsicott|Protect|p2b: Whimsicott
|-singleturn|p2b: Whimsicott|Protect
|move|p1a: Sinistcha|Matcha Gotcha|p2b: Whimsicott|[spread] p2a
|-activate|p2b: Whimsicott|move: Protect
|-supereffective|p2a: Basculegion|1
|-damage|p2a: Basculegion|49/100
|-heal|p1a: Sinistcha|100/100|[from] drain|[of] p2a: Basculegion
|move|p1b: Swampert|Wave Crash|p2a: Basculegion
|-resisted|p2a: Basculegion|1
|-damage|p2a: Basculegion|11/100
|-damage|p1b: Swampert|83/100|[from] Recoil
|
|upkeep
|turn|4
|inactive|Dart00765 has 30 seconds left.
|
|t:|1782595273
|switch|p2b: Floette|Floette-Mega, L50, F|100/100
|-ability|p2b: Floette|Fairy Aura
|move|p2a: Basculegion|Protect|p2a: Basculegion
|-singleturn|p2a: Basculegion|Protect
|move|p1a: Sinistcha|Matcha Gotcha|p2b: Floette|[spread] p2b
|-activate|p2a: Basculegion|move: Protect
|-damage|p2b: Floette|78/100
|-status|p2b: Floette|brn
|move|p1b: Swampert|Wave Crash|p2b: Floette
|-damage|p2b: Floette|0 fnt
|faint|p2b: Floette
|-damage|p1b: Swampert|61/100|[from] Recoil
|
|upkeep
|
|t:|1782595287
|switch|p2b: Sneasler|Sneasler, L50, F|100/100
|turn|5
|
|t:|1782595302
|switch|p2a: Whimsicott|Whimsicott, L50, M|80/100
|move|p1b: Swampert|Protect|p1b: Swampert
|-singleturn|p1b: Swampert|Protect
|move|p2b: Sneasler|Protect|p2b: Sneasler
|-singleturn|p2b: Sneasler|Protect
|move|p1a: Sinistcha|Life Dew||[still]|[spread] p1a,p1b
|-fail|p1a: Sinistcha|heal
|-heal|p1b: Swampert|86/100
|
|-fieldend|move: Trick Room
|upkeep
|turn|6
|
|t:|1782595317
|move|p2a: Whimsicott|Encore|p1b: Swampert
|-start|p1b: Swampert|Encore
|move|p1b: Swampert|Protect|p1b: Swampert
|-singleturn|p1b: Swampert|Protect
|move|p2b: Sneasler|Close Combat|p1b: Swampert
|-activate|p1b: Swampert|move: Protect
|move|p1a: Sinistcha|Trick Room|p1a: Sinistcha
|-fieldstart|move: Trick Room|[of] p1a: Sinistcha
|
|upkeep
|turn|7
|
|t:|1782595329
|switch|p1b: Archaludon|Archaludon, L50, F|100/100
|move|p1a: Sinistcha|Matcha Gotcha|p2b: Sneasler|[spread] p2a,p2b
|-resisted|p2a: Whimsicott|1
|-resisted|p2b: Sneasler|1
|-damage|p2a: Whimsicott|58/100
|-damage|p2b: Sneasler|87/100
|move|p2b: Sneasler|Close Combat|p1b: Archaludon
|-supereffective|p1b: Archaludon|1
|-damage|p1b: Archaludon|1/100
|-unboost|p2b: Sneasler|def|1
|-unboost|p2b: Sneasler|spd|1
|-ability|p1b: Archaludon|Stamina|boost
|-boost|p1b: Archaludon|def|1
|-enditem|p2b: Sneasler|White Herb
|-clearnegativeboost|p2b: Sneasler|[silent]
|move|p2a: Whimsicott|Moonblast|p1a: Sinistcha
|-damage|p1a: Sinistcha|70/100
|
|-heal|p1b: Archaludon|7/100|[from] item: Leftovers
|upkeep
|turn|8
|
|t:|1782595352
|move|p2b: Sneasler|Protect|p2b: Sneasler
|-singleturn|p2b: Sneasler|Protect
|move|p1a: Sinistcha|Matcha Gotcha|p2b: Sneasler|[spread] p2a
|-activate|p2b: Sneasler|move: Protect
|-resisted|p2a: Whimsicott|1
|-damage|p2a: Whimsicott|38/100
|-heal|p1a: Sinistcha|78/100|[from] drain|[of] p2a: Whimsicott
|move|p1b: Archaludon|Dragon Pulse|p2b: Sneasler
|-activate|p2b: Sneasler|move: Protect
|move|p2a: Whimsicott|Moonblast|p1b: Archaludon
|-damage|p1b: Archaludon|0 fnt
|faint|p1b: Archaludon
|
|upkeep
|
|t:|1782595354
|switch|p1b: Swampert|Swampert-Mega, L50, M|86/100
|turn|9
|
|t:|1782595375
|switch|p2b: Basculegion|Basculegion, L50, M|11/100
|move|p2a: Whimsicott|Protect|p2a: Whimsicott
|-singleturn|p2a: Whimsicott|Protect
|move|p1a: Sinistcha|Rage Powder|p1a: Sinistcha
|-singleturn|p1a: Sinistcha|move: Rage Powder
|move|p1b: Swampert|Wave Crash|p2b: Basculegion
|-resisted|p2b: Basculegion|1
|-damage|p2b: Basculegion|0 fnt
|faint|p2b: Basculegion
|-damage|p1b: Swampert|81/100|[from] Recoil
|
|upkeep
|
|t:|1782595384
|switch|p2b: Sneasler|Sneasler, L50, F|87/100
|turn|10
|
|t:|1782595400
|move|p2b: Sneasler|Fake Out|p1b: Swampert
|-damage|p1b: Swampert|67/100
|move|p2a: Whimsicott|Encore|p1a: Sinistcha
|-start|p1a: Sinistcha|Encore
|move|p1a: Sinistcha|Rage Powder|p1a: Sinistcha
|-singleturn|p1a: Sinistcha|move: Rage Powder
|cant|p1b: Swampert|flinch
|
|-fieldend|move: Trick Room
|upkeep
|turn|11
|
|t:|1782595412
|move|p1a: Sinistcha|Rage Powder|p1a: Sinistcha
|-singleturn|p1a: Sinistcha|move: Rage Powder
|move|p2a: Whimsicott|Tailwind|p2a: Whimsicott
|-sidestart|p2: Dart00765|move: Tailwind
|move|p2b: Sneasler|Dire Claw|p1a: Sinistcha
|-damage|p1a: Sinistcha|39/100
|-enditem|p1a: Sinistcha|Sitrus Berry|[eat]
|-heal|p1a: Sinistcha|64/100|[from] item: Sitrus Berry
|move|p1b: Swampert|High Horsepower|p2b: Sneasler
|-supereffective|p2b: Sneasler|1
|-damage|p2b: Sneasler|0 fnt
|faint|p2b: Sneasler
|
|upkeep
|turn|12
|-message|Dart00765 forfeited.
|
|win|Arhanjunior
|raw|Arhanjunior's rating: 1040 → 1078(+38 for winning)
|raw|Dart00765's rating: 1076 → 1052(-24 for losing)
|l|☆Dart00765
|player|p2|
