|j|☆caevz027
|j|☆satandagiii2005
|html|caevz027satandagiii2005    
|uhtml|bestof|Game 2 of a best-of-3
|t:|1784320691
|gametype|doubles
|player|p1|caevz027|170|1181
|player|p2|satandagiii2005|byron|1159
|gen|9
|tier|[Gen 9 Champions] VGC 2026 Reg M-B (Bo3)
|rated|
|rule|Species Clause: Limit one of each Pokémon
|rule|Item Clause: Limit 1 of each item
|clearpoke
|poke|p1|Maushold-Four, L50|
|poke|p1|Annihilape, L50, F|
|poke|p1|Samurott-Hisui, L50, M|
|poke|p1|Glimmora, L50, F|
|poke|p1|Froslass, L50, F|
|poke|p1|Talonflame, L50, M|
|poke|p2|Venusaur, L50, M|
|poke|p2|Grimmsnarl, L50, M|
|poke|p2|Pelipper, L50, M|
|poke|p2|Archaludon, L50, M|
|poke|p2|Swampert, L50, F|
|poke|p2|Hydreigon, L50, F|
|teampreview|4
|showteam|p1|Maushold-Four||ChopleBerry|FriendGuard|FollowMe,Protect,BeatUp,SuperFang|Jolly|||||50|]Annihilape||Leftovers|Defiant|DrainPunch,RageFist,BulkUp,Protect|Adamant||F|||50|]Samurott-Hisui||LifeOrb|Sharpness|CeaselessEdge,RazorShell,SacredSword,Protect|Jolly||M|||50|]Glimmora||FocusSash|ToxicDebris|EarthPower,PowerGem,SludgeBomb,SpikyShield|Timid||F|||50|]Froslass||Froslassite|SnowCloak|Blizzard,ShadowBall,AuroraVeil,Protect|Timid||F|||50|]Talonflame|||GaleWings|Acrobatics,Tailwind,Protect,WillOWisp|Jolly||M|||50|
|showteam|p2|Venusaur||Venusaurite|Chlorophyll|Protect,GigaDrain,EarthPower,SludgeBomb|Modest||M|||50|]Grimmsnarl||LightClay|Prankster|SpiritBreak,Reflect,LightScreen,PartingShot|Careful||M|||50|]Pelipper||SitrusBerry|Drizzle|WeatherBall,Hurricane,Tailwind,WideGuard|Modest||M|||50|]Archaludon||Leftovers|Stamina|Protect,ElectroShot,DragonPulse,FlashCannon|Calm||M|||50|]Swampert||Swampertite|Torrent|Protect,WaveCrash,Earthquake,IcePunch|Adamant||F|||50|]Hydreigon||ChoiceScarf|Levitate|DarkPulse,Snarl,DracoMeteor,Uturn|Timid||F|||50|
|
|t:|1784320702
|teamsize|p1|4
|teamsize|p2|4
|start
|switch|p1a: Samurott|Samurott-Hisui, L50, M|100/100
|switch|p1b: Froslass|Froslass, L50, F|100/100
|switch|p2a: Grimmsnarl|Grimmsnarl, L50, M|100/100
|switch|p2b: Swampert|Swampert, L50, F|100/100
|turn|1
|inactive|Battle timer is ON: inactive players will automatically lose when time's up. (requested by caevz027)
|inactive|satandagiii2005 also wants the timer to be on.
|inactive|satandagiii2005 has 60 seconds left.
|
|t:|1784320736
|detailschange|p1b: Froslass|Froslass-Mega, L50, F
|-mega|p1b: Froslass|Froslass|Froslassite
|-weather|Snowscape|[from] ability: Snow Warning|[of] p1b: Froslass
|detailschange|p2b: Swampert|Swampert-Mega, L50, F
|-mega|p2b: Swampert|Swampert|Swampertite
|move|p2a: Grimmsnarl|Reflect|p2a: Grimmsnarl
|-sidestart|p2: satandagiii2005|Reflect
|move|p1b: Froslass|Blizzard|p2a: Grimmsnarl|[spread] p2a,p2b
|-damage|p2a: Grimmsnarl|64/100
|-damage|p2b: Swampert|59/100
|move|p1a: Samurott|Razor Shell|p2a: Grimmsnarl
|-damage|p2a: Grimmsnarl|4/100
|-unboost|p2a: Grimmsnarl|def|1
|-damage|p1a: Samurott|90/100|[from] item: Life Orb
|move|p2b: Swampert|Earthquake|p1b: Froslass|[spread] p2a,p1a,p1b
|-damage|p2a: Grimmsnarl|0 fnt
|-damage|p1a: Samurott|30/100
|-damage|p1b: Froslass|54/100
|faint|p2a: Grimmsnarl
|
|-weather|Snowscape|[upkeep]
|upkeep
|
|t:|1784320753
|switch|p2a: Pelipper|Pelipper, L50, M|100/100
|-weather|RainDance|[from] ability: Drizzle|[of] p2a: Pelipper
|turn|2
|
|t:|1784320762
|switch|p1b: Maushold|Maushold-Four, L50|100/100
|move|p1a: Samurott|Protect|p1a: Samurott
|-singleturn|p1a: Samurott|Protect
|move|p2b: Swampert|Wave Crash|p1b: Maushold
|-damage|p1b: Maushold|0 fnt
|faint|p1b: Maushold
|-damage|p2b: Swampert|27/100|[from] Recoil
|move|p2a: Pelipper|Hurricane|p1a: Samurott
|-activate|p1a: Samurott|move: Protect
|
|-weather|RainDance|[upkeep]
|upkeep
|
|t:|1784320775
|switch|p1b: Froslass|Froslass-Mega, L50, F|54/100
|-weather|Snowscape|[from] ability: Snow Warning|[of] p1b: Froslass
|turn|3
|
|t:|1784320799
|move|p2b: Swampert|Protect|p2b: Swampert
|-singleturn|p2b: Swampert|Protect
|move|p1b: Froslass|Blizzard|p2a: Pelipper|[spread] p2a
|-activate|p2b: Swampert|move: Protect
|-damage|p2a: Pelipper|42/100
|-enditem|p2a: Pelipper|Sitrus Berry|[eat]
|-heal|p2a: Pelipper|66/100|[from] item: Sitrus Berry
|move|p1a: Samurott|Ceaseless Edge|p2a: Pelipper|[miss]
|-miss|p1a: Samurott|p2a: Pelipper
|move|p2a: Pelipper|Tailwind|p2a: Pelipper
|-sidestart|p2: satandagiii2005|move: Tailwind
|
|-weather|Snowscape|[upkeep]
|upkeep
|turn|4
|
|t:|1784320816
|switch|p2a: Hydreigon|Hydreigon, L50, F|100/100
|move|p1b: Froslass|Protect|p1b: Froslass
|-singleturn|p1b: Froslass|Protect
|move|p2b: Swampert|Earthquake|p1a: Samurott|[spread] p1a
|-activate|p1b: Froslass|move: Protect
|-immune|p2a: Hydreigon|[from] ability: Levitate
|-damage|p1a: Samurott|0 fnt
|faint|p1a: Samurott
|
|-weather|Snowscape|[upkeep]
|upkeep
|
|t:|1784320827
|switch|p1a: Annihilape|Annihilape, L50, F|100/100
|turn|5
|c|☆caevz027|ggs
|c|☆caevz027|taht move misses could change this
|-message|caevz027 forfeited.
|
|win|satandagiii2005
|raw|caevz027's rating: 1181 → 1154(-27 for losing)
|raw|satandagiii2005's rating: 1159 → 1186(+27 for winning)
|l|☆caevz027
|player|p1|
|c|☆satandagiii2005|ist bulky
|c|☆satandagiii2005|in defence
