|j|☆cocacolaindahhouse
|j|☆breaking swiper
|html|cocacolaindahhousebreaking swiper    
|uhtml|bestof|Game 3 of a best-of-3
|t:|1755544114
|gametype|doubles
|player|p1|cocacolaindahhouse|170|1258
|player|p2|breaking swiper|1|1155
|gen|9
|tier|[Gen 9] VGC 2025 Reg H (Bo3)
|rated|
|rule|Species Clause: Limit one of each Pokémon
|rule|Item Clause: Limit 1 of each item
|clearpoke
|poke|p1|Rillaboom, L50, M|
|poke|p1|Magmar, L50, M|
|poke|p1|Kingambit, L50, M|
|poke|p1|Ninetales-Alola, L50, M|
|poke|p1|Basculegion, L50, M|
|poke|p1|Sneasler, L50, M|
|poke|p2|Azumarill, L50, F|
|poke|p2|Incineroar, L50, F|
|poke|p2|Amoonguss, L50, M|
|poke|p2|Gothitelle, L50, M|
|poke|p2|Flamigo, L50, M|
|poke|p2|Hydreigon, L50, M|
|teampreview|4
|showteam|p1|Rillaboom||AssaultVest|GrassySurge|WoodHammer,GrassyGlide,Uturn,FakeOut|||M|||50|,,,,,Water]Magmar||Eviolite|VitalSpirit|Taunt,HeatWave,FollowMe,Protect|||M|||50|,,,,,Water]Kingambit||SafetyGoggles|Defiant|KowtowCleave,SuckerPunch,SwordsDance,Protect|||M|||50|,,,,,Fire]Ninetales-Alola||LifeOrb|SnowWarning|Blizzard,FreezeDry,Encore,Protect|||M|||50|,,,,,Ghost]Basculegion||ChoiceScarf|Adaptability|WaveCrash,LastRespects,FlipTurn,TeraBlast|||M|||50|,,,,,Fighting]Sneasler||FocusSash|Unburden|CloseCombat,DireClaw,FakeOut,Protect|||M|||50|,,,,,Stellar
|showteam|p2|Azumarill||MentalHerb|SapSipper|Whirlpool,Encore,PerishSong,Protect|||F|||50|,,,,,Dragon]Incineroar||CovertCloak|Intimidate|KnockOff,FakeOut,PartingShot,Protect|||F|||50|,,,,,Ghost]Amoonguss||EjectButton|Regenerator|PollenPuff,Spore,RagePowder,Protect|||M|||50|,,,,,Fire]Gothitelle||SitrusBerry|ShadowTag|ExpandingForce,FakeOut,TrickRoom,Protect|||M|||50|,,,,,Dark]Flamigo||FocusSash|Scrappy|CloseCombat,DualWingbeat,SwordsDance,Protect|||M|||50|,,,,,Ghost]Hydreigon||SafetyGoggles|Levitate|DracoMeteor,Snarl,FlashCannon,Protect|||M|||50|,,,,,Ghost
|inactive|Battle timer is ON: inactive players will automatically lose when time's up. (requested by breaking swiper)
|
|t:|1755544126
|teamsize|p1|4
|teamsize|p2|4
|start
|switch|p1a: Ninetales|Ninetales-Alola, L50, M, shiny|100/100
|switch|p1b: Basculegion|Basculegion, L50, M, shiny|100/100
|switch|p2a: Azumarill|Azumarill, L50, F|100/100
|switch|p2b: Incineroar|Incineroar, L50, F|100/100
|-weather|Snowscape|[from] ability: Snow Warning|[of] p1a: Ninetales
|-ability|p2b: Incineroar|Intimidate|boost
|-unboost|p1a: Ninetales|atk|1
|-unboost|p1b: Basculegion|atk|1
|turn|1
|inactive|cocacolaindahhouse has 30 seconds left.
|inactive|cocacolaindahhouse has 20 seconds left.
|
|t:|1755544162
|-terastallize|p2b: Incineroar|Ghost
|move|p1b: Basculegion|Wave Crash|p2b: Incineroar
|-damage|p2b: Incineroar|56/100
|-damage|p1b: Basculegion|85/100|[from] Recoil
|move|p1a: Ninetales|Freeze-Dry|p2a: Azumarill
|-supereffective|p2a: Azumarill
|-damage|p2a: Azumarill|48/100
|-damage|p1a: Ninetales|91/100|[from] item: Life Orb
|move|p2b: Incineroar|Knock Off|p1a: Ninetales
|-resisted|p1a: Ninetales
|-damage|p1a: Ninetales|74/100
|-enditem|p1a: Ninetales|Life Orb|[from] move: Knock Off|[of] p2b: Incineroar
|move|p2a: Azumarill|Perish Song|p2a: Azumarill
|-start|p1a: Ninetales|perish3|[silent]
|-start|p1b: Basculegion|perish3|[silent]
|-start|p2a: Azumarill|perish3|[silent]
|-start|p2b: Incineroar|perish3|[silent]
|-fieldactivate|move: Perish Song
|
|-weather|Snowscape|[upkeep]
|-start|p1b: Basculegion|perish3
|-start|p1a: Ninetales|perish3
|-start|p2b: Incineroar|perish3
|-start|p2a: Azumarill|perish3
|upkeep
|turn|2
|inactive|cocacolaindahhouse has 30 seconds left.
|
|t:|1755544188
|switch|p2b: Amoonguss|Amoonguss, L50, M|100/100
|move|p2a: Azumarill|Protect|p2a: Azumarill
|-singleturn|p2a: Azumarill|Protect
|move|p1b: Basculegion|Wave Crash|p2b: Amoonguss
|-resisted|p2b: Amoonguss
|-damage|p2b: Amoonguss|79/100
|-damage|p1b: Basculegion|77/100|[from] Recoil
|-enditem|p2b: Amoonguss|Eject Button
|
|t:|1755544192
|switch|p2b: Gothitelle|Gothitelle, L50, M|100/100
|move|p1a: Ninetales|Blizzard|p2a: Azumarill|[spread] p2b
|-activate|p2a: Azumarill|move: Protect
|-damage|p2b: Gothitelle|77/100
|-status|p2b: Gothitelle|frz
|
|-weather|Snowscape|[upkeep]
|-start|p1b: Basculegion|perish2
|-start|p1a: Ninetales|perish2
|-start|p2a: Azumarill|perish2
|upkeep
|turn|3
|
|t:|1755544212
|switch|p1b: Rillaboom|Rillaboom, L50, M, shiny|100/100
|-fieldstart|move: Grassy Terrain|[from] ability: Grassy Surge|[of] p1b: Rillaboom
|switch|p2a: Incineroar|Incineroar, L50, F, tera:Ghost|56/100
|-ability|p2a: Incineroar|Intimidate|boost
|-unboost|p1a: Ninetales|atk|1
|-unboost|p1b: Rillaboom|atk|1
|-terastallize|p1a: Ninetales|Ghost
|move|p1a: Ninetales|Freeze-Dry|p2a: Incineroar
|-damage|p2a: Incineroar|35/100
|cant|p2b: Gothitelle|frz
|
|-weather|Snowscape|[upkeep]
|-heal|p1a: Ninetales|80/100|[from] Grassy Terrain
|-heal|p2b: Gothitelle|83/100 frz|[from] Grassy Terrain
|-heal|p2a: Incineroar|41/100|[from] Grassy Terrain
|-start|p1a: Ninetales|perish1
|upkeep
|turn|4
|
|t:|1755544235
|switch|p1a: Kingambit|Kingambit, L50, M, shiny|100/100
|switch|p2b: Amoonguss|Amoonguss, L50, M|100/100
|move|p1b: Rillaboom|U-turn|p2b: Amoonguss
|-damage|p2b: Amoonguss|87/100
|
|t:|1755544246
|switch|p1b: Ninetales|Ninetales-Alola, L50, M, shiny, tera:Ghost|80/100|[from] U-turn
|move|p2a: Incineroar|Knock Off|p1a: Kingambit
|-resisted|p1a: Kingambit
|-damage|p1a: Kingambit|85/100
|-enditem|p1a: Kingambit|Safety Goggles|[from] move: Knock Off|[of] p2a: Incineroar
|
|-weather|Snowscape|[upkeep]
|-heal|p1b: Ninetales|86/100|[from] Grassy Terrain
|-heal|p1a: Kingambit|91/100|[from] Grassy Terrain
|-heal|p2a: Incineroar|47/100|[from] Grassy Terrain
|-heal|p2b: Amoonguss|93/100|[from] Grassy Terrain
|upkeep
|turn|5
|
|t:|1755544263
|move|p2a: Incineroar|Protect|p2a: Incineroar
|-singleturn|p2a: Incineroar|Protect
|move|p1b: Ninetales|Blizzard|p2a: Incineroar|[spread] p2b
|-activate|p2a: Incineroar|move: Protect
|-supereffective|p2b: Amoonguss
|-damage|p2b: Amoonguss|43/100
|move|p1a: Kingambit|Kowtow Cleave|p2a: Incineroar
|-activate|p2a: Incineroar|move: Protect
|move|p2b: Amoonguss|Spore|p1a: Kingambit
|-status|p1a: Kingambit|slp|[from] move: Spore
|
|-weather|none
|-heal|p1b: Ninetales|92/100|[from] Grassy Terrain
|-heal|p1a: Kingambit|97/100 slp|[from] Grassy Terrain
|-heal|p2a: Incineroar|52/100|[from] Grassy Terrain
|-heal|p2b: Amoonguss|49/100|[from] Grassy Terrain
|upkeep
|turn|6
|
|t:|1755544281
|switch|p2b: Gothitelle|Gothitelle, L50, M|83/100 frz
|move|p1b: Ninetales|Freeze-Dry|p2b: Gothitelle
|-damage|p2b: Gothitelle|64/100 frz
|cant|p1a: Kingambit|slp
|move|p2a: Incineroar|Knock Off|p1b: Ninetales
|-supereffective|p1b: Ninetales
|-damage|p1b: Ninetales|23/100
|
|-heal|p1b: Ninetales|29/100|[from] Grassy Terrain
|-heal|p1a: Kingambit|100/100 slp|[from] Grassy Terrain
|-heal|p2b: Gothitelle|70/100 frz|[from] Grassy Terrain
|-heal|p2a: Incineroar|58/100|[from] Grassy Terrain
|upkeep
|turn|7
|
|t:|1755544301
|switch|p1b: Rillaboom|Rillaboom, L50, M, shiny|100/100
|cant|p1a: Kingambit|slp
|move|p2a: Incineroar|Knock Off|p1b: Rillaboom
|-damage|p1b: Rillaboom|65/100
|-enditem|p1b: Rillaboom|Assault Vest|[from] move: Knock Off|[of] p2a: Incineroar
|cant|p2b: Gothitelle|frz
|
|-heal|p1b: Rillaboom|71/100|[from] Grassy Terrain
|-heal|p2b: Gothitelle|76/100 frz|[from] Grassy Terrain
|-heal|p2a: Incineroar|64/100|[from] Grassy Terrain
|-fieldend|move: Grassy Terrain
|upkeep
|turn|8
|
|t:|1755544319
|switch|p2a: Azumarill|Azumarill, L50, F|48/100
|-curestatus|p2b: Gothitelle|frz|[msg]
|move|p2b: Gothitelle|Protect|p2b: Gothitelle
|-singleturn|p2b: Gothitelle|Protect
|move|p1b: Rillaboom|Fake Out|p2b: Gothitelle
|-activate|p2b: Gothitelle|move: Protect
|cant|p1a: Kingambit|slp
|
|upkeep
|turn|9
|
|t:|1755544339
|switch|p2b: Amoonguss|Amoonguss, L50, M|83/100
|move|p1b: Rillaboom|U-turn|p2b: Amoonguss
|-damage|p2b: Amoonguss|63/100
|
|t:|1755544353
|switch|p1b: Ninetales|Ninetales-Alola, L50, M, shiny, tera:Ghost|29/100|[from] U-turn
|-weather|Snowscape|[from] ability: Snow Warning|[of] p1b: Ninetales
|-curestatus|p1a: Kingambit|slp|[msg]
|move|p1a: Kingambit|Kowtow Cleave|p2b: Amoonguss
|-damage|p2b: Amoonguss|22/100
|move|p2a: Azumarill|Encore||[still]
|-fail|p2a: Azumarill
|
|-weather|Snowscape|[upkeep]
|upkeep
|turn|10
|
|t:|1755544371
|move|p2b: Amoonguss|Rage Powder|p2b: Amoonguss
|-singleturn|p2b: Amoonguss|move: Rage Powder
|move|p1b: Ninetales|Freeze-Dry|p2b: Amoonguss
|-supereffective|p2b: Amoonguss
|-damage|p2b: Amoonguss|0 fnt
|faint|p2b: Amoonguss
|move|p1a: Kingambit|Kowtow Cleave|p2a: Azumarill
|-resisted|p2a: Azumarill
|-damage|p2a: Azumarill|26/100
|move|p2a: Azumarill|Perish Song|p2a: Azumarill
|-start|p1a: Kingambit|perish3|[silent]
|-start|p1b: Ninetales|perish3|[silent]
|-start|p2a: Azumarill|perish3|[silent]
|-fieldactivate|move: Perish Song
|
|-weather|Snowscape|[upkeep]
|-start|p1b: Ninetales|perish3
|-start|p1a: Kingambit|perish3
|-start|p2a: Azumarill|perish3
|upkeep
|
|t:|1755544373
|switch|p2b: Gothitelle|Gothitelle, L50, M|76/100
|turn|11
|inactive|cocacolaindahhouse has 30 seconds left.
|
|t:|1755544404
|switch|p1b: Rillaboom|Rillaboom, L50, M, shiny|71/100
|-fieldstart|move: Grassy Terrain|[from] ability: Grassy Surge|[of] p1b: Rillaboom
|switch|p2a: Incineroar|Incineroar, L50, F, tera:Ghost|64/100
|-ability|p2a: Incineroar|Intimidate|boost
|-unboost|p1a: Kingambit|atk|1
|-ability|p1a: Kingambit|Defiant|boost
|-boost|p1a: Kingambit|atk|2
|-unboost|p1b: Rillaboom|atk|1
|move|p2b: Gothitelle|Fake Out|p1a: Kingambit
|-resisted|p1a: Kingambit
|-damage|p1a: Kingambit|98/100
|cant|p1a: Kingambit|flinch
|
|-weather|Snowscape|[upkeep]
|-heal|p1b: Rillaboom|77/100|[from] Grassy Terrain
|-heal|p1a: Kingambit|100/100|[from] Grassy Terrain
|-heal|p2b: Gothitelle|82/100|[from] Grassy Terrain
|-heal|p2a: Incineroar|70/100|[from] Grassy Terrain
|-start|p1a: Kingambit|perish2
|upkeep
|turn|12
|inactive|cocacolaindahhouse has 30 seconds left.
|inactive|breaking swiper has 30 seconds left.
|inactive|breaking swiper has 20 seconds left.
|
|t:|1755544443
|move|p2a: Incineroar|Fake Out|p1a: Kingambit
|-resisted|p1a: Kingambit
|-damage|p1a: Kingambit|97/100
|move|p1b: Rillaboom|Wood Hammer|p2a: Incineroar
|-damage|p2a: Incineroar|27/100
|-damage|p1b: Rillaboom|63/100|[from] Recoil
|cant|p1a: Kingambit|flinch
|move|p2b: Gothitelle|Trick Room|p2b: Gothitelle
|-fieldstart|move: Trick Room|[of] p2b: Gothitelle
|
|-weather|Snowscape|[upkeep]
|-heal|p2a: Incineroar|33/100|[from] Grassy Terrain
|-heal|p2b: Gothitelle|89/100|[from] Grassy Terrain
|-heal|p1a: Kingambit|100/100|[from] Grassy Terrain
|-heal|p1b: Rillaboom|69/100|[from] Grassy Terrain
|-start|p1a: Kingambit|perish1
|upkeep
|turn|13
|
|t:|1755544462
|move|p2a: Incineroar|Protect|p2a: Incineroar
|-singleturn|p2a: Incineroar|Protect
|move|p2b: Gothitelle|Protect|p2b: Gothitelle
|-singleturn|p2b: Gothitelle|Protect
|move|p1a: Kingambit|Kowtow Cleave|p2a: Incineroar
|-activate|p2a: Incineroar|move: Protect
|move|p1b: Rillaboom|U-turn|p2b: Gothitelle
|-activate|p2b: Gothitelle|move: Protect
|
|-weather|none
|-heal|p2a: Incineroar|39/100|[from] Grassy Terrain
|-heal|p2b: Gothitelle|95/100|[from] Grassy Terrain
|-heal|p1b: Rillaboom|74/100|[from] Grassy Terrain
|-start|p1a: Kingambit|perish0
|faint|p1a: Kingambit
|upkeep
|
|t:|1755544485
|switch|p1a: Ninetales|Ninetales-Alola, L50, M, shiny, tera:Ghost|29/100
|-weather|Snowscape|[from] ability: Snow Warning|[of] p1a: Ninetales
|turn|14
|
|t:|1755544501
|move|p2a: Incineroar|Parting Shot|p1b: Rillaboom
|-unboost|p1b: Rillaboom|atk|1
|-unboost|p1b: Rillaboom|spa|1
|
|t:|1755544504
|switch|p2a: Azumarill|Azumarill, L50, F|26/100|[from] Parting Shot
|move|p2b: Gothitelle|Expanding Force|p1a: Ninetales
|-damage|p1a: Ninetales|0 fnt
|faint|p1a: Ninetales
|move|p1b: Rillaboom|U-turn|p2a: Azumarill
|-resisted|p2a: Azumarill
|-damage|p2a: Azumarill|21/100
|
|t:|1755544512
|switch|p1b: Basculegion|Basculegion, L50, M, shiny|77/100|[from] U-turn
|
|-weather|Snowscape|[upkeep]
|-heal|p2a: Azumarill|27/100|[from] Grassy Terrain
|-heal|p2b: Gothitelle|100/100|[from] Grassy Terrain
|-heal|p1b: Basculegion|83/100|[from] Grassy Terrain
|upkeep
|
|t:|1755544517
|switch|p1a: Rillaboom|Rillaboom, L50, M, shiny|74/100
|turn|15
|inactive|breaking swiper has 30 seconds left.
|inactive|breaking swiper has 20 seconds left.
|inactive|cocacolaindahhouse has 30 seconds left.
|inactive|breaking swiper has 15 seconds left.
|
|t:|1755544564
|move|p2a: Azumarill|Whirlpool|p1b: Basculegion
|-resisted|p1b: Basculegion
|-damage|p1b: Basculegion|79/100
|-activate|p1b: Basculegion|move: Whirlpool|[of] p2a: Azumarill
|move|p2b: Gothitelle|Expanding Force|p1b: Basculegion
|-damage|p1b: Basculegion|46/100
|move|p1a: Rillaboom|Wood Hammer|p2b: Gothitelle
|-damage|p2b: Gothitelle|32/100
|-enditem|p2b: Gothitelle|Sitrus Berry|[eat]
|-heal|p2b: Gothitelle|57/100|[from] item: Sitrus Berry
|-damage|p1a: Rillaboom|55/100|[from] Recoil
|move|p1b: Basculegion|Last Respects|p2a: Azumarill
|-damage|p2a: Azumarill|0 fnt
|faint|p2a: Azumarill
|
|-weather|Snowscape|[upkeep]
|-heal|p2b: Gothitelle|63/100|[from] Grassy Terrain
|-heal|p1a: Rillaboom|61/100|[from] Grassy Terrain
|-heal|p1b: Basculegion|53/100|[from] Grassy Terrain
|-end|p1b: Basculegion|Whirlpool|[partiallytrapped]|[silent]
|-fieldend|move: Grassy Terrain
|upkeep
|
|t:|1755544572
|switch|p2a: Incineroar|Incineroar, L50, F, tera:Ghost|39/100
|-ability|p2a: Incineroar|Intimidate|boost
|-unboost|p1a: Rillaboom|atk|1
|-unboost|p1b: Basculegion|atk|1
|turn|16
|inactive|cocacolaindahhouse has 30 seconds left.
|inactive|cocacolaindahhouse has 20 seconds left.
|
|t:|1755544609
|move|p2a: Incineroar|Knock Off|p1b: Basculegion
|-supereffective|p1b: Basculegion
|-damage|p1b: Basculegion|0 fnt
|-enditem|p1b: Basculegion|Choice Scarf|[from] move: Knock Off|[of] p2a: Incineroar
|faint|p1b: Basculegion
|move|p2b: Gothitelle|Expanding Force|p1a: Rillaboom
|-damage|p1a: Rillaboom|32/100
|move|p1a: Rillaboom|Wood Hammer|p2b: Gothitelle
|-damage|p2b: Gothitelle|29/100
|-damage|p1a: Rillaboom|22/100|[from] Recoil
|
|-weather|Snowscape|[upkeep]
|-fieldend|move: Trick Room
|upkeep
|turn|17
|inactive|cocacolaindahhouse has 30 seconds left.
|c|☆breaking swiper|ggwp
|-message|cocacolaindahhouse forfeited.
|
|win|breaking swiper
|raw|cocacolaindahhouse's rating: 1258 → 1226(-32 for losing)
|raw|breaking swiper's rating: 1155 → 1187(+32 for winning)
|l|☆cocacolaindahhouse
|player|p1|
