|j|☆natsukivgc
|j|☆Natsuharusama
|html|natsukivgcNatsuharusama    
|uhtml|bestof|Game 1 of a best-of-3
|t:|1785482227
|gametype|doubles
|player|p1|natsukivgc|1|1186
|player|p2|Natsuharusama|pokemaniac|1058
|gen|9
|tier|[Gen 9 Champions] VGC 2026 Reg M-B (Bo3)
|rated|
|rule|Species Clause: Limit one of each Pokémon
|rule|Item Clause: Limit 1 of each item
|clearpoke
|poke|p1|Charizard, L50, M|
|poke|p1|Sneasler, L50, M|
|poke|p1|Kingambit, L50, M|
|poke|p1|Dragonite, L50, F|
|poke|p1|Floette-Eternal, L50, F|
|poke|p1|Whimsicott, L50, M|
|poke|p2|Pelipper, L50, F, shiny|
|poke|p2|Swampert, L50, M, shiny|
|poke|p2|Archaludon, L50, M, shiny|
|poke|p2|Basculegion, L50, M, shiny|
|poke|p2|Grimmsnarl, L50, M, shiny|
|poke|p2|Raichu, L50, F|
|teampreview|4
|showteam|p1|Charizard||CharizarditeY|Blaze|HeatWave,SolarBeam,WeatherBall,Protect|Modest||M|||50|]Sneasler||WhiteHerb|Unburden|CloseCombat,DireClaw,FakeOut,Coaching|Jolly||M|||50|]Kingambit||BlackGlasses|Defiant|KowtowCleave,SuckerPunch,SwordsDance,Protect|Adamant||M|||50|]Dragonite||LifeOrb|InnerFocus|DragonClaw,LowKick,ExtremeSpeed,Protect|Adamant||F|||50|]Floette-Eternal||Floettite|FlowerVeil|Moonblast,DazzlingGleam,LightofRuin,Protect|Modest||F|||50|]Whimsicott||FocusSash|Prankster|Moonblast,Tailwind,Encore,Protect|Timid||M|||50|
|showteam|p2|Pelipper||SitrusBerry|Drizzle|Hurricane,Protect,WideGuard,Tailwind|Bold||F|||50|]Swampert||Swampertite|Torrent|IcePunch,WaveCrash,Earthquake,Protect|Adamant||M|||50|]Archaludon||Leftovers|Stamina|ElectroShot,Protect,DragonPulse,FlashCannon|Modest||M|||50|]Basculegion||LifeOrb|SwiftSwim|WaveCrash,AquaJet,LastRespects,Protect|Jolly||M|||50|]Grimmsnarl||LightClay|Prankster|LightScreen,Reflect,SpiritBreak,PartingShot|Careful||M|||50|]Raichu||RaichuniteY|Static|FakeOut,Protect,Thunder,FocusBlast|Hasty||F|||50|
|l|☆Natsuharusama
|player|p2|
|
|t:|1785482267
|teamsize|p1|4
|teamsize|p2|4
|start
|switch|p1a: Sneasler|Sneasler, L50, M|100/100
|switch|p1b: Dragonite|Dragonite, L50, F|100/100
|switch|p2a: Mexico Hater|Grimmsnarl, L50, M, shiny|100/100
|switch|p2b: PikachuFanService|Raichu, L50, F|100/100
|turn|1
|j|☆Natsuharusama
|player|p2|Natsuharusama|pokemaniac|
|
|t:|1785482308
|detailschange|p2b: PikachuFanService|Raichu-Mega-Y, L50, F
|-mega|p2b: PikachuFanService|Raichu|Raichunite Y
|move|p2b: PikachuFanService|Fake Out|p1a: Sneasler
|-damage|p1a: Sneasler|83/100
|cant|p1a: Sneasler|flinch
|move|p1b: Dragonite|Extreme Speed|p2b: PikachuFanService
|-damage|p2b: PikachuFanService|11/100
|-damage|p1b: Dragonite|90/100|[from] item: Life Orb
|move|p2a: Mexico Hater|Light Screen|p2a: Mexico Hater
|-sidestart|p2: Natsuharusama|move: Light Screen
|
|upkeep
|turn|2
|inactive|Battle timer is ON: inactive players will automatically lose when time's up. (requested by Natsuharusama)
|
|t:|1785482357
|switch|p2b: Feeshy|Basculegion, L50, M, shiny|100/100
|move|p1b: Dragonite|Extreme Speed|p2b: Feeshy
|-immune|p2b: Feeshy
|move|p2a: Mexico Hater|Reflect|p2a: Mexico Hater
|-sidestart|p2: Natsuharusama|Reflect
|move|p1a: Sneasler|Dire Claw|p2a: Mexico Hater
|-supereffective|p2a: Mexico Hater|1
|-damage|p2a: Mexico Hater|28/100
|
|upkeep
|turn|3
|inactive|natsukivgc has 30 seconds left.
|inactive|Natsuharusama has 30 seconds left.
|inactive|natsukivgc has 20 seconds left.
|inactive|natsukivgc has 15 seconds left.
|
|t:|1785482401
|move|p2a: Mexico Hater|Parting Shot|p1b: Dragonite
|-unboost|p1b: Dragonite|atk|1
|-unboost|p1b: Dragonite|spa|1
|
|t:|1785482405
|switch|p2a: PikachuFanService|Raichu-Mega-Y, L50, F|11/100|[from] Parting Shot
|move|p1a: Sneasler|Coaching|p1b: Dragonite
|-boost|p1b: Dragonite|atk|1
|-boost|p1b: Dragonite|def|1
|move|p2b: Feeshy|Wave Crash|p1a: Sneasler
|-damage|p1a: Sneasler|0 fnt
|faint|p1a: Sneasler
|-damage|p2b: Feeshy|78/100|[from] Recoil
|-damage|p2b: Feeshy|68/100|[from] item: Life Orb
|move|p1b: Dragonite|Dragon Claw|p2b: Feeshy
|-damage|p2b: Feeshy|16/100
|-damage|p1b: Dragonite|81/100|[from] item: Life Orb
|
|upkeep
|inactive|natsukivgc has 30 seconds left.
|
|t:|1785482432
|switch|p1a: Charizard|Charizard, L50, M|100/100
|turn|4
|inactive|natsukivgc has 30 seconds left.
|inactive|natsukivgc has 20 seconds left.
|inactive|natsukivgc has 15 seconds left.
|
|t:|1785482476
|detailschange|p1a: Charizard|Charizard-Mega-Y, L50, M
|-mega|p1a: Charizard|Charizard|Charizardite Y
|-weather|SunnyDay|[from] ability: Drought|[of] p1a: Charizard
|move|p1a: Charizard|Protect|p1a: Charizard
|-singleturn|p1a: Charizard|Protect
|move|p2a: PikachuFanService|Fake Out|p1b: Dragonite
|-damage|p1b: Dragonite|73/100
|move|p1b: Dragonite|Extreme Speed|p2a: PikachuFanService
|-crit|p2a: PikachuFanService
|-damage|p2a: PikachuFanService|0 fnt
|faint|p2a: PikachuFanService
|-damage|p1b: Dragonite|64/100|[from] item: Life Orb
|move|p2b: Feeshy|Wave Crash|p1a: Charizard
|-activate|p1a: Charizard|move: Protect
|
|-weather|SunnyDay|[upkeep]
|upkeep
|
|t:|1785482495
|switch|p2a: ImTheBiggestBirb|Pelipper, L50, F, shiny|100/100
|-weather|RainDance|[from] ability: Drizzle|[of] p2a: ImTheBiggestBirb
|turn|5
|inactive|natsukivgc has 30 seconds left.
|
|t:|1785482524
|move|p2b: Feeshy|Last Respects|p1b: Dragonite
|-damage|p1b: Dragonite|24/100
|-damage|p2b: Feeshy|7/100|[from] item: Life Orb
|move|p1a: Charizard|Weather Ball|p2b: Feeshy
|-resisted|p2b: Feeshy|1
|-damage|p2b: Feeshy|0 fnt
|faint|p2b: Feeshy
|move|p1b: Dragonite|Dragon Claw|p2a: ImTheBiggestBirb
|-damage|p2a: ImTheBiggestBirb|59/100
|-damage|p1b: Dragonite|15/100|[from] item: Life Orb
|move|p2a: ImTheBiggestBirb|Hurricane|p1b: Dragonite
|-damage|p1b: Dragonite|0 fnt
|faint|p1b: Dragonite
|
|-weather|RainDance|[upkeep]
|upkeep
|
|t:|1785482543
|switch|p2b: Mexico Hater|Grimmsnarl, L50, M, shiny|28/100
|switch|p1b: Kingambit|Kingambit, L50, M|100/100
|turn|6
|inactive|natsukivgc has 30 seconds left.
|inactive|Natsuharusama has 30 seconds left.
|inactive|natsukivgc has 20 seconds left.
|inactive|Natsuharusama has 20 seconds left.
|inactive|natsukivgc has 15 seconds left.
|
|t:|1785482591
|move|p1b: Kingambit|Sucker Punch|p2a: ImTheBiggestBirb
|-damage|p2a: ImTheBiggestBirb|32/100
|-enditem|p2a: ImTheBiggestBirb|Sitrus Berry|[eat]
|-heal|p2a: ImTheBiggestBirb|56/100|[from] item: Sitrus Berry
|move|p1a: Charizard|Weather Ball|p2a: ImTheBiggestBirb
|-resisted|p2a: ImTheBiggestBirb|1
|-damage|p2a: ImTheBiggestBirb|29/100
|move|p2a: ImTheBiggestBirb|Hurricane|p1b: Kingambit
|-resisted|p1b: Kingambit|1
|-crit|p1b: Kingambit
|-damage|p1b: Kingambit|79/100
|move|p2b: Mexico Hater|Spirit Break|p1a: Charizard
|-resisted|p1a: Charizard|1
|-damage|p1a: Charizard|84/100
|-unboost|p1a: Charizard|spa|1
|
|-weather|RainDance|[upkeep]
|upkeep
|turn|7
|inactive|Natsuharusama has 30 seconds left.
|
|t:|1785482616
|move|p1a: Charizard|Weather Ball|p2a: ImTheBiggestBirb
|-resisted|p2a: ImTheBiggestBirb|1
|-damage|p2a: ImTheBiggestBirb|13/100
|move|p2a: ImTheBiggestBirb|Hurricane|p1a: Charizard
|-damage|p1a: Charizard|53/100
|-start|p1a: Charizard|confusion
|move|p2b: Mexico Hater|Spirit Break|p1b: Kingambit
|-damage|p1b: Kingambit|57/100
|-unboost|p1b: Kingambit|spa|1
|-ability|p1b: Kingambit|Defiant|boost
|-boost|p1b: Kingambit|atk|2
|move|p1b: Kingambit|Kowtow Cleave|p2a: ImTheBiggestBirb
|-damage|p2a: ImTheBiggestBirb|0 fnt
|faint|p2a: ImTheBiggestBirb
|
|-weather|RainDance|[upkeep]
|upkeep
|turn|8
|-message|Natsuharusama forfeited.
|
|win|natsukivgc
