|j|☆CappyTJ5
|j|☆FlashoGoing
|html|CappyTJ5FlashoGoing    
|uhtml|bestof|Game 1 of a best-of-3
|t:|1757089443
|gametype|doubles
|player|p1|CappyTJ5|wallace|1091
|player|p2|FlashoGoing|pokemaniac|1107
|gen|9
|tier|[Gen 9] VGC 2025 Reg H (Bo3)
|rated|
|rule|Species Clause: Limit one of each Pokémon
|rule|Item Clause: Limit 1 of each item
|clearpoke
|poke|p1|Sneasler, L50, F|
|poke|p1|Incineroar, L50, M|
|poke|p1|Dragonite, L50, F|
|poke|p1|Gholdengo, L50|
|poke|p1|Amoonguss, L50, F|
|poke|p1|Ursaluna-Bloodmoon, L50, M|
|poke|p2|Incineroar, L50, M|
|poke|p2|Rillaboom, L50, M|
|poke|p2|Porygon2, L50|
|poke|p2|Ursaluna, L50, M|
|poke|p2|Gholdengo, L50|
|poke|p2|Maushold-Four, L50|
|teampreview|4
|showteam|p1|Sneasler||FocusSash|Unburden|Protect,DireClaw,CloseCombat,ThroatChop|||F|||50|,,,,,Stellar]Incineroar||SafetyGoggles|Intimidate|KnockOff,FlareBlitz,PartingShot,FakeOut|||M|||50|,,,,,Ghost]Dragonite||LoadedDice|Multiscale|Protect,ScaleShot,Tailwind,Haze|||F|||50|,,,,,Fairy]Gholdengo||LifeOrb|GoodasGold|Protect,MakeItRain,ShadowBall,NastyPlot||||||50|,,,,,Water]Amoonguss||SitrusBerry|Regenerator|Protect,Spore,PollenPuff,RagePowder|||F|||50|,,,,,Water]Ursaluna-Bloodmoon||AssaultVest|MindsEye|HyperVoice,BloodMoon,EarthPower,VacuumWave|||M|||50|,,,,,Water
|showteam|p2|Incineroar||SafetyGoggles|Intimidate|FakeOut,Roar,KnockOff,PartingShot|||M|||50|,,,,,Ghost]Rillaboom||AssaultVest|GrassySurge|FakeOut,WoodHammer,GrassyGlide,Uturn|||M|||50|,,,,,Fire]Porygon2||Eviolite|Download|TeraBlast,IceBeam,TrickRoom,Recover||||||50|,,,,,Ghost]Ursaluna||FlameOrb|Guts|Facade,HeadlongRush,Earthquake,Protect|||M|||50|,,,,,Ghost]Gholdengo||LifeOrb|GoodasGold|MakeItRain,ShadowBall,NastyPlot,Protect||||||50|,,,,,Water]Maushold-Four||FocusSash|FriendGuard|Encore,Taunt,PopulationBomb,FollowMe||||||50|,,,,,Ghost
|inactive|Battle timer is ON: inactive players will automatically lose when time's up. (requested by CappyTJ5)
|inactive|CappyTJ5 has 60 seconds left.
|inactive|FlashoGoing has 60 seconds left.
|
|t:|1757089485
|teamsize|p1|4
|teamsize|p2|4
|start
|switch|p1a: Incineroar|Incineroar, L50, M|100/100
|switch|p1b: Sneasler|Sneasler, L50, F|100/100
|switch|p2a: Porygon2|Porygon2, L50|100/100
|switch|p2b: Incineroar|Incineroar, L50, M|100/100
|-ability|p1a: Incineroar|Intimidate|boost
|-unboost|p2a: Porygon2|atk|1
|-unboost|p2b: Incineroar|atk|1
|-ability|p2b: Incineroar|Intimidate|boost
|-unboost|p1a: Incineroar|atk|1
|-unboost|p1b: Sneasler|atk|1
|-ability|p2a: Porygon2|Download|boost
|-boost|p2a: Porygon2|atk|1
|turn|1
|inactive|CappyTJ5 has 30 seconds left.
|inactive|FlashoGoing has 30 seconds left.
|
|t:|1757089518
|switch|p1b: Amoonguss|Amoonguss, L50, F|100/100
|-terastallize|p2a: Porygon2|Ghost
|move|p2b: Incineroar|Fake Out|p1b: Amoonguss
|-damage|p1b: Amoonguss|95/100
|move|p1a: Incineroar|Knock Off|p2b: Incineroar
|-resisted|p2b: Incineroar
|-damage|p2b: Incineroar|92/100
|-enditem|p2b: Incineroar|Safety Goggles|[from] move: Knock Off|[of] p1a: Incineroar
|move|p2a: Porygon2|Tera Blast|p1b: Amoonguss|[anim] Tera Blast Ghost
|-damage|p1b: Amoonguss|62/100
|
|upkeep
|turn|2
|inactive|CappyTJ5 has 30 seconds left.
|inactive|FlashoGoing has 30 seconds left.
|
|t:|1757089551
|switch|p2a: Gholdengo|Gholdengo, L50|100/100
|switch|p1b: Sneasler|Sneasler, L50, F|100/100
|move|p1a: Incineroar|Knock Off|p2a: Gholdengo
|-supereffective|p2a: Gholdengo
|-damage|p2a: Gholdengo|53/100
|-enditem|p2a: Gholdengo|Life Orb|[from] move: Knock Off|[of] p1a: Incineroar
|move|p2b: Incineroar|Knock Off|p1b: Sneasler
|-resisted|p1b: Sneasler
|-damage|p1b: Sneasler|77/100
|-enditem|p1b: Sneasler|Focus Sash|[from] move: Knock Off|[of] p2b: Incineroar
|
|upkeep
|turn|3
|inactive|CappyTJ5 has 30 seconds left.
|inactive|CappyTJ5 has 20 seconds left.
|
|t:|1757089588
|switch|p2b: Porygon2|Porygon2, L50, tera:Ghost|100/100
|-ability|p2b: Porygon2|Download|boost
|-boost|p2b: Porygon2|atk|1
|move|p1b: Sneasler|Throat Chop|p2a: Gholdengo
|-supereffective|p2a: Gholdengo
|-damage|p2a: Gholdengo|0 fnt
|faint|p2a: Gholdengo
|move|p1a: Incineroar|Parting Shot|p2b: Porygon2
|-unboost|p2b: Porygon2|atk|1
|-unboost|p2b: Porygon2|spa|1
|
|t:|1757089597
|switch|p1a: Amoonguss|Amoonguss, L50, F|95/100|[from] Parting Shot
|
|upkeep
|
|t:|1757089602
|switch|p2a: Incineroar|Incineroar, L50, M|92/100
|-ability|p2a: Incineroar|Intimidate|boost
|-unboost|p1a: Amoonguss|atk|1
|-unboost|p1b: Sneasler|atk|1
|turn|4
|
|t:|1757089626
|-terastallize|p1a: Amoonguss|Water
|move|p1b: Sneasler|Close Combat|p2a: Incineroar
|-supereffective|p2a: Incineroar
|-damage|p2a: Incineroar|22/100
|-unboost|p1b: Sneasler|def|1
|-unboost|p1b: Sneasler|spd|1
|move|p2a: Incineroar|Knock Off|p1a: Amoonguss
|-damage|p1a: Amoonguss|65/100
|-enditem|p1a: Amoonguss|Sitrus Berry|[from] move: Knock Off|[of] p2a: Incineroar
|move|p2b: Porygon2|Ice Beam|p1a: Amoonguss
|-resisted|p1a: Amoonguss
|-damage|p1a: Amoonguss|56/100
|move|p1a: Amoonguss|Spore|p2a: Incineroar
|-status|p2a: Incineroar|slp|[from] move: Spore
|
|upkeep
|turn|5
|-message|FlashoGoing forfeited.
|
|win|CappyTJ5
|l|☆FlashoGoing
|player|p2|
