|j|☆EastgermanDominanz
|j|☆Ribombees believer
|html|EastgermanDominanzRibombees believer    
|uhtml|bestof|Game 1 of a best-of-3
|t:|1756676350
|gametype|doubles
|player|p1|EastgermanDominanz|psychic-gen4|1305
|player|p2|Ribombees believer|skier|1355
|gen|9
|tier|[Gen 9] VGC 2025 Reg H (Bo3)
|rated|
|rule|Species Clause: Limit one of each Pokémon
|rule|Item Clause: Limit 1 of each item
|clearpoke
|poke|p1|Tyranitar, L50, F|
|poke|p1|Annihilape, L50, M|
|poke|p1|Volcarona, L50, M|
|poke|p1|Sneasler, L50, M|
|poke|p1|Murkrow, L50, F|
|poke|p1|Gholdengo, L50|
|poke|p2|Dondozo, L50, M|
|poke|p2|Tatsugiri, L50, F|
|poke|p2|Indeedee, L50, M|
|poke|p2|Dragapult, L50, F|
|poke|p2|Ribombee, L50, F|
|poke|p2|Gholdengo, L50|
|teampreview|4
|showteam|p1|Tyranitar||AssaultVest|SandStream|RockSlide,KnockOff,TeraBlast,LowKick|||F|||50|,,,,,Flying]Annihilape||SafetyGoggles|Defiant|DrainPunch,RageFist,BulkUp,Protect|||M|||50|,,,,,Water]Volcarona||SitrusBerry|FlameBody|HeatWave,TeraBlast,Protect,QuiverDance|||M|||50|,,,,,Fairy]Sneasler||WhiteHerb|Unburden|FakeOut,CloseCombat,DireClaw,Coaching|||M|||50|,,,,,Dark]Murkrow||Eviolite|Prankster|Tailwind,Haze,FoulPlay,Quash|||F|||50|,,,,,Dark]Gholdengo||LifeOrb|GoodasGold|MakeItRain,ShadowBall,NastyPlot,Protect||||||50|,,,,,Water
|showteam|p2|Dondozo||Leftovers|Unaware|WaveCrash,Earthquake,OrderUp,Protect|||M|||50|,,,,,Grass]Tatsugiri||ChoiceScarf|Commander|MuddyWater,DracoMeteor,DragonPulse,TeraBlast|||F|||50|,,,,,Fairy]Indeedee||FocusSash|PsychicSurge|ExpandingForce,TeraBlast,HyperVoice,Protect|||M|||50|,,,,,Fighting]Dragapult||ChoiceBand|ClearBody|DragonDarts,Outrage,PhantomForce,Uturn|||F|||50|,,,,,Dragon]Ribombee||ChoiceSpecs|ShieldDust|Moonblast,PollenPuff,DazzlingGleam,TeraBlast|||F|||50|,,,,,Ground]Gholdengo||LifeOrb|GoodasGold|MakeItRain,ShadowBall,Thunderbolt,Protect||||||50|,,,,,Water
|inactive|Battle timer is ON: inactive players will automatically lose when time's up. (requested by Ribombees believer)
|inactive|Ribombees believer has 60 seconds left.
|
|t:|1756676400
|teamsize|p1|4
|teamsize|p2|4
|start
|switch|p1a: Volcarona|Volcarona, L50, M|100/100
|switch|p1b: Gholdengo|Gholdengo, L50|100/100
|switch|p2a: ilaunchmybro|Dragapult, L50, F|100/100
|switch|p2b: Gholdengo|Gholdengo, L50|100/100
|turn|1
|inactive|Ribombees believer has 30 seconds left.
|inactive|Ribombees believer has 20 seconds left.
|
|t:|1756676440
|-terastallize|p1a: Volcarona|Fairy
|-terastallize|p2b: Gholdengo|Water
|move|p2a: ilaunchmybro|Phantom Force||[still]
|-prepare|p2a: ilaunchmybro|Phantom Force
|move|p1a: Volcarona|Quiver Dance|p1a: Volcarona
|-boost|p1a: Volcarona|spa|1
|-boost|p1a: Volcarona|spd|1
|-boost|p1a: Volcarona|spe|1
|move|p1b: Gholdengo|Shadow Ball|p2b: Gholdengo
|-damage|p2b: Gholdengo|45/100
|-damage|p1b: Gholdengo|91/100|[from] item: Life Orb
|move|p2b: Gholdengo|Shadow Ball|p1a: Volcarona
|-damage|p1a: Volcarona|65/100
|-damage|p2b: Gholdengo|35/100|[from] item: Life Orb
|
|upkeep
|turn|2
|inactive|EastgermanDominanz has 30 seconds left.
|
|t:|1756676467
|switch|p1b: Wismut Aue|Murkrow, L50, F, shiny|100/100
|move|p1a: Volcarona|Tera Blast|p2b: Gholdengo|[anim] Tera Blast Fairy
|-crit|p2b: Gholdengo
|-damage|p2b: Gholdengo|0 fnt
|faint|p2b: Gholdengo
|move|p2a: ilaunchmybro|Phantom Force|p1b: Wismut Aue|[from] lockedmove
|-resisted|p1b: Wismut Aue
|-damage|p1b: Wismut Aue|70/100
|
|upkeep
|
|t:|1756676476
|switch|p2b: Big Back|Dondozo, L50, M|100/100
|turn|3
|
|t:|1756676487
|switch|p2a: Alaskan Roll|Tatsugiri, L50, F|100/100
|-activate|p2a: Alaskan Roll|ability: Commander|[of] p2b: Big Back
|-boost|p2b: Big Back|atk|2
|-boost|p2b: Big Back|spa|2
|-boost|p2b: Big Back|spe|2
|-boost|p2b: Big Back|def|2
|-boost|p2b: Big Back|spd|2
|move|p1b: Wismut Aue|Haze|p1b: Wismut Aue
|-clearallboost
|move|p1a: Volcarona|Tera Blast|p2a: Alaskan Roll|[anim] Tera Blast Fairy|[miss]
|-miss|p1a: Volcarona|p2a: Alaskan Roll
|move|p2b: Big Back|Wave Crash|p1b: Wismut Aue
|-damage|p1b: Wismut Aue|20/100
|-damage|p2b: Big Back|88/100|[from] Recoil
|
|-heal|p2b: Big Back|94/100|[from] item: Leftovers
|upkeep
|turn|4
|inactive|EastgermanDominanz has 30 seconds left.
|
|t:|1756676518
|move|p1a: Volcarona|Tera Blast|p2b: Big Back|[anim] Tera Blast Fairy
|-damage|p2b: Big Back|55/100
|move|p1b: Wismut Aue|Foul Play|p2b: Big Back
|-damage|p2b: Big Back|28/100
|move|p2b: Big Back|Wave Crash|p1b: Wismut Aue
|-damage|p1b: Wismut Aue|0 fnt
|faint|p1b: Wismut Aue
|-damage|p2b: Big Back|23/100|[from] Recoil
|
|-heal|p2b: Big Back|29/100|[from] item: Leftovers
|upkeep
|
|t:|1756676533
|switch|p1b: Sneasler|Sneasler, L50, M|100/100
|turn|5
|
|t:|1756676538
|move|p1b: Sneasler|Fake Out|p2b: Big Back
|-damage|p2b: Big Back|21/100
|move|p1a: Volcarona|Quiver Dance|p1a: Volcarona
|-boost|p1a: Volcarona|spa|1
|-boost|p1a: Volcarona|spd|1
|-boost|p1a: Volcarona|spe|1
|cant|p2b: Big Back|flinch
|
|-heal|p2b: Big Back|27/100|[from] item: Leftovers
|upkeep
|turn|6
|
|t:|1756676549
|move|p1a: Volcarona|Tera Blast|p2b: Big Back|[anim] Tera Blast Fairy
|-damage|p2b: Big Back|0 fnt
|faint|p2b: Big Back
|move|p1b: Sneasler|Dire Claw|p2a: Alaskan Roll
|-damage|p2a: Alaskan Roll|28/100
|
|upkeep
|
|t:|1756676555
|switch|p2b: ilaunchmybro|Dragapult, L50, F|100/100
|turn|7
|
|t:|1756676563
|move|p1a: Volcarona|Tera Blast|p2b: ilaunchmybro|[anim] Tera Blast Fairy
|-supereffective|p2b: ilaunchmybro
|-damage|p2b: ilaunchmybro|0 fnt
|faint|p2b: ilaunchmybro
|move|p2a: Alaskan Roll|Muddy Water|p1b: Sneasler|[spread] p1a,p1b
|-damage|p1a: Volcarona|43/100
|-damage|p1b: Sneasler|59/100
|-enditem|p1a: Volcarona|Sitrus Berry|[eat]
|-heal|p1a: Volcarona|68/100|[from] item: Sitrus Berry
|move|p1b: Sneasler|Dire Claw|p2a: Alaskan Roll
|-damage|p2a: Alaskan Roll|0 fnt
|faint|p2a: Alaskan Roll
|
|win|EastgermanDominanz
