|j|☆KodeBeast0526
|j|☆Elju
|html|KodeBeast0526Elju    
|uhtml|bestof|Game 1 of a best-of-3
|t:|1784353931
|gametype|doubles
|player|p1|KodeBeast0526|hiker|1204
|player|p2|Elju|1|1284
|gen|9
|tier|[Gen 9 Champions] VGC 2026 Reg M-B (Bo3)
|rated|
|rule|Species Clause: Limit one of each Pokémon
|rule|Item Clause: Limit 1 of each item
|clearpoke
|poke|p1|Aerodactyl, L50, M|
|poke|p1|Kingambit, L50, M|
|poke|p1|Sylveon, L50, M|
|poke|p1|Garchomp, L50, M|
|poke|p1|Charizard, L50, M|
|poke|p1|Farigiraf, L50, M, shiny|
|poke|p2|Floette-Eternal, L50, F|
|poke|p2|Ceruledge, L50, F|
|poke|p2|Milotic, L50, M|
|poke|p2|Grimmsnarl, L50, M|
|poke|p2|Wyrdeer, L50, M|
|poke|p2|Sneasler, L50, M|
|teampreview|4
|showteam|p1|Aerodactyl||Aerodactylite|Unnerve|RockSlide,IceFang,Tailwind,WideGuard|Jolly||M|||50|]Kingambit||FocusSash|Defiant|KowtowCleave,SuckerPunch,IronHead,LowKick|Adamant||M|||50|]Sylveon||FairyFeather|Pixilate|Detect,HyperVoice,HyperBeam,QuickAttack|Modest||M|||50|]Garchomp||LifeOrb|RoughSkin|Earthquake,DragonClaw,StompingTantrum,Protect|Jolly||M|||50|]Charizard||CharizarditeY|Blaze|Protect,HeatWave,SolarBeam,WeatherBall|Modest||M|||50|]Farigiraf||SitrusBerry|ArmorTail|Thunderbolt,PsychicNoise,TrickRoom,HelpingHand|Bold||M|||50|
|showteam|p2|Floette-Eternal||Floettite|FlowerVeil|Moonblast,DazzlingGleam,CalmMind,Protect|Modest||F|||50|]Ceruledge||Charcoal|FlashFire|BitterBlade,ShadowSneak,BulkUp,Protect|Adamant||F|||50|]Milotic||Leftovers|Competitive|MuddyWater,Hypnosis,Recover,Coil|Sassy||M|||50|]Grimmsnarl||LightClay|Prankster|FakeOut,Reflect,LightScreen,PartingShot|Impish||M|||50|]Wyrdeer||ColburBerry|Intimidate|TrickRoom,Gravity,Hypnosis,PsyshieldBash|Adamant||M|||50|]Sneasler||WhiteHerb|Unburden|FakeOut,CloseCombat,DireClaw,Protect|Adamant||M|||50|
|
|t:|1784353975
|teamsize|p1|4
|teamsize|p2|4
|start
|switch|p1a: Kingambit|Kingambit, L50, M|100/100
|switch|p1b: Aerodactyl|Aerodactyl, L50, M|100/100
|switch|p2a: Sneasler|Sneasler, L50, M|100/100
|switch|p2b: Milotic|Milotic, L50, M|100/100
|-ability|p1b: Aerodactyl|Unnerve
|turn|1
|inactive|Battle timer is ON: inactive players will automatically lose when time's up. (requested by Elju)
|inactive|KodeBeast0526 has 60 seconds left.
|
|t:|1784354022
|switch|p1a: Garchomp|Garchomp, L50, M|100/100
|detailschange|p1b: Aerodactyl|Aerodactyl-Mega, L50, M
|-mega|p1b: Aerodactyl|Aerodactyl|Aerodactylite
|move|p2a: Sneasler|Fake Out|p1b: Aerodactyl
|-resisted|p1b: Aerodactyl|1
|-damage|p1b: Aerodactyl|92/100
|cant|p1b: Aerodactyl|flinch
|move|p2b: Milotic|Coil|p2b: Milotic
|-boost|p2b: Milotic|atk|1
|-boost|p2b: Milotic|def|1
|-boost|p2b: Milotic|accuracy|1
|
|upkeep
|turn|2
|inactive|Elju has 30 seconds left.
|
|t:|1784354052
|move|p2a: Sneasler|Protect|p2a: Sneasler
|-singleturn|p2a: Sneasler|Protect
|move|p1b: Aerodactyl|Tailwind|p1b: Aerodactyl
|-sidestart|p1: KodeBeast0526|move: Tailwind
|move|p1a: Garchomp|Earthquake|p2a: Sneasler|[spread] p2b
|-activate|p2a: Sneasler|move: Protect
|-immune|p1b: Aerodactyl
|-damage|p2b: Milotic|66/100
|-damage|p1a: Garchomp|90/100|[from] item: Life Orb
|move|p2b: Milotic|Hypnosis|p1a: Garchomp
|-status|p1a: Garchomp|slp|[from] move: Hypnosis
|
|-heal|p2b: Milotic|72/100|[from] item: Leftovers
|upkeep
|turn|3
|
|t:|1784354076
|move|p1b: Aerodactyl|Rock Slide|p2b: Milotic|[spread] p2a,p2b
|-resisted|p2a: Sneasler|1
|-damage|p2a: Sneasler|80/100
|-damage|p2b: Milotic|54/100
|cant|p1a: Garchomp|slp
|cant|p2a: Sneasler|flinch
|move|p2b: Milotic|Muddy Water|p1b: Aerodactyl|[spread] p1a,p1b
|-supereffective|p1b: Aerodactyl|1
|-damage|p1a: Garchomp|63/100 slp
|-damage|p1b: Aerodactyl|49/100
|-unboost|p1b: Aerodactyl|accuracy|1
|
|-heal|p2b: Milotic|60/100|[from] item: Leftovers
|upkeep
|turn|4
|
|t:|1784354100
|move|p2a: Sneasler|Protect|p2a: Sneasler
|-singleturn|p2a: Sneasler|Protect
|move|p1b: Aerodactyl|Rock Slide|p2a: Sneasler|[spread] p2b
|-activate|p2a: Sneasler|move: Protect
|-damage|p2b: Milotic|43/100
|cant|p1a: Garchomp|slp
|move|p2b: Milotic|Coil|p2b: Milotic
|-boost|p2b: Milotic|atk|1
|-boost|p2b: Milotic|def|1
|-boost|p2b: Milotic|accuracy|1
|
|-heal|p2b: Milotic|49/100|[from] item: Leftovers
|upkeep
|turn|5
|
|t:|1784354114
|move|p1b: Aerodactyl|Rock Slide|p2a: Sneasler|[spread] p2a,p2b
|-resisted|p2a: Sneasler|1
|-damage|p2a: Sneasler|58/100
|-damage|p2b: Milotic|36/100
|-curestatus|p1a: Garchomp|slp|[msg]
|move|p1a: Garchomp|Earthquake|p2a: Sneasler|[spread] p2a,p2b
|-immune|p1b: Aerodactyl
|-supereffective|p2a: Sneasler|1
|-crit|p2a: Sneasler
|-damage|p2a: Sneasler|0 fnt
|-damage|p2b: Milotic|10/100
|faint|p2a: Sneasler
|-damage|p1a: Garchomp|54/100|[from] item: Life Orb
|cant|p2b: Milotic|flinch
|
|-heal|p2b: Milotic|16/100|[from] item: Leftovers
|-sideend|p1: KodeBeast0526|move: Tailwind
|upkeep
|
|t:|1784354129
|switch|p2a: Floette|Floette-Eternal, L50, F|100/100
|turn|6
|
|t:|1784354151
|detailschange|p2a: Floette|Floette-Mega, L50, F
|-mega|p2a: Floette|Floette|Floettite
|-ability|p2a: Floette|Fairy Aura
|move|p1b: Aerodactyl|Tailwind|p1b: Aerodactyl
|-sidestart|p1: KodeBeast0526|move: Tailwind
|move|p1a: Garchomp|Earthquake|p2a: Floette|[spread] p2a,p2b
|-immune|p1b: Aerodactyl
|-damage|p2a: Floette|29/100
|-damage|p2b: Milotic|0 fnt
|faint|p2b: Milotic
|-damage|p1a: Garchomp|44/100|[from] item: Life Orb
|move|p2a: Floette|Dazzling Gleam|p1b: Aerodactyl|[spread] p1a,p1b
|-supereffective|p1a: Garchomp|1
|-damage|p1a: Garchomp|0 fnt
|-damage|p1b: Aerodactyl|0 fnt
|faint|p1a: Garchomp
|faint|p1b: Aerodactyl
|
|upkeep
|
|t:|1784354171
|switch|p1b: Sylveon|Sylveon, L50, M|100/100
|switch|p1a: Kingambit|Kingambit, L50, M|100/100
|switch|p2b: Ceruledge|Ceruledge, L50, F|100/100
|turn|7
|
|t:|1784354184
|move|p2a: Floette|Protect|p2a: Floette
|-singleturn|p2a: Floette|Protect
|move|p1b: Sylveon|Hyper Voice|p2b: Ceruledge|[spread] p2b
|-activate|p2a: Floette|move: Protect
|-resisted|p2b: Ceruledge|1
|-damage|p2b: Ceruledge|72/100
|move|p1a: Kingambit|Kowtow Cleave|p2b: Ceruledge
|-supereffective|p2b: Ceruledge|1
|-damage|p2b: Ceruledge|0 fnt
|faint|p2b: Ceruledge
|
|upkeep
|turn|8
|-message|Elju forfeited.
|
|win|KodeBeast0526
|l|☆Elju
|player|p2|
