|j|☆Raijin and Tonic
|j|☆Ritzbitz12
|html|Raijin and TonicRitzbitz12    
|uhtml|bestof|Game 3 of a best-of-3
|t:|1756955916
|gametype|doubles
|player|p1|Raijin and Tonic|1|1140
|player|p2|Ritzbitz12|palmer|1109
|gen|9
|tier|[Gen 9] VGC 2025 Reg H (Bo3)
|rated|
|rule|Species Clause: Limit one of each Pokémon
|rule|Item Clause: Limit 1 of each item
|clearpoke
|poke|p1|Typhlosion-Hisui, L50, F|
|poke|p1|Torkoal, L50, M|
|poke|p1|Porygon2, L50|
|poke|p1|Incineroar, L50, F|
|poke|p1|Jumpluff, L50, M|
|poke|p1|Ursaluna, L50, F|
|poke|p2|Ninetales-Alola, L50, M|
|poke|p2|Gholdengo, L50|
|poke|p2|Garchomp, L50, F|
|poke|p2|Incineroar, L50, M|
|poke|p2|Sneasler, L50, F|
|poke|p2|Dragonite, L50, F|
|teampreview|4
|showteam|p1|Typhlosion-Hisui||ChoiceSpecs|Blaze|Eruption,HeatWave,Overheat,ShadowBall|||F|||50|,,,,,Fire]Torkoal||EjectPack|Drought|Eruption,Overheat,HelpingHand,Protect|||M|||50|,,,,,Fire]Porygon2||Eviolite|Download|TeraBlast,IceBeam,Recover,TrickRoom||||||50|,,,,,Fighting]Incineroar||SitrusBerry|Intimidate|FlareBlitz,KnockOff,FakeOut,PartingShot|||F|||50|,,,,,Ghost]Jumpluff||CovertCloak|Chlorophyll|SleepPowder,SunnyDay,RagePowder,Tailwind|||M|||50|,,,,,Water]Ursaluna||FlameOrb|Guts|HeadlongRush,Facade,Earthquake,Protect|||F|||50|,,,,,Ghost
|showteam|p2|Ninetales-Alola||LightClay|SnowWarning|AuroraVeil,Blizzard,FreezeDry,Protect|||M|||50|,,,,,Ghost]Gholdengo||LifeOrb|GoodasGold|MakeItRain,ShadowBall,NastyPlot,Protect||||||50|,,,,,Water]Garchomp||ClearAmulet|RoughSkin|Earthquake,StompingTantrum,DragonClaw,Protect|||F|||50|,,,,,Ground]Incineroar||AssaultVest|Intimidate|FakeOut,KnockOff,FlareBlitz,Uturn|||M|||50|,,,,,Grass]Sneasler||WhiteHerb|Unburden|Coaching,CloseCombat,DireClaw,Protect|||F|||50|,,,,,Ghost]Dragonite||LoadedDice|Multiscale|ScaleShot,Haze,Tailwind,Protect|||F|||50|,,,,,Fairy
|inactive|Battle timer is ON: inactive players will automatically lose when time's up. (requested by Raijin and Tonic)
|inactive|Ritzbitz12 has 60 seconds left.
|inactive|Ritzbitz12 has 30 seconds left.
|
|t:|1756955979
|teamsize|p1|4
|teamsize|p2|4
|start
|switch|p1a: Porygon2|Porygon2, L50|100/100
|switch|p1b: Incineroar|Incineroar, L50, F|100/100
|switch|p2a: Incineroar|Incineroar, L50, M|100/100
|switch|p2b: Sneasler|Sneasler, L50, F|100/100
|-ability|p1b: Incineroar|Intimidate|boost
|-unboost|p2a: Incineroar|atk|1
|-unboost|p2b: Sneasler|atk|1
|-ability|p2a: Incineroar|Intimidate|boost
|-unboost|p1a: Porygon2|atk|1
|-unboost|p1b: Incineroar|atk|1
|-ability|p1a: Porygon2|Download|boost
|-boost|p1a: Porygon2|spa|1
|-enditem|p2b: Sneasler|White Herb
|-clearnegativeboost|p2b: Sneasler|[silent]
|turn|1
|inactive|Raijin and Tonic has 30 seconds left.
|
|t:|1756956007
|-terastallize|p2b: Sneasler|Ghost
|-terastallize|p1a: Porygon2|Fighting
|move|p1b: Incineroar|Fake Out|p2b: Sneasler
|-immune|p2b: Sneasler
|move|p2a: Incineroar|Fake Out|p1a: Porygon2
|-damage|p1a: Porygon2|95/100
|move|p2b: Sneasler|Dire Claw|p1a: Porygon2
|-damage|p1a: Porygon2|68/100
|cant|p1a: Porygon2|flinch
|
|upkeep
|turn|2
|inactive|Ritzbitz12 has 30 seconds left.
|inactive|Ritzbitz12 has 20 seconds left.
|inactive|Ritzbitz12 has 15 seconds left.
|inactive|Ritzbitz12 has 10 seconds left.
|
|t:|1756956053
|move|p2b: Sneasler|Dire Claw|p1a: Porygon2
|-damage|p1a: Porygon2|41/100
|move|p1b: Incineroar|Parting Shot|p2b: Sneasler
|-unboost|p2b: Sneasler|atk|1
|-unboost|p2b: Sneasler|spa|1
|
|t:|1756956062
|switch|p1b: Ursaluna|Ursaluna, L50, F|100/100|[from] Parting Shot
|move|p2a: Incineroar|U-turn|p1a: Porygon2
|-resisted|p1a: Porygon2
|-damage|p1a: Porygon2|37/100
|
|t:|1756956072
|switch|p2a: Dragonite|Dragonite, L50, F|100/100|[from] U-turn
|move|p1a: Porygon2|Trick Room|p1a: Porygon2
|-fieldstart|move: Trick Room|[of] p1a: Porygon2
|
|-status|p1b: Ursaluna|brn|[from] item: Flame Orb
|upkeep
|turn|3
|inactive|Raijin and Tonic has 30 seconds left.
|inactive|Ritzbitz12 has 30 seconds left.
|inactive|Ritzbitz12 has 20 seconds left.
|inactive|Ritzbitz12 has 15 seconds left.
|inactive|Ritzbitz12 has 10 seconds left.
|
|t:|1756956118
|switch|p1a: Incineroar|Incineroar, L50, F|100/100
|-ability|p1a: Incineroar|Intimidate|boost
|-unboost|p2a: Dragonite|atk|1
|-unboost|p2b: Sneasler|atk|1
|switch|p2a: Incineroar|Incineroar, L50, M|100/100
|-ability|p2a: Incineroar|Intimidate|boost
|-unboost|p1a: Incineroar|atk|1
|-unboost|p1b: Ursaluna|atk|1
|move|p2b: Sneasler|Protect|p2b: Sneasler
|-singleturn|p2b: Sneasler|Protect
|move|p1b: Ursaluna|Headlong Rush|p2b: Sneasler
|-activate|p2b: Sneasler|move: Protect
|
|-damage|p1b: Ursaluna|95/100 brn|[from] brn
|upkeep
|turn|4
|inactive|Ritzbitz12 has 30 seconds left.
|inactive|Ritzbitz12 has 20 seconds left.
|
|t:|1756956156
|move|p2a: Incineroar|Fake Out|p1b: Ursaluna
|-damage|p1b: Ursaluna|87/100 brn
|cant|p1b: Ursaluna|flinch
|move|p1a: Incineroar|Knock Off|p2b: Sneasler
|-supereffective|p2b: Sneasler
|-damage|p2b: Sneasler|50/100
|move|p2b: Sneasler|Close Combat|p1a: Incineroar
|-supereffective|p1a: Incineroar
|-damage|p1a: Incineroar|35/100
|-unboost|p2b: Sneasler|def|1
|-unboost|p2b: Sneasler|spd|1
|-enditem|p1a: Incineroar|Sitrus Berry|[eat]
|-heal|p1a: Incineroar|60/100|[from] item: Sitrus Berry
|
|-damage|p1b: Ursaluna|81/100 brn|[from] brn
|upkeep
|turn|5
|inactive|Ritzbitz12 has 30 seconds left.
|inactive|Ritzbitz12 has 20 seconds left.
|inactive|Ritzbitz12 has 15 seconds left.
|inactive|Ritzbitz12 has 10 seconds left.
|
|t:|1756956205
|switch|p2a: Dragonite|Dragonite, L50, F|100/100
|move|p2b: Sneasler|Protect|p2b: Sneasler
|-singleturn|p2b: Sneasler|Protect
|move|p1b: Ursaluna|Headlong Rush|p2a: Dragonite
|-immune|p2a: Dragonite
|move|p1a: Incineroar|Knock Off|p2b: Sneasler
|-activate|p2b: Sneasler|move: Protect
|
|-damage|p1b: Ursaluna|75/100 brn|[from] brn
|upkeep
|turn|6
|inactive|Ritzbitz12 has 30 seconds left.
|inactive|Raijin and Tonic has 30 seconds left.
|inactive|Raijin and Tonic has 20 seconds left.
|
|t:|1756956249
|switch|p2b: Incineroar|Incineroar, L50, M|100/100
|-ability|p2b: Incineroar|Intimidate|boost
|-unboost|p1a: Incineroar|atk|1
|-unboost|p1b: Ursaluna|atk|1
|move|p1b: Ursaluna|Headlong Rush|p2b: Incineroar
|-supereffective|p2b: Incineroar
|-damage|p2b: Incineroar|16/100
|-unboost|p1b: Ursaluna|def|1
|-unboost|p1b: Ursaluna|spd|1
|move|p1a: Incineroar|Knock Off|p2a: Dragonite
|-damage|p2a: Dragonite|89/100
|-enditem|p2a: Dragonite|Loaded Dice|[from] move: Knock Off|[of] p1a: Incineroar
|move|p2a: Dragonite|Scale Shot|p1b: Ursaluna
|-damage|p1b: Ursaluna|59/100 brn
|-damage|p1b: Ursaluna|40/100 brn
|-damage|p1b: Ursaluna|22/100 brn
|-hitcount|p1b: Ursaluna|3
|-unboost|p2a: Dragonite|def|1
|-boost|p2a: Dragonite|spe|1
|
|-damage|p1b: Ursaluna|17/100 brn|[from] brn
|-fieldend|move: Trick Room
|upkeep
|turn|7
|inactive|Raijin and Tonic has 30 seconds left.
|inactive|Ritzbitz12 has 30 seconds left.
|inactive|Ritzbitz12 has 20 seconds left.
|inactive|Ritzbitz12 has 15 seconds left.
|inactive|Ritzbitz12 has 10 seconds left.
|
|t:|1756956296
|switch|p1b: Porygon2|Porygon2, L50, tera:Fighting|37/100
|-ability|p1b: Porygon2|Download|boost
|-boost|p1b: Porygon2|atk|1
|move|p2b: Incineroar|Fake Out|p1b: Porygon2
|-damage|p1b: Porygon2|29/100
|move|p2a: Dragonite|Scale Shot|p1a: Incineroar
|-damage|p1a: Incineroar|45/100
|-damage|p1a: Incineroar|31/100
|-damage|p1a: Incineroar|16/100
|-hitcount|p1a: Incineroar|3
|-unboost|p2a: Dragonite|def|1
|-boost|p2a: Dragonite|spe|1
|move|p1a: Incineroar|Parting Shot|p2b: Incineroar
|-unboost|p2b: Incineroar|atk|1
|-unboost|p2b: Incineroar|spa|1
|
|t:|1756956313
|switch|p1a: Ursaluna|Ursaluna, L50, F|17/100 brn|[from] Parting Shot
|
|-damage|p1a: Ursaluna|11/100 brn|[from] brn
|upkeep
|turn|8
|inactive|Ritzbitz12 has 30 seconds left.
|
|t:|1756956342
|switch|p1a: Incineroar|Incineroar, L50, F|16/100
|-ability|p1a: Incineroar|Intimidate|boost
|-unboost|p2a: Dragonite|atk|1
|-unboost|p2b: Incineroar|atk|1
|move|p2a: Dragonite|Scale Shot|p1b: Porygon2
|-damage|p1b: Porygon2|22/100
|-damage|p1b: Porygon2|15/100
|-damage|p1b: Porygon2|8/100
|-damage|p1b: Porygon2|1/100
|-hitcount|p1b: Porygon2|4
|-unboost|p2a: Dragonite|def|1
|-boost|p2a: Dragonite|spe|1
|move|p2b: Incineroar|Flare Blitz|p1b: Porygon2
|-damage|p1b: Porygon2|0 fnt
|faint|p1b: Porygon2
|-damage|p2b: Incineroar|16/100|[from] Recoil
|
|upkeep
|
|t:|1756956361
|switch|p1b: Torkoal|Torkoal, L50, M|100/100
|-weather|SunnyDay|[from] ability: Drought|[of] p1b: Torkoal
|turn|9
|inactive|Ritzbitz12 has 30 seconds left.
|inactive|Ritzbitz12 has 20 seconds left.
|inactive|Ritzbitz12 has 15 seconds left.
|
|t:|1756956406
|move|p2a: Dragonite|Protect|p2a: Dragonite
|-singleturn|p2a: Dragonite|Protect
|move|p1a: Incineroar|Fake Out|p2b: Incineroar
|-damage|p2b: Incineroar|7/100
|cant|p2b: Incineroar|flinch
|move|p1b: Torkoal|Eruption|p2b: Incineroar|[spread] p2b
|-activate|p2a: Dragonite|move: Protect
|-resisted|p2b: Incineroar
|-crit|p2b: Incineroar
|-damage|p2b: Incineroar|0 fnt
|faint|p2b: Incineroar
|
|-weather|SunnyDay|[upkeep]
|upkeep
|
|t:|1756956424
|switch|p2b: Ninetales|Ninetales-Alola, L50, M|100/100
|-weather|Snowscape|[from] ability: Snow Warning|[of] p2b: Ninetales
|turn|10
|inactive|Ritzbitz12 has 30 seconds left.
|
|t:|1756956454
|switch|p1a: Ursaluna|Ursaluna, L50, F|11/100 brn
|move|p2a: Dragonite|Scale Shot|p1b: Torkoal
|-damage|p1b: Torkoal|93/100
|-damage|p1b: Torkoal|85/100
|-hitcount|p1b: Torkoal|2
|-unboost|p2a: Dragonite|def|1
|-boost|p2a: Dragonite|spe|1
|move|p2b: Ninetales|Blizzard|p1b: Torkoal|[spread] p1a,p1b
|-supereffective|p1a: Ursaluna
|-resisted|p1b: Torkoal
|-damage|p1a: Ursaluna|0 fnt
|-damage|p1b: Torkoal|68/100
|faint|p1a: Ursaluna
|move|p1b: Torkoal|Eruption|p2b: Ninetales|[spread] p2a,p2b
|-resisted|p2a: Dragonite
|-supereffective|p2b: Ninetales
|-damage|p2a: Dragonite|72/100
|-damage|p2b: Ninetales|33/100
|
|-weather|Snowscape|[upkeep]
|upkeep
|
|t:|1756956468
|switch|p1a: Incineroar|Incineroar, L50, F|16/100
|-ability|p1a: Incineroar|Intimidate|boost
|-unboost|p2a: Dragonite|atk|1
|-unboost|p2b: Ninetales|atk|1
|turn|11
|
|t:|1756956485
|move|p2a: Dragonite|Protect|p2a: Dragonite
|-singleturn|p2a: Dragonite|Protect
|move|p2b: Ninetales|Protect|p2b: Ninetales
|-singleturn|p2b: Ninetales|Protect
|move|p1a: Incineroar|Fake Out|p2a: Dragonite
|-activate|p2a: Dragonite|move: Protect
|move|p1b: Torkoal|Eruption|p2b: Ninetales|[spread] 
|-activate|p2a: Dragonite|move: Protect
|-activate|p2b: Ninetales|move: Protect
|
|-weather|Snowscape|[upkeep]
|upkeep
|turn|12
|inactive|Ritzbitz12 has 30 seconds left.
|inactive|Ritzbitz12 has 20 seconds left.
|inactive|Ritzbitz12 has 15 seconds left.
|
|t:|1756956505
|move|p2a: Dragonite|Scale Shot|p1a: Incineroar
|-damage|p1a: Incineroar|8/100
|-damage|p1a: Incineroar|0 fnt
|faint|p1a: Incineroar
|-hitcount|p1: Incineroar|2
|-unboost|p2a: Dragonite|def|1
|-boost|p2a: Dragonite|spe|1
|move|p2b: Ninetales|Blizzard|p1b: Torkoal
|-resisted|p1b: Torkoal
|-damage|p1b: Torkoal|44/100
|move|p1b: Torkoal|Eruption|p2a: Dragonite|[spread] p2a,p2b
|-resisted|p2a: Dragonite
|-supereffective|p2b: Ninetales
|-damage|p2a: Dragonite|61/100
|-damage|p2b: Ninetales|0 fnt
|faint|p2b: Ninetales
|
|-weather|Snowscape|[upkeep]
|upkeep
|inactive|Ritzbitz12 has 15 seconds left this turn.
|inactive|Ritzbitz12 has 10 seconds left.
|inactive|Ritzbitz12 has 5 seconds left.
|
|t:|1756956516
|switch|p2b: Sneasler|Sneasler, L50, F, tera:Ghost|50/100
|turn|13
|inactive|Ritzbitz12 has 5 seconds left this turn.
|
|t:|1756956537
|move|p2a: Dragonite|Scale Shot|p1b: Torkoal
|-damage|p1b: Torkoal|38/100
|-damage|p1b: Torkoal|33/100
|-damage|p1b: Torkoal|28/100
|-hitcount|p1b: Torkoal|3
|-unboost|p2a: Dragonite|def|1
|-boost|p2a: Dragonite|spe|1
|move|p2b: Sneasler|Close Combat|p1b: Torkoal
|-damage|p1b: Torkoal|0 fnt
|-unboost|p2b: Sneasler|def|1
|-unboost|p2b: Sneasler|spd|1
|faint|p1b: Torkoal
|
|win|Ritzbitz12
|raw|Raijin and Tonic's rating: 1140 → 1113(-27 for losing)
|raw|Ritzbitz12's rating: 1109 → 1136(+27 for winning)
|l|☆Raijin and Tonic
|player|p1|
