|j|☆iLouca
|j|☆Toslowbro30
|html|iLoucaToslowbro30    
|uhtml|bestof|Game 3 of a best-of-3
|t:|1757834223
|gametype|doubles
|player|p1|iLouca|acetrainer|1334
|player|p2|Toslowbro30|169|1263
|gen|9
|tier|[Gen 9] VGC 2025 Reg H (Bo3)
|rated|
|rule|Species Clause: Limit one of each Pokémon
|rule|Item Clause: Limit 1 of each item
|clearpoke
|poke|p1|Charizard, L50, M|
|poke|p1|Dragapult, L50, M|
|poke|p1|Gholdengo, L50|
|poke|p1|Ursaluna, L50, M|
|poke|p1|Whimsicott, L50, F|
|poke|p1|Tyranitar, L50, M|
|poke|p2|Tyranitar, L50, F|
|poke|p2|Lycanroc, L50, F|
|poke|p2|Indeedee, L50, M|
|poke|p2|Amoonguss, L50, F|
|poke|p2|Annihilape, L50, F|
|poke|p2|Archaludon, L50, M|
|teampreview|4
|showteam|p1|Charizard||LifeOrb|SolarPower|HeatWave,AirSlash,SolarBeam,Protect|||M|||50|,,,,,Fire]Dragapult||ChoiceBand|ClearBody|DragonDarts,PhantomForce,SuckerPunch,Uturn|||M|||50|,,,,,Dragon]Gholdengo||MetalCoat|GoodasGold|MakeItRain,ShadowBall,NastyPlot,Protect||||||50|,,,,,Water]Ursaluna||FlameOrb|Guts|Facade,HeadlongRush,Earthquake,Protect|||M|||50|,,,,,Ghost]Whimsicott||CovertCloak|Prankster|Moonblast,Encore,SunnyDay,Tailwind|||F|||50|,,,,,Dark]Tyranitar||AssaultVest|SandStream|RockSlide,KnockOff,TeraBlast,BrickBreak|||M|||50|,,,,,Flying
|showteam|p2|Tyranitar||AguavBerry|SandStream|RockSlide,KnockOff,TeraBlast,Protect|||F|||50|,,,,,Flying]Lycanroc||FocusSash|SandRush|RockSlide,CloseCombat,Taunt,Protect|||F|||50|,,,,,Fighting]Indeedee||ChoiceScarf|PsychicSurge|ExpandingForce,TeraBlast,Trick,Protect|||M|||50|,,,,,Psychic]Amoonguss||CovertCloak|Regenerator|SludgeBomb,Spore,ClearSmog,RagePowder|||F|||50|,,,,,Dark]Annihilape||PsychicSeed|Defiant|DrainPunch,RageFist,BulkUp,Protect|||F|||50|,,,,,Bug]Archaludon||PowerHerb|Sturdy|ElectroShot,FlashCannon,DracoMeteor,Protect|||M|||50|,,,,,Electric
|
|t:|1757834237
|teamsize|p1|4
|teamsize|p2|4
|start
|switch|p1a: Dragapult|Dragapult, L50, M, shiny|100/100
|switch|p1b: Whimsicott|Whimsicott, L50, F|100/100
|switch|p2a: Tyranitar|Tyranitar, L50, F|100/100
|switch|p2b: Lycanroc|Lycanroc, L50, F|100/100
|-weather|Sandstorm|[from] ability: Sand Stream|[of] p2a: Tyranitar
|turn|1
|inactive|Battle timer is ON: inactive players will automatically lose when time's up. (requested by Toslowbro30)
|
|t:|1757834268
|move|p1b: Whimsicott|Tailwind|p1b: Whimsicott
|-sidestart|p1: iLouca|move: Tailwind
|move|p1a: Dragapult|Dragon Darts|p2a: Tyranitar
|-damage|p2a: Tyranitar|75/100
|-anim|p1a: Dragapult|Dragon Darts|p2b: Lycanroc
|-damage|p2b: Lycanroc|40/100
|move|p2b: Lycanroc|Taunt|p1b: Whimsicott
|-start|p1b: Whimsicott|move: Taunt
|move|p2a: Tyranitar|Knock Off|p1a: Dragapult
|-supereffective|p1a: Dragapult
|-damage|p1a: Dragapult|0 fnt
|-enditem|p1a: Dragapult|Choice Band|[from] move: Knock Off|[of] p2a: Tyranitar
|faint|p1a: Dragapult
|
|-weather|Sandstorm|[upkeep]
|-damage|p1b: Whimsicott|95/100|[from] Sandstorm
|upkeep
|
|t:|1757834286
|switch|p1a: Gholdengo|Gholdengo, L50|100/100
|turn|2
|
|t:|1757834298
|-terastallize|p1a: Gholdengo|Water
|move|p2a: Tyranitar|Protect|p2a: Tyranitar
|-singleturn|p2a: Tyranitar|Protect
|move|p1b: Whimsicott|Moonblast|p2b: Lycanroc
|-damage|p2b: Lycanroc|11/100
|move|p2b: Lycanroc|Rock Slide|p1b: Whimsicott|[spread] p1a,p1b
|-damage|p1a: Gholdengo|73/100
|-damage|p1b: Whimsicott|62/100
|move|p1a: Gholdengo|Nasty Plot|p1a: Gholdengo
|-boost|p1a: Gholdengo|spa|2
|
|-weather|Sandstorm|[upkeep]
|-damage|p1b: Whimsicott|56/100|[from] Sandstorm
|-damage|p1a: Gholdengo|67/100|[from] Sandstorm
|upkeep
|turn|3
|inactive|iLouca has 30 seconds left.
|inactive|Toslowbro30 has 30 seconds left.
|inactive|Toslowbro30 has 20 seconds left.
|inactive|Toslowbro30 has 15 seconds left.
|inactive|Toslowbro30 has 10 seconds left.
|
|t:|1757834347
|move|p2b: Lycanroc|Protect|p2b: Lycanroc
|-singleturn|p2b: Lycanroc|Protect
|move|p1b: Whimsicott|Moonblast|p2b: Lycanroc
|-activate|p2b: Lycanroc|move: Protect
|move|p1a: Gholdengo|Make It Rain|p2a: Tyranitar|[spread] p2a
|-activate|p2b: Lycanroc|move: Protect
|-supereffective|p2a: Tyranitar
|-damage|p2a: Tyranitar|0 fnt
|-unboost|p1a: Gholdengo|spa|1
|faint|p2a: Tyranitar
|
|-weather|Sandstorm|[upkeep]
|-damage|p1b: Whimsicott|50/100|[from] Sandstorm
|-damage|p1a: Gholdengo|61/100|[from] Sandstorm
|upkeep
|
|t:|1757834361
|switch|p2a: Archaludon|Archaludon, L50, M|100/100
|turn|4
|
|t:|1757834381
|switch|p2b: Annihilape|Annihilape, L50, F|100/100
|move|p1b: Whimsicott|Moonblast|p2b: Annihilape
|-supereffective|p2b: Annihilape
|-damage|p2b: Annihilape|51/100
|-unboost|p2b: Annihilape|spa|1
|-ability|p2b: Annihilape|Defiant|boost
|-boost|p2b: Annihilape|atk|2
|move|p1a: Gholdengo|Shadow Ball|p2a: Archaludon
|-ability|p2a: Archaludon|Sturdy
|-damage|p2a: Archaludon|1/100
|move|p2a: Archaludon|Flash Cannon|p1b: Whimsicott
|-supereffective|p1b: Whimsicott
|-damage|p1b: Whimsicott|0 fnt
|faint|p1b: Whimsicott
|
|-weather|Sandstorm|[upkeep]
|-damage|p1a: Gholdengo|55/100|[from] Sandstorm
|-damage|p2b: Annihilape|45/100|[from] Sandstorm
|-sideend|p1: iLouca|move: Tailwind
|upkeep
|
|t:|1757834401
|switch|p1b: Ursaluna|Ursaluna, L50, M|100/100
|turn|5
|
|t:|1757834416
|move|p1a: Gholdengo|Protect|p1a: Gholdengo
|-singleturn|p1a: Gholdengo|Protect
|move|p2b: Annihilape|Drain Punch|p1b: Ursaluna
|-supereffective|p1b: Ursaluna
|-damage|p1b: Ursaluna|0 fnt
|-heal|p2b: Annihilape|99/100|[from] drain|[of] p1b: Ursaluna
|faint|p1b: Ursaluna
|move|p2a: Archaludon|Electro Shot||[still]
|-prepare|p2a: Archaludon|Electro Shot
|-boost|p2a: Archaludon|spa|1
|-enditem|p2a: Archaludon|Power Herb
|-anim|p2a: Archaludon|Electro Shot|p1a: Gholdengo
|-activate|p1a: Gholdengo|move: Protect
|
|-weather|none
|upkeep
|turn|6
|
|t:|1757834432
|move|p2b: Annihilape|Rage Fist|p1a: Gholdengo
|-crit|p1a: Gholdengo
|-damage|p1a: Gholdengo|0 fnt
|faint|p1a: Gholdengo
|
|win|Toslowbro30
|raw|iLouca's rating: 1334 → 1310(-24 for losing)
|raw|Toslowbro30's rating: 1263 → 1293(+30 for winning)
|c|☆Toslowbro30|Gg wp
|l|☆iLouca
|player|p1|
|l|☆Toslowbro30
|player|p2|
