|j|☆shminki
|j|☆elfokaz
|html|shminkielfokaz    
|uhtml|bestof|Game 2 of a best-of-3
|t:|1756869762
|gametype|doubles
|player|p1|shminki|ethan|1153
|player|p2|elfokaz|169|1107
|gen|9
|tier|[Gen 9] VGC 2025 Reg H (Bo3)
|rated|
|rule|Species Clause: Limit one of each Pokémon
|rule|Item Clause: Limit 1 of each item
|clearpoke
|poke|p1|Gholdengo, L50|
|poke|p1|Sneasler, L50, M|
|poke|p1|Rillaboom, L50, F|
|poke|p1|Dragonite, L50, M|
|poke|p1|Ninetales-Alola, L50, F|
|poke|p1|Arcanine-Hisui, L50, F|
|poke|p2|Weezing, L50, M|
|poke|p2|Toedscruel, L50, F|
|poke|p2|Incineroar, L50, M|
|poke|p2|Dragapult, L50, M|
|poke|p2|Palafin, L50, M|
|poke|p2|Kilowattrel, L50, F|
|teampreview|4
|showteam|p1|Gholdengo||GrassySeed|GoodasGold|NastyPlot,MakeItRain,ShadowBall,Protect||||||50|,,,,,Water]Sneasler||WhiteHerb|Unburden|CloseCombat,DireClaw,Coaching,Protect|||M|||50|,,,,,Ghost]Rillaboom||AssaultVest|GrassySurge|FakeOut,GrassyGlide,DrumBeating,HighHorsepower|||F|||50|,,,,,Fire]Dragonite||LoadedDice|Multiscale|ScaleShot,StompingTantrum,Tailwind,Protect|||M|||50|,,,,,Ground]Ninetales-Alola||FocusSash|SnowWarning|Blizzard,IcyWind,Encore,AuroraVeil|||F|||50|,,,,,Ghost]Arcanine-Hisui||ClearAmulet|Intimidate|RockSlide,FlareBlitz,ExtremeSpeed,Protect|||F|||50|,,,,,Water
|showteam|p2|Weezing||SitrusBerry|NeutralizingGas|GunkShot,Taunt,WillOWisp,Protect|||M|||50|,,,,,Dark]Toedscruel||LifeOrb|MyceliumMight|EnergyBall,EarthPower,Spore,Protect|||F|||50|,,,,,Fire]Incineroar||AbilityShield|Intimidate|FakeOut,KnockOff,FlareBlitz,PartingShot|||M|||50|,,,,,Ghost]Dragapult||ChoiceBand|ClearBody|DragonDarts,PhantomForce,Outrage,Uturn|||M|||50|,,,,,Dragon]Palafin||MysticWater|ZerotoHero|JetPunch,WaveCrash,Haze,Protect|||M|||50|,,,,,Water]Kilowattrel||FocusSash|Competitive|VoltSwitch,AirSlash,Thunderbolt,Tailwind|||F|||50|,,,,,Ghost
|inactive|Battle timer is ON: inactive players will automatically lose when time's up. (requested by shminki)
|
|t:|1756869791
|teamsize|p1|4
|teamsize|p2|4
|start
|switch|p1a: Gholdengo|Gholdengo, L50|100/100
|switch|p1b: Ninetales|Ninetales-Alola, L50, F|100/100
|switch|p2a: Incineroar|Incineroar, L50, M|100/100
|switch|p2b: Kilowattrel|Kilowattrel, L50, F|100/100
|-weather|Snowscape|[from] ability: Snow Warning|[of] p1b: Ninetales
|-ability|p2a: Incineroar|Intimidate|boost
|-unboost|p1a: Gholdengo|atk|1
|-unboost|p1b: Ninetales|atk|1
|turn|1
|
|t:|1756869815
|move|p2a: Incineroar|Fake Out|p1b: Ninetales
|-damage|p1b: Ninetales|90/100
|move|p2b: Kilowattrel|Tailwind|p2b: Kilowattrel
|-sidestart|p2: elfokaz|move: Tailwind
|cant|p1b: Ninetales|flinch
|move|p1a: Gholdengo|Nasty Plot|p1a: Gholdengo
|-boost|p1a: Gholdengo|spa|2
|
|-weather|Snowscape|[upkeep]
|upkeep
|turn|2
|inactive|elfokaz has 30 seconds left.
|
|t:|1756869845
|move|p1a: Gholdengo|Protect|p1a: Gholdengo
|-singleturn|p1a: Gholdengo|Protect
|move|p2b: Kilowattrel|Thunderbolt|p1a: Gholdengo
|-activate|p1a: Gholdengo|move: Protect
|move|p2a: Incineroar|Flare Blitz|p1b: Ninetales
|-supereffective|p1b: Ninetales
|-damage|p1b: Ninetales|0 fnt
|faint|p1b: Ninetales
|-damage|p2a: Incineroar|79/100|[from] Recoil
|
|-weather|Snowscape|[upkeep]
|upkeep
|
|t:|1756869854
|switch|p1b: Dragonite|Dragonite, L50, M|100/100
|turn|3
|inactive|elfokaz has 30 seconds left.
|inactive|elfokaz has 20 seconds left.
|inactive|elfokaz has 15 seconds left.
|
|t:|1756869895
|move|p2b: Kilowattrel|Volt Switch|p1a: Gholdengo
|-damage|p1a: Gholdengo|69/100
|
|t:|1756869898
|switch|p2b: Dragapult|Dragapult, L50, M|100/100|[from] Volt Switch
|move|p2a: Incineroar|Knock Off|p1b: Dragonite
|-damage|p1b: Dragonite|79/100
|-enditem|p1b: Dragonite|Loaded Dice|[from] move: Knock Off|[of] p2a: Incineroar
|move|p1a: Gholdengo|Make It Rain|p2b: Dragapult|[spread] p2a,p2b
|-resisted|p2a: Incineroar
|-damage|p2a: Incineroar|38/100
|-damage|p2b: Dragapult|0 fnt
|-unboost|p1a: Gholdengo|spa|1
|faint|p2b: Dragapult
|move|p1b: Dragonite|Tailwind|p1b: Dragonite
|-sidestart|p1: shminki|move: Tailwind
|
|-weather|Snowscape|[upkeep]
|upkeep
|
|t:|1756869913
|switch|p2b: Kilowattrel|Kilowattrel, L50, F|100/100
|turn|4
|
|t:|1756869937
|switch|p2a: Toedscruel|Toedscruel, L50, F|100/100
|move|p1a: Gholdengo|Protect|p1a: Gholdengo
|-singleturn|p1a: Gholdengo|Protect
|move|p1b: Dragonite|Protect|p1b: Dragonite
|-singleturn|p1b: Dragonite|Protect
|move|p2b: Kilowattrel|Volt Switch|p1a: Gholdengo
|-activate|p1a: Gholdengo|move: Protect
|
|-weather|Snowscape|[upkeep]
|-sideend|p2: elfokaz|move: Tailwind
|upkeep
|turn|5
|inactive|shminki has 30 seconds left.
|inactive|elfokaz has 30 seconds left.
|
|t:|1756869963
|move|p1a: Gholdengo|Make It Rain|p2b: Kilowattrel|[spread] p2a,p2b
|-resisted|p2b: Kilowattrel
|-damage|p2a: Toedscruel|38/100
|-damage|p2b: Kilowattrel|37/100
|-unboost|p1a: Gholdengo|spa|1
|move|p1b: Dragonite|Scale Shot|p2b: Kilowattrel
|-damage|p2b: Kilowattrel|9/100
|-damage|p2b: Kilowattrel|0 fnt
|faint|p2b: Kilowattrel
|-hitcount|p2: Kilowattrel|2
|-unboost|p1b: Dragonite|def|1
|-boost|p1b: Dragonite|spe|1
|move|p2a: Toedscruel|Spore|p1b: Dragonite
|-status|p1b: Dragonite|slp|[from] move: Spore
|
|-weather|none
|upkeep
|
|t:|1756869972
|switch|p2b: Incineroar|Incineroar, L50, M|38/100
|-ability|p2b: Incineroar|Intimidate|boost
|-unboost|p1a: Gholdengo|atk|1
|-unboost|p1b: Dragonite|atk|1
|turn|6
|
|t:|1756869997
|-terastallize|p2a: Toedscruel|Fire
|cant|p1b: Dragonite|slp
|move|p1a: Gholdengo|Make It Rain|p2b: Incineroar|[spread] p2a,p2b
|-resisted|p2a: Toedscruel
|-resisted|p2b: Incineroar
|-damage|p2a: Toedscruel|17/100
|-damage|p2b: Incineroar|17/100
|-unboost|p1a: Gholdengo|spa|1
|move|p2a: Toedscruel|Earth Power|p1a: Gholdengo
|-supereffective|p1a: Gholdengo
|-damage|p1a: Gholdengo|0 fnt
|faint|p1a: Gholdengo
|-damage|p2a: Toedscruel|7/100|[from] item: Life Orb
|move|p2b: Incineroar|Knock Off|p1b: Dragonite
|-damage|p1b: Dragonite|33/100 slp
|
|-sideend|p1: shminki|move: Tailwind
|upkeep
|
|t:|1756870008
|switch|p1a: Rillaboom|Rillaboom, L50, F|100/100
|-fieldstart|move: Grassy Terrain|[from] ability: Grassy Surge|[of] p1a: Rillaboom
|turn|7
|
|t:|1756870027
|move|p2a: Toedscruel|Protect|p2a: Toedscruel
|-singleturn|p2a: Toedscruel|Protect
|move|p1a: Rillaboom|Fake Out|p2b: Incineroar
|-damage|p2b: Incineroar|5/100
|cant|p1b: Dragonite|slp
|cant|p2b: Incineroar|flinch
|
|-heal|p2a: Toedscruel|13/100|[from] Grassy Terrain
|-heal|p2b: Incineroar|11/100|[from] Grassy Terrain
|upkeep
|turn|8
|
|t:|1756870052
|-curestatus|p1b: Dragonite|slp|[msg]
|move|p1b: Dragonite|Stomping Tantrum|p2a: Toedscruel
|-supereffective|p2a: Toedscruel
|-damage|p2a: Toedscruel|0 fnt
|faint|p2a: Toedscruel
|move|p1a: Rillaboom|High Horsepower|p2b: Incineroar
|-supereffective|p2b: Incineroar
|-damage|p2b: Incineroar|0 fnt
|faint|p2b: Incineroar
|
|win|shminki
|raw|shminki's rating: 1153 → 1175(+22 for winning)
|raw|elfokaz's rating: 1107 → 1085(-22 for losing)
