|j|☆Anicredible
|j|☆earthmeal
|html|Anicredibleearthmeal    
|uhtml|bestof|Game 2 of a best-of-3
|t:|1784393385
|gametype|doubles
|player|p1|Anicredible|schoolkid-gen4|1053
|player|p2|earthmeal|170|1116
|gen|9
|tier|[Gen 9 Champions] VGC 2026 Reg M-B (Bo3)
|rated|
|rule|Species Clause: Limit one of each Pokémon
|rule|Item Clause: Limit 1 of each item
|clearpoke
|poke|p1|Gholdengo, L50|
|poke|p1|Whimsicott, L50, M|
|poke|p1|Incineroar, L50, F|
|poke|p1|Grimmsnarl, L50, M|
|poke|p1|Garchomp, L50, M|
|poke|p1|Staraptor, L50, F, shiny|
|poke|p2|Jolteon, L50, F|
|poke|p2|Sylveon, L50, F|
|poke|p2|Espeon, L50, F|
|poke|p2|Vaporeon, L50, M|
|poke|p2|Floette-Eternal, L50, F|
|poke|p2|Umbreon, L50, M|
|teampreview|4
|showteam|p1|Gholdengo||MetalCoat|GoodasGold|Protect,NastyPlot,MakeItRain,ShadowBall|Modest|||||50|]Whimsicott||FocusSash|Prankster|Protect,Tailwind,Moonblast,Tickle|Timid||M|||50|]Incineroar||ShucaBerry|Intimidate|FakeOut,FlareBlitz,ThroatChop,PartingShot|Brave||F|||50|]Grimmsnarl||RoseliBerry|Prankster|Imprison,Reflect,PartingShot,SpiritBreak|Careful||M|||50|]Garchomp||LifeOrb|RoughSkin|Protect,DragonClaw,Earthquake,RockSlide|Jolly||M|||50|]Staraptor||Staraptite|Intimidate|Protect,Roost,CloseCombat,BraveBird|Jolly||F|||50|
|showteam|p2|Jolteon||FocusSash|VoltAbsorb|Electroweb,RainDance,Protect,Thunderbolt|Timid||F|||50|]Sylveon||FairyFeather|Pixilate|HyperBeam,Protect,HyperVoice,MysticalFire|Timid||F|||50|]Espeon||ChoiceScarf|MagicBounce|Trick,TrickRoom,PowerGem,Psychic|Rash||F|||50|]Vaporeon||Leftovers|WaterAbsorb|MuddyWater,IcyWind,Protect,Scald|Calm||M|||50|]Floette-Eternal||Floettite|FlowerVeil|LightofRuin,Moonblast,Protect,DazzlingGleam|Modest||F|||50|]Umbreon||SitrusBerry|InnerFocus|FoulPlay,Snarl,Toxic,AlluringVoice|Bold||M|||50|
|inactive|Battle timer is ON: inactive players will automatically lose when time's up. (requested by Anicredible)
|inactive|earthmeal also wants the timer to be on.
|inactive|Anicredible has 60 seconds left.
|inactive|earthmeal has 60 seconds left.
|
|t:|1784393434
|teamsize|p1|4
|teamsize|p2|4
|start
|switch|p1a: Grimmsnarl|Grimmsnarl, L50, M|100/100
|switch|p1b: Gholdengo|Gholdengo, L50|100/100
|switch|p2a: Umbreon|Umbreon, L50, M|100/100
|switch|p2b: Espeon|Espeon, L50, F|100/100
|turn|1
|inactive|Anicredible has 30 seconds left.
|inactive|Anicredible has 20 seconds left.
|
|t:|1784393469
|move|p1b: Gholdengo|Protect|p1b: Gholdengo
|-singleturn|p1b: Gholdengo|Protect
|move|p1a: Grimmsnarl|Parting Shot|p2b: Espeon
|move|p2b: Espeon|Parting Shot|p1a: Grimmsnarl|[from] ability: Magic Bounce
|-unboost|p1a: Grimmsnarl|atk|1
|-unboost|p1a: Grimmsnarl|spa|1
|
|t:|1784393480
|switch|p2b: Vaporeon|Vaporeon, L50, M|100/100|[from] Parting Shot
|move|p2a: Umbreon|Toxic|p1a: Grimmsnarl
|-status|p1a: Grimmsnarl|tox
|
|-damage|p1a: Grimmsnarl|94/100 tox|[from] psn
|upkeep
|turn|2
|
|t:|1784393493
|move|p1a: Grimmsnarl|Reflect|p1a: Grimmsnarl
|-sidestart|p1: Anicredible|Reflect
|move|p1b: Gholdengo|Nasty Plot|p1b: Gholdengo
|-boost|p1b: Gholdengo|spa|2
|move|p2a: Umbreon|Foul Play|p1b: Gholdengo
|-supereffective|p1b: Gholdengo|1
|-damage|p1b: Gholdengo|69/100
|move|p2b: Vaporeon|Muddy Water|p1b: Gholdengo|[spread] p1b
|-miss|p2b: Vaporeon|p1a: Grimmsnarl
|-damage|p1b: Gholdengo|39/100
|
|-damage|p1a: Grimmsnarl|82/100 tox|[from] psn
|upkeep
|turn|3
|
|t:|1784393513
|move|p1b: Gholdengo|Protect|p1b: Gholdengo
|-singleturn|p1b: Gholdengo|Protect
|move|p2a: Umbreon|Snarl|p1a: Grimmsnarl|[spread] p1a
|-activate|p1b: Gholdengo|move: Protect
|-resisted|p1a: Grimmsnarl|2
|-damage|p1a: Grimmsnarl|80/100 tox
|-unboost|p1a: Grimmsnarl|spa|1
|move|p2b: Vaporeon|Muddy Water|p1a: Grimmsnarl|[spread] p1a
|-activate|p1b: Gholdengo|move: Protect
|-damage|p1a: Grimmsnarl|59/100 tox
|-unboost|p1a: Grimmsnarl|accuracy|1
|move|p1a: Grimmsnarl|Spirit Break|p2a: Umbreon|[miss]
|-miss|p1a: Grimmsnarl|p2a: Umbreon
|
|-damage|p1a: Grimmsnarl|41/100 tox|[from] psn
|upkeep
|turn|4
|inactive|Anicredible has 30 seconds left.
|inactive|Anicredible has 20 seconds left.
|
|t:|1784393552
|move|p1b: Gholdengo|Make It Rain|p2a: Umbreon|[spread] p2a,p2b
|-resisted|p2b: Vaporeon|1
|-damage|p2a: Umbreon|4/100
|-damage|p2b: Vaporeon|64/100
|-unboost|p1b: Gholdengo|spa|2
|-enditem|p2a: Umbreon|Sitrus Berry|[eat]
|-heal|p2a: Umbreon|29/100|[from] item: Sitrus Berry
|move|p2a: Umbreon|Foul Play|p1b: Gholdengo
|-supereffective|p1b: Gholdengo|1
|-damage|p1b: Gholdengo|8/100
|move|p2b: Vaporeon|Muddy Water|p1b: Gholdengo|[spread] p1b
|-miss|p2b: Vaporeon|p1a: Grimmsnarl
|-damage|p1b: Gholdengo|0 fnt
|faint|p1b: Gholdengo
|move|p1a: Grimmsnarl|Spirit Break|p2a: Umbreon
|-supereffective|p2a: Umbreon|1
|-damage|p2a: Umbreon|4/100
|-unboost|p2a: Umbreon|spa|1
|
|-heal|p2b: Vaporeon|70/100|[from] item: Leftovers
|-damage|p1a: Grimmsnarl|17/100 tox|[from] psn
|upkeep
|
|t:|1784393572
|switch|p1b: Staraptor|Staraptor, L50, F, shiny|100/100
|-ability|p1b: Staraptor|Intimidate|boost
|-fail|p2a: Umbreon|unboost|Attack|[from] ability: Inner Focus|[of] p2a: Umbreon
|-unboost|p2b: Vaporeon|atk|1
|turn|5
|
|t:|1784393584
|detailschange|p1b: Staraptor|Staraptor-Mega, L50, F, shiny
|-mega|p1b: Staraptor|Staraptor|Staraptite
|move|p1a: Grimmsnarl|Parting Shot|p1b: Staraptor
|-boost|p1b: Staraptor|atk|1
|-boost|p1b: Staraptor|spa|1
|
|t:|1784393589
|switch|p1a: Whimsicott|Whimsicott, L50, M|100/100|[from] Parting Shot
|move|p1b: Staraptor|Close Combat|p2a: Umbreon
|-supereffective|p2a: Umbreon|1
|-damage|p2a: Umbreon|0 fnt
|-boost|p1b: Staraptor|def|1
|-boost|p1b: Staraptor|spd|1
|faint|p2a: Umbreon
|move|p2b: Vaporeon|Scald|p1b: Staraptor
|-damage|p1b: Staraptor|79/100
|
|-heal|p2b: Vaporeon|75/100|[from] item: Leftovers
|upkeep
|
|t:|1784393605
|switch|p2a: Espeon|Espeon, L50, F|100/100
|turn|6
|
|t:|1784393626
|move|p1a: Whimsicott|Tailwind|p1a: Whimsicott
|-sidestart|p1: Anicredible|move: Tailwind
|move|p1b: Staraptor|Brave Bird|p2a: Espeon
|-damage|p2a: Espeon|0 fnt
|faint|p2a: Espeon
|-damage|p1b: Staraptor|52/100|[from] Recoil
|move|p2b: Vaporeon|Muddy Water|p1b: Staraptor|[spread] p1a,p1b
|-resisted|p1a: Whimsicott|1
|-damage|p1a: Whimsicott|77/100
|-damage|p1b: Staraptor|36/100
|
|-heal|p2b: Vaporeon|81/100|[from] item: Leftovers
|-sideend|p1: Anicredible|Reflect
|upkeep
|
|t:|1784393640
|switch|p2a: Floette|Floette-Eternal, L50, F|100/100
|turn|7
|inactive|Anicredible has 30 seconds left.
|
|t:|1784393671
|detailschange|p2a: Floette|Floette-Mega, L50, F
|-mega|p2a: Floette|Floette|Floettite
|-ability|p2a: Floette|Fairy Aura
|move|p1a: Whimsicott|Tickle|p1b: Staraptor
|-boost|p1b: Staraptor|atk|1
|-boost|p1b: Staraptor|def|1
|move|p1b: Staraptor|Brave Bird|p2a: Floette
|-damage|p2a: Floette|0 fnt
|faint|p2a: Floette
|-damage|p1b: Staraptor|8/100|[from] Recoil
|move|p2b: Vaporeon|Muddy Water|p1b: Staraptor|[spread] p1a,p1b
|-resisted|p1a: Whimsicott|1
|-damage|p1a: Whimsicott|57/100
|-damage|p1b: Staraptor|0 fnt
|faint|p1b: Staraptor
|
|-heal|p2b: Vaporeon|87/100|[from] item: Leftovers
|upkeep
|
|t:|1784393684
|switch|p1b: Grimmsnarl|Grimmsnarl, L50, M|17/100 tox
|turn|8
|
|t:|1784393694
|move|p1a: Whimsicott|Tickle|p2b: Vaporeon
|-unboost|p2b: Vaporeon|atk|1
|-unboost|p2b: Vaporeon|def|1
|move|p1b: Grimmsnarl|Spirit Break|p2b: Vaporeon
|-damage|p2b: Vaporeon|32/100
|-unboost|p2b: Vaporeon|spa|1
|move|p2b: Vaporeon|Icy Wind|p1b: Grimmsnarl|[spread] p1a,p1b
|-supereffective|p1a: Whimsicott|1
|-damage|p1a: Whimsicott|34/100
|-damage|p1b: Grimmsnarl|12/100 tox
|-unboost|p1a: Whimsicott|spe|1
|-unboost|p1b: Grimmsnarl|spe|1
|
|-heal|p2b: Vaporeon|38/100|[from] item: Leftovers
|-damage|p1b: Grimmsnarl|6/100 tox|[from] psn
|upkeep
|turn|9
|
|t:|1784393710
|move|p2b: Vaporeon|Protect|p2b: Vaporeon
|-singleturn|p2b: Vaporeon|Protect
|move|p1a: Whimsicott|Tickle|p2b: Vaporeon
|-activate|p2b: Vaporeon|move: Protect
|move|p1b: Grimmsnarl|Spirit Break|p2b: Vaporeon
|-activate|p2b: Vaporeon|move: Protect
|
|-heal|p2b: Vaporeon|44/100|[from] item: Leftovers
|-damage|p1b: Grimmsnarl|0 fnt|[from] psn
|faint|p1b: Grimmsnarl
|-sideend|p1: Anicredible|move: Tailwind
|upkeep
|turn|10
|
|t:|1784393732
|move|p1a: Whimsicott|Moonblast|p2b: Vaporeon
|-damage|p2b: Vaporeon|25/100
|move|p2b: Vaporeon|Icy Wind|p1a: Whimsicott
|-supereffective|p1a: Whimsicott|1
|-damage|p1a: Whimsicott|5/100
|-unboost|p1a: Whimsicott|spe|1
|
|-heal|p2b: Vaporeon|31/100|[from] item: Leftovers
|upkeep
|turn|11
|inactive|Anicredible has 30 seconds left.
|c|☆Anicredible|ggwp
|-message|Anicredible forfeited.
|
|win|earthmeal
