|j|☆AnriVGC
|j|☆SleepySilver07
|html|AnriVGCSleepySilver07    
|uhtml|bestof|Game 1 of a best-of-3
|t:|1756433214
|gametype|doubles
|player|p1|AnriVGC|hilda-masters3|1063
|player|p2|SleepySilver07|102|1249
|gen|9
|tier|[Gen 9] VGC 2025 Reg H (Bo3)
|rated|
|rule|Species Clause: Limit one of each Pokémon
|rule|Item Clause: Limit 1 of each item
|clearpoke
|poke|p1|Gholdengo, L50|
|poke|p1|Sneasler, L50, F|
|poke|p1|Rillaboom, L50, F|
|poke|p1|Dragonite, L50, F|
|poke|p1|Ninetales-Alola, L50, F|
|poke|p1|Arcanine-Hisui, L50, F|
|poke|p2|Garchomp, L50, M|
|poke|p2|Talonflame, L50, F|
|poke|p2|Gothitelle, L50, F|
|poke|p2|Gardevoir, L50, M|
|poke|p2|Tyranitar, L50, M|
|poke|p2|Gholdengo, L50|
|teampreview|4
|showteam|p1|Gholdengo||GrassySeed|GoodasGold|NastyPlot,MakeItRain,ShadowBall,Protect||||||50|,,,,,Water]Sneasler||FocusSash|Unburden|CloseCombat,DireClaw,Coaching,FakeOut|||F|||50|,,,,,Ghost]Rillaboom||AssaultVest|GrassySurge|FakeOut,DrumBeating,HighHorsepower,GrassyGlide|||F|||50|,,,,,Fire]Dragonite||LoadedDice|Multiscale|ScaleShot,StompingTantrum,Haze,Protect|||F|||50|,,,,,Steel]Ninetales-Alola||LightClay|SnowWarning|IcyWind,Blizzard,Moonblast,AuroraVeil|||F|||50|,,,,,Water]Arcanine-Hisui||ClearAmulet|Intimidate|RockSlide,FlareBlitz,ExtremeSpeed,Protect|||F|||50|,,,,,Grass
|showteam|p2|Garchomp||LifeOrb|SandVeil|Earthquake,DragonClaw,StompingTantrum,Protect|||M|||50|,,,,,Steel]Talonflame||CovertCloak|GaleWings|BraveBird,Taunt,Tailwind,Defog|||F|||50|,,,,,Grass]Gothitelle||SafetyGoggles|ShadowTag|Psychic,FakeOut,HelpingHand,TrickRoom|||F|||50|,,,,,Steel]Gardevoir||ChoiceSpecs|Telepathy|Moonblast,Psychic,Psyshock,DazzlingGleam|||M|||50|,,,,,Steel]Tyranitar||ClearAmulet|SandStream|RockSlide,KnockOff,TeraBlast,Protect|||M|||50|,,,,,Flying]Gholdengo||SitrusBerry|GoodasGold|MakeItRain,ShadowBall,Protect,NastyPlot||||||50|,,,,,Flying
|
|t:|1756433265
|teamsize|p1|4
|teamsize|p2|4
|start
|switch|p1a: Gholdengo|Gholdengo, L50|100/100
|switch|p1b: Rillaboom|Rillaboom, L50, F|100/100
|switch|p2a: Talonflame|Talonflame, L50, F|100/100
|switch|p2b: Garchomp|Garchomp, L50, M|100/100
|-fieldstart|move: Grassy Terrain|[from] ability: Grassy Surge|[of] p1b: Rillaboom
|-enditem|p1a: Gholdengo|Grassy Seed
|-boost|p1a: Gholdengo|def|1|[from] item: Grassy Seed
|turn|1
|inactive|Battle timer is ON: inactive players will automatically lose when time's up. (requested by SleepySilver07)
|j| Tindall64
|
|t:|1756433289
|switch|p1b: Arcanine|Arcanine-Hisui, L50, F|100/100
|-ability|p1b: Arcanine|Intimidate|boost
|-unboost|p2a: Talonflame|atk|1
|-unboost|p2b: Garchomp|atk|1
|-terastallize|p1a: Gholdengo|Water
|move|p2a: Talonflame|Brave Bird|p1b: Arcanine
|-resisted|p1b: Arcanine
|-damage|p1b: Arcanine|81/100
|-damage|p2a: Talonflame|93/100|[from] Recoil
|move|p2b: Garchomp|Dragon Claw|p1b: Arcanine
|-damage|p1b: Arcanine|34/100
|-damage|p2b: Garchomp|91/100|[from] item: Life Orb
|move|p1a: Gholdengo|Nasty Plot|p1a: Gholdengo
|-boost|p1a: Gholdengo|spa|2
|
|-heal|p1b: Arcanine|40/100|[from] Grassy Terrain
|-heal|p2b: Garchomp|97/100|[from] Grassy Terrain
|upkeep
|turn|2
|inactive|AnriVGC has 30 seconds left.
|
|t:|1756433314
|move|p2a: Talonflame|Tailwind|p2a: Talonflame
|-sidestart|p2: SleepySilver07|move: Tailwind
|move|p2b: Garchomp|Stomping Tantrum|p1b: Arcanine
|-supereffective|p1b: Arcanine
|-damage|p1b: Arcanine|0 fnt
|faint|p1b: Arcanine
|-damage|p2b: Garchomp|87/100|[from] item: Life Orb
|move|p1a: Gholdengo|Shadow Ball|p2b: Garchomp
|-damage|p2b: Garchomp|0 fnt
|faint|p2b: Garchomp
|
|upkeep
|
|t:|1756433329
|switch|p1b: Sneasler|Sneasler, L50, F|100/100
|switch|p2b: Tyranitar|Tyranitar, L50, M|100/100
|-weather|Sandstorm|[from] ability: Sand Stream|[of] p2b: Tyranitar
|turn|3
|inactive|SleepySilver07 has 30 seconds left.
|
|t:|1756433362
|switch|p1b: Rillaboom|Rillaboom, L50, F|100/100
|-terastallize|p2b: Tyranitar|Flying
|move|p2a: Talonflame|Brave Bird|p1b: Rillaboom
|-supereffective|p1b: Rillaboom
|-damage|p1b: Rillaboom|37/100
|-damage|p2a: Talonflame|68/100|[from] Recoil
|move|p2b: Tyranitar|Tera Blast|p1a: Gholdengo|[anim] Tera Blast Flying
|-damage|p1a: Gholdengo|73/100
|move|p1a: Gholdengo|Shadow Ball|p2a: Talonflame
|-damage|p2a: Talonflame|0 fnt
|faint|p2a: Talonflame
|
|-weather|Sandstorm|[upkeep]
|-damage|p2b: Tyranitar|94/100|[from] Sandstorm
|-damage|p1b: Rillaboom|31/100|[from] Sandstorm
|-damage|p1a: Gholdengo|67/100|[from] Sandstorm
|-heal|p1b: Rillaboom|37/100|[from] Grassy Terrain
|-heal|p1a: Gholdengo|73/100|[from] Grassy Terrain
|upkeep
|
|t:|1756433364
|switch|p2a: Gholdengo|Gholdengo, L50|100/100
|turn|4
|inactive|AnriVGC has 30 seconds left.
|
|t:|1756433397
|move|p1b: Rillaboom|Fake Out|p2b: Tyranitar
|-damage|p2b: Tyranitar|83/100
|move|p2a: Gholdengo|Shadow Ball|p1a: Gholdengo
|-damage|p1a: Gholdengo|22/100
|-unboost|p1a: Gholdengo|spd|1
|cant|p2b: Tyranitar|flinch
|move|p1a: Gholdengo|Shadow Ball|p2a: Gholdengo
|-supereffective|p2a: Gholdengo
|-damage|p2a: Gholdengo|0 fnt
|faint|p2a: Gholdengo
|
|-weather|Sandstorm|[upkeep]
|-damage|p2b: Tyranitar|77/100|[from] Sandstorm
|-damage|p1b: Rillaboom|31/100|[from] Sandstorm
|-damage|p1a: Gholdengo|15/100|[from] Sandstorm
|-heal|p1b: Rillaboom|37/100|[from] Grassy Terrain
|-heal|p1a: Gholdengo|22/100|[from] Grassy Terrain
|upkeep
|turn|5
|-message|SleepySilver07 forfeited.
|
|win|AnriVGC
|l|☆SleepySilver07
|player|p2|
||SleepySilver07 is ready for game 2.
