|j|☆Basura2U
|j|☆GzRekt
|html|Basura2UGzRekt    
|uhtml|bestof|Game 1 of a best-of-3
|t:|1757676599
|gametype|doubles
|player|p1|Basura2U|lucas|1111
|player|p2|GzRekt|fisherman-gen4|1214
|gen|9
|tier|[Gen 9] VGC 2025 Reg H (Bo3)
|rated|
|rule|Species Clause: Limit one of each Pokémon
|rule|Item Clause: Limit 1 of each item
|clearpoke
|poke|p1|Talonflame, L50, M|
|poke|p1|Rotom-Wash, L50|
|poke|p1|Toxicroak, L50, M|
|poke|p1|Gholdengo, L50|
|poke|p1|Electabuzz, L50, M|
|poke|p1|Rillaboom, L50, F|
|poke|p2|Dragonite, L50, F|
|poke|p2|Ninetales-Alola, L50, F|
|poke|p2|Annihilape, L50, M|
|poke|p2|Rillaboom, L50, F|
|poke|p2|Gholdengo, L50|
|poke|p2|Arcanine-Hisui, L50, M|
|teampreview|4
|showteam|p1|Talonflame|||GaleWings|Acrobatics,FlareBlitz,Tailwind,Protect|||M|||50|,,,,,Ghost]Rotom-Wash||SitrusBerry|Levitate|WillOWisp,Thunderbolt,HydroPump,Protect||||||50|,,,,,Dark]Toxicroak||AssaultVest|DrySkin|FakeOut,SuckerPunch,GunkShot,CloseCombat|||M|||50|,,,,,Poison]Gholdengo||MetalCoat|GoodasGold|MakeItRain,NastyPlot,ShadowBall,Protect||||||50|,,,,,Water]Electabuzz||Eviolite|VitalSpirit|FollowMe,Electroweb,Taunt,HelpingHand|||M|||50|,,,,,Dragon]Rillaboom||MiracleSeed|GrassySurge|GrassyGlide,Uturn,FakeOut,WoodHammer|||F|||50|,,,,,Fire
|showteam|p2|Dragonite||LoadedDice|Multiscale|ScaleShot,ExtremeSpeed,Haze,Protect|||F|||50|,,,,,Fairy]Ninetales-Alola||CovertCloak|SnowWarning|Blizzard,IcyWind,Encore,AuroraVeil|||F|||50|,,,,,Water]Annihilape||FocusSash|Defiant|CloseCombat,RageFist,Coaching,Taunt|||M|||50|,,,,,Grass]Rillaboom||AssaultVest|GrassySurge|DrumBeating,GrassyGlide,HighHorsepower,FakeOut|||F|||50|,,,,,Fire]Gholdengo||GrassySeed|GoodasGold|Protect,NastyPlot,MakeItRain,ShadowBall||||||50|,,,,,Water]Arcanine-Hisui||ClearAmulet|Intimidate|Protect,ExtremeSpeed,FlareBlitz,RockSlide|||M|||50|,,,,,Fairy
|inactive|Battle timer is ON: inactive players will automatically lose when time's up. (requested by GzRekt)
|inactive|Basura2U has 60 seconds left.
|inactive|GzRekt has 60 seconds left.
|inactive|GzRekt has 30 seconds left.
|
|t:|1757676669
|teamsize|p1|4
|teamsize|p2|4
|start
|switch|p1a: Toxicroak|Toxicroak, L50, M|100/100
|switch|p1b: Rotom|Rotom-Wash, L50|100/100
|switch|p2a: Ninetales|Ninetales-Alola, L50, F|100/100
|switch|p2b: Gholdengo|Gholdengo, L50|100/100
|-weather|Snowscape|[from] ability: Snow Warning|[of] p2a: Ninetales
|turn|1
|inactive|Basura2U has 30 seconds left.
|
|t:|1757676698
|move|p2a: Ninetales|Aurora Veil|p2a: Ninetales
|-sidestart|p2: GzRekt|move: Aurora Veil
|move|p1b: Rotom|Hydro Pump|p2b: Gholdengo
|-damage|p2b: Gholdengo|74/100
|move|p1a: Toxicroak|Gunk Shot|p2a: Ninetales
|-supereffective|p2a: Ninetales
|-damage|p2a: Ninetales|39/100
|move|p2b: Gholdengo|Nasty Plot|p2b: Gholdengo
|-boost|p2b: Gholdengo|spa|2
|
|-weather|Snowscape|[upkeep]
|upkeep
|turn|2
|inactive|GzRekt has 30 seconds left.
|
|t:|1757676730
|-terastallize|p2b: Gholdengo|Water
|move|p1a: Toxicroak|Sucker Punch|p2b: Gholdengo
|-damage|p2b: Gholdengo|61/100
|move|p2a: Ninetales|Icy Wind|p1b: Rotom|[spread] p1a,p1b
|-resisted|p1b: Rotom
|-crit|p1b: Rotom
|-damage|p1a: Toxicroak|88/100
|-damage|p1b: Rotom|90/100
|-unboost|p1a: Toxicroak|spe|1
|-unboost|p1b: Rotom|spe|1
|move|p2b: Gholdengo|Shadow Ball|p1b: Rotom
|-damage|p1b: Rotom|4/100
|-enditem|p1b: Rotom|Sitrus Berry|[eat]
|-heal|p1b: Rotom|28/100|[from] item: Sitrus Berry
|move|p1b: Rotom|Hydro Pump|p2b: Gholdengo
|-resisted|p2b: Gholdengo
|-damage|p2b: Gholdengo|48/100
|
|-weather|Snowscape|[upkeep]
|upkeep
|turn|3
|inactive|Basura2U has 30 seconds left.
|inactive|Basura2U has 20 seconds left.
|inactive|GzRekt has 30 seconds left.
|inactive|Basura2U has 15 seconds left.
|
|t:|1757676772
|switch|p2a: Rillaboom|Rillaboom, L50, F|100/100
|-fieldstart|move: Grassy Terrain|[from] ability: Grassy Surge|[of] p2a: Rillaboom
|-enditem|p2b: Gholdengo|Grassy Seed
|-boost|p2b: Gholdengo|def|1|[from] item: Grassy Seed
|switch|p1b: Talonflame|Talonflame, L50, M|100/100
|move|p2b: Gholdengo|Make It Rain|p1a: Toxicroak|[spread] p1a,p1b
|-resisted|p1b: Talonflame
|-damage|p1a: Toxicroak|10/100
|-damage|p1b: Talonflame|38/100
|-unboost|p2b: Gholdengo|spa|1
|move|p1a: Toxicroak|Gunk Shot|p2a: Rillaboom
|-supereffective|p2a: Rillaboom
|-damage|p2a: Rillaboom|34/100
|
|-weather|Snowscape|[upkeep]
|-heal|p2a: Rillaboom|40/100|[from] Grassy Terrain
|-heal|p2b: Gholdengo|55/100|[from] Grassy Terrain
|-heal|p1a: Toxicroak|16/100|[from] Grassy Terrain
|upkeep
|turn|4
|inactive|Basura2U has 30 seconds left.
|inactive|GzRekt has 30 seconds left.
|inactive|Basura2U has 20 seconds left.
|inactive|Basura2U has 15 seconds left.
|inactive|Basura2U has 10 seconds left.
|
|t:|1757676822
|-terastallize|p1b: Talonflame|Ghost
|move|p2a: Rillaboom|Fake Out|p1b: Talonflame
|-immune|p1b: Talonflame
|move|p1a: Toxicroak|Sucker Punch||[still]
|-fail|p1a: Toxicroak
|move|p1b: Talonflame|Acrobatics|p2a: Rillaboom
|-supereffective|p2a: Rillaboom
|-damage|p2a: Rillaboom|0 fnt
|faint|p2a: Rillaboom
|move|p2b: Gholdengo|Nasty Plot|p2b: Gholdengo
|-boost|p2b: Gholdengo|spa|2
|
|-weather|Snowscape|[upkeep]
|-heal|p1b: Talonflame|44/100|[from] Grassy Terrain
|-heal|p2b: Gholdengo|61/100|[from] Grassy Terrain
|-heal|p1a: Toxicroak|21/100|[from] Grassy Terrain
|upkeep
|
|t:|1757676834
|switch|p2a: Arcanine|Arcanine-Hisui, L50, M|100/100
|-ability|p2a: Arcanine|Intimidate|boost
|-unboost|p1a: Toxicroak|atk|1
|-unboost|p1b: Talonflame|atk|1
|turn|5
|
|t:|1757676858
|switch|p2a: Ninetales|Ninetales-Alola, L50, F|39/100
|move|p1b: Talonflame|Tailwind|p1b: Talonflame
|-sidestart|p1: Basura2U|move: Tailwind
|move|p1a: Toxicroak|Close Combat|p2b: Gholdengo
|-damage|p2b: Gholdengo|45/100
|-unboost|p1a: Toxicroak|def|1
|-unboost|p1a: Toxicroak|spd|1
|move|p2b: Gholdengo|Make It Rain|p1b: Talonflame|[spread] p1a,p1b
|-damage|p1a: Toxicroak|0 fnt
|-damage|p1b: Talonflame|0 fnt
|-unboost|p2b: Gholdengo|spa|1
|faint|p1a: Toxicroak
|faint|p1b: Talonflame
|
|-weather|none
|-heal|p2a: Ninetales|45/100|[from] Grassy Terrain
|-heal|p2b: Gholdengo|51/100|[from] Grassy Terrain
|-sideend|p2: GzRekt|move: Aurora Veil
|upkeep
|
|t:|1757676873
|switch|p1b: Gholdengo|Gholdengo, L50|100/100
|switch|p1a: Rotom|Rotom-Wash, L50|28/100
|turn|6
|
|t:|1757676889
|move|p2b: Gholdengo|Protect|p2b: Gholdengo
|-singleturn|p2b: Gholdengo|Protect
|move|p1a: Rotom|Thunderbolt|p2b: Gholdengo
|-activate|p2b: Gholdengo|move: Protect
|move|p1b: Gholdengo|Make It Rain|p2a: Ninetales|[spread] p2a
|-activate|p2b: Gholdengo|move: Protect
|-supereffective|p2a: Ninetales
|-damage|p2a: Ninetales|0 fnt
|-unboost|p1b: Gholdengo|spa|1
|faint|p2a: Ninetales
|
|-heal|p2b: Gholdengo|57/100|[from] Grassy Terrain
|upkeep
|
|t:|1757676902
|switch|p2a: Arcanine|Arcanine-Hisui, L50, M|100/100
|-ability|p2a: Arcanine|Intimidate|boost
|-unboost|p1a: Rotom|atk|1
|-unboost|p1b: Gholdengo|atk|1
|turn|7
|inactive|Basura2U has 30 seconds left.
|inactive|Basura2U has 20 seconds left.
|
|t:|1757676942
|move|p2a: Arcanine|Extreme Speed|p1a: Rotom
|-damage|p1a: Rotom|0 fnt
|faint|p1a: Rotom
|move|p1b: Gholdengo|Make It Rain|p2b: Gholdengo|[spread] p2a,p2b
|-resisted|p2b: Gholdengo
|-damage|p2a: Arcanine|46/100
|-damage|p2b: Gholdengo|37/100
|-unboost|p1b: Gholdengo|spa|1
|move|p2b: Gholdengo|Shadow Ball|p1b: Gholdengo
|-supereffective|p1b: Gholdengo
|-damage|p1b: Gholdengo|0 fnt
|faint|p1b: Gholdengo
|
|win|GzRekt
||Basura2U is ready for game 2.
||GzRekt is ready for game 2.
|uhtml|next|Next: Game 2 of 3
|l|☆Basura2U
|player|p1|
|l|☆GzRekt
|player|p2|
