|j|☆gingersolos
|j|☆mesziah
|html|gingersolosmesziah    
|uhtml|bestof|Game 2 of a best-of-3
|t:|1786118120
|gametype|doubles
|player|p1|gingersolos|unknown|
|player|p2|mesziah|beauty-gen4dp|
|gen|9
|tier|[Gen 9 Champions] VGC 2026 Reg M-B (Bo3)
|rule|Species Clause: Limit one of each Pokémon
|rule|Item Clause: Limit 1 of each item
|clearpoke
|poke|p1|Incineroar, L50, M|
|poke|p1|Gardevoir, L50, F|
|poke|p1|Dragonite, L50, M|
|poke|p1|Milotic, L50, F|
|poke|p1|Zoroark-Hisui, L50, M|
|poke|p1|Sandaconda, L50, M|
|poke|p2|Garchomp, L50, F|
|poke|p2|Heliolisk, L50, M|
|poke|p2|Skarmory, L50, M|
|poke|p2|Mimikyu, L50, F|
|poke|p2|Talonflame, L50, M|
|poke|p2|Sinistcha, L50|
|teampreview|4
|showteam|p1|Incineroar||SitrusBerry|Intimidate|FakeOut,FlareBlitz,Snarl,PartingShot|Careful||M|||50|]Gardevoir||Gardevoirite|Trace|HyperVoice,Psychic,TrickRoom,Protect|Modest||F|||50|]Dragonite||DragonFang|Multiscale|ExtremeSpeed,DragonClaw,Tailwind,Protect|Adamant||M|||50|]Milotic||Leftovers|Competitive|Scald,IcyWind,Recover,Protect|Bold||F|||50|]Zoroark-Hisui||FocusSash|Illusion|ShadowBall,HyperVoice,BitterMalice,Protect|Timid||M|||50|]Sandaconda||LumBerry|ShedSkin|Glare,HighHorsepower,RockSlide,Protect|Impish||M|||50|
|showteam|p2|Garchomp||LifeOrb|RoughSkin|Surf,DragonPulse,PowerGem,Protect|Timid||F|||50|]Heliolisk||FocusSash|DrySkin|Discharge,Thunderbolt,EerieImpulse,Protect|Modest||M|||50|]Skarmory||Skarmorite|KeenEye|IronHead,RockTomb,BraveBird,Protect|Jolly||M|||50|]Mimikyu||WideLens|Disguise|PlayRough,DrainPunch,WillOWisp,ShadowClaw|Adamant||F|||50|]Talonflame|||GaleWings|Tailwind,Acrobatics,WillOWisp,UpperHand|Jolly||M|||50|]Sinistcha||ColburBerry|Hospitality|MatchaGotcha,LifeDew,Scald,Protect|Modest|||||50|
|
|t:|1786118185
|teamsize|p1|4
|teamsize|p2|4
|start
|switch|p1a: Gardevoir|Gardevoir, L50, F|100/100
|switch|p1b: Dragonite|Dragonite, L50, M|100/100
|switch|p2a: Garchomp|Garchomp, L50, F|100/100
|switch|p2b: Heliolisk|Heliolisk, L50, M|100/100
|-ability|p1a: Gardevoir|Rough Skin|Trace|[from] ability: Trace|[of] p2a: Garchomp
|turn|1
|
|t:|1786118217
|detailschange|p1a: Gardevoir|Gardevoir-Mega, L50, F
|-mega|p1a: Gardevoir|Gardevoir|Gardevoirite
|move|p2a: Garchomp|Protect|p2a: Garchomp
|-singleturn|p2a: Garchomp|Protect
|move|p2b: Heliolisk|Protect|p2b: Heliolisk
|-singleturn|p2b: Heliolisk|Protect
|move|p1a: Gardevoir|Hyper Voice|p2a: Garchomp|[spread] 
|-activate|p2a: Garchomp|move: Protect
|-activate|p2b: Heliolisk|move: Protect
|move|p1b: Dragonite|Tailwind|p1b: Dragonite
|-sidestart|p1: gingersolos|move: Tailwind
|
|upkeep
|turn|2
|
|t:|1786118269
|switch|p2a: Skarmory|Skarmory, L50, M|100/100
|move|p1a: Gardevoir|Hyper Voice|p2b: Heliolisk|[spread] p2a,p2b
|-resisted|p2a: Skarmory|1
|-damage|p2a: Skarmory|53/100
|-damage|p2b: Heliolisk|24/100
|move|p1b: Dragonite|Dragon Claw|p2b: Heliolisk
|-damage|p2b: Heliolisk|0 fnt
|faint|p2b: Heliolisk
|
|upkeep
|
|t:|1786118279
|switch|p2b: Mimikyu|Mimikyu, L50, F|100/100
|turn|3
|
|t:|1786118300
|detailschange|p2a: Skarmory|Skarmory-Mega, L50, M
|-mega|p2a: Skarmory|Skarmory|Skarmorite
|move|p2a: Skarmory|Protect|p2a: Skarmory
|-singleturn|p2a: Skarmory|Protect
|move|p1a: Gardevoir|Hyper Voice|p2a: Skarmory|[spread] p2b
|-activate|p2a: Skarmory|move: Protect
|-activate|p2b: Mimikyu|ability: Disguise
|-damage|p2b: Mimikyu|100/100
|detailschange|p2b: Mimikyu|Mimikyu-Busted, L50, F
|-damage|p2b: Mimikyu|87/100|[from] pokemon: Mimikyu-Busted
|move|p1b: Dragonite|Dragon Claw|p2a: Skarmory
|-activate|p2a: Skarmory|move: Protect
|move|p2b: Mimikyu|Will-O-Wisp|p1b: Dragonite
|-status|p1b: Dragonite|brn
|
|-damage|p1b: Dragonite|93/100 brn|[from] brn
|upkeep
|turn|4
|
|t:|1786118323
|move|p1a: Gardevoir|Hyper Voice|p2a: Skarmory|[spread] p2a,p2b
|-resisted|p2a: Skarmory|1
|-damage|p2a: Skarmory|20/100y
|-damage|p2b: Mimikyu|17/100
|move|p1b: Dragonite|Dragon Claw|p2a: Skarmory
|-resisted|p2a: Skarmory|1
|-damage|p2a: Skarmory|5/100
|move|p2a: Skarmory|Iron Head|p1a: Gardevoir
|-supereffective|p1a: Gardevoir|1
|-damage|p1a: Gardevoir|0 fnt
|faint|p1a: Gardevoir
|move|p2b: Mimikyu|Play Rough|p1b: Dragonite
|-supereffective|p1b: Dragonite|1
|-damage|p1b: Dragonite|23/100 brn
|
|-damage|p1b: Dragonite|17/100 brn|[from] brn
|-sideend|p1: gingersolos|move: Tailwind
|upkeep
|
|t:|1786118340
|switch|p1a: Incineroar|Incineroar, L50, M|100/100
|-ability|p1a: Incineroar|Intimidate|boost
|-unboost|p2a: Skarmory|atk|1
|-unboost|p2b: Mimikyu|atk|1
|turn|5
|
|t:|1786118369
|move|p2a: Skarmory|Protect|p2a: Skarmory
|-singleturn|p2a: Skarmory|Protect
|move|p2b: Mimikyu|Play Rough|p1b: Dragonite
|-supereffective|p1b: Dragonite|1
|-damage|p1b: Dragonite|0 fnt
|faint|p1b: Dragonite
|move|p1a: Incineroar|Snarl|p2a: Skarmory|[spread] p2b
|-activate|p2a: Skarmory|move: Protect
|-damage|p2b: Mimikyu|3/100
|-unboost|p2b: Mimikyu|spa|1
|
|upkeep
|
|t:|1786118383
|switch|p1b: Sandaconda|Sandaconda, L50, M|100/100
|turn|6
|
|t:|1786118414
|move|p2a: Skarmory|Rock Tomb|p1a: Incineroar|[miss]
|-miss|p2a: Skarmory|p1a: Incineroar
|move|p2b: Mimikyu|Drain Punch|p1a: Incineroar
|-supereffective|p1a: Incineroar|1
|-damage|p1a: Incineroar|70/100
|-heal|p2b: Mimikyu|26/100|[from] drain|[of] p1a: Incineroar
|move|p1b: Sandaconda|Rock Slide|p2b: Mimikyu|[spread] p2a,p2b
|-damage|p2a: Skarmory|0 fnt
|-damage|p2b: Mimikyu|2/100
|faint|p2a: Skarmory
|move|p1a: Incineroar|Snarl|p2b: Mimikyu
|-damage|p2b: Mimikyu|0 fnt
|faint|p2b: Mimikyu
|
|upkeep
|
|t:|1786118431
|switch|p2a: Garchomp|Garchomp, L50, F|100/100
|turn|7
|
|t:|1786118455
|move|p2a: Garchomp|Surf|p1a: Incineroar|[spread] p1a,p1b
|-supereffective|p1a: Incineroar|1
|-supereffective|p1b: Sandaconda|1
|-damage|p1a: Incineroar|42/100
|-damage|p1b: Sandaconda|41/100
|-enditem|p1a: Incineroar|Sitrus Berry|[eat]
|-heal|p1a: Incineroar|66/100|[from] item: Sitrus Berry
|-damage|p2a: Garchomp|90/100|[from] item: Life Orb
|move|p1b: Sandaconda|High Horsepower|p2a: Garchomp
|-damage|p2a: Garchomp|57/100
|-damage|p1b: Sandaconda|29/100|[from] ability: Rough Skin|[of] p2a: Garchomp
|move|p1a: Incineroar|Flare Blitz|p2a: Garchomp
|-resisted|p2a: Garchomp|1
|-damage|p2a: Garchomp|33/100
|-damage|p1a: Incineroar|54/100|[from] ability: Rough Skin|[of] p2a: Garchomp
|-damage|p1a: Incineroar|47/100|[from] Recoil
|
|upkeep
|turn|8
|
|t:|1786118481
|move|p2a: Garchomp|Surf|p1b: Sandaconda|[spread] p1a,p1b
|-supereffective|p1a: Incineroar|1
|-supereffective|p1b: Sandaconda|1
|-damage|p1a: Incineroar|16/100
|-damage|p1b: Sandaconda|0 fnt
|faint|p1b: Sandaconda
|-damage|p2a: Garchomp|23/100|[from] item: Life Orb
|move|p1a: Incineroar|Flare Blitz|p2a: Garchomp
|-resisted|p2a: Garchomp|1
|-damage|p2a: Garchomp|1/100
|-damage|p1a: Incineroar|3/100|[from] ability: Rough Skin|[of] p2a: Garchomp
|-damage|p1a: Incineroar|0 fnt|[from] Recoil
|faint|p1a: Incineroar
|
|win|mesziah
|inactive|gingersolos has 30 seconds to confirm battle start!
|inactive|mesziah has 30 seconds to confirm battle start!
|inactive|gingersolos has 20 seconds to confirm battle start!
|inactive|mesziah has 20 seconds to confirm battle start!
||mesziah is ready for game 3.
|inactive|gingersolos has 10 seconds to confirm battle start!
|l|☆gingersolos
|player|p1|
||gingersolos is ready for game 3.
|uhtml|next|Next: Game 3 of 3
