|j|☆viatles
|j|☆dolphin629
|html|viatlesdolphin629    
|uhtml|bestof|Game 3 of a best-of-3
|t:|1756241301
|gametype|doubles
|player|p1|viatles|hiker|1010
|player|p2|dolphin629|ballguy|1026
|gen|9
|tier|[Gen 9] VGC 2025 Reg H (Bo3)
|rated|
|rule|Species Clause: Limit one of each Pokémon
|rule|Item Clause: Limit 1 of each item
|clearpoke
|poke|p1|Oricorio-Sensu, L50, F|
|poke|p1|Volcarona, L50, F|
|poke|p1|Sylveon, L50, M|
|poke|p1|Murkrow, L50, M|
|poke|p1|Dragapult, L50, F|
|poke|p1|Baxcalibur, L50, M|
|poke|p2|Pelipper, L50, M|
|poke|p2|Palafin, L50, F|
|poke|p2|Amoonguss, L50, F|
|poke|p2|Gholdengo, L50|
|poke|p2|Incineroar, L50, M|
|poke|p2|Dragonite, L50, F|
|teampreview|4
|showteam|p1|Oricorio-Sensu||FocusSash|Dancer|QuiverDance,BatonPass,RevelationDance,Protect|||F|||50|,,,,,Fighting]Volcarona||SitrusBerry|FlameBody|QuiverDance,GigaDrain,FieryDance,Protect|||F|||50|,,,,,Grass]Sylveon||ChoiceScarf|Pixilate|HyperVoice,TeraBlast,StoredPower,SleepTalk|||M|||50|,,,,,Ground]Murkrow||Eviolite|Prankster|Tailwind,FoulPlay,Haze,FeatherDance|||M|||50|,,,,,Dark]Dragapult||CovertCloak|ClearBody|DragonCheer,DragonDarts,Protect,PhantomForce|||F|||50|,,,,,Stellar]Baxcalibur||LoadedDice|ThermalExchange|IcicleSpear,ScaleShot,GlaiveRush,Protect|||M|||50|,,,,,Grass
|showteam|p2|Pelipper||FocusSash|Drizzle|Hurricane,WeatherBall,Tailwind,Protect|||M|||50|,,,,,Stellar]Palafin||MysticWater|ZerotoHero|WaveCrash,JetPunch,Protect,FlipTurn|||F|||50|,,,,,Water]Amoonguss||SitrusBerry|Regenerator|Spore,SludgeBomb,RagePowder,Protect|||F|||50|,,,,,Water]Gholdengo||LifeOrb|GoodasGold|NastyPlot,MakeItRain,ShadowBall,Protect||||||50|,,,,,Water]Incineroar||SafetyGoggles|Intimidate|FakeOut,PartingShot,KnockOff,WillOWisp|||M|||50|,,,,,Ghost]Dragonite||LoadedDice|Multiscale|Tailwind,ScaleShot,Haze,Protect|||F|||50|,,,,,Fairy
|inactive|Battle timer is ON: inactive players will automatically lose when time's up. (requested by viatles)
|
|t:|1756241333
|teamsize|p1|4
|teamsize|p2|4
|start
|switch|p1a: Baxcalibur|Baxcalibur, L50, M|100/100
|switch|p1b: Volcarona|Volcarona, L50, F|100/100
|switch|p2a: Amoonguss|Amoonguss, L50, F|100/100
|switch|p2b: Pelipper|Pelipper, L50, M|100/100
|-weather|RainDance|[from] ability: Drizzle|[of] p2b: Pelipper
|turn|1
|
|t:|1756241356
|-terastallize|p2a: Amoonguss|Water
|move|p1a: Baxcalibur|Icicle Spear|p2a: Amoonguss
|-resisted|p2a: Amoonguss
|-damage|p2a: Amoonguss|95/100
|-resisted|p2a: Amoonguss
|-damage|p2a: Amoonguss|89/100
|-resisted|p2a: Amoonguss
|-damage|p2a: Amoonguss|83/100
|-resisted|p2a: Amoonguss
|-damage|p2a: Amoonguss|76/100
|-hitcount|p2a: Amoonguss|4
|move|p1b: Volcarona|Quiver Dance|p1b: Volcarona
|-boost|p1b: Volcarona|spa|1
|-boost|p1b: Volcarona|spd|1
|-boost|p1b: Volcarona|spe|1
|move|p2b: Pelipper|Hurricane|p1b: Volcarona
|-supereffective|p1b: Volcarona
|-damage|p1b: Volcarona|41/100
|-enditem|p1b: Volcarona|Sitrus Berry|[eat]
|-heal|p1b: Volcarona|65/100|[from] item: Sitrus Berry
|move|p2a: Amoonguss|Spore|p1a: Baxcalibur
|-status|p1a: Baxcalibur|slp|[from] move: Spore
|
|-weather|RainDance|[upkeep]
|upkeep
|turn|2
|inactive|dolphin629 has 30 seconds left.
|
|t:|1756241381
|-terastallize|p1b: Volcarona|Grass
|move|p2a: Amoonguss|Protect|p2a: Amoonguss
|-singleturn|p2a: Amoonguss|Protect
|move|p1b: Volcarona|Giga Drain|p2a: Amoonguss
|-activate|p2a: Amoonguss|move: Protect
|cant|p1a: Baxcalibur|slp
|move|p2b: Pelipper|Weather Ball|p1b: Volcarona
|-resisted|p1b: Volcarona
|-damage|p1b: Volcarona|48/100
|
|-weather|RainDance|[upkeep]
|upkeep
|turn|3
|
|t:|1756241404
|switch|p2a: Dragonite|Dragonite, L50, F|100/100
|move|p1b: Volcarona|Giga Drain|p2b: Pelipper
|-damage|p2b: Pelipper|3/100
|-heal|p1b: Volcarona|83/100|[from] drain|[of] p2b: Pelipper
|cant|p1a: Baxcalibur|slp
|move|p2b: Pelipper|Hurricane|p1b: Volcarona
|-supereffective|p1b: Volcarona
|-damage|p1b: Volcarona|29/100
|-start|p1b: Volcarona|confusion
|
|-weather|RainDance|[upkeep]
|upkeep
|turn|4
|
|t:|1756241424
|-activate|p1b: Volcarona|confusion
|-damage|p1b: Volcarona|24/100|[from] confusion
|-curestatus|p1a: Baxcalibur|slp|[msg]
|move|p1a: Baxcalibur|Scale Shot|p2a: Dragonite
|-supereffective|p2a: Dragonite
|-damage|p2a: Dragonite|84/100
|-supereffective|p2a: Dragonite
|-damage|p2a: Dragonite|54/100
|-supereffective|p2a: Dragonite
|-damage|p2a: Dragonite|22/100
|-supereffective|p2a: Dragonite
|-damage|p2a: Dragonite|0 fnt
|faint|p2a: Dragonite
|-hitcount|p2: Dragonite|4
|-unboost|p1a: Baxcalibur|def|1
|-boost|p1a: Baxcalibur|spe|1
|move|p2b: Pelipper|Hurricane|p1b: Volcarona
|-supereffective|p1b: Volcarona
|-damage|p1b: Volcarona|0 fnt
|faint|p1b: Volcarona
|
|-weather|RainDance|[upkeep]
|upkeep
|
|t:|1756241442
|switch|p1b: Sylveon|Sylveon, L50, M|100/100
|switch|p2a: Gholdengo|Gholdengo, L50|100/100
|turn|5
|inactive|viatles has 30 seconds left.
|
|t:|1756241475
|switch|p1b: Dragapult|Dragapult, L50, F|100/100
|move|p1a: Baxcalibur|Protect|p1a: Baxcalibur
|-singleturn|p1a: Baxcalibur|Protect
|move|p2a: Gholdengo|Make It Rain|p1a: Baxcalibur|[spread] p1b
|-activate|p1a: Baxcalibur|move: Protect
|-damage|p1b: Dragapult|21/100
|-unboost|p2a: Gholdengo|spa|1
|-damage|p2a: Gholdengo|91/100|[from] item: Life Orb
|move|p2b: Pelipper|Tailwind|p2b: Pelipper
|-sidestart|p2: dolphin629|move: Tailwind
|
|-weather|none
|upkeep
|turn|6
|
|t:|1756241494
|move|p2a: Gholdengo|Make It Rain|p1b: Dragapult|[spread] p1a,p1b
|-supereffective|p1a: Baxcalibur
|-damage|p1a: Baxcalibur|23/100
|-damage|p1b: Dragapult|0 fnt
|-unboost|p2a: Gholdengo|spa|1
|faint|p1b: Dragapult
|-damage|p2a: Gholdengo|82/100|[from] item: Life Orb
|move|p2b: Pelipper|Hurricane|p1a: Baxcalibur
|-damage|p1a: Baxcalibur|0 fnt
|faint|p1a: Baxcalibur
|
|upkeep
|
|t:|1756241506
|switch|p1b: Sylveon|Sylveon, L50, M|100/100
|turn|7
|c|☆viatles|ggs
|c|☆dolphin629|gg
|
|t:|1756241515
|switch|p2a: Amoonguss|Amoonguss, L50, F, tera:Water|100/100
|move|p2b: Pelipper|Hurricane|p1b: Sylveon
|-damage|p1b: Sylveon|63/100
|-start|p1b: Sylveon|confusion
|-activate|p1b: Sylveon|confusion
|-damage|p1b: Sylveon|54/100|[from] confusion
|
|upkeep
|turn|8
|
|t:|1756241525
|move|p2b: Pelipper|Hurricane|p1b: Sylveon|[miss]
|-miss|p2b: Pelipper|p1b: Sylveon
|-activate|p1b: Sylveon|confusion
|-damage|p1b: Sylveon|46/100|[from] confusion
|move|p2a: Amoonguss|Sludge Bomb|p1b: Sylveon
|-supereffective|p1b: Sylveon
|-damage|p1b: Sylveon|0 fnt
|faint|p1b: Sylveon
|
|win|dolphin629
|raw|viatles's rating: 1010 → 1000(-10 for losing)
|raw|dolphin629's rating: 1026 → 1060(+34 for winning)
|l|☆dolphin629
|player|p2|
