|j|Ōśålumiere215
|j|ŌśåSketchyseal3264
|html|lumiere215Sketchyseal3264    
|uhtml|bestof|Game 1 of a best-of-3
|t:|1782208641
|gametype|doubles
|player|p1|lumiere215|drayden|
|player|p2|Sketchyseal3264|1|
|gen|9
|tier|[Gen 9 Champions] VGC 2026 Reg M-B (Bo3)
|rule|Species Clause: Limit one of each Pok├®mon
|rule|Item Clause: Limit 1 of each item
|clearpoke
|poke|p1|Garchomp, L50, F|
|poke|p1|Staraptor, L50, F|
|poke|p1|Sinistcha, L50|
|poke|p1|Grimmsnarl, L50, M|
|poke|p1|Metagross, L50, shiny|
|poke|p1|Sneasler, L50, F|
|poke|p2|Pelipper, L50, M|
|poke|p2|Dragapult, L50, F|
|poke|p2|Sableye, L50, M|
|poke|p2|Archaludon, L50, F|
|poke|p2|Swampert, L50, M|
|poke|p2|Kangaskhan, L50, F|
|teampreview|4
|showteam|p1|Garchomp||LifeOrb|RoughSkin|DragonClaw,StompingTantrum,RockSlide,Protect|Jolly||F|||50|]Staraptor||Staraptite|Intimidate|CloseCombat,DualWingbeat,Roost,Protect|Jolly||F|||50|]Sinistcha||SitrusBerry|Hospitality|MatchaGotcha,RagePowder,LifeDew,StrengthSap|Bold|||||50|]Grimmsnarl||Leftovers|Prankster|ThroatChop,FakeOut,PartingShot,ScaryFace|Careful||M|||50|]Metagross||Metagrossite|ClearBody|IronHead,PsychicFangs,ThunderPunch,Protect|Jolly|||||50|]Sneasler||FocusSash|PoisonTouch|DireClaw,CloseCombat,Coaching,FakeOut|Jolly||F|||50|
|showteam|p2|Pelipper||SitrusBerry|Drizzle|Hurricane,WeatherBall,Tailwind,WideGuard|Modest||M|||50|]Dragapult||LifeOrb|ClearBody|DragonDarts,PsychicFangs,WillOWisp,PhantomForce|Adamant||F|||50|]Sableye||RoseliBerry|Prankster|FoulPlay,Encore,WillOWisp,RainDance|Calm||M|||50|]Archaludon||Leftovers|Stamina|ElectroShot,FlashCannon,Protect,DragonPulse|Modest||F|||50|]Swampert||Swampertite|Torrent|WaveCrash,HighHorsepower,Protect,IcePunch|Adamant||M|||50|]Kangaskhan||Kangaskhanite|Scrappy|FakeOut,LastResort|Jolly||F|||50|
|c|ŌśåSketchyseal3264|beat me to it
|j| frost1810
|c|Ōśålumiere215|I'm not gonna look at your team sheet
|c|ŌśåSketchyseal3264|oh shit
|c|ŌśåSketchyseal3264|i didnt even realise
|c|ŌśåSketchyseal3264|ill doi the sane
|c|ŌśåSketchyseal3264|same*
|
|t:|1782208727
|teamsize|p1|4
|teamsize|p2|4
|start
|switch|p1a: Crankpunk|Metagross, L50, shiny|100/100
|switch|p1b: Victorix|Sneasler, L50, F|100/100
|switch|p2a: Kangaskhan|Kangaskhan, L50, F|100/100
|switch|p2b: Sableye|Sableye, L50, M|100/100
|turn|1
|
|t:|1782208775
|detailschange|p1a: Crankpunk|Metagross-Mega, L50, shiny
|-mega|p1a: Crankpunk|Metagross|Metagrossite
|move|p1b: Victorix|Fake Out|p2a: Kangaskhan
|-crit|p2a: Kangaskhan
|-damage|p2a: Kangaskhan|76/100
|cant|p2a: Kangaskhan|flinch
|move|p2b: Sableye|Will-O-Wisp|p1a: Crankpunk
|-status|p1a: Crankpunk|brn
|move|p1a: Crankpunk|Iron Head|p2b: Sableye
|-damage|p2b: Sableye|63/100
|
|-damage|p1a: Crankpunk|94/100 brn|[from] brn
|upkeep
|turn|2
|c|ŌśåSketchyseal3264|Im still trying to fill my 6th slot, kangas my current choice
|c|Ōśålumiere215|Oh wait it tells you the moves if you mouse over the pokemon :/
|
|t:|1782208828
|switch|p2a: Swampert|Swampert, L50, M|100/100
|move|p2b: Sableye|Encore|p1b: Victorix
|-start|p1b: Victorix|Encore
|move|p1b: Victorix|Fake Out||[still]
|-hint|Fake Out only works on your first turn out.
|-fail|p1b: Victorix
|move|p1a: Crankpunk|Psychic Fangs|p2a: Swampert
|-damage|p2a: Swampert|69/100
|
|-damage|p1a: Crankpunk|88/100 brn|[from] brn
|upkeep
|turn|3
|c|ŌśåSketchyseal3264|wait thats a thing?
|c|ŌśåSketchyseal3264|ive never noticed
|c|Ōśålumiere215|Must be an open sheet thing
|
|t:|1782208852
|switch|p1b: Uncle|Sinistcha, L50|100/100
|-heal|p1a: Crankpunk|100/100 brn|[from] ability: Hospitality|[of] p1b: Uncle
|detailschange|p2a: Swampert|Swampert-Mega, L50, M
|-mega|p2a: Swampert|Swampert|Swampertite
|move|p1a: Crankpunk|Protect|p1a: Crankpunk
|-singleturn|p1a: Crankpunk|Protect
|move|p2b: Sableye|Rain Dance|p2b: Sableye
|-weather|RainDance
|move|p2a: Swampert|High Horsepower|p1a: Crankpunk
|-activate|p1a: Crankpunk|move: Protect
|
|-weather|RainDance|[upkeep]
|-damage|p1a: Crankpunk|94/100 brn|[from] brn
|upkeep
|turn|4
|
|t:|1782208876
|switch|p1a: Beachgirl|Garchomp, L50, F|100/100
|move|p2b: Sableye|Encore||[still]
|-fail|p2b: Sableye
|move|p2a: Swampert|High Horsepower|p1a: Beachgirl
|-damage|p1a: Beachgirl|35/100
|-damage|p2a: Swampert|57/100|[from] ability: Rough Skin|[of] p1a: Beachgirl
|move|p1b: Uncle|Matcha Gotcha|p2b: Sableye|[spread] p2a,p2b
|-supereffective|p2a: Swampert|2
|-damage|p2a: Swampert|0 fnt
|-damage|p2b: Sableye|38/100
|faint|p2a: Swampert
|
|-weather|RainDance|[upkeep]
|upkeep
|
|t:|1782208884
|switch|p2a: Archaludon|Archaludon, L50, F|100/100
|turn|5
|j| SoupForSale
|
|t:|1782208908
|move|p1b: Uncle|Rage Powder|p1b: Uncle
|-singleturn|p1b: Uncle|move: Rage Powder
|move|p2b: Sableye|Will-O-Wisp|p1b: Uncle
|-status|p1b: Uncle|brn
|move|p1a: Beachgirl|Stomping Tantrum|p2a: Archaludon
|-supereffective|p2a: Archaludon|1
|-damage|p2a: Archaludon|26/100
|-ability|p2a: Archaludon|Stamina|boost
|-boost|p2a: Archaludon|def|1
|-damage|p1a: Beachgirl|25/100|[from] item: Life Orb
|move|p2a: Archaludon|Electro Shot||[still]
|-prepare|p2a: Archaludon|Electro Shot
|-boost|p2a: Archaludon|spa|1
|-anim|p2a: Archaludon|Electro Shot|p1b: Uncle
|-resisted|p1b: Uncle|1
|-damage|p1b: Uncle|69/100 brn
|
|-weather|RainDance|[upkeep]
|-heal|p2a: Archaludon|32/100|[from] item: Leftovers
|-damage|p1b: Uncle|62/100 brn|[from] brn
|upkeep
|turn|6
|
|t:|1782208941
|move|p2a: Archaludon|Protect|p2a: Archaludon
|-singleturn|p2a: Archaludon|Protect
|move|p1b: Uncle|Rage Powder|p1b: Uncle
|-singleturn|p1b: Uncle|move: Rage Powder
|move|p1a: Beachgirl|Stomping Tantrum|p2b: Sableye
|-damage|p2b: Sableye|0 fnt
|faint|p2b: Sableye
|-damage|p1a: Beachgirl|15/100|[from] item: Life Orb
|
|-weather|RainDance|[upkeep]
|-heal|p2a: Archaludon|38/100|[from] item: Leftovers
|-damage|p1b: Uncle|56/100 brn|[from] brn
|upkeep
|
|t:|1782208947
|switch|p2b: Kangaskhan|Kangaskhan, L50, F|76/100
|turn|7
|
|t:|1782208959
|move|p1a: Beachgirl|Protect|p1a: Beachgirl
|-singleturn|p1a: Beachgirl|Protect
|move|p2b: Kangaskhan|Fake Out|p1a: Beachgirl
|-activate|p1a: Beachgirl|move: Protect
|move|p2a: Archaludon|Electro Shot||[still]
|-prepare|p2a: Archaludon|Electro Shot
|-boost|p2a: Archaludon|spa|1
|-anim|p2a: Archaludon|Electro Shot|p1b: Uncle
|-resisted|p1b: Uncle|1
|-damage|p1b: Uncle|21/100 brn
|-enditem|p1b: Uncle|Sitrus Berry|[eat]
|-heal|p1b: Uncle|46/100 brn|[from] item: Sitrus Berry
|move|p1b: Uncle|Life Dew|p1b: Uncle|[spread] p1a,p1b
|-heal|p1a: Beachgirl|40/100
|-heal|p1b: Uncle|71/100 brn
|
|-weather|none
|-heal|p2a: Archaludon|44/100|[from] item: Leftovers
|-damage|p1b: Uncle|65/100 brn|[from] brn
|upkeep
|turn|8
|l| frost1810
|
|t:|1782208987
|move|p1b: Uncle|Rage Powder|p1b: Uncle
|-singleturn|p1b: Uncle|move: Rage Powder
|move|p1a: Beachgirl|Dragon Claw|p2b: Kangaskhan
|-damage|p2b: Kangaskhan|15/100
|-damage|p1a: Beachgirl|31/100|[from] item: Life Orb
|move|p2b: Kangaskhan|Last Resort|p1b: Uncle
|-damage|p1b: Uncle|14/100 brn
|move|p2a: Archaludon|Dragon Pulse|p1b: Uncle
|-damage|p1b: Uncle|0 fnt
|faint|p1b: Uncle
|
|-heal|p2a: Archaludon|51/100|[from] item: Leftovers
|upkeep
|
|t:|1782209003
|switch|p1b: Victorix|Sneasler, L50, F|100/100
|turn|9
|c|ŌśåSketchyseal3264|ggs
|
|t:|1782209016
|move|p1b: Victorix|Fake Out|p2a: Archaludon
|-resisted|p2a: Archaludon|1
|-damage|p2a: Archaludon|47/100
|-ability|p2a: Archaludon|Stamina|boost
|-boost|p2a: Archaludon|def|1
|move|p1a: Beachgirl|Dragon Claw|p2b: Kangaskhan
|-damage|p2b: Kangaskhan|0 fnt
|faint|p2b: Kangaskhan
|-damage|p1a: Beachgirl|21/100|[from] item: Life Orb
|cant|p2a: Archaludon|flinch
|
|-heal|p2a: Archaludon|54/100|[from] item: Leftovers
|upkeep
|turn|10
|
|t:|1782209031
|move|p1b: Victorix|Close Combat|p2a: Archaludon
|-supereffective|p2a: Archaludon|1
|-damage|p2a: Archaludon|6/100
|-unboost|p1b: Victorix|def|1
|-unboost|p1b: Victorix|spd|1
|-ability|p2a: Archaludon|Stamina|boost
|-boost|p2a: Archaludon|def|1
|move|p1a: Beachgirl|Stomping Tantrum|p2a: Archaludon
|-supereffective|p2a: Archaludon|1
|-damage|p2a: Archaludon|0 fnt
|faint|p2a: Archaludon
|-damage|p1a: Beachgirl|11/100|[from] item: Life Orb
|
|win|lumiere215
|c|Ōśålumiere215|gg
||Sketchyseal3264 is ready for game 2.
|inactive|lumiere215 has 30 seconds to confirm battle start!
||lumiere215 is ready for game 2.
|uhtml|next|Next: Game 2 of 3
|l| SoupForSale
|l|ŌśåSketchyseal3264
|player|p2|
