|j|☆reshiee
|j|☆Passevgc
|html|reshieePassevgc    
|uhtml|bestof|Game 2 of a best-of-3
|t:|1784812442
|gametype|doubles
|player|p1|reshiee|gwynn|1147
|player|p2|Passevgc|170|1287
|gen|9
|tier|[Gen 9 Champions] VGC 2026 Reg M-B (Bo3)
|rated|
|rule|Species Clause: Limit one of each Pokémon
|rule|Item Clause: Limit 1 of each item
|clearpoke
|poke|p1|Charizard, L50, M|
|poke|p1|Venusaur, L50, F|
|poke|p1|Pelipper, L50, F|
|poke|p1|Grimmsnarl, L50, M|
|poke|p1|Basculegion, L50, M|
|poke|p1|Archaludon, L50, M|
|poke|p2|Blastoise, L50, F|
|poke|p2|Sinistcha, L50|
|poke|p2|Sneasler, L50, F|
|poke|p2|Gholdengo, L50|
|poke|p2|Delphox, L50, F|
|poke|p2|Incineroar, L50, M|
|teampreview|4
|showteam|p1|Charizard||CharizarditeY|Blaze|HeatWave,WeatherBall,SolarBeam,Protect|Modest||M|||50|]Venusaur||FocusSash|Chlorophyll|SludgeBomb,EarthPower,SleepPowder,Protect|Modest||F|||50|]Pelipper||SitrusBerry|Drizzle|Hurricane,WeatherBall,Tailwind,WideGuard|Modest||F|||50|]Grimmsnarl||LightClay|Prankster|SpiritBreak,Reflect,LightScreen,PartingShot|Sassy||M|||50|]Basculegion||ChoiceScarf|Adaptability|WaveCrash,LastRespects,FlipTurn,AquaJet|Jolly||M|||50|]Archaludon||Leftovers|Stamina|DragonPulse,FlashCannon,ElectroShot,Protect|Calm||M|||50|
|showteam|p2|Blastoise||Blastoisinite|RainDish|DarkPulse,ShellSmash,WaterSpout,Protect|Modest||F|||50|]Sinistcha||KasibBerry|Hospitality|Protect,TrickRoom,RagePowder,MatchaGotcha|Calm|||||50|]Sneasler||FocusSash|PoisonTouch|FakeOut,PoisonJab,CloseCombat,QuickGuard|Jolly||F|||50|]Gholdengo||LifeOrb|GoodasGold|MakeItRain,ShadowBall,Protect,PowerGem|Timid|||||50|]Delphox||Delphoxite|Blaze|Psychic,HeatWave,NastyPlot,Protect|Modest||F|||50|]Incineroar||ShucaBerry|Intimidate|FakeOut,FlareBlitz,Taunt,PartingShot|Impish||M|||50|
|inactive|Battle timer is ON: inactive players will automatically lose when time's up. (requested by Passevgc)
|inactive|Passevgc has 60 seconds left.
|
|t:|1784812478
|teamsize|p1|4
|teamsize|p2|4
|start
|switch|p1a: Venusaur|Venusaur, L50, F|100/100
|switch|p1b: Charizard|Charizard, L50, M|100/100
|switch|p2a: Delphox|Delphox, L50, F|100/100
|switch|p2b: Incineroar|Incineroar, L50, M|100/100
|-ability|p2b: Incineroar|Intimidate|boost
|-unboost|p1a: Venusaur|atk|1
|-unboost|p1b: Charizard|atk|1
|turn|1
|inactive|reshiee has 30 seconds left.
|
|t:|1784812504
|detailschange|p2a: Delphox|Delphox-Mega, L50, F
|-mega|p2a: Delphox|Delphox|Delphoxite
|detailschange|p1b: Charizard|Charizard-Mega-Y, L50, M
|-mega|p1b: Charizard|Charizard|Charizardite Y
|-weather|SunnyDay|[from] ability: Drought|[of] p1b: Charizard
|move|p2b: Incineroar|Fake Out|p1a: Venusaur
|-damage|p1a: Venusaur|85/100
|cant|p1a: Venusaur|flinch
|move|p2a: Delphox|Nasty Plot|p2a: Delphox
|-boost|p2a: Delphox|spa|2
|move|p1b: Charizard|Heat Wave|p2a: Delphox|[spread] p2a,p2b
|-resisted|p2a: Delphox|1
|-crit|p2a: Delphox
|-resisted|p2b: Incineroar|1
|-damage|p2a: Delphox|62/100
|-damage|p2b: Incineroar|73/100
|
|-weather|SunnyDay|[upkeep]
|upkeep
|turn|2
|inactive|reshiee has 30 seconds left.
|
|t:|1784812535
|switch|p1a: Pelipper|Pelipper, L50, F|100/100
|-weather|RainDance|[from] ability: Drizzle|[of] p1a: Pelipper
|move|p2a: Delphox|Protect|p2a: Delphox
|-singleturn|p2a: Delphox|Protect
|move|p1b: Charizard|Weather Ball|p2b: Incineroar
|-supereffective|p2b: Incineroar|1
|-damage|p2b: Incineroar|0 fnt
|faint|p2b: Incineroar
|
|-weather|RainDance|[upkeep]
|upkeep
|
|t:|1784812546
|switch|p2b: Sneasler|Sneasler, L50, F|100/100
|turn|3
|
|t:|1784812569
|move|p2b: Sneasler|Fake Out|p1b: Charizard
|-damage|p1b: Charizard|86/100
|move|p2a: Delphox|Psychic|p1a: Pelipper
|-damage|p1a: Pelipper|0 fnt
|faint|p1a: Pelipper
|cant|p1b: Charizard|flinch
|
|-weather|RainDance|[upkeep]
|upkeep
|
|t:|1784812578
|switch|p1a: Basculegion|Basculegion, L50, M|100/100
|turn|4
|inactive|reshiee has 30 seconds left.
|
|t:|1784812608
|switch|p2b: Sinistcha|Sinistcha, L50|100/100
|-heal|p2a: Delphox|87/100|[from] ability: Hospitality|[of] p2b: Sinistcha
|move|p2a: Delphox|Protect|p2a: Delphox
|-singleturn|p2a: Delphox|Protect
|move|p1a: Basculegion|Aqua Jet|p2b: Sinistcha
|-resisted|p2b: Sinistcha|1
|-damage|p2b: Sinistcha|85/100
|move|p1b: Charizard|Heat Wave|p2a: Delphox|[spread] p2b
|-activate|p2a: Delphox|move: Protect
|-supereffective|p2b: Sinistcha|1
|-damage|p2b: Sinistcha|51/100
|
|-weather|RainDance|[upkeep]
|upkeep
|turn|5
|inactive|reshiee has 30 seconds left.
|inactive|reshiee has 20 seconds left.
|inactive|reshiee has 15 seconds left.
|
|t:|1784812651
|switch|p1a: Venusaur|Venusaur, L50, F|85/100
|move|p2b: Sinistcha|Rage Powder|p2b: Sinistcha
|-singleturn|p2b: Sinistcha|move: Rage Powder
|move|p2a: Delphox|Psychic|p1a: Venusaur
|-supereffective|p1a: Venusaur|1
|-damage|p1a: Venusaur|0 fnt
|faint|p1a: Venusaur
|move|p1b: Charizard|Heat Wave|p2a: Delphox|[spread] p2a,p2b
|-resisted|p2a: Delphox|1
|-supereffective|p2b: Sinistcha|1
|-damage|p2a: Delphox|78/100
|-damage|p2b: Sinistcha|13/100
|
|-weather|RainDance|[upkeep]
|upkeep
|
|t:|1784812663
|switch|p1a: Basculegion|Basculegion, L50, M|100/100
|turn|6
|
|t:|1784812679
|move|p2b: Sinistcha|Rage Powder|p2b: Sinistcha
|-singleturn|p2b: Sinistcha|move: Rage Powder
|move|p1a: Basculegion|Last Respects|p2b: Sinistcha
|-supereffective|p2b: Sinistcha|1
|-enditem|p2b: Sinistcha|Kasib Berry|[eat]
|-enditem|p2b: Sinistcha|Kasib Berry|[weaken]
|-damage|p2b: Sinistcha|0 fnt
|faint|p2b: Sinistcha
|move|p2a: Delphox|Psychic|p1a: Basculegion
|-damage|p1a: Basculegion|0 fnt
|faint|p1a: Basculegion
|move|p1b: Charizard|Heat Wave|p2a: Delphox
|-resisted|p2a: Delphox|1
|-damage|p2a: Delphox|65/100
|
|-weather|none
|upkeep
|
|t:|1784812693
|switch|p2b: Sneasler|Sneasler, L50, F|100/100
|turn|7
|
|t:|1784812698
|move|p1b: Charizard|Protect|p1b: Charizard
|-singleturn|p1b: Charizard|Protect
|move|p2b: Sneasler|Fake Out|p1b: Charizard
|-activate|p1b: Charizard|move: Protect
|move|p2a: Delphox|Psychic|p1b: Charizard
|-activate|p1b: Charizard|move: Protect
|
|upkeep
|turn|8
|
|t:|1784812707
|move|p2a: Delphox|Protect|p2a: Delphox
|-singleturn|p2a: Delphox|Protect
|move|p2b: Sneasler|Poison Jab|p1b: Charizard
|-damage|p1b: Charizard|47/100
|-status|p1b: Charizard|psn
|move|p1b: Charizard|Heat Wave|p2b: Sneasler|[spread] p2b
|-activate|p2a: Delphox|move: Protect
|-damage|p2b: Sneasler|42/100
|
|-damage|p1b: Charizard|35/100 psn|[from] psn
|upkeep
|turn|9
|
|t:|1784812722
|move|p2a: Delphox|Protect||[still]
|-fail|p2a: Delphox
|move|p2b: Sneasler|Poison Jab|p1b: Charizard
|-damage|p1b: Charizard|0 fnt
|faint|p1b: Charizard
|
|win|Passevgc
|raw|reshiee's rating: 1147 → 1132(-15 for losing)
|raw|Passevgc's rating: 1287 → 1302(+15 for winning)
|c|☆reshiee|gg
