|j|☆magicalarcher57
|j|☆scottyb04
|html|magicalarcher57scottyb04    
|uhtml|bestof|Game 3 of a best-of-3
|t:|1784558820
|gametype|doubles
|player|p1|magicalarcher57|diantha|1332
|player|p2|scottyb04|169|1245
|gen|9
|tier|[Gen 9 Champions] VGC 2026 Reg M-B (Bo3)
|rated|
|rule|Species Clause: Limit one of each Pokémon
|rule|Item Clause: Limit 1 of each item
|clearpoke
|poke|p1|Delphox, L50, F|
|poke|p1|Sneasler, L50, M|
|poke|p1|Garchomp, L50, M|
|poke|p1|Maushold, L50|
|poke|p1|Kingambit, L50, F|
|poke|p1|Whimsicott, L50, F|
|poke|p2|Raichu, L50, F|
|poke|p2|Gyarados, L50, M|
|poke|p2|Mamoswine, L50, F|
|poke|p2|Ceruledge, L50, M|
|poke|p2|Clefable, L50, M|
|poke|p2|Kingambit, L50, M|
|teampreview|4
|showteam|p1|Delphox||Delphoxite|Blaze|HeatWave,Psyshock,NastyPlot,Protect|Timid||F|||50|]Sneasler||WhiteHerb|Unburden|FakeOut,DireClaw,CloseCombat,Protect|Adamant||M|||50|]Garchomp||LifeOrb|RoughSkin|Earthquake,DragonClaw,StompingTantrum,Protect|Jolly||M|||50|]Maushold||ChopleBerry|FriendGuard|FollowMe,Taunt,Feint,Protect|Jolly|||||50|]Kingambit||BlackGlasses|Defiant|IronHead,KowtowCleave,SuckerPunch,Protect|Adamant||F|||50|]Whimsicott||FocusSash|Prankster|Tailwind,Moonblast,Encore,Protect|Timid||F|||50|
|showteam|p2|Raichu||RaichuniteY|LightningRod|ZapCannon,FocusBlast,FakeOut,Protect|Timid||F|||50|]Gyarados||Gyaradosite|Intimidate|Waterfall,PowerWhip,DragonDance,Protect|Adamant||M|||50|]Mamoswine||LifeOrb|Oblivious|HighHorsepower,IceShard,IcicleCrash,Protect|Jolly||F|||50|]Ceruledge||ColburBerry|FlashFire|BitterBlade,ShadowSneak,BulkUp,Protect|Adamant||M|||50|]Clefable||SitrusBerry|Unaware|Moonblast,FollowMe,HelpingHand,Protect|Bold||M|||50|]Kingambit||FocusSash|Defiant|IronHead,KowtowCleave,SuckerPunch,LowKick|Adamant||M|||50|
|inactive|Battle timer is ON: inactive players will automatically lose when time's up. (requested by magicalarcher57)
|j| we_are_toasted
|
|t:|1784558839
|teamsize|p1|4
|teamsize|p2|4
|start
|switch|p1a: Maushold|Maushold, L50|100/100
|switch|p1b: Delphox|Delphox, L50, F|100/100
|switch|p2a: Raichu|Raichu, L50, F|100/100
|switch|p2b: Mamoswine|Mamoswine, L50, F|100/100
|turn|1
|inactive|magicalarcher57 has 30 seconds left.
|inactive|scottyb04 has 30 seconds left.
|
|t:|1784558873
|detailschange|p1b: Delphox|Delphox-Mega, L50, F
|-mega|p1b: Delphox|Delphox|Delphoxite
|detailschange|p2a: Raichu|Raichu-Mega-Y, L50, F
|-mega|p2a: Raichu|Raichu|Raichunite Y
|move|p1b: Delphox|Protect|p1b: Delphox
|-singleturn|p1b: Delphox|Protect
|move|p1a: Maushold|Protect|p1a: Maushold
|-singleturn|p1a: Maushold|Protect
|move|p2a: Raichu|Zap Cannon|p1b: Delphox
|-activate|p1b: Delphox|move: Protect
|move|p2b: Mamoswine|Icicle Crash|p1a: Maushold
|-activate|p1a: Maushold|move: Protect
|
|upkeep
|turn|2
|
|t:|1784558886
|switch|p2b: Ceruledge|Ceruledge, L50, M|100/100
|move|p1a: Maushold|Follow Me|p1a: Maushold
|-singleturn|p1a: Maushold|move: Follow Me
|move|p1b: Delphox|Nasty Plot|p1b: Delphox
|-boost|p1b: Delphox|spa|2
|move|p2a: Raichu|Zap Cannon|p1a: Maushold
|-damage|p1a: Maushold|28/100
|-status|p1a: Maushold|par
|
|upkeep
|turn|3
|inactive|magicalarcher57 has 30 seconds left.
|inactive|magicalarcher57 has 20 seconds left.
|
|t:|1784558925
|move|p1a: Maushold|Follow Me|p1a: Maushold
|-singleturn|p1a: Maushold|move: Follow Me
|move|p1b: Delphox|Psyshock|p2b: Ceruledge
|-damage|p2b: Ceruledge|1/100
|move|p2a: Raichu|Zap Cannon|p1a: Maushold
|-damage|p1a: Maushold|0 fnt
|faint|p1a: Maushold
|move|p2b: Ceruledge|Bitter Blade|p1b: Delphox
|-resisted|p1b: Delphox|1
|-damage|p1b: Delphox|69/100
|-heal|p2b: Ceruledge|16/100|[from] drain|[of] p1b: Delphox
|
|upkeep
|
|t:|1784558931
|switch|p1a: Garchomp|Garchomp, L50, M|100/100
|turn|4
|
|t:|1784558941
|move|p1b: Delphox|Protect|p1b: Delphox
|-singleturn|p1b: Delphox|Protect
|move|p2a: Raichu|Protect|p2a: Raichu
|-singleturn|p2a: Raichu|Protect
|move|p2b: Ceruledge|Shadow Sneak|p1b: Delphox
|-activate|p1b: Delphox|move: Protect
|move|p1a: Garchomp|Earthquake|p2b: Ceruledge|[spread] p2b
|-activate|p1b: Delphox|move: Protect
|-activate|p2a: Raichu|move: Protect
|-supereffective|p2b: Ceruledge|1
|-damage|p2b: Ceruledge|0 fnt
|faint|p2b: Ceruledge
|-damage|p1a: Garchomp|90/100|[from] item: Life Orb
|
|upkeep
|
|t:|1784558954
|switch|p2b: Mamoswine|Mamoswine, L50, F|100/100
|turn|5
|
|t:|1784558971
|switch|p2a: Kingambit|Kingambit, L50, M|100/100
|move|p2b: Mamoswine|Protect|p2b: Mamoswine
|-singleturn|p2b: Mamoswine|Protect
|move|p1b: Delphox|Heat Wave|p2a: Kingambit|[spread] p2a
|-activate|p2b: Mamoswine|move: Protect
|-supereffective|p2a: Kingambit|1
|-enditem|p2a: Kingambit|Focus Sash
|-damage|p2a: Kingambit|1/100
|move|p1a: Garchomp|Earthquake|p2b: Mamoswine|[spread] p2a
|-activate|p2b: Mamoswine|move: Protect
|-immune|p1b: Delphox|[from] ability: Levitate
|-supereffective|p2a: Kingambit|1
|-damage|p2a: Kingambit|0 fnt
|faint|p2a: Kingambit
|-damage|p1a: Garchomp|80/100|[from] item: Life Orb
|
|upkeep
|
|t:|1784558987
|switch|p2a: Raichu|Raichu-Mega-Y, L50, F|100/100
|turn|6
|inactive|magicalarcher57 has 30 seconds left.
|
|t:|1784559014
|move|p1b: Delphox|Protect|p1b: Delphox
|-singleturn|p1b: Delphox|Protect
|move|p2a: Raichu|Fake Out|p1b: Delphox
|-activate|p1b: Delphox|move: Protect
|move|p2b: Mamoswine|Ice Shard|p1a: Garchomp
|-supereffective|p1a: Garchomp|2
|-damage|p1a: Garchomp|0 fnt
|faint|p1a: Garchomp
|-damage|p2b: Mamoswine|90/100|[from] item: Life Orb
|
|upkeep
|
|t:|1784559021
|switch|p1a: Sneasler|Sneasler, L50, M|100/100
|turn|7
|
|t:|1784559029
|move|p2b: Mamoswine|Protect|p2b: Mamoswine
|-singleturn|p2b: Mamoswine|Protect
|move|p1a: Sneasler|Fake Out|p2a: Raichu
|-damage|p2a: Raichu|79/100
|move|p1b: Delphox|Heat Wave|p2b: Mamoswine|[spread] p2a
|-activate|p2b: Mamoswine|move: Protect
|-damage|p2a: Raichu|0 fnt
|faint|p2a: Raichu
|
|upkeep
|turn|8
|c|☆scottyb04|gg
|l|☆scottyb04
|inactive|scottyb04 disconnected and has a minute to reconnect!
|player|p2|
|inactive|scottyb04 has 30 seconds left.
|inactive|scottyb04 has 20 seconds left.
|inactive|scottyb04 has 15 seconds left.
|inactive|scottyb04 has 10 seconds left.
|inactive|scottyb04 has 5 seconds left.
|-message|scottyb04 lost due to inactivity.
|
|win|magicalarcher57
|raw|magicalarcher57's rating: 1332 → 1347(+15 for winning)
|raw|scottyb04's rating: 1245 → 1226(-19 for losing)
