|j|☆tuckerj752
|j|☆Kylliza
|html|tuckerj752Kylliza    
|uhtml|bestof|Game 3 of a best-of-3
|t:|1782338105
|gametype|doubles
|player|p1|tuckerj752|265|1069
|player|p2|Kylliza|265|1100
|gen|9
|tier|[Gen 9 Champions] VGC 2026 Reg M-B (Bo3)
|rated|
|rule|Species Clause: Limit one of each Pokémon
|rule|Item Clause: Limit 1 of each item
|clearpoke
|poke|p1|Archaludon, L50, M|
|poke|p1|Incineroar, L50, M|
|poke|p1|Floette-Eternal, L50, F|
|poke|p1|Pelipper, L50, M|
|poke|p1|Swampert, L50, M|
|poke|p1|Grimmsnarl, L50, M|
|poke|p2|Blaziken, L50, M|
|poke|p2|Whimsicott, L50, M|
|poke|p2|Incineroar, L50, M|
|poke|p2|Sylveon, L50, M|
|poke|p2|Basculegion, L50, M|
|poke|p2|Froslass, L50, F|
|teampreview|4
|showteam|p1|Archaludon||Leftovers|Stamina|ElectroShot,DracoMeteor,Protect,FlashCannon|Quiet||M|||50|]Incineroar||SitrusBerry|Intimidate|FakeOut,PartingShot,DarkestLariat,FlareBlitz|Adamant||M|||50|]Floette-Eternal||Floettite|FlowerVeil|CalmMind,Psychic,Moonblast,Protect|Quiet||F|||50|]Pelipper||FocusSash|Drizzle|Protect,MuddyWater,Hurricane,Tailwind|Timid||M|||50|]Swampert||Swampertite|Torrent|Earthquake,IcePunch,Liquidation,Protect|Adamant||M|||50|]Grimmsnarl||LightClay|Prankster|LightScreen,Reflect,SpiritBreak,PartingShot|Careful||M|||50|
|showteam|p2|Blaziken||Blazikenite|SpeedBoost|FlareBlitz,CloseCombat,RockSlide,Protect|Adamant||M|||50|]Whimsicott||FocusSash|Prankster|Moonblast,Tailwind,Encore,Protect|Timid||M|||50|]Incineroar||SitrusBerry|Intimidate|FakeOut,FlareBlitz,ThroatChop,PartingShot|Careful||M|||50|]Sylveon||FairyFeather|Pixilate|HyperVoice,HyperBeam,QuickAttack,Protect|Modest||M|||50|]Basculegion||ChoiceScarf|Adaptability|WaveCrash,LastRespects,AquaJet,FlipTurn|Jolly||M|||50|]Froslass||Froslassite|CursedBody|Blizzard,ShadowBall,AuroraVeil,Protect|Timid||F|||50|
|inactive|Battle timer is ON: inactive players will automatically lose when time's up. (requested by Kylliza)
|inactive|Kylliza has 60 seconds left.
|
|t:|1782338142
|teamsize|p1|4
|teamsize|p2|4
|start
|switch|p1a: Grimmsnarl|Grimmsnarl, L50, M|100/100
|switch|p1b: Archaludon|Archaludon, L50, M|100/100
|switch|p2a: Basculegion|Basculegion, L50, M|100/100
|switch|p2b: Froslass|Froslass, L50, F|100/100
|turn|1
|
|t:|1782338157
|detailschange|p2b: Froslass|Froslass-Mega, L50, F
|-mega|p2b: Froslass|Froslass|Froslassite
|-weather|Snowscape|[from] ability: Snow Warning|[of] p2b: Froslass
|move|p1a: Grimmsnarl|Light Screen|p1a: Grimmsnarl
|-sidestart|p1: tuckerj752|move: Light Screen
|move|p2a: Basculegion|Flip Turn|p1a: Grimmsnarl
|-damage|p1a: Grimmsnarl|61/100
|
|t:|1782338166
|switch|p2a: Sylveon|Sylveon, L50, M|100/100|[from] Flip Turn
|move|p2b: Froslass|Aurora Veil|p2b: Froslass
|-sidestart|p2: Kylliza|move: Aurora Veil
|move|p1b: Archaludon|Flash Cannon|p2b: Froslass
|-supereffective|p2b: Froslass|1
|-damage|p2b: Froslass|36/100
|
|-weather|Snowscape|[upkeep]
|upkeep
|turn|2
|
|t:|1782338186
|switch|p1a: Pelipper|Pelipper, L50, M|100/100
|-weather|RainDance|[from] ability: Drizzle|[of] p1a: Pelipper
|move|p2b: Froslass|Protect|p2b: Froslass
|-singleturn|p2b: Froslass|Protect
|move|p1b: Archaludon|Electro Shot||[still]
|-prepare|p1b: Archaludon|Electro Shot
|-boost|p1b: Archaludon|spa|1
|-anim|p1b: Archaludon|Electro Shot|p2a: Sylveon
|-damage|p2a: Sylveon|59/100
|move|p2a: Sylveon|Hyper Voice|p1a: Pelipper|[spread] p1a,p1b
|-damage|p1a: Pelipper|44/100
|-damage|p1b: Archaludon|53/100
|-ability|p1b: Archaludon|Stamina|boost
|-boost|p1b: Archaludon|def|1
|
|-weather|RainDance|[upkeep]
|-heal|p1b: Archaludon|59/100|[from] item: Leftovers
|upkeep
|turn|3
|inactive|Kylliza has 30 seconds left.
|
|t:|1782338216
|move|p2b: Froslass|Blizzard|p1a: Pelipper|[spread] p1a,p1b
|-damage|p1a: Pelipper|0 fnt
|-damage|p1b: Archaludon|15/100
|-ability|p1b: Archaludon|Stamina|boost
|-boost|p1b: Archaludon|def|1
|faint|p1a: Pelipper
|move|p1b: Archaludon|Flash Cannon|p2a: Sylveon
|-supereffective|p2a: Sylveon|1
|-damage|p2a: Sylveon|0 fnt
|faint|p2a: Sylveon
|
|-weather|RainDance|[upkeep]
|-heal|p1b: Archaludon|21/100|[from] item: Leftovers
|upkeep
|
|t:|1782338230
|switch|p1a: Grimmsnarl|Grimmsnarl, L50, M|61/100
|switch|p2a: Incineroar|Incineroar, L50, M|100/100
|-ability|p2a: Incineroar|Intimidate|boost
|-unboost|p1a: Grimmsnarl|atk|1
|-unboost|p1b: Archaludon|atk|1
|turn|4
|
|t:|1782338242
|move|p2a: Incineroar|Fake Out|p1a: Grimmsnarl
|-damage|p1a: Grimmsnarl|50/100y
|cant|p1a: Grimmsnarl|flinch
|move|p2b: Froslass|Blizzard|p1b: Archaludon|[spread] p1b
|-miss|p2b: Froslass|p1a: Grimmsnarl
|-damage|p1b: Archaludon|0 fnt
|faint|p1b: Archaludon
|
|-weather|RainDance|[upkeep]
|upkeep
|
|t:|1782338251
|switch|p1b: Floette|Floette-Eternal, L50, F|100/100
|turn|5
|
|t:|1782338272
|switch|p2b: Basculegion|Basculegion, L50, M|100/100
|detailschange|p1b: Floette|Floette-Mega, L50, F
|-mega|p1b: Floette|Floette|Floettite
|-ability|p1b: Floette|Fairy Aura
|move|p1b: Floette|Calm Mind|p1b: Floette
|-boost|p1b: Floette|spa|1
|-boost|p1b: Floette|spd|1
|move|p1a: Grimmsnarl|Spirit Break|p2b: Basculegion
|-damage|p2b: Basculegion|78/100
|-unboost|p2b: Basculegion|spa|1
|move|p2a: Incineroar|Parting Shot|p1b: Floette
|-unboost|p1b: Floette|atk|1
|-unboost|p1b: Floette|spa|1
|
|t:|1782338286
|switch|p2a: Froslass|Froslass-Mega, L50, F|36/100|[from] Parting Shot
|-weather|Snowscape|[from] ability: Snow Warning|[of] p2a: Froslass
|
|-weather|Snowscape|[upkeep]
|-sideend|p2: Kylliza|move: Aurora Veil
|upkeep
|turn|6
|inactive|Kylliza has 30 seconds left.
|
|t:|1782338311
|move|p1a: Grimmsnarl|Parting Shot|p2b: Basculegion
|-unboost|p2b: Basculegion|atk|1
|-unboost|p2b: Basculegion|spa|1
|move|p2b: Basculegion|Last Respects|p1b: Floette
|-damage|p1b: Floette|45/100
|move|p2a: Froslass|Blizzard|p1b: Floette|[spread] p1a,p1b
|-damage|p1a: Grimmsnarl|22/100
|-damage|p1b: Floette|32/100
|move|p1b: Floette|Moonblast|p2a: Froslass
|-damage|p2a: Froslass|0 fnt
|faint|p2a: Froslass
|
|-weather|Snowscape|[upkeep]
|upkeep
|
|t:|1782338331
|switch|p2a: Incineroar|Incineroar, L50, M|100/100
|-ability|p2a: Incineroar|Intimidate|boost
|-unboost|p1a: Grimmsnarl|atk|1
|-unboost|p1b: Floette|atk|1
|turn|7
|
|t:|1782338360
|move|p1b: Floette|Protect|p1b: Floette
|-singleturn|p1b: Floette|Protect
|move|p2a: Incineroar|Fake Out|p1b: Floette
|-activate|p1b: Floette|move: Protect
|move|p1a: Grimmsnarl|Reflect|p1a: Grimmsnarl
|-sidestart|p1: tuckerj752|Reflect
|move|p2b: Basculegion|Last Respects|p1a: Grimmsnarl
|-resisted|p1a: Grimmsnarl|1
|-damage|p1a: Grimmsnarl|1/100
|
|-weather|Snowscape|[upkeep]
|upkeep
|turn|8
|
|t:|1782338380
|move|p2b: Basculegion|Last Respects|p1b: Floette
|-damage|p1b: Floette|0 fnt
|faint|p1b: Floette
|move|p2a: Incineroar|Flare Blitz|p1a: Grimmsnarl
|-damage|p1a: Grimmsnarl|0 fnt
|faint|p1a: Grimmsnarl
|-damage|p2a: Incineroar|99/100|[from] Recoil
|
|win|Kylliza
|raw|tuckerj752's rating: 1069 → 1050(-19 for losing)
|raw|Kylliza's rating: 1100 → 1123(+23 for winning)
