|j|☆TheFoxGamer15
|j|☆DZK_Draft
|html|TheFoxGamer15DZK_Draft    
|uhtml|bestof|Game 1 of a best-of-3
|t:|1782581809
|gametype|doubles
|player|p1|TheFoxGamer15|ethan|
|player|p2|DZK_Draft|harlequin|
|gen|9
|tier|[Gen 9 Champions] VGC 2026 Reg M-B (Bo3)
|rule|Species Clause: Limit one of each Pokémon
|rule|Item Clause: Limit 1 of each item
|clearpoke
|poke|p1|Aerodactyl, L50, M|
|poke|p1|Garchomp, L50, M|
|poke|p1|Sneasler, L50, F|
|poke|p1|Kingambit, L50, M|
|poke|p1|Charizard, L50, M|
|poke|p1|Venusaur, L50, F, shiny|
|poke|p2|Tyranitar, L50, M|
|poke|p2|Whimsicott, L50, F|
|poke|p2|Garchomp, L50, F|
|poke|p2|Rotom-Wash, L50|
|poke|p2|Tinkaton, L50, F|
|poke|p2|Arcanine, L50, M|
|teampreview|4
|showteam|p1|Aerodactyl||Aerodactylite|Pressure|RockSlide,Tailwind,AerialAce,Crunch|Adamant||M|||50|]Garchomp||ChoiceScarf|RoughSkin|DragonClaw,Earthquake,RockSlide,PoisonJab|Adamant||M|||50|]Sneasler||WhiteHerb|Unburden|Protect,FakeOut,DireClaw,CloseCombat|Adamant||F|||50|]Kingambit||BlackGlasses|Defiant|KowtowCleave,SuckerPunch,IronHead,LowKick|Brave||M|||50|]Charizard||CharizarditeY|SolarPower|Protect,HeatWave,SolarBeam,WeatherBall|Timid||M|||50|]Venusaur||FocusSash|Chlorophyll|SolarBeam,Protect,SludgeBomb,SleepPowder|Timid||F|||50|
|showteam|p2|Tyranitar||Leftovers|SandStream|Crunch,RockSlide,HighHorsepower,Protect|Adamant||M|||50|]Whimsicott||FocusSash|Prankster|Tailwind,Moonblast,Taunt,Protect|Timid||F|||50|]Garchomp||Garchompite|SandVeil|Earthquake,DragonClaw,SwordsDance,Protect|Jolly||F|||50|]Rotom-Wash||SitrusBerry|Levitate|HydroPump,Thunderbolt,WillOWisp,Protect|Modest|||||50|]Tinkaton||LumBerry|MoldBreaker|FakeOut,GigatonHammer,Feint,ThunderWave|Careful||F|||50|]Arcanine||LifeOrb|Intimidate|FlareBlitz,ExtremeSpeed,WillOWisp,MorningSun|Impish||M|||50|
|
|t:|1782581883
|teamsize|p1|4
|teamsize|p2|4
|start
|switch|p1a: Aerodactyl|Aerodactyl, L50, M|100/100
|switch|p1b: Sneasler|Sneasler, L50, F|100/100
|switch|p2a: Broomhilda|Whimsicott, L50, F|100/100
|switch|p2b: Nova|Arcanine, L50, M|100/100
|-ability|p1a: Aerodactyl|Pressure
|-ability|p2b: Nova|Intimidate|boost
|-unboost|p1a: Aerodactyl|atk|1
|-unboost|p1b: Sneasler|atk|1
|-enditem|p1b: Sneasler|White Herb
|-clearnegativeboost|p1b: Sneasler|[silent]
|turn|1
|
|t:|1782581951
|move|p1b: Sneasler|Fake Out|p2b: Nova
|-damage|p2b: Nova|88/100
|move|p2a: Broomhilda|Tailwind|p2a: Broomhilda
|-sidestart|p2: DZK_Draft|move: Tailwind
|cant|p2b: Nova|flinch
|move|p1a: Aerodactyl|Tailwind|p1a: Aerodactyl
|-sidestart|p1: TheFoxGamer15|move: Tailwind
|
|upkeep
|turn|2
|
|t:|1782581995
|move|p2a: Broomhilda|Protect|p2a: Broomhilda
|-singleturn|p2a: Broomhilda|Protect
|move|p1b: Sneasler|Protect|p1b: Sneasler
|-singleturn|p1b: Sneasler|Protect
|move|p1a: Aerodactyl|Aerial Ace|p2a: Broomhilda
|-activate|p2a: Broomhilda|move: Protect
|move|p2b: Nova|Will-O-Wisp|p1b: Sneasler
|-activate|p1b: Sneasler|move: Protect
|
|upkeep
|turn|3
|
|t:|1782582045
|switch|p1b: Charizard|Charizard, L50, M|100/100
|switch|p2a: Titan|Tyranitar, L50, M|100/100
|-weather|Sandstorm|[from] ability: Sand Stream|[of] p2a: Titan
|move|p1a: Aerodactyl|Aerial Ace|p2a: Titan
|-resisted|p2a: Titan|1
|-damage|p2a: Titan|89/100
|move|p2b: Nova|Flare Blitz|p1b: Charizard
|-resisted|p1b: Charizard|1
|-damage|p1b: Charizard|58/100
|-damage|p2b: Nova|77/100|[from] Recoil
|-damage|p2b: Nova|68/100|[from] item: Life Orb
|
|-weather|Sandstorm|[upkeep]
|-damage|p1b: Charizard|52/100|[from] Sandstorm
|-damage|p2b: Nova|61/100|[from] Sandstorm
|-heal|p2a: Titan|95/100|[from] item: Leftovers
|upkeep
|turn|4
|
|t:|1782582115
|switch|p1a: Garchomp|Garchomp, L50, M|100/100
|move|p1b: Charizard|Protect|p1b: Charizard
|-singleturn|p1b: Charizard|Protect
|move|p2b: Nova|Morning Sun|p2b: Nova
|-heal|p2b: Nova|86/100
|move|p2a: Titan|Rock Slide|p1a: Garchomp|[spread] p1a
|-activate|p1b: Charizard|move: Protect
|-resisted|p1a: Garchomp|1
|-damage|p1a: Garchomp|83/100
|
|-weather|Sandstorm|[upkeep]
|-damage|p1b: Charizard|46/100|[from] Sandstorm
|-damage|p2b: Nova|80/100|[from] Sandstorm
|-heal|p2a: Titan|100/100|[from] item: Leftovers
|-sideend|p1: TheFoxGamer15|move: Tailwind
|-sideend|p2: DZK_Draft|move: Tailwind
|upkeep
|turn|5
|
|t:|1782582174
|switch|p1b: Aerodactyl|Aerodactyl, L50, M|100/100
|-ability|p1b: Aerodactyl|Pressure
|switch|p2b: Ciclón|Rotom-Wash, L50|100/100
|move|p2a: Titan|Protect|p2a: Titan
|-singleturn|p2a: Titan|Protect
|move|p1a: Garchomp|Earthquake|p2a: Titan|[spread] 
|-activate|p2a: Titan|move: Protect
|-immune|p1b: Aerodactyl
|-immune|p2b: Ciclón|[from] ability: Levitate
|
|-weather|Sandstorm|[upkeep]
|-damage|p2b: Ciclón|94/100|[from] Sandstorm
|upkeep
|turn|6
|
|t:|1782582220
|switch|p2a: Broomhilda|Whimsicott, L50, F|100/100
|move|p1a: Garchomp|Earthquake|p2b: Ciclón|[spread] p2a
|-immune|p1b: Aerodactyl
|-immune|p2b: Ciclón|[from] ability: Levitate
|-resisted|p2a: Broomhilda|1
|-damage|p2a: Broomhilda|67/100
|move|p1b: Aerodactyl|Tailwind|p1b: Aerodactyl
|-sidestart|p1: TheFoxGamer15|move: Tailwind
|move|p2b: Ciclón|Will-O-Wisp|p1a: Garchomp
|-status|p1a: Garchomp|brn
|
|-weather|Sandstorm|[upkeep]
|-damage|p2a: Broomhilda|62/100|[from] Sandstorm
|-damage|p2b: Ciclón|88/100|[from] Sandstorm
|-damage|p1a: Garchomp|77/100 brn|[from] brn
|upkeep
|turn|7
|
|t:|1782582258
|switch|p1a: Sneasler|Sneasler, L50, F|100/100
|move|p2a: Broomhilda|Tailwind|p2a: Broomhilda
|-sidestart|p2: DZK_Draft|move: Tailwind
|move|p1b: Aerodactyl|Aerial Ace|p2a: Broomhilda
|-supereffective|p2a: Broomhilda|1
|-damage|p2a: Broomhilda|0 fnt
|faint|p2a: Broomhilda
|move|p2b: Ciclón|Thunderbolt|p1b: Aerodactyl
|-supereffective|p1b: Aerodactyl|1
|-damage|p1b: Aerodactyl|15/100
|
|-weather|none
|upkeep
|
|t:|1782582288
|switch|p2a: Nova|Arcanine, L50, M|80/100
|-ability|p2a: Nova|Intimidate|boost
|-unboost|p1a: Sneasler|atk|1
|-unboost|p1b: Aerodactyl|atk|1
|turn|8
|
|t:|1782582307
|move|p1a: Sneasler|Fake Out|p2b: Ciclón
|-damage|p2b: Ciclón|77/100
|move|p1b: Aerodactyl|Rock Slide|p2b: Ciclón|[spread] p2a,p2b
|-supereffective|p2a: Nova|1
|-damage|p2a: Nova|50/100g
|-damage|p2b: Ciclón|57/100
|cant|p2a: Nova|flinch
|cant|p2b: Ciclón|flinch
|
|upkeep
|turn|9
|
|t:|1782582327
|switch|p1b: Garchomp|Garchomp, L50, M|77/100 brn
|move|p1a: Sneasler|Protect|p1a: Sneasler
|-singleturn|p1a: Sneasler|Protect
|move|p2a: Nova|Will-O-Wisp|p1a: Sneasler
|-activate|p1a: Sneasler|move: Protect
|move|p2b: Ciclón|Thunderbolt|p1b: Garchomp
|-immune|p1b: Garchomp
|
|-damage|p1b: Garchomp|71/100 brn|[from] brn
|-sideend|p1: TheFoxGamer15|move: Tailwind
|upkeep
|turn|10
|
|t:|1782582359
|switch|p1a: Aerodactyl|Aerodactyl, L50, M|15/100
|-ability|p1a: Aerodactyl|Pressure
|move|p2a: Nova|Flare Blitz|p1a: Aerodactyl
|-resisted|p1a: Aerodactyl|1
|-damage|p1a: Aerodactyl|0 fnt
|faint|p1a: Aerodactyl
|-damage|p2a: Nova|46/100|[from] Recoil
|-damage|p2a: Nova|36/100|[from] item: Life Orb
|move|p1b: Garchomp|Rock Slide|p2a: Nova|[spread] p2a,p2b
|-supereffective|p2a: Nova|1
|-damage|p2a: Nova|20/100y
|-damage|p2b: Ciclón|45/100
|-enditem|p2b: Ciclón|Sitrus Berry|[eat]
|-heal|p2b: Ciclón|70/100|[from] item: Sitrus Berry
|move|p2b: Ciclón|Hydro Pump|p1b: Garchomp
|-damage|p1b: Garchomp|14/100 brn
|
|-damage|p1b: Garchomp|8/100 brn|[from] brn
|-sideend|p2: DZK_Draft|move: Tailwind
|upkeep
|
|t:|1782582380
|switch|p1a: Charizard|Charizard, L50, M|46/100
|turn|11
|
|t:|1782582406
|detailschange|p1a: Charizard|Charizard-Mega-Y, L50, M
|-mega|p1a: Charizard|Charizard|Charizardite Y
|-weather|SunnyDay|[from] ability: Drought|[of] p1a: Charizard
|move|p1b: Garchomp|Rock Slide|p2b: Ciclón|[spread] p2b
|-miss|p1b: Garchomp|p2a: Nova
|-damage|p2b: Ciclón|59/100
|move|p1a: Charizard|Solar Beam||[still]
|-prepare|p1a: Charizard|Solar Beam
|-anim|p1a: Charizard|Solar Beam|p2b: Ciclón
|-supereffective|p2b: Ciclón|1
|-damage|p2b: Ciclón|0 fnt
|faint|p2b: Ciclón
|move|p2a: Nova|Morning Sun|p2a: Nova
|-heal|p2a: Nova|87/100
|
|-weather|SunnyDay|[upkeep]
|-damage|p1b: Garchomp|2/100 brn|[from] brn
|upkeep
|
|t:|1782582422
|switch|p2b: Titan|Tyranitar, L50, M|100/100
|-weather|Sandstorm|[from] ability: Sand Stream|[of] p2b: Titan
|turn|12
|
|t:|1782582448
|move|p2b: Titan|Protect|p2b: Titan
|-singleturn|p2b: Titan|Protect
|move|p2a: Nova|Extreme Speed|p1b: Garchomp
|-damage|p1b: Garchomp|0 fnt
|-damage|p2a: Nova|75/100|[from] ability: Rough Skin|[of] p1b: Garchomp
|faint|p1b: Garchomp
|-damage|p2a: Nova|65/100|[from] item: Life Orb
|move|p1a: Charizard|Weather Ball|p2a: Nova
|-supereffective|p2a: Nova|1
|-damage|p2a: Nova|0 fnt
|faint|p2a: Nova
|
|-weather|Sandstorm|[upkeep]
|-damage|p1a: Charizard|40/100|[from] Sandstorm
|upkeep
|
|t:|1782582460
|switch|p1b: Sneasler|Sneasler, L50, F|100/100
|turn|13
|
|t:|1782582469
|move|p1a: Charizard|Protect|p1a: Charizard
|-singleturn|p1a: Charizard|Protect
|move|p1b: Sneasler|Close Combat|p2b: Titan
|-supereffective|p2b: Titan|2
|-damage|p2b: Titan|0 fnt
|-unboost|p1b: Sneasler|def|1
|-unboost|p1b: Sneasler|spd|1
|faint|p2b: Titan
|
|win|TheFoxGamer15
|inactive|TheFoxGamer15 has 30 seconds to confirm battle start!
|inactive|DZK_Draft has 30 seconds to confirm battle start!
||TheFoxGamer15 is ready for game 2.
|inactive|DZK_Draft has 20 seconds to confirm battle start!
|inactive|DZK_Draft has 10 seconds to confirm battle start!
||DZK_Draft is ready for game 2.
|uhtml|next|Next: Game 2 of 3
|l|☆TheFoxGamer15
|player|p1|
|j|☆TheFoxGamer15
|player|p1|TheFoxGamer15|ethan|
