|j|☆dimitry_vgc
|j|☆axolotlwooper
|html|dimitry_vgcaxolotlwooper    
|uhtml|bestof|Game 2 of a best-of-3
|t:|1785847075
|gametype|doubles
|player|p1|dimitry_vgc|pokemonbreederf-gen4|1166
|player|p2|axolotlwooper|linebacker|1149
|gen|9
|tier|[Gen 9 Champions] VGC 2026 Reg M-B (Bo3)
|rated|
|rule|Species Clause: Limit one of each Pokémon
|rule|Item Clause: Limit 1 of each item
|clearpoke
|poke|p1|Charizard, L50, M, shiny|
|poke|p1|Kingambit, L50, M|
|poke|p1|Sylveon, L50, M, shiny|
|poke|p1|Annihilape, L50, F, shiny|
|poke|p1|Whimsicott, L50, F, shiny|
|poke|p1|Glimmora, L50, F|
|poke|p2|Farigiraf, L50, F|
|poke|p2|Absol, L50, F|
|poke|p2|Blastoise, L50, F, shiny|
|poke|p2|Camerupt, L50, M|
|poke|p2|Tinkaton, L50, F|
|poke|p2|Vanilluxe, L50, M|
|teampreview|4
|showteam|p1|Charizard||CharizarditeY|Blaze|HeatWave,SolarBeam,WeatherBall,Protect|Modest||M|||50|]Kingambit||LifeOrb|Defiant|KowtowCleave,IronHead,SuckerPunch,Protect|Adamant||M|||50|]Sylveon||FairyFeather|Pixilate|HyperVoice,HyperBeam,QuickAttack,Detect|Bold||M|||50|]Annihilape||SitrusBerry|Defiant|CloseCombat,Taunt,Protect,PhantomForce|Jolly||F|||50|]Whimsicott||FocusSash|Prankster|Moonblast,Tailwind,Protect,Encore|Timid||F|||50|]Glimmora||Glimmoranite|ToxicDebris|PowerGem,SludgeBomb,SpikyShield,EarthPower|Modest||F|||50|
|showteam|p2|Farigiraf||SitrusBerry|ArmorTail|PsychicFangs,HyperVoice,BeatUp,TrickRoom|Relaxed||F|||50|]Absol||LifeOrb|Justified|RockSlide,SuckerPunch,CloseCombat,Protect|Brave||F|||50|]Blastoise||Blastoisinite|RainDish|WaterSpout,DarkPulse,AuraSphere,FakeOut|Quiet||F|||50|]Camerupt||Cameruptite|SolidRock|HeatWave,EarthPower,AncientPower,Protect|Quiet||M|||50|]Tinkaton||MetalCoat|MoldBreaker|GigatonHammer,PlayRough,Feint,FakeOut|Brave||F|||50|]Vanilluxe||NeverMeltIce|SnowWarning|Blizzard,FreezeDry,IceShard,Protect|Quiet||M|||50|
|inactive|Battle timer is ON: inactive players will automatically lose when time's up. (requested by axolotlwooper)
|inactive|dimitry_vgc has 60 seconds left.
|inactive|axolotlwooper has 60 seconds left.
|inactive|axolotlwooper has 30 seconds left.
|
|t:|1785847145
|teamsize|p1|4
|teamsize|p2|4
|start
|switch|p1a: Sylveon|Sylveon, L50, M, shiny|100/100
|switch|p1b: Glimmora|Glimmora, L50, F|100/100
|switch|p2a: Farigiraf|Farigiraf, L50, F|100/100
|switch|p2b: Camerupt|Camerupt, L50, M|100/100
|turn|1
|inactive|axolotlwooper has 30 seconds left.
|inactive|axolotlwooper has 20 seconds left.
|inactive|axolotlwooper has 15 seconds left.
|inactive|axolotlwooper has 10 seconds left.
|
|t:|1785847192
|detailschange|p1b: Glimmora|Glimmora-Mega, L50, F
|-mega|p1b: Glimmora|Glimmora|Glimmoranite
|detailschange|p2b: Camerupt|Camerupt-Mega, L50, M
|-mega|p2b: Camerupt|Camerupt|Cameruptite
|move|p2b: Camerupt|Protect|p2b: Camerupt
|-singleturn|p2b: Camerupt|Protect
|move|p1b: Glimmora|Power Gem|p2a: Farigiraf
|-damage|p2a: Farigiraf|33/100
|-enditem|p2a: Farigiraf|Sitrus Berry|[eat]
|-heal|p2a: Farigiraf|58/100|[from] item: Sitrus Berry
|move|p1a: Sylveon|Hyper Beam|p2a: Farigiraf
|-damage|p2a: Farigiraf|0 fnt
|-mustrecharge|p1a: Sylveon
|faint|p2a: Farigiraf
|
|upkeep
|
|t:|1785847207
|switch|p2a: Tinkaton|Tinkaton, L50, F|100/100
|-ability|p2a: Tinkaton|Mold Breaker
|turn|2
|
|t:|1785847218
|move|p1b: Glimmora|Spiky Shield|p1b: Glimmora
|-singleturn|p1b: Glimmora|move: Protect
|move|p2a: Tinkaton|Fake Out|p1b: Glimmora
|-activate|p1b: Glimmora|move: Protect
|-damage|p2a: Tinkaton|87/100|[from] Spiky Shield|[of] p1b: Glimmora
|cant|p1a: Sylveon|recharge
|move|p2b: Camerupt|Earth Power|p1b: Glimmora
|-activate|p1b: Glimmora|move: Protect
|
|upkeep
|turn|3
|inactive|axolotlwooper has 30 seconds left.
|
|t:|1785847244
|move|p1b: Glimmora|Earth Power|p2b: Camerupt
|-supereffective|p2b: Camerupt|1
|-damage|p2b: Camerupt|18/100
|move|p2a: Tinkaton|Gigaton Hammer|p1a: Sylveon
|-supereffective|p1a: Sylveon|1
|-damage|p1a: Sylveon|0 fnt
|faint|p1a: Sylveon
|move|p2b: Camerupt|Earth Power|p1b: Glimmora
|-supereffective|p1b: Glimmora|2
|-damage|p1b: Glimmora|0 fnt
|faint|p1b: Glimmora
|
|upkeep
|
|t:|1785847256
|switch|p1b: Kingambit|Kingambit, L50, M|100/100
|switch|p1a: Annihilape|Annihilape, L50, F, shiny|100/100
|turn|4
|inactive|dimitry_vgc has 30 seconds left.
|
|t:|1785847281
|move|p1a: Annihilape|Close Combat|p2a: Tinkaton
|-damage|p2a: Tinkaton|22/100
|-unboost|p1a: Annihilape|def|1
|-unboost|p1a: Annihilape|spd|1
|move|p2a: Tinkaton|Play Rough|p1a: Annihilape
|-supereffective|p1a: Annihilape|1
|-damage|p1a: Annihilape|0 fnt
|faint|p1a: Annihilape
|move|p1b: Kingambit|Kowtow Cleave|p2b: Camerupt
|-damage|p2b: Camerupt|0 fnt
|faint|p2b: Camerupt
|-damage|p1b: Kingambit|90/100|[from] item: Life Orb
|
|upkeep
|
|t:|1785847297
|switch|p2b: Vanilluxe|Vanilluxe, L50, M|100/100
|-weather|Snowscape|[from] ability: Snow Warning|[of] p2b: Vanilluxe
|turn|5
|
|t:|1785847320
|move|p1b: Kingambit|Sucker Punch|p2a: Tinkaton
|-resisted|p2a: Tinkaton|1
|-damage|p2a: Tinkaton|0 fnt
|faint|p2a: Tinkaton
|-damage|p1b: Kingambit|80/100|[from] item: Life Orb
|move|p2b: Vanilluxe|Blizzard|p1b: Kingambit
|-resisted|p1b: Kingambit|1
|-damage|p1b: Kingambit|46/100
|
|-weather|Snowscape|[upkeep]
|upkeep
|turn|6
|
|t:|1785847332
|move|p2b: Vanilluxe|Blizzard|p1b: Kingambit
|-resisted|p1b: Kingambit|1
|-damage|p1b: Kingambit|13/100
|move|p1b: Kingambit|Iron Head|p2b: Vanilluxe
|-supereffective|p2b: Vanilluxe|1
|-damage|p2b: Vanilluxe|0 fnt
|faint|p2b: Vanilluxe
|-damage|p1b: Kingambit|4/100|[from] item: Life Orb
|
|win|dimitry_vgc
|raw|dimitry_vgc's rating: 1166 → 1190(+24 for winning)
|raw|axolotlwooper's rating: 1149 → 1125(-24 for losing)
