|j|☆SaQurata
|j|☆galloway2001
|html|SaQuratagalloway2001    
|uhtml|bestof|Game 2 of a best-of-3
|t:|1785947169
|gametype|doubles
|player|p1|SaQurata|170|1185
|player|p2|galloway2001|265|1254
|gen|9
|tier|[Gen 9 Champions] VGC 2026 Reg M-B (Bo3)
|rated|
|rule|Species Clause: Limit one of each Pokémon
|rule|Item Clause: Limit 1 of each item
|clearpoke
|poke|p1|Dragonite, L50, F|
|poke|p1|Metagross, L50|
|poke|p1|Ninetales-Alola, L50, M|
|poke|p1|Garchomp, L50, M|
|poke|p1|Incineroar, L50, M|
|poke|p1|Basculegion, L50, M|
|poke|p2|Scovillain, L50, M|
|poke|p2|Lycanroc-Dusk, L50, F|
|poke|p2|Kingambit, L50, M|
|poke|p2|Basculegion, L50, M|
|poke|p2|Sneasler, L50, F|
|poke|p2|Froslass, L50, F|
|teampreview|4
|showteam|p1|Dragonite||Dragoninite|Multiscale|DracoMeteor,Flamethrower,Thunderbolt,Protect|Modest||F|||50|]Metagross||Metagrossite|ClearBody|PsychicFangs,BulletPunch,IcePunch,Protect|Adamant|||||50|]Ninetales-Alola||FocusSash|SnowWarning|Moonblast,FreezeDry,Blizzard,HelpingHand|Timid||M|||50|]Garchomp||LifeOrb|RoughSkin|DragonClaw,RockSlide,PoisonJab,StompingTantrum|Jolly||M|||50|]Incineroar||SitrusBerry|Intimidate|FakeOut,FlareBlitz,ThroatChop,PartingShot|Brave||M|||50|]Basculegion||MysticWater|Adaptability|WaveCrash,LastRespects,AquaJet,Protect|Jolly||M|||50|
|showteam|p2|Scovillain||Scovillainite|Moody|Protect,Overheat,GigaDrain,RagePowder|Modest||M|||50|]Lycanroc-Dusk||FocusSash|ToughClaws|Protect,Accelerock,RockSlide,CloseCombat|Adamant||F|||50|]Kingambit||BlackGlasses|Defiant|Protect,KowtowCleave,IronHead,SuckerPunch|Adamant||M|||50|]Basculegion||SitrusBerry|Adaptability|Protect,LastRespects,WaveCrash,AquaJet|Adamant||M|||50|]Sneasler||WhiteHerb|Unburden|FakeOut,GunkShot,CloseCombat,Protect|Adamant||F|||50|]Froslass||Froslassite|CursedBody|Blizzard,ShadowBall,AuroraVeil,Protect|Modest||F|||50|
|inactive|Battle timer is ON: inactive players will automatically lose when time's up. (requested by SaQurata)
|inactive|galloway2001 has 60 seconds left.
|inactive|galloway2001 has 30 seconds left.
|
|t:|1785947238
|teamsize|p1|4
|teamsize|p2|4
|start
|switch|p1a: Ninetales|Ninetales-Alola, L50, M|100/100
|switch|p1b: Garchomp|Garchomp, L50, M|100/100
|switch|p2a: Sneasler|Sneasler, L50, F|100/100
|switch|p2b: Kingambit|Kingambit, L50, M|100/100
|-weather|Snowscape|[from] ability: Snow Warning|[of] p1a: Ninetales
|turn|1
|
|t:|1785947257
|move|p2b: Kingambit|Sucker Punch|p1b: Garchomp
|-damage|p1b: Garchomp|50/100g
|-damage|p2b: Kingambit|87/100|[from] ability: Rough Skin|[of] p1b: Garchomp
|move|p1a: Ninetales|Blizzard|p2a: Sneasler|[spread] p2a,p2b
|-resisted|p2b: Kingambit|1
|-damage|p2a: Sneasler|56/100
|-damage|p2b: Kingambit|69/100
|-status|p2a: Sneasler|frz
|cant|p2a: Sneasler|frz
|move|p1b: Garchomp|Stomping Tantrum|p2a: Sneasler
|-supereffective|p2a: Sneasler|1
|-damage|p2a: Sneasler|0 fnt
|faint|p2a: Sneasler
|-damage|p1b: Garchomp|40/100|[from] item: Life Orb
|
|-weather|Snowscape|[upkeep]
|upkeep
|
|t:|1785947271
|switch|p2a: Froslass|Froslass, L50, F|100/100
|turn|2
|
|t:|1785947289
|switch|p1b: Incineroar|Incineroar, L50, M|100/100
|-ability|p1b: Incineroar|Intimidate|boost
|-unboost|p2a: Froslass|atk|1
|-unboost|p2b: Kingambit|atk|1
|-ability|p2b: Kingambit|Defiant|boost
|-boost|p2b: Kingambit|atk|2
|detailschange|p2a: Froslass|Froslass-Mega, L50, F
|-mega|p2a: Froslass|Froslass|Froslassite
|move|p1a: Ninetales|Moonblast|p2b: Kingambit
|-damage|p2b: Kingambit|30/100
|move|p2a: Froslass|Aurora Veil|p2a: Froslass
|-sidestart|p2: galloway2001|move: Aurora Veil
|move|p2b: Kingambit|Iron Head|p1a: Ninetales
|-supereffective|p1a: Ninetales|2
|-enditem|p1a: Ninetales|Focus Sash
|-damage|p1a: Ninetales|1/100
|
|-weather|Snowscape|[upkeep]
|upkeep
|turn|3
|
|t:|1785947312
|switch|p1b: Metagross|Metagross, L50|100/100
|move|p1a: Ninetales|Blizzard|p2b: Kingambit|[spread] p2a,p2b
|-resisted|p2a: Froslass|1
|-resisted|p2b: Kingambit|1
|-damage|p2a: Froslass|88/100
|-damage|p2b: Kingambit|19/100
|move|p2a: Froslass|Blizzard|p1a: Ninetales|[spread] p1a,p1b
|-resisted|p1a: Ninetales|1
|-resisted|p1b: Metagross|1
|-damage|p1a: Ninetales|0 fnt
|-damage|p1b: Metagross|75/100
|faint|p1a: Ninetales
|move|p2b: Kingambit|Kowtow Cleave|p1b: Metagross
|-supereffective|p1b: Metagross|1
|-damage|p1b: Metagross|0 fnt
|faint|p1b: Metagross
|
|-weather|Snowscape|[upkeep]
|upkeep
|
|t:|1785947320
|switch|p1a: Incineroar|Incineroar, L50, M|100/100
|switch|p1b: Garchomp|Garchomp, L50, M|40/100
|-ability|p1a: Incineroar|Intimidate|boost
|-unboost|p2a: Froslass|atk|1
|-unboost|p2b: Kingambit|atk|1
|-ability|p2b: Kingambit|Defiant|boost
|-boost|p2b: Kingambit|atk|2
|turn|4
|
|t:|1785947325
|move|p1a: Incineroar|Fake Out|p2b: Kingambit
|-resisted|p2b: Kingambit|1
|-damage|p2b: Kingambit|15/100
|move|p2a: Froslass|Blizzard|p1b: Garchomp|[spread] p1a,p1b
|-resisted|p1a: Incineroar|1
|-supereffective|p1b: Garchomp|2
|-damage|p1a: Incineroar|83/100
|-damage|p1b: Garchomp|0 fnt
|faint|p1b: Garchomp
|cant|p2b: Kingambit|flinch
|
|-weather|Snowscape|[upkeep]
|upkeep
|turn|5
|-message|SaQurata forfeited.
|
|win|galloway2001
|raw|SaQurata's rating: 1185 → 1165(-20 for losing)
|raw|galloway2001's rating: 1254 → 1274(+20 for winning)
|l|☆SaQurata
|player|p1|
