|j|☆popeleonthe6th
|j|☆yunsen
|html|popeleonthe6thyunsen    
|uhtml|bestof|Game 1 of a best-of-3
|t:|1782229127
|gametype|doubles
|player|p1|popeleonthe6th|170|1054
|player|p2|yunsen|n|1103
|gen|9
|tier|[Gen 9 Champions] VGC 2026 Reg M-B (Bo3)
|rated|
|rule|Species Clause: Limit one of each Pokémon
|rule|Item Clause: Limit 1 of each item
|clearpoke
|poke|p1|Espathra, L50, F|
|poke|p1|Scovillain, L50, F|
|poke|p1|Sableye, L50, M|
|poke|p1|Archaludon, L50, M|
|poke|p1|Milotic, L50, F|
|poke|p1|Kommo-o, L50, M|
|poke|p2|Raichu, L50, M|
|poke|p2|Whimsicott, L50, M|
|poke|p2|Basculegion, L50, M|
|poke|p2|Garchomp, L50, F|
|poke|p2|Floette-Eternal, L50, F|
|poke|p2|Gholdengo, L50|
|teampreview|4
|showteam|p1|Espathra||MentalHerb|SpeedBoost|Protect,LuminaCrash,BatonPass,CalmMind|Timid||F|||50|]Scovillain||Scovillainite|Insomnia|Protect,RagePowder,LeechSeed,Overheat|Calm||F|||50|]Sableye||RoseliBerry|Prankster|Taunt,RainDance,LightScreen,Reflect|Calm||M|||50|]Archaludon||Leftovers|Stamina|Protect,DragonPulse,FlashCannon,ElectroShot|Modest||M|||50|]Milotic||SitrusBerry|Competitive|LifeDew,PsychUp,RainDance,Scald|Bold||F|||50|]Kommo-o||LifeOrb|Overcoat|AuraSphere,ClangorousSoul,ClangingScales,Protect|Timid||M|||50|
|showteam|p2|Raichu||RaichuniteY|LightningRod|Protect,ZapCannon,FocusBlast,FakeOut|Modest||M|||50|]Whimsicott||FocusSash|Prankster|Protect,Moonblast,Tailwind,Encore|Timid||M|||50|]Basculegion||MysticWater|Adaptability|Protect,WaveCrash,LastRespects,AquaJet|Adamant||M|||50|]Garchomp||SitrusBerry|RoughSkin|RockSlide,StompingTantrum,DragonClaw,Protect|Jolly||F|||50|]Floette-Eternal||Floettite|FlowerVeil|Protect,Moonblast,DazzlingGleam,Psychic|Timid||F|||50|]Gholdengo||LifeOrb|GoodasGold|Protect,MakeItRain,NastyPlot,ShadowBall|Timid|||||50|
|inactive|Battle timer is ON: inactive players will automatically lose when time's up. (requested by yunsen)
|inactive|yunsen has 60 seconds left.
|
|t:|1782229161
|teamsize|p1|4
|teamsize|p2|4
|start
|switch|p1a: Scovillain|Scovillain, L50, F|100/100
|switch|p1b: Espathra|Espathra, L50, F|100/100
|switch|p2a: Floette|Floette-Eternal, L50, F|100/100
|switch|p2b: Whimsicott|Whimsicott, L50, M|100/100
|turn|1
|inactive|popeleonthe6th has 30 seconds left.
|inactive|popeleonthe6th has 20 seconds left.
|inactive|popeleonthe6th has 15 seconds left.
|
|t:|1782229206
|detailschange|p2a: Floette|Floette-Mega, L50, F
|-mega|p2a: Floette|Floette|Floettite
|-ability|p2a: Floette|Fairy Aura
|detailschange|p1a: Scovillain|Scovillain-Mega, L50, F
|-mega|p1a: Scovillain|Scovillain|Scovillainite
|move|p2b: Whimsicott|Tailwind|p2b: Whimsicott
|-sidestart|p2: yunsen|move: Tailwind
|move|p2a: Floette|Dazzling Gleam|p1a: Scovillain|[spread] p1a,p1b
|-resisted|p1a: Scovillain|1
|-damage|p1a: Scovillain|78/100
|-damage|p1b: Espathra|42/100
|-status|p2a: Floette|brn|[from] ability: Spicy Spray|[of] p1a: Scovillain
|move|p1b: Espathra|Calm Mind|p1b: Espathra
|-boost|p1b: Espathra|spa|1
|-boost|p1b: Espathra|spd|1
|move|p1a: Scovillain|Overheat|p2b: Whimsicott
|-supereffective|p2b: Whimsicott|1
|-enditem|p2b: Whimsicott|Focus Sash
|-damage|p2b: Whimsicott|1/100
|-unboost|p1a: Scovillain|spa|2
|
|-damage|p2a: Floette|94/100 brn|[from] brn
|-ability|p1b: Espathra|Speed Boost|boost
|-boost|p1b: Espathra|spe|1
|upkeep
|turn|2
|inactive|yunsen has 30 seconds left.
|inactive|yunsen has 20 seconds left.
|inactive|yunsen has 15 seconds left.
|inactive|yunsen has 10 seconds left.
|
|t:|1782229251
|move|p1b: Espathra|Protect|p1b: Espathra
|-singleturn|p1b: Espathra|Protect
|move|p2b: Whimsicott|Moonblast|p1b: Espathra
|-activate|p1b: Espathra|move: Protect
|move|p2a: Floette|Dazzling Gleam|p1b: Espathra|[spread] p1a
|-activate|p1b: Espathra|move: Protect
|-resisted|p1a: Scovillain|1
|-damage|p1a: Scovillain|56/100
|move|p1a: Scovillain|Overheat|p2b: Whimsicott
|-supereffective|p2b: Whimsicott|1
|-damage|p2b: Whimsicott|0 fnt
|-unboost|p1a: Scovillain|spa|2
|faint|p2b: Whimsicott
|
|-damage|p2a: Floette|88/100 brn|[from] brn
|-ability|p1b: Espathra|Speed Boost|boost
|-boost|p1b: Espathra|spe|1
|upkeep
|
|t:|1782229255
|switch|p2b: Basculegion|Basculegion, L50, M|100/100
|turn|3
|
|t:|1782229272
|move|p1a: Scovillain|Rage Powder|p1a: Scovillain
|-singleturn|p1a: Scovillain|move: Rage Powder
|move|p2a: Floette|Dazzling Gleam|p1a: Scovillain|[spread] p1a,p1b
|-resisted|p1a: Scovillain|1
|-crit|p1b: Espathra
|-damage|p1a: Scovillain|35/100
|-damage|p1b: Espathra|0 fnt
|faint|p1b: Espathra
|move|p2b: Basculegion|Wave Crash|p1a: Scovillain
|-crit|p1a: Scovillain
|-damage|p1a: Scovillain|0 fnt
|-status|p2b: Basculegion|brn|[from] ability: Spicy Spray|[of] p1a: Scovillain
|faint|p1a: Scovillain
|-damage|p2b: Basculegion|90/100 brn|[from] Recoil
|
|-damage|p2a: Floette|82/100 brn|[from] brn
|-damage|p2b: Basculegion|84/100 brn|[from] brn
|upkeep
|
|t:|1782229285
|switch|p1b: Milotic|Milotic, L50, F|100/100
|switch|p1a: Archaludon|Archaludon, L50, M|100/100
|turn|4
|inactive|yunsen has 30 seconds left.
|
|t:|1782229315
|move|p2b: Basculegion|Protect|p2b: Basculegion
|-singleturn|p2b: Basculegion|Protect
|move|p1a: Archaludon|Protect|p1a: Archaludon
|-singleturn|p1a: Archaludon|Protect
|move|p2a: Floette|Moonblast|p1b: Milotic
|-damage|p1b: Milotic|45/100
|-unboost|p1b: Milotic|spa|1
|-ability|p1b: Milotic|Competitive|boost
|-boost|p1b: Milotic|spa|2
|-enditem|p1b: Milotic|Sitrus Berry|[eat]
|-heal|p1b: Milotic|70/100|[from] item: Sitrus Berry
|move|p1b: Milotic|Rain Dance|p1b: Milotic
|-weather|RainDance
|
|-weather|RainDance|[upkeep]
|-damage|p2a: Floette|76/100 brn|[from] brn
|-damage|p2b: Basculegion|78/100 brn|[from] brn
|-sideend|p2: yunsen|move: Tailwind
|upkeep
|turn|5
|
|t:|1782229333
|switch|p2b: Raichu|Raichu, L50, M|100/100
|move|p2a: Floette|Moonblast|p1b: Milotic
|-crit|p1b: Milotic
|-damage|p1b: Milotic|0 fnt
|faint|p1b: Milotic
|move|p1a: Archaludon|Electro Shot||[still]
|-prepare|p1a: Archaludon|Electro Shot
|-boost|p1a: Archaludon|spa|1
|-anim|p1a: Archaludon|Electro Shot|p2b: Raichu
|-ability|p2b: Raichu|Lightning Rod|boost
|-boost|p2b: Raichu|spa|1
|
|-weather|RainDance|[upkeep]
|-damage|p2a: Floette|70/100 brn|[from] brn
|upkeep
|turn|6
|c|☆popeleonthe6th|2 CRITS
|c|☆yunsen|insane
|inactive|yunsen has 30 seconds left.
|
|t:|1782229361
|move|p2a: Floette|Moonblast|p1a: Archaludon
|-damage|p1a: Archaludon|22/100
|-ability|p1a: Archaludon|Stamina|boost
|-boost|p1a: Archaludon|def|1
|move|p2b: Raichu|Focus Blast|p1a: Archaludon
|-supereffective|p1a: Archaludon|1
|-damage|p1a: Archaludon|0 fnt
|faint|p1a: Archaludon
|
|win|yunsen
||yunsen is ready for game 2.
||popeleonthe6th is ready for game 2.
|uhtml|next|Next: Game 2 of 3
|l|☆popeleonthe6th
|player|p1|
