|j|☆timcheese43
|j|☆p1ch1pichi
|html|timcheese43p1ch1pichi    
|uhtml|bestof|Game 1 of a best-of-3
|t:|1784191758
|gametype|doubles
|player|p1|timcheese43|170|1108
|player|p2|p1ch1pichi|n|1084
|gen|9
|tier|[Gen 9 Champions] VGC 2026 Reg M-B (Bo3)
|rated|
|rule|Species Clause: Limit one of each Pokémon
|rule|Item Clause: Limit 1 of each item
|clearpoke
|poke|p1|Swampert, L50, M|
|poke|p1|Pelipper, L50, M|
|poke|p1|Archaludon, L50, F|
|poke|p1|Grimmsnarl, L50, M|
|poke|p1|Metagross, L50|
|poke|p1|Sneasler, L50, F|
|poke|p2|Ampharos, L50, M, shiny|
|poke|p2|Farigiraf, L50, F, shiny|
|poke|p2|Incineroar, L50, F|
|poke|p2|Vivillon, L50, F|
|poke|p2|Vanilluxe, L50, F|
|poke|p2|Aggron, L50, M, shiny|
|teampreview|4
|showteam|p1|Swampert||Swampertite|Torrent|WaveCrash,Earthquake,IcePunch,Protect|Adamant||M|||50|]Pelipper||SitrusBerry|Drizzle|WeatherBall,Hurricane,Tailwind,WideGuard|Modest||M|||50|]Archaludon||Leftovers|Stamina|ElectroShot,DragonPulse,FlashCannon,Protect|Timid||F|||50|]Grimmsnarl||LightClay|Prankster|LightScreen,Reflect,FoulPlay,PartingShot|Calm||M|||50|]Metagross||Metagrossite|ClearBody|MeteorMash,PsychicFangs,StompingTantrum,Protect|Jolly|||||50|]Sneasler||FocusSash|Unburden|CloseCombat,DireClaw,FakeOut,Coaching|Adamant||F|||50|
|showteam|p2|Ampharos||Ampharosite|Static|DragonPulse,Thunderbolt,PowerGem,Protect|Quiet||M|||50|]Farigiraf||ColburBerry|ArmorTail|Psychic,TrickRoom,HelpingHand,Protect|Relaxed||F|||50|]Incineroar||SitrusBerry|Intimidate|FlareBlitz,FakeOut,PartingShot,ThroatChop|Careful||F|||50|]Vivillon||FocusSash|CompoundEyes|Protect,SleepPowder,Tailwind,Hurricane|Timid||F|||50|]Vanilluxe||NeverMeltIce|SnowWarning|Protect,Blizzard,FreezeDry,AuroraVeil|Quiet||F|||50|]Aggron||Aggronite|HeavyMetal|BodyPress,HeavySlam,Protect,IronDefense|Sassy||M|||50|
|inactive|Battle timer is ON: inactive players will automatically lose when time's up. (requested by p1ch1pichi)
|inactive|timcheese43 has 60 seconds left.
|
|t:|1784191813
|teamsize|p1|4
|teamsize|p2|4
|start
|switch|p1a: Archaludon|Archaludon, L50, F|100/100
|switch|p1b: Grimmsnarl|Grimmsnarl, L50, M|100/100
|switch|p2a: Incineroar|Incineroar, L50, F|100/100
|switch|p2b: Farigiraf|Farigiraf, L50, F, shiny|100/100
|-ability|p2a: Incineroar|Intimidate|boost
|-unboost|p1a: Archaludon|atk|1
|-unboost|p1b: Grimmsnarl|atk|1
|turn|1
|inactive|p1ch1pichi has 30 seconds left.
|
|t:|1784191847
|move|p2a: Incineroar|Fake Out|p1a: Archaludon
|-resisted|p1a: Archaludon|1
|-damage|p1a: Archaludon|95/100
|-ability|p1a: Archaludon|Stamina|boost
|-boost|p1a: Archaludon|def|1
|cant|p1a: Archaludon|flinch
|move|p1b: Grimmsnarl|Foul Play|p2b: Farigiraf
|-supereffective|p2b: Farigiraf|1
|-enditem|p2b: Farigiraf|Colbur Berry|[eat]
|-enditem|p2b: Farigiraf|Colbur Berry|[weaken]
|-damage|p2b: Farigiraf|77/100
|move|p2b: Farigiraf|Trick Room|p2b: Farigiraf
|-fieldstart|move: Trick Room|[of] p2b: Farigiraf
|
|-heal|p1a: Archaludon|100/100|[from] item: Leftovers
|upkeep
|turn|2
|
|t:|1784191867
|switch|p1b: Pelipper|Pelipper, L50, M|100/100
|-weather|RainDance|[from] ability: Drizzle|[of] p1b: Pelipper
|move|p2b: Farigiraf|Protect|p2b: Farigiraf
|-singleturn|p2b: Farigiraf|Protect
|move|p2a: Incineroar|Parting Shot|p1a: Archaludon
|-unboost|p1a: Archaludon|atk|1
|-unboost|p1a: Archaludon|spa|1
|
|t:|1784191876
|switch|p2a: Aggron|Aggron, L50, M, shiny|100/100|[from] Parting Shot
|move|p1a: Archaludon|Electro Shot||[still]
|-prepare|p1a: Archaludon|Electro Shot
|-boost|p1a: Archaludon|spa|1
|-anim|p1a: Archaludon|Electro Shot|p2b: Farigiraf
|-activate|p2b: Farigiraf|move: Protect
|
|-weather|RainDance|[upkeep]
|upkeep
|turn|3
|
|t:|1784191889
|switch|p2b: Vanilluxe|Vanilluxe, L50, F|100/100
|-weather|Snowscape|[from] ability: Snow Warning|[of] p2b: Vanilluxe
|detailschange|p2a: Aggron|Aggron-Mega, L50, M, shiny
|-mega|p2a: Aggron|Aggron|Aggronite
|move|p2a: Aggron|Iron Defense|p2a: Aggron
|-boost|p2a: Aggron|def|2
|move|p1b: Pelipper|Weather Ball|p2a: Aggron
|-resisted|p2a: Aggron|1
|-damage|p2a: Aggron|86/100
|move|p1a: Archaludon|Electro Shot||[still]
|-prepare|p1a: Archaludon|Electro Shot
|-boost|p1a: Archaludon|spa|1
|
|-weather|Snowscape|[upkeep]
|upkeep
|turn|4
|
|t:|1784191910
|move|p1b: Pelipper|Wide Guard|p1b: Pelipper
|-singleturn|p1b: Pelipper|Wide Guard
|move|p2a: Aggron|Iron Defense|p2a: Aggron
|-boost|p2a: Aggron|def|2
|move|p2b: Vanilluxe|Aurora Veil|p2b: Vanilluxe
|-sidestart|p2: p1ch1pichi|move: Aurora Veil
|move|p1a: Archaludon|Electro Shot|p2a: Aggron|[from] lockedmove
|-damage|p2a: Aggron|47/100
|
|-weather|Snowscape|[upkeep]
|upkeep
|turn|5
|
|t:|1784191925
|switch|p1b: Grimmsnarl|Grimmsnarl, L50, M|100/100
|move|p1a: Archaludon|Protect|p1a: Archaludon
|-singleturn|p1a: Archaludon|Protect
|move|p2a: Aggron|Body Press|p1a: Archaludon
|-activate|p1a: Archaludon|move: Protect
|move|p2b: Vanilluxe|Freeze-Dry|p1b: Grimmsnarl
|-damage|p1b: Grimmsnarl|67/100
|
|-weather|Snowscape|[upkeep]
|-fieldend|move: Trick Room
|upkeep
|turn|6
|
|t:|1784191939
|switch|p2b: Farigiraf|Farigiraf, L50, F, shiny|77/100
|move|p2a: Aggron|Protect|p2a: Aggron
|-singleturn|p2a: Aggron|Protect
|move|p1b: Grimmsnarl|Reflect|p1b: Grimmsnarl
|-sidestart|p1: timcheese43|Reflect
|move|p1a: Archaludon|Electro Shot||[still]
|-prepare|p1a: Archaludon|Electro Shot
|-boost|p1a: Archaludon|spa|1
|
|-weather|Snowscape|[upkeep]
|upkeep
|turn|7
|
|t:|1784191958
|move|p2a: Aggron|Protect|p2a: Aggron
|-singleturn|p2a: Aggron|Protect
|move|p1a: Archaludon|Electro Shot|p2a: Aggron|[from] lockedmove
|-activate|p2a: Aggron|move: Protect
|move|p1b: Grimmsnarl|Foul Play|p2b: Farigiraf
|-supereffective|p2b: Farigiraf|1
|-damage|p2b: Farigiraf|48/100
|move|p2b: Farigiraf|Trick Room|p2b: Farigiraf
|-fieldstart|move: Trick Room|[of] p2b: Farigiraf
|
|-weather|none
|upkeep
|turn|8
|
|t:|1784191981
|move|p2b: Farigiraf|Helping Hand|p2a: Aggron
|-singleturn|p2a: Aggron|Helping Hand|[of] p2b: Farigiraf
|move|p1b: Grimmsnarl|Parting Shot||[still]
|cant|p2b: Farigiraf|ability: Armor Tail|Parting Shot|[of] p1b: Grimmsnarl
|move|p2a: Aggron|Body Press|p1b: Grimmsnarl
|-damage|p1b: Grimmsnarl|0 fnt
|faint|p1b: Grimmsnarl
|move|p1a: Archaludon|Electro Shot||[still]
|-prepare|p1a: Archaludon|Electro Shot
|-boost|p1a: Archaludon|spa|1
|
|-sideend|p2: p1ch1pichi|move: Aurora Veil
|upkeep
|
|t:|1784191988
|switch|p1b: Swampert|Swampert, L50, M|100/100
|turn|9
|
|t:|1784191998
|detailschange|p1b: Swampert|Swampert-Mega, L50, M
|-mega|p1b: Swampert|Swampert|Swampertite
|move|p2b: Farigiraf|Helping Hand|p2a: Aggron
|-singleturn|p2a: Aggron|Helping Hand|[of] p2b: Farigiraf
|move|p2a: Aggron|Body Press|p1a: Archaludon
|-supereffective|p1a: Archaludon|1
|-damage|p1a: Archaludon|0 fnt
|faint|p1a: Archaludon
|move|p1b: Swampert|Wave Crash|p2b: Farigiraf
|-damage|p2b: Farigiraf|0 fnt
|faint|p2b: Farigiraf
|-damage|p1b: Swampert|82/100|[from] Recoil
|
|upkeep
|
|t:|1784192010
|switch|p2b: Incineroar|Incineroar, L50, F|100/100
|switch|p1a: Pelipper|Pelipper, L50, M|100/100
|-ability|p2b: Incineroar|Intimidate|boost
|-unboost|p1a: Pelipper|atk|1
|-unboost|p1b: Swampert|atk|1
|-weather|RainDance|[from] ability: Drizzle|[of] p1a: Pelipper
|turn|10
|
|t:|1784192022
|move|p2b: Incineroar|Fake Out|p1a: Pelipper
|-damage|p1a: Pelipper|92/100
|move|p2a: Aggron|Body Press|p1b: Swampert
|-damage|p1b: Swampert|21/100
|cant|p1a: Pelipper|flinch
|move|p1b: Swampert|Earthquake|p2a: Aggron|[spread] p2a,p2b
|-immune|p1a: Pelipper
|-supereffective|p2a: Aggron|1
|-supereffective|p2b: Incineroar|1
|-damage|p2a: Aggron|40/100
|-damage|p2b: Incineroar|43/100
|-enditem|p2b: Incineroar|Sitrus Berry|[eat]
|-heal|p2b: Incineroar|68/100|[from] item: Sitrus Berry
|
|-weather|RainDance|[upkeep]
|upkeep
|turn|11
|inactive|p1ch1pichi has 30 seconds left.
|
|t:|1784192052
|move|p1b: Swampert|Protect|p1b: Swampert
|-singleturn|p1b: Swampert|Protect
|move|p2a: Aggron|Iron Defense|p2a: Aggron
|-boost|p2a: Aggron|def|2
|move|p2b: Incineroar|Parting Shot|p1a: Pelipper
|-unboost|p1a: Pelipper|atk|1
|-unboost|p1a: Pelipper|spa|1
|
|t:|1784192059
|switch|p2b: Vanilluxe|Vanilluxe, L50, F|100/100|[from] Parting Shot
|-weather|Snowscape|[from] ability: Snow Warning|[of] p2b: Vanilluxe
|move|p1a: Pelipper|Weather Ball|p2b: Vanilluxe
|-resisted|p2b: Vanilluxe|1
|-damage|p2b: Vanilluxe|89/100
|
|-weather|Snowscape|[upkeep]
|-fieldend|move: Trick Room
|upkeep
|turn|12
|
|t:|1784192080
|switch|p2b: Incineroar|Incineroar, L50, F|68/100
|-ability|p2b: Incineroar|Intimidate|boost
|-unboost|p1a: Pelipper|atk|1
|-unboost|p1b: Swampert|atk|1
|move|p1b: Swampert|Earthquake|p2b: Incineroar|[spread] p2a,p2b
|-immune|p1a: Pelipper
|-supereffective|p2a: Aggron|1
|-supereffective|p2b: Incineroar|1
|-damage|p2a: Aggron|36/100
|-damage|p2b: Incineroar|28/100
|move|p1a: Pelipper|Hurricane|p2b: Incineroar
|-damage|p2b: Incineroar|4/100
|-start|p2b: Incineroar|confusion
|move|p2a: Aggron|Body Press|p1a: Pelipper
|-resisted|p1a: Pelipper|1
|-damage|p1a: Pelipper|42/100
|-enditem|p1a: Pelipper|Sitrus Berry|[eat]
|-heal|p1a: Pelipper|67/100|[from] item: Sitrus Berry
|
|-weather|Snowscape|[upkeep]
|upkeep
|turn|13
|
|t:|1784192099
|move|p1b: Swampert|Protect|p1b: Swampert
|-singleturn|p1b: Swampert|Protect
|-activate|p2b: Incineroar|confusion
|-damage|p2b: Incineroar|0 fnt|[from] confusion
|faint|p2b: Incineroar
|move|p1a: Pelipper|Weather Ball|p2a: Aggron
|-resisted|p2a: Aggron|1
|-damage|p2a: Aggron|28/100
|move|p2a: Aggron|Body Press|p1b: Swampert
|-activate|p1b: Swampert|move: Protect
|
|-weather|Snowscape|[upkeep]
|-sideend|p1: timcheese43|Reflect
|upkeep
|
|t:|1784192111
|switch|p2b: Vanilluxe|Vanilluxe, L50, F|89/100
|turn|14
|
|t:|1784192118
|move|p2a: Aggron|Protect|p2a: Aggron
|-singleturn|p2a: Aggron|Protect
|move|p1a: Pelipper|Wide Guard|p1a: Pelipper
|-singleturn|p1a: Pelipper|Wide Guard
|move|p1b: Swampert|Earthquake|p2b: Vanilluxe|[spread] p2b
|-activate|p1a: Pelipper|move: Wide Guard
|-activate|p2a: Aggron|move: Protect
|-damage|p2b: Vanilluxe|70/100
|move|p2b: Vanilluxe|Freeze-Dry|p1a: Pelipper
|-supereffective|p1a: Pelipper|2
|-crit|p1a: Pelipper
|-damage|p1a: Pelipper|0 fnt
|faint|p1a: Pelipper
|
|-weather|Snowscape|[upkeep]
|upkeep
|turn|15
|
|t:|1784192134
|move|p1b: Swampert|Earthquake|p2a: Aggron|[spread] p2a,p2b
|-supereffective|p2a: Aggron|1
|-crit|p2a: Aggron
|-crit|p2b: Vanilluxe
|-damage|p2a: Aggron|0 fnt
|-damage|p2b: Vanilluxe|11/100
|faint|p2a: Aggron
|move|p2b: Vanilluxe|Freeze-Dry|p1b: Swampert
|-supereffective|p1b: Swampert|2
|-damage|p1b: Swampert|0 fnt
|faint|p1b: Swampert
|
|win|p1ch1pichi
||timcheese43 is ready for game 2.
|inactive|p1ch1pichi has 30 seconds to confirm battle start!
||p1ch1pichi is ready for game 2.
|uhtml|next|Next: Game 2 of 3
|l|☆timcheese43
|player|p1|
