|j|‽Habeebko
|j|☆Jakobtc
|html|HabeebkoJakobtc    
|uhtml|bestof|Game 1 of a best-of-3
|t:|1756666634
|gametype|doubles
|player|p1|Habeebko|lucas|1060
|player|p2|Jakobtc|riley|1150
|gen|9
|tier|[Gen 9] VGC 2025 Reg H (Bo3)
|rated|
|rule|Species Clause: Limit one of each Pokémon
|rule|Item Clause: Limit 1 of each item
|clearpoke
|poke|p1|Rillaboom, L50, F|
|poke|p1|Volcarona, L50, M|
|poke|p1|Clefable, L50, M|
|poke|p1|Dragonite, L50, M|
|poke|p1|Empoleon, L50, M|
|poke|p1|Sneasler, L50, M|
|poke|p2|Gholdengo, L50|
|poke|p2|Incineroar, L50, F|
|poke|p2|Amoonguss, L50, M|
|poke|p2|Ursaluna, L50, F|
|poke|p2|Porygon2, L50|
|poke|p2|Kilowattrel, L50, F|
|teampreview|4
|showteam|p1|Rillaboom||AssaultVest|GrassySurge|FakeOut,GrassyGlide,HighHorsepower,WoodHammer|||F|||50|,,,,,Fire]Volcarona||GrassySeed|FlameBody|Protect,QuiverDance,TeraBlast,HeatWave|||M|||50|,,,,,Fairy]Clefable||SafetyGoggles|Unaware|Protect,FollowMe,LifeDew,Moonblast|||M|||50|,,,,,Ghost]Dragonite||LoadedDice|Multiscale|Tailwind,ExtremeSpeed,Haze,ScaleShot|||M|||50|,,,,,Fairy]Empoleon||ChoiceScarf|Competitive|HydroPump,IceBeam,IcyWind,FlashCannon|||M|||50|,,,,,Ghost]Sneasler||FocusSash|Unburden|Protect,DireClaw,CloseCombat,Coaching|||M|||50|,,,,,Stellar
|showteam|p2|Gholdengo||LifeOrb|GoodasGold|MakeItRain,ShadowBall,NastyPlot,Protect||||||50|,,,,,Dragon]Incineroar||SafetyGoggles|Intimidate|FakeOut,FlareBlitz,KnockOff,PartingShot|||F|||50|,,,,,Bug]Amoonguss||SitrusBerry|Regenerator|Spore,RagePowder,PollenPuff,Protect|||M|||50|,,,,,Psychic]Ursaluna||FlameOrb|Guts|Facade,HeadlongRush,Earthquake,Protect|||F|||50|,,,,,Ghost]Porygon2||Eviolite|Download|TeraBlast,IceBeam,Recover,TrickRoom||||||50|,,,,,Fighting]Kilowattrel||FocusSash|Competitive|AirSlash,Thunderbolt,Tailwind,Protect|||F|||50|,,,,,Ghost
|inactive|Battle timer is ON: inactive players will automatically lose when time's up. (requested by Habeebko)
|c|☆Jakobtc|flgd
|c|☆Jakobtc|glhf
|inactive|Jakobtc has 60 seconds left.
|
|t:|1756666689
|teamsize|p1|4
|teamsize|p2|4
|start
|switch|p1a: Rillaboom|Rillaboom, L50, F|100/100
|switch|p1b: Volcarona|Volcarona, L50, M|100/100
|switch|p2a: Gholdengo|Gholdengo, L50|100/100
|switch|p2b: Incineroar|Incineroar, L50, F|100/100
|-fieldstart|move: Grassy Terrain|[from] ability: Grassy Surge|[of] p1a: Rillaboom
|-enditem|p1b: Volcarona|Grassy Seed
|-boost|p1b: Volcarona|def|1|[from] item: Grassy Seed
|-ability|p2b: Incineroar|Intimidate|boost
|-unboost|p1a: Rillaboom|atk|1
|-unboost|p1b: Volcarona|atk|1
|turn|1
|
|t:|1756666712
|switch|p2a: Ursaluna|Ursaluna, L50, F|100/100
|switch|p2b: Porygon2|Porygon2, L50, shiny|100/100
|-ability|p2b: Porygon2|Download|boost
|-boost|p2b: Porygon2|spa|1
|move|p1b: Volcarona|Quiver Dance|p1b: Volcarona
|-boost|p1b: Volcarona|spa|1
|-boost|p1b: Volcarona|spd|1
|-boost|p1b: Volcarona|spe|1
|move|p1a: Rillaboom|High Horsepower|p2a: Ursaluna
|-damage|p2a: Ursaluna|86/100
|
|-heal|p2a: Ursaluna|92/100|[from] Grassy Terrain
|-status|p2a: Ursaluna|brn|[from] item: Flame Orb
|upkeep
|turn|2
|
|t:|1756666734
|move|p2a: Ursaluna|Protect|p2a: Ursaluna
|-singleturn|p2a: Ursaluna|Protect
|move|p1b: Volcarona|Heat Wave|p2b: Porygon2|[spread] p2b
|-activate|p2a: Ursaluna|move: Protect
|-crit|p2b: Porygon2
|-damage|p2b: Porygon2|36/100
|move|p1a: Rillaboom|Wood Hammer|p2a: Ursaluna
|-activate|p2a: Ursaluna|move: Protect
|move|p2b: Porygon2|Trick Room|p2b: Porygon2
|-fieldstart|move: Trick Room|[of] p2b: Porygon2
|
|-heal|p2a: Ursaluna|98/100 brn|[from] Grassy Terrain
|-heal|p2b: Porygon2|42/100|[from] Grassy Terrain
|-damage|p2a: Ursaluna|92/100 brn|[from] brn
|upkeep
|turn|3
|
|t:|1756666757
|switch|p2b: Incineroar|Incineroar, L50, F|100/100
|-ability|p2b: Incineroar|Intimidate|boost
|-unboost|p1a: Rillaboom|atk|1
|-unboost|p1b: Volcarona|atk|1
|-terastallize|p2a: Ursaluna|Ghost
|move|p1b: Volcarona|Protect|p1b: Volcarona
|-singleturn|p1b: Volcarona|Protect
|move|p2a: Ursaluna|Facade|p1b: Volcarona
|-activate|p1b: Volcarona|move: Protect
|move|p1a: Rillaboom|Wood Hammer|p2a: Ursaluna
|-damage|p2a: Ursaluna|64/100 brn
|-damage|p1a: Rillaboom|90/100|[from] Recoil
|
|-heal|p2a: Ursaluna|70/100 brn|[from] Grassy Terrain
|-heal|p1a: Rillaboom|96/100|[from] Grassy Terrain
|-damage|p2a: Ursaluna|64/100 brn|[from] brn
|upkeep
|turn|4
|inactive|Habeebko has 30 seconds left.
|
|t:|1756666790
|switch|p1b: Sneasler|Sneasler, L50, M|100/100
|move|p2a: Ursaluna|Facade|p1b: Sneasler
|-enditem|p1b: Sneasler|Focus Sash
|-damage|p1b: Sneasler|1/100
|move|p2b: Incineroar|Flare Blitz|p1b: Sneasler
|-damage|p1b: Sneasler|0 fnt
|faint|p1b: Sneasler
|-damage|p2b: Incineroar|99/100|[from] Recoil
|move|p1a: Rillaboom|High Horsepower|p2b: Incineroar
|-supereffective|p2b: Incineroar
|-crit|p2b: Incineroar
|-damage|p2b: Incineroar|15/100
|
|-heal|p2a: Ursaluna|70/100 brn|[from] Grassy Terrain
|-heal|p2b: Incineroar|21/100|[from] Grassy Terrain
|-heal|p1a: Rillaboom|100/100|[from] Grassy Terrain
|-damage|p2a: Ursaluna|64/100 brn|[from] brn
|upkeep
|
|t:|1756666795
|switch|p1b: Clefable|Clefable, L50, M|100/100
|turn|5
|inactive|Jakobtc has 30 seconds left.
|
|t:|1756666820
|move|p1b: Clefable|Protect|p1b: Clefable
|-singleturn|p1b: Clefable|Protect
|move|p2a: Ursaluna|Headlong Rush|p1b: Clefable
|-activate|p1b: Clefable|move: Protect
|move|p2b: Incineroar|Parting Shot|p1a: Rillaboom
|-unboost|p1a: Rillaboom|atk|1
|-unboost|p1a: Rillaboom|spa|1
|
|t:|1756666828
|switch|p2b: Porygon2|Porygon2, L50, shiny|42/100|[from] Parting Shot
|-ability|p2b: Porygon2|Download|boost
|-boost|p2b: Porygon2|spa|1
|move|p1a: Rillaboom|High Horsepower|p2b: Porygon2
|-damage|p2b: Porygon2|33/100
|
|-heal|p2a: Ursaluna|70/100 brn|[from] Grassy Terrain
|-heal|p2b: Porygon2|40/100|[from] Grassy Terrain
|-damage|p2a: Ursaluna|64/100 brn|[from] brn
|-fieldend|move: Grassy Terrain
|upkeep
|turn|6
|
|t:|1756666845
|switch|p1a: Volcarona|Volcarona, L50, M|100/100
|-terastallize|p1b: Clefable|Ghost
|move|p2a: Ursaluna|Facade|p1a: Volcarona
|-damage|p1a: Volcarona|0 fnt
|faint|p1a: Volcarona
|move|p1b: Clefable|Life Dew||[still]
|-fail|p1b: Clefable|heal
|move|p2b: Porygon2|Recover|p2b: Porygon2
|-heal|p2b: Porygon2|90/100
|
|-damage|p2a: Ursaluna|58/100 brn|[from] brn
|-fieldend|move: Trick Room
|upkeep
|
|t:|1756666851
|switch|p1a: Rillaboom|Rillaboom, L50, F|100/100
|-fieldstart|move: Grassy Terrain|[from] ability: Grassy Surge|[of] p1a: Rillaboom
|turn|7
|
|t:|1756666862
|switch|p2a: Incineroar|Incineroar, L50, F|21/100
|-ability|p2a: Incineroar|Intimidate|boost
|-unboost|p1a: Rillaboom|atk|1
|-unboost|p1b: Clefable|atk|1
|move|p1a: Rillaboom|Wood Hammer|p2b: Porygon2
|-damage|p2b: Porygon2|57/100
|-damage|p1a: Rillaboom|90/100|[from] Recoil
|move|p1b: Clefable|Moonblast|p2a: Incineroar
|-damage|p2a: Incineroar|0 fnt
|faint|p2a: Incineroar
|move|p2b: Porygon2|Trick Room|p2b: Porygon2
|-fieldstart|move: Trick Room|[of] p2b: Porygon2
|
|-heal|p2b: Porygon2|63/100|[from] Grassy Terrain
|-heal|p1a: Rillaboom|96/100|[from] Grassy Terrain
|upkeep
|
|t:|1756666876
|switch|p2a: Ursaluna|Ursaluna, L50, F, tera:Ghost|58/100 brn
|turn|8
|
|t:|1756666884
|move|p1b: Clefable|Follow Me|p1b: Clefable
|-singleturn|p1b: Clefable|move: Follow Me
|move|p2a: Ursaluna|Headlong Rush|p1b: Clefable
|-damage|p1b: Clefable|20/100
|-unboost|p2a: Ursaluna|def|1
|-unboost|p2a: Ursaluna|spd|1
|move|p2b: Porygon2|Ice Beam|p1b: Clefable
|-damage|p1b: Clefable|0 fnt
|faint|p1b: Clefable
|move|p1a: Rillaboom|Wood Hammer|p2a: Ursaluna
|-damage|p2a: Ursaluna|8/100 brn
|-damage|p1a: Rillaboom|78/100|[from] Recoil
|
|-heal|p2a: Ursaluna|14/100 brn|[from] Grassy Terrain
|-heal|p2b: Porygon2|69/100|[from] Grassy Terrain
|-heal|p1a: Rillaboom|84/100|[from] Grassy Terrain
|-damage|p2a: Ursaluna|8/100 brn|[from] brn
|upkeep
|turn|9
|
|t:|1756666900
|move|p1a: Rillaboom|Grassy Glide|p2a: Ursaluna
|-damage|p2a: Ursaluna|0 fnt
|faint|p2a: Ursaluna
|move|p2b: Porygon2|Ice Beam|p1a: Rillaboom
|-supereffective|p1a: Rillaboom
|-damage|p1a: Rillaboom|22/100
|-status|p1a: Rillaboom|frz
|
|-heal|p2b: Porygon2|75/100|[from] Grassy Terrain
|-heal|p1a: Rillaboom|28/100 frz|[from] Grassy Terrain
|upkeep
|
|t:|1756666909
|switch|p2a: Gholdengo|Gholdengo, L50|100/100
|turn|10
|
|t:|1756666913
|move|p2b: Porygon2|Ice Beam|p1a: Rillaboom
|-supereffective|p1a: Rillaboom
|-damage|p1a: Rillaboom|0 fnt
|faint|p1a: Rillaboom
|
|win|Jakobtc
