|j|☆Omaruco
|j|☆wh1ssperr77
|html|Omarucowh1ssperr77    
|uhtml|bestof|Game 2 of a best-of-3
|t:|1785936949
|gametype|doubles
|player|p1|Omaruco|arven-s|1119
|player|p2|wh1ssperr77|pokekid|1116
|gen|9
|tier|[Gen 9 Champions] VGC 2026 Reg M-B (Bo3)
|rated|
|rule|Species Clause: Limit one of each Pokémon
|rule|Item Clause: Limit 1 of each item
|clearpoke
|poke|p1|Charizard, L50, F|
|poke|p1|Garchomp, L50, M|
|poke|p1|Incineroar, L50, F|
|poke|p1|Venusaur, L50, M|
|poke|p1|Raichu, L50, M|
|poke|p1|Sylveon, L50, M|
|poke|p2|Metagross, L50, shiny|
|poke|p2|Hydreigon, L50, F|
|poke|p2|Kommo-o, L50, M|
|poke|p2|Whimsicott, L50, M|
|poke|p2|Ninetales-Alola, L50, M|
|poke|p2|Ceruledge, L50, M|
|teampreview|4
|showteam|p1|Charizard||CharizarditeY|Blaze|WeatherBall,HeatWave,HelpingHand,Protect|Modest||F|||50|]Garchomp||ChoiceScarf|RoughSkin|RockSlide,DragonClaw,Earthquake,StompingTantrum|Adamant||M|||50|]Incineroar||SitrusBerry|Intimidate|FlareBlitz,FakeOut,DarkestLariat,PartingShot|Impish||F|||50|]Venusaur||LifeOrb|Chlorophyll|SludgeBomb,LeafStorm,EarthPower,Protect|Modest||M|||50|]Raichu||RaichuniteY|LightningRod|Protect,ZapCannon,FakeOut,FocusBlast|Timid||M|||50|]Sylveon||FairyFeather|Pixilate|HyperVoice,QuickAttack,HyperBeam,Detect|Modest||M|||50|
|showteam|p2|Metagross||Metagrossite|ClearBody|MeteorMash,BulletPunch,PsychicFangs,Protect|Adamant|||||50|]Hydreigon||ChoiceScarf|Levitate|DracoMeteor,DragonPulse,Snarl,EarthPower|Modest||F|||50|]Kommo-o||SitrusBerry|Soundproof|AuraSphere,ClangingScales,ClangorousSoul,Protect|Modest||M|||50|]Whimsicott||FocusSash|Prankster|Tailwind,Encore,Moonblast,Protect|Timid||M|||50|]Ninetales-Alola||NeverMeltIce|SnowWarning|Blizzard,FreezeDry,AuroraVeil,Protect|Timid||M|||50|]Ceruledge||ColburBerry|FlashFire|BitterBlade,Poltergeist,ShadowSneak,Protect|Adamant||M|||50|
|inactive|Battle timer is ON: inactive players will automatically lose when time's up. (requested by Omaruco)
|inactive|Omaruco has 60 seconds left.
|inactive|wh1ssperr77 has 60 seconds left.
|
|t:|1785936997
|teamsize|p1|4
|teamsize|p2|4
|start
|switch|p1a: Incineroar|Incineroar, L50, F|100/100
|switch|p1b: Charizard|Charizard, L50, F|100/100
|switch|p2a: Whimsicott|Whimsicott, L50, M|100/100
|switch|p2b: Kommo-o|Kommo-o, L50, M|100/100
|-ability|p1a: Incineroar|Intimidate|boost
|-unboost|p2a: Whimsicott|atk|1
|-unboost|p2b: Kommo-o|atk|1
|turn|1
|
|t:|1785937012
|detailschange|p1b: Charizard|Charizard-Mega-Y, L50, F
|-mega|p1b: Charizard|Charizard|Charizardite Y
|-weather|SunnyDay|[from] ability: Drought|[of] p1b: Charizard
|move|p2a: Whimsicott|Protect|p2a: Whimsicott
|-singleturn|p2a: Whimsicott|Protect
|move|p1a: Incineroar|Fake Out|p2b: Kommo-o
|-damage|p2b: Kommo-o|90/100
|move|p1b: Charizard|Weather Ball|p2a: Whimsicott
|-activate|p2a: Whimsicott|move: Protect
|cant|p2b: Kommo-o|flinch
|
|-weather|SunnyDay|[upkeep]
|upkeep
|turn|2
|
|t:|1785937030
|move|p2a: Whimsicott|Tailwind|p2a: Whimsicott
|-sidestart|p2: wh1ssperr77|move: Tailwind
|move|p2b: Kommo-o|Clangorous Soul|p2b: Kommo-o
|-boost|p2b: Kommo-o|atk|1
|-boost|p2b: Kommo-o|def|1
|-boost|p2b: Kommo-o|spa|1
|-boost|p2b: Kommo-o|spd|1
|-boost|p2b: Kommo-o|spe|1
|-damage|p2b: Kommo-o|58/100
|move|p1b: Charizard|Heat Wave|p2a: Whimsicott|[spread] p2a,p2b
|-supereffective|p2a: Whimsicott|1
|-resisted|p2b: Kommo-o|1
|-enditem|p2a: Whimsicott|Focus Sash
|-damage|p2a: Whimsicott|1/100
|-damage|p2b: Kommo-o|35/100
|-status|p2a: Whimsicott|brn
|-enditem|p2b: Kommo-o|Sitrus Berry|[eat]
|-heal|p2b: Kommo-o|60/100|[from] item: Sitrus Berry
|move|p1a: Incineroar|Parting Shot|p2a: Whimsicott
|-unboost|p2a: Whimsicott|atk|1
|-unboost|p2a: Whimsicott|spa|1
|
|t:|1785937040
|switch|p1a: Venusaur|Venusaur, L50, M|100/100|[from] Parting Shot
|
|-weather|SunnyDay|[upkeep]
|-damage|p2a: Whimsicott|0 fnt|[from] brn
|faint|p2a: Whimsicott
|upkeep
|
|t:|1785937046
|switch|p2a: Ninetales|Ninetales-Alola, L50, M|100/100
|-weather|Snowscape|[from] ability: Snow Warning|[of] p2a: Ninetales
|turn|3
|
|t:|1785937062
|move|p1a: Venusaur|Protect|p1a: Venusaur
|-singleturn|p1a: Venusaur|Protect
|move|p2b: Kommo-o|Clanging Scales|p1a: Venusaur|[spread] p1b
|-activate|p1a: Venusaur|move: Protect
|-damage|p1b: Charizard|47/100
|-unboost|p2b: Kommo-o|def|1
|move|p2a: Ninetales|Blizzard|p1b: Charizard|[spread] p1b
|-activate|p1a: Venusaur|move: Protect
|-damage|p1b: Charizard|10/100
|move|p1b: Charizard|Weather Ball|p2b: Kommo-o
|-supereffective|p2b: Kommo-o|1
|-damage|p2b: Kommo-o|3/100
|
|-weather|Snowscape|[upkeep]
|upkeep
|turn|4
|
|t:|1785937087
|switch|p1b: Garchomp|Garchomp, L50, M|100/100
|switch|p1a: Incineroar|Incineroar, L50, F|100/100
|-ability|p1a: Incineroar|Intimidate|boost
|-unboost|p2a: Ninetales|atk|1
|-unboost|p2b: Kommo-o|atk|1
|move|p2b: Kommo-o|Clanging Scales|p1a: Incineroar|[spread] p1a,p1b
|-supereffective|p1b: Garchomp|1
|-damage|p1a: Incineroar|53/100
|-damage|p1b: Garchomp|0 fnt
|faint|p1b: Garchomp
|-unboost|p2b: Kommo-o|def|1
|move|p2a: Ninetales|Blizzard|p1a: Incineroar
|-resisted|p1a: Incineroar|1
|-damage|p1a: Incineroar|32/100
|-enditem|p1a: Incineroar|Sitrus Berry|[eat]
|-heal|p1a: Incineroar|56/100|[from] item: Sitrus Berry
|
|-weather|Snowscape|[upkeep]
|upkeep
|
|t:|1785937090
|switch|p1b: Charizard|Charizard-Mega-Y, L50, F|10/100
|-weather|SunnyDay|[from] ability: Drought|[of] p1b: Charizard
|turn|5
|
|t:|1785937108
|switch|p2a: Hydreigon|Hydreigon, L50, F|100/100
|switch|p1b: Venusaur|Venusaur, L50, M|100/100
|move|p2b: Kommo-o|Protect|p2b: Kommo-o
|-singleturn|p2b: Kommo-o|Protect
|move|p1a: Incineroar|Fake Out|p2b: Kommo-o
|-activate|p2b: Kommo-o|move: Protect
|
|-weather|SunnyDay|[upkeep]
|-sideend|p2: wh1ssperr77|move: Tailwind
|upkeep
|turn|6
|inactive|wh1ssperr77 has 30 seconds left.
|
|t:|1785937141
|move|p1b: Venusaur|Sludge Bomb|p2b: Kommo-o
|-damage|p2b: Kommo-o|0 fnt
|faint|p2b: Kommo-o
|-damage|p1b: Venusaur|90/100|[from] item: Life Orb
|move|p2a: Hydreigon|Dragon Pulse|p1b: Venusaur
|-damage|p1b: Venusaur|34/100
|move|p1a: Incineroar|Parting Shot|p2a: Hydreigon
|-unboost|p2a: Hydreigon|atk|1
|-unboost|p2a: Hydreigon|spa|1
|
|t:|1785937146
|switch|p1a: Charizard|Charizard-Mega-Y, L50, F|10/100|[from] Parting Shot
|
|-weather|SunnyDay|[upkeep]
|upkeep
|
|t:|1785937151
|switch|p2b: Ninetales|Ninetales-Alola, L50, M|100/100
|-weather|Snowscape|[from] ability: Snow Warning|[of] p2b: Ninetales
|turn|7
|
|t:|1785937160
|switch|p1a: Incineroar|Incineroar, L50, F|56/100
|-ability|p1a: Incineroar|Intimidate|boost
|-unboost|p2a: Hydreigon|atk|1
|-unboost|p2b: Ninetales|atk|1
|move|p1b: Venusaur|Protect|p1b: Venusaur
|-singleturn|p1b: Venusaur|Protect
|move|p2a: Hydreigon|Dragon Pulse|p1a: Incineroar
|-damage|p1a: Incineroar|31/100
|move|p2b: Ninetales|Blizzard|p1a: Incineroar|[spread] p1a
|-activate|p1b: Venusaur|move: Protect
|-resisted|p1a: Incineroar|1
|-damage|p1a: Incineroar|17/100
|
|-weather|Snowscape|[upkeep]
|upkeep
|turn|8
|
|t:|1785937177
|switch|p1a: Charizard|Charizard-Mega-Y, L50, F|10/100
|-weather|SunnyDay|[from] ability: Drought|[of] p1a: Charizard
|move|p2b: Ninetales|Protect|p2b: Ninetales
|-singleturn|p2b: Ninetales|Protect
|move|p1b: Venusaur|Sludge Bomb|p2a: Hydreigon
|-damage|p2a: Hydreigon|38/100
|-damage|p1b: Venusaur|24/100|[from] item: Life Orb
|move|p2a: Hydreigon|Dragon Pulse|p1b: Venusaur
|-damage|p1b: Venusaur|0 fnt
|faint|p1b: Venusaur
|
|-weather|SunnyDay|[upkeep]
|upkeep
|
|t:|1785937186
|switch|p1b: Incineroar|Incineroar, L50, F|17/100
|-ability|p1b: Incineroar|Intimidate|boost
|-unboost|p2a: Hydreigon|atk|1
|-unboost|p2b: Ninetales|atk|1
|turn|9
|
|t:|1785937196
|move|p1b: Incineroar|Fake Out|p2a: Hydreigon
|-damage|p2a: Hydreigon|25/100
|cant|p2a: Hydreigon|flinch
|move|p2b: Ninetales|Blizzard|p1a: Charizard|[spread] p1a,p1b
|-resisted|p1b: Incineroar|1
|-damage|p1a: Charizard|0 fnt
|-damage|p1b: Incineroar|1/100
|faint|p1a: Charizard
|
|-weather|SunnyDay|[upkeep]
|upkeep
|turn|10
|-message|Omaruco forfeited.
|
|win|wh1ssperr77
