|j|☆mertering
|j|☆deivilaisla
|html|merteringdeivilaisla    
|uhtml|bestof|Game 1 of a best-of-3
|t:|1786004545
|gametype|doubles
|player|p1|mertering|steven|1163
|player|p2|deivilaisla|266|1192
|gen|9
|tier|[Gen 9 Champions] VGC 2026 Reg M-B (Bo3)
|rated|
|rule|Species Clause: Limit one of each Pokémon
|rule|Item Clause: Limit 1 of each item
|clearpoke
|poke|p1|Froslass, L50, F|
|poke|p1|Sneasler, L50, F|
|poke|p1|Kingambit, L50, F|
|poke|p1|Basculegion, L50, M|
|poke|p1|Lycanroc-Dusk, L50, F|
|poke|p1|Scovillain, L50, M|
|poke|p2|Gholdengo, L50|
|poke|p2|Sneasler, L50, F|
|poke|p2|Basculegion, L50, M|
|poke|p2|Whimsicott, L50, F|
|poke|p2|Garchomp, L50, M|
|poke|p2|Charizard, L50, F|
|teampreview|4
|showteam|p1|Froslass||Froslassite|CursedBody|Protect,Blizzard,AuroraVeil,ShadowBall|Modest||F|||50|]Sneasler||WhiteHerb|Unburden|Protect,CloseCombat,FakeOut,GunkShot|Adamant||F|||50|]Kingambit||BlackGlasses|Defiant|Protect,KowtowCleave,SwordsDance,SuckerPunch|Adamant||F|||50|]Basculegion||SitrusBerry|Adaptability|Protect,WaveCrash,LastRespects,AquaJet|Adamant||M|||50|]Lycanroc-Dusk||FocusSash|ToughClaws|Protect,Accelerock,RockSlide,CloseCombat|Adamant||F|||50|]Scovillain||Scovillainite|Moody|Protect,GigaDrain,Overheat,RagePowder|Bold||M|||50|
|showteam|p2|Gholdengo||MetalCoat|GoodasGold|MakeItRain,Protect,ShadowBall,NastyPlot|Modest|||||50|]Sneasler||WhiteHerb|Unburden|FakeOut,CloseCombat,DireClaw,Protect|Adamant||F|||50|]Basculegion||MysticWater|Adaptability|WaveCrash,LastRespects,AquaJet,Protect|Adamant||M|||50|]Whimsicott||FocusSash|Prankster|Moonblast,Tailwind,Encore,Protect|Timid||F|||50|]Garchomp||LifeOrb|RoughSkin|DragonClaw,Earthquake,RockSlide,Protect|Jolly||M|||50|]Charizard||CharizarditeY|Blaze|WeatherBall,SolarBeam,HeatWave,Protect|Modest||F|||50|
|inactive|Battle timer is ON: inactive players will automatically lose when time's up. (requested by mertering)
|inactive|deivilaisla has 60 seconds left.
|
|t:|1786004598
|teamsize|p1|4
|teamsize|p2|4
|start
|switch|p1a: Froslass|Froslass, L50, F|100/100
|switch|p1b: Sneasler|Sneasler, L50, F|100/100
|switch|p2a: Garchomp|Garchomp, L50, M|100/100
|switch|p2b: Whimsicott|Whimsicott, L50, F|100/100
|turn|1
|
|t:|1786004619
|detailschange|p1a: Froslass|Froslass-Mega, L50, F
|-mega|p1a: Froslass|Froslass|Froslassite
|-weather|Snowscape|[from] ability: Snow Warning|[of] p1a: Froslass
|move|p2b: Whimsicott|Protect|p2b: Whimsicott
|-singleturn|p2b: Whimsicott|Protect
|move|p2a: Garchomp|Protect|p2a: Garchomp
|-singleturn|p2a: Garchomp|Protect
|move|p1a: Froslass|Blizzard|p2b: Whimsicott|[spread] 
|-activate|p2a: Garchomp|move: Protect
|-activate|p2b: Whimsicott|move: Protect
|move|p1b: Sneasler|Close Combat|p2b: Whimsicott
|-activate|p2b: Whimsicott|move: Protect
|
|-weather|Snowscape|[upkeep]
|upkeep
|turn|2
|inactive|deivilaisla has 30 seconds left.
|inactive|deivilaisla has 20 seconds left.
|
|t:|1786004657
|move|p2b: Whimsicott|Tailwind|p2b: Whimsicott
|-sidestart|p2: deivilaisla|move: Tailwind
|move|p2a: Garchomp|Earthquake|p1b: Sneasler|[spread] p2b,p1a,p1b
|-resisted|p2b: Whimsicott|1
|-supereffective|p1b: Sneasler|1
|-damage|p2b: Whimsicott|67/100
|-damage|p1a: Froslass|56/100
|-damage|p1b: Sneasler|0 fnt
|faint|p1b: Sneasler
|-damage|p2a: Garchomp|90/100|[from] item: Life Orb
|move|p1a: Froslass|Blizzard|p2b: Whimsicott|[spread] p2a,p2b
|-supereffective|p2a: Garchomp|2
|-supereffective|p2b: Whimsicott|1
|-damage|p2a: Garchomp|0 fnt
|-damage|p2b: Whimsicott|0 fnt
|faint|p2a: Garchomp
|faint|p2b: Whimsicott
|
|-weather|Snowscape|[upkeep]
|upkeep
|
|t:|1786004675
|switch|p2b: Basculegion|Basculegion, L50, M|100/100
|switch|p2a: Charizard|Charizard, L50, F|100/100
|switch|p1b: Kingambit|Kingambit, L50, F|100/100
|turn|3
|inactive|mertering has 30 seconds left.
|
|t:|1786004704
|detailschange|p2a: Charizard|Charizard-Mega-Y, L50, F
|-mega|p2a: Charizard|Charizard|Charizardite Y
|-weather|SunnyDay|[from] ability: Drought|[of] p2a: Charizard
|move|p1b: Kingambit|Protect|p1b: Kingambit
|-singleturn|p1b: Kingambit|Protect
|move|p2b: Basculegion|Aqua Jet|p1a: Froslass
|-damage|p1a: Froslass|31/100
|move|p2a: Charizard|Heat Wave|p1a: Froslass|[spread] p1a
|-activate|p1b: Kingambit|move: Protect
|-supereffective|p1a: Froslass|1
|-damage|p1a: Froslass|0 fnt
|faint|p1a: Froslass
|
|-weather|SunnyDay|[upkeep]
|upkeep
|
|t:|1786004721
|switch|p1a: Lycanroc|Lycanroc-Dusk, L50, F|100/100
|turn|4
|
|t:|1786004745
|move|p2a: Charizard|Protect|p2a: Charizard
|-singleturn|p2a: Charizard|Protect
|move|p2b: Basculegion|Aqua Jet|p1a: Lycanroc
|-supereffective|p1a: Lycanroc|1
|-damage|p1a: Lycanroc|41/100
|move|p1a: Lycanroc|Accelerock|p2a: Charizard
|-activate|p2a: Charizard|move: Protect
|move|p1b: Kingambit|Kowtow Cleave|p2b: Basculegion
|-supereffective|p2b: Basculegion|1
|-damage|p2b: Basculegion|0 fnt
|faint|p2b: Basculegion
|
|-weather|SunnyDay|[upkeep]
|upkeep
|turn|5
|
|t:|1786004761
|move|p1a: Lycanroc|Accelerock|p2a: Charizard
|-supereffective|p2a: Charizard|2
|-damage|p2a: Charizard|0 fnt
|faint|p2a: Charizard
|
|win|mertering
||mertering is ready for game 2.
||deivilaisla is ready for game 2.
|uhtml|next|Next: Game 2 of 3
