|j|☆ryoshino19
|j|☆tessa scarlet
|html|ryoshino19tessa scarlet    
|uhtml|bestof|Game 3 of a best-of-3
|t:|1756473243
|gametype|doubles
|player|p1|ryoshino19|102|1288
|player|p2|tessa scarlet|102|1287
|gen|9
|tier|[Gen 9] VGC 2025 Reg H (Bo3)
|rated|
|rule|Species Clause: Limit one of each Pokémon
|rule|Item Clause: Limit 1 of each item
|clearpoke
|poke|p1|Murkrow, L50, F|
|poke|p1|Gholdengo, L50|
|poke|p1|Dondozo, L50, F|
|poke|p1|Tatsugiri, L50, F|
|poke|p1|Incineroar, L50, F|
|poke|p1|Garchomp, L50, F|
|poke|p2|Gholdengo, L50|
|poke|p2|Sneasler, L50, M|
|poke|p2|Rillaboom, L50, M|
|poke|p2|Dragonite, L50, M|
|poke|p2|Ninetales-Alola, L50, M|
|poke|p2|Arcanine-Hisui, L50, M|
|teampreview|4
|showteam|p1|Murkrow||Eviolite|Prankster|Tailwind,FoulPlay,RainDance,Haze|||F|||50|,,,,,Ghost]Gholdengo||ChoiceSpecs|GoodasGold|MakeItRain,DazzlingGleam,ShadowBall,Thunderbolt||||||50|,,,,,Steel]Dondozo||Leftovers|Unaware|WaveCrash,HeavySlam,OrderUp,Protect|||F|||50|,,,,,Grass]Tatsugiri||FocusSash|Commander|DracoMeteor,IcyWind,MuddyWater,Protect|||F|||50|,,,,,Stellar]Incineroar||SafetyGoggles|Intimidate|FlareBlitz,KnockOff,PartingShot,FakeOut|||F|||50|,,,,,Ghost]Garchomp||LifeOrb|RoughSkin|DragonClaw,StompingTantrum,RockSlide,Protect|||F|||50|,,,,,Fairy
|showteam|p2|Gholdengo||GrassySeed|GoodasGold|NastyPlot,MakeItRain,ShadowBall,Protect||||||50|,,,,,Water]Sneasler||WhiteHerb|Unburden|CloseCombat,DireClaw,Coaching,Protect|||M|||50|,,,,,Ghost]Rillaboom||AssaultVest|GrassySurge|FakeOut,GrassyGlide,DrumBeating,HighHorsepower|||M|||50|,,,,,Fire]Dragonite||LoadedDice|Multiscale|ScaleShot,StompingTantrum,Tailwind,Protect|||M|||50|,,,,,Ground]Ninetales-Alola||FocusSash|SnowWarning|Blizzard,IcyWind,Encore,AuroraVeil|||M|||50|,,,,,Ghost]Arcanine-Hisui||ClearAmulet|Intimidate|RockSlide,FlareBlitz,ExtremeSpeed,Protect|||M|||50|,,,,,Water
|inactive|Battle timer is ON: inactive players will automatically lose when time's up. (requested by ryoshino19)
|
|t:|1756473272
|teamsize|p1|4
|teamsize|p2|4
|start
|switch|p1a: Murkrow|Murkrow, L50, F|100/100
|switch|p1b: Gholdengo|Gholdengo, L50|100/100
|switch|p2a: Arcanine|Arcanine-Hisui, L50, M|100/100
|switch|p2b: Dragonite|Dragonite, L50, M|100/100
|-ability|p2a: Arcanine|Intimidate|boost
|-unboost|p1a: Murkrow|atk|1
|-unboost|p1b: Gholdengo|atk|1
|turn|1
|
|t:|1756473281
|-terastallize|p2a: Arcanine|Water
|move|p2b: Dragonite|Protect|p2b: Dragonite
|-singleturn|p2b: Dragonite|Protect
|move|p1a: Murkrow|Tailwind|p1a: Murkrow
|-sidestart|p1: ryoshino19|move: Tailwind
|move|p1b: Gholdengo|Make It Rain|p2b: Dragonite|[spread] p2a
|-activate|p2b: Dragonite|move: Protect
|-resisted|p2a: Arcanine
|-damage|p2a: Arcanine|52/100
|-unboost|p1b: Gholdengo|spa|1
|move|p2a: Arcanine|Flare Blitz|p1b: Gholdengo
|-supereffective|p1b: Gholdengo
|-damage|p1b: Gholdengo|0 fnt
|faint|p1b: Gholdengo
|-damage|p2a: Arcanine|21/100|[from] Recoil
|
|upkeep
|
|t:|1756473288
|switch|p1b: Dondozo|Dondozo, L50, F|100/100
|turn|2
|inactive|tessa scarlet has 30 seconds left.
|
|t:|1756473314
|switch|p2b: Ninetales|Ninetales-Alola, L50, M|100/100
|-weather|Snowscape|[from] ability: Snow Warning|[of] p2b: Ninetales
|move|p1a: Murkrow|Foul Play|p2a: Arcanine
|-damage|p2a: Arcanine|0 fnt
|faint|p2a: Arcanine
|move|p1b: Dondozo|Order Up|p2b: Ninetales
|-immune|p2b: Ninetales
|
|-weather|Snowscape|[upkeep]
|upkeep
|
|t:|1756473321
|switch|p2a: Dragonite|Dragonite, L50, M|100/100
|turn|3
|inactive|tessa scarlet has 30 seconds left.
|
|t:|1756473355
|switch|p1a: Tatsugiri|Tatsugiri, L50, F|100/100
|-activate|p1a: Tatsugiri|ability: Commander|[of] p1b: Dondozo
|-boost|p1b: Dondozo|atk|2
|-boost|p1b: Dondozo|spa|2
|-boost|p1b: Dondozo|spe|2
|-boost|p1b: Dondozo|def|2
|-boost|p1b: Dondozo|spd|2
|move|p1b: Dondozo|Heavy Slam|p2b: Ninetales
|-supereffective|p2b: Ninetales
|-enditem|p2b: Ninetales|Focus Sash
|-damage|p2b: Ninetales|1/100
|move|p2b: Ninetales|Blizzard|p1b: Dondozo|[spread] p1b
|-miss|p2b: Ninetales|p1a: Tatsugiri
|-resisted|p1b: Dondozo
|-damage|p1b: Dondozo|93/100
|move|p2a: Dragonite|Scale Shot|p1b: Dondozo
|-damage|p1b: Dondozo|89/100
|-damage|p1b: Dondozo|84/100
|-damage|p1b: Dondozo|79/100
|-damage|p1b: Dondozo|74/100
|-hitcount|p1b: Dondozo|4
|-unboost|p2a: Dragonite|def|1
|-boost|p2a: Dragonite|spe|1
|
|-weather|Snowscape|[upkeep]
|-heal|p1b: Dondozo|81/100|[from] item: Leftovers
|upkeep
|turn|4
|inactive|tessa scarlet has 30 seconds left.
|
|t:|1756473380
|switch|p2b: Rillaboom|Rillaboom, L50, M|100/100
|-fieldstart|move: Grassy Terrain|[from] ability: Grassy Surge|[of] p2b: Rillaboom
|move|p1b: Dondozo|Heavy Slam|p2b: Rillaboom
|-damage|p2b: Rillaboom|67/100
|move|p2a: Dragonite|Scale Shot|p1b: Dondozo
|-damage|p1b: Dondozo|76/100
|-damage|p1b: Dondozo|70/100
|-damage|p1b: Dondozo|65/100
|-damage|p1b: Dondozo|60/100
|-hitcount|p1b: Dondozo|4
|-unboost|p2a: Dragonite|def|1
|-boost|p2a: Dragonite|spe|1
|
|-weather|Snowscape|[upkeep]
|-heal|p1b: Dondozo|67/100|[from] Grassy Terrain
|-heal|p1b: Dondozo|73/100|[from] item: Leftovers
|-heal|p2b: Rillaboom|73/100|[from] Grassy Terrain
|-sideend|p1: ryoshino19|move: Tailwind
|upkeep
|turn|5
|
|t:|1756473394
|-terastallize|p1b: Dondozo|Grass
|move|p2b: Rillaboom|Fake Out|p1b: Dondozo
|-damage|p1b: Dondozo|68/100
|move|p2a: Dragonite|Scale Shot|p1b: Dondozo
|-damage|p1b: Dondozo|63/100
|-damage|p1b: Dondozo|58/100
|-damage|p1b: Dondozo|54/100
|-damage|p1b: Dondozo|49/100
|-hitcount|p1b: Dondozo|4
|-unboost|p2a: Dragonite|def|1
|-boost|p2a: Dragonite|spe|1
|cant|p1b: Dondozo|flinch
|
|-weather|Snowscape|[upkeep]
|-heal|p2b: Rillaboom|79/100|[from] Grassy Terrain
|-heal|p1b: Dondozo|55/100|[from] Grassy Terrain
|-heal|p1b: Dondozo|61/100|[from] item: Leftovers
|upkeep
|turn|6
|
|t:|1756473410
|move|p2a: Dragonite|Scale Shot|p1b: Dondozo|[miss]
|-miss|p2a: Dragonite|p1b: Dondozo
|move|p2b: Rillaboom|Drum Beating|p1b: Dondozo
|-resisted|p1b: Dondozo
|-damage|p1b: Dondozo|53/100
|-unboost|p1b: Dondozo|spe|1
|move|p1b: Dondozo|Order Up|p2a: Dragonite
|-supereffective|p2a: Dragonite
|-damage|p2a: Dragonite|48/100
|-boost|p1b: Dondozo|atk|1
|
|-weather|none
|-heal|p2b: Rillaboom|85/100|[from] Grassy Terrain
|-heal|p1b: Dondozo|59/100|[from] Grassy Terrain
|-heal|p1b: Dondozo|65/100|[from] item: Leftovers
|upkeep
|turn|7
|
|t:|1756473427
|switch|p2b: Ninetales|Ninetales-Alola, L50, M|1/100
|-weather|Snowscape|[from] ability: Snow Warning|[of] p2b: Ninetales
|move|p2a: Dragonite|Protect|p2a: Dragonite
|-singleturn|p2a: Dragonite|Protect
|move|p1b: Dondozo|Order Up|p2b: Ninetales
|-immune|p2b: Ninetales
|
|-weather|Snowscape|[upkeep]
|-heal|p2b: Ninetales|7/100|[from] Grassy Terrain
|-heal|p1b: Dondozo|72/100|[from] Grassy Terrain
|-heal|p1b: Dondozo|78/100|[from] item: Leftovers
|upkeep
|turn|8
|
|t:|1756473437
|move|p2a: Dragonite|Scale Shot|p1b: Dondozo
|-damage|p1b: Dondozo|73/100
|-damage|p1b: Dondozo|68/100
|-damage|p1b: Dondozo|63/100
|-damage|p1b: Dondozo|58/100
|-damage|p1b: Dondozo|53/100
|-hitcount|p1b: Dondozo|5
|-unboost|p2a: Dragonite|def|1
|-boost|p2a: Dragonite|spe|1
|move|p2b: Ninetales|Blizzard|p1b: Dondozo|[spread] p1b
|-miss|p2b: Ninetales|p1a: Tatsugiri
|-supereffective|p1b: Dondozo
|-damage|p1b: Dondozo|23/100
|move|p1b: Dondozo|Order Up|p2a: Dragonite
|-supereffective|p2a: Dragonite
|-damage|p2a: Dragonite|0 fnt
|faint|p2a: Dragonite
|-boost|p1b: Dondozo|atk|1
|
|-weather|Snowscape|[upkeep]
|-heal|p2b: Ninetales|13/100|[from] Grassy Terrain
|-heal|p1b: Dondozo|29/100|[from] Grassy Terrain
|-heal|p1b: Dondozo|35/100|[from] item: Leftovers
|-fieldend|move: Grassy Terrain
|upkeep
|
|t:|1756473451
|switch|p2a: Rillaboom|Rillaboom, L50, M|85/100
|-fieldstart|move: Grassy Terrain|[from] ability: Grassy Surge|[of] p2a: Rillaboom
|turn|9
|
|t:|1756473455
|move|p2a: Rillaboom|Fake Out|p1b: Dondozo
|-damage|p1b: Dondozo|31/100
|move|p2b: Ninetales|Blizzard|p1b: Dondozo|[spread] p1b
|-miss|p2b: Ninetales|p1a: Tatsugiri
|-supereffective|p1b: Dondozo
|-damage|p1b: Dondozo|3/100
|cant|p1b: Dondozo|flinch
|
|-weather|Snowscape|[upkeep]
|-heal|p2b: Ninetales|19/100|[from] Grassy Terrain
|-heal|p2a: Rillaboom|90/100|[from] Grassy Terrain
|-heal|p1b: Dondozo|9/100|[from] Grassy Terrain
|-heal|p1b: Dondozo|15/100|[from] item: Leftovers
|upkeep
|turn|10
|
|t:|1756473462
|move|p2b: Ninetales|Blizzard|p1b: Dondozo|[spread] p1b
|-miss|p2b: Ninetales|p1a: Tatsugiri
|-supereffective|p1b: Dondozo
|-damage|p1b: Dondozo|0 fnt
|faint|p1b: Dondozo
|move|p2a: Rillaboom|Drum Beating|p1a: Tatsugiri
|-damage|p1a: Tatsugiri|7/100
|-unboost|p1a: Tatsugiri|spe|1
|
|-weather|Snowscape|[upkeep]
|-heal|p2b: Ninetales|25/100|[from] Grassy Terrain
|-heal|p2a: Rillaboom|96/100|[from] Grassy Terrain
|-heal|p1a: Tatsugiri|13/100|[from] Grassy Terrain
|upkeep
|
|t:|1756473467
|switch|p1b: Murkrow|Murkrow, L50, F|100/100
|turn|11
|
|t:|1756473482
|move|p1a: Tatsugiri|Protect|p1a: Tatsugiri
|-singleturn|p1a: Tatsugiri|Protect
|move|p2a: Rillaboom|Grassy Glide|p1a: Tatsugiri
|-activate|p1a: Tatsugiri|move: Protect
|move|p1b: Murkrow|Rain Dance|p1b: Murkrow
|-weather|RainDance
|move|p2b: Ninetales|Blizzard|p1b: Murkrow|[spread] 
|-activate|p1a: Tatsugiri|move: Protect
|-miss|p2b: Ninetales|p1b: Murkrow
|
|-weather|RainDance|[upkeep]
|-heal|p2b: Ninetales|31/100|[from] Grassy Terrain
|-heal|p2a: Rillaboom|100/100|[from] Grassy Terrain
|-heal|p1a: Tatsugiri|19/100|[from] Grassy Terrain
|upkeep
|turn|12
|
|t:|1756473498
|move|p2a: Rillaboom|Grassy Glide|p1a: Tatsugiri
|-damage|p1a: Tatsugiri|0 fnt
|faint|p1a: Tatsugiri
|move|p1b: Murkrow|Tailwind|p1b: Murkrow
|-sidestart|p1: ryoshino19|move: Tailwind
|move|p2b: Ninetales|Blizzard|p1b: Murkrow|[miss]
|-miss|p2b: Ninetales|p1b: Murkrow
|
|-weather|RainDance|[upkeep]
|-heal|p2b: Ninetales|37/100|[from] Grassy Terrain
|upkeep
|turn|13
|
|t:|1756473510
|move|p1b: Murkrow|Foul Play|p2a: Rillaboom
|-damage|p2a: Rillaboom|54/100
|move|p2b: Ninetales|Blizzard|p1b: Murkrow
|-supereffective|p1b: Murkrow
|-damage|p1b: Murkrow|13/100
|move|p2a: Rillaboom|Drum Beating|p1b: Murkrow
|-resisted|p1b: Murkrow
|-damage|p1b: Murkrow|0 fnt
|faint|p1b: Murkrow
|
|win|tessa scarlet
|raw|ryoshino19's rating: 1288 → 1263(-25 for losing)
|raw|tessa scarlet's rating: 1287 → 1312(+25 for winning)
|l|☆ryoshino19
|player|p1|
