|j|☆dr_sugus_vgc
|j|☆catastrozzoliverdi
|html|dr_sugus_vgccatastrozzoliverdi    
|uhtml|bestof|Game 3 of a best-of-3
|t:|1757846851
|gametype|doubles
|player|p1|dr_sugus_vgc|169|1330
|player|p2|catastrozzoliverdi|alder|1391
|gen|9
|tier|[Gen 9] VGC 2025 Reg H (Bo3)
|rated|
|rule|Species Clause: Limit one of each Pokémon
|rule|Item Clause: Limit 1 of each item
|clearpoke
|poke|p1|Dragonite, L50, F|
|poke|p1|Ursaluna-Bloodmoon, L50, M|
|poke|p1|Gholdengo, L50|
|poke|p1|Maushold-Four, L50|
|poke|p1|Annihilape, L50, M|
|poke|p1|Rillaboom, L50, M|
|poke|p2|Garchomp, L50, M|
|poke|p2|Jumpluff, L50, F|
|poke|p2|Torkoal, L50, M|
|poke|p2|Dragonite, L50, M|
|poke|p2|Kingambit, L50, M|
|poke|p2|Typhlosion-Hisui, L50, M|
|teampreview|4
|showteam|p1|Dragonite||LoadedDice|Multiscale|ScaleShot,Tailwind,Haze,Protect|||F|||50|,,,,,Fairy]Ursaluna-Bloodmoon||AssaultVest|MindsEye|BloodMoon,HyperVoice,EarthPower,VacuumWave|||M|||50|,,,,,Water]Gholdengo||LifeOrb|GoodasGold|MakeItRain,ShadowBall,NastyPlot,Protect||||||50|,,,,,Dragon]Maushold-Four||FocusSash|FriendGuard|BeatUp,FollowMe,Taunt,Protect||||||50|,,,,,Ghost]Annihilape||SitrusBerry|Defiant|RageFist,DrainPunch,BulkUp,Protect|||M|||50|,,,,,Fire]Rillaboom||MiracleSeed|GrassySurge|FakeOut,GrassyGlide,WoodHammer,HighHorsepower|||M|||50|,,,,,Fire
|showteam|p2|Garchomp||LifeOrb|RoughSkin|Earthquake,StompingTantrum,DragonClaw,Protect|||M|||50|,,,,,Fairy]Jumpluff||CovertCloak|Chlorophyll|SleepPowder,RagePowder,Encore,Tailwind|||F|||50|,,,,,Ghost]Torkoal||EjectPack|Drought|Overheat,BurningJealousy,HelpingHand,Protect|||M|||50|,,,,,Flying]Dragonite||LoadedDice|Multiscale|ScaleShot,ExtremeSpeed,IceSpinner,Protect|||M|||50|,,,,,Fairy]Kingambit||AssaultVest|Defiant|IronHead,SuckerPunch,Assurance,LowKick|||M|||50|,,,,,Flying]Typhlosion-Hisui||ChoiceSpecs|Blaze|Eruption,ShadowBall,HeatWave,Overheat|||M|||50|,,,,,Fire
|inactive|Battle timer is ON: inactive players will automatically lose when time's up. (requested by catastrozzoliverdi)
|inactive|catastrozzoliverdi has 60 seconds left.
|
|t:|1757846900
|teamsize|p1|4
|teamsize|p2|4
|start
|switch|p1a: Ursaluna|Ursaluna-Bloodmoon, L50, M|100/100
|switch|p1b: Dragonite|Dragonite, L50, F, shiny|100/100
|switch|p2a: Garchomp|Garchomp, L50, M|100/100
|switch|p2b: Jumpluff|Jumpluff, L50, F|100/100
|turn|1
|
|t:|1757846925
|switch|p1a: Rillaboom|Rillaboom, L50, M|100/100
|-fieldstart|move: Grassy Terrain|[from] ability: Grassy Surge|[of] p1a: Rillaboom
|-terastallize|p2a: Garchomp|Fairy
|move|p2b: Jumpluff|Sleep Powder|p1a: Rillaboom
|-immune|p1a: Rillaboom
|move|p2a: Garchomp|Earthquake|p1b: Dragonite|[spread] p1a
|-immune|p2b: Jumpluff
|-immune|p1b: Dragonite
|-resisted|p1a: Rillaboom
|-damage|p1a: Rillaboom|89/100
|-damage|p2a: Garchomp|91/100|[from] item: Life Orb
|move|p1b: Dragonite|Scale Shot|p2a: Garchomp
|-immune|p2a: Garchomp
|
|-heal|p2a: Garchomp|97/100|[from] Grassy Terrain
|-heal|p1a: Rillaboom|95/100|[from] Grassy Terrain
|upkeep
|turn|2
|
|t:|1757846947
|move|p2b: Jumpluff|Tailwind|p2b: Jumpluff
|-sidestart|p2: catastrozzoliverdi|move: Tailwind
|move|p2a: Garchomp|Dragon Claw|p1b: Dragonite
|-supereffective|p1b: Dragonite
|-damage|p1b: Dragonite|44/100
|-damage|p2a: Garchomp|87/100|[from] item: Life Orb
|move|p1b: Dragonite|Scale Shot|p2b: Jumpluff
|-damage|p2b: Jumpluff|80/100
|-damage|p2b: Jumpluff|61/100
|-damage|p2b: Jumpluff|43/100
|-damage|p2b: Jumpluff|23/100
|-damage|p2b: Jumpluff|4/100
|-hitcount|p2b: Jumpluff|5
|-unboost|p1b: Dragonite|def|1
|-boost|p1b: Dragonite|spe|1
|move|p1a: Rillaboom|Wood Hammer|p2a: Garchomp
|-damage|p2a: Garchomp|0 fnt
|-damage|p1a: Rillaboom|83/100|[from] ability: Rough Skin|[of] p2a: Garchomp
|faint|p2a: Garchomp
|-damage|p1a: Rillaboom|56/100|[from] Recoil
|
|-heal|p1a: Rillaboom|62/100|[from] Grassy Terrain
|upkeep
|
|t:|1757846971
|switch|p2a: Typhlosion|Typhlosion-Hisui, L50, M|100/100
|turn|3
|
|t:|1757846992
|switch|p2b: Torkoal|Torkoal, L50, M|100/100
|-weather|SunnyDay|[from] ability: Drought|[of] p2b: Torkoal
|move|p1a: Rillaboom|Grassy Glide|p2b: Torkoal
|-resisted|p2b: Torkoal
|-damage|p2b: Torkoal|84/100
|move|p2a: Typhlosion|Heat Wave|p1b: Dragonite|[spread] p1a,p1b
|-supereffective|p1a: Rillaboom
|-crit|p1a: Rillaboom
|-resisted|p1b: Dragonite
|-damage|p1a: Rillaboom|0 fnt
|-damage|p1b: Dragonite|0 fnt
|faint|p1a: Rillaboom
|faint|p1b: Dragonite
|
|-weather|SunnyDay|[upkeep]
|-heal|p2b: Torkoal|90/100|[from] Grassy Terrain
|upkeep
|
|t:|1757847006
|switch|p1b: Ursaluna|Ursaluna-Bloodmoon, L50, M|100/100
|switch|p1a: Maushold|Maushold-Four, L50|100/100
|turn|4
|inactive|catastrozzoliverdi has 30 seconds left.
|inactive|catastrozzoliverdi has 20 seconds left.
|
|t:|1757847042
|switch|p2a: Jumpluff|Jumpluff, L50, F|4/100
|-terastallize|p1b: Ursaluna|Water
|move|p1a: Maushold|Protect|p1a: Maushold
|-singleturn|p1a: Maushold|Protect
|move|p2b: Torkoal|Protect|p2b: Torkoal
|-singleturn|p2b: Torkoal|Protect
|move|p1b: Ursaluna|Hyper Voice|p2a: Jumpluff|[spread] p2a
|-activate|p2b: Torkoal|move: Protect
|-damage|p2a: Jumpluff|0 fnt
|faint|p2a: Jumpluff
|
|-weather|SunnyDay|[upkeep]
|-heal|p2b: Torkoal|96/100|[from] Grassy Terrain
|upkeep
|
|t:|1757847045
|switch|p2a: Typhlosion|Typhlosion-Hisui, L50, M|100/100
|turn|5
|
|t:|1757847075
|move|p1a: Maushold|Follow Me|p1a: Maushold
|-singleturn|p1a: Maushold|move: Follow Me
|move|p2a: Typhlosion|Eruption|p1a: Maushold|[spread] p1a,p1b
|-resisted|p1b: Ursaluna
|-enditem|p1a: Maushold|Focus Sash
|-damage|p1a: Maushold|1/100
|-damage|p1b: Ursaluna|69/100
|move|p2b: Torkoal|Burning Jealousy|p1b: Ursaluna|[spread] p1a,p1b
|-resisted|p1b: Ursaluna
|-damage|p1a: Maushold|0 fnt
|-damage|p1b: Ursaluna|61/100
|faint|p1a: Maushold
|move|p1b: Ursaluna|Earth Power|p2b: Torkoal
|-supereffective|p2b: Torkoal
|-crit|p2b: Torkoal
|-damage|p2b: Torkoal|0 fnt
|faint|p2b: Torkoal
|
|-weather|SunnyDay|[upkeep]
|-heal|p1b: Ursaluna|67/100|[from] Grassy Terrain
|-sideend|p2: catastrozzoliverdi|move: Tailwind
|-fieldend|move: Grassy Terrain
|upkeep
|turn|6
|
|t:|1757847096
|move|p2a: Typhlosion|Eruption|p1b: Ursaluna
|-resisted|p1b: Ursaluna
|-damage|p1b: Ursaluna|16/100
|move|p1b: Ursaluna|Earth Power|p2a: Typhlosion
|-supereffective|p2a: Typhlosion
|-damage|p2a: Typhlosion|0 fnt
|faint|p2a: Typhlosion
|
|win|dr_sugus_vgc
|raw|dr_sugus_vgc's rating: 1330 → 1353(+23 for winning)
|raw|catastrozzoliverdi's rating: 1391 → 1368(-23 for losing)
