|j|☆Kahizar
|j|☆guiltypleasure06
|html|Kahizarguiltypleasure06    
|uhtml|bestof|Game 1 of a best-of-3
|t:|1757684261
|gametype|doubles
|player|p1|Kahizar|169|1067
|player|p2|guiltypleasure06|1|1220
|gen|9
|tier|[Gen 9] VGC 2025 Reg H (Bo3)
|rated|
|rule|Species Clause: Limit one of each Pokémon
|rule|Item Clause: Limit 1 of each item
|clearpoke
|poke|p1|Sneasler, L50, M|
|poke|p1|Rillaboom, L50, F|
|poke|p1|Palafin, L50, M|
|poke|p1|Hydreigon, L50, M|
|poke|p1|Gholdengo, L50|
|poke|p1|Typhlosion-Hisui, L50, M|
|poke|p2|Sneasler, L50, F|
|poke|p2|Dondozo, L50, F|
|poke|p2|Magmar, L50, M|
|poke|p2|Rillaboom, L50, M|
|poke|p2|Dragonite, L50, F|
|poke|p2|Kingambit, L50, M|
|teampreview|4
|showteam|p1|Sneasler||LifeOrb|PoisonTouch|CloseCombat,FakeOut,DireClaw,Protect|||M|||50|,,,,,Stellar]Rillaboom||AssaultVest|GrassySurge|WoodHammer,GrassyGlide,FakeOut,Uturn|||F|||50|,,,,,Grass]Palafin||ChoiceBand|ZerotoHero|FlipTurn,JetPunch,IcePunch,WaveCrash|||M|||50|,,,,,Water]Hydreigon||CovertCloak|Levitate|DracoMeteor,EarthPower,DarkPulse,Protect|||M|||50|,,,,,Steel]Gholdengo||ChoiceSpecs|GoodasGold|MakeItRain,DazzlingGleam,ShadowBall,TeraBlast||||||50|,,,,,Steel]Typhlosion-Hisui||ChoiceScarf|Blaze|Eruption,Overheat,ShadowBall,WillOWisp|||M|||50|,,,,,Fire
|showteam|p2|Sneasler||FocusSash|Unburden|CloseCombat,DireClaw,Coaching,Protect|||F|||50|,,,,,Stellar]Dondozo||Leftovers|Unaware|Liquidation,Yawn,Protect,Fissure|||F|||50|,,,,,Fire]Magmar||Eviolite|VitalSpirit|Overheat,WillOWisp,FollowMe,Protect|||M|||50|,,,,,Dragon]Rillaboom||AssaultVest|GrassySurge|WoodHammer,GrassyGlide,Uturn,FakeOut|||M|||50|,,,,,Fire]Dragonite||LoadedDice|Multiscale|ExtremeSpeed,ScaleShot,LowKick,Protect|||F|||50|,,,,,Fairy]Kingambit||BlackGlasses|Defiant|Protect,SwordsDance,SuckerPunch,KowtowCleave|||M|||50|,,,,,Dark
|
|t:|1757684329
|teamsize|p1|4
|teamsize|p2|4
|start
|switch|p1a: Sneasler|Sneasler, L50, M|100/100
|switch|p1b: Palafin|Palafin, L50, M|100/100
|switch|p2a: Magmar|Magmar, L50, M|100/100
|switch|p2b: Dragonite|Dragonite, L50, F|100/100
|turn|1
|
|t:|1757684346
|move|p1a: Sneasler|Fake Out|p2b: Dragonite
|-damage|p2b: Dragonite|92/100
|-damage|p1a: Sneasler|91/100|[from] item: Life Orb
|move|p1b: Palafin|Flip Turn|p2a: Magmar
|-supereffective|p2a: Magmar
|-damage|p2a: Magmar|53/100
|
|t:|1757684360
|detailschange|p1b: Palafin|Palafin-Hero, L50, M
|switch|p1b: Gholdengo|Gholdengo, L50|100/100|[from] Flip Turn
|move|p2a: Magmar|Will-O-Wisp|p1a: Sneasler
|-status|p1a: Sneasler|brn
|cant|p2b: Dragonite|flinch
|
|-damage|p1a: Sneasler|85/100 brn|[from] brn
|upkeep
|turn|2
|
|t:|1757684375
|-terastallize|p1b: Gholdengo|Steel
|move|p1a: Sneasler|Close Combat|p2a: Magmar
|-damage|p2a: Magmar|19/100
|-unboost|p1a: Sneasler|def|1
|-unboost|p1a: Sneasler|spd|1
|-damage|p1a: Sneasler|75/100 brn|[from] item: Life Orb
|move|p1b: Gholdengo|Make It Rain|p2a: Magmar|[spread] p2a,p2b
|-resisted|p2a: Magmar
|-damage|p2a: Magmar|0 fnt
|-damage|p2b: Dragonite|0 fnt
|-unboost|p1b: Gholdengo|spa|1
|faint|p2a: Magmar
|faint|p2b: Dragonite
|
|-damage|p1a: Sneasler|70/100 brn|[from] brn
|upkeep
|
|t:|1757684390
|switch|p2a: Sneasler|Sneasler, L50, F|100/100
|switch|p2b: Dondozo|Dondozo, L50, F|100/100
|turn|3
|
|t:|1757684402
|switch|p1b: Rillaboom|Rillaboom, L50, F|100/100
|-fieldstart|move: Grassy Terrain|[from] ability: Grassy Surge|[of] p1b: Rillaboom
|move|p2a: Sneasler|Close Combat|p1b: Rillaboom
|-damage|p1b: Rillaboom|40/100
|-unboost|p2a: Sneasler|def|1
|-unboost|p2a: Sneasler|spd|1
|move|p1a: Sneasler|Dire Claw|p2b: Dondozo
|-damage|p2b: Dondozo|82/100
|-status|p2b: Dondozo|psn|[from] ability: Poison Touch|[of] p1a: Sneasler
|-damage|p1a: Sneasler|60/100 brn|[from] item: Life Orb
|move|p2b: Dondozo|Liquidation|p1a: Sneasler
|-damage|p1a: Sneasler|0 fnt
|faint|p1a: Sneasler
|
|-heal|p1b: Rillaboom|45/100|[from] Grassy Terrain
|-heal|p2b: Dondozo|89/100 psn|[from] Grassy Terrain
|-heal|p2b: Dondozo|95/100 psn|[from] item: Leftovers
|-damage|p2b: Dondozo|82/100 psn|[from] psn
|upkeep
|
|t:|1757684422
|switch|p1a: Palafin|Palafin-Hero, L50, M|100/100
|-activate|p1a: Palafin|ability: Zero to Hero
|turn|4
|
|t:|1757684430
|move|p2a: Sneasler|Protect|p2a: Sneasler
|-singleturn|p2a: Sneasler|Protect
|move|p2b: Dondozo|Protect|p2b: Dondozo
|-singleturn|p2b: Dondozo|Protect
|move|p1a: Palafin|Wave Crash|p2a: Sneasler
|-activate|p2a: Sneasler|move: Protect
|move|p1b: Rillaboom|Wood Hammer|p2b: Dondozo
|-activate|p2b: Dondozo|move: Protect
|
|-heal|p1b: Rillaboom|51/100|[from] Grassy Terrain
|-heal|p2b: Dondozo|89/100 psn|[from] Grassy Terrain
|-heal|p2b: Dondozo|95/100 psn|[from] item: Leftovers
|-damage|p2b: Dondozo|82/100 psn|[from] psn
|upkeep
|turn|5
|
|t:|1757684472
|-terastallize|p2b: Dondozo|Fire
|move|p2a: Sneasler|Dire Claw|p1a: Palafin
|-damage|p1a: Palafin|61/100
|move|p1a: Palafin|Wave Crash|p2a: Sneasler
|-enditem|p2a: Sneasler|Focus Sash
|-damage|p2a: Sneasler|1/100
|-damage|p1a: Palafin|35/100|[from] Recoil
|move|p1b: Rillaboom|Wood Hammer|p2b: Dondozo
|-resisted|p2b: Dondozo
|-damage|p2b: Dondozo|53/100 psn
|-damage|p1b: Rillaboom|40/100|[from] Recoil
|move|p2b: Dondozo|Yawn|p1b: Rillaboom
|-start|p1b: Rillaboom|move: Yawn|[of] p2b: Dondozo
|
|-heal|p2a: Sneasler|7/100|[from] Grassy Terrain
|-heal|p1a: Palafin|41/100|[from] Grassy Terrain
|-heal|p1b: Rillaboom|45/100|[from] Grassy Terrain
|-heal|p2b: Dondozo|59/100 psn|[from] Grassy Terrain
|-heal|p2b: Dondozo|65/100 psn|[from] item: Leftovers
|-damage|p2b: Dondozo|53/100 psn|[from] psn
|upkeep
|turn|6
|
|t:|1757684515
|move|p2a: Sneasler|Protect|p2a: Sneasler
|-singleturn|p2a: Sneasler|Protect
|move|p2b: Dondozo|Protect|p2b: Dondozo
|-singleturn|p2b: Dondozo|Protect
|move|p1b: Rillaboom|Grassy Glide|p2a: Sneasler
|-activate|p2a: Sneasler|move: Protect
|move|p1a: Palafin|Wave Crash|p2b: Dondozo
|-activate|p2b: Dondozo|move: Protect
|
|-heal|p2a: Sneasler|13/100|[from] Grassy Terrain
|-heal|p1a: Palafin|47/100|[from] Grassy Terrain
|-heal|p1b: Rillaboom|51/100|[from] Grassy Terrain
|-heal|p2b: Dondozo|59/100 psn|[from] Grassy Terrain
|-heal|p2b: Dondozo|65/100 psn|[from] item: Leftovers
|-damage|p2b: Dondozo|53/100 psn|[from] psn
|-end|p1b: Rillaboom|move: Yawn|[silent]
|-status|p1b: Rillaboom|slp
|upkeep
|turn|7
|
|t:|1757684553
|switch|p1a: Gholdengo|Gholdengo, L50, tera:Steel|100/100
|cant|p1b: Rillaboom|slp
|move|p2a: Sneasler|Close Combat|p1a: Gholdengo
|-supereffective|p1a: Gholdengo
|-damage|p1a: Gholdengo|0 fnt
|-unboost|p2a: Sneasler|def|1
|-unboost|p2a: Sneasler|spd|1
|faint|p1a: Gholdengo
|move|p2b: Dondozo|Fissure|p1b: Rillaboom|[miss]
|-miss|p2b: Dondozo|p1b: Rillaboom
|
|-heal|p2a: Sneasler|18/100|[from] Grassy Terrain
|-heal|p1b: Rillaboom|57/100 slp|[from] Grassy Terrain
|-heal|p2b: Dondozo|59/100 psn|[from] Grassy Terrain
|-heal|p2b: Dondozo|65/100 psn|[from] item: Leftovers
|-damage|p2b: Dondozo|53/100 psn|[from] psn
|-fieldend|move: Grassy Terrain
|upkeep
|
|t:|1757684568
|switch|p1a: Palafin|Palafin-Hero, L50, M|47/100
|turn|8
|
|t:|1757684590
|move|p2a: Sneasler|Protect|p2a: Sneasler
|-singleturn|p2a: Sneasler|Protect
|move|p1a: Palafin|Jet Punch|p2a: Sneasler
|-activate|p2a: Sneasler|move: Protect
|cant|p1b: Rillaboom|slp
|move|p2b: Dondozo|Yawn|p1a: Palafin
|-start|p1a: Palafin|move: Yawn|[of] p2b: Dondozo
|
|-heal|p2b: Dondozo|59/100 psn|[from] item: Leftovers
|-damage|p2b: Dondozo|47/100 psn|[from] psn
|upkeep
|turn|9
|
|t:|1757684611
|move|p2a: Sneasler|Protect||[still]
|-fail|p2a: Sneasler
|move|p1a: Palafin|Jet Punch|p2a: Sneasler
|-damage|p2a: Sneasler|0 fnt
|faint|p2a: Sneasler
|cant|p1b: Rillaboom|slp
|move|p2b: Dondozo|Fissure|p1b: Rillaboom
|-damage|p1b: Rillaboom|0 fnt
|faint|p1b: Rillaboom
|-ohko
|
|-heal|p2b: Dondozo|53/100 psn|[from] item: Leftovers
|-damage|p2b: Dondozo|41/100 psn|[from] psn
|-end|p1a: Palafin|move: Yawn|[silent]
|-status|p1a: Palafin|slp
|upkeep
|turn|10
|
|t:|1757684626
|cant|p1a: Palafin|slp
|move|p2b: Dondozo|Liquidation|p1a: Palafin
|-resisted|p1a: Palafin
|-damage|p1a: Palafin|29/100 slp
|
|-heal|p2b: Dondozo|47/100 psn|[from] item: Leftovers
|-damage|p2b: Dondozo|35/100 psn|[from] psn
|upkeep
|turn|11
|
|t:|1757684635
|-curestatus|p1a: Palafin|slp|[msg]
|move|p1a: Palafin|Jet Punch|p2b: Dondozo
|-supereffective|p2b: Dondozo
|-damage|p2b: Dondozo|0 fnt
|faint|p2b: Dondozo
|
|win|Kahizar
||guiltypleasure06 is ready for game 2.
||Kahizar is ready for game 2.
|uhtml|next|Next: Game 2 of 3
|l|☆Kahizar
|player|p1|
|j|☆Kahizar
|player|p1|Kahizar|169|
