|j|☆bloodnirvana98
|j|☆8BitBidoof
|html|bloodnirvana988BitBidoof    
|uhtml|bestof|Game 1 of a best-of-3
|t:|1756164537
|gametype|doubles
|player|p1|bloodnirvana98|giovanni|1086
|player|p2|8BitBidoof|red-lgpe|1226
|gen|9
|tier|[Gen 9] VGC 2025 Reg H (Bo3)
|rated|
|rule|Species Clause: Limit one of each Pokémon
|rule|Item Clause: Limit 1 of each item
|clearpoke
|poke|p1|Oranguru, L50, M|
|poke|p1|Whimsicott, L50, F|
|poke|p1|Dragonite, L50, F|
|poke|p1|Charizard, L50, F|
|poke|p1|Incineroar, L50, F|
|poke|p1|Ursaluna, L50, F|
|poke|p2|Sneasler, L50, F|
|poke|p2|Indeedee, L50, M|
|poke|p2|Volcarona, L50, F|
|poke|p2|Ursaluna-Bloodmoon, L50, M|
|poke|p2|Annihilape, L50, F|
|poke|p2|Tyranitar, L50, M|
|teampreview|4
|showteam|p1|Oranguru||SitrusBerry|InnerFocus|Instruct,TrickRoom,Encore,FoulPlay|||M|||50|,,,,,Fire]Whimsicott||CovertCloak|Prankster|LeechSeed,Encore,Tailwind,SunnyDay|||F|||50|,,,,,Dark]Dragonite||ChoiceBand|InnerFocus|ExtremeSpeed,IceSpinner,RockSlide,ThunderPunch|||F|||50|,,,,,Normal]Charizard||ChoiceScarf|SolarPower|WeatherBall,HeatWave,Flamethrower,ScorchingSands|||F|||50|,,,,,Ghost]Incineroar||SafetyGoggles|Intimidate|FakeOut,KnockOff,WillOWisp,PartingShot|||F|||50|,,,,,Bug]Ursaluna||FlameOrb|Guts|Facade,Earthquake,HeadlongRush,Protect|||F|||50|,,,,,Ghost
|showteam|p2|Sneasler||PsychicSeed|Unburden|CloseCombat,DireClaw,ThroatChop,Protect|||F|||50|,,,,,Dark]Indeedee||ChoiceScarf|PsychicSurge|ExpandingForce,TeraBlast,Trick,Protect|||M|||50|,,,,,Psychic]Volcarona||SitrusBerry|FlameBody|Overheat,StruggleBug,RagePowder,Tailwind|||F|||50|,,,,,Grass]Ursaluna-Bloodmoon||LifeOrb|MindsEye|BloodMoon,HyperVoice,EarthPower,Protect|||M|||50|,,,,,Normal]Annihilape||SafetyGoggles|Defiant|CloseCombat,RageFist,Taunt,FinalGambit|||F|||50|,,,,,Fairy]Tyranitar||AssaultVest|SandStream|RockSlide,KnockOff,TeraBlast,LowKick|||M|||50|,,,,,Flying
|inactive|Battle timer is ON: inactive players will automatically lose when time's up. (requested by bloodnirvana98)
|j| HarshVGC
|inactive|bloodnirvana98 has 60 seconds left.
|inactive|8BitBidoof has 60 seconds left.
|inactive|8BitBidoof has 30 seconds left.
|
|t:|1756164604
|teamsize|p1|4
|teamsize|p2|4
|start
|switch|p1a: Oranguru|Oranguru, L50, M|100/100
|switch|p1b: Incineroar|Incineroar, L50, F|100/100
|switch|p2a: Annihilape|Annihilape, L50, F|100/100
|switch|p2b: Tyranitar|Tyranitar, L50, M|100/100
|-ability|p1b: Incineroar|Intimidate|boost
|-unboost|p2a: Annihilape|atk|1
|-ability|p2a: Annihilape|Defiant|boost
|-boost|p2a: Annihilape|atk|2
|-unboost|p2b: Tyranitar|atk|1
|-weather|Sandstorm|[from] ability: Sand Stream|[of] p2b: Tyranitar
|turn|1
|inactive|bloodnirvana98 has 30 seconds left.
|
|t:|1756164630
|-terastallize|p1b: Incineroar|Bug
|move|p2a: Annihilape|Taunt|p1a: Oranguru
|-start|p1a: Oranguru|move: Taunt
|move|p1b: Incineroar|Will-O-Wisp|p2a: Annihilape
|-status|p2a: Annihilape|brn
|move|p2b: Tyranitar|Rock Slide|p1b: Incineroar|[spread] p1a
|-miss|p2b: Tyranitar|p1b: Incineroar
|-damage|p1a: Oranguru|83/100
|cant|p1a: Oranguru|move: Taunt|Trick Room
|
|-weather|Sandstorm|[upkeep]
|-damage|p1a: Oranguru|77/100|[from] Sandstorm
|-damage|p2a: Annihilape|94/100 brn|[from] brn
|upkeep
|turn|2
|
|t:|1756164655
|move|p2a: Annihilape|Taunt|p1b: Incineroar
|-start|p1b: Incineroar|move: Taunt
|cant|p1b: Incineroar|move: Taunt|Will-O-Wisp
|move|p2b: Tyranitar|Knock Off|p1a: Oranguru
|-supereffective|p1a: Oranguru
|-damage|p1a: Oranguru|12/100
|-enditem|p1a: Oranguru|Sitrus Berry|[from] move: Knock Off|[of] p2b: Tyranitar
|move|p1a: Oranguru|Foul Play|p2a: Annihilape
|-damage|p2a: Annihilape|56/100 brn
|
|-weather|Sandstorm|[upkeep]
|-damage|p1a: Oranguru|6/100|[from] Sandstorm
|-damage|p2a: Annihilape|49/100 brn|[from] brn
|upkeep
|turn|3
|
|t:|1756164673
|move|p2a: Annihilape|Rage Fist|p1b: Incineroar
|-damage|p1b: Incineroar|69/100
|move|p1b: Incineroar|Knock Off|p2b: Tyranitar
|-resisted|p2b: Tyranitar
|-damage|p2b: Tyranitar|82/100
|-enditem|p2b: Tyranitar|Assault Vest|[from] move: Knock Off|[of] p1b: Incineroar
|move|p2b: Tyranitar|Rock Slide|p1a: Oranguru|[spread] p1a,p1b
|-supereffective|p1b: Incineroar
|-damage|p1a: Oranguru|0 fnt
|-damage|p1b: Incineroar|27/100
|faint|p1a: Oranguru
|
|-weather|Sandstorm|[upkeep]
|-damage|p2a: Annihilape|43/100 brn|[from] brn
|upkeep
|
|t:|1756164684
|switch|p1a: Ursaluna|Ursaluna, L50, F|100/100
|turn|4
|inactive|8BitBidoof has 30 seconds left.
|
|t:|1756164709
|switch|p1b: Dragonite|Dragonite, L50, F|100/100
|move|p1a: Ursaluna|Protect|p1a: Ursaluna
|-singleturn|p1a: Ursaluna|Protect
|move|p2a: Annihilape|Close Combat|p1a: Ursaluna
|-activate|p1a: Ursaluna|move: Protect
|move|p2b: Tyranitar|Low Kick|p1a: Ursaluna
|-activate|p1a: Ursaluna|move: Protect
|
|-weather|Sandstorm|[upkeep]
|-damage|p1b: Dragonite|94/100|[from] Sandstorm
|-damage|p2a: Annihilape|37/100 brn|[from] brn
|-status|p1a: Ursaluna|brn|[from] item: Flame Orb
|upkeep
|turn|5
|inactive|8BitBidoof has 30 seconds left.
|
|t:|1756164737
|switch|p1a: Incineroar|Incineroar, L50, F, tera:Bug|27/100
|-ability|p1a: Incineroar|Intimidate|boost
|-unboost|p2a: Annihilape|atk|1
|-ability|p2a: Annihilape|Defiant|boost
|-boost|p2a: Annihilape|atk|2
|-unboost|p2b: Tyranitar|atk|1
|move|p2a: Annihilape|Close Combat|p1a: Incineroar
|-resisted|p1a: Incineroar
|-damage|p1a: Incineroar|4/100
|-unboost|p2a: Annihilape|def|1
|-unboost|p2a: Annihilape|spd|1
|move|p1b: Dragonite|Rock Slide|p2a: Annihilape|[spread] p2a,p2b
|-resisted|p2a: Annihilape
|-damage|p2a: Annihilape|13/100 brn
|-damage|p2b: Tyranitar|55/100
|move|p2b: Tyranitar|Rock Slide|p1a: Incineroar|[spread] p1a
|-miss|p2b: Tyranitar|p1b: Dragonite
|-supereffective|p1a: Incineroar
|-damage|p1a: Incineroar|0 fnt
|faint|p1a: Incineroar
|
|-weather|none
|-damage|p2a: Annihilape|7/100 brn|[from] brn
|upkeep
|
|t:|1756164757
|switch|p1a: Ursaluna|Ursaluna, L50, F|100/100 brn
|turn|6
|
|t:|1756164770
|move|p2a: Annihilape|Rage Fist|p1b: Dragonite
|-damage|p1b: Dragonite|42/100
|move|p1b: Dragonite|Rock Slide|p2a: Annihilape|[spread] p2a,p2b
|-resisted|p2a: Annihilape
|-damage|p2a: Annihilape|0 fnt
|-damage|p2b: Tyranitar|28/100
|faint|p2a: Annihilape
|move|p2b: Tyranitar|Rock Slide|p1a: Ursaluna|[spread] p1b
|-miss|p2b: Tyranitar|p1a: Ursaluna
|-supereffective|p1b: Dragonite
|-damage|p1b: Dragonite|12/100
|move|p1a: Ursaluna|Earthquake|p2b: Tyranitar|[spread] p2b
|-immune|p1b: Dragonite
|-supereffective|p2b: Tyranitar
|-damage|p2b: Tyranitar|0 fnt
|faint|p2b: Tyranitar
|
|-damage|p1a: Ursaluna|95/100 brn|[from] brn
|upkeep
|
|t:|1756164787
|switch|p2a: Sneasler|Sneasler, L50, F|100/100
|switch|p2b: Indeedee|Indeedee, L50, M|100/100
|-fieldstart|move: Psychic Terrain|[from] ability: Psychic Surge|[of] p2b: Indeedee
|-enditem|p2a: Sneasler|Psychic Seed
|-boost|p2a: Sneasler|spd|1|[from] item: Psychic Seed
|turn|7
|
|t:|1756164804
|move|p2a: Sneasler|Close Combat|p1a: Ursaluna
|-supereffective|p1a: Ursaluna
|-damage|p1a: Ursaluna|0 fnt
|-unboost|p2a: Sneasler|def|1
|-unboost|p2a: Sneasler|spd|1
|faint|p1a: Ursaluna
|move|p2b: Indeedee|Expanding Force|p1b: Dragonite
|-damage|p1b: Dragonite|0 fnt
|faint|p1b: Dragonite
|
|win|8BitBidoof
||bloodnirvana98 is ready for game 2.
|inactive|8BitBidoof has 30 seconds to confirm battle start!
|inactive|8BitBidoof has 20 seconds to confirm battle start!
||8BitBidoof is ready for game 2.
|uhtml|next|Next: Game 2 of 3
|l|☆8BitBidoof
|player|p2|
