|j|☆ExtraPlanet51
|j|☆heatvw
|html|ExtraPlanet51heatvw    
|uhtml|bestof|Game 2 of a best-of-3
|t:|1757023765
|gametype|doubles
|player|p1|ExtraPlanet51|bugcatcher-gen4dp|1147
|player|p2|heatvw|gambler|1149
|gen|9
|tier|[Gen 9] VGC 2025 Reg H (Bo3)
|rated|
|rule|Species Clause: Limit one of each Pokémon
|rule|Item Clause: Limit 1 of each item
|clearpoke
|poke|p1|Basculegion, L50, M|
|poke|p1|Sinistcha, L50|
|poke|p1|Rillaboom, L50, M|
|poke|p1|Incineroar, L50, M|
|poke|p1|Pelipper, L50, F|
|poke|p1|Archaludon, L50, F|
|poke|p2|Flamigo, L50, F|
|poke|p2|Ninetales-Alola, L50, M|
|poke|p2|Garchomp, L50, M|
|poke|p2|Incineroar, L50, F|
|poke|p2|Amoonguss, L50, M|
|poke|p2|Kingambit, L50, M|
|teampreview|4
|showteam|p1|Basculegion||ChoiceBand|SwiftSwim|AquaJet,FlipTurn,WaveCrash,LastRespects|||M|||50|,,,,,Normal]Sinistcha||SitrusBerry|Hospitality|MatchaGotcha,TrickRoom,LifeDew,RagePowder||||||50|,,,,,Water]Rillaboom||LoadedDice|GrassySurge|FakeOut,GrassyGlide,BulletSeed,HighHorsepower|||M|||50|,,,,,Ground]Incineroar||SafetyGoggles|Intimidate|FakeOut,KnockOff,HelpingHand,PartingShot|||M|||50|,,,,,Grass]Pelipper||FocusSash|Drizzle|Hurricane,WeatherBall,Tailwind,Protect|||F|||50|,,,,,Ghost]Archaludon||AssaultVest|Stamina|ElectroShot,FlashCannon,DracoMeteor,BodyPress|||F|||50|,,,,,Grass
|showteam|p2|Flamigo||ChoiceBand|Scrappy|Uturn,CloseCombat,BraveBird,Facade|||F|||50|,,,,,Stellar]Ninetales-Alola||FocusSash|SnowWarning|Protect,Encore,IcyWind,Blizzard|||M|||50|,,,,,Ghost]Garchomp||LifeOrb|RoughSkin|DragonClaw,StompingTantrum,Earthquake,Protect|||M|||50|,,,,,Ground]Incineroar||SafetyGoggles|Intimidate|FakeOut,FlareBlitz,KnockOff,PartingShot|||F|||50|,,,,,Ghost]Amoonguss||SitrusBerry|Regenerator|Spore,RagePowder,PollenPuff,Protect|||M|||50|,,,,,Water]Kingambit||AssaultVest|Defiant|KowtowCleave,IronHead,LowKick,SuckerPunch|||M|||50|,,,,,Fire
|inactive|Battle timer is ON: inactive players will automatically lose when time's up. (requested by heatvw)
|
|t:|1757023789
|teamsize|p1|4
|teamsize|p2|4
|start
|switch|p1a: Pelipper|Pelipper, L50, F|100/100
|switch|p1b: Archaludon|Archaludon, L50, F|100/100
|switch|p2a: Incineroar|Incineroar, L50, F, shiny|100/100
|switch|p2b: Kingambit|Kingambit, L50, M|100/100
|-weather|RainDance|[from] ability: Drizzle|[of] p1a: Pelipper
|-ability|p2a: Incineroar|Intimidate|boost
|-unboost|p1a: Pelipper|atk|1
|-unboost|p1b: Archaludon|atk|1
|turn|1
|inactive|heatvw has 30 seconds left.
|inactive|heatvw has 20 seconds left.
|inactive|heatvw has 15 seconds left.
|
|t:|1757023829
|move|p2a: Incineroar|Fake Out|p1a: Pelipper
|-damage|p1a: Pelipper|84/100
|cant|p1a: Pelipper|flinch
|move|p1b: Archaludon|Electro Shot||[still]
|-prepare|p1b: Archaludon|Electro Shot
|-boost|p1b: Archaludon|spa|1
|-anim|p1b: Archaludon|Electro Shot|p2b: Kingambit
|-damage|p2b: Kingambit|53/100
|move|p2b: Kingambit|Low Kick|p1b: Archaludon
|-supereffective|p1b: Archaludon
|-damage|p1b: Archaludon|57/100
|-ability|p1b: Archaludon|Stamina|boost
|-boost|p1b: Archaludon|def|1
|
|-weather|RainDance|[upkeep]
|upkeep
|turn|2
|inactive|heatvw has 30 seconds left.
|
|t:|1757023855
|switch|p2b: Garchomp|Garchomp, L50, M, shiny|100/100
|move|p1a: Pelipper|Protect|p1a: Pelipper
|-singleturn|p1a: Pelipper|Protect
|move|p1b: Archaludon|Electro Shot||[still]
|-prepare|p1b: Archaludon|Electro Shot
|-boost|p1b: Archaludon|spa|1
|-anim|p1b: Archaludon|Electro Shot|p2b: Garchomp
|-immune|p2b: Garchomp
|move|p2a: Incineroar|Parting Shot|p1b: Archaludon
|-unboost|p1b: Archaludon|atk|1
|-unboost|p1b: Archaludon|spa|1
|
|t:|1757023867
|switch|p2a: Flamigo|Flamigo, L50, F, shiny|100/100|[from] Parting Shot
|
|-weather|RainDance|[upkeep]
|upkeep
|turn|3
|inactive|ExtraPlanet51 has 30 seconds left.
|inactive|heatvw has 30 seconds left.
|
|t:|1757023899
|move|p2b: Garchomp|Earthquake|p1a: Pelipper|[spread] p1b
|-immune|p2a: Flamigo
|-immune|p1a: Pelipper
|-supereffective|p1b: Archaludon
|-damage|p1b: Archaludon|9/100
|-ability|p1b: Archaludon|Stamina|boost
|-boost|p1b: Archaludon|def|1
|-damage|p2b: Garchomp|91/100|[from] item: Life Orb
|move|p2a: Flamigo|Brave Bird|p1b: Archaludon
|-resisted|p1b: Archaludon
|-damage|p1b: Archaludon|0 fnt
|faint|p1b: Archaludon
|-damage|p2a: Flamigo|97/100|[from] Recoil
|move|p1a: Pelipper|Hurricane|p2a: Flamigo
|-supereffective|p2a: Flamigo
|-damage|p2a: Flamigo|0 fnt
|faint|p2a: Flamigo
|
|-weather|RainDance|[upkeep]
|upkeep
|
|t:|1757023918
|switch|p2a: Incineroar|Incineroar, L50, F, shiny|100/100
|switch|p1b: Rillaboom|Rillaboom, L50, M|100/100
|-fieldstart|move: Grassy Terrain|[from] ability: Grassy Surge|[of] p1b: Rillaboom
|-ability|p2a: Incineroar|Intimidate|boost
|-unboost|p1a: Pelipper|atk|1
|-unboost|p1b: Rillaboom|atk|1
|turn|4
|
|t:|1757023941
|move|p1b: Rillaboom|Fake Out|p2a: Incineroar
|-damage|p2a: Incineroar|90/100
|move|p2b: Garchomp|Dragon Claw|p1b: Rillaboom
|-damage|p1b: Rillaboom|42/100
|-damage|p2b: Garchomp|81/100|[from] item: Life Orb
|move|p1a: Pelipper|Weather Ball|p2b: Garchomp
|-damage|p2b: Garchomp|15/100
|cant|p2a: Incineroar|flinch
|
|-weather|RainDance|[upkeep]
|-heal|p2b: Garchomp|21/100|[from] Grassy Terrain
|-heal|p1b: Rillaboom|48/100|[from] Grassy Terrain
|-heal|p2a: Incineroar|96/100|[from] Grassy Terrain
|upkeep
|turn|5
|inactive|ExtraPlanet51 has 30 seconds left.
|inactive|ExtraPlanet51 has 20 seconds left.
|
|t:|1757023978
|switch|p2a: Kingambit|Kingambit, L50, M|53/100
|-terastallize|p1b: Rillaboom|Ground
|move|p2b: Garchomp|Protect|p2b: Garchomp
|-singleturn|p2b: Garchomp|Protect
|move|p1a: Pelipper|Tailwind|p1a: Pelipper
|-sidestart|p1: ExtraPlanet51|move: Tailwind
|move|p1b: Rillaboom|High Horsepower|p2b: Garchomp
|-activate|p2b: Garchomp|move: Protect
|
|-weather|none
|-heal|p1b: Rillaboom|54/100|[from] Grassy Terrain
|-heal|p2b: Garchomp|27/100|[from] Grassy Terrain
|-heal|p2a: Kingambit|59/100|[from] Grassy Terrain
|upkeep
|turn|6
|inactive|heatvw has 30 seconds left.
|
|t:|1757024009
|switch|p2b: Incineroar|Incineroar, L50, F, shiny|96/100
|-ability|p2b: Incineroar|Intimidate|boost
|-unboost|p1a: Pelipper|atk|1
|-unboost|p1b: Rillaboom|atk|1
|move|p2a: Kingambit|Sucker Punch|p1b: Rillaboom
|-damage|p1b: Rillaboom|14/100
|move|p1a: Pelipper|Hurricane|p2b: Incineroar|[miss]
|-miss|p1a: Pelipper|p2b: Incineroar
|move|p1b: Rillaboom|High Horsepower|p2a: Kingambit
|-supereffective|p2a: Kingambit
|-damage|p2a: Kingambit|18/100
|
|-heal|p1b: Rillaboom|20/100|[from] Grassy Terrain
|-heal|p2b: Incineroar|100/100|[from] Grassy Terrain
|-heal|p2a: Kingambit|24/100|[from] Grassy Terrain
|upkeep
|turn|7
|-message|ExtraPlanet51 forfeited.
|
|win|heatvw
|raw|ExtraPlanet51's rating: 1147 → 1122(-25 for losing)
|raw|heatvw's rating: 1149 → 1174(+25 for winning)
|l|☆ExtraPlanet51
|player|p1|
