|j|☆probandoteammvp
|j|☆TMJS01
|html|probandoteammvpTMJS01    
|uhtml|bestof|Game 2 of a best-of-3
|t:|1782227653
|gametype|doubles
|player|p1|probandoteammvp|hilbert|1342
|player|p2|TMJS01|unknown|1331
|gen|9
|tier|[Gen 9 Champions] VGC 2026 Reg M-B (Bo3)
|rated|
|rule|Species Clause: Limit one of each Pokémon
|rule|Item Clause: Limit 1 of each item
|clearpoke
|poke|p1|Blastoise, L50, M, shiny|
|poke|p1|Vivillon-Fancy, L50, F, shiny|
|poke|p1|Sinistcha, L50, shiny|
|poke|p1|Farigiraf, L50, F, shiny|
|poke|p1|Sylveon, L50, F, shiny|
|poke|p1|Pelipper, L50, M, shiny|
|poke|p2|Sinistcha, L50|
|poke|p2|Incineroar, L50, F|
|poke|p2|Garchomp, L50, M|
|poke|p2|Floette-Eternal, L50, F|
|poke|p2|Delphox, L50, M|
|poke|p2|Kingambit, L50, M|
|teampreview|4
|showteam|p1|Blastoise||Blastoisinite|Torrent|WaterSpout,DarkPulse,ShellSmash,Protect|Modest||M|||50|]Vivillon-Fancy||ChoiceScarf|CompoundEyes|Hurricane,PollenPuff,SleepPowder,RagePowder|Timid||F|||50|]Sinistcha||ColburBerry|Hospitality|RagePowder,MatchaGotcha,TrickRoom,Protect|Relaxed|||||50|]Farigiraf||SitrusBerry|ArmorTail|TwinBeam,HelpingHand,TrickRoom,Protect|Quiet||F|||50|]Sylveon||FairyFeather|Pixilate|HyperVoice,HyperBeam,Moonblast,Protect|Modest||F|||50|]Pelipper||FocusSash|Drizzle|Hurricane,Tailwind,HelpingHand,Protect|Timid||M|||50|
|showteam|p2|Sinistcha||KasibBerry|Hospitality|MatchaGotcha,RagePowder,TrickRoom,LifeDew|Relaxed|||||50|]Incineroar||ChopleBerry|Intimidate|ThroatChop,FlareBlitz,PartingShot,FakeOut|Impish||F|||50|]Garchomp||LifeOrb|RoughSkin|ScaleShot,StompingTantrum,Protect,RockTomb|Jolly||M|||50|]Floette-Eternal||Floettite|FlowerVeil|Protect,CalmMind,Moonblast,DazzlingGleam|Modest||F|||50|]Delphox||Delphoxite|Blaze|NastyPlot,HeatWave,Psyshock,Protect|Timid||M|||50|]Kingambit||BlackGlasses|Defiant|Protect,IronHead,KowtowCleave,SuckerPunch|Adamant||M|||50|
|inactive|Battle timer is ON: inactive players will automatically lose when time's up. (requested by TMJS01)
|
|t:|1782227677
|teamsize|p1|4
|teamsize|p2|4
|start
|switch|p1a: Mr Ribbons|Sylveon, L50, F, shiny|100/100
|switch|p1b: Viveomuere|Vivillon-Fancy, L50, F, shiny|100/100
|switch|p2a: Sinistcha|Sinistcha, L50|100/100
|switch|p2b: Floette|Floette-Eternal, L50, F|100/100
|turn|1
|
|t:|1782227701
|detailschange|p2b: Floette|Floette-Mega, L50, F
|-mega|p2b: Floette|Floette|Floettite
|-ability|p2b: Floette|Fairy Aura
|move|p2a: Sinistcha|Rage Powder|p2a: Sinistcha
|-singleturn|p2a: Sinistcha|move: Rage Powder
|move|p1b: Viveomuere|Sleep Powder|p2a: Sinistcha
|-immune|p2a: Sinistcha
|move|p2b: Floette|Dazzling Gleam|p1a: Mr Ribbons|[spread] p1a,p1b
|-damage|p1a: Mr Ribbons|59/100
|-damage|p1b: Viveomuere|0 fnt
|faint|p1b: Viveomuere
|move|p1a: Mr Ribbons|Hyper Voice|p2a: Sinistcha|[spread] p2a,p2b
|-damage|p2a: Sinistcha|32/100
|-damage|p2b: Floette|51/100
|
|upkeep
|
|t:|1782227705
|switch|p1b: Tacita|Sinistcha, L50, shiny|100/100
|-heal|p1a: Mr Ribbons|84/100|[from] ability: Hospitality|[of] p1b: Tacita
|turn|2
|
|t:|1782227717
|move|p1b: Tacita|Protect|p1b: Tacita
|-singleturn|p1b: Tacita|Protect
|move|p2b: Floette|Calm Mind|p2b: Floette
|-boost|p2b: Floette|spa|1
|-boost|p2b: Floette|spd|1
|move|p2a: Sinistcha|Life Dew|p2a: Sinistcha|[spread] p2a,p2b
|-heal|p2a: Sinistcha|57/100
|-heal|p2b: Floette|76/100
|move|p1a: Mr Ribbons|Hyper Voice|p2a: Sinistcha|[spread] p2a,p2b
|-damage|p2a: Sinistcha|0 fnt
|-damage|p2b: Floette|44/100
|faint|p2a: Sinistcha
|
|upkeep
|
|t:|1782227720
|switch|p2a: Kingambit|Kingambit, L50, M|100/100
|turn|3
|
|t:|1782227725
|move|p2b: Floette|Moonblast|p1b: Tacita
|-damage|p1b: Tacita|0 fnt
|faint|p1b: Tacita
|move|p1a: Mr Ribbons|Hyper Beam|p2a: Kingambit
|-damage|p2a: Kingambit|0 fnt
|-mustrecharge|p1a: Mr Ribbons
|faint|p2a: Kingambit
|
|upkeep
|
|t:|1782227728
|switch|p1b: Tortugueitor|Blastoise, L50, M, shiny|100/100
|switch|p2a: Incineroar|Incineroar, L50, F|100/100
|-ability|p2a: Incineroar|Intimidate|boost
|-unboost|p1a: Mr Ribbons|atk|1
|-unboost|p1b: Tortugueitor|atk|1
|turn|4
|
|t:|1782227736
|detailschange|p1b: Tortugueitor|Blastoise-Mega, L50, M, shiny
|-mega|p1b: Tortugueitor|Blastoise|Blastoisinite
|move|p2a: Incineroar|Fake Out|p1b: Tortugueitor
|-damage|p1b: Tortugueitor|88/100
|cant|p1b: Tortugueitor|flinch
|move|p2b: Floette|Dazzling Gleam|p1b: Tortugueitor|[spread] p1a,p1b
|-damage|p1a: Mr Ribbons|30/100
|-damage|p1b: Tortugueitor|11/100
|cant|p1a: Mr Ribbons|recharge
|
|upkeep
|turn|5
|-message|probandoteammvp forfeited.
|
|win|TMJS01
|raw|probandoteammvp's rating: 1342 → 1321(-21 for losing)
|raw|TMJS01's rating: 1331 → 1352(+21 for winning)
|l|☆probandoteammvp
|player|p1|
