|j|☆goldenchimchar
|j|☆MMcookiegamer
|html|goldenchimcharMMcookiegamer    
|uhtml|bestof|Game 1 of a best-of-3
|t:|1756240796
|gametype|doubles
|player|p1|goldenchimchar|hilbert|1009
|player|p2|MMcookiegamer|roy|1106
|gen|9
|tier|[Gen 9] VGC 2025 Reg H (Bo3)
|rated|
|rule|Species Clause: Limit one of each Pokémon
|rule|Item Clause: Limit 1 of each item
|clearpoke
|poke|p1|Basculegion, L50, M|
|poke|p1|Rillaboom, L50, M|
|poke|p1|Dragonite, L50, M|
|poke|p1|Kingambit, L50, M|
|poke|p1|Volcarona, L50, M|
|poke|p1|Sneasler, L50, F|
|poke|p2|Incineroar, L50, F|
|poke|p2|Ursaluna-Bloodmoon, L50, M|
|poke|p2|Ninetales-Alola, L50, M|
|poke|p2|Sneasler, L50, M|
|poke|p2|Rillaboom, L50, F|
|poke|p2|Dragonite, L50, M|
|teampreview|4
|showteam|p1|Basculegion||ChoiceScarf|Adaptability|LastRespects,WaveCrash,FlipTurn,TeraBlast|||M|||50|,,,,,Grass]Rillaboom||AssaultVest|GrassySurge|GrassyGlide,FakeOut,WoodHammer,Uturn|||M|||50|,,,,,Fire]Dragonite||LoadedDice|Multiscale|ScaleShot,Protect,Tailwind,ExtremeSpeed|||M|||50|,,,,,Fairy]Kingambit||BlackGlasses|Defiant|SuckerPunch,KowtowCleave,Protect,SwordsDance|||M|||50|,,,,,Ghost]Volcarona||CovertCloak|FlameBody|HeatWave,Protect,QuiverDance,TeraBlast|||M|||50|,,,,,Fairy]Sneasler||GrassySeed|Unburden|CloseCombat,DireClaw,Protect,ThroatChop|||F|||50|,,,,,Dark
|showteam|p2|Incineroar||SafetyGoggles|Intimidate|FakeOut,KnockOff,PartingShot,Taunt|||F|||50|,,,,,Ghost]Ursaluna-Bloodmoon||LifeOrb|MindsEye|EarthPower,BloodMoon,Protect,HyperVoice|||M|||50|,,,,,Ghost]Ninetales-Alola||CovertCloak|SnowWarning|Blizzard,AuroraVeil,FreezeDry,Protect|||M|||50|,,,,,Water]Sneasler||GrassySeed|Unburden|CloseCombat,DireClaw,Protect,ThroatChop|||M|||50|,,,,,Dark]Rillaboom||AssaultVest|GrassySurge|FakeOut,GrassyGlide,WoodHammer,Uturn|||F|||50|,,,,,Fire]Dragonite||LoadedDice|Multiscale|ScaleShot,Protect,Tailwind,ExtremeSpeed|||M|||50|,,,,,Normal
|inactive|Battle timer is ON: inactive players will automatically lose when time's up. (requested by MMcookiegamer)
|
|t:|1756240910
|teamsize|p1|4
|teamsize|p2|4
|start
|switch|p1a: Basculegion|Basculegion, L50, M|100/100
|switch|p1b: Rillaboom|Rillaboom, L50, M|100/100
|switch|p2a: Sneasler|Sneasler, L50, M|100/100
|switch|p2b: Rillaboom|Rillaboom, L50, F|100/100
|-fieldstart|move: Grassy Terrain|[from] ability: Grassy Surge|[of] p1b: Rillaboom
|-enditem|p2a: Sneasler|Grassy Seed
|-boost|p2a: Sneasler|def|1|[from] item: Grassy Seed
|turn|1
|
|t:|1756240932
|switch|p1a: Sneasler|Sneasler, L50, F|100/100
|-enditem|p1a: Sneasler|Grassy Seed
|-boost|p1a: Sneasler|def|1|[from] item: Grassy Seed
|move|p2a: Sneasler|Protect|p2a: Sneasler
|-singleturn|p2a: Sneasler|Protect
|move|p1b: Rillaboom|Fake Out|p2a: Sneasler
|-activate|p2a: Sneasler|move: Protect
|move|p2b: Rillaboom|Wood Hammer|p1a: Sneasler
|-resisted|p1a: Sneasler
|-damage|p1a: Sneasler|56/100
|-damage|p2b: Rillaboom|89/100|[from] Recoil
|
|-heal|p1a: Sneasler|62/100|[from] Grassy Terrain
|-heal|p2b: Rillaboom|95/100|[from] Grassy Terrain
|upkeep
|turn|2
|
|t:|1756240952
|move|p1a: Sneasler|Dire Claw|p2b: Rillaboom
|-supereffective|p2b: Rillaboom
|-damage|p2b: Rillaboom|0 fnt
|faint|p2b: Rillaboom
|move|p2a: Sneasler|Dire Claw|p1b: Rillaboom
|-supereffective|p1b: Rillaboom
|-damage|p1b: Rillaboom|13/100
|-status|p1b: Rillaboom|par
|move|p1b: Rillaboom|U-turn|p2a: Sneasler
|-resisted|p2a: Sneasler
|-damage|p2a: Sneasler|94/100
|
|t:|1756240965
|switch|p1b: Basculegion|Basculegion, L50, M|100/100|[from] U-turn
|
|-heal|p1a: Sneasler|68/100|[from] Grassy Terrain
|-heal|p2a: Sneasler|99/100|[from] Grassy Terrain
|upkeep
|
|t:|1756240967
|switch|p2b: Ninetales|Ninetales-Alola, L50, M|100/100
|-weather|Snowscape|[from] ability: Snow Warning|[of] p2b: Ninetales
|turn|3
|inactive|goldenchimchar has 30 seconds left.
|inactive|MMcookiegamer has 30 seconds left.
|inactive|goldenchimchar has 20 seconds left.
|inactive|goldenchimchar has 15 seconds left.
|inactive|goldenchimchar has 10 seconds left.
|inactive|goldenchimchar has 5 seconds left.
|
|t:|1756241018
|-terastallize|p2b: Ninetales|Water
|move|p1a: Sneasler|Dire Claw|p2b: Ninetales
|-damage|p2b: Ninetales|37/100
|move|p2a: Sneasler|Throat Chop|p1b: Basculegion
|-supereffective|p1b: Basculegion
|-damage|p1b: Basculegion|21/100
|-start|p1b: Basculegion|Throat Chop|[silent]
|move|p1b: Basculegion|Flip Turn|p2a: Sneasler
|-damage|p2a: Sneasler|50/100
|
|t:|1756241032
|switch|p1b: Rillaboom|Rillaboom, L50, M|13/100 par|[from] Flip Turn
|move|p2b: Ninetales|Blizzard|p1a: Sneasler|[spread] p1a,p1b
|-supereffective|p1b: Rillaboom
|-damage|p1a: Sneasler|22/100
|-damage|p1b: Rillaboom|0 fnt
|faint|p1b: Rillaboom
|
|-weather|Snowscape|[upkeep]
|-heal|p1a: Sneasler|27/100|[from] Grassy Terrain
|-heal|p2a: Sneasler|56/100|[from] Grassy Terrain
|-heal|p2b: Ninetales|43/100|[from] Grassy Terrain
|upkeep
|
|t:|1756241043
|switch|p1b: Kingambit|Kingambit, L50, M|100/100
|turn|4
|
|t:|1756241058
|-terastallize|p1b: Kingambit|Ghost
|move|p2a: Sneasler|Protect|p2a: Sneasler
|-singleturn|p2a: Sneasler|Protect
|move|p1a: Sneasler|Dire Claw|p2b: Ninetales
|-damage|p2b: Ninetales|0 fnt
|faint|p2b: Ninetales
|move|p1b: Kingambit|Kowtow Cleave|p2a: Sneasler
|-activate|p2a: Sneasler|move: Protect
|
|-weather|Snowscape|[upkeep]
|-heal|p1a: Sneasler|33/100|[from] Grassy Terrain
|-heal|p2a: Sneasler|61/100|[from] Grassy Terrain
|upkeep
|
|t:|1756241063
|switch|p2b: Ursaluna|Ursaluna-Bloodmoon, L50, M|100/100
|turn|5
|inactive|goldenchimchar has 30 seconds left.
|
|t:|1756241091
|move|p1b: Kingambit|Sucker Punch|p2b: Ursaluna
|-damage|p2b: Ursaluna|60/100
|move|p1a: Sneasler|Close Combat|p2b: Ursaluna
|-supereffective|p2b: Ursaluna
|-damage|p2b: Ursaluna|0 fnt
|-unboost|p1a: Sneasler|def|1
|-unboost|p1a: Sneasler|spd|1
|faint|p2b: Ursaluna
|move|p2a: Sneasler|Throat Chop|p1b: Kingambit
|-supereffective|p1b: Kingambit
|-damage|p1b: Kingambit|52/100
|-start|p1b: Kingambit|Throat Chop|[silent]
|
|-weather|Snowscape|[upkeep]
|-heal|p1a: Sneasler|39/100|[from] Grassy Terrain
|-heal|p2a: Sneasler|67/100|[from] Grassy Terrain
|-heal|p1b: Kingambit|58/100|[from] Grassy Terrain
|-fieldend|move: Grassy Terrain
|upkeep
|turn|6
|-message|MMcookiegamer forfeited.
|
|win|goldenchimchar
||MMcookiegamer is ready for game 2.
||goldenchimchar is ready for game 2.
|uhtml|next|Next: Game 2 of 3
|l|☆goldenchimchar
|player|p1|
