|j|☆wodaiogien
|j|☆bioraza
|html|wodaiogienbioraza    
|uhtml|bestof|Game 1 of a best-of-3
|t:|1782307574
|gametype|doubles
|player|p1|wodaiogien|170|1114
|player|p2|bioraza|n-masters|1090
|gen|9
|tier|[Gen 9 Champions] VGC 2026 Reg M-B (Bo3)
|rated|
|rule|Species Clause: Limit one of each Pokémon
|rule|Item Clause: Limit 1 of each item
|clearpoke
|poke|p1|Ninetales-Alola, L50, F|
|poke|p1|Raichu, L50, M|
|poke|p1|Basculegion, L50, M|
|poke|p1|Incineroar, L50, M|
|poke|p1|Kingambit, L50, M|
|poke|p1|Farigiraf, L50, M|
|poke|p2|Charizard, L50, M|
|poke|p2|Venusaur, L50, M|
|poke|p2|Garchomp, L50, M|
|poke|p2|Incineroar, L50, F|
|poke|p2|Malamar, L50, M|
|poke|p2|Gholdengo, L50|
|teampreview|4
|showteam|p1|Ninetales-Alola||FocusSash|SnowWarning|Blizzard,FreezeDry,Encore,Protect|Timid||F|||50|]Raichu||RaichuniteY|LightningRod|ZapCannon,FocusBlast,FakeOut,Protect|Timid||M|||50|]Basculegion||LifeOrb|Adaptability|WaveCrash,AquaJet,LastRespects,Protect|Adamant||M|||50|]Incineroar||ShucaBerry|Intimidate|FlareBlitz,PartingShot,FakeOut,DarkestLariat|Careful||M|||50|]Kingambit||ChopleBerry|Defiant|KowtowCleave,SuckerPunch,IronHead,LowKick|Adamant||M|||50|]Farigiraf||SitrusBerry|ArmorTail|TwinBeam,TrickRoom,HelpingHand,Protect|Relaxed||M|||50|
|showteam|p2|Charizard||CharizarditeY|Blaze|HeatWave,SolarBeam,WeatherBall,Protect|Modest||M|||50|]Venusaur||WideLens|Chlorophyll|SleepPowder,SludgeBomb,GigaDrain,Protect|Timid||M|||50|]Garchomp||LifeOrb|RoughSkin|Earthquake,RockSlide,Protect,DragonClaw|Jolly||M|||50|]Incineroar||SitrusBerry|Intimidate|FakeOut,FlareBlitz,PartingShot,ThroatChop|Sassy||F|||50|]Malamar||Malamarite|Contrary|Superpower,KnockOff,PsychoCut,Protect|Careful||M|||50|]Gholdengo||ChoiceScarf|GoodasGold|Psychic,ShadowBall,MakeItRain,PowerGem|Modest|||||50|
|inactive|Battle timer is ON: inactive players will automatically lose when time's up. (requested by bioraza)
|inactive|wodaiogien has 60 seconds left.
|inactive|bioraza has 60 seconds left.
|
|t:|1782307629
|teamsize|p1|4
|teamsize|p2|4
|start
|switch|p1a: Raichu|Raichu, L50, M|100/100
|switch|p1b: Incineroar|Incineroar, L50, M|100/100
|switch|p2a: Charizard|Charizard, L50, M|100/100
|switch|p2b: Garchomp|Garchomp, L50, M|100/100
|-ability|p1b: Incineroar|Intimidate|boost
|-unboost|p2a: Charizard|atk|1
|-unboost|p2b: Garchomp|atk|1
|turn|1
|inactive|wodaiogien has 30 seconds left.
|inactive|bioraza has 30 seconds left.
|inactive|wodaiogien has 20 seconds left.
|
|t:|1782307665
|switch|p1b: Ninetales|Ninetales-Alola, L50, F|100/100
|-weather|Snowscape|[from] ability: Snow Warning|[of] p1b: Ninetales
|detailschange|p1a: Raichu|Raichu-Mega-Y, L50, M
|-mega|p1a: Raichu|Raichu|Raichunite Y
|detailschange|p2a: Charizard|Charizard-Mega-Y, L50, M
|-mega|p2a: Charizard|Charizard|Charizardite Y
|-weather|SunnyDay|[from] ability: Drought|[of] p2a: Charizard
|move|p1a: Raichu|Zap Cannon|p2a: Charizard
|-supereffective|p2a: Charizard|1
|-damage|p2a: Charizard|0 fnt
|faint|p2a: Charizard
|move|p2b: Garchomp|Earthquake|p1a: Raichu|[spread] p1a,p1b
|-supereffective|p1a: Raichu|1
|-damage|p1a: Raichu|5/100
|-damage|p1b: Ninetales|52/100
|-damage|p2b: Garchomp|90/100|[from] item: Life Orb
|
|-weather|SunnyDay|[upkeep]
|upkeep
|
|t:|1782307680
|switch|p2a: Venusaur|Venusaur, L50, M|100/100
|turn|2
|inactive|wodaiogien has 30 seconds left.
|
|t:|1782307714
|switch|p1a: Incineroar|Incineroar, L50, M|100/100
|-ability|p1a: Incineroar|Intimidate|boost
|-unboost|p2a: Venusaur|atk|1
|-unboost|p2b: Garchomp|atk|1
|move|p2a: Venusaur|Sleep Powder|p1b: Ninetales
|-status|p1b: Ninetales|slp|[from] move: Sleep Powder
|cant|p1b: Ninetales|slp
|move|p2b: Garchomp|Rock Slide|p1b: Ninetales|[spread] p1a,p1b
|-supereffective|p1a: Incineroar|1
|-supereffective|p1b: Ninetales|1
|-damage|p1a: Incineroar|76/100
|-damage|p1b: Ninetales|11/100 slp
|-damage|p2b: Garchomp|80/100|[from] item: Life Orb
|
|-weather|SunnyDay|[upkeep]
|upkeep
|turn|3
|
|t:|1782307730
|move|p1a: Incineroar|Fake Out|p2a: Venusaur
|-damage|p2a: Venusaur|87/100
|cant|p2a: Venusaur|flinch
|cant|p1b: Ninetales|slp
|move|p2b: Garchomp|Rock Slide|p1b: Ninetales|[spread] p1a,p1b
|-supereffective|p1a: Incineroar|1
|-supereffective|p1b: Ninetales|1
|-damage|p1a: Incineroar|54/100
|-damage|p1b: Ninetales|0 fnt
|faint|p1b: Ninetales
|-damage|p2b: Garchomp|70/100|[from] item: Life Orb
|
|-weather|SunnyDay|[upkeep]
|upkeep
|
|t:|1782307739
|switch|p1b: Basculegion|Basculegion, L50, M|100/100
|turn|4
|
|t:|1782307754
|move|p2a: Venusaur|Sleep Powder|p1a: Incineroar
|-status|p1a: Incineroar|slp|[from] move: Sleep Powder
|move|p2b: Garchomp|Rock Slide|p1b: Basculegion|[spread] p1a,p1b
|-supereffective|p1a: Incineroar|1
|-damage|p1a: Incineroar|31/100 slp
|-damage|p1b: Basculegion|85/100
|-damage|p2b: Garchomp|60/100|[from] item: Life Orb
|move|p1b: Basculegion|Wave Crash|p2b: Garchomp
|-crit|p2b: Garchomp
|-damage|p2b: Garchomp|0 fnt
|-damage|p1b: Basculegion|73/100|[from] ability: Rough Skin|[of] p2b: Garchomp
|faint|p2b: Garchomp
|-damage|p1b: Basculegion|56/100|[from] Recoil
|-damage|p1b: Basculegion|46/100|[from] item: Life Orb
|cant|p1a: Incineroar|slp
|
|-weather|SunnyDay|[upkeep]
|upkeep
|
|t:|1782307764
|switch|p2b: Gholdengo|Gholdengo, L50|100/100
|turn|5
|
|t:|1782307773
|move|p1b: Basculegion|Protect|p1b: Basculegion
|-singleturn|p1b: Basculegion|Protect
|move|p2a: Venusaur|Giga Drain|p1b: Basculegion
|-activate|p1b: Basculegion|move: Protect
|move|p2b: Gholdengo|Power Gem|p1a: Incineroar
|-supereffective|p1a: Incineroar|1
|-damage|p1a: Incineroar|0 fnt
|faint|p1a: Incineroar
|
|-weather|none
|upkeep
|
|t:|1782307783
|switch|p1a: Raichu|Raichu-Mega-Y, L50, M|5/100
|turn|6
|
|t:|1782307802
|move|p2a: Venusaur|Protect|p2a: Venusaur
|-singleturn|p2a: Venusaur|Protect
|move|p1a: Raichu|Fake Out|p2a: Venusaur
|-activate|p2a: Venusaur|move: Protect
|move|p2b: Gholdengo|Power Gem|p1a: Raichu
|-crit|p1a: Raichu
|-damage|p1a: Raichu|0 fnt
|faint|p1a: Raichu
|move|p1b: Basculegion|Last Respects|p2b: Gholdengo
|-supereffective|p2b: Gholdengo|1
|-damage|p2b: Gholdengo|0 fnt
|faint|p2b: Gholdengo
|-damage|p1b: Basculegion|36/100|[from] item: Life Orb
|
|upkeep
|turn|7
|
|t:|1782307819
|move|p1b: Basculegion|Protect|p1b: Basculegion
|-singleturn|p1b: Basculegion|Protect
|move|p2a: Venusaur|Giga Drain|p1b: Basculegion
|-activate|p1b: Basculegion|move: Protect
|
|upkeep
|turn|8
|
|t:|1782307822
|move|p2a: Venusaur|Giga Drain|p1b: Basculegion
|-supereffective|p1b: Basculegion|1
|-damage|p1b: Basculegion|0 fnt
|-heal|p2a: Venusaur|100/100|[from] drain|[of] p1b: Basculegion
|faint|p1b: Basculegion
|
|win|bioraza
||bioraza is ready for game 2.
