|j|☆statonix
|j|☆jANMxRin
|html|statonixjANMxRin    
|uhtml|bestof|Game 1 of a best-of-3
|t:|1756296450
|gametype|doubles
|player|p1|statonix|266|1000
|player|p2|jANMxRin|acerola-masters|1008
|gen|9
|tier|[Gen 9] VGC 2025 Reg H (Bo3)
|rated|
|rule|Species Clause: Limit one of each Pokémon
|rule|Item Clause: Limit 1 of each item
|clearpoke
|poke|p1|Indeedee, L50, M|
|poke|p1|Sneasler, L50, F|
|poke|p1|Volcarona, L50, F|
|poke|p1|Annihilape, L50, F|
|poke|p1|Tyranitar, L50, F|
|poke|p1|Ursaluna-Bloodmoon, L50, M|
|poke|p2|Gardevoir, L50, F|
|poke|p2|Indeedee-F, L50, F|
|poke|p2|Ursaluna, L50, M|
|poke|p2|Magmar, L50, M|
|poke|p2|Dragapult, L50, M|
|poke|p2|Primarina, L50, F|
|teampreview|4
|showteam|p1|Indeedee||ChoiceScarf|PsychicSurge|Protect,Trick,TeraBlast,ExpandingForce|||M|||50|,,,,,Psychic]Sneasler||PsychicSeed|Unburden|Protect,ThroatChop,DireClaw,CloseCombat|||F|||50|,,,,,Dark]Volcarona||SitrusBerry|FlameBody|Tailwind,RagePowder,StruggleBug,Overheat|||F|||50|,,,,,Grass]Annihilape||SafetyGoggles|VitalSpirit|Taunt,RageFist,CloseCombat,FinalGambit|||F|||50|,,,,,Fairy]Tyranitar||AssaultVest|SandStream|RockSlide,TeraBlast,KnockOff,LowKick|||F|||50|,,,,,Flying]Ursaluna-Bloodmoon||LifeOrb|MindsEye|Protect,EarthPower,HyperVoice,BloodMoon|||M|||50|,,,,,Normal
|showteam|p2|Gardevoir||AssaultVest|Telepathy|ExpandingForce,DazzlingGleam,Moonblast,Thunderbolt|||F|||50|,,,,,Water]Indeedee-F||FocusSash|PsychicSurge|TrickRoom,HelpingHand,Psychic,Protect|||F|||50|,,,,,Dark]Ursaluna||FlameOrb|Guts|Earthquake,Facade,HeadlongRush,Protect|||M|||50|,,,,,Ghost]Magmar||Eviolite|VitalSpirit|FollowMe,Overheat,WillOWisp,Protect|||M|||50|,,,,,Fire]Dragapult||ChoiceBand|ClearBody|DragonDarts,Uturn,PhantomForce,SuckerPunch|||M|||50|,,,,,Dragon]Primarina||ThroatSpray|LiquidVoice|HyperVoice,Moonblast,Haze,Protect|||F|||50|,,,,,Poison
|inactive|Battle timer is ON: inactive players will automatically lose when time's up. (requested by statonix)
|inactive|statonix has 60 seconds left.
|inactive|jANMxRin has 60 seconds left.
|inactive|statonix has 30 seconds left.
|inactive|jANMxRin has 30 seconds left.
|inactive|statonix has 20 seconds left.
|inactive|statonix has 15 seconds left.
|inactive|statonix has 10 seconds left.
|
|t:|1756296535
|teamsize|p1|4
|teamsize|p2|4
|start
|switch|p1a: Annihilape|Annihilape, L50, F|100/100
|switch|p1b: Sneasler|Sneasler, L50, F|100/100
|switch|p2a: Dragapult|Dragapult, L50, M, shiny|100/100
|switch|p2b: Gardevoir|Gardevoir, L50, F, shiny|100/100
|turn|1
|inactive|statonix has 30 seconds left.
|inactive|jANMxRin has 30 seconds left.
|inactive|jANMxRin has 20 seconds left.
|inactive|jANMxRin has 15 seconds left.
|
|t:|1756296577
|switch|p1b: Tyranitar|Tyranitar, L50, F|100/100
|-weather|Sandstorm|[from] ability: Sand Stream|[of] p1b: Tyranitar
|-terastallize|p2a: Dragapult|Dragon
|-terastallize|p1a: Annihilape|Fairy
|move|p2a: Dragapult|U-turn|p1a: Annihilape
|-resisted|p1a: Annihilape
|-crit|p1a: Annihilape
|-damage|p1a: Annihilape|76/100
|
|t:|1756296593
|switch|p2a: Indeedee|Indeedee-F, L50, F|100/100|[from] U-turn
|-fieldstart|move: Psychic Terrain|[from] ability: Psychic Surge|[of] p2a: Indeedee
|move|p1a: Annihilape|Rage Fist|p2a: Indeedee
|-immune|p2a: Indeedee
|move|p2b: Gardevoir|Dazzling Gleam|p1a: Annihilape|[spread] p1a,p1b
|-supereffective|p1b: Tyranitar
|-damage|p1a: Annihilape|46/100
|-damage|p1b: Tyranitar|72/100
|
|-weather|Sandstorm|[upkeep]
|-damage|p2a: Indeedee|94/100|[from] Sandstorm
|-damage|p2b: Gardevoir|95/100|[from] Sandstorm
|upkeep
|turn|2
|j| redshoes7
|inactive|statonix has 30 seconds left.
|inactive|jANMxRin has 30 seconds left.
|inactive|jANMxRin has 20 seconds left.
|
|t:|1756296632
|switch|p2b: Ursaluna|Ursaluna, L50, M|100/100
|move|p1a: Annihilape|Taunt|p2a: Indeedee
|-start|p2a: Indeedee|move: Taunt
|move|p1b: Tyranitar|Knock Off|p2b: Ursaluna
|-damage|p2b: Ursaluna|58/100
|-enditem|p2b: Ursaluna|Flame Orb|[from] move: Knock Off|[of] p1b: Tyranitar
|cant|p2a: Indeedee|move: Taunt|Trick Room
|
|-weather|Sandstorm|[upkeep]
|-damage|p2a: Indeedee|88/100|[from] Sandstorm
|upkeep
|turn|3
|l| redshoes7
|
|t:|1756296656
|switch|p2a: Gardevoir|Gardevoir, L50, F, shiny|95/100
|move|p1a: Annihilape|Close Combat|p2b: Ursaluna
|-supereffective|p2b: Ursaluna
|-damage|p2b: Ursaluna|0 fnt
|-unboost|p1a: Annihilape|def|1
|-unboost|p1a: Annihilape|spd|1
|faint|p2b: Ursaluna
|move|p1b: Tyranitar|Rock Slide|p2a: Gardevoir
|-damage|p2a: Gardevoir|33/100
|
|-weather|Sandstorm|[upkeep]
|-damage|p2a: Gardevoir|27/100|[from] Sandstorm
|upkeep
|
|t:|1756296665
|switch|p2b: Dragapult|Dragapult, L50, M, shiny, tera:Dragon|100/100
|turn|4
|inactive|statonix has 30 seconds left.
|inactive|jANMxRin has 30 seconds left.
|inactive|jANMxRin has 20 seconds left.
|inactive|jANMxRin has 15 seconds left.
|inactive|jANMxRin has 10 seconds left.
|inactive|jANMxRin has 5 seconds left.
|
|t:|1756296719
|switch|p1a: Indeedee|Indeedee, L50, M|100/100
|switch|p2a: Indeedee|Indeedee-F, L50, F|88/100
|move|p2b: Dragapult|Dragon Darts|p1b: Tyranitar
|-damage|p1b: Tyranitar|31/100
|-anim|p2b: Dragapult|Dragon Darts|p1a: Indeedee
|-damage|p1a: Indeedee|0 fnt
|faint|p1a: Indeedee
|move|p1b: Tyranitar|Knock Off|p2b: Dragapult
|-damage|p2b: Dragapult|19/100
|-enditem|p2b: Dragapult|Choice Band|[from] move: Knock Off|[of] p1b: Tyranitar
|
|-weather|Sandstorm|[upkeep]
|-damage|p2b: Dragapult|13/100|[from] Sandstorm
|-damage|p2a: Indeedee|82/100|[from] Sandstorm
|upkeep
|
|t:|1756296737
|switch|p1a: Sneasler|Sneasler, L50, F|100/100
|-enditem|p1a: Sneasler|Psychic Seed
|-boost|p1a: Sneasler|spd|1|[from] item: Psychic Seed
|turn|5
|inactive|jANMxRin has 30 seconds left.
|inactive|jANMxRin has 20 seconds left.
|inactive|jANMxRin has 15 seconds left.
|
|t:|1756296780
|move|p1a: Sneasler|Throat Chop|p2b: Dragapult
|-damage|p2b: Dragapult|0 fnt
|faint|p2b: Dragapult
|move|p1b: Tyranitar|Knock Off|p2a: Indeedee
|-supereffective|p2a: Indeedee
|-damage|p2a: Indeedee|0 fnt
|-enditem|p2a: Indeedee|Focus Sash|[from] move: Knock Off|[of] p1b: Tyranitar
|faint|p2a: Indeedee
|
|-weather|none
|-fieldend|move: Psychic Terrain
|upkeep
|
|t:|1756296785
|switch|p2a: Gardevoir|Gardevoir, L50, F, shiny|27/100
|turn|6
|
|t:|1756296797
|move|p1a: Sneasler|Dire Claw|p2a: Gardevoir
|-supereffective|p2a: Gardevoir
|-damage|p2a: Gardevoir|0 fnt
|faint|p2a: Gardevoir
|
|win|statonix
