|j|☆cowboyoctopus
|j|☆Chocokoala VGC
|html|cowboyoctopusChocokoala VGC    
|uhtml|bestof|Game 1 of a best-of-3
|t:|1782492456
|gametype|doubles
|player|p1|cowboyoctopus|bellelba|1239
|player|p2|Chocokoala VGC|aaron|1256
|gen|9
|tier|[Gen 9 Champions] VGC 2026 Reg M-B (Bo3)
|rated|
|rule|Species Clause: Limit one of each Pokémon
|rule|Item Clause: Limit 1 of each item
|clearpoke
|poke|p1|Meganium, L50, M|
|poke|p1|Tyranitar, L50, M|
|poke|p1|Excadrill, L50, M|
|poke|p1|Aerodactyl, L50, M|
|poke|p1|Volcarona, L50, M|
|poke|p1|Sneasler, L50, F|
|poke|p2|Primarina, L50, M|
|poke|p2|Metagross, L50|
|poke|p2|Incineroar, L50, M|
|poke|p2|Sinistcha, L50|
|poke|p2|Aerodactyl, L50, F|
|poke|p2|Garchomp, L50, M|
|teampreview|4
|showteam|p1|Meganium||Meganiumite|Overgrow|SolarBeam,WeatherBall,Synthesis,Protect|Modest||M|||50|]Tyranitar||Tyranitarite|SandStream|RockSlide,KnockOff,LowKick,Protect|Brave||M|||50|]Excadrill||LifeOrb|SandRush|Earthquake,RockSlide,IronHead,Protect|Adamant||M|||50|]Aerodactyl||FocusSash|RockHead|RockSlide,DualWingbeat,StoneEdge,Protect|Jolly||M|||50|]Volcarona||SitrusBerry|FlameBody|RagePowder,HeatWave,WillOWisp,Protect|Bold||M|||50|]Sneasler||WhiteHerb|Unburden|FakeOut,DireClaw,CloseCombat,Protect|Jolly||F|||50|
|showteam|p2|Primarina||Leftovers|LiquidVoice|HyperVoice,Moonblast,Protect,CalmMind|Modest||M|||50|]Metagross||Metagrossite|ClearBody|MeteorMash,PsychicFangs,Protect,StompingTantrum|Adamant|||||50|]Incineroar||SitrusBerry|Intimidate|FakeOut,PartingShot,FlareBlitz,ThroatChop|Careful||M|||50|]Sinistcha||KasibBerry|Hospitality|MatchaGotcha,RagePowder,LifeDew,TrickRoom|Sassy|||||50|]Aerodactyl||Aerodactylite|RockHead|RockSlide,DualWingbeat,Protect,Tailwind|Jolly||F|||50|]Garchomp||LifeOrb|RoughSkin|Earthquake,StompingTantrum,Protect,DragonClaw|Adamant||M|||50|
|inactive|Battle timer is ON: inactive players will automatically lose when time's up. (requested by cowboyoctopus)
|inactive|Chocokoala VGC also wants the timer to be on.
|inactive|cowboyoctopus has 60 seconds left.
|inactive|cowboyoctopus has 30 seconds left.
|inactive|cowboyoctopus has 20 seconds left.
|
|t:|1782492530
|teamsize|p1|4
|teamsize|p2|4
|start
|switch|p1a: Sneasler|Sneasler, L50, F|100/100
|switch|p1b: Meganium|Meganium, L50, M|100/100
|switch|p2a: Metagross|Metagross, L50|100/100
|switch|p2b: Garchomp|Garchomp, L50, M|100/100
|turn|1
|c|☆Chocokoala VGC|bro, idk if it's intentional but aerodactyl has rock head and no recoil
|inactive|Chocokoala VGC has 30 seconds left.
|
|t:|1782492565
|switch|p1a: Tyranitar|Tyranitar, L50, M|100/100
|-weather|Sandstorm|[from] ability: Sand Stream|[of] p1a: Tyranitar
|switch|p1b: Excadrill|Excadrill, L50, M|100/100
|detailschange|p2a: Metagross|Metagross-Mega, L50
|-mega|p2a: Metagross|Metagross|Metagrossite
|move|p2b: Garchomp|Stomping Tantrum|p1a: Tyranitar
|-supereffective|p1a: Tyranitar|1
|-damage|p1a: Tyranitar|9/100
|-damage|p2b: Garchomp|90/100|[from] item: Life Orb
|move|p2a: Metagross|Meteor Mash|p1b: Excadrill|[miss]
|-miss|p2a: Metagross|p1b: Excadrill
|
|-weather|Sandstorm|[upkeep]
|upkeep
|turn|2
|
|t:|1782492583
|move|p2a: Metagross|Protect|p2a: Metagross
|-singleturn|p2a: Metagross|Protect
|move|p1b: Excadrill|Earthquake|p2b: Garchomp|[spread] p1a,p2b
|-activate|p2a: Metagross|move: Protect
|-supereffective|p1a: Tyranitar|1
|-damage|p1a: Tyranitar|0 fnt
|-damage|p2b: Garchomp|35/100
|faint|p1a: Tyranitar
|-damage|p1b: Excadrill|90/100|[from] item: Life Orb
|move|p2b: Garchomp|Earthquake|p1b: Excadrill|[spread] p1b
|-activate|p2a: Metagross|move: Protect
|-supereffective|p1b: Excadrill|1
|-damage|p1b: Excadrill|0 fnt
|faint|p1b: Excadrill
|-damage|p2b: Garchomp|25/100|[from] item: Life Orb
|
|-weather|Sandstorm|[upkeep]
|upkeep
|
|t:|1782492590
|switch|p1b: Meganium|Meganium, L50, M|100/100
|switch|p1a: Sneasler|Sneasler, L50, F|100/100
|turn|3
|
|t:|1782492606
|switch|p2a: Decidueye?|Sinistcha, L50|100/100
|-heal|p2b: Garchomp|50/100g|[from] ability: Hospitality|[of] p2a: Decidueye?
|detailschange|p1b: Meganium|Meganium-Mega, L50, M
|-mega|p1b: Meganium|Meganium|Meganiumite
|move|p1a: Sneasler|Fake Out|p2a: Decidueye?
|-immune|p2a: Decidueye?
|move|p2b: Garchomp|Stomping Tantrum|p1a: Sneasler
|-supereffective|p1a: Sneasler|1
|-crit|p1a: Sneasler
|-damage|p1a: Sneasler|0 fnt
|faint|p1a: Sneasler
|-damage|p2b: Garchomp|41/100|[from] item: Life Orb
|move|p1b: Meganium|Weather Ball|p2a: Decidueye?
|-supereffective|p2a: Decidueye?|1
|-damage|p2a: Decidueye?|0 fnt
|faint|p2a: Decidueye?
|
|-weather|Sandstorm|[upkeep]
|-damage|p1b: Meganium|94/100|[from] Sandstorm
|upkeep
|
|t:|1782492624
|switch|p2a: Metagross|Metagross-Mega, L50|100/100
|turn|4
|
|t:|1782492631
|switch|p2b: Incineroar|Incineroar, L50, M|100/100
|-ability|p2b: Incineroar|Intimidate|boost
|-unboost|p1b: Meganium|atk|1
|move|p2a: Metagross|Protect|p2a: Metagross
|-singleturn|p2a: Metagross|Protect
|move|p1b: Meganium|Weather Ball|p2a: Metagross
|-activate|p2a: Metagross|move: Protect
|
|-weather|Sandstorm|[upkeep]
|-damage|p1b: Meganium|88/100|[from] Sandstorm
|-damage|p2b: Incineroar|94/100|[from] Sandstorm
|upkeep
|turn|5
|
|t:|1782492640
|move|p1b: Meganium|Protect|p1b: Meganium
|-singleturn|p1b: Meganium|Protect
|move|p2b: Incineroar|Fake Out|p1b: Meganium
|-activate|p1b: Meganium|move: Protect
|move|p2a: Metagross|Meteor Mash|p1b: Meganium
|-activate|p1b: Meganium|move: Protect
|
|-weather|none
|upkeep
|turn|6
|
|t:|1782492645
|move|p2a: Metagross|Meteor Mash|p1b: Meganium|[miss]
|-miss|p2a: Metagross|p1b: Meganium
|move|p1b: Meganium|Weather Ball|p2a: Metagross
|-supereffective|p2a: Metagross|1
|-damage|p2a: Metagross|0 fnt
|faint|p2a: Metagross
|move|p2b: Incineroar|Flare Blitz|p1b: Meganium
|-supereffective|p1b: Meganium|1
|-damage|p1b: Meganium|10/100
|-damage|p2b: Incineroar|70/100|[from] Recoil
|
|upkeep
|
|t:|1782492655
|switch|p2a: Garchomp|Garchomp, L50, M|41/100
|turn|7
|
|t:|1782492659
|move|p2a: Garchomp|Stomping Tantrum|p1b: Meganium
|-resisted|p1b: Meganium|1
|-damage|p1b: Meganium|0 fnt
|faint|p1b: Meganium
|-damage|p2a: Garchomp|31/100|[from] item: Life Orb
|
|win|Chocokoala VGC
