|j|☆Olciax34
|j|☆AirBloom
|html|Olciax34AirBloom    
|uhtml|bestof|Game 1 of a best-of-3
|t:|1783634997
|gametype|doubles
|player|p1|Olciax34|clair|1243
|player|p2|AirBloom|sabrina|1354
|gen|9
|tier|[Gen 9 Champions] VGC 2026 Reg M-B (Bo3)
|rated|
|rule|Species Clause: Limit one of each Pokémon
|rule|Item Clause: Limit 1 of each item
|clearpoke
|poke|p1|Ceruledge, L50, M|
|poke|p1|Milotic, L50, F|
|poke|p1|Sinistcha, L50|
|poke|p1|Raichu, L50, M|
|poke|p1|Incineroar, L50, M|
|poke|p1|Floette-Eternal, L50, F|
|poke|p2|Camerupt, L50, F, shiny|
|poke|p2|Farigiraf, L50, M|
|poke|p2|Kingambit, L50, F|
|poke|p2|Vivillon-Pokeball, L50, M|
|poke|p2|Sylveon, L50, F, shiny|
|poke|p2|Sneasler, L50, M|
|teampreview|4
|showteam|p1|Ceruledge||ColburBerry|FlashFire|ShadowSneak,BitterBlade,BulkUp,Protect|Adamant||M|||50|]Milotic||Leftovers|Competitive|MuddyWater,Coil,Hypnosis,Protect|Bold||F|||50|]Sinistcha||KasibBerry|Hospitality|MatchaGotcha,LifeDew,RagePowder,StrengthSap|Calm|||||50|]Raichu||RaichuniteY|LightningRod|FakeOut,ZapCannon,FocusBlast,Protect|Modest||M|||50|]Incineroar||SitrusBerry|Intimidate|FakeOut,ThroatChop,FlareBlitz,PartingShot|Careful||M|||50|]Floette-Eternal||Floettite|FlowerVeil|CalmMind,DrainingKiss,Moonblast,Protect|Modest||F|||50|
|showteam|p2|Camerupt||Cameruptite|MagmaArmor|HeatWave,EarthPower,Protect,AncientPower|Quiet||F|||50|]Farigiraf||SitrusBerry|ArmorTail|TrickRoom,Thunderbolt,Psychic,HelpingHand|Calm||M|||50|]Kingambit||BlackGlasses|Defiant|KowtowCleave,SuckerPunch,SwordsDance,LowKick|Adamant||F|||50|]Vivillon-Pokeball||FocusSash|CompoundEyes|SleepPowder,Hurricane,RagePowder,Protect|Timid||M|||50|]Sylveon||LifeOrb|Pixilate|QuickAttack,HyperVoice,Detect,HyperBeam|Modest||F|||50|]Sneasler||IronBall|PoisonTouch|DireClaw,FakeOut,CloseCombat,Protect|Brave||M|||50|
|inactive|Battle timer is ON: inactive players will automatically lose when time's up. (requested by AirBloom)
|inactive|Olciax34 has 60 seconds left.
|inactive|AirBloom has 60 seconds left.
|j| creed revival tour
|
|t:|1783635057
|teamsize|p1|4
|teamsize|p2|4
|start
|switch|p1a: Milotic|Milotic, L50, F|100/100
|switch|p1b: Raichu|Raichu, L50, M|100/100
|switch|p2a: Farigiraf|Farigiraf, L50, M|100/100
|switch|p2b: Sneasler|Sneasler, L50, M|100/100
|turn|1
|
|t:|1783635072
|detailschange|p1b: Raichu|Raichu-Mega-Y, L50, M
|-mega|p1b: Raichu|Raichu|Raichunite Y
|move|p2b: Sneasler|Fake Out|p1b: Raichu
|-damage|p1b: Raichu|70/100
|cant|p1b: Raichu|flinch
|move|p1a: Milotic|Coil|p1a: Milotic
|-boost|p1a: Milotic|atk|1
|-boost|p1a: Milotic|def|1
|-boost|p1a: Milotic|accuracy|1
|move|p2a: Farigiraf|Trick Room|p2a: Farigiraf
|-fieldstart|move: Trick Room|[of] p2a: Farigiraf
|
|upkeep
|turn|2
|inactive|Olciax34 has 30 seconds left.
|
|t:|1783635106
|switch|p2a: Sylveon|Sylveon, L50, F, shiny|100/100
|switch|p1b: Incineroar|Incineroar, L50, M|100/100
|-ability|p1b: Incineroar|Intimidate|boost
|-unboost|p2a: Sylveon|atk|1
|-unboost|p2b: Sneasler|atk|1
|move|p2b: Sneasler|Dire Claw|p1a: Milotic
|-damage|p1a: Milotic|83/100
|-status|p1a: Milotic|psn
|move|p1a: Milotic|Muddy Water|p2b: Sneasler|[spread] p2a,p2b
|-damage|p2a: Sylveon|82/100
|-damage|p2b: Sneasler|68/100
|-unboost|p2a: Sylveon|accuracy|1
|
|-heal|p1a: Milotic|89/100 psn|[from] item: Leftovers
|-damage|p1a: Milotic|77/100 psn|[from] psn
|upkeep
|turn|3
|inactive|Olciax34 has 30 seconds left.
|inactive|Olciax34 has 20 seconds left.
|inactive|Olciax34 has 15 seconds left.
|
|t:|1783635147
|switch|p2b: Farigiraf|Farigiraf, L50, M|100/100
|move|p1b: Incineroar|Fake Out||[still]
|cant|p2b: Farigiraf|ability: Armor Tail|Fake Out|[of] p1b: Incineroar
|move|p2a: Sylveon|Hyper Voice|p1a: Milotic|[spread] p1a,p1b
|-damage|p1a: Milotic|38/100 psn
|-damage|p1b: Incineroar|58/100
|-damage|p2a: Sylveon|73/100|[from] item: Life Orb
|move|p1a: Milotic|Coil|p1a: Milotic
|-boost|p1a: Milotic|atk|1
|-boost|p1a: Milotic|def|1
|-boost|p1a: Milotic|accuracy|1
|
|-heal|p1a: Milotic|44/100 psn|[from] item: Leftovers
|-damage|p1a: Milotic|32/100 psn|[from] psn
|upkeep
|turn|4
|inactive|Olciax34 has 30 seconds left.
|inactive|Olciax34 has 20 seconds left.
|inactive|Olciax34 has 15 seconds left.
|
|t:|1783635189
|move|p2b: Farigiraf|Helping Hand|p2a: Sylveon
|-singleturn|p2a: Sylveon|Helping Hand|[of] p2b: Farigiraf
|move|p1b: Incineroar|Throat Chop|p2b: Farigiraf
|-supereffective|p2b: Farigiraf|1
|-damage|p2b: Farigiraf|35/100
|-start|p2b: Farigiraf|Throat Chop|[silent]
|-enditem|p2b: Farigiraf|Sitrus Berry|[eat]
|-heal|p2b: Farigiraf|60/100|[from] item: Sitrus Berry
|move|p2a: Sylveon|Hyper Voice|p1b: Incineroar|[spread] p1a,p1b
|-damage|p1a: Milotic|0 fnt
|-damage|p1b: Incineroar|0 fnt
|faint|p1a: Milotic
|faint|p1b: Incineroar
|-damage|p2a: Sylveon|63/100|[from] item: Life Orb
|
|upkeep
|inactive|Olciax34 has 30 seconds left.
|inactive|Olciax34 has 20 seconds left.
|inactive|Olciax34 has 15 seconds left.
|inactive|Olciax34 has 10 seconds left.
|inactive|Olciax34 has 5 seconds left.
|
|t:|1783635244
|switch|p1b: Raichu|Raichu-Mega-Y, L50, M|70/100
|switch|p1a: Ceruledge|Ceruledge, L50, M|100/100
|turn|5
|inactive|AirBloom has 30 seconds left.
|
|t:|1783635279
|switch|p2a: Sneasler|Sneasler, L50, M|68/100
|move|p1b: Raichu|Protect|p1b: Raichu
|-singleturn|p1b: Raichu|Protect
|move|p2b: Farigiraf|Thunderbolt|p1a: Ceruledge
|-damage|p1a: Ceruledge|81/100
|move|p1a: Ceruledge|Bulk Up|p1a: Ceruledge
|-boost|p1a: Ceruledge|atk|1
|-boost|p1a: Ceruledge|def|1
|
|-end|p2b: Farigiraf|Throat Chop|[silent]
|-fieldend|move: Trick Room
|upkeep
|turn|6
|
|t:|1783635297
|move|p2a: Sneasler|Fake Out|p1b: Raichu
|-damage|p1b: Raichu|42/100
|-status|p1b: Raichu|psn|[from] ability: Poison Touch|[of] p2a: Sneasler
|cant|p1b: Raichu|flinch
|move|p1a: Ceruledge|Bitter Blade|p2b: Farigiraf
|-damage|p2b: Farigiraf|3/100
|-heal|p1a: Ceruledge|100/100|[from] drain|[of] p2b: Farigiraf
|move|p2b: Farigiraf|Trick Room|p2b: Farigiraf
|-fieldstart|move: Trick Room|[of] p2b: Farigiraf
|
|-damage|p1b: Raichu|30/100 psn|[from] psn
|upkeep
|turn|7
|
|t:|1783635317
|move|p1b: Raichu|Protect|p1b: Raichu
|-singleturn|p1b: Raichu|Protect
|move|p2a: Sneasler|Dire Claw|p1a: Ceruledge
|-resisted|p1a: Ceruledge|1
|-damage|p1a: Ceruledge|81/100
|move|p2b: Farigiraf|Psychic|p1b: Raichu
|-activate|p1b: Raichu|move: Protect
|move|p1a: Ceruledge|Bitter Blade|p2a: Sneasler
|-damage|p2a: Sneasler|0 fnt
|-heal|p1a: Ceruledge|100/100|[from] drain|[of] p2a: Sneasler
|faint|p2a: Sneasler
|
|-damage|p1b: Raichu|18/100 psn|[from] psn
|upkeep
|
|t:|1783635331
|switch|p2a: Camerupt|Camerupt, L50, F, shiny|100/100
|turn|8
|
|t:|1783635346
|detailschange|p2a: Camerupt|Camerupt-Mega, L50, F, shiny
|-mega|p2a: Camerupt|Camerupt|Cameruptite
|move|p2a: Camerupt|Earth Power|p1a: Ceruledge
|-supereffective|p1a: Ceruledge|1
|-damage|p1a: Ceruledge|0 fnt
|faint|p1a: Ceruledge
|move|p2b: Farigiraf|Psychic|p1b: Raichu
|-damage|p1b: Raichu|0 fnt
|faint|p1b: Raichu
|
|win|AirBloom
