|j|☆lorenzopoke
|j|☆ferchoxx
|html|lorenzopokeferchoxx    
|uhtml|bestof|Game 2 of a best-of-3
|t:|1785713597
|gametype|doubles
|player|p1|lorenzopoke|red|1166
|player|p2|ferchoxx|ghetsis|1266
|gen|9
|tier|[Gen 9 Champions] VGC 2026 Reg M-B (Bo3)
|rated|
|rule|Species Clause: Limit one of each Pokémon
|rule|Item Clause: Limit 1 of each item
|clearpoke
|poke|p1|Staraptor, L50, M|
|poke|p1|Farigiraf, L50, M|
|poke|p1|Sylveon, L50, F|
|poke|p1|Torkoal, L50, F|
|poke|p1|Ampharos, L50, F|
|poke|p1|Kangaskhan, L50, F|
|poke|p2|Tyranitar, L50, F|
|poke|p2|Staraptor, L50, M|
|poke|p2|Excadrill, L50, M|
|poke|p2|Gholdengo, L50|
|poke|p2|Milotic, L50, F|
|poke|p2|Sinistcha, L50|
|teampreview|4
|showteam|p1|Staraptor||ChoiceScarf|Intimidate|BraveBird,CloseCombat,Uturn,FinalGambit|Jolly||M|||50|]Farigiraf||SitrusBerry|ArmorTail|HelpingHand,TwinBeam,Thunderbolt,TrickRoom|Sassy||M|||50|]Sylveon||FairyFeather|Pixilate|HyperVoice,QuickAttack,HyperBeam,Detect|Quiet||F|||50|]Torkoal||Charcoal|Drought|Eruption,WeatherBall,HeatWave,Protect|Quiet||F|||50|]Ampharos||Ampharosite|Static|Thunderbolt,DragonPulse,PowerGem,Protect|Quiet||F|||50|]Kangaskhan||Kangaskhanite|Scrappy|HammerArm,FakeOut,DoubleEdge,RockTomb|Adamant||F|||50|
|showteam|p2|Tyranitar||Tyranitarite|SandStream|RockSlide,KnockOff,HighHorsepower,Protect|Adamant||F|||50|]Staraptor||Staraptite|Intimidate|BraveBird,CloseCombat,Tailwind,Protect|Jolly||M|||50|]Excadrill||FocusSash|SandRush|HighHorsepower,IronHead,RockSlide,Protect|Jolly||M|||50|]Gholdengo||LifeOrb|GoodasGold|MakeItRain,ShadowBall,NastyPlot,Protect|Timid|||||50|]Milotic||SitrusBerry|Competitive|Protect,IceBeam,Scald,IcyWind|Bold||F|||50|]Sinistcha||ColburBerry|Hospitality|MatchaGotcha,RagePowder,TrickRoom,Protect|Bold|||||50|
|inactive|Battle timer is ON: inactive players will automatically lose when time's up. (requested by ferchoxx)
|inactive|lorenzopoke has 60 seconds left.
|inactive|ferchoxx has 60 seconds left.
|
|t:|1785713645
|teamsize|p1|4
|teamsize|p2|4
|start
|switch|p1a: Staraptor|Staraptor, L50, M|100/100
|switch|p1b: Farigiraf|Farigiraf, L50, M|100/100
|switch|p2a: Tyranitar|Tyranitar, L50, F|100/100
|switch|p2b: Excadrill|Excadrill, L50, M|100/100
|-ability|p1a: Staraptor|Intimidate|boost
|-unboost|p2a: Tyranitar|atk|1
|-unboost|p2b: Excadrill|atk|1
|-weather|Sandstorm|[from] ability: Sand Stream|[of] p2a: Tyranitar
|turn|1
|inactive|ferchoxx has 30 seconds left.
|inactive|ferchoxx has 20 seconds left.
|
|t:|1785713681
|move|p2a: Tyranitar|Protect|p2a: Tyranitar
|-singleturn|p2a: Tyranitar|Protect
|move|p2b: Excadrill|Iron Head|p1a: Staraptor
|-damage|p1a: Staraptor|63/100
|move|p1a: Staraptor|Final Gambit|p2a: Tyranitar
|-activate|p2a: Tyranitar|move: Protect
|move|p1b: Farigiraf|Trick Room|p1b: Farigiraf
|-fieldstart|move: Trick Room|[of] p1b: Farigiraf
|
|-weather|Sandstorm|[upkeep]
|-damage|p1b: Farigiraf|93/100|[from] Sandstorm
|-damage|p1a: Staraptor|57/100|[from] Sandstorm
|upkeep
|turn|2
|inactive|lorenzopoke has 30 seconds left.
|inactive|ferchoxx has 30 seconds left.
|inactive|lorenzopoke has 20 seconds left.
|inactive|ferchoxx has 20 seconds left.
|inactive|ferchoxx has 15 seconds left.
|
|t:|1785713724
|detailschange|p2a: Tyranitar|Tyranitar-Mega, L50, F
|-mega|p2a: Tyranitar|Tyranitar|Tyranitarite
|move|p1b: Farigiraf|Thunderbolt|p2a: Tyranitar
|-damage|p2a: Tyranitar|87/100
|move|p2a: Tyranitar|Knock Off|p1b: Farigiraf
|-supereffective|p1b: Farigiraf|1
|-damage|p1b: Farigiraf|15/100
|-enditem|p1b: Farigiraf|Sitrus Berry|[from] move: Knock Off|[of] p2a: Tyranitar
|move|p1a: Staraptor|Final Gambit|p2a: Tyranitar
|-damage|p2a: Tyranitar|25/100
|faint|p1a: Staraptor
|move|p2b: Excadrill|Rock Slide|p1b: Farigiraf
|-damage|p1b: Farigiraf|0 fnt
|faint|p1b: Farigiraf
|
|-weather|Sandstorm|[upkeep]
|upkeep
|inactive|lorenzopoke has 30 seconds left.
|
|t:|1785713750
|switch|p1b: Ampharos|Ampharos, L50, F|100/100
|switch|p1a: Torkoal|Torkoal, L50, F|100/100
|-weather|SunnyDay|[from] ability: Drought|[of] p1a: Torkoal
|turn|3
|
|t:|1785713761
|detailschange|p1b: Ampharos|Ampharos-Mega, L50, F
|-mega|p1b: Ampharos|Ampharos|Ampharosite
|-ability|p1b: Ampharos|Mold Breaker
|move|p2a: Tyranitar|Protect|p2a: Tyranitar
|-singleturn|p2a: Tyranitar|Protect
|move|p2b: Excadrill|Protect|p2b: Excadrill
|-singleturn|p2b: Excadrill|Protect
|move|p1a: Torkoal|Eruption|p2b: Excadrill|[spread] 
|-activate|p2a: Tyranitar|move: Protect
|-activate|p2b: Excadrill|move: Protect
|move|p1b: Ampharos|Thunderbolt|p2a: Tyranitar
|-activate|p2a: Tyranitar|move: Protect
|
|-weather|SunnyDay|[upkeep]
|upkeep
|turn|4
|inactive|ferchoxx has 30 seconds left.
|
|t:|1785713786
|switch|p2a: Gholdengo|Gholdengo, L50|100/100
|switch|p2b: Milotic|Milotic, L50, F|100/100
|move|p1a: Torkoal|Eruption|p2b: Milotic|[spread] p2a,p2b
|-supereffective|p2a: Gholdengo|1
|-resisted|p2b: Milotic|1
|-damage|p2a: Gholdengo|0 fnt
|-damage|p2b: Milotic|67/100
|faint|p2a: Gholdengo
|move|p1b: Ampharos|Thunderbolt|p2b: Milotic
|-supereffective|p2b: Milotic|1
|-damage|p2b: Milotic|0 fnt
|faint|p2b: Milotic
|
|-weather|SunnyDay|[upkeep]
|upkeep
|
|t:|1785713799
|switch|p2b: Excadrill|Excadrill, L50, M|100/100
|switch|p2a: Tyranitar|Tyranitar-Mega, L50, F|25/100
|-weather|Sandstorm|[from] ability: Sand Stream|[of] p2a: Tyranitar
|turn|5
|
|t:|1785713805
|move|p2a: Tyranitar|Protect|p2a: Tyranitar
|-singleturn|p2a: Tyranitar|Protect
|move|p2b: Excadrill|Protect|p2b: Excadrill
|-singleturn|p2b: Excadrill|Protect
|move|p1a: Torkoal|Eruption|p2b: Excadrill|[spread] 
|-activate|p2a: Tyranitar|move: Protect
|-activate|p2b: Excadrill|move: Protect
|move|p1b: Ampharos|Thunderbolt|p2a: Tyranitar
|-activate|p2a: Tyranitar|move: Protect
|
|-weather|Sandstorm|[upkeep]
|-damage|p1a: Torkoal|93/100|[from] Sandstorm
|-damage|p1b: Ampharos|93/100|[from] Sandstorm
|-fieldend|move: Trick Room
|upkeep
|turn|6
|
|t:|1785713822
|move|p2b: Excadrill|High Horsepower|p1b: Ampharos
|-supereffective|p1b: Ampharos|1
|-damage|p1b: Ampharos|8/100
|move|p2a: Tyranitar|Rock Slide|p1a: Torkoal|[spread] p1a
|-miss|p2a: Tyranitar|p1b: Ampharos
|-supereffective|p1a: Torkoal|1
|-damage|p1a: Torkoal|39/100
|move|p1b: Ampharos|Thunderbolt|p2a: Tyranitar
|-damage|p2a: Tyranitar|0 fnt
|faint|p2a: Tyranitar
|move|p1a: Torkoal|Heat Wave|p2b: Excadrill
|-supereffective|p2b: Excadrill|1
|-enditem|p2b: Excadrill|Focus Sash
|-damage|p2b: Excadrill|1/100
|
|-weather|Sandstorm|[upkeep]
|-damage|p1b: Ampharos|2/100|[from] Sandstorm
|-damage|p1a: Torkoal|33/100|[from] Sandstorm
|upkeep
|turn|7
|
|t:|1785713846
|move|p2b: Excadrill|Protect|p2b: Excadrill
|-singleturn|p2b: Excadrill|Protect
|move|p1b: Ampharos|Dragon Pulse|p2b: Excadrill
|-activate|p2b: Excadrill|move: Protect
|move|p1a: Torkoal|Heat Wave|p2b: Excadrill
|-activate|p2b: Excadrill|move: Protect
|
|-weather|Sandstorm|[upkeep]
|-damage|p1b: Ampharos|0 fnt|[from] Sandstorm
|-damage|p1a: Torkoal|27/100|[from] Sandstorm
|faint|p1b: Ampharos
|upkeep
|turn|8
|
|t:|1785713857
|move|p1a: Torkoal|Protect|p1a: Torkoal
|-singleturn|p1a: Torkoal|Protect
|move|p2b: Excadrill|High Horsepower|p1a: Torkoal
|-activate|p1a: Torkoal|move: Protect
|
|-weather|Sandstorm|[upkeep]
|-damage|p1a: Torkoal|20/100y|[from] Sandstorm
|upkeep
|turn|9
|
|t:|1785713865
|move|p2b: Excadrill|High Horsepower|p1a: Torkoal
|-supereffective|p1a: Torkoal|1
|-damage|p1a: Torkoal|0 fnt
|faint|p1a: Torkoal
|
|win|ferchoxx
|raw|lorenzopoke's rating: 1166 → 1148(-18 for losing)
|raw|ferchoxx's rating: 1266 → 1284(+18 for winning)
|c|☆ferchoxx|gg
|l|☆lorenzopoke
|player|p1|
