|j|☆Zack plays Pokemon
|j|☆Lacossg
|html|Zack plays PokemonLacossg    
|uhtml|bestof|Game 1 of a best-of-3
|t:|1757845443
|gametype|doubles
|player|p1|Zack plays Pokemon|morty|1019
|player|p2|Lacossg|169|1196
|gen|9
|tier|[Gen 9] VGC 2025 Reg H (Bo3)
|rated|
|rule|Species Clause: Limit one of each Pokémon
|rule|Item Clause: Limit 1 of each item
|clearpoke
|poke|p1|Typhlosion-Hisui, L50, M|
|poke|p1|Indeedee, L50, M|
|poke|p1|Whimsicott, L50, F|
|poke|p1|Garchomp, L50, F|
|poke|p1|Sneasler, L50, F|
|poke|p1|Scizor, L50, F|
|poke|p2|Espathra, L50, M|
|poke|p2|Indeedee-F, L50, F|
|poke|p2|Sneasler, L50, F|
|poke|p2|Kingambit, L50, M|
|poke|p2|Arcanine-Hisui, L50, M|
|poke|p2|Hydreigon, L50, F|
|teampreview|4
|showteam|p1|Typhlosion-Hisui||ChoiceScarf|Blaze|Eruption,SolarBeam,Overheat,ShadowBall|||M|||50|,,,,,Fire]Indeedee||FocusSash|PsychicSurge|ExpandingForce,TrickRoom,TeraBlast,Imprison|||M|||50|,,,,,Ice]Whimsicott||CovertCloak|Prankster|HelpingHand,SunnyDay,Moonblast,Tailwind|||F|||50|,,,,,Dragon]Garchomp||LifeOrb|RoughSkin|DragonClaw,RockSlide,StompingTantrum,Protect|||F|||50|,,,,,Fire]Sneasler||PsychicSeed|Unburden|ThroatChop,CloseCombat,DireClaw,Protect|||F|||50|,,,,,Grass]Scizor||ChoiceBand|Technician|BulletPunch,DualWingbeat,Uturn,IronHead|||F|||50|,,,,,Water
|showteam|p2|Espathra||LifeOrb|SpeedBoost|LuminaCrash,ExpandingForce,DazzlingGleam,Protect|||M|||50|,,,,,Psychic]Indeedee-F||RockyHelmet|PsychicSurge|FollowMe,Psychic,HelpingHand,Protect|||F|||50|,,,,,Steel]Sneasler||PsychicSeed|Unburden|ThroatChop,CloseCombat,DireClaw,Protect|||F|||50|,,,,,Dark]Kingambit||AssaultVest|Defiant|KowtowCleave,SuckerPunch,LowKick,TeraBlast|||M|||50|,,,,,Flying]Arcanine-Hisui||MirrorHerb|Intimidate|FlareBlitz,RockSlide,CloseCombat,Protect|||M|||50|,,,,,Water]Hydreigon||SafetyGoggles|Levitate|DracoMeteor,Snarl,Taunt,Protect|||F|||50|,,,,,Ghost
|
|t:|1757845485
|teamsize|p1|4
|teamsize|p2|4
|start
|switch|p1a: Typhlosion|Typhlosion-Hisui, L50, M|100/100
|switch|p1b: Garchomp|Garchomp, L50, F|100/100
|switch|p2a: Sneasler|Sneasler, L50, F|100/100
|switch|p2b: Arcanine|Arcanine-Hisui, L50, M|100/100
|-ability|p2b: Arcanine|Intimidate|boost
|-unboost|p1a: Typhlosion|atk|1
|-unboost|p1b: Garchomp|atk|1
|turn|1
|
|t:|1757845510
|-terastallize|p2b: Arcanine|Water
|move|p2a: Sneasler|Protect|p2a: Sneasler
|-singleturn|p2a: Sneasler|Protect
|move|p1a: Typhlosion|Eruption|p2a: Sneasler|[spread] p2b
|-activate|p2a: Sneasler|move: Protect
|-resisted|p2b: Arcanine
|-crit|p2b: Arcanine
|-damage|p2b: Arcanine|48/100
|move|p1b: Garchomp|Stomping Tantrum|p2b: Arcanine
|-damage|p2b: Arcanine|4/100
|-damage|p1b: Garchomp|91/100|[from] item: Life Orb
|move|p2b: Arcanine|Rock Slide|p1a: Typhlosion|[spread] 
|-miss|p2b: Arcanine|p1a: Typhlosion
|-miss|p2b: Arcanine|p1b: Garchomp
|
|upkeep
|turn|2
|
|t:|1757845531
|switch|p2b: Indeedee|Indeedee-F, L50, F|100/100
|-fieldstart|move: Psychic Terrain|[from] ability: Psychic Surge|[of] p2b: Indeedee
|-enditem|p2a: Sneasler|Psychic Seed
|-boost|p2a: Sneasler|spd|1|[from] item: Psychic Seed
|move|p2a: Sneasler|Throat Chop|p1a: Typhlosion
|-supereffective|p1a: Typhlosion
|-damage|p1a: Typhlosion|7/100
|-start|p1a: Typhlosion|Throat Chop|[silent]
|move|p1a: Typhlosion|Eruption|p2b: Indeedee|[spread] p2a,p2b
|-damage|p2a: Sneasler|97/100
|-damage|p2b: Indeedee|95/100
|move|p1b: Garchomp|Stomping Tantrum|p2a: Sneasler
|-supereffective|p2a: Sneasler
|-damage|p2a: Sneasler|5/100
|-damage|p1b: Garchomp|81/100|[from] item: Life Orb
|
|upkeep
|turn|3
|
|t:|1757845552
|switch|p1a: Indeedee|Indeedee, L50, M|100/100
|move|p2b: Indeedee|Helping Hand|p2a: Sneasler
|-singleturn|p2a: Sneasler|Helping Hand|[of] p2b: Indeedee
|move|p2a: Sneasler|Close Combat|p1b: Garchomp
|-damage|p1b: Garchomp|0 fnt
|-unboost|p2a: Sneasler|def|1
|-unboost|p2a: Sneasler|spd|1
|-damage|p2a: Sneasler|0 fnt|[from] ability: Rough Skin|[of] p1b: Garchomp
|faint|p1b: Garchomp
|faint|p2a: Sneasler
|
|upkeep
|
|t:|1757845565
|switch|p1b: Sneasler|Sneasler, L50, F|100/100
|switch|p2a: Espathra|Espathra, L50, M|100/100
|-enditem|p1b: Sneasler|Psychic Seed
|-boost|p1b: Sneasler|spd|1|[from] item: Psychic Seed
|turn|4
|
|t:|1757845573
|move|p2a: Espathra|Protect|p2a: Espathra
|-singleturn|p2a: Espathra|Protect
|move|p2b: Indeedee|Protect|p2b: Indeedee
|-singleturn|p2b: Indeedee|Protect
|move|p1b: Sneasler|Throat Chop|p2a: Espathra
|-activate|p2a: Espathra|move: Protect
|move|p1a: Indeedee|Expanding Force|p2b: Indeedee|[spread] 
|-activate|p2a: Espathra|move: Protect
|-activate|p2b: Indeedee|move: Protect
|
|-ability|p2a: Espathra|Speed Boost|boost
|-boost|p2a: Espathra|spe|1
|upkeep
|turn|5
|
|t:|1757845590
|move|p2b: Indeedee|Follow Me|p2b: Indeedee
|-singleturn|p2b: Indeedee|move: Follow Me
|move|p1b: Sneasler|Throat Chop|p2b: Indeedee
|-supereffective|p2b: Indeedee
|-damage|p2b: Indeedee|33/100
|-start|p2b: Indeedee|Throat Chop|[silent]
|-damage|p1b: Sneasler|84/100|[from] item: Rocky Helmet|[of] p2b: Indeedee
|move|p2a: Espathra|Expanding Force|p1b: Sneasler|[spread] p1a,p1b
|-resisted|p1a: Indeedee
|-crit|p1a: Indeedee
|-supereffective|p1b: Sneasler
|-damage|p1a: Indeedee|34/100
|-damage|p1b: Sneasler|0 fnt
|faint|p1b: Sneasler
|-damage|p2a: Espathra|91/100|[from] item: Life Orb
|move|p1a: Indeedee|Expanding Force|p2b: Indeedee|[spread] p2a,p2b
|-resisted|p2a: Espathra
|-resisted|p2b: Indeedee
|-damage|p2a: Espathra|51/100
|-damage|p2b: Indeedee|7/100
|
|-ability|p2a: Espathra|Speed Boost|boost
|-boost|p2a: Espathra|spe|1
|upkeep
|
|t:|1757845595
|switch|p1b: Typhlosion|Typhlosion-Hisui, L50, M|7/100
|turn|6
|-message|Zack plays Pokemon forfeited.
|
|win|Lacossg
|l|☆Zack plays Pokemon
|player|p1|
||Zack plays Pokemon is ready for game 2.
||Lacossg is ready for game 2.
|uhtml|next|Next: Game 2 of 3
|l|☆Lacossg
|player|p2|
