|j|â˜†Spookz_Legend
|j|â˜†EnigmaEUW
|html|Spookz_LegendEnigmaEUW    
|uhtml|bestof|Game 1 of a best-of-3
|t:|1757789698
|gametype|doubles
|player|p1|Spookz_Legend|cheren-gen5bw2|
|player|p2|EnigmaEUW|ingo|
|gen|9
|tier|[Gen 9] VGC 2025 Reg H (Bo3)
|rule|Species Clause: Limit one of each PokÃ©mon
|rule|Item Clause: Limit 1 of each item
|clearpoke
|poke|p1|Torkoal, L50, M|
|poke|p1|Lilligant-Hisui, L50, F|
|poke|p1|Zoroark-Hisui, L50, F|
|poke|p1|Ursaluna, L50, M|
|poke|p1|Indeedee-F, L50, F|
|poke|p1|Delphox, L50, F|
|poke|p2|Pelipper, L50, F|
|poke|p2|Archaludon, L50, M|
|poke|p2|Incineroar, L50, F|
|poke|p2|Hydreigon, L50, M|
|poke|p2|Ursaluna, L50, M|
|poke|p2|Amoonguss, L50, F|
|teampreview|4
|showteam|p1|Torkoal||EjectPack|Drought|Eruption,Overheat,EarthPower,Protect|||M|||50|,,,,,Fire]Lilligant-Hisui||FocusSash|Chlorophyll|CloseCombat,TripleAxel,AfterYou,SleepPowder|||F|||50|,,,,,Ghost]Zoroark-Hisui||LifeOrb|Illusion|ShadowBall,HyperVoice,WillOWisp,Protect|||F|||50|,,,,,Dark]Ursaluna||FlameOrb|Guts|HeadlongRush,Facade,Earthquake,Protect|||M|||50|,,,,,Ghost]Indeedee-F||PsychicSeed|PsychicSurge|DazzlingGleam,Protect,FollowMe,TrickRoom|||F|||50|,,,,,Fairy]Delphox||ChoiceScarf|Blaze|HeatWave,ExpandingForce,ScorchingSands,SolarBeam|||F|||50|,,,,,Ground
|showteam|p2|Pelipper||CovertCloak|Drizzle|WeatherBall,Hurricane,Tailwind,Protect|||F|||50|,,,,,Grass]Archaludon||AssaultVest|Stamina|ElectroShot,BodyPress,DracoMeteor,FlashCannon|||M|||50|,,,,,Bug]Incineroar||RockyHelmet|Intimidate|FlareBlitz,KnockOff,FakeOut,PartingShot|||F|||50|,,,,,Grass]Hydreigon||SafetyGoggles|Levitate|Snarl,DracoMeteor,Tailwind,Protect|||M|||50|,,,,,Poison]Ursaluna||FlameOrb|Guts|Facade,Earthquake,HeadlongRush,Protect|||M|||50|,,,,,Ghost]Amoonguss||SitrusBerry|Regenerator|Spore,RagePowder,PollenPuff,Protect|||F|||50|,,,,,Water
|inactive|Battle timer is ON: inactive players will automatically lose when time's up. (requested by EnigmaEUW)
|c|â˜†EnigmaEUW|glhf
|c|â˜†Spookz_Legend|glhf
|inactive|Spookz_Legend has 60 seconds left.
|inactive|EnigmaEUW has 60 seconds left.
|
|t:|1757789751
|teamsize|p1|4
|teamsize|p2|4
|start
|switch|p1a: Toroto|Torkoal, L50, M|100/100
|switch|p1b: Dancing Queen|Lilligant-Hisui, L50, F|100/100
|switch|p2a: Hydreigon|Hydreigon, L50, M|100/100
|switch|p2b: Amoonguss|Amoonguss, L50, F|100/100
|-weather|SunnyDay|[from] ability: Drought|[of] p1a: Toroto
|turn|1
|inactive|Spookz_Legend has 30 seconds left.
|inactive|EnigmaEUW has 30 seconds left.
|
|t:|1757789785
|switch|p2b: Pelipper|Pelipper, L50, F|100/100
|-weather|RainDance|[from] ability: Drizzle|[of] p2b: Pelipper
|-terastallize|p2a: Hydreigon|Poison
|move|p1b: Dancing Queen|Sleep Powder|p2a: Hydreigon
|-activate|p2a: Hydreigon|item: Safety Goggles|Sleep Powder
|move|p2a: Hydreigon|Snarl|p1b: Dancing Queen|[spread] p1a,p1b
|-resisted|p1b: Dancing Queen
|-damage|p1a: Toroto|75/100
|-damage|p1b: Dancing Queen|85/100
|-unboost|p1a: Toroto|spa|1
|-unboost|p1b: Dancing Queen|spa|1
|-enditem|p1a: Toroto|Eject Pack
|inactive|Spookz_Legend has 30 seconds left.
|
|t:|1757789815
|switch|p1a: Indeed|Indeedee-F, L50, F|100/100
|-fieldstart|move: Psychic Terrain|[from] ability: Psychic Surge|[of] p1a: Indeed
|-enditem|p1a: Indeed|Psychic Seed
|-boost|p1a: Indeed|spd|1|[from] item: Psychic Seed
|
|-weather|RainDance|[upkeep]
|upkeep
|turn|2
|inactive|EnigmaEUW has 30 seconds left.
|inactive|EnigmaEUW has 20 seconds left.
|inactive|Spookz_Legend has 30 seconds left.
|
|t:|1757789855
|switch|p2a: Amoonguss|Amoonguss, L50, F|100/100
|move|p1a: Indeed|Protect|p1a: Indeed
|-singleturn|p1a: Indeed|Protect
|move|p1b: Dancing Queen|Sleep Powder|p2b: Pelipper
|-status|p2b: Pelipper|slp|[from] move: Sleep Powder
|cant|p2b: Pelipper|slp
|
|-weather|RainDance|[upkeep]
|upkeep
|turn|3
|
|t:|1757789879
|switch|p1a: Toroto|Torkoal, L50, M|75/100
|-weather|SunnyDay|[from] ability: Drought|[of] p1a: Toroto
|cant|p2b: Pelipper|slp
|move|p1b: Dancing Queen|Triple Axel|p2a: Amoonguss
|-supereffective|p2a: Amoonguss
|-damage|p2a: Amoonguss|90/100
|-supereffective|p2a: Amoonguss
|-damage|p2a: Amoonguss|71/100
|-supereffective|p2a: Amoonguss
|-damage|p2a: Amoonguss|40/100
|-enditem|p2a: Amoonguss|Sitrus Berry|[eat]
|-heal|p2a: Amoonguss|65/100|[from] item: Sitrus Berry
|-hitcount|p2a: Amoonguss|3
|move|p2a: Amoonguss|Spore|p1a: Toroto
|-status|p1a: Toroto|slp|[from] move: Spore
|
|-weather|SunnyDay|[upkeep]
|upkeep
|turn|4
|inactive|Spookz_Legend has 30 seconds left.
|inactive|EnigmaEUW has 30 seconds left.
|inactive|Spookz_Legend has 20 seconds left.
|inactive|Spookz_Legend has 15 seconds left.
|inactive|EnigmaEUW has 20 seconds left.
|inactive|Spookz_Legend has 10 seconds left.
|
|t:|1757789926
|switch|p2a: Incineroar|Incineroar, L50, F|100/100
|-ability|p2a: Incineroar|Intimidate|boost
|-unboost|p1a: Toroto|atk|1
|-unboost|p1b: Dancing Queen|atk|1
|move|p1b: Dancing Queen|Triple Axel|p2a: Incineroar
|-resisted|p2a: Incineroar
|-damage|p2a: Incineroar|98/100
|-damage|p1b: Dancing Queen|68/100|[from] item: Rocky Helmet|[of] p2a: Incineroar
|-resisted|p2a: Incineroar
|-damage|p2a: Incineroar|94/100
|-damage|p1b: Dancing Queen|52/100|[from] item: Rocky Helmet|[of] p2a: Incineroar
|-resisted|p2a: Incineroar
|-damage|p2a: Incineroar|88/100
|-damage|p1b: Dancing Queen|35/100|[from] item: Rocky Helmet|[of] p2a: Incineroar
|-hitcount|p2a: Incineroar|3
|-curestatus|p2b: Pelipper|slp|[msg]
|move|p2b: Pelipper|Weather Ball|p1b: Dancing Queen
|-supereffective|p1b: Dancing Queen
|-crit|p1b: Dancing Queen
|-damage|p1b: Dancing Queen|0 fnt
|faint|p1b: Dancing Queen
|cant|p1a: Toroto|slp
|
|-weather|SunnyDay|[upkeep]
|upkeep
|inactive|Spookz_Legend has 30 seconds left.
|inactive|Spookz_Legend has 20 seconds left.
|
|t:|1757789962
|switch|p1b: Indeed|Indeedee-F, L50, F|100/100
|turn|5
|
|t:|1757789984
|switch|p2b: Hydreigon|Hydreigon, L50, M, tera:Poison|100/100
|-terastallize|p1b: Indeed|Fairy
|move|p2a: Incineroar|Knock Off|p1b: Indeed
|-resisted|p1b: Indeed
|-damage|p1b: Indeed|89/100
|cant|p1a: Toroto|slp
|move|p1b: Indeed|Trick Room|p1b: Indeed
|-fieldstart|move: Trick Room|[of] p1b: Indeed
|
|-weather|SunnyDay|[upkeep]
|-fieldend|move: Psychic Terrain
|upkeep
|turn|6
|
|t:|1757790001
|switch|p2a: Pelipper|Pelipper, L50, F|100/100
|-weather|RainDance|[from] ability: Drizzle|[of] p2a: Pelipper
|-curestatus|p1a: Toroto|slp|[msg]
|move|p1a: Toroto|Earth Power|p2a: Pelipper
|-immune|p2a: Pelipper
|move|p1b: Indeed|Dazzling Gleam|p2b: Hydreigon|[spread] p2a,p2b
|-resisted|p2b: Hydreigon
|-damage|p2a: Pelipper|72/100
|-damage|p2b: Hydreigon|90/100
|move|p2b: Hydreigon|Snarl|p1b: Indeed|[spread] p1b
|-miss|p2b: Hydreigon|p1a: Toroto
|-resisted|p1b: Indeed
|-damage|p1b: Indeed|79/100
|-unboost|p1b: Indeed|spa|1
|
|-weather|RainDance|[upkeep]
|upkeep
|turn|7
|
|t:|1757790022
|switch|p1a: Freddy|Ursaluna, L50, M|100/100
|move|p1b: Indeed|Follow Me|p1b: Indeed
|-singleturn|p1b: Indeed|move: Follow Me
|move|p2a: Pelipper|Weather Ball|p1b: Indeed
|-damage|p1b: Indeed|28/100
|move|p2b: Hydreigon|Snarl|p1a: Freddy|[spread] p1a
|-miss|p2b: Hydreigon|p1b: Indeed
|-damage|p1a: Freddy|81/100
|-unboost|p1a: Freddy|spa|1
|
|-weather|RainDance|[upkeep]
|-status|p1a: Freddy|brn|[from] item: Flame Orb
|upkeep
|turn|8
|inactive|Spookz_Legend has 30 seconds left.
|inactive|EnigmaEUW has 30 seconds left.
|inactive|Spookz_Legend has 20 seconds left.
|
|t:|1757790060
|switch|p2a: Incineroar|Incineroar, L50, F|88/100
|-ability|p2a: Incineroar|Intimidate|boost
|-unboost|p1a: Freddy|atk|1
|-unboost|p1b: Indeed|atk|1
|move|p1b: Indeed|Protect|p1b: Indeed
|-singleturn|p1b: Indeed|Protect
|move|p2b: Hydreigon|Protect|p2b: Hydreigon
|-singleturn|p2b: Hydreigon|Protect
|move|p1a: Freddy|Facade|p2b: Hydreigon
|-activate|p2b: Hydreigon|move: Protect
|
|-weather|RainDance|[upkeep]
|-damage|p1a: Freddy|75/100 brn|[from] brn
|upkeep
|turn|9
|
|t:|1757790082
|switch|p2b: Amoonguss|Amoonguss, L50, F|98/100
|move|p2a: Incineroar|Fake Out|p1a: Freddy
|-damage|p1a: Freddy|67/100 brn
|move|p1b: Indeed|Follow Me|p1b: Indeed
|-singleturn|p1b: Indeed|move: Follow Me
|cant|p1a: Freddy|flinch
|
|-weather|RainDance|[upkeep]
|-damage|p1a: Freddy|61/100 brn|[from] brn
|-fieldend|move: Trick Room
|upkeep
|turn|10
|
|t:|1757790096
|move|p1b: Indeed|Protect|p1b: Indeed
|-singleturn|p1b: Indeed|Protect
|move|p2a: Incineroar|Parting Shot|p1a: Freddy
|-unboost|p1a: Freddy|atk|1
|-unboost|p1a: Freddy|spa|1
|
|t:|1757790101
|switch|p2a: Hydreigon|Hydreigon, L50, M, tera:Poison|90/100|[from] Parting Shot
|move|p1a: Freddy|Earthquake|p2b: Amoonguss|[spread] p2b
|-activate|p1b: Indeed|move: Protect
|-immune|p2a: Hydreigon|[from] ability: Levitate
|-damage|p2b: Amoonguss|68/100
|move|p2b: Amoonguss|Spore|p1b: Indeed
|-activate|p1b: Indeed|move: Protect
|
|-weather|none
|-damage|p1a: Freddy|55/100 brn|[from] brn
|upkeep
|turn|11
|
|t:|1757790125
|switch|p2b: Incineroar|Incineroar, L50, F|88/100
|-ability|p2b: Incineroar|Intimidate|boost
|-unboost|p1a: Freddy|atk|1
|-unboost|p1b: Indeed|atk|1
|move|p2a: Hydreigon|Draco Meteor|p1a: Freddy
|-damage|p1a: Freddy|0 fnt
|-unboost|p2a: Hydreigon|spa|2
|faint|p1a: Freddy
|move|p1b: Indeed|Trick Room|p1b: Indeed
|-fieldstart|move: Trick Room|[of] p1b: Indeed
|
|upkeep
|
|t:|1757790135
|switch|p1a: Toroto|Torkoal, L50, M|75/100
|-weather|SunnyDay|[from] ability: Drought|[of] p1a: Toroto
|turn|12
|
|t:|1757790142
|switch|p2a: Pelipper|Pelipper, L50, F|72/100
|-weather|RainDance|[from] ability: Drizzle|[of] p2a: Pelipper
|move|p2b: Incineroar|Fake Out|p1a: Toroto
|-damage|p1a: Toroto|66/100
|cant|p1a: Toroto|flinch
|move|p1b: Indeed|Dazzling Gleam|p2b: Incineroar|[spread] p2a,p2b
|-damage|p2a: Pelipper|52/100
|-damage|p2b: Incineroar|79/100
|
|-weather|RainDance|[upkeep]
|upkeep
|turn|13
|inactive|EnigmaEUW has 30 seconds left.
|
|t:|1757790169
|move|p1a: Toroto|Eruption|p2b: Incineroar|[spread] p2a,p2b
|-resisted|p2a: Pelipper
|-resisted|p2b: Incineroar
|-damage|p2a: Pelipper|41/100
|-damage|p2b: Incineroar|75/100
|move|p2b: Incineroar|Parting Shot|p1b: Indeed
|-unboost|p1b: Indeed|atk|1
|-unboost|p1b: Indeed|spa|1
|
|t:|1757790177
|switch|p2b: Amoonguss|Amoonguss, L50, F|100/100|[from] Parting Shot
|move|p1b: Indeed|Dazzling Gleam|p2a: Pelipper|[spread] p2a,p2b
|-resisted|p2b: Amoonguss
|-damage|p2a: Pelipper|26/100
|-damage|p2b: Amoonguss|96/100
|move|p2a: Pelipper|Weather Ball|p1a: Toroto
|-supereffective|p1a: Toroto
|-damage|p1a: Toroto|0 fnt
|faint|p1a: Toroto
|
|-weather|RainDance|[upkeep]
|upkeep
|turn|14
|
|t:|1757790191
|move|p2b: Amoonguss|Spore|p1b: Indeed
|-status|p1b: Indeed|slp|[from] move: Spore
|cant|p1b: Indeed|slp
|move|p2a: Pelipper|Hurricane|p1b: Indeed
|-damage|p1b: Indeed|0 fnt
|faint|p1b: Indeed
|
|win|EnigmaEUW
||EnigmaEUW is ready for game 2.
||Spookz_Legend is ready for game 2.
|uhtml|next|Next: Game 2 of 3
