|j|☆neekuneeku
|j|☆LunickDoubles
|html|neekuneekuLunickDoubles    
|uhtml|bestof|Game 1 of a best-of-3
|t:|1783549500
|gametype|doubles
|player|p1|neekuneeku|candice|
|player|p2|LunickDoubles|2|
|gen|9
|tier|[Gen 9 Champions] VGC 2026 Reg M-B (Bo3)
|rule|Species Clause: Limit one of each Pokémon
|rule|Item Clause: Limit 1 of each item
|clearpoke
|poke|p1|Blaziken, L50, M|
|poke|p1|Kingambit, L50, M|
|poke|p1|Basculegion, L50, M|
|poke|p1|Banette, L50, M, shiny|
|poke|p1|Goodra-Hisui, L50, M, shiny|
|poke|p1|Vivillon-Sun, L50, F, shiny|
|poke|p2|Glalie, L50, M, shiny|
|poke|p2|Ampharos, L50, F, shiny|
|poke|p2|Gholdengo, L50|
|poke|p2|Farigiraf, L50, M|
|poke|p2|Sylveon, L50, M, shiny|
|poke|p2|Primarina, L50, F, shiny|
|teampreview|4
|showteam|p1|Blaziken||LifeOrb|SpeedBoost|Detect,Coaching,AuraSphere,HeatWave|Modest||M|||50|]Kingambit||ChopleBerry|Defiant|IronHead,SuckerPunch,QuickGuard,Protect|Careful||M|||50|]Basculegion||ChoiceScarf|Adaptability|FlipTurn,LastRespects,WaveCrash,AquaJet|Jolly||M|||50|]Banette||Banettite|Frisk|Taunt,Poltergeist,Disable,Protect|Careful||M|||50|]Goodra-Hisui||Leftovers|ShellArmor|BodyPress,Shelter,Protect,ThunderPunch|Impish||M|||50|]Vivillon-Sun||FocusSash|CompoundEyes|Tailwind,SleepPowder,PollenPuff,Protect|Timid||F|||50|
|showteam|p2|Glalie||FocusSash|Moody|Protect,DoubleTeam,Explosion,FrostBreath|Adamant||M|||50|]Ampharos||ExpertBelt|Static|DragonPulse,Protect,Thunderbolt,PowerGem|Modest||F|||50|]Gholdengo||MentalHerb|GoodasGold|MakeItRain,Recover,NastyPlot,ShadowBall|Timid|||||50|]Farigiraf||SitrusBerry|ArmorTail|Psychic,HyperVoice,Protect,Thunderbolt|Modest||M|||50|]Sylveon||FairyFeather|Pixilate|HyperVoice,Detect,MysticalFire,ShadowBall|Modest||M|||50|]Primarina||Leftovers|LiquidVoice|HyperVoice,Moonblast,Protect,ShadowBall|Modest||F|||50|
|
|t:|1783549577
|teamsize|p1|4
|teamsize|p2|4
|start
|switch|p1a: Blaziken|Blaziken, L50, M|100/100
|switch|p1b: Vivillon|Vivillon-Sun, L50, F, shiny|100/100
|switch|p2a: Glalie|Glalie, L50, M, shiny|100/100
|switch|p2b: Farigiraf|Farigiraf, L50, M|100/100
|turn|1
|j| RenegadeLuxuria
|
|t:|1783549638
|move|p1a: Blaziken|Detect|p1a: Blaziken
|-singleturn|p1a: Blaziken|Protect
|move|p2b: Farigiraf|Protect|p2b: Farigiraf
|-singleturn|p2b: Farigiraf|Protect
|move|p1b: Vivillon|Sleep Powder|p2b: Farigiraf
|-activate|p2b: Farigiraf|move: Protect
|move|p2a: Glalie|Explosion|p1a: Blaziken|[spread] p1b
|-activate|p2b: Farigiraf|move: Protect
|-activate|p1a: Blaziken|move: Protect
|-enditem|p1b: Vivillon|Focus Sash
|-damage|p1b: Vivillon|1/100
|faint|p2a: Glalie
|
|-ability|p1a: Blaziken|Speed Boost|boost
|-boost|p1a: Blaziken|spe|1
|upkeep
|
|t:|1783549668
|switch|p2a: Sylveon|Sylveon, L50, M, shiny|100/100
|turn|2
|
|t:|1783549716
|move|p1a: Blaziken|Heat Wave|p2a: Sylveon|[spread] p2a,p2b
|-crit|p2b: Farigiraf
|-damage|p2a: Sylveon|64/100
|-damage|p2b: Farigiraf|35/100
|-enditem|p2b: Farigiraf|Sitrus Berry|[eat]
|-heal|p2b: Farigiraf|60/100|[from] item: Sitrus Berry
|-damage|p1a: Blaziken|90/100|[from] item: Life Orb
|move|p1b: Vivillon|Sleep Powder|p2a: Sylveon
|-status|p2a: Sylveon|slp|[from] move: Sleep Powder
|cant|p2a: Sylveon|slp
|move|p2b: Farigiraf|Psychic|p1a: Blaziken
|-supereffective|p1a: Blaziken|1
|-damage|p1a: Blaziken|0 fnt
|faint|p1a: Blaziken
|
|upkeep
|
|t:|1783549735
|switch|p1a: Kingambit|Kingambit, L50, M|100/100
|turn|3
|
|t:|1783549773
|move|p1b: Vivillon|Protect|p1b: Vivillon
|-singleturn|p1b: Vivillon|Protect
|cant|p2a: Sylveon|slp
|move|p2b: Farigiraf|Hyper Voice|p1b: Vivillon|[spread] p1a
|-activate|p1b: Vivillon|move: Protect
|-resisted|p1a: Kingambit|1
|-damage|p1a: Kingambit|88/100
|move|p1a: Kingambit|Iron Head|p2a: Sylveon
|-supereffective|p2a: Sylveon|1
|-crit|p2a: Sylveon
|-damage|p2a: Sylveon|0 fnt
|faint|p2a: Sylveon
|
|upkeep
|
|t:|1783549792
|switch|p2a: Ampharos|Ampharos, L50, F, shiny|100/100
|turn|4
|
|t:|1783549815
|move|p2b: Farigiraf|Protect|p2b: Farigiraf
|-singleturn|p2b: Farigiraf|Protect
|move|p1b: Vivillon|Sleep Powder|p2a: Ampharos
|-status|p2a: Ampharos|slp|[from] move: Sleep Powder
|cant|p2a: Ampharos|slp
|move|p1a: Kingambit|Iron Head|p2a: Ampharos
|-resisted|p2a: Ampharos|1
|-damage|p2a: Ampharos|82/100 slp
|
|upkeep
|turn|5
|
|t:|1783549842
|cant|p2a: Ampharos|slp
|move|p1b: Vivillon|Pollen Puff|p2a: Ampharos
|-damage|p2a: Ampharos|48/100 slp
|move|p2b: Farigiraf|Hyper Voice|p1a: Kingambit|[spread] p1a,p1b
|-resisted|p1a: Kingambit|1
|-damage|p1a: Kingambit|78/100
|-damage|p1b: Vivillon|0 fnt
|faint|p1b: Vivillon
|move|p1a: Kingambit|Iron Head|p2b: Farigiraf
|-damage|p2b: Farigiraf|28/100
|
|upkeep
|
|t:|1783549853
|switch|p1b: Banette|Banette, L50, M, shiny|100/100
|-item|p2a: Ampharos|Expert Belt|[from] ability: Frisk|[of] p1b: Banette
|turn|6
|
|t:|1783549904
|detailschange|p1b: Banette|Banette-Mega, L50, M, shiny
|-mega|p1b: Banette|Banette|Banettite
|move|p1b: Banette|Poltergeist|p2a: Ampharos|[miss]
|-miss|p1b: Banette|p2a: Ampharos
|move|p2b: Farigiraf|Psychic|p1b: Banette
|-damage|p1b: Banette|52/100
|-curestatus|p2a: Ampharos|slp|[msg]
|move|p2a: Ampharos|Thunderbolt|p1a: Kingambit
|-damage|p1a: Kingambit|44/100
|move|p1a: Kingambit|Iron Head|p2b: Farigiraf
|-damage|p2b: Farigiraf|0 fnt
|faint|p2b: Farigiraf
|
|upkeep
|turn|7
|
|t:|1783549925
|move|p2a: Ampharos|Protect|p2a: Ampharos
|-singleturn|p2a: Ampharos|Protect
|move|p1a: Kingambit|Sucker Punch||[still]
|-fail|p1a: Kingambit
|move|p1b: Banette|Poltergeist|p2a: Ampharos
|-activate|p2a: Ampharos|move: Protect
|
|upkeep
|turn|8
|
|t:|1783549935
|move|p2a: Ampharos|Protect|p2a: Ampharos
|-singleturn|p2a: Ampharos|Protect
|move|p1a: Kingambit|Sucker Punch||[still]
|-fail|p1a: Kingambit
|move|p1b: Banette|Poltergeist|p2a: Ampharos
|-activate|p2a: Ampharos|move: Protect
|
|upkeep
|turn|9
|
|t:|1783549946
|move|p2a: Ampharos|Protect||[still]
|-fail|p2a: Ampharos
|move|p1a: Kingambit|Sucker Punch||[still]
|-fail|p1a: Kingambit
|move|p1b: Banette|Poltergeist|p2a: Ampharos
|-activate|p2a: Ampharos|move: Poltergeist|Expert Belt
|-damage|p2a: Ampharos|0 fnt
|faint|p2a: Ampharos
|
|win|neekuneeku
|inactive|neekuneeku has 30 seconds to confirm battle start!
|inactive|LunickDoubles has 30 seconds to confirm battle start!
||neekuneeku is ready for game 2.
|l|☆LunickDoubles
|player|p2|
|inactive|LunickDoubles has 20 seconds to confirm battle start!
|inactive|LunickDoubles has 10 seconds to confirm battle start!
|uhtml|next|Next: Game 2 of 3
|l| RenegadeLuxuria
|l|☆neekuneeku
|player|p1|
|j|☆neekuneeku
|player|p1|neekuneeku|candice|
