|j|☆lettitripppp
|j|☆ECARRY
|html|lettitrippppECARRY    
|uhtml|bestof|Game 1 of a best-of-3
|t:|1783805239
|gametype|doubles
|player|p1|lettitripppp|lucas|1179
|player|p2|ECARRY|170|1117
|gen|9
|tier|[Gen 9 Champions] VGC 2026 Reg M-B (Bo3)
|rated|
|rule|Species Clause: Limit one of each Pokémon
|rule|Item Clause: Limit 1 of each item
|clearpoke
|poke|p1|Charizard, L50, M|
|poke|p1|Basculegion, L50, M|
|poke|p1|Whimsicott, L50, F, shiny|
|poke|p1|Garchomp, L50, F, shiny|
|poke|p1|Floette-Eternal, L50, F|
|poke|p1|Kingambit, L50, F, shiny|
|poke|p2|Gengar, L50, M|
|poke|p2|Incineroar, L50, M|
|poke|p2|Ninetales-Alola, L50, M|
|poke|p2|Kingambit, L50, M|
|poke|p2|Sneasler, L50, F|
|poke|p2|Garchomp, L50, F|
|teampreview|4
|showteam|p1|Charizard||CharizarditeY|Blaze|WeatherBall,SolarBeam,HeatWave,Protect|Modest||M|||50|]Basculegion||MysticWater|Adaptability|LastRespects,WaveCrash,AquaJet,Protect|Adamant||M|||50|]Whimsicott||FocusSash|Prankster|Moonblast,Tailwind,Encore,Protect|Timid||F|||50|]Garchomp||LifeOrb|RoughSkin|DragonClaw,Earthquake,RockSlide,Protect|Jolly||F|||50|]Floette-Eternal||Floettite|FlowerVeil|DazzlingGleam,LightofRuin,Moonblast,Protect|Modest||F|||50|]Kingambit||ChopleBerry|Defiant|KowtowCleave,SuckerPunch,IronHead,LowKick|Adamant||F|||50|
|showteam|p2|Gengar||Gengarite|CursedBody|ShadowBall,SludgeBomb,PerishSong,Protect|Modest||M|||50|]Incineroar||Leftovers|Intimidate|FakeOut,FlareBlitz,PartingShot,Protect|Impish||M|||50|]Ninetales-Alola||NeverMeltIce|SnowWarning|Blizzard,Encore,Disable,Protect|Timid||M|||50|]Kingambit||BlackGlasses|Defiant|KowtowCleave,SuckerPunch,LowKick,Protect|Adamant||M|||50|]Sneasler||FocusSash|Unburden|FakeOut,CloseCombat,DireClaw,Protect|Naughty||F|||50|]Garchomp||SitrusBerry|RoughSkin|DragonClaw,StompingTantrum,RockTomb,Protect|Adamant||F|||50|
|inactive|Battle timer is ON: inactive players will automatically lose when time's up. (requested by lettitripppp)
|inactive|lettitripppp has 60 seconds left.
|
|t:|1783805275
|teamsize|p1|4
|teamsize|p2|4
|start
|switch|p1a: GHOSTWAVE|Basculegion, L50, M|100/100
|switch|p1b: LETS GO GO|Whimsicott, L50, F, shiny|100/100
|switch|p2a: Kingambit|Kingambit, L50, M|100/100
|switch|p2b: Sneasler|Sneasler, L50, F|100/100
|turn|1
|
|t:|1783805293
|move|p1b: LETS GO GO|Protect|p1b: LETS GO GO
|-singleturn|p1b: LETS GO GO|Protect
|move|p1a: GHOSTWAVE|Protect|p1a: GHOSTWAVE
|-singleturn|p1a: GHOSTWAVE|Protect
|move|p2b: Sneasler|Dire Claw|p1b: LETS GO GO
|-activate|p1b: LETS GO GO|move: Protect
|move|p2a: Kingambit|Kowtow Cleave|p1a: GHOSTWAVE
|-activate|p1a: GHOSTWAVE|move: Protect
|
|upkeep
|turn|2
|
|t:|1783805309
|switch|p1a: CRUSH SHARK|Garchomp, L50, F, shiny|100/100
|move|p1b: LETS GO GO|Encore|p2b: Sneasler
|-start|p2b: Sneasler|Encore
|move|p2b: Sneasler|Dire Claw|p1b: LETS GO GO
|-supereffective|p1b: LETS GO GO|2
|-enditem|p1b: LETS GO GO|Focus Sash
|-damage|p1b: LETS GO GO|1/100
|move|p2a: Kingambit|Kowtow Cleave|p1a: CRUSH SHARK
|-damage|p1a: CRUSH SHARK|43/100
|-damage|p2a: Kingambit|87/100|[from] ability: Rough Skin|[of] p1a: CRUSH SHARK
|
|upkeep
|turn|3
|
|t:|1783805324
|move|p1b: LETS GO GO|Tailwind|p1b: LETS GO GO
|-sidestart|p1: lettitripppp|move: Tailwind
|move|p2a: Kingambit|Sucker Punch|p1a: CRUSH SHARK
|-damage|p1a: CRUSH SHARK|0 fnt
|-damage|p2a: Kingambit|75/100|[from] ability: Rough Skin|[of] p1a: CRUSH SHARK
|faint|p1a: CRUSH SHARK
|move|p2b: Sneasler|Dire Claw|p1b: LETS GO GO
|-supereffective|p1b: LETS GO GO|2
|-damage|p1b: LETS GO GO|0 fnt
|faint|p1b: LETS GO GO
|
|upkeep
|
|t:|1783805332
|switch|p1b: GHOSTWAVE|Basculegion, L50, M|100/100
|switch|p1a: RUINOUS LIGHT|Floette-Eternal, L50, F|100/100
|turn|4
|
|t:|1783805340
|detailschange|p1a: RUINOUS LIGHT|Floette-Mega, L50, F
|-mega|p1a: RUINOUS LIGHT|Floette|Floettite
|-ability|p1a: RUINOUS LIGHT|Fairy Aura
|move|p1b: GHOSTWAVE|Aqua Jet|p2b: Sneasler
|-damage|p2b: Sneasler|43/100
|move|p2a: Kingambit|Sucker Punch||[still]
|-fail|p2a: Kingambit
|move|p1a: RUINOUS LIGHT|Dazzling Gleam|p2b: Sneasler|[spread] p2a,p2b
|-damage|p2a: Kingambit|16/100
|-damage|p2b: Sneasler|0 fnt
|faint|p2b: Sneasler
|
|upkeep
|
|t:|1783805348
|switch|p2b: Incineroar|Incineroar, L50, M|100/100
|-ability|p2b: Incineroar|Intimidate|boost
|-unboost|p1a: RUINOUS LIGHT|atk|1
|-unboost|p1b: GHOSTWAVE|atk|1
|turn|5
|
|t:|1783805359
|switch|p2a: Garchomp|Garchomp, L50, F|100/100
|move|p2b: Incineroar|Fake Out|p1a: RUINOUS LIGHT
|-damage|p1a: RUINOUS LIGHT|85/100
|move|p1b: GHOSTWAVE|Aqua Jet|p2a: Garchomp
|-damage|p2a: Garchomp|82/100
|-damage|p1b: GHOSTWAVE|87/100|[from] ability: Rough Skin|[of] p2a: Garchomp
|cant|p1a: RUINOUS LIGHT|flinch
|
|upkeep
|turn|6
|
|t:|1783805378
|move|p2a: Garchomp|Protect|p2a: Garchomp
|-singleturn|p2a: Garchomp|Protect
|move|p1a: RUINOUS LIGHT|Dazzling Gleam|p2a: Garchomp|[spread] p2b
|-activate|p2a: Garchomp|move: Protect
|-damage|p2b: Incineroar|53/100
|move|p1b: GHOSTWAVE|Wave Crash|p2b: Incineroar
|-supereffective|p2b: Incineroar|1
|-damage|p2b: Incineroar|0 fnt
|faint|p2b: Incineroar
|-damage|p1b: GHOSTWAVE|69/100|[from] Recoil
|
|-sideend|p1: lettitripppp|move: Tailwind
|upkeep
|
|t:|1783805381
|switch|p2b: Kingambit|Kingambit, L50, M|16/100
|turn|7
|
|t:|1783805391
|move|p1b: GHOSTWAVE|Aqua Jet|p2b: Kingambit
|-damage|p2b: Kingambit|1/100
|move|p2b: Kingambit|Sucker Punch|p1a: RUINOUS LIGHT
|-resisted|p1a: RUINOUS LIGHT|1
|-damage|p1a: RUINOUS LIGHT|55/100
|move|p1a: RUINOUS LIGHT|Dazzling Gleam|p2a: Garchomp|[spread] p2a,p2b
|-supereffective|p2a: Garchomp|1
|-damage|p2a: Garchomp|0 fnt
|-damage|p2b: Kingambit|0 fnt
|faint|p2a: Garchomp
|faint|p2b: Kingambit
|
|win|lettitripppp
||ECARRY is ready for game 2.
