|j|☆bingbongwhoosh
|j|☆starlight74
|html|bingbongwhooshstarlight74    
|uhtml|bestof|Game 1 of a best-of-3
|t:|1784231947
|gametype|doubles
|player|p1|bingbongwhoosh|266|1245
|player|p2|starlight74|anabel-gen7|1441
|gen|9
|tier|[Gen 9 Champions] VGC 2026 Reg M-B (Bo3)
|rated|
|rule|Species Clause: Limit one of each Pokémon
|rule|Item Clause: Limit 1 of each item
|clearpoke
|poke|p1|Charizard, L50, M|
|poke|p1|Venusaur, L50, F|
|poke|p1|Mamoswine, L50, F|
|poke|p1|Garchomp, L50, F|
|poke|p1|Incineroar, L50, M|
|poke|p1|Toxapex, L50, F|
|poke|p2|Metagross, L50, shiny|
|poke|p2|Sneasler, L50, F|
|poke|p2|Incineroar, L50, M|
|poke|p2|Lycanroc-Dusk, L50, F|
|poke|p2|Hydreigon, L50, F|
|poke|p2|Floette-Eternal, L50, F|
|teampreview|4
|showteam|p1|Charizard||CharizarditeY|Blaze|HeatWave,WeatherBall,HelpingHand,Protect|Modest||M|||50|]Venusaur||LifeOrb|Chlorophyll|LeafStorm,SludgeBomb,EarthPower,Protect|Modest||F|||50|]Mamoswine||FocusSash|Oblivious|HighHorsepower,RockTomb,IceShard,Protect|Jolly||F|||50|]Garchomp||ChoiceScarf|RoughSkin|DragonClaw,Earthquake,RockSlide,StompingTantrum|Adamant||F|||50|]Incineroar||SitrusBerry|Intimidate|FlareBlitz,ThroatChop,PartingShot,FakeOut|Impish||M|||50|]Toxapex||Leftovers|Regenerator|Toxic,Infestation,WideGuard,BanefulBunker|Bold||F|||50|
|showteam|p2|Metagross||Metagrossite|ClearBody|PsychicFangs,BulletPunch,Substitute,Protect|Jolly|||||50|]Sneasler||WhiteHerb|Unburden|CloseCombat,DireClaw,FakeOut,Protect|Jolly||F|||50|]Incineroar||SitrusBerry|Intimidate|FlareBlitz,PartingShot,HelpingHand,FakeOut|Impish||M|||50|]Lycanroc-Dusk||FocusSash|ToughClaws|Accelerock,CloseCombat,RockSlide,Protect|Jolly||F|||50|]Hydreigon||ChoiceScarf|Levitate|DarkPulse,DracoMeteor,HeatWave,Snarl|Timid||F|||50|]Floette-Eternal||Floettite|FlowerVeil|DazzlingGleam,DrainingKiss,CalmMind,Protect|Timid||F|||50|
|inactive|Battle timer is ON: inactive players will automatically lose when time's up. (requested by starlight74)
|
|t:|1784231976
|teamsize|p1|4
|teamsize|p2|4
|start
|switch|p1a: Mamoswine|Mamoswine, L50, F|100/100
|switch|p1b: Toxapex|Toxapex, L50, F|100/100
|switch|p2a: Incineroar|Incineroar, L50, M|100/100
|switch|p2b: Hydreigon|Hydreigon, L50, F|100/100
|-ability|p2a: Incineroar|Intimidate|boost
|-fail|p1a: Mamoswine|unboost|Attack|[from] ability: Oblivious|[of] p1a: Mamoswine
|-unboost|p1b: Toxapex|atk|1
|turn|1
|
|t:|1784231987
|switch|p1a: Incineroar|Incineroar, L50, M|100/100
|-ability|p1a: Incineroar|Intimidate|boost
|-unboost|p2a: Incineroar|atk|1
|-unboost|p2b: Hydreigon|atk|1
|move|p1b: Toxapex|Baneful Bunker|p1b: Toxapex
|-singleturn|p1b: Toxapex|move: Protect
|move|p2a: Incineroar|Fake Out|p1b: Toxapex
|-activate|p1b: Toxapex|move: Protect
|-status|p2a: Incineroar|psn
|move|p2b: Hydreigon|Dark Pulse|p1a: Incineroar
|-resisted|p1a: Incineroar|1
|-damage|p1a: Incineroar|80/100
|
|-damage|p2a: Incineroar|87/100 psn|[from] psn
|upkeep
|turn|2
|
|t:|1784231996
|switch|p2b: Metagross|Metagross, L50, shiny|100/100
|move|p1a: Incineroar|Fake Out|p2a: Incineroar
|-damage|p2a: Incineroar|80/100 psn
|cant|p2a: Incineroar|flinch
|move|p1b: Toxapex|Toxic|p2b: Metagross
|-immune|p2b: Metagross
|
|-damage|p2a: Incineroar|68/100 psn|[from] psn
|upkeep
|turn|3
|
|t:|1784232011
|move|p1b: Toxapex|Baneful Bunker|p1b: Toxapex
|-singleturn|p1b: Toxapex|move: Protect
|move|p2b: Metagross|Substitute|p2b: Metagross
|-start|p2b: Metagross|Substitute
|-damage|p2b: Metagross|75/100
|move|p1a: Incineroar|Throat Chop|p2b: Metagross
|-supereffective|p2b: Metagross|1
|-end|p2b: Metagross|Substitute
|move|p2a: Incineroar|Parting Shot|p1a: Incineroar
|-unboost|p1a: Incineroar|atk|1
|-unboost|p1a: Incineroar|spa|1
|
|t:|1784232021
|switch|p2a: Lycanroc|Lycanroc-Dusk, L50, F|100/100|[from] Parting Shot
|
|upkeep
|turn|4
|
|t:|1784232034
|switch|p1a: Garchomp|Garchomp, L50, F|100/100
|detailschange|p2b: Metagross|Metagross-Mega, L50, shiny
|-mega|p2b: Metagross|Metagross|Metagrossite
|move|p2a: Lycanroc|Rock Slide|p1a: Garchomp|[spread] p1a
|-miss|p2a: Lycanroc|p1b: Toxapex
|-resisted|p1a: Garchomp|1
|-damage|p1a: Garchomp|87/100
|move|p2b: Metagross|Psychic Fangs|p1b: Toxapex
|-supereffective|p1b: Toxapex|1
|-damage|p1b: Toxapex|23/100
|move|p1b: Toxapex|Toxic|p2a: Lycanroc
|-status|p2a: Lycanroc|tox
|
|-heal|p1b: Toxapex|29/100|[from] item: Leftovers
|-damage|p2a: Lycanroc|94/100 tox|[from] psn
|upkeep
|turn|5
|
|t:|1784232055
|switch|p2a: Incineroar|Incineroar, L50, M|68/100 psn
|-ability|p2a: Incineroar|Intimidate|boost
|-unboost|p1a: Garchomp|atk|1
|-unboost|p1b: Toxapex|atk|1
|-heal|p1b: Toxapex|62/100|[from] ability: Regenerator|[silent]
|switch|p1b: Incineroar|Incineroar, L50, M|80/100
|-ability|p1b: Incineroar|Intimidate|boost
|-unboost|p2a: Incineroar|atk|1
|-unboost|p2b: Metagross|atk|1
|move|p2b: Metagross|Protect|p2b: Metagross
|-singleturn|p2b: Metagross|Protect
|move|p1a: Garchomp|Stomping Tantrum|p2b: Metagross
|-activate|p2b: Metagross|move: Protect
|
|-damage|p2a: Incineroar|55/100 psn|[from] psn
|upkeep
|turn|6
|inactive|starlight74 has 30 seconds left.
|
|t:|1784232083
|switch|p1a: Toxapex|Toxapex, L50, F|62/100
|switch|p2b: Hydreigon|Hydreigon, L50, F|100/100
|move|p1b: Incineroar|Parting Shot|p2b: Hydreigon
|-unboost|p2b: Hydreigon|atk|1
|-unboost|p2b: Hydreigon|spa|1
|
|t:|1784232094
|switch|p1b: Garchomp|Garchomp, L50, F|87/100|[from] Parting Shot
|move|p2a: Incineroar|Parting Shot|p1b: Garchomp
|-unboost|p1b: Garchomp|atk|1
|-unboost|p1b: Garchomp|spa|1
|
|t:|1784232099
|switch|p2a: Metagross|Metagross-Mega, L50, shiny|75/100|[from] Parting Shot
|
|-heal|p1a: Toxapex|68/100|[from] item: Leftovers
|upkeep
|turn|7
|
|t:|1784232105
|move|p1a: Toxapex|Wide Guard|p1a: Toxapex
|-singleturn|p1a: Toxapex|Wide Guard
|move|p2b: Hydreigon|Draco Meteor|p1b: Garchomp
|-supereffective|p1b: Garchomp|1
|-damage|p1b: Garchomp|0 fnt
|-unboost|p2b: Hydreigon|spa|2
|faint|p1b: Garchomp
|move|p2a: Metagross|Substitute|p2a: Metagross
|-start|p2a: Metagross|Substitute
|-damage|p2a: Metagross|50/100g
|
|-heal|p1a: Toxapex|73/100|[from] item: Leftovers
|upkeep
|
|t:|1784232111
|switch|p1b: Incineroar|Incineroar, L50, M|80/100
|-ability|p1b: Incineroar|Intimidate|boost
|-immune|p2a: Metagross
|-unboost|p2b: Hydreigon|atk|1
|turn|8
|
|t:|1784232121
|switch|p2b: Incineroar|Incineroar, L50, M|55/100 psn
|-ability|p2b: Incineroar|Intimidate|boost
|-unboost|p1a: Toxapex|atk|1
|-unboost|p1b: Incineroar|atk|1
|move|p2a: Metagross|Protect|p2a: Metagross
|-singleturn|p2a: Metagross|Protect
|move|p1b: Incineroar|Flare Blitz|p2a: Metagross
|-activate|p2a: Metagross|move: Protect
|move|p1a: Toxapex|Infestation|p2b: Incineroar
|-damage|p2b: Incineroar|52/100 psn
|-activate|p2b: Incineroar|move: Infestation|[of] p1a: Toxapex
|
|-heal|p1a: Toxapex|79/100|[from] item: Leftovers
|-damage|p2b: Incineroar|40/100 psn|[from] psn
|-damage|p2b: Incineroar|28/100 psn|[from] move: Infestation|[partiallytrapped]
|upkeep
|-enditem|p2b: Incineroar|Sitrus Berry|[eat]
|-heal|p2b: Incineroar|52/100 psn|[from] item: Sitrus Berry
|turn|9
|
|t:|1784232135
|-heal|p1a: Toxapex|100/100|[from] ability: Regenerator|[silent]
|switch|p1a: Mamoswine|Mamoswine, L50, F|100/100
|move|p2b: Incineroar|Fake Out|p1b: Incineroar
|-damage|p1b: Incineroar|71/100
|move|p2a: Metagross|Psychic Fangs|p1a: Mamoswine
|-damage|p1a: Mamoswine|31/100
|cant|p1b: Incineroar|flinch
|
|-damage|p2b: Incineroar|40/100 psn|[from] psn
|-end|p2b: Incineroar|Infestation|[partiallytrapped]|[silent]
|upkeep
|turn|10
|
|t:|1784232145
|switch|p2b: Lycanroc|Lycanroc-Dusk, L50, F|94/100 tox
|move|p2a: Metagross|Protect|p2a: Metagross
|-singleturn|p2a: Metagross|Protect
|move|p1a: Mamoswine|High Horsepower|p2b: Lycanroc|[miss]
|-miss|p1a: Mamoswine|p2b: Lycanroc
|move|p1b: Incineroar|Flare Blitz|p2a: Metagross
|-activate|p2a: Metagross|move: Protect
|
|-damage|p2b: Lycanroc|88/100 tox|[from] psn
|upkeep
|turn|11
|
|t:|1784232159
|move|p1a: Mamoswine|Protect|p1a: Mamoswine
|-singleturn|p1a: Mamoswine|Protect
|move|p2b: Lycanroc|Rock Slide|p1a: Mamoswine|[spread] 
|-activate|p1a: Mamoswine|move: Protect
|-miss|p2b: Lycanroc|p1b: Incineroar
|move|p2a: Metagross|Psychic Fangs|p1a: Mamoswine
|-activate|p1a: Mamoswine|move: Protect
|move|p1b: Incineroar|Flare Blitz|p2a: Metagross
|-supereffective|p2a: Metagross|1
|-end|p2a: Metagross|Substitute
|-damage|p1b: Incineroar|64/100|[from] Recoil
|
|-damage|p2b: Lycanroc|76/100 tox|[from] psn
|upkeep
|turn|12
|
|t:|1784232170
|move|p2a: Metagross|Bullet Punch|p1a: Mamoswine
|-supereffective|p1a: Mamoswine|1
|-damage|p1a: Mamoswine|0 fnt
|faint|p1a: Mamoswine
|move|p2b: Lycanroc|Close Combat|p1b: Incineroar
|-supereffective|p1b: Incineroar|1
|-damage|p1b: Incineroar|0 fnt
|-unboost|p2b: Lycanroc|def|1
|-unboost|p2b: Lycanroc|spd|1
|faint|p1b: Incineroar
|
|-damage|p2b: Lycanroc|58/100 tox|[from] psn
|upkeep
|
|t:|1784232173
|switch|p1b: Toxapex|Toxapex, L50, F|100/100
|turn|13
|-message|bingbongwhoosh forfeited.
|
|win|starlight74
