|j|☆SuprEpcGuy
|j|☆breloomb01
|html|SuprEpcGuybreloomb01    
|uhtml|bestof|Game 3 of a best-of-3
|t:|1783371570
|gametype|doubles
|player|p1|SuprEpcGuy|shauntal|1184
|player|p2|breloomb01|roughneck|1321
|gen|9
|tier|[Gen 9 Champions] VGC 2026 Reg M-B (Bo3)
|rated|
|rule|Species Clause: Limit one of each Pokémon
|rule|Item Clause: Limit 1 of each item
|clearpoke
|poke|p1|Zoroark-Hisui, L50, F|
|poke|p1|Aerodactyl, L50, M|
|poke|p1|Kingambit, L50, F, shiny|
|poke|p1|Basculegion, L50, M|
|poke|p1|Incineroar, L50, M|
|poke|p1|Sylveon, L50, M|
|poke|p2|Gengar, L50, M, shiny|
|poke|p2|Swampert, L50, M, shiny|
|poke|p2|Incineroar, L50, M, shiny|
|poke|p2|Politoed, L50, M, shiny|
|poke|p2|Archaludon, L50, F, shiny|
|poke|p2|Vivillon-Polar, L50, M|
|teampreview|4
|showteam|p1|Zoroark-Hisui||FocusSash|Illusion|ShadowBall,WillOWisp,Taunt,Snarl|Timid||F|||50|]Aerodactyl||Aerodactylite|RockHead|RockSlide,IceFang,DualWingbeat,Tailwind|Jolly||M|||50|]Kingambit||ChopleBerry|Defiant|SuckerPunch,KowtowCleave,LowKick,Protect|Adamant||F|||50|]Basculegion||MysticWater|Adaptability|AquaJet,Liquidation,LastRespects,Protect|Adamant||M|||50|]Incineroar||SitrusBerry|Intimidate|FlareBlitz,ThroatChop,PartingShot,FakeOut|Careful||M|||50|]Sylveon||FairyFeather|Pixilate|HyperVoice,QuickAttack,HyperBeam,Detect|Modest||M|||50|
|showteam|p2|Gengar||Gengarite|CursedBody|ShadowBall,PerishSong,SludgeBomb,Protect|Timid||M|||50|]Swampert||Swampertite|Torrent|WaveCrash,Earthquake,IcePunch,Protect|Adamant||M|||50|]Incineroar||PasshoBerry|Intimidate|ThroatChop,PartingShot,FakeOut,Protect|Sassy||M|||50|]Politoed||SitrusBerry|Drizzle|WeatherBall,PerishSong,Encore,Protect|Calm||M|||50|]Archaludon||Leftovers|Stamina|DragonPulse,FlashCannon,ElectroShot,Protect|Bold||F|||50|]Vivillon-Polar||FocusSash|CompoundEyes|Hurricane,SleepPowder,RagePowder,Protect|Timid||M|||50|
|inactive|Battle timer is ON: inactive players will automatically lose when time's up. (requested by SuprEpcGuy)
|inactive|SuprEpcGuy has 60 seconds left.
|
|t:|1783371611
|teamsize|p1|4
|teamsize|p2|4
|start
|switch|p1a: Freight|Aerodactyl, L50, M|100/100
|switch|p1b: Incineroar|Incineroar, L50, M|100/100
|switch|p2a: Gengar|Gengar, L50, M, shiny|100/100
|switch|p2b: Incineroar|Incineroar, L50, M, shiny|100/100
|-ability|p1b: Incineroar|Intimidate|boost
|-unboost|p2a: Gengar|atk|1
|-unboost|p2b: Incineroar|atk|1
|-ability|p2b: Incineroar|Intimidate|boost
|-unboost|p1a: Freight|atk|1
|-unboost|p1b: Incineroar|atk|1
|turn|1
|inactive|SuprEpcGuy has 30 seconds left.
|inactive|SuprEpcGuy has 20 seconds left.
|inactive|SuprEpcGuy has 15 seconds left.
|
|t:|1783371656
|switch|p2b: Archaludon|Archaludon, L50, F, shiny|100/100
|detailschange|p1a: Freight|Aerodactyl-Mega, L50, M
|-mega|p1a: Freight|Aerodactyl|Aerodactylite
|detailschange|p2a: Gengar|Gengar-Mega, L50, M, shiny
|-mega|p2a: Gengar|Gengar|Gengarite
|move|p2a: Gengar|Protect|p2a: Gengar
|-singleturn|p2a: Gengar|Protect
|move|p1b: Incineroar|Fake Out|p2b: Archaludon
|-resisted|p2b: Archaludon|1
|-damage|p2b: Archaludon|97/100
|-ability|p2b: Archaludon|Stamina|boost
|-boost|p2b: Archaludon|def|1
|move|p1a: Freight|Tailwind|p1a: Freight
|-sidestart|p1: SuprEpcGuy|move: Tailwind
|
|-heal|p2b: Archaludon|100/100|[from] item: Leftovers
|upkeep
|turn|2
|inactive|SuprEpcGuy has 30 seconds left.
|
|t:|1783371690
|switch|p2a: Politoed|Politoed, L50, M, shiny|100/100
|-weather|RainDance|[from] ability: Drizzle|[of] p2a: Politoed
|move|p1a: Freight|Rock Slide|p2b: Archaludon|[spread] p2a,p2b
|-resisted|p2b: Archaludon|1
|-damage|p2a: Politoed|80/100
|-damage|p2b: Archaludon|95/100
|-ability|p2b: Archaludon|Stamina|boost
|-boost|p2b: Archaludon|def|1
|move|p1b: Incineroar|Throat Chop|p2a: Politoed
|-damage|p2a: Politoed|62/100
|-start|p2a: Politoed|Throat Chop|[silent]
|cant|p2b: Archaludon|flinch
|
|-weather|RainDance|[upkeep]
|-heal|p2b: Archaludon|100/100|[from] item: Leftovers
|upkeep
|turn|3
|inactive|SuprEpcGuy has 30 seconds left.
|inactive|SuprEpcGuy has 20 seconds left.
|inactive|SuprEpcGuy has 15 seconds left.
|inactive|SuprEpcGuy has 10 seconds left.
|
|t:|1783371738
|switch|p1a: Paraselene|Kingambit, L50, F, shiny|100/100
|switch|p2a: Incineroar|Incineroar, L50, M, shiny|100/100
|-ability|p2a: Incineroar|Intimidate|boost
|-unboost|p1a: Paraselene|atk|1
|-ability|p1a: Paraselene|Defiant|boost
|-boost|p1a: Paraselene|atk|2
|-unboost|p1b: Incineroar|atk|1
|move|p2b: Archaludon|Protect|p2b: Archaludon
|-singleturn|p2b: Archaludon|Protect
|move|p1b: Incineroar|Parting Shot|p2a: Incineroar
|-unboost|p2a: Incineroar|atk|1
|-unboost|p2a: Incineroar|spa|1
|
|t:|1783371749
|switch|p1b: Sylveon|Sylveon, L50, M|100/100|[from] Parting Shot
|
|-weather|RainDance|[upkeep]
|upkeep
|turn|4
|
|t:|1783371766
|move|p1b: Sylveon|Detect|p1b: Sylveon
|-singleturn|p1b: Sylveon|Protect
|move|p1a: Paraselene|Low Kick|p2a: Incineroar
|-supereffective|p2a: Incineroar|1
|-damage|p2a: Incineroar|18/100
|move|p2b: Archaludon|Electro Shot||[still]
|-prepare|p2b: Archaludon|Electro Shot
|-boost|p2b: Archaludon|spa|1
|-anim|p2b: Archaludon|Electro Shot|p1b: Sylveon
|-activate|p1b: Sylveon|move: Protect
|move|p2a: Incineroar|Parting Shot|p1b: Sylveon
|-activate|p1b: Sylveon|move: Protect
|
|-weather|RainDance|[upkeep]
|-sideend|p1: SuprEpcGuy|move: Tailwind
|upkeep
|turn|5
|inactive|SuprEpcGuy has 30 seconds left.
|inactive|SuprEpcGuy has 20 seconds left.
|inactive|SuprEpcGuy has 15 seconds left.
|inactive|SuprEpcGuy has 10 seconds left.
|inactive|SuprEpcGuy has 5 seconds left.
|
|t:|1783371818
|switch|p2a: Gengar|Gengar-Mega, L50, M, shiny|100/100
|move|p2b: Archaludon|Electro Shot||[still]
|-prepare|p2b: Archaludon|Electro Shot
|-boost|p2b: Archaludon|spa|1
|-anim|p2b: Archaludon|Electro Shot|p1b: Sylveon
|-damage|p1b: Sylveon|45/100
|move|p1b: Sylveon|Hyper Voice|p2b: Archaludon|[spread] p2a,p2b
|-resisted|p2a: Gengar|1
|-damage|p2a: Gengar|74/100
|-damage|p2b: Archaludon|51/100
|-ability|p2b: Archaludon|Stamina|boost
|-boost|p2b: Archaludon|def|1
|move|p1a: Paraselene|Low Kick|p2b: Archaludon
|-supereffective|p2b: Archaludon|1
|-damage|p2b: Archaludon|23/100
|-ability|p2b: Archaludon|Stamina|boost
|-boost|p2b: Archaludon|def|1
|
|-weather|RainDance|[upkeep]
|-heal|p2b: Archaludon|29/100|[from] item: Leftovers
|upkeep
|turn|6
|inactive|SuprEpcGuy has 30 seconds left.
|
|t:|1783371852
|move|p2a: Gengar|Protect|p2a: Gengar
|-singleturn|p2a: Gengar|Protect
|move|p1b: Sylveon|Detect|p1b: Sylveon
|-singleturn|p1b: Sylveon|Protect
|move|p1a: Paraselene|Sucker Punch||[still]
|-fail|p1a: Paraselene
|move|p2b: Archaludon|Electro Shot||[still]
|-prepare|p2b: Archaludon|Electro Shot
|-boost|p2b: Archaludon|spa|1
|-anim|p2b: Archaludon|Electro Shot|p1a: Paraselene
|-damage|p1a: Paraselene|13/100
|
|-weather|none
|-heal|p2b: Archaludon|36/100|[from] item: Leftovers
|upkeep
|turn|7
|inactive|SuprEpcGuy has 30 seconds left.
|inactive|SuprEpcGuy has 20 seconds left.
|inactive|SuprEpcGuy has 15 seconds left.
|inactive|SuprEpcGuy has 10 seconds left.
|
|t:|1783371900
|switch|p2a: Politoed|Politoed, L50, M, shiny|62/100
|-weather|RainDance|[from] ability: Drizzle|[of] p2a: Politoed
|move|p2b: Archaludon|Electro Shot||[still]
|-prepare|p2b: Archaludon|Electro Shot
|-boost|p2b: Archaludon|spa|1
|-anim|p2b: Archaludon|Electro Shot|p1b: Sylveon
|-damage|p1b: Sylveon|0 fnt
|faint|p1b: Sylveon
|move|p1a: Paraselene|Kowtow Cleave|p2a: Politoed
|-damage|p2a: Politoed|0 fnt
|faint|p2a: Politoed
|
|-weather|RainDance|[upkeep]
|-heal|p2b: Archaludon|42/100|[from] item: Leftovers
|upkeep
|inactive|SuprEpcGuy has 30 seconds left.
|
|t:|1783371927
|switch|p2a: Incineroar|Incineroar, L50, M, shiny|18/100
|switch|p1b: Freight|Aerodactyl-Mega, L50, M|100/100
|-ability|p2a: Incineroar|Intimidate|boost
|-unboost|p1a: Paraselene|atk|1
|-ability|p1a: Paraselene|Defiant|boost
|-boost|p1a: Paraselene|atk|2
|-unboost|p1b: Freight|atk|1
|turn|8
|inactive|SuprEpcGuy has 30 seconds left.
|
|t:|1783371954
|move|p1a: Paraselene|Protect|p1a: Paraselene
|-singleturn|p1a: Paraselene|Protect
|move|p2a: Incineroar|Fake Out|p1a: Paraselene
|-activate|p1a: Paraselene|move: Protect
|move|p1b: Freight|Ice Fang|p2b: Archaludon
|-damage|p2b: Archaludon|37/100
|-ability|p2b: Archaludon|Stamina|boost
|-boost|p2b: Archaludon|def|1
|move|p2b: Archaludon|Electro Shot||[still]
|-prepare|p2b: Archaludon|Electro Shot
|-boost|p2b: Archaludon|spa|1
|-anim|p2b: Archaludon|Electro Shot|p1b: Freight
|-supereffective|p1b: Freight|1
|-damage|p1b: Freight|0 fnt
|faint|p1b: Freight
|
|-weather|RainDance|[upkeep]
|-heal|p2b: Archaludon|43/100|[from] item: Leftovers
|upkeep
|
|t:|1783371964
|switch|p1b: Incineroar|Incineroar, L50, M|100/100
|-ability|p1b: Incineroar|Intimidate|boost
|-unboost|p2a: Incineroar|atk|1
|-unboost|p2b: Archaludon|atk|1
|turn|9
|
|t:|1783371985
|switch|p2a: Gengar|Gengar-Mega, L50, M, shiny|74/100
|move|p2b: Archaludon|Protect|p2b: Archaludon
|-singleturn|p2b: Archaludon|Protect
|move|p1b: Incineroar|Throat Chop|p2a: Gengar
|-supereffective|p2a: Gengar|1
|-damage|p2a: Gengar|2/100
|-start|p2a: Gengar|Throat Chop|[silent]
|move|p1a: Paraselene|Low Kick|p2b: Archaludon
|-activate|p2b: Archaludon|move: Protect
|
|-weather|RainDance|[upkeep]
|-heal|p2b: Archaludon|49/100|[from] item: Leftovers
|upkeep
|turn|10
|inactive|SuprEpcGuy has 30 seconds left.
|inactive|SuprEpcGuy has 20 seconds left.
|
|t:|1783372021
|move|p1a: Paraselene|Sucker Punch|p2a: Gengar
|-supereffective|p2a: Gengar|1
|-damage|p2a: Gengar|0 fnt
|faint|p2a: Gengar
|move|p2b: Archaludon|Electro Shot||[still]
|-prepare|p2b: Archaludon|Electro Shot
|-boost|p2b: Archaludon|spa|1
|-anim|p2b: Archaludon|Electro Shot|p1b: Incineroar
|-damage|p1b: Incineroar|0 fnt
|faint|p1b: Incineroar
|
|-weather|RainDance|[upkeep]
|-heal|p2b: Archaludon|55/100|[from] item: Leftovers
|upkeep
|
|t:|1783372023
|switch|p2a: Incineroar|Incineroar, L50, M, shiny|18/100
|-ability|p2a: Incineroar|Intimidate|boost
|-unboost|p1a: Paraselene|atk|1
|-ability|p1a: Paraselene|Defiant|boost
|-boost|p1a: Paraselene|atk|2
|turn|11
|inactive|SuprEpcGuy has 30 seconds left.
|
|t:|1783372039
|move|p2a: Incineroar|Fake Out|p1a: Paraselene
|-resisted|p1a: Paraselene|1
|-damage|p1a: Paraselene|9/100
|cant|p1a: Paraselene|flinch
|move|p2b: Archaludon|Dragon Pulse|p1a: Paraselene
|-resisted|p1a: Paraselene|1
|-damage|p1a: Paraselene|0 fnt
|faint|p1a: Paraselene
|
|win|breloomb01
|raw|SuprEpcGuy's rating: 1184 → 1168(-16 for losing)
|raw|breloomb01's rating: 1321 → 1333(+12 for winning)
