|j|☆Omaruco
|j|☆thebeast4895
|html|Omarucothebeast4895    
|uhtml|bestof|Game 3 of a best-of-3
|t:|1785969571
|gametype|doubles
|player|p1|Omaruco|arven-s|1240
|player|p2|thebeast4895|101|1313
|gen|9
|tier|[Gen 9 Champions] VGC 2026 Reg M-B (Bo3)
|rated|
|rule|Species Clause: Limit one of each Pokémon
|rule|Item Clause: Limit 1 of each item
|clearpoke
|poke|p1|Arcanine-Hisui, L50, F|
|poke|p1|Floette-Eternal, L50, F|
|poke|p1|Kingambit, L50, M|
|poke|p1|Dragonite, L50, M|
|poke|p1|Whimsicott, L50, F|
|poke|p1|Basculegion, L50, M|
|poke|p2|Rotom-Wash, L50|
|poke|p2|Arcanine-Hisui, L50, M|
|poke|p2|Froslass, L50, F|
|poke|p2|Raichu, L50, F|
|poke|p2|Annihilape, L50, F, shiny|
|poke|p2|Dragonite, L50, F|
|teampreview|4
|showteam|p1|Arcanine-Hisui||FocusSash|RockHead|Protect,ExtremeSpeed,FlareBlitz,HeadSmash|Jolly||F|||50|]Floette-Eternal||Floettite|FlowerVeil|Protect,Moonblast,DazzlingGleam,LightofRuin|Modest||F|||50|]Kingambit||BlackGlasses|Defiant|SuckerPunch,IronHead,Protect,KowtowCleave|Adamant||M|||50|]Dragonite||LifeOrb|InnerFocus|Protect,DragonClaw,ExtremeSpeed,LowKick|Adamant||M|||50|]Whimsicott||OccaBerry|Prankster|Protect,Tailwind,Encore,Moonblast|Timid||F|||50|]Basculegion||ChoiceScarf|Adaptability|FlipTurn,WaveCrash,LastRespects,AquaJet|Jolly||M|||50|
|showteam|p2|Rotom-Wash||ChoiceScarf|Levitate|WillOWisp,Thunderbolt,HydroPump,Electroweb|Timid|||||50|]Arcanine-Hisui||FocusSash|RockHead|Protect,FlareBlitz,HeadSmash,ExtremeSpeed|Adamant||M|||50|]Froslass||Froslassite|SnowCloak|Protect,AuroraVeil,ShadowBall,Blizzard|Timid||F|||50|]Raichu||RaichuniteY|Static|FakeOut,ZapCannon,FocusBlast,Protect|Timid||F|||50|]Annihilape||SitrusBerry|Defiant|Protect,RageFist,DrainPunch,BulkUp|Adamant||F|||50|]Dragonite||LifeOrb|InnerFocus|DragonClaw,ExtremeSpeed,LowKick,Protect|Adamant||F|||50|
|inactive|Battle timer is ON: inactive players will automatically lose when time's up. (requested by Omaruco)
|
|t:|1785969590
|teamsize|p1|4
|teamsize|p2|4
|start
|switch|p1a: Floette|Floette-Eternal, L50, F|100/100
|switch|p1b: Basculegion|Basculegion, L50, M|100/100
|switch|p2a: Rotom|Rotom-Wash, L50|100/100
|switch|p2b: Raichu|Raichu, L50, F|100/100
|turn|1
|
|t:|1785969607
|switch|p1b: Whimsicott|Whimsicott, L50, F|100/100
|detailschange|p2b: Raichu|Raichu-Mega-Y, L50, F
|-mega|p2b: Raichu|Raichu|Raichunite Y
|move|p1a: Floette|Protect|p1a: Floette
|-singleturn|p1a: Floette|Protect
|move|p2b: Raichu|Fake Out|p1a: Floette
|-activate|p1a: Floette|move: Protect
|move|p2a: Rotom|Will-O-Wisp|p1b: Whimsicott
|-block|p1b: Whimsicott|ability: Flower Veil|[of] p1a: Floette
|
|upkeep
|turn|2
|
|t:|1785969628
|switch|p2a: Arcanine|Arcanine-Hisui, L50, M|100/100
|detailschange|p1a: Floette|Floette-Mega, L50, F
|-mega|p1a: Floette|Floette|Floettite
|-ability|p1a: Floette|Fairy Aura
|move|p1b: Whimsicott|Encore|p2b: Raichu
|-start|p2b: Raichu|Encore
|move|p2b: Raichu|Fake Out||[still]
|-hint|Fake Out only works on your first turn out.
|-fail|p2b: Raichu
|move|p1a: Floette|Moonblast|p2a: Arcanine
|-resisted|p2a: Arcanine|1
|-damage|p2a: Arcanine|47/100
|
|upkeep
|turn|3
|
|t:|1785969648
|move|p2a: Arcanine|Extreme Speed|p1a: Floette
|-damage|p1a: Floette|64/100
|-activate|p2b: Raichu|move: Struggle
|move|p2b: Raichu|Struggle|p1a: Floette
|-damage|p1a: Floette|50/100g
|-damage|p2b: Raichu|75/100|[from] recoil
|move|p1b: Whimsicott|Moonblast|p2b: Raichu
|-damage|p2b: Raichu|18/100
|move|p1a: Floette|Moonblast|p2a: Arcanine
|-resisted|p2a: Arcanine|1
|-damage|p2a: Arcanine|1/100
|
|upkeep
|turn|4
|
|t:|1785969666
|move|p1a: Floette|Protect|p1a: Floette
|-singleturn|p1a: Floette|Protect
|move|p2a: Arcanine|Extreme Speed|p1a: Floette
|-activate|p1a: Floette|move: Protect
|-activate|p2b: Raichu|move: Struggle
|move|p2b: Raichu|Struggle|p1b: Whimsicott
|-damage|p1b: Whimsicott|89/100
|-damage|p2b: Raichu|0 fnt|[from] recoil
|faint|p2b: Raichu
|move|p1b: Whimsicott|Moonblast|p2a: Arcanine
|-resisted|p2a: Arcanine|1
|-damage|p2a: Arcanine|0 fnt
|faint|p2a: Arcanine
|
|upkeep
|
|t:|1785969667
|switch|p2b: Rotom|Rotom-Wash, L50|100/100
|switch|p2a: Dragonite|Dragonite, L50, F|100/100
|turn|5
|
|t:|1785969680
|move|p2a: Dragonite|Protect|p2a: Dragonite
|-singleturn|p2a: Dragonite|Protect
|move|p1b: Whimsicott|Tailwind|p1b: Whimsicott
|-sidestart|p1: Omaruco|move: Tailwind
|move|p1a: Floette|Moonblast|p2b: Rotom
|-damage|p2b: Rotom|11/100
|move|p2b: Rotom|Electroweb|p1a: Floette|[spread] p1a,p1b
|-resisted|p1b: Whimsicott|1
|-damage|p1a: Floette|36/100
|-damage|p1b: Whimsicott|76/100
|-unboost|p1a: Floette|spe|1
|-unboost|p1b: Whimsicott|spe|1
|
|upkeep
|turn|6
|
|t:|1785969690
|move|p2a: Dragonite|Extreme Speed|p1a: Floette
|-damage|p1a: Floette|0 fnt
|faint|p1a: Floette
|-damage|p2a: Dragonite|90/100|[from] item: Life Orb
|move|p1b: Whimsicott|Moonblast|p2a: Dragonite
|-supereffective|p2a: Dragonite|1
|-damage|p2a: Dragonite|44/100
|move|p2b: Rotom|Electroweb|p1b: Whimsicott
|-resisted|p1b: Whimsicott|1
|-damage|p1b: Whimsicott|61/100
|-unboost|p1b: Whimsicott|spe|1
|
|upkeep
|
|t:|1785969697
|switch|p1a: Basculegion|Basculegion, L50, M|100/100
|turn|7
|
|t:|1785969704
|move|p2a: Dragonite|Extreme Speed|p1b: Whimsicott
|-damage|p1b: Whimsicott|20/100r
|-damage|p2a: Dragonite|35/100|[from] item: Life Orb
|move|p1a: Basculegion|Last Respects|p2b: Rotom
|-damage|p2b: Rotom|0 fnt
|faint|p2b: Rotom
|move|p1b: Whimsicott|Moonblast|p2a: Dragonite
|-supereffective|p2a: Dragonite|1
|-damage|p2a: Dragonite|0 fnt
|faint|p2a: Dragonite
|
|win|Omaruco
|raw|Omaruco's rating: 1240 → 1270(+30 for winning)
|raw|thebeast4895's rating: 1313 → 1289(-24 for losing)
