|j|☆Iultimatemage
|j|☆andiom123
|html|Iultimatemageandiom123    
|uhtml|bestof|Game 3 of a best-of-3
|t:|1784692692
|gametype|doubles
|player|p1|Iultimatemage|170|1184
|player|p2|andiom123|red|1212
|gen|9
|tier|[Gen 9 Champions] VGC 2026 Reg M-B (Bo3)
|rated|
|rule|Species Clause: Limit one of each Pokémon
|rule|Item Clause: Limit 1 of each item
|clearpoke
|poke|p1|Eelektross, L50, F|
|poke|p1|Garchomp, L50, M|
|poke|p1|Sinistcha-Masterpiece, L50|
|poke|p1|Incineroar, L50, F|
|poke|p1|Whimsicott, L50, M|
|poke|p1|Aegislash, L50, F|
|poke|p2|Incineroar, L50, F|
|poke|p2|Farigiraf, L50, F|
|poke|p2|Sylveon, L50, F|
|poke|p2|Torkoal, L50, M|
|poke|p2|Kangaskhan, L50, F|
|poke|p2|Mudsdale, L50, F|
|teampreview|4
|showteam|p1|Eelektross||Eelektrossite|Levitate|Thunderbolt,Flamethrower,DragonPulse,Protect|Modest||F|||50|]Garchomp||LifeOrb|RoughSkin|Earthquake,RockSlide,DragonClaw,Protect|Jolly||M|||50|]Sinistcha-Masterpiece||ColburBerry|Hospitality|MatchaGotcha,TrickRoom,LifeDew,RagePowder|Relaxed|||||50|]Incineroar||WhiteHerb|Intimidate|FlareBlitz,FakeOut,ThroatChop,PartingShot|Adamant||F|||50|]Whimsicott||FocusSash|Prankster|Moonblast,Tailwind,Encore,Protect|Timid||M|||50|]Aegislash||OccaBerry|StanceChange|WideGuard,ShadowBall,KingsShield,FlashCannon|Calm||F|||50|
|showteam|p2|Incineroar||MuscleBand|Intimidate|ThroatChop,FlareBlitz,FakeOut,PartingShot|Brave||F|||50|]Farigiraf||SitrusBerry|ArmorTail|FoulPlay,PsychicNoise,TrickRoom,HelpingHand|Relaxed||F|||50|]Sylveon||FairyFeather|Pixilate|HyperVoice,HyperBeam,Yawn,Detect|Modest||F|||50|]Torkoal||Charcoal|Drought|Eruption,EarthPower,Flamethrower,Protect|Quiet||M|||50|]Kangaskhan||Kangaskhanite|Scrappy|DoubleEdge,FakeOut,IcePunch,HammerArm|Brave||F|||50|]Mudsdale||LifeOrb|InnerFocus|HighHorsepower,Earthquake,RockSlide,HeavySlam|Brave||F|||50|
|inactive|Battle timer is ON: inactive players will automatically lose when time's up. (requested by Iultimatemage)
|
|t:|1784692711
|teamsize|p1|4
|teamsize|p2|4
|start
|switch|p1a: Garchomp|Garchomp, L50, M|100/100
|switch|p1b: Incineroar|Incineroar, L50, F|100/100
|switch|p2a: Farigiraf|Farigiraf, L50, F|100/100
|switch|p2b: Incineroar|Incineroar, L50, F|100/100
|-ability|p1b: Incineroar|Intimidate|boost
|-unboost|p2a: Farigiraf|atk|1
|-unboost|p2b: Incineroar|atk|1
|-ability|p2b: Incineroar|Intimidate|boost
|-unboost|p1a: Garchomp|atk|1
|-unboost|p1b: Incineroar|atk|1
|-enditem|p1b: Incineroar|White Herb
|-clearnegativeboost|p1b: Incineroar|[silent]
|turn|1
|inactive|andiom123 has 30 seconds left.
|inactive|andiom123 has 20 seconds left.
|inactive|andiom123 has 15 seconds left.
|
|t:|1784692752
|move|p1a: Garchomp|Rock Slide|p2a: Farigiraf|[spread] p2a
|-miss|p1a: Garchomp|p2b: Incineroar
|-crit|p2a: Farigiraf
|-damage|p2a: Farigiraf|70/100
|-damage|p1a: Garchomp|90/100|[from] item: Life Orb
|move|p1b: Incineroar|Throat Chop|p2a: Farigiraf
|-supereffective|p2a: Farigiraf|1
|-damage|p2a: Farigiraf|8/100
|-start|p2a: Farigiraf|Throat Chop|[silent]
|-enditem|p2a: Farigiraf|Sitrus Berry|[eat]
|-heal|p2a: Farigiraf|33/100|[from] item: Sitrus Berry
|move|p2b: Incineroar|Parting Shot|p1b: Incineroar
|-unboost|p1b: Incineroar|atk|1
|-unboost|p1b: Incineroar|spa|1
|
|t:|1784692766
|switch|p2b: Kangaskhan|Kangaskhan, L50, F|100/100|[from] Parting Shot
|move|p2a: Farigiraf|Trick Room|p2a: Farigiraf
|-fieldstart|move: Trick Room|[of] p2a: Farigiraf
|
|upkeep
|turn|2
|
|t:|1784692787
|switch|p2a: Incineroar|Incineroar, L50, F|100/100
|-ability|p2a: Incineroar|Intimidate|boost
|-unboost|p1a: Garchomp|atk|1
|-unboost|p1b: Incineroar|atk|1
|move|p1a: Garchomp|Protect|p1a: Garchomp
|-singleturn|p1a: Garchomp|Protect
|move|p2b: Kangaskhan|Fake Out|p1a: Garchomp
|-activate|p1a: Garchomp|move: Protect
|move|p1b: Incineroar|Parting Shot|p2b: Kangaskhan
|-unboost|p2b: Kangaskhan|atk|1
|-unboost|p2b: Kangaskhan|spa|1
|
|t:|1784692799
|switch|p1b: Sinistcha|Sinistcha-Masterpiece, L50|100/100|[from] Parting Shot
|-heal|p1a: Garchomp|100/100|[from] ability: Hospitality|[of] p1b: Sinistcha
|
|upkeep
|turn|3
|
|t:|1784692823
|switch|p1a: Incineroar|Incineroar, L50, F|100/100
|-ability|p1a: Incineroar|Intimidate|boost
|-unboost|p2a: Incineroar|atk|1
|-fail|p2b: Kangaskhan|unboost|Attack|[from] ability: Scrappy|[of] p2b: Kangaskhan
|move|p2a: Incineroar|Flare Blitz|p1b: Sinistcha
|-supereffective|p1b: Sinistcha|1
|-damage|p1b: Sinistcha|39/100
|-damage|p2a: Incineroar|82/100|[from] Recoil
|move|p2b: Kangaskhan|Hammer Arm|p1b: Sinistcha
|-damage|p1b: Sinistcha|23/100
|-unboost|p2b: Kangaskhan|spe|1
|move|p1b: Sinistcha|Trick Room|p1b: Sinistcha
|-fieldend|move: Trick Room
|
|upkeep
|turn|4
|inactive|andiom123 has 30 seconds left.
|inactive|andiom123 has 20 seconds left.
|inactive|andiom123 has 15 seconds left.
|inactive|andiom123 has 10 seconds left.
|
|t:|1784692872
|switch|p2a: Farigiraf|Farigiraf, L50, F|33/100
|move|p1b: Sinistcha|Rage Powder|p1b: Sinistcha
|-singleturn|p1b: Sinistcha|move: Rage Powder
|move|p1a: Incineroar|Throat Chop|p2a: Farigiraf
|-supereffective|p2a: Farigiraf|1
|-damage|p2a: Farigiraf|0 fnt
|faint|p2a: Farigiraf
|move|p2b: Kangaskhan|Hammer Arm|p1b: Sinistcha|[miss]
|-miss|p2b: Kangaskhan|p1b: Sinistcha
|
|upkeep
|l|☆Iultimatemage
|inactive|Iultimatemage disconnected and has a minute to reconnect!
|player|p1|
|
|t:|1784692889
|switch|p2a: Incineroar|Incineroar, L50, F|82/100
|-ability|p2a: Incineroar|Intimidate|boost
|-unboost|p1a: Incineroar|atk|1
|-unboost|p1b: Sinistcha|atk|1
|turn|5
|inactive|Iultimatemage has 30 seconds left.
|inactive|Iultimatemage has 20 seconds left.
|inactive|Iultimatemage has 15 seconds left.
|j|☆Iultimatemage
|inactive|Iultimatemage reconnected and has 15 seconds left.
|player|p1|Iultimatemage|170|
|inactive|Iultimatemage has 10 seconds left.
|inactive|Iultimatemage has 5 seconds left.
|
|t:|1784692940
|switch|p2b: Torkoal|Torkoal, L50, M|100/100
|-weather|SunnyDay|[from] ability: Drought|[of] p2b: Torkoal
|move|p1b: Sinistcha|Rage Powder|p1b: Sinistcha
|-singleturn|p1b: Sinistcha|move: Rage Powder
|move|p1a: Incineroar|Throat Chop|p2a: Incineroar
|-resisted|p2a: Incineroar|1
|-damage|p2a: Incineroar|68/100
|-start|p2a: Incineroar|Throat Chop|[silent]
|move|p2a: Incineroar|Throat Chop|p1b: Sinistcha
|-supereffective|p1b: Sinistcha|1
|-enditem|p1b: Sinistcha|Colbur Berry|[eat]
|-enditem|p1b: Sinistcha|Colbur Berry|[weaken]
|-damage|p1b: Sinistcha|0 fnt
|faint|p1b: Sinistcha
|
|-weather|SunnyDay|[upkeep]
|upkeep
|
|t:|1784692963
|switch|p1b: Garchomp|Garchomp, L50, M|100/100
|turn|6
|inactive|andiom123 has 30 seconds left.
|
|t:|1784692997
|switch|p1a: Eelektross|Eelektross, L50, F|100/100
|move|p2b: Torkoal|Protect|p2b: Torkoal
|-singleturn|p2b: Torkoal|Protect
|move|p1b: Garchomp|Earthquake|p2a: Incineroar|[spread] p2a
|-activate|p2b: Torkoal|move: Protect
|-immune|p1a: Eelektross|[from] ability: Levitate
|-supereffective|p2a: Incineroar|1
|-damage|p2a: Incineroar|0 fnt
|faint|p2a: Incineroar
|-damage|p1b: Garchomp|90/100|[from] item: Life Orb
|
|-weather|SunnyDay|[upkeep]
|upkeep
|
|t:|1784693009
|switch|p2a: Kangaskhan|Kangaskhan, L50, F|100/100
|turn|7
|
|t:|1784693022
|detailschange|p2a: Kangaskhan|Kangaskhan-Mega, L50, F
|-mega|p2a: Kangaskhan|Kangaskhan|Kangaskhanite
|detailschange|p1a: Eelektross|Eelektross-Mega, L50, F
|-mega|p1a: Eelektross|Eelektross|Eelektrossite
|move|p1b: Garchomp|Earthquake|p2a: Kangaskhan|[spread] p2a,p2b
|-immune|p1a: Eelektross|[from] ability: Eelevate
|-supereffective|p2b: Torkoal|1
|-damage|p2a: Kangaskhan|57/100
|-damage|p2b: Torkoal|23/100
|-damage|p1b: Garchomp|80/100|[from] item: Life Orb
|move|p2a: Kangaskhan|Ice Punch|p1b: Garchomp
|-supereffective|p1b: Garchomp|2
|-damage|p1b: Garchomp|0 fnt
|-damage|p2a: Kangaskhan|45/100|[from] ability: Rough Skin|[of] p1b: Garchomp
|faint|p1b: Garchomp
|move|p1a: Eelektross|Thunderbolt|p2b: Torkoal
|-damage|p2b: Torkoal|0 fnt
|faint|p2b: Torkoal
|-ability|p1a: Eelektross|Eelevate|boost
|-boost|p1a: Eelektross|spa|1
|
|-weather|SunnyDay|[upkeep]
|upkeep
|
|t:|1784693036
|switch|p1b: Incineroar|Incineroar, L50, F|100/100
|-ability|p1b: Incineroar|Intimidate|boost
|-unboost|p2a: Kangaskhan|atk|1
|turn|8
|c|☆Iultimatemage|Ggs
|inactive|andiom123 has 30 seconds left.
|
|t:|1784693065
|move|p1b: Incineroar|Fake Out|p2a: Kangaskhan
|-damage|p2a: Kangaskhan|33/100
|cant|p2a: Kangaskhan|flinch
|move|p1a: Eelektross|Thunderbolt|p2a: Kangaskhan
|-damage|p2a: Kangaskhan|0 fnt
|faint|p2a: Kangaskhan
|
|win|Iultimatemage
|raw|Iultimatemage's rating: 1184 → 1211(+27 for winning)
|raw|andiom123's rating: 1212 → 1185(-27 for losing)
|l|☆Iultimatemage
|player|p1|
|j|☆Iultimatemage
|player|p1|Iultimatemage|170|
|l|☆andiom123
|player|p2|
