|j|☆ad_blake
|j|☆R4GEFU1
|html|ad_blakeR4GEFU1    
|uhtml|bestof|Game 1 of a best-of-3
|t:|1782310544
|gametype|doubles
|player|p1|ad_blake|rosa|1034
|player|p2|R4GEFU1|1|1103
|gen|9
|tier|[Gen 9 Champions] VGC 2026 Reg M-B (Bo3)
|rated|
|rule|Species Clause: Limit one of each Pokémon
|rule|Item Clause: Limit 1 of each item
|clearpoke
|poke|p1|Raichu, L50, M|
|poke|p1|Whimsicott, L50, F|
|poke|p1|Garchomp, L50, F|
|poke|p1|Sylveon, L50, M|
|poke|p1|Ninetales-Alola, L50, M|
|poke|p1|Incineroar, L50, M|
|poke|p2|Raichu, L50, F|
|poke|p2|Mr. Rime, L50, M|
|poke|p2|Pelipper, L50, F|
|poke|p2|Garchomp, L50, M|
|poke|p2|Clefable, L50, M|
|poke|p2|Gholdengo, L50|
|teampreview|4
|showteam|p1|Raichu||RaichuniteY|LightningRod|FakeOut,ZapCannon,Protect,FocusBlast|Hasty||M|||50|]Whimsicott||FocusSash|Prankster|Tailwind,Encore,Taunt,Moonblast|Timid||F|||50|]Garchomp||LifeOrb|RoughSkin|Protect,DragonClaw,RockSlide,StompingTantrum|Jolly||F|||50|]Sylveon||FairyFeather|Pixilate|Detect,HyperVoice,CalmMind,HyperBeam|Modest||M|||50|]Ninetales-Alola||LightClay|SnowWarning|AuroraVeil,Blizzard,FreezeDry,Protect|Timid||M|||50|]Incineroar||SitrusBerry|Intimidate|FakeOut,PartingShot,Taunt,FlareBlitz|Impish||M|||50|
|showteam|p2|Raichu||RaichuniteY|LightningRod|FakeOut,ZapCannon,FocusBlast,Protect|Timid||F|||50|]Mr. Rime||FocusSash|ScreenCleaner|FakeOut,SheerCold,Protect,RolePlay|Bold||M|||50|]Pelipper||DampRock|Drizzle|WeatherBall,WideGuard,Tailwind,IcyWind|Modest||F|||50|]Garchomp||LifeOrb|RoughSkin|DragonClaw,RockSlide,StompingTantrum,Protect|Jolly||M|||50|]Clefable||Leftovers|Unaware|CosmicPower,DazzlingGleam,LifeDew,FollowMe|Bold||M|||50|]Gholdengo||KasibBerry|GoodasGold|ShadowBall,MakeItRain,Protect,NastyPlot|Timid|||||50|
|inactive|Battle timer is ON: inactive players will automatically lose when time's up. (requested by R4GEFU1)
|inactive|ad_blake has 60 seconds left.
|
|t:|1782310603
|teamsize|p1|4
|teamsize|p2|4
|start
|switch|p1a: Whimsicott|Whimsicott, L50, F|100/100
|switch|p1b: Raichu|Raichu, L50, M|100/100
|switch|p2a: Pelipper|Pelipper, L50, F|100/100
|switch|p2b: Raichu|Raichu, L50, F|100/100
|-weather|RainDance|[from] ability: Drizzle|[of] p2a: Pelipper
|turn|1
|inactive|ad_blake has 30 seconds left.
|
|t:|1782310629
|detailschange|p1b: Raichu|Raichu-Mega-Y, L50, M
|-mega|p1b: Raichu|Raichu|Raichunite Y
|move|p1b: Raichu|Fake Out|p2b: Raichu
|-damage|p2b: Raichu|85/100
|cant|p2b: Raichu|flinch
|move|p1a: Whimsicott|Tailwind|p1a: Whimsicott
|-sidestart|p1: ad_blake|move: Tailwind
|move|p2a: Pelipper|Tailwind|p2a: Pelipper
|-sidestart|p2: R4GEFU1|move: Tailwind
|
|-weather|RainDance|[upkeep]
|upkeep
|turn|2
|
|t:|1782310652
|move|p2b: Raichu|Protect|p2b: Raichu
|-singleturn|p2b: Raichu|Protect
|move|p1a: Whimsicott|Encore|p2a: Pelipper
|-start|p2a: Pelipper|Encore
|move|p1b: Raichu|Focus Blast|p2b: Raichu
|-activate|p2b: Raichu|move: Protect
|move|p2a: Pelipper|Tailwind||[still]
|-fail|p2a: Pelipper
|
|-weather|RainDance|[upkeep]
|upkeep
|turn|3
|inactive|R4GEFU1 has 30 seconds left.
|
|t:|1782310679
|switch|p2b: Gholdengo|Gholdengo, L50|100/100
|switch|p2a: Clefable|Clefable, L50, M|100/100
|move|p1b: Raichu|Focus Blast|p2b: Gholdengo
|-immune|p2b: Gholdengo
|move|p1a: Whimsicott|Moonblast|p2b: Gholdengo
|-resisted|p2b: Gholdengo|1
|-damage|p2b: Gholdengo|82/100
|
|-weather|RainDance|[upkeep]
|upkeep
|turn|4
|inactive|ad_blake has 30 seconds left.
|inactive|ad_blake has 20 seconds left.
|inactive|ad_blake has 15 seconds left.
|
|t:|1782310722
|switch|p2a: Raichu|Raichu, L50, F|85/100
|move|p1b: Raichu|Zap Cannon|p2a: Raichu
|-ability|p2a: Raichu|Lightning Rod|boost
|-boost|p2a: Raichu|spa|1
|move|p1a: Whimsicott|Moonblast|p2a: Raichu
|-damage|p2a: Raichu|44/100
|move|p2b: Gholdengo|Nasty Plot|p2b: Gholdengo
|-boost|p2b: Gholdengo|spa|2
|
|-weather|RainDance|[upkeep]
|-sideend|p1: ad_blake|move: Tailwind
|-sideend|p2: R4GEFU1|move: Tailwind
|upkeep
|turn|5
|inactive|ad_blake has 30 seconds left.
|inactive|R4GEFU1 has 30 seconds left.
|
|t:|1782310752
|move|p2a: Raichu|Fake Out|p1a: Whimsicott
|-damage|p1a: Whimsicott|90/100
|move|p1b: Raichu|Focus Blast|p2a: Raichu
|-damage|p2a: Raichu|0 fnt
|faint|p2a: Raichu
|cant|p1a: Whimsicott|flinch
|move|p2b: Gholdengo|Make It Rain|p1b: Raichu|[spread] p1a,p1b
|-supereffective|p1a: Whimsicott|1
|-resisted|p1b: Raichu|1
|-damage|p1a: Whimsicott|0 fnt
|-damage|p1b: Raichu|18/100
|-unboost|p2b: Gholdengo|spa|2
|faint|p1a: Whimsicott
|
|-weather|RainDance|[upkeep]
|upkeep
|
|t:|1782310772
|switch|p1a: Incineroar|Incineroar, L50, M|100/100
|switch|p2a: Clefable|Clefable, L50, M|100/100
|-ability|p1a: Incineroar|Intimidate|boost
|-unboost|p2a: Clefable|atk|1
|-unboost|p2b: Gholdengo|atk|1
|turn|6
|
|t:|1782310797
|move|p1a: Incineroar|Fake Out|p2a: Clefable
|-damage|p2a: Clefable|90/100
|cant|p2a: Clefable|flinch
|move|p1b: Raichu|Zap Cannon|p2b: Gholdengo
|-damage|p2b: Gholdengo|0 fnt
|faint|p2b: Gholdengo
|
|-weather|RainDance|[upkeep]
|-heal|p2a: Clefable|96/100|[from] item: Leftovers
|upkeep
|
|t:|1782310810
|switch|p2b: Pelipper|Pelipper, L50, F|100/100
|turn|7
|
|t:|1782310832
|move|p1b: Raichu|Zap Cannon|p2a: Clefable
|-damage|p2a: Clefable|33/100
|-status|p2a: Clefable|par
|move|p1a: Incineroar|Parting Shot|p2a: Clefable
|-unboost|p2a: Clefable|atk|1
|-unboost|p2a: Clefable|spa|1
|
|t:|1782310839
|switch|p1a: Sylveon|Sylveon, L50, M|100/100|[from] Parting Shot
|move|p2b: Pelipper|Weather Ball|p1a: Sylveon
|-damage|p1a: Sylveon|53/100
|move|p2a: Clefable|Dazzling Gleam|p1a: Sylveon|[spread] p1a,p1b
|-damage|p1a: Sylveon|44/100
|-damage|p1b: Raichu|0 fnt
|faint|p1b: Raichu
|
|-weather|RainDance|[upkeep]
|-heal|p2a: Clefable|39/100 par|[from] item: Leftovers
|upkeep
|
|t:|1782310850
|switch|p1b: Incineroar|Incineroar, L50, M|100/100
|-ability|p1b: Incineroar|Intimidate|boost
|-unboost|p2a: Clefable|atk|1
|-unboost|p2b: Pelipper|atk|1
|turn|8
|
|t:|1782310870
|move|p1b: Incineroar|Fake Out|p2a: Clefable
|-damage|p2a: Clefable|30/100 par
|move|p2b: Pelipper|Wide Guard|p2b: Pelipper
|-singleturn|p2b: Pelipper|Wide Guard
|move|p1a: Sylveon|Hyper Voice|p2a: Clefable|[spread] 
|-activate|p2a: Clefable|move: Wide Guard
|-activate|p2b: Pelipper|move: Wide Guard
|cant|p2a: Clefable|flinch
|
|-weather|none
|-heal|p2a: Clefable|36/100 par|[from] item: Leftovers
|upkeep
|turn|9
|
|t:|1782310888
|move|p2b: Pelipper|Wide Guard|p2b: Pelipper
|-singleturn|p2b: Pelipper|Wide Guard
|move|p1b: Incineroar|Flare Blitz|p2a: Clefable
|-damage|p2a: Clefable|0 fnt
|faint|p2a: Clefable
|-damage|p1b: Incineroar|88/100|[from] Recoil
|move|p1a: Sylveon|Hyper Voice|p2b: Pelipper
|-activate|p2b: Pelipper|move: Wide Guard
|
|upkeep
|turn|10
|
|t:|1782310902
|move|p1b: Incineroar|Flare Blitz|p2b: Pelipper
|-resisted|p2b: Pelipper|1
|-damage|p2b: Pelipper|77/100
|-damage|p1b: Incineroar|81/100|[from] Recoil
|move|p2b: Pelipper|Weather Ball|p1a: Sylveon
|-damage|p1a: Sylveon|33/100
|move|p1a: Sylveon|Hyper Beam|p2b: Pelipper
|-damage|p2b: Pelipper|0 fnt
|-mustrecharge|p1a: Sylveon
|faint|p2b: Pelipper
|
|win|ad_blake
|raw|ad_blake's rating: 1034 → 1076(+42 for winning)
|raw|R4GEFU1's rating: 1103 → 1073(-30 for losing)
|l|☆R4GEFU1
|player|p2|
