|j|☆rikkisin
|j|☆jwithers93
|html|rikkisinjwithers93    
|uhtml|bestof|Game 1 of a best-of-3
|t:|1783372066
|gametype|doubles
|player|p1|rikkisin|elesa|1000
|player|p2|jwithers93|marshal|1088
|gen|9
|tier|[Gen 9 Champions] VGC 2026 Reg M-B (Bo3)
|rated|
|rule|Species Clause: Limit one of each Pokémon
|rule|Item Clause: Limit 1 of each item
|clearpoke
|poke|p1|Annihilape, L50, M, shiny|
|poke|p1|Maushold, L50|
|poke|p1|Garchomp, L50, F|
|poke|p1|Ninetales-Alola, L50, M, shiny|
|poke|p1|Mawile, L50, F, shiny|
|poke|p1|Sinistcha, L50|
|poke|p2|Scovillain, L50, M|
|poke|p2|Rotom-Wash, L50|
|poke|p2|Whimsicott, L50, F|
|poke|p2|Floette-Eternal, L50, F|
|poke|p2|Garchomp, L50, M|
|poke|p2|Kingambit, L50, M|
|teampreview|4
|showteam|p1|Annihilape||Leftovers|Defiant|RageFist,DrainPunch,BulkUp,Protect|Adamant||M|||50|]Maushold||ChopleBerry|FriendGuard|Feint,BeatUp,FollowMe,Protect|Impish|||||50|]Garchomp||LifeOrb|RoughSkin|DragonClaw,StompingTantrum,RockSlide,Protect|Adamant||F|||50|]Ninetales-Alola||NeverMeltIce|SnowWarning|Blizzard,IcyWind,FreezeDry,Protect|Timid||M|||50|]Mawile||Mawilite|HyperCutter|IronHead,PlayRough,SuckerPunch,Protect|Adamant||F|||50|]Sinistcha||SitrusBerry|Hospitality|MatchaGotcha,RagePowder,TrickRoom,Protect|Bold|||||50|
|showteam|p2|Scovillain||Scovillainite|Chlorophyll|Overheat,LeafStorm,RagePowder,LeechSeed|Bold||M|||50|]Rotom-Wash||ChoiceScarf|Levitate|Electroweb,VoltSwitch,HydroPump,HelpingHand|Timid|||||50|]Whimsicott||FocusSash|Prankster|Tailwind,Encore,Protect,Moonblast|Timid||F|||50|]Floette-Eternal||Floettite|FlowerVeil|DazzlingGleam,Moonblast,LightofRuin,Protect|Timid||F|||50|]Garchomp||LifeOrb|RoughSkin|Earthquake,RockSlide,DragonClaw,Protect|Jolly||M|||50|]Kingambit||ChopleBerry|Defiant|SuckerPunch,KowtowCleave,IronHead,Protect|Adamant||M|||50|
|inactive|Battle timer is ON: inactive players will automatically lose when time's up. (requested by jwithers93)
|
|t:|1783372138
|teamsize|p1|4
|teamsize|p2|4
|start
|switch|p1a: Annihilape|Annihilape, L50, M, shiny|100/100
|switch|p1b: Maushold|Maushold, L50|100/100
|switch|p2a: Floette|Floette-Eternal, L50, F|100/100
|switch|p2b: Kingambit|Kingambit, L50, M|100/100
|turn|1
|inactive|rikkisin has 30 seconds left.
|inactive|jwithers93 has 30 seconds left.
|inactive|rikkisin has 20 seconds left.
|inactive|jwithers93 has 20 seconds left.
|inactive|rikkisin has 15 seconds left.
|
|t:|1783372181
|detailschange|p2a: Floette|Floette-Mega, L50, F
|-mega|p2a: Floette|Floette|Floettite
|-ability|p2a: Floette|Fairy Aura
|move|p1b: Maushold|Follow Me|p1b: Maushold
|-singleturn|p1b: Maushold|move: Follow Me
|move|p2a: Floette|Dazzling Gleam|p1b: Maushold|[spread] p1a,p1b
|-supereffective|p1a: Annihilape|1
|-crit|p1a: Annihilape
|-damage|p1a: Annihilape|11/100
|-damage|p1b: Maushold|48/100
|move|p1a: Annihilape|Drain Punch|p2b: Kingambit
|-supereffective|p2b: Kingambit|2
|-enditem|p2b: Kingambit|Chople Berry|[eat]
|-enditem|p2b: Kingambit|Chople Berry|[weaken]
|-damage|p2b: Kingambit|52/100
|-heal|p1a: Annihilape|35/100|[from] drain|[of] p2b: Kingambit
|move|p2b: Kingambit|Kowtow Cleave|p1b: Maushold
|-damage|p1b: Maushold|0 fnt
|faint|p1b: Maushold
|
|-heal|p1a: Annihilape|41/100|[from] item: Leftovers
|upkeep
|
|t:|1783372199
|switch|p1b: Mawile|Mawile, L50, F, shiny|100/100
|turn|2
|inactive|rikkisin has 30 seconds left.
|inactive|jwithers93 has 30 seconds left.
|
|t:|1783372226
|detailschange|p1b: Mawile|Mawile-Mega, L50, F, shiny
|-mega|p1b: Mawile|Mawile|Mawilite
|move|p2a: Floette|Protect|p2a: Floette
|-singleturn|p2a: Floette|Protect
|move|p1a: Annihilape|Protect|p1a: Annihilape
|-singleturn|p1a: Annihilape|Protect
|move|p2b: Kingambit|Sucker Punch||[still]
|-fail|p2b: Kingambit
|move|p1b: Mawile|Iron Head|p2a: Floette
|-activate|p2a: Floette|move: Protect
|
|-heal|p1a: Annihilape|47/100|[from] item: Leftovers
|upkeep
|turn|3
|inactive|rikkisin has 30 seconds left.
|
|t:|1783372252
|switch|p2a: Scovillain|Scovillain, L50, M|100/100
|move|p2b: Kingambit|Sucker Punch|p1a: Annihilape
|-damage|p1a: Annihilape|11/100
|move|p1a: Annihilape|Drain Punch|p2b: Kingambit
|-supereffective|p2b: Kingambit|2
|-damage|p2b: Kingambit|0 fnt
|-heal|p1a: Annihilape|37/100|[from] drain|[of] p2b: Kingambit
|faint|p2b: Kingambit
|move|p1b: Mawile|Iron Head|p2a: Scovillain
|-resisted|p2a: Scovillain|1
|-damage|p2a: Scovillain|52/100
|
|-heal|p1a: Annihilape|44/100|[from] item: Leftovers
|upkeep
|
|t:|1783372266
|switch|p2b: Floette|Floette-Mega, L50, F|100/100
|-ability|p2b: Floette|Fairy Aura
|turn|4
|inactive|rikkisin has 30 seconds left.
|inactive|rikkisin has 20 seconds left.
|inactive|rikkisin has 15 seconds left.
|inactive|rikkisin has 10 seconds left.
|
|t:|1783372316
|move|p1a: Annihilape|Protect|p1a: Annihilape
|-singleturn|p1a: Annihilape|Protect
|move|p2b: Floette|Dazzling Gleam|p1a: Annihilape|[spread] p1b
|-activate|p1a: Annihilape|move: Protect
|-resisted|p1b: Mawile|1
|-damage|p1b: Mawile|73/100
|move|p2a: Scovillain|Overheat|p1b: Mawile|[miss]
|-miss|p2a: Scovillain|p1b: Mawile
|move|p1b: Mawile|Play Rough|p2a: Scovillain
|-resisted|p2a: Scovillain|1
|-damage|p2a: Scovillain|0 fnt
|faint|p2a: Scovillain
|
|-heal|p1a: Annihilape|50/100g|[from] item: Leftovers
|upkeep
|
|t:|1783372331
|switch|p2a: Garchomp|Garchomp, L50, M|100/100
|turn|5
|
|t:|1783372353
|switch|p1a: Garchomp|Garchomp, L50, F|100/100
|move|p2b: Floette|Protect|p2b: Floette
|-singleturn|p2b: Floette|Protect
|move|p1b: Mawile|Protect|p1b: Mawile
|-singleturn|p1b: Mawile|Protect
|move|p2a: Garchomp|Earthquake|p1a: Garchomp|[spread] p1a
|-activate|p2b: Floette|move: Protect
|-activate|p1b: Mawile|move: Protect
|-damage|p1a: Garchomp|56/100
|-damage|p2a: Garchomp|90/100|[from] item: Life Orb
|
|upkeep
|turn|6
|inactive|rikkisin has 30 seconds left.
|inactive|jwithers93 has 30 seconds left.
|
|t:|1783372385
|move|p2b: Floette|Dazzling Gleam|p1a: Garchomp|[spread] p1a,p1b
|-supereffective|p1a: Garchomp|1
|-resisted|p1b: Mawile|1
|-damage|p1a: Garchomp|0 fnt
|-damage|p1b: Mawile|44/100
|faint|p1a: Garchomp
|move|p2a: Garchomp|Earthquake|p1b: Mawile|[spread] p2b,p1b
|-supereffective|p1b: Mawile|1
|-damage|p2b: Floette|31/100
|-damage|p1b: Mawile|0 fnt
|faint|p1b: Mawile
|-damage|p2a: Garchomp|80/100|[from] item: Life Orb
|
|upkeep
|
|t:|1783372393
|switch|p1b: Annihilape|Annihilape, L50, M, shiny|50/100g
|turn|7
|
|t:|1783372402
|move|p2b: Floette|Light of Ruin|p1b: Annihilape
|-supereffective|p1b: Annihilape|1
|-damage|p1b: Annihilape|0 fnt
|faint|p1b: Annihilape
|-damage|p2b: Floette|0 fnt|[from] Recoil
|faint|p2b: Floette
|
|win|jwithers93
||jwithers93 is ready for game 2.
|inactive|rikkisin has 30 seconds to confirm battle start!
