|j|☆palle synchro
|j|☆snekr1994
|html|palle synchrosnekr1994    
|uhtml|bestof|Game 3 of a best-of-3
|t:|1756916915
|gametype|doubles
|player|p1|palle synchro|volkner|1388
|player|p2|snekr1994|170|1486
|gen|9
|tier|[Gen 9] VGC 2025 Reg H (Bo3)
|rated|
|rule|Species Clause: Limit one of each Pokémon
|rule|Item Clause: Limit 1 of each item
|clearpoke
|poke|p1|Whimsicott, L50, M|
|poke|p1|Corviknight, L50, F|
|poke|p1|Indeedee, L50, M|
|poke|p1|Sneasler, L50, F|
|poke|p1|Ursaluna-Bloodmoon, L50, M|
|poke|p1|Archaludon, L50, M|
|poke|p2|Kingambit, L50, F|
|poke|p2|Sneasler, L50, F|
|poke|p2|Electabuzz, L50, F|
|poke|p2|Dragonite, L50, M|
|poke|p2|Volcarona, L50, F|
|poke|p2|Rillaboom, L50, M|
|teampreview|4
|showteam|p1|Whimsicott||CovertCloak|Prankster|Moonblast,Taunt,Tailwind,FakeTears|||M|||50|,,,,,Water]Corviknight||Leftovers|MirrorArmor|BraveBird,BulkUp,Tailwind,Roost|||F|||50|,,,,,Dragon]Indeedee||FocusSash|PsychicSurge|ExpandingForce,TeraBlast,Imprison,TrickRoom|||M|||50|,,,,,Psychic]Sneasler||PsychicSeed|Unburden|CloseCombat,DireClaw,ThroatChop,Protect|||F|||50|,,,,,Dark]Ursaluna-Bloodmoon||LifeOrb|MindsEye|HyperVoice,BloodMoon,EarthPower,Protect|||M|||50|,,,,,Normal]Archaludon||PowerHerb|Stalwart|ElectroShot,DragonPulse,Thunderbolt,Protect|||M|||50|,,,,,Electric
|showteam|p2|Kingambit||SafetyGoggles|Defiant|KowtowCleave,SuckerPunch,SwordsDance,Protect|||F|||50|,,,,,Dark]Sneasler||FocusSash|PoisonTouch|DireClaw,CloseCombat,Coaching,FakeOut|||F|||50|,,,,,Stellar]Electabuzz||Eviolite|VitalSpirit|Thunderbolt,FollowMe,Taunt,Protect|||F|||50|,,,,,Dragon]Dragonite||LoadedDice|Multiscale|ScaleShot,ExtremeSpeed,Haze,Protect|||M|||50|,,,,,Steel]Volcarona||CovertCloak|FlameBody|HeatWave,TeraBlast,QuiverDance,Protect|||F|||50|,,,,,Fairy]Rillaboom||AssaultVest|GrassySurge|WoodHammer,GrassyGlide,HighHorsepower,FakeOut|||M|||50|,,,,,Fire
|inactive|Battle timer is ON: inactive players will automatically lose when time's up. (requested by palle synchro)
|
|t:|1756916947
|teamsize|p1|4
|teamsize|p2|4
|start
|switch|p1a: Whimsicott|Whimsicott, L50, M|100/100
|switch|p1b: Ursaluna|Ursaluna-Bloodmoon, L50, M|100/100
|switch|p2a: Dragonite|Dragonite, L50, M|100/100
|switch|p2b: Sneasler|Sneasler, L50, F|100/100
|turn|1
|
|t:|1756916966
|move|p1a: Whimsicott|Tailwind|p1a: Whimsicott
|-sidestart|p1: palle synchro|move: Tailwind
|move|p1b: Ursaluna|Hyper Voice|p2a: Dragonite|[spread] p2a,p2b
|-crit|p2b: Sneasler
|-damage|p2a: Dragonite|77/100
|-damage|p2b: Sneasler|4/100
|-damage|p1b: Ursaluna|91/100|[from] item: Life Orb
|move|p2b: Sneasler|Close Combat|p1b: Ursaluna
|-supereffective|p1b: Ursaluna
|-damage|p1b: Ursaluna|0 fnt
|-unboost|p2b: Sneasler|def|1
|-unboost|p2b: Sneasler|spd|1
|faint|p1b: Ursaluna
|move|p2a: Dragonite|Scale Shot|p1a: Whimsicott
|-immune|p1a: Whimsicott
|
|upkeep
|
|t:|1756916981
|switch|p1b: Sneasler|Sneasler, L50, F|100/100
|turn|2
|inactive|snekr1994 has 30 seconds left.
|
|t:|1756917009
|move|p2a: Dragonite|Protect|p2a: Dragonite
|-singleturn|p2a: Dragonite|Protect
|move|p1a: Whimsicott|Moonblast|p2b: Sneasler
|-damage|p2b: Sneasler|0 fnt
|faint|p2b: Sneasler
|move|p1b: Sneasler|Dire Claw|p2a: Dragonite
|-activate|p2a: Dragonite|move: Protect
|
|upkeep
|
|t:|1756917019
|switch|p2b: Volcarona|Volcarona, L50, F|100/100
|turn|3
|inactive|snekr1994 has 30 seconds left.
|
|t:|1756917052
|-terastallize|p2a: Dragonite|Steel
|move|p1a: Whimsicott|Moonblast|p2a: Dragonite
|-resisted|p2a: Dragonite
|-damage|p2a: Dragonite|63/100
|-unboost|p2a: Dragonite|spa|1
|move|p1b: Sneasler|Close Combat|p2a: Dragonite
|-supereffective|p2a: Dragonite
|-damage|p2a: Dragonite|0 fnt
|-unboost|p1b: Sneasler|def|1
|-unboost|p1b: Sneasler|spd|1
|faint|p2a: Dragonite
|move|p2b: Volcarona|Heat Wave|p1a: Whimsicott|[spread] p1a,p1b
|-supereffective|p1a: Whimsicott
|-damage|p1a: Whimsicott|17/100
|-damage|p1b: Sneasler|31/100
|
|upkeep
|
|t:|1756917060
|switch|p2a: Rillaboom|Rillaboom, L50, M|100/100
|-fieldstart|move: Grassy Terrain|[from] ability: Grassy Surge|[of] p2a: Rillaboom
|turn|4
|
|t:|1756917082
|move|p1b: Sneasler|Protect|p1b: Sneasler
|-singleturn|p1b: Sneasler|Protect
|move|p1a: Whimsicott|Taunt|p2b: Volcarona
|-start|p2b: Volcarona|move: Taunt
|move|p2a: Rillaboom|Grassy Glide|p1a: Whimsicott
|-resisted|p1a: Whimsicott
|-damage|p1a: Whimsicott|0 fnt
|faint|p1a: Whimsicott
|move|p2b: Volcarona|Heat Wave|p1b: Sneasler
|-activate|p1b: Sneasler|move: Protect
|
|-heal|p1b: Sneasler|37/100|[from] Grassy Terrain
|-sideend|p1: palle synchro|move: Tailwind
|upkeep
|
|t:|1756917090
|switch|p1a: Indeedee|Indeedee, L50, M|100/100
|-fieldstart|move: Psychic Terrain|[from] ability: Psychic Surge|[of] p1a: Indeedee
|-enditem|p1b: Sneasler|Psychic Seed
|-boost|p1b: Sneasler|spd|1|[from] item: Psychic Seed
|turn|5
|
|t:|1756917112
|-terastallize|p1a: Indeedee|Psychic
|move|p1b: Sneasler|Dire Claw|p2a: Rillaboom
|-supereffective|p2a: Rillaboom
|-damage|p2a: Rillaboom|11/100
|-status|p2a: Rillaboom|par
|move|p1a: Indeedee|Expanding Force|p2a: Rillaboom|[spread] p2a,p2b
|-damage|p2a: Rillaboom|0 fnt
|-damage|p2b: Volcarona|35/100
|faint|p2a: Rillaboom
|move|p2b: Volcarona|Heat Wave|p1b: Sneasler|[spread] p1a
|-miss|p2b: Volcarona|p1b: Sneasler
|-damage|p1a: Indeedee|56/100
|
|upkeep
|turn|6
|-message|snekr1994 forfeited.
|
|win|palle synchro
|raw|palle synchro's rating: 1388 → 1413(+25 for winning)
|raw|snekr1994's rating: 1486 → 1461(-25 for losing)
