|j|☆ArsenioMaster
|j|☆eltsurito
|html|ArsenioMastereltsurito    
|uhtml|bestof|Game 1 of a best-of-3
|t:|1757197818
|gametype|doubles
|player|p1|ArsenioMaster|lucian|1000
|player|p2|eltsurito|265|1036
|gen|9
|tier|[Gen 9] VGC 2025 Reg H (Bo3)
|rated|
|rule|Species Clause: Limit one of each Pokémon
|rule|Item Clause: Limit 1 of each item
|clearpoke
|poke|p1|Archaludon, L50, M|
|poke|p1|Baxcalibur, L50, M|
|poke|p1|Magmar, L50, M|
|poke|p1|Whimsicott, L50, F|
|poke|p1|Gholdengo, L50|
|poke|p1|Gyarados, L50, M|
|poke|p2|Sneasler, L50, M|
|poke|p2|Indeedee, L50, M|
|poke|p2|Volcarona, L50, M|
|poke|p2|Ursaluna-Bloodmoon, L50, M|
|poke|p2|Annihilape, L50, F|
|poke|p2|Tyranitar, L50, M|
|teampreview|4
|showteam|p1|Archaludon||PowerHerb|Stamina|ElectroShot,DragonPulse,FlashCannon,Protect|||M|||50|,,,,,Flying]Baxcalibur||LifeOrb|ThermalExchange|DragonDance,GlaiveRush,Earthquake,IcicleCrash|||M|||50|,,,,,Steel]Magmar||Eviolite|FlameBody|LavaPlume,FollowMe,Protect,ScorchingSands|||M|||50|,,,,,Grass]Whimsicott||FocusSash|Prankster|BeatUp,Encore,Moonblast,Tailwind|||F|||50|,,,,,Grass]Gholdengo||ChoiceSpecs|GoodasGold|MakeItRain,DazzlingGleam,Psyshock,ShadowBall||||||50|,,,,,Steel]Gyarados||AssaultVest|Intimidate|DragonTail,Waterfall,TemperFlare,Avalanche|||M|||50|,,,,,Stellar
|showteam|p2|Sneasler||PsychicSeed|Unburden|CloseCombat,DireClaw,ThroatChop,Protect|||M|||50|,,,,,Dark]Indeedee||ChoiceScarf|PsychicSurge|ExpandingForce,TeraBlast,Trick,Protect|||M|||50|,,,,,Psychic]Volcarona||SitrusBerry|FlameBody|Overheat,StruggleBug,RagePowder,Tailwind|||M|||50|,,,,,Grass]Ursaluna-Bloodmoon||LifeOrb|MindsEye|BloodMoon,HyperVoice,EarthPower,Protect|||M|||50|,,,,,Normal]Annihilape||SafetyGoggles|Defiant|CloseCombat,RageFist,Taunt,FinalGambit|||F|||50|,,,,,Fairy]Tyranitar||AssaultVest|SandStream|RockSlide,KnockOff,TeraBlast,LowKick|||M|||50|,,,,,Flying
|inactive|Battle timer is ON: inactive players will automatically lose when time's up. (requested by eltsurito)
|inactive|ArsenioMaster also wants the timer to be on.
|inactive|ArsenioMaster has 60 seconds left.
|inactive|eltsurito has 60 seconds left.
|inactive|eltsurito has 30 seconds left.
|
|t:|1757197881
|teamsize|p1|4
|teamsize|p2|4
|start
|switch|p1a: Archaludon|Archaludon, L50, M|100/100
|switch|p1b: Whimsicott|Whimsicott, L50, F|100/100
|switch|p2a: Sneasler|Sneasler, L50, M|100/100
|switch|p2b: Indeedee|Indeedee, L50, M|100/100
|-fieldstart|move: Psychic Terrain|[from] ability: Psychic Surge|[of] p2b: Indeedee
|-enditem|p2a: Sneasler|Psychic Seed
|-boost|p2a: Sneasler|spd|1|[from] item: Psychic Seed
|turn|1
|inactive|ArsenioMaster has 30 seconds left.
|inactive|eltsurito has 30 seconds left.
|inactive|eltsurito has 20 seconds left.
|inactive|eltsurito has 15 seconds left.
|
|t:|1757197924
|-terastallize|p2b: Indeedee|Psychic
|move|p1a: Archaludon|Protect|p1a: Archaludon
|-singleturn|p1a: Archaludon|Protect
|move|p1b: Whimsicott|Tailwind|p1b: Whimsicott
|-sidestart|p1: ArsenioMaster|move: Tailwind
|move|p2a: Sneasler|Close Combat|p1a: Archaludon
|-activate|p1a: Archaludon|move: Protect
|move|p2b: Indeedee|Expanding Force|p1b: Whimsicott|[spread] p1b
|-activate|p1a: Archaludon|move: Protect
|-enditem|p1b: Whimsicott|Focus Sash
|-damage|p1b: Whimsicott|1/100
|
|upkeep
|turn|2
|inactive|ArsenioMaster has 30 seconds left.
|inactive|ArsenioMaster has 20 seconds left.
|inactive|ArsenioMaster has 15 seconds left.
|inactive|ArsenioMaster has 10 seconds left.
|
|t:|1757197972
|switch|p2b: Volcarona|Volcarona, L50, M|100/100
|move|p2a: Sneasler|Close Combat|p1a: Archaludon
|-supereffective|p1a: Archaludon
|-damage|p1a: Archaludon|0 fnt
|-unboost|p2a: Sneasler|def|1
|-unboost|p2a: Sneasler|spd|1
|faint|p1a: Archaludon
|move|p1b: Whimsicott|Beat Up|p2b: Volcarona
|-damage|p2b: Volcarona|98/100
|-damage|p2b: Volcarona|94/100
|-damage|p2b: Volcarona|91/100
|-hitcount|p2b: Volcarona|3
|
|upkeep
|
|t:|1757197989
|switch|p1a: Gyarados|Gyarados, L50, M|100/100
|-ability|p1a: Gyarados|Intimidate|boost
|-unboost|p2a: Sneasler|atk|1
|-unboost|p2b: Volcarona|atk|1
|turn|3
|inactive|ArsenioMaster has 30 seconds left.
|inactive|eltsurito has 30 seconds left.
|inactive|eltsurito has 20 seconds left.
|inactive|eltsurito has 15 seconds left.
|inactive|eltsurito has 10 seconds left.
|
|t:|1757198038
|-terastallize|p1a: Gyarados|Stellar
|move|p1b: Whimsicott|Encore|p2a: Sneasler
|-activate|p2a: Sneasler|move: Psychic Terrain
|move|p2a: Sneasler|Dire Claw|p1a: Gyarados
|-damage|p1a: Gyarados|58/100
|-status|p1a: Gyarados|psn
|move|p1a: Gyarados|Waterfall|p2b: Volcarona
|-supereffective|p2b: Volcarona
|-damage|p2b: Volcarona|0 fnt
|faint|p2b: Volcarona
|
|-damage|p1a: Gyarados|45/100 psn|[from] psn
|upkeep
|
|t:|1757198062
|switch|p2b: Indeedee|Indeedee, L50, M, tera:Psychic|100/100
|turn|4
|inactive|ArsenioMaster has 30 seconds left.
|inactive|ArsenioMaster has 20 seconds left.
|
|t:|1757198099
|move|p2a: Sneasler|Protect|p2a: Sneasler
|-singleturn|p2a: Sneasler|Protect
|move|p2b: Indeedee|Protect|p2b: Indeedee
|-singleturn|p2b: Indeedee|Protect
|move|p1b: Whimsicott|Beat Up|p2b: Indeedee
|-activate|p2b: Indeedee|move: Protect
|move|p1a: Gyarados|Waterfall|p2a: Sneasler
|-activate|p2a: Sneasler|move: Protect
|
|-damage|p1a: Gyarados|33/100 psn|[from] psn
|-sideend|p1: ArsenioMaster|move: Tailwind
|upkeep
|turn|5
|inactive|ArsenioMaster has 30 seconds left.
|inactive|eltsurito has 30 seconds left.
|inactive|ArsenioMaster has 20 seconds left.
|
|t:|1757198138
|switch|p2b: Annihilape|Annihilape, L50, F|100/100
|move|p1b: Whimsicott|Encore|p2b: Annihilape
|-activate|p2b: Annihilape|move: Psychic Terrain
|move|p2a: Sneasler|Dire Claw|p1b: Whimsicott
|-supereffective|p1b: Whimsicott
|-crit|p1b: Whimsicott
|-damage|p1b: Whimsicott|0 fnt
|faint|p1b: Whimsicott
|move|p1a: Gyarados|Waterfall|p2b: Annihilape
|-damage|p2b: Annihilape|57/100
|
|-damage|p1a: Gyarados|20/100 psn|[from] psn
|-fieldend|move: Psychic Terrain
|upkeep
|
|t:|1757198150
|switch|p1b: Gholdengo|Gholdengo, L50|100/100
|turn|6
|inactive|ArsenioMaster has 30 seconds left.
|inactive|ArsenioMaster has 20 seconds left.
|
|t:|1757198186
|move|p2a: Sneasler|Throat Chop|p1b: Gholdengo
|-supereffective|p1b: Gholdengo
|-damage|p1b: Gholdengo|56/100
|-start|p1b: Gholdengo|Throat Chop|[silent]
|move|p2b: Annihilape|Close Combat|p1b: Gholdengo
|-immune|p1b: Gholdengo
|move|p1b: Gholdengo|Make It Rain|p2a: Sneasler|[spread] p2a,p2b
|-damage|p2a: Sneasler|0 fnt
|-damage|p2b: Annihilape|0 fnt
|-unboost|p1b: Gholdengo|spa|1
|faint|p2a: Sneasler
|faint|p2b: Annihilape
|move|p1a: Gyarados|Waterfall|p2: Sneasler|[notarget]
|-fail|p1a: Gyarados
|
|-damage|p1a: Gyarados|8/100 psn|[from] psn
|upkeep
|
|t:|1757198198
|switch|p2a: Indeedee|Indeedee, L50, M, tera:Psychic|100/100
|-fieldstart|move: Psychic Terrain|[from] ability: Psychic Surge|[of] p2a: Indeedee
|turn|7
|
|t:|1757198216
|move|p2a: Indeedee|Expanding Force|p1a: Gyarados|[spread] p1a,p1b
|-resisted|p1b: Gholdengo
|-damage|p1a: Gyarados|0 fnt
|-damage|p1b: Gholdengo|12/100
|faint|p1a: Gyarados
|move|p1b: Gholdengo|Make It Rain|p2a: Indeedee
|-damage|p2a: Indeedee|12/100
|-unboost|p1b: Gholdengo|spa|1
|
|-end|p1b: Gholdengo|Throat Chop|[silent]
|upkeep
|turn|8
|
|t:|1757198226
|move|p2a: Indeedee|Expanding Force|p1b: Gholdengo
|-resisted|p1b: Gholdengo
|-damage|p1b: Gholdengo|0 fnt
|faint|p1b: Gholdengo
|
|win|eltsurito
||ArsenioMaster is ready for game 2.
