|j|☆exessvgc
|j|☆Turin0-3Spritz
|html|exessvgcTurin0-3Spritz    
|uhtml|bestof|Game 2 of a best-of-3
|t:|1783349557
|gametype|doubles
|player|p1|exessvgc|170|1331
|player|p2|Turin0-3Spritz|1|1314
|gen|9
|tier|[Gen 9 Champions] VGC 2026 Reg M-B (Bo3)
|rated|
|rule|Species Clause: Limit one of each Pokémon
|rule|Item Clause: Limit 1 of each item
|clearpoke
|poke|p1|Charizard, L50, F|
|poke|p1|Sneasler, L50, M|
|poke|p1|Farigiraf, L50, F|
|poke|p1|Aerodactyl, L50, M|
|poke|p1|Sylveon, L50, M|
|poke|p1|Venusaur, L50, M|
|poke|p2|Pelipper, L50, M|
|poke|p2|Archaludon, L50, M|
|poke|p2|Grimmsnarl, L50, M|
|poke|p2|Basculegion, L50, M|
|poke|p2|Venusaur, L50, F|
|poke|p2|Aegislash, L50, M|
|teampreview|4
|showteam|p1|Charizard||CharizarditeX|Blaze|DragonDance,DragonClaw,FlareBlitz,Protect|Jolly||F|||50|]Sneasler||WhiteHerb|Unburden|FakeOut,Protect,CloseCombat,DireClaw|Jolly||M|||50|]Farigiraf||SitrusBerry|ArmorTail|TrickRoom,PsychicNoise,HelpingHand,Thunderbolt|Bold||F|||50|]Aerodactyl||FocusSash|Unnerve|RockSlide,Tailwind,SunnyDay,Taunt|Jolly||M|||50|]Sylveon||FairyFeather|Pixilate|HyperVoice,HyperBeam,Protect,ShadowBall|Modest||M|||50|]Venusaur||WideLens|Chlorophyll|GigaDrain,EarthPower,SleepPowder,Protect|Modest||M|||50|
|showteam|p2|Pelipper||SitrusBerry|Drizzle|WeatherBall,Hurricane,Tailwind,WideGuard|Modest||M|||50|]Archaludon||Leftovers|Stamina|ElectroShot,DragonPulse,FlashCannon,Protect|Calm||M|||50|]Grimmsnarl||LightClay|Prankster|FoulPlay,LightScreen,Reflect,PartingShot|Calm||M|||50|]Basculegion||ChoiceScarf|Adaptability|WaveCrash,FlipTurn,LastRespects,AquaJet|Jolly||M|||50|]Venusaur||Venusaurite|Chlorophyll|GigaDrain,SludgeBomb,EarthPower,Protect|Modest||F|||50|]Aegislash||FocusSash|StanceChange|IronHead,ShadowSneak,CloseCombat,KingsShield|Adamant||M|||50|
|
|t:|1783349582
|teamsize|p1|4
|teamsize|p2|4
|start
|switch|p1a: DINOSAUVO|Aerodactyl, L50, M|100/100
|switch|p1b: Frank|Venusaur, L50, M|100/100
|switch|p2a: Venusaur|Venusaur, L50, F|100/100
|switch|p2b: Basculegion|Basculegion, L50, M|100/100
|-ability|p1a: DINOSAUVO|Unnerve
|turn|1
|
|t:|1783349612
|detailschange|p2a: Venusaur|Venusaur-Mega, L50, F
|-mega|p2a: Venusaur|Venusaur|Venusaurite
|move|p2b: Basculegion|Flip Turn|p1a: DINOSAUVO
|-supereffective|p1a: DINOSAUVO|1
|-enditem|p1a: DINOSAUVO|Focus Sash
|-damage|p1a: DINOSAUVO|1/100
|
|t:|1783349622
|switch|p2b: Pelipper|Pelipper, L50, M|100/100|[from] Flip Turn
|-weather|RainDance|[from] ability: Drizzle|[of] p2b: Pelipper
|move|p1a: DINOSAUVO|Tailwind|p1a: DINOSAUVO
|-sidestart|p1: exessvgc|move: Tailwind
|move|p1b: Frank|Sleep Powder|p2b: Pelipper
|-status|p2b: Pelipper|slp|[from] move: Sleep Powder
|move|p2a: Venusaur|Giga Drain|p1a: DINOSAUVO
|-damage|p1a: DINOSAUVO|0 fnt
|faint|p1a: DINOSAUVO
|
|-weather|RainDance|[upkeep]
|upkeep
|
|t:|1783349635
|switch|p1a: EXESS|Charizard, L50, F|100/100
|turn|2
|
|t:|1783349652
|move|p1a: EXESS|Dragon Dance|p1a: EXESS
|-boost|p1a: EXESS|atk|1
|-boost|p1a: EXESS|spe|1
|move|p1b: Frank|Giga Drain|p2b: Pelipper
|-damage|p2b: Pelipper|54/100 slp
|move|p2a: Venusaur|Sludge Bomb|p1b: Frank
|-damage|p1b: Frank|47/100
|cant|p2b: Pelipper|slp
|
|-weather|RainDance|[upkeep]
|upkeep
|turn|3
|
|t:|1783349669
|switch|p2a: Archaludon|Archaludon, L50, M|100/100
|move|p1a: EXESS|Dragon Claw|p2b: Pelipper
|-damage|p2b: Pelipper|22/100 slp
|-enditem|p2b: Pelipper|Sitrus Berry|[eat]
|-heal|p2b: Pelipper|46/100 slp|[from] item: Sitrus Berry
|move|p1b: Frank|Earth Power|p2a: Archaludon
|-supereffective|p2a: Archaludon|1
|-damage|p2a: Archaludon|45/100
|-ability|p2a: Archaludon|Stamina|boost
|-boost|p2a: Archaludon|def|1
|cant|p2b: Pelipper|slp
|
|-weather|RainDance|[upkeep]
|-heal|p2a: Archaludon|52/100|[from] item: Leftovers
|upkeep
|turn|4
|
|t:|1783349693
|detailschange|p1a: EXESS|Charizard-Mega-X, L50, F
|-mega|p1a: EXESS|Charizard|Charizardite X
|move|p1a: EXESS|Dragon Claw|p2b: Pelipper
|-damage|p2b: Pelipper|0 fnt
|faint|p2b: Pelipper
|move|p1b: Frank|Sleep Powder|p2a: Archaludon|[miss]
|-miss|p1b: Frank|p2a: Archaludon
|move|p2a: Archaludon|Electro Shot||[still]
|-prepare|p2a: Archaludon|Electro Shot
|-boost|p2a: Archaludon|spa|1
|-anim|p2a: Archaludon|Electro Shot|p1a: EXESS
|-resisted|p1a: EXESS|1
|-damage|p1a: EXESS|65/100
|
|-weather|RainDance|[upkeep]
|-heal|p2a: Archaludon|58/100|[from] item: Leftovers
|-sideend|p1: exessvgc|move: Tailwind
|upkeep
|
|t:|1783349704
|switch|p2b: Basculegion|Basculegion, L50, M|100/100
|turn|5
|
|t:|1783349719
|move|p1a: EXESS|Protect|p1a: EXESS
|-singleturn|p1a: EXESS|Protect
|move|p1b: Frank|Protect|p1b: Frank
|-singleturn|p1b: Frank|Protect
|move|p2b: Basculegion|Last Respects|p1b: Frank
|-activate|p1b: Frank|move: Protect
|move|p2a: Archaludon|Dragon Pulse|p1a: EXESS
|-activate|p1a: EXESS|move: Protect
|
|-weather|none
|-heal|p2a: Archaludon|64/100|[from] item: Leftovers
|upkeep
|turn|6
|
|t:|1783349733
|move|p1a: EXESS|Dragon Claw|p2b: Basculegion
|-damage|p2b: Basculegion|4/100
|move|p2b: Basculegion|Last Respects|p1b: Frank
|-damage|p1b: Frank|0 fnt
|faint|p1b: Frank
|move|p2a: Archaludon|Dragon Pulse|p1a: EXESS
|-supereffective|p1a: EXESS|1
|-damage|p1a: EXESS|0 fnt
|faint|p1a: EXESS
|
|-heal|p2a: Archaludon|70/100|[from] item: Leftovers
|upkeep
|-message|exessvgc forfeited.
|
|win|Turin0-3Spritz
|raw|exessvgc's rating: 1331 → 1310(-21 for losing)
|raw|Turin0-3Spritz's rating: 1314 → 1335(+21 for winning)
|l|☆exessvgc
|player|p1|
|l|☆Turin0-3Spritz
|player|p2|
|j|☆exessvgc
|player|p1|exessvgc|170|
