|j|☆bigdamagego
|j|☆Numberskull
|html|bigdamagegoNumberskull    
|uhtml|bestof|Game 1 of a best-of-3
|t:|1783423501
|gametype|doubles
|player|p1|bigdamagego|steven|1000
|player|p2|Numberskull|169|1045
|gen|9
|tier|[Gen 9 Champions] VGC 2026 Reg M-B (Bo3)
|rated|
|rule|Species Clause: Limit one of each Pokémon
|rule|Item Clause: Limit 1 of each item
|clearpoke
|poke|p1|Floette-Eternal, L50, F|
|poke|p1|Delphox, L50, M|
|poke|p1|Kingambit, L50, M|
|poke|p1|Sneasler, L50, M|
|poke|p1|Sinistcha, L50|
|poke|p1|Incineroar, L50, M|
|poke|p2|Sceptile, L50, M|
|poke|p2|Rotom-Heat, L50|
|poke|p2|Basculegion, L50, M|
|poke|p2|Aerodactyl, L50, M|
|poke|p2|Garchomp, L50, M|
|poke|p2|Floette-Eternal, L50, F|
|teampreview|4
|showteam|p1|Floette-Eternal||Floettite|FlowerVeil|Protect,CalmMind,DazzlingGleam,DrainingKiss|Modest||F|||50|]Delphox||Delphoxite|Blaze|HeatWave,Psychic,NastyPlot,Protect|Timid||M|||50|]Kingambit||BlackGlasses|Defiant|SuckerPunch,KowtowCleave,SwordsDance,Protect|Adamant||M|||50|]Sneasler||FocusSash|PoisonTouch|FakeOut,PoisonJab,CloseCombat,QuickGuard|Jolly||M|||50|]Sinistcha||CobaBerry|Hospitality|MatchaGotcha,RagePowder,LifeDew,TrickRoom|Calm|||||50|]Incineroar||SitrusBerry|Intimidate|FakeOut,FlareBlitz,ThroatChop,PartingShot|Bold||M|||50|
|showteam|p2|Sceptile||Sceptilite|Overgrow|GrassKnot,DragonPulse,EarthPower,Detect|Timid||M|||50|]Rotom-Heat||ChoiceScarf|Levitate|Thunderbolt,Overheat,VoltSwitch,Discharge|Timid|||||50|]Basculegion||SitrusBerry|Adaptability|WaveCrash,LastRespects,AquaJet,Protect|Adamant||M|||50|]Aerodactyl||FocusSash|Unnerve|RockSlide,DualWingbeat,Tailwind,WideGuard|Jolly||M|||50|]Garchomp||LifeOrb|RoughSkin|DragonClaw,Earthquake,RockSlide,Protect|Jolly||M|||50|]Floette-Eternal||Floettite|FlowerVeil|Moonblast,DazzlingGleam,LightofRuin,Protect|Timid||F|||50|
|inactive|Battle timer is ON: inactive players will automatically lose when time's up. (requested by Numberskull)
|inactive|bigdamagego has 60 seconds left.
|inactive|bigdamagego has 30 seconds left.
|
|t:|1783423564
|teamsize|p1|4
|teamsize|p2|4
|start
|switch|p1a: Incineroar|Incineroar, L50, M|100/100
|switch|p1b: Floette|Floette-Eternal, L50, F|100/100
|switch|p2a: Sceptile|Sceptile, L50, M|100/100
|switch|p2b: Rotom|Rotom-Heat, L50|100/100
|-ability|p1a: Incineroar|Intimidate|boost
|-unboost|p2a: Sceptile|atk|1
|-unboost|p2b: Rotom|atk|1
|turn|1
|inactive|Numberskull has 30 seconds left.
|
|t:|1783423599
|detailschange|p2a: Sceptile|Sceptile-Mega, L50, M
|-mega|p2a: Sceptile|Sceptile|Sceptilite
|detailschange|p1b: Floette|Floette-Mega, L50, F
|-mega|p1b: Floette|Floette|Floettite
|-ability|p1b: Floette|Fairy Aura
|move|p2a: Sceptile|Detect|p2a: Sceptile
|-singleturn|p2a: Sceptile|Protect
|move|p1a: Incineroar|Fake Out|p2b: Rotom
|-damage|p2b: Rotom|88/100
|cant|p2b: Rotom|flinch
|move|p1b: Floette|Calm Mind|p1b: Floette
|-boost|p1b: Floette|spa|1
|-boost|p1b: Floette|spd|1
|
|upkeep
|turn|2
|
|t:|1783423615
|move|p2b: Rotom|Discharge|p1b: Floette|[spread] p1a,p1b
|-ability|p2a: Sceptile|Lightning Rod|boost
|-boost|p2a: Sceptile|spa|1
|-damage|p1a: Incineroar|75/100
|-damage|p1b: Floette|87/100
|-status|p1a: Incineroar|par
|move|p2a: Sceptile|Earth Power|p1a: Incineroar
|-supereffective|p1a: Incineroar|1
|-damage|p1a: Incineroar|0 fnt
|faint|p1a: Incineroar
|move|p1b: Floette|Dazzling Gleam|p2b: Rotom|[spread] p2a,p2b
|-supereffective|p2a: Sceptile|1
|-crit|p2a: Sceptile
|-resisted|p2b: Rotom|1
|-damage|p2a: Sceptile|0 fnt
|-damage|p2b: Rotom|45/100
|faint|p2a: Sceptile
|
|upkeep
|inactive|bigdamagego has 30 seconds left.
|inactive|bigdamagego has 20 seconds left.
|
|t:|1783423651
|switch|p2a: Aerodactyl|Aerodactyl, L50, M|100/100
|switch|p1a: Sinistcha|Sinistcha, L50|100/100
|-ability|p2a: Aerodactyl|Unnerve
|-heal|p1b: Floette|100/100|[from] ability: Hospitality|[of] p1a: Sinistcha
|turn|3
|inactive|bigdamagego has 30 seconds left.
|inactive|Numberskull has 30 seconds left.
|inactive|bigdamagego has 20 seconds left.
|
|t:|1783423690
|switch|p2b: Basculegion|Basculegion, L50, M|100/100
|switch|p1a: Sneasler|Sneasler, L50, M|100/100
|move|p2a: Aerodactyl|Tailwind|p2a: Aerodactyl
|-sidestart|p2: Numberskull|move: Tailwind
|move|p1b: Floette|Dazzling Gleam|p2a: Aerodactyl|[spread] p2a,p2b
|-damage|p2a: Aerodactyl|8/100
|-damage|p2b: Basculegion|29/100
|-enditem|p2b: Basculegion|Sitrus Berry|[eat]
|-heal|p2b: Basculegion|54/100|[from] item: Sitrus Berry
|
|upkeep
|turn|4
|inactive|bigdamagego has 30 seconds left.
|inactive|Numberskull has 30 seconds left.
|inactive|bigdamagego has 20 seconds left.
|inactive|Numberskull has 20 seconds left.
|inactive|Numberskull has 15 seconds left.
|
|t:|1783423731
|move|p2a: Aerodactyl|Wide Guard|p2a: Aerodactyl
|-singleturn|p2a: Aerodactyl|Wide Guard
|move|p1a: Sneasler|Fake Out|p2a: Aerodactyl
|-resisted|p2a: Aerodactyl|1
|-damage|p2a: Aerodactyl|0 fnt
|faint|p2a: Aerodactyl
|move|p2b: Basculegion|Last Respects|p1b: Floette
|-damage|p1b: Floette|0 fnt
|faint|p1b: Floette
|
|upkeep
|
|t:|1783423740
|switch|p2a: Rotom|Rotom-Heat, L50|45/100
|switch|p1b: Sinistcha|Sinistcha, L50|100/100
|turn|5
|inactive|bigdamagego has 30 seconds left.
|
|t:|1783423774
|move|p2b: Basculegion|Protect|p2b: Basculegion
|-singleturn|p2b: Basculegion|Protect
|move|p2a: Rotom|Overheat|p1b: Sinistcha
|-supereffective|p1b: Sinistcha|1
|-damage|p1b: Sinistcha|0 fnt
|-unboost|p2a: Rotom|spa|2
|faint|p1b: Sinistcha
|move|p1a: Sneasler|Poison Jab|p2b: Basculegion
|-activate|p2b: Basculegion|move: Protect
|
|upkeep
|turn|6
|
|t:|1783423790
|move|p2a: Rotom|Overheat|p1a: Sneasler
|-damage|p1a: Sneasler|59/100
|-unboost|p2a: Rotom|spa|2
|move|p2b: Basculegion|Last Respects|p1a: Sneasler
|-damage|p1a: Sneasler|0 fnt
|faint|p1a: Sneasler
|
|win|Numberskull
