|j|☆Raiso1302
|j|☆PaquitoelBollito
|html|Raiso1302PaquitoelBollito    
|uhtml|bestof|Game 2 of a best-of-3
|t:|1785022022
|gametype|doubles
|player|p1|Raiso1302|102|1033
|player|p2|PaquitoelBollito|266|1143
|gen|9
|tier|[Gen 9 Champions] VGC 2026 Reg M-B (Bo3)
|rated|
|rule|Species Clause: Limit one of each Pokémon
|rule|Item Clause: Limit 1 of each item
|clearpoke
|poke|p1|Azumarill, L50, M|
|poke|p1|Ceruledge, L50, F|
|poke|p1|Maushold-Four, L50|
|poke|p1|Sinistcha, L50|
|poke|p1|Sableye, L50, M|
|poke|p1|Barbaracle, L50, M|
|poke|p2|Aerodactyl, L50, M|
|poke|p2|Kingambit, L50, M|
|poke|p2|Garchomp, L50, M|
|poke|p2|Farigiraf, L50, F|
|poke|p2|Charizard, L50, F|
|poke|p2|Sylveon, L50, F|
|teampreview|4
|showteam|p1|Azumarill||SitrusBerry|HugePower|PlayRough,AquaJet,BellyDrum,Protect|Adamant||M|||50|]Ceruledge||LifeOrb|FlashFire|BitterBlade,ShadowSneak,BulkUp,PsychUp|Adamant||F|||50|]Maushold-Four||WideLens|Technician|PopulationBomb,TidyUp,FollowMe,Protect|Impish|||||50|]Sinistcha||MiracleSeed|Hospitality|MatchaGotcha,RagePowder,CalmMind,TrickRoom|Bold|||||50|]Sableye||Sablenite|Prankster|SuckerPunch,FakeOut,PsychUp,Encore|Relaxed||M|||50|]Barbaracle||Barbaracite|ToughClaws|ShellSmash,RockSlide,CloseCombat,Protect|Adamant||M|||50|
|showteam|p2|Aerodactyl||Aerodactylite|Unnerve|Tailwind,DualWingbeat,IceFang,RockSlide|Jolly||M|||50|]Kingambit||BlackGlasses|Defiant|SuckerPunch,KowtowCleave,Protect,LowKick|Adamant||M|||50|]Garchomp||LifeOrb|RoughSkin|Protect,DragonClaw,Earthquake,StompingTantrum|Jolly||M|||50|]Farigiraf||SitrusBerry|ArmorTail|PsychicFangs,Thunderbolt,TrickRoom,SunnyDay|Relaxed||F|||50|]Charizard||CharizarditeY|Blaze|Protect,HeatWave,WeatherBall,SolarBeam|Modest||F|||50|]Sylveon||FairyFeather|Pixilate|HyperVoice,Protect,QuickAttack,HyperBeam|Modest||F|||50|
|inactive|Battle timer is ON: inactive players will automatically lose when time's up. (requested by PaquitoelBollito)
|inactive|Raiso1302 also wants the timer to be on.
|
|t:|1785022036
|teamsize|p1|4
|teamsize|p2|4
|start
|switch|p1a: Sableye|Sableye, L50, M|100/100
|switch|p1b: Maushold|Maushold-Four, L50|100/100
|switch|p2a: Farigiraf|Farigiraf, L50, F|100/100
|switch|p2b: Kingambit|Kingambit, L50, M|100/100
|turn|1
|inactive|Raiso1302 has 30 seconds left.
|inactive|PaquitoelBollito has 30 seconds left.
|inactive|Raiso1302 has 20 seconds left.
|inactive|Raiso1302 has 15 seconds left.
|inactive|Raiso1302 has 10 seconds left.
|
|t:|1785022082
|switch|p1a: Ceruledge|Ceruledge, L50, F|100/100
|move|p1b: Maushold|Population Bomb|p2a: Farigiraf
|-damage|p2a: Farigiraf|92/100
|-damage|p2a: Farigiraf|85/100
|-damage|p2a: Farigiraf|78/100
|-damage|p2a: Farigiraf|70/100
|-damage|p2a: Farigiraf|63/100
|-damage|p2a: Farigiraf|56/100
|-damage|p2a: Farigiraf|49/100
|-enditem|p2a: Farigiraf|Sitrus Berry|[eat]
|-heal|p2a: Farigiraf|74/100|[from] item: Sitrus Berry
|-damage|p2a: Farigiraf|67/100
|-damage|p2a: Farigiraf|60/100
|-damage|p2a: Farigiraf|52/100
|-hitcount|p2a: Farigiraf|10
|move|p2b: Kingambit|Kowtow Cleave|p1a: Ceruledge
|-supereffective|p1a: Ceruledge|1
|-damage|p1a: Ceruledge|0 fnt
|faint|p1a: Ceruledge
|move|p2a: Farigiraf|Trick Room|p2a: Farigiraf
|-fieldstart|move: Trick Room|[of] p2a: Farigiraf
|
|upkeep
|
|t:|1785022102
|switch|p1a: Sableye|Sableye, L50, M|100/100
|turn|2
|
|t:|1785022124
|detailschange|p1a: Sableye|Sableye-Mega, L50, M
|-mega|p1a: Sableye|Sableye|Sablenite
|move|p1a: Sableye|Encore|p2a: Farigiraf
|-start|p2a: Farigiraf|Encore
|move|p2b: Kingambit|Low Kick|p1b: Maushold
|-supereffective|p1b: Maushold|1
|-damage|p1b: Maushold|82/100
|move|p1b: Maushold|Tidy Up|p1b: Maushold
|-boost|p1b: Maushold|atk|1
|-boost|p1b: Maushold|spe|1
|move|p2a: Farigiraf|Trick Room|p2a: Farigiraf
|-fieldend|move: Trick Room
|
|upkeep
|turn|3
|
|t:|1785022142
|switch|p2a: Garchomp|Garchomp, L50, M|100/100
|move|p1b: Maushold|Tidy Up|p1b: Maushold
|-boost|p1b: Maushold|atk|1
|-boost|p1b: Maushold|spe|1
|move|p2b: Kingambit|Kowtow Cleave|p1a: Sableye
|-damage|p1a: Sableye|51/100
|move|p1a: Sableye|Psych Up|p1b: Maushold
|-copyboost|p1a: Sableye|p1b: Maushold|[from] move: Psych Up
|
|upkeep
|turn|4
|
|t:|1785022155
|move|p2b: Kingambit|Protect|p2b: Kingambit
|-singleturn|p2b: Kingambit|Protect
|move|p1a: Sableye|Sucker Punch||[still]
|-fail|p1a: Sableye
|move|p1b: Maushold|Population Bomb|p2b: Kingambit
|-activate|p2b: Kingambit|move: Protect
|move|p2a: Garchomp|Earthquake|p1b: Maushold|[spread] p1a,p1b
|-activate|p2b: Kingambit|move: Protect
|-damage|p1a: Sableye|13/100
|-damage|p1b: Maushold|23/100
|-damage|p2a: Garchomp|90/100|[from] item: Life Orb
|
|upkeep
|turn|5
|
|t:|1785022176
|switch|p2b: Farigiraf|Farigiraf, L50, F|52/100
|move|p1a: Sableye|Sucker Punch||[still]
|cant|p2b: Farigiraf|ability: Armor Tail|Sucker Punch|[of] p1a: Sableye
|move|p1b: Maushold|Population Bomb|p2a: Garchomp
|-damage|p2a: Garchomp|72/100
|-damage|p1b: Maushold|11/100|[from] ability: Rough Skin|[of] p2a: Garchomp
|-damage|p2a: Garchomp|54/100
|-damage|p1b: Maushold|0 fnt|[from] ability: Rough Skin|[of] p2a: Garchomp
|faint|p1b: Maushold
|-hitcount|p2a: Garchomp|2
|move|p2a: Garchomp|Stomping Tantrum|p1a: Sableye
|-damage|p1a: Sableye|0 fnt
|faint|p1a: Sableye
|-damage|p2a: Garchomp|44/100|[from] item: Life Orb
|
|upkeep
|
|t:|1785022187
|switch|p1b: Sinistcha|Sinistcha, L50|100/100
|turn|6
|
|t:|1785022201
|move|p2a: Garchomp|Dragon Claw|p1b: Sinistcha
|-damage|p1b: Sinistcha|56/100
|-damage|p2a: Garchomp|35/100|[from] item: Life Orb
|move|p1b: Sinistcha|Matcha Gotcha|p2a: Garchomp|[spread] p2a,p2b
|-damage|p2a: Garchomp|6/100
|-heal|p1b: Sinistcha|71/100|[from] drain|[of] p2a: Garchomp
|-damage|p2b: Farigiraf|24/100
|-heal|p1b: Sinistcha|88/100|[from] drain|[of] p2b: Farigiraf
|move|p2b: Farigiraf|Psychic Fangs|p1b: Sinistcha
|-damage|p1b: Sinistcha|65/100
|
|upkeep
|turn|7
|
|t:|1785022220
|move|p2a: Garchomp|Dragon Claw|p1b: Sinistcha
|-damage|p1b: Sinistcha|16/100
|-damage|p2a: Garchomp|0 fnt|[from] item: Life Orb
|faint|p2a: Garchomp
|move|p1b: Sinistcha|Matcha Gotcha|p2b: Farigiraf
|-damage|p2b: Farigiraf|0 fnt
|-heal|p1b: Sinistcha|32/100|[from] drain|[of] p2b: Farigiraf
|faint|p2b: Farigiraf
|
|upkeep
|
|t:|1785022228
|switch|p2a: Sylveon|Sylveon, L50, F|100/100
|switch|p2b: Kingambit|Kingambit, L50, M|100/100
|turn|8
|
|t:|1785022236
|move|p2b: Kingambit|Sucker Punch|p1b: Sinistcha
|-supereffective|p1b: Sinistcha|1
|-damage|p1b: Sinistcha|0 fnt
|faint|p1b: Sinistcha
|
|win|PaquitoelBollito
|raw|Raiso1302's rating: 1033 → 1023(-10 for losing)
|raw|PaquitoelBollito's rating: 1143 → 1160(+17 for winning)
