|j|â˜†Gancelot
|j|â˜†WochienuineProphet
|html|GancelotWochienuineProphet    
|uhtml|bestof|Game 2 of a best-of-3
|t:|1783384820
|gametype|doubles
|player|p1|Gancelot|morty|1135
|player|p2|WochienuineProphet|170|1194
|gen|9
|tier|[Gen 9 Champions] VGC 2026 Reg M-B (Bo3)
|rated|
|rule|Species Clause: Limit one of each PokÃ©mon
|rule|Item Clause: Limit 1 of each item
|clearpoke
|poke|p1|Staraptor, L50, F, shiny|
|poke|p1|Incineroar, L50, M, shiny|
|poke|p1|Sinistcha, L50, shiny|
|poke|p1|Maushold, L50, shiny|
|poke|p1|Delphox, L50, F, shiny|
|poke|p1|Toxapex, L50, M, shiny|
|poke|p2|Delphox, L50, F, shiny|
|poke|p2|Incineroar, L50, F|
|poke|p2|Sinistcha-Masterpiece, L50|
|poke|p2|Sneasler, L50, M|
|poke|p2|Kingambit, L50, F|
|poke|p2|Blastoise, L50, M|
|teampreview|4
|showteam|p1|Staraptor||Staraptite|Intimidate|CloseCombat,BraveBird,Roost,Protect|Jolly||F|||50|]Incineroar||SitrusBerry|Intimidate|FlareBlitz,DarkestLariat,FakeOut,PartingShot|Impish||M|||50|]Sinistcha||KasibBerry|Hospitality|MatchaGotcha,LifeDew,RagePowder,Protect|Bold|||||50|]Maushold||FocusSash|FriendGuard|Feint,FollowMe,Charm,Protect|Jolly|||||50|]Delphox||Delphoxite|Blaze|HeatWave,Psyshock,NastyPlot,Protect|Timid||F|||50|]Toxapex||Leftovers|Regenerator|Toxic,Infestation,WideGuard,BanefulBunker|Bold||M|||50|
|showteam|p2|Delphox||Delphoxite|Blaze|HeatWave,Psyshock,NastyPlot,Protect|Timid||F|||50|]Incineroar||SitrusBerry|Intimidate|FlareBlitz,ThroatChop,PartingShot,FakeOut|Careful||F|||50|]Sinistcha-Masterpiece||OccaBerry|Hospitality|MatchaGotcha,RagePowder,TrickRoom,Protect|Bold|||||50|]Sneasler||FocusSash|PoisonTouch|CloseCombat,PoisonJab,FakeOut,QuickGuard|Jolly||M|||50|]Kingambit||BlackGlasses|Defiant|KowtowCleave,SuckerPunch,SwordsDance,Protect|Adamant||F|||50|]Blastoise||Blastoisinite|Torrent|WaterSpout,DarkPulse,ShellSmash,Protect|Modest||M|||50|
|inactive|Battle timer is ON: inactive players will automatically lose when time's up. (requested by Gancelot)
|
|t:|1783384845
|teamsize|p1|4
|teamsize|p2|4
|start
|switch|p1a: Staraptor|Staraptor, L50, F, shiny|100/100
|switch|p1b: Toxapex|Toxapex, L50, M, shiny|100/100
|switch|p2a: Sneasler|Sneasler, L50, M|100/100
|switch|p2b: Kingambit|Kingambit, L50, F|100/100
|-ability|p1a: Staraptor|Intimidate|boost
|-unboost|p2a: Sneasler|atk|1
|-unboost|p2b: Kingambit|atk|1
|-ability|p2b: Kingambit|Defiant|boost
|-boost|p2b: Kingambit|atk|2
|turn|1
|
|t:|1783384858
|detailschange|p1a: Staraptor|Staraptor-Mega, L50, F, shiny
|-mega|p1a: Staraptor|Staraptor|Staraptite
|move|p2a: Sneasler|Fake Out|p1a: Staraptor
|-damage|p1a: Staraptor|90/100
|cant|p1a: Staraptor|flinch
|move|p2b: Kingambit|Swords Dance|p2b: Kingambit
|-boost|p2b: Kingambit|atk|2
|move|p1b: Toxapex|Infestation|p2b: Kingambit
|-damage|p2b: Kingambit|96/100
|-activate|p2b: Kingambit|move: Infestation|[of] p1b: Toxapex
|
|-damage|p2b: Kingambit|84/100|[from] move: Infestation|[partiallytrapped]
|upkeep
|turn|2
|
|t:|1783384876
|switch|p2a: Sinistcha|Sinistcha-Masterpiece, L50|100/100
|-heal|p2b: Kingambit|100/100|[from] ability: Hospitality|[of] p2a: Sinistcha
|move|p1a: Staraptor|Protect|p1a: Staraptor
|-singleturn|p1a: Staraptor|Protect
|move|p2b: Kingambit|Protect|p2b: Kingambit
|-singleturn|p2b: Kingambit|Protect
|move|p1b: Toxapex|Infestation|p2a: Sinistcha
|-damage|p2a: Sinistcha|96/100
|-activate|p2a: Sinistcha|move: Infestation|[of] p1b: Toxapex
|
|-damage|p2a: Sinistcha|84/100|[from] move: Infestation|[partiallytrapped]
|-damage|p2b: Kingambit|87/100|[from] move: Infestation|[partiallytrapped]
|upkeep
|turn|3
|inactive|Gancelot has 30 seconds left.
|
|t:|1783384905
|move|p2a: Sinistcha|Rage Powder|p2a: Sinistcha
|-singleturn|p2a: Sinistcha|move: Rage Powder
|move|p1a: Staraptor|Roost|p1a: Staraptor
|-heal|p1a: Staraptor|100/100
|-singleturn|p1a: Staraptor|move: Roost
|move|p2b: Kingambit|Kowtow Cleave|p1a: Staraptor
|-resisted|p1a: Staraptor|1
|-damage|p1a: Staraptor|34/100
|move|p1b: Toxapex|Toxic|p2a: Sinistcha
|-status|p2a: Sinistcha|tox
|
|-damage|p2a: Sinistcha|78/100 tox|[from] psn
|-damage|p2a: Sinistcha|65/100 tox|[from] move: Infestation|[partiallytrapped]
|-damage|p2b: Kingambit|75/100|[from] move: Infestation|[partiallytrapped]
|upkeep
|turn|4
|
|t:|1783384923
|move|p1a: Staraptor|Protect|p1a: Staraptor
|-singleturn|p1a: Staraptor|Protect
|move|p1b: Toxapex|Baneful Bunker|p1b: Toxapex
|-singleturn|p1b: Toxapex|move: Protect
|move|p2a: Sinistcha|Rage Powder|p2a: Sinistcha
|-singleturn|p2a: Sinistcha|move: Rage Powder
|move|p2b: Kingambit|Kowtow Cleave|p1a: Staraptor
|-activate|p1a: Staraptor|move: Protect
|
|-damage|p2a: Sinistcha|53/100 tox|[from] psn
|-damage|p2a: Sinistcha|41/100 tox|[from] move: Infestation|[partiallytrapped]
|-damage|p2b: Kingambit|63/100|[from] move: Infestation|[partiallytrapped]
|upkeep
|turn|5
|
|t:|1783384947
|move|p2a: Sinistcha|Rage Powder|p2a: Sinistcha
|-singleturn|p2a: Sinistcha|move: Rage Powder
|move|p1a: Staraptor|Roost|p1a: Staraptor
|-heal|p1a: Staraptor|84/100
|-singleturn|p1a: Staraptor|move: Roost
|move|p2b: Kingambit|Swords Dance|p2b: Kingambit
|-boost|p2b: Kingambit|atk|2
|move|p1b: Toxapex|Infestation|p2a: Sinistcha
|-damage|p2a: Sinistcha|37/100 tox
|
|-damage|p2a: Sinistcha|19/100 tox|[from] psn
|-damage|p2a: Sinistcha|6/100 tox|[from] move: Infestation|[partiallytrapped]
|-damage|p2b: Kingambit|51/100|[from] move: Infestation|[partiallytrapped]
|upkeep
|turn|6
|
|t:|1783384961
|switch|p1b: Sinistcha|Sinistcha, L50, shiny|100/100
|-heal|p1a: Staraptor|100/100|[from] ability: Hospitality|[of] p1b: Sinistcha
|move|p1a: Staraptor|Protect|p1a: Staraptor
|-singleturn|p1a: Staraptor|Protect
|move|p2a: Sinistcha|Rage Powder|p2a: Sinistcha
|-singleturn|p2a: Sinistcha|move: Rage Powder
|move|p2b: Kingambit|Kowtow Cleave|p1a: Staraptor
|-activate|p1a: Staraptor|move: Protect
|
|-damage|p2a: Sinistcha|0 fnt|[from] psn
|faint|p2a: Sinistcha
|-end|p2b: Kingambit|Infestation|[partiallytrapped]
|upkeep
|
|t:|1783384967
|switch|p2a: Sneasler|Sneasler, L50, M|100/100
|turn|7
|
|t:|1783384992
|move|p2a: Sneasler|Fake Out|p1a: Staraptor
|-crit|p1a: Staraptor
|-damage|p1a: Staraptor|81/100
|-status|p1a: Staraptor|psn|[from] ability: Poison Touch|[of] p2a: Sneasler
|move|p1b: Sinistcha|Rage Powder|p1b: Sinistcha
|-singleturn|p1b: Sinistcha|move: Rage Powder
|cant|p1a: Staraptor|flinch
|move|p2b: Kingambit|Kowtow Cleave|p1b: Sinistcha
|-supereffective|p1b: Sinistcha|1
|-damage|p1b: Sinistcha|0 fnt
|faint|p1b: Sinistcha
|
|-damage|p1a: Staraptor|69/100 psn|[from] psn
|upkeep
|
|t:|1783384996
|switch|p1b: Maushold|Maushold, L50, shiny|100/100
|turn|8
|
|t:|1783385010
|move|p1b: Maushold|Feint|p2b: Kingambit
|-resisted|p2b: Kingambit|1
|-damage|p2b: Kingambit|48/100
|move|p2b: Kingambit|Sucker Punch|p1a: Staraptor
|-resisted|p1a: Staraptor|1
|-damage|p1a: Staraptor|10/100 psn
|move|p2a: Sneasler|Poison Jab|p1a: Staraptor
|-damage|p1a: Staraptor|0 fnt
|faint|p1a: Staraptor
|
|upkeep
|-message|Gancelot forfeited.
|
|win|WochienuineProphet
