|j|☆Yenabi
|j|☆stanhoff
|html|Yenabistanhoff    
|uhtml|bestof|Game 1 of a best-of-3
|t:|1756557015
|gametype|doubles
|player|p1|Yenabi|169|1124
|player|p2|stanhoff|falkner|1086
|gen|9
|tier|[Gen 9] VGC 2025 Reg H (Bo3)
|rated|
|rule|Species Clause: Limit one of each Pokémon
|rule|Item Clause: Limit 1 of each item
|clearpoke
|poke|p1|Archaludon, L50, F|
|poke|p1|Dragonite, L50, M|
|poke|p1|Pelipper, L50, F|
|poke|p1|Ursaluna, L50, F|
|poke|p1|Sinistcha, L50|
|poke|p1|Gholdengo, L50|
|poke|p2|Inteleon, L50, F|
|poke|p2|Salazzle, L50, F|
|poke|p2|Meowscarada, L50, F|
|poke|p2|Annihilape, L50, F|
|poke|p2|Murkrow, L50, F|
|poke|p2|Indeedee, L50, M|
|teampreview|4
|showteam|p1|Archaludon||AssaultVest|Stamina|FlashCannon,BodyPress,ElectroShot,Snarl|||F|||50|,,,,,Fighting]Dragonite||LoadedDice|Multiscale|ScaleShot,Tailwind,Haze,Protect|||M|||50|,,,,,Fairy]Pelipper||FocusSash|Drizzle|MuddyWater,Hurricane,Tailwind,Protect|||F|||50|,,,,,Ghost]Ursaluna||FlameOrb|Guts|Facade,HeadlongRush,Earthquake,Protect|||F|||50|,,,,,Ghost]Sinistcha||SitrusBerry|Hospitality|MatchaGotcha,LifeDew,RagePowder,TrickRoom||||||50|,,,,,Dark]Gholdengo||ChoiceScarf|GoodasGold|MakeItRain,ShadowBall,PowerGem,Trick||||||50|,,,,,Flying
|showteam|p2|Inteleon||ScopeLens|Sniper|SnipeShot,AirCutter,VacuumWave,Protect|||F|||50|,,,,,Stellar]Salazzle||FocusSash|Oblivious|FakeOut,DragonCheer,FakeTears,HeatWave|||F|||50|,,,,,Ghost]Meowscarada||CovertCloak|Protean|FlowerTrick,TripleAxel,SkillSwap,Protect|||F|||50|,,,,,Poison]Annihilape||ChoiceScarf|VitalSpirit|ShadowClaw,FinalGambit,CloseCombat,Uturn|||F|||50|,,,,,Ghost]Murkrow||Eviolite|Prankster|Tailwind,RainDance,FoulPlay,Haze|||F|||50|,,,,,Ghost]Indeedee||IronBall|PsychicSurge|AfterYou,HelpingHand,ExpandingForce,TrickRoom|||M|||50|,,,,,Fairy
|inactive|Battle timer is ON: inactive players will automatically lose when time's up. (requested by stanhoff)
|inactive|Yenabi has 60 seconds left.
|inactive|Yenabi has 30 seconds left.
|
|t:|1756557084
|teamsize|p1|4
|teamsize|p2|4
|start
|switch|p1a: Dragonite|Dragonite, L50, M|100/100
|switch|p1b: Archaludon|Archaludon, L50, F|100/100
|switch|p2a: Annihilape|Annihilape, L50, F|100/100
|switch|p2b: Murkrow|Murkrow, L50, F|100/100
|turn|1
|inactive|Yenabi has 30 seconds left.
|inactive|Yenabi has 20 seconds left.
|
|t:|1756557124
|switch|p1b: Pelipper|Pelipper, L50, F|100/100
|-weather|RainDance|[from] ability: Drizzle|[of] p1b: Pelipper
|move|p2b: Murkrow|Tailwind|p2b: Murkrow
|-sidestart|p2: stanhoff|move: Tailwind
|move|p2a: Annihilape|Final Gambit|p1b: Pelipper
|-enditem|p1b: Pelipper|Focus Sash
|-damage|p1b: Pelipper|1/100
|faint|p2a: Annihilape
|move|p1a: Dragonite|Scale Shot|p2b: Murkrow
|-damage|p2b: Murkrow|88/100
|-damage|p2b: Murkrow|75/100
|-damage|p2b: Murkrow|62/100
|-damage|p2b: Murkrow|50/100
|-hitcount|p2b: Murkrow|4
|-unboost|p1a: Dragonite|def|1
|-boost|p1a: Dragonite|spe|1
|
|-weather|RainDance|[upkeep]
|upkeep
|
|t:|1756557147
|switch|p2a: Inteleon|Inteleon, L50, F|100/100
|turn|2
|
|t:|1756557159
|-terastallize|p2a: Inteleon|Stellar
|move|p2a: Inteleon|Air Cutter|p1b: Pelipper|[spread] p1a,p1b
|-crit|p1a: Dragonite
|-damage|p1a: Dragonite|78/100
|-damage|p1b: Pelipper|0 fnt
|faint|p1b: Pelipper
|move|p2b: Murkrow|Foul Play|p1a: Dragonite
|-damage|p1a: Dragonite|0 fnt
|faint|p1a: Dragonite
|
|-weather|RainDance|[upkeep]
|upkeep
|
|t:|1756557168
|switch|p1a: Sinistcha|Sinistcha, L50|100/100
|switch|p1b: Archaludon|Archaludon, L50, F|100/100
|turn|3
|
|t:|1756557189
|switch|p2b: Salazzle|Salazzle, L50, F|100/100
|-terastallize|p1a: Sinistcha|Dark
|move|p2a: Inteleon|Protect|p2a: Inteleon
|-singleturn|p2a: Inteleon|Protect
|move|p1b: Archaludon|Electro Shot||[still]
|-prepare|p1b: Archaludon|Electro Shot
|-boost|p1b: Archaludon|spa|1
|-anim|p1b: Archaludon|Electro Shot|p2a: Inteleon
|-activate|p2a: Inteleon|move: Protect
|move|p1a: Sinistcha|Matcha Gotcha|p2a: Inteleon|[spread] p2b
|-activate|p2a: Inteleon|move: Protect
|-resisted|p2b: Salazzle
|-damage|p2b: Salazzle|88/100
|
|-weather|RainDance|[upkeep]
|upkeep
|turn|4
|inactive|Yenabi has 30 seconds left.
|inactive|stanhoff has 30 seconds left.
|
|t:|1756557222
|move|p1a: Sinistcha|Rage Powder|p1a: Sinistcha
|-singleturn|p1a: Sinistcha|move: Rage Powder
|move|p2b: Salazzle|Fake Tears|p1a: Sinistcha
|-unboost|p1a: Sinistcha|spd|2
|move|p2a: Inteleon|Snipe Shot|p1b: Archaludon
|-resisted|p1b: Archaludon
|-crit|p1b: Archaludon
|-damage|p1b: Archaludon|30/100
|-ability|p1b: Archaludon|Stamina|boost
|-boost|p1b: Archaludon|def|1
|move|p1b: Archaludon|Electro Shot||[still]
|-prepare|p1b: Archaludon|Electro Shot
|-boost|p1b: Archaludon|spa|1
|-anim|p1b: Archaludon|Electro Shot|p2a: Inteleon
|-supereffective|p2a: Inteleon
|-damage|p2a: Inteleon|0 fnt
|faint|p2a: Inteleon
|
|-weather|RainDance|[upkeep]
|-sideend|p2: stanhoff|move: Tailwind
|upkeep
|
|t:|1756557232
|switch|p2a: Murkrow|Murkrow, L50, F|50/100
|turn|5
|
|t:|1756557256
|move|p2a: Murkrow|Haze|p2a: Murkrow
|-clearallboost
|move|p2b: Salazzle|Heat Wave|p1b: Archaludon|[spread] p1a,p1b
|-damage|p1a: Sinistcha|86/100
|-damage|p1b: Archaludon|19/100
|-ability|p1b: Archaludon|Stamina|boost
|-boost|p1b: Archaludon|def|1
|move|p1b: Archaludon|Electro Shot||[still]
|-prepare|p1b: Archaludon|Electro Shot
|-boost|p1b: Archaludon|spa|1
|-anim|p1b: Archaludon|Electro Shot|p2b: Salazzle
|-damage|p2b: Salazzle|0 fnt
|faint|p2b: Salazzle
|move|p1a: Sinistcha|Matcha Gotcha|p2a: Murkrow
|-resisted|p2a: Murkrow
|-damage|p2a: Murkrow|29/100
|-heal|p1a: Sinistcha|96/100|[from] drain|[of] p2a: Murkrow
|
|-weather|none
|upkeep
|turn|6
|
|t:|1756557279
|move|p1a: Sinistcha|Rage Powder|p1a: Sinistcha
|-singleturn|p1a: Sinistcha|move: Rage Powder
|move|p2a: Murkrow|Foul Play|p1a: Sinistcha
|-resisted|p1a: Sinistcha
|-damage|p1a: Sinistcha|89/100
|move|p1b: Archaludon|Flash Cannon|p2a: Murkrow
|-damage|p2a: Murkrow|0 fnt
|faint|p2a: Murkrow
|
|win|Yenabi
