|j|☆vglabmty
|j|☆AzotaVenecos
|html|vglabmtyAzotaVenecos    
|uhtml|bestof|Game 2 of a best-of-3
|t:|1784925436
|gametype|doubles
|player|p1|vglabmty|266|
|player|p2|AzotaVenecos|2|
|gen|9
|tier|[Gen 9 Champions] VGC 2026 Reg M-B (Bo3)
|rule|Species Clause: Limit one of each Pokémon
|rule|Item Clause: Limit 1 of each item
|clearpoke
|poke|p1|Excadrill, L50, F|
|poke|p1|Farigiraf, L50, F|
|poke|p1|Tyranitar, L50, M|
|poke|p1|Froslass, L50, F|
|poke|p1|Sneasler, L50, M|
|poke|p1|Kingambit, L50, M|
|poke|p2|Charizard, L50, F|
|poke|p2|Grimmsnarl, L50, M|
|poke|p2|Pelipper, L50, F|
|poke|p2|Archaludon, L50, M|
|poke|p2|Basculegion, L50, M|
|poke|p2|Venusaur, L50, M|
|teampreview|4
|showteam|p1|Excadrill||FocusSash|SandRush|HighHorsepower,Protect,IronHead,PoisonJab|Adamant||F|||50|]Farigiraf||SitrusBerry|ArmorTail|HelpingHand,Thunderbolt,TwinBeam,TrickRoom|Relaxed||F|||50|]Tyranitar||Tyranitarite|SandStream|DragonDance,KnockOff,RockSlide,Protect|Adamant||M|||50|]Froslass||Froslassite|CursedBody|AuroraVeil,Protect,Blizzard,ShadowBall|Timid||F|||50|]Sneasler||WhiteHerb|Unburden|FakeOut,DireClaw,CloseCombat,NightSlash|Adamant||M|||50|]Kingambit||BlackGlasses|Defiant|Protect,SwordsDance,SuckerPunch,KowtowCleave|Adamant||M|||50|
|showteam|p2|Charizard||CharizarditeY|Blaze|Protect,HeatWave,WeatherBall,SolarBeam|Modest||F|||50|]Grimmsnarl||LightClay|Prankster|SpiritBreak,Reflect,LightScreen,PartingShot|Sassy||M|||50|]Pelipper||SitrusBerry|Drizzle|Hurricane,WeatherBall,Tailwind,WideGuard|Modest||F|||50|]Archaludon||Leftovers|Stamina|Protect,ElectroShot,DragonPulse,FlashCannon|Calm||M|||50|]Basculegion||ChoiceScarf|Adaptability|FlipTurn,WaveCrash,AquaJet,LastRespects|Jolly||M|||50|]Venusaur||FocusSash|Chlorophyll|Protect,SleepPowder,SludgeBomb,EarthPower|Modest||M|||50|
|
|t:|1784925476
|teamsize|p1|4
|teamsize|p2|4
|start
|switch|p1a: Kingambit|Kingambit, L50, M|100/100
|switch|p1b: Farigiraf|Farigiraf, L50, F|100/100
|switch|p2a: Charizard|Charizard, L50, F|100/100
|switch|p2b: Grimmsnarl|Grimmsnarl, L50, M|100/100
|turn|1
|
|t:|1784925504
|switch|p1a: Tyranitar|Tyranitar, L50, M|100/100
|-weather|Sandstorm|[from] ability: Sand Stream|[of] p1a: Tyranitar
|move|p2b: Grimmsnarl|Light Screen|p2b: Grimmsnarl
|-sidestart|p2: AzotaVenecos|move: Light Screen
|move|p2a: Charizard|Heat Wave|p1b: Farigiraf|[spread] p1a,p1b
|-resisted|p1a: Tyranitar|1
|-damage|p1a: Tyranitar|89/100
|-damage|p1b: Farigiraf|70/100
|move|p1b: Farigiraf|Thunderbolt|p2a: Charizard
|-supereffective|p2a: Charizard|1
|-damage|p2a: Charizard|63/100
|
|-weather|Sandstorm|[upkeep]
|-damage|p2a: Charizard|57/100|[from] Sandstorm
|-damage|p1b: Farigiraf|64/100|[from] Sandstorm
|-damage|p2b: Grimmsnarl|94/100|[from] Sandstorm
|upkeep
|turn|2
|
|t:|1784925533
|detailschange|p1a: Tyranitar|Tyranitar-Mega, L50, M
|-mega|p1a: Tyranitar|Tyranitar|Tyranitarite
|move|p2a: Charizard|Protect|p2a: Charizard
|-singleturn|p2a: Charizard|Protect
|move|p1a: Tyranitar|Dragon Dance|p1a: Tyranitar
|-boost|p1a: Tyranitar|atk|1
|-boost|p1a: Tyranitar|spe|1
|move|p2b: Grimmsnarl|Spirit Break|p1a: Tyranitar
|-supereffective|p1a: Tyranitar|1
|-damage|p1a: Tyranitar|45/100
|-unboost|p1a: Tyranitar|spa|1
|move|p1b: Farigiraf|Thunderbolt|p2a: Charizard
|-activate|p2a: Charizard|move: Protect
|
|-weather|Sandstorm|[upkeep]
|-damage|p2a: Charizard|51/100|[from] Sandstorm
|-damage|p2b: Grimmsnarl|88/100|[from] Sandstorm
|-damage|p1b: Farigiraf|58/100|[from] Sandstorm
|upkeep
|turn|3
|
|t:|1784925557
|switch|p2a: Archaludon|Archaludon, L50, M|100/100
|move|p1b: Farigiraf|Helping Hand|p1a: Tyranitar
|-singleturn|p1a: Tyranitar|Helping Hand|[of] p1b: Farigiraf
|move|p2b: Grimmsnarl|Reflect|p2b: Grimmsnarl
|-sidestart|p2: AzotaVenecos|Reflect
|move|p1a: Tyranitar|Rock Slide|p2b: Grimmsnarl|[spread] p2a,p2b
|-resisted|p2a: Archaludon|1
|-damage|p2a: Archaludon|81/100
|-damage|p2b: Grimmsnarl|31/100
|-ability|p2a: Archaludon|Stamina|boost
|-boost|p2a: Archaludon|def|1
|
|-weather|Sandstorm|[upkeep]
|-damage|p1b: Farigiraf|51/100|[from] Sandstorm
|-damage|p2b: Grimmsnarl|25/100|[from] Sandstorm
|-heal|p2a: Archaludon|87/100|[from] item: Leftovers
|upkeep
|turn|4
|
|t:|1784925592
|switch|p1a: Excadrill|Excadrill, L50, F|100/100
|move|p2a: Archaludon|Dragon Pulse|p1b: Farigiraf
|-damage|p1b: Farigiraf|13/100
|-enditem|p1b: Farigiraf|Sitrus Berry|[eat]
|-heal|p1b: Farigiraf|38/100|[from] item: Sitrus Berry
|move|p1b: Farigiraf|Thunderbolt|p2b: Grimmsnarl
|-damage|p2b: Grimmsnarl|13/100
|move|p2b: Grimmsnarl|Spirit Break|p1b: Farigiraf
|-damage|p1b: Farigiraf|15/100
|-unboost|p1b: Farigiraf|spa|1
|
|-weather|Sandstorm|[upkeep]
|-damage|p2b: Grimmsnarl|7/100|[from] Sandstorm
|-damage|p1b: Farigiraf|9/100|[from] Sandstorm
|-heal|p2a: Archaludon|93/100|[from] item: Leftovers
|upkeep
|turn|5
|
|t:|1784925647
|switch|p2b: Charizard|Charizard, L50, F|51/100
|move|p1a: Excadrill|High Horsepower|p2b: Charizard
|-immune|p2b: Charizard
|move|p2a: Archaludon|Flash Cannon|p1b: Farigiraf
|-damage|p1b: Farigiraf|0 fnt
|faint|p1b: Farigiraf
|
|-weather|none
|-heal|p2a: Archaludon|100/100|[from] item: Leftovers
|upkeep
|
|t:|1784925661
|switch|p1b: Kingambit|Kingambit, L50, M|100/100
|turn|6
|
|t:|1784925692
|move|p2b: Charizard|Protect|p2b: Charizard
|-singleturn|p2b: Charizard|Protect
|move|p1b: Kingambit|Sucker Punch||[still]
|-fail|p1b: Kingambit
|move|p1a: Excadrill|High Horsepower|p2a: Archaludon
|-supereffective|p2a: Archaludon|1
|-damage|p2a: Archaludon|64/100
|-ability|p2a: Archaludon|Stamina|boost
|-boost|p2a: Archaludon|def|1
|move|p2a: Archaludon|Flash Cannon|p1b: Kingambit
|-resisted|p1b: Kingambit|1
|-damage|p1b: Kingambit|84/100
|
|-heal|p2a: Archaludon|70/100|[from] item: Leftovers
|upkeep
|turn|7
|
|t:|1784925728
|switch|p2b: Grimmsnarl|Grimmsnarl, L50, M|7/100
|move|p1b: Kingambit|Sucker Punch||[still]
|-fail|p1b: Kingambit
|move|p1a: Excadrill|High Horsepower|p2a: Archaludon
|-supereffective|p2a: Archaludon|1
|-damage|p2a: Archaludon|45/100
|-ability|p2a: Archaludon|Stamina|boost
|-boost|p2a: Archaludon|def|1
|move|p2a: Archaludon|Flash Cannon|p1a: Excadrill
|-resisted|p1a: Excadrill|1
|-damage|p1a: Excadrill|77/100
|
|-heal|p2a: Archaludon|51/100|[from] item: Leftovers
|upkeep
|turn|8
|
|t:|1784925761
|move|p2b: Grimmsnarl|Parting Shot|p1a: Excadrill
|-unboost|p1a: Excadrill|atk|1
|-unboost|p1a: Excadrill|spa|1
|
|t:|1784925765
|switch|p2b: Venusaur|Venusaur, L50, M|100/100|[from] Parting Shot
|move|p1a: Excadrill|High Horsepower|p2a: Archaludon
|-supereffective|p2a: Archaludon|1
|-damage|p2a: Archaludon|36/100
|-ability|p2a: Archaludon|Stamina|boost
|-boost|p2a: Archaludon|def|1
|move|p2a: Archaludon|Dragon Pulse|p1a: Excadrill
|-resisted|p1a: Excadrill|1
|-damage|p1a: Excadrill|54/100
|move|p1b: Kingambit|Kowtow Cleave|p2b: Venusaur
|-damage|p2b: Venusaur|49/100
|
|-heal|p2a: Archaludon|42/100|[from] item: Leftovers
|-sideend|p2: AzotaVenecos|move: Light Screen
|upkeep
|turn|9
|
|t:|1784925796
|move|p1a: Excadrill|Protect|p1a: Excadrill
|-singleturn|p1a: Excadrill|Protect
|move|p2b: Venusaur|Sleep Powder|p1b: Kingambit
|-status|p1b: Kingambit|slp|[from] move: Sleep Powder
|move|p2a: Archaludon|Flash Cannon|p1a: Excadrill
|-activate|p1a: Excadrill|move: Protect
|cant|p1b: Kingambit|slp
|
|-heal|p2a: Archaludon|48/100|[from] item: Leftovers
|upkeep
|turn|10
|
|t:|1784925812
|move|p1a: Excadrill|High Horsepower|p2b: Venusaur
|-damage|p2b: Venusaur|15/100
|move|p2b: Venusaur|Earth Power|p1a: Excadrill
|-supereffective|p1a: Excadrill|1
|-damage|p1a: Excadrill|0 fnt
|faint|p1a: Excadrill
|move|p2a: Archaludon|Flash Cannon|p1b: Kingambit
|-resisted|p1b: Kingambit|1
|-damage|p1b: Kingambit|68/100 slp
|-curestatus|p1b: Kingambit|slp|[msg]
|move|p1b: Kingambit|Swords Dance|p1b: Kingambit
|-boost|p1b: Kingambit|atk|2
|
|-heal|p2a: Archaludon|55/100|[from] item: Leftovers
|-sideend|p2: AzotaVenecos|Reflect
|upkeep
|
|t:|1784925824
|switch|p1a: Tyranitar|Tyranitar-Mega, L50, M|45/100
|-weather|Sandstorm|[from] ability: Sand Stream|[of] p1a: Tyranitar
|turn|11
|
|t:|1784925844
|switch|p2b: Grimmsnarl|Grimmsnarl, L50, M|7/100
|move|p1a: Tyranitar|Knock Off|p2b: Grimmsnarl
|-resisted|p2b: Grimmsnarl|2
|-damage|p2b: Grimmsnarl|0 fnt
|-enditem|p2b: Grimmsnarl|Light Clay|[from] move: Knock Off|[of] p1a: Tyranitar
|faint|p2b: Grimmsnarl
|move|p2a: Archaludon|Flash Cannon|p1a: Tyranitar
|-supereffective|p1a: Tyranitar|1
|-damage|p1a: Tyranitar|5/100
|move|p1b: Kingambit|Kowtow Cleave|p2a: Archaludon
|-damage|p2a: Archaludon|26/100
|-ability|p2a: Archaludon|Stamina|boost
|-boost|p2a: Archaludon|def|1
|
|-weather|Sandstorm|[upkeep]
|-heal|p2a: Archaludon|32/100|[from] item: Leftovers
|upkeep
|
|t:|1784925857
|switch|p2b: Charizard|Charizard, L50, F|51/100
|turn|12
|
|t:|1784925871
|detailschange|p2b: Charizard|Charizard-Mega-Y, L50, F
|-mega|p2b: Charizard|Charizard|Charizardite Y
|-weather|SunnyDay|[from] ability: Drought|[of] p2b: Charizard
|move|p2b: Charizard|Protect|p2b: Charizard
|-singleturn|p2b: Charizard|Protect
|move|p1a: Tyranitar|Protect|p1a: Tyranitar
|-singleturn|p1a: Tyranitar|Protect
|move|p2a: Archaludon|Flash Cannon|p1a: Tyranitar
|-activate|p1a: Tyranitar|move: Protect
|move|p1b: Kingambit|Kowtow Cleave|p2a: Archaludon
|-damage|p2a: Archaludon|8/100
|-ability|p2a: Archaludon|Stamina|boost
|-boost|p2a: Archaludon|def|1
|
|-weather|SunnyDay|[upkeep]
|-heal|p2a: Archaludon|15/100|[from] item: Leftovers
|upkeep
|turn|13
|
|t:|1784925896
|switch|p2b: Venusaur|Venusaur, L50, M|15/100
|move|p1b: Kingambit|Sucker Punch||[still]
|-fail|p1b: Kingambit
|move|p1a: Tyranitar|Rock Slide|p2b: Venusaur|[spread] p2a
|-miss|p1a: Tyranitar|p2b: Venusaur
|-resisted|p2a: Archaludon|1
|-damage|p2a: Archaludon|11/100
|cant|p2a: Archaludon|flinch
|
|-weather|SunnyDay|[upkeep]
|-heal|p2a: Archaludon|18/100|[from] item: Leftovers
|upkeep
|turn|14
|
|t:|1784925921
|move|p1b: Kingambit|Protect|p1b: Kingambit
|-singleturn|p1b: Kingambit|Protect
|move|p2b: Venusaur|Sleep Powder|p1a: Tyranitar
|-status|p1a: Tyranitar|slp|[from] move: Sleep Powder
|cant|p1a: Tyranitar|slp
|move|p2a: Archaludon|Dragon Pulse|p1a: Tyranitar
|-damage|p1a: Tyranitar|0 fnt
|faint|p1a: Tyranitar
|
|-weather|SunnyDay|[upkeep]
|-heal|p2a: Archaludon|24/100|[from] item: Leftovers
|upkeep
|turn|15
|
|t:|1784925946
|move|p2b: Venusaur|Earth Power|p1b: Kingambit
|-supereffective|p1b: Kingambit|1
|-damage|p1b: Kingambit|9/100
|move|p2a: Archaludon|Electro Shot||[still]
|-prepare|p2a: Archaludon|Electro Shot
|-boost|p2a: Archaludon|spa|1
|move|p1b: Kingambit|Kowtow Cleave|p2a: Archaludon
|-damage|p2a: Archaludon|3/100
|
|-weather|SunnyDay|[upkeep]
|-heal|p2a: Archaludon|9/100|[from] item: Leftovers
|upkeep
|turn|16
|
|t:|1784925962
|move|p1b: Kingambit|Sucker Punch|p2a: Archaludon
|-damage|p2a: Archaludon|0 fnt
|faint|p2a: Archaludon
|move|p2b: Venusaur|Earth Power|p1b: Kingambit
|-supereffective|p1b: Kingambit|1
|-damage|p1b: Kingambit|0 fnt
|faint|p1b: Kingambit
|
|win|AzotaVenecos
||vglabmty is ready for game 3.
|inactive|AzotaVenecos has 30 seconds to confirm battle start!
||AzotaVenecos is ready for game 3.
|uhtml|next|Next: Game 3 of 3
|l|☆AzotaVenecos
|player|p2|
