|j|☆predatorssg
|j|☆lysydzik_4
|html|predatorssglysydzik_4    
|uhtml|bestof|Game 2 of a best-of-3
|t:|1785942914
|gametype|doubles
|player|p1|predatorssg|2|1187
|player|p2|lysydzik_4|steven|1112
|gen|9
|tier|[Gen 9 Champions] VGC 2026 Reg M-B (Bo3)
|rated|
|rule|Species Clause: Limit one of each Pokémon
|rule|Item Clause: Limit 1 of each item
|clearpoke
|poke|p1|Archaludon, L50, F|
|poke|p1|Pelipper, L50, F|
|poke|p1|Grimmsnarl, L50, M|
|poke|p1|Swampert, L50, M|
|poke|p1|Talonflame, L50, M|
|poke|p1|Floette-Eternal, L50, F|
|poke|p2|Aggron, L50, M, shiny|
|poke|p2|Sinistcha-Masterpiece, L50, shiny|
|poke|p2|Pelipper, L50, F, shiny|
|poke|p2|Swampert, L50, F, shiny|
|poke|p2|Sylveon, L50, F, shiny|
|poke|p2|Garchomp, L50, F|
|teampreview|4
|showteam|p1|Archaludon||Leftovers|Stamina|ElectroShot,AuraSphere,FlashCannon,Protect|Modest||F|||50|]Pelipper||SitrusBerry|Drizzle|HelpingHand,WeatherBall,Hurricane,WideGuard|Modest||F|||50|]Grimmsnarl||LightClay|Prankster|PartingShot,SpiritBreak,Reflect,LightScreen|Calm||M|||50|]Swampert||Swampertite|Torrent|WaveCrash,Earthquake,IcePunch,Protect|Adamant||M|||50|]Talonflame||SharpBeak|GaleWings|Protect,Tailwind,RainDance,DualWingbeat|Jolly||M|||50|]Floette-Eternal||Floettite|FlowerVeil|DazzlingGleam,Moonblast,LightofRuin,Protect|Modest||F|||50|
|showteam|p2|Aggron||Aggronite|HeavyMetal|BodyPress,HeavySlam,Protect,IronDefense|Sassy||M|||50|]Sinistcha-Masterpiece||ColburBerry|Hospitality|TrickRoom,Protect,MatchaGotcha,ShadowBall|Relaxed|||||50|]Pelipper||FocusSash|Drizzle|Tailwind,WideGuard,WeatherBall,Hurricane|Modest||F|||50|]Swampert||Swampertite|Torrent|Liquidation,Earthquake,Protect,PoisonJab|Adamant||F|||50|]Sylveon||FairyFeather|Pixilate|QuickAttack,HyperVoice,HyperBeam,Protect|Modest||F|||50|]Garchomp||LifeOrb|RoughSkin|Protect,RockSlide,DragonClaw,FireFang|Jolly||F|||50|
|
|t:|1785942927
|teamsize|p1|4
|teamsize|p2|4
|start
|switch|p1a: Talonflame|Talonflame, L50, M|100/100
|switch|p1b: Swampert|Swampert, L50, M|100/100
|switch|p2a: Aggron|Aggron, L50, M, shiny|100/100
|switch|p2b: Sinistcha|Sinistcha-Masterpiece, L50, shiny|100/100
|turn|1
|
|t:|1785942954
|detailschange|p1b: Swampert|Swampert-Mega, L50, M
|-mega|p1b: Swampert|Swampert|Swampertite
|detailschange|p2a: Aggron|Aggron-Mega, L50, M, shiny
|-mega|p2a: Aggron|Aggron|Aggronite
|move|p1a: Talonflame|Dual Wingbeat|p2b: Sinistcha
|-supereffective|p2b: Sinistcha|1
|-damage|p2b: Sinistcha|75/100
|-supereffective|p2b: Sinistcha|1
|-damage|p2b: Sinistcha|48/100
|-hitcount|p2b: Sinistcha|2
|move|p1b: Swampert|Ice Punch|p2b: Sinistcha
|-supereffective|p2b: Sinistcha|1
|-damage|p2b: Sinistcha|3/100
|move|p2a: Aggron|Iron Defense|p2a: Aggron
|-boost|p2a: Aggron|def|2
|move|p2b: Sinistcha|Trick Room|p2b: Sinistcha
|-fieldstart|move: Trick Room|[of] p2b: Sinistcha
|
|upkeep
|turn|2
|
|t:|1785942975
|switch|p2b: Sylveon|Sylveon, L50, F, shiny|100/100
|move|p1a: Talonflame|Dual Wingbeat|p2b: Sylveon
|-damage|p2b: Sylveon|77/100
|-damage|p2b: Sylveon|55/100
|-hitcount|p2b: Sylveon|2
|move|p2a: Aggron|Heavy Slam|p1a: Talonflame
|-resisted|p1a: Talonflame|1
|-damage|p1a: Talonflame|60/100
|move|p1b: Swampert|Earthquake|p2a: Aggron|[spread] p2a,p2b
|-immune|p1a: Talonflame
|-supereffective|p2a: Aggron|1
|-damage|p2a: Aggron|82/100
|-damage|p2b: Sylveon|0 fnt
|faint|p2b: Sylveon
|
|upkeep
|
|t:|1785942987
|switch|p2b: Sinistcha|Sinistcha-Masterpiece, L50, shiny|3/100
|-heal|p2a: Aggron|100/100|[from] ability: Hospitality|[of] p2b: Sinistcha
|turn|3
|
|t:|1785942996
|move|p2a: Aggron|Body Press|p1b: Swampert
|-damage|p1b: Swampert|34/100
|move|p2b: Sinistcha|Matcha Gotcha|p1a: Talonflame|[spread] p1a,p1b
|-resisted|p1a: Talonflame|2
|-supereffective|p1b: Swampert|2
|-crit|p1b: Swampert
|-damage|p1a: Talonflame|50/100g
|-heal|p2b: Sinistcha|7/100|[from] drain|[of] p1a: Talonflame
|-damage|p1b: Swampert|0 fnt
|-heal|p2b: Sinistcha|26/100|[from] drain|[of] p1b: Swampert
|faint|p1b: Swampert
|move|p1a: Talonflame|Dual Wingbeat|p2b: Sinistcha
|-supereffective|p2b: Sinistcha|1
|-damage|p2b: Sinistcha|2/100
|-supereffective|p2b: Sinistcha|1
|-damage|p2b: Sinistcha|0 fnt
|faint|p2b: Sinistcha
|-hitcount|p2: Sinistcha|2
|
|upkeep
|
|t:|1785943010
|switch|p2b: Garchomp|Garchomp, L50, F|100/100
|switch|p1b: Archaludon|Archaludon, L50, F|100/100
|turn|4
|
|t:|1785943033
|move|p1b: Archaludon|Protect|p1b: Archaludon
|-singleturn|p1b: Archaludon|Protect
|move|p1a: Talonflame|Protect|p1a: Talonflame
|-singleturn|p1a: Talonflame|Protect
|move|p2a: Aggron|Body Press|p1b: Archaludon
|-activate|p1b: Archaludon|move: Protect
|move|p2b: Garchomp|Rock Slide|p1a: Talonflame|[spread] 
|-activate|p1a: Talonflame|move: Protect
|-activate|p1b: Archaludon|move: Protect
|
|upkeep
|turn|5
|
|t:|1785943048
|move|p1b: Archaludon|Protect||[still]
|-fail|p1b: Archaludon
|move|p1a: Talonflame|Protect|p1a: Talonflame
|-singleturn|p1a: Talonflame|Protect
|move|p2a: Aggron|Body Press|p1b: Archaludon
|-supereffective|p1b: Archaludon|1
|-damage|p1b: Archaludon|2/100
|-ability|p1b: Archaludon|Stamina|boost
|-boost|p1b: Archaludon|def|1
|move|p2b: Garchomp|Rock Slide|p1b: Archaludon|[spread] p1b
|-activate|p1a: Talonflame|move: Protect
|-resisted|p1b: Archaludon|1
|-damage|p1b: Archaludon|0 fnt
|faint|p1b: Archaludon
|-damage|p2b: Garchomp|90/100|[from] item: Life Orb
|
|-fieldend|move: Trick Room
|upkeep
|
|t:|1785943052
|switch|p1b: Pelipper|Pelipper, L50, F|100/100
|-weather|RainDance|[from] ability: Drizzle|[of] p1b: Pelipper
|turn|6
|
|t:|1785943072
|move|p1a: Talonflame|Tailwind|p1a: Talonflame
|-sidestart|p1: predatorssg|move: Tailwind
|move|p1b: Pelipper|Weather Ball|p2b: Garchomp
|-damage|p2b: Garchomp|24/100
|move|p2b: Garchomp|Rock Slide|p1b: Pelipper|[spread] p1a,p1b
|-supereffective|p1a: Talonflame|2
|-supereffective|p1b: Pelipper|1
|-damage|p1a: Talonflame|0 fnt
|-damage|p1b: Pelipper|42/100
|-enditem|p1b: Pelipper|Sitrus Berry|[eat]
|-heal|p1b: Pelipper|67/100|[from] item: Sitrus Berry
|faint|p1a: Talonflame
|-damage|p2b: Garchomp|15/100|[from] item: Life Orb
|move|p2a: Aggron|Body Press|p1b: Pelipper
|-resisted|p1b: Pelipper|1
|-damage|p1b: Pelipper|29/100
|
|-weather|RainDance|[upkeep]
|upkeep
|turn|7
|
|t:|1785943093
|move|p1b: Pelipper|Weather Ball|p2a: Aggron
|-damage|p2a: Aggron|55/100
|move|p2b: Garchomp|Rock Slide|p1b: Pelipper
|-supereffective|p1b: Pelipper|1
|-damage|p1b: Pelipper|0 fnt
|faint|p1b: Pelipper
|-damage|p2b: Garchomp|5/100|[from] item: Life Orb
|
|win|lysydzik_4
|raw|predatorssg's rating: 1187 → 1157(-30 for losing)
|raw|lysydzik_4's rating: 1112 → 1142(+30 for winning)
|l|☆lysydzik_4
|player|p2|
