|j|☆RouletteRegional
|j|☆Luxerna
|html|RouletteRegionalLuxerna    
|uhtml|bestof|Game 2 of a best-of-3
|t:|1786206792
|gametype|doubles
|player|p1|RouletteRegional|lance|1441
|player|p2|Luxerna|waitress-gen4|1427
|gen|9
|tier|[Gen 9 Champions] VGC 2026 Reg M-B (Bo3)
|rated|
|rule|Species Clause: Limit one of each Pokémon
|rule|Item Clause: Limit 1 of each item
|clearpoke
|poke|p1|Charizard, L50, F|
|poke|p1|Floette-Eternal, L50, F|
|poke|p1|Dragonite, L50, M|
|poke|p1|Sneasler, L50, F|
|poke|p1|Kingambit, L50, M|
|poke|p1|Whimsicott, L50, M|
|poke|p2|Tyranitar, L50, M|
|poke|p2|Staraptor, L50, F|
|poke|p2|Excadrill, L50, M|
|poke|p2|Gholdengo, L50|
|poke|p2|Milotic, L50, F|
|poke|p2|Sinistcha, L50|
|teampreview|4
|showteam|p1|Charizard||CharizarditeY|Blaze|HeatWave,SolarBeam,WeatherBall,Protect|Modest||F|||50|]Floette-Eternal||Floettite|FlowerVeil|Moonblast,DazzlingGleam,LightofRuin,Protect|Modest||F|||50|]Dragonite||LifeOrb|InnerFocus|DragonClaw,ExtremeSpeed,LowKick,Protect|Adamant||M|||50|]Sneasler||WhiteHerb|Unburden|CloseCombat,DireClaw,FakeOut,Coaching|Jolly||F|||50|]Kingambit||BlackGlasses|Defiant|KowtowCleave,SuckerPunch,SwordsDance,Protect|Adamant||M|||50|]Whimsicott||FocusSash|Prankster|Moonblast,Tailwind,Encore,Protect|Timid||M|||50|
|showteam|p2|Tyranitar||Tyranitarite|SandStream|RockSlide,KnockOff,HighHorsepower,Protect|Jolly||M|||50|]Staraptor||Staraptite|Intimidate|BraveBird,CloseCombat,Tailwind,Protect|Jolly||F|||50|]Excadrill||FocusSash|SandRush|HighHorsepower,IronHead,RockSlide,Protect|Adamant||M|||50|]Gholdengo||LifeOrb|GoodasGold|MakeItRain,ShadowBall,NastyPlot,Protect|Modest|||||50|]Milotic||SitrusBerry|Competitive|Protect,IceBeam,Scald,IcyWind|Modest||F|||50|]Sinistcha||ColburBerry|Hospitality|MatchaGotcha,RagePowder,ShadowBall,Protect|Bold|||||50|
|
|t:|1786206838
|teamsize|p1|4
|teamsize|p2|4
|start
|switch|p1a: Dragonite|Dragonite, L50, M|100/100
|switch|p1b: Sneasler|Sneasler, L50, F|100/100
|switch|p2a: MiguelSVC|Staraptor, L50, F|100/100
|switch|p2b: Triple T|Gholdengo, L50|100/100
|-ability|p2a: MiguelSVC|Intimidate|boost
|-fail|p1a: Dragonite|unboost|Attack|[from] ability: Inner Focus|[of] p1a: Dragonite
|-unboost|p1b: Sneasler|atk|1
|-enditem|p1b: Sneasler|White Herb
|-clearnegativeboost|p1b: Sneasler|[silent]
|turn|1
|inactive|Battle timer is ON: inactive players will automatically lose when time's up. (requested by RouletteRegional)
|
|t:|1786206860
|move|p2a: MiguelSVC|Protect|p2a: MiguelSVC
|-singleturn|p2a: MiguelSVC|Protect
|move|p1b: Sneasler|Coaching|p1a: Dragonite
|-boost|p1a: Dragonite|atk|1
|-boost|p1a: Dragonite|def|1
|move|p2b: Triple T|Nasty Plot|p2b: Triple T
|-boost|p2b: Triple T|spa|2
|move|p1a: Dragonite|Dragon Claw|p2a: MiguelSVC
|-activate|p2a: MiguelSVC|move: Protect
|
|upkeep
|turn|2
|inactive|RouletteRegional has 30 seconds left.
|
|t:|1786206886
|move|p1a: Dragonite|Protect|p1a: Dragonite
|-singleturn|p1a: Dragonite|Protect
|move|p1b: Sneasler|Dire Claw|p2a: MiguelSVC
|-damage|p2a: MiguelSVC|59/100
|move|p2a: MiguelSVC|Tailwind|p2a: MiguelSVC
|-sidestart|p2: Luxerna|move: Tailwind
|move|p2b: Triple T|Shadow Ball|p1a: Dragonite
|-activate|p1a: Dragonite|move: Protect
|
|upkeep
|turn|3
|
|t:|1786206895
|switch|p1b: Kingambit|Kingambit, L50, M|100/100
|move|p2a: MiguelSVC|Protect|p2a: MiguelSVC
|-singleturn|p2a: MiguelSVC|Protect
|move|p1a: Dragonite|Extreme Speed|p2a: MiguelSVC
|-activate|p2a: MiguelSVC|move: Protect
|move|p2b: Triple T|Nasty Plot|p2b: Triple T
|-boost|p2b: Triple T|spa|2
|
|upkeep
|turn|4
|
|t:|1786206905
|detailschange|p2a: MiguelSVC|Staraptor-Mega, L50, F
|-mega|p2a: MiguelSVC|Staraptor|Staraptite
|move|p1b: Kingambit|Protect|p1b: Kingambit
|-singleturn|p1b: Kingambit|Protect
|move|p2a: MiguelSVC|Close Combat|p1b: Kingambit
|-activate|p1b: Kingambit|move: Protect
|move|p2b: Triple T|Shadow Ball|p1a: Dragonite
|-damage|p1a: Dragonite|0 fnt
|faint|p1a: Dragonite
|-damage|p2b: Triple T|90/100|[from] item: Life Orb
|
|upkeep
|
|t:|1786206915
|switch|p1a: Floette|Floette-Eternal, L50, F|100/100
|turn|5
|
|t:|1786206919
|detailschange|p1a: Floette|Floette-Mega, L50, F
|-mega|p1a: Floette|Floette|Floettite
|-ability|p1a: Floette|Fairy Aura
|move|p1b: Kingambit|Sucker Punch|p2b: Triple T
|-supereffective|p2b: Triple T|1
|-damage|p2b: Triple T|7/100
|move|p2a: MiguelSVC|Close Combat|p1b: Kingambit
|-supereffective|p1b: Kingambit|2
|-damage|p1b: Kingambit|0 fnt
|-boost|p2a: MiguelSVC|def|1
|-boost|p2a: MiguelSVC|spd|1
|faint|p1b: Kingambit
|move|p2b: Triple T|Make It Rain|p1a: Floette
|-supereffective|p1a: Floette|1
|-damage|p1a: Floette|0 fnt
|-unboost|p2b: Triple T|spa|2
|faint|p1a: Floette
|-damage|p2b: Triple T|0 fnt|[from] item: Life Orb
|faint|p2b: Triple T
|
|-sideend|p2: Luxerna|move: Tailwind
|upkeep
|-message|RouletteRegional forfeited.
|
|win|Luxerna
