|j|☆aliciadoors
|j|☆viva las vgc
|html|aliciadoorsviva las vgc    
|uhtml|bestof|Game 1 of a best-of-3
|t:|1757725677
|gametype|doubles
|player|p1|aliciadoors|jasmine|1211
|player|p2|viva las vgc|170|1208
|gen|9
|tier|[Gen 9] VGC 2025 Reg H (Bo3)
|rated|
|rule|Species Clause: Limit one of each Pokémon
|rule|Item Clause: Limit 1 of each item
|clearpoke
|poke|p1|Tyranitar, L50, F|
|poke|p1|Excadrill, L50, M|
|poke|p1|Corviknight, L50, F|
|poke|p1|Indeedee, L50, M|
|poke|p1|Sneasler, L50, M|
|poke|p1|Archaludon, L50, M|
|poke|p2|Klefki, L50, M|
|poke|p2|Annihilape, L50, F|
|poke|p2|Politoed, L50, F|
|poke|p2|Archaludon, L50, F|
|poke|p2|Sinistcha, L50|
|poke|p2|Overqwil, L50, M|
|teampreview|4
|showteam|p1|Tyranitar||AssaultVest|SandStream|RockSlide,KnockOff,TeraBlast,LowKick|||F|||50|,,,,,Flying]Excadrill||FocusSash|SandRush|Earthquake,HighHorsepower,IronHead,Protect|||M|||50|,,,,,Ground]Corviknight||SitrusBerry|MirrorArmor|BraveBird,Tailwind,BulkUp,Roost|||F|||50|,,,,,Dragon]Indeedee||ChoiceScarf|PsychicSurge|ExpandingForce,TeraBlast,Trick,Protect|||M|||50|,,,,,Psychic]Sneasler||PsychicSeed|Unburden|CloseCombat,DireClaw,ThroatChop,Protect|||M|||50|,,,,,Stellar]Archaludon||PowerHerb|Sturdy|FlashCannon,DracoMeteor,ElectroShot,Protect|||M|||50|,,,,,Stellar
|showteam|p2|Klefki||LightClay|Prankster|DazzlingGleam,LightScreen,Reflect,MistyTerrain|||M|||50|,,,,,Ghost]Annihilape||MistySeed|Defiant|DrainPunch,RageFist,BulkUp,Protect|||F|||50|,,,,,Water]Politoed||ChoiceSpecs|Drizzle|MuddyWater,WeatherBall,EarthPower,IceBeam|||F|||50|,,,,,Grass]Archaludon||AssaultVest|Stamina|ElectroShot,DragonPulse,FlashCannon,BodyPress|||F|||50|,,,,,Bug]Sinistcha||SitrusBerry|Hospitality|MatchaGotcha,LifeDew,RagePowder,TrickRoom||||||50|,,,,,Dark]Overqwil||CovertCloak|SwiftSwim|AcidSpray,ThroatChop,GunkShot,IcyWind|||M|||50|,,,,,Flying
|inactive|Battle timer is ON: inactive players will automatically lose when time's up. (requested by aliciadoors)
|inactive|aliciadoors has 60 seconds left.
|inactive|aliciadoors has 30 seconds left.
|inactive|aliciadoors has 20 seconds left.
|inactive|aliciadoors has 15 seconds left.
|inactive|aliciadoors has 10 seconds left.
|inactive|aliciadoors has 5 seconds left.
|
|t:|1757725764
|teamsize|p1|4
|teamsize|p2|4
|start
|switch|p1a: Excadrill|Excadrill, L50, M|100/100
|switch|p1b: Tyranitar|Tyranitar, L50, F|100/100
|switch|p2a: Gwen|Klefki, L50, M, shiny|100/100
|switch|p2b: Busy Woman|Annihilape, L50, F, shiny|100/100
|-weather|Sandstorm|[from] ability: Sand Stream|[of] p1b: Tyranitar
|turn|1
|inactive|aliciadoors has 30 seconds left.
|
|t:|1757725790
|-terastallize|p2b: Busy Woman|Water
|move|p2a: Gwen|Reflect|p2a: Gwen
|-sidestart|p2: viva las vgc|Reflect
|move|p1a: Excadrill|High Horsepower|p2a: Gwen
|-supereffective|p2a: Gwen
|-damage|p2a: Gwen|24/100
|move|p2b: Busy Woman|Bulk Up|p2b: Busy Woman
|-boost|p2b: Busy Woman|atk|1
|-boost|p2b: Busy Woman|def|1
|move|p1b: Tyranitar|Knock Off|p2a: Gwen
|-resisted|p2a: Gwen
|-damage|p2a: Gwen|5/100
|-enditem|p2a: Gwen|Light Clay|[from] move: Knock Off|[of] p1b: Tyranitar
|
|-weather|Sandstorm|[upkeep]
|-damage|p2b: Busy Woman|94/100|[from] Sandstorm
|upkeep
|turn|2
|inactive|aliciadoors has 30 seconds left.
|inactive|aliciadoors has 20 seconds left.
|inactive|aliciadoors has 15 seconds left.
|inactive|aliciadoors has 10 seconds left.
|
|t:|1757725837
|switch|p2a: Politoed|Politoed, L50, F, shiny|100/100
|-weather|RainDance|[from] ability: Drizzle|[of] p2a: Politoed
|switch|p1b: Corviknight|Corviknight, L50, F|100/100
|move|p2b: Busy Woman|Drain Punch|p1b: Corviknight
|-damage|p1b: Corviknight|63/100
|-heal|p2b: Busy Woman|100/100|[from] drain|[of] p1b: Corviknight
|move|p1a: Excadrill|Iron Head|p2a: Politoed
|-resisted|p2a: Politoed
|-damage|p2a: Politoed|79/100
|
|-weather|RainDance|[upkeep]
|upkeep
|turn|3
|inactive|aliciadoors has 30 seconds left.
|inactive|aliciadoors has 20 seconds left.
|inactive|aliciadoors has 15 seconds left.
|inactive|aliciadoors has 10 seconds left.
|
|t:|1757725886
|-terastallize|p1b: Corviknight|Dragon
|move|p2b: Busy Woman|Drain Punch|p1a: Excadrill
|-supereffective|p1a: Excadrill
|-enditem|p1a: Excadrill|Focus Sash
|-damage|p1a: Excadrill|1/100
|move|p1a: Excadrill|Iron Head|p2a: Politoed
|-resisted|p2a: Politoed
|-damage|p2a: Politoed|59/100
|move|p2a: Politoed|Muddy Water|p1a: Excadrill|[spread] p1b
|-miss|p2a: Politoed|p1a: Excadrill
|-resisted|p1b: Corviknight
|-damage|p1b: Corviknight|37/100
|-enditem|p1b: Corviknight|Sitrus Berry|[eat]
|-heal|p1b: Corviknight|62/100|[from] item: Sitrus Berry
|move|p1b: Corviknight|Tailwind|p1b: Corviknight
|-sidestart|p1: aliciadoors|move: Tailwind
|
|-weather|RainDance|[upkeep]
|upkeep
|turn|4
|inactive|aliciadoors has 30 seconds left.
|
|t:|1757725919
|move|p1a: Excadrill|Iron Head|p2a: Politoed
|-resisted|p2a: Politoed
|-damage|p2a: Politoed|38/100
|move|p1b: Corviknight|Brave Bird|p2a: Politoed
|-damage|p2a: Politoed|5/100
|-damage|p1b: Corviknight|52/100|[from] Recoil
|move|p2b: Busy Woman|Bulk Up|p2b: Busy Woman
|-boost|p2b: Busy Woman|atk|1
|-boost|p2b: Busy Woman|def|1
|move|p2a: Politoed|Muddy Water|p1b: Corviknight|[spread] p1a,p1b
|-supereffective|p1a: Excadrill
|-resisted|p1b: Corviknight
|-damage|p1a: Excadrill|0 fnt
|-damage|p1b: Corviknight|28/100
|faint|p1a: Excadrill
|
|-weather|RainDance|[upkeep]
|upkeep
|
|t:|1757725931
|switch|p1a: Archaludon|Archaludon, L50, M|100/100
|turn|5
|
|t:|1757725941
|move|p2b: Busy Woman|Protect|p2b: Busy Woman
|-singleturn|p2b: Busy Woman|Protect
|move|p1a: Archaludon|Electro Shot||[still]
|-prepare|p1a: Archaludon|Electro Shot
|-boost|p1a: Archaludon|spa|1
|-anim|p1a: Archaludon|Electro Shot|p2b: Busy Woman
|-activate|p2b: Busy Woman|move: Protect
|move|p1b: Corviknight|Bulk Up|p1b: Corviknight
|-boost|p1b: Corviknight|atk|1
|-boost|p1b: Corviknight|def|1
|move|p2a: Politoed|Muddy Water|p1a: Archaludon|[spread] p1a,p1b
|-resisted|p1a: Archaludon
|-resisted|p1b: Corviknight
|-damage|p1a: Archaludon|48/100
|-damage|p1b: Corviknight|2/100
|-ability|p1b: Corviknight|Mirror Armor
|-unboost|p2a: Politoed|accuracy|1
|
|-weather|RainDance|[upkeep]
|upkeep
|turn|6
|
|t:|1757725970
|switch|p2b: Sinistcha|Sinistcha, L50|100/100
|-heal|p2a: Politoed|30/100|[from] ability: Hospitality|[of] p2b: Sinistcha
|move|p1a: Archaludon|Electro Shot||[still]
|-prepare|p1a: Archaludon|Electro Shot
|-boost|p1a: Archaludon|spa|1
|-anim|p1a: Archaludon|Electro Shot|p2b: Sinistcha
|-resisted|p2b: Sinistcha
|-damage|p2b: Sinistcha|52/100
|move|p1b: Corviknight|Brave Bird|p2a: Politoed
|-damage|p2a: Politoed|0 fnt
|faint|p2a: Politoed
|-damage|p1b: Corviknight|0 fnt|[from] Recoil
|faint|p1b: Corviknight
|
|-weather|none
|-sideend|p1: aliciadoors|move: Tailwind
|upkeep
|
|t:|1757725983
|switch|p2a: Busy Woman|Annihilape, L50, F, shiny, tera:Water|100/100
|switch|p1b: Tyranitar|Tyranitar, L50, F|100/100
|-weather|Sandstorm|[from] ability: Sand Stream|[of] p1b: Tyranitar
|turn|7
|
|t:|1757725994
|move|p2b: Sinistcha|Rage Powder|p2b: Sinistcha
|-singleturn|p2b: Sinistcha|move: Rage Powder
|move|p2a: Busy Woman|Drain Punch|p1b: Tyranitar
|-supereffective|p1b: Tyranitar
|-damage|p1b: Tyranitar|0 fnt
|faint|p1b: Tyranitar
|move|p1a: Archaludon|Draco Meteor|p2b: Sinistcha|[miss]
|-miss|p1a: Archaludon|p2b: Sinistcha
|
|-weather|Sandstorm|[upkeep]
|-damage|p2a: Busy Woman|94/100|[from] Sandstorm
|-damage|p2b: Sinistcha|45/100|[from] Sandstorm
|-enditem|p2b: Sinistcha|Sitrus Berry|[eat]
|-heal|p2b: Sinistcha|70/100|[from] item: Sitrus Berry
|upkeep
|turn|8
|-message|aliciadoors forfeited.
|
|win|viva las vgc
||aliciadoors is ready for game 2.
||viva las vgc is ready for game 2.
|uhtml|next|Next: Game 2 of 3
