|j|☆takeshivgc-test
|j|☆Llama_Llord
|html|takeshivgc-testLlama_Llord    
|uhtml|bestof|Game 2 of a best-of-3
|t:|1755903995
|gametype|doubles
|player|p1|takeshivgc-test|2|1211
|player|p2|Llama_Llord|102|1206
|gen|9
|tier|[Gen 9] VGC 2025 Reg H (Bo3)
|rated|
|rule|Species Clause: Limit one of each Pokémon
|rule|Item Clause: Limit 1 of each item
|clearpoke
|poke|p1|Armarouge, L50, F|
|poke|p1|Indeedee-F, L50, F|
|poke|p1|Torkoal, L50, F|
|poke|p1|Gallade, L50, M|
|poke|p1|Ursaluna, L50, F|
|poke|p1|Hatterene, L50, F|
|poke|p2|Meowscarada, L50, F|
|poke|p2|Primarina, L50, M|
|poke|p2|Indeedee, L50, M|
|poke|p2|Sneasler, L50, M|
|poke|p2|Gholdengo, L50|
|poke|p2|Tatsugiri, L50, F|
|teampreview|4
|showteam|p1|Armarouge||PowerHerb|FlashFire|ArmorCannon,ExpandingForce,TrickRoom,MeteorBeam|||F|||50|,,,,,Grass]Indeedee-F||PsychicSeed|PsychicSurge|Psychic,HelpingHand,TrickRoom,FollowMe|||F|||50|,,,,,Fairy]Torkoal||Charcoal|Drought|Eruption,Protect,WeatherBall,HeatWave|||F|||50|,,,,,Fire]Gallade||ClearAmulet|Sharpness|PsychoCut,SacredSword,Protect,WideGuard|||M|||50|,,,,,Fire]Ursaluna||FlameOrb|Guts|Facade,HeadlongRush,Earthquake,Protect|||F|||50|,,,,,Ghost]Hatterene||LifeOrb|MagicBounce|ExpandingForce,DazzlingGleam,TrickRoom,MysticalFire|||F|||50|,,,,,Fire
|showteam|p2|Meowscarada||FocusSash|Overgrow|GrassPledge,KnockOff,FlowerTrick,Protect|||F|||50|,,,,,Fairy]Primarina||LifeOrb|LiquidVoice|WaterPledge,HyperVoice,Moonblast,Protect|||M|||50|,,,,,Steel]Indeedee||SafetyGoggles|PsychicSurge|ExpandingForce,Protect,TrickRoom,Imprison|||M|||50|,,,,,Fire]Sneasler||PsychicSeed|Unburden|DireClaw,CloseCombat,ThroatChop,Protect|||M|||50|,,,,,Stellar]Gholdengo||MetalCoat|GoodasGold|MakeItRain,ShadowBall,NastyPlot,Protect||||||50|,,,,,Water]Tatsugiri||AssaultVest|StormDrain|DracoMeteor,IcyWind,TeraBlast,Surf|||F|||50|,,,,,Ground
|inactive|Battle timer is ON: inactive players will automatically lose when time's up. (requested by Llama_Llord)
|inactive|takeshivgc-test has 60 seconds left.
|
|t:|1755904026
|teamsize|p1|4
|teamsize|p2|4
|start
|switch|p1a: Armarouge|Armarouge, L50, F|100/100
|switch|p1b: Gallade|Gallade, L50, M, shiny|100/100
|switch|p2a: Indeedee|Indeedee, L50, M|100/100
|switch|p2b: Sneasler|Sneasler, L50, M|100/100
|-fieldstart|move: Psychic Terrain|[from] ability: Psychic Surge|[of] p2a: Indeedee
|-enditem|p2b: Sneasler|Psychic Seed
|-boost|p2b: Sneasler|spd|1|[from] item: Psychic Seed
|turn|1
|inactive|takeshivgc-test has 30 seconds left.
|inactive|Llama_Llord has 30 seconds left.
|
|t:|1755904057
|move|p2b: Sneasler|Dire Claw|p1a: Armarouge
|-damage|p1a: Armarouge|60/100
|-status|p1a: Armarouge|psn
|move|p2a: Indeedee|Expanding Force|p1a: Armarouge|[spread] p1a,p1b
|-resisted|p1a: Armarouge
|-crit|p1b: Gallade
|-damage|p1a: Armarouge|32/100 psn
|-damage|p1b: Gallade|26/100
|move|p1b: Gallade|Psycho Cut|p2b: Sneasler
|-supereffective|p2b: Sneasler
|-damage|p2b: Sneasler|0 fnt
|faint|p2b: Sneasler
|move|p1a: Armarouge|Meteor Beam||[still]
|-prepare|p1a: Armarouge|Meteor Beam
|-boost|p1a: Armarouge|spa|1
|-enditem|p1a: Armarouge|Power Herb
|-anim|p1a: Armarouge|Meteor Beam|p2a: Indeedee
|-damage|p2a: Indeedee|14/100
|
|-damage|p1a: Armarouge|19/100 psn|[from] psn
|upkeep
|
|t:|1755904066
|switch|p2b: Tatsugiri|Tatsugiri, L50, F|100/100
|turn|2
|
|t:|1755904082
|move|p2a: Indeedee|Protect|p2a: Indeedee
|-singleturn|p2a: Indeedee|Protect
|move|p1b: Gallade|Wide Guard|p1b: Gallade
|-singleturn|p1b: Gallade|Wide Guard
|move|p2b: Tatsugiri|Surf|p1b: Gallade|[spread] 
|-activate|p1a: Armarouge|move: Wide Guard
|-activate|p1b: Gallade|move: Wide Guard
|-activate|p2a: Indeedee|move: Protect
|move|p1a: Armarouge|Expanding Force|p2a: Indeedee|[spread] p2b
|-activate|p2a: Indeedee|move: Protect
|-damage|p2b: Tatsugiri|23/100
|
|-damage|p1a: Armarouge|7/100 psn|[from] psn
|upkeep
|turn|3
|
|t:|1755904102
|move|p2a: Indeedee|Protect||[still]
|-fail|p2a: Indeedee
|move|p2b: Tatsugiri|Surf|p1a: Armarouge|[spread] p2a,p1a,p1b
|-supereffective|p1a: Armarouge
|-damage|p2a: Indeedee|0 fnt
|-damage|p1a: Armarouge|0 fnt
|-damage|p1b: Gallade|0 fnt
|faint|p2a: Indeedee
|faint|p1a: Armarouge
|faint|p1b: Gallade
|
|upkeep
|
|t:|1755904110
|switch|p2a: Fiona|Primarina, L50, M|100/100
|switch|p1b: Torkoal|Torkoal, L50, F|100/100
|switch|p1a: Hatterene|Hatterene, L50, F|100/100
|-weather|SunnyDay|[from] ability: Drought|[of] p1b: Torkoal
|turn|4
|
|t:|1755904125
|move|p1b: Torkoal|Protect|p1b: Torkoal
|-singleturn|p1b: Torkoal|Protect
|move|p2b: Tatsugiri|Surf|p1a: Hatterene|[spread] p2a,p1a
|-activate|p1b: Torkoal|move: Protect
|-resisted|p2a: Fiona
|-damage|p2a: Fiona|93/100
|-damage|p1a: Hatterene|82/100
|move|p2a: Fiona|Moonblast|p1a: Hatterene
|-damage|p1a: Hatterene|11/100
|-damage|p2a: Fiona|83/100|[from] item: Life Orb
|move|p1a: Hatterene|Trick Room|p1a: Hatterene
|-fieldstart|move: Trick Room|[of] p1a: Hatterene
|
|-weather|SunnyDay|[upkeep]
|upkeep
|turn|5
|
|t:|1755904142
|-terastallize|p1b: Torkoal|Fire
|move|p1b: Torkoal|Eruption|p2a: Fiona|[spread] p2a,p2b
|-resisted|p2a: Fiona
|-resisted|p2b: Tatsugiri
|-damage|p2a: Fiona|34/100
|-damage|p2b: Tatsugiri|0 fnt
|faint|p2b: Tatsugiri
|move|p1a: Hatterene|Expanding Force|p2a: Fiona
|-damage|p2a: Fiona|0 fnt
|faint|p2a: Fiona
|-damage|p1a: Hatterene|1/100|[from] item: Life Orb
|
|win|takeshivgc-test
|raw|takeshivgc-test's rating: 1211 → 1236(+25 for winning)
|raw|Llama_Llord's rating: 1206 → 1181(-25 for losing)
