|j|☆andresbrx
|j|☆naovi
|html|andresbrxnaovi    
|uhtml|bestof|Game 1 of a best-of-3
|t:|1756982902
|gametype|doubles
|player|p1|andresbrx|hiker-gen4|
|player|p2|naovi|101|
|gen|9
|tier|[Gen 9] VGC 2025 Reg H (Bo3)
|rule|Species Clause: Limit one of each Pokémon
|rule|Item Clause: Limit 1 of each item
|clearpoke
|poke|p1|Gholdengo, L50|
|poke|p1|Annihilape, L50, M|
|poke|p1|Archaludon, L50, F|
|poke|p1|Maushold, L50|
|poke|p1|Talonflame, L50, F|
|poke|p1|Tyranitar, L50, M|
|poke|p2|Electabuzz, L50, M|
|poke|p2|Sneasler, L50, M|
|poke|p2|Rillaboom, L50, M|
|poke|p2|Kingambit, L50, M|
|poke|p2|Volcarona, L50, M|
|poke|p2|Dragonite, L50, M|
|teampreview|4
|showteam|p1|Gholdengo||ChoiceSpecs|GoodasGold|ShadowBall,DazzlingGleam,Trick,MakeItRain||||||50|,,,,,Fairy]Annihilape||SafetyGoggles|Defiant|Protect,BulkUp,DrainPunch,RageFist|||M|||50|,,,,,Water]Archaludon||PowerHerb|Sturdy|ElectroShot,DracoMeteor,Protect,FlashCannon|||F|||50|,,,,,Ghost]Maushold||RockyHelmet|FriendGuard|Protect,SuperFang,FollowMe,BeatUp||||||50|,,,,,Grass]Talonflame||CovertCloak|GaleWings|Taunt,Tailwind,DualWingbeat,FlareBlitz|||F|||50|,,,,,Ghost]Tyranitar||AssaultVest|SandStream|TeraBlast,LowKick,KnockOff,RockSlide|||M|||50|,,,,,Flying
|showteam|p2|Electabuzz||Eviolite|VitalSpirit|Thunderbolt,FollowMe,Taunt,Protect|||M|||50|,,,,,Ghost]Sneasler||FocusSash|Unburden|Coaching,DireClaw,Protect,CloseCombat|||M|||50|,,,,,Stellar]Rillaboom||AssaultVest|GrassySurge|HighHorsepower,GrassyGlide,WoodHammer,FakeOut|||M|||50|,,,,,Fire]Kingambit||SafetyGoggles|Defiant|KowtowCleave,SuckerPunch,SwordsDance,Protect|||M|||50|,,,,,Dark]Volcarona||CovertCloak|FlameBody|HeatWave,TeraBlast,QuiverDance,Protect|||M|||50|,,,,,Fairy]Dragonite||LoadedDice|Multiscale|ScaleShot,ExtremeSpeed,Haze,Protect|||M|||50|,,,,,Steel
|
|t:|1756982955
|teamsize|p1|4
|teamsize|p2|4
|start
|switch|p1a: Talonflame|Talonflame, L50, F|100/100
|switch|p1b: Annihilape|Annihilape, L50, M|100/100
|switch|p2a: Electabuzz|Electabuzz, L50, M|100/100
|switch|p2b: Rillaboom|Rillaboom, L50, M|100/100
|-fieldstart|move: Grassy Terrain|[from] ability: Grassy Surge|[of] p2b: Rillaboom
|turn|1
|
|t:|1756982983
|move|p2b: Rillaboom|Fake Out|p1a: Talonflame
|-damage|p1a: Talonflame|78/100
|move|p1a: Talonflame|Taunt|p2a: Electabuzz
|-start|p2a: Electabuzz|move: Taunt
|move|p1b: Annihilape|Bulk Up|p1b: Annihilape
|-boost|p1b: Annihilape|atk|1
|-boost|p1b: Annihilape|def|1
|move|p2a: Electabuzz|Thunderbolt|p1a: Talonflame
|-supereffective|p1a: Talonflame
|-crit|p1a: Talonflame
|-damage|p1a: Talonflame|0 fnt
|faint|p1a: Talonflame
|
|upkeep
|
|t:|1756982993
|switch|p1a: Maushold|Maushold, L50|100/100
|turn|2
|
|t:|1756983010
|switch|p2a: Volcarona|Volcarona, L50, M|100/100
|-terastallize|p1a: Maushold|Grass
|move|p1a: Maushold|Follow Me|p1a: Maushold
|-singleturn|p1a: Maushold|move: Follow Me
|move|p1b: Annihilape|Bulk Up|p1b: Annihilape
|-boost|p1b: Annihilape|atk|1
|-boost|p1b: Annihilape|def|1
|move|p2b: Rillaboom|Wood Hammer|p1a: Maushold
|-resisted|p1a: Maushold
|-damage|p1a: Maushold|49/100
|-damage|p2b: Rillaboom|84/100|[from] item: Rocky Helmet|[of] p1a: Maushold
|-damage|p2b: Rillaboom|69/100|[from] Recoil
|
|-heal|p1a: Maushold|55/100|[from] Grassy Terrain
|-heal|p2b: Rillaboom|75/100|[from] Grassy Terrain
|upkeep
|turn|3
|c|☆naovi|moria igual con la doble
|
|t:|1756983052
|switch|p2b: Electabuzz|Electabuzz, L50, M|100/100
|move|p2a: Volcarona|Protect|p2a: Volcarona
|-singleturn|p2a: Volcarona|Protect
|move|p1a: Maushold|Beat Up|p1b: Annihilape
|-damage|p1b: Annihilape|99/100
|-damage|p1b: Annihilape|98/100
|-damage|p1b: Annihilape|97/100
|-hitcount|p1b: Annihilape|3
|move|p1b: Annihilape|Rage Fist|p2b: Electabuzz
|-damage|p2b: Electabuzz|0 fnt
|faint|p2b: Electabuzz
|
|-heal|p1a: Maushold|61/100|[from] Grassy Terrain
|-heal|p1b: Annihilape|100/100|[from] Grassy Terrain
|upkeep
|
|t:|1756983073
|switch|p2b: Rillaboom|Rillaboom, L50, M|75/100
|turn|4
|
|t:|1756983092
|-terastallize|p2a: Volcarona|Fairy
|move|p2b: Rillaboom|Fake Out|p1a: Maushold
|-damage|p1a: Maushold|43/100
|-damage|p2b: Rillaboom|59/100|[from] item: Rocky Helmet|[of] p1a: Maushold
|cant|p1a: Maushold|flinch
|move|p1b: Annihilape|Rage Fist|p2a: Volcarona
|-damage|p2a: Volcarona|0 fnt
|faint|p2a: Volcarona
|
|-heal|p1a: Maushold|49/100|[from] Grassy Terrain
|-heal|p2b: Rillaboom|65/100|[from] Grassy Terrain
|upkeep
|
|t:|1756983104
|switch|p2a: Kingambit|Kingambit, L50, M|100/100
|turn|5
|
|t:|1756983111
|move|p2a: Kingambit|Protect|p2a: Kingambit
|-singleturn|p2a: Kingambit|Protect
|move|p1a: Maushold|Follow Me|p1a: Maushold
|-singleturn|p1a: Maushold|move: Follow Me
|move|p1b: Annihilape|Rage Fist|p2b: Rillaboom
|-damage|p2b: Rillaboom|0 fnt
|faint|p2b: Rillaboom
|
|-heal|p1a: Maushold|55/100|[from] Grassy Terrain
|-fieldend|move: Grassy Terrain
|upkeep
|turn|6
|
|t:|1756983127
|move|p1a: Maushold|Follow Me|p1a: Maushold
|-singleturn|p1a: Maushold|move: Follow Me
|move|p2a: Kingambit|Sucker Punch||[still]
|-fail|p2a: Kingambit
|move|p1b: Annihilape|Rage Fist|p2a: Kingambit
|-resisted|p2a: Kingambit
|-damage|p2a: Kingambit|45/100
|
|upkeep
|turn|7
|c|☆andresbrx|para que quieres el high horse
|c|☆andresbrx|exactamente
|c|☆andresbrx|si me puedes decir
|-message|naovi forfeited.
|
|win|andresbrx
|l|☆naovi
|player|p2|
|j|☆naovi
|player|p2|naovi|101|
