|j|☆saboyita
|j|☆endk649
|html|saboyitaendk649    
|uhtml|bestof|Game 2 of a best-of-3
|t:|1756243456
|gametype|doubles
|player|p1|saboyita|grimsley|1127
|player|p2|endk649|gambler|1198
|gen|9
|tier|[Gen 9] VGC 2025 Reg H (Bo3)
|rated|
|rule|Species Clause: Limit one of each Pokémon
|rule|Item Clause: Limit 1 of each item
|clearpoke
|poke|p1|Amoonguss, L50, M|
|poke|p1|Hydreigon, L50, M|
|poke|p1|Whimsicott, L50, M|
|poke|p1|Maushold-Four, L50|
|poke|p1|Annihilape, L50, F|
|poke|p1|Ursaluna-Bloodmoon, L50, M|
|poke|p2|Feraligatr, L50, M|
|poke|p2|Gholdengo, L50|
|poke|p2|Pelipper, L50, F|
|poke|p2|Amoonguss, L50, F|
|poke|p2|Rillaboom, L50, F|
|poke|p2|Incineroar, L50, F|
|teampreview|4
|showteam|p1|Amoonguss||RockyHelmet|Regenerator|ClearSmog,Spore,RagePowder,Protect|||M|||50|,,,,,Water]Hydreigon||ChoiceSpecs|Levitate|HeatWave,DarkPulse,DragonPulse,DracoMeteor|||M|||50|,,,,,Ghost]Whimsicott||CovertCloak|Prankster|Moonblast,HelpingHand,Tailwind,Encore|||M|||50|,,,,,Dark]Maushold-Four||WideLens|Technician|PopulationBomb,Taunt,FollowMe,Protect||||||50|,,,,,Ghost]Annihilape||Leftovers|Defiant|RageFist,DrainPunch,BulkUp,Protect|||F|||50|,,,,,Fire]Ursaluna-Bloodmoon||LifeOrb|MindsEye|HyperVoice,EarthPower,BloodMoon,Protect|||M|||50|,,,,,Water
|showteam|p2|Feraligatr||LifeOrb|SheerForce|Liquidation,Crunch,DragonDance,Protect|||M|||50|,,,,,Dark]Gholdengo||Leftovers|GoodasGold|MakeItRain,ShadowBall,NastyPlot,Protect||||||50|,,,,,Water]Pelipper||FocusSash|Drizzle|WeatherBall,Hurricane,Tailwind,Protect|||F|||50|,,,,,Stellar]Amoonguss||CovertCloak|Regenerator|PollenPuff,Spore,RagePowder,Protect|||F|||50|,,,,,Water]Rillaboom||AssaultVest|GrassySurge|WoodHammer,GrassyGlide,FakeOut,Uturn|||F|||50|,,,,,Fire]Incineroar||SafetyGoggles|Intimidate|KnockOff,FakeOut,Taunt,PartingShot|||F|||50|,,,,,Ghost
|inactive|Battle timer is ON: inactive players will automatically lose when time's up. (requested by saboyita)
|inactive|endk649 has 60 seconds left.
|
|t:|1756243498
|teamsize|p1|4
|teamsize|p2|4
|start
|switch|p1a: Hydreigon|Hydreigon, L50, M|100/100
|switch|p1b: Maushold|Maushold-Four, L50|100/100
|switch|p2a: Amoonguss|Amoonguss, L50, F, shiny|100/100
|switch|p2b: Gholdengo|Gholdengo, L50|100/100
|turn|1
|inactive|saboyita has 30 seconds left.
|inactive|saboyita has 20 seconds left.
|
|t:|1756243535
|switch|p1b: Whimsicott|Whimsicott, L50, M|100/100
|move|p2a: Amoonguss|Rage Powder|p2a: Amoonguss
|-singleturn|p2a: Amoonguss|move: Rage Powder
|move|p1a: Hydreigon|Heat Wave|p2b: Gholdengo|[spread] p2a,p2b
|-supereffective|p2a: Amoonguss
|-crit|p2a: Amoonguss
|-supereffective|p2b: Gholdengo
|-damage|p2a: Amoonguss|0 fnt
|-damage|p2b: Gholdengo|11/100
|faint|p2a: Amoonguss
|move|p2b: Gholdengo|Nasty Plot|p2b: Gholdengo
|-boost|p2b: Gholdengo|spa|2
|
|-heal|p2b: Gholdengo|17/100|[from] item: Leftovers
|upkeep
|
|t:|1756243545
|switch|p2a: Rillaboom|Rillaboom, L50, F, shiny|100/100
|-fieldstart|move: Grassy Terrain|[from] ability: Grassy Surge|[of] p2a: Rillaboom
|turn|2
|inactive|endk649 has 30 seconds left.
|
|t:|1756243574
|-terastallize|p1a: Hydreigon|Ghost
|-terastallize|p2a: Rillaboom|Fire
|move|p2b: Gholdengo|Protect|p2b: Gholdengo
|-singleturn|p2b: Gholdengo|Protect
|move|p1b: Whimsicott|Moonblast|p2b: Gholdengo
|-activate|p2b: Gholdengo|move: Protect
|move|p1a: Hydreigon|Heat Wave|p2a: Rillaboom|[spread] p2a
|-activate|p2b: Gholdengo|move: Protect
|-resisted|p2a: Rillaboom
|-damage|p2a: Rillaboom|87/100
|move|p2a: Rillaboom|Wood Hammer|p1a: Hydreigon
|-damage|p1a: Hydreigon|9/100
|-damage|p2a: Rillaboom|62/100|[from] Recoil
|
|-heal|p2b: Gholdengo|23/100|[from] Grassy Terrain
|-heal|p2b: Gholdengo|29/100|[from] item: Leftovers
|-heal|p2a: Rillaboom|68/100|[from] Grassy Terrain
|upkeep
|turn|3
|inactive|saboyita has 30 seconds left.
|
|t:|1756243603
|move|p1b: Whimsicott|Encore|p2a: Rillaboom
|-start|p2a: Rillaboom|Encore
|move|p2a: Rillaboom|Wood Hammer|p1a: Hydreigon
|-damage|p1a: Hydreigon|0 fnt
|faint|p1a: Hydreigon
|-damage|p2a: Rillaboom|66/100|[from] Recoil
|move|p2b: Gholdengo|Make It Rain|p1b: Whimsicott
|-supereffective|p1b: Whimsicott
|-damage|p1b: Whimsicott|0 fnt
|-unboost|p2b: Gholdengo|spa|1
|faint|p1b: Whimsicott
|
|-heal|p2b: Gholdengo|36/100|[from] Grassy Terrain
|-heal|p2b: Gholdengo|42/100|[from] item: Leftovers
|-heal|p2a: Rillaboom|72/100|[from] Grassy Terrain
|upkeep
|
|t:|1756243611
|switch|p1b: Maushold|Maushold-Four, L50|100/100
|switch|p1a: Annihilape|Annihilape, L50, F|100/100
|turn|4
|
|t:|1756243632
|move|p1b: Maushold|Protect|p1b: Maushold
|-singleturn|p1b: Maushold|Protect
|move|p2b: Gholdengo|Protect|p2b: Gholdengo
|-singleturn|p2b: Gholdengo|Protect
|move|p1a: Annihilape|Rage Fist|p2b: Gholdengo
|-activate|p2b: Gholdengo|move: Protect
|move|p2a: Rillaboom|Wood Hammer|p1b: Maushold
|-activate|p1b: Maushold|move: Protect
|
|-heal|p2b: Gholdengo|48/100|[from] Grassy Terrain
|-heal|p2b: Gholdengo|54/100|[from] item: Leftovers
|-heal|p2a: Rillaboom|77/100|[from] Grassy Terrain
|upkeep
|turn|5
|
|t:|1756243655
|move|p1b: Maushold|Follow Me|p1b: Maushold
|-singleturn|p1b: Maushold|move: Follow Me
|move|p2b: Gholdengo|Make It Rain|p1a: Annihilape|[spread] p1a,p1b
|-damage|p1a: Annihilape|32/100
|-damage|p1b: Maushold|0 fnt
|-unboost|p2b: Gholdengo|spa|1
|faint|p1b: Maushold
|move|p1a: Annihilape|Rage Fist|p2b: Gholdengo
|-supereffective|p2b: Gholdengo
|-damage|p2b: Gholdengo|0 fnt
|faint|p2b: Gholdengo
|move|p2a: Rillaboom|Wood Hammer|p1a: Annihilape
|-damage|p1a: Annihilape|0 fnt
|faint|p1a: Annihilape
|-damage|p2a: Rillaboom|67/100|[from] Recoil
|
|win|endk649
||saboyita is ready for game 3.
