|j|☆RGAngel
|j|☆hungry hillo
|html|RGAngelhungry hillo    
|uhtml|bestof|Game 1 of a best-of-3
|t:|1757085799
|gametype|doubles
|player|p1|RGAngel|cynthia|1043
|player|p2|hungry hillo|n|1144
|gen|9
|tier|[Gen 9] VGC 2025 Reg H (Bo3)
|rated|
|rule|Species Clause: Limit one of each Pokémon
|rule|Item Clause: Limit 1 of each item
|clearpoke
|poke|p1|Glaceon, L50, M|
|poke|p1|Gallade, L50, M|
|poke|p1|Ninetales-Alola, L50, M|
|poke|p1|Talonflame, L50, F|
|poke|p1|Garchomp, L50, F|
|poke|p1|Incineroar, L50, M|
|poke|p2|Kingambit, L50, F|
|poke|p2|Electabuzz, L50, M|
|poke|p2|Ursaluna-Bloodmoon, L50, M|
|poke|p2|Incineroar, L50, F|
|poke|p2|Whimsicott, L50, M|
|poke|p2|Annihilape, L50, F|
|teampreview|4
|showteam|p1|Glaceon||BrightPowder|SnowCloak|FreezeDry,Blizzard,CalmMind,Protect|||M|||50|,,,,,Steel]Gallade||ClearAmulet|Sharpness|PsychoCut,SacredSword,TrickRoom,WideGuard|||M|||50|,,,,,Fire]Ninetales-Alola||LightClay|SnowWarning|AuroraVeil,Blizzard,FreezeDry,Protect|||M|||50|,,,,,Ghost]Talonflame||SafetyGoggles|GaleWings|DualWingbeat,Tailwind,Taunt,WillOWisp|||F|||50|,,,,,Ghost]Garchomp||LoadedDice|RoughSkin|StompingTantrum,ScaleShot,SwordsDance,Protect|||F|||50|,,,,,Fairy]Incineroar||RockyHelmet|Intimidate|FakeOut,FlareBlitz,PartingShot,KnockOff|||M|||50|,,,,,Grass
|showteam|p2|Kingambit||BlackGlasses|Defiant|SuckerPunch,KowtowCleave,SwordsDance,Protect|||F|||50|,,,,,Flying]Electabuzz||Eviolite|VitalSpirit|Electroweb,FollowMe,Taunt,Protect|||M|||50|,,,,,Ghost]Ursaluna-Bloodmoon||LifeOrb|MindsEye|EarthPower,BloodMoon,HyperVoice,Protect|||M|||50|,,,,,Normal]Incineroar||AssaultVest|Intimidate|KnockOff,FlareBlitz,Uturn,FakeOut|||F|||50|,,,,,Bug]Whimsicott||CovertCloak|Prankster|Tailwind,BeatUp,Moonblast,SunnyDay|||M|||50|,,,,,Dark]Annihilape||Leftovers|Defiant|RageFist,DrainPunch,BulkUp,Protect|||F|||50|,,,,,Fire
|inactive|Battle timer is ON: inactive players will automatically lose when time's up. (requested by RGAngel)
|
|t:|1757085830
|teamsize|p1|4
|teamsize|p2|4
|start
|switch|p1a: Gallade|Gallade, L50, M|100/100
|switch|p1b: Talonflame|Talonflame, L50, F|100/100
|switch|p2a: Annihilape|Annihilape, L50, F|100/100
|switch|p2b: Whimsicott|Whimsicott, L50, M|100/100
|turn|1
|inactive|RGAngel has 30 seconds left.
|
|t:|1757085859
|-terastallize|p2a: Annihilape|Fire
|move|p1b: Talonflame|Dual Wingbeat|p2b: Whimsicott
|-supereffective|p2b: Whimsicott
|-damage|p2b: Whimsicott|61/100
|-supereffective|p2b: Whimsicott
|-damage|p2b: Whimsicott|17/100
|-hitcount|p2b: Whimsicott|2
|move|p2b: Whimsicott|Tailwind|p2b: Whimsicott
|-sidestart|p2: hungry hillo|move: Tailwind
|move|p2a: Annihilape|Bulk Up|p2a: Annihilape
|-boost|p2a: Annihilape|atk|1
|-boost|p2a: Annihilape|def|1
|move|p1a: Gallade|Psycho Cut|p2a: Annihilape
|-damage|p2a: Annihilape|63/100
|
|-heal|p2a: Annihilape|69/100|[from] item: Leftovers
|upkeep
|turn|2
|inactive|RGAngel has 30 seconds left.
|inactive|RGAngel has 20 seconds left.
|inactive|RGAngel has 15 seconds left.
|inactive|RGAngel has 10 seconds left.
|
|t:|1757085907
|move|p1b: Talonflame|Dual Wingbeat|p2b: Whimsicott
|-supereffective|p2b: Whimsicott
|-damage|p2b: Whimsicott|0 fnt
|faint|p2b: Whimsicott
|-hitcount|p2: Whimsicott|1
|move|p2a: Annihilape|Rage Fist|p1a: Gallade
|-supereffective|p1a: Gallade
|-damage|p1a: Gallade|0 fnt
|faint|p1a: Gallade
|
|-heal|p2a: Annihilape|75/100|[from] item: Leftovers
|upkeep
|
|t:|1757085919
|switch|p2b: Bumble bee|Electabuzz, L50, M|100/100
|switch|p1a: Ninetales|Ninetales-Alola, L50, M|100/100
|-weather|Snowscape|[from] ability: Snow Warning|[of] p1a: Ninetales
|turn|3
|
|t:|1757085934
|move|p1b: Talonflame|Tailwind|p1b: Talonflame
|-sidestart|p1: RGAngel|move: Tailwind
|move|p1a: Ninetales|Aurora Veil|p1a: Ninetales
|-sidestart|p1: RGAngel|move: Aurora Veil
|move|p2b: Bumble bee|Electroweb|p1a: Ninetales|[spread] p1a,p1b
|-supereffective|p1b: Talonflame
|-damage|p1a: Ninetales|91/100
|-damage|p1b: Talonflame|72/100
|-unboost|p1a: Ninetales|spe|1
|-unboost|p1b: Talonflame|spe|1
|move|p2a: Annihilape|Rage Fist|p1b: Talonflame
|-damage|p1b: Talonflame|13/100
|
|-weather|Snowscape|[upkeep]
|-heal|p2a: Annihilape|81/100|[from] item: Leftovers
|upkeep
|turn|4
|
|t:|1757085952
|move|p1a: Ninetales|Protect|p1a: Ninetales
|-singleturn|p1a: Ninetales|Protect
|move|p2b: Bumble bee|Electroweb|p1a: Ninetales|[spread] p1b
|-activate|p1a: Ninetales|move: Protect
|-supereffective|p1b: Talonflame
|-damage|p1b: Talonflame|0 fnt
|faint|p1b: Talonflame
|move|p2a: Annihilape|Bulk Up|p2a: Annihilape
|-boost|p2a: Annihilape|atk|1
|-boost|p2a: Annihilape|def|1
|
|-weather|Snowscape|[upkeep]
|-heal|p2a: Annihilape|88/100|[from] item: Leftovers
|-sideend|p2: hungry hillo|move: Tailwind
|upkeep
|
|t:|1757085963
|switch|p1b: Glaceon|Glaceon, L50, M|100/100
|turn|5
|
|t:|1757085971
|move|p1a: Ninetales|Blizzard|p2b: Bumble bee|[spread] p2a,p2b
|-resisted|p2a: Annihilape
|-damage|p2a: Annihilape|76/100
|-damage|p2b: Bumble bee|78/100
|-status|p2b: Bumble bee|frz
|move|p1b: Glaceon|Blizzard|p2b: Bumble bee|[spread] p2a,p2b
|-resisted|p2a: Annihilape
|-damage|p2a: Annihilape|54/100
|-damage|p2b: Bumble bee|37/100 frz
|cant|p2b: Bumble bee|frz
|move|p2a: Annihilape|Drain Punch|p1b: Glaceon
|-supereffective|p1b: Glaceon
|-damage|p1b: Glaceon|49/100
|-heal|p2a: Annihilape|75/100|[from] drain|[of] p1b: Glaceon
|
|-weather|Snowscape|[upkeep]
|-heal|p2a: Annihilape|81/100|[from] item: Leftovers
|upkeep
|turn|6
|
|t:|1757085989
|move|p2a: Annihilape|Protect|p2a: Annihilape
|-singleturn|p2a: Annihilape|Protect
|move|p1a: Ninetales|Blizzard|p2b: Bumble bee|[spread] p2b
|-activate|p2a: Annihilape|move: Protect
|-damage|p2b: Bumble bee|18/100 frz
|move|p1b: Glaceon|Blizzard|p2a: Annihilape|[spread] p2b
|-activate|p2a: Annihilape|move: Protect
|-damage|p2b: Bumble bee|0 fnt
|faint|p2b: Bumble bee
|
|-weather|Snowscape|[upkeep]
|-heal|p2a: Annihilape|88/100|[from] item: Leftovers
|-sideend|p1: RGAngel|move: Tailwind
|upkeep
|
|t:|1757085996
|switch|p2b: lion|Ursaluna-Bloodmoon, L50, M|100/100
|turn|7
|
|t:|1757086009
|move|p1b: Glaceon|Protect|p1b: Glaceon
|-singleturn|p1b: Glaceon|Protect
|move|p2a: Annihilape|Rage Fist|p1a: Ninetales
|-damage|p1a: Ninetales|0 fnt
|faint|p1a: Ninetales
|move|p2b: lion|Hyper Voice|p1b: Glaceon
|-activate|p1b: Glaceon|move: Protect
|
|-weather|none
|-heal|p2a: Annihilape|94/100|[from] item: Leftovers
|upkeep
|turn|8
|-message|RGAngel forfeited.
|
|win|hungry hillo
|l|☆RGAngel
|player|p1|
||RGAngel is ready for game 2.
||hungry hillo is ready for game 2.
|uhtml|next|Next: Game 2 of 3
|l|☆hungry hillo
|player|p2|
|j|☆RGAngel
|player|p1|RGAngel|cynthia|
