|j|ŌśåJackalope11
|j|Ōśågimwepaw
|html|Jackalope11gimwepaw    
|uhtml|bestof|Game 3 of a best-of-3
|t:|1783494696
|gametype|doubles
|player|p1|Jackalope11|169|
|player|p2|gimwepaw|169|
|gen|9
|tier|[Gen 9 Champions] VGC 2026 Reg M-B (Bo3)
|rule|Species Clause: Limit one of each Pok├®mon
|rule|Item Clause: Limit 1 of each item
|clearpoke
|poke|p1|Mawile, L50, F|
|poke|p1|Farigiraf, L50, F|
|poke|p1|Gallade, L50, M|
|poke|p1|Steelix, L50, M|
|poke|p1|Torkoal, L50, F|
|poke|p1|Vivillon-Fancy, L50, M|
|poke|p2|Charizard, L50, M|
|poke|p2|Tyranitar, L50, F|
|poke|p2|Milotic, L50, F|
|poke|p2|Incineroar, L50, M|
|poke|p2|Sinistcha-Masterpiece, L50|
|poke|p2|Sneasler, L50, M|
|teampreview|4
|showteam|p1|Mawile||Mawilite|Intimidate|SwordsDance,PlayRough,SuckerPunch,Protect|Brave||F|||50|]Farigiraf||SitrusBerry|ArmorTail|TrickRoom,TwinBeam,Thunderbolt,Protect|Bold||F|||50|]Gallade||ExpertBelt|Sharpness|SacredSword,LeafBlade,PsychoCut,Protect|Brave||M|||50|]Steelix||LifeOrb|SheerForce|WideGuard,Earthquake,RockSlide,HeavySlam|Brave||M|||50|]Torkoal||Charcoal|Drought|Eruption,WeatherBall,EarthPower,Protect|Quiet||F|||50|]Vivillon-Fancy||FocusSash|CompoundEyes|SleepPowder,Hurricane,RagePowder,Protect|Timid||M|||50|
|showteam|p2|Charizard||CharizarditeX|SolarPower|Protect,DragonDance,DragonClaw,FlareBlitz|Adamant||M|||50|]Tyranitar||Tyranitarite|SandStream|RockSlide,Crunch,StompingTantrum,Protect|Adamant||F|||50|]Milotic||Leftovers|Competitive|Coil,MuddyWater,Protect,Hypnosis|Calm||F|||50|]Incineroar||SitrusBerry|Intimidate|FakeOut,PartingShot,FlareBlitz,ThroatChop|Adamant||M|||50|]Sinistcha-Masterpiece||CobaBerry|Hospitality|MatchaGotcha,TrickRoom,LifeDew,RagePowder|Bold|||||50|]Sneasler||WhiteHerb|Unburden|DireClaw,FakeOut,CloseCombat,Coaching|Adamant||M|||50|
|inactive|Battle timer is ON: inactive players will automatically lose when time's up. (requested by gimwepaw)
|
|t:|1783494714
|teamsize|p1|4
|teamsize|p2|4
|start
|switch|p1a: Vivillon|Vivillon-Fancy, L50, M|100/100
|switch|p1b: Steelix|Steelix, L50, M|100/100
|switch|p2a: Charizard|Charizard, L50, M|100/100
|switch|p2b: Sneasler|Sneasler, L50, M|100/100
|turn|1
|inactive|gimwepaw has 30 seconds left.
|inactive|Jackalope11 has 30 seconds left.
|inactive|gimwepaw has 20 seconds left.
|inactive|gimwepaw has 15 seconds left.
|inactive|gimwepaw has 10 seconds left.
|
|t:|1783494761
|switch|p1b: Farigiraf|Farigiraf, L50, F|100/100
|detailschange|p2a: Charizard|Charizard-Mega-X, L50, M
|-mega|p2a: Charizard|Charizard|Charizardite X
|move|p2b: Sneasler|Fake Out||[still]
|cant|p1b: Farigiraf|ability: Armor Tail|Fake Out|[of] p2b: Sneasler
|move|p1a: Vivillon|Sleep Powder|p2a: Charizard
|-status|p2a: Charizard|slp|[from] move: Sleep Powder
|cant|p2a: Charizard|slp
|
|upkeep
|turn|2
|c|ŌśåJackalope11|dude
|c|Ōśågimwepaw|Bro I keep budgeting
|c|Ōśågimwepaw|burgering
|c|Ōśågimwepaw|I keep forgetting abt the giraffe
|inactive|gimwepaw has 30 seconds left.
|
|t:|1783494795
|move|p2b: Sneasler|Dire Claw|p1a: Vivillon
|-damage|p1a: Vivillon|5/100
|-status|p1a: Vivillon|slp
|cant|p1a: Vivillon|slp
|-curestatus|p2a: Charizard|slp|[msg]
|move|p2a: Charizard|Flare Blitz|p1a: Vivillon
|-supereffective|p1a: Vivillon|1
|-damage|p1a: Vivillon|0 fnt
|faint|p1a: Vivillon
|-damage|p2a: Charizard|98/100|[from] Recoil
|move|p1b: Farigiraf|Trick Room|p1b: Farigiraf
|-fieldstart|move: Trick Room|[of] p1b: Farigiraf
|
|upkeep
|c|ŌśåJackalope11|YO
|c|ŌśåJackalope11|FUCK U
|c|ŌśåJackalope11|GENUINELY
|c|Ōśågimwepaw|Gottem
|
|t:|1783494812
|switch|p1a: Steelix|Steelix, L50, M|100/100
|turn|3
|c|ŌśåJackalope11|THATS SO DISGUSTING
|
|t:|1783494832
|switch|p2b: Sinistcha|Sinistcha-Masterpiece, L50|100/100
|-heal|p2a: Charizard|100/100|[from] ability: Hospitality|[of] p2b: Sinistcha
|move|p2a: Charizard|Protect|p2a: Charizard
|-singleturn|p2a: Charizard|Protect
|move|p1a: Steelix|Earthquake|p2b: Sinistcha|[spread] p1b,p2b
|-activate|p2a: Charizard|move: Protect
|-resisted|p2b: Sinistcha|1
|-damage|p1b: Farigiraf|74/100
|-damage|p2b: Sinistcha|84/100
|-damage|p1a: Steelix|90/100|[from] item: Life Orb
|move|p1b: Farigiraf|Twin Beam|p2b: Sinistcha
|-damage|p2b: Sinistcha|69/100
|-damage|p2b: Sinistcha|55/100
|-hitcount|p2b: Sinistcha|2
|
|upkeep
|turn|4
|inactive|Jackalope11 has 30 seconds left.
|inactive|gimwepaw has 30 seconds left.
|
|t:|1783494861
|move|p1a: Steelix|Earthquake|p2a: Charizard|[spread] p1b,p2a,p2b
|-supereffective|p2a: Charizard|1
|-resisted|p2b: Sinistcha|1
|-damage|p1b: Farigiraf|48/100
|-damage|p2a: Charizard|29/100
|-damage|p2b: Sinistcha|40/100
|-enditem|p1b: Farigiraf|Sitrus Berry|[eat]
|-heal|p1b: Farigiraf|73/100|[from] item: Sitrus Berry
|-damage|p1a: Steelix|80/100|[from] item: Life Orb
|move|p1b: Farigiraf|Twin Beam|p2a: Charizard
|-damage|p2a: Charizard|7/100
|-damage|p2a: Charizard|0 fnt
|faint|p2a: Charizard
|-hitcount|p2: Charizard|2
|move|p2b: Sinistcha|Life Dew|p2b: Sinistcha
|-heal|p2b: Sinistcha|64/100
|
|upkeep
|
|t:|1783494873
|switch|p2a: Milotic|Milotic, L50, F|100/100
|turn|5
|
|t:|1783494886
|move|p1a: Steelix|Heavy Slam|p2b: Sinistcha
|-damage|p2b: Sinistcha|20/100y
|-damage|p1a: Steelix|70/100|[from] item: Life Orb
|move|p1b: Farigiraf|Thunderbolt|p2a: Milotic
|-supereffective|p2a: Milotic|1
|-damage|p2a: Milotic|68/100
|move|p2b: Sinistcha|Matcha Gotcha|p1a: Steelix|[spread] p1a,p1b
|-damage|p1a: Steelix|35/100
|-heal|p2b: Sinistcha|38/100|[from] drain|[of] p1a: Steelix
|-damage|p1b: Farigiraf|48/100
|-heal|p2b: Sinistcha|53/100|[from] drain|[of] p1b: Farigiraf
|move|p2a: Milotic|Coil|p2a: Milotic
|-boost|p2a: Milotic|atk|1
|-boost|p2a: Milotic|def|1
|-boost|p2a: Milotic|accuracy|1
|
|-heal|p2a: Milotic|74/100|[from] item: Leftovers
|upkeep
|turn|6
|inactive|Jackalope11 has 30 seconds left.
|
|t:|1783494917
|move|p2a: Milotic|Protect|p2a: Milotic
|-singleturn|p2a: Milotic|Protect
|move|p1a: Steelix|Wide Guard|p1a: Steelix
|-singleturn|p1a: Steelix|Wide Guard
|move|p1b: Farigiraf|Twin Beam|p2b: Sinistcha
|-damage|p2b: Sinistcha|37/100
|-damage|p2b: Sinistcha|22/100
|-hitcount|p2b: Sinistcha|2
|move|p2b: Sinistcha|Matcha Gotcha|p1a: Steelix|[spread] 
|-activate|p1a: Steelix|move: Wide Guard
|-activate|p1b: Farigiraf|move: Wide Guard
|
|-heal|p2a: Milotic|80/100|[from] item: Leftovers
|-fieldend|move: Trick Room
|upkeep
|turn|7
|c|Ōśågimwepaw|CRAP
|c|Ōśågimwepaw|WIDE GUARD
|inactive|Jackalope11 has 30 seconds left.
|
|t:|1783494946
|switch|p1b: Gallade|Gallade, L50, M|100/100
|move|p1a: Steelix|Wide Guard|p1a: Steelix
|-singleturn|p1a: Steelix|Wide Guard
|move|p2a: Milotic|Hypnosis|p1b: Gallade|[miss]
|-miss|p2a: Milotic|p1b: Gallade
|move|p2b: Sinistcha|Life Dew|p2b: Sinistcha|[spread] p2a,p2b
|-heal|p2a: Milotic|100/100
|-heal|p2b: Sinistcha|46/100
|
|upkeep
|turn|8
|
|t:|1783494964
|move|p2b: Sinistcha|Rage Powder|p2b: Sinistcha
|-singleturn|p2b: Sinistcha|move: Rage Powder
|move|p2a: Milotic|Coil|p2a: Milotic
|-boost|p2a: Milotic|atk|1
|-boost|p2a: Milotic|def|1
|-boost|p2a: Milotic|accuracy|1
|move|p1b: Gallade|Leaf Blade|p2b: Sinistcha
|-resisted|p2b: Sinistcha|1
|-damage|p2b: Sinistcha|25/100
|move|p1a: Steelix|Heavy Slam|p2b: Sinistcha
|-damage|p2b: Sinistcha|0 fnt
|faint|p2b: Sinistcha
|-damage|p1a: Steelix|25/100|[from] item: Life Orb
|
|upkeep
|
|t:|1783494975
|switch|p2b: Sneasler|Sneasler, L50, M|100/100
|turn|9
|c|ŌśåJackalope11|WAIT
|c|Ōśågimwepaw|Nah ur fonezo
|c|Ōśågimwepaw|Donezo
|inactive|Jackalope11 has 30 seconds left.
|c|ŌśåJackalope11|sheer force doesnt let u immune life orb anymore
|c|ŌśåJackalope11|wtff
|inactive|Jackalope11 has 20 seconds left.
|c|ŌśåJackalope11|i just noticed that
|inactive|Jackalope11 has 15 seconds left.
|inactive|Jackalope11 has 10 seconds left.
|inactive|Jackalope11 has 5 seconds left.
|c|Ōśågimwepaw|I think it was a glitch before
|
|t:|1783495026
|move|p1a: Steelix|Wide Guard|p1a: Steelix
|-singleturn|p1a: Steelix|Wide Guard
|move|p2b: Sneasler|Close Combat|p1a: Steelix
|-supereffective|p1a: Steelix|1
|-damage|p1a: Steelix|0 fnt
|-unboost|p2b: Sneasler|def|1
|-unboost|p2b: Sneasler|spd|1
|faint|p1a: Steelix
|-enditem|p2b: Sneasler|White Herb
|-clearnegativeboost|p2b: Sneasler|[silent]
|move|p2a: Milotic|Hypnosis|p1b: Gallade
|-status|p1b: Gallade|slp|[from] move: Hypnosis
|cant|p1b: Gallade|slp
|
|upkeep
|
|t:|1783495038
|switch|p1a: Farigiraf|Farigiraf, L50, F|48/100
|turn|10
|c|ŌśåJackalope11|dude that fucking dire claw sleep bro
|c|Ōśågimwepaw|IŌĆÖm TOO good
|
|t:|1783495055
|-curestatus|p1b: Gallade|slp|[msg]
|move|p1b: Gallade|Protect|p1b: Gallade
|-singleturn|p1b: Gallade|Protect
|move|p2b: Sneasler|Dire Claw|p1a: Farigiraf
|-damage|p1a: Farigiraf|16/100
|move|p2a: Milotic|Muddy Water|p1b: Gallade|[spread] p1a
|-activate|p1b: Gallade|move: Protect
|-damage|p1a: Farigiraf|0 fnt
|faint|p1a: Farigiraf
|
|upkeep
|turn|11
|c|ŌśåJackalope11|so fucking stupid
|
|t:|1783495071
|move|p2b: Sneasler|Dire Claw|p1b: Gallade
|-damage|p1b: Gallade|43/100
|move|p2a: Milotic|Hypnosis|p1b: Gallade
|-status|p1b: Gallade|slp|[from] move: Hypnosis
|cant|p1b: Gallade|slp
|
|upkeep
|turn|12
|
|t:|1783495079
|move|p2b: Sneasler|Dire Claw|p1b: Gallade
|-crit|p1b: Gallade
|-damage|p1b: Gallade|0 fnt
|faint|p1b: Gallade
|
|win|gimwepaw
|c|Ōśågimwepaw|GEEG
|c|ŌśåJackalope11|W crit too
|c|Ōśågimwepaw|Have u seen that myth glip
|c|Ōśågimwepaw|clip
|c|Ōśågimwepaw|Geeg
|c|ŌśåJackalope11|yea im taking intimidate off
|c|ŌśåJackalope11|W gilson sabatoge
