|j|☆Caracoli
|j|☆irongiant9214
|html|Caracoliirongiant9214    
|uhtml|bestof|Game 3 of a best-of-3
|t:|1786208693
|gametype|doubles
|player|p1|Caracoli|102|1108
|player|p2|irongiant9214|169|1201
|gen|9
|tier|[Gen 9 Champions] VGC 2026 Reg M-B (Bo3)
|rated|
|rule|Species Clause: Limit one of each Pokémon
|rule|Item Clause: Limit 1 of each item
|clearpoke
|poke|p1|Medicham, L50, M, shiny|
|poke|p1|Grimmsnarl, L50, M|
|poke|p1|Milotic, L50, F|
|poke|p1|Gholdengo, L50|
|poke|p1|Dragonite, L50, M|
|poke|p1|Arcanine-Hisui, L50, M|
|poke|p2|Charizard, L50, M|
|poke|p2|Floette-Eternal, L50, F|
|poke|p2|Whimsicott, L50, M, shiny|
|poke|p2|Basculegion, L50, M|
|poke|p2|Garchomp, L50, M, shiny|
|poke|p2|Kingambit, L50, F|
|teampreview|4
|showteam|p1|Medicham||Medichamite|PurePower|Detect,DrainPunch,PsychoCut,FakeOut|Adamant||M|||50|]Grimmsnarl||LightClay|Prankster|SpiritBreak,LightScreen,Reflect,SuckerPunch|Impish||M|||50|]Milotic||Leftovers|Competitive|Protect,Scald,Recover,IceBeam|Bold||F|||50|]Gholdengo||LifeOrb|GoodasGold|Protect,Recover,FlashCannon,ShadowBall|Modest|||||50|]Dragonite||SilkScarf|InnerFocus|ExtremeSpeed,Protect,DragonClaw,AerialAce|Adamant||M|||50|]Arcanine-Hisui||SitrusBerry|Intimidate|Protect,RockSlide,FlareBlitz,WildCharge|Adamant||M|||50|
|showteam|p2|Charizard||CharizarditeY|Blaze|HeatWave,WeatherBall,SolarBeam,Protect|Modest||M|||50|]Floette-Eternal||Floettite|FlowerVeil|DazzlingGleam,Moonblast,HelpingHand,Protect|Timid||F|||50|]Whimsicott||FocusSash|Prankster|Moonblast,Tailwind,Encore,Protect|Timid||M|||50|]Basculegion||LifeOrb|Adaptability|AquaJet,WaveCrash,LastRespects,Protect|Adamant||M|||50|]Garchomp||HabanBerry|RoughSkin|RockSlide,DragonClaw,Earthquake,Protect|Adamant||M|||50|]Kingambit||ChopleBerry|Defiant|SuckerPunch,LowKick,IronHead,KowtowCleave|Adamant||F|||50|
|
|t:|1786208737
|teamsize|p1|4
|teamsize|p2|4
|start
|switch|p1a: Grimmsnarl|Grimmsnarl, L50, M|100/100
|switch|p1b: Dragonite|Dragonite, L50, M|100/100
|switch|p2a: Floette|Floette-Eternal, L50, F|100/100
|switch|p2b: Basculegion|Basculegion, L50, M|100/100
|turn|1
|
|t:|1786208774
|detailschange|p2a: Floette|Floette-Mega, L50, F
|-mega|p2a: Floette|Floette|Floettite
|-ability|p2a: Floette|Fairy Aura
|move|p1b: Dragonite|Protect|p1b: Dragonite
|-singleturn|p1b: Dragonite|Protect
|move|p1a: Grimmsnarl|Sucker Punch|p2b: Basculegion
|-supereffective|p2b: Basculegion|1
|-damage|p2b: Basculegion|32/100
|move|p2a: Floette|Dazzling Gleam|p1a: Grimmsnarl|[spread] p1a
|-activate|p1b: Dragonite|move: Protect
|-supereffective|p1a: Grimmsnarl|1
|-damage|p1a: Grimmsnarl|0 fnt
|faint|p1a: Grimmsnarl
|move|p2b: Basculegion|Wave Crash|p1b: Dragonite
|-activate|p1b: Dragonite|move: Protect
|
|upkeep
|
|t:|1786208791
|switch|p1a: Gholdengo|Gholdengo, L50|100/100
|turn|2
|
|t:|1786208814
|move|p1b: Dragonite|Extreme Speed|p2a: Floette
|-damage|p2a: Floette|51/100
|move|p2b: Basculegion|Aqua Jet|p1b: Dragonite
|-resisted|p1b: Dragonite|1
|-damage|p1b: Dragonite|81/100
|-damage|p2b: Basculegion|22/100|[from] item: Life Orb
|move|p2a: Floette|Moonblast|p1b: Dragonite
|-supereffective|p1b: Dragonite|1
|-damage|p1b: Dragonite|0 fnt
|faint|p1b: Dragonite
|move|p1a: Gholdengo|Shadow Ball|p2b: Basculegion
|-supereffective|p2b: Basculegion|1
|-damage|p2b: Basculegion|0 fnt
|faint|p2b: Basculegion
|-damage|p1a: Gholdengo|90/100|[from] item: Life Orb
|
|upkeep
|
|t:|1786208829
|switch|p2b: Garchomp|Garchomp, L50, M, shiny|100/100
|switch|p1b: Milotic|Milotic, L50, F|100/100
|turn|3
|
|t:|1786208898
|move|p2b: Garchomp|Protect|p2b: Garchomp
|-singleturn|p2b: Garchomp|Protect
|move|p2a: Floette|Moonblast|p1b: Milotic
|-damage|p1b: Milotic|49/100
|-unboost|p1b: Milotic|spa|1
|-ability|p1b: Milotic|Competitive|boost
|-boost|p1b: Milotic|spa|2
|move|p1a: Gholdengo|Flash Cannon|p2a: Floette
|-supereffective|p2a: Floette|1
|-damage|p2a: Floette|0 fnt
|faint|p2a: Floette
|-damage|p1a: Gholdengo|80/100|[from] item: Life Orb
|move|p1b: Milotic|Ice Beam|p2b: Garchomp
|-activate|p2b: Garchomp|move: Protect
|
|-heal|p1b: Milotic|54/100|[from] item: Leftovers
|upkeep
|
|t:|1786208903
|switch|p2a: Whimsicott|Whimsicott, L50, M, shiny|100/100
|turn|4
|
|t:|1786208940
|move|p1a: Gholdengo|Protect|p1a: Gholdengo
|-singleturn|p1a: Gholdengo|Protect
|move|p2a: Whimsicott|Moonblast|p1b: Milotic
|-damage|p1b: Milotic|32/100
|-unboost|p1b: Milotic|spa|1
|-ability|p1b: Milotic|Competitive|boost
|-boost|p1b: Milotic|spa|2
|move|p2b: Garchomp|Earthquake|p1a: Gholdengo|[spread] p2a,p1b
|-activate|p1a: Gholdengo|move: Protect
|-resisted|p2a: Whimsicott|1
|-damage|p2a: Whimsicott|71/100
|-damage|p1b: Milotic|0 fnt
|faint|p1b: Milotic
|
|upkeep
|turn|5
|
|t:|1786208957
|move|p2a: Whimsicott|Moonblast|p1a: Gholdengo
|-resisted|p1a: Gholdengo|1
|-damage|p1a: Gholdengo|63/100
|move|p2b: Garchomp|Earthquake|p1a: Gholdengo|[spread] p2a,p1a
|-resisted|p2a: Whimsicott|1
|-supereffective|p1a: Gholdengo|1
|-damage|p2a: Whimsicott|44/100
|-damage|p1a: Gholdengo|0 fnt
|faint|p1a: Gholdengo
|
|win|irongiant9214
|raw|Caracoli's rating: 1108 → 1090(-18 for losing)
|raw|irongiant9214's rating: 1201 → 1219(+18 for winning)
|l|☆Caracoli
|player|p1|
