|j|☆Mugentine
|j|☆knoxvillninja
|html|Mugentineknoxvillninja    
|uhtml|bestof|Game 1 of a best-of-3
|t:|1785120124
|gametype|doubles
|player|p1|Mugentine|101|
|player|p2|knoxvillninja|2|
|gen|9
|tier|[Gen 9 Champions] VGC 2026 Reg M-B (Bo3)
|rule|Species Clause: Limit one of each Pokémon
|rule|Item Clause: Limit 1 of each item
|clearpoke
|poke|p1|Altaria, L50, F|
|poke|p1|Vaporeon, L50, M|
|poke|p1|Scrafty, L50, F|
|poke|p1|Delphox, L50, M|
|poke|p1|Maushold, L50|
|poke|p1|Gholdengo, L50|
|poke|p2|Charizard, L50, M|
|poke|p2|Basculegion, L50, M|
|poke|p2|Ninetales-Alola, L50, M|
|poke|p2|Talonflame, L50, F|
|poke|p2|Krookodile, L50, F|
|poke|p2|Greninja, L50, M|
|teampreview|4
|showteam|p1|Altaria||YacheBerry|CloudNine|FireSpin,Roost,PerishSong,Protect|Bold||F|||50|]Vaporeon||Leftovers|WaterAbsorb|FlipTurn,Yawn,IceBeam,Protect|Relaxed||M|||50|]Scrafty||Scraftinite|Intimidate|FakeOut,KnockOff,IcePunch,DrainPunch|Adamant||F|||50|]Delphox||Delphoxite|Blaze|Protect,HeatWave,Psychic,DazzlingGleam|Modest||M|||50|]Maushold||FocusSash|FriendGuard|FollowMe,SuperFang,Protect,Encore|Timid|||||50|]Gholdengo||ChoiceScarf|GoodasGold|PowerGem,MakeItRain,ShadowBall,Trick|Timid|||||50|
|showteam|p2|Charizard||CharizarditeY|Blaze|HeatWave,SolarBeam,WeatherBall,Protect|Modest||M|||50|]Basculegion||ChoiceScarf|Adaptability|LastRespects,WaveCrash,AquaJet,FlipTurn|Adamant||M|||50|]Ninetales-Alola||LightClay|SnowWarning|AuroraVeil,FreezeDry,Protect,Blizzard|Timid||M|||50|]Talonflame||SharpBeak|GaleWings|Tailwind,Protect,BraveBird,FlareBlitz|Jolly||F|||50|]Krookodile||LifeOrb|Intimidate|Earthquake,Crunch,RockSlide,Protect|Jolly||F|||50|]Greninja||Greninjite|Protean|HydroPump,DarkPulse,IceBeam,Protect|Timid||M|||50|
|
|t:|1785120192
|teamsize|p1|4
|teamsize|p2|4
|start
|switch|p1a: Scrafty|Scrafty, L50, F|100/100
|switch|p1b: Altaria|Altaria, L50, F|100/100
|switch|p2a: Talonflame|Talonflame, L50, F|100/100
|switch|p2b: Krookodile|Krookodile, L50, F|100/100
|-ability|p2b: Krookodile|Intimidate|boost
|-unboost|p1a: Scrafty|atk|1
|-unboost|p1b: Altaria|atk|1
|-ability|p1b: Altaria|Cloud Nine
|-ability|p1a: Scrafty|Intimidate|boost
|-unboost|p2a: Talonflame|atk|1
|-unboost|p2b: Krookodile|atk|1
|turn|1
|
|t:|1785120228
|detailschange|p1a: Scrafty|Scrafty-Mega, L50, F
|-mega|p1a: Scrafty|Scrafty|Scraftinite
|-ability|p1a: Scrafty|Intimidate|boost
|-unboost|p2a: Talonflame|atk|1
|-unboost|p2b: Krookodile|atk|1
|move|p2a: Talonflame|Protect|p2a: Talonflame
|-singleturn|p2a: Talonflame|Protect
|move|p1a: Scrafty|Fake Out|p2a: Talonflame
|-activate|p2a: Talonflame|move: Protect
|move|p2b: Krookodile|Rock Slide|p1b: Altaria|[spread] p1a,p1b
|-resisted|p1a: Scrafty|1
|-supereffective|p1b: Altaria|1
|-damage|p1a: Scrafty|95/100
|-damage|p1b: Altaria|81/100
|-damage|p2b: Krookodile|90/100|[from] item: Life Orb
|move|p1b: Altaria|Fire Spin|p2b: Krookodile|[miss]
|-miss|p1b: Altaria|p2b: Krookodile
|
|upkeep
|turn|2
|inactive|Battle timer is ON: inactive players will automatically lose when time's up. (requested by Mugentine)
|
|t:|1785120292
|move|p2a: Talonflame|Tailwind|p2a: Talonflame
|-sidestart|p2: knoxvillninja|move: Tailwind
|move|p2b: Krookodile|Crunch|p1b: Altaria
|-damage|p1b: Altaria|59/100
|-damage|p2b: Krookodile|80/100|[from] item: Life Orb
|move|p1b: Altaria|Fire Spin|p2a: Talonflame
|-resisted|p2a: Talonflame|1
|-damage|p2a: Talonflame|95/100
|-activate|p2a: Talonflame|move: Fire Spin|[of] p1b: Altaria
|move|p1a: Scrafty|Drain Punch|p2b: Krookodile
|-supereffective|p2b: Krookodile|1
|-damage|p2b: Krookodile|5/100
|-heal|p1a: Scrafty|100/100|[from] drain|[of] p2b: Krookodile
|
|-damage|p2a: Talonflame|83/100|[from] move: Fire Spin|[partiallytrapped]
|upkeep
|turn|3
|inactive|Mugentine has 30 seconds left.
|inactive|Mugentine has 20 seconds left.
|
|t:|1785120329
|switch|p1a: Vaporeon|Vaporeon, L50, M|100/100
|move|p2b: Krookodile|Protect|p2b: Krookodile
|-singleturn|p2b: Krookodile|Protect
|move|p2a: Talonflame|Brave Bird|p1a: Vaporeon
|-damage|p1a: Vaporeon|77/100
|-damage|p2a: Talonflame|72/100|[from] Recoil
|move|p1b: Altaria|Roost|p1b: Altaria
|-heal|p1b: Altaria|100/100
|-singleturn|p1b: Altaria|move: Roost
|
|-heal|p1a: Vaporeon|83/100|[from] item: Leftovers
|-damage|p2a: Talonflame|60/100|[from] move: Fire Spin|[partiallytrapped]
|upkeep
|turn|4
|inactive|Mugentine has 30 seconds left.
|inactive|knoxvillninja has 30 seconds left.
|inactive|Mugentine has 20 seconds left.
|inactive|knoxvillninja has 20 seconds left.
|inactive|Mugentine has 15 seconds left.
|inactive|knoxvillninja has 15 seconds left.
|inactive|Mugentine has 10 seconds left.
|inactive|knoxvillninja has 10 seconds left.
|inactive|Mugentine has 5 seconds left.
|inactive|knoxvillninja has 5 seconds left.
|
|t:|1785120382
|move|p2a: Talonflame|Brave Bird|p1b: Altaria
|-damage|p1b: Altaria|78/100
|-damage|p2a: Talonflame|51/100|[from] Recoil
|move|p2b: Krookodile|Earthquake|p1b: Altaria|[spread] p1a
|-immune|p2a: Talonflame
|-immune|p1b: Altaria
|-damage|p1a: Vaporeon|63/100
|-damage|p2b: Krookodile|0 fnt|[from] item: Life Orb
|faint|p2b: Krookodile
|move|p1b: Altaria|Fire Spin|p2a: Talonflame|[miss]
|-miss|p1b: Altaria|p2a: Talonflame
|move|p1a: Vaporeon|Yawn|p2a: Talonflame
|-start|p2a: Talonflame|move: Yawn|[of] p1a: Vaporeon
|
|-heal|p1a: Vaporeon|70/100|[from] item: Leftovers
|-damage|p2a: Talonflame|39/100|[from] move: Fire Spin|[partiallytrapped]
|upkeep
|
|t:|1785120399
|switch|p2b: Charizard|Charizard, L50, M|100/100
|turn|5
|
|t:|1785120421
|detailschange|p2b: Charizard|Charizard-Mega-Y, L50, M
|-mega|p2b: Charizard|Charizard|Charizardite Y
|-weather|SunnyDay|[from] ability: Drought|[of] p2b: Charizard
|move|p2a: Talonflame|Protect|p2a: Talonflame
|-singleturn|p2a: Talonflame|Protect
|move|p2b: Charizard|Solar Beam||[still]
|-prepare|p2b: Charizard|Solar Beam
|move|p1b: Altaria|Fire Spin|p2b: Charizard
|-resisted|p2b: Charizard|1
|-damage|p2b: Charizard|97/100
|-activate|p2b: Charizard|move: Fire Spin|[of] p1b: Altaria
|move|p1a: Vaporeon|Yawn|p2b: Charizard
|-start|p2b: Charizard|move: Yawn|[of] p1a: Vaporeon
|
|-weather|SunnyDay|[upkeep]
|-heal|p1a: Vaporeon|76/100|[from] item: Leftovers
|-damage|p2a: Talonflame|27/100|[from] move: Fire Spin|[partiallytrapped]
|-damage|p2b: Charizard|84/100|[from] move: Fire Spin|[partiallytrapped]
|-end|p2a: Talonflame|move: Yawn|[silent]
|-status|p2a: Talonflame|slp
|-sideend|p2: knoxvillninja|move: Tailwind
|upkeep
|turn|6
|inactive|knoxvillninja has 30 seconds left.
|inactive|knoxvillninja has 20 seconds left.
|inactive|knoxvillninja has 15 seconds left.
|inactive|knoxvillninja has 10 seconds left.
|
|t:|1785120466
|move|p1a: Vaporeon|Protect|p1a: Vaporeon
|-singleturn|p1a: Vaporeon|Protect
|cant|p2a: Talonflame|slp
|move|p2b: Charizard|Solar Beam|p1a: Vaporeon|[from] lockedmove
|-activate|p1a: Vaporeon|move: Protect
|move|p1b: Altaria|Perish Song|p1b: Altaria
|-start|p1a: Vaporeon|perish3|[silent]
|-start|p1b: Altaria|perish3|[silent]
|-start|p2a: Talonflame|perish3|[silent]
|-start|p2b: Charizard|perish3|[silent]
|-fieldactivate|move: Perish Song
|
|-weather|SunnyDay|[upkeep]
|-heal|p1a: Vaporeon|82/100|[from] item: Leftovers
|-damage|p2a: Talonflame|14/100 slp|[from] move: Fire Spin|[partiallytrapped]
|-damage|p2b: Charizard|72/100|[from] move: Fire Spin|[partiallytrapped]
|-end|p2b: Charizard|move: Yawn|[silent]
|-status|p2b: Charizard|slp
|-start|p2a: Talonflame|perish3
|-start|p2b: Charizard|perish3
|-start|p1b: Altaria|perish3
|-start|p1a: Vaporeon|perish3
|upkeep
|turn|7
|inactive|knoxvillninja has 30 seconds left.
|
|t:|1785120494
|-curestatus|p2a: Talonflame|slp|[msg]
|move|p2a: Talonflame|Flare Blitz|p1b: Altaria
|-resisted|p1b: Altaria|1
|-damage|p1b: Altaria|68/100
|-damage|p2a: Talonflame|10/100|[from] Recoil
|cant|p2b: Charizard|slp
|move|p1b: Altaria|Roost|p1b: Altaria
|-heal|p1b: Altaria|100/100
|-singleturn|p1b: Altaria|move: Roost
|move|p1a: Vaporeon|Flip Turn|p2a: Talonflame
|-supereffective|p2a: Talonflame|1
|-damage|p2a: Talonflame|0 fnt
|faint|p2a: Talonflame
|
|t:|1785120515
|switch|p1a: Scrafty|Scrafty-Mega, L50, F|100/100|[from] Flip Turn
|-ability|p1a: Scrafty|Intimidate|boost
|-unboost|p2b: Charizard|atk|1
|
|-weather|SunnyDay|[upkeep]
|-damage|p2b: Charizard|59/100 slp|[from] move: Fire Spin|[partiallytrapped]
|-start|p2b: Charizard|perish2
|-start|p1b: Altaria|perish2
|upkeep
|
|t:|1785120520
|switch|p2a: Basculegion|Basculegion, L50, M|100/100
|turn|8
|
|t:|1785120535
|switch|p1b: Maushold|Maushold, L50|100/100
|move|p2a: Basculegion|Wave Crash|p1a: Scrafty
|-damage|p1a: Scrafty|73/100
|-damage|p2a: Basculegion|92/100|[from] Recoil
|-curestatus|p2b: Charizard|slp|[msg]
|move|p2b: Charizard|Heat Wave|p1b: Maushold|[spread] p1a,p1b
|-damage|p1a: Scrafty|38/100
|-damage|p1b: Maushold|18/100
|move|p1a: Scrafty|Knock Off|p2a: Basculegion
|-supereffective|p2a: Basculegion|1
|-damage|p2a: Basculegion|0 fnt
|-enditem|p2a: Basculegion|Choice Scarf|[from] move: Knock Off|[of] p1a: Scrafty
|faint|p2a: Basculegion
|
|-weather|SunnyDay|[upkeep]
|-end|p2b: Charizard|Fire Spin|[partiallytrapped]|[silent]
|-start|p2b: Charizard|perish1
|upkeep
|turn|9
|
|t:|1785120557
|switch|p1a: Altaria|Altaria, L50, F|100/100
|-ability|p1a: Altaria|Cloud Nine
|move|p1b: Maushold|Protect|p1b: Maushold
|-singleturn|p1b: Maushold|Protect
|move|p2b: Charizard|Weather Ball|p2: Basculegion|[notarget]
|-fail|p2b: Charizard
|
|-weather|none
|-start|p2b: Charizard|perish0
|faint|p2b: Charizard
|
|win|Mugentine
|inactive|Mugentine has 30 seconds to confirm battle start!
|inactive|knoxvillninja has 30 seconds to confirm battle start!
|l|☆knoxvillninja
|player|p2|
