|j|☆mkleo enjoyerr
|j|☆naibot2814
|html|mkleo enjoyerrnaibot2814    
|uhtml|bestof|Game 3 of a best-of-3
|t:|1783537851
|gametype|doubles
|player|p1|mkleo enjoyerr|dawn-gen4pt|
|player|p2|naibot2814|ghetsis|
|gen|9
|tier|[Gen 9 Champions] VGC 2026 Reg M-B (Bo3)
|rule|Species Clause: Limit one of each Pokémon
|rule|Item Clause: Limit 1 of each item
|clearpoke
|poke|p1|Gardevoir, L50, F, shiny|
|poke|p1|Blastoise, L50, M, shiny|
|poke|p1|Sneasler, L50, M|
|poke|p1|Kingambit, L50, M, shiny|
|poke|p1|Sinistcha, L50|
|poke|p1|Incineroar, L50, M, shiny|
|poke|p2|Blastoise, L50, M|
|poke|p2|Incineroar, L50, M|
|poke|p2|Sneasler, L50, M|
|poke|p2|Sinistcha, L50|
|poke|p2|Kingambit, L50, M, shiny|
|poke|p2|Floette-Eternal, L50, F|
|teampreview|4
|showteam|p1|Gardevoir||Gardevoirite|Trace|HyperVoice,Psyshock,Protect,CalmMind|Timid||F|||50|]Blastoise||Blastoisinite|RainDish|WaterSpout,DarkPulse,ShellSmash,Protect|Modest||M|||50|]Sneasler||FocusSash|PoisonTouch|DireClaw,CloseCombat,FakeOut,QuickGuard|Jolly||M|||50|]Kingambit||BlackGlasses|Defiant|KowtowCleave,SuckerPunch,SwordsDance,Protect|Adamant||M|||50|]Sinistcha||OccaBerry|Hospitality|MatchaGotcha,Protect,TrickRoom,RagePowder|Bold|||||50|]Incineroar||SitrusBerry|Intimidate|FlareBlitz,ThroatChop,FakeOut,PartingShot|Calm||M|||50|
|showteam|p2|Blastoise||Blastoisinite|Torrent|WaterSpout,DarkPulse,ShellSmash,Protect|Modest||M|||50|]Incineroar||SitrusBerry|Intimidate|FakeOut,FlareBlitz,DarkestLariat,PartingShot|Careful||M|||50|]Sneasler||FocusSash|PoisonTouch|FakeOut,CloseCombat,PoisonJab,RockTomb|Jolly||M|||50|]Sinistcha||KasibBerry|Hospitality|MatchaGotcha,TrickRoom,RagePowder,Protect|Bold|||||50|]Kingambit||BlackGlasses|Defiant|KowtowCleave,SuckerPunch,SwordsDance,Protect|Adamant||M|||50|]Floette-Eternal||Floettite|FlowerVeil|DrainingKiss,DazzlingGleam,CalmMind,Protect|Modest||F|||50|
|
|t:|1783537899
|teamsize|p1|4
|teamsize|p2|4
|start
|switch|p1a: Uncool|Sneasler, L50, M|100/100
|switch|p1b: Big Girl|Gardevoir, L50, F, shiny|100/100
|switch|p2a: Blastoise|Blastoise, L50, M|100/100
|switch|p2b: Sneasler|Sneasler, L50, M|100/100
|-ability|p1b: Big Girl|Poison Touch|Trace|[from] ability: Trace|[of] p2b: Sneasler
|turn|1
|
|t:|1783537935
|detailschange|p2a: Blastoise|Blastoise-Mega, L50, M
|-mega|p2a: Blastoise|Blastoise|Blastoisinite
|move|p1b: Big Girl|Protect|p1b: Big Girl
|-singleturn|p1b: Big Girl|Protect
|move|p1a: Uncool|Fake Out|p2a: Blastoise
|-damage|p2a: Blastoise|89/100
|-status|p2a: Blastoise|psn|[from] ability: Poison Touch|[of] p1a: Uncool
|move|p2b: Sneasler|Fake Out|p1b: Big Girl
|-activate|p1b: Big Girl|move: Protect
|cant|p2a: Blastoise|flinch
|
|-damage|p2a: Blastoise|76/100 psn|[from] psn
|upkeep
|turn|2
|
|t:|1783537965
|switch|p1b: Katze|Incineroar, L50, M, shiny|100/100
|-ability|p1b: Katze|Intimidate|boost
|-unboost|p2a: Blastoise|atk|1
|-unboost|p2b: Sneasler|atk|1
|move|p2b: Sneasler|Poison Jab|p1b: Katze
|-damage|p1b: Katze|74/100
|-status|p1b: Katze|psn
|move|p1a: Uncool|Dire Claw|p2a: Blastoise
|-damage|p2a: Blastoise|40/100 psn
|move|p2a: Blastoise|Shell Smash|p2a: Blastoise
|-unboost|p2a: Blastoise|def|1
|-unboost|p2a: Blastoise|spd|1
|-boost|p2a: Blastoise|atk|2
|-boost|p2a: Blastoise|spa|2
|-boost|p2a: Blastoise|spe|2
|
|-damage|p2a: Blastoise|28/100 psn|[from] psn
|-damage|p1b: Katze|62/100 psn|[from] psn
|upkeep
|turn|3
|
|t:|1783537983
|switch|p2b: Sinistcha|Sinistcha, L50|100/100
|-heal|p2a: Blastoise|53/100 psn|[from] ability: Hospitality|[of] p2b: Sinistcha
|switch|p1a: Big Girl|Gardevoir, L50, F, shiny|100/100
|-ability|p1a: Big Girl|Mega Launcher|Trace|[from] ability: Trace|[of] p2a: Blastoise
|move|p2a: Blastoise|Protect|p2a: Blastoise
|-singleturn|p2a: Blastoise|Protect
|move|p1b: Katze|Fake Out|p2a: Blastoise
|-activate|p2a: Blastoise|move: Protect
|
|-damage|p2a: Blastoise|41/100 psn|[from] psn
|-damage|p1b: Katze|50/100y psn|[from] psn
|upkeep
|-enditem|p1b: Katze|Sitrus Berry|[eat]
|-heal|p1b: Katze|74/100 psn|[from] item: Sitrus Berry
|turn|4
|
|t:|1783538006
|detailschange|p1a: Big Girl|Gardevoir-Mega, L50, F, shiny
|-mega|p1a: Big Girl|Gardevoir|Gardevoirite
|move|p2a: Blastoise|Water Spout|p1b: Katze|[spread] p1a,p1b
|-supereffective|p1b: Katze|1
|-damage|p1a: Big Girl|56/100
|-damage|p1b: Katze|0 fnt
|faint|p1b: Katze
|move|p1a: Big Girl|Hyper Voice|p2b: Sinistcha|[spread] p2a,p2b
|-damage|p2a: Blastoise|0 fnt
|-damage|p2b: Sinistcha|55/100
|faint|p2a: Blastoise
|move|p2b: Sinistcha|Matcha Gotcha|p1a: Big Girl
|-damage|p1a: Big Girl|28/100
|-heal|p2b: Sinistcha|68/100|[from] drain|[of] p1a: Big Girl
|
|upkeep
|
|t:|1783538019
|switch|p2a: Sneasler|Sneasler, L50, M|100/100
|switch|p1b: Tee|Sinistcha, L50|100/100
|-heal|p1a: Big Girl|53/100|[from] ability: Hospitality|[of] p1b: Tee
|turn|5
|
|t:|1783538045
|move|p1a: Big Girl|Protect|p1a: Big Girl
|-singleturn|p1a: Big Girl|Protect
|move|p1b: Tee|Protect|p1b: Tee
|-singleturn|p1b: Tee|Protect
|move|p2a: Sneasler|Poison Jab|p1a: Big Girl
|-activate|p1a: Big Girl|move: Protect
|move|p2b: Sinistcha|Trick Room|p2b: Sinistcha
|-fieldstart|move: Trick Room|[of] p2b: Sinistcha
|
|upkeep
|turn|6
|
|t:|1783538056
|move|p1b: Tee|Rage Powder|p1b: Tee
|-singleturn|p1b: Tee|move: Rage Powder
|move|p2b: Sinistcha|Matcha Gotcha|p1a: Big Girl|[spread] p1a,p1b
|-resisted|p1b: Tee|1
|-damage|p1a: Big Girl|34/100
|-heal|p2b: Sinistcha|77/100|[from] drain|[of] p1a: Big Girl
|-damage|p1b: Tee|87/100
|-heal|p2b: Sinistcha|83/100|[from] drain|[of] p1b: Tee
|move|p1a: Big Girl|Hyper Voice|p2b: Sinistcha|[spread] p2a,p2b
|-damage|p2a: Sneasler|27/100
|-damage|p2b: Sinistcha|39/100
|move|p2a: Sneasler|Poison Jab|p1b: Tee
|-damage|p1b: Tee|55/100
|
|upkeep
|turn|7
|
|t:|1783538072
|switch|p1b: Uncool|Sneasler, L50, M|100/100
|switch|p2a: Incineroar|Incineroar, L50, M|100/100
|-ability|p2a: Incineroar|Intimidate|boost
|-unboost|p1a: Big Girl|atk|1
|-unboost|p1b: Uncool|atk|1
|move|p1a: Big Girl|Protect|p1a: Big Girl
|-singleturn|p1a: Big Girl|Protect
|move|p2b: Sinistcha|Matcha Gotcha|p1a: Big Girl|[spread] p1b
|-activate|p1a: Big Girl|move: Protect
|-resisted|p1b: Uncool|1
|-damage|p1b: Uncool|84/100
|-heal|p2b: Sinistcha|46/100|[from] drain|[of] p1b: Uncool
|
|upkeep
|turn|8
|
|t:|1783538092
|switch|p1a: Tee|Sinistcha, L50|55/100
|-heal|p1b: Uncool|100/100|[from] ability: Hospitality|[of] p1a: Tee
|move|p2a: Incineroar|Fake Out|p1b: Uncool
|-damage|p1b: Uncool|87/100
|cant|p1b: Uncool|flinch
|move|p2b: Sinistcha|Matcha Gotcha|p1b: Uncool|[spread] p1b
|-miss|p2b: Sinistcha|p1a: Tee
|-resisted|p1b: Uncool|1
|-damage|p1b: Uncool|70/100
|-heal|p2b: Sinistcha|54/100|[from] drain|[of] p1b: Uncool
|
|upkeep
|turn|9
|
|t:|1783538111
|move|p1a: Tee|Protect|p1a: Tee
|-singleturn|p1a: Tee|Protect
|move|p2a: Incineroar|Flare Blitz|p1b: Uncool
|-damage|p1b: Uncool|17/100
|-damage|p2a: Incineroar|86/100|[from] Recoil
|move|p2b: Sinistcha|Matcha Gotcha|p1b: Uncool|[spread] p1b
|-activate|p1a: Tee|move: Protect
|-resisted|p1b: Uncool|1
|-crit|p1b: Uncool
|-damage|p1b: Uncool|0 fnt
|-heal|p2b: Sinistcha|62/100|[from] drain|[of] p1b: Uncool
|faint|p1b: Uncool
|
|-fieldend|move: Trick Room
|upkeep
|
|t:|1783538116
|switch|p1b: Big Girl|Gardevoir-Mega, L50, F, shiny|34/100
|turn|10
|
|t:|1783538132
|move|p1b: Big Girl|Hyper Voice|p2b: Sinistcha|[spread] p2a,p2b
|-damage|p2a: Incineroar|41/100
|-damage|p2b: Sinistcha|16/100
|-enditem|p2a: Incineroar|Sitrus Berry|[eat]
|-heal|p2a: Incineroar|66/100|[from] item: Sitrus Berry
|move|p2b: Sinistcha|Matcha Gotcha|p1b: Big Girl|[spread] p1b
|-miss|p2b: Sinistcha|p1a: Tee
|-damage|p1b: Big Girl|12/100
|-heal|p2b: Sinistcha|26/100|[from] drain|[of] p1b: Big Girl
|-status|p1b: Big Girl|brn
|move|p2a: Incineroar|Flare Blitz|p1a: Tee
|-supereffective|p1a: Tee|1
|-enditem|p1a: Tee|Occa Berry|[eat]
|-enditem|p1a: Tee|Occa Berry|[weaken]
|-damage|p1a: Tee|15/100
|-damage|p2a: Incineroar|54/100|[from] Recoil
|move|p1a: Tee|Trick Room|p1a: Tee
|-fieldstart|move: Trick Room|[of] p1a: Tee
|
|-damage|p1b: Big Girl|6/100 brn|[from] brn
|upkeep
|turn|11
|
|t:|1783538148
|move|p2b: Sinistcha|Protect|p2b: Sinistcha
|-singleturn|p2b: Sinistcha|Protect
|move|p1a: Tee|Rage Powder|p1a: Tee
|-singleturn|p1a: Tee|move: Rage Powder
|move|p2a: Incineroar|Flare Blitz|p1a: Tee
|-supereffective|p1a: Tee|1
|-damage|p1a: Tee|0 fnt
|faint|p1a: Tee
|-damage|p2a: Incineroar|50/100g|[from] Recoil
|move|p1b: Big Girl|Hyper Voice|p2b: Sinistcha|[spread] p2a
|-activate|p2b: Sinistcha|move: Protect
|-damage|p2a: Incineroar|12/100
|
|-damage|p1b: Big Girl|1/100 brn|[from] brn
|upkeep
|turn|12
|
|t:|1783538155
|move|p2a: Incineroar|Flare Blitz|p1b: Big Girl
|-damage|p1b: Big Girl|0 fnt
|faint|p1b: Big Girl
|-damage|p2a: Incineroar|11/100|[from] Recoil
|
|win|naibot2814
|l|☆mkleo enjoyerr
|player|p1|
