|j|☆kingambitstan
|j|☆SlaymonSays
|html|kingambitstanSlaymonSays    
|uhtml|bestof|Game 1 of a best-of-3
|t:|1757848898
|gametype|doubles
|player|p1|kingambitstan|rika|1363
|player|p2|SlaymonSays|102|1293
|gen|9
|tier|[Gen 9] VGC 2025 Reg H (Bo3)
|rated|
|rule|Species Clause: Limit one of each Pokémon
|rule|Item Clause: Limit 1 of each item
|clearpoke
|poke|p1|Sneasler, L50, M|
|poke|p1|Rillaboom, L50, F|
|poke|p1|Electabuzz, L50, M|
|poke|p1|Kingambit, L50, M|
|poke|p1|Baxcalibur, L50, F|
|poke|p1|Incineroar, L50, M|
|poke|p2|Primarina, L50, M|
|poke|p2|Flamigo, L50, F|
|poke|p2|Gholdengo, L50|
|poke|p2|Rillaboom, L50, M|
|poke|p2|Incineroar, L50, F|
|poke|p2|Ninetales-Alola, L50, M|
|teampreview|4
|showteam|p1|Sneasler||FocusSash|PoisonTouch|DireClaw,CloseCombat,Coaching,Protect|||M|||50|,,,,,Stellar]Rillaboom||AssaultVest|GrassySurge|FakeOut,WoodHammer,GrassyGlide,HighHorsepower|||F|||50|,,,,,Fire]Electabuzz||Eviolite|VitalSpirit|FollowMe,Thunderbolt,Taunt,Protect|||M|||50|,,,,,Ghost]Kingambit||BlackGlasses|Defiant|SuckerPunch,KowtowCleave,SwordsDance,Protect|||M|||50|,,,,,Dark]Baxcalibur||LoadedDice|ThermalExchange|IcicleSpear,ScaleShot,IceShard,Protect|||F|||50|,,,,,Ghost]Incineroar||SafetyGoggles|Intimidate|FlareBlitz,KnockOff,FakeOut,PartingShot|||M|||50|,,,,,Grass
|showteam|p2|Primarina||LifeOrb|LiquidVoice|HyperVoice,Moonblast,Haze,Protect|||M|||50|,,,,,Steel]Flamigo||FocusSash|Scrappy|DualWingbeat,CloseCombat,Tailwind,Detect|||F|||50|,,,,,Ghost]Gholdengo||Leftovers|GoodasGold|MakeItRain,ShadowBall,NastyPlot,Protect||||||50|,,,,,Water]Rillaboom||AssaultVest|GrassySurge|FakeOut,GrassyGlide,WoodHammer,HighHorsepower|||M|||50|,,,,,Fire]Incineroar||SafetyGoggles|Intimidate|FakeOut,FlareBlitz,KnockOff,PartingShot|||F|||50|,,,,,Ghost]Ninetales-Alola||CovertCloak|SnowWarning|Blizzard,Disable,Encore,AuroraVeil|||M|||50|,,,,,Fire
|inactive|Battle timer is ON: inactive players will automatically lose when time's up. (requested by kingambitstan)
|inactive|kingambitstan has 60 seconds left.
|inactive|SlaymonSays has 60 seconds left.
|
|t:|1757848940
|teamsize|p1|4
|teamsize|p2|4
|start
|switch|p1a: Kris|Kingambit, L50, M|100/100
|switch|p1b: Dess|Sneasler, L50, M|100/100
|switch|p2a: Ninetales|Ninetales-Alola, L50, M|100/100
|switch|p2b: Flamigo|Flamigo, L50, F|100/100
|-weather|Snowscape|[from] ability: Snow Warning|[of] p2a: Ninetales
|turn|1
|inactive|kingambitstan has 30 seconds left.
|
|t:|1757848968
|move|p2b: Flamigo|Detect|p2b: Flamigo
|-singleturn|p2b: Flamigo|Protect
|move|p1a: Kris|Protect|p1a: Kris
|-singleturn|p1a: Kris|Protect
|move|p1b: Dess|Coaching|p1a: Kris
|-boost|p1a: Kris|atk|1
|-boost|p1a: Kris|def|1
|move|p2a: Ninetales|Aurora Veil|p2a: Ninetales
|-sidestart|p2: SlaymonSays|move: Aurora Veil
|
|-weather|Snowscape|[upkeep]
|upkeep
|turn|2
|
|t:|1757848980
|-terastallize|p1a: Kris|Dark
|move|p1a: Kris|Sucker Punch||[still]
|-fail|p1a: Kris
|move|p1b: Dess|Dire Claw|p2b: Flamigo
|-damage|p2b: Flamigo|62/100
|-status|p2b: Flamigo|psn
|move|p2a: Ninetales|Encore|p1a: Kris
|-start|p1a: Kris|Encore
|move|p2b: Flamigo|Tailwind|p2b: Flamigo
|-sidestart|p2: SlaymonSays|move: Tailwind
|
|-weather|Snowscape|[upkeep]
|-damage|p2b: Flamigo|50/100 psn|[from] psn
|upkeep
|turn|3
|inactive|SlaymonSays has 30 seconds left.
|
|t:|1757849009
|switch|p2b: Gholdengo|Gholdengo, L50|100/100
|move|p1a: Kris|Sucker Punch||[still]
|-fail|p1a: Kris
|move|p2a: Ninetales|Disable|p1a: Kris
|-start|p1a: Kris|Disable|Sucker Punch
|move|p1b: Dess|Dire Claw|p2a: Ninetales
|-supereffective|p2a: Ninetales
|-damage|p2a: Ninetales|38/100
|
|-weather|Snowscape|[upkeep]
|upkeep
|turn|4
|inactive|kingambitstan has 30 seconds left.
|
|t:|1757849037
|switch|p1a: Gerson Boom|Rillaboom, L50, F|100/100
|-fieldstart|move: Grassy Terrain|[from] ability: Grassy Surge|[of] p1a: Gerson Boom
|move|p2a: Ninetales|Blizzard|p1a: Gerson Boom|[spread] p1a,p1b
|-supereffective|p1a: Gerson Boom
|-damage|p1a: Gerson Boom|50/100
|-damage|p1b: Dess|59/100
|move|p2b: Gholdengo|Nasty Plot|p2b: Gholdengo
|-boost|p2b: Gholdengo|spa|2
|move|p1b: Dess|Dire Claw|p2a: Ninetales
|-supereffective|p2a: Ninetales
|-damage|p2a: Ninetales|0 fnt
|faint|p2a: Ninetales
|
|-weather|Snowscape|[upkeep]
|-heal|p1b: Dess|65/100|[from] Grassy Terrain
|-heal|p1a: Gerson Boom|57/100|[from] Grassy Terrain
|upkeep
|
|t:|1757849049
|switch|p2a: Incineroar|Incineroar, L50, F|100/100
|-ability|p2a: Incineroar|Intimidate|boost
|-unboost|p1a: Gerson Boom|atk|1
|-unboost|p1b: Dess|atk|1
|turn|5
|
|t:|1757849061
|switch|p1b: Ralsei|Electabuzz, L50, M, shiny|100/100
|move|p2b: Gholdengo|Make It Rain|p1a: Gerson Boom|[spread] p1a,p1b
|-resisted|p1b: Ralsei
|-damage|p1a: Gerson Boom|0 fnt
|-damage|p1b: Ralsei|72/100
|-unboost|p2b: Gholdengo|spa|1
|faint|p1a: Gerson Boom
|move|p2a: Incineroar|Parting Shot|p1b: Ralsei
|-unboost|p1b: Ralsei|atk|1
|-unboost|p1b: Ralsei|spa|1
|
|t:|1757849069
|switch|p2a: Flamigo|Flamigo, L50, F|50/100 psn|[from] Parting Shot
|
|-weather|none
|-heal|p1b: Ralsei|78/100|[from] Grassy Terrain
|-damage|p2a: Flamigo|37/100 psn|[from] psn
|-sideend|p2: SlaymonSays|move: Tailwind
|-sideend|p2: SlaymonSays|move: Aurora Veil
|upkeep
|
|t:|1757849080
|switch|p1a: Kris|Kingambit, L50, M, tera:Dark|100/100
|turn|6
|
|t:|1757849095
|-terastallize|p2b: Gholdengo|Water
|move|p1b: Ralsei|Follow Me|p1b: Ralsei
|-singleturn|p1b: Ralsei|move: Follow Me
|move|p2a: Flamigo|Close Combat|p1b: Ralsei
|-damage|p1b: Ralsei|21/100
|-unboost|p2a: Flamigo|def|1
|-unboost|p2a: Flamigo|spd|1
|move|p2b: Gholdengo|Nasty Plot|p2b: Gholdengo
|-boost|p2b: Gholdengo|spa|2
|move|p1a: Kris|Swords Dance|p1a: Kris
|-boost|p1a: Kris|atk|2
|
|-heal|p1b: Ralsei|27/100|[from] Grassy Terrain
|-damage|p2a: Flamigo|25/100 psn|[from] psn
|upkeep
|turn|7
|
|t:|1757849109
|move|p1a: Kris|Sucker Punch|p2b: Gholdengo
|-damage|p2b: Gholdengo|0 fnt
|faint|p2b: Gholdengo
|move|p2a: Flamigo|Close Combat|p1b: Ralsei
|-damage|p1b: Ralsei|0 fnt
|-unboost|p2a: Flamigo|def|1
|-unboost|p2a: Flamigo|spd|1
|faint|p1b: Ralsei
|
|-damage|p2a: Flamigo|13/100 psn|[from] psn
|upkeep
|
|t:|1757849115
|switch|p1b: Dess|Sneasler, L50, M|65/100
|switch|p2b: Incineroar|Incineroar, L50, F|100/100
|-ability|p2b: Incineroar|Intimidate|boost
|-unboost|p1a: Kris|atk|1
|-ability|p1a: Kris|Defiant|boost
|-boost|p1a: Kris|atk|2
|-unboost|p1b: Dess|atk|1
|turn|8
|
|t:|1757849125
|move|p1b: Dess|Protect|p1b: Dess
|-singleturn|p1b: Dess|Protect
|move|p1a: Kris|Protect|p1a: Kris
|-singleturn|p1a: Kris|Protect
|move|p2b: Incineroar|Fake Out|p1b: Dess
|-activate|p1b: Dess|move: Protect
|move|p2a: Flamigo|Tailwind|p2a: Flamigo
|-sidestart|p2: SlaymonSays|move: Tailwind
|
|-heal|p1b: Dess|71/100|[from] Grassy Terrain
|-damage|p2a: Flamigo|1/100 psn|[from] psn
|-fieldend|move: Grassy Terrain
|upkeep
|turn|9
|
|t:|1757849136
|move|p1a: Kris|Sucker Punch|p2a: Flamigo
|-resisted|p2a: Flamigo
|-damage|p2a: Flamigo|0 fnt
|faint|p2a: Flamigo
|move|p1b: Dess|Coaching|p1a: Kris
|-boost|p1a: Kris|atk|1
|-boost|p1a: Kris|def|1
|move|p2b: Incineroar|Flare Blitz|p1a: Kris
|-damage|p1a: Kris|73/100
|-damage|p2b: Incineroar|92/100|[from] Recoil
|
|upkeep
|turn|10
|-message|SlaymonSays forfeited.
|
|win|kingambitstan
|l|☆SlaymonSays
|player|p2|
||kingambitstan is ready for game 2.
||SlaymonSays is ready for game 2.
|uhtml|next|Next: Game 2 of 3
|l|☆kingambitstan
|player|p1|
