|j|☆yunsen
|j|☆Girharft
|html|yunsenGirharft    
|uhtml|bestof|Game 1 of a best-of-3
|t:|1783757035
|gametype|doubles
|player|p1|yunsen|n|1030
|player|p2|Girharft|schoolkid-gen4|1105
|gen|9
|tier|[Gen 9 Champions] VGC 2026 Reg M-B (Bo3)
|rated|
|rule|Species Clause: Limit one of each Pokémon
|rule|Item Clause: Limit 1 of each item
|clearpoke
|poke|p1|Raichu, L50, F|
|poke|p1|Whimsicott, L50, M|
|poke|p1|Basculegion, L50, M|
|poke|p1|Garchomp, L50, M|
|poke|p1|Floette-Eternal, L50, F|
|poke|p1|Gholdengo, L50|
|poke|p2|Malamar, L50, F|
|poke|p2|Sableye, L50, M|
|poke|p2|Whimsicott, L50, M|
|poke|p2|Empoleon, L50, F|
|poke|p2|Arcanine-Hisui, L50, M|
|poke|p2|Sceptile, L50, F|
|teampreview|4
|showteam|p1|Raichu||RaichuniteY|LightningRod|Protect,ZapCannon,FocusBlast,FakeOut|Modest||F|||50|]Whimsicott||FocusSash|Prankster|Protect,Moonblast,Tailwind,Encore|Timid||M|||50|]Basculegion||MysticWater|Adaptability|Protect,WaveCrash,LastRespects,AquaJet|Adamant||M|||50|]Garchomp||SitrusBerry|RoughSkin|RockSlide,StompingTantrum,DragonClaw,Protect|Jolly||M|||50|]Floette-Eternal||Floettite|FlowerVeil|Protect,Moonblast,DazzlingGleam,Psychic|Timid||F|||50|]Gholdengo||LifeOrb|GoodasGold|Protect,MakeItRain,NastyPlot,ShadowBall|Timid|||||50|
|showteam|p2|Malamar||Malamarite|Contrary|Protect,Superpower,KnockOff,PsychoCut|Careful||F|||50|]Sableye||FocusSash|Prankster|Quash,FakeOut,WillOWisp,RainDance|Careful||M|||50|]Whimsicott||MentalHerb|Prankster|Tailwind,Charm,Moonblast,Encore|Calm||M|||50|]Empoleon||ChoiceScarf|Competitive|FlashCannon,HydroPump,IceBeam,FlipTurn|Timid||F|||50|]Arcanine-Hisui||LifeOrb|RockHead|FlareBlitz,RockSlide,ExtremeSpeed,Protect|Jolly||M|||50|]Sceptile||Sceptilite|Overgrow|GigaDrain,DragonPulse,EarthPower,Detect|Timid||F|||50|
|inactive|Battle timer is ON: inactive players will automatically lose when time's up. (requested by yunsen)
|inactive|Girharft has 60 seconds left.
|inactive|Girharft has 30 seconds left.
|inactive|Girharft has 20 seconds left.
|inactive|Girharft has 15 seconds left.
|inactive|Girharft has 10 seconds left.
|inactive|Girharft has 5 seconds left.
|
|t:|1783757121
|teamsize|p1|4
|teamsize|p2|4
|start
|switch|p1a: Floette|Floette-Eternal, L50, F|100/100
|switch|p1b: Basculegion|Basculegion, L50, M|100/100
|switch|p2a: Sableye|Sableye, L50, M|100/100
|switch|p2b: Empoleon|Empoleon, L50, F|100/100
|turn|1
|inactive|yunsen has 30 seconds left.
|inactive|Girharft has 30 seconds left.
|inactive|yunsen has 20 seconds left.
|inactive|Girharft has 20 seconds left.
|
|t:|1783757161
|move|p1a: Floette|Protect|p1a: Floette
|-singleturn|p1a: Floette|Protect
|move|p1b: Basculegion|Protect|p1b: Basculegion
|-singleturn|p1b: Basculegion|Protect
|move|p2a: Sableye|Will-O-Wisp|p1b: Basculegion
|-activate|p1b: Basculegion|move: Protect
|move|p2b: Empoleon|Flip Turn|p1a: Floette
|-activate|p1a: Floette|move: Protect
|
|upkeep
|turn|2
|inactive|Girharft has 30 seconds left.
|
|t:|1783757195
|detailschange|p1a: Floette|Floette-Mega, L50, F
|-mega|p1a: Floette|Floette|Floettite
|-ability|p1a: Floette|Fairy Aura
|move|p1b: Basculegion|Aqua Jet|p2a: Sableye
|-damage|p2a: Sableye|51/100
|move|p2a: Sableye|Will-O-Wisp|p1b: Basculegion
|-status|p1b: Basculegion|brn
|move|p2b: Empoleon|Flip Turn|p1a: Floette
|-damage|p1a: Floette|78/100
|
|t:|1783757205
|switch|p2b: Arcanine|Arcanine-Hisui, L50, M|100/100|[from] Flip Turn
|move|p1a: Floette|Dazzling Gleam|p2b: Arcanine|[spread] p2a,p2b
|-supereffective|p2a: Sableye|1
|-resisted|p2b: Arcanine|1
|-damage|p2a: Sableye|0 fnt
|-damage|p2b: Arcanine|73/100
|faint|p2a: Sableye
|
|-damage|p1b: Basculegion|94/100 brn|[from] brn
|upkeep
|
|t:|1783757214
|switch|p2a: Sceptile|Sceptile, L50, F|100/100
|turn|3
|
|t:|1783757237
|switch|p2b: Empoleon|Empoleon, L50, F|100/100
|move|p2a: Sceptile|Detect|p2a: Sceptile
|-singleturn|p2a: Sceptile|Protect
|move|p1b: Basculegion|Aqua Jet|p2b: Empoleon
|-resisted|p2b: Empoleon|1
|-damage|p2b: Empoleon|89/100
|move|p1a: Floette|Moonblast|p2a: Sceptile
|-activate|p2a: Sceptile|move: Protect
|
|-damage|p1b: Basculegion|88/100 brn|[from] brn
|upkeep
|turn|4
|inactive|Girharft has 30 seconds left.
|inactive|Girharft has 20 seconds left.
|
|t:|1783757274
|switch|p1b: Gholdengo|Gholdengo, L50|100/100
|move|p2a: Sceptile|Giga Drain|p1b: Gholdengo
|-resisted|p1b: Gholdengo|1
|-damage|p1b: Gholdengo|82/100
|move|p2b: Empoleon|Flash Cannon|p1a: Floette
|-supereffective|p1a: Floette|1
|-damage|p1a: Floette|14/100
|move|p1a: Floette|Moonblast|p2a: Sceptile
|-damage|p2a: Sceptile|0 fnt
|faint|p2a: Sceptile
|
|upkeep
|
|t:|1783757289
|switch|p2a: Arcanine|Arcanine-Hisui, L50, M|73/100
|turn|5
|
|t:|1783757313
|move|p1a: Floette|Protect|p1a: Floette
|-singleturn|p1a: Floette|Protect
|move|p1b: Gholdengo|Protect|p1b: Gholdengo
|-singleturn|p1b: Gholdengo|Protect
|move|p2b: Empoleon|Flash Cannon|p1a: Floette
|-activate|p1a: Floette|move: Protect
|move|p2a: Arcanine|Rock Slide|p1a: Floette|[spread] 
|-activate|p1a: Floette|move: Protect
|-activate|p1b: Gholdengo|move: Protect
|
|upkeep
|turn|6
|
|t:|1783757335
|switch|p1a: Garchomp|Garchomp, L50, M|100/100
|move|p2b: Empoleon|Flash Cannon|p1a: Garchomp
|-damage|p1a: Garchomp|65/100
|-unboost|p1a: Garchomp|spd|1
|move|p2a: Arcanine|Rock Slide|p1b: Gholdengo|[spread] p1a,p1b
|-resisted|p1a: Garchomp|1
|-crit|p1a: Garchomp
|-resisted|p1b: Gholdengo|1
|-damage|p1a: Garchomp|42/100
|-damage|p1b: Gholdengo|66/100
|-enditem|p1a: Garchomp|Sitrus Berry|[eat]
|-heal|p1a: Garchomp|67/100|[from] item: Sitrus Berry
|-damage|p2a: Arcanine|63/100|[from] item: Life Orb
|cant|p1b: Gholdengo|flinch
|
|upkeep
|turn|7
|inactive|Girharft has 30 seconds left.
|
|t:|1783757368
|move|p2a: Arcanine|Extreme Speed|p1a: Garchomp
|-damage|p1a: Garchomp|34/100
|-damage|p2a: Arcanine|50/100g|[from] ability: Rough Skin|[of] p1a: Garchomp
|-damage|p2a: Arcanine|40/100|[from] item: Life Orb
|move|p2b: Empoleon|Flash Cannon|p1a: Garchomp
|-damage|p1a: Garchomp|0 fnt
|faint|p1a: Garchomp
|move|p1b: Gholdengo|Make It Rain|p2b: Empoleon|[spread] p2a,p2b
|-resisted|p2b: Empoleon|2
|-damage|p2a: Arcanine|0 fnt
|-damage|p2b: Empoleon|75/100
|-unboost|p1b: Gholdengo|spa|2
|faint|p2a: Arcanine
|-damage|p1b: Gholdengo|56/100|[from] item: Life Orb
|
|upkeep
|
|t:|1783757387
|switch|p1a: Floette|Floette-Mega, L50, F|14/100
|-ability|p1a: Floette|Fairy Aura
|turn|8
|
|t:|1783757398
|move|p2b: Empoleon|Flash Cannon|p1a: Floette
|-supereffective|p1a: Floette|1
|-damage|p1a: Floette|0 fnt
|faint|p1a: Floette
|move|p1b: Gholdengo|Nasty Plot|p1b: Gholdengo
|-boost|p1b: Gholdengo|spa|2
|
|upkeep
|
|t:|1783757404
|switch|p1a: Basculegion|Basculegion, L50, M|88/100 brn
|turn|9
|
|t:|1783757409
|move|p2b: Empoleon|Flash Cannon|p1b: Gholdengo
|-resisted|p1b: Gholdengo|1
|-damage|p1b: Gholdengo|39/100
|-unboost|p1b: Gholdengo|spd|1
|move|p1b: Gholdengo|Shadow Ball|p2b: Empoleon
|-damage|p2b: Empoleon|21/100
|-damage|p1b: Gholdengo|29/100|[from] item: Life Orb
|move|p1a: Basculegion|Last Respects|p2b: Empoleon
|-damage|p2b: Empoleon|0 fnt
|faint|p2b: Empoleon
|
|win|yunsen
||Girharft is ready for game 2.
|inactive|yunsen has 30 seconds to confirm battle start!
||yunsen is ready for game 2.
|uhtml|next|Next: Game 2 of 3
|l|☆Girharft
|player|p2|
