|j|☆Aeon_Twins
|j|☆ragnar brok
|html|Aeon_Twinsragnar brok    
|uhtml|bestof|Game 2 of a best-of-3
|t:|1782417101
|gametype|doubles
|player|p1|Aeon_Twins|n|1144
|player|p2|ragnar brok|ninjaboy|1112
|gen|9
|tier|[Gen 9 Champions] VGC 2026 Reg M-B (Bo3)
|rated|
|rule|Species Clause: Limit one of each Pokémon
|rule|Item Clause: Limit 1 of each item
|clearpoke
|poke|p1|Raichu, L50, M|
|poke|p1|Mawile, L50, F|
|poke|p1|Sinistcha, L50|
|poke|p1|Ceruledge, L50, F|
|poke|p1|Milotic, L50, F|
|poke|p1|Incineroar, L50, M|
|poke|p2|Farigiraf, L50, F|
|poke|p2|Charizard, L50, F|
|poke|p2|Garchomp, L50, M|
|poke|p2|Sylveon, L50, F|
|poke|p2|Aerodactyl, L50, M|
|poke|p2|Kingambit, L50, F|
|teampreview|4
|showteam|p1|Raichu||RaichuniteY|LightningRod|ZapCannon,FocusBlast,FakeOut,Protect|Timid||M|||50|]Mawile||Mawilite|HyperCutter|PlayRough,SuckerPunch,SwordsDance,Protect|Adamant||F|||50|]Sinistcha||KasibBerry|Hospitality|MatchaGotcha,LifeDew,RagePowder,Protect|Relaxed|||||50|]Ceruledge||ColburBerry|FlashFire|BitterBlade,ShadowSneak,BulkUp,Protect|Adamant||F|||50|]Milotic||Leftovers|Competitive|MuddyWater,Coil,Hypnosis,Protect|Calm||F|||50|]Incineroar||SitrusBerry|Intimidate|FlareBlitz,ThroatChop,FakeOut,PartingShot|Impish||M|||50|
|showteam|p2|Farigiraf||SitrusBerry|ArmorTail|TrickRoom,TwinBeam,Thunderbolt,GrassKnot|Bold||F|||50|]Charizard||CharizarditeY|Blaze|Protect,HeatWave,SolarBeam,WeatherBall|Modest||F|||50|]Garchomp||LifeOrb|RoughSkin|Protect,Earthquake,DragonClaw,StompingTantrum|Jolly||M|||50|]Sylveon||FairyFeather|Pixilate|Protect,HyperBeam,HyperVoice,QuickAttack|Modest||F|||50|]Aerodactyl||Aerodactylite|Unnerve|RockSlide,Tailwind,DualWingbeat,IceFang|Jolly||M|||50|]Kingambit||FocusSash|Defiant|KowtowCleave,SuckerPunch,IronHead,LowKick|Adamant||F|||50|
|inactive|Battle timer is ON: inactive players will automatically lose when time's up. (requested by ragnar brok)
|
|t:|1782417125
|teamsize|p1|4
|teamsize|p2|4
|start
|switch|p1a: Raichu|Raichu, L50, M|100/100
|switch|p1b: Milotic|Milotic, L50, F|100/100
|switch|p2a: Aerodactyl|Aerodactyl, L50, M|100/100
|switch|p2b: Garchomp|Garchomp, L50, M|100/100
|-ability|p2a: Aerodactyl|Unnerve
|turn|1
|
|t:|1782417137
|switch|p1a: Incineroar|Incineroar, L50, M|100/100
|-ability|p1a: Incineroar|Intimidate|boost
|-unboost|p2a: Aerodactyl|atk|1
|-unboost|p2b: Garchomp|atk|1
|detailschange|p2a: Aerodactyl|Aerodactyl-Mega, L50, M
|-mega|p2a: Aerodactyl|Aerodactyl|Aerodactylite
|move|p2a: Aerodactyl|Tailwind|p2a: Aerodactyl
|-sidestart|p2: ragnar brok|move: Tailwind
|move|p2b: Garchomp|Earthquake|p1b: Milotic|[spread] p1a,p1b
|-immune|p2a: Aerodactyl
|-supereffective|p1a: Incineroar|1
|-damage|p1a: Incineroar|53/100
|-damage|p1b: Milotic|71/100
|-damage|p2b: Garchomp|90/100|[from] item: Life Orb
|move|p1b: Milotic|Coil|p1b: Milotic
|-boost|p1b: Milotic|atk|1
|-boost|p1b: Milotic|def|1
|-boost|p1b: Milotic|accuracy|1
|
|-heal|p1b: Milotic|77/100|[from] item: Leftovers
|upkeep
|turn|2
|
|t:|1782417161
|move|p1a: Incineroar|Fake Out|p2b: Garchomp
|-damage|p2b: Garchomp|79/100
|-damage|p1a: Incineroar|41/100|[from] ability: Rough Skin|[of] p2b: Garchomp
|-enditem|p1a: Incineroar|Sitrus Berry|[eat]
|-heal|p1a: Incineroar|65/100|[from] item: Sitrus Berry
|move|p2a: Aerodactyl|Rock Slide|p1b: Milotic|[spread] p1a,p1b
|-supereffective|p1a: Incineroar|1
|-damage|p1a: Incineroar|39/100
|-damage|p1b: Milotic|67/100
|cant|p2b: Garchomp|flinch
|move|p1b: Milotic|Coil|p1b: Milotic
|-boost|p1b: Milotic|atk|1
|-boost|p1b: Milotic|def|1
|-boost|p1b: Milotic|accuracy|1
|
|-heal|p1b: Milotic|73/100|[from] item: Leftovers
|upkeep
|turn|3
|
|t:|1782417176
|switch|p1a: Sinistcha|Sinistcha, L50|100/100
|-heal|p1b: Milotic|98/100|[from] ability: Hospitality|[of] p1a: Sinistcha
|move|p2a: Aerodactyl|Rock Slide|p1a: Sinistcha|[spread] p1a,p1b
|-damage|p1a: Sinistcha|84/100
|-damage|p1b: Milotic|90/100
|move|p2b: Garchomp|Stomping Tantrum|p1b: Milotic
|-damage|p1b: Milotic|60/100
|-damage|p2b: Garchomp|69/100|[from] item: Life Orb
|move|p1b: Milotic|Hypnosis|p2b: Garchomp
|-status|p2b: Garchomp|slp|[from] move: Hypnosis
|
|-heal|p1b: Milotic|66/100|[from] item: Leftovers
|upkeep
|turn|4
|
|t:|1782417188
|switch|p1a: Incineroar|Incineroar, L50, M|39/100
|-ability|p1a: Incineroar|Intimidate|boost
|-unboost|p2a: Aerodactyl|atk|1
|-unboost|p2b: Garchomp|atk|1
|move|p2a: Aerodactyl|Rock Slide|p1b: Milotic|[spread] p1a,p1b
|-supereffective|p1a: Incineroar|1
|-damage|p1a: Incineroar|20/100y
|-damage|p1b: Milotic|60/100
|cant|p2b: Garchomp|slp
|cant|p1b: Milotic|flinch
|
|-heal|p1b: Milotic|66/100|[from] item: Leftovers
|-sideend|p2: ragnar brok|move: Tailwind
|upkeep
|turn|5
|
|t:|1782417203
|switch|p1a: Sinistcha|Sinistcha, L50|84/100
|-heal|p1b: Milotic|91/100|[from] ability: Hospitality|[of] p1a: Sinistcha
|move|p2a: Aerodactyl|Rock Slide|p1a: Sinistcha|[spread] p1a,p1b
|-damage|p1a: Sinistcha|71/100
|-damage|p1b: Milotic|86/100
|cant|p2b: Garchomp|slp
|cant|p1b: Milotic|flinch
|
|-heal|p1b: Milotic|92/100|[from] item: Leftovers
|upkeep
|turn|6
|
|t:|1782417224
|move|p2a: Aerodactyl|Dual Wingbeat|p1a: Sinistcha
|-supereffective|p1a: Sinistcha|1
|-damage|p1a: Sinistcha|48/100
|-supereffective|p1a: Sinistcha|1
|-damage|p1a: Sinistcha|24/100
|-hitcount|p1a: Sinistcha|2
|-curestatus|p2b: Garchomp|slp|[msg]
|move|p2b: Garchomp|Earthquake|p1b: Milotic|[spread] p1a,p1b
|-immune|p2a: Aerodactyl
|-resisted|p1a: Sinistcha|1
|-damage|p1a: Sinistcha|14/100
|-damage|p1b: Milotic|81/100
|-damage|p2b: Garchomp|60/100|[from] item: Life Orb
|move|p1b: Milotic|Muddy Water|p2a: Aerodactyl|[spread] p2a,p2b
|-supereffective|p2a: Aerodactyl|1
|-damage|p2a: Aerodactyl|52/100
|-damage|p2b: Garchomp|35/100
|-unboost|p2a: Aerodactyl|accuracy|1
|move|p1a: Sinistcha|Life Dew|p1a: Sinistcha|[spread] p1a,p1b
|-heal|p1a: Sinistcha|39/100
|-heal|p1b: Milotic|100/100
|
|upkeep
|turn|7
|
|t:|1782417242
|move|p1a: Sinistcha|Protect|p1a: Sinistcha
|-singleturn|p1a: Sinistcha|Protect
|move|p2a: Aerodactyl|Dual Wingbeat|p1a: Sinistcha
|-activate|p1a: Sinistcha|move: Protect
|move|p2b: Garchomp|Dragon Claw|p1a: Sinistcha
|-activate|p1a: Sinistcha|move: Protect
|move|p1b: Milotic|Hypnosis|p2a: Aerodactyl
|-status|p2a: Aerodactyl|slp|[from] move: Hypnosis
|
|upkeep
|turn|8
|
|t:|1782417258
|switch|p2a: Farigiraf|Farigiraf, L50, F|100/100
|switch|p2b: Kingambit|Kingambit, L50, F|100/100
|move|p1b: Milotic|Hypnosis|p2b: Kingambit
|-status|p2b: Kingambit|slp|[from] move: Hypnosis
|move|p1a: Sinistcha|Life Dew||[still]|[spread] p1a,p1b
|-heal|p1a: Sinistcha|64/100
|-fail|p1b: Milotic|heal
|
|upkeep
|turn|9
|
|t:|1782417267
|move|p1b: Milotic|Muddy Water|p2a: Farigiraf|[spread] p2a,p2b
|-damage|p2a: Farigiraf|79/100
|-damage|p2b: Kingambit|76/100 slp
|-unboost|p2a: Farigiraf|accuracy|1
|-unboost|p2b: Kingambit|accuracy|1
|-ability|p2b: Kingambit|Defiant|boost
|-boost|p2b: Kingambit|atk|2
|cant|p2b: Kingambit|slp
|move|p1a: Sinistcha|Life Dew||[still]|[spread] p1a,p1b
|-heal|p1a: Sinistcha|89/100
|-fail|p1b: Milotic|heal
|move|p2a: Farigiraf|Trick Room|p2a: Farigiraf
|-fieldstart|move: Trick Room|[of] p2a: Farigiraf
|
|upkeep
|turn|10
|
|t:|1782417285
|move|p2a: Farigiraf|Twin Beam|p1a: Sinistcha|[miss]
|-miss|p2a: Farigiraf|p1a: Sinistcha
|move|p1a: Sinistcha|Matcha Gotcha|p2b: Kingambit|[spread] p2b
|-miss|p1a: Sinistcha|p2a: Farigiraf
|-resisted|p2b: Kingambit|1
|-damage|p2b: Kingambit|63/100 slp
|-heal|p1a: Sinistcha|96/100|[from] drain|[of] p2b: Kingambit
|cant|p2b: Kingambit|slp
|move|p1b: Milotic|Hypnosis|p2a: Farigiraf
|-status|p2a: Farigiraf|slp|[from] move: Hypnosis
|
|upkeep
|turn|11
|
|t:|1782417296
|cant|p2a: Farigiraf|slp
|move|p1a: Sinistcha|Matcha Gotcha|p2a: Farigiraf|[spread] p2a,p2b
|-resisted|p2b: Kingambit|1
|-damage|p2a: Farigiraf|55/100 slp
|-heal|p1a: Sinistcha|100/100|[from] drain|[of] p2a: Farigiraf
|-damage|p2b: Kingambit|51/100 slp
|-curestatus|p2b: Kingambit|slp|[msg]
|move|p2b: Kingambit|Kowtow Cleave|p1a: Sinistcha
|-supereffective|p1a: Sinistcha|1
|-damage|p1a: Sinistcha|0 fnt
|faint|p1a: Sinistcha
|move|p1b: Milotic|Muddy Water|p2a: Farigiraf|[spread] p2a,p2b
|-damage|p2a: Farigiraf|35/100 slp
|-damage|p2b: Kingambit|24/100
|-unboost|p2a: Farigiraf|accuracy|1
|-unboost|p2b: Kingambit|accuracy|1
|-ability|p2b: Kingambit|Defiant|boost
|-boost|p2b: Kingambit|atk|2
|-enditem|p2a: Farigiraf|Sitrus Berry|[eat]
|-heal|p2a: Farigiraf|60/100 slp|[from] item: Sitrus Berry
|
|upkeep
|
|t:|1782417310
|switch|p1a: Incineroar|Incineroar, L50, M|20/100y
|-ability|p1a: Incineroar|Intimidate|boost
|-unboost|p2a: Farigiraf|atk|1
|-unboost|p2b: Kingambit|atk|1
|-ability|p2b: Kingambit|Defiant|boost
|-boost|p2b: Kingambit|atk|2
|turn|12
|
|t:|1782417325
|cant|p2a: Farigiraf|slp
|move|p1a: Incineroar|Throat Chop|p2a: Farigiraf
|-supereffective|p2a: Farigiraf|1
|-damage|p2a: Farigiraf|5/100 slp
|-start|p2a: Farigiraf|Throat Chop|[silent]
|move|p2b: Kingambit|Kowtow Cleave|p1b: Milotic
|-damage|p1b: Milotic|21/100
|move|p1b: Milotic|Muddy Water|p2b: Kingambit|[spread] p2a,p2b
|-damage|p2a: Farigiraf|0 fnt
|-damage|p2b: Kingambit|1/100
|-unboost|p2b: Kingambit|accuracy|1
|-ability|p2b: Kingambit|Defiant|boost
|-boost|p2b: Kingambit|atk|1
|faint|p2a: Farigiraf
|
|-heal|p1b: Milotic|27/100|[from] item: Leftovers
|upkeep
|
|t:|1782417336
|switch|p2a: Garchomp|Garchomp, L50, M|35/100
|turn|13
|
|t:|1782417346
|move|p2a: Garchomp|Protect|p2a: Garchomp
|-singleturn|p2a: Garchomp|Protect
|move|p2b: Kingambit|Sucker Punch||[still]
|-fail|p2b: Kingambit
|move|p1a: Incineroar|Parting Shot|p2a: Garchomp
|-activate|p2a: Garchomp|move: Protect
|move|p1b: Milotic|Hypnosis|p2b: Kingambit
|-status|p2b: Kingambit|slp|[from] move: Hypnosis
|
|-heal|p1b: Milotic|33/100|[from] item: Leftovers
|-fieldend|move: Trick Room
|upkeep
|turn|14
|
|t:|1782417362
|switch|p2b: Aerodactyl|Aerodactyl-Mega, L50, M|52/100 slp
|move|p2a: Garchomp|Earthquake|p1b: Milotic|[spread] p1a,p1b
|-immune|p2b: Aerodactyl
|-supereffective|p1a: Incineroar|1
|-damage|p1a: Incineroar|0 fnt
|-damage|p1b: Milotic|11/100
|faint|p1a: Incineroar
|-damage|p2a: Garchomp|25/100|[from] item: Life Orb
|move|p1b: Milotic|Muddy Water|p2b: Aerodactyl|[spread] p2a,p2b
|-supereffective|p2b: Aerodactyl|1
|-damage|p2a: Garchomp|0 fnt
|-damage|p2b: Aerodactyl|5/100 slp
|-unboost|p2b: Aerodactyl|accuracy|1
|faint|p2a: Garchomp
|
|-heal|p1b: Milotic|17/100|[from] item: Leftovers
|upkeep
|
|t:|1782417368
|switch|p2a: Kingambit|Kingambit, L50, F|1/100 slp
|switch|p1a: Raichu|Raichu, L50, M|100/100
|turn|15
|
|t:|1782417380
|detailschange|p1a: Raichu|Raichu-Mega-Y, L50, M
|-mega|p1a: Raichu|Raichu|Raichunite Y
|cant|p2a: Kingambit|slp
|cant|p2b: Aerodactyl|slp
|move|p1a: Raichu|Zap Cannon|p2a: Kingambit
|-damage|p2a: Kingambit|0 fnt
|faint|p2a: Kingambit
|move|p1b: Milotic|Muddy Water|p2b: Aerodactyl
|-supereffective|p2b: Aerodactyl|1
|-damage|p2b: Aerodactyl|0 fnt
|faint|p2b: Aerodactyl
|
|win|Aeon_Twins
