|j|☆stoshyy
|j|☆guillelona
|html|stoshyyguillelona    
|uhtml|bestof|Game 2 of a best-of-3
|t:|1784996679
|gametype|doubles
|player|p1|stoshyy|266|1116
|player|p2|guillelona|veteran|1161
|gen|9
|tier|[Gen 9 Champions] VGC 2026 Reg M-B (Bo3)
|rated|
|rule|Species Clause: Limit one of each Pokémon
|rule|Item Clause: Limit 1 of each item
|clearpoke
|poke|p1|Blaziken, L50, M|
|poke|p1|Kingambit, L50, F|
|poke|p1|Garchomp, L50, F|
|poke|p1|Floette-Eternal, L50, F|
|poke|p1|Whimsicott, L50, M|
|poke|p1|Sinistcha, L50|
|poke|p2|Vivillon-Tundra, L50, M|
|poke|p2|Mawile, L50, F|
|poke|p2|Torkoal, L50, M|
|poke|p2|Farigiraf, L50, F|
|poke|p2|Garchomp, L50, F|
|poke|p2|Raichu, L50, M|
|teampreview|4
|showteam|p1|Blaziken||Blazikenite|SpeedBoost|FlareBlitz,Protect,CloseCombat,RockSlide|Adamant||M|||50|]Kingambit||BlackGlasses|Defiant|KowtowCleave,SuckerPunch,IronHead,Protect|Adamant||F|||50|]Garchomp||ChoiceScarf|RoughSkin|DragonClaw,Earthquake,RockSlide,StompingTantrum|Jolly||F|||50|]Floette-Eternal||Floettite|FlowerVeil|CalmMind,Moonblast,Protect,DazzlingGleam|Timid||F|||50|]Whimsicott||FocusSash|Prankster|Encore,Moonblast,Tailwind,GrassKnot|Timid||M|||50|]Sinistcha||MiracleSeed|Hospitality|MatchaGotcha,Protect,TrickRoom,RagePowder|Bold|||||50|
|showteam|p2|Vivillon-Tundra||FocusSash|CompoundEyes|Hurricane,SleepPowder,RagePowder,Protect|Timid||M|||50|]Mawile||Mawilite|Intimidate|PlayRough,RockSlide,SuckerPunch,Protect|Adamant||F|||50|]Torkoal||Charcoal|Drought|Eruption,WeatherBall,Protect,EarthPower|Quiet||M|||50|]Farigiraf||SitrusBerry|ArmorTail|Psychic,Thunderbolt,TrickRoom,HelpingHand|Relaxed||F|||50|]Garchomp||LifeOrb|RoughSkin|DragonClaw,Earthquake,RockSlide,Protect|Jolly||F|||50|]Raichu||RaichuniteY|LightningRod|ZapCannon,FocusBlast,FakeOut,Protect|Timid||M|||50|
|inactive|Battle timer is ON: inactive players will automatically lose when time's up. (requested by stoshyy)
|inactive|stoshyy has 60 seconds left.
|inactive|guillelona has 60 seconds left.
|
|t:|1784996715
|teamsize|p1|4
|teamsize|p2|4
|start
|switch|p1a: Blaziken|Blaziken, L50, M|100/100
|switch|p1b: Whimsicott|Whimsicott, L50, M|100/100
|switch|p2a: Vivillon|Vivillon-Tundra, L50, M|100/100
|switch|p2b: Garchomp|Garchomp, L50, F|100/100
|turn|1
|inactive|stoshyy has 30 seconds left.
|
|t:|1784996742
|move|p2a: Vivillon|Protect|p2a: Vivillon
|-singleturn|p2a: Vivillon|Protect
|move|p1a: Blaziken|Protect|p1a: Blaziken
|-singleturn|p1a: Blaziken|Protect
|move|p1b: Whimsicott|Moonblast|p2b: Garchomp
|-supereffective|p2b: Garchomp|1
|-damage|p2b: Garchomp|16/100
|-unboost|p2b: Garchomp|spa|1
|move|p2b: Garchomp|Earthquake|p1a: Blaziken|[spread] p1b
|-activate|p2a: Vivillon|move: Protect
|-activate|p1a: Blaziken|move: Protect
|-resisted|p1b: Whimsicott|1
|-damage|p1b: Whimsicott|59/100
|-damage|p2b: Garchomp|7/100|[from] item: Life Orb
|
|-ability|p1a: Blaziken|Speed Boost|boost
|-boost|p1a: Blaziken|spe|1
|upkeep
|turn|2
|inactive|stoshyy has 30 seconds left.
|
|t:|1784996768
|switch|p2b: Farigiraf|Farigiraf, L50, F|100/100
|move|p1b: Whimsicott|Tailwind|p1b: Whimsicott
|-sidestart|p1: stoshyy|move: Tailwind
|move|p1a: Blaziken|Rock Slide|p2b: Farigiraf|[spread] p2a,p2b
|-supereffective|p2a: Vivillon|2
|-enditem|p2a: Vivillon|Focus Sash
|-damage|p2a: Vivillon|1/100
|-damage|p2b: Farigiraf|84/100
|move|p2a: Vivillon|Sleep Powder|p1a: Blaziken
|-status|p1a: Blaziken|slp|[from] move: Sleep Powder
|
|-ability|p1a: Blaziken|Speed Boost|boost
|-boost|p1a: Blaziken|spe|1
|upkeep
|turn|3
|inactive|stoshyy has 30 seconds left.
|
|t:|1784996799
|switch|p1a: Sinistcha|Sinistcha, L50|100/100
|-heal|p1b: Whimsicott|84/100|[from] ability: Hospitality|[of] p1a: Sinistcha
|move|p2a: Vivillon|Protect|p2a: Vivillon
|-singleturn|p2a: Vivillon|Protect
|move|p1b: Whimsicott|Moonblast|p2b: Farigiraf
|-damage|p2b: Farigiraf|50/100g
|-unboost|p2b: Farigiraf|spa|1
|move|p2b: Farigiraf|Trick Room|p2b: Farigiraf
|-fieldstart|move: Trick Room|[of] p2b: Farigiraf
|
|upkeep
|turn|4
|inactive|stoshyy has 30 seconds left.
|
|t:|1784996833
|switch|p2b: Mawile|Mawile, L50, F|100/100
|-ability|p2b: Mawile|Intimidate|boost
|-unboost|p1a: Sinistcha|atk|1
|-unboost|p1b: Whimsicott|atk|1
|move|p1a: Sinistcha|Rage Powder|p1a: Sinistcha
|-singleturn|p1a: Sinistcha|move: Rage Powder
|move|p2a: Vivillon|Hurricane|p1a: Sinistcha
|-supereffective|p1a: Sinistcha|1
|-damage|p1a: Sinistcha|0 fnt
|faint|p1a: Sinistcha
|move|p1b: Whimsicott|Moonblast|p2b: Mawile
|-resisted|p2b: Mawile|1
|-damage|p2b: Mawile|66/100
|
|upkeep
|
|t:|1784996851
|switch|p1a: Garchomp|Garchomp, L50, F|100/100
|turn|5
|inactive|stoshyy has 30 seconds left.
|
|t:|1784996883
|detailschange|p2b: Mawile|Mawile-Mega, L50, F
|-mega|p2b: Mawile|Mawile|Mawilite
|move|p2b: Mawile|Play Rough|p1a: Garchomp
|-supereffective|p1a: Garchomp|1
|-damage|p1a: Garchomp|0 fnt
|-damage|p2b: Mawile|54/100|[from] ability: Rough Skin|[of] p1a: Garchomp
|faint|p1a: Garchomp
|move|p2a: Vivillon|Hurricane|p1b: Whimsicott|[miss]
|-miss|p2a: Vivillon|p1b: Whimsicott
|move|p1b: Whimsicott|Grass Knot|p2b: Mawile
|-resisted|p2b: Mawile|1
|-damage|p2b: Mawile|44/100
|
|-sideend|p1: stoshyy|move: Tailwind
|upkeep
|
|t:|1784996906
|switch|p1a: Blaziken|Blaziken, L50, M|100/100 slp
|turn|6
|
|t:|1784996926
|cant|p1a: Blaziken|slp
|move|p2b: Mawile|Play Rough|p1a: Blaziken
|-crit|p1a: Blaziken
|-damage|p1a: Blaziken|0 fnt
|faint|p1a: Blaziken
|move|p2a: Vivillon|Hurricane|p1b: Whimsicott
|-supereffective|p1b: Whimsicott|1
|-damage|p1b: Whimsicott|0 fnt
|faint|p1b: Whimsicott
|
|win|guillelona
|raw|stoshyy's rating: 1116 → 1094(-22 for losing)
|raw|guillelona's rating: 1161 → 1183(+22 for winning)
|l|☆stoshyy
|player|p1|
