|j|☆phoenix burner
|j|☆BVSelf
|html|phoenix burnerBVSelf    
|uhtml|bestof|Game 1 of a best-of-3
|t:|1783243027
|gametype|doubles
|player|p1|phoenix burner|101|1245
|player|p2|BVSelf|juan|1331
|gen|9
|tier|[Gen 9 Champions] VGC 2026 Reg M-B (Bo3)
|rated|
|rule|Species Clause: Limit one of each Pokémon
|rule|Item Clause: Limit 1 of each item
|clearpoke
|poke|p1|Aerodactyl, L50, M, shiny|
|poke|p1|Charizard, L50, M, shiny|
|poke|p1|Basculegion, L50, M, shiny|
|poke|p1|Kingambit, L50, M, shiny|
|poke|p1|Farigiraf, L50, M, shiny|
|poke|p1|Incineroar, L50, M, shiny|
|poke|p2|Torkoal, L50, F|
|poke|p2|Venusaur, L50, F|
|poke|p2|Farigiraf, L50, F|
|poke|p2|Scrafty, L50, M|
|poke|p2|Mamoswine, L50, M|
|poke|p2|Pyroar, L50, M|
|teampreview|4
|showteam|p1|Aerodactyl||FocusSash|RockHead|RockSlide,DualWingbeat,Protect,Tailwind|Jolly||M|||50|]Charizard||CharizarditeY|SolarPower|HeatWave,SolarBeam,Protect,WeatherBall|Modest||M|||50|]Basculegion||MysticWater|Adaptability|WaveCrash,LastRespects,Protect,AquaJet|Adamant||M|||50|]Kingambit||BlackGlasses|Defiant|KowtowCleave,IronHead,Protect,SuckerPunch|Adamant||M|||50|]Farigiraf||SitrusBerry|ArmorTail|Psychic,HyperVoice,TrickRoom,HelpingHand|Bold||M|||50|]Incineroar||ChopleBerry|Intimidate|FlareBlitz,ThroatChop,PartingShot,FakeOut|Careful||M|||50|
|showteam|p2|Torkoal||HeatRock|Drought|Eruption,WeatherBall,HelpingHand,Protect|Quiet||F|||50|]Venusaur||LifeOrb|Chlorophyll|EnergyBall,SludgeBomb,EarthPower,Protect|Modest||F|||50|]Farigiraf||SitrusBerry|ArmorTail|Psychic,Thunderbolt,TrickRoom,Protect|Quiet||F|||50|]Scrafty||Scraftinite|Intimidate|KnockOff,DrainPunch,IcePunch,FakeOut|Adamant||M|||50|]Mamoswine||FocusSash|Oblivious|HighHorsepower,RockSlide,IceShard,Protect|Adamant||M|||50|]Pyroar||Pyroarite|Unnerve|HeatWave,Overheat,Yawn,Protect|Timid||M|||50|
|inactive|Battle timer is ON: inactive players will automatically lose when time's up. (requested by phoenix burner)
|inactive|phoenix burner has 60 seconds left.
|inactive|phoenix burner has 30 seconds left.
|
|t:|1783243090
|teamsize|p1|4
|teamsize|p2|4
|start
|switch|p1a: Charizard|Charizard, L50, M, shiny|100/100
|switch|p1b: Kingambit|Kingambit, L50, M, shiny|100/100
|switch|p2a: Mamoswine|Mamoswine, L50, M|100/100
|switch|p2b: Scrafty|Scrafty, L50, M|100/100
|-ability|p2b: Scrafty|Intimidate|boost
|-unboost|p1a: Charizard|atk|1
|-unboost|p1b: Kingambit|atk|1
|-ability|p1b: Kingambit|Defiant|boost
|-boost|p1b: Kingambit|atk|2
|turn|1
|inactive|phoenix burner has 30 seconds left.
|inactive|BVSelf has 30 seconds left.
|
|t:|1783243119
|detailschange|p1a: Charizard|Charizard-Mega-Y, L50, M, shiny
|-mega|p1a: Charizard|Charizard|Charizardite Y
|-weather|SunnyDay|[from] ability: Drought|[of] p1a: Charizard
|move|p2b: Scrafty|Fake Out|p1b: Kingambit
|-resisted|p1b: Kingambit|1
|-damage|p1b: Kingambit|95/100
|cant|p1b: Kingambit|flinch
|move|p1a: Charizard|Heat Wave|p2b: Scrafty|[spread] p2a,p2b
|-supereffective|p2a: Mamoswine|1
|-enditem|p2a: Mamoswine|Focus Sash
|-damage|p2a: Mamoswine|1/100
|-damage|p2b: Scrafty|40/100
|move|p2a: Mamoswine|Rock Slide|p1b: Kingambit|[spread] p1a,p1b
|-supereffective|p1a: Charizard|2
|-resisted|p1b: Kingambit|1
|-crit|p1b: Kingambit
|-damage|p1a: Charizard|12/100
|-damage|p1b: Kingambit|84/100
|
|-weather|SunnyDay|[upkeep]
|upkeep
|turn|2
|inactive|phoenix burner has 30 seconds left.
|inactive|phoenix burner has 20 seconds left.
|inactive|phoenix burner has 15 seconds left.
|
|t:|1783243161
|move|p2a: Mamoswine|Ice Shard|p1a: Charizard
|-damage|p1a: Charizard|0 fnt
|faint|p1a: Charizard
|move|p1b: Kingambit|Sucker Punch|p2b: Scrafty
|-resisted|p2b: Scrafty|2
|-damage|p2b: Scrafty|24/100
|move|p2b: Scrafty|Drain Punch|p1b: Kingambit
|-supereffective|p1b: Kingambit|2
|-damage|p1b: Kingambit|0 fnt
|-heal|p2b: Scrafty|75/100|[from] drain|[of] p1b: Kingambit
|faint|p1b: Kingambit
|
|-weather|SunnyDay|[upkeep]
|upkeep
|
|t:|1783243172
|switch|p1a: Basculegion|Basculegion, L50, M, shiny|100/100
|switch|p1b: Aerodactyl|Aerodactyl, L50, M, shiny|100/100
|turn|3
|
|t:|1783243193
|detailschange|p2b: Scrafty|Scrafty-Mega, L50, M
|-mega|p2b: Scrafty|Scrafty|Scraftinite
|-ability|p2b: Scrafty|Intimidate|boost
|-unboost|p1a: Basculegion|atk|1
|-unboost|p1b: Aerodactyl|atk|1
|move|p1a: Basculegion|Protect|p1a: Basculegion
|-singleturn|p1a: Basculegion|Protect
|move|p2a: Mamoswine|Ice Shard|p1b: Aerodactyl
|-supereffective|p1b: Aerodactyl|1
|-damage|p1b: Aerodactyl|29/100
|move|p1b: Aerodactyl|Tailwind|p1b: Aerodactyl
|-sidestart|p1: phoenix burner|move: Tailwind
|move|p2b: Scrafty|Knock Off|p1a: Basculegion
|-activate|p1a: Basculegion|move: Protect
|
|-weather|SunnyDay|[upkeep]
|upkeep
|turn|4
|inactive|BVSelf has 30 seconds left.
|
|t:|1783243222
|switch|p2b: Farigiraf|Farigiraf, L50, F|100/100
|move|p2a: Mamoswine|Ice Shard|p1b: Aerodactyl
|-supereffective|p1b: Aerodactyl|1
|-damage|p1b: Aerodactyl|0 fnt
|faint|p1b: Aerodactyl
|move|p1a: Basculegion|Wave Crash|p2b: Farigiraf
|-damage|p2b: Farigiraf|71/100
|-damage|p1a: Basculegion|89/100|[from] Recoil
|
|-weather|SunnyDay|[upkeep]
|upkeep
|turn|5
|
|t:|1783243236
|move|p2a: Mamoswine|Protect|p2a: Mamoswine
|-singleturn|p2a: Mamoswine|Protect
|move|p1a: Basculegion|Wave Crash|p2a: Mamoswine
|-activate|p2a: Mamoswine|move: Protect
|move|p2b: Farigiraf|Trick Room|p2b: Farigiraf
|-fieldstart|move: Trick Room|[of] p2b: Farigiraf
|
|-weather|none
|upkeep
|turn|6
|
|t:|1783243251
|move|p1a: Basculegion|Protect|p1a: Basculegion
|-singleturn|p1a: Basculegion|Protect
|move|p2b: Farigiraf|Thunderbolt|p1a: Basculegion
|-activate|p1a: Basculegion|move: Protect
|move|p2a: Mamoswine|High Horsepower|p1a: Basculegion
|-activate|p1a: Basculegion|move: Protect
|
|-sideend|p1: phoenix burner|move: Tailwind
|upkeep
|turn|7
|
|t:|1783243262
|move|p2b: Farigiraf|Thunderbolt|p1a: Basculegion
|-supereffective|p1a: Basculegion|1
|-damage|p1a: Basculegion|30/100
|move|p1a: Basculegion|Wave Crash|p2b: Farigiraf
|-damage|p2b: Farigiraf|17/100
|-enditem|p2b: Farigiraf|Sitrus Berry|[eat]
|-heal|p2b: Farigiraf|41/100|[from] item: Sitrus Berry
|-damage|p1a: Basculegion|10/100|[from] Recoil
|move|p2a: Mamoswine|High Horsepower|p1a: Basculegion
|-damage|p1a: Basculegion|0 fnt
|faint|p1a: Basculegion
|
|win|BVSelf
|inactive|phoenix burner has 30 seconds to confirm battle start!
|inactive|BVSelf has 30 seconds to confirm battle start!
||phoenix burner is ready for game 2.
|inactive|BVSelf has 20 seconds to confirm battle start!
||BVSelf is ready for game 2.
|uhtml|next|Next: Game 2 of 3
|l|☆phoenix burner
|player|p1|
