|j|☆arcanedniall
|j|☆Billlmads24
|html|arcanedniallBilllmads24    
|uhtml|bestof|Game 1 of a best-of-3
|t:|1757774659
|gametype|doubles
|player|p1|arcanedniall|janitor|1176
|player|p2|Billlmads24|caitlin|1281
|gen|9
|tier|[Gen 9] VGC 2025 Reg H (Bo3)
|rated|
|rule|Species Clause: Limit one of each Pokémon
|rule|Item Clause: Limit 1 of each item
|clearpoke
|poke|p1|Rillaboom, L50, M|
|poke|p1|Porygon2, L50|
|poke|p1|Hawlucha, L50, M|
|poke|p1|Volcarona, L50, F|
|poke|p1|Dragonite, L50, F|
|poke|p1|Ursaluna-Bloodmoon, L50, M|
|poke|p2|Annihilape, L50, F|
|poke|p2|Dragonite, L50, F|
|poke|p2|Gholdengo, L50|
|poke|p2|Incineroar, L50, M|
|poke|p2|Ursaluna-Bloodmoon, L50, M|
|poke|p2|Maushold, L50|
|teampreview|4
|showteam|p1|Rillaboom||AssaultVest|GrassySurge|FakeOut,GrassyGlide,WoodHammer,Uturn|||M|||50|,,,,,Fire]Porygon2||Eviolite|Download|IceBeam,Thunderbolt,Recover,TrickRoom||||||50|,,,,,Dark]Hawlucha||GrassySeed|Unburden|Acrobatics,BodyPress,Encore,Protect|||M|||50|,,,,,Grass]Volcarona||CovertCloak|FlameBody|HeatWave,BugBuzz,RagePowder,QuiverDance|||F|||50|,,,,,Electric]Dragonite||LoadedDice|InnerFocus|ExtremeSpeed,ScaleShot,Haze,Protect|||F|||50|,,,,,Fairy]Ursaluna-Bloodmoon||LifeOrb|MindsEye|BloodMoon,EarthPower,HyperVoice,Protect|||M|||50|,,,,,Ghost
|showteam|p2|Annihilape||SitrusBerry|Defiant|DrainPunch,RageFist,BulkUp,Protect|||F|||50|,,,,,Fire]Dragonite||LoadedDice|Multiscale|ScaleShot,Tailwind,Haze,Protect|||F|||50|,,,,,Fairy]Gholdengo||LifeOrb|GoodasGold|MakeItRain,ShadowBall,NastyPlot,Protect||||||50|,,,,,Water]Incineroar||CovertCloak|Intimidate|FlareBlitz,KnockOff,FakeOut,PartingShot|||M|||50|,,,,,Ghost]Ursaluna-Bloodmoon||AssaultVest|MindsEye|BloodMoon,HyperVoice,VacuumWave,EarthPower|||M|||50|,,,,,Water]Maushold||SafetyGoggles|FriendGuard|BeatUp,Taunt,FollowMe,Protect||||||50|,,,,,Ghost
|
|t:|1757774708
|teamsize|p1|4
|teamsize|p2|4
|start
|switch|p1a: Volcarona|Volcarona, L50, F|100/100
|switch|p1b: Rillaboom|Rillaboom, L50, M|100/100
|switch|p2a: Maushold|Maushold, L50|100/100
|switch|p2b: Annihilape|Annihilape, L50, F|100/100
|-fieldstart|move: Grassy Terrain|[from] ability: Grassy Surge|[of] p1b: Rillaboom
|turn|1
|
|t:|1757774735
|-terastallize|p2a: Maushold|Ghost
|move|p1b: Rillaboom|Fake Out|p2a: Maushold
|-immune|p2a: Maushold
|move|p2a: Maushold|Beat Up|p2b: Annihilape
|-damage|p2b: Annihilape|99/100
|-damage|p2b: Annihilape|97/100
|-damage|p2b: Annihilape|95/100
|-damage|p2b: Annihilape|92/100
|-hitcount|p2b: Annihilape|4
|move|p2b: Annihilape|Rage Fist|p1a: Volcarona
|-damage|p1a: Volcarona|0 fnt
|-status|p2b: Annihilape|brn|[from] ability: Flame Body|[of] p1a: Volcarona
|faint|p1a: Volcarona
|
|-heal|p2b: Annihilape|99/100 brn|[from] Grassy Terrain
|-damage|p2b: Annihilape|92/100 brn|[from] brn
|upkeep
|
|t:|1757774756
|switch|p1a: Hawlucha|Hawlucha, L50, M|100/100
|-enditem|p1a: Hawlucha|Grassy Seed
|-boost|p1a: Hawlucha|def|1|[from] item: Grassy Seed
|turn|2
|
|t:|1757774793
|switch|p2b: Gholdengo|Gholdengo, L50|100/100
|switch|p1b: Ursaluna|Ursaluna-Bloodmoon, L50, M|100/100
|move|p2a: Maushold|Protect|p2a: Maushold
|-singleturn|p2a: Maushold|Protect
|move|p1a: Hawlucha|Acrobatics|p2a: Maushold
|-activate|p2a: Maushold|move: Protect
|
|upkeep
|turn|3
|
|t:|1757774826
|move|p2a: Maushold|Follow Me|p2a: Maushold
|-singleturn|p2a: Maushold|move: Follow Me
|move|p1a: Hawlucha|Acrobatics|p2a: Maushold
|-damage|p2a: Maushold|52/100
|move|p2b: Gholdengo|Nasty Plot|p2b: Gholdengo
|-boost|p2b: Gholdengo|spa|2
|move|p1b: Ursaluna|Hyper Voice|p2a: Maushold|[spread] p2a,p2b
|-resisted|p2b: Gholdengo
|-damage|p2a: Maushold|0 fnt
|-damage|p2b: Gholdengo|79/100
|faint|p2a: Maushold
|-damage|p1b: Ursaluna|91/100|[from] item: Life Orb
|
|-heal|p2b: Gholdengo|85/100|[from] Grassy Terrain
|-heal|p1b: Ursaluna|97/100|[from] Grassy Terrain
|upkeep
|
|t:|1757774839
|switch|p2a: Incineroar|Incineroar, L50, M|100/100
|-ability|p2a: Incineroar|Intimidate|boost
|-unboost|p1a: Hawlucha|atk|1
|-unboost|p1b: Ursaluna|atk|1
|turn|4
|
|t:|1757774868
|move|p1b: Ursaluna|Protect|p1b: Ursaluna
|-singleturn|p1b: Ursaluna|Protect
|move|p2a: Incineroar|Fake Out|p1b: Ursaluna
|-activate|p1b: Ursaluna|move: Protect
|move|p1a: Hawlucha|Body Press|p2a: Incineroar
|-supereffective|p2a: Incineroar
|-damage|p2a: Incineroar|20/100
|move|p2b: Gholdengo|Nasty Plot|p2b: Gholdengo
|-boost|p2b: Gholdengo|spa|2
|
|-heal|p2b: Gholdengo|91/100|[from] Grassy Terrain
|-heal|p2a: Incineroar|26/100|[from] Grassy Terrain
|-heal|p1b: Ursaluna|100/100|[from] Grassy Terrain
|upkeep
|turn|5
|
|t:|1757774907
|switch|p2a: Annihilape|Annihilape, L50, F|92/100 brn
|move|p1a: Hawlucha|Acrobatics|p2a: Annihilape
|-supereffective|p2a: Annihilape
|-damage|p2a: Annihilape|40/100 brn
|-enditem|p2a: Annihilape|Sitrus Berry|[eat]
|-heal|p2a: Annihilape|65/100 brn|[from] item: Sitrus Berry
|move|p2b: Gholdengo|Make It Rain|p1b: Ursaluna|[spread] p1a,p1b
|-damage|p1a: Hawlucha|0 fnt
|-damage|p1b: Ursaluna|0 fnt
|-unboost|p2b: Gholdengo|spa|1
|faint|p1a: Hawlucha
|faint|p1b: Ursaluna
|-damage|p2b: Gholdengo|81/100|[from] item: Life Orb
|
|-heal|p2a: Annihilape|71/100 brn|[from] Grassy Terrain
|-heal|p2b: Gholdengo|87/100|[from] Grassy Terrain
|-damage|p2a: Annihilape|65/100 brn|[from] brn
|-fieldend|move: Grassy Terrain
|upkeep
|
|t:|1757774930
|switch|p1b: Rillaboom|Rillaboom, L50, M|100/100
|-fieldstart|move: Grassy Terrain|[from] ability: Grassy Surge|[of] p1b: Rillaboom
|turn|6
|inactive|Battle timer is ON: inactive players will automatically lose when time's up. (requested by Billlmads24)
|
|t:|1757774940
|switch|p2a: Incineroar|Incineroar, L50, M|26/100
|-ability|p2a: Incineroar|Intimidate|boost
|-unboost|p1b: Rillaboom|atk|1
|-terastallize|p1b: Rillaboom|Fire
|move|p2b: Gholdengo|Make It Rain|p1b: Rillaboom
|-resisted|p1b: Rillaboom
|-damage|p1b: Rillaboom|29/100
|-unboost|p2b: Gholdengo|spa|1
|-damage|p2b: Gholdengo|77/100|[from] item: Life Orb
|move|p1b: Rillaboom|Wood Hammer|p2a: Incineroar
|-resisted|p2a: Incineroar
|-damage|p2a: Incineroar|0 fnt
|faint|p2a: Incineroar
|-damage|p1b: Rillaboom|21/100|[from] Recoil
|
|-heal|p2b: Gholdengo|83/100|[from] Grassy Terrain
|-heal|p1b: Rillaboom|27/100|[from] Grassy Terrain
|upkeep
|
|t:|1757774949
|switch|p2a: Annihilape|Annihilape, L50, F|65/100 brn
|turn|7
|
|t:|1757774973
|move|p2a: Annihilape|Rage Fist|p1b: Rillaboom
|-damage|p1b: Rillaboom|0 fnt
|faint|p1b: Rillaboom
|
|win|Billlmads24
||Billlmads24 is ready for game 2.
||arcanedniall is ready for game 2.
|uhtml|next|Next: Game 2 of 3
|l|☆arcanedniall
|player|p1|
