|j|☆abadanriyi92
|j|☆kimu dora
|html|abadanriyi92kimu dora    
|uhtml|bestof|Game 2 of a best-of-3
|t:|1785772367
|gametype|doubles
|player|p1|abadanriyi92|colress|1211
|player|p2|kimu dora|266|1075
|gen|9
|tier|[Gen 9 Champions] VGC 2026 Reg M-B (Bo3)
|rated|
|rule|Species Clause: Limit one of each Pokémon
|rule|Item Clause: Limit 1 of each item
|clearpoke
|poke|p1|Tyranitar, L50, M|
|poke|p1|Excadrill, L50, M|
|poke|p1|Milotic, L50, F|
|poke|p1|Sinistcha, L50|
|poke|p1|Staraptor, L50, F|
|poke|p1|Gholdengo, L50|
|poke|p2|Raichu, L50, F|
|poke|p2|Sylveon, L50, M|
|poke|p2|Farigiraf, L50, F|
|poke|p2|Staraptor, L50, F|
|poke|p2|Arcanine-Hisui, L50, M|
|poke|p2|Kingambit, L50, F|
|teampreview|4
|showteam|p1|Tyranitar||Tyranitarite|SandStream|KnockOff,RockSlide,HighHorsepower,Protect|Jolly||M|||50|]Excadrill||FocusSash|SandRush|Earthquake,IronHead,RockSlide,Protect|Adamant||M|||50|]Milotic||SitrusBerry|Competitive|Scald,IcyWind,Haze,Protect|Calm||F|||50|]Sinistcha||ColburBerry|Hospitality|MatchaGotcha,ShadowBall,Protect,RagePowder|Bold|||||50|]Staraptor||Staraptite|Intimidate|CloseCombat,BraveBird,Tailwind,Protect|Jolly||F|||50|]Gholdengo||LifeOrb|GoodasGold|MakeItRain,ShadowBall,NastyPlot,Protect|Modest|||||50|
|showteam|p2|Raichu||RaichuniteY|LightningRod|ZapCannon,FocusBlast,FakeOut,Protect|Timid||F|||50|]Sylveon||FairyFeather|Pixilate|HyperVoice,QuickAttack,HyperBeam,Detect|Modest||M|||50|]Farigiraf||SitrusBerry|ArmorTail|HelpingHand,TrickRoom,Psychic,Protect|Calm||F|||50|]Staraptor||Staraptite|Intimidate|DualWingbeat,CloseCombat,Tailwind,Protect|Jolly||F|||50|]Arcanine-Hisui||FocusSash|RockHead|FlareBlitz,HeadSmash,ExtremeSpeed,Protect|Jolly||M|||50|]Kingambit||LifeOrb|Defiant|KowtowCleave,SuckerPunch,SwordsDance,Protect|Adamant||F|||50|
|inactive|Battle timer is ON: inactive players will automatically lose when time's up. (requested by abadanriyi92)
|
|t:|1785772423
|teamsize|p1|4
|teamsize|p2|4
|start
|switch|p1a: Milotic|Milotic, L50, F|100/100
|switch|p1b: Tyranitar|Tyranitar, L50, M|100/100
|switch|p2a: Raichu|Raichu, L50, F|100/100
|switch|p2b: Sylveon|Sylveon, L50, M|100/100
|-weather|Sandstorm|[from] ability: Sand Stream|[of] p1b: Tyranitar
|turn|1
|
|t:|1785772443
|detailschange|p2a: Raichu|Raichu-Mega-Y, L50, F
|-mega|p2a: Raichu|Raichu|Raichunite Y
|move|p1b: Tyranitar|Protect|p1b: Tyranitar
|-singleturn|p1b: Tyranitar|Protect
|move|p2a: Raichu|Zap Cannon|p1a: Milotic
|-supereffective|p1a: Milotic|1
|-damage|p1a: Milotic|13/100
|-status|p1a: Milotic|par
|-enditem|p1a: Milotic|Sitrus Berry|[eat]
|-heal|p1a: Milotic|38/100 par|[from] item: Sitrus Berry
|move|p2b: Sylveon|Hyper Voice|p1a: Milotic|[spread] p1a
|-activate|p1b: Tyranitar|move: Protect
|-damage|p1a: Milotic|6/100 par
|move|p1a: Milotic|Icy Wind|p2b: Sylveon|[spread] p2a,p2b
|-damage|p2a: Raichu|85/100
|-damage|p2b: Sylveon|92/100
|-unboost|p2a: Raichu|spe|1
|-unboost|p2b: Sylveon|spe|1
|
|-weather|Sandstorm|[upkeep]
|-damage|p2a: Raichu|79/100|[from] Sandstorm
|-damage|p2b: Sylveon|86/100|[from] Sandstorm
|-damage|p1a: Milotic|1/100 par|[from] Sandstorm
|upkeep
|turn|2
|inactive|abadanriyi92 has 30 seconds left.
|inactive|kimu dora has 30 seconds left.
|
|t:|1785772477
|switch|p2a: Kingambit|Kingambit, L50, F|100/100
|detailschange|p1b: Tyranitar|Tyranitar-Mega, L50, M
|-mega|p1b: Tyranitar|Tyranitar|Tyranitarite
|move|p2b: Sylveon|Quick Attack|p1a: Milotic
|-damage|p1a: Milotic|0 fnt
|faint|p1a: Milotic
|move|p1b: Tyranitar|Rock Slide|p2b: Sylveon|[spread] p2a,p2b
|-resisted|p2a: Kingambit|1
|-damage|p2a: Kingambit|86/100
|-damage|p2b: Sylveon|51/100
|
|-weather|Sandstorm|[upkeep]
|-damage|p2b: Sylveon|45/100|[from] Sandstorm
|upkeep
|
|t:|1785772489
|switch|p1a: Excadrill|Excadrill, L50, M|100/100
|turn|3
|inactive|abadanriyi92 has 30 seconds left.
|
|t:|1785772522
|move|p1a: Excadrill|Protect|p1a: Excadrill
|-singleturn|p1a: Excadrill|Protect
|move|p2a: Kingambit|Sucker Punch||[still]
|-fail|p2a: Kingambit
|move|p2b: Sylveon|Quick Attack|p1a: Excadrill
|-activate|p1a: Excadrill|move: Protect
|move|p1b: Tyranitar|Knock Off|p2b: Sylveon
|-resisted|p2b: Sylveon|1
|-damage|p2b: Sylveon|14/100
|-enditem|p2b: Sylveon|Fairy Feather|[from] move: Knock Off|[of] p1b: Tyranitar
|
|-weather|Sandstorm|[upkeep]
|-damage|p2b: Sylveon|8/100|[from] Sandstorm
|upkeep
|turn|4
|inactive|abadanriyi92 has 30 seconds left.
|
|t:|1785772556
|switch|p1a: Sinistcha|Sinistcha, L50|100/100
|move|p2a: Kingambit|Sucker Punch||[still]
|-fail|p2a: Kingambit
|move|p2b: Sylveon|Quick Attack|p1b: Tyranitar
|-supereffective|p1b: Tyranitar|1
|-damage|p1b: Tyranitar|84/100
|move|p1b: Tyranitar|Rock Slide|p2b: Sylveon|[spread] p2a,p2b
|-resisted|p2a: Kingambit|1
|-damage|p2a: Kingambit|75/100
|-damage|p2b: Sylveon|0 fnt
|faint|p2b: Sylveon
|
|-weather|Sandstorm|[upkeep]
|-damage|p1a: Sinistcha|94/100|[from] Sandstorm
|upkeep
|
|t:|1785772564
|switch|p2b: Arcanine|Arcanine-Hisui, L50, M|100/100
|turn|5
|inactive|abadanriyi92 has 30 seconds left.
|inactive|abadanriyi92 has 20 seconds left.
|inactive|abadanriyi92 has 15 seconds left.
|inactive|abadanriyi92 has 10 seconds left.
|
|t:|1785772612
|move|p1a: Sinistcha|Protect|p1a: Sinistcha
|-singleturn|p1a: Sinistcha|Protect
|move|p2b: Arcanine|Flare Blitz|p1a: Sinistcha
|-activate|p1a: Sinistcha|move: Protect
|move|p1b: Tyranitar|High Horsepower|p2b: Arcanine
|-supereffective|p2b: Arcanine|2
|-enditem|p2b: Arcanine|Focus Sash
|-damage|p2b: Arcanine|1/100
|move|p2a: Kingambit|Kowtow Cleave|p1b: Tyranitar
|-resisted|p1b: Tyranitar|1
|-damage|p1b: Tyranitar|64/100
|-damage|p2a: Kingambit|66/100|[from] item: Life Orb
|
|-weather|none
|upkeep
|turn|6
|inactive|abadanriyi92 has 30 seconds left.
|inactive|abadanriyi92 has 20 seconds left.
|
|t:|1785772649
|move|p2b: Arcanine|Protect|p2b: Arcanine
|-singleturn|p2b: Arcanine|Protect
|move|p1a: Sinistcha|Rage Powder|p1a: Sinistcha
|-singleturn|p1a: Sinistcha|move: Rage Powder
|move|p1b: Tyranitar|Rock Slide|p2a: Kingambit|[spread] p2a
|-activate|p2b: Arcanine|move: Protect
|-resisted|p2a: Kingambit|1
|-damage|p2a: Kingambit|53/100
|move|p2a: Kingambit|Kowtow Cleave|p1a: Sinistcha
|-supereffective|p1a: Sinistcha|1
|-enditem|p1a: Sinistcha|Colbur Berry|[eat]
|-enditem|p1a: Sinistcha|Colbur Berry|[weaken]
|-damage|p1a: Sinistcha|42/100
|-damage|p2a: Kingambit|43/100|[from] item: Life Orb
|
|upkeep
|turn|7
|inactive|abadanriyi92 has 30 seconds left.
|inactive|kimu dora has 30 seconds left.
|inactive|kimu dora has 20 seconds left.
|inactive|kimu dora has 15 seconds left.
|inactive|kimu dora has 10 seconds left.
|
|t:|1785772696
|switch|p2b: Raichu|Raichu-Mega-Y, L50, F|79/100
|move|p1a: Sinistcha|Rage Powder|p1a: Sinistcha
|-singleturn|p1a: Sinistcha|move: Rage Powder
|move|p1b: Tyranitar|Rock Slide|p2b: Raichu|[spread] p2a,p2b
|-resisted|p2a: Kingambit|1
|-damage|p2a: Kingambit|30/100
|-damage|p2b: Raichu|32/100
|move|p2a: Kingambit|Kowtow Cleave|p1a: Sinistcha
|-supereffective|p1a: Sinistcha|1
|-damage|p1a: Sinistcha|0 fnt
|faint|p1a: Sinistcha
|-damage|p2a: Kingambit|20/100y|[from] item: Life Orb
|
|upkeep
|
|t:|1785772709
|switch|p1a: Excadrill|Excadrill, L50, M|100/100
|turn|8
|inactive|abadanriyi92 has 30 seconds left.
|inactive|abadanriyi92 has 20 seconds left.
|inactive|abadanriyi92 has 15 seconds left.
|inactive|abadanriyi92 has 10 seconds left.
|
|t:|1785772757
|move|p2b: Raichu|Protect|p2b: Raichu
|-singleturn|p2b: Raichu|Protect
|move|p1a: Excadrill|Protect|p1a: Excadrill
|-singleturn|p1a: Excadrill|Protect
|move|p2a: Kingambit|Sucker Punch||[still]
|-fail|p2a: Kingambit
|move|p1b: Tyranitar|Rock Slide|p2b: Raichu|[spread] p2a
|-activate|p2b: Raichu|move: Protect
|-resisted|p2a: Kingambit|1
|-damage|p2a: Kingambit|9/100
|
|upkeep
|turn|9
|inactive|abadanriyi92 has 30 seconds left.
|inactive|abadanriyi92 has 20 seconds left.
|
|t:|1785772792
|move|p2a: Kingambit|Sucker Punch|p1a: Excadrill
|-damage|p1a: Excadrill|27/100
|-damage|p2a: Kingambit|0 fnt|[from] item: Life Orb
|faint|p2a: Kingambit
|move|p2b: Raichu|Focus Blast|p1b: Tyranitar
|-supereffective|p1b: Tyranitar|2
|-damage|p1b: Tyranitar|0 fnt
|faint|p1b: Tyranitar
|move|p1a: Excadrill|Earthquake|p2b: Raichu
|-supereffective|p2b: Raichu|1
|-damage|p2b: Raichu|0 fnt
|faint|p2b: Raichu
|
|upkeep
|
|t:|1785772799
|switch|p2b: Arcanine|Arcanine-Hisui, L50, M|1/100
|turn|10
|
|t:|1785772814
|move|p2b: Arcanine|Flare Blitz|p1a: Excadrill
|-supereffective|p1a: Excadrill|1
|-damage|p1a: Excadrill|0 fnt
|faint|p1a: Excadrill
|
|win|kimu dora
