|j|☆Jiaco5
|j|☆lolgz
|html|Jiaco5lolgz    
|uhtml|bestof|Game 1 of a best-of-3
|t:|1782522298
|gametype|doubles
|player|p1|Jiaco5|101|1149
|player|p2|lolgz|dawn|1189
|gen|9
|tier|[Gen 9 Champions] VGC 2026 Reg M-B (Bo3)
|rated|
|rule|Species Clause: Limit one of each Pokémon
|rule|Item Clause: Limit 1 of each item
|clearpoke
|poke|p1|Blaziken, L50, F|
|poke|p1|Aerodactyl, L50, F|
|poke|p1|Kingambit, L50, F|
|poke|p1|Basculegion, L50, M|
|poke|p1|Sylveon, L50, M|
|poke|p1|Tsareena, L50, F|
|poke|p2|Torkoal, L50, M|
|poke|p2|Vileplume, L50, M|
|poke|p2|Farigiraf, L50, F|
|poke|p2|Scrafty, L50, M|
|poke|p2|Gallade, L50, M|
|poke|p2|Mawile, L50, M|
|teampreview|4
|showteam|p1|Blaziken||Blazikenite|SpeedBoost|FlareBlitz,CloseCombat,Protect,RockSlide|Adamant||F|||50|]Aerodactyl||Aerodactylite|Unnerve|RockSlide,DualWingbeat,Protect,Tailwind|Jolly||F|||50|]Kingambit||OccaBerry|Defiant|KowtowCleave,Protect,IronHead,SuckerPunch|Adamant||F|||50|]Basculegion||LifeOrb|Adaptability|WaveCrash,Protect,LastRespects,AquaJet|Adamant||M|||50|]Sylveon||FairyFeather|Pixilate|HyperBeam,HyperVoice,Protect,Yawn|Modest||M|||50|]Tsareena||WideLens|QueenlyMajesty|Protect,PowerWhip,HighJumpKick,TripleAxel|Adamant||F|||50|
|showteam|p2|Torkoal||Charcoal|Drought|Eruption,WeatherBall,EarthPower,Protect|Quiet||M|||50|]Vileplume||FocusSash|Chlorophyll|EnergyBall,SludgeBomb,SleepPowder,AfterYou|Timid||M|||50|]Farigiraf||SitrusBerry|ArmorTail|TrickRoom,Thunderbolt,Psychic,HelpingHand|Relaxed||F|||50|]Scrafty||Scraftinite|Intimidate|FakeOut,CloseCombat,KnockOff,RockTomb|Brave||M|||50|]Gallade||IronBall|Sharpness|SacredSword,PsychoCut,WideGuard,TrickRoom|Brave||M|||50|]Mawile||Mawilite|HyperCutter|SuckerPunch,PlayRough,SwordsDance,Protect|Brave||M|||50|
|inactive|Battle timer is ON: inactive players will automatically lose when time's up. (requested by lolgz)
|inactive|Jiaco5 has 60 seconds left.
|
|t:|1782522349
|teamsize|p1|4
|teamsize|p2|4
|start
|switch|p1a: Aerodactyl|Aerodactyl, L50, F|100/100
|switch|p1b: Kingambit|Kingambit, L50, F|100/100
|switch|p2a: Vileplume|Vileplume, L50, M|100/100
|switch|p2b: Torkoal|Torkoal, L50, M|100/100
|-ability|p1a: Aerodactyl|Unnerve
|-weather|SunnyDay|[from] ability: Drought|[of] p2b: Torkoal
|turn|1
|
|t:|1782522362
|move|p2a: Vileplume|Sleep Powder|p1a: Aerodactyl
|-status|p1a: Aerodactyl|slp|[from] move: Sleep Powder
|cant|p1a: Aerodactyl|slp
|move|p1b: Kingambit|Kowtow Cleave|p2b: Torkoal
|-damage|p2b: Torkoal|59/100
|move|p2b: Torkoal|Weather Ball|p1b: Kingambit
|-supereffective|p1b: Kingambit|1
|-enditem|p1b: Kingambit|Occa Berry|[eat]
|-enditem|p1b: Kingambit|Occa Berry|[weaken]
|-damage|p1b: Kingambit|13/100
|
|-weather|SunnyDay|[upkeep]
|upkeep
|turn|2
|
|t:|1782522369
|move|p1b: Kingambit|Sucker Punch|p2b: Torkoal
|-damage|p2b: Torkoal|26/100
|move|p2a: Vileplume|Energy Ball|p1b: Kingambit
|-resisted|p1b: Kingambit|1
|-damage|p1b: Kingambit|0 fnt
|faint|p1b: Kingambit
|-curestatus|p1a: Aerodactyl|slp|[msg]
|move|p1a: Aerodactyl|Dual Wingbeat|p2a: Vileplume
|-supereffective|p2a: Vileplume|1
|-damage|p2a: Vileplume|59/100
|-supereffective|p2a: Vileplume|1
|-damage|p2a: Vileplume|15/100
|-hitcount|p2a: Vileplume|2
|move|p2b: Torkoal|Weather Ball|p1a: Aerodactyl
|-resisted|p1a: Aerodactyl|1
|-damage|p1a: Aerodactyl|54/100
|
|-weather|SunnyDay|[upkeep]
|upkeep
|
|t:|1782522376
|switch|p1b: Blaziken|Blaziken, L50, F|100/100
|turn|3
|
|t:|1782522385
|detailschange|p1b: Blaziken|Blaziken-Mega, L50, F
|-mega|p1b: Blaziken|Blaziken|Blazikenite
|move|p2a: Vileplume|Sleep Powder|p1b: Blaziken
|-status|p1b: Blaziken|slp|[from] move: Sleep Powder
|move|p1a: Aerodactyl|Rock Slide|p2b: Torkoal|[spread] p2a,p2b
|-supereffective|p2b: Torkoal|1
|-damage|p2a: Vileplume|0 fnt
|-damage|p2b: Torkoal|0 fnt
|faint|p2a: Vileplume
|faint|p2b: Torkoal
|cant|p1b: Blaziken|slp
|
|-weather|SunnyDay|[upkeep]
|-ability|p1b: Blaziken|Speed Boost|boost
|-boost|p1b: Blaziken|spe|1
|upkeep
|
|t:|1782522390
|switch|p2a: Mawile|Mawile, L50, M|100/100
|switch|p2b: Farigiraf|Farigiraf, L50, F|100/100
|turn|4
|
|t:|1782522399
|detailschange|p2a: Mawile|Mawile-Mega, L50, M
|-mega|p2a: Mawile|Mawile|Mawilite
|-curestatus|p1b: Blaziken|slp|[msg]
|move|p1b: Blaziken|Flare Blitz|p2b: Farigiraf
|-damage|p2b: Farigiraf|3/100
|-damage|p1b: Blaziken|53/100|[from] Recoil
|move|p1a: Aerodactyl|Rock Slide|p2b: Farigiraf|[spread] p2a,p2b
|-resisted|p2a: Mawile|1
|-damage|p2a: Mawile|88/100
|-damage|p2b: Farigiraf|0 fnt
|faint|p2b: Farigiraf
|move|p2a: Mawile|Play Rough|p1b: Blaziken
|-damage|p1b: Blaziken|0 fnt
|faint|p1b: Blaziken
|
|-weather|SunnyDay|[upkeep]
|upkeep
|
|t:|1782522409
|switch|p1b: Basculegion|Basculegion, L50, M|100/100
|turn|5
|
|t:|1782522414
|move|p2a: Mawile|Sucker Punch|p1b: Basculegion
|-supereffective|p1b: Basculegion|1
|-damage|p1b: Basculegion|0 fnt
|faint|p1b: Basculegion
|move|p1a: Aerodactyl|Rock Slide|p2a: Mawile|[miss]
|-miss|p1a: Aerodactyl|p2a: Mawile
|
|-weather|none
|upkeep
|turn|6
|
|t:|1782522420
|move|p1a: Aerodactyl|Rock Slide|p2a: Mawile
|-resisted|p2a: Mawile|1
|-damage|p2a: Mawile|74/100
|cant|p2a: Mawile|flinch
|
|upkeep
|turn|7
|
|t:|1782522425
|move|p1a: Aerodactyl|Rock Slide|p2a: Mawile
|-resisted|p2a: Mawile|1
|-damage|p2a: Mawile|59/100
|move|p2a: Mawile|Play Rough|p1a: Aerodactyl
|-damage|p1a: Aerodactyl|0 fnt
|faint|p1a: Aerodactyl
|
|win|lolgz
