|j|☆Dudeguy47
|j|☆spodermees
|html|Dudeguy47spodermees    
|uhtml|bestof|Game 3 of a best-of-3
|t:|1783322663
|gametype|doubles
|player|p1|Dudeguy47|170|1040
|player|p2|spodermees|sailor|1059
|gen|9
|tier|[Gen 9 Champions] VGC 2026 Reg M-B (Bo3)
|rated|
|rule|Species Clause: Limit one of each Pokémon
|rule|Item Clause: Limit 1 of each item
|clearpoke
|poke|p1|Farigiraf, L50, F|
|poke|p1|Raichu, L50, F|
|poke|p1|Torkoal, L50, F|
|poke|p1|Scrafty, L50, F|
|poke|p1|Sylveon, L50, M|
|poke|p1|Basculegion, L50, M|
|poke|p2|Swampert, L50, M|
|poke|p2|Raichu, L50, F|
|poke|p2|Pelipper, L50, M|
|poke|p2|Sableye, L50, M|
|poke|p2|Incineroar, L50, F|
|poke|p2|Archaludon, L50, M|
|teampreview|4
|showteam|p1|Farigiraf||Leftovers|ArmorTail|Psychic,TrickRoom,HelpingHand,Protect|Relaxed||F|||50|]Raichu||RaichuniteY|LightningRod|Protect,ZapCannon,FocusBlast,GrassKnot|Timid||F|||50|]Torkoal||Charcoal|Drought|Eruption,WeatherBall,SolarBeam,Protect|Quiet||F|||50|]Scrafty||Scraftinite|Intimidate|DrainPunch,BulkUp,FakeOut,KnockOff|Adamant||F|||50|]Sylveon||FairyFeather|Pixilate|HyperVoice,Protect,LightScreen,Reflect|Modest||M|||50|]Basculegion||ChoiceScarf|Adaptability|WaveCrash,LastRespects,FlipTurn,IceFang|Jolly||M|||50|
|showteam|p2|Swampert||Swampertite|Damp|WaveCrash,Earthquake,IcePunch,Protect|Adamant||M|||50|]Raichu||RaichuniteY|LightningRod|FakeOut,Protect,ZapCannon,FocusBlast|Hasty||F|||50|]Pelipper||FocusSash|Drizzle|WeatherBall,Hurricane,WideGuard,Tailwind|Modest||M|||50|]Sableye||RoseliBerry|Prankster|RainDance,FakeOut,LightScreen,Reflect|Careful||M|||50|]Incineroar||SitrusBerry|Intimidate|FakeOut,PartingShot,WillOWisp,ThroatChop|Careful||F|||50|]Archaludon||Leftovers|Stamina|ElectroShot,DracoMeteor,FlashCannon,Protect|Modest||M|||50|
|inactive|Battle timer is ON: inactive players will automatically lose when time's up. (requested by spodermees)
|inactive|Dudeguy47 has 60 seconds left.
|inactive|spodermees has 60 seconds left.
|
|t:|1783322707
|teamsize|p1|4
|teamsize|p2|4
|start
|switch|p1a: Farigiraf|Farigiraf, L50, F|100/100
|switch|p1b: Sylveon|Sylveon, L50, M|100/100
|switch|p2a: Archaludon|Archaludon, L50, M|100/100
|switch|p2b: Sableye|Sableye, L50, M|100/100
|turn|1
|
|t:|1783322726
|move|p1a: Farigiraf|Helping Hand|p1b: Sylveon
|-singleturn|p1b: Sylveon|Helping Hand|[of] p1a: Farigiraf
|move|p2b: Sableye|Rain Dance|p2b: Sableye
|-weather|RainDance
|move|p2a: Archaludon|Electro Shot||[still]
|-prepare|p2a: Archaludon|Electro Shot
|-boost|p2a: Archaludon|spa|1
|-anim|p2a: Archaludon|Electro Shot|p1b: Sylveon
|-damage|p1b: Sylveon|58/100
|move|p1b: Sylveon|Hyper Voice|p2a: Archaludon|[spread] p2a,p2b
|-supereffective|p2b: Sableye|1
|-enditem|p2b: Sableye|Roseli Berry|[eat]
|-enditem|p2b: Sableye|Roseli Berry|[weaken]
|-damage|p2a: Archaludon|28/100
|-damage|p2b: Sableye|14/100
|-ability|p2a: Archaludon|Stamina|boost
|-boost|p2a: Archaludon|def|1
|
|-weather|RainDance|[upkeep]
|-heal|p2a: Archaludon|34/100|[from] item: Leftovers
|upkeep
|turn|2
|inactive|Dudeguy47 has 30 seconds left.
|
|t:|1783322753
|move|p1b: Sylveon|Protect|p1b: Sylveon
|-singleturn|p1b: Sylveon|Protect
|move|p2b: Sableye|Light Screen|p2b: Sableye
|-sidestart|p2: spodermees|move: Light Screen
|move|p2a: Archaludon|Flash Cannon|p1b: Sylveon
|-activate|p1b: Sylveon|move: Protect
|move|p1a: Farigiraf|Trick Room|p1a: Farigiraf
|-fieldstart|move: Trick Room|[of] p1a: Farigiraf
|
|-weather|RainDance|[upkeep]
|-heal|p2a: Archaludon|40/100|[from] item: Leftovers
|upkeep
|turn|3
|
|t:|1783322767
|move|p1a: Farigiraf|Helping Hand|p1b: Sylveon
|-singleturn|p1b: Sylveon|Helping Hand|[of] p1a: Farigiraf
|move|p2a: Archaludon|Protect|p2a: Archaludon
|-singleturn|p2a: Archaludon|Protect
|move|p2b: Sableye|Reflect|p2b: Sableye
|-sidestart|p2: spodermees|Reflect
|move|p1b: Sylveon|Hyper Voice|p2a: Archaludon|[spread] p2b
|-activate|p2a: Archaludon|move: Protect
|-supereffective|p2b: Sableye|1
|-damage|p2b: Sableye|0 fnt
|faint|p2b: Sableye
|
|-weather|RainDance|[upkeep]
|-heal|p2a: Archaludon|46/100|[from] item: Leftovers
|upkeep
|
|t:|1783322774
|switch|p2b: Pelipper|Pelipper, L50, M|100/100
|turn|4
|
|t:|1783322798
|move|p2b: Pelipper|Wide Guard|p2b: Pelipper
|-singleturn|p2b: Pelipper|Wide Guard
|move|p1a: Farigiraf|Psychic|p2b: Pelipper
|-damage|p2b: Pelipper|74/100
|move|p1b: Sylveon|Light Screen|p1b: Sylveon
|-sidestart|p1: Dudeguy47|move: Light Screen
|move|p2a: Archaludon|Flash Cannon|p1b: Sylveon
|-supereffective|p1b: Sylveon|1
|-damage|p1b: Sylveon|6/100
|
|-weather|RainDance|[upkeep]
|-heal|p2a: Archaludon|52/100|[from] item: Leftovers
|upkeep
|turn|5
|inactive|spodermees has 30 seconds left.
|
|t:|1783322828
|move|p2a: Archaludon|Protect|p2a: Archaludon
|-singleturn|p2a: Archaludon|Protect
|move|p1a: Farigiraf|Psychic|p2b: Pelipper
|-damage|p2b: Pelipper|48/100
|move|p1b: Sylveon|Hyper Voice|p2a: Archaludon|[spread] p2b
|-activate|p2a: Archaludon|move: Protect
|-damage|p2b: Pelipper|7/100
|move|p2b: Pelipper|Weather Ball|p1b: Sylveon
|-crit|p1b: Sylveon
|-damage|p1b: Sylveon|0 fnt
|faint|p1b: Sylveon
|
|-weather|none
|-heal|p2a: Archaludon|58/100|[from] item: Leftovers
|upkeep
|
|t:|1783322852
|switch|p1b: Raichu|Raichu, L50, F|100/100
|turn|6
|
|t:|1783322867
|switch|p2b: Swampert|Swampert, L50, M|100/100
|move|p1b: Raichu|Protect|p1b: Raichu
|-singleturn|p1b: Raichu|Protect
|move|p1a: Farigiraf|Psychic|p2b: Swampert
|-damage|p2b: Swampert|76/100
|move|p2a: Archaludon|Draco Meteor|p1b: Raichu
|-activate|p1b: Raichu|move: Protect
|
|-heal|p2a: Archaludon|64/100|[from] item: Leftovers
|-sideend|p2: spodermees|move: Light Screen
|-fieldend|move: Trick Room
|upkeep
|turn|7
|inactive|Dudeguy47 has 30 seconds left.
|inactive|Dudeguy47 has 20 seconds left.
|inactive|Dudeguy47 has 15 seconds left.
|
|t:|1783322909
|detailschange|p1b: Raichu|Raichu-Mega-Y, L50, F
|-mega|p1b: Raichu|Raichu|Raichunite Y
|move|p2b: Swampert|Protect|p2b: Swampert
|-singleturn|p2b: Swampert|Protect
|move|p1b: Raichu|Focus Blast|p2a: Archaludon
|-supereffective|p2a: Archaludon|1
|-crit|p2a: Archaludon
|-damage|p2a: Archaludon|0 fnt
|faint|p2a: Archaludon
|move|p1a: Farigiraf|Psychic|p2b: Swampert
|-activate|p2b: Swampert|move: Protect
|
|-sideend|p2: spodermees|Reflect
|upkeep
|
|t:|1783322915
|switch|p2a: Pelipper|Pelipper, L50, M|7/100
|-weather|RainDance|[from] ability: Drizzle|[of] p2a: Pelipper
|turn|8
|inactive|Dudeguy47 has 30 seconds left.
|
|t:|1783322943
|detailschange|p2b: Swampert|Swampert-Mega, L50, M
|-mega|p2b: Swampert|Swampert|Swampertite
|move|p1b: Raichu|Protect|p1b: Raichu
|-singleturn|p1b: Raichu|Protect
|move|p2b: Swampert|Earthquake|p1b: Raichu|[spread] p1a
|-activate|p1b: Raichu|move: Protect
|-immune|p2a: Pelipper
|-damage|p1a: Farigiraf|63/100
|move|p2a: Pelipper|Weather Ball|p1a: Farigiraf
|-damage|p1a: Farigiraf|21/100
|move|p1a: Farigiraf|Psychic|p2a: Pelipper
|-damage|p2a: Pelipper|0 fnt
|faint|p2a: Pelipper
|
|-weather|RainDance|[upkeep]
|-heal|p1a: Farigiraf|27/100|[from] item: Leftovers
|-sideend|p1: Dudeguy47|move: Light Screen
|upkeep
|turn|9
|
|t:|1783322965
|move|p1a: Farigiraf|Protect|p1a: Farigiraf
|-singleturn|p1a: Farigiraf|Protect
|move|p2b: Swampert|Earthquake|p1a: Farigiraf|[spread] p1b
|-activate|p1a: Farigiraf|move: Protect
|-supereffective|p1b: Raichu|1
|-damage|p1b: Raichu|0 fnt
|faint|p1b: Raichu
|
|-weather|RainDance|[upkeep]
|-heal|p1a: Farigiraf|33/100|[from] item: Leftovers
|upkeep
|
|t:|1783322970
|switch|p1b: Basculegion|Basculegion, L50, M|100/100
|turn|10
|
|t:|1783322993
|move|p2b: Swampert|Wave Crash|p1b: Basculegion
|-resisted|p1b: Basculegion|1
|-damage|p1b: Basculegion|22/100
|-damage|p2b: Swampert|47/100|[from] Recoil
|move|p1b: Basculegion|Wave Crash|p2b: Swampert
|-damage|p2b: Swampert|0 fnt
|faint|p2b: Swampert
|-damage|p1b: Basculegion|9/100|[from] Recoil
|
|win|Dudeguy47
|raw|Dudeguy47's rating: 1040 → 1076(+36 for winning)
|raw|spodermees's rating: 1059 → 1039(-20 for losing)
