|j|☆d1mo22
|j|☆vrocehpalon
|html|d1mo22vrocehpalon    
|uhtml|bestof|Game 1 of a best-of-3
|t:|1784294065
|gametype|doubles
|player|p1|d1mo22|skier|1261
|player|p2|vrocehpalon|marshal|1416
|gen|9
|tier|[Gen 9 Champions] VGC 2026 Reg M-B (Bo3)
|rated|
|rule|Species Clause: Limit one of each Pokémon
|rule|Item Clause: Limit 1 of each item
|clearpoke
|poke|p1|Raichu, L50, F|
|poke|p1|Gyarados, L50, F, shiny|
|poke|p1|Mamoswine, L50, M|
|poke|p1|Ceruledge, L50, F|
|poke|p1|Sinistcha, L50|
|poke|p1|Kingambit, L50, M, shiny|
|poke|p2|Charizard, L50, F|
|poke|p2|Venusaur, L50, F|
|poke|p2|Grimmsnarl, L50, M|
|poke|p2|Pelipper, L50, M|
|poke|p2|Archaludon, L50, M|
|poke|p2|Basculegion, L50, M|
|teampreview|4
|showteam|p1|Raichu||RaichuniteY|LightningRod|FakeOut,Encore,ZapCannon,FocusBlast|Timid||F|||50|]Gyarados||Gyaradosite|Intimidate|LashOut,Waterfall,DragonDance,Protect|Adamant||F|||50|]Mamoswine||LifeOrb|Oblivious|Protect,IcicleCrash,IceShard,HighHorsepower|Jolly||M|||50|]Ceruledge||ColburBerry|FlashFire|BitterBlade,ShadowSneak,BulkUp,Protect|Adamant||F|||50|]Sinistcha||SitrusBerry|Hospitality|Protect,RagePowder,MatchaGotcha,LifeDew|Bold|||||50|]Kingambit||FocusSash|Defiant|Protect,SuckerPunch,KowtowCleave,IronHead|Adamant||M|||50|
|showteam|p2|Charizard||CharizarditeY|Blaze|HeatWave,WeatherBall,SolarBeam,Protect|Modest||F|||50|]Venusaur||FocusSash|Chlorophyll|SleepPowder,SludgeBomb,EarthPower,Protect|Modest||F|||50|]Grimmsnarl||LightClay|Prankster|SpiritBreak,PartingShot,Reflect,LightScreen|Sassy||M|||50|]Pelipper||SitrusBerry|Drizzle|WeatherBall,Hurricane,Tailwind,WideGuard|Modest||M|||50|]Archaludon||Leftovers|Stamina|ElectroShot,FlashCannon,DragonPulse,Protect|Modest||M|||50|]Basculegion||ChoiceScarf|Adaptability|WaveCrash,FlipTurn,LastRespects,AquaJet|Jolly||M|||50|
|inactive|Battle timer is ON: inactive players will automatically lose when time's up. (requested by d1mo22)
|inactive|vrocehpalon also wants the timer to be on.
|inactive|d1mo22 has 60 seconds left.
|inactive|vrocehpalon has 60 seconds left.
|
|t:|1784294126
|teamsize|p1|4
|teamsize|p2|4
|start
|switch|p1a: Raichu|Raichu, L50, F|100/100
|switch|p1b: Mamoswine|Mamoswine, L50, M|100/100
|switch|p2a: Charizard|Charizard, L50, F|100/100
|switch|p2b: Venusaur|Venusaur, L50, F|100/100
|turn|1
|
|t:|1784294146
|detailschange|p2a: Charizard|Charizard-Mega-Y, L50, F
|-mega|p2a: Charizard|Charizard|Charizardite Y
|-weather|SunnyDay|[from] ability: Drought|[of] p2a: Charizard
|move|p1a: Raichu|Fake Out|p2a: Charizard
|-damage|p2a: Charizard|92/100
|move|p2b: Venusaur|Sleep Powder|p1a: Raichu
|-status|p1a: Raichu|slp|[from] move: Sleep Powder
|move|p1b: Mamoswine|Icicle Crash|p2b: Venusaur
|-supereffective|p2b: Venusaur|1
|-enditem|p2b: Venusaur|Focus Sash
|-damage|p2b: Venusaur|1/100
|-damage|p1b: Mamoswine|90/100|[from] item: Life Orb
|cant|p2a: Charizard|flinch
|
|-weather|SunnyDay|[upkeep]
|upkeep
|turn|2
|
|t:|1784294171
|switch|p2b: Archaludon|Archaludon, L50, M|100/100
|switch|p1a: Ceruledge|Ceruledge, L50, F|100/100
|move|p1b: Mamoswine|Protect|p1b: Mamoswine
|-singleturn|p1b: Mamoswine|Protect
|move|p2a: Charizard|Heat Wave|p1a: Ceruledge|[spread] 
|-activate|p1b: Mamoswine|move: Protect
|-start|p1a: Ceruledge|ability: Flash Fire
|
|-weather|SunnyDay|[upkeep]
|upkeep
|turn|3
|
|t:|1784294194
|move|p1b: Mamoswine|Icicle Crash|p2a: Charizard
|-damage|p2a: Charizard|34/100
|-damage|p1b: Mamoswine|80/100|[from] item: Life Orb
|move|p2a: Charizard|Weather Ball|p1b: Mamoswine
|-supereffective|p1b: Mamoswine|1
|-damage|p1b: Mamoswine|0 fnt
|faint|p1b: Mamoswine
|move|p1a: Ceruledge|Bulk Up|p1a: Ceruledge
|-boost|p1a: Ceruledge|atk|1
|-boost|p1a: Ceruledge|def|1
|move|p2b: Archaludon|Dragon Pulse|p1a: Ceruledge
|-damage|p1a: Ceruledge|63/100
|
|-weather|SunnyDay|[upkeep]
|upkeep
|
|t:|1784294210
|switch|p1b: Raichu|Raichu, L50, F|100/100 slp
|turn|4
|
|t:|1784294232
|move|p2a: Charizard|Protect|p2a: Charizard
|-singleturn|p2a: Charizard|Protect
|cant|p1b: Raichu|slp
|move|p1a: Ceruledge|Bitter Blade|p2b: Archaludon
|-damage|p2b: Archaludon|0 fnt
|-heal|p1a: Ceruledge|100/100|[from] drain|[of] p2b: Archaludon
|faint|p2b: Archaludon
|
|-weather|SunnyDay|[upkeep]
|upkeep
|
|t:|1784294242
|switch|p2b: Venusaur|Venusaur, L50, F|1/100
|turn|5
|inactive|d1mo22 has 30 seconds left.
|
|t:|1784294271
|move|p1a: Ceruledge|Shadow Sneak|p2a: Charizard
|-damage|p2a: Charizard|4/100
|move|p2b: Venusaur|Sleep Powder|p1a: Ceruledge|[miss]
|-miss|p2b: Venusaur|p1a: Ceruledge
|cant|p1b: Raichu|slp
|move|p2a: Charizard|Weather Ball|p1b: Raichu
|-damage|p1b: Raichu|0 fnt
|faint|p1b: Raichu
|
|-weather|none
|upkeep
|
|t:|1784294274
|switch|p1b: Gyarados|Gyarados, L50, F, shiny|100/100
|-ability|p1b: Gyarados|Intimidate|boost
|-unboost|p2a: Charizard|atk|1
|-unboost|p2b: Venusaur|atk|1
|turn|6
|
|t:|1784294295
|switch|p2a: Pelipper|Pelipper, L50, M|100/100
|-weather|RainDance|[from] ability: Drizzle|[of] p2a: Pelipper
|move|p1a: Ceruledge|Shadow Sneak|p2b: Venusaur
|-damage|p2b: Venusaur|0 fnt
|faint|p2b: Venusaur
|move|p1b: Gyarados|Dragon Dance|p1b: Gyarados
|-boost|p1b: Gyarados|atk|1
|-boost|p1b: Gyarados|spe|1
|
|-weather|RainDance|[upkeep]
|upkeep
|
|t:|1784294299
|switch|p2b: Charizard|Charizard-Mega-Y, L50, F|4/100
|-weather|SunnyDay|[from] ability: Drought|[of] p2b: Charizard
|turn|7
|
|t:|1784294314
|move|p1a: Ceruledge|Shadow Sneak|p2b: Charizard
|-damage|p2b: Charizard|0 fnt
|faint|p2b: Charizard
|move|p1b: Gyarados|Lash Out|p2a: Pelipper
|-damage|p2a: Pelipper|60/100
|move|p2a: Pelipper|Tailwind|p2a: Pelipper
|-sidestart|p2: vrocehpalon|move: Tailwind
|
|-weather|SunnyDay|[upkeep]
|upkeep
|turn|8
|
|t:|1784294328
|move|p2a: Pelipper|Hurricane|p1b: Gyarados
|-damage|p1b: Gyarados|61/100
|move|p1b: Gyarados|Lash Out|p2a: Pelipper
|-damage|p2a: Pelipper|23/100
|-enditem|p2a: Pelipper|Sitrus Berry|[eat]
|-heal|p2a: Pelipper|47/100|[from] item: Sitrus Berry
|move|p1a: Ceruledge|Bitter Blade|p2a: Pelipper
|-resisted|p2a: Pelipper|1
|-damage|p2a: Pelipper|0 fnt
|faint|p2a: Pelipper
|
|win|d1mo22
||vrocehpalon is ready for game 2.
|inactive|d1mo22 has 30 seconds to confirm battle start!
