|j|☆dartsvg
|j|☆Dominicex
|html|dartsvgDominicex    
|uhtml|bestof|Game 1 of a best-of-3
|t:|1782688988
|gametype|doubles
|player|p1|dartsvg|#smogonxnpa2024draftee2|
|player|p2|Dominicex|#smogonxnpa2026draftee|
|gen|9
|tier|[Gen 9 Champions] VGC 2026 Reg M-B (Bo3)
|rule|Species Clause: Limit one of each Pokémon
|rule|Item Clause: Limit 1 of each item
|clearpoke
|poke|p1|Charizard, L50, M|
|poke|p1|Basculegion, L50, M|
|poke|p1|Incineroar, L50, F|
|poke|p1|Sylveon, L50, F|
|poke|p1|Garchomp, L50, F|
|poke|p1|Farigiraf, L50, F|
|poke|p2|Charizard, L50, M|
|poke|p2|Aerodactyl, L50, F|
|poke|p2|Sylveon, L50, M|
|poke|p2|Incineroar, L50, F|
|poke|p2|Garchomp, L50, M|
|poke|p2|Farigiraf, L50, M|
|teampreview|4
|showteam|p1|Charizard||CharizarditeY|Blaze|HeatWave,WeatherBall,SolarBeam,Protect|Modest||M|||50|]Basculegion||MysticWater|Adaptability|WaveCrash,LastRespects,AquaJet,Protect|Adamant||M|||50|]Incineroar||Leftovers|Intimidate|FakeOut,FlareBlitz,DarkestLariat,PartingShot|Careful||F|||50|]Sylveon||FairyFeather|Pixilate|HyperVoice,HyperBeam,QuickAttack,Protect|Modest||F|||50|]Garchomp||LifeOrb|RoughSkin|DragonClaw,RockSlide,Earthquake,Protect|Jolly||F|||50|]Farigiraf||SitrusBerry|ArmorTail|TrickRoom,Psychic,Thunderbolt,HelpingHand|Relaxed||F|||50|
|showteam|p2|Charizard||CharizarditeY|Blaze|WeatherBall,HeatWave,SolarBeam,Protect|Modest||M|||50|]Aerodactyl||FocusSash|Unnerve|RockSlide,Tailwind,WideGuard,Protect|Jolly||F|||50|]Sylveon||FairyFeather|Pixilate|HyperVoice,HyperBeam,Yawn,Detect|Modest||M|||50|]Incineroar||Charcoal|Intimidate|FakeOut,DarkestLariat,FlareBlitz,PartingShot|Adamant||F|||50|]Garchomp||LifeOrb|RoughSkin|Earthquake,StompingTantrum,DragonClaw,Protect|Jolly||M|||50|]Farigiraf||SitrusBerry|ArmorTail|Psychic,HelpingHand,TrickRoom,Protect|Bold||M|||50|
|c|☆dartsvg|Glhf
|c|☆Dominicex|Glhf! Let me send links out quick
|j|+qsns
|j| YKMikuMA
|j| SEA
|
|t:|1782689116
|teamsize|p1|4
|teamsize|p2|4
|start
|switch|p1a: Basculegion|Basculegion, L50, M|100/100
|switch|p1b: Sylveon|Sylveon, L50, F|100/100
|switch|p2a: Incineroar|Incineroar, L50, F|100/100
|switch|p2b: Sylveon|Sylveon, L50, M|100/100
|-ability|p2a: Incineroar|Intimidate|boost
|-unboost|p1a: Basculegion|atk|1
|-unboost|p1b: Sylveon|atk|1
|turn|1
|j|+Smudge
|j| val16
|
|t:|1782689173
|move|p1a: Basculegion|Protect|p1a: Basculegion
|-singleturn|p1a: Basculegion|Protect
|move|p1b: Sylveon|Protect|p1b: Sylveon
|-singleturn|p1b: Sylveon|Protect
|move|p2b: Sylveon|Hyper Voice|p1a: Basculegion|[spread] 
|-activate|p1a: Basculegion|move: Protect
|-activate|p1b: Sylveon|move: Protect
|move|p2a: Incineroar|Darkest Lariat|p1a: Basculegion
|-activate|p1a: Basculegion|move: Protect
|
|upkeep
|turn|2
|j|+Radio Free C-Side
|j|@yuki
|
|t:|1782689220
|move|p1a: Basculegion|Wave Crash|p2a: Incineroar
|-supereffective|p2a: Incineroar|1
|-damage|p2a: Incineroar|0 fnt
|faint|p2a: Incineroar
|-damage|p1a: Basculegion|67/100|[from] Recoil
|move|p2b: Sylveon|Hyper Voice|p1a: Basculegion|[spread] p1a,p1b
|-damage|p1a: Basculegion|17/100
|-damage|p1b: Sylveon|62/100
|move|p1b: Sylveon|Hyper Voice|p2b: Sylveon
|-damage|p2b: Sylveon|48/100
|
|upkeep
|j|+mizuhime
|
|t:|1782689232
|switch|p2a: Garchomp|Garchomp, L50, M|100/100
|turn|3
|j| ned04817
|j| Schister
|j| Monai
|
|t:|1782689287
|move|p2a: Garchomp|Protect|p2a: Garchomp
|-singleturn|p2a: Garchomp|Protect
|move|p1b: Sylveon|Protect|p1b: Sylveon
|-singleturn|p1b: Sylveon|Protect
|move|p1a: Basculegion|Aqua Jet|p2a: Garchomp
|-activate|p2a: Garchomp|move: Protect
|move|p2b: Sylveon|Hyper Voice|p1b: Sylveon|[spread] p1a
|-activate|p1b: Sylveon|move: Protect
|-damage|p1a: Basculegion|0 fnt
|faint|p1a: Basculegion
|
|upkeep
|
|t:|1782689293
|switch|p1a: Incineroar|Incineroar, L50, F|100/100
|-ability|p1a: Incineroar|Intimidate|boost
|-unboost|p2a: Garchomp|atk|1
|-unboost|p2b: Sylveon|atk|1
|turn|4
|
|t:|1782689306
|switch|p2a: Charizard|Charizard, L50, M|100/100
|move|p2b: Sylveon|Detect|p2b: Sylveon
|-singleturn|p2b: Sylveon|Protect
|move|p1a: Incineroar|Fake Out|p2b: Sylveon
|-activate|p2b: Sylveon|move: Protect
|move|p1b: Sylveon|Hyper Voice|p2a: Charizard|[spread] p2a
|-activate|p2b: Sylveon|move: Protect
|-resisted|p2a: Charizard|1
|-damage|p2a: Charizard|68/100
|
|upkeep
|turn|5
|
|t:|1782689326
|switch|p2b: Garchomp|Garchomp, L50, M|100/100
|detailschange|p2a: Charizard|Charizard-Mega-Y, L50, M
|-mega|p2a: Charizard|Charizard|Charizardite Y
|-weather|SunnyDay|[from] ability: Drought|[of] p2a: Charizard
|move|p1b: Sylveon|Protect|p1b: Sylveon
|-singleturn|p1b: Sylveon|Protect
|move|p2a: Charizard|Weather Ball|p1b: Sylveon
|-activate|p1b: Sylveon|move: Protect
|move|p1a: Incineroar|Parting Shot|p2a: Charizard
|-unboost|p2a: Charizard|atk|1
|-unboost|p2a: Charizard|spa|1
|
|t:|1782689330
|switch|p1a: Charizard|Charizard, L50, M|100/100|[from] Parting Shot
|
|-weather|SunnyDay|[upkeep]
|upkeep
|turn|6
|
|t:|1782689358
|switch|p1b: Incineroar|Incineroar, L50, F|100/100
|-ability|p1b: Incineroar|Intimidate|boost
|-unboost|p2a: Charizard|atk|1
|-unboost|p2b: Garchomp|atk|1
|detailschange|p1a: Charizard|Charizard-Mega-Y, L50, M
|-mega|p1a: Charizard|Charizard|Charizardite Y
|move|p2b: Garchomp|Earthquake|p1a: Charizard|[spread] p1b
|-immune|p2a: Charizard
|-immune|p1a: Charizard
|-supereffective|p1b: Incineroar|1
|-damage|p1b: Incineroar|40/100
|-damage|p2b: Garchomp|90/100|[from] item: Life Orb
|move|p2a: Charizard|Weather Ball|p1b: Incineroar
|-resisted|p1b: Incineroar|1
|-damage|p1b: Incineroar|18/100
|move|p1a: Charizard|Heat Wave|p2a: Charizard|[spread] p2a,p2b
|-resisted|p2a: Charizard|1
|-resisted|p2b: Garchomp|1
|-damage|p2a: Charizard|40/100
|-damage|p2b: Garchomp|58/100
|
|-weather|SunnyDay|[upkeep]
|-heal|p1b: Incineroar|24/100|[from] item: Leftovers
|upkeep
|turn|7
|
|t:|1782689406
|move|p2b: Garchomp|Protect|p2b: Garchomp
|-singleturn|p2b: Garchomp|Protect
|move|p1b: Incineroar|Fake Out|p2a: Charizard
|-damage|p2a: Charizard|29/100
|cant|p2a: Charizard|flinch
|move|p1a: Charizard|Solar Beam||[still]
|-prepare|p1a: Charizard|Solar Beam
|-anim|p1a: Charizard|Solar Beam|p2b: Garchomp
|-activate|p2b: Garchomp|move: Protect
|
|-weather|SunnyDay|[upkeep]
|-heal|p1b: Incineroar|30/100|[from] item: Leftovers
|upkeep
|turn|8
|j| BigBackedBlittius
|j| Nido-Rus
|
|t:|1782689450
|switch|p2a: Sylveon|Sylveon, L50, M|48/100
|move|p2b: Garchomp|Stomping Tantrum|p1b: Incineroar
|-supereffective|p1b: Incineroar|1
|-damage|p1b: Incineroar|0 fnt
|faint|p1b: Incineroar
|-damage|p2b: Garchomp|49/100|[from] item: Life Orb
|move|p1a: Charizard|Solar Beam||[still]
|-prepare|p1a: Charizard|Solar Beam
|-anim|p1a: Charizard|Solar Beam|p2b: Garchomp
|-damage|p2b: Garchomp|0 fnt
|faint|p2b: Garchomp
|
|-weather|SunnyDay|[upkeep]
|upkeep
|j| AIRedzone
|j| AKhant
|j| MyPokemonRBad12
|
|t:|1782689463
|switch|p2b: Charizard|Charizard-Mega-Y, L50, M|29/100
|switch|p1b: Sylveon|Sylveon, L50, F|62/100
|turn|9
|j| Chudietmese
|j|+zoe✿
|j| sheepie_sheep
|j|+iPetBigfoot
|l| Chudietmese
|j| Code
|
|t:|1782689502
|move|p2a: Sylveon|Detect|p2a: Sylveon
|-singleturn|p2a: Sylveon|Protect
|move|p1b: Sylveon|Protect|p1b: Sylveon
|-singleturn|p1b: Sylveon|Protect
|move|p2b: Charizard|Weather Ball|p1a: Charizard
|-resisted|p1a: Charizard|1
|-damage|p1a: Charizard|61/100
|move|p1a: Charizard|Heat Wave|p2b: Charizard|[spread] p2b
|-activate|p2a: Sylveon|move: Protect
|-resisted|p2b: Charizard|1
|-damage|p2b: Charizard|0 fnt
|faint|p2b: Charizard
|
|-weather|none
|upkeep
|turn|10
|j| xmarsh
|
|t:|1782689517
|move|p1a: Charizard|Heat Wave|p2a: Sylveon
|-damage|p2a: Sylveon|5/100
|move|p2a: Sylveon|Hyper Voice|p1b: Sylveon|[spread] p1a,p1b
|-resisted|p1a: Charizard|1
|-crit|p1b: Sylveon
|-damage|p1a: Charizard|39/100
|-damage|p1b: Sylveon|10/100
|move|p1b: Sylveon|Hyper Voice|p2a: Sylveon
|-damage|p2a: Sylveon|0 fnt
|faint|p2a: Sylveon
|
|win|dartsvg
||Dominicex is ready for game 2.
|l|@yuki
|inactive|dartsvg has 30 seconds to confirm battle start!
||dartsvg is ready for game 2.
|uhtml|next|Next: Game 2 of 3
|l| BigBackedBlittius
|j| koffing413
|l| Code
|j| Will of urshifu
|l| Will of urshifu
|l| MyPokemonRBad12
|j| Xrn
|l| AIRedzone
|l| koffing413
|j| Will of urshifu
|l|+zoe✿
|l| Schister
|j| Hasayo
|l| Xrn
|l| Will of urshifu
|j| AIRedzone
|l| AIRedzone
|l|+qsns
|l|+Radio Free C-Side
|l|☆Dominicex
|player|p2|
|l| val16
|l| ned04817
|j| kunal
|l|+iPetBigfoot
|l| xmarsh
|j|☆Dominicex
|player|p2|Dominicex|#smogonxnpa2026draftee|
|l| YKMikuMA
|j| Kenan
|l| Kenan
|l|☆Dominicex
|player|p2|
|l| kunal
|l|+mizuhime
|l|☆dartsvg
|player|p1|
|l| Monai
|j| Abe1254
|l| Abe1254
|j| ned04817
|j| icypenguin604
|l| ned04817
|l| icypenguin604
|j| X2Muz
|j| ned04817
|l| ned04817
|l| AKhant
|l| Hasayo
|j|+qsns
|l|+qsns
|l| sheepie_sheep
|j| val16
