|j|☆Omaruco
|j|☆NotAfrogGaming
|html|OmarucoNotAfrogGaming    
|uhtml|bestof|Game 1 of a best-of-3
|t:|1785964817
|gametype|doubles
|player|p1|Omaruco|arven-s|1218
|player|p2|NotAfrogGaming|boarder|1222
|gen|9
|tier|[Gen 9 Champions] VGC 2026 Reg M-B (Bo3)
|rated|
|rule|Species Clause: Limit one of each Pokémon
|rule|Item Clause: Limit 1 of each item
|clearpoke
|poke|p1|Charizard, L50, M|
|poke|p1|Garchomp, L50, F|
|poke|p1|Incineroar, L50, M|
|poke|p1|Venusaur, L50, F|
|poke|p1|Raichu, L50, M|
|poke|p1|Sylveon, L50, M|
|poke|p2|Gengar, L50, F|
|poke|p2|Whimsicott, L50, M, shiny|
|poke|p2|Mamoswine, L50, M|
|poke|p2|Raichu, L50, F|
|poke|p2|Incineroar, L50, M|
|poke|p2|Decidueye-Hisui, L50, F|
|teampreview|4
|showteam|p1|Charizard||CharizarditeY|Blaze|WeatherBall,HeatWave,HelpingHand,Protect|Modest||M|||50|]Garchomp||ChoiceScarf|RoughSkin|RockSlide,DragonClaw,Earthquake,StompingTantrum|Adamant||F|||50|]Incineroar||SitrusBerry|Intimidate|FlareBlitz,FakeOut,DarkestLariat,PartingShot|Impish||M|||50|]Venusaur||LifeOrb|Chlorophyll|SludgeBomb,LeafStorm,EarthPower,Protect|Modest||F|||50|]Raichu||RaichuniteY|LightningRod|Protect,ZapCannon,FakeOut,FocusBlast|Timid||M|||50|]Sylveon||FairyFeather|Pixilate|HyperVoice,QuickAttack,HyperBeam,Detect|Modest||M|||50|
|showteam|p2|Gengar||Gengarite|CursedBody|ShadowBall,SludgeBomb,Disable,Protect|Timid||F|||50|]Whimsicott||FocusSash|Prankster|Moonblast,Tailwind,Encore,TrickRoom|Timid||M|||50|]Mamoswine||LifeOrb|Oblivious|IcicleCrash,HighHorsepower,IceShard,Protect|Jolly||M|||50|]Raichu||RaichuniteY|LightningRod|ZapCannon,FocusBlast,FakeOut,Protect|Timid||F|||50|]Incineroar||SitrusBerry|Intimidate|FlareBlitz,DarkestLariat,PartingShot,FakeOut|Careful||M|||50|]Decidueye-Hisui||ScopeLens|Scrappy|TripleArrows,LeafBlade,KnockOff,Protect|Adamant||F|||50|
|inactive|Battle timer is ON: inactive players will automatically lose when time's up. (requested by Omaruco)
|inactive|Omaruco has 60 seconds left.
|inactive|NotAfrogGaming has 60 seconds left.
|inactive|NotAfrogGaming has 30 seconds left.
|inactive|NotAfrogGaming has 20 seconds left.
|inactive|NotAfrogGaming has 15 seconds left.
|inactive|NotAfrogGaming has 10 seconds left.
|
|t:|1785964897
|teamsize|p1|4
|teamsize|p2|4
|start
|switch|p1a: Charizard|Charizard, L50, M|100/100
|switch|p1b: Venusaur|Venusaur, L50, F|100/100
|switch|p2a: Lil Guy|Whimsicott, L50, M, shiny|100/100
|switch|p2b: Zappy|Raichu, L50, F|100/100
|turn|1
|
|t:|1785964921
|switch|p1a: Garchomp|Garchomp, L50, F|100/100
|move|p2b: Zappy|Fake Out|p1b: Venusaur
|-damage|p1b: Venusaur|89/100
|move|p2a: Lil Guy|Tailwind|p2a: Lil Guy
|-sidestart|p2: NotAfrogGaming|move: Tailwind
|cant|p1b: Venusaur|flinch
|
|upkeep
|turn|2
|
|t:|1785964944
|switch|p1a: Sylveon|Sylveon, L50, M|100/100
|detailschange|p2b: Zappy|Raichu-Mega-Y, L50, F
|-mega|p2b: Zappy|Raichu|Raichunite Y
|move|p2b: Zappy|Focus Blast|p1a: Sylveon
|-resisted|p1a: Sylveon|1
|-damage|p1a: Sylveon|84/100
|move|p2a: Lil Guy|Moonblast|p1a: Sylveon
|-damage|p1a: Sylveon|58/100
|move|p1b: Venusaur|Earth Power|p2b: Zappy
|-supereffective|p2b: Zappy|1
|-crit|p2b: Zappy
|-damage|p2b: Zappy|0 fnt
|faint|p2b: Zappy
|-damage|p1b: Venusaur|79/100|[from] item: Life Orb
|
|upkeep
|
|t:|1785964960
|switch|p2b: Manny|Mamoswine, L50, M|100/100
|turn|3
|inactive|NotAfrogGaming has 30 seconds left.
|
|t:|1785964993
|move|p2a: Lil Guy|Encore|p1b: Venusaur
|-start|p1b: Venusaur|Encore
|move|p2b: Manny|High Horsepower|p1a: Sylveon
|-damage|p1a: Sylveon|0 fnt
|faint|p1a: Sylveon
|-damage|p2b: Manny|90/100|[from] item: Life Orb
|move|p1b: Venusaur|Earth Power|p2b: Manny
|-damage|p2b: Manny|40/100
|-damage|p1b: Venusaur|70/100|[from] item: Life Orb
|
|upkeep
|
|t:|1785965000
|switch|p1a: Charizard|Charizard, L50, M|100/100
|turn|4
|inactive|NotAfrogGaming has 30 seconds left.
|
|t:|1785965029
|detailschange|p1a: Charizard|Charizard-Mega-Y, L50, M
|-mega|p1a: Charizard|Charizard|Charizardite Y
|-weather|SunnyDay|[from] ability: Drought|[of] p1a: Charizard
|move|p2a: Lil Guy|Moonblast|p1a: Charizard
|-resisted|p1a: Charizard|1
|-damage|p1a: Charizard|84/100
|move|p2b: Manny|Icicle Crash|p1a: Charizard
|-damage|p1a: Charizard|21/100
|-damage|p2b: Manny|31/100|[from] item: Life Orb
|move|p1b: Venusaur|Earth Power|p2a: Lil Guy
|-resisted|p2a: Lil Guy|1
|-damage|p2a: Lil Guy|68/100
|-damage|p1b: Venusaur|60/100|[from] item: Life Orb
|cant|p1a: Charizard|flinch
|
|-weather|SunnyDay|[upkeep]
|-sideend|p2: NotAfrogGaming|move: Tailwind
|upkeep
|turn|5
|inactive|NotAfrogGaming has 30 seconds left.
|
|t:|1785965060
|switch|p2b: Incineroar|Incineroar, L50, M|100/100
|-ability|p2b: Incineroar|Intimidate|boost
|-unboost|p1a: Charizard|atk|1
|-unboost|p1b: Venusaur|atk|1
|move|p2a: Lil Guy|Tailwind|p2a: Lil Guy
|-sidestart|p2: NotAfrogGaming|move: Tailwind
|move|p1b: Venusaur|Earth Power|p2b: Incineroar
|-supereffective|p2b: Incineroar|1
|-damage|p2b: Incineroar|35/100
|-enditem|p2b: Incineroar|Sitrus Berry|[eat]
|-heal|p2b: Incineroar|60/100|[from] item: Sitrus Berry
|-damage|p1b: Venusaur|50/100g|[from] item: Life Orb
|move|p1a: Charizard|Heat Wave|p2b: Incineroar|[spread] p2a,p2b
|-supereffective|p2a: Lil Guy|1
|-resisted|p2b: Incineroar|1
|-damage|p2a: Lil Guy|0 fnt
|-damage|p2b: Incineroar|35/100
|faint|p2a: Lil Guy
|
|-weather|SunnyDay|[upkeep]
|-end|p1b: Venusaur|Encore
|upkeep
|
|t:|1785965076
|switch|p2a: Manny|Mamoswine, L50, M|31/100
|turn|6
|
|t:|1785965084
|move|p1b: Venusaur|Protect|p1b: Venusaur
|-singleturn|p1b: Venusaur|Protect
|move|p1a: Charizard|Protect|p1a: Charizard
|-singleturn|p1a: Charizard|Protect
|move|p2a: Manny|Ice Shard|p1b: Venusaur
|-activate|p1b: Venusaur|move: Protect
|move|p2b: Incineroar|Darkest Lariat|p1a: Charizard
|-activate|p1a: Charizard|move: Protect
|
|-weather|SunnyDay|[upkeep]
|upkeep
|turn|7
|
|t:|1785965100
|switch|p1a: Garchomp|Garchomp, L50, F|100/100
|move|p2a: Manny|Ice Shard|p1b: Venusaur
|-supereffective|p1b: Venusaur|1
|-damage|p1b: Venusaur|0 fnt
|faint|p1b: Venusaur
|-damage|p2a: Manny|21/100|[from] item: Life Orb
|move|p2b: Incineroar|Darkest Lariat|p1a: Garchomp
|-damage|p1a: Garchomp|67/100
|-damage|p2b: Incineroar|23/100|[from] ability: Rough Skin|[of] p1a: Garchomp
|
|-weather|SunnyDay|[upkeep]
|upkeep
|
|t:|1785965109
|switch|p1b: Charizard|Charizard-Mega-Y, L50, M|21/100
|turn|8
|
|t:|1785965122
|move|p2a: Manny|Ice Shard|p1a: Garchomp
|-supereffective|p1a: Garchomp|2
|-damage|p1a: Garchomp|0 fnt
|faint|p1a: Garchomp
|-damage|p2a: Manny|11/100|[from] item: Life Orb
|move|p2b: Incineroar|Darkest Lariat|p1b: Charizard
|-damage|p1b: Charizard|0 fnt
|faint|p1b: Charizard
|
|win|NotAfrogGaming
