|j|☆mattmanectric
|j|☆actuary97
|html|mattmanectricactuary97    
|uhtml|bestof|Game 3 of a best-of-3
|t:|1756310824
|gametype|doubles
|player|p1|mattmanectric|hiker-gen4|1293
|player|p2|actuary97|sabrina-frlg|1471
|gen|9
|tier|[Gen 9] VGC 2025 Reg H (Bo3)
|rated|
|rule|Species Clause: Limit one of each Pokémon
|rule|Item Clause: Limit 1 of each item
|clearpoke
|poke|p1|Incineroar, L50, F|
|poke|p1|Amoonguss, L50, F|
|poke|p1|Ursaluna, L50, M|
|poke|p1|Gholdengo, L50|
|poke|p1|Kilowattrel, L50, F|
|poke|p1|Bronzong, L50|
|poke|p2|Whimsicott, L50, F|
|poke|p2|Gallade, L50, M|
|poke|p2|Malamar, L50, F|
|poke|p2|Indeedee, L50, M|
|poke|p2|Drifblim, L50, M|
|poke|p2|Archaludon, L50, F|
|teampreview|4
|showteam|p1|Incineroar||AssaultVest|Intimidate|KnockOff,FlareBlitz,Uturn,FakeOut|||F|||50|,,,,,Grass]Amoonguss||SitrusBerry|Regenerator|Spore,RagePowder,PollenPuff,Protect|||F|||50|,,,,,Water]Ursaluna||FlameOrb|Guts|Facade,HeadlongRush,Earthquake,Protect|||M|||50|,,,,,Ghost]Gholdengo||LifeOrb|GoodasGold|MakeItRain,ShadowBall,NastyPlot,Protect||||||50|,,,,,Flying]Kilowattrel||FocusSash|Competitive|Thunderbolt,AirSlash,Tailwind,Protect|||F|||50|,,,,,Ghost]Bronzong||MentalHerb|Levitate|TrickRoom,HelpingHand,IceSpinner,BodyPress||||||50|,,,,,Water
|showteam|p2|Whimsicott||FocusSash|Prankster|Moonblast,BeatUp,Encore,Tailwind|||F|||50|,,,,,Ghost]Gallade||ScopeLens|Sharpness|PsychoCut,SacredSword,LeafBlade,Protect|||M|||50|,,,,,Grass]Malamar||SitrusBerry|Contrary|Superpower,KnockOff,TrickRoom,TopsyTurvy|||F|||50|,,,,,Fire]Indeedee||ChoiceSpecs|PsychicSurge|ExpandingForce,DazzlingGleam,TeraBlast,Trick|||M|||50|,,,,,Fire]Drifblim||PsychicSeed|Unburden|AirSlash,IcyWind,StrengthSap,WillOWisp|||M|||50|,,,,,Flying]Archaludon||AssaultVest|Stamina|ElectroShot,FlashCannon,Snarl,BodyPress|||F|||50|,,,,,Grass
|
|t:|1756310866
|teamsize|p1|4
|teamsize|p2|4
|start
|switch|p1a: Gholdengo|Gholdengo, L50|100/100
|switch|p1b: Kilowattrel|Kilowattrel, L50, F|100/100
|switch|p2a: Indeedee|Indeedee, L50, M, shiny|100/100
|switch|p2b: Gallade|Gallade, L50, M, shiny|100/100
|-fieldstart|move: Psychic Terrain|[from] ability: Psychic Surge|[of] p2a: Indeedee
|turn|1
|
|t:|1756310883
|switch|p2b: Drifblim|Drifblim, L50, M, shiny|100/100
|-enditem|p2b: Drifblim|Psychic Seed
|-boost|p2b: Drifblim|spd|1|[from] item: Psychic Seed
|-terastallize|p2a: Indeedee|Fire
|move|p1a: Gholdengo|Protect|p1a: Gholdengo
|-singleturn|p1a: Gholdengo|Protect
|move|p1b: Kilowattrel|Air Slash|p2b: Drifblim
|-damage|p2b: Drifblim|75/100
|move|p2a: Indeedee|Tera Blast|p1a: Gholdengo|[anim] Tera Blast Fire
|-activate|p1a: Gholdengo|move: Protect
|
|upkeep
|turn|2
|
|t:|1756310916
|-terastallize|p1a: Gholdengo|Flying
|move|p2b: Drifblim|Icy Wind|p1b: Kilowattrel|[spread] p1a,p1b
|-supereffective|p1a: Gholdengo
|-supereffective|p1b: Kilowattrel
|-damage|p1a: Gholdengo|79/100
|-damage|p1b: Kilowattrel|69/100
|-unboost|p1a: Gholdengo|spe|1
|-unboost|p1b: Kilowattrel|spe|1
|-ability|p1b: Kilowattrel|Competitive|boost
|-boost|p1b: Kilowattrel|spa|2
|move|p2a: Indeedee|Tera Blast|p1b: Kilowattrel|[anim] Tera Blast Fire
|-damage|p1b: Kilowattrel|0 fnt
|faint|p1b: Kilowattrel
|move|p1a: Gholdengo|Nasty Plot|p1a: Gholdengo
|-boost|p1a: Gholdengo|spa|2
|
|upkeep
|
|t:|1756310925
|switch|p1b: Ursaluna|Ursaluna, L50, M|100/100
|turn|3
|
|t:|1756310945
|move|p1a: Gholdengo|Protect|p1a: Gholdengo
|-singleturn|p1a: Gholdengo|Protect
|move|p2b: Drifblim|Icy Wind|p1a: Gholdengo|[spread] p1b
|-activate|p1a: Gholdengo|move: Protect
|-supereffective|p1b: Ursaluna
|-damage|p1b: Ursaluna|84/100
|-unboost|p1b: Ursaluna|spe|1
|move|p2a: Indeedee|Tera Blast|p1a: Gholdengo|[anim] Tera Blast Fire
|-activate|p1a: Gholdengo|move: Protect
|move|p1b: Ursaluna|Headlong Rush|p2a: Indeedee
|-supereffective|p2a: Indeedee
|-damage|p2a: Indeedee|0 fnt
|-unboost|p1b: Ursaluna|def|1
|-unboost|p1b: Ursaluna|spd|1
|faint|p2a: Indeedee
|
|-status|p1b: Ursaluna|brn|[from] item: Flame Orb
|upkeep
|
|t:|1756310952
|switch|p2a: Gallade|Gallade, L50, M, shiny|100/100
|turn|4
|
|t:|1756310965
|switch|p1a: Amoonguss|Amoonguss, L50, F, shiny|100/100
|move|p2b: Drifblim|Air Slash|p1b: Ursaluna
|-crit|p1b: Ursaluna
|-damage|p1b: Ursaluna|30/100 brn
|move|p2a: Gallade|Psycho Cut|p1a: Amoonguss
|-supereffective|p1a: Amoonguss
|-damage|p1a: Amoonguss|0 fnt
|faint|p1a: Amoonguss
|move|p1b: Ursaluna|Facade|p2a: Gallade
|-damage|p2a: Gallade|0 fnt
|faint|p2a: Gallade
|
|-damage|p1b: Ursaluna|24/100 brn|[from] brn
|upkeep
|
|t:|1756310971
|switch|p2a: Malamother|Malamar, L50, F, shiny|100/100
|switch|p1a: Gholdengo|Gholdengo, L50, tera:Flying|79/100
|turn|5
|
|t:|1756310981
|move|p2b: Drifblim|Icy Wind|p1a: Gholdengo|[spread] p1a,p1b
|-supereffective|p1a: Gholdengo
|-supereffective|p1b: Ursaluna
|-damage|p1a: Gholdengo|59/100
|-damage|p1b: Ursaluna|0 fnt
|-unboost|p1a: Gholdengo|spe|1
|faint|p1b: Ursaluna
|move|p1a: Gholdengo|Nasty Plot|p1a: Gholdengo
|-boost|p1a: Gholdengo|spa|2
|move|p2a: Malamother|Superpower|p1a: Gholdengo
|-resisted|p1a: Gholdengo
|-damage|p1a: Gholdengo|44/100
|-boost|p2a: Malamother|atk|1
|-boost|p2a: Malamother|def|1
|
|-fieldend|move: Psychic Terrain
|upkeep
|turn|6
|
|t:|1756310990
|move|p2b: Drifblim|Icy Wind|p1a: Gholdengo
|-supereffective|p1a: Gholdengo
|-damage|p1a: Gholdengo|16/100
|-unboost|p1a: Gholdengo|spe|1
|move|p2a: Malamother|Knock Off|p1a: Gholdengo
|-damage|p1a: Gholdengo|0 fnt
|-enditem|p1a: Gholdengo|Life Orb|[from] move: Knock Off|[of] p2a: Malamother
|faint|p1a: Gholdengo
|
|win|actuary97
|raw|mattmanectric's rating: 1293 → 1280(-13 for losing)
|raw|actuary97's rating: 1471 → 1482(+11 for winning)
|c|☆actuary97|gg
|l|☆mattmanectric
|player|p1|
