|j|☆DoItForDamo
|j|☆Catsigh0521
|html|DoItForDamoCatsigh0521    
|uhtml|bestof|Game 2 of a best-of-3
|t:|1756886171
|gametype|doubles
|player|p1|DoItForDamo|170|1000
|player|p2|Catsigh0521|1|1043
|gen|9
|tier|[Gen 9] VGC 2025 Reg H (Bo3)
|rated|
|rule|Species Clause: Limit one of each Pokémon
|rule|Item Clause: Limit 1 of each item
|clearpoke
|poke|p1|Ninetales-Alola, L50, F|
|poke|p1|Rillaboom, L50, M|
|poke|p1|Magmar, L50, F|
|poke|p1|Sneasler, L50, M|
|poke|p1|Kingambit, L50, F|
|poke|p1|Basculegion, L50, M|
|poke|p2|Gholdengo, L50|
|poke|p2|Sneasler, L50, M|
|poke|p2|Rillaboom, L50, M|
|poke|p2|Dragonite, L50, F|
|poke|p2|Ninetales-Alola, L50, M|
|poke|p2|Arcanine-Hisui, L50, M|
|teampreview|4
|showteam|p1|Ninetales-Alola||NeverMeltIce|SnowWarning|Blizzard,FreezeDry,Encore,Protect|||F|||50|,,,,,Ghost]Rillaboom||AssaultVest|GrassySurge|WoodHammer,FakeOut,Uturn,GrassyGlide|||M|||50|,,,,,Ghost]Magmar||Eviolite|VitalSpirit|Protect,HeatWave,WillOWisp,FollowMe|||F|||50|,,,,,Ghost]Sneasler||FocusSash|PoisonTouch|FakeOut,DireClaw,CloseCombat,Protect|||M|||50|,,,,,Ghost]Kingambit||BlackGlasses|Defiant|KowtowCleave,SwordsDance,SuckerPunch,Protect|||F|||50|,,,,,Fire]Basculegion||ChoiceScarf|Adaptability|WaveCrash,FlipTurn,TeraBlast,LastRespects|||M|||50|,,,,,Fighting
|showteam|p2|Gholdengo||GrassySeed|GoodasGold|NastyPlot,MakeItRain,ShadowBall,Protect||||||50|,,,,,Water]Sneasler||WhiteHerb|Unburden|CloseCombat,DireClaw,Coaching,Protect|||M|||50|,,,,,Ghost]Rillaboom||AssaultVest|GrassySurge|FakeOut,GrassyGlide,DrumBeating,HighHorsepower|||M|||50|,,,,,Fire]Dragonite||LoadedDice|Multiscale|ScaleShot,StompingTantrum,Tailwind,Protect|||F|||50|,,,,,Ground]Ninetales-Alola||FocusSash|SnowWarning|Blizzard,IcyWind,Encore,AuroraVeil|||M|||50|,,,,,Ghost]Arcanine-Hisui||ClearAmulet|Intimidate|RockSlide,FlareBlitz,ExtremeSpeed,Protect|||M|||50|,,,,,Water
|inactive|Battle timer is ON: inactive players will automatically lose when time's up. (requested by DoItForDamo)
|inactive|Catsigh0521 has 60 seconds left.
|
|t:|1756886213
|teamsize|p1|4
|teamsize|p2|4
|start
|switch|p1a: Ninetales|Ninetales-Alola, L50, F|100/100
|switch|p1b: Basculegion|Basculegion, L50, M|100/100
|switch|p2a: Gholdengo|Gholdengo, L50|100/100
|switch|p2b: Rillaboom|Rillaboom, L50, M|100/100
|-weather|Snowscape|[from] ability: Snow Warning|[of] p1a: Ninetales
|-fieldstart|move: Grassy Terrain|[from] ability: Grassy Surge|[of] p2b: Rillaboom
|-enditem|p2a: Gholdengo|Grassy Seed
|-boost|p2a: Gholdengo|def|1|[from] item: Grassy Seed
|turn|1
|inactive|DoItForDamo has 30 seconds left.
|inactive|DoItForDamo has 20 seconds left.
|inactive|DoItForDamo has 15 seconds left.
|
|t:|1756886257
|-terastallize|p1a: Ninetales|Ghost
|-terastallize|p2a: Gholdengo|Water
|move|p1b: Basculegion|Flip Turn|p2a: Gholdengo
|-resisted|p2a: Gholdengo
|-damage|p2a: Gholdengo|87/100
|
|t:|1756886265
|switch|p1b: Magmar|Magmar, L50, F|100/100|[from] Flip Turn
|move|p1a: Ninetales|Blizzard|p2b: Rillaboom|[spread] p2a,p2b
|-resisted|p2a: Gholdengo
|-supereffective|p2b: Rillaboom
|-damage|p2a: Gholdengo|68/100
|-damage|p2b: Rillaboom|45/100
|move|p2b: Rillaboom|Drum Beating|p1a: Ninetales
|-damage|p1a: Ninetales|27/100
|-unboost|p1a: Ninetales|spe|1
|move|p2a: Gholdengo|Nasty Plot|p2a: Gholdengo
|-boost|p2a: Gholdengo|spa|2
|
|-weather|Snowscape|[upkeep]
|-heal|p2b: Rillaboom|51/100|[from] Grassy Terrain
|-heal|p2a: Gholdengo|74/100|[from] Grassy Terrain
|-heal|p1a: Ninetales|33/100|[from] Grassy Terrain
|upkeep
|turn|2
|inactive|Catsigh0521 has 30 seconds left.
|inactive|Catsigh0521 has 20 seconds left.
|inactive|Catsigh0521 has 15 seconds left.
|inactive|Catsigh0521 has 10 seconds left.
|inactive|DoItForDamo has 30 seconds left.
|inactive|Catsigh0521 has 5 seconds left.
|inactive|DoItForDamo has 20 seconds left.
|
|t:|1756886332
|switch|p2b: Sneasler|Sneasler, L50, M|100/100
|switch|p1a: Kingambit|Kingambit, L50, F|100/100
|move|p2a: Gholdengo|Shadow Ball|p1b: Magmar
|-damage|p1b: Magmar|33/100
|move|p1b: Magmar|Heat Wave|p2a: Gholdengo|[spread] p2a,p2b
|-resisted|p2a: Gholdengo
|-crit|p2a: Gholdengo
|-damage|p2a: Gholdengo|57/100
|-damage|p2b: Sneasler|68/100
|-status|p2a: Gholdengo|brn
|
|-weather|Snowscape|[upkeep]
|-heal|p2b: Sneasler|75/100|[from] Grassy Terrain
|-heal|p2a: Gholdengo|64/100 brn|[from] Grassy Terrain
|-heal|p1b: Magmar|39/100|[from] Grassy Terrain
|-damage|p2a: Gholdengo|57/100 brn|[from] brn
|upkeep
|turn|3
|inactive|Catsigh0521 has 30 seconds left.
|inactive|Catsigh0521 has 20 seconds left.
|inactive|Catsigh0521 has 15 seconds left.
|inactive|Catsigh0521 has 10 seconds left.
|
|t:|1756886379
|move|p1b: Magmar|Follow Me|p1b: Magmar
|-singleturn|p1b: Magmar|move: Follow Me
|move|p2b: Sneasler|Close Combat|p1b: Magmar
|-damage|p1b: Magmar|0 fnt
|-unboost|p2b: Sneasler|def|1
|-unboost|p2b: Sneasler|spd|1
|faint|p1b: Magmar
|-enditem|p2b: Sneasler|White Herb
|-clearnegativeboost|p2b: Sneasler|[silent]
|move|p2a: Gholdengo|Make It Rain|p1a: Kingambit
|-resisted|p1a: Kingambit
|-damage|p1a: Kingambit|38/100
|-unboost|p2a: Gholdengo|spa|1
|move|p1a: Kingambit|Swords Dance|p1a: Kingambit
|-boost|p1a: Kingambit|atk|2
|
|-weather|Snowscape|[upkeep]
|-heal|p2b: Sneasler|81/100|[from] Grassy Terrain
|-heal|p2a: Gholdengo|64/100 brn|[from] Grassy Terrain
|-heal|p1a: Kingambit|44/100|[from] Grassy Terrain
|-damage|p2a: Gholdengo|57/100 brn|[from] brn
|upkeep
|
|t:|1756886402
|switch|p1b: Basculegion|Basculegion, L50, M|100/100
|turn|4
|inactive|Catsigh0521 has 30 seconds left.
|
|t:|1756886434
|move|p1a: Kingambit|Sucker Punch|p2a: Gholdengo
|-damage|p2a: Gholdengo|0 fnt
|faint|p2a: Gholdengo
|move|p2b: Sneasler|Close Combat|p1a: Kingambit
|-supereffective|p1a: Kingambit
|-damage|p1a: Kingambit|0 fnt
|-unboost|p2b: Sneasler|def|1
|-unboost|p2b: Sneasler|spd|1
|faint|p1a: Kingambit
|move|p1b: Basculegion|Wave Crash|p2b: Sneasler
|-damage|p2b: Sneasler|0 fnt
|faint|p2b: Sneasler
|-damage|p1b: Basculegion|77/100|[from] Recoil
|
|-weather|Snowscape|[upkeep]
|-heal|p1b: Basculegion|83/100|[from] Grassy Terrain
|upkeep
|
|t:|1756886451
|switch|p2b: Arcanine|Arcanine-Hisui, L50, M, shiny|100/100
|switch|p2a: Rillaboom|Rillaboom, L50, M|51/100
|switch|p1a: Ninetales|Ninetales-Alola, L50, F, tera:Ghost|33/100
|-ability|p2b: Arcanine|Intimidate|boost
|-unboost|p1a: Ninetales|atk|1
|-unboost|p1b: Basculegion|atk|1
|turn|5
|inactive|DoItForDamo has 30 seconds left.
|inactive|Catsigh0521 has 30 seconds left.
|inactive|Catsigh0521 has 20 seconds left.
|
|t:|1756886487
|move|p2a: Rillaboom|Grassy Glide|p1b: Basculegion
|-supereffective|p1b: Basculegion
|-damage|p1b: Basculegion|5/100
|move|p1b: Basculegion|Wave Crash|p2b: Arcanine
|-supereffective|p2b: Arcanine
|-damage|p2b: Arcanine|0 fnt
|faint|p2b: Arcanine
|-damage|p1b: Basculegion|0 fnt|[from] Recoil
|faint|p1b: Basculegion
|move|p1a: Ninetales|Freeze-Dry|p2a: Rillaboom
|-supereffective|p2a: Rillaboom
|-damage|p2a: Rillaboom|0 fnt
|faint|p2a: Rillaboom
|
|win|DoItForDamo
|raw|DoItForDamo's rating: 1000 → 1045(+45 for winning)
|raw|Catsigh0521's rating: 1043 → 1025(-18 for losing)
|l|☆DoItForDamo
|player|p1|
