|j|☆Como Se Dice Ben
|j|☆sbhaga34
|html|Como Se Dice Bensbhaga34    
|uhtml|bestof|Game 3 of a best-of-3
|t:|1754958949
|gametype|doubles
|player|p1|Como Se Dice Ben|li|1211
|player|p2|sbhaga34|hugh|1304
|gen|9
|tier|[Gen 9] VGC 2025 Reg H (Bo3)
|rated|
|rule|Species Clause: Limit one of each Pokémon
|rule|Item Clause: Limit 1 of each item
|clearpoke
|poke|p1|Pelipper, L50, M|
|poke|p1|Ursaluna, L50, M|
|poke|p1|Dragapult, L50, F|
|poke|p1|Incineroar, L50, F|
|poke|p1|Porygon2, L50|
|poke|p1|Amoonguss, L50, M|
|poke|p2|Indeedee-F, L50, F|
|poke|p2|Corviknight, L50, F|
|poke|p2|Tyranitar, L50, F|
|poke|p2|Excadrill, L50, F|
|poke|p2|Gardevoir, L50, F|
|poke|p2|Magmortar, L50, F|
|teampreview|4
|showteam|p1|Pelipper||LifeOrb|Drizzle|WeatherBall,Hurricane,Protect,WideGuard|||M|||50|,,,,,Grass]Ursaluna||FlameOrb|Guts|Facade,HeadlongRush,Earthquake,Protect|||M|||50|,,,,,Ghost]Dragapult||ChoiceBand|ClearBody|DragonDarts,PhantomForce,Uturn,Outrage|||F|||50|,,,,,Dragon]Incineroar||SafetyGoggles|Intimidate|FakeOut,PartingShot,KnockOff,HelpingHand|||F|||50|,,,,,Ghost]Porygon2||Eviolite|Download|TeraBlast,IceBeam,TrickRoom,Recover||||||50|,,,,,Fighting]Amoonguss||CovertCloak|Regenerator|Spore,Protect,RagePowder,PollenPuff|||M|||50|,,,,,Water
|showteam|p2|Indeedee-F||SafetyGoggles|PsychicSurge|FollowMe,TrickRoom,Imprison,Psychic|||F|||50|,,,,,Water]Corviknight||CovertCloak|MirrorArmor|BraveBird,BodyPress,BulkUp,Tailwind|||F|||50|,,,,,Fighting]Tyranitar||WeaknessPolicy|SandStream|RockSlide,KnockOff,LowKick,Protect|||F|||50|,,,,,Flying]Excadrill||FocusSash|SandRush|Earthquake,IronHead,SwordsDance,Protect|||F|||50|,,,,,Ground]Gardevoir||ChoiceScarf|Telepathy|ExpandingForce,DazzlingGleam,Moonblast,IcyWind|||F|||50|,,,,,Psychic]Magmortar||RockyHelmet|VitalSpirit|FollowMe,HeatWave,ClearSmog,Protect|||F|||50|,,,,,Fire
|inactive|Battle timer is ON: inactive players will automatically lose when time's up. (requested by sbhaga34)
|inactive|Como Se Dice Ben has 60 seconds left.
|
|t:|1754959048
|teamsize|p1|4
|teamsize|p2|4
|start
|switch|p1a: Reapons|Dragapult, L50, F|100/100
|switch|p1b: FLOW|Incineroar, L50, F|100/100
|switch|p2a: Indeedee|Indeedee-F, L50, F|100/100
|switch|p2b: Gardevoir|Gardevoir, L50, F, shiny|100/100
|-fieldstart|move: Psychic Terrain|[from] ability: Psychic Surge|[of] p2a: Indeedee
|-ability|p1b: FLOW|Intimidate|boost
|-unboost|p2a: Indeedee|atk|1
|-unboost|p2b: Gardevoir|atk|1
|turn|1
|
|t:|1754959070
|switch|p1a: GO!!!|Porygon2, L50|100/100
|-ability|p1a: GO!!!|Download|boost
|-boost|p1a: GO!!!|atk|1
|switch|p2a: Tyranitar|Tyranitar, L50, F|100/100
|-weather|Sandstorm|[from] ability: Sand Stream|[of] p2a: Tyranitar
|move|p2b: Gardevoir|Dazzling Gleam|p1a: GO!!!|[spread] p1a,p1b
|-damage|p1a: GO!!!|81/100
|-damage|p1b: FLOW|71/100
|move|p1b: FLOW|Knock Off|p2b: Gardevoir
|-damage|p2b: Gardevoir|33/100
|-enditem|p2b: Gardevoir|Choice Scarf|[from] move: Knock Off|[of] p1b: FLOW
|
|-weather|Sandstorm|[upkeep]
|-damage|p2b: Gardevoir|27/100|[from] Sandstorm
|-damage|p1a: GO!!!|75/100|[from] Sandstorm
|upkeep
|turn|2
|inactive|Como Se Dice Ben has 30 seconds left.
|inactive|sbhaga34 has 30 seconds left.
|inactive|Como Se Dice Ben has 20 seconds left.
|inactive|sbhaga34 has 20 seconds left.
|
|t:|1754959108
|move|p2b: Gardevoir|Moonblast|p1a: GO!!!
|-damage|p1a: GO!!!|42/100
|move|p2a: Tyranitar|Low Kick|p1a: GO!!!
|-supereffective|p1a: GO!!!
|-damage|p1a: GO!!!|14/100
|move|p1b: FLOW|Parting Shot|p2a: Tyranitar
|-unboost|p2a: Tyranitar|atk|1
|-unboost|p2a: Tyranitar|spa|1
|
|t:|1754959116
|switch|p1b: Steg|Ursaluna, L50, M, shiny|100/100|[from] Parting Shot
|move|p1a: GO!!!|Trick Room|p1a: GO!!!
|-fieldstart|move: Trick Room|[of] p1a: GO!!!
|
|-weather|Sandstorm|[upkeep]
|-damage|p1a: GO!!!|7/100|[from] Sandstorm
|-damage|p2b: Gardevoir|22/100|[from] Sandstorm
|-status|p1b: Steg|brn|[from] item: Flame Orb
|upkeep
|turn|3
|inactive|Como Se Dice Ben has 30 seconds left.
|
|t:|1754959146
|switch|p2b: Indeedee|Indeedee-F, L50, F|100/100
|-terastallize|p2a: Tyranitar|Flying
|move|p1b: Steg|Facade|p2b: Indeedee
|-damage|p2b: Indeedee|0 fnt
|faint|p2b: Indeedee
|move|p1a: GO!!!|Recover|p1a: GO!!!
|-heal|p1a: GO!!!|57/100
|move|p2a: Tyranitar|Low Kick|p1b: Steg
|-supereffective|p1b: Steg
|-damage|p1b: Steg|57/100 brn
|
|-weather|Sandstorm|[upkeep]
|-damage|p1a: GO!!!|51/100|[from] Sandstorm
|-damage|p2a: Tyranitar|95/100|[from] Sandstorm
|-damage|p1b: Steg|50/100 brn|[from] brn
|upkeep
|
|t:|1754959161
|switch|p2b: Excadrill|Excadrill, L50, F, shiny|100/100
|turn|4
|inactive|Como Se Dice Ben has 30 seconds left.
|
|t:|1754959191
|-terastallize|p1b: Steg|Ghost
|move|p1b: Steg|Facade|p2b: Excadrill
|-resisted|p2b: Excadrill
|-damage|p2b: Excadrill|11/100
|move|p1a: GO!!!|Ice Beam|p2b: Excadrill
|-damage|p2b: Excadrill|0 fnt
|faint|p2b: Excadrill
|move|p2a: Tyranitar|Knock Off|p1b: Steg
|-supereffective|p1b: Steg
|-damage|p1b: Steg|0 fnt
|-enditem|p1b: Steg|Flame Orb|[from] move: Knock Off|[of] p2a: Tyranitar
|faint|p1b: Steg
|
|-weather|Sandstorm|[upkeep]
|-damage|p1a: GO!!!|45/100|[from] Sandstorm
|-damage|p2a: Tyranitar|89/100|[from] Sandstorm
|upkeep
|
|t:|1754959204
|switch|p1b: FLOW|Incineroar, L50, F|71/100
|switch|p2b: Gardevoir|Gardevoir, L50, F, shiny|22/100
|-ability|p1b: FLOW|Intimidate|boost
|-unboost|p2a: Tyranitar|atk|1
|-unboost|p2b: Gardevoir|atk|1
|turn|5
|
|t:|1754959215
|move|p1b: FLOW|Fake Out|p2a: Tyranitar
|-hint|Psychic Terrain doesn't affect Pokémon immune to Ground.
|-damage|p2a: Tyranitar|80/100
|move|p1a: GO!!!|Tera Blast|p2b: Gardevoir
|-damage|p2b: Gardevoir|0 fnt
|faint|p2b: Gardevoir
|cant|p2a: Tyranitar|flinch
|
|-weather|none
|-fieldend|move: Psychic Terrain
|upkeep
|turn|6
|-message|sbhaga34 forfeited.
|
|win|Como Se Dice Ben
|raw|Como Se Dice Ben's rating: 1211 → 1243(+32 for winning)
|raw|sbhaga34's rating: 1304 → 1279(-25 for losing)
|l|☆sbhaga34
|player|p2|
|c|☆Como Se Dice Ben|gg
