|j|☆sedrav
|j|☆CharlesDriven
|html|sedravCharlesDriven    
|uhtml|bestof|Game 2 of a best-of-3
|t:|1755202513
|gametype|doubles
|player|p1|sedrav|hilbert|1197
|player|p2|CharlesDriven|palmer|1201
|gen|9
|tier|[Gen 9] VGC 2025 Reg H (Bo3)
|rated|
|rule|Species Clause: Limit one of each Pokémon
|rule|Item Clause: Limit 1 of each item
|clearpoke
|poke|p1|Dragonite, L50, F|
|poke|p1|Ursaluna-Bloodmoon, L50, M|
|poke|p1|Sneasler, L50, M|
|poke|p1|Incineroar, L50, M|
|poke|p1|Amoonguss, L50, F|
|poke|p1|Gholdengo, L50|
|poke|p2|Garchomp, L50, F|
|poke|p2|Murkrow, L50, M|
|poke|p2|Gholdengo, L50|
|poke|p2|Amoonguss, L50, M|
|poke|p2|Archaludon, L50, F|
|poke|p2|Rotom-Wash, L50|
|teampreview|4
|showteam|p1|Dragonite||LoadedDice|Multiscale|ScaleShot,Tailwind,Haze,Protect|||F|||50|,,,,,Fairy]Ursaluna-Bloodmoon||AssaultVest|MindsEye|BloodMoon,HyperVoice,EarthPower,VacuumWave|||M|||50|,,,,,Water]Sneasler||FocusSash|Unburden|ThroatChop,DireClaw,CloseCombat,Protect|||M|||50|,,,,,Stellar]Incineroar||SafetyGoggles|Intimidate|FakeOut,FlareBlitz,KnockOff,PartingShot|||M|||50|,,,,,Ghost]Amoonguss||SitrusBerry|Regenerator|Spore,RagePowder,PollenPuff,Protect|||F|||50|,,,,,Water]Gholdengo||LifeOrb|GoodasGold|MakeItRain,ShadowBall,NastyPlot,Protect||||||50|,,,,,Water
|showteam|p2|Garchomp||LifeOrb|RoughSkin|DragonClaw,StompingTantrum,Earthquake,Protect|||F|||50|,,,,,Steel]Murkrow||FocusSash|Prankster|DualWingbeat,Tailwind,Haze,Protect|||M|||50|,,,,,Ghost]Gholdengo||ChoiceSpecs|GoodasGold|MakeItRain,ShadowBall,PowerGem,Trick||||||50|,,,,,Steel]Amoonguss||RockyHelmet|Regenerator|PollenPuff,Spore,RagePowder,Protect|||M|||50|,,,,,Water]Archaludon||AssaultVest|Stamina|DracoMeteor,ElectroShot,BodyPress,Snarl|||F|||50|,,,,,Fighting]Rotom-Wash||SafetyGoggles|Levitate|HydroPump,Thunderbolt,NastyPlot,Rest||||||50|,,,,,Ghost
|inactive|Battle timer is ON: inactive players will automatically lose when time's up. (requested by sedrav)
|inactive|sedrav has 60 seconds left.
|
|t:|1755202549
|teamsize|p1|4
|teamsize|p2|4
|start
|switch|p1a: Ursaluna|Ursaluna-Bloodmoon, L50, M|100/100
|switch|p1b: Incineroar|Incineroar, L50, M|100/100
|switch|p2a: Rotom|Rotom-Wash, L50|100/100
|switch|p2b: Garchomp|Garchomp, L50, F|100/100
|-ability|p1b: Incineroar|Intimidate|boost
|-unboost|p2a: Rotom|atk|1
|-unboost|p2b: Garchomp|atk|1
|turn|1
|inactive|sedrav has 30 seconds left.
|inactive|sedrav has 20 seconds left.
|
|t:|1755202587
|switch|p2b: Murkrow|Murkrow, L50, M|100/100
|-terastallize|p1a: Ursaluna|Water
|move|p1b: Incineroar|Fake Out|p2b: Murkrow
|-damage|p2b: Murkrow|78/100
|move|p2a: Rotom|Nasty Plot|p2a: Rotom
|-boost|p2a: Rotom|spa|2
|move|p1a: Ursaluna|Blood Moon|p2a: Rotom
|-damage|p2a: Rotom|37/100
|
|upkeep
|turn|2
|
|t:|1755202611
|switch|p1a: Amoonguss|Amoonguss, L50, F|100/100
|move|p2b: Murkrow|Tailwind|p2b: Murkrow
|-sidestart|p2: CharlesDriven|move: Tailwind
|move|p2a: Rotom|Thunderbolt|p1a: Amoonguss
|-resisted|p1a: Amoonguss
|-damage|p1a: Amoonguss|70/100
|move|p1b: Incineroar|Knock Off|p2a: Rotom
|-damage|p2a: Rotom|0 fnt
|-enditem|p2a: Rotom|Safety Goggles|[from] move: Knock Off|[of] p1b: Incineroar
|faint|p2a: Rotom
|
|upkeep
|
|t:|1755202614
|switch|p2a: Garchomp|Garchomp, L50, F|100/100
|turn|3
|
|t:|1755202628
|switch|p1b: Dragonite|Dragonite, L50, F|100/100
|move|p1a: Amoonguss|Protect|p1a: Amoonguss
|-singleturn|p1a: Amoonguss|Protect
|move|p2a: Garchomp|Earthquake|p1b: Dragonite|[spread] 
|-activate|p1a: Amoonguss|move: Protect
|-immune|p2b: Murkrow
|-immune|p1b: Dragonite
|move|p2b: Murkrow|Dual Wingbeat|p1a: Amoonguss
|-activate|p1a: Amoonguss|move: Protect
|
|upkeep
|turn|4
|
|t:|1755202646
|switch|p1b: Incineroar|Incineroar, L50, M|100/100
|-ability|p1b: Incineroar|Intimidate|boost
|-unboost|p2a: Garchomp|atk|1
|-unboost|p2b: Murkrow|atk|1
|-terastallize|p2a: Garchomp|Steel
|move|p2a: Garchomp|Earthquake|p1b: Incineroar|[spread] p1a,p1b
|-immune|p2b: Murkrow
|-supereffective|p1b: Incineroar
|-damage|p1a: Amoonguss|42/100
|-damage|p1b: Incineroar|33/100
|-enditem|p1a: Amoonguss|Sitrus Berry|[eat]
|-heal|p1a: Amoonguss|67/100|[from] item: Sitrus Berry
|-damage|p2a: Garchomp|91/100|[from] item: Life Orb
|move|p2b: Murkrow|Dual Wingbeat|p1a: Amoonguss
|-supereffective|p1a: Amoonguss
|-damage|p1a: Amoonguss|48/100
|-supereffective|p1a: Amoonguss
|-damage|p1a: Amoonguss|28/100
|-hitcount|p1a: Amoonguss|2
|move|p1a: Amoonguss|Spore|p2a: Garchomp
|-status|p2a: Garchomp|slp|[from] move: Spore
|
|upkeep
|turn|5
|inactive|sedrav has 30 seconds left.
|
|t:|1755202676
|switch|p1a: Ursaluna|Ursaluna-Bloodmoon, L50, M, tera:Water|100/100
|move|p2b: Murkrow|Protect|p2b: Murkrow
|-singleturn|p2b: Murkrow|Protect
|cant|p2a: Garchomp|slp
|move|p1b: Incineroar|Parting Shot|p2a: Garchomp
|-unboost|p2a: Garchomp|atk|1
|-unboost|p2a: Garchomp|spa|1
|
|t:|1755202687
|switch|p1b: Dragonite|Dragonite, L50, F|100/100|[from] Parting Shot
|
|-sideend|p2: CharlesDriven|move: Tailwind
|upkeep
|turn|6
|
|t:|1755202702
|move|p2b: Murkrow|Haze|p2b: Murkrow
|-clearallboost
|cant|p2a: Garchomp|slp
|move|p1b: Dragonite|Scale Shot|p2b: Murkrow
|-damage|p2b: Murkrow|47/100
|-damage|p2b: Murkrow|10/100
|-damage|p2b: Murkrow|0 fnt
|faint|p2b: Murkrow
|-hitcount|p2: Murkrow|3
|-unboost|p1b: Dragonite|def|1
|-boost|p1b: Dragonite|spe|1
|move|p1a: Ursaluna|Earth Power|p2a: Garchomp
|-supereffective|p2a: Garchomp
|-damage|p2a: Garchomp|0 fnt
|faint|p2a: Garchomp
|
|upkeep
|
|t:|1755202708
|switch|p2b: Gholdengo|Gholdengo, L50|100/100
|turn|7
|-message|CharlesDriven forfeited.
|
|win|sedrav
|raw|sedrav's rating: 1197 → 1222(+25 for winning)
|raw|CharlesDriven's rating: 1201 → 1176(-25 for losing)
|l|☆CharlesDriven
|player|p2|
