|j|‽derainer
|j|☆shiroblast
|html|derainershiroblast    
|uhtml|bestof|Game 2 of a best-of-3
|t:|1785898239
|gametype|doubles
|player|p1|derainer|hilbert|1141
|player|p2|shiroblast|benga|1109
|gen|9
|tier|[Gen 9 Champions] VGC 2026 Reg M-B (Bo3)
|rated|
|rule|Species Clause: Limit one of each Pokémon
|rule|Item Clause: Limit 1 of each item
|clearpoke
|poke|p1|Farigiraf, L50, F|
|poke|p1|Sylveon, L50, F|
|poke|p1|Incineroar, L50, F|
|poke|p1|Tyranitar, L50, F|
|poke|p1|Primarina, L50, M|
|poke|p1|Scovillain, L50, M|
|poke|p2|Swampert, L50, F|
|poke|p2|Archaludon, L50, M|
|poke|p2|Tyranitar, L50, M|
|poke|p2|Pelipper, L50, F|
|poke|p2|Mawile, L50, F|
|poke|p2|Sinistcha-Masterpiece, L50|
|teampreview|4
|showteam|p1|Farigiraf||ColburBerry|ArmorTail|Reflect,TrickRoom,HelpingHand,Psychic|Sassy||F|||50|]Sylveon||FairyFeather|Pixilate|HyperVoice,DrainingKiss,Protect,CalmMind|Modest||F|||50|]Incineroar||WhiteHerb|Intimidate|FakeOut,PartingShot,DarkestLariat,CloseCombat|Adamant||F|||50|]Tyranitar||ChopleBerry|SandStream|RockSlide,LowKick,Protect,HighHorsepower|Adamant||F|||50|]Primarina||SitrusBerry|LiquidVoice|Protect,HyperVoice,DrainingKiss,CalmMind|Modest||M|||50|]Scovillain||Scovillainite|Moody|RagePowder,Flamethrower,LeechSeed,GigaDrain|Calm||M|||50|
|showteam|p2|Swampert||Swampertite|Torrent|WaveCrash,IcePunch,Earthquake,Protect|Adamant||F|||50|]Archaludon||Leftovers|Stamina|DragonPulse,ElectroShot,FlashCannon,Protect|Calm||M|||50|]Tyranitar||LifeOrb|SandStream|KnockOff,RockSlide,StompingTantrum,Protect|Jolly||M|||50|]Pelipper||FocusSash|Drizzle|Hurricane,HelpingHand,Tailwind,WideGuard|Timid||F|||50|]Mawile||Mawilite|Intimidate|SuckerPunch,PlayRough,SwordsDance,Protect|Adamant||F|||50|]Sinistcha-Masterpiece||CobaBerry|Hospitality|RagePowder,MatchaGotcha,TrickRoom,Protect|Calm|||||50|
|
|t:|1785898245
|teamsize|p1|4
|teamsize|p2|4
|start
|switch|p1a: Farigiraf|Farigiraf, L50, F|100/100
|switch|p1b: Scovillain|Scovillain, L50, M|100/100
|switch|p2a: Swampert|Swampert, L50, F|100/100
|switch|p2b: Pelipper|Pelipper, L50, F|100/100
|-weather|RainDance|[from] ability: Drizzle|[of] p2b: Pelipper
|turn|1
|inactive|Battle timer is ON: inactive players will automatically lose when time's up. (requested by shiroblast)
|inactive|shiroblast has 60 seconds left.
|
|t:|1785898298
|switch|p1b: Incineroar|Incineroar, L50, F|100/100
|-ability|p1b: Incineroar|Intimidate|boost
|-unboost|p2a: Swampert|atk|1
|-unboost|p2b: Pelipper|atk|1
|detailschange|p2a: Swampert|Swampert-Mega, L50, F
|-mega|p2a: Swampert|Swampert|Swampertite
|move|p2a: Swampert|Wave Crash|p1a: Farigiraf
|-damage|p1a: Farigiraf|44/100
|-damage|p2a: Swampert|76/100|[from] Recoil
|move|p2b: Pelipper|Hurricane|p1b: Incineroar
|-damage|p1b: Incineroar|59/100
|-start|p1b: Incineroar|confusion
|move|p1a: Farigiraf|Trick Room|p1a: Farigiraf
|-fieldstart|move: Trick Room|[of] p1a: Farigiraf
|
|-weather|RainDance|[upkeep]
|upkeep
|turn|2
|
|t:|1785898316
|switch|p2a: Sinistcha|Sinistcha-Masterpiece, L50|100/100
|-activate|p1b: Incineroar|confusion
|-damage|p1b: Incineroar|44/100|[from] confusion
|move|p1a: Farigiraf|Reflect|p1a: Farigiraf
|-sidestart|p1: derainer|Reflect
|move|p2b: Pelipper|Hurricane|p1a: Farigiraf
|-damage|p1a: Farigiraf|0 fnt
|faint|p1a: Farigiraf
|
|-weather|RainDance|[upkeep]
|upkeep
|
|t:|1785898338
|switch|p1a: Scovillain|Scovillain, L50, M|100/100
|turn|3
|
|t:|1785898361
|detailschange|p1a: Scovillain|Scovillain-Mega, L50, M
|-mega|p1a: Scovillain|Scovillain|Scovillainite
|move|p2a: Sinistcha|Protect|p2a: Sinistcha
|-singleturn|p2a: Sinistcha|Protect
|-activate|p1b: Incineroar|confusion
|move|p1b: Incineroar|Darkest Lariat|p2a: Sinistcha
|-activate|p2a: Sinistcha|move: Protect
|move|p1a: Scovillain|Leech Seed|p2b: Pelipper
|-start|p2b: Pelipper|move: Leech Seed
|move|p2b: Pelipper|Hurricane|p1a: Scovillain
|-supereffective|p1a: Scovillain|1
|-crit|p1a: Scovillain
|-damage|p1a: Scovillain|0 fnt
|-status|p2b: Pelipper|brn|[from] ability: Spicy Spray|[of] p1a: Scovillain
|faint|p1a: Scovillain
|
|-weather|RainDance|[upkeep]
|-damage|p2b: Pelipper|94/100 brn|[from] brn
|upkeep
|
|t:|1785898377
|switch|p1a: Sylveon|Sylveon, L50, F|100/100
|turn|4
|
|t:|1785898389
|-activate|p1b: Incineroar|confusion
|move|p1b: Incineroar|Darkest Lariat|p2a: Sinistcha
|-supereffective|p2a: Sinistcha|1
|-damage|p2a: Sinistcha|18/100
|move|p1a: Sylveon|Calm Mind|p1a: Sylveon
|-boost|p1a: Sylveon|spa|1
|-boost|p1a: Sylveon|spd|1
|move|p2a: Sinistcha|Matcha Gotcha|p1a: Sylveon|[spread] p1a,p1b
|-resisted|p1b: Incineroar|1
|-damage|p1a: Sylveon|89/100
|-heal|p2a: Sinistcha|24/100|[from] drain|[of] p1a: Sylveon
|-damage|p1b: Incineroar|34/100
|-heal|p2a: Sinistcha|31/100|[from] drain|[of] p1b: Incineroar
|move|p2b: Pelipper|Hurricane|p1b: Incineroar
|-damage|p1b: Incineroar|0 fnt
|faint|p1b: Incineroar
|
|-weather|RainDance|[upkeep]
|-damage|p2b: Pelipper|81/100 brn|[from] Leech Seed|[of] p1a: Sylveon
|-heal|p1a: Sylveon|98/100|[silent]
|-damage|p2b: Pelipper|75/100 brn|[from] brn
|upkeep
|turn|5
|inactive|shiroblast has 30 seconds left.
|
|t:|1785898422
|switch|p2a: Archaludon|Archaludon, L50, M|100/100
|switch|p2b: Swampert|Swampert-Mega, L50, F|76/100
|move|p1a: Sylveon|Calm Mind|p1a: Sylveon
|-boost|p1a: Sylveon|spa|1
|-boost|p1a: Sylveon|spd|1
|
|-weather|none
|-fieldend|move: Trick Room
|upkeep
|turn|6
|
|t:|1785898438
|switch|p2b: Pelipper|Pelipper, L50, F|75/100 brn
|-weather|RainDance|[from] ability: Drizzle|[of] p2b: Pelipper
|move|p2a: Archaludon|Flash Cannon|p1a: Sylveon
|-supereffective|p1a: Sylveon|1
|-damage|p1a: Sylveon|71/100
|move|p1a: Sylveon|Draining Kiss|p2b: Pelipper
|-damage|p2b: Pelipper|0 fnt
|-heal|p1a: Sylveon|100/100|[from] drain|[of] p2b: Pelipper
|faint|p2b: Pelipper
|
|-weather|RainDance|[upkeep]
|-sideend|p1: derainer|Reflect
|upkeep
|
|t:|1785898451
|switch|p2b: Swampert|Swampert-Mega, L50, F|76/100
|turn|7
|
|t:|1785898462
|move|p2b: Swampert|Protect|p2b: Swampert
|-singleturn|p2b: Swampert|Protect
|move|p2a: Archaludon|Flash Cannon|p1a: Sylveon
|-supereffective|p1a: Sylveon|1
|-damage|p1a: Sylveon|78/100
|move|p1a: Sylveon|Draining Kiss|p2a: Archaludon
|-damage|p2a: Archaludon|47/100
|-heal|p1a: Sylveon|100/100|[from] drain|[of] p2a: Archaludon
|-ability|p2a: Archaludon|Stamina|boost
|-boost|p2a: Archaludon|def|1
|
|-weather|RainDance|[upkeep]
|-heal|p2a: Archaludon|54/100|[from] item: Leftovers
|upkeep
|turn|8
|inactive|shiroblast has 30 seconds left.
|
|t:|1785898487
|move|p2b: Swampert|Wave Crash|p1a: Sylveon
|-damage|p1a: Sylveon|0 fnt
|faint|p1a: Sylveon
|-damage|p2b: Swampert|37/100|[from] Recoil
|
|win|shiroblast
||derainer is ready for game 3.
||shiroblast is ready for game 3.
|uhtml|next|Next: Game 3 of 3
