|j|鈽哾amp682
|j|鈽員heOneAndOnlyChat
|html|damp682TheOneAndOnlyChat    
|uhtml|bestof|Game 1 of a best-of-3
|t:|1783290979
|gametype|doubles
|player|p1|damp682|hilbert|1119
|player|p2|TheOneAndOnlyChat|iono-masters|1177
|gen|9
|tier|[Gen 9 Champions] VGC 2026 Reg M-B (Bo3)
|rated|
|rule|Species Clause: Limit one of each Pok茅mon
|rule|Item Clause: Limit 1 of each item
|clearpoke
|poke|p1|Aerodactyl, L50, M|
|poke|p1|Metagross, L50|
|poke|p1|Sneasler, L50, M|
|poke|p1|Floette-Eternal, L50, F|
|poke|p1|Incineroar, L50, F|
|poke|p1|Garchomp, L50, F|
|poke|p2|Toxapex, L50, F|
|poke|p2|Garchomp, L50, M|
|poke|p2|Staraptor, L50, M|
|poke|p2|Grimmsnarl, L50, M|
|poke|p2|Sinistcha-Masterpiece, L50|
|poke|p2|Incineroar, L50, M|
|teampreview|4
|showteam|p1|Aerodactyl||FocusSash|Unnerve|RockSlide,Tailwind,Protect,WideGuard|Jolly||M|||50|]Metagross||Metagrossite|ClearBody|Protect,MeteorMash,PsychicFangs,BodyPress|Jolly|||||50|]Sneasler||WhiteHerb|Unburden|CloseCombat,DireClaw,FakeOut,Coaching|Jolly||M|||50|]Floette-Eternal||Floettite|FlowerVeil|Moonblast,DazzlingGleam,CalmMind,Protect|Modest||F|||50|]Incineroar||SitrusBerry|Intimidate|DarkestLariat,PartingShot,FakeOut,FlareBlitz|Adamant||F|||50|]Garchomp||LifeOrb|RoughSkin|DragonClaw,Earthquake,Protect,RockSlide|Jolly||F|||50|
|showteam|p2|Toxapex||Leftovers|Regenerator|BanefulBunker,Toxic,Infestation,WideGuard|Bold||F|||50|]Garchomp||LifeOrb|RoughSkin|Earthquake,DragonClaw,RockSlide,Protect|Jolly||M|||50|]Staraptor||Staraptite|Intimidate|CloseCombat,BraveBird,Roost,Protect|Jolly||M|||50|]Grimmsnarl||LightClay|Prankster|LightScreen,Reflect,PartingShot,SpiritBreak|Careful||M|||50|]Sinistcha-Masterpiece||ColburBerry|Hospitality|MatchaGotcha,TrickRoom,LifeDew,RagePowder|Calm|||||50|]Incineroar||SitrusBerry|Intimidate|FakeOut,ThroatChop,FlareBlitz,PartingShot|Impish||M|||50|
|j| liamj vgc!
|inactive|Battle timer is ON: inactive players will automatically lose when time's up. (requested by TheOneAndOnlyChat)
|c|鈽員heOneAndOnlyChat|glhf
|c|鈽哾amp682|That is a cool avatar you have great taste
|inactive|damp682 has 60 seconds left.
|
|t:|1783291082
|teamsize|p1|4
|teamsize|p2|4
|start
|switch|p1a: Floette|Floette-Eternal, L50, F|100/100
|switch|p1b: Sneasler|Sneasler, L50, M|100/100
|switch|p2a: Toxapex|Toxapex, L50, F|100/100
|switch|p2b: Grimmsnarl|Grimmsnarl, L50, M|100/100
|turn|1
|c|鈽員heOneAndOnlyChat|thanks
|inactive|TheOneAndOnlyChat has 30 seconds left.
|
|t:|1783291115
|detailschange|p1a: Floette|Floette-Mega, L50, F
|-mega|p1a: Floette|Floette|Floettite
|-ability|p1a: Floette|Fairy Aura
|move|p1b: Sneasler|Fake Out|p2a: Toxapex
|-damage|p2a: Toxapex|90/100
|move|p2b: Grimmsnarl|Light Screen|p2b: Grimmsnarl
|-sidestart|p2: TheOneAndOnlyChat|move: Light Screen
|move|p1a: Floette|Moonblast|p2b: Grimmsnarl
|-supereffective|p2b: Grimmsnarl|1
|-damage|p2b: Grimmsnarl|8/100
|-unboost|p2b: Grimmsnarl|spa|1
|cant|p2a: Toxapex|flinch
|
|-heal|p2a: Toxapex|96/100|[from] item: Leftovers
|upkeep
|turn|2
|inactive|damp682 has 30 seconds left.
|inactive|damp682 has 20 seconds left.
|
|t:|1783291152
|switch|p1b: Garchomp|Garchomp, L50, F|100/100
|move|p2b: Grimmsnarl|Reflect|p2b: Grimmsnarl
|-sidestart|p2: TheOneAndOnlyChat|Reflect
|move|p1a: Floette|Dazzling Gleam|p2b: Grimmsnarl|[spread] p2a,p2b
|-resisted|p2a: Toxapex|1
|-supereffective|p2b: Grimmsnarl|1
|-damage|p2a: Toxapex|84/100
|-damage|p2b: Grimmsnarl|0 fnt
|faint|p2b: Grimmsnarl
|move|p2a: Toxapex|Infestation|p1a: Floette
|-resisted|p1a: Floette|1
|-damage|p1a: Floette|98/100
|-activate|p1a: Floette|move: Infestation|[of] p2a: Toxapex
|
|-heal|p2a: Toxapex|89/100|[from] item: Leftovers
|-damage|p1a: Floette|86/100|[from] move: Infestation|[partiallytrapped]
|upkeep
|j| Dr. Bejan
|
|t:|1783291170
|switch|p2b: Incineroar|Incineroar, L50, M|100/100
|-ability|p2b: Incineroar|Intimidate|boost
|-unboost|p1a: Floette|atk|1
|-unboost|p1b: Garchomp|atk|1
|turn|3
|
|t:|1783291184
|move|p2b: Incineroar|Fake Out|p1b: Garchomp
|-damage|p1b: Garchomp|90/100
|-damage|p2b: Incineroar|87/100|[from] ability: Rough Skin|[of] p1b: Garchomp
|cant|p1b: Garchomp|flinch
|move|p1a: Floette|Dazzling Gleam|p2b: Incineroar|[spread] p2a,p2b
|-resisted|p2a: Toxapex|1
|-damage|p2a: Toxapex|76/100
|-damage|p2b: Incineroar|56/100
|move|p2a: Toxapex|Infestation|p1b: Garchomp
|-damage|p1b: Garchomp|87/100
|-activate|p1b: Garchomp|move: Infestation|[of] p2a: Toxapex
|-damage|p2a: Toxapex|64/100|[from] ability: Rough Skin|[of] p1b: Garchomp
|
|-heal|p2a: Toxapex|70/100|[from] item: Leftovers
|-damage|p1b: Garchomp|75/100|[from] move: Infestation|[partiallytrapped]
|-damage|p1a: Floette|74/100|[from] move: Infestation|[partiallytrapped]
|upkeep
|turn|4
|
|t:|1783291209
|switch|p2b: Sinistcha|Sinistcha-Masterpiece, L50|100/100
|-heal|p2a: Toxapex|94/100|[from] ability: Hospitality|[of] p2b: Sinistcha
|move|p2a: Toxapex|Baneful Bunker|p2a: Toxapex
|-singleturn|p2a: Toxapex|move: Protect
|move|p1b: Garchomp|Earthquake|p2a: Toxapex|[spread] p1a,p2b
|-activate|p2a: Toxapex|move: Protect
|-resisted|p2b: Sinistcha|1
|-crit|p2b: Sinistcha
|-damage|p1a: Floette|35/100
|-damage|p2b: Sinistcha|71/100
|-damage|p1b: Garchomp|66/100|[from] item: Life Orb
|move|p1a: Floette|Moonblast|p2b: Sinistcha
|-damage|p2b: Sinistcha|23/100
|
|-heal|p2a: Toxapex|100/100|[from] item: Leftovers
|-damage|p1b: Garchomp|54/100|[from] move: Infestation|[partiallytrapped]
|-damage|p1a: Floette|23/100|[from] move: Infestation|[partiallytrapped]
|upkeep
|turn|5
|inactive|damp682 has 30 seconds left.
|
|t:|1783291236
|switch|p2b: Incineroar|Incineroar, L50, M|56/100
|-ability|p2b: Incineroar|Intimidate|boost
|-unboost|p1a: Floette|atk|1
|-unboost|p1b: Garchomp|atk|1
|move|p1b: Garchomp|Rock Slide|p2b: Incineroar|[spread] p2a
|-miss|p1b: Garchomp|p2b: Incineroar
|-damage|p2a: Toxapex|94/100
|-damage|p1b: Garchomp|44/100|[from] item: Life Orb
|move|p1a: Floette|Dazzling Gleam|p2a: Toxapex|[spread] p2a,p2b
|-resisted|p2a: Toxapex|1
|-damage|p2a: Toxapex|82/100
|-damage|p2b: Incineroar|26/100
|-enditem|p2b: Incineroar|Sitrus Berry|[eat]
|-heal|p2b: Incineroar|51/100|[from] item: Sitrus Berry
|move|p2a: Toxapex|Toxic|p1b: Garchomp
|-status|p1b: Garchomp|tox
|
|-heal|p2a: Toxapex|88/100|[from] item: Leftovers
|-damage|p1b: Garchomp|38/100 tox|[from] psn
|-damage|p1b: Garchomp|26/100 tox|[from] move: Infestation|[partiallytrapped]
|-damage|p1a: Floette|10/100|[from] move: Infestation|[partiallytrapped]
|upkeep
|turn|6
|inactive|damp682 has 30 seconds left.
|inactive|TheOneAndOnlyChat has 30 seconds left.
|
|t:|1783291268
|move|p2b: Incineroar|Fake Out|p1a: Floette
|-damage|p1a: Floette|0 fnt
|faint|p1a: Floette
|move|p2a: Toxapex|Wide Guard|p2a: Toxapex
|-singleturn|p2a: Toxapex|Wide Guard
|move|p1b: Garchomp|Rock Slide|p2b: Incineroar|[spread] 
|-activate|p2a: Toxapex|move: Wide Guard
|-activate|p2b: Incineroar|move: Wide Guard
|
|-heal|p2a: Toxapex|94/100|[from] item: Leftovers
|-damage|p1b: Garchomp|14/100 tox|[from] psn
|-damage|p1b: Garchomp|2/100 tox|[from] move: Infestation|[partiallytrapped]
|upkeep
|c|鈽哾amp682|Okay girl I see you 馃槄
|inactive|damp682 has 30 seconds left.
|
|t:|1783291299
|switch|p1a: Aerodactyl|Aerodactyl, L50, M|100/100
|-ability|p1a: Aerodactyl|Unnerve
|turn|7
|c|鈽員heOneAndOnlyChat|xD
|inactive|TheOneAndOnlyChat has 30 seconds left.
|
|t:|1783291331
|move|p1a: Aerodactyl|Protect|p1a: Aerodactyl
|-singleturn|p1a: Aerodactyl|Protect
|move|p1b: Garchomp|Dragon Claw|p2b: Incineroar
|-damage|p2b: Incineroar|39/100
|-damage|p1b: Garchomp|0 fnt|[from] item: Life Orb
|faint|p1b: Garchomp
|move|p2b: Incineroar|Parting Shot|p1a: Aerodactyl
|-activate|p1a: Aerodactyl|move: Protect
|move|p2a: Toxapex|Toxic|p1a: Aerodactyl
|-activate|p1a: Aerodactyl|move: Protect
|
|-heal|p2a: Toxapex|100/100|[from] item: Leftovers
|upkeep
|
|t:|1783291347
|switch|p1b: Sneasler|Sneasler, L50, M|100/100
|turn|8
|
|t:|1783291361
|move|p2a: Toxapex|Baneful Bunker|p2a: Toxapex
|-singleturn|p2a: Toxapex|move: Protect
|move|p1a: Aerodactyl|Rock Slide|p2a: Toxapex|[spread] p2b
|-activate|p2a: Toxapex|move: Protect
|-supereffective|p2b: Incineroar|1
|-damage|p2b: Incineroar|15/100
|move|p1b: Sneasler|Close Combat|p2b: Incineroar
|-supereffective|p2b: Incineroar|1
|-damage|p2b: Incineroar|0 fnt
|-unboost|p1b: Sneasler|def|1
|-unboost|p1b: Sneasler|spd|1
|faint|p2b: Incineroar
|-enditem|p1b: Sneasler|White Herb
|-clearnegativeboost|p1b: Sneasler|[silent]
|
|-sideend|p2: TheOneAndOnlyChat|move: Light Screen
|upkeep
|
|t:|1783291369
|switch|p2b: Sinistcha|Sinistcha-Masterpiece, L50|23/100
|turn|9
|inactive|damp682 has 30 seconds left.
|inactive|damp682 has 20 seconds left.
|inactive|damp682 has 15 seconds left.
|inactive|damp682 has 10 seconds left.
|c|鈽哾amp682|Game 2 the comeback
|inactive|damp682 has 5 seconds left.
|
|t:|1783291424
|move|p1b: Sneasler|Close Combat|p2b: Sinistcha
|-immune|p2b: Sinistcha
|move|p1a: Aerodactyl|Rock Slide|p2b: Sinistcha|[spread] p2a,p2b
|-damage|p2a: Toxapex|88/100
|-damage|p2b: Sinistcha|7/100
|move|p2b: Sinistcha|Life Dew|p2b: Sinistcha|[spread] p2a,p2b
|-heal|p2a: Toxapex|100/100
|-heal|p2b: Sinistcha|32/100
|move|p2a: Toxapex|Infestation|p1b: Sneasler
|-resisted|p1b: Sneasler|2
|-damage|p1b: Sneasler|99/100
|-activate|p1b: Sneasler|move: Infestation|[of] p2a: Toxapex
|
|-damage|p1b: Sneasler|87/100|[from] move: Infestation|[partiallytrapped]
|-sideend|p2: TheOneAndOnlyChat|Reflect
|upkeep
|turn|10
|
|t:|1783291445
|move|p1b: Sneasler|Dire Claw|p2b: Sinistcha
|-damage|p2b: Sinistcha|2/100
|-status|p2b: Sinistcha|slp
|move|p1a: Aerodactyl|Rock Slide|p2a: Toxapex|[spread] p2a,p2b
|-damage|p2a: Toxapex|82/100
|-damage|p2b: Sinistcha|0 fnt
|faint|p2b: Sinistcha
|cant|p2a: Toxapex|flinch
|
|-heal|p2a: Toxapex|88/100|[from] item: Leftovers
|-damage|p1b: Sneasler|75/100|[from] move: Infestation|[partiallytrapped]
|upkeep
|turn|11
|c|鈽員heOneAndOnlyChat|surely
|c|鈽員heOneAndOnlyChat|oh?
|
|t:|1783291464
|move|p2a: Toxapex|Baneful Bunker|p2a: Toxapex
|-singleturn|p2a: Toxapex|move: Protect
|move|p1b: Sneasler|Close Combat|p2a: Toxapex
|-activate|p2a: Toxapex|move: Protect
|move|p1a: Aerodactyl|Rock Slide|p2a: Toxapex
|-activate|p2a: Toxapex|move: Protect
|
|-heal|p2a: Toxapex|94/100|[from] item: Leftovers
|-damage|p1b: Sneasler|63/100|[from] move: Infestation|[partiallytrapped]
|upkeep
|turn|12
|inactive|damp682 has 30 seconds left.
|c|鈽哾amp682|I think I might steal a victory 馃槅
|inactive|damp682 has 20 seconds left.
|inactive|damp682 has 15 seconds left.
|inactive|damp682 has 10 seconds left.
|
|t:|1783291513
|move|p2a: Toxapex|Wide Guard|p2a: Toxapex
|-singleturn|p2a: Toxapex|Wide Guard
|move|p1b: Sneasler|Close Combat|p2a: Toxapex
|-resisted|p2a: Toxapex|1
|-damage|p2a: Toxapex|77/100
|-unboost|p1b: Sneasler|def|1
|-unboost|p1b: Sneasler|spd|1
|move|p1a: Aerodactyl|Rock Slide|p2a: Toxapex
|-activate|p2a: Toxapex|move: Wide Guard
|
|-heal|p2a: Toxapex|82/100|[from] item: Leftovers
|-damage|p1b: Sneasler|51/100|[from] move: Infestation|[partiallytrapped]
|upkeep
|turn|13
|c|鈽員heOneAndOnlyChat|馃槅
|c|鈽員heOneAndOnlyChat|it might be fine
|inactive|damp682 has 30 seconds left.
|
|t:|1783291538
|move|p2a: Toxapex|Wide Guard|p2a: Toxapex
|-singleturn|p2a: Toxapex|Wide Guard
|move|p1b: Sneasler|Close Combat|p2a: Toxapex
|-resisted|p2a: Toxapex|1
|-damage|p2a: Toxapex|63/100
|-unboost|p1b: Sneasler|def|1
|-unboost|p1b: Sneasler|spd|1
|move|p1a: Aerodactyl|Rock Slide|p2a: Toxapex
|-activate|p2a: Toxapex|move: Wide Guard
|
|-heal|p2a: Toxapex|68/100|[from] item: Leftovers
|-end|p1b: Sneasler|Infestation|[partiallytrapped]
|upkeep
|turn|14
|inactive|damp682 has 30 seconds left.
|c|鈽哾amp682|Wow 馃槻 you have a sense of humour
|inactive|damp682 has 20 seconds left.
|inactive|damp682 has 15 seconds left.
|inactive|damp682 has 10 seconds left.
|
|t:|1783291586
|move|p1a: Aerodactyl|Protect|p1a: Aerodactyl
|-singleturn|p1a: Aerodactyl|Protect
|move|p1b: Sneasler|Close Combat|p2a: Toxapex
|-resisted|p2a: Toxapex|1
|-damage|p2a: Toxapex|49/100
|-unboost|p1b: Sneasler|def|1
|-unboost|p1b: Sneasler|spd|1
|move|p2a: Toxapex|Infestation|p1b: Sneasler
|-resisted|p1b: Sneasler|2
|-damage|p1b: Sneasler|49/100
|-activate|p1b: Sneasler|move: Infestation|[of] p2a: Toxapex
|
|-heal|p2a: Toxapex|55/100|[from] item: Leftovers
|-damage|p1b: Sneasler|37/100|[from] move: Infestation|[partiallytrapped]
|upkeep
|turn|15
|inactive|damp682 has 15 seconds left this turn.
|inactive|damp682 has 10 seconds left.
|inactive|damp682 has 5 seconds left.
|
|t:|1783291603
|move|p2a: Toxapex|Baneful Bunker|p2a: Toxapex
|-singleturn|p2a: Toxapex|move: Protect
|move|p1b: Sneasler|Close Combat|p2a: Toxapex
|-activate|p2a: Toxapex|move: Protect
|move|p1a: Aerodactyl|Rock Slide|p2a: Toxapex
|-activate|p2a: Toxapex|move: Protect
|
|-heal|p2a: Toxapex|61/100|[from] item: Leftovers
|-damage|p1b: Sneasler|25/100|[from] move: Infestation|[partiallytrapped]
|upkeep
|turn|16
|inactive|damp682 has 5 seconds left this turn.
|-message|damp682 lost due to inactivity.
|
|win|TheOneAndOnlyChat
||TheOneAndOnlyChat is ready for game 2.
||damp682 is ready for game 2.
|uhtml|next|Next: Game 2 of 3
|l|鈽員heOneAndOnlyChat
|player|p2|
|l|鈽哾amp682
|player|p1|
