|j|☆VerdantVirizion
|j|☆standardamerican
|html|VerdantVirizionstandardamerican    
|uhtml|bestof|Game 2 of a best-of-3
|t:|1784888684
|gametype|doubles
|player|p1|VerdantVirizion|acetrainerf|1158
|player|p2|standardamerican|170|1308
|gen|9
|tier|[Gen 9 Champions] VGC 2026 Reg M-B (Bo3)
|rated|
|rule|Species Clause: Limit one of each Pokémon
|rule|Item Clause: Limit 1 of each item
|clearpoke
|poke|p1|Mawile, L50, F, shiny|
|poke|p1|Dragonite, L50, M, shiny|
|poke|p1|Farigiraf, L50, M|
|poke|p1|Pelipper, L50, M, shiny|
|poke|p1|Sneasler, L50, M|
|poke|p1|Mamoswine, L50, F|
|poke|p2|Sinistcha, L50|
|poke|p2|Incineroar, L50, F|
|poke|p2|Milotic, L50, M|
|poke|p2|Raichu, L50, F|
|poke|p2|Gardevoir, L50, M|
|poke|p2|Ceruledge, L50, F|
|teampreview|4
|showteam|p1|Mawile||Mawilite|HyperCutter|PlayRough,SuckerPunch,SwordsDance,Protect|Adamant||F|||50|]Dragonite||Dragoninite|Multiscale|DragonPulse,Thunderbolt,Hurricane,Protect|Modest||M|||50|]Farigiraf||ColburBerry|ArmorTail|Psychic,TrickRoom,HelpingHand,GrassKnot|Calm||M|||50|]Pelipper||SitrusBerry|Drizzle|WeatherBall,Tailwind,WideGuard,Hurricane|Modest||M|||50|]Sneasler||FocusSash|PoisonTouch|PoisonJab,CloseCombat,FakeOut,Protect|Jolly||M|||50|]Mamoswine||LifeOrb|Oblivious|HighHorsepower,IceShard,IcicleCrash,Protect|Adamant||F|||50|
|showteam|p2|Sinistcha||KasibBerry|Hospitality|MatchaGotcha,TrickRoom,RagePowder,Protect|Bold|||||50|]Incineroar||SitrusBerry|Intimidate|FlareBlitz,DarkestLariat,FakeOut,PartingShot|Careful||F|||50|]Milotic||Leftovers|Competitive|MuddyWater,Coil,Hypnosis,Protect|Calm||M|||50|]Raichu||RaichuniteY|LightningRod|ZapCannon,FocusBlast,FakeOut,Protect|Timid||F|||50|]Gardevoir||Gardevoirite|Trace|HyperVoice,Psyshock,TrickRoom,Protect|Modest||M|||50|]Ceruledge||ColburBerry|FlashFire|BitterBlade,ShadowSneak,BulkUp,Protect|Adamant||F|||50|
|inactive|Battle timer is ON: inactive players will automatically lose when time's up. (requested by VerdantVirizion)
|inactive|standardamerican has 60 seconds left.
|inactive|VerdantVirizion has 60 seconds left.
|
|t:|1784888733
|teamsize|p1|4
|teamsize|p2|4
|start
|switch|p1a: Uzi|Dragonite, L50, M, shiny|100/100
|switch|p1b: Luthier|Farigiraf, L50, M|100/100
|switch|p2a: Gardevoir|Gardevoir, L50, M|100/100
|switch|p2b: Sinistcha|Sinistcha, L50|100/100
|-ability|p2a: Gardevoir|Armor Tail|Trace|[from] ability: Trace|[of] p1b: Luthier
|turn|1
|inactive|VerdantVirizion has 30 seconds left.
|inactive|standardamerican has 30 seconds left.
|inactive|VerdantVirizion has 20 seconds left.
|inactive|VerdantVirizion has 15 seconds left.
|inactive|VerdantVirizion has 10 seconds left.
|inactive|VerdantVirizion has 5 seconds left.
|
|t:|1784888784
|detailschange|p1a: Uzi|Dragonite-Mega, L50, M, shiny
|-mega|p1a: Uzi|Dragonite|Dragoninite
|detailschange|p2a: Gardevoir|Gardevoir-Mega, L50, M
|-mega|p2a: Gardevoir|Gardevoir|Gardevoirite
|move|p1b: Luthier|Helping Hand|p1a: Uzi
|-singleturn|p1a: Uzi|Helping Hand|[of] p1b: Luthier
|move|p1a: Uzi|Dragon Pulse|p2b: Sinistcha
|-damage|p2b: Sinistcha|26/100
|move|p2a: Gardevoir|Hyper Voice|p1b: Luthier|[spread] p1a,p1b
|-supereffective|p1a: Uzi|1
|-damage|p1a: Uzi|56/100
|-damage|p1b: Luthier|56/100
|move|p2b: Sinistcha|Trick Room|p2b: Sinistcha
|-fieldstart|move: Trick Room|[of] p2b: Sinistcha
|
|upkeep
|turn|2
|inactive|VerdantVirizion has 30 seconds left.
|inactive|standardamerican has 30 seconds left.
|inactive|VerdantVirizion has 20 seconds left.
|inactive|VerdantVirizion has 15 seconds left.
|
|t:|1784888825
|move|p1a: Uzi|Protect|p1a: Uzi
|-singleturn|p1a: Uzi|Protect
|move|p2b: Sinistcha|Matcha Gotcha|p1b: Luthier|[spread] p1b
|-activate|p1a: Uzi|move: Protect
|-damage|p1b: Luthier|35/100
|-heal|p2b: Sinistcha|39/100|[from] drain|[of] p1b: Luthier
|move|p2a: Gardevoir|Hyper Voice|p1a: Uzi|[spread] p1b
|-activate|p1a: Uzi|move: Protect
|-damage|p1b: Luthier|0 fnt
|faint|p1b: Luthier
|
|upkeep
|
|t:|1784888835
|switch|p1b: Dagger|Sneasler, L50, M|100/100
|turn|3
|
|t:|1784888857
|switch|p1a: Mamoswine|Mamoswine, L50, F|100/100
|move|p2a: Gardevoir|Protect|p2a: Gardevoir
|-singleturn|p2a: Gardevoir|Protect
|move|p1b: Dagger|Fake Out|p2a: Gardevoir
|-activate|p2a: Gardevoir|move: Protect
|move|p2b: Sinistcha|Matcha Gotcha|p1a: Mamoswine|[spread] p1b
|-miss|p2b: Sinistcha|p1a: Mamoswine
|-resisted|p1b: Dagger|1
|-damage|p1b: Dagger|84/100
|-heal|p2b: Sinistcha|46/100|[from] drain|[of] p1b: Dagger
|
|upkeep
|turn|4
|inactive|VerdantVirizion has 30 seconds left.
|inactive|standardamerican has 30 seconds left.
|inactive|VerdantVirizion has 20 seconds left.
|inactive|VerdantVirizion has 15 seconds left.
|
|t:|1784888897
|move|p1b: Dagger|Protect|p1b: Dagger
|-singleturn|p1b: Dagger|Protect
|move|p2b: Sinistcha|Rage Powder|p2b: Sinistcha
|-singleturn|p2b: Sinistcha|move: Rage Powder
|move|p2a: Gardevoir|Hyper Voice|p1a: Mamoswine|[spread] p1a
|-activate|p1b: Dagger|move: Protect
|-damage|p1a: Mamoswine|23/100
|move|p1a: Mamoswine|Icicle Crash|p2b: Sinistcha|[miss]
|-miss|p1a: Mamoswine|p2b: Sinistcha
|
|upkeep
|turn|5
|inactive|standardamerican has 30 seconds left.
|
|t:|1784888924
|switch|p2b: Incineroar|Incineroar, L50, F|100/100
|-ability|p2b: Incineroar|Intimidate|boost
|-fail|p1a: Mamoswine|unboost|Attack|[from] ability: Oblivious|[of] p1a: Mamoswine
|-unboost|p1b: Dagger|atk|1
|move|p1a: Mamoswine|Ice Shard|p2b: Incineroar
|-resisted|p2b: Incineroar|1
|-damage|p2b: Incineroar|88/100
|-damage|p1a: Mamoswine|13/100|[from] item: Life Orb
|move|p2a: Gardevoir|Hyper Voice|p1a: Mamoswine|[spread] p1a,p1b
|-damage|p1a: Mamoswine|0 fnt
|-damage|p1b: Dagger|12/100
|faint|p1a: Mamoswine
|move|p1b: Dagger|Poison Jab|p2a: Gardevoir
|-supereffective|p2a: Gardevoir|1
|-damage|p2a: Gardevoir|34/100
|-status|p2a: Gardevoir|psn
|
|-damage|p2a: Gardevoir|22/100 psn|[from] psn
|-fieldend|move: Trick Room
|upkeep
|
|t:|1784888938
|switch|p1a: Uzi|Dragonite-Mega, L50, M, shiny|56/100
|turn|6
|
|t:|1784888962
|move|p1b: Dagger|Protect|p1b: Dagger
|-singleturn|p1b: Dagger|Protect
|move|p1a: Uzi|Protect|p1a: Uzi
|-singleturn|p1a: Uzi|Protect
|move|p2b: Incineroar|Fake Out|p1b: Dagger
|-activate|p1b: Dagger|move: Protect
|move|p2a: Gardevoir|Trick Room|p2a: Gardevoir
|-fieldstart|move: Trick Room|[of] p2a: Gardevoir
|
|-damage|p2a: Gardevoir|10/100 psn|[from] psn
|upkeep
|turn|7
|
|t:|1784888982
|move|p2b: Incineroar|Darkest Lariat|p1a: Uzi
|-damage|p1a: Uzi|27/100
|move|p2a: Gardevoir|Hyper Voice|p1a: Uzi|[spread] p1a,p1b
|-supereffective|p1a: Uzi|1
|-damage|p1a: Uzi|0 fnt
|-damage|p1b: Dagger|0 fnt
|faint|p1a: Uzi
|faint|p1b: Dagger
|
|win|standardamerican
||VerdantVirizion is ready for game 3.
|inactive|standardamerican has 30 seconds to confirm battle start!
||standardamerican is ready for game 3.
|uhtml|next|Next: Game 3 of 3
