|j|☆Mr James Freak
|j|☆megaurshifuplease
|html|Mr James Freakmegaurshifuplease    
|uhtml|bestof|Game 2 of a best-of-3
|t:|1783294642
|gametype|doubles
|player|p1|Mr James Freak|scientist|1265
|player|p2|megaurshifuplease|red|1206
|gen|9
|tier|[Gen 9 Champions] VGC 2026 Reg M-B (Bo3)
|rated|
|rule|Species Clause: Limit one of each Pokémon
|rule|Item Clause: Limit 1 of each item
|clearpoke
|poke|p1|Delphox, L50, M, shiny|
|poke|p1|Sinistcha-Masterpiece, L50, shiny|
|poke|p1|Kingambit, L50, M, shiny|
|poke|p1|Ninetales-Alola, L50, M, shiny|
|poke|p1|Sneasler, L50, F, shiny|
|poke|p1|Incineroar, L50, M, shiny|
|poke|p2|Mawile, L50, M|
|poke|p2|Sinistcha-Masterpiece, L50|
|poke|p2|Incineroar, L50, M|
|poke|p2|Grimmsnarl, L50, M|
|poke|p2|Garchomp, L50, F|
|poke|p2|Annihilape, L50, M|
|teampreview|4
|showteam|p1|Delphox||Delphoxite|Blaze|HeatWave,Psyshock,NastyPlot,Protect|Timid||M|||50|]Sinistcha-Masterpiece||SitrusBerry|Hospitality|MatchaGotcha,RagePowder,TrickRoom,Protect|Bold|||||50|]Kingambit||ChopleBerry|Defiant|KowtowCleave,SuckerPunch,LowKick,Protect|Adamant||M|||50|]Ninetales-Alola||FocusSash|SnowWarning|Blizzard,FreezeDry,Encore,Protect|Timid||M|||50|]Sneasler||WhiteHerb|Unburden|CloseCombat,DireClaw,FakeOut,QuickGuard|Jolly||F|||50|]Incineroar||PasshoBerry|Intimidate|FakeOut,PartingShot,FlareBlitz,DarkestLariat|Adamant||M|||50|
|showteam|p2|Mawile||Mawilite|HyperCutter|PlayRough,SuckerPunch,SwordsDance,Protect|Adamant||M|||50|]Sinistcha-Masterpiece||KasibBerry|Hospitality|LifeDew,TrickRoom,RagePowder,MatchaGotcha|Relaxed|||||50|]Incineroar||PasshoBerry|Intimidate|FakeOut,ThroatChop,FlareBlitz,PartingShot|Adamant||M|||50|]Grimmsnarl||LightClay|Prankster|PartingShot,Reflect,LightScreen,SpiritBreak|Impish||M|||50|]Garchomp||ChoiceScarf|SandVeil|Earthquake,DragonClaw,RockTomb,StompingTantrum|Adamant||F|||50|]Annihilape||SitrusBerry|Defiant|RageFist,DrainPunch,BulkUp,Protect|Adamant||M|||50|
|inactive|Battle timer is ON: inactive players will automatically lose when time's up. (requested by megaurshifuplease)
|l|☆megaurshifuplease
|inactive|megaurshifuplease disconnected and has a minute to reconnect!
|player|p2|
|j|☆megaurshifuplease
|inactive|megaurshifuplease reconnected and has 50 seconds left.
|player|p2|megaurshifuplease|red|
|
|t:|1783294703
|teamsize|p1|4
|teamsize|p2|4
|start
|switch|p1a: Delphox|Delphox, L50, M, shiny|100/100
|switch|p1b: Sneasler|Sneasler, L50, F, shiny|100/100
|switch|p2a: Annihilape|Annihilape, L50, M|100/100
|switch|p2b: Grimmsnarl|Grimmsnarl, L50, M|100/100
|turn|1
|inactive|megaurshifuplease has 30 seconds left.
|inactive|megaurshifuplease has 20 seconds left.
|
|t:|1783294739
|detailschange|p1a: Delphox|Delphox-Mega, L50, M, shiny
|-mega|p1a: Delphox|Delphox|Delphoxite
|move|p1b: Sneasler|Fake Out|p2b: Grimmsnarl
|-damage|p2b: Grimmsnarl|85/100
|cant|p2b: Grimmsnarl|flinch
|move|p1a: Delphox|Nasty Plot|p1a: Delphox
|-boost|p1a: Delphox|spa|2
|move|p2a: Annihilape|Bulk Up|p2a: Annihilape
|-boost|p2a: Annihilape|atk|1
|-boost|p2a: Annihilape|def|1
|
|upkeep
|turn|2
|
|t:|1783294764
|move|p2b: Grimmsnarl|Light Screen|p2b: Grimmsnarl
|-sidestart|p2: megaurshifuplease|move: Light Screen
|move|p1a: Delphox|Nasty Plot|p1a: Delphox
|-boost|p1a: Delphox|spa|2
|move|p1b: Sneasler|Dire Claw|p2b: Grimmsnarl
|-supereffective|p2b: Grimmsnarl|1
|-damage|p2b: Grimmsnarl|6/100
|move|p2a: Annihilape|Rage Fist|p1a: Delphox
|-supereffective|p1a: Delphox|1
|-damage|p1a: Delphox|0 fnt
|faint|p1a: Delphox
|
|upkeep
|
|t:|1783294777
|switch|p1a: Ninetales|Ninetales-Alola, L50, M, shiny|100/100
|-weather|Snowscape|[from] ability: Snow Warning|[of] p1a: Ninetales
|turn|3
|
|t:|1783294788
|move|p2b: Grimmsnarl|Reflect|p2b: Grimmsnarl
|-sidestart|p2: megaurshifuplease|Reflect
|move|p1b: Sneasler|Dire Claw|p2a: Annihilape
|-resisted|p2a: Annihilape|1
|-damage|p2a: Annihilape|92/100
|-status|p2a: Annihilape|slp
|move|p1a: Ninetales|Blizzard|p2b: Grimmsnarl|[spread] p2a,p2b
|-damage|p2a: Annihilape|72/100 slp
|-damage|p2b: Grimmsnarl|0 fnt
|faint|p2b: Grimmsnarl
|cant|p2a: Annihilape|slp
|
|-weather|Snowscape|[upkeep]
|upkeep
|
|t:|1783294804
|switch|p2b: Incineroar|Incineroar, L50, M|100/100
|-ability|p2b: Incineroar|Intimidate|boost
|-unboost|p1a: Ninetales|atk|1
|-unboost|p1b: Sneasler|atk|1
|-enditem|p1b: Sneasler|White Herb
|-clearnegativeboost|p1b: Sneasler|[silent]
|turn|4
|
|t:|1783294817
|move|p1b: Sneasler|Close Combat|p2b: Incineroar
|-supereffective|p2b: Incineroar|1
|-damage|p2b: Incineroar|14/100
|-unboost|p1b: Sneasler|def|1
|-unboost|p1b: Sneasler|spd|1
|move|p1a: Ninetales|Blizzard|p2a: Annihilape|[spread] p2a,p2b
|-resisted|p2b: Incineroar|1
|-damage|p2a: Annihilape|52/100 slp
|-damage|p2b: Incineroar|6/100
|cant|p2a: Annihilape|slp
|move|p2b: Incineroar|Flare Blitz|p1a: Ninetales
|-supereffective|p1a: Ninetales|1
|-damage|p1a: Ninetales|1/100
|-damage|p2b: Incineroar|0 fnt|[from] Recoil
|faint|p2b: Incineroar
|
|-weather|Snowscape|[upkeep]
|upkeep
|
|t:|1783294829
|switch|p2b: Mawile|Mawile, L50, M|100/100
|turn|5
|
|t:|1783294842
|detailschange|p2b: Mawile|Mawile-Mega, L50, M
|-mega|p2b: Mawile|Mawile|Mawilite
|move|p1b: Sneasler|Close Combat|p2b: Mawile
|-damage|p2b: Mawile|58/100
|-unboost|p1b: Sneasler|def|1
|-unboost|p1b: Sneasler|spd|1
|move|p1a: Ninetales|Blizzard|p2b: Mawile|[spread] p2a,p2b
|-resisted|p2b: Mawile|1
|-damage|p2a: Annihilape|31/100 slp
|-damage|p2b: Mawile|47/100
|-enditem|p2a: Annihilape|Sitrus Berry|[eat]
|-heal|p2a: Annihilape|56/100 slp|[from] item: Sitrus Berry
|-curestatus|p2a: Annihilape|slp|[msg]
|move|p2a: Annihilape|Rage Fist|p1b: Sneasler
|-damage|p1b: Sneasler|0 fnt
|faint|p1b: Sneasler
|move|p2b: Mawile|Play Rough|p1a: Ninetales|[miss]
|-miss|p2b: Mawile|p1a: Ninetales
|
|-weather|Snowscape|[upkeep]
|upkeep
|
|t:|1783294860
|switch|p1b: Sinistcha|Sinistcha-Masterpiece, L50, shiny|100/100
|-heal|p1a: Ninetales|26/100|[from] ability: Hospitality|[of] p1b: Sinistcha
|turn|6
|
|t:|1783294869
|move|p1b: Sinistcha|Rage Powder|p1b: Sinistcha
|-singleturn|p1b: Sinistcha|move: Rage Powder
|move|p2b: Mawile|Sucker Punch||[still]
|-fail|p2b: Mawile
|move|p1a: Ninetales|Blizzard|p2a: Annihilape|[spread] p2a,p2b
|-resisted|p2b: Mawile|1
|-damage|p2a: Annihilape|38/100
|-damage|p2b: Mawile|35/100
|-status|p2b: Mawile|frz
|move|p2a: Annihilape|Rage Fist|p1b: Sinistcha
|-supereffective|p1b: Sinistcha|1
|-damage|p1b: Sinistcha|0 fnt
|faint|p1b: Sinistcha
|
|-weather|Snowscape|[upkeep]
|upkeep
|turn|7
|
|t:|1783294884
|move|p1a: Ninetales|Blizzard|p2b: Mawile|[spread] p2a,p2b
|-resisted|p2b: Mawile|1
|-damage|p2a: Annihilape|20/100y
|-damage|p2b: Mawile|24/100 frz
|move|p2a: Annihilape|Rage Fist|p1a: Ninetales
|-damage|p1a: Ninetales|0 fnt
|faint|p1a: Ninetales
|
|win|megaurshifuplease
|raw|Mr James Freak's rating: 1265 → 1236(-29 for losing)
|raw|megaurshifuplease's rating: 1206 → 1235(+29 for winning)
|l|☆Mr James Freak
|player|p1|
