|j|☆LeonardPlayz
|j|☆test220102
|html|LeonardPlayztest220102    
|uhtml|bestof|Game 1 of a best-of-3
|t:|1784109943
|gametype|doubles
|player|p1|LeonardPlayz|hilbert-wonderlauncher|1092
|player|p2|test220102|101|1182
|gen|9
|tier|[Gen 9 Champions] VGC 2026 Reg M-B (Bo3)
|rated|
|rule|Species Clause: Limit one of each Pokémon
|rule|Item Clause: Limit 1 of each item
|clearpoke
|poke|p1|Barbaracle, L50, M|
|poke|p1|Gardevoir, L50, M|
|poke|p1|Volcarona, L50, M|
|poke|p1|Gengar, L50, M|
|poke|p1|Mr. Rime, L50, F|
|poke|p1|Krookodile, L50, M|
|poke|p2|Floette-Eternal, L50, F|
|poke|p2|Incineroar, L50, M|
|poke|p2|Sinistcha, L50|
|poke|p2|Sneasler, L50, M|
|poke|p2|Basculegion, L50, M|
|poke|p2|Dragonite, L50, F|
|teampreview|4
|showteam|p1|Barbaracle||Barbaracite|ToughClaws|RockSlide,BrickBreak,ShellSmash,Protect|Adamant||M|||50|]Gardevoir||Gardevoirite|Telepathy|HyperVoice,Psyshock,Thunderbolt,Protect|Timid||M|||50|]Volcarona||ChartiBerry|FlameBody|Tailwind,Flamethrower,WillOWisp,RagePowder|Timid||M|||50|]Gengar||FocusSash|CursedBody|ShadowBall,SludgeBomb,WillOWisp,Protect|Timid||M|||50|]Mr. Rime||NeverMeltIce|ScreenCleaner|FakeOut,FreezeDry,Encore,Protect|Timid||F|||50|]Krookodile||ChopleBerry|Intimidate|Taunt,HighHorsepower,KnockOff,Protect|Adamant||M|||50|
|showteam|p2|Floette-Eternal||Floettite|FlowerVeil|Protect,CalmMind,DrainingKiss,DazzlingGleam|Bold||F|||50|]Incineroar||SitrusBerry|Intimidate|FakeOut,HelpingHand,PartingShot,FlareBlitz|Impish||M|||50|]Sinistcha||KasibBerry|Hospitality|Protect,LifeDew,EnergyBall,RagePowder|Modest|||||50|]Sneasler||WhiteHerb|Unburden|Protect,FakeOut,CloseCombat,DireClaw|Jolly||M|||50|]Basculegion||ChoiceScarf|Adaptability|AquaJet,WaveCrash,FlipTurn,LastRespects|Jolly||M|||50|]Dragonite||DragonFang|InnerFocus|Protect,DragonClaw,ExtremeSpeed,AerialAce|Adamant||F|||50|
|inactive|Battle timer is ON: inactive players will automatically lose when time's up. (requested by test220102)
|inactive|LeonardPlayz also wants the timer to be on.
|inactive|test220102 has 60 seconds left.
|
|t:|1784109977
|teamsize|p1|4
|teamsize|p2|4
|start
|switch|p1a: Volcarona|Volcarona, L50, M|100/100
|switch|p1b: Barbaracle|Barbaracle, L50, M|100/100
|switch|p2a: Floette|Floette-Eternal, L50, F|100/100
|switch|p2b: Incineroar|Incineroar, L50, M|100/100
|-ability|p2b: Incineroar|Intimidate|boost
|-unboost|p1a: Volcarona|atk|1
|-unboost|p1b: Barbaracle|atk|1
|turn|1
|
|t:|1784109989
|detailschange|p2a: Floette|Floette-Mega, L50, F
|-mega|p2a: Floette|Floette|Floettite
|-ability|p2a: Floette|Fairy Aura
|move|p2b: Incineroar|Fake Out|p1b: Barbaracle
|-resisted|p1b: Barbaracle|1
|-damage|p1b: Barbaracle|95/100
|move|p1a: Volcarona|Tailwind|p1a: Volcarona
|-sidestart|p1: LeonardPlayz|move: Tailwind
|cant|p1b: Barbaracle|flinch
|move|p2a: Floette|Calm Mind|p2a: Floette
|-boost|p2a: Floette|spa|1
|-boost|p2a: Floette|spd|1
|
|upkeep
|turn|2
|
|t:|1784110007
|move|p1a: Volcarona|Will-O-Wisp|p2a: Floette
|-status|p2a: Floette|brn
|move|p1b: Barbaracle|Shell Smash|p1b: Barbaracle
|-unboost|p1b: Barbaracle|def|1
|-unboost|p1b: Barbaracle|spd|1
|-boost|p1b: Barbaracle|atk|2
|-boost|p1b: Barbaracle|spa|2
|-boost|p1b: Barbaracle|spe|2
|move|p2a: Floette|Calm Mind|p2a: Floette
|-boost|p2a: Floette|spa|1
|-boost|p2a: Floette|spd|1
|move|p2b: Incineroar|Parting Shot|p1b: Barbaracle
|-unboost|p1b: Barbaracle|atk|1
|-unboost|p1b: Barbaracle|spa|1
|
|t:|1784110019
|switch|p2b: Sneasler|Sneasler, L50, M|100/100|[from] Parting Shot
|
|-damage|p2a: Floette|93/100 brn|[from] brn
|upkeep
|turn|3
|
|t:|1784110034
|move|p1b: Barbaracle|Protect|p1b: Barbaracle
|-singleturn|p1b: Barbaracle|Protect
|move|p2b: Sneasler|Fake Out|p1b: Barbaracle
|-activate|p1b: Barbaracle|move: Protect
|move|p1a: Volcarona|Will-O-Wisp|p2b: Sneasler
|-status|p2b: Sneasler|brn
|move|p2a: Floette|Calm Mind|p2a: Floette
|-boost|p2a: Floette|spa|1
|-boost|p2a: Floette|spd|1
|
|-damage|p2b: Sneasler|94/100 brn|[from] brn
|-damage|p2a: Floette|87/100 brn|[from] brn
|upkeep
|turn|4
|
|t:|1784110054
|switch|p2b: Incineroar|Incineroar, L50, M|100/100
|-ability|p2b: Incineroar|Intimidate|boost
|-unboost|p1a: Volcarona|atk|1
|-unboost|p1b: Barbaracle|atk|1
|detailschange|p1b: Barbaracle|Barbaracle-Mega, L50, M
|-mega|p1b: Barbaracle|Barbaracle|Barbaracite
|move|p2a: Floette|Protect|p2a: Floette
|-singleturn|p2a: Floette|Protect
|move|p1b: Barbaracle|Rock Slide|p2b: Incineroar|[spread] p2b
|-activate|p2a: Floette|move: Protect
|-supereffective|p2b: Incineroar|1
|-damage|p2b: Incineroar|67/100
|move|p1a: Volcarona|Flamethrower|p2a: Floette
|-activate|p2a: Floette|move: Protect
|
|-damage|p2a: Floette|81/100 brn|[from] brn
|-sideend|p1: LeonardPlayz|move: Tailwind
|upkeep
|turn|5
|
|t:|1784110078
|move|p1b: Barbaracle|Protect|p1b: Barbaracle
|-singleturn|p1b: Barbaracle|Protect
|move|p2b: Incineroar|Fake Out|p1b: Barbaracle
|-activate|p1b: Barbaracle|move: Protect
|move|p1a: Volcarona|Tailwind|p1a: Volcarona
|-sidestart|p1: LeonardPlayz|move: Tailwind
|move|p2a: Floette|Dazzling Gleam|p1a: Volcarona|[spread] p1a
|-activate|p1b: Barbaracle|move: Protect
|-resisted|p1a: Volcarona|1
|-damage|p1a: Volcarona|53/100
|
|-damage|p2a: Floette|75/100 brn|[from] brn
|upkeep
|turn|6
|
|t:|1784110097
|move|p2b: Incineroar|Helping Hand|p2a: Floette
|-singleturn|p2a: Floette|Helping Hand|[of] p2b: Incineroar
|move|p1b: Barbaracle|Brick Break|p2b: Incineroar
|-supereffective|p2b: Incineroar|1
|-damage|p2b: Incineroar|4/100
|-enditem|p2b: Incineroar|Sitrus Berry|[eat]
|-heal|p2b: Incineroar|29/100|[from] item: Sitrus Berry
|move|p1a: Volcarona|Flamethrower|p2a: Floette
|-damage|p2a: Floette|63/100 brn
|move|p2a: Floette|Dazzling Gleam|p1a: Volcarona|[spread] p1a,p1b
|-resisted|p1a: Volcarona|1
|-supereffective|p1b: Barbaracle|1
|-damage|p1a: Volcarona|0 fnt
|-damage|p1b: Barbaracle|0 fnt
|faint|p1a: Volcarona
|faint|p1b: Barbaracle
|
|-damage|p2a: Floette|57/100 brn|[from] brn
|upkeep
|
|t:|1784110107
|switch|p1a: Krookodile|Krookodile, L50, M|100/100
|switch|p1b: Mr. Rime|Mr. Rime, L50, F|100/100
|-ability|p1a: Krookodile|Intimidate|boost
|-unboost|p2a: Floette|atk|1
|-unboost|p2b: Incineroar|atk|1
|turn|7
|
|t:|1784110121
|switch|p2b: Sneasler|Sneasler, L50, M|94/100 brn
|move|p2a: Floette|Protect|p2a: Floette
|-singleturn|p2a: Floette|Protect
|move|p1b: Mr. Rime|Fake Out|p2b: Sneasler
|-damage|p2b: Sneasler|80/100 brn
|move|p1a: Krookodile|High Horsepower|p2a: Floette
|-activate|p2a: Floette|move: Protect
|
|-damage|p2b: Sneasler|75/100 brn|[from] brn
|-damage|p2a: Floette|51/100 brn|[from] brn
|upkeep
|turn|8
|
|t:|1784110137
|move|p2b: Sneasler|Fake Out|p1b: Mr. Rime
|-damage|p1b: Mr. Rime|90/100
|cant|p1b: Mr. Rime|flinch
|move|p1a: Krookodile|High Horsepower|p2a: Floette|[miss]
|-miss|p1a: Krookodile|p2a: Floette
|move|p2a: Floette|Draining Kiss|p1a: Krookodile
|-supereffective|p1a: Krookodile|1
|-damage|p1a: Krookodile|0 fnt
|-heal|p2a: Floette|100/100 brn|[from] drain|[of] p1a: Krookodile
|faint|p1a: Krookodile
|
|-damage|p2b: Sneasler|69/100 brn|[from] brn
|-damage|p2a: Floette|93/100 brn|[from] brn
|-sideend|p1: LeonardPlayz|move: Tailwind
|upkeep
|turn|9
|-message|LeonardPlayz forfeited.
|
|win|test220102
|l|☆LeonardPlayz
|player|p1|
||LeonardPlayz is ready for game 2.
||test220102 is ready for game 2.
|uhtml|next|Next: Game 2 of 3
|l|☆test220102
|player|p2|
|j|☆LeonardPlayz
|player|p1|LeonardPlayz|hilbert-wonderlauncher|
