|j|☆Hoanglatao
|j|☆Thinking Charizard
|html|HoanglataoThinking Charizard    
|uhtml|bestof|Game 1 of a best-of-3
|t:|1784249879
|gametype|doubles
|player|p1|Hoanglatao|101|1192
|player|p2|Thinking Charizard|colress|1065
|gen|9
|tier|[Gen 9 Champions] VGC 2026 Reg M-B (Bo3)
|rated|
|rule|Species Clause: Limit one of each Pokémon
|rule|Item Clause: Limit 1 of each item
|clearpoke
|poke|p1|Metagross, L50, shiny|
|poke|p1|Floette-Eternal, L50, F|
|poke|p1|Talonflame, L50, F|
|poke|p1|Hydreigon, L50, F|
|poke|p1|Ceruledge, L50, M|
|poke|p1|Ninetales-Alola, L50, M|
|poke|p2|Mawile, L50, F|
|poke|p2|Pelipper, L50, M|
|poke|p2|Farigiraf, L50, M|
|poke|p2|Sinistcha, L50|
|poke|p2|Basculegion, L50, M|
|poke|p2|Hydreigon, L50, F|
|teampreview|4
|showteam|p1|Metagross||Metagrossite|ClearBody|IronHead,BodyPress,PsychicFangs,Protect|Adamant|||||50|]Floette-Eternal||Floettite|FlowerVeil|Moonblast,DazzlingGleam,LightofRuin,Protect|Modest||F|||50|]Talonflame||SharpBeak|GaleWings|Tailwind,DualWingbeat,FlareBlitz,Protect|Jolly||F|||50|]Hydreigon||LifeOrb|Levitate|DracoMeteor,DarkPulse,Protect,EarthPower|Timid||F|||50|]Ceruledge||ColburBerry|FlashFire|BitterBlade,BulkUp,ShadowSneak,CloseCombat|Serious||M|||50|]Ninetales-Alola||NeverMeltIce|SnowWarning|Blizzard,Moonblast,Encore,Protect|Timid||M|||50|
|showteam|p2|Mawile||Mawilite|Intimidate|PlayRough,RockSlide,SuckerPunch,Protect|Adamant||F|||50|]Pelipper||FocusSash|Drizzle|Tailwind,WideGuard,WeatherBall,Hurricane|Modest||M|||50|]Farigiraf||SitrusBerry|ArmorTail|TrickRoom,Thunderbolt,TwinBeam,Protect|Calm||M|||50|]Sinistcha||KasibBerry|Hospitality|RagePowder,MatchaGotcha,TrickRoom,LifeDew|Calm|||||50|]Basculegion||LifeOrb|Adaptability|LastRespects,AquaJet,Liquidation,Protect|Adamant||M|||50|]Hydreigon||ChoiceScarf|Levitate|DracoMeteor,DarkPulse,EarthPower,Snarl|Modest||F|||50|
|inactive|Battle timer is ON: inactive players will automatically lose when time's up. (requested by Hoanglatao)
|inactive|Thinking Charizard has 60 seconds left.
|
|t:|1784249952
|teamsize|p1|4
|teamsize|p2|4
|start
|switch|p1a: Ninetales|Ninetales-Alola, L50, M|100/100
|switch|p1b: Hydreigon|Hydreigon, L50, F|100/100
|switch|p2a: Hydreigon|Hydreigon, L50, F|100/100
|switch|p2b: Mawile|Mawile, L50, F|100/100
|-weather|Snowscape|[from] ability: Snow Warning|[of] p1a: Ninetales
|-ability|p2b: Mawile|Intimidate|boost
|-unboost|p1a: Ninetales|atk|1
|-unboost|p1b: Hydreigon|atk|1
|turn|1
|inactive|Hoanglatao has 30 seconds left.
|inactive|Hoanglatao has 20 seconds left.
|
|t:|1784249991
|switch|p2a: Pelipper|Pelipper, L50, M|100/100
|-weather|RainDance|[from] ability: Drizzle|[of] p2a: Pelipper
|detailschange|p2b: Mawile|Mawile-Mega, L50, F
|-mega|p2b: Mawile|Mawile|Mawilite
|move|p1a: Ninetales|Moonblast|p2a: Pelipper
|-damage|p2a: Pelipper|46/100
|move|p1b: Hydreigon|Earth Power|p2b: Mawile
|-supereffective|p2b: Mawile|1
|-damage|p2b: Mawile|5/100
|-damage|p1b: Hydreigon|90/100|[from] item: Life Orb
|move|p2b: Mawile|Rock Slide|p1a: Ninetales|[spread] p1a,p1b
|-supereffective|p1a: Ninetales|1
|-damage|p1a: Ninetales|0 fnt
|-damage|p1b: Hydreigon|50/100g
|faint|p1a: Ninetales
|
|-weather|RainDance|[upkeep]
|upkeep
|
|t:|1784250004
|switch|p1a: Metagross|Metagross, L50, shiny|100/100
|turn|2
|
|t:|1784250023
|switch|p2a: Sinistcha|Sinistcha, L50|100/100
|-heal|p2b: Mawile|30/100|[from] ability: Hospitality|[of] p2a: Sinistcha
|detailschange|p1a: Metagross|Metagross-Mega, L50, shiny
|-mega|p1a: Metagross|Metagross|Metagrossite
|move|p2b: Mawile|Protect|p2b: Mawile
|-singleturn|p2b: Mawile|Protect
|move|p1b: Hydreigon|Dark Pulse|p2a: Sinistcha
|-supereffective|p2a: Sinistcha|1
|-damage|p2a: Sinistcha|12/100
|-damage|p1b: Hydreigon|41/100|[from] item: Life Orb
|move|p1a: Metagross|Body Press|p2b: Mawile
|-activate|p2b: Mawile|move: Protect
|
|-weather|RainDance|[upkeep]
|upkeep
|turn|3
|
|t:|1784250047
|move|p2b: Mawile|Sucker Punch|p1a: Metagross
|-supereffective|p1a: Metagross|1
|-damage|p1a: Metagross|31/100
|move|p1b: Hydreigon|Dark Pulse|p2a: Sinistcha
|-supereffective|p2a: Sinistcha|1
|-damage|p2a: Sinistcha|0 fnt
|faint|p2a: Sinistcha
|-damage|p1b: Hydreigon|31/100|[from] item: Life Orb
|move|p1a: Metagross|Psychic Fangs|p2b: Mawile
|-resisted|p2b: Mawile|1
|-damage|p2b: Mawile|1/100
|
|-weather|RainDance|[upkeep]
|upkeep
|inactive|Thinking Charizard has 30 seconds left.
|
|t:|1784250072
|switch|p2a: Hydreigon|Hydreigon, L50, F|100/100
|turn|4
|
|t:|1784250090
|switch|p1b: Ceruledge|Ceruledge, L50, M|100/100
|move|p2b: Mawile|Sucker Punch||[still]
|-fail|p2b: Mawile
|move|p2a: Hydreigon|Snarl|p1a: Metagross|[spread] p1a,p1b
|-supereffective|p1a: Metagross|1
|-supereffective|p1b: Ceruledge|1
|-enditem|p1b: Ceruledge|Colbur Berry|[eat]
|-enditem|p1b: Ceruledge|Colbur Berry|[weaken]
|-damage|p1a: Metagross|0 fnt
|-damage|p1b: Ceruledge|79/100
|-unboost|p1b: Ceruledge|spa|1
|faint|p1a: Metagross
|
|-weather|RainDance|[upkeep]
|upkeep
|
|t:|1784250100
|switch|p1a: Hydreigon|Hydreigon, L50, F|31/100
|turn|5
|
|t:|1784250116
|move|p1b: Ceruledge|Shadow Sneak|p2b: Mawile
|-damage|p2b: Mawile|0 fnt
|faint|p2b: Mawile
|move|p2a: Hydreigon|Snarl|p1b: Ceruledge|[spread] p1a,p1b
|-resisted|p1a: Hydreigon|1
|-supereffective|p1b: Ceruledge|1
|-damage|p1a: Hydreigon|18/100
|-damage|p1b: Ceruledge|36/100
|-unboost|p1a: Hydreigon|spa|1
|-unboost|p1b: Ceruledge|spa|1
|move|p1a: Hydreigon|Draco Meteor|p2a: Hydreigon
|-supereffective|p2a: Hydreigon|1
|-damage|p2a: Hydreigon|0 fnt
|-unboost|p1a: Hydreigon|spa|2
|faint|p2a: Hydreigon
|-damage|p1a: Hydreigon|9/100|[from] item: Life Orb
|
|-weather|none
|upkeep
|
|t:|1784250127
|switch|p2b: Pelipper|Pelipper, L50, M|46/100
|-weather|RainDance|[from] ability: Drizzle|[of] p2b: Pelipper
|turn|6
|
|t:|1784250137
|move|p1b: Ceruledge|Shadow Sneak|p2b: Pelipper
|-damage|p2b: Pelipper|24/100
|move|p1a: Hydreigon|Draco Meteor|p2b: Pelipper
|-damage|p2b: Pelipper|0 fnt
|-unboost|p1a: Hydreigon|spa|2
|faint|p2b: Pelipper
|-damage|p1a: Hydreigon|0 fnt|[from] item: Life Orb
|faint|p1a: Hydreigon
|
|win|Hoanglatao
||Hoanglatao is ready for game 2.
|c|☆Thinking Charizard|gg
||Thinking Charizard is ready for game 2.
|uhtml|next|Next: Game 2 of 3
|l|☆Hoanglatao
|player|p1|
