|j|☆angrycanadagoose
|j|☆umbreoffxd
|html|angrycanadagooseumbreoffxd    
|uhtml|bestof|Game 2 of a best-of-3
|t:|1757021329
|gametype|doubles
|player|p1|angrycanadagoose|102|1062
|player|p2|umbreoffxd|ingo-hisui|1053
|gen|9
|tier|[Gen 9] VGC 2025 Reg H (Bo3)
|rated|
|rule|Species Clause: Limit one of each Pokémon
|rule|Item Clause: Limit 1 of each item
|clearpoke
|poke|p1|Electabuzz, L50, M|
|poke|p1|Indeedee, L50, M|
|poke|p1|Sneasler, L50, M|
|poke|p1|Ursaluna-Bloodmoon, L50, M|
|poke|p1|Talonflame, L50, F|
|poke|p1|Incineroar, L50, M|
|poke|p2|Ninetales-Alola, L50, M|
|poke|p2|Ursaluna-Bloodmoon, L50, M|
|poke|p2|Baxcalibur, L50, M|
|poke|p2|Incineroar, L50, F|
|poke|p2|Whimsicott, L50, F|
|poke|p2|Gholdengo, L50|
|teampreview|4
|showteam|p1|Electabuzz||Eviolite|VitalSpirit|Electroweb,FollowMe,Taunt,Protect|||M|||50|,,,,,Dragon]Indeedee||FocusSash|PsychicSurge|ExpandingForce,HelpingHand,Protect,TrickRoom|||M|||50|,,,,,Psychic]Sneasler||PsychicSeed|Unburden|DireClaw,CloseCombat,ThroatChop,Protect|||M|||50|,,,,,Dark]Ursaluna-Bloodmoon||LifeOrb|MindsEye|BloodMoon,HyperVoice,EarthPower,Protect|||M|||50|,,,,,Normal]Talonflame||CovertCloak|GaleWings|FlareBlitz,DualWingbeat,WillOWisp,Tailwind|||F|||50|,,,,,Steel]Incineroar||SafetyGoggles|Intimidate|FlareBlitz,KnockOff,PartingShot,FakeOut|||M|||50|,,,,,Ghost
|showteam|p2|Ninetales-Alola||FocusSash|SnowWarning|FreezeDry,Blizzard,AuroraVeil,Protect|||M|||50|,,,,,Ghost]Ursaluna-Bloodmoon||SilkScarf|MindsEye|BloodMoon,EarthPower,HyperVoice,Protect|||M|||50|,,,,,Water]Baxcalibur||LoadedDice|ThermalExchange|IcicleSpear,ScaleShot,IceShard,Protect|||M|||50|,,,,,Ghost]Incineroar||AssaultVest|Intimidate|Uturn,FakeOut,FlareBlitz,KnockOff|||F|||50|,,,,,Ghost]Whimsicott||CovertCloak|Prankster|Moonblast,Encore,Tailwind,MistyTerrain|||F|||50|,,,,,Steel]Gholdengo||LifeOrb|GoodasGold|MakeItRain,ShadowBall,NastyPlot,Protect||||||50|,,,,,Water
|inactive|Battle timer is ON: inactive players will automatically lose when time's up. (requested by angrycanadagoose)
|
|t:|1757021352
|teamsize|p1|4
|teamsize|p2|4
|start
|switch|p1a: Talonflame|Talonflame, L50, F|100/100
|switch|p1b: Sneasler|Sneasler, L50, M|100/100
|switch|p2a: Ninetales|Ninetales-Alola, L50, M, shiny|100/100
|switch|p2b: Baxcalibur|Baxcalibur, L50, M, shiny|100/100
|-weather|Snowscape|[from] ability: Snow Warning|[of] p2a: Ninetales
|turn|1
|inactive|angrycanadagoose has 30 seconds left.
|inactive|angrycanadagoose has 20 seconds left.
|inactive|angrycanadagoose has 15 seconds left.
|
|t:|1757021397
|move|p1a: Talonflame|Tailwind|p1a: Talonflame
|-sidestart|p1: angrycanadagoose|move: Tailwind
|move|p1b: Sneasler|Dire Claw|p2a: Ninetales
|-supereffective|p2a: Ninetales
|-damage|p2a: Ninetales|11/100
|move|p2a: Ninetales|Aurora Veil|p2a: Ninetales
|-sidestart|p2: umbreoffxd|move: Aurora Veil
|move|p2b: Baxcalibur|Scale Shot|p1b: Sneasler
|-damage|p1b: Sneasler|75/100
|-damage|p1b: Sneasler|50/100
|-damage|p1b: Sneasler|23/100
|-damage|p1b: Sneasler|0 fnt
|faint|p1b: Sneasler
|-hitcount|p1: Sneasler|4
|-unboost|p2b: Baxcalibur|def|1
|-boost|p2b: Baxcalibur|spe|1
|
|-weather|Snowscape|[upkeep]
|upkeep
|
|t:|1757021415
|switch|p1b: Incineroar|Incineroar, L50, M|100/100
|-ability|p1b: Incineroar|Intimidate|boost
|-unboost|p2a: Ninetales|atk|1
|-unboost|p2b: Baxcalibur|atk|1
|turn|2
|
|t:|1757021428
|move|p2b: Baxcalibur|Protect|p2b: Baxcalibur
|-singleturn|p2b: Baxcalibur|Protect
|move|p2a: Ninetales|Protect|p2a: Ninetales
|-singleturn|p2a: Ninetales|Protect
|move|p1a: Talonflame|Flare Blitz|p2b: Baxcalibur
|-activate|p2b: Baxcalibur|move: Protect
|move|p1b: Incineroar|Knock Off|p2b: Baxcalibur
|-activate|p2b: Baxcalibur|move: Protect
|
|-weather|Snowscape|[upkeep]
|upkeep
|turn|3
|inactive|umbreoffxd has 30 seconds left.
|
|t:|1757021455
|move|p1a: Talonflame|Flare Blitz|p2b: Baxcalibur
|-damage|p2b: Baxcalibur|68/100
|-ability|p2b: Baxcalibur|Thermal Exchange|boost
|-boost|p2b: Baxcalibur|atk|1
|-damage|p1a: Talonflame|87/100|[from] Recoil
|move|p2b: Baxcalibur|Scale Shot|p1a: Talonflame
|-damage|p1a: Talonflame|64/100
|-damage|p1a: Talonflame|42/100
|-damage|p1a: Talonflame|17/100
|-damage|p1a: Talonflame|0 fnt
|faint|p1a: Talonflame
|-hitcount|p1: Talonflame|4
|-unboost|p2b: Baxcalibur|def|1
|-boost|p2b: Baxcalibur|spe|1
|move|p2a: Ninetales|Blizzard|p1b: Incineroar
|-resisted|p1b: Incineroar
|-damage|p1b: Incineroar|80/100
|move|p1b: Incineroar|Knock Off|p2b: Baxcalibur
|-damage|p2b: Baxcalibur|31/100
|-enditem|p2b: Baxcalibur|Loaded Dice|[from] move: Knock Off|[of] p1b: Incineroar
|
|-weather|Snowscape|[upkeep]
|upkeep
|
|t:|1757021476
|switch|p1a: Indeedee|Indeedee, L50, M|100/100
|-fieldstart|move: Psychic Terrain|[from] ability: Psychic Surge|[of] p1a: Indeedee
|turn|4
|inactive|angrycanadagoose has 30 seconds left.
|inactive|angrycanadagoose has 20 seconds left.
|inactive|angrycanadagoose has 15 seconds left.
|inactive|angrycanadagoose has 10 seconds left.
|inactive|angrycanadagoose has 5 seconds left.
|
|t:|1757021531
|move|p1a: Indeedee|Protect|p1a: Indeedee
|-singleturn|p1a: Indeedee|Protect
|move|p2b: Baxcalibur|Scale Shot|p1a: Indeedee
|-activate|p1a: Indeedee|move: Protect
|move|p2a: Ninetales|Blizzard|p1a: Indeedee|[spread] p1b
|-activate|p1a: Indeedee|move: Protect
|-resisted|p1b: Incineroar
|-damage|p1b: Incineroar|67/100
|move|p1b: Incineroar|Parting Shot|p2b: Baxcalibur
|-unboost|p2b: Baxcalibur|atk|1
|-unboost|p2b: Baxcalibur|spa|1
|
|-weather|Snowscape|[upkeep]
|-sideend|p1: angrycanadagoose|move: Tailwind
|upkeep
|turn|5
|inactive|angrycanadagoose has 30 seconds left.
|
|t:|1757021556
|move|p1a: Indeedee|Protect||[still]
|-fail|p1a: Indeedee
|move|p2b: Baxcalibur|Icicle Spear|p1a: Indeedee
|-damage|p1a: Indeedee|80/100
|-damage|p1a: Indeedee|58/100
|-damage|p1a: Indeedee|37/100
|-crit|p1a: Indeedee
|-damage|p1a: Indeedee|0 fnt
|faint|p1a: Indeedee
|-hitcount|p1: Indeedee|4
|move|p2a: Ninetales|Blizzard|p1b: Incineroar
|-resisted|p1b: Incineroar
|-damage|p1b: Incineroar|49/100
|move|p1b: Incineroar|Knock Off|p2b: Baxcalibur
|-damage|p2b: Baxcalibur|3/100
|
|-weather|none
|-sideend|p2: umbreoffxd|move: Aurora Veil
|upkeep
|turn|6
|
|t:|1757021570
|move|p2b: Baxcalibur|Scale Shot|p1b: Incineroar
|-damage|p1b: Incineroar|40/100
|-damage|p1b: Incineroar|30/100
|-damage|p1b: Incineroar|21/100
|-hitcount|p1b: Incineroar|3
|-unboost|p2b: Baxcalibur|def|1
|-boost|p2b: Baxcalibur|spe|1
|move|p2a: Ninetales|Freeze-Dry|p1b: Incineroar
|-resisted|p1b: Incineroar
|-damage|p1b: Incineroar|8/100
|move|p1b: Incineroar|Knock Off|p2b: Baxcalibur
|-damage|p2b: Baxcalibur|0 fnt
|faint|p2b: Baxcalibur
|
|upkeep
|
|t:|1757021580
|switch|p2b: Ursaluna|Ursaluna-Bloodmoon, L50, M|100/100
|turn|7
|
|t:|1757021586
|move|p2a: Ninetales|Freeze-Dry|p1b: Incineroar
|-resisted|p1b: Incineroar
|-damage|p1b: Incineroar|0 fnt
|faint|p1b: Incineroar
|
|win|umbreoffxd
||umbreoffxd is ready for game 3.
|inactive|angrycanadagoose has 30 seconds to confirm battle start!
|l|☆angrycanadagoose
|player|p1|
||angrycanadagoose is ready for game 3.
|uhtml|next|Next: Game 3 of 3
