|j|☆EpiclyEpicGamerW
|j|☆Sores
|html|EpiclyEpicGamerWSores    
|uhtml|bestof|Game 2 of a best-of-3
|t:|1754982531
|gametype|doubles
|player|p1|EpiclyEpicGamerW|red-masters|1127
|player|p2|Sores|1|1253
|gen|9
|tier|[Gen 9] VGC 2025 Reg H (Bo3)
|rated|
|rule|Species Clause: Limit one of each Pokémon
|rule|Item Clause: Limit 1 of each item
|clearpoke
|poke|p1|Sneasler, L50, F|
|poke|p1|Indeedee, L50, M|
|poke|p1|Ursaluna-Bloodmoon, L50, M|
|poke|p1|Annihilape, L50, F|
|poke|p1|Electabuzz, L50, M|
|poke|p1|Talonflame, L50, F|
|poke|p2|Baxcalibur, L50, M|
|poke|p2|Ninetales-Alola, L50, M|
|poke|p2|Kingambit, L50, F|
|poke|p2|Dusclops, L50, M|
|poke|p2|Flamigo, L50, M|
|poke|p2|Overqwil, L50, M|
|teampreview|4
|showteam|p1|Sneasler||PsychicSeed|Unburden|DireClaw,CloseCombat,ThroatChop,Protect|||F|||50|,,,,,Dark]Indeedee||FocusSash|PsychicSurge|ExpandingForce,TeraBlast,Imprison,TrickRoom|||M|||50|,,,,,Fighting]Ursaluna-Bloodmoon||LifeOrb|MindsEye|BloodMoon,EarthPower,HyperVoice,Protect|||M|||50|,,,,,Normal]Annihilape||AssaultVest|Defiant|FinalGambit,RageFist,DrainPunch,Endeavor|||F|||50|,,,,,Grass]Electabuzz||Eviolite|VitalSpirit|FollowMe,Electroweb,Taunt,Protect|||M|||50|,,,,,Fairy]Talonflame||CovertCloak|GaleWings|BraveBird,WillOWisp,Tailwind,Taunt|||F|||50|,,,,,Flying
|showteam|p2|Baxcalibur||LoadedDice|ThermalExchange|IcicleSpear,DragonDance,GlaiveRush,Protect|||M|||50|,,,,,Ghost]Ninetales-Alola||ChoiceSpecs|SnowWarning|Blizzard,Moonblast,FreezeDry,IceBeam|||M|||50|,,,,,Ice]Kingambit||BlackGlasses|Defiant|KowtowCleave,SuckerPunch,SwordsDance,Protect|||F|||50|,,,,,Dark]Dusclops||Eviolite|Pressure|TrickRoom,WillOWisp,PainSplit,NightShade|||M|||50|,,,,,Dark]Flamigo||FocusSash|Scrappy|CloseCombat,BraveBird,Tailwind,Detect|||M|||50|,,,,,Ghost]Overqwil||SafetyGoggles|Intimidate|ThroatChop,BarbBarrage,AquaJet,Taunt|||M|||50|,,,,,Water
|inactive|Battle timer is ON: inactive players will automatically lose when time's up. (requested by EpiclyEpicGamerW)
|
|t:|1754982559
|teamsize|p1|4
|teamsize|p2|4
|start
|switch|p1a: Ursaluna|Ursaluna-Bloodmoon, L50, M|100/100
|switch|p1b: Electabuzz|Electabuzz, L50, M|100/100
|switch|p2a: Kaido|Baxcalibur, L50, M|100/100
|switch|p2b: Yamato|Ninetales-Alola, L50, M|100/100
|-weather|Snowscape|[from] ability: Snow Warning|[of] p2b: Yamato
|turn|1
|j| testing7752
|inactive|EpiclyEpicGamerW has 30 seconds left.
|
|t:|1754982589
|-terastallize|p2b: Yamato|Ice
|move|p1a: Ursaluna|Protect|p1a: Ursaluna
|-singleturn|p1a: Ursaluna|Protect
|move|p2b: Yamato|Blizzard|p1a: Ursaluna|[spread] p1b
|-activate|p1a: Ursaluna|move: Protect
|-damage|p1b: Electabuzz|47/100
|move|p1b: Electabuzz|Electroweb|p2a: Kaido|[spread] p2a,p2b
|-resisted|p2a: Kaido
|-damage|p2a: Kaido|93/100
|-damage|p2b: Yamato|84/100
|-unboost|p2a: Kaido|spe|1
|-unboost|p2b: Yamato|spe|1
|move|p2a: Kaido|Dragon Dance|p2a: Kaido
|-boost|p2a: Kaido|atk|1
|-boost|p2a: Kaido|spe|1
|
|-weather|Snowscape|[upkeep]
|upkeep
|turn|2
|inactive|EpiclyEpicGamerW has 30 seconds left.
|
|t:|1754982615
|switch|p2b: Kaguya|Kingambit, L50, F|100/100
|-terastallize|p1a: Ursaluna|Normal
|move|p2a: Kaido|Protect|p2a: Kaido
|-singleturn|p2a: Kaido|Protect
|move|p1b: Electabuzz|Electroweb|p2a: Kaido|[spread] p2b
|-activate|p2a: Kaido|move: Protect
|-damage|p2b: Kaguya|89/100
|-unboost|p2b: Kaguya|spe|1
|-ability|p2b: Kaguya|Defiant|boost
|-boost|p2b: Kaguya|atk|2
|move|p1a: Ursaluna|Hyper Voice|p2b: Kaguya|[spread] p2b
|-activate|p2a: Kaido|move: Protect
|-resisted|p2b: Kaguya
|-damage|p2b: Kaguya|62/100
|-damage|p1a: Ursaluna|91/100|[from] item: Life Orb
|
|-weather|Snowscape|[upkeep]
|upkeep
|turn|3
|inactive|EpiclyEpicGamerW has 30 seconds left.
|inactive|Sores has 30 seconds left.
|inactive|EpiclyEpicGamerW has 20 seconds left.
|inactive|EpiclyEpicGamerW has 15 seconds left.
|
|t:|1754982655
|move|p1a: Ursaluna|Protect|p1a: Ursaluna
|-singleturn|p1a: Ursaluna|Protect
|move|p2b: Kaguya|Protect|p2b: Kaguya
|-singleturn|p2b: Kaguya|Protect
|move|p1b: Electabuzz|Electroweb|p2b: Kaguya|[spread] p2a
|-activate|p2b: Kaguya|move: Protect
|-resisted|p2a: Kaido
|-damage|p2a: Kaido|85/100
|-unboost|p2a: Kaido|spe|1
|move|p2a: Kaido|Icicle Spear|p1b: Electabuzz
|-damage|p1b: Electabuzz|23/100
|-damage|p1b: Electabuzz|2/100
|-damage|p1b: Electabuzz|0 fnt
|faint|p1b: Electabuzz
|-hitcount|p1: Electabuzz|3
|
|-weather|Snowscape|[upkeep]
|upkeep
|
|t:|1754982667
|switch|p1b: Indeedee|Indeedee, L50, M|100/100
|-fieldstart|move: Psychic Terrain|[from] ability: Psychic Surge|[of] p1b: Indeedee
|turn|4
|inactive|EpiclyEpicGamerW has 30 seconds left.
|
|t:|1754982693
|switch|p2b: Pica|Overqwil, L50, M|100/100
|-ability|p2b: Pica|Intimidate|boost
|-unboost|p1a: Ursaluna|atk|1
|-unboost|p1b: Indeedee|atk|1
|move|p2a: Kaido|Protect|p2a: Kaido
|-singleturn|p2a: Kaido|Protect
|move|p1b: Indeedee|Expanding Force|p2a: Kaido|[spread] 
|-activate|p2a: Kaido|move: Protect
|-immune|p2b: Pica
|move|p1a: Ursaluna|Earth Power|p2b: Pica
|-supereffective|p2b: Pica
|-damage|p2b: Pica|0 fnt
|faint|p2b: Pica
|-damage|p1a: Ursaluna|81/100|[from] item: Life Orb
|
|-weather|Snowscape|[upkeep]
|upkeep
|
|t:|1754982710
|switch|p2b: Yamato|Ninetales-Alola, L50, M, tera:Ice|84/100
|turn|5
|
|t:|1754982722
|move|p2b: Yamato|Blizzard|p1a: Ursaluna|[spread] p1a,p1b
|-damage|p1a: Ursaluna|3/100
|-damage|p1b: Indeedee|8/100
|move|p1b: Indeedee|Expanding Force|p2a: Kaido|[spread] p2a,p2b
|-damage|p2a: Kaido|26/100
|-damage|p2b: Yamato|26/100
|move|p1a: Ursaluna|Blood Moon|p2b: Yamato
|-damage|p2b: Yamato|0 fnt
|faint|p2b: Yamato
|-damage|p1a: Ursaluna|0 fnt|[from] item: Life Orb
|faint|p1a: Ursaluna
|move|p2a: Kaido|Icicle Spear|p1b: Indeedee
|-damage|p1b: Indeedee|0 fnt
|faint|p1b: Indeedee
|-hitcount|p1: Indeedee|1
|
|-weather|none
|upkeep
|
|t:|1754982733
|switch|p2b: Kaguya|Kingambit, L50, F|62/100
|switch|p1b: Sneasler|Sneasler, L50, F|100/100
|-enditem|p1b: Sneasler|Psychic Seed
|-boost|p1b: Sneasler|spd|1|[from] item: Psychic Seed
|turn|6
|
|t:|1754982755
|move|p2a: Kaido|Protect|p2a: Kaido
|-singleturn|p2a: Kaido|Protect
|move|p1b: Sneasler|Close Combat|p2b: Kaguya
|-supereffective|p2b: Kaguya
|-damage|p2b: Kaguya|0 fnt
|-unboost|p1b: Sneasler|def|1
|-unboost|p1b: Sneasler|spd|1
|faint|p2b: Kaguya
|
|upkeep
|turn|7
|-message|Sores forfeited.
|
|win|EpiclyEpicGamerW
|raw|EpiclyEpicGamerW's rating: 1127 → 1161(+34 for winning)
|raw|Sores's rating: 1253 → 1219(-34 for losing)
