|j|☆lilacq
|j|☆ClumbsyLilBeach
|html|lilacqClumbsyLilBeach    
|uhtml|bestof|Game 2 of a best-of-3
|t:|1785650029
|gametype|doubles
|player|p1|lilacq|shauntal|1159
|player|p2|ClumbsyLilBeach|jasmine|1156
|gen|9
|tier|[Gen 9 Champions] VGC 2026 Reg M-B (Bo3)
|rated|
|rule|Species Clause: Limit one of each Pokémon
|rule|Item Clause: Limit 1 of each item
|clearpoke
|poke|p1|Milotic, L50, F|
|poke|p1|Whimsicott, L50, F|
|poke|p1|Sinistcha, L50|
|poke|p1|Glimmora, L50, F|
|poke|p1|Delphox, L50, F|
|poke|p1|Ninetales-Alola, L50, F, shiny|
|poke|p2|Swampert, L50, F|
|poke|p2|Pelipper, L50, F|
|poke|p2|Basculegion, L50, M, shiny|
|poke|p2|Slowbro, L50, F|
|poke|p2|Blastoise, L50, F|
|poke|p2|Milotic, L50, F, shiny|
|teampreview|4
|showteam|p1|Milotic||Leftovers|Competitive|IceBeam,Coil,MuddyWater,Hypnosis|Calm||F|||50|]Whimsicott||MentalHerb|Prankster|Tailwind,FakeTears,Encore,Moonblast|Bold||F|||50|]Sinistcha||SitrusBerry|Hospitality|RagePowder,LifeDew,MatchaGotcha,TrickRoom|Bold|||||50|]Glimmora||Glimmoranite|ToxicDebris|EarthPower,PowerGem,SpikyShield,SludgeBomb|Timid||F|||50|]Delphox||Delphoxite|Blaze|HeatWave,Psychic,Substitute,CalmMind|Bold||F|||50|]Ninetales-Alola||LightClay|SnowWarning|AuroraVeil,Blizzard,Moonblast,Protect|Timid||F|||50|
|showteam|p2|Swampert||Swampertite|Damp|Earthquake,Waterfall,BulkUp,Protect|Jolly||F|||50|]Pelipper||FocusSash|Drizzle|WideGuard,Tailwind,Hurricane,WeatherBall|Timid||F|||50|]Basculegion||ChoiceScarf|Adaptability|LastRespects,WaveCrash,FlipTurn,AquaJet|Jolly||M|||50|]Slowbro||Leftovers|Oblivious|TrickRoom,HealPulse,RainDance,Psychic|Relaxed||F|||50|]Blastoise||Blastoisinite|RainDish|FakeOut,Protect,WaterSpout,WaterPulse|Quiet||F|||50|]Milotic||SitrusBerry|Competitive|Protect,Scald,IceBeam,IcyWind|Modest||F|||50|
|inactive|Battle timer is ON: inactive players will automatically lose when time's up. (requested by ClumbsyLilBeach)
|
|t:|1785650051
|teamsize|p1|4
|teamsize|p2|4
|start
|switch|p1a: Ninetales|Ninetales-Alola, L50, F, shiny|100/100
|switch|p1b: Milotic|Milotic, L50, F|100/100
|switch|p2a: Molasses|Slowbro, L50, F|100/100
|switch|p2b: Pelipper|Pelipper, L50, F|100/100
|-weather|Snowscape|[from] ability: Snow Warning|[of] p1a: Ninetales
|-weather|RainDance|[from] ability: Drizzle|[of] p2b: Pelipper
|turn|1
|
|t:|1785650073
|move|p1a: Ninetales|Moonblast|p2a: Molasses
|-damage|p2a: Molasses|66/100
|move|p2b: Pelipper|Hurricane|p1a: Ninetales
|-damage|p1a: Ninetales|47/100
|move|p1b: Milotic|Coil|p1b: Milotic
|-boost|p1b: Milotic|atk|1
|-boost|p1b: Milotic|def|1
|-boost|p1b: Milotic|accuracy|1
|move|p2a: Molasses|Psychic|p1a: Ninetales
|-damage|p1a: Ninetales|11/100
|
|-weather|RainDance|[upkeep]
|-heal|p2a: Molasses|72/100|[from] item: Leftovers
|upkeep
|turn|2
|
|t:|1785650098
|move|p1a: Ninetales|Moonblast|p2b: Pelipper
|-damage|p2b: Pelipper|31/100
|move|p2b: Pelipper|Hurricane|p1b: Milotic
|-damage|p1b: Milotic|73/100
|move|p1b: Milotic|Muddy Water|p2b: Pelipper|[spread] p2a,p2b
|-resisted|p2a: Molasses|1
|-resisted|p2b: Pelipper|1
|-damage|p2a: Molasses|55/100
|-damage|p2b: Pelipper|1/100
|-unboost|p2a: Molasses|accuracy|1
|move|p2a: Molasses|Psychic|p1a: Ninetales
|-damage|p1a: Ninetales|0 fnt
|faint|p1a: Ninetales
|
|-weather|RainDance|[upkeep]
|-heal|p1b: Milotic|79/100|[from] item: Leftovers
|-heal|p2a: Molasses|61/100|[from] item: Leftovers
|upkeep
|
|t:|1785650119
|switch|p1a: Glimmora|Glimmora, L50, F|100/100
|turn|3
|
|t:|1785650138
|detailschange|p1a: Glimmora|Glimmora-Mega, L50, F
|-mega|p1a: Glimmora|Glimmora|Glimmoranite
|move|p1a: Glimmora|Spiky Shield|p1a: Glimmora
|-singleturn|p1a: Glimmora|move: Protect
|move|p2b: Pelipper|Wide Guard|p2b: Pelipper
|-singleturn|p2b: Pelipper|Wide Guard
|move|p1b: Milotic|Muddy Water|p2b: Pelipper|[spread] 
|-activate|p2a: Molasses|move: Wide Guard
|-activate|p2b: Pelipper|move: Wide Guard
|move|p2a: Molasses|Trick Room|p2a: Molasses
|-fieldstart|move: Trick Room|[of] p2a: Molasses
|
|-weather|RainDance|[upkeep]
|-heal|p2a: Molasses|67/100|[from] item: Leftovers
|-heal|p1b: Milotic|85/100|[from] item: Leftovers
|upkeep
|turn|4
|
|t:|1785650161
|switch|p1a: Sinistcha|Sinistcha, L50|100/100
|-heal|p1b: Milotic|100/100|[from] ability: Hospitality|[of] p1a: Sinistcha
|move|p2a: Molasses|Psychic|p1a: Sinistcha|[miss]
|-miss|p2a: Molasses|p1a: Sinistcha
|move|p1b: Milotic|Ice Beam|p2b: Pelipper
|-damage|p2b: Pelipper|0 fnt
|faint|p2b: Pelipper
|
|-weather|RainDance|[upkeep]
|-heal|p2a: Molasses|73/100|[from] item: Leftovers
|upkeep
|
|t:|1785650175
|switch|p2b: Blastoise|Blastoise, L50, F|100/100
|turn|5
|
|t:|1785650190
|detailschange|p2b: Blastoise|Blastoise-Mega, L50, F
|-mega|p2b: Blastoise|Blastoise|Blastoisinite
|move|p2a: Molasses|Psychic|p1b: Milotic
|-damage|p1b: Milotic|81/100
|move|p2b: Blastoise|Water Spout|p1b: Milotic|[spread] p1a,p1b
|-resisted|p1a: Sinistcha|1
|-resisted|p1b: Milotic|1
|-damage|p1a: Sinistcha|37/100
|-damage|p1b: Milotic|56/100
|-enditem|p1a: Sinistcha|Sitrus Berry|[eat]
|-heal|p1a: Sinistcha|62/100|[from] item: Sitrus Berry
|move|p1b: Milotic|Hypnosis|p2b: Blastoise
|-status|p2b: Blastoise|slp|[from] move: Hypnosis
|move|p1a: Sinistcha|Trick Room|p1a: Sinistcha
|-fieldend|move: Trick Room
|
|-weather|none
|-heal|p1b: Milotic|62/100|[from] item: Leftovers
|-heal|p2a: Molasses|79/100|[from] item: Leftovers
|upkeep
|turn|6
|
|t:|1785650212
|cant|p2b: Blastoise|slp
|move|p1b: Milotic|Coil|p1b: Milotic
|-boost|p1b: Milotic|atk|1
|-boost|p1b: Milotic|def|1
|-boost|p1b: Milotic|accuracy|1
|move|p1a: Sinistcha|Matcha Gotcha|p2a: Molasses|[spread] p2a,p2b
|-supereffective|p2a: Molasses|1
|-supereffective|p2b: Blastoise|1
|-damage|p2a: Molasses|34/100
|-heal|p1a: Sinistcha|87/100|[from] drain|[of] p2a: Molasses
|-damage|p2b: Blastoise|60/100 slp
|-heal|p1a: Sinistcha|100/100|[from] drain|[of] p2b: Blastoise
|move|p2a: Molasses|Psychic|p1a: Sinistcha|[miss]
|-miss|p2a: Molasses|p1a: Sinistcha
|
|-heal|p1b: Milotic|68/100|[from] item: Leftovers
|-heal|p2a: Molasses|40/100|[from] item: Leftovers
|upkeep
|turn|7
|inactive|ClumbsyLilBeach has 30 seconds left.
|
|t:|1785650238
|move|p1b: Milotic|Muddy Water|p2b: Blastoise|[spread] p2a,p2b
|-resisted|p2a: Molasses|1
|-resisted|p2b: Blastoise|1
|-damage|p2a: Molasses|30/100
|-damage|p2b: Blastoise|49/100 slp
|move|p1a: Sinistcha|Matcha Gotcha|p2a: Molasses|[spread] p2a,p2b
|-supereffective|p2a: Molasses|1
|-supereffective|p2b: Blastoise|1
|-damage|p2a: Molasses|0 fnt
|-damage|p2b: Blastoise|10/100 slp
|faint|p2a: Molasses
|cant|p2b: Blastoise|slp
|
|-heal|p1b: Milotic|74/100|[from] item: Leftovers
|upkeep
|
|t:|1785650251
|switch|p2a: Chinook|Basculegion, L50, M, shiny|100/100
|turn|8
|
|t:|1785650261
|move|p1a: Sinistcha|Rage Powder|p1a: Sinistcha
|-singleturn|p1a: Sinistcha|move: Rage Powder
|move|p2a: Chinook|Last Respects|p1a: Sinistcha
|-supereffective|p1a: Sinistcha|1
|-damage|p1a: Sinistcha|0 fnt
|faint|p1a: Sinistcha
|move|p1b: Milotic|Hypnosis|p2a: Chinook
|-status|p2a: Chinook|slp|[from] move: Hypnosis
|-curestatus|p2b: Blastoise|slp|[msg]
|move|p2b: Blastoise|Water Pulse|p1b: Milotic
|-resisted|p1b: Milotic|1
|-damage|p1b: Milotic|61/100
|
|-heal|p1b: Milotic|67/100|[from] item: Leftovers
|upkeep
|
|t:|1785650272
|switch|p1a: Glimmora|Glimmora-Mega, L50, F|100/100
|turn|9
|
|t:|1785650284
|cant|p2a: Chinook|slp
|move|p1a: Glimmora|Power Gem|p2a: Chinook
|-damage|p2a: Chinook|37/100 slp
|move|p1b: Milotic|Muddy Water|p2b: Blastoise|[spread] p2a,p2b
|-resisted|p2a: Chinook|1
|-resisted|p2b: Blastoise|1
|-damage|p2a: Chinook|25/100 slp
|-damage|p2b: Blastoise|1/100
|move|p2b: Blastoise|Water Pulse|p1a: Glimmora
|-supereffective|p1a: Glimmora|1
|-damage|p1a: Glimmora|0 fnt
|faint|p1a: Glimmora
|
|-heal|p1b: Milotic|73/100|[from] item: Leftovers
|upkeep
|turn|10
|
|t:|1785650303
|cant|p2a: Chinook|slp
|move|p1b: Milotic|Muddy Water|p2a: Chinook|[spread] p2a,p2b
|-resisted|p2a: Chinook|1
|-resisted|p2b: Blastoise|1
|-damage|p2a: Chinook|13/100 slp
|-damage|p2b: Blastoise|0 fnt
|faint|p2b: Blastoise
|
|-heal|p1b: Milotic|79/100|[from] item: Leftovers
|upkeep
|turn|11
|
|t:|1785650317
|-curestatus|p2a: Chinook|slp|[msg]
|move|p2a: Chinook|Last Respects|p1b: Milotic
|-damage|p1b: Milotic|20/100y
|move|p1b: Milotic|Muddy Water|p2a: Chinook
|-resisted|p2a: Chinook|1
|-damage|p2a: Chinook|0 fnt
|faint|p2a: Chinook
|
|win|lilacq
|l|☆lilacq
|player|p1|
||lilacq is ready for game 3.
|inactive|ClumbsyLilBeach has 30 seconds to confirm battle start!
||ClumbsyLilBeach is ready for game 3.
|uhtml|next|Next: Game 3 of 3
