|j|☆ErTunneling
|j|☆tamagotchai-01
|html|ErTunnelingtamagotchai-01    
|uhtml|bestof|Game 2 of a best-of-3
|t:|1784890126
|gametype|doubles
|player|p1|ErTunneling|1|1000
|player|p2|tamagotchai-01|266|1062
|gen|9
|tier|[Gen 9 Champions] VGC 2026 Reg M-B (Bo3)
|rated|
|rule|Species Clause: Limit one of each Pokémon
|rule|Item Clause: Limit 1 of each item
|clearpoke
|poke|p1|Charizard, L50, M|
|poke|p1|Grimmsnarl, L50, M|
|poke|p1|Pelipper, L50, F|
|poke|p1|Archaludon, L50, F|
|poke|p1|Venusaur, L50, M|
|poke|p1|Basculegion, L50, M|
|poke|p2|Floette-Eternal, L50, F|
|poke|p2|Charizard, L50, M|
|poke|p2|Whimsicott, L50, F|
|poke|p2|Garchomp, L50, M|
|poke|p2|Basculegion, L50, M|
|poke|p2|Kingambit, L50, M|
|teampreview|4
|showteam|p1|Charizard||CharizarditeY|SolarPower|Hurricane,WeatherBall,HeatWave,Protect|Modest||M|||50|]Grimmsnarl||LightClay|Prankster|PartingShot,LightScreen,Reflect,SpiritBreak|Careful||M|||50|]Pelipper||SitrusBerry|Drizzle|WeatherBall,Hurricane,Tailwind,Protect|Modest||F|||50|]Archaludon||Leftovers|Stamina|ElectroShot,DragonPulse,Protect,FlashCannon|Calm||F|||50|]Venusaur||Venusaurite|Chlorophyll|SludgeBomb,GigaDrain,EarthPower,SleepPowder|Modest||M|||50|]Basculegion||ChoiceScarf|Adaptability|FlipTurn,WaveCrash,LastRespects,AquaJet|Jolly||M|||50|
|showteam|p2|Floette-Eternal||Floettite|FlowerVeil|Moonblast,DazzlingGleam,LightofRuin,Protect|Modest||F|||50|]Charizard||CharizarditeY|SolarPower|HeatWave,SolarBeam,WeatherBall,Protect|Modest||M|||50|]Whimsicott||FocusSash|Prankster|Moonblast,Tailwind,Encore,Protect|Timid||F|||50|]Garchomp||RoseliBerry|RoughSkin|StompingTantrum,DragonClaw,PoisonJab,RockSlide|Adamant||M|||50|]Basculegion||LifeOrb|Adaptability|WaveCrash,LastRespects,AquaJet,Protect|Adamant||M|||50|]Kingambit||OccaBerry|Defiant|KowtowCleave,LowKick,SuckerPunch,IronHead|Adamant||M|||50|
|inactive|Battle timer is ON: inactive players will automatically lose when time's up. (requested by tamagotchai-01)
|inactive|ErTunneling also wants the timer to be on.
|inactive|ErTunneling has 60 seconds left.
|
|t:|1784890157
|teamsize|p1|4
|teamsize|p2|4
|start
|switch|p1a: Grimmsnarl|Grimmsnarl, L50, M|100/100
|switch|p1b: Charizard|Charizard, L50, M|100/100
|switch|p2a: Whimsicott|Whimsicott, L50, F|100/100
|switch|p2b: Kingambit|Kingambit, L50, M|100/100
|turn|1
|inactive|ErTunneling has 30 seconds left.
|
|t:|1784890183
|detailschange|p1b: Charizard|Charizard-Mega-Y, L50, M
|-mega|p1b: Charizard|Charizard|Charizardite Y
|-weather|SunnyDay|[from] ability: Drought|[of] p1b: Charizard
|move|p1a: Grimmsnarl|Parting Shot|p2a: Whimsicott
|-unboost|p2a: Whimsicott|atk|1
|-unboost|p2a: Whimsicott|spa|1
|
|t:|1784890188
|switch|p1a: Archaludon|Archaludon, L50, F|100/100|[from] Parting Shot
|move|p2a: Whimsicott|Moonblast|p1a: Archaludon
|-damage|p1a: Archaludon|81/100
|-ability|p1a: Archaludon|Stamina|boost
|-boost|p1a: Archaludon|def|1
|move|p1b: Charizard|Heat Wave|p2a: Whimsicott|[spread] p2a,p2b
|-supereffective|p2a: Whimsicott|1
|-supereffective|p2b: Kingambit|1
|-enditem|p2b: Kingambit|Occa Berry|[eat]
|-enditem|p2b: Kingambit|Occa Berry|[weaken]
|-enditem|p2a: Whimsicott|Focus Sash
|-damage|p2a: Whimsicott|1/100
|-damage|p2b: Kingambit|38/100
|move|p2b: Kingambit|Kowtow Cleave|p1a: Archaludon
|-damage|p1a: Archaludon|58/100
|-ability|p1a: Archaludon|Stamina|boost
|-boost|p1a: Archaludon|def|1
|
|-weather|SunnyDay|[upkeep]
|-heal|p1a: Archaludon|64/100|[from] item: Leftovers
|upkeep
|turn|2
|inactive|ErTunneling has 30 seconds left.
|inactive|ErTunneling has 20 seconds left.
|inactive|ErTunneling has 15 seconds left.
|inactive|ErTunneling has 10 seconds left.
|inactive|ErTunneling has 5 seconds left.
|
|t:|1784890238
|switch|p1b: Grimmsnarl|Grimmsnarl, L50, M|100/100
|move|p2a: Whimsicott|Tailwind|p2a: Whimsicott
|-sidestart|p2: tamagotchai-01|move: Tailwind
|move|p2b: Kingambit|Sucker Punch|p1a: Archaludon
|-damage|p1a: Archaludon|48/100
|-ability|p1a: Archaludon|Stamina|boost
|-boost|p1a: Archaludon|def|1
|move|p1a: Archaludon|Electro Shot||[still]
|-prepare|p1a: Archaludon|Electro Shot
|-boost|p1a: Archaludon|spa|1
|
|-weather|SunnyDay|[upkeep]
|-heal|p1a: Archaludon|55/100|[from] item: Leftovers
|upkeep
|turn|3
|
|t:|1784890247
|move|p1b: Grimmsnarl|Light Screen|p1b: Grimmsnarl
|-sidestart|p1: ErTunneling|move: Light Screen
|move|p2a: Whimsicott|Moonblast|p1b: Grimmsnarl
|-supereffective|p1b: Grimmsnarl|1
|-damage|p1b: Grimmsnarl|71/100
|move|p2b: Kingambit|Kowtow Cleave|p1b: Grimmsnarl
|-resisted|p1b: Grimmsnarl|2
|-damage|p1b: Grimmsnarl|58/100
|move|p1a: Archaludon|Electro Shot|p2b: Kingambit|[from] lockedmove
|-damage|p2b: Kingambit|0 fnt
|faint|p2b: Kingambit
|
|-weather|SunnyDay|[upkeep]
|-heal|p1a: Archaludon|61/100|[from] item: Leftovers
|upkeep
|
|t:|1784890247
|switch|p2b: Charizard|Charizard, L50, M|100/100
|turn|4
|
|t:|1784890268
|detailschange|p2b: Charizard|Charizard-Mega-Y, L50, M
|-mega|p2b: Charizard|Charizard|Charizardite Y
|move|p1b: Grimmsnarl|Parting Shot|p2b: Charizard
|-unboost|p2b: Charizard|atk|1
|-unboost|p2b: Charizard|spa|1
|
|t:|1784890277
|switch|p1b: Charizard|Charizard-Mega-Y, L50, M|100/100|[from] Parting Shot
|move|p2a: Whimsicott|Moonblast|p1b: Charizard
|-resisted|p1b: Charizard|1
|-damage|p1b: Charizard|92/100
|move|p2b: Charizard|Heat Wave|p1b: Charizard|[spread] p1a,p1b
|-resisted|p1b: Charizard|1
|-damage|p1a: Archaludon|37/100
|-damage|p1b: Charizard|81/100
|-ability|p1a: Archaludon|Stamina|boost
|-boost|p1a: Archaludon|def|1
|move|p1a: Archaludon|Flash Cannon|p2a: Whimsicott
|-supereffective|p2a: Whimsicott|1
|-damage|p2a: Whimsicott|0 fnt
|faint|p2a: Whimsicott
|
|-weather|SunnyDay|[upkeep]
|-heal|p1a: Archaludon|43/100|[from] item: Leftovers
|upkeep
|
|t:|1784890277
|switch|p2a: Basculegion|Basculegion, L50, M|100/100
|turn|5
|inactive|ErTunneling has 30 seconds left.
|
|t:|1784890310
|switch|p1b: Grimmsnarl|Grimmsnarl, L50, M|58/100
|move|p2b: Charizard|Heat Wave|p1a: Archaludon|[spread] p1a,p1b
|-damage|p1a: Archaludon|18/100
|-damage|p1b: Grimmsnarl|34/100
|-ability|p1a: Archaludon|Stamina|boost
|-boost|p1a: Archaludon|def|1
|move|p2a: Basculegion|Last Respects|p1a: Archaludon
|-damage|p1a: Archaludon|0 fnt
|faint|p1a: Archaludon
|-damage|p2a: Basculegion|90/100|[from] item: Life Orb
|
|-weather|none
|-sideend|p2: tamagotchai-01|move: Tailwind
|upkeep
|
|t:|1784890316
|switch|p1a: Basculegion|Basculegion, L50, M|100/100
|turn|6
|
|t:|1784890325
|move|p2a: Basculegion|Aqua Jet|p1a: Basculegion
|-resisted|p1a: Basculegion|1
|-damage|p1a: Basculegion|75/100
|-damage|p2a: Basculegion|80/100|[from] item: Life Orb
|move|p1a: Basculegion|Last Respects|p2a: Basculegion
|-supereffective|p2a: Basculegion|1
|-damage|p2a: Basculegion|0 fnt
|faint|p2a: Basculegion
|move|p2b: Charizard|Heat Wave|p1b: Grimmsnarl|[spread] p1a,p1b
|-resisted|p1a: Basculegion|1
|-damage|p1a: Basculegion|64/100
|-damage|p1b: Grimmsnarl|17/100
|-status|p1a: Basculegion|brn
|move|p1b: Grimmsnarl|Spirit Break|p2b: Charizard
|-resisted|p2b: Charizard|1
|-damage|p2b: Charizard|82/100
|-unboost|p2b: Charizard|spa|1
|
|-damage|p1a: Basculegion|58/100 brn|[from] brn
|upkeep
|turn|7
|
|t:|1784890330
|move|p1a: Basculegion|Last Respects|p2b: Charizard
|-damage|p2b: Charizard|48/100
|move|p2b: Charizard|Solar Beam||[still]
|-prepare|p2b: Charizard|Solar Beam
|move|p1b: Grimmsnarl|Spirit Break|p2b: Charizard
|-resisted|p2b: Charizard|1
|-damage|p2b: Charizard|32/100
|-unboost|p2b: Charizard|spa|1
|
|-damage|p1a: Basculegion|52/100 brn|[from] brn
|upkeep
|turn|8
|
|t:|1784890337
|move|p1a: Basculegion|Last Respects|p2b: Charizard
|-damage|p2b: Charizard|0 fnt
|faint|p2b: Charizard
|
|win|ErTunneling
|raw|ErTunneling's rating: 1000 → 1047(+47 for winning)
|raw|tamagotchai-01's rating: 1062 → 1039(-23 for losing)
|l|☆ErTunneling
|player|p1|
