|j|☆Atc13
|j|☆VGChris6
|html|Atc13VGChris6    
|uhtml|bestof|Game 1 of a best-of-3
|t:|1757192864
|gametype|doubles
|player|p1|Atc13|1|1000
|player|p2|VGChris6|169|1050
|gen|9
|tier|[Gen 9] VGC 2025 Reg H (Bo3)
|rated|
|rule|Species Clause: Limit one of each Pokémon
|rule|Item Clause: Limit 1 of each item
|clearpoke
|poke|p1|Dragonite, L50, M|
|poke|p1|Sneasler, L50, F|
|poke|p1|Ninetales-Alola, L50, M|
|poke|p1|Incineroar, L50, M|
|poke|p1|Arboliva, L50, M|
|poke|p1|Comfey, L50, F|
|poke|p2|Archaludon, L50, F|
|poke|p2|Pelipper, L50, M|
|poke|p2|Basculegion, L50, M|
|poke|p2|Annihilape, L50, M|
|poke|p2|Whimsicott, L50, F|
|poke|p2|Ursaluna-Bloodmoon, L50, M|
|teampreview|4
|showteam|p1|Dragonite||LoadedDice|Multiscale|ScaleShot,Protect,ExtremeSpeed,DragonDance|||M|||50|,,,,,Fairy]Sneasler||WhiteHerb|Unburden|DireClaw,CloseCombat,Coaching,Protect|||F|||50|,,,,,Ghost]Ninetales-Alola||NeverMeltIce|SnowWarning|Blizzard,Encore,Disable,Protect|||M|||50|,,,,,Fire]Incineroar||SafetyGoggles|Intimidate|FlareBlitz,KnockOff,FakeOut,PartingShot|||M|||50|,,,,,Water]Arboliva||PetayaBerry|SeedSower|EarthPower,StrengthSap,EnergyBall,Protect|||M|||50|,,,,,Flying]Comfey||FocusSash|Triage|Tailwind,DrainingKiss,FloralHealing,Protect|||F|||50|,,,,,Steel
|showteam|p2|Archaludon||PowerHerb|Sturdy|ElectroShot,DragonPulse,FlashCannon,Protect|||F|||50|,,,,,Ghost]Pelipper||FocusSash|Drizzle|Tailwind,WeatherBall,Hurricane,WideGuard|||M|||50|,,,,,Ghost]Basculegion||ChoiceScarf|Adaptability|LastRespects,FlipTurn,WaveCrash,AquaJet|||M|||50|,,,,,Dark]Annihilape||SitrusBerry|Defiant|DrainPunch,Protect,RageFist,BulkUp|||M|||50|,,,,,Steel]Whimsicott||CovertCloak|Prankster|Taunt,Tailwind,Encore,Moonblast|||F|||50|,,,,,Dark]Ursaluna-Bloodmoon||AssaultVest|MindsEye|HyperVoice,BloodMoon,EarthPower,VacuumWave|||M|||50|,,,,,Ghost
|inactive|Battle timer is ON: inactive players will automatically lose when time's up. (requested by VGChris6)
|inactive|VGChris6 has 60 seconds left.
|
|t:|1757192910
|teamsize|p1|4
|teamsize|p2|4
|start
|switch|p1a: Sneasler|Sneasler, L50, F|100/100
|switch|p1b: Dragonite|Dragonite, L50, M, shiny|100/100
|switch|p2a: Basculegion|Basculegion, L50, M|100/100
|switch|p2b: Archaludon|Archaludon, L50, F|100/100
|turn|1
|inactive|Atc13 has 30 seconds left.
|
|t:|1757192942
|move|p2a: Basculegion|Flip Turn|p1b: Dragonite
|-resisted|p1b: Dragonite
|-damage|p1b: Dragonite|89/100
|
|t:|1757192949
|switch|p2a: Annihilape|Annihilape, L50, M|100/100|[from] Flip Turn
|move|p1a: Sneasler|Coaching|p1b: Dragonite
|-boost|p1b: Dragonite|atk|1
|-boost|p1b: Dragonite|def|1
|move|p2b: Archaludon|Electro Shot||[still]
|-prepare|p2b: Archaludon|Electro Shot
|-boost|p2b: Archaludon|spa|1
|-enditem|p2b: Archaludon|Power Herb
|-anim|p2b: Archaludon|Electro Shot|p1b: Dragonite
|-damage|p1b: Dragonite|19/100
|move|p1b: Dragonite|Dragon Dance|p1b: Dragonite
|-boost|p1b: Dragonite|atk|1
|-boost|p1b: Dragonite|spe|1
|
|upkeep
|turn|2
|inactive|Atc13 has 30 seconds left.
|inactive|VGChris6 has 30 seconds left.
|inactive|VGChris6 has 20 seconds left.
|inactive|VGChris6 has 15 seconds left.
|
|t:|1757192991
|switch|p1a: Comfey|Comfey, L50, F|100/100
|move|p1b: Dragonite|Protect|p1b: Dragonite
|-singleturn|p1b: Dragonite|Protect
|move|p2b: Archaludon|Dragon Pulse|p1a: Comfey
|-immune|p1a: Comfey
|move|p2a: Annihilape|Bulk Up|p2a: Annihilape
|-boost|p2a: Annihilape|atk|1
|-boost|p2a: Annihilape|def|1
|
|upkeep
|turn|3
|inactive|Atc13 has 30 seconds left.
|
|t:|1757193021
|-terastallize|p1b: Dragonite|Fairy
|-terastallize|p2a: Annihilape|Steel
|move|p1a: Comfey|Floral Healing|p1b: Dragonite
|-heal|p1b: Dragonite|69/100
|move|p1b: Dragonite|Scale Shot|p2b: Archaludon
|-damage|p2b: Archaludon|73/100
|-damage|p2b: Archaludon|48/100
|-damage|p2b: Archaludon|21/100
|-damage|p2b: Archaludon|0 fnt
|faint|p2b: Archaludon
|-hitcount|p2: Archaludon|4
|-unboost|p1b: Dragonite|def|1
|-boost|p1b: Dragonite|spe|1
|move|p2a: Annihilape|Rage Fist|p1b: Dragonite
|-damage|p1b: Dragonite|36/100
|
|upkeep
|
|t:|1757193041
|switch|p2b: Basculegion|Basculegion, L50, M|100/100
|turn|4
|
|t:|1757193057
|move|p1a: Comfey|Floral Healing|p1b: Dragonite
|-heal|p1b: Dragonite|86/100
|move|p2b: Basculegion|Aqua Jet|p1b: Dragonite
|-crit|p1b: Dragonite
|-damage|p1b: Dragonite|37/100
|move|p1b: Dragonite|Scale Shot|p2b: Basculegion
|-damage|p2b: Basculegion|64/100
|-damage|p2b: Basculegion|25/100
|-damage|p2b: Basculegion|0 fnt
|faint|p2b: Basculegion
|-hitcount|p2: Basculegion|3
|-unboost|p1b: Dragonite|def|1
|-boost|p1b: Dragonite|spe|1
|move|p2a: Annihilape|Bulk Up|p2a: Annihilape
|-boost|p2a: Annihilape|atk|1
|-boost|p2a: Annihilape|def|1
|
|upkeep
|
|t:|1757193069
|switch|p2b: Whimsicott|Whimsicott, L50, F|100/100
|turn|5
|
|t:|1757193087
|move|p1a: Comfey|Floral Healing|p1b: Dragonite
|-heal|p1b: Dragonite|87/100
|move|p2b: Whimsicott|Taunt|p1a: Comfey
|-start|p1a: Comfey|move: Taunt
|move|p1b: Dragonite|Scale Shot|p2a: Annihilape
|-resisted|p2a: Annihilape
|-damage|p2a: Annihilape|95/100
|-resisted|p2a: Annihilape
|-damage|p2a: Annihilape|89/100
|-resisted|p2a: Annihilape
|-damage|p2a: Annihilape|84/100
|-resisted|p2a: Annihilape
|-damage|p2a: Annihilape|78/100
|-resisted|p2a: Annihilape
|-damage|p2a: Annihilape|73/100
|-hitcount|p2a: Annihilape|5
|-unboost|p1b: Dragonite|def|1
|-boost|p1b: Dragonite|spe|1
|move|p2a: Annihilape|Rage Fist|p1b: Dragonite
|-damage|p1b: Dragonite|0 fnt
|faint|p1b: Dragonite
|
|upkeep
|
|t:|1757193110
|switch|p1b: Ninetales|Ninetales-Alola, L50, M|100/100
|-weather|Snowscape|[from] ability: Snow Warning|[of] p1b: Ninetales
|turn|6
|
|t:|1757193124
|move|p1a: Comfey|Draining Kiss|p2b: Whimsicott
|-damage|p2b: Whimsicott|80/100
|move|p2b: Whimsicott|Tailwind|p2b: Whimsicott
|-sidestart|p2: VGChris6|move: Tailwind
|move|p2a: Annihilape|Drain Punch|p1b: Ninetales
|-damage|p1b: Ninetales|44/100
|-heal|p2a: Annihilape|95/100|[from] drain|[of] p1b: Ninetales
|move|p1b: Ninetales|Disable|p2a: Annihilape
|-start|p2a: Annihilape|Disable|Drain Punch
|
|-weather|Snowscape|[upkeep]
|upkeep
|turn|7
|
|t:|1757193146
|move|p1a: Comfey|Draining Kiss|p2b: Whimsicott
|-damage|p2b: Whimsicott|62/100
|move|p2b: Whimsicott|Taunt|p1b: Ninetales
|-start|p1b: Ninetales|move: Taunt
|move|p2a: Annihilape|Rage Fist|p1a: Comfey
|-enditem|p1a: Comfey|Focus Sash
|-damage|p1a: Comfey|1/100
|cant|p1b: Ninetales|move: Taunt|Encore
|
|-weather|Snowscape|[upkeep]
|upkeep
|turn|8
|-message|Atc13 forfeited.
|
|win|VGChris6
|l|☆Atc13
|player|p1|
|j|☆Atc13
|player|p1|Atc13|1|
|l|☆Atc13
|player|p1|
|raw|Atc13's rating: 1000 → 1000(+0 for losing)
|raw|VGChris6's rating: 1050 → 1078(+28 for winning)
|l|☆VGChris6
|player|p2|
|j|☆VGChris6
|player|p2|VGChris6|169|
