|j|☆JakAttack101
|j|☆underratedbanana
|html|JakAttack101underratedbanana    
|uhtml|bestof|Game 2 of a best-of-3
|t:|1756827310
|gametype|doubles
|player|p1|JakAttack101|blaine|1072
|player|p2|underratedbanana|102|1143
|gen|9
|tier|[Gen 9] VGC 2025 Reg H (Bo3)
|rated|
|rule|Species Clause: Limit one of each Pokémon
|rule|Item Clause: Limit 1 of each item
|clearpoke
|poke|p1|Annihilape, L50, M|
|poke|p1|Ninetales-Alola, L50, M|
|poke|p1|Garchomp, L50, F|
|poke|p1|Dragonite, L50, M|
|poke|p1|Sneasler, L50, M|
|poke|p1|Incineroar, L50, F|
|poke|p2|Porygon2, L50|
|poke|p2|Sneasler, L50, F|
|poke|p2|Gholdengo, L50|
|poke|p2|Amoonguss, L50, M|
|poke|p2|Garchomp, L50, M|
|poke|p2|Incineroar, L50, F|
|teampreview|4
|showteam|p1|Annihilape||AssaultVest|Defiant|RageFist,DrainPunch,RockTomb,FinalGambit|||M|||50|,,,,,Fire]Ninetales-Alola||ChoiceSpecs|SnowWarning|Blizzard,Moonblast,FreezeDry,IcyWind|||M|||50|,,,,,Ghost]Garchomp||LifeOrb|RoughSkin|Earthquake,StompingTantrum,DragonClaw,Protect|||F|||50|,,,,,Steel]Dragonite||LoadedDice|Multiscale|ScaleShot,Tailwind,Protect,Haze|||M|||50|,,,,,Fairy]Sneasler||FocusSash|Unburden|CloseCombat,DireClaw,FakeOut,Coaching|||M|||50|,,,,,Ghost]Incineroar||SafetyGoggles|Intimidate|KnockOff,Taunt,FakeOut,PartingShot|||F|||50|,,,,,Fairy
|showteam|p2|Porygon2||Eviolite|Download|TeraBlast,IceBeam,Recover,TrickRoom||||||50|,,,,,Ground]Sneasler||FocusSash|PoisonTouch|CloseCombat,DireClaw,Coaching,Protect|||F|||50|,,,,,Flying]Gholdengo||LifeOrb|GoodasGold|MakeItRain,ShadowBall,NastyPlot,Protect||||||50|,,,,,Water]Amoonguss||SitrusBerry|Regenerator|PollenPuff,Spore,RagePowder,Protect|||M|||50|,,,,,Fairy]Garchomp||ClearAmulet|RoughSkin|Earthquake,StompingTantrum,DragonClaw,Protect|||M|||50|,,,,,Fire]Incineroar||SafetyGoggles|Intimidate|FlareBlitz,KnockOff,FakeOut,PartingShot|||F|||50|,,,,,Ghost
|inactive|Battle timer is ON: inactive players will automatically lose when time's up. (requested by JakAttack101)
|inactive|JakAttack101 has 60 seconds left.
|inactive|underratedbanana has 60 seconds left.
|
|t:|1756827377
|teamsize|p1|4
|teamsize|p2|4
|start
|switch|p1a: Ninetales|Ninetales-Alola, L50, M, shiny|100/100
|switch|p1b: Incineroar|Incineroar, L50, F, shiny|100/100
|switch|p2a: Sneasler|Sneasler, L50, F|100/100
|switch|p2b: Garchomp|Garchomp, L50, M|100/100
|-weather|Snowscape|[from] ability: Snow Warning|[of] p1a: Ninetales
|-ability|p1b: Incineroar|Intimidate|boost
|-unboost|p2a: Sneasler|atk|1
|-fail|p2b: Garchomp|unboost|[from] item: Clear Amulet|[of] p2b: Garchomp
|turn|1
|inactive|JakAttack101 has 30 seconds left.
|inactive|JakAttack101 has 20 seconds left.
|
|t:|1756827412
|move|p2a: Sneasler|Protect|p2a: Sneasler
|-singleturn|p2a: Sneasler|Protect
|move|p2b: Garchomp|Protect|p2b: Garchomp
|-singleturn|p2b: Garchomp|Protect
|move|p1b: Incineroar|Fake Out|p2b: Garchomp
|-activate|p2b: Garchomp|move: Protect
|move|p1a: Ninetales|Blizzard|p2b: Garchomp|[spread] 
|-activate|p2a: Sneasler|move: Protect
|-activate|p2b: Garchomp|move: Protect
|
|-weather|Snowscape|[upkeep]
|upkeep
|turn|2
|
|t:|1756827434
|switch|p1b: Dragonite|Dragonite, L50, M, shiny|100/100
|-terastallize|p2b: Garchomp|Fire
|move|p2a: Sneasler|Dire Claw|p1a: Ninetales
|-supereffective|p1a: Ninetales
|-damage|p1a: Ninetales|51/100
|-status|p1a: Ninetales|slp
|cant|p1a: Ninetales|slp
|move|p2b: Garchomp|Dragon Claw|p1a: Ninetales
|-immune|p1a: Ninetales
|
|-weather|Snowscape|[upkeep]
|upkeep
|turn|3
|inactive|JakAttack101 has 30 seconds left.
|
|t:|1756827462
|-terastallize|p1b: Dragonite|Fairy
|move|p2a: Sneasler|Dire Claw|p1b: Dragonite
|-supereffective|p1b: Dragonite
|-damage|p1b: Dragonite|69/100
|-curestatus|p1a: Ninetales|slp|[msg]
|move|p1a: Ninetales|Blizzard|p2b: Garchomp|[spread] p2a,p2b
|-resisted|p2b: Garchomp
|-damage|p2a: Sneasler|37/100
|-damage|p2b: Garchomp|76/100
|-status|p2b: Garchomp|frz
|cant|p2b: Garchomp|frz
|move|p1b: Dragonite|Scale Shot|p2a: Sneasler
|-damage|p2a: Sneasler|9/100
|-damage|p2a: Sneasler|0 fnt
|faint|p2a: Sneasler
|-hitcount|p2: Sneasler|2
|-unboost|p1b: Dragonite|def|1
|-boost|p1b: Dragonite|spe|1
|
|-weather|Snowscape|[upkeep]
|upkeep
|
|t:|1756827471
|switch|p2a: Gholdengo|Gholdengo, L50|100/100
|turn|4
|
|t:|1756827480
|switch|p1b: Incineroar|Incineroar, L50, F, shiny|100/100
|-ability|p1b: Incineroar|Intimidate|boost
|-unboost|p2a: Gholdengo|atk|1
|-fail|p2b: Garchomp|unboost|[from] item: Clear Amulet|[of] p2b: Garchomp
|move|p1a: Ninetales|Blizzard|p2a: Gholdengo|[spread] p2a,p2b
|-resisted|p2a: Gholdengo
|-resisted|p2b: Garchomp
|-damage|p2a: Gholdengo|76/100
|-damage|p2b: Garchomp|51/100 frz
|cant|p2b: Garchomp|frz
|move|p2a: Gholdengo|Make It Rain|p1b: Incineroar|[spread] p1a,p1b
|-supereffective|p1a: Ninetales
|-resisted|p1b: Incineroar
|-damage|p1a: Ninetales|0 fnt
|-damage|p1b: Incineroar|76/100
|-unboost|p2a: Gholdengo|spa|1
|faint|p1a: Ninetales
|-damage|p2a: Gholdengo|66/100|[from] item: Life Orb
|
|-weather|Snowscape|[upkeep]
|upkeep
|
|t:|1756827485
|switch|p1a: Garchomp|Garchomp, L50, F|100/100
|turn|5
|
|t:|1756827494
|switch|p2a: Amoonguss|Amoonguss, L50, M|100/100
|switch|p1b: Dragonite|Dragonite, L50, M, shiny, tera:Fairy|69/100
|cant|p2b: Garchomp|frz
|move|p1a: Garchomp|Earthquake|p2b: Garchomp|[spread] p1b,p2a,p2b
|-supereffective|p2b: Garchomp
|-damage|p1b: Dragonite|13/100
|-damage|p2a: Amoonguss|59/100
|-damage|p2b: Garchomp|0 fnt
|faint|p2b: Garchomp
|-damage|p1a: Garchomp|91/100|[from] item: Life Orb
|
|-weather|none
|upkeep
|
|t:|1756827501
|switch|p2b: Gholdengo|Gholdengo, L50|66/100
|turn|6
|-message|underratedbanana forfeited.
|
|win|JakAttack101
|l|☆underratedbanana
|player|p2|
