|j|☆regalac3
|j|☆G33KY
|html|regalac3G33KY    
|uhtml|bestof|Game 2 of a best-of-3
|t:|1757021515
|gametype|doubles
|player|p1|regalac3|n|1106
|player|p2|G33KY|265|1048
|gen|9
|tier|[Gen 9] VGC 2025 Reg H (Bo3)
|rated|
|rule|Species Clause: Limit one of each Pokémon
|rule|Item Clause: Limit 1 of each item
|clearpoke
|poke|p1|Pelipper, L50, F|
|poke|p1|Basculegion, L50, M|
|poke|p1|Archaludon, L50, M|
|poke|p1|Annihilape, L50, F|
|poke|p1|Rillaboom, L50, F|
|poke|p1|Maushold-Four, L50|
|poke|p2|Politoed, L50, M|
|poke|p2|Gothitelle, L50, M|
|poke|p2|Kingdra, L50, M|
|poke|p2|Archaludon, L50, F|
|poke|p2|Amoonguss, L50, M|
|poke|p2|Incineroar, L50, F|
|teampreview|4
|showteam|p1|Pelipper||FocusSash|Drizzle|Hurricane,WeatherBall,WideGuard,Protect|||F|||50|,,,,,Stellar]Basculegion||LifeOrb|SwiftSwim|WaveCrash,LastRespects,AquaJet,Protect|||M|||50|,,,,,Water]Archaludon||AssaultVest|Stamina|FlashCannon,DracoMeteor,ElectroShot,BodyPress|||M|||50|,,,,,Bug]Annihilape||Leftovers|Defiant|RageFist,DrainPunch,BulkUp,Protect|||F|||50|,,,,,Fire]Rillaboom||LoadedDice|GrassySurge|BulletSeed,GrassyGlide,HighHorsepower,FakeOut|||F|||50|,,,,,Water]Maushold-Four||SafetyGoggles|FriendGuard|BeatUp,FollowMe,Taunt,Protect||||||50|,,,,,Ghost
|showteam|p2|Politoed||Leftovers|Drizzle|Protect,WeatherBall,Encore,PerishSong|||M|||50|,,,,,Grass]Gothitelle||SitrusBerry|ShadowTag|Protect,Psychic,FakeOut,TrickRoom|||M|||50|,,,,,Dark]Kingdra||LifeOrb|SwiftSwim|Protect,DracoMeteor,WeatherBall,MuddyWater|||M|||50|,,,,,Stellar]Archaludon||PowerHerb|Sturdy|Protect,ElectroShot,FlashCannon,DragonPulse|||F|||50|,,,,,Electric]Amoonguss||EjectButton|Regenerator|Protect,RagePowder,Spore,PollenPuff|||M|||50|,,,,,Fairy]Incineroar||SafetyGoggles|Intimidate|FakeOut,KnockOff,PartingShot,Protect|||F|||50|,,,,,Ghost
|inactive|Battle timer is ON: inactive players will automatically lose when time's up. (requested by G33KY)
|inactive|regalac3 also wants the timer to be on.
|inactive|regalac3 has 60 seconds left.
|
|t:|1757021551
|teamsize|p1|4
|teamsize|p2|4
|start
|switch|p1a: Maushold|Maushold-Four, L50|100/100
|switch|p1b: Rillaboom|Rillaboom, L50, F|100/100
|switch|p2a: Politoed|Politoed, L50, M|100/100
|switch|p2b: Kingdra|Kingdra, L50, M|100/100
|-fieldstart|move: Grassy Terrain|[from] ability: Grassy Surge|[of] p1b: Rillaboom
|-weather|RainDance|[from] ability: Drizzle|[of] p2a: Politoed
|turn|1
|inactive|G33KY has 30 seconds left.
|inactive|G33KY has 20 seconds left.
|
|t:|1757021588
|move|p2b: Kingdra|Protect|p2b: Kingdra
|-singleturn|p2b: Kingdra|Protect
|move|p2a: Politoed|Protect|p2a: Politoed
|-singleturn|p2a: Politoed|Protect
|move|p1b: Rillaboom|Fake Out|p2b: Kingdra
|-activate|p2b: Kingdra|move: Protect
|move|p1a: Maushold|Taunt|p2a: Politoed
|-activate|p2a: Politoed|move: Protect
|
|-weather|RainDance|[upkeep]
|upkeep
|turn|2
|inactive|regalac3 has 30 seconds left.
|inactive|G33KY has 30 seconds left.
|
|t:|1757021617
|-terastallize|p2b: Kingdra|Stellar
|move|p2b: Kingdra|Weather Ball|p1a: Maushold
|-damage|p1a: Maushold|0 fnt
|faint|p1a: Maushold
|-damage|p2b: Kingdra|91/100|[from] item: Life Orb
|move|p1b: Rillaboom|Bullet Seed|p2b: Kingdra
|-damage|p2b: Kingdra|71/100
|-damage|p2b: Kingdra|48/100
|-damage|p2b: Kingdra|28/100
|-damage|p2b: Kingdra|6/100
|-damage|p2b: Kingdra|0 fnt
|faint|p2b: Kingdra
|-hitcount|p2: Kingdra|5
|move|p2a: Politoed|Perish Song|p2a: Politoed
|-start|p1b: Rillaboom|perish3|[silent]
|-start|p2a: Politoed|perish3|[silent]
|-fieldactivate|move: Perish Song
|
|-weather|RainDance|[upkeep]
|-start|p1b: Rillaboom|perish3
|-start|p2a: Politoed|perish3
|upkeep
|
|t:|1757021631
|switch|p1a: Archaludon|Archaludon, L50, M|100/100
|switch|p2b: Gothitelle|Gothitelle, L50, M|100/100
|turn|3
|inactive|G33KY has 30 seconds left.
|
|t:|1757021656
|move|p2b: Gothitelle|Fake Out|p1a: Archaludon
|-resisted|p1a: Archaludon
|-damage|p1a: Archaludon|98/100
|-ability|p1a: Archaludon|Stamina|boost
|-boost|p1a: Archaludon|def|1
|move|p1b: Rillaboom|Bullet Seed|p2b: Gothitelle
|-damage|p2b: Gothitelle|85/100
|-damage|p2b: Gothitelle|67/100
|-damage|p2b: Gothitelle|50/100
|-enditem|p2b: Gothitelle|Sitrus Berry|[eat]
|-heal|p2b: Gothitelle|75/100|[from] item: Sitrus Berry
|-damage|p2b: Gothitelle|59/100
|-hitcount|p2b: Gothitelle|4
|cant|p1a: Archaludon|flinch
|move|p2a: Politoed|Perish Song|p2a: Politoed
|-start|p1a: Archaludon|perish3|[silent]
|-start|p2b: Gothitelle|perish3|[silent]
|-fieldactivate|move: Perish Song
|
|-weather|RainDance|[upkeep]
|-heal|p1a: Archaludon|100/100|[from] Grassy Terrain
|-heal|p2b: Gothitelle|65/100|[from] Grassy Terrain
|-start|p1b: Rillaboom|perish2
|-start|p1a: Archaludon|perish3
|-start|p2a: Politoed|perish2
|-start|p2b: Gothitelle|perish3
|upkeep
|turn|4
|inactive|G33KY has 30 seconds left.
|inactive|G33KY has 20 seconds left.
|inactive|regalac3 has 30 seconds left.
|inactive|G33KY has 15 seconds left.
|
|t:|1757021699
|switch|p2a: Archaludon|Archaludon, L50, F|100/100
|move|p1b: Rillaboom|Bullet Seed|p1a: Archaludon
|-resisted|p1a: Archaludon
|-damage|p1a: Archaludon|98/100
|-ability|p1a: Archaludon|Stamina|boost
|-boost|p1a: Archaludon|def|1
|-resisted|p1a: Archaludon
|-damage|p1a: Archaludon|97/100
|-ability|p1a: Archaludon|Stamina|boost
|-boost|p1a: Archaludon|def|1
|-resisted|p1a: Archaludon
|-damage|p1a: Archaludon|96/100
|-ability|p1a: Archaludon|Stamina|boost
|-boost|p1a: Archaludon|def|1
|-resisted|p1a: Archaludon
|-damage|p1a: Archaludon|95/100
|-ability|p1a: Archaludon|Stamina|boost
|-boost|p1a: Archaludon|def|1
|-hitcount|p1a: Archaludon|4
|move|p1a: Archaludon|Body Press|p2b: Gothitelle
|-resisted|p2b: Gothitelle
|-damage|p2b: Gothitelle|26/100
|move|p2b: Gothitelle|Trick Room|p2b: Gothitelle
|-fieldstart|move: Trick Room|[of] p2b: Gothitelle
|
|-weather|RainDance|[upkeep]
|-heal|p2b: Gothitelle|33/100|[from] Grassy Terrain
|-heal|p1a: Archaludon|100/100|[from] Grassy Terrain
|-start|p2b: Gothitelle|perish2
|-start|p1a: Archaludon|perish2
|-start|p1b: Rillaboom|perish1
|upkeep
|turn|5
|
|t:|1757021718
|move|p2b: Gothitelle|Protect|p2b: Gothitelle
|-singleturn|p2b: Gothitelle|Protect
|move|p2a: Archaludon|Protect|p2a: Archaludon
|-singleturn|p2a: Archaludon|Protect
|move|p1b: Rillaboom|Grassy Glide|p2a: Archaludon
|-activate|p2a: Archaludon|move: Protect
|move|p1a: Archaludon|Body Press|p2a: Archaludon
|-activate|p2a: Archaludon|move: Protect
|
|-weather|none
|-heal|p2b: Gothitelle|39/100|[from] Grassy Terrain
|-start|p2b: Gothitelle|perish1
|-start|p1a: Archaludon|perish1
|-start|p1b: Rillaboom|perish0
|faint|p1b: Rillaboom
|-fieldend|move: Grassy Terrain
|upkeep
|
|t:|1757021722
|switch|p1b: Annihilape|Annihilape, L50, F|100/100
|turn|6
|inactive|regalac3 has 30 seconds left.
|inactive|regalac3 has 20 seconds left.
|inactive|regalac3 has 15 seconds left.
|inactive|regalac3 has 10 seconds left.
|inactive|regalac3 has 5 seconds left.
|
|t:|1757021779
|move|p2b: Gothitelle|Psychic|p1b: Annihilape
|-supereffective|p1b: Annihilape
|-crit|p1b: Annihilape
|-damage|p1b: Annihilape|20/100
|move|p1a: Archaludon|Body Press|p2a: Archaludon
|-supereffective|p2a: Archaludon
|-ability|p2a: Archaludon|Sturdy
|-damage|p2a: Archaludon|1/100
|move|p2a: Archaludon|Electro Shot||[still]
|-prepare|p2a: Archaludon|Electro Shot
|-boost|p2a: Archaludon|spa|1
|-enditem|p2a: Archaludon|Power Herb
|-anim|p2a: Archaludon|Electro Shot|p1b: Annihilape
|-damage|p1b: Annihilape|0 fnt
|faint|p1b: Annihilape
|
|-start|p2b: Gothitelle|perish0
|-start|p1a: Archaludon|perish0
|faint|p2b: Gothitelle
|faint|p1a: Archaludon
|
|win|G33KY
|raw|regalac3's rating: 1106 → 1077(-29 for losing)
|raw|G33KY's rating: 1048 → 1086(+38 for winning)
|l|☆regalac3
|player|p1|
|j|☆regalac3
|player|p1|regalac3|n|
