|j|☆Blacksummer
|j|☆Awesome Person III
|html|BlacksummerAwesome Person III    
|uhtml|bestof|Game 3 of a best-of-3
|t:|1755109652
|gametype|doubles
|player|p1|Blacksummer|cynthia-gen4|1199
|player|p2|Awesome Person III|fisherman-gen4|1365
|gen|9
|tier|[Gen 9] VGC 2025 Reg H (Bo3)
|rated|
|rule|Species Clause: Limit one of each Pokémon
|rule|Item Clause: Limit 1 of each item
|clearpoke
|poke|p1|Indeedee-F, L50, F|
|poke|p1|Gallade, L50, M|
|poke|p1|Torkoal, L50, M|
|poke|p1|Ursaluna, L50, F|
|poke|p1|Armarouge, L50, M|
|poke|p1|Exeggutor, L50, M|
|poke|p2|Magmar, L50, M|
|poke|p2|Primarina, L50, F|
|poke|p2|Rillaboom, L50, M|
|poke|p2|Dragapult, L50, M|
|poke|p2|Sneasler, L50, F|
|poke|p2|Kingambit, L50, M|
|teampreview|4
|showteam|p1|Indeedee-F||SafetyGoggles|PsychicSurge|FollowMe,Psychic,HelpingHand,TrickRoom|||F|||50|,,,,,Fairy]Gallade||ClearAmulet|Sharpness|PsychoCut,SacredSword,WideGuard,TrickRoom|||M|||50|,,,,,Steel]Torkoal||Charcoal|Drought|Eruption,WeatherBall,ClearSmog,Protect|||M|||50|,,,,,Fire]Ursaluna||FlameOrb|Guts|Facade,HeadlongRush,RockSlide,Protect|||F|||50|,,,,,Ghost]Armarouge||PowerHerb|FlashFire|ArmorCannon,ExpandingForce,MeteorBeam,TrickRoom|||M|||50|,,,,,Grass]Exeggutor||FocusSash|Chlorophyll|TrickRoom,ExpandingForce,EnergyBall,SleepPowder|||M|||50|,,,,,Psychic
|showteam|p2|Magmar||Eviolite|VitalSpirit|HeatWave,Protect,FollowMe,Taunt|||M|||50|,,,,,Ghost]Primarina||SitrusBerry|LiquidVoice|Moonblast,HyperVoice,Protect,Haze|||F|||50|,,,,,Water]Rillaboom||AssaultVest|GrassySurge|WoodHammer,GrassyGlide,HighHorsepower,FakeOut|||M|||50|,,,,,Fire]Dragapult||ChoiceBand|ClearBody|DragonDarts,PhantomForce,TeraBlast,Uturn|||M|||50|,,,,,Ghost]Sneasler||FocusSash|Unburden|CloseCombat,DireClaw,FakeOut,Coaching|||F|||50|,,,,,Ghost]Kingambit||BlackGlasses|Defiant|KowtowCleave,SuckerPunch,Protect,SwordsDance|||M|||50|,,,,,Dark
|inactive|Battle timer is ON: inactive players will automatically lose when time's up. (requested by Awesome Person III)
|inactive|Blacksummer has 60 seconds left.
|inactive|Blacksummer has 30 seconds left.
|inactive|Blacksummer has 20 seconds left.
|
|t:|1755109723
|teamsize|p1|4
|teamsize|p2|4
|start
|switch|p1a: Rumplestiltskin|Exeggutor, L50, M|100/100
|switch|p1b: Dr. Love|Torkoal, L50, M|100/100
|switch|p2a: Magmar|Magmar, L50, M|100/100
|switch|p2b: Kingambit|Kingambit, L50, M|100/100
|-weather|SunnyDay|[from] ability: Drought|[of] p1b: Dr. Love
|turn|1
|inactive|Blacksummer has 30 seconds left.
|
|t:|1755109751
|move|p2b: Kingambit|Protect|p2b: Kingambit
|-singleturn|p2b: Kingambit|Protect
|move|p1a: Rumplestiltskin|Expanding Force|p2a: Magmar
|-damage|p2a: Magmar|67/100
|move|p2a: Magmar|Taunt|p1a: Rumplestiltskin
|-start|p1a: Rumplestiltskin|move: Taunt
|move|p1b: Dr. Love|Weather Ball|p2b: Kingambit
|-activate|p2b: Kingambit|move: Protect
|
|-weather|SunnyDay|[upkeep]
|upkeep
|turn|2
|
|t:|1755109771
|switch|p1b: Dermezel|Indeedee-F, L50, F|100/100
|-fieldstart|move: Psychic Terrain|[from] ability: Psychic Surge|[of] p1b: Dermezel
|-terastallize|p2b: Kingambit|Dark
|move|p1a: Rumplestiltskin|Expanding Force|p2b: Kingambit|[spread] p2a
|-immune|p2b: Kingambit
|-damage|p2a: Magmar|20/100
|move|p2a: Magmar|Heat Wave|p1b: Dermezel|[spread] p1a,p1b
|-supereffective|p1a: Rumplestiltskin
|-crit|p1a: Rumplestiltskin
|-enditem|p1a: Rumplestiltskin|Focus Sash
|-damage|p1a: Rumplestiltskin|1/100
|-damage|p1b: Dermezel|59/100
|-status|p1b: Dermezel|brn
|move|p2b: Kingambit|Kowtow Cleave|p1b: Dermezel
|-supereffective|p1b: Dermezel
|-damage|p1b: Dermezel|0 fnt
|faint|p1b: Dermezel
|
|-weather|SunnyDay|[upkeep]
|upkeep
|inactive|Blacksummer has 30 seconds left.
|
|t:|1755109797
|switch|p1b: Dr. Love|Torkoal, L50, M|100/100
|turn|3
|
|t:|1755109811
|-terastallize|p1b: Dr. Love|Fire
|move|p2a: Magmar|Protect|p2a: Magmar
|-singleturn|p2a: Magmar|Protect
|move|p1a: Rumplestiltskin|Expanding Force|p2b: Kingambit|[spread] 
|-activate|p2a: Magmar|move: Protect
|-immune|p2b: Kingambit
|move|p2b: Kingambit|Kowtow Cleave|p1a: Rumplestiltskin
|-supereffective|p1a: Rumplestiltskin
|-damage|p1a: Rumplestiltskin|0 fnt
|faint|p1a: Rumplestiltskin
|move|p1b: Dr. Love|Eruption|p2a: Magmar|[spread] p2b
|-activate|p2a: Magmar|move: Protect
|-damage|p2b: Kingambit|0 fnt
|faint|p2b: Kingambit
|
|-weather|SunnyDay|[upkeep]
|upkeep
|
|t:|1755109826
|switch|p1a: FNAF|Ursaluna, L50, F|100/100
|switch|p2b: Primarina|Primarina, L50, F|100/100
|turn|4
|
|t:|1755109839
|move|p1a: FNAF|Protect|p1a: FNAF
|-singleturn|p1a: FNAF|Protect
|move|p1b: Dr. Love|Protect|p1b: Dr. Love
|-singleturn|p1b: Dr. Love|Protect
|move|p2a: Magmar|Heat Wave|p1a: FNAF|[spread] 
|-activate|p1a: FNAF|move: Protect
|-activate|p1b: Dr. Love|move: Protect
|move|p2b: Primarina|Hyper Voice|p1a: FNAF|[spread] 
|-activate|p1a: FNAF|move: Protect
|-activate|p1b: Dr. Love|move: Protect
|
|-weather|SunnyDay|[upkeep]
|-status|p1a: FNAF|brn|[from] item: Flame Orb
|upkeep
|turn|5
|
|t:|1755109858
|move|p2b: Primarina|Protect|p2b: Primarina
|-singleturn|p2b: Primarina|Protect
|move|p2a: Magmar|Heat Wave|p1a: FNAF|[spread] p1a,p1b
|-resisted|p1b: Dr. Love
|-damage|p1a: FNAF|65/100 brn
|-damage|p1b: Dr. Love|76/100
|move|p1a: FNAF|Facade|p2b: Primarina
|-activate|p2b: Primarina|move: Protect
|move|p1b: Dr. Love|Weather Ball|p2a: Magmar
|-resisted|p2a: Magmar
|-damage|p2a: Magmar|0 fnt
|faint|p2a: Magmar
|
|-weather|none
|-damage|p1a: FNAF|59/100 brn|[from] brn
|upkeep
|
|t:|1755109865
|switch|p2a: Rillaboom|Rillaboom, L50, M|100/100
|-fieldstart|move: Grassy Terrain|[from] ability: Grassy Surge|[of] p2a: Rillaboom
|turn|6
|
|t:|1755109879
|move|p1a: FNAF|Protect|p1a: FNAF
|-singleturn|p1a: FNAF|Protect
|move|p1b: Dr. Love|Protect|p1b: Dr. Love
|-singleturn|p1b: Dr. Love|Protect
|move|p2a: Rillaboom|Wood Hammer|p1a: FNAF
|-activate|p1a: FNAF|move: Protect
|move|p2b: Primarina|Hyper Voice|p1a: FNAF|[spread] 
|-activate|p1a: FNAF|move: Protect
|-activate|p1b: Dr. Love|move: Protect
|
|-heal|p1a: FNAF|65/100 brn|[from] Grassy Terrain
|-heal|p1b: Dr. Love|82/100|[from] Grassy Terrain
|-damage|p1a: FNAF|59/100 brn|[from] brn
|upkeep
|turn|7
|
|t:|1755109895
|move|p2a: Rillaboom|Wood Hammer|p1a: FNAF
|-supereffective|p1a: FNAF
|-damage|p1a: FNAF|0 fnt
|faint|p1a: FNAF
|-damage|p2a: Rillaboom|78/100|[from] Recoil
|move|p2b: Primarina|Hyper Voice|p1b: Dr. Love
|-supereffective|p1b: Dr. Love
|-damage|p1b: Dr. Love|0 fnt
|faint|p1b: Dr. Love
|
|win|Awesome Person III
|raw|Blacksummer's rating: 1199 → 1185(-14 for losing)
|raw|Awesome Person III's rating: 1365 → 1376(+11 for winning)
