|j|☆LeCehlou
|j|☆Zero_blazeVGC
|html|LeCehlouZero_blazeVGC    
|uhtml|bestof|Game 2 of a best-of-3
|t:|1756469872
|gametype|doubles
|player|p1|LeCehlou|169|1265
|player|p2|Zero_blazeVGC|alder|1152
|gen|9
|tier|[Gen 9] VGC 2025 Reg H (Bo3)
|rated|
|rule|Species Clause: Limit one of each Pokémon
|rule|Item Clause: Limit 1 of each item
|clearpoke
|poke|p1|Meowscarada, L50, M|
|poke|p1|Ursaluna-Bloodmoon, L50, M|
|poke|p1|Incineroar, L50, F|
|poke|p1|Whimsicott, L50, M|
|poke|p1|Typhlosion-Hisui, L50, M|
|poke|p1|Sneasler, L50, M|
|poke|p2|Rillaboom, L50, F|
|poke|p2|Dragonite, L50, M|
|poke|p2|Sneasler, L50, F|
|poke|p2|Ninetales-Alola, L50, M|
|poke|p2|Kingambit, L50, F|
|poke|p2|Magmar, L50, F|
|teampreview|4
|showteam|p1|Meowscarada||ChoiceBand|Protean|FlowerTrick,KnockOff,TripleAxel,Uturn|||M|||50|,,,,,Stellar]Ursaluna-Bloodmoon||ChoiceSpecs|MindsEye|BloodMoon,HyperVoice,EarthPower,Fling|||M|||50|,,,,,Normal]Incineroar||SafetyGoggles|Intimidate|FakeOut,PartingShot,KnockOff,FlareBlitz|||F|||50|,,,,,Ghost]Whimsicott||CovertCloak|Prankster|Tailwind,SunnyDay,Encore,Moonblast|||M|||50|,,,,,Dark]Typhlosion-Hisui||FocusSash|Blaze|Eruption,HeatWave,InfernalParade,Protect|||M|||50|,,,,,Stellar]Sneasler||LifeOrb|PoisonTouch|FakeOut,DireClaw,CloseCombat,Protect|||M|||50|,,,,,Ghost
|showteam|p2|Rillaboom||AssaultVest|GrassySurge|WoodHammer,GrassyGlide,HighHorsepower,FakeOut|||F|||50|,,,,,Fire]Dragonite||LoadedDice|Multiscale|Protect,ScaleShot,LowKick,Haze|||M|||50|,,,,,Fairy]Sneasler||WhiteHerb|Unburden|Protect,DireClaw,CloseCombat,Coaching|||F|||50|,,,,,Ghost]Ninetales-Alola||ChoiceSpecs|SnowWarning|Blizzard,IcyWind,Moonblast,FreezeDry|||M|||50|,,,,,Ghost]Kingambit||SafetyGoggles|Defiant|Protect,KowtowCleave,SuckerPunch,SwordsDance|||F|||50|,,,,,Dark]Magmar||Eviolite|VitalSpirit|Protect,FollowMe,Overheat,WillOWisp|||F|||50|,,,,,Dragon
|inactive|Battle timer is ON: inactive players will automatically lose when time's up. (requested by Zero_blazeVGC)
|inactive|LeCehlou has 60 seconds left.
|inactive|LeCehlou has 30 seconds left.
|
|t:|1756469985
|teamsize|p1|4
|teamsize|p2|4
|start
|switch|p1a: Incineroar|Incineroar, L50, F|100/100
|switch|p1b: Sneasler|Sneasler, L50, M|100/100
|switch|p2a: 90% = 50%|Dragonite, L50, M, shiny|100/100
|switch|p2b: Mogmar|Magmar, L50, F, shiny|100/100
|-ability|p1a: Incineroar|Intimidate|boost
|-unboost|p2a: 90% = 50%|atk|1
|-unboost|p2b: Mogmar|atk|1
|turn|1
|
|t:|1756470001
|move|p2b: Mogmar|Protect|p2b: Mogmar
|-singleturn|p2b: Mogmar|Protect
|move|p2a: 90% = 50%|Protect|p2a: 90% = 50%
|-singleturn|p2a: 90% = 50%|Protect
|move|p1b: Sneasler|Fake Out|p2b: Mogmar
|-activate|p2b: Mogmar|move: Protect
|move|p1a: Incineroar|Fake Out|p2a: 90% = 50%
|-activate|p2a: 90% = 50%|move: Protect
|
|upkeep
|turn|2
|inactive|Zero_blazeVGC has 30 seconds left.
|
|t:|1756470030
|move|p1b: Sneasler|Protect|p1b: Sneasler
|-singleturn|p1b: Sneasler|Protect
|move|p2b: Mogmar|Overheat|p1b: Sneasler
|-activate|p1b: Sneasler|move: Protect
|move|p2a: 90% = 50%|Haze|p2a: 90% = 50%
|-clearallboost
|move|p1a: Incineroar|Knock Off|p2b: Mogmar
|-damage|p2b: Mogmar|67/100
|-enditem|p2b: Mogmar|Eviolite|[from] move: Knock Off|[of] p1a: Incineroar
|
|upkeep
|turn|3
|inactive|LeCehlou has 30 seconds left.
|
|t:|1756470056
|move|p2b: Mogmar|Follow Me|p2b: Mogmar
|-singleturn|p2b: Mogmar|move: Follow Me
|move|p1b: Sneasler|Close Combat|p2b: Mogmar
|-damage|p2b: Mogmar|0 fnt
|-unboost|p1b: Sneasler|def|1
|-unboost|p1b: Sneasler|spd|1
|faint|p2b: Mogmar
|-damage|p1b: Sneasler|91/100|[from] item: Life Orb
|move|p2a: 90% = 50%|Scale Shot|p1b: Sneasler
|-damage|p1b: Sneasler|52/100
|-damage|p1b: Sneasler|11/100
|-damage|p1b: Sneasler|0 fnt
|faint|p1b: Sneasler
|-hitcount|p1: Sneasler|3
|-unboost|p2a: 90% = 50%|def|1
|-boost|p2a: 90% = 50%|spe|1
|move|p1a: Incineroar|Parting Shot|p2a: 90% = 50%
|-unboost|p2a: 90% = 50%|atk|1
|-unboost|p2a: 90% = 50%|spa|1
|
|t:|1756470071
|switch|p1a: Whimsicott|Whimsicott, L50, M, shiny|100/100|[from] Parting Shot
|
|upkeep
|
|t:|1756470086
|switch|p1b: Incineroar|Incineroar, L50, F|100/100
|switch|p2b: Hi peli|Ninetales-Alola, L50, M, shiny|100/100
|-weather|Snowscape|[from] ability: Snow Warning|[of] p2b: Hi peli
|-ability|p1b: Incineroar|Intimidate|boost
|-unboost|p2a: 90% = 50%|atk|1
|-unboost|p2b: Hi peli|atk|1
|turn|4
|inactive|Zero_blazeVGC has 30 seconds left.
|
|t:|1756470119
|-terastallize|p2b: Hi peli|Ghost
|move|p1b: Incineroar|Fake Out|p2b: Hi peli
|-immune|p2b: Hi peli
|move|p1a: Whimsicott|Encore|p2a: 90% = 50%
|-start|p2a: 90% = 50%|Encore
|move|p2a: 90% = 50%|Scale Shot|p1a: Whimsicott
|-immune|p1a: Whimsicott
|move|p2b: Hi peli|Blizzard|p1b: Incineroar|[spread] p1a,p1b
|-supereffective|p1a: Whimsicott
|-resisted|p1b: Incineroar
|-damage|p1a: Whimsicott|0 fnt
|-damage|p1b: Incineroar|79/100
|faint|p1a: Whimsicott
|
|-weather|Snowscape|[upkeep]
|upkeep
|
|t:|1756470131
|switch|p1a: Ursaluna|Ursaluna-Bloodmoon, L50, M|100/100
|turn|5
|inactive|LeCehlou has 30 seconds left.
|inactive|LeCehlou has 20 seconds left.
|inactive|LeCehlou has 15 seconds left.
|inactive|LeCehlou has 10 seconds left.
|inactive|LeCehlou has 5 seconds left.
|inactive|Zero_blazeVGC has 30 seconds left.
|
|t:|1756470186
|move|p1b: Incineroar|Fake Out||[still]
|-hint|Fake Out only works on your first turn out.
|-fail|p1b: Incineroar
|move|p2a: 90% = 50%|Scale Shot|p1a: Ursaluna
|-damage|p1a: Ursaluna|95/100
|-damage|p1a: Ursaluna|88/100
|-damage|p1a: Ursaluna|82/100
|-damage|p1a: Ursaluna|76/100
|-hitcount|p1a: Ursaluna|4
|-unboost|p2a: 90% = 50%|def|1
|-boost|p2a: 90% = 50%|spe|1
|move|p2b: Hi peli|Blizzard|p1b: Incineroar|[spread] p1a,p1b
|-supereffective|p1a: Ursaluna
|-resisted|p1b: Incineroar
|-damage|p1a: Ursaluna|0 fnt
|-damage|p1b: Incineroar|59/100
|faint|p1a: Ursaluna
|
|-weather|Snowscape|[upkeep]
|upkeep
|turn|6
|-message|LeCehlou forfeited.
|
|win|Zero_blazeVGC
|raw|LeCehlou's rating: 1265 → 1232(-33 for losing)
|raw|Zero_blazeVGC's rating: 1152 → 1185(+33 for winning)
|l|☆LeCehlou
|player|p1|
