|j|☆Solunex
|j|☆VGCambroz
|html|SolunexVGCambroz    
|uhtml|bestof|Game 1 of a best-of-3
|t:|1756486307
|gametype|doubles
|player|p1|Solunex|ingo|1137
|player|p2|VGCambroz|alder|1225
|gen|9
|tier|[Gen 9] VGC 2025 Reg H (Bo3)
|rated|
|rule|Species Clause: Limit one of each Pokémon
|rule|Item Clause: Limit 1 of each item
|clearpoke
|poke|p1|Archaludon, L50, M|
|poke|p1|Sinistcha, L50|
|poke|p1|Pelipper, L50, F|
|poke|p1|Incineroar, L50, M|
|poke|p1|Basculegion, L50, M|
|poke|p1|Ursaluna, L50, M|
|poke|p2|Annihilape, L50, M|
|poke|p2|Gholdengo, L50|
|poke|p2|Ursaluna-Bloodmoon, L50, M|
|poke|p2|Dragonite, L50, M|
|poke|p2|Maushold-Four, L50|
|poke|p2|Grimmsnarl, L50, M|
|teampreview|4
|showteam|p1|Archaludon||AssaultVest|Stamina|ElectroShot,FlashCannon,DracoMeteor,BodyPress|||M|||50|,,,,,Bug]Sinistcha||SitrusBerry|Hospitality|MatchaGotcha,RagePowder,LifeDew,TrickRoom||||||50|,,,,,Dark]Pelipper||FocusSash|Drizzle|MuddyWater,Hurricane,Tailwind,Protect|||F|||50|,,,,,Ghost]Incineroar||SafetyGoggles|Intimidate|FlareBlitz,KnockOff,FakeOut,PartingShot|||M|||50|,,,,,Fairy]Basculegion||ChoiceBand|SwiftSwim|WaveCrash,LastRespects,FlipTurn,IceFang|||M|||50|,,,,,Water]Ursaluna||FlameOrb|Guts|Facade,HeadlongRush,Earthquake,Protect|||M|||50|,,,,,Ghost
|showteam|p2|Annihilape||Leftovers|Defiant|BulkUp,Protect,DrainPunch,RageFist|||M|||50|,,,,,Water]Gholdengo||MetalCoat|GoodasGold|NastyPlot,Protect,MakeItRain,ShadowBall||||||50|,,,,,Dragon]Ursaluna-Bloodmoon||AssaultVest|MindsEye|BloodMoon,HyperVoice,EarthPower,VacuumWave|||M|||50|,,,,,Ghost]Dragonite||LoadedDice|Multiscale|ScaleShot,StompingTantrum,Haze,Protect|||M|||50|,,,,,Fairy]Maushold-Four||SafetyGoggles|FriendGuard|FollowMe,BeatUp,Taunt,Protect||||||50|,,,,,Ghost]Grimmsnarl||CovertCloak|Prankster|Reflect,LightScreen,SpiritBreak,ThunderWave|||M|||50|,,,,,Steel
|inactive|Battle timer is ON: inactive players will automatically lose when time's up. (requested by Solunex)
|
|t:|1756486335
|teamsize|p1|4
|teamsize|p2|4
|start
|switch|p1a: Basculegion|Basculegion, L50, M|100/100
|switch|p1b: Pelipper|Pelipper, L50, F|100/100
|switch|p2a: Annihilape|Annihilape, L50, M|100/100
|switch|p2b: Grimmsnarl|Grimmsnarl, L50, M|100/100
|-weather|RainDance|[from] ability: Drizzle|[of] p1b: Pelipper
|turn|1
|
|t:|1756486356
|switch|p1a: Archaludon|Archaludon, L50, M|100/100
|-terastallize|p2a: Annihilape|Water
|move|p2b: Grimmsnarl|Light Screen|p2b: Grimmsnarl
|-sidestart|p2: VGCambroz|move: Light Screen
|move|p2a: Annihilape|Bulk Up|p2a: Annihilape
|-boost|p2a: Annihilape|atk|1
|-boost|p2a: Annihilape|def|1
|move|p1b: Pelipper|Hurricane|p2a: Annihilape
|-damage|p2a: Annihilape|71/100
|-start|p2a: Annihilape|confusion
|
|-weather|RainDance|[upkeep]
|-heal|p2a: Annihilape|77/100|[from] item: Leftovers
|upkeep
|turn|2
|
|t:|1756486384
|-terastallize|p1a: Archaludon|Bug
|move|p2b: Grimmsnarl|Thunder Wave|p1a: Archaludon
|-status|p1a: Archaludon|par
|-activate|p2a: Annihilape|confusion
|move|p2a: Annihilape|Drain Punch|p1a: Archaludon
|-resisted|p1a: Archaludon
|-damage|p1a: Archaludon|79/100 par
|-heal|p2a: Annihilape|86/100|[from] drain|[of] p1a: Archaludon
|-ability|p1a: Archaludon|Stamina|boost
|-boost|p1a: Archaludon|def|1
|move|p1b: Pelipper|Muddy Water|p2b: Grimmsnarl|[spread] p2a,p2b
|-resisted|p2a: Annihilape
|-damage|p2a: Annihilape|72/100
|-damage|p2b: Grimmsnarl|75/100
|-unboost|p2a: Annihilape|accuracy|1
|-ability|p2a: Annihilape|Defiant|boost
|-boost|p2a: Annihilape|atk|2
|move|p1a: Archaludon|Electro Shot||[still]
|-prepare|p1a: Archaludon|Electro Shot
|-boost|p1a: Archaludon|spa|1
|-anim|p1a: Archaludon|Electro Shot|p2a: Annihilape
|-supereffective|p2a: Annihilape
|-damage|p2a: Annihilape|0 fnt
|faint|p2a: Annihilape
|
|-weather|RainDance|[upkeep]
|upkeep
|
|t:|1756486392
|switch|p2a: Ursaluna|Ursaluna-Bloodmoon, L50, M|100/100
|turn|3
|
|t:|1756486409
|move|p2b: Grimmsnarl|Thunder Wave|p1b: Pelipper
|-status|p1b: Pelipper|par
|move|p2a: Ursaluna|Hyper Voice|p1b: Pelipper|[spread] p1a,p1b
|-damage|p1a: Archaludon|53/100 par
|-damage|p1b: Pelipper|38/100 par
|-ability|p1a: Archaludon|Stamina|boost
|-boost|p1a: Archaludon|def|1
|move|p1b: Pelipper|Muddy Water|p2a: Ursaluna|[spread] p2a,p2b
|-supereffective|p2a: Ursaluna
|-damage|p2a: Ursaluna|60/100
|-damage|p2b: Grimmsnarl|50/100
|move|p1a: Archaludon|Body Press|p2a: Ursaluna
|-supereffective|p2a: Ursaluna
|-damage|p2a: Ursaluna|0 fnt
|faint|p2a: Ursaluna
|
|-weather|RainDance|[upkeep]
|upkeep
|
|t:|1756486419
|switch|p2a: Dragonite|Dragonite, L50, M|100/100
|turn|4
|
|t:|1756486427
|move|p2a: Dragonite|Haze|p2a: Dragonite
|-clearallboost
|move|p2b: Grimmsnarl|Spirit Break|p1b: Pelipper
|-damage|p1b: Pelipper|0 fnt
|faint|p1b: Pelipper
|move|p1a: Archaludon|Draco Meteor|p2a: Dragonite
|-supereffective|p2a: Dragonite
|-damage|p2a: Dragonite|54/100
|-unboost|p1a: Archaludon|spa|2
|
|-weather|RainDance|[upkeep]
|upkeep
|
|t:|1756486433
|switch|p1b: Basculegion|Basculegion, L50, M|100/100
|turn|5
|
|t:|1756486444
|move|p2a: Dragonite|Protect|p2a: Dragonite
|-singleturn|p2a: Dragonite|Protect
|move|p1b: Basculegion|Ice Fang|p2a: Dragonite
|-activate|p2a: Dragonite|move: Protect
|move|p2b: Grimmsnarl|Spirit Break|p1b: Basculegion
|-damage|p1b: Basculegion|68/100
|-unboost|p1b: Basculegion|spa|1
|move|p1a: Archaludon|Flash Cannon|p2b: Grimmsnarl
|-supereffective|p2b: Grimmsnarl
|-damage|p2b: Grimmsnarl|24/100
|
|-weather|none
|-sideend|p2: VGCambroz|move: Light Screen
|upkeep
|turn|6
|
|t:|1756486466
|switch|p1a: Sinistcha|Sinistcha, L50|100/100
|-heal|p1b: Basculegion|92/100|[from] ability: Hospitality|[of] p1a: Sinistcha
|move|p2b: Grimmsnarl|Thunder Wave|p1b: Basculegion|[miss]
|-miss|p2b: Grimmsnarl|p1b: Basculegion
|move|p2a: Dragonite|Scale Shot|p1b: Basculegion
|-damage|p1b: Basculegion|78/100
|-damage|p1b: Basculegion|64/100
|-damage|p1b: Basculegion|49/100
|-damage|p1b: Basculegion|33/100
|-hitcount|p1b: Basculegion|4
|-unboost|p2a: Dragonite|def|1
|-boost|p2a: Dragonite|spe|1
|move|p1b: Basculegion|Ice Fang|p2a: Dragonite
|-supereffective|p2a: Dragonite
|-damage|p2a: Dragonite|0 fnt
|faint|p2a: Dragonite
|
|upkeep
|turn|7
|-message|VGCambroz forfeited.
|
|win|Solunex
|l|☆VGCambroz
|player|p2|
||VGCambroz is ready for game 2.
||Solunex is ready for game 2.
|uhtml|next|Next: Game 2 of 3
