|j|☆igor dalatengo
|j|‽av yveltal better
|html|igor dalatengoav yveltal better    
|uhtml|bestof|Game 2 of a best-of-3
|t:|1755783893
|gametype|doubles
|player|p1|igor dalatengo|102|1349
|player|p2|av yveltal better|silver|1429
|gen|9
|tier|[Gen 9] VGC 2025 Reg H (Bo3)
|rated|
|rule|Species Clause: Limit one of each Pokémon
|rule|Item Clause: Limit 1 of each item
|clearpoke
|poke|p1|Kingambit, L50, F|
|poke|p1|Sneasler, L50, M|
|poke|p1|Incineroar, L50, F|
|poke|p1|Amoonguss, L50, F|
|poke|p1|Ursaluna-Bloodmoon, L50, M|
|poke|p1|Dragonite, L50, M|
|poke|p2|Kingambit, L50, M|
|poke|p2|Rillaboom, L50, F|
|poke|p2|Sneasler, L50, M|
|poke|p2|Magmar, L50, M|
|poke|p2|Ninetales-Alola, L50, F|
|poke|p2|Basculegion, L50, M|
|teampreview|4
|showteam|p1|Kingambit||BlackGlasses|Defiant|Protect,KowtowCleave,SuckerPunch,Substitute|||F|||50|,,,,,Dark]Sneasler||FocusSash|PoisonTouch|Protect,Coaching,DireClaw,CloseCombat|||M|||50|,,,,,Stellar]Incineroar||SafetyGoggles|Intimidate|FakeOut,FlareBlitz,KnockOff,PartingShot|||F|||50|,,,,,Grass]Amoonguss||SitrusBerry|Regenerator|PollenPuff,Protect,RagePowder,Spore|||F|||50|,,,,,Psychic]Ursaluna-Bloodmoon||AssaultVest|MindsEye|BloodMoon,EarthPower,VacuumWave,HyperVoice|||M|||50|,,,,,Grass]Dragonite||LoadedDice|Multiscale|ScaleShot,IronHead,Protect,Encore|||M|||50|,,,,,Steel
|showteam|p2|Kingambit||BlackGlasses|Defiant|KowtowCleave,SuckerPunch,Protect,SwordsDance|||M|||50|,,,,,Fire]Rillaboom||AssaultVest|GrassySurge|WoodHammer,GrassyGlide,HighHorsepower,FakeOut|||F|||50|,,,,,Fire]Sneasler||FocusSash|PoisonTouch|CloseCombat,DireClaw,FakeOut,Protect|||M|||50|,,,,,Ghost]Magmar||Eviolite|VitalSpirit|BurningJealousy,Taunt,Protect,FollowMe|||M|||50|,,,,,Ghost]Ninetales-Alola||NeverMeltIce|SnowWarning|Blizzard,FreezeDry,Encore,Protect|||F|||50|,,,,,Ghost]Basculegion||ChoiceScarf|Adaptability|WaveCrash,LastRespects,TeraBlast,FlipTurn|||M|||50|,,,,,Fairy
|
|t:|1755783911
|teamsize|p1|4
|teamsize|p2|4
|start
|switch|p1a: Sneasler|Sneasler, L50, M|100/100
|switch|p1b: Kingambit|Kingambit, L50, F|100/100
|switch|p2a: Magmar|Magmar, L50, M|100/100
|switch|p2b: Ninetales|Ninetales-Alola, L50, F|100/100
|-weather|Snowscape|[from] ability: Snow Warning|[of] p2b: Ninetales
|turn|1
|inactive|Battle timer is ON: inactive players will automatically lose when time's up. (requested by av yveltal better)
|
|t:|1755783927
|switch|p1b: Incineroar|Incineroar, L50, F|100/100
|-ability|p1b: Incineroar|Intimidate|boost
|-unboost|p2a: Magmar|atk|1
|-unboost|p2b: Ninetales|atk|1
|move|p1a: Sneasler|Dire Claw|p2b: Ninetales
|-supereffective|p2b: Ninetales
|-damage|p2b: Ninetales|22/100
|move|p2b: Ninetales|Blizzard|p1b: Incineroar|[spread] p1a,p1b
|-resisted|p1b: Incineroar
|-damage|p1a: Sneasler|48/100
|-damage|p1b: Incineroar|84/100
|move|p2a: Magmar|Burning Jealousy|p1b: Incineroar|[spread] p1a,p1b
|-resisted|p1b: Incineroar
|-damage|p1a: Sneasler|22/100
|-damage|p1b: Incineroar|76/100
|
|-weather|Snowscape|[upkeep]
|upkeep
|turn|2
|inactive|igor dalatengo has 30 seconds left.
|inactive|igor dalatengo has 20 seconds left.
|inactive|igor dalatengo has 15 seconds left.
|
|t:|1755783967
|switch|p2b: Sneasler|Sneasler, L50, M|100/100
|move|p1a: Sneasler|Protect|p1a: Sneasler
|-singleturn|p1a: Sneasler|Protect
|move|p2a: Magmar|Burning Jealousy|p1b: Incineroar|[spread] p1b
|-activate|p1a: Sneasler|move: Protect
|-resisted|p1b: Incineroar
|-damage|p1b: Incineroar|69/100
|move|p1b: Incineroar|Knock Off|p2a: Magmar
|-damage|p2a: Magmar|70/100
|-enditem|p2a: Magmar|Eviolite|[from] move: Knock Off|[of] p1b: Incineroar
|
|-weather|Snowscape|[upkeep]
|upkeep
|turn|3
|inactive|igor dalatengo has 30 seconds left.
|inactive|igor dalatengo has 20 seconds left.
|inactive|igor dalatengo has 15 seconds left.
|inactive|igor dalatengo has 10 seconds left.
|
|t:|1755784016
|switch|p1b: Amoonguss|Amoonguss, L50, F|100/100
|move|p2b: Sneasler|Close Combat|p1b: Amoonguss
|-resisted|p1b: Amoonguss
|-damage|p1b: Amoonguss|75/100
|-unboost|p2b: Sneasler|def|1
|-unboost|p2b: Sneasler|spd|1
|move|p1a: Sneasler|Close Combat|p2a: Magmar
|-damage|p2a: Magmar|7/100
|-unboost|p1a: Sneasler|def|1
|-unboost|p1a: Sneasler|spd|1
|move|p2a: Magmar|Burning Jealousy|p1a: Sneasler|[spread] p1a,p1b
|-supereffective|p1b: Amoonguss
|-damage|p1a: Sneasler|0 fnt
|-damage|p1b: Amoonguss|42/100
|-enditem|p1b: Amoonguss|Sitrus Berry|[eat]
|-heal|p1b: Amoonguss|67/100|[from] item: Sitrus Berry
|faint|p1a: Sneasler
|
|-weather|Snowscape|[upkeep]
|upkeep
|
|t:|1755784038
|switch|p1a: Incineroar|Incineroar, L50, F|69/100
|-ability|p1a: Incineroar|Intimidate|boost
|-unboost|p2a: Magmar|atk|1
|-unboost|p2b: Sneasler|atk|1
|turn|4
|
|t:|1755784052
|switch|p2b: Ninetales|Ninetales-Alola, L50, F|22/100
|-terastallize|p1a: Incineroar|Grass
|move|p2a: Magmar|Protect|p2a: Magmar
|-singleturn|p2a: Magmar|Protect
|move|p1a: Incineroar|Fake Out|p2a: Magmar
|-activate|p2a: Magmar|move: Protect
|move|p1b: Amoonguss|Spore|p2b: Ninetales
|-status|p2b: Ninetales|slp|[from] move: Spore
|
|-weather|Snowscape|[upkeep]
|upkeep
|turn|5
|inactive|igor dalatengo has 30 seconds left.
|
|t:|1755784081
|move|p1b: Amoonguss|Protect|p1b: Amoonguss
|-singleturn|p1b: Amoonguss|Protect
|cant|p2b: Ninetales|slp
|move|p2a: Magmar|Taunt|p1b: Amoonguss
|-activate|p1b: Amoonguss|move: Protect
|move|p1a: Incineroar|Parting Shot|p2a: Magmar
|-unboost|p2a: Magmar|atk|1
|-unboost|p2a: Magmar|spa|1
|
|t:|1755784089
|switch|p1a: Kingambit|Kingambit, L50, F|100/100|[from] Parting Shot
|
|-weather|none
|upkeep
|turn|6
|
|t:|1755784109
|switch|p2b: Kingambit|Kingambit, L50, M|100/100
|switch|p1b: Incineroar|Incineroar, L50, F, tera:Grass|69/100
|-ability|p1b: Incineroar|Intimidate|boost
|-unboost|p2a: Magmar|atk|1
|-unboost|p2b: Kingambit|atk|1
|-ability|p2b: Kingambit|Defiant|boost
|-boost|p2b: Kingambit|atk|2
|move|p2a: Magmar|Taunt|p1a: Kingambit
|-start|p1a: Kingambit|move: Taunt
|cant|p1a: Kingambit|move: Taunt|Substitute
|
|upkeep
|turn|7
|inactive|av yveltal better has 30 seconds left.
|
|t:|1755784137
|move|p2a: Magmar|Protect|p2a: Magmar
|-singleturn|p2a: Magmar|Protect
|move|p2b: Kingambit|Protect|p2b: Kingambit
|-singleturn|p2b: Kingambit|Protect
|move|p1b: Incineroar|Flare Blitz|p2b: Kingambit
|-activate|p2b: Kingambit|move: Protect
|move|p1a: Kingambit|Kowtow Cleave|p2a: Magmar
|-activate|p2a: Magmar|move: Protect
|
|upkeep
|turn|8
|inactive|igor dalatengo has 30 seconds left.
|
|t:|1755784162
|move|p2a: Magmar|Follow Me|p2a: Magmar
|-singleturn|p2a: Magmar|move: Follow Me
|move|p1b: Incineroar|Flare Blitz|p2a: Magmar
|-resisted|p2a: Magmar
|-damage|p2a: Magmar|0 fnt
|faint|p2a: Magmar
|-damage|p1b: Incineroar|67/100|[from] Recoil
|move|p1a: Kingambit|Kowtow Cleave|p2b: Kingambit
|-resisted|p2b: Kingambit
|-damage|p2b: Kingambit|77/100
|move|p2b: Kingambit|Kowtow Cleave|p1b: Incineroar
|-damage|p1b: Incineroar|0 fnt
|faint|p1b: Incineroar
|
|-end|p1a: Kingambit|move: Taunt
|upkeep
|
|t:|1755784168
|switch|p2a: Sneasler|Sneasler, L50, M|100/100
|switch|p1b: Amoonguss|Amoonguss, L50, F|99/100
|turn|9
|-message|igor dalatengo forfeited.
|
|win|av yveltal better
|raw|igor dalatengo's rating: 1349 → 1334(-15 for losing)
|raw|av yveltal better's rating: 1429 → 1444(+15 for winning)
