|j|☆minhbeoteam
|j|☆FerKillerVGC
|html|minhbeoteamFerKillerVGC    
|uhtml|bestof|Game 1 of a best-of-3
|t:|1782186557
|gametype|doubles
|player|p1|minhbeoteam|101|1094
|player|p2|FerKillerVGC|102|1140
|gen|9
|tier|[Gen 9 Champions] VGC 2026 Reg M-B (Bo3)
|rated|
|rule|Species Clause: Limit one of each Pokémon
|rule|Item Clause: Limit 1 of each item
|clearpoke
|poke|p1|Beedrill, L50, F, shiny|
|poke|p1|Sneasler, L50, F|
|poke|p1|Clefable, L50, F|
|poke|p1|Basculegion, L50, M|
|poke|p1|Pelipper, L50, F|
|poke|p1|Metagross, L50|
|poke|p2|Snorlax, L50, M|
|poke|p2|Sableye, L50, M|
|poke|p2|Armarouge, L50, M|
|poke|p2|Clefable, L50, F|
|poke|p2|Kingambit, L50, M|
|poke|p2|Venusaur, L50, M|
|teampreview|4
|showteam|p1|Beedrill||Beedrillite|Swarm|Protect,FellStinger,PoisonJab,DrillRun|Adamant||F|||50|]Sneasler||FocusSash|Unburden|FakeOut,CloseCombat,ThroatChop,Protect|Adamant||F|||50|]Clefable||SitrusBerry|Unaware|Moonblast,FollowMe,IceBeam,HelpingHand|Bold||F|||50|]Basculegion||ChoiceScarf|Adaptability|FlipTurn,WaveCrash,LastRespects,ScaleShot|Adamant||M|||50|]Pelipper||DampRock|Drizzle|WideGuard,Hurricane,WeatherBall,Tailwind|Timid||F|||50|]Metagross||Metagrossite|ClearBody|BulletPunch,PsychicFangs,IcePunch,Protect|Adamant|||||50|
|showteam|p2|Snorlax||SitrusBerry|ThickFat|Facade,BodyPress,Stockpile,Recycle|Impish||M|||50|]Sableye||RoseliBerry|Prankster|FoulPlay,WillOWisp,Quash,FakeOut|Careful||M|||50|]Armarouge||FocusSash|FlashFire|HeatWave,Psychic,WideGuard,TrickRoom|Quiet||M|||50|]Clefable||Clefablite|Unaware|Moonblast,Flamethrower,FollowMe,Protect|Bold||F|||50|]Kingambit||BlackGlasses|Defiant|KowtowCleave,IronHead,SuckerPunch,Protect|Adamant||M|||50|]Venusaur||Venusaurite|Chlorophyll|SludgeBomb,GigaDrain,EarthPower,Protect|Modest||M|||50|
|inactive|Battle timer is ON: inactive players will automatically lose when time's up. (requested by minhbeoteam)
|
|t:|1782186601
|teamsize|p1|4
|teamsize|p2|4
|start
|switch|p1a: IDK|Sneasler, L50, F|100/100
|switch|p1b: Follow me pls|Clefable, L50, F|100/100
|switch|p2a: Sableye|Sableye, L50, M|100/100
|switch|p2b: Armarouge|Armarouge, L50, M|100/100
|turn|1
|
|t:|1782186619
|switch|p2b: Kingambit|Kingambit, L50, M|100/100
|move|p1a: IDK|Protect|p1a: IDK
|-singleturn|p1a: IDK|Protect
|move|p2a: Sableye|Fake Out|p1b: Follow me pls
|-damage|p1b: Follow me pls|92/100
|cant|p1b: Follow me pls|flinch
|
|upkeep
|turn|2
|inactive|FerKillerVGC has 30 seconds left.
|inactive|FerKillerVGC has 20 seconds left.
|inactive|FerKillerVGC has 15 seconds left.
|
|t:|1782186659
|switch|p1a: Rain Man|Pelipper, L50, F|100/100
|-weather|RainDance|[from] ability: Drizzle|[of] p1a: Rain Man
|switch|p2a: Venusaur|Venusaur, L50, M|100/100
|move|p2b: Kingambit|Protect|p2b: Kingambit
|-singleturn|p2b: Kingambit|Protect
|move|p1b: Follow me pls|Moonblast|p2a: Venusaur
|-resisted|p2a: Venusaur|1
|-damage|p2a: Venusaur|82/100
|
|-weather|RainDance|[upkeep]
|upkeep
|turn|3
|inactive|FerKillerVGC has 30 seconds left.
|inactive|FerKillerVGC has 20 seconds left.
|inactive|FerKillerVGC has 15 seconds left.
|
|t:|1782186704
|detailschange|p2a: Venusaur|Venusaur-Mega, L50, M
|-mega|p2a: Venusaur|Venusaur|Venusaurite
|move|p2a: Venusaur|Giga Drain|p1a: Rain Man
|-damage|p1a: Rain Man|33/100
|-heal|p2a: Venusaur|100/100|[from] drain|[of] p1a: Rain Man
|move|p1a: Rain Man|Tailwind|p1a: Rain Man
|-sidestart|p1: minhbeoteam|move: Tailwind
|move|p1b: Follow me pls|Ice Beam|p2a: Venusaur
|-supereffective|p2a: Venusaur|1
|-damage|p2a: Venusaur|79/100
|move|p2b: Kingambit|Kowtow Cleave|p1a: Rain Man
|-damage|p1a: Rain Man|0 fnt
|faint|p1a: Rain Man
|
|-weather|RainDance|[upkeep]
|upkeep
|
|t:|1782186720
|switch|p1a: IDK|Sneasler, L50, F|100/100
|turn|4
|
|t:|1782186732
|move|p2b: Kingambit|Protect|p2b: Kingambit
|-singleturn|p2b: Kingambit|Protect
|move|p1b: Follow me pls|Follow Me|p1b: Follow me pls
|-singleturn|p1b: Follow me pls|move: Follow Me
|move|p1a: IDK|Close Combat|p2b: Kingambit
|-activate|p2b: Kingambit|move: Protect
|move|p2a: Venusaur|Sludge Bomb|p1b: Follow me pls
|-supereffective|p1b: Follow me pls|1
|-damage|p1b: Follow me pls|8/100
|-enditem|p1b: Follow me pls|Sitrus Berry|[eat]
|-heal|p1b: Follow me pls|33/100|[from] item: Sitrus Berry
|
|-weather|RainDance|[upkeep]
|upkeep
|turn|5
|
|t:|1782186756
|switch|p2b: Sableye|Sableye, L50, M|100/100
|move|p1b: Follow me pls|Follow Me|p1b: Follow me pls
|-singleturn|p1b: Follow me pls|move: Follow Me
|move|p1a: IDK|Throat Chop|p2b: Sableye
|-damage|p2b: Sableye|56/100
|-start|p2b: Sableye|Throat Chop|[silent]
|move|p2a: Venusaur|Earth Power|p1b: Follow me pls
|-damage|p1b: Follow me pls|5/100
|
|-weather|RainDance|[upkeep]
|upkeep
|turn|6
|inactive|minhbeoteam has 30 seconds left.
|inactive|minhbeoteam has 20 seconds left.
|
|t:|1782186792
|move|p1b: Follow me pls|Helping Hand|p1a: IDK
|-singleturn|p1a: IDK|Helping Hand|[of] p1b: Follow me pls
|move|p2b: Sableye|Fake Out|p1a: IDK
|-damage|p1a: IDK|87/100
|cant|p1a: IDK|flinch
|move|p2a: Venusaur|Earth Power|p1b: Follow me pls
|-damage|p1b: Follow me pls|0 fnt
|faint|p1b: Follow me pls
|
|-weather|RainDance|[upkeep]
|-end|p2b: Sableye|Throat Chop|[silent]
|-sideend|p1: minhbeoteam|move: Tailwind
|upkeep
|
|t:|1782186802
|switch|p1b: Potential Mon|Beedrill, L50, F, shiny|100/100
|turn|7
|
|t:|1782186828
|detailschange|p1b: Potential Mon|Beedrill-Mega, L50, F, shiny
|-mega|p1b: Potential Mon|Beedrill|Beedrillite
|move|p2b: Sableye|Will-O-Wisp|p1b: Potential Mon
|-status|p1b: Potential Mon|brn
|move|p1b: Potential Mon|Fell Stinger|p2b: Sableye
|-damage|p2b: Sableye|24/100
|move|p1a: IDK|Throat Chop|p2b: Sableye
|-damage|p2b: Sableye|0 fnt
|faint|p2b: Sableye
|move|p2a: Venusaur|Earth Power|p1a: IDK
|-supereffective|p1a: IDK|1
|-damage|p1a: IDK|14/100
|-unboost|p1a: IDK|spd|1
|
|-weather|RainDance|[upkeep]
|-damage|p1b: Potential Mon|94/100 brn|[from] brn
|upkeep
|inactive|FerKillerVGC has 30 seconds left.
|
|t:|1782186853
|switch|p2b: Kingambit|Kingambit, L50, M|100/100
|turn|8
|
|t:|1782186868
|move|p2b: Kingambit|Sucker Punch|p1a: IDK
|-resisted|p1a: IDK|1
|-damage|p1a: IDK|0 fnt
|faint|p1a: IDK
|move|p1b: Potential Mon|Fell Stinger|p2a: Venusaur
|-damage|p2a: Venusaur|60/100
|move|p2a: Venusaur|Sludge Bomb|p1b: Potential Mon
|-resisted|p1b: Potential Mon|1
|-damage|p1b: Potential Mon|60/100 brn
|
|-weather|RainDance|[upkeep]
|-damage|p1b: Potential Mon|54/100 brn|[from] brn
|upkeep
|turn|9
|
|t:|1782186885
|move|p2b: Kingambit|Sucker Punch|p1b: Potential Mon
|-damage|p1b: Potential Mon|0 fnt
|faint|p1b: Potential Mon
|
|win|FerKillerVGC
||minhbeoteam is ready for game 2.
|inactive|FerKillerVGC has 30 seconds to confirm battle start!
||FerKillerVGC is ready for game 2.
|uhtml|next|Next: Game 2 of 3
|l|☆FerKillerVGC
|player|p2|
|l|☆minhbeoteam
|player|p1|
|j|☆FerKillerVGC
|player|p2|FerKillerVGC|102|
