|j|☆ItsDrakeLionheart
|j|☆RobinFalkner
|html|ItsDrakeLionheartRobinFalkner    
|uhtml|bestof|Game 2 of a best-of-3
|t:|1783301290
|gametype|doubles
|player|p1|ItsDrakeLionheart|giovanni|
|player|p2|RobinFalkner|burglar|
|gen|9
|tier|[Gen 9 Champions] VGC 2026 Reg M-B (Bo3)
|rule|Species Clause: Limit one of each Pokémon
|rule|Item Clause: Limit 1 of each item
|clearpoke
|poke|p1|Gengar, L50, M, shiny|
|poke|p1|Incineroar, L50, F, shiny|
|poke|p1|Aerodactyl, L50, F|
|poke|p1|Gliscor, L50, M, shiny|
|poke|p1|Goodra, L50, F|
|poke|p1|Lucario, L50, M|
|poke|p2|Oranguru, L50, M|
|poke|p2|Mawile, L50, F|
|poke|p2|Dragonite, L50, F|
|poke|p2|Tyranitar, L50, F|
|poke|p2|Milotic, L50, F|
|poke|p2|Liepard, L50, M|
|teampreview|4
|showteam|p1|Gengar||Gengarite|CursedBody|Protect,PerishSong,Disable,ShadowBall|Modest||M|||50|]Incineroar||SitrusBerry|Intimidate|FakeOut,Protect,FlareBlitz,PartingShot|Adamant||F|||50|]Aerodactyl||Aerodactylite|Unnerve|Crunch,WideGuard,SunnyDay,EarthPower|Impish||F|||50|]Gliscor||ExpertBelt|HyperCutter|Earthquake,Crunch,Crabhammer,Protect|Jolly||M|||50|]Goodra||Leftovers|Gooey|FirePunch,DracoMeteor,Superpower,Protect|Sassy||F|||50|]Lucario||ShucaBerry|Steadfast|AuraSphere,FlashCannon,WaterPulse,Protect|Timid||M|||50|
|showteam|p2|Oranguru||ColburBerry|InnerFocus|TrickRoom,Psyshock,Protect,Thunderbolt|Quiet||M|||50|]Mawile||Mawilite|HyperCutter|IronHead,PlayRough,SuckerPunch,Protect|Brave||F|||50|]Dragonite||Dragoninite|InnerFocus|Thunderbolt,DragonPulse,Tailwind,Protect|Modest||F|||50|]Tyranitar||ChopleBerry|SandStream|Crunch,IronDefense,BodyPress,Protect|Impish||F|||50|]Milotic||Leftovers|Competitive|Scald,FlipTurn,LifeDew,Protect|Quiet||F|||50|]Liepard||FocusSash|Prankster|FakeOut,Encore,Taunt,Snarl|Timid||M|||50|
|j| eternal_nighters
|inactive|Battle timer is ON: inactive players will automatically lose when time's up. (requested by ItsDrakeLionheart)
|j| GeneticIvy
|j| goblinwaltz
|
|t:|1783301351
|teamsize|p1|4
|teamsize|p2|4
|start
|switch|p1a: William Afton|Gengar, L50, M, shiny|100/100
|switch|p1b: Marina Shafir|Incineroar, L50, F, shiny|100/100
|switch|p2a: Oranguru|Oranguru, L50, M|100/100
|switch|p2b: Liepard|Liepard, L50, M|100/100
|-ability|p1b: Marina Shafir|Intimidate|boost
|-fail|p2a: Oranguru|unboost|Attack|[from] ability: Inner Focus|[of] p2a: Oranguru
|-unboost|p2b: Liepard|atk|1
|turn|1
|l| goblinwaltz
|inactive|ItsDrakeLionheart has 30 seconds left.
|inactive|ItsDrakeLionheart has 20 seconds left.
|inactive|ItsDrakeLionheart has 15 seconds left.
|
|t:|1783301395
|switch|p2b: Milotic|Milotic, L50, F|100/100
|detailschange|p1a: William Afton|Gengar-Mega, L50, M, shiny
|-mega|p1a: William Afton|Gengar|Gengarite
|move|p1b: Marina Shafir|Fake Out|p2b: Milotic
|-damage|p2b: Milotic|87/100
|move|p1a: William Afton|Perish Song|p1a: William Afton
|-start|p1a: William Afton|perish3|[silent]
|-start|p1b: Marina Shafir|perish3|[silent]
|-start|p2a: Oranguru|perish3|[silent]
|-start|p2b: Milotic|perish3|[silent]
|-fieldactivate|move: Perish Song
|move|p2a: Oranguru|Psyshock|p1a: William Afton
|-supereffective|p1a: William Afton|1
|-damage|p1a: William Afton|28/100
|
|-heal|p2b: Milotic|93/100|[from] item: Leftovers
|-start|p1a: William Afton|perish3
|-start|p2b: Milotic|perish3
|-start|p1b: Marina Shafir|perish3
|-start|p2a: Oranguru|perish3
|upkeep
|turn|2
|
|t:|1783301413
|move|p1a: William Afton|Protect|p1a: William Afton
|-singleturn|p1a: William Afton|Protect
|move|p1b: Marina Shafir|Protect|p1b: Marina Shafir
|-singleturn|p1b: Marina Shafir|Protect
|move|p2b: Milotic|Scald|p1a: William Afton
|-activate|p1a: William Afton|move: Protect
|move|p2a: Oranguru|Trick Room|p2a: Oranguru
|-fieldstart|move: Trick Room|[of] p2a: Oranguru
|
|-heal|p2b: Milotic|99/100|[from] item: Leftovers
|-start|p2a: Oranguru|perish2
|-start|p1b: Marina Shafir|perish2
|-start|p2b: Milotic|perish2
|-start|p1a: William Afton|perish2
|upkeep
|turn|3
|inactive|ItsDrakeLionheart has 30 seconds left.
|inactive|ItsDrakeLionheart has 20 seconds left.
|
|t:|1783301451
|switch|p1a: Sticky|Goodra, L50, F|100/100
|move|p2a: Oranguru|Psyshock|p1a: Sticky
|-damage|p1a: Sticky|69/100
|move|p1b: Marina Shafir|Flare Blitz|p2b: Milotic
|-resisted|p2b: Milotic|1
|-crit|p2b: Milotic
|-damage|p2b: Milotic|62/100
|-damage|p1b: Marina Shafir|87/100|[from] Recoil
|move|p2b: Milotic|Flip Turn|p1b: Marina Shafir
|-supereffective|p1b: Marina Shafir|1
|-damage|p1b: Marina Shafir|65/100
|inactive|RobinFalkner has 30 seconds left.
|inactive|RobinFalkner has 20 seconds left.
|inactive|RobinFalkner has 15 seconds left.
|
|t:|1783301491
|switch|p2b: Mawile|Mawile, L50, F|100/100|[from] Flip Turn
|
|-heal|p1a: Sticky|75/100|[from] item: Leftovers
|-start|p2a: Oranguru|perish1
|-start|p1b: Marina Shafir|perish1
|upkeep
|turn|4
|inactive|ItsDrakeLionheart has 30 seconds left.
|inactive|ItsDrakeLionheart has 20 seconds left.
|inactive|ItsDrakeLionheart has 15 seconds left.
|
|t:|1783301532
|switch|p2a: Milotic|Milotic, L50, F|62/100
|switch|p1b: ProtagoNick|Lucario, L50, M|100/100
|detailschange|p2b: Mawile|Mawile-Mega, L50, F
|-mega|p2b: Mawile|Mawile|Mawilite
|move|p1a: Sticky|Protect|p1a: Sticky
|-singleturn|p1a: Sticky|Protect
|move|p2b: Mawile|Play Rough|p1b: ProtagoNick
|-damage|p1b: ProtagoNick|0 fnt
|faint|p1b: ProtagoNick
|
|-heal|p1a: Sticky|81/100|[from] item: Leftovers
|-heal|p2a: Milotic|68/100|[from] item: Leftovers
|upkeep
|
|t:|1783301545
|switch|p1b: Marina Shafir|Incineroar, L50, F, shiny|65/100
|-ability|p1b: Marina Shafir|Intimidate|boost
|-unboost|p2a: Milotic|atk|1
|-ability|p2a: Milotic|Competitive|boost
|-boost|p2a: Milotic|spa|2
|-unboost|p2b: Mawile|atk|1
|turn|5
|inactive|RobinFalkner has 30 seconds left.
|
|t:|1783301572
|move|p1b: Marina Shafir|Fake Out|p2b: Mawile
|-resisted|p2b: Mawile|1
|-damage|p2b: Mawile|94/100
|cant|p2b: Mawile|flinch
|move|p1a: Sticky|Fire Punch|p2b: Mawile
|-supereffective|p2b: Mawile|1
|-damage|p2b: Mawile|57/100
|move|p2a: Milotic|Scald|p1a: Sticky
|-resisted|p1a: Sticky|1
|-damage|p1a: Sticky|62/100
|-status|p1a: Sticky|brn
|
|-heal|p1a: Sticky|69/100 brn|[from] item: Leftovers
|-heal|p2a: Milotic|74/100|[from] item: Leftovers
|-damage|p1a: Sticky|62/100 brn|[from] brn
|upkeep
|turn|6
|inactive|ItsDrakeLionheart has 30 seconds left.
|inactive|ItsDrakeLionheart has 20 seconds left.
|
|t:|1783301607
|switch|p2b: Oranguru|Oranguru, L50, M|100/100
|switch|p1a: William Afton|Gengar-Mega, L50, M, shiny|28/100
|move|p1b: Marina Shafir|Flare Blitz|p2b: Oranguru
|-damage|p2b: Oranguru|47/100
|-damage|p1b: Marina Shafir|49/100|[from] Recoil
|-enditem|p1b: Marina Shafir|Sitrus Berry|[eat]
|-heal|p1b: Marina Shafir|73/100|[from] item: Sitrus Berry
|move|p2a: Milotic|Life Dew|p2a: Milotic|[spread] p2a,p2b
|-heal|p2a: Milotic|99/100
|-heal|p2b: Oranguru|72/100
|
|-heal|p2a: Milotic|100/100|[from] item: Leftovers
|-fieldend|move: Trick Room
|upkeep
|turn|7
|inactive|ItsDrakeLionheart has 30 seconds left.
|inactive|ItsDrakeLionheart has 20 seconds left.
|inactive|ItsDrakeLionheart has 15 seconds left.
|
|t:|1783301648
|move|p1a: William Afton|Shadow Ball|p2a: Milotic
|-damage|p2a: Milotic|65/100
|move|p2a: Milotic|Scald|p1b: Marina Shafir
|-supereffective|p1b: Marina Shafir|1
|-damage|p1b: Marina Shafir|0 fnt
|faint|p1b: Marina Shafir
|move|p2b: Oranguru|Psyshock|p1a: William Afton
|-supereffective|p1a: William Afton|1
|-damage|p1a: William Afton|0 fnt
|faint|p1a: William Afton
|
|-heal|p2a: Milotic|71/100|[from] item: Leftovers
|upkeep
|
|t:|1783301663
|switch|p1b: Sticky|Goodra, L50, F|62/100 brn
|turn|8
|
|t:|1783301670
|move|p2a: Milotic|Scald|p1b: Sticky
|-resisted|p1b: Sticky|1
|-crit|p1b: Sticky
|-damage|p1b: Sticky|35/100 brn
|move|p1b: Sticky|Draco Meteor|p2a: Milotic
|-damage|p2a: Milotic|36/100
|-unboost|p1b: Sticky|spa|2
|move|p2b: Oranguru|Psyshock|p1b: Sticky
|-damage|p1b: Sticky|5/100 brn
|
|-heal|p2a: Milotic|42/100|[from] item: Leftovers
|-heal|p1b: Sticky|11/100 brn|[from] item: Leftovers
|-damage|p1b: Sticky|5/100 brn|[from] brn
|upkeep
|turn|9
|
|t:|1783301684
|move|p2a: Milotic|Scald|p1b: Sticky
|-resisted|p1b: Sticky|1
|-damage|p1b: Sticky|0 fnt
|faint|p1b: Sticky
|
|win|RobinFalkner
||ItsDrakeLionheart is ready for game 3.
|l|☆ItsDrakeLionheart
|player|p1|
|inactive|RobinFalkner has 30 seconds to confirm battle start!
||RobinFalkner is ready for game 3.
|uhtml|next|Next: Game 3 of 3
|l| eternal_nighters
