|j|☆andrewcips
|j|☆Ameliaaa12
|html|andrewcipsAmeliaaa12    
|uhtml|bestof|Game 1 of a best-of-3
|t:|1757097502
|gametype|doubles
|player|p1|andrewcips|alder|1105
|player|p2|Ameliaaa12|2|1045
|gen|9
|tier|[Gen 9] VGC 2025 Reg H (Bo3)
|rated|
|rule|Species Clause: Limit one of each Pokémon
|rule|Item Clause: Limit 1 of each item
|clearpoke
|poke|p1|Dragonite, L50, F|
|poke|p1|Gholdengo, L50|
|poke|p1|Rillaboom, L50, M|
|poke|p1|Ursaluna-Bloodmoon, L50, M|
|poke|p1|Maushold, L50|
|poke|p1|Annihilape, L50, M|
|poke|p2|Frosmoth, L50, F|
|poke|p2|Volcarona, L50, F|
|poke|p2|Ninetales-Alola, L50, M|
|poke|p2|Garchomp, L50, F|
|poke|p2|Incineroar, L50, F|
|poke|p2|Rillaboom, L50, F|
|teampreview|4
|showteam|p1|Dragonite||LoadedDice|Multiscale|ScaleShot,Tailwind,Haze,Protect|||F|||50|,,,,,Fairy]Gholdengo||LifeOrb|GoodasGold|MakeItRain,ShadowBall,NastyPlot,Protect||||||50|,,,,,Water]Rillaboom||MiracleSeed|GrassySurge|FakeOut,GrassyGlide,WoodHammer,HighHorsepower|||M|||50|,,,,,Fire]Ursaluna-Bloodmoon||AssaultVest|MindsEye|BloodMoon,EarthPower,HyperVoice,VacuumWave|||M|||50|,,,,,Water]Maushold||FocusSash|FriendGuard|SuperFang,FollowMe,BeatUp,Protect||||||50|,,,,,Ghost]Annihilape||SitrusBerry|Defiant|RageFist,DrainPunch,BulkUp,Protect|||M|||50|,,,,,Fire
|showteam|p2|Frosmoth||Leftovers|IceScales|Blizzard,TeraBlast,QuiverDance,Protect|||F|||50|,,,,,Water]Volcarona||RockyHelmet|FlameBody|HeatWave,Protect,RagePowder,StruggleBug|||F|||50|,,,,,Steel]Ninetales-Alola||LightClay|SnowWarning|Blizzard,Moonblast,AuroraVeil,Encore|||M|||50|,,,,,Ghost]Garchomp||ClearAmulet|RoughSkin|StompingTantrum,Protect,RockSlide,BreakingSwipe|||F|||50|,,,,,Fire]Incineroar||SafetyGoggles|Intimidate|Taunt,KnockOff,FakeOut,PartingShot|||F|||50|,,,,,Ghost]Rillaboom||AssaultVest|GrassySurge|FakeOut,WoodHammer,GrassyGlide,Uturn|||F|||50|,,,,,Fire
|inactive|Battle timer is ON: inactive players will automatically lose when time's up. (requested by andrewcips)
|inactive|andrewcips has 60 seconds left.
|
|t:|1757097557
|teamsize|p1|4
|teamsize|p2|4
|start
|switch|p1a: Annihilape|Annihilape, L50, M|100/100
|switch|p1b: Maushold|Maushold, L50|100/100
|switch|p2a: Frosmoth|Frosmoth, L50, F|100/100
|switch|p2b: Volcarona|Volcarona, L50, F|100/100
|turn|1
|inactive|andrewcips has 30 seconds left.
|inactive|andrewcips has 20 seconds left.
|
|t:|1757097595
|move|p2b: Volcarona|Rage Powder|p2b: Volcarona
|-singleturn|p2b: Volcarona|move: Rage Powder
|move|p1b: Maushold|Beat Up|p2b: Volcarona
|-damage|p2b: Volcarona|98/100
|-damage|p2b: Volcarona|96/100
|-damage|p2b: Volcarona|94/100
|-damage|p2b: Volcarona|92/100
|-hitcount|p2b: Volcarona|4
|move|p1a: Annihilape|Rage Fist|p2b: Volcarona
|-damage|p2b: Volcarona|72/100
|-damage|p1a: Annihilape|84/100|[from] item: Rocky Helmet|[of] p2b: Volcarona
|move|p2a: Frosmoth|Quiver Dance|p2a: Frosmoth
|-boost|p2a: Frosmoth|spa|1
|-boost|p2a: Frosmoth|spd|1
|-boost|p2a: Frosmoth|spe|1
|
|upkeep
|turn|2
|inactive|andrewcips has 30 seconds left.
|
|t:|1757097630
|move|p2b: Volcarona|Rage Powder|p2b: Volcarona
|-singleturn|p2b: Volcarona|move: Rage Powder
|move|p1b: Maushold|Super Fang|p2b: Volcarona
|-damage|p2b: Volcarona|36/100
|-damage|p1b: Maushold|84/100|[from] item: Rocky Helmet|[of] p2b: Volcarona
|move|p1a: Annihilape|Bulk Up|p1a: Annihilape
|-boost|p1a: Annihilape|atk|1
|-boost|p1a: Annihilape|def|1
|move|p2a: Frosmoth|Quiver Dance|p2a: Frosmoth
|-boost|p2a: Frosmoth|spa|1
|-boost|p2a: Frosmoth|spd|1
|-boost|p2a: Frosmoth|spe|1
|
|upkeep
|turn|3
|inactive|andrewcips has 30 seconds left.
|inactive|andrewcips has 20 seconds left.
|
|t:|1757097667
|switch|p2b: Ninetales|Ninetales-Alola, L50, M|100/100
|-weather|Snowscape|[from] ability: Snow Warning|[of] p2b: Ninetales
|move|p2a: Frosmoth|Blizzard|p1a: Annihilape|[spread] p1a,p1b
|-crit|p1b: Maushold
|-damage|p1a: Annihilape|38/100
|-damage|p1b: Maushold|0 fnt
|-enditem|p1a: Annihilape|Sitrus Berry|[eat]
|-heal|p1a: Annihilape|63/100|[from] item: Sitrus Berry
|faint|p1b: Maushold
|move|p1a: Annihilape|Drain Punch|p2a: Frosmoth
|-damage|p2a: Frosmoth|66/100
|-heal|p1a: Annihilape|77/100|[from] drain|[of] p2a: Frosmoth
|
|-weather|Snowscape|[upkeep]
|-heal|p2a: Frosmoth|71/100|[from] item: Leftovers
|upkeep
|
|t:|1757097676
|switch|p1b: Gholdengo|Gholdengo, L50|100/100
|turn|4
|inactive|Ameliaaa12 has 30 seconds left.
|inactive|Ameliaaa12 has 20 seconds left.
|
|t:|1757097711
|-terastallize|p2a: Frosmoth|Water
|-terastallize|p1b: Gholdengo|Water
|move|p2a: Frosmoth|Tera Blast|p1a: Annihilape|[anim] Tera Blast Water
|-damage|p1a: Annihilape|15/100
|move|p2b: Ninetales|Moonblast|p1a: Annihilape
|-supereffective|p1a: Annihilape
|-damage|p1a: Annihilape|0 fnt
|faint|p1a: Annihilape
|move|p1b: Gholdengo|Make It Rain|p2a: Frosmoth|[spread] p2a,p2b
|-resisted|p2a: Frosmoth
|-supereffective|p2b: Ninetales
|-damage|p2a: Frosmoth|63/100
|-damage|p2b: Ninetales|0 fnt
|-unboost|p1b: Gholdengo|spa|1
|faint|p2b: Ninetales
|-damage|p1b: Gholdengo|91/100|[from] item: Life Orb
|
|-weather|Snowscape|[upkeep]
|-heal|p2a: Frosmoth|69/100|[from] item: Leftovers
|upkeep
|
|t:|1757097725
|switch|p2b: Rillaboom|Rillaboom, L50, F|100/100
|switch|p1a: Ursaluna|Ursaluna-Bloodmoon, L50, M|100/100
|-fieldstart|move: Grassy Terrain|[from] ability: Grassy Surge|[of] p2b: Rillaboom
|turn|5
|
|t:|1757097747
|move|p2b: Rillaboom|Fake Out|p1b: Gholdengo
|-crit|p1b: Gholdengo
|-damage|p1b: Gholdengo|70/100
|move|p2a: Frosmoth|Quiver Dance|p2a: Frosmoth
|-boost|p2a: Frosmoth|spa|1
|-boost|p2a: Frosmoth|spd|1
|-boost|p2a: Frosmoth|spe|1
|cant|p1b: Gholdengo|flinch
|move|p1a: Ursaluna|Blood Moon|p2a: Frosmoth
|-damage|p2a: Frosmoth|53/100
|
|-weather|Snowscape|[upkeep]
|-heal|p2a: Frosmoth|59/100|[from] Grassy Terrain
|-heal|p2a: Frosmoth|64/100|[from] item: Leftovers
|-heal|p1b: Gholdengo|76/100|[from] Grassy Terrain
|upkeep
|turn|6
|-message|andrewcips forfeited.
|
|win|Ameliaaa12
|l|☆andrewcips
|player|p1|
||andrewcips is ready for game 2.
