|j|☆RegalAc3
|j|☆jorgessitu
|html|RegalAc3jorgessitu    
|uhtml|bestof|Game 1 of a best-of-3
|t:|1756754784
|gametype|doubles
|player|p1|RegalAc3|n|1049
|player|p2|jorgessitu|170|1055
|gen|9
|tier|[Gen 9] VGC 2025 Reg H (Bo3)
|rated|
|rule|Species Clause: Limit one of each Pokémon
|rule|Item Clause: Limit 1 of each item
|clearpoke
|poke|p1|Pelipper, L50, F|
|poke|p1|Basculegion, L50, M|
|poke|p1|Archaludon, L50, M|
|poke|p1|Annihilape, L50, M|
|poke|p1|Rillaboom, L50, F|
|poke|p1|Maushold-Four, L50|
|poke|p2|Incineroar, L50, M|
|poke|p2|Volcarona, L50, M|
|poke|p2|Rillaboom, L50, F|
|poke|p2|Sneasler, L50, F|
|poke|p2|Maushold-Four, L50|
|poke|p2|Primarina, L50, M|
|teampreview|4
|showteam|p1|Pelipper||FocusSash|Drizzle|Hurricane,WeatherBall,WideGuard,Protect|||F|||50|,,,,,Stellar]Basculegion||LifeOrb|SwiftSwim|WaveCrash,LastRespects,AquaJet,Protect|||M|||50|,,,,,Water]Archaludon||AssaultVest|Stamina|FlashCannon,DracoMeteor,ElectroShot,BodyPress|||M|||50|,,,,,Bug]Annihilape||Leftovers|Defiant|RageFist,DrainPunch,BulkUp,Protect|||M|||50|,,,,,Fire]Rillaboom||LoadedDice|GrassySurge|BulletSeed,GrassyGlide,HighHorsepower,FakeOut|||F|||50|,,,,,Water]Maushold-Four||SafetyGoggles|FriendGuard|BeatUp,FollowMe,Taunt,Protect||||||50|,,,,,Ghost
|showteam|p2|Incineroar||SafetyGoggles|Intimidate|FakeOut,FlareBlitz,KnockOff,PartingShot|||M|||50|,,,,,Ghost]Volcarona||GrassySeed|FlameBody|HeatWave,QuiverDance,GigaDrain,Protect|||M|||50|,,,,,Grass]Rillaboom||AssaultVest|GrassySurge|FakeOut,WoodHammer,GrassyGlide,HighHorsepower|||F|||50|,,,,,Fire]Sneasler||FocusSash|Unburden|Coaching,CloseCombat,DireClaw,Protect|||F|||50|,,,,,Ghost]Maushold-Four||SitrusBerry|FriendGuard|FollowMe,PopulationBomb,Taunt,Protect||||||50|,,,,,Ghost]Primarina||RindoBerry|LiquidVoice|HyperVoice,Moonblast,CalmMind,Protect|||M|||50|,,,,,Fairy
|inactive|Battle timer is ON: inactive players will automatically lose when time's up. (requested by jorgessitu)
|inactive|RegalAc3 has 60 seconds left.
|inactive|jorgessitu has 60 seconds left.
|
|t:|1756754847
|teamsize|p1|4
|teamsize|p2|4
|start
|switch|p1a: Maushold|Maushold-Four, L50|100/100
|switch|p1b: Archaludon|Archaludon, L50, M|100/100
|switch|p2a: Rillaboom|Rillaboom, L50, F|100/100
|switch|p2b: Volcarona|Volcarona, L50, M|100/100
|-fieldstart|move: Grassy Terrain|[from] ability: Grassy Surge|[of] p2a: Rillaboom
|-enditem|p2b: Volcarona|Grassy Seed
|-boost|p2b: Volcarona|def|1|[from] item: Grassy Seed
|turn|1
|inactive|RegalAc3 has 30 seconds left.
|inactive|RegalAc3 has 20 seconds left.
|
|t:|1756754885
|switch|p1a: Pelipper|Pelipper, L50, F|100/100
|-weather|RainDance|[from] ability: Drizzle|[of] p1a: Pelipper
|move|p2b: Volcarona|Quiver Dance|p2b: Volcarona
|-boost|p2b: Volcarona|spa|1
|-boost|p2b: Volcarona|spd|1
|-boost|p2b: Volcarona|spe|1
|move|p1b: Archaludon|Electro Shot||[still]
|-prepare|p1b: Archaludon|Electro Shot
|-boost|p1b: Archaludon|spa|1
|-anim|p1b: Archaludon|Electro Shot|p2b: Volcarona
|-damage|p2b: Volcarona|64/100
|move|p2a: Rillaboom|Wood Hammer|p1a: Pelipper
|-enditem|p1a: Pelipper|Focus Sash
|-damage|p1a: Pelipper|1/100
|-damage|p2a: Rillaboom|78/100|[from] Recoil
|
|-weather|RainDance|[upkeep]
|-heal|p2b: Volcarona|69/100|[from] Grassy Terrain
|-heal|p2a: Rillaboom|84/100|[from] Grassy Terrain
|upkeep
|turn|2
|inactive|RegalAc3 has 30 seconds left.
|inactive|RegalAc3 has 20 seconds left.
|inactive|RegalAc3 has 15 seconds left.
|inactive|RegalAc3 has 10 seconds left.
|
|t:|1756754934
|move|p1a: Pelipper|Wide Guard|p1a: Pelipper
|-singleturn|p1a: Pelipper|Wide Guard
|move|p2a: Rillaboom|Grassy Glide|p1a: Pelipper
|-damage|p1a: Pelipper|0 fnt
|faint|p1a: Pelipper
|move|p2b: Volcarona|Quiver Dance|p2b: Volcarona
|-boost|p2b: Volcarona|spa|1
|-boost|p2b: Volcarona|spd|1
|-boost|p2b: Volcarona|spe|1
|move|p1b: Archaludon|Draco Meteor|p2b: Volcarona
|-damage|p2b: Volcarona|31/100
|-unboost|p1b: Archaludon|spa|2
|
|-weather|RainDance|[upkeep]
|-heal|p2b: Volcarona|37/100|[from] Grassy Terrain
|-heal|p2a: Rillaboom|90/100|[from] Grassy Terrain
|upkeep
|
|t:|1756754947
|switch|p1a: Rillaboom|Rillaboom, L50, F|100/100
|turn|3
|
|t:|1756754961
|switch|p2a: Sneasler|Sneasler, L50, F|100/100
|move|p2b: Volcarona|Protect|p2b: Volcarona
|-singleturn|p2b: Volcarona|Protect
|move|p1a: Rillaboom|Fake Out|p2b: Volcarona
|-activate|p2b: Volcarona|move: Protect
|move|p1b: Archaludon|Electro Shot||[still]
|-prepare|p1b: Archaludon|Electro Shot
|-boost|p1b: Archaludon|spa|1
|-anim|p1b: Archaludon|Electro Shot|p2a: Sneasler
|-damage|p2a: Sneasler|40/100
|
|-weather|RainDance|[upkeep]
|-heal|p2b: Volcarona|43/100|[from] Grassy Terrain
|-heal|p2a: Sneasler|46/100|[from] Grassy Terrain
|upkeep
|turn|4
|inactive|RegalAc3 has 30 seconds left.
|inactive|jorgessitu has 30 seconds left.
|inactive|RegalAc3 has 20 seconds left.
|inactive|jorgessitu has 20 seconds left.
|inactive|jorgessitu has 15 seconds left.
|inactive|jorgessitu has 10 seconds left.
|
|t:|1756755013
|switch|p1a: Maushold|Maushold-Four, L50|100/100
|-terastallize|p2b: Volcarona|Grass
|-terastallize|p1b: Archaludon|Bug
|move|p2b: Volcarona|Giga Drain|p1a: Maushold
|-crit|p1a: Maushold
|-damage|p1a: Maushold|0 fnt
|-heal|p2b: Volcarona|90/100|[from] drain|[of] p1a: Maushold
|faint|p1a: Maushold
|move|p2a: Sneasler|Close Combat|p1b: Archaludon
|-resisted|p1b: Archaludon
|-damage|p1b: Archaludon|76/100
|-unboost|p2a: Sneasler|def|1
|-unboost|p2a: Sneasler|spd|1
|-ability|p1b: Archaludon|Stamina|boost
|-boost|p1b: Archaludon|def|1
|move|p1b: Archaludon|Body Press|p2b: Volcarona
|-damage|p2b: Volcarona|62/100
|-status|p1b: Archaludon|brn|[from] ability: Flame Body|[of] p2b: Volcarona
|
|-weather|RainDance|[upkeep]
|-heal|p2b: Volcarona|67/100|[from] Grassy Terrain
|-heal|p2a: Sneasler|52/100|[from] Grassy Terrain
|-heal|p1b: Archaludon|82/100 brn|[from] Grassy Terrain
|-damage|p1b: Archaludon|76/100 brn|[from] brn
|upkeep
|
|t:|1756755029
|switch|p1a: Rillaboom|Rillaboom, L50, F|100/100
|turn|5
|
|t:|1756755045
|switch|p2a: Rillaboom|Rillaboom, L50, F|90/100
|move|p2b: Volcarona|Protect|p2b: Volcarona
|-singleturn|p2b: Volcarona|Protect
|move|p1a: Rillaboom|Fake Out|p2b: Volcarona
|-activate|p2b: Volcarona|move: Protect
|move|p1b: Archaludon|Electro Shot||[still]
|-prepare|p1b: Archaludon|Electro Shot
|-boost|p1b: Archaludon|spa|1
|-anim|p1b: Archaludon|Electro Shot|p2a: Rillaboom
|-resisted|p2a: Rillaboom
|-damage|p2a: Rillaboom|71/100
|
|-weather|none
|-heal|p2b: Volcarona|73/100|[from] Grassy Terrain
|-heal|p1b: Archaludon|82/100 brn|[from] Grassy Terrain
|-heal|p2a: Rillaboom|77/100|[from] Grassy Terrain
|-damage|p1b: Archaludon|76/100 brn|[from] brn
|-fieldend|move: Grassy Terrain
|upkeep
|turn|6
|
|t:|1756755066
|move|p2a: Rillaboom|Fake Out|p1a: Rillaboom
|-damage|p1a: Rillaboom|87/100
|move|p2b: Volcarona|Heat Wave|p1a: Rillaboom|[spread] p1a,p1b
|-supereffective|p1a: Rillaboom
|-supereffective|p1b: Archaludon
|-damage|p1a: Rillaboom|0 fnt
|-damage|p1b: Archaludon|0 fnt
|faint|p1a: Rillaboom
|faint|p1b: Archaludon
|
|win|jorgessitu
