|j|☆ScrewSalesman
|j|☆chupete goat
|html|ScrewSalesmanchupete goat    
|uhtml|bestof|Game 2 of a best-of-3
|t:|1756439184
|gametype|doubles
|player|p1|ScrewSalesman|cynthia-gen4|1143
|player|p2|chupete goat|steven|1138
|gen|9
|tier|[Gen 9] VGC 2025 Reg H (Bo3)
|rated|
|rule|Species Clause: Limit one of each Pokémon
|rule|Item Clause: Limit 1 of each item
|clearpoke
|poke|p1|Porygon2, L50|
|poke|p1|Incineroar, L50, M|
|poke|p1|Ursaluna, L50, M|
|poke|p1|Jumpluff, L50, M|
|poke|p1|Charizard, L50, F|
|poke|p1|Torkoal, L50, F|
|poke|p2|Grimmsnarl, L50, M|
|poke|p2|Archaludon, L50, F|
|poke|p2|Sinistcha, L50|
|poke|p2|Pelipper, L50, F|
|poke|p2|Maushold, L50|
|poke|p2|Annihilape, L50, M|
|teampreview|4
|showteam|p1|Porygon2||Eviolite|Download|TeraBlast,IceBeam,TrickRoom,Recover||||||50|,,,,,Fighting]Incineroar||SitrusBerry|Intimidate|FakeOut,KnockOff,FlareBlitz,PartingShot|||M|||50|,,,,,Ghost]Ursaluna||FlameOrb|Guts|HeadlongRush,Facade,Earthquake,Protect|||M|||50|,,,,,Ghost]Jumpluff||CovertCloak|Chlorophyll|RagePowder,PollenPuff,Tailwind,SleepPowder|||M|||50|,,,,,Water]Charizard||ChoiceSpecs|SolarPower|HeatWave,Overheat,WeatherBall,DragonPulse|||F|||50|,,,,,Ghost]Torkoal||EjectPack|Drought|Overheat,Eruption,HelpingHand,Protect|||F|||50|,,,,,Fire
|showteam|p2|Grimmsnarl||LightClay|Prankster|SpiritBreak,ThunderWave,Reflect,LightScreen|||M|||50|,,,,,Ghost]Archaludon||AssaultVest|Stamina|ElectroShot,FlashCannon,BodyPress,Snarl|||F|||50|,,,,,Grass]Sinistcha||SitrusBerry|Hospitality|MatchaGotcha,LifeDew,RagePowder,TrickRoom||||||50|,,,,,Dark]Pelipper||FocusSash|Drizzle|Hurricane,WeatherBall,Tailwind,Protect|||F|||50|,,,,,Ghost]Maushold||SafetyGoggles|FriendGuard|BeatUp,Taunt,FollowMe,Protect||||||50|,,,,,Ghost]Annihilape||Leftovers|Defiant|DrainPunch,RageFist,BulkUp,Protect|||M|||50|,,,,,Water
|inactive|Battle timer is ON: inactive players will automatically lose when time's up. (requested by ScrewSalesman)
|
|t:|1756439207
|teamsize|p1|4
|teamsize|p2|4
|start
|switch|p1a: Jumpluff|Jumpluff, L50, M|100/100
|switch|p1b: Charizard|Charizard, L50, F, shiny|100/100
|switch|p2a: Maushold|Maushold, L50|100/100
|switch|p2b: Annihilape|Annihilape, L50, M|100/100
|turn|1
|
|t:|1756439229
|switch|p1a: Torkoal|Torkoal, L50, F|100/100
|-weather|SunnyDay|[from] ability: Drought|[of] p1a: Torkoal
|-terastallize|p2b: Annihilape|Water
|move|p2a: Maushold|Taunt|p1a: Torkoal
|-start|p1a: Torkoal|move: Taunt
|move|p1b: Charizard|Weather Ball|p2a: Maushold
|-damage|p2a: Maushold|0 fnt
|faint|p2a: Maushold
|move|p2b: Annihilape|Bulk Up|p2b: Annihilape
|-boost|p2b: Annihilape|atk|1
|-boost|p2b: Annihilape|def|1
|
|-weather|SunnyDay|[upkeep]
|-damage|p1b: Charizard|88/100|[from] ability: Solar Power|[of] p1b: Charizard
|upkeep
|
|t:|1756439241
|switch|p2a: Pelipper|Pelipper, L50, F|100/100
|-weather|RainDance|[from] ability: Drizzle|[of] p2a: Pelipper
|turn|2
|
|t:|1756439253
|move|p1b: Charizard|Weather Ball|p2a: Pelipper
|-resisted|p2a: Pelipper
|-crit|p2a: Pelipper
|-damage|p2a: Pelipper|15/100
|move|p2b: Annihilape|Bulk Up|p2b: Annihilape
|-boost|p2b: Annihilape|atk|1
|-boost|p2b: Annihilape|def|1
|move|p2a: Pelipper|Weather Ball|p1b: Charizard
|-supereffective|p1b: Charizard
|-damage|p1b: Charizard|0 fnt
|faint|p1b: Charizard
|move|p1a: Torkoal|Overheat|p2a: Pelipper
|-resisted|p2a: Pelipper
|-damage|p2a: Pelipper|0 fnt
|-unboost|p1a: Torkoal|spa|2
|faint|p2a: Pelipper
|-enditem|p1a: Torkoal|Eject Pack
|
|t:|1756439267
|switch|p1a: Ursaluna|Ursaluna, L50, M|100/100
|
|-weather|RainDance|[upkeep]
|-status|p1a: Ursaluna|brn|[from] item: Flame Orb
|upkeep
|
|t:|1756439273
|switch|p1b: Jumpluff|Jumpluff, L50, M|100/100
|switch|p2a: Sinistcha|Sinistcha, L50|100/100
|turn|3
|
|t:|1756439286
|switch|p1a: Torkoal|Torkoal, L50, F|100/100
|-weather|SunnyDay|[from] ability: Drought|[of] p1a: Torkoal
|move|p1b: Jumpluff|Sleep Powder|p2b: Annihilape|[miss]
|-miss|p1b: Jumpluff|p2b: Annihilape
|move|p2b: Annihilape|Rage Fist|p1b: Jumpluff
|-damage|p1b: Jumpluff|55/100
|move|p2a: Sinistcha|Matcha Gotcha|p1a: Torkoal|[spread] p1a,p1b
|-resisted|p1a: Torkoal
|-resisted|p1b: Jumpluff
|-damage|p1a: Torkoal|85/100
|-damage|p1b: Jumpluff|50/100
|
|-weather|SunnyDay|[upkeep]
|upkeep
|turn|4
|
|t:|1756439306
|move|p1b: Jumpluff|Sleep Powder|p2b: Annihilape
|-status|p2b: Annihilape|slp|[from] move: Sleep Powder
|cant|p2b: Annihilape|slp
|move|p2a: Sinistcha|Matcha Gotcha|p1b: Jumpluff|[spread] p1a
|-miss|p2a: Sinistcha|p1b: Jumpluff
|-resisted|p1a: Torkoal
|-damage|p1a: Torkoal|70/100
|move|p1a: Torkoal|Eruption|p2b: Annihilape|[spread] p2a,p2b
|-supereffective|p2a: Sinistcha
|-resisted|p2b: Annihilape
|-damage|p2a: Sinistcha|18/100
|-damage|p2b: Annihilape|80/100 slp
|-enditem|p2a: Sinistcha|Sitrus Berry|[eat]
|-heal|p2a: Sinistcha|43/100|[from] item: Sitrus Berry
|
|-weather|SunnyDay|[upkeep]
|-heal|p2b: Annihilape|86/100 slp|[from] item: Leftovers
|upkeep
|turn|5
|
|t:|1756439327
|move|p1b: Jumpluff|Pollen Puff|p1a: Torkoal
|-heal|p1a: Torkoal|100/100
|cant|p2b: Annihilape|slp
|move|p2a: Sinistcha|Life Dew|p2a: Sinistcha|[spread] p2a,p2b
|-heal|p2a: Sinistcha|68/100
|-heal|p2b: Annihilape|100/100 slp
|move|p1a: Torkoal|Eruption|p2b: Annihilape|[spread] p2a,p2b
|-supereffective|p2a: Sinistcha
|-resisted|p2b: Annihilape
|-crit|p2b: Annihilape
|-damage|p2a: Sinistcha|0 fnt
|-damage|p2b: Annihilape|52/100 slp
|faint|p2a: Sinistcha
|
|-weather|SunnyDay|[upkeep]
|-heal|p2b: Annihilape|58/100 slp|[from] item: Leftovers
|upkeep
|turn|6
|
|t:|1756439348
|-terastallize|p1a: Torkoal|Fire
|move|p1b: Jumpluff|Tailwind|p1b: Jumpluff
|-sidestart|p1: ScrewSalesman|move: Tailwind
|-curestatus|p2b: Annihilape|slp|[msg]
|move|p2b: Annihilape|Rage Fist|p1a: Torkoal
|-damage|p1a: Torkoal|5/100
|move|p1a: Torkoal|Eruption|p2b: Annihilape
|-resisted|p2b: Annihilape
|-damage|p2b: Annihilape|55/100
|
|-weather|SunnyDay|[upkeep]
|-heal|p2b: Annihilape|61/100|[from] item: Leftovers
|upkeep
|turn|7
|
|t:|1756439364
|move|p1b: Jumpluff|Sleep Powder|p2b: Annihilape
|-status|p2b: Annihilape|slp|[from] move: Sleep Powder
|cant|p2b: Annihilape|slp
|move|p1a: Torkoal|Overheat|p2b: Annihilape
|-resisted|p2b: Annihilape
|-damage|p2b: Annihilape|15/100 slp
|-unboost|p1a: Torkoal|spa|2
|
|-weather|none
|-heal|p2b: Annihilape|21/100 slp|[from] item: Leftovers
|upkeep
|turn|8
|
|t:|1756439382
|move|p1b: Jumpluff|Pollen Puff|p2b: Annihilape
|-damage|p2b: Annihilape|9/100 slp
|cant|p2b: Annihilape|slp
|move|p1a: Torkoal|Overheat|p2b: Annihilape
|-resisted|p2b: Annihilape
|-damage|p2b: Annihilape|0 fnt
|-unboost|p1a: Torkoal|spa|2
|faint|p2b: Annihilape
|
|win|ScrewSalesman
||chupete goat is ready for game 3.
||ScrewSalesman is ready for game 3.
|uhtml|next|Next: Game 3 of 3
|l|☆chupete goat
|player|p2|
