|j|☆TheLeoj
|j|☆GS LUIrx
|html|TheLeojGS LUIrx    
|uhtml|bestof|Game 1 of a best-of-3
|t:|1783704392
|gametype|doubles
|player|p1|TheLeoj|2|
|player|p2|GS LUIrx|170|
|gen|9
|tier|[Gen 9 Champions] VGC 2026 Reg M-B (Bo3)
|rule|Species Clause: Limit one of each Pokémon
|rule|Item Clause: Limit 1 of each item
|clearpoke
|poke|p1|Gengar, L50, M, shiny|
|poke|p1|Kommo-o, L50, F, shiny|
|poke|p1|Tinkaton, L50, F, shiny|
|poke|p1|Incineroar, L50, F, shiny|
|poke|p1|Politoed, L50, M, shiny|
|poke|p1|Sinistcha, L50, shiny|
|poke|p2|Sylveon, L50, F, shiny|
|poke|p2|Charizard, L50, M, shiny|
|poke|p2|Aerodactyl, L50, M, shiny|
|poke|p2|Garchomp, L50, F, shiny|
|poke|p2|Incineroar, L50, F, shiny|
|poke|p2|Farigiraf, L50, M, shiny|
|teampreview|4
|showteam|p1|Gengar||Gengarite|CursedBody|Disable,PerishSong,Protect,ShadowBall|Timid||M|||50|]Kommo-o||Leftovers|Soundproof|ClangingScales,ClangorousSoul,AuraSphere,Protect|Modest||F|||50|]Tinkaton||ShucaBerry|MoldBreaker|GigatonHammer,FakeOut,Protect,Encore|Jolly||F|||50|]Incineroar||PasshoBerry|Intimidate|FakeOut,ThroatChop,Protect,PartingShot|Careful||F|||50|]Politoed||SitrusBerry|Drizzle|PerishSong,WeatherBall,Protect,Encore|Bold||M|||50|]Sinistcha||KasibBerry|Hospitality|RagePowder,LifeDew,MatchaGotcha,Protect|Relaxed|||||50|
|showteam|p2|Sylveon||FairyFeather|Pixilate|HyperVoice,Detect,Yawn,QuickAttack|Modest||F|||50|]Charizard||CharizarditeY|Blaze|Protect,SolarBeam,HeatWave,WeatherBall|Modest||M|||50|]Aerodactyl||FocusSash|Unnerve|WideGuard,Tailwind,Protect,RockSlide|Jolly||M|||50|]Garchomp||LifeOrb|RoughSkin|DragonClaw,Protect,Earthquake,RockSlide|Jolly||F|||50|]Incineroar||Charcoal|Intimidate|DarkestLariat,FakeOut,PartingShot,FlareBlitz|Brave||F|||50|]Farigiraf||SitrusBerry|ArmorTail|HelpingHand,Protect,TrickRoom,Thunderbolt|Calm||M|||50|
|l|☆TheLeoj
|player|p1|
|j|☆TheLeoj
|player|p1|TheLeoj|2|
|
|t:|1783704512
|teamsize|p1|4
|teamsize|p2|4
|start
|switch|p1a: Gengar|Gengar, L50, M, shiny|100/100
|switch|p1b: Tinkaton|Tinkaton, L50, F, shiny|100/100
|switch|p2a: Incineroar|Incineroar, L50, F, shiny|100/100
|switch|p2b: Aerodactyl|Aerodactyl, L50, M, shiny|100/100
|-ability|p2b: Aerodactyl|Unnerve
|-ability|p1b: Tinkaton|Mold Breaker
|-ability|p2a: Incineroar|Intimidate|boost
|-unboost|p1a: Gengar|atk|1
|-unboost|p1b: Tinkaton|atk|1
|turn|1
|
|t:|1783704569
|detailschange|p1a: Gengar|Gengar-Mega, L50, M, shiny
|-mega|p1a: Gengar|Gengar|Gengarite
|move|p1a: Gengar|Protect|p1a: Gengar
|-singleturn|p1a: Gengar|Protect
|move|p1b: Tinkaton|Fake Out|p2b: Aerodactyl
|-resisted|p2b: Aerodactyl|1
|-damage|p2b: Aerodactyl|95/100
|move|p2a: Incineroar|Fake Out|p1b: Tinkaton
|-resisted|p1b: Tinkaton|1
|-damage|p1b: Tinkaton|92/100
|cant|p2b: Aerodactyl|flinch
|
|upkeep
|turn|2
|
|t:|1783704620
|move|p2b: Aerodactyl|Tailwind|p2b: Aerodactyl
|-sidestart|p2: GS LUIrx|move: Tailwind
|move|p1a: Gengar|Perish Song|p1a: Gengar
|-start|p1a: Gengar|perish3|[silent]
|-start|p1b: Tinkaton|perish3|[silent]
|-start|p2a: Incineroar|perish3|[silent]
|-start|p2b: Aerodactyl|perish3|[silent]
|-fieldactivate|move: Perish Song
|move|p1b: Tinkaton|Gigaton Hammer|p2b: Aerodactyl
|-supereffective|p2b: Aerodactyl|1
|-damage|p2b: Aerodactyl|0 fnt
|faint|p2b: Aerodactyl
|move|p2a: Incineroar|Darkest Lariat|p1a: Gengar
|-supereffective|p1a: Gengar|1
|-damage|p1a: Gengar|1/100
|
|-start|p1a: Gengar|perish3
|-start|p1b: Tinkaton|perish3
|-start|p2a: Incineroar|perish3
|upkeep
|
|t:|1783704640
|switch|p2b: Garchomp|Garchomp, L50, F, shiny|100/100
|turn|3
|
|t:|1783704682
|move|p2b: Garchomp|Protect|p2b: Garchomp
|-singleturn|p2b: Garchomp|Protect
|move|p1a: Gengar|Protect|p1a: Gengar
|-singleturn|p1a: Gengar|Protect
|move|p1b: Tinkaton|Protect|p1b: Tinkaton
|-singleturn|p1b: Tinkaton|Protect
|move|p2a: Incineroar|Flare Blitz|p1b: Tinkaton
|-activate|p1b: Tinkaton|move: Protect
|
|-start|p1a: Gengar|perish2
|-start|p1b: Tinkaton|perish2
|-start|p2a: Incineroar|perish2
|upkeep
|turn|4
|
|t:|1783704709
|switch|p1a: Politoed|Politoed, L50, M, shiny|100/100
|-weather|RainDance|[from] ability: Drizzle|[of] p1a: Politoed
|switch|p1b: Kommo-o|Kommo-o, L50, F, shiny|100/100
|move|p2b: Garchomp|Rock Slide|p1a: Politoed|[spread] p1a,p1b
|-resisted|p1b: Kommo-o|1
|-damage|p1a: Politoed|79/100
|-damage|p1b: Kommo-o|88/100
|-damage|p2b: Garchomp|90/100|[from] item: Life Orb
|move|p2a: Incineroar|Flare Blitz|p1b: Kommo-o
|-resisted|p1b: Kommo-o|1
|-damage|p1b: Kommo-o|69/100
|-damage|p2a: Incineroar|95/100|[from] Recoil
|
|-weather|RainDance|[upkeep]
|-heal|p1b: Kommo-o|75/100|[from] item: Leftovers
|-start|p2a: Incineroar|perish1
|upkeep
|turn|5
|
|t:|1783704745
|switch|p2a: Sylveon|Sylveon, L50, F, shiny|100/100
|move|p2b: Garchomp|Protect|p2b: Garchomp
|-singleturn|p2b: Garchomp|Protect
|move|p1b: Kommo-o|Protect|p1b: Kommo-o
|-singleturn|p1b: Kommo-o|Protect
|move|p1a: Politoed|Weather Ball|p2a: Sylveon
|-crit|p2a: Sylveon
|-damage|p2a: Sylveon|51/100
|
|-weather|RainDance|[upkeep]
|-heal|p1b: Kommo-o|80/100|[from] item: Leftovers
|-sideend|p2: GS LUIrx|move: Tailwind
|upkeep
|turn|6
|
|t:|1783704779
|switch|p1b: Tinkaton|Tinkaton, L50, F, shiny|92/100
|-ability|p1b: Tinkaton|Mold Breaker
|move|p2b: Garchomp|Dragon Claw|p1b: Tinkaton
|-immune|p1b: Tinkaton
|move|p1a: Politoed|Weather Ball|p2a: Sylveon
|-damage|p2a: Sylveon|16/100
|move|p2a: Sylveon|Hyper Voice|p1a: Politoed|[spread] p1a,p1b
|-resisted|p1b: Tinkaton|1
|-damage|p1a: Politoed|37/100
|-damage|p1b: Tinkaton|69/100
|-enditem|p1a: Politoed|Sitrus Berry|[eat]
|-heal|p1a: Politoed|61/100|[from] item: Sitrus Berry
|
|-weather|RainDance|[upkeep]
|upkeep
|turn|7
|
|t:|1783704809
|switch|p2a: Incineroar|Incineroar, L50, F, shiny|95/100
|-ability|p2a: Incineroar|Intimidate|boost
|-unboost|p1a: Politoed|atk|1
|-unboost|p1b: Tinkaton|atk|1
|move|p2b: Garchomp|Protect|p2b: Garchomp
|-singleturn|p2b: Garchomp|Protect
|move|p1b: Tinkaton|Fake Out|p2b: Garchomp
|-activate|p2b: Garchomp|move: Protect
|move|p1a: Politoed|Weather Ball|p2a: Incineroar
|-supereffective|p2a: Incineroar|1
|-damage|p2a: Incineroar|7/100
|
|-weather|RainDance|[upkeep]
|upkeep
|turn|8
|
|t:|1783704841
|move|p1b: Tinkaton|Protect|p1b: Tinkaton
|-singleturn|p1b: Tinkaton|Protect
|move|p2b: Garchomp|Earthquake|p1b: Tinkaton|[spread] p2a,p1a
|-activate|p1b: Tinkaton|move: Protect
|-supereffective|p2a: Incineroar|1
|-damage|p2a: Incineroar|0 fnt
|-damage|p1a: Politoed|21/100
|faint|p2a: Incineroar
|-damage|p2b: Garchomp|80/100|[from] item: Life Orb
|move|p1a: Politoed|Weather Ball|p2b: Garchomp
|-damage|p2b: Garchomp|24/100
|
|-weather|none
|upkeep
|
|t:|1783704856
|switch|p2a: Sylveon|Sylveon, L50, F, shiny|16/100
|turn|9
|
|t:|1783704899
|switch|p1b: Kommo-o|Kommo-o, L50, F, shiny|80/100
|move|p2b: Garchomp|Rock Slide|p1b: Kommo-o|[spread] p1a,p1b
|-resisted|p1b: Kommo-o|1
|-damage|p1a: Politoed|1/100
|-damage|p1b: Kommo-o|68/100
|-damage|p2b: Garchomp|14/100|[from] item: Life Orb
|move|p1a: Politoed|Weather Ball|p2b: Garchomp
|-damage|p2b: Garchomp|1/100
|move|p2a: Sylveon|Hyper Voice|p1b: Kommo-o|[spread] p1a
|-immune|p1b: Kommo-o|[from] ability: Soundproof
|-damage|p1a: Politoed|0 fnt
|faint|p1a: Politoed
|
|-heal|p1b: Kommo-o|74/100|[from] item: Leftovers
|upkeep
|
|t:|1783704922
|switch|p1a: Tinkaton|Tinkaton, L50, F, shiny|69/100
|-ability|p1a: Tinkaton|Mold Breaker
|turn|10
|
|t:|1783704947
|move|p2b: Garchomp|Protect|p2b: Garchomp
|-singleturn|p2b: Garchomp|Protect
|move|p1a: Tinkaton|Fake Out|p2b: Garchomp
|-activate|p2b: Garchomp|move: Protect
|move|p2a: Sylveon|Quick Attack|p1b: Kommo-o
|-supereffective|p1b: Kommo-o|2
|-damage|p1b: Kommo-o|24/100
|move|p1b: Kommo-o|Aura Sphere|p2a: Sylveon
|-resisted|p2a: Sylveon|1
|-damage|p2a: Sylveon|3/100
|
|-heal|p1b: Kommo-o|30/100|[from] item: Leftovers
|upkeep
|turn|11
|
|t:|1783704981
|move|p2b: Garchomp|Protect||[still]
|-fail|p2b: Garchomp
|move|p1a: Tinkaton|Protect|p1a: Tinkaton
|-singleturn|p1a: Tinkaton|Protect
|move|p1b: Kommo-o|Protect|p1b: Kommo-o
|-singleturn|p1b: Kommo-o|Protect
|move|p2a: Sylveon|Hyper Voice|p1b: Kommo-o|[spread] 
|-activate|p1a: Tinkaton|move: Protect
|-activate|p1b: Kommo-o|move: Protect
|
|-heal|p1b: Kommo-o|36/100|[from] item: Leftovers
|upkeep
|turn|12
|
|t:|1783705008
|move|p2b: Garchomp|Protect|p2b: Garchomp
|-singleturn|p2b: Garchomp|Protect
|move|p2a: Sylveon|Quick Attack|p1b: Kommo-o
|-supereffective|p1b: Kommo-o|2
|-damage|p1b: Kommo-o|0 fnt
|faint|p1b: Kommo-o
|move|p1a: Tinkaton|Gigaton Hammer|p2a: Sylveon
|-supereffective|p2a: Sylveon|1
|-damage|p2a: Sylveon|0 fnt
|faint|p2a: Sylveon
|
|upkeep
|
|t:|1783705020
|switch|p1b: Gengar|Gengar-Mega, L50, M, shiny|1/100
|turn|13
|
|t:|1783705028
|move|p1a: Tinkaton|Protect|p1a: Tinkaton
|-singleturn|p1a: Tinkaton|Protect
|move|p1b: Gengar|Shadow Ball|p2b: Garchomp
|-damage|p2b: Garchomp|0 fnt
|faint|p2b: Garchomp
|
|win|TheLeoj
