|j|☆TobiYume
|j|☆spacesnake11
|html|TobiYumespacesnake11    
|uhtml|bestof|Game 1 of a best-of-3
|t:|1757180670
|gametype|doubles
|player|p1|TobiYume|roxie|1141
|player|p2|spacesnake11|169|1185
|gen|9
|tier|[Gen 9] VGC 2025 Reg H (Bo3)
|rated|
|rule|Species Clause: Limit one of each Pokémon
|rule|Item Clause: Limit 1 of each item
|clearpoke
|poke|p1|Garchomp, L50, M|
|poke|p1|Talonflame, L50, F|
|poke|p1|Sylveon, L50, F|
|poke|p1|Tyranitar, L50, M|
|poke|p1|Decidueye-Hisui, L50, F|
|poke|p1|Gholdengo, L50|
|poke|p2|Porygon2, L50|
|poke|p2|Ursaluna, L50, F|
|poke|p2|Incineroar, L50, F|
|poke|p2|Amoonguss, L50, F|
|poke|p2|Gholdengo, L50|
|poke|p2|Hydreigon, L50, F|
|teampreview|4
|showteam|p1|Garchomp||LifeOrb|RoughSkin|DragonClaw,StompingTantrum,Earthquake,Protect|||M|||50|,,,,,Steel]Talonflame||CovertCloak|GaleWings|Tailwind,WillOWisp,BraveBird,Taunt|||F|||50|,,,,,Grass]Sylveon||ThroatSpray|Pixilate|HyperVoice,HyperBeam,TeraBlast,Protect|||F|||50|,,,,,Water]Tyranitar||AssaultVest|SandStream|RockSlide,KnockOff,TeraBlast,LowKick|||M|||50|,,,,,Flying]Decidueye-Hisui||RazorClaw|Scrappy|TripleArrows,LeafBlade,SuckerPunch,Protect|||F|||50|,,,,,Fire]Gholdengo||Leftovers|GoodasGold|MakeItRain,ShadowBall,NastyPlot,Protect||||||50|,,,,,Dragon
|showteam|p2|Porygon2||Eviolite|Download|TeraBlast,IceBeam,TrickRoom,Recover||||||50|,,,,,Fighting]Ursaluna||FlameOrb|Guts|Facade,HeadlongRush,Earthquake,Protect|||F|||50|,,,,,Ghost]Incineroar||SitrusBerry|Intimidate|FakeOut,KnockOff,FlareBlitz,PartingShot|||F|||50|,,,,,Ghost]Amoonguss||RockyHelmet|Regenerator|Spore,RagePowder,PollenPuff,Protect|||F|||50|,,,,,Fairy]Gholdengo||MetalCoat|GoodasGold|MakeItRain,ShadowBall,NastyPlot,Protect||||||50|,,,,,Water]Hydreigon||SafetyGoggles|Levitate|DracoMeteor,Snarl,Tailwind,Protect|||F|||50|,,,,,Ghost
|
|t:|1757180718
|teamsize|p1|4
|teamsize|p2|4
|start
|switch|p1a: Elie|Talonflame, L50, F|100/100
|switch|p1b: Wazy|Gholdengo, L50|100/100
|switch|p2a: Porygon2|Porygon2, L50|100/100
|switch|p2b: Incineroar|Incineroar, L50, F|100/100
|-ability|p2b: Incineroar|Intimidate|boost
|-unboost|p1a: Elie|atk|1
|-unboost|p1b: Wazy|atk|1
|-ability|p2a: Porygon2|Download|boost
|-boost|p2a: Porygon2|spa|1
|turn|1
|
|t:|1757180768
|switch|p1b: Noel|Decidueye-Hisui, L50, F|100/100
|move|p1a: Elie|Taunt|p2a: Porygon2
|-start|p2a: Porygon2|move: Taunt
|move|p2b: Incineroar|Knock Off|p1b: Noel
|-resisted|p1b: Noel
|-damage|p1b: Noel|75/100
|-enditem|p1b: Noel|Razor Claw|[from] move: Knock Off|[of] p2b: Incineroar
|move|p2a: Porygon2|Ice Beam|p1b: Noel
|-supereffective|p1b: Noel
|-damage|p1b: Noel|0 fnt
|faint|p1b: Noel
|
|upkeep
|
|t:|1757180781
|switch|p1b: Randy|Tyranitar, L50, M|100/100
|-weather|Sandstorm|[from] ability: Sand Stream|[of] p1b: Randy
|turn|2
|
|t:|1757180825
|move|p1a: Elie|Taunt|p2b: Incineroar
|-start|p2b: Incineroar|move: Taunt
|cant|p2b: Incineroar|move: Taunt|Parting Shot
|move|p1b: Randy|Rock Slide|p2a: Porygon2|[spread] p2a,p2b
|-supereffective|p2b: Incineroar
|-crit|p2b: Incineroar
|-damage|p2a: Porygon2|80/100
|-damage|p2b: Incineroar|16/100
|-enditem|p2b: Incineroar|Sitrus Berry|[eat]
|-heal|p2b: Incineroar|41/100|[from] item: Sitrus Berry
|move|p2a: Porygon2|Tera Blast|p1a: Elie
|-damage|p1a: Elie|31/100
|
|-weather|Sandstorm|[upkeep]
|-damage|p1a: Elie|25/100|[from] Sandstorm
|-damage|p2b: Incineroar|35/100|[from] Sandstorm
|-damage|p2a: Porygon2|73/100|[from] Sandstorm
|upkeep
|turn|3
|
|t:|1757180843
|switch|p2b: Ursaluna|Ursaluna, L50, F|100/100
|move|p1a: Elie|Brave Bird|p2a: Porygon2
|-damage|p2a: Porygon2|58/100
|-damage|p1a: Elie|19/100|[from] Recoil
|move|p1b: Randy|Rock Slide|p2b: Ursaluna|[spread] p2a,p2b
|-resisted|p2b: Ursaluna
|-damage|p2a: Porygon2|39/100
|-damage|p2b: Ursaluna|88/100
|move|p2a: Porygon2|Tera Blast|p1a: Elie
|-damage|p1a: Elie|0 fnt
|faint|p1a: Elie
|
|-weather|Sandstorm|[upkeep]
|-damage|p2a: Porygon2|32/100|[from] Sandstorm
|-end|p2a: Porygon2|move: Taunt
|-status|p2b: Ursaluna|brn|[from] item: Flame Orb
|upkeep
|
|t:|1757180854
|switch|p1a: Wazy|Gholdengo, L50|100/100
|turn|4
|
|t:|1757180876
|switch|p2a: Incineroar|Incineroar, L50, F|35/100
|-ability|p2a: Incineroar|Intimidate|boost
|-unboost|p1a: Wazy|atk|1
|-unboost|p1b: Randy|atk|1
|move|p1a: Wazy|Make It Rain|p2a: Incineroar|[spread] p2a,p2b
|-resisted|p2a: Incineroar
|-damage|p2a: Incineroar|17/100
|-damage|p2b: Ursaluna|49/100 brn
|-unboost|p1a: Wazy|spa|1
|move|p1b: Randy|Knock Off|p2b: Ursaluna
|-damage|p2b: Ursaluna|22/100 brn
|-enditem|p2b: Ursaluna|Flame Orb|[from] move: Knock Off|[of] p1b: Randy
|move|p2b: Ursaluna|Headlong Rush|p1a: Wazy
|-supereffective|p1a: Wazy
|-damage|p1a: Wazy|0 fnt
|-unboost|p2b: Ursaluna|def|1
|-unboost|p2b: Ursaluna|spd|1
|faint|p1a: Wazy
|
|-weather|Sandstorm|[upkeep]
|-damage|p2a: Incineroar|11/100|[from] Sandstorm
|-damage|p2b: Ursaluna|16/100 brn|[from] brn
|upkeep
|turn|5
|-message|TobiYume forfeited.
|
|win|spacesnake11
||TobiYume is ready for game 2.
||spacesnake11 is ready for game 2.
|uhtml|next|Next: Game 2 of 3
|l|☆spacesnake11
|player|p2|
