|j|☆CosmicIvy3
|j|☆EthernetSac
|html|CosmicIvy3EthernetSac    
|uhtml|bestof|Game 1 of a best-of-3
|t:|1757828779
|gametype|doubles
|player|p1|CosmicIvy3|gambler|1094
|player|p2|EthernetSac|sonia-professor|1147
|gen|9
|tier|[Gen 9] VGC 2025 Reg H (Bo3)
|rated|
|rule|Species Clause: Limit one of each Pokémon
|rule|Item Clause: Limit 1 of each item
|clearpoke
|poke|p1|Dragonite, L50, F|
|poke|p1|Gholdengo, L50|
|poke|p1|Ursaluna, L50, M|
|poke|p1|Sinistcha, L50|
|poke|p1|Pelipper, L50, M|
|poke|p1|Archaludon, L50, M|
|poke|p2|Serperior, L50, M|
|poke|p2|Ninetales-Alola, L50, M|
|poke|p2|Gholdengo, L50|
|poke|p2|Ursaluna, L50, F|
|poke|p2|Dragonite, L50, F|
|poke|p2|Sneasler, L50, M|
|teampreview|4
|showteam|p1|Dragonite||LoadedDice|Multiscale|ScaleShot,Tailwind,Haze,Protect|||F|||50|,,,,,Fairy]Gholdengo||ChoiceScarf|GoodasGold|MakeItRain,ShadowBall,Trick,TeraBlast||||||50|,,,,,Water]Ursaluna||FlameOrb|Guts|Facade,HeadlongRush,Protect,Earthquake|||M|||50|,,,,,Ghost]Sinistcha||SitrusBerry|Hospitality|MatchaGotcha,RagePowder,LifeDew,TrickRoom||||||50|,,,,,Dark]Pelipper||FocusSash|Drizzle|MuddyWater,Hurricane,WideGuard,Protect|||M|||50|,,,,,Steel]Archaludon||AssaultVest|Stamina|ElectroShot,DracoMeteor,BodyPress,Snarl|||M|||50|,,,,,Fighting
|showteam|p2|Serperior||CovertCloak|Contrary|Protect,Glare,Taunt,LeafStorm|||M|||50|,,,,,Fire]Ninetales-Alola||LightClay|SnowWarning|Protect,Blizzard,Moonblast,AuroraVeil|||M|||50|,,,,,Ghost]Gholdengo||MetalCoat|GoodasGold|Protect,NastyPlot,MakeItRain,ShadowBall||||||50|,,,,,Water]Ursaluna||FlameOrb|Guts|Protect,HeadlongRush,Earthquake,Facade|||F|||50|,,,,,Ghost]Dragonite||LoadedDice|Multiscale|ScaleShot,Tailwind,Haze,Protect|||F|||50|,,,,,Dragon]Sneasler||FocusSash|Unburden|CloseCombat,DireClaw,Coaching,Protect|||M|||50|,,,,,Ghost
|
|t:|1757828839
|teamsize|p1|4
|teamsize|p2|4
|start
|switch|p1a: Gholdengo|Gholdengo, L50|100/100
|switch|p1b: Dragonite|Dragonite, L50, F|100/100
|switch|p2a: Dragonite|Dragonite, L50, F|100/100
|switch|p2b: Serperior|Serperior, L50, M, shiny|100/100
|turn|1
|
|t:|1757828874
|-terastallize|p1b: Dragonite|Fairy
|move|p2a: Dragonite|Protect|p2a: Dragonite
|-singleturn|p2a: Dragonite|Protect
|move|p1a: Gholdengo|Make It Rain|p2a: Dragonite|[spread] p2b
|-activate|p2a: Dragonite|move: Protect
|-damage|p2b: Serperior|49/100
|-unboost|p1a: Gholdengo|spa|1
|move|p2b: Serperior|Glare|p1b: Dragonite
|-status|p1b: Dragonite|par
|move|p1b: Dragonite|Scale Shot|p2a: Dragonite
|-activate|p2a: Dragonite|move: Protect
|
|upkeep
|turn|2
|
|t:|1757828900
|move|p1a: Gholdengo|Make It Rain|p2b: Serperior|[spread] p2a,p2b
|-damage|p2a: Dragonite|82/100
|-damage|p2b: Serperior|15/100
|-unboost|p1a: Gholdengo|spa|1
|move|p2b: Serperior|Leaf Storm|p1b: Dragonite
|-damage|p1b: Dragonite|83/100 par
|-boost|p2b: Serperior|spa|2
|move|p2a: Dragonite|Tailwind|p2a: Dragonite
|-sidestart|p2: EthernetSac|move: Tailwind
|move|p1b: Dragonite|Scale Shot|p2a: Dragonite
|-supereffective|p2a: Dragonite
|-damage|p2a: Dragonite|50/100
|-supereffective|p2a: Dragonite
|-damage|p2a: Dragonite|20/100
|-supereffective|p2a: Dragonite
|-crit|p2a: Dragonite
|-damage|p2a: Dragonite|0 fnt
|faint|p2a: Dragonite
|-hitcount|p2: Dragonite|3
|-unboost|p1b: Dragonite|def|1
|-boost|p1b: Dragonite|spe|1
|
|upkeep
|
|t:|1757828913
|switch|p2a: Ursaluna|Ursaluna, L50, F|100/100
|turn|3
|
|t:|1757828935
|switch|p1a: Pelipper|Pelipper, L50, M, shiny|100/100
|-weather|RainDance|[from] ability: Drizzle|[of] p1a: Pelipper
|move|p2b: Serperior|Protect|p2b: Serperior
|-singleturn|p2b: Serperior|Protect
|move|p2a: Ursaluna|Headlong Rush|p1b: Dragonite
|-damage|p1b: Dragonite|0 fnt
|-unboost|p2a: Ursaluna|def|1
|-unboost|p2a: Ursaluna|spd|1
|faint|p1b: Dragonite
|
|-weather|RainDance|[upkeep]
|-status|p2a: Ursaluna|brn|[from] item: Flame Orb
|upkeep
|
|t:|1757828954
|switch|p1b: Gholdengo|Gholdengo, L50|100/100
|turn|4
|
|t:|1757828976
|move|p2b: Serperior|Leaf Storm|p1a: Pelipper
|-enditem|p1a: Pelipper|Focus Sash
|-damage|p1a: Pelipper|1/100
|-boost|p2b: Serperior|spa|2
|move|p1b: Gholdengo|Make It Rain|p2b: Serperior|[spread] p2a,p2b
|-damage|p2a: Ursaluna|28/100 brn
|-damage|p2b: Serperior|0 fnt
|-unboost|p1b: Gholdengo|spa|1
|faint|p2b: Serperior
|move|p2a: Ursaluna|Headlong Rush|p1b: Gholdengo
|-supereffective|p1b: Gholdengo
|-damage|p1b: Gholdengo|0 fnt
|-unboost|p2a: Ursaluna|def|1
|-unboost|p2a: Ursaluna|spd|1
|faint|p1b: Gholdengo
|move|p1a: Pelipper|Muddy Water|p2a: Ursaluna
|-supereffective|p2a: Ursaluna
|-damage|p2a: Ursaluna|0 fnt
|faint|p2a: Ursaluna
|
|-weather|RainDance|[upkeep]
|upkeep
|
|t:|1757828998
|switch|p2b: Ninetales|Ninetales-Alola, L50, M|100/100
|switch|p1b: Archaludon|Archaludon, L50, M, shiny|100/100
|-weather|Snowscape|[from] ability: Snow Warning|[of] p2b: Ninetales
|turn|5
|
|t:|1757829023
|-terastallize|p2b: Ninetales|Ghost
|move|p1a: Pelipper|Wide Guard|p1a: Pelipper
|-singleturn|p1a: Pelipper|Wide Guard
|move|p2b: Ninetales|Moonblast|p1b: Archaludon
|-damage|p1b: Archaludon|74/100
|-unboost|p1b: Archaludon|spa|1
|-ability|p1b: Archaludon|Stamina|boost
|-boost|p1b: Archaludon|def|1
|move|p1b: Archaludon|Body Press|p2b: Ninetales
|-immune|p2b: Ninetales
|
|-weather|Snowscape|[upkeep]
|-sideend|p2: EthernetSac|move: Tailwind
|upkeep
|turn|6
|
|t:|1757829053
|move|p2b: Ninetales|Blizzard|p1a: Pelipper|[spread] p1a,p1b
|-damage|p1a: Pelipper|0 fnt
|-damage|p1b: Archaludon|52/100
|-ability|p1b: Archaludon|Stamina|boost
|-boost|p1b: Archaludon|def|1
|faint|p1a: Pelipper
|move|p1b: Archaludon|Electro Shot||[still]
|-prepare|p1b: Archaludon|Electro Shot
|-boost|p1b: Archaludon|spa|1
|
|-weather|Snowscape|[upkeep]
|upkeep
|turn|7
|
|t:|1757829068
|move|p2b: Ninetales|Moonblast|p1b: Archaludon
|-damage|p1b: Archaludon|23/100
|-unboost|p1b: Archaludon|spa|1
|-ability|p1b: Archaludon|Stamina|boost
|-boost|p1b: Archaludon|def|1
|move|p1b: Archaludon|Electro Shot|p2b: Ninetales|[from] lockedmove
|-damage|p2b: Ninetales|74/100
|
|-weather|Snowscape|[upkeep]
|upkeep
|turn|8
|
|t:|1757829079
|move|p2b: Ninetales|Moonblast|p1b: Archaludon
|-damage|p1b: Archaludon|0 fnt
|faint|p1b: Archaludon
|
|win|EthernetSac
||EthernetSac is ready for game 2.
||CosmicIvy3 is ready for game 2.
|uhtml|next|Next: Game 2 of 3
