|j|☆sguarracriaturi
|j|☆Viridian Q
|html|sguarracriaturiViridian Q    
|uhtml|bestof|Game 1 of a best-of-3
|t:|1756378567
|gametype|doubles
|player|p1|sguarracriaturi|266|1049
|player|p2|Viridian Q|266|1090
|gen|9
|tier|[Gen 9] VGC 2025 Reg H (Bo3)
|rated|
|rule|Species Clause: Limit one of each Pokémon
|rule|Item Clause: Limit 1 of each item
|clearpoke
|poke|p1|Ursaluna, L50, M|
|poke|p1|Gholdengo, L50|
|poke|p1|Porygon2, L50|
|poke|p1|Amoonguss, L50, F|
|poke|p1|Incineroar, L50, F|
|poke|p1|Hydreigon, L50, F|
|poke|p2|Farigiraf, L50, F|
|poke|p2|Ursaluna-Bloodmoon, L50, M|
|poke|p2|Incineroar, L50, F|
|poke|p2|Archaludon, L50, F|
|poke|p2|Ninetales-Alola, L50, F|
|poke|p2|Annihilape, L50, F|
|teampreview|4
|showteam|p1|Ursaluna||FlameOrb|Guts|Facade,Earthquake,HeadlongRush,Protect|||M|||50|,,,,,Fairy]Gholdengo||MetalCoat|GoodasGold|MakeItRain,ShadowBall,NastyPlot,Protect||||||50|,,,,,Flying]Porygon2||Eviolite|Download|TeraBlast,IceBeam,TrickRoom,Recover||||||50|,,,,,Fighting]Amoonguss||CovertCloak|Regenerator|PollenPuff,Spore,RagePowder,Protect|||F|||50|,,,,,Fire]Incineroar||SitrusBerry|Intimidate|FlareBlitz,KnockOff,PartingShot,FakeOut|||F|||50|,,,,,Grass]Hydreigon||SafetyGoggles|Levitate|DracoMeteor,Snarl,Tailwind,Protect|||F|||50|,,,,,Ghost
|showteam|p2|Farigiraf||ThroatSpray|ArmorTail|HyperVoice,Psychic,TrickRoom,Protect|||F|||50|,,,,,Fairy]Ursaluna-Bloodmoon||AssaultVest|MindsEye|EarthPower,BloodMoon,HyperVoice,VacuumWave|||M|||50|,,,,,Ghost]Incineroar||SafetyGoggles|Intimidate|FlareBlitz,KnockOff,PartingShot,FakeOut|||F|||50|,,,,,Ghost]Archaludon||PowerHerb|Stalwart|FlashCannon,DragonPulse,ElectroShot,Protect|||F|||50|,,,,,Stellar]Ninetales-Alola||CovertCloak|SnowWarning|Blizzard,AuroraVeil,Encore,Protect|||F|||50|,,,,,Water]Annihilape||ChoiceScarf|Defiant|CloseCombat,FinalGambit,RageFist,Uturn|||F|||50|,,,,,Grass
|l|☆Viridian Q
|player|p2|
|inactive|Battle timer is ON: inactive players will automatically lose when time's up. (requested by sguarracriaturi)
|j|☆Viridian Q
|inactive|Viridian Q reconnected.
|player|p2|Viridian Q|266|
|inactive|sguarracriaturi has 60 seconds left.
|
|t:|1756378688
|teamsize|p1|4
|teamsize|p2|4
|start
|switch|p1a: Gholdengo|Gholdengo, L50|100/100
|switch|p1b: Amoonguss|Amoonguss, L50, F|100/100
|switch|p2a: Ninetales|Ninetales-Alola, L50, F|100/100
|switch|p2b: Ursaluna|Ursaluna-Bloodmoon, L50, M|100/100
|-weather|Snowscape|[from] ability: Snow Warning|[of] p2a: Ninetales
|turn|1
|inactive|sguarracriaturi has 30 seconds left.
|inactive|Viridian Q has 30 seconds left.
|inactive|sguarracriaturi has 20 seconds left.
|
|t:|1756378727
|move|p2a: Ninetales|Aurora Veil|p2a: Ninetales
|-sidestart|p2: Viridian Q|move: Aurora Veil
|move|p1a: Gholdengo|Nasty Plot|p1a: Gholdengo
|-boost|p1a: Gholdengo|spa|2
|move|p2b: Ursaluna|Blood Moon|p1b: Amoonguss
|-damage|p1b: Amoonguss|41/100
|move|p1b: Amoonguss|Spore|p2b: Ursaluna
|-status|p2b: Ursaluna|slp|[from] move: Spore
|
|-weather|Snowscape|[upkeep]
|upkeep
|turn|2
|inactive|sguarracriaturi has 30 seconds left.
|
|t:|1756378760
|switch|p2a: Incineroar|Incineroar, L50, F|100/100
|-ability|p2a: Incineroar|Intimidate|boost
|-unboost|p1a: Gholdengo|atk|1
|-unboost|p1b: Amoonguss|atk|1
|switch|p1b: Porygon2|Porygon2, L50|100/100
|-ability|p1b: Porygon2|Download|boost
|-boost|p1b: Porygon2|spa|1
|move|p1a: Gholdengo|Nasty Plot|p1a: Gholdengo
|-boost|p1a: Gholdengo|spa|2
|cant|p2b: Ursaluna|slp
|
|-weather|Snowscape|[upkeep]
|upkeep
|turn|3
|
|t:|1756378783
|move|p1a: Gholdengo|Protect|p1a: Gholdengo
|-singleturn|p1a: Gholdengo|Protect
|move|p2a: Incineroar|Fake Out|p1b: Porygon2
|-damage|p1b: Porygon2|93/100
|cant|p1b: Porygon2|flinch
|-curestatus|p2b: Ursaluna|slp|[msg]
|move|p2b: Ursaluna|Earth Power|p1a: Gholdengo
|-activate|p1a: Gholdengo|move: Protect
|
|-weather|Snowscape|[upkeep]
|upkeep
|turn|4
|inactive|sguarracriaturi has 30 seconds left.
|inactive|sguarracriaturi has 20 seconds left.
|inactive|sguarracriaturi has 15 seconds left.
|inactive|sguarracriaturi has 10 seconds left.
|inactive|sguarracriaturi has 5 seconds left.
|
|t:|1756378834
|-terastallize|p1a: Gholdengo|Flying
|move|p1a: Gholdengo|Make It Rain|p2b: Ursaluna|[spread] p2a,p2b
|-resisted|p2a: Incineroar
|-damage|p2a: Incineroar|44/100
|-damage|p2b: Ursaluna|28/100
|-unboost|p1a: Gholdengo|spa|1
|move|p2a: Incineroar|Knock Off|p1a: Gholdengo
|-crit|p1a: Gholdengo
|-damage|p1a: Gholdengo|46/100
|-enditem|p1a: Gholdengo|Metal Coat|[from] move: Knock Off|[of] p2a: Incineroar
|move|p1b: Porygon2|Ice Beam|p2b: Ursaluna
|-supereffective|p2b: Ursaluna
|-damage|p2b: Ursaluna|0 fnt
|faint|p2b: Ursaluna
|
|-weather|Snowscape|[upkeep]
|upkeep
|
|t:|1756378857
|switch|p2b: Ninetales|Ninetales-Alola, L50, F|100/100
|turn|5
|
|t:|1756378865
|move|p2b: Ninetales|Blizzard|p1a: Gholdengo|[spread] p1a,p1b
|-supereffective|p1a: Gholdengo
|-damage|p1a: Gholdengo|0 fnt
|-damage|p1b: Porygon2|79/100
|faint|p1a: Gholdengo
|move|p2a: Incineroar|Knock Off|p1b: Porygon2
|-damage|p1b: Porygon2|55/100
|-enditem|p1b: Porygon2|Eviolite|[from] move: Knock Off|[of] p2a: Incineroar
|move|p1b: Porygon2|Trick Room|p1b: Porygon2
|-fieldstart|move: Trick Room|[of] p1b: Porygon2
|
|-weather|none
|-sideend|p2: Viridian Q|move: Aurora Veil
|upkeep
|
|t:|1756378883
|switch|p1a: Amoonguss|Amoonguss, L50, F|74/100
|turn|6
|
|t:|1756378890
|move|p2b: Ninetales|Protect|p2b: Ninetales
|-singleturn|p2b: Ninetales|Protect
|move|p1a: Amoonguss|Spore|p2b: Ninetales
|-activate|p2b: Ninetales|move: Protect
|move|p1b: Porygon2|Tera Blast|p2a: Incineroar
|-damage|p2a: Incineroar|0 fnt
|faint|p2a: Incineroar
|
|upkeep
|
|t:|1756378898
|switch|p2a: Annihilape|Annihilape, L50, F|100/100
|turn|7
|inactive|sguarracriaturi has 30 seconds left.
|inactive|Viridian Q has 30 seconds left.
|inactive|sguarracriaturi has 20 seconds left.
|inactive|sguarracriaturi has 15 seconds left.
|
|t:|1756378939
|-terastallize|p2a: Annihilape|Grass
|move|p1a: Amoonguss|Pollen Puff|p2a: Annihilape
|-supereffective|p2a: Annihilape
|-damage|p2a: Annihilape|65/100
|move|p1b: Porygon2|Ice Beam|p2a: Annihilape
|-supereffective|p2a: Annihilape
|-damage|p2a: Annihilape|0 fnt
|faint|p2a: Annihilape
|move|p2b: Ninetales|Encore|p1a: Amoonguss
|-start|p1a: Amoonguss|Encore
|
|upkeep
|turn|8
|
|t:|1756378952
|move|p1a: Amoonguss|Pollen Puff|p1b: Porygon2
|-heal|p1b: Porygon2|100/100
|move|p1b: Porygon2|Tera Blast|p2b: Ninetales
|-damage|p2b: Ninetales|49/100
|move|p2b: Ninetales|Blizzard|p1a: Amoonguss|[spread] p1b
|-miss|p2b: Ninetales|p1a: Amoonguss
|-crit|p1b: Porygon2
|-damage|p1b: Porygon2|69/100
|
|upkeep
|turn|9
|-message|Viridian Q forfeited.
|
|win|sguarracriaturi
|l|☆Viridian Q
|player|p2|
||sguarracriaturi is ready for game 2.
||Viridian Q is ready for game 2.
|uhtml|next|Next: Game 2 of 3
