|j|☆Liva08
|j|☆superbigmariofan1
|html|Liva08superbigmariofan1    
|uhtml|bestof|Game 3 of a best-of-3
|t:|1757669506
|gametype|doubles
|player|p1|Liva08|hiker-gen4|1085
|player|p2|superbigmariofan1|101|1124
|gen|9
|tier|[Gen 9] VGC 2025 Reg H (Bo3)
|rated|
|rule|Species Clause: Limit one of each Pokémon
|rule|Item Clause: Limit 1 of each item
|clearpoke
|poke|p1|Archaludon, L50, M|
|poke|p1|Barraskewda, L50, M|
|poke|p1|Electrode-Hisui, L50|
|poke|p1|Sneasler, L50, F|
|poke|p1|Pelipper, L50, M|
|poke|p1|Weezing-Galar, L50, F|
|poke|p2|Magmar, L50, M|
|poke|p2|Amoonguss, L50, M|
|poke|p2|Dragapult, L50, M|
|poke|p2|Incineroar, L50, M|
|poke|p2|Sneasler, L50, M|
|poke|p2|Farigiraf, L50, M|
|teampreview|4
|showteam|p1|Archaludon||AssaultVest|Stamina|BodyPress,ElectroShot,TeraBlast,DragonPulse|||M|||50|,,,,,Flying]Barraskewda||LifeOrb|SwiftSwim|FlipTurn,Liquidation,ThroatChop,Protect|||M|||50|,,,,,Stellar]Electrode-Hisui||CovertCloak|Soundproof|BulletSeed,Electroweb,Taunt,RainDance||||||50|,,,,,Dark]Sneasler||NormalGem|Unburden|FakeOut,CloseCombat,DireClaw,Protect|||F|||50|,,,,,Flying]Pelipper||FocusSash|Drizzle|Hurricane,WeatherBall,Tailwind,WideGuard|||M|||50|,,,,,Grass]Weezing-Galar||ChoiceBand|NeutralizingGas|Explosion,GyroBall,GunkShot,PlayRough|||F|||50|,,,,,Normal
|showteam|p2|Magmar||Eviolite|VitalSpirit|Overheat,WillOWisp,FollowMe,Protect|||M|||50|,,,,,Ghost]Amoonguss||RockyHelmet|Regenerator|LeafStorm,Spore,RagePowder,Protect|||M|||50|,,,,,Water]Dragapult||ChoiceBand|ClearBody|DragonDarts,TeraBlast,Outrage,Uturn|||M|||50|,,,,,Ghost]Incineroar||AssaultVest|Intimidate|FakeOut,KnockOff,FlareBlitz,Uturn|||M|||50|,,,,,Grass]Sneasler||FocusSash|PoisonTouch|DireClaw,CloseCombat,ThroatChop,Protect|||M|||50|,,,,,Dark]Farigiraf||LifeOrb|ArmorTail|HyperVoice,Psychic,TrickRoom,Roar|||M|||50|,,,,,Water
|inactive|Battle timer is ON: inactive players will automatically lose when time's up. (requested by superbigmariofan1)
|j| hackervgc
|inactive|Liva08 has 60 seconds left.
|
|t:|1757669545
|teamsize|p1|4
|teamsize|p2|4
|start
|switch|p1a: Barraskewda|Barraskewda, L50, M|100/100
|switch|p1b: Pelipper|Pelipper, L50, M|100/100
|switch|p2a: Sneasler|Sneasler, L50, M|100/100
|switch|p2b: Magmar|Magmar, L50, M|100/100
|-weather|RainDance|[from] ability: Drizzle|[of] p1b: Pelipper
|turn|1
|inactive|Liva08 has 30 seconds left.
|inactive|superbigmariofan1 has 30 seconds left.
|
|t:|1757669579
|switch|p2b: Amoonguss|Amoonguss, L50, M|100/100
|-terastallize|p1a: Barraskewda|Stellar
|move|p1a: Barraskewda|Throat Chop|p2b: Amoonguss
|-damage|p2b: Amoonguss|54/100
|-start|p2b: Amoonguss|Throat Chop|[silent]
|-damage|p1a: Barraskewda|84/100|[from] item: Rocky Helmet|[of] p2b: Amoonguss
|-damage|p1a: Barraskewda|75/100|[from] item: Life Orb
|move|p2a: Sneasler|Dire Claw|p1b: Pelipper
|-damage|p1b: Pelipper|47/100
|move|p1b: Pelipper|Tailwind|p1b: Pelipper
|-sidestart|p1: Liva08|move: Tailwind
|
|-weather|RainDance|[upkeep]
|upkeep
|turn|2
|inactive|superbigmariofan1 has 30 seconds left.
|
|t:|1757669609
|move|p2a: Sneasler|Protect|p2a: Sneasler
|-singleturn|p2a: Sneasler|Protect
|move|p2b: Amoonguss|Protect|p2b: Amoonguss
|-singleturn|p2b: Amoonguss|Protect
|move|p1a: Barraskewda|Flip Turn|p2a: Sneasler
|-activate|p2a: Sneasler|move: Protect
|move|p1b: Pelipper|Hurricane|p2b: Amoonguss
|-activate|p2b: Amoonguss|move: Protect
|
|-weather|RainDance|[upkeep]
|-end|p2b: Amoonguss|Throat Chop|[silent]
|upkeep
|turn|3
|inactive|superbigmariofan1 has 30 seconds left.
|
|t:|1757669637
|switch|p2b: Magmar|Magmar, L50, M|100/100
|move|p1a: Barraskewda|Flip Turn|p2a: Sneasler
|-enditem|p2a: Sneasler|Focus Sash
|-damage|p2a: Sneasler|1/100
|-damage|p1a: Barraskewda|65/100|[from] item: Life Orb
|
|t:|1757669652
|switch|p1a: Archaludon|Archaludon, L50, M|100/100|[from] Flip Turn
|move|p1b: Pelipper|Hurricane|p2b: Magmar
|-damage|p2b: Magmar|67/100
|move|p2a: Sneasler|Dire Claw|p1b: Pelipper
|-damage|p1b: Pelipper|0 fnt
|faint|p1b: Pelipper
|
|-weather|RainDance|[upkeep]
|upkeep
|
|t:|1757669663
|switch|p1b: Barraskewda|Barraskewda, L50, M, tera:Stellar|65/100
|turn|4
|
|t:|1757669675
|move|p2a: Sneasler|Protect|p2a: Sneasler
|-singleturn|p2a: Sneasler|Protect
|move|p2b: Magmar|Protect|p2b: Magmar
|-singleturn|p2b: Magmar|Protect
|move|p1b: Barraskewda|Flip Turn|p2a: Sneasler
|-activate|p2a: Sneasler|move: Protect
|move|p1a: Archaludon|Electro Shot||[still]
|-prepare|p1a: Archaludon|Electro Shot
|-boost|p1a: Archaludon|spa|1
|-anim|p1a: Archaludon|Electro Shot|p2b: Magmar
|-activate|p2b: Magmar|move: Protect
|
|-weather|RainDance|[upkeep]
|-sideend|p1: Liva08|move: Tailwind
|upkeep
|turn|5
|inactive|superbigmariofan1 has 30 seconds left.
|inactive|Liva08 has 30 seconds left.
|inactive|superbigmariofan1 has 20 seconds left.
|inactive|superbigmariofan1 has 15 seconds left.
|
|t:|1757669719
|-terastallize|p2b: Magmar|Ghost
|move|p2b: Magmar|Follow Me|p2b: Magmar
|-singleturn|p2b: Magmar|move: Follow Me
|move|p1b: Barraskewda|Flip Turn|p2b: Magmar
|-damage|p2b: Magmar|12/100
|-damage|p1b: Barraskewda|56/100|[from] item: Life Orb
|
|t:|1757669727
|switch|p1b: Weezing|Weezing-Galar, L50, F|100/100|[from] Flip Turn
|-ability|p1b: Weezing|Neutralizing Gas
|move|p2a: Sneasler|Dire Claw|p1b: Weezing
|-damage|p1b: Weezing|62/100
|-status|p1b: Weezing|slp
|move|p1a: Archaludon|Electro Shot||[still]
|-prepare|p1a: Archaludon|Electro Shot
|-boost|p1a: Archaludon|spa|1
|-anim|p1a: Archaludon|Electro Shot|p2b: Magmar
|-damage|p2b: Magmar|0 fnt
|faint|p2b: Magmar
|
|-weather|none
|upkeep
|
|t:|1757669741
|switch|p2b: Amoonguss|Amoonguss, L50, M|87/100
|turn|6
|l| hackervgc
|
|t:|1757669753
|-end|p1b: Weezing|ability: Neutralizing Gas
|switch|p1b: Barraskewda|Barraskewda, L50, M, tera:Stellar|56/100
|move|p2a: Sneasler|Protect|p2a: Sneasler
|-singleturn|p2a: Sneasler|Protect
|move|p1a: Archaludon|Body Press|p2b: Amoonguss
|-resisted|p2b: Amoonguss
|-damage|p2b: Amoonguss|75/100
|-damage|p1a: Archaludon|84/100|[from] item: Rocky Helmet|[of] p2b: Amoonguss
|move|p2b: Amoonguss|Spore|p1a: Archaludon
|-status|p1a: Archaludon|slp|[from] move: Spore
|
|upkeep
|turn|7
|inactive|Liva08 has 30 seconds left.
|
|t:|1757669780
|move|p1b: Barraskewda|Protect|p1b: Barraskewda
|-singleturn|p1b: Barraskewda|Protect
|move|p2b: Amoonguss|Rage Powder|p2b: Amoonguss
|-singleturn|p2b: Amoonguss|move: Rage Powder
|move|p2a: Sneasler|Close Combat|p1a: Archaludon
|-supereffective|p1a: Archaludon
|-damage|p1a: Archaludon|0 fnt
|-unboost|p2a: Sneasler|def|1
|-unboost|p2a: Sneasler|spd|1
|faint|p1a: Archaludon
|
|upkeep
|
|t:|1757669789
|switch|p1a: Weezing|Weezing-Galar, L50, F|62/100 slp
|-ability|p1a: Weezing|Neutralizing Gas
|turn|8
|inactive|Liva08 has 30 seconds left.
|
|t:|1757669822
|move|p2b: Amoonguss|Rage Powder|p2b: Amoonguss
|-singleturn|p2b: Amoonguss|move: Rage Powder
|move|p2a: Sneasler|Dire Claw|p1b: Barraskewda
|-damage|p1b: Barraskewda|0 fnt
|faint|p1b: Barraskewda
|cant|p1a: Weezing|slp
|
|upkeep
|turn|9
|-message|Liva08 forfeited.
|
|win|superbigmariofan1
|raw|Liva08's rating: 1085 → 1065(-20 for losing)
|raw|superbigmariofan1's rating: 1124 → 1146(+22 for winning)
|l|☆Liva08
|player|p1|
|l|☆superbigmariofan1
|player|p2|
|j| hackervgc
|l| hackervgc
