|j|☆KChiefs7
|j|☆endertytar
|html|KChiefs7endertytar    
|uhtml|bestof|Game 2 of a best-of-3
|t:|1757096987
|gametype|doubles
|player|p1|KChiefs7|swimmer-gen4|1069
|player|p2|endertytar|hugh|1169
|gen|9
|tier|[Gen 9] VGC 2025 Reg H (Bo3)
|rated|
|rule|Species Clause: Limit one of each Pokémon
|rule|Item Clause: Limit 1 of each item
|clearpoke
|poke|p1|Ursaluna, L50, F|
|poke|p1|Gholdengo, L50|
|poke|p1|Flamigo, L50, F|
|poke|p1|Amoonguss, L50, M|
|poke|p1|Porygon2, L50|
|poke|p1|Incineroar, L50, F|
|poke|p2|Tyranitar, L50, F|
|poke|p2|Dondozo, L50, F|
|poke|p2|Sneasler, L50, F|
|poke|p2|Gholdengo, L50|
|poke|p2|Indeedee, L50, M|
|poke|p2|Volcarona, L50, M|
|teampreview|4
|showteam|p1|Ursaluna||FlameOrb|Guts|Facade,HeadlongRush,Earthquake,Protect|||F|||50|,,,,,Ghost]Gholdengo||LifeOrb|GoodasGold|MakeItRain,ShadowBall,NastyPlot,Protect||||||50|,,,,,Water]Flamigo||FocusSash|Scrappy|Detect,CloseCombat,WideGuard,DualWingbeat|||F|||50|,,,,,Ghost]Amoonguss||CovertCloak|Regenerator|RagePowder,Spore,PollenPuff,ClearSmog|||M|||50|,,,,,Fairy]Porygon2||Eviolite|Download|TeraBlast,IceBeam,Recover,TrickRoom||||||50|,,,,,Flying]Incineroar||SafetyGoggles|Intimidate|FlareBlitz,KnockOff,FakeOut,PartingShot|||F|||50|,,,,,Ghost
|showteam|p2|Tyranitar||ClearAmulet|SandStream|Protect,DragonDance,RockSlide,KnockOff|||F|||50|,,,,,Ghost]Dondozo||Leftovers|Unaware|Protect,Yawn,Liquidation,Substitute|||F|||50|,,,,,Grass]Sneasler||PsychicSeed|Unburden|CloseCombat,DireClaw,Coaching,Protect|||F|||50|,,,,,Dark]Gholdengo||MetalCoat|GoodasGold|Protect,NastyPlot,ShadowBall,MakeItRain||||||50|,,,,,Steel]Indeedee||ChoiceScarf|PsychicSurge|Trick,ExpandingForce,TrickRoom,Protect|||M|||50|,,,,,Psychic]Volcarona||SitrusBerry|FlameBody|Tailwind,FieryDance,StruggleBug,RagePowder|||M|||50|,,,,,Grass
|inactive|Battle timer is ON: inactive players will automatically lose when time's up. (requested by KChiefs7)
|inactive|KChiefs7 has 60 seconds left.
|inactive|endertytar has 60 seconds left.
|
|t:|1757097030
|teamsize|p1|4
|teamsize|p2|4
|start
|switch|p1a: Porygon2|Porygon2, L50|100/100
|switch|p1b: Flamigo|Flamigo, L50, F, shiny|100/100
|switch|p2a: Indeedee|Indeedee, L50, M|100/100
|switch|p2b: Dondozo|Dondozo, L50, F|100/100
|-fieldstart|move: Psychic Terrain|[from] ability: Psychic Surge|[of] p2a: Indeedee
|-ability|p1a: Porygon2|Download|boost
|-boost|p1a: Porygon2|atk|1
|turn|1
|inactive|endertytar has 30 seconds left.
|inactive|KChiefs7 has 30 seconds left.
|
|t:|1757097063
|switch|p1b: Amoonguss|Amoonguss, L50, M, shiny|100/100
|move|p2a: Indeedee|Trick|p1a: Porygon2
|-activate|p2a: Indeedee|move: Trick|[of] p1a: Porygon2
|-item|p1a: Porygon2|Choice Scarf|[from] move: Trick
|-item|p2a: Indeedee|Eviolite|[from] move: Trick
|move|p2b: Dondozo|Yawn|p1b: Amoonguss
|-start|p1b: Amoonguss|move: Yawn|[of] p2b: Dondozo
|move|p1a: Porygon2|Trick Room|p1a: Porygon2
|-fieldstart|move: Trick Room|[of] p1a: Porygon2
|
|upkeep
|turn|2
|inactive|KChiefs7 has 30 seconds left.
|
|t:|1757097098
|switch|p1a: Flamigo|Flamigo, L50, F, shiny|100/100
|move|p1b: Amoonguss|Spore|p2a: Indeedee
|-status|p2a: Indeedee|slp|[from] move: Spore
|move|p2b: Dondozo|Liquidation|p1a: Flamigo
|-damage|p1a: Flamigo|57/100
|cant|p2a: Indeedee|slp
|
|-end|p1b: Amoonguss|move: Yawn|[silent]
|-status|p1b: Amoonguss|slp
|upkeep
|turn|3
|
|t:|1757097122
|cant|p1b: Amoonguss|slp
|move|p2b: Dondozo|Liquidation|p1a: Flamigo
|-damage|p1a: Flamigo|7/100
|move|p1a: Flamigo|Close Combat|p2a: Indeedee
|-damage|p2a: Indeedee|0 fnt
|-unboost|p1a: Flamigo|def|1
|-unboost|p1a: Flamigo|spd|1
|faint|p2a: Indeedee
|
|upkeep
|
|t:|1757097130
|switch|p2a: Tyranitar|Tyranitar, L50, F|100/100
|-weather|Sandstorm|[from] ability: Sand Stream|[of] p2a: Tyranitar
|turn|4
|inactive|KChiefs7 has 30 seconds left.
|
|t:|1757097162
|move|p1a: Flamigo|Detect|p1a: Flamigo
|-singleturn|p1a: Flamigo|Protect
|cant|p1b: Amoonguss|slp
|move|p2b: Dondozo|Liquidation|p1a: Flamigo
|-activate|p1a: Flamigo|move: Protect
|move|p2a: Tyranitar|Knock Off|p1a: Flamigo
|-activate|p1a: Flamigo|move: Protect
|
|-weather|Sandstorm|[upkeep]
|-damage|p1b: Amoonguss|95/100 slp|[from] Sandstorm
|-damage|p2b: Dondozo|95/100|[from] Sandstorm
|-damage|p1a: Flamigo|2/100|[from] Sandstorm
|-heal|p2b: Dondozo|100/100|[from] item: Leftovers
|upkeep
|turn|5
|inactive|KChiefs7 has 30 seconds left.
|inactive|KChiefs7 has 20 seconds left.
|
|t:|1757097198
|move|p2a: Tyranitar|Protect|p2a: Tyranitar
|-singleturn|p2a: Tyranitar|Protect
|move|p1a: Flamigo|Detect|p1a: Flamigo
|-singleturn|p1a: Flamigo|Protect
|cant|p1b: Amoonguss|slp
|move|p2b: Dondozo|Yawn||[still]
|-fail|p2b: Dondozo
|
|-weather|Sandstorm|[upkeep]
|-damage|p1b: Amoonguss|89/100 slp|[from] Sandstorm
|-damage|p2b: Dondozo|95/100|[from] Sandstorm
|-damage|p1a: Flamigo|0 fnt|[from] Sandstorm
|faint|p1a: Flamigo
|-heal|p2b: Dondozo|100/100|[from] item: Leftovers
|-fieldend|move: Trick Room
|-fieldend|move: Psychic Terrain
|upkeep
|
|t:|1757097207
|switch|p1a: Porygon2|Porygon2, L50|100/100
|-ability|p1a: Porygon2|Download|boost
|-boost|p1a: Porygon2|spa|1
|turn|6
|
|t:|1757097225
|switch|p2a: Gholdengo|Gholdengo, L50|100/100
|move|p2b: Dondozo|Yawn|p1a: Porygon2
|-start|p1a: Porygon2|move: Yawn|[of] p2b: Dondozo
|-curestatus|p1b: Amoonguss|slp|[msg]
|move|p1b: Amoonguss|Spore|p2b: Dondozo
|-status|p2b: Dondozo|slp|[from] move: Spore
|move|p1a: Porygon2|Trick Room|p1a: Porygon2
|-fieldstart|move: Trick Room|[of] p1a: Porygon2
|
|-weather|Sandstorm|[upkeep]
|-damage|p1b: Amoonguss|83/100|[from] Sandstorm
|-damage|p2b: Dondozo|95/100 slp|[from] Sandstorm
|-damage|p1a: Porygon2|94/100|[from] Sandstorm
|-heal|p2b: Dondozo|100/100 slp|[from] item: Leftovers
|upkeep
|turn|7
|inactive|KChiefs7 has 30 seconds left.
|
|t:|1757097254
|switch|p1a: Ursaluna|Ursaluna, L50, F|100/100
|-terastallize|p2a: Gholdengo|Steel
|move|p1b: Amoonguss|Pollen Puff|p1a: Ursaluna
|cant|p2b: Dondozo|slp
|move|p2a: Gholdengo|Make It Rain|p1b: Amoonguss|[spread] p1a,p1b
|-damage|p1a: Ursaluna|36/100
|-damage|p1b: Amoonguss|17/100
|-unboost|p2a: Gholdengo|spa|1
|
|-weather|Sandstorm|[upkeep]
|-damage|p1b: Amoonguss|11/100|[from] Sandstorm
|-damage|p2b: Dondozo|95/100 slp|[from] Sandstorm
|-heal|p2b: Dondozo|100/100 slp|[from] item: Leftovers
|-status|p1a: Ursaluna|brn|[from] item: Flame Orb
|upkeep
|turn|8
|inactive|KChiefs7 has 30 seconds left.
|inactive|KChiefs7 has 20 seconds left.
|inactive|endertytar has 30 seconds left.
|
|t:|1757097293
|move|p2a: Gholdengo|Protect|p2a: Gholdengo
|-singleturn|p2a: Gholdengo|Protect
|move|p1a: Ursaluna|Earthquake|p2a: Gholdengo|[spread] p1b,p2b
|-activate|p2a: Gholdengo|move: Protect
|-damage|p1b: Amoonguss|0 fnt
|-damage|p2b: Dondozo|57/100 slp
|faint|p1b: Amoonguss
|cant|p2b: Dondozo|slp
|
|-weather|none
|-heal|p2b: Dondozo|63/100 slp|[from] item: Leftovers
|-damage|p1a: Ursaluna|30/100 brn|[from] brn
|upkeep
|
|t:|1757097301
|switch|p1b: Porygon2|Porygon2, L50|94/100
|-ability|p1b: Porygon2|Download|boost
|-boost|p1b: Porygon2|spa|1
|turn|9
|inactive|KChiefs7 has 30 seconds left.
|
|t:|1757097329
|-terastallize|p1a: Ursaluna|Ghost
|move|p1a: Ursaluna|Earthquake|p2a: Gholdengo|[spread] p1b,p2a,p2b
|-supereffective|p2a: Gholdengo
|-crit|p2a: Gholdengo
|-damage|p1b: Porygon2|22/100
|-damage|p2a: Gholdengo|0 fnt
|-damage|p2b: Dondozo|21/100 slp
|faint|p2a: Gholdengo
|-curestatus|p2b: Dondozo|slp|[msg]
|move|p2b: Dondozo|Liquidation|p1a: Ursaluna
|-damage|p1a: Ursaluna|4/100 brn
|-unboost|p1a: Ursaluna|def|1
|move|p1b: Porygon2|Tera Blast|p2b: Dondozo
|-crit|p2b: Dondozo
|-damage|p2b: Dondozo|0 fnt
|faint|p2b: Dondozo
|
|-damage|p1a: Ursaluna|0 fnt|[from] brn
|faint|p1a: Ursaluna
|upkeep
|
|t:|1757097344
|switch|p2b: Tyranitar|Tyranitar, L50, F|100/100
|-weather|Sandstorm|[from] ability: Sand Stream|[of] p2b: Tyranitar
|turn|10
|
|t:|1757097350
|move|p2b: Tyranitar|Knock Off|p1b: Porygon2
|-damage|p1b: Porygon2|0 fnt
|-enditem|p1b: Porygon2|Choice Scarf|[from] move: Knock Off|[of] p2b: Tyranitar
|faint|p1b: Porygon2
|
|win|endertytar
|raw|KChiefs7's rating: 1069 → 1054(-15 for losing)
|raw|endertytar's rating: 1169 → 1187(+18 for winning)
|l|☆endertytar
|player|p2|
