|j|☆BasedRen
|j|☆raylix
|html|BasedRenraylix    
|uhtml|bestof|Game 2 of a best-of-3
|t:|1756833951
|gametype|doubles
|player|p1|BasedRen|169|1117
|player|p2|raylix|bruno|1070
|gen|9
|tier|[Gen 9] VGC 2025 Reg H (Bo3)
|rated|
|rule|Species Clause: Limit one of each Pokémon
|rule|Item Clause: Limit 1 of each item
|clearpoke
|poke|p1|Corviknight, L50, M|
|poke|p1|Blaziken, L50, M|
|poke|p1|Ceruledge, L50, M|
|poke|p1|Primarina, L50, F|
|poke|p1|Murkrow, L50, F|
|poke|p1|Zoroark-Hisui, L50, F|
|poke|p2|Sneasler, L50, F|
|poke|p2|Indeedee, L50, M|
|poke|p2|Volcarona, L50, F|
|poke|p2|Ursaluna-Bloodmoon, L50, M|
|poke|p2|Annihilape, L50, F|
|poke|p2|Tyranitar, L50, M|
|teampreview|4
|showteam|p1|Corviknight||SafetyGoggles|MirrorArmor|IronHead,BraveBird,Roost,PowerTrip|||M|||50|,,,,,Dragon]Blaziken||FocusSash|SpeedBoost|Coaching,Protect,Overheat,AuraSphere|||M|||50|,,,,,Flying]Ceruledge||ClearAmulet|FlashFire|BitterBlade,SolarBlade,ShadowSneak,CloseCombat|||M|||50|,,,,,Grass]Primarina||ThroatSpray|LiquidVoice|Moonblast,HyperVoice,MistyTerrain,Protect|||F|||50|,,,,,Fairy]Murkrow||Eviolite|Prankster|Tailwind,FoulPlay,Haze,SunnyDay|||F|||50|,,,,,Ghost]Zoroark-Hisui||ChoiceSpecs|Illusion|BitterMalice,HyperVoice,HyperBeam,FocusBlast|||F|||50|,,,,,Normal
|showteam|p2|Sneasler||PsychicSeed|Unburden|CloseCombat,DireClaw,ThroatChop,Protect|||F|||50|,,,,,Dark]Indeedee||ChoiceScarf|PsychicSurge|ExpandingForce,TeraBlast,Trick,Protect|||M|||50|,,,,,Psychic]Volcarona||SitrusBerry|FlameBody|Overheat,StruggleBug,RagePowder,Tailwind|||F|||50|,,,,,Grass]Ursaluna-Bloodmoon||LifeOrb|MindsEye|BloodMoon,HyperVoice,EarthPower,Protect|||M|||50|,,,,,Normal]Annihilape||SafetyGoggles|Defiant|CloseCombat,RageFist,Taunt,FinalGambit|||F|||50|,,,,,Fairy]Tyranitar||AssaultVest|SandStream|RockSlide,KnockOff,TeraBlast,LowKick|||M|||50|,,,,,Flying
|inactive|Battle timer is ON: inactive players will automatically lose when time's up. (requested by BasedRen)
|inactive|raylix also wants the timer to be on.
|
|t:|1756833976
|teamsize|p1|4
|teamsize|p2|4
|start
|switch|p1a: Murkrow|Murkrow, L50, F|100/100
|switch|p1b: Primarina|Primarina, L50, F|100/100
|switch|p2a: Sneasler|Sneasler, L50, F|100/100
|switch|p2b: Indeedee|Indeedee, L50, M|100/100
|-fieldstart|move: Psychic Terrain|[from] ability: Psychic Surge|[of] p2b: Indeedee
|-enditem|p2a: Sneasler|Psychic Seed
|-boost|p2a: Sneasler|spd|1|[from] item: Psychic Seed
|turn|1
|
|t:|1756833999
|move|p1b: Primarina|Protect|p1b: Primarina
|-singleturn|p1b: Primarina|Protect
|move|p1a: Murkrow|Tailwind|p1a: Murkrow
|-sidestart|p1: BasedRen|move: Tailwind
|move|p2a: Sneasler|Dire Claw|p1a: Murkrow
|-damage|p1a: Murkrow|59/100
|-status|p1a: Murkrow|slp
|move|p2b: Indeedee|Expanding Force|p1b: Primarina|[spread] 
|-activate|p1b: Primarina|move: Protect
|-immune|p1a: Murkrow
|
|upkeep
|turn|2
|inactive|raylix has 30 seconds left.
|
|t:|1756834032
|switch|p2b: Volcarona|Volcarona, L50, F|100/100
|switch|p1b: Corviknight|Corviknight, L50, M|100/100
|move|p2a: Sneasler|Dire Claw|p1b: Corviknight
|-immune|p1b: Corviknight
|cant|p1a: Murkrow|slp
|
|upkeep
|turn|3
|
|t:|1756834046
|switch|p1a: Blaziken|Blaziken, L50, M, shiny|100/100
|move|p2a: Sneasler|Dire Claw|p1a: Blaziken
|-damage|p1a: Blaziken|25/100
|move|p1b: Corviknight|Brave Bird|p2a: Sneasler
|-supereffective|p2a: Sneasler
|-damage|p2a: Sneasler|0 fnt
|faint|p2a: Sneasler
|-damage|p1b: Corviknight|75/100|[from] Recoil
|move|p2b: Volcarona|Tailwind|p2b: Volcarona
|-sidestart|p2: raylix|move: Tailwind
|
|upkeep
|
|t:|1756834064
|switch|p2a: Tyranitar|Tyranitar, L50, M|100/100
|-weather|Sandstorm|[from] ability: Sand Stream|[of] p2a: Tyranitar
|turn|4
|
|t:|1756834084
|move|p2b: Volcarona|Rage Powder|p2b: Volcarona
|-singleturn|p2b: Volcarona|move: Rage Powder
|move|p1a: Blaziken|Coaching|p1b: Corviknight
|-boost|p1b: Corviknight|atk|1
|-boost|p1b: Corviknight|def|1
|move|p2a: Tyranitar|Low Kick|p1b: Corviknight
|-damage|p1b: Corviknight|57/100
|move|p1b: Corviknight|Roost|p1b: Corviknight
|-heal|p1b: Corviknight|100/100
|-singleturn|p1b: Corviknight|move: Roost
|
|-weather|Sandstorm|[upkeep]
|-damage|p2b: Volcarona|94/100|[from] Sandstorm
|-damage|p1a: Blaziken|19/100|[from] Sandstorm
|-sideend|p1: BasedRen|move: Tailwind
|-ability|p1a: Blaziken|Speed Boost|boost
|-boost|p1a: Blaziken|spe|1
|upkeep
|turn|5
|
|t:|1756834103
|-terastallize|p2a: Tyranitar|Flying
|move|p1a: Blaziken|Protect|p1a: Blaziken
|-singleturn|p1a: Blaziken|Protect
|move|p2b: Volcarona|Overheat|p1b: Corviknight
|-supereffective|p1b: Corviknight
|-crit|p1b: Corviknight
|-damage|p1b: Corviknight|0 fnt
|-unboost|p2b: Volcarona|spa|2
|faint|p1b: Corviknight
|move|p2a: Tyranitar|Knock Off|p1a: Blaziken
|-activate|p1a: Blaziken|move: Protect
|
|-weather|Sandstorm|[upkeep]
|-damage|p2b: Volcarona|88/100|[from] Sandstorm
|-damage|p2a: Tyranitar|95/100|[from] Sandstorm
|-damage|p1a: Blaziken|13/100|[from] Sandstorm
|-fieldend|move: Psychic Terrain
|-ability|p1a: Blaziken|Speed Boost|boost
|-boost|p1a: Blaziken|spe|1
|upkeep
|
|t:|1756834115
|switch|p1b: Primarina|Primarina, L50, F|100/100
|turn|6
|
|t:|1756834141
|move|p2b: Volcarona|Struggle Bug|p1b: Primarina|[spread] p1a,p1b
|-resisted|p1a: Blaziken
|-resisted|p1b: Primarina
|-damage|p1a: Blaziken|10/100
|-damage|p1b: Primarina|97/100
|-unboost|p1a: Blaziken|spa|1
|-unboost|p1b: Primarina|spa|1
|move|p1a: Blaziken|Overheat|p2b: Volcarona
|-damage|p2b: Volcarona|48/100
|-unboost|p1a: Blaziken|spa|2
|-enditem|p2b: Volcarona|Sitrus Berry|[eat]
|-heal|p2b: Volcarona|73/100|[from] item: Sitrus Berry
|move|p2a: Tyranitar|Tera Blast|p1b: Primarina|[anim] Tera Blast Flying
|-damage|p1b: Primarina|48/100
|move|p1b: Primarina|Hyper Voice|p2a: Tyranitar|[spread] p2a,p2b
|-supereffective|p2b: Volcarona
|-damage|p2a: Tyranitar|82/100
|-damage|p2b: Volcarona|33/100
|-enditem|p1b: Primarina|Throat Spray
|-boost|p1b: Primarina|spa|1|[from] item: Throat Spray
|
|-weather|Sandstorm|[upkeep]
|-damage|p2b: Volcarona|27/100|[from] Sandstorm
|-damage|p1a: Blaziken|4/100|[from] Sandstorm
|-damage|p2a: Tyranitar|76/100|[from] Sandstorm
|-damage|p1b: Primarina|42/100|[from] Sandstorm
|-sideend|p2: raylix|move: Tailwind
|-ability|p1a: Blaziken|Speed Boost|boost
|-boost|p1a: Blaziken|spe|1
|upkeep
|turn|7
|inactive|BasedRen has 30 seconds left.
|inactive|raylix has 30 seconds left.
|
|t:|1756834172
|move|p1a: Blaziken|Overheat|p2b: Volcarona
|-damage|p2b: Volcarona|0 fnt
|-unboost|p1a: Blaziken|spa|2
|faint|p2b: Volcarona
|move|p2a: Tyranitar|Tera Blast|p1b: Primarina|[anim] Tera Blast Flying
|-damage|p1b: Primarina|0 fnt
|faint|p1b: Primarina
|
|-weather|Sandstorm|[upkeep]
|-damage|p1a: Blaziken|0 fnt|[from] Sandstorm
|-damage|p2a: Tyranitar|70/100|[from] Sandstorm
|faint|p1a: Blaziken
|upkeep
|-message|BasedRen forfeited.
|
|win|raylix
|l|☆BasedRen
|player|p1|
