|j|☆ikarishun82
|j|☆jdodjndksk
|html|ikarishun82jdodjndksk    
|uhtml|bestof|Game 1 of a best-of-3
|t:|1785351705
|gametype|doubles
|player|p1|ikarishun82|265|1112
|player|p2|jdodjndksk|red|1013
|gen|9
|tier|[Gen 9 Champions] VGC 2026 Reg M-B (Bo3)
|rated|
|rule|Species Clause: Limit one of each Pokémon
|rule|Item Clause: Limit 1 of each item
|clearpoke
|poke|p1|Hawlucha, L50, F, shiny|
|poke|p1|Annihilape, L50, F, shiny|
|poke|p1|Grimmsnarl, L50, M, shiny|
|poke|p1|Kingambit, L50, M, shiny|
|poke|p1|Floette-Eternal, L50, F|
|poke|p1|Toxapex, L50, M, shiny|
|poke|p2|Sableye, L50, F|
|poke|p2|Blastoise, L50, M|
|poke|p2|Politoed, L50, M, shiny|
|poke|p2|Ninetales-Alola, L50, F|
|poke|p2|Sinistcha-Masterpiece, L50|
|poke|p2|Mr. Rime, L50, F|
|teampreview|4
|showteam|p1|Hawlucha||Hawluchanite|Limber|StoneEdge,BraveBird,HighJumpKick,Entrainment|Jolly||F|||50|]Annihilape||SitrusBerry|Defiant|Protect,DrainPunch,BulkUp,RageFist|Adamant||F|||50|]Grimmsnarl||RoseliBerry|Prankster|FakeOut,ScaryFace,SpiritBreak,PartingShot|Adamant||M|||50|]Kingambit||ChopleBerry|Defiant|KowtowCleave,Protect,Guillotine,SuckerPunch|Adamant||M|||50|]Floette-Eternal||Floettite|FlowerVeil|Protect,CalmMind,DrainingKiss,DazzlingGleam|Timid||F|||50|]Toxapex||Leftovers|Regenerator|BanefulBunker,Toxic,WideGuard,Infestation|Bold||M|||50|
|showteam|p2|Sableye||SilkScarf|Prankster|FakeOut,RainDance,Taunt,Encore|Impish||F|||50|]Blastoise||Blastoisinite|Torrent|WaterSpout,Blizzard,AuraSphere,AquaJet|Modest||M|||50|]Politoed||DampRock|Drizzle|IceBeam,ChillingWater,Haze,WeatherBall|Calm||M|||50|]Ninetales-Alola||IcyRock|SnowWarning|AuroraVeil,Blizzard,DazzlingGleam,Protect|Modest||F|||50|]Sinistcha-Masterpiece||SitrusBerry|Hospitality|PainSplit,MatchaGotcha,StunSpore,Scald|Calm|||||50|]Mr. Rime||LightClay|IceBody|FakeOut,LightScreen,Reflect,FreezeDry|Modest||F|||50|
|inactive|Battle timer is ON: inactive players will automatically lose when time's up. (requested by jdodjndksk)
|inactive|ikarishun82 has 60 seconds left.
|
|t:|1785351760
|teamsize|p1|4
|teamsize|p2|4
|start
|switch|p1a: Hawlucha|Hawlucha, L50, F, shiny|100/100
|switch|p1b: Kingambit|Kingambit, L50, M, shiny|100/100
|switch|p2a: Sableye|Sableye, L50, F|100/100
|switch|p2b: Dinotank|Blastoise, L50, M|100/100
|turn|1
|inactive|ikarishun82 has 30 seconds left.
|inactive|jdodjndksk has 30 seconds left.
|inactive|jdodjndksk has 20 seconds left.
|
|t:|1785351796
|switch|p1a: Toxapex|Toxapex, L50, M, shiny|100/100
|detailschange|p2b: Dinotank|Blastoise-Mega, L50, M
|-mega|p2b: Dinotank|Blastoise|Blastoisinite
|move|p2a: Sableye|Fake Out|p1b: Kingambit
|-resisted|p1b: Kingambit|1
|-damage|p1b: Kingambit|96/100
|cant|p1b: Kingambit|flinch
|move|p2b: Dinotank|Aura Sphere|p1b: Kingambit
|-supereffective|p1b: Kingambit|2
|-enditem|p1b: Kingambit|Chople Berry|[eat]
|-enditem|p1b: Kingambit|Chople Berry|[weaken]
|-damage|p1b: Kingambit|17/100
|
|upkeep
|turn|2
|inactive|jdodjndksk has 30 seconds left.
|
|t:|1785351828
|switch|p2a: DJ poli D|Politoed, L50, M, shiny|100/100
|-weather|RainDance|[from] ability: Drizzle|[of] p2a: DJ poli D
|switch|p1b: Annihilape|Annihilape, L50, F, shiny|100/100
|move|p2b: Dinotank|Water Spout|p1b: Annihilape|[spread] p1a,p1b
|-resisted|p1a: Toxapex|1
|-damage|p1a: Toxapex|64/100
|-damage|p1b: Annihilape|20/100y
|-enditem|p1b: Annihilape|Sitrus Berry|[eat]
|-heal|p1b: Annihilape|44/100|[from] item: Sitrus Berry
|move|p1a: Toxapex|Toxic|p2b: Dinotank
|-status|p2b: Dinotank|tox
|
|-weather|RainDance|[upkeep]
|-heal|p1a: Toxapex|70/100|[from] item: Leftovers
|-damage|p2b: Dinotank|94/100 tox|[from] psn
|upkeep
|turn|3
|inactive|ikarishun82 has 30 seconds left.
|inactive|jdodjndksk has 30 seconds left.
|
|t:|1785351860
|move|p1b: Annihilape|Protect|p1b: Annihilape
|-singleturn|p1b: Annihilape|Protect
|move|p2b: Dinotank|Water Spout|p1a: Toxapex|[spread] p1a
|-activate|p1b: Annihilape|move: Protect
|-resisted|p1a: Toxapex|1
|-damage|p1a: Toxapex|36/100
|move|p2a: DJ poli D|Weather Ball|p1b: Annihilape
|-activate|p1b: Annihilape|move: Protect
|move|p1a: Toxapex|Toxic|p2a: DJ poli D
|-status|p2a: DJ poli D|tox
|
|-weather|RainDance|[upkeep]
|-heal|p1a: Toxapex|42/100|[from] item: Leftovers
|-damage|p2b: Dinotank|82/100 tox|[from] psn
|-damage|p2a: DJ poli D|94/100 tox|[from] psn
|upkeep
|turn|4
|inactive|ikarishun82 has 30 seconds left.
|inactive|jdodjndksk has 30 seconds left.
|inactive|ikarishun82 has 20 seconds left.
|inactive|ikarishun82 has 15 seconds left.
|inactive|ikarishun82 has 10 seconds left.
|inactive|ikarishun82 has 5 seconds left.
|inactive|jdodjndksk has 20 seconds left.
|inactive|jdodjndksk has 15 seconds left.
|inactive|jdodjndksk has 10 seconds left.
|inactive|jdodjndksk has 5 seconds left.
|
|t:|1785351928
|switch|p2a: Sinistcha|Sinistcha-Masterpiece, L50|100/100
|-heal|p2b: Dinotank|100/100 tox|[from] ability: Hospitality|[of] p2a: Sinistcha
|move|p1a: Toxapex|Baneful Bunker|p1a: Toxapex
|-singleturn|p1a: Toxapex|move: Protect
|move|p1b: Annihilape|Drain Punch|p2b: Dinotank
|-damage|p2b: Dinotank|72/100 tox
|-heal|p1b: Annihilape|55/100|[from] drain|[of] p2b: Dinotank
|move|p2b: Dinotank|Water Spout|p1a: Toxapex|[spread] p1b
|-activate|p1a: Toxapex|move: Protect
|-damage|p1b: Annihilape|0 fnt
|faint|p1b: Annihilape
|
|-weather|RainDance|[upkeep]
|-heal|p1a: Toxapex|47/100|[from] item: Leftovers
|-damage|p2b: Dinotank|55/100 tox|[from] psn
|upkeep
|
|t:|1785351951
|switch|p1b: Kingambit|Kingambit, L50, M, shiny|17/100
|turn|5
|
|t:|1785351967
|move|p1b: Kingambit|Protect|p1b: Kingambit
|-singleturn|p1b: Kingambit|Protect
|move|p2b: Dinotank|Aqua Jet|p1b: Kingambit
|-activate|p1b: Kingambit|move: Protect
|move|p2a: Sinistcha|Pain Split|p2b: Dinotank
|-sethp|p2b: Dinotank|75/100 tox|[from] move: Pain Split|[silent]
|-sethp|p2a: Sinistcha|78/100|[from] move: Pain Split
|move|p1a: Toxapex|Toxic|p2a: Sinistcha
|-status|p2a: Sinistcha|tox
|
|-weather|RainDance|[upkeep]
|-heal|p1a: Toxapex|53/100|[from] item: Leftovers
|-damage|p2b: Dinotank|51/100 tox|[from] psn
|-damage|p2a: Sinistcha|72/100 tox|[from] psn
|upkeep
|turn|6
|inactive|ikarishun82 has 30 seconds left.
|
|t:|1785351997
|switch|p2a: Sableye|Sableye, L50, F|100/100
|move|p1a: Toxapex|Wide Guard|p1a: Toxapex
|-singleturn|p1a: Toxapex|Wide Guard
|move|p2b: Dinotank|Water Spout|p1b: Kingambit|[spread] 
|-activate|p1a: Toxapex|move: Wide Guard
|-activate|p1b: Kingambit|move: Wide Guard
|move|p1b: Kingambit|Kowtow Cleave|p2a: Sableye
|-crit|p2a: Sableye
|-damage|p2a: Sableye|29/100
|
|-weather|RainDance|[upkeep]
|-heal|p1a: Toxapex|59/100|[from] item: Leftovers
|-damage|p2b: Dinotank|22/100 tox|[from] psn
|upkeep
|turn|7
|inactive|jdodjndksk has 30 seconds left.
|
|t:|1785352032
|-heal|p1a: Toxapex|92/100|[from] ability: Regenerator|[silent]
|switch|p1a: Hawlucha|Hawlucha, L50, F, shiny|100/100
|move|p2a: Sableye|Fake Out|p1b: Kingambit
|-resisted|p1b: Kingambit|1
|-damage|p1b: Kingambit|13/100
|cant|p1b: Kingambit|flinch
|move|p2b: Dinotank|Aura Sphere|p1b: Kingambit
|-supereffective|p1b: Kingambit|2
|-damage|p1b: Kingambit|0 fnt
|faint|p1b: Kingambit
|
|-weather|RainDance|[upkeep]
|-damage|p2b: Dinotank|0 fnt|[from] psn
|faint|p2b: Dinotank
|upkeep
|
|t:|1785352052
|switch|p2b: Sinistcha|Sinistcha-Masterpiece, L50|72/100 tox
|switch|p1b: Toxapex|Toxapex, L50, M, shiny|92/100
|-heal|p2a: Sableye|53/100|[from] ability: Hospitality|[of] p2b: Sinistcha
|turn|8
|
|t:|1785352072
|move|p2a: Sableye|Taunt|p1b: Toxapex
|-start|p1b: Toxapex|move: Taunt
|move|p1a: Hawlucha|Brave Bird|p2b: Sinistcha
|-supereffective|p2b: Sinistcha|1
|-damage|p2b: Sinistcha|0 fnt
|faint|p2b: Sinistcha
|-damage|p1a: Hawlucha|77/100|[from] Recoil
|cant|p1b: Toxapex|move: Taunt|Toxic
|
|-weather|RainDance|[upkeep]
|-heal|p1b: Toxapex|98/100|[from] item: Leftovers
|upkeep
|
|t:|1785352085
|switch|p2b: DJ poli D|Politoed, L50, M, shiny|94/100 tox
|turn|9
|
|t:|1785352114
|detailschange|p1a: Hawlucha|Hawlucha-Mega, L50, F, shiny
|-mega|p1a: Hawlucha|Hawlucha|Hawluchanite
|move|p2a: Sableye|Encore||[still]
|-fail|p2a: Sableye
|move|p1a: Hawlucha|Brave Bird|p2b: DJ poli D
|-damage|p2b: DJ poli D|30/100 tox
|-damage|p1a: Hawlucha|54/100|[from] Recoil
|move|p2b: DJ poli D|Ice Beam|p1a: Hawlucha
|-supereffective|p1a: Hawlucha|1
|-damage|p1a: Hawlucha|4/100
|move|p1b: Toxapex|Infestation|p2a: Sableye
|-damage|p2a: Sableye|48/100
|-activate|p2a: Sableye|move: Infestation|[of] p1b: Toxapex
|
|-weather|none
|-heal|p1b: Toxapex|100/100|[from] item: Leftovers
|-damage|p2b: DJ poli D|24/100 tox|[from] psn
|-damage|p2a: Sableye|37/100|[from] move: Infestation|[partiallytrapped]
|upkeep
|turn|10
|j| tedidn
|inactive|jdodjndksk has 30 seconds left.
|inactive|jdodjndksk has 20 seconds left.
|
|t:|1785352151
|move|p2a: Sableye|Rain Dance|p2a: Sableye
|-weather|RainDance
|move|p1a: Hawlucha|Stone Edge|p2a: Sableye
|-damage|p2a: Sableye|0 fnt
|faint|p2a: Sableye
|move|p2b: DJ poli D|Weather Ball|p1a: Hawlucha
|-damage|p1a: Hawlucha|0 fnt
|faint|p1a: Hawlucha
|move|p1b: Toxapex|Infestation|p2b: DJ poli D
|-damage|p2b: DJ poli D|22/100 tox
|-activate|p2b: DJ poli D|move: Infestation|[of] p1b: Toxapex
|
|-weather|RainDance|[upkeep]
|-damage|p2b: DJ poli D|10/100 tox|[from] psn
|-damage|p2b: DJ poli D|0 fnt|[from] move: Infestation|[partiallytrapped]
|faint|p2b: DJ poli D
|
|win|ikarishun82
