|j|☆miss mizz
|j|☆OwanTanSoup
|html|miss mizzOwanTanSoup    
|uhtml|bestof|Game 1 of a best-of-3
|t:|1757819981
|gametype|doubles
|player|p1|miss mizz|265|1063
|player|p2|OwanTanSoup|ingo|1007
|gen|9
|tier|[Gen 9] VGC 2025 Reg H (Bo3)
|rated|
|rule|Species Clause: Limit one of each Pokémon
|rule|Item Clause: Limit 1 of each item
|clearpoke
|poke|p1|Primarina, L50, F|
|poke|p1|Sylveon, L50, M|
|poke|p1|Indeedee, L50, M|
|poke|p1|Meowscarada, L50, F|
|poke|p1|Sneasler, L50, M|
|poke|p1|Decidueye-Hisui, L50, F|
|poke|p2|Ursaluna-Bloodmoon, L50, M|
|poke|p2|Ceruledge, L50, M|
|poke|p2|Incineroar, L50, F|
|poke|p2|Rotom-Mow, L50|
|poke|p2|Garchomp, L50, M|
|poke|p2|Dragonite, L50, M|
|teampreview|4
|showteam|p1|Primarina||LifeOrb|LiquidVoice|WaterPledge,HyperVoice,Moonblast,Protect|||F|||50|,,,,,Steel]Sylveon||ChoiceSpecs|Pixilate|HyperVoice,ShadowBall,HyperBeam,Psychic|||M|||50|,,,,,Ghost]Indeedee||SafetyGoggles|PsychicSurge|ExpandingForce,TeraBlast,TrickRoom,Imprison|||M|||50|,,,,,Fire]Meowscarada||FocusSash|Overgrow|KnockOff,FlowerTrick,Protect,GrassPledge|||F|||50|,,,,,Fairy]Sneasler||PsychicSeed|Unburden|DireClaw,Acrobatics,CloseCombat,Protect|||M|||50|,,,,,Flying]Decidueye-Hisui||RazorClaw|Scrappy|TripleArrows,Haze,LeafBlade,Protect|||F|||50|,,,,,Fire
|showteam|p2|Ursaluna-Bloodmoon||CovertCloak|MindsEye|BloodMoon,Protect,HyperVoice,EarthPower|||M|||50|,,,,,Ground]Ceruledge||LifeOrb|FlashFire|BitterBlade,ShadowSneak,Protect,BulkUp|||M|||50|,,,,,Grass]Incineroar||AbilityShield|Intimidate|FakeOut,KnockOff,PartingShot,FlameCharge|||F|||50|,,,,,Fire]Rotom-Mow||WhiteHerb|Levitate|Electroweb,LeafStorm,Protect,VoltSwitch||||||50|,,,,,Grass]Garchomp||RockyHelmet|RoughSkin|SwordsDance,RockSlide,Earthquake,Protect|||M|||50|,,,,,Ground]Dragonite||Leftovers|InnerFocus|IceSpinner,Tailwind,ExtremeSpeed,Haze|||M|||50|,,,,,Normal
|inactive|Battle timer is ON: inactive players will automatically lose when time's up. (requested by miss mizz)
|inactive|OwanTanSoup has 60 seconds left.
|
|t:|1757820045
|teamsize|p1|4
|teamsize|p2|4
|start
|switch|p1a: Primarina|Primarina, L50, F, shiny|100/100
|switch|p1b: Meowscarada|Meowscarada, L50, F, shiny|100/100
|switch|p2a: Dragonite|Dragonite, L50, M|100/100
|switch|p2b: Garchomp|Garchomp, L50, M|100/100
|turn|1
|inactive|miss mizz has 30 seconds left.
|
|t:|1757820072
|move|p2b: Garchomp|Protect|p2b: Garchomp
|-singleturn|p2b: Garchomp|Protect
|move|p2a: Dragonite|Extreme Speed|p1a: Primarina
|-damage|p1a: Primarina|63/100
|move|p1b: Meowscarada|Grass Pledge|p2a: Dragonite
|-waiting|p1b: Meowscarada|p1a: Primarina
|move|p1a: Primarina|Water Pledge|p2a: Dragonite|[from] move: Grass Pledge
|-combine
|-resisted|p2a: Dragonite
|-damage|p2a: Dragonite|72/100
|-sidestart|p2: OwanTanSoup|Grass Pledge
|-damage|p1a: Primarina|53/100|[from] item: Life Orb
|
|-heal|p2a: Dragonite|78/100|[from] item: Leftovers
|upkeep
|turn|2
|inactive|miss mizz has 30 seconds left.
|inactive|OwanTanSoup has 30 seconds left.
|
|t:|1757820103
|switch|p2b: Ceruledge|Ceruledge, L50, M, shiny|100/100
|move|p2a: Dragonite|Extreme Speed|p1a: Primarina
|-damage|p1a: Primarina|18/100
|move|p1b: Meowscarada|Knock Off|p2a: Dragonite
|-damage|p2a: Dragonite|24/100
|-enditem|p2a: Dragonite|Leftovers|[from] move: Knock Off|[of] p1b: Meowscarada
|move|p1a: Primarina|Moonblast|p2b: Ceruledge
|-resisted|p2b: Ceruledge
|-damage|p2b: Ceruledge|64/100
|-damage|p1a: Primarina|8/100|[from] item: Life Orb
|
|upkeep
|turn|3
|inactive|OwanTanSoup has 30 seconds left.
|
|t:|1757820134
|switch|p1b: Indeedee|Indeedee, L50, M, shiny|100/100
|-fieldstart|move: Psychic Terrain|[from] ability: Psychic Surge|[of] p1b: Indeedee
|move|p2a: Dragonite|Extreme Speed|p1a: Primarina
|-activate|p1a: Primarina|move: Psychic Terrain
|move|p1a: Primarina|Hyper Voice|p2b: Ceruledge|[spread] p2a,p2b
|-resisted|p2a: Dragonite
|-supereffective|p2b: Ceruledge
|-damage|p2a: Dragonite|0 fnt
|-damage|p2b: Ceruledge|0 fnt
|faint|p2a: Dragonite
|faint|p2b: Ceruledge
|-damage|p1a: Primarina|0 fnt|[from] item: Life Orb
|faint|p1a: Primarina
|
|upkeep
|
|t:|1757820151
|switch|p2a: Garchomp|Garchomp, L50, M|100/100
|switch|p2b: Rotom|Rotom-Mow, L50|100/100
|switch|p1a: Sylveon|Sylveon, L50, M, shiny|100/100
|turn|4
|inactive|OwanTanSoup has 30 seconds left.
|inactive|OwanTanSoup has 20 seconds left.
|inactive|OwanTanSoup has 15 seconds left.
|inactive|OwanTanSoup has 10 seconds left.
|
|t:|1757820198
|move|p1a: Sylveon|Hyper Voice|p2a: Garchomp|[spread] p2a,p2b
|-supereffective|p2a: Garchomp
|-damage|p2a: Garchomp|0 fnt
|-damage|p2b: Rotom|24/100
|faint|p2a: Garchomp
|move|p2b: Rotom|Electroweb|p1a: Sylveon|[spread] p1a,p1b
|-damage|p1a: Sylveon|84/100
|-damage|p1b: Indeedee|79/100
|-unboost|p1a: Sylveon|spe|1
|-unboost|p1b: Indeedee|spe|1
|move|p1b: Indeedee|Trick Room|p1b: Indeedee
|-fieldstart|move: Trick Room|[of] p1b: Indeedee
|
|-sideend|p2: OwanTanSoup|Grass Pledge
|upkeep
|turn|5
|
|t:|1757820212
|move|p2b: Rotom|Protect|p2b: Rotom
|-singleturn|p2b: Rotom|Protect
|move|p1a: Sylveon|Hyper Voice|p2b: Rotom
|-activate|p2b: Rotom|move: Protect
|move|p1b: Indeedee|Expanding Force|p2b: Rotom
|-activate|p2b: Rotom|move: Protect
|
|upkeep
|turn|6
|-message|OwanTanSoup forfeited.
|
|win|miss mizz
|l|☆OwanTanSoup
|player|p2|
||miss mizz is ready for game 2.
||OwanTanSoup is ready for game 2.
|uhtml|next|Next: Game 2 of 3
