|j|☆NicoHax
|j|☆IngeVGC
|html|NicoHaxIngeVGC    
|uhtml|bestof|Game 1 of a best-of-3
|t:|1756485188
|gametype|doubles
|player|p1|NicoHax|ethan|1328
|player|p2|IngeVGC|fisherman-gen4|1447
|gen|9
|tier|[Gen 9] VGC 2025 Reg H (Bo3)
|rated|
|rule|Species Clause: Limit one of each Pokémon
|rule|Item Clause: Limit 1 of each item
|clearpoke
|poke|p1|Sneasler, L50, M|
|poke|p1|Volcarona, L50, F|
|poke|p1|Baxcalibur, L50, F|
|poke|p1|Rillaboom, L50, M|
|poke|p1|Kingambit, L50, M|
|poke|p1|Dondozo, L50, M|
|poke|p2|Kingambit, L50, F|
|poke|p2|Rillaboom, L50, M|
|poke|p2|Electabuzz, L50, M|
|poke|p2|Volcarona, L50, F|
|poke|p2|Sneasler, L50, F|
|poke|p2|Dragonite, L50, F|
|teampreview|4
|showteam|p1|Sneasler||FocusSash|Unburden|CloseCombat,DireClaw,Coaching,Protect|||M|||50|,,,,,Stellar]Volcarona||CovertCloak|FlameBody|QuiverDance,HeatWave,TeraBlast,Protect|||F|||50|,,,,,Fairy]Baxcalibur||LoadedDice|ThermalExchange|Protect,IceShard,ScaleShot,IcicleSpear|||F|||50|,,,,,Ghost]Rillaboom||AssaultVest|GrassySurge|WoodHammer,GrassyGlide,HighHorsepower,FakeOut|||M|||50|,,,,,Water]Kingambit||SafetyGoggles|Defiant|KowtowCleave,SuckerPunch,SwordsDance,Protect|||M|||50|,,,,,Ghost]Dondozo||Leftovers|Unaware|Protect,Yawn,Liquidation,Fissure|||M|||50|,,,,,Poison
|showteam|p2|Kingambit||BlackGlasses|Defiant|Protect,KowtowCleave,SuckerPunch,SwordsDance|||F|||50|,,,,,Dark]Rillaboom||AssaultVest|GrassySurge|WoodHammer,GrassyGlide,HighHorsepower,FakeOut|||M|||50|,,,,,Fire]Electabuzz||Eviolite|VitalSpirit|Protect,Thunderbolt,HelpingHand,FollowMe|||M|||50|,,,,,Ghost]Volcarona||CovertCloak|FlameBody|Protect,HeatWave,TeraBlast,QuiverDance|||F|||50|,,,,,Fairy]Sneasler||FocusSash|Unburden|CloseCombat,DireClaw,Coaching,FakeOut|||F|||50|,,,,,Stellar]Dragonite||LoadedDice|Multiscale|ScaleShot,Haze,ExtremeSpeed,Protect|||F|||50|,,,,,Fairy
|
|t:|1756485234
|teamsize|p1|4
|teamsize|p2|4
|start
|switch|p1a: Laertes|Sneasler, L50, M|100/100
|switch|p1b: Carmy|Dondozo, L50, M|100/100
|switch|p2a: Vanessa|Sneasler, L50, F|100/100
|switch|p2b: Cassie|Dragonite, L50, F|100/100
|turn|1
|
|t:|1756485255
|-terastallize|p1b: Carmy|Poison
|move|p1a: Laertes|Dire Claw|p2b: Cassie
|-damage|p2b: Cassie|77/100
|move|p2a: Vanessa|Coaching|p2b: Cassie
|-boost|p2b: Cassie|atk|1
|-boost|p2b: Cassie|def|1
|move|p2b: Cassie|Scale Shot|p1a: Laertes
|-damage|p1a: Laertes|67/100
|-damage|p1a: Laertes|30/100
|-damage|p1a: Laertes|0 fnt
|faint|p1a: Laertes
|-hitcount|p1: Laertes|3
|-unboost|p2b: Cassie|def|1
|-boost|p2b: Cassie|spe|1
|move|p1b: Carmy|Liquidation|p2a: Vanessa
|-damage|p2a: Vanessa|52/100
|
|upkeep
|
|t:|1756485275
|switch|p1a: Siddartha|Baxcalibur, L50, F|100/100
|turn|2
|
|t:|1756485301
|-terastallize|p2b: Cassie|Fairy
|move|p1a: Siddartha|Protect|p1a: Siddartha
|-singleturn|p1a: Siddartha|Protect
|move|p2b: Cassie|Scale Shot|p1a: Siddartha
|-activate|p1a: Siddartha|move: Protect
|move|p2a: Vanessa|Close Combat|p1a: Siddartha
|-activate|p1a: Siddartha|move: Protect
|move|p1b: Carmy|Liquidation|p2a: Vanessa
|-damage|p2a: Vanessa|5/100
|
|upkeep
|turn|3
|
|t:|1756485321
|switch|p2a: Snarf|Electabuzz, L50, M|100/100
|move|p2b: Cassie|Protect|p2b: Cassie
|-singleturn|p2b: Cassie|Protect
|move|p1a: Siddartha|Ice Shard|p2a: Snarf
|-damage|p2a: Snarf|81/100
|move|p1b: Carmy|Yawn|p2b: Cassie
|-activate|p2b: Cassie|move: Protect
|
|upkeep
|turn|4
|
|t:|1756485335
|switch|p1a: Kaisen|Kingambit, L50, M|100/100
|move|p2a: Snarf|Follow Me|p2a: Snarf
|-singleturn|p2a: Snarf|move: Follow Me
|move|p2b: Cassie|Scale Shot|p1a: Kaisen
|-resisted|p1a: Kaisen
|-damage|p1a: Kaisen|93/100
|-resisted|p1a: Kaisen
|-damage|p1a: Kaisen|84/100
|-resisted|p1a: Kaisen
|-damage|p1a: Kaisen|77/100
|-resisted|p1a: Kaisen
|-damage|p1a: Kaisen|68/100
|-resisted|p1a: Kaisen
|-damage|p1a: Kaisen|60/100
|-hitcount|p1a: Kaisen|5
|-unboost|p2b: Cassie|def|1
|-boost|p2b: Cassie|spe|1
|move|p1b: Carmy|Liquidation|p2a: Snarf
|-damage|p2a: Snarf|57/100
|
|upkeep
|turn|5
|
|t:|1756485352
|move|p2b: Cassie|Scale Shot|p1a: Kaisen
|-resisted|p1a: Kaisen
|-damage|p1a: Kaisen|53/100
|-resisted|p1a: Kaisen
|-damage|p1a: Kaisen|44/100
|-resisted|p1a: Kaisen
|-damage|p1a: Kaisen|36/100
|-resisted|p1a: Kaisen
|-damage|p1a: Kaisen|27/100
|-hitcount|p1a: Kaisen|4
|-unboost|p2b: Cassie|def|1
|-boost|p2b: Cassie|spe|1
|move|p2a: Snarf|Thunderbolt|p1a: Kaisen
|-damage|p1a: Kaisen|1/100
|move|p1a: Kaisen|Kowtow Cleave|p2b: Cassie
|-resisted|p2b: Cassie
|-damage|p2b: Cassie|29/100
|move|p1b: Carmy|Liquidation|p2b: Cassie
|-damage|p2b: Cassie|0 fnt
|faint|p2b: Cassie
|
|upkeep
|
|t:|1756485363
|switch|p2b: Vanessa|Sneasler, L50, F|5/100
|turn|6
|
|t:|1756485383
|move|p1a: Kaisen|Protect|p1a: Kaisen
|-singleturn|p1a: Kaisen|Protect
|move|p2b: Vanessa|Fake Out|p1b: Carmy
|-damage|p1b: Carmy|92/100
|move|p2a: Snarf|Thunderbolt|p1a: Kaisen
|-activate|p1a: Kaisen|move: Protect
|cant|p1b: Carmy|flinch
|
|-heal|p1b: Carmy|99/100|[from] item: Leftovers
|upkeep
|turn|7
|
|t:|1756485397
|switch|p1a: Siddartha|Baxcalibur, L50, F|100/100
|move|p2b: Vanessa|Coaching|p2a: Snarf
|-boost|p2a: Snarf|atk|1
|-boost|p2a: Snarf|def|1
|move|p2a: Snarf|Thunderbolt|p1a: Siddartha
|-resisted|p1a: Siddartha
|-damage|p1a: Siddartha|84/100
|move|p1b: Carmy|Liquidation|p2b: Vanessa
|-damage|p2b: Vanessa|0 fnt
|faint|p2b: Vanessa
|
|-heal|p1b: Carmy|100/100|[from] item: Leftovers
|upkeep
|
|t:|1756485402
|switch|p2b: Kerchak|Rillaboom, L50, M|100/100
|-fieldstart|move: Grassy Terrain|[from] ability: Grassy Surge|[of] p2b: Kerchak
|turn|8
|
|t:|1756485418
|move|p2a: Snarf|Follow Me|p2a: Snarf
|-singleturn|p2a: Snarf|move: Follow Me
|move|p1a: Siddartha|Icicle Spear|p2a: Snarf
|-damage|p2a: Snarf|50/100
|-damage|p2a: Snarf|41/100
|-damage|p2a: Snarf|32/100
|-damage|p2a: Snarf|23/100
|-hitcount|p2a: Snarf|4
|move|p2b: Kerchak|High Horsepower|p1b: Carmy
|-supereffective|p1b: Carmy
|-damage|p1b: Carmy|61/100
|move|p1b: Carmy|Liquidation|p2a: Snarf
|-damage|p2a: Snarf|0 fnt
|faint|p2a: Snarf
|
|-heal|p1a: Siddartha|90/100|[from] Grassy Terrain
|-heal|p1b: Carmy|68/100|[from] Grassy Terrain
|-heal|p1b: Carmy|74/100|[from] item: Leftovers
|upkeep
|turn|9
|
|t:|1756485430
|move|p2b: Kerchak|Grassy Glide|p1a: Siddartha
|-resisted|p1a: Siddartha
|-damage|p1a: Siddartha|74/100
|move|p1a: Siddartha|Icicle Spear|p2b: Kerchak
|-supereffective|p2b: Kerchak
|-damage|p2b: Kerchak|74/100
|-supereffective|p2b: Kerchak
|-damage|p2b: Kerchak|45/100
|-supereffective|p2b: Kerchak
|-damage|p2b: Kerchak|14/100
|-supereffective|p2b: Kerchak
|-damage|p2b: Kerchak|0 fnt
|faint|p2b: Kerchak
|-hitcount|p2: Kerchak|4
|
|win|NicoHax
||IngeVGC is ready for game 2.
||NicoHax is ready for game 2.
|uhtml|next|Next: Game 2 of 3
|l|☆IngeVGC
|player|p2|
|l|☆NicoHax
|player|p1|
|j|☆IngeVGC
|player|p2|IngeVGC|fisherman-gen4|
