|j|☆NEOLODO
|j|☆CrystalGem02
|html|NEOLODOCrystalGem02    
|uhtml|bestof|Game 2 of a best-of-3
|t:|1756665432
|gametype|doubles
|player|p1|NEOLODO|265|1180
|player|p2|CrystalGem02|valerie|1271
|gen|9
|tier|[Gen 9] VGC 2025 Reg H (Bo3)
|rated|
|rule|Species Clause: Limit one of each Pokémon
|rule|Item Clause: Limit 1 of each item
|clearpoke
|poke|p1|Lilligant-Hisui, L50, F|
|poke|p1|Hatterene, L50, F|
|poke|p1|Ursaluna, L50, M|
|poke|p1|Indeedee-F, L50, F|
|poke|p1|Torkoal, L50, F|
|poke|p1|Gallade, L50, M|
|poke|p2|Sylveon, L50, F|
|poke|p2|Archaludon, L50, M|
|poke|p2|Incineroar, L50, F|
|poke|p2|Ursaluna, L50, M|
|poke|p2|Ribombee, L50, F|
|poke|p2|Porygon2, L50|
|teampreview|4
|showteam|p1|Lilligant-Hisui||FocusSash|Chlorophyll|SolarBlade,AfterYou,CloseCombat,SleepPowder|||F|||50|,,,,,Ghost]Hatterene||CovertCloak|MagicBounce|DazzlingGleam,ExpandingForce,TrickRoom,MysticalFire|||F|||50|,,,,,Fire]Ursaluna||FlameOrb|Guts|Facade,HeadlongRush,Earthquake,Protect|||M|||50|,,,,,Ghost]Indeedee-F||PsychicSeed|PsychicSurge|Psychic,TrickRoom,HelpingHand,FollowMe|||F|||50|,,,,,Dragon]Torkoal||FlamePlate|Drought|Eruption,WeatherBall,HeatWave,Protect|||F|||50|,,,,,Fire]Gallade||ClearAmulet|Sharpness|PsychoCut,SacredSword,TrickRoom,WideGuard|||M|||50|,,,,,Grass
|showteam|p2|Sylveon||LifeOrb|Pixilate|HyperVoice,QuickAttack,TeraBlast,Protect|||F|||50|,,,,,Fire]Archaludon||PowerHerb|Sturdy|FlashCannon,DracoMeteor,ElectroShot,Protect|||M|||50|,,,,,Electric]Incineroar||SafetyGoggles|Intimidate|FakeOut,FlareBlitz,KnockOff,PartingShot|||F|||50|,,,,,Ghost]Ursaluna||FlameOrb|Guts|Facade,HeadlongRush,Earthquake,Protect|||M|||50|,,,,,Ghost]Ribombee||CovertCloak|SweetVeil|Tailwind,PollenPuff,Moonblast,Protect|||F|||50|,,,,,Water]Porygon2||Eviolite|Download|TeraBlast,IceBeam,Recover,TrickRoom||||||50|,,,,,Flying
|inactive|Battle timer is ON: inactive players will automatically lose when time's up. (requested by NEOLODO)
|
|t:|1756665459
|teamsize|p1|4
|teamsize|p2|4
|start
|switch|p1a: Hatterene|Hatterene, L50, F|100/100
|switch|p1b: Gallade|Gallade, L50, M|100/100
|switch|p2a: Honey|Ribombee, L50, F|100/100
|switch|p2b: Scotti|Incineroar, L50, F|100/100
|-ability|p2b: Scotti|Intimidate|boost
|-unboost|p1a: Hatterene|atk|1
|-fail|p1b: Gallade|unboost|[from] item: Clear Amulet|[of] p1b: Gallade
|turn|1
|inactive|NEOLODO has 30 seconds left.
|
|t:|1756665485
|switch|p1b: Indeedee|Indeedee-F, L50, F|100/100
|-fieldstart|move: Psychic Terrain|[from] ability: Psychic Surge|[of] p1b: Indeedee
|-enditem|p1b: Indeedee|Psychic Seed
|-boost|p1b: Indeedee|spd|1|[from] item: Psychic Seed
|-terastallize|p2b: Scotti|Ghost
|move|p2a: Honey|Moonblast|p1b: Indeedee
|-damage|p1b: Indeedee|76/100
|move|p2b: Scotti|Parting Shot|p1a: Hatterene
|move|p1a: Hatterene|Parting Shot|p2b: Scotti|[from] ability: Magic Bounce
|-unboost|p2b: Scotti|atk|1
|-unboost|p2b: Scotti|spa|1
|
|t:|1756665504
|switch|p1a: Gallade|Gallade, L50, M|100/100|[from] Parting Shot
|
|upkeep
|turn|2
|inactive|CrystalGem02 has 30 seconds left.
|
|t:|1756665531
|move|p2a: Honey|Pollen Puff|p1b: Indeedee
|-supereffective|p1b: Indeedee
|-damage|p1b: Indeedee|29/100
|move|p1a: Gallade|Psycho Cut|p2a: Honey
|-damage|p2a: Honey|0 fnt
|faint|p2a: Honey
|move|p2b: Scotti|Parting Shot|p1b: Indeedee
|-unboost|p1b: Indeedee|atk|1
|-unboost|p1b: Indeedee|spa|1
|
|t:|1756665540
|switch|p2b: Luna|Ursaluna, L50, M|100/100|[from] Parting Shot
|move|p1b: Indeedee|Trick Room|p1b: Indeedee
|-fieldstart|move: Trick Room|[of] p1b: Indeedee
|
|-status|p2b: Luna|brn|[from] item: Flame Orb
|upkeep
|
|t:|1756665553
|switch|p2a: Lillie|Sylveon, L50, F|100/100
|turn|3
|
|t:|1756665567
|move|p2b: Luna|Protect|p2b: Luna
|-singleturn|p2b: Luna|Protect
|move|p1b: Indeedee|Follow Me|p1b: Indeedee
|-singleturn|p1b: Indeedee|move: Follow Me
|move|p2a: Lillie|Hyper Voice|p1b: Indeedee|[spread] p1a,p1b
|-supereffective|p1a: Gallade
|-damage|p1a: Gallade|0 fnt
|-damage|p1b: Indeedee|0 fnt
|faint|p1a: Gallade
|faint|p1b: Indeedee
|-damage|p2a: Lillie|91/100|[from] item: Life Orb
|
|-damage|p2b: Luna|95/100 brn|[from] brn
|upkeep
|
|t:|1756665576
|switch|p1b: Hatterene|Hatterene, L50, F|100/100
|switch|p1a: Torkoal|Torkoal, L50, F|100/100
|-weather|SunnyDay|[from] ability: Drought|[of] p1a: Torkoal
|turn|4
|
|t:|1756665597
|switch|p2b: Scotti|Incineroar, L50, F, tera:Ghost|100/100
|-ability|p2b: Scotti|Intimidate|boost
|-unboost|p1a: Torkoal|atk|1
|-unboost|p1b: Hatterene|atk|1
|-terastallize|p1a: Torkoal|Fire
|move|p2a: Lillie|Protect|p2a: Lillie
|-singleturn|p2a: Lillie|Protect
|move|p1a: Torkoal|Eruption|p2b: Scotti|[spread] p2b
|-activate|p2a: Lillie|move: Protect
|-damage|p2b: Scotti|7/100
|move|p1b: Hatterene|Expanding Force|p2a: Lillie|[spread] p2b
|-activate|p2a: Lillie|move: Protect
|-damage|p2b: Scotti|0 fnt
|faint|p2b: Scotti
|
|-weather|SunnyDay|[upkeep]
|upkeep
|
|t:|1756665609
|switch|p2b: Luna|Ursaluna, L50, M|95/100 brn
|turn|5
|
|t:|1756665615
|move|p2b: Luna|Protect|p2b: Luna
|-singleturn|p2b: Luna|Protect
|move|p2a: Lillie|Protect|p2a: Lillie
|-singleturn|p2a: Lillie|Protect
|move|p1a: Torkoal|Eruption|p2b: Luna|[spread] 
|-activate|p2a: Lillie|move: Protect
|-activate|p2b: Luna|move: Protect
|move|p1b: Hatterene|Expanding Force|p2b: Luna|[spread] 
|-activate|p2a: Lillie|move: Protect
|-activate|p2b: Luna|move: Protect
|
|-weather|SunnyDay|[upkeep]
|-damage|p2b: Luna|89/100 brn|[from] brn
|-fieldend|move: Psychic Terrain
|upkeep
|turn|6
|inactive|CrystalGem02 has 30 seconds left.
|
|t:|1756665641
|move|p2b: Luna|Protect|p2b: Luna
|-singleturn|p2b: Luna|Protect
|move|p2a: Lillie|Quick Attack|p1b: Hatterene
|-damage|p1b: Hatterene|85/100
|-damage|p2a: Lillie|81/100|[from] item: Life Orb
|move|p1a: Torkoal|Eruption|p2b: Luna|[spread] p2a
|-activate|p2b: Luna|move: Protect
|-damage|p2a: Lillie|0 fnt
|faint|p2a: Lillie
|move|p1b: Hatterene|Expanding Force|p2b: Luna
|-activate|p2b: Luna|move: Protect
|
|-weather|SunnyDay|[upkeep]
|-damage|p2b: Luna|83/100 brn|[from] brn
|-fieldend|move: Trick Room
|upkeep
|turn|7
|inactive|NEOLODO has 30 seconds left.
|inactive|CrystalGem02 has 30 seconds left.
|
|t:|1756665674
|move|p1a: Torkoal|Protect|p1a: Torkoal
|-singleturn|p1a: Torkoal|Protect
|move|p2b: Luna|Earthquake|p1b: Hatterene|[spread] p1b
|-activate|p1a: Torkoal|move: Protect
|-damage|p1b: Hatterene|12/100
|move|p1b: Hatterene|Trick Room|p1b: Hatterene
|-fieldstart|move: Trick Room|[of] p1b: Hatterene
|
|-weather|SunnyDay|[upkeep]
|-damage|p2b: Luna|77/100 brn|[from] brn
|upkeep
|turn|8
|
|t:|1756665688
|move|p1a: Torkoal|Eruption|p2b: Luna
|-damage|p2b: Luna|0 fnt
|faint|p2b: Luna
|
|win|NEOLODO
