|j|☆guillelona
|j|☆tipolucha
|html|guillelonatipolucha    
|uhtml|bestof|Game 1 of a best-of-3
|t:|1784992254
|gametype|doubles
|player|p1|guillelona|2|1164
|player|p2|tipolucha|266|1134
|gen|9
|tier|[Gen 9 Champions] VGC 2026 Reg M-B (Bo3)
|rated|
|rule|Species Clause: Limit one of each Pokémon
|rule|Item Clause: Limit 1 of each item
|clearpoke
|poke|p1|Vivillon-Tundra, L50, F|
|poke|p1|Mawile, L50, F|
|poke|p1|Torkoal, L50, M|
|poke|p1|Farigiraf, L50, F|
|poke|p1|Garchomp, L50, F|
|poke|p1|Raichu, L50, M|
|poke|p2|Whimsicott, L50, F|
|poke|p2|Froslass, L50, F|
|poke|p2|Tyrantrum, L50, M|
|poke|p2|Sneasler, L50, F|
|poke|p2|Milotic, L50, F|
|poke|p2|Scizor, L50, F|
|teampreview|4
|showteam|p1|Vivillon-Tundra||FocusSash|CompoundEyes|Hurricane,SleepPowder,RagePowder,Protect|Timid||F|||50|]Mawile||Mawilite|Intimidate|PlayRough,RockSlide,SuckerPunch,Protect|Adamant||F|||50|]Torkoal||Charcoal|Drought|Eruption,WeatherBall,Protect,EarthPower|Quiet||M|||50|]Farigiraf||SitrusBerry|ArmorTail|Psychic,Thunderbolt,TrickRoom,HelpingHand|Relaxed||F|||50|]Garchomp||LifeOrb|RoughSkin|DragonClaw,Earthquake,RockSlide,Protect|Jolly||F|||50|]Raichu||RaichuniteY|LightningRod|ZapCannon,FocusBlast,FakeOut,Protect|Timid||M|||50|
|showteam|p2|Whimsicott||FocusSash|Prankster|EnergyBall,Moonblast,FakeTears,Tailwind|Timid||F|||50|]Froslass||Froslassite|SnowCloak|Blizzard,AuroraVeil,ShadowBall,Protect|Timid||F|||50|]Tyrantrum||ChoiceScarf|StrongJaw|Crunch,RockSlide,FireFang,PsychicFangs|Jolly||M|||50|]Sneasler||WhiteHerb|Unburden|CloseCombat,Protect,DireClaw,RockSlide|Adamant||F|||50|]Milotic||MysticWater|Competitive|IceBeam,Scald,IcyWind,Protect|Modest||F|||50|]Scizor||Scizorite|Technician|BugBite,BulletPunch,Protect,Assurance|Adamant||F|||50|
|
|t:|1784992283
|teamsize|p1|4
|teamsize|p2|4
|start
|switch|p1a: Mawile|Mawile, L50, F|100/100
|switch|p1b: Raichu|Raichu, L50, M|100/100
|switch|p2a: Tyrantrum|Tyrantrum, L50, M|100/100
|switch|p2b: Scizor|Scizor, L50, F|100/100
|-ability|p1a: Mawile|Intimidate|boost
|-unboost|p2a: Tyrantrum|atk|1
|-unboost|p2b: Scizor|atk|1
|turn|1
|inactive|Battle timer is ON: inactive players will automatically lose when time's up. (requested by guillelona)
|inactive|guillelona has 60 seconds left.
|inactive|guillelona has 30 seconds left.
|inactive|guillelona has 20 seconds left.
|inactive|guillelona has 15 seconds left.
|inactive|guillelona has 10 seconds left.
|inactive|guillelona has 5 seconds left.
|
|t:|1784992437
|detailschange|p2b: Scizor|Scizor-Mega, L50, F
|-mega|p2b: Scizor|Scizor|Scizorite
|move|p2b: Scizor|Bullet Punch|p1a: Mawile
|-damage|p1a: Mawile|66/100
|move|p2a: Tyrantrum|Rock Slide|p1b: Raichu|[spread] p1a,p1b
|-resisted|p1a: Mawile|1
|-damage|p1a: Mawile|55/100
|-damage|p1b: Raichu|70/100
|move|p1b: Raichu|Zap Cannon|p2b: Scizor|[miss]
|-miss|p1b: Raichu|p2b: Scizor
|move|p1a: Mawile|Play Rough|p2a: Tyrantrum
|-supereffective|p2a: Tyrantrum|1
|-damage|p2a: Tyrantrum|26/100
|
|upkeep
|turn|2
|
|t:|1784992455
|detailschange|p1b: Raichu|Raichu-Mega-Y, L50, M
|-mega|p1b: Raichu|Raichu|Raichunite Y
|move|p2b: Scizor|Bullet Punch|p1a: Mawile
|-damage|p1a: Mawile|20/100y
|move|p1a: Mawile|Sucker Punch|p2a: Tyrantrum
|-damage|p2a: Tyrantrum|6/100
|move|p2a: Tyrantrum|Rock Slide|p1b: Raichu|[spread] p1a,p1b
|-resisted|p1a: Mawile|1
|-damage|p1a: Mawile|8/100
|-damage|p1b: Raichu|40/100
|move|p1b: Raichu|Zap Cannon|p2b: Scizor
|-damage|p2b: Scizor|40/100
|-status|p2b: Scizor|par
|
|upkeep
|turn|3
|
|t:|1784992472
|switch|p2a: Whimsicott|Whimsicott, L50, F|100/100
|move|p1a: Mawile|Sucker Punch||[still]
|-fail|p1a: Mawile
|move|p2b: Scizor|Bullet Punch|p1b: Raichu
|-resisted|p1b: Raichu|1
|-damage|p1b: Raichu|21/100
|move|p1b: Raichu|Zap Cannon|p2b: Scizor
|-damage|p2b: Scizor|0 fnt
|faint|p2b: Scizor
|
|upkeep
|
|t:|1784992493
|switch|p2b: Tyrantrum|Tyrantrum, L50, M|6/100
|turn|4
|
|t:|1784992503
|move|p2a: Whimsicott|Tailwind|p2a: Whimsicott
|-sidestart|p2: tipolucha|move: Tailwind
|move|p1a: Mawile|Sucker Punch|p2b: Tyrantrum
|-damage|p2b: Tyrantrum|0 fnt
|faint|p2b: Tyrantrum
|move|p1b: Raichu|Zap Cannon|p2a: Whimsicott
|-resisted|p2a: Whimsicott|1
|-damage|p2a: Whimsicott|47/100
|-status|p2a: Whimsicott|par
|
|upkeep
|
|t:|1784992508
|switch|p2b: Sneasler|Sneasler, L50, F|100/100
|turn|5
|
|t:|1784992520
|move|p2b: Sneasler|Rock Slide|p1b: Raichu|[spread] p1b
|-miss|p2b: Sneasler|p1a: Mawile
|-damage|p1b: Raichu|0 fnt
|faint|p1b: Raichu
|move|p2a: Whimsicott|Moonblast|p1a: Mawile
|-resisted|p1a: Mawile|1
|-damage|p1a: Mawile|0 fnt
|faint|p1a: Mawile
|
|upkeep
|
|t:|1784992522
|switch|p1b: Farigiraf|Farigiraf, L50, F|100/100
|switch|p1a: Torkoal|Torkoal, L50, M|100/100
|-weather|SunnyDay|[from] ability: Drought|[of] p1a: Torkoal
|turn|6
|
|t:|1784992534
|move|p1a: Torkoal|Protect|p1a: Torkoal
|-singleturn|p1a: Torkoal|Protect
|move|p2b: Sneasler|Close Combat|p1b: Farigiraf
|-damage|p1b: Farigiraf|49/100
|-unboost|p2b: Sneasler|def|1
|-unboost|p2b: Sneasler|spd|1
|-enditem|p1b: Farigiraf|Sitrus Berry|[eat]
|-heal|p1b: Farigiraf|74/100|[from] item: Sitrus Berry
|-enditem|p2b: Sneasler|White Herb
|-clearnegativeboost|p2b: Sneasler|[silent]
|move|p2a: Whimsicott|Moonblast|p1b: Farigiraf
|-damage|p1b: Farigiraf|41/100
|move|p1b: Farigiraf|Trick Room|p1b: Farigiraf
|-fieldstart|move: Trick Room|[of] p1b: Farigiraf
|
|-weather|SunnyDay|[upkeep]
|upkeep
|turn|7
|
|t:|1784992552
|move|p1a: Torkoal|Eruption|p2b: Sneasler|[spread] p2a,p2b
|-supereffective|p2a: Whimsicott|1
|-damage|p2a: Whimsicott|0 fnt
|-damage|p2b: Sneasler|0 fnt
|faint|p2a: Whimsicott
|faint|p2b: Sneasler
|
|win|guillelona
||guillelona is ready for game 2.
||tipolucha is ready for game 2.
|uhtml|next|Next: Game 2 of 3
|l|☆guillelona
|player|p1|
|l|☆tipolucha
|player|p2|
|j|☆guillelona
|player|p1|guillelona|2|
