|j|☆Andrea Pirlo 2
|j|☆lalalaing
|html|Andrea Pirlo 2lalalaing    
|uhtml|bestof|Game 2 of a best-of-3
|t:|1784132128
|gametype|doubles
|player|p1|Andrea Pirlo 2|lucas|1450
|player|p2|lalalaing|chili|1449
|gen|9
|tier|[Gen 9 Champions] VGC 2026 Reg M-B (Bo3)
|rated|
|rule|Species Clause: Limit one of each Pokémon
|rule|Item Clause: Limit 1 of each item
|clearpoke
|poke|p1|Charizard, L50, M|
|poke|p1|Venusaur, L50, M|
|poke|p1|Grimmsnarl, L50, M|
|poke|p1|Archaludon, L50, M|
|poke|p1|Pelipper, L50, F|
|poke|p1|Swampert, L50, F|
|poke|p2|Swampert, L50, F|
|poke|p2|Gengar, L50, M|
|poke|p2|Pelipper, L50, M|
|poke|p2|Archaludon, L50, M|
|poke|p2|Maushold-Four, L50|
|poke|p2|Grimmsnarl, L50, M|
|teampreview|4
|showteam|p1|Charizard||CharizarditeY|Blaze|HeatWave,WeatherBall,Hurricane,Protect|Modest||M|||50|]Venusaur||FocusSash|Chlorophyll|EnergyBall,SludgeBomb,EarthPower,SleepPowder|Modest||M|||50|]Grimmsnarl||LightClay|Prankster|SpiritBreak,PartingShot,Reflect,LightScreen|Careful||M|||50|]Archaludon||Leftovers|Stamina|ElectroShot,DragonPulse,FlashCannon,Protect|Modest||M|||50|]Pelipper||SitrusBerry|Drizzle|WeatherBall,Hurricane,Tailwind,Protect|Modest||F|||50|]Swampert||Swampertite|Torrent|WaveCrash,HighHorsepower,IcePunch,Protect|Adamant||F|||50|
|showteam|p2|Swampert||Swampertite|Torrent|WaveCrash,Earthquake,IcePunch,Protect|Adamant||F|||50|]Gengar||Gengarite|CursedBody|ShadowBall,SludgeBomb,Disable,Protect|Modest||M|||50|]Pelipper||SitrusBerry|Drizzle|WeatherBall,Hurricane,Tailwind,Protect|Modest||M|||50|]Archaludon||Leftovers|Stamina|FlashCannon,DragonPulse,ElectroShot,Protect|Modest||M|||50|]Maushold-Four||FocusSash|FriendGuard|SuperFang,FollowMe,Encore,Protect|Timid|||||50|]Grimmsnarl||LightClay|Prankster|SpiritBreak,PartingShot,Reflect,LightScreen|Sassy||M|||50|
|inactive|Battle timer is ON: inactive players will automatically lose when time's up. (requested by Andrea Pirlo 2)
|inactive|lalalaing has 60 seconds left.
|
|t:|1784132165
|teamsize|p1|4
|teamsize|p2|4
|start
|switch|p1a: Swampert|Swampert, L50, F|100/100
|switch|p1b: Grimmsnarl|Grimmsnarl, L50, M|100/100
|switch|p2a: Grimmsnarl|Grimmsnarl, L50, M|100/100
|switch|p2b: Swampert|Swampert, L50, F|100/100
|turn|1
|inactive|Andrea Pirlo 2 has 30 seconds left.
|
|t:|1784132196
|detailschange|p1a: Swampert|Swampert-Mega, L50, F
|-mega|p1a: Swampert|Swampert|Swampertite
|detailschange|p2b: Swampert|Swampert-Mega, L50, F
|-mega|p2b: Swampert|Swampert|Swampertite
|move|p1b: Grimmsnarl|Reflect|p1b: Grimmsnarl
|-sidestart|p1: Andrea Pirlo 2|Reflect
|move|p2a: Grimmsnarl|Reflect|p2a: Grimmsnarl
|-sidestart|p2: lalalaing|Reflect
|move|p1a: Swampert|High Horsepower|p2b: Swampert
|-damage|p2b: Swampert|63/100
|move|p2b: Swampert|Wave Crash|p1a: Swampert
|-damage|p1a: Swampert|53/100
|-damage|p2b: Swampert|48/100|[from] Recoil
|
|upkeep
|turn|2
|inactive|lalalaing has 30 seconds left.
|
|t:|1784132224
|switch|p2b: Archaludon|Archaludon, L50, M|100/100
|move|p1a: Swampert|Protect|p1a: Swampert
|-singleturn|p1a: Swampert|Protect
|move|p2a: Grimmsnarl|Parting Shot|p1b: Grimmsnarl
|-hint|Since gen 7, Dark is immune to Prankster moves.
|-immune|p1b: Grimmsnarl
|move|p1b: Grimmsnarl|Spirit Break|p2a: Grimmsnarl
|-supereffective|p2a: Grimmsnarl|1
|-damage|p2a: Grimmsnarl|59/100
|-unboost|p2a: Grimmsnarl|spa|1
|
|upkeep
|turn|3
|inactive|Andrea Pirlo 2 has 30 seconds left.
|
|t:|1784132255
|move|p2a: Grimmsnarl|Parting Shot|p1b: Grimmsnarl
|-hint|Since gen 7, Dark is immune to Prankster moves.
|-immune|p1b: Grimmsnarl
|move|p1a: Swampert|High Horsepower|p2b: Archaludon
|-supereffective|p2b: Archaludon|1
|-damage|p2b: Archaludon|39/100
|-ability|p2b: Archaludon|Stamina|boost
|-boost|p2b: Archaludon|def|1
|move|p2b: Archaludon|Electro Shot||[still]
|-prepare|p2b: Archaludon|Electro Shot
|-boost|p2b: Archaludon|spa|1
|move|p1b: Grimmsnarl|Spirit Break|p2b: Archaludon
|-crit|p2b: Archaludon
|-damage|p2b: Archaludon|2/100
|-unboost|p2b: Archaludon|spa|1
|-ability|p2b: Archaludon|Stamina|boost
|-boost|p2b: Archaludon|def|1
|
|-heal|p2b: Archaludon|8/100|[from] item: Leftovers
|upkeep
|turn|4
|
|t:|1784132276
|move|p2a: Grimmsnarl|Parting Shot|p1a: Swampert
|-unboost|p1a: Swampert|atk|1
|-unboost|p1a: Swampert|spa|1
|
|t:|1784132277
|switch|p2a: Pelipper|Pelipper, L50, M|100/100|[from] Parting Shot
|-weather|RainDance|[from] ability: Drizzle|[of] p2a: Pelipper
|move|p1a: Swampert|High Horsepower|p2b: Archaludon
|-supereffective|p2b: Archaludon|1
|-damage|p2b: Archaludon|0 fnt
|faint|p2b: Archaludon
|move|p1b: Grimmsnarl|Spirit Break|p2a: Pelipper
|-damage|p2a: Pelipper|78/100
|-unboost|p2a: Pelipper|spa|1
|
|-weather|RainDance|[upkeep]
|upkeep
|
|t:|1784132282
|switch|p2b: Swampert|Swampert-Mega, L50, F|48/100
|turn|5
|
|t:|1784132290
|move|p2b: Swampert|Protect|p2b: Swampert
|-singleturn|p2b: Swampert|Protect
|move|p1b: Grimmsnarl|Light Screen|p1b: Grimmsnarl
|-sidestart|p1: Andrea Pirlo 2|move: Light Screen
|move|p1a: Swampert|Wave Crash|p2b: Swampert
|-activate|p2b: Swampert|move: Protect
|move|p2a: Pelipper|Weather Ball|p1a: Swampert
|-damage|p1a: Swampert|29/100
|
|-weather|RainDance|[upkeep]
|upkeep
|turn|6
|
|t:|1784132304
|move|p1b: Grimmsnarl|Parting Shot|p2a: Pelipper
|-unboost|p2a: Pelipper|atk|1
|-unboost|p2a: Pelipper|spa|1
|
|t:|1784132306
|switch|p1b: Archaludon|Archaludon, L50, M|100/100|[from] Parting Shot
|move|p1a: Swampert|Wave Crash|p2b: Swampert
|-damage|p2b: Swampert|3/100
|-damage|p1a: Swampert|15/100|[from] Recoil
|move|p2b: Swampert|Wave Crash|p1a: Swampert
|-damage|p1a: Swampert|0 fnt
|faint|p1a: Swampert
|-damage|p2b: Swampert|0 fnt|[from] Recoil
|faint|p2b: Swampert
|move|p2a: Pelipper|Hurricane|p1b: Archaludon
|-resisted|p1b: Archaludon|1
|-damage|p1b: Archaludon|92/100
|-ability|p1b: Archaludon|Stamina|boost
|-boost|p1b: Archaludon|def|1
|
|-weather|RainDance|[upkeep]
|-heal|p1b: Archaludon|98/100|[from] item: Leftovers
|upkeep
|-message|lalalaing forfeited.
|raw|Andrea Pirlo 2's rating: 1450 → 1470(+20 for winning)
|raw|lalalaing's rating: 1449 → 1429(-20 for losing)
|
|win|Andrea Pirlo 2
