|j|☆NucleoVgcx
|j|☆lukeislit
|html|NucleoVgcxlukeislit    
|uhtml|bestof|Game 2 of a best-of-3
|t:|1783300611
|gametype|doubles
|player|p1|NucleoVgcx|richboy-gen4|1192
|player|p2|lukeislit|1|1132
|gen|9
|tier|[Gen 9 Champions] VGC 2026 Reg M-B (Bo3)
|rated|
|rule|Species Clause: Limit one of each Pokémon
|rule|Item Clause: Limit 1 of each item
|clearpoke
|poke|p1|Metagross, L50, shiny|
|poke|p1|Blastoise, L50, M, shiny|
|poke|p1|Sinistcha, L50, shiny|
|poke|p1|Sneasler, L50, M, shiny|
|poke|p1|Incineroar, L50, M, shiny|
|poke|p1|Grimmsnarl, L50, M, shiny|
|poke|p2|Charizard, L50, F|
|poke|p2|Sylveon, L50, F|
|poke|p2|Garchomp, L50, M|
|poke|p2|Incineroar, L50, M|
|poke|p2|Venusaur, L50, F|
|poke|p2|Farigiraf, L50, F|
|teampreview|4
|showteam|p1|Metagross||Metagrossite|ClearBody|PsychicFangs,IronHead,BrickBreak,Protect|Adamant|||||50|]Blastoise||Blastoisinite|RainDish|WaterSpout,DarkPulse,AuraSphere,Protect|Modest||M|||50|]Sinistcha||KasibBerry|Hospitality|MatchaGotcha,RagePowder,TrickRoom,Protect|Bold|||||50|]Sneasler||WhiteHerb|PoisonTouch|FakeOut,CloseCombat,DireClaw,QuickGuard|Jolly||M|||50|]Incineroar||SitrusBerry|Intimidate|FakeOut,FlareBlitz,PartingShot,ThroatChop|Careful||M|||50|]Grimmsnarl||LightClay|Prankster|Reflect,LightScreen,SpiritBreak,PartingShot|Careful||M|||50|
|showteam|p2|Charizard||CharizarditeY|Blaze|HeatWave,WeatherBall,SolarBeam,Protect|Timid||F|||50|]Sylveon||FairyFeather|Pixilate|HyperVoice,QuickAttack,HyperBeam,Protect|Quiet||F|||50|]Garchomp||LifeOrb|RoughSkin|Earthquake,StompingTantrum,DragonClaw,RockSlide|Jolly||M|||50|]Incineroar||SitrusBerry|Intimidate|FakeOut,PartingShot,FlareBlitz,DarkestLariat|Adamant||M|||50|]Venusaur||FocusSash|Chlorophyll|EnergyBall,SludgeBomb,SleepPowder,Protect|Timid||F|||50|]Farigiraf||ColburBerry|ArmorTail|HelpingHand,TrickRoom,Psychic,Thunderbolt|Calm||F|||50|
|
|t:|1783300640
|teamsize|p1|4
|teamsize|p2|4
|start
|switch|p1a: Blastoise|Blastoise, L50, M, shiny|100/100
|switch|p1b: Grimmsnarl|Grimmsnarl, L50, M, shiny|100/100
|switch|p2a: Charizard|Charizard, L50, F|100/100
|switch|p2b: Farigiraf|Farigiraf, L50, F|100/100
|turn|1
|
|t:|1783300689
|detailschange|p2a: Charizard|Charizard-Mega-Y, L50, F
|-mega|p2a: Charizard|Charizard|Charizardite Y
|-weather|SunnyDay|[from] ability: Drought|[of] p2a: Charizard
|move|p2b: Farigiraf|Helping Hand|p2a: Charizard
|-singleturn|p2a: Charizard|Helping Hand|[of] p2b: Farigiraf
|move|p1a: Blastoise|Protect|p1a: Blastoise
|-singleturn|p1a: Blastoise|Protect
|move|p2a: Charizard|Solar Beam||[still]
|-prepare|p2a: Charizard|Solar Beam
|-anim|p2a: Charizard|Solar Beam|p1a: Blastoise
|-activate|p1a: Blastoise|move: Protect
|move|p1b: Grimmsnarl|Spirit Break|p2b: Farigiraf
|-damage|p2b: Farigiraf|71/100
|-unboost|p2b: Farigiraf|spa|1
|
|-weather|SunnyDay|[upkeep]
|upkeep
|turn|2
|
|t:|1783300727
|switch|p1a: Incineroar|Incineroar, L50, M, shiny|100/100
|-ability|p1a: Incineroar|Intimidate|boost
|-unboost|p2a: Charizard|atk|1
|-unboost|p2b: Farigiraf|atk|1
|move|p2b: Farigiraf|Helping Hand|p2a: Charizard
|-singleturn|p2a: Charizard|Helping Hand|[of] p2b: Farigiraf
|move|p2a: Charizard|Solar Beam||[still]
|-prepare|p2a: Charizard|Solar Beam
|-anim|p2a: Charizard|Solar Beam|p1a: Incineroar
|-resisted|p1a: Incineroar|1
|-damage|p1a: Incineroar|70/100
|move|p1b: Grimmsnarl|Spirit Break|p2a: Charizard
|-resisted|p2a: Charizard|1
|-damage|p2a: Charizard|76/100
|-unboost|p2a: Charizard|spa|1
|
|-weather|SunnyDay|[upkeep]
|upkeep
|turn|3
|
|t:|1783300768
|switch|p2a: Garchomp|Garchomp, L50, M|100/100
|switch|p2b: Incineroar|Incineroar, L50, M|100/100
|-ability|p2b: Incineroar|Intimidate|boost
|-unboost|p1a: Incineroar|atk|1
|-unboost|p1b: Grimmsnarl|atk|1
|move|p1b: Grimmsnarl|Light Screen|p1b: Grimmsnarl
|-sidestart|p1: NucleoVgcx|move: Light Screen
|move|p1a: Incineroar|Parting Shot|p2a: Garchomp
|-unboost|p2a: Garchomp|atk|1
|-unboost|p2a: Garchomp|spa|1
|
|t:|1783300782
|switch|p1a: Blastoise|Blastoise, L50, M, shiny|100/100|[from] Parting Shot
|
|-weather|SunnyDay|[upkeep]
|upkeep
|turn|4
|
|t:|1783300812
|switch|p2b: Charizard|Charizard-Mega-Y, L50, F|76/100
|move|p1a: Blastoise|Protect|p1a: Blastoise
|-singleturn|p1a: Blastoise|Protect
|move|p1b: Grimmsnarl|Reflect|p1b: Grimmsnarl
|-sidestart|p1: NucleoVgcx|Reflect
|move|p2a: Garchomp|Earthquake|p1b: Grimmsnarl|[spread] p1b
|-activate|p1a: Blastoise|move: Protect
|-immune|p2b: Charizard
|-damage|p1b: Grimmsnarl|76/100
|-damage|p2a: Garchomp|90/100|[from] item: Life Orb
|
|-weather|SunnyDay|[upkeep]
|upkeep
|turn|5
|
|t:|1783300850
|switch|p2a: Farigiraf|Farigiraf, L50, F|71/100
|detailschange|p1a: Blastoise|Blastoise-Mega, L50, M, shiny
|-mega|p1a: Blastoise|Blastoise|Blastoisinite
|move|p1b: Grimmsnarl|Parting Shot||[still]
|cant|p2a: Farigiraf|ability: Armor Tail|Parting Shot|[of] p1b: Grimmsnarl
|move|p2b: Charizard|Solar Beam||[still]
|-prepare|p2b: Charizard|Solar Beam
|-anim|p2b: Charizard|Solar Beam|p1a: Blastoise
|-supereffective|p1a: Blastoise|1
|-damage|p1a: Blastoise|42/100
|move|p1a: Blastoise|Water Spout|p2b: Charizard|[spread] p2a,p2b
|-supereffective|p2b: Charizard|1
|-damage|p2a: Farigiraf|61/100
|-damage|p2b: Charizard|45/100
|
|-weather|none
|upkeep
|turn|6
|
|t:|1783300896
|switch|p2a: Incineroar|Incineroar, L50, M|100/100
|-ability|p2a: Incineroar|Intimidate|boost
|-unboost|p1a: Blastoise|atk|1
|-unboost|p1b: Grimmsnarl|atk|1
|move|p2b: Charizard|Protect|p2b: Charizard
|-singleturn|p2b: Charizard|Protect
|move|p1a: Blastoise|Dark Pulse|p2a: Incineroar
|-resisted|p2a: Incineroar|1
|-damage|p2a: Incineroar|78/100
|move|p1b: Grimmsnarl|Spirit Break|p2b: Charizard
|-activate|p2b: Charizard|move: Protect
|
|upkeep
|turn|7
|
|t:|1783300935
|switch|p2b: Garchomp|Garchomp, L50, M|90/100
|switch|p1b: Sinistcha|Sinistcha, L50, shiny|100/100
|-heal|p1a: Blastoise|67/100|[from] ability: Hospitality|[of] p1b: Sinistcha
|move|p2a: Incineroar|Fake Out|p1a: Blastoise
|-damage|p1a: Blastoise|59/100
|cant|p1a: Blastoise|flinch
|
|upkeep
|turn|8
|
|t:|1783300968
|switch|p1b: Incineroar|Incineroar, L50, M, shiny|70/100
|-ability|p1b: Incineroar|Intimidate|boost
|-unboost|p2a: Incineroar|atk|1
|-unboost|p2b: Garchomp|atk|1
|move|p2b: Garchomp|Dragon Claw|p1a: Blastoise
|-damage|p1a: Blastoise|37/100
|-damage|p2b: Garchomp|80/100|[from] item: Life Orb
|move|p1a: Blastoise|Aura Sphere|p2a: Incineroar
|-supereffective|p2a: Incineroar|1
|-crit|p2a: Incineroar
|-damage|p2a: Incineroar|0 fnt
|faint|p2a: Incineroar
|
|upkeep
|
|t:|1783300982
|switch|p2a: Farigiraf|Farigiraf, L50, F|61/100
|turn|9
|
|t:|1783301005
|switch|p2a: Charizard|Charizard-Mega-Y, L50, F|45/100
|-weather|SunnyDay|[from] ability: Drought|[of] p2a: Charizard
|switch|p1b: Sinistcha|Sinistcha, L50, shiny|100/100
|-heal|p1a: Blastoise|62/100|[from] ability: Hospitality|[of] p1b: Sinistcha
|move|p1a: Blastoise|Protect|p1a: Blastoise
|-singleturn|p1a: Blastoise|Protect
|move|p2b: Garchomp|Earthquake|p1b: Sinistcha|[spread] p1b
|-activate|p1a: Blastoise|move: Protect
|-immune|p2a: Charizard
|-resisted|p1b: Sinistcha|1
|-damage|p1b: Sinistcha|91/100
|-damage|p2b: Garchomp|70/100|[from] item: Life Orb
|
|-weather|SunnyDay|[upkeep]
|upkeep
|turn|10
|
|t:|1783301039
|switch|p2b: Farigiraf|Farigiraf, L50, F|61/100
|switch|p1a: Incineroar|Incineroar, L50, M, shiny|70/100
|-ability|p1a: Incineroar|Intimidate|boost
|-unboost|p2a: Charizard|atk|1
|-unboost|p2b: Farigiraf|atk|1
|switch|p1b: Grimmsnarl|Grimmsnarl, L50, M, shiny|76/100
|move|p2a: Charizard|Protect||[still]
|-fail|p2a: Charizard
|
|-weather|SunnyDay|[upkeep]
|-sideend|p1: NucleoVgcx|move: Light Screen
|upkeep
|turn|11
|
|t:|1783301078
|move|p2b: Farigiraf|Helping Hand|p2a: Charizard
|-singleturn|p2a: Charizard|Helping Hand|[of] p2b: Farigiraf
|move|p1b: Grimmsnarl|Light Screen|p1b: Grimmsnarl
|-sidestart|p1: NucleoVgcx|move: Light Screen
|move|p2a: Charizard|Heat Wave|p1a: Incineroar|[spread] p1a,p1b
|-resisted|p1a: Incineroar|1
|-crit|p1b: Grimmsnarl
|-damage|p1a: Incineroar|46/100
|-damage|p1b: Grimmsnarl|0 fnt
|-enditem|p1a: Incineroar|Sitrus Berry|[eat]
|-heal|p1a: Incineroar|70/100|[from] item: Sitrus Berry
|faint|p1b: Grimmsnarl
|move|p1a: Incineroar|Flare Blitz|p2a: Charizard
|-resisted|p2a: Charizard|1
|-damage|p2a: Charizard|0 fnt
|faint|p2a: Charizard
|-damage|p1a: Incineroar|59/100|[from] Recoil
|
|-weather|SunnyDay|[upkeep]
|-sideend|p1: NucleoVgcx|Reflect
|upkeep
|
|t:|1783301098
|switch|p2a: Garchomp|Garchomp, L50, M|70/100
|switch|p1b: Blastoise|Blastoise-Mega, L50, M, shiny|62/100
|turn|12
|
|t:|1783301142
|switch|p1a: Sinistcha|Sinistcha, L50, shiny|91/100
|-heal|p1b: Blastoise|87/100|[from] ability: Hospitality|[of] p1a: Sinistcha
|move|p1b: Blastoise|Protect|p1b: Blastoise
|-singleturn|p1b: Blastoise|Protect
|move|p2a: Garchomp|Stomping Tantrum|p1a: Sinistcha
|-resisted|p1a: Sinistcha|1
|-damage|p1a: Sinistcha|71/100
|-damage|p2a: Garchomp|60/100|[from] item: Life Orb
|move|p2b: Farigiraf|Thunderbolt|p1b: Blastoise
|-activate|p1b: Blastoise|move: Protect
|
|-weather|SunnyDay|[upkeep]
|upkeep
|turn|13
|
|t:|1783301171
|switch|p1b: Incineroar|Incineroar, L50, M, shiny|59/100
|-ability|p1b: Incineroar|Intimidate|boost
|-unboost|p2a: Garchomp|atk|1
|-unboost|p2b: Farigiraf|atk|1
|move|p2a: Garchomp|Stomping Tantrum|p1b: Incineroar
|-supereffective|p1b: Incineroar|1
|-damage|p1b: Incineroar|0 fnt
|faint|p1b: Incineroar
|-damage|p2a: Garchomp|50/100g|[from] item: Life Orb
|move|p1a: Sinistcha|Matcha Gotcha|p2b: Farigiraf|[spread] p2a,p2b
|-damage|p2a: Garchomp|24/100
|-heal|p1a: Sinistcha|85/100|[from] drain|[of] p2a: Garchomp
|-damage|p2b: Farigiraf|41/100
|-heal|p1a: Sinistcha|97/100|[from] drain|[of] p2b: Farigiraf
|-status|p2b: Farigiraf|brn
|move|p2b: Farigiraf|Thunderbolt|p1a: Sinistcha
|-resisted|p1a: Sinistcha|1
|-damage|p1a: Sinistcha|88/100
|
|-weather|none
|-damage|p2b: Farigiraf|35/100 brn|[from] brn
|upkeep
|
|t:|1783301191
|switch|p1b: Blastoise|Blastoise-Mega, L50, M, shiny|87/100
|turn|14
|
|t:|1783301206
|move|p1a: Sinistcha|Rage Powder|p1a: Sinistcha
|-singleturn|p1a: Sinistcha|move: Rage Powder
|move|p2a: Garchomp|Dragon Claw|p1a: Sinistcha
|-damage|p1a: Sinistcha|57/100
|-damage|p2a: Garchomp|14/100|[from] item: Life Orb
|move|p1b: Blastoise|Water Spout|p2b: Farigiraf|[spread] p2a,p2b
|-damage|p2a: Garchomp|0 fnt
|-damage|p2b: Farigiraf|0 fnt
|faint|p2a: Garchomp
|faint|p2b: Farigiraf
|
|win|NucleoVgcx
|inactive|NucleoVgcx has 30 seconds to confirm battle start!
|inactive|lukeislit has 30 seconds to confirm battle start!
||lukeislit is ready for game 3.
||NucleoVgcx is ready for game 3.
|uhtml|next|Next: Game 3 of 3
