|j|☆HikariVT
|j|☆Baygaleo
|html|HikariVTBaygaleo    
|uhtml|bestof|Game 1 of a best-of-3
|t:|1757751755
|gametype|doubles
|player|p1|HikariVT|lillie-masters2|1196
|player|p2|Baygaleo|266|1118
|gen|9
|tier|[Gen 9] VGC 2025 Reg H (Bo3)
|rated|
|rule|Species Clause: Limit one of each Pokémon
|rule|Item Clause: Limit 1 of each item
|clearpoke
|poke|p1|Weavile, L50, M|
|poke|p1|Jumpluff, L50, F|
|poke|p1|Torkoal, L50, F|
|poke|p1|Charizard, L50, F|
|poke|p1|Ursaluna, L50, M|
|poke|p1|Gengar, L50, F|
|poke|p2|Whimsicott, L50, F|
|poke|p2|Annihilape, L50, M|
|poke|p2|Pelipper, L50, F|
|poke|p2|Archaludon, L50, F|
|poke|p2|Sneasler, L50, F|
|poke|p2|Indeedee, L50, M|
|teampreview|4
|showteam|p1|Weavile||WideLens|Pressure|FakeOut,TripleAxel,KnockOff,IcyWind|||M|||50|,,,,,Stellar]Jumpluff||CovertCloak|Chlorophyll|Encore,Tailwind,RagePowder,SunnyDay|||F|||50|,,,,,Poison]Torkoal||EjectPack|Drought|Overheat,Protect,HelpingHand,BodyPress|||F|||50|,,,,,Dragon]Charizard||ChoiceSpecs|SolarPower|HeatWave,SolarBeam,WeatherBall,BlastBurn|||F|||50|,,,,,Fire]Ursaluna||FlameOrb|Guts|Earthquake,Facade,Protect,HeadlongRush|||M|||50|,,,,,Ghost]Gengar||FocusSash|CursedBody|Haze,ShadowBall,SludgeBomb,Protect|||F|||50|,,,,,Fairy
|showteam|p2|Whimsicott||FocusSash|Prankster|Tailwind,Taunt,Moonblast,BeatUp|||F|||50|,,,,,Ghost]Annihilape||AssaultVest|Defiant|RageFist,CloseCombat,RockSlide,DrainPunch|||M|||50|,,,,,Fire]Pelipper||CovertCloak|Drizzle|Tailwind,Hurricane,WeatherBall,Protect|||F|||50|,,,,,Ground]Archaludon||LifeOrb|Stamina|ElectroShot,Protect,DracoMeteor,BodyPress|||F|||50|,,,,,Stellar]Sneasler||PsychicSeed|Unburden|Acrobatics,CloseCombat,DireClaw,ThroatChop|||F|||50|,,,,,Dark]Indeedee||ChoiceSpecs|PsychicSurge|ExpandingForce,Imprison,TrickRoom,Trick|||M|||50|,,,,,Psychic
|inactive|Battle timer is ON: inactive players will automatically lose when time's up. (requested by HikariVT)
|inactive|HikariVT has 60 seconds left.
|inactive|Baygaleo has 60 seconds left.
|inactive|HikariVT has 30 seconds left.
|inactive|HikariVT has 20 seconds left.
|inactive|HikariVT has 15 seconds left.
|inactive|HikariVT has 10 seconds left.
|
|t:|1757751837
|teamsize|p1|4
|teamsize|p2|4
|start
|switch|p1a: Jumpluff|Jumpluff, L50, F|100/100
|switch|p1b: Weavile|Weavile, L50, M|100/100
|switch|p2a: Archaludon|Archaludon, L50, F|100/100
|switch|p2b: Whimsicott|Whimsicott, L50, F|100/100
|-ability|p1b: Weavile|Pressure
|turn|1
|inactive|Baygaleo has 30 seconds left.
|inactive|HikariVT has 30 seconds left.
|inactive|Baygaleo has 20 seconds left.
|inactive|Baygaleo has 15 seconds left.
|
|t:|1757751878
|switch|p2b: Pelipper|Pelipper, L50, F|100/100
|-weather|RainDance|[from] ability: Drizzle|[of] p2b: Pelipper
|move|p1a: Jumpluff|Rage Powder|p1a: Jumpluff
|-singleturn|p1a: Jumpluff|move: Rage Powder
|move|p1b: Weavile|Triple Axel|p2b: Pelipper
|-damage|p2b: Pelipper|88/100
|-damage|p2b: Pelipper|61/100
|-damage|p2b: Pelipper|28/100
|-hitcount|p2b: Pelipper|3
|move|p2a: Archaludon|Electro Shot||[still]
|-prepare|p2a: Archaludon|Electro Shot
|-boost|p2a: Archaludon|spa|1
|-anim|p2a: Archaludon|Electro Shot|p1a: Jumpluff
|-damage|p1a: Jumpluff|12/100
|-damage|p2a: Archaludon|91/100|[from] item: Life Orb
|
|-weather|RainDance|[upkeep]
|upkeep
|turn|2
|inactive|HikariVT has 30 seconds left.
|
|t:|1757751908
|switch|p1b: Torkoal|Torkoal, L50, F|100/100
|-weather|SunnyDay|[from] ability: Drought|[of] p1b: Torkoal
|move|p2b: Pelipper|Protect|p2b: Pelipper
|-singleturn|p2b: Pelipper|Protect
|move|p1a: Jumpluff|Encore|p2a: Archaludon
|-start|p2a: Archaludon|Encore
|move|p2a: Archaludon|Electro Shot||[still]
|-prepare|p2a: Archaludon|Electro Shot
|-boost|p2a: Archaludon|spa|1
|
|-weather|SunnyDay|[upkeep]
|upkeep
|turn|3
|
|t:|1757751926
|switch|p2b: Annihilape|Annihilape, L50, M|100/100
|move|p1a: Jumpluff|Tailwind|p1a: Jumpluff
|-sidestart|p1: HikariVT|move: Tailwind
|move|p2a: Archaludon|Electro Shot|p1b: Torkoal|[from] lockedmove
|-damage|p1b: Torkoal|0 fnt
|faint|p1b: Torkoal
|-damage|p2a: Archaludon|81/100|[from] item: Life Orb
|
|-weather|SunnyDay|[upkeep]
|upkeep
|
|t:|1757751935
|switch|p1b: Charizard|Charizard, L50, F|100/100
|turn|4
|
|t:|1757751947
|-terastallize|p1b: Charizard|Fire
|-terastallize|p2b: Annihilape|Fire
|move|p1a: Jumpluff|Sunny Day||[still]
|-fail|p1a: Jumpluff
|move|p1b: Charizard|Weather Ball|p2b: Annihilape
|-resisted|p2b: Annihilape
|-damage|p2b: Annihilape|25/100
|move|p2a: Archaludon|Electro Shot||[still]
|-prepare|p2a: Archaludon|Electro Shot
|-boost|p2a: Archaludon|spa|1
|move|p2b: Annihilape|Rock Slide|p1b: Charizard|[spread] p1a,p1b
|-supereffective|p1a: Jumpluff
|-supereffective|p1b: Charizard
|-damage|p1a: Jumpluff|0 fnt
|-damage|p1b: Charizard|46/100
|faint|p1a: Jumpluff
|
|-weather|SunnyDay|[upkeep]
|-damage|p1b: Charizard|33/100|[from] ability: Solar Power|[of] p1b: Charizard
|-end|p2a: Archaludon|Encore
|upkeep
|
|t:|1757751954
|switch|p1a: Weavile|Weavile, L50, M|100/100
|-ability|p1a: Weavile|Pressure
|turn|5
|
|t:|1757751968
|switch|p2b: Pelipper|Pelipper, L50, F|28/100
|-weather|RainDance|[from] ability: Drizzle|[of] p2b: Pelipper
|move|p1a: Weavile|Knock Off|p2b: Pelipper
|-damage|p2b: Pelipper|0 fnt
|-enditem|p2b: Pelipper|Covert Cloak|[from] move: Knock Off|[of] p1a: Weavile
|faint|p2b: Pelipper
|move|p1b: Charizard|Weather Ball|p2a: Archaludon
|-resisted|p2a: Archaludon
|-damage|p2a: Archaludon|26/100
|-ability|p2a: Archaludon|Stamina|boost
|-boost|p2a: Archaludon|def|1
|move|p2a: Archaludon|Electro Shot|p1b: Charizard|[from] lockedmove
|-damage|p1b: Charizard|0 fnt
|faint|p1b: Charizard
|-damage|p2a: Archaludon|17/100|[from] item: Life Orb
|
|-weather|RainDance|[upkeep]
|upkeep
|
|t:|1757751978
|switch|p2b: Whimsicott|Whimsicott, L50, F|100/100
|turn|6
|
|t:|1757751985
|move|p2b: Whimsicott|Tailwind|p2b: Whimsicott
|-sidestart|p2: Baygaleo|move: Tailwind
|move|p1a: Weavile|Knock Off|p2a: Archaludon
|-damage|p2a: Archaludon|0 fnt
|-enditem|p2a: Archaludon|Life Orb|[from] move: Knock Off|[of] p1a: Weavile
|faint|p2a: Archaludon
|
|-weather|RainDance|[upkeep]
|-sideend|p1: HikariVT|move: Tailwind
|upkeep
|
|t:|1757751989
|switch|p2a: Annihilape|Annihilape, L50, M, tera:Fire|25/100
|turn|7
|
|t:|1757751995
|move|p2b: Whimsicott|Moonblast|p1a: Weavile
|-supereffective|p1a: Weavile
|-damage|p1a: Weavile|3/100
|move|p2a: Annihilape|Drain Punch|p1a: Weavile
|-supereffective|p1a: Weavile
|-damage|p1a: Weavile|0 fnt
|-heal|p2a: Annihilape|26/100|[from] drain|[of] p1a: Weavile
|faint|p1a: Weavile
|
|win|Baygaleo
||Baygaleo is ready for game 2.
||HikariVT is ready for game 2.
|uhtml|next|Next: Game 2 of 3
|l|☆Baygaleo
|player|p2|
