|j|☆STL Donductor
|j|☆IsraelKuro
|html|STL DonductorIsraelKuro    
|uhtml|bestof|Game 3 of a best-of-3
|t:|1755402701
|gametype|doubles
|player|p1|STL Donductor|fisherman|1205
|player|p2|IsraelKuro|170|1249
|gen|9
|tier|[Gen 9] VGC 2025 Reg H (Bo3)
|rated|
|rule|Species Clause: Limit one of each Pokémon
|rule|Item Clause: Limit 1 of each item
|clearpoke
|poke|p1|Dondozo, L50, M|
|poke|p1|Tatsugiri, L50, M|
|poke|p1|Dragonite, L50, M|
|poke|p1|Gholdengo, L50|
|poke|p1|Pawmot, L50, M|
|poke|p1|Talonflame, L50, M|
|poke|p2|Volcarona, L50, M|
|poke|p2|Rillaboom, L50, F|
|poke|p2|Kingambit, L50, M|
|poke|p2|Sneasler, L50, M|
|poke|p2|Dragonite, L50, F|
|poke|p2|Electabuzz, L50, M|
|teampreview|4
|showteam|p1|Dondozo||Leftovers|Unaware|WaveCrash,OrderUp,Earthquake,Protect|||M|||50|,,,,,Grass]Tatsugiri||ChoiceScarf|Commander|MuddyWater,DracoMeteor,DragonPulse,IcyWind|||M|||50|,,,,,Water]Dragonite||ChoiceBand|InnerFocus|ExtremeSpeed,StompingTantrum,TeraBlast,Outrage|||M|||50|,,,,,Flying]Gholdengo||ChoiceSpecs|GoodasGold|MakeItRain,ShadowBall,Thunderbolt,PowerGem||||||50|,,,,,Steel]Pawmot||FocusSash|NaturalCure|FakeOut,DoubleShock,CloseCombat,RevivalBlessing|||M|||50|,,,,,Electric]Talonflame||CovertCloak|GaleWings|BraveBird,FlareBlitz,Tailwind,WillOWisp|||M|||50|,,,,,Flying
|showteam|p2|Volcarona||GrassySeed|FlameBody|QuiverDance,HeatWave,GigaDrain,Protect|||M|||50|,,,,,Grass]Rillaboom||AssaultVest|GrassySurge|GrassyGlide,WoodHammer,Uturn,FakeOut|||F|||50|,,,,,Fire]Kingambit||BlackGlasses|Defiant|KowtowCleave,SuckerPunch,SwordsDance,Protect|||M|||50|,,,,,Dark]Sneasler||FocusSash|PoisonTouch|FakeOut,DireClaw,CloseCombat,Protect|||M|||50|,,,,,Stellar]Dragonite||LoadedDice|Multiscale|ScaleShot,ExtremeSpeed,Haze,Protect|||F|||50|,,,,,Fairy]Electabuzz||Eviolite|VitalSpirit|FollowMe,Taunt,Electroweb,Protect|||M|||50|,,,,,Ghost
|inactive|Battle timer is ON: inactive players will automatically lose when time's up. (requested by STL Donductor)
|inactive|STL Donductor has 60 seconds left.
|inactive|IsraelKuro has 60 seconds left.
|
|t:|1755402746
|teamsize|p1|4
|teamsize|p2|4
|start
|switch|p1a: Goldfinger|Gholdengo, L50|100/100
|switch|p1b: Manifesto|Talonflame, L50, M|100/100
|switch|p2a: Majestade|Kingambit, L50, M|100/100
|switch|p2b: Electabuzz|Electabuzz, L50, M, shiny|100/100
|turn|1
|inactive|STL Donductor has 30 seconds left.
|inactive|STL Donductor has 20 seconds left.
|inactive|STL Donductor has 15 seconds left.
|inactive|STL Donductor has 10 seconds left.
|inactive|STL Donductor has 5 seconds left.
|
|t:|1755402798
|-terastallize|p1a: Goldfinger|Steel
|move|p2b: Electabuzz|Follow Me|p2b: Electabuzz
|-singleturn|p2b: Electabuzz|move: Follow Me
|move|p1b: Manifesto|Flare Blitz|p2b: Electabuzz
|-damage|p2b: Electabuzz|67/100
|-damage|p1b: Manifesto|88/100|[from] Recoil
|move|p1a: Goldfinger|Make It Rain|p2a: Majestade|[spread] p2a,p2b
|-resisted|p2a: Majestade
|-resisted|p2b: Electabuzz
|-damage|p2a: Majestade|51/100
|-damage|p2b: Electabuzz|29/100
|-unboost|p1a: Goldfinger|spa|1
|move|p2a: Majestade|Kowtow Cleave|p1b: Manifesto
|-damage|p1b: Manifesto|3/100
|
|upkeep
|turn|2
|inactive|IsraelKuro has 30 seconds left.
|
|t:|1755402829
|switch|p1b: ReelBigFish|Dondozo, L50, M|100/100
|move|p2b: Electabuzz|Follow Me|p2b: Electabuzz
|-singleturn|p2b: Electabuzz|move: Follow Me
|move|p1a: Goldfinger|Make It Rain|p2b: Electabuzz|[spread] p2a,p2b
|-resisted|p2a: Majestade
|-crit|p2a: Majestade
|-resisted|p2b: Electabuzz
|-damage|p2a: Majestade|0 fnt
|-damage|p2b: Electabuzz|0 fnt
|-unboost|p1a: Goldfinger|spa|1
|faint|p2a: Majestade
|faint|p2b: Electabuzz
|
|upkeep
|
|t:|1755402839
|switch|p2b: Russel Hobbs|Rillaboom, L50, F|100/100
|switch|p2a: Dragonite|Dragonite, L50, F, shiny|100/100
|-fieldstart|move: Grassy Terrain|[from] ability: Grassy Surge|[of] p2b: Russel Hobbs
|turn|3
|inactive|STL Donductor has 30 seconds left.
|inactive|STL Donductor has 20 seconds left.
|
|t:|1755402878
|switch|p1a: Manifesto|Talonflame, L50, M|3/100
|move|p1b: ReelBigFish|Protect|p1b: ReelBigFish
|-singleturn|p1b: ReelBigFish|Protect
|move|p2b: Russel Hobbs|Fake Out|p1b: ReelBigFish
|-activate|p1b: ReelBigFish|move: Protect
|move|p2a: Dragonite|Scale Shot|p1b: ReelBigFish
|-activate|p1b: ReelBigFish|move: Protect
|
|upkeep
|turn|4
|inactive|STL Donductor has 30 seconds left.
|inactive|IsraelKuro has 30 seconds left.
|inactive|IsraelKuro has 20 seconds left.
|inactive|STL Donductor has 20 seconds left.
|inactive|IsraelKuro has 15 seconds left.
|inactive|STL Donductor has 15 seconds left.
|inactive|IsraelKuro has 10 seconds left.
|inactive|IsraelKuro has 5 seconds left.
|
|t:|1755402929
|switch|p1a: Sublime|Tatsugiri, L50, M, shiny|100/100
|-activate|p1a: Sublime|ability: Commander|[of] p1b: ReelBigFish
|-boost|p1b: ReelBigFish|atk|2
|-boost|p1b: ReelBigFish|spa|2
|-boost|p1b: ReelBigFish|spe|2
|-boost|p1b: ReelBigFish|def|2
|-boost|p1b: ReelBigFish|spd|2
|-terastallize|p2a: Dragonite|Fairy
|move|p2b: Russel Hobbs|Grassy Glide|p1a: Sublime|[miss]
|-miss|p2b: Russel Hobbs|p1a: Sublime
|move|p1b: ReelBigFish|Order Up|p2a: Dragonite
|-immune|p2a: Dragonite
|move|p2a: Dragonite|Scale Shot|p1b: ReelBigFish
|-damage|p1b: ReelBigFish|95/100
|-damage|p1b: ReelBigFish|89/100
|-damage|p1b: ReelBigFish|82/100
|-damage|p1b: ReelBigFish|77/100
|-damage|p1b: ReelBigFish|71/100
|-hitcount|p1b: ReelBigFish|5
|-unboost|p2a: Dragonite|def|1
|-boost|p2a: Dragonite|spe|1
|
|-heal|p1b: ReelBigFish|77/100|[from] Grassy Terrain
|-heal|p1b: ReelBigFish|84/100|[from] item: Leftovers
|upkeep
|turn|5
|inactive|IsraelKuro has 30 seconds left.
|
|t:|1755402958
|move|p2a: Dragonite|Haze|p2a: Dragonite
|-clearallboost
|move|p2b: Russel Hobbs|Wood Hammer|p1b: ReelBigFish
|-supereffective|p1b: ReelBigFish
|-damage|p1b: ReelBigFish|0 fnt
|faint|p1b: ReelBigFish
|-damage|p2b: Russel Hobbs|70/100|[from] Recoil
|
|-heal|p2b: Russel Hobbs|76/100|[from] Grassy Terrain
|upkeep
|
|t:|1755402969
|switch|p1b: Goldfinger|Gholdengo, L50, tera:Steel|100/100
|turn|6
|
|t:|1755402982
|move|p2a: Dragonite|Protect|p2a: Dragonite
|-singleturn|p2a: Dragonite|Protect
|move|p2b: Russel Hobbs|Grassy Glide|p1a: Sublime
|-damage|p1a: Sublime|25/100
|move|p1a: Sublime|Icy Wind|p2a: Dragonite|[spread] p2b
|-activate|p2a: Dragonite|move: Protect
|-supereffective|p2b: Russel Hobbs
|-damage|p2b: Russel Hobbs|56/100
|-unboost|p2b: Russel Hobbs|spe|1
|move|p1b: Goldfinger|Make It Rain|p2a: Dragonite|[spread] p2b
|-activate|p2a: Dragonite|move: Protect
|-damage|p2b: Russel Hobbs|0 fnt
|-unboost|p1b: Goldfinger|spa|1
|faint|p2b: Russel Hobbs
|
|-heal|p1a: Sublime|32/100|[from] Grassy Terrain
|upkeep
|turn|7
|inactive|STL Donductor has 30 seconds left.
|
|t:|1755403009
|move|p1a: Sublime|Icy Wind|p2a: Dragonite|[miss]
|-miss|p1a: Sublime|p2a: Dragonite
|move|p1b: Goldfinger|Make It Rain|p2a: Dragonite
|-supereffective|p2a: Dragonite
|-damage|p2a: Dragonite|3/100
|-unboost|p1b: Goldfinger|spa|1
|move|p2a: Dragonite|Scale Shot|p1b: Goldfinger|[miss]
|-miss|p2a: Dragonite|p1b: Goldfinger
|
|-heal|p1a: Sublime|38/100|[from] Grassy Terrain
|-heal|p2a: Dragonite|9/100|[from] Grassy Terrain
|-fieldend|move: Grassy Terrain
|upkeep
|turn|8
|-message|IsraelKuro forfeited.
|
|win|STL Donductor
|raw|STL Donductor's rating: 1205 → 1233(+28 for winning)
|raw|IsraelKuro's rating: 1249 → 1221(-28 for losing)
|l|☆IsraelKuro
|player|p2|
