|j|☆Prof. Bush
|j|☆ToastedArt
|html|Prof. BushToastedArt    
|uhtml|bestof|Game 1 of a best-of-3
|t:|1785878965
|gametype|doubles
|player|p1|Prof. Bush|li|1004
|player|p2|ToastedArt|iris|1000
|gen|9
|tier|[Gen 9 Champions] VGC 2026 Reg M-B (Bo3)
|rated|
|rule|Species Clause: Limit one of each Pokémon
|rule|Item Clause: Limit 1 of each item
|clearpoke
|poke|p1|Sinistcha, L50|
|poke|p1|Tyranitar, L50, M|
|poke|p1|Mamoswine, L50, M|
|poke|p1|Aerodactyl, L50, F|
|poke|p1|Gholdengo, L50|
|poke|p1|Grimmsnarl, L50, M|
|poke|p2|Staraptor, L50, M|
|poke|p2|Whimsicott, L50, M|
|poke|p2|Gholdengo, L50|
|poke|p2|Zoroark-Hisui, L50, M|
|poke|p2|Arcanine-Hisui, L50, M|
|poke|p2|Sinistcha, L50|
|teampreview|4
|showteam|p1|Sinistcha||KasibBerry|Hospitality|RagePowder,Protect,MatchaGotcha,LifeDew|Modest|||||50|]Tyranitar||Tyranitarite|SandStream|RockSlide,KnockOff,Protect,DragonDance|Adamant||M|||50|]Mamoswine||LifeOrb|Oblivious|HighHorsepower,IceShard,IcicleCrash,Protect|Adamant||M|||50|]Aerodactyl||FocusSash|Unnerve|DualWingbeat,Tailwind,Taunt,WideGuard|Jolly||F|||50|]Gholdengo||MetalCoat|GoodasGold|ShadowBall,NastyPlot,Protect,MakeItRain|Modest|||||50|]Grimmsnarl||LightClay|Prankster|LightScreen,Reflect,PartingShot,SpiritBreak|Careful||M|||50|
|showteam|p2|Staraptor||Staraptite|Intimidate|CloseCombat,BraveBird,Roost,Protect|Jolly||M|||50|]Whimsicott||OccaBerry|Prankster|Encore,Tailwind,Charm,MistyTerrain|Timid||M|||50|]Gholdengo||LifeOrb|GoodasGold|MakeItRain,ShadowBall,FlashCannon,Protect|Modest|||||50|]Zoroark-Hisui||FocusSash|Illusion|BitterMalice,IcyWind,WillOWisp,FakeTears|Modest||M|||50|]Arcanine-Hisui||HardStone|RockHead|HeadSmash,FlareBlitz,ExtremeSpeed,Protect|Adamant||M|||50|]Sinistcha||ColburBerry|Hospitality|MatchaGotcha,RagePowder,TrickRoom,Protect|Relaxed|||||50|
|inactive|Battle timer is ON: inactive players will automatically lose when time's up. (requested by ToastedArt)
|inactive|Prof. Bush also wants the timer to be on.
|inactive|Prof. Bush has 60 seconds left.
|inactive|ToastedArt has 60 seconds left.
|inactive|Prof. Bush has 30 seconds left.
|
|t:|1785879029
|teamsize|p1|4
|teamsize|p2|4
|start
|switch|p1a: Mamoswine|Mamoswine, L50, M|100/100
|switch|p1b: Grimmsnarl|Grimmsnarl, L50, M|100/100
|switch|p2a: Staraptor|Staraptor, L50, M|100/100
|switch|p2b: Gholdengo|Gholdengo, L50|100/100
|-ability|p2a: Staraptor|Intimidate|boost
|-fail|p1a: Mamoswine|unboost|Attack|[from] ability: Oblivious|[of] p1a: Mamoswine
|-unboost|p1b: Grimmsnarl|atk|1
|turn|1
|inactive|Prof. Bush has 30 seconds left.
|inactive|ToastedArt has 30 seconds left.
|inactive|Prof. Bush has 20 seconds left.
|inactive|Prof. Bush has 15 seconds left.
|inactive|ToastedArt has 20 seconds left.
|inactive|Prof. Bush has 10 seconds left.
|
|t:|1785879076
|detailschange|p2a: Staraptor|Staraptor-Mega, L50, M
|-mega|p2a: Staraptor|Staraptor|Staraptite
|move|p1a: Mamoswine|Protect|p1a: Mamoswine
|-singleturn|p1a: Mamoswine|Protect
|move|p1b: Grimmsnarl|Parting Shot|p2a: Staraptor
|-boost|p2a: Staraptor|atk|1
|-boost|p2a: Staraptor|spa|1
|
|t:|1785879084
|switch|p1b: Sinistcha|Sinistcha, L50|100/100|[from] Parting Shot
|move|p2a: Staraptor|Close Combat|p1a: Mamoswine
|-activate|p1a: Mamoswine|move: Protect
|move|p2b: Gholdengo|Will-O-Wisp|p1a: Mamoswine
|-activate|p1a: Mamoswine|move: Protect
|
|upkeep
|turn|2
|
|t:|1785879095
|switch|p2a: Gholdengo|Gholdengo, L50|100/100
|move|p1b: Sinistcha|Rage Powder|p1b: Sinistcha
|-singleturn|p1b: Sinistcha|move: Rage Powder
|move|p2b: Gholdengo|Bitter Malice|p1b: Sinistcha
|-supereffective|p1b: Sinistcha|1
|-enditem|p1b: Sinistcha|Kasib Berry|[eat]
|-enditem|p1b: Sinistcha|Kasib Berry|[weaken]
|-damage|p1b: Sinistcha|62/100
|-unboost|p1b: Sinistcha|atk|1
|move|p1a: Mamoswine|Icicle Crash|p2a: Gholdengo
|-resisted|p2a: Gholdengo|1
|-damage|p2a: Gholdengo|67/100
|-damage|p1a: Mamoswine|90/100|[from] item: Life Orb
|
|upkeep
|turn|3
|
|t:|1785879114
|move|p2a: Gholdengo|Protect|p2a: Gholdengo
|-singleturn|p2a: Gholdengo|Protect
|move|p2b: Gholdengo|Bitter Malice|p1b: Sinistcha
|-supereffective|p1b: Sinistcha|1
|-damage|p1b: Sinistcha|0 fnt
|faint|p1b: Sinistcha
|move|p1a: Mamoswine|High Horsepower|p2a: Gholdengo
|-activate|p2a: Gholdengo|move: Protect
|
|upkeep
|
|t:|1785879123
|switch|p1b: Tyranitar|Tyranitar, L50, M|100/100
|-weather|Sandstorm|[from] ability: Sand Stream|[of] p1b: Tyranitar
|turn|4
|
|t:|1785879138
|switch|p2a: Staraptor|Staraptor-Mega, L50, M|100/100
|move|p1b: Tyranitar|Protect|p1b: Tyranitar
|-singleturn|p1b: Tyranitar|Protect
|move|p2b: Gholdengo|Will-O-Wisp|p1a: Mamoswine|[miss]
|-miss|p2b: Gholdengo|p1a: Mamoswine
|move|p1a: Mamoswine|High Horsepower|p2a: Staraptor
|-immune|p2a: Staraptor
|
|-weather|Sandstorm|[upkeep]
|-damage|p2a: Staraptor|94/100|[from] Sandstorm
|-damage|p2b: Gholdengo|93/100|[from] Sandstorm
|upkeep
|turn|5
|
|t:|1785879158
|detailschange|p1b: Tyranitar|Tyranitar-Mega, L50, M
|-mega|p1b: Tyranitar|Tyranitar|Tyranitarite
|move|p1a: Mamoswine|Ice Shard|p2a: Staraptor
|-supereffective|p2a: Staraptor|1
|-damage|p2a: Staraptor|34/100
|-damage|p1a: Mamoswine|80/100|[from] item: Life Orb
|move|p2a: Staraptor|Close Combat|p1b: Tyranitar
|-supereffective|p1b: Tyranitar|2
|-damage|p1b: Tyranitar|0 fnt
|-boost|p2a: Staraptor|def|1
|-boost|p2a: Staraptor|spd|1
|faint|p1b: Tyranitar
|move|p2b: Gholdengo|Will-O-Wisp|p1a: Mamoswine
|-status|p1a: Mamoswine|brn
|
|-weather|Sandstorm|[upkeep]
|-damage|p2a: Staraptor|28/100|[from] Sandstorm
|-damage|p2b: Gholdengo|87/100|[from] Sandstorm
|-damage|p1a: Mamoswine|74/100 brn|[from] brn
|upkeep
|
|t:|1785879169
|switch|p1b: Grimmsnarl|Grimmsnarl, L50, M|100/100
|turn|6
|
|t:|1785879191
|switch|p2b: Gholdengo|Gholdengo, L50|67/100
|move|p2a: Staraptor|Protect|p2a: Staraptor
|-singleturn|p2a: Staraptor|Protect
|move|p1b: Grimmsnarl|Light Screen|p1b: Grimmsnarl
|-sidestart|p1: Prof. Bush|move: Light Screen
|move|p1a: Mamoswine|High Horsepower|p2a: Staraptor
|-activate|p2a: Staraptor|move: Protect
|
|-weather|Sandstorm|[upkeep]
|-damage|p2a: Staraptor|22/100|[from] Sandstorm
|-damage|p1b: Grimmsnarl|94/100|[from] Sandstorm
|-damage|p1a: Mamoswine|68/100 brn|[from] brn
|upkeep
|turn|7
|
|t:|1785879211
|move|p2a: Staraptor|Roost|p2a: Staraptor
|-heal|p2a: Staraptor|72/100
|-singleturn|p2a: Staraptor|move: Roost
|move|p2b: Gholdengo|Make It Rain|p1a: Mamoswine|[spread] p1a,p1b
|-supereffective|p1a: Mamoswine|1
|-supereffective|p1b: Grimmsnarl|1
|-damage|p1a: Mamoswine|0 fnt
|-damage|p1b: Grimmsnarl|18/100
|-unboost|p2b: Gholdengo|spa|2
|faint|p1a: Mamoswine
|-damage|p2b: Gholdengo|58/100|[from] item: Life Orb
|move|p1b: Grimmsnarl|Spirit Break|p2a: Staraptor
|-supereffective|p2a: Staraptor|1
|-damage|p2a: Staraptor|33/100
|-boost|p2a: Staraptor|spa|1
|
|-weather|Sandstorm|[upkeep]
|-damage|p2a: Staraptor|27/100|[from] Sandstorm
|-damage|p1b: Grimmsnarl|12/100|[from] Sandstorm
|upkeep
|turn|8
|
|t:|1785879225
|move|p2a: Staraptor|Close Combat|p1b: Grimmsnarl
|-damage|p1b: Grimmsnarl|0 fnt
|-boost|p2a: Staraptor|def|1
|-boost|p2a: Staraptor|spd|1
|faint|p1b: Grimmsnarl
|
|win|ToastedArt
