|j|☆Radlars
|j|☆daviisiiitoo
|html|Radlarsdaviisiiitoo    
|uhtml|bestof|Game 3 of a best-of-3
|t:|1782402938
|gametype|doubles
|player|p1|Radlars|265|1170
|player|p2|daviisiiitoo|1|1120
|gen|9
|tier|[Gen 9 Champions] VGC 2026 Reg M-B (Bo3)
|rated|
|rule|Species Clause: Limit one of each Pokémon
|rule|Item Clause: Limit 1 of each item
|clearpoke
|poke|p1|Metagross, L50|
|poke|p1|Hydreigon, L50, M|
|poke|p1|Pelipper, L50, M|
|poke|p1|Swampert, L50, M|
|poke|p1|Grimmsnarl, L50, M|
|poke|p1|Milotic, L50, M|
|poke|p2|Metagross, L50|
|poke|p2|Ninetales-Alola, L50, M|
|poke|p2|Sneasler, L50, F|
|poke|p2|Garchomp, L50, F|
|poke|p2|Kingambit, L50, F|
|poke|p2|Aerodactyl, L50, F|
|teampreview|4
|showteam|p1|Metagross||Metagrossite|ClearBody|PsychicFangs,RockSlide,IronHead,Protect|Adamant|||||50|]Hydreigon||LifeOrb|Levitate|HeatWave,DarkPulse,DracoMeteor,Protect|Modest||M|||50|]Pelipper||SitrusBerry|Drizzle|Hurricane,WeatherBall,Protect,WideGuard|Modest||M|||50|]Swampert||Swampertite|Damp|WaveCrash,Protect,Earthquake,IcePunch|Adamant||M|||50|]Grimmsnarl||LightClay|Prankster|SpiritBreak,LightScreen,Reflect,PartingShot|Brave||M|||50|]Milotic||Leftovers|Competitive|Scald,IcyWind,Protect,LifeDew|Modest||M|||50|
|showteam|p2|Metagross||Metagrossite|ClearBody|IronHead,PsychicFangs,StompingTantrum,Protect|Jolly|||||50|]Ninetales-Alola||FocusSash|SnowWarning|Blizzard,FreezeDry,Encore,Protect|Timid||M|||50|]Sneasler||WhiteHerb|Unburden|FakeOut,DireClaw,CloseCombat,Coaching|Adamant||F|||50|]Garchomp||LifeOrb|RoughSkin|DragonClaw,StompingTantrum,RockSlide,Protect|Jolly||F|||50|]Kingambit||OccaBerry|Defiant|KowtowCleave,LowKick,SuckerPunch,IronHead|Adamant||F|||50|]Aerodactyl||Aerodactylite|Pressure|RockSlide,DualWingbeat,Tailwind,IceFang|Jolly||F|||50|
|
|t:|1782402996
|teamsize|p1|4
|teamsize|p2|4
|start
|switch|p1a: Grimmsnarl|Grimmsnarl, L50, M|100/100
|switch|p1b: Hydreigon|Hydreigon, L50, M|100/100
|switch|p2a: Metagross|Metagross, L50|100/100
|switch|p2b: Sneasler|Sneasler, L50, F|100/100
|turn|1
|
|t:|1782403060
|detailschange|p2a: Metagross|Metagross-Mega, L50
|-mega|p2a: Metagross|Metagross|Metagrossite
|move|p1b: Hydreigon|Protect|p1b: Hydreigon
|-singleturn|p1b: Hydreigon|Protect
|move|p1a: Grimmsnarl|Parting Shot|p2a: Metagross
|-unboost|p2a: Metagross|atk|1
|-unboost|p2a: Metagross|spa|1
|
|t:|1782403067
|switch|p1a: Metagross|Metagross, L50|100/100|[from] Parting Shot
|move|p2a: Metagross|Stomping Tantrum|p1a: Metagross
|-supereffective|p1a: Metagross|1
|-crit|p1a: Metagross
|-damage|p1a: Metagross|12/100
|move|p2b: Sneasler|Close Combat|p1b: Hydreigon
|-activate|p1b: Hydreigon|move: Protect
|
|upkeep
|turn|2
|
|t:|1782403134
|switch|p1b: Pelipper|Pelipper, L50, M|100/100
|-weather|RainDance|[from] ability: Drizzle|[of] p1b: Pelipper
|detailschange|p1a: Metagross|Metagross-Mega, L50
|-mega|p1a: Metagross|Metagross|Metagrossite
|move|p2a: Metagross|Iron Head|p1b: Pelipper
|-resisted|p1b: Pelipper|1
|-damage|p1b: Pelipper|77/100
|move|p2b: Sneasler|Close Combat|p1a: Metagross
|-damage|p1a: Metagross|0 fnt
|-unboost|p2b: Sneasler|def|1
|-unboost|p2b: Sneasler|spd|1
|faint|p1a: Metagross
|-enditem|p2b: Sneasler|White Herb
|-clearnegativeboost|p2b: Sneasler|[silent]
|
|-weather|RainDance|[upkeep]
|upkeep
|
|t:|1782403148
|switch|p1a: Grimmsnarl|Grimmsnarl, L50, M|100/100
|turn|3
|
|t:|1782403178
|switch|p2a: Ninetales|Ninetales-Alola, L50, M|100/100
|-weather|Snowscape|[from] ability: Snow Warning|[of] p2a: Ninetales
|move|p1a: Grimmsnarl|Reflect|p1a: Grimmsnarl
|-sidestart|p1: Radlars|Reflect
|move|p2b: Sneasler|Dire Claw|p1a: Grimmsnarl
|-supereffective|p1a: Grimmsnarl|1
|-damage|p1a: Grimmsnarl|26/100
|move|p1b: Pelipper|Weather Ball|p2a: Ninetales
|-resisted|p2a: Ninetales|1
|-damage|p2a: Ninetales|83/100
|
|-weather|Snowscape|[upkeep]
|upkeep
|turn|4
|
|t:|1782403214
|switch|p1b: Hydreigon|Hydreigon, L50, M|100/100
|move|p1a: Grimmsnarl|Parting Shot|p2b: Sneasler
|-unboost|p2b: Sneasler|atk|1
|-unboost|p2b: Sneasler|spa|1
|
|t:|1782403220
|switch|p1a: Pelipper|Pelipper, L50, M|77/100|[from] Parting Shot
|-weather|RainDance|[from] ability: Drizzle|[of] p1a: Pelipper
|move|p2b: Sneasler|Dire Claw|p1a: Pelipper
|-damage|p1a: Pelipper|53/100
|-status|p1a: Pelipper|psn
|move|p2a: Ninetales|Freeze-Dry|p1b: Hydreigon
|-supereffective|p1b: Hydreigon|1
|-damage|p1b: Hydreigon|41/100
|
|-weather|RainDance|[upkeep]
|-damage|p1a: Pelipper|40/100 psn|[from] psn
|upkeep
|-enditem|p1a: Pelipper|Sitrus Berry|[eat]
|-heal|p1a: Pelipper|65/100 psn|[from] item: Sitrus Berry
|turn|5
|
|t:|1782403248
|switch|p1b: Grimmsnarl|Grimmsnarl, L50, M|26/100
|move|p2b: Sneasler|Close Combat|p1b: Grimmsnarl
|-damage|p1b: Grimmsnarl|0 fnt
|-unboost|p2b: Sneasler|def|1
|-unboost|p2b: Sneasler|spd|1
|faint|p1b: Grimmsnarl
|move|p2a: Ninetales|Freeze-Dry|p1a: Pelipper
|-supereffective|p1a: Pelipper|2
|-damage|p1a: Pelipper|0 fnt
|faint|p1a: Pelipper
|
|-weather|RainDance|[upkeep]
|upkeep
|-message|Radlars forfeited.
|
|win|daviisiiitoo
|raw|Radlars's rating: 1170 → 1141(-29 for losing)
|raw|daviisiiitoo's rating: 1120 → 1149(+29 for winning)
|c|☆daviisiiitoo|Gg
|c|☆Radlars|gg
