|j|☆lettitripppp
|j|☆Jolt31
|html|lettitrippppJolt31    
|uhtml|bestof|Game 1 of a best-of-3
|t:|1784217452
|gametype|doubles
|player|p1|lettitripppp|lucas|1244
|player|p2|Jolt31|barry|1239
|gen|9
|tier|[Gen 9 Champions] VGC 2026 Reg M-B (Bo3)
|rated|
|rule|Species Clause: Limit one of each Pokémon
|rule|Item Clause: Limit 1 of each item
|clearpoke
|poke|p1|Charizard, L50, M, shiny|
|poke|p1|Basculegion, L50, M, shiny|
|poke|p1|Pelipper, L50, F|
|poke|p1|Venusaur, L50, F|
|poke|p1|Archaludon, L50, M|
|poke|p1|Grimmsnarl, L50, M, shiny|
|poke|p2|Swampert, L50, M|
|poke|p2|Pelipper, L50, F|
|poke|p2|Grimmsnarl, L50, M|
|poke|p2|Archaludon, L50, M|
|poke|p2|Mawile, L50, M|
|poke|p2|Sinistcha, L50|
|teampreview|4
|showteam|p1|Charizard||CharizarditeY|Blaze|WeatherBall,SolarBeam,HeatWave,Protect|Modest||M|||50|]Basculegion||ChoiceScarf|Adaptability|LastRespects,WaveCrash,FlipTurn,AquaJet|Jolly||M|||50|]Pelipper||SitrusBerry|Drizzle|WeatherBall,WideGuard,Hurricane,Tailwind|Modest||F|||50|]Venusaur||FocusSash|Chlorophyll|SleepPowder,SludgeBomb,EarthPower,Protect|Modest||F|||50|]Archaludon||Leftovers|Stamina|FlashCannon,DragonPulse,ElectroShot,Protect|Calm||M|||50|]Grimmsnarl||LightClay|Prankster|PartingShot,LightScreen,SpiritBreak,Reflect|Relaxed||M|||50|
|showteam|p2|Swampert||Swampertite|Torrent|WaveCrash,Earthquake,IcePunch,Protect|Jolly||M|||50|]Pelipper||FocusSash|Drizzle|WeatherBall,Hurricane,WideGuard,Tailwind|Timid||F|||50|]Grimmsnarl||LightClay|Prankster|Reflect,LightScreen,PartingShot,SpiritBreak|Adamant||M|||50|]Archaludon||Leftovers|Stamina|Protect,ElectroShot,DragonPulse,FlashCannon|Modest||M|||50|]Mawile||Mawilite|Intimidate|PlayRough,SuckerPunch,IronHead,Protect|Adamant||M|||50|]Sinistcha||SitrusBerry|Hospitality|TrickRoom,MatchaGotcha,RagePowder,LifeDew|Bold|||||50|
|inactive|Battle timer is ON: inactive players will automatically lose when time's up. (requested by lettitripppp)
|inactive|lettitripppp has 60 seconds left.
|
|t:|1784217490
|teamsize|p1|4
|teamsize|p2|4
|start
|switch|p1a: GHOSTWAVE|Basculegion, L50, M, shiny|100/100
|switch|p1b: GO JOHAN|Grimmsnarl, L50, M, shiny|100/100
|switch|p2a: Swampert|Swampert, L50, M|100/100
|switch|p2b: Grimmsnarl|Grimmsnarl, L50, M|100/100
|turn|1
|
|t:|1784217505
|detailschange|p2a: Swampert|Swampert-Mega, L50, M
|-mega|p2a: Swampert|Swampert|Swampertite
|move|p2a: Swampert|Protect|p2a: Swampert
|-singleturn|p2a: Swampert|Protect
|move|p2b: Grimmsnarl|Reflect|p2b: Grimmsnarl
|-sidestart|p2: Jolt31|Reflect
|move|p1b: GO JOHAN|Reflect|p1b: GO JOHAN
|-sidestart|p1: lettitripppp|Reflect
|move|p1a: GHOSTWAVE|Wave Crash|p2a: Swampert
|-activate|p2a: Swampert|move: Protect
|
|upkeep
|turn|2
|
|t:|1784217516
|switch|p2a: Archaludon|Archaludon, L50, M|100/100
|move|p2b: Grimmsnarl|Light Screen|p2b: Grimmsnarl
|-sidestart|p2: Jolt31|move: Light Screen
|move|p1a: GHOSTWAVE|Wave Crash|p2a: Archaludon
|-resisted|p2a: Archaludon|1
|-damage|p2a: Archaludon|81/100
|-ability|p2a: Archaludon|Stamina|boost
|-boost|p2a: Archaludon|def|1
|-damage|p1a: GHOSTWAVE|93/100|[from] Recoil
|move|p1b: GO JOHAN|Spirit Break|p2b: Grimmsnarl
|-supereffective|p2b: Grimmsnarl|1
|-damage|p2b: Grimmsnarl|59/100
|-unboost|p2b: Grimmsnarl|spa|1
|
|-heal|p2a: Archaludon|87/100|[from] item: Leftovers
|upkeep
|turn|3
|
|t:|1784217533
|move|p2b: Grimmsnarl|Parting Shot|p1a: GHOSTWAVE
|-unboost|p1a: GHOSTWAVE|atk|1
|-unboost|p1a: GHOSTWAVE|spa|1
|
|t:|1784217536
|switch|p2b: Pelipper|Pelipper, L50, F|100/100|[from] Parting Shot
|-weather|RainDance|[from] ability: Drizzle|[of] p2b: Pelipper
|move|p1b: GO JOHAN|Parting Shot|p2a: Archaludon
|-unboost|p2a: Archaludon|atk|1
|-unboost|p2a: Archaludon|spa|1
|
|t:|1784217544
|switch|p1b: SOFT-SLEEP|Venusaur, L50, F|100/100|[from] Parting Shot
|move|p1a: GHOSTWAVE|Wave Crash|p2b: Pelipper
|-resisted|p2b: Pelipper|1
|-damage|p2b: Pelipper|68/100
|-damage|p1a: GHOSTWAVE|86/100|[from] Recoil
|move|p2a: Archaludon|Electro Shot||[still]
|-prepare|p2a: Archaludon|Electro Shot
|-boost|p2a: Archaludon|spa|1
|-anim|p2a: Archaludon|Electro Shot|p1a: GHOSTWAVE
|-supereffective|p1a: GHOSTWAVE|1
|-damage|p1a: GHOSTWAVE|0 fnt
|faint|p1a: GHOSTWAVE
|
|-weather|RainDance|[upkeep]
|-heal|p2a: Archaludon|93/100|[from] item: Leftovers
|upkeep
|
|t:|1784217555
|switch|p1a: AGNI|Charizard, L50, M, shiny|100/100
|turn|4
|
|t:|1784217575
|switch|p2b: Grimmsnarl|Grimmsnarl, L50, M|59/100
|detailschange|p1a: AGNI|Charizard-Mega-Y, L50, M, shiny
|-mega|p1a: AGNI|Charizard|Charizardite Y
|-weather|SunnyDay|[from] ability: Drought|[of] p1a: AGNI
|move|p2a: Archaludon|Protect|p2a: Archaludon
|-singleturn|p2a: Archaludon|Protect
|move|p1b: SOFT-SLEEP|Sleep Powder|p2b: Grimmsnarl|[miss]
|-miss|p1b: SOFT-SLEEP|p2b: Grimmsnarl
|move|p1a: AGNI|Weather Ball|p2a: Archaludon
|-activate|p2a: Archaludon|move: Protect
|
|-weather|SunnyDay|[upkeep]
|-heal|p2a: Archaludon|99/100|[from] item: Leftovers
|upkeep
|turn|5
|
|t:|1784217589
|switch|p1a: GO JOHAN|Grimmsnarl, L50, M, shiny|100/100
|move|p2b: Grimmsnarl|Parting Shot|p1a: GO JOHAN
|-hint|Since gen 7, Dark is immune to Prankster moves.
|-immune|p1a: GO JOHAN
|move|p1b: SOFT-SLEEP|Sleep Powder|p2a: Archaludon
|-status|p2a: Archaludon|slp|[from] move: Sleep Powder
|cant|p2a: Archaludon|slp
|
|-weather|SunnyDay|[upkeep]
|-heal|p2a: Archaludon|100/100 slp|[from] item: Leftovers
|upkeep
|turn|6
|
|t:|1784217603
|move|p1a: GO JOHAN|Parting Shot|p2a: Archaludon
|-unboost|p2a: Archaludon|atk|1
|-unboost|p2a: Archaludon|spa|1
|
|t:|1784217606
|switch|p1a: AGNI|Charizard-Mega-Y, L50, M, shiny|100/100|[from] Parting Shot
|move|p1b: SOFT-SLEEP|Sludge Bomb|p2b: Grimmsnarl
|-supereffective|p2b: Grimmsnarl|1
|-damage|p2b: Grimmsnarl|5/100
|cant|p2a: Archaludon|slp
|move|p2b: Grimmsnarl|Spirit Break|p1b: SOFT-SLEEP
|-resisted|p1b: SOFT-SLEEP|1
|-damage|p1b: SOFT-SLEEP|84/100
|-unboost|p1b: SOFT-SLEEP|spa|1
|
|-weather|SunnyDay|[upkeep]
|upkeep
|turn|7
|inactive|Jolt31 has 30 seconds left.
|
|t:|1784217640
|move|p2b: Grimmsnarl|Parting Shot|p1a: AGNI
|-unboost|p1a: AGNI|atk|1
|-unboost|p1a: AGNI|spa|1
|
|t:|1784217644
|switch|p2b: Pelipper|Pelipper, L50, F|68/100|[from] Parting Shot
|-weather|RainDance|[from] ability: Drizzle|[of] p2b: Pelipper
|move|p1a: AGNI|Heat Wave|p2a: Archaludon|[spread] p2a,p2b
|-resisted|p2b: Pelipper|1
|-damage|p2a: Archaludon|90/100 slp
|-damage|p2b: Pelipper|60/100
|-ability|p2a: Archaludon|Stamina|boost
|-boost|p2a: Archaludon|def|1
|move|p1b: SOFT-SLEEP|Earth Power|p2a: Archaludon
|-supereffective|p2a: Archaludon|1
|-damage|p2a: Archaludon|64/100 slp
|-ability|p2a: Archaludon|Stamina|boost
|-boost|p2a: Archaludon|def|1
|-curestatus|p2a: Archaludon|slp|[msg]
|move|p2a: Archaludon|Flash Cannon|p1a: AGNI
|-resisted|p1a: AGNI|1
|-damage|p1a: AGNI|88/100
|
|-weather|RainDance|[upkeep]
|-heal|p2a: Archaludon|70/100|[from] item: Leftovers
|upkeep
|turn|8
|
|t:|1784217665
|switch|p1a: GO JOHAN|Grimmsnarl, L50, M, shiny|100/100
|move|p1b: SOFT-SLEEP|Sleep Powder|p2b: Pelipper
|-status|p2b: Pelipper|slp|[from] move: Sleep Powder
|cant|p2b: Pelipper|slp
|move|p2a: Archaludon|Electro Shot||[still]
|-prepare|p2a: Archaludon|Electro Shot
|-boost|p2a: Archaludon|spa|1
|-anim|p2a: Archaludon|Electro Shot|p1a: GO JOHAN
|-damage|p1a: GO JOHAN|61/100
|
|-weather|RainDance|[upkeep]
|-heal|p2a: Archaludon|76/100|[from] item: Leftovers
|-sideend|p2: Jolt31|Reflect
|-sideend|p1: lettitripppp|Reflect
|upkeep
|turn|9
|inactive|Jolt31 has 30 seconds left.
|
|t:|1784217694
|switch|p2b: Swampert|Swampert-Mega, L50, M|100/100
|move|p1a: GO JOHAN|Parting Shot|p2b: Swampert
|-unboost|p2b: Swampert|atk|1
|-unboost|p2b: Swampert|spa|1
|
|t:|1784217700
|switch|p1a: AGNI|Charizard-Mega-Y, L50, M, shiny|88/100|[from] Parting Shot
|-weather|SunnyDay|[from] ability: Drought|[of] p1a: AGNI
|move|p1b: SOFT-SLEEP|Sleep Powder|p2a: Archaludon
|-status|p2a: Archaludon|slp|[from] move: Sleep Powder
|cant|p2a: Archaludon|slp
|
|-weather|SunnyDay|[upkeep]
|-heal|p2a: Archaludon|82/100 slp|[from] item: Leftovers
|-sideend|p2: Jolt31|move: Light Screen
|upkeep
|turn|10
|
|t:|1784217723
|switch|p1a: GO JOHAN|Grimmsnarl, L50, M, shiny|61/100
|switch|p2a: Pelipper|Pelipper, L50, F|60/100 slp
|-weather|RainDance|[from] ability: Drizzle|[of] p2a: Pelipper
|move|p2b: Swampert|Wave Crash|p1a: GO JOHAN
|-damage|p1a: GO JOHAN|1/100
|-damage|p2b: Swampert|80/100|[from] Recoil
|move|p1b: SOFT-SLEEP|Earth Power|p2a: Pelipper
|-immune|p2a: Pelipper
|
|-weather|RainDance|[upkeep]
|upkeep
|turn|11
|inactive|Jolt31 has 30 seconds left.
|
|t:|1784217749
|switch|p2a: Grimmsnarl|Grimmsnarl, L50, M|5/100
|move|p1a: GO JOHAN|Light Screen|p1a: GO JOHAN
|-sidestart|p1: lettitripppp|move: Light Screen
|move|p2b: Swampert|Earthquake|p1a: GO JOHAN|[spread] p2a,p1a,p1b
|-damage|p2a: Grimmsnarl|0 fnt
|-damage|p1a: GO JOHAN|0 fnt
|-damage|p1b: SOFT-SLEEP|50/100y
|faint|p2a: Grimmsnarl
|faint|p1a: GO JOHAN
|move|p1b: SOFT-SLEEP|Sleep Powder|p2b: Swampert
|-status|p2b: Swampert|slp|[from] move: Sleep Powder
|
|-weather|RainDance|[upkeep]
|upkeep
|
|t:|1784217756
|switch|p2a: Pelipper|Pelipper, L50, F|60/100 slp
|switch|p1a: AGNI|Charizard-Mega-Y, L50, M, shiny|88/100
|-weather|SunnyDay|[from] ability: Drought|[of] p1a: AGNI
|-weather|RainDance|[from] ability: Drizzle|[of] p2a: Pelipper
|turn|12
|
|t:|1784217769
|cant|p2b: Swampert|slp
|move|p1a: AGNI|Weather Ball|p2b: Swampert
|-damage|p2b: Swampert|35/100 slp
|move|p1b: SOFT-SLEEP|Earth Power|p2b: Swampert
|-damage|p2b: Swampert|19/100 slp
|-curestatus|p2a: Pelipper|slp|[msg]
|move|p2a: Pelipper|Hurricane|p1b: SOFT-SLEEP
|-supereffective|p1b: SOFT-SLEEP|1
|-damage|p1b: SOFT-SLEEP|0 fnt
|faint|p1b: SOFT-SLEEP
|
|-weather|RainDance|[upkeep]
|upkeep
|turn|13
|
|t:|1784217779
|cant|p2b: Swampert|slp
|move|p1a: AGNI|Weather Ball|p2b: Swampert
|-damage|p2b: Swampert|0 fnt
|faint|p2b: Swampert
|move|p2a: Pelipper|Weather Ball|p1a: AGNI
|-supereffective|p1a: AGNI|1
|-damage|p1a: AGNI|14/100
|
|-weather|RainDance|[upkeep]
|upkeep
|
|t:|1784217782
|switch|p2b: Archaludon|Archaludon, L50, M|82/100 slp
|turn|14
|
|t:|1784217784
|move|p1a: AGNI|Weather Ball|p2a: Pelipper
|-resisted|p2a: Pelipper|1
|-damage|p2a: Pelipper|5/100
|move|p2a: Pelipper|Weather Ball|p1a: AGNI
|-supereffective|p1a: AGNI|1
|-damage|p1a: AGNI|0 fnt
|faint|p1a: AGNI
|
|win|Jolt31
||Jolt31 is ready for game 2.
||lettitripppp is ready for game 2.
|uhtml|next|Next: Game 2 of 3
|l|☆Jolt31
|player|p2|
