|j|☆prof.jirofales
|j|☆PippoLungoCalzino
|html|prof.jirofalesPippoLungoCalzino    
|uhtml|bestof|Game 2 of a best-of-3
|t:|1756056907
|gametype|doubles
|player|p1|prof.jirofales|2|1236
|player|p2|PippoLungoCalzino|265|1151
|gen|9
|tier|[Gen 9] VGC 2025 Reg H (Bo3)
|rated|
|rule|Species Clause: Limit one of each Pokémon
|rule|Item Clause: Limit 1 of each item
|clearpoke
|poke|p1|Rillaboom, L50, M|
|poke|p1|Sneasler, L50, F|
|poke|p1|Basculegion, L50, M|
|poke|p1|Volcarona, L50, F|
|poke|p1|Dragonite, L50, F|
|poke|p1|Kingambit, L50, M|
|poke|p2|Dragonite, L50, F|
|poke|p2|Gholdengo, L50|
|poke|p2|Sneasler, L50, F|
|poke|p2|Talonflame, L50, F|
|poke|p2|Archaludon, L50, F|
|poke|p2|Garchomp, L50, F|
|teampreview|4
|showteam|p1|Rillaboom||AssaultVest|GrassySurge|FakeOut,GrassyGlide,WoodHammer,HighHorsepower|||M|||50|,,,,,Fire]Sneasler||FocusSash|Unburden|FakeOut,DireClaw,CloseCombat,Coaching|||F|||50|,,,,,Ghost]Basculegion||ChoiceScarf|Adaptability|FlipTurn,WaveCrash,LastRespects,TeraBlast|||M|||50|,,,,,Flying]Volcarona||CovertCloak|FlameBody|HeatWave,TeraBlast,QuiverDance,Protect|||F|||50|,,,,,Fairy]Dragonite||LoadedDice|Multiscale|ScaleShot,ExtremeSpeed,Haze,Protect|||F|||50|,,,,,Steel]Kingambit||SafetyGoggles|Defiant|KowtowCleave,SuckerPunch,SwordsDance,Protect|||M|||50|,,,,,Dark
|showteam|p2|Dragonite||LoadedDice|Multiscale|ScaleShot,ExtremeSpeed,IceSpinner,Haze|||F|||50|,,,,,Fairy]Gholdengo||ChoiceSpecs|GoodasGold|MakeItRain,ShadowBall,PowerGem,Thunderbolt||||||50|,,,,,Steel]Sneasler||FocusSash|Unburden|CloseCombat,DireClaw,FakeOut,Coaching|||F|||50|,,,,,Stellar]Talonflame||CovertCloak|GaleWings|BraveBird,Tailwind,WillOWisp,Taunt|||F|||50|,,,,,Grass]Archaludon||PowerHerb|Sturdy|FlashCannon,DracoMeteor,ElectroShot,Protect|||F|||50|,,,,,Flying]Garchomp||LifeOrb|RoughSkin|DragonClaw,StompingTantrum,Earthquake,Protect|||F|||50|,,,,,Ground
|
|t:|1756056957
|teamsize|p1|4
|teamsize|p2|4
|start
|switch|p1a: Sneasler|Sneasler, L50, F|100/100
|switch|p1b: Basculegion|Basculegion, L50, M|100/100
|switch|p2a: Talonflame|Talonflame, L50, F|100/100
|switch|p2b: Garchomp|Garchomp, L50, F|100/100
|turn|1
|
|t:|1756056997
|move|p2b: Garchomp|Protect|p2b: Garchomp
|-singleturn|p2b: Garchomp|Protect
|move|p2a: Talonflame|Tailwind|p2a: Talonflame
|-sidestart|p2: PippoLungoCalzino|move: Tailwind
|move|p1b: Basculegion|Flip Turn|p2a: Talonflame
|-supereffective|p2a: Talonflame
|-damage|p2a: Talonflame|3/100
|
|t:|1756057006
|switch|p1b: Rillaboom|Rillaboom, L50, M|100/100|[from] Flip Turn
|-fieldstart|move: Grassy Terrain|[from] ability: Grassy Surge|[of] p1b: Rillaboom
|move|p1a: Sneasler|Dire Claw|p2a: Talonflame
|-damage|p2a: Talonflame|0 fnt
|faint|p2a: Talonflame
|
|upkeep
|
|t:|1756057030
|switch|p2a: Sneasler|Sneasler, L50, F|100/100
|turn|2
|
|t:|1756057061
|-terastallize|p1a: Sneasler|Ghost
|move|p2a: Sneasler|Fake Out|p1a: Sneasler
|-immune|p1a: Sneasler
|move|p1b: Rillaboom|Fake Out|p2a: Sneasler
|-damage|p2a: Sneasler|74/100
|move|p2b: Garchomp|Stomping Tantrum|p1a: Sneasler
|-damage|p1a: Sneasler|14/100
|-damage|p2b: Garchomp|91/100|[from] item: Life Orb
|move|p1a: Sneasler|Coaching|p1b: Rillaboom
|-boost|p1b: Rillaboom|atk|1
|-boost|p1b: Rillaboom|def|1
|
|-heal|p2a: Sneasler|80/100|[from] Grassy Terrain
|-heal|p2b: Garchomp|97/100|[from] Grassy Terrain
|-heal|p1a: Sneasler|20/100|[from] Grassy Terrain
|upkeep
|turn|3
|
|t:|1756057090
|-terastallize|p2a: Sneasler|Stellar
|move|p1b: Rillaboom|Grassy Glide|p2a: Sneasler
|-resisted|p2a: Sneasler
|-damage|p2a: Sneasler|33/100
|move|p2a: Sneasler|Dire Claw|p1b: Rillaboom
|-supereffective|p1b: Rillaboom
|-damage|p1b: Rillaboom|10/100
|-status|p1b: Rillaboom|slp
|move|p2b: Garchomp|Earthquake|p1b: Rillaboom|[spread] p2a,p1a,p1b
|-supereffective|p2a: Sneasler
|-resisted|p1b: Rillaboom
|-damage|p2a: Sneasler|0 fnt
|-damage|p1a: Sneasler|0 fnt
|-damage|p1b: Rillaboom|0 fnt
|faint|p2a: Sneasler
|faint|p1a: Sneasler
|faint|p1b: Rillaboom
|-damage|p2b: Garchomp|87/100|[from] item: Life Orb
|
|-heal|p2b: Garchomp|93/100|[from] Grassy Terrain
|upkeep
|
|t:|1756057107
|switch|p1a: Basculegion|Basculegion, L50, M|100/100
|switch|p2a: Archaludon|Archaludon, L50, F|100/100
|switch|p1b: Dragonite|Dragonite, L50, F|100/100
|turn|4
|
|t:|1756057119
|move|p2b: Garchomp|Dragon Claw|p1b: Dragonite
|-supereffective|p1b: Dragonite
|-damage|p1b: Dragonite|36/100
|-damage|p2b: Garchomp|83/100|[from] item: Life Orb
|move|p2a: Archaludon|Electro Shot||[still]
|-prepare|p2a: Archaludon|Electro Shot
|-boost|p2a: Archaludon|spa|1
|-enditem|p2a: Archaludon|Power Herb
|-anim|p2a: Archaludon|Electro Shot|p1a: Basculegion
|-supereffective|p1a: Basculegion
|-damage|p1a: Basculegion|0 fnt
|faint|p1a: Basculegion
|move|p1b: Dragonite|Scale Shot|p2a: Archaludon
|-damage|p2a: Archaludon|88/100
|-damage|p2a: Archaludon|76/100
|-damage|p2a: Archaludon|65/100
|-damage|p2a: Archaludon|52/100
|-hitcount|p2a: Archaludon|4
|-unboost|p1b: Dragonite|def|1
|-boost|p1b: Dragonite|spe|1
|
|-heal|p2b: Garchomp|89/100|[from] Grassy Terrain
|-heal|p2a: Archaludon|58/100|[from] Grassy Terrain
|-sideend|p2: PippoLungoCalzino|move: Tailwind
|upkeep
|turn|5
|-message|prof.jirofales forfeited.
|
|win|PippoLungoCalzino
|raw|prof.jirofales's rating: 1236 → 1205(-31 for losing)
|raw|PippoLungoCalzino's rating: 1151 → 1182(+31 for winning)
|l|☆prof.jirofales
|player|p1|
