|j|☆Daniw9
|j|☆Blitzball Ace
|html|Daniw9Blitzball Ace    
|uhtml|bestof|Game 2 of a best-of-3
|t:|1755876327
|gametype|doubles
|player|p1|Daniw9|101|1317
|player|p2|Blitzball Ace|kamado-armor|1327
|gen|9
|tier|[Gen 9] VGC 2025 Reg H (Bo3)
|rated|
|rule|Species Clause: Limit one of each Pokémon
|rule|Item Clause: Limit 1 of each item
|clearpoke
|poke|p1|Ninetales-Alola, L50, M|
|poke|p1|Sneasler, L50, M|
|poke|p1|Volcarona, L50, F|
|poke|p1|Dragonite, L50, M|
|poke|p1|Indeedee, L50, M|
|poke|p1|Garchomp, L50, F|
|poke|p2|Garchomp, L50, M|
|poke|p2|Incineroar, L50, M|
|poke|p2|Gholdengo, L50|
|poke|p2|Vivillon-Polar, L50, M|
|poke|p2|Sneasler, L50, F|
|poke|p2|Dragonite, L50, M|
|teampreview|4
|showteam|p1|Ninetales-Alola||LightClay|SnowWarning|AuroraVeil,Blizzard,Howl,IcyWind|||M|||50|,,,,,Ghost]Sneasler||PsychicSeed|Unburden|CloseCombat,DireClaw,ThroatChop,Protect|||M|||50|,,,,,Dark]Volcarona||Leftovers|FlameBody|HeatWave,GigaDrain,QuiverDance,Protect|||F|||50|,,,,,Grass]Dragonite||LoadedDice|Multiscale|ScaleShot,Haze,Tailwind,StompingTantrum|||M|||50|,,,,,Fairy]Indeedee||FocusSash|PsychicSurge|ExpandingForce,Imprison,Protect,TrickRoom|||M|||50|,,,,,Fairy]Garchomp||LifeOrb|RoughSkin|StompingTantrum,Earthquake,RockSlide,Protect|||F|||50|,,,,,Steel
|showteam|p2|Garchomp||ChoiceBand|RoughSkin|Earthquake,DragonClaw,StompingTantrum,PoisonJab|||M|||50|,,,,,Ground]Incineroar||SafetyGoggles|Intimidate|FakeOut,FlareBlitz,KnockOff,PartingShot|||M|||50|,,,,,Ghost]Gholdengo||LifeOrb|GoodasGold|MakeItRain,ShadowBall,NastyPlot,Protect||||||50|,,,,,Dragon]Vivillon-Polar||FocusSash|CompoundEyes|Hurricane,SleepPowder,Protect,RagePowder|||M|||50|,,,,,Ghost]Sneasler||WhiteHerb|Unburden|FakeOut,Protect,DireClaw,CloseCombat|||F|||50|,,,,,Flying]Dragonite||LoadedDice|Multiscale|ScaleShot,Haze,Tailwind,Protect|||M|||50|,,,,,Fairy
|inactive|Battle timer is ON: inactive players will automatically lose when time's up. (requested by Daniw9)
|
|t:|1755876373
|teamsize|p1|4
|teamsize|p2|4
|start
|switch|p1a: Ninetales|Ninetales-Alola, L50, M, shiny|100/100
|switch|p1b: Dragonite|Dragonite, L50, M|100/100
|switch|p2a: Adolin|Gholdengo, L50|100/100
|switch|p2b: Dragonite|Dragonite, L50, M|100/100
|-weather|Snowscape|[from] ability: Snow Warning|[of] p1a: Ninetales
|turn|1
|
|t:|1755876395
|-terastallize|p2b: Dragonite|Fairy
|move|p1a: Ninetales|Aurora Veil|p1a: Ninetales
|-sidestart|p1: Daniw9|move: Aurora Veil
|move|p2a: Adolin|Make It Rain|p1a: Ninetales|[spread] p1a,p1b
|-supereffective|p1a: Ninetales
|-damage|p1a: Ninetales|0 fnt
|-damage|p1b: Dragonite|82/100
|-unboost|p2a: Adolin|spa|1
|faint|p1a: Ninetales
|-damage|p2a: Adolin|91/100|[from] item: Life Orb
|move|p2b: Dragonite|Tailwind|p2b: Dragonite
|-sidestart|p2: Blitzball Ace|move: Tailwind
|move|p1b: Dragonite|Scale Shot|p2b: Dragonite
|-immune|p2b: Dragonite
|
|-weather|Snowscape|[upkeep]
|upkeep
|
|t:|1755876401
|switch|p1a: Volcarona|Volcarona, L50, F|100/100
|turn|2
|inactive|Blitzball Ace has 30 seconds left.
|
|t:|1755876431
|move|p2a: Adolin|Make It Rain|p1a: Volcarona|[spread] p1a,p1b
|-resisted|p1a: Volcarona
|-damage|p1a: Volcarona|89/100
|-damage|p1b: Dragonite|56/100
|-unboost|p2a: Adolin|spa|1
|-damage|p2a: Adolin|82/100|[from] item: Life Orb
|move|p2b: Dragonite|Scale Shot|p1b: Dragonite
|-supereffective|p1b: Dragonite
|-damage|p1b: Dragonite|32/100
|-supereffective|p1b: Dragonite
|-damage|p1b: Dragonite|12/100
|-supereffective|p1b: Dragonite
|-damage|p1b: Dragonite|0 fnt
|faint|p1b: Dragonite
|-hitcount|p1: Dragonite|3
|-unboost|p2b: Dragonite|def|1
|-boost|p2b: Dragonite|spe|1
|move|p1a: Volcarona|Quiver Dance|p1a: Volcarona
|-boost|p1a: Volcarona|spa|1
|-boost|p1a: Volcarona|spd|1
|-boost|p1a: Volcarona|spe|1
|
|-weather|Snowscape|[upkeep]
|-heal|p1a: Volcarona|95/100|[from] item: Leftovers
|upkeep
|
|t:|1755876440
|switch|p1b: Garchomp|Garchomp, L50, F|100/100
|turn|3
|
|t:|1755876453
|-terastallize|p1b: Garchomp|Steel
|move|p2b: Dragonite|Haze|p2b: Dragonite
|-clearallboost
|move|p2a: Adolin|Make It Rain|p1b: Garchomp|[spread] p1a,p1b
|-resisted|p1a: Volcarona
|-resisted|p1b: Garchomp
|-damage|p1a: Volcarona|78/100
|-damage|p1b: Garchomp|81/100
|-unboost|p2a: Adolin|spa|1
|-damage|p2a: Adolin|72/100|[from] item: Life Orb
|move|p1b: Garchomp|Stomping Tantrum|p2b: Dragonite
|-damage|p2b: Dragonite|66/100
|-damage|p1b: Garchomp|71/100|[from] item: Life Orb
|move|p1a: Volcarona|Heat Wave|p2b: Dragonite|[spread] p2a,p2b
|-supereffective|p2a: Adolin
|-damage|p2a: Adolin|0 fnt
|-damage|p2b: Dragonite|30/100
|-status|p2b: Dragonite|brn
|faint|p2a: Adolin
|
|-weather|Snowscape|[upkeep]
|-heal|p1a: Volcarona|84/100|[from] item: Leftovers
|-damage|p2b: Dragonite|24/100 brn|[from] brn
|upkeep
|
|t:|1755876472
|switch|p2a: Kaladin|Garchomp, L50, M, shiny|100/100
|turn|4
|
|t:|1755876493
|move|p2b: Dragonite|Protect|p2b: Dragonite
|-singleturn|p2b: Dragonite|Protect
|move|p1b: Garchomp|Protect|p1b: Garchomp
|-singleturn|p1b: Garchomp|Protect
|move|p2a: Kaladin|Earthquake|p1b: Garchomp|[spread] p1a
|-activate|p2b: Dragonite|move: Protect
|-activate|p1b: Garchomp|move: Protect
|-damage|p1a: Volcarona|44/100
|move|p1a: Volcarona|Quiver Dance|p1a: Volcarona
|-boost|p1a: Volcarona|spa|1
|-boost|p1a: Volcarona|spd|1
|-boost|p1a: Volcarona|spe|1
|
|-weather|Snowscape|[upkeep]
|-heal|p1a: Volcarona|50/100|[from] item: Leftovers
|-damage|p2b: Dragonite|18/100 brn|[from] brn
|-sideend|p2: Blitzball Ace|move: Tailwind
|upkeep
|turn|5
|
|t:|1755876513
|move|p1a: Volcarona|Giga Drain|p2a: Kaladin
|-damage|p2a: Kaladin|59/100
|-heal|p1a: Volcarona|70/100|[from] drain|[of] p2a: Kaladin
|move|p2a: Kaladin|Earthquake|p1b: Garchomp|[spread] p2b,p1a,p1b
|-supereffective|p1b: Garchomp
|-damage|p2b: Dragonite|0 fnt
|-damage|p1a: Volcarona|27/100
|-damage|p1b: Garchomp|0 fnt
|faint|p2b: Dragonite
|faint|p1b: Garchomp
|
|-weather|none
|-heal|p1a: Volcarona|33/100|[from] item: Leftovers
|upkeep
|
|t:|1755876520
|switch|p2b: Dalinar|Incineroar, L50, M, shiny|100/100
|-ability|p2b: Dalinar|Intimidate|boost
|-unboost|p1a: Volcarona|atk|1
|turn|6
|
|t:|1755876526
|move|p1a: Volcarona|Protect|p1a: Volcarona
|-singleturn|p1a: Volcarona|Protect
|move|p2b: Dalinar|Fake Out|p2a: Kaladin
|-damage|p2a: Kaladin|45/100
|-damage|p2b: Dalinar|88/100|[from] ability: Rough Skin|[of] p2a: Kaladin
|cant|p2a: Kaladin|flinch
|
|-heal|p1a: Volcarona|39/100|[from] item: Leftovers
|upkeep
|turn|7
|
|t:|1755876540
|move|p1a: Volcarona|Heat Wave|p2b: Dalinar|[spread] p2b
|-miss|p1a: Volcarona|p2a: Kaladin
|-resisted|p2b: Dalinar
|-damage|p2b: Dalinar|64/100
|move|p2a: Kaladin|Earthquake|p1a: Volcarona|[spread] p2b,p1a
|-supereffective|p2b: Dalinar
|-damage|p2b: Dalinar|0 fnt
|-damage|p1a: Volcarona|0 fnt
|faint|p2b: Dalinar
|faint|p1a: Volcarona
|
|win|Blitzball Ace
|raw|Daniw9's rating: 1317 → 1298(-19 for losing)
|raw|Blitzball Ace's rating: 1327 → 1346(+19 for winning)
|l|☆Daniw9
|player|p1|
