|j|☆pruaxx
|j|☆testingsss
|html|pruaxxtestingsss    
|uhtml|bestof|Game 2 of a best-of-3
|t:|1783199273
|gametype|doubles
|player|p1|pruaxx|pokemaniac|1201
|player|p2|testingsss|unknown|1211
|gen|9
|tier|[Gen 9 Champions] VGC 2026 Reg M-B (Bo3)
|rated|
|rule|Species Clause: Limit one of each Pokémon
|rule|Item Clause: Limit 1 of each item
|clearpoke
|poke|p1|Floette-Eternal, L50, F|
|poke|p1|Whimsicott, L50, F|
|poke|p1|Basculegion, L50, M|
|poke|p1|Drampa, L50, F|
|poke|p1|Farigiraf, L50, F|
|poke|p1|Scrafty, L50, F|
|poke|p2|Garchomp, L50, M|
|poke|p2|Charizard, L50, F|
|poke|p2|Kingambit, L50, M|
|poke|p2|Whimsicott, L50, F|
|poke|p2|Basculegion, L50, M|
|poke|p2|Incineroar, L50, F|
|teampreview|4
|showteam|p1|Floette-Eternal||Floettite|FlowerVeil|Moonblast,DazzlingGleam,CalmMind,Protect|Modest||F|||50|]Whimsicott||FocusSash|Prankster|Moonblast,Tailwind,Encore,Protect|Timid||F|||50|]Basculegion||MysticWater|Adaptability|AquaJet,WaveCrash,LastRespects,Protect|Adamant||M|||50|]Drampa||LifeOrb|CloudNine|HyperVoice,DragonPulse,EarthPower,Protect|Quiet||F|||50|]Farigiraf||SitrusBerry|ArmorTail|TwinBeam,HelpingHand,TrickRoom,HyperVoice|Bold||F|||50|]Scrafty||Scraftinite|Moxie|LowKick,KnockOff,FakeOut,Detect|Adamant||F|||50|
|showteam|p2|Garchomp||LifeOrb|RoughSkin|Earthquake,DragonClaw,RockSlide,Protect|Jolly||M|||50|]Charizard||CharizarditeY|SolarPower|HeatWave,WeatherBall,SolarBeam,Protect|Modest||F|||50|]Kingambit||ChopleBerry|Defiant|SuckerPunch,KowtowCleave,IronHead,Protect|Adamant||M|||50|]Whimsicott||FocusSash|Prankster|Tailwind,Encore,Moonblast,Protect|Timid||F|||50|]Basculegion||MysticWater|Adaptability|WaveCrash,AquaJet,LastRespects,Protect|Adamant||M|||50|]Incineroar||SitrusBerry|Intimidate|FakeOut,FlareBlitz,ThroatChop,PartingShot|Careful||F|||50|
|inactive|Battle timer is ON: inactive players will automatically lose when time's up. (requested by pruaxx)
|inactive|testingsss also wants the timer to be on.
|inactive|testingsss has 60 seconds left.
|
|t:|1783199315
|teamsize|p1|4
|teamsize|p2|4
|start
|switch|p1a: Basculegion|Basculegion, L50, M|100/100
|switch|p1b: Floette|Floette-Eternal, L50, F|100/100
|switch|p2a: Kingambit|Kingambit, L50, M|100/100
|switch|p2b: Incineroar|Incineroar, L50, F|100/100
|-ability|p2b: Incineroar|Intimidate|boost
|-unboost|p1a: Basculegion|atk|1
|-unboost|p1b: Floette|atk|1
|turn|1
|
|t:|1783199330
|switch|p1a: Farigiraf|Farigiraf, L50, F|100/100
|detailschange|p1b: Floette|Floette-Mega, L50, F
|-mega|p1b: Floette|Floette|Floettite
|-ability|p1b: Floette|Fairy Aura
|move|p2b: Incineroar|Fake Out||[still]
|cant|p1a: Farigiraf|ability: Armor Tail|Fake Out|[of] p2b: Incineroar
|move|p1b: Floette|Dazzling Gleam|p2a: Kingambit|[spread] p2a,p2b
|-damage|p2a: Kingambit|51/100
|-damage|p2b: Incineroar|64/100
|move|p2a: Kingambit|Kowtow Cleave|p1a: Farigiraf
|-supereffective|p1a: Farigiraf|1
|-damage|p1a: Farigiraf|25/100
|-enditem|p1a: Farigiraf|Sitrus Berry|[eat]
|-heal|p1a: Farigiraf|49/100|[from] item: Sitrus Berry
|
|upkeep
|turn|2
|inactive|testingsss has 30 seconds left.
|
|t:|1783199360
|move|p1a: Farigiraf|Helping Hand|p1b: Floette
|-singleturn|p1b: Floette|Helping Hand|[of] p1a: Farigiraf
|move|p2a: Kingambit|Protect|p2a: Kingambit
|-singleturn|p2a: Kingambit|Protect
|move|p1b: Floette|Dazzling Gleam|p2b: Incineroar|[spread] p2b
|-activate|p2a: Kingambit|move: Protect
|-damage|p2b: Incineroar|9/100
|-enditem|p2b: Incineroar|Sitrus Berry|[eat]
|-heal|p2b: Incineroar|34/100|[from] item: Sitrus Berry
|move|p2b: Incineroar|Parting Shot|p1b: Floette
|-unboost|p1b: Floette|atk|1
|-unboost|p1b: Floette|spa|1
|
|t:|1783199365
|switch|p2b: Charizard|Charizard, L50, F|100/100|[from] Parting Shot
|
|upkeep
|turn|3
|inactive|testingsss has 30 seconds left.
|
|t:|1783199398
|switch|p1a: Drampa|Drampa, L50, F|100/100
|-ability|p1a: Drampa|Cloud Nine
|switch|p2a: Incineroar|Incineroar, L50, F|34/100
|-ability|p2a: Incineroar|Intimidate|boost
|-unboost|p1a: Drampa|atk|1
|-unboost|p1b: Floette|atk|1
|detailschange|p2b: Charizard|Charizard-Mega-Y, L50, F
|-mega|p2b: Charizard|Charizard|Charizardite Y
|-weather|SunnyDay|[from] ability: Drought|[of] p2b: Charizard
|move|p2b: Charizard|Weather Ball|p1a: Drampa
|-damage|p1a: Drampa|80/100
|move|p1b: Floette|Moonblast|p2a: Incineroar
|-damage|p2a: Incineroar|0 fnt
|faint|p2a: Incineroar
|
|-weather|SunnyDay|[upkeep]
|upkeep
|
|t:|1783199404
|switch|p2a: Kingambit|Kingambit, L50, M|51/100
|turn|4
|
|t:|1783199422
|move|p1a: Drampa|Protect|p1a: Drampa
|-singleturn|p1a: Drampa|Protect
|move|p2b: Charizard|Heat Wave|p1b: Floette|[spread] p1b
|-activate|p1a: Drampa|move: Protect
|-damage|p1b: Floette|68/100
|move|p1b: Floette|Moonblast|p2a: Kingambit
|-damage|p2a: Kingambit|5/100
|move|p2a: Kingambit|Iron Head|p1b: Floette
|-supereffective|p1b: Floette|1
|-damage|p1b: Floette|0 fnt
|faint|p1b: Floette
|
|-weather|SunnyDay|[upkeep]
|upkeep
|
|t:|1783199432
|switch|p1b: Basculegion|Basculegion, L50, M|100/100
|turn|5
|
|t:|1783199450
|move|p2a: Kingambit|Protect|p2a: Kingambit
|-singleturn|p2a: Kingambit|Protect
|move|p1b: Basculegion|Aqua Jet|p2a: Kingambit
|-activate|p2a: Kingambit|move: Protect
|move|p2b: Charizard|Solar Beam||[still]
|-prepare|p2b: Charizard|Solar Beam
|move|p1a: Drampa|Hyper Voice|p2b: Charizard|[spread] p2b
|-activate|p2a: Kingambit|move: Protect
|-damage|p2b: Charizard|46/100
|-damage|p1a: Drampa|70/100|[from] item: Life Orb
|
|-weather|SunnyDay|[upkeep]
|upkeep
|turn|6
|
|t:|1783199462
|move|p1b: Basculegion|Protect|p1b: Basculegion
|-singleturn|p1b: Basculegion|Protect
|move|p1a: Drampa|Protect|p1a: Drampa
|-singleturn|p1a: Drampa|Protect
|move|p2b: Charizard|Solar Beam|p1b: Basculegion|[from] lockedmove
|-activate|p1b: Basculegion|move: Protect
|move|p2a: Kingambit|Kowtow Cleave|p1b: Basculegion
|-activate|p1b: Basculegion|move: Protect
|
|-weather|SunnyDay|[upkeep]
|upkeep
|turn|7
|
|t:|1783199468
|switch|p2a: Garchomp|Garchomp, L50, M|100/100
|move|p1b: Basculegion|Aqua Jet|p2a: Garchomp
|-damage|p2a: Garchomp|66/100
|-damage|p1b: Basculegion|87/100|[from] ability: Rough Skin|[of] p2a: Garchomp
|move|p2b: Charizard|Heat Wave|p1b: Basculegion|[spread] p1a,p1b
|-resisted|p1a: Drampa|1
|-resisted|p1b: Basculegion|1
|-damage|p1a: Drampa|48/100
|-damage|p1b: Basculegion|64/100
|move|p1a: Drampa|Hyper Voice|p2a: Garchomp|[spread] p2a,p2b
|-damage|p2a: Garchomp|12/100
|-damage|p2b: Charizard|2/100
|-damage|p1a: Drampa|38/100|[from] item: Life Orb
|
|-weather|none
|upkeep
|turn|8
|
|t:|1783199485
|move|p1b: Basculegion|Aqua Jet|p2a: Garchomp
|-damage|p2a: Garchomp|0 fnt
|-damage|p1b: Basculegion|52/100|[from] ability: Rough Skin|[of] p2a: Garchomp
|faint|p2a: Garchomp
|move|p2b: Charizard|Heat Wave|p1b: Basculegion|[spread] p1b
|-miss|p2b: Charizard|p1a: Drampa
|-resisted|p1b: Basculegion|1
|-damage|p1b: Basculegion|30/100
|move|p1a: Drampa|Hyper Voice|p2b: Charizard
|-damage|p2b: Charizard|0 fnt
|faint|p2b: Charizard
|-damage|p1a: Drampa|29/100|[from] item: Life Orb
|
|upkeep
|
|t:|1783199495
|switch|p2b: Kingambit|Kingambit, L50, M|5/100
|turn|9
|
|t:|1783199499
|move|p1b: Basculegion|Aqua Jet|p2b: Kingambit
|-damage|p2b: Kingambit|0 fnt
|faint|p2b: Kingambit
|
|win|pruaxx
