|j|☆Pakaan64
|j|☆Dippiedaan
|html|Pakaan64Dippiedaan    
|uhtml|bestof|Game 1 of a best-of-3
|t:|1782591000
|gametype|doubles
|player|p1|Pakaan64|2|
|player|p2|Dippiedaan|skyla|
|gen|9
|tier|[Gen 9 Champions] VGC 2026 Reg M-B (Bo3)
|rule|Species Clause: Limit one of each Pokémon
|rule|Item Clause: Limit 1 of each item
|clearpoke
|poke|p1|Falinks, L50|
|poke|p1|Kangaskhan, L50, F|
|poke|p1|Gholdengo, L50|
|poke|p1|Whimsicott, L50, M|
|poke|p1|Charizard, L50, F|
|poke|p1|Sableye, L50, M, shiny|
|poke|p2|Gardevoir, L50, M|
|poke|p2|Aegislash, L50, M|
|poke|p2|Rotom-Wash, L50|
|poke|p2|Mamoswine, L50, M|
|poke|p2|Talonflame, L50, F|
|poke|p2|Dragonite, L50, M|
|teampreview|4
|showteam|p1|Falinks||Falinksite|Defiant|NoRetreat,Protect,RockSlide,CloseCombat|Jolly|||||50|]Kangaskhan||SilkScarf|Scrappy|FakeOut,LastResort|Adamant||F|||50|]Gholdengo||LifeOrb|GoodasGold|MakeItRain,NastyPlot,ShadowBall,Protect|Modest|||||50|]Whimsicott||FocusSash|Prankster|Tailwind,Encore,Protect,Moonblast|Timid||M|||50|]Charizard||CharizarditeY|Blaze|Protect,SolarBeam,HeatWave,WeatherBall|Modest||F|||50|]Sableye||LightClay|Prankster|LightScreen,Reflect,FakeOut,FoulPlay|Careful||M|||50|
|showteam|p2|Gardevoir||Gardevoirite|Telepathy|HyperVoice,Psychic,TrickRoom,Protect|Modest||M|||50|]Aegislash||SpellTag|StanceChange|Poltergeist,IronHead,ShadowSneak,KingsShield|Adamant||M|||50|]Rotom-Wash||Leftovers|Levitate|HydroPump,VoltSwitch,WillOWisp,Protect|Bold|||||50|]Mamoswine||FocusSash|Oblivious|Earthquake,IceShard,IcicleCrash,Protect|Adamant||M|||50|]Talonflame|||GaleWings|Acrobatics,Tailwind,Protect,Taunt|Adamant||F|||50|]Dragonite||DragonFang|InnerFocus|DragonClaw,ExtremeSpeed,LowKick,Protect|Adamant||M|||50|
|inactive|Battle timer is ON: inactive players will automatically lose when time's up. (requested by Pakaan64)
|inactiveoff|Battle timer is now OFF.
|c|☆Pakaan64|Deel jij?
|c|☆Dippiedaan|gedaan
|j| robbie0301
|inactive|Battle timer is ON: inactive players will automatically lose when time's up. (requested by Pakaan64)
|
|t:|1782591071
|teamsize|p1|4
|teamsize|p2|4
|start
|switch|p1a: Falinks|Falinks, L50|100/100
|switch|p1b: Sableye|Sableye, L50, M, shiny|100/100
|switch|p2a: Talonflame|Talonflame, L50, F|100/100
|switch|p2b: Rotom|Rotom-Wash, L50|100/100
|turn|1
|
|t:|1782591089
|detailschange|p1a: Falinks|Falinks-Mega, L50
|-mega|p1a: Falinks|Falinks|Falinksite
|move|p2a: Talonflame|Protect|p2a: Talonflame
|-singleturn|p2a: Talonflame|Protect
|move|p1b: Sableye|Fake Out|p2b: Rotom
|-damage|p2b: Rotom|92/100
|move|p1a: Falinks|No Retreat|p1a: Falinks
|-boost|p1a: Falinks|atk|1
|-boost|p1a: Falinks|def|1
|-boost|p1a: Falinks|spa|1
|-boost|p1a: Falinks|spd|1
|-boost|p1a: Falinks|spe|1
|-start|p1a: Falinks|move: No Retreat
|cant|p2b: Rotom|flinch
|
|-heal|p2b: Rotom|98/100|[from] item: Leftovers
|upkeep
|turn|2
|inactive|Pakaan64 has 30 seconds left.
|
|t:|1782591123
|move|p2a: Talonflame|Tailwind|p2a: Talonflame
|-sidestart|p2: Dippiedaan|move: Tailwind
|move|p1a: Falinks|Close Combat|p2b: Rotom
|-damage|p2b: Rotom|0 fnt
|-unboost|p1a: Falinks|def|1
|-unboost|p1a: Falinks|spd|1
|faint|p2b: Rotom
|move|p1b: Sableye|Foul Play|p2a: Talonflame
|-damage|p2a: Talonflame|40/100
|
|upkeep
|
|t:|1782591131
|switch|p2b: Gardevoir|Gardevoir, L50, M|100/100
|turn|3
|
|t:|1782591142
|detailschange|p2b: Gardevoir|Gardevoir-Mega, L50, M
|-mega|p2b: Gardevoir|Gardevoir|Gardevoirite
|move|p1a: Falinks|Protect|p1a: Falinks
|-singleturn|p1a: Falinks|Protect
|move|p2a: Talonflame|Taunt|p1b: Sableye
|-start|p1b: Sableye|move: Taunt
|move|p2b: Gardevoir|Hyper Voice|p1b: Sableye|[spread] p1b
|-activate|p1a: Falinks|move: Protect
|-supereffective|p1b: Sableye|1
|-damage|p1b: Sableye|0 fnt
|faint|p1b: Sableye
|
|upkeep
|
|t:|1782591153
|switch|p1b: Whimsicott|Whimsicott, L50, M|100/100
|turn|4
|
|t:|1782591163
|move|p1b: Whimsicott|Tailwind|p1b: Whimsicott
|-sidestart|p1: Pakaan64|move: Tailwind
|move|p1a: Falinks|Rock Slide|p2b: Gardevoir|[spread] p2a,p2b
|-supereffective|p2a: Talonflame|2
|-damage|p2a: Talonflame|0 fnt
|-damage|p2b: Gardevoir|60/100
|faint|p2a: Talonflame
|cant|p2b: Gardevoir|flinch
|
|upkeep
|
|t:|1782591169
|switch|p2a: Mamoswine|Mamoswine, L50, M|100/100
|turn|5
|
|t:|1782591177
|move|p2a: Mamoswine|Ice Shard|p1b: Whimsicott
|-supereffective|p1b: Whimsicott|1
|-damage|p1b: Whimsicott|25/100
|move|p1a: Falinks|Rock Slide|p2a: Mamoswine|[spread] p2a
|-miss|p1a: Falinks|p2b: Gardevoir
|-damage|p2a: Mamoswine|63/100
|move|p1b: Whimsicott|Moonblast|p2b: Gardevoir
|-damage|p2b: Gardevoir|31/100
|move|p2b: Gardevoir|Hyper Voice|p1a: Falinks|[spread] p1a,p1b
|-supereffective|p1a: Falinks|1
|-damage|p1a: Falinks|0 fnt
|-damage|p1b: Whimsicott|0 fnt
|faint|p1a: Falinks
|faint|p1b: Whimsicott
|
|-sideend|p2: Dippiedaan|move: Tailwind
|upkeep
|
|t:|1782591188
|switch|p1b: Gholdengo|Gholdengo, L50|100/100
|turn|6
|j| W3S05
|inactive|Dippiedaan has 30 seconds left.
|inactive|Dippiedaan has 20 seconds left.
|
|t:|1782591223
|move|p2a: Mamoswine|Protect|p2a: Mamoswine
|-singleturn|p2a: Mamoswine|Protect
|move|p1b: Gholdengo|Make It Rain|p2b: Gardevoir|[spread] p2b
|-activate|p2a: Mamoswine|move: Protect
|-supereffective|p2b: Gardevoir|1
|-damage|p2b: Gardevoir|0 fnt
|-unboost|p1b: Gholdengo|spa|2
|faint|p2b: Gardevoir
|-damage|p1b: Gholdengo|90/100|[from] item: Life Orb
|
|upkeep
|turn|7
|
|t:|1782591240
|move|p1b: Gholdengo|Make It Rain|p2a: Mamoswine
|-supereffective|p2a: Mamoswine|1
|-damage|p2a: Mamoswine|0 fnt
|-unboost|p1b: Gholdengo|spa|2
|faint|p2a: Mamoswine
|-damage|p1b: Gholdengo|80/100|[from] item: Life Orb
|
|win|Pakaan64
||Dippiedaan is ready for game 2.
||Pakaan64 is ready for game 2.
|uhtml|next|Next: Game 2 of 3
|l| W3S05
|l| robbie0301
|l|☆Pakaan64
|player|p1|
|j| MeerMika
