|j|☆direclawexperience
|j|☆spacesnake11
|html|direclawexperiencespacesnake11    
|uhtml|bestof|Game 1 of a best-of-3
|t:|1757688617
|gametype|doubles
|player|p1|direclawexperience|benga|1423
|player|p2|spacesnake11|ghetsis|1376
|gen|9
|tier|[Gen 9] VGC 2025 Reg H (Bo3)
|rated|
|rule|Species Clause: Limit one of each Pokémon
|rule|Item Clause: Limit 1 of each item
|clearpoke
|poke|p1|Ursaluna-Bloodmoon, L50, M|
|poke|p1|Rillaboom, L50, F|
|poke|p1|Incineroar, L50, F|
|poke|p1|Sneasler, L50, M|
|poke|p1|Annihilape, L50, M|
|poke|p1|Gholdengo, L50|
|poke|p2|Baxcalibur, L50, F|
|poke|p2|Sneasler, L50, F|
|poke|p2|Rillaboom, L50, M|
|poke|p2|Kingambit, L50, F|
|poke|p2|Volcarona, L50, F|
|poke|p2|Dondozo, L50, F|
|teampreview|4
|showteam|p1|Ursaluna-Bloodmoon||Leftovers|MindsEye|BloodMoon,EarthPower,CalmMind,Protect|||M|||50|,,,,,Water]Rillaboom||AssaultVest|GrassySurge|DrumBeating,GrassyGlide,HighHorsepower,FakeOut|||F|||50|,,,,,Fire]Incineroar||SitrusBerry|Intimidate|KnockOff,PartingShot,FlareBlitz,FakeOut|||F|||50|,,,,,Ghost]Sneasler||GrassySeed|Unburden|CloseCombat,DireClaw,Acrobatics,Protect|||M|||50|,,,,,Flying]Annihilape||SafetyGoggles|Defiant|CloseCombat,RageFist,FinalGambit,Coaching|||M|||50|,,,,,Grass]Gholdengo||ChoiceScarf|GoodasGold|MakeItRain,ShadowBall,Trick,Protect||||||50|,,,,,Steel
|showteam|p2|Baxcalibur||LoadedDice|ThermalExchange|ScaleShot,IcicleSpear,IceShard,Protect|||F|||50|,,,,,Ghost]Sneasler||FocusSash|Unburden|DireClaw,CloseCombat,Coaching,Protect|||F|||50|,,,,,Ghost]Rillaboom||AssaultVest|GrassySurge|FakeOut,GrassyGlide,WoodHammer,HighHorsepower|||M|||50|,,,,,Fire]Kingambit||SafetyGoggles|Defiant|KowtowCleave,SuckerPunch,SwordsDance,Protect|||F|||50|,,,,,Ghost]Volcarona||CovertCloak|FlameBody|HeatWave,TeraBlast,QuiverDance,RagePowder|||F|||50|,,,,,Fairy]Dondozo||Leftovers|Unaware|WaveCrash,Fissure,Yawn,Protect|||F|||50|,,,,,Poison
|inactive|Battle timer is ON: inactive players will automatically lose when time's up. (requested by direclawexperience)
|inactive|direclawexperience has 60 seconds left.
|inactive|spacesnake11 has 60 seconds left.
|inactive|spacesnake11 has 30 seconds left.
|inactive|spacesnake11 has 20 seconds left.
|inactive|spacesnake11 has 15 seconds left.
|inactive|spacesnake11 has 10 seconds left.
|
|t:|1757688701
|teamsize|p1|4
|teamsize|p2|4
|start
|switch|p1a: Sneasler|Sneasler, L50, M|100/100
|switch|p1b: Incineroar|Incineroar, L50, F|100/100
|switch|p2a: Kingambit|Kingambit, L50, F|100/100
|switch|p2b: Sneasler|Sneasler, L50, F|100/100
|-ability|p1b: Incineroar|Intimidate|boost
|-unboost|p2a: Kingambit|atk|1
|-ability|p2a: Kingambit|Defiant|boost
|-boost|p2a: Kingambit|atk|2
|-unboost|p2b: Sneasler|atk|1
|turn|1
|inactive|direclawexperience has 30 seconds left.
|inactive|spacesnake11 has 30 seconds left.
|inactive|direclawexperience has 20 seconds left.
|inactive|spacesnake11 has 20 seconds left.
|inactive|direclawexperience has 15 seconds left.
|inactive|spacesnake11 has 15 seconds left.
|inactive|direclawexperience has 10 seconds left.
|
|t:|1757688749
|switch|p1b: Rillaboom|Rillaboom, L50, F|100/100
|-fieldstart|move: Grassy Terrain|[from] ability: Grassy Surge|[of] p1b: Rillaboom
|-enditem|p1a: Sneasler|Grassy Seed
|-boost|p1a: Sneasler|def|1|[from] item: Grassy Seed
|move|p2a: Kingambit|Protect|p2a: Kingambit
|-singleturn|p2a: Kingambit|Protect
|move|p1a: Sneasler|Close Combat|p2a: Kingambit
|-activate|p2a: Kingambit|move: Protect
|move|p2b: Sneasler|Coaching|p2a: Kingambit
|-boost|p2a: Kingambit|atk|1
|-boost|p2a: Kingambit|def|1
|
|upkeep
|turn|2
|inactive|spacesnake11 has 30 seconds left.
|
|t:|1757688778
|-terastallize|p2a: Kingambit|Ghost
|move|p1b: Rillaboom|Grassy Glide|p2b: Sneasler
|-resisted|p2b: Sneasler
|-damage|p2b: Sneasler|73/100
|move|p1a: Sneasler|Acrobatics|p2b: Sneasler
|-supereffective|p2b: Sneasler
|-damage|p2b: Sneasler|0 fnt
|faint|p2b: Sneasler
|move|p2a: Kingambit|Kowtow Cleave|p1a: Sneasler
|-resisted|p1a: Sneasler
|-damage|p1a: Sneasler|50/100
|
|-heal|p1a: Sneasler|57/100|[from] Grassy Terrain
|upkeep
|inactive|spacesnake11 has 30 seconds left.
|
|t:|1757688804
|switch|p2b: Baxcalibur|Baxcalibur, L50, F|100/100
|turn|3
|
|t:|1757688826
|switch|p1b: Annihilape|Annihilape, L50, M|100/100
|move|p2b: Baxcalibur|Ice Shard|p1a: Sneasler
|-damage|p1a: Sneasler|33/100
|move|p2a: Kingambit|Sucker Punch|p1a: Sneasler
|-resisted|p1a: Sneasler
|-damage|p1a: Sneasler|0 fnt
|faint|p1a: Sneasler
|
|upkeep
|
|t:|1757688838
|switch|p1a: Rillaboom|Rillaboom, L50, F|100/100
|turn|4
|
|t:|1757688861
|-terastallize|p1a: Rillaboom|Fire
|move|p2b: Baxcalibur|Ice Shard|p1a: Rillaboom
|-resisted|p1a: Rillaboom
|-damage|p1a: Rillaboom|90/100
|move|p1b: Annihilape|Coaching|p1a: Rillaboom
|-boost|p1a: Rillaboom|atk|1
|-boost|p1a: Rillaboom|def|1
|move|p1a: Rillaboom|Drum Beating|p2b: Baxcalibur
|-resisted|p2b: Baxcalibur
|-damage|p2b: Baxcalibur|68/100
|-unboost|p2b: Baxcalibur|spe|1
|move|p2a: Kingambit|Kowtow Cleave|p1a: Rillaboom
|-damage|p1a: Rillaboom|19/100
|
|-heal|p1a: Rillaboom|25/100|[from] Grassy Terrain
|-heal|p2b: Baxcalibur|73/100|[from] Grassy Terrain
|upkeep
|turn|5
|inactive|direclawexperience has 30 seconds left.
|
|t:|1757688889
|move|p2a: Kingambit|Protect|p2a: Kingambit
|-singleturn|p2a: Kingambit|Protect
|move|p1a: Rillaboom|Grassy Glide|p2a: Kingambit
|-activate|p2a: Kingambit|move: Protect
|move|p1b: Annihilape|Close Combat|p2b: Baxcalibur
|-supereffective|p2b: Baxcalibur
|-damage|p2b: Baxcalibur|0 fnt
|-unboost|p1b: Annihilape|def|1
|-unboost|p1b: Annihilape|spd|1
|faint|p2b: Baxcalibur
|
|-heal|p1a: Rillaboom|32/100|[from] Grassy Terrain
|-fieldend|move: Grassy Terrain
|upkeep
|
|t:|1757688899
|switch|p2b: Rillaboom|Rillaboom, L50, M|100/100
|-fieldstart|move: Grassy Terrain|[from] ability: Grassy Surge|[of] p2b: Rillaboom
|turn|6
|inactive|direclawexperience has 30 seconds left.
|inactive|direclawexperience has 20 seconds left.
|
|t:|1757688936
|move|p2b: Rillaboom|Fake Out|p1a: Rillaboom
|-damage|p1a: Rillaboom|22/100
|cant|p1a: Rillaboom|flinch
|move|p1b: Annihilape|Coaching|p1a: Rillaboom
|-boost|p1a: Rillaboom|atk|1
|-boost|p1a: Rillaboom|def|1
|move|p2a: Kingambit|Kowtow Cleave|p1b: Annihilape
|-damage|p1b: Annihilape|0 fnt
|faint|p1b: Annihilape
|
|-heal|p1a: Rillaboom|28/100|[from] Grassy Terrain
|upkeep
|
|t:|1757688944
|switch|p1b: Incineroar|Incineroar, L50, F|100/100
|-ability|p1b: Incineroar|Intimidate|boost
|-unboost|p2a: Kingambit|atk|1
|-ability|p2a: Kingambit|Defiant|boost
|-boost|p2a: Kingambit|atk|2
|-unboost|p2b: Rillaboom|atk|1
|turn|7
|inactive|direclawexperience has 30 seconds left.
|inactive|spacesnake11 has 30 seconds left.
|inactive|direclawexperience has 20 seconds left.
|
|t:|1757688982
|move|p1a: Rillaboom|Drum Beating|p2b: Rillaboom
|-resisted|p2b: Rillaboom
|-damage|p2b: Rillaboom|59/100
|-unboost|p2b: Rillaboom|spe|1
|move|p1b: Incineroar|Flare Blitz|p2b: Rillaboom
|-supereffective|p2b: Rillaboom
|-damage|p2b: Rillaboom|0 fnt
|faint|p2b: Rillaboom
|-damage|p1b: Incineroar|81/100|[from] Recoil
|move|p2a: Kingambit|Kowtow Cleave|p1b: Incineroar
|-resisted|p1b: Incineroar
|-damage|p1b: Incineroar|25/100
|-enditem|p1b: Incineroar|Sitrus Berry|[eat]
|-heal|p1b: Incineroar|50/100|[from] item: Sitrus Berry
|
|-heal|p1a: Rillaboom|34/100|[from] Grassy Terrain
|-heal|p1b: Incineroar|55/100|[from] Grassy Terrain
|upkeep
|turn|8
|
|t:|1757689007
|move|p1a: Rillaboom|Grassy Glide|p2a: Kingambit
|-damage|p2a: Kingambit|70/100
|move|p1b: Incineroar|Knock Off|p2a: Kingambit
|-supereffective|p2a: Kingambit
|-damage|p2a: Kingambit|29/100
|-enditem|p2a: Kingambit|Safety Goggles|[from] move: Knock Off|[of] p1b: Incineroar
|move|p2a: Kingambit|Kowtow Cleave|p1b: Incineroar
|-resisted|p1b: Incineroar
|-damage|p1b: Incineroar|0 fnt
|faint|p1b: Incineroar
|
|-heal|p1a: Rillaboom|41/100|[from] Grassy Terrain
|-heal|p2a: Kingambit|35/100|[from] Grassy Terrain
|upkeep
|turn|9
|
|t:|1757689021
|move|p2a: Kingambit|Protect|p2a: Kingambit
|-singleturn|p2a: Kingambit|Protect
|move|p1a: Rillaboom|Grassy Glide|p2a: Kingambit
|-activate|p2a: Kingambit|move: Protect
|
|-heal|p1a: Rillaboom|47/100|[from] Grassy Terrain
|-heal|p2a: Kingambit|41/100|[from] Grassy Terrain
|upkeep
|turn|10
|
|t:|1757689027
|move|p1a: Rillaboom|Grassy Glide|p2a: Kingambit
|-damage|p2a: Kingambit|9/100
|move|p2a: Kingambit|Kowtow Cleave|p1a: Rillaboom
|-crit|p1a: Rillaboom
|-damage|p1a: Rillaboom|0 fnt
|faint|p1a: Rillaboom
|
|win|spacesnake11
|l|☆direclawexperience
|player|p1|
||direclawexperience is ready for game 2.
|inactive|spacesnake11 has 30 seconds to confirm battle start!
||spacesnake11 is ready for game 2.
|uhtml|next|Next: Game 2 of 3
