|j|☆tactical espeonage
|j|☆jirufell
|html|tactical espeonagejirufell    
|uhtml|bestof|Game 1 of a best-of-3
|t:|1757771664
|gametype|doubles
|player|p1|tactical espeonage|102|1198
|player|p2|jirufell|acetrainerf|1214
|gen|9
|tier|[Gen 9] VGC 2025 Reg H (Bo3)
|rated|
|rule|Species Clause: Limit one of each Pokémon
|rule|Item Clause: Limit 1 of each item
|clearpoke
|poke|p1|Indeedee-F, L50, F|
|poke|p1|Espeon, L50, M|
|poke|p1|Tyranitar, L50, F|
|poke|p1|Excadrill, L50, M|
|poke|p1|Annihilape, L50, M|
|poke|p1|Scyther, L50, F|
|poke|p2|Incineroar, L50, F|
|poke|p2|Ursaluna, L50, F|
|poke|p2|Pelipper, L50, M|
|poke|p2|Sinistcha, L50|
|poke|p2|Archaludon, L50, F|
|poke|p2|Dragonite, L50, M|
|teampreview|4
|showteam|p1|Indeedee-F||PsychicSeed|PsychicSurge|Psychic,FollowMe,HelpingHand,TrickRoom|||F|||50|,,,,,Fairy]Espeon||ChoiceSpecs|MagicBounce|ExpandingForce,ShadowBall,PowerGem,TeraBlast|||M|||50|,,,,,Fighting]Tyranitar||AssaultVest|SandStream|KnockOff,RockSlide,LowKick,TeraBlast|||F|||50|,,,,,Flying]Excadrill||ClearAmulet|SandRush|HighHorsepower,IronHead,Earthquake,Protect|||M|||50|,,,,,Ghost]Annihilape||SafetyGoggles|Defiant|RageFist,CloseCombat,Taunt,Protect|||M|||50|,,,,,Fire]Scyther||Eviolite|Technician|DualWingbeat,StruggleBug,Tailwind,Protect|||F|||50|,,,,,Rock
|showteam|p2|Incineroar||SafetyGoggles|Intimidate|FlareBlitz,KnockOff,FakeOut,PartingShot|||F|||50|,,,,,Ghost]Ursaluna||FlameOrb|Guts|Protect,Facade,HeadlongRush,Earthquake|||F|||50|,,,,,Psychic]Pelipper||FocusSash|Drizzle|Protect,MuddyWater,Hurricane,Tailwind|||M|||50|,,,,,Ground]Sinistcha||SitrusBerry|Hospitality|MatchaGotcha,LifeDew,RagePowder,TrickRoom||||||50|,,,,,Dark]Archaludon||AssaultVest|Stamina|FlashCannon,BodyPress,ElectroShot,Snarl|||F|||50|,,,,,Bug]Dragonite||LoadedDice|Multiscale|Protect,ScaleShot,Tailwind,Haze|||M|||50|,,,,,Steel
|j| icarus543
|
|t:|1757771722
|teamsize|p1|4
|teamsize|p2|4
|start
|switch|p1a: Annihilape|Annihilape, L50, M|100/100
|switch|p1b: Espeon|Espeon, L50, M|100/100
|switch|p2a: Sinistcha|Sinistcha, L50|100/100
|switch|p2b: Pelipper|Pelipper, L50, M|100/100
|-weather|RainDance|[from] ability: Drizzle|[of] p2b: Pelipper
|turn|1
|
|t:|1757771760
|switch|p1a: Indeedee|Indeedee-F, L50, F|100/100
|-fieldstart|move: Psychic Terrain|[from] ability: Psychic Surge|[of] p1a: Indeedee
|-enditem|p1a: Indeedee|Psychic Seed
|-boost|p1a: Indeedee|spd|1|[from] item: Psychic Seed
|switch|p2a: Archaludon|Archaludon, L50, F|100/100
|move|p1b: Espeon|Expanding Force|p2a: Archaludon|[spread] p2a,p2b
|-resisted|p2a: Archaludon
|-damage|p2a: Archaludon|70/100
|-enditem|p2b: Pelipper|Focus Sash
|-damage|p2b: Pelipper|1/100
|-ability|p2a: Archaludon|Stamina|boost
|-boost|p2a: Archaludon|def|1
|move|p2b: Pelipper|Tailwind|p2b: Pelipper
|-sidestart|p2: jirufell|move: Tailwind
|
|-weather|RainDance|[upkeep]
|upkeep
|turn|2
|
|t:|1757771796
|switch|p1a: Tyranitar|Tyranitar, L50, F|100/100
|-weather|Sandstorm|[from] ability: Sand Stream|[of] p1a: Tyranitar
|move|p2b: Pelipper|Muddy Water|p1a: Tyranitar|[spread] p1b
|-miss|p2b: Pelipper|p1a: Tyranitar
|-damage|p1b: Espeon|62/100
|move|p2a: Archaludon|Snarl|p1a: Tyranitar|[spread] p1a,p1b
|-resisted|p1a: Tyranitar
|-supereffective|p1b: Espeon
|-damage|p1a: Tyranitar|98/100
|-damage|p1b: Espeon|30/100
|-unboost|p1a: Tyranitar|spa|1
|-unboost|p1b: Espeon|spa|1
|move|p1b: Espeon|Expanding Force|p2a: Archaludon|[spread] p2a,p2b
|-resisted|p2a: Archaludon
|-damage|p2a: Archaludon|51/100
|-damage|p2b: Pelipper|0 fnt
|-ability|p2a: Archaludon|Stamina|boost
|-boost|p2a: Archaludon|def|1
|faint|p2b: Pelipper
|
|-weather|Sandstorm|[upkeep]
|-damage|p1b: Espeon|24/100|[from] Sandstorm
|upkeep
|
|t:|1757771809
|switch|p2b: Sinistcha|Sinistcha, L50|100/100
|-heal|p2a: Archaludon|76/100|[from] ability: Hospitality|[of] p2b: Sinistcha
|turn|3
|
|t:|1757771837
|switch|p1b: Indeedee|Indeedee-F, L50, F|100/100
|switch|p1a: Annihilape|Annihilape, L50, M|100/100
|move|p2a: Archaludon|Flash Cannon|p1a: Annihilape
|-damage|p1a: Annihilape|70/100
|move|p2b: Sinistcha|Matcha Gotcha|p1a: Annihilape|[spread] p1a,p1b
|-damage|p1a: Annihilape|47/100
|-damage|p1b: Indeedee|78/100
|
|-weather|Sandstorm|[upkeep]
|-damage|p2b: Sinistcha|94/100|[from] Sandstorm
|-damage|p1b: Indeedee|72/100|[from] Sandstorm
|upkeep
|turn|4
|
|t:|1757771894
|-terastallize|p2a: Archaludon|Bug
|move|p1b: Indeedee|Helping Hand|p1a: Annihilape
|-singleturn|p1a: Annihilape|Helping Hand|[of] p1b: Indeedee
|move|p2a: Archaludon|Body Press|p1b: Indeedee
|-damage|p1b: Indeedee|14/100
|move|p2b: Sinistcha|Matcha Gotcha|p1b: Indeedee|[spread] p1a,p1b
|-damage|p1a: Annihilape|25/100
|-heal|p2b: Sinistcha|100/100|[from] drain|[of] p1a: Annihilape
|-damage|p1b: Indeedee|0 fnt
|faint|p1b: Indeedee
|move|p1a: Annihilape|Rage Fist|p2b: Sinistcha
|-supereffective|p2b: Sinistcha
|-damage|p2b: Sinistcha|0 fnt
|faint|p2b: Sinistcha
|
|-weather|Sandstorm|[upkeep]
|-damage|p2a: Archaludon|70/100|[from] Sandstorm
|-sideend|p2: jirufell|move: Tailwind
|upkeep
|
|t:|1757771917
|switch|p1b: Espeon|Espeon, L50, M|24/100
|switch|p2b: Ursaluna|Ursaluna, L50, F|100/100
|turn|5
|
|t:|1757771952
|move|p2b: Ursaluna|Protect|p2b: Ursaluna
|-singleturn|p2b: Ursaluna|Protect
|move|p1b: Espeon|Expanding Force|p2a: Archaludon|[spread] p2a
|-activate|p2b: Ursaluna|move: Protect
|-damage|p2a: Archaludon|13/100
|-ability|p2a: Archaludon|Stamina|boost
|-boost|p2a: Archaludon|def|1
|move|p1a: Annihilape|Close Combat|p2b: Ursaluna
|-activate|p2b: Ursaluna|move: Protect
|move|p2a: Archaludon|Flash Cannon|p1a: Annihilape
|-damage|p1a: Annihilape|0 fnt
|faint|p1a: Annihilape
|
|-weather|Sandstorm|[upkeep]
|-damage|p1b: Espeon|18/100|[from] Sandstorm
|-damage|p2a: Archaludon|7/100|[from] Sandstorm
|-fieldend|move: Psychic Terrain
|-status|p2b: Ursaluna|brn|[from] item: Flame Orb
|upkeep
|
|t:|1757771968
|switch|p1a: Tyranitar|Tyranitar, L50, F|98/100
|turn|6
|
|t:|1757771987
|-terastallize|p1a: Tyranitar|Flying
|move|p1b: Espeon|Expanding Force|p2a: Archaludon
|-damage|p2a: Archaludon|0 fnt
|faint|p2a: Archaludon
|move|p1a: Tyranitar|Low Kick|p2b: Ursaluna
|-supereffective|p2b: Ursaluna
|-damage|p2b: Ursaluna|37/100 brn
|move|p2b: Ursaluna|Earthquake|p1a: Tyranitar|[spread] p1b
|-immune|p1a: Tyranitar
|-damage|p1b: Espeon|0 fnt
|faint|p1b: Espeon
|
|-weather|none
|-damage|p2b: Ursaluna|31/100 brn|[from] brn
|upkeep
|turn|7
|-message|jirufell forfeited.
|
|win|tactical espeonage
||jirufell is ready for game 2.
|inactive|tactical espeonage has 30 seconds to confirm battle start!
||tactical espeonage is ready for game 2.
|uhtml|next|Next: Game 2 of 3
|l| icarus543
