|j|☆OreXis945
|j|☆MBL25
|html|OreXis945MBL25    
|uhtml|bestof|Game 1 of a best-of-3
|t:|1756915584
|gametype|doubles
|player|p1|OreXis945|101|1196
|player|p2|MBL25|101|1176
|gen|9
|tier|[Gen 9] VGC 2025 Reg H (Bo3)
|rated|
|rule|Species Clause: Limit one of each Pokémon
|rule|Item Clause: Limit 1 of each item
|clearpoke
|poke|p1|Archaludon, L50, M|
|poke|p1|Sinistcha-Masterpiece, L50|
|poke|p1|Dragonite, L50, M|
|poke|p1|Pelipper, L50, M|
|poke|p1|Ursaluna, L50, F|
|poke|p1|Gholdengo, L50|
|poke|p2|Sneasler, L50, M|
|poke|p2|Amoonguss, L50, F|
|poke|p2|Gholdengo, L50|
|poke|p2|Incineroar, L50, F|
|poke|p2|Dragonite, L50, F|
|poke|p2|Ursaluna-Bloodmoon, L50, M|
|teampreview|4
|showteam|p1|Archaludon||AssaultVest|Stamina|BodyPress,Snarl,ElectroShot,FlashCannon|||M|||50|,,,,,Fighting]Sinistcha-Masterpiece||SitrusBerry|Hospitality|MatchaGotcha,RagePowder,TrickRoom,LifeDew||||||50|,,,,,Dark]Dragonite||LoadedDice|Multiscale|ScaleShot,Protect,Tailwind,Haze|||M|||50|,,,,,Steel]Pelipper||FocusSash|Drizzle|MuddyWater,Hurricane,Tailwind,Protect|||M|||50|,,,,,Ghost]Ursaluna||FlameOrb|Guts|Facade,HeadlongRush,Earthquake,Protect|||F|||50|,,,,,Ghost]Gholdengo||ChoiceScarf|GoodasGold|MakeItRain,TeraBlast,ShadowBall,Trick||||||50|,,,,,Water
|showteam|p2|Sneasler||FocusSash|Unburden|DireClaw,CloseCombat,Protect,ThroatChop|||M|||50|,,,,,Stellar]Amoonguss||SitrusBerry|Regenerator|RagePowder,Spore,PollenPuff,Protect|||F|||50|,,,,,Water]Gholdengo||LifeOrb|GoodasGold|MakeItRain,ShadowBall,Protect,NastyPlot||||||50|,,,,,Water]Incineroar||SafetyGoggles|Intimidate|FlareBlitz,PartingShot,FakeOut,KnockOff|||F|||50|,,,,,Ghost]Dragonite||LoadedDice|Multiscale|ScaleShot,Tailwind,Protect,Haze|||F|||50|,,,,,Fairy]Ursaluna-Bloodmoon||AssaultVest|MindsEye|BloodMoon,VacuumWave,HyperVoice,EarthPower|||M|||50|,,,,,Water
|
|t:|1756915642
|teamsize|p1|4
|teamsize|p2|4
|start
|switch|p1a: Dragonite|Dragonite, L50, M|100/100
|switch|p1b: Gholdengo|Gholdengo, L50|100/100
|switch|p2a: Dragonite|Dragonite, L50, F|100/100
|switch|p2b: Gholdengo|Gholdengo, L50|100/100
|turn|1
|
|t:|1756915673
|-terastallize|p1a: Dragonite|Steel
|move|p2b: Gholdengo|Protect|p2b: Gholdengo
|-singleturn|p2b: Gholdengo|Protect
|move|p2a: Dragonite|Protect|p2a: Dragonite
|-singleturn|p2a: Dragonite|Protect
|move|p1b: Gholdengo|Make It Rain|p2b: Gholdengo|[spread] 
|-activate|p2a: Dragonite|move: Protect
|-activate|p2b: Gholdengo|move: Protect
|move|p1a: Dragonite|Tailwind|p1a: Dragonite
|-sidestart|p1: OreXis945|move: Tailwind
|
|upkeep
|turn|2
|
|t:|1756915710
|switch|p2a: Ursaluna|Ursaluna-Bloodmoon, L50, M|100/100
|move|p1b: Gholdengo|Make It Rain|p2b: Gholdengo|[spread] p2a,p2b
|-resisted|p2b: Gholdengo
|-damage|p2a: Ursaluna|70/100
|-damage|p2b: Gholdengo|74/100
|-unboost|p1b: Gholdengo|spa|1
|move|p1a: Dragonite|Scale Shot|p2a: Ursaluna
|-damage|p2a: Ursaluna|59/100
|-damage|p2a: Ursaluna|49/100
|-damage|p2a: Ursaluna|39/100
|-damage|p2a: Ursaluna|27/100
|-hitcount|p2a: Ursaluna|4
|-unboost|p1a: Dragonite|def|1
|-boost|p1a: Dragonite|spe|1
|move|p2b: Gholdengo|Shadow Ball|p1a: Dragonite
|-damage|p1a: Dragonite|72/100
|-damage|p2b: Gholdengo|65/100|[from] item: Life Orb
|
|upkeep
|turn|3
|
|t:|1756915763
|move|p1a: Dragonite|Protect|p1a: Dragonite
|-singleturn|p1a: Dragonite|Protect
|move|p2b: Gholdengo|Protect|p2b: Gholdengo
|-singleturn|p2b: Gholdengo|Protect
|move|p2a: Ursaluna|Vacuum Wave|p1a: Dragonite
|-activate|p1a: Dragonite|move: Protect
|move|p1b: Gholdengo|Make It Rain|p2a: Ursaluna|[spread] p2a
|-activate|p2b: Gholdengo|move: Protect
|-damage|p2a: Ursaluna|4/100
|-unboost|p1b: Gholdengo|spa|1
|
|upkeep
|turn|4
|
|t:|1756915794
|switch|p2b: Dragonite|Dragonite, L50, F|100/100
|move|p2a: Ursaluna|Vacuum Wave|p1a: Dragonite
|-supereffective|p1a: Dragonite
|-damage|p1a: Dragonite|41/100
|move|p1b: Gholdengo|Make It Rain|p2b: Dragonite|[spread] p2a,p2b
|-damage|p2a: Ursaluna|0 fnt
|-damage|p2b: Dragonite|87/100
|-unboost|p1b: Gholdengo|spa|1
|faint|p2a: Ursaluna
|move|p1a: Dragonite|Scale Shot|p2b: Dragonite
|-supereffective|p2b: Dragonite
|-damage|p2b: Dragonite|51/100
|-supereffective|p2b: Dragonite
|-damage|p2b: Dragonite|17/100
|-supereffective|p2b: Dragonite
|-damage|p2b: Dragonite|0 fnt
|faint|p2b: Dragonite
|-hitcount|p2: Dragonite|3
|-unboost|p1a: Dragonite|def|1
|-boost|p1a: Dragonite|spe|1
|
|-sideend|p1: OreXis945|move: Tailwind
|upkeep
|
|t:|1756915799
|switch|p2b: Sneasler|Sneasler, L50, M|100/100
|switch|p2a: Gholdengo|Gholdengo, L50|65/100
|turn|5
|
|t:|1756915810
|move|p2b: Sneasler|Protect|p2b: Sneasler
|-singleturn|p2b: Sneasler|Protect
|move|p1a: Dragonite|Tailwind|p1a: Dragonite
|-sidestart|p1: OreXis945|move: Tailwind
|move|p1b: Gholdengo|Make It Rain|p2a: Gholdengo|[spread] p2a
|-activate|p2b: Sneasler|move: Protect
|-resisted|p2a: Gholdengo
|-damage|p2a: Gholdengo|55/100
|-unboost|p1b: Gholdengo|spa|1
|move|p2a: Gholdengo|Make It Rain|p1b: Gholdengo|[spread] p1a,p1b
|-resisted|p1a: Dragonite
|-resisted|p1b: Gholdengo
|-damage|p1a: Dragonite|9/100
|-damage|p1b: Gholdengo|65/100
|-unboost|p2a: Gholdengo|spa|1
|-damage|p2a: Gholdengo|45/100|[from] item: Life Orb
|
|upkeep
|turn|6
|
|t:|1756915820
|move|p1a: Dragonite|Scale Shot|p2b: Sneasler
|-damage|p2b: Sneasler|75/100
|-damage|p2b: Sneasler|48/100
|-damage|p2b: Sneasler|24/100
|-damage|p2b: Sneasler|1/100
|-damage|p2b: Sneasler|0 fnt
|faint|p2b: Sneasler
|-hitcount|p2: Sneasler|5
|-unboost|p1a: Dragonite|def|1
|-boost|p1a: Dragonite|spe|1
|move|p1b: Gholdengo|Make It Rain|p2a: Gholdengo
|-resisted|p2a: Gholdengo
|-damage|p2a: Gholdengo|33/100
|-unboost|p1b: Gholdengo|spa|1
|move|p2a: Gholdengo|Shadow Ball|p1b: Gholdengo
|-supereffective|p1b: Gholdengo
|-damage|p1b: Gholdengo|0 fnt
|faint|p1b: Gholdengo
|-damage|p2a: Gholdengo|24/100|[from] item: Life Orb
|
|upkeep
|
|t:|1756915825
|switch|p1b: Ursaluna|Ursaluna, L50, F|100/100
|turn|7
|
|t:|1756915830
|move|p2a: Gholdengo|Protect|p2a: Gholdengo
|-singleturn|p2a: Gholdengo|Protect
|move|p1a: Dragonite|Scale Shot|p2a: Gholdengo
|-activate|p2a: Gholdengo|move: Protect
|move|p1b: Ursaluna|Headlong Rush|p2a: Gholdengo
|-activate|p2a: Gholdengo|move: Protect
|
|-status|p1b: Ursaluna|brn|[from] item: Flame Orb
|upkeep
|turn|8
|
|t:|1756915834
|move|p2a: Gholdengo|Protect||[still]
|-fail|p2a: Gholdengo
|move|p1a: Dragonite|Scale Shot|p2a: Gholdengo|[miss]
|-miss|p1a: Dragonite|p2a: Gholdengo
|move|p1b: Ursaluna|Headlong Rush|p2a: Gholdengo
|-supereffective|p2a: Gholdengo
|-damage|p2a: Gholdengo|0 fnt
|-unboost|p1b: Ursaluna|def|1
|-unboost|p1b: Ursaluna|spd|1
|faint|p2a: Gholdengo
|
|win|OreXis945
||MBL25 is ready for game 2.
||OreXis945 is ready for game 2.
|uhtml|next|Next: Game 2 of 3
|l|☆MBL25
|player|p2|
