|j|☆Silvervaliantxyz
|j|☆liamvgc1
|html|Silvervaliantxyzliamvgc1    
|uhtml|bestof|Game 2 of a best-of-3
|t:|1783541121
|gametype|doubles
|player|p1|Silvervaliantxyz|riley|
|player|p2|liamvgc1|giovanni|
|gen|9
|tier|[Gen 9 Champions] VGC 2026 Reg M-B (Bo3)
|rule|Species Clause: Limit one of each Pokémon
|rule|Item Clause: Limit 1 of each item
|clearpoke
|poke|p1|Raichu, L50, F, shiny|
|poke|p1|Garchomp, L50, F|
|poke|p1|Sneasler, L50, M|
|poke|p1|Talonflame, L50, F|
|poke|p1|Ninetales-Alola, L50, F|
|poke|p1|Aegislash, L50, F|
|poke|p2|Basculegion, L50, M|
|poke|p2|Floette-Eternal, L50, F|
|poke|p2|Whimsicott, L50, M|
|poke|p2|Garchomp, L50, M|
|poke|p2|Charizard, L50, F|
|poke|p2|Kingambit, L50, F|
|teampreview|4
|showteam|p1|Raichu||RaichuniteY|LightningRod|ZapCannon,FocusBlast,GrassKnot,Protect|Timid||F|||50|]Garchomp||RoseliBerry|RoughSkin|StompingTantrum,DragonClaw,RockSlide,Protect|Jolly||F|||50|]Sneasler||FocusSash|Unburden|UpperHand,DireClaw,CloseCombat,Protect|Jolly||M|||50|]Talonflame||SharpBeak|GaleWings|FlareBlitz,BraveBird,Tailwind,Protect|Jolly||F|||50|]Ninetales-Alola||LifeOrb|SnowWarning|Blizzard,Moonblast,FreezeDry,Protect|Timid||F|||50|]Aegislash||WhiteHerb|StanceChange|IronHead,KingsShield,ShadowSneak,Poltergeist|Adamant||F|||50|
|showteam|p2|Basculegion||MysticWater|Adaptability|WaveCrash,LastRespects,AquaJet,Protect|Adamant||M|||50|]Floette-Eternal||Floettite|FlowerVeil|Moonblast,DazzlingGleam,LightofRuin,Protect|Timid||F|||50|]Whimsicott||FocusSash|Prankster|Moonblast,Tailwind,Encore,Protect|Timid||M|||50|]Garchomp||LifeOrb|RoughSkin|Earthquake,DragonClaw,RockSlide,Protect|Jolly||M|||50|]Charizard||CharizarditeY|Blaze|HeatWave,SolarBeam,WeatherBall,Protect|Modest||F|||50|]Kingambit||ChopleBerry|Defiant|SuckerPunch,KowtowCleave,IronHead,LowKick|Adamant||F|||50|
|
|t:|1783541164
|teamsize|p1|4
|teamsize|p2|4
|start
|switch|p1a: Ninetales|Ninetales-Alola, L50, F|100/100
|switch|p1b: Birdie|Talonflame, L50, F|100/100
|switch|p2a: Charizard|Charizard, L50, F|100/100
|switch|p2b: Whimsicott|Whimsicott, L50, M|100/100
|-weather|Snowscape|[from] ability: Snow Warning|[of] p1a: Ninetales
|turn|1
|
|t:|1783541190
|switch|p1a: RaiRai with Hax|Raichu, L50, F, shiny|100/100
|move|p1b: Birdie|Tailwind|p1b: Birdie
|-sidestart|p1: Silvervaliantxyz|move: Tailwind
|move|p2b: Whimsicott|Tailwind|p2b: Whimsicott
|-sidestart|p2: liamvgc1|move: Tailwind
|move|p2a: Charizard|Weather Ball|p1a: RaiRai with Hax
|-damage|p1a: RaiRai with Hax|50/100y
|
|-weather|Snowscape|[upkeep]
|upkeep
|turn|2
|
|t:|1783541207
|switch|p2a: Garchomp|Garchomp, L50, M|100/100
|detailschange|p1a: RaiRai with Hax|Raichu-Mega-Y, L50, F, shiny
|-mega|p1a: RaiRai with Hax|Raichu|Raichunite Y
|move|p2b: Whimsicott|Protect|p2b: Whimsicott
|-singleturn|p2b: Whimsicott|Protect
|move|p1b: Birdie|Brave Bird|p2b: Whimsicott
|-activate|p2b: Whimsicott|move: Protect
|move|p1a: RaiRai with Hax|Zap Cannon|p2a: Garchomp
|-immune|p2a: Garchomp
|
|-weather|Snowscape|[upkeep]
|upkeep
|turn|3
|
|t:|1783541233
|move|p1b: Birdie|Brave Bird|p2b: Whimsicott
|-supereffective|p2b: Whimsicott|1
|-enditem|p2b: Whimsicott|Focus Sash
|-damage|p2b: Whimsicott|1/100
|-damage|p1b: Birdie|70/100|[from] Recoil
|move|p2b: Whimsicott|Encore|p1a: RaiRai with Hax
|-start|p1a: RaiRai with Hax|Encore
|move|p1a: RaiRai with Hax|Zap Cannon|p2b: Whimsicott
|-resisted|p2b: Whimsicott|1
|-damage|p2b: Whimsicott|0 fnt
|faint|p2b: Whimsicott
|move|p2a: Garchomp|Rock Slide|p1b: Birdie|[spread] p1a,p1b
|-supereffective|p1b: Birdie|2
|-crit|p1b: Birdie
|-damage|p1a: RaiRai with Hax|8/100
|-damage|p1b: Birdie|0 fnt
|faint|p1b: Birdie
|-damage|p2a: Garchomp|90/100|[from] item: Life Orb
|
|-weather|Snowscape|[upkeep]
|upkeep
|
|t:|1783541252
|switch|p1b: Pasta’s Sneasler|Sneasler, L50, M|100/100
|switch|p2b: Kingambit|Kingambit, L50, F|100/100
|turn|4
|
|t:|1783541264
|move|p1b: Pasta’s Sneasler|Upper Hand|p2b: Kingambit
|-supereffective|p2b: Kingambit|2
|-enditem|p2b: Kingambit|Chople Berry|[eat]
|-enditem|p2b: Kingambit|Chople Berry|[weaken]
|-damage|p2b: Kingambit|49/100
|cant|p2b: Kingambit|flinch
|move|p1a: RaiRai with Hax|Zap Cannon|p2b: Kingambit
|-damage|p2b: Kingambit|0 fnt
|faint|p2b: Kingambit
|move|p2a: Garchomp|Earthquake|p1b: Pasta’s Sneasler|[spread] p1a,p1b
|-supereffective|p1a: RaiRai with Hax|1
|-supereffective|p1b: Pasta’s Sneasler|1
|-damage|p1a: RaiRai with Hax|0 fnt
|-enditem|p1b: Pasta’s Sneasler|Focus Sash
|-damage|p1b: Pasta’s Sneasler|1/100
|faint|p1a: RaiRai with Hax
|-damage|p2a: Garchomp|80/100|[from] item: Life Orb
|
|-weather|Snowscape|[upkeep]
|-sideend|p2: liamvgc1|move: Tailwind
|-sideend|p1: Silvervaliantxyz|move: Tailwind
|upkeep
|
|t:|1783541283
|switch|p1a: Ninetales|Ninetales-Alola, L50, F|100/100
|switch|p2b: Charizard|Charizard, L50, F|100/100
|turn|5
|
|t:|1783541300
|detailschange|p2b: Charizard|Charizard-Mega-Y, L50, F
|-mega|p2b: Charizard|Charizard|Charizardite Y
|-weather|SunnyDay|[from] ability: Drought|[of] p2b: Charizard
|move|p2b: Charizard|Protect|p2b: Charizard
|-singleturn|p2b: Charizard|Protect
|move|p1b: Pasta’s Sneasler|Dire Claw|p2b: Charizard
|-activate|p2b: Charizard|move: Protect
|move|p1a: Ninetales|Freeze-Dry|p2b: Charizard
|-activate|p2b: Charizard|move: Protect
|move|p2a: Garchomp|Earthquake|p1a: Ninetales|[spread] p1a,p1b
|-activate|p2b: Charizard|move: Protect
|-supereffective|p1b: Pasta’s Sneasler|1
|-damage|p1a: Ninetales|26/100
|-damage|p1b: Pasta’s Sneasler|0 fnt
|faint|p1b: Pasta’s Sneasler
|-damage|p2a: Garchomp|70/100|[from] item: Life Orb
|
|-weather|SunnyDay|[upkeep]
|upkeep
|turn|6
|
|t:|1783541321
|move|p1a: Ninetales|Blizzard|p2b: Charizard|[spread] p2a,p2b
|-supereffective|p2a: Garchomp|2
|-damage|p2a: Garchomp|0 fnt
|-damage|p2b: Charizard|60/100
|faint|p2a: Garchomp
|-damage|p1a: Ninetales|17/100|[from] item: Life Orb
|move|p2b: Charizard|Weather Ball|p1a: Ninetales
|-supereffective|p1a: Ninetales|1
|-damage|p1a: Ninetales|0 fnt
|faint|p1a: Ninetales
|
|win|liamvgc1
|c|☆Silvervaliantxyz|Gg there goes my tournament run
|l|☆Silvervaliantxyz
|player|p1|
