|j|☆Ossi1590
|j|☆dugvgc
|html|Ossi1590dugvgc    
|uhtml|bestof|Game 2 of a best-of-3
|t:|1783524132
|gametype|doubles
|player|p1|Ossi1590|colress|1348
|player|p2|dugvgc|koga|1355
|gen|9
|tier|[Gen 9 Champions] VGC 2026 Reg M-B (Bo3)
|rated|
|rule|Species Clause: Limit one of each Pokémon
|rule|Item Clause: Limit 1 of each item
|clearpoke
|poke|p1|Raichu, L50, M|
|poke|p1|Mawile, L50, M|
|poke|p1|Sinistcha, L50|
|poke|p1|Ceruledge, L50, F|
|poke|p1|Milotic, L50, F|
|poke|p1|Incineroar, L50, F|
|poke|p2|Blastoise, L50, F|
|poke|p2|Delphox, L50, F|
|poke|p2|Incineroar, L50, F|
|poke|p2|Sinistcha, L50|
|poke|p2|Sneasler, L50, M|
|poke|p2|Kingambit, L50, F|
|teampreview|4
|showteam|p1|Raichu||RaichuniteY|LightningRod|ZapCannon,FocusBlast,FakeOut,Protect|Timid||M|||50|]Mawile||Mawilite|HyperCutter|PlayRough,SuckerPunch,SwordsDance,Protect|Adamant||M|||50|]Sinistcha||KasibBerry|Hospitality|MatchaGotcha,LifeDew,RagePowder,Protect|Relaxed|||||50|]Ceruledge||ColburBerry|FlashFire|BitterBlade,ShadowSneak,BulkUp,Protect|Adamant||F|||50|]Milotic||Leftovers|Competitive|MuddyWater,Coil,Hypnosis,Protect|Calm||F|||50|]Incineroar||SitrusBerry|Intimidate|FlareBlitz,ThroatChop,FakeOut,PartingShot|Impish||F|||50|
|showteam|p2|Blastoise||Blastoisinite|RainDish|WaterSpout,DarkPulse,ShellSmash,Protect|Modest||F|||50|]Delphox||Delphoxite|Blaze|HeatWave,Psyshock,NastyPlot,Protect|Timid||F|||50|]Incineroar||SitrusBerry|Intimidate|FlareBlitz,FakeOut,HelpingHand,PartingShot|Impish||F|||50|]Sinistcha||KasibBerry|Hospitality|MatchaGotcha,TrickRoom,RagePowder,Protect|Relaxed|||||50|]Sneasler||FocusSash|PoisonTouch|CloseCombat,PoisonJab,FakeOut,QuickGuard|Jolly||M|||50|]Kingambit||BlackGlasses|Defiant|KowtowCleave,SuckerPunch,SwordsDance,Protect|Adamant||F|||50|
|inactive|Battle timer is ON: inactive players will automatically lose when time's up. (requested by dugvgc)
|inactive|Ossi1590 has 60 seconds left.
|
|t:|1783524181
|teamsize|p1|4
|teamsize|p2|4
|start
|switch|p1a: Mawile|Mawile, L50, M|100/100
|switch|p1b: Raichu|Raichu, L50, M|100/100
|switch|p2a: Sneasler|Sneasler, L50, M|100/100
|switch|p2b: Blastoise|Blastoise, L50, F|100/100
|turn|1
|
|t:|1783524196
|detailschange|p1b: Raichu|Raichu-Mega-Y, L50, M
|-mega|p1b: Raichu|Raichu|Raichunite Y
|detailschange|p2b: Blastoise|Blastoise-Mega, L50, F
|-mega|p2b: Blastoise|Blastoise|Blastoisinite
|move|p2a: Sneasler|Fake Out|p1b: Raichu
|-damage|p1b: Raichu|79/100
|cant|p1b: Raichu|flinch
|move|p2b: Blastoise|Water Spout|p1b: Raichu|[spread] p1a,p1b
|-damage|p1a: Mawile|9/100
|-damage|p1b: Raichu|0 fnt
|faint|p1b: Raichu
|move|p1a: Mawile|Swords Dance|p1a: Mawile
|-boost|p1a: Mawile|atk|2
|
|upkeep
|
|t:|1783524205
|switch|p1b: Milotic|Milotic, L50, F|100/100
|turn|2
|
|t:|1783524212
|move|p1a: Mawile|Protect|p1a: Mawile
|-singleturn|p1a: Mawile|Protect
|move|p2a: Sneasler|Quick Guard|p2a: Sneasler
|-singleturn|p2a: Sneasler|Quick Guard
|move|p2b: Blastoise|Shell Smash|p2b: Blastoise
|-unboost|p2b: Blastoise|def|1
|-unboost|p2b: Blastoise|spd|1
|-boost|p2b: Blastoise|atk|2
|-boost|p2b: Blastoise|spa|2
|-boost|p2b: Blastoise|spe|2
|move|p1b: Milotic|Coil|p1b: Milotic
|-boost|p1b: Milotic|atk|1
|-boost|p1b: Milotic|def|1
|-boost|p1b: Milotic|accuracy|1
|
|upkeep
|turn|3
|
|t:|1783524220
|switch|p1a: Sinistcha|Sinistcha, L50|100/100
|move|p2a: Sneasler|Quick Guard|p2a: Sneasler
|-singleturn|p2a: Sneasler|Quick Guard
|move|p2b: Blastoise|Water Spout|p1b: Milotic|[spread] p1a,p1b
|-resisted|p1a: Sinistcha|1
|-resisted|p1b: Milotic|1
|-damage|p1a: Sinistcha|35/100
|-damage|p1b: Milotic|56/100
|move|p1b: Milotic|Hypnosis|p2b: Blastoise
|-status|p2b: Blastoise|slp|[from] move: Hypnosis
|
|-heal|p1b: Milotic|62/100|[from] item: Leftovers
|upkeep
|turn|4
|
|t:|1783524234
|switch|p1a: Mawile|Mawile, L50, M|9/100
|cant|p2b: Blastoise|slp
|move|p2a: Sneasler|Poison Jab|p1a: Mawile
|-immune|p1a: Mawile
|move|p1b: Milotic|Hypnosis|p2a: Sneasler
|-status|p2a: Sneasler|slp|[from] move: Hypnosis
|
|-heal|p1b: Milotic|68/100|[from] item: Leftovers
|upkeep
|turn|5
|
|t:|1783524247
|cant|p2b: Blastoise|slp
|cant|p2a: Sneasler|slp
|move|p1b: Milotic|Muddy Water|p2b: Blastoise|[spread] p2a,p2b
|-resisted|p2b: Blastoise|1
|-damage|p2a: Sneasler|67/100 slp
|-damage|p2b: Blastoise|84/100 slp
|-unboost|p2b: Blastoise|accuracy|1
|move|p1a: Mawile|Play Rough|p2b: Blastoise
|-damage|p2b: Blastoise|36/100 slp
|-unboost|p2b: Blastoise|atk|1
|
|-heal|p1b: Milotic|74/100|[from] item: Leftovers
|upkeep
|turn|6
|
|t:|1783524264
|switch|p1a: Sinistcha|Sinistcha, L50|35/100
|-heal|p1b: Milotic|99/100|[from] ability: Hospitality|[of] p1a: Sinistcha
|-curestatus|p2b: Blastoise|slp|[msg]
|move|p2b: Blastoise|Protect|p2b: Blastoise
|-singleturn|p2b: Blastoise|Protect
|cant|p2a: Sneasler|slp
|move|p1b: Milotic|Muddy Water|p2b: Blastoise|[spread] p2a
|-activate|p2b: Blastoise|move: Protect
|-damage|p2a: Sneasler|34/100 slp
|
|-heal|p1b: Milotic|100/100|[from] item: Leftovers
|upkeep
|turn|7
|
|t:|1783524280
|switch|p2a: Sinistcha|Sinistcha, L50|100/100
|-heal|p2b: Blastoise|61/100|[from] ability: Hospitality|[of] p2a: Sinistcha
|move|p1a: Sinistcha|Protect|p1a: Sinistcha
|-singleturn|p1a: Sinistcha|Protect
|move|p2b: Blastoise|Dark Pulse|p1b: Milotic
|-damage|p1b: Milotic|43/100
|move|p1b: Milotic|Muddy Water|p2b: Blastoise|[spread] p2a,p2b
|-resisted|p2a: Sinistcha|1
|-resisted|p2b: Blastoise|1
|-damage|p2a: Sinistcha|89/100
|-damage|p2b: Blastoise|43/100
|-unboost|p2b: Blastoise|accuracy|1
|
|-heal|p1b: Milotic|49/100|[from] item: Leftovers
|upkeep
|turn|8
|
|t:|1783524297
|move|p2b: Blastoise|Dark Pulse|p1a: Sinistcha
|-supereffective|p1a: Sinistcha|1
|-crit|p1a: Sinistcha
|-damage|p1a: Sinistcha|0 fnt
|faint|p1a: Sinistcha
|move|p1b: Milotic|Hypnosis|p2b: Blastoise
|-status|p2b: Blastoise|slp|[from] move: Hypnosis
|move|p2a: Sinistcha|Matcha Gotcha|p1b: Milotic|[miss]
|-miss|p2a: Sinistcha|p1b: Milotic
|
|-heal|p1b: Milotic|54/100|[from] item: Leftovers
|upkeep
|
|t:|1783524300
|switch|p1a: Mawile|Mawile, L50, M|9/100
|turn|9
|
|t:|1783524319
|move|p2a: Sinistcha|Protect|p2a: Sinistcha
|-singleturn|p2a: Sinistcha|Protect
|cant|p2b: Blastoise|slp
|move|p1b: Milotic|Muddy Water|p2a: Sinistcha|[spread] p2b
|-activate|p2a: Sinistcha|move: Protect
|-resisted|p2b: Blastoise|1
|-damage|p2b: Blastoise|27/100 slp
|-unboost|p2b: Blastoise|accuracy|1
|move|p1a: Mawile|Play Rough|p2a: Sinistcha
|-activate|p2a: Sinistcha|move: Protect
|
|-heal|p1b: Milotic|60/100|[from] item: Leftovers
|upkeep
|turn|10
|
|t:|1783524335
|move|p1a: Mawile|Protect|p1a: Mawile
|-singleturn|p1a: Mawile|Protect
|-curestatus|p2b: Blastoise|slp|[msg]
|move|p2b: Blastoise|Dark Pulse|p1a: Mawile
|-activate|p1a: Mawile|move: Protect
|move|p1b: Milotic|Hypnosis|p2a: Sinistcha
|-status|p2a: Sinistcha|slp|[from] move: Hypnosis
|cant|p2a: Sinistcha|slp
|
|-heal|p1b: Milotic|66/100|[from] item: Leftovers
|upkeep
|turn|11
|
|t:|1783524354
|switch|p2a: Sneasler|Sneasler, L50, M|34/100 slp
|move|p2b: Blastoise|Protect|p2b: Blastoise
|-singleturn|p2b: Blastoise|Protect
|move|p1a: Mawile|Sucker Punch||[still]
|-fail|p1a: Mawile
|move|p1b: Milotic|Muddy Water|p2b: Blastoise|[spread] p2a
|-activate|p2b: Blastoise|move: Protect
|-damage|p2a: Sneasler|1/100 slp
|-unboost|p2a: Sneasler|accuracy|1
|
|-heal|p1b: Milotic|72/100|[from] item: Leftovers
|upkeep
|turn|12
|
|t:|1783524378
|-curestatus|p2a: Sneasler|slp|[msg]
|move|p2a: Sneasler|Fake Out|p1b: Milotic
|-damage|p1b: Milotic|64/100
|move|p1a: Mawile|Sucker Punch|p2b: Blastoise
|-damage|p2b: Blastoise|1/100
|move|p2b: Blastoise|Dark Pulse|p1b: Milotic|[miss]
|-miss|p2b: Blastoise|p1b: Milotic
|cant|p1b: Milotic|flinch
|
|-heal|p1b: Milotic|70/100|[from] item: Leftovers
|upkeep
|turn|13
|
|t:|1783524399
|move|p2a: Sneasler|Quick Guard|p2a: Sneasler
|-singleturn|p2a: Sneasler|Quick Guard
|move|p1a: Mawile|Sucker Punch||[still]
|-fail|p1a: Mawile
|move|p2b: Blastoise|Dark Pulse|p1b: Milotic
|-damage|p1b: Milotic|11/100
|move|p1b: Milotic|Muddy Water|p2a: Sneasler|[spread] p2a,p2b
|-resisted|p2b: Blastoise|1
|-damage|p2a: Sneasler|0 fnt
|-damage|p2b: Blastoise|0 fnt
|faint|p2a: Sneasler
|faint|p2b: Blastoise
|
|-heal|p1b: Milotic|17/100|[from] item: Leftovers
|upkeep
|
|t:|1783524407
|switch|p2a: Incineroar|Incineroar, L50, F|100/100
|switch|p2b: Sinistcha|Sinistcha, L50|89/100 slp
|-ability|p2a: Incineroar|Intimidate|boost
|-fail|p1a: Mawile|unboost|Attack|[from] ability: Hyper Cutter|[of] p1a: Mawile
|-unboost|p1b: Milotic|atk|1
|-ability|p1b: Milotic|Competitive|boost
|-boost|p1b: Milotic|spa|2
|turn|14
|
|t:|1783524423
|move|p1b: Milotic|Protect|p1b: Milotic
|-singleturn|p1b: Milotic|Protect
|move|p2a: Incineroar|Fake Out|p1b: Milotic
|-activate|p1b: Milotic|move: Protect
|-curestatus|p2b: Sinistcha|slp|[msg]
|move|p2b: Sinistcha|Matcha Gotcha|p1a: Mawile|[spread] p1a
|-activate|p1b: Milotic|move: Protect
|-resisted|p1a: Mawile|1
|-damage|p1a: Mawile|0 fnt
|-heal|p2b: Sinistcha|93/100|[from] drain|[of] p1a: Mawile
|faint|p1a: Mawile
|
|-heal|p1b: Milotic|23/100|[from] item: Leftovers
|upkeep
|turn|15
|
|t:|1783524437
|move|p2a: Incineroar|Helping Hand|p2b: Sinistcha
|-singleturn|p2b: Sinistcha|Helping Hand|[of] p2a: Incineroar
|move|p1b: Milotic|Hypnosis|p2b: Sinistcha
|-status|p2b: Sinistcha|slp|[from] move: Hypnosis
|cant|p2b: Sinistcha|slp
|
|-heal|p1b: Milotic|29/100|[from] item: Leftovers
|upkeep
|turn|16
|
|t:|1783524446
|move|p2a: Incineroar|Flare Blitz|p1b: Milotic
|-resisted|p1b: Milotic|1
|-damage|p1b: Milotic|15/100
|-damage|p2a: Incineroar|95/100|[from] Recoil
|move|p1b: Milotic|Muddy Water|p2b: Sinistcha|[spread] p2a,p2b
|-supereffective|p2a: Incineroar|1
|-resisted|p2b: Sinistcha|1
|-damage|p2a: Incineroar|0 fnt
|-damage|p2b: Sinistcha|71/100 slp
|-unboost|p2b: Sinistcha|accuracy|1
|faint|p2a: Incineroar
|-curestatus|p2b: Sinistcha|slp|[msg]
|move|p2b: Sinistcha|Matcha Gotcha|p1b: Milotic
|-supereffective|p1b: Milotic|1
|-damage|p1b: Milotic|0 fnt
|-heal|p2b: Sinistcha|80/100|[from] drain|[of] p1b: Milotic
|faint|p1b: Milotic
|
|win|dugvgc
|raw|Ossi1590's rating: 1348 → 1328(-20 for losing)
|raw|dugvgc's rating: 1355 → 1375(+20 for winning)
|c|☆Ossi1590|Why when i put to sleep my opponent they ALWAYS do a 1 sleep turn wake up?
|c|☆Ossi1590|It's almost amazing
|l|☆dugvgc
|player|p2|
|c|☆Ossi1590|I'm not even mad
