|j|☆wendigofleshboy
|j|☆toughlogvgc
|html|wendigofleshboytoughlogvgc    
|uhtml|bestof|Game 1 of a best-of-3
|t:|1783788449
|gametype|doubles
|player|p1|wendigofleshboy|170|1067
|player|p2|toughlogvgc|2|1152
|gen|9
|tier|[Gen 9 Champions] VGC 2026 Reg M-B (Bo3)
|rated|
|rule|Species Clause: Limit one of each Pokémon
|rule|Item Clause: Limit 1 of each item
|clearpoke
|poke|p1|Archaludon, L50, M|
|poke|p1|Pelipper, L50, M|
|poke|p1|Sableye, L50, F|
|poke|p1|Swampert, L50, F|
|poke|p1|Mawile, L50, M|
|poke|p1|Tinkaton, L50, F|
|poke|p2|Charizard, L50, M|
|poke|p2|Garchomp, L50, M|
|poke|p2|Basculegion, L50, M|
|poke|p2|Whimsicott, L50, F|
|poke|p2|Kingambit, L50, F|
|poke|p2|Floette-Eternal, L50, F|
|teampreview|4
|showteam|p1|Archaludon||Leftovers|Stamina|ElectroShot,DragonPulse,FlashCannon,Protect|Modest||M|||50|]Pelipper||FocusSash|Drizzle|WideGuard,WeatherBall,Tailwind,Hurricane|Modest||M|||50|]Sableye||RoseliBerry|Prankster|Encore,WillOWisp,RainDance,Quash|Calm||F|||50|]Swampert||Swampertite|Torrent|WaveCrash,IcePunch,HighHorsepower,Protect|Adamant||F|||50|]Mawile||Mawilite|Intimidate|SuckerPunch,Protect,PlayRough,IronHead|Brave||M|||50|]Tinkaton||ShucaBerry|MoldBreaker|FakeOut,GigatonHammer,Feint,PlayRough|Jolly||F|||50|
|showteam|p2|Charizard||CharizarditeY|Blaze|HeatWave,SolarBeam,Protect,WeatherBall|Modest||M|||50|]Garchomp||LifeOrb|RoughSkin|DragonClaw,Earthquake,RockSlide,Protect|Jolly||M|||50|]Basculegion||ChoiceScarf|Adaptability|WaveCrash,AquaJet,FlipTurn,LastRespects|Adamant||M|||50|]Whimsicott||FocusSash|Prankster|Moonblast,Tailwind,Protect,Encore|Timid||F|||50|]Kingambit||BlackGlasses|Defiant|IronHead,KowtowCleave,Protect,SuckerPunch|Adamant||F|||50|]Floette-Eternal||Floettite|FlowerVeil|Moonblast,LightofRuin,DazzlingGleam,Protect|Modest||F|||50|
|
|t:|1783788504
|teamsize|p1|4
|teamsize|p2|4
|start
|switch|p1a: Archaludon|Archaludon, L50, M|100/100
|switch|p1b: Sableye|Sableye, L50, F|100/100
|switch|p2a: Whimsicott|Whimsicott, L50, F|100/100
|switch|p2b: Floette|Floette-Eternal, L50, F|100/100
|turn|1
|
|t:|1783788533
|detailschange|p2b: Floette|Floette-Mega, L50, F
|-mega|p2b: Floette|Floette|Floettite
|-ability|p2b: Floette|Fairy Aura
|move|p1b: Sableye|Will-O-Wisp|p2a: Whimsicott
|-status|p2a: Whimsicott|brn
|move|p2a: Whimsicott|Moonblast|p1a: Archaludon
|-damage|p1a: Archaludon|46/100
|-ability|p1a: Archaludon|Stamina|boost
|-boost|p1a: Archaludon|def|1
|move|p2b: Floette|Light of Ruin|p1a: Archaludon
|-damage|p1a: Archaludon|0 fnt
|faint|p1a: Archaludon
|-damage|p2b: Floette|71/100|[from] Recoil
|
|-damage|p2a: Whimsicott|94/100 brn|[from] brn
|upkeep
|
|t:|1783788553
|switch|p1a: Mawile|Mawile, L50, M|100/100
|-ability|p1a: Mawile|Intimidate|boost
|-unboost|p2a: Whimsicott|atk|1
|-unboost|p2b: Floette|atk|1
|turn|2
|
|t:|1783788598
|detailschange|p1a: Mawile|Mawile-Mega, L50, M
|-mega|p1a: Mawile|Mawile|Mawilite
|move|p1b: Sableye|Encore|p2b: Floette
|-start|p2b: Floette|Encore
|move|p2a: Whimsicott|Moonblast|p1b: Sableye
|-supereffective|p1b: Sableye|1
|-enditem|p1b: Sableye|Roseli Berry|[eat]
|-enditem|p1b: Sableye|Roseli Berry|[weaken]
|-damage|p1b: Sableye|48/100
|move|p2b: Floette|Light of Ruin|p1a: Mawile
|-resisted|p1a: Mawile|1
|-damage|p1a: Mawile|36/100
|-damage|p2b: Floette|39/100|[from] Recoil
|move|p1a: Mawile|Iron Head|p2a: Whimsicott
|-supereffective|p2a: Whimsicott|1
|-damage|p2a: Whimsicott|0 fnt
|faint|p2a: Whimsicott
|
|upkeep
|
|t:|1783788624
|switch|p2a: Garchomp|Garchomp, L50, M|100/100
|turn|3
|
|t:|1783788639
|move|p1a: Mawile|Protect|p1a: Mawile
|-singleturn|p1a: Mawile|Protect
|move|p1b: Sableye|Will-O-Wisp|p2a: Garchomp
|-status|p2a: Garchomp|brn
|move|p2a: Garchomp|Dragon Claw|p1b: Sableye
|-damage|p1b: Sableye|11/100
|-damage|p2a: Garchomp|90/100 brn|[from] item: Life Orb
|move|p2b: Floette|Light of Ruin|p1a: Mawile
|-activate|p1a: Mawile|move: Protect
|
|-damage|p2a: Garchomp|84/100 brn|[from] brn
|upkeep
|turn|4
|
|t:|1783788665
|switch|p1a: Pelipper|Pelipper, L50, M|100/100
|-weather|RainDance|[from] ability: Drizzle|[of] p1a: Pelipper
|move|p1b: Sableye|Encore|p2a: Garchomp
|-start|p2a: Garchomp|Encore
|move|p2a: Garchomp|Dragon Claw|p1b: Sableye
|-damage|p1b: Sableye|0 fnt
|faint|p1b: Sableye
|-damage|p2a: Garchomp|74/100 brn|[from] item: Life Orb
|move|p2b: Floette|Light of Ruin|p1a: Pelipper
|-enditem|p1a: Pelipper|Focus Sash
|-damage|p1a: Pelipper|1/100
|-damage|p2b: Floette|0 fnt|[from] Recoil
|faint|p2b: Floette
|
|-weather|RainDance|[upkeep]
|-damage|p2a: Garchomp|68/100 brn|[from] brn
|upkeep
|
|t:|1783788683
|switch|p2b: Kingambit|Kingambit, L50, F|100/100
|switch|p1b: Mawile|Mawile-Mega, L50, M|36/100
|turn|5
|
|t:|1783788716
|move|p2a: Garchomp|Dragon Claw|p1a: Pelipper
|-damage|p1a: Pelipper|0 fnt
|faint|p1a: Pelipper
|-damage|p2a: Garchomp|58/100 brn|[from] item: Life Orb
|move|p2b: Kingambit|Iron Head|p1b: Mawile
|-damage|p1b: Mawile|0 fnt
|faint|p1b: Mawile
|
|win|toughlogvgc
