|j|☆Jose ccarlos
|j|☆Urkfkfkfk
|html|Jose ccarlosUrkfkfkfk    
|uhtml|bestof|Game 1 of a best-of-3
|t:|1785352885
|gametype|doubles
|player|p1|Jose ccarlos|steven|1150
|player|p2|Urkfkfkfk|bellelba|1015
|gen|9
|tier|[Gen 9 Champions] VGC 2026 Reg M-B (Bo3)
|rated|
|rule|Species Clause: Limit one of each Pokémon
|rule|Item Clause: Limit 1 of each item
|clearpoke
|poke|p1|Camerupt, L50, F|
|poke|p1|Araquanid, L50, M|
|poke|p1|Kingambit, L50, F|
|poke|p1|Farigiraf, L50, F|
|poke|p1|Cofagrigus, L50, M|
|poke|p1|Crabominable, L50, F|
|poke|p2|Raichu, L50, M|
|poke|p2|Heliolisk, L50, F|
|poke|p2|Sceptile, L50, M|
|poke|p2|Hawlucha, L50, M|
|poke|p2|Kingambit, L50, F|
|poke|p2|Vanilluxe, L50, F|
|teampreview|4
|showteam|p1|Camerupt||Cameruptite|SolidRock|AncientPower,EarthPower,HeatWave,Protect|Quiet||F|||50|]Araquanid||MysticWater|WaterBubble|LeechLife,Liquidation,WideGuard,Protect|Relaxed||M|||50|]Kingambit||BlackGlasses|Defiant|SuckerPunch,KowtowCleave,IronHead,Protect|Serious||F|||50|]Farigiraf||SitrusBerry|ArmorTail|TrickRoom,Psychic,HelpingHand|Sassy||F|||50|]Cofagrigus||Leftovers|Mummy|TrickRoom,WillOWisp,DestinyBond,Imprison|Sassy||M|||50|]Crabominable||Crabominite|IronFist|IceHammer,ThunderPunch,DrainPunch,Protect|Brave||F|||50|
|showteam|p2|Raichu||RaichuniteX|Static|Nuzzle,HelpingHand,FakeOut,VoltTackle|Jolly||M|||50|]Heliolisk||ChoiceScarf|SolarPower|Discharge,HyperVoice,SolarBeam,Thunderbolt|Timid||F|||50|]Sceptile||Sceptilite|Overgrow|DragonPulse,GigaDrain,EarthPower,Protect|Timid||M|||50|]Hawlucha||WhiteHerb|Unburden|CloseCombat,Acrobatics,Detect,Lunge|Adamant||M|||50|]Kingambit||BlackGlasses|Defiant|KowtowCleave,SuckerPunch,IronHead,Protect|Brave||F|||50|]Vanilluxe||FocusSash|SnowWarning|Blizzard,FreezeDry,IceShard,Protect|Modest||F|||50|
|inactive|Battle timer is ON: inactive players will automatically lose when time's up. (requested by Urkfkfkfk)
|inactive|Jose ccarlos also wants the timer to be on.
|inactive|Jose ccarlos has 60 seconds left.
|
|t:|1785352924
|teamsize|p1|4
|teamsize|p2|4
|start
|switch|p1a: Farigiraf|Farigiraf, L50, F|100/100
|switch|p1b: Cofagrigus|Cofagrigus, L50, M|100/100
|switch|p2a: Kingambit|Kingambit, L50, F|100/100
|switch|p2b: Hawlucha|Hawlucha, L50, M|100/100
|turn|1
|
|t:|1785352945
|move|p2b: Hawlucha|Close Combat|p1a: Farigiraf
|-damage|p1a: Farigiraf|55/100
|-unboost|p2b: Hawlucha|def|1
|-unboost|p2b: Hawlucha|spd|1
|-enditem|p2b: Hawlucha|White Herb
|-clearnegativeboost|p2b: Hawlucha|[silent]
|move|p2a: Kingambit|Kowtow Cleave|p1a: Farigiraf
|-supereffective|p1a: Farigiraf|1
|-damage|p1a: Farigiraf|0 fnt
|faint|p1a: Farigiraf
|move|p1b: Cofagrigus|Will-O-Wisp|p2a: Kingambit
|-status|p2a: Kingambit|brn
|
|-damage|p2a: Kingambit|94/100 brn|[from] brn
|upkeep
|
|t:|1785352962
|switch|p1a: Camerupt|Camerupt, L50, F|100/100
|turn|2
|
|t:|1785352977
|detailschange|p1a: Camerupt|Camerupt-Mega, L50, F
|-mega|p1a: Camerupt|Camerupt|Cameruptite
|move|p2b: Hawlucha|Acrobatics|p1b: Cofagrigus
|-damage|p1b: Cofagrigus|58/100
|-activate|p1b: Cofagrigus|ability: Mummy|p2b: Hawlucha|[ability] Unburden
|move|p2a: Kingambit|Kowtow Cleave|p1b: Cofagrigus
|-supereffective|p1b: Cofagrigus|1
|-damage|p1b: Cofagrigus|12/100
|-activate|p1b: Cofagrigus|ability: Mummy|p2a: Kingambit|[ability] Defiant
|move|p1a: Camerupt|Heat Wave|p2a: Kingambit|[spread] p2a,p2b
|-supereffective|p2a: Kingambit|1
|-damage|p2a: Kingambit|0 fnt
|-damage|p2b: Hawlucha|2/100
|faint|p2a: Kingambit
|move|p1b: Cofagrigus|Trick Room|p1b: Cofagrigus
|-fieldstart|move: Trick Room|[of] p1b: Cofagrigus
|
|-heal|p1b: Cofagrigus|18/100|[from] item: Leftovers
|upkeep
|
|t:|1785352999
|switch|p2a: Heliolisk|Heliolisk, L50, F|100/100
|turn|3
|
|t:|1785353019
|move|p2b: Hawlucha|Detect|p2b: Hawlucha
|-singleturn|p2b: Hawlucha|Protect
|move|p1a: Camerupt|Earth Power|p2a: Heliolisk
|-supereffective|p2a: Heliolisk|1
|-damage|p2a: Heliolisk|0 fnt
|faint|p2a: Heliolisk
|move|p1b: Cofagrigus|Destiny Bond|p1b: Cofagrigus
|-singlemove|p1b: Cofagrigus|Destiny Bond
|
|-heal|p1b: Cofagrigus|24/100|[from] item: Leftovers
|upkeep
|
|t:|1785353030
|switch|p2a: Sceptile|Sceptile, L50, M|100/100
|turn|4
|
|t:|1785353039
|switch|p1b: Crabominable|Crabominable, L50, F|100/100
|detailschange|p2a: Sceptile|Sceptile-Mega, L50, M
|-mega|p2a: Sceptile|Sceptile|Sceptilite
|move|p1a: Camerupt|Heat Wave|p2b: Hawlucha|[spread] p2a,p2b
|-damage|p2a: Sceptile|13/100
|-damage|p2b: Hawlucha|0 fnt
|faint|p2b: Hawlucha
|move|p2a: Sceptile|Earth Power|p1a: Camerupt
|-supereffective|p1a: Camerupt|1
|-damage|p1a: Camerupt|36/100
|
|upkeep
|turn|5
|j| tedidn
|
|t:|1785353057
|move|p2a: Sceptile|Protect|p2a: Sceptile
|-singleturn|p2a: Sceptile|Protect
|move|p1a: Camerupt|Heat Wave|p2a: Sceptile
|-activate|p2a: Sceptile|move: Protect
|move|p1b: Crabominable|Ice Hammer|p2a: Sceptile
|-activate|p2a: Sceptile|move: Protect
|
|upkeep
|turn|6
|
|t:|1785353068
|move|p2a: Sceptile|Protect||[still]
|-fail|p2a: Sceptile
|move|p1a: Camerupt|Heat Wave|p2a: Sceptile
|-damage|p2a: Sceptile|0 fnt
|faint|p2a: Sceptile
|
|win|Jose ccarlos
