|j|☆Gyye
|j|☆alexander1111
|html|Gyyealexander1111    
|uhtml|bestof|Game 1 of a best-of-3
|t:|1783817501
|gametype|doubles
|player|p1|Gyye|iris-gen5bw2|1083
|player|p2|alexander1111|preschooler|1129
|gen|9
|tier|[Gen 9 Champions] VGC 2026 Reg M-B (Bo3)
|rated|
|rule|Species Clause: Limit one of each Pokémon
|rule|Item Clause: Limit 1 of each item
|clearpoke
|poke|p1|Palafin, L50, M|
|poke|p1|Tsareena, L50, F|
|poke|p1|Pelipper, L50, F|
|poke|p1|Dragonite, L50, M|
|poke|p1|Sinistcha, L50|
|poke|p1|Dragalge, L50, F|
|poke|p2|Milotic, L50, M|
|poke|p2|Maushold-Four, L50|
|poke|p2|Charizard, L50, M, shiny|
|poke|p2|Whimsicott, L50, M, shiny|
|poke|p2|Kingambit, L50, M|
|poke|p2|Garchomp, L50, F|
|teampreview|4
|showteam|p1|Palafin||LifeOrb|ZerotoHero|FlipTurn,CloseCombat,Liquidation,JetPunch|Adamant||M|||50|]Tsareena||ChoiceScarf|QueenlyMajesty|TripleAxel,TropKick,Uturn,LowKick|Adamant||F|||50|]Pelipper||FocusSash|Drizzle|Hurricane,Tailwind,WeatherBall,WideGuard|Modest||F|||50|]Dragonite||Dragoninite|Multiscale|DracoMeteor,Hurricane,Protect,Thunder|Modest||M|||50|]Sinistcha||Leftovers|Hospitality|MatchaGotcha,TrickRoom,RagePowder,LifeDew|Bold|||||50|]Dragalge||Dragalgite|PoisonPoint|SludgeBomb,Scald,DragonPulse,Protect|Modest||F|||50|
|showteam|p2|Milotic||SitrusBerry|Competitive|Scald,IceBeam,HelpingHand,Protect|Modest||M|||50|]Maushold-Four||WideLens|Technician|PopulationBomb,FollowMe,Protect,SunnyDay|Jolly|||||50|]Charizard||CharizarditeY|Blaze|SolarBeam,HeatWave,WeatherBall,Protect|Timid||M|||50|]Whimsicott||FocusSash|Prankster|Tailwind,Moonblast,Protect,Encore|Timid||M|||50|]Kingambit||ChopleBerry|Defiant|KowtowCleave,SuckerPunch,IronHead,LowKick|Adamant||M|||50|]Garchomp||LifeOrb|RoughSkin|RockSlide,Earthquake,DragonClaw,Protect|Jolly||F|||50|
|inactive|Battle timer is ON: inactive players will automatically lose when time's up. (requested by Gyye)
|inactive|alexander1111 has 60 seconds left.
|inactive|alexander1111 has 30 seconds left.
|inactive|alexander1111 has 20 seconds left.
|inactive|alexander1111 has 15 seconds left.
|
|t:|1783817580
|teamsize|p1|4
|teamsize|p2|4
|start
|switch|p1a: Sinistcha|Sinistcha, L50|100/100
|switch|p1b: Dragalge|Dragalge, L50, F|100/100
|switch|p2a: Maushold|Maushold-Four, L50|100/100
|switch|p2b: Charizard|Charizard, L50, M, shiny|100/100
|turn|1
|inactive|Gyye has 30 seconds left.
|inactive|Gyye has 20 seconds left.
|inactive|Gyye has 15 seconds left.
|inactive|Gyye has 10 seconds left.
|
|t:|1783817627
|detailschange|p2b: Charizard|Charizard-Mega-Y, L50, M, shiny
|-mega|p2b: Charizard|Charizard|Charizardite Y
|-weather|SunnyDay|[from] ability: Drought|[of] p2b: Charizard
|detailschange|p1b: Dragalge|Dragalge-Mega, L50, F
|-mega|p1b: Dragalge|Dragalge|Dragalgite
|move|p2a: Maushold|Population Bomb|p1b: Dragalge
|-damage|p1b: Dragalge|85/100
|-damage|p1b: Dragalge|71/100
|-damage|p1b: Dragalge|59/100
|-hitcount|p1b: Dragalge|3
|move|p2b: Charizard|Weather Ball|p1a: Sinistcha
|-supereffective|p1a: Sinistcha|1
|-damage|p1a: Sinistcha|0 fnt
|faint|p1a: Sinistcha
|move|p1b: Dragalge|Sludge Bomb|p2b: Charizard
|-crit|p2b: Charizard
|-damage|p2b: Charizard|26/100
|-status|p2b: Charizard|psn
|
|-weather|SunnyDay|[upkeep]
|-damage|p2b: Charizard|14/100 psn|[from] psn
|upkeep
|
|t:|1783817646
|switch|p1a: Pelipper|Pelipper, L50, F|100/100
|-weather|RainDance|[from] ability: Drizzle|[of] p1a: Pelipper
|turn|2
|
|t:|1783817664
|-heal|p1b: Dragalge|92/100|[from] ability: Regenerator|[silent]
|switch|p1b: Tsareena|Tsareena, L50, F|100/100
|move|p2a: Maushold|Protect|p2a: Maushold
|-singleturn|p2a: Maushold|Protect
|move|p2b: Charizard|Weather Ball|p1a: Pelipper
|-resisted|p1a: Pelipper|1
|-damage|p1a: Pelipper|45/100
|move|p1a: Pelipper|Tailwind|p1a: Pelipper
|-sidestart|p1: Gyye|move: Tailwind
|
|-weather|RainDance|[upkeep]
|-damage|p2b: Charizard|1/100 psn|[from] psn
|upkeep
|turn|3
|inactive|Gyye has 30 seconds left.
|inactive|alexander1111 has 30 seconds left.
|
|t:|1783817699
|switch|p2a: Whimsicott|Whimsicott, L50, M, shiny|100/100
|move|p1b: Tsareena|Low Kick|p2b: Charizard
|-resisted|p2b: Charizard|1
|-damage|p2b: Charizard|0 fnt
|faint|p2b: Charizard
|move|p1a: Pelipper|Weather Ball|p2a: Whimsicott
|-resisted|p2a: Whimsicott|1
|-damage|p2a: Whimsicott|40/100
|
|-weather|RainDance|[upkeep]
|upkeep
|
|t:|1783817712
|switch|p2b: Maushold|Maushold-Four, L50|100/100
|turn|4
|
|t:|1783817720
|move|p2a: Whimsicott|Tailwind|p2a: Whimsicott
|-sidestart|p2: alexander1111|move: Tailwind
|move|p2b: Maushold|Population Bomb|p1a: Pelipper
|-damage|p1a: Pelipper|30/100
|-damage|p1a: Pelipper|16/100
|-damage|p1a: Pelipper|1/100
|-damage|p1a: Pelipper|0 fnt
|faint|p1a: Pelipper
|-hitcount|p1: Pelipper|4
|move|p1b: Tsareena|Low Kick|p2b: Maushold
|-supereffective|p2b: Maushold|1
|-damage|p2b: Maushold|74/100
|
|-weather|RainDance|[upkeep]
|upkeep
|
|t:|1783817732
|switch|p1a: Dragalge|Dragalge-Mega, L50, F|92/100
|turn|5
|inactive|alexander1111 has 30 seconds left.
|
|t:|1783817763
|move|p2a: Whimsicott|Protect|p2a: Whimsicott
|-singleturn|p2a: Whimsicott|Protect
|move|p2b: Maushold|Population Bomb|p1b: Tsareena
|-damage|p1b: Tsareena|87/100
|-damage|p1b: Tsareena|76/100
|-damage|p1b: Tsareena|64/100
|-crit|p1b: Tsareena
|-damage|p1b: Tsareena|47/100
|-damage|p1b: Tsareena|35/100
|-damage|p1b: Tsareena|23/100
|-damage|p1b: Tsareena|10/100
|-damage|p1b: Tsareena|0 fnt
|faint|p1b: Tsareena
|-hitcount|p1: Tsareena|8
|move|p1a: Dragalge|Sludge Bomb|p2b: Maushold
|-damage|p2b: Maushold|0 fnt
|faint|p2b: Maushold
|
|-weather|RainDance|[upkeep]
|-sideend|p1: Gyye|move: Tailwind
|upkeep
|
|t:|1783817776
|switch|p2b: Milotic|Milotic, L50, M|100/100
|turn|6
|
|t:|1783817788
|move|p2a: Whimsicott|Moonblast|p1a: Dragalge
|-damage|p1a: Dragalge|64/100
|-unboost|p1a: Dragalge|spa|1
|move|p2b: Milotic|Ice Beam|p1a: Dragalge
|-supereffective|p1a: Dragalge|1
|-damage|p1a: Dragalge|28/100
|move|p1a: Dragalge|Sludge Bomb|p2b: Milotic
|-damage|p2b: Milotic|75/100
|-status|p2b: Milotic|psn
|
|-weather|none
|-damage|p2b: Milotic|63/100 psn|[from] psn
|upkeep
|turn|7
|-message|Gyye forfeited.
|
|win|alexander1111
||alexander1111 is ready for game 2.
||Gyye is ready for game 2.
|uhtml|next|Next: Game 2 of 3
|l|☆Gyye
|player|p1|
