|j|☆LeonardPlayz
|j|☆BinkPlayz
|html|LeonardPlayzBinkPlayz    
|uhtml|bestof|Game 2 of a best-of-3
|t:|1783394816
|gametype|doubles
|player|p1|LeonardPlayz|hilbert-wonderlauncher|1134
|player|p2|BinkPlayz|veteran|1158
|gen|9
|tier|[Gen 9 Champions] VGC 2026 Reg M-B (Bo3)
|rated|
|rule|Species Clause: Limit one of each Pokémon
|rule|Item Clause: Limit 1 of each item
|clearpoke
|poke|p1|Aerodactyl, L50, M|
|poke|p1|Gengar, L50, F|
|poke|p1|Mamoswine, L50, F|
|poke|p1|Gholdengo, L50|
|poke|p1|Grimmsnarl, L50, M|
|poke|p1|Incineroar, L50, F|
|poke|p2|Staraptor, L50, F|
|poke|p2|Whimsicott, L50, F|
|poke|p2|Delphox, L50, F|
|poke|p2|Grimmsnarl, L50, M|
|poke|p2|Sinistcha, L50|
|poke|p2|Garchomp, L50, F|
|teampreview|4
|showteam|p1|Aerodactyl||Aerodactylite|RockHead|Tailwind,RockSlide,DualWingbeat,Protect|Jolly||M|||50|]Gengar||Gengarite|CursedBody|ShadowBall,PerishSong,Disable,Protect|Timid||F|||50|]Mamoswine||LifeOrb|Oblivious|IceShard,HighHorsepower,Earthquake,Protect|Adamant||F|||50|]Gholdengo||FocusSash|GoodasGold|MakeItRain,ShadowBall,FocusBlast,Protect|Modest|||||50|]Grimmsnarl||LightClay|Prankster|FakeOut,PartingShot,Reflect,LightScreen|Impish||M|||50|]Incineroar||SitrusBerry|Intimidate|FakeOut,ThroatChop,PartingShot,Protect|Careful||F|||50|
|showteam|p2|Staraptor||Staraptite|Intimidate|BraveBird,CloseCombat,Roost,Protect|Adamant||F|||50|]Whimsicott||FocusSash|Prankster|Moonblast,Tailwind,Charm,Protect|Timid||F|||50|]Delphox||Delphoxite|Blaze|HeatWave,Psyshock,NastyPlot,Protect|Timid||F|||50|]Grimmsnarl||LightClay|Prankster|SpiritBreak,Reflect,LightScreen,ScaryFace|Bold||M|||50|]Sinistcha||SitrusBerry|Hospitality|MatchaGotcha,RagePowder,LifeDew,TrickRoom|Bold|||||50|]Garchomp||LifeOrb|RoughSkin|DragonClaw,Earthquake,StompingTantrum,Protect|Jolly||F|||50|
|inactive|Battle timer is ON: inactive players will automatically lose when time's up. (requested by BinkPlayz)
|inactive|LeonardPlayz also wants the timer to be on.
|j| Jortlock
|inactive|BinkPlayz has 60 seconds left.
|
|t:|1783394873
|teamsize|p1|4
|teamsize|p2|4
|start
|switch|p1a: Gengar|Gengar, L50, F|100/100
|switch|p1b: Incineroar|Incineroar, L50, F|100/100
|switch|p2a: Staraptor|Staraptor, L50, F|100/100
|switch|p2b: Whimsicott|Whimsicott, L50, F|100/100
|-ability|p2a: Staraptor|Intimidate|boost
|-unboost|p1a: Gengar|atk|1
|-unboost|p1b: Incineroar|atk|1
|-ability|p1b: Incineroar|Intimidate|boost
|-unboost|p2a: Staraptor|atk|1
|-unboost|p2b: Whimsicott|atk|1
|turn|1
|
|t:|1783394883
|detailschange|p1a: Gengar|Gengar-Mega, L50, F
|-mega|p1a: Gengar|Gengar|Gengarite
|detailschange|p2a: Staraptor|Staraptor-Mega, L50, F
|-mega|p2a: Staraptor|Staraptor|Staraptite
|move|p1b: Incineroar|Fake Out|p2a: Staraptor
|-damage|p2a: Staraptor|92/100
|move|p2b: Whimsicott|Charm|p2a: Staraptor
|-boost|p2a: Staraptor|atk|2
|move|p1a: Gengar|Perish Song|p1a: Gengar
|-start|p1a: Gengar|perish3|[silent]
|-start|p1b: Incineroar|perish3|[silent]
|-start|p2a: Staraptor|perish3|[silent]
|-start|p2b: Whimsicott|perish3|[silent]
|-fieldactivate|move: Perish Song
|cant|p2a: Staraptor|flinch
|
|-start|p1a: Gengar|perish3
|-start|p2b: Whimsicott|perish3
|-start|p2a: Staraptor|perish3
|-start|p1b: Incineroar|perish3
|upkeep
|turn|2
|c| Jortlock|what does life orb mamoswine do?
|inactive|LeonardPlayz has 30 seconds left.
|
|t:|1783394908
|move|p1a: Gengar|Protect|p1a: Gengar
|-singleturn|p1a: Gengar|Protect
|move|p1b: Incineroar|Protect|p1b: Incineroar
|-singleturn|p1b: Incineroar|Protect
|move|p2b: Whimsicott|Charm|p2a: Staraptor
|-boost|p2a: Staraptor|atk|2
|move|p2a: Staraptor|Close Combat|p1b: Incineroar
|-activate|p1b: Incineroar|move: Protect
|
|-start|p1a: Gengar|perish2
|-start|p2b: Whimsicott|perish2
|-start|p2a: Staraptor|perish2
|-start|p1b: Incineroar|perish2
|upkeep
|turn|3
|c|☆LeonardPlayz|it mamo then swines
|
|t:|1783394933
|switch|p1a: Grimmsnarl|Grimmsnarl, L50, M|100/100
|move|p2b: Whimsicott|Moonblast|p1a: Grimmsnarl
|-supereffective|p1a: Grimmsnarl|1
|-damage|p1a: Grimmsnarl|34/100
|-unboost|p1a: Grimmsnarl|spa|1
|move|p2a: Staraptor|Close Combat|p1a: Grimmsnarl
|-damage|p1a: Grimmsnarl|0 fnt
|-boost|p2a: Staraptor|def|1
|-boost|p2a: Staraptor|spd|1
|faint|p1a: Grimmsnarl
|move|p1b: Incineroar|Parting Shot|p2b: Whimsicott
|-unboost|p2b: Whimsicott|atk|1
|-unboost|p2b: Whimsicott|spa|1
|c| Jortlock|cool
|
|t:|1783394942
|switch|p1b: Gengar|Gengar-Mega, L50, F|100/100|[from] Parting Shot
|
|-start|p2b: Whimsicott|perish1
|-start|p2a: Staraptor|perish1
|upkeep
|
|t:|1783394946
|switch|p1a: Incineroar|Incineroar, L50, F|100/100
|-ability|p1a: Incineroar|Intimidate|boost
|-boost|p2a: Staraptor|atk|1
|-unboost|p2b: Whimsicott|atk|1
|turn|4
|
|t:|1783394958
|move|p1b: Gengar|Protect|p1b: Gengar
|-singleturn|p1b: Gengar|Protect
|move|p2a: Staraptor|Protect|p2a: Staraptor
|-singleturn|p2a: Staraptor|Protect
|move|p1a: Incineroar|Protect|p1a: Incineroar
|-singleturn|p1a: Incineroar|Protect
|move|p2b: Whimsicott|Tailwind|p2b: Whimsicott
|-sidestart|p2: BinkPlayz|move: Tailwind
|
|-start|p2b: Whimsicott|perish0
|-start|p2a: Staraptor|perish0
|faint|p2b: Whimsicott
|faint|p2a: Staraptor
|upkeep
|
|t:|1783394962
|switch|p2b: Sinistcha|Sinistcha, L50|100/100
|switch|p2a: Garchomp|Garchomp, L50, F|100/100
|turn|5
|inactive|LeonardPlayz has 30 seconds left.
|
|t:|1783394991
|move|p2a: Garchomp|Earthquake|p1a: Incineroar|[spread] p2b,p1a,p1b
|-resisted|p2b: Sinistcha|1
|-supereffective|p1a: Incineroar|1
|-supereffective|p1b: Gengar|1
|-damage|p2b: Sinistcha|80/100
|-damage|p1a: Incineroar|21/100
|-damage|p1b: Gengar|0 fnt
|-enditem|p1a: Incineroar|Sitrus Berry|[eat]
|-heal|p1a: Incineroar|46/100|[from] item: Sitrus Berry
|faint|p1b: Gengar
|-damage|p2a: Garchomp|90/100|[from] item: Life Orb
|move|p2b: Sinistcha|Matcha Gotcha|p1a: Incineroar
|-resisted|p1a: Incineroar|1
|-damage|p1a: Incineroar|33/100
|-heal|p2b: Sinistcha|88/100|[from] drain|[of] p1a: Incineroar
|move|p1a: Incineroar|Throat Chop|p2b: Sinistcha
|-supereffective|p2b: Sinistcha|1
|-damage|p2b: Sinistcha|41/100
|-start|p2b: Sinistcha|Throat Chop|[silent]
|-enditem|p2b: Sinistcha|Sitrus Berry|[eat]
|-heal|p2b: Sinistcha|65/100|[from] item: Sitrus Berry
|
|upkeep
|
|t:|1783395005
|switch|p1b: Mamoswine|Mamoswine, L50, F|100/100
|turn|6
|
|t:|1783395011
|move|p1b: Mamoswine|Ice Shard|p2a: Garchomp
|-supereffective|p2a: Garchomp|2
|-damage|p2a: Garchomp|0 fnt
|faint|p2a: Garchomp
|-damage|p1b: Mamoswine|90/100|[from] item: Life Orb
|move|p2b: Sinistcha|Matcha Gotcha|p1a: Incineroar|[spread] p1a,p1b
|-resisted|p1a: Incineroar|1
|-supereffective|p1b: Mamoswine|1
|-damage|p1a: Incineroar|24/100
|-heal|p2b: Sinistcha|71/100|[from] drain|[of] p1a: Incineroar
|-damage|p1b: Mamoswine|19/100
|-heal|p2b: Sinistcha|100/100|[from] drain|[of] p1b: Mamoswine
|move|p1a: Incineroar|Throat Chop|p2b: Sinistcha
|-supereffective|p2b: Sinistcha|1
|-damage|p2b: Sinistcha|52/100
|
|-end|p2b: Sinistcha|Throat Chop|[silent]
|upkeep
|turn|7
|c|☆LeonardPlayz|it does that
|
|t:|1783395030
|move|p1b: Mamoswine|Protect|p1b: Mamoswine
|-singleturn|p1b: Mamoswine|Protect
|move|p2b: Sinistcha|Matcha Gotcha|p1b: Mamoswine|[spread] p1a
|-activate|p1b: Mamoswine|move: Protect
|-resisted|p1a: Incineroar|1
|-damage|p1a: Incineroar|14/100
|-heal|p2b: Sinistcha|58/100|[from] drain|[of] p1a: Incineroar
|move|p1a: Incineroar|Throat Chop|p2b: Sinistcha
|-supereffective|p2b: Sinistcha|1
|-damage|p2b: Sinistcha|14/100
|-start|p2b: Sinistcha|Throat Chop|[silent]
|
|-sideend|p2: BinkPlayz|move: Tailwind
|upkeep
|turn|8
|-message|BinkPlayz forfeited.
|raw|LeonardPlayz's rating: 1134 → 1161(+27 for winning)
|raw|BinkPlayz's rating: 1158 → 1131(-27 for losing)
|
|win|LeonardPlayz
|c| Jortlock|lorb to one shot bulky chomps with shard or just standard chomps?
|l|☆BinkPlayz
|player|p2|
|c|☆LeonardPlayz|anything that isn't yache berry or too bulky
|c| Jortlock|oh thats really cool
|c| Jortlock|gg
|l| Jortlock
