|j|☆ChocoHammy
|j|☆morphiusdoorphius
|html|ChocoHammymorphiusdoorphius      
|uhtml|bestof|Game 5 of a best-of-5
|t:|1784684464
|gametype|doubles
|player|p1|ChocoHammy|169|
|player|p2|morphiusdoorphius|linebacker|
|gen|9
|tier|[Gen 9 Champions] VGC 2026 Reg M-B (Bo3)
|rule|Species Clause: Limit one of each Pokémon
|rule|Item Clause: Limit 1 of each item
|raw|1 custom rule: !! Best Of = 5
|clearpoke
|poke|p1|Aurorus, L50, M|
|poke|p1|Ceruledge, L50, F|
|poke|p1|Clefable, L50, M|
|poke|p1|Tauros-Paldea-Blaze, L50, M|
|poke|p1|Garchomp, L50, F|
|poke|p1|Golurk, L50|
|poke|p2|Charizard, L50, F|
|poke|p2|Talonflame, L50, F|
|poke|p2|Primarina, L50, F|
|poke|p2|Kingambit, L50, F|
|poke|p2|Kleavor, L50, F|
|poke|p2|Scrafty, L50, M|
|teampreview|4
|showteam|p1|Aurorus||ChopleBerry|SnowWarning|Blizzard,AncientPower,EarthPower,Protect|Modest||M|||50|]Ceruledge||ColburBerry|FlashFire|BitterBlade,ShadowSneak,BulkUp,Protect|Adamant||F|||50|]Clefable||Clefablite|Unaware|Moonblast,Encore,FollowMe,Protect|Bold||M|||50|]Tauros-Paldea-Blaze||FocusSash|Intimidate|CloseCombat,FlareBlitz,WillOWisp,Protect|Adamant||M|||50|]Garchomp||ChoiceScarf|RoughSkin|Earthquake,DragonClaw,RockSlide,StompingTantrum|Jolly||F|||50|]Golurk||Golurkite|IronFist|HeadlongRush,Poltergeist,IcePunch,Protect|Adamant|||||50|
|showteam|p2|Charizard||CharizarditeY|Blaze|HeatWave,Protect,WeatherBall,SolarBeam|Modest||F|||50|]Talonflame||FocusSash|GaleWings|Tailwind,Protect,FlareBlitz,BraveBird|Jolly||F|||50|]Primarina||MysticWater|LiquidVoice|IceBeam,Moonblast,Protect,HyperVoice|Naive||F|||50|]Kingambit||ChopleBerry|Defiant|IronHead,Protect,SuckerPunch,SwordsDance|Adamant||F|||50|]Kleavor||WideLens|Sharpness|StoneAxe,XScissor,RockSlide,Protect|Adamant||F|||50|]Scrafty||Scraftinite|Intimidate|SuperFang,FakeOut,Protect,CloseCombat|Adamant||M|||50|
|j| Youax55
|j| InfiniKnight
|j| Dylan Jenson
|j| budster16
|c| Youax55|GAME 5 LFG
|c| InfiniKnight|GAME 5
|c| InfiniKnight|space jam music starts to play
|c| budster16|GAME 5 AGAIN
|c|☆morphiusdoorphius|ragrdless of outcome, been a great round and a great set
|c|☆ChocoHammy|Agreed
|c| Youax55|ragrdless
|l| Dylan Jenson
|c| budster16|<3
|c| budster16|What a final
|c|☆morphiusdoorphius|yeah ua awnt an fckl miw=thnme diune i was a nmavny seasl for 14 teyaras ill straight aweuawpo do stuff to you
|j| Dylan Jenson
|
|t:|1784684669
|teamsize|p1|4
|teamsize|p2|4
|start
|switch|p1a: Clefable|Clefable, L50, M|100/100
|switch|p1b: Golurk|Golurk, L50|100/100
|switch|p2a: Scrafty|Scrafty, L50, M|100/100
|switch|p2b: Kingambit|Kingambit, L50, F|100/100
|-ability|p2a: Scrafty|Intimidate|boost
|-unboost|p1a: Clefable|atk|1
|-unboost|p1b: Golurk|atk|1
|turn|1
|c| InfiniKnight|matt had a stroke in finals
|
|t:|1784684765
|detailschange|p2a: Scrafty|Scrafty-Mega, L50, M
|-mega|p2a: Scrafty|Scrafty|Scraftinite
|-ability|p2a: Scrafty|Intimidate|boost
|-unboost|p1a: Clefable|atk|1
|-unboost|p1b: Golurk|atk|1
|move|p1a: Clefable|Protect|p1a: Clefable
|-singleturn|p1a: Clefable|Protect
|move|p2a: Scrafty|Fake Out|p1a: Clefable
|-activate|p1a: Clefable|move: Protect
|move|p1b: Golurk|Headlong Rush|p2b: Kingambit
|-supereffective|p2b: Kingambit|1
|-damage|p2b: Kingambit|43/100
|-unboost|p1b: Golurk|def|1
|-unboost|p1b: Golurk|spd|1
|move|p2b: Kingambit|Swords Dance|p2b: Kingambit
|-boost|p2b: Kingambit|atk|2
|
|upkeep
|turn|2
|
|t:|1784684921
|switch|p2a: Primarina|Primarina, L50, F|100/100
|switch|p1b: Garchomp|Garchomp, L50, F|100/100
|detailschange|p1a: Clefable|Clefable-Mega, L50, M
|-mega|p1a: Clefable|Clefable|Clefablite
|move|p2b: Kingambit|Protect|p2b: Kingambit
|-singleturn|p2b: Kingambit|Protect
|move|p1a: Clefable|Encore|p2b: Kingambit
|-activate|p2b: Kingambit|move: Protect
|
|upkeep
|turn|3
|
|t:|1784685012
|switch|p2b: Scrafty|Scrafty-Mega, L50, M|100/100
|-ability|p2b: Scrafty|Intimidate|boost
|-unboost|p1a: Clefable|atk|1
|-unboost|p1b: Garchomp|atk|1
|move|p1a: Clefable|Follow Me|p1a: Clefable
|-singleturn|p1a: Clefable|move: Follow Me
|move|p1b: Garchomp|Earthquake|p2a: Primarina|[spread] p2a,p2b
|-immune|p1a: Clefable
|-damage|p2a: Primarina|61/100
|-damage|p2b: Scrafty|79/100
|move|p2a: Primarina|Ice Beam|p1a: Clefable
|-supereffective|p1a: Clefable|1
|-damage|p1a: Clefable|53/100
|
|upkeep
|turn|4
|
|t:|1784685115
|switch|p1b: Ceruledge|Ceruledge, L50, F|100/100
|switch|p2b: Talonflame|Talonflame, L50, F|100/100
|move|p2a: Primarina|Protect|p2a: Primarina
|-singleturn|p2a: Primarina|Protect
|move|p1a: Clefable|Protect||[still]
|-fail|p1a: Clefable
|
|upkeep
|turn|5
|
|t:|1784685192
|move|p1b: Ceruledge|Protect|p1b: Ceruledge
|-singleturn|p1b: Ceruledge|Protect
|move|p2b: Talonflame|Tailwind|p2b: Talonflame
|-sidestart|p2: morphiusdoorphius|move: Tailwind
|move|p2a: Primarina|Hyper Voice|p1a: Clefable|[spread] p1a
|-activate|p1b: Ceruledge|move: Protect
|-damage|p1a: Clefable|19/100
|move|p1a: Clefable|Moonblast|p2a: Primarina
|-damage|p2a: Primarina|17/100
|
|upkeep
|turn|6
|
|t:|1784685283
|switch|p1a: Garchomp|Garchomp, L50, F|100/100
|move|p2b: Talonflame|Brave Bird|p1b: Ceruledge
|-damage|p1b: Ceruledge|45/100
|-damage|p2b: Talonflame|79/100|[from] Recoil
|move|p1b: Ceruledge|Shadow Sneak|p2a: Primarina
|-damage|p2a: Primarina|0 fnt
|faint|p2a: Primarina
|
|upkeep
|
|t:|1784685297
|switch|p2a: Kingambit|Kingambit, L50, F|43/100
|turn|7
|
|t:|1784685401
|switch|p1b: Clefable|Clefable-Mega, L50, M|19/100
|move|p2a: Kingambit|Sucker Punch|p1a: Garchomp
|-damage|p1a: Garchomp|58/100
|-damage|p2a: Kingambit|31/100|[from] ability: Rough Skin|[of] p1a: Garchomp
|move|p2b: Talonflame|Brave Bird|p1b: Clefable
|-damage|p1b: Clefable|0 fnt
|faint|p1b: Clefable
|-damage|p2b: Talonflame|71/100|[from] Recoil
|move|p1a: Garchomp|Stomping Tantrum|p2a: Kingambit
|-supereffective|p2a: Kingambit|1
|-damage|p2a: Kingambit|0 fnt
|faint|p2a: Kingambit
|
|upkeep
|
|t:|1784685415
|switch|p1b: Golurk|Golurk, L50|100/100
|switch|p2a: Scrafty|Scrafty-Mega, L50, M|79/100
|-ability|p2a: Scrafty|Intimidate|boost
|-unboost|p1a: Garchomp|atk|1
|-unboost|p1b: Golurk|atk|1
|turn|8
|
|t:|1784685482
|move|p2b: Talonflame|Protect|p2b: Talonflame
|-singleturn|p2b: Talonflame|Protect
|move|p2a: Scrafty|Fake Out|p1a: Garchomp
|-damage|p1a: Garchomp|43/100
|-damage|p2a: Scrafty|67/100|[from] ability: Rough Skin|[of] p1a: Garchomp
|cant|p1a: Garchomp|flinch
|move|p1b: Golurk|Poltergeist|p2b: Talonflame
|-activate|p2b: Talonflame|move: Protect
|
|-sideend|p2: morphiusdoorphius|move: Tailwind
|upkeep
|turn|9
|
|t:|1784685621
|move|p2b: Talonflame|Protect|p2b: Talonflame
|-singleturn|p2b: Talonflame|Protect
|move|p1a: Garchomp|Stomping Tantrum|p2a: Scrafty
|-damage|p2a: Scrafty|28/100
|move|p2a: Scrafty|Close Combat|p1a: Garchomp
|-damage|p1a: Garchomp|0 fnt
|-unboost|p2a: Scrafty|def|1
|-unboost|p2a: Scrafty|spd|1
|-damage|p2a: Scrafty|15/100|[from] ability: Rough Skin|[of] p1a: Garchomp
|faint|p1a: Garchomp
|move|p1b: Golurk|Poltergeist|p2b: Talonflame
|-activate|p2b: Talonflame|move: Protect
|
|upkeep
|
|t:|1784685631
|switch|p1a: Ceruledge|Ceruledge, L50, F|45/100
|turn|10
|
|t:|1784685703
|move|p1a: Ceruledge|Protect|p1a: Ceruledge
|-singleturn|p1a: Ceruledge|Protect
|move|p2b: Talonflame|Brave Bird|p1a: Ceruledge
|-activate|p1a: Ceruledge|move: Protect
|move|p2a: Scrafty|Close Combat|p1b: Golurk
|-immune|p1b: Golurk
|move|p1b: Golurk|Poltergeist|p2b: Talonflame
|-activate|p2b: Talonflame|move: Poltergeist|Focus Sash
|-damage|p2b: Talonflame|15/100
|
|upkeep
|turn|11
|
|t:|1784685730
|move|p2b: Talonflame|Protect|p2b: Talonflame
|-singleturn|p2b: Talonflame|Protect
|move|p2a: Scrafty|Protect|p2a: Scrafty
|-singleturn|p2a: Scrafty|Protect
|move|p1a: Ceruledge|Shadow Sneak|p2b: Talonflame
|-activate|p2b: Talonflame|move: Protect
|move|p1b: Golurk|Ice Punch|p2a: Scrafty
|-activate|p2a: Scrafty|move: Protect
|
|upkeep
|turn|12
|
|t:|1784685751
|move|p2a: Scrafty|Protect||[still]
|-fail|p2a: Scrafty
|move|p1a: Ceruledge|Shadow Sneak|p2b: Talonflame
|-damage|p2b: Talonflame|0 fnt
|faint|p2b: Talonflame
|move|p1b: Golurk|Ice Punch|p2a: Scrafty
|-damage|p2a: Scrafty|0 fnt
|faint|p2a: Scrafty
|
|win|ChocoHammy
|l|☆morphiusdoorphius
|player|p2|
