|j|☆lukashz
|j|☆tdea
|html|lukashztdea    
|uhtml|bestof|Game 1 of a best-of-3
|t:|1783615515
|gametype|doubles
|player|p1|lukashz|elesa|1326
|player|p2|tdea|veteran|1407
|gen|9
|tier|[Gen 9 Champions] VGC 2026 Reg M-B (Bo3)
|rated|
|rule|Species Clause: Limit one of each Pokémon
|rule|Item Clause: Limit 1 of each item
|clearpoke
|poke|p1|Chandelure, L50, F|
|poke|p1|Kangaskhan, L50, F|
|poke|p1|Sylveon, L50, M|
|poke|p1|Kingambit, L50, F|
|poke|p1|Sneasler, L50, F|
|poke|p1|Venusaur, L50, M|
|poke|p2|Floette-Eternal, L50, F|
|poke|p2|Sinistcha, L50|
|poke|p2|Incineroar, L50, F|
|poke|p2|Sneasler, L50, F|
|poke|p2|Blastoise, L50, M|
|poke|p2|Kingambit, L50, M|
|teampreview|4
|showteam|p1|Chandelure||FocusSash|FlashFire|HeatWave,ShadowBall,TrickRoom,Taunt|Quiet||F|||50|]Kangaskhan||Kangaskhanite|InnerFocus|FakeOut,DoubleEdge,SuckerPunch,HammerArm|Brave||F|||50|]Sylveon||FairyFeather|Pixilate|HyperVoice,Protect,HyperBeam,QuickAttack|Quiet||M|||50|]Kingambit||BlackGlasses|Defiant|KowtowCleave,SuckerPunch,IronHead,Protect|Brave||F|||50|]Sneasler||WhiteHerb|Unburden|FakeOut,Coaching,CloseCombat,DireClaw|Jolly||F|||50|]Venusaur||Venusaurite|Chlorophyll|EarthPower,SleepPowder,GigaDrain,Protect|Modest||M|||50|
|showteam|p2|Floette-Eternal||Floettite|FlowerVeil|DazzlingGleam,DrainingKiss,Protect,CalmMind|Timid||F|||50|]Sinistcha||OccaBerry|Hospitality|MatchaGotcha,LifeDew,RagePowder,Protect|Bold|||||50|]Incineroar||SitrusBerry|Intimidate|FlareBlitz,DarkestLariat,PartingShot,FakeOut|Impish||F|||50|]Sneasler||FocusSash|PoisonTouch|PoisonJab,CloseCombat,FakeOut,RockTomb|Jolly||F|||50|]Blastoise||Blastoisinite|Torrent|WaterSpout,ShellSmash,Protect,DarkPulse|Modest||M|||50|]Kingambit||LifeOrb|Defiant|KowtowCleave,SuckerPunch,Protect,SwordsDance|Adamant||M|||50|
|inactive|Battle timer is ON: inactive players will automatically lose when time's up. (requested by tdea)
|inactive|lukashz has 60 seconds left.
|
|t:|1783615563
|teamsize|p1|4
|teamsize|p2|4
|start
|switch|p1a: Venusaur|Venusaur, L50, M|100/100
|switch|p1b: Kingambit|Kingambit, L50, F|100/100
|switch|p2a: Sneasler|Sneasler, L50, F|100/100
|switch|p2b: Floette|Floette-Eternal, L50, F|100/100
|turn|1
|
|t:|1783615582
|switch|p1b: Chandelure|Chandelure, L50, F|100/100
|detailschange|p2b: Floette|Floette-Mega, L50, F
|-mega|p2b: Floette|Floette|Floettite
|-ability|p2b: Floette|Fairy Aura
|detailschange|p1a: Venusaur|Venusaur-Mega, L50, M
|-mega|p1a: Venusaur|Venusaur|Venusaurite
|move|p2a: Sneasler|Close Combat|p1b: Chandelure
|-immune|p1b: Chandelure
|move|p2b: Floette|Calm Mind|p2b: Floette
|-boost|p2b: Floette|spa|1
|-boost|p2b: Floette|spd|1
|move|p1a: Venusaur|Sleep Powder|p2a: Sneasler
|-status|p2a: Sneasler|slp|[from] move: Sleep Powder
|
|upkeep
|turn|2
|
|t:|1783615604
|cant|p2a: Sneasler|slp
|move|p2b: Floette|Calm Mind|p2b: Floette
|-boost|p2b: Floette|spa|1
|-boost|p2b: Floette|spd|1
|move|p1a: Venusaur|Earth Power|p2a: Sneasler
|-supereffective|p2a: Sneasler|1
|-damage|p2a: Sneasler|19/100 slp
|move|p1b: Chandelure|Heat Wave|p2b: Floette|[spread] p2a,p2b
|-damage|p2a: Sneasler|0 fnt
|-damage|p2b: Floette|85/100
|faint|p2a: Sneasler
|
|upkeep
|
|t:|1783615616
|switch|p2a: Kingambit|Kingambit, L50, M|100/100
|turn|3
|inactive|tdea has 30 seconds left.
|
|t:|1783615643
|move|p2a: Kingambit|Sucker Punch||[still]
|-fail|p2a: Kingambit
|move|p2b: Floette|Dazzling Gleam|p1b: Chandelure|[spread] p1a,p1b
|-resisted|p1a: Venusaur|1
|-resisted|p1b: Chandelure|1
|-damage|p1a: Venusaur|65/100
|-damage|p1b: Chandelure|55/100
|move|p1a: Venusaur|Sleep Powder|p2a: Kingambit|[miss]
|-miss|p1a: Venusaur|p2a: Kingambit
|move|p1b: Chandelure|Trick Room|p1b: Chandelure
|-fieldstart|move: Trick Room|[of] p1b: Chandelure
|
|upkeep
|turn|4
|
|t:|1783615658
|move|p2a: Kingambit|Kowtow Cleave|p1a: Venusaur
|-damage|p1a: Venusaur|12/100
|-damage|p2a: Kingambit|90/100|[from] item: Life Orb
|move|p1b: Chandelure|Heat Wave|p2a: Kingambit|[spread] p2a,p2b
|-supereffective|p2a: Kingambit|1
|-damage|p2a: Kingambit|17/100
|-damage|p2b: Floette|67/100
|move|p1a: Venusaur|Sleep Powder|p2b: Floette
|-status|p2b: Floette|slp|[from] move: Sleep Powder
|cant|p2b: Floette|slp
|
|upkeep
|turn|5
|
|t:|1783615675
|move|p2a: Kingambit|Kowtow Cleave|p1b: Chandelure
|-supereffective|p1b: Chandelure|1
|-damage|p1b: Chandelure|0 fnt
|faint|p1b: Chandelure
|-damage|p2a: Kingambit|8/100|[from] item: Life Orb
|move|p1a: Venusaur|Giga Drain|p2b: Floette
|-crit|p2b: Floette
|-damage|p2b: Floette|28/100 slp
|-heal|p1a: Venusaur|30/100|[from] drain|[of] p2b: Floette
|cant|p2b: Floette|slp
|
|upkeep
|
|t:|1783615680
|switch|p1b: Kingambit|Kingambit, L50, F|100/100
|turn|6
|
|t:|1783615697
|move|p1a: Venusaur|Protect|p1a: Venusaur
|-singleturn|p1a: Venusaur|Protect
|-curestatus|p2b: Floette|slp|[msg]
|move|p2b: Floette|Protect|p2b: Floette
|-singleturn|p2b: Floette|Protect
|move|p2a: Kingambit|Sucker Punch||[still]
|-fail|p2a: Kingambit
|move|p1b: Kingambit|Iron Head|p2b: Floette
|-activate|p2b: Floette|move: Protect
|
|upkeep
|turn|7
|
|t:|1783615709
|switch|p2a: Sinistcha|Sinistcha, L50|100/100
|-heal|p2b: Floette|52/100|[from] ability: Hospitality|[of] p2a: Sinistcha
|move|p2b: Floette|Protect|p2b: Floette
|-singleturn|p2b: Floette|Protect
|move|p1b: Kingambit|Iron Head|p2b: Floette
|-activate|p2b: Floette|move: Protect
|move|p1a: Venusaur|Earth Power|p2a: Sinistcha
|-resisted|p2a: Sinistcha|1
|-damage|p2a: Sinistcha|86/100
|
|-fieldend|move: Trick Room
|upkeep
|turn|8
|
|t:|1783615732
|move|p2a: Sinistcha|Rage Powder|p2a: Sinistcha
|-singleturn|p2a: Sinistcha|move: Rage Powder
|move|p2b: Floette|Dazzling Gleam|p1b: Kingambit|[spread] p1a,p1b
|-resisted|p1a: Venusaur|1
|-damage|p1a: Venusaur|0 fnt
|-damage|p1b: Kingambit|19/100
|faint|p1a: Venusaur
|move|p1b: Kingambit|Kowtow Cleave|p2a: Sinistcha
|-supereffective|p2a: Sinistcha|1
|-damage|p2a: Sinistcha|0 fnt
|faint|p2a: Sinistcha
|
|upkeep
|
|t:|1783615739
|switch|p1a: Sneasler|Sneasler, L50, F|100/100
|switch|p2a: Kingambit|Kingambit, L50, M|8/100
|turn|9
|
|t:|1783615757
|move|p1a: Sneasler|Dire Claw|p2b: Floette
|-supereffective|p2b: Floette|1
|-damage|p2b: Floette|0 fnt
|faint|p2b: Floette
|move|p2a: Kingambit|Kowtow Cleave|p1b: Kingambit
|-resisted|p1b: Kingambit|1
|-damage|p1b: Kingambit|0 fnt
|faint|p1b: Kingambit
|-damage|p2a: Kingambit|0 fnt|[from] item: Life Orb
|faint|p2a: Kingambit
|
|win|lukashz
||lukashz is ready for game 2.
|inactive|tdea has 30 seconds to confirm battle start!
||tdea is ready for game 2.
|uhtml|next|Next: Game 2 of 3
|l|☆tdea
|player|p2|
