|j|☆Nebz21
|j|☆potfatato2069
|html|Nebz21potfatato2069    
|uhtml|bestof|Game 2 of a best-of-3
|t:|1757804551
|gametype|doubles
|player|p1|Nebz21|hexmaniac-gen6|
|player|p2|potfatato2069|265|
|gen|9
|tier|[Gen 9] VGC 2025 Reg H (Bo3)
|rule|Species Clause: Limit one of each Pokémon
|rule|Item Clause: Limit 1 of each item
|clearpoke
|poke|p1|Yanma, L50, F|
|poke|p1|Pikachu, L50, M|
|poke|p1|Duraludon, L50, F|
|poke|p1|Magmar, L50, F|
|poke|p1|Sneasel-Hisui, L50, M|
|poke|p1|Basculin-White-Striped, L50, F|
|poke|p2|Emboar, L50, M|
|poke|p2|Hydrapple, L50, F|
|poke|p2|Araquanid, L50, F|
|poke|p2|Indeedee-F, L50, F|
|poke|p2|Gardevoir, L50, M|
|poke|p2|Ursaluna, L50, M|
|teampreview|4
|showteam|p1|Yanma||FocusSash|CompoundEyes|Tailwind,Hypnosis,AirSlash,Protect|||F|||50|,,,,,Ghost]Pikachu||LightBall|LightningRod|FakeOut,Encore,Thunderbolt,Protect|||M|||50|,,,,,Electric]Duraludon||ChoiceSpecs|Stalwart|DracoMeteor,FlashCannon,TeraBlast,DragonPulse|||F|||50|,,,,,Ghost]Magmar||Eviolite|VitalSpirit|FollowMe,HelpingHand,Overheat,Protect|||F|||50|,,,,,Fairy]Sneasel-Hisui||LifeOrb|InnerFocus|PoisonJab,CloseCombat,ThroatChop,Protect|||M|||50|,,,,,Stellar]Basculin-White-Striped||ChoiceScarf|Adaptability|AquaJet,WaveCrash,FlipTurn,LastRespects|||F|||50|,,,,,Ghost
|showteam|p2|Emboar||ChoiceBand|Reckless|CloseCombat,WildCharge,FlareBlitz,IronHead|||M|||50|,,,,,Steel]Hydrapple||AssaultVest|Regenerator|EnergyBall,EarthPower,FickleBeam,PollenPuff|||F|||50|,,,,,Water]Araquanid||MysticWater|WaterBubble|Lunge,WideGuard,Protect,Liquidation|||F|||50|,,,,,Water]Indeedee-F||RockyHelmet|PsychicSurge|Psychic,TrickRoom,FollowMe,HelpingHand|||F|||50|,,,,,Fairy]Gardevoir||LifeOrb|Trace|Moonblast,ExpandingForce,Protect,TrickRoom|||M|||50|,,,,,Poison]Ursaluna||FlameOrb|Guts|Protect,HeadlongRush,IcePunch,Facade|||M|||50|,,,,,Ghost
|inactive|Battle timer is ON: inactive players will automatically lose when time's up. (requested by Nebz21)
|inactive|Nebz21 has 60 seconds left.
|
|t:|1757804589
|teamsize|p1|4
|teamsize|p2|4
|start
|switch|p1a: Yanma|Yanma, L50, F|100/100
|switch|p1b: Sneasel|Sneasel-Hisui, L50, M|100/100
|switch|p2a: Indeedee|Indeedee-F, L50, F|100/100
|switch|p2b: Hydrapple|Hydrapple, L50, F|100/100
|-fieldstart|move: Psychic Terrain|[from] ability: Psychic Surge|[of] p2a: Indeedee
|turn|1
|inactive|Nebz21 has 30 seconds left.
|inactive|potfatato2069 has 30 seconds left.
|inactive|potfatato2069 has 20 seconds left.
|
|t:|1757804629
|-terastallize|p1b: Sneasel|Stellar
|move|p1b: Sneasel|Poison Jab|p2b: Hydrapple
|-supereffective|p2b: Hydrapple
|-damage|p2b: Hydrapple|3/100
|-damage|p1b: Sneasel|90/100|[from] item: Life Orb
|move|p1a: Yanma|Hypnosis|p2a: Indeedee
|-status|p2a: Indeedee|slp|[from] move: Hypnosis
|move|p2b: Hydrapple|Earth Power|p1b: Sneasel
|-supereffective|p1b: Sneasel
|-damage|p1b: Sneasel|0 fnt
|faint|p1b: Sneasel
|cant|p2a: Indeedee|slp
|
|upkeep
|
|t:|1757804641
|switch|p1b: Basculin|Basculin-White-Striped, L50, F|100/100
|turn|2
|
|t:|1757804655
|move|p1b: Basculin|Flip Turn|p2b: Hydrapple
|-resisted|p2b: Hydrapple
|-damage|p2b: Hydrapple|0 fnt
|faint|p2b: Hydrapple
|
|t:|1757804661
|switch|p1b: Duraludon|Duraludon, L50, F|100/100|[from] Flip Turn
|move|p1a: Yanma|Air Slash|p2a: Indeedee
|-damage|p2a: Indeedee|80/100 slp
|cant|p2a: Indeedee|slp
|
|upkeep
|
|t:|1757804667
|switch|p2b: Gardevoir|Gardevoir, L50, M|100/100
|-ability|p2b: Gardevoir|Stalwart|Trace|[from] ability: Trace|[of] p1b: Duraludon
|turn|3
|
|t:|1757804677
|move|p2b: Gardevoir|Protect|p2b: Gardevoir
|-singleturn|p2b: Gardevoir|Protect
|move|p1a: Yanma|Hypnosis|p2b: Gardevoir
|-activate|p2b: Gardevoir|move: Protect
|move|p1b: Duraludon|Flash Cannon|p2a: Indeedee
|-crit|p2a: Indeedee
|-damage|p2a: Indeedee|20/100 slp
|-unboost|p2a: Indeedee|spd|1
|-curestatus|p2a: Indeedee|slp|[msg]
|move|p2a: Indeedee|Trick Room|p2a: Indeedee
|-fieldstart|move: Trick Room|[of] p2a: Indeedee
|
|upkeep
|turn|4
|
|t:|1757804692
|move|p2a: Indeedee|Helping Hand|p2b: Gardevoir
|-singleturn|p2b: Gardevoir|Helping Hand|[of] p2a: Indeedee
|move|p2b: Gardevoir|Expanding Force|p1b: Duraludon|[spread] p1a,p1b
|-resisted|p1b: Duraludon
|-enditem|p1a: Yanma|Focus Sash
|-damage|p1a: Yanma|1/100
|-damage|p1b: Duraludon|0 fnt
|faint|p1b: Duraludon
|-damage|p2b: Gardevoir|91/100|[from] item: Life Orb
|move|p1a: Yanma|Hypnosis|p2b: Gardevoir
|-status|p2b: Gardevoir|slp|[from] move: Hypnosis
|
|upkeep
|
|t:|1757804700
|switch|p1b: Basculin|Basculin-White-Striped, L50, F|100/100
|turn|5
|
|t:|1757804720
|cant|p2b: Gardevoir|slp
|move|p2a: Indeedee|Psychic|p1a: Yanma
|-damage|p1a: Yanma|0 fnt
|faint|p1a: Yanma
|move|p1b: Basculin|Wave Crash|p2a: Indeedee
|-damage|p2a: Indeedee|0 fnt
|-damage|p1b: Basculin|84/100|[from] item: Rocky Helmet|[of] p2a: Indeedee
|faint|p2a: Indeedee
|-damage|p1b: Basculin|76/100|[from] Recoil
|
|-fieldend|move: Psychic Terrain
|upkeep
|
|t:|1757804731
|switch|p2a: Ursaluna|Ursaluna, L50, M|100/100
|turn|6
|
|t:|1757804736
|move|p2a: Ursaluna|Headlong Rush|p1b: Basculin
|-damage|p1b: Basculin|0 fnt
|-unboost|p2a: Ursaluna|def|1
|-unboost|p2a: Ursaluna|spd|1
|faint|p1b: Basculin
|
|win|potfatato2069
||Nebz21 is ready for game 3.
||potfatato2069 is ready for game 3.
|uhtml|next|Next: Game 3 of 3
|l|☆potfatato2069
|player|p2|
