|j|☆CandidClem
|j|☆messages
|html|CandidClemmessages    
|uhtml|bestof|Game 2 of a best-of-3
|t:|1786054637
|gametype|doubles
|player|p1|CandidClem|266|
|player|p2|messages|waitress-gen4|
|gen|9
|tier|[Gen 9 Champions] VGC 2026 Reg M-B (Bo3)
|rule|Species Clause: Limit one of each Pokémon
|rule|Item Clause: Limit 1 of each item
|clearpoke
|poke|p1|Greninja, L50, F, shiny|
|poke|p1|Kingambit, L50, M, shiny|
|poke|p1|Typhlosion-Hisui, L50, M, shiny|
|poke|p1|Toxicroak, L50, F|
|poke|p1|Whimsicott, L50, F, shiny|
|poke|p1|Eelektross, L50, F, shiny|
|poke|p2|Gengar, L50, M, shiny|
|poke|p2|Sneasler, L50, F|
|poke|p2|Volcarona, L50, F|
|poke|p2|Rotom-Wash, L50|
|poke|p2|Scrafty, L50, M|
|poke|p2|Samurott-Hisui, L50, M|
|teampreview|4
|showteam|p1|Greninja||Greninjite|Protean|IcyWind,Extrasensory,HydroPump,Protect|Timid||F|||50|]Kingambit||BlackGlasses|Defiant|KowtowCleave,SuckerPunch,Protect,BrickBreak|Adamant||M|||50|]Typhlosion-Hisui||ChoiceScarf|Frisk|InfernalParade,Eruption,HeatWave,FocusBlast|Timid||M|||50|]Toxicroak||ExpertBelt|DrySkin|GunkShot,ThunderPunch,DrainPunch,SuckerPunch|Jolly||F|||50|]Whimsicott||FocusSash|Prankster|Tailwind,Moonblast,WorrySeed,Protect|Bold||F|||50|]Eelektross||Eelektrossite|Levitate|GigaDrain,Flamethrower,Thunderbolt,Protect|Timid||F|||50|
|showteam|p2|Gengar||Gengarite|CursedBody|SludgeBomb,FocusBlast,PerishSong,Protect|Timid||M|||50|]Sneasler||FocusSash|Unburden|CloseCombat,DireClaw,FakeOut,Taunt|Adamant||F|||50|]Volcarona||ChartiBerry|FlameBody|QuiverDance,RagePowder,BugBuzz,HeatWave|Timid||F|||50|]Rotom-Wash||ChoiceScarf|Levitate|VoltSwitch,Thunderbolt,HydroPump,Trick|Modest|||||50|]Scrafty||Scraftinite|Intimidate|Payback,DrainPunch,Protect,FakeOut|Careful||M|||50|]Samurott-Hisui||LifeOrb|Sharpness|RazorShell,CeaselessEdge,SuckerPunch,Protect|Jolly||M|||50|
|
|t:|1786054669
|teamsize|p1|4
|teamsize|p2|4
|start
|switch|p1a: scott|Whimsicott, L50, F, shiny|100/100
|switch|p1b: eeli|Eelektross, L50, F, shiny|100/100
|switch|p2a: Ladis Washerum|Rotom-Wash, L50|100/100
|switch|p2b: Diva|Sneasler, L50, F|100/100
|turn|1
|c|☆messages|uh oh dangerous
|
|t:|1786054711
|detailschange|p1b: eeli|Eelektross-Mega, L50, F, shiny
|-mega|p1b: eeli|Eelektross|Eelektrossite
|move|p1a: scott|Tailwind|p1a: scott
|-sidestart|p1: CandidClem|move: Tailwind
|move|p1b: eeli|Giga Drain|p2a: Ladis Washerum
|-supereffective|p2a: Ladis Washerum|1
|-damage|p2a: Ladis Washerum|31/100
|move|p2a: Ladis Washerum|Volt Switch|p1b: eeli
|-resisted|p1b: eeli|1
|-damage|p1b: eeli|80/100
|
|t:|1786054729
|switch|p2a: Bulkarona|Volcarona, L50, F|100/100|[from] Volt Switch
|move|p2b: Diva|Dire Claw|p1b: eeli
|-damage|p1b: eeli|16/100
|
|upkeep
|turn|2
|c|☆messages|i need my poison touch
|
|t:|1786054773
|switch|p1b: Discord Mod|Typhlosion-Hisui, L50, M, shiny|100/100
|-item|p2a: Bulkarona|Charti Berry|[from] ability: Frisk|[of] p1b: Discord Mod
|-item|p2b: Diva|Focus Sash|[from] ability: Frisk|[of] p1b: Discord Mod
|move|p1a: scott|Worry Seed|p2b: Diva
|-ability|p2b: Diva|Insomnia|Unburden|[from] move: Worry Seed
|move|p2b: Diva|Dire Claw|p1b: Discord Mod
|-resisted|p1b: Discord Mod|1
|-damage|p1b: Discord Mod|68/100
|move|p2a: Bulkarona|Heat Wave|p1a: scott|[spread] p1a
|-miss|p2a: Bulkarona|p1b: Discord Mod
|-supereffective|p1a: scott|1
|-damage|p1a: scott|5/100
|
|upkeep
|turn|3
|
|t:|1786054800
|move|p1b: Discord Mod|Eruption|p2b: Diva|[spread] p2a,p2b
|-damage|p2a: Bulkarona|61/100
|-damage|p2b: Diva|52/100
|move|p1a: scott|Moonblast|p2b: Diva
|-damage|p2b: Diva|11/100
|move|p2b: Diva|Dire Claw|p1b: Discord Mod
|-resisted|p1b: Discord Mod|1
|-damage|p1b: Discord Mod|32/100
|-status|p1b: Discord Mod|slp
|move|p2a: Bulkarona|Heat Wave|p1a: scott|[spread] p1a,p1b
|-supereffective|p1a: scott|1
|-resisted|p1b: Discord Mod|1
|-damage|p1a: scott|0 fnt
|-damage|p1b: Discord Mod|4/100 slp
|faint|p1a: scott
|
|upkeep
|c|☆messages|yeyy
|
|t:|1786054820
|switch|p1a: soponcio|Toxicroak, L50, F|100/100
|turn|4
|c|☆CandidClem|KILL EVERYONE
|
|t:|1786054835
|switch|p2b: Da hood|Scrafty, L50, M|100/100
|-ability|p2b: Da hood|Intimidate|boost
|-unboost|p1a: soponcio|atk|1
|-unboost|p1b: Discord Mod|atk|1
|cant|p1b: Discord Mod|slp
|move|p1a: soponcio|Drain Punch|p2b: Da hood
|-supereffective|p2b: Da hood|1
|-damage|p2b: Da hood|47/100
|move|p2a: Bulkarona|Heat Wave|p1b: Discord Mod|[spread] p1a,p1b
|-resisted|p1b: Discord Mod|1
|-damage|p1a: soponcio|20/100y
|-damage|p1b: Discord Mod|0 fnt
|faint|p1b: Discord Mod
|
|-sideend|p1: CandidClem|move: Tailwind
|upkeep
|
|t:|1786054848
|switch|p1b: eeli|Eelektross-Mega, L50, F, shiny|16/100
|turn|5
|
|t:|1786054865
|detailschange|p2b: Da hood|Scrafty-Mega, L50, M
|-mega|p2b: Da hood|Scrafty|Scraftinite
|-ability|p2b: Da hood|Intimidate|boost
|-unboost|p1a: soponcio|atk|1
|-unboost|p1b: eeli|atk|1
|move|p1b: eeli|Protect|p1b: eeli
|-singleturn|p1b: eeli|Protect
|move|p2b: Da hood|Fake Out|p1b: eeli
|-activate|p1b: eeli|move: Protect
|move|p1a: soponcio|Sucker Punch|p2a: Bulkarona
|-damage|p2a: Bulkarona|45/100
|move|p2a: Bulkarona|Heat Wave|p1b: eeli|[spread] p1a
|-activate|p1b: eeli|move: Protect
|-crit|p1a: soponcio
|-damage|p1a: soponcio|0 fnt
|faint|p1a: soponcio
|
|upkeep
|turn|6
|
|t:|1786054885
|move|p2a: Bulkarona|Rage Powder|p2a: Bulkarona
|-singleturn|p2a: Bulkarona|move: Rage Powder
|move|p1b: eeli|Thunderbolt|p2a: Bulkarona
|-damage|p2a: Bulkarona|0 fnt
|faint|p2a: Bulkarona
|-ability|p1b: eeli|Eelevate|boost
|-boost|p1b: eeli|spa|1
|move|p2b: Da hood|Drain Punch|p1b: eeli
|-damage|p1b: eeli|0 fnt
|-heal|p2b: Da hood|55/100|[from] drain|[of] p1b: eeli
|faint|p1b: eeli
|
|win|messages
|c|☆messages|constant pressure for the win
