|j|☆Sodamario
|j|☆PRLT1 Jurrasicz
|html|SodamarioPRLT1 Jurrasicz    
|uhtml|bestof|Game 3 of a best-of-3
|t:|1783435868
|gametype|doubles
|player|p1|Sodamario|cynthia-gen4|1420
|player|p2|PRLT1 Jurrasicz|pokemaniac|1443
|gen|9
|tier|[Gen 9 Champions] VGC 2026 Reg M-B (Bo3)
|rated|
|rule|Species Clause: Limit one of each Pokémon
|rule|Item Clause: Limit 1 of each item
|clearpoke
|poke|p1|Ceruledge, L50, F|
|poke|p1|Milotic, L50, M|
|poke|p1|Incineroar, L50, F|
|poke|p1|Raichu, L50, F|
|poke|p1|Ninetales-Alola, L50, F|
|poke|p1|Sinistcha, L50|
|poke|p2|Charizard, L50, F|
|poke|p2|Whimsicott, L50, F|
|poke|p2|Floette-Eternal, L50, F|
|poke|p2|Basculegion, L50, M|
|poke|p2|Garchomp, L50, M|
|poke|p2|Kingambit, L50, M, shiny|
|teampreview|4
|showteam|p1|Ceruledge||ColburBerry|FlashFire|BitterBlade,ShadowSneak,BulkUp,Protect|Adamant||F|||50|]Milotic||Leftovers|Competitive|MuddyWater,Coil,Hypnosis,Protect|Bold||M|||50|]Incineroar||SitrusBerry|Intimidate|FlareBlitz,PartingShot,FakeOut,DarkestLariat|Impish||F|||50|]Raichu||RaichuniteY|LightningRod|ZapCannon,FocusBlast,FakeOut,Protect|Timid||F|||50|]Ninetales-Alola||NeverMeltIce|SnowWarning|Blizzard,FreezeDry,AuroraVeil,Protect|Timid||F|||50|]Sinistcha||KasibBerry|Hospitality|MatchaGotcha,RagePowder,TrickRoom,Protect|Bold|||||50|
|showteam|p2|Charizard||CharizarditeY|Blaze|HeatWave,SolarBeam,WeatherBall,Protect|Modest||F|||50|]Whimsicott||FocusSash|Prankster|Moonblast,Encore,Tailwind,Protect|Timid||F|||50|]Floette-Eternal||Floettite|FlowerVeil|Moonblast,DazzlingGleam,LightofRuin,Protect|Modest||F|||50|]Basculegion||MysticWater|Adaptability|WaveCrash,AquaJet,LastRespects,Protect|Adamant||M|||50|]Garchomp||LifeOrb|RoughSkin|DragonClaw,Earthquake,RockSlide,Protect|Jolly||M|||50|]Kingambit||OccaBerry|Defiant|KowtowCleave,SuckerPunch,IronHead,Protect|Adamant||M|||50|
|inactive|Battle timer is ON: inactive players will automatically lose when time's up. (requested by PRLT1 Jurrasicz)
|
|t:|1783435889
|teamsize|p1|4
|teamsize|p2|4
|start
|switch|p1a: Raichu|Raichu, L50, F|100/100
|switch|p1b: Ninetales|Ninetales-Alola, L50, F|100/100
|switch|p2a: Whimsicott|Whimsicott, L50, F|100/100
|switch|p2b: Floette|Floette-Eternal, L50, F|100/100
|-weather|Snowscape|[from] ability: Snow Warning|[of] p1b: Ninetales
|turn|1
|
|t:|1783435903
|switch|p1a: Ceruledge|Ceruledge, L50, F|100/100
|move|p2a: Whimsicott|Protect|p2a: Whimsicott
|-singleturn|p2a: Whimsicott|Protect
|move|p2b: Floette|Protect|p2b: Floette
|-singleturn|p2b: Floette|Protect
|move|p1b: Ninetales|Aurora Veil|p1b: Ninetales
|-sidestart|p1: Sodamario|move: Aurora Veil
|
|-weather|Snowscape|[upkeep]
|upkeep
|turn|2
|inactive|PRLT1 Jurrasicz has 30 seconds left.
|
|t:|1783435931
|switch|p1b: Sinistcha|Sinistcha, L50|100/100
|switch|p2b: Basculegion|Basculegion, L50, M|100/100
|move|p2a: Whimsicott|Tailwind|p2a: Whimsicott
|-sidestart|p2: PRLT1 Jurrasicz|move: Tailwind
|move|p1a: Ceruledge|Bitter Blade|p2b: Basculegion
|-resisted|p2b: Basculegion|1
|-damage|p2b: Basculegion|70/100
|
|-weather|Snowscape|[upkeep]
|upkeep
|turn|3
|inactive|Sodamario has 30 seconds left.
|inactive|PRLT1 Jurrasicz has 30 seconds left.
|
|t:|1783435963
|move|p2a: Whimsicott|Protect|p2a: Whimsicott
|-singleturn|p2a: Whimsicott|Protect
|move|p1a: Ceruledge|Protect|p1a: Ceruledge
|-singleturn|p1a: Ceruledge|Protect
|move|p2b: Basculegion|Last Respects|p1a: Ceruledge
|-activate|p1a: Ceruledge|move: Protect
|move|p1b: Sinistcha|Matcha Gotcha|p2a: Whimsicott|[spread] 
|-activate|p2a: Whimsicott|move: Protect
|-miss|p1b: Sinistcha|p2b: Basculegion
|
|-weather|Snowscape|[upkeep]
|upkeep
|turn|4
|
|t:|1783435981
|switch|p1a: Ninetales|Ninetales-Alola, L50, F|100/100
|move|p2a: Whimsicott|Encore||[still]
|-fail|p2a: Whimsicott
|move|p2b: Basculegion|Last Respects|p1b: Sinistcha
|-supereffective|p1b: Sinistcha|1
|-enditem|p1b: Sinistcha|Kasib Berry|[eat]
|-enditem|p1b: Sinistcha|Kasib Berry|[weaken]
|-damage|p1b: Sinistcha|82/100
|move|p1b: Sinistcha|Matcha Gotcha|p2b: Basculegion|[spread] p2a
|-miss|p1b: Sinistcha|p2b: Basculegion
|-resisted|p2a: Whimsicott|1
|-damage|p2a: Whimsicott|80/100
|-heal|p1b: Sinistcha|89/100|[from] drain|[of] p2a: Whimsicott
|
|-weather|Snowscape|[upkeep]
|upkeep
|turn|5
|inactive|PRLT1 Jurrasicz has 30 seconds left.
|
|t:|1783436015
|switch|p2b: Kingambit|Kingambit, L50, M, shiny|100/100
|switch|p1a: Ceruledge|Ceruledge, L50, F|100/100
|move|p2a: Whimsicott|Protect|p2a: Whimsicott
|-singleturn|p2a: Whimsicott|Protect
|move|p1b: Sinistcha|Matcha Gotcha|p2a: Whimsicott|[spread] p2b
|-activate|p2a: Whimsicott|move: Protect
|-resisted|p2b: Kingambit|1
|-damage|p2b: Kingambit|87/100
|-heal|p1b: Sinistcha|97/100|[from] drain|[of] p2b: Kingambit
|
|-weather|none
|-sideend|p2: PRLT1 Jurrasicz|move: Tailwind
|-sideend|p1: Sodamario|move: Aurora Veil
|upkeep
|turn|6
|inactive|Sodamario has 30 seconds left.
|
|t:|1783436044
|move|p1b: Sinistcha|Protect|p1b: Sinistcha
|-singleturn|p1b: Sinistcha|Protect
|move|p2a: Whimsicott|Tailwind|p2a: Whimsicott
|-sidestart|p2: PRLT1 Jurrasicz|move: Tailwind
|move|p2b: Kingambit|Kowtow Cleave|p1a: Ceruledge
|-supereffective|p1a: Ceruledge|1
|-enditem|p1a: Ceruledge|Colbur Berry|[eat]
|-enditem|p1a: Ceruledge|Colbur Berry|[weaken]
|-damage|p1a: Ceruledge|41/100
|move|p1a: Ceruledge|Bitter Blade|p2b: Kingambit
|-supereffective|p2b: Kingambit|1
|-enditem|p2b: Kingambit|Occa Berry|[eat]
|-enditem|p2b: Kingambit|Occa Berry|[weaken]
|-damage|p2b: Kingambit|49/100
|-heal|p1a: Ceruledge|62/100|[from] drain|[of] p2b: Kingambit
|
|upkeep
|turn|7
|inactive|PRLT1 Jurrasicz has 30 seconds left.
|inactive|PRLT1 Jurrasicz has 20 seconds left.
|inactive|PRLT1 Jurrasicz has 15 seconds left.
|inactive|PRLT1 Jurrasicz has 10 seconds left.
|inactive|PRLT1 Jurrasicz has 5 seconds left.
|
|t:|1783436095
|move|p1b: Sinistcha|Rage Powder|p1b: Sinistcha
|-singleturn|p1b: Sinistcha|move: Rage Powder
|move|p2a: Whimsicott|Moonblast|p1a: Ceruledge
|-resisted|p1a: Ceruledge|1
|-damage|p1a: Ceruledge|46/100
|move|p2b: Kingambit|Kowtow Cleave|p1b: Sinistcha
|-supereffective|p1b: Sinistcha|1
|-damage|p1b: Sinistcha|23/100
|move|p1a: Ceruledge|Bitter Blade|p2b: Kingambit
|-supereffective|p2b: Kingambit|1
|-damage|p2b: Kingambit|0 fnt
|-heal|p1a: Ceruledge|75/100|[from] drain|[of] p2b: Kingambit
|faint|p2b: Kingambit
|
|upkeep
|
|t:|1783436112
|switch|p2b: Basculegion|Basculegion, L50, M|70/100
|turn|8
|
|t:|1783436132
|move|p2b: Basculegion|Protect|p2b: Basculegion
|-singleturn|p2b: Basculegion|Protect
|move|p1b: Sinistcha|Protect|p1b: Sinistcha
|-singleturn|p1b: Sinistcha|Protect
|move|p1a: Ceruledge|Shadow Sneak|p2b: Basculegion
|-activate|p2b: Basculegion|move: Protect
|move|p2a: Whimsicott|Moonblast|p1b: Sinistcha
|-activate|p1b: Sinistcha|move: Protect
|
|upkeep
|turn|9
|inactive|Sodamario has 30 seconds left.
|
|t:|1783436159
|switch|p2b: Floette|Floette-Eternal, L50, F|100/100
|switch|p1b: Ninetales|Ninetales-Alola, L50, F|100/100
|-weather|Snowscape|[from] ability: Snow Warning|[of] p1b: Ninetales
|move|p2a: Whimsicott|Encore|p1a: Ceruledge
|-start|p1a: Ceruledge|Encore
|move|p1a: Ceruledge|Shadow Sneak|p2b: Floette
|-damage|p2b: Floette|62/100
|
|-weather|Snowscape|[upkeep]
|-sideend|p2: PRLT1 Jurrasicz|move: Tailwind
|upkeep
|turn|10
|
|t:|1783436179
|detailschange|p2b: Floette|Floette-Mega, L50, F
|-mega|p2b: Floette|Floette|Floettite
|-ability|p2b: Floette|Fairy Aura
|move|p2a: Whimsicott|Tailwind|p2a: Whimsicott
|-sidestart|p2: PRLT1 Jurrasicz|move: Tailwind
|move|p1a: Ceruledge|Shadow Sneak|p2b: Floette
|-damage|p2b: Floette|34/100
|move|p2b: Floette|Moonblast|p1b: Ninetales
|-damage|p1b: Ninetales|14/100
|move|p1b: Ninetales|Blizzard|p2a: Whimsicott|[spread] p2a,p2b
|-supereffective|p2a: Whimsicott|1
|-damage|p2a: Whimsicott|0 fnt
|-damage|p2b: Floette|3/100
|faint|p2a: Whimsicott
|
|-weather|Snowscape|[upkeep]
|upkeep
|
|t:|1783436192
|switch|p2a: Basculegion|Basculegion, L50, M|70/100
|turn|11
|
|t:|1783436207
|switch|p1b: Sinistcha|Sinistcha, L50|23/100
|-heal|p1a: Ceruledge|100/100|[from] ability: Hospitality|[of] p1b: Sinistcha
|move|p2b: Floette|Protect|p2b: Floette
|-singleturn|p2b: Floette|Protect
|move|p2a: Basculegion|Aqua Jet|p1b: Sinistcha
|-resisted|p1b: Sinistcha|1
|-damage|p1b: Sinistcha|11/100
|move|p1a: Ceruledge|Shadow Sneak|p2b: Floette
|-activate|p2b: Floette|move: Protect
|
|-weather|Snowscape|[upkeep]
|-end|p1a: Ceruledge|Encore
|upkeep
|turn|12
|
|t:|1783436228
|move|p2b: Floette|Protect|p2b: Floette
|-singleturn|p2b: Floette|Protect
|move|p1b: Sinistcha|Rage Powder|p1b: Sinistcha
|-singleturn|p1b: Sinistcha|move: Rage Powder
|move|p1a: Ceruledge|Shadow Sneak|p2b: Floette
|-activate|p2b: Floette|move: Protect
|move|p2a: Basculegion|Last Respects|p1b: Sinistcha
|-supereffective|p1b: Sinistcha|1
|-damage|p1b: Sinistcha|0 fnt
|faint|p1b: Sinistcha
|
|-weather|Snowscape|[upkeep]
|upkeep
|
|t:|1783436235
|switch|p1b: Ninetales|Ninetales-Alola, L50, F|14/100
|turn|13
|
|t:|1783436246
|move|p2a: Basculegion|Aqua Jet|p1b: Ninetales
|-damage|p1b: Ninetales|0 fnt
|faint|p1b: Ninetales
|move|p1a: Ceruledge|Shadow Sneak|p2b: Floette
|-damage|p2b: Floette|0 fnt
|faint|p2b: Floette
|
|-weather|none
|-sideend|p2: PRLT1 Jurrasicz|move: Tailwind
|upkeep
|
|t:|1783436250
|switch|p1b: Raichu|Raichu, L50, F|100/100
|turn|14
|
|t:|1783436265
|detailschange|p1b: Raichu|Raichu-Mega-Y, L50, F
|-mega|p1b: Raichu|Raichu|Raichunite Y
|move|p1a: Ceruledge|Shadow Sneak|p2a: Basculegion
|-supereffective|p2a: Basculegion|1
|-damage|p2a: Basculegion|14/100
|move|p1b: Raichu|Zap Cannon|p2a: Basculegion
|-supereffective|p2a: Basculegion|1
|-damage|p2a: Basculegion|0 fnt
|faint|p2a: Basculegion
|
|win|Sodamario
|raw|Sodamario's rating: 1420 → 1441(+21 for winning)
|raw|PRLT1 Jurrasicz's rating: 1443 → 1422(-21 for losing)
|l|☆PRLT1 Jurrasicz
|player|p2|
