|j|☆Archanile
|j|☆superboke
|html|Archanilesuperboke    
|uhtml|bestof|Game 1 of a best-of-3
|t:|1757923236
|gametype|doubles
|player|p1|Archanile|hilbert|1091
|player|p2|superboke|steven|1183
|gen|9
|tier|[Gen 9] VGC 2025 Reg H (Bo3)
|rated|
|rule|Species Clause: Limit one of each Pokémon
|rule|Item Clause: Limit 1 of each item
|clearpoke
|poke|p1|Dragonite, L50, M|
|poke|p1|Ursaluna-Bloodmoon, L50, M|
|poke|p1|Gholdengo, L50|
|poke|p1|Maushold-Four, L50|
|poke|p1|Annihilape, L50, M|
|poke|p1|Rillaboom, L50, M|
|poke|p2|Weezing, L50, M|
|poke|p2|Slaking, L50, M|
|poke|p2|Sneasler, L50, F|
|poke|p2|Indeedee, L50, M|
|poke|p2|Dondozo, L50, M|
|poke|p2|Tatsugiri, L50, F|
|teampreview|4
|showteam|p1|Dragonite||LoadedDice|Multiscale|ScaleShot,Tailwind,Haze,Protect|||M|||50|,,,,,Fairy]Ursaluna-Bloodmoon||AssaultVest|MindsEye|BloodMoon,EarthPower,HyperVoice,VacuumWave|||M|||50|,,,,,Water]Gholdengo||ChoiceScarf|GoodasGold|MakeItRain,ShadowBall,Thunderbolt,Trick||||||50|,,,,,Ghost]Maushold-Four||FocusSash|FriendGuard|HelpingHand,FollowMe,BeatUp,Protect||||||50|,,,,,Ghost]Annihilape||SitrusBerry|Defiant|RageFist,DrainPunch,BulkUp,Protect|||M|||50|,,,,,Fire]Rillaboom||MiracleSeed|GrassySurge|WoodHammer,GrassyGlide,HighHorsepower,FakeOut|||M|||50|,,,,,Fire
|showteam|p2|Weezing||CovertCloak|NeutralizingGas|SludgeBomb,Protect,Taunt,PoisonGas|||M|||50|,,,,,Flying]Slaking||ChoiceBand|Truant|DoubleEdge,Earthquake,KnockOff,HighHorsepower|||M|||50|,,,,,Ghost]Sneasler||PsychicSeed|Unburden|CloseCombat,DireClaw,Protect,ThroatChop|||F|||50|,,,,,Dark]Indeedee||FocusSash|PsychicSurge|ExpandingForce,TeraBlast,Protect,HelpingHand|||M|||50|,,,,,Psychic]Dondozo||Leftovers|Unaware|Earthquake,OrderUp,WaveCrash,Protect|||M|||50|,,,,,Grass]Tatsugiri||SafetyGoggles|Commander|MuddyWater,DracoMeteor,Protect,HelpingHand|||F|||50|,,,,,Fairy
|inactive|Battle timer is ON: inactive players will automatically lose when time's up. (requested by Archanile)
|c|☆Archanile|glhf
|inactive|Archanile has 60 seconds left.
|inactive|Archanile has 30 seconds left.
|
|t:|1757923303
|teamsize|p1|4
|teamsize|p2|4
|start
|switch|p1a: Dragonite|Dragonite, L50, M|100/100
|switch|p1b: Ursaluna|Ursaluna-Bloodmoon, L50, M|100/100
|switch|p2a: Weezing|Weezing, L50, M|100/100
|switch|p2b: Slaking|Slaking, L50, M|100/100
|-ability|p2a: Weezing|Neutralizing Gas
|turn|1
|inactive|Archanile has 30 seconds left.
|
|t:|1757923336
|move|p2a: Weezing|Protect|p2a: Weezing
|-singleturn|p2a: Weezing|Protect
|move|p2b: Slaking|Double-Edge|p1a: Dragonite
|-crit|p1a: Dragonite
|-damage|p1a: Dragonite|0 fnt
|faint|p1a: Dragonite
|-damage|p2b: Slaking|76/100|[from] Recoil
|move|p1b: Ursaluna|Blood Moon|p2a: Weezing
|-activate|p2a: Weezing|move: Protect
|
|upkeep
|inactive|Archanile has 30 seconds left.
|
|t:|1757923361
|switch|p1a: Rillaboom|Rillaboom, L50, M|100/100
|turn|2
|inactive|Archanile has 30 seconds left.
|
|t:|1757923392
|switch|p2b: Tatsugiri|Tatsugiri, L50, F|100/100
|-end|p2a: Weezing|ability: Neutralizing Gas
|-fieldstart|move: Grassy Terrain|[from] ability: Grassy Surge|[of] p1a: Rillaboom
|switch|p2a: Dondozo|Dondozo, L50, M|100/100
|-activate|p2b: Tatsugiri|ability: Commander|[of] p2a: Dondozo
|-boost|p2a: Dondozo|atk|2
|-boost|p2a: Dondozo|spa|2
|-boost|p2a: Dondozo|spe|2
|-boost|p2a: Dondozo|def|2
|-boost|p2a: Dondozo|spd|2
|move|p1a: Rillaboom|Fake Out|p2b: Tatsugiri|[miss]
|-miss|p1a: Rillaboom|p2b: Tatsugiri
|move|p1b: Ursaluna|Hyper Voice|p2a: Dondozo|[spread] p2a
|-miss|p1b: Ursaluna|p2b: Tatsugiri
|-damage|p2a: Dondozo|83/100
|
|-heal|p2a: Dondozo|89/100|[from] Grassy Terrain
|-heal|p2a: Dondozo|96/100|[from] item: Leftovers
|upkeep
|turn|3
|inactive|Archanile has 30 seconds left.
|inactive|superboke has 30 seconds left.
|
|t:|1757923422
|switch|p1a: Gholdengo|Gholdengo, L50|100/100
|-terastallize|p2a: Dondozo|Grass
|move|p2a: Dondozo|Wave Crash|p1b: Ursaluna
|-supereffective|p1b: Ursaluna
|-damage|p1b: Ursaluna|0 fnt
|faint|p1b: Ursaluna
|-damage|p2a: Dondozo|65/100|[from] Recoil
|
|-heal|p2a: Dondozo|71/100|[from] Grassy Terrain
|-heal|p2a: Dondozo|77/100|[from] item: Leftovers
|upkeep
|
|t:|1757923427
|switch|p1b: Rillaboom|Rillaboom, L50, M|100/100
|turn|4
|inactive|superboke has 30 seconds left.
|
|t:|1757923454
|move|p2a: Dondozo|Protect|p2a: Dondozo
|-singleturn|p2a: Dondozo|Protect
|move|p1b: Rillaboom|Fake Out|p2a: Dondozo
|-activate|p2a: Dondozo|move: Protect
|move|p1a: Gholdengo|Shadow Ball|p2a: Dondozo
|-activate|p2a: Dondozo|move: Protect
|
|-heal|p2a: Dondozo|83/100|[from] Grassy Terrain
|-heal|p2a: Dondozo|89/100|[from] item: Leftovers
|upkeep
|turn|5
|
|t:|1757923472
|move|p1a: Gholdengo|Shadow Ball|p2a: Dondozo
|-damage|p2a: Dondozo|66/100
|move|p2a: Dondozo|Wave Crash|p1a: Gholdengo
|-damage|p1a: Gholdengo|0 fnt
|faint|p1a: Gholdengo
|-damage|p2a: Dondozo|40/100|[from] Recoil
|move|p1b: Rillaboom|Wood Hammer|p2a: Dondozo
|-resisted|p2a: Dondozo
|-damage|p2a: Dondozo|22/100
|-damage|p1b: Rillaboom|94/100|[from] Recoil
|
|-heal|p2a: Dondozo|28/100|[from] Grassy Terrain
|-heal|p2a: Dondozo|35/100|[from] item: Leftovers
|-heal|p1b: Rillaboom|99/100|[from] Grassy Terrain
|upkeep
|turn|6
|-message|Archanile forfeited.
|
|win|superboke
||Archanile is ready for game 2.
