|j|☆forretress234
|j|☆TPShame
|html|forretress234TPShame    
|uhtml|bestof|Game 2 of a best-of-3
|t:|1785599259
|gametype|doubles
|player|p1|forretress234|1|1019
|player|p2|TPShame|169|1098
|gen|9
|tier|[Gen 9 Champions] VGC 2026 Reg M-B (Bo3)
|rated|
|rule|Species Clause: Limit one of each Pokémon
|rule|Item Clause: Limit 1 of each item
|clearpoke
|poke|p1|Meowstic, L50, M|
|poke|p1|Pidgeot, L50, M|
|poke|p1|Lycanroc, L50, M|
|poke|p1|Araquanid, L50, M|
|poke|p1|Aggron, L50, F|
|poke|p1|Rotom, L50|
|poke|p2|Staraptor, L50, M|
|poke|p2|Milotic, L50, F|
|poke|p2|Tyranitar, L50, M|
|poke|p2|Gholdengo, L50|
|poke|p2|Excadrill, L50, M|
|poke|p2|Sinistcha, L50|
|teampreview|4
|showteam|p1|Meowstic||LightClay|Prankster|LightScreen,Reflect,TrickRoom,FakeOut|Jolly||M|||50|]Pidgeot||Pidgeotite|BigPecks|Hurricane,HeatWave,Protect,QuickAttack|Modest||M|||50|]Lycanroc||FocusSash|Steadfast|Accelerock,CloseCombat,RockSlide,Endeavor|Jolly||M|||50|]Araquanid||SitrusBerry|WaterBubble|Liquidation,LeechLife,WideGuard,StickyWeb|Adamant||M|||50|]Aggron||Aggronite|HeavyMetal|BodyPress,HeavySlam,Protect,IronDefense|Adamant||F|||50|]Rotom||ChoiceScarf|Levitate|Electroweb,Thunderbolt,ShadowBall,VoltSwitch|Timid|||||50|
|showteam|p2|Staraptor||Staraptite|Intimidate|BraveBird,CloseCombat,Tailwind,Protect|Jolly||M|||50|]Milotic||SitrusBerry|Competitive|Scald,IceBeam,IcyWind,Recover|Modest||F|||50|]Tyranitar||Tyranitarite|SandStream|RockSlide,KnockOff,LowKick,Protect|Adamant||M|||50|]Gholdengo||LifeOrb|GoodasGold|ShadowBall,MakeItRain,NastyPlot,Protect|Modest|||||50|]Excadrill||FocusSash|SandRush|HighHorsepower,IronHead,RockSlide,Protect|Adamant||M|||50|]Sinistcha||ColburBerry|Hospitality|MatchaGotcha,RagePowder,TrickRoom,Protect|Bold|||||50|
|
|t:|1785599293
|teamsize|p1|4
|teamsize|p2|4
|start
|switch|p1a: Meowstic|Meowstic, L50, M|100/100
|switch|p1b: Lycanroc|Lycanroc, L50, M|100/100
|switch|p2a: Tyranitar|Tyranitar, L50, M|100/100
|switch|p2b: Excadrill|Excadrill, L50, M|100/100
|-weather|Sandstorm|[from] ability: Sand Stream|[of] p2a: Tyranitar
|turn|1
|
|t:|1785599330
|switch|p2b: Staraptor|Staraptor, L50, M|100/100
|-ability|p2b: Staraptor|Intimidate|boost
|-unboost|p1a: Meowstic|atk|1
|-unboost|p1b: Lycanroc|atk|1
|move|p2a: Tyranitar|Protect|p2a: Tyranitar
|-singleturn|p2a: Tyranitar|Protect
|move|p1a: Meowstic|Fake Out|p2a: Tyranitar
|-activate|p2a: Tyranitar|move: Protect
|move|p1b: Lycanroc|Close Combat|p2a: Tyranitar
|-activate|p2a: Tyranitar|move: Protect
|
|-weather|Sandstorm|[upkeep]
|-damage|p1a: Meowstic|93/100|[from] Sandstorm
|-damage|p2b: Staraptor|93/100|[from] Sandstorm
|upkeep
|turn|2
|inactive|Battle timer is ON: inactive players will automatically lose when time's up. (requested by forretress234)
|inactive|TPShame has 60 seconds left.
|
|t:|1785599382
|switch|p2a: Sinistcha|Sinistcha, L50|100/100
|-heal|p2b: Staraptor|100/100|[from] ability: Hospitality|[of] p2a: Sinistcha
|detailschange|p2b: Staraptor|Staraptor-Mega, L50, M
|-mega|p2b: Staraptor|Staraptor|Staraptite
|move|p1a: Meowstic|Reflect|p1a: Meowstic
|-sidestart|p1: forretress234|Reflect
|move|p1b: Lycanroc|Rock Slide|p2b: Staraptor|[spread] p2a,p2b
|-damage|p2a: Sinistcha|84/100
|-damage|p2b: Staraptor|81/100
|move|p2b: Staraptor|Close Combat|p1b: Lycanroc
|-supereffective|p1b: Lycanroc|1
|-enditem|p1b: Lycanroc|Focus Sash
|-damage|p1b: Lycanroc|1/100
|-boost|p2b: Staraptor|def|1
|-boost|p2b: Staraptor|spd|1
|
|-weather|Sandstorm|[upkeep]
|-damage|p2b: Staraptor|75/100|[from] Sandstorm
|-damage|p1a: Meowstic|87/100|[from] Sandstorm
|-damage|p2a: Sinistcha|78/100|[from] Sandstorm
|upkeep
|turn|3
|inactive|forretress234 has 30 seconds left.
|inactive|TPShame has 30 seconds left.
|
|t:|1785599415
|move|p2b: Staraptor|Protect|p2b: Staraptor
|-singleturn|p2b: Staraptor|Protect
|move|p1a: Meowstic|Light Screen|p1a: Meowstic
|-sidestart|p1: forretress234|move: Light Screen
|move|p1b: Lycanroc|Endeavor|p2b: Staraptor
|-activate|p2b: Staraptor|move: Protect
|move|p2a: Sinistcha|Matcha Gotcha|p1b: Lycanroc|[spread] p1a,p1b
|-supereffective|p1b: Lycanroc|1
|-damage|p1a: Meowstic|67/100
|-heal|p2a: Sinistcha|88/100|[from] drain|[of] p1a: Meowstic
|-damage|p1b: Lycanroc|0 fnt
|-heal|p2a: Sinistcha|88/100|[from] drain|[of] p1b: Lycanroc
|faint|p1b: Lycanroc
|
|-weather|Sandstorm|[upkeep]
|-damage|p2b: Staraptor|69/100|[from] Sandstorm
|-damage|p1a: Meowstic|61/100|[from] Sandstorm
|-damage|p2a: Sinistcha|82/100|[from] Sandstorm
|upkeep
|
|t:|1785599433
|switch|p1b: Aggron|Aggron, L50, F|100/100
|turn|4
|
|t:|1785599446
|detailschange|p1b: Aggron|Aggron-Mega, L50, F
|-mega|p1b: Aggron|Aggron|Aggronite
|move|p2b: Staraptor|Close Combat|p1b: Aggron
|-supereffective|p1b: Aggron|1
|-damage|p1b: Aggron|69/100
|-boost|p2b: Staraptor|def|1
|-boost|p2b: Staraptor|spd|1
|move|p1b: Aggron|Heavy Slam|p2b: Staraptor
|-damage|p2b: Staraptor|38/100
|move|p1a: Meowstic|Trick Room|p1a: Meowstic
|-fieldstart|move: Trick Room|[of] p1a: Meowstic
|move|p2a: Sinistcha|Trick Room|p2a: Sinistcha
|-fieldend|move: Trick Room
|
|-weather|Sandstorm|[upkeep]
|-damage|p2b: Staraptor|32/100|[from] Sandstorm
|-damage|p1a: Meowstic|55/100|[from] Sandstorm
|-damage|p2a: Sinistcha|76/100|[from] Sandstorm
|upkeep
|turn|5
|inactive|TPShame has 30 seconds left.
|inactive|TPShame has 20 seconds left.
|
|t:|1785599485
|switch|p1a: Rotom|Rotom, L50|100/100
|move|p2b: Staraptor|Protect|p2b: Staraptor
|-singleturn|p2b: Staraptor|Protect
|move|p1b: Aggron|Protect|p1b: Aggron
|-singleturn|p1b: Aggron|Protect
|move|p2a: Sinistcha|Trick Room|p2a: Sinistcha
|-fieldstart|move: Trick Room|[of] p2a: Sinistcha
|
|-weather|none
|upkeep
|turn|6
|inactive|forretress234 has 30 seconds left.
|
|t:|1785599518
|move|p2a: Sinistcha|Rage Powder|p2a: Sinistcha
|-singleturn|p2a: Sinistcha|move: Rage Powder
|move|p1b: Aggron|Heavy Slam|p2a: Sinistcha
|-damage|p2a: Sinistcha|24/100
|move|p2b: Staraptor|Close Combat|p1b: Aggron
|-supereffective|p1b: Aggron|1
|-damage|p1b: Aggron|38/100
|-boost|p2b: Staraptor|def|1
|-boost|p2b: Staraptor|spd|1
|move|p1a: Rotom|Thunderbolt|p2a: Sinistcha
|-resisted|p2a: Sinistcha|1
|-damage|p2a: Sinistcha|6/100
|
|upkeep
|turn|7
|
|t:|1785599533
|move|p2b: Staraptor|Protect|p2b: Staraptor
|-singleturn|p2b: Staraptor|Protect
|move|p1b: Aggron|Heavy Slam|p2b: Staraptor
|-activate|p2b: Staraptor|move: Protect
|move|p1a: Rotom|Thunderbolt|p2b: Staraptor
|-activate|p2b: Staraptor|move: Protect
|move|p2a: Sinistcha|Trick Room|p2a: Sinistcha
|-fieldend|move: Trick Room
|
|upkeep
|turn|8
|
|t:|1785599549
|move|p1b: Aggron|Protect|p1b: Aggron
|-singleturn|p1b: Aggron|Protect
|move|p2a: Sinistcha|Rage Powder|p2a: Sinistcha
|-singleturn|p2a: Sinistcha|move: Rage Powder
|move|p1a: Rotom|Thunderbolt|p2a: Sinistcha
|-resisted|p2a: Sinistcha|1
|-damage|p2a: Sinistcha|0 fnt
|faint|p2a: Sinistcha
|move|p2b: Staraptor|Close Combat|p1b: Aggron
|-activate|p1b: Aggron|move: Protect
|
|upkeep
|
|t:|1785599554
|switch|p2a: Tyranitar|Tyranitar, L50, M|100/100
|-weather|Sandstorm|[from] ability: Sand Stream|[of] p2a: Tyranitar
|turn|9
|
|t:|1785599573
|switch|p1a: Meowstic|Meowstic, L50, M|55/100
|switch|p2b: Excadrill|Excadrill, L50, M|100/100
|move|p2a: Tyranitar|Protect|p2a: Tyranitar
|-singleturn|p2a: Tyranitar|Protect
|move|p1b: Aggron|Body Press|p2a: Tyranitar
|-activate|p2a: Tyranitar|move: Protect
|
|-weather|Sandstorm|[upkeep]
|-damage|p1a: Meowstic|49/100|[from] Sandstorm
|-sideend|p1: forretress234|Reflect
|upkeep
|turn|10
|
|t:|1785599593
|switch|p2a: Staraptor|Staraptor-Mega, L50, M|32/100
|move|p1a: Meowstic|Fake Out|p2b: Excadrill
|-resisted|p2b: Excadrill|1
|-damage|p2b: Excadrill|96/100
|cant|p2b: Excadrill|flinch
|move|p1b: Aggron|Body Press|p2a: Staraptor
|-resisted|p2a: Staraptor|1
|-damage|p2a: Staraptor|14/100
|
|-weather|Sandstorm|[upkeep]
|-damage|p2a: Staraptor|8/100|[from] Sandstorm
|-damage|p1a: Meowstic|43/100|[from] Sandstorm
|-sideend|p1: forretress234|move: Light Screen
|upkeep
|turn|11
|
|t:|1785599608
|switch|p1b: Rotom|Rotom, L50|100/100
|move|p1a: Meowstic|Reflect|p1a: Meowstic
|-sidestart|p1: forretress234|Reflect
|move|p2b: Excadrill|High Horsepower|p1a: Meowstic
|-damage|p1a: Meowstic|2/100
|move|p2a: Staraptor|Close Combat|p1b: Rotom
|-immune|p1b: Rotom
|
|-weather|Sandstorm|[upkeep]
|-damage|p1b: Rotom|94/100|[from] Sandstorm
|-damage|p2a: Staraptor|2/100|[from] Sandstorm
|-damage|p1a: Meowstic|0 fnt|[from] Sandstorm
|faint|p1a: Meowstic
|upkeep
|
|t:|1785599618
|switch|p1a: Aggron|Aggron-Mega, L50, F|38/100
|turn|12
|
|t:|1785599634
|move|p2b: Excadrill|Protect|p2b: Excadrill
|-singleturn|p2b: Excadrill|Protect
|move|p1a: Aggron|Protect|p1a: Aggron
|-singleturn|p1a: Aggron|Protect
|move|p1b: Rotom|Shadow Ball|p2b: Excadrill
|-activate|p2b: Excadrill|move: Protect
|move|p2a: Staraptor|Close Combat|p1a: Aggron
|-activate|p1a: Aggron|move: Protect
|
|-weather|Sandstorm|[upkeep]
|-damage|p1b: Rotom|88/100|[from] Sandstorm
|-damage|p2a: Staraptor|0 fnt|[from] Sandstorm
|faint|p2a: Staraptor
|upkeep
|
|t:|1785599638
|switch|p2a: Tyranitar|Tyranitar, L50, M|100/100
|turn|13
|
|t:|1785599650
|move|p2b: Excadrill|High Horsepower|p1a: Aggron
|-supereffective|p1a: Aggron|1
|-damage|p1a: Aggron|7/100
|move|p1b: Rotom|Shadow Ball|p2b: Excadrill
|-damage|p2b: Excadrill|51/100
|move|p2a: Tyranitar|Low Kick|p1a: Aggron
|-supereffective|p1a: Aggron|1
|-damage|p1a: Aggron|0 fnt
|faint|p1a: Aggron
|
|-weather|none
|upkeep
|turn|14
|
|t:|1785599661
|move|p1b: Rotom|Shadow Ball|p2b: Excadrill
|-damage|p2b: Excadrill|4/100
|move|p2b: Excadrill|Iron Head|p1b: Rotom
|-resisted|p1b: Rotom|1
|-damage|p1b: Rotom|61/100
|move|p2a: Tyranitar|Knock Off|p1b: Rotom
|-supereffective|p1b: Rotom|1
|-damage|p1b: Rotom|0 fnt
|-enditem|p1b: Rotom|Choice Scarf|[from] move: Knock Off|[of] p2a: Tyranitar
|faint|p1b: Rotom
|
|win|TPShame
|raw|forretress234's rating: 1019 → 1009(-10 for losing)
|raw|TPShame's rating: 1098 → 1118(+20 for winning)
