|j|☆bobsparents
|j|☆MajinFlavio
|html|bobsparentsMajinFlavio    
|uhtml|bestof|Game 1 of a best-of-3
|t:|1784332902
|gametype|doubles
|player|p1|bobsparents|cynthia|1153
|player|p2|MajinFlavio|palmer|1192
|gen|9
|tier|[Gen 9 Champions] VGC 2026 Reg M-B (Bo3)
|rated|
|rule|Species Clause: Limit one of each Pokémon
|rule|Item Clause: Limit 1 of each item
|clearpoke
|poke|p1|Kangaskhan, L50, F|
|poke|p1|Farigiraf, L50, M|
|poke|p1|Chandelure, L50, F|
|poke|p1|Avalugg-Hisui, L50, M|
|poke|p1|Decidueye-Hisui, L50, M|
|poke|p1|Kingambit, L50, F|
|poke|p2|Annihilape, L50, F|
|poke|p2|Grimmsnarl, L50, M|
|poke|p2|Ceruledge, L50, F|
|poke|p2|Mawile, L50, F|
|poke|p2|Farigiraf, L50, F|
|poke|p2|Sinistcha, L50|
|teampreview|4
|showteam|p1|Kangaskhan||Kangaskhanite|Scrappy|DoubleEdge,HammerArm,IcePunch,FakeOut|Brave||F|||50|]Farigiraf||SitrusBerry|ArmorTail|PsychicNoise,Thunderbolt,TrickRoom,Protect|Quiet||M|||50|]Chandelure||FocusSash|FlashFire|HeatWave,ShadowBall,TrickRoom,Protect|Quiet||F|||50|]Avalugg-Hisui||WideLens|Sturdy|RockSlide,MountainGale,BodyPress,WideGuard|Brave||M|||50|]Decidueye-Hisui||LifeOrb|Scrappy|CloseCombat,LeafBlade,BraveBird,Protect|Brave||M|||50|]Kingambit||BlackGlasses|Defiant|KowtowCleave,IronHead,SuckerPunch,SwordsDance|Brave||F|||50|
|showteam|p2|Annihilape||Leftovers|Defiant|DrainPunch,RageFist,BulkUp,Protect|Adamant||F|||50|]Grimmsnarl||LightClay|Prankster|FakeOut,PartingShot,LightScreen,Reflect|Impish||M|||50|]Ceruledge||ColburBerry|FlashFire|BitterBlade,ShadowSneak,BulkUp,Protect|Adamant||F|||50|]Mawile||Mawilite|HyperCutter|PlayRough,SuckerPunch,SwordsDance,Protect|Brave||F|||50|]Farigiraf||SitrusBerry|ArmorTail|TwinBeam,Thunderbolt,HelpingHand,TrickRoom|Bold||F|||50|]Sinistcha||KasibBerry|Hospitality|MatchaGotcha,RagePowder,LifeDew,Protect|Bold|||||50|
|
|t:|1784332962
|teamsize|p1|4
|teamsize|p2|4
|start
|switch|p1a: Kangaskhan|Kangaskhan, L50, F|100/100
|switch|p1b: Farigiraf|Farigiraf, L50, M|100/100
|switch|p2a: Grimmsnarl|Grimmsnarl, L50, M|100/100
|switch|p2b: Annihilape|Annihilape, L50, F|100/100
|turn|1
|
|t:|1784332992
|move|p1a: Kangaskhan|Fake Out|p2b: Annihilape
|-damage|p2b: Annihilape|82/100
|move|p2a: Grimmsnarl|Reflect|p2a: Grimmsnarl
|-sidestart|p2: MajinFlavio|Reflect
|cant|p2b: Annihilape|flinch
|move|p1b: Farigiraf|Trick Room|p1b: Farigiraf
|-fieldstart|move: Trick Room|[of] p1b: Farigiraf
|
|-heal|p2b: Annihilape|88/100|[from] item: Leftovers
|upkeep
|turn|2
|
|t:|1784333013
|move|p2b: Annihilape|Protect|p2b: Annihilape
|-singleturn|p2b: Annihilape|Protect
|move|p2a: Grimmsnarl|Light Screen|p2a: Grimmsnarl
|-sidestart|p2: MajinFlavio|move: Light Screen
|move|p1b: Farigiraf|Psychic Noise|p2b: Annihilape
|-activate|p2b: Annihilape|move: Protect
|move|p1a: Kangaskhan|Double-Edge|p2b: Annihilape
|-activate|p2b: Annihilape|move: Protect
|
|-heal|p2b: Annihilape|94/100|[from] item: Leftovers
|upkeep
|turn|3
|
|t:|1784333035
|switch|p2a: Mawile|Mawile, L50, F|100/100
|switch|p2b: Ceruledge|Ceruledge, L50, F|100/100
|move|p1b: Farigiraf|Psychic Noise|p2b: Ceruledge
|-damage|p2b: Ceruledge|79/100
|-start|p2b: Ceruledge|move: Heal Block
|move|p1a: Kangaskhan|Double-Edge|p2b: Ceruledge
|-damage|p2b: Ceruledge|38/100
|-damage|p1a: Kangaskhan|88/100|[from] Recoil
|
|upkeep
|turn|4
|
|t:|1784333068
|switch|p1a: Chandelure|Chandelure, L50, F|100/100
|detailschange|p2a: Mawile|Mawile-Mega, L50, F
|-mega|p2a: Mawile|Mawile|Mawilite
|move|p2a: Mawile|Swords Dance|p2a: Mawile
|-boost|p2a: Mawile|atk|2
|move|p1b: Farigiraf|Psychic Noise|p2b: Ceruledge
|-damage|p2b: Ceruledge|17/100
|move|p2b: Ceruledge|Bulk Up|p2b: Ceruledge
|-boost|p2b: Ceruledge|atk|1
|-boost|p2b: Ceruledge|def|1
|
|-end|p2b: Ceruledge|move: Heal Block
|upkeep
|turn|5
|
|t:|1784333096
|move|p2b: Ceruledge|Protect|p2b: Ceruledge
|-singleturn|p2b: Ceruledge|Protect
|move|p2a: Mawile|Play Rough|p1a: Chandelure
|-resisted|p1a: Chandelure|1
|-damage|p1a: Chandelure|11/100
|move|p1b: Farigiraf|Psychic Noise|p2b: Ceruledge
|-activate|p2b: Ceruledge|move: Protect
|move|p1a: Chandelure|Heat Wave|p2a: Mawile|[spread] p2a
|-activate|p2b: Ceruledge|move: Protect
|-supereffective|p2a: Mawile|1
|-damage|p2a: Mawile|38/100
|
|-fieldend|move: Trick Room
|upkeep
|turn|6
|
|t:|1784333122
|move|p2b: Ceruledge|Bitter Blade|p1b: Farigiraf
|-damage|p1b: Farigiraf|32/100
|-heal|p2b: Ceruledge|58/100|[from] drain|[of] p1b: Farigiraf
|-enditem|p1b: Farigiraf|Sitrus Berry|[eat]
|-heal|p1b: Farigiraf|57/100|[from] item: Sitrus Berry
|move|p1a: Chandelure|Heat Wave|p2a: Mawile|[spread] p2a
|-start|p2b: Ceruledge|ability: Flash Fire
|-supereffective|p2a: Mawile|1
|-damage|p2a: Mawile|0 fnt
|faint|p2a: Mawile
|move|p1b: Farigiraf|Psychic Noise|p2b: Ceruledge
|-damage|p2b: Ceruledge|38/100
|-start|p2b: Ceruledge|move: Heal Block
|
|upkeep
|
|t:|1784333143
|switch|p2a: Annihilape|Annihilape, L50, F|94/100
|turn|7
|
|t:|1784333165
|move|p1b: Farigiraf|Protect|p1b: Farigiraf
|-singleturn|p1b: Farigiraf|Protect
|move|p2a: Annihilape|Rage Fist|p1a: Chandelure
|-supereffective|p1a: Chandelure|1
|-damage|p1a: Chandelure|0 fnt
|faint|p1a: Chandelure
|move|p2b: Ceruledge|Bulk Up|p2b: Ceruledge
|-boost|p2b: Ceruledge|atk|1
|-boost|p2b: Ceruledge|def|1
|
|-heal|p2a: Annihilape|100/100|[from] item: Leftovers
|-end|p2b: Ceruledge|move: Heal Block
|upkeep
|
|t:|1784333180
|switch|p1a: Kangaskhan|Kangaskhan, L50, F|88/100
|turn|8
|
|t:|1784333200
|move|p1a: Kangaskhan|Fake Out|p2b: Ceruledge
|-damage|p2b: Ceruledge|32/100
|move|p2a: Annihilape|Drain Punch|p1b: Farigiraf
|-damage|p1b: Farigiraf|24/100
|cant|p2b: Ceruledge|flinch
|move|p1b: Farigiraf|Trick Room|p1b: Farigiraf
|-fieldstart|move: Trick Room|[of] p1b: Farigiraf
|
|-sideend|p2: MajinFlavio|Reflect
|upkeep
|turn|9
|
|t:|1784333237
|move|p1b: Farigiraf|Protect|p1b: Farigiraf
|-singleturn|p1b: Farigiraf|Protect
|move|p1a: Kangaskhan|Double-Edge|p2b: Ceruledge
|-damage|p2b: Ceruledge|4/100
|-damage|p1a: Kangaskhan|80/100|[from] Recoil
|move|p2b: Ceruledge|Bitter Blade|p1b: Farigiraf
|-activate|p1b: Farigiraf|move: Protect
|move|p2a: Annihilape|Drain Punch|p1b: Farigiraf
|-activate|p1b: Farigiraf|move: Protect
|
|-sideend|p2: MajinFlavio|move: Light Screen
|upkeep
|turn|10
|
|t:|1784333271
|-end|p2b: Ceruledge|ability: Flash Fire|[silent]
|switch|p2b: Grimmsnarl|Grimmsnarl, L50, M|100/100
|move|p2a: Annihilape|Protect|p2a: Annihilape
|-singleturn|p2a: Annihilape|Protect
|move|p1b: Farigiraf|Psychic Noise|p2a: Annihilape
|-activate|p2a: Annihilape|move: Protect
|move|p1a: Kangaskhan|Double-Edge|p2b: Grimmsnarl
|-damage|p2b: Grimmsnarl|47/100
|-damage|p1a: Kangaskhan|64/100|[from] Recoil
|
|upkeep
|turn|11
|
|t:|1784333290
|switch|p2a: Ceruledge|Ceruledge, L50, F|4/100
|move|p2b: Grimmsnarl|Reflect|p2b: Grimmsnarl
|-sidestart|p2: MajinFlavio|Reflect
|move|p1b: Farigiraf|Psychic Noise|p2a: Ceruledge
|-damage|p2a: Ceruledge|0 fnt
|faint|p2a: Ceruledge
|move|p1a: Kangaskhan|Double-Edge|p2b: Grimmsnarl
|-damage|p2b: Grimmsnarl|12/100
|-damage|p1a: Kangaskhan|53/100|[from] Recoil
|
|upkeep
|
|t:|1784333301
|switch|p2a: Annihilape|Annihilape, L50, F|100/100
|turn|12
|
|t:|1784333309
|move|p2a: Annihilape|Protect|p2a: Annihilape
|-singleturn|p2a: Annihilape|Protect
|move|p2b: Grimmsnarl|Light Screen|p2b: Grimmsnarl
|-sidestart|p2: MajinFlavio|move: Light Screen
|move|p1b: Farigiraf|Psychic Noise|p2a: Annihilape
|-activate|p2a: Annihilape|move: Protect
|move|p1a: Kangaskhan|Double-Edge|p2b: Grimmsnarl
|-damage|p2b: Grimmsnarl|0 fnt
|faint|p2b: Grimmsnarl
|-damage|p1a: Kangaskhan|49/100|[from] Recoil
|
|-fieldend|move: Trick Room
|upkeep
|turn|13
|
|t:|1784333329
|move|p2a: Annihilape|Bulk Up|p2a: Annihilape
|-boost|p2a: Annihilape|atk|1
|-boost|p2a: Annihilape|def|1
|move|p1a: Kangaskhan|Double-Edge|p2a: Annihilape
|-damage|p2a: Annihilape|77/100
|-damage|p1a: Kangaskhan|41/100|[from] Recoil
|move|p1b: Farigiraf|Psychic Noise|p2a: Annihilape
|-supereffective|p2a: Annihilape|1
|-damage|p2a: Annihilape|40/100
|-start|p2a: Annihilape|move: Heal Block
|
|upkeep
|turn|14
|-message|MajinFlavio forfeited.
|
|win|bobsparents
