|j|☆breloomb01
|j|☆Gayangos
|html|breloomb01Gayangos    
|uhtml|bestof|Game 2 of a best-of-3
|t:|1784041006
|gametype|doubles
|player|p1|breloomb01|roughneck|1256
|player|p2|Gayangos|170|1302
|gen|9
|tier|[Gen 9 Champions] VGC 2026 Reg M-B (Bo3)
|rated|
|rule|Species Clause: Limit one of each Pokémon
|rule|Item Clause: Limit 1 of each item
|clearpoke
|poke|p1|Gengar, L50, F, shiny|
|poke|p1|Swampert, L50, F, shiny|
|poke|p1|Incineroar, L50, F, shiny|
|poke|p1|Politoed, L50, M, shiny|
|poke|p1|Archaludon, L50, F, shiny|
|poke|p1|Vivillon-Polar, L50, F|
|poke|p2|Froslass, L50, F|
|poke|p2|Incineroar, L50, M|
|poke|p2|Basculegion, L50, M|
|poke|p2|Kingambit, L50, F|
|poke|p2|Sneasler, L50, M|
|poke|p2|Kleavor, L50, M|
|teampreview|4
|showteam|p1|Gengar||Gengarite|CursedBody|ShadowBall,PerishSong,SludgeBomb,Protect|Timid||F|||50|]Swampert||Swampertite|Torrent|WaveCrash,Earthquake,IcePunch,Protect|Adamant||F|||50|]Incineroar||PasshoBerry|Intimidate|ThroatChop,PartingShot,FakeOut,Protect|Sassy||F|||50|]Politoed||SitrusBerry|Drizzle|WeatherBall,PerishSong,Encore,Protect|Calm||M|||50|]Archaludon||Leftovers|Stamina|DragonPulse,FlashCannon,ElectroShot,Protect|Bold||F|||50|]Vivillon-Polar||FocusSash|CompoundEyes|Hurricane,SleepPowder,RagePowder,Protect|Timid||F|||50|
|showteam|p2|Froslass||Froslassite|CursedBody|Blizzard,ShadowBall,AuroraVeil,Protect|Modest||F|||50|]Incineroar||SitrusBerry|Intimidate|FlareBlitz,ThroatChop,FakeOut,PartingShot|Impish||M|||50|]Basculegion||LifeOrb|Adaptability|WaveCrash,LastRespects,AquaJet,Protect|Jolly||M|||50|]Kingambit||BlackGlasses|Defiant|KowtowCleave,SuckerPunch,IronHead,Protect|Adamant||F|||50|]Sneasler||FocusSash|PoisonTouch|FakeOut,DireClaw,CloseCombat,RockSlide|Jolly||M|||50|]Kleavor||ChoiceScarf|Sharpness|StoneAxe,XScissor,CloseCombat,Uturn|Jolly||M|||50|
|
|t:|1784041012
|teamsize|p1|4
|teamsize|p2|4
|start
|switch|p1a: Swampert|Swampert, L50, F, shiny|100/100
|switch|p1b: Vivillon|Vivillon-Polar, L50, F|100/100
|switch|p2a: Incineroar|Incineroar, L50, M|100/100
|switch|p2b: Froslass|Froslass, L50, F|100/100
|-ability|p2a: Incineroar|Intimidate|boost
|-unboost|p1a: Swampert|atk|1
|-unboost|p1b: Vivillon|atk|1
|turn|1
|inactive|Battle timer is ON: inactive players will automatically lose when time's up. (requested by Gayangos)
|
|t:|1784041023
|detailschange|p1a: Swampert|Swampert-Mega, L50, F, shiny
|-mega|p1a: Swampert|Swampert|Swampertite
|move|p1b: Vivillon|Protect|p1b: Vivillon
|-singleturn|p1b: Vivillon|Protect
|move|p1a: Swampert|Protect|p1a: Swampert
|-singleturn|p1a: Swampert|Protect
|move|p2a: Incineroar|Fake Out|p1b: Vivillon
|-activate|p1b: Vivillon|move: Protect
|move|p2b: Froslass|Blizzard|p1b: Vivillon|[spread] 
|-activate|p1a: Swampert|move: Protect
|-activate|p1b: Vivillon|move: Protect
|
|upkeep
|turn|2
|
|t:|1784041034
|move|p2b: Froslass|Protect|p2b: Froslass
|-singleturn|p2b: Froslass|Protect
|move|p1b: Vivillon|Sleep Powder|p2a: Incineroar
|-status|p2a: Incineroar|slp|[from] move: Sleep Powder
|move|p1a: Swampert|Earthquake|p2a: Incineroar|[spread] p2a
|-activate|p2b: Froslass|move: Protect
|-immune|p1b: Vivillon
|-supereffective|p2a: Incineroar|1
|-damage|p2a: Incineroar|55/100 slp
|cant|p2a: Incineroar|slp
|
|upkeep
|turn|3
|
|t:|1784041051
|detailschange|p2b: Froslass|Froslass-Mega, L50, F
|-mega|p2b: Froslass|Froslass|Froslassite
|-weather|Snowscape|[from] ability: Snow Warning|[of] p2b: Froslass
|move|p2b: Froslass|Aurora Veil|p2b: Froslass
|-sidestart|p2: Gayangos|move: Aurora Veil
|move|p1b: Vivillon|Sleep Powder|p2b: Froslass
|-status|p2b: Froslass|slp|[from] move: Sleep Powder
|move|p1a: Swampert|Earthquake|p2b: Froslass|[spread] p2a,p2b
|-immune|p1b: Vivillon
|-supereffective|p2a: Incineroar|1
|-damage|p2a: Incineroar|25/100 slp
|-damage|p2b: Froslass|81/100 slp
|-enditem|p2a: Incineroar|Sitrus Berry|[eat]
|-heal|p2a: Incineroar|50/100g slp|[from] item: Sitrus Berry
|cant|p2a: Incineroar|slp
|
|-weather|Snowscape|[upkeep]
|upkeep
|turn|4
|
|t:|1784041067
|switch|p1b: Politoed|Politoed, L50, M, shiny|100/100
|-weather|RainDance|[from] ability: Drizzle|[of] p1b: Politoed
|move|p1a: Swampert|Wave Crash|p2b: Froslass
|-damage|p2b: Froslass|16/100 slp
|-damage|p1a: Swampert|79/100|[from] Recoil
|cant|p2b: Froslass|slp
|-curestatus|p2a: Incineroar|slp|[msg]
|move|p2a: Incineroar|Parting Shot|p1a: Swampert
|-unboost|p1a: Swampert|atk|1
|-unboost|p1a: Swampert|spa|1
|
|t:|1784041079
|switch|p2a: Sneasler|Sneasler, L50, M|100/100|[from] Parting Shot
|
|-weather|RainDance|[upkeep]
|upkeep
|turn|5
|
|t:|1784041096
|switch|p1b: Vivillon|Vivillon-Polar, L50, F|100/100
|move|p1a: Swampert|Earthquake|p2a: Sneasler|[spread] p2a,p2b
|-immune|p1b: Vivillon
|-supereffective|p2a: Sneasler|1
|-damage|p2a: Sneasler|48/100
|-damage|p2b: Froslass|0 fnt
|faint|p2b: Froslass
|move|p2a: Sneasler|Close Combat|p1a: Swampert
|-damage|p1a: Swampert|22/100
|-unboost|p2a: Sneasler|def|1
|-unboost|p2a: Sneasler|spd|1
|
|-weather|RainDance|[upkeep]
|upkeep
|
|t:|1784041104
|switch|p2b: Incineroar|Incineroar, L50, M|50/100g
|-ability|p2b: Incineroar|Intimidate|boost
|-unboost|p1a: Swampert|atk|1
|-unboost|p1b: Vivillon|atk|1
|turn|6
|
|t:|1784041112
|move|p2b: Incineroar|Fake Out|p1b: Vivillon
|-damage|p1b: Vivillon|80/100
|move|p1a: Swampert|Earthquake|p2a: Sneasler|[spread] p2a,p2b
|-immune|p1b: Vivillon
|-supereffective|p2a: Sneasler|1
|-supereffective|p2b: Incineroar|1
|-damage|p2a: Sneasler|0 fnt
|-damage|p2b: Incineroar|32/100
|faint|p2a: Sneasler
|cant|p1b: Vivillon|flinch
|
|-weather|RainDance|[upkeep]
|upkeep
|-message|Gayangos forfeited.
|
|win|breloomb01
||Gayangos is ready for game 3.
||breloomb01 is ready for game 3.
|uhtml|next|Next: Game 3 of 3
|l|☆breloomb01
|player|p1|
