|j|☆lapec
|j|☆the yegorushhka
|html|lapecthe yegorushhka    
|uhtml|bestof|Game 2 of a best-of-3
|t:|1785352784
|gametype|doubles
|player|p1|lapec|1|1217
|player|p2|the yegorushhka|169|1296
|gen|9
|tier|[Gen 9 Champions] VGC 2026 Reg M-B (Bo3)
|rated|
|rule|Species Clause: Limit one of each Pokémon
|rule|Item Clause: Limit 1 of each item
|clearpoke
|poke|p1|Annihilape, L50, M|
|poke|p1|Charizard, L50, F|
|poke|p1|Venusaur, L50, M|
|poke|p1|Toxapex, L50, F|
|poke|p1|Incineroar, L50, M|
|poke|p1|Garchomp, L50, M|
|poke|p2|Dragonite, L50, F|
|poke|p2|Floette-Eternal, L50, F|
|poke|p2|Garchomp, L50, F|
|poke|p2|Incineroar, L50, M|
|poke|p2|Tinkaton, L50, F|
|poke|p2|Sinistcha, L50|
|teampreview|4
|showteam|p1|Annihilape||FocusSash|Defiant|CloseCombat,PhantomForce,RockTomb,Protect|Jolly||M|||50|]Charizard||CharizarditeY|Blaze|HeatWave,WeatherBall,SolarBeam,Protect|Modest||F|||50|]Venusaur||LifeOrb|Chlorophyll|LeafStorm,SludgeBomb,EarthPower,Protect|Modest||M|||50|]Toxapex||Leftovers|Regenerator|Infestation,Toxic,WideGuard,BanefulBunker|Impish||F|||50|]Incineroar||SitrusBerry|Intimidate|PartingShot,FlareBlitz,ThroatChop,FakeOut|Impish||M|||50|]Garchomp||ChoiceScarf|RoughSkin|Earthquake,StompingTantrum,RockSlide,DragonClaw|Adamant||M|||50|
|showteam|p2|Dragonite||Dragoninite|InnerFocus|DragonPulse,HeatWave,Thunderbolt,Protect|Modest||F|||50|]Floette-Eternal||Floettite|FlowerVeil|DrainingKiss,DazzlingGleam,CalmMind,Protect|Modest||F|||50|]Garchomp||LifeOrb|RoughSkin|Earthquake,DragonClaw,StoneEdge,Protect|Jolly||F|||50|]Incineroar||Charcoal|Intimidate|FakeOut,PartingShot,DarkestLariat,FlareBlitz|Adamant||M|||50|]Tinkaton||OccaBerry|MoldBreaker|GigatonHammer,RockTomb,FakeOut,Protect|Adamant||F|||50|]Sinistcha||SitrusBerry|Hospitality|MatchaGotcha,RagePowder,TrickRoom,Protect|Bold|||||50|
|inactive|Battle timer is ON: inactive players will automatically lose when time's up. (requested by the yegorushhka)
|inactive|the yegorushhka has 60 seconds left.
|
|t:|1785352841
|teamsize|p1|4
|teamsize|p2|4
|start
|switch|p1a: Charizard|Charizard, L50, F|100/100
|switch|p1b: Venusaur|Venusaur, L50, M|100/100
|switch|p2a: Dragonite|Dragonite, L50, F|100/100
|switch|p2b: Garchomp|Garchomp, L50, F|100/100
|turn|1
|inactive|lapec has 30 seconds left.
|
|t:|1785352867
|detailschange|p1a: Charizard|Charizard-Mega-Y, L50, F
|-mega|p1a: Charizard|Charizard|Charizardite Y
|-weather|SunnyDay|[from] ability: Drought|[of] p1a: Charizard
|detailschange|p2a: Dragonite|Dragonite-Mega, L50, F
|-mega|p2a: Dragonite|Dragonite|Dragoninite
|move|p1a: Charizard|Protect|p1a: Charizard
|-singleturn|p1a: Charizard|Protect
|move|p1b: Venusaur|Sludge Bomb|p2a: Dragonite
|-crit|p2a: Dragonite
|-damage|p2a: Dragonite|65/100
|-damage|p1b: Venusaur|90/100|[from] item: Life Orb
|move|p2b: Garchomp|Stone Edge|p1a: Charizard
|-activate|p1a: Charizard|move: Protect
|move|p2a: Dragonite|Heat Wave|p1b: Venusaur|[spread] p1b
|-activate|p1a: Charizard|move: Protect
|-supereffective|p1b: Venusaur|1
|-damage|p1b: Venusaur|0 fnt
|faint|p1b: Venusaur
|
|-weather|SunnyDay|[upkeep]
|upkeep
|
|t:|1785352884
|switch|p1b: Garchomp|Garchomp, L50, M|100/100
|turn|2
|
|t:|1785352890
|switch|p1a: Incineroar|Incineroar, L50, M|100/100
|-ability|p1a: Incineroar|Intimidate|boost
|-unboost|p2a: Dragonite|atk|1
|-unboost|p2b: Garchomp|atk|1
|move|p1b: Garchomp|Dragon Claw|p2a: Dragonite
|-supereffective|p2a: Dragonite|1
|-damage|p2a: Dragonite|0 fnt
|faint|p2a: Dragonite
|move|p2b: Garchomp|Stone Edge|p1a: Incineroar
|-supereffective|p1a: Incineroar|1
|-damage|p1a: Incineroar|52/100
|-damage|p2b: Garchomp|90/100|[from] item: Life Orb
|
|-weather|SunnyDay|[upkeep]
|upkeep
|
|t:|1785352907
|switch|p2a: Incineroar|Incineroar, L50, M|100/100
|-ability|p2a: Incineroar|Intimidate|boost
|-unboost|p1a: Incineroar|atk|1
|-unboost|p1b: Garchomp|atk|1
|turn|3
|
|t:|1785352918
|move|p2a: Incineroar|Fake Out|p1a: Incineroar
|-damage|p1a: Incineroar|42/100
|-enditem|p1a: Incineroar|Sitrus Berry|[eat]
|-heal|p1a: Incineroar|67/100|[from] item: Sitrus Berry
|cant|p1a: Incineroar|flinch
|move|p1b: Garchomp|Dragon Claw|p2b: Garchomp
|-supereffective|p2b: Garchomp|1
|-damage|p2b: Garchomp|30/100
|-damage|p1b: Garchomp|87/100|[from] ability: Rough Skin|[of] p2b: Garchomp
|move|p2b: Garchomp|Dragon Claw|p1b: Garchomp
|-supereffective|p1b: Garchomp|1
|-damage|p1b: Garchomp|14/100
|-damage|p2b: Garchomp|18/100|[from] ability: Rough Skin|[of] p1b: Garchomp
|-damage|p2b: Garchomp|8/100|[from] item: Life Orb
|
|-weather|SunnyDay|[upkeep]
|upkeep
|turn|4
|inactive|lapec has 30 seconds left.
|
|t:|1785352946
|switch|p2b: Sinistcha|Sinistcha, L50|100/100
|move|p1b: Garchomp|Dragon Claw|p2b: Sinistcha
|-crit|p2b: Sinistcha
|-damage|p2b: Sinistcha|50/100g
|move|p2a: Incineroar|Flare Blitz|p1a: Incineroar
|-resisted|p1a: Incineroar|1
|-damage|p1a: Incineroar|27/100
|-damage|p2a: Incineroar|86/100|[from] Recoil
|move|p1a: Incineroar|Parting Shot|p2a: Incineroar
|-unboost|p2a: Incineroar|atk|1
|-unboost|p2a: Incineroar|spa|1
|
|t:|1785352956
|switch|p1a: Charizard|Charizard-Mega-Y, L50, F|100/100|[from] Parting Shot
|
|-weather|SunnyDay|[upkeep]
|upkeep
|turn|5
|
|t:|1785352970
|switch|p1b: Incineroar|Incineroar, L50, M|27/100
|-ability|p1b: Incineroar|Intimidate|boost
|-unboost|p2a: Incineroar|atk|1
|-unboost|p2b: Sinistcha|atk|1
|move|p2b: Sinistcha|Protect|p2b: Sinistcha
|-singleturn|p2b: Sinistcha|Protect
|move|p1a: Charizard|Heat Wave|p2a: Incineroar|[spread] p2a
|-activate|p2b: Sinistcha|move: Protect
|-resisted|p2a: Incineroar|1
|-damage|p2a: Incineroar|55/100
|move|p2a: Incineroar|Flare Blitz|p1b: Incineroar
|-resisted|p1b: Incineroar|1
|-damage|p1b: Incineroar|6/100
|-damage|p2a: Incineroar|48/100|[from] Recoil
|
|-weather|none
|upkeep
|turn|6
|inactive|the yegorushhka has 30 seconds left.
|c|☆the yegorushhka|the crit is acc tragic
|inactive|the yegorushhka has 20 seconds left.
|inactive|the yegorushhka has 15 seconds left.
|c|☆the yegorushhka|at least proc my sitrus
|inactive|the yegorushhka has 10 seconds left.
|inactive|the yegorushhka has 5 seconds left.
|
|t:|1785353025
|move|p1a: Charizard|Heat Wave|p2b: Sinistcha|[spread] p2a,p2b
|-resisted|p2a: Incineroar|1
|-supereffective|p2b: Sinistcha|1
|-crit|p2b: Sinistcha
|-damage|p2a: Incineroar|28/100
|-damage|p2b: Sinistcha|0 fnt
|faint|p2b: Sinistcha
|move|p2a: Incineroar|Parting Shot|p1a: Charizard
|-unboost|p1a: Charizard|atk|1
|-unboost|p1a: Charizard|spa|1
|
|t:|1785353033
|switch|p2a: Garchomp|Garchomp, L50, F|8/100|[from] Parting Shot
|move|p1b: Incineroar|Throat Chop|p2a: Garchomp
|-damage|p2a: Garchomp|0 fnt
|-damage|p1b: Incineroar|0 fnt|[from] ability: Rough Skin|[of] p2a: Garchomp
|faint|p2a: Garchomp
|faint|p1b: Incineroar
|
|upkeep
|-message|the yegorushhka forfeited.
|
|win|lapec
|raw|lapec's rating: 1217 → 1248(+31 for winning)
|raw|the yegorushhka's rating: 1296 → 1265(-31 for losing)
|l|☆the yegorushhka
|player|p2|
|l|☆lapec
|player|p1|
|j| tedidn
