|j|☆1#miraidonhater
|j|☆itangood5
|html|1#miraidonhateritangood5    
|uhtml|bestof|Game 3 of a best-of-3
|t:|1783325453
|gametype|doubles
|player|p1|1#miraidonhater|102|1090
|player|p2|itangood5|nate|1110
|gen|9
|tier|[Gen 9 Champions] VGC 2026 Reg M-B (Bo3)
|rated|
|rule|Species Clause: Limit one of each Pokémon
|rule|Item Clause: Limit 1 of each item
|clearpoke
|poke|p1|Tyranitar, L50, M|
|poke|p1|Excadrill, L50, F|
|poke|p1|Delphox, L50, M|
|poke|p1|Venusaur, L50, M|
|poke|p1|Rotom-Wash, L50|
|poke|p1|Talonflame, L50, M|
|poke|p2|Charizard, L50, M, shiny|
|poke|p2|Venusaur, L50, M|
|poke|p2|Floette-Eternal, L50, F|
|poke|p2|Farigiraf, L50, F|
|poke|p2|Incineroar, L50, M, shiny|
|poke|p2|Azumarill, L50, M|
|teampreview|4
|showteam|p1|Tyranitar||ChoiceScarf|SandStream|RockSlide,IcePunch,KnockOff,LowKick|Jolly||M|||50|]Excadrill||FocusSash|SandRush|Earthquake,IronHead,RockSlide,Protect|Adamant||F|||50|]Delphox||Delphoxite|Blaze|HeatWave,Protect,NastyPlot,Psyshock|Timid||M|||50|]Venusaur||Venusaurite|Chlorophyll|GigaDrain,SludgeBomb,EarthPower,Protect|Modest||M|||50|]Rotom-Wash||Magnet|Levitate|HydroPump,Thunderbolt,VoltSwitch,Protect|Modest|||||50|]Talonflame|||GaleWings|Tailwind,FlareBlitz,Acrobatics,Protect|Jolly||M|||50|
|showteam|p2|Charizard||CharizarditeY|SolarPower|HeatWave,Protect,WeatherBall,SolarBeam|Modest||M|||50|]Venusaur||FocusSash|Chlorophyll|LeafStorm,EarthPower,SludgeBomb,SleepPowder|Timid||M|||50|]Floette-Eternal||Floettite|FlowerVeil|Moonblast,CalmMind,DrainingKiss,Protect|Modest||F|||50|]Farigiraf||SitrusBerry|ArmorTail|PsychicNoise,Roar,HelpingHand,TrickRoom|Bold||F|||50|]Incineroar||WhiteHerb|Intimidate|CloseCombat,FlareBlitz,PartingShot,FakeOut|Brave||M|||50|]Azumarill||LifeOrb|HugePower|Liquidation,PlayRough,Protect,AquaJet|Brave||M|||50|
|inactive|Battle timer is ON: inactive players will automatically lose when time's up. (requested by itangood5)
|j| porygon-epilepz
|
|t:|1783325473
|teamsize|p1|4
|teamsize|p2|4
|start
|switch|p1a: Rotom|Rotom-Wash, L50|100/100
|switch|p1b: Venusaur|Venusaur, L50, M|100/100
|switch|p2a: Rookie|Floette-Eternal, L50, F|100/100
|switch|p2b: Boss battle|Incineroar, L50, M, shiny|100/100
|-ability|p2b: Boss battle|Intimidate|boost
|-unboost|p1a: Rotom|atk|1
|-unboost|p1b: Venusaur|atk|1
|turn|1
|
|t:|1783325481
|detailschange|p2a: Rookie|Floette-Mega, L50, F
|-mega|p2a: Rookie|Floette|Floettite
|-ability|p2a: Rookie|Fairy Aura
|detailschange|p1b: Venusaur|Venusaur-Mega, L50, M
|-mega|p1b: Venusaur|Venusaur|Venusaurite
|move|p2b: Boss battle|Fake Out|p1b: Venusaur
|-damage|p1b: Venusaur|89/100
|move|p2a: Rookie|Calm Mind|p2a: Rookie
|-boost|p2a: Rookie|spa|1
|-boost|p2a: Rookie|spd|1
|cant|p1b: Venusaur|flinch
|move|p1a: Rotom|Hydro Pump|p2b: Boss battle
|-supereffective|p2b: Boss battle|1
|-damage|p2b: Boss battle|21/100
|
|upkeep
|turn|2
|
|t:|1783325498
|move|p2a: Rookie|Moonblast|p1a: Rotom
|-crit|p1a: Rotom
|-damage|p1a: Rotom|0 fnt
|faint|p1a: Rotom
|move|p1b: Venusaur|Sludge Bomb|p2a: Rookie
|-supereffective|p2a: Rookie|1
|-damage|p2a: Rookie|49/100
|move|p2b: Boss battle|Parting Shot|p1b: Venusaur
|-unboost|p1b: Venusaur|atk|1
|-unboost|p1b: Venusaur|spa|1
|
|t:|1783325504
|switch|p2b: Right HM|Farigiraf, L50, F|100/100|[from] Parting Shot
|
|upkeep
|
|t:|1783325508
|switch|p1a: Excadrill|Excadrill, L50, F|100/100
|turn|3
|
|t:|1783325529
|switch|p2b: Boss battle|Incineroar, L50, M, shiny|21/100
|-ability|p2b: Boss battle|Intimidate|boost
|-unboost|p1a: Excadrill|atk|1
|-unboost|p1b: Venusaur|atk|1
|move|p2a: Rookie|Protect|p2a: Rookie
|-singleturn|p2a: Rookie|Protect
|move|p1a: Excadrill|Iron Head|p2a: Rookie
|-activate|p2a: Rookie|move: Protect
|move|p1b: Venusaur|Sludge Bomb|p2b: Boss battle
|-damage|p2b: Boss battle|0 fnt
|faint|p2b: Boss battle
|
|upkeep
|
|t:|1783325533
|switch|p2b: Azzy|Azumarill, L50, M|100/100
|turn|4
|
|t:|1783325542
|switch|p1b: Tyranitar|Tyranitar, L50, M|100/100
|-weather|Sandstorm|[from] ability: Sand Stream|[of] p1b: Tyranitar
|move|p2b: Azzy|Aqua Jet|p1a: Excadrill
|-supereffective|p1a: Excadrill|1
|-damage|p1a: Excadrill|14/100
|-damage|p2b: Azzy|90/100|[from] item: Life Orb
|move|p1a: Excadrill|Iron Head|p2a: Rookie
|-supereffective|p2a: Rookie|1
|-damage|p2a: Rookie|0 fnt
|faint|p2a: Rookie
|
|-weather|Sandstorm|[upkeep]
|-damage|p2b: Azzy|84/100|[from] Sandstorm
|upkeep
|
|t:|1783325548
|switch|p2a: Right HM|Farigiraf, L50, F|100/100
|turn|5
|
|t:|1783325560
|move|p1a: Excadrill|Iron Head|p2b: Azzy
|-damage|p2b: Azzy|54/100
|move|p1b: Tyranitar|Knock Off|p2a: Right HM
|-supereffective|p2a: Right HM|1
|-damage|p2a: Right HM|22/100
|-enditem|p2a: Right HM|Sitrus Berry|[from] move: Knock Off|[of] p1b: Tyranitar
|move|p2b: Azzy|Liquidation|p1b: Tyranitar
|-supereffective|p1b: Tyranitar|1
|-damage|p1b: Tyranitar|0 fnt
|faint|p1b: Tyranitar
|-damage|p2b: Azzy|44/100|[from] item: Life Orb
|move|p2a: Right HM|Trick Room|p2a: Right HM
|-fieldstart|move: Trick Room|[of] p2a: Right HM
|
|-weather|Sandstorm|[upkeep]
|-damage|p2b: Azzy|38/100|[from] Sandstorm
|-damage|p2a: Right HM|16/100|[from] Sandstorm
|upkeep
|
|t:|1783325568
|switch|p1b: Venusaur|Venusaur-Mega, L50, M|89/100
|turn|6
|
|t:|1783325580
|move|p2b: Azzy|Protect|p2b: Azzy
|-singleturn|p2b: Azzy|Protect
|move|p2a: Right HM|Psychic Noise|p1b: Venusaur
|-supereffective|p1b: Venusaur|1
|-damage|p1b: Venusaur|44/100
|-start|p1b: Venusaur|move: Heal Block
|move|p1b: Venusaur|Sludge Bomb|p2a: Right HM
|-damage|p2a: Right HM|0 fnt
|faint|p2a: Right HM
|move|p1a: Excadrill|Iron Head|p2b: Azzy
|-activate|p2b: Azzy|move: Protect
|
|-weather|Sandstorm|[upkeep]
|-damage|p2b: Azzy|32/100|[from] Sandstorm
|-damage|p1b: Venusaur|38/100|[from] Sandstorm
|upkeep
|turn|7
|
|t:|1783325589
|move|p2b: Azzy|Aqua Jet|p1a: Excadrill
|-supereffective|p1a: Excadrill|1
|-damage|p1a: Excadrill|0 fnt
|faint|p1a: Excadrill
|-damage|p2b: Azzy|23/100|[from] item: Life Orb
|move|p1b: Venusaur|Sludge Bomb|p2b: Azzy
|-supereffective|p2b: Azzy|1
|-damage|p2b: Azzy|0 fnt
|faint|p2b: Azzy
|
|win|1#miraidonhater
