|j|☆Argentavis_Gaming
|j|‽dwjgbe
|html|Argentavis_Gamingdwjgbe    
|uhtml|bestof|Game 2 of a best-of-3
|t:|1782184502
|gametype|doubles
|player|p1|Argentavis_Gaming|unknown|1124
|player|p2|dwjgbe|skier|1018
|gen|9
|tier|[Gen 9 Champions] VGC 2026 Reg M-B (Bo3)
|rated|
|rule|Species Clause: Limit one of each Pokémon
|rule|Item Clause: Limit 1 of each item
|clearpoke
|poke|p1|Metagross, L50|
|poke|p1|Hydreigon, L50, M|
|poke|p1|Staraptor, L50, F|
|poke|p1|Whimsicott, L50, F|
|poke|p1|Incineroar, L50, M|
|poke|p1|Sinistcha-Masterpiece, L50|
|poke|p2|Sandaconda, L50, F|
|poke|p2|Tyranitar, L50, F|
|poke|p2|Sinistcha, L50|
|poke|p2|Raichu, L50, M|
|poke|p2|Grimmsnarl, L50, M|
|poke|p2|Corviknight, L50, F|
|teampreview|4
|showteam|p1|Metagross||Metagrossite|ClearBody|IronHead,PsychicFangs,BulletPunch,Protect|Adamant|||||50|]Hydreigon||ChoiceScarf|Levitate|DarkPulse,DracoMeteor,Snarl,Uturn|Timid||M|||50|]Staraptor||Staraptite|Intimidate|CloseCombat,BraveBird,Roost,Protect|Jolly||F|||50|]Whimsicott||FocusSash|Prankster|Moonblast,Tailwind,Charm,Encore|Timid||F|||50|]Incineroar||SitrusBerry|Intimidate|FakeOut,DarkestLariat,FlareBlitz,PartingShot|Careful||M|||50|]Sinistcha-Masterpiece||KasibBerry|Hospitality|MatchaGotcha,TrickRoom,ShadowBall,RagePowder|Bold|||||50|
|showteam|p2|Sandaconda||BrightPowder|SandVeil|Minimize,Substitute,SandTomb,IronDefense|Calm||F|||50|]Tyranitar||SmoothRock|SandStream|Protect,KnockOff,DragonTail,RockSlide|Adamant||F|||50|]Sinistcha||ColburBerry|Hospitality|Protect,MatchaGotcha,RagePowder,StrengthSap|Calm|||||50|]Raichu||RaichuniteY|Static|FocusBlast,ZapCannon,DazzlingGleam,NastyPlot|Timid||M|||50|]Grimmsnarl||LightClay|Prankster|Reflect,LightScreen,FakeOut,PartingShot|Careful||M|||50|]Corviknight||Leftovers|MirrorArmor|Roost,BodyPress,Uturn,Taunt|Impish||F|||50|
|
|t:|1782184544
|teamsize|p1|4
|teamsize|p2|4
|start
|switch|p1a: Staraptor|Staraptor, L50, F|100/100
|switch|p1b: Whimsicott|Whimsicott, L50, F|100/100
|switch|p2a: Raichu|Raichu, L50, M|100/100
|switch|p2b: Grimmsnarl|Grimmsnarl, L50, M|100/100
|-ability|p1a: Staraptor|Intimidate|boost
|-unboost|p2a: Raichu|atk|1
|-unboost|p2b: Grimmsnarl|atk|1
|turn|1
|
|t:|1782184573
|switch|p2b: Sandaconda|Sandaconda, L50, F|100/100
|detailschange|p2a: Raichu|Raichu-Mega-Y, L50, M
|-mega|p2a: Raichu|Raichu|Raichunite Y
|move|p1a: Staraptor|Protect|p1a: Staraptor
|-singleturn|p1a: Staraptor|Protect
|move|p1b: Whimsicott|Tailwind|p1b: Whimsicott
|-sidestart|p1: Argentavis_Gaming|move: Tailwind
|move|p2a: Raichu|Zap Cannon|p1a: Staraptor
|-activate|p1a: Staraptor|move: Protect
|
|upkeep
|turn|2
|
|t:|1782184590
|detailschange|p1a: Staraptor|Staraptor-Mega, L50, F
|-mega|p1a: Staraptor|Staraptor|Staraptite
|move|p1b: Whimsicott|Charm|p1a: Staraptor
|-boost|p1a: Staraptor|atk|2
|move|p1a: Staraptor|Close Combat|p2a: Raichu
|-damage|p2a: Raichu|0 fnt
|-boost|p1a: Staraptor|def|1
|-boost|p1a: Staraptor|spd|1
|faint|p2a: Raichu
|move|p2b: Sandaconda|Minimize|p2b: Sandaconda
|-boost|p2b: Sandaconda|evasion|2
|
|upkeep
|
|t:|1782184601
|switch|p2a: Grimmsnarl|Grimmsnarl, L50, M|100/100
|turn|3
|
|t:|1782184607
|move|p2a: Grimmsnarl|Fake Out|p1a: Staraptor
|-damage|p1a: Staraptor|93/100
|move|p1b: Whimsicott|Charm|p1a: Staraptor
|-boost|p1a: Staraptor|atk|2
|cant|p1a: Staraptor|flinch
|move|p2b: Sandaconda|Minimize|p2b: Sandaconda
|-boost|p2b: Sandaconda|evasion|2
|
|upkeep
|turn|4
|
|t:|1782184619
|move|p2a: Grimmsnarl|Reflect|p2a: Grimmsnarl
|-sidestart|p2: dwjgbe|Reflect
|move|p1b: Whimsicott|Moonblast|p2b: Sandaconda
|-damage|p2b: Sandaconda|67/100
|move|p1a: Staraptor|Close Combat|p2b: Sandaconda|[miss]
|-miss|p1a: Staraptor|p2b: Sandaconda
|move|p2b: Sandaconda|Minimize|p2b: Sandaconda
|-boost|p2b: Sandaconda|evasion|2
|
|-sideend|p1: Argentavis_Gaming|move: Tailwind
|upkeep
|turn|5
|
|t:|1782184636
|switch|p2a: Tyranitar|Tyranitar, L50, F|100/100
|-weather|Sandstorm|[from] ability: Sand Stream|[of] p2a: Tyranitar
|move|p1b: Whimsicott|Tailwind|p1b: Whimsicott
|-sidestart|p1: Argentavis_Gaming|move: Tailwind
|move|p1a: Staraptor|Close Combat|p2b: Sandaconda|[miss]
|-miss|p1a: Staraptor|p2b: Sandaconda
|move|p2b: Sandaconda|Iron Defense|p2b: Sandaconda
|-boost|p2b: Sandaconda|def|2
|
|-weather|Sandstorm|[upkeep]
|-damage|p1b: Whimsicott|94/100|[from] Sandstorm
|-damage|p1a: Staraptor|86/100|[from] Sandstorm
|upkeep
|turn|6
|
|t:|1782184654
|move|p1b: Whimsicott|Encore|p2b: Sandaconda
|-start|p2b: Sandaconda|Encore
|move|p1a: Staraptor|Close Combat|p2b: Sandaconda
|-damage|p2b: Sandaconda|18/100
|-boost|p1a: Staraptor|def|1
|-boost|p1a: Staraptor|spd|1
|move|p2b: Sandaconda|Iron Defense|p2b: Sandaconda
|-boost|p2b: Sandaconda|def|2
|move|p2a: Tyranitar|Dragon Tail|p1a: Staraptor
|-damage|p1a: Staraptor|76/100
|drag|p1a: Hydreigon|Hydreigon, L50, M|100/100
|
|-weather|Sandstorm|[upkeep]
|-damage|p1a: Hydreigon|94/100|[from] Sandstorm
|-damage|p1b: Whimsicott|88/100|[from] Sandstorm
|upkeep
|turn|7
|
|t:|1782184679
|move|p1a: Hydreigon|Dark Pulse|p2b: Sandaconda
|-damage|p2b: Sandaconda|0 fnt
|faint|p2b: Sandaconda
|move|p1b: Whimsicott|Moonblast|p2a: Tyranitar
|-supereffective|p2a: Tyranitar|1
|-damage|p2a: Tyranitar|62/100
|move|p2a: Tyranitar|Rock Slide|p1b: Whimsicott|[spread] p1a,p1b
|-damage|p1a: Hydreigon|57/100
|-damage|p1b: Whimsicott|37/100
|
|-weather|Sandstorm|[upkeep]
|-damage|p1a: Hydreigon|52/100|[from] Sandstorm
|-damage|p1b: Whimsicott|32/100|[from] Sandstorm
|upkeep
|c|☆Argentavis_Gaming|I bet you think you are good at the game lmfao
|-message|dwjgbe forfeited.
|raw|Argentavis_Gaming's rating: 1124 → 1142(+18 for winning)
|raw|dwjgbe's rating: 1018 → 1009(-9 for losing)
|
|win|Argentavis_Gaming
|l|‽dwjgbe
|player|p2|
