|j|☆Myfriendgarchomp
|j|☆Yuste3_
|html|MyfriendgarchompYuste3_    
|uhtml|bestof|Game 1 of a best-of-3
|t:|1757783085
|gametype|doubles
|player|p1|Myfriendgarchomp|colress|1128
|player|p2|Yuste3_|lucas|1178
|gen|9
|tier|[Gen 9] VGC 2025 Reg H (Bo3)
|rated|
|rule|Species Clause: Limit one of each Pokémon
|rule|Item Clause: Limit 1 of each item
|clearpoke
|poke|p1|Weezing-Galar, L50, F|
|poke|p1|Baxcalibur, L50, F|
|poke|p1|Dondozo, L50, F|
|poke|p1|Tatsugiri, L50, M|
|poke|p1|Ursaluna-Bloodmoon, L50, M|
|poke|p1|Talonflame, L50, F|
|poke|p2|Talonflame, L50, M|
|poke|p2|Sneasler, L50, F|
|poke|p2|Indeedee, L50, M|
|poke|p2|Archaludon, L50, M|
|poke|p2|Sinistcha, L50|
|poke|p2|Pelipper, L50, M|
|teampreview|4
|showteam|p1|Weezing-Galar||SitrusBerry|NeutralizingGas|WillOWisp,PoisonGas,StrangeSteam,Protect|||F|||50|,,,,,Flying]Baxcalibur||LoadedDice|ThermalExchange|ScaleShot,IcicleSpear,Protect,IceShard|||F|||50|,,,,,Ghost]Dondozo||Leftovers|Unaware|WaveCrash,OrderUp,Earthquake,Protect|||F|||50|,,,,,Grass]Tatsugiri||ChoiceScarf|Commander|DragonPulse,DracoMeteor,IcyWind,MuddyWater|||M|||50|,,,,,Dragon]Ursaluna-Bloodmoon||AssaultVest|MindsEye|VacuumWave,HyperVoice,EarthPower,BloodMoon|||M|||50|,,,,,Electric]Talonflame||FocusSash|GaleWings|WillOWisp,BraveBird,Tailwind,Taunt|||F|||50|,,,,,Ghost
|showteam|p2|Talonflame||CovertCloak|GaleWings|BraveBird,WillOWisp,Tailwind,Taunt|||M|||50|,,,,,Ghost]Sneasler||PsychicSeed|Unburden|DireClaw,ThroatChop,CloseCombat,Protect|||F|||50|,,,,,Dark]Indeedee||ChoiceSpecs|PsychicSurge|ExpandingForce,DazzlingGleam,ShadowBall,TeraBlast|||M|||50|,,,,,Fighting]Archaludon||AssaultVest|Stamina|DracoMeteor,ElectroShot,Snarl,BodyPress|||M|||50|,,,,,Bug]Sinistcha||SitrusBerry|Hospitality|MatchaGotcha,RagePowder,LifeDew,Protect||||||50|,,,,,Water]Pelipper||FocusSash|Drizzle|Hurricane,MuddyWater,WideGuard,Protect|||M|||50|,,,,,Ghost
|inactive|Battle timer is ON: inactive players will automatically lose when time's up. (requested by Yuste3_)
|
|t:|1757783109
|teamsize|p1|4
|teamsize|p2|4
|start
|switch|p1a: Weezing|Weezing-Galar, L50, F|100/100
|switch|p1b: Baxcalibur|Baxcalibur, L50, F|100/100
|switch|p2a: Talonflame|Talonflame, L50, M|100/100
|switch|p2b: Archaludon|Archaludon, L50, M|100/100
|-ability|p1a: Weezing|Neutralizing Gas
|turn|1
|inactive|Myfriendgarchomp has 30 seconds left.
|inactive|Myfriendgarchomp has 20 seconds left.
|inactive|Myfriendgarchomp has 15 seconds left.
|inactive|Myfriendgarchomp has 10 seconds left.
|
|t:|1757783156
|-end|p1a: Weezing|ability: Neutralizing Gas
|switch|p1a: Dondozo|Dondozo, L50, F|100/100
|-terastallize|p1b: Baxcalibur|Ghost
|move|p2a: Talonflame|Will-O-Wisp|p1b: Baxcalibur
|-immune|p1b: Baxcalibur|[from] ability: Thermal Exchange
|move|p1b: Baxcalibur|Icicle Spear|p2a: Talonflame
|-damage|p2a: Talonflame|78/100
|-damage|p2a: Talonflame|59/100
|-damage|p2a: Talonflame|39/100
|-damage|p2a: Talonflame|18/100
|-hitcount|p2a: Talonflame|4
|move|p2b: Archaludon|Electro Shot||[still]
|-prepare|p2b: Archaludon|Electro Shot
|-boost|p2b: Archaludon|spa|1
|
|upkeep
|turn|2
|inactive|Myfriendgarchomp has 30 seconds left.
|inactive|Yuste3_ has 30 seconds left.
|inactive|Yuste3_ has 20 seconds left.
|inactive|Yuste3_ has 15 seconds left.
|inactive|Myfriendgarchomp has 20 seconds left.
|
|t:|1757783203
|move|p1a: Dondozo|Protect|p1a: Dondozo
|-singleturn|p1a: Dondozo|Protect
|move|p1b: Baxcalibur|Ice Shard|p2a: Talonflame
|-damage|p2a: Talonflame|0 fnt
|faint|p2a: Talonflame
|move|p2b: Archaludon|Electro Shot|p1a: Dondozo|[from] lockedmove
|-activate|p1a: Dondozo|move: Protect
|
|upkeep
|
|t:|1757783220
|switch|p2a: Pelipper|Pelipper, L50, M|100/100
|-weather|RainDance|[from] ability: Drizzle|[of] p2a: Pelipper
|turn|3
|
|t:|1757783238
|switch|p1b: Tatsugiri|Tatsugiri, L50, M|100/100
|-activate|p1b: Tatsugiri|ability: Commander|[of] p1a: Dondozo
|-boost|p1a: Dondozo|atk|2
|-boost|p1a: Dondozo|spa|2
|-boost|p1a: Dondozo|spe|2
|-boost|p1a: Dondozo|def|2
|-boost|p1a: Dondozo|spd|2
|move|p1a: Dondozo|Order Up|p2a: Pelipper
|-damage|p2a: Pelipper|50/100
|-boost|p1a: Dondozo|atk|1
|move|p2b: Archaludon|Electro Shot||[still]
|-prepare|p2b: Archaludon|Electro Shot
|-boost|p2b: Archaludon|spa|1
|-anim|p2b: Archaludon|Electro Shot|p1a: Dondozo
|-supereffective|p1a: Dondozo
|-damage|p1a: Dondozo|60/100
|move|p2a: Pelipper|Muddy Water|p1b: Tatsugiri|[spread] 
|-miss|p2a: Pelipper|p1b: Tatsugiri
|-miss|p2a: Pelipper|p1a: Dondozo
|
|-weather|RainDance|[upkeep]
|-heal|p1a: Dondozo|66/100|[from] item: Leftovers
|upkeep
|turn|4
|
|t:|1757783256
|move|p1a: Dondozo|Protect|p1a: Dondozo
|-singleturn|p1a: Dondozo|Protect
|move|p2b: Archaludon|Electro Shot||[still]
|-prepare|p2b: Archaludon|Electro Shot
|-boost|p2b: Archaludon|spa|1
|-anim|p2b: Archaludon|Electro Shot|p1a: Dondozo
|-activate|p1a: Dondozo|move: Protect
|move|p2a: Pelipper|Hurricane|p1a: Dondozo
|-activate|p1a: Dondozo|move: Protect
|
|-weather|RainDance|[upkeep]
|-heal|p1a: Dondozo|72/100|[from] item: Leftovers
|upkeep
|turn|5
|
|t:|1757783266
|move|p1a: Dondozo|Order Up|p2a: Pelipper
|-damage|p2a: Pelipper|0 fnt
|faint|p2a: Pelipper
|-boost|p1a: Dondozo|atk|1
|move|p2b: Archaludon|Electro Shot||[still]
|-prepare|p2b: Archaludon|Electro Shot
|-boost|p2b: Archaludon|spa|1
|-anim|p2b: Archaludon|Electro Shot|p1a: Dondozo
|-supereffective|p1a: Dondozo
|-damage|p1a: Dondozo|30/100
|
|-weather|RainDance|[upkeep]
|-heal|p1a: Dondozo|36/100|[from] item: Leftovers
|upkeep
|
|t:|1757783269
|switch|p2a: Sinistcha|Sinistcha, L50|100/100
|turn|6
|
|t:|1757783273
|move|p1a: Dondozo|Protect|p1a: Dondozo
|-singleturn|p1a: Dondozo|Protect
|move|p2b: Archaludon|Electro Shot||[still]
|-prepare|p2b: Archaludon|Electro Shot
|-boost|p2b: Archaludon|spa|1
|-anim|p2b: Archaludon|Electro Shot|p1a: Dondozo
|-activate|p1a: Dondozo|move: Protect
|move|p2a: Sinistcha|Matcha Gotcha|p1b: Tatsugiri|[spread] 
|-miss|p2a: Sinistcha|p1b: Tatsugiri
|-activate|p1a: Dondozo|move: Protect
|
|-weather|RainDance|[upkeep]
|-heal|p1a: Dondozo|42/100|[from] item: Leftovers
|upkeep
|turn|7
|
|t:|1757783287
|move|p1a: Dondozo|Earthquake|p2a: Sinistcha|[spread] p2a,p2b
|-miss|p1a: Dondozo|p1b: Tatsugiri
|-resisted|p2a: Sinistcha
|-supereffective|p2b: Archaludon
|-damage|p2a: Sinistcha|75/100
|-damage|p2b: Archaludon|5/100
|-ability|p2b: Archaludon|Stamina|boost
|-boost|p2b: Archaludon|def|1
|move|p2b: Archaludon|Electro Shot||[still]
|-prepare|p2b: Archaludon|Electro Shot
|-boost|p2b: Archaludon|spa|1
|-anim|p2b: Archaludon|Electro Shot|p1a: Dondozo
|-supereffective|p1a: Dondozo
|-damage|p1a: Dondozo|4/100
|move|p2a: Sinistcha|Matcha Gotcha|p1a: Dondozo|[spread] p1a
|-miss|p2a: Sinistcha|p1b: Tatsugiri
|-supereffective|p1a: Dondozo
|-damage|p1a: Dondozo|0 fnt
|-heal|p2a: Sinistcha|77/100|[from] drain|[of] p1a: Dondozo
|faint|p1a: Dondozo
|
|-weather|none
|upkeep
|
|t:|1757783293
|switch|p1a: Baxcalibur|Baxcalibur, L50, F, tera:Ghost|100/100
|turn|8
|
|t:|1757783305
|move|p1b: Tatsugiri|Muddy Water|p2b: Archaludon|[spread] p2a,p2b
|-resisted|p2a: Sinistcha
|-resisted|p2b: Archaludon
|-damage|p2a: Sinistcha|57/100
|-damage|p2b: Archaludon|0 fnt
|faint|p2b: Archaludon
|move|p1a: Baxcalibur|Icicle Spear|p2a: Sinistcha
|-supereffective|p2a: Sinistcha
|-damage|p2a: Sinistcha|33/100
|-enditem|p2a: Sinistcha|Sitrus Berry|[eat]
|-heal|p2a: Sinistcha|58/100|[from] item: Sitrus Berry
|-supereffective|p2a: Sinistcha
|-damage|p2a: Sinistcha|36/100
|-supereffective|p2a: Sinistcha
|-damage|p2a: Sinistcha|15/100
|-supereffective|p2a: Sinistcha
|-damage|p2a: Sinistcha|0 fnt
|faint|p2a: Sinistcha
|-hitcount|p2: Sinistcha|4
|
|win|Myfriendgarchomp
||Yuste3_ is ready for game 2.
|inactive|Myfriendgarchomp has 30 seconds to confirm battle start!
||Myfriendgarchomp is ready for game 2.
|uhtml|next|Next: Game 2 of 3
