|j|☆regitron 21
|j|☆lucasmalt
|html|regitron 21lucasmalt    
|uhtml|bestof|Game 2 of a best-of-3
|t:|1785113323
|gametype|doubles
|player|p1|regitron 21|n|1199
|player|p2|lucasmalt|169|1338
|gen|9
|tier|[Gen 9 Champions] VGC 2026 Reg M-B (Bo3)
|rated|
|rule|Species Clause: Limit one of each Pokémon
|rule|Item Clause: Limit 1 of each item
|clearpoke
|poke|p1|Raichu, L50, M|
|poke|p1|Charizard, L50, F|
|poke|p1|Incineroar, L50, F|
|poke|p1|Farigiraf, L50, F|
|poke|p1|Sylveon, L50, M|
|poke|p1|Kingambit, L50, M|
|poke|p2|Blaziken, L50, F, shiny|
|poke|p2|Incineroar, L50, M, shiny|
|poke|p2|Sinistcha, L50|
|poke|p2|Milotic, L50, M, shiny|
|poke|p2|Hydreigon, L50, M|
|poke|p2|Gardevoir, L50, F, shiny|
|teampreview|4
|showteam|p1|Raichu||RaichuniteY|LightningRod|ZapCannon,FocusBlast,FakeOut,Protect|Timid||M|||50|]Charizard||CharizarditeY|Blaze|HeatWave,WeatherBall,SolarBeam,Protect|Modest||F|||50|]Incineroar||SitrusBerry|Intimidate|FakeOut,FlareBlitz,DarkestLariat,PartingShot|Impish||F|||50|]Farigiraf||ColburBerry|ArmorTail|TwinBeam,Thunderbolt,HelpingHand,TrickRoom|Modest||F|||50|]Sylveon||FairyFeather|Pixilate|HyperVoice,Moonblast,Detect,CalmMind|Modest||M|||50|]Kingambit||LifeOrb|Defiant|SuckerPunch,KowtowCleave,Protect,SwordsDance|Adamant||M|||50|
|showteam|p2|Blaziken||Blazikenite|SpeedBoost|FlareBlitz,CloseCombat,RockSlide,Detect|Adamant||F|||50|]Incineroar||SitrusBerry|Intimidate|FakeOut,FlareBlitz,DarkestLariat,PartingShot|Careful||M|||50|]Sinistcha||KasibBerry|Hospitality|MatchaGotcha,RagePowder,TrickRoom,Protect|Bold|||||50|]Milotic||Leftovers|Competitive|MuddyWater,Coil,Hypnosis,Recover|Calm||M|||50|]Hydreigon||ChoiceScarf|Levitate|Snarl,DracoMeteor,DarkPulse,EarthPower|Modest||M|||50|]Gardevoir||Gardevoirite|Trace|HyperVoice,Psyshock,TrickRoom,Protect|Modest||F|||50|
|c|☆regitron 21|good luck again pal
|inactive|Battle timer is ON: inactive players will automatically lose when time's up. (requested by lucasmalt)
|inactive|regitron 21 has 60 seconds left.
|c|☆lucasmalt|Gl
|inactive|regitron 21 has 30 seconds left.
|
|t:|1785113416
|teamsize|p1|4
|teamsize|p2|4
|start
|switch|p1a: Soey|Farigiraf, L50, F|100/100
|switch|p1b: Rita|Charizard, L50, F|100/100
|switch|p2a: Hydreigon|Hydreigon, L50, M|100/100
|switch|p2b: Milotic|Milotic, L50, M, shiny|100/100
|turn|1
|
|t:|1785113432
|detailschange|p1b: Rita|Charizard-Mega-Y, L50, F
|-mega|p1b: Rita|Charizard|Charizardite Y
|-weather|SunnyDay|[from] ability: Drought|[of] p1b: Rita
|move|p1a: Soey|Helping Hand|p1b: Rita
|-singleturn|p1b: Rita|Helping Hand|[of] p1a: Soey
|move|p2a: Hydreigon|Snarl|p1a: Soey|[spread] p1a,p1b
|-supereffective|p1a: Soey|1
|-enditem|p1a: Soey|Colbur Berry|[eat]
|-enditem|p1a: Soey|Colbur Berry|[weaken]
|-damage|p1a: Soey|82/100
|-damage|p1b: Rita|78/100
|-unboost|p1a: Soey|spa|1
|-unboost|p1b: Rita|spa|1
|move|p1b: Rita|Solar Beam||[still]
|-prepare|p1b: Rita|Solar Beam
|-anim|p1b: Rita|Solar Beam|p2b: Milotic
|-supereffective|p2b: Milotic|1
|-damage|p2b: Milotic|38/100
|move|p2b: Milotic|Coil|p2b: Milotic
|-boost|p2b: Milotic|atk|1
|-boost|p2b: Milotic|def|1
|-boost|p2b: Milotic|accuracy|1
|
|-weather|SunnyDay|[upkeep]
|-heal|p2b: Milotic|44/100|[from] item: Leftovers
|upkeep
|turn|2
|
|t:|1785113456
|move|p2a: Hydreigon|Snarl|p1a: Soey|[spread] p1a,p1b
|-supereffective|p1a: Soey|1
|-damage|p1a: Soey|44/100
|-damage|p1b: Rita|56/100
|-unboost|p1a: Soey|spa|1
|-unboost|p1b: Rita|spa|1
|move|p1b: Rita|Solar Beam||[still]
|-prepare|p1b: Rita|Solar Beam
|-anim|p1b: Rita|Solar Beam|p2b: Milotic
|-supereffective|p2b: Milotic|1
|-damage|p2b: Milotic|12/100
|move|p2b: Milotic|Recover|p2b: Milotic
|-heal|p2b: Milotic|62/100
|move|p1a: Soey|Trick Room|p1a: Soey
|-fieldstart|move: Trick Room|[of] p1a: Soey
|
|-weather|SunnyDay|[upkeep]
|-heal|p2b: Milotic|68/100|[from] item: Leftovers
|upkeep
|turn|3
|
|t:|1785113479
|switch|p1b: Lily|Incineroar, L50, F|100/100
|-ability|p1b: Lily|Intimidate|boost
|-unboost|p2a: Hydreigon|atk|1
|-unboost|p2b: Milotic|atk|1
|-ability|p2b: Milotic|Competitive|boost
|-boost|p2b: Milotic|spa|2
|move|p1a: Soey|Thunderbolt|p2b: Milotic
|-supereffective|p2b: Milotic|1
|-damage|p2b: Milotic|52/100
|move|p2b: Milotic|Hypnosis|p1b: Lily
|-status|p1b: Lily|slp|[from] move: Hypnosis
|move|p2a: Hydreigon|Snarl|p1b: Lily|[spread] p1a,p1b
|-supereffective|p1a: Soey|1
|-resisted|p1b: Lily|1
|-damage|p1a: Soey|4/100
|-damage|p1b: Lily|89/100 slp
|-unboost|p1a: Soey|spa|1
|-unboost|p1b: Lily|spa|1
|
|-weather|SunnyDay|[upkeep]
|-heal|p2b: Milotic|58/100|[from] item: Leftovers
|upkeep
|turn|4
|inactive|lucasmalt has 30 seconds left.
|
|t:|1785113509
|switch|p2a: Incineroar|Incineroar, L50, M, shiny|100/100
|-ability|p2a: Incineroar|Intimidate|boost
|-unboost|p1a: Soey|atk|1
|-unboost|p1b: Lily|atk|1
|cant|p1b: Lily|slp
|move|p1a: Soey|Thunderbolt|p2b: Milotic
|-supereffective|p2b: Milotic|1
|-crit|p2b: Milotic
|-damage|p2b: Milotic|7/100
|move|p2b: Milotic|Recover|p2b: Milotic
|-heal|p2b: Milotic|57/100
|
|-weather|SunnyDay|[upkeep]
|-heal|p2b: Milotic|63/100|[from] item: Leftovers
|upkeep
|turn|5
|inactive|lucasmalt has 30 seconds left.
|
|t:|1785113534
|switch|p1a: Rita|Charizard-Mega-Y, L50, F|56/100
|cant|p1b: Lily|slp
|move|p2a: Incineroar|Darkest Lariat|p1b: Lily
|-resisted|p1b: Lily|1
|-damage|p1b: Lily|77/100 slp
|move|p2b: Milotic|Muddy Water|p1b: Lily|[spread] p1a,p1b
|-supereffective|p1a: Rita|1
|-supereffective|p1b: Lily|1
|-damage|p1a: Rita|17/100
|-damage|p1b: Lily|37/100 slp
|-unboost|p1a: Rita|accuracy|1
|-enditem|p1b: Lily|Sitrus Berry|[eat]
|-heal|p1b: Lily|62/100 slp|[from] item: Sitrus Berry
|
|-weather|none
|-heal|p2b: Milotic|69/100|[from] item: Leftovers
|upkeep
|turn|6
|
|t:|1785113554
|switch|p1a: Soey|Farigiraf, L50, F|4/100
|move|p2a: Incineroar|Parting Shot|p1b: Lily
|-unboost|p1b: Lily|atk|1
|-unboost|p1b: Lily|spa|1
|
|t:|1785113560
|switch|p2a: Hydreigon|Hydreigon, L50, M|100/100|[from] Parting Shot
|-curestatus|p1b: Lily|slp|[msg]
|move|p1b: Lily|Darkest Lariat|p2b: Milotic
|-damage|p2b: Milotic|55/100
|move|p2b: Milotic|Recover|p2b: Milotic
|-heal|p2b: Milotic|100/100
|
|-fieldend|move: Trick Room
|upkeep
|turn|7
|
|t:|1785113578
|switch|p1b: Rita|Charizard-Mega-Y, L50, F|17/100
|-weather|SunnyDay|[from] ability: Drought|[of] p1b: Rita
|move|p2a: Hydreigon|Snarl|p1a: Soey|[spread] p1a,p1b
|-supereffective|p1a: Soey|1
|-damage|p1a: Soey|0 fnt
|-damage|p1b: Rita|0 fnt
|faint|p1a: Soey
|faint|p1b: Rita
|move|p2b: Milotic|Muddy Water|p1: Soey|[notarget]
|-fail|p2b: Milotic
|
|-weather|SunnyDay|[upkeep]
|upkeep
|
|t:|1785113580
|switch|p1b: Ryan|Sylveon, L50, M|100/100
|switch|p1a: Lily|Incineroar, L50, F|62/100
|-ability|p1a: Lily|Intimidate|boost
|-unboost|p2a: Hydreigon|atk|1
|-unboost|p2b: Milotic|atk|1
|-ability|p2b: Milotic|Competitive|boost
|-boost|p2b: Milotic|spa|2
|turn|8
|
|t:|1785113603
|switch|p2a: Incineroar|Incineroar, L50, M, shiny|100/100
|-ability|p2a: Incineroar|Intimidate|boost
|-unboost|p1a: Lily|atk|1
|-unboost|p1b: Ryan|atk|1
|move|p1a: Lily|Fake Out|p2a: Incineroar
|-damage|p2a: Incineroar|93/100
|move|p2b: Milotic|Coil|p2b: Milotic
|-boost|p2b: Milotic|atk|1
|-boost|p2b: Milotic|def|1
|-boost|p2b: Milotic|accuracy|1
|move|p1b: Ryan|Hyper Voice|p2b: Milotic|[spread] p2a,p2b
|-damage|p2a: Incineroar|60/100
|-damage|p2b: Milotic|71/100
|
|-weather|SunnyDay|[upkeep]
|-heal|p2b: Milotic|77/100|[from] item: Leftovers
|upkeep
|turn|9
|
|t:|1785113619
|move|p2a: Incineroar|Fake Out|p1b: Ryan
|-damage|p1b: Ryan|89/100
|move|p2b: Milotic|Muddy Water|p1b: Ryan|[spread] p1a,p1b
|-supereffective|p1a: Lily|1
|-damage|p1a: Lily|1/100
|-damage|p1b: Ryan|64/100
|cant|p1b: Ryan|flinch
|move|p1a: Lily|Darkest Lariat|p2b: Milotic
|-damage|p2b: Milotic|59/100
|
|-weather|SunnyDay|[upkeep]
|-heal|p2b: Milotic|65/100|[from] item: Leftovers
|upkeep
|turn|10
|
|t:|1785113632
|move|p2b: Milotic|Hypnosis|p1b: Ryan
|-status|p1b: Ryan|slp|[from] move: Hypnosis
|cant|p1b: Ryan|slp
|move|p1a: Lily|Darkest Lariat|p2b: Milotic
|-damage|p2b: Milotic|48/100
|move|p2a: Incineroar|Flare Blitz|p1a: Lily
|-resisted|p1a: Lily|1
|-damage|p1a: Lily|0 fnt
|faint|p1a: Lily
|-damage|p2a: Incineroar|60/100|[from] Recoil
|
|-weather|SunnyDay|[upkeep]
|-heal|p2b: Milotic|53/100|[from] item: Leftovers
|upkeep
|turn|11
|
|t:|1785113636
|move|p2b: Milotic|Muddy Water|p1b: Ryan
|-damage|p1b: Ryan|33/100 slp
|cant|p1b: Ryan|slp
|move|p2a: Incineroar|Flare Blitz|p1b: Ryan
|-crit|p1b: Ryan
|-damage|p1b: Ryan|0 fnt
|faint|p1b: Ryan
|-damage|p2a: Incineroar|50/100y|[from] Recoil
|-enditem|p2a: Incineroar|Sitrus Berry|[eat]
|-heal|p2a: Incineroar|74/100|[from] item: Sitrus Berry
|
|win|lucasmalt
|c|☆regitron 21|gg
||regitron 21 is ready for game 3.
|inactive|lucasmalt has 30 seconds to confirm battle start!
