|j|☆tax the homeless
|j|☆fleamarketninja
|html|tax the homelessfleamarketninja    
|uhtml|bestof|Game 2 of a best-of-3
|t:|1756780667
|gametype|doubles
|player|p1|tax the homeless|265|1046
|player|p2|fleamarketninja|baker|1080
|gen|9
|tier|[Gen 9] VGC 2025 Reg H (Bo3)
|rated|
|rule|Species Clause: Limit one of each Pokémon
|rule|Item Clause: Limit 1 of each item
|clearpoke
|poke|p1|Excadrill, L50, M|
|poke|p1|Incineroar, L50, M|
|poke|p1|Tyranitar, L50, F|
|poke|p1|Amoonguss, L50, F|
|poke|p1|Kommo-o, L50, F|
|poke|p1|Reuniclus, L50, F|
|poke|p2|Electabuzz, L50, F|
|poke|p2|Kingambit, L50, M|
|poke|p2|Volcarona, L50, M|
|poke|p2|Dragonite, L50, M|
|poke|p2|Sneasler, L50, F|
|poke|p2|Rillaboom, L50, M|
|teampreview|4
|showteam|p1|Excadrill||FocusSash|SandRush|Protect,Earthquake,HighHorsepower,IronHead|||M|||50|,,,,,Ground]Incineroar||SafetyGoggles|Intimidate|FakeOut,KnockOff,FlareBlitz,PartingShot|||M|||50|,,,,,Ghost]Tyranitar||AssaultVest|SandStream|RockSlide,KnockOff,LowKick,TeraBlast|||F|||50|,,,,,Flying]Amoonguss||SitrusBerry|Regenerator|PollenPuff,RagePowder,ClearSmog,Spore|||F|||50|,,,,,Water]Kommo-o||ThroatSpray|Overcoat|Protect,ClangingScales,ClangorousSoul,AuraSphere|||F|||50|,,,,,Steel]Reuniclus||LifeOrb|MagicGuard|Protect,TrickRoom,ExpandingForce,FlashCannon|||F|||50|,,,,,Dark
|showteam|p2|Electabuzz||Eviolite|VitalSpirit|FollowMe,Thunderbolt,Taunt,Protect|||F|||50|,,,,,Ghost]Kingambit||BlackGlasses|Defiant|KowtowCleave,SuckerPunch,SwordsDance,Protect|||M|||50|,,,,,Dark]Volcarona||Leftovers|FlameBody|HeatWave,TeraBlast,QuiverDance,Protect|||M|||50|,,,,,Fairy]Dragonite||LoadedDice|Multiscale|ScaleShot,ExtremeSpeed,Haze,Protect|||M|||50|,,,,,Fairy]Sneasler||FocusSash|Unburden|DireClaw,CloseCombat,Coaching,FakeOut|||F|||50|,,,,,Stellar]Rillaboom||AssaultVest|GrassySurge|FakeOut,WoodHammer,GrassyGlide,HighHorsepower|||M|||50|,,,,,Fire
|inactive|Battle timer is ON: inactive players will automatically lose when time's up. (requested by fleamarketninja)
|
|t:|1756780682
|teamsize|p1|4
|teamsize|p2|4
|start
|switch|p1a: Kamina|Tyranitar, L50, F, shiny|100/100
|switch|p1b: Simon|Excadrill, L50, M, shiny|100/100
|switch|p2a: Dragonite|Dragonite, L50, M|100/100
|switch|p2b: Kingambit|Kingambit, L50, M|100/100
|-weather|Sandstorm|[from] ability: Sand Stream|[of] p1a: Kamina
|turn|1
|inactive|tax the homeless has 30 seconds left.
|inactive|fleamarketninja has 30 seconds left.
|
|t:|1756780715
|move|p1b: Simon|Iron Head|p2a: Dragonite
|-damage|p2a: Dragonite|78/100
|cant|p2a: Dragonite|flinch
|move|p1a: Kamina|Rock Slide|p2a: Dragonite|[spread] p2a,p2b
|-supereffective|p2a: Dragonite
|-resisted|p2b: Kingambit
|-crit|p2b: Kingambit
|-damage|p2a: Dragonite|13/100
|-damage|p2b: Kingambit|84/100
|cant|p2b: Kingambit|flinch
|
|-weather|Sandstorm|[upkeep]
|-damage|p2a: Dragonite|7/100|[from] Sandstorm
|upkeep
|turn|2
|inactive|tax the homeless has 30 seconds left.
|inactive|fleamarketninja has 30 seconds left.
|inactive|fleamarketninja has 20 seconds left.
|inactive|fleamarketninja has 15 seconds left.
|
|t:|1756780759
|-terastallize|p1a: Kamina|Flying
|-terastallize|p2b: Kingambit|Dark
|move|p2a: Dragonite|Extreme Speed|p1b: Simon
|-resisted|p1b: Simon
|-damage|p1b: Simon|76/100
|move|p1b: Simon|Earthquake|p2a: Dragonite|[spread] p2b
|-immune|p1a: Kamina
|-immune|p2a: Dragonite
|-damage|p2b: Kingambit|55/100
|move|p1a: Kamina|Tera Blast|p2a: Dragonite|[anim] Tera Blast Flying
|-damage|p2a: Dragonite|0 fnt
|faint|p2a: Dragonite
|move|p2b: Kingambit|Kowtow Cleave|p1b: Simon
|-damage|p1b: Simon|0 fnt
|faint|p1b: Simon
|
|-weather|Sandstorm|[upkeep]
|-damage|p1a: Kamina|95/100|[from] Sandstorm
|-damage|p2b: Kingambit|49/100|[from] Sandstorm
|upkeep
|
|t:|1756780783
|switch|p1b: Kommo-o|Kommo-o, L50, F|100/100
|switch|p2a: Sneasler|Sneasler, L50, F|100/100
|turn|3
|
|t:|1756780799
|switch|p1b: Incineroar|Incineroar, L50, M|100/100
|-ability|p1b: Incineroar|Intimidate|boost
|-unboost|p2a: Sneasler|atk|1
|-unboost|p2b: Kingambit|atk|1
|-ability|p2b: Kingambit|Defiant|boost
|-boost|p2b: Kingambit|atk|2
|move|p2a: Sneasler|Fake Out|p1b: Incineroar
|-damage|p1b: Incineroar|92/100
|move|p2b: Kingambit|Sucker Punch|p1a: Kamina
|-damage|p1a: Kamina|17/100
|move|p1a: Kamina|Low Kick|p2b: Kingambit
|-supereffective|p2b: Kingambit
|-crit|p2b: Kingambit
|-damage|p2b: Kingambit|0 fnt
|faint|p2b: Kingambit
|
|-weather|Sandstorm|[upkeep]
|-damage|p2a: Sneasler|95/100|[from] Sandstorm
|-damage|p1a: Kamina|11/100|[from] Sandstorm
|upkeep
|
|t:|1756780814
|switch|p2b: Rillaboom|Rillaboom, L50, M|100/100
|-fieldstart|move: Grassy Terrain|[from] ability: Grassy Surge|[of] p2b: Rillaboom
|turn|4
|
|t:|1756780826
|switch|p1a: Kommo-o|Kommo-o, L50, F|100/100
|move|p1b: Incineroar|Fake Out|p2a: Sneasler
|-damage|p2a: Sneasler|71/100
|move|p2b: Rillaboom|Grassy Glide|p1a: Kommo-o
|-resisted|p1a: Kommo-o
|-damage|p1a: Kommo-o|85/100
|cant|p2a: Sneasler|flinch
|
|-weather|Sandstorm|[upkeep]
|-damage|p2a: Sneasler|66/100|[from] Sandstorm
|-damage|p2b: Rillaboom|95/100|[from] Sandstorm
|-heal|p2a: Sneasler|71/100|[from] Grassy Terrain
|-heal|p1a: Kommo-o|91/100|[from] Grassy Terrain
|-heal|p2b: Rillaboom|100/100|[from] Grassy Terrain
|-heal|p1b: Incineroar|98/100|[from] Grassy Terrain
|upkeep
|turn|5
|inactive|tax the homeless has 30 seconds left.
|inactive|fleamarketninja has 30 seconds left.
|
|t:|1756780860
|move|p1a: Kommo-o|Protect|p1a: Kommo-o
|-singleturn|p1a: Kommo-o|Protect
|move|p2a: Sneasler|Dire Claw|p1a: Kommo-o
|-activate|p1a: Kommo-o|move: Protect
|move|p2b: Rillaboom|Wood Hammer|p1a: Kommo-o
|-activate|p1a: Kommo-o|move: Protect
|move|p1b: Incineroar|Parting Shot|p2a: Sneasler
|-unboost|p2a: Sneasler|atk|1
|-unboost|p2a: Sneasler|spa|1
|
|t:|1756780872
|switch|p1b: Kamina|Tyranitar, L50, F, shiny, tera:Flying|11/100|[from] Parting Shot
|
|-weather|none
|-heal|p2a: Sneasler|77/100|[from] Grassy Terrain
|-heal|p1a: Kommo-o|97/100|[from] Grassy Terrain
|upkeep
|turn|6
|
|t:|1756780889
|switch|p1b: Incineroar|Incineroar, L50, M|98/100
|-ability|p1b: Incineroar|Intimidate|boost
|-unboost|p2a: Sneasler|atk|1
|-unboost|p2b: Rillaboom|atk|1
|move|p2b: Rillaboom|Grassy Glide|p1b: Incineroar
|-resisted|p1b: Incineroar
|-damage|p1b: Incineroar|87/100
|move|p2a: Sneasler|Dire Claw|p1a: Kommo-o
|-damage|p1a: Kommo-o|82/100
|-status|p1a: Kommo-o|psn
|move|p1a: Kommo-o|Clanging Scales|p2a: Sneasler|[spread] p2a,p2b
|-damage|p2a: Sneasler|33/100
|-damage|p2b: Rillaboom|79/100
|-unboost|p1a: Kommo-o|def|1
|-enditem|p1a: Kommo-o|Throat Spray
|-boost|p1a: Kommo-o|spa|1|[from] item: Throat Spray
|
|-heal|p2a: Sneasler|39/100|[from] Grassy Terrain
|-heal|p1a: Kommo-o|88/100 psn|[from] Grassy Terrain
|-heal|p2b: Rillaboom|84/100|[from] Grassy Terrain
|-heal|p1b: Incineroar|93/100|[from] Grassy Terrain
|-damage|p1a: Kommo-o|76/100 psn|[from] psn
|upkeep
|turn|7
|inactive|fleamarketninja has 30 seconds left.
|
|t:|1756780915
|move|p1b: Incineroar|Fake Out|p2b: Rillaboom
|-damage|p2b: Rillaboom|72/100
|move|p2a: Sneasler|Close Combat|p1b: Incineroar
|-supereffective|p1b: Incineroar
|-damage|p1b: Incineroar|50/100
|-unboost|p2a: Sneasler|def|1
|-unboost|p2a: Sneasler|spd|1
|move|p1a: Kommo-o|Clanging Scales|p2a: Sneasler|[spread] p2a,p2b
|-damage|p2a: Sneasler|0 fnt
|-damage|p2b: Rillaboom|37/100
|faint|p2a: Sneasler
|-unboost|p1a: Kommo-o|def|1
|cant|p2b: Rillaboom|flinch
|
|-heal|p1a: Kommo-o|82/100 psn|[from] Grassy Terrain
|-heal|p2b: Rillaboom|43/100|[from] Grassy Terrain
|-heal|p1b: Incineroar|56/100|[from] Grassy Terrain
|-damage|p1a: Kommo-o|70/100 psn|[from] psn
|upkeep
|turn|8
|
|t:|1756780939
|move|p1a: Kommo-o|Clangorous Soul|p1a: Kommo-o
|-boost|p1a: Kommo-o|atk|1
|-boost|p1a: Kommo-o|def|1
|-boost|p1a: Kommo-o|spa|1
|-boost|p1a: Kommo-o|spd|1
|-boost|p1a: Kommo-o|spe|1
|-damage|p1a: Kommo-o|37/100 psn
|move|p2b: Rillaboom|Wood Hammer|p1a: Kommo-o
|-resisted|p1a: Kommo-o
|-damage|p1a: Kommo-o|1/100 psn
|-damage|p2b: Rillaboom|34/100|[from] Recoil
|move|p1b: Incineroar|Parting Shot|p2b: Rillaboom
|-unboost|p2b: Rillaboom|atk|1
|-unboost|p2b: Rillaboom|spa|1
|
|t:|1756780945
|switch|p1b: Kamina|Tyranitar, L50, F, shiny, tera:Flying|11/100|[from] Parting Shot
|-weather|Sandstorm|[from] ability: Sand Stream|[of] p1b: Kamina
|
|-weather|Sandstorm|[upkeep]
|-damage|p2b: Rillaboom|28/100|[from] Sandstorm
|-damage|p1b: Kamina|5/100|[from] Sandstorm
|-heal|p1a: Kommo-o|7/100 psn|[from] Grassy Terrain
|-heal|p2b: Rillaboom|34/100|[from] Grassy Terrain
|-damage|p1a: Kommo-o|0 fnt|[from] psn
|faint|p1a: Kommo-o
|-fieldend|move: Grassy Terrain
|upkeep
|
|t:|1756780947
|switch|p1a: Incineroar|Incineroar, L50, M|56/100
|-ability|p1a: Incineroar|Intimidate|boost
|-unboost|p2b: Rillaboom|atk|1
|turn|9
|
|t:|1756780971
|move|p1a: Incineroar|Fake Out|p2b: Rillaboom
|-damage|p2b: Rillaboom|21/100
|cant|p2b: Rillaboom|flinch
|move|p1b: Kamina|Tera Blast|p2b: Rillaboom|[anim] Tera Blast Flying
|-supereffective|p2b: Rillaboom
|-damage|p2b: Rillaboom|0 fnt
|faint|p2b: Rillaboom
|
|win|tax the homeless
|raw|tax the homeless's rating: 1046 → 1082(+36 for winning)
|raw|fleamarketninja's rating: 1080 → 1056(-24 for losing)
|l|☆fleamarketninja
|player|p2|
