|j|☆the killer1234
|j|☆lettitripppp
|html|the killer1234lettitripppp    
|uhtml|bestof|Game 2 of a best-of-3
|t:|1785189835
|gametype|doubles
|player|p1|the killer1234|169|1139
|player|p2|lettitripppp|lucas|1244
|gen|9
|tier|[Gen 9 Champions] VGC 2026 Reg M-B (Bo3)
|rated|
|rule|Species Clause: Limit one of each Pokémon
|rule|Item Clause: Limit 1 of each item
|clearpoke
|poke|p1|Charizard, L50, M|
|poke|p1|Tyranitar, L50, F|
|poke|p1|Milotic, L50, F|
|poke|p1|Incineroar, L50, M|
|poke|p1|Sinistcha, L50|
|poke|p1|Sneasler, L50, F|
|poke|p2|Delphox, L50, M|
|poke|p2|Staraptor, L50, F|
|poke|p2|Garchomp, L50, F|
|poke|p2|Glimmora, L50, F|
|poke|p2|Kingambit, L50, M, shiny|
|poke|p2|Whimsicott, L50, F, shiny|
|teampreview|4
|showteam|p1|Charizard||CharizarditeY|Blaze|HeatWave,WeatherBall,SolarBeam,Protect|Modest||M|||50|]Tyranitar||Tyranitarite|SandStream|RockSlide,Crunch,Protect,HighHorsepower|Adamant||F|||50|]Milotic||Leftovers|Competitive|IcyWind,Scald,Protect,Recover|Calm||F|||50|]Incineroar||SitrusBerry|Intimidate|FakeOut,FlareBlitz,PartingShot,ThroatChop|Adamant||M|||50|]Sinistcha||CobaBerry|Hospitality|MatchaGotcha,RagePowder,LifeDew,TrickRoom|Bold|||||50|]Sneasler||WhiteHerb|Unburden|FakeOut,CloseCombat,DireClaw,Coaching|Adamant||F|||50|
|showteam|p2|Delphox||Delphoxite|Blaze|HeatWave,Substitute,Psyshock,Protect|Timid||M|||50|]Staraptor||Staraptite|Intimidate|CloseCombat,BraveBird,Roost,Protect|Jolly||F|||50|]Garchomp||LifeOrb|RoughSkin|DragonClaw,Earthquake,RockSlide,Protect|Jolly||F|||50|]Glimmora||FocusSash|ToxicDebris|SludgeBomb,EarthPower,PowerGem,SpikyShield|Timid||F|||50|]Kingambit||ChopleBerry|Defiant|KowtowCleave,SuckerPunch,IronHead,LowKick|Adamant||M|||50|]Whimsicott||OccaBerry|Prankster|LightScreen,Moonblast,Tailwind,Charm|Timid||F|||50|
|inactive|Battle timer is ON: inactive players will automatically lose when time's up. (requested by the killer1234)
|inactive|lettitripppp also wants the timer to be on.
|
|t:|1785189861
|teamsize|p1|4
|teamsize|p2|4
|start
|switch|p1a: Tyranitar|Tyranitar, L50, F|100/100
|switch|p1b: Sneasler|Sneasler, L50, F|100/100
|switch|p2a: MYSTIC SHOCK|Delphox, L50, M|100/100
|switch|p2b: CRUSH SHARK|Garchomp, L50, F|100/100
|-weather|Sandstorm|[from] ability: Sand Stream|[of] p1a: Tyranitar
|turn|1
|
|t:|1785189879
|detailschange|p1a: Tyranitar|Tyranitar-Mega, L50, F
|-mega|p1a: Tyranitar|Tyranitar|Tyranitarite
|move|p2b: CRUSH SHARK|Protect|p2b: CRUSH SHARK
|-singleturn|p2b: CRUSH SHARK|Protect
|move|p2a: MYSTIC SHOCK|Protect|p2a: MYSTIC SHOCK
|-singleturn|p2a: MYSTIC SHOCK|Protect
|move|p1b: Sneasler|Fake Out|p2b: CRUSH SHARK
|-activate|p2b: CRUSH SHARK|move: Protect
|move|p1a: Tyranitar|Rock Slide|p2a: MYSTIC SHOCK|[spread] 
|-activate|p2a: MYSTIC SHOCK|move: Protect
|-activate|p2b: CRUSH SHARK|move: Protect
|
|-weather|Sandstorm|[upkeep]
|-damage|p1b: Sneasler|94/100|[from] Sandstorm
|-damage|p2a: MYSTIC SHOCK|94/100|[from] Sandstorm
|upkeep
|turn|2
|
|t:|1785189900
|detailschange|p2a: MYSTIC SHOCK|Delphox-Mega, L50, M
|-mega|p2a: MYSTIC SHOCK|Delphox|Delphoxite
|move|p1a: Tyranitar|Protect|p1a: Tyranitar
|-singleturn|p1a: Tyranitar|Protect
|move|p2a: MYSTIC SHOCK|Psyshock|p1b: Sneasler
|-supereffective|p1b: Sneasler|2
|-damage|p1b: Sneasler|0 fnt
|faint|p1b: Sneasler
|move|p2b: CRUSH SHARK|Earthquake|p1a: Tyranitar|[spread] 
|-activate|p1a: Tyranitar|move: Protect
|-immune|p2a: MYSTIC SHOCK|[from] ability: Levitate
|
|-weather|Sandstorm|[upkeep]
|-damage|p2a: MYSTIC SHOCK|88/100|[from] Sandstorm
|upkeep
|
|t:|1785189914
|switch|p1b: Incineroar|Incineroar, L50, M|100/100
|-ability|p1b: Incineroar|Intimidate|boost
|-unboost|p2a: MYSTIC SHOCK|atk|1
|-unboost|p2b: CRUSH SHARK|atk|1
|turn|3
|inactive|the killer1234 has 30 seconds left.
|inactive|the killer1234 has 20 seconds left.
|inactive|the killer1234 has 15 seconds left.
|
|t:|1785189957
|switch|p2a: LET IT GO|Whimsicott, L50, F, shiny|100/100
|switch|p2b: NO GO AWAY|Glimmora, L50, F|100/100
|move|p1b: Incineroar|Fake Out|p2b: NO GO AWAY
|-resisted|p2b: NO GO AWAY|1
|-damage|p2b: NO GO AWAY|93/100
|-activate|p2b: NO GO AWAY|ability: Toxic Debris
|-sidestart|p1: the killer1234|move: Toxic Spikes
|move|p1a: Tyranitar|Rock Slide|p2b: NO GO AWAY|[spread] p2a,p2b
|-crit|p2a: LET IT GO
|-damage|p2a: LET IT GO|34/100
|-damage|p2b: NO GO AWAY|43/100
|-activate|p2b: NO GO AWAY|ability: Toxic Debris
|-sidestart|p1: the killer1234|move: Toxic Spikes
|
|-weather|Sandstorm|[upkeep]
|-damage|p2a: LET IT GO|28/100|[from] Sandstorm
|-damage|p1b: Incineroar|94/100|[from] Sandstorm
|upkeep
|turn|4
|inactive|the killer1234 has 30 seconds left.
|
|t:|1785189986
|move|p2a: LET IT GO|Moonblast|p1b: Incineroar
|-damage|p1b: Incineroar|71/100
|move|p2b: NO GO AWAY|Power Gem|p1b: Incineroar
|-supereffective|p1b: Incineroar|1
|-damage|p1b: Incineroar|0 fnt
|faint|p1b: Incineroar
|move|p1a: Tyranitar|Rock Slide|p2a: LET IT GO|[spread] p2a,p2b
|-damage|p2a: LET IT GO|0 fnt
|-damage|p2b: NO GO AWAY|0 fnt
|faint|p2a: LET IT GO
|faint|p2b: NO GO AWAY
|
|-weather|Sandstorm|[upkeep]
|upkeep
|
|t:|1785189998
|switch|p2a: MYSTIC SHOCK|Delphox-Mega, L50, M|88/100
|switch|p2b: CRUSH SHARK|Garchomp, L50, F|100/100
|switch|p1b: Sinistcha|Sinistcha, L50|100/100
|-status|p1b: Sinistcha|tox
|turn|5
|
|t:|1785190006
|move|p1a: Tyranitar|Protect|p1a: Tyranitar
|-singleturn|p1a: Tyranitar|Protect
|move|p2a: MYSTIC SHOCK|Heat Wave|p1b: Sinistcha|[spread] p1b
|-activate|p1a: Tyranitar|move: Protect
|-supereffective|p1b: Sinistcha|1
|-damage|p1b: Sinistcha|20/100y tox
|move|p2b: CRUSH SHARK|Earthquake|p1a: Tyranitar|[spread] p1b
|-activate|p1a: Tyranitar|move: Protect
|-immune|p2a: MYSTIC SHOCK|[from] ability: Levitate
|-resisted|p1b: Sinistcha|1
|-damage|p1b: Sinistcha|0 fnt
|faint|p1b: Sinistcha
|-damage|p2b: CRUSH SHARK|90/100|[from] item: Life Orb
|
|-weather|none
|upkeep
|turn|6
|
|t:|1785190020
|move|p2a: MYSTIC SHOCK|Heat Wave|p1a: Tyranitar
|-resisted|p1a: Tyranitar|1
|-damage|p1a: Tyranitar|75/100
|move|p2b: CRUSH SHARK|Earthquake|p1a: Tyranitar|[spread] p1a
|-immune|p2a: MYSTIC SHOCK|[from] ability: Levitate
|-supereffective|p1a: Tyranitar|1
|-damage|p1a: Tyranitar|6/100
|-damage|p2b: CRUSH SHARK|80/100|[from] item: Life Orb
|move|p1a: Tyranitar|Rock Slide|p2b: CRUSH SHARK|[spread] p2b
|-miss|p1a: Tyranitar|p2a: MYSTIC SHOCK
|-resisted|p2b: CRUSH SHARK|1
|-damage|p2b: CRUSH SHARK|60/100
|
|upkeep
|turn|7
|-message|the killer1234 forfeited.
|raw|the killer1234's rating: 1139 → 1121(-18 for losing)
|raw|lettitripppp's rating: 1244 → 1262(+18 for winning)
|
|win|lettitripppp
