|j|☆swedentest
|j|☆santicifupe
|html|swedentestsanticifupe    
|uhtml|bestof|Game 2 of a best-of-3
|t:|1783096827
|gametype|doubles
|player|p1|swedentest|byron|1231
|player|p2|santicifupe|iris-gen5bw2|1139
|gen|9
|tier|[Gen 9 Champions] VGC 2026 Reg M-B (Bo3)
|rated|
|rule|Species Clause: Limit one of each Pokémon
|rule|Item Clause: Limit 1 of each item
|clearpoke
|poke|p1|Sneasler, L50, M|
|poke|p1|Kingambit, L50, M|
|poke|p1|Incineroar, L50, M|
|poke|p1|Floette-Eternal, L50, F|
|poke|p1|Sinistcha, L50|
|poke|p1|Delphox, L50, F, shiny|
|poke|p2|Milotic, L50, F, shiny|
|poke|p2|Incineroar, L50, F|
|poke|p2|Sinistcha-Masterpiece, L50, shiny|
|poke|p2|Floette-Eternal, L50, F, shiny|
|poke|p2|Mawile, L50, F, shiny|
|poke|p2|Sneasler, L50, F, shiny|
|teampreview|4
|showteam|p1|Sneasler||FocusSash|PoisonTouch|QuickGuard,FakeOut,CloseCombat,DireClaw|Jolly||M|||50|]Kingambit||BlackGlasses|Defiant|Protect,SwordsDance,SuckerPunch,KowtowCleave|Adamant||M|||50|]Incineroar||SitrusBerry|Intimidate|FakeOut,PartingShot,FlareBlitz,ThroatChop|Impish||M|||50|]Floette-Eternal||Floettite|FlowerVeil|Protect,CalmMind,Moonblast,DazzlingGleam|Modest||F|||50|]Sinistcha||OccaBerry|Hospitality|Protect,MatchaGotcha,TrickRoom,RagePowder|Bold|||||50|]Delphox||Delphoxite|Blaze|Protect,HeatWave,Psyshock,NastyPlot|Timid||F|||50|
|showteam|p2|Milotic||Leftovers|Competitive|MuddyWater,Recover,Hypnosis,Coil|Calm||F|||50|]Incineroar||SitrusBerry|Intimidate|FakeOut,FlareBlitz,ThroatChop,PartingShot|Careful||F|||50|]Sinistcha-Masterpiece||KasibBerry|Hospitality|MatchaGotcha,Protect,TrickRoom,RagePowder|Bold|||||50|]Floette-Eternal||Floettite|FlowerVeil|CalmMind,Protect,DrainingKiss,DazzlingGleam|Modest||F|||50|]Mawile||Mawilite|Intimidate|SuckerPunch,Protect,PlayRough,IronHead|Adamant||F|||50|]Sneasler||FocusSash|PoisonTouch|FakeOut,Protect,DireClaw,CloseCombat|Jolly||F|||50|
|inactive|Battle timer is ON: inactive players will automatically lose when time's up. (requested by santicifupe)
|
|t:|1783096867
|teamsize|p1|4
|teamsize|p2|4
|start
|switch|p1a: Delphox|Delphox, L50, F, shiny|100/100
|switch|p1b: Kingambit|Kingambit, L50, M|100/100
|switch|p2a: Sneasler|Sneasler, L50, F, shiny|100/100
|switch|p2b: Mawile|Mawile, L50, F, shiny|100/100
|-ability|p2b: Mawile|Intimidate|boost
|-unboost|p1a: Delphox|atk|1
|-unboost|p1b: Kingambit|atk|1
|-ability|p1b: Kingambit|Defiant|boost
|-boost|p1b: Kingambit|atk|2
|turn|1
|inactive|swedentest has 30 seconds left.
|inactive|santicifupe has 30 seconds left.
|
|t:|1783096897
|detailschange|p1a: Delphox|Delphox-Mega, L50, F, shiny
|-mega|p1a: Delphox|Delphox|Delphoxite
|detailschange|p2b: Mawile|Mawile-Mega, L50, F, shiny
|-mega|p2b: Mawile|Mawile|Mawilite
|move|p1b: Kingambit|Protect|p1b: Kingambit
|-singleturn|p1b: Kingambit|Protect
|move|p2a: Sneasler|Fake Out|p1a: Delphox
|-damage|p1a: Delphox|78/100
|move|p2b: Mawile|Sucker Punch||[still]
|-fail|p2b: Mawile
|cant|p1a: Delphox|flinch
|
|upkeep
|turn|2
|
|t:|1783096922
|switch|p1a: Incineroar|Incineroar, L50, M|100/100
|-ability|p1a: Incineroar|Intimidate|boost
|-unboost|p2a: Sneasler|atk|1
|-unboost|p2b: Mawile|atk|1
|move|p1b: Kingambit|Sucker Punch|p2a: Sneasler
|-resisted|p2a: Sneasler|1
|-damage|p2a: Sneasler|33/100
|move|p2a: Sneasler|Close Combat|p1b: Kingambit
|-supereffective|p1b: Kingambit|2
|-damage|p1b: Kingambit|0 fnt
|-unboost|p2a: Sneasler|def|1
|-unboost|p2a: Sneasler|spd|1
|faint|p1b: Kingambit
|move|p2b: Mawile|Play Rough|p1a: Incineroar
|-damage|p1a: Incineroar|54/100
|
|upkeep
|
|t:|1783096947
|switch|p1b: Delphox|Delphox-Mega, L50, F, shiny|78/100
|turn|3
|
|t:|1783096958
|switch|p2b: wolfe's nigthmare|Incineroar, L50, F|100/100
|-ability|p2b: wolfe's nigthmare|Intimidate|boost
|-unboost|p1a: Incineroar|atk|1
|-unboost|p1b: Delphox|atk|1
|move|p2a: Sneasler|Protect|p2a: Sneasler
|-singleturn|p2a: Sneasler|Protect
|move|p1a: Incineroar|Fake Out|p2b: wolfe's nigthmare
|-crit|p2b: wolfe's nigthmare
|-damage|p2b: wolfe's nigthmare|84/100
|move|p1b: Delphox|Heat Wave|p2a: Sneasler|[spread] p2b
|-activate|p2a: Sneasler|move: Protect
|-resisted|p2b: wolfe's nigthmare|1
|-damage|p2b: wolfe's nigthmare|68/100
|
|upkeep
|turn|4
|
|t:|1783096983
|switch|p1a: Sinistcha|Sinistcha, L50|100/100
|-heal|p1b: Delphox|100/100|[from] ability: Hospitality|[of] p1a: Sinistcha
|move|p1b: Delphox|Protect|p1b: Delphox
|-singleturn|p1b: Delphox|Protect
|move|p2a: Sneasler|Close Combat|p1a: Sinistcha
|-immune|p1a: Sinistcha
|move|p2b: wolfe's nigthmare|Parting Shot|p1a: Sinistcha
|-unboost|p1a: Sinistcha|atk|1
|-unboost|p1a: Sinistcha|spa|1
|
|t:|1783096997
|switch|p2b: Mawile|Mawile-Mega, L50, F, shiny|100/100|[from] Parting Shot
|
|upkeep
|turn|5
|
|t:|1783097007
|move|p2b: Mawile|Protect|p2b: Mawile
|-singleturn|p2b: Mawile|Protect
|move|p1a: Sinistcha|Rage Powder|p1a: Sinistcha
|-singleturn|p1a: Sinistcha|move: Rage Powder
|move|p1b: Delphox|Heat Wave|p2b: Mawile|[spread] p2a
|-activate|p2b: Mawile|move: Protect
|-damage|p2a: Sneasler|0 fnt
|faint|p2a: Sneasler
|
|upkeep
|
|t:|1783097013
|switch|p2a: wolfe's nigthmare|Incineroar, L50, F|68/100
|-ability|p2a: wolfe's nigthmare|Intimidate|boost
|-unboost|p1a: Sinistcha|atk|1
|-unboost|p1b: Delphox|atk|1
|turn|6
|
|t:|1783097021
|move|p1b: Delphox|Protect|p1b: Delphox
|-singleturn|p1b: Delphox|Protect
|move|p1a: Sinistcha|Protect|p1a: Sinistcha
|-singleturn|p1a: Sinistcha|Protect
|move|p2a: wolfe's nigthmare|Fake Out|p1b: Delphox
|-activate|p1b: Delphox|move: Protect
|move|p2b: Mawile|Play Rough|p1a: Sinistcha
|-activate|p1a: Sinistcha|move: Protect
|
|upkeep
|turn|7
|
|t:|1783097036
|switch|p1a: Incineroar|Incineroar, L50, M|54/100
|-ability|p1a: Incineroar|Intimidate|boost
|-unboost|p2a: wolfe's nigthmare|atk|1
|-unboost|p2b: Mawile|atk|1
|move|p2b: Mawile|Protect|p2b: Mawile
|-singleturn|p2b: Mawile|Protect
|move|p1b: Delphox|Heat Wave|p2b: Mawile|[spread] 
|-activate|p2b: Mawile|move: Protect
|-miss|p1b: Delphox|p2a: wolfe's nigthmare
|move|p2a: wolfe's nigthmare|Flare Blitz|p1a: Incineroar
|-resisted|p1a: Incineroar|1
|-damage|p1a: Incineroar|42/100
|-enditem|p1a: Incineroar|Sitrus Berry|[eat]
|-heal|p1a: Incineroar|67/100|[from] item: Sitrus Berry
|-damage|p2a: wolfe's nigthmare|64/100|[from] Recoil
|
|upkeep
|turn|8
|
|t:|1783097055
|switch|p2b: Sinistcha|Sinistcha-Masterpiece, L50, shiny|100/100
|-heal|p2a: wolfe's nigthmare|89/100|[from] ability: Hospitality|[of] p2b: Sinistcha
|move|p1a: Incineroar|Fake Out|p2b: Sinistcha
|-immune|p2b: Sinistcha
|move|p1b: Delphox|Heat Wave|p2b: Sinistcha|[spread] p2a,p2b
|-resisted|p2a: wolfe's nigthmare|1
|-supereffective|p2b: Sinistcha|1
|-damage|p2a: wolfe's nigthmare|74/100
|-damage|p2b: Sinistcha|11/100
|move|p2a: wolfe's nigthmare|Parting Shot|p1b: Delphox
|-unboost|p1b: Delphox|atk|1
|-unboost|p1b: Delphox|spa|1
|
|t:|1783097065
|switch|p2a: Mawile|Mawile-Mega, L50, F, shiny|100/100|[from] Parting Shot
|
|upkeep
|turn|9
|
|t:|1783097079
|switch|p1b: Sinistcha|Sinistcha, L50|100/100
|-heal|p1a: Incineroar|92/100|[from] ability: Hospitality|[of] p1b: Sinistcha
|move|p2a: Mawile|Sucker Punch||[still]
|-fail|p2a: Mawile
|move|p1a: Incineroar|Flare Blitz|p2a: Mawile
|-supereffective|p2a: Mawile|1
|-damage|p2a: Mawile|10/100
|-damage|p1a: Incineroar|69/100|[from] Recoil
|move|p2b: Sinistcha|Trick Room|p2b: Sinistcha
|-fieldstart|move: Trick Room|[of] p2b: Sinistcha
|
|upkeep
|turn|10
|
|t:|1783097098
|switch|p2b: wolfe's nigthmare|Incineroar, L50, F|74/100
|-ability|p2b: wolfe's nigthmare|Intimidate|boost
|-unboost|p1a: Incineroar|atk|1
|-unboost|p1b: Sinistcha|atk|1
|move|p2a: Mawile|Protect|p2a: Mawile
|-singleturn|p2a: Mawile|Protect
|move|p1b: Sinistcha|Matcha Gotcha|p2b: wolfe's nigthmare|[spread] p2b
|-activate|p2a: Mawile|move: Protect
|-resisted|p2b: wolfe's nigthmare|1
|-damage|p2b: wolfe's nigthmare|65/100
|move|p1a: Incineroar|Parting Shot|p2b: wolfe's nigthmare
|-unboost|p2b: wolfe's nigthmare|atk|1
|-unboost|p2b: wolfe's nigthmare|spa|1
|
|t:|1783097104
|switch|p1a: Delphox|Delphox-Mega, L50, F, shiny|100/100|[from] Parting Shot
|
|upkeep
|turn|11
|
|t:|1783097120
|switch|p1a: Incineroar|Incineroar, L50, M|69/100
|-ability|p1a: Incineroar|Intimidate|boost
|-unboost|p2a: Mawile|atk|1
|-unboost|p2b: wolfe's nigthmare|atk|1
|move|p2b: wolfe's nigthmare|Fake Out|p1a: Incineroar
|-damage|p1a: Incineroar|64/100
|move|p2a: Mawile|Sucker Punch|p1b: Sinistcha
|-supereffective|p1b: Sinistcha|1
|-damage|p1b: Sinistcha|49/100
|move|p1b: Sinistcha|Matcha Gotcha|p2b: wolfe's nigthmare|[spread] p2b
|-miss|p1b: Sinistcha|p2a: Mawile
|-resisted|p2b: wolfe's nigthmare|1
|-damage|p2b: wolfe's nigthmare|56/100
|-heal|p1b: Sinistcha|54/100|[from] drain|[of] p2b: wolfe's nigthmare
|
|upkeep
|turn|12
|inactive|swedentest has 30 seconds left.
|inactive|swedentest has 20 seconds left.
|inactive|swedentest has 15 seconds left.
|
|t:|1783097160
|move|p2a: Mawile|Protect|p2a: Mawile
|-singleturn|p2a: Mawile|Protect
|move|p1b: Sinistcha|Protect|p1b: Sinistcha
|-singleturn|p1b: Sinistcha|Protect
|move|p2b: wolfe's nigthmare|Parting Shot|p1b: Sinistcha
|-activate|p1b: Sinistcha|move: Protect
|move|p1a: Incineroar|Flare Blitz|p2a: Mawile
|-activate|p2a: Mawile|move: Protect
|
|upkeep
|turn|13
|
|t:|1783097173
|switch|p2b: Sinistcha|Sinistcha-Masterpiece, L50, shiny|11/100
|-heal|p2a: Mawile|35/100|[from] ability: Hospitality|[of] p2b: Sinistcha
|move|p2a: Mawile|Sucker Punch|p1b: Sinistcha
|-supereffective|p1b: Sinistcha|1
|-damage|p1b: Sinistcha|4/100
|move|p1b: Sinistcha|Matcha Gotcha|p2b: Sinistcha|[spread] p2a,p2b
|-resisted|p2a: Mawile|1
|-resisted|p2b: Sinistcha|1
|-damage|p2a: Mawile|22/100
|-heal|p1b: Sinistcha|10/100|[from] drain|[of] p2a: Mawile
|-damage|p2b: Sinistcha|0 fnt
|-heal|p1b: Sinistcha|16/100|[from] drain|[of] p2b: Sinistcha
|faint|p2b: Sinistcha
|move|p1a: Incineroar|Parting Shot|p2a: Mawile
|-unboost|p2a: Mawile|atk|1
|-unboost|p2a: Mawile|spa|1
|
|t:|1783097189
|switch|p1a: Delphox|Delphox-Mega, L50, F, shiny|100/100|[from] Parting Shot
|
|-fieldend|move: Trick Room
|upkeep
|-message|santicifupe forfeited.
|
|win|swedentest
|raw|swedentest's rating: 1231 → 1250(+19 for winning)
|raw|santicifupe's rating: 1139 → 1120(-19 for losing)
|l|☆santicifupe
|player|p2|
