|j|☆viaggioingiappone
|j|☆Mandy's cendy
|html|viaggioingiapponeMandy's cendy    
|uhtml|bestof|Game 3 of a best-of-3
|t:|1756151346
|gametype|doubles
|player|p1|viaggioingiappone|crasherwake|
|player|p2|Mandy's cendy|iris-gen5bw2|
|gen|9
|tier|[Gen 9] VGC 2025 Reg H (Bo3)
|rule|Species Clause: Limit one of each Pokémon
|rule|Item Clause: Limit 1 of each item
|clearpoke
|poke|p1|Dragonite, L50, M|
|poke|p1|Gholdengo, L50|
|poke|p1|Ursaluna-Bloodmoon, L50, M|
|poke|p1|Whimsicott, L50, F|
|poke|p1|Archaludon, L50, M|
|poke|p1|Incineroar, L50, F|
|poke|p2|Ursaluna, L50, F|
|poke|p2|Sinistcha-Masterpiece, L50|
|poke|p2|Archaludon, L50, F|
|poke|p2|Pelipper, L50, F|
|poke|p2|Dragonite, L50, M|
|poke|p2|Gholdengo, L50|
|teampreview|4
|showteam|p1|Dragonite||LoadedDice|Multiscale|ScaleShot,ExtremeSpeed,Haze,Protect|||M|||50|,,,,,Fairy]Gholdengo||ChoiceSpecs|GoodasGold|MakeItRain,ShadowBall,Trick,PowerGem||||||50|,,,,,Steel]Ursaluna-Bloodmoon||AssaultVest|MindsEye|BloodMoon,EarthPower,HyperVoice,VacuumWave|||M|||50|,,,,,Water]Whimsicott||CovertCloak|Prankster|Tailwind,Moonblast,FakeTears,Encore|||F|||50|,,,,,Fire]Archaludon||PowerHerb|Sturdy|ElectroShot,FlashCannon,DracoMeteor,Protect|||M|||50|,,,,,Stellar]Incineroar||MirrorHerb|Intimidate|FakeOut,PartingShot,KnockOff,FlareBlitz|||F|||50|,,,,,Grass
|showteam|p2|Ursaluna||FlameOrb|Guts|Facade,Earthquake,HeadlongRush,Protect|||F|||50|,,,,,Ghost]Sinistcha-Masterpiece||SitrusBerry|Hospitality|MatchaGotcha,TrickRoom,LifeDew,RagePowder||||||50|,,,,,Water]Archaludon||AssaultVest|Stamina|BodyPress,FlashCannon,ElectroShot,Snarl|||F|||50|,,,,,Grass]Pelipper||FocusSash|Drizzle|Tailwind,WeatherBall,Hurricane,Protect|||F|||50|,,,,,Stellar]Dragonite||LoadedDice|Multiscale|ScaleShot,Haze,Protect,ExtremeSpeed|||M|||50|,,,,,Fairy]Gholdengo||ChoiceScarf|GoodasGold|MakeItRain,ShadowBall,Trick,Thunderbolt||||||50|,,,,,Flying
|inactive|Battle timer is ON: inactive players will automatically lose when time's up. (requested by Mandy's cendy)
|inactive|viaggioingiappone has 60 seconds left.
|
|t:|1756151392
|teamsize|p1|4
|teamsize|p2|4
|start
|switch|p1a: Tornadus??!|Whimsicott, L50, F|100/100
|switch|p1b: Silver Gate|Archaludon, L50, M|100/100
|switch|p2a: Archaludon|Archaludon, L50, F, shiny|100/100
|switch|p2b: Pelipper|Pelipper, L50, F|100/100
|-weather|RainDance|[from] ability: Drizzle|[of] p2b: Pelipper
|turn|1
|inactive|Mandy's cendy has 30 seconds left.
|inactive|Mandy's cendy has 20 seconds left.
|
|t:|1756151431
|-terastallize|p1b: Silver Gate|Stellar
|move|p1a: Tornadus??!|Fake Tears|p2a: Archaludon
|-unboost|p2a: Archaludon|spd|2
|move|p2a: Archaludon|Snarl|p1a: Tornadus??!|[spread] p1a,p1b
|-resisted|p1a: Tornadus??!
|-damage|p1a: Tornadus??!|93/100
|-damage|p1b: Silver Gate|83/100
|-unboost|p1b: Silver Gate|spa|1
|move|p1b: Silver Gate|Draco Meteor|p2a: Archaludon
|-damage|p2a: Archaludon|0 fnt
|-unboost|p1b: Silver Gate|spa|2
|faint|p2a: Archaludon
|move|p2b: Pelipper|Tailwind|p2b: Pelipper
|-sidestart|p2: Mandy's cendy|move: Tailwind
|
|-weather|RainDance|[upkeep]
|upkeep
|
|t:|1756151444
|switch|p2a: Dragonite|Dragonite, L50, M|100/100
|turn|2
|
|t:|1756151456
|-terastallize|p2a: Dragonite|Fairy
|move|p1a: Tornadus??!|Encore|p2b: Pelipper
|-start|p2b: Pelipper|Encore
|move|p2a: Dragonite|Scale Shot|p1b: Silver Gate
|-damage|p1b: Silver Gate|70/100
|-damage|p1b: Silver Gate|58/100
|-damage|p1b: Silver Gate|46/100
|-damage|p1b: Silver Gate|35/100
|-hitcount|p1b: Silver Gate|4
|-unboost|p2a: Dragonite|def|1
|-boost|p2a: Dragonite|spe|1
|move|p2b: Pelipper|Tailwind||[still]
|-fail|p2b: Pelipper
|move|p1b: Silver Gate|Electro Shot||[still]
|-prepare|p1b: Silver Gate|Electro Shot
|-boost|p1b: Silver Gate|spa|1
|-anim|p1b: Silver Gate|Electro Shot|p2a: Dragonite
|-damage|p2a: Dragonite|85/100
|
|-weather|RainDance|[upkeep]
|upkeep
|turn|3
|inactive|viaggioingiappone has 30 seconds left.
|inactive|viaggioingiappone has 20 seconds left.
|inactive|viaggioingiappone has 15 seconds left.
|
|t:|1756151500
|switch|p2b: Sinistcha|Sinistcha-Masterpiece, L50, shiny|100/100
|-heal|p2a: Dragonite|100/100|[from] ability: Hospitality|[of] p2b: Sinistcha
|switch|p1b: Rafa Leao|Gholdengo, L50|100/100
|move|p2a: Dragonite|Scale Shot|p1b: Rafa Leao
|-resisted|p1b: Rafa Leao
|-damage|p1b: Rafa Leao|91/100
|-resisted|p1b: Rafa Leao
|-damage|p1b: Rafa Leao|83/100
|-resisted|p1b: Rafa Leao
|-damage|p1b: Rafa Leao|74/100
|-resisted|p1b: Rafa Leao
|-damage|p1b: Rafa Leao|66/100
|-resisted|p1b: Rafa Leao
|-damage|p1b: Rafa Leao|57/100
|-hitcount|p1b: Rafa Leao|5
|-unboost|p2a: Dragonite|def|1
|-boost|p2a: Dragonite|spe|1
|move|p1a: Tornadus??!|Moonblast|p2b: Sinistcha
|-damage|p2b: Sinistcha|75/100
|
|-weather|RainDance|[upkeep]
|upkeep
|turn|4
|inactive|Mandy's cendy has 30 seconds left.
|inactive|Mandy's cendy has 20 seconds left.
|inactive|Mandy's cendy has 15 seconds left.
|
|t:|1756151544
|move|p2a: Dragonite|Scale Shot|p1b: Rafa Leao
|-resisted|p1b: Rafa Leao
|-damage|p1b: Rafa Leao|48/100
|-resisted|p1b: Rafa Leao
|-damage|p1b: Rafa Leao|39/100
|-resisted|p1b: Rafa Leao
|-damage|p1b: Rafa Leao|31/100
|-resisted|p1b: Rafa Leao
|-damage|p1b: Rafa Leao|22/100
|-hitcount|p1b: Rafa Leao|4
|-unboost|p2a: Dragonite|def|1
|-boost|p2a: Dragonite|spe|1
|move|p2b: Sinistcha|Life Dew||[still]|[spread] p2a,p2b
|-fail|p2a: Dragonite|heal
|-heal|p2b: Sinistcha|99/100
|move|p1a: Tornadus??!|Moonblast|p2a: Dragonite
|-damage|p2a: Dragonite|87/100
|move|p1b: Rafa Leao|Make It Rain|p2b: Sinistcha|[spread] p2a,p2b
|-supereffective|p2a: Dragonite
|-damage|p2a: Dragonite|0 fnt
|-damage|p2b: Sinistcha|33/100
|-unboost|p1b: Rafa Leao|spa|1
|-enditem|p2b: Sinistcha|Sitrus Berry|[eat]
|-heal|p2b: Sinistcha|57/100|[from] item: Sitrus Berry
|faint|p2a: Dragonite
|
|-weather|RainDance|[upkeep]
|-sideend|p2: Mandy's cendy|move: Tailwind
|upkeep
|
|t:|1756151563
|switch|p2a: Pelipper|Pelipper, L50, F|100/100
|turn|5
|
|t:|1756151582
|move|p2a: Pelipper|Protect|p2a: Pelipper
|-singleturn|p2a: Pelipper|Protect
|move|p1a: Tornadus??!|Encore|p2b: Sinistcha
|-start|p2b: Sinistcha|Encore
|move|p1b: Rafa Leao|Make It Rain|p2b: Sinistcha|[spread] p2b
|-activate|p2a: Pelipper|move: Protect
|-damage|p2b: Sinistcha|10/100
|-unboost|p1b: Rafa Leao|spa|1
|move|p2b: Sinistcha|Life Dew||[still]|[spread] p2a,p2b
|-fail|p2a: Pelipper|heal
|-heal|p2b: Sinistcha|35/100
|
|-weather|none
|upkeep
|turn|6
|
|t:|1756151606
|move|p1a: Tornadus??!|Encore|p2a: Pelipper
|-start|p2a: Pelipper|Encore
|move|p1b: Rafa Leao|Make It Rain|p2a: Pelipper|[spread] p2a,p2b
|-resisted|p2a: Pelipper
|-damage|p2a: Pelipper|70/100
|-damage|p2b: Sinistcha|0 fnt
|-unboost|p1b: Rafa Leao|spa|1
|faint|p2b: Sinistcha
|move|p2a: Pelipper|Protect||[still]
|-fail|p2a: Pelipper
|
|upkeep
|turn|7
|
|t:|1756151622
|switch|p1b: Silver Gate|Archaludon, L50, M, tera:Stellar|35/100
|move|p2a: Pelipper|Protect|p2a: Pelipper
|-singleturn|p2a: Pelipper|Protect
|move|p1a: Tornadus??!|Moonblast|p2a: Pelipper
|-activate|p2a: Pelipper|move: Protect
|
|upkeep
|turn|8
|
|t:|1756151632
|move|p2a: Pelipper|Protect|p2a: Pelipper
|-singleturn|p2a: Pelipper|Protect
|move|p1a: Tornadus??!|Tailwind|p1a: Tornadus??!
|-sidestart|p1: viaggioingiappone|move: Tailwind
|move|p1b: Silver Gate|Electro Shot||[still]
|-prepare|p1b: Silver Gate|Electro Shot
|-boost|p1b: Silver Gate|spa|1
|-enditem|p1b: Silver Gate|Power Herb
|-anim|p1b: Silver Gate|Electro Shot|p2a: Pelipper
|-activate|p2a: Pelipper|move: Protect
|
|-end|p2a: Pelipper|Encore
|upkeep
|turn|9
|
|t:|1756151647
|move|p1a: Tornadus??!|Encore|p2a: Pelipper
|-start|p2a: Pelipper|Encore
|move|p1b: Silver Gate|Draco Meteor|p2a: Pelipper
|-damage|p2a: Pelipper|0 fnt
|-unboost|p1b: Silver Gate|spa|2
|faint|p2a: Pelipper
|
|win|viaggioingiappone
|c|☆viaggioingiappone|gg
|c|☆viaggioingiappone|encore whimsi è fortissimo mamm mia
