|j|☆ILoveMIR
|j|☆CazTheMazMartin
|html|ILoveMIRCazTheMazMartin    
|uhtml|bestof|Game 1 of a best-of-3
|t:|1783637239
|gametype|doubles
|player|p1|ILoveMIR|shauntal|1441
|player|p2|CazTheMazMartin|burgh|1387
|gen|9
|tier|[Gen 9 Champions] VGC 2026 Reg M-B (Bo3)
|rated|
|rule|Species Clause: Limit one of each Pokémon
|rule|Item Clause: Limit 1 of each item
|clearpoke
|poke|p1|Blaziken, L50, F|
|poke|p1|Ninetales-Alola, L50, F|
|poke|p1|Tsareena, L50, F|
|poke|p1|Milotic, L50, M|
|poke|p1|Talonflame, L50, F|
|poke|p1|Glimmora, L50, F|
|poke|p2|Vivillon-Fancy, L50, F|
|poke|p2|Farigiraf, L50, F|
|poke|p2|Kingambit, L50, M|
|poke|p2|Camerupt, L50, F|
|poke|p2|Sylveon, L50, M|
|poke|p2|Blastoise, L50, M|
|teampreview|4
|showteam|p1|Blaziken||Blazikenite|SpeedBoost|FlareBlitz,CloseCombat,RockSlide,Detect|Adamant||F|||50|]Ninetales-Alola||NeverMeltIce|SnowWarning|Blizzard,FreezeDry,Encore,Protect|Timid||F|||50|]Tsareena||WideLens|QueenlyMajesty|PowerWhip,TripleAxel,LowKick,Protect|Adamant||F|||50|]Milotic||ExpertBelt|Competitive|Scald,IceBeam,Recover,Protect|Modest||M|||50|]Talonflame|||GaleWings|Acrobatics,WillOWisp,Tailwind,Protect|Jolly||F|||50|]Glimmora||FocusSash|ToxicDebris|SludgeBomb,PowerGem,EarthPower,SpikyShield|Modest||F|||50|
|showteam|p2|Vivillon-Fancy||FocusSash|CompoundEyes|SleepPowder,Protect,RagePowder,Hurricane|Timid||F|||50|]Farigiraf||SitrusBerry|ArmorTail|Psychic,Thunderbolt,TrickRoom,Protect|Relaxed||F|||50|]Kingambit||BlackGlasses|Defiant|KowtowCleave,SuckerPunch,SwordsDance,Protect|Brave||M|||50|]Camerupt||Cameruptite|SolidRock|HeatWave,EarthPower,AncientPower,Protect|Quiet||F|||50|]Sylveon||LifeOrb|Pixilate|HyperVoice,HyperBeam,QuickAttack,Detect|Quiet||M|||50|]Blastoise||Blastoisinite|Torrent|FakeOut,ShellSmash,WaterSpout,DarkPulse|Modest||M|||50|
|inactive|Battle timer is ON: inactive players will automatically lose when time's up. (requested by ILoveMIR)
|inactive|ILoveMIR has 60 seconds left.
|inactive|CazTheMazMartin has 60 seconds left.
|inactive|ILoveMIR has 30 seconds left.
|
|t:|1783637309
|teamsize|p1|4
|teamsize|p2|4
|start
|switch|p1a: Glimmora|Glimmora, L50, F|100/100
|switch|p1b: Tsareena|Tsareena, L50, F|100/100
|switch|p2a: Vivillon|Vivillon-Fancy, L50, F|100/100
|switch|p2b: Farigiraf|Farigiraf, L50, F|100/100
|turn|1
|
|t:|1783637337
|move|p2a: Vivillon|Hurricane|p1b: Tsareena
|-supereffective|p1b: Tsareena|1
|-damage|p1b: Tsareena|0 fnt
|faint|p1b: Tsareena
|move|p1a: Glimmora|Sludge Bomb|p2b: Farigiraf
|-damage|p2b: Farigiraf|51/100
|-status|p2b: Farigiraf|psn
|move|p2b: Farigiraf|Trick Room|p2b: Farigiraf
|-fieldstart|move: Trick Room|[of] p2b: Farigiraf
|
|-damage|p2b: Farigiraf|39/100 psn|[from] psn
|upkeep
|-enditem|p2b: Farigiraf|Sitrus Berry|[eat]
|-heal|p2b: Farigiraf|63/100 psn|[from] item: Sitrus Berry
|
|t:|1783637342
|switch|p1b: Milotic|Milotic, L50, M|100/100
|turn|2
|
|t:|1783637358
|move|p2b: Farigiraf|Thunderbolt|p1b: Milotic
|-supereffective|p1b: Milotic|1
|-damage|p1b: Milotic|66/100
|move|p1b: Milotic|Ice Beam|p2a: Vivillon
|-supereffective|p2a: Vivillon|1
|-enditem|p2a: Vivillon|Focus Sash
|-damage|p2a: Vivillon|1/100
|move|p1a: Glimmora|Power Gem|p2a: Vivillon
|-supereffective|p2a: Vivillon|2
|-damage|p2a: Vivillon|0 fnt
|faint|p2a: Vivillon
|
|-damage|p2b: Farigiraf|51/100 psn|[from] psn
|upkeep
|
|t:|1783637363
|switch|p2a: Sylveon|Sylveon, L50, M|100/100
|turn|3
|
|t:|1783637369
|move|p1b: Milotic|Protect|p1b: Milotic
|-singleturn|p1b: Milotic|Protect
|move|p1a: Glimmora|Spiky Shield|p1a: Glimmora
|-singleturn|p1a: Glimmora|move: Protect
|move|p2a: Sylveon|Hyper Voice|p1a: Glimmora|[spread] 
|-activate|p1a: Glimmora|move: Protect
|-activate|p1b: Milotic|move: Protect
|move|p2b: Farigiraf|Psychic|p1a: Glimmora
|-activate|p1a: Glimmora|move: Protect
|
|-damage|p2b: Farigiraf|39/100 psn|[from] psn
|upkeep
|turn|4
|
|t:|1783637379
|move|p2a: Sylveon|Hyper Voice|p1b: Milotic|[spread] p1a,p1b
|-resisted|p1a: Glimmora|1
|-damage|p1a: Glimmora|63/100
|-damage|p1b: Milotic|27/100
|-damage|p2a: Sylveon|90/100|[from] item: Life Orb
|move|p2b: Farigiraf|Psychic|p1a: Glimmora
|-supereffective|p1a: Glimmora|1
|-damage|p1a: Glimmora|0 fnt
|faint|p1a: Glimmora
|move|p1b: Milotic|Recover|p1b: Milotic
|-heal|p1b: Milotic|77/100
|
|-damage|p2b: Farigiraf|26/100 psn|[from] psn
|upkeep
|
|t:|1783637382
|switch|p1a: Blaziken|Blaziken, L50, F|100/100
|turn|5
|
|t:|1783637401
|detailschange|p1a: Blaziken|Blaziken-Mega, L50, F
|-mega|p1a: Blaziken|Blaziken|Blazikenite
|move|p1a: Blaziken|Detect|p1a: Blaziken
|-singleturn|p1a: Blaziken|Protect
|move|p2a: Sylveon|Hyper Voice|p1b: Milotic|[spread] p1b
|-activate|p1a: Blaziken|move: Protect
|-damage|p1b: Milotic|41/100
|-damage|p2a: Sylveon|80/100|[from] item: Life Orb
|move|p2b: Farigiraf|Thunderbolt|p1b: Milotic
|-supereffective|p1b: Milotic|1
|-damage|p1b: Milotic|6/100
|-status|p1b: Milotic|par
|move|p1b: Milotic|Scald|p2a: Sylveon
|-damage|p2a: Sylveon|54/100
|
|-damage|p2b: Farigiraf|14/100 psn|[from] psn
|-fieldend|move: Trick Room
|-ability|p1a: Blaziken|Speed Boost|boost
|-boost|p1a: Blaziken|spe|1
|upkeep
|turn|6
|inactive|ILoveMIR has 30 seconds left.
|inactive|ILoveMIR has 20 seconds left.
|inactive|ILoveMIR has 15 seconds left.
|inactive|ILoveMIR has 10 seconds left.
|
|t:|1783637447
|move|p2a: Sylveon|Quick Attack|p1b: Milotic
|-damage|p1b: Milotic|0 fnt
|faint|p1b: Milotic
|-damage|p2a: Sylveon|44/100|[from] item: Life Orb
|move|p1a: Blaziken|Rock Slide|p2b: Farigiraf|[spread] p2a,p2b
|-damage|p2a: Sylveon|10/100
|-damage|p2b: Farigiraf|0 fnt
|faint|p2b: Farigiraf
|
|-ability|p1a: Blaziken|Speed Boost|boost
|-boost|p1a: Blaziken|spe|1
|upkeep
|
|t:|1783637449
|switch|p2b: Camerupt|Camerupt, L50, F|100/100
|turn|7
|
|t:|1783637452
|detailschange|p2b: Camerupt|Camerupt-Mega, L50, F
|-mega|p2b: Camerupt|Camerupt|Cameruptite
|move|p1a: Blaziken|Detect|p1a: Blaziken
|-singleturn|p1a: Blaziken|Protect
|move|p2a: Sylveon|Hyper Voice|p1a: Blaziken
|-activate|p1a: Blaziken|move: Protect
|move|p2b: Camerupt|Earth Power|p1a: Blaziken
|-activate|p1a: Blaziken|move: Protect
|
|-ability|p1a: Blaziken|Speed Boost|boost
|-boost|p1a: Blaziken|spe|1
|upkeep
|turn|8
|
|t:|1783637456
|move|p1a: Blaziken|Close Combat|p2b: Camerupt
|-damage|p2b: Camerupt|24/100
|-unboost|p1a: Blaziken|def|1
|-unboost|p1a: Blaziken|spd|1
|move|p2a: Sylveon|Hyper Beam|p1a: Blaziken
|-damage|p1a: Blaziken|0 fnt
|-mustrecharge|p2a: Sylveon
|faint|p1a: Blaziken
|-damage|p2a: Sylveon|1/100|[from] item: Life Orb
|
|win|CazTheMazMartin
