|j|☆zpoogi
|j|☆raucho
|html|zpoogiraucho    
|uhtml|bestof|Game 1 of a best-of-3
|t:|1757745487
|gametype|doubles
|player|p1|zpoogi|az|1050
|player|p2|raucho|n|1199
|gen|9
|tier|[Gen 9] VGC 2025 Reg H (Bo3)
|rated|
|rule|Species Clause: Limit one of each Pokémon
|rule|Item Clause: Limit 1 of each item
|clearpoke
|poke|p1|Chesnaught, L50, M|
|poke|p1|Indeedee, L50, M|
|poke|p1|Sneasler, L50, F|
|poke|p1|Sinistcha-Masterpiece, L50|
|poke|p1|Pelipper, L50, F|
|poke|p1|Basculegion, L50, M|
|poke|p2|Gholdengo, L50|
|poke|p2|Whimsicott, L50, M|
|poke|p2|Indeedee, L50, M|
|poke|p2|Sneasler, L50, F|
|poke|p2|Electabuzz, L50, M|
|poke|p2|Ursaluna-Bloodmoon, L50, M|
|teampreview|4
|showteam|p1|Chesnaught||PsychicSeed|Bulletproof|BulkUp,Crunch,DrainPunch,SpikyShield|||M|||50|,,,,,Fire]Indeedee||ChoiceScarf|PsychicSurge|ExpandingForce,TeraBlast,Trick,Protect|||M|||50|,,,,,Psychic]Sneasler||WhiteHerb|Unburden|CloseCombat,DireClaw,Protect,Coaching|||F|||50|,,,,,Stellar]Sinistcha-Masterpiece||SitrusBerry|Hospitality|MatchaGotcha,RagePowder,TrickRoom,LifeDew||||||50|,,,,,Water]Pelipper||FocusSash|Drizzle|WeatherBall,Hurricane,Tailwind,Protect|||F|||50|,,,,,Stellar]Basculegion||ChoiceBand|SwiftSwim|WaveCrash,LastRespects,FlipTurn,AquaJet|||M|||50|,,,,,Water
|showteam|p2|Gholdengo||IronPlate|GoodasGold|MakeItRain,ShadowBall,NastyPlot,Protect||||||50|,,,,,Dragon]Whimsicott||CovertCloak|Prankster|Moonblast,Tailwind,LightScreen,Encore|||M|||50|,,,,,Rock]Indeedee||FocusSash|PsychicSurge|ExpandingForce,Imprison,TrickRoom,Protect|||M|||50|,,,,,Psychic]Sneasler||PsychicSeed|Unburden|ThroatChop,CloseCombat,DireClaw,Protect|||F|||50|,,,,,Dark]Electabuzz||Eviolite|VitalSpirit|Electroweb,Taunt,FollowMe,Protect|||M|||50|,,,,,Dragon]Ursaluna-Bloodmoon||LifeOrb|MindsEye|HyperVoice,BloodMoon,EarthPower,Protect|||M|||50|,,,,,Normal
|inactive|Battle timer is ON: inactive players will automatically lose when time's up. (requested by raucho)
|inactive|raucho has 60 seconds left.
|
|t:|1757745519
|teamsize|p1|4
|teamsize|p2|4
|start
|switch|p1a: Sinistcha|Sinistcha-Masterpiece, L50|100/100
|switch|p1b: Sneasler|Sneasler, L50, F|100/100
|switch|p2a: Electabuzz|Electabuzz, L50, M, shiny|100/100
|switch|p2b: Whimsicott|Whimsicott, L50, M, shiny|100/100
|turn|1
|
|t:|1757745542
|move|p1b: Sneasler|Dire Claw|p2b: Whimsicott
|-supereffective|p2b: Whimsicott
|-damage|p2b: Whimsicott|0 fnt
|faint|p2b: Whimsicott
|move|p2a: Electabuzz|Taunt|p1a: Sinistcha
|-start|p1a: Sinistcha|move: Taunt
|move|p1a: Sinistcha|Matcha Gotcha|p2a: Electabuzz
|-damage|p2a: Electabuzz|74/100
|-status|p2a: Electabuzz|brn
|
|-damage|p2a: Electabuzz|68/100 brn|[from] brn
|upkeep
|
|t:|1757745559
|switch|p2b: Indeedee|Indeedee, L50, M, shiny|100/100
|-fieldstart|move: Psychic Terrain|[from] ability: Psychic Surge|[of] p2b: Indeedee
|turn|2
|
|t:|1757745569
|move|p1b: Sneasler|Protect|p1b: Sneasler
|-singleturn|p1b: Sneasler|Protect
|move|p2b: Indeedee|Protect|p2b: Indeedee
|-singleturn|p2b: Indeedee|Protect
|move|p2a: Electabuzz|Electroweb|p1a: Sinistcha|[spread] p1a
|-activate|p1b: Sneasler|move: Protect
|-resisted|p1a: Sinistcha
|-damage|p1a: Sinistcha|93/100
|-unboost|p1a: Sinistcha|spe|1
|move|p1a: Sinistcha|Matcha Gotcha|p2a: Electabuzz|[spread] 
|-activate|p2b: Indeedee|move: Protect
|-miss|p1a: Sinistcha|p2a: Electabuzz
|
|-damage|p2a: Electabuzz|62/100 brn|[from] brn
|upkeep
|turn|3
|inactive|raucho has 30 seconds left.
|
|t:|1757745595
|move|p2a: Electabuzz|Follow Me|p2a: Electabuzz
|-singleturn|p2a: Electabuzz|move: Follow Me
|move|p1b: Sneasler|Close Combat|p2a: Electabuzz
|-damage|p2a: Electabuzz|3/100 brn
|-unboost|p1b: Sneasler|def|1
|-unboost|p1b: Sneasler|spd|1
|-enditem|p1b: Sneasler|White Herb
|-clearnegativeboost|p1b: Sneasler|[silent]
|move|p2b: Indeedee|Expanding Force|p1b: Sneasler|[spread] p1a,p1b
|-supereffective|p1b: Sneasler
|-damage|p1a: Sinistcha|32/100
|-damage|p1b: Sneasler|0 fnt
|-enditem|p1a: Sinistcha|Sitrus Berry|[eat]
|-heal|p1a: Sinistcha|57/100|[from] item: Sitrus Berry
|faint|p1b: Sneasler
|move|p1a: Sinistcha|Matcha Gotcha|p2a: Electabuzz|[spread] p2b
|-miss|p1a: Sinistcha|p2a: Electabuzz
|-damage|p2b: Indeedee|64/100
|-heal|p1a: Sinistcha|72/100|[from] drain|[of] p2b: Indeedee
|
|-damage|p2a: Electabuzz|0 fnt|[from] brn
|faint|p2a: Electabuzz
|-end|p1a: Sinistcha|move: Taunt
|upkeep
|
|t:|1757745608
|switch|p1b: Chesnaught|Chesnaught, L50, M|100/100
|switch|p2a: Sneasler|Sneasler, L50, F, shiny|100/100
|-enditem|p2a: Sneasler|Psychic Seed
|-boost|p2a: Sneasler|spd|1|[from] item: Psychic Seed
|-enditem|p1b: Chesnaught|Psychic Seed
|-boost|p1b: Chesnaught|spd|1|[from] item: Psychic Seed
|turn|4
|
|t:|1757745628
|-terastallize|p2b: Indeedee|Psychic
|-terastallize|p1b: Chesnaught|Fire
|move|p2a: Sneasler|Throat Chop|p1a: Sinistcha
|-supereffective|p1a: Sinistcha
|-damage|p1a: Sinistcha|31/100
|-start|p1a: Sinistcha|Throat Chop|[silent]
|move|p2b: Indeedee|Expanding Force|p1a: Sinistcha|[spread] p1a,p1b
|-damage|p1a: Sinistcha|0 fnt
|-damage|p1b: Chesnaught|49/100
|faint|p1a: Sinistcha
|move|p1b: Chesnaught|Crunch|p2b: Indeedee
|-supereffective|p2b: Indeedee
|-damage|p2b: Indeedee|0 fnt
|faint|p2b: Indeedee
|
|upkeep
|
|t:|1757745637
|switch|p1a: Pelipper|Pelipper, L50, F|100/100
|-weather|RainDance|[from] ability: Drizzle|[of] p1a: Pelipper
|turn|5
|
|t:|1757745645
|move|p2a: Sneasler|Dire Claw|p1a: Pelipper
|-damage|p1a: Pelipper|45/100
|move|p1a: Pelipper|Hurricane|p2a: Sneasler
|-supereffective|p2a: Sneasler
|-damage|p2a: Sneasler|16/100
|move|p1b: Chesnaught|Bulk Up|p1b: Chesnaught
|-boost|p1b: Chesnaught|atk|1
|-boost|p1b: Chesnaught|def|1
|
|-weather|RainDance|[upkeep]
|upkeep
|turn|6
|
|t:|1757745659
|move|p1a: Pelipper|Protect|p1a: Pelipper
|-singleturn|p1a: Pelipper|Protect
|move|p2a: Sneasler|Dire Claw|p1a: Pelipper
|-activate|p1a: Pelipper|move: Protect
|move|p1b: Chesnaught|Drain Punch|p2a: Sneasler
|-resisted|p2a: Sneasler
|-damage|p2a: Sneasler|0 fnt
|-heal|p1b: Chesnaught|55/100|[from] drain|[of] p2a: Sneasler
|faint|p2a: Sneasler
|
|win|zpoogi
