|j|☆Luxerna
|j|☆noka47
|html|Luxernanoka47    
|uhtml|bestof|Game 2 of a best-of-3
|t:|1782235921
|gametype|doubles
|player|p1|Luxerna|dawn-gen4pt|1151
|player|p2|noka47|101|1194
|gen|9
|tier|[Gen 9 Champions] VGC 2026 Reg M-B (Bo3)
|rated|
|rule|Species Clause: Limit one of each Pokémon
|rule|Item Clause: Limit 1 of each item
|clearpoke
|poke|p1|Whimsicott, L50, M|
|poke|p1|Delphox, L50, M|
|poke|p1|Staraptor, L50, F, shiny|
|poke|p1|Garchomp, L50, F|
|poke|p1|Kingambit, L50, F|
|poke|p1|Basculegion, L50, M|
|poke|p2|Mawile, L50, M|
|poke|p2|Incineroar, L50, F|
|poke|p2|Sneasler, L50, F|
|poke|p2|Pelipper, L50, M|
|poke|p2|Farigiraf, L50, F|
|poke|p2|Sinistcha, L50|
|teampreview|4
|showteam|p1|Whimsicott||FocusSash|Prankster|Moonblast,Tailwind,Taunt,Charm|Timid||M|||50|]Delphox||Delphoxite|Blaze|Protect,Encore,HeatWave,Psychic|Timid||M|||50|]Staraptor||Staraptite|Intimidate|Protect,CloseCombat,BraveBird,Roost|Jolly||F|||50|]Garchomp||LifeOrb|RoughSkin|Protect,Earthquake,RockSlide,DragonClaw|Adamant||F|||50|]Kingambit||ChopleBerry|Defiant|Protect,KowtowCleave,SuckerPunch,SwordsDance|Brave||F|||50|]Basculegion||MysticWater|Adaptability|Protect,LastRespects,WaveCrash,AquaJet|Adamant||M|||50|
|showteam|p2|Mawile||Mawilite|Intimidate|IronHead,PlayRough,SuckerPunch,Protect|Adamant||M|||50|]Incineroar||PasshoBerry|Intimidate|FlareBlitz,DarkestLariat,FakeOut,PartingShot|Adamant||F|||50|]Sneasler||WhiteHerb|Unburden|CloseCombat,DireClaw,FakeOut,Protect|Adamant||F|||50|]Pelipper||LifeOrb|Drizzle|Hurricane,WeatherBall,IceBeam,Protect|Modest||M|||50|]Farigiraf||ColburBerry|ArmorTail|Psychic,Thunderbolt,TrickRoom,Protect|Quiet||F|||50|]Sinistcha||SitrusBerry|Hospitality|MatchaGotcha,RagePowder,TrickRoom,ShadowBall|Relaxed|||||50|
|
|t:|1782235986
|teamsize|p1|4
|teamsize|p2|4
|start
|switch|p1a: Delphox|Delphox, L50, M|100/100
|switch|p1b: Kingambit|Kingambit, L50, F|100/100
|switch|p2a: Sneasler|Sneasler, L50, F|100/100
|switch|p2b: Farigiraf|Farigiraf, L50, F|100/100
|turn|1
|
|t:|1782236013
|move|p2a: Sneasler|Fake Out|p1a: Delphox
|-damage|p1a: Delphox|79/100
|cant|p1a: Delphox|flinch
|move|p1b: Kingambit|Kowtow Cleave|p2b: Farigiraf
|-supereffective|p2b: Farigiraf|1
|-enditem|p2b: Farigiraf|Colbur Berry|[eat]
|-enditem|p2b: Farigiraf|Colbur Berry|[weaken]
|-damage|p2b: Farigiraf|46/100
|move|p2b: Farigiraf|Trick Room|p2b: Farigiraf
|-fieldstart|move: Trick Room|[of] p2b: Farigiraf
|
|upkeep
|turn|2
|
|t:|1782236037
|switch|p2b: Pelipper|Pelipper, L50, M|100/100
|-weather|RainDance|[from] ability: Drizzle|[of] p2b: Pelipper
|move|p2a: Sneasler|Protect|p2a: Sneasler
|-singleturn|p2a: Sneasler|Protect
|move|p1b: Kingambit|Kowtow Cleave|p2b: Pelipper
|-damage|p2b: Pelipper|47/100
|move|p1a: Delphox|Psychic|p2a: Sneasler
|-activate|p2a: Sneasler|move: Protect
|
|-weather|RainDance|[upkeep]
|upkeep
|turn|3
|
|t:|1782236083
|switch|p2a: Farigiraf|Farigiraf, L50, F|46/100
|move|p2b: Pelipper|Protect|p2b: Pelipper
|-singleturn|p2b: Pelipper|Protect
|move|p1b: Kingambit|Kowtow Cleave|p2b: Pelipper
|-activate|p2b: Pelipper|move: Protect
|move|p1a: Delphox|Psychic|p2a: Farigiraf
|-resisted|p2a: Farigiraf|1
|-damage|p2a: Farigiraf|27/100
|
|-weather|RainDance|[upkeep]
|upkeep
|turn|4
|
|t:|1782236107
|switch|p2b: Sneasler|Sneasler, L50, F|100/100
|move|p1b: Kingambit|Kowtow Cleave|p2b: Sneasler
|-resisted|p2b: Sneasler|1
|-damage|p2b: Sneasler|59/100
|move|p2a: Farigiraf|Thunderbolt|p1a: Delphox
|-damage|p1a: Delphox|49/100
|move|p1a: Delphox|Heat Wave|p2b: Sneasler|[spread] p2b
|-miss|p1a: Delphox|p2a: Farigiraf
|-damage|p2b: Sneasler|38/100
|
|-weather|RainDance|[upkeep]
|upkeep
|turn|5
|
|t:|1782236122
|switch|p1a: Basculegion|Basculegion, L50, M|100/100
|move|p2b: Sneasler|Fake Out|p1b: Kingambit
|-resisted|p1b: Kingambit|1
|-damage|p1b: Kingambit|94/100
|cant|p1b: Kingambit|flinch
|move|p2a: Farigiraf|Thunderbolt|p1a: Basculegion
|-supereffective|p1a: Basculegion|1
|-damage|p1a: Basculegion|42/100
|
|-weather|RainDance|[upkeep]
|-fieldend|move: Trick Room
|upkeep
|turn|6
|
|t:|1782236136
|move|p2b: Sneasler|Protect|p2b: Sneasler
|-singleturn|p2b: Sneasler|Protect
|move|p1b: Kingambit|Protect|p1b: Kingambit
|-singleturn|p1b: Kingambit|Protect
|move|p1a: Basculegion|Wave Crash|p2b: Sneasler
|-activate|p2b: Sneasler|move: Protect
|move|p2a: Farigiraf|Thunderbolt|p1a: Basculegion
|-supereffective|p1a: Basculegion|1
|-damage|p1a: Basculegion|0 fnt
|faint|p1a: Basculegion
|
|-weather|none
|upkeep
|
|t:|1782236141
|switch|p1a: Delphox|Delphox, L50, M|49/100
|turn|7
|
|t:|1782236152
|detailschange|p1a: Delphox|Delphox-Mega, L50, M
|-mega|p1a: Delphox|Delphox|Delphoxite
|move|p1a: Delphox|Psychic|p2b: Sneasler
|-supereffective|p2b: Sneasler|2
|-damage|p2b: Sneasler|0 fnt
|faint|p2b: Sneasler
|move|p1b: Kingambit|Kowtow Cleave|p2a: Farigiraf
|-supereffective|p2a: Farigiraf|1
|-damage|p2a: Farigiraf|0 fnt
|faint|p2a: Farigiraf
|
|upkeep
|
|t:|1782236161
|switch|p2b: Pelipper|Pelipper, L50, M|47/100
|switch|p2a: Mawile|Mawile, L50, M|100/100
|-weather|RainDance|[from] ability: Drizzle|[of] p2b: Pelipper
|-ability|p2a: Mawile|Intimidate|boost
|-unboost|p1a: Delphox|atk|1
|-unboost|p1b: Kingambit|atk|1
|-ability|p1b: Kingambit|Defiant|boost
|-boost|p1b: Kingambit|atk|2
|turn|8
|
|t:|1782236174
|detailschange|p2a: Mawile|Mawile-Mega, L50, M
|-mega|p2a: Mawile|Mawile|Mawilite
|move|p1a: Delphox|Protect|p1a: Delphox
|-singleturn|p1a: Delphox|Protect
|move|p2b: Pelipper|Protect|p2b: Pelipper
|-singleturn|p2b: Pelipper|Protect
|move|p1b: Kingambit|Protect|p1b: Kingambit
|-singleturn|p1b: Kingambit|Protect
|move|p2a: Mawile|Play Rough|p1b: Kingambit
|-activate|p1b: Kingambit|move: Protect
|
|-weather|RainDance|[upkeep]
|upkeep
|turn|9
|
|t:|1782236189
|move|p2a: Mawile|Sucker Punch||[still]
|-fail|p2a: Mawile
|move|p1a: Delphox|Encore|p2b: Pelipper
|-start|p2b: Pelipper|Encore
|move|p2b: Pelipper|Protect|p2b: Pelipper
|-singleturn|p2b: Pelipper|Protect
|move|p1b: Kingambit|Kowtow Cleave|p2a: Mawile
|-resisted|p2a: Mawile|1
|-damage|p2a: Mawile|66/100
|
|-weather|RainDance|[upkeep]
|upkeep
|turn|10
|
|t:|1782236206
|move|p2b: Pelipper|Protect||[still]
|-fail|p2b: Pelipper
|move|p1a: Delphox|Encore|p2a: Mawile
|-start|p2a: Mawile|Encore
|move|p2a: Mawile|Sucker Punch||[still]
|-fail|p2a: Mawile
|move|p1b: Kingambit|Kowtow Cleave|p2b: Pelipper
|-damage|p2b: Pelipper|0 fnt
|faint|p2b: Pelipper
|
|-weather|RainDance|[upkeep]
|upkeep
|turn|11
|-message|noka47 forfeited.
|
|win|Luxerna
|raw|Luxerna's rating: 1151 → 1179(+28 for winning)
|raw|noka47's rating: 1194 → 1166(-28 for losing)
