|j|☆pkmnmstrjc
|j|☆Cool account name
|html|pkmnmstrjcCool account name    
|uhtml|bestof|Game 2 of a best-of-3
|t:|1757910408
|gametype|doubles
|player|p1|pkmnmstrjc|silver|1000
|player|p2|Cool account name|lucas|1108
|gen|9
|tier|[Gen 9] VGC 2025 Reg H (Bo3)
|rated|
|rule|Species Clause: Limit one of each Pokémon
|rule|Item Clause: Limit 1 of each item
|clearpoke
|poke|p1|Gholdengo, L50|
|poke|p1|Dragonite, L50, M|
|poke|p1|Rillaboom, L50, M|
|poke|p1|Ninetales-Alola, L50, M|
|poke|p1|Ursaluna-Bloodmoon, L50, M|
|poke|p1|Magmar, L50, F|
|poke|p2|Dondozo, L50, F|
|poke|p2|Tatsugiri, L50, M|
|poke|p2|Indeedee, L50, M|
|poke|p2|Garchomp, L50, M|
|poke|p2|Gholdengo, L50|
|poke|p2|Murkrow, L50, M|
|teampreview|4
|showteam|p1|Gholdengo||LifeOrb|GoodasGold|NastyPlot,ShadowBall,Protect,MakeItRain||||||50|,,,,,Dragon]Dragonite||LoadedDice|Multiscale|Tailwind,ScaleShot,Protect,ExtremeSpeed|||M|||50|,,,,,Steel]Rillaboom||MiracleSeed|GrassySurge|FakeOut,GrassyGlide,HighHorsepower,WoodHammer|||M|||50|,,,,,Fire]Ninetales-Alola||CovertCloak|SnowWarning|Encore,IcyWind,Blizzard,AuroraVeil|||M|||50|,,,,,Steel]Ursaluna-Bloodmoon||AssaultVest|MindsEye|BloodMoon,EarthPower,VacuumWave,HyperVoice|||M|||50|,,,,,Water]Magmar||Eviolite|FlameBody|Overheat,WillOWisp,Protect,FollowMe|||F|||50|,,,,,Grass
|showteam|p2|Dondozo||Leftovers|Unaware|OrderUp,Earthquake,WaveCrash,Protect|||F|||50|,,,,,Grass]Tatsugiri||FocusSash|Commander|DracoMeteor,MuddyWater,IcyWind,Protect|||M|||50|,,,,,Stellar]Indeedee||ChoiceScarf|PsychicSurge|ExpandingForce,Trick,AfterYou,HyperVoice|||M|||50|,,,,,Psychic]Garchomp||LifeOrb|RoughSkin|Earthquake,StompingTantrum,DragonClaw,Protect|||M|||50|,,,,,Ground]Gholdengo||ChoiceSpecs|GoodasGold|MakeItRain,ShadowBall,SteelBeam,Thunderbolt||||||50|,,,,,Steel]Murkrow||Eviolite|Prankster|FoulPlay,Tailwind,Quash,Haze|||M|||50|,,,,,Ghost
|inactive|Battle timer is ON: inactive players will automatically lose when time's up. (requested by Cool account name)
|inactive|pkmnmstrjc has 60 seconds left.
|
|t:|1757910443
|teamsize|p1|4
|teamsize|p2|4
|start
|switch|p1a: Magmar|Magmar, L50, F|100/100
|switch|p1b: Dragonite|Dragonite, L50, M|100/100
|switch|p2a: Gholdengo|Gholdengo, L50|100/100
|switch|p2b: Murkrow|Murkrow, L50, M|100/100
|turn|1
|inactive|Cool account name has 30 seconds left.
|
|t:|1757910473
|move|p2b: Murkrow|Tailwind|p2b: Murkrow
|-sidestart|p2: Cool account name|move: Tailwind
|move|p2a: Gholdengo|Shadow Ball|p1b: Dragonite
|-damage|p1b: Dragonite|63/100
|move|p1b: Dragonite|Tailwind|p1b: Dragonite
|-sidestart|p1: pkmnmstrjc|move: Tailwind
|move|p1a: Magmar|Overheat|p2a: Gholdengo
|-supereffective|p2a: Gholdengo
|-damage|p2a: Gholdengo|0 fnt
|-unboost|p1a: Magmar|spa|2
|faint|p2a: Gholdengo
|
|upkeep
|
|t:|1757910482
|switch|p2a: Dondozo|Dondozo, L50, F|100/100
|turn|2
|
|t:|1757910506
|switch|p2b: Tatsugiri|Tatsugiri, L50, M, shiny|100/100
|-activate|p2b: Tatsugiri|ability: Commander|[of] p2a: Dondozo
|-boost|p2a: Dondozo|atk|2
|-boost|p2a: Dondozo|spa|2
|-boost|p2a: Dondozo|spe|2
|-boost|p2a: Dondozo|def|2
|-boost|p2a: Dondozo|spd|2
|-terastallize|p1a: Magmar|Grass
|move|p2a: Dondozo|Order Up|p1b: Dragonite
|-supereffective|p1b: Dragonite
|-damage|p1b: Dragonite|0 fnt
|faint|p1b: Dragonite
|-boost|p2a: Dondozo|atk|1
|move|p1a: Magmar|Will-O-Wisp|p2a: Dondozo
|-status|p2a: Dondozo|brn
|
|-damage|p2a: Dondozo|94/100 brn|[from] brn
|upkeep
|
|t:|1757910529
|switch|p1b: Ursaluna|Ursaluna-Bloodmoon, L50, M|100/100
|turn|3
|
|t:|1757910543
|move|p1a: Magmar|Follow Me|p1a: Magmar
|-singleturn|p1a: Magmar|move: Follow Me
|move|p2a: Dondozo|Wave Crash|p1a: Magmar
|-resisted|p1a: Magmar
|-damage|p1a: Magmar|78/100
|-damage|p2a: Dondozo|89/100 brn|[from] Recoil
|move|p1b: Ursaluna|Blood Moon|p2a: Dondozo
|-damage|p2a: Dondozo|57/100 brn
|
|-heal|p2a: Dondozo|64/100 brn|[from] item: Leftovers
|-damage|p2a: Dondozo|57/100 brn|[from] brn
|upkeep
|turn|4
|
|t:|1757910560
|move|p1a: Magmar|Follow Me|p1a: Magmar
|-singleturn|p1a: Magmar|move: Follow Me
|move|p2a: Dondozo|Order Up|p1a: Magmar
|-damage|p1a: Magmar|56/100
|-boost|p2a: Dondozo|atk|1
|move|p1b: Ursaluna|Hyper Voice|p2b: Tatsugiri|[spread] p2a
|-miss|p1b: Ursaluna|p2b: Tatsugiri
|-damage|p2a: Dondozo|41/100 brn
|
|-heal|p2a: Dondozo|47/100 brn|[from] item: Leftovers
|-damage|p2a: Dondozo|41/100 brn|[from] brn
|-sideend|p2: Cool account name|move: Tailwind
|-sideend|p1: pkmnmstrjc|move: Tailwind
|upkeep
|turn|5
|inactive|pkmnmstrjc has 30 seconds left.
|
|t:|1757910588
|move|p1a: Magmar|Follow Me|p1a: Magmar
|-singleturn|p1a: Magmar|move: Follow Me
|move|p2a: Dondozo|Order Up|p1a: Magmar
|-damage|p1a: Magmar|29/100
|-boost|p2a: Dondozo|atk|1
|move|p1b: Ursaluna|Blood Moon|p2a: Dondozo
|-damage|p2a: Dondozo|10/100 brn
|
|-heal|p2a: Dondozo|16/100 brn|[from] item: Leftovers
|-damage|p2a: Dondozo|10/100 brn|[from] brn
|upkeep
|turn|6
|
|t:|1757910606
|move|p1b: Ursaluna|Vacuum Wave|p2a: Dondozo
|-damage|p2a: Dondozo|3/100 brn
|move|p2a: Dondozo|Order Up|p1a: Magmar
|-damage|p1a: Magmar|0 fnt
|faint|p1a: Magmar
|-boost|p2a: Dondozo|atk|1
|
|-heal|p2a: Dondozo|9/100 brn|[from] item: Leftovers
|-damage|p2a: Dondozo|3/100 brn|[from] brn
|upkeep
|
|t:|1757910617
|switch|p1a: Gholdengo|Gholdengo, L50|100/100
|turn|7
|
|t:|1757910629
|move|p2a: Dondozo|Protect|p2a: Dondozo
|-singleturn|p2a: Dondozo|Protect
|move|p1b: Ursaluna|Vacuum Wave|p2a: Dondozo
|-activate|p2a: Dondozo|move: Protect
|move|p1a: Gholdengo|Nasty Plot|p1a: Gholdengo
|-boost|p1a: Gholdengo|spa|2
|
|-heal|p2a: Dondozo|9/100 brn|[from] item: Leftovers
|-damage|p2a: Dondozo|3/100 brn|[from] brn
|upkeep
|turn|8
|
|t:|1757910644
|move|p1a: Gholdengo|Protect|p1a: Gholdengo
|-singleturn|p1a: Gholdengo|Protect
|move|p1b: Ursaluna|Vacuum Wave|p2a: Dondozo
|-damage|p2a: Dondozo|0 fnt
|faint|p2a: Dondozo
|
|upkeep
|
|t:|1757910648
|switch|p2a: Murkrow|Murkrow, L50, M|100/100
|turn|9
|
|t:|1757910655
|-terastallize|p2b: Tatsugiri|Stellar
|move|p2a: Murkrow|Tailwind|p2a: Murkrow
|-sidestart|p2: Cool account name|move: Tailwind
|move|p2b: Tatsugiri|Muddy Water|p1a: Gholdengo|[spread] p1b
|-miss|p2b: Tatsugiri|p1a: Gholdengo
|-supereffective|p1b: Ursaluna
|-damage|p1b: Ursaluna|37/100
|move|p1a: Gholdengo|Make It Rain|p2a: Murkrow|[spread] p2a,p2b
|-resisted|p2b: Tatsugiri
|-damage|p2a: Murkrow|0 fnt
|-damage|p2b: Tatsugiri|19/100
|-unboost|p1a: Gholdengo|spa|1
|faint|p2a: Murkrow
|-damage|p1a: Gholdengo|91/100|[from] item: Life Orb
|move|p1b: Ursaluna|Hyper Voice|p2b: Tatsugiri
|-damage|p2b: Tatsugiri|0 fnt
|faint|p2b: Tatsugiri
|
|win|pkmnmstrjc
||Cool account name is ready for game 3.
|inactive|pkmnmstrjc has 30 seconds to confirm battle start!
|inactive|pkmnmstrjc has 20 seconds to confirm battle start!
||pkmnmstrjc is ready for game 3.
|uhtml|next|Next: Game 3 of 3
