|j|â˜†Silvervaliantxyz
|j|â˜†Gabeeel
|html|SilvervaliantxyzGabeeel    
|uhtml|bestof|Game 2 of a best-of-3
|t:|1783198749
|gametype|doubles
|player|p1|Silvervaliantxyz|riley|
|player|p2|Gabeeel|iris|
|gen|9
|tier|[Gen 9 Champions] VGC 2026 Reg M-B (Bo3)
|rule|Species Clause: Limit one of each PokÃ©mon
|rule|Item Clause: Limit 1 of each item
|clearpoke
|poke|p1|Blaziken, L50, M|
|poke|p1|Vivillon, L50, M, shiny|
|poke|p1|Sableye, L50, F|
|poke|p1|Raichu, L50, M, shiny|
|poke|p1|Aegislash, L50, M|
|poke|p1|Floette-Eternal, L50, F|
|poke|p2|Scrafty, L50, M|
|poke|p2|Slowking-Galar, L50, F|
|poke|p2|Palafin, L50, M|
|poke|p2|Volcarona, L50, F|
|poke|p2|Meowscarada, L50, M|
|poke|p2|Metagross, L50|
|teampreview|4
|showteam|p1|Blaziken||Blazikenite|SpeedBoost|FlareBlitz,RockSlide,CloseCombat,Detect|Adamant||M|||50|]Vivillon||ChoiceScarf|CompoundEyes|SleepPowder,Uturn,RagePowder,PollenPuff|Timid||M|||50|]Sableye||LightClay|Prankster|Feint,KnockOff,LightScreen,Reflect|Impish||F|||50|]Raichu||RaichuniteX|LightningRod|FakeOut,Nuzzle,RisingVoltage,Protect|Timid||M|||50|]Aegislash||SpellTag|StanceChange|IronHead,KingsShield,ShadowSneak,Poltergeist|Adamant||M|||50|]Floette-Eternal||FairyFeather|FlowerVeil|Moonblast,DazzlingGleam,Psychic,Protect|Timid||F|||50|
|showteam|p2|Scrafty||Scraftinite|Intimidate|FakeOut,KnockOff,DrainPunch,SwordsDance|Adamant||M|||50|]Slowking-Galar||LifeOrb|Regenerator|SludgeBomb,Psychic,TrickRoom,Protect|Quiet||F|||50|]Palafin||MysticWater|ZerotoHero|WaveCrash,FlipTurn,JetPunch,Protect|Adamant||M|||50|]Volcarona||Leftovers|FlameBody|HeatWave,GigaDrain,QuiverDance,Protect|Modest||F|||50|]Meowscarada||FocusSash|Overgrow|FlowerTrick,KnockOff,SuckerPunch,Protect|Jolly||M|||50|]Metagross||MetalCoat|ClearBody|BulletPunch,IronHead,PsychicFangs,Protect|Adamant|||||50|
|
|t:|1783198788
|teamsize|p1|4
|teamsize|p2|4
|start
|switch|p1a: RaiRai with Hax|Raichu, L50, M, shiny|100/100
|switch|p1b: Vivillon|Vivillon, L50, M, shiny|100/100
|switch|p2a: Palafin|Palafin, L50, M|100/100
|switch|p2b: Slowking|Slowking-Galar, L50, F|100/100
|turn|1
|
|t:|1783198818
|detailschange|p2a: Palafin|Palafin-Hero, L50, M
|switch|p2a: Volcarona|Volcarona, L50, F|100/100
|detailschange|p1a: RaiRai with Hax|Raichu-Mega-X, L50, M, shiny
|-mega|p1a: RaiRai with Hax|Raichu|Raichunite X
|-fieldstart|move: Electric Terrain|[from] ability: Electric Surge|[of] p1a: RaiRai with Hax
|move|p1b: Vivillon|Sleep Powder|p2b: Slowking
|-activate|p2b: Slowking|move: Electric Terrain
|move|p1a: RaiRai with Hax|Rising Voltage|p2a: Volcarona
|-hint|Rising Voltage's BP doubled on grounded target.
|-damage|p2a: Volcarona|39/100
|move|p2b: Slowking|Trick Room|p2b: Slowking
|-fieldstart|move: Trick Room|[of] p2b: Slowking
|
|-heal|p2a: Volcarona|45/100|[from] item: Leftovers
|upkeep
|turn|2
|c|â˜†Gabeeel|genius
|c|â˜†Silvervaliantxyz|Im stupid
|c|â˜†Silvervaliantxyz|im so stupid
|c|â˜†Gabeeel|its fine, every one forgot about that
|
|t:|1783198851
|switch|p1b: Swsh|Aegislash, L50, M|100/100
|move|p2b: Slowking|Sludge Bomb|p1b: Swsh
|-immune|p1b: Swsh
|move|p2a: Volcarona|Heat Wave|p1a: RaiRai with Hax|[spread] p1a,p1b
|-supereffective|p1b: Swsh|1
|-damage|p1a: RaiRai with Hax|52/100
|-damage|p1b: Swsh|44/100
|move|p1a: RaiRai with Hax|Rising Voltage|p2a: Volcarona
|-hint|Rising Voltage's BP doubled on grounded target.
|-damage|p2a: Volcarona|0 fnt
|faint|p2a: Volcarona
|
|upkeep
|
|t:|1783198860
|switch|p2a: Scrafty|Scrafty, L50, M|100/100
|-ability|p2a: Scrafty|Intimidate|boost
|-unboost|p1a: RaiRai with Hax|atk|1
|-unboost|p1b: Swsh|atk|1
|turn|3
|
|t:|1783198888
|switch|p1a: Vivillon|Vivillon, L50, M, shiny|100/100
|detailschange|p2a: Scrafty|Scrafty-Mega, L50, M
|-mega|p2a: Scrafty|Scrafty|Scraftinite
|-ability|p2a: Scrafty|Intimidate|boost
|-unboost|p1a: Vivillon|atk|1
|-unboost|p1b: Swsh|atk|1
|move|p1b: Swsh|King's Shield|p1b: Swsh
|-singleturn|p1b: Swsh|Protect
|move|p2b: Slowking|Sludge Bomb|p1a: Vivillon
|-damage|p1a: Vivillon|7/100
|-damage|p2b: Slowking|90/100|[from] item: Life Orb
|move|p2a: Scrafty|Swords Dance|p2a: Scrafty
|-boost|p2a: Scrafty|atk|2
|
|upkeep
|turn|4
|
|t:|1783198936
|move|p1a: Vivillon|Rage Powder|p1a: Vivillon
|-singleturn|p1a: Vivillon|move: Rage Powder
|move|p2b: Slowking|Psychic|p1a: Vivillon
|-damage|p1a: Vivillon|0 fnt
|faint|p1a: Vivillon
|-damage|p2b: Slowking|80/100|[from] item: Life Orb
|-formechange|p1b: Swsh|Aegislash-Blade|
|move|p1b: Swsh|Poltergeist|p2b: Slowking
|-activate|p2b: Slowking|move: Poltergeist|Life Orb
|-supereffective|p2b: Slowking|1
|-damage|p2b: Slowking|1/100
|move|p2a: Scrafty|Knock Off|p1b: Swsh
|-supereffective|p1b: Swsh|1
|-damage|p1b: Swsh|0 fnt
|-enditem|p1b: Swsh|Spell Tag|[from] move: Knock Off|[of] p2a: Scrafty
|faint|p1b: Swsh
|
|upkeep
|c|â˜†Silvervaliantxyz|Oh my gosh im so stupid
|
|t:|1783198959
|switch|p1b: Floette|Floette-Eternal, L50, F|100/100
|switch|p1a: RaiRai with Hax|Raichu-Mega-X, L50, M, shiny|52/100
|turn|5
|
|t:|1783198996
|move|p1a: RaiRai with Hax|Fake Out|p2a: Scrafty
|-damage|p2a: Scrafty|90/100
|move|p2b: Slowking|Sludge Bomb|p1a: RaiRai with Hax
|-damage|p1a: RaiRai with Hax|0 fnt
|faint|p1a: RaiRai with Hax
|-damage|p2b: Slowking|0 fnt|[from] item: Life Orb
|faint|p2b: Slowking
|cant|p2a: Scrafty|flinch
|move|p1b: Floette|Moonblast|p2a: Scrafty
|-supereffective|p2a: Scrafty|2
|-damage|p2a: Scrafty|0 fnt
|faint|p2a: Scrafty
|
|-fieldend|move: Trick Room
|-fieldend|move: Electric Terrain
|upkeep
|
|t:|1783199002
|switch|p2b: Palafin|Palafin-Hero, L50, M|100/100
|-activate|p2b: Palafin|ability: Zero to Hero
|turn|6
|c|â˜†Silvervaliantxyz|I really thought u would bruh
|
|t:|1783199023
|move|p1b: Floette|Moonblast|p2b: Palafin
|-damage|p2b: Palafin|40/100
|move|p2b: Palafin|Wave Crash|p1b: Floette
|-damage|p1b: Floette|0 fnt
|faint|p1b: Floette
|-damage|p2b: Palafin|14/100|[from] Recoil
|
|win|Gabeeel
|c|â˜†Gabeeel|ggs
|c|â˜†Silvervaliantxyz|Gg
|l|â˜†Silvervaliantxyz
|player|p1|
