|j|☆MugiwaraLux
|j|☆goodfish6211
|html|MugiwaraLuxgoodfish6211    
|uhtml|bestof|Game 1 of a best-of-3
|t:|1784878941
|gametype|doubles
|player|p1|MugiwaraLux|cynthia-masters4|1200
|player|p2|goodfish6211|170|1106
|gen|9
|tier|[Gen 9 Champions] VGC 2026 Reg M-B (Bo3)
|rated|
|rule|Species Clause: Limit one of each Pokémon
|rule|Item Clause: Limit 1 of each item
|clearpoke
|poke|p1|Garchomp, L50, M|
|poke|p1|Venusaur, L50, F|
|poke|p1|Incineroar, L50, M|
|poke|p1|Charizard, L50, F|
|poke|p1|Toxapex, L50, F|
|poke|p1|Annihilape, L50, F|
|poke|p2|Incineroar, L50, M|
|poke|p2|Sneasler, L50, M, shiny|
|poke|p2|Whimsicott, L50, F|
|poke|p2|Sinistcha-Masterpiece, L50|
|poke|p2|Sylveon, L50, F, shiny|
|poke|p2|Tyranitar, L50, F|
|teampreview|4
|showteam|p1|Garchomp||ChoiceScarf|RoughSkin|Earthquake,RockSlide,DragonClaw,StompingTantrum|Adamant||M|||50|]Venusaur||LifeOrb|Chlorophyll|SludgeBomb,SolarBeam,EarthPower,Protect|Modest||F|||50|]Incineroar||SitrusBerry|Intimidate|FakeOut,FlareBlitz,ThroatChop,PartingShot|Impish||M|||50|]Charizard||CharizarditeY|Blaze|HeatWave,WeatherBall,Protect,HelpingHand|Modest||F|||50|]Toxapex||Leftovers|Regenerator|Infestation,Toxic,WideGuard,BanefulBunker|Impish||F|||50|]Annihilape||FocusSash|Defiant|CloseCombat,PhantomForce,IcePunch,Protect|Jolly||F|||50|
|showteam|p2|Incineroar||PasshoBerry|Intimidate|FakeOut,FlareBlitz,DarkestLariat,PartingShot|Adamant||M|||50|]Sneasler||WhiteHerb|Unburden|CloseCombat,FakeOut,DireClaw,Protect|Adamant||M|||50|]Whimsicott||FocusSash|Prankster|Tailwind,Moonblast,Encore,Protect|Timid||F|||50|]Sinistcha-Masterpiece||SitrusBerry|Hospitality|MatchaGotcha,TrickRoom,RagePowder,Protect|Bold|||||50|]Sylveon||LifeOrb|Pixilate|HyperVoice,QuickAttack,DrainingKiss,Protect|Modest||F|||50|]Tyranitar||Tyranitarite|SandStream|KnockOff,RockSlide,DragonDance,Protect|Adamant||F|||50|
|inactive|Battle timer is ON: inactive players will automatically lose when time's up. (requested by MugiwaraLux)
|inactive|goodfish6211 also wants the timer to be on.
|inactive|MugiwaraLux has 60 seconds left.
|inactive|goodfish6211 has 60 seconds left.
|
|t:|1784878988
|teamsize|p1|4
|teamsize|p2|4
|start
|switch|p1a: Annihilape|Annihilape, L50, F|100/100
|switch|p1b: Charizard|Charizard, L50, F|100/100
|switch|p2a: Whimsicott|Whimsicott, L50, F|100/100
|switch|p2b: Sneasler|Sneasler, L50, M, shiny|100/100
|turn|1
|
|t:|1784879005
|move|p2b: Sneasler|Fake Out|p1b: Charizard
|-damage|p1b: Charizard|83/100
|move|p2a: Whimsicott|Tailwind|p2a: Whimsicott
|-sidestart|p2: goodfish6211|move: Tailwind
|move|p1a: Annihilape|Phantom Force||[still]
|-prepare|p1a: Annihilape|Phantom Force
|cant|p1b: Charizard|flinch
|
|upkeep
|turn|2
|inactive|goodfish6211 has 30 seconds left.
|
|t:|1784879032
|move|p2a: Whimsicott|Moonblast|p1a: Annihilape|[miss]
|-miss|p2a: Whimsicott|p1a: Annihilape
|move|p2b: Sneasler|Dire Claw|p1b: Charizard
|-damage|p1b: Charizard|35/100
|move|p1a: Annihilape|Phantom Force|p2b: Sneasler|[from] lockedmove
|-damage|p2b: Sneasler|30/100
|move|p1b: Charizard|Heat Wave|p2b: Sneasler|[spread] p2a,p2b
|-supereffective|p2a: Whimsicott|1
|-crit|p2a: Whimsicott
|-crit|p2b: Sneasler
|-enditem|p2a: Whimsicott|Focus Sash
|-damage|p2a: Whimsicott|1/100
|-damage|p2b: Sneasler|0 fnt
|faint|p2b: Sneasler
|
|upkeep
|
|t:|1784879038
|switch|p2b: Sylveon|Sylveon, L50, F, shiny|100/100
|turn|3
|
|t:|1784879055
|switch|p1b: Toxapex|Toxapex, L50, F|100/100
|move|p2a: Whimsicott|Moonblast|p1a: Annihilape
|-supereffective|p1a: Annihilape|1
|-damage|p1a: Annihilape|22/100
|move|p2b: Sylveon|Hyper Voice|p1b: Toxapex|[spread] p1a,p1b
|-supereffective|p1a: Annihilape|1
|-resisted|p1b: Toxapex|1
|-damage|p1a: Annihilape|0 fnt
|-damage|p1b: Toxapex|80/100
|faint|p1a: Annihilape
|-damage|p2b: Sylveon|90/100|[from] item: Life Orb
|
|-heal|p1b: Toxapex|85/100|[from] item: Leftovers
|upkeep
|
|t:|1784879060
|switch|p1a: Incineroar|Incineroar, L50, M|100/100
|-ability|p1a: Incineroar|Intimidate|boost
|-unboost|p2a: Whimsicott|atk|1
|-unboost|p2b: Sylveon|atk|1
|turn|4
|
|t:|1784879069
|switch|p2a: Tyranitar|Tyranitar, L50, F|100/100
|-weather|Sandstorm|[from] ability: Sand Stream|[of] p2a: Tyranitar
|move|p2b: Sylveon|Protect|p2b: Sylveon
|-singleturn|p2b: Sylveon|Protect
|move|p1a: Incineroar|Fake Out|p2b: Sylveon
|-activate|p2b: Sylveon|move: Protect
|move|p1b: Toxapex|Infestation|p2b: Sylveon
|-activate|p2b: Sylveon|move: Protect
|
|-weather|Sandstorm|[upkeep]
|-damage|p2b: Sylveon|84/100|[from] Sandstorm
|-damage|p1a: Incineroar|94/100|[from] Sandstorm
|-damage|p1b: Toxapex|80/100|[from] Sandstorm
|-heal|p1b: Toxapex|85/100|[from] item: Leftovers
|-sideend|p2: goodfish6211|move: Tailwind
|upkeep
|turn|5
|
|t:|1784879088
|detailschange|p2a: Tyranitar|Tyranitar-Mega, L50, F
|-mega|p2a: Tyranitar|Tyranitar|Tyranitarite
|move|p1b: Toxapex|Wide Guard|p1b: Toxapex
|-singleturn|p1b: Toxapex|Wide Guard
|move|p2a: Tyranitar|Dragon Dance|p2a: Tyranitar
|-boost|p2a: Tyranitar|atk|1
|-boost|p2a: Tyranitar|spe|1
|move|p2b: Sylveon|Draining Kiss|p1a: Incineroar
|-damage|p1a: Incineroar|61/100
|-heal|p2b: Sylveon|100/100|[from] drain|[of] p1a: Incineroar
|-damage|p2b: Sylveon|90/100|[from] item: Life Orb
|move|p1a: Incineroar|Parting Shot|p2a: Tyranitar
|-unboost|p2a: Tyranitar|atk|1
|-unboost|p2a: Tyranitar|spa|1
|
|t:|1784879097
|switch|p1a: Charizard|Charizard, L50, F|35/100|[from] Parting Shot
|
|-weather|Sandstorm|[upkeep]
|-damage|p1a: Charizard|29/100|[from] Sandstorm
|-damage|p2b: Sylveon|84/100|[from] Sandstorm
|-damage|p1b: Toxapex|80/100|[from] Sandstorm
|-heal|p1b: Toxapex|85/100|[from] item: Leftovers
|upkeep
|turn|6
|inactive|goodfish6211 has 30 seconds left.
|inactive|goodfish6211 has 20 seconds left.
|inactive|goodfish6211 has 15 seconds left.
|
|t:|1784879138
|switch|p1a: Incineroar|Incineroar, L50, M|61/100
|-ability|p1a: Incineroar|Intimidate|boost
|-unboost|p2a: Tyranitar|atk|1
|-unboost|p2b: Sylveon|atk|1
|move|p2a: Tyranitar|Protect|p2a: Tyranitar
|-singleturn|p2a: Tyranitar|Protect
|move|p2b: Sylveon|Draining Kiss|p1a: Incineroar
|-damage|p1a: Incineroar|30/100
|-heal|p2b: Sylveon|100/100|[from] drain|[of] p1a: Incineroar
|-enditem|p1a: Incineroar|Sitrus Berry|[eat]
|-heal|p1a: Incineroar|55/100|[from] item: Sitrus Berry
|-damage|p2b: Sylveon|90/100|[from] item: Life Orb
|move|p1b: Toxapex|Toxic|p2a: Tyranitar
|-activate|p2a: Tyranitar|move: Protect
|
|-weather|Sandstorm|[upkeep]
|-damage|p2b: Sylveon|84/100|[from] Sandstorm
|-damage|p1a: Incineroar|49/100|[from] Sandstorm
|-damage|p1b: Toxapex|80/100|[from] Sandstorm
|-heal|p1b: Toxapex|85/100|[from] item: Leftovers
|upkeep
|turn|7
|
|t:|1784879161
|switch|p2a: Whimsicott|Whimsicott, L50, F|1/100
|move|p1a: Incineroar|Fake Out|p2a: Whimsicott
|-damage|p2a: Whimsicott|0 fnt
|faint|p2a: Whimsicott
|move|p2b: Sylveon|Hyper Voice|p1a: Incineroar|[spread] p1a,p1b
|-resisted|p1b: Toxapex|1
|-damage|p1a: Incineroar|4/100
|-damage|p1b: Toxapex|67/100
|-damage|p2b: Sylveon|74/100|[from] item: Life Orb
|move|p1b: Toxapex|Toxic|p2b: Sylveon
|-status|p2b: Sylveon|tox
|
|-weather|Sandstorm|[upkeep]
|-damage|p2b: Sylveon|68/100 tox|[from] Sandstorm
|-damage|p1a: Incineroar|0 fnt|[from] Sandstorm
|-damage|p1b: Toxapex|61/100|[from] Sandstorm
|faint|p1a: Incineroar
|-heal|p1b: Toxapex|67/100|[from] item: Leftovers
|-damage|p2b: Sylveon|61/100 tox|[from] psn
|upkeep
|
|t:|1784879169
|switch|p2a: Tyranitar|Tyranitar-Mega, L50, F|100/100
|switch|p1a: Charizard|Charizard, L50, F|29/100
|turn|8
|
|t:|1784879178
|detailschange|p1a: Charizard|Charizard-Mega-Y, L50, F
|-mega|p1a: Charizard|Charizard|Charizardite Y
|-weather|SunnyDay|[from] ability: Drought|[of] p1a: Charizard
|move|p2b: Sylveon|Protect|p2b: Sylveon
|-singleturn|p2b: Sylveon|Protect
|move|p1a: Charizard|Weather Ball|p2b: Sylveon
|-activate|p2b: Sylveon|move: Protect
|move|p2a: Tyranitar|Dragon Dance|p2a: Tyranitar
|-boost|p2a: Tyranitar|atk|1
|-boost|p2a: Tyranitar|spe|1
|move|p1b: Toxapex|Toxic|p2a: Tyranitar
|-status|p2a: Tyranitar|tox
|
|-weather|SunnyDay|[upkeep]
|-heal|p1b: Toxapex|73/100|[from] item: Leftovers
|-damage|p2a: Tyranitar|93/100 tox|[from] psn
|-damage|p2b: Sylveon|49/100 tox|[from] psn
|upkeep
|turn|9
|
|t:|1784879192
|move|p1a: Charizard|Protect|p1a: Charizard
|-singleturn|p1a: Charizard|Protect
|move|p2a: Tyranitar|Rock Slide|p1b: Toxapex|[spread] 
|-activate|p1a: Charizard|move: Protect
|-miss|p2a: Tyranitar|p1b: Toxapex
|move|p2b: Sylveon|Draining Kiss|p1b: Toxapex
|-resisted|p1b: Toxapex|1
|-damage|p1b: Toxapex|61/100
|-heal|p2b: Sylveon|57/100 tox|[from] drain|[of] p1b: Toxapex
|-damage|p2b: Sylveon|47/100 tox|[from] item: Life Orb
|move|p1b: Toxapex|Infestation|p2a: Tyranitar
|-supereffective|p2a: Tyranitar|1
|-damage|p2a: Tyranitar|88/100 tox
|-activate|p2a: Tyranitar|move: Infestation|[of] p1b: Toxapex
|
|-weather|SunnyDay|[upkeep]
|-heal|p1b: Toxapex|66/100|[from] item: Leftovers
|-damage|p2a: Tyranitar|75/100 tox|[from] psn
|-damage|p2b: Sylveon|28/100 tox|[from] psn
|-damage|p2a: Tyranitar|63/100 tox|[from] move: Infestation|[partiallytrapped]
|upkeep
|turn|10
|inactive|MugiwaraLux has 30 seconds left.
|
|t:|1784879218
|move|p1a: Charizard|Protect|p1a: Charizard
|-singleturn|p1a: Charizard|Protect
|move|p1b: Toxapex|Baneful Bunker|p1b: Toxapex
|-singleturn|p1b: Toxapex|move: Protect
|move|p2a: Tyranitar|Knock Off|p1b: Toxapex
|-activate|p1b: Toxapex|move: Protect
|move|p2b: Sylveon|Draining Kiss|p1a: Charizard
|-activate|p1a: Charizard|move: Protect
|
|-weather|SunnyDay|[upkeep]
|-heal|p1b: Toxapex|72/100|[from] item: Leftovers
|-damage|p2a: Tyranitar|44/100 tox|[from] psn
|-damage|p2b: Sylveon|3/100 tox|[from] psn
|-damage|p2a: Tyranitar|32/100 tox|[from] move: Infestation|[partiallytrapped]
|upkeep
|turn|11
|
|t:|1784879229
|move|p1b: Toxapex|Wide Guard|p1b: Toxapex
|-singleturn|p1b: Toxapex|Wide Guard
|move|p2a: Tyranitar|Rock Slide|p1a: Charizard|[spread] 
|-activate|p1a: Charizard|move: Wide Guard
|-activate|p1b: Toxapex|move: Wide Guard
|move|p1a: Charizard|Heat Wave|p2b: Sylveon|[spread] p2a,p2b
|-resisted|p2a: Tyranitar|1
|-damage|p2a: Tyranitar|6/100 tox
|-damage|p2b: Sylveon|0 fnt
|faint|p2b: Sylveon
|
|-weather|SunnyDay|[upkeep]
|-heal|p1b: Toxapex|78/100|[from] item: Leftovers
|-damage|p2a: Tyranitar|0 fnt|[from] psn
|faint|p2a: Tyranitar
|
|win|MugiwaraLux
||MugiwaraLux is ready for game 2.
||goodfish6211 is ready for game 2.
|uhtml|next|Next: Game 2 of 3
|l|☆MugiwaraLux
|player|p1|
