|j|☆DaVVinc1
|j|☆Famyos
|html|DaVVinc1Famyos    
|uhtml|bestof|Game 1 of a best-of-3
|t:|1783630516
|gametype|doubles
|player|p1|DaVVinc1|101|
|player|p2|Famyos|miku-flying|
|gen|9
|tier|[Gen 9 Champions] VGC 2026 Reg M-B (Bo3)
|rule|Species Clause: Limit one of each Pokémon
|rule|Item Clause: Limit 1 of each item
|clearpoke
|poke|p1|Tinkaton, L50, F|
|poke|p1|Skarmory, L50, M|
|poke|p1|Starmie, L50|
|poke|p1|Conkeldurr, L50, F|
|poke|p1|Wyrdeer, L50, M|
|poke|p1|Golurk, L50|
|poke|p2|Reuniclus, L50, M|
|poke|p2|Empoleon, L50, M|
|poke|p2|Ceruledge, L50, M|
|poke|p2|Eelektross, L50, F|
|poke|p2|Ninetales-Alola, L50, F|
|poke|p2|Dragalge, L50, M|
|teampreview|4
|showteam|p1|Tinkaton||SitrusBerry|MoldBreaker|FakeOut,Encore,GigatonHammer,KnockOff|Jolly||F|||50|]Skarmory||Skarmorite|Sturdy|Tailwind,BraveBird,Protect,DrillRun|Adamant||M|||50|]Starmie||Starminite|NaturalCure|ZenHeadbutt,AquaJet,FlipTurn,Liquidation|Adamant|||||50|]Conkeldurr||PayapaBerry|SheerForce|CloseCombat,RockSlide,ThunderPunch,KnockOff|Adamant||F|||50|]Wyrdeer||Leftovers|SapSipper|TrickRoom,PsyshieldBash,Protect,EarthPower|Sassy||M|||50|]Golurk||LifeOrb|NoGuard|Earthquake,HeadlongRush,Poltergeist,Protect|Adamant|||||50|
|showteam|p2|Reuniclus||SitrusBerry|Overcoat|PsychicNoise,Thunder,TrickRoom,AllySwitch|Quiet||M|||50|]Empoleon||ChoiceScarf|Competitive|Surf,FlashCannon,IceBeam,HydroCannon|Timid||M|||50|]Ceruledge||FocusSash|WeakArmor|Poltergeist,ShadowSneak,BitterBlade,Protect|Jolly||M|||50|]Eelektross||Eelektrossite|Levitate|Thunderbolt,Flamethrower,GrassKnot,Protect|Modest||F|||50|]Ninetales-Alola||LightClay|SnowWarning|Moonblast,FreezeDry,Encore,AuroraVeil|Timid||F|||50|]Dragalge||Dragalgite|Adaptability|DracoMeteor,Scald,Thunderbolt,Protect|Quiet||M|||50|
|c|☆Famyos|gl hf
|c|☆DaVVinc1|glhf
|c|☆DaVVinc1|!randpoke
|c|☆DaVVinc1|/raw UU  Gyarados  IntimidateMoxieHP95 Atk125 Def79 SpA60 SpD100 Spe81 BST540 
|c|☆DaVVinc1|/raw Dex#: 130 |  Gen: 1 |  Height: 6.5 m |  Weight: 235 kg (120 BP) |  Dex Colour: Blue |  Egg Group(s): Water 2, Dragon |  Pre-Evolution: Magikarp |  Does Not Evolve

|c|☆Famyos|!randpoke
|c|☆Famyos|/raw UU  Tauros  IntimidateAnger PointSheer ForceHP75 Atk100 Def95 SpA40 SpD70 Spe110 BST490 
|c|☆Famyos|/raw Dex#: 128 |  Gen: 1 |  Height: 1.4 m |  Weight: 88.4 kg (80 BP) |  Dex Colour: Brown |  Egg Group(s): Field |  Does Not Evolve

|j| slingshothappy
|c| slingshothappy|im skyhops
|j| iamresh
|j| Prof Drix
|j| VaneIIa
|c| VaneIIa|I'm also skyhops
|c| Prof Drix|Lets go Dav
|c|☆Famyos|we are skyhops
|c| VaneIIa|We are Hops
|c| iamresh|carrying the edl
|
|t:|1783630626
|teamsize|p1|4
|teamsize|p2|4
|start
|switch|p1a: Skarmory|Skarmory, L50, M|100/100
|switch|p1b: Tinkaton|Tinkaton, L50, F|100/100
|switch|p2a: Reuniclus|Reuniclus, L50, M|100/100
|switch|p2b: Eelektross|Eelektross, L50, F|100/100
|-ability|p1b: Tinkaton|Mold Breaker
|turn|1
|
|t:|1783630654
|switch|p1a: Golurk|Golurk, L50|100/100
|detailschange|p2b: Eelektross|Eelektross-Mega, L50, F
|-mega|p2b: Eelektross|Eelektross|Eelektrossite
|move|p1b: Tinkaton|Knock Off|p2a: Reuniclus
|-supereffective|p2a: Reuniclus|1
|-damage|p2a: Reuniclus|70/100
|-enditem|p2a: Reuniclus|Sitrus Berry|[from] move: Knock Off|[of] p1b: Tinkaton
|move|p2b: Eelektross|Thunderbolt|p1a: Golurk
|-immune|p1a: Golurk
|move|p2a: Reuniclus|Trick Room|p2a: Reuniclus
|-fieldstart|move: Trick Room|[of] p2a: Reuniclus
|
|upkeep
|turn|2
|l| slingshothappy
|
|t:|1783630708
|move|p2a: Reuniclus|Psychic Noise|p1a: Golurk
|-damage|p1a: Golurk|57/100
|-start|p1a: Golurk|move: Heal Block
|move|p1a: Golurk|Poltergeist|p2b: Eelektross
|-activate|p2b: Eelektross|move: Poltergeist|Eelektrossite
|-damage|p2b: Eelektross|18/100
|-damage|p1a: Golurk|47/100|[from] item: Life Orb
|move|p2b: Eelektross|Grass Knot|p1a: Golurk
|-supereffective|p1a: Golurk|1
|-crit|p1a: Golurk
|-damage|p1a: Golurk|0 fnt
|faint|p1a: Golurk
|-ability|p2b: Eelektross|Eelevate|boost
|-boost|p2b: Eelektross|spa|1
|move|p1b: Tinkaton|Gigaton Hammer|p2a: Reuniclus
|-damage|p2a: Reuniclus|34/100
|
|upkeep
|c| VaneIIa|WE EELEVATING
|
|t:|1783630729
|switch|p1a: Wyrdeer|Wyrdeer, L50, M|100/100
|turn|3
|c| iamresh|EEL WOOOO
|
|t:|1783630761
|move|p2a: Reuniclus|Ally Switch|p2a: Reuniclus
|swap|p2a: Reuniclus|1|[from] move: Ally Switch
|move|p1a: Wyrdeer|Psyshield Bash|p2b: Reuniclus
|-resisted|p2b: Reuniclus|1
|-damage|p2b: Reuniclus|20/100y
|-boost|p1a: Wyrdeer|def|1
|move|p2a: Eelektross|Thunderbolt|p1a: Wyrdeer
|-damage|p1a: Wyrdeer|32/100
|move|p1b: Tinkaton|Knock Off|p2a: Eelektross
|-damage|p2a: Eelektross|5/100
|
|-heal|p1a: Wyrdeer|38/100|[from] item: Leftovers
|upkeep
|turn|4
|c| VaneIIa|MASSIVE ALLY SWITCH
|
|t:|1783630794
|move|p1a: Wyrdeer|Protect|p1a: Wyrdeer
|-singleturn|p1a: Wyrdeer|Protect
|move|p2a: Eelektross|Protect|p2a: Eelektross
|-singleturn|p2a: Eelektross|Protect
|move|p2b: Reuniclus|Thunder|p1a: Wyrdeer
|-activate|p1a: Wyrdeer|move: Protect
|move|p1b: Tinkaton|Knock Off|p2a: Eelektross
|-activate|p2a: Eelektross|move: Protect
|
|-heal|p1a: Wyrdeer|44/100|[from] item: Leftovers
|upkeep
|turn|5
|j| NotNumber1
|
|t:|1783630826
|move|p2b: Reuniclus|Ally Switch|p2b: Reuniclus
|swap|p2b: Reuniclus|0|[from] move: Ally Switch
|move|p1a: Wyrdeer|Psyshield Bash|p2a: Reuniclus
|-resisted|p2a: Reuniclus|1
|-damage|p2a: Reuniclus|7/100
|-boost|p1a: Wyrdeer|def|1
|move|p2b: Eelektross|Flamethrower|p1b: Tinkaton
|-supereffective|p1b: Tinkaton|1
|-damage|p1b: Tinkaton|12/100
|-enditem|p1b: Tinkaton|Sitrus Berry|[eat]
|-heal|p1b: Tinkaton|37/100|[from] item: Sitrus Berry
|move|p1b: Tinkaton|Knock Off|p2b: Eelektross
|-damage|p2b: Eelektross|0 fnt
|faint|p2b: Eelektross
|
|-heal|p1a: Wyrdeer|50/100g|[from] item: Leftovers
|-fieldend|move: Trick Room
|upkeep
|
|t:|1783630843
|switch|p2b: Ceruledge|Ceruledge, L50, M|100/100
|turn|6
|
|t:|1783630887
|move|p2b: Ceruledge|Protect|p2b: Ceruledge
|-singleturn|p2b: Ceruledge|Protect
|move|p1b: Tinkaton|Knock Off|p2a: Reuniclus
|-supereffective|p2a: Reuniclus|1
|-damage|p2a: Reuniclus|0 fnt
|faint|p2a: Reuniclus
|move|p1a: Wyrdeer|Trick Room|p1a: Wyrdeer
|-fieldstart|move: Trick Room|[of] p1a: Wyrdeer
|
|-heal|p1a: Wyrdeer|57/100|[from] item: Leftovers
|upkeep
|
|t:|1783630893
|switch|p2a: Ninetales|Ninetales-Alola, L50, F|100/100
|-weather|Snowscape|[from] ability: Snow Warning|[of] p2a: Ninetales
|turn|7
|
|t:|1783630905
|move|p1a: Wyrdeer|Psyshield Bash|p2b: Ceruledge
|-damage|p2b: Ceruledge|55/100
|-boost|p1a: Wyrdeer|def|1
|-ability|p2b: Ceruledge|Weak Armor|boost
|-unboost|p2b: Ceruledge|def|1
|-boost|p2b: Ceruledge|spe|2
|move|p1b: Tinkaton|Gigaton Hammer|p2a: Ninetales
|-supereffective|p2a: Ninetales|2
|-damage|p2a: Ninetales|0 fnt
|faint|p2a: Ninetales
|move|p2b: Ceruledge|Bitter Blade|p1b: Tinkaton
|-supereffective|p1b: Tinkaton|1
|-damage|p1b: Tinkaton|0 fnt
|-heal|p2b: Ceruledge|79/100|[from] drain|[of] p1b: Tinkaton
|faint|p1b: Tinkaton
|
|-weather|Snowscape|[upkeep]
|-heal|p1a: Wyrdeer|63/100|[from] item: Leftovers
|upkeep
|
|t:|1783630921
|switch|p1b: Skarmory|Skarmory, L50, M|100/100
|turn|8
|
|t:|1783630933
|detailschange|p1b: Skarmory|Skarmory-Mega, L50, M
|-mega|p1b: Skarmory|Skarmory|Skarmorite
|move|p2b: Ceruledge|Protect|p2b: Ceruledge
|-singleturn|p2b: Ceruledge|Protect
|move|p1a: Wyrdeer|Psyshield Bash|p2b: Ceruledge
|-activate|p2b: Ceruledge|move: Protect
|move|p1b: Skarmory|Brave Bird|p2b: Ceruledge
|-activate|p2b: Ceruledge|move: Protect
|
|-weather|Snowscape|[upkeep]
|-heal|p1a: Wyrdeer|69/100|[from] item: Leftovers
|upkeep
|turn|9
|
|t:|1783630941
|move|p2b: Ceruledge|Protect|p2b: Ceruledge
|-singleturn|p2b: Ceruledge|Protect
|move|p1a: Wyrdeer|Psyshield Bash|p2b: Ceruledge
|-activate|p2b: Ceruledge|move: Protect
|move|p1b: Skarmory|Brave Bird|p2b: Ceruledge
|-activate|p2b: Ceruledge|move: Protect
|
|-weather|Snowscape|[upkeep]
|-heal|p1a: Wyrdeer|75/100|[from] item: Leftovers
|upkeep
|turn|10
|
|t:|1783630952
|move|p2b: Ceruledge|Protect||[still]
|-fail|p2b: Ceruledge
|move|p1a: Wyrdeer|Psyshield Bash|p2b: Ceruledge
|-damage|p2b: Ceruledge|15/100
|-boost|p1a: Wyrdeer|def|1
|-ability|p2b: Ceruledge|Weak Armor|boost
|-unboost|p2b: Ceruledge|def|1
|-boost|p2b: Ceruledge|spe|2
|move|p1b: Skarmory|Tailwind|p1b: Skarmory
|-sidestart|p1: DaVVinc1|move: Tailwind
|
|-weather|Snowscape|[upkeep]
|-heal|p1a: Wyrdeer|81/100|[from] item: Leftovers
|-fieldend|move: Trick Room
|upkeep
|turn|11
|
|t:|1783630964
|move|p2b: Ceruledge|Bitter Blade|p1b: Skarmory
|-supereffective|p1b: Skarmory|1
|-damage|p1b: Skarmory|5/100
|-heal|p2b: Ceruledge|61/100|[from] drain|[of] p1b: Skarmory
|move|p1b: Skarmory|Brave Bird|p2b: Ceruledge
|-damage|p2b: Ceruledge|0 fnt
|faint|p2b: Ceruledge
|-damage|p1b: Skarmory|0 fnt|[from] Recoil
|faint|p1b: Skarmory
|
|win|DaVVinc1
||Famyos is ready for game 2.
|inactive|DaVVinc1 has 30 seconds to confirm battle start!
||DaVVinc1 is ready for game 2.
|uhtml|next|Next: Game 2 of 3
|l| Prof Drix
|j| Prof Drix
|l| Prof Drix
|j| NFE is a real tier
