|j|☆Duca_tommy
|j|☆marcosdeltasena31
|html|Duca_tommymarcosdeltasena31    
|uhtml|bestof|Game 1 of a best-of-3
|t:|1757799075
|gametype|doubles
|player|p1|Duca_tommy|101|1224
|player|p2|marcosdeltasena31|hilbert|1388
|gen|9
|tier|[Gen 9] VGC 2025 Reg H (Bo3)
|rated|
|rule|Species Clause: Limit one of each Pokémon
|rule|Item Clause: Limit 1 of each item
|clearpoke
|poke|p1|Hydrapple, L50, M|
|poke|p1|Indeedee-F, L50, F|
|poke|p1|Gallade, L50, M|
|poke|p1|Torkoal, L50, F|
|poke|p1|Zoroark-Hisui, L50, M|
|poke|p1|Hatterene, L50, F|
|poke|p2|Dragonite, L50, F|
|poke|p2|Sneasler, L50, F|
|poke|p2|Volcarona, L50, F|
|poke|p2|Rillaboom, L50, M|
|poke|p2|Kingambit, L50, F|
|poke|p2|Electabuzz, L50, F|
|teampreview|4
|showteam|p1|Hydrapple||AssaultVest|Regenerator|PollenPuff,SolarBeam,EnergyBall,FickleBeam|||M|||50|,,,,,Poison]Indeedee-F||PsychicSeed|PsychicSurge|TrickRoom,FollowMe,HelpingHand,Psychic|||F|||50|,,,,,Grass]Gallade||ClearAmulet|Sharpness|PsychoCut,SacredSword,WideGuard,TrickRoom|||M|||50|,,,,,Grass]Torkoal||Charcoal|Drought|Eruption,HeatWave,WeatherBall,Protect|||F|||50|,,,,,Fire]Zoroark-Hisui||ChoiceSpecs|Illusion|HyperBeam,HyperVoice,BitterMalice,ShadowBall|||M|||50|,,,,,Normal]Hatterene||LifeOrb|MagicBounce|TrickRoom,ExpandingForce,MysticalFire,Protect|||F|||50|,,,,,Fire
|showteam|p2|Dragonite||LoadedDice|Multiscale|ScaleShot,ExtremeSpeed,Haze,Protect|||F|||50|,,,,,Fairy]Sneasler||FocusSash|PoisonTouch|DireClaw,CloseCombat,FakeOut,Coaching|||F|||50|,,,,,Ghost]Volcarona||CovertCloak|FlameBody|HeatWave,TeraBlast,QuiverDance,Protect|||F|||50|,,,,,Fairy]Rillaboom||AssaultVest|GrassySurge|WoodHammer,FakeOut,GrassyGlide,HighHorsepower|||M|||50|,,,,,Fire]Kingambit||BlackGlasses|Defiant|KowtowCleave,SwordsDance,SuckerPunch,Protect|||F|||50|,,,,,Dark]Electabuzz||Eviolite|VitalSpirit|Thunderbolt,FollowMe,Taunt,Protect|||F|||50|,,,,,Ghost
|inactive|Battle timer is ON: inactive players will automatically lose when time's up. (requested by Duca_tommy)
|inactive|Duca_tommy has 60 seconds left.
|inactive|marcosdeltasena31 has 60 seconds left.
|
|t:|1757799112
|teamsize|p1|4
|teamsize|p2|4
|start
|switch|p1a: Indeedee|Indeedee-F, L50, F|100/100
|switch|p1b: Gallade|Gallade, L50, M|100/100
|switch|p2a: Dragonite|Dragonite, L50, F|100/100
|switch|p2b: Sneasler|Sneasler, L50, F|100/100
|-fieldstart|move: Psychic Terrain|[from] ability: Psychic Surge|[of] p1a: Indeedee
|-enditem|p1a: Indeedee|Psychic Seed
|-boost|p1a: Indeedee|spd|1|[from] item: Psychic Seed
|turn|1
|
|t:|1757799126
|move|p1a: Indeedee|Follow Me|p1a: Indeedee
|-singleturn|p1a: Indeedee|move: Follow Me
|move|p2b: Sneasler|Close Combat|p1a: Indeedee
|-damage|p1a: Indeedee|43/100
|-unboost|p2b: Sneasler|def|1
|-unboost|p2b: Sneasler|spd|1
|move|p2a: Dragonite|Scale Shot|p1a: Indeedee
|-damage|p1a: Indeedee|28/100
|-damage|p1a: Indeedee|14/100
|-damage|p1a: Indeedee|0 fnt
|faint|p1a: Indeedee
|-hitcount|p1: Indeedee|3
|-unboost|p2a: Dragonite|def|1
|-boost|p2a: Dragonite|spe|1
|move|p1b: Gallade|Trick Room|p1b: Gallade
|-fieldstart|move: Trick Room|[of] p1b: Gallade
|
|upkeep
|
|t:|1757799134
|switch|p1a: Torkoal|Torkoal, L50, F|100/100
|-weather|SunnyDay|[from] ability: Drought|[of] p1a: Torkoal
|turn|2
|inactive|Duca_tommy has 30 seconds left.
|
|t:|1757799163
|-terastallize|p1a: Torkoal|Fire
|move|p2a: Dragonite|Protect|p2a: Dragonite
|-singleturn|p2a: Dragonite|Protect
|move|p1a: Torkoal|Eruption|p2a: Dragonite|[spread] p2b
|-activate|p2a: Dragonite|move: Protect
|-crit|p2b: Sneasler
|-enditem|p2b: Sneasler|Focus Sash
|-damage|p2b: Sneasler|1/100
|move|p1b: Gallade|Psycho Cut|p2b: Sneasler
|-supereffective|p2b: Sneasler
|-damage|p2b: Sneasler|0 fnt
|faint|p2b: Sneasler
|
|-weather|SunnyDay|[upkeep]
|upkeep
|
|t:|1757799177
|switch|p2b: Rillaboom|Rillaboom, L50, M|100/100
|-fieldstart|move: Grassy Terrain|[from] ability: Grassy Surge|[of] p2b: Rillaboom
|turn|3
|
|t:|1757799192
|-terastallize|p2b: Rillaboom|Fire
|move|p2b: Rillaboom|Fake Out|p1b: Gallade
|-damage|p1b: Gallade|82/100
|move|p1a: Torkoal|Heat Wave|p2a: Dragonite|[spread] p2a,p2b
|-resisted|p2a: Dragonite
|-resisted|p2b: Rillaboom
|-damage|p2a: Dragonite|81/100
|-damage|p2b: Rillaboom|74/100
|cant|p1b: Gallade|flinch
|move|p2a: Dragonite|Scale Shot|p1b: Gallade
|-crit|p1b: Gallade
|-damage|p1b: Gallade|49/100
|-damage|p1b: Gallade|26/100
|-damage|p1b: Gallade|6/100
|-damage|p1b: Gallade|0 fnt
|faint|p1b: Gallade
|-hitcount|p1: Gallade|4
|-unboost|p2a: Dragonite|def|1
|-boost|p2a: Dragonite|spe|1
|
|-weather|SunnyDay|[upkeep]
|-heal|p2b: Rillaboom|80/100|[from] Grassy Terrain
|upkeep
|
|t:|1757799196
|switch|p1b: Hatterene|Hatterene, L50, F|100/100
|turn|4
|inactive|marcosdeltasena31 has 30 seconds left.
|
|t:|1757799221
|move|p2a: Dragonite|Protect|p2a: Dragonite
|-singleturn|p2a: Dragonite|Protect
|move|p1a: Torkoal|Eruption|p2a: Dragonite|[spread] p2b
|-activate|p2a: Dragonite|move: Protect
|-resisted|p2b: Rillaboom
|-damage|p2b: Rillaboom|43/100
|move|p1b: Hatterene|Expanding Force|p2b: Rillaboom
|-damage|p2b: Rillaboom|2/100
|-damage|p1b: Hatterene|91/100|[from] item: Life Orb
|move|p2b: Rillaboom|High Horsepower|p1a: Torkoal
|-supereffective|p1a: Torkoal
|-damage|p1a: Torkoal|49/100
|
|-weather|SunnyDay|[upkeep]
|-heal|p1a: Torkoal|55/100|[from] Grassy Terrain
|-heal|p1b: Hatterene|97/100|[from] Grassy Terrain
|-heal|p2b: Rillaboom|8/100|[from] Grassy Terrain
|upkeep
|turn|5
|
|t:|1757799242
|move|p2a: Dragonite|Extreme Speed|p1a: Torkoal
|-damage|p1a: Torkoal|29/100
|move|p2b: Rillaboom|Grassy Glide|p1a: Torkoal
|-resisted|p1a: Torkoal
|-damage|p1a: Torkoal|15/100
|move|p1a: Torkoal|Heat Wave|p2a: Dragonite|[spread] p2a,p2b
|-resisted|p2a: Dragonite
|-resisted|p2b: Rillaboom
|-damage|p2a: Dragonite|39/100
|-damage|p2b: Rillaboom|0 fnt
|faint|p2b: Rillaboom
|move|p1b: Hatterene|Expanding Force|p2a: Dragonite
|-crit|p2a: Dragonite
|-damage|p2a: Dragonite|0 fnt
|faint|p2a: Dragonite
|-damage|p1b: Hatterene|87/100|[from] item: Life Orb
|
|-weather|SunnyDay|[upkeep]
|-heal|p1a: Torkoal|21/100|[from] Grassy Terrain
|-heal|p1b: Hatterene|93/100|[from] Grassy Terrain
|-fieldend|move: Trick Room
|upkeep
|
|t:|1757799252
|switch|p2b: Kingambit|Kingambit, L50, F|100/100
|turn|6
|
|t:|1757799257
|move|p2b: Kingambit|Kowtow Cleave|p1a: Torkoal
|-damage|p1a: Torkoal|0 fnt
|faint|p1a: Torkoal
|move|p1b: Hatterene|Mystical Fire|p2b: Kingambit
|-supereffective|p2b: Kingambit
|-damage|p2b: Kingambit|0 fnt
|faint|p2b: Kingambit
|-damage|p1b: Hatterene|83/100|[from] item: Life Orb
|
|win|Duca_tommy
||Duca_tommy is ready for game 2.
|inactive|marcosdeltasena31 has 30 seconds to confirm battle start!
||marcosdeltasena31 is ready for game 2.
|uhtml|next|Next: Game 2 of 3
