|j|☆Lightoz IV
|j|☆KirkGPT
|html|Lightoz IVKirkGPT    
|uhtml|bestof|Game 3 of a best-of-3
|t:|1784658042
|gametype|doubles
|player|p1|Lightoz IV|blue-gen2|1489
|player|p2|KirkGPT|101|1404
|gen|9
|tier|[Gen 9 Champions] VGC 2026 Reg M-B (Bo3)
|rated|
|rule|Species Clause: Limit one of each Pokémon
|rule|Item Clause: Limit 1 of each item
|clearpoke
|poke|p1|Raichu, L50, F|
|poke|p1|Kingambit, L50, M, shiny|
|poke|p1|Basculegion, L50, M|
|poke|p1|Aerodactyl, L50, M|
|poke|p1|Farigiraf, L50, F|
|poke|p1|Sylveon, L50, M, shiny|
|poke|p2|Blaziken, L50, M|
|poke|p2|Venusaur, L50, M|
|poke|p2|Ninetales-Alola, L50, F, shiny|
|poke|p2|Lycanroc-Dusk, L50, M, shiny|
|poke|p2|Kingambit, L50, F, shiny|
|poke|p2|Basculegion, L50, M|
|teampreview|4
|showteam|p1|Raichu||RaichuniteY|LightningRod|ZapCannon,FocusBlast,FakeOut,Protect|Timid||F|||50|]Kingambit||FocusSash|Defiant|KowtowCleave,SuckerPunch,IronHead,LowKick|Adamant||M|||50|]Basculegion||MysticWater|Adaptability|LastRespects,WaveCrash,AquaJet,Protect|Adamant||M|||50|]Aerodactyl||Aerodactylite|Unnerve|RockSlide,DualWingbeat,Tailwind,IceFang|Jolly||M|||50|]Farigiraf||SitrusBerry|ArmorTail|Psychic,Thunderbolt,TrickRoom,Protect|Bold||F|||50|]Sylveon||FairyFeather|Pixilate|HyperVoice,HyperBeam,QuickAttack,Detect|Modest||M|||50|
|showteam|p2|Blaziken||Blazikenite|SpeedBoost|CloseCombat,FlareBlitz,StoneEdge,Detect|Adamant||M|||50|]Venusaur||Venusaurite|Chlorophyll|GigaDrain,SludgeBomb,EarthPower,Protect|Modest||M|||50|]Ninetales-Alola||NeverMeltIce|SnowWarning|Blizzard,FreezeDry,Encore,Protect|Timid||F|||50|]Lycanroc-Dusk||FocusSash|ToughClaws|Accelerock,RockSlide,CloseCombat,Protect|Adamant||M|||50|]Kingambit||LifeOrb|Defiant|SuckerPunch,KowtowCleave,IronHead,Protect|Adamant||F|||50|]Basculegion||ChoiceScarf|Adaptability|WaveCrash,LastRespects,FlipTurn,AquaJet|Jolly||M|||50|
|
|t:|1784658060
|teamsize|p1|4
|teamsize|p2|4
|start
|switch|p1a: Raichu|Raichu, L50, F|100/100
|switch|p1b: Sylveon|Sylveon, L50, M, shiny|100/100
|switch|p2a: Blaziken|Blaziken, L50, M|100/100
|switch|p2b: Lycanroc|Lycanroc-Dusk, L50, M, shiny|100/100
|turn|1
|
|t:|1784658073
|switch|p1a: Basculegion|Basculegion, L50, M|100/100
|move|p2b: Lycanroc|Protect|p2b: Lycanroc
|-singleturn|p2b: Lycanroc|Protect
|move|p2a: Blaziken|Detect|p2a: Blaziken
|-singleturn|p2a: Blaziken|Protect
|move|p1b: Sylveon|Hyper Voice|p2a: Blaziken|[spread] 
|-activate|p2a: Blaziken|move: Protect
|-activate|p2b: Lycanroc|move: Protect
|
|-ability|p2a: Blaziken|Speed Boost|boost
|-boost|p2a: Blaziken|spe|1
|upkeep
|turn|2
|
|t:|1784658111
|detailschange|p2a: Blaziken|Blaziken-Mega, L50, M
|-mega|p2a: Blaziken|Blaziken|Blazikenite
|move|p1b: Sylveon|Detect|p1b: Sylveon
|-singleturn|p1b: Sylveon|Protect
|move|p2a: Blaziken|Flare Blitz|p1b: Sylveon
|-activate|p1b: Sylveon|move: Protect
|move|p2b: Lycanroc|Rock Slide|p1a: Basculegion|[spread] p1a
|-activate|p1b: Sylveon|move: Protect
|-damage|p1a: Basculegion|60/100
|move|p1a: Basculegion|Wave Crash|p2a: Blaziken
|-supereffective|p2a: Blaziken|1
|-crit|p2a: Blaziken
|-damage|p2a: Blaziken|0 fnt
|faint|p2a: Blaziken
|-damage|p1a: Basculegion|35/100|[from] Recoil
|
|upkeep
|
|t:|1784658126
|switch|p2a: Kingambit|Kingambit, L50, F, shiny|100/100
|turn|3
|
|t:|1784658134
|move|p1a: Basculegion|Aqua Jet|p2b: Lycanroc
|-supereffective|p2b: Lycanroc|1
|-enditem|p2b: Lycanroc|Focus Sash
|-damage|p2b: Lycanroc|1/100
|move|p1b: Sylveon|Quick Attack|p2b: Lycanroc
|-damage|p2b: Lycanroc|0 fnt
|faint|p2b: Lycanroc
|move|p2a: Kingambit|Iron Head|p1b: Sylveon
|-supereffective|p1b: Sylveon|1
|-damage|p1b: Sylveon|0 fnt
|faint|p1b: Sylveon
|-damage|p2a: Kingambit|90/100|[from] item: Life Orb
|
|upkeep
|
|t:|1784658147
|switch|p2b: Ninetales|Ninetales-Alola, L50, F, shiny|100/100
|switch|p1b: Raichu|Raichu, L50, F|100/100
|-weather|Snowscape|[from] ability: Snow Warning|[of] p2b: Ninetales
|turn|4
|
|t:|1784658168
|detailschange|p1b: Raichu|Raichu-Mega-Y, L50, F
|-mega|p1b: Raichu|Raichu|Raichunite Y
|move|p2b: Ninetales|Protect|p2b: Ninetales
|-singleturn|p2b: Ninetales|Protect
|move|p2a: Kingambit|Protect|p2a: Kingambit
|-singleturn|p2a: Kingambit|Protect
|move|p1b: Raichu|Zap Cannon|p2b: Ninetales
|-activate|p2b: Ninetales|move: Protect
|move|p1a: Basculegion|Wave Crash|p2a: Kingambit
|-activate|p2a: Kingambit|move: Protect
|
|-weather|Snowscape|[upkeep]
|upkeep
|turn|5
|
|t:|1784658178
|move|p1a: Basculegion|Aqua Jet|p2b: Ninetales
|-crit|p2b: Ninetales
|-damage|p2b: Ninetales|48/100
|move|p2a: Kingambit|Sucker Punch|p1b: Raichu
|-damage|p1b: Raichu|24/100
|-damage|p2a: Kingambit|80/100|[from] item: Life Orb
|move|p1b: Raichu|Zap Cannon|p2b: Ninetales
|-damage|p2b: Ninetales|0 fnt
|faint|p2b: Ninetales
|
|-weather|Snowscape|[upkeep]
|upkeep
|turn|6
|-message|KirkGPT forfeited.
|raw|Lightoz IV's rating: 1489 → 1504(+15 for winning)
|raw|KirkGPT's rating: 1404 → 1389(-15 for losing)
|
|win|Lightoz IV
|l|☆KirkGPT
|player|p2|
