|j|☆Kiula45494
|j|‽sconet ~
|html|Kiula45494sconet ~    
|uhtml|bestof|Game 2 of a best-of-3
|t:|1786206521
|gametype|doubles
|player|p1|Kiula45494|preschoolerf|
|player|p2|sconet ~|102|
|gen|9
|tier|[Gen 9 Champions] VGC 2026 Reg M-B (Bo3)
|rule|Species Clause: Limit one of each Pokémon
|rule|Item Clause: Limit 1 of each item
|clearpoke
|poke|p1|Steelix, L50, M|
|poke|p1|Sylveon, L50, M, shiny|
|poke|p1|Zoroark, L50, F, shiny|
|poke|p1|Luxray, L50, M, shiny|
|poke|p1|Mr. Rime, L50, M, shiny|
|poke|p1|Kleavor, L50, F, shiny|
|poke|p2|Runerigus, L50, M|
|poke|p2|Emboar, L50, F|
|poke|p2|Kleavor, L50, M|
|poke|p2|Sableye, L50, F|
|poke|p2|Simipour, L50, F|
|poke|p2|Sylveon, L50, F|
|teampreview|4
|showteam|p1|Steelix||Steelixite|Sturdy|HeavySlam,HighHorsepower,Protect,Earthquake|Adamant||M|||50|]Sylveon||FairyFeather|Pixilate|HyperVoice,ShadowBall,MysticalFire,HyperBeam|Quiet||M|||50|]Zoroark||LifeOrb|Illusion|DarkPulse,FocusBlast,Uturn,Protect|Timid||F|||50|]Luxray||SitrusBerry|Intimidate|PlayRough,SupercellSlam,Superpower,ThroatChop|Adamant||M|||50|]Mr. Rime||OccaBerry|ScreenCleaner|Psychic,FakeOut,TrickRoom,FreezeDry|Quiet||M|||50|]Kleavor||FocusSash|Sharpness|StoneAxe,XScissor,SwordsDance,Trailblaze|Jolly||F|||50|
|showteam|p2|Runerigus||Leftovers|WanderingSpirit|BodyPress,IronDefense,ShadowClaw,TrickRoom|Relaxed||M|||50|]Emboar||Emboarite|Reckless|FlareBlitz,DrainPunch,BulkUp,Protect|Brave||F|||50|]Kleavor||ChoiceScarf|Sharpness|StoneAxe,XScissor,CloseCombat,RockSlide|Jolly||M|||50|]Sableye||LightClay|Prankster|FoulPlay,Reflect,LightScreen,FakeOut|Impish||F|||50|]Simipour||SitrusBerry|Torrent|Scald,IceBeam,NastyPlot,Protect|Modest||F|||50|]Sylveon||FairyFeather|CuteCharm|HyperVoice,HyperBeam,Yawn,Protect|Quiet||F|||50|
|
|t:|1786206549
|teamsize|p1|4
|teamsize|p2|4
|start
|switch|p1a: Kleavor|Kleavor, L50, F, shiny|100/100
|switch|p1b: Mr. Rime|Mr. Rime, L50, M, shiny|100/100
|switch|p2a: Kleavor|Kleavor, L50, M|100/100
|switch|p2b: Sylveon|Sylveon, L50, F|100/100
|turn|1
|
|t:|1786206588
|switch|p2a: Runerigus|Runerigus, L50, M|100/100
|move|p1b: Mr. Rime|Fake Out|p2b: Sylveon
|-damage|p2b: Sylveon|90/100
|move|p1a: Kleavor|Stone Axe|p2a: Runerigus|[miss]
|-miss|p1a: Kleavor|p2a: Runerigus
|cant|p2b: Sylveon|flinch
|
|upkeep
|turn|2
|
|t:|1786206629
|switch|p2a: Kleavor|Kleavor, L50, M|100/100
|move|p1a: Kleavor|Swords Dance|p1a: Kleavor
|-boost|p1a: Kleavor|atk|2
|move|p1b: Mr. Rime|Freeze-Dry|p2a: Kleavor
|-damage|p2a: Kleavor|38/100
|move|p2b: Sylveon|Yawn|p1a: Kleavor
|-start|p1a: Kleavor|move: Yawn|[of] p2b: Sylveon
|
|upkeep
|turn|3
|
|t:|1786206686
|move|p2b: Sylveon|Protect|p2b: Sylveon
|-singleturn|p2b: Sylveon|Protect
|move|p2a: Kleavor|Rock Slide|p1b: Mr. Rime|[spread] p1b
|-miss|p2a: Kleavor|p1a: Kleavor
|-supereffective|p1b: Mr. Rime|1
|-damage|p1b: Mr. Rime|34/100
|move|p1a: Kleavor|Stone Axe|p2b: Sylveon
|-activate|p2b: Sylveon|move: Protect
|move|p1b: Mr. Rime|Psychic|p2a: Kleavor
|-damage|p2a: Kleavor|0 fnt
|faint|p2a: Kleavor
|
|-end|p1a: Kleavor|move: Yawn|[silent]
|-status|p1a: Kleavor|slp
|upkeep
|
|t:|1786206702
|switch|p2a: Simipour|Simipour, L50, F|100/100
|turn|4
|
|t:|1786206741
|cant|p1a: Kleavor|slp
|move|p2a: Simipour|Scald|p1b: Mr. Rime
|-damage|p1b: Mr. Rime|2/100
|move|p1b: Mr. Rime|Freeze-Dry|p2a: Simipour
|-supereffective|p2a: Simipour|1
|-damage|p2a: Simipour|0 fnt
|faint|p2a: Simipour
|move|p2b: Sylveon|Hyper Voice|p1b: Mr. Rime|[spread] p1a,p1b
|-resisted|p1a: Kleavor|1
|-damage|p1a: Kleavor|80/100 slp
|-damage|p1b: Mr. Rime|0 fnt
|faint|p1b: Mr. Rime
|
|upkeep
|
|t:|1786206752
|switch|p2a: Runerigus|Runerigus, L50, M|100/100
|switch|p1b: Luxray|Luxray, L50, M, shiny|100/100
|turn|5
|
|t:|1786206769
|move|p2b: Sylveon|Protect|p2b: Sylveon
|-singleturn|p2b: Sylveon|Protect
|move|p1b: Luxray|Dark Pulse|p2a: Runerigus
|-supereffective|p2a: Runerigus|1
|-damage|p2a: Runerigus|0 fnt
|faint|p2a: Runerigus
|-damage|p1b: Luxray|90/100|[from] item: Life Orb
|cant|p1a: Kleavor|slp
|
|upkeep
|turn|6
|
|t:|1786206791
|move|p1b: Luxray|Dark Pulse|p2b: Sylveon
|-resisted|p2b: Sylveon|1
|-damage|p2b: Sylveon|71/100
|-damage|p1b: Luxray|81/100|[from] item: Life Orb
|-curestatus|p1a: Kleavor|slp|[msg]
|move|p1a: Kleavor|Stone Axe|p2b: Sylveon
|-damage|p2b: Sylveon|0 fnt
|-sidestart|p2: sconet ~|move: Stealth Rock
|faint|p2b: Sylveon
|
|win|Kiula45494
|c|☆Kiula45494|gg
