|j|☆EXHOUL
|j|☆Calabria_Fan
|html|EXHOULCalabria_Fan    
|uhtml|bestof|Game 3 of a best-of-3
|t:|1757078770
|gametype|doubles
|player|p1|EXHOUL|shadowtriad|1366
|player|p2|Calabria_Fan|170|1407
|gen|9
|tier|[Gen 9] VGC 2025 Reg H (Bo3)
|rated|
|rule|Species Clause: Limit one of each Pokémon
|rule|Item Clause: Limit 1 of each item
|clearpoke
|poke|p1|Torkoal, L50, M|
|poke|p1|Lilligant-Hisui, L50, F|
|poke|p1|Armarouge, L50, M|
|poke|p1|Indeedee-F, L50, F|
|poke|p1|Gallade, L50, M|
|poke|p1|Ursaluna, L50, M|
|poke|p2|Dragonite, L50, M|
|poke|p2|Gholdengo, L50|
|poke|p2|Rillaboom, L50, M|
|poke|p2|Ursaluna-Bloodmoon, L50, M|
|poke|p2|Maushold-Four, L50|
|poke|p2|Annihilape, L50, M|
|teampreview|4
|showteam|p1|Torkoal||Charcoal|Drought|Eruption,Flamethrower,ClearSmog,Protect|||M|||50|,,,,,Fire]Lilligant-Hisui||FocusSash|Chlorophyll|SleepPowder,CloseCombat,Encore,AfterYou|||F|||50|,,,,,Ghost]Armarouge||LifeOrb|FlashFire|ExpandingForce,ArmorCannon,WideGuard,TrickRoom|||M|||50|,,,,,Grass]Indeedee-F||RockyHelmet|PsychicSurge|FollowMe,HelpingHand,DazzlingGleam,TrickRoom|||F|||50|,,,,,Steel]Gallade||ClearAmulet|Sharpness|SacredSword,NightSlash,DestinyBond,TrickRoom|||M|||50|,,,,,Dark]Ursaluna||FlameOrb|Guts|Facade,HeadlongRush,Earthquake,Protect|||M|||50|,,,,,Ghost
|showteam|p2|Dragonite||LoadedDice|Multiscale|Tailwind,Haze,Protect,ScaleShot|||M|||50|,,,,,Fairy]Gholdengo||LifeOrb|GoodasGold|MakeItRain,ShadowBall,NastyPlot,Protect||||||50|,,,,,Water]Rillaboom||MiracleSeed|GrassySurge|WoodHammer,GrassyGlide,FakeOut,HighHorsepower|||M|||50|,,,,,Fire]Ursaluna-Bloodmoon||AssaultVest|MindsEye|BloodMoon,EarthPower,HyperVoice,VacuumWave|||M|||50|,,,,,Water]Maushold-Four||FocusSash|FriendGuard|SuperFang,FollowMe,BeatUp,Protect||||||50|,,,,,Ghost]Annihilape||SitrusBerry|Defiant|RageFist,DrainPunch,BulkUp,Protect|||M|||50|,,,,,Fire
|inactive|Battle timer is ON: inactive players will automatically lose when time's up. (requested by EXHOUL)
|
|t:|1757078787
|teamsize|p1|4
|teamsize|p2|4
|start
|switch|p1a: Lilligant|Lilligant-Hisui, L50, F|100/100
|switch|p1b: Torkoal|Torkoal, L50, M|100/100
|switch|p2a: Gholdengo|Gholdengo, L50|100/100
|switch|p2b: Ursaluna|Ursaluna-Bloodmoon, L50, M|100/100
|-weather|SunnyDay|[from] ability: Drought|[of] p1b: Torkoal
|turn|1
|inactive|EXHOUL has 30 seconds left.
|inactive|Calabria_Fan has 30 seconds left.
|
|t:|1757078816
|-terastallize|p2a: Gholdengo|Water
|move|p1a: Lilligant|Sleep Powder|p2b: Ursaluna
|-status|p2b: Ursaluna|slp|[from] move: Sleep Powder
|move|p2a: Gholdengo|Make It Rain|p1b: Torkoal|[spread] p1a,p1b
|-resisted|p1b: Torkoal
|-damage|p1a: Lilligant|9/100
|-damage|p1b: Torkoal|65/100
|-unboost|p2a: Gholdengo|spa|1
|-damage|p2a: Gholdengo|91/100|[from] item: Life Orb
|cant|p2b: Ursaluna|slp
|move|p1b: Torkoal|Eruption|p2b: Ursaluna|[spread] p2a,p2b
|-resisted|p2a: Gholdengo
|-damage|p2a: Gholdengo|63/100
|-damage|p2b: Ursaluna|61/100 slp
|
|-weather|SunnyDay|[upkeep]
|upkeep
|turn|2
|inactive|Calabria_Fan has 30 seconds left.
|
|t:|1757078843
|switch|p2a: Dragonite|Dragonite, L50, M|100/100
|move|p1a: Lilligant|Close Combat|p2b: Ursaluna
|-supereffective|p2b: Ursaluna
|-damage|p2b: Ursaluna|0 fnt
|-unboost|p1a: Lilligant|def|1
|-unboost|p1a: Lilligant|spd|1
|faint|p2b: Ursaluna
|move|p1b: Torkoal|Flamethrower|p2a: Dragonite
|-resisted|p2a: Dragonite
|-damage|p2a: Dragonite|83/100
|
|-weather|SunnyDay|[upkeep]
|upkeep
|
|t:|1757078857
|switch|p2b: Gholdengo|Gholdengo, L50, tera:Water|63/100
|turn|3
|
|t:|1757078866
|switch|p1b: Indeedee|Indeedee-F, L50, F|100/100
|-fieldstart|move: Psychic Terrain|[from] ability: Psychic Surge|[of] p1b: Indeedee
|move|p2a: Dragonite|Protect|p2a: Dragonite
|-singleturn|p2a: Dragonite|Protect
|move|p1a: Lilligant|Sleep Powder|p2a: Dragonite
|-activate|p2a: Dragonite|move: Protect
|move|p2b: Gholdengo|Shadow Ball|p1a: Lilligant
|-damage|p1a: Lilligant|0 fnt
|faint|p1a: Lilligant
|-damage|p2b: Gholdengo|54/100|[from] item: Life Orb
|
|-weather|SunnyDay|[upkeep]
|upkeep
|
|t:|1757078872
|switch|p1a: Armarouge|Armarouge, L50, M|100/100
|turn|4
|
|t:|1757078888
|switch|p2b: Rillaboom|Rillaboom, L50, M|100/100
|-fieldstart|move: Grassy Terrain|[from] ability: Grassy Surge|[of] p2b: Rillaboom
|move|p1b: Indeedee|Follow Me|p1b: Indeedee
|-singleturn|p1b: Indeedee|move: Follow Me
|move|p2a: Dragonite|Scale Shot|p1b: Indeedee
|-damage|p1b: Indeedee|86/100
|-damage|p1b: Indeedee|71/100
|-damage|p1b: Indeedee|56/100
|-damage|p1b: Indeedee|41/100
|-hitcount|p1b: Indeedee|4
|-unboost|p2a: Dragonite|def|1
|-boost|p2a: Dragonite|spe|1
|move|p1a: Armarouge|Trick Room|p1a: Armarouge
|-fieldstart|move: Trick Room|[of] p1a: Armarouge
|
|-weather|SunnyDay|[upkeep]
|-heal|p1b: Indeedee|47/100|[from] Grassy Terrain
|upkeep
|turn|5
|inactive|EXHOUL has 30 seconds left.
|inactive|Calabria_Fan has 30 seconds left.
|inactive|Calabria_Fan has 20 seconds left.
|inactive|Calabria_Fan has 15 seconds left.
|inactive|Calabria_Fan has 10 seconds left.
|inactive|Calabria_Fan has 5 seconds left.
|
|t:|1757078942
|-terastallize|p1b: Indeedee|Steel
|move|p2b: Rillaboom|Fake Out|p1a: Armarouge
|-damage|p1a: Armarouge|86/100
|move|p1b: Indeedee|Follow Me|p1b: Indeedee
|-singleturn|p1b: Indeedee|move: Follow Me
|cant|p1a: Armarouge|flinch
|move|p2a: Dragonite|Scale Shot|p1b: Indeedee
|-resisted|p1b: Indeedee
|-damage|p1b: Indeedee|40/100
|-resisted|p1b: Indeedee
|-damage|p1b: Indeedee|33/100
|-resisted|p1b: Indeedee
|-damage|p1b: Indeedee|26/100
|-resisted|p1b: Indeedee
|-damage|p1b: Indeedee|17/100
|-hitcount|p1b: Indeedee|4
|-unboost|p2a: Dragonite|def|1
|-boost|p2a: Dragonite|spe|1
|
|-weather|none
|-heal|p1a: Armarouge|92/100|[from] Grassy Terrain
|-heal|p1b: Indeedee|24/100|[from] Grassy Terrain
|upkeep
|turn|6
|
|t:|1757078962
|switch|p1b: Torkoal|Torkoal, L50, M|65/100
|-weather|SunnyDay|[from] ability: Drought|[of] p1b: Torkoal
|switch|p2b: Gholdengo|Gholdengo, L50, tera:Water|54/100
|move|p1a: Armarouge|Armor Cannon|p2b: Gholdengo
|-resisted|p2b: Gholdengo
|-damage|p2b: Gholdengo|0 fnt
|-unboost|p1a: Armarouge|def|1
|-unboost|p1a: Armarouge|spd|1
|faint|p2b: Gholdengo
|-damage|p1a: Armarouge|83/100|[from] item: Life Orb
|move|p2a: Dragonite|Scale Shot|p1a: Armarouge
|-damage|p1a: Armarouge|61/100
|-damage|p1a: Armarouge|39/100
|-damage|p1a: Armarouge|16/100
|-damage|p1a: Armarouge|0 fnt
|faint|p1a: Armarouge
|-hitcount|p1: Armarouge|4
|-unboost|p2a: Dragonite|def|1
|-boost|p2a: Dragonite|spe|1
|
|-weather|SunnyDay|[upkeep]
|-heal|p1b: Torkoal|72/100|[from] Grassy Terrain
|upkeep
|
|t:|1757078981
|switch|p1a: Indeedee|Indeedee-F, L50, F, tera:Steel|24/100
|switch|p2b: Rillaboom|Rillaboom, L50, M|100/100
|-fieldstart|move: Psychic Terrain|[from] ability: Psychic Surge|[of] p1a: Indeedee
|-fieldstart|move: Grassy Terrain|[from] ability: Grassy Surge|[of] p2b: Rillaboom
|turn|7
|
|t:|1757078996
|move|p2b: Rillaboom|Fake Out|p1b: Torkoal
|-damage|p1b: Torkoal|61/100
|cant|p1b: Torkoal|flinch
|move|p1a: Indeedee|Dazzling Gleam|p2b: Rillaboom|[spread] p2a,p2b
|-supereffective|p2a: Dragonite
|-damage|p2a: Dragonite|54/100
|-damage|p2b: Rillaboom|86/100
|move|p2a: Dragonite|Scale Shot|p1a: Indeedee
|-resisted|p1a: Indeedee
|-damage|p1a: Indeedee|17/100
|-resisted|p1a: Indeedee
|-damage|p1a: Indeedee|9/100
|-resisted|p1a: Indeedee
|-damage|p1a: Indeedee|1/100
|-resisted|p1a: Indeedee
|-damage|p1a: Indeedee|0 fnt
|faint|p1a: Indeedee
|-hitcount|p1: Indeedee|4
|-unboost|p2a: Dragonite|def|1
|-boost|p2a: Dragonite|spe|1
|
|-weather|SunnyDay|[upkeep]
|-heal|p1b: Torkoal|67/100|[from] Grassy Terrain
|-heal|p2b: Rillaboom|92/100|[from] Grassy Terrain
|upkeep
|turn|8
|inactive|Calabria_Fan has 30 seconds left.
|
|t:|1757079025
|move|p2b: Rillaboom|Grassy Glide|p1b: Torkoal
|-resisted|p1b: Torkoal
|-damage|p1b: Torkoal|51/100
|move|p1b: Torkoal|Flamethrower|p2b: Rillaboom
|-supereffective|p2b: Rillaboom
|-damage|p2b: Rillaboom|0 fnt
|faint|p2b: Rillaboom
|move|p2a: Dragonite|Scale Shot|p1b: Torkoal
|-damage|p1b: Torkoal|41/100
|-damage|p1b: Torkoal|30/100
|-damage|p1b: Torkoal|20/100
|-damage|p1b: Torkoal|8/100
|-damage|p1b: Torkoal|0 fnt
|faint|p1b: Torkoal
|-hitcount|p1: Torkoal|5
|
|win|Calabria_Fan
|raw|EXHOUL's rating: 1366 → 1348(-18 for losing)
|raw|Calabria_Fan's rating: 1407 → 1425(+18 for winning)
|l|☆EXHOUL
|player|p1|
|c|☆Calabria_Fan|ggs
