|j|☆ilkrosirjs
|j|☆electro94
|html|ilkrosirjselectro94    
|uhtml|bestof|Game 1 of a best-of-3
|t:|1783354772
|gametype|doubles
|player|p1|ilkrosirjs|lady|
|player|p2|electro94|benga|
|gen|9
|tier|[Gen 9 Champions] VGC 2026 Reg M-B (Bo3)
|rule|Species Clause: Limit one of each Pokémon
|rule|Item Clause: Limit 1 of each item
|clearpoke
|poke|p1|Floette-Eternal, L50, F|
|poke|p1|Blaziken, L50, M|
|poke|p1|Whimsicott, L50, F|
|poke|p1|Basculegion, L50, M|
|poke|p1|Farigiraf, L50, F|
|poke|p1|Hydreigon, L50, F|
|poke|p2|Crabominable, L50, M, shiny|
|poke|p2|Slowking-Galar, L50, M|
|poke|p2|Archaludon, L50, F, shiny|
|poke|p2|Mimikyu, L50, F|
|poke|p2|Tsareena, L50, F, shiny|
|poke|p2|Incineroar, L50, M, shiny|
|teampreview|4
|showteam|p1|Floette-Eternal||Floettite|FlowerVeil|LightofRuin,Moonblast,DazzlingGleam,Protect|Timid||F|||50|]Blaziken||Blazikenite|SpeedBoost|FlareBlitz,CloseCombat,RockSlide,Protect|Adamant||M|||50|]Whimsicott||FocusSash|Prankster|Moonblast,Tailwind,Encore,Protect|Timid||F|||50|]Basculegion||LifeOrb|Adaptability|WaveCrash,LastRespects,AquaJet,Protect|Jolly||M|||50|]Farigiraf||SitrusBerry|ArmorTail|TwinBeam,HyperVoice,HelpingHand,Roar|Modest||F|||50|]Hydreigon||ChoiceScarf|Levitate|DarkPulse,DracoMeteor,EarthPower,Snarl|Timid||F|||50|
|showteam|p2|Crabominable||Crabominite|HyperCutter|IceHammer,CloseCombat,ThunderPunch,Protect|Brave||M|||50|]Slowking-Galar||ColburBerry|Regenerator|Psychic,TrickRoom,ChillyReception,Protect|Relaxed||M|||50|]Archaludon||ExpertBelt|Stamina|ElectroShot,DracoMeteor,DragonPulse,Protect|Sassy||F|||50|]Mimikyu||LifeOrb|Disguise|Protect,PlayRough,ShadowSneak,TrickRoom|Brave||F|||50|]Tsareena||WideLens|QueenlyMajesty|TripleAxel,PowerWhip,Uturn,Protect|Brave||F|||50|]Incineroar||SitrusBerry|Intimidate|FakeOut,DarkestLariat,Protect,FlareBlitz|Relaxed||M|||50|
|c|☆electro94|Good luck!
|
|t:|1783354817
|teamsize|p1|4
|teamsize|p2|4
|start
|switch|p1a: Blaziken|Blaziken, L50, M|100/100
|switch|p1b: Farigiraf|Farigiraf, L50, F|100/100
|switch|p2a: Slowking|Slowking-Galar, L50, M|100/100
|switch|p2b: Mimikyu|Mimikyu, L50, F|100/100
|turn|1
|
|t:|1783354857
|detailschange|p1a: Blaziken|Blaziken-Mega, L50, M
|-mega|p1a: Blaziken|Blaziken|Blazikenite
|move|p1a: Blaziken|Flare Blitz|p2a: Slowking
|-damage|p2a: Slowking|32/100
|-damage|p1a: Blaziken|73/100|[from] Recoil
|move|p2a: Slowking|Psychic|p1a: Blaziken
|-supereffective|p1a: Blaziken|1
|-damage|p1a: Blaziken|0 fnt
|faint|p1a: Blaziken
|move|p1b: Farigiraf|Roar|p2b: Mimikyu
|drag|p2b: Yeti|Crabominable, L50, M, shiny|100/100
|
|upkeep
|
|t:|1783354870
|switch|p1a: Basculegion|Basculegion, L50, M|100/100
|turn|2
|
|t:|1783354895
|detailschange|p2b: Yeti|Crabominable-Mega, L50, M, shiny
|-mega|p2b: Yeti|Crabominable|Crabominite
|move|p2b: Yeti|Protect|p2b: Yeti
|-singleturn|p2b: Yeti|Protect
|move|p1a: Basculegion|Wave Crash|p2b: Yeti
|-activate|p2b: Yeti|move: Protect
|move|p1b: Farigiraf|Twin Beam|p2a: Slowking
|-damage|p2a: Slowking|15/100
|-damage|p2a: Slowking|0 fnt
|faint|p2a: Slowking
|-hitcount|p2: Slowking|2
|
|upkeep
|
|t:|1783354912
|switch|p2a: Mimikyu|Mimikyu, L50, F|100/100
|turn|3
|
|t:|1783354960
|switch|p2b: Incineroar|Incineroar, L50, M, shiny|100/100
|-ability|p2b: Incineroar|Intimidate|boost
|-unboost|p1a: Basculegion|atk|1
|-unboost|p1b: Farigiraf|atk|1
|move|p1a: Basculegion|Wave Crash|p2b: Incineroar
|-supereffective|p2b: Incineroar|1
|-damage|p2b: Incineroar|0 fnt
|faint|p2b: Incineroar
|-damage|p1a: Basculegion|71/100|[from] Recoil
|-damage|p1a: Basculegion|61/100|[from] item: Life Orb
|move|p1b: Farigiraf|Roar|p2a: Mimikyu
|drag|p2a: Yeti|Crabominable-Mega, L50, M, shiny|100/100
|
|upkeep
|
|t:|1783354974
|switch|p2b: Mimikyu|Mimikyu, L50, F|100/100
|turn|4
|
|t:|1783354982
|move|p1a: Basculegion|Protect|p1a: Basculegion
|-singleturn|p1a: Basculegion|Protect
|move|p2b: Mimikyu|Shadow Sneak||[still]
|cant|p1b: Farigiraf|ability: Armor Tail|Shadow Sneak|[of] p2b: Mimikyu
|move|p1b: Farigiraf|Twin Beam|p2b: Mimikyu
|-activate|p2b: Mimikyu|ability: Disguise
|-damage|p2b: Mimikyu|100/100
|detailschange|p2b: Mimikyu|Mimikyu-Busted, L50, F
|-damage|p2b: Mimikyu|87/100|[from] pokemon: Mimikyu-Busted
|-damage|p2b: Mimikyu|62/100
|-hitcount|p2b: Mimikyu|2
|move|p2a: Yeti|Ice Hammer|p1b: Farigiraf
|-damage|p1b: Farigiraf|21/100
|-unboost|p2a: Yeti|spe|1
|-enditem|p1b: Farigiraf|Sitrus Berry|[eat]
|-heal|p1b: Farigiraf|46/100|[from] item: Sitrus Berry
|
|upkeep
|turn|5
|
|t:|1783355004
|move|p2a: Yeti|Protect|p2a: Yeti
|-singleturn|p2a: Yeti|Protect
|move|p1a: Basculegion|Last Respects|p2b: Mimikyu
|-supereffective|p2b: Mimikyu|1
|-damage|p2b: Mimikyu|0 fnt
|faint|p2b: Mimikyu
|-damage|p1a: Basculegion|52/100|[from] item: Life Orb
|move|p1b: Farigiraf|Twin Beam|p2a: Yeti
|-activate|p2a: Yeti|move: Protect
|
|upkeep
|turn|6
|
|t:|1783355022
|move|p1a: Basculegion|Wave Crash|p2a: Yeti
|-damage|p2a: Yeti|41/100
|-damage|p1a: Basculegion|35/100|[from] Recoil
|-damage|p1a: Basculegion|25/100|[from] item: Life Orb
|move|p1b: Farigiraf|Twin Beam|p2a: Yeti
|-supereffective|p2a: Yeti|1
|-damage|p2a: Yeti|5/100
|-supereffective|p2a: Yeti|1
|-damage|p2a: Yeti|0 fnt
|faint|p2a: Yeti
|-hitcount|p2: Yeti|2
|
|win|ilkrosirjs
|inactive|ilkrosirjs has 30 seconds to confirm battle start!
|inactive|electro94 has 30 seconds to confirm battle start!
|c|☆ilkrosirjs|gg
||electro94 is ready for game 2.
|c|☆ilkrosirjs|game 2
|inactive|ilkrosirjs has 20 seconds to confirm battle start!
||ilkrosirjs is ready for game 2.
|uhtml|next|Next: Game 2 of 3
|l|☆ilkrosirjs
|player|p1|
|l|☆electro94
|player|p2|
|j|☆electro94
|player|p2|electro94|benga|
