|j|☆R1xohbilbao
|j|☆palle synchro
|html|R1xohbilbaopalle synchro    
|uhtml|bestof|Game 3 of a best-of-3
|t:|1754060839
|gametype|doubles
|player|p1|R1xohbilbao|266|1192
|player|p2|palle synchro|volkner|1244
|gen|9
|tier|[Gen 9] VGC 2025 Reg H (Bo3)
|rated|
|rule|Species Clause: Limit one of each Pokémon
|rule|Item Clause: Limit 1 of each item
|clearpoke
|poke|p1|Talonflame, L50, M|
|poke|p1|Ninetales-Alola, L50, M|
|poke|p1|Garchomp, L50, F|
|poke|p1|Sneasler, L50, F|
|poke|p1|Kingambit, L50, M|
|poke|p1|Amoonguss, L50, M|
|poke|p2|Whimsicott, L50, M|
|poke|p2|Arcanine-Hisui, L50, M|
|poke|p2|Indeedee, L50, M|
|poke|p2|Sneasler, L50, F|
|poke|p2|Ursaluna-Bloodmoon, L50, M|
|poke|p2|Archaludon, L50, M|
|teampreview|4
|showteam|p1|Talonflame||CovertCloak|GaleWings|DualWingbeat,Tailwind,WillOWisp,Taunt|||M|||50|,,,,,Ghost]Ninetales-Alola||SafetyGoggles|SnowWarning|Blizzard,FreezeDry,Encore,Protect|||M|||50|,,,,,Fire]Garchomp||LifeOrb|RoughSkin|Earthquake,DragonClaw,StompingTantrum,Protect|||F|||50|,,,,,Steel]Sneasler||FocusSash|Unburden|FakeOut,CloseCombat,DireClaw,Protect|||F|||50|,,,,,Stellar]Kingambit||BlackGlasses|Defiant|SuckerPunch,KowtowCleave,Protect,SwordsDance|||M|||50|,,,,,Dark]Amoonguss||RockyHelmet|Regenerator|Spore,RagePowder,PollenPuff,ClearSmog|||M|||50|,,,,,Dragon
|showteam|p2|Whimsicott||CovertCloak|Prankster|Moonblast,Taunt,Tailwind,FakeTears|||M|||50|,,,,,Water]Arcanine-Hisui||ClearAmulet|Intimidate|FlareBlitz,RockSlide,HeadSmash,Protect|||M|||50|,,,,,Ghost]Indeedee||FocusSash|PsychicSurge|ExpandingForce,TeraBlast,Imprison,TrickRoom|||M|||50|,,,,,Psychic]Sneasler||PsychicSeed|Unburden|CloseCombat,DireClaw,ThroatChop,Protect|||F|||50|,,,,,Dark]Ursaluna-Bloodmoon||LifeOrb|MindsEye|HyperVoice,BloodMoon,EarthPower,Protect|||M|||50|,,,,,Normal]Archaludon||PowerHerb|Stalwart|ElectroShot,DragonPulse,Thunderbolt,Protect|||M|||50|,,,,,Electric
|inactive|Battle timer is ON: inactive players will automatically lose when time's up. (requested by palle synchro)
|inactive|R1xohbilbao has 60 seconds left.
|
|t:|1754060879
|teamsize|p1|4
|teamsize|p2|4
|start
|switch|p1a: Talonflame|Talonflame, L50, M|100/100
|switch|p1b: Garchomp|Garchomp, L50, F|100/100
|switch|p2a: Indeedee|Indeedee, L50, M|100/100
|switch|p2b: Sneasler|Sneasler, L50, F|100/100
|-fieldstart|move: Psychic Terrain|[from] ability: Psychic Surge|[of] p2a: Indeedee
|-enditem|p2b: Sneasler|Psychic Seed
|-boost|p2b: Sneasler|spd|1|[from] item: Psychic Seed
|turn|1
|
|t:|1754060894
|-terastallize|p1b: Garchomp|Steel
|-terastallize|p2a: Indeedee|Psychic
|move|p2b: Sneasler|Protect|p2b: Sneasler
|-singleturn|p2b: Sneasler|Protect
|move|p1a: Talonflame|Taunt|p2a: Indeedee
|-start|p2a: Indeedee|move: Taunt
|move|p1b: Garchomp|Earthquake|p2a: Indeedee|[spread] p2a
|-activate|p2b: Sneasler|move: Protect
|-immune|p1a: Talonflame
|-enditem|p2a: Indeedee|Focus Sash
|-damage|p2a: Indeedee|1/100
|-damage|p1b: Garchomp|91/100|[from] item: Life Orb
|move|p2a: Indeedee|Expanding Force|p1b: Garchomp|[spread] p1a,p1b
|-resisted|p1b: Garchomp
|-damage|p1a: Talonflame|0 fnt
|-damage|p1b: Garchomp|50/100
|faint|p1a: Talonflame
|
|upkeep
|inactive|R1xohbilbao has 30 seconds left.
|
|t:|1754060921
|switch|p1a: Ninetales|Ninetales-Alola, L50, M|100/100
|-weather|Snowscape|[from] ability: Snow Warning|[of] p1a: Ninetales
|turn|2
|
|t:|1754060933
|move|p1b: Garchomp|Protect|p1b: Garchomp
|-singleturn|p1b: Garchomp|Protect
|move|p2b: Sneasler|Close Combat|p1b: Garchomp
|-activate|p1b: Garchomp|move: Protect
|move|p1a: Ninetales|Blizzard|p2a: Indeedee|[spread] p2a,p2b
|-damage|p2a: Indeedee|0 fnt
|-damage|p2b: Sneasler|71/100
|faint|p2a: Indeedee
|
|-weather|Snowscape|[upkeep]
|upkeep
|
|t:|1754060947
|switch|p2a: Ursaluna|Ursaluna-Bloodmoon, L50, M|100/100
|turn|3
|
|t:|1754060970
|move|p2b: Sneasler|Close Combat|p1b: Garchomp
|-supereffective|p1b: Garchomp
|-damage|p1b: Garchomp|0 fnt
|-unboost|p2b: Sneasler|def|1
|-unboost|p2b: Sneasler|spd|1
|-damage|p2b: Sneasler|59/100|[from] ability: Rough Skin|[of] p1b: Garchomp
|faint|p1b: Garchomp
|move|p1a: Ninetales|Blizzard|p2a: Ursaluna|[spread] p2a,p2b
|-supereffective|p2a: Ursaluna
|-damage|p2a: Ursaluna|23/100
|-damage|p2b: Sneasler|12/100
|move|p2a: Ursaluna|Blood Moon|p1a: Ninetales
|-crit|p1a: Ninetales
|-damage|p1a: Ninetales|0 fnt
|faint|p1a: Ninetales
|-damage|p2a: Ursaluna|14/100|[from] item: Life Orb
|
|-weather|Snowscape|[upkeep]
|upkeep
|
|t:|1754060982
|switch|p1b: Sneasler|Sneasler, L50, F|100/100
|turn|4
|
|t:|1754061002
|move|p2a: Ursaluna|Protect|p2a: Ursaluna
|-singleturn|p2a: Ursaluna|Protect
|move|p2b: Sneasler|Close Combat|p1b: Sneasler
|-resisted|p1b: Sneasler
|-damage|p1b: Sneasler|51/100
|-unboost|p2b: Sneasler|def|1
|-unboost|p2b: Sneasler|spd|1
|move|p1b: Sneasler|Dire Claw|p2a: Ursaluna
|-activate|p2a: Ursaluna|move: Protect
|
|-weather|Snowscape|[upkeep]
|upkeep
|turn|5
|
|t:|1754061014
|move|p2b: Sneasler|Close Combat|p1b: Sneasler
|-resisted|p1b: Sneasler
|-damage|p1b: Sneasler|2/100
|-unboost|p2b: Sneasler|def|1
|-unboost|p2b: Sneasler|spd|1
|move|p1b: Sneasler|Dire Claw|p2a: Ursaluna
|-resisted|p2a: Ursaluna
|-damage|p2a: Ursaluna|0 fnt
|faint|p2a: Ursaluna
|
|-weather|Snowscape|[upkeep]
|-fieldend|move: Psychic Terrain
|upkeep
|
|t:|1754061016
|switch|p2a: Whimsicott|Whimsicott, L50, M|100/100
|turn|6
|
|t:|1754061021
|move|p2b: Sneasler|Close Combat|p1b: Sneasler
|-resisted|p1b: Sneasler
|-damage|p1b: Sneasler|0 fnt
|-unboost|p2b: Sneasler|def|1
|-unboost|p2b: Sneasler|spd|1
|faint|p1b: Sneasler
|
|win|palle synchro
|raw|R1xohbilbao's rating: 1192 → 1171(-21 for losing)
|raw|palle synchro's rating: 1244 → 1265(+21 for winning)
