|j|☆KSV Rigo
|j|☆Sirox185
|html|KSV RigoSirox185    
|uhtml|bestof|Game 1 of a best-of-3
|t:|1756664207
|gametype|doubles
|player|p1|KSV Rigo|musician|
|player|p2|Sirox185|101|
|gen|9
|tier|[Gen 9] VGC 2025 Reg H (Bo3)
|rule|Species Clause: Limit one of each Pokémon
|rule|Item Clause: Limit 1 of each item
|clearpoke
|poke|p1|Annihilape, L50, F|
|poke|p1|Sinistcha, L50|
|poke|p1|Maushold-Four, L50|
|poke|p1|Klefki, L50, F|
|poke|p1|Ursaluna-Bloodmoon, L50, M|
|poke|p1|Ninetales-Alola, L50, F|
|poke|p2|Glimmora, L50, M|
|poke|p2|Archaludon, L50, F|
|poke|p2|Kingambit, L50, M|
|poke|p2|Dragonite, L50, M|
|poke|p2|Rillaboom, L50, M|
|poke|p2|Tauros-Paldea-Blaze, L50, M|
|teampreview|4
|showteam|p1|Annihilape||Leftovers|Defiant|Protect,BulkUp,DrainPunch,RageFist|||F|||50|,,,,,Fire]Sinistcha||SitrusBerry|Hospitality|MatchaGotcha,TrickRoom,LifeDew,RagePowder||||||50|,,,,,Water]Maushold-Four||SafetyGoggles|FriendGuard|FollowMe,Taunt,BeatUp,Protect||||||50|,,,,,Ghost]Klefki||LightClay|Prankster|Reflect,LightScreen,MistyTerrain,DazzlingGleam|||F|||50|,,,,,Ghost]Ursaluna-Bloodmoon||AssaultVest|MindsEye|BloodMoon,HyperVoice,EarthPower,VacuumWave|||M|||50|,,,,,Water]Ninetales-Alola||FocusSash|SnowWarning|Protect,Encore,FreezeDry,Blizzard|||F|||50|,,,,,Ghost
|showteam|p2|Glimmora||FocusSash|ToxicDebris|MortalSpin,SludgeWave,EarthPower,SpikyShield|||M|||50|,,,,,Grass]Archaludon||PowerHerb|Sturdy|ElectroShot,FlashCannon,DracoMeteor,Protect|||F|||50|,,,,,Stellar]Kingambit||SafetyGoggles|Defiant|KowtowCleave,SuckerPunch,SwordsDance,Protect|||M|||50|,,,,,Fairy]Dragonite||ChoiceBand|Multiscale|ExtremeSpeed,Outrage,StompingTantrum,IceSpinner|||M|||50|,,,,,Normal]Rillaboom||AssaultVest|GrassySurge|FakeOut,GrassyGlide,HighHorsepower,WoodHammer|||M|||50|,,,,,Water]Tauros-Paldea-Blaze||MirrorHerb|Intimidate|FlareBlitz,CloseCombat,WillOWisp,Protect|||M|||50|,,,,,Grass
|inactive|Battle timer is ON: inactive players will automatically lose when time's up. (requested by KSV Rigo)
|
|t:|1756664238
|teamsize|p1|4
|teamsize|p2|4
|start
|switch|p1a: Annihilape|Annihilape, L50, F, shiny|100/100
|switch|p1b: Klefki|Klefki, L50, F|100/100
|switch|p2a: Glimmora|Glimmora, L50, M, shiny|100/100
|switch|p2b: Archaludon|Archaludon, L50, F, shiny|100/100
|turn|1
|
|t:|1756664259
|-terastallize|p2b: Archaludon|Stellar
|move|p1b: Klefki|Light Screen|p1b: Klefki
|-sidestart|p1: KSV Rigo|move: Light Screen
|move|p1a: Annihilape|Bulk Up|p1a: Annihilape
|-boost|p1a: Annihilape|atk|1
|-boost|p1a: Annihilape|def|1
|move|p2a: Glimmora|Earth Power|p1a: Annihilape
|-damage|p1a: Annihilape|83/100
|move|p2b: Archaludon|Electro Shot||[still]
|-prepare|p2b: Archaludon|Electro Shot
|-boost|p2b: Archaludon|spa|1
|-enditem|p2b: Archaludon|Power Herb
|-anim|p2b: Archaludon|Electro Shot|p1a: Annihilape
|-damage|p1a: Annihilape|34/100
|
|-heal|p1a: Annihilape|40/100|[from] item: Leftovers
|upkeep
|turn|2
|
|t:|1756664277
|move|p2b: Archaludon|Protect|p2b: Archaludon
|-singleturn|p2b: Archaludon|Protect
|move|p1b: Klefki|Misty Terrain|p1b: Klefki
|-fieldstart|move: Misty Terrain
|move|p1a: Annihilape|Drain Punch|p2b: Archaludon
|-activate|p2b: Archaludon|move: Protect
|move|p2a: Glimmora|Earth Power|p1b: Klefki
|-supereffective|p1b: Klefki
|-damage|p1b: Klefki|63/100
|
|-heal|p1a: Annihilape|46/100|[from] item: Leftovers
|upkeep
|turn|3
|inactive|Sirox185 has 30 seconds left.
|inactive|Sirox185 has 20 seconds left.
|inactive|Sirox185 has 15 seconds left.
|
|t:|1756664320
|switch|p2a: Rillaboom|Rillaboom, L50, M|100/100
|-fieldstart|move: Grassy Terrain|[from] ability: Grassy Surge|[of] p2a: Rillaboom
|move|p1a: Annihilape|Drain Punch|p2b: Archaludon
|-supereffective|p2b: Archaludon
|-damage|p2b: Archaludon|17/100
|-heal|p1a: Annihilape|79/100|[from] drain|[of] p2b: Archaludon
|move|p2b: Archaludon|Draco Meteor|p1a: Annihilape
|-crit|p1a: Annihilape
|-damage|p1a: Annihilape|0 fnt
|-unboost|p2b: Archaludon|spa|2
|faint|p1a: Annihilape
|move|p1b: Klefki|Dazzling Gleam|p2a: Rillaboom|[spread] p2a,p2b
|-damage|p2a: Rillaboom|87/100
|-damage|p2b: Archaludon|0 fnt
|faint|p2b: Archaludon
|
|-heal|p2a: Rillaboom|94/100|[from] Grassy Terrain
|-heal|p1b: Klefki|69/100|[from] Grassy Terrain
|upkeep
|
|t:|1756664341
|switch|p1a: Ninetales|Ninetales-Alola, L50, F, shiny|100/100
|switch|p2b: Tauros|Tauros-Paldea-Blaze, L50, M, shiny|100/100
|-ability|p2b: Tauros|Intimidate|boost
|-unboost|p1a: Ninetales|atk|1
|-unboost|p1b: Klefki|atk|1
|-weather|Snowscape|[from] ability: Snow Warning|[of] p1a: Ninetales
|turn|4
|
|t:|1756664359
|-terastallize|p1a: Ninetales|Ghost
|move|p2a: Rillaboom|Fake Out|p1b: Klefki
|-resisted|p1b: Klefki
|-damage|p1b: Klefki|61/100
|cant|p1b: Klefki|flinch
|move|p2b: Tauros|Flare Blitz|p1b: Klefki
|-supereffective|p1b: Klefki
|-damage|p1b: Klefki|0 fnt
|faint|p1b: Klefki
|-damage|p2b: Tauros|80/100|[from] Recoil
|move|p1a: Ninetales|Blizzard|p2b: Tauros|[spread] p2a,p2b
|-supereffective|p2a: Rillaboom
|-resisted|p2b: Tauros
|-damage|p2a: Rillaboom|43/100
|-damage|p2b: Tauros|55/100
|-status|p2a: Rillaboom|frz
|
|-weather|Snowscape|[upkeep]
|-heal|p2b: Tauros|61/100|[from] Grassy Terrain
|-heal|p2a: Rillaboom|49/100 frz|[from] Grassy Terrain
|upkeep
|
|t:|1756664366
|switch|p1b: Sinistcha|Sinistcha, L50|100/100
|turn|5
|
|t:|1756664378
|cant|p2a: Rillaboom|frz
|move|p2b: Tauros|Flare Blitz|p1b: Sinistcha
|-supereffective|p1b: Sinistcha
|-damage|p1b: Sinistcha|25/100
|-enditem|p1b: Sinistcha|Sitrus Berry|[eat]
|-heal|p1b: Sinistcha|50/100|[from] item: Sitrus Berry
|-damage|p2b: Tauros|33/100|[from] Recoil
|move|p1a: Ninetales|Blizzard|p2a: Rillaboom|[spread] p2a,p2b
|-supereffective|p2a: Rillaboom
|-resisted|p2b: Tauros
|-damage|p2a: Rillaboom|0 fnt
|-damage|p2b: Tauros|11/100
|faint|p2a: Rillaboom
|move|p1b: Sinistcha|Matcha Gotcha|p2b: Tauros
|-resisted|p2b: Tauros
|-damage|p2b: Tauros|0 fnt
|-heal|p1b: Sinistcha|54/100|[from] drain|[of] p2b: Tauros
|faint|p2b: Tauros
|
|-weather|Snowscape|[upkeep]
|-heal|p1b: Sinistcha|61/100|[from] Grassy Terrain
|upkeep
|
|t:|1756664384
|switch|p2a: Glimmora|Glimmora, L50, M, shiny|100/100
|turn|6
|
|t:|1756664396
|move|p1a: Ninetales|Blizzard|p2a: Glimmora
|-damage|p2a: Glimmora|36/100
|move|p2a: Glimmora|Sludge Wave|p1a: Ninetales|[spread] p1a,p1b
|-resisted|p1a: Ninetales
|-damage|p1a: Ninetales|87/100
|-damage|p1b: Sinistcha|34/100
|move|p1b: Sinistcha|Matcha Gotcha|p2a: Glimmora
|-damage|p2a: Glimmora|0 fnt
|-heal|p1b: Sinistcha|50/100|[from] drain|[of] p2a: Glimmora
|faint|p2a: Glimmora
|
|win|KSV Rigo
||Sirox185 is ready for game 2.
||KSV Rigo is ready for game 2.
|uhtml|next|Next: Game 2 of 3
|l|☆Sirox185
|player|p2|
