|j|☆FavonDe
|j|☆FRD DecK
|html|FavonDeFRD DecK    
|uhtml|bestof|Game 1 of a best-of-3
|t:|1785611501
|gametype|doubles
|player|p1|FavonDe|1|
|player|p2|FRD DecK|cheren-gen5bw2|
|gen|9
|tier|[Gen 9 Champions] VGC 2026 Reg M-B (Bo3)
|rule|Species Clause: Limit one of each Pokémon
|rule|Item Clause: Limit 1 of each item
|clearpoke
|poke|p1|Emboar, L50, M, shiny|
|poke|p1|Scolipede, L50, M|
|poke|p1|Bellibolt, L50, M|
|poke|p1|Scrafty, L50, M|
|poke|p1|Mimikyu, L50, F|
|poke|p1|Corviknight, L50, F|
|poke|p2|Alakazam, L50, F|
|poke|p2|Meowstic, L50, M|
|poke|p2|Volcarona, L50, M|
|poke|p2|Scrafty, L50, F|
|poke|p2|Gardevoir, L50, M|
|poke|p2|Conkeldurr, L50, F|
|teampreview|4
|showteam|p1|Emboar||Emboarite|Reckless|CloseCombat,FlareBlitz,HighHorsepower,Protect|Adamant||M|||50|]Scolipede||FocusSash|SpeedBoost|PoisonJab,SwordsDance,BatonPass,Protect|Adamant||M|||50|]Bellibolt||Magnet|Electromorphosis|ParabolicCharge,Thunderbolt,MuddyWater,Protect|Modest||M|||50|]Scrafty||SitrusBerry|Intimidate|DrainPunch,KnockOff,FakeOut,Detect|Careful||M|||50|]Mimikyu||LifeOrb|Disguise|PlayRough,ShadowSneak,ShadowClaw,TrickRoom|Adamant||F|||50|]Corviknight||Leftovers|MirrorArmor|BraveBird,IronHead,Roost,Tailwind|Adamant||F|||50|
|showteam|p2|Alakazam||Alakazite|Synchronize|ExpandingForce,DazzlingGleam,Substitute,Protect|Timid||F|||50|]Meowstic||FocusSash|Prankster|PsychicTerrain,HelpingHand,ThunderWave,Psychic|Modest||M|||50|]Volcarona||Leftovers|FlameBody|HeatWave,RagePowder,WillOWisp,Protect|Modest||M|||50|]Scrafty||SitrusBerry|Intimidate|CloseCombat,Snarl,KnockOff,FakeOut|Careful||F|||50|]Gardevoir||Gardevoirite|Trace|HyperVoice,ExpandingForce,TrickRoom,Protect|Quiet||M|||50|]Conkeldurr||LifeOrb|SheerForce|BodySlam,HammerArm,RockSlide,Protect|Brave||F|||50|
|c|☆FRD DecK|Glhf
|inactive|Battle timer is ON: inactive players will automatically lose when time's up. (requested by FavonDe)
|inactive|FRD DecK also wants the timer to be on.
|inactive|FavonDe has 60 seconds left.
|inactive|FRD DecK has 60 seconds left.
|inactive|FavonDe has 30 seconds left.
|inactive|FavonDe has 20 seconds left.
|inactive|FavonDe has 15 seconds left.
|inactive|FavonDe has 10 seconds left.
|
|t:|1785611595
|teamsize|p1|4
|teamsize|p2|4
|start
|switch|p1a: Abete|Scrafty, L50, M|100/100
|switch|p1b: Mike Muscala|Scolipede, L50, M|100/100
|switch|p2a: Alakazam|Alakazam, L50, F|100/100
|switch|p2b: Meowstic|Meowstic, L50, M|100/100
|-ability|p1a: Abete|Intimidate|boost
|-unboost|p2a: Alakazam|atk|1
|-unboost|p2b: Meowstic|atk|1
|turn|1
|inactive|FavonDe has 30 seconds left.
|inactive|FavonDe has 20 seconds left.
|inactive|FRD DecK has 30 seconds left.
|inactive|FavonDe has 15 seconds left.
|inactive|FRD DecK has 20 seconds left.
|
|t:|1785611645
|switch|p2a: Volcarona|Volcarona, L50, M|100/100
|move|p1a: Abete|Fake Out|p2a: Volcarona
|-damage|p2a: Volcarona|91/100
|-status|p1a: Abete|brn|[from] ability: Flame Body|[of] p2a: Volcarona
|move|p2b: Meowstic|Thunder Wave|p1b: Mike Muscala
|-status|p1b: Mike Muscala|par
|move|p1b: Mike Muscala|Poison Jab|p2a: Volcarona
|-damage|p2a: Volcarona|48/100
|
|-heal|p2a: Volcarona|55/100|[from] item: Leftovers
|-damage|p1a: Abete|94/100 brn|[from] brn
|-ability|p1b: Mike Muscala|Speed Boost|boost
|-boost|p1b: Mike Muscala|spe|1
|upkeep
|turn|2
|inactive|FavonDe has 30 seconds left.
|inactive|FRD DecK has 30 seconds left.
|inactive|FavonDe has 20 seconds left.
|inactive|FRD DecK has 20 seconds left.
|inactive|FRD DecK has 15 seconds left.
|inactive|FRD DecK has 10 seconds left.
|
|t:|1785611692
|move|p1b: Mike Muscala|Protect|p1b: Mike Muscala
|-singleturn|p1b: Mike Muscala|Protect
|move|p2b: Meowstic|Psychic|p1b: Mike Muscala
|-activate|p1b: Mike Muscala|move: Protect
|move|p2a: Volcarona|Heat Wave|p1a: Abete|[spread] p1a
|-activate|p1b: Mike Muscala|move: Protect
|-damage|p1a: Abete|66/100 brn
|move|p1a: Abete|Knock Off|p2b: Meowstic
|-supereffective|p2b: Meowstic|1
|-damage|p2b: Meowstic|51/100
|-enditem|p2b: Meowstic|Focus Sash|[from] move: Knock Off|[of] p1a: Abete
|
|-heal|p2a: Volcarona|61/100|[from] item: Leftovers
|-damage|p1a: Abete|60/100 brn|[from] brn
|-ability|p1b: Mike Muscala|Speed Boost|boost
|-boost|p1b: Mike Muscala|spe|1
|upkeep
|turn|3
|inactive|FavonDe has 30 seconds left.
|inactive|FRD DecK has 30 seconds left.
|inactive|FavonDe has 20 seconds left.
|inactive|FRD DecK has 20 seconds left.
|inactive|FavonDe has 15 seconds left.
|
|t:|1785611735
|move|p1b: Mike Muscala|Baton Pass|p1b: Mike Muscala
|
|t:|1785611737
|switch|p1b: Joel Embiid|Emboar, L50, M, shiny|100/100|[from] Baton Pass
|move|p2b: Meowstic|Psychic|p1b: Joel Embiid
|-supereffective|p1b: Joel Embiid|1
|-damage|p1b: Joel Embiid|4/100
|move|p2a: Volcarona|Heat Wave|p1a: Abete|[spread] p1a,p1b
|-resisted|p1b: Joel Embiid|1
|-damage|p1a: Abete|32/100 brn
|-damage|p1b: Joel Embiid|0 fnt
|-enditem|p1a: Abete|Sitrus Berry|[eat]
|-heal|p1a: Abete|57/100 brn|[from] item: Sitrus Berry
|faint|p1b: Joel Embiid
|move|p1a: Abete|Knock Off|p2b: Meowstic
|-supereffective|p2b: Meowstic|1
|-damage|p2b: Meowstic|22/100
|
|-heal|p2a: Volcarona|67/100|[from] item: Leftovers
|-damage|p1a: Abete|51/100 brn|[from] brn
|upkeep
|
|t:|1785611757
|switch|p1b: Melagoodo|Mimikyu, L50, F|100/100
|turn|4
|
|t:|1785611779
|switch|p1a: Mike Muscala|Scolipede, L50, M|100/100 par
|move|p2b: Meowstic|Psychic Terrain|p2b: Meowstic
|-fieldstart|move: Psychic Terrain
|move|p2a: Volcarona|Heat Wave|p1b: Melagoodo|[spread] p1b
|-miss|p2a: Volcarona|p1a: Mike Muscala
|-activate|p1b: Melagoodo|ability: Disguise
|-damage|p1b: Melagoodo|100/100
|-status|p1b: Melagoodo|brn
|detailschange|p1b: Melagoodo|Mimikyu-Busted, L50, F
|-damage|p1b: Melagoodo|87/100 brn|[from] pokemon: Mimikyu-Busted
|move|p1b: Melagoodo|Shadow Claw|p2a: Volcarona
|-damage|p2a: Volcarona|43/100
|-damage|p1b: Melagoodo|77/100 brn|[from] item: Life Orb
|
|-heal|p2a: Volcarona|49/100|[from] item: Leftovers
|-damage|p1b: Melagoodo|71/100 brn|[from] brn
|upkeep
|turn|5
|inactive|FavonDe has 30 seconds left.
|inactive|FavonDe has 20 seconds left.
|inactive|FavonDe has 15 seconds left.
|inactive|FavonDe has 10 seconds left.
|inactive|FavonDe has 5 seconds left.
|
|t:|1785611831
|move|p2b: Meowstic|Psychic|p1a: Mike Muscala
|-supereffective|p1a: Mike Muscala|1
|-enditem|p1a: Mike Muscala|Focus Sash
|-damage|p1a: Mike Muscala|1/100 par
|move|p2a: Volcarona|Heat Wave|p1a: Mike Muscala|[spread] p1a,p1b
|-supereffective|p1a: Mike Muscala|1
|-damage|p1a: Mike Muscala|0 fnt
|-damage|p1b: Melagoodo|30/100 brn
|faint|p1a: Mike Muscala
|move|p1b: Melagoodo|Shadow Claw|p2b: Meowstic
|-supereffective|p2b: Meowstic|1
|-damage|p2b: Meowstic|0 fnt
|faint|p2b: Meowstic
|-damage|p1b: Melagoodo|20/100y brn|[from] item: Life Orb
|
|-heal|p2a: Volcarona|55/100|[from] item: Leftovers
|-damage|p1b: Melagoodo|14/100 brn|[from] brn
|upkeep
|
|t:|1785611853
|switch|p1a: Abete|Scrafty, L50, M|51/100 brn
|switch|p2b: Alakazam|Alakazam, L50, F|100/100
|-ability|p1a: Abete|Intimidate|boost
|-unboost|p2a: Volcarona|atk|1
|-unboost|p2b: Alakazam|atk|1
|turn|6
|
|t:|1785611865
|detailschange|p2b: Alakazam|Alakazam-Mega, L50, F
|-mega|p2b: Alakazam|Alakazam|Alakazite
|-ability|p2b: Alakazam|Intimidate|Trace|[from] ability: Trace|[of] p1a: Abete
|-ability|p2b: Alakazam|Intimidate|boost
|-unboost|p1a: Abete|atk|1
|-unboost|p1b: Melagoodo|atk|1
|move|p1a: Abete|Fake Out|p2a: Volcarona
|-activate|p2a: Volcarona|move: Psychic Terrain
|move|p2a: Volcarona|Rage Powder|p2a: Volcarona
|-singleturn|p2a: Volcarona|move: Rage Powder
|move|p1b: Melagoodo|Shadow Sneak|p2a: Volcarona
|-activate|p2a: Volcarona|move: Psychic Terrain
|move|p2b: Alakazam|Dazzling Gleam|p1b: Melagoodo|[spread] p1a,p1b
|-supereffective|p1a: Abete|2
|-damage|p1a: Abete|0 fnt
|-damage|p1b: Melagoodo|0 fnt
|faint|p1a: Abete
|faint|p1b: Melagoodo
|
|win|FRD DecK
||FRD DecK is ready for game 2.
