|j|☆ManuButtowski
|j|☆AN555GEL
|html|ManuButtowskiAN555GEL    
|uhtml|bestof|Game 1 of a best-of-3
|t:|1756808640
|gametype|doubles
|player|p1|ManuButtowski|marshal|
|player|p2|AN555GEL|102|
|gen|9
|tier|[Gen 9] VGC 2025 Reg H (Bo3)
|rule|Species Clause: Limit one of each Pokémon
|rule|Item Clause: Limit 1 of each item
|clearpoke
|poke|p1|Incineroar, L50, M|
|poke|p1|Amoonguss, L50, F|
|poke|p1|Ursaluna-Bloodmoon, L50, M|
|poke|p1|Sneasler, L50, F|
|poke|p1|Gholdengo, L50|
|poke|p1|Dragonite, L50, F|
|poke|p2|Dragonite, L50, M|
|poke|p2|Ursaluna, L50, M|
|poke|p2|Archaludon, L50, M|
|poke|p2|Sinistcha-Masterpiece, L50|
|poke|p2|Pelipper, L50, M|
|poke|p2|Gholdengo, L50|
|teampreview|4
|showteam|p1|Incineroar||SafetyGoggles|Intimidate|FlareBlitz,KnockOff,PartingShot,FakeOut|||M|||50|,,,,,Ghost]Amoonguss||SitrusBerry|Regenerator|Spore,RagePowder,PollenPuff,Protect|||F|||50|,,,,,Psychic]Ursaluna-Bloodmoon||AssaultVest|MindsEye|HyperVoice,BloodMoon,EarthPower,VacuumWave|||M|||50|,,,,,Water]Sneasler||FocusSash|Unburden|CloseCombat,DireClaw,ThroatChop,Protect|||F|||50|,,,,,Stellar]Gholdengo||LifeOrb|GoodasGold|MakeItRain,ShadowBall,NastyPlot,Protect||||||50|,,,,,Water]Dragonite||LoadedDice|Multiscale|ScaleShot,Tailwind,Haze,Protect|||F|||50|,,,,,Fairy
|showteam|p2|Dragonite||LoadedDice|Multiscale|ScaleShot,Protect,Tailwind,Haze|||M|||50|,,,,,Fairy]Ursaluna||FlameOrb|Guts|Facade,HeadlongRush,Earthquake,Protect|||M|||50|,,,,,Ghost]Archaludon||AssaultVest|Stamina|BodyPress,Snarl,ElectroShot,FlashCannon|||M|||50|,,,,,Fighting]Sinistcha-Masterpiece||SitrusBerry|Hospitality|MatchaGotcha,RagePowder,TrickRoom,LifeDew||||||50|,,,,,Dark]Pelipper||FocusSash|Drizzle|MuddyWater,Hurricane,Tailwind,Protect|||M|||50|,,,,,Ghost]Gholdengo||ChoiceScarf|GoodasGold|MakeItRain,TeraBlast,ShadowBall,Trick||||||50|,,,,,Water
|
|t:|1756808698
|teamsize|p1|4
|teamsize|p2|4
|start
|switch|p1a: Ursaluna|Ursaluna-Bloodmoon, L50, M|100/100
|switch|p1b: Dragonite|Dragonite, L50, F|100/100
|switch|p2a: Dragonite|Dragonite, L50, M|100/100
|switch|p2b: Archaludon|Archaludon, L50, M|100/100
|turn|1
|
|t:|1756808720
|-terastallize|p2b: Archaludon|Fighting
|-terastallize|p1a: Ursaluna|Water
|move|p1b: Dragonite|Scale Shot|p2a: Dragonite
|-supereffective|p2a: Dragonite
|-damage|p2a: Dragonite|84/100
|-supereffective|p2a: Dragonite
|-damage|p2a: Dragonite|50/100
|-supereffective|p2a: Dragonite
|-damage|p2a: Dragonite|20/100
|-supereffective|p2a: Dragonite
|-damage|p2a: Dragonite|0 fnt
|faint|p2a: Dragonite
|-hitcount|p2: Dragonite|4
|-unboost|p1b: Dragonite|def|1
|-boost|p1b: Dragonite|spe|1
|move|p2b: Archaludon|Body Press|p1a: Ursaluna
|-crit|p1a: Ursaluna
|-damage|p1a: Ursaluna|58/100
|move|p1a: Ursaluna|Blood Moon|p2b: Archaludon
|-damage|p2b: Archaludon|52/100
|-ability|p2b: Archaludon|Stamina|boost
|-boost|p2b: Archaludon|def|1
|
|upkeep
|
|t:|1756808728
|switch|p2a: Sinistcha|Sinistcha-Masterpiece, L50|100/100
|-heal|p2b: Archaludon|77/100|[from] ability: Hospitality|[of] p2a: Sinistcha
|turn|2
|
|t:|1756808769
|move|p1b: Dragonite|Scale Shot|p2a: Sinistcha
|-damage|p2a: Sinistcha|88/100
|-damage|p2a: Sinistcha|75/100
|-damage|p2a: Sinistcha|62/100
|-damage|p2a: Sinistcha|50/100
|-enditem|p2a: Sinistcha|Sitrus Berry|[eat]
|-heal|p2a: Sinistcha|75/100|[from] item: Sitrus Berry
|-damage|p2a: Sinistcha|63/100
|-hitcount|p2a: Sinistcha|5
|-unboost|p1b: Dragonite|def|1
|-boost|p1b: Dragonite|spe|1
|move|p2b: Archaludon|Snarl|p1b: Dragonite|[spread] p1a,p1b
|-damage|p1a: Ursaluna|52/100
|-damage|p1b: Dragonite|95/100
|-unboost|p1a: Ursaluna|spa|1
|-unboost|p1b: Dragonite|spa|1
|move|p2a: Sinistcha|Matcha Gotcha|p1a: Ursaluna|[spread] p1a,p1b
|-supereffective|p1a: Ursaluna
|-resisted|p1b: Dragonite
|-damage|p1a: Ursaluna|20/100
|-heal|p2a: Sinistcha|81/100|[from] drain|[of] p1a: Ursaluna
|-damage|p1b: Dragonite|89/100
|-heal|p2a: Sinistcha|84/100|[from] drain|[of] p1b: Dragonite
|move|p1a: Ursaluna|Hyper Voice|p2b: Archaludon|[spread] p2a,p2b
|-damage|p2a: Sinistcha|63/100
|-damage|p2b: Archaludon|61/100
|-ability|p2b: Archaludon|Stamina|boost
|-boost|p2b: Archaludon|def|1
|
|upkeep
|turn|3
|
|t:|1756808811
|switch|p2a: Pelipper|Pelipper, L50, M, shiny|100/100
|-weather|RainDance|[from] ability: Drizzle|[of] p2a: Pelipper
|switch|p1a: Incineroar|Incineroar, L50, M|100/100
|-ability|p1a: Incineroar|Intimidate|boost
|-unboost|p2a: Pelipper|atk|1
|-unboost|p2b: Archaludon|atk|1
|move|p1b: Dragonite|Haze|p1b: Dragonite
|-clearallboost
|move|p2b: Archaludon|Electro Shot||[still]
|-prepare|p2b: Archaludon|Electro Shot
|-boost|p2b: Archaludon|spa|1
|-anim|p2b: Archaludon|Electro Shot|p1a: Incineroar
|-damage|p1a: Incineroar|53/100
|
|-weather|RainDance|[upkeep]
|upkeep
|turn|4
|
|t:|1756808853
|move|p2a: Pelipper|Protect|p2a: Pelipper
|-singleturn|p2a: Pelipper|Protect
|move|p1a: Incineroar|Fake Out|p2a: Pelipper
|-activate|p2a: Pelipper|move: Protect
|move|p1b: Dragonite|Tailwind|p1b: Dragonite
|-sidestart|p1: ManuButtowski|move: Tailwind
|move|p2b: Archaludon|Electro Shot||[still]
|-prepare|p2b: Archaludon|Electro Shot
|-boost|p2b: Archaludon|spa|1
|-anim|p2b: Archaludon|Electro Shot|p1a: Incineroar
|-crit|p1a: Incineroar
|-damage|p1a: Incineroar|0 fnt
|faint|p1a: Incineroar
|
|-weather|RainDance|[upkeep]
|upkeep
|
|t:|1756808873
|switch|p1a: Sneasler|Sneasler, L50, F|100/100
|turn|5
|
|t:|1756808909
|switch|p2a: Sinistcha|Sinistcha-Masterpiece, L50|63/100
|-heal|p2b: Archaludon|86/100|[from] ability: Hospitality|[of] p2a: Sinistcha
|move|p1a: Sneasler|Dire Claw|p2a: Sinistcha
|-damage|p2a: Sinistcha|26/100
|-status|p2a: Sinistcha|psn
|move|p1b: Dragonite|Scale Shot|p2a: Sinistcha
|-damage|p2a: Sinistcha|15/100 psn
|-damage|p2a: Sinistcha|3/100 psn
|-damage|p2a: Sinistcha|0 fnt
|faint|p2a: Sinistcha
|-hitcount|p2: Sinistcha|3
|-unboost|p1b: Dragonite|def|1
|-boost|p1b: Dragonite|spe|1
|move|p2b: Archaludon|Electro Shot||[still]
|-prepare|p2b: Archaludon|Electro Shot
|-boost|p2b: Archaludon|spa|1
|-anim|p2b: Archaludon|Electro Shot|p1b: Dragonite
|-damage|p1b: Dragonite|0 fnt
|faint|p1b: Dragonite
|
|-weather|RainDance|[upkeep]
|upkeep
|
|t:|1756808930
|switch|p1b: Ursaluna|Ursaluna-Bloodmoon, L50, M, tera:Water|20/100
|switch|p2a: Pelipper|Pelipper, L50, M, shiny|100/100
|turn|6
|
|t:|1756808950
|move|p1a: Sneasler|Close Combat|p2b: Archaludon
|-damage|p2b: Archaludon|46/100
|-unboost|p1a: Sneasler|def|1
|-unboost|p1a: Sneasler|spd|1
|-ability|p2b: Archaludon|Stamina|boost
|-boost|p2b: Archaludon|def|1
|move|p1b: Ursaluna|Blood Moon|p2b: Archaludon
|-damage|p2b: Archaludon|0 fnt
|faint|p2b: Archaludon
|move|p2a: Pelipper|Muddy Water|p1a: Sneasler|[spread] p1a,p1b
|-resisted|p1b: Ursaluna
|-damage|p1a: Sneasler|6/100
|-damage|p1b: Ursaluna|5/100
|
|-weather|RainDance|[upkeep]
|upkeep
|turn|7
|
|t:|1756808983
|move|p2a: Pelipper|Protect|p2a: Pelipper
|-singleturn|p2a: Pelipper|Protect
|move|p1a: Sneasler|Dire Claw|p2a: Pelipper
|-activate|p2a: Pelipper|move: Protect
|move|p1b: Ursaluna|Hyper Voice|p2a: Pelipper
|-activate|p2a: Pelipper|move: Protect
|
|-weather|none
|-sideend|p1: ManuButtowski|move: Tailwind
|upkeep
|turn|8
|
|t:|1756809045
|move|p1a: Sneasler|Dire Claw|p2a: Pelipper
|-damage|p2a: Pelipper|42/100
|-status|p2a: Pelipper|slp
|cant|p2a: Pelipper|slp
|move|p1b: Ursaluna|Blood Moon|p2a: Pelipper
|-damage|p2a: Pelipper|0 fnt
|faint|p2a: Pelipper
|
|win|ManuButtowski
|c|☆ManuButtowski|gg
|c|☆AN555GEL|coña
|c|☆AN555GEL|jASdjasjasj
|inactive|ManuButtowski has 30 seconds to confirm battle start!
|inactive|AN555GEL has 30 seconds to confirm battle start!
|c|☆ManuButtowski|que locura
|c|☆AN555GEL|clicate vacum wave
|c|☆ManuButtowski|el gambling
||AN555GEL is ready for game 2.
|inactive|ManuButtowski has 20 seconds to confirm battle start!
||ManuButtowski is ready for game 2.
|uhtml|next|Next: Game 2 of 3
|l|☆ManuButtowski
|player|p1|
