|j|☆JNEST
|j|☆bobovile
|html|JNESTbobovile    
|uhtml|bestof|Game 1 of a best-of-3
|t:|1756300736
|gametype|doubles
|player|p1|JNEST|veteran-gen4|1135
|player|p2|bobovile|ruinmaniac|1137
|gen|9
|tier|[Gen 9] VGC 2025 Reg H (Bo3)
|rated|
|rule|Species Clause: Limit one of each Pokémon
|rule|Item Clause: Limit 1 of each item
|clearpoke
|poke|p1|Weezing, L50, M|
|poke|p1|Indeedee, L50, M|
|poke|p1|Incineroar, L50, M|
|poke|p1|Ursaluna-Bloodmoon, L50, M|
|poke|p1|Annihilape, L50, M|
|poke|p1|Tyranitar, L50, M|
|poke|p2|Tyranitar, L50, M|
|poke|p2|Excadrill, L50, M|
|poke|p2|Tsareena, L50, F|
|poke|p2|Gastrodon-East, L50, F|
|poke|p2|Talonflame, L50, F|
|poke|p2|Gallade, L50, M|
|teampreview|4
|showteam|p1|Weezing||SitrusBerry|NeutralizingGas|Protect,Taunt,WillOWisp,SludgeBomb|||M|||50|,,,,,Ghost]Indeedee||ChoiceScarf|PsychicSurge|ExpandingForce,TeraBlast,Trick,HyperVoice|||M|||50|,,,,,Fighting]Incineroar||AbilityShield|Intimidate|KnockOff,FlareBlitz,FakeOut,PartingShot|||M|||50|,,,,,Ghost]Ursaluna-Bloodmoon||LifeOrb|MindsEye|Protect,HyperVoice,EarthPower,BloodMoon|||M|||50|,,,,,Normal]Annihilape||SafetyGoggles|Defiant|Taunt,RageFist,CloseCombat,FinalGambit|||M|||50|,,,,,Fairy]Tyranitar||AssaultVest|SandStream|RockSlide,KnockOff,TeraBlast,LowKick|||M|||50|,,,,,Flying
|showteam|p2|Tyranitar||AssaultVest|SandStream|TeraBlast,RockSlide,KnockOff,LowKick|||M|||50|,,,,,Flying]Excadrill||LifeOrb|SandRush|Protect,HighHorsepower,IronHead,Earthquake|||M|||50|,,,,,Flying]Tsareena||WideLens|QueenlyMajesty|Protect,PowerWhip,TripleAxel,Taunt|||F|||50|,,,,,Fire]Gastrodon-East||SitrusBerry|StormDrain|ClearSmog,Protect,MuddyWater,EarthPower|||F|||50|,,,,,Fire]Talonflame||SafetyGoggles|GaleWings|Tailwind,Taunt,FlareBlitz,DualWingbeat|||F|||50|,,,,,Ghost]Gallade||ClearAmulet|Sharpness|Protect,SacredSword,PsychoCut,TrickRoom|||M|||50|,,,,,Steel
|inactive|Battle timer is ON: inactive players will automatically lose when time's up. (requested by JNEST)
|inactive|bobovile has 60 seconds left.
|
|t:|1756300795
|teamsize|p1|4
|teamsize|p2|4
|start
|switch|p1a: Weezing|Weezing, L50, M|100/100
|switch|p1b: Incineroar|Incineroar, L50, M|100/100
|switch|p2a: Gallade|Gallade, L50, M|100/100
|switch|p2b: Gastrodon|Gastrodon-East, L50, F|100/100
|-ability|p1a: Weezing|Neutralizing Gas
|-block|p1b: Incineroar|item: Ability Shield
|-ability|p1b: Incineroar|Intimidate|boost
|-fail|p2a: Gallade|unboost|[from] item: Clear Amulet|[of] p2a: Gallade
|-unboost|p2b: Gastrodon|atk|1
|turn|1
|inactive|JNEST has 30 seconds left.
|inactive|JNEST has 20 seconds left.
|inactive|JNEST has 15 seconds left.
|inactive|JNEST has 10 seconds left.
|inactive|JNEST has 5 seconds left.
|
|t:|1756300849
|move|p2a: Gallade|Protect|p2a: Gallade
|-singleturn|p2a: Gallade|Protect
|move|p1b: Incineroar|Fake Out|p2a: Gallade
|-activate|p2a: Gallade|move: Protect
|move|p1a: Weezing|Will-O-Wisp|p2a: Gallade
|-activate|p2a: Gallade|move: Protect
|move|p2b: Gastrodon|Earth Power|p1a: Weezing
|-supereffective|p1a: Weezing
|-damage|p1a: Weezing|30/100
|-enditem|p1a: Weezing|Sitrus Berry|[eat]
|-heal|p1a: Weezing|55/100|[from] item: Sitrus Berry
|
|upkeep
|turn|2
|
|t:|1756300873
|-terastallize|p1a: Weezing|Ghost
|move|p2a: Gallade|Psycho Cut|p1a: Weezing
|-crit|p1a: Weezing
|-damage|p1a: Weezing|0 fnt
|faint|p1a: Weezing
|-end|p1a: Weezing|ability: Neutralizing Gas
|move|p1b: Incineroar|Knock Off|p2a: Gallade
|-damage|p2a: Gallade|35/100
|-enditem|p2a: Gallade|Clear Amulet|[from] move: Knock Off|[of] p1b: Incineroar
|move|p2b: Gastrodon|Earth Power|p1b: Incineroar
|-supereffective|p1b: Incineroar
|-damage|p1b: Incineroar|37/100
|
|upkeep
|
|t:|1756300878
|switch|p1a: Indeedee|Indeedee, L50, M|100/100
|-fieldstart|move: Psychic Terrain|[from] ability: Psychic Surge|[of] p1a: Indeedee
|turn|3
|
|t:|1756300900
|switch|p2a: Tyranitar|Tyranitar, L50, M|100/100
|-weather|Sandstorm|[from] ability: Sand Stream|[of] p2a: Tyranitar
|move|p1a: Indeedee|Expanding Force|p2b: Gastrodon|[spread] p2b
|-immune|p2a: Tyranitar
|-damage|p2b: Gastrodon|50/100
|-enditem|p2b: Gastrodon|Sitrus Berry|[eat]
|-heal|p2b: Gastrodon|74/100|[from] item: Sitrus Berry
|move|p1b: Incineroar|Knock Off|p2b: Gastrodon
|-damage|p2b: Gastrodon|48/100
|move|p2b: Gastrodon|Earth Power|p1b: Incineroar
|-supereffective|p1b: Incineroar
|-damage|p1b: Incineroar|0 fnt
|faint|p1b: Incineroar
|
|-weather|Sandstorm|[upkeep]
|-damage|p1a: Indeedee|95/100|[from] Sandstorm
|upkeep
|
|t:|1756300909
|switch|p1b: Annihilape|Annihilape, L50, M|100/100
|turn|4
|inactive|bobovile has 30 seconds left.
|
|t:|1756300940
|-terastallize|p2a: Tyranitar|Flying
|move|p1a: Indeedee|Expanding Force|p2b: Gastrodon|[spread] p2a,p2b
|-damage|p2a: Tyranitar|68/100
|-damage|p2b: Gastrodon|0 fnt
|faint|p2b: Gastrodon
|move|p1b: Annihilape|Final Gambit|p2a: Tyranitar
|-damage|p2a: Tyranitar|0 fnt
|faint|p1b: Annihilape
|faint|p2a: Tyranitar
|
|-weather|Sandstorm|[upkeep]
|-damage|p1a: Indeedee|89/100|[from] Sandstorm
|upkeep
|
|t:|1756300952
|switch|p2a: Gallade|Gallade, L50, M|35/100
|switch|p2b: Tsareena|Tsareena, L50, F|100/100
|turn|5
|
|t:|1756300962
|move|p1a: Indeedee|Expanding Force|p2b: Tsareena|[spread] p2a,p2b
|-damage|p2a: Gallade|0 fnt
|-damage|p2b: Tsareena|40/100
|faint|p2a: Gallade
|move|p2b: Tsareena|Power Whip|p1a: Indeedee
|-crit|p1a: Indeedee
|-damage|p1a: Indeedee|0 fnt
|faint|p1a: Indeedee
|
|win|bobovile
