|j|☆pandamillonario
|j|☆x-demon18
|html|pandamillonariox-demon18    
|uhtml|bestof|Game 2 of a best-of-3
|t:|1784257315
|gametype|doubles
|player|p1|pandamillonario|blackbelt-gen4dp|1067
|player|p2|x-demon18|lucas|1098
|gen|9
|tier|[Gen 9 Champions] VGC 2026 Reg M-B (Bo3)
|rated|
|rule|Species Clause: Limit one of each Pokémon
|rule|Item Clause: Limit 1 of each item
|clearpoke
|poke|p1|Charizard, L50, M|
|poke|p1|Garchomp, L50, F|
|poke|p1|Whimsicott, L50, F|
|poke|p1|Floette-Eternal, L50, F|
|poke|p1|Kingambit, L50, M|
|poke|p1|Basculegion, L50, M|
|poke|p2|Incineroar, L50, M|
|poke|p2|Rotom-Wash, L50|
|poke|p2|Venusaur, L50, F|
|poke|p2|Garchomp, L50, M|
|poke|p2|Corviknight, L50, M|
|poke|p2|Sylveon, L50, F|
|teampreview|4
|showteam|p1|Charizard||CharizarditeY|Blaze|HeatWave,WeatherBall,SolarBeam,Protect|Modest||M|||50|]Garchomp||RoseliBerry|RoughSkin|Earthquake,RockSlide,DragonClaw,PoisonJab|Adamant||F|||50|]Whimsicott||FocusSash|Prankster|Tailwind,Moonblast,Protect,Encore|Timid||F|||50|]Floette-Eternal||Floettite|FlowerVeil|Moonblast,Protect,DazzlingGleam,LightofRuin|Modest||F|||50|]Kingambit||ChopleBerry|Defiant|KowtowCleave,SuckerPunch,IronHead,LowKick|Adamant||M|||50|]Basculegion||LifeOrb|Adaptability|WaveCrash,Protect,LastRespects,AquaJet|Adamant||M|||50|
|showteam|p2|Incineroar||ExpertBelt|Intimidate|FakeOut,TemperFlare,ThroatChop,PartingShot|Adamant||M|||50|]Rotom-Wash||RindoBerry|Levitate|HydroPump,Electroweb,WillOWisp,VoltSwitch|Modest|||||50|]Venusaur||Venusaurite|Chlorophyll|GigaDrain,SludgeBomb,EarthPower,Protect|Modest||F|||50|]Garchomp||LifeOrb|RoughSkin|RockSlide,DragonClaw,StompingTantrum,Protect|Jolly||M|||50|]Corviknight||OccaBerry|MirrorArmor|Tailwind,BraveBird,IronHead,BodyPress|Careful||M|||50|]Sylveon||FairyFeather|Pixilate|HyperVoice,QuickAttack,Yawn,Detect|Modest||F|||50|
|
|t:|1784257377
|teamsize|p1|4
|teamsize|p2|4
|start
|switch|p1a: Charizard|Charizard, L50, M|100/100
|switch|p1b: Whimsicott|Whimsicott, L50, F|100/100
|switch|p2a: Yggdrasil|Venusaur, L50, F|100/100
|switch|p2b: HydroVolt|Rotom-Wash, L50|100/100
|turn|1
|
|t:|1784257403
|detailschange|p1a: Charizard|Charizard-Mega-Y, L50, M
|-mega|p1a: Charizard|Charizard|Charizardite Y
|-weather|SunnyDay|[from] ability: Drought|[of] p1a: Charizard
|detailschange|p2a: Yggdrasil|Venusaur-Mega, L50, F
|-mega|p2a: Yggdrasil|Venusaur|Venusaurite
|move|p1b: Whimsicott|Tailwind|p1b: Whimsicott
|-sidestart|p1: pandamillonario|move: Tailwind
|move|p1a: Charizard|Solar Beam||[still]
|-prepare|p1a: Charizard|Solar Beam
|-anim|p1a: Charizard|Solar Beam|p2b: HydroVolt
|-supereffective|p2b: HydroVolt|1
|-enditem|p2b: HydroVolt|Rindo Berry|[eat]
|-enditem|p2b: HydroVolt|Rindo Berry|[weaken]
|-damage|p2b: HydroVolt|49/100
|move|p2a: Yggdrasil|Sludge Bomb|p1b: Whimsicott
|-supereffective|p1b: Whimsicott|2
|-enditem|p1b: Whimsicott|Focus Sash
|-damage|p1b: Whimsicott|1/100
|move|p2b: HydroVolt|Volt Switch|p1a: Charizard
|-supereffective|p1a: Charizard|1
|-damage|p1a: Charizard|39/100
|
|t:|1784257423
|switch|p2b: Wolverine|Incineroar, L50, M|100/100|[from] Volt Switch
|-ability|p2b: Wolverine|Intimidate|boost
|-unboost|p1a: Charizard|atk|1
|-unboost|p1b: Whimsicott|atk|1
|
|-weather|SunnyDay|[upkeep]
|upkeep
|turn|2
|
|t:|1784257459
|move|p1a: Charizard|Protect|p1a: Charizard
|-singleturn|p1a: Charizard|Protect
|move|p2b: Wolverine|Fake Out|p1b: Whimsicott
|-damage|p1b: Whimsicott|0 fnt
|faint|p1b: Whimsicott
|move|p2a: Yggdrasil|Sludge Bomb|p1a: Charizard
|-activate|p1a: Charizard|move: Protect
|
|-weather|SunnyDay|[upkeep]
|upkeep
|
|t:|1784257465
|switch|p1b: Basculegion|Basculegion, L50, M|100/100
|turn|3
|
|t:|1784257480
|move|p1a: Charizard|Heat Wave|p2a: Yggdrasil|[spread] p2a,p2b
|-supereffective|p2a: Yggdrasil|1
|-resisted|p2b: Wolverine|1
|-damage|p2a: Yggdrasil|51/100
|-damage|p2b: Wolverine|76/100
|move|p1b: Basculegion|Last Respects|p2b: Wolverine
|-resisted|p2b: Wolverine|1
|-damage|p2b: Wolverine|33/100
|-damage|p1b: Basculegion|90/100|[from] item: Life Orb
|move|p2a: Yggdrasil|Giga Drain|p1b: Basculegion
|-supereffective|p1b: Basculegion|1
|-crit|p1b: Basculegion
|-damage|p1b: Basculegion|0 fnt
|-heal|p2a: Yggdrasil|98/100|[from] drain|[of] p1b: Basculegion
|faint|p1b: Basculegion
|move|p2b: Wolverine|Throat Chop|p1a: Charizard
|-damage|p1a: Charizard|5/100
|-start|p1a: Charizard|Throat Chop|[silent]
|
|-weather|SunnyDay|[upkeep]
|upkeep
|
|t:|1784257494
|switch|p1b: Garchomp|Garchomp, L50, F|100/100
|turn|4
|
|t:|1784257503
|switch|p2b: HydroVolt|Rotom-Wash, L50|49/100
|move|p1b: Garchomp|Earthquake|p2b: HydroVolt|[spread] p2a
|-immune|p1a: Charizard
|-immune|p2b: HydroVolt|[from] ability: Levitate
|-crit|p2a: Yggdrasil
|-damage|p2a: Yggdrasil|50/100g
|move|p1a: Charizard|Heat Wave|p2b: HydroVolt|[spread] p2a
|-miss|p1a: Charizard|p2b: HydroVolt
|-supereffective|p2a: Yggdrasil|1
|-damage|p2a: Yggdrasil|1/100
|-status|p2a: Yggdrasil|brn
|move|p2a: Yggdrasil|Giga Drain|p1b: Garchomp
|-damage|p1b: Garchomp|66/100
|-heal|p2a: Yggdrasil|20/100r brn|[from] drain|[of] p1b: Garchomp
|
|-weather|SunnyDay|[upkeep]
|-damage|p2a: Yggdrasil|14/100 brn|[from] brn
|-end|p1a: Charizard|Throat Chop|[silent]
|-sideend|p1: pandamillonario|move: Tailwind
|upkeep
|turn|5
|
|t:|1784257527
|move|p1b: Garchomp|Rock Slide|p2b: HydroVolt|[spread] p2a,p2b
|-crit|p2a: Yggdrasil
|-damage|p2a: Yggdrasil|0 fnt
|-damage|p2b: HydroVolt|29/100
|faint|p2a: Yggdrasil
|move|p1a: Charizard|Heat Wave|p2b: HydroVolt|[miss]
|-miss|p1a: Charizard|p2b: HydroVolt
|move|p2b: HydroVolt|Volt Switch|p1a: Charizard
|-supereffective|p1a: Charizard|1
|-damage|p1a: Charizard|0 fnt
|faint|p1a: Charizard
|
|t:|1784257539
|switch|p2b: Wolverine|Incineroar, L50, M|33/100|[from] Volt Switch
|-ability|p2b: Wolverine|Intimidate|boost
|-unboost|p1b: Garchomp|atk|1
|
|-weather|none
|upkeep
|
|t:|1784257546
|switch|p2a: Berserk|Garchomp, L50, M|100/100
|turn|6
|
|t:|1784257550
|switch|p2b: HydroVolt|Rotom-Wash, L50|29/100
|move|p2a: Berserk|Protect|p2a: Berserk
|-singleturn|p2a: Berserk|Protect
|move|p1b: Garchomp|Rock Slide|p2b: HydroVolt|[spread] p2b
|-activate|p2a: Berserk|move: Protect
|-damage|p2b: HydroVolt|15/100
|
|upkeep
|turn|7
|
|t:|1784257566
|switch|p2a: Wolverine|Incineroar, L50, M|33/100
|-ability|p2a: Wolverine|Intimidate|boost
|-unboost|p1b: Garchomp|atk|1
|move|p1b: Garchomp|Rock Slide|p2b: HydroVolt|[spread] p2a,p2b
|-supereffective|p2a: Wolverine|1
|-damage|p2a: Wolverine|14/100
|-damage|p2b: HydroVolt|6/100
|move|p2b: HydroVolt|Will-O-Wisp|p1b: Garchomp
|-status|p1b: Garchomp|brn
|
|-damage|p1b: Garchomp|60/100 brn|[from] brn
|upkeep
|turn|8
|
|t:|1784257603
|move|p1b: Garchomp|Rock Slide|p2a: Wolverine|[spread] p2a,p2b
|-supereffective|p2a: Wolverine|1
|-damage|p2a: Wolverine|4/100
|-damage|p2b: HydroVolt|1/100
|move|p2b: HydroVolt|Hydro Pump|p1b: Garchomp
|-damage|p1b: Garchomp|14/100 brn
|cant|p2a: Wolverine|flinch
|
|-damage|p1b: Garchomp|7/100 brn|[from] brn
|upkeep
|turn|9
|
|t:|1784257653
|switch|p2a: Berserk|Garchomp, L50, M|100/100
|move|p1b: Garchomp|Rock Slide|p2a: Berserk|[spread] p2a,p2b
|-resisted|p2a: Berserk|1
|-damage|p2a: Berserk|97/100
|-damage|p2b: HydroVolt|0 fnt
|faint|p2b: HydroVolt
|
|-damage|p1b: Garchomp|1/100 brn|[from] brn
|upkeep
|
|t:|1784257663
|switch|p2b: Wolverine|Incineroar, L50, M|4/100
|-ability|p2b: Wolverine|Intimidate|boost
|-unboost|p1b: Garchomp|atk|1
|turn|10
|
|t:|1784257669
|move|p2a: Berserk|Protect|p2a: Berserk
|-singleturn|p2a: Berserk|Protect
|move|p2b: Wolverine|Fake Out|p1b: Garchomp
|-damage|p1b: Garchomp|0 fnt
|-damage|p2b: Wolverine|0 fnt|[from] ability: Rough Skin|[of] p1b: Garchomp
|faint|p1b: Garchomp
|faint|p2b: Wolverine
|
|win|x-demon18
|raw|pandamillonario's rating: 1067 → 1049(-18 for losing)
|raw|x-demon18's rating: 1098 → 1121(+23 for winning)
