|j|☆chamoy-pt2
|j|☆fly butterfly fly
|html|chamoy-pt2fly butterfly fly    
|uhtml|bestof|Game 2 of a best-of-3
|t:|1782357859
|gametype|doubles
|player|p1|chamoy-pt2|sabrina|1148
|player|p2|fly butterfly fly|101|1048
|gen|9
|tier|[Gen 9 Champions] VGC 2026 Reg M-B (Bo3)
|rated|
|rule|Species Clause: Limit one of each Pokémon
|rule|Item Clause: Limit 1 of each item
|clearpoke
|poke|p1|Volcarona, L50, M|
|poke|p1|Ninetales-Alola, L50, F|
|poke|p1|Incineroar, L50, F|
|poke|p1|Gengar, L50, M|
|poke|p1|Vivillon-High Plains, L50, M|
|poke|p1|Sneasler, L50, F|
|poke|p2|Kangaskhan, L50, F|
|poke|p2|Farigiraf, L50, M|
|poke|p2|Torkoal, L50, M|
|poke|p2|Vileplume, L50, M|
|poke|p2|Kommo-o, L50, F|
|poke|p2|Pyroar, L50, F|
|teampreview|4
|showteam|p1|Volcarona||Leftovers|FlameBody|QuiverDance,HeatWave,GigaDrain,Protect|Modest||M|||50|]Ninetales-Alola||LightClay|SnowWarning|AuroraVeil,Blizzard,Encore,Protect|Timid||F|||50|]Incineroar||SitrusBerry|Intimidate|FakeOut,PartingShot,FlareBlitz,DarkestLariat|Impish||F|||50|]Gengar||Gengarite|CursedBody|ShadowBall,SludgeBomb,Disable,Protect|Timid||M|||50|]Vivillon-High Plains||FocusSash|CompoundEyes|SleepPowder,RagePowder,PollenPuff,Protect|Timid||M|||50|]Sneasler||WhiteHerb|Unburden|FakeOut,CloseCombat,DireClaw,Protect|Adamant||F|||50|
|showteam|p2|Kangaskhan||SilkScarf|Scrappy|FakeOut,LastResort|Adamant||F|||50|]Farigiraf||ColburBerry|ArmorTail|Psychic,Thunderbolt,Protect,TrickRoom|Bold||M|||50|]Torkoal||Charcoal|Drought|Eruption,WeatherBall,HelpingHand,Protect|Quiet||M|||50|]Vileplume||FocusSash|Chlorophyll|SleepPowder,EnergyBall,SludgeBomb,AfterYou|Timid||M|||50|]Kommo-o||HabanBerry|Overcoat|ClangingScales,AuraSphere,ClangorousSoul,Protect|Modest||F|||50|]Pyroar||Pyroarite|Unnerve|HeatWave,Overheat,ScorchingSands,Protect|Timid||F|||50|
|inactive|Battle timer is ON: inactive players will automatically lose when time's up. (requested by chamoy-pt2)
|inactive|fly butterfly fly has 60 seconds left.
|
|t:|1782357921
|teamsize|p1|4
|teamsize|p2|4
|start
|switch|p1a: Volcarona|Volcarona, L50, M|100/100
|switch|p1b: Sneasler|Sneasler, L50, F|100/100
|switch|p2a: Torkoal|Torkoal, L50, M|100/100
|switch|p2b: Pyroar|Pyroar, L50, F|100/100
|-ability|p2b: Pyroar|Unnerve
|-weather|SunnyDay|[from] ability: Drought|[of] p2a: Torkoal
|turn|1
|inactive|chamoy-pt2 has 30 seconds left.
|inactive|fly butterfly fly has 30 seconds left.
|
|t:|1782357955
|detailschange|p2b: Pyroar|Pyroar-Mega, L50, F
|-mega|p2b: Pyroar|Pyroar|Pyroarite
|move|p2b: Pyroar|Heat Wave|p1b: Sneasler|[spread] p1b
|-miss|p2b: Pyroar|p1a: Volcarona
|-damage|p1b: Sneasler|3/100
|move|p1b: Sneasler|Close Combat|p2b: Pyroar
|-supereffective|p2b: Pyroar|1
|-damage|p2b: Pyroar|0 fnt
|-unboost|p1b: Sneasler|def|1
|-unboost|p1b: Sneasler|spd|1
|faint|p2b: Pyroar
|-enditem|p1b: Sneasler|White Herb
|-clearnegativeboost|p1b: Sneasler|[silent]
|move|p1a: Volcarona|Heat Wave|p2a: Torkoal|[miss]
|-miss|p1a: Volcarona|p2a: Torkoal
|move|p2a: Torkoal|Eruption|p1a: Volcarona|[spread] p1a,p1b
|-damage|p1a: Volcarona|18/100
|-damage|p1b: Sneasler|0 fnt
|faint|p1b: Sneasler
|
|-weather|SunnyDay|[upkeep]
|-heal|p1a: Volcarona|24/100|[from] item: Leftovers
|upkeep
|
|t:|1782357977
|switch|p2b: Vileplume|Vileplume, L50, M|100/100
|switch|p1b: Incineroar|Incineroar, L50, F|100/100
|-ability|p1b: Incineroar|Intimidate|boost
|-unboost|p2a: Torkoal|atk|1
|-unboost|p2b: Vileplume|atk|1
|turn|2
|
|t:|1782357995
|switch|p2b: Kangaskhan|Kangaskhan, L50, F|100/100
|move|p2a: Torkoal|Protect|p2a: Torkoal
|-singleturn|p2a: Torkoal|Protect
|move|p1b: Incineroar|Fake Out|p2a: Torkoal
|-activate|p2a: Torkoal|move: Protect
|move|p1a: Volcarona|Quiver Dance|p1a: Volcarona
|-boost|p1a: Volcarona|spa|1
|-boost|p1a: Volcarona|spd|1
|-boost|p1a: Volcarona|spe|1
|
|-weather|SunnyDay|[upkeep]
|-heal|p1a: Volcarona|30/100|[from] item: Leftovers
|upkeep
|turn|3
|
|t:|1782358012
|move|p1a: Volcarona|Protect|p1a: Volcarona
|-singleturn|p1a: Volcarona|Protect
|move|p2b: Kangaskhan|Fake Out|p1b: Incineroar
|-damage|p1b: Incineroar|80/100
|cant|p1b: Incineroar|flinch
|move|p2a: Torkoal|Weather Ball|p1a: Volcarona
|-activate|p1a: Volcarona|move: Protect
|
|-weather|SunnyDay|[upkeep]
|-heal|p1a: Volcarona|36/100|[from] item: Leftovers
|upkeep
|turn|4
|inactive|fly butterfly fly has 30 seconds left.
|inactive|fly butterfly fly has 20 seconds left.
|inactive|fly butterfly fly has 15 seconds left.
|
|t:|1782358056
|switch|p2b: Vileplume|Vileplume, L50, M|100/100
|move|p1a: Volcarona|Heat Wave|p2a: Torkoal|[spread] p2a,p2b
|-resisted|p2a: Torkoal|1
|-supereffective|p2b: Vileplume|1
|-damage|p2a: Torkoal|39/100
|-enditem|p2b: Vileplume|Focus Sash
|-damage|p2b: Vileplume|1/100
|move|p1b: Incineroar|Flare Blitz|p2a: Torkoal
|-resisted|p2a: Torkoal|1
|-damage|p2a: Torkoal|13/100
|-damage|p1b: Incineroar|72/100|[from] Recoil
|move|p2a: Torkoal|Weather Ball|p1a: Volcarona
|-damage|p1a: Volcarona|0 fnt
|faint|p1a: Volcarona
|
|-weather|SunnyDay|[upkeep]
|upkeep
|
|t:|1782358069
|switch|p1a: Ninetales|Ninetales-Alola, L50, F|100/100
|-weather|Snowscape|[from] ability: Snow Warning|[of] p1a: Ninetales
|turn|5
|inactive|fly butterfly fly has 30 seconds left.
|
|t:|1782358098
|switch|p2a: Kangaskhan|Kangaskhan, L50, F|100/100
|move|p1a: Ninetales|Aurora Veil|p1a: Ninetales
|-sidestart|p1: chamoy-pt2|move: Aurora Veil
|move|p2b: Vileplume|Sleep Powder|p1a: Ninetales
|-status|p1a: Ninetales|slp|[from] move: Sleep Powder
|move|p1b: Incineroar|Darkest Lariat|p2b: Vileplume
|-damage|p2b: Vileplume|0 fnt
|faint|p2b: Vileplume
|
|-weather|Snowscape|[upkeep]
|upkeep
|
|t:|1782358108
|switch|p2b: Torkoal|Torkoal, L50, M|13/100
|-weather|SunnyDay|[from] ability: Drought|[of] p2b: Torkoal
|turn|6
|
|t:|1782358116
|cant|p1a: Ninetales|slp
|move|p2a: Kangaskhan|Fake Out|p1b: Incineroar
|-damage|p1b: Incineroar|58/100
|cant|p1b: Incineroar|flinch
|move|p2b: Torkoal|Weather Ball|p1a: Ninetales
|-supereffective|p1a: Ninetales|1
|-damage|p1a: Ninetales|0 fnt
|faint|p1a: Ninetales
|
|-weather|SunnyDay|[upkeep]
|upkeep
|turn|7
|
|t:|1782358128
|move|p2b: Torkoal|Helping Hand|p2a: Kangaskhan
|-singleturn|p2a: Kangaskhan|Helping Hand|[of] p2b: Torkoal
|move|p2a: Kangaskhan|Last Resort|p1b: Incineroar
|-damage|p1b: Incineroar|0 fnt
|faint|p1b: Incineroar
|
|win|fly butterfly fly
||chamoy-pt2 is ready for game 3.
