|j|☆Can I pet the dog?
|j|☆Navizz0
|html|Can I pet the dog?Navizz0    
|uhtml|bestof|Game 3 of a best-of-3
|t:|1785504929
|gametype|doubles
|player|p1|Can I pet the dog?|102|1472
|player|p2|Navizz0|ethan|1380
|gen|9
|tier|[Gen 9 Champions] VGC 2026 Reg M-B (Bo3)
|rated|
|rule|Species Clause: Limit one of each Pokémon
|rule|Item Clause: Limit 1 of each item
|clearpoke
|poke|p1|Charizard, L50, M|
|poke|p1|Glimmora, L50, M|
|poke|p1|Whimsicott, L50, F|
|poke|p1|Ninetales-Alola, L50, F|
|poke|p1|Kingambit, L50, M|
|poke|p1|Kommo-o, L50, M|
|poke|p2|Blaziken, L50, F|
|poke|p2|Ninetales-Alola, L50, M|
|poke|p2|Kingambit, L50, F|
|poke|p2|Basculegion, L50, M|
|poke|p2|Whimsicott, L50, F|
|poke|p2|Aerodactyl, L50, F|
|teampreview|4
|showteam|p1|Charizard||CharizarditeY|Blaze|HeatWave,WeatherBall,SolarBeam,Protect|Modest||M|||50|]Glimmora||Glimmoranite|ToxicDebris|SludgeBomb,PowerGem,EarthPower,SpikyShield|Timid||M|||50|]Whimsicott||FocusSash|Prankster|Moonblast,Tailwind,Encore,Protect|Timid||F|||50|]Ninetales-Alola||NeverMeltIce|SnowWarning|Blizzard,FreezeDry,Disable,Protect|Timid||F|||50|]Kingambit||BlackGlasses|Defiant|KowtowCleave,SuckerPunch,IronHead,Protect|Adamant||M|||50|]Kommo-o||LifeOrb|Soundproof|ClangingScales,AuraSphere,VacuumWave,Protect|Modest||M|||50|
|showteam|p2|Blaziken||Blazikenite|SpeedBoost|AuraSphere,HeatWave,ScorchingSands,Detect|Modest||F|||50|]Ninetales-Alola||LifeOrb|SnowWarning|Blizzard,FreezeDry,Moonblast,Protect|Timid||M|||50|]Kingambit||BlackGlasses|Defiant|SuckerPunch,IronHead,Protect,KowtowCleave|Adamant||F|||50|]Basculegion||ChoiceScarf|Adaptability|LastRespects,WaveCrash,AquaJet,FlipTurn|Jolly||M|||50|]Whimsicott||FocusSash|Prankster|Moonblast,Tailwind,Protect,Encore|Timid||F|||50|]Aerodactyl||Aerodactylite|Unnerve|RockSlide,DualWingbeat,WideGuard,PsychicFangs|Jolly||F|||50|
|inactive|Battle timer is ON: inactive players will automatically lose when time's up. (requested by Navizz0)
|inactive|Can I pet the dog? also wants the timer to be on.
|inactive|Can I pet the dog? has 60 seconds left.
|
|t:|1785504989
|teamsize|p1|4
|teamsize|p2|4
|start
|switch|p1a: Charizard|Charizard, L50, M|100/100
|switch|p1b: Kingambit|Kingambit, L50, M|100/100
|switch|p2a: Whimsicott|Whimsicott, L50, F|100/100
|switch|p2b: Aerodactyl|Aerodactyl, L50, F|100/100
|-ability|p2b: Aerodactyl|Unnerve
|turn|1
|
|t:|1785505006
|switch|p2b: Blaziken|Blaziken, L50, F|100/100
|switch|p1a: Whimsicott|Whimsicott, L50, F|100/100
|move|p2a: Whimsicott|Moonblast|p1b: Kingambit
|-damage|p1b: Kingambit|60/100
|move|p1b: Kingambit|Iron Head|p2b: Blaziken
|-resisted|p2b: Blaziken|1
|-damage|p2b: Blaziken|64/100
|
|upkeep
|turn|2
|
|t:|1785505021
|switch|p1b: Charizard|Charizard, L50, M|100/100
|detailschange|p2b: Blaziken|Blaziken-Mega, L50, F
|-mega|p2b: Blaziken|Blaziken|Blazikenite
|move|p2a: Whimsicott|Tailwind|p2a: Whimsicott
|-sidestart|p2: Navizz0|move: Tailwind
|move|p2b: Blaziken|Heat Wave|p1a: Whimsicott|[spread] p1b
|-miss|p2b: Blaziken|p1a: Whimsicott
|-resisted|p1b: Charizard|1
|-damage|p1b: Charizard|77/100
|move|p1a: Whimsicott|Moonblast|p2b: Blaziken
|-damage|p2b: Blaziken|15/100
|
|-ability|p2b: Blaziken|Speed Boost|boost
|-boost|p2b: Blaziken|spe|1
|upkeep
|turn|3
|inactive|Navizz0 has 30 seconds left.
|
|t:|1785505060
|detailschange|p1b: Charizard|Charizard-Mega-Y, L50, M
|-mega|p1b: Charizard|Charizard|Charizardite Y
|-weather|SunnyDay|[from] ability: Drought|[of] p1b: Charizard
|move|p1a: Whimsicott|Protect|p1a: Whimsicott
|-singleturn|p1a: Whimsicott|Protect
|move|p2b: Blaziken|Detect|p2b: Blaziken
|-singleturn|p2b: Blaziken|Protect
|move|p2a: Whimsicott|Encore|p1a: Whimsicott
|-activate|p1a: Whimsicott|move: Protect
|move|p1b: Charizard|Heat Wave|p2b: Blaziken|[spread] p2a
|-activate|p2b: Blaziken|move: Protect
|-supereffective|p2a: Whimsicott|1
|-enditem|p2a: Whimsicott|Focus Sash
|-damage|p2a: Whimsicott|1/100
|-status|p2a: Whimsicott|brn
|
|-weather|SunnyDay|[upkeep]
|-damage|p2a: Whimsicott|0 fnt|[from] brn
|faint|p2a: Whimsicott
|-ability|p2b: Blaziken|Speed Boost|boost
|-boost|p2b: Blaziken|spe|1
|upkeep
|
|t:|1785505063
|switch|p2a: Aerodactyl|Aerodactyl, L50, F|100/100
|-ability|p2a: Aerodactyl|Unnerve
|turn|4
|inactive|Can I pet the dog? has 30 seconds left.
|inactive|Can I pet the dog? has 20 seconds left.
|inactive|Can I pet the dog? has 15 seconds left.
|inactive|Can I pet the dog? has 10 seconds left.
|
|t:|1785505110
|move|p1b: Charizard|Protect|p1b: Charizard
|-singleturn|p1b: Charizard|Protect
|move|p1a: Whimsicott|Tailwind|p1a: Whimsicott
|-sidestart|p1: Can I pet the dog?|move: Tailwind
|move|p2b: Blaziken|Heat Wave|p1a: Whimsicott|[spread] p1a
|-activate|p1b: Charizard|move: Protect
|-supereffective|p1a: Whimsicott|1
|-enditem|p1a: Whimsicott|Focus Sash
|-damage|p1a: Whimsicott|1/100
|move|p2a: Aerodactyl|Rock Slide|p1b: Charizard|[spread] p1a
|-activate|p1b: Charizard|move: Protect
|-damage|p1a: Whimsicott|0 fnt
|faint|p1a: Whimsicott
|
|-weather|SunnyDay|[upkeep]
|-ability|p2b: Blaziken|Speed Boost|boost
|-boost|p2b: Blaziken|spe|1
|upkeep
|
|t:|1785505123
|switch|p1a: Kingambit|Kingambit, L50, M|60/100
|turn|5
|
|t:|1785505143
|switch|p1b: Glimmora|Glimmora, L50, M|100/100
|move|p2b: Blaziken|Detect|p2b: Blaziken
|-singleturn|p2b: Blaziken|Protect
|move|p1a: Kingambit|Sucker Punch||[still]
|-fail|p1a: Kingambit
|move|p2a: Aerodactyl|Rock Slide|p1a: Kingambit|[spread] p1b
|-miss|p2a: Aerodactyl|p1a: Kingambit
|-damage|p1b: Glimmora|69/100
|-activate|p1b: Glimmora|ability: Toxic Debris
|-sidestart|p2: Navizz0|move: Toxic Spikes
|
|-weather|SunnyDay|[upkeep]
|-sideend|p2: Navizz0|move: Tailwind
|-ability|p2b: Blaziken|Speed Boost|boost
|-boost|p2b: Blaziken|spe|1
|upkeep
|turn|6
|inactive|Navizz0 has 30 seconds left.
|
|t:|1785505169
|switch|p2a: Basculegion|Basculegion, L50, M|100/100
|-status|p2a: Basculegion|psn
|move|p2b: Blaziken|Detect||[still]
|-fail|p2b: Blaziken
|move|p1a: Kingambit|Sucker Punch||[still]
|-fail|p1a: Kingambit
|move|p1b: Glimmora|Power Gem|p2a: Basculegion
|-crit|p2a: Basculegion
|-damage|p2a: Basculegion|23/100 psn
|
|-weather|SunnyDay|[upkeep]
|-damage|p2a: Basculegion|11/100 psn|[from] psn
|-ability|p2b: Blaziken|Speed Boost|boost
|-boost|p2b: Blaziken|spe|1
|upkeep
|turn|7
|inactive|Can I pet the dog? has 30 seconds left.
|
|t:|1785505197
|move|p2b: Blaziken|Detect|p2b: Blaziken
|-singleturn|p2b: Blaziken|Protect
|move|p2a: Basculegion|Aqua Jet|p1a: Kingambit
|-damage|p1a: Kingambit|49/100
|move|p1a: Kingambit|Sucker Punch||[still]
|-fail|p1a: Kingambit
|move|p1b: Glimmora|Power Gem|p2a: Basculegion
|-damage|p2a: Basculegion|0 fnt
|faint|p2a: Basculegion
|
|-weather|none
|-sideend|p1: Can I pet the dog?|move: Tailwind
|-ability|p2b: Blaziken|Speed Boost|boost
|-boost|p2b: Blaziken|spe|1
|upkeep
|
|t:|1785505200
|switch|p2a: Aerodactyl|Aerodactyl, L50, F|100/100
|-ability|p2a: Aerodactyl|Unnerve
|turn|8
|inactive|Can I pet the dog? has 30 seconds left.
|
|t:|1785505226
|move|p1a: Kingambit|Sucker Punch|p2b: Blaziken
|-resisted|p2b: Blaziken|1
|-damage|p2b: Blaziken|0 fnt
|faint|p2b: Blaziken
|move|p2a: Aerodactyl|Psychic Fangs|p1b: Glimmora
|-supereffective|p1b: Glimmora|1
|-damage|p1b: Glimmora|5/100
|-activate|p1b: Glimmora|ability: Toxic Debris
|-sidestart|p2: Navizz0|move: Toxic Spikes
|move|p1b: Glimmora|Power Gem|p2a: Aerodactyl
|-supereffective|p2a: Aerodactyl|1
|-damage|p2a: Aerodactyl|0 fnt
|faint|p2a: Aerodactyl
|
|win|Can I pet the dog?
