|j|☆Mestremarkusme
|j|☆Oblivionruler
|html|MestremarkusmeOblivionruler    
|uhtml|bestof|Game 2 of a best-of-3
|t:|1785146132
|gametype|doubles
|player|p1|Mestremarkusme|hiker-gen4|1076
|player|p2|Oblivionruler|102|1107
|gen|9
|tier|[Gen 9 Champions] VGC 2026 Reg M-B (Bo3)
|rated|
|rule|Species Clause: Limit one of each Pokémon
|rule|Item Clause: Limit 1 of each item
|clearpoke
|poke|p1|Incineroar, L50, M|
|poke|p1|Kingambit, L50, F|
|poke|p1|Sinistcha, L50|
|poke|p1|Sneasler, L50, M|
|poke|p1|Blastoise, L50, M|
|poke|p1|Delphox, L50, F|
|poke|p2|Raichu, L50, F|
|poke|p2|Tyranitar, L50, F|
|poke|p2|Tsareena, L50, F|
|poke|p2|Annihilape, L50, M|
|poke|p2|Talonflame, L50, M|
|poke|p2|Clawitzer, L50, M|
|teampreview|4
|showteam|p1|Incineroar||SitrusBerry|Intimidate|FakeOut,FlareBlitz,ThroatChop,PartingShot|Impish||M|||50|]Kingambit||BlackGlasses|Defiant|KowtowCleave,SuckerPunch,SwordsDance,Protect|Adamant||F|||50|]Sinistcha||OccaBerry|Hospitality|MatchaGotcha,RagePowder,TrickRoom,Protect|Relaxed|||||50|]Sneasler||FocusSash|PoisonTouch|FakeOut,CloseCombat,PoisonJab,QuickGuard|Jolly||M|||50|]Blastoise||Blastoisinite|RainDish|WaterSpout,DarkPulse,ShellSmash,Protect|Modest||M|||50|]Delphox||Delphoxite|Blaze|HeatWave,Psychic,NastyPlot,Protect|Timid||F|||50|
|showteam|p2|Raichu||RaichuniteY|Static|FakeOut,ZapCannon,FocusBlast,Protect|Timid||F|||50|]Tyranitar||FocusSash|SandStream|HighHorsepower,KnockOff,RockSlide,Protect|Adamant||F|||50|]Tsareena||WideLens|QueenlyMajesty|PowerWhip,HighJumpKick,TripleAxel,HelpingHand|Adamant||F|||50|]Annihilape||ChoiceScarf|Defiant|PhantomForce,CloseCombat,GunkShot,Taunt|Adamant||M|||50|]Talonflame||SharpBeak|GaleWings|DualWingbeat,Whirlwind,Tailwind,FlareBlitz|Jolly||M|||50|]Clawitzer||SitrusBerry|MegaLauncher|HealPulse,WaterPulse,DarkPulse,Protect|Quiet||M|||50|
|j| 282839393m
|inactive|Battle timer is ON: inactive players will automatically lose when time's up. (requested by Oblivionruler)
|inactive|Mestremarkusme has 60 seconds left.
|
|t:|1785146206
|teamsize|p1|4
|teamsize|p2|4
|start
|switch|p1a: Sneasler|Sneasler, L50, M|100/100
|switch|p1b: Blastoise|Blastoise, L50, M|100/100
|switch|p2a: Koroleva|Tsareena, L50, F|100/100
|switch|p2b: Clawitzer|Clawitzer, L50, M|100/100
|turn|1
|inactive|Oblivionruler has 30 seconds left.
|
|t:|1785146235
|detailschange|p1b: Blastoise|Blastoise-Mega, L50, M
|-mega|p1b: Blastoise|Blastoise|Blastoisinite
|move|p1a: Sneasler|Poison Jab|p2a: Koroleva
|-supereffective|p2a: Koroleva|1
|-damage|p2a: Koroleva|14/100
|move|p1b: Blastoise|Water Spout|p2a: Koroleva|[spread] p2a,p2b
|-resisted|p2a: Koroleva|1
|-resisted|p2b: Clawitzer|1
|-damage|p2a: Koroleva|0 fnt
|-damage|p2b: Clawitzer|66/100
|faint|p2a: Koroleva
|move|p2b: Clawitzer|Water Pulse|p1a: Sneasler
|-damage|p1a: Sneasler|30/100
|
|upkeep
|
|t:|1785146246
|switch|p2a: Raichu|Raichu, L50, F|100/100
|turn|2
|
|t:|1785146265
|detailschange|p2a: Raichu|Raichu-Mega-Y, L50, F
|-mega|p2a: Raichu|Raichu|Raichunite Y
|move|p1b: Blastoise|Protect|p1b: Blastoise
|-singleturn|p1b: Blastoise|Protect
|move|p2a: Raichu|Zap Cannon|p1b: Blastoise
|-activate|p1b: Blastoise|move: Protect
|move|p1a: Sneasler|Close Combat|p2a: Raichu
|-damage|p2a: Raichu|6/100
|-unboost|p1a: Sneasler|def|1
|-unboost|p1a: Sneasler|spd|1
|move|p2b: Clawitzer|Water Pulse|p1a: Sneasler
|-damage|p1a: Sneasler|0 fnt
|faint|p1a: Sneasler
|
|upkeep
|
|t:|1785146279
|switch|p1a: Sinistcha|Sinistcha, L50|100/100
|turn|3
|
|t:|1785146293
|move|p1a: Sinistcha|Rage Powder|p1a: Sinistcha
|-singleturn|p1a: Sinistcha|move: Rage Powder
|move|p2a: Raichu|Zap Cannon|p1a: Sinistcha
|-resisted|p1a: Sinistcha|1
|-damage|p1a: Sinistcha|69/100
|-status|p1a: Sinistcha|par
|move|p1b: Blastoise|Shell Smash|p1b: Blastoise
|-unboost|p1b: Blastoise|def|1
|-unboost|p1b: Blastoise|spd|1
|-boost|p1b: Blastoise|atk|2
|-boost|p1b: Blastoise|spa|2
|-boost|p1b: Blastoise|spe|2
|move|p2b: Clawitzer|Dark Pulse|p1a: Sinistcha
|-supereffective|p1a: Sinistcha|1
|-damage|p1a: Sinistcha|0 fnt
|faint|p1a: Sinistcha
|
|upkeep
|
|t:|1785146307
|switch|p1a: Incineroar|Incineroar, L50, M|100/100
|-ability|p1a: Incineroar|Intimidate|boost
|-unboost|p2a: Raichu|atk|1
|-unboost|p2b: Clawitzer|atk|1
|turn|4
|
|t:|1785146326
|move|p2a: Raichu|Protect|p2a: Raichu
|-singleturn|p2a: Raichu|Protect
|move|p2b: Clawitzer|Protect|p2b: Clawitzer
|-singleturn|p2b: Clawitzer|Protect
|move|p1b: Blastoise|Water Spout|p2b: Clawitzer|[spread] 
|-activate|p2a: Raichu|move: Protect
|-activate|p2b: Clawitzer|move: Protect
|move|p1a: Incineroar|Throat Chop|p2b: Clawitzer
|-activate|p2b: Clawitzer|move: Protect
|
|upkeep
|turn|5
|
|t:|1785146344
|move|p1b: Blastoise|Water Spout|p2a: Raichu|[spread] p2a,p2b
|-resisted|p2b: Clawitzer|1
|-damage|p2a: Raichu|0 fnt
|-damage|p2b: Clawitzer|0 fnt
|faint|p2a: Raichu
|faint|p2b: Clawitzer
|move|p1a: Incineroar|Throat Chop|p2: Raichu|[notarget]
|-fail|p1a: Incineroar
|
|upkeep
|
|t:|1785146347
|switch|p2a: Talonflame|Talonflame, L50, M|100/100
|turn|6
|-message|Oblivionruler forfeited.
|
|win|Mestremarkusme
