|j|☆ethnol1816
|j|☆JZ21
|html|ethnol1816JZ21    
|uhtml|bestof|Game 1 of a best-of-3
|t:|1756571476
|gametype|doubles
|player|p1|ethnol1816|boarder|
|player|p2|JZ21|brendan-rs|
|gen|9
|tier|[Gen 9] VGC 2025 Reg H (Bo3)
|rule|Species Clause: Limit one of each Pokémon
|rule|Item Clause: Limit 1 of each item
|clearpoke
|poke|p1|Gholdengo, L50|
|poke|p1|Hydreigon, L50, M|
|poke|p1|Whimsicott, L50, M|
|poke|p1|Garchomp, L50, M|
|poke|p1|Clefable, L50, M|
|poke|p1|Feraligatr, L50, F|
|poke|p2|Archaludon, L50, M|
|poke|p2|Pelipper, L50, M|
|poke|p2|Basculegion, L50, M|
|poke|p2|Gholdengo, L50|
|poke|p2|Incineroar, L50, M|
|poke|p2|Amoonguss, L50, M|
|teampreview|4
|showteam|p1|Gholdengo||Leftovers|GoodasGold|NastyPlot,ShadowBall,MakeItRain,Protect||||||50|,,,,,Dragon]Hydreigon||ChoiceSpecs|Levitate|DarkPulse,DracoMeteor,HeatWave,FlashCannon|||M|||50|,,,,,Fire]Whimsicott||FocusSash|Prankster|Moonblast,Tailwind,SunnyDay,Encore|||M|||50|,,,,,Ghost]Garchomp||ChoiceBand|RoughSkin|RockSlide,StompingTantrum,Earthquake,DragonClaw|||M|||50|,,,,,Steel]Clefable||SitrusBerry|Unaware|Moonblast,MistyTerrain,FollowMe,Protect|||M|||50|,,,,,Water]Feraligatr||LifeOrb|SheerForce|Liquidation,Crunch,IcePunch,Protect|||F|||50|,,,,,Ghost
|showteam|p2|Archaludon||AssaultVest|Stamina|ElectroShot,BodyPress,DragonPulse,Snarl|||M|||50|,,,,,Bug]Pelipper||FocusSash|Drizzle|WeatherBall,Hurricane,Tailwind,Protect|||M|||50|,,,,,Ground]Basculegion||ChoiceBand|SwiftSwim|WaveCrash,FlipTurn,LastRespects,AquaJet|||M|||50|,,,,,Water]Gholdengo||LifeOrb|GoodasGold|MakeItRain,ShadowBall,NastyPlot,Protect||||||50|,,,,,Water]Incineroar||SafetyGoggles|Intimidate|KnockOff,PartingShot,Taunt,FakeOut|||M|||50|,,,,,Ghost]Amoonguss||SitrusBerry|Regenerator|Spore,RagePowder,PollenPuff,Protect|||M|||50|,,,,,Water
|inactive|Battle timer is ON: inactive players will automatically lose when time's up. (requested by ethnol1816)
|c|☆ethnol1816|glhf
|c|☆JZ21|glhf
|inactive|JZ21 has 60 seconds left.
|inactive|JZ21 has 30 seconds left.
|inactive|JZ21 has 20 seconds left.
|inactive|JZ21 has 15 seconds left.
|inactive|JZ21 has 10 seconds left.
|
|t:|1756571560
|teamsize|p1|4
|teamsize|p2|4
|start
|switch|p1a: scott|Whimsicott, L50, M|100/100
|switch|p1b: hyculese|Hydreigon, L50, M, shiny|100/100
|switch|p2a: Pelipper|Pelipper, L50, M, shiny|100/100
|switch|p2b: Basculegion|Basculegion, L50, M|100/100
|-weather|RainDance|[from] ability: Drizzle|[of] p2a: Pelipper
|turn|1
|inactive|JZ21 has 30 seconds left.
|inactive|JZ21 has 20 seconds left.
|
|t:|1756571597
|switch|p2b: Archaludon|Archaludon, L50, M, shiny|100/100
|-terastallize|p1b: hyculese|Fire
|move|p1a: scott|Sunny Day|p1a: scott
|-weather|SunnyDay
|move|p1b: hyculese|Heat Wave|p2a: Pelipper|[spread] p2a,p2b
|-resisted|p2a: Pelipper
|-damage|p2a: Pelipper|28/100
|-damage|p2b: Archaludon|33/100
|-status|p2b: Archaludon|brn
|-ability|p2b: Archaludon|Stamina|boost
|-boost|p2b: Archaludon|def|1
|move|p2a: Pelipper|Hurricane|p1a: scott|[miss]
|-miss|p2a: Pelipper|p1a: scott
|
|-weather|SunnyDay|[upkeep]
|-damage|p2b: Archaludon|27/100 brn|[from] brn
|upkeep
|turn|2
|
|t:|1756571615
|switch|p2a: Basculegion|Basculegion, L50, M|100/100
|move|p1a: scott|Tailwind|p1a: scott
|-sidestart|p1: ethnol1816|move: Tailwind
|move|p1b: hyculese|Heat Wave|p2a: Basculegion|[spread] p2a,p2b
|-resisted|p2a: Basculegion
|-damage|p2a: Basculegion|61/100
|-damage|p2b: Archaludon|0 fnt
|faint|p2b: Archaludon
|
|-weather|SunnyDay|[upkeep]
|upkeep
|
|t:|1756571617
|switch|p2b: Pelipper|Pelipper, L50, M, shiny|28/100
|-weather|RainDance|[from] ability: Drizzle|[of] p2b: Pelipper
|turn|3
|
|t:|1756571638
|-terastallize|p2a: Basculegion|Water
|move|p2b: Pelipper|Protect|p2b: Pelipper
|-singleturn|p2b: Pelipper|Protect
|move|p1a: scott|Sunny Day|p1a: scott
|-weather|SunnyDay
|move|p1b: hyculese|Heat Wave|p2a: Basculegion|[spread] 
|-activate|p2b: Pelipper|move: Protect
|-miss|p1b: hyculese|p2a: Basculegion
|move|p2a: Basculegion|Wave Crash|p1b: hyculese
|-supereffective|p1b: hyculese
|-damage|p1b: hyculese|0 fnt
|faint|p1b: hyculese
|-damage|p2a: Basculegion|32/100|[from] Recoil
|
|-weather|SunnyDay|[upkeep]
|upkeep
|
|t:|1756571652
|switch|p1b: chompy|Garchomp, L50, M|100/100
|turn|4
|inactive|JZ21 has 30 seconds left.
|
|t:|1756571680
|switch|p2a: Mushroom|Amoonguss, L50, M, shiny|100/100
|move|p1a: scott|Moonblast|p2a: Mushroom
|-resisted|p2a: Mushroom
|-damage|p2a: Mushroom|85/100
|move|p1b: chompy|Rock Slide|p2b: Pelipper|[spread] p2a
|-miss|p1b: chompy|p2b: Pelipper
|-damage|p2a: Mushroom|61/100
|move|p2b: Pelipper|Weather Ball|p1a: scott
|-supereffective|p1a: scott
|-enditem|p1a: scott|Focus Sash
|-damage|p1a: scott|1/100
|
|-weather|SunnyDay|[upkeep]
|upkeep
|turn|5
|inactive|JZ21 has 30 seconds left.
|
|t:|1756571708
|switch|p2b: Basculegion|Basculegion, L50, M, tera:Water|32/100
|move|p1a: scott|Moonblast|p2a: Mushroom
|-resisted|p2a: Mushroom
|-damage|p2a: Mushroom|47/100
|-enditem|p2a: Mushroom|Sitrus Berry|[eat]
|-heal|p2a: Mushroom|72/100|[from] item: Sitrus Berry
|move|p1b: chompy|Rock Slide|p2b: Basculegion|[spread] p2b
|-miss|p1b: chompy|p2a: Mushroom
|-damage|p2b: Basculegion|0 fnt
|faint|p2b: Basculegion
|move|p2a: Mushroom|Spore|p1b: chompy
|-status|p1b: chompy|slp|[from] move: Spore
|
|-weather|SunnyDay|[upkeep]
|-sideend|p1: ethnol1816|move: Tailwind
|upkeep
|
|t:|1756571710
|switch|p2b: Pelipper|Pelipper, L50, M, shiny|28/100
|-weather|RainDance|[from] ability: Drizzle|[of] p2b: Pelipper
|turn|6
|
|t:|1756571733
|move|p2b: Pelipper|Protect|p2b: Pelipper
|-singleturn|p2b: Pelipper|Protect
|move|p1a: scott|Moonblast|p2b: Pelipper
|-activate|p2b: Pelipper|move: Protect
|cant|p1b: chompy|slp
|move|p2a: Mushroom|Pollen Puff|p1a: scott
|-damage|p1a: scott|0 fnt
|faint|p1a: scott
|
|-weather|RainDance|[upkeep]
|upkeep
|
|t:|1756571736
|switch|p1a: tow-gatr|Feraligatr, L50, F, shiny|100/100
|turn|7
|
|t:|1756571755
|move|p2a: Mushroom|Protect|p2a: Mushroom
|-singleturn|p2a: Mushroom|Protect
|cant|p1b: chompy|slp
|move|p1a: tow-gatr|Ice Punch|p2a: Mushroom
|-activate|p2a: Mushroom|move: Protect
|move|p2b: Pelipper|Weather Ball|p1b: chompy
|-crit|p1b: chompy
|-damage|p1b: chompy|0 fnt
|faint|p1b: chompy
|
|-weather|RainDance|[upkeep]
|upkeep
|turn|8
|inactive|JZ21 has 30 seconds left.
|
|t:|1756571781
|move|p2a: Mushroom|Rage Powder|p2a: Mushroom
|-singleturn|p2a: Mushroom|move: Rage Powder
|move|p1a: tow-gatr|Ice Punch|p2a: Mushroom
|-supereffective|p2a: Mushroom
|-damage|p2a: Mushroom|4/100
|move|p2b: Pelipper|Hurricane|p1a: tow-gatr
|-damage|p1a: tow-gatr|37/100
|-start|p1a: tow-gatr|confusion
|
|-weather|RainDance|[upkeep]
|upkeep
|turn|9
|
|t:|1756571794
|move|p2a: Mushroom|Rage Powder|p2a: Mushroom
|-singleturn|p2a: Mushroom|move: Rage Powder
|-activate|p1a: tow-gatr|confusion
|move|p1a: tow-gatr|Liquidation|p2a: Mushroom
|-resisted|p2a: Mushroom
|-damage|p2a: Mushroom|0 fnt
|faint|p2a: Mushroom
|move|p2b: Pelipper|Hurricane|p1a: tow-gatr
|-damage|p1a: tow-gatr|0 fnt
|faint|p1a: tow-gatr
|
|win|JZ21
||ethnol1816 is ready for game 2.
||JZ21 is ready for game 2.
|uhtml|next|Next: Game 2 of 3
