|j|☆RaikuDraco
|j|☆efwefwefwefweifier
|html|RaikuDracoefwefwefwefweifier    
|uhtml|bestof|Game 3 of a best-of-3
|t:|1756884075
|gametype|doubles
|player|p1|RaikuDraco|drake-gen3|1149
|player|p2|efwefwefwefweifier|juan|1225
|gen|9
|tier|[Gen 9] VGC 2025 Reg H (Bo3)
|rated|
|rule|Species Clause: Limit one of each Pokémon
|rule|Item Clause: Limit 1 of each item
|clearpoke
|poke|p1|Archaludon, L50, F|
|poke|p1|Sinistcha-Masterpiece, L50|
|poke|p1|Dragonite, L50, M|
|poke|p1|Pelipper, L50, F|
|poke|p1|Ursaluna, L50, M|
|poke|p1|Gholdengo, L50|
|poke|p2|Gholdengo, L50|
|poke|p2|Rillaboom, L50, M|
|poke|p2|Ursaluna-Bloodmoon, L50, M|
|poke|p2|Annihilape, L50, M|
|poke|p2|Ninetales-Alola, L50, M|
|poke|p2|Talonflame, L50, F|
|teampreview|4
|showteam|p1|Archaludon||AssaultVest|Stamina|BodyPress,Snarl,ElectroShot,FlashCannon|||F|||50|,,,,,Fighting]Sinistcha-Masterpiece||SitrusBerry|Hospitality|MatchaGotcha,RagePowder,TrickRoom,LifeDew||||||50|,,,,,Dark]Dragonite||LoadedDice|Multiscale|ScaleShot,Protect,Tailwind,Haze|||M|||50|,,,,,Steel]Pelipper||FocusSash|Drizzle|WeatherBall,Hurricane,Tailwind,Protect|||F|||50|,,,,,Ground]Ursaluna||FlameOrb|Guts|Facade,HeadlongRush,Earthquake,Protect|||M|||50|,,,,,Ghost]Gholdengo||ChoiceScarf|GoodasGold|MakeItRain,TeraBlast,ShadowBall,Trick||||||50|,,,,,Water
|showteam|p2|Gholdengo||LifeOrb|GoodasGold|MakeItRain,ShadowBall,NastyPlot,Protect||||||50|,,,,,Dragon]Rillaboom||MiracleSeed|GrassySurge|WoodHammer,GrassyGlide,Uturn,FakeOut|||M|||50|,,,,,Fire]Ursaluna-Bloodmoon||AssaultVest|MindsEye|BloodMoon,HyperVoice,EarthPower,VacuumWave|||M|||50|,,,,,Normal]Annihilape||SafetyGoggles|Defiant|DrainPunch,RageFist,BulkUp,Protect|||M|||50|,,,,,Fire]Ninetales-Alola||LightClay|SnowWarning|Blizzard,IcicleSpear,Moonblast,AuroraVeil|||M|||50|,,,,,Water]Talonflame||CovertCloak|GaleWings|BraveBird,Tailwind,WillOWisp,Taunt|||F|||50|,,,,,Dark
|inactive|Battle timer is ON: inactive players will automatically lose when time's up. (requested by efwefwefwefweifier)
|inactive|RaikuDraco has 60 seconds left.
|
|t:|1756884106
|teamsize|p1|4
|teamsize|p2|4
|start
|switch|p1a: Archaludon|Archaludon, L50, F|100/100
|switch|p1b: Pelipper|Pelipper, L50, F|100/100
|switch|p2a: Rillaboom|Rillaboom, L50, M|100/100
|switch|p2b: Ursaluna|Ursaluna-Bloodmoon, L50, M|100/100
|-weather|RainDance|[from] ability: Drizzle|[of] p1b: Pelipper
|-fieldstart|move: Grassy Terrain|[from] ability: Grassy Surge|[of] p2a: Rillaboom
|turn|1
|inactive|RaikuDraco has 30 seconds left.
|
|t:|1756884134
|-terastallize|p1a: Archaludon|Fighting
|-terastallize|p2b: Ursaluna|Normal
|move|p1b: Pelipper|Protect|p1b: Pelipper
|-singleturn|p1b: Pelipper|Protect
|move|p2a: Rillaboom|Fake Out|p1b: Pelipper
|-activate|p1b: Pelipper|move: Protect
|move|p1a: Archaludon|Body Press|p2b: Ursaluna
|-supereffective|p2b: Ursaluna
|-damage|p2b: Ursaluna|48/100
|move|p2b: Ursaluna|Hyper Voice|p1a: Archaludon|[spread] p1a
|-activate|p1b: Pelipper|move: Protect
|-damage|p1a: Archaludon|67/100
|-ability|p1a: Archaludon|Stamina|boost
|-boost|p1a: Archaludon|def|1
|
|-weather|RainDance|[upkeep]
|-heal|p1a: Archaludon|73/100|[from] Grassy Terrain
|-heal|p2b: Ursaluna|54/100|[from] Grassy Terrain
|upkeep
|turn|2
|inactive|RaikuDraco has 30 seconds left.
|inactive|efwefwefwefweifier has 30 seconds left.
|inactive|RaikuDraco has 20 seconds left.
|inactive|efwefwefwefweifier has 20 seconds left.
|inactive|RaikuDraco has 15 seconds left.
|inactive|efwefwefwefweifier has 15 seconds left.
|
|t:|1756884176
|move|p1b: Pelipper|Weather Ball|p2b: Ursaluna
|-damage|p2b: Ursaluna|11/100
|move|p1a: Archaludon|Body Press|p2b: Ursaluna
|-supereffective|p2b: Ursaluna
|-damage|p2b: Ursaluna|0 fnt
|faint|p2b: Ursaluna
|move|p2a: Rillaboom|Wood Hammer|p1a: Archaludon
|-damage|p1a: Archaludon|34/100
|-ability|p1a: Archaludon|Stamina|boost
|-boost|p1a: Archaludon|def|1
|-damage|p2a: Rillaboom|88/100|[from] Recoil
|
|-weather|RainDance|[upkeep]
|-heal|p1a: Archaludon|40/100|[from] Grassy Terrain
|-heal|p2a: Rillaboom|94/100|[from] Grassy Terrain
|upkeep
|
|t:|1756884189
|switch|p2b: Gholdengo|Gholdengo, L50|100/100
|turn|3
|
|t:|1756884203
|switch|p1b: Sinistcha|Sinistcha-Masterpiece, L50|100/100
|-heal|p1a: Archaludon|65/100|[from] ability: Hospitality|[of] p1b: Sinistcha
|move|p2b: Gholdengo|Make It Rain|p1b: Sinistcha|[spread] p1a,p1b
|-damage|p1a: Archaludon|23/100
|-damage|p1b: Sinistcha|43/100
|-unboost|p2b: Gholdengo|spa|1
|-ability|p1a: Archaludon|Stamina|boost
|-boost|p1a: Archaludon|def|1
|-enditem|p1b: Sinistcha|Sitrus Berry|[eat]
|-heal|p1b: Sinistcha|67/100|[from] item: Sitrus Berry
|-damage|p2b: Gholdengo|91/100|[from] item: Life Orb
|move|p1a: Archaludon|Snarl|p2b: Gholdengo|[spread] p2a,p2b
|-supereffective|p2b: Gholdengo
|-damage|p2a: Rillaboom|81/100
|-damage|p2b: Gholdengo|68/100
|-unboost|p2a: Rillaboom|spa|1
|-unboost|p2b: Gholdengo|spa|1
|move|p2a: Rillaboom|Wood Hammer|p1b: Sinistcha
|-resisted|p1b: Sinistcha
|-damage|p1b: Sinistcha|22/100
|-damage|p2a: Rillaboom|69/100|[from] Recoil
|
|-weather|RainDance|[upkeep]
|-heal|p2b: Gholdengo|74/100|[from] Grassy Terrain
|-heal|p1a: Archaludon|29/100|[from] Grassy Terrain
|-heal|p2a: Rillaboom|74/100|[from] Grassy Terrain
|-heal|p1b: Sinistcha|29/100|[from] Grassy Terrain
|upkeep
|turn|4
|inactive|RaikuDraco has 30 seconds left.
|inactive|efwefwefwefweifier has 30 seconds left.
|inactive|RaikuDraco has 20 seconds left.
|inactive|RaikuDraco has 15 seconds left.
|
|t:|1756884247
|switch|p2b: Talonflame|Talonflame, L50, F|100/100
|switch|p1b: Pelipper|Pelipper, L50, F|100/100
|move|p1a: Archaludon|Body Press|p2a: Rillaboom
|-damage|p2a: Rillaboom|0 fnt
|faint|p2a: Rillaboom
|
|-weather|RainDance|[upkeep]
|-heal|p1a: Archaludon|35/100|[from] Grassy Terrain
|upkeep
|
|t:|1756884258
|switch|p2a: Gholdengo|Gholdengo, L50|74/100
|turn|5
|inactive|RaikuDraco has 30 seconds left.
|
|t:|1756884287
|switch|p1b: Sinistcha|Sinistcha-Masterpiece, L50|29/100
|-heal|p1a: Archaludon|60/100|[from] ability: Hospitality|[of] p1b: Sinistcha
|move|p2b: Talonflame|Brave Bird|p1b: Sinistcha
|-supereffective|p1b: Sinistcha
|-damage|p1b: Sinistcha|0 fnt
|faint|p1b: Sinistcha
|-damage|p2b: Talonflame|89/100|[from] Recoil
|move|p2a: Gholdengo|Make It Rain|p1a: Archaludon
|-damage|p1a: Archaludon|4/100
|-unboost|p2a: Gholdengo|spa|1
|-ability|p1a: Archaludon|Stamina|boost
|-boost|p1a: Archaludon|def|1
|-damage|p2a: Gholdengo|64/100|[from] item: Life Orb
|move|p1a: Archaludon|Snarl|p2b: Talonflame|[spread] p2a,p2b
|-supereffective|p2a: Gholdengo
|-damage|p2a: Gholdengo|37/100
|-damage|p2b: Talonflame|71/100
|-unboost|p2a: Gholdengo|spa|1
|
|-weather|none
|-heal|p2a: Gholdengo|44/100|[from] Grassy Terrain
|-heal|p1a: Archaludon|10/100|[from] Grassy Terrain
|-fieldend|move: Grassy Terrain
|upkeep
|
|t:|1756884311
|switch|p1b: Pelipper|Pelipper, L50, F|100/100
|-weather|RainDance|[from] ability: Drizzle|[of] p1b: Pelipper
|turn|6
|
|t:|1756884334
|move|p2b: Talonflame|Brave Bird|p1b: Pelipper
|-damage|p1b: Pelipper|36/100
|-damage|p2b: Talonflame|52/100|[from] Recoil
|move|p2a: Gholdengo|Make It Rain|p1b: Pelipper|[spread] p1a,p1b
|-resisted|p1b: Pelipper
|-damage|p1a: Archaludon|0 fnt
|-damage|p1b: Pelipper|10/100
|-unboost|p2a: Gholdengo|spa|1
|faint|p1a: Archaludon
|-damage|p2a: Gholdengo|34/100|[from] item: Life Orb
|move|p1b: Pelipper|Weather Ball|p2b: Talonflame
|-supereffective|p2b: Talonflame
|-damage|p2b: Talonflame|0 fnt
|faint|p2b: Talonflame
|
|-weather|RainDance|[upkeep]
|upkeep
|
|t:|1756884350
|switch|p1a: Ursaluna|Ursaluna, L50, M|100/100
|turn|7
|
|t:|1756884360
|move|p2a: Gholdengo|Make It Rain|p1a: Ursaluna|[spread] p1a,p1b
|-resisted|p1b: Pelipper
|-damage|p1a: Ursaluna|78/100
|-damage|p1b: Pelipper|0 fnt
|-unboost|p2a: Gholdengo|spa|1
|faint|p1b: Pelipper
|-damage|p2a: Gholdengo|25/100|[from] item: Life Orb
|move|p1a: Ursaluna|Headlong Rush|p2a: Gholdengo
|-supereffective|p2a: Gholdengo
|-damage|p2a: Gholdengo|0 fnt
|-unboost|p1a: Ursaluna|def|1
|-unboost|p1a: Ursaluna|spd|1
|faint|p2a: Gholdengo
|
|win|RaikuDraco
|raw|RaikuDraco's rating: 1149 → 1179(+30 for winning)
|raw|efwefwefwefweifier's rating: 1225 → 1195(-30 for losing)
|l|☆efwefwefwefweifier
|player|p2|
|l|☆RaikuDraco
|player|p1|
|j|☆RaikuDraco
|player|p1|RaikuDraco|drake-gen3|
