|j|☆aqoursfan1
|j|☆marcosdeltasena31
|html|aqoursfan1marcosdeltasena31    
|uhtml|bestof|Game 3 of a best-of-3
|t:|1786158011
|gametype|doubles
|player|p1|aqoursfan1|anabel-gen7|1414
|player|p2|marcosdeltasena31|hilbert|1366
|gen|9
|tier|[Gen 9 Champions] VGC 2026 Reg M-B (Bo3)
|rated|
|rule|Species Clause: Limit one of each Pokémon
|rule|Item Clause: Limit 1 of each item
|clearpoke
|poke|p1|Whimsicott, L50, M, shiny|
|poke|p1|Raichu, L50, F|
|poke|p1|Kingambit, L50, F|
|poke|p1|Sylveon, L50, F, shiny|
|poke|p1|Charizard, L50, F, shiny|
|poke|p1|Garchomp, L50, F|
|poke|p2|Staraptor, L50, M|
|poke|p2|Delphox, L50, F|
|poke|p2|Whimsicott, L50, F|
|poke|p2|Glimmora, L50, F|
|poke|p2|Garchomp, L50, M|
|poke|p2|Kingambit, L50, F|
|teampreview|4
|showteam|p1|Whimsicott||FocusSash|Prankster|Moonblast,Encore,Tailwind,Protect|Timid||M|||50|]Raichu||RaichuniteY|LightningRod|ZapCannon,FocusBlast,FakeOut,Protect|Timid||F|||50|]Kingambit||ChopleBerry|Defiant|KowtowCleave,SuckerPunch,IronHead,Protect|Adamant||F|||50|]Sylveon||FairyFeather|Pixilate|HyperVoice,HyperBeam,QuickAttack,Detect|Modest||F|||50|]Charizard||CharizarditeY|SolarPower|HeatWave,WeatherBall,SolarBeam,Protect|Modest||F|||50|]Garchomp||LifeOrb|RoughSkin|DragonClaw,Earthquake,StompingTantrum,Protect|Jolly||F|||50|
|showteam|p2|Staraptor||Staraptite|Intimidate|Protect,Roost,CloseCombat,BraveBird|Jolly||M|||50|]Delphox||Delphoxite|Magician|Protect,Psychic,HeatWave,Substitute|Timid||F|||50|]Whimsicott||OccaBerry|Prankster|Moonblast,Tailwind,Charm,LightScreen|Timid||F|||50|]Glimmora||FocusSash|ToxicDebris|SpikyShield,SludgeBomb,EarthPower,PowerGem|Timid||F|||50|]Garchomp||LifeOrb|RoughSkin|Protect,RockSlide,Earthquake,DragonClaw|Jolly||M|||50|]Kingambit||ChopleBerry|Defiant|SuckerPunch,LowKick,IronHead,KowtowCleave|Adamant||F|||50|
|inactive|Battle timer is ON: inactive players will automatically lose when time's up. (requested by aqoursfan1)
|
|t:|1786158034
|teamsize|p1|4
|teamsize|p2|4
|start
|switch|p1a: Raichu|Raichu, L50, F|100/100
|switch|p1b: Whimsicott|Whimsicott, L50, M, shiny|100/100
|switch|p2a: Garchomp|Garchomp, L50, M|100/100
|switch|p2b: Whimsicott|Whimsicott, L50, F|100/100
|turn|1
|
|t:|1786158048
|switch|p2a: Glimmora|Glimmora, L50, F|100/100
|detailschange|p1a: Raichu|Raichu-Mega-Y, L50, F
|-mega|p1a: Raichu|Raichu|Raichunite Y
|move|p1a: Raichu|Fake Out|p2a: Glimmora
|-resisted|p2a: Glimmora|1
|-damage|p2a: Glimmora|94/100
|-activate|p2a: Glimmora|ability: Toxic Debris
|-sidestart|p1: aqoursfan1|move: Toxic Spikes
|move|p2b: Whimsicott|Light Screen|p2b: Whimsicott
|-sidestart|p2: marcosdeltasena31|move: Light Screen
|move|p1b: Whimsicott|Moonblast|p2a: Glimmora
|-resisted|p2a: Glimmora|1
|-damage|p2a: Glimmora|77/100
|
|upkeep
|turn|2
|
|t:|1786158065
|move|p1b: Whimsicott|Encore|p2b: Whimsicott
|-start|p2b: Whimsicott|Encore
|move|p2b: Whimsicott|Light Screen||[still]
|-fail|p2b: Whimsicott
|move|p1a: Raichu|Zap Cannon|p2a: Glimmora
|-damage|p2a: Glimmora|18/100
|-status|p2a: Glimmora|par
|move|p2a: Glimmora|Earth Power|p1a: Raichu
|-supereffective|p1a: Raichu|1
|-crit|p1a: Raichu
|-damage|p1a: Raichu|0 fnt
|faint|p1a: Raichu
|
|upkeep
|
|t:|1786158079
|switch|p1a: Kingambit|Kingambit, L50, F|100/100
|turn|3
|
|t:|1786158085
|switch|p2b: Delphox|Delphox, L50, F|100/100
|move|p1b: Whimsicott|Moonblast|p2b: Delphox
|-resisted|p2b: Delphox|1
|-damage|p2b: Delphox|87/100
|move|p2a: Glimmora|Earth Power|p1a: Kingambit
|-supereffective|p1a: Kingambit|1
|-damage|p1a: Kingambit|42/100
|move|p1a: Kingambit|Kowtow Cleave|p2b: Delphox
|-supereffective|p2b: Delphox|1
|-damage|p2b: Delphox|0 fnt
|faint|p2b: Delphox
|
|upkeep
|
|t:|1786158098
|switch|p2b: Whimsicott|Whimsicott, L50, F|100/100
|turn|4
|
|t:|1786158105
|move|p2b: Whimsicott|Tailwind|p2b: Whimsicott
|-sidestart|p2: marcosdeltasena31|move: Tailwind
|move|p1a: Kingambit|Sucker Punch|p2a: Glimmora
|-damage|p2a: Glimmora|0 fnt
|-activate|p2a: Glimmora|ability: Toxic Debris
|-sidestart|p1: aqoursfan1|move: Toxic Spikes
|faint|p2a: Glimmora
|move|p1b: Whimsicott|Moonblast|p2b: Whimsicott
|-damage|p2b: Whimsicott|68/100
|
|upkeep
|
|t:|1786158110
|switch|p2a: Garchomp|Garchomp, L50, M|100/100
|turn|5
|
|t:|1786158116
|move|p1b: Whimsicott|Encore|p2b: Whimsicott
|-start|p2b: Whimsicott|Encore
|move|p2b: Whimsicott|Tailwind||[still]
|-fail|p2b: Whimsicott
|move|p1a: Kingambit|Sucker Punch|p2a: Garchomp
|-damage|p2a: Garchomp|62/100
|-damage|p1a: Kingambit|30/100|[from] ability: Rough Skin|[of] p2a: Garchomp
|move|p2a: Garchomp|Earthquake|p1a: Kingambit|[spread] p2b,p1a,p1b
|-resisted|p2b: Whimsicott|1
|-supereffective|p1a: Kingambit|1
|-resisted|p1b: Whimsicott|1
|-damage|p2b: Whimsicott|44/100
|-damage|p1a: Kingambit|0 fnt
|-damage|p1b: Whimsicott|64/100
|faint|p1a: Kingambit
|-damage|p2a: Garchomp|52/100|[from] item: Life Orb
|
|-sideend|p2: marcosdeltasena31|move: Light Screen
|upkeep
|
|t:|1786158125
|switch|p1a: Garchomp|Garchomp, L50, F|100/100
|-status|p1a: Garchomp|tox
|turn|6
|
|t:|1786158134
|move|p2b: Whimsicott|Tailwind||[still]
|-fail|p2b: Whimsicott
|move|p1b: Whimsicott|Encore|p2a: Garchomp
|-start|p2a: Garchomp|Encore
|move|p2a: Garchomp|Earthquake|p1b: Whimsicott|[spread] p2b,p1a,p1b
|-resisted|p2b: Whimsicott|1
|-resisted|p1b: Whimsicott|1
|-damage|p2b: Whimsicott|22/100
|-damage|p1a: Garchomp|49/100 tox
|-damage|p1b: Whimsicott|27/100
|-damage|p2a: Garchomp|43/100|[from] item: Life Orb
|move|p1a: Garchomp|Earthquake|p2b: Whimsicott|[spread] p1b,p2a,p2b
|-resisted|p1b: Whimsicott|1
|-resisted|p2b: Whimsicott|1
|-damage|p1b: Whimsicott|0 fnt
|-damage|p2a: Garchomp|0 fnt
|-damage|p2b: Whimsicott|0 fnt
|faint|p1b: Whimsicott
|faint|p2a: Garchomp
|faint|p2b: Whimsicott
|-damage|p1a: Garchomp|39/100 tox|[from] item: Life Orb
|
|win|aqoursfan1
|raw|aqoursfan1's rating: 1414 → 1431(+17 for winning)
|raw|marcosdeltasena31's rating: 1366 → 1349(-17 for losing)
