|j|☆fantasminha8
|j|☆Gamertag1001
|html|fantasminha8Gamertag1001    
|uhtml|bestof|Game 2 of a best-of-3
|t:|1757674972
|gametype|doubles
|player|p1|fantasminha8|2|1133
|player|p2|Gamertag1001|bugcatcher-gen4dp|1216
|gen|9
|tier|[Gen 9] VGC 2025 Reg H (Bo3)
|rated|
|rule|Species Clause: Limit one of each Pokémon
|rule|Item Clause: Limit 1 of each item
|clearpoke
|poke|p1|Charizard, L50, F|
|poke|p1|Indeedee-F, L50, F|
|poke|p1|Lilligant-Hisui, L50, F|
|poke|p1|Torkoal, L50, F|
|poke|p1|Ursaluna, L50, M|
|poke|p1|Hatterene, L50, F|
|poke|p2|Dondozo, L50, M|
|poke|p2|Tatsugiri, L50, M|
|poke|p2|Sylveon, L50, F|
|poke|p2|Talonflame, L50, M|
|poke|p2|Pawmot, L50, M|
|poke|p2|Gholdengo, L50|
|teampreview|4
|showteam|p1|Charizard||ChoiceScarf|SolarPower|HeatWave,SolarBeam,AirSlash,WeatherBall|||F|||50|,,,,,Fire]Indeedee-F||SafetyGoggles|PsychicSurge|FollowMe,HelpingHand,TrickRoom,AlluringVoice|||F|||50|,,,,,Fairy]Lilligant-Hisui||FocusSash|Chlorophyll|SleepPowder,AfterYou,CloseCombat,UpperHand|||F|||50|,,,,,Fighting]Torkoal||EjectPack|Drought|Eruption,Overheat,Protect,ClearSmog|||F|||50|,,,,,Fire]Ursaluna||FlameOrb|Guts|Earthquake,Facade,Protect,HeadlongRush|||M|||50|,,,,,Ghost]Hatterene||LifeOrb|MagicBounce|TrickRoom,ExpandingForce,DazzlingGleam,ShadowBall|||F|||50|,,,,,Water
|showteam|p2|Dondozo||Leftovers|Unaware|OrderUp,Earthquake,WaveCrash,Protect|||M|||50|,,,,,Grass]Tatsugiri||ChoiceScarf|Commander|MuddyWater,DracoMeteor,HydroPump,IcyWind|||M|||50|,,,,,Ghost]Sylveon||LifeOrb|Pixilate|HyperVoice,HyperBeam,QuickAttack,Protect|||F|||50|,,,,,Steel]Talonflame||CovertCloak|GaleWings|BraveBird,Tailwind,Taunt,FlareBlitz|||M|||50|,,,,,Dark]Pawmot||FocusSash|VoltAbsorb|DoubleShock,CloseCombat,Protect,RevivalBlessing|||M|||50|,,,,,Electric]Gholdengo||ChoiceSpecs|GoodasGold|MakeItRain,Trick,ShadowBall,PowerGem||||||50|,,,,,Steel
|inactive|Battle timer is ON: inactive players will automatically lose when time's up. (requested by Gamertag1001)
|
|t:|1757674998
|teamsize|p1|4
|teamsize|p2|4
|start
|switch|p1a: Indeedee|Indeedee-F, L50, F|100/100
|switch|p1b: Hatterene|Hatterene, L50, F|100/100
|switch|p2a: Dondozo|Dondozo, L50, M|100/100
|switch|p2b: Talonflame|Talonflame, L50, M|100/100
|-fieldstart|move: Psychic Terrain|[from] ability: Psychic Surge|[of] p1a: Indeedee
|turn|1
|
|t:|1757675014
|switch|p2b: Tatsugiri|Tatsugiri, L50, M|100/100
|-activate|p2b: Tatsugiri|ability: Commander|[of] p2a: Dondozo
|-boost|p2a: Dondozo|atk|2
|-boost|p2a: Dondozo|spa|2
|-boost|p2a: Dondozo|spe|2
|-boost|p2a: Dondozo|def|2
|-boost|p2a: Dondozo|spd|2
|move|p2a: Dondozo|Earthquake|p1a: Indeedee|[spread] p1a,p1b
|-miss|p2a: Dondozo|p2b: Tatsugiri
|-crit|p1a: Indeedee
|-damage|p1a: Indeedee|25/100
|-damage|p1b: Hatterene|47/100
|move|p1b: Hatterene|Expanding Force|p2a: Dondozo|[spread] p2a
|-miss|p1b: Hatterene|p2b: Tatsugiri
|-damage|p2a: Dondozo|59/100
|-damage|p1b: Hatterene|38/100|[from] item: Life Orb
|move|p1a: Indeedee|Trick Room|p1a: Indeedee
|-fieldstart|move: Trick Room|[of] p1a: Indeedee
|
|-heal|p2a: Dondozo|65/100|[from] item: Leftovers
|upkeep
|turn|2
|
|t:|1757675030
|move|p1a: Indeedee|Helping Hand|p1b: Hatterene
|-singleturn|p1b: Hatterene|Helping Hand|[of] p1a: Indeedee
|move|p1b: Hatterene|Expanding Force|p2a: Dondozo|[spread] p2a
|-miss|p1b: Hatterene|p2b: Tatsugiri
|-damage|p2a: Dondozo|5/100
|-damage|p1b: Hatterene|28/100|[from] item: Life Orb
|move|p2a: Dondozo|Earthquake|p1b: Hatterene|[spread] p1a,p1b
|-miss|p2a: Dondozo|p2b: Tatsugiri
|-damage|p1a: Indeedee|0 fnt
|-damage|p1b: Hatterene|0 fnt
|faint|p1a: Indeedee
|faint|p1b: Hatterene
|
|-heal|p2a: Dondozo|11/100|[from] item: Leftovers
|upkeep
|
|t:|1757675032
|switch|p1b: Lilligant|Lilligant-Hisui, L50, F|100/100
|switch|p1a: Torkoal|Torkoal, L50, F|100/100
|-weather|SunnyDay|[from] ability: Drought|[of] p1a: Torkoal
|turn|3
|
|t:|1757675041
|move|p2a: Dondozo|Protect|p2a: Dondozo
|-singleturn|p2a: Dondozo|Protect
|move|p1a: Torkoal|Eruption|p2a: Dondozo|[spread] 
|-miss|p1a: Torkoal|p2b: Tatsugiri
|-activate|p2a: Dondozo|move: Protect
|move|p1b: Lilligant|Close Combat|p2a: Dondozo
|-activate|p2a: Dondozo|move: Protect
|
|-weather|SunnyDay|[upkeep]
|-heal|p2a: Dondozo|18/100|[from] item: Leftovers
|upkeep
|turn|4
|
|t:|1757675048
|-terastallize|p1a: Torkoal|Fire
|move|p1a: Torkoal|Eruption|p2a: Dondozo|[spread] p2a
|-miss|p1a: Torkoal|p2b: Tatsugiri
|-resisted|p2a: Dondozo
|-damage|p2a: Dondozo|0 fnt
|faint|p2a: Dondozo
|move|p1b: Lilligant|Close Combat|p2b: Tatsugiri
|-damage|p2b: Tatsugiri|3/100
|-unboost|p1b: Lilligant|def|1
|-unboost|p1b: Lilligant|spd|1
|
|-weather|SunnyDay|[upkeep]
|upkeep
|
|t:|1757675059
|switch|p2a: Talonflame|Talonflame, L50, M|100/100
|turn|5
|
|t:|1757675083
|move|p1a: Torkoal|Eruption|p2b: Tatsugiri|[spread] p2a,p2b
|-resisted|p2a: Talonflame
|-resisted|p2b: Tatsugiri
|-damage|p2a: Talonflame|33/100
|-damage|p2b: Tatsugiri|0 fnt
|faint|p2b: Tatsugiri
|move|p2a: Talonflame|Taunt|p1b: Lilligant
|-start|p1b: Lilligant|move: Taunt
|move|p1b: Lilligant|Close Combat|p2a: Talonflame
|-resisted|p2a: Talonflame
|-damage|p2a: Talonflame|0 fnt
|-unboost|p1b: Lilligant|def|1
|-unboost|p1b: Lilligant|spd|1
|faint|p2a: Talonflame
|
|-weather|SunnyDay|[upkeep]
|-fieldend|move: Trick Room
|-fieldend|move: Psychic Terrain
|upkeep
|
|t:|1757675087
|switch|p2a: Pawmot|Pawmot, L50, M|100/100
|turn|6
|
|t:|1757675093
|-terastallize|p2a: Pawmot|Electric
|move|p1b: Lilligant|Close Combat|p2a: Pawmot
|-damage|p2a: Pawmot|11/100
|-unboost|p1b: Lilligant|def|1
|-unboost|p1b: Lilligant|spd|1
|move|p2a: Pawmot|Double Shock|p1a: Torkoal
|-crit|p1a: Torkoal
|-damage|p1a: Torkoal|18/100
|-start|p2a: Pawmot|typechange|Electric|[from] move: Double Shock
|move|p1a: Torkoal|Eruption|p2a: Pawmot
|-damage|p2a: Pawmot|0 fnt
|faint|p2a: Pawmot
|
|win|fantasminha8
||Gamertag1001 is ready for game 3.
|inactive|fantasminha8 has 30 seconds to confirm battle start!
||fantasminha8 is ready for game 3.
|uhtml|next|Next: Game 3 of 3
|l|☆Gamertag1001
|player|p2|
|l|☆fantasminha8
|player|p1|
