|j|☆toxiccroc12
|j|☆Natsuharusama
|html|toxiccroc12Natsuharusama    
|uhtml|bestof|Game 3 of a best-of-3
|t:|1785990520
|gametype|doubles
|player|p1|toxiccroc12|1|1167
|player|p2|Natsuharusama|pokemaniac|1058
|gen|9
|tier|[Gen 9 Champions] VGC 2026 Reg M-B (Bo3)
|rated|
|rule|Species Clause: Limit one of each Pokémon
|rule|Item Clause: Limit 1 of each item
|clearpoke
|poke|p1|Staraptor, L50, M|
|poke|p1|Glimmora, L50, F|
|poke|p1|Whimsicott, L50, F|
|poke|p1|Kingambit, L50, M|
|poke|p1|Garchomp, L50, M|
|poke|p1|Delphox, L50, M|
|poke|p2|Froslass, L50, F, shiny|
|poke|p2|Sinistcha-Masterpiece, L50, shiny|
|poke|p2|Ninetales-Alola, L50, M, shiny|
|poke|p2|Sneasler, L50, F, shiny|
|poke|p2|Basculegion, L50, M, shiny|
|poke|p2|Dragonite, L50, F, shiny|
|teampreview|4
|showteam|p1|Staraptor||Staraptite|Intimidate|CloseCombat,BraveBird,Roost,Protect|Jolly||M|||50|]Glimmora||FocusSash|ToxicDebris|PowerGem,SludgeBomb,EarthPower,SpikyShield|Modest||F|||50|]Whimsicott||OccaBerry|Prankster|Tailwind,Moonblast,Charm,LightScreen|Timid||F|||50|]Kingambit||ChopleBerry|Defiant|KowtowCleave,IronHead,LowKick,SuckerPunch|Adamant||M|||50|]Garchomp||ChoiceScarf|RoughSkin|Earthquake,DragonClaw,RockSlide,StompingTantrum|Adamant||M|||50|]Delphox||Delphoxite|Blaze|HeatWave,Psychic,Encore,Protect|Timid||M|||50|
|showteam|p2|Froslass||Froslassite|SnowCloak|Blizzard,ShadowBall,Protect,NastyPlot|Timid||F|||50|]Sinistcha-Masterpiece||SitrusBerry|Hospitality|MatchaGotcha,ShadowBall,Imprison,RagePowder|Calm|||||50|]Ninetales-Alola||NeverMeltIce|SnowWarning|Blizzard,AuroraVeil,Moonblast,Protect|Modest||M|||50|]Sneasler||WhiteHerb|PoisonTouch|FakeOut,DireClaw,CloseCombat,Protect|Jolly||F|||50|]Basculegion||LifeOrb|Adaptability|WaveCrash,AquaJet,LastRespects,Protect|Adamant||M|||50|]Dragonite||Dragoninite|Multiscale|Blizzard,Protect,DragonPulse,ExtremeSpeed|Quiet||F|||50|
|
|t:|1785990553
|teamsize|p1|4
|teamsize|p2|4
|start
|switch|p1a: Whimsicott|Whimsicott, L50, F|100/100
|switch|p1b: Delphox|Delphox, L50, M|100/100
|switch|p2a: Ninetales|Ninetales-Alola, L50, M, shiny|100/100
|switch|p2b: Dragonite|Dragonite, L50, F, shiny|100/100
|-weather|Snowscape|[from] ability: Snow Warning|[of] p2a: Ninetales
|turn|1
|inactive|Battle timer is ON: inactive players will automatically lose when time's up. (requested by toxiccroc12)
|
|t:|1785990633
|detailschange|p1b: Delphox|Delphox-Mega, L50, M
|-mega|p1b: Delphox|Delphox|Delphoxite
|detailschange|p2b: Dragonite|Dragonite-Mega, L50, F, shiny
|-mega|p2b: Dragonite|Dragonite|Dragoninite
|move|p1b: Delphox|Heat Wave|p2a: Ninetales|[spread] p2a,p2b
|-supereffective|p2a: Ninetales|1
|-resisted|p2b: Dragonite|1
|-damage|p2a: Ninetales|3/100
|-damage|p2b: Dragonite|92/100
|-status|p2b: Dragonite|brn
|move|p2a: Ninetales|Aurora Veil|p2a: Ninetales
|-sidestart|p2: Natsuharusama|move: Aurora Veil
|move|p1a: Whimsicott|Moonblast|p2b: Dragonite
|-supereffective|p2b: Dragonite|1
|-damage|p2b: Dragonite|64/100 brn
|move|p2b: Dragonite|Blizzard|p1b: Delphox|[spread] p1a,p1b
|-supereffective|p1a: Whimsicott|1
|-resisted|p1b: Delphox|1
|-damage|p1a: Whimsicott|10/100
|-damage|p1b: Delphox|83/100
|
|-weather|Snowscape|[upkeep]
|-damage|p2b: Dragonite|58/100 brn|[from] brn
|upkeep
|turn|2
|inactive|toxiccroc12 has 30 seconds left.
|
|t:|1785990660
|move|p2a: Ninetales|Protect|p2a: Ninetales
|-singleturn|p2a: Ninetales|Protect
|move|p1a: Whimsicott|Tailwind|p1a: Whimsicott
|-sidestart|p1: toxiccroc12|move: Tailwind
|move|p1b: Delphox|Encore|p2a: Ninetales
|-activate|p2a: Ninetales|move: Protect
|move|p2b: Dragonite|Blizzard|p1b: Delphox|[spread] p1a,p1b
|-supereffective|p1a: Whimsicott|1
|-resisted|p1b: Delphox|1
|-damage|p1a: Whimsicott|0 fnt
|-damage|p1b: Delphox|66/100
|faint|p1a: Whimsicott
|
|-weather|Snowscape|[upkeep]
|-damage|p2b: Dragonite|52/100 brn|[from] brn
|upkeep
|
|t:|1785990671
|switch|p1a: Glimmora|Glimmora, L50, F|100/100
|turn|3
|inactive|toxiccroc12 has 30 seconds left.
|inactive|toxiccroc12 has 20 seconds left.
|
|t:|1785990709
|switch|p2a: Sneasler|Sneasler, L50, F, shiny|100/100
|move|p1b: Delphox|Psychic|p2b: Dragonite
|-damage|p2b: Dragonite|26/100 brn
|move|p1a: Glimmora|Power Gem|p2a: Sneasler
|-resisted|p2a: Sneasler|1
|-crit|p2a: Sneasler
|-damage|p2a: Sneasler|50/100g
|move|p2b: Dragonite|Blizzard|p1b: Delphox|[spread] p1a,p1b
|-resisted|p1b: Delphox|1
|-damage|p1a: Glimmora|57/100
|-damage|p1b: Delphox|49/100
|
|-weather|Snowscape|[upkeep]
|-damage|p2b: Dragonite|20/100y brn|[from] brn
|upkeep
|turn|4
|inactive|toxiccroc12 has 30 seconds left.
|inactive|Natsuharusama has 30 seconds left.
|
|t:|1785990744
|move|p1b: Delphox|Protect|p1b: Delphox
|-singleturn|p1b: Delphox|Protect
|move|p2a: Sneasler|Fake Out|p1b: Delphox
|-activate|p1b: Delphox|move: Protect
|move|p1a: Glimmora|Earth Power|p2a: Sneasler
|-supereffective|p2a: Sneasler|1
|-damage|p2a: Sneasler|0 fnt
|faint|p2a: Sneasler
|move|p2b: Dragonite|Dragon Pulse|p1a: Glimmora
|-damage|p1a: Glimmora|0 fnt
|faint|p1a: Glimmora
|
|-weather|Snowscape|[upkeep]
|-damage|p2b: Dragonite|14/100 brn|[from] brn
|upkeep
|
|t:|1785990759
|switch|p2a: Froslass|Froslass, L50, F, shiny|100/100
|switch|p1a: Kingambit|Kingambit, L50, M|100/100
|turn|5
|inactive|toxiccroc12 has 30 seconds left.
|
|t:|1785990787
|move|p2a: Froslass|Protect|p2a: Froslass
|-singleturn|p2a: Froslass|Protect
|move|p2b: Dragonite|Protect|p2b: Dragonite
|-singleturn|p2b: Dragonite|Protect
|move|p1b: Delphox|Psychic|p2b: Dragonite
|-activate|p2b: Dragonite|move: Protect
|move|p1a: Kingambit|Iron Head|p2a: Froslass
|-activate|p2a: Froslass|move: Protect
|
|-weather|none
|-damage|p2b: Dragonite|8/100 brn|[from] brn
|-sideend|p1: toxiccroc12|move: Tailwind
|-sideend|p2: Natsuharusama|move: Aurora Veil
|upkeep
|turn|6
|inactive|Natsuharusama has 30 seconds left.
|
|t:|1785990821
|switch|p2b: Ninetales|Ninetales-Alola, L50, M, shiny|3/100
|-weather|Snowscape|[from] ability: Snow Warning|[of] p2b: Ninetales
|move|p1b: Delphox|Encore||[still]
|-fail|p1b: Delphox
|move|p2a: Froslass|Shadow Ball|p1b: Delphox
|-supereffective|p1b: Delphox|1
|-crit|p1b: Delphox
|-damage|p1b: Delphox|0 fnt
|faint|p1b: Delphox
|move|p1a: Kingambit|Kowtow Cleave|p2a: Froslass
|-supereffective|p2a: Froslass|1
|-damage|p2a: Froslass|4/100
|
|-weather|Snowscape|[upkeep]
|upkeep
|turn|7
|inactive|toxiccroc12 has 30 seconds left.
|inactive|toxiccroc12 has 20 seconds left.
|inactive|toxiccroc12 has 15 seconds left.
|inactive|toxiccroc12 has 10 seconds left.
|
|t:|1785990868
|move|p2a: Froslass|Blizzard|p1a: Kingambit
|-resisted|p1a: Kingambit|1
|-damage|p1a: Kingambit|79/100
|move|p2b: Ninetales|Moonblast|p1a: Kingambit
|-damage|p1a: Kingambit|41/100
|move|p1a: Kingambit|Kowtow Cleave|p2b: Ninetales
|-resisted|p2b: Ninetales|1
|-damage|p2b: Ninetales|0 fnt
|faint|p2b: Ninetales
|
|-weather|Snowscape|[upkeep]
|upkeep
|
|t:|1785990878
|switch|p2b: Dragonite|Dragonite-Mega, L50, F, shiny|8/100 brn
|turn|8
|
|t:|1785990901
|move|p1a: Kingambit|Sucker Punch|p2a: Froslass
|-supereffective|p2a: Froslass|1
|-damage|p2a: Froslass|0 fnt
|faint|p2a: Froslass
|move|p2b: Dragonite|Blizzard|p1a: Kingambit
|-resisted|p1a: Kingambit|1
|-damage|p1a: Kingambit|20/100y
|
|-weather|Snowscape|[upkeep]
|-damage|p2b: Dragonite|2/100 brn|[from] brn
|upkeep
|turn|9
|
|t:|1785990913
|move|p2b: Dragonite|Extreme Speed|p1a: Kingambit
|-resisted|p1a: Kingambit|1
|-damage|p1a: Kingambit|15/100
|move|p1a: Kingambit|Sucker Punch||[still]
|-fail|p1a: Kingambit
|
|-weather|Snowscape|[upkeep]
|-damage|p2b: Dragonite|0 fnt|[from] brn
|faint|p2b: Dragonite
|
|win|toxiccroc12
|raw|toxiccroc12's rating: 1167 → 1184(+17 for winning)
|raw|Natsuharusama's rating: 1058 → 1045(-13 for losing)
|l|☆Natsuharusama
|player|p2|
|c|☆toxiccroc12|gg
