|j|☆Kyooby
|j|☆Ceuta Triathlon
|html|KyoobyCeuta Triathlon    
|uhtml|bestof|Game 1 of a best-of-3
|t:|1786011682
|gametype|doubles
|player|p1|Kyooby|volkner|1073
|player|p2|Ceuta Triathlon|tuber|1099
|gen|9
|tier|[Gen 9 Champions] VGC 2026 Reg M-B (Bo3)
|rated|
|rule|Species Clause: Limit one of each Pokémon
|rule|Item Clause: Limit 1 of each item
|clearpoke
|poke|p1|Gengar, L50, M|
|poke|p1|Swampert, L50, F|
|poke|p1|Incineroar, L50, M|
|poke|p1|Politoed, L50, M|
|poke|p1|Archaludon, L50, M|
|poke|p1|Vivillon, L50, F|
|poke|p2|Delphox, L50, M|
|poke|p2|Incineroar, L50, M|
|poke|p2|Kingambit, L50, F|
|poke|p2|Sinistcha, L50|
|poke|p2|Sneasler, L50, M|
|poke|p2|Blastoise, L50, M|
|teampreview|4
|showteam|p1|Gengar||Gengarite|CursedBody|ShadowBall,PerishSong,SludgeBomb,Protect|Timid||M|||50|]Swampert||Swampertite|Torrent|WaveCrash,Earthquake,IcePunch,Protect|Adamant||F|||50|]Incineroar||PasshoBerry|Intimidate|ThroatChop,PartingShot,FakeOut,Protect|Sassy||M|||50|]Politoed||SitrusBerry|Drizzle|WeatherBall,PerishSong,Encore,Protect|Calm||M|||50|]Archaludon||Leftovers|Stamina|DragonPulse,FlashCannon,ElectroShot,Protect|Bold||M|||50|]Vivillon||FocusSash|CompoundEyes|Hurricane,SleepPowder,RagePowder,Protect|Timid||F|||50|
|showteam|p2|Delphox||Delphoxite|Blaze|Protect,NastyPlot,HeatWave,Psychic|Timid||M|||50|]Incineroar||SitrusBerry|Intimidate|FakeOut,ThroatChop,FlareBlitz,PartingShot|Impish||M|||50|]Kingambit||BlackGlasses|Defiant|Protect,SwordsDance,KowtowCleave,SuckerPunch|Brave||F|||50|]Sinistcha||ColburBerry|Hospitality|Protect,MatchaGotcha,LifeDew,RagePowder|Bold|||||50|]Sneasler||FocusSash|Unburden|FakeOut,Protect,CloseCombat,DireClaw|Adamant||M|||50|]Blastoise||Blastoisinite|RainDish|Protect,ShellSmash,DarkPulse,WaterSpout|Modest||M|||50|
|inactive|Battle timer is ON: inactive players will automatically lose when time's up. (requested by Kyooby)
|inactive|Ceuta Triathlon also wants the timer to be on.
|inactive|Ceuta Triathlon has 60 seconds left.
|inactive|Ceuta Triathlon has 30 seconds left.
|inactive|Ceuta Triathlon has 20 seconds left.
|inactive|Ceuta Triathlon has 15 seconds left.
|
|t:|1786011761
|teamsize|p1|4
|teamsize|p2|4
|start
|switch|p1a: Vivillon|Vivillon, L50, F|100/100
|switch|p1b: Swampert|Swampert, L50, F|100/100
|switch|p2a: Kamaitachi|Sneasler, L50, M|100/100
|switch|p2b: ShellShocker|Blastoise, L50, M|100/100
|turn|1
|
|t:|1786011783
|detailschange|p2b: ShellShocker|Blastoise-Mega, L50, M
|-mega|p2b: ShellShocker|Blastoise|Blastoisinite
|detailschange|p1b: Swampert|Swampert-Mega, L50, F
|-mega|p1b: Swampert|Swampert|Swampertite
|move|p2a: Kamaitachi|Fake Out|p1a: Vivillon
|-damage|p1a: Vivillon|69/100
|cant|p1a: Vivillon|flinch
|move|p2b: ShellShocker|Water Spout|p1b: Swampert|[spread] p1a,p1b
|-damage|p1a: Vivillon|0 fnt
|-damage|p1b: Swampert|42/100
|faint|p1a: Vivillon
|move|p1b: Swampert|Earthquake|p2b: ShellShocker|[spread] p2a,p2b
|-supereffective|p2a: Kamaitachi|1
|-enditem|p2a: Kamaitachi|Focus Sash
|-damage|p2a: Kamaitachi|1/100
|-damage|p2b: ShellShocker|53/100
|
|upkeep
|
|t:|1786011800
|switch|p1a: Archaludon|Archaludon, L50, M|100/100
|turn|2
|inactive|Kyooby has 30 seconds left.
|inactive|Ceuta Triathlon has 30 seconds left.
|
|t:|1786011826
|switch|p2a: Matcha Latte|Sinistcha, L50|100/100
|-heal|p2b: ShellShocker|78/100|[from] ability: Hospitality|[of] p2a: Matcha Latte
|switch|p1a: Politoed|Politoed, L50, M|100/100
|-weather|RainDance|[from] ability: Drizzle|[of] p1a: Politoed
|move|p1b: Swampert|Earthquake|p2a: Matcha Latte|[spread] p1a,p2a,p2b
|-resisted|p2a: Matcha Latte|1
|-crit|p2a: Matcha Latte
|-damage|p1a: Politoed|59/100
|-damage|p2a: Matcha Latte|69/100
|-damage|p2b: ShellShocker|33/100
|move|p2b: ShellShocker|Water Spout|p1b: Swampert|[spread] p1a,p1b
|-resisted|p1a: Politoed|1
|-damage|p1a: Politoed|47/100
|-damage|p1b: Swampert|12/100
|-enditem|p1a: Politoed|Sitrus Berry|[eat]
|-heal|p1a: Politoed|72/100|[from] item: Sitrus Berry
|
|-weather|RainDance|[upkeep]
|upkeep
|turn|3
|inactive|Kyooby has 30 seconds left.
|inactive|Ceuta Triathlon has 30 seconds left.
|
|t:|1786011855
|switch|p2b: Félix elGato|Incineroar, L50, M|100/100
|-ability|p2b: Félix elGato|Intimidate|boost
|-unboost|p1a: Politoed|atk|1
|-unboost|p1b: Swampert|atk|1
|move|p1b: Swampert|Ice Punch|p2a: Matcha Latte
|-supereffective|p2a: Matcha Latte|1
|-damage|p2a: Matcha Latte|37/100
|move|p1a: Politoed|Perish Song|p1a: Politoed
|-start|p1a: Politoed|perish3|[silent]
|-start|p1b: Swampert|perish3|[silent]
|-start|p2a: Matcha Latte|perish3|[silent]
|-start|p2b: Félix elGato|perish3|[silent]
|-fieldactivate|move: Perish Song
|move|p2a: Matcha Latte|Matcha Gotcha|p1b: Swampert|[spread] p1a,p1b
|-supereffective|p1a: Politoed|1
|-supereffective|p1b: Swampert|2
|-damage|p1a: Politoed|38/100
|-heal|p2a: Matcha Latte|57/100|[from] drain|[of] p1a: Politoed
|-damage|p1b: Swampert|0 fnt
|-heal|p2a: Matcha Latte|63/100|[from] drain|[of] p1b: Swampert
|faint|p1b: Swampert
|
|-weather|RainDance|[upkeep]
|-start|p1a: Politoed|perish3
|-start|p2a: Matcha Latte|perish3
|-start|p2b: Félix elGato|perish3
|upkeep
|
|t:|1786011862
|switch|p1b: Archaludon|Archaludon, L50, M|100/100
|turn|4
|inactive|Ceuta Triathlon has 30 seconds left.
|inactive|Ceuta Triathlon has 20 seconds left.
|inactive|Ceuta Triathlon has 15 seconds left.
|inactive|Ceuta Triathlon has 10 seconds left.
|
|t:|1786011910
|move|p2b: Félix elGato|Fake Out|p1a: Politoed
|-damage|p1a: Politoed|28/100
|move|p1b: Archaludon|Electro Shot||[still]
|-prepare|p1b: Archaludon|Electro Shot
|-boost|p1b: Archaludon|spa|1
|-anim|p1b: Archaludon|Electro Shot|p2a: Matcha Latte
|-resisted|p2a: Matcha Latte|1
|-damage|p2a: Matcha Latte|37/100
|cant|p1a: Politoed|flinch
|move|p2a: Matcha Latte|Life Dew||[still]|[spread] p2a,p2b
|-heal|p2a: Matcha Latte|62/100
|-fail|p2b: Félix elGato|heal
|
|-weather|RainDance|[upkeep]
|-start|p1a: Politoed|perish2
|-start|p2a: Matcha Latte|perish2
|-start|p2b: Félix elGato|perish2
|upkeep
|turn|5
|inactive|Ceuta Triathlon has 30 seconds left.
|
|t:|1786011943
|move|p2a: Matcha Latte|Rage Powder|p2a: Matcha Latte
|-singleturn|p2a: Matcha Latte|move: Rage Powder
|move|p1b: Archaludon|Electro Shot||[still]
|-prepare|p1b: Archaludon|Electro Shot
|-boost|p1b: Archaludon|spa|1
|-anim|p1b: Archaludon|Electro Shot|p2a: Matcha Latte
|-resisted|p2a: Matcha Latte|1
|-damage|p2a: Matcha Latte|26/100
|move|p1a: Politoed|Encore|p2a: Matcha Latte
|-start|p2a: Matcha Latte|Encore
|move|p2b: Félix elGato|Parting Shot|p1b: Archaludon
|-unboost|p1b: Archaludon|atk|1
|-unboost|p1b: Archaludon|spa|1
|-message|Kyooby forfeited.
|
|win|Ceuta Triathlon
||Kyooby is ready for game 2.
