|j|☆po1015
|j|☆Moonlight Flutter
|html|po1015Moonlight Flutter    
|uhtml|bestof|Game 2 of a best-of-3
|t:|1783178202
|gametype|doubles
|player|p1|po1015|lady|
|player|p2|Moonlight Flutter|miku-flying|
|gen|9
|tier|[Gen 9 Champions] VGC 2026 Reg M-B (Bo3)
|rule|Species Clause: Limit one of each Pokémon
|rule|Item Clause: Limit 1 of each item
|clearpoke
|poke|p1|Aerodactyl, L50, F|
|poke|p1|Kangaskhan, L50, F|
|poke|p1|Kingambit, L50, F|
|poke|p1|Sylveon, L50, M|
|poke|p1|Torkoal, L50, F|
|poke|p1|Farigiraf, L50, M|
|poke|p2|Sinistcha, L50|
|poke|p2|Incineroar, L50, M|
|poke|p2|Milotic, L50, M|
|poke|p2|Raichu, L50, M|
|poke|p2|Ceruledge, L50, M|
|poke|p2|Mawile, L50, M, shiny|
|teampreview|4
|showteam|p1|Aerodactyl||Aerodactylite|Unnerve|RockSlide,DualWingbeat,Tailwind,Protect|Jolly||F|||50|]Kangaskhan||Kangaskhanite|Scrappy|FakeOut,DoubleEdge,LowKick,IcePunch|Adamant||F|||50|]Kingambit||FocusSash|Defiant|KowtowCleave,SuckerPunch,IronHead,LowKick|Adamant||F|||50|]Sylveon||FairyFeather|Pixilate|HyperVoice,HyperBeam,QuickAttack,Protect|Modest||M|||50|]Torkoal||Charcoal|Drought|Eruption,WeatherBall,HeatWave,Protect|Quiet||F|||50|]Farigiraf||SitrusBerry|ArmorTail|TwinBeam,Thunderbolt,TrickRoom,HelpingHand|Bold||M|||50|
|showteam|p2|Sinistcha||FocusSash|Hospitality|MatchaGotcha,LifeDew,RagePowder,Protect|Relaxed|||||50|]Incineroar||SitrusBerry|Intimidate|FlareBlitz,ThroatChop,FakeOut,PartingShot|Impish||M|||50|]Milotic||Leftovers|Competitive|MuddyWater,Coil,Hypnosis,Protect|Calm||M|||50|]Raichu||RaichuniteY|LightningRod|ZapCannon,FocusBlast,FakeOut,Protect|Timid||M|||50|]Ceruledge||ColburBerry|FlashFire|BitterBlade,ShadowSneak,BulkUp,Protect|Adamant||M|||50|]Mawile||Mawilite|HyperCutter|PlayRough,SuckerPunch,SwordsDance,Protect|Adamant||M|||50|
|inactive|Battle timer is ON: inactive players will automatically lose when time's up. (requested by po1015)
|
|t:|1783178220
|teamsize|p1|4
|teamsize|p2|4
|start
|switch|p1a: Kangaskhan|Kangaskhan, L50, F|100/100
|switch|p1b: Kingambit|Kingambit, L50, F|100/100
|switch|p2a: Mawile|Mawile, L50, M, shiny|100/100
|switch|p2b: Milotic|Milotic, L50, M|100/100
|turn|1
|inactive|po1015 has 30 seconds left.
|
|t:|1783178246
|detailschange|p1a: Kangaskhan|Kangaskhan-Mega, L50, F
|-mega|p1a: Kangaskhan|Kangaskhan|Kangaskhanite
|detailschange|p2a: Mawile|Mawile-Mega, L50, M, shiny
|-mega|p2a: Mawile|Mawile|Mawilite
|move|p1a: Kangaskhan|Fake Out|p2b: Milotic
|-damage|p2b: Milotic|79/100
|-damage|p2b: Milotic|74/100
|-hitcount|p2b: Milotic|2
|cant|p2b: Milotic|flinch
|move|p1b: Kingambit|Iron Head|p2a: Mawile
|-damage|p2a: Mawile|55/100
|move|p2a: Mawile|Play Rough|p1b: Kingambit
|-crit|p1b: Kingambit
|-enditem|p1b: Kingambit|Focus Sash
|-damage|p1b: Kingambit|1/100
|
|-heal|p2b: Milotic|80/100|[from] item: Leftovers
|upkeep
|turn|2
|inactive|po1015 has 30 seconds left.
|inactive|Moonlight Flutter has 30 seconds left.
|
|t:|1783178279
|switch|p1b: Aerodactyl|Aerodactyl, L50, F|100/100
|-ability|p1b: Aerodactyl|Unnerve
|move|p2a: Mawile|Sucker Punch||[still]
|-fail|p2a: Mawile
|move|p1a: Kangaskhan|Double-Edge|p2b: Milotic
|-damage|p2b: Milotic|22/100
|-damage|p2b: Milotic|8/100
|-hitcount|p2b: Milotic|2
|-damage|p1a: Kangaskhan|77/100|[from] Recoil
|move|p2b: Milotic|Coil|p2b: Milotic
|-boost|p2b: Milotic|atk|1
|-boost|p2b: Milotic|def|1
|-boost|p2b: Milotic|accuracy|1
|
|-heal|p2b: Milotic|14/100|[from] item: Leftovers
|upkeep
|turn|3
|
|t:|1783178292
|switch|p2a: Incineroar|Incineroar, L50, M|100/100
|-ability|p2a: Incineroar|Intimidate|boost
|-unboost|p1a: Kangaskhan|atk|1
|-unboost|p1b: Aerodactyl|atk|1
|move|p2b: Milotic|Protect|p2b: Milotic
|-singleturn|p2b: Milotic|Protect
|move|p1b: Aerodactyl|Rock Slide|p2a: Incineroar|[spread] p2a
|-activate|p2b: Milotic|move: Protect
|-supereffective|p2a: Incineroar|1
|-damage|p2a: Incineroar|76/100
|move|p1a: Kangaskhan|Double-Edge|p2a: Incineroar
|-damage|p2a: Incineroar|46/100
|-damage|p2a: Incineroar|38/100
|-hitcount|p2a: Incineroar|2
|-damage|p1a: Kangaskhan|65/100|[from] Recoil
|
|-heal|p2b: Milotic|20/100y|[from] item: Leftovers
|upkeep
|turn|4
|
|t:|1783178312
|move|p2a: Incineroar|Fake Out|p1a: Kangaskhan
|-damage|p1a: Kangaskhan|56/100
|move|p1b: Aerodactyl|Rock Slide|p2b: Milotic|[spread] p2a,p2b
|-supereffective|p2a: Incineroar|1
|-damage|p2a: Incineroar|17/100
|-damage|p2b: Milotic|11/100
|cant|p1a: Kangaskhan|flinch
|move|p2b: Milotic|Muddy Water|p1a: Kangaskhan|[spread] p1a,p1b
|-supereffective|p1b: Aerodactyl|1
|-damage|p1a: Kangaskhan|34/100
|-damage|p1b: Aerodactyl|44/100
|
|-heal|p2b: Milotic|17/100|[from] item: Leftovers
|upkeep
|turn|5
|
|t:|1783178327
|move|p2b: Milotic|Protect|p2b: Milotic
|-singleturn|p2b: Milotic|Protect
|move|p1b: Aerodactyl|Rock Slide|p2a: Incineroar|[spread] p2a
|-activate|p2b: Milotic|move: Protect
|-supereffective|p2a: Incineroar|1
|-damage|p2a: Incineroar|0 fnt
|faint|p2a: Incineroar
|move|p1a: Kangaskhan|Double-Edge|p2b: Milotic
|-activate|p2b: Milotic|move: Protect
|
|-heal|p2b: Milotic|23/100|[from] item: Leftovers
|upkeep
|
|t:|1783178335
|switch|p2a: Mawile|Mawile-Mega, L50, M, shiny|55/100
|turn|6
|
|t:|1783178350
|switch|p1a: Sylveon|Sylveon, L50, M|100/100
|switch|p2b: Ceruledge|Ceruledge, L50, M|100/100
|move|p2a: Mawile|Sucker Punch||[still]
|-fail|p2a: Mawile
|move|p1b: Aerodactyl|Tailwind|p1b: Aerodactyl
|-sidestart|p1: po1015|move: Tailwind
|
|upkeep
|turn|7
|
|t:|1783178368
|switch|p1b: Kangaskhan|Kangaskhan-Mega, L50, F|34/100
|move|p2a: Mawile|Sucker Punch||[still]
|-fail|p2a: Mawile
|move|p1a: Sylveon|Hyper Voice|p2b: Ceruledge|[spread] p2a,p2b
|-resisted|p2a: Mawile|1
|-resisted|p2b: Ceruledge|1
|-damage|p2a: Mawile|31/100
|-damage|p2b: Ceruledge|79/100
|move|p2b: Ceruledge|Bulk Up|p2b: Ceruledge
|-boost|p2b: Ceruledge|atk|1
|-boost|p2b: Ceruledge|def|1
|
|upkeep
|turn|8
|
|t:|1783178382
|move|p2b: Ceruledge|Protect|p2b: Ceruledge
|-singleturn|p2b: Ceruledge|Protect
|move|p2a: Mawile|Protect|p2a: Mawile
|-singleturn|p2a: Mawile|Protect
|move|p1b: Kangaskhan|Ice Punch|p2b: Ceruledge
|-activate|p2b: Ceruledge|move: Protect
|move|p1a: Sylveon|Hyper Voice|p2b: Ceruledge|[spread] 
|-activate|p2a: Mawile|move: Protect
|-activate|p2b: Ceruledge|move: Protect
|
|upkeep
|turn|9
|
|t:|1783178389
|move|p2a: Mawile|Sucker Punch|p1b: Kangaskhan
|-damage|p1b: Kangaskhan|0 fnt
|faint|p1b: Kangaskhan
|move|p1a: Sylveon|Hyper Voice|p2a: Mawile|[spread] p2a,p2b
|-resisted|p2a: Mawile|1
|-resisted|p2b: Ceruledge|1
|-damage|p2a: Mawile|8/100
|-damage|p2b: Ceruledge|56/100
|move|p2b: Ceruledge|Bulk Up|p2b: Ceruledge
|-boost|p2b: Ceruledge|atk|1
|-boost|p2b: Ceruledge|def|1
|
|-sideend|p1: po1015|move: Tailwind
|upkeep
|
|t:|1783178399
|switch|p1b: Aerodactyl|Aerodactyl, L50, F|44/100
|-ability|p1b: Aerodactyl|Unnerve
|turn|10
|inactive|po1015 has 30 seconds left.
|inactive|Moonlight Flutter has 30 seconds left.
|inactive|Moonlight Flutter has 20 seconds left.
|
|t:|1783178439
|move|p2b: Ceruledge|Protect|p2b: Ceruledge
|-singleturn|p2b: Ceruledge|Protect
|move|p1a: Sylveon|Protect|p1a: Sylveon
|-singleturn|p1a: Sylveon|Protect
|move|p1b: Aerodactyl|Tailwind|p1b: Aerodactyl
|-sidestart|p1: po1015|move: Tailwind
|move|p2a: Mawile|Play Rough|p1a: Sylveon
|-activate|p1a: Sylveon|move: Protect
|
|upkeep
|turn|11
|
|t:|1783178462
|switch|p1b: Kingambit|Kingambit, L50, F|1/100
|move|p2a: Mawile|Sucker Punch||[still]
|-fail|p2a: Mawile
|move|p1a: Sylveon|Hyper Voice|p2a: Mawile|[spread] p2a,p2b
|-resisted|p2a: Mawile|1
|-resisted|p2b: Ceruledge|1
|-damage|p2a: Mawile|0 fnt
|-damage|p2b: Ceruledge|34/100
|faint|p2a: Mawile
|move|p2b: Ceruledge|Bitter Blade|p1a: Sylveon
|-damage|p1a: Sylveon|0 fnt
|-heal|p2b: Ceruledge|83/100|[from] drain|[of] p1a: Sylveon
|faint|p1a: Sylveon
|
|upkeep
|
|t:|1783178472
|switch|p1a: Aerodactyl|Aerodactyl, L50, F|44/100
|switch|p2a: Milotic|Milotic, L50, M|23/100
|-ability|p1a: Aerodactyl|Unnerve
|turn|12
|
|t:|1783178481
|move|p1b: Kingambit|Sucker Punch|p2b: Ceruledge
|-supereffective|p2b: Ceruledge|1
|-damage|p2b: Ceruledge|39/100
|move|p2b: Ceruledge|Shadow Sneak|p1a: Aerodactyl
|-damage|p1a: Aerodactyl|0 fnt
|faint|p1a: Aerodactyl
|move|p2a: Milotic|Muddy Water|p1b: Kingambit
|-damage|p1b: Kingambit|0 fnt
|faint|p1b: Kingambit
|
|win|Moonlight Flutter
|c|☆po1015|gg
|c|☆Moonlight Flutter|gg
