|j|☆Mr Donks
|j|☆HER3SJOHNNY
|html|Mr DonksHER3SJOHNNY    
|uhtml|bestof|Game 1 of a best-of-3
|t:|1757016682
|gametype|doubles
|player|p1|Mr Donks|wattson|
|player|p2|HER3SJOHNNY|n|
|gen|9
|tier|[Gen 9] VGC 2025 Reg H (Bo3)
|rule|Species Clause: Limit one of each Pokémon
|rule|Item Clause: Limit 1 of each item
|clearpoke
|poke|p1|Pelipper, L50, M|
|poke|p1|Archaludon, L50, F|
|poke|p1|Sinistcha, L50|
|poke|p1|Ursaluna, L50, M|
|poke|p1|Gholdengo, L50|
|poke|p1|Incineroar, L50, F|
|poke|p2|Incineroar, L50, M|
|poke|p2|Gothitelle, L50, M|
|poke|p2|Murkrow, L50, M|
|poke|p2|Serperior, L50, M|
|poke|p2|Primarina, L50, M|
|poke|p2|Gholdengo, L50|
|teampreview|4
|showteam|p1|Pelipper||FocusSash|Drizzle|WeatherBall,Hurricane,Tailwind,Protect|||M|||50|,,,,,Ground]Archaludon||AssaultVest|Stamina|DragonPulse,ElectroShot,FlashCannon,BodyPress|||F|||50|,,,,,Bug]Sinistcha||SitrusBerry|Hospitality|MatchaGotcha,RagePowder,LifeDew,TrickRoom||||||50|,,,,,Dark]Ursaluna||FlameOrb|Guts|Facade,HeadlongRush,Earthquake,Protect|||M|||50|,,,,,Ghost]Gholdengo||LifeOrb|GoodasGold|MakeItRain,ShadowBall,NastyPlot,Protect||||||50|,,,,,Water]Incineroar||SafetyGoggles|Intimidate|FlareBlitz,KnockOff,FakeOut,PartingShot|||F|||50|,,,,,Ghost
|showteam|p2|Incineroar||SafetyGoggles|Intimidate|KnockOff,Protect,FakeOut,PartingShot|||M|||50|,,,,,Bug]Gothitelle||Leftovers|ShadowTag|FakeOut,Protect,HealPulse,Taunt|||M|||50|,,,,,Dark]Murkrow||FocusSash|Prankster|Tailwind,Haze,PerishSong,Protect|||M|||50|,,,,,Dark]Serperior||LifeOrb|Contrary|LeafStorm,Protect,TeraBlast,GrassPledge|||M|||50|,,,,,Stellar]Primarina|||LiquidVoice|WaterPledge,HyperVoice,CalmMind,Protect|||M|||50|,,,,,Steel]Gholdengo||AirBalloon|GoodasGold|NastyPlot,MakeItRain,ShadowBall,Protect||||||50|,,,,,Normal
|inactive|Battle timer is ON: inactive players will automatically lose when time's up. (requested by Mr Donks)
|inactive|Mr Donks has 60 seconds left.
|c|☆HER3SJOHNNY|good luck
|inactive|Mr Donks has 30 seconds left.
|c|☆Mr Donks|glhf
|inactive|Mr Donks has 20 seconds left.
|inactive|Mr Donks has 15 seconds left.
|
|t:|1757016757
|teamsize|p1|4
|teamsize|p2|4
|start
|switch|p1a: Incineroar|Incineroar, L50, F|100/100
|switch|p1b: Ursaluna|Ursaluna, L50, M|100/100
|switch|p2a: Serperior|Serperior, L50, M|100/100
|switch|p2b: Primarina|Primarina, L50, M|100/100
|-ability|p1a: Incineroar|Intimidate|boost
|-boost|p2a: Serperior|atk|1
|-unboost|p2b: Primarina|atk|1
|turn|1
|c|☆HER3SJOHNNY|thanks you too
|inactive|Mr Donks has 30 seconds left.
|inactive|Mr Donks has 20 seconds left.
|inactive|Mr Donks has 15 seconds left.
|inactive|Mr Donks has 10 seconds left.
|inactive|HER3SJOHNNY has 30 seconds left.
|inactive|Mr Donks has 5 seconds left.
|
|t:|1757016809
|-terastallize|p1b: Ursaluna|Ghost
|move|p1a: Incineroar|Fake Out|p2a: Serperior
|-damage|p2a: Serperior|90/100
|cant|p2a: Serperior|flinch
|move|p1b: Ursaluna|Facade|p2a: Serperior
|-damage|p2a: Serperior|52/100
|move|p2b: Primarina|Water Pledge|p1b: Ursaluna
|-damage|p1b: Ursaluna|56/100
|
|-status|p1b: Ursaluna|brn|[from] item: Flame Orb
|upkeep
|turn|2
|
|t:|1757016833
|switch|p1a: Pelipper|Pelipper, L50, M|100/100
|-weather|RainDance|[from] ability: Drizzle|[of] p1a: Pelipper
|move|p1b: Ursaluna|Protect|p1b: Ursaluna
|-singleturn|p1b: Ursaluna|Protect
|move|p2a: Serperior|Leaf Storm|p1b: Ursaluna
|-activate|p1b: Ursaluna|move: Protect
|move|p2b: Primarina|Hyper Voice|p1b: Ursaluna|[spread] p1a
|-activate|p1b: Ursaluna|move: Protect
|-resisted|p1a: Pelipper
|-damage|p1a: Pelipper|58/100
|
|-weather|RainDance|[upkeep]
|-damage|p1b: Ursaluna|50/100 brn|[from] brn
|upkeep
|turn|3
|
|t:|1757016855
|move|p2a: Serperior|Leaf Storm|p1b: Ursaluna
|-damage|p1b: Ursaluna|8/100 brn
|-boost|p2a: Serperior|spa|2
|-damage|p2a: Serperior|42/100|[from] item: Life Orb
|move|p1a: Pelipper|Tailwind|p1a: Pelipper
|-sidestart|p1: Mr Donks|move: Tailwind
|move|p1b: Ursaluna|Facade|p2b: Primarina
|-damage|p2b: Primarina|0 fnt
|faint|p2b: Primarina
|
|-weather|RainDance|[upkeep]
|-damage|p1b: Ursaluna|2/100 brn|[from] brn
|upkeep
|
|t:|1757016866
|switch|p2b: Murkrow|Murkrow, L50, M|100/100
|turn|4
|
|t:|1757016881
|move|p1b: Ursaluna|Protect|p1b: Ursaluna
|-singleturn|p1b: Ursaluna|Protect
|move|p2b: Murkrow|Tailwind|p2b: Murkrow
|-sidestart|p2: HER3SJOHNNY|move: Tailwind
|move|p2a: Serperior|Leaf Storm|p1b: Ursaluna
|-activate|p1b: Ursaluna|move: Protect
|move|p1a: Pelipper|Hurricane|p2a: Serperior
|-supereffective|p2a: Serperior
|-damage|p2a: Serperior|0 fnt
|faint|p2a: Serperior
|
|-weather|RainDance|[upkeep]
|-damage|p1b: Ursaluna|0 fnt|[from] brn
|faint|p1b: Ursaluna
|upkeep
|
|t:|1757016894
|switch|p2a: Gholdengo|Gholdengo, L50|100/100
|switch|p1b: Archaludon|Archaludon, L50, F|100/100
|-item|p2a: Gholdengo|Air Balloon
|turn|5
|
|t:|1757016903
|move|p2b: Murkrow|Perish Song|p2b: Murkrow
|-start|p1a: Pelipper|perish3|[silent]
|-start|p1b: Archaludon|perish3|[silent]
|-immune|p2a: Gholdengo|[from] ability: Good as Gold
|-start|p2b: Murkrow|perish3|[silent]
|-fieldactivate|move: Perish Song
|move|p2a: Gholdengo|Make It Rain|p1a: Pelipper|[spread] p1a,p1b
|-resisted|p1a: Pelipper
|-resisted|p1b: Archaludon
|-damage|p1a: Pelipper|18/100
|-damage|p1b: Archaludon|79/100
|-unboost|p2a: Gholdengo|spa|1
|-ability|p1b: Archaludon|Stamina|boost
|-boost|p1b: Archaludon|def|1
|move|p1a: Pelipper|Weather Ball|p2a: Gholdengo
|-damage|p2a: Gholdengo|15/100
|-enditem|p2a: Gholdengo|Air Balloon
|move|p1b: Archaludon|Electro Shot||[still]
|-prepare|p1b: Archaludon|Electro Shot
|-boost|p1b: Archaludon|spa|1
|-anim|p1b: Archaludon|Electro Shot|p2a: Gholdengo
|-damage|p2a: Gholdengo|0 fnt
|faint|p2a: Gholdengo
|
|-weather|RainDance|[upkeep]
|-start|p1a: Pelipper|perish3
|-start|p2b: Murkrow|perish3
|-start|p1b: Archaludon|perish3
|upkeep
|turn|6
|c|☆HER3SJOHNNY|gg
|c|☆Mr Donks|gg
|inactive|Mr Donks has 30 seconds left.
|
|t:|1757016930
|move|p2b: Murkrow|Protect|p2b: Murkrow
|-singleturn|p2b: Murkrow|Protect
|move|p1a: Pelipper|Weather Ball|p2b: Murkrow
|-activate|p2b: Murkrow|move: Protect
|move|p1b: Archaludon|Electro Shot||[still]
|-prepare|p1b: Archaludon|Electro Shot
|-boost|p1b: Archaludon|spa|1
|-anim|p1b: Archaludon|Electro Shot|p2b: Murkrow
|-activate|p2b: Murkrow|move: Protect
|
|-weather|none
|-start|p1a: Pelipper|perish2
|-start|p2b: Murkrow|perish2
|-start|p1b: Archaludon|perish2
|-sideend|p1: Mr Donks|move: Tailwind
|upkeep
|turn|7
|
|t:|1757016946
|move|p2b: Murkrow|Haze|p2b: Murkrow
|-clearallboost
|move|p1a: Pelipper|Weather Ball|p2b: Murkrow
|-damage|p2b: Murkrow|82/100
|move|p1b: Archaludon|Electro Shot||[still]
|-prepare|p1b: Archaludon|Electro Shot
|-boost|p1b: Archaludon|spa|1
|
|-start|p2b: Murkrow|perish1
|-start|p1a: Pelipper|perish1
|-start|p1b: Archaludon|perish1
|-sideend|p2: HER3SJOHNNY|move: Tailwind
|upkeep
|turn|8
|
|t:|1757016968
|switch|p1a: Incineroar|Incineroar, L50, F|100/100
|-ability|p1a: Incineroar|Intimidate|boost
|-unboost|p2b: Murkrow|atk|1
|move|p2b: Murkrow|Protect|p2b: Murkrow
|-singleturn|p2b: Murkrow|Protect
|move|p1b: Archaludon|Electro Shot|p2b: Murkrow|[from] lockedmove
|-activate|p2b: Murkrow|move: Protect
|
|-start|p2b: Murkrow|perish0
|-start|p1b: Archaludon|perish0
|faint|p2b: Murkrow
|faint|p1b: Archaludon
|
|win|Mr Donks
||Mr Donks is ready for game 2.
|inactive|HER3SJOHNNY has 30 seconds to confirm battle start!
||HER3SJOHNNY is ready for game 2.
|uhtml|next|Next: Game 2 of 3
|l|☆HER3SJOHNNY
|player|p2|
