|j|Ōśådreepy_volador1
|j|ŌĆĮRegilover2015
|html|dreepy_volador1Regilover2015    
|uhtml|bestof|Game 3 of a best-of-3
|t:|1757723909
|gametype|doubles
|player|p1|dreepy_volador1|102|1123
|player|p2|Regilover2015|hilbert|1227
|gen|9
|tier|[Gen 9] VGC 2025 Reg H (Bo3)
|rated|
|rule|Species Clause: Limit one of each Pok├®mon
|rule|Item Clause: Limit 1 of each item
|clearpoke
|poke|p1|Whimsicott, L50, M|
|poke|p1|Sneasler, L50, M|
|poke|p1|Indeedee, L50, M|
|poke|p1|Annihilape, L50, M|
|poke|p1|Primarina, L50, F|
|poke|p1|Garchomp, L50, F|
|poke|p2|Whimsicott, L50, M|
|poke|p2|Annihilape, L50, M|
|poke|p2|Incineroar, L50, F|
|poke|p2|Rillaboom, L50, M|
|poke|p2|Ursaluna-Bloodmoon, L50, M|
|poke|p2|Dragonite, L50, F|
|teampreview|4
|showteam|p1|Whimsicott||CovertCloak|Prankster|Tailwind,Taunt,Moonblast,BeatUp|||M|||50|,,,,,Fire]Sneasler||PsychicSeed|Unburden|DireClaw,CloseCombat,ThroatChop,Protect|||M|||50|,,,,,Dark]Indeedee||FocusSash|PsychicSurge|ExpandingForce,TeraBlast,Imprison,TrickRoom|||M|||50|,,,,,Fighting]Annihilape||SafetyGoggles|Defiant|RageFist,DrainPunch,BulkUp,Protect|||M|||50|,,,,,Fire]Primarina||LifeOrb|LiquidVoice|HyperVoice,Moonblast,Haze,Protect|||F|||50|,,,,,Poison]Garchomp||ClearAmulet|RoughSkin|DragonClaw,StompingTantrum,Protect,RockSlide|||F|||50|,,,,,Ground
|showteam|p2|Whimsicott||CovertCloak|Prankster|BeatUp,Moonblast,Tailwind,Encore|||M|||50|,,,,,Ghost]Annihilape||SafetyGoggles|Defiant|RageFist,CloseCombat,FinalGambit,Taunt|||M|||50|,,,,,Water]Incineroar||SitrusBerry|Intimidate|FakeOut,KnockOff,FlareBlitz,PartingShot|||F|||50|,,,,,Ghost]Rillaboom||AssaultVest|GrassySurge|FakeOut,GrassyGlide,WoodHammer,HighHorsepower|||M|||50|,,,,,Grass]Ursaluna-Bloodmoon||LifeOrb|MindsEye|HyperVoice,BloodMoon,EarthPower,Protect|||M|||50|,,,,,Fairy]Dragonite||LoadedDice|Multiscale|ScaleShot,Tailwind,Haze,Protect|||F|||50|,,,,,Fairy
|inactive|Battle timer is ON: inactive players will automatically lose when time's up. (requested by dreepy_volador1)
|
|t:|1757723925
|teamsize|p1|4
|teamsize|p2|4
|start
|switch|p1a: PitufoMoreno|Whimsicott, L50, M, shiny|100/100
|switch|p1b: Monkeyded|Annihilape, L50, M|100/100
|switch|p2a: Whimsicott|Whimsicott, L50, M|100/100
|switch|p2b: Annihilape|Annihilape, L50, M|100/100
|turn|1
|
|t:|1757723948
|-terastallize|p2b: Annihilape|Water
|move|p1a: PitufoMoreno|Beat Up|p1b: Monkeyded
|-damage|p1b: Monkeyded|99/100
|-damage|p1b: Monkeyded|96/100
|-damage|p1b: Monkeyded|94/100
|-damage|p1b: Monkeyded|91/100
|-hitcount|p1b: Monkeyded|4
|move|p2a: Whimsicott|Beat Up|p2b: Annihilape
|-damage|p2b: Annihilape|99/100
|-damage|p2b: Annihilape|96/100
|-crit|p2b: Annihilape
|-damage|p2b: Annihilape|91/100
|-damage|p2b: Annihilape|88/100
|-hitcount|p2b: Annihilape|4
|move|p1b: Monkeyded|Rage Fist|p2b: Annihilape
|-damage|p2b: Annihilape|0 fnt
|faint|p2b: Annihilape
|
|upkeep
|
|t:|1757723971
|switch|p2b: Rillaboom|Rillaboom, L50, M|100/100
|-fieldstart|move: Grassy Terrain|[from] ability: Grassy Surge|[of] p2b: Rillaboom
|turn|2
|
|t:|1757723978
|move|p1b: Monkeyded|Protect|p1b: Monkeyded
|-singleturn|p1b: Monkeyded|Protect
|move|p1a: PitufoMoreno|Taunt|p2a: Whimsicott
|-start|p2a: Whimsicott|move: Taunt
|cant|p2a: Whimsicott|move: Taunt|Tailwind
|move|p2b: Rillaboom|Wood Hammer|p1b: Monkeyded
|-activate|p1b: Monkeyded|move: Protect
|
|-heal|p1b: Monkeyded|97/100|[from] Grassy Terrain
|upkeep
|turn|3
|
|t:|1757723998
|-terastallize|p1b: Monkeyded|Fire
|move|p2b: Rillaboom|Grassy Glide|p1b: Monkeyded
|-resisted|p1b: Monkeyded
|-damage|p1b: Monkeyded|78/100
|move|p1a: PitufoMoreno|Moonblast|p2b: Rillaboom
|-damage|p2b: Rillaboom|85/100
|move|p2a: Whimsicott|Moonblast|p1b: Monkeyded
|-resisted|p1b: Monkeyded
|-crit|p1b: Monkeyded
|-damage|p1b: Monkeyded|55/100
|move|p1b: Monkeyded|Rage Fist|p2b: Rillaboom
|-damage|p2b: Rillaboom|0 fnt
|faint|p2b: Rillaboom
|
|-heal|p1b: Monkeyded|61/100|[from] Grassy Terrain
|upkeep
|
|t:|1757724000
|switch|p2b: Dragonite|Dragonite, L50, F|100/100
|turn|4
|
|t:|1757724019
|move|p1b: Monkeyded|Protect|p1b: Monkeyded
|-singleturn|p1b: Monkeyded|Protect
|move|p1a: PitufoMoreno|Taunt|p2b: Dragonite
|-start|p2b: Dragonite|move: Taunt
|move|p2a: Whimsicott|Moonblast|p1b: Monkeyded
|-activate|p1b: Monkeyded|move: Protect
|move|p2b: Dragonite|Scale Shot|p1b: Monkeyded
|-activate|p1b: Monkeyded|move: Protect
|
|-heal|p1b: Monkeyded|67/100|[from] Grassy Terrain
|-end|p2a: Whimsicott|move: Taunt
|upkeep
|turn|5
|
|t:|1757724036
|move|p1a: PitufoMoreno|Tailwind|p1a: PitufoMoreno
|-sidestart|p1: dreepy_volador1|move: Tailwind
|move|p2a: Whimsicott|Encore|p1b: Monkeyded
|-start|p1b: Monkeyded|Encore
|move|p1b: Monkeyded|Protect|p1b: Monkeyded
|-singleturn|p1b: Monkeyded|Protect
|move|p2b: Dragonite|Scale Shot|p1b: Monkeyded
|-activate|p1b: Monkeyded|move: Protect
|
|-heal|p1b: Monkeyded|73/100|[from] Grassy Terrain
|upkeep
|turn|6
|n|ŌśåRegilover2015|regilover2015
|c|ŌśåRegilover2015|man luck is truly a skill huh
|inactive|dreepy_volador1 has 30 seconds left.
|inactive|Regilover2015 has 30 seconds left.
|
|t:|1757724065
|switch|p1b: V4ginator|Indeedee, L50, M|100/100
|-fieldstart|move: Psychic Terrain|[from] ability: Psychic Surge|[of] p1b: V4ginator
|move|p1a: PitufoMoreno|Taunt|p2a: Whimsicott
|-activate|p2a: Whimsicott|move: Psychic Terrain
|move|p2a: Whimsicott|Moonblast|p1a: PitufoMoreno
|-damage|p1a: PitufoMoreno|57/100
|move|p2b: Dragonite|Scale Shot|p1b: V4ginator
|-damage|p1b: V4ginator|69/100
|-damage|p1b: V4ginator|40/100
|-damage|p1b: V4ginator|8/100
|-crit|p1b: V4ginator
|-damage|p1b: V4ginator|0 fnt
|faint|p1b: V4ginator
|-hitcount|p1: V4ginator|4
|-unboost|p2b: Dragonite|def|1
|-boost|p2b: Dragonite|spe|1
|
|-end|p2b: Dragonite|move: Taunt
|upkeep
|
|t:|1757724083
|switch|p1b: Sleeper|Sneasler, L50, M|100/100
|-enditem|p1b: Sleeper|Psychic Seed
|-boost|p1b: Sleeper|spd|1|[from] item: Psychic Seed
|turn|7
|
|t:|1757724097
|move|p2a: Whimsicott|Tailwind|p2a: Whimsicott
|-sidestart|p2: Regilover2015|move: Tailwind
|move|p1b: Sleeper|Dire Claw|p2a: Whimsicott
|-supereffective|p2a: Whimsicott
|-damage|p2a: Whimsicott|0 fnt
|faint|p2a: Whimsicott
|move|p2b: Dragonite|Scale Shot|p1b: Sleeper
|-damage|p1b: Sleeper|77/100
|-damage|p1b: Sleeper|51/100
|-damage|p1b: Sleeper|24/100
|-crit|p1b: Sleeper
|-damage|p1b: Sleeper|0 fnt
|faint|p1b: Sleeper
|-hitcount|p1: Sleeper|4
|-unboost|p2b: Dragonite|def|1
|-boost|p2b: Dragonite|spe|1
|move|p1a: PitufoMoreno|Moonblast|p2b: Dragonite
|-supereffective|p2b: Dragonite
|-damage|p2b: Dragonite|72/100
|
|upkeep
|c|ŌśåRegilover2015|gg
|c|Ōśådreepy_volador1|Gg
|c|ŌśåRegilover2015|luckier players wins ig
|c|Ōśådreepy_volador1|Yeah
|inactive|dreepy_volador1 has 30 seconds left.
|inactive|dreepy_volador1 has 20 seconds left.
|c|Ōśådreepy_volador1|Jugu├® con tu mente
|inactive|dreepy_volador1 has 15 seconds left.
|
|t:|1757724142
|switch|p1b: Monkeyded|Annihilape, L50, M, tera:Fire|73/100
|turn|8
|inactive|Regilover2015 has 30 seconds left.
|c|ŌśåRegilover2015|you didnt? you just got the 50% chance to speed tie twice?
|
|t:|1757724175
|move|p1b: Monkeyded|Protect|p1b: Monkeyded
|-singleturn|p1b: Monkeyded|Protect
|move|p2b: Dragonite|Scale Shot|p1b: Monkeyded
|-activate|p1b: Monkeyded|move: Protect
|move|p1a: PitufoMoreno|Moonblast|p2b: Dragonite
|-supereffective|p2b: Dragonite
|-damage|p2b: Dragonite|15/100
|
|-sideend|p1: dreepy_volador1|move: Tailwind
|upkeep
|turn|9
|c|Ōśådreepy_volador1|As├Ł es el juego
|inactive|dreepy_volador1 has 30 seconds left.
|inactive|dreepy_volador1 has 20 seconds left.
|c|Ōśådreepy_volador1|Tambi├®n he perdido speed tie
|inactive|dreepy_volador1 has 15 seconds left.
|
|t:|1757724217
|move|p2b: Dragonite|Scale Shot|p1b: Monkeyded
|-damage|p1b: Monkeyded|59/100
|-damage|p1b: Monkeyded|43/100
|-damage|p1b: Monkeyded|29/100
|-damage|p1b: Monkeyded|15/100
|-damage|p1b: Monkeyded|0 fnt
|faint|p1b: Monkeyded
|-hitcount|p1: Monkeyded|5
|-unboost|p2b: Dragonite|def|1
|-boost|p2b: Dragonite|spe|1
|move|p1a: PitufoMoreno|Moonblast|p2b: Dragonite
|-supereffective|p2b: Dragonite
|-damage|p2b: Dragonite|0 fnt
|faint|p2b: Dragonite
|
|win|dreepy_volador1
|raw|dreepy_volador1's rating: 1123 → 1155(+32 for winning)
|raw|Regilover2015's rating: 1227 → 1195(-32 for losing)
