|j|☆DaviPlayer94
|j|☆LiteralA
|html|DaviPlayer94LiteralA    
|uhtml|bestof|Game 2 of a best-of-3
|t:|1782327932
|gametype|doubles
|player|p1|DaviPlayer94|lucas|1049
|player|p2|LiteralA|depotagent|1051
|gen|9
|tier|[Gen 9 Champions] VGC 2026 Reg M-B (Bo3)
|rated|
|rule|Species Clause: Limit one of each Pokémon
|rule|Item Clause: Limit 1 of each item
|clearpoke
|poke|p1|Greninja, L50, M|
|poke|p1|Abomasnow, L50, F|
|poke|p1|Gliscor, L50, F|
|poke|p1|Aegislash, L50, M|
|poke|p1|Sinistcha, L50|
|poke|p1|Pyroar, L50, M|
|poke|p2|Swampert, L50, M|
|poke|p2|Charizard, L50, F|
|poke|p2|Dragonite, L50, F|
|poke|p2|Sableye, L50, F|
|poke|p2|Sneasler, L50, M, shiny|
|poke|p2|Basculegion, L50, M|
|teampreview|4
|showteam|p1|Greninja||Greninjite|Protean|Blizzard,DarkPulse,Surf,Protect|Modest||M|||50|]Abomasnow||SitrusBerry|SnowWarning|Blizzard,EnergyBall,IceShard,Protect|Modest||F|||50|]Gliscor||FocusSash|HyperCutter|Tailwind,DualWingbeat,HighHorsepower,Protect|Jolly||F|||50|]Aegislash||SpellTag|StanceChange|KingsShield,Poltergeist,IronHead,ShadowSneak|Adamant||M|||50|]Sinistcha||Leftovers|Hospitality|MatchaGotcha,RagePowder,LifeDew,Protect|Timid|||||50|]Pyroar||Pyroarite|Unnerve|HyperVoice,Yawn,HeatWave,Protect|Timid||M|||50|
|showteam|p2|Swampert||Swampertite|Torrent|Earthquake,WaveCrash,IcePunch,Protect|Adamant||M|||50|]Charizard||CharizarditeY|SolarPower|HeatWave,WeatherBall,SolarBeam,Protect|Modest||F|||50|]Dragonite||RoseliBerry|InnerFocus|Tailwind,BreakingSwipe,ExtremeSpeed,HelpingHand|Jolly||F|||50|]Sableye||FocusSash|Prankster|FoulPlay,Disable,SunnyDay,RainDance|Calm||F|||50|]Sneasler||WhiteHerb|Unburden|FakeOut,RockSlide,CloseCombat,DireClaw|Jolly||M|||50|]Basculegion||SitrusBerry|Adaptability|Protect,AquaJet,LastRespects,WaveCrash|Jolly||M|||50|
|inactive|Battle timer is ON: inactive players will automatically lose when time's up. (requested by LiteralA)
|
|t:|1782327953
|teamsize|p1|4
|teamsize|p2|4
|start
|switch|p1a: Pyroar|Pyroar, L50, M|100/100
|switch|p1b: Gliscor|Gliscor, L50, F|100/100
|switch|p2a: Sableye|Sableye, L50, F|100/100
|switch|p2b: Charizard|Charizard, L50, F|100/100
|-ability|p1a: Pyroar|Unnerve
|turn|1
|
|t:|1782327963
|detailschange|p1a: Pyroar|Pyroar-Mega, L50, M
|-mega|p1a: Pyroar|Pyroar|Pyroarite
|detailschange|p2b: Charizard|Charizard-Mega-Y, L50, F
|-mega|p2b: Charizard|Charizard|Charizardite Y
|-weather|SunnyDay|[from] ability: Drought|[of] p2b: Charizard
|move|p2a: Sableye|Rain Dance|p2a: Sableye
|-weather|RainDance
|move|p1a: Pyroar|Yawn|p2b: Charizard
|-start|p2b: Charizard|move: Yawn|[of] p1a: Pyroar
|move|p1b: Gliscor|Tailwind|p1b: Gliscor
|-sidestart|p1: DaviPlayer94|move: Tailwind
|move|p2b: Charizard|Weather Ball|p1a: Pyroar
|-supereffective|p1a: Pyroar|1
|-damage|p1a: Pyroar|0 fnt
|faint|p1a: Pyroar
|
|-weather|RainDance|[upkeep]
|upkeep
|
|t:|1782327983
|switch|p1a: Aegislash|Aegislash, L50, M|100/100
|turn|2
|
|t:|1782327991
|switch|p2b: Dragonite|Dragonite, L50, F|100/100
|move|p1a: Aegislash|King's Shield|p1a: Aegislash
|-singleturn|p1a: Aegislash|Protect
|move|p2a: Sableye|Sunny Day|p2a: Sableye
|-weather|SunnyDay
|move|p1b: Gliscor|High Horsepower|p2a: Sableye
|-damage|p2a: Sableye|54/100
|
|-weather|SunnyDay|[upkeep]
|upkeep
|turn|3
|
|t:|1782328009
|move|p1b: Gliscor|Dual Wingbeat|p2b: Dragonite
|-damage|p2b: Dragonite|85/100
|-damage|p2b: Dragonite|68/100
|-hitcount|p2b: Dragonite|2
|-formechange|p1a: Aegislash|Aegislash-Blade|
|move|p1a: Aegislash|Poltergeist|p2b: Dragonite|[miss]
|-miss|p1a: Aegislash|p2b: Dragonite
|move|p2b: Dragonite|Tailwind|p2b: Dragonite
|-sidestart|p2: LiteralA|move: Tailwind
|move|p2a: Sableye|Foul Play|p1b: Gliscor
|-crit|p1b: Gliscor
|-damage|p1b: Gliscor|55/100
|
|-weather|SunnyDay|[upkeep]
|upkeep
|turn|4
|inactive|DaviPlayer94 has 30 seconds left.
|inactive|DaviPlayer94 has 20 seconds left.
|inactive|DaviPlayer94 has 15 seconds left.
|inactive|DaviPlayer94 has 10 seconds left.
|inactive|DaviPlayer94 has 5 seconds left.
|
|t:|1782328064
|-formechange|p1a: Aegislash|Aegislash|
|move|p1a: Aegislash|King's Shield|p1a: Aegislash
|-singleturn|p1a: Aegislash|Protect
|move|p2a: Sableye|Disable|p1a: Aegislash
|-start|p1a: Aegislash|Disable|King's Shield
|move|p1b: Gliscor|Tailwind||[still]
|-fail|p1b: Gliscor
|move|p2b: Dragonite|Breaking Swipe|p1b: Gliscor|[spread] p1b
|-activate|p1a: Aegislash|move: Protect
|-unboost|p2b: Dragonite|atk|1
|-damage|p1b: Gliscor|41/100
|
|-weather|SunnyDay|[upkeep]
|-sideend|p1: DaviPlayer94|move: Tailwind
|upkeep
|turn|5
|inactive|DaviPlayer94 has 30 seconds left.
|inactive|LiteralA has 30 seconds left.
|inactive|DaviPlayer94 has 20 seconds left.
|inactive|DaviPlayer94 has 15 seconds left.
|inactive|DaviPlayer94 has 10 seconds left.
|inactive|DaviPlayer94 has 5 seconds left.
|
|t:|1782328120
|move|p2b: Dragonite|Breaking Swipe|p1b: Gliscor|[spread] p1a,p1b
|-resisted|p1a: Aegislash|1
|-damage|p1a: Aegislash|93/100
|-damage|p1b: Gliscor|26/100
|-unboost|p1a: Aegislash|atk|1
|move|p1b: Gliscor|Tailwind|p1b: Gliscor
|-sidestart|p1: DaviPlayer94|move: Tailwind
|-formechange|p1a: Aegislash|Aegislash-Blade|
|move|p1a: Aegislash|Poltergeist|p2b: Dragonite
|-activate|p2b: Dragonite|move: Poltergeist|Roseli Berry
|-damage|p2b: Dragonite|10/100
|move|p2a: Sableye|Foul Play|p1b: Gliscor
|-damage|p1b: Gliscor|0 fnt
|faint|p1b: Gliscor
|
|-weather|SunnyDay|[upkeep]
|upkeep
|inactive|DaviPlayer94 has 30 seconds left.
|inactive|DaviPlayer94 has 20 seconds left.
|inactive|DaviPlayer94 has 15 seconds left.
|inactive|DaviPlayer94 has 10 seconds left.
|inactive|DaviPlayer94 has 5 seconds left.
|
|t:|1782328170
|switch|p1b: Sinistcha|Sinistcha, L50|100/100
|-heal|p1a: Aegislash|100/100|[from] ability: Hospitality|[of] p1b: Sinistcha
|turn|6
|
|t:|1782328186
|move|p2b: Dragonite|Helping Hand|p2a: Sableye
|-singleturn|p2a: Sableye|Helping Hand|[of] p2b: Dragonite
|move|p1b: Sinistcha|Rage Powder|p1b: Sinistcha
|-singleturn|p1b: Sinistcha|move: Rage Powder
|move|p1a: Aegislash|Shadow Sneak|p2b: Dragonite
|-damage|p2b: Dragonite|0 fnt
|faint|p2b: Dragonite
|move|p2a: Sableye|Foul Play|p1b: Sinistcha
|-supereffective|p1b: Sinistcha|1
|-damage|p1b: Sinistcha|34/100
|
|-weather|none
|-heal|p1b: Sinistcha|40/100|[from] item: Leftovers
|-sideend|p2: LiteralA|move: Tailwind
|upkeep
|
|t:|1782328197
|switch|p2b: Charizard|Charizard-Mega-Y, L50, F|100/100
|-weather|SunnyDay|[from] ability: Drought|[of] p2b: Charizard
|turn|7
|
|t:|1782328207
|move|p1a: Aegislash|Shadow Sneak|p2b: Charizard
|-damage|p2b: Charizard|72/100
|move|p1b: Sinistcha|Life Dew||[still]|[spread] p1a,p1b
|-fail|p1a: Aegislash|heal
|-heal|p1b: Sinistcha|65/100
|move|p2b: Charizard|Heat Wave|p1a: Aegislash|[spread] p1a,p1b
|-supereffective|p1a: Aegislash|1
|-supereffective|p1b: Sinistcha|1
|-damage|p1a: Aegislash|0 fnt
|-damage|p1b: Sinistcha|0 fnt
|faint|p1a: Aegislash
|faint|p1b: Sinistcha
|
|win|LiteralA
|raw|DaviPlayer94's rating: 1049 → 1032(-17 for losing)
|raw|LiteralA's rating: 1051 → 1083(+32 for winning)
|c|☆LiteralA|gg
|l|☆DaviPlayer94
|player|p1|
