|j|☆King_shuckle17
|j|☆N.Gunray
|html|King_shuckle17N.Gunray    
|uhtml|bestof|Game 1 of a best-of-3
|t:|1756567805
|gametype|doubles
|player|p1|King_shuckle17|lusamine-masters|1086
|player|p2|N.Gunray|2|1040
|gen|9
|tier|[Gen 9] VGC 2025 Reg H (Bo3)
|rated|
|rule|Species Clause: Limit one of each Pokémon
|rule|Item Clause: Limit 1 of each item
|clearpoke
|poke|p1|Pelipper, L50, F|
|poke|p1|Archaludon, L50, F|
|poke|p1|Incineroar, L50, M|
|poke|p1|Amoonguss, L50, M|
|poke|p1|Grimmsnarl, L50, M|
|poke|p1|Overqwil, L50, F|
|poke|p2|Archaludon, L50, M|
|poke|p2|Pelipper, L50, F|
|poke|p2|Basculegion, L50, M|
|poke|p2|Incineroar, L50, M|
|poke|p2|Kingambit, L50, F|
|poke|p2|Maushold, L50|
|teampreview|4
|showteam|p1|Pelipper||FocusSash|Drizzle|Hurricane,WeatherBall,Tailwind,Protect|||F|||50|,,,,,Ghost]Archaludon||AssaultVest|Stamina|ElectroShot,DragonPulse,FlashCannon,BodyPress|||F|||50|,,,,,Fairy]Incineroar||SitrusBerry|Intimidate|FakeOut,PartingShot,KnockOff,FlareBlitz|||M|||50|,,,,,Grass]Amoonguss||RockyHelmet|Regenerator|RagePowder,Spore,PollenPuff,GigaDrain|||M|||50|,,,,,Dark]Grimmsnarl||LightClay|Prankster|LightScreen,Reflect,SpiritBreak,SuckerPunch|||M|||50|,,,,,Ghost]Overqwil||LifeOrb|SwiftSwim|BarbBarrage,Crunch,Haze,Protect|||F|||50|,,,,,Dragon
|showteam|p2|Archaludon||AssaultVest|Stamina|ElectroShot,FlashCannon,BodyPress,DracoMeteor|||M|||50|,,,,,Electric]Pelipper||FocusSash|Drizzle|Hurricane,Protect,WeatherBall,Tailwind|||F|||50|,,,,,Ghost]Basculegion||ChoiceBand|SwiftSwim|LastRespects,WaveCrash,AquaJet,FlipTurn|||M|||50|,,,,,Steel]Incineroar||SitrusBerry|Intimidate|FakeOut,KnockOff,FlareBlitz,PartingShot|||M|||50|,,,,,Grass]Kingambit||BlackGlasses|Defiant|SuckerPunch,KowtowCleave,Protect,SwordsDance|||F|||50|,,,,,Dark]Maushold||SafetyGoggles|FriendGuard|FollowMe,Protect,BeatUp,Taunt||||||50|,,,,,Fairy
|inactive|Battle timer is ON: inactive players will automatically lose when time's up. (requested by N.Gunray)
|inactive|King_shuckle17 has 60 seconds left.
|inactive|N.Gunray has 60 seconds left.
|
|t:|1756567850
|teamsize|p1|4
|teamsize|p2|4
|start
|switch|p1a: Archaludon|Archaludon, L50, F|100/100
|switch|p1b: Grimmsnarl|Grimmsnarl, L50, M|100/100
|switch|p2a: Maushold|Maushold, L50|100/100
|switch|p2b: Archaludon|Archaludon, L50, M|100/100
|turn|1
|inactive|N.Gunray has 30 seconds left.
|
|t:|1756567876
|-terastallize|p2b: Archaludon|Electric
|-terastallize|p1a: Archaludon|Fairy
|move|p1b: Grimmsnarl|Reflect|p1b: Grimmsnarl
|-sidestart|p1: King_shuckle17|Reflect
|move|p2a: Maushold|Beat Up|p2b: Archaludon
|-damage|p2b: Archaludon|99/100
|-ability|p2b: Archaludon|Stamina|boost
|-boost|p2b: Archaludon|def|1
|-damage|p2b: Archaludon|97/100
|-ability|p2b: Archaludon|Stamina|boost
|-boost|p2b: Archaludon|def|1
|-damage|p2b: Archaludon|96/100
|-ability|p2b: Archaludon|Stamina|boost
|-boost|p2b: Archaludon|def|1
|-damage|p2b: Archaludon|96/100
|-ability|p2b: Archaludon|Stamina|boost
|-boost|p2b: Archaludon|def|1
|-hitcount|p2b: Archaludon|4
|move|p2b: Archaludon|Body Press|p1a: Archaludon
|-resisted|p1a: Archaludon
|-damage|p1a: Archaludon|85/100
|-ability|p1a: Archaludon|Stamina|boost
|-boost|p1a: Archaludon|def|1
|move|p1a: Archaludon|Body Press|p2b: Archaludon
|-damage|p2b: Archaludon|88/100
|-ability|p2b: Archaludon|Stamina|boost
|-boost|p2b: Archaludon|def|1
|
|upkeep
|turn|2
|inactive|N.Gunray has 30 seconds left.
|inactive|N.Gunray has 20 seconds left.
|
|t:|1756567914
|switch|p1a: Overqwil|Overqwil, L50, F|100/100
|move|p2a: Maushold|Follow Me|p2a: Maushold
|-singleturn|p2a: Maushold|move: Follow Me
|move|p1b: Grimmsnarl|Light Screen|p1b: Grimmsnarl
|-sidestart|p1: King_shuckle17|move: Light Screen
|move|p2b: Archaludon|Body Press|p1b: Grimmsnarl
|-damage|p1b: Grimmsnarl|53/100
|
|upkeep
|turn|3
|
|t:|1756567938
|switch|p2a: Incineroar|Incineroar, L50, M|100/100
|-ability|p2a: Incineroar|Intimidate|boost
|-unboost|p1a: Overqwil|atk|1
|-unboost|p1b: Grimmsnarl|atk|1
|move|p2b: Archaludon|Flash Cannon|p1b: Grimmsnarl
|-supereffective|p1b: Grimmsnarl
|-damage|p1b: Grimmsnarl|1/100
|move|p1a: Overqwil|Barb Barrage|p2b: Archaludon
|-damage|p2b: Archaludon|81/100
|-status|p2b: Archaludon|psn
|-ability|p2b: Archaludon|Stamina|boost
|-boost|p2b: Archaludon|def|1
|-damage|p1a: Overqwil|91/100|[from] item: Life Orb
|move|p1b: Grimmsnarl|Spirit Break|p2b: Archaludon
|-damage|p2b: Archaludon|76/100 psn
|-unboost|p2b: Archaludon|spa|1
|
|-damage|p2b: Archaludon|64/100 psn|[from] psn
|upkeep
|turn|4
|
|t:|1756567962
|move|p1a: Overqwil|Protect|p1a: Overqwil
|-singleturn|p1a: Overqwil|Protect
|move|p2a: Incineroar|Fake Out|p1b: Grimmsnarl
|-damage|p1b: Grimmsnarl|0 fnt
|faint|p1b: Grimmsnarl
|move|p2b: Archaludon|Body Press|p1a: Overqwil
|-activate|p1a: Overqwil|move: Protect
|
|-damage|p2b: Archaludon|52/100 psn|[from] psn
|upkeep
|
|t:|1756567969
|switch|p1b: Archaludon|Archaludon, L50, F, tera:Fairy|85/100
|turn|5
|
|t:|1756567979
|move|p2b: Archaludon|Body Press|p1a: Overqwil
|-damage|p1a: Overqwil|32/100
|move|p1b: Archaludon|Dragon Pulse|p2b: Archaludon
|-damage|p2b: Archaludon|8/100 psn
|move|p1a: Overqwil|Haze|p1a: Overqwil
|-clearallboost
|move|p2a: Incineroar|Parting Shot|p1b: Archaludon
|-unboost|p1b: Archaludon|atk|1
|-unboost|p1b: Archaludon|spa|1
|
|t:|1756567997
|switch|p2a: Kingambit|Kingambit, L50, F|100/100|[from] Parting Shot
|
|-damage|p2b: Archaludon|0 fnt|[from] psn
|faint|p2b: Archaludon
|upkeep
|
|t:|1756568005
|switch|p2b: Maushold|Maushold, L50|100/100
|turn|6
|
|t:|1756568015
|move|p2b: Maushold|Follow Me|p2b: Maushold
|-singleturn|p2b: Maushold|move: Follow Me
|move|p1b: Archaludon|Body Press|p2b: Maushold
|-supereffective|p2b: Maushold
|-crit|p2b: Maushold
|-damage|p2b: Maushold|2/100
|move|p1a: Overqwil|Barb Barrage|p2b: Maushold
|-damage|p2b: Maushold|0 fnt
|faint|p2b: Maushold
|-damage|p1a: Overqwil|22/100|[from] item: Life Orb
|move|p2a: Kingambit|Swords Dance|p2a: Kingambit
|-boost|p2a: Kingambit|atk|2
|
|upkeep
|
|t:|1756568027
|switch|p2b: Incineroar|Incineroar, L50, M|100/100
|-ability|p2b: Incineroar|Intimidate|boost
|-unboost|p1a: Overqwil|atk|1
|-unboost|p1b: Archaludon|atk|1
|turn|7
|inactive|N.Gunray has 30 seconds left.
|
|t:|1756568061
|switch|p1b: Pelipper|Pelipper, L50, F|100/100
|-weather|RainDance|[from] ability: Drizzle|[of] p1b: Pelipper
|move|p1a: Overqwil|Protect|p1a: Overqwil
|-singleturn|p1a: Overqwil|Protect
|move|p2b: Incineroar|Fake Out|p1b: Pelipper
|-damage|p1b: Pelipper|90/100
|move|p2a: Kingambit|Swords Dance|p2a: Kingambit
|-boost|p2a: Kingambit|atk|2
|
|-weather|RainDance|[upkeep]
|upkeep
|turn|8
|inactive|N.Gunray has 30 seconds left.
|inactive|N.Gunray has 20 seconds left.
|
|t:|1756568098
|move|p1b: Pelipper|Protect|p1b: Pelipper
|-singleturn|p1b: Pelipper|Protect
|move|p1a: Overqwil|Haze|p1a: Overqwil
|-clearallboost
|move|p2a: Kingambit|Kowtow Cleave|p1b: Pelipper
|-activate|p1b: Pelipper|move: Protect
|move|p2b: Incineroar|Knock Off|p1a: Overqwil
|-resisted|p1a: Overqwil
|-damage|p1a: Overqwil|9/100
|-enditem|p1a: Overqwil|Life Orb|[from] move: Knock Off|[of] p2b: Incineroar
|
|-weather|RainDance|[upkeep]
|-sideend|p1: King_shuckle17|Reflect
|upkeep
|turn|9
|inactive|N.Gunray has 30 seconds left.
|
|t:|1756568124
|move|p1a: Overqwil|Barb Barrage|p2b: Incineroar
|-damage|p2b: Incineroar|73/100
|-status|p2b: Incineroar|psn
|move|p1b: Pelipper|Weather Ball|p2b: Incineroar
|-supereffective|p2b: Incineroar
|-damage|p2b: Incineroar|0 fnt
|faint|p2b: Incineroar
|move|p2a: Kingambit|Swords Dance|p2a: Kingambit
|-boost|p2a: Kingambit|atk|2
|
|-weather|RainDance|[upkeep]
|-sideend|p1: King_shuckle17|move: Light Screen
|upkeep
|turn|10
|inactive|N.Gunray has 30 seconds left.
|
|t:|1756568155
|switch|p1b: Archaludon|Archaludon, L50, F, tera:Fairy|85/100
|move|p1a: Overqwil|Haze|p1a: Overqwil
|-clearallboost
|move|p2a: Kingambit|Kowtow Cleave|p1a: Overqwil
|-resisted|p1a: Overqwil
|-damage|p1a: Overqwil|0 fnt
|faint|p1a: Overqwil
|
|-weather|RainDance|[upkeep]
|upkeep
|
|t:|1756568161
|switch|p1a: Pelipper|Pelipper, L50, F|90/100
|turn|11
|
|t:|1756568176
|move|p1a: Pelipper|Tailwind|p1a: Pelipper
|-sidestart|p1: King_shuckle17|move: Tailwind
|move|p1b: Archaludon|Electro Shot||[still]
|-prepare|p1b: Archaludon|Electro Shot
|-boost|p1b: Archaludon|spa|1
|-anim|p1b: Archaludon|Electro Shot|p2a: Kingambit
|-damage|p2a: Kingambit|34/100
|move|p2a: Kingambit|Swords Dance|p2a: Kingambit
|-boost|p2a: Kingambit|atk|2
|
|-weather|none
|upkeep
|turn|12
|
|t:|1756568189
|move|p2a: Kingambit|Sucker Punch|p1b: Archaludon
|-resisted|p1b: Archaludon
|-damage|p1b: Archaludon|51/100
|-ability|p1b: Archaludon|Stamina|boost
|-boost|p1b: Archaludon|def|1
|move|p1a: Pelipper|Hurricane|p2a: Kingambit
|-resisted|p2a: Kingambit
|-damage|p2a: Kingambit|10/100
|-start|p2a: Kingambit|confusion
|move|p1b: Archaludon|Body Press|p2a: Kingambit
|-supereffective|p2a: Kingambit
|-damage|p2a: Kingambit|0 fnt
|faint|p2a: Kingambit
|
|win|King_shuckle17
||N.Gunray is ready for game 2.
