|j|☆Danidelaserna20
|j|☆WASHINGTONGARGACHA
|html|Danidelaserna20WASHINGTONGARGACHA    
|uhtml|bestof|Game 2 of a best-of-3
|t:|1756467174
|gametype|doubles
|player|p1|Danidelaserna20|buck|1144
|player|p2|WASHINGTONGARGACHA|265|1136
|gen|9
|tier|[Gen 9] VGC 2025 Reg H (Bo3)
|rated|
|rule|Species Clause: Limit one of each Pokémon
|rule|Item Clause: Limit 1 of each item
|clearpoke
|poke|p1|Dragonite, L50, F|
|poke|p1|Gholdengo, L50|
|poke|p1|Rillaboom, L50, M|
|poke|p1|Murkrow, L50, M|
|poke|p1|Arcanine-Hisui, L50, M|
|poke|p1|Annihilape, L50, M|
|poke|p2|Gholdengo, L50|
|poke|p2|Ursaluna, L50, M|
|poke|p2|Archaludon, L50, M|
|poke|p2|Murkrow, L50, F|
|poke|p2|Farigiraf, L50, F|
|poke|p2|Palafin, L50, F|
|teampreview|4
|showteam|p1|Dragonite||LoadedDice|Multiscale|ScaleShot,ExtremeSpeed,Protect,LowKick|||F|||50|,,,,,Fairy]Gholdengo||ChoiceSpecs|GoodasGold|PowerGem,MakeItRain,ShadowBall,Thunderbolt||||||50|,,,,,Steel]Rillaboom||AssaultVest|GrassySurge|FakeOut,DrumBeating,GrassyGlide,HighHorsepower|||M|||50|,,,,,Fire]Murkrow||Eviolite|Prankster|Tailwind,Haze,FoulPlay,Taunt|||M|||50|,,,,,Ghost]Arcanine-Hisui||ClearAmulet|Intimidate|RockSlide,FlareBlitz,ExtremeSpeed,Protect|||M|||50|,,,,,Water]Annihilape||FocusSash|Defiant|CloseCombat,RageFist,Coaching,FinalGambit|||M|||50|,,,,,Stellar
|showteam|p2|Gholdengo||SitrusBerry|GoodasGold|ShadowBall,MakeItRain,NastyPlot,Protect||||||50|,,,,,Water]Ursaluna||FlameOrb|Guts|Facade,Earthquake,Protect,HeadlongRush|||M|||50|,,,,,Ghost]Archaludon||PowerHerb|Stamina|ElectroShot,FlashCannon,DracoMeteor,Protect|||M|||50|,,,,,Grass]Murkrow||Eviolite|Prankster|Tailwind,RainDance,FoulPlay,Haze|||F|||50|,,,,,Dark]Farigiraf||ThroatSpray|ArmorTail|HyperVoice,TrickRoom,Psychic,Protect|||F|||50|,,,,,Fairy]Palafin||MysticWater|ZerotoHero|FlipTurn,Protect,JetPunch,WaveCrash|||F|||50|,,,,,Water
|inactive|Battle timer is ON: inactive players will automatically lose when time's up. (requested by Danidelaserna20)
|
|t:|1756467218
|teamsize|p1|4
|teamsize|p2|4
|start
|switch|p1a: Gholdengo|Gholdengo, L50|100/100
|switch|p1b: Arcanine|Arcanine-Hisui, L50, M, shiny|100/100
|switch|p2a: Murkrow|Murkrow, L50, F|100/100
|switch|p2b: Palafin|Palafin, L50, F|100/100
|-ability|p1b: Arcanine|Intimidate|boost
|-unboost|p2a: Murkrow|atk|1
|-unboost|p2b: Palafin|atk|1
|turn|1
|
|t:|1756467240
|switch|p1b: Rillaboom|Rillaboom, L50, M|100/100
|-fieldstart|move: Grassy Terrain|[from] ability: Grassy Surge|[of] p1b: Rillaboom
|-terastallize|p2b: Palafin|Water
|move|p2b: Palafin|Flip Turn|p1a: Gholdengo
|-damage|p1a: Gholdengo|77/100
|
|t:|1756467248
|detailschange|p2b: Palafin|Palafin-Hero, L50, F, tera:Water
|switch|p2b: Archaludon|Archaludon, L50, M|100/100|[from] Flip Turn
|move|p1a: Gholdengo|Make It Rain|p2b: Archaludon|[spread] p2a,p2b
|-resisted|p2b: Archaludon
|-damage|p2a: Murkrow|41/100
|-damage|p2b: Archaludon|52/100
|-unboost|p1a: Gholdengo|spa|1
|-ability|p2b: Archaludon|Stamina|boost
|-boost|p2b: Archaludon|def|1
|move|p2a: Murkrow|Foul Play|p1a: Gholdengo
|-supereffective|p1a: Gholdengo
|-damage|p1a: Gholdengo|43/100
|
|-heal|p2b: Archaludon|58/100|[from] Grassy Terrain
|-heal|p1a: Gholdengo|49/100|[from] Grassy Terrain
|upkeep
|turn|2
|inactive|Danidelaserna20 has 30 seconds left.
|inactive|WASHINGTONGARGACHA has 30 seconds left.
|inactive|WASHINGTONGARGACHA has 20 seconds left.
|inactive|WASHINGTONGARGACHA has 15 seconds left.
|inactive|WASHINGTONGARGACHA has 10 seconds left.
|
|t:|1756467295
|switch|p1a: Arcanine|Arcanine-Hisui, L50, M, shiny|100/100
|-ability|p1a: Arcanine|Intimidate|boost
|-unboost|p2a: Murkrow|atk|1
|-unboost|p2b: Archaludon|atk|1
|move|p2b: Archaludon|Flash Cannon|p1b: Rillaboom
|-damage|p1b: Rillaboom|75/100
|-unboost|p1b: Rillaboom|spd|1
|move|p1b: Rillaboom|Drum Beating|p2a: Murkrow
|-resisted|p2a: Murkrow
|-damage|p2a: Murkrow|6/100
|-unboost|p2a: Murkrow|spe|1
|move|p2a: Murkrow|Foul Play|p1b: Rillaboom
|-damage|p1b: Rillaboom|26/100
|
|-heal|p2b: Archaludon|64/100|[from] Grassy Terrain
|-heal|p1b: Rillaboom|32/100|[from] Grassy Terrain
|upkeep
|turn|3
|inactive|WASHINGTONGARGACHA has 30 seconds left.
|
|t:|1756467324
|move|p1b: Rillaboom|Grassy Glide|p2a: Murkrow
|-resisted|p2a: Murkrow
|-damage|p2a: Murkrow|0 fnt
|faint|p2a: Murkrow
|move|p1a: Arcanine|Flare Blitz|p2b: Archaludon
|-damage|p2b: Archaludon|30/100
|-ability|p2b: Archaludon|Stamina|boost
|-boost|p2b: Archaludon|def|1
|-damage|p1a: Arcanine|90/100|[from] Recoil
|move|p2b: Archaludon|Electro Shot||[still]
|-prepare|p2b: Archaludon|Electro Shot
|-boost|p2b: Archaludon|spa|1
|-enditem|p2b: Archaludon|Power Herb
|-anim|p2b: Archaludon|Electro Shot|p1a: Arcanine
|-damage|p1a: Arcanine|9/100
|
|-heal|p1a: Arcanine|15/100|[from] Grassy Terrain
|-heal|p2b: Archaludon|36/100|[from] Grassy Terrain
|-heal|p1b: Rillaboom|38/100|[from] Grassy Terrain
|upkeep
|
|t:|1756467340
|switch|p2a: Palafin|Palafin-Hero, L50, F, tera:Water|100/100
|-activate|p2a: Palafin|ability: Zero to Hero
|turn|4
|
|t:|1756467365
|switch|p1b: Annihilape|Annihilape, L50, M|100/100
|move|p1a: Arcanine|Protect|p1a: Arcanine
|-singleturn|p1a: Arcanine|Protect
|move|p2a: Palafin|Jet Punch|p1a: Arcanine
|-activate|p1a: Arcanine|move: Protect
|move|p2b: Archaludon|Flash Cannon|p1b: Annihilape
|-damage|p1b: Annihilape|42/100
|
|-heal|p1b: Annihilape|48/100|[from] Grassy Terrain
|-heal|p1a: Arcanine|21/100|[from] Grassy Terrain
|-heal|p2b: Archaludon|42/100|[from] Grassy Terrain
|upkeep
|turn|5
|inactive|WASHINGTONGARGACHA has 30 seconds left.
|
|t:|1756467395
|switch|p1a: Gholdengo|Gholdengo, L50|49/100
|move|p2a: Palafin|Jet Punch|p1a: Gholdengo
|-damage|p1a: Gholdengo|0 fnt
|faint|p1a: Gholdengo
|move|p1b: Annihilape|Close Combat|p2b: Archaludon
|-supereffective|p2b: Archaludon
|-damage|p2b: Archaludon|4/100
|-unboost|p1b: Annihilape|def|1
|-unboost|p1b: Annihilape|spd|1
|-ability|p2b: Archaludon|Stamina|boost
|-boost|p2b: Archaludon|def|1
|move|p2b: Archaludon|Flash Cannon|p1b: Annihilape
|-damage|p1b: Annihilape|0 fnt
|faint|p1b: Annihilape
|
|-heal|p2b: Archaludon|10/100|[from] Grassy Terrain
|-fieldend|move: Grassy Terrain
|upkeep
|
|t:|1756467408
|switch|p1b: Rillaboom|Rillaboom, L50, M|38/100
|switch|p1a: Arcanine|Arcanine-Hisui, L50, M, shiny|21/100
|-ability|p1a: Arcanine|Intimidate|boost
|-unboost|p2a: Palafin|atk|1
|-unboost|p2b: Archaludon|atk|1
|-fieldstart|move: Grassy Terrain|[from] ability: Grassy Surge|[of] p1b: Rillaboom
|turn|6
|
|t:|1756467417
|move|p2a: Palafin|Protect|p2a: Palafin
|-singleturn|p2a: Palafin|Protect
|move|p2b: Archaludon|Protect|p2b: Archaludon
|-singleturn|p2b: Archaludon|Protect
|move|p1b: Rillaboom|Fake Out|p2a: Palafin
|-activate|p2a: Palafin|move: Protect
|move|p1a: Arcanine|Flare Blitz|p2b: Archaludon
|-activate|p2b: Archaludon|move: Protect
|
|-heal|p1a: Arcanine|27/100|[from] Grassy Terrain
|-heal|p2b: Archaludon|16/100|[from] Grassy Terrain
|-heal|p1b: Rillaboom|44/100|[from] Grassy Terrain
|upkeep
|turn|7
|inactive|WASHINGTONGARGACHA has 30 seconds left.
|inactive|WASHINGTONGARGACHA has 20 seconds left.
|
|t:|1756467452
|move|p1a: Arcanine|Protect|p1a: Arcanine
|-singleturn|p1a: Arcanine|Protect
|move|p2a: Palafin|Jet Punch|p1a: Arcanine
|-activate|p1a: Arcanine|move: Protect
|move|p2b: Archaludon|Draco Meteor|p1b: Rillaboom
|-damage|p1b: Rillaboom|0 fnt
|-unboost|p2b: Archaludon|spa|2
|faint|p1b: Rillaboom
|
|-heal|p1a: Arcanine|33/100|[from] Grassy Terrain
|-heal|p2b: Archaludon|22/100|[from] Grassy Terrain
|upkeep
|turn|8
|-message|Danidelaserna20 forfeited.
|
|win|WASHINGTONGARGACHA
