|j|☆testdigi
|j|☆1Manuel1410
|html|testdigi1Manuel1410    
|uhtml|bestof|Game 2 of a best-of-3
|t:|1785324506
|gametype|doubles
|player|p1|testdigi|169|1150
|player|p2|1Manuel1410|pokemaniac|1241
|gen|9
|tier|[Gen 9 Champions] VGC 2026 Reg M-B (Bo3)
|rated|
|rule|Species Clause: Limit one of each Pokémon
|rule|Item Clause: Limit 1 of each item
|clearpoke
|poke|p1|Tyranitar, L50, F|
|poke|p1|Excadrill, L50, F|
|poke|p1|Gholdengo, L50, shiny|
|poke|p1|Milotic, L50, F, shiny|
|poke|p1|Sinistcha, L50|
|poke|p1|Staraptor, L50, M|
|poke|p2|Staraptor, L50, F|
|poke|p2|Whimsicott, L50, M|
|poke|p2|Primarina, L50, M|
|poke|p2|Maushold, L50|
|poke|p2|Delphox, L50, M|
|poke|p2|Sneasler, L50, F|
|teampreview|4
|showteam|p1|Tyranitar||Tyranitarite|SandStream|RockSlide,KnockOff,LowKick,Protect|Jolly||F|||50|]Excadrill||FocusSash|SandRush|HighHorsepower,IronHead,RockSlide,Protect|Adamant||F|||50|]Gholdengo||LifeOrb|GoodasGold|ShadowBall,MakeItRain,NastyPlot,Protect|Modest|||||50|]Milotic||SitrusBerry|Competitive|Scald,IceBeam,IcyWind,Protect|Calm||F|||50|]Sinistcha||ColburBerry|Hospitality|MatchaGotcha,ShadowBall,RagePowder,Protect|Bold|||||50|]Staraptor||Staraptite|Intimidate|CloseCombat,BraveBird,Tailwind,Protect|Jolly||M|||50|
|showteam|p2|Staraptor||Staraptite|Intimidate|Protect,Roost,CloseCombat,DualWingbeat|Jolly||F|||50|]Whimsicott||FocusSash|Prankster|Tailwind,Charm,Moonblast,LightScreen|Timid||M|||50|]Primarina||Leftovers|LiquidVoice|Protect,CalmMind,HyperVoice,Moonblast|Calm||M|||50|]Maushold||WideLens|FriendGuard|Protect,FollowMe,Charm,PopulationBomb|Jolly|||||50|]Delphox||Delphoxite|Blaze|Psychic,HeatWave,NastyPlot,Protect|Timid||M|||50|]Sneasler||WhiteHerb|Unburden|FakeOut,CloseCombat,DireClaw,Protect|Adamant||F|||50|
|inactive|Battle timer is ON: inactive players will automatically lose when time's up. (requested by 1Manuel1410)
|inactive|testdigi has 60 seconds left.
|
|t:|1785324537
|teamsize|p1|4
|teamsize|p2|4
|start
|switch|p1a: Gholdengo|Gholdengo, L50, shiny|100/100
|switch|p1b: Staraptor|Staraptor, L50, M|100/100
|switch|p2a: Staraptor|Staraptor, L50, F|100/100
|switch|p2b: Whimsicott|Whimsicott, L50, M|100/100
|-ability|p2a: Staraptor|Intimidate|boost
|-unboost|p1a: Gholdengo|atk|1
|-unboost|p1b: Staraptor|atk|1
|-ability|p1b: Staraptor|Intimidate|boost
|-unboost|p2a: Staraptor|atk|1
|-unboost|p2b: Whimsicott|atk|1
|turn|1
|
|t:|1785324553
|switch|p2a: Primarina|Primarina, L50, M|100/100
|detailschange|p1b: Staraptor|Staraptor-Mega, L50, M
|-mega|p1b: Staraptor|Staraptor|Staraptite
|move|p2b: Whimsicott|Tailwind|p2b: Whimsicott
|-sidestart|p2: 1Manuel1410|move: Tailwind
|move|p1b: Staraptor|Tailwind|p1b: Staraptor
|-sidestart|p1: testdigi|move: Tailwind
|move|p1a: Gholdengo|Nasty Plot|p1a: Gholdengo
|-boost|p1a: Gholdengo|spa|2
|
|upkeep
|turn|2
|
|t:|1785324570
|move|p1b: Staraptor|Protect|p1b: Staraptor
|-singleturn|p1b: Staraptor|Protect
|move|p2b: Whimsicott|Light Screen|p2b: Whimsicott
|-sidestart|p2: 1Manuel1410|move: Light Screen
|move|p1a: Gholdengo|Nasty Plot|p1a: Gholdengo
|-boost|p1a: Gholdengo|spa|2
|move|p2a: Primarina|Hyper Voice|p1a: Gholdengo|[spread] p1a
|-activate|p1b: Staraptor|move: Protect
|-damage|p1a: Gholdengo|68/100
|
|upkeep
|turn|3
|
|t:|1785324586
|switch|p1b: Milotic|Milotic, L50, F, shiny|100/100
|move|p2b: Whimsicott|Moonblast|p1b: Milotic
|-damage|p1b: Milotic|80/100
|move|p1a: Gholdengo|Make It Rain|p2a: Primarina|[spread] p2a,p2b
|-supereffective|p2b: Whimsicott|1
|-damage|p2a: Primarina|1/100
|-enditem|p2b: Whimsicott|Focus Sash
|-damage|p2b: Whimsicott|1/100
|-unboost|p1a: Gholdengo|spa|2
|-damage|p1a: Gholdengo|58/100|[from] item: Life Orb
|move|p2a: Primarina|Moonblast|p1b: Milotic
|-damage|p1b: Milotic|52/100
|
|-heal|p2a: Primarina|6/100|[from] item: Leftovers
|upkeep
|turn|4
|
|t:|1785324610
|move|p2a: Primarina|Protect|p2a: Primarina
|-singleturn|p2a: Primarina|Protect
|move|p2b: Whimsicott|Moonblast|p1b: Milotic
|-damage|p1b: Milotic|34/100
|-enditem|p1b: Milotic|Sitrus Berry|[eat]
|-heal|p1b: Milotic|59/100|[from] item: Sitrus Berry
|move|p1a: Gholdengo|Shadow Ball|p2a: Primarina
|-activate|p2a: Primarina|move: Protect
|move|p1b: Milotic|Icy Wind|p2a: Primarina|[spread] p2b
|-activate|p2a: Primarina|move: Protect
|-supereffective|p2b: Whimsicott|1
|-damage|p2b: Whimsicott|0 fnt
|faint|p2b: Whimsicott
|
|-heal|p2a: Primarina|12/100|[from] item: Leftovers
|-sideend|p2: 1Manuel1410|move: Tailwind
|-sideend|p1: testdigi|move: Tailwind
|upkeep
|
|t:|1785324620
|switch|p2b: Delphox|Delphox, L50, M|100/100
|turn|5
|
|t:|1785324637
|detailschange|p2b: Delphox|Delphox-Mega, L50, M
|-mega|p2b: Delphox|Delphox|Delphoxite
|move|p1a: Gholdengo|Protect|p1a: Gholdengo
|-singleturn|p1a: Gholdengo|Protect
|move|p2b: Delphox|Heat Wave|p1a: Gholdengo|[spread] p1b
|-activate|p1a: Gholdengo|move: Protect
|-resisted|p1b: Milotic|1
|-damage|p1b: Milotic|45/100
|move|p1b: Milotic|Icy Wind|p2b: Delphox|[spread] p2a,p2b
|-resisted|p2a: Primarina|1
|-resisted|p2b: Delphox|1
|-damage|p2a: Primarina|9/100
|-damage|p2b: Delphox|96/100
|-unboost|p2a: Primarina|spe|1
|-unboost|p2b: Delphox|spe|1
|move|p2a: Primarina|Calm Mind|p2a: Primarina
|-boost|p2a: Primarina|spa|1
|-boost|p2a: Primarina|spd|1
|
|-heal|p2a: Primarina|15/100|[from] item: Leftovers
|upkeep
|turn|6
|inactive|testdigi has 30 seconds left.
|
|t:|1785324663
|switch|p2b: Staraptor|Staraptor, L50, F|100/100
|-ability|p2b: Staraptor|Intimidate|boost
|-unboost|p1a: Gholdengo|atk|1
|-unboost|p1b: Milotic|atk|1
|-ability|p1b: Milotic|Competitive|boost
|-boost|p1b: Milotic|spa|2
|move|p1a: Gholdengo|Shadow Ball|p2b: Staraptor
|-immune|p2b: Staraptor
|move|p1b: Milotic|Icy Wind|p2a: Primarina|[spread] p2a,p2b
|-resisted|p2a: Primarina|1
|-supereffective|p2b: Staraptor|1
|-damage|p2a: Primarina|11/100
|-damage|p2b: Staraptor|53/100
|-unboost|p2a: Primarina|spe|1
|-unboost|p2b: Staraptor|spe|1
|move|p2a: Primarina|Hyper Voice|p1b: Milotic|[spread] p1a,p1b
|-resisted|p1b: Milotic|1
|-damage|p1a: Gholdengo|3/100
|-damage|p1b: Milotic|32/100
|
|-heal|p2a: Primarina|17/100|[from] item: Leftovers
|-sideend|p2: 1Manuel1410|move: Light Screen
|upkeep
|turn|7
|inactive|1Manuel1410 has 30 seconds left.
|
|t:|1785324695
|move|p1b: Milotic|Protect|p1b: Milotic
|-singleturn|p1b: Milotic|Protect
|move|p2a: Primarina|Protect|p2a: Primarina
|-singleturn|p2a: Primarina|Protect
|move|p1a: Gholdengo|Make It Rain|p2b: Staraptor|[spread] p2b
|-activate|p2a: Primarina|move: Protect
|-damage|p2b: Staraptor|0 fnt
|-unboost|p1a: Gholdengo|spa|2
|faint|p2b: Staraptor
|-damage|p1a: Gholdengo|0 fnt|[from] item: Life Orb
|faint|p1a: Gholdengo
|
|-heal|p2a: Primarina|23/100|[from] item: Leftovers
|upkeep
|
|t:|1785324703
|switch|p2b: Delphox|Delphox-Mega, L50, M|96/100
|switch|p1a: Tyranitar|Tyranitar, L50, F|100/100
|-weather|Sandstorm|[from] ability: Sand Stream|[of] p1a: Tyranitar
|turn|8
|
|t:|1785324721
|move|p1a: Tyranitar|Protect|p1a: Tyranitar
|-singleturn|p1a: Tyranitar|Protect
|move|p2b: Delphox|Psychic|p1b: Milotic
|-damage|p1b: Milotic|0 fnt
|faint|p1b: Milotic
|move|p2a: Primarina|Hyper Voice|p1a: Tyranitar
|-activate|p1a: Tyranitar|move: Protect
|
|-weather|Sandstorm|[upkeep]
|-damage|p2b: Delphox|90/100|[from] Sandstorm
|-damage|p2a: Primarina|17/100|[from] Sandstorm
|-heal|p2a: Primarina|23/100|[from] item: Leftovers
|upkeep
|
|t:|1785324725
|switch|p1b: Staraptor|Staraptor-Mega, L50, M|100/100
|turn|9
|inactive|testdigi has 30 seconds left.
|
|t:|1785324757
|move|p1b: Staraptor|Protect|p1b: Staraptor
|-singleturn|p1b: Staraptor|Protect
|move|p2b: Delphox|Psychic|p1b: Staraptor
|-activate|p1b: Staraptor|move: Protect
|move|p1a: Tyranitar|Knock Off|p2b: Delphox
|-supereffective|p2b: Delphox|1
|-damage|p2b: Delphox|0 fnt
|faint|p2b: Delphox
|move|p2a: Primarina|Hyper Voice|p1b: Staraptor|[spread] p1a
|-activate|p1b: Staraptor|move: Protect
|-supereffective|p1a: Tyranitar|1
|-crit|p1a: Tyranitar
|-damage|p1a: Tyranitar|14/100
|
|-weather|Sandstorm|[upkeep]
|-damage|p1b: Staraptor|94/100|[from] Sandstorm
|-damage|p2a: Primarina|17/100|[from] Sandstorm
|-heal|p2a: Primarina|23/100|[from] item: Leftovers
|upkeep
|turn|10
|
|t:|1785324775
|move|p1b: Staraptor|Close Combat|p2a: Primarina
|-resisted|p2a: Primarina|1
|-damage|p2a: Primarina|0 fnt
|-boost|p1b: Staraptor|def|1
|-boost|p1b: Staraptor|spd|1
|faint|p2a: Primarina
|
|win|testdigi
||testdigi is ready for game 3.
||1Manuel1410 is ready for game 3.
|uhtml|next|Next: Game 3 of 3
