|j|☆ElTortacolis
|j|☆underlinegui
|html|ElTortacolisunderlinegui    
|uhtml|bestof|Game 1 of a best-of-3
|t:|1784161744
|gametype|doubles
|player|p1|ElTortacolis|li|1000
|player|p2|underlinegui|266|1118
|gen|9
|tier|[Gen 9 Champions] VGC 2026 Reg M-B (Bo3)
|rated|
|rule|Species Clause: Limit one of each Pokémon
|rule|Item Clause: Limit 1 of each item
|clearpoke
|poke|p1|Scolipede, L50, F|
|poke|p1|Maushold-Four, L50|
|poke|p1|Furfrou-Dandy, L50, F, shiny|
|poke|p1|Farigiraf, L50, F|
|poke|p1|Gallade, L50, M|
|poke|p1|Sinistcha, L50|
|poke|p2|Swampert, L50, F|
|poke|p2|Mawile, L50, F|
|poke|p2|Pelipper, L50, F|
|poke|p2|Archaludon, L50, F|
|poke|p2|Grimmsnarl, L50, M|
|poke|p2|Farigiraf, L50, M|
|teampreview|4
|showteam|p1|Scolipede||FocusSash|SpeedBoost|BatonPass,SwordsDance,Protect,PoisonJab|Jolly||F|||50|]Maushold-Four||WideLens|Technician|FollowMe,RainDance,PopulationBomb,Protect|Careful|||||50|]Furfrou-Dandy||LifeOrb|FurCoat|CottonGuard,DoubleEdge,IceFang,WildCharge|Careful||F|||50|]Farigiraf||SitrusBerry|ArmorTail|TrickRoom,EnergyBall,Thunderbolt,Psychic|Quiet||F|||50|]Gallade||Galladite|Steadfast|PsychUp,Earthquake,DrainPunch,KnockOff|Adamant||M|||50|]Sinistcha||Leftovers|Hospitality|RagePowder,MatchaGotcha,LifeDew,TrickRoom|Quiet|||||50|
|showteam|p2|Swampert||Swampertite|Damp|Protect,IcePunch,WaveCrash,Earthquake|Adamant||F|||50|]Mawile||Mawilite|Intimidate|Protect,RockSlide,IronHead,PlayRough|Adamant||F|||50|]Pelipper||FocusSash|Drizzle|Tailwind,WideGuard,WeatherBall,Hurricane|Modest||F|||50|]Archaludon||Leftovers|Stamina|Protect,ElectroShot,FlashCannon,DragonPulse|Modest||F|||50|]Grimmsnarl||RoseliBerry|Prankster|FakeOut,FoulPlay,PartingShot,LightScreen|Careful||M|||50|]Farigiraf||SitrusBerry|ArmorTail|HelpingHand,TrickRoom,Psychic,Thunderbolt|Bold||M|||50|
|inactive|Battle timer is ON: inactive players will automatically lose when time's up. (requested by underlinegui)
|
|t:|1784161774
|teamsize|p1|4
|teamsize|p2|4
|start
|switch|p1a: Scolipede|Scolipede, L50, F|100/100
|switch|p1b: Maushold|Maushold-Four, L50|100/100
|switch|p2a: Grimmsnarl|Grimmsnarl, L50, M|100/100
|switch|p2b: Archaludon|Archaludon, L50, F|100/100
|turn|1
|
|t:|1784161796
|switch|p2b: Pelipper|Pelipper, L50, F|100/100
|-weather|RainDance|[from] ability: Drizzle|[of] p2b: Pelipper
|move|p1a: Scolipede|Protect|p1a: Scolipede
|-singleturn|p1a: Scolipede|Protect
|move|p2a: Grimmsnarl|Fake Out|p1b: Maushold
|-damage|p1b: Maushold|88/100
|cant|p1b: Maushold|flinch
|
|-weather|RainDance|[upkeep]
|-ability|p1a: Scolipede|Speed Boost|boost
|-boost|p1a: Scolipede|spe|1
|upkeep
|turn|2
|inactive|ElTortacolis has 30 seconds left.
|
|t:|1784161823
|move|p1b: Maushold|Follow Me|p1b: Maushold
|-singleturn|p1b: Maushold|move: Follow Me
|move|p2a: Grimmsnarl|Parting Shot|p1b: Maushold
|-unboost|p1b: Maushold|atk|1
|-unboost|p1b: Maushold|spa|1
|inactive|underlinegui has 30 seconds left.
|inactive|underlinegui has 20 seconds left.
|inactive|underlinegui has 15 seconds left.
|inactive|underlinegui has 10 seconds left.
|
|t:|1784161871
|switch|p2a: Mawile|Mawile, L50, F|100/100|[from] Parting Shot
|-ability|p2a: Mawile|Intimidate|boost
|-unboost|p1a: Scolipede|atk|1
|-unboost|p1b: Maushold|atk|1
|move|p1a: Scolipede|Swords Dance|p1a: Scolipede
|-boost|p1a: Scolipede|atk|2
|move|p2b: Pelipper|Hurricane|p1b: Maushold
|-damage|p1b: Maushold|28/100
|-start|p1b: Maushold|confusion
|
|-weather|RainDance|[upkeep]
|-ability|p1a: Scolipede|Speed Boost|boost
|-boost|p1a: Scolipede|spe|1
|upkeep
|turn|3
|inactive|ElTortacolis has 30 seconds left.
|
|t:|1784161899
|switch|p2b: Archaludon|Archaludon, L50, F|100/100
|detailschange|p2a: Mawile|Mawile-Mega, L50, F
|-mega|p2a: Mawile|Mawile|Mawilite
|-activate|p1b: Maushold|confusion
|-damage|p1b: Maushold|23/100|[from] confusion
|move|p1a: Scolipede|Swords Dance|p1a: Scolipede
|-boost|p1a: Scolipede|atk|2
|move|p2a: Mawile|Rock Slide|p1b: Maushold|[spread] p1a,p1b
|-supereffective|p1a: Scolipede|1
|-damage|p1a: Scolipede|20/100r
|-damage|p1b: Maushold|0 fnt
|faint|p1b: Maushold
|
|-weather|RainDance|[upkeep]
|-ability|p1a: Scolipede|Speed Boost|boost
|-boost|p1a: Scolipede|spe|1
|upkeep
|inactive|ElTortacolis has 30 seconds left.
|
|t:|1784161928
|switch|p1b: Gallade|Gallade, L50, M|100/100
|turn|4
|
|t:|1784161935
|switch|p1b: Furfrou|Furfrou-Dandy, L50, F, shiny|100/100
|move|p2b: Archaludon|Protect|p2b: Archaludon
|-singleturn|p2b: Archaludon|Protect
|move|p1a: Scolipede|Baton Pass|p1a: Scolipede
|
|t:|1784161945
|switch|p1a: Gallade|Gallade, L50, M|100/100|[from] Baton Pass
|move|p2a: Mawile|Play Rough|p1b: Furfrou
|-damage|p1b: Furfrou|31/100
|
|-weather|RainDance|[upkeep]
|upkeep
|turn|5
|inactive|ElTortacolis has 30 seconds left.
|
|t:|1784161974
|switch|p2b: Pelipper|Pelipper, L50, F|100/100
|move|p1a: Gallade|Earthquake|p2a: Mawile|[spread] p1b,p2a
|-immune|p2b: Pelipper
|-supereffective|p2a: Mawile|1
|-damage|p1b: Furfrou|0 fnt
|-damage|p2a: Mawile|0 fnt
|faint|p1b: Furfrou
|faint|p2a: Mawile
|
|-weather|none
|upkeep
|
|t:|1784161985
|switch|p1b: Scolipede|Scolipede, L50, F|20/100r
|switch|p2a: Grimmsnarl|Grimmsnarl, L50, M|100/100
|turn|6
|
|t:|1784162002
|detailschange|p1a: Gallade|Gallade-Mega, L50, M
|-mega|p1a: Gallade|Gallade|Galladite
|move|p2a: Grimmsnarl|Fake Out|p1a: Gallade
|-damage|p1a: Gallade|85/100
|move|p1a: Gallade|Knock Off|p2b: Pelipper
|-enditem|p2b: Pelipper|Focus Sash
|-damage|p2b: Pelipper|1/100
|move|p1b: Scolipede|Poison Jab|p2a: Grimmsnarl
|-supereffective|p2a: Grimmsnarl|1
|-damage|p2a: Grimmsnarl|37/100
|-status|p2a: Grimmsnarl|psn
|move|p2b: Pelipper|Hurricane|p1a: Gallade
|-supereffective|p1a: Gallade|1
|-damage|p1a: Gallade|0 fnt
|faint|p1a: Gallade
|
|-damage|p2a: Grimmsnarl|25/100 psn|[from] psn
|-ability|p1b: Scolipede|Speed Boost|boost
|-boost|p1b: Scolipede|spe|1
|upkeep
|turn|7
|
|t:|1784162021
|switch|p2b: Archaludon|Archaludon, L50, F|100/100
|move|p2a: Grimmsnarl|Parting Shot|p1b: Scolipede
|-unboost|p1b: Scolipede|atk|1
|-unboost|p1b: Scolipede|spa|1
|
|t:|1784162026
|switch|p2a: Pelipper|Pelipper, L50, F|1/100|[from] Parting Shot
|-weather|RainDance|[from] ability: Drizzle|[of] p2a: Pelipper
|move|p1b: Scolipede|Poison Jab|p2a: Pelipper
|-damage|p2a: Pelipper|0 fnt
|faint|p2a: Pelipper
|
|-weather|RainDance|[upkeep]
|-ability|p1b: Scolipede|Speed Boost|boost
|-boost|p1b: Scolipede|spe|1
|upkeep
|
|t:|1784162032
|switch|p2a: Grimmsnarl|Grimmsnarl, L50, M|25/100 psn
|turn|8
|
|t:|1784162041
|move|p2a: Grimmsnarl|Parting Shot|p1b: Scolipede
|-unboost|p1b: Scolipede|atk|1
|-unboost|p1b: Scolipede|spa|1
|move|p1b: Scolipede|Poison Jab|p2a: Grimmsnarl
|-supereffective|p2a: Grimmsnarl|1
|-damage|p2a: Grimmsnarl|0 fnt
|faint|p2a: Grimmsnarl
|move|p2b: Archaludon|Electro Shot||[still]
|-prepare|p2b: Archaludon|Electro Shot
|-boost|p2b: Archaludon|spa|1
|-anim|p2b: Archaludon|Electro Shot|p1b: Scolipede
|-damage|p1b: Scolipede|0 fnt
|faint|p1b: Scolipede
|
|win|underlinegui
||underlinegui is ready for game 2.
|inactive|ElTortacolis has 30 seconds to confirm battle start!
||ElTortacolis is ready for game 2.
|uhtml|next|Next: Game 2 of 3
