|j|☆andresbrx
|j|☆naovi
|html|andresbrxnaovi    
|uhtml|bestof|Game 3 of a best-of-3
|t:|1756983547
|gametype|doubles
|player|p1|andresbrx|hiker-gen4|
|player|p2|naovi|101|
|gen|9
|tier|[Gen 9] VGC 2025 Reg H (Bo3)
|rule|Species Clause: Limit one of each Pokémon
|rule|Item Clause: Limit 1 of each item
|clearpoke
|poke|p1|Gholdengo, L50|
|poke|p1|Annihilape, L50, M|
|poke|p1|Archaludon, L50, F|
|poke|p1|Maushold, L50|
|poke|p1|Talonflame, L50, F|
|poke|p1|Tyranitar, L50, M|
|poke|p2|Electabuzz, L50, M|
|poke|p2|Sneasler, L50, M|
|poke|p2|Rillaboom, L50, M|
|poke|p2|Kingambit, L50, M|
|poke|p2|Volcarona, L50, M|
|poke|p2|Dragonite, L50, M|
|teampreview|4
|showteam|p1|Gholdengo||ChoiceSpecs|GoodasGold|ShadowBall,DazzlingGleam,Trick,MakeItRain||||||50|,,,,,Fairy]Annihilape||SafetyGoggles|Defiant|Protect,BulkUp,DrainPunch,RageFist|||M|||50|,,,,,Water]Archaludon||PowerHerb|Sturdy|ElectroShot,DracoMeteor,Protect,FlashCannon|||F|||50|,,,,,Ghost]Maushold||RockyHelmet|FriendGuard|Protect,SuperFang,FollowMe,BeatUp||||||50|,,,,,Grass]Talonflame||CovertCloak|GaleWings|Taunt,Tailwind,DualWingbeat,FlareBlitz|||F|||50|,,,,,Ghost]Tyranitar||AssaultVest|SandStream|TeraBlast,LowKick,KnockOff,RockSlide|||M|||50|,,,,,Flying
|showteam|p2|Electabuzz||Eviolite|VitalSpirit|Thunderbolt,FollowMe,Taunt,Protect|||M|||50|,,,,,Ghost]Sneasler||FocusSash|Unburden|Coaching,DireClaw,Protect,CloseCombat|||M|||50|,,,,,Stellar]Rillaboom||AssaultVest|GrassySurge|HighHorsepower,GrassyGlide,WoodHammer,FakeOut|||M|||50|,,,,,Fire]Kingambit||SafetyGoggles|Defiant|KowtowCleave,SuckerPunch,SwordsDance,Protect|||M|||50|,,,,,Dark]Volcarona||CovertCloak|FlameBody|HeatWave,TeraBlast,QuiverDance,Protect|||M|||50|,,,,,Fairy]Dragonite||LoadedDice|Multiscale|ScaleShot,ExtremeSpeed,Haze,Protect|||M|||50|,,,,,Steel
|
|t:|1756983594
|teamsize|p1|4
|teamsize|p2|4
|start
|switch|p1a: Gholdengo|Gholdengo, L50|100/100
|switch|p1b: Tyranitar|Tyranitar, L50, M|100/100
|switch|p2a: Electabuzz|Electabuzz, L50, M|100/100
|switch|p2b: Volcarona|Volcarona, L50, M|100/100
|-weather|Sandstorm|[from] ability: Sand Stream|[of] p1b: Tyranitar
|turn|1
|
|t:|1756983652
|move|p2b: Volcarona|Protect|p2b: Volcarona
|-singleturn|p2b: Volcarona|Protect
|move|p1a: Gholdengo|Shadow Ball|p2a: Electabuzz
|-damage|p2a: Electabuzz|44/100
|move|p2a: Electabuzz|Thunderbolt|p1a: Gholdengo
|-damage|p1a: Gholdengo|62/100
|move|p1b: Tyranitar|Knock Off|p2a: Electabuzz
|-damage|p2a: Electabuzz|0 fnt
|-enditem|p2a: Electabuzz|Eviolite|[from] move: Knock Off|[of] p1b: Tyranitar
|faint|p2a: Electabuzz
|
|-weather|Sandstorm|[upkeep]
|-damage|p2b: Volcarona|94/100|[from] Sandstorm
|upkeep
|
|t:|1756983670
|switch|p2a: Rillaboom|Rillaboom, L50, M|100/100
|-fieldstart|move: Grassy Terrain|[from] ability: Grassy Surge|[of] p2a: Rillaboom
|turn|2
|
|t:|1756983679
|switch|p1a: Talonflame|Talonflame, L50, F|100/100
|move|p2a: Rillaboom|Fake Out|p1b: Tyranitar
|-resisted|p1b: Tyranitar
|-damage|p1b: Tyranitar|93/100
|move|p2b: Volcarona|Quiver Dance|p2b: Volcarona
|-boost|p2b: Volcarona|spa|1
|-boost|p2b: Volcarona|spd|1
|-boost|p2b: Volcarona|spe|1
|cant|p1b: Tyranitar|flinch
|
|-weather|Sandstorm|[upkeep]
|-damage|p2b: Volcarona|88/100|[from] Sandstorm
|-damage|p1a: Talonflame|95/100|[from] Sandstorm
|-damage|p2a: Rillaboom|94/100|[from] Sandstorm
|-heal|p2b: Volcarona|94/100|[from] Grassy Terrain
|-heal|p2a: Rillaboom|100/100|[from] Grassy Terrain
|-heal|p1b: Tyranitar|99/100|[from] Grassy Terrain
|upkeep
|turn|3
|
|t:|1756983721
|-terastallize|p2a: Rillaboom|Fire
|move|p2a: Rillaboom|Grassy Glide|p1a: Talonflame
|-resisted|p1a: Talonflame
|-damage|p1a: Talonflame|79/100
|move|p2b: Volcarona|Tera Blast|p1a: Talonflame
|-damage|p1a: Talonflame|20/100
|move|p1a: Talonflame|Tailwind|p1a: Talonflame
|-sidestart|p1: andresbrx|move: Tailwind
|move|p1b: Tyranitar|Knock Off|p2a: Rillaboom
|-damage|p2a: Rillaboom|42/100
|-enditem|p2a: Rillaboom|Assault Vest|[from] move: Knock Off|[of] p1b: Tyranitar
|
|-weather|Sandstorm|[upkeep]
|-damage|p1a: Talonflame|14/100|[from] Sandstorm
|-damage|p2b: Volcarona|88/100|[from] Sandstorm
|-damage|p2a: Rillaboom|36/100|[from] Sandstorm
|-heal|p1b: Tyranitar|100/100|[from] Grassy Terrain
|-heal|p2b: Volcarona|94/100|[from] Grassy Terrain
|-heal|p2a: Rillaboom|42/100|[from] Grassy Terrain
|upkeep
|turn|4
|c|☆andresbrx|no entiendo esto iván
|
|t:|1756983744
|move|p2a: Rillaboom|Grassy Glide|p1b: Tyranitar
|-supereffective|p1b: Tyranitar
|-damage|p1b: Tyranitar|33/100
|move|p1a: Talonflame|Taunt|p2b: Volcarona
|-start|p2b: Volcarona|move: Taunt
|move|p1b: Tyranitar|Rock Slide|p2a: Rillaboom|[spread] p2a,p2b
|-supereffective|p2a: Rillaboom
|-crit|p2a: Rillaboom
|-supereffective|p2b: Volcarona
|-damage|p2a: Rillaboom|0 fnt
|-damage|p2b: Volcarona|0 fnt
|faint|p2a: Rillaboom
|faint|p2b: Volcarona
|
|-weather|Sandstorm|[upkeep]
|-damage|p1a: Talonflame|8/100|[from] Sandstorm
|-heal|p1b: Tyranitar|39/100|[from] Grassy Terrain
|upkeep
|
|t:|1756983756
|switch|p2b: Kingambit|Kingambit, L50, M|100/100
|turn|5
|
|t:|1756983766
|move|p2b: Kingambit|Sucker Punch|p1b: Tyranitar
|-resisted|p1b: Tyranitar
|-damage|p1b: Tyranitar|20/100
|move|p1a: Talonflame|Flare Blitz|p2b: Kingambit
|-supereffective|p2b: Kingambit
|-damage|p2b: Kingambit|34/100
|-damage|p1a: Talonflame|0 fnt|[from] Recoil
|faint|p1a: Talonflame
|move|p1b: Tyranitar|Low Kick|p2b: Kingambit
|-supereffective|p2b: Kingambit
|-damage|p2b: Kingambit|0 fnt
|faint|p2b: Kingambit
|
|win|andresbrx
|c|☆naovi|ni yo xd
|c|☆andresbrx|era el tera hada terablast grassy al ttar
|c|☆andresbrx|creo
|c|☆andresbrx|siguiente turno protect y sacas a gambit
|c|☆andresbrx|y sucker al dengho
|c|☆naovi|ya ya
|c|☆naovi|que le hacemos
