|j|☆Pakaan64
|j|☆lox1sm
|html|Pakaan64lox1sm    
|uhtml|bestof|Game 1 of a best-of-3
|t:|1782749134
|gametype|doubles
|player|p1|Pakaan64|169|1265
|player|p2|lox1sm|veteran|1245
|gen|9
|tier|[Gen 9 Champions] VGC 2026 Reg M-B (Bo3)
|rated|
|rule|Species Clause: Limit one of each Pokémon
|rule|Item Clause: Limit 1 of each item
|clearpoke
|poke|p1|Kangaskhan, L50, F|
|poke|p1|Sneasler, L50, M|
|poke|p1|Aromatisse, L50, M|
|poke|p1|Corviknight, L50, M|
|poke|p1|Torkoal, L50, F|
|poke|p1|Froslass, L50, F|
|poke|p2|Charizard, L50, F|
|poke|p2|Metagross, L50|
|poke|p2|Aerodactyl, L50, F|
|poke|p2|Garchomp, L50, M|
|poke|p2|Kingambit, L50, M|
|poke|p2|Farigiraf, L50, F|
|teampreview|4
|showteam|p1|Kangaskhan||Kangaskhanite|InnerFocus|FakeOut,Protect,DoubleEdge,DrainPunch|Adamant||F|||50|]Sneasler||FocusSash|PoisonTouch|Coaching,Protect,CloseCombat,PoisonJab|Jolly||M|||50|]Aromatisse||FairyFeather|AromaVeil|TrickRoom,Moonblast,Protect,AfterYou|Quiet||M|||50|]Corviknight||Leftovers|MirrorArmor|Protect,BulkUp,BraveBird,IronHead|Adamant||M|||50|]Torkoal||Charcoal|Drought|Eruption,Protect,WeatherBall,HelpingHand|Modest||F|||50|]Froslass||Froslassite|CursedBody|Blizzard,Protect,ShadowBall,AuroraVeil|Timid||F|||50|
|showteam|p2|Charizard||CharizarditeY|Blaze|HeatWave,WeatherBall,SolarBeam,Protect|Modest||F|||50|]Metagross||Metagrossite|ClearBody|IronHead,PsychicFangs,StompingTantrum,Protect|Jolly|||||50|]Aerodactyl||SitrusBerry|Unnerve|RockSlide,IceFang,Tailwind,Protect|Jolly||F|||50|]Garchomp||LifeOrb|RoughSkin|DragonClaw,Earthquake,RockSlide,Protect|Jolly||M|||50|]Kingambit||FocusSash|Defiant|KowtowCleave,SuckerPunch,IronHead,LowKick|Adamant||M|||50|]Farigiraf||ExpertBelt|ArmorTail|Psychic,DazzlingGleam,Thunderbolt,TrickRoom|Modest||F|||50|
|inactive|Battle timer is ON: inactive players will automatically lose when time's up. (requested by Pakaan64)
|inactive|lox1sm has 60 seconds left.
|
|t:|1782749179
|teamsize|p1|4
|teamsize|p2|4
|start
|switch|p1a: Kangaskhan|Kangaskhan, L50, F|100/100
|switch|p1b: Sneasler|Sneasler, L50, M|100/100
|switch|p2a: Charizard|Charizard, L50, F|100/100
|switch|p2b: Kingambit|Kingambit, L50, M|100/100
|turn|1
|inactive|lox1sm has 30 seconds left.
|
|t:|1782749209
|switch|p2b: Aerodactyl|Aerodactyl, L50, F|100/100
|-ability|p2b: Aerodactyl|Unnerve
|detailschange|p1a: Kangaskhan|Kangaskhan-Mega, L50, F
|-mega|p1a: Kangaskhan|Kangaskhan|Kangaskhanite
|move|p2a: Charizard|Protect|p2a: Charizard
|-singleturn|p2a: Charizard|Protect
|move|p1a: Kangaskhan|Fake Out|p2a: Charizard
|-activate|p2a: Charizard|move: Protect
|move|p1b: Sneasler|Coaching|p1a: Kangaskhan
|-boost|p1a: Kangaskhan|atk|1
|-boost|p1a: Kangaskhan|def|1
|
|upkeep
|turn|2
|inactive|Pakaan64 has 30 seconds left.
|
|t:|1782749241
|detailschange|p2a: Charizard|Charizard-Mega-Y, L50, F
|-mega|p2a: Charizard|Charizard|Charizardite Y
|-weather|SunnyDay|[from] ability: Drought|[of] p2a: Charizard
|move|p2b: Aerodactyl|Tailwind|p2b: Aerodactyl
|-sidestart|p2: lox1sm|move: Tailwind
|move|p2a: Charizard|Weather Ball|p1a: Kangaskhan
|-damage|p1a: Kangaskhan|23/100
|move|p1b: Sneasler|Poison Jab|p2a: Charizard
|-damage|p2a: Charizard|50/100g
|move|p1a: Kangaskhan|Drain Punch|p2b: Aerodactyl
|-damage|p2b: Aerodactyl|46/100
|-heal|p1a: Kangaskhan|46/100|[from] drain|[of] p2b: Aerodactyl
|-enditem|p2b: Aerodactyl|Sitrus Berry|[eat]
|-heal|p2b: Aerodactyl|71/100|[from] item: Sitrus Berry
|-damage|p2b: Aerodactyl|58/100
|-heal|p1a: Kangaskhan|51/100|[from] drain|[of] p2b: Aerodactyl
|-hitcount|p2b: Aerodactyl|2
|
|-weather|SunnyDay|[upkeep]
|upkeep
|turn|3
|inactive|Pakaan64 has 30 seconds left.
|inactive|lox1sm has 30 seconds left.
|inactive|Pakaan64 has 20 seconds left.
|inactive|lox1sm has 20 seconds left.
|inactive|Pakaan64 has 15 seconds left.
|inactive|Pakaan64 has 10 seconds left.
|
|t:|1782749289
|move|p2a: Charizard|Protect|p2a: Charizard
|-singleturn|p2a: Charizard|Protect
|move|p1a: Kangaskhan|Protect|p1a: Kangaskhan
|-singleturn|p1a: Kangaskhan|Protect
|move|p2b: Aerodactyl|Rock Slide|p1a: Kangaskhan|[spread] p1b
|-activate|p1a: Kangaskhan|move: Protect
|-resisted|p1b: Sneasler|1
|-damage|p1b: Sneasler|83/100
|move|p1b: Sneasler|Poison Jab|p2a: Charizard
|-activate|p2a: Charizard|move: Protect
|
|-weather|SunnyDay|[upkeep]
|upkeep
|turn|4
|inactive|lox1sm has 30 seconds left.
|inactive|lox1sm has 20 seconds left.
|
|t:|1782749326
|switch|p1a: Torkoal|Torkoal, L50, F|100/100
|move|p2b: Aerodactyl|Rock Slide|p1a: Torkoal|[spread] p1a,p1b
|-supereffective|p1a: Torkoal|1
|-resisted|p1b: Sneasler|1
|-damage|p1a: Torkoal|71/100
|-damage|p1b: Sneasler|66/100
|move|p2a: Charizard|Weather Ball|p1a: Torkoal
|-resisted|p1a: Torkoal|1
|-damage|p1a: Torkoal|15/100
|cant|p1b: Sneasler|flinch
|
|-weather|SunnyDay|[upkeep]
|upkeep
|turn|5
|inactive|Pakaan64 has 30 seconds left.
|inactive|Pakaan64 has 20 seconds left.
|
|t:|1782749364
|move|p1b: Sneasler|Protect|p1b: Sneasler
|-singleturn|p1b: Sneasler|Protect
|move|p2b: Aerodactyl|Rock Slide|p1b: Sneasler|[spread] 
|-activate|p1b: Sneasler|move: Protect
|-miss|p2b: Aerodactyl|p1a: Torkoal
|move|p2a: Charizard|Weather Ball|p1b: Sneasler
|-activate|p1b: Sneasler|move: Protect
|move|p1a: Torkoal|Weather Ball|p2b: Aerodactyl
|-resisted|p2b: Aerodactyl|1
|-damage|p2b: Aerodactyl|7/100
|
|-weather|SunnyDay|[upkeep]
|-sideend|p2: lox1sm|move: Tailwind
|upkeep
|turn|6
|inactive|Pakaan64 has 30 seconds left.
|
|t:|1782749391
|move|p2b: Aerodactyl|Rock Slide|p1b: Sneasler|[spread] p1b
|-miss|p2b: Aerodactyl|p1a: Torkoal
|-resisted|p1b: Sneasler|1
|-damage|p1b: Sneasler|49/100
|cant|p1b: Sneasler|flinch
|move|p2a: Charizard|Weather Ball|p1b: Sneasler
|-damage|p1b: Sneasler|0 fnt
|faint|p1b: Sneasler
|move|p1a: Torkoal|Weather Ball|p2a: Charizard
|-resisted|p2a: Charizard|1
|-damage|p2a: Charizard|17/100
|
|-weather|none
|upkeep
|c|☆lox1sm|what's happening
|
|t:|1782749405
|switch|p1b: Aromatisse|Aromatisse, L50, M|100/100
|turn|7
|c|☆lox1sm|Rng mad
|
|t:|1782749423
|switch|p1a: Kangaskhan|Kangaskhan-Mega, L50, F|51/100
|move|p2b: Aerodactyl|Rock Slide|p1a: Kangaskhan|[spread] p1a,p1b
|-damage|p1a: Kangaskhan|34/100
|-damage|p1b: Aromatisse|84/100
|move|p2a: Charizard|Heat Wave|p1a: Kangaskhan|[spread] p1a,p1b
|-damage|p1a: Kangaskhan|0 fnt
|-damage|p1b: Aromatisse|46/100
|faint|p1a: Kangaskhan
|move|p1b: Aromatisse|Trick Room|p1b: Aromatisse
|-fieldstart|move: Trick Room|[of] p1b: Aromatisse
|
|upkeep
|
|t:|1782749433
|switch|p1a: Torkoal|Torkoal, L50, F|15/100
|-weather|SunnyDay|[from] ability: Drought|[of] p1a: Torkoal
|turn|8
|
|t:|1782749451
|move|p1a: Torkoal|Weather Ball|p2a: Charizard
|-resisted|p2a: Charizard|1
|-damage|p2a: Charizard|0 fnt
|faint|p2a: Charizard
|move|p1b: Aromatisse|Moonblast|p2b: Aerodactyl
|-damage|p2b: Aerodactyl|0 fnt
|faint|p2b: Aerodactyl
|
|-weather|SunnyDay|[upkeep]
|upkeep
|
|t:|1782749454
|switch|p2a: Garchomp|Garchomp, L50, M|100/100
|switch|p2b: Kingambit|Kingambit, L50, M|100/100
|turn|9
|inactive|Pakaan64 has 30 seconds left.
|inactive|lox1sm has 30 seconds left.
|
|t:|1782749488
|move|p1b: Aromatisse|Protect|p1b: Aromatisse
|-singleturn|p1b: Aromatisse|Protect
|move|p2b: Kingambit|Sucker Punch|p1a: Torkoal
|-damage|p1a: Torkoal|0 fnt
|faint|p1a: Torkoal
|move|p2a: Garchomp|Earthquake|p1b: Aromatisse|[spread] p2b
|-activate|p1b: Aromatisse|move: Protect
|-supereffective|p2b: Kingambit|1
|-damage|p2b: Kingambit|19/100
|-damage|p2a: Garchomp|90/100|[from] item: Life Orb
|
|-weather|SunnyDay|[upkeep]
|upkeep
|turn|10
|inactive|Pakaan64 has 30 seconds left.
|inactive|lox1sm has 30 seconds left.
|
|t:|1782749526
|move|p1b: Aromatisse|Moonblast|p2a: Garchomp
|-supereffective|p2a: Garchomp|1
|-damage|p2a: Garchomp|0 fnt
|faint|p2a: Garchomp
|move|p2b: Kingambit|Iron Head|p1b: Aromatisse
|-supereffective|p1b: Aromatisse|1
|-damage|p1b: Aromatisse|0 fnt
|faint|p1b: Aromatisse
|
|win|lox1sm
||Pakaan64 is ready for game 2.
||lox1sm is ready for game 2.
|uhtml|next|Next: Game 2 of 3
