|j|☆ETOCUD
|j|☆ace o gato
|html|ETOCUDace o gato    
|uhtml|bestof|Game 1 of a best-of-3
|t:|1756726805
|gametype|doubles
|player|p1|ETOCUD|1|1098
|player|p2|ace o gato|lucas-gen4pt|1103
|gen|9
|tier|[Gen 9] VGC 2025 Reg H (Bo3)
|rated|
|rule|Species Clause: Limit one of each Pokémon
|rule|Item Clause: Limit 1 of each item
|clearpoke
|poke|p1|Ursaluna, L50, M|
|poke|p1|Indeedee-F, L50, F|
|poke|p1|Exeggutor, L50, F|
|poke|p1|Torkoal, L50, M|
|poke|p1|Gallade, L50, M|
|poke|p1|Zoroark-Hisui, L50, M|
|poke|p2|Garchomp, L50, F|
|poke|p2|Tyranitar, L50, F|
|poke|p2|Corviknight, L50, M|
|poke|p2|Milotic, L50, M|
|poke|p2|Volcarona, L50, M|
|poke|p2|Amoonguss, L50, M|
|teampreview|4
|showteam|p1|Ursaluna||FlameOrb|Guts|Protect,Facade,Earthquake,HeadlongRush|||M|||50|,,,,,Ghost]Indeedee-F||PsychicSeed|PsychicSurge|TrickRoom,Psychic,FollowMe,HelpingHand|||F|||50|,,,,,Grass]Exeggutor||FocusSash|Chlorophyll|ExpandingForce,EnergyBall,SleepPowder,TrickRoom|||F|||50|,,,,,Psychic]Torkoal||Charcoal|Drought|Eruption,ClearSmog,Protect,WeatherBall|||M|||50|,,,,,Fire]Gallade||ClearAmulet|Sharpness|PsychoCut,TrickRoom,WideGuard,SacredSword|||M|||50|,,,,,Fire]Zoroark-Hisui||ChoiceSpecs|Illusion|HyperVoice,Flamethrower,ShadowBall,TeraBlast|||M|||50|,,,,,Stellar
|showteam|p2|Garchomp||LifeOrb|SandVeil|Earthquake,StompingTantrum,Protect,DragonClaw|||F|||50|,,,,,Fire]Tyranitar||AssaultVest|SandStream|RockSlide,KnockOff,LowKick,TeraBlast|||F|||50|,,,,,Flying]Corviknight||Leftovers|MirrorArmor|BraveBird,BodyPress,BulkUp,Roost|||M|||50|,,,,,Dragon]Milotic||RockyHelmet|Competitive|Scald,IcyWind,Haze,LifeDew|||M|||50|,,,,,Grass]Volcarona||SitrusBerry|FlameBody|HeatWave,RagePowder,StruggleBug,Protect|||M|||50|,,,,,Water]Amoonguss||CovertCloak|Regenerator|PollenPuff,RagePowder,Spore,Protect|||M|||50|,,,,,Water
|inactive|Battle timer is ON: inactive players will automatically lose when time's up. (requested by ace o gato)
|inactive|ace o gato has 60 seconds left.
|
|t:|1756726853
|teamsize|p1|4
|teamsize|p2|4
|start
|switch|p1a: Indeedee|Indeedee-F, L50, F|100/100
|switch|p1b: Exeggutor|Exeggutor, L50, F|100/100
|switch|p2a: Garchomp|Garchomp, L50, F|100/100
|switch|p2b: Tyranitar|Tyranitar, L50, F|100/100
|-weather|Sandstorm|[from] ability: Sand Stream|[of] p2b: Tyranitar
|-fieldstart|move: Psychic Terrain|[from] ability: Psychic Surge|[of] p1a: Indeedee
|-enditem|p1a: Indeedee|Psychic Seed
|-boost|p1a: Indeedee|spd|1|[from] item: Psychic Seed
|turn|1
|inactive|ace o gato has 30 seconds left.
|inactive|ace o gato has 20 seconds left.
|inactive|ace o gato has 15 seconds left.
|inactive|ace o gato has 10 seconds left.
|inactive|ace o gato has 5 seconds left.
|
|t:|1756726905
|switch|p1a: Torkoal|Torkoal, L50, M|100/100
|-weather|SunnyDay|[from] ability: Drought|[of] p1a: Torkoal
|-terastallize|p1b: Exeggutor|Psychic
|move|p1b: Exeggutor|Expanding Force|p2a: Garchomp|[spread] p2a
|-immune|p2b: Tyranitar
|-damage|p2a: Garchomp|9/100
|move|p2a: Garchomp|Dragon Claw|p1a: Torkoal
|-damage|p1a: Torkoal|56/100
|-damage|p2a: Garchomp|0 fnt|[from] item: Life Orb
|faint|p2a: Garchomp
|move|p2b: Tyranitar|Knock Off|p1a: Torkoal
|-damage|p1a: Torkoal|15/100
|-enditem|p1a: Torkoal|Charcoal|[from] move: Knock Off|[of] p2b: Tyranitar
|
|-weather|SunnyDay|[upkeep]
|upkeep
|
|t:|1756726912
|switch|p2a: Milotic|Milotic, L50, M|100/100
|turn|2
|
|t:|1756726934
|move|p1a: Torkoal|Protect|p1a: Torkoal
|-singleturn|p1a: Torkoal|Protect
|move|p1b: Exeggutor|Energy Ball|p2b: Tyranitar
|-supereffective|p2b: Tyranitar
|-damage|p2b: Tyranitar|40/100
|move|p2b: Tyranitar|Knock Off|p1b: Exeggutor
|-supereffective|p1b: Exeggutor
|-enditem|p1b: Exeggutor|Focus Sash
|-damage|p1b: Exeggutor|1/100
|move|p2a: Milotic|Icy Wind|p1a: Torkoal|[spread] p1b
|-activate|p1a: Torkoal|move: Protect
|-damage|p1b: Exeggutor|0 fnt
|faint|p1b: Exeggutor
|
|-weather|SunnyDay|[upkeep]
|upkeep
|
|t:|1756726941
|switch|p1b: Indeedee|Indeedee-F, L50, F|100/100
|turn|3
|
|t:|1756726952
|move|p2b: Tyranitar|Rock Slide|p1b: Indeedee|[spread] p1a,p1b
|-supereffective|p1a: Torkoal
|-damage|p1a: Torkoal|0 fnt
|-damage|p1b: Indeedee|73/100
|faint|p1a: Torkoal
|move|p2a: Milotic|Life Dew||[still]|[spread] p2a,p2b
|-fail|p2a: Milotic|heal
|-heal|p2b: Tyranitar|65/100
|move|p1b: Indeedee|Trick Room|p1b: Indeedee
|-fieldstart|move: Trick Room|[of] p1b: Indeedee
|
|-weather|SunnyDay|[upkeep]
|upkeep
|
|t:|1756726961
|switch|p1a: Ursaluna|Ursaluna, L50, M|100/100
|turn|4
|
|t:|1756726979
|move|p1b: Indeedee|Helping Hand|p1a: Ursaluna
|-singleturn|p1a: Ursaluna|Helping Hand|[of] p1b: Indeedee
|move|p1a: Ursaluna|Facade|p2b: Tyranitar
|-resisted|p2b: Tyranitar
|-damage|p2b: Tyranitar|40/100
|move|p2a: Milotic|Life Dew||[still]|[spread] p2a,p2b
|-fail|p2a: Milotic|heal
|-heal|p2b: Tyranitar|65/100
|move|p2b: Tyranitar|Knock Off|p1b: Indeedee
|-supereffective|p1b: Indeedee
|-damage|p1b: Indeedee|1/100
|
|-weather|SunnyDay|[upkeep]
|-status|p1a: Ursaluna|brn|[from] item: Flame Orb
|upkeep
|turn|5
|
|t:|1756726991
|move|p1b: Indeedee|Helping Hand|p1a: Ursaluna
|-singleturn|p1a: Ursaluna|Helping Hand|[of] p1b: Indeedee
|move|p1a: Ursaluna|Earthquake|p2b: Tyranitar|[spread] p1b,p2a,p2b
|-supereffective|p2b: Tyranitar
|-damage|p1b: Indeedee|0 fnt
|-damage|p2a: Milotic|23/100
|-damage|p2b: Tyranitar|0 fnt
|faint|p1b: Indeedee
|faint|p2b: Tyranitar
|move|p2a: Milotic|Icy Wind|p1a: Ursaluna
|-supereffective|p1a: Ursaluna
|-damage|p1a: Ursaluna|77/100 brn
|-unboost|p1a: Ursaluna|spe|1
|
|-weather|none
|-damage|p1a: Ursaluna|71/100 brn|[from] brn
|-fieldend|move: Psychic Terrain
|upkeep
|
|t:|1756726997
|switch|p2b: Amoonguss|Amoonguss, L50, M|100/100
|turn|6
|
|t:|1756727007
|move|p1a: Ursaluna|Facade|p2a: Milotic
|-damage|p2a: Milotic|0 fnt
|-damage|p1a: Ursaluna|55/100 brn|[from] item: Rocky Helmet|[of] p2a: Milotic
|faint|p2a: Milotic
|move|p2b: Amoonguss|Pollen Puff|p2: Milotic|[notarget]
|-fail|p2b: Amoonguss
|
|-damage|p1a: Ursaluna|49/100 brn|[from] brn
|upkeep
|turn|7
|
|t:|1756727017
|move|p1a: Ursaluna|Facade|p2b: Amoonguss
|-damage|p2b: Amoonguss|0 fnt
|faint|p2b: Amoonguss
|
|win|ETOCUD
||ace o gato is ready for game 2.
