|j|☆BalanceBartholomew
|j|☆dinglustan
|html|BalanceBartholomewdinglustan    
|uhtml|bestof|Game 2 of a best-of-3
|t:|1756228767
|gametype|doubles
|player|p1|BalanceBartholomew|266|1067
|player|p2|dinglustan|266|1118
|gen|9
|tier|[Gen 9] VGC 2025 Reg H (Bo3)
|rated|
|rule|Species Clause: Limit one of each Pokémon
|rule|Item Clause: Limit 1 of each item
|clearpoke
|poke|p1|Rillaboom, L50, M|
|poke|p1|Dragonite, L50, M|
|poke|p1|Sneasler, L50, M|
|poke|p1|Ninetales-Alola, L50, F|
|poke|p1|Kingambit, L50, M|
|poke|p1|Magmar, L50, M|
|poke|p2|Whimsicott, L50, F|
|poke|p2|Arcanine-Hisui, L50, F|
|poke|p2|Basculegion, L50, M|
|poke|p2|Hydreigon, L50, F|
|poke|p2|Farigiraf, L50, M|
|poke|p2|Pawmot, L50, F|
|teampreview|4
|showteam|p1|Rillaboom||AssaultVest|GrassySurge|WoodHammer,GrassyGlide,HighHorsepower,FakeOut|||M|||50|,,,,,Fire]Dragonite||LoadedDice|Multiscale|Protect,ScaleShot,LowKick,Haze|||M|||50|,,,,,Fairy]Sneasler||WhiteHerb|Unburden|Protect,DireClaw,CloseCombat,Coaching|||M|||50|,,,,,Ghost]Ninetales-Alola||ChoiceSpecs|SnowWarning|Blizzard,IcyWind,Moonblast,FreezeDry|||F|||50|,,,,,Ghost]Kingambit||SafetyGoggles|Defiant|Protect,KowtowCleave,SuckerPunch,SwordsDance|||M|||50|,,,,,Dark]Magmar||Eviolite|VitalSpirit|Protect,FollowMe,Overheat,WillOWisp|||M|||50|,,,,,Dragon
|showteam|p2|Whimsicott||CovertCloak|Prankster|Tailwind,Moonblast,GigaDrain,Encore|||F|||50|,,,,,Water]Arcanine-Hisui||AssaultVest|Intimidate|ExtremeSpeed,FlareBlitz,RockSlide,TeraBlast|||F|||50|,,,,,Grass]Basculegion||ChoiceBand|Adaptability|AquaJet,LastRespects,WaveCrash,TeraBlast|||M|||50|,,,,,Fairy]Hydreigon||LifeOrb|Levitate|Protect,DracoMeteor,DarkPulse,HeatWave|||F|||50|,,,,,Fire]Farigiraf||ThroatSpray|ArmorTail|Protect,TrickRoom,HyperVoice,TwinBeam|||M|||50|,,,,,Grass]Pawmot||FocusSash|VoltAbsorb|FakeOut,DoubleShock,CloseCombat,RevivalBlessing|||F|||50|,,,,,Electric
|inactive|Battle timer is ON: inactive players will automatically lose when time's up. (requested by dinglustan)
|
|t:|1756228782
|teamsize|p1|4
|teamsize|p2|4
|start
|switch|p1a: Sneasler|Sneasler, L50, M|100/100
|switch|p1b: Dragonite|Dragonite, L50, M|100/100
|switch|p2a: Whimsicott|Whimsicott, L50, F|100/100
|switch|p2b: Hydreigon|Hydreigon, L50, F|100/100
|turn|1
|
|t:|1756228803
|-terastallize|p2b: Hydreigon|Fire
|move|p2a: Whimsicott|Tailwind|p2a: Whimsicott
|-sidestart|p2: dinglustan|move: Tailwind
|move|p2b: Hydreigon|Heat Wave|p1b: Dragonite|[spread] p1b
|-miss|p2b: Hydreigon|p1a: Sneasler
|-resisted|p1b: Dragonite
|-damage|p1b: Dragonite|88/100
|-damage|p2b: Hydreigon|91/100|[from] item: Life Orb
|move|p1a: Sneasler|Close Combat|p2a: Whimsicott
|-resisted|p2a: Whimsicott
|-damage|p2a: Whimsicott|71/100
|-unboost|p1a: Sneasler|def|1
|-unboost|p1a: Sneasler|spd|1
|-enditem|p1a: Sneasler|White Herb
|-clearnegativeboost|p1a: Sneasler|[silent]
|move|p1b: Dragonite|Scale Shot|p2b: Hydreigon
|-damage|p2b: Hydreigon|73/100
|-damage|p2b: Hydreigon|56/100
|-damage|p2b: Hydreigon|40/100
|-damage|p2b: Hydreigon|24/100
|-hitcount|p2b: Hydreigon|4
|-unboost|p1b: Dragonite|def|1
|-boost|p1b: Dragonite|spe|1
|
|upkeep
|turn|2
|inactive|BalanceBartholomew has 30 seconds left.
|inactive|BalanceBartholomew has 20 seconds left.
|inactive|BalanceBartholomew has 15 seconds left.
|inactive|BalanceBartholomew has 10 seconds left.
|
|t:|1756228850
|switch|p2b: Basculegion|Basculegion, L50, M|100/100
|move|p2a: Whimsicott|Encore|p1a: Sneasler
|-start|p1a: Sneasler|Encore
|move|p1a: Sneasler|Close Combat|p2b: Basculegion
|-immune|p2b: Basculegion
|move|p1b: Dragonite|Scale Shot|p2b: Basculegion
|-damage|p2b: Basculegion|86/100
|-damage|p2b: Basculegion|72/100
|-damage|p2b: Basculegion|58/100
|-damage|p2b: Basculegion|43/100
|-hitcount|p2b: Basculegion|4
|-unboost|p1b: Dragonite|def|1
|-boost|p1b: Dragonite|spe|1
|
|upkeep
|turn|3
|
|t:|1756228869
|move|p1a: Sneasler|Close Combat|p2a: Whimsicott
|-resisted|p2a: Whimsicott
|-damage|p2a: Whimsicott|38/100
|-unboost|p1a: Sneasler|def|1
|-unboost|p1a: Sneasler|spd|1
|move|p2a: Whimsicott|Moonblast|p1a: Sneasler
|-damage|p1a: Sneasler|45/100
|-unboost|p1a: Sneasler|spa|1
|move|p1b: Dragonite|Scale Shot|p2b: Basculegion|[miss]
|-miss|p1b: Dragonite|p2b: Basculegion
|move|p2b: Basculegion|Last Respects|p1b: Dragonite
|-damage|p1b: Dragonite|0 fnt
|faint|p1b: Dragonite
|
|upkeep
|inactive|BalanceBartholomew has 30 seconds left.
|
|t:|1756228903
|switch|p1b: Ninetales|Ninetales-Alola, L50, F|100/100
|-weather|Snowscape|[from] ability: Snow Warning|[of] p1b: Ninetales
|turn|4
|
|t:|1756228927
|switch|p1a: Kingambit|Kingambit, L50, M|100/100
|switch|p2a: Hydreigon|Hydreigon, L50, F, tera:Fire|24/100
|move|p2b: Basculegion|Last Respects|p1b: Ninetales
|-damage|p1b: Ninetales|58/100
|move|p1b: Ninetales|Icy Wind|p2b: Basculegion|[spread] p2a
|-miss|p1b: Ninetales|p2b: Basculegion
|-resisted|p2a: Hydreigon
|-damage|p2a: Hydreigon|12/100
|-unboost|p2a: Hydreigon|spe|1
|
|-weather|Snowscape|[upkeep]
|-sideend|p2: dinglustan|move: Tailwind
|upkeep
|turn|5
|inactive|BalanceBartholomew has 30 seconds left.
|
|t:|1756228959
|switch|p2b: Farigiraf|Farigiraf, L50, M|100/100
|-terastallize|p1a: Kingambit|Dark
|move|p1b: Ninetales|Icy Wind|p2a: Hydreigon|[spread] p2a,p2b
|-resisted|p2a: Hydreigon
|-damage|p2a: Hydreigon|0 fnt
|-damage|p2b: Farigiraf|80/100
|-unboost|p2b: Farigiraf|spe|1
|faint|p2a: Hydreigon
|move|p1a: Kingambit|Kowtow Cleave|p2b: Farigiraf
|-supereffective|p2b: Farigiraf
|-damage|p2b: Farigiraf|0 fnt
|faint|p2b: Farigiraf
|
|-weather|Snowscape|[upkeep]
|upkeep
|-message|dinglustan forfeited.
|
|win|BalanceBartholomew
|l|☆dinglustan
|player|p2|
||dinglustan is ready for game 3.
||BalanceBartholomew is ready for game 3.
|uhtml|next|Next: Game 3 of 3
