|j|☆TheLeoj
|j|☆YYVVK
|html|TheLeojYYVVK    
|uhtml|bestof|Game 1 of a best-of-3
|t:|1784303439
|gametype|doubles
|player|p1|TheLeoj|102|1149
|player|p2|YYVVK|lucas|1000
|gen|9
|tier|[Gen 9 Champions] VGC 2026 Reg M-B (Bo3)
|rated|
|rule|Species Clause: Limit one of each Pokémon
|rule|Item Clause: Limit 1 of each item
|clearpoke
|poke|p1|Garchomp, L50, F, shiny|
|poke|p1|Venusaur, L50, F, shiny|
|poke|p1|Incineroar, L50, F, shiny|
|poke|p1|Charizard, L50, M, shiny|
|poke|p1|Toxapex, L50, F, shiny|
|poke|p1|Annihilape, L50, M, shiny|
|poke|p2|Charizard, L50, M, shiny|
|poke|p2|Hydreigon, L50, F, shiny|
|poke|p2|Dragonite, L50, F, shiny|
|poke|p2|Gliscor, L50, F, shiny|
|poke|p2|Rotom-Wash, L50, shiny|
|poke|p2|Staraptor, L50, F, shiny|
|teampreview|4
|showteam|p1|Garchomp||ChoiceScarf|RoughSkin|Earthquake,RockSlide,DragonClaw,StompingTantrum|Adamant||F|||50|]Venusaur||LifeOrb|Chlorophyll|SludgeBomb,SolarBeam,EarthPower,Protect|Modest||F|||50|]Incineroar||SitrusBerry|Intimidate|FakeOut,FlareBlitz,ThroatChop,PartingShot|Impish||F|||50|]Charizard||CharizarditeY|Blaze|HeatWave,WeatherBall,Protect,HelpingHand|Modest||M|||50|]Toxapex||Leftovers|Regenerator|Infestation,Toxic,WideGuard,BanefulBunker|Impish||F|||50|]Annihilape||FocusSash|Defiant|CloseCombat,PhantomForce,RockTomb,Protect|Jolly||M|||50|
|showteam|p2|Charizard||CharizarditeY|SolarPower|HeatWave,SolarBeam,WeatherBall,Protect|Timid||M|||50|]Hydreigon||LifeOrb|Levitate|DracoMeteor,Snarl,FlashCannon,Protect|Timid||F|||50|]Dragonite||DragonFang|Multiscale|DragonClaw,ExtremeSpeed,LowKick,Protect|Adamant||F|||50|]Gliscor||FocusSash|HyperCutter|Earthquake,Acrobatics,Protect,Uturn|Jolly||F|||50|]Rotom-Wash||Leftovers|Levitate|VoltSwitch,Thunderbolt,HydroPump,WillOWisp|Timid|||||50|]Staraptor||Staraptite|Intimidate|CloseCombat,DualWingbeat,Protect,Roost|Adamant||F|||50|
|inactive|Battle timer is ON: inactive players will automatically lose when time's up. (requested by YYVVK)
|inactive|TheLeoj also wants the timer to be on.
|inactive|TheLeoj has 60 seconds left.
|
|t:|1784303495
|teamsize|p1|4
|teamsize|p2|4
|start
|switch|p1a: Charizard|Charizard, L50, M, shiny|100/100
|switch|p1b: Incineroar|Incineroar, L50, F, shiny|100/100
|switch|p2a: Stingbo|Gliscor, L50, F, shiny|100/100
|switch|p2b: Waterhose|Rotom-Wash, L50, shiny|100/100
|-ability|p1b: Incineroar|Intimidate|boost
|-fail|p2a: Stingbo|unboost|Attack|[from] ability: Hyper Cutter|[of] p2a: Stingbo
|-unboost|p2b: Waterhose|atk|1
|turn|1
|
|t:|1784303516
|detailschange|p1a: Charizard|Charizard-Mega-Y, L50, M, shiny
|-mega|p1a: Charizard|Charizard|Charizardite Y
|-weather|SunnyDay|[from] ability: Drought|[of] p1a: Charizard
|move|p1b: Incineroar|Fake Out|p2b: Waterhose
|-damage|p2b: Waterhose|86/100
|move|p2a: Stingbo|Earthquake|p1b: Incineroar|[spread] p1b
|-immune|p2b: Waterhose|[from] ability: Levitate
|-immune|p1a: Charizard
|-supereffective|p1b: Incineroar|1
|-damage|p1b: Incineroar|57/100
|cant|p2b: Waterhose|flinch
|move|p1a: Charizard|Weather Ball|p2a: Stingbo
|-enditem|p2a: Stingbo|Focus Sash
|-damage|p2a: Stingbo|1/100
|
|-weather|SunnyDay|[upkeep]
|-heal|p2b: Waterhose|92/100|[from] item: Leftovers
|upkeep
|turn|2
|inactive|TheLeoj has 30 seconds left.
|
|t:|1784303543
|move|p1a: Charizard|Protect|p1a: Charizard
|-singleturn|p1a: Charizard|Protect
|move|p2a: Stingbo|Acrobatics|p1a: Charizard
|-activate|p1a: Charizard|move: Protect
|move|p2b: Waterhose|Thunderbolt|p1a: Charizard
|-activate|p1a: Charizard|move: Protect
|move|p1b: Incineroar|Throat Chop|p2a: Stingbo
|-damage|p2a: Stingbo|0 fnt
|faint|p2a: Stingbo
|
|-weather|SunnyDay|[upkeep]
|-heal|p2b: Waterhose|97/100|[from] item: Leftovers
|upkeep
|
|t:|1784303558
|switch|p2a: Harry styles|Staraptor, L50, F, shiny|100/100
|-ability|p2a: Harry styles|Intimidate|boost
|-unboost|p1a: Charizard|atk|1
|-unboost|p1b: Incineroar|atk|1
|turn|3
|
|t:|1784303571
|switch|p1a: Venusaur|Venusaur, L50, F, shiny|100/100
|detailschange|p2a: Harry styles|Staraptor-Mega, L50, F, shiny
|-mega|p2a: Harry styles|Staraptor|Staraptite
|move|p2a: Harry styles|Protect|p2a: Harry styles
|-singleturn|p2a: Harry styles|Protect
|move|p2b: Waterhose|Thunderbolt|p1a: Venusaur
|-resisted|p1a: Venusaur|1
|-damage|p1a: Venusaur|76/100
|move|p1b: Incineroar|Throat Chop|p2a: Harry styles
|-activate|p2a: Harry styles|move: Protect
|
|-weather|SunnyDay|[upkeep]
|-heal|p2b: Waterhose|100/100|[from] item: Leftovers
|upkeep
|turn|4
|inactive|TheLeoj has 30 seconds left.
|inactive|TheLeoj has 20 seconds left.
|
|t:|1784303608
|move|p1a: Venusaur|Sludge Bomb|p2a: Harry styles
|-damage|p2a: Harry styles|47/100
|-damage|p1a: Venusaur|66/100|[from] item: Life Orb
|move|p2b: Waterhose|Volt Switch|p1b: Incineroar
|-damage|p1b: Incineroar|27/100
|-enditem|p1b: Incineroar|Sitrus Berry|[eat]
|-heal|p1b: Incineroar|52/100|[from] item: Sitrus Berry
|
|t:|1784303616
|switch|p2b: Houdini|Dragonite, L50, F, shiny|100/100|[from] Volt Switch
|move|p2a: Harry styles|Dual Wingbeat|p1a: Venusaur
|-supereffective|p1a: Venusaur|1
|-damage|p1a: Venusaur|4/100
|-supereffective|p1a: Venusaur|1
|-damage|p1a: Venusaur|0 fnt
|faint|p1a: Venusaur
|-hitcount|p1: Venusaur|2
|move|p1b: Incineroar|Flare Blitz|p2a: Harry styles
|-damage|p2a: Harry styles|0 fnt
|faint|p2a: Harry styles
|-damage|p1b: Incineroar|37/100|[from] Recoil
|
|-weather|SunnyDay|[upkeep]
|upkeep
|
|t:|1784303633
|switch|p1a: Toxapex|Toxapex, L50, F, shiny|100/100
|switch|p2a: Waterhose|Rotom-Wash, L50, shiny|100/100
|turn|5
|
|t:|1784303648
|switch|p1b: Charizard|Charizard-Mega-Y, L50, M, shiny|100/100
|move|p2a: Waterhose|Thunderbolt|p1a: Toxapex
|-supereffective|p1a: Toxapex|1
|-damage|p1a: Toxapex|38/100
|move|p2b: Houdini|Low Kick|p1b: Charizard
|-resisted|p1b: Charizard|1
|-damage|p1b: Charizard|81/100
|move|p1a: Toxapex|Toxic|p2b: Houdini
|-status|p2b: Houdini|tox
|
|-weather|none
|-heal|p1a: Toxapex|44/100|[from] item: Leftovers
|-damage|p2b: Houdini|93/100 tox|[from] psn
|upkeep
|turn|6
|
|t:|1784303667
|move|p1b: Charizard|Protect|p1b: Charizard
|-singleturn|p1b: Charizard|Protect
|move|p1a: Toxapex|Baneful Bunker|p1a: Toxapex
|-singleturn|p1a: Toxapex|move: Protect
|move|p2b: Houdini|Extreme Speed|p1b: Charizard
|-activate|p1b: Charizard|move: Protect
|move|p2a: Waterhose|Thunderbolt|p1a: Toxapex
|-activate|p1a: Toxapex|move: Protect
|
|-heal|p1a: Toxapex|50/100g|[from] item: Leftovers
|-damage|p2b: Houdini|81/100 tox|[from] psn
|upkeep
|turn|7
|inactive|TheLeoj has 30 seconds left.
|
|t:|1784303696
|-heal|p1a: Toxapex|83/100|[from] ability: Regenerator|[silent]
|switch|p1a: Incineroar|Incineroar, L50, F, shiny|37/100
|-ability|p1a: Incineroar|Intimidate|boost
|-unboost|p2a: Waterhose|atk|1
|-unboost|p2b: Houdini|atk|1
|move|p2a: Waterhose|Thunderbolt|p1a: Incineroar
|-damage|p1a: Incineroar|0 fnt
|faint|p1a: Incineroar
|move|p1b: Charizard|Heat Wave|p2a: Waterhose|[spread] p2a,p2b
|-resisted|p2a: Waterhose|1
|-resisted|p2b: Houdini|1
|-damage|p2a: Waterhose|74/100
|-damage|p2b: Houdini|65/100 tox
|move|p2b: Houdini|Dragon Claw|p1b: Charizard
|-damage|p1b: Charizard|45/100
|
|-heal|p2a: Waterhose|79/100|[from] item: Leftovers
|-damage|p2b: Houdini|46/100 tox|[from] psn
|upkeep
|
|t:|1784303705
|switch|p1a: Toxapex|Toxapex, L50, F, shiny|83/100
|turn|8
|
|t:|1784303721
|move|p2b: Houdini|Extreme Speed|p1b: Charizard
|-damage|p1b: Charizard|25/100
|move|p2a: Waterhose|Thunderbolt|p1a: Toxapex
|-supereffective|p1a: Toxapex|1
|-damage|p1a: Toxapex|21/100
|move|p1b: Charizard|Heat Wave|p2b: Houdini|[spread] p2a,p2b
|-resisted|p2a: Waterhose|1
|-resisted|p2b: Houdini|1
|-damage|p2a: Waterhose|53/100
|-damage|p2b: Houdini|29/100 tox
|move|p1a: Toxapex|Toxic|p2a: Waterhose
|-status|p2a: Waterhose|tox
|
|-heal|p2a: Waterhose|59/100 tox|[from] item: Leftovers
|-heal|p1a: Toxapex|26/100|[from] item: Leftovers
|-damage|p2a: Waterhose|53/100 tox|[from] psn
|-damage|p2b: Houdini|5/100 tox|[from] psn
|upkeep
|turn|9
|
|t:|1784303741
|move|p1b: Charizard|Protect|p1b: Charizard
|-singleturn|p1b: Charizard|Protect
|move|p1a: Toxapex|Baneful Bunker|p1a: Toxapex
|-singleturn|p1a: Toxapex|move: Protect
|move|p2b: Houdini|Extreme Speed|p1b: Charizard
|-activate|p1b: Charizard|move: Protect
|move|p2a: Waterhose|Thunderbolt|p1a: Toxapex
|-activate|p1a: Toxapex|move: Protect
|
|-heal|p2a: Waterhose|59/100 tox|[from] item: Leftovers
|-heal|p1a: Toxapex|32/100|[from] item: Leftovers
|-damage|p2a: Waterhose|48/100 tox|[from] psn
|-damage|p2b: Houdini|0 fnt|[from] psn
|faint|p2b: Houdini
|upkeep
|turn|10
|
|t:|1784303760
|move|p2a: Waterhose|Thunderbolt|p1b: Charizard
|-supereffective|p1b: Charizard|1
|-damage|p1b: Charizard|0 fnt
|faint|p1b: Charizard
|move|p1a: Toxapex|Infestation|p2a: Waterhose
|-damage|p2a: Waterhose|43/100 tox
|-activate|p2a: Waterhose|move: Infestation|[of] p1a: Toxapex
|
|-heal|p2a: Waterhose|48/100 tox|[from] item: Leftovers
|-heal|p1a: Toxapex|38/100|[from] item: Leftovers
|-damage|p2a: Waterhose|32/100 tox|[from] psn
|-damage|p2a: Waterhose|20/100y tox|[from] move: Infestation|[partiallytrapped]
|upkeep
|turn|11
|
|t:|1784303773
|move|p1a: Toxapex|Baneful Bunker|p1a: Toxapex
|-singleturn|p1a: Toxapex|move: Protect
|move|p2a: Waterhose|Thunderbolt|p1a: Toxapex
|-activate|p1a: Toxapex|move: Protect
|
|-heal|p2a: Waterhose|25/100 tox|[from] item: Leftovers
|-heal|p1a: Toxapex|43/100|[from] item: Leftovers
|-damage|p2a: Waterhose|3/100 tox|[from] psn
|-damage|p2a: Waterhose|0 fnt|[from] move: Infestation|[partiallytrapped]
|faint|p2a: Waterhose
|
|win|TheLeoj
