|j|☆tsteelerfan
|j|☆homerj71
|html|tsteelerfanhomerj71    
|uhtml|bestof|Game 1 of a best-of-3
|t:|1785776660
|gametype|doubles
|player|p1|tsteelerfan|1|1159
|player|p2|homerj71|169|1105
|gen|9
|tier|[Gen 9 Champions] VGC 2026 Reg M-B (Bo3)
|rated|
|rule|Species Clause: Limit one of each Pokémon
|rule|Item Clause: Limit 1 of each item
|clearpoke
|poke|p1|Farigiraf, L50, F|
|poke|p1|Skeledirge, L50, M|
|poke|p1|Dragalge, L50, M|
|poke|p1|Milotic, L50, F|
|poke|p1|Scrafty, L50, M|
|poke|p1|Kingambit, L50, M|
|poke|p2|Tyranitar, L50, M|
|poke|p2|Staraptor, L50, F|
|poke|p2|Gholdengo, L50|
|poke|p2|Excadrill, L50, F|
|poke|p2|Sinistcha, L50|
|poke|p2|Milotic, L50, F|
|teampreview|4
|showteam|p1|Farigiraf||SitrusBerry|ArmorTail|TrickRoom,Protect,Psychic,Thunderbolt|Relaxed||F|||50|]Skeledirge||PasshoBerry|Unaware|ShadowBall,EarthPower,TorchSong,HyperVoice|Quiet||M|||50|]Dragalge||Dragalgite|Adaptability|DragonPulse,FocusBlast,SludgeBomb,Protect|Quiet||M|||50|]Milotic||Leftovers|Competitive|Coil,Hypnosis,HydroPump,Protect|Timid||F|||50|]Scrafty||Scraftinite|Intimidate|FakeOut,Detect,KnockOff,CloseCombat|Brave||M|||50|]Kingambit||ShucaBerry|Defiant|SuckerPunch,SwordsDance,KowtowCleave,Protect|Brave||M|||50|
|showteam|p2|Tyranitar||Tyranitarite|SandStream|KnockOff,RockSlide,Protect,LowKick|Jolly||M|||50|]Staraptor||Staraptite|Intimidate|DualWingbeat,CloseCombat,Protect,Tailwind|Jolly||F|||50|]Gholdengo||LifeOrb|GoodasGold|MakeItRain,NastyPlot,Protect,ShadowBall|Timid|||||50|]Excadrill||FocusSash|SandRush|HighHorsepower,IronHead,RockSlide,Protect|Adamant||F|||50|]Sinistcha||SitrusBerry|Hospitality|MatchaGotcha,RagePowder,ShadowBall,Protect|Calm|||||50|]Milotic||Leftovers|Competitive|Scald,IcyWind,Protect,IceBeam|Modest||F|||50|
|inactive|Battle timer is ON: inactive players will automatically lose when time's up. (requested by homerj71)
|inactive|tsteelerfan has 60 seconds left.
|inactive|homerj71 has 60 seconds left.
|inactive|tsteelerfan has 30 seconds left.
|inactive|tsteelerfan has 20 seconds left.
|inactive|tsteelerfan has 15 seconds left.
|inactive|tsteelerfan has 10 seconds left.
|
|t:|1785776745
|teamsize|p1|4
|teamsize|p2|4
|start
|switch|p1a: Farigiraf|Farigiraf, L50, F|100/100
|switch|p1b: Scrafty|Scrafty, L50, M|100/100
|switch|p2a: Milotic|Milotic, L50, F|100/100
|switch|p2b: Tyranitar|Tyranitar, L50, M|100/100
|-weather|Sandstorm|[from] ability: Sand Stream|[of] p2b: Tyranitar
|-ability|p1b: Scrafty|Intimidate|boost
|-unboost|p2a: Milotic|atk|1
|-ability|p2a: Milotic|Competitive|boost
|-boost|p2a: Milotic|spa|2
|-unboost|p2b: Tyranitar|atk|1
|turn|1
|
|t:|1785776767
|move|p2b: Tyranitar|Protect|p2b: Tyranitar
|-singleturn|p2b: Tyranitar|Protect
|move|p1b: Scrafty|Fake Out|p2a: Milotic
|-damage|p2a: Milotic|88/100
|cant|p2a: Milotic|flinch
|move|p1a: Farigiraf|Trick Room|p1a: Farigiraf
|-fieldstart|move: Trick Room|[of] p1a: Farigiraf
|
|-weather|Sandstorm|[upkeep]
|-damage|p1b: Scrafty|93/100|[from] Sandstorm
|-damage|p1a: Farigiraf|93/100|[from] Sandstorm
|-damage|p2a: Milotic|82/100|[from] Sandstorm
|-heal|p2a: Milotic|88/100|[from] item: Leftovers
|upkeep
|turn|2
|
|t:|1785776781
|switch|p1b: Skeledirge|Skeledirge, L50, M|100/100
|switch|p2b: Gholdengo|Gholdengo, L50|100/100
|move|p1a: Farigiraf|Protect|p1a: Farigiraf
|-singleturn|p1a: Farigiraf|Protect
|move|p2a: Milotic|Scald|p1b: Skeledirge
|-supereffective|p1b: Skeledirge|1
|-enditem|p1b: Skeledirge|Passho Berry|[eat]
|-enditem|p1b: Skeledirge|Passho Berry|[weaken]
|-damage|p1b: Skeledirge|63/100
|
|-weather|Sandstorm|[upkeep]
|-damage|p1a: Farigiraf|87/100|[from] Sandstorm
|-damage|p1b: Skeledirge|57/100|[from] Sandstorm
|-damage|p2a: Milotic|82/100|[from] Sandstorm
|-heal|p2a: Milotic|88/100|[from] item: Leftovers
|upkeep
|turn|3
|
|t:|1785776800
|move|p2b: Gholdengo|Protect|p2b: Gholdengo
|-singleturn|p2b: Gholdengo|Protect
|move|p1a: Farigiraf|Thunderbolt|p2a: Milotic
|-supereffective|p2a: Milotic|1
|-damage|p2a: Milotic|57/100
|-status|p2a: Milotic|par
|move|p2a: Milotic|Scald|p1b: Skeledirge
|-supereffective|p1b: Skeledirge|1
|-damage|p1b: Skeledirge|0 fnt
|faint|p1b: Skeledirge
|
|-weather|Sandstorm|[upkeep]
|-damage|p2a: Milotic|51/100 par|[from] Sandstorm
|-damage|p1a: Farigiraf|81/100|[from] Sandstorm
|-heal|p2a: Milotic|57/100 par|[from] item: Leftovers
|upkeep
|
|t:|1785776809
|switch|p1b: Dragalge|Dragalge, L50, M|100/100
|turn|4
|
|t:|1785776831
|move|p2a: Milotic|Ice Beam|p1b: Dragalge
|-supereffective|p1b: Dragalge|1
|-damage|p1b: Dragalge|18/100
|move|p1b: Dragalge|Sludge Bomb|p2a: Milotic
|-damage|p2a: Milotic|20/100y par
|move|p1a: Farigiraf|Thunderbolt|p2a: Milotic
|-supereffective|p2a: Milotic|1
|-damage|p2a: Milotic|0 fnt
|faint|p2a: Milotic
|move|p2b: Gholdengo|Make It Rain|p1b: Dragalge|[spread] p1a
|-miss|p2b: Gholdengo|p1b: Dragalge
|-damage|p1a: Farigiraf|34/100
|-unboost|p2b: Gholdengo|spa|2
|-enditem|p1a: Farigiraf|Sitrus Berry|[eat]
|-heal|p1a: Farigiraf|59/100|[from] item: Sitrus Berry
|-damage|p2b: Gholdengo|90/100|[from] item: Life Orb
|
|-weather|Sandstorm|[upkeep]
|-damage|p1b: Dragalge|12/100|[from] Sandstorm
|-damage|p1a: Farigiraf|52/100|[from] Sandstorm
|upkeep
|
|t:|1785776846
|switch|p2a: Tyranitar|Tyranitar, L50, M|100/100
|turn|5
|
|t:|1785776864
|switch|p1a: Scrafty|Scrafty, L50, M|93/100
|-ability|p1a: Scrafty|Intimidate|boost
|-unboost|p2a: Tyranitar|atk|1
|-unboost|p2b: Gholdengo|atk|1
|move|p2a: Tyranitar|Protect|p2a: Tyranitar
|-singleturn|p2a: Tyranitar|Protect
|move|p2b: Gholdengo|Protect|p2b: Gholdengo
|-singleturn|p2b: Gholdengo|Protect
|move|p1b: Dragalge|Focus Blast|p2a: Tyranitar
|-activate|p2a: Tyranitar|move: Protect
|
|-weather|none
|-fieldend|move: Trick Room
|upkeep
|turn|6
|inactive|tsteelerfan has 30 seconds left.
|
|t:|1785776890
|switch|p2b: Excadrill|Excadrill, L50, F|100/100
|detailschange|p2a: Tyranitar|Tyranitar-Mega, L50, M
|-mega|p2a: Tyranitar|Tyranitar|Tyranitarite
|-weather|Sandstorm|[from] ability: Sand Stream|[of] p2a: Tyranitar
|detailschange|p1b: Dragalge|Dragalge-Mega, L50, M
|-mega|p1b: Dragalge|Dragalge|Dragalgite
|move|p1b: Dragalge|Protect|p1b: Dragalge
|-singleturn|p1b: Dragalge|Protect
|move|p2a: Tyranitar|Rock Slide|p1b: Dragalge|[spread] p1a
|-activate|p1b: Dragalge|move: Protect
|-resisted|p1a: Scrafty|1
|-damage|p1a: Scrafty|82/100
|move|p1a: Scrafty|Knock Off|p2b: Excadrill
|-damage|p2b: Excadrill|33/100
|-enditem|p2b: Excadrill|Focus Sash|[from] move: Knock Off|[of] p1a: Scrafty
|
|-weather|Sandstorm|[upkeep]
|-damage|p1a: Scrafty|76/100|[from] Sandstorm
|-damage|p1b: Dragalge|6/100|[from] Sandstorm
|upkeep
|turn|7
|
|t:|1785776912
|-heal|p1b: Dragalge|39/100|[from] ability: Regenerator|[silent]
|switch|p1b: Farigiraf|Farigiraf, L50, F|52/100
|move|p1a: Scrafty|Detect|p1a: Scrafty
|-singleturn|p1a: Scrafty|Protect
|move|p2b: Excadrill|Rock Slide|p1a: Scrafty|[spread] p1b
|-activate|p1a: Scrafty|move: Protect
|-damage|p1b: Farigiraf|33/100
|move|p2a: Tyranitar|Low Kick|p1a: Scrafty
|-activate|p1a: Scrafty|move: Protect
|
|-weather|Sandstorm|[upkeep]
|-damage|p1b: Farigiraf|26/100|[from] Sandstorm
|-damage|p1a: Scrafty|70/100|[from] Sandstorm
|upkeep
|turn|8
|
|t:|1785776936
|switch|p2a: Gholdengo|Gholdengo, L50|90/100
|switch|p1a: Dragalge|Dragalge-Mega, L50, M|39/100
|move|p1b: Farigiraf|Protect|p1b: Farigiraf
|-singleturn|p1b: Farigiraf|Protect
|move|p2b: Excadrill|High Horsepower|p1a: Dragalge|[miss]
|-miss|p2b: Excadrill|p1a: Dragalge
|
|-weather|Sandstorm|[upkeep]
|-damage|p1b: Farigiraf|20/100y|[from] Sandstorm
|-damage|p1a: Dragalge|33/100|[from] Sandstorm
|upkeep
|turn|9
|
|t:|1785776953
|-heal|p1a: Dragalge|66/100|[from] ability: Regenerator|[silent]
|switch|p1a: Scrafty|Scrafty, L50, M|70/100
|-ability|p1a: Scrafty|Intimidate|boost
|-unboost|p2a: Gholdengo|atk|1
|-unboost|p2b: Excadrill|atk|1
|move|p2b: Excadrill|Rock Slide|p1b: Farigiraf|[spread] p1a,p1b
|-resisted|p1a: Scrafty|1
|-damage|p1a: Scrafty|63/100
|-damage|p1b: Farigiraf|8/100
|move|p2a: Gholdengo|Make It Rain|p1a: Scrafty|[spread] p1a,p1b
|-damage|p1a: Scrafty|13/100
|-damage|p1b: Farigiraf|0 fnt
|-unboost|p2a: Gholdengo|spa|2
|faint|p1b: Farigiraf
|-damage|p2a: Gholdengo|80/100|[from] item: Life Orb
|
|-weather|Sandstorm|[upkeep]
|-damage|p1a: Scrafty|7/100|[from] Sandstorm
|upkeep
|
|t:|1785776964
|switch|p1b: Dragalge|Dragalge-Mega, L50, M|66/100
|turn|10
|
|t:|1785776978
|switch|p2a: Tyranitar|Tyranitar-Mega, L50, M|100/100
|move|p2b: Excadrill|Rock Slide|p1b: Dragalge|[spread] p1a,p1b
|-resisted|p1a: Scrafty|1
|-damage|p1a: Scrafty|0 fnt
|-damage|p1b: Dragalge|53/100
|faint|p1a: Scrafty
|cant|p1b: Dragalge|flinch
|
|-weather|none
|upkeep
|turn|11
|
|t:|1785776988
|move|p2b: Excadrill|High Horsepower|p1b: Dragalge
|-supereffective|p1b: Dragalge|1
|-damage|p1b: Dragalge|0 fnt
|faint|p1b: Dragalge
|
|win|homerj71
