|j|☆spacewhale314
|j|☆joeykoalas
|html|spacewhale314joeykoalas    
|uhtml|bestof|Game 2 of a best-of-3
|t:|1783030704
|gametype|doubles
|player|p1|spacewhale314|lyra|
|player|p2|joeykoalas|pokemaniac|
|gen|9
|tier|[Gen 9 Champions] VGC 2026 Reg M-B (Bo3)
|rule|Species Clause: Limit one of each Pokémon
|rule|Item Clause: Limit 1 of each item
|clearpoke
|poke|p1|Blastoise, L50, F|
|poke|p1|Scovillain, L50, M|
|poke|p1|Skarmory, L50, F|
|poke|p1|Mamoswine, L50, F|
|poke|p1|Cofagrigus, L50, F|
|poke|p1|Medicham, L50, F|
|poke|p2|Kangaskhan, L50, F|
|poke|p2|Chandelure, L50, F|
|poke|p2|Hydreigon, L50, F|
|poke|p2|Basculegion, L50, M|
|poke|p2|Talonflame, L50, M|
|poke|p2|Raichu-Alola, L50, F|
|teampreview|4
|showteam|p1|Blastoise||Blastoisinite|RainDish|AuraSphere,DarkPulse,ShellSmash,Protect|Modest||F|||50|]Scovillain||Scovillainite|Insomnia|RagePowder,LeechSeed,SuperFang,LashOut|Impish||M|||50|]Skarmory||Skarmorite|Sturdy|Tailwind,Feint,RockSlide,Taunt|Impish||F|||50|]Mamoswine||ChopleBerry|ThickFat|RockTomb,IceShard,Amnesia,Protect|Adamant||F|||50|]Cofagrigus||SitrusBerry|Mummy|ShadowBall,FakeTears,TrickRoom,GuardSwap|Calm||F|||50|]Medicham||FocusSash|PurePower|FakeOut,CalmMind,BatonPass,SkillSwap|Careful||F|||50|
|showteam|p2|Kangaskhan||Kangaskhanite|Scrappy|FakeOut,DoubleEdge,Protect,SuckerPunch|Jolly||F|||50|]Chandelure||MentalHerb|FlashFire|HeatWave,ShadowBall,TrickRoom,Imprison|Quiet||F|||50|]Hydreigon||SitrusBerry|Levitate|DracoMeteor,DarkPulse,HeatWave,Protect|Timid||F|||50|]Basculegion||ChoiceScarf|Adaptability|WaveCrash,LastRespects,AquaJet,FlipTurn|Jolly||M|||50|]Talonflame||Leftovers|GaleWings|BraveBird,Tailwind,Taunt,Protect|Jolly||M|||50|]Raichu-Alola||FocusSash|SurgeSurfer|Thunderbolt,Nuzzle,Encore,Protect|Hasty||F|||50|
|j| frosteefromyt
|
|t:|1783030772
|teamsize|p1|4
|teamsize|p2|4
|start
|switch|p1a: Doyle|Mamoswine, L50, F|100/100
|switch|p1b: Deng|Skarmory, L50, F|100/100
|switch|p2a: Kangaskhan|Kangaskhan, L50, F|100/100
|switch|p2b: Hydreigon|Hydreigon, L50, F|100/100
|turn|1
|
|t:|1783030799
|move|p1a: Doyle|Protect|p1a: Doyle
|-singleturn|p1a: Doyle|Protect
|move|p2a: Kangaskhan|Fake Out|p1a: Doyle
|-activate|p1a: Doyle|move: Protect
|move|p2b: Hydreigon|Heat Wave|p1b: Deng|[spread] p1b
|-activate|p1a: Doyle|move: Protect
|-supereffective|p1b: Deng|1
|-damage|p1b: Deng|35/100
|move|p1b: Deng|Tailwind|p1b: Deng
|-sidestart|p1: spacewhale314|move: Tailwind
|
|upkeep
|turn|2
|
|t:|1783030829
|switch|p1b: Ben Ayre|Scovillain, L50, M|100/100
|detailschange|p2a: Kangaskhan|Kangaskhan-Mega, L50, F
|-mega|p2a: Kangaskhan|Kangaskhan|Kangaskhanite
|move|p1a: Doyle|Amnesia|p1a: Doyle
|-boost|p1a: Doyle|spd|2
|move|p2a: Kangaskhan|Double-Edge|p1b: Ben Ayre
|-damage|p1b: Ben Ayre|33/100
|-damage|p1b: Ben Ayre|17/100
|-hitcount|p1b: Ben Ayre|2
|-damage|p2a: Kangaskhan|74/100|[from] Recoil
|move|p2b: Hydreigon|Draco Meteor|p1a: Doyle
|-damage|p1a: Doyle|53/100
|-unboost|p2b: Hydreigon|spa|2
|
|upkeep
|turn|3
|
|t:|1783030855
|move|p1b: Ben Ayre|Rage Powder|p1b: Ben Ayre
|-singleturn|p1b: Ben Ayre|move: Rage Powder
|move|p2a: Kangaskhan|Sucker Punch||[still]
|-fail|p2a: Kangaskhan
|move|p1a: Doyle|Rock Tomb|p2a: Kangaskhan
|-damage|p2a: Kangaskhan|53/100
|-unboost|p2a: Kangaskhan|spe|1
|move|p2b: Hydreigon|Heat Wave|p1a: Doyle|[spread] p1a
|-miss|p2b: Hydreigon|p1b: Ben Ayre
|-supereffective|p1a: Doyle|1
|-damage|p1a: Doyle|45/100
|
|upkeep
|turn|4
|
|t:|1783030893
|move|p1a: Doyle|Ice Shard|p2b: Hydreigon
|-supereffective|p2b: Hydreigon|1
|-damage|p2b: Hydreigon|50/100g
|move|p1b: Ben Ayre|Super Fang|p2a: Kangaskhan
|-damage|p2a: Kangaskhan|26/100
|move|p2b: Hydreigon|Heat Wave|p1b: Ben Ayre|[spread] p1a,p1b
|-supereffective|p1a: Doyle|1
|-damage|p1a: Doyle|37/100
|-damage|p1b: Ben Ayre|1/100
|move|p2a: Kangaskhan|Double-Edge|p1b: Ben Ayre
|-damage|p1b: Ben Ayre|0 fnt
|faint|p1b: Ben Ayre
|-damage|p2a: Kangaskhan|26/100|[from] Recoil
|
|-sideend|p1: spacewhale314|move: Tailwind
|upkeep
|
|t:|1783030908
|switch|p1b: Deng|Skarmory, L50, F|35/100
|turn|5
|
|t:|1783030917
|move|p1a: Doyle|Ice Shard|p2b: Hydreigon
|-supereffective|p2b: Hydreigon|1
|-damage|p2b: Hydreigon|6/100
|-enditem|p2b: Hydreigon|Sitrus Berry|[eat]
|-heal|p2b: Hydreigon|31/100|[from] item: Sitrus Berry
|move|p2b: Hydreigon|Draco Meteor|p1a: Doyle
|-damage|p1a: Doyle|15/100
|-unboost|p2b: Hydreigon|spa|2
|move|p2a: Kangaskhan|Double-Edge|p1a: Doyle
|-damage|p1a: Doyle|0 fnt
|faint|p1a: Doyle
|-damage|p2a: Kangaskhan|20/100y|[from] Recoil
|move|p1b: Deng|Tailwind|p1b: Deng
|-sidestart|p1: spacewhale314|move: Tailwind
|
|upkeep
|
|t:|1783030932
|switch|p1a: Magnay|Blastoise, L50, F|100/100
|turn|6
|
|t:|1783030957
|detailschange|p1a: Magnay|Blastoise-Mega, L50, F
|-mega|p1a: Magnay|Blastoise|Blastoisinite
|move|p1a: Magnay|Shell Smash|p1a: Magnay
|-unboost|p1a: Magnay|def|1
|-unboost|p1a: Magnay|spd|1
|-boost|p1a: Magnay|atk|2
|-boost|p1a: Magnay|spa|2
|-boost|p1a: Magnay|spe|2
|move|p1b: Deng|Rock Slide|p2b: Hydreigon|[spread] p2a,p2b
|-damage|p2a: Kangaskhan|9/100
|-damage|p2b: Hydreigon|17/100
|move|p2b: Hydreigon|Draco Meteor|p1a: Magnay
|-damage|p1a: Magnay|70/100
|-unboost|p2b: Hydreigon|spa|2
|move|p2a: Kangaskhan|Double-Edge|p1a: Magnay
|-damage|p1a: Magnay|0 fnt
|faint|p1a: Magnay
|-damage|p2a: Kangaskhan|0 fnt|[from] Recoil
|faint|p2a: Kangaskhan
|
|upkeep
|
|t:|1783030980
|switch|p2a: Raichu|Raichu-Alola, L50, F|100/100
|turn|7
|c|☆spacewhale314|ggwp
|
|t:|1783030999
|move|p2b: Hydreigon|Protect|p2b: Hydreigon
|-singleturn|p2b: Hydreigon|Protect
|move|p1b: Deng|Rock Slide|p2a: Raichu|[spread] p2a
|-activate|p2b: Hydreigon|move: Protect
|-damage|p2a: Raichu|78/100
|cant|p2a: Raichu|flinch
|
|upkeep
|turn|8
|
|t:|1783031009
|move|p1b: Deng|Rock Slide|p2a: Raichu|[spread] p2a,p2b
|-damage|p2a: Raichu|56/100
|-damage|p2b: Hydreigon|5/100
|move|p2a: Raichu|Thunderbolt|p1b: Deng
|-supereffective|p1b: Deng|1
|-damage|p1b: Deng|0 fnt
|faint|p1b: Deng
|
|win|joeykoalas
|c|☆joeykoalas|gg
|l| frosteefromyt
