|j|☆sturmkitten69
|j|☆javichicaino
|html|sturmkitten69javichicaino    
|uhtml|bestof|Game 2 of a best-of-3
|t:|1782203137
|gametype|doubles
|player|p1|sturmkitten69|fisherman-gen4|1052
|player|p2|javichicaino|266|1109
|gen|9
|tier|[Gen 9 Champions] VGC 2026 Reg M-B (Bo3)
|rated|
|rule|Species Clause: Limit one of each Pokémon
|rule|Item Clause: Limit 1 of each item
|clearpoke
|poke|p1|Rotom-Heat, L50|
|poke|p1|Swampert, L50, M, shiny|
|poke|p1|Archaludon, L50, M|
|poke|p1|Pelipper, L50, F|
|poke|p1|Sneasler, L50, F|
|poke|p1|Sinistcha, L50|
|poke|p2|Tyranitar, L50, M|
|poke|p2|Annihilape, L50, M|
|poke|p2|Whimsicott, L50, F|
|poke|p2|Gholdengo, L50|
|poke|p2|Rotom-Wash, L50|
|poke|p2|Sceptile, L50, M|
|teampreview|4
|showteam|p1|Rotom-Heat||ChoiceScarf|Levitate|Overheat,VoltSwitch,Thunderbolt,WillOWisp|Timid|||||50|]Swampert||Swampertite|Damp|Protect,IcePunch,Liquidation,Earthquake|Adamant||M|||50|]Archaludon||Leftovers|Stamina|DragonPulse,Protect,ElectroShot,FlashCannon|Modest||M|||50|]Pelipper||FocusSash|Drizzle|Protect,WeatherBall,Hurricane,Tailwind|Modest||F|||50|]Sneasler||LifeOrb|PoisonTouch|DireClaw,FakeOut,Protect,BrickBreak|Adamant||F|||50|]Sinistcha||SitrusBerry|Hospitality|Protect,MatchaGotcha,RagePowder,LifeDew|Bold|||||50|
|showteam|p2|Tyranitar||Tyranitarite|SandStream|RockSlide,KnockOff,IcePunch,Protect|Adamant||M|||50|]Annihilape||SitrusBerry|Defiant|RageFist,DrainPunch,BulkUp,Protect|Careful||M|||50|]Whimsicott||FairyFeather|Prankster|BeatUp,Tailwind,Moonblast,Encore|Timid||F|||50|]Gholdengo||LifeOrb|GoodasGold|MakeItRain,ShadowBall,NastyPlot,Protect|Timid|||||50|]Rotom-Wash||ChoiceScarf|Levitate|Discharge,VoltSwitch,HydroPump,WillOWisp|Timid|||||50|]Sceptile||Sceptilite|Overgrow|DragonPulse,EarthPower,LeafStorm,Protect|Timid||M|||50|
|
|t:|1782203189
|teamsize|p1|4
|teamsize|p2|4
|start
|switch|p1a: Sneasler|Sneasler, L50, F|100/100
|switch|p1b: Pelipper|Pelipper, L50, F|100/100
|switch|p2a: Sceptile|Sceptile, L50, M|100/100
|switch|p2b: Rotom|Rotom-Wash, L50|100/100
|-weather|RainDance|[from] ability: Drizzle|[of] p1b: Pelipper
|turn|1
|
|t:|1782203228
|switch|p2b: Whimsicott|Whimsicott, L50, F|100/100
|detailschange|p2a: Sceptile|Sceptile-Mega, L50, M
|-mega|p2a: Sceptile|Sceptile|Sceptilite
|move|p2a: Sceptile|Protect|p2a: Sceptile
|-singleturn|p2a: Sceptile|Protect
|move|p1a: Sneasler|Dire Claw|p2b: Whimsicott
|-supereffective|p2b: Whimsicott|2
|-damage|p2b: Whimsicott|0 fnt
|faint|p2b: Whimsicott
|-damage|p1a: Sneasler|90/100|[from] item: Life Orb
|move|p1b: Pelipper|Tailwind|p1b: Pelipper
|-sidestart|p1: sturmkitten69|move: Tailwind
|
|-weather|RainDance|[upkeep]
|upkeep
|
|t:|1782203259
|switch|p2b: Gholdengo|Gholdengo, L50|100/100
|turn|2
|
|t:|1782203271
|switch|p2a: Rotom|Rotom-Wash, L50|100/100
|move|p1a: Sneasler|Dire Claw|p2a: Rotom
|-damage|p2a: Rotom|32/100
|-status|p2a: Rotom|psn|[from] ability: Poison Touch|[of] p1a: Sneasler
|-damage|p1a: Sneasler|80/100|[from] item: Life Orb
|move|p1b: Pelipper|Hurricane|p2a: Rotom
|-resisted|p2a: Rotom|1
|-damage|p2a: Rotom|0 fnt
|faint|p2a: Rotom
|move|p2b: Gholdengo|Shadow Ball|p1a: Sneasler
|-damage|p1a: Sneasler|18/100
|-damage|p2b: Gholdengo|90/100|[from] item: Life Orb
|
|-weather|RainDance|[upkeep]
|upkeep
|
|t:|1782203283
|switch|p2a: Sceptile|Sceptile-Mega, L50, M|100/100
|turn|3
|
|t:|1782203300
|move|p1a: Sneasler|Protect|p1a: Sneasler
|-singleturn|p1a: Sneasler|Protect
|move|p2a: Sceptile|Protect|p2a: Sceptile
|-singleturn|p2a: Sceptile|Protect
|move|p1b: Pelipper|Weather Ball|p2b: Gholdengo
|-damage|p2b: Gholdengo|7/100
|move|p2b: Gholdengo|Nasty Plot|p2b: Gholdengo
|-boost|p2b: Gholdengo|spa|2
|
|-weather|RainDance|[upkeep]
|upkeep
|turn|4
|
|t:|1782203314
|move|p2a: Sceptile|Protect|p2a: Sceptile
|-singleturn|p2a: Sceptile|Protect
|move|p2b: Gholdengo|Protect|p2b: Gholdengo
|-singleturn|p2b: Gholdengo|Protect
|move|p1a: Sneasler|Dire Claw|p2a: Sceptile
|-activate|p2a: Sceptile|move: Protect
|move|p1b: Pelipper|Hurricane|p2a: Sceptile
|-activate|p2a: Sceptile|move: Protect
|
|-weather|RainDance|[upkeep]
|-sideend|p1: sturmkitten69|move: Tailwind
|upkeep
|turn|5
|
|t:|1782203351
|move|p1a: Sneasler|Protect|p1a: Sneasler
|-singleturn|p1a: Sneasler|Protect
|move|p2a: Sceptile|Dragon Pulse|p1b: Pelipper
|-damage|p1b: Pelipper|10/100
|move|p2b: Gholdengo|Make It Rain|p1a: Sneasler|[spread] p1b
|-activate|p1a: Sneasler|move: Protect
|-resisted|p1b: Pelipper|1
|-damage|p1b: Pelipper|0 fnt
|-unboost|p2b: Gholdengo|spa|2
|faint|p1b: Pelipper
|-damage|p2b: Gholdengo|0 fnt|[from] item: Life Orb
|faint|p2b: Gholdengo
|
|-weather|none
|upkeep
|
|t:|1782203366
|switch|p1b: Archaludon|Archaludon, L50, M|100/100
|turn|6
|
|t:|1782203373
|move|p2a: Sceptile|Earth Power|p1a: Sneasler
|-supereffective|p1a: Sneasler|1
|-damage|p1a: Sneasler|0 fnt
|faint|p1a: Sneasler
|move|p1b: Archaludon|Dragon Pulse|p2a: Sceptile
|-supereffective|p2a: Sceptile|1
|-damage|p2a: Sceptile|0 fnt
|faint|p2a: Sceptile
|
|win|sturmkitten69
|raw|sturmkitten69's rating: 1052 → 1089(+37 for winning)
|raw|javichicaino's rating: 1109 → 1080(-29 for losing)
|l|☆javichicaino
|player|p2|
|c|☆sturmkitten69|gg
