|j|☆Giocostorto
|j|☆scottedstone
|html|Giocostortoscottedstone    
|uhtml|bestof|Game 3 of a best-of-3
|t:|1756928985
|gametype|doubles
|player|p1|Giocostorto|palmer|1153
|player|p2|scottedstone|2|1142
|gen|9
|tier|[Gen 9] VGC 2025 Reg H (Bo3)
|rated|
|rule|Species Clause: Limit one of each Pokémon
|rule|Item Clause: Limit 1 of each item
|clearpoke
|poke|p1|Misdreavus, L50, F|
|poke|p1|Gothitelle, L50, M|
|poke|p1|Amoonguss, L50, F|
|poke|p1|Incineroar, L50, M|
|poke|p1|Primarina, L50, M|
|poke|p1|Ursaluna, L50, F|
|poke|p2|Pelipper, L50, M|
|poke|p2|Basculegion, L50, M|
|poke|p2|Archaludon, L50, F|
|poke|p2|Sneasler, L50, M|
|poke|p2|Indeedee, L50, M|
|poke|p2|Amoonguss, L50, M|
|teampreview|4
|showteam|p1|Misdreavus||Eviolite|Levitate|Protect,PerishSong,TrickRoom,ShadowBall|||F|||50|,,,,,Fire]Gothitelle||SafetyGoggles|ShadowTag|Protect,Psychic,TrickRoom,FakeOut|||M|||50|,,,,,Water]Amoonguss||MentalHerb|Regenerator|Protect,Spore,RagePowder,PollenPuff|||F|||50|,,,,,Water]Incineroar||MirrorHerb|Intimidate|Protect,FlareBlitz,FakeOut,PartingShot|||M|||50|,,,,,Grass]Primarina||SitrusBerry|LiquidVoice|Protect,Moonblast,PerishSong,HyperVoice|||M|||50|,,,,,Steel]Ursaluna||FlameOrb|Guts|Protect,HeadlongRush,Earthquake,Facade|||F|||50|,,,,,Ghost
|showteam|p2|Pelipper||FocusSash|Drizzle|Hurricane,WeatherBall,Tailwind,Protect|||M|||50|,,,,,Stellar]Basculegion||LifeOrb|SwiftSwim|WaveCrash,LastRespects,AquaJet,Protect|||M|||50|,,,,,Water]Archaludon||AssaultVest|Stamina|DragonPulse,FlashCannon,ElectroShot,BodyPress|||F|||50|,,,,,Grass]Sneasler||PsychicSeed|Unburden|DireClaw,CloseCombat,ThroatChop,Protect|||M|||50|,,,,,Dark]Indeedee||ChoiceScarf|PsychicSurge|ExpandingForce,TeraBlast,Protect,Trick|||M|||50|,,,,,Psychic]Amoonguss||SitrusBerry|Regenerator|PollenPuff,RagePowder,Spore,Protect|||M|||50|,,,,,Water
|inactive|Battle timer is ON: inactive players will automatically lose when time's up. (requested by Giocostorto)
|
|t:|1756929007
|teamsize|p1|4
|teamsize|p2|4
|start
|switch|p1a: Gothitelle|Gothitelle, L50, M|100/100
|switch|p1b: Incineroar|Incineroar, L50, M|100/100
|switch|p2a: Pelipper|Pelipper, L50, M|100/100
|switch|p2b: Basculegion|Basculegion, L50, M|100/100
|-weather|RainDance|[from] ability: Drizzle|[of] p2a: Pelipper
|-ability|p1b: Incineroar|Intimidate|boost
|-unboost|p2a: Pelipper|atk|1
|-unboost|p2b: Basculegion|atk|1
|turn|1
|inactive|scottedstone has 30 seconds left.
|
|t:|1756929038
|-terastallize|p1a: Gothitelle|Water
|move|p2b: Basculegion|Wave Crash|p1a: Gothitelle
|-resisted|p1a: Gothitelle
|-damage|p1a: Gothitelle|64/100
|-damage|p2b: Basculegion|90/100|[from] Recoil
|-damage|p2b: Basculegion|80/100|[from] item: Life Orb
|move|p2a: Pelipper|Hurricane|p1a: Gothitelle
|-damage|p1a: Gothitelle|26/100
|move|p1b: Incineroar|Parting Shot|p2a: Pelipper
|-unboost|p2a: Pelipper|atk|1
|-unboost|p2a: Pelipper|spa|1
|
|t:|1756929049
|switch|p1b: Ursaluna|Ursaluna, L50, F|100/100|[from] Parting Shot
|move|p1a: Gothitelle|Trick Room|p1a: Gothitelle
|-fieldstart|move: Trick Room|[of] p1a: Gothitelle
|
|-weather|RainDance|[upkeep]
|-status|p1b: Ursaluna|brn|[from] item: Flame Orb
|upkeep
|turn|2
|
|t:|1756929066
|switch|p2b: Amoonguss|Amoonguss, L50, M|100/100
|move|p1b: Ursaluna|Protect|p1b: Ursaluna
|-singleturn|p1b: Ursaluna|Protect
|move|p2a: Pelipper|Protect|p2a: Pelipper
|-singleturn|p2a: Pelipper|Protect
|move|p1a: Gothitelle|Psychic|p2a: Pelipper
|-activate|p2a: Pelipper|move: Protect
|
|-weather|RainDance|[upkeep]
|-damage|p1b: Ursaluna|95/100 brn|[from] brn
|upkeep
|turn|3
|inactive|Giocostorto has 30 seconds left.
|
|t:|1756929095
|switch|p1b: Amoonguss|Amoonguss, L50, F|100/100
|move|p2b: Amoonguss|Rage Powder|p2b: Amoonguss
|-singleturn|p2b: Amoonguss|move: Rage Powder
|move|p1a: Gothitelle|Psychic|p2b: Amoonguss
|-supereffective|p2b: Amoonguss
|-damage|p2b: Amoonguss|50/100
|-enditem|p2b: Amoonguss|Sitrus Berry|[eat]
|-heal|p2b: Amoonguss|75/100|[from] item: Sitrus Berry
|move|p2a: Pelipper|Weather Ball|p1b: Amoonguss
|-resisted|p1b: Amoonguss
|-damage|p1b: Amoonguss|82/100
|
|-weather|RainDance|[upkeep]
|upkeep
|turn|4
|inactive|Giocostorto has 30 seconds left.
|inactive|scottedstone has 30 seconds left.
|
|t:|1756929121
|move|p2a: Pelipper|Protect|p2a: Pelipper
|-singleturn|p2a: Pelipper|Protect
|move|p1b: Amoonguss|Pollen Puff|p1a: Gothitelle
|-heal|p1a: Gothitelle|76/100
|move|p2b: Amoonguss|Pollen Puff|p1a: Gothitelle
|-damage|p1a: Gothitelle|62/100
|move|p1a: Gothitelle|Psychic|p2a: Pelipper
|-activate|p2a: Pelipper|move: Protect
|
|-weather|RainDance|[upkeep]
|upkeep
|turn|5
|
|t:|1756929143
|move|p2b: Amoonguss|Protect|p2b: Amoonguss
|-singleturn|p2b: Amoonguss|Protect
|move|p2a: Pelipper|Protect|p2a: Pelipper
|-singleturn|p2a: Pelipper|Protect
|move|p1b: Amoonguss|Spore|p2b: Amoonguss
|-activate|p2b: Amoonguss|move: Protect
|move|p1a: Gothitelle|Psychic|p2a: Pelipper
|-activate|p2a: Pelipper|move: Protect
|
|-weather|none
|-fieldend|move: Trick Room
|upkeep
|turn|6
|inactive|scottedstone has 30 seconds left.
|inactive|scottedstone has 20 seconds left.
|
|t:|1756929183
|-terastallize|p2a: Pelipper|Stellar
|move|p1b: Amoonguss|Protect|p1b: Amoonguss
|-singleturn|p1b: Amoonguss|Protect
|move|p2a: Pelipper|Hurricane|p1b: Amoonguss
|-activate|p1b: Amoonguss|move: Protect
|move|p2b: Amoonguss|Pollen Puff|p1b: Amoonguss
|-activate|p1b: Amoonguss|move: Protect
|move|p1a: Gothitelle|Trick Room|p1a: Gothitelle
|-fieldstart|move: Trick Room|[of] p1a: Gothitelle
|
|upkeep
|turn|7
|
|t:|1756929197
|move|p2a: Pelipper|Protect|p2a: Pelipper
|-singleturn|p2a: Pelipper|Protect
|move|p1b: Amoonguss|Spore|p2a: Pelipper
|-activate|p2a: Pelipper|move: Protect
|move|p2b: Amoonguss|Pollen Puff|p1a: Gothitelle
|-damage|p1a: Gothitelle|47/100
|move|p1a: Gothitelle|Psychic|p2b: Amoonguss
|-supereffective|p2b: Amoonguss
|-damage|p2b: Amoonguss|26/100
|
|upkeep
|turn|8
|
|t:|1756929212
|move|p2b: Amoonguss|Protect|p2b: Amoonguss
|-singleturn|p2b: Amoonguss|Protect
|move|p1b: Amoonguss|Spore|p2a: Pelipper
|-status|p2a: Pelipper|slp|[from] move: Spore
|move|p1a: Gothitelle|Psychic|p2a: Pelipper
|-damage|p2a: Pelipper|52/100 slp
|-unboost|p2a: Pelipper|spd|1
|cant|p2a: Pelipper|slp
|
|upkeep
|turn|9
|
|t:|1756929237
|move|p1b: Amoonguss|Pollen Puff|p1a: Gothitelle
|-heal|p1a: Gothitelle|97/100
|move|p2b: Amoonguss|Pollen Puff|p1a: Gothitelle
|-crit|p1a: Gothitelle
|-damage|p1a: Gothitelle|75/100
|move|p1a: Gothitelle|Psychic|p2a: Pelipper
|-damage|p2a: Pelipper|0 fnt
|faint|p2a: Pelipper
|
|upkeep
|
|t:|1756929248
|switch|p2a: Basculegion|Basculegion, L50, M|80/100
|turn|10
|
|t:|1756929258
|move|p2b: Amoonguss|Protect|p2b: Amoonguss
|-singleturn|p2b: Amoonguss|Protect
|move|p2a: Basculegion|Protect|p2a: Basculegion
|-singleturn|p2a: Basculegion|Protect
|move|p1b: Amoonguss|Pollen Puff|p1a: Gothitelle
|-heal|p1a: Gothitelle|100/100
|move|p1a: Gothitelle|Psychic|p2b: Amoonguss
|-activate|p2b: Amoonguss|move: Protect
|
|-fieldend|move: Trick Room
|upkeep
|turn|11
|
|t:|1756929273
|move|p2a: Basculegion|Last Respects|p1a: Gothitelle
|-damage|p1a: Gothitelle|36/100
|-damage|p2a: Basculegion|70/100|[from] item: Life Orb
|move|p2b: Amoonguss|Pollen Puff|p1a: Gothitelle
|-damage|p1a: Gothitelle|23/100
|move|p1b: Amoonguss|Spore|p2a: Basculegion
|-status|p2a: Basculegion|slp|[from] move: Spore
|move|p1a: Gothitelle|Trick Room|p1a: Gothitelle
|-fieldstart|move: Trick Room|[of] p1a: Gothitelle
|
|upkeep
|turn|12
|
|t:|1756929293
|move|p1b: Amoonguss|Pollen Puff|p1a: Gothitelle
|-heal|p1a: Gothitelle|72/100
|move|p2b: Amoonguss|Pollen Puff|p1a: Gothitelle
|-damage|p1a: Gothitelle|58/100
|move|p1a: Gothitelle|Psychic|p2a: Basculegion
|-damage|p2a: Basculegion|35/100 slp
|cant|p2a: Basculegion|slp
|
|upkeep
|turn|13
|
|t:|1756929307
|move|p1b: Amoonguss|Pollen Puff|p1a: Gothitelle
|-heal|p1a: Gothitelle|100/100
|move|p2b: Amoonguss|Pollen Puff|p2a: Basculegion
|-heal|p2a: Basculegion|85/100 slp
|move|p1a: Gothitelle|Psychic|p2a: Basculegion
|-damage|p2a: Basculegion|52/100 slp
|cant|p2a: Basculegion|slp
|
|upkeep
|turn|14
|inactive|Giocostorto has 30 seconds left.
|
|t:|1756929339
|move|p1b: Amoonguss|Protect|p1b: Amoonguss
|-singleturn|p1b: Amoonguss|Protect
|move|p2b: Amoonguss|Pollen Puff|p2a: Basculegion
|-heal|p2a: Basculegion|100/100 slp
|move|p1a: Gothitelle|Psychic|p2b: Amoonguss
|-supereffective|p2b: Amoonguss
|-damage|p2b: Amoonguss|0 fnt
|faint|p2b: Amoonguss
|-curestatus|p2a: Basculegion|slp|[msg]
|move|p2a: Basculegion|Last Respects|p1a: Gothitelle
|-damage|p1a: Gothitelle|0 fnt
|faint|p1a: Gothitelle
|-damage|p2a: Basculegion|91/100|[from] item: Life Orb
|
|upkeep
|
|t:|1756929361
|switch|p2b: Archaludon|Archaludon, L50, F|100/100
|switch|p1a: Ursaluna|Ursaluna, L50, F|95/100 brn
|turn|15
|
|t:|1756929380
|move|p2a: Basculegion|Protect|p2a: Basculegion
|-singleturn|p2a: Basculegion|Protect
|move|p1b: Amoonguss|Rage Powder|p1b: Amoonguss
|-singleturn|p1b: Amoonguss|move: Rage Powder
|move|p1a: Ursaluna|Headlong Rush|p2b: Archaludon
|-supereffective|p2b: Archaludon
|-damage|p2b: Archaludon|0 fnt
|-unboost|p1a: Ursaluna|def|1
|-unboost|p1a: Ursaluna|spd|1
|faint|p2b: Archaludon
|
|-damage|p1a: Ursaluna|89/100 brn|[from] brn
|-fieldend|move: Trick Room
|upkeep
|turn|16
|inactive|Giocostorto has 30 seconds left.
|
|t:|1756929407
|move|p1b: Amoonguss|Rage Powder|p1b: Amoonguss
|-singleturn|p1b: Amoonguss|move: Rage Powder
|move|p2a: Basculegion|Wave Crash|p1b: Amoonguss
|-resisted|p1b: Amoonguss
|-damage|p1b: Amoonguss|46/100
|-damage|p2a: Basculegion|78/100|[from] Recoil
|-damage|p2a: Basculegion|68/100|[from] item: Life Orb
|move|p1a: Ursaluna|Headlong Rush|p2a: Basculegion
|-damage|p2a: Basculegion|0 fnt
|-unboost|p1a: Ursaluna|def|1
|-unboost|p1a: Ursaluna|spd|1
|faint|p2a: Basculegion
|
|win|Giocostorto
|raw|Giocostorto's rating: 1153 → 1177(+24 for winning)
|raw|scottedstone's rating: 1142 → 1118(-24 for losing)
|l|☆scottedstone
|player|p2|
|c|☆Giocostorto|gg
|l|☆Giocostorto
|player|p1|
|j|☆Giocostorto
|player|p1|Giocostorto|palmer|
