|j|☆BackPAC
|j|☆theunluckyspirit
|html|BackPACtheunluckyspirit    
|uhtml|bestof|Game 2 of a best-of-3
|t:|1755487123
|gametype|doubles
|player|p1|BackPAC|burglar|1294
|player|p2|theunluckyspirit|cynthia-gen4|1238
|gen|9
|tier|[Gen 9] VGC 2025 Reg H (Bo3)
|rated|
|rule|Species Clause: Limit one of each Pokémon
|rule|Item Clause: Limit 1 of each item
|clearpoke
|poke|p1|Whimsicott, L50, M|
|poke|p1|Annihilape, L50, M|
|poke|p1|Sneasler, L50, F|
|poke|p1|Archaludon, L50, M|
|poke|p1|Rillaboom, L50, F|
|poke|p1|Dragapult, L50, M|
|poke|p2|Sandslash, L50, F|
|poke|p2|Tyranitar, L50, M|
|poke|p2|Incineroar, L50, F|
|poke|p2|Lycanroc, L50, M|
|poke|p2|Gholdengo, L50|
|poke|p2|Indeedee, L50, M|
|teampreview|4
|showteam|p1|Whimsicott||CovertCloak|Prankster|Tailwind,Taunt,BeatUp,Moonblast|||M|||50|,,,,,Water]Annihilape||SafetyGoggles|Defiant|Protect,BulkUp,RageFist,DrainPunch|||M|||50|,,,,,Water]Sneasler||FocusSash|Unburden|Protect,Coaching,CloseCombat,DireClaw|||F|||50|,,,,,Stellar]Archaludon||PowerHerb|Sturdy|Protect,ElectroShot,DragonPulse,FlashCannon|||M|||50|,,,,,Stellar]Rillaboom||AssaultVest|GrassySurge|FakeOut,GrassyGlide,HighHorsepower,WoodHammer|||F|||50|,,,,,Fire]Dragapult||ChoiceBand|ClearBody|Uturn,TeraBlast,DragonDarts,PhantomForce|||M|||50|,,,,,Ghost
|showteam|p2|Sandslash||ChoiceBand|SandRush|KnockOff,HighHorsepower,RockSlide,PoisonJab|||F|||50|,,,,,Grass]Tyranitar||AssaultVest|SandStream|KnockOff,RockSlide,TeraBlast,LowKick|||M|||50|,,,,,Flying]Incineroar||SafetyGoggles|Intimidate|FakeOut,FlareBlitz,PartingShot,KnockOff|||F|||50|,,,,,Ghost]Lycanroc||FocusSash|SandRush|Endeavor,Accelerock,Taunt,RockSlide|||M|||50|,,,,,Rock]Gholdengo||LifeOrb|GoodasGold|MakeItRain,ShadowBall,NastyPlot,Protect||||||50|,,,,,Steel]Indeedee||ChoiceSpecs|PsychicSurge|ExpandingForce,DazzlingGleam,HyperVoice,Trick|||M|||50|,,,,,Psychic
|inactive|Battle timer is ON: inactive players will automatically lose when time's up. (requested by theunluckyspirit)
|
|t:|1755487171
|teamsize|p1|4
|teamsize|p2|4
|start
|switch|p1a: Whimsicott|Whimsicott, L50, M|100/100
|switch|p1b: Dragapult|Dragapult, L50, M|100/100
|switch|p2a: Big $$$|Gholdengo, L50|100/100
|switch|p2b: No Monke Business|Indeedee, L50, M|100/100
|-fieldstart|move: Psychic Terrain|[from] ability: Psychic Surge|[of] p2b: No Monke Business
|turn|1
|
|t:|1755487193
|move|p1a: Whimsicott|Tailwind|p1a: Whimsicott
|-sidestart|p1: BackPAC|move: Tailwind
|move|p1b: Dragapult|U-turn|p2b: No Monke Business
|-supereffective|p2b: No Monke Business
|-damage|p2b: No Monke Business|0 fnt
|faint|p2b: No Monke Business
|
|t:|1755487198
|switch|p1b: Rillaboom|Rillaboom, L50, F|100/100|[from] U-turn
|-fieldstart|move: Grassy Terrain|[from] ability: Grassy Surge|[of] p1b: Rillaboom
|move|p2a: Big $$$|Make It Rain|p1b: Rillaboom|[spread] p1a,p1b
|-supereffective|p1a: Whimsicott
|-damage|p1a: Whimsicott|0 fnt
|-damage|p1b: Rillaboom|51/100
|-unboost|p2a: Big $$$|spa|1
|faint|p1a: Whimsicott
|-damage|p2a: Big $$$|91/100|[from] item: Life Orb
|
|-heal|p1b: Rillaboom|57/100|[from] Grassy Terrain
|-heal|p2a: Big $$$|97/100|[from] Grassy Terrain
|upkeep
|
|t:|1755487207
|switch|p1a: Dragapult|Dragapult, L50, M|100/100
|switch|p2b: Koromaru|Lycanroc, L50, M|100/100
|turn|2
|
|t:|1755487226
|-terastallize|p1a: Dragapult|Ghost
|move|p1a: Dragapult|Tera Blast|p2a: Big $$$|[anim] Tera Blast Ghost
|-supereffective|p2a: Big $$$
|-damage|p2a: Big $$$|0 fnt
|faint|p2a: Big $$$
|move|p1b: Rillaboom|Wood Hammer|p2b: Koromaru
|-supereffective|p2b: Koromaru
|-enditem|p2b: Koromaru|Focus Sash
|-damage|p2b: Koromaru|1/100
|-damage|p1b: Rillaboom|35/100|[from] Recoil
|move|p2b: Koromaru|Rock Slide|p1a: Dragapult|[spread] p1a
|-miss|p2b: Koromaru|p1b: Rillaboom
|-damage|p1a: Dragapult|68/100
|
|-heal|p1a: Dragapult|74/100|[from] Grassy Terrain
|-heal|p1b: Rillaboom|41/100|[from] Grassy Terrain
|-heal|p2b: Koromaru|7/100|[from] Grassy Terrain
|upkeep
|
|t:|1755487230
|switch|p2a: Big Man|Tyranitar, L50, M|100/100
|-weather|Sandstorm|[from] ability: Sand Stream|[of] p2a: Big Man
|turn|3
|
|t:|1755487252
|switch|p1a: Sneasler|Sneasler, L50, F|100/100
|-terastallize|p2a: Big Man|Flying
|move|p2b: Koromaru|Accelerock|p1b: Rillaboom
|-damage|p1b: Rillaboom|23/100
|move|p1b: Rillaboom|Grassy Glide|p2b: Koromaru
|-supereffective|p2b: Koromaru
|-damage|p2b: Koromaru|0 fnt
|faint|p2b: Koromaru
|move|p2a: Big Man|Knock Off|p1a: Sneasler
|-resisted|p1a: Sneasler
|-damage|p1a: Sneasler|59/100
|-enditem|p1a: Sneasler|Focus Sash|[from] move: Knock Off|[of] p2a: Big Man
|
|-weather|Sandstorm|[upkeep]
|-damage|p1a: Sneasler|53/100|[from] Sandstorm
|-damage|p1b: Rillaboom|17/100|[from] Sandstorm
|-damage|p2a: Big Man|94/100|[from] Sandstorm
|-heal|p1a: Sneasler|59/100|[from] Grassy Terrain
|-heal|p1b: Rillaboom|23/100|[from] Grassy Terrain
|upkeep
|turn|4
|
|t:|1755487272
|move|p1a: Sneasler|Dire Claw|p2a: Big Man
|-damage|p2a: Big Man|59/100
|-status|p2a: Big Man|slp
|move|p1b: Rillaboom|Wood Hammer|p2a: Big Man
|-resisted|p2a: Big Man
|-damage|p2a: Big Man|23/100 slp
|-damage|p1b: Rillaboom|12/100|[from] Recoil
|cant|p2a: Big Man|slp
|
|-weather|Sandstorm|[upkeep]
|-damage|p1a: Sneasler|53/100|[from] Sandstorm
|-damage|p1b: Rillaboom|6/100|[from] Sandstorm
|-damage|p2a: Big Man|17/100 slp|[from] Sandstorm
|-heal|p1a: Sneasler|59/100|[from] Grassy Terrain
|-heal|p1b: Rillaboom|12/100|[from] Grassy Terrain
|-sideend|p1: BackPAC|move: Tailwind
|upkeep
|turn|5
|c|☆theunluckyspirit|thank you sneasler
|c|☆theunluckyspirit|gg
|-message|theunluckyspirit forfeited.
|
|win|BackPAC
|raw|BackPAC's rating: 1294 → 1315(+21 for winning)
|raw|theunluckyspirit's rating: 1238 → 1217(-21 for losing)
|l|☆theunluckyspirit
|player|p2|
|c|☆BackPAC|gg
