|j|☆Soraarara
|j|☆breloomb01
|html|Soraararabreloomb01    
|uhtml|bestof|Game 2 of a best-of-3
|t:|1757726321
|gametype|doubles
|player|p1|Soraarara|102|1195
|player|p2|breloomb01|2|1342
|gen|9
|tier|[Gen 9] VGC 2025 Reg H (Bo3)
|rated|
|rule|Species Clause: Limit one of each Pokémon
|rule|Item Clause: Limit 1 of each item
|clearpoke
|poke|p1|Ursaluna, L50, M|
|poke|p1|Jumpluff, L50, F|
|poke|p1|Charizard, L50, M|
|poke|p1|Torkoal, L50, F|
|poke|p1|Incineroar, L50, F|
|poke|p1|Porygon2, L50|
|poke|p2|Amoonguss, L50, F|
|poke|p2|Pelipper, L50, M|
|poke|p2|Archaludon, L50, F|
|poke|p2|Basculegion, L50, M|
|poke|p2|Gholdengo, L50|
|poke|p2|Weavile, L50, M|
|teampreview|4
|showteam|p1|Ursaluna||FlameOrb|Guts|HeadlongRush,Facade,Earthquake,Protect|||M|||50|,,,,,Ghost]Jumpluff||CovertCloak|Chlorophyll|SleepPowder,SunnyDay,Tailwind,RagePowder|||F|||50|,,,,,Water]Charizard||ChoiceSpecs|SolarPower|AirSlash,HeatWave,Overheat,WeatherBall|||M|||50|,,,,,Ghost]Torkoal||EjectPack|Drought|HelpingHand,Eruption,Overheat,Protect|||F|||50|,,,,,Fire]Incineroar||SitrusBerry|Intimidate|FakeOut,FlareBlitz,KnockOff,PartingShot|||F|||50|,,,,,Ghost]Porygon2||Eviolite|Download|TeraBlast,IceBeam,Recover,TrickRoom||||||50|,,,,,Fighting
|showteam|p2|Amoonguss||CovertCloak|Regenerator|PollenPuff,RagePowder,Spore,ClearSmog|||F|||50|,,,,,Water]Pelipper||SafetyGoggles|Drizzle|WeatherBall,Hurricane,Tailwind,Protect|||M|||50|,,,,,Ghost]Archaludon||AssaultVest|Stamina|DragonPulse,ElectroShot,FlashCannon,BodyPress|||F|||50|,,,,,Bug]Basculegion||ChoiceBand|SwiftSwim|WaveCrash,AquaJet,LastRespects,FlipTurn|||M|||50|,,,,,Fairy]Gholdengo||MetalCoat|GoodasGold|MakeItRain,NastyPlot,ShadowBall,Protect||||||50|,,,,,Water]Weavile||FocusSash|Pickpocket|FakeOut,TripleAxel,KnockOff,Taunt|||M|||50|,,,,,Ghost
|inactive|Battle timer is ON: inactive players will automatically lose when time's up. (requested by Soraarara)
|
|t:|1757726351
|teamsize|p1|4
|teamsize|p2|4
|start
|switch|p1a: Porygon2|Porygon2, L50|100/100
|switch|p1b: Incineroar|Incineroar, L50, F|100/100
|switch|p2a: Weavile|Weavile, L50, M|100/100
|switch|p2b: Amoonguss|Amoonguss, L50, F|100/100
|-ability|p1b: Incineroar|Intimidate|boost
|-unboost|p2a: Weavile|atk|1
|-unboost|p2b: Amoonguss|atk|1
|-ability|p1a: Porygon2|Download|boost
|-boost|p1a: Porygon2|atk|1
|turn|1
|
|t:|1757726373
|switch|p2a: Pelipper|Pelipper, L50, M|100/100
|-weather|RainDance|[from] ability: Drizzle|[of] p2a: Pelipper
|move|p1b: Incineroar|Fake Out|p2b: Amoonguss
|-damage|p2b: Amoonguss|90/100
|move|p2b: Amoonguss|Spore|p1a: Porygon2
|-status|p1a: Porygon2|slp|[from] move: Spore
|cant|p1a: Porygon2|slp
|
|-weather|RainDance|[upkeep]
|upkeep
|turn|2
|
|t:|1757726393
|switch|p2a: Gholdengo|Gholdengo, L50|100/100
|switch|p1a: Torkoal|Torkoal, L50, F|100/100
|-weather|SunnyDay|[from] ability: Drought|[of] p1a: Torkoal
|move|p1b: Incineroar|Flare Blitz|p2b: Amoonguss
|-supereffective|p2b: Amoonguss
|-damage|p2b: Amoonguss|0 fnt
|faint|p2b: Amoonguss
|-damage|p1b: Incineroar|68/100|[from] Recoil
|
|-weather|SunnyDay|[upkeep]
|upkeep
|
|t:|1757726401
|switch|p2b: Weavile|Weavile, L50, M|100/100
|turn|3
|
|t:|1757726416
|-terastallize|p2a: Gholdengo|Water
|move|p2b: Weavile|Fake Out|p1a: Torkoal
|-damage|p1a: Torkoal|90/100
|move|p2a: Gholdengo|Nasty Plot|p2a: Gholdengo
|-boost|p2a: Gholdengo|spa|2
|move|p1b: Incineroar|Parting Shot|p2b: Weavile
|-unboost|p2b: Weavile|atk|1
|-unboost|p2b: Weavile|spa|1
|
|t:|1757726435
|switch|p1b: Porygon2|Porygon2, L50|100/100 slp|[from] Parting Shot
|-ability|p1b: Porygon2|Download|boost
|-boost|p1b: Porygon2|atk|1
|cant|p1a: Torkoal|flinch
|
|-weather|SunnyDay|[upkeep]
|upkeep
|turn|4
|inactive|Soraarara has 30 seconds left.
|inactive|Soraarara has 20 seconds left.
|
|t:|1757726475
|move|p1a: Torkoal|Protect|p1a: Torkoal
|-singleturn|p1a: Torkoal|Protect
|move|p2b: Weavile|Taunt|p1b: Porygon2
|-start|p1b: Porygon2|move: Taunt
|move|p2a: Gholdengo|Nasty Plot|p2a: Gholdengo
|-boost|p2a: Gholdengo|spa|2
|cant|p1b: Porygon2|slp
|
|-weather|SunnyDay|[upkeep]
|upkeep
|turn|5
|
|t:|1757726495
|switch|p1b: Incineroar|Incineroar, L50, F|68/100
|-ability|p1b: Incineroar|Intimidate|boost
|-unboost|p2a: Gholdengo|atk|1
|-unboost|p2b: Weavile|atk|1
|move|p2b: Weavile|Knock Off|p1b: Incineroar
|-resisted|p1b: Incineroar
|-crit|p1b: Incineroar
|-damage|p1b: Incineroar|37/100
|-enditem|p1b: Incineroar|Sitrus Berry|[from] move: Knock Off|[of] p2b: Weavile
|move|p2a: Gholdengo|Make It Rain|p1b: Incineroar|[spread] p1a,p1b
|-resisted|p1a: Torkoal
|-resisted|p1b: Incineroar
|-damage|p1a: Torkoal|0 fnt
|-damage|p1b: Incineroar|0 fnt
|-unboost|p2a: Gholdengo|spa|1
|faint|p1a: Torkoal
|faint|p1b: Incineroar
|
|-weather|SunnyDay|[upkeep]
|upkeep
|
|t:|1757726505
|switch|p1b: Porygon2|Porygon2, L50|100/100 slp
|switch|p1a: Ursaluna|Ursaluna, L50, M|100/100
|-ability|p1b: Porygon2|Download|boost
|-boost|p1b: Porygon2|atk|1
|turn|6
|
|t:|1757726522
|move|p1a: Ursaluna|Protect|p1a: Ursaluna
|-singleturn|p1a: Ursaluna|Protect
|move|p2b: Weavile|Knock Off|p1b: Porygon2
|-damage|p1b: Porygon2|83/100 slp
|-enditem|p1b: Porygon2|Eviolite|[from] move: Knock Off|[of] p2b: Weavile
|move|p2a: Gholdengo|Make It Rain|p1b: Porygon2|[spread] p1b
|-activate|p1a: Ursaluna|move: Protect
|-damage|p1b: Porygon2|0 fnt
|-unboost|p2a: Gholdengo|spa|1
|faint|p1b: Porygon2
|
|-weather|none
|-status|p1a: Ursaluna|brn|[from] item: Flame Orb
|upkeep
|turn|7
|
|t:|1757726534
|move|p2b: Weavile|Knock Off|p1a: Ursaluna
|-damage|p1a: Ursaluna|82/100 brn
|-enditem|p1a: Ursaluna|Flame Orb|[from] move: Knock Off|[of] p2b: Weavile
|move|p2a: Gholdengo|Make It Rain|p1a: Ursaluna
|-damage|p1a: Ursaluna|0 fnt
|-unboost|p2a: Gholdengo|spa|1
|faint|p1a: Ursaluna
|
|win|breloomb01
|raw|Soraarara's rating: 1195 → 1180(-15 for losing)
|raw|breloomb01's rating: 1342 → 1354(+12 for winning)
