|j|☆thelostsaint
|j|☆tatsulol
|html|thelostsainttatsulol    
|uhtml|bestof|Game 3 of a best-of-3
|t:|1786208627
|gametype|doubles
|player|p1|thelostsaint|corbeau|1201
|player|p2|tatsulol|265|1344
|gen|9
|tier|[Gen 9 Champions] VGC 2026 Reg M-B (Bo3)
|rated|
|rule|Species Clause: Limit one of each Pokémon
|rule|Item Clause: Limit 1 of each item
|clearpoke
|poke|p1|Whimsicott, L50, F, shiny|
|poke|p1|Metagross, L50, shiny|
|poke|p1|Rotom-Wash, L50|
|poke|p1|Incineroar, L50, F|
|poke|p1|Floette-Eternal, L50, F|
|poke|p1|Garchomp, L50, F|
|poke|p2|Staraptor, L50, M|
|poke|p2|Tyranitar, L50, M|
|poke|p2|Gholdengo, L50|
|poke|p2|Excadrill, L50, M|
|poke|p2|Sinistcha, L50|
|poke|p2|Milotic, L50, F|
|teampreview|4
|showteam|p1|Whimsicott||FocusSash|Prankster|Tailwind,Moonblast,Protect,Encore|Timid||F|||50|]Metagross||Metagrossite|ClearBody|Protect,MeteorMash,PsychicFangs,BodyPress|Jolly|||||50|]Rotom-Wash||ChoiceScarf|Levitate|Electroweb,Trick,HydroPump,VoltSwitch|Timid|||||50|]Incineroar||ChopleBerry|Intimidate|FakeOut,ThroatChop,PartingShot,FlareBlitz|Careful||F|||50|]Floette-Eternal||Floettite|FlowerVeil|Protect,CalmMind,DazzlingGleam,Moonblast|Bold||F|||50|]Garchomp||LifeOrb|RoughSkin|Earthquake,RockSlide,Protect,DragonClaw|Jolly||F|||50|
|showteam|p2|Staraptor||Staraptite|Intimidate|BraveBird,CloseCombat,Tailwind,Protect|Jolly||M|||50|]Tyranitar||Tyranitarite|SandStream|RockSlide,KnockOff,LowKick,Protect|Adamant||M|||50|]Gholdengo||ChoiceScarf|GoodasGold|ShadowBall,MakeItRain,Thunderbolt,PowerGem|Modest|||||50|]Excadrill||FocusSash|SandRush|HighHorsepower,IronHead,RockSlide,Protect|Adamant||M|||50|]Sinistcha||CobaBerry|Hospitality|MatchaGotcha,RagePowder,TrickRoom,LifeDew|Relaxed|||||50|]Milotic||SitrusBerry|Competitive|Scald,IceBeam,IcyWind,Protect|Modest||F|||50|
|inactive|Battle timer is ON: inactive players will automatically lose when time's up. (requested by tatsulol)
|inactive|tatsulol has 60 seconds left.
|
|t:|1786208686
|teamsize|p1|4
|teamsize|p2|4
|start
|switch|p1a: Rotom|Rotom-Wash, L50|100/100
|switch|p1b: Garchomp|Garchomp, L50, F|100/100
|switch|p2a: Gholdengo|Gholdengo, L50|100/100
|switch|p2b: Milotic|Milotic, L50, F|100/100
|turn|1
|inactive|thelostsaint has 30 seconds left.
|inactive|tatsulol has 30 seconds left.
|
|t:|1786208719
|switch|p2a: Tyranitar|Tyranitar, L50, M|100/100
|-weather|Sandstorm|[from] ability: Sand Stream|[of] p2a: Tyranitar
|move|p1a: Rotom|Trick|p2b: Milotic
|-activate|p1a: Rotom|move: Trick|[of] p2b: Milotic
|-item|p2b: Milotic|Choice Scarf|[from] move: Trick
|-item|p1a: Rotom|Sitrus Berry|[from] move: Trick
|move|p1b: Garchomp|Earthquake|p2b: Milotic|[spread] p2a,p2b
|-immune|p1a: Rotom|[from] ability: Levitate
|-supereffective|p2a: Tyranitar|1
|-damage|p2a: Tyranitar|16/100
|-damage|p2b: Milotic|57/100
|-damage|p1b: Garchomp|90/100|[from] item: Life Orb
|move|p2b: Milotic|Ice Beam|p1b: Garchomp
|-supereffective|p1b: Garchomp|2
|-damage|p1b: Garchomp|0 fnt
|faint|p1b: Garchomp
|
|-weather|Sandstorm|[upkeep]
|-damage|p2b: Milotic|51/100|[from] Sandstorm
|-damage|p1a: Rotom|94/100|[from] Sandstorm
|upkeep
|
|t:|1786208735
|switch|p1b: Metagross|Metagross, L50, shiny|100/100
|turn|2
|inactive|tatsulol has 30 seconds left.
|inactive|tatsulol has 20 seconds left.
|inactive|tatsulol has 15 seconds left.
|
|t:|1786208779
|switch|p2a: Gholdengo|Gholdengo, L50|100/100
|detailschange|p1b: Metagross|Metagross-Mega, L50, shiny
|-mega|p1b: Metagross|Metagross|Metagrossite
|move|p1b: Metagross|Meteor Mash|p2a: Gholdengo
|-resisted|p2a: Gholdengo|1
|-damage|p2a: Gholdengo|65/100
|move|p2b: Milotic|Ice Beam|p1b: Metagross
|-resisted|p1b: Metagross|1
|-damage|p1b: Metagross|88/100
|move|p1a: Rotom|Hydro Pump|p2b: Milotic|[miss]
|-miss|p1a: Rotom|p2b: Milotic
|
|-weather|Sandstorm|[upkeep]
|-damage|p2b: Milotic|45/100|[from] Sandstorm
|-damage|p1a: Rotom|88/100|[from] Sandstorm
|upkeep
|turn|3
|inactive|tatsulol has 30 seconds left.
|inactive|tatsulol has 20 seconds left.
|
|t:|1786208818
|switch|p2b: Tyranitar|Tyranitar, L50, M|16/100
|move|p1b: Metagross|Protect|p1b: Metagross
|-singleturn|p1b: Metagross|Protect
|move|p2a: Gholdengo|Shadow Ball|p1b: Metagross
|-activate|p1b: Metagross|move: Protect
|move|p1a: Rotom|Electroweb|p2b: Tyranitar|[spread] p2a,p2b
|-damage|p2a: Gholdengo|42/100
|-damage|p2b: Tyranitar|5/100
|-unboost|p2a: Gholdengo|spe|1
|-unboost|p2b: Tyranitar|spe|1
|
|-weather|Sandstorm|[upkeep]
|-damage|p1a: Rotom|83/100|[from] Sandstorm
|upkeep
|turn|4
|inactive|tatsulol has 30 seconds left.
|inactive|tatsulol has 20 seconds left.
|
|t:|1786208857
|switch|p2b: Excadrill|Excadrill, L50, M|100/100
|move|p1b: Metagross|Meteor Mash|p2a: Gholdengo
|-resisted|p2a: Gholdengo|1
|-damage|p2a: Gholdengo|4/100
|move|p1a: Rotom|Electroweb|p2b: Excadrill|[spread] p2a
|-immune|p2b: Excadrill
|-crit|p2a: Gholdengo
|-damage|p2a: Gholdengo|0 fnt
|faint|p2a: Gholdengo
|
|-weather|Sandstorm|[upkeep]
|-damage|p1a: Rotom|77/100|[from] Sandstorm
|upkeep
|inactive|tatsulol has 30 seconds left.
|
|t:|1786208887
|switch|p2a: Milotic|Milotic, L50, F|45/100
|turn|5
|
|t:|1786208910
|move|p1b: Metagross|Protect|p1b: Metagross
|-singleturn|p1b: Metagross|Protect
|move|p2b: Excadrill|High Horsepower|p1b: Metagross
|-activate|p1b: Metagross|move: Protect
|move|p2a: Milotic|Icy Wind|p1a: Rotom|[spread] p1a
|-activate|p1b: Metagross|move: Protect
|-resisted|p1a: Rotom|1
|-damage|p1a: Rotom|70/100
|-unboost|p1a: Rotom|spe|1
|move|p1a: Rotom|Volt Switch|p2a: Milotic
|-supereffective|p2a: Milotic|1
|-damage|p2a: Milotic|2/100
|
|t:|1786208923
|switch|p1a: Whimsicott|Whimsicott, L50, F, shiny|100/100|[from] Volt Switch
|
|-weather|none
|upkeep
|turn|6
|
|t:|1786208933
|switch|p1b: Rotom|Rotom-Wash, L50|70/100
|switch|p2a: Tyranitar|Tyranitar, L50, M|5/100
|-weather|Sandstorm|[from] ability: Sand Stream|[of] p2a: Tyranitar
|move|p2b: Excadrill|High Horsepower|p1b: Rotom
|-immune|p1b: Rotom|[from] ability: Levitate
|move|p1a: Whimsicott|Moonblast|p2a: Tyranitar
|-supereffective|p2a: Tyranitar|1
|-damage|p2a: Tyranitar|0 fnt
|faint|p2a: Tyranitar
|
|-weather|Sandstorm|[upkeep]
|-damage|p1a: Whimsicott|94/100|[from] Sandstorm
|-damage|p1b: Rotom|65/100|[from] Sandstorm
|upkeep
|
|t:|1786208938
|switch|p2a: Milotic|Milotic, L50, F|2/100
|turn|7
|
|t:|1786208956
|move|p1a: Whimsicott|Protect|p1a: Whimsicott
|-singleturn|p1a: Whimsicott|Protect
|move|p2a: Milotic|Protect|p2a: Milotic
|-singleturn|p2a: Milotic|Protect
|move|p2b: Excadrill|Iron Head|p1a: Whimsicott
|-activate|p1a: Whimsicott|move: Protect
|move|p1b: Rotom|Volt Switch|p2a: Milotic
|-activate|p2a: Milotic|move: Protect
|
|-weather|Sandstorm|[upkeep]
|-damage|p1a: Whimsicott|88/100|[from] Sandstorm
|-damage|p2a: Milotic|0 fnt|[from] Sandstorm
|-damage|p1b: Rotom|59/100|[from] Sandstorm
|faint|p2a: Milotic
|upkeep
|turn|8
|
|t:|1786208966
|move|p1a: Whimsicott|Tailwind|p1a: Whimsicott
|-sidestart|p1: thelostsaint|move: Tailwind
|move|p1b: Rotom|Hydro Pump|p2b: Excadrill
|-supereffective|p2b: Excadrill|1
|-enditem|p2b: Excadrill|Focus Sash
|-damage|p2b: Excadrill|1/100
|move|p2b: Excadrill|Iron Head|p1a: Whimsicott
|-supereffective|p1a: Whimsicott|1
|-damage|p1a: Whimsicott|0 fnt
|faint|p1a: Whimsicott
|
|-weather|Sandstorm|[upkeep]
|-damage|p1b: Rotom|54/100|[from] Sandstorm
|upkeep
|-message|tatsulol forfeited.
|
|win|thelostsaint
|raw|thelostsaint's rating: 1201 → 1236(+35 for winning)
|raw|tatsulol's rating: 1344 → 1316(-28 for losing)
|l|☆tatsulol
|player|p2|
