|j|☆Zengikk
|j|☆Zaiistired
|html|ZengikkZaiistired    
|uhtml|bestof|Game 2 of a best-of-3
|t:|1756244811
|gametype|doubles
|player|p1|Zengikk|giovanni|1087
|player|p2|Zaiistired|pokemonbreeder-gen4|1040
|gen|9
|tier|[Gen 9] VGC 2025 Reg H (Bo3)
|rated|
|rule|Species Clause: Limit one of each Pokémon
|rule|Item Clause: Limit 1 of each item
|clearpoke
|poke|p1|Sneasler, L50, M|
|poke|p1|Dragapult, L50, M|
|poke|p1|Primarina, L50, M|
|poke|p1|Rillaboom, L50, M|
|poke|p1|Kingambit, L50, F|
|poke|p1|Magmar, L50, M|
|poke|p2|Baxcalibur, L50, F|
|poke|p2|Annihilape, L50, M|
|poke|p2|Gholdengo, L50|
|poke|p2|Rillaboom, L50, M|
|poke|p2|Incineroar, L50, F|
|poke|p2|Electabuzz, L50, M|
|teampreview|4
|showteam|p1|Sneasler||FocusSash|PoisonTouch|CloseCombat,DireClaw,FakeOut,Protect|||M|||50|,,,,,Stellar]Dragapult||ChoiceBand|ClearBody|DragonDarts,TeraBlast,PhantomForce,Uturn|||M|||50|,,,,,Ghost]Primarina||SitrusBerry|LiquidVoice|HyperVoice,Moonblast,Haze,Protect|||M|||50|,,,,,Water]Rillaboom||AssaultVest|GrassySurge|WoodHammer,GrassyGlide,HighHorsepower,FakeOut|||M|||50|,,,,,Fire]Kingambit||BlackGlasses|Defiant|KowtowCleave,SuckerPunch,SwordsDance,Protect|||F|||50|,,,,,Ghost]Magmar||Eviolite|VitalSpirit|Overheat,WillOWisp,FollowMe,Protect|||M|||50|,,,,,Ghost
|showteam|p2|Baxcalibur||LoadedDice|ThermalExchange|IcicleSpear,ScaleShot,HighHorsepower,Protect|||F|||50|,,,,,Ghost]Annihilape||FocusSash|Defiant|RageFist,CloseCombat,Coaching,Protect|||M|||50|,,,,,Stellar]Gholdengo||GrassySeed|GoodasGold|MakeItRain,ShadowBall,NastyPlot,Protect||||||50|,,,,,Water]Rillaboom||AssaultVest|GrassySurge|FakeOut,GrassyGlide,WoodHammer,HighHorsepower|||M|||50|,,,,,Fire]Incineroar||SafetyGoggles|Intimidate|FakeOut,FlareBlitz,KnockOff,PartingShot|||F|||50|,,,,,Ghost]Electabuzz||Eviolite|VitalSpirit|Electroweb,FollowMe,Taunt,Protect|||M|||50|,,,,,Fairy
|inactive|Battle timer is ON: inactive players will automatically lose when time's up. (requested by Zengikk)
|inactive|Zengikk has 60 seconds left.
|
|t:|1756244860
|teamsize|p1|4
|teamsize|p2|4
|start
|switch|p1a: Sneasler|Sneasler, L50, M|100/100
|switch|p1b: Kingambit|Kingambit, L50, F|100/100
|switch|p2a: Gholdengo|Gholdengo, L50, shiny|100/100
|switch|p2b: Rillaboom|Rillaboom, L50, M|100/100
|-fieldstart|move: Grassy Terrain|[from] ability: Grassy Surge|[of] p2b: Rillaboom
|-enditem|p2a: Gholdengo|Grassy Seed
|-boost|p2a: Gholdengo|def|1|[from] item: Grassy Seed
|turn|1
|inactive|Zaiistired has 30 seconds left.
|
|t:|1756244889
|switch|p2b: Annihilape|Annihilape, L50, M, shiny|100/100
|move|p1a: Sneasler|Fake Out|p2b: Annihilape
|-immune|p2b: Annihilape
|move|p2a: Gholdengo|Nasty Plot|p2a: Gholdengo
|-boost|p2a: Gholdengo|spa|2
|move|p1b: Kingambit|Swords Dance|p1b: Kingambit
|-boost|p1b: Kingambit|atk|2
|
|upkeep
|turn|2
|inactive|Zaiistired has 30 seconds left.
|inactive|Zaiistired has 20 seconds left.
|
|t:|1756244926
|-terastallize|p2a: Gholdengo|Water
|move|p1b: Kingambit|Sucker Punch|p2a: Gholdengo
|-damage|p2a: Gholdengo|36/100
|move|p1a: Sneasler|Dire Claw|p2b: Annihilape
|-resisted|p2b: Annihilape
|-damage|p2b: Annihilape|77/100
|move|p2b: Annihilape|Close Combat|p1b: Kingambit
|-supereffective|p1b: Kingambit
|-damage|p1b: Kingambit|0 fnt
|-unboost|p2b: Annihilape|def|1
|-unboost|p2b: Annihilape|spd|1
|faint|p1b: Kingambit
|move|p2a: Gholdengo|Make It Rain|p1a: Sneasler
|-enditem|p1a: Sneasler|Focus Sash
|-damage|p1a: Sneasler|1/100
|-unboost|p2a: Gholdengo|spa|1
|
|-heal|p1a: Sneasler|7/100|[from] Grassy Terrain
|-heal|p2b: Annihilape|83/100|[from] Grassy Terrain
|-heal|p2a: Gholdengo|42/100|[from] Grassy Terrain
|upkeep
|
|t:|1756244948
|switch|p1b: Magmar|Magmar, L50, M|100/100
|turn|3
|
|t:|1756244957
|switch|p2b: Rillaboom|Rillaboom, L50, M|100/100
|move|p2a: Gholdengo|Protect|p2a: Gholdengo
|-singleturn|p2a: Gholdengo|Protect
|move|p1a: Sneasler|Dire Claw|p2a: Gholdengo
|-activate|p2a: Gholdengo|move: Protect
|move|p1b: Magmar|Will-O-Wisp|p2b: Rillaboom|[miss]
|-miss|p1b: Magmar|p2b: Rillaboom
|
|-heal|p1a: Sneasler|13/100|[from] Grassy Terrain
|-heal|p2a: Gholdengo|48/100|[from] Grassy Terrain
|upkeep
|turn|4
|inactive|Zaiistired has 30 seconds left.
|
|t:|1756244983
|move|p1a: Sneasler|Protect|p1a: Sneasler
|-singleturn|p1a: Sneasler|Protect
|move|p1b: Magmar|Protect|p1b: Magmar
|-singleturn|p1b: Magmar|Protect
|move|p2b: Rillaboom|Fake Out|p1a: Sneasler
|-activate|p1a: Sneasler|move: Protect
|move|p2a: Gholdengo|Shadow Ball|p1b: Magmar
|-activate|p1b: Magmar|move: Protect
|
|-heal|p1a: Sneasler|19/100|[from] Grassy Terrain
|-heal|p2a: Gholdengo|55/100|[from] Grassy Terrain
|upkeep
|turn|5
|inactive|Zengikk has 30 seconds left.
|inactive|Zaiistired has 30 seconds left.
|
|t:|1756245014
|move|p1a: Sneasler|Dire Claw|p2a: Gholdengo
|-damage|p2a: Gholdengo|30/100
|-status|p2a: Gholdengo|par
|move|p1b: Magmar|Overheat|p2b: Rillaboom
|-supereffective|p2b: Rillaboom
|-damage|p2b: Rillaboom|32/100
|-unboost|p1b: Magmar|spa|2
|move|p2b: Rillaboom|High Horsepower|p1b: Magmar
|-supereffective|p1b: Magmar
|-damage|p1b: Magmar|49/100
|move|p2a: Gholdengo|Shadow Ball|p1a: Sneasler
|-damage|p1a: Sneasler|0 fnt
|faint|p1a: Sneasler
|
|-heal|p1b: Magmar|55/100|[from] Grassy Terrain
|-heal|p2b: Rillaboom|39/100|[from] Grassy Terrain
|-heal|p2a: Gholdengo|36/100 par|[from] Grassy Terrain
|-fieldend|move: Grassy Terrain
|upkeep
|inactive|Zengikk has 30 seconds left.
|
|t:|1756245040
|switch|p1a: Dragapult|Dragapult, L50, M|100/100
|turn|6
|
|t:|1756245057
|switch|p2b: Annihilape|Annihilape, L50, M, shiny|83/100
|move|p2a: Gholdengo|Protect|p2a: Gholdengo
|-singleturn|p2a: Gholdengo|Protect
|move|p1a: Dragapult|Dragon Darts|p2b: Annihilape
|-damage|p2b: Annihilape|40/100
|-anim|p1a: Dragapult|Dragon Darts|p2b: Annihilape
|-crit|p2b: Annihilape
|-damage|p2b: Annihilape|0 fnt
|faint|p2b: Annihilape
|move|p1b: Magmar|Overheat|p2a: Gholdengo
|-activate|p2a: Gholdengo|move: Protect
|
|upkeep
|
|t:|1756245069
|switch|p2b: Rillaboom|Rillaboom, L50, M|39/100
|-fieldstart|move: Grassy Terrain|[from] ability: Grassy Surge|[of] p2b: Rillaboom
|turn|7
|
|t:|1756245088
|move|p2b: Rillaboom|Fake Out|p1b: Magmar
|-damage|p1b: Magmar|43/100
|move|p1a: Dragapult|Dragon Darts|p2a: Gholdengo
|-damage|p2a: Gholdengo|12/100 par
|-anim|p1a: Dragapult|Dragon Darts|p2b: Rillaboom
|-damage|p2b: Rillaboom|1/100
|cant|p1b: Magmar|flinch
|cant|p2a: Gholdengo|par
|
|-heal|p1b: Magmar|49/100|[from] Grassy Terrain
|-heal|p2b: Rillaboom|7/100|[from] Grassy Terrain
|-heal|p2a: Gholdengo|18/100 par|[from] Grassy Terrain
|upkeep
|turn|8
|inactive|Zaiistired has 30 seconds left.
|
|t:|1756245120
|move|p2a: Gholdengo|Protect|p2a: Gholdengo
|-singleturn|p2a: Gholdengo|Protect
|move|p2b: Rillaboom|Grassy Glide|p1a: Dragapult
|-resisted|p1a: Dragapult
|-damage|p1a: Dragapult|74/100
|move|p1a: Dragapult|Dragon Darts|p2b: Rillaboom
|-damage|p2b: Rillaboom|0 fnt
|faint|p2b: Rillaboom
|move|p1b: Magmar|Overheat|p2a: Gholdengo
|-activate|p2a: Gholdengo|move: Protect
|
|-heal|p1a: Dragapult|80/100|[from] Grassy Terrain
|-heal|p1b: Magmar|55/100|[from] Grassy Terrain
|-heal|p2a: Gholdengo|24/100 par|[from] Grassy Terrain
|upkeep
|
|t:|1756245132
|switch|p2b: Baxcalibur|Baxcalibur, L50, F, shiny|100/100
|turn|9
|
|t:|1756245151
|move|p1a: Dragapult|Dragon Darts|p2a: Gholdengo
|-damage|p2a: Gholdengo|3/100 par
|-anim|p1a: Dragapult|Dragon Darts|p2b: Baxcalibur
|-supereffective|p2b: Baxcalibur
|-damage|p2b: Baxcalibur|26/100
|move|p2b: Baxcalibur|Scale Shot|p1a: Dragapult|[miss]
|-miss|p2b: Baxcalibur|p1a: Dragapult
|move|p1b: Magmar|Overheat|p2b: Baxcalibur
|-damage|p2b: Baxcalibur|0 fnt
|-unboost|p1b: Magmar|spa|2
|faint|p2b: Baxcalibur
|move|p2a: Gholdengo|Make It Rain|p1b: Magmar|[spread] p1a,p1b
|-resisted|p1b: Magmar
|-crit|p1b: Magmar
|-damage|p1a: Dragapult|0 fnt
|-damage|p1b: Magmar|16/100
|-unboost|p2a: Gholdengo|spa|1
|faint|p1a: Dragapult
|
|-heal|p1b: Magmar|21/100|[from] Grassy Terrain
|-heal|p2a: Gholdengo|9/100 par|[from] Grassy Terrain
|upkeep
|turn|10
|
|t:|1756245173
|move|p1b: Magmar|Overheat|p2a: Gholdengo
|-resisted|p2a: Gholdengo
|-damage|p2a: Gholdengo|0 fnt
|-unboost|p1b: Magmar|spa|2
|faint|p2a: Gholdengo
|
|win|Zengikk
||Zaiistired is ready for game 3.
|inactive|Zengikk has 30 seconds to confirm battle start!
|inactive|Zengikk has 20 seconds to confirm battle start!
|inactive|Zengikk has 10 seconds to confirm battle start!
||Zengikk is ready for game 3.
|uhtml|next|Next: Game 3 of 3
|l|☆Zengikk
|player|p1|
