|j|☆mang0
|j|☆cryguana17
|html|mang0cryguana17    
|uhtml|bestof|Game 2 of a best-of-3
|t:|1756666935
|gametype|doubles
|player|p1|mang0|101|
|player|p2|cryguana17|clemont|
|gen|9
|tier|[Gen 9] VGC 2025 Reg H (Bo3)
|rule|Species Clause: Limit one of each Pokémon
|rule|Item Clause: Limit 1 of each item
|clearpoke
|poke|p1|Charizard, L50, F|
|poke|p1|Torkoal, L50, F|
|poke|p1|Porygon2, L50|
|poke|p1|Incineroar, L50, M|
|poke|p1|Jumpluff, L50, F|
|poke|p1|Ursaluna, L50, M|
|poke|p2|Gholdengo, L50|
|poke|p2|Sneasler, L50, M|
|poke|p2|Rillaboom, L50, M|
|poke|p2|Dragonite, L50, F|
|poke|p2|Ninetales-Alola, L50, F|
|poke|p2|Arcanine-Hisui, L50, F|
|teampreview|4
|showteam|p1|Charizard||ChoiceSpecs|SolarPower|HeatWave,Overheat,WeatherBall,AirSlash|||F|||50|,,,,,Ghost]Torkoal||EjectPack|Drought|Eruption,Overheat,HelpingHand,Protect|||F|||50|,,,,,Fire]Porygon2||Eviolite|Download|IceBeam,TeraBlast,TrickRoom,Recover||||||50|,,,,,Fighting]Incineroar||SitrusBerry|Intimidate|FlareBlitz,KnockOff,FakeOut,PartingShot|||M|||50|,,,,,Ghost]Jumpluff||CovertCloak|Chlorophyll|SleepPowder,SunnyDay,RagePowder,Tailwind|||F|||50|,,,,,Water]Ursaluna||FlameOrb|Guts|HeadlongRush,Facade,Earthquake,Protect|||M|||50|,,,,,Ghost
|showteam|p2|Gholdengo||GrassySeed|GoodasGold|NastyPlot,MakeItRain,ShadowBall,Protect||||||50|,,,,,Water]Sneasler||WhiteHerb|Unburden|CloseCombat,DireClaw,Coaching,Protect|||M|||50|,,,,,Ghost]Rillaboom||AssaultVest|GrassySurge|FakeOut,GrassyGlide,DrumBeating,HighHorsepower|||M|||50|,,,,,Fire]Dragonite||LoadedDice|Multiscale|ScaleShot,Haze,StompingTantrum,Protect|||F|||50|,,,,,Ground]Ninetales-Alola||FocusSash|SnowWarning|Blizzard,IcyWind,Encore,AuroraVeil|||F|||50|,,,,,Ghost]Arcanine-Hisui||ClearAmulet|Intimidate|RockSlide,FlareBlitz,ExtremeSpeed,Protect|||F|||50|,,,,,Water
|inactive|Battle timer is ON: inactive players will automatically lose when time's up. (requested by cryguana17)
|j| yeffers
|j| Christianfinity
|j| Retking
|j| TalonMasterJ
|j| Trying2Scoop
|j| carneyasada
|inactive|mang0 has 60 seconds left.
|l| carneyasada
|j| Jesuuuus
|j| Lelandvgc
|inactive|mang0 has 30 seconds left.
|
|t:|1756666998
|teamsize|p1|4
|teamsize|p2|4
|start
|switch|p1a: Jumpluff|Jumpluff, L50, F|100/100
|switch|p1b: Ursaluna|Ursaluna, L50, M|100/100
|switch|p2a: Gholdengo|Gholdengo, L50|100/100
|switch|p2b: Rillaboom|Rillaboom, L50, M|100/100
|-fieldstart|move: Grassy Terrain|[from] ability: Grassy Surge|[of] p2b: Rillaboom
|-enditem|p2a: Gholdengo|Grassy Seed
|-boost|p2a: Gholdengo|def|1|[from] item: Grassy Seed
|turn|1
|inactive|cryguana17 has 30 seconds left.
|inactive|cryguana17 has 20 seconds left.
|inactive|cryguana17 has 15 seconds left.
|inactive|mang0 has 30 seconds left.
|
|t:|1756667045
|switch|p2b: Arcanine|Arcanine-Hisui, L50, F|100/100
|-ability|p2b: Arcanine|Intimidate|boost
|-unboost|p1a: Jumpluff|atk|1
|-unboost|p1b: Ursaluna|atk|1
|-terastallize|p2a: Gholdengo|Water
|-terastallize|p1b: Ursaluna|Ghost
|move|p1a: Jumpluff|Tailwind|p1a: Jumpluff
|-sidestart|p1: mang0|move: Tailwind
|move|p1b: Ursaluna|Headlong Rush|p2a: Gholdengo
|-damage|p2a: Gholdengo|69/100
|-unboost|p1b: Ursaluna|def|1
|-unboost|p1b: Ursaluna|spd|1
|move|p2a: Gholdengo|Nasty Plot|p2a: Gholdengo
|-boost|p2a: Gholdengo|spa|2
|
|-heal|p2a: Gholdengo|75/100|[from] Grassy Terrain
|-status|p1b: Ursaluna|brn|[from] item: Flame Orb
|upkeep
|turn|2
|
|t:|1756667067
|switch|p2b: Rillaboom|Rillaboom, L50, M|100/100
|move|p2a: Gholdengo|Protect|p2a: Gholdengo
|-singleturn|p2a: Gholdengo|Protect
|move|p1a: Jumpluff|Sleep Powder|p2b: Rillaboom
|-immune|p2b: Rillaboom
|move|p1b: Ursaluna|Facade|p2a: Gholdengo
|-activate|p2a: Gholdengo|move: Protect
|
|-heal|p2a: Gholdengo|81/100|[from] Grassy Terrain
|-damage|p1b: Ursaluna|95/100 brn|[from] brn
|upkeep
|turn|3
|inactive|mang0 has 30 seconds left.
|inactive|mang0 has 20 seconds left.
|
|t:|1756667106
|switch|p2b: Arcanine|Arcanine-Hisui, L50, F|100/100
|-ability|p2b: Arcanine|Intimidate|boost
|-unboost|p1a: Jumpluff|atk|1
|-unboost|p1b: Ursaluna|atk|1
|move|p1a: Jumpluff|Sleep Powder|p2b: Arcanine
|-status|p2b: Arcanine|slp|[from] move: Sleep Powder
|move|p1b: Ursaluna|Facade|p2a: Gholdengo
|-damage|p2a: Gholdengo|35/100
|move|p2a: Gholdengo|Make It Rain|p1a: Jumpluff|[spread] p1a,p1b
|-damage|p1a: Jumpluff|0 fnt
|-damage|p1b: Ursaluna|0 fnt
|-unboost|p2a: Gholdengo|spa|1
|faint|p1a: Jumpluff
|faint|p1b: Ursaluna
|
|-heal|p2a: Gholdengo|42/100|[from] Grassy Terrain
|upkeep
|
|t:|1756667115
|switch|p1a: Charizard|Charizard, L50, F|100/100
|switch|p1b: Porygon2|Porygon2, L50|100/100
|-ability|p1b: Porygon2|Download|boost
|-boost|p1b: Porygon2|spa|1
|turn|4
|l| Lelandvgc
|
|t:|1756667139
|switch|p2b: Rillaboom|Rillaboom, L50, M|100/100
|move|p2a: Gholdengo|Protect|p2a: Gholdengo
|-singleturn|p2a: Gholdengo|Protect
|move|p1a: Charizard|Heat Wave|p2b: Rillaboom|[spread] p2b
|-activate|p2a: Gholdengo|move: Protect
|-supereffective|p2b: Rillaboom
|-damage|p2b: Rillaboom|20/100
|-status|p2b: Rillaboom|brn
|move|p1b: Porygon2|Tera Blast|p2a: Gholdengo
|-activate|p2a: Gholdengo|move: Protect
|
|-heal|p2b: Rillaboom|26/100 brn|[from] Grassy Terrain
|-heal|p2a: Gholdengo|48/100|[from] Grassy Terrain
|-damage|p2b: Rillaboom|20/100 brn|[from] brn
|-sideend|p1: mang0|move: Tailwind
|upkeep
|turn|5
|inactive|cryguana17 has 30 seconds left.
|
|t:|1756667164
|move|p2b: Rillaboom|Fake Out|p1b: Porygon2
|-damage|p1b: Porygon2|96/100
|move|p1a: Charizard|Heat Wave|p2b: Rillaboom|[spread] p2a,p2b
|-resisted|p2a: Gholdengo
|-supereffective|p2b: Rillaboom
|-damage|p2a: Gholdengo|20/100
|-damage|p2b: Rillaboom|0 fnt
|faint|p2b: Rillaboom
|move|p2a: Gholdengo|Shadow Ball|p1a: Charizard
|-damage|p1a: Charizard|8/100
|cant|p1b: Porygon2|flinch
|
|-heal|p2a: Gholdengo|27/100|[from] Grassy Terrain
|-heal|p1b: Porygon2|100/100|[from] Grassy Terrain
|-fieldend|move: Grassy Terrain
|upkeep
|inactive|cryguana17 has 30 seconds left.
|inactive|cryguana17 has 20 seconds left.
|
|t:|1756667199
|switch|p2b: Dragonite|Dragonite, L50, F|100/100
|turn|6
|inactive|cryguana17 has 30 seconds left.
|inactive|cryguana17 has 20 seconds left.
|inactive|cryguana17 has 15 seconds left.
|
|t:|1756667241
|move|p1a: Charizard|Heat Wave|p2a: Gholdengo|[spread] p2a
|-miss|p1a: Charizard|p2b: Dragonite
|-resisted|p2a: Gholdengo
|-damage|p2a: Gholdengo|3/100
|move|p2b: Dragonite|Scale Shot|p1b: Porygon2
|-damage|p1b: Porygon2|91/100
|-damage|p1b: Porygon2|81/100
|-damage|p1b: Porygon2|72/100
|-damage|p1b: Porygon2|61/100
|-hitcount|p1b: Porygon2|4
|-unboost|p2b: Dragonite|def|1
|-boost|p2b: Dragonite|spe|1
|move|p2a: Gholdengo|Make It Rain|p1a: Charizard|[spread] p1a,p1b
|-resisted|p1a: Charizard
|-damage|p1a: Charizard|0 fnt
|-damage|p1b: Porygon2|11/100
|-unboost|p2a: Gholdengo|spa|1
|faint|p1a: Charizard
|move|p1b: Porygon2|Ice Beam|p2b: Dragonite
|-supereffective|p2b: Dragonite
|-damage|p2b: Dragonite|13/100
|
|upkeep
|turn|7
|c|☆cryguana17|gg
|j| Trafalgar_VGC
|c|☆mang0|ggs
|-message|mang0 forfeited.
|
|win|cryguana17
|l|☆mang0
|player|p1|
