|j|☆Kyooby
|j|☆Ceuta Triathlon
|html|KyoobyCeuta Triathlon    
|uhtml|bestof|Game 2 of a best-of-3
|t:|1786011966
|gametype|doubles
|player|p1|Kyooby|volkner|1073
|player|p2|Ceuta Triathlon|tuber|1099
|gen|9
|tier|[Gen 9 Champions] VGC 2026 Reg M-B (Bo3)
|rated|
|rule|Species Clause: Limit one of each Pokémon
|rule|Item Clause: Limit 1 of each item
|clearpoke
|poke|p1|Gengar, L50, M|
|poke|p1|Swampert, L50, M|
|poke|p1|Incineroar, L50, F|
|poke|p1|Politoed, L50, M|
|poke|p1|Archaludon, L50, F|
|poke|p1|Vivillon, L50, M|
|poke|p2|Delphox, L50, M|
|poke|p2|Incineroar, L50, M|
|poke|p2|Kingambit, L50, F|
|poke|p2|Sinistcha, L50|
|poke|p2|Sneasler, L50, F|
|poke|p2|Blastoise, L50, M|
|teampreview|4
|showteam|p1|Gengar||Gengarite|CursedBody|ShadowBall,PerishSong,SludgeBomb,Protect|Timid||M|||50|]Swampert||Swampertite|Torrent|WaveCrash,Earthquake,IcePunch,Protect|Adamant||M|||50|]Incineroar||PasshoBerry|Intimidate|ThroatChop,PartingShot,FakeOut,Protect|Sassy||F|||50|]Politoed||SitrusBerry|Drizzle|WeatherBall,PerishSong,Encore,Protect|Calm||M|||50|]Archaludon||Leftovers|Stamina|DragonPulse,FlashCannon,ElectroShot,Protect|Bold||F|||50|]Vivillon||FocusSash|CompoundEyes|Hurricane,SleepPowder,RagePowder,Protect|Timid||M|||50|
|showteam|p2|Delphox||Delphoxite|Blaze|Protect,NastyPlot,HeatWave,Psychic|Timid||M|||50|]Incineroar||SitrusBerry|Intimidate|FakeOut,ThroatChop,FlareBlitz,PartingShot|Impish||M|||50|]Kingambit||BlackGlasses|Defiant|Protect,SwordsDance,KowtowCleave,SuckerPunch|Brave||F|||50|]Sinistcha||ColburBerry|Hospitality|Protect,MatchaGotcha,LifeDew,RagePowder|Bold|||||50|]Sneasler||FocusSash|Unburden|FakeOut,Protect,CloseCombat,DireClaw|Adamant||F|||50|]Blastoise||Blastoisinite|RainDish|Protect,ShellSmash,DarkPulse,WaterSpout|Modest||M|||50|
|inactive|Battle timer is ON: inactive players will automatically lose when time's up. (requested by Kyooby)
|inactive|Ceuta Triathlon also wants the timer to be on.
|
|t:|1786011996
|teamsize|p1|4
|teamsize|p2|4
|start
|switch|p1a: Vivillon|Vivillon, L50, M|100/100
|switch|p1b: Swampert|Swampert, L50, M|100/100
|switch|p2a: Félix elGato|Incineroar, L50, M|100/100
|switch|p2b: ShellShocker|Blastoise, L50, M|100/100
|-ability|p2a: Félix elGato|Intimidate|boost
|-unboost|p1a: Vivillon|atk|1
|-unboost|p1b: Swampert|atk|1
|turn|1
|inactive|Kyooby has 30 seconds left.
|inactive|Ceuta Triathlon has 30 seconds left.
|inactive|Ceuta Triathlon has 20 seconds left.
|
|t:|1786012034
|detailschange|p2b: ShellShocker|Blastoise-Mega, L50, M
|-mega|p2b: ShellShocker|Blastoise|Blastoisinite
|detailschange|p1b: Swampert|Swampert-Mega, L50, M
|-mega|p1b: Swampert|Swampert|Swampertite
|move|p1a: Vivillon|Protect|p1a: Vivillon
|-singleturn|p1a: Vivillon|Protect
|move|p1b: Swampert|Protect|p1b: Swampert
|-singleturn|p1b: Swampert|Protect
|move|p2a: Félix elGato|Fake Out|p1a: Vivillon
|-activate|p1a: Vivillon|move: Protect
|move|p2b: ShellShocker|Water Spout|p1b: Swampert|[spread] 
|-activate|p1a: Vivillon|move: Protect
|-activate|p1b: Swampert|move: Protect
|
|upkeep
|turn|2
|inactive|Ceuta Triathlon has 30 seconds left.
|inactive|Ceuta Triathlon has 20 seconds left.
|inactive|Ceuta Triathlon has 15 seconds left.
|inactive|Ceuta Triathlon has 10 seconds left.
|inactive|Ceuta Triathlon has 5 seconds left.
|
|t:|1786012085
|move|p2b: ShellShocker|Protect|p2b: ShellShocker
|-singleturn|p2b: ShellShocker|Protect
|move|p1a: Vivillon|Sleep Powder|p2a: Félix elGato
|-status|p2a: Félix elGato|slp|[from] move: Sleep Powder
|move|p1b: Swampert|Earthquake|p2a: Félix elGato|[spread] p2a
|-activate|p2b: ShellShocker|move: Protect
|-immune|p1a: Vivillon
|-supereffective|p2a: Félix elGato|1
|-damage|p2a: Félix elGato|46/100 slp
|-enditem|p2a: Félix elGato|Sitrus Berry|[eat]
|-heal|p2a: Félix elGato|71/100 slp|[from] item: Sitrus Berry
|cant|p2a: Félix elGato|slp
|
|upkeep
|turn|3
|
|t:|1786012104
|switch|p2b: Matcha Latte|Sinistcha, L50|100/100
|-heal|p2a: Félix elGato|96/100 slp|[from] ability: Hospitality|[of] p2b: Matcha Latte
|move|p1a: Vivillon|Sleep Powder|p2b: Matcha Latte
|-immune|p2b: Matcha Latte
|move|p1b: Swampert|Earthquake|p2b: Matcha Latte|[spread] p2a,p2b
|-immune|p1a: Vivillon
|-supereffective|p2a: Félix elGato|1
|-crit|p2a: Félix elGato
|-resisted|p2b: Matcha Latte|1
|-damage|p2a: Félix elGato|0 fnt
|-damage|p2b: Matcha Latte|87/100
|faint|p2a: Félix elGato
|
|upkeep
|
|t:|1786012116
|switch|p2a: ShellShocker|Blastoise-Mega, L50, M|100/100
|turn|4
|
|t:|1786012140
|switch|p1b: Archaludon|Archaludon, L50, F|100/100
|move|p2b: Matcha Latte|Rage Powder|p2b: Matcha Latte
|-singleturn|p2b: Matcha Latte|move: Rage Powder
|move|p1a: Vivillon|Hurricane|p2b: Matcha Latte
|-supereffective|p2b: Matcha Latte|1
|-damage|p2b: Matcha Latte|2/100
|move|p2a: ShellShocker|Water Spout|p1a: Vivillon|[spread] p1a,p1b
|-resisted|p1b: Archaludon|1
|-enditem|p1a: Vivillon|Focus Sash
|-damage|p1a: Vivillon|1/100
|-damage|p1b: Archaludon|71/100
|-ability|p1b: Archaludon|Stamina|boost
|-boost|p1b: Archaludon|def|1
|
|-heal|p1b: Archaludon|77/100|[from] item: Leftovers
|upkeep
|turn|5
|inactive|Kyooby has 30 seconds left.
|inactive|Ceuta Triathlon has 30 seconds left.
|inactive|Kyooby has 20 seconds left.
|inactive|Kyooby has 15 seconds left.
|inactive|Kyooby has 10 seconds left.
|
|t:|1786012185
|move|p2b: Matcha Latte|Rage Powder|p2b: Matcha Latte
|-singleturn|p2b: Matcha Latte|move: Rage Powder
|move|p1a: Vivillon|Hurricane|p2b: Matcha Latte
|-supereffective|p2b: Matcha Latte|1
|-damage|p2b: Matcha Latte|0 fnt
|faint|p2b: Matcha Latte
|move|p2a: ShellShocker|Shell Smash|p2a: ShellShocker
|-unboost|p2a: ShellShocker|def|1
|-unboost|p2a: ShellShocker|spd|1
|-boost|p2a: ShellShocker|atk|2
|-boost|p2a: ShellShocker|spa|2
|-boost|p2a: ShellShocker|spe|2
|move|p1b: Archaludon|Dragon Pulse|p2a: ShellShocker
|-damage|p2a: ShellShocker|40/100
|
|-heal|p1b: Archaludon|83/100|[from] item: Leftovers
|upkeep
|
|t:|1786012199
|switch|p2b: Kamaitachi|Sneasler, L50, F|100/100
|turn|6
|inactive|Kyooby has 30 seconds left.
|
|t:|1786012225
|move|p2b: Kamaitachi|Fake Out|p1a: Vivillon
|-damage|p1a: Vivillon|0 fnt
|faint|p1a: Vivillon
|move|p2a: ShellShocker|Dark Pulse|p1b: Archaludon
|-damage|p1b: Archaludon|0 fnt
|faint|p1b: Archaludon
|
|upkeep
|
|t:|1786012230
|switch|p1a: Politoed|Politoed, L50, M|100/100
|switch|p1b: Swampert|Swampert-Mega, L50, M|100/100
|-weather|RainDance|[from] ability: Drizzle|[of] p1a: Politoed
|turn|7
|inactive|Ceuta Triathlon has 30 seconds left.
|inactive|Ceuta Triathlon has 20 seconds left.
|inactive|Kyooby has 30 seconds left.
|inactive|Ceuta Triathlon has 15 seconds left.
|
|t:|1786012277
|move|p1b: Swampert|Protect|p1b: Swampert
|-singleturn|p1b: Swampert|Protect
|move|p2a: ShellShocker|Dark Pulse|p1b: Swampert
|-activate|p1b: Swampert|move: Protect
|move|p2b: Kamaitachi|Close Combat|p1a: Politoed
|-damage|p1a: Politoed|32/100
|-unboost|p2b: Kamaitachi|def|1
|-unboost|p2b: Kamaitachi|spd|1
|-enditem|p1a: Politoed|Sitrus Berry|[eat]
|-heal|p1a: Politoed|57/100|[from] item: Sitrus Berry
|move|p1a: Politoed|Weather Ball|p2b: Kamaitachi
|-crit|p2b: Kamaitachi
|-enditem|p2b: Kamaitachi|Focus Sash
|-damage|p2b: Kamaitachi|1/100
|
|-weather|RainDance|[upkeep]
|upkeep
|turn|8
|
|t:|1786012300
|move|p2b: Kamaitachi|Close Combat|p1a: Politoed
|-damage|p1a: Politoed|0 fnt
|-unboost|p2b: Kamaitachi|def|1
|-unboost|p2b: Kamaitachi|spd|1
|faint|p1a: Politoed
|move|p2a: ShellShocker|Dark Pulse|p1b: Swampert
|-damage|p1b: Swampert|11/100
|cant|p1b: Swampert|flinch
|
|-weather|RainDance|[upkeep]
|upkeep
|turn|9
|c|☆Kyooby|lol
|-message|Kyooby forfeited.
|
|win|Ceuta Triathlon
|raw|Kyooby's rating: 1073 → 1054(-19 for losing)
|raw|Ceuta Triathlon's rating: 1099 → 1122(+23 for winning)
