|j|☆nocturnallynoct
|j|☆TCM Zaukepoo
|html|nocturnallynoctTCM Zaukepoo    
|uhtml|bestof|Game 3 of a best-of-3
|t:|1756152094
|gametype|doubles
|player|p1|nocturnallynoct|266|1156
|player|p2|TCM Zaukepoo|1|1073
|gen|9
|tier|[Gen 9] VGC 2025 Reg H (Bo3)
|rated|
|rule|Species Clause: Limit one of each Pokémon
|rule|Item Clause: Limit 1 of each item
|clearpoke
|poke|p1|Garchomp, L50, M|
|poke|p1|Jumpluff, L50, M|
|poke|p1|Torkoal, L50, M|
|poke|p1|Dragonite, L50, F|
|poke|p1|Kingambit, L50, M|
|poke|p1|Typhlosion-Hisui, L50, F|
|poke|p2|Tyranitar, L50, F|
|poke|p2|Empoleon, L50, F|
|poke|p2|Ursaluna, L50, M|
|poke|p2|Dragonite, L50, F|
|poke|p2|Sneasler, L50, M|
|poke|p2|Gholdengo, L50|
|teampreview|4
|showteam|p1|Garchomp||LifeOrb|RoughSkin|DragonClaw,StompingTantrum,Earthquake,Protect|||M|||50|,,,,,Fire]Jumpluff||CovertCloak|Chlorophyll|LeafStorm,SleepPowder,Encore,Tailwind|||M|||50|,,,,,Poison]Torkoal||EjectPack|Drought|Overheat,BurningJealousy,HelpingHand,Protect|||M|||50|,,,,,Flying]Dragonite||LoadedDice|Multiscale|ScaleShot,ExtremeSpeed,IceSpinner,Protect|||F|||50|,,,,,Fairy]Kingambit||AssaultVest|Defiant|IronHead,SuckerPunch,Assurance,LowKick|||M|||50|,,,,,Flying]Typhlosion-Hisui||ChoiceSpecs|Blaze|Eruption,ShadowBall,HeatWave,Overheat|||F|||50|,,,,,Fire
|showteam|p2|Tyranitar||AssaultVest|SandStream|RockSlide,KnockOff,LowKick,TeraBlast|||F|||50|,,,,,Flying]Empoleon||AdrenalineOrb|Competitive|AquaJet,FlashCannon,IcyWind,WaterPledge|||F|||50|,,,,,Water]Ursaluna||FlameOrb|Guts|HeadlongRush,Facade,Earthquake,Protect|||M|||50|,,,,,Ghost]Dragonite||LoadedDice|Multiscale|Haze,ExtremeSpeed,ScaleShot,Tailwind|||F|||50|,,,,,Steel]Sneasler||NormalGem|Unburden|FakeOut,DireClaw,Coaching,CloseCombat|||M|||50|,,,,,Ghost]Gholdengo||LifeOrb|GoodasGold|NastyPlot,ShadowBall,MakeItRain,Protect||||||50|,,,,,Water
|inactive|Battle timer is ON: inactive players will automatically lose when time's up. (requested by nocturnallynoct)
|
|t:|1756152120
|teamsize|p1|4
|teamsize|p2|4
|start
|switch|p1a: Jumpluff|Jumpluff, L50, M|100/100
|switch|p1b: Garchomp|Garchomp, L50, M|100/100
|switch|p2a: Sneasler|Sneasler, L50, M|100/100
|switch|p2b: Dragonite|Dragonite, L50, F|100/100
|turn|1
|inactive|nocturnallynoct has 30 seconds left.
|
|t:|1756152147
|move|p2a: Sneasler|Fake Out|p1b: Garchomp
|-enditem|p2a: Sneasler|Normal Gem|[from] gem
|-damage|p1b: Garchomp|81/100
|-damage|p2a: Sneasler|88/100|[from] ability: Rough Skin|[of] p1b: Garchomp
|move|p1a: Jumpluff|Tailwind|p1a: Jumpluff
|-sidestart|p1: nocturnallynoct|move: Tailwind
|cant|p1b: Garchomp|flinch
|move|p2b: Dragonite|Tailwind|p2b: Dragonite
|-sidestart|p2: TCM Zaukepoo|move: Tailwind
|
|upkeep
|turn|2
|inactive|nocturnallynoct has 30 seconds left.
|
|t:|1756152177
|move|p2b: Dragonite|Extreme Speed|p1a: Jumpluff
|-damage|p1a: Jumpluff|59/100
|move|p2a: Sneasler|Coaching|p2b: Dragonite
|-boost|p2b: Dragonite|atk|1
|-boost|p2b: Dragonite|def|1
|move|p1a: Jumpluff|Encore|p2b: Dragonite
|-start|p2b: Dragonite|Encore
|move|p1b: Garchomp|Earthquake|p2b: Dragonite|[spread] p2a
|-immune|p1a: Jumpluff
|-immune|p2b: Dragonite
|-supereffective|p2a: Sneasler
|-damage|p2a: Sneasler|0 fnt
|faint|p2a: Sneasler
|-damage|p1b: Garchomp|71/100|[from] item: Life Orb
|
|upkeep
|
|t:|1756152194
|switch|p2a: Ursaluna|Ursaluna, L50, M|100/100
|turn|3
|inactive|nocturnallynoct has 30 seconds left.
|inactive|nocturnallynoct has 20 seconds left.
|inactive|nocturnallynoct has 15 seconds left.
|
|t:|1756152235
|switch|p1a: Dragonite|Dragonite, L50, F|100/100
|move|p2a: Ursaluna|Protect|p2a: Ursaluna
|-singleturn|p2a: Ursaluna|Protect
|move|p2b: Dragonite|Extreme Speed|p1a: Dragonite
|-damage|p1a: Dragonite|74/100
|move|p1b: Garchomp|Dragon Claw|p2b: Dragonite
|-supereffective|p2b: Dragonite
|-damage|p2b: Dragonite|68/100
|-damage|p1b: Garchomp|61/100|[from] item: Life Orb
|
|-status|p2a: Ursaluna|brn|[from] item: Flame Orb
|upkeep
|turn|4
|inactive|nocturnallynoct has 30 seconds left.
|
|t:|1756152263
|move|p2b: Dragonite|Extreme Speed|p1a: Dragonite
|-damage|p1a: Dragonite|17/100
|move|p1b: Garchomp|Earthquake|p2b: Dragonite|[spread] p2a
|-immune|p1a: Dragonite
|-immune|p2b: Dragonite
|-damage|p2a: Ursaluna|60/100 brn
|-damage|p1b: Garchomp|51/100|[from] item: Life Orb
|move|p1a: Dragonite|Scale Shot|p2b: Dragonite
|-supereffective|p2b: Dragonite
|-damage|p2b: Dragonite|49/100
|-supereffective|p2b: Dragonite
|-damage|p2b: Dragonite|30/100
|-supereffective|p2b: Dragonite
|-damage|p2b: Dragonite|8/100
|-supereffective|p2b: Dragonite
|-damage|p2b: Dragonite|0 fnt
|faint|p2b: Dragonite
|-hitcount|p2: Dragonite|4
|-unboost|p1a: Dragonite|def|1
|-boost|p1a: Dragonite|spe|1
|move|p2a: Ursaluna|Facade|p1b: Garchomp
|-damage|p1b: Garchomp|0 fnt
|-damage|p2a: Ursaluna|48/100 brn|[from] ability: Rough Skin|[of] p1b: Garchomp
|faint|p1b: Garchomp
|
|-damage|p2a: Ursaluna|42/100 brn|[from] brn
|-sideend|p1: nocturnallynoct|move: Tailwind
|-sideend|p2: TCM Zaukepoo|move: Tailwind
|upkeep
|inactive|nocturnallynoct has 30 seconds left.
|
|t:|1756152297
|switch|p1b: Jumpluff|Jumpluff, L50, M|59/100
|switch|p2b: Tyranitar|Tyranitar, L50, F|100/100
|-weather|Sandstorm|[from] ability: Sand Stream|[of] p2b: Tyranitar
|turn|5
|inactive|nocturnallynoct has 30 seconds left.
|
|t:|1756152325
|move|p1a: Dragonite|Scale Shot|p2a: Ursaluna
|-damage|p2a: Ursaluna|32/100 brn
|-damage|p2a: Ursaluna|21/100 brn
|-damage|p2a: Ursaluna|11/100 brn
|-damage|p2a: Ursaluna|0 fnt
|faint|p2a: Ursaluna
|-hitcount|p2: Ursaluna|4
|-unboost|p1a: Dragonite|def|1
|-boost|p1a: Dragonite|spe|1
|move|p1b: Jumpluff|Sleep Powder|p2b: Tyranitar
|-status|p2b: Tyranitar|slp|[from] move: Sleep Powder
|cant|p2b: Tyranitar|slp
|
|-weather|Sandstorm|[upkeep]
|-damage|p1a: Dragonite|11/100|[from] Sandstorm
|-damage|p1b: Jumpluff|53/100|[from] Sandstorm
|upkeep
|turn|6
|inactive|nocturnallynoct has 30 seconds left.
|
|t:|1756152352
|move|p1a: Dragonite|Scale Shot|p2b: Tyranitar
|-damage|p2b: Tyranitar|86/100 slp
|-damage|p2b: Tyranitar|72/100 slp
|-damage|p2b: Tyranitar|58/100 slp
|-damage|p2b: Tyranitar|42/100 slp
|-damage|p2b: Tyranitar|28/100 slp
|-hitcount|p2b: Tyranitar|5
|-unboost|p1a: Dragonite|def|1
|-boost|p1a: Dragonite|spe|1
|move|p1b: Jumpluff|Leaf Storm|p2b: Tyranitar
|-supereffective|p2b: Tyranitar
|-damage|p2b: Tyranitar|6/100 slp
|-unboost|p1b: Jumpluff|spa|2
|-curestatus|p2b: Tyranitar|slp|[msg]
|move|p2b: Tyranitar|Rock Slide|p1b: Jumpluff|[spread] p1a,p1b
|-supereffective|p1a: Dragonite
|-supereffective|p1b: Jumpluff
|-damage|p1a: Dragonite|0 fnt
|-damage|p1b: Jumpluff|0 fnt
|faint|p1a: Dragonite
|faint|p1b: Jumpluff
|
|-weather|Sandstorm|[upkeep]
|upkeep
|
|t:|1756152374
|switch|p1b: Torkoal|Torkoal, L50, M|100/100
|-weather|SunnyDay|[from] ability: Drought|[of] p1b: Torkoal
|turn|7
|
|t:|1756152389
|move|p2b: Tyranitar|Rock Slide|p1b: Torkoal
|-supereffective|p1b: Torkoal
|-damage|p1b: Torkoal|35/100
|move|p1b: Torkoal|Burning Jealousy|p2b: Tyranitar
|-resisted|p2b: Tyranitar
|-damage|p2b: Tyranitar|0 fnt
|faint|p2b: Tyranitar
|
|win|nocturnallynoct
|raw|nocturnallynoct's rating: 1156 → 1175(+19 for winning)
|raw|TCM Zaukepoo's rating: 1073 → 1057(-16 for losing)
|c|☆nocturnallynoct|gg
|l|☆TCM Zaukepoo
|player|p2|
