|j|☆berto777
|j|☆ciovy
|html|berto777ciovy    
|uhtml|bestof|Game 3 of a best-of-3
|t:|1782407347
|gametype|doubles
|player|p1|berto777|170|1073
|player|p2|ciovy|169|1107
|gen|9
|tier|[Gen 9 Champions] VGC 2026 Reg M-B (Bo3)
|rated|
|rule|Species Clause: Limit one of each Pokémon
|rule|Item Clause: Limit 1 of each item
|clearpoke
|poke|p1|Charizard, L50, F|
|poke|p1|Floette-Eternal, L50, F|
|poke|p1|Sableye, L50, M|
|poke|p1|Garchomp, L50, F|
|poke|p1|Sinistcha, L50|
|poke|p1|Sneasler, L50, F|
|poke|p2|Aerodactyl, L50, F|
|poke|p2|Garchomp, L50, M|
|poke|p2|Charizard, L50, M|
|poke|p2|Sylveon, L50, M|
|poke|p2|Kingambit, L50, M|
|poke|p2|Farigiraf, L50, F|
|teampreview|4
|showteam|p1|Charizard||CharizarditeY|SolarPower|HeatWave,Protect,SolarBeam,WeatherBall|Timid||F|||50|]Floette-Eternal||Floettite|FlowerVeil|Protect,DazzlingGleam,CalmMind,DrainingKiss|Timid||F|||50|]Sableye||FocusSash|Prankster|Quash,Encore,FakeOut,Detect|Careful||M|||50|]Garchomp||ChoiceScarf|RoughSkin|Earthquake,DragonClaw,BreakingSwipe,RockSlide|Jolly||F|||50|]Sinistcha||SitrusBerry|Hospitality|LifeDew,MatchaGotcha,RagePowder,Protect|Bold|||||50|]Sneasler||WhiteHerb|Unburden|CloseCombat,DireClaw,Protect,FakeOut|Adamant||F|||50|
|showteam|p2|Aerodactyl||Aerodactylite|Unnerve|RockSlide,DualWingbeat,Tailwind,WideGuard|Jolly||F|||50|]Garchomp||SoftSand|RoughSkin|Earthquake,DragonClaw,RockTomb,Protect|Jolly||M|||50|]Charizard||CharizarditeY|Blaze|HeatWave,WeatherBall,SolarBeam,Protect|Modest||M|||50|]Sylveon||FairyFeather|Pixilate|HyperVoice,QuickAttack,HyperBeam,Detect|Modest||M|||50|]Kingambit||FocusSash|Defiant|IronHead,SuckerPunch,KowtowCleave,LowKick|Adamant||M|||50|]Farigiraf||SitrusBerry|ArmorTail|TrickRoom,HelpingHand,Protect,TwinBeam|Bold||F|||50|
|inactive|Battle timer is ON: inactive players will automatically lose when time's up. (requested by berto777)
|inactive|ciovy has 60 seconds left.
|
|t:|1782407380
|teamsize|p1|4
|teamsize|p2|4
|start
|switch|p1a: Charizard|Charizard, L50, F|100/100
|switch|p1b: Sableye|Sableye, L50, M|100/100
|switch|p2a: Aerodactyl|Aerodactyl, L50, F|100/100
|switch|p2b: Sylveon|Sylveon, L50, M|100/100
|-ability|p2a: Aerodactyl|Unnerve
|turn|1
|
|t:|1782407404
|switch|p2b: Garchomp|Garchomp, L50, M|100/100
|detailschange|p1a: Charizard|Charizard-Mega-Y, L50, F
|-mega|p1a: Charizard|Charizard|Charizardite Y
|-weather|SunnyDay|[from] ability: Drought|[of] p1a: Charizard
|move|p1b: Sableye|Fake Out|p2a: Aerodactyl
|-resisted|p2a: Aerodactyl|1
|-crit|p2a: Aerodactyl
|-damage|p2a: Aerodactyl|92/100
|cant|p2a: Aerodactyl|flinch
|move|p1a: Charizard|Weather Ball|p2a: Aerodactyl
|-resisted|p2a: Aerodactyl|1
|-damage|p2a: Aerodactyl|33/100
|
|-weather|SunnyDay|[upkeep]
|upkeep
|turn|2
|inactive|berto777 has 30 seconds left.
|
|t:|1782407433
|switch|p1a: Garchomp|Garchomp, L50, F|100/100
|move|p1b: Sableye|Detect|p1b: Sableye
|-singleturn|p1b: Sableye|Protect
|move|p2a: Aerodactyl|Rock Slide|p1a: Garchomp|[spread] p1a
|-activate|p1b: Sableye|move: Protect
|-resisted|p1a: Garchomp|1
|-damage|p1a: Garchomp|88/100
|move|p2b: Garchomp|Rock Tomb|p1a: Garchomp
|-resisted|p1a: Garchomp|1
|-damage|p1a: Garchomp|78/100
|-unboost|p1a: Garchomp|spe|1
|
|-weather|SunnyDay|[upkeep]
|upkeep
|turn|3
|
|t:|1782407456
|move|p1b: Sableye|Quash|p2b: Garchomp
|-activate|p2b: Garchomp|move: Quash
|move|p2a: Aerodactyl|Tailwind|p2a: Aerodactyl
|-sidestart|p2: ciovy|move: Tailwind
|move|p1a: Garchomp|Dragon Claw|p2b: Garchomp
|-supereffective|p2b: Garchomp|1
|-crit|p2b: Garchomp
|-damage|p2b: Garchomp|0 fnt
|-damage|p1a: Garchomp|65/100|[from] ability: Rough Skin|[of] p2b: Garchomp
|faint|p2b: Garchomp
|
|-weather|SunnyDay|[upkeep]
|upkeep
|
|t:|1782407467
|switch|p2b: Sylveon|Sylveon, L50, M|100/100
|turn|4
|
|t:|1782407486
|switch|p1a: Sneasler|Sneasler, L50, F|100/100
|move|p1b: Sableye|Detect|p1b: Sableye
|-singleturn|p1b: Sableye|Protect
|move|p2a: Aerodactyl|Rock Slide|p1b: Sableye|[spread] 
|-activate|p1b: Sableye|move: Protect
|-miss|p2a: Aerodactyl|p1a: Sneasler
|move|p2b: Sylveon|Hyper Voice|p1b: Sableye|[spread] p1a
|-activate|p1b: Sableye|move: Protect
|-damage|p1a: Sneasler|40/100
|
|-weather|SunnyDay|[upkeep]
|upkeep
|turn|5
|inactive|ciovy has 30 seconds left.
|
|t:|1782407512
|move|p1b: Sableye|Quash|p2b: Sylveon
|-activate|p2b: Sylveon|move: Quash
|move|p2a: Aerodactyl|Dual Wingbeat|p1a: Sneasler
|-supereffective|p1a: Sneasler|1
|-damage|p1a: Sneasler|0 fnt
|faint|p1a: Sneasler
|-hitcount|p1: Sneasler|1
|move|p2b: Sylveon|Hyper Voice|p1b: Sableye
|-supereffective|p1b: Sableye|1
|-enditem|p1b: Sableye|Focus Sash
|-damage|p1b: Sableye|1/100
|
|-weather|none
|upkeep
|
|t:|1782407521
|switch|p1a: Charizard|Charizard-Mega-Y, L50, F|100/100
|-weather|SunnyDay|[from] ability: Drought|[of] p1a: Charizard
|turn|6
|
|t:|1782407537
|switch|p2b: Charizard|Charizard, L50, M|100/100
|move|p1a: Charizard|Protect|p1a: Charizard
|-singleturn|p1a: Charizard|Protect
|move|p1b: Sableye|Encore|p2a: Aerodactyl
|-start|p2a: Aerodactyl|Encore
|move|p2a: Aerodactyl|Dual Wingbeat|p1b: Sableye
|-damage|p1b: Sableye|0 fnt
|faint|p1b: Sableye
|-hitcount|p1: Sableye|1
|
|-weather|SunnyDay|[upkeep]
|-sideend|p2: ciovy|move: Tailwind
|upkeep
|
|t:|1782407546
|switch|p1b: Garchomp|Garchomp, L50, F|65/100
|turn|7
|
|t:|1782407562
|move|p2b: Charizard|Protect|p2b: Charizard
|-singleturn|p2b: Charizard|Protect
|move|p1b: Garchomp|Rock Slide|p2a: Aerodactyl|[spread] p2a
|-activate|p2b: Charizard|move: Protect
|-supereffective|p2a: Aerodactyl|1
|-damage|p2a: Aerodactyl|0 fnt
|faint|p2a: Aerodactyl
|move|p1a: Charizard|Heat Wave|p2b: Charizard
|-activate|p2b: Charizard|move: Protect
|
|-weather|SunnyDay|[upkeep]
|upkeep
|
|t:|1782407573
|switch|p2a: Sylveon|Sylveon, L50, M|100/100
|turn|8
|inactive|ciovy has 30 seconds left.
|
|t:|1782407601
|move|p1b: Garchomp|Rock Slide|p2b: Charizard|[spread] p2a,p2b
|-supereffective|p2b: Charizard|2
|-damage|p2a: Sylveon|78/100
|-damage|p2b: Charizard|9/100
|move|p1a: Charizard|Heat Wave|p2b: Charizard|[spread] p2a,p2b
|-resisted|p2b: Charizard|1
|-damage|p2a: Sylveon|29/100
|-damage|p2b: Charizard|0 fnt
|faint|p2b: Charizard
|cant|p2a: Sylveon|flinch
|
|-weather|SunnyDay|[upkeep]
|upkeep
|turn|9
|
|t:|1782407616
|move|p2a: Sylveon|Quick Attack|p1b: Garchomp
|-supereffective|p1b: Garchomp|1
|-damage|p1b: Garchomp|38/100
|-damage|p2a: Sylveon|16/100|[from] ability: Rough Skin|[of] p1b: Garchomp
|move|p1b: Garchomp|Rock Slide|p2a: Sylveon
|-damage|p2a: Sylveon|0 fnt
|faint|p2a: Sylveon
|
|win|berto777
|raw|berto777's rating: 1073 → 1105(+32 for winning)
|raw|ciovy's rating: 1107 → 1080(-27 for losing)
|l|☆berto777
|player|p1|
