|j|☆ViveCodin
|j|☆ricottaonmypizza
|html|ViveCodinricottaonmypizza    
|uhtml|bestof|Game 3 of a best-of-3
|t:|1755985632
|gametype|doubles
|player|p1|ViveCodin|harmony|1247
|player|p2|ricottaonmypizza|winona|1328
|gen|9
|tier|[Gen 9] VGC 2025 Reg H (Bo3)
|rated|
|rule|Species Clause: Limit one of each Pokémon
|rule|Item Clause: Limit 1 of each item
|clearpoke
|poke|p1|Volcarona, L50, F|
|poke|p1|Rillaboom, L50, M|
|poke|p1|Gholdengo, L50|
|poke|p1|Sneasler, L50, F|
|poke|p1|Dragonite, L50, M|
|poke|p1|Sinistcha-Masterpiece, L50|
|poke|p2|Ninetales-Alola, L50, M|
|poke|p2|Ursaluna-Bloodmoon, L50, M|
|poke|p2|Gholdengo, L50|
|poke|p2|Amoonguss, L50, M|
|poke|p2|Annihilape, L50, F|
|poke|p2|Dragonite, L50, M|
|teampreview|4
|showteam|p1|Volcarona||CovertCloak|FlameBody|QuiverDance,HeatWave,TeraBlast,Protect|||F|||50|,,,,,Fairy]Rillaboom||AssaultVest|GrassySurge|Uturn,WoodHammer,GrassyGlide,FakeOut|||M|||50|,,,,,Fire]Gholdengo||MetalCoat|GoodasGold|MakeItRain,ShadowBall,NastyPlot,Protect||||||50|,,,,,Dragon]Sneasler||FocusSash|Unburden|DireClaw,CloseCombat,FakeOut,Protect|||F|||50|,,,,,Stellar]Dragonite||LoadedDice|Multiscale|ScaleShot,Tailwind,Haze,Protect|||M|||50|,,,,,Fairy]Sinistcha-Masterpiece||RockyHelmet|Hospitality|MatchaGotcha,RagePowder,TrickRoom,Imprison||||||50|,,,,,Dark
|showteam|p2|Ninetales-Alola||LightClay|SnowWarning|IcyWind,Blizzard,AuroraVeil,Encore|||M|||50|,,,,,Ghost]Ursaluna-Bloodmoon||AssaultVest|MindsEye|BloodMoon,EarthPower,HyperVoice,VacuumWave|||M|||50|,,,,,Ghost]Gholdengo||LifeOrb|GoodasGold|Protect,NastyPlot,MakeItRain,ShadowBall||||||50|,,,,,Water]Amoonguss||CovertCloak|Regenerator|Spore,RagePowder,SludgeBomb,Protect|||M|||50|,,,,,Psychic]Annihilape||SafetyGoggles|Defiant|RageFist,BulkUp,DrainPunch,Protect|||F|||50|,,,,,Fire]Dragonite||LoadedDice|Multiscale|ScaleShot,Tailwind,Haze,Protect|||M|||50|,,,,,Fairy
|inactive|Battle timer is ON: inactive players will automatically lose when time's up. (requested by ViveCodin)
|
|t:|1755985642
|teamsize|p1|4
|teamsize|p2|4
|start
|switch|p1a: Sneasler|Sneasler, L50, F|100/100
|switch|p1b: Volcarona|Volcarona, L50, F, shiny|100/100
|switch|p2a: Ninetales|Ninetales-Alola, L50, M|100/100
|switch|p2b: Annihilape|Annihilape, L50, F|100/100
|-weather|Snowscape|[from] ability: Snow Warning|[of] p2a: Ninetales
|turn|1
|
|t:|1755985651
|move|p1a: Sneasler|Fake Out|p2a: Ninetales
|-damage|p2a: Ninetales|89/100
|cant|p2a: Ninetales|flinch
|move|p1b: Volcarona|Quiver Dance|p1b: Volcarona
|-boost|p1b: Volcarona|spa|1
|-boost|p1b: Volcarona|spd|1
|-boost|p1b: Volcarona|spe|1
|move|p2b: Annihilape|Bulk Up|p2b: Annihilape
|-boost|p2b: Annihilape|atk|1
|-boost|p2b: Annihilape|def|1
|
|-weather|Snowscape|[upkeep]
|upkeep
|turn|2
|
|t:|1755985664
|-terastallize|p2b: Annihilape|Fire
|move|p1b: Volcarona|Heat Wave|p2a: Ninetales|[spread] p2a,p2b
|-supereffective|p2a: Ninetales
|-resisted|p2b: Annihilape
|-damage|p2a: Ninetales|0 fnt
|-damage|p2b: Annihilape|79/100
|faint|p2a: Ninetales
|move|p1a: Sneasler|Dire Claw|p2b: Annihilape
|-damage|p2b: Annihilape|51/100
|-status|p2b: Annihilape|psn
|move|p2b: Annihilape|Bulk Up|p2b: Annihilape
|-boost|p2b: Annihilape|atk|1
|-boost|p2b: Annihilape|def|1
|
|-weather|Snowscape|[upkeep]
|-damage|p2b: Annihilape|39/100 psn|[from] psn
|upkeep
|
|t:|1755985676
|switch|p2a: Dragonite|Dragonite, L50, M|100/100
|turn|3
|
|t:|1755985692
|move|p1b: Volcarona|Tera Blast|p2b: Annihilape
|-damage|p2b: Annihilape|10/100 psn
|move|p1a: Sneasler|Dire Claw|p2a: Dragonite
|-damage|p2a: Dragonite|77/100
|-status|p2a: Dragonite|psn
|move|p2a: Dragonite|Scale Shot|p1a: Sneasler
|-damage|p1a: Sneasler|75/100
|-damage|p1a: Sneasler|48/100
|-damage|p1a: Sneasler|23/100
|-damage|p1a: Sneasler|0 fnt
|faint|p1a: Sneasler
|-hitcount|p1: Sneasler|4
|-unboost|p2a: Dragonite|def|1
|-boost|p2a: Dragonite|spe|1
|move|p2b: Annihilape|Rage Fist|p1b: Volcarona
|-damage|p1b: Volcarona|0 fnt
|faint|p1b: Volcarona
|
|-weather|Snowscape|[upkeep]
|-damage|p2a: Dragonite|65/100 psn|[from] psn
|-damage|p2b: Annihilape|0 fnt|[from] psn
|faint|p2b: Annihilape
|upkeep
|
|t:|1755985714
|switch|p1a: Rillaboom|Rillaboom, L50, M, shiny|100/100
|switch|p1b: Sinistcha|Sinistcha-Masterpiece, L50|100/100
|switch|p2b: Gholdengo|Gholdengo, L50|100/100
|-fieldstart|move: Grassy Terrain|[from] ability: Grassy Surge|[of] p1a: Rillaboom
|turn|4
|
|t:|1755985728
|-terastallize|p1b: Sinistcha|Dark
|move|p1a: Rillaboom|Fake Out|p2a: Dragonite
|-damage|p2a: Dragonite|42/100 psn
|cant|p2a: Dragonite|flinch
|move|p2b: Gholdengo|Nasty Plot|p2b: Gholdengo
|-boost|p2b: Gholdengo|spa|2
|move|p1b: Sinistcha|Trick Room|p1b: Sinistcha
|-fieldstart|move: Trick Room|[of] p1b: Sinistcha
|
|-weather|Snowscape|[upkeep]
|-damage|p2a: Dragonite|30/100 psn|[from] psn
|upkeep
|turn|5
|
|t:|1755985742
|move|p1b: Sinistcha|Matcha Gotcha|p2b: Gholdengo|[spread] p2a,p2b
|-resisted|p2a: Dragonite
|-resisted|p2b: Gholdengo
|-crit|p2b: Gholdengo
|-damage|p2a: Dragonite|21/100 psn
|-damage|p2b: Gholdengo|76/100
|move|p1a: Rillaboom|Wood Hammer|p2b: Gholdengo
|-resisted|p2b: Gholdengo
|-damage|p2b: Gholdengo|39/100
|-damage|p1a: Rillaboom|90/100|[from] Recoil
|move|p2b: Gholdengo|Nasty Plot|p2b: Gholdengo
|-boost|p2b: Gholdengo|spa|2
|move|p2a: Dragonite|Scale Shot|p1a: Rillaboom
|-damage|p1a: Rillaboom|76/100
|-damage|p1a: Rillaboom|62/100
|-damage|p1a: Rillaboom|47/100
|-damage|p1a: Rillaboom|32/100
|-damage|p1a: Rillaboom|17/100
|-hitcount|p1a: Rillaboom|5
|-unboost|p2a: Dragonite|def|1
|-boost|p2a: Dragonite|spe|1
|
|-weather|none
|-heal|p1a: Rillaboom|23/100|[from] Grassy Terrain
|-heal|p2b: Gholdengo|45/100|[from] Grassy Terrain
|-damage|p2a: Dragonite|9/100 psn|[from] psn
|upkeep
|turn|6
|
|t:|1755985759
|move|p1b: Sinistcha|Matcha Gotcha|p2a: Dragonite|[spread] p2b
|-miss|p1b: Sinistcha|p2a: Dragonite
|-resisted|p2b: Gholdengo
|-damage|p2b: Gholdengo|28/100
|move|p1a: Rillaboom|Wood Hammer|p2b: Gholdengo
|-resisted|p2b: Gholdengo
|-damage|p2b: Gholdengo|0 fnt
|faint|p2b: Gholdengo
|-damage|p1a: Rillaboom|15/100|[from] Recoil
|move|p2a: Dragonite|Scale Shot|p1b: Sinistcha
|-damage|p1b: Sinistcha|87/100
|-damage|p1b: Sinistcha|73/100
|-damage|p1b: Sinistcha|61/100
|-damage|p1b: Sinistcha|48/100
|-hitcount|p1b: Sinistcha|4
|-unboost|p2a: Dragonite|def|1
|-boost|p2a: Dragonite|spe|1
|
|-heal|p1b: Sinistcha|54/100|[from] Grassy Terrain
|-heal|p1a: Rillaboom|21/100|[from] Grassy Terrain
|-damage|p2a: Dragonite|0 fnt|[from] psn
|faint|p2a: Dragonite
|
|win|ViveCodin
|raw|ViveCodin's rating: 1247 → 1278(+31 for winning)
|raw|ricottaonmypizza's rating: 1328 → 1303(-25 for losing)
