|j|☆drczech
|j|☆rovbmc
|html|drczechrovbmc    
|uhtml|bestof|Game 3 of a best-of-3
|t:|1782696860
|gametype|doubles
|player|p1|drczech|fisherman-gen4|
|player|p2|rovbmc|#dplxicratermakers|
|gen|9
|tier|[Gen 9 Champions] VGC 2026 Reg M-B (Bo3)
|rule|Species Clause: Limit one of each Pokémon
|rule|Item Clause: Limit 1 of each item
|clearpoke
|poke|p1|Torkoal, L50, F|
|poke|p1|Mamoswine, L50, M|
|poke|p1|Farigiraf, L50, M|
|poke|p1|Scrafty, L50, M|
|poke|p1|Pyroar, L50, M, shiny|
|poke|p1|Venusaur, L50, M|
|poke|p2|Whimsicott, L50, F|
|poke|p2|Floette-Eternal, L50, F|
|poke|p2|Basculegion, L50, M|
|poke|p2|Kingambit, L50, M|
|poke|p2|Charizard, L50, F|
|poke|p2|Garchomp, L50, M|
|teampreview|4
|showteam|p1|Torkoal||HeatRock|Drought|Protect,HelpingHand,Eruption,WeatherBall|Quiet||F|||50|]Mamoswine||FocusSash|Oblivious|HighHorsepower,RockSlide,IceShard,Protect|Adamant||M|||50|]Farigiraf||SitrusBerry|ArmorTail|Thunderbolt,Psychic,TrickRoom,Protect|Quiet||M|||50|]Scrafty||Scraftinite|Intimidate|FakeOut,IcePunch,DrainPunch,KnockOff|Adamant||M|||50|]Pyroar||Pyroarite|Unnerve|Protect,HeatWave,Overheat,Taunt|Timid||M|||50|]Venusaur||LifeOrb|Chlorophyll|Protect,EnergyBall,EarthPower,SludgeBomb|Modest||M|||50|
|showteam|p2|Whimsicott||FocusSash|Prankster|Moonblast,Tailwind,Encore,Protect|Timid||F|||50|]Floette-Eternal||Floettite|FlowerVeil|Moonblast,DazzlingGleam,LightofRuin,Protect|Timid||F|||50|]Basculegion||LifeOrb|SwiftSwim|WaveCrash,LastRespects,AquaJet,Protect|Adamant||M|||50|]Kingambit||OccaBerry|Defiant|IronHead,KowtowCleave,LowKick,SuckerPunch|Adamant||M|||50|]Charizard||CharizarditeY|Blaze|HeatWave,WeatherBall,SolarBeam,Protect|Modest||F|||50|]Garchomp||SitrusBerry|RoughSkin|Earthquake,RockSlide,DragonClaw,Protect|Jolly||M|||50|
|j| ginny weasley 58
|j| RK_pocoyo
|j| KKCWind
|j| Flarefox
|j| Tanner Mask
|j| PandaMan7567
|j| 21Kieran
|j| Code
|j| kunal
|
|t:|1782696935
|teamsize|p1|4
|teamsize|p2|4
|start
|switch|p1a: Mamoswine|Mamoswine, L50, M|100/100
|switch|p1b: Pyroar|Pyroar, L50, M, shiny|100/100
|switch|p2a: Floette|Floette-Eternal, L50, F|100/100
|switch|p2b: Kingambit|Kingambit, L50, M|100/100
|-ability|p1b: Pyroar|Unnerve
|turn|1
|
|t:|1782696970
|switch|p1a: Torkoal|Torkoal, L50, F|100/100
|-weather|SunnyDay|[from] ability: Drought|[of] p1a: Torkoal
|detailschange|p1b: Pyroar|Pyroar-Mega, L50, M, shiny
|-mega|p1b: Pyroar|Pyroar|Pyroarite
|detailschange|p2a: Floette|Floette-Mega, L50, F
|-mega|p2a: Floette|Floette|Floettite
|-ability|p2a: Floette|Fairy Aura
|move|p2a: Floette|Protect|p2a: Floette
|-singleturn|p2a: Floette|Protect
|move|p1b: Pyroar|Heat Wave|p2b: Kingambit|[spread] p2b
|-activate|p2a: Floette|move: Protect
|-supereffective|p2b: Kingambit|1
|-enditem|p2b: Kingambit|Occa Berry|[eat]
|-enditem|p2b: Kingambit|Occa Berry|[weaken]
|-damage|p2b: Kingambit|20/100y
|move|p2b: Kingambit|Kowtow Cleave|p1a: Torkoal
|-damage|p1a: Torkoal|62/100
|
|-weather|SunnyDay|[upkeep]
|upkeep
|turn|2
|
|t:|1782696996
|switch|p2a: Garchomp|Garchomp, L50, M|100/100
|switch|p1a: Farigiraf|Farigiraf, L50, M|100/100
|move|p2b: Kingambit|Sucker Punch||[still]
|cant|p1a: Farigiraf|ability: Armor Tail|Sucker Punch|[of] p2b: Kingambit
|move|p1b: Pyroar|Heat Wave|p2a: Garchomp|[spread] p2a
|-miss|p1b: Pyroar|p2b: Kingambit
|-resisted|p2a: Garchomp|1
|-damage|p2a: Garchomp|58/100
|
|-weather|SunnyDay|[upkeep]
|upkeep
|turn|3
|
|t:|1782697024
|move|p1a: Farigiraf|Protect|p1a: Farigiraf
|-singleturn|p1a: Farigiraf|Protect
|move|p1b: Pyroar|Overheat|p2a: Garchomp
|-resisted|p2a: Garchomp|1
|-damage|p2a: Garchomp|0 fnt
|-unboost|p1b: Pyroar|spa|2
|faint|p2a: Garchomp
|move|p2b: Kingambit|Kowtow Cleave|p1a: Farigiraf
|-activate|p1a: Farigiraf|move: Protect
|
|-weather|SunnyDay|[upkeep]
|upkeep
|
|t:|1782697029
|switch|p2a: Floette|Floette-Mega, L50, F|100/100
|-ability|p2a: Floette|Fairy Aura
|turn|4
|
|t:|1782697055
|move|p1b: Pyroar|Heat Wave|p2a: Floette|[spread] p2b
|-miss|p1b: Pyroar|p2a: Floette
|-supereffective|p2b: Kingambit|1
|-damage|p2b: Kingambit|0 fnt
|faint|p2b: Kingambit
|move|p2a: Floette|Moonblast|p1a: Farigiraf
|-damage|p1a: Farigiraf|26/100
|-enditem|p1a: Farigiraf|Sitrus Berry|[eat]
|-heal|p1a: Farigiraf|51/100|[from] item: Sitrus Berry
|move|p1a: Farigiraf|Trick Room|p1a: Farigiraf
|-fieldstart|move: Trick Room|[of] p1a: Farigiraf
|
|-weather|SunnyDay|[upkeep]
|upkeep
|j| thacrow
|
|t:|1782697059
|switch|p2b: Whimsicott|Whimsicott, L50, F|100/100
|turn|5
|l| thacrow
|
|t:|1782697091
|move|p2b: Whimsicott|Protect|p2b: Whimsicott
|-singleturn|p2b: Whimsicott|Protect
|move|p2a: Floette|Protect|p2a: Floette
|-singleturn|p2a: Floette|Protect
|move|p1b: Pyroar|Protect|p1b: Pyroar
|-singleturn|p1b: Pyroar|Protect
|move|p1a: Farigiraf|Psychic|p2b: Whimsicott
|-activate|p2b: Whimsicott|move: Protect
|
|-weather|SunnyDay|[upkeep]
|upkeep
|turn|6
|
|t:|1782697116
|move|p1a: Farigiraf|Psychic|p2a: Floette
|-damage|p2a: Floette|67/100
|move|p2a: Floette|Moonblast|p1b: Pyroar
|-resisted|p1b: Pyroar|1
|-damage|p1b: Pyroar|52/100
|move|p2b: Whimsicott|Moonblast|p1b: Pyroar
|-resisted|p1b: Pyroar|1
|-damage|p1b: Pyroar|21/100
|move|p1b: Pyroar|Heat Wave|p2a: Floette|[spread] p2a,p2b
|-supereffective|p2b: Whimsicott|1
|-damage|p2a: Floette|29/100
|-enditem|p2b: Whimsicott|Focus Sash
|-damage|p2b: Whimsicott|1/100
|
|-weather|SunnyDay|[upkeep]
|upkeep
|turn|7
|l| RK_pocoyo
|
|t:|1782697144
|switch|p1b: Torkoal|Torkoal, L50, F|62/100
|move|p2b: Whimsicott|Protect|p2b: Whimsicott
|-singleturn|p2b: Whimsicott|Protect
|move|p1a: Farigiraf|Psychic|p2b: Whimsicott
|-activate|p2b: Whimsicott|move: Protect
|move|p2a: Floette|Dazzling Gleam|p1b: Torkoal|[spread] p1a,p1b
|-resisted|p1b: Torkoal|1
|-damage|p1a: Farigiraf|6/100
|-damage|p1b: Torkoal|31/100
|
|-weather|SunnyDay|[upkeep]
|upkeep
|turn|8
|
|t:|1782697160
|move|p2b: Whimsicott|Protect|p2b: Whimsicott
|-singleturn|p2b: Whimsicott|Protect
|move|p2a: Floette|Protect|p2a: Floette
|-singleturn|p2a: Floette|Protect
|move|p1b: Torkoal|Weather Ball|p2a: Floette
|-activate|p2a: Floette|move: Protect
|move|p1a: Farigiraf|Psychic|p2b: Whimsicott
|-activate|p2b: Whimsicott|move: Protect
|
|-weather|none
|-fieldend|move: Trick Room
|upkeep
|turn|9
|l| 21Kieran
|
|t:|1782697179
|move|p1b: Torkoal|Protect|p1b: Torkoal
|-singleturn|p1b: Torkoal|Protect
|move|p2b: Whimsicott|Moonblast|p1b: Torkoal
|-activate|p1b: Torkoal|move: Protect
|move|p2a: Floette|Dazzling Gleam|p1a: Farigiraf|[spread] p1a
|-activate|p1b: Torkoal|move: Protect
|-damage|p1a: Farigiraf|0 fnt
|faint|p1a: Farigiraf
|
|upkeep
|
|t:|1782697181
|switch|p1a: Mamoswine|Mamoswine, L50, M|100/100
|turn|10
|j| cryptbloom
|
|t:|1782697219
|move|p1b: Torkoal|Helping Hand|p1a: Mamoswine
|-singleturn|p1a: Mamoswine|Helping Hand|[of] p1b: Torkoal
|move|p2a: Floette|Protect|p2a: Floette
|-singleturn|p2a: Floette|Protect
|move|p1a: Mamoswine|Ice Shard|p2a: Floette
|-activate|p2a: Floette|move: Protect
|move|p2b: Whimsicott|Moonblast|p1a: Mamoswine
|-damage|p1a: Mamoswine|28/100
|-unboost|p1a: Mamoswine|spa|1
|
|upkeep
|turn|11
|
|t:|1782697233
|move|p1b: Torkoal|Helping Hand|p1a: Mamoswine
|-singleturn|p1a: Mamoswine|Helping Hand|[of] p1b: Torkoal
|move|p2a: Floette|Protect|p2a: Floette
|-singleturn|p2a: Floette|Protect
|move|p1a: Mamoswine|Ice Shard|p2a: Floette
|-activate|p2a: Floette|move: Protect
|move|p2b: Whimsicott|Moonblast|p1a: Mamoswine
|-damage|p1a: Mamoswine|0 fnt
|faint|p1a: Mamoswine
|
|upkeep
|c|☆drczech|ok
|
|t:|1782697244
|switch|p1a: Pyroar|Pyroar-Mega, L50, M, shiny|21/100
|turn|12
|l| ginny weasley 58
|
|t:|1782697269
|move|p2b: Whimsicott|Tailwind|p2b: Whimsicott
|-sidestart|p2: rovbmc|move: Tailwind
|move|p2a: Floette|Dazzling Gleam|p1a: Pyroar|[spread] p1a,p1b
|-resisted|p1a: Pyroar|1
|-resisted|p1b: Torkoal|1
|-damage|p1a: Pyroar|0 fnt
|-damage|p1b: Torkoal|2/100
|faint|p1a: Pyroar
|move|p1b: Torkoal|Eruption|p2b: Whimsicott|[spread] p2a,p2b
|-supereffective|p2b: Whimsicott|1
|-damage|p2a: Floette|29/100
|-damage|p2b: Whimsicott|0 fnt
|faint|p2b: Whimsicott
|
|upkeep
|turn|13
|-message|drczech forfeited.
|
|win|rovbmc
|l| KKCWind
|c|☆drczech|gg
|c|☆rovbmc|ggs mb
|c|☆drczech|happends
|c|☆drczech|happens
|j| RK_pocoyo
|l| cryptbloom
|l| Tanner Mask
|l|☆rovbmc
|player|p2|
|j| marilli
|j|☆rovbmc
|player|p2|rovbmc|#dplxicratermakers|
|l|☆drczech
|player|p1|
|l|☆rovbmc
|player|p2|
|l| RK_pocoyo
|j| Tanner Mask
|l| Tanner Mask
|j| Jawnzu
|j| illumiseshill
