|j|☆marcosdeltasena31
|j|☆mel0dielol
|html|marcosdeltasena31mel0dielol    
|uhtml|bestof|Game 3 of a best-of-3
|t:|1755400523
|gametype|doubles
|player|p1|marcosdeltasena31|hilbert|1208
|player|p2|mel0dielol|cheryl|1224
|gen|9
|tier|[Gen 9] VGC 2025 Reg H (Bo3)
|rated|
|rule|Species Clause: Limit one of each Pokémon
|rule|Item Clause: Limit 1 of each item
|clearpoke
|poke|p1|Dragonite, L50, F|
|poke|p1|Sneasler, L50, F|
|poke|p1|Volcarona, L50, F|
|poke|p1|Rillaboom, L50, M|
|poke|p1|Kingambit, L50, F|
|poke|p1|Electabuzz, L50, F|
|poke|p2|Incineroar, L50, F|
|poke|p2|Porygon2, L50|
|poke|p2|Amoonguss, L50, F|
|poke|p2|Ursaluna, L50, M|
|poke|p2|Gholdengo, L50|
|poke|p2|Flamigo, L50, M|
|teampreview|4
|showteam|p1|Dragonite||LoadedDice|Multiscale|ScaleShot,ExtremeSpeed,Haze,Protect|||F|||50|,,,,,Fairy]Sneasler||FocusSash|PoisonTouch|DireClaw,CloseCombat,FakeOut,Coaching|||F|||50|,,,,,Ghost]Volcarona||CovertCloak|FlameBody|HeatWave,TeraBlast,QuiverDance,Protect|||F|||50|,,,,,Fairy]Rillaboom||AssaultVest|GrassySurge|WoodHammer,FakeOut,GrassyGlide,HighHorsepower|||M|||50|,,,,,Fire]Kingambit||BlackGlasses|Defiant|KowtowCleave,SwordsDance,SuckerPunch,Protect|||F|||50|,,,,,Dark]Electabuzz||Eviolite|VitalSpirit|Electroweb,FollowMe,Taunt,Protect|||F|||50|,,,,,Ghost
|showteam|p2|Incineroar||SafetyGoggles|Intimidate|KnockOff,FlareBlitz,PartingShot,FakeOut|||F|||50|,,,,,Grass]Porygon2||Eviolite|Download|TeraBlast,IceBeam,Recover,TrickRoom||||||50|,,,,,Fighting]Amoonguss||MentalHerb|Regenerator|Spore,RagePowder,PollenPuff,SludgeBomb|||F|||50|,,,,,Water]Ursaluna||FlameOrb|Guts|Facade,HeadlongRush,Earthquake,Protect|||M|||50|,,,,,Normal]Gholdengo||LifeOrb|GoodasGold|MakeItRain,ShadowBall,NastyPlot,Protect||||||50|,,,,,Dragon]Flamigo||FocusSash|Scrappy|CloseCombat,BraveBird,WideGuard,Protect|||M|||50|,,,,,Ghost
|
|t:|1755400553
|teamsize|p1|4
|teamsize|p2|4
|start
|switch|p1a: Volcarona|Volcarona, L50, F|100/100
|switch|p1b: Electabuzz|Electabuzz, L50, F|100/100
|switch|p2a: Porygon2|Porygon2, L50, shiny|100/100
|switch|p2b: Flamigo|Flamigo, L50, M, shiny|100/100
|-ability|p2a: Porygon2|Download|boost
|-boost|p2a: Porygon2|atk|1
|turn|1
|
|t:|1755400567
|switch|p2b: Ursaluna|Ursaluna, L50, M, shiny|100/100
|move|p1a: Volcarona|Protect|p1a: Volcarona
|-singleturn|p1a: Volcarona|Protect
|move|p1b: Electabuzz|Taunt|p2a: Porygon2
|-start|p2a: Porygon2|move: Taunt
|cant|p2a: Porygon2|move: Taunt|Trick Room
|
|-status|p2b: Ursaluna|brn|[from] item: Flame Orb
|upkeep
|turn|2
|
|t:|1755400588
|switch|p1a: Rillaboom|Rillaboom, L50, M|100/100
|-fieldstart|move: Grassy Terrain|[from] ability: Grassy Surge|[of] p1a: Rillaboom
|switch|p2a: Flamigo|Flamigo, L50, M, shiny|100/100
|move|p1b: Electabuzz|Taunt|p2b: Ursaluna
|-start|p2b: Ursaluna|move: Taunt
|move|p2b: Ursaluna|Earthquake|p1b: Electabuzz|[spread] p1a,p1b
|-immune|p2a: Flamigo
|-resisted|p1a: Rillaboom
|-supereffective|p1b: Electabuzz
|-damage|p1a: Rillaboom|85/100
|-damage|p1b: Electabuzz|48/100
|
|-heal|p1b: Electabuzz|54/100|[from] Grassy Terrain
|-heal|p1a: Rillaboom|90/100|[from] Grassy Terrain
|-damage|p2b: Ursaluna|95/100 brn|[from] brn
|upkeep
|turn|3
|
|t:|1755400648
|switch|p2b: Porygon2|Porygon2, L50, shiny|100/100
|-ability|p2b: Porygon2|Download|boost
|-boost|p2b: Porygon2|spa|1
|move|p2a: Flamigo|Protect|p2a: Flamigo
|-singleturn|p2a: Flamigo|Protect
|move|p1b: Electabuzz|Follow Me|p1b: Electabuzz
|-singleturn|p1b: Electabuzz|move: Follow Me
|move|p1a: Rillaboom|Wood Hammer|p2b: Porygon2
|-damage|p2b: Porygon2|56/100
|-damage|p1a: Rillaboom|77/100|[from] Recoil
|
|-heal|p1b: Electabuzz|60/100|[from] Grassy Terrain
|-heal|p1a: Rillaboom|83/100|[from] Grassy Terrain
|-heal|p2b: Porygon2|62/100|[from] Grassy Terrain
|upkeep
|turn|4
|
|t:|1755400664
|move|p2a: Flamigo|Brave Bird|p1a: Rillaboom
|-supereffective|p1a: Rillaboom
|-damage|p1a: Rillaboom|0 fnt
|faint|p1a: Rillaboom
|-damage|p2a: Flamigo|65/100|[from] Recoil
|move|p1b: Electabuzz|Taunt|p2b: Porygon2
|-start|p2b: Porygon2|move: Taunt
|cant|p2b: Porygon2|move: Taunt|Trick Room
|
|-heal|p1b: Electabuzz|65/100|[from] Grassy Terrain
|-heal|p2b: Porygon2|69/100|[from] Grassy Terrain
|upkeep
|
|t:|1755400669
|switch|p1a: Volcarona|Volcarona, L50, F|100/100
|turn|5
|
|t:|1755400718
|switch|p2b: Ursaluna|Ursaluna, L50, M, shiny|95/100 brn
|move|p1b: Electabuzz|Follow Me|p1b: Electabuzz
|-singleturn|p1b: Electabuzz|move: Follow Me
|move|p2a: Flamigo|Close Combat|p1b: Electabuzz
|-damage|p1b: Electabuzz|21/100
|-unboost|p2a: Flamigo|def|1
|-unboost|p2a: Flamigo|spd|1
|move|p1a: Volcarona|Quiver Dance|p1a: Volcarona
|-boost|p1a: Volcarona|spa|1
|-boost|p1a: Volcarona|spd|1
|-boost|p1a: Volcarona|spe|1
|
|-heal|p1b: Electabuzz|27/100|[from] Grassy Terrain
|-heal|p2b: Ursaluna|100/100 brn|[from] Grassy Terrain
|-damage|p2b: Ursaluna|95/100 brn|[from] brn
|upkeep
|turn|6
|
|t:|1755400790
|-terastallize|p1a: Volcarona|Fairy
|move|p2a: Flamigo|Protect|p2a: Flamigo
|-singleturn|p2a: Flamigo|Protect
|move|p1b: Electabuzz|Follow Me|p1b: Electabuzz
|-singleturn|p1b: Electabuzz|move: Follow Me
|move|p1a: Volcarona|Tera Blast|p2a: Flamigo|[anim] Tera Blast Fairy
|-activate|p2a: Flamigo|move: Protect
|move|p2b: Ursaluna|Earthquake|p1b: Electabuzz|[spread] p1a,p1b
|-activate|p2a: Flamigo|move: Protect
|-supereffective|p1b: Electabuzz
|-damage|p1a: Volcarona|62/100
|-damage|p1b: Electabuzz|0 fnt
|faint|p1b: Electabuzz
|
|-heal|p1a: Volcarona|68/100|[from] Grassy Terrain
|-heal|p2b: Ursaluna|100/100 brn|[from] Grassy Terrain
|-damage|p2b: Ursaluna|95/100 brn|[from] brn
|-fieldend|move: Grassy Terrain
|upkeep
|
|t:|1755400794
|switch|p1b: Kingambit|Kingambit, L50, F|100/100
|turn|7
|
|t:|1755400834
|switch|p2a: Amoonguss|Amoonguss, L50, F, shiny|100/100
|move|p2b: Ursaluna|Protect|p2b: Ursaluna
|-singleturn|p2b: Ursaluna|Protect
|move|p1b: Kingambit|Sucker Punch||[still]
|-fail|p1b: Kingambit
|move|p1a: Volcarona|Heat Wave|p2b: Ursaluna|[spread] p2a
|-activate|p2b: Ursaluna|move: Protect
|-supereffective|p2a: Amoonguss
|-damage|p2a: Amoonguss|9/100
|
|-damage|p2b: Ursaluna|89/100 brn|[from] brn
|upkeep
|turn|8
|
|t:|1755400888
|move|p2a: Amoonguss|Rage Powder|p2a: Amoonguss
|-singleturn|p2a: Amoonguss|move: Rage Powder
|move|p1a: Volcarona|Heat Wave|p2a: Amoonguss|[spread] p2a,p2b
|-supereffective|p2a: Amoonguss
|-damage|p2a: Amoonguss|0 fnt
|-damage|p2b: Ursaluna|45/100 brn
|faint|p2a: Amoonguss
|move|p1b: Kingambit|Kowtow Cleave|p2b: Ursaluna
|-damage|p2b: Ursaluna|2/100 brn
|move|p2b: Ursaluna|Earthquake|p1a: Volcarona|[spread] p1a,p1b
|-supereffective|p1b: Kingambit
|-damage|p1a: Volcarona|0 fnt
|-damage|p1b: Kingambit|7/100
|faint|p1a: Volcarona
|
|-damage|p2b: Ursaluna|0 fnt|[from] brn
|faint|p2b: Ursaluna
|upkeep
|
|t:|1755400892
|switch|p2b: Porygon2|Porygon2, L50, shiny|69/100
|switch|p2a: Flamigo|Flamigo, L50, M, shiny|65/100
|-ability|p2b: Porygon2|Download|boost
|-boost|p2b: Porygon2|spa|1
|turn|9
|c|☆mel0dielol|gg
|
|t:|1755400901
|move|p1b: Kingambit|Sucker Punch|p2a: Flamigo
|-resisted|p2a: Flamigo
|-damage|p2a: Flamigo|31/100
|move|p2a: Flamigo|Close Combat|p1b: Kingambit
|-supereffective|p1b: Kingambit
|-damage|p1b: Kingambit|0 fnt
|-unboost|p2a: Flamigo|def|1
|-unboost|p2a: Flamigo|spd|1
|faint|p1b: Kingambit
|
|win|mel0dielol
|raw|marcosdeltasena31's rating: 1208 → 1184(-24 for losing)
|raw|mel0dielol's rating: 1224 → 1248(+24 for winning)
|c|☆mel0dielol|ATEE
|l|☆marcosdeltasena31
|player|p1|
