|j|☆RagCheese
|j|☆Chelicerate1
|html|RagCheeseChelicerate1    
|uhtml|bestof|Game 2 of a best-of-3
|t:|1785654872
|gametype|doubles
|player|p1|RagCheese|bellelba|1115
|player|p2|Chelicerate1|ethan|1300
|gen|9
|tier|[Gen 9 Champions] VGC 2026 Reg M-B (Bo3)
|rated|
|rule|Species Clause: Limit one of each Pokémon
|rule|Item Clause: Limit 1 of each item
|clearpoke
|poke|p1|Raichu, L50, M|
|poke|p1|Pelipper, L50, M|
|poke|p1|Garchomp, L50, F|
|poke|p1|Archaludon, L50, M|
|poke|p1|Slowbro, L50, M|
|poke|p1|Orthworm, L50, F|
|poke|p2|Grimmsnarl, L50, M|
|poke|p2|Basculegion, L50, M|
|poke|p2|Charizard, L50, F|
|poke|p2|Pelipper, L50, M|
|poke|p2|Venusaur, L50, M|
|poke|p2|Archaludon, L50, M|
|teampreview|4
|showteam|p1|Raichu||RaichuniteX|LightningRod|Protect,FakeOut,VoltSwitch,RisingVoltage|Modest||M|||50|]Pelipper||FocusSash|Drizzle|Hurricane,WeatherBall,Tailwind,WideGuard|Modest||M|||50|]Garchomp||Garchompite|RoughSkin|Earthquake,EarthPower,RockSlide,DracoMeteor|Quiet||F|||50|]Archaludon||ExpertBelt|Stamina|DragonPulse,ElectroShot,FlashCannon,Protect|Modest||M|||50|]Slowbro||Slowbronite|Regenerator|MuddyWater,SlackOff,TrickRoom,Protect|Quiet||M|||50|]Orthworm||SitrusBerry|EarthEater|IronHead,ShedTail,BodyPress,HelpingHand|Adamant||F|||50|
|showteam|p2|Grimmsnarl||LightClay|Prankster|SpiritBreak,PartingShot,Reflect,LightScreen|Sassy||M|||50|]Basculegion||ChoiceScarf|Adaptability|LastRespects,WaveCrash,AquaJet,FlipTurn|Jolly||M|||50|]Charizard||CharizarditeY|Blaze|Protect,HeatWave,WeatherBall,SolarBeam|Modest||F|||50|]Pelipper||SitrusBerry|Drizzle|Hurricane,WeatherBall,Tailwind,WideGuard|Modest||M|||50|]Venusaur||FocusSash|Chlorophyll|SludgeBomb,SleepPowder,EarthPower,Protect|Modest||M|||50|]Archaludon||Leftovers|Stamina|ElectroShot,DragonPulse,FlashCannon,Protect|Calm||M|||50|
|inactive|Battle timer is ON: inactive players will automatically lose when time's up. (requested by Chelicerate1)
|inactive|RagCheese has 60 seconds left.
|inactive|Chelicerate1 has 60 seconds left.
|inactive|RagCheese has 30 seconds left.
|
|t:|1785654938
|teamsize|p1|4
|teamsize|p2|4
|start
|switch|p1a: Orthworm|Orthworm, L50, F|100/100
|switch|p1b: Garchomp|Garchomp, L50, F|100/100
|switch|p2a: Charizard|Charizard, L50, F|100/100
|switch|p2b: Venusaur|Venusaur, L50, M|100/100
|turn|1
|inactive|RagCheese has 30 seconds left.
|inactive|Chelicerate1 has 30 seconds left.
|inactive|RagCheese has 20 seconds left.
|
|t:|1785654973
|detailschange|p2a: Charizard|Charizard-Mega-Y, L50, F
|-mega|p2a: Charizard|Charizard|Charizardite Y
|-weather|SunnyDay|[from] ability: Drought|[of] p2a: Charizard
|move|p2b: Venusaur|Sleep Powder|p1b: Garchomp
|-status|p1b: Garchomp|slp|[from] move: Sleep Powder
|move|p2a: Charizard|Weather Ball|p1a: Orthworm
|-supereffective|p1a: Orthworm|1
|-damage|p1a: Orthworm|0 fnt
|faint|p1a: Orthworm
|cant|p1b: Garchomp|slp
|
|-weather|SunnyDay|[upkeep]
|upkeep
|
|t:|1785654988
|switch|p1a: Pelipper|Pelipper, L50, M|100/100
|-weather|RainDance|[from] ability: Drizzle|[of] p1a: Pelipper
|turn|2
|
|t:|1785655004
|switch|p2a: Archaludon|Archaludon, L50, M|100/100
|switch|p1a: Raichu|Raichu, L50, M|100/100
|move|p2b: Venusaur|Sleep Powder|p1a: Raichu
|-status|p1a: Raichu|slp|[from] move: Sleep Powder
|cant|p1b: Garchomp|slp
|
|-weather|RainDance|[upkeep]
|upkeep
|turn|3
|inactive|RagCheese has 30 seconds left.
|
|t:|1785655031
|detailschange|p1a: Raichu|Raichu-Mega-X, L50, M
|-mega|p1a: Raichu|Raichu|Raichunite X
|-fieldstart|move: Electric Terrain|[from] ability: Electric Surge|[of] p1a: Raichu
|cant|p1a: Raichu|slp
|move|p2b: Venusaur|Earth Power|p1b: Garchomp
|-damage|p1b: Garchomp|71/100 slp
|move|p2a: Archaludon|Dragon Pulse|p1b: Garchomp
|-supereffective|p1b: Garchomp|1
|-damage|p1b: Garchomp|9/100 slp
|-curestatus|p1b: Garchomp|slp|[msg]
|move|p1b: Garchomp|Earth Power|p2a: Archaludon
|-supereffective|p2a: Archaludon|1
|-damage|p2a: Archaludon|31/100
|-ability|p2a: Archaludon|Stamina|boost
|-boost|p2a: Archaludon|def|1
|
|-weather|RainDance|[upkeep]
|-heal|p2a: Archaludon|37/100|[from] item: Leftovers
|upkeep
|turn|4
|inactive|RagCheese has 30 seconds left.
|
|t:|1785655065
|switch|p2a: Charizard|Charizard-Mega-Y, L50, F|100/100
|-weather|SunnyDay|[from] ability: Drought|[of] p2a: Charizard
|move|p2b: Venusaur|Earth Power|p1b: Garchomp
|-damage|p1b: Garchomp|0 fnt
|faint|p1b: Garchomp
|cant|p1a: Raichu|slp
|
|-weather|SunnyDay|[upkeep]
|upkeep
|
|t:|1785655077
|switch|p1b: Pelipper|Pelipper, L50, M|100/100
|-weather|RainDance|[from] ability: Drizzle|[of] p1b: Pelipper
|turn|5
|
|t:|1785655097
|switch|p2a: Archaludon|Archaludon, L50, M|37/100
|move|p2b: Venusaur|Earth Power|p1a: Raichu
|-supereffective|p1a: Raichu|1
|-damage|p1a: Raichu|38/100 slp
|-curestatus|p1a: Raichu|slp|[msg]
|move|p1a: Raichu|Rising Voltage|p2a: Archaludon
|-hint|Rising Voltage's BP doubled on grounded target.
|-resisted|p2a: Archaludon|1
|-damage|p2a: Archaludon|2/100
|-ability|p2a: Archaludon|Stamina|boost
|-boost|p2a: Archaludon|def|1
|move|p1b: Pelipper|Hurricane|p2b: Venusaur
|-supereffective|p2b: Venusaur|1
|-enditem|p2b: Venusaur|Focus Sash
|-damage|p2b: Venusaur|1/100
|-start|p2b: Venusaur|confusion
|
|-weather|RainDance|[upkeep]
|-heal|p2a: Archaludon|8/100|[from] item: Leftovers
|upkeep
|turn|6
|inactive|RagCheese has 30 seconds left.
|inactive|Chelicerate1 has 30 seconds left.
|inactive|Chelicerate1 has 20 seconds left.
|
|t:|1785655134
|switch|p2a: Charizard|Charizard-Mega-Y, L50, F|100/100
|-weather|SunnyDay|[from] ability: Drought|[of] p2a: Charizard
|move|p1a: Raichu|Protect|p1a: Raichu
|-singleturn|p1a: Raichu|Protect
|-activate|p2b: Venusaur|confusion
|move|p2b: Venusaur|Sleep Powder|p1b: Pelipper
|-status|p1b: Pelipper|slp|[from] move: Sleep Powder
|cant|p1b: Pelipper|slp
|
|-weather|SunnyDay|[upkeep]
|upkeep
|turn|7
|
|t:|1785655159
|-activate|p2b: Venusaur|confusion
|-damage|p2b: Venusaur|0 fnt|[from] confusion
|faint|p2b: Venusaur
|move|p2a: Charizard|Weather Ball|p1b: Pelipper
|-resisted|p1b: Pelipper|1
|-damage|p1b: Pelipper|21/100 slp
|move|p1a: Raichu|Rising Voltage|p2a: Charizard
|-supereffective|p2a: Charizard|1
|-damage|p2a: Charizard|33/100
|cant|p1b: Pelipper|slp
|
|-weather|SunnyDay|[upkeep]
|-fieldend|move: Electric Terrain
|upkeep
|
|t:|1785655181
|switch|p2b: Archaludon|Archaludon, L50, M|8/100
|turn|8
|-message|RagCheese forfeited.
|
|win|Chelicerate1
|raw|RagCheese's rating: 1115 → 1102(-13 for losing)
|raw|Chelicerate1's rating: 1300 → 1313(+13 for winning)
|l|☆RagCheese
|player|p1|
