|j|☆pokefaqk
|j|☆Beeetch
|html|pokefaqkBeeetch    
|uhtml|bestof|Game 2 of a best-of-3
|t:|1756928828
|gametype|doubles
|player|p1|pokefaqk|1|1340
|player|p2|Beeetch|beauty-gen4dp|1331
|gen|9
|tier|[Gen 9] VGC 2025 Reg H (Bo3)
|rated|
|rule|Species Clause: Limit one of each Pokémon
|rule|Item Clause: Limit 1 of each item
|clearpoke
|poke|p1|Ursaluna, L50, F|
|poke|p1|Incineroar, L50, F|
|poke|p1|Archaludon, L50, F|
|poke|p1|Yanmega, L50, F|
|poke|p1|Farigiraf, L50, F|
|poke|p1|Sneasler, L50, F|
|poke|p2|Excadrill, L50, M|
|poke|p2|Tyranitar, L50, F|
|poke|p2|Sneasler, L50, F|
|poke|p2|Indeedee, L50, M|
|poke|p2|Corviknight, L50, M|
|poke|p2|Annihilape, L50, F|
|teampreview|4
|showteam|p1|Ursaluna||FlameOrb|Guts|Protect,Facade,HeadlongRush,Earthquake|||F|||50|,,,,,Ghost]Incineroar||AssaultVest|Intimidate|FakeOut,Uturn,KnockOff,FlareBlitz|||F|||50|,,,,,Grass]Archaludon||PowerHerb|Stalwart|DragonPulse,ElectroShot,Protect,Thunderbolt|||F|||50|,,,,,Electric]Yanmega||FocusSash|SpeedBoost|AirSlash,BugBuzz,Tailwind,Detect|||F|||50|,,,,,Ghost]Farigiraf||SafetyGoggles|ArmorTail|TrickRoom,Protect,HelpingHand,Psychic|||F|||50|,,,,,Fire]Sneasler||LifeOrb|PoisonTouch|CloseCombat,DireClaw,ThroatChop,Protect|||F|||50|,,,,,Stellar
|showteam|p2|Excadrill||FocusSash|SandRush|IronHead,HighHorsepower,Earthquake,Protect|||M|||50|,,,,,Stellar]Tyranitar||AssaultVest|SandStream|RockSlide,KnockOff,TeraBlast,LowKick|||F|||50|,,,,,Flying]Sneasler||PsychicSeed|Unburden|DireClaw,CloseCombat,ThroatChop,Protect|||F|||50|,,,,,Dark]Indeedee||ChoiceScarf|PsychicSurge|ExpandingForce,TeraBlast,Protect,Trick|||M|||50|,,,,,Psychic]Corviknight||Leftovers|MirrorArmor|BraveBird,BulkUp,Roost,Tailwind|||M|||50|,,,,,Dragon]Annihilape||SafetyGoggles|Defiant|CloseCombat,FinalGambit,RageFist,Taunt|||F|||50|,,,,,Water
|inactive|Battle timer is ON: inactive players will automatically lose when time's up. (requested by pokefaqk)
|
|t:|1756928858
|teamsize|p1|4
|teamsize|p2|4
|start
|switch|p1a: Yanmega|Yanmega, L50, F|100/100
|switch|p1b: Ursaluna|Ursaluna, L50, F|100/100
|switch|p2a: Tyranitar|Tyranitar, L50, F, shiny|100/100
|switch|p2b: Annihilape|Annihilape, L50, F|100/100
|-weather|Sandstorm|[from] ability: Sand Stream|[of] p2a: Tyranitar
|turn|1
|
|t:|1756928880
|move|p1a: Yanmega|Detect|p1a: Yanmega
|-singleturn|p1a: Yanmega|Protect
|move|p1b: Ursaluna|Protect|p1b: Ursaluna
|-singleturn|p1b: Ursaluna|Protect
|move|p2b: Annihilape|Rage Fist|p1a: Yanmega
|-activate|p1a: Yanmega|move: Protect
|move|p2a: Tyranitar|Rock Slide|p1b: Ursaluna|[spread] 
|-activate|p1a: Yanmega|move: Protect
|-activate|p1b: Ursaluna|move: Protect
|
|-weather|Sandstorm|[upkeep]
|-damage|p1a: Yanmega|95/100|[from] Sandstorm
|-ability|p1a: Yanmega|Speed Boost|boost
|-boost|p1a: Yanmega|spe|1
|-status|p1b: Ursaluna|brn|[from] item: Flame Orb
|upkeep
|turn|2
|
|t:|1756928899
|-terastallize|p2a: Tyranitar|Flying
|-terastallize|p1b: Ursaluna|Ghost
|move|p1a: Yanmega|Tailwind|p1a: Yanmega
|-sidestart|p1: pokefaqk|move: Tailwind
|move|p1b: Ursaluna|Earthquake|p2b: Annihilape|[spread] p2b
|-immune|p1a: Yanmega
|-immune|p2a: Tyranitar
|-damage|p2b: Annihilape|39/100
|move|p2b: Annihilape|Close Combat|p1b: Ursaluna
|-immune|p1b: Ursaluna
|move|p2a: Tyranitar|Rock Slide|p1a: Yanmega|[spread] p1a,p1b
|-supereffective|p1a: Yanmega
|-damage|p1a: Yanmega|0 fnt
|-damage|p1b: Ursaluna|75/100 brn
|faint|p1a: Yanmega
|
|-weather|Sandstorm|[upkeep]
|-damage|p1b: Ursaluna|69/100 brn|[from] Sandstorm
|-damage|p2a: Tyranitar|95/100|[from] Sandstorm
|-damage|p1b: Ursaluna|63/100 brn|[from] brn
|upkeep
|
|t:|1756928914
|switch|p1a: Sneasler|Sneasler, L50, F|100/100
|turn|3
|
|t:|1756928936
|move|p1a: Sneasler|Throat Chop|p2b: Annihilape
|-damage|p2b: Annihilape|0 fnt
|faint|p2b: Annihilape
|-damage|p1a: Sneasler|91/100|[from] item: Life Orb
|move|p1b: Ursaluna|Facade|p2a: Tyranitar
|-damage|p2a: Tyranitar|0 fnt
|faint|p2a: Tyranitar
|
|-weather|Sandstorm|[upkeep]
|-damage|p1a: Sneasler|85/100|[from] Sandstorm
|-damage|p1b: Ursaluna|57/100 brn|[from] Sandstorm
|-damage|p1b: Ursaluna|51/100 brn|[from] brn
|upkeep
|
|t:|1756928947
|switch|p2b: Sneasler|Sneasler, L50, F, shiny|100/100
|switch|p2a: Indeedee|Indeedee, L50, M, shiny|100/100
|-fieldstart|move: Psychic Terrain|[from] ability: Psychic Surge|[of] p2a: Indeedee
|-enditem|p2b: Sneasler|Psychic Seed
|-boost|p2b: Sneasler|spd|1|[from] item: Psychic Seed
|turn|4
|
|t:|1756928962
|switch|p1b: Incineroar|Incineroar, L50, F|100/100
|-ability|p1b: Incineroar|Intimidate|boost
|-unboost|p2a: Indeedee|atk|1
|-unboost|p2b: Sneasler|atk|1
|move|p1a: Sneasler|Throat Chop|p2a: Indeedee
|-supereffective|p2a: Indeedee
|-damage|p2a: Indeedee|0 fnt
|faint|p2a: Indeedee
|-damage|p1a: Sneasler|76/100|[from] item: Life Orb
|move|p2b: Sneasler|Throat Chop|p1b: Incineroar
|-resisted|p1b: Incineroar
|-damage|p1b: Incineroar|91/100
|-start|p1b: Incineroar|Throat Chop|[silent]
|
|-weather|Sandstorm|[upkeep]
|-damage|p1a: Sneasler|70/100|[from] Sandstorm
|-damage|p2b: Sneasler|94/100|[from] Sandstorm
|-damage|p1b: Incineroar|85/100|[from] Sandstorm
|upkeep
|turn|5
|
|t:|1756928975
|move|p1a: Sneasler|Protect|p1a: Sneasler
|-singleturn|p1a: Sneasler|Protect
|move|p2b: Sneasler|Dire Claw|p1a: Sneasler
|-activate|p1a: Sneasler|move: Protect
|move|p1b: Incineroar|U-turn|p2b: Sneasler
|-resisted|p2b: Sneasler
|-damage|p2b: Sneasler|87/100
|
|t:|1756928982
|switch|p1b: Ursaluna|Ursaluna, L50, F, tera:Ghost|51/100 brn|[from] U-turn
|
|-weather|none
|-damage|p1b: Ursaluna|45/100 brn|[from] brn
|-sideend|p1: pokefaqk|move: Tailwind
|upkeep
|turn|6
|
|t:|1756928992
|switch|p1b: Incineroar|Incineroar, L50, F|85/100
|-ability|p1b: Incineroar|Intimidate|boost
|-unboost|p2b: Sneasler|atk|1
|move|p2b: Sneasler|Throat Chop|p1b: Incineroar
|-resisted|p1b: Incineroar
|-damage|p1b: Incineroar|78/100
|-start|p1b: Incineroar|Throat Chop|[silent]
|move|p1a: Sneasler|Dire Claw|p2b: Sneasler
|-resisted|p2b: Sneasler
|-damage|p2b: Sneasler|40/100
|-status|p2b: Sneasler|par
|-damage|p1a: Sneasler|60/100|[from] item: Life Orb
|
|upkeep
|turn|7
|
|t:|1756929006
|move|p1a: Sneasler|Dire Claw|p2b: Sneasler
|-resisted|p2b: Sneasler
|-damage|p2b: Sneasler|0 fnt
|faint|p2b: Sneasler
|-damage|p1a: Sneasler|51/100|[from] item: Life Orb
|
|win|pokefaqk
|raw|pokefaqk's rating: 1340 → 1359(+19 for winning)
|raw|Beeetch's rating: 1331 → 1312(-19 for losing)
