|j|☆Sabis RPPLF
|j|☆Mylo-san
|html|Sabis RPPLFMylo-san    
|uhtml|bestof|Game 2 of a best-of-3
|t:|1783105463
|gametype|doubles
|player|p1|Sabis RPPLF|ltsurge|
|player|p2|Mylo-san|102|
|gen|9
|tier|[Gen 9 Champions] VGC 2026 Reg M-B (Bo3)
|rule|Species Clause: Limit one of each Pokémon
|rule|Item Clause: Limit 1 of each item
|clearpoke
|poke|p1|Sceptile, L50, M, shiny|
|poke|p1|Rotom-Wash, L50|
|poke|p1|Garchomp, L50, M|
|poke|p1|Talonflame, L50, F, shiny|
|poke|p1|Gholdengo, L50|
|poke|p1|Sneasler, L50, F, shiny|
|poke|p2|Charizard, L50, F|
|poke|p2|Whimsicott, L50, F, shiny|
|poke|p2|Farigiraf, L50, F|
|poke|p2|Garchomp, L50, F|
|poke|p2|Floette-Eternal, L50, F|
|poke|p2|Basculegion, L50, M|
|teampreview|4
|showteam|p1|Sceptile||Sceptilite|Overgrow|EnergyBall,DragonPulse,EarthPower,Detect|Modest||M|||50|]Rotom-Wash||ChoiceScarf|Levitate|HydroPump,Thunderbolt,Discharge,WillOWisp|Timid|||||50|]Garchomp||SoftSand|RoughSkin|DragonClaw,Earthquake,RockSlide,Protect|Jolly||M|||50|]Talonflame||LifeOrb|GaleWings|BraveBird,Overheat,Tailwind,Protect|Naive||F|||50|]Gholdengo||FocusSash|GoodasGold|MakeItRain,ShadowBall,PowerGem,Protect|Timid|||||50|]Sneasler||WhiteHerb|Unburden|CloseCombat,DireClaw,ThroatChop,Protect|Adamant||F|||50|
|showteam|p2|Charizard||CharizarditeY|Blaze|HeatWave,SolarBeam,WeatherBall,Protect|Modest||F|||50|]Whimsicott||FocusSash|Prankster|Moonblast,Tailwind,Encore,Protect|Timid||F|||50|]Farigiraf||SitrusBerry|ArmorTail|Imprison,TwinBeam,TrickRoom,Protect|Calm||F|||50|]Garchomp||LifeOrb|RoughSkin|IronHead,StompingTantrum,DragonClaw,RockSlide|Adamant||F|||50|]Floette-Eternal||Floettite|FlowerVeil|Moonblast,CalmMind,DazzlingGleam,Protect|Modest||F|||50|]Basculegion||ChoiceScarf|Adaptability|LastRespects,AquaJet,WaveCrash,PsychicFangs|Jolly||M|||50|
|j| GivraClem
|j| YochiGameur
|j| ma_bane
|
|t:|1783105552
|teamsize|p1|4
|teamsize|p2|4
|start
|switch|p1a: Rotom|Rotom-Wash, L50|100/100
|switch|p1b: Gholdengo|Gholdengo, L50|100/100
|switch|p2a: Cotovol|Whimsicott, L50, F, shiny|100/100
|switch|p2b: Gallame|Garchomp, L50, F|100/100
|turn|1
|
|t:|1783105582
|switch|p1b: Talonflame|Talonflame, L50, F, shiny|100/100
|move|p2a: Cotovol|Tailwind|p2a: Cotovol
|-sidestart|p2: Mylo-san|move: Tailwind
|move|p2b: Gallame|Stomping Tantrum|p1b: Talonflame
|-immune|p1b: Talonflame
|move|p1a: Rotom|Will-O-Wisp|p2b: Gallame
|-status|p2b: Gallame|brn
|
|-damage|p2b: Gallame|94/100 brn|[from] brn
|upkeep
|turn|2
|
|t:|1783105624
|move|p1b: Talonflame|Protect|p1b: Talonflame
|-singleturn|p1b: Talonflame|Protect
|move|p2a: Cotovol|Moonblast|p1a: Rotom
|-damage|p1a: Rotom|55/100
|move|p2b: Gallame|Rock Slide|p1a: Rotom|[spread] p1a
|-activate|p1b: Talonflame|move: Protect
|-damage|p1a: Rotom|37/100
|-damage|p2b: Gallame|84/100 brn|[from] item: Life Orb
|move|p1a: Rotom|Will-O-Wisp|p2a: Cotovol
|-status|p2a: Cotovol|brn
|
|-damage|p2a: Cotovol|94/100 brn|[from] brn
|-damage|p2b: Gallame|78/100 brn|[from] brn
|upkeep
|turn|3
|j| trigazelli
|
|t:|1783105649
|switch|p1a: Gholdengo|Gholdengo, L50|100/100
|move|p2a: Cotovol|Protect|p2a: Cotovol
|-singleturn|p2a: Cotovol|Protect
|move|p1b: Talonflame|Brave Bird|p2a: Cotovol
|-activate|p2a: Cotovol|move: Protect
|move|p2b: Gallame|Rock Slide|p1b: Talonflame|[spread] p1a,p1b
|-resisted|p1a: Gholdengo|1
|-supereffective|p1b: Talonflame|2
|-damage|p1a: Gholdengo|92/100
|-damage|p1b: Talonflame|9/100
|-damage|p2b: Gallame|68/100 brn|[from] item: Life Orb
|
|-damage|p2a: Cotovol|88/100 brn|[from] brn
|-damage|p2b: Gallame|62/100 brn|[from] brn
|upkeep
|turn|4
|
|t:|1783105670
|move|p1b: Talonflame|Protect|p1b: Talonflame
|-singleturn|p1b: Talonflame|Protect
|move|p2a: Cotovol|Moonblast|p1b: Talonflame
|-activate|p1b: Talonflame|move: Protect
|move|p2b: Gallame|Stomping Tantrum|p1a: Gholdengo
|-supereffective|p1a: Gholdengo|1
|-damage|p1a: Gholdengo|30/100
|-damage|p2b: Gallame|52/100 brn|[from] item: Life Orb
|move|p1a: Gholdengo|Make It Rain|p2a: Cotovol|[spread] p2a,p2b
|-supereffective|p2a: Cotovol|1
|-damage|p2a: Cotovol|0 fnt
|-damage|p2b: Gallame|1/100 brn
|-unboost|p1a: Gholdengo|spa|2
|faint|p2a: Cotovol
|
|-damage|p2b: Gallame|0 fnt|[from] brn
|faint|p2b: Gallame
|-sideend|p2: Mylo-san|move: Tailwind
|upkeep
|
|t:|1783105675
|switch|p2a: Lodvisc|Basculegion, L50, M|100/100
|switch|p2b: Heliatronc|Floette-Eternal, L50, F|100/100
|turn|5
|
|t:|1783105715
|detailschange|p2b: Heliatronc|Floette-Mega, L50, F
|-mega|p2b: Heliatronc|Floette|Floettite
|-ability|p2b: Heliatronc|Fairy Aura
|move|p2a: Lodvisc|Last Respects|p1b: Talonflame
|-damage|p1b: Talonflame|0 fnt
|faint|p1b: Talonflame
|move|p2b: Heliatronc|Moonblast|p1a: Gholdengo
|-resisted|p1a: Gholdengo|1
|-damage|p1a: Gholdengo|0 fnt
|faint|p1a: Gholdengo
|
|upkeep
|
|t:|1783105722
|switch|p1b: Rotom|Rotom-Wash, L50|37/100
|switch|p1a: Sceptile|Sceptile, L50, M, shiny|100/100
|turn|6
|j| Boonty88
|c| Boonty88|allez sabis
|j| quentinteug
|
|t:|1783105779
|detailschange|p1a: Sceptile|Sceptile-Mega, L50, M, shiny
|-mega|p1a: Sceptile|Sceptile|Sceptilite
|move|p1b: Rotom|Discharge|p2b: Heliatronc|[spread] p2a,p2b
|-ability|p1a: Sceptile|Lightning Rod|boost
|-boost|p1a: Sceptile|spa|1
|-supereffective|p2a: Lodvisc|1
|-damage|p2a: Lodvisc|48/100
|-damage|p2b: Heliatronc|79/100
|-status|p2b: Heliatronc|par
|move|p2a: Lodvisc|Last Respects|p1a: Sceptile
|-damage|p1a: Sceptile|0 fnt
|faint|p1a: Sceptile
|cant|p2b: Heliatronc|par
|
|upkeep
|turn|7
|
|t:|1783105796
|move|p1b: Rotom|Discharge|p2b: Heliatronc|[spread] p2a,p2b
|-supereffective|p2a: Lodvisc|1
|-damage|p2a: Lodvisc|0 fnt
|-damage|p2b: Heliatronc|59/100 par
|faint|p2a: Lodvisc
|cant|p2b: Heliatronc|par
|
|upkeep
|turn|8
|
|t:|1783105803
|move|p1b: Rotom|Discharge|p2b: Heliatronc
|-crit|p2b: Heliatronc
|-damage|p2b: Heliatronc|17/100 par
|move|p2b: Heliatronc|Moonblast|p1b: Rotom
|-damage|p1b: Rotom|0 fnt
|faint|p1b: Rotom
|
|win|Mylo-san
|c|☆Sabis RPPLF|gg
|c|☆Mylo-san|gg
|c| GivraClem|gg
|c|☆Mylo-san|j'ai eu peur
|l| quentinteug
|l| trigazelli
|l| ma_bane
|c|☆Mylo-san|bravo à toi :)
|l| GivraClem
