|j|☆desertstorm868
|j|☆Senli
|html|desertstorm868Senli    
|uhtml|bestof|Game 2 of a best-of-3
|t:|1786029473
|gametype|doubles
|player|p1|desertstorm868|hilbert|1084
|player|p2|Senli|florian-bb|1195
|gen|9
|tier|[Gen 9 Champions] VGC 2026 Reg M-B (Bo3)
|rated|
|rule|Species Clause: Limit one of each Pokémon
|rule|Item Clause: Limit 1 of each item
|clearpoke
|poke|p1|Tyranitar, L50, M|
|poke|p1|Excadrill, L50, F|
|poke|p1|Staraptor, L50, F|
|poke|p1|Milotic, L50, F|
|poke|p1|Gholdengo, L50|
|poke|p1|Sinistcha-Masterpiece, L50|
|poke|p2|Staraptor, L50, M, shiny|
|poke|p2|Glimmora, L50, F, shiny|
|poke|p2|Kingambit, L50, M, shiny|
|poke|p2|Whimsicott, L50, F, shiny|
|poke|p2|Delphox, L50, M, shiny|
|poke|p2|Garchomp, L50, F, shiny|
|teampreview|4
|showteam|p1|Tyranitar||Tyranitarite|SandStream|RockSlide,KnockOff,LowKick,Protect|Adamant||M|||50|]Excadrill||FocusSash|SandRush|HighHorsepower,IronHead,RockSlide,Protect|Adamant||F|||50|]Staraptor||Staraptite|Intimidate|BraveBird,CloseCombat,Tailwind,Protect|Jolly||F|||50|]Milotic||SitrusBerry|Competitive|Scald,IceBeam,Recover,Protect|Modest||F|||50|]Gholdengo||LifeOrb|GoodasGold|MakeItRain,ShadowBall,NastyPlot,Protect|Modest|||||50|]Sinistcha-Masterpiece||ColburBerry|Hospitality|MatchaGotcha,RagePowder,TrickRoom,Protect|Relaxed|||||50|
|showteam|p2|Staraptor||Staraptite|Intimidate|CloseCombat,BraveBird,Roost,Protect|Jolly||M|||50|]Glimmora||FocusSash|ToxicDebris|PowerGem,SludgeBomb,EarthPower,SpikyShield|Timid||F|||50|]Kingambit||ChopleBerry|Defiant|KowtowCleave,IronHead,LowKick,SuckerPunch|Adamant||M|||50|]Whimsicott||OccaBerry|Prankster|Tailwind,Moonblast,Charm,LightScreen|Timid||F|||50|]Delphox||Delphoxite|Blaze|HeatWave,Psychic,Substitute,Protect|Timid||M|||50|]Garchomp||ChoiceScarf|RoughSkin|DragonClaw,RockSlide,Earthquake,StompingTantrum|Jolly||F|||50|
|inactive|Battle timer is ON: inactive players will automatically lose when time's up. (requested by Senli)
|inactive|Senli has 60 seconds left.
|
|t:|1786029505
|teamsize|p1|4
|teamsize|p2|4
|start
|switch|p1a: Excadrill|Excadrill, L50, F|100/100
|switch|p1b: Milotic|Milotic, L50, F|100/100
|switch|p2a: Whimsicott|Whimsicott, L50, F, shiny|100/100
|switch|p2b: Garchomp|Garchomp, L50, F, shiny|100/100
|turn|1
|
|t:|1786029528
|move|p1a: Excadrill|Protect|p1a: Excadrill
|-singleturn|p1a: Excadrill|Protect
|move|p2a: Whimsicott|Tailwind|p2a: Whimsicott
|-sidestart|p2: Senli|move: Tailwind
|move|p2b: Garchomp|Earthquake|p1b: Milotic|[spread] p2a,p1b
|-activate|p1a: Excadrill|move: Protect
|-resisted|p2a: Whimsicott|1
|-damage|p2a: Whimsicott|76/100
|-damage|p1b: Milotic|59/100
|move|p1b: Milotic|Ice Beam|p2b: Garchomp
|-supereffective|p2b: Garchomp|2
|-damage|p2b: Garchomp|0 fnt
|faint|p2b: Garchomp
|
|upkeep
|
|t:|1786029540
|switch|p2b: Kingambit|Kingambit, L50, M, shiny|100/100
|turn|2
|
|t:|1786029563
|move|p2a: Whimsicott|Charm|p1a: Excadrill
|-unboost|p1a: Excadrill|atk|2
|move|p2b: Kingambit|Low Kick|p1a: Excadrill
|-supereffective|p1a: Excadrill|1
|-damage|p1a: Excadrill|34/100
|move|p1a: Excadrill|High Horsepower|p2b: Kingambit
|-supereffective|p2b: Kingambit|1
|-damage|p2b: Kingambit|59/100
|move|p1b: Milotic|Scald|p2b: Kingambit
|-damage|p2b: Kingambit|31/100
|
|upkeep
|turn|3
|
|t:|1786029579
|move|p2a: Whimsicott|Light Screen|p2a: Whimsicott
|-sidestart|p2: Senli|move: Light Screen
|move|p2b: Kingambit|Sucker Punch|p1a: Excadrill
|-damage|p1a: Excadrill|0 fnt
|faint|p1a: Excadrill
|move|p1b: Milotic|Scald|p2b: Kingambit
|-damage|p2b: Kingambit|11/100
|
|upkeep
|
|t:|1786029590
|switch|p1a: Tyranitar|Tyranitar, L50, M|100/100
|-weather|Sandstorm|[from] ability: Sand Stream|[of] p1a: Tyranitar
|turn|4
|
|t:|1786029604
|move|p1a: Tyranitar|Protect|p1a: Tyranitar
|-singleturn|p1a: Tyranitar|Protect
|move|p2a: Whimsicott|Moonblast|p1b: Milotic
|-damage|p1b: Milotic|37/100
|-unboost|p1b: Milotic|spa|1
|-ability|p1b: Milotic|Competitive|boost
|-boost|p1b: Milotic|spa|2
|-enditem|p1b: Milotic|Sitrus Berry|[eat]
|-heal|p1b: Milotic|61/100|[from] item: Sitrus Berry
|move|p2b: Kingambit|Iron Head|p1b: Milotic
|-resisted|p1b: Milotic|1
|-damage|p1b: Milotic|40/100
|move|p1b: Milotic|Ice Beam|p2a: Whimsicott
|-supereffective|p2a: Whimsicott|1
|-damage|p2a: Whimsicott|7/100
|
|-weather|Sandstorm|[upkeep]
|-damage|p2a: Whimsicott|1/100|[from] Sandstorm
|-damage|p1b: Milotic|34/100|[from] Sandstorm
|-sideend|p2: Senli|move: Tailwind
|upkeep
|turn|5
|inactive|desertstorm868 has 30 seconds left.
|inactive|Senli has 30 seconds left.
|
|t:|1786029632
|detailschange|p1a: Tyranitar|Tyranitar-Mega, L50, M
|-mega|p1a: Tyranitar|Tyranitar|Tyranitarite
|move|p2a: Whimsicott|Moonblast|p1b: Milotic
|-damage|p1b: Milotic|11/100
|move|p1a: Tyranitar|Low Kick|p2b: Kingambit
|-supereffective|p2b: Kingambit|2
|-enditem|p2b: Kingambit|Chople Berry|[eat]
|-enditem|p2b: Kingambit|Chople Berry|[weaken]
|-damage|p2b: Kingambit|0 fnt
|faint|p2b: Kingambit
|move|p1b: Milotic|Scald|p2a: Whimsicott
|-resisted|p2a: Whimsicott|1
|-damage|p2a: Whimsicott|0 fnt
|faint|p2a: Whimsicott
|
|-weather|Sandstorm|[upkeep]
|-damage|p1b: Milotic|5/100|[from] Sandstorm
|upkeep
|
|t:|1786029642
|switch|p2b: Staraptor|Staraptor, L50, M, shiny|100/100
|-ability|p2b: Staraptor|Intimidate|boost
|-unboost|p1a: Tyranitar|atk|1
|-unboost|p1b: Milotic|atk|1
|-ability|p1b: Milotic|Competitive|boost
|-boost|p1b: Milotic|spa|2
|turn|6
|inactive|desertstorm868 has 30 seconds left.
|inactive|desertstorm868 has 20 seconds left.
|inactive|desertstorm868 has 15 seconds left.
|
|t:|1786029684
|detailschange|p2b: Staraptor|Staraptor-Mega, L50, M, shiny
|-mega|p2b: Staraptor|Staraptor|Staraptite
|move|p2b: Staraptor|Close Combat|p1b: Milotic
|-damage|p1b: Milotic|0 fnt
|-boost|p2b: Staraptor|def|1
|-boost|p2b: Staraptor|spd|1
|faint|p1b: Milotic
|move|p1a: Tyranitar|Rock Slide|p2b: Staraptor|[miss]
|-miss|p1a: Tyranitar|p2b: Staraptor
|
|-weather|Sandstorm|[upkeep]
|-damage|p2b: Staraptor|94/100|[from] Sandstorm
|upkeep
|
|t:|1786029697
|switch|p1b: Gholdengo|Gholdengo, L50|100/100
|turn|7
|
|t:|1786029711
|move|p2b: Staraptor|Close Combat|p1a: Tyranitar
|-supereffective|p1a: Tyranitar|2
|-damage|p1a: Tyranitar|0 fnt
|-boost|p2b: Staraptor|def|1
|-boost|p2b: Staraptor|spd|1
|faint|p1a: Tyranitar
|move|p1b: Gholdengo|Shadow Ball|p2b: Staraptor
|-damage|p2b: Staraptor|77/100
|-damage|p1b: Gholdengo|90/100|[from] item: Life Orb
|
|-weather|Sandstorm|[upkeep]
|-damage|p2b: Staraptor|71/100|[from] Sandstorm
|-sideend|p2: Senli|move: Light Screen
|upkeep
|turn|8
|-message|desertstorm868 forfeited.
|raw|desertstorm868's rating: 1084 → 1068(-16 for losing)
|raw|Senli's rating: 1195 → 1212(+17 for winning)
|
|win|Senli
