|j|☆Moon7777
|j|☆nicven
|html|Moon7777nicven    
|uhtml|bestof|Game 1 of a best-of-3
|t:|1756492672
|gametype|doubles
|player|p1|Moon7777|170|1463
|player|p2|nicven|169|1455
|gen|9
|tier|[Gen 9] VGC 2025 Reg H (Bo3)
|rated|
|rule|Species Clause: Limit one of each Pokémon
|rule|Item Clause: Limit 1 of each item
|clearpoke
|poke|p1|Dragonite, L50, F|
|poke|p1|Rillaboom, L50, F|
|poke|p1|Magmar, L50, M|
|poke|p1|Sneasler, L50, M|
|poke|p1|Kingambit, L50, F|
|poke|p1|Basculegion, L50, M|
|poke|p2|Sneasler, L50, F|
|poke|p2|Dragonite, L50, M|
|poke|p2|Rillaboom, L50, M|
|poke|p2|Basculegion, L50, M|
|poke|p2|Volcarona, L50, F|
|poke|p2|Kingambit, L50, M|
|teampreview|4
|showteam|p1|Dragonite||LoadedDice|Multiscale|ScaleShot,Tailwind,Haze,Protect|||F|||50|,,,,,Fairy]Rillaboom||AssaultVest|GrassySurge|WoodHammer,FakeOut,Uturn,GrassyGlide|||F|||50|,,,,,Ghost]Magmar||Eviolite|VitalSpirit|Protect,HeatWave,WillOWisp,FollowMe|||M|||50|,,,,,Ghost]Sneasler||FocusSash|Unburden|Coaching,DireClaw,CloseCombat,Protect|||M|||50|,,,,,Ghost]Kingambit||BlackGlasses|Defiant|KowtowCleave,SwordsDance,SuckerPunch,Protect|||F|||50|,,,,,Fire]Basculegion||ChoiceScarf|Adaptability|WaveCrash,FlipTurn,TeraBlast,LastRespects|||M|||50|,,,,,Fighting
|showteam|p2|Sneasler||FocusSash|Unburden|CloseCombat,DireClaw,Coaching,Protect|||F|||50|,,,,,Ghost]Dragonite||LoadedDice|Multiscale|ScaleShot,ExtremeSpeed,Haze,Protect|||M|||50|,,,,,Fairy]Rillaboom||MiracleSeed|GrassySurge|WoodHammer,GrassyGlide,Taunt,FakeOut|||M|||50|,,,,,Fire]Basculegion||ChoiceScarf|Adaptability|WaveCrash,FlipTurn,LastRespects,TeraBlast|||M|||50|,,,,,Fighting]Volcarona||CovertCloak|FlameBody|HeatWave,TeraBlast,QuiverDance,Protect|||F|||50|,,,,,Fairy]Kingambit||AssaultVest|Defiant|KowtowCleave,SuckerPunch,IronHead,LowKick|||M|||50|,,,,,Flying
|inactive|Battle timer is ON: inactive players will automatically lose when time's up. (requested by Moon7777)
|
|t:|1756492751
|teamsize|p1|4
|teamsize|p2|4
|start
|switch|p1a: Sneasler|Sneasler, L50, M|100/100
|switch|p1b: Kingambit|Kingambit, L50, F|100/100
|switch|p2a: Basculegion|Basculegion, L50, M|100/100
|switch|p2b: Kingambit|Kingambit, L50, M|100/100
|turn|1
|inactive|Moon7777 has 30 seconds left.
|inactive|nicven has 30 seconds left.
|inactive|nicven has 20 seconds left.
|inactive|Moon7777 has 20 seconds left.
|inactive|nicven has 15 seconds left.
|
|t:|1756492795
|-terastallize|p2a: Basculegion|Fighting
|move|p1a: Sneasler|Protect|p1a: Sneasler
|-singleturn|p1a: Sneasler|Protect
|move|p2b: Kingambit|Sucker Punch||[still]
|-fail|p2b: Kingambit
|move|p2a: Basculegion|Wave Crash|p1a: Sneasler
|-activate|p1a: Sneasler|move: Protect
|move|p1b: Kingambit|Swords Dance|p1b: Kingambit
|-boost|p1b: Kingambit|atk|2
|
|upkeep
|turn|2
|inactive|Moon7777 has 30 seconds left.
|inactive|Moon7777 has 20 seconds left.
|
|t:|1756492835
|move|p1b: Kingambit|Protect|p1b: Kingambit
|-singleturn|p1b: Kingambit|Protect
|move|p2a: Basculegion|Wave Crash|p1b: Kingambit
|-activate|p1b: Kingambit|move: Protect
|move|p1a: Sneasler|Coaching|p1b: Kingambit
|-boost|p1b: Kingambit|atk|1
|-boost|p1b: Kingambit|def|1
|move|p2b: Kingambit|Low Kick|p1b: Kingambit
|-activate|p1b: Kingambit|move: Protect
|
|upkeep
|turn|3
|
|t:|1756492856
|move|p2b: Kingambit|Sucker Punch|p1a: Sneasler
|-resisted|p1a: Sneasler
|-damage|p1a: Sneasler|69/100
|move|p2a: Basculegion|Wave Crash|p1a: Sneasler
|-damage|p1a: Sneasler|0 fnt
|faint|p1a: Sneasler
|-damage|p2a: Basculegion|83/100|[from] Recoil
|move|p1b: Kingambit|Kowtow Cleave|p2a: Basculegion
|-resisted|p2a: Basculegion
|-damage|p2a: Basculegion|0 fnt
|faint|p2a: Basculegion
|
|upkeep
|
|t:|1756492874
|switch|p1a: Magmar|Magmar, L50, M|100/100
|switch|p2a: Dragonite|Dragonite, L50, M|100/100
|turn|4
|inactive|Moon7777 has 30 seconds left.
|
|t:|1756492906
|move|p1b: Kingambit|Protect|p1b: Kingambit
|-singleturn|p1b: Kingambit|Protect
|move|p2a: Dragonite|Haze|p2a: Dragonite
|-clearallboost
|move|p1a: Magmar|Will-O-Wisp|p2b: Kingambit|[miss]
|-miss|p1a: Magmar|p2b: Kingambit
|move|p2b: Kingambit|Kowtow Cleave|p1a: Magmar
|-damage|p1a: Magmar|62/100
|
|upkeep
|turn|5
|inactive|Moon7777 has 30 seconds left.
|
|t:|1756492933
|move|p2a: Dragonite|Scale Shot|p1a: Magmar
|-damage|p1a: Magmar|50/100
|-damage|p1a: Magmar|39/100
|-damage|p1a: Magmar|28/100
|-damage|p1a: Magmar|17/100
|-hitcount|p1a: Magmar|4
|-unboost|p2a: Dragonite|def|1
|-boost|p2a: Dragonite|spe|1
|move|p1a: Magmar|Will-O-Wisp|p2b: Kingambit
|-status|p2b: Kingambit|brn
|move|p2b: Kingambit|Low Kick|p1b: Kingambit
|-supereffective|p1b: Kingambit
|-damage|p1b: Kingambit|42/100
|move|p1b: Kingambit|Kowtow Cleave|p2a: Dragonite
|-damage|p2a: Dragonite|48/100
|
|-damage|p2b: Kingambit|94/100 brn|[from] brn
|upkeep
|turn|6
|inactive|Moon7777 has 30 seconds left.
|inactive|nicven has 30 seconds left.
|
|t:|1756492968
|move|p2a: Dragonite|Extreme Speed|p1a: Magmar
|-damage|p1a: Magmar|0 fnt
|faint|p1a: Magmar
|move|p1b: Kingambit|Sucker Punch||[still]
|-fail|p1b: Kingambit
|move|p2b: Kingambit|Low Kick|p1b: Kingambit
|-supereffective|p1b: Kingambit
|-damage|p1b: Kingambit|0 fnt
|faint|p1b: Kingambit
|
|-damage|p2b: Kingambit|88/100 brn|[from] brn
|upkeep
|
|t:|1756492971
|switch|p1b: Basculegion|Basculegion, L50, M|100/100
|turn|7
|inactive|nicven has 30 seconds left.
|
|t:|1756493002
|-terastallize|p1b: Basculegion|Fighting
|move|p2a: Dragonite|Protect|p2a: Dragonite
|-singleturn|p2a: Dragonite|Protect
|move|p2b: Kingambit|Sucker Punch|p1b: Basculegion
|-resisted|p1b: Basculegion
|-damage|p1b: Basculegion|88/100
|move|p1b: Basculegion|Tera Blast|p2a: Dragonite|[anim] Tera Blast Fighting
|-activate|p2a: Dragonite|move: Protect
|
|-damage|p2b: Kingambit|82/100 brn|[from] brn
|upkeep
|turn|8
|
|t:|1756493017
|move|p2a: Dragonite|Extreme Speed|p1b: Basculegion
|-damage|p1b: Basculegion|51/100
|move|p1b: Basculegion|Tera Blast|p2a: Dragonite|[anim] Tera Blast Fighting
|-resisted|p2a: Dragonite
|-damage|p2a: Dragonite|0 fnt
|faint|p2a: Dragonite
|move|p2b: Kingambit|Iron Head|p1b: Basculegion
|-damage|p1b: Basculegion|22/100
|
|-damage|p2b: Kingambit|76/100 brn|[from] brn
|upkeep
|
|t:|1756493028
|switch|p2a: Sneasler|Sneasler, L50, F|100/100
|turn|9
|
|t:|1756493034
|move|p1b: Basculegion|Tera Blast|p2a: Sneasler|[anim] Tera Blast Fighting
|-resisted|p2a: Sneasler
|-damage|p2a: Sneasler|58/100
|move|p2a: Sneasler|Close Combat|p1b: Basculegion
|-damage|p1b: Basculegion|0 fnt
|-unboost|p2a: Sneasler|def|1
|-unboost|p2a: Sneasler|spd|1
|faint|p1b: Basculegion
|
|win|nicven
||nicven is ready for game 2.
||Moon7777 is ready for game 2.
|uhtml|next|Next: Game 2 of 3
