|j|â˜†indigo dye
|j|â˜†TheMarrsterVGC
|html|indigo dyeTheMarrsterVGC    
|uhtml|bestof|Game 2 of a best-of-3
|t:|1755933457
|gametype|doubles
|player|p1|indigo dye|101|1301
|player|p2|TheMarrsterVGC|169|1294
|gen|9
|tier|[Gen 9] VGC 2025 Reg H (Bo3)
|rated|
|rule|Species Clause: Limit one of each PokÃ©mon
|rule|Item Clause: Limit 1 of each item
|clearpoke
|poke|p1|Gholdengo, L50|
|poke|p1|Sneasler, L50, M|
|poke|p1|Rillaboom, L50, F|
|poke|p1|Dragonite, L50, F|
|poke|p1|Ninetales-Alola, L50, M|
|poke|p1|Arcanine-Hisui, L50, F|
|poke|p2|Porygon2, L50|
|poke|p2|Hydreigon, L50, M|
|poke|p2|Incineroar, L50, F|
|poke|p2|Garchomp, L50, M|
|poke|p2|Amoonguss, L50, M|
|poke|p2|Gholdengo, L50|
|teampreview|4
|showteam|p1|Gholdengo||GrassySeed|GoodasGold|NastyPlot,MakeItRain,ShadowBall,Protect||||||50|,,,,,Water]Sneasler||WhiteHerb|Unburden|CloseCombat,DireClaw,Coaching,Protect|||M|||50|,,,,,Ghost]Rillaboom||AssaultVest|GrassySurge|FakeOut,GrassyGlide,DrumBeating,HighHorsepower|||F|||50|,,,,,Fire]Dragonite||LoadedDice|Multiscale|ScaleShot,StompingTantrum,Tailwind,Protect|||F|||50|,,,,,Ground]Ninetales-Alola||FocusSash|SnowWarning|Blizzard,IcyWind,Encore,AuroraVeil|||M|||50|,,,,,Ghost]Arcanine-Hisui||ClearAmulet|Intimidate|RockSlide,FlareBlitz,ExtremeSpeed,Protect|||F|||50|,,,,,Water
|showteam|p2|Porygon2||Eviolite|Download|TeraBlast,IceBeam,TrickRoom,Recover||||||50|,,,,,Fighting]Hydreigon||SafetyGoggles|Levitate|Snarl,DracoMeteor,Tailwind,Protect|||M|||50|,,,,,Ghost]Incineroar||SitrusBerry|Intimidate|FlareBlitz,KnockOff,PartingShot,FakeOut|||F|||50|,,,,,Grass]Garchomp||LifeOrb|RoughSkin|DragonClaw,Earthquake,StompingTantrum,Protect|||M|||50|,,,,,Fire]Amoonguss||CovertCloak|Regenerator|PollenPuff,Spore,RagePowder,Protect|||M|||50|,,,,,Fire]Gholdengo||MetalCoat|GoodasGold|MakeItRain,ShadowBall,NastyPlot,Protect||||||50|,,,,,Flying
|
|t:|1755933470
|teamsize|p1|4
|teamsize|p2|4
|start
|switch|p1a: Rillaboom|Rillaboom, L50, F|100/100
|switch|p1b: Gholdengo|Gholdengo, L50|100/100
|switch|p2a: Gholdengo|Gholdengo, L50, shiny|100/100
|switch|p2b: Garchomp|Garchomp, L50, M, shiny|100/100
|-fieldstart|move: Grassy Terrain|[from] ability: Grassy Surge|[of] p1a: Rillaboom
|-enditem|p1b: Gholdengo|Grassy Seed
|-boost|p1b: Gholdengo|def|1|[from] item: Grassy Seed
|turn|1
|l|â˜†TheMarrsterVGC
|player|p2|
|inactive|Battle timer is ON: inactive players will automatically lose when time's up. (requested by indigo dye)
|j|â˜†TheMarrsterVGC
|inactive|TheMarrsterVGC reconnected and has 80 seconds left.
|player|p2|TheMarrsterVGC|169|
|inactive|TheMarrsterVGC has 60 seconds left.
|
|t:|1755933515
|-terastallize|p1b: Gholdengo|Water
|move|p1a: Rillaboom|Fake Out|p2b: Garchomp
|-damage|p2b: Garchomp|89/100
|-damage|p1a: Rillaboom|88/100|[from] ability: Rough Skin|[of] p2b: Garchomp
|cant|p2b: Garchomp|flinch
|move|p1b: Gholdengo|Nasty Plot|p1b: Gholdengo
|-boost|p1b: Gholdengo|spa|2
|move|p2a: Gholdengo|Shadow Ball|p1b: Gholdengo
|-damage|p1b: Gholdengo|53/100
|
|-heal|p2b: Garchomp|95/100|[from] Grassy Terrain
|-heal|p1a: Rillaboom|94/100|[from] Grassy Terrain
|-heal|p1b: Gholdengo|59/100|[from] Grassy Terrain
|upkeep
|turn|2
|l|â˜†TheMarrsterVGC
|inactive|TheMarrsterVGC disconnected and has a minute to reconnect!
|player|p2|
|inactive|TheMarrsterVGC has 30 seconds left.
|j|â˜†TheMarrsterVGC
|inactive|TheMarrsterVGC reconnected and has 25 seconds left.
|player|p2|TheMarrsterVGC|169|
|inactive|TheMarrsterVGC has 20 seconds left.
|inactive|TheMarrsterVGC has 15 seconds left.
|
|t:|1755933557
|switch|p2b: Incineroar|Incineroar, L50, F, shiny|100/100
|-ability|p2b: Incineroar|Intimidate|boost
|-unboost|p1a: Rillaboom|atk|1
|-unboost|p1b: Gholdengo|atk|1
|move|p1a: Rillaboom|Drum Beating|p2a: Gholdengo
|-resisted|p2a: Gholdengo
|-damage|p2a: Gholdengo|87/100
|-unboost|p2a: Gholdengo|spe|1
|move|p1b: Gholdengo|Make It Rain|p2a: Gholdengo|[spread] p2a,p2b
|-resisted|p2a: Gholdengo
|-resisted|p2b: Incineroar
|-damage|p2a: Gholdengo|41/100
|-damage|p2b: Incineroar|59/100
|-unboost|p1b: Gholdengo|spa|1
|move|p2a: Gholdengo|Shadow Ball|p1b: Gholdengo
|-damage|p1b: Gholdengo|11/100
|
|-heal|p1a: Rillaboom|99/100|[from] Grassy Terrain
|-heal|p1b: Gholdengo|17/100|[from] Grassy Terrain
|-heal|p2b: Incineroar|65/100|[from] Grassy Terrain
|-heal|p2a: Gholdengo|47/100|[from] Grassy Terrain
|upkeep
|turn|3
|l|â˜†TheMarrsterVGC
|inactive|TheMarrsterVGC disconnected and has a minute to reconnect!
|player|p2|
|inactive|TheMarrsterVGC has 30 seconds left.
|inactive|TheMarrsterVGC has 20 seconds left.
|inactive|TheMarrsterVGC has 15 seconds left.
|j|â˜†TheMarrsterVGC
|inactive|TheMarrsterVGC reconnected and has 15 seconds left.
|player|p2|TheMarrsterVGC|169|
|inactive|TheMarrsterVGC has 10 seconds left.
|
|t:|1755933605
|switch|p2a: Garchomp|Garchomp, L50, M, shiny|95/100
|move|p1b: Gholdengo|Protect|p1b: Gholdengo
|-singleturn|p1b: Gholdengo|Protect
|move|p1a: Rillaboom|High Horsepower|p2b: Incineroar
|-supereffective|p2b: Incineroar
|-damage|p2b: Incineroar|29/100
|-enditem|p2b: Incineroar|Sitrus Berry|[eat]
|-heal|p2b: Incineroar|54/100|[from] item: Sitrus Berry
|move|p2b: Incineroar|Parting Shot|p1a: Rillaboom
|-unboost|p1a: Rillaboom|atk|1
|-unboost|p1a: Rillaboom|spa|1
|
|t:|1755933629
|switch|p2b: Hydreigon|Hydreigon, L50, M, shiny|100/100|[from] Parting Shot
|
|-heal|p2a: Garchomp|100/100|[from] Grassy Terrain
|-heal|p1a: Rillaboom|100/100|[from] Grassy Terrain
|-heal|p1b: Gholdengo|23/100|[from] Grassy Terrain
|upkeep
|turn|4
|l|â˜†TheMarrsterVGC
|inactive|TheMarrsterVGC disconnected and has a minute to reconnect!
|player|p2|
|j|â˜†TheMarrsterVGC
|inactive|TheMarrsterVGC reconnected and has 45 seconds left.
|player|p2|TheMarrsterVGC|169|
|
|t:|1755933647
|switch|p1b: Ninetales|Ninetales-Alola, L50, M|100/100
|-weather|Snowscape|[from] ability: Snow Warning|[of] p1b: Ninetales
|move|p2b: Hydreigon|Snarl|p1a: Rillaboom|[spread] p1a,p1b
|-resisted|p1b: Ninetales
|-damage|p1a: Rillaboom|85/100
|-damage|p1b: Ninetales|88/100
|-unboost|p1a: Rillaboom|spa|1
|-unboost|p1b: Ninetales|spa|1
|move|p2a: Garchomp|Dragon Claw|p1b: Ninetales
|-immune|p1b: Ninetales
|move|p1a: Rillaboom|Drum Beating|p2a: Garchomp
|-damage|p2a: Garchomp|78/100
|-unboost|p2a: Garchomp|spe|1
|
|-weather|Snowscape|[upkeep]
|-heal|p1b: Ninetales|94/100|[from] Grassy Terrain
|-heal|p1a: Rillaboom|90/100|[from] Grassy Terrain
|-heal|p2a: Garchomp|84/100|[from] Grassy Terrain
|upkeep
|turn|5
|
|t:|1755933667
|switch|p2a: Incineroar|Incineroar, L50, F, shiny|54/100
|-ability|p2a: Incineroar|Intimidate|boost
|-unboost|p1a: Rillaboom|atk|1
|-unboost|p1b: Ninetales|atk|1
|move|p2b: Hydreigon|Protect|p2b: Hydreigon
|-singleturn|p2b: Hydreigon|Protect
|move|p1b: Ninetales|Blizzard|p2b: Hydreigon|[spread] p2a
|-activate|p2b: Hydreigon|move: Protect
|-resisted|p2a: Incineroar
|-crit|p2a: Incineroar
|-damage|p2a: Incineroar|32/100
|move|p1a: Rillaboom|Drum Beating|p2b: Hydreigon
|-activate|p2b: Hydreigon|move: Protect
|
|-weather|Snowscape|[upkeep]
|-heal|p1b: Ninetales|100/100|[from] Grassy Terrain
|-heal|p1a: Rillaboom|96/100|[from] Grassy Terrain
|-heal|p2a: Incineroar|38/100|[from] Grassy Terrain
|-fieldend|move: Grassy Terrain
|upkeep
|turn|6
|l|â˜†TheMarrsterVGC
|inactive|TheMarrsterVGC disconnected and has a minute to reconnect!
|player|p2|
|inactive|TheMarrsterVGC has 30 seconds left.
|inactive|TheMarrsterVGC has 20 seconds left.
|inactive|TheMarrsterVGC has 15 seconds left.
|inactive|TheMarrsterVGC has 10 seconds left.
|inactive|TheMarrsterVGC has 5 seconds left.
|-message|TheMarrsterVGC lost due to inactivity.
|
|win|indigo dye
|raw|indigo dye's rating: 1301 → 1321(+20 for winning)
|raw|TheMarrsterVGC's rating: 1294 → 1270(-24 for losing)
