|j|☆TheKirbsMaster
|j|☆imnotthatgoodvgc
|html|TheKirbsMasterimnotthatgoodvgc    
|uhtml|bestof|Game 2 of a best-of-3
|t:|1784816721
|gametype|doubles
|player|p1|TheKirbsMaster|zinnia|1072
|player|p2|imnotthatgoodvgc|pokekid|1025
|gen|9
|tier|[Gen 9 Champions] VGC 2026 Reg M-B (Bo3)
|rated|
|rule|Species Clause: Limit one of each Pokémon
|rule|Item Clause: Limit 1 of each item
|clearpoke
|poke|p1|Meganium, L50, M|
|poke|p1|Pelipper, L50, M|
|poke|p1|Sneasler, L50, M|
|poke|p1|Basculegion, L50, M|
|poke|p1|Snorlax, L50, F|
|poke|p1|Meowscarada, L50, F|
|poke|p2|Incineroar, L50, M|
|poke|p2|Charizard, L50, M|
|poke|p2|Garchomp, L50, M|
|poke|p2|Azumarill, L50, M|
|poke|p2|Sinistcha, L50|
|poke|p2|Goodra-Hisui, L50, M|
|teampreview|4
|showteam|p1|Meganium||Meganiumite|LeafGuard|SolarBeam,DazzlingGleam,WeatherBall,Protect|Modest||M|||50|]Pelipper||Leftovers|Drizzle|Hurricane,Tailwind,Roost,Protect|Bold||M|||50|]Sneasler||WhiteHerb|Unburden|DireClaw,CloseCombat,FakeOut,Protect|Jolly||M|||50|]Basculegion||ChoiceScarf|SwiftSwim|WaveCrash,LastRespects,IceFang,FlipTurn|Adamant||M|||50|]Snorlax||SitrusBerry|ThickFat|BodySlam,Crunch,BellyDrum,Protect|Adamant||F|||50|]Meowscarada||ExpertBelt|Protean|KnockOff,FlowerTrick,Taunt,Protect|Adamant||F|||50|
|showteam|p2|Incineroar||Leftovers|Intimidate|PartingShot,FakeOut,FlareBlitz,ThroatChop|Careful||M|||50|]Charizard||CharizarditeY|Blaze|Protect,HeatWave,SolarBeam,WeatherBall|Modest||M|||50|]Garchomp||ScopeLens|RoughSkin|Protect,DragonClaw,RockSlide,Earthquake|Adamant||M|||50|]Azumarill||SitrusBerry|HugePower|Protect,AquaJet,BellyDrum,PlayRough|Adamant||M|||50|]Sinistcha||FocusSash|Hospitality|Protect,TrickRoom,MatchaGotcha,RagePowder|Calm|||||50|]Goodra-Hisui||ShellBell|SapSipper|Feint,Protect,DragonCheer,HeavySlam|Relaxed||M|||50|
|
|t:|1784816774
|teamsize|p1|4
|teamsize|p2|4
|start
|switch|p1a: Meowscarada|Meowscarada, L50, F|100/100
|switch|p1b: Sneasler|Sneasler, L50, M|100/100
|switch|p2a: Sinistcha|Sinistcha, L50|100/100
|switch|p2b: Azumarill|Azumarill, L50, M|100/100
|turn|1
|
|t:|1784816819
|switch|p2b: Goodra|Goodra-Hisui, L50, M|100/100
|move|p1b: Sneasler|Dire Claw|p2b: Goodra
|-immune|p2b: Goodra
|move|p1a: Meowscarada|Flower Trick|p2b: Goodra
|-start|p1a: Meowscarada|typechange|Grass|[from] ability: Protean
|-ability|p2b: Goodra|Sap Sipper|boost
|-boost|p2b: Goodra|atk|1
|move|p2a: Sinistcha|Trick Room|p2a: Sinistcha
|-fieldstart|move: Trick Room|[of] p2a: Sinistcha
|
|upkeep
|turn|2
|
|t:|1784816857
|move|p1a: Meowscarada|Protect|p1a: Meowscarada
|-singleturn|p1a: Meowscarada|Protect
|move|p2b: Goodra|Heavy Slam|p1b: Sneasler
|-damage|p1b: Sneasler|1/100
|move|p2a: Sinistcha|Matcha Gotcha|p1a: Meowscarada|[spread] p1b
|-activate|p1a: Meowscarada|move: Protect
|-resisted|p1b: Sneasler|1
|-damage|p1b: Sneasler|0 fnt
|faint|p1b: Sneasler
|
|upkeep
|
|t:|1784816866
|switch|p1b: Snorlax|Snorlax, L50, F|100/100
|turn|3
|
|t:|1784816929
|switch|p2a: Charizard|Charizard, L50, M|100/100
|move|p1b: Snorlax|Belly Drum|p1b: Snorlax
|-damage|p1b: Snorlax|50/100y
|-setboost|p1b: Snorlax|atk|6|[from] move: Belly Drum
|-enditem|p1b: Snorlax|Sitrus Berry|[eat]
|-heal|p1b: Snorlax|74/100|[from] item: Sitrus Berry
|move|p2b: Goodra|Heavy Slam|p1a: Meowscarada
|-damage|p1a: Meowscarada|10/100
|move|p1a: Meowscarada|Knock Off|p2a: Charizard
|-damage|p2a: Charizard|67/100
|
|upkeep
|turn|4
|
|t:|1784816961
|switch|p2a: Sinistcha|Sinistcha, L50|100/100
|switch|p1a: Meganium|Meganium, L50, M|100/100
|move|p1b: Snorlax|Body Slam|p2a: Sinistcha
|-immune|p2a: Sinistcha
|move|p2b: Goodra|Heavy Slam|p1a: Meganium
|-damage|p1a: Meganium|59/100
|
|upkeep
|turn|5
|
|t:|1784816982
|detailschange|p1a: Meganium|Meganium-Mega, L50, M
|-mega|p1a: Meganium|Meganium|Meganiumite
|move|p1b: Snorlax|Crunch|p2a: Sinistcha
|-supereffective|p2a: Sinistcha|1
|-enditem|p2a: Sinistcha|Focus Sash
|-damage|p2a: Sinistcha|1/100
|move|p2b: Goodra|Heavy Slam|p1a: Meganium
|-supereffective|p1a: Meganium|1
|-damage|p1a: Meganium|22/100
|move|p2a: Sinistcha|Matcha Gotcha|p1a: Meganium|[spread] p1b
|-miss|p2a: Sinistcha|p1a: Meganium
|-damage|p1b: Snorlax|60/100
|-heal|p2a: Sinistcha|11/100|[from] drain|[of] p1b: Snorlax
|move|p1a: Meganium|Weather Ball|p2b: Goodra
|-damage|p2b: Goodra|62/100
|
|-fieldend|move: Trick Room
|upkeep
|turn|6
|c|☆TheKirbsMaster|Great read
|
|t:|1784817023
|move|p1a: Meganium|Protect|p1a: Meganium
|-singleturn|p1a: Meganium|Protect
|move|p2a: Sinistcha|Protect|p2a: Sinistcha
|-singleturn|p2a: Sinistcha|Protect
|move|p2b: Goodra|Heavy Slam|p1a: Meganium
|-activate|p1a: Meganium|move: Protect
|move|p1b: Snorlax|Crunch|p2b: Goodra
|-damage|p2b: Goodra|0 fnt
|faint|p2b: Goodra
|
|upkeep
|
|t:|1784817047
|switch|p2b: Charizard|Charizard, L50, M|67/100
|turn|7
|
|t:|1784817076
|switch|p1a: Meowscarada|Meowscarada, L50, F|10/100
|detailschange|p2b: Charizard|Charizard-Mega-Y, L50, M
|-mega|p2b: Charizard|Charizard|Charizardite Y
|-weather|SunnyDay|[from] ability: Drought|[of] p2b: Charizard
|move|p2a: Sinistcha|Rage Powder|p2a: Sinistcha
|-singleturn|p2a: Sinistcha|move: Rage Powder
|move|p2b: Charizard|Heat Wave|p1b: Snorlax|[spread] p1a,p1b
|-supereffective|p1a: Meowscarada|1
|-crit|p1b: Snorlax
|-damage|p1a: Meowscarada|0 fnt
|-damage|p1b: Snorlax|26/100
|faint|p1a: Meowscarada
|move|p1b: Snorlax|Crunch|p2a: Sinistcha
|-supereffective|p2a: Sinistcha|1
|-damage|p2a: Sinistcha|0 fnt
|faint|p2a: Sinistcha
|
|-weather|SunnyDay|[upkeep]
|upkeep
|
|t:|1784817094
|switch|p1a: Meganium|Meganium-Mega, L50, M|22/100
|switch|p2a: Azumarill|Azumarill, L50, M|100/100
|turn|8
|
|t:|1784817110
|move|p2b: Charizard|Heat Wave|p1a: Meganium|[spread] p1a,p1b
|-supereffective|p1a: Meganium|1
|-damage|p1a: Meganium|0 fnt
|-damage|p1b: Snorlax|5/100
|faint|p1a: Meganium
|move|p2a: Azumarill|Play Rough|p1b: Snorlax
|-crit|p1b: Snorlax
|-damage|p1b: Snorlax|0 fnt
|faint|p1b: Snorlax
|
|win|imnotthatgoodvgc
|raw|TheKirbsMaster's rating: 1072 → 1048(-24 for losing)
|raw|imnotthatgoodvgc's rating: 1025 → 1066(+41 for winning)
|c|☆TheKirbsMaster|ggs
|l|☆TheKirbsMaster
|player|p1|
