|j|☆LiarChoir
|j|☆Jakobtc
|html|LiarChoirJakobtc    
|uhtml|bestof|Game 2 of a best-of-3
|t:|1757130983
|gametype|doubles
|player|p1|LiarChoir|candice|1149
|player|p2|Jakobtc|riley|1186
|gen|9
|tier|[Gen 9] VGC 2025 Reg H (Bo3)
|rated|
|rule|Species Clause: Limit one of each Pokémon
|rule|Item Clause: Limit 1 of each item
|clearpoke
|poke|p1|Farigiraf, L50, M|
|poke|p1|Ninetales-Alola, L50, F|
|poke|p1|Ursaluna-Bloodmoon, L50, M|
|poke|p1|Incineroar, L50, M|
|poke|p1|Kingambit, L50, F|
|poke|p1|Primarina, L50, M|
|poke|p2|Gholdengo, L50|
|poke|p2|Incineroar, L50, F|
|poke|p2|Rillaboom, L50, M|
|poke|p2|Dragonite, L50, F|
|poke|p2|Sneasler, L50, F|
|poke|p2|Electabuzz, L50, F|
|teampreview|4
|showteam|p1|Farigiraf||MentalHerb|ArmorTail|Psychic,FoulPlay,HelpingHand,TrickRoom|||M|||50|,,,,,Grass]Ninetales-Alola||LightClay|SnowWarning|AuroraVeil,Protect,Blizzard,Encore|||F|||50|,,,,,Ghost]Ursaluna-Bloodmoon||AssaultVest|MindsEye|BloodMoon,HyperVoice,VacuumWave,EarthPower|||M|||50|,,,,,Ghost]Incineroar||SafetyGoggles|Intimidate|FlareBlitz,KnockOff,PartingShot,FakeOut|||M|||50|,,,,,Ghost]Kingambit||BlackGlasses|Defiant|SuckerPunch,KowtowCleave,Protect,LowKick|||F|||50|,,,,,Dark]Primarina||ThroatSpray|LiquidVoice|HyperVoice,Moonblast,Haze,Protect|||M|||50|,,,,,Water
|showteam|p2|Gholdengo||LifeOrb|GoodasGold|MakeItRain,ShadowBall,NastyPlot,Protect||||||50|,,,,,Water]Incineroar||SafetyGoggles|Intimidate|FakeOut,FlareBlitz,KnockOff,PartingShot|||F|||50|,,,,,Bug]Rillaboom||AssaultVest|GrassySurge|FakeOut,GrassyGlide,WoodHammer,HighHorsepower|||M|||50|,,,,,Rock]Dragonite||LoadedDice|Multiscale|ScaleShot,TeraBlast,Tailwind,Protect|||F|||50|,,,,,Flying]Sneasler||FocusSash|Unburden|DireClaw,CloseCombat,Taunt,Protect|||F|||50|,,,,,Stellar]Electabuzz||Eviolite|VitalSpirit|FollowMe,Electroweb,VoltSwitch,Protect|||F|||50|,,,,,Fairy
|inactive|Battle timer is ON: inactive players will automatically lose when time's up. (requested by Jakobtc)
|
|t:|1757131027
|teamsize|p1|4
|teamsize|p2|4
|start
|switch|p1a: Incineroar|Incineroar, L50, M|100/100
|switch|p1b: Ninetales|Ninetales-Alola, L50, F|100/100
|switch|p2a: Gholdengo|Gholdengo, L50|100/100
|switch|p2b: Rillaboom|Rillaboom, L50, M|100/100
|-weather|Snowscape|[from] ability: Snow Warning|[of] p1b: Ninetales
|-fieldstart|move: Grassy Terrain|[from] ability: Grassy Surge|[of] p2b: Rillaboom
|-ability|p1a: Incineroar|Intimidate|boost
|-unboost|p2a: Gholdengo|atk|1
|-unboost|p2b: Rillaboom|atk|1
|turn|1
|inactive|LiarChoir has 30 seconds left.
|inactive|LiarChoir has 20 seconds left.
|
|t:|1757131064
|switch|p2b: Incineroar|Incineroar, L50, F|100/100
|-ability|p2b: Incineroar|Intimidate|boost
|-unboost|p1a: Incineroar|atk|1
|-unboost|p1b: Ninetales|atk|1
|-terastallize|p2a: Gholdengo|Water
|move|p1b: Ninetales|Protect|p1b: Ninetales
|-singleturn|p1b: Ninetales|Protect
|move|p1a: Incineroar|Fake Out|p2b: Incineroar
|-damage|p2b: Incineroar|92/100
|move|p2a: Gholdengo|Nasty Plot|p2a: Gholdengo
|-boost|p2a: Gholdengo|spa|2
|
|-weather|Snowscape|[upkeep]
|-heal|p2b: Incineroar|98/100|[from] Grassy Terrain
|upkeep
|turn|2
|
|t:|1757131087
|move|p2a: Gholdengo|Protect|p2a: Gholdengo
|-singleturn|p2a: Gholdengo|Protect
|move|p1b: Ninetales|Aurora Veil|p1b: Ninetales
|-sidestart|p1: LiarChoir|move: Aurora Veil
|move|p2b: Incineroar|Flare Blitz|p1b: Ninetales
|-supereffective|p1b: Ninetales
|-damage|p1b: Ninetales|42/100
|-damage|p2b: Incineroar|81/100|[from] Recoil
|move|p1a: Incineroar|Knock Off|p2a: Gholdengo
|-activate|p2a: Gholdengo|move: Protect
|
|-weather|Snowscape|[upkeep]
|-heal|p1b: Ninetales|49/100|[from] Grassy Terrain
|-heal|p2b: Incineroar|87/100|[from] Grassy Terrain
|upkeep
|turn|3
|
|t:|1757131111
|move|p1b: Ninetales|Encore|p2a: Gholdengo
|-immune|p2a: Gholdengo|[from] ability: Good as Gold
|move|p2a: Gholdengo|Make It Rain|p1b: Ninetales|[spread] p1a,p1b
|-resisted|p1a: Incineroar
|-supereffective|p1b: Ninetales
|-damage|p1a: Incineroar|65/100
|-damage|p1b: Ninetales|0 fnt
|-unboost|p2a: Gholdengo|spa|1
|faint|p1b: Ninetales
|-damage|p2a: Gholdengo|91/100|[from] item: Life Orb
|move|p2b: Incineroar|Parting Shot|p1a: Incineroar
|-unboost|p1a: Incineroar|atk|1
|-unboost|p1a: Incineroar|spa|1
|
|t:|1757131132
|switch|p2b: Sneasler|Sneasler, L50, F|100/100|[from] Parting Shot
|move|p1a: Incineroar|Parting Shot|p2b: Sneasler
|-unboost|p2b: Sneasler|atk|1
|-unboost|p2b: Sneasler|spa|1
|
|t:|1757131139
|switch|p1a: Ursaluna|Ursaluna-Bloodmoon, L50, M|100/100|[from] Parting Shot
|
|-weather|Snowscape|[upkeep]
|-heal|p2a: Gholdengo|97/100|[from] Grassy Terrain
|upkeep
|
|t:|1757131144
|switch|p1b: Farigiraf|Farigiraf, L50, M|100/100
|turn|4
|
|t:|1757131161
|-terastallize|p1a: Ursaluna|Ghost
|move|p2b: Sneasler|Dire Claw|p1b: Farigiraf
|-damage|p1b: Farigiraf|86/100
|move|p2a: Gholdengo|Make It Rain|p1b: Farigiraf|[spread] p1a,p1b
|-damage|p1a: Ursaluna|58/100
|-damage|p1b: Farigiraf|36/100
|-unboost|p2a: Gholdengo|spa|1
|-damage|p2a: Gholdengo|88/100|[from] item: Life Orb
|move|p1a: Ursaluna|Hyper Voice|p2b: Sneasler|[spread] p2a,p2b
|-damage|p2a: Gholdengo|47/100
|-damage|p2b: Sneasler|43/100
|move|p1b: Farigiraf|Trick Room|p1b: Farigiraf
|-fieldstart|move: Trick Room|[of] p1b: Farigiraf
|
|-weather|Snowscape|[upkeep]
|-heal|p1b: Farigiraf|42/100|[from] Grassy Terrain
|-heal|p1a: Ursaluna|64/100|[from] Grassy Terrain
|-heal|p2a: Gholdengo|54/100|[from] Grassy Terrain
|-heal|p2b: Sneasler|49/100|[from] Grassy Terrain
|upkeep
|turn|5
|
|t:|1757131180
|switch|p2b: Incineroar|Incineroar, L50, F|87/100
|-ability|p2b: Incineroar|Intimidate|boost
|-unboost|p1a: Ursaluna|atk|1
|-unboost|p1b: Farigiraf|atk|1
|move|p1b: Farigiraf|Helping Hand|p1a: Ursaluna
|-singleturn|p1a: Ursaluna|Helping Hand|[of] p1b: Farigiraf
|move|p2a: Gholdengo|Protect|p2a: Gholdengo
|-singleturn|p2a: Gholdengo|Protect
|move|p1a: Ursaluna|Hyper Voice|p2a: Gholdengo|[spread] p2b
|-activate|p2a: Gholdengo|move: Protect
|-damage|p2b: Incineroar|34/100
|
|-weather|none
|-heal|p1b: Farigiraf|49/100|[from] Grassy Terrain
|-heal|p1a: Ursaluna|70/100|[from] Grassy Terrain
|-heal|p2b: Incineroar|40/100|[from] Grassy Terrain
|-heal|p2a: Gholdengo|60/100|[from] Grassy Terrain
|-fieldend|move: Grassy Terrain
|upkeep
|turn|6
|
|t:|1757131203
|move|p1b: Farigiraf|Helping Hand|p1a: Ursaluna
|-singleturn|p1a: Ursaluna|Helping Hand|[of] p1b: Farigiraf
|move|p1a: Ursaluna|Hyper Voice|p2a: Gholdengo|[spread] p2a,p2b
|-damage|p2a: Gholdengo|2/100
|-damage|p2b: Incineroar|0 fnt
|faint|p2b: Incineroar
|move|p2a: Gholdengo|Shadow Ball|p1a: Ursaluna
|-supereffective|p1a: Ursaluna
|-damage|p1a: Ursaluna|19/100
|-unboost|p1a: Ursaluna|spd|1
|-damage|p2a: Gholdengo|0 fnt|[from] item: Life Orb
|faint|p2a: Gholdengo
|
|upkeep
|
|t:|1757131214
|switch|p2b: Sneasler|Sneasler, L50, F|49/100
|switch|p2a: Rillaboom|Rillaboom, L50, M|100/100
|-fieldstart|move: Grassy Terrain|[from] ability: Grassy Surge|[of] p2a: Rillaboom
|turn|7
|inactive|Jakobtc has 30 seconds left.
|
|t:|1757131249
|switch|p1a: Incineroar|Incineroar, L50, M|65/100
|-ability|p1a: Incineroar|Intimidate|boost
|-unboost|p2a: Rillaboom|atk|1
|-unboost|p2b: Sneasler|atk|1
|move|p2b: Sneasler|Protect|p2b: Sneasler
|-singleturn|p2b: Sneasler|Protect
|move|p2a: Rillaboom|Wood Hammer|p1a: Incineroar
|-resisted|p1a: Incineroar
|-damage|p1a: Incineroar|49/100
|-damage|p2a: Rillaboom|95/100|[from] Recoil
|move|p1b: Farigiraf|Trick Room|p1b: Farigiraf
|-fieldend|move: Trick Room
|
|-heal|p2b: Sneasler|54/100|[from] Grassy Terrain
|-heal|p2a: Rillaboom|100/100|[from] Grassy Terrain
|-heal|p1a: Incineroar|54/100|[from] Grassy Terrain
|-heal|p1b: Farigiraf|55/100|[from] Grassy Terrain
|upkeep
|turn|8
|inactive|Jakobtc has 30 seconds left.
|
|t:|1757131281
|move|p2b: Sneasler|Taunt|p1b: Farigiraf
|-start|p1b: Farigiraf|move: Taunt
|-enditem|p1b: Farigiraf|Mental Herb
|-end|p1b: Farigiraf|move: Taunt
|move|p2a: Rillaboom|Wood Hammer|p1b: Farigiraf
|-damage|p1b: Farigiraf|29/100
|-damage|p2a: Rillaboom|91/100|[from] Recoil
|move|p1a: Incineroar|Flare Blitz|p2a: Rillaboom
|-supereffective|p2a: Rillaboom
|-damage|p2a: Rillaboom|0 fnt
|faint|p2a: Rillaboom
|-damage|p1a: Incineroar|24/100|[from] Recoil
|move|p1b: Farigiraf|Trick Room|p1b: Farigiraf
|-fieldstart|move: Trick Room|[of] p1b: Farigiraf
|
|-heal|p1b: Farigiraf|35/100|[from] Grassy Terrain
|-heal|p1a: Incineroar|30/100|[from] Grassy Terrain
|-heal|p2b: Sneasler|60/100|[from] Grassy Terrain
|upkeep
|turn|9
|c|☆Jakobtc|gg iplayed so bad
|
|t:|1757131305
|move|p1b: Farigiraf|Psychic|p2b: Sneasler
|-supereffective|p2b: Sneasler
|-damage|p2b: Sneasler|0 fnt
|faint|p2b: Sneasler
|
|win|LiarChoir
|raw|LiarChoir's rating: 1149 → 1177(+28 for winning)
|raw|Jakobtc's rating: 1186 → 1158(-28 for losing)
|c|☆LiarChoir|gg
