|j|☆thebrickwall285
|j|☆freudianbreath
|html|thebrickwall285freudianbreath    
|uhtml|bestof|Game 1 of a best-of-3
|t:|1785095273
|gametype|doubles
|player|p1|thebrickwall285|266|1059
|player|p2|freudianbreath|101|1072
|gen|9
|tier|[Gen 9 Champions] VGC 2026 Reg M-B (Bo3)
|rated|
|rule|Species Clause: Limit one of each Pokémon
|rule|Item Clause: Limit 1 of each item
|clearpoke
|poke|p1|Scovillain, L50, F|
|poke|p1|Aerodactyl, L50, F|
|poke|p1|Sylveon, L50, M|
|poke|p1|Salazzle, L50, F|
|poke|p1|Meowstic, L50, M|
|poke|p1|Kingambit, L50, F|
|poke|p2|Raichu, L50, M|
|poke|p2|Basculegion, L50, M|
|poke|p2|Charizard, L50, F|
|poke|p2|Whimsicott, L50, F|
|poke|p2|Kingambit, L50, F|
|poke|p2|Pelipper, L50, F|
|teampreview|4
|showteam|p1|Scovillain||Scovillainite|Chlorophyll|Flamethrower,GigaDrain,RagePowder,LeechSeed|Modest||F|||50|]Aerodactyl||Aerodactylite|RockHead|DragonClaw,Tailwind,DualWingbeat,RockSlide|Jolly||F|||50|]Sylveon||SitrusBerry|Pixilate|CalmMind,Protect,HyperVoice,ShadowBall|Modest||M|||50|]Salazzle||ShellBell|Corrosion|FakeOut,Flamethrower,SludgeBomb,Toxic|Hasty||F|||50|]Meowstic||FocusSash|Prankster|FakeOut,TrickRoom,Psychic,SunnyDay|Sassy||M|||50|]Kingambit||Leftovers|Defiant|IronHead,LowKick,SuckerPunch,KowtowCleave|Adamant||F|||50|
|showteam|p2|Raichu||RaichuniteY|LightningRod|ZapCannon,FocusBlast,FakeOut,Protect|Bold||M|||50|]Basculegion||MysticWater|SwiftSwim|WaveCrash,LastRespects,AquaJet,Protect|Adamant||M|||50|]Charizard||CharizarditeY|Blaze|HeatWave,WeatherBall,AncientPower,Protect|Timid||F|||50|]Whimsicott||SitrusBerry|Prankster|Moonblast,Encore,Tailwind,Protect|Bold||F|||50|]Kingambit||LifeOrb|Defiant|KowtowCleave,SwordsDance,SuckerPunch,Protect|Adamant||F|||50|]Pelipper||FocusSash|Drizzle|Hurricane,MuddyWater,WeatherBall,IcyWind|Modest||F|||50|
|
|t:|1785095425
|teamsize|p1|4
|teamsize|p2|4
|start
|switch|p1a: Meowstic|Meowstic, L50, M|100/100
|switch|p1b: Scovillain|Scovillain, L50, F|100/100
|switch|p2a: Pelipper|Pelipper, L50, F|100/100
|switch|p2b: Basculegion|Basculegion, L50, M|100/100
|-weather|RainDance|[from] ability: Drizzle|[of] p2a: Pelipper
|turn|1
|
|t:|1785095492
|detailschange|p1b: Scovillain|Scovillain-Mega, L50, F
|-mega|p1b: Scovillain|Scovillain|Scovillainite
|move|p1a: Meowstic|Sunny Day|p1a: Meowstic
|-weather|SunnyDay
|move|p2b: Basculegion|Wave Crash|p1b: Scovillain
|-damage|p1b: Scovillain|57/100
|-status|p2b: Basculegion|brn|[from] ability: Spicy Spray|[of] p1b: Scovillain
|-damage|p2b: Basculegion|87/100 brn|[from] Recoil
|move|p1b: Scovillain|Giga Drain|p2b: Basculegion
|-supereffective|p2b: Basculegion|1
|-damage|p2b: Basculegion|0 fnt
|-heal|p1b: Scovillain|100/100|[from] drain|[of] p2b: Basculegion
|faint|p2b: Basculegion
|move|p2a: Pelipper|Muddy Water|p1a: Meowstic|[spread] p1a
|-miss|p2a: Pelipper|p1b: Scovillain
|-damage|p1a: Meowstic|88/100
|
|-weather|SunnyDay|[upkeep]
|upkeep
|
|t:|1785095527
|switch|p2b: Raichu|Raichu, L50, M|100/100
|turn|2
|
|t:|1785095586
|move|p2b: Raichu|Fake Out|p1b: Scovillain
|-damage|p1b: Scovillain|89/100
|-status|p2b: Raichu|brn|[from] ability: Spicy Spray|[of] p1b: Scovillain
|cant|p1b: Scovillain|flinch
|move|p2a: Pelipper|Weather Ball|p1a: Meowstic
|-damage|p1a: Meowstic|51/100
|move|p1a: Meowstic|Trick Room|p1a: Meowstic
|-fieldstart|move: Trick Room|[of] p1a: Meowstic
|
|-weather|SunnyDay|[upkeep]
|-damage|p2b: Raichu|94/100 brn|[from] brn
|upkeep
|turn|3
|
|t:|1785095634
|detailschange|p2b: Raichu|Raichu-Mega-Y, L50, M
|-mega|p2b: Raichu|Raichu|Raichunite Y
|move|p2a: Pelipper|Hurricane|p1b: Scovillain|[miss]
|-miss|p2a: Pelipper|p1b: Scovillain
|move|p1b: Scovillain|Flamethrower|p2b: Raichu
|-damage|p2b: Raichu|0 fnt
|faint|p2b: Raichu
|move|p1a: Meowstic|Psychic|p2a: Pelipper
|-damage|p2a: Pelipper|60/100
|
|-weather|SunnyDay|[upkeep]
|upkeep
|
|t:|1785095641
|switch|p2b: Kingambit|Kingambit, L50, F|100/100
|turn|4
|
|t:|1785095678
|move|p2b: Kingambit|Protect|p2b: Kingambit
|-singleturn|p2b: Kingambit|Protect
|move|p2a: Pelipper|Hurricane|p1b: Scovillain
|-supereffective|p1b: Scovillain|1
|-damage|p1b: Scovillain|0 fnt
|-status|p2a: Pelipper|brn|[from] ability: Spicy Spray|[of] p1b: Scovillain
|faint|p1b: Scovillain
|move|p1a: Meowstic|Psychic|p2a: Pelipper
|-damage|p2a: Pelipper|20/100y brn
|
|-weather|SunnyDay|[upkeep]
|-damage|p2a: Pelipper|14/100 brn|[from] brn
|upkeep
|
|t:|1785095697
|switch|p1b: Kingambit|Kingambit, L50, F|100/100
|turn|5
|
|t:|1785095739
|move|p1b: Kingambit|Low Kick|p2b: Kingambit
|-supereffective|p2b: Kingambit|2
|-damage|p2b: Kingambit|0 fnt
|faint|p2b: Kingambit
|move|p2a: Pelipper|Weather Ball|p1b: Kingambit
|-supereffective|p1b: Kingambit|1
|-damage|p1b: Kingambit|10/100
|move|p1a: Meowstic|Psychic|p2a: Pelipper
|-damage|p2a: Pelipper|0 fnt
|faint|p2a: Pelipper
|
|win|thebrickwall285
