|j|☆kodehue
|j|☆viatles
|html|kodehueviatles    
|uhtml|bestof|Game 1 of a best-of-3
|t:|1784061337
|gametype|doubles
|player|p1|kodehue|2|1000
|player|p2|viatles|hiker|1100
|gen|9
|tier|[Gen 9 Champions] VGC 2026 Reg M-B (Bo3)
|rated|
|rule|Species Clause: Limit one of each Pokémon
|rule|Item Clause: Limit 1 of each item
|clearpoke
|poke|p1|Malamar, L50, F|
|poke|p1|Whimsicott, L50, F|
|poke|p1|Kangaskhan, L50, F|
|poke|p1|Vivillon, L50, M|
|poke|p1|Lopunny, L50, F|
|poke|p1|Aerodactyl, L50, F|
|poke|p2|Beedrill, L50, F, shiny|
|poke|p2|Milotic, L50, M, shiny|
|poke|p2|Ceruledge, L50, F|
|poke|p2|Sinistcha, L50|
|poke|p2|Hydreigon, L50, M|
|poke|p2|Meowscarada, L50, F|
|teampreview|4
|showteam|p1|Malamar||Malamarite|Contrary|Superpower,ThroatChop,PsychoCut,Liquidation|Adamant||F|||50|]Whimsicott||MentalHerb|Prankster|Tailwind,Encore,Moonblast,Protect|Timid||F|||50|]Kangaskhan||ExpertBelt|Scrappy|FakeOut,IcePunch,BodySlam,FirePunch|Adamant||F|||50|]Vivillon||FocusSash|CompoundEyes|SleepPowder,Hurricane,PollenPuff,Protect|Timid||M|||50|]Lopunny||Lopunnite|CuteCharm|FakeOut,FirePunch,ThunderPunch,HighJumpKick|Jolly||F|||50|]Aerodactyl||Aerodactylite|Unnerve|Tailwind,Taunt,Earthquake,RockSlide|Jolly||F|||50|
|showteam|p2|Beedrill||Beedrillite|Swarm|Uturn,DrillRun,PoisonJab,Protect|Jolly||F|||50|]Milotic||Leftovers|Competitive|IcyWind,Scald,Protect,LifeDew|Bold||M|||50|]Ceruledge||ColburBerry|FlashFire|Protect,BitterBlade,BulkUp,ShadowSneak|Adamant||F|||50|]Sinistcha||SitrusBerry|Hospitality|MatchaGotcha,RagePowder,Imprison,TrickRoom|Bold|||||50|]Hydreigon||ChoiceScarf|Levitate|DracoMeteor,DarkPulse,HeatWave,EarthPower|Modest||M|||50|]Meowscarada||FocusSash|Overgrow|TripleAxel,KnockOff,FlowerTrick,Protect|Jolly||F|||50|
|inactive|Battle timer is ON: inactive players will automatically lose when time's up. (requested by kodehue)
|c|☆viatles|gl hf
|inactive|kodehue has 60 seconds left.
|inactive|viatles has 60 seconds left.
|inactive|kodehue has 30 seconds left.
|inactive|viatles has 30 seconds left.
|inactive|kodehue has 20 seconds left.
|inactive|kodehue has 15 seconds left.
|inactive|kodehue has 10 seconds left.
|inactive|kodehue has 5 seconds left.
|
|t:|1784061425
|teamsize|p1|4
|teamsize|p2|4
|start
|switch|p1a: Vivillon|Vivillon, L50, M|100/100
|switch|p1b: Lopunny|Lopunny, L50, F|100/100
|switch|p2a: Pentious|Milotic, L50, M, shiny|100/100
|switch|p2b: Hydreigon|Hydreigon, L50, M|100/100
|turn|1
|
|t:|1784061439
|move|p1b: Lopunny|Fake Out|p2a: Pentious
|-damage|p2a: Pentious|85/100
|move|p2b: Hydreigon|Heat Wave|p1b: Lopunny|[spread] p1a,p1b
|-supereffective|p1a: Vivillon|1
|-enditem|p1a: Vivillon|Focus Sash
|-damage|p1a: Vivillon|1/100
|-damage|p1b: Lopunny|66/100
|move|p1a: Vivillon|Sleep Powder|p2b: Hydreigon
|-status|p2b: Hydreigon|slp|[from] move: Sleep Powder
|cant|p2a: Pentious|flinch
|
|-heal|p2a: Pentious|92/100|[from] item: Leftovers
|upkeep
|turn|2
|inactive|kodehue has 30 seconds left.
|
|t:|1784061467
|cant|p2b: Hydreigon|slp
|move|p1b: Lopunny|High Jump Kick|p2b: Hydreigon
|-supereffective|p2b: Hydreigon|1
|-damage|p2b: Hydreigon|25/100 slp
|move|p1a: Vivillon|Sleep Powder|p2a: Pentious
|-status|p2a: Pentious|slp|[from] move: Sleep Powder
|cant|p2a: Pentious|slp
|
|-heal|p2a: Pentious|98/100 slp|[from] item: Leftovers
|upkeep
|turn|3
|
|t:|1784061485
|detailschange|p1b: Lopunny|Lopunny-Mega, L50, F
|-mega|p1b: Lopunny|Lopunny|Lopunnite
|cant|p2b: Hydreigon|slp
|move|p1b: Lopunny|Thunder Punch|p2a: Pentious
|-supereffective|p2a: Pentious|1
|-damage|p2a: Pentious|47/100 slp
|move|p1a: Vivillon|Pollen Puff|p2b: Hydreigon
|-supereffective|p2b: Hydreigon|1
|-damage|p2b: Hydreigon|0 fnt
|faint|p2b: Hydreigon
|cant|p2a: Pentious|slp
|
|-heal|p2a: Pentious|53/100 slp|[from] item: Leftovers
|upkeep
|
|t:|1784061504
|switch|p2b: Malsumas|Beedrill, L50, F, shiny|100/100
|turn|4
|
|t:|1784061521
|detailschange|p2b: Malsumas|Beedrill-Mega, L50, F, shiny
|-mega|p2b: Malsumas|Beedrill|Beedrillite
|move|p2b: Malsumas|U-turn|p1a: Vivillon
|-resisted|p1a: Vivillon|1
|-damage|p1a: Vivillon|0 fnt
|faint|p1a: Vivillon
|
|t:|1784061527
|switch|p2b: Ceruledge|Ceruledge, L50, F|100/100|[from] U-turn
|move|p1b: Lopunny|High Jump Kick|p2a: Pentious
|-crit|p2a: Pentious
|-damage|p2a: Pentious|0 fnt
|faint|p2a: Pentious
|
|upkeep
|
|t:|1784061539
|switch|p1a: Kangaskhan|Kangaskhan, L50, F|100/100
|switch|p2a: Malsumas|Beedrill-Mega, L50, F, shiny|100/100
|turn|5
|
|t:|1784061554
|move|p2a: Malsumas|Protect|p2a: Malsumas
|-singleturn|p2a: Malsumas|Protect
|move|p2b: Ceruledge|Protect|p2b: Ceruledge
|-singleturn|p2b: Ceruledge|Protect
|move|p1a: Kangaskhan|Fake Out|p2b: Ceruledge
|-activate|p2b: Ceruledge|move: Protect
|move|p1b: Lopunny|Fire Punch|p2a: Malsumas
|-activate|p2a: Malsumas|move: Protect
|
|upkeep
|turn|6
|inactive|kodehue has 30 seconds left.
|
|t:|1784061583
|move|p2a: Malsumas|Poison Jab|p1b: Lopunny
|-damage|p1b: Lopunny|0 fnt
|faint|p1b: Lopunny
|move|p1a: Kangaskhan|Body Slam|p2b: Ceruledge
|-crit|p2b: Ceruledge
|-damage|p2b: Ceruledge|35/100
|-status|p2b: Ceruledge|par
|move|p2b: Ceruledge|Bitter Blade|p1a: Kangaskhan
|-damage|p1a: Kangaskhan|43/100
|-heal|p2b: Ceruledge|66/100 par|[from] drain|[of] p1a: Kangaskhan
|
|upkeep
|
|t:|1784061596
|switch|p1b: Malamar|Malamar, L50, F|100/100
|turn|7
|inactive|kodehue has 30 seconds left.
|
|t:|1784061625
|move|p2a: Malsumas|U-turn|p1b: Malamar
|-supereffective|p1b: Malamar|2
|-damage|p1b: Malamar|0 fnt
|faint|p1b: Malamar
|move|p1a: Kangaskhan|Fire Punch|p2a: Malsumas
|-supereffective|p2a: Malsumas|1
|-damage|p2a: Malsumas|0 fnt
|faint|p2a: Malsumas
|move|p2b: Ceruledge|Bitter Blade|p1a: Kangaskhan
|-damage|p1a: Kangaskhan|0 fnt
|-heal|p2b: Ceruledge|90/100 par|[from] drain|[of] p1a: Kangaskhan
|faint|p1a: Kangaskhan
|
|win|viatles
||kodehue is ready for game 2.
