|j|Ōśåzeclos
|j|Ōśåjohnilbello
|html|zeclosjohnilbello    
|uhtml|bestof|Game 1 of a best-of-3
|t:|1757928385
|gametype|doubles
|player|p1|zeclos|265|1132
|player|p2|johnilbello|alder|1039
|gen|9
|tier|[Gen 9] VGC 2025 Reg H (Bo3)
|rated|
|rule|Species Clause: Limit one of each Pok├®mon
|rule|Item Clause: Limit 1 of each item
|clearpoke
|poke|p1|Dusclops, L50, F|
|poke|p1|Ursaluna, L50, F|
|poke|p1|Torkoal, L50, M|
|poke|p1|Lilligant-Hisui, L50, F|
|poke|p1|Annihilape, L50, F|
|poke|p1|Dragonite, L50, M|
|poke|p2|Ursaluna-Bloodmoon, L50, M|
|poke|p2|Electabuzz, L50, F|
|poke|p2|Sneasler, L50, F|
|poke|p2|Rillaboom, L50, M|
|poke|p2|Annihilape, L50, F|
|poke|p2|Dragonite, L50, M|
|teampreview|4
|showteam|p1|Dusclops||Eviolite|Pressure|TrickRoom,NightShade,PainSplit,WillOWisp|||F|||50|,,,,,Flying]Ursaluna||AssaultVest|Guts|Facade,CloseCombat,HeadlongRush,Earthquake|||F|||50|,,,,,Ghost]Torkoal||Charcoal|Drought|Eruption,Protect,EarthPower,WeatherBall|||M|||50|,,,,,Fire]Lilligant-Hisui||FocusSash|Chlorophyll|CloseCombat,AfterYou,SleepPowder,SolarBlade|||F|||50|,,,,,Ghost]Annihilape||ChoiceScarf|Defiant|RageFist,CloseCombat,FinalGambit,Coaching|||F|||50|,,,,,Fire]Dragonite||LoadedDice|Multiscale|ScaleShot,Protect,ExtremeSpeed,Haze|||M|||50|,,,,,Fairy
|showteam|p2|Ursaluna-Bloodmoon||LifeOrb|MindsEye|Protect,BloodMoon,HyperVoice,EarthPower|||M|||50|,,,,,Normal]Electabuzz||Eviolite|VitalSpirit|Protect,Electroweb,Taunt,FollowMe|||F|||50|,,,,,Dragon]Sneasler||GrassySeed|Unburden|Protect,DireClaw,FakeOut,CloseCombat|||F|||50|,,,,,Stellar]Rillaboom||AssaultVest|GrassySurge|FakeOut,WoodHammer,GrassyGlide,HighHorsepower|||M|||50|,,,,,Fire]Annihilape||SafetyGoggles|Defiant|Protect,RageFist,DrainPunch,BulkUp|||F|||50|,,,,,Water]Dragonite||LoadedDice|Multiscale|ScaleShot,Tailwind,Haze,Protect|||M|||50|,,,,,Fairy
|inactive|Battle timer is ON: inactive players will automatically lose when time's up. (requested by zeclos)
|c|Ōśåjohnilbello|glhf
|c|Ōśåzeclos|u2
|inactive|johnilbello has 60 seconds left.
|l|Ōśåjohnilbello
|inactive|johnilbello disconnected and has a minute to reconnect!
|player|p2|
|inactive|johnilbello has 30 seconds left.
|j|Ōśåjohnilbello
|inactive|johnilbello reconnected and has 30 seconds left.
|player|p2|johnilbello|alder|
|inactive|johnilbello has 20 seconds left.
|
|t:|1757928460
|teamsize|p1|4
|teamsize|p2|4
|start
|switch|p1a: Annihilape|Annihilape, L50, F|100/100
|switch|p1b: Dusclops|Dusclops, L50, F|100/100
|switch|p2a: Sneasler|Sneasler, L50, F|100/100
|switch|p2b: Annihilape|Annihilape, L50, F|100/100
|-ability|p1b: Dusclops|Pressure
|turn|1
|inactive|johnilbello has 30 seconds left.
|
|t:|1757928487
|move|p2b: Annihilape|Protect|p2b: Annihilape
|-singleturn|p2b: Annihilape|Protect
|move|p2a: Sneasler|Protect|p2a: Sneasler
|-singleturn|p2a: Sneasler|Protect
|move|p1a: Annihilape|Final Gambit|p2a: Sneasler
|-activate|p2a: Sneasler|move: Protect
|move|p1b: Dusclops|Trick Room|p1b: Dusclops
|-fieldstart|move: Trick Room|[of] p1b: Dusclops
|
|upkeep
|turn|2
|inactive|johnilbello has 30 seconds left.
|
|t:|1757928520
|move|p1b: Dusclops|Will-O-Wisp|p2b: Annihilape
|-status|p2b: Annihilape|brn
|move|p2b: Annihilape|Bulk Up|p2b: Annihilape
|-boost|p2b: Annihilape|atk|1
|-boost|p2b: Annihilape|def|1
|move|p2a: Sneasler|Dire Claw|p1a: Annihilape
|-resisted|p1a: Annihilape
|-damage|p1a: Annihilape|78/100
|-status|p1a: Annihilape|slp
|cant|p1a: Annihilape|slp
|
|-damage|p2b: Annihilape|95/100 brn|[from] brn
|upkeep
|turn|3
|l|Ōśåjohnilbello
|inactive|johnilbello disconnected and has a minute to reconnect!
|player|p2|
|j|Ōśåjohnilbello
|inactive|johnilbello reconnected and has 35 seconds left.
|player|p2|johnilbello|alder|
|inactive|johnilbello has 30 seconds left.
|
|t:|1757928551
|move|p1b: Dusclops|Night Shade|p2b: Annihilape
|-damage|p2b: Annihilape|70/100 brn
|move|p2a: Sneasler|Dire Claw|p1b: Dusclops
|-resisted|p1b: Dusclops
|-damage|p1b: Dusclops|87/100
|-status|p1b: Dusclops|slp
|move|p2b: Annihilape|Bulk Up|p2b: Annihilape
|-boost|p2b: Annihilape|atk|1
|-boost|p2b: Annihilape|def|1
|cant|p1a: Annihilape|slp
|
|-damage|p2b: Annihilape|64/100 brn|[from] brn
|upkeep
|turn|4
|c|Ōśåjohnilbello|sorry
|inactive|zeclos has 30 seconds left.
|c|Ōśåzeclos|thats the game ig
|
|t:|1757928581
|cant|p1b: Dusclops|slp
|move|p2b: Annihilape|Rage Fist|p1a: Annihilape
|-supereffective|p1a: Annihilape
|-damage|p1a: Annihilape|0 fnt
|faint|p1a: Annihilape
|move|p2a: Sneasler|Dire Claw|p1b: Dusclops
|-resisted|p1b: Dusclops
|-damage|p1b: Dusclops|73/100 slp
|
|-damage|p2b: Annihilape|59/100 brn|[from] brn
|upkeep
|
|t:|1757928590
|switch|p1a: Torkoal|Torkoal, L50, M|100/100
|-weather|SunnyDay|[from] ability: Drought|[of] p1a: Torkoal
|turn|5
|
|t:|1757928597
|move|p2a: Sneasler|Protect|p2a: Sneasler
|-singleturn|p2a: Sneasler|Protect
|move|p2b: Annihilape|Protect|p2b: Annihilape
|-singleturn|p2b: Annihilape|Protect
|move|p1a: Torkoal|Eruption|p2b: Annihilape|[spread] 
|-activate|p2a: Sneasler|move: Protect
|-activate|p2b: Annihilape|move: Protect
|cant|p1b: Dusclops|slp
|
|-weather|SunnyDay|[upkeep]
|-damage|p2b: Annihilape|53/100 brn|[from] brn
|-fieldend|move: Trick Room
|upkeep
|turn|6
|l|Ōśåjohnilbello
|inactive|johnilbello disconnected and has a minute to reconnect!
|player|p2|
|inactive|johnilbello has 30 seconds left.
|j|Ōśåjohnilbello
|inactive|johnilbello reconnected and has 30 seconds left.
|player|p2|johnilbello|alder|
|c|Ōśåzeclos|i might still be fine maybe though
|inactive|johnilbello has 20 seconds left.
|
|t:|1757928632
|-terastallize|p2b: Annihilape|Water
|-terastallize|p1b: Dusclops|Flying
|move|p1a: Torkoal|Protect|p1a: Torkoal
|-singleturn|p1a: Torkoal|Protect
|move|p2b: Annihilape|Rage Fist|p1b: Dusclops
|-damage|p1b: Dusclops|44/100 slp
|move|p2a: Sneasler|Dire Claw|p1a: Torkoal
|-activate|p1a: Torkoal|move: Protect
|-curestatus|p1b: Dusclops|slp|[msg]
|move|p1b: Dusclops|Trick Room|p1b: Dusclops
|-fieldstart|move: Trick Room|[of] p1b: Dusclops
|
|-weather|SunnyDay|[upkeep]
|-damage|p2b: Annihilape|47/100 brn|[from] brn
|upkeep
|turn|7
|inactive|zeclos has 30 seconds left.
|
|t:|1757928661
|switch|p1b: Ursaluna|Ursaluna, L50, F|100/100
|move|p2a: Sneasler|Protect|p2a: Sneasler
|-singleturn|p2a: Sneasler|Protect
|move|p1a: Torkoal|Eruption|p2b: Annihilape|[spread] p2b
|-activate|p2a: Sneasler|move: Protect
|-resisted|p2b: Annihilape
|-damage|p2b: Annihilape|7/100 brn
|move|p2b: Annihilape|Drain Punch|p1a: Torkoal
|-damage|p1a: Torkoal|75/100
|-heal|p2b: Annihilape|18/100 brn|[from] drain|[of] p1a: Torkoal
|
|-weather|SunnyDay|[upkeep]
|-damage|p2b: Annihilape|12/100 brn|[from] brn
|upkeep
|turn|8
|inactive|johnilbello has 30 seconds left.
|
|t:|1757928689
|move|p2b: Annihilape|Protect|p2b: Annihilape
|-singleturn|p2b: Annihilape|Protect
|move|p1a: Torkoal|Eruption|p2a: Sneasler|[spread] p2a
|-activate|p2b: Annihilape|move: Protect
|-damage|p2a: Sneasler|15/100
|move|p1b: Ursaluna|Facade|p2a: Sneasler
|-damage|p2a: Sneasler|0 fnt
|faint|p2a: Sneasler
|
|-weather|SunnyDay|[upkeep]
|-damage|p2b: Annihilape|6/100 brn|[from] brn
|upkeep
|
|t:|1757928703
|switch|p2a: Rillaboom|Rillaboom, L50, M|100/100
|-fieldstart|move: Grassy Terrain|[from] ability: Grassy Surge|[of] p2a: Rillaboom
|turn|9
|
|t:|1757928724
|move|p2a: Rillaboom|Fake Out|p1a: Torkoal
|-damage|p1a: Torkoal|64/100
|cant|p1a: Torkoal|flinch
|move|p1b: Ursaluna|Facade|p2b: Annihilape
|-damage|p2b: Annihilape|0 fnt
|faint|p2b: Annihilape
|
|-weather|none
|-heal|p1a: Torkoal|71/100|[from] Grassy Terrain
|upkeep
|
|t:|1757928734
|switch|p2b: Dragonite|Dragonite, L50, M|100/100
|turn|10
|inactive|zeclos has 30 seconds left.
|inactive|johnilbello has 30 seconds left.
|
|t:|1757928767
|move|p1a: Torkoal|Eruption|p2a: Rillaboom|[spread] p2a,p2b
|-supereffective|p2a: Rillaboom
|-resisted|p2b: Dragonite
|-damage|p2a: Rillaboom|41/100
|-damage|p2b: Dragonite|90/100
|move|p1b: Ursaluna|Facade|p2a: Rillaboom
|-damage|p2a: Rillaboom|0 fnt
|faint|p2a: Rillaboom
|move|p2b: Dragonite|Scale Shot|p1b: Ursaluna
|-damage|p1b: Ursaluna|90/100
|-damage|p1b: Ursaluna|79/100
|-damage|p1b: Ursaluna|68/100
|-damage|p1b: Ursaluna|58/100
|-hitcount|p1b: Ursaluna|4
|-unboost|p2b: Dragonite|def|1
|-boost|p2b: Dragonite|spe|1
|
|-heal|p1a: Torkoal|77/100|[from] Grassy Terrain
|-heal|p1b: Ursaluna|64/100|[from] Grassy Terrain
|-fieldend|move: Trick Room
|upkeep
|turn|11
|
|t:|1757928787
|move|p2b: Dragonite|Scale Shot|p1b: Ursaluna
|-damage|p1b: Ursaluna|52/100
|-damage|p1b: Ursaluna|42/100
|-damage|p1b: Ursaluna|31/100
|-damage|p1b: Ursaluna|20/100
|-damage|p1b: Ursaluna|10/100
|-hitcount|p1b: Ursaluna|5
|-unboost|p2b: Dragonite|def|1
|-boost|p2b: Dragonite|spe|1
|move|p1b: Ursaluna|Facade|p2b: Dragonite
|-damage|p2b: Dragonite|0 fnt
|faint|p2b: Dragonite
|
|win|zeclos
||zeclos is ready for game 2.
||johnilbello is ready for game 2.
|uhtml|next|Next: Game 2 of 3
|l|Ōśåjohnilbello
|player|p2|
