|j|☆GubGubFan
|j|☆pikajw
|html|GubGubFanpikajw    
|uhtml|bestof|Game 1 of a best-of-3
|t:|1757133654
|gametype|doubles
|player|p1|GubGubFan|gladion-stance|1144
|player|p2|pikajw|170|1097
|gen|9
|tier|[Gen 9] VGC 2025 Reg H (Bo3)
|rated|
|rule|Species Clause: Limit one of each Pokémon
|rule|Item Clause: Limit 1 of each item
|clearpoke
|poke|p1|Tyranitar, L50, M|
|poke|p1|Excadrill, L50, M|
|poke|p1|Basculegion, L50, M|
|poke|p1|Incineroar, L50, F|
|poke|p1|Volcarona, L50, M|
|poke|p1|Dragonite, L50, M|
|poke|p2|Lilligant-Hisui, L50, F|
|poke|p2|Torkoal, L50, M|
|poke|p2|Kingambit, L50, F|
|poke|p2|Farigiraf, L50, F|
|poke|p2|Ursaluna, L50, F|
|poke|p2|Charizard, L50, M|
|teampreview|4
|showteam|p1|Tyranitar||AssaultVest|SandStream|RockSlide,KnockOff,LowKick,TeraBlast|||M|||50|,,,,,Flying]Excadrill||FocusSash|SandRush|Earthquake,HighHorsepower,IronHead,Protect|||M|||50|,,,,,Ground]Basculegion||ChoiceScarf|Adaptability|WaveCrash,FlipTurn,AquaJet,LastRespects|||M|||50|,,,,,Grass]Incineroar||SafetyGoggles|Intimidate|FakeOut,KnockOff,PartingShot,FlareBlitz|||F|||50|,,,,,Ghost]Volcarona||Leftovers|FlameBody|HeatWave,QuiverDance,TeraBlast,Protect|||M|||50|,,,,,Fairy]Dragonite||LoadedDice|Multiscale|Protect,Tailwind,ScaleShot,Haze|||M|||50|,,,,,Fairy
|showteam|p2|Lilligant-Hisui||FocusSash|Chlorophyll|CloseCombat,AfterYou,SleepPowder,Coaching|||F|||50|,,,,,Ghost]Torkoal||SitrusBerry|Drought|HeatWave,Eruption,EarthPower,Protect|||M|||50|,,,,,Fire]Kingambit||AssaultVest|Defiant|SuckerPunch,IronHead,Snarl,TeraBlast|||F|||50|,,,,,Fire]Farigiraf||SafetyGoggles|ArmorTail|HelpingHand,Psychic,TrickRoom,Protect|||F|||50|,,,,,Fairy]Ursaluna||FlameOrb|Guts|Facade,HeadlongRush,DrainPunch,Protect|||F|||50|,,,,,Fairy]Charizard||ChoiceSpecs|SolarPower|ScorchingSands,HeatWave,SolarBeam,TeraBlast|||M|||50|,,,,,Flying
|inactive|Battle timer is ON: inactive players will automatically lose when time's up. (requested by GubGubFan)
|
|t:|1757133700
|teamsize|p1|4
|teamsize|p2|4
|start
|switch|p1a: Basculegion|Basculegion, L50, M|100/100
|switch|p1b: Excadrill|Excadrill, L50, M|100/100
|switch|p2a: Farigiraf|Farigiraf, L50, F|100/100
|switch|p2b: Kingambit|Kingambit, L50, F|100/100
|turn|1
|inactive|GubGubFan has 30 seconds left.
|
|t:|1757133728
|move|p2b: Kingambit|Sucker Punch|p1a: Basculegion
|-supereffective|p1a: Basculegion
|-damage|p1a: Basculegion|11/100
|move|p1a: Basculegion|Flip Turn|p2b: Kingambit
|-damage|p2b: Kingambit|73/100
|
|t:|1757133733
|switch|p1a: Tyranitar|Tyranitar, L50, M|100/100|[from] Flip Turn
|-weather|Sandstorm|[from] ability: Sand Stream|[of] p1a: Tyranitar
|move|p1b: Excadrill|High Horsepower|p2b: Kingambit
|-supereffective|p2b: Kingambit
|-damage|p2b: Kingambit|0 fnt
|faint|p2b: Kingambit
|move|p2a: Farigiraf|Trick Room|p2a: Farigiraf
|-fieldstart|move: Trick Room|[of] p2a: Farigiraf
|
|-weather|Sandstorm|[upkeep]
|upkeep
|
|t:|1757133745
|switch|p2b: Torkoal|Torkoal, L50, M|100/100
|-weather|SunnyDay|[from] ability: Drought|[of] p2b: Torkoal
|turn|2
|inactive|GubGubFan has 30 seconds left.
|
|t:|1757133778
|switch|p1a: Incineroar|Incineroar, L50, F|100/100
|-ability|p1a: Incineroar|Intimidate|boost
|-unboost|p2a: Farigiraf|atk|1
|-unboost|p2b: Torkoal|atk|1
|-terastallize|p2b: Torkoal|Fire
|move|p2a: Farigiraf|Helping Hand|p2b: Torkoal
|-singleturn|p2b: Torkoal|Helping Hand|[of] p2a: Farigiraf
|move|p1b: Excadrill|Protect|p1b: Excadrill
|-singleturn|p1b: Excadrill|Protect
|move|p2b: Torkoal|Eruption|p1a: Incineroar|[spread] p1a
|-activate|p1b: Excadrill|move: Protect
|-resisted|p1a: Incineroar
|-damage|p1a: Incineroar|51/100
|
|-weather|SunnyDay|[upkeep]
|upkeep
|turn|3
|
|t:|1757133795
|switch|p1b: Tyranitar|Tyranitar, L50, M|100/100
|-weather|Sandstorm|[from] ability: Sand Stream|[of] p1b: Tyranitar
|move|p2b: Torkoal|Eruption|p1b: Tyranitar|[spread] p1a,p1b
|-resisted|p1a: Incineroar
|-resisted|p1b: Tyranitar
|-damage|p1a: Incineroar|29/100
|-damage|p1b: Tyranitar|91/100
|move|p2a: Farigiraf|Psychic|p1b: Tyranitar
|-immune|p1b: Tyranitar
|move|p1a: Incineroar|Knock Off|p2b: Torkoal
|-damage|p2b: Torkoal|73/100
|-enditem|p2b: Torkoal|Sitrus Berry|[from] move: Knock Off|[of] p1a: Incineroar
|
|-weather|Sandstorm|[upkeep]
|-damage|p2b: Torkoal|66/100|[from] Sandstorm
|upkeep
|turn|4
|inactive|GubGubFan has 30 seconds left.
|
|t:|1757133820
|switch|p2b: Ursaluna|Ursaluna, L50, F|100/100
|move|p2a: Farigiraf|Protect|p2a: Farigiraf
|-singleturn|p2a: Farigiraf|Protect
|move|p1b: Tyranitar|Rock Slide|p2b: Ursaluna|[spread] p2b
|-activate|p2a: Farigiraf|move: Protect
|-resisted|p2b: Ursaluna
|-damage|p2b: Ursaluna|90/100
|move|p1a: Incineroar|Knock Off|p2a: Farigiraf
|-activate|p2a: Farigiraf|move: Protect
|
|-weather|Sandstorm|[upkeep]
|-status|p2b: Ursaluna|brn|[from] item: Flame Orb
|upkeep
|turn|5
|inactive|pikajw has 30 seconds left.
|
|t:|1757133846
|-terastallize|p1b: Tyranitar|Flying
|move|p2b: Ursaluna|Drain Punch|p1b: Tyranitar
|-resisted|p1b: Tyranitar
|-damage|p1b: Tyranitar|73/100
|-heal|p2b: Ursaluna|98/100 brn|[from] drain|[of] p1b: Tyranitar
|move|p2a: Farigiraf|Psychic|p1a: Incineroar
|-immune|p1a: Incineroar
|move|p1b: Tyranitar|Knock Off|p2a: Farigiraf
|-supereffective|p2a: Farigiraf
|-damage|p2a: Farigiraf|15/100
|-enditem|p2a: Farigiraf|Safety Goggles|[from] move: Knock Off|[of] p1b: Tyranitar
|move|p1a: Incineroar|Parting Shot|p2b: Ursaluna
|-unboost|p2b: Ursaluna|atk|1
|-unboost|p2b: Ursaluna|spa|1
|inactive|GubGubFan has 30 seconds left.
|inactive|GubGubFan has 20 seconds left.
|
|t:|1757133884
|switch|p1a: Excadrill|Excadrill, L50, M|100/100|[from] Parting Shot
|
|-weather|Sandstorm|[upkeep]
|-damage|p2a: Farigiraf|9/100|[from] Sandstorm
|-damage|p1b: Tyranitar|67/100|[from] Sandstorm
|-damage|p2b: Ursaluna|92/100 brn|[from] brn
|-fieldend|move: Trick Room
|upkeep
|turn|6
|
|t:|1757133895
|move|p2a: Farigiraf|Helping Hand|p2b: Ursaluna
|-singleturn|p2b: Ursaluna|Helping Hand|[of] p2a: Farigiraf
|move|p1a: Excadrill|Earthquake|p2a: Farigiraf|[spread] p2a,p2b
|-immune|p1b: Tyranitar
|-damage|p2a: Farigiraf|0 fnt
|-damage|p2b: Ursaluna|57/100 brn
|faint|p2a: Farigiraf
|move|p1b: Tyranitar|Low Kick|p2b: Ursaluna
|-supereffective|p2b: Ursaluna
|-damage|p2b: Ursaluna|0 fnt
|faint|p2b: Ursaluna
|
|-weather|Sandstorm|[upkeep]
|-damage|p1b: Tyranitar|61/100|[from] Sandstorm
|upkeep
|-message|pikajw forfeited.
|
|win|GubGubFan
|l|☆pikajw
|player|p2|
||pikajw is ready for game 2.
||GubGubFan is ready for game 2.
|uhtml|next|Next: Game 2 of 3
|j|☆pikajw
|player|p2|pikajw|170|
