|j|☆breloomb01
|j|☆umizoomis
|html|breloomb01umizoomis    
|uhtml|bestof|Game 2 of a best-of-3
|t:|1785276295
|gametype|doubles
|player|p1|breloomb01|roughneck|1115
|player|p2|umizoomis|n|1008
|gen|9
|tier|[Gen 9 Champions] VGC 2026 Reg M-B (Bo3)
|rated|
|rule|Species Clause: Limit one of each Pokémon
|rule|Item Clause: Limit 1 of each item
|clearpoke
|poke|p1|Venusaur, L50, M|
|poke|p1|Garchomp, L50, F|
|poke|p1|Sneasler, L50, M|
|poke|p1|Talonflame, L50, M|
|poke|p1|Rotom-Wash, L50|
|poke|p1|Kingambit, L50, M|
|poke|p2|Charizard, L50, F|
|poke|p2|Luxray, L50, F|
|poke|p2|Sneasler, L50, M|
|poke|p2|Sinistcha, L50, shiny|
|poke|p2|Toxapex, L50, F|
|poke|p2|Kingambit, L50, M, shiny|
|teampreview|4
|showteam|p1|Venusaur||Venusaurite|Chlorophyll|SludgeBomb,GigaDrain,EarthPower,Protect|Modest||M|||50|]Garchomp||LifeOrb|RoughSkin|Protect,RockSlide,Earthquake,DragonClaw|Jolly||F|||50|]Sneasler||WhiteHerb|Unburden|FakeOut,CloseCombat,DireClaw,Protect|Jolly||M|||50|]Talonflame||SharpBeak|GaleWings|BraveBird,FlareBlitz,Tailwind,Protect|Jolly||M|||50|]Rotom-Wash||SitrusBerry|Levitate|HydroPump,VoltSwitch,WillOWisp,Protect|Timid|||||50|]Kingambit||BlackGlasses|Defiant|KowtowCleave,SuckerPunch,IronHead,Protect|Adamant||M|||50|
|showteam|p2|Charizard||CharizarditeX|Blaze|DragonDance,DragonClaw,FlareBlitz,Earthquake|Adamant||F|||50|]Luxray||ChoiceScarf|Intimidate|Crunch,PlayRough,WildCharge,PsychicFangs|Jolly||F|||50|]Sneasler||FocusSash|Unburden|DireClaw,CloseCombat,Coaching,FakeOut|Adamant||M|||50|]Sinistcha||SitrusBerry|Hospitality|Protect,MatchaGotcha,RagePowder,ShadowBall|Modest|||||50|]Toxapex||Leftovers|Regenerator|BanefulBunker,Infestation,Toxic,WideGuard|Relaxed||F|||50|]Kingambit||ChopleBerry|Defiant|KowtowCleave,IronHead,SuckerPunch,SwordsDance|Adamant||M|||50|
|
|t:|1785276314
|teamsize|p1|4
|teamsize|p2|4
|start
|switch|p1a: Sneasler|Sneasler, L50, M|100/100
|switch|p1b: Venusaur|Venusaur, L50, M|100/100
|switch|p2a: Luxray|Luxray, L50, F|100/100
|switch|p2b: Sneasler|Sneasler, L50, M|100/100
|-ability|p2a: Luxray|Intimidate|boost
|-unboost|p1a: Sneasler|atk|1
|-unboost|p1b: Venusaur|atk|1
|-enditem|p1a: Sneasler|White Herb
|-clearnegativeboost|p1a: Sneasler|[silent]
|turn|1
|inactive|Battle timer is ON: inactive players will automatically lose when time's up. (requested by breloomb01)
|
|t:|1785276371
|switch|p2a: To|Toxapex, L50, F|100/100
|switch|p2b: Charizard|Charizard, L50, F|100/100
|detailschange|p1b: Venusaur|Venusaur-Mega, L50, M
|-mega|p1b: Venusaur|Venusaur|Venusaurite
|move|p1a: Sneasler|Fake Out|p2a: To
|-damage|p2a: To|88/100
|move|p1b: Venusaur|Earth Power|p2a: To
|-supereffective|p2a: To|1
|-damage|p2a: To|37/100
|
|-heal|p2a: To|43/100|[from] item: Leftovers
|upkeep
|turn|2
|inactive|umizoomis has 30 seconds left.
|inactive|umizoomis has 20 seconds left.
|
|t:|1785276408
|detailschange|p2b: Charizard|Charizard-Mega-X, L50, F
|-mega|p2b: Charizard|Charizard|Charizardite X
|move|p1a: Sneasler|Dire Claw|p2b: Charizard
|-damage|p2b: Charizard|56/100
|move|p2b: Charizard|Earthquake|p1a: Sneasler|[spread] p2a,p1a,p1b
|-supereffective|p2a: To|1
|-supereffective|p1a: Sneasler|1
|-damage|p2a: To|2/100
|-damage|p1a: Sneasler|9/100
|-damage|p1b: Venusaur|77/100
|move|p1b: Venusaur|Earth Power|p2a: To
|-supereffective|p2a: To|1
|-damage|p2a: To|0 fnt
|faint|p2a: To
|
|upkeep
|
|t:|1785276422
|switch|p2a: Luxray|Luxray, L50, F|100/100
|-ability|p2a: Luxray|Intimidate|boost
|-unboost|p1a: Sneasler|atk|1
|-unboost|p1b: Venusaur|atk|1
|turn|3
|
|t:|1785276436
|move|p1a: Sneasler|Close Combat|p2b: Charizard
|-damage|p2b: Charizard|9/100
|-unboost|p1a: Sneasler|def|1
|-unboost|p1a: Sneasler|spd|1
|move|p2a: Luxray|Psychic Fangs|p1b: Venusaur
|-supereffective|p1b: Venusaur|1
|-damage|p1b: Venusaur|34/100
|move|p2b: Charizard|Dragon Dance|p2b: Charizard
|-boost|p2b: Charizard|atk|1
|-boost|p2b: Charizard|spe|1
|move|p1b: Venusaur|Earth Power|p2a: Luxray
|-supereffective|p2a: Luxray|1
|-damage|p2a: Luxray|12/100
|
|upkeep
|turn|4
|
|t:|1785276457
|switch|p2b: Sneasler|Sneasler, L50, M|100/100
|move|p1a: Sneasler|Dire Claw|p2b: Sneasler
|-resisted|p2b: Sneasler|1
|-damage|p2b: Sneasler|77/100
|-status|p2b: Sneasler|par
|move|p2a: Luxray|Psychic Fangs|p1b: Venusaur
|-supereffective|p1b: Venusaur|1
|-damage|p1b: Venusaur|0 fnt
|faint|p1b: Venusaur
|
|upkeep
|
|t:|1785276463
|switch|p1b: Kingambit|Kingambit, L50, M|100/100
|turn|5
|
|t:|1785276477
|switch|p1a: Talonflame|Talonflame, L50, M|100/100
|move|p2a: Luxray|Psychic Fangs|p1a: Talonflame
|-damage|p1a: Talonflame|58/100
|move|p2b: Sneasler|Close Combat|p1b: Kingambit
|-supereffective|p1b: Kingambit|2
|-damage|p1b: Kingambit|0 fnt
|-unboost|p2b: Sneasler|def|1
|-unboost|p2b: Sneasler|spd|1
|faint|p1b: Kingambit
|
|upkeep
|
|t:|1785276482
|switch|p1b: Sneasler|Sneasler, L50, M|9/100
|turn|6
|
|t:|1785276504
|switch|p2a: Charizard|Charizard-Mega-X, L50, F|9/100
|move|p1b: Sneasler|Fake Out|p2a: Charizard
|-damage|p2a: Charizard|0 fnt
|faint|p2a: Charizard
|move|p1a: Talonflame|Brave Bird|p2b: Sneasler
|-supereffective|p2b: Sneasler|1
|-damage|p2b: Sneasler|0 fnt
|faint|p2b: Sneasler
|-damage|p1a: Talonflame|32/100|[from] Recoil
|
|upkeep
|
|t:|1785276517
|switch|p2b: Luxray|Luxray, L50, F|12/100
|-ability|p2b: Luxray|Intimidate|boost
|-unboost|p1a: Talonflame|atk|1
|-unboost|p1b: Sneasler|atk|1
|turn|7
|
|t:|1785276524
|move|p2b: Luxray|Wild Charge|p1a: Talonflame
|-supereffective|p1a: Talonflame|1
|-damage|p1a: Talonflame|0 fnt
|faint|p1a: Talonflame
|-damage|p2b: Luxray|3/100|[from] Recoil
|move|p1b: Sneasler|Dire Claw|p2b: Luxray
|-damage|p2b: Luxray|0 fnt
|faint|p2b: Luxray
|
|win|breloomb01
|raw|breloomb01's rating: 1115 → 1133(+18 for winning)
|raw|umizoomis's rating: 1008 → 1000(-8 for losing)
|l|☆umizoomis
|player|p2|
