|j|☆teyvgc
|j|☆Pledgen
|html|teyvgcPledgen    
|uhtml|bestof|Game 3 of a best-of-3
|t:|1783200606
|gametype|doubles
|player|p1|teyvgc|1|1203
|player|p2|Pledgen|170|1140
|gen|9
|tier|[Gen 9 Champions] VGC 2026 Reg M-B (Bo3)
|rated|
|rule|Species Clause: Limit one of each Pokémon
|rule|Item Clause: Limit 1 of each item
|clearpoke
|poke|p1|Excadrill, L50, M|
|poke|p1|Tyranitar, L50, F|
|poke|p1|Staraptor, L50, F|
|poke|p1|Sinistcha, L50|
|poke|p1|Milotic, L50, F|
|poke|p1|Gholdengo, L50|
|poke|p2|Snorlax, L50, M|
|poke|p2|Sinistcha, L50|
|poke|p2|Hawlucha, L50, F|
|poke|p2|Incineroar, L50, F|
|poke|p2|Rotom-Wash, L50|
|poke|p2|Glimmora, L50, M|
|teampreview|4
|showteam|p1|Excadrill||FocusSash|SandRush|Earthquake,IronHead,RockSlide,Protect|Adamant||M|||50|]Tyranitar||Tyranitarite|SandStream|RockSlide,KnockOff,DragonDance,Protect|Adamant||F|||50|]Staraptor||Staraptite|Intimidate|BraveBird,CloseCombat,Tailwind,Protect|Jolly||F|||50|]Sinistcha||SitrusBerry|Hospitality|MatchaGotcha,RagePowder,LifeDew,TrickRoom|Calm|||||50|]Milotic||Leftovers|Competitive|Scald,IceBeam,Recover,Protect|Modest||F|||50|]Gholdengo||LifeOrb|GoodasGold|MakeItRain,ShadowBall,NastyPlot,Protect|Modest|||||50|
|showteam|p2|Snorlax||Leftovers|ThickFat|SmackDown,Fissure,BodySlam,Protect|Impish||M|||50|]Sinistcha||SitrusBerry|Hospitality|MatchaGotcha,StrengthSap,RagePowder,TrickRoom|Bold|||||50|]Hawlucha||Hawluchanite|Limber|CloseCombat,BraveBird,Protect,Entrainment|Jolly||F|||50|]Incineroar||PasshoBerry|Intimidate|FakeOut,PartingShot,FlareBlitz,DarkestLariat|Careful||F|||50|]Rotom-Wash||ChoiceScarf|Levitate|HydroPump,Thunderbolt,VoltSwitch,Trick|Modest|||||50|]Glimmora||Glimmoranite|ToxicDebris|EarthPower,SpikyShield,PowerGem,SludgeBomb|Timid||M|||50|
|c|☆teyvgc|Aight gl hf
|c|☆Pledgen|u2
|inactive|Battle timer is ON: inactive players will automatically lose when time's up. (requested by Pledgen)
|inactive|Pledgen has 30 seconds left.
|
|t:|1783200652
|teamsize|p1|4
|teamsize|p2|4
|start
|switch|p1a: Excadrill|Excadrill, L50, M|100/100
|switch|p1b: Tyranitar|Tyranitar, L50, F|100/100
|switch|p2a: Snorlax|Snorlax, L50, M|100/100
|switch|p2b: Hawlucha|Hawlucha, L50, F|100/100
|-weather|Sandstorm|[from] ability: Sand Stream|[of] p1b: Tyranitar
|turn|1
|inactive|teyvgc has 30 seconds left.
|inactive|Pledgen has 30 seconds left.
|inactive|Pledgen has 20 seconds left.
|inactive|Pledgen has 15 seconds left.
|
|t:|1783200698
|switch|p2a: Incineroar|Incineroar, L50, F|100/100
|-ability|p2a: Incineroar|Intimidate|boost
|-unboost|p1a: Excadrill|atk|1
|-unboost|p1b: Tyranitar|atk|1
|detailschange|p2b: Hawlucha|Hawlucha-Mega, L50, F
|-mega|p2b: Hawlucha|Hawlucha|Hawluchanite
|detailschange|p1b: Tyranitar|Tyranitar-Mega, L50, F
|-mega|p1b: Tyranitar|Tyranitar|Tyranitarite
|move|p1a: Excadrill|Rock Slide|p2b: Hawlucha|[spread] p2a,p2b
|-supereffective|p2a: Incineroar|1
|-damage|p2a: Incineroar|76/100
|-damage|p2b: Hawlucha|85/100
|move|p2b: Hawlucha|Close Combat|p1b: Tyranitar
|-supereffective|p1b: Tyranitar|2
|-damage|p1b: Tyranitar|0 fnt
|-unboost|p2b: Hawlucha|def|1
|-unboost|p2b: Hawlucha|spd|1
|faint|p1b: Tyranitar
|
|-weather|Sandstorm|[upkeep]
|-damage|p2b: Hawlucha|79/100|[from] Sandstorm
|-damage|p2a: Incineroar|70/100|[from] Sandstorm
|upkeep
|
|t:|1783200720
|switch|p1b: Milotic|Milotic, L50, F|100/100
|turn|2
|
|t:|1783200728
|switch|p2a: Snorlax|Snorlax, L50, M|100/100
|move|p1a: Excadrill|Rock Slide|p2a: Snorlax|[spread] p2a,p2b
|-damage|p2a: Snorlax|90/100
|-damage|p2b: Hawlucha|57/100
|cant|p2b: Hawlucha|flinch
|move|p1b: Milotic|Scald|p2b: Hawlucha
|-damage|p2b: Hawlucha|5/100
|
|-weather|Sandstorm|[upkeep]
|-damage|p2b: Hawlucha|0 fnt|[from] Sandstorm
|-damage|p1b: Milotic|94/100|[from] Sandstorm
|-damage|p2a: Snorlax|84/100|[from] Sandstorm
|faint|p2b: Hawlucha
|-heal|p1b: Milotic|100/100|[from] item: Leftovers
|-heal|p2a: Snorlax|90/100|[from] item: Leftovers
|upkeep
|c|☆Pledgen|NOOO
|c|☆Pledgen|NOOOOOOOOO
|c|☆Pledgen|THE FLINCH?!?!
|c|☆teyvgc|Bro im so sorry
|c|☆Pledgen|LOL
|inactive|Pledgen has 30 seconds left.
|
|t:|1783200754
|switch|p2b: Sinistcha|Sinistcha, L50|100/100
|-heal|p2a: Snorlax|100/100|[from] ability: Hospitality|[of] p2b: Sinistcha
|turn|3
|inactive|teyvgc has 30 seconds left.
|
|t:|1783200785
|switch|p1a: Sinistcha|Sinistcha, L50|100/100
|move|p1b: Milotic|Ice Beam|p2b: Sinistcha
|-supereffective|p2b: Sinistcha|1
|-damage|p2b: Sinistcha|57/100
|move|p2b: Sinistcha|Matcha Gotcha|p1b: Milotic|[spread] p1b
|-miss|p2b: Sinistcha|p1a: Sinistcha
|-supereffective|p1b: Milotic|1
|-damage|p1b: Milotic|63/100
|-heal|p2b: Sinistcha|78/100|[from] drain|[of] p1b: Milotic
|move|p2a: Snorlax|Smack Down|p1a: Sinistcha
|-damage|p1a: Sinistcha|88/100
|
|-weather|Sandstorm|[upkeep]
|-damage|p1b: Milotic|57/100|[from] Sandstorm
|-damage|p2b: Sinistcha|71/100|[from] Sandstorm
|-damage|p1a: Sinistcha|82/100|[from] Sandstorm
|-damage|p2a: Snorlax|94/100|[from] Sandstorm
|-heal|p1b: Milotic|63/100|[from] item: Leftovers
|-heal|p2a: Snorlax|100/100|[from] item: Leftovers
|upkeep
|turn|4
|inactive|Pledgen has 30 seconds left.
|inactive|Pledgen has 20 seconds left.
|
|t:|1783200822
|move|p1b: Milotic|Recover|p1b: Milotic
|-heal|p1b: Milotic|100/100
|move|p1a: Sinistcha|Matcha Gotcha|p2a: Snorlax|[spread] p2a,p2b
|-resisted|p2b: Sinistcha|1
|-damage|p2a: Snorlax|86/100
|-heal|p1a: Sinistcha|92/100|[from] drain|[of] p2a: Snorlax
|-damage|p2b: Sinistcha|61/100
|-heal|p1a: Sinistcha|97/100|[from] drain|[of] p2b: Sinistcha
|-status|p2a: Snorlax|brn
|move|p2a: Snorlax|Smack Down|p1b: Milotic
|-damage|p1b: Milotic|94/100
|move|p2b: Sinistcha|Trick Room|p2b: Sinistcha
|-fieldstart|move: Trick Room|[of] p2b: Sinistcha
|
|-weather|Sandstorm|[upkeep]
|-damage|p2a: Snorlax|80/100 brn|[from] Sandstorm
|-damage|p2b: Sinistcha|55/100|[from] Sandstorm
|-damage|p1a: Sinistcha|91/100|[from] Sandstorm
|-damage|p1b: Milotic|88/100|[from] Sandstorm
|-heal|p2a: Snorlax|86/100 brn|[from] item: Leftovers
|-heal|p1b: Milotic|94/100|[from] item: Leftovers
|-damage|p2a: Snorlax|80/100 brn|[from] brn
|upkeep
|turn|5
|c|☆Pledgen|alright time to hit the lotto
|
|t:|1783200842
|move|p2a: Snorlax|Fissure|p1a: Sinistcha|[miss]
|-miss|p2a: Snorlax|p1a: Sinistcha
|move|p2b: Sinistcha|Matcha Gotcha|p1b: Milotic|[spread] p1a,p1b
|-resisted|p1a: Sinistcha|1
|-supereffective|p1b: Milotic|1
|-damage|p1a: Sinistcha|80/100
|-heal|p2b: Sinistcha|60/100|[from] drain|[of] p1a: Sinistcha
|-damage|p1b: Milotic|60/100
|-heal|p2b: Sinistcha|79/100|[from] drain|[of] p1b: Milotic
|-status|p1b: Milotic|brn
|move|p1a: Sinistcha|Matcha Gotcha|p2b: Sinistcha|[spread] p2a,p2b
|-resisted|p2b: Sinistcha|1
|-damage|p2a: Snorlax|64/100 brn
|-heal|p1a: Sinistcha|92/100|[from] drain|[of] p2a: Snorlax
|-damage|p2b: Sinistcha|67/100
|-heal|p1a: Sinistcha|98/100|[from] drain|[of] p2b: Sinistcha
|move|p1b: Milotic|Ice Beam|p2b: Sinistcha
|-supereffective|p2b: Sinistcha|1
|-damage|p2b: Sinistcha|20/100y
|-enditem|p2b: Sinistcha|Sitrus Berry|[eat]
|-heal|p2b: Sinistcha|44/100|[from] item: Sitrus Berry
|
|-weather|none
|-heal|p2a: Snorlax|70/100 brn|[from] item: Leftovers
|-heal|p1b: Milotic|66/100 brn|[from] item: Leftovers
|-damage|p2a: Snorlax|64/100 brn|[from] brn
|-damage|p1b: Milotic|60/100 brn|[from] brn
|upkeep
|turn|6
|c|☆Pledgen|lets see
|c|☆Pledgen|nope
|c|☆teyvgc|LOL
|c|☆teyvgc|bro said I neeed the 777
|c|☆teyvgc|I respect it
|c|☆teyvgc|genuinely
|inactive|teyvgc has 30 seconds left.
|inactive|Pledgen has 30 seconds left.
|
|t:|1783200876
|move|p2a: Snorlax|Fissure|p1a: Sinistcha|[miss]
|-miss|p2a: Snorlax|p1a: Sinistcha
|move|p1a: Sinistcha|Matcha Gotcha|p2a: Snorlax|[spread] p2a,p2b
|-resisted|p2b: Sinistcha|1
|-damage|p2a: Snorlax|51/100 brn
|-heal|p1a: Sinistcha|100/100|[from] drain|[of] p2a: Snorlax
|-damage|p2b: Sinistcha|34/100
|-status|p2b: Sinistcha|brn
|move|p2b: Sinistcha|Matcha Gotcha|p1a: Sinistcha|[spread] p1a
|-miss|p2b: Sinistcha|p1b: Milotic
|-resisted|p1a: Sinistcha|1
|-damage|p1a: Sinistcha|89/100
|-heal|p2b: Sinistcha|39/100 brn|[from] drain|[of] p1a: Sinistcha
|move|p1b: Milotic|Recover|p1b: Milotic
|-heal|p1b: Milotic|100/100 brn
|
|-heal|p2a: Snorlax|57/100 brn|[from] item: Leftovers
|-damage|p2a: Snorlax|51/100 brn|[from] brn
|-damage|p2b: Sinistcha|33/100 brn|[from] brn
|-damage|p1b: Milotic|94/100 brn|[from] brn
|upkeep
|turn|7
|c|☆Pledgen|i would've had no gaurd snorlax if it wasn't for that flinch :sob:
|c|☆Pledgen|NO
|c|☆Pledgen|NOT THE MISS
|c|☆Pledgen|BRO
|c|☆teyvgc|yeah ngl this is ugly im sorry dawg
|inactive|teyvgc has 30 seconds left.
|inactive|Pledgen has 30 seconds left.
|
|t:|1783200905
|move|p2a: Snorlax|Fissure|p1a: Sinistcha|[miss]
|-miss|p2a: Snorlax|p1a: Sinistcha
|move|p1a: Sinistcha|Matcha Gotcha|p2a: Snorlax|[spread] p2a,p2b
|-resisted|p2b: Sinistcha|1
|-damage|p2a: Snorlax|37/100 brn
|-heal|p1a: Sinistcha|100/100|[from] drain|[of] p2a: Snorlax
|-damage|p2b: Sinistcha|21/100 brn
|move|p2b: Sinistcha|Matcha Gotcha|p1a: Sinistcha|[spread] p1a,p1b
|-resisted|p1a: Sinistcha|1
|-supereffective|p1b: Milotic|1
|-damage|p1a: Sinistcha|89/100
|-heal|p2b: Sinistcha|26/100 brn|[from] drain|[of] p1a: Sinistcha
|-damage|p1b: Milotic|57/100 brn
|-heal|p2b: Sinistcha|47/100 brn|[from] drain|[of] p1b: Milotic
|move|p1b: Milotic|Ice Beam|p2b: Sinistcha
|-supereffective|p2b: Sinistcha|1
|-damage|p2b: Sinistcha|0 fnt
|faint|p2b: Sinistcha
|
|-heal|p2a: Snorlax|43/100 brn|[from] item: Leftovers
|-heal|p1b: Milotic|63/100 brn|[from] item: Leftovers
|-damage|p2a: Snorlax|37/100 brn|[from] brn
|-damage|p1b: Milotic|57/100 brn|[from] brn
|upkeep
|c|☆Pledgen|please i need this snorlax
|
|t:|1783200922
|switch|p2b: Incineroar|Incineroar, L50, F|70/100
|-ability|p2b: Incineroar|Intimidate|boost
|-unboost|p1a: Sinistcha|atk|1
|-unboost|p1b: Milotic|atk|1
|-ability|p1b: Milotic|Competitive|boost
|-boost|p1b: Milotic|spa|2
|turn|8
|
|t:|1783200933
|move|p1b: Milotic|Protect|p1b: Milotic
|-singleturn|p1b: Milotic|Protect
|move|p2b: Incineroar|Fake Out|p1b: Milotic
|-activate|p1b: Milotic|move: Protect
|move|p2a: Snorlax|Fissure|p1a: Sinistcha|[miss]
|-miss|p2a: Snorlax|p1a: Sinistcha
|move|p1a: Sinistcha|Matcha Gotcha|p2a: Snorlax|[spread] p2a,p2b
|-resisted|p2b: Incineroar|1
|-damage|p2a: Snorlax|23/100 brn
|-heal|p1a: Sinistcha|100/100|[from] drain|[of] p2a: Snorlax
|-damage|p2b: Incineroar|61/100
|
|-heal|p2a: Snorlax|29/100 brn|[from] item: Leftovers
|-heal|p1b: Milotic|63/100 brn|[from] item: Leftovers
|-damage|p2a: Snorlax|23/100 brn|[from] brn
|-damage|p1b: Milotic|57/100 brn|[from] brn
|-fieldend|move: Trick Room
|upkeep
|turn|9
|c|☆Pledgen|yeah ggs bro :Sob:
|c|☆Pledgen|this was not my game lol
|c|☆teyvgc|ggs gamer Im sorry this game was fraudulent
|inactive|Pledgen has 30 seconds left.
|c|☆Pledgen|all good
|-message|Pledgen forfeited.
|
|win|teyvgc
|raw|teyvgc's rating: 1203 → 1224(+21 for winning)
|raw|Pledgen's rating: 1140 → 1119(-21 for losing)
