|j|☆Nimblefrog6
|j|☆dericos
|html|Nimblefrog6dericos    
|uhtml|bestof|Game 1 of a best-of-3
|t:|1757758230
|gametype|doubles
|player|p1|Nimblefrog6|medium-gen2jp|1173
|player|p2|dericos|101|1243
|gen|9
|tier|[Gen 9] VGC 2025 Reg H (Bo3)
|rated|
|rule|Species Clause: Limit one of each Pokémon
|rule|Item Clause: Limit 1 of each item
|clearpoke
|poke|p1|Gholdengo, L50|
|poke|p1|Sneasler, L50, M|
|poke|p1|Rillaboom, L50, F|
|poke|p1|Ninetales-Alola, L50, M|
|poke|p1|Ursaluna-Bloodmoon, L50, M|
|poke|p1|Incineroar, L50, F|
|poke|p2|Sneasler, L50, F|
|poke|p2|Indeedee, L50, M|
|poke|p2|Ursaluna-Bloodmoon, L50, M|
|poke|p2|Electabuzz, L50, M|
|poke|p2|Incineroar, L50, M|
|poke|p2|Talonflame, L50, F|
|teampreview|4
|showteam|p1|Gholdengo||GrassySeed|GoodasGold|NastyPlot,MakeItRain,ShadowBall,Protect||||||50|,,,,,Water]Sneasler||WhiteHerb|Unburden|CloseCombat,DireClaw,ThroatChop,Protect|||M|||50|,,,,,Ghost]Rillaboom||MiracleSeed|GrassySurge|FakeOut,GrassyGlide,DrumBeating,HighHorsepower|||F|||50|,,,,,Fire]Ninetales-Alola||FocusSash|SnowWarning|Blizzard,IcyWind,Encore,AuroraVeil|||M|||50|,,,,,Ghost]Ursaluna-Bloodmoon||AssaultVest|MindsEye|HyperVoice,BloodMoon,EarthPower,VacuumWave|||M|||50|,,,,,Ghost]Incineroar||SitrusBerry|Intimidate|FakeOut,KnockOff,PartingShot,FlareBlitz|||F|||50|,,,,,Ghost
|showteam|p2|Sneasler||PsychicSeed|Unburden|CloseCombat,DireClaw,ThroatChop,Protect|||F|||50|,,,,,Dark]Indeedee||FocusSash|PsychicSurge|ExpandingForce,TrickRoom,HelpingHand,Protect|||M|||50|,,,,,Psychic]Ursaluna-Bloodmoon||LifeOrb|MindsEye|BloodMoon,HyperVoice,EarthPower,Protect|||M|||50|,,,,,Normal]Electabuzz||Eviolite|VitalSpirit|Electroweb,FollowMe,Taunt,Protect|||M|||50|,,,,,Dragon]Incineroar||SafetyGoggles|Intimidate|FlareBlitz,KnockOff,PartingShot,FakeOut|||M|||50|,,,,,Ghost]Talonflame||CovertCloak|GaleWings|FlareBlitz,DualWingbeat,WillOWisp,Tailwind|||F|||50|,,,,,Fairy
|inactive|Battle timer is ON: inactive players will automatically lose when time's up. (requested by Nimblefrog6)
|inactive|Nimblefrog6 has 60 seconds left.
|
|t:|1757758277
|teamsize|p1|4
|teamsize|p2|4
|start
|switch|p1a: Fox|Ninetales-Alola, L50, M|100/100
|switch|p1b: Meow|Sneasler, L50, M|100/100
|switch|p2a: Electabuzz|Electabuzz, L50, M|100/100
|switch|p2b: Ursaluna|Ursaluna-Bloodmoon, L50, M|100/100
|-weather|Snowscape|[from] ability: Snow Warning|[of] p1a: Fox
|turn|1
|inactive|dericos has 30 seconds left.
|
|t:|1757758304
|move|p2b: Ursaluna|Protect|p2b: Ursaluna
|-singleturn|p2b: Ursaluna|Protect
|move|p1a: Fox|Blizzard|p2a: Electabuzz|[spread] p2a
|-activate|p2b: Ursaluna|move: Protect
|-damage|p2a: Electabuzz|76/100
|move|p2a: Electabuzz|Electroweb|p1a: Fox|[spread] p1b
|-miss|p2a: Electabuzz|p1a: Fox
|-damage|p1b: Meow|85/100
|-unboost|p1b: Meow|spe|1
|-enditem|p1b: Meow|White Herb
|-clearnegativeboost|p1b: Meow|[silent]
|move|p1b: Meow|Close Combat|p2b: Ursaluna
|-activate|p2b: Ursaluna|move: Protect
|
|-weather|Snowscape|[upkeep]
|upkeep
|turn|2
|
|t:|1757758319
|-terastallize|p2b: Ursaluna|Normal
|move|p2a: Electabuzz|Follow Me|p2a: Electabuzz
|-singleturn|p2a: Electabuzz|move: Follow Me
|move|p1b: Meow|Dire Claw|p2a: Electabuzz
|-damage|p2a: Electabuzz|31/100
|-status|p2a: Electabuzz|psn
|move|p1a: Fox|Blizzard|p2a: Electabuzz|[spread] p2a,p2b
|-crit|p2b: Ursaluna
|-damage|p2a: Electabuzz|4/100 psn
|-damage|p2b: Ursaluna|34/100
|move|p2b: Ursaluna|Hyper Voice|p1b: Meow|[spread] p1a,p1b
|-crit|p1a: Fox
|-enditem|p1a: Fox|Focus Sash
|-damage|p1a: Fox|1/100
|-damage|p1b: Meow|8/100
|-damage|p2b: Ursaluna|24/100|[from] item: Life Orb
|
|-weather|Snowscape|[upkeep]
|-damage|p2a: Electabuzz|0 fnt|[from] psn
|faint|p2a: Electabuzz
|upkeep
|
|t:|1757758333
|switch|p2a: Sneasler|Sneasler, L50, F|100/100
|turn|3
|
|t:|1757758350
|switch|p2b: Indeedee|Indeedee, L50, M|100/100
|-fieldstart|move: Psychic Terrain|[from] ability: Psychic Surge|[of] p2b: Indeedee
|-enditem|p2a: Sneasler|Psychic Seed
|-boost|p2a: Sneasler|spd|1|[from] item: Psychic Seed
|move|p2a: Sneasler|Dire Claw|p1a: Fox
|-supereffective|p1a: Fox
|-damage|p1a: Fox|0 fnt
|faint|p1a: Fox
|move|p1b: Meow|Dire Claw|p2a: Sneasler
|-resisted|p2a: Sneasler
|-damage|p2a: Sneasler|63/100
|-status|p2a: Sneasler|par
|
|-weather|Snowscape|[upkeep]
|upkeep
|inactive|Nimblefrog6 has 30 seconds left.
|inactive|Nimblefrog6 has 20 seconds left.
|
|t:|1757758385
|switch|p1a: Monkey|Rillaboom, L50, F|100/100
|-fieldstart|move: Grassy Terrain|[from] ability: Grassy Surge|[of] p1a: Monkey
|turn|4
|
|t:|1757758399
|switch|p2b: Ursaluna|Ursaluna-Bloodmoon, L50, M, tera:Normal|24/100
|cant|p2a: Sneasler|par
|move|p1b: Meow|Close Combat|p2a: Sneasler
|-resisted|p2a: Sneasler
|-damage|p2a: Sneasler|6/100 par
|-unboost|p1b: Meow|def|1
|-unboost|p1b: Meow|spd|1
|move|p1a: Monkey|Drum Beating|p2b: Ursaluna
|-damage|p2b: Ursaluna|0 fnt
|faint|p2b: Ursaluna
|
|-weather|Snowscape|[upkeep]
|-heal|p1b: Meow|15/100|[from] Grassy Terrain
|-heal|p2a: Sneasler|12/100 par|[from] Grassy Terrain
|upkeep
|
|t:|1757758418
|switch|p2b: Indeedee|Indeedee, L50, M|100/100
|-fieldstart|move: Psychic Terrain|[from] ability: Psychic Surge|[of] p2b: Indeedee
|turn|5
|inactive|Nimblefrog6 has 30 seconds left.
|inactive|Nimblefrog6 has 20 seconds left.
|inactive|Nimblefrog6 has 15 seconds left.
|
|t:|1757758460
|move|p1b: Meow|Close Combat|p2b: Indeedee
|-enditem|p2b: Indeedee|Focus Sash
|-damage|p2b: Indeedee|1/100
|-unboost|p1b: Meow|def|1
|-unboost|p1b: Meow|spd|1
|move|p2a: Sneasler|Dire Claw|p1a: Monkey
|-supereffective|p1a: Monkey
|-damage|p1a: Monkey|0 fnt
|faint|p1a: Monkey
|move|p2b: Indeedee|Expanding Force|p1b: Meow
|-supereffective|p1b: Meow
|-damage|p1b: Meow|0 fnt
|faint|p1b: Meow
|
|-weather|none
|upkeep
|
|t:|1757758471
|switch|p1a: Cheese|Gholdengo, L50|100/100
|turn|6
|
|t:|1757758490
|move|p2a: Sneasler|Protect|p2a: Sneasler
|-singleturn|p2a: Sneasler|Protect
|move|p2b: Indeedee|Protect|p2b: Indeedee
|-singleturn|p2b: Indeedee|Protect
|move|p1a: Cheese|Make It Rain|p2b: Indeedee|[spread] 
|-activate|p2a: Sneasler|move: Protect
|-activate|p2b: Indeedee|move: Protect
|
|upkeep
|turn|7
|inactive|dericos has 30 seconds left.
|
|t:|1757758519
|move|p2a: Sneasler|Throat Chop|p1a: Cheese
|-supereffective|p1a: Cheese
|-crit|p1a: Cheese
|-damage|p1a: Cheese|11/100
|-start|p1a: Cheese|Throat Chop|[silent]
|move|p2b: Indeedee|Expanding Force|p1a: Cheese
|-resisted|p1a: Cheese
|-damage|p1a: Cheese|0 fnt
|faint|p1a: Cheese
|
|win|dericos
||dericos is ready for game 2.
|inactive|Nimblefrog6 has 30 seconds to confirm battle start!
|inactive|Nimblefrog6 has 20 seconds to confirm battle start!
||Nimblefrog6 is ready for game 2.
|uhtml|next|Next: Game 2 of 3
