|j|☆ddunks
|j|☆joshplusone
|html|ddunksjoshplusone    
|uhtml|bestof|Game 3 of a best-of-3
|t:|1783883961
|gametype|doubles
|player|p1|ddunks|1|
|player|p2|joshplusone|1|
|gen|9
|tier|[Gen 9 Champions] VGC 2026 Reg M-B (Bo3)
|rule|Species Clause: Limit one of each Pokémon
|rule|Item Clause: Limit 1 of each item
|clearpoke
|poke|p1|Sneasler, L50, M|
|poke|p1|Blastoise, L50, M|
|poke|p1|Kingambit, L50, M|
|poke|p1|Incineroar, L50, F|
|poke|p1|Delphox, L50, F|
|poke|p1|Sinistcha, L50|
|poke|p2|Pelipper, L50, M|
|poke|p2|Grimmsnarl, L50, M|
|poke|p2|Archaludon, L50, F|
|poke|p2|Venusaur, L50, M|
|poke|p2|Charizard, L50, M|
|poke|p2|Basculegion, L50, M|
|teampreview|4
|showteam|p1|Sneasler||FocusSash|PoisonTouch|PoisonJab,CloseCombat,FakeOut,QuickGuard|Jolly||M|||50|]Blastoise||Blastoisinite|RainDish|DarkPulse,WaterSpout,ShellSmash,Protect|Modest||M|||50|]Kingambit||BlackGlasses|Defiant|KowtowCleave,SuckerPunch,SwordsDance,Protect|Adamant||M|||50|]Incineroar||SitrusBerry|Intimidate|FlareBlitz,HelpingHand,PartingShot,FakeOut|Careful||F|||50|]Delphox||Delphoxite|Blaze|HeatWave,NastyPlot,Psyshock,Protect|Modest||F|||50|]Sinistcha||KasibBerry|Hospitality|MatchaGotcha,RagePowder,TrickRoom,Protect|Bold|||||50|
|showteam|p2|Pelipper||SitrusBerry|Drizzle|Hurricane,WeatherBall,Tailwind,Protect|Modest||M|||50|]Grimmsnarl||LightClay|Prankster|Reflect,LightScreen,PartingShot,SpiritBreak|Careful||M|||50|]Archaludon||Leftovers|Stamina|ElectroShot,DragonPulse,FlashCannon,Protect|Modest||F|||50|]Venusaur||Venusaurite|Chlorophyll|SludgeBomb,EarthPower,GigaDrain,Protect|Modest||M|||50|]Charizard||CharizarditeY|Blaze|HeatWave,WeatherBall,Hurricane,Protect|Modest||M|||50|]Basculegion||ChoiceScarf|SwiftSwim|WaveCrash,LastRespects,FlipTurn,AquaJet|Jolly||M|||50|
|j| FlubberMane
|j| RadiantSteelix
|j| Aox93
|inactive|Battle timer is ON: inactive players will automatically lose when time's up. (requested by ddunks)
|j| splash2ndcousin
|inactive|joshplusone has 60 seconds left.
|
|t:|1783884026
|teamsize|p1|4
|teamsize|p2|4
|start
|switch|p1a: Sneasler|Sneasler, L50, M|100/100
|switch|p1b: Delphox|Delphox, L50, F|100/100
|switch|p2a: Grimmsnarl|Grimmsnarl, L50, M|100/100
|switch|p2b: Basculegion|Basculegion, L50, M|100/100
|turn|1
|j| IkeFAR
|inactive|ddunks has 30 seconds left.
|inactive|joshplusone has 30 seconds left.
|j| munchie2ff
|inactive|joshplusone has 20 seconds left.
|inactive|joshplusone has 15 seconds left.
|inactive|joshplusone has 10 seconds left.
|
|t:|1783884073
|switch|p2a: Pelipper|Pelipper, L50, M|100/100
|-weather|RainDance|[from] ability: Drizzle|[of] p2a: Pelipper
|move|p1b: Delphox|Protect|p1b: Delphox
|-singleturn|p1b: Delphox|Protect
|move|p2b: Basculegion|Flip Turn|p1a: Sneasler
|-damage|p1a: Sneasler|32/100
|
|t:|1783884085
|switch|p2b: Grimmsnarl|Grimmsnarl, L50, M|100/100|[from] Flip Turn
|move|p1a: Sneasler|Poison Jab|p2a: Pelipper
|-damage|p2a: Pelipper|53/100
|-status|p2a: Pelipper|psn
|
|-weather|RainDance|[upkeep]
|-damage|p2a: Pelipper|41/100 psn|[from] psn
|upkeep
|-enditem|p2a: Pelipper|Sitrus Berry|[eat]
|-heal|p2a: Pelipper|65/100 psn|[from] item: Sitrus Berry
|turn|2
|inactive|ddunks has 30 seconds left.
|inactive|joshplusone has 30 seconds left.
|inactive|ddunks has 20 seconds left.
|inactive|ddunks has 15 seconds left.
|inactive|ddunks has 10 seconds left.
|
|t:|1783884132
|detailschange|p1b: Delphox|Delphox-Mega, L50, F
|-mega|p1b: Delphox|Delphox|Delphoxite
|move|p2b: Grimmsnarl|Parting Shot|p1a: Sneasler
|-unboost|p1a: Sneasler|atk|1
|-unboost|p1a: Sneasler|spa|1
|
|t:|1783884137
|switch|p2b: Basculegion|Basculegion, L50, M|100/100|[from] Parting Shot
|move|p1a: Sneasler|Poison Jab|p2b: Basculegion
|-resisted|p2b: Basculegion|1
|-damage|p2b: Basculegion|82/100
|move|p1b: Delphox|Psyshock|p2a: Pelipper
|-crit|p2a: Pelipper
|-damage|p2a: Pelipper|0 fnt
|faint|p2a: Pelipper
|
|-weather|RainDance|[upkeep]
|upkeep
|inactive|joshplusone has 30 seconds left.
|inactive|joshplusone has 20 seconds left.
|
|t:|1783884173
|switch|p2a: Charizard|Charizard, L50, M|100/100
|turn|3
|inactive|ddunks has 30 seconds left.
|
|t:|1783884207
|switch|p1b: Incineroar|Incineroar, L50, F|100/100
|-ability|p1b: Incineroar|Intimidate|boost
|-unboost|p2a: Charizard|atk|1
|-unboost|p2b: Basculegion|atk|1
|move|p2b: Basculegion|Flip Turn|p1a: Sneasler
|-crit|p1a: Sneasler
|-damage|p1a: Sneasler|0 fnt
|faint|p1a: Sneasler
|
|t:|1783884215
|switch|p2b: Grimmsnarl|Grimmsnarl, L50, M|100/100|[from] Flip Turn
|move|p2a: Charizard|Weather Ball|p1b: Incineroar
|-supereffective|p1b: Incineroar|1
|-damage|p1b: Incineroar|29/100
|-enditem|p1b: Incineroar|Sitrus Berry|[eat]
|-heal|p1b: Incineroar|54/100|[from] item: Sitrus Berry
|
|-weather|RainDance|[upkeep]
|upkeep
|
|t:|1783884234
|switch|p1a: Delphox|Delphox-Mega, L50, F|100/100
|turn|4
|inactive|joshplusone has 30 seconds left.
|
|t:|1783884267
|switch|p2a: Basculegion|Basculegion, L50, M|82/100
|move|p1b: Incineroar|Fake Out|p2a: Basculegion
|-immune|p2a: Basculegion
|move|p2b: Grimmsnarl|Parting Shot|p1a: Delphox
|-unboost|p1a: Delphox|atk|1
|-unboost|p1a: Delphox|spa|1
|
|t:|1783884274
|switch|p2b: Charizard|Charizard, L50, M|100/100|[from] Parting Shot
|move|p1a: Delphox|Nasty Plot|p1a: Delphox
|-boost|p1a: Delphox|spa|2
|
|-weather|RainDance|[upkeep]
|upkeep
|turn|5
|inactive|joshplusone has 30 seconds left.
|inactive|joshplusone has 20 seconds left.
|inactive|joshplusone has 15 seconds left.
|inactive|joshplusone has 10 seconds left.
|inactive|joshplusone has 5 seconds left.
|
|t:|1783884324
|move|p1a: Delphox|Protect|p1a: Delphox
|-singleturn|p1a: Delphox|Protect
|move|p2a: Basculegion|Flip Turn|p1b: Incineroar
|-supereffective|p1b: Incineroar|1
|-crit|p1b: Incineroar
|-damage|p1b: Incineroar|0 fnt
|faint|p1b: Incineroar
|
|t:|1783884331
|switch|p2a: Grimmsnarl|Grimmsnarl, L50, M|100/100|[from] Flip Turn
|move|p2b: Charizard|Weather Ball|p1a: Delphox
|-activate|p1a: Delphox|move: Protect
|
|-weather|none
|upkeep
|
|t:|1783884339
|switch|p1b: Kingambit|Kingambit, L50, M|100/100
|turn|6
|inactive|ddunks has 30 seconds left.
|inactive|joshplusone has 30 seconds left.
|inactive|joshplusone has 20 seconds left.
|inactive|joshplusone has 15 seconds left.
|inactive|joshplusone has 10 seconds left.
|inactive|joshplusone has 5 seconds left.
|
|t:|1783884392
|detailschange|p2b: Charizard|Charizard-Mega-Y, L50, M
|-mega|p2b: Charizard|Charizard|Charizardite Y
|-weather|SunnyDay|[from] ability: Drought|[of] p2b: Charizard
|move|p1b: Kingambit|Protect|p1b: Kingambit
|-singleturn|p1b: Kingambit|Protect
|move|p2a: Grimmsnarl|Reflect|p2a: Grimmsnarl
|-sidestart|p2: joshplusone|Reflect
|move|p1a: Delphox|Psyshock|p2b: Charizard
|-damage|p2b: Charizard|26/100
|move|p2b: Charizard|Weather Ball|p1b: Kingambit
|-activate|p1b: Kingambit|move: Protect
|
|-weather|SunnyDay|[upkeep]
|upkeep
|turn|7
|inactive|joshplusone has 30 seconds left.
|inactive|joshplusone has 20 seconds left.
|inactive|joshplusone has 15 seconds left.
|inactive|joshplusone has 10 seconds left.
|inactive|joshplusone has 5 seconds left.
|
|t:|1783884444
|switch|p2b: Basculegion|Basculegion, L50, M|82/100
|move|p2a: Grimmsnarl|Parting Shot|p1a: Delphox
|-unboost|p1a: Delphox|atk|1
|-unboost|p1a: Delphox|spa|1
|
|t:|1783884449
|switch|p2a: Charizard|Charizard-Mega-Y, L50, M|26/100|[from] Parting Shot
|move|p1a: Delphox|Heat Wave|p2a: Charizard|[spread] p2a
|-miss|p1a: Delphox|p2b: Basculegion
|-resisted|p2a: Charizard|1
|-damage|p2a: Charizard|1/100
|move|p1b: Kingambit|Kowtow Cleave|p2a: Charizard
|-damage|p2a: Charizard|0 fnt
|faint|p2a: Charizard
|
|-weather|SunnyDay|[upkeep]
|upkeep
|
|t:|1783884460
|switch|p2a: Grimmsnarl|Grimmsnarl, L50, M|100/100
|turn|8
|inactive|joshplusone has 30 seconds left.
|inactive|joshplusone has 20 seconds left.
|inactive|joshplusone has 15 seconds left.
|inactive|joshplusone has 10 seconds left.
|
|t:|1783884507
|move|p1a: Delphox|Protect|p1a: Delphox
|-singleturn|p1a: Delphox|Protect
|move|p1b: Kingambit|Sucker Punch|p2b: Basculegion
|-supereffective|p2b: Basculegion|1
|-damage|p2b: Basculegion|6/100
|move|p2b: Basculegion|Last Respects|p1b: Kingambit
|-resisted|p1b: Kingambit|1
|-damage|p1b: Kingambit|73/100
|move|p2a: Grimmsnarl|Spirit Break|p1b: Kingambit
|-damage|p1b: Kingambit|48/100
|-unboost|p1b: Kingambit|spa|1
|-ability|p1b: Kingambit|Defiant|boost
|-boost|p1b: Kingambit|atk|2
|
|-weather|SunnyDay|[upkeep]
|upkeep
|turn|9
|inactive|joshplusone has 20 seconds left this turn.
|inactive|joshplusone has 15 seconds left.
|inactive|joshplusone has 10 seconds left.
|inactive|joshplusone has 5 seconds left.
|
|t:|1783884524
|move|p1b: Kingambit|Sucker Punch|p2b: Basculegion
|-supereffective|p2b: Basculegion|1
|-damage|p2b: Basculegion|0 fnt
|faint|p2b: Basculegion
|move|p1a: Delphox|Heat Wave|p2a: Grimmsnarl
|-damage|p2a: Grimmsnarl|33/100
|move|p2a: Grimmsnarl|Spirit Break|p1b: Kingambit
|-damage|p1b: Kingambit|25/100
|-unboost|p1b: Kingambit|spa|1
|-ability|p1b: Kingambit|Defiant|boost
|-boost|p1b: Kingambit|atk|2
|
|-weather|SunnyDay|[upkeep]
|upkeep
|turn|10
|inactive|joshplusone has 5 seconds left this turn.
|-message|joshplusone lost due to inactivity.
|
|win|ddunks
|c|☆joshplusone|GGs
|c|☆ddunks|ggs!
|l| Aox93
|l| munchie2ff
|c|☆ddunks|double weather was so confusing!
|l| RadiantSteelix
|c|☆joshplusone|its a weird balance haha
|l| IkeFAR
