|j|☆poison mouse
|j|☆efwefwefwefweifier
|html|poison mouseefwefwefwefweifier    
|uhtml|bestof|Game 2 of a best-of-3
|t:|1784876911
|gametype|doubles
|player|p1|poison mouse|tate|1331
|player|p2|efwefwefwefweifier|clown|1404
|gen|9
|tier|[Gen 9 Champions] VGC 2026 Reg M-B (Bo3)
|rated|
|rule|Species Clause: Limit one of each Pokémon
|rule|Item Clause: Limit 1 of each item
|clearpoke
|poke|p1|Tyranitar, L50, M|
|poke|p1|Excadrill, L50, F|
|poke|p1|Milotic, L50, F|
|poke|p1|Sinistcha, L50|
|poke|p1|Staraptor, L50, M|
|poke|p1|Gholdengo, L50|
|poke|p2|Blastoise, L50, F|
|poke|p2|Sinistcha, L50|
|poke|p2|Incineroar, L50, F, shiny|
|poke|p2|Sneasler, L50, M|
|poke|p2|Hydreigon, L50, M|
|poke|p2|Floette-Eternal, L50, F|
|teampreview|4
|showteam|p1|Tyranitar||Tyranitarite|SandStream|KnockOff,RockSlide,HighHorsepower,Protect|Jolly||M|||50|]Excadrill||FocusSash|SandRush|Earthquake,IronHead,RockSlide,Protect|Adamant||F|||50|]Milotic||SitrusBerry|Competitive|Scald,IcyWind,IceBeam,Protect|Calm||F|||50|]Sinistcha||ColburBerry|Hospitality|MatchaGotcha,ShadowBall,Protect,RagePowder|Bold|||||50|]Staraptor||Staraptite|Intimidate|CloseCombat,BraveBird,Tailwind,Protect|Jolly||M|||50|]Gholdengo||LifeOrb|GoodasGold|MakeItRain,ShadowBall,NastyPlot,Protect|Modest|||||50|
|showteam|p2|Blastoise||Blastoisinite|RainDish|WaterSpout,DarkPulse,ShellSmash,Protect|Modest||F|||50|]Sinistcha||KasibBerry|Hospitality|MatchaGotcha,RagePowder,TrickRoom,LifeDew|Calm|||||50|]Incineroar||SitrusBerry|Intimidate|FlareBlitz,DarkestLariat,FakeOut,PartingShot|Careful||F|||50|]Sneasler||FocusSash|PoisonTouch|CloseCombat,PoisonJab,FakeOut,QuickGuard|Jolly||M|||50|]Hydreigon||ChoiceScarf|Levitate|DracoMeteor,DarkPulse,Snarl,EarthPower|Modest||M|||50|]Floette-Eternal||Floettite|FlowerVeil|DazzlingGleam,DrainingKiss,CalmMind,Protect|Modest||F|||50|
|inactive|Battle timer is ON: inactive players will automatically lose when time's up. (requested by efwefwefwefweifier)
|inactive|efwefwefwefweifier has 60 seconds left.
|
|t:|1784876946
|teamsize|p1|4
|teamsize|p2|4
|start
|switch|p1a: Staraptor|Staraptor, L50, M|100/100
|switch|p1b: Gholdengo|Gholdengo, L50|100/100
|switch|p2a: Spouty Outy|Blastoise, L50, F|100/100
|switch|p2b: Merry Berry|Incineroar, L50, F, shiny|100/100
|-ability|p1a: Staraptor|Intimidate|boost
|-unboost|p2a: Spouty Outy|atk|1
|-unboost|p2b: Merry Berry|atk|1
|-ability|p2b: Merry Berry|Intimidate|boost
|-unboost|p1a: Staraptor|atk|1
|-unboost|p1b: Gholdengo|atk|1
|turn|1
|
|t:|1784876959
|detailschange|p1a: Staraptor|Staraptor-Mega, L50, M
|-mega|p1a: Staraptor|Staraptor|Staraptite
|detailschange|p2a: Spouty Outy|Blastoise-Mega, L50, F
|-mega|p2a: Spouty Outy|Blastoise|Blastoisinite
|move|p2b: Merry Berry|Fake Out|p1a: Staraptor
|-damage|p1a: Staraptor|93/100
|cant|p1a: Staraptor|flinch
|move|p2a: Spouty Outy|Shell Smash|p2a: Spouty Outy
|-unboost|p2a: Spouty Outy|def|1
|-unboost|p2a: Spouty Outy|spd|1
|-boost|p2a: Spouty Outy|atk|2
|-boost|p2a: Spouty Outy|spa|2
|-boost|p2a: Spouty Outy|spe|2
|move|p1b: Gholdengo|Shadow Ball|p2a: Spouty Outy
|-damage|p2a: Spouty Outy|38/100
|-damage|p1b: Gholdengo|90/100|[from] item: Life Orb
|
|upkeep
|turn|2
|
|t:|1784876981
|switch|p2b: Spinny Sinny|Sinistcha, L50|100/100
|-heal|p2a: Spouty Outy|63/100|[from] ability: Hospitality|[of] p2b: Spinny Sinny
|move|p2a: Spouty Outy|Water Spout|p1a: Staraptor|[spread] p1a,p1b
|-damage|p1a: Staraptor|16/100
|-damage|p1b: Gholdengo|17/100
|move|p1a: Staraptor|Tailwind|p1a: Staraptor
|-sidestart|p1: poison mouse|move: Tailwind
|move|p1b: Gholdengo|Shadow Ball|p2a: Spouty Outy
|-damage|p2a: Spouty Outy|2/100
|-damage|p1b: Gholdengo|7/100|[from] item: Life Orb
|
|upkeep
|turn|3
|inactive|poison mouse has 30 seconds left.
|
|t:|1784877009
|switch|p1a: Sinistcha|Sinistcha, L50|100/100
|-heal|p1b: Gholdengo|32/100|[from] ability: Hospitality|[of] p1a: Sinistcha
|move|p2a: Spouty Outy|Protect|p2a: Spouty Outy
|-singleturn|p2a: Spouty Outy|Protect
|move|p1b: Gholdengo|Make It Rain|p2a: Spouty Outy|[spread] p2b
|-activate|p2a: Spouty Outy|move: Protect
|-damage|p2b: Spinny Sinny|50/100g
|-unboost|p1b: Gholdengo|spa|2
|-damage|p1b: Gholdengo|23/100|[from] item: Life Orb
|move|p2b: Spinny Sinny|Trick Room|p2b: Spinny Sinny
|-fieldstart|move: Trick Room|[of] p2b: Spinny Sinny
|
|upkeep
|turn|4
|inactive|efwefwefwefweifier has 30 seconds left.
|
|t:|1784877036
|switch|p2a: Merry Berry|Incineroar, L50, F, shiny|100/100
|-ability|p2a: Merry Berry|Intimidate|boost
|-unboost|p1a: Sinistcha|atk|1
|-unboost|p1b: Gholdengo|atk|1
|move|p2b: Spinny Sinny|Matcha Gotcha|p1b: Gholdengo|[spread] p1a,p1b
|-resisted|p1a: Sinistcha|1
|-resisted|p1b: Gholdengo|1
|-damage|p1a: Sinistcha|88/100
|-heal|p2b: Spinny Sinny|57/100|[from] drain|[of] p1a: Sinistcha
|-damage|p1b: Gholdengo|11/100
|-heal|p2b: Spinny Sinny|63/100|[from] drain|[of] p1b: Gholdengo
|move|p1a: Sinistcha|Matcha Gotcha|p2b: Spinny Sinny|[spread] p2a,p2b
|-resisted|p2a: Merry Berry|1
|-resisted|p2b: Spinny Sinny|1
|-damage|p2a: Merry Berry|91/100
|-heal|p1a: Sinistcha|93/100|[from] drain|[of] p2a: Merry Berry
|-damage|p2b: Spinny Sinny|53/100
|-heal|p1a: Sinistcha|98/100|[from] drain|[of] p2b: Spinny Sinny
|move|p1b: Gholdengo|Nasty Plot|p1b: Gholdengo
|-boost|p1b: Gholdengo|spa|2
|
|upkeep
|turn|5
|
|t:|1784877058
|move|p2a: Merry Berry|Flare Blitz|p1a: Sinistcha
|-supereffective|p1a: Sinistcha|1
|-damage|p1a: Sinistcha|26/100
|-status|p1a: Sinistcha|brn
|-damage|p2a: Merry Berry|70/100|[from] Recoil
|move|p2b: Spinny Sinny|Matcha Gotcha|p1a: Sinistcha|[spread] p1a,p1b
|-resisted|p1a: Sinistcha|1
|-resisted|p1b: Gholdengo|1
|-damage|p1a: Sinistcha|13/100 brn
|-heal|p2b: Spinny Sinny|59/100|[from] drain|[of] p1a: Sinistcha
|-damage|p1b: Gholdengo|0 fnt
|-heal|p2b: Spinny Sinny|65/100|[from] drain|[of] p1b: Gholdengo
|faint|p1b: Gholdengo
|move|p1a: Sinistcha|Shadow Ball|p2b: Spinny Sinny
|-supereffective|p2b: Spinny Sinny|1
|-enditem|p2b: Spinny Sinny|Kasib Berry|[eat]
|-enditem|p2b: Spinny Sinny|Kasib Berry|[weaken]
|-damage|p2b: Spinny Sinny|34/100
|-unboost|p2b: Spinny Sinny|spd|1
|
|-damage|p1a: Sinistcha|8/100 brn|[from] brn
|-sideend|p1: poison mouse|move: Tailwind
|upkeep
|
|t:|1784877073
|switch|p1b: Milotic|Milotic, L50, F|100/100
|turn|6
|
|t:|1784877089
|move|p2a: Merry Berry|Darkest Lariat|p1b: Milotic
|-damage|p1b: Milotic|67/100
|move|p1a: Sinistcha|Shadow Ball|p2b: Spinny Sinny
|-supereffective|p2b: Spinny Sinny|1
|-damage|p2b: Spinny Sinny|0 fnt
|faint|p2b: Spinny Sinny
|move|p1b: Milotic|Ice Beam|p2a: Merry Berry
|-resisted|p2a: Merry Berry|1
|-damage|p2a: Merry Berry|61/100
|
|-damage|p1a: Sinistcha|2/100 brn|[from] brn
|upkeep
|
|t:|1784877098
|switch|p2b: Bartholomews|Hydreigon, L50, M|100/100
|turn|7
|inactive|efwefwefwefweifier has 30 seconds left.
|
|t:|1784877127
|move|p1a: Sinistcha|Rage Powder|p1a: Sinistcha
|-singleturn|p1a: Sinistcha|move: Rage Powder
|move|p2a: Merry Berry|Darkest Lariat|p1a: Sinistcha
|-supereffective|p1a: Sinistcha|1
|-crit|p1a: Sinistcha
|-enditem|p1a: Sinistcha|Colbur Berry|[eat]
|-enditem|p1a: Sinistcha|Colbur Berry|[weaken]
|-damage|p1a: Sinistcha|0 fnt
|faint|p1a: Sinistcha
|move|p1b: Milotic|Icy Wind|p2a: Merry Berry|[spread] p2a,p2b
|-resisted|p2a: Merry Berry|1
|-supereffective|p2b: Bartholomews|1
|-damage|p2a: Merry Berry|57/100
|-damage|p2b: Bartholomews|77/100
|-unboost|p2a: Merry Berry|spe|1
|-unboost|p2b: Bartholomews|spe|1
|move|p2b: Bartholomews|Dark Pulse|p1b: Milotic
|-damage|p1b: Milotic|39/100
|-enditem|p1b: Milotic|Sitrus Berry|[eat]
|-heal|p1b: Milotic|64/100|[from] item: Sitrus Berry
|
|-fieldend|move: Trick Room
|upkeep
|
|t:|1784877140
|switch|p1a: Staraptor|Staraptor-Mega, L50, M|16/100
|turn|8
|
|t:|1784877161
|switch|p2b: Spouty Outy|Blastoise-Mega, L50, F|2/100
|move|p1a: Staraptor|Close Combat|p2b: Spouty Outy
|-damage|p2b: Spouty Outy|0 fnt
|-boost|p1a: Staraptor|def|1
|-boost|p1a: Staraptor|spd|1
|faint|p2b: Spouty Outy
|move|p1b: Milotic|Scald|p2a: Merry Berry
|-supereffective|p2a: Merry Berry|1
|-damage|p2a: Merry Berry|15/100
|-enditem|p2a: Merry Berry|Sitrus Berry|[eat]
|-heal|p2a: Merry Berry|40/100|[from] item: Sitrus Berry
|move|p2a: Merry Berry|Flare Blitz|p1a: Staraptor
|-damage|p1a: Staraptor|0 fnt
|faint|p1a: Staraptor
|-damage|p2a: Merry Berry|35/100|[from] Recoil
|
|upkeep
|
|t:|1784877166
|switch|p2b: Bartholomews|Hydreigon, L50, M|77/100
|turn|9
|
|t:|1784877174
|move|p2b: Bartholomews|Dark Pulse|p1b: Milotic
|-damage|p1b: Milotic|32/100
|move|p1b: Milotic|Ice Beam|p2b: Bartholomews
|-supereffective|p2b: Bartholomews|1
|-damage|p2b: Bartholomews|30/100
|move|p2a: Merry Berry|Darkest Lariat|p1b: Milotic
|-damage|p1b: Milotic|1/100
|
|upkeep
|turn|10
|-message|poison mouse forfeited.
|
|win|efwefwefwefweifier
||poison mouse is ready for game 3.
|inactive|efwefwefwefweifier has 30 seconds to confirm battle start!
||efwefwefwefweifier is ready for game 3.
|uhtml|next|Next: Game 3 of 3
