|j|☆SeeYouInSf
|j|☆yassineVGC
|html|SeeYouInSfyassineVGC    
|uhtml|bestof|Game 2 of a best-of-3
|t:|1756241615
|gametype|doubles
|player|p1|SeeYouInSf|unknown|1205
|player|p2|yassineVGC|hilbert|1090
|gen|9
|tier|[Gen 9] VGC 2025 Reg H (Bo3)
|rated|
|rule|Species Clause: Limit one of each Pokémon
|rule|Item Clause: Limit 1 of each item
|clearpoke
|poke|p1|Grimmsnarl, L50, M|
|poke|p1|Gholdengo, L50|
|poke|p1|Porygon2, L50|
|poke|p1|Incineroar, L50, F|
|poke|p1|Ursaluna, L50, M|
|poke|p1|Tyranitar, L50, F|
|poke|p2|Yanmega, L50, F|
|poke|p2|Samurott-Hisui, L50, M|
|poke|p2|Garchomp, L50, M|
|poke|p2|Ninetales-Alola, L50, F|
|poke|p2|Sneasler, L50, M|
|poke|p2|Volcarona, L50, F|
|teampreview|4
|showteam|p1|Grimmsnarl||LightClay|Prankster|SpiritBreak,Reflect,LightScreen,Taunt|||M|||50|,,,,,Steel]Gholdengo||LifeOrb|GoodasGold|MakeItRain,ShadowBall,NastyPlot,Protect||||||50|,,,,,Dragon]Porygon2||Eviolite|Download|TeraBlast,TrickRoom,Recover,IceBeam||||||50|,,,,,Fighting]Incineroar||SafetyGoggles|Intimidate|PartingShot,KnockOff,FlareBlitz,FakeOut|||F|||50|,,,,,Ghost]Ursaluna||FlameOrb|Guts|Facade,HeadlongRush,Substitute,Protect|||M|||50|,,,,,Ghost]Tyranitar||AssaultVest|SandStream|LowKick,TeraBlast,RockSlide,KnockOff|||F|||50|,,,,,Fairy
|showteam|p2|Yanmega||FocusSash|SpeedBoost|Detect,Tailwind,AirSlash,BugBuzz|||F|||50|,,,,,Ghost]Samurott-Hisui||AssaultVest|Sharpness|SuckerPunch,AquaCutter,KnockOff,SacredSword|||M|||50|,,,,,Bug]Garchomp||LifeOrb|RoughSkin|Protect,Earthquake,StompingTantrum,DragonClaw|||M|||50|,,,,,Ground]Ninetales-Alola||CovertCloak|SnowWarning|Blizzard,FreezeDry,IcyWind,Encore|||F|||50|,,,,,Fire]Sneasler||WhiteHerb|Unburden|DireClaw,CloseCombat,Protect|||M|||50|,,,,,Stellar]Volcarona||SafetyGoggles|FlameBody|RagePowder,QuiverDance,TeraBlast,HeatWave|||F|||50|,,,,,Fairy
|inactive|Battle timer is ON: inactive players will automatically lose when time's up. (requested by SeeYouInSf)
|inactive|yassineVGC also wants the timer to be on.
|inactive|yassineVGC has 60 seconds left.
|
|t:|1756241646
|teamsize|p1|4
|teamsize|p2|4
|start
|switch|p1a: Grimmsnarl|Grimmsnarl, L50, M|100/100
|switch|p1b: Tyranitar|Tyranitar, L50, F|100/100
|switch|p2a: Samurott|Samurott-Hisui, L50, M|100/100
|switch|p2b: Sneasler|Sneasler, L50, M|100/100
|-weather|Sandstorm|[from] ability: Sand Stream|[of] p1b: Tyranitar
|turn|1
|
|t:|1756241669
|-terastallize|p1b: Tyranitar|Fairy
|move|p1a: Grimmsnarl|Reflect|p1a: Grimmsnarl
|-sidestart|p1: SeeYouInSf|Reflect
|move|p2b: Sneasler|Dire Claw|p1b: Tyranitar
|-supereffective|p1b: Tyranitar
|-damage|p1b: Tyranitar|56/100
|-status|p1b: Tyranitar|psn
|move|p2a: Samurott|Sacred Sword|p1b: Tyranitar
|-resisted|p1b: Tyranitar
|-crit|p1b: Tyranitar
|-damage|p1b: Tyranitar|30/100 psn
|move|p1b: Tyranitar|Rock Slide|p2a: Samurott|[spread] p2a,p2b
|-crit|p2a: Samurott
|-resisted|p2b: Sneasler
|-damage|p2a: Samurott|47/100
|-damage|p2b: Sneasler|79/100
|
|-weather|Sandstorm|[upkeep]
|-damage|p2b: Sneasler|73/100|[from] Sandstorm
|-damage|p2a: Samurott|41/100|[from] Sandstorm
|-damage|p1b: Tyranitar|24/100 psn|[from] Sandstorm
|-damage|p1a: Grimmsnarl|95/100|[from] Sandstorm
|-damage|p1b: Tyranitar|12/100 psn|[from] psn
|upkeep
|turn|2
|inactive|SeeYouInSf has 30 seconds left.
|inactive|yassineVGC has 30 seconds left.
|inactive|SeeYouInSf has 20 seconds left.
|
|t:|1756241706
|switch|p1b: Gholdengo|Gholdengo, L50|100/100
|-terastallize|p2b: Sneasler|Stellar
|move|p2b: Sneasler|Dire Claw|p1a: Grimmsnarl
|-supereffective|p1a: Grimmsnarl
|-damage|p1a: Grimmsnarl|19/100
|-status|p1a: Grimmsnarl|par
|move|p2a: Samurott|Knock Off|p1b: Gholdengo
|-supereffective|p1b: Gholdengo
|-damage|p1b: Gholdengo|37/100
|-enditem|p1b: Gholdengo|Life Orb|[from] move: Knock Off|[of] p2a: Samurott
|move|p1a: Grimmsnarl|Spirit Break|p2a: Samurott
|-supereffective|p2a: Samurott
|-damage|p2a: Samurott|0 fnt
|faint|p2a: Samurott
|
|-weather|Sandstorm|[upkeep]
|-damage|p2b: Sneasler|67/100|[from] Sandstorm
|-damage|p1a: Grimmsnarl|13/100 par|[from] Sandstorm
|upkeep
|
|t:|1756241725
|switch|p2a: Volcarona|Volcarona, L50, F|100/100
|turn|3
|inactive|SeeYouInSf has 30 seconds left.
|inactive|yassineVGC has 30 seconds left.
|
|t:|1756241752
|move|p1b: Gholdengo|Protect|p1b: Gholdengo
|-singleturn|p1b: Gholdengo|Protect
|move|p1a: Grimmsnarl|Taunt|p2a: Volcarona
|-start|p2a: Volcarona|move: Taunt
|move|p2b: Sneasler|Dire Claw|p1a: Grimmsnarl
|-supereffective|p1a: Grimmsnarl
|-damage|p1a: Grimmsnarl|0 fnt
|faint|p1a: Grimmsnarl
|cant|p2a: Volcarona|move: Taunt|Quiver Dance
|
|-weather|Sandstorm|[upkeep]
|-damage|p2b: Sneasler|60/100|[from] Sandstorm
|upkeep
|
|t:|1756241767
|switch|p1a: Ursaluna|Ursaluna, L50, M|100/100
|turn|4
|
|t:|1756241779
|switch|p2b: Ninetales|Ninetales-Alola, L50, F|100/100
|-weather|Snowscape|[from] ability: Snow Warning|[of] p2b: Ninetales
|move|p1a: Ursaluna|Protect|p1a: Ursaluna
|-singleturn|p1a: Ursaluna|Protect
|move|p1b: Gholdengo|Make It Rain|p2b: Ninetales|[spread] p2a,p2b
|-resisted|p2a: Volcarona
|-supereffective|p2b: Ninetales
|-damage|p2a: Volcarona|80/100
|-damage|p2b: Ninetales|0 fnt
|-unboost|p1b: Gholdengo|spa|1
|faint|p2b: Ninetales
|move|p2a: Volcarona|Heat Wave|p1a: Ursaluna|[spread] p1b
|-activate|p1a: Ursaluna|move: Protect
|-supereffective|p1b: Gholdengo
|-damage|p1b: Gholdengo|0 fnt
|faint|p1b: Gholdengo
|
|-weather|Snowscape|[upkeep]
|-status|p1a: Ursaluna|brn|[from] item: Flame Orb
|upkeep
|
|t:|1756241797
|switch|p2b: Sneasler|Sneasler, L50, M, tera:Stellar|60/100
|switch|p1b: Tyranitar|Tyranitar, L50, F, tera:Fairy|12/100 psn
|-weather|Sandstorm|[from] ability: Sand Stream|[of] p1b: Tyranitar
|turn|5
|inactive|yassineVGC has 30 seconds left.
|
|t:|1756241825
|move|p2b: Sneasler|Close Combat|p1a: Ursaluna
|-supereffective|p1a: Ursaluna
|-damage|p1a: Ursaluna|19/100 brn
|-unboost|p2b: Sneasler|def|1
|-unboost|p2b: Sneasler|spd|1
|-enditem|p2b: Sneasler|White Herb
|-clearnegativeboost|p2b: Sneasler|[silent]
|move|p2a: Volcarona|Heat Wave|p1a: Ursaluna|[spread] p1a,p1b
|-damage|p1a: Ursaluna|0 fnt
|-damage|p1b: Tyranitar|0 fnt
|faint|p1a: Ursaluna
|faint|p1b: Tyranitar
|
|win|yassineVGC
||SeeYouInSf is ready for game 3.
|inactive|yassineVGC has 30 seconds to confirm battle start!
||yassineVGC is ready for game 3.
|uhtml|next|Next: Game 3 of 3
|l|☆yassineVGC
|player|p2|
