|j|☆lettitripppp
|j|☆Diamondscyther
|html|lettitrippppDiamondscyther    
|uhtml|bestof|Game 2 of a best-of-3
|t:|1784229745
|gametype|doubles
|player|p1|lettitripppp|lucas|1243
|player|p2|Diamondscyther|larry|1134
|gen|9
|tier|[Gen 9 Champions] VGC 2026 Reg M-B (Bo3)
|rated|
|rule|Species Clause: Limit one of each Pokémon
|rule|Item Clause: Limit 1 of each item
|clearpoke
|poke|p1|Aerodactyl, L50, F|
|poke|p1|Charizard, L50, F|
|poke|p1|Farigiraf, L50, F|
|poke|p1|Garchomp, L50, M|
|poke|p1|Sylveon, L50, M|
|poke|p1|Kingambit, L50, F|
|poke|p2|Tyranitar, L50, M|
|poke|p2|Excadrill, L50, M|
|poke|p2|Milotic, L50, F|
|poke|p2|Gholdengo, L50|
|poke|p2|Sinistcha, L50|
|poke|p2|Staraptor, L50, M|
|teampreview|4
|showteam|p1|Aerodactyl||Aerodactylite|Unnerve|DualWingbeat,RockSlide,Tailwind,IceFang|Jolly||F|||50|]Charizard||CharizarditeY|Blaze|WeatherBall,SolarBeam,HeatWave,Protect|Modest||F|||50|]Farigiraf||SitrusBerry|ArmorTail|Thunderbolt,TrickRoom,TwinBeam,Roar|Calm||F|||50|]Garchomp||LifeOrb|RoughSkin|StompingTantrum,DragonClaw,Earthquake,Protect|Jolly||M|||50|]Sylveon||FairyFeather|Pixilate|QuickAttack,HyperBeam,HyperVoice,Detect|Modest||M|||50|]Kingambit||FocusSash|Defiant|KowtowCleave,SuckerPunch,IronHead,LowKick|Adamant||F|||50|
|showteam|p2|Tyranitar||Tyranitarite|SandStream|KnockOff,RockSlide,HighHorsepower,Protect|Jolly||M|||50|]Excadrill||FocusSash|SandRush|HighHorsepower,IronHead,RockSlide,Protect|Jolly||M|||50|]Milotic||SitrusBerry|Competitive|Scald,IcyWind,Haze,Protect|Calm||F|||50|]Gholdengo||LifeOrb|GoodasGold|MakeItRain,ShadowBall,NastyPlot,Protect|Modest|||||50|]Sinistcha||ColburBerry|Hospitality|MatchaGotcha,ShadowBall,Protect,RagePowder|Bold|||||50|]Staraptor||Staraptite|Intimidate|CloseCombat,BraveBird,Tailwind,Protect|Jolly||M|||50|
|inactive|Battle timer is ON: inactive players will automatically lose when time's up. (requested by Diamondscyther)
|inactive|lettitripppp also wants the timer to be on.
|
|t:|1784229760
|teamsize|p1|4
|teamsize|p2|4
|start
|switch|p1a: MAGICAL NECK|Farigiraf, L50, F|100/100
|switch|p1b: GENERAL BLADUS|Kingambit, L50, F|100/100
|switch|p2a: Tyranitar|Tyranitar, L50, M|100/100
|switch|p2b: Milotic|Milotic, L50, F|100/100
|-weather|Sandstorm|[from] ability: Sand Stream|[of] p2a: Tyranitar
|turn|1
|inactive|Diamondscyther has 30 seconds left.
|inactive|Diamondscyther has 20 seconds left.
|
|t:|1784229800
|detailschange|p2a: Tyranitar|Tyranitar-Mega, L50, M
|-mega|p2a: Tyranitar|Tyranitar|Tyranitarite
|move|p2a: Tyranitar|High Horsepower|p1b: GENERAL BLADUS
|-supereffective|p1b: GENERAL BLADUS|1
|-damage|p1b: GENERAL BLADUS|36/100
|move|p2b: Milotic|Scald|p1b: GENERAL BLADUS
|-damage|p1b: GENERAL BLADUS|3/100
|-status|p1b: GENERAL BLADUS|brn
|move|p1b: GENERAL BLADUS|Low Kick|p2a: Tyranitar
|-supereffective|p2a: Tyranitar|2
|-crit|p2a: Tyranitar
|-damage|p2a: Tyranitar|0 fnt
|faint|p2a: Tyranitar
|move|p1a: MAGICAL NECK|Trick Room|p1a: MAGICAL NECK
|-fieldstart|move: Trick Room|[of] p1a: MAGICAL NECK
|
|-weather|Sandstorm|[upkeep]
|-damage|p1a: MAGICAL NECK|94/100|[from] Sandstorm
|-damage|p2b: Milotic|94/100|[from] Sandstorm
|-damage|p1b: GENERAL BLADUS|0 fnt|[from] brn
|faint|p1b: GENERAL BLADUS
|upkeep
|
|t:|1784229817
|switch|p1b: PIKU BEAM|Sylveon, L50, M|100/100
|switch|p2a: Gholdengo|Gholdengo, L50|100/100
|turn|2
|inactive|Diamondscyther has 30 seconds left.
|
|t:|1784229845
|move|p1b: PIKU BEAM|Hyper Beam|p2a: Gholdengo
|-resisted|p2a: Gholdengo|1
|-damage|p2a: Gholdengo|53/100
|-mustrecharge|p1b: PIKU BEAM
|move|p2a: Gholdengo|Nasty Plot|p2a: Gholdengo
|-boost|p2a: Gholdengo|spa|2
|move|p2b: Milotic|Scald|p1a: MAGICAL NECK
|-damage|p1a: MAGICAL NECK|69/100
|-status|p1a: MAGICAL NECK|brn
|move|p1a: MAGICAL NECK|Roar|p1b: PIKU BEAM
|drag|p1b: AGNI|Charizard, L50, F|100/100
|
|-weather|Sandstorm|[upkeep]
|-damage|p1a: MAGICAL NECK|63/100 brn|[from] Sandstorm
|-damage|p2b: Milotic|88/100|[from] Sandstorm
|-damage|p1b: AGNI|94/100|[from] Sandstorm
|-damage|p1a: MAGICAL NECK|57/100 brn|[from] brn
|upkeep
|turn|3
|inactive|lettitripppp has 30 seconds left.
|inactive|Diamondscyther has 30 seconds left.
|inactive|Diamondscyther has 20 seconds left.
|
|t:|1784229881
|detailschange|p1b: AGNI|Charizard-Mega-Y, L50, F
|-mega|p1b: AGNI|Charizard|Charizardite Y
|-weather|SunnyDay|[from] ability: Drought|[of] p1b: AGNI
|move|p1a: MAGICAL NECK|Thunderbolt|p2b: Milotic
|-supereffective|p2b: Milotic|1
|-damage|p2b: Milotic|57/100
|move|p2a: Gholdengo|Make It Rain|p1b: AGNI|[spread] p1a,p1b
|-resisted|p1b: AGNI|1
|-damage|p1a: MAGICAL NECK|0 fnt
|-damage|p1b: AGNI|41/100
|-unboost|p2a: Gholdengo|spa|2
|faint|p1a: MAGICAL NECK
|-damage|p2a: Gholdengo|43/100|[from] item: Life Orb
|move|p2b: Milotic|Scald|p1b: AGNI
|-supereffective|p1b: AGNI|1
|-damage|p1b: AGNI|16/100
|move|p1b: AGNI|Heat Wave|p2b: Milotic|[spread] p2a,p2b
|-supereffective|p2a: Gholdengo|1
|-resisted|p2b: Milotic|1
|-damage|p2a: Gholdengo|0 fnt
|-damage|p2b: Milotic|34/100
|-enditem|p2b: Milotic|Sitrus Berry|[eat]
|-heal|p2b: Milotic|59/100|[from] item: Sitrus Berry
|faint|p2a: Gholdengo
|
|-weather|SunnyDay|[upkeep]
|upkeep
|
|t:|1784229898
|switch|p1a: PIKU BEAM|Sylveon, L50, M|100/100
|switch|p2a: Sinistcha|Sinistcha, L50|100/100
|-heal|p2b: Milotic|84/100|[from] ability: Hospitality|[of] p2a: Sinistcha
|turn|4
|inactive|Diamondscyther has 30 seconds left.
|
|t:|1784229926
|move|p2b: Milotic|Protect|p2b: Milotic
|-singleturn|p2b: Milotic|Protect
|move|p2a: Sinistcha|Shadow Ball|p1b: AGNI
|-damage|p1b: AGNI|0 fnt
|faint|p1b: AGNI
|move|p1a: PIKU BEAM|Hyper Beam|p2a: Sinistcha
|-damage|p2a: Sinistcha|0 fnt
|-mustrecharge|p1a: PIKU BEAM
|faint|p2a: Sinistcha
|
|-weather|SunnyDay|[upkeep]
|upkeep
|turn|5
|
|t:|1784229939
|cant|p1a: PIKU BEAM|recharge
|move|p2b: Milotic|Scald|p1a: PIKU BEAM
|-damage|p1a: PIKU BEAM|90/100
|
|-weather|SunnyDay|[upkeep]
|-fieldend|move: Trick Room
|upkeep
|turn|6
|
|t:|1784229946
|move|p2b: Milotic|Protect|p2b: Milotic
|-singleturn|p2b: Milotic|Protect
|move|p1a: PIKU BEAM|Hyper Voice|p2b: Milotic
|-activate|p2b: Milotic|move: Protect
|
|-weather|SunnyDay|[upkeep]
|upkeep
|turn|7
|
|t:|1784229951
|move|p2b: Milotic|Scald|p1a: PIKU BEAM
|-damage|p1a: PIKU BEAM|81/100
|move|p1a: PIKU BEAM|Hyper Voice|p2b: Milotic
|-damage|p2b: Milotic|39/100
|
|-weather|none
|upkeep
|turn|8
|-message|Diamondscyther forfeited.
|
|win|lettitripppp
|raw|lettitripppp's rating: 1243 → 1260(+17 for winning)
|raw|Diamondscyther's rating: 1134 → 1117(-17 for losing)
|l|☆Diamondscyther
|player|p2|
|c|☆lettitripppp|GG
