|j|☆NatRus3
|j|☆flight30flight4
|html|NatRus3flight30flight4    
|uhtml|bestof|Game 2 of a best-of-3
|t:|1757830492
|gametype|doubles
|player|p1|NatRus3|2|1104
|player|p2|flight30flight4|2|1208
|gen|9
|tier|[Gen 9] VGC 2025 Reg H (Bo3)
|rated|
|rule|Species Clause: Limit one of each Pokémon
|rule|Item Clause: Limit 1 of each item
|clearpoke
|poke|p1|Pelipper, L50, F|
|poke|p1|Archaludon, L50, F|
|poke|p1|Flamigo, L50, F|
|poke|p1|Basculegion, L50, M|
|poke|p1|Incineroar, L50, F|
|poke|p1|Whimsicott, L50, F|
|poke|p2|Ursaluna-Bloodmoon, L50, M|
|poke|p2|Rillaboom, L50, M|
|poke|p2|Porygon2, L50|
|poke|p2|Sneasler, L50, M|
|poke|p2|Pelipper, L50, M|
|poke|p2|Archaludon, L50, F|
|teampreview|4
|showteam|p1|Pelipper||FocusSash|Drizzle|MuddyWater,Hurricane,WideGuard,Protect|||F|||50|,,,,,Ghost]Archaludon||AssaultVest|Stamina|ElectroShot,DragonPulse,FlashCannon,BodyPress|||F|||50|,,,,,Fairy]Flamigo||ClearAmulet|Scrappy|CloseCombat,BraveBird,Feint,Protect|||F|||50|,,,,,Ghost]Basculegion||LifeOrb|SwiftSwim|AquaJet,LastRespects,WaveCrash,Protect|||M|||50|,,,,,Water]Incineroar||RockyHelmet|Intimidate|FakeOut,KnockOff,FlareBlitz,HelpingHand|||F|||50|,,,,,Grass]Whimsicott||CovertCloak|Prankster|Tailwind,Encore,BeatUp,Moonblast|||F|||50|,,,,,Flying
|showteam|p2|Ursaluna-Bloodmoon||AssaultVest|MindsEye|BloodMoon,EarthPower,HyperVoice,VacuumWave|||M|||50|,,,,,Grass]Rillaboom||LoadedDice|GrassySurge|GrassyGlide,BulletSeed,Uturn,FakeOut|||M|||50|,,,,,Fire]Porygon2||Eviolite|Download|TeraBlast,IceBeam,Recover,TrickRoom||||||50|,,,,,Ghost]Sneasler||GrassySeed|Unburden|DireClaw,CloseCombat,Protect,Acrobatics|||M|||50|,,,,,Flying]Pelipper||FocusSash|Drizzle|WeatherBall,Hurricane,Tailwind,Protect|||M|||50|,,,,,Ghost]Archaludon||PowerHerb|Stamina|ElectroShot,BodyPress,DragonPulse,Protect|||F|||50|,,,,,Bug
|inactive|Battle timer is ON: inactive players will automatically lose when time's up. (requested by NatRus3)
|
|t:|1757830519
|teamsize|p1|4
|teamsize|p2|4
|start
|switch|p1a: Incineroar|Incineroar, L50, F|100/100
|switch|p1b: Flamigo|Flamigo, L50, F|100/100
|switch|p2a: Rillaboom|Rillaboom, L50, M|100/100
|switch|p2b: Archaludon|Archaludon, L50, F|100/100
|-fieldstart|move: Grassy Terrain|[from] ability: Grassy Surge|[of] p2a: Rillaboom
|-ability|p1a: Incineroar|Intimidate|boost
|-unboost|p2a: Rillaboom|atk|1
|-unboost|p2b: Archaludon|atk|1
|turn|1
|inactive|NatRus3 has 30 seconds left.
|inactive|flight30flight4 has 30 seconds left.
|inactive|NatRus3 has 20 seconds left.
|inactive|flight30flight4 has 20 seconds left.
|inactive|flight30flight4 has 15 seconds left.
|inactive|NatRus3 has 15 seconds left.
|
|t:|1757830569
|-terastallize|p1b: Flamigo|Ghost
|move|p2b: Archaludon|Protect|p2b: Archaludon
|-singleturn|p2b: Archaludon|Protect
|move|p2a: Rillaboom|U-turn|p1a: Incineroar
|-damage|p1a: Incineroar|84/100
|-damage|p2a: Rillaboom|84/100|[from] item: Rocky Helmet|[of] p1a: Incineroar
|
|t:|1757830577
|switch|p2a: Porygon2|Porygon2, L50|100/100|[from] U-turn
|-ability|p2a: Porygon2|Download|boost
|-boost|p2a: Porygon2|spa|1
|move|p1b: Flamigo|Brave Bird|p2a: Porygon2
|-damage|p2a: Porygon2|68/100
|-damage|p1b: Flamigo|88/100|[from] Recoil
|move|p1a: Incineroar|Knock Off|p2a: Porygon2
|-damage|p2a: Porygon2|40/100
|-enditem|p2a: Porygon2|Eviolite|[from] move: Knock Off|[of] p1a: Incineroar
|
|-heal|p1b: Flamigo|94/100|[from] Grassy Terrain
|-heal|p1a: Incineroar|90/100|[from] Grassy Terrain
|-heal|p2a: Porygon2|46/100|[from] Grassy Terrain
|upkeep
|turn|2
|inactive|flight30flight4 has 30 seconds left.
|
|t:|1757830610
|-terastallize|p2b: Archaludon|Bug
|move|p1a: Incineroar|Helping Hand|p1b: Flamigo
|-singleturn|p1b: Flamigo|Helping Hand|[of] p1a: Incineroar
|move|p1b: Flamigo|Close Combat|p2b: Archaludon
|-resisted|p2b: Archaludon
|-damage|p2b: Archaludon|70/100
|-unboost|p1b: Flamigo|def|1
|-unboost|p1b: Flamigo|spd|1
|-ability|p2b: Archaludon|Stamina|boost
|-boost|p2b: Archaludon|def|1
|move|p2b: Archaludon|Electro Shot||[still]
|-prepare|p2b: Archaludon|Electro Shot
|-boost|p2b: Archaludon|spa|1
|-enditem|p2b: Archaludon|Power Herb
|-anim|p2b: Archaludon|Electro Shot|p1b: Flamigo
|-damage|p1b: Flamigo|0 fnt
|faint|p1b: Flamigo
|move|p2a: Porygon2|Trick Room|p2a: Porygon2
|-fieldstart|move: Trick Room|[of] p2a: Porygon2
|
|-heal|p2a: Porygon2|52/100|[from] Grassy Terrain
|-heal|p1a: Incineroar|96/100|[from] Grassy Terrain
|-heal|p2b: Archaludon|75/100|[from] Grassy Terrain
|upkeep
|
|t:|1757830631
|switch|p1b: Archaludon|Archaludon, L50, F|100/100
|turn|3
|
|t:|1757830649
|move|p2a: Porygon2|Tera Blast|p1a: Incineroar
|-damage|p1a: Incineroar|51/100
|move|p1a: Incineroar|Flare Blitz|p2b: Archaludon
|-supereffective|p2b: Archaludon
|-damage|p2b: Archaludon|11/100
|-status|p2b: Archaludon|brn
|-ability|p2b: Archaludon|Stamina|boost
|-boost|p2b: Archaludon|def|1
|-damage|p1a: Incineroar|30/100|[from] Recoil
|move|p2b: Archaludon|Body Press|p1a: Incineroar
|-supereffective|p1a: Incineroar
|-damage|p1a: Incineroar|0 fnt
|-damage|p2b: Archaludon|0 fnt|[from] item: Rocky Helmet|[of] p1a: Incineroar
|faint|p1a: Incineroar
|faint|p2b: Archaludon
|move|p1b: Archaludon|Dragon Pulse|p2a: Porygon2
|-damage|p2a: Porygon2|9/100
|
|-heal|p2a: Porygon2|16/100|[from] Grassy Terrain
|upkeep
|
|t:|1757830668
|switch|p1a: Pelipper|Pelipper, L50, F|100/100
|switch|p2b: Ursaluna|Ursaluna-Bloodmoon, L50, M|100/100
|-weather|RainDance|[from] ability: Drizzle|[of] p1a: Pelipper
|turn|4
|inactive|NatRus3 has 30 seconds left.
|inactive|flight30flight4 has 30 seconds left.
|
|t:|1757830701
|switch|p2b: Rillaboom|Rillaboom, L50, M|84/100
|move|p1a: Pelipper|Protect|p1a: Pelipper
|-singleturn|p1a: Pelipper|Protect
|move|p2a: Porygon2|Recover|p2a: Porygon2
|-heal|p2a: Porygon2|66/100
|move|p1b: Archaludon|Dragon Pulse|p2a: Porygon2
|-damage|p2a: Porygon2|23/100
|
|-weather|RainDance|[upkeep]
|-heal|p2a: Porygon2|30/100|[from] Grassy Terrain
|-heal|p2b: Rillaboom|90/100|[from] Grassy Terrain
|upkeep
|turn|5
|inactive|NatRus3 has 30 seconds left.
|inactive|flight30flight4 has 30 seconds left.
|inactive|flight30flight4 has 20 seconds left.
|inactive|flight30flight4 has 15 seconds left.
|inactive|flight30flight4 has 10 seconds left.
|
|t:|1757830751
|move|p2b: Rillaboom|Fake Out|p1a: Pelipper
|-damage|p1a: Pelipper|87/100
|move|p2a: Porygon2|Tera Blast|p1b: Archaludon
|-resisted|p1b: Archaludon
|-damage|p1b: Archaludon|78/100
|-ability|p1b: Archaludon|Stamina|boost
|-boost|p1b: Archaludon|def|1
|cant|p1a: Pelipper|flinch
|move|p1b: Archaludon|Electro Shot||[still]
|-prepare|p1b: Archaludon|Electro Shot
|-boost|p1b: Archaludon|spa|1
|-anim|p1b: Archaludon|Electro Shot|p2a: Porygon2
|-damage|p2a: Porygon2|0 fnt
|faint|p2a: Porygon2
|
|-weather|RainDance|[upkeep]
|-heal|p1b: Archaludon|84/100|[from] Grassy Terrain
|-heal|p2b: Rillaboom|96/100|[from] Grassy Terrain
|-fieldend|move: Grassy Terrain
|upkeep
|
|t:|1757830756
|switch|p2a: Ursaluna|Ursaluna-Bloodmoon, L50, M|100/100
|turn|6
|inactive|NatRus3 has 30 seconds left.
|inactive|flight30flight4 has 30 seconds left.
|inactive|flight30flight4 has 20 seconds left.
|
|t:|1757830794
|move|p2a: Ursaluna|Blood Moon|p1b: Archaludon
|-resisted|p1b: Archaludon
|-damage|p1b: Archaludon|50/100
|-ability|p1b: Archaludon|Stamina|boost
|-boost|p1b: Archaludon|def|1
|move|p1a: Pelipper|Muddy Water|p2b: Rillaboom|[spread] p2b
|-miss|p1a: Pelipper|p2a: Ursaluna
|-resisted|p2b: Rillaboom
|-damage|p2b: Rillaboom|74/100
|move|p1b: Archaludon|Dragon Pulse|p2a: Ursaluna
|-damage|p2a: Ursaluna|51/100
|move|p2b: Rillaboom|Bullet Seed|p1a: Pelipper
|-damage|p1a: Pelipper|74/100
|-damage|p1a: Pelipper|61/100
|-damage|p1a: Pelipper|48/100
|-damage|p1a: Pelipper|36/100
|-hitcount|p1a: Pelipper|4
|
|-weather|RainDance|[upkeep]
|-fieldend|move: Trick Room
|upkeep
|turn|7
|
|t:|1757830818
|move|p2a: Ursaluna|Vacuum Wave|p1a: Pelipper
|-resisted|p1a: Pelipper
|-damage|p1a: Pelipper|26/100
|move|p2b: Rillaboom|Grassy Glide|p1a: Pelipper
|-damage|p1a: Pelipper|0 fnt
|faint|p1a: Pelipper
|move|p1b: Archaludon|Dragon Pulse|p2a: Ursaluna
|-damage|p2a: Ursaluna|0 fnt
|faint|p2a: Ursaluna
|
|-weather|RainDance|[upkeep]
|upkeep
|turn|8
|
|t:|1757830831
|move|p2b: Rillaboom|Bullet Seed|p1b: Archaludon
|-resisted|p1b: Archaludon
|-damage|p1b: Archaludon|49/100
|-ability|p1b: Archaludon|Stamina|boost
|-boost|p1b: Archaludon|def|1
|-resisted|p1b: Archaludon
|-damage|p1b: Archaludon|48/100
|-ability|p1b: Archaludon|Stamina|boost
|-boost|p1b: Archaludon|def|1
|-resisted|p1b: Archaludon
|-damage|p1b: Archaludon|47/100
|-ability|p1b: Archaludon|Stamina|boost
|-boost|p1b: Archaludon|def|1
|-resisted|p1b: Archaludon
|-damage|p1b: Archaludon|47/100
|-ability|p1b: Archaludon|Stamina|boost
|-boost|p1b: Archaludon|def|1
|-hitcount|p1b: Archaludon|4
|move|p1b: Archaludon|Body Press|p2b: Rillaboom
|-damage|p2b: Rillaboom|0 fnt
|faint|p2b: Rillaboom
|
|win|NatRus3
||flight30flight4 is ready for game 3.
|l|☆flight30flight4
|player|p2|
|inactive|NatRus3 has 30 seconds to confirm battle start!
||NatRus3 is ready for game 3.
|uhtml|next|Next: Game 3 of 3
