|j|☆Zoro92
|j|☆lux raymundi
|html|Zoro92lux raymundi    
|uhtml|bestof|Game 2 of a best-of-3
|t:|1783899109
|gametype|doubles
|player|p1|Zoro92|janine|1296
|player|p2|lux raymundi|102|1342
|gen|9
|tier|[Gen 9 Champions] VGC 2026 Reg M-B (Bo3)
|rated|
|rule|Species Clause: Limit one of each Pokémon
|rule|Item Clause: Limit 1 of each item
|clearpoke
|poke|p1|Charizard, L50, M|
|poke|p1|Floette-Eternal, L50, F|
|poke|p1|Whimsicott, L50, M|
|poke|p1|Garchomp, L50, M|
|poke|p1|Incineroar, L50, M|
|poke|p1|Farigiraf, L50, F|
|poke|p2|Sneasler, L50, M|
|poke|p2|Blastoise, L50, M|
|poke|p2|Kingambit, L50, M|
|poke|p2|Incineroar, L50, M|
|poke|p2|Delphox, L50, F|
|poke|p2|Sinistcha, L50|
|teampreview|4
|showteam|p1|Charizard||CharizarditeY|Blaze|HeatWave,WeatherBall,Protect,SolarBeam|Modest||M|||50|]Floette-Eternal||Floettite|FlowerVeil|DrainingKiss,Moonblast,Protect,DazzlingGleam|Modest||F|||50|]Whimsicott||FocusSash|Prankster|Moonblast,HelpingHand,Protect,Tailwind|Modest||M|||50|]Garchomp||LifeOrb|RoughSkin|DragonClaw,StompingTantrum,Protect,RockSlide|Adamant||M|||50|]Incineroar||PasshoBerry|Intimidate|FakeOut,PartingShot,FlareBlitz,DarkestLariat|Adamant||M|||50|]Farigiraf||SitrusBerry|ArmorTail|TwinBeam,Roar,Thunderbolt,TrickRoom|Bold||F|||50|
|showteam|p2|Sneasler||FocusSash|PoisonTouch|PoisonJab,CloseCombat,FakeOut,QuickGuard|Jolly||M|||50|]Blastoise||Blastoisinite|RainDish|DarkPulse,WaterSpout,ShellSmash,Protect|Modest||M|||50|]Kingambit||BlackGlasses|Defiant|KowtowCleave,SuckerPunch,SwordsDance,Protect|Adamant||M|||50|]Incineroar||SitrusBerry|Intimidate|FlareBlitz,HelpingHand,PartingShot,FakeOut|Careful||M|||50|]Delphox||Delphoxite|Blaze|HeatWave,NastyPlot,Psyshock,Protect|Modest||F|||50|]Sinistcha||KasibBerry|Hospitality|MatchaGotcha,RagePowder,TrickRoom,Protect|Bold|||||50|
|
|t:|1783899131
|teamsize|p1|4
|teamsize|p2|4
|start
|switch|p1a: Charizard|Charizard, L50, M|100/100
|switch|p1b: Whimsicott|Whimsicott, L50, M|100/100
|switch|p2a: Sneasler|Sneasler, L50, M|100/100
|switch|p2b: Blastoise|Blastoise, L50, M|100/100
|turn|1
|
|t:|1783899155
|switch|p1b: Farigiraf|Farigiraf, L50, F|100/100
|detailschange|p1a: Charizard|Charizard-Mega-Y, L50, M
|-mega|p1a: Charizard|Charizard|Charizardite Y
|-weather|SunnyDay|[from] ability: Drought|[of] p1a: Charizard
|detailschange|p2b: Blastoise|Blastoise-Mega, L50, M
|-mega|p2b: Blastoise|Blastoise|Blastoisinite
|move|p2a: Sneasler|Fake Out||[still]
|cant|p1b: Farigiraf|ability: Armor Tail|Fake Out|[of] p2a: Sneasler
|move|p1a: Charizard|Solar Beam||[still]
|-prepare|p1a: Charizard|Solar Beam
|-anim|p1a: Charizard|Solar Beam|p2b: Blastoise
|-supereffective|p2b: Blastoise|1
|-damage|p2b: Blastoise|3/100
|move|p2b: Blastoise|Shell Smash|p2b: Blastoise
|-unboost|p2b: Blastoise|def|1
|-unboost|p2b: Blastoise|spd|1
|-boost|p2b: Blastoise|atk|2
|-boost|p2b: Blastoise|spa|2
|-boost|p2b: Blastoise|spe|2
|
|-weather|SunnyDay|[upkeep]
|upkeep
|turn|2
|
|t:|1783899183
|move|p2b: Blastoise|Dark Pulse|p1a: Charizard
|-damage|p1a: Charizard|22/100
|move|p2a: Sneasler|Poison Jab|p1a: Charizard
|-damage|p1a: Charizard|0 fnt
|faint|p1a: Charizard
|move|p1b: Farigiraf|Twin Beam|p2a: Sneasler
|-supereffective|p2a: Sneasler|2
|-damage|p2a: Sneasler|21/100
|-supereffective|p2a: Sneasler|2
|-damage|p2a: Sneasler|0 fnt
|faint|p2a: Sneasler
|-hitcount|p2: Sneasler|2
|
|-weather|SunnyDay|[upkeep]
|upkeep
|
|t:|1783899198
|switch|p2a: Kingambit|Kingambit, L50, M|100/100
|switch|p1a: Garchomp|Garchomp, L50, M|100/100
|turn|3
|
|t:|1783899220
|switch|p2a: Sinistcha|Sinistcha, L50|100/100
|-heal|p2b: Blastoise|27/100|[from] ability: Hospitality|[of] p2a: Sinistcha
|move|p2b: Blastoise|Dark Pulse|p1b: Farigiraf
|-supereffective|p1b: Farigiraf|1
|-damage|p1b: Farigiraf|0 fnt
|faint|p1b: Farigiraf
|move|p1a: Garchomp|Stomping Tantrum|p2a: Sinistcha
|-resisted|p2a: Sinistcha|1
|-damage|p2a: Sinistcha|75/100
|-damage|p1a: Garchomp|90/100|[from] item: Life Orb
|
|-weather|SunnyDay|[upkeep]
|upkeep
|
|t:|1783899233
|switch|p1b: Whimsicott|Whimsicott, L50, M|100/100
|turn|4
|
|t:|1783899241
|move|p1b: Whimsicott|Tailwind|p1b: Whimsicott
|-sidestart|p1: Zoro92|move: Tailwind
|move|p1a: Garchomp|Rock Slide|p2b: Blastoise|[spread] p2a,p2b
|-damage|p2a: Sinistcha|53/100
|-damage|p2b: Blastoise|0 fnt
|faint|p2b: Blastoise
|-damage|p1a: Garchomp|80/100|[from] item: Life Orb
|move|p2a: Sinistcha|Trick Room|p2a: Sinistcha
|-fieldstart|move: Trick Room|[of] p2a: Sinistcha
|
|-weather|SunnyDay|[upkeep]
|upkeep
|
|t:|1783899244
|switch|p2b: Kingambit|Kingambit, L50, M|100/100
|turn|5
|
|t:|1783899276
|move|p2b: Kingambit|Kowtow Cleave|p1a: Garchomp
|-damage|p1a: Garchomp|35/100
|-damage|p2b: Kingambit|87/100|[from] ability: Rough Skin|[of] p1a: Garchomp
|move|p2a: Sinistcha|Matcha Gotcha|p1a: Garchomp|[spread] p1a,p1b
|-resisted|p1b: Whimsicott|1
|-damage|p1a: Garchomp|12/100
|-heal|p2a: Sinistcha|67/100|[from] drain|[of] p1a: Garchomp
|-damage|p1b: Whimsicott|80/100
|-heal|p2a: Sinistcha|75/100|[from] drain|[of] p1b: Whimsicott
|-status|p1b: Whimsicott|brn
|move|p1a: Garchomp|Rock Slide|p2a: Sinistcha|[spread] p2a,p2b
|-resisted|p2b: Kingambit|1
|-damage|p2a: Sinistcha|53/100
|-damage|p2b: Kingambit|79/100
|-damage|p1a: Garchomp|2/100|[from] item: Life Orb
|move|p1b: Whimsicott|Moonblast|p2a: Sinistcha
|-damage|p2a: Sinistcha|16/100
|
|-weather|none
|-damage|p1b: Whimsicott|74/100 brn|[from] brn
|upkeep
|turn|6
|
|t:|1783899308
|move|p1a: Garchomp|Protect|p1a: Garchomp
|-singleturn|p1a: Garchomp|Protect
|move|p2b: Kingambit|Swords Dance|p2b: Kingambit
|-boost|p2b: Kingambit|atk|2
|move|p2a: Sinistcha|Matcha Gotcha|p1a: Garchomp|[spread] p1b
|-activate|p1a: Garchomp|move: Protect
|-resisted|p1b: Whimsicott|1
|-damage|p1b: Whimsicott|54/100 brn
|-heal|p2a: Sinistcha|24/100|[from] drain|[of] p1b: Whimsicott
|move|p1b: Whimsicott|Moonblast|p2b: Kingambit
|-damage|p2b: Kingambit|47/100
|-unboost|p2b: Kingambit|spa|1
|-ability|p2b: Kingambit|Defiant|boost
|-boost|p2b: Kingambit|atk|2
|
|-damage|p1b: Whimsicott|48/100 brn|[from] brn
|upkeep
|turn|7
|-message|Zoro92 forfeited.
|
|win|lux raymundi
|raw|Zoro92's rating: 1296 → 1274(-22 for losing)
|raw|lux raymundi's rating: 1342 → 1359(+17 for winning)
