|j|☆freudianbreath
|j|☆Dinosaur Kingz
|html|freudianbreathDinosaur Kingz    
|uhtml|bestof|Game 1 of a best-of-3
|t:|1784565241
|gametype|doubles
|player|p1|freudianbreath|1|1075
|player|p2|Dinosaur Kingz|101|1159
|gen|9
|tier|[Gen 9 Champions] VGC 2026 Reg M-B (Bo3)
|rated|
|rule|Species Clause: Limit one of each Pokémon
|rule|Item Clause: Limit 1 of each item
|clearpoke
|poke|p1|Raichu, L50, M|
|poke|p1|Basculegion, L50, M|
|poke|p1|Charizard, L50, F|
|poke|p1|Whimsicott, L50, F|
|poke|p1|Kingambit, L50, F|
|poke|p1|Ninetales-Alola, L50, M|
|poke|p2|Sceptile, L50, F|
|poke|p2|Rotom-Heat, L50|
|poke|p2|Pelipper, L50, F|
|poke|p2|Swampert, L50, M|
|poke|p2|Garchomp, L50, M|
|poke|p2|Sinistcha, L50|
|teampreview|4
|showteam|p1|Raichu||RaichuniteY|LightningRod|ZapCannon,FocusBlast,FakeOut,Protect|Bold||M|||50|]Basculegion||ChoiceScarf|Adaptability|WaveCrash,LastRespects,AquaJet,IcyWind|Adamant||M|||50|]Charizard||CharizarditeY|Blaze|HeatWave,WeatherBall,AncientPower,Protect|Timid||F|||50|]Whimsicott||SitrusBerry|Prankster|Moonblast,Encore,Tailwind,Protect|Bold||F|||50|]Kingambit||OccaBerry|Defiant|KowtowCleave,SwordsDance,SuckerPunch,Protect|Adamant||F|||50|]Ninetales-Alola||LifeOrb|SnowWarning|Blizzard,FreezeDry,Encore,Protect|Timid||M|||50|
|showteam|p2|Sceptile||Sceptilite|Overgrow|Protect,EarthPower,DragonPulse,LeafStorm|Timid||F|||50|]Rotom-Heat||ChoiceScarf|Levitate|Trick,Overheat,Discharge,VoltSwitch|Timid|||||50|]Pelipper||FocusSash|Drizzle|Protect,Tailwind,Hurricane,WeatherBall|Bold||F|||50|]Swampert||Swampertite|Damp|Protect,Earthquake,WaveCrash,IcePunch|Adamant||M|||50|]Garchomp||LifeOrb|RoughSkin|Protect,Earthquake,RockSlide,DragonClaw|Jolly||M|||50|]Sinistcha||SitrusBerry|Hospitality|Protect,RagePowder,MatchaGotcha,ShadowBall|Calm|||||50|
|inactive|Battle timer is ON: inactive players will automatically lose when time's up. (requested by Dinosaur Kingz)
|inactive|freudianbreath has 60 seconds left.
|inactive|Dinosaur Kingz has 60 seconds left.
|
|t:|1784565300
|teamsize|p1|4
|teamsize|p2|4
|start
|switch|p1a: Whimsicott|Whimsicott, L50, F|100/100
|switch|p1b: Basculegion|Basculegion, L50, M|100/100
|switch|p2a: Rotom|Rotom-Heat, L50|100/100
|switch|p2b: Swampert|Swampert, L50, M|100/100
|turn|1
|inactive|freudianbreath has 30 seconds left.
|inactive|Dinosaur Kingz has 30 seconds left.
|
|t:|1784565333
|switch|p2a: Sinistcha|Sinistcha, L50|100/100
|move|p1a: Whimsicott|Tailwind|p1a: Whimsicott
|-sidestart|p1: freudianbreath|move: Tailwind
|move|p1b: Basculegion|Icy Wind|p2b: Swampert|[spread] p2a,p2b
|-supereffective|p2a: Sinistcha|1
|-damage|p2a: Sinistcha|87/100
|-damage|p2b: Swampert|92/100
|-unboost|p2a: Sinistcha|spe|1
|-unboost|p2b: Swampert|spe|1
|move|p2b: Swampert|Ice Punch|p1a: Whimsicott
|-supereffective|p1a: Whimsicott|1
|-crit|p1a: Whimsicott
|-damage|p1a: Whimsicott|19/100
|-status|p1a: Whimsicott|frz
|-enditem|p1a: Whimsicott|Sitrus Berry|[eat]
|-heal|p1a: Whimsicott|44/100 frz|[from] item: Sitrus Berry
|
|upkeep
|turn|2
|inactive|freudianbreath has 30 seconds left.
|inactive|freudianbreath has 20 seconds left.
|inactive|freudianbreath has 15 seconds left.
|inactive|freudianbreath has 10 seconds left.
|
|t:|1784565378
|switch|p2b: Rotom|Rotom-Heat, L50|100/100
|move|p1b: Basculegion|Icy Wind|p2a: Sinistcha|[spread] p2a,p2b
|-supereffective|p2a: Sinistcha|1
|-resisted|p2b: Rotom|1
|-damage|p2a: Sinistcha|73/100
|-damage|p2b: Rotom|95/100
|-unboost|p2a: Sinistcha|spe|1
|-unboost|p2b: Rotom|spe|1
|cant|p1a: Whimsicott|frz
|move|p2a: Sinistcha|Matcha Gotcha|p1a: Whimsicott|[spread] p1b
|-miss|p2a: Sinistcha|p1a: Whimsicott
|-supereffective|p1b: Basculegion|1
|-damage|p1b: Basculegion|44/100
|-heal|p2a: Sinistcha|100/100|[from] drain|[of] p1b: Basculegion
|
|upkeep
|turn|3
|
|t:|1784565402
|cant|p1a: Whimsicott|frz
|move|p1b: Basculegion|Icy Wind|p2b: Rotom|[spread] p2a,p2b
|-supereffective|p2a: Sinistcha|1
|-resisted|p2b: Rotom|1
|-damage|p2a: Sinistcha|86/100
|-damage|p2b: Rotom|90/100
|-unboost|p2a: Sinistcha|spe|1
|-unboost|p2b: Rotom|spe|1
|move|p2b: Rotom|Volt Switch|p1b: Basculegion
|-supereffective|p1b: Basculegion|1
|-crit|p1b: Basculegion
|-damage|p1b: Basculegion|0 fnt
|faint|p1b: Basculegion
|
|t:|1784565417
|switch|p2b: Swampert|Swampert, L50, M|92/100|[from] Volt Switch
|move|p2a: Sinistcha|Matcha Gotcha|p1a: Whimsicott
|-resisted|p1a: Whimsicott|1
|-damage|p1a: Whimsicott|22/100 frz
|-heal|p2a: Sinistcha|96/100|[from] drain|[of] p1a: Whimsicott
|-curestatus|p1a: Whimsicott|frz|[msg]
|
|upkeep
|
|t:|1784565428
|switch|p1b: Charizard|Charizard, L50, F|100/100
|turn|4
|
|t:|1784565452
|detailschange|p1b: Charizard|Charizard-Mega-Y, L50, F
|-mega|p1b: Charizard|Charizard|Charizardite Y
|-weather|SunnyDay|[from] ability: Drought|[of] p1b: Charizard
|detailschange|p2b: Swampert|Swampert-Mega, L50, M
|-mega|p2b: Swampert|Swampert|Swampertite
|move|p2a: Sinistcha|Protect|p2a: Sinistcha
|-singleturn|p2a: Sinistcha|Protect
|move|p1a: Whimsicott|Encore|p2a: Sinistcha
|-activate|p2a: Sinistcha|move: Protect
|move|p1b: Charizard|Heat Wave|p2a: Sinistcha|[spread] p2b
|-activate|p2a: Sinistcha|move: Protect
|-resisted|p2b: Swampert|1
|-damage|p2b: Swampert|61/100
|move|p2b: Swampert|Wave Crash|p1b: Charizard
|-supereffective|p1b: Charizard|1
|-damage|p1b: Charizard|0 fnt
|faint|p1b: Charizard
|-damage|p2b: Swampert|35/100|[from] Recoil
|
|-weather|SunnyDay|[upkeep]
|-sideend|p1: freudianbreath|move: Tailwind
|upkeep
|
|t:|1784565468
|switch|p1b: Ninetales|Ninetales-Alola, L50, M|100/100
|-weather|Snowscape|[from] ability: Snow Warning|[of] p1b: Ninetales
|turn|5
|inactive|freudianbreath has 30 seconds left.
|inactive|freudianbreath has 20 seconds left.
|
|t:|1784565505
|switch|p2a: Pelipper|Pelipper, L50, F|100/100
|-weather|RainDance|[from] ability: Drizzle|[of] p2a: Pelipper
|move|p1a: Whimsicott|Tailwind|p1a: Whimsicott
|-sidestart|p1: freudianbreath|move: Tailwind
|move|p1b: Ninetales|Freeze-Dry|p2b: Swampert
|-supereffective|p2b: Swampert|2
|-damage|p2b: Swampert|0 fnt
|faint|p2b: Swampert
|-damage|p1b: Ninetales|90/100|[from] item: Life Orb
|
|-weather|RainDance|[upkeep]
|upkeep
|
|t:|1784565520
|switch|p2b: Rotom|Rotom-Heat, L50|90/100
|turn|6
|inactive|freudianbreath has 30 seconds left.
|inactive|Dinosaur Kingz has 30 seconds left.
|inactive|freudianbreath has 20 seconds left.
|inactive|Dinosaur Kingz has 20 seconds left.
|
|t:|1784565557
|move|p1b: Ninetales|Blizzard|p2b: Rotom|[spread] p2a,p2b
|-resisted|p2b: Rotom|1
|-damage|p2a: Pelipper|40/100
|-damage|p2b: Rotom|62/100
|-damage|p1b: Ninetales|81/100|[from] item: Life Orb
|move|p1a: Whimsicott|Moonblast|p2b: Rotom
|-resisted|p2b: Rotom|1
|-damage|p2b: Rotom|44/100
|move|p2b: Rotom|Volt Switch|p1b: Ninetales
|-damage|p1b: Ninetales|42/100
|
|t:|1784565565
|switch|p2b: Sinistcha|Sinistcha, L50|96/100|[from] Volt Switch
|-heal|p2a: Pelipper|65/100|[from] ability: Hospitality|[of] p2b: Sinistcha
|move|p2a: Pelipper|Tailwind|p2a: Pelipper
|-sidestart|p2: Dinosaur Kingz|move: Tailwind
|
|-weather|RainDance|[upkeep]
|upkeep
|turn|7
|inactive|freudianbreath has 30 seconds left.
|
|t:|1784565591
|move|p1a: Whimsicott|Encore|p2a: Pelipper
|-start|p2a: Pelipper|Encore
|move|p1b: Ninetales|Blizzard|p2b: Sinistcha|[spread] p2b
|-miss|p1b: Ninetales|p2a: Pelipper
|-supereffective|p2b: Sinistcha|1
|-damage|p2b: Sinistcha|26/100
|-enditem|p2b: Sinistcha|Sitrus Berry|[eat]
|-heal|p2b: Sinistcha|51/100|[from] item: Sitrus Berry
|-damage|p1b: Ninetales|32/100|[from] item: Life Orb
|move|p2b: Sinistcha|Matcha Gotcha|p1b: Ninetales|[spread] p1b
|-miss|p2b: Sinistcha|p1a: Whimsicott
|-damage|p1b: Ninetales|4/100
|-heal|p2b: Sinistcha|63/100|[from] drain|[of] p1b: Ninetales
|-status|p1b: Ninetales|brn
|move|p2a: Pelipper|Tailwind||[still]
|-fail|p2a: Pelipper
|
|-weather|RainDance|[upkeep]
|-damage|p1b: Ninetales|0 fnt|[from] brn
|faint|p1b: Ninetales
|upkeep
|turn|8
|
|t:|1784565613
|switch|p2a: Rotom|Rotom-Heat, L50|44/100
|move|p1a: Whimsicott|Moonblast|p2b: Sinistcha
|-damage|p2b: Sinistcha|38/100
|move|p2b: Sinistcha|Shadow Ball|p1a: Whimsicott
|-damage|p1a: Whimsicott|0 fnt
|faint|p1a: Whimsicott
|
|win|Dinosaur Kingz
|inactive|freudianbreath has 30 seconds to confirm battle start!
|inactive|Dinosaur Kingz has 30 seconds to confirm battle start!
||Dinosaur Kingz is ready for game 2.
