|j|☆Monkeydes
|j|☆Zaiistired
|html|MonkeydesZaiistired    
|uhtml|bestof|Game 1 of a best-of-3
|t:|1756264648
|gametype|doubles
|player|p1|Monkeydes|266|1034
|player|p2|Zaiistired|pokemonbreeder-gen4|1026
|gen|9
|tier|[Gen 9] VGC 2025 Reg H (Bo3)
|rated|
|rule|Species Clause: Limit one of each Pokémon
|rule|Item Clause: Limit 1 of each item
|clearpoke
|poke|p1|Sneasler, L50, M|
|poke|p1|Dragapult, L50, M|
|poke|p1|Primarina, L50, F|
|poke|p1|Rillaboom, L50, F|
|poke|p1|Kingambit, L50, M|
|poke|p1|Magmar, L50, M|
|poke|p2|Baxcalibur, L50, F|
|poke|p2|Annihilape, L50, F|
|poke|p2|Gholdengo, L50|
|poke|p2|Rillaboom, L50, M|
|poke|p2|Incineroar, L50, F|
|poke|p2|Electabuzz, L50, F|
|teampreview|4
|showteam|p1|Sneasler||FocusSash|PoisonTouch|CloseCombat,DireClaw,FakeOut,Protect|||M|||50|,,,,,Stellar]Dragapult||ChoiceBand|ClearBody|DragonDarts,TeraBlast,PhantomForce,Uturn|||M|||50|,,,,,Ghost]Primarina||SitrusBerry|LiquidVoice|HyperVoice,Moonblast,Haze,Protect|||F|||50|,,,,,Water]Rillaboom||AssaultVest|GrassySurge|WoodHammer,GrassyGlide,HighHorsepower,FakeOut|||F|||50|,,,,,Fire]Kingambit||BlackGlasses|Defiant|KowtowCleave,SuckerPunch,SwordsDance,Protect|||M|||50|,,,,,Ghost]Magmar||Eviolite|VitalSpirit|Overheat,WillOWisp,FollowMe,Protect|||M|||50|,,,,,Ghost
|showteam|p2|Baxcalibur||LoadedDice|ThermalExchange|IcicleSpear,ScaleShot,HighHorsepower,Protect|||F|||50|,,,,,Ghost]Annihilape||FocusSash|Defiant|RageFist,CloseCombat,Coaching,Protect|||F|||50|,,,,,Stellar]Gholdengo||GrassySeed|GoodasGold|MakeItRain,ShadowBall,NastyPlot,Protect||||||50|,,,,,Water]Rillaboom||AssaultVest|GrassySurge|FakeOut,GrassyGlide,WoodHammer,HighHorsepower|||M|||50|,,,,,Fire]Incineroar||SafetyGoggles|Intimidate|FakeOut,FlareBlitz,KnockOff,PartingShot|||F|||50|,,,,,Ghost]Electabuzz||Eviolite|VitalSpirit|Electroweb,FollowMe,Taunt,Protect|||F|||50|,,,,,Fairy
|inactive|Battle timer is ON: inactive players will automatically lose when time's up. (requested by Monkeydes)
|inactive|Zaiistired has 60 seconds left.
|
|t:|1756264710
|teamsize|p1|4
|teamsize|p2|4
|start
|switch|p1a: Kingambit|Kingambit, L50, M|100/100
|switch|p1b: Sneasler|Sneasler, L50, M|100/100
|switch|p2a: Gholdengo|Gholdengo, L50, shiny|100/100
|switch|p2b: Rillaboom|Rillaboom, L50, M|100/100
|-fieldstart|move: Grassy Terrain|[from] ability: Grassy Surge|[of] p2b: Rillaboom
|-enditem|p2a: Gholdengo|Grassy Seed
|-boost|p2a: Gholdengo|def|1|[from] item: Grassy Seed
|turn|1
|inactive|Zaiistired has 30 seconds left.
|
|t:|1756264738
|-terastallize|p2a: Gholdengo|Water
|move|p1b: Sneasler|Fake Out|p2b: Rillaboom
|-crit|p2b: Rillaboom
|-damage|p2b: Rillaboom|81/100
|cant|p2b: Rillaboom|flinch
|move|p2a: Gholdengo|Nasty Plot|p2a: Gholdengo
|-boost|p2a: Gholdengo|spa|2
|move|p1a: Kingambit|Swords Dance|p1a: Kingambit
|-boost|p1a: Kingambit|atk|2
|
|-heal|p2b: Rillaboom|88/100|[from] Grassy Terrain
|upkeep
|turn|2
|inactive|Monkeydes has 30 seconds left.
|inactive|Zaiistired has 30 seconds left.
|
|t:|1756264765
|-terastallize|p1b: Sneasler|Stellar
|move|p2a: Gholdengo|Protect|p2a: Gholdengo
|-singleturn|p2a: Gholdengo|Protect
|move|p1a: Kingambit|Sucker Punch||[still]
|-fail|p1a: Kingambit
|move|p1b: Sneasler|Dire Claw|p2b: Rillaboom
|-supereffective|p2b: Rillaboom
|-damage|p2b: Rillaboom|0 fnt
|faint|p2b: Rillaboom
|
|upkeep
|
|t:|1756264775
|switch|p2b: Annihilape|Annihilape, L50, F, shiny|100/100
|turn|3
|inactive|Monkeydes has 30 seconds left.
|
|t:|1756264801
|move|p1b: Sneasler|Dire Claw|p2b: Annihilape
|-resisted|p2b: Annihilape
|-damage|p2b: Annihilape|75/100
|-status|p2b: Annihilape|psn
|move|p2b: Annihilape|Close Combat|p1a: Kingambit
|-supereffective|p1a: Kingambit
|-damage|p1a: Kingambit|0 fnt
|-unboost|p2b: Annihilape|def|1
|-unboost|p2b: Annihilape|spd|1
|faint|p1a: Kingambit
|move|p2a: Gholdengo|Shadow Ball|p1b: Sneasler
|-enditem|p1b: Sneasler|Focus Sash
|-damage|p1b: Sneasler|1/100
|-unboost|p1b: Sneasler|spd|1
|
|-heal|p1b: Sneasler|7/100|[from] Grassy Terrain
|-heal|p2b: Annihilape|80/100 psn|[from] Grassy Terrain
|-damage|p2b: Annihilape|68/100 psn|[from] psn
|upkeep
|
|t:|1756264817
|switch|p1a: Rillaboom|Rillaboom, L50, F|100/100
|turn|4
|
|t:|1756264837
|switch|p2b: Incineroar|Incineroar, L50, F|100/100
|-ability|p2b: Incineroar|Intimidate|boost
|-unboost|p1a: Rillaboom|atk|1
|-unboost|p1b: Sneasler|atk|1
|move|p2a: Gholdengo|Protect|p2a: Gholdengo
|-singleturn|p2a: Gholdengo|Protect
|move|p1a: Rillaboom|Grassy Glide|p2a: Gholdengo
|-activate|p2a: Gholdengo|move: Protect
|move|p1b: Sneasler|Dire Claw|p2b: Incineroar
|-damage|p2b: Incineroar|73/100
|-status|p2b: Incineroar|psn|[from] ability: Poison Touch|[of] p1b: Sneasler
|
|-heal|p1b: Sneasler|13/100|[from] Grassy Terrain
|-heal|p2b: Incineroar|79/100 psn|[from] Grassy Terrain
|-damage|p2b: Incineroar|67/100 psn|[from] psn
|upkeep
|turn|5
|
|t:|1756264862
|move|p1a: Rillaboom|Grassy Glide|p2a: Gholdengo
|-supereffective|p2a: Gholdengo
|-damage|p2a: Gholdengo|68/100
|move|p1b: Sneasler|Close Combat|p2b: Incineroar
|-supereffective|p2b: Incineroar
|-damage|p2b: Incineroar|0 fnt
|-unboost|p1b: Sneasler|def|1
|-unboost|p1b: Sneasler|spd|1
|faint|p2b: Incineroar
|move|p2a: Gholdengo|Make It Rain|p1b: Sneasler|[spread] p1a,p1b
|-damage|p1a: Rillaboom|32/100
|-damage|p1b: Sneasler|0 fnt
|-unboost|p2a: Gholdengo|spa|1
|faint|p1b: Sneasler
|
|-heal|p2a: Gholdengo|74/100|[from] Grassy Terrain
|-heal|p1a: Rillaboom|38/100|[from] Grassy Terrain
|-fieldend|move: Grassy Terrain
|upkeep
|
|t:|1756264877
|switch|p1b: Dragapult|Dragapult, L50, M|100/100
|switch|p2b: Annihilape|Annihilape, L50, F, shiny|68/100 psn
|turn|6
|inactive|Monkeydes has 30 seconds left.
|inactive|Zaiistired has 30 seconds left.
|inactive|Monkeydes has 20 seconds left.
|inactive|Monkeydes has 15 seconds left.
|inactive|Monkeydes has 10 seconds left.
|inactive|Monkeydes has 5 seconds left.
|
|t:|1756264928
|move|p1b: Dragapult|Dragon Darts|p2a: Gholdengo
|-damage|p2a: Gholdengo|50/100
|-anim|p1b: Dragapult|Dragon Darts|p2b: Annihilape
|-damage|p2b: Annihilape|23/100 psn
|move|p2b: Annihilape|Rage Fist|p1b: Dragapult
|-supereffective|p1b: Dragapult
|-damage|p1b: Dragapult|0 fnt
|faint|p1b: Dragapult
|move|p2a: Gholdengo|Make It Rain|p1a: Rillaboom
|-damage|p1a: Rillaboom|0 fnt
|-unboost|p2a: Gholdengo|spa|1
|faint|p1a: Rillaboom
|
|win|Zaiistired
|inactive|Monkeydes has 30 seconds to confirm battle start!
|inactive|Zaiistired has 30 seconds to confirm battle start!
||Zaiistired is ready for game 2.
||Monkeydes is ready for game 2.
|uhtml|next|Next: Game 2 of 3
