|j|☆ChrisJHall13
|j|☆the_frantic_franxx
|html|ChrisJHall13the_frantic_franxx    
|uhtml|bestof|Game 1 of a best-of-3
|t:|1784734893
|gametype|doubles
|player|p1|ChrisJHall13|1|1241
|player|p2|the_frantic_franxx|2|1292
|gen|9
|tier|[Gen 9 Champions] VGC 2026 Reg M-B (Bo3)
|rated|
|rule|Species Clause: Limit one of each Pokémon
|rule|Item Clause: Limit 1 of each item
|clearpoke
|poke|p1|Incineroar, L50, M|
|poke|p1|Ninetales-Alola, L50, F|
|poke|p1|Gengar, L50, F|
|poke|p1|Dragonite, L50, M|
|poke|p1|Snorlax, L50, F|
|poke|p1|Scrafty, L50, F|
|poke|p2|Froslass, L50, F|
|poke|p2|Dragonite, L50, F|
|poke|p2|Toxapex, L50, M|
|poke|p2|Sneasler, L50, M|
|poke|p2|Kingambit, L50, F|
|poke|p2|Blaziken, L50, M|
|teampreview|4
|showteam|p1|Incineroar||ShucaBerry|Intimidate|FakeOut,DarkestLariat,Protect,PartingShot|Careful||M|||50|]Ninetales-Alola||FocusSash|SnowWarning|Blizzard,Protect,Encore,Disable|Timid||F|||50|]Gengar||Gengarite|CursedBody|PerishSong,ShadowBall,Protect,SludgeBomb|Modest||F|||50|]Dragonite||LifeOrb|InnerFocus|DragonClaw,ExtremeSpeed,Protect,LowKick|Adamant||M|||50|]Snorlax||Leftovers|ThickFat|Yawn,Fissure,DoubleEdge,Protect|Relaxed||F|||50|]Scrafty||Scraftinite|Intimidate|CloseCombat,KnockOff,FakeOut,Protect|Adamant||F|||50|
|showteam|p2|Froslass||Froslassite|CursedBody|Blizzard,ShadowBall,AuroraVeil,Protect|Timid||F|||50|]Dragonite||LifeOrb|InnerFocus|DragonClaw,ExtremeSpeed,LowKick,Protect|Adamant||F|||50|]Toxapex||Leftovers|Regenerator|Infestation,Toxic,WideGuard,BanefulBunker|Bold||M|||50|]Sneasler||FocusSash|PoisonTouch|CloseCombat,PoisonJab,FakeOut,Protect|Jolly||M|||50|]Kingambit||BlackGlasses|Defiant|KowtowCleave,IronHead,SuckerPunch,Protect|Adamant||F|||50|]Blaziken||Blazikenite|SpeedBoost|CloseCombat,FlareBlitz,RockSlide,Protect|Adamant||M|||50|
|inactive|Battle timer is ON: inactive players will automatically lose when time's up. (requested by the_frantic_franxx)
|
|t:|1784734952
|teamsize|p1|4
|teamsize|p2|4
|start
|switch|p1a: Incineroar|Incineroar, L50, M|100/100
|switch|p1b: Scrafty|Scrafty, L50, F|100/100
|switch|p2a: Blaziken|Blaziken, L50, M|100/100
|switch|p2b: Kingambit|Kingambit, L50, F|100/100
|-ability|p1b: Scrafty|Intimidate|boost
|-unboost|p2a: Blaziken|atk|1
|-unboost|p2b: Kingambit|atk|1
|-ability|p2b: Kingambit|Defiant|boost
|-boost|p2b: Kingambit|atk|2
|-ability|p1a: Incineroar|Intimidate|boost
|-unboost|p2a: Blaziken|atk|1
|-unboost|p2b: Kingambit|atk|1
|-ability|p2b: Kingambit|Defiant|boost
|-boost|p2b: Kingambit|atk|2
|turn|1
|
|t:|1784734968
|switch|p2a: Toxapex|Toxapex, L50, M|100/100
|switch|p1a: Snorlax|Snorlax, L50, F|100/100
|move|p2b: Kingambit|Protect|p2b: Kingambit
|-singleturn|p2b: Kingambit|Protect
|move|p1b: Scrafty|Close Combat|p2b: Kingambit
|-activate|p2b: Kingambit|move: Protect
|
|upkeep
|turn|2
|
|t:|1784734987
|switch|p1a: Gengar|Gengar, L50, F|100/100
|move|p2b: Kingambit|Sucker Punch|p1b: Scrafty
|-resisted|p1b: Scrafty|2
|-damage|p1b: Scrafty|76/100
|move|p1b: Scrafty|Close Combat|p2b: Kingambit
|-supereffective|p2b: Kingambit|2
|-damage|p2b: Kingambit|0 fnt
|-unboost|p1b: Scrafty|def|1
|-unboost|p1b: Scrafty|spd|1
|faint|p2b: Kingambit
|move|p2a: Toxapex|Toxic|p1a: Gengar
|-immune|p1a: Gengar
|
|upkeep
|
|t:|1784734992
|switch|p2b: Blaziken|Blaziken, L50, M|100/100
|turn|3
|
|t:|1784735003
|switch|p1b: Incineroar|Incineroar, L50, M|100/100
|-ability|p1b: Incineroar|Intimidate|boost
|-unboost|p2a: Toxapex|atk|1
|-unboost|p2b: Blaziken|atk|1
|detailschange|p1a: Gengar|Gengar-Mega, L50, F
|-mega|p1a: Gengar|Gengar|Gengarite
|move|p1a: Gengar|Protect|p1a: Gengar
|-singleturn|p1a: Gengar|Protect
|move|p2b: Blaziken|Protect|p2b: Blaziken
|-singleturn|p2b: Blaziken|Protect
|move|p2a: Toxapex|Toxic|p1b: Incineroar
|-status|p1b: Incineroar|tox
|
|-damage|p1b: Incineroar|94/100 tox|[from] psn
|-ability|p2b: Blaziken|Speed Boost|boost
|-boost|p2b: Blaziken|spe|1
|upkeep
|turn|4
|
|t:|1784735015
|detailschange|p2b: Blaziken|Blaziken-Mega, L50, M
|-mega|p2b: Blaziken|Blaziken|Blazikenite
|move|p1b: Incineroar|Fake Out|p2b: Blaziken
|-damage|p2b: Blaziken|86/100
|cant|p2b: Blaziken|flinch
|move|p1a: Gengar|Perish Song|p1a: Gengar
|-start|p1a: Gengar|perish3|[silent]
|-start|p1b: Incineroar|perish3|[silent]
|-start|p2a: Toxapex|perish3|[silent]
|-start|p2b: Blaziken|perish3|[silent]
|-fieldactivate|move: Perish Song
|move|p2a: Toxapex|Infestation|p1b: Incineroar
|-damage|p1b: Incineroar|91/100 tox
|-activate|p1b: Incineroar|move: Infestation|[of] p2a: Toxapex
|
|-damage|p1b: Incineroar|79/100 tox|[from] psn
|-damage|p1b: Incineroar|67/100 tox|[from] move: Infestation|[partiallytrapped]
|-start|p2b: Blaziken|perish3
|-start|p1a: Gengar|perish3
|-start|p1b: Incineroar|perish3
|-start|p2a: Toxapex|perish3
|-ability|p2b: Blaziken|Speed Boost|boost
|-boost|p2b: Blaziken|spe|1
|upkeep
|turn|5
|
|t:|1784735028
|move|p2b: Blaziken|Protect|p2b: Blaziken
|-singleturn|p2b: Blaziken|Protect
|move|p1a: Gengar|Protect|p1a: Gengar
|-singleturn|p1a: Gengar|Protect
|move|p1b: Incineroar|Protect|p1b: Incineroar
|-singleturn|p1b: Incineroar|Protect
|move|p2a: Toxapex|Baneful Bunker||[still]
|-fail|p2a: Toxapex
|
|-damage|p1b: Incineroar|49/100 tox|[from] psn
|-damage|p1b: Incineroar|37/100 tox|[from] move: Infestation|[partiallytrapped]
|-start|p2b: Blaziken|perish2
|-start|p1a: Gengar|perish2
|-start|p1b: Incineroar|perish2
|-start|p2a: Toxapex|perish2
|-ability|p2b: Blaziken|Speed Boost|boost
|-boost|p2b: Blaziken|spe|1
|upkeep
|turn|6
|
|t:|1784735046
|switch|p1a: Snorlax|Snorlax, L50, F|100/100
|move|p2b: Blaziken|Flare Blitz|p1a: Snorlax
|-damage|p1a: Snorlax|77/100
|-damage|p2b: Blaziken|76/100|[from] Recoil
|move|p1b: Incineroar|Parting Shot|p1a: Snorlax
|-unboost|p1a: Snorlax|atk|1
|-unboost|p1a: Snorlax|spa|1
|-message|the_frantic_franxx forfeited.
|
|win|ChrisJHall13
|l|☆the_frantic_franxx
|player|p2|
||the_frantic_franxx is ready for game 2.
||ChrisJHall13 is ready for game 2.
|uhtml|next|Next: Game 2 of 3
|l|☆ChrisJHall13
|player|p1|
|j|☆ChrisJHall13
|player|p1|ChrisJHall13|1|
