|j|☆notgoodteambuilder
|j|☆huizaer
|html|notgoodteambuilderhuizaer    
|uhtml|bestof|Game 1 of a best-of-3
|t:|1782976188
|gametype|doubles
|player|p1|notgoodteambuilder|265|1088
|player|p2|huizaer|1|1067
|gen|9
|tier|[Gen 9 Champions] VGC 2026 Reg M-B (Bo3)
|rated|
|rule|Species Clause: Limit one of each Pokémon
|rule|Item Clause: Limit 1 of each item
|clearpoke
|poke|p1|Raichu, L50, F|
|poke|p1|Gyarados, L50, M|
|poke|p1|Mamoswine, L50, F|
|poke|p1|Ceruledge, L50, F|
|poke|p1|Clefable, L50, M|
|poke|p1|Kingambit, L50, M|
|poke|p2|Gengar, L50, F|
|poke|p2|Umbreon, L50, F|
|poke|p2|Corviknight, L50, F|
|poke|p2|Samurott-Hisui, L50, M|
|poke|p2|Toxapex, L50, M|
|poke|p2|Hippowdon, L50, F|
|teampreview|4
|showteam|p1|Raichu||RaichuniteY|Static|ZapCannon,FocusBlast,FakeOut,Protect|Timid||F|||50|]Gyarados||Gyaradosite|Intimidate|Waterfall,PowerWhip,DragonDance,Protect|Adamant||M|||50|]Mamoswine||LifeOrb|Oblivious|HighHorsepower,IceShard,IcicleCrash,Protect|Jolly||F|||50|]Ceruledge||ColburBerry|FlashFire|BitterBlade,ShadowSneak,BulkUp,Protect|Adamant||F|||50|]Clefable||SitrusBerry|Unaware|Moonblast,FollowMe,HelpingHand,Protect|Bold||M|||50|]Kingambit||FocusSash|Defiant|IronHead,KowtowCleave,SuckerPunch,LowKick|Adamant||M|||50|
|showteam|p2|Gengar||Gengarite|CursedBody|Protect,WillOWisp,Hex,SludgeBomb|Timid||F|||50|]Umbreon||Leftovers|Synchronize|FoulPlay,Wish,Protect,Toxic|Bold||F|||50|]Corviknight||SitrusBerry|Pressure|IronDefense,BodyPress,Defog,Roost|Impish||F|||50|]Samurott-Hisui||ChoiceScarf|Sharpness|FlipTurn,SacredSword,RazorShell,CeaselessEdge|Jolly||M|||50|]Toxapex||BrightPowder|Regenerator|Toxic,Recover,Haze,Surf|Calm||M|||50|]Hippowdon||PasshoBerry|SandStream|Protect,RockSlide,StompingTantrum,SlackOff|Impish||F|||50|
|inactive|Battle timer is ON: inactive players will automatically lose when time's up. (requested by notgoodteambuilder)
|
|t:|1782976214
|teamsize|p1|4
|teamsize|p2|4
|start
|switch|p1a: Clefable|Clefable, L50, M|100/100
|switch|p1b: Raichu|Raichu, L50, F|100/100
|switch|p2a: Gengar|Gengar, L50, F|100/100
|switch|p2b: Toxapex|Toxapex, L50, M|100/100
|turn|1
|
|t:|1782976237
|detailschange|p2a: Gengar|Gengar-Mega, L50, F
|-mega|p2a: Gengar|Gengar|Gengarite
|detailschange|p1b: Raichu|Raichu-Mega-Y, L50, F
|-mega|p1b: Raichu|Raichu|Raichunite Y
|move|p1a: Clefable|Follow Me|p1a: Clefable
|-singleturn|p1a: Clefable|move: Follow Me
|move|p2a: Gengar|Sludge Bomb|p1a: Clefable
|-supereffective|p1a: Clefable|1
|-damage|p1a: Clefable|6/100
|-status|p1a: Clefable|psn
|-enditem|p1a: Clefable|Sitrus Berry|[eat]
|-heal|p1a: Clefable|31/100 psn|[from] item: Sitrus Berry
|move|p1b: Raichu|Zap Cannon|p2a: Gengar
|-damage|p2a: Gengar|25/100
|-status|p2a: Gengar|par
|move|p2b: Toxapex|Toxic||[still]
|-fail|p2b: Toxapex
|
|-damage|p1a: Clefable|19/100 psn|[from] psn
|upkeep
|turn|2
|inactive|notgoodteambuilder has 30 seconds left.
|inactive|huizaer has 30 seconds left.
|
|t:|1782976265
|switch|p2b: Hippowdon|Hippowdon, L50, F|100/100
|-weather|Sandstorm|[from] ability: Sand Stream|[of] p2b: Hippowdon
|move|p1a: Clefable|Follow Me|p1a: Clefable
|-singleturn|p1a: Clefable|move: Follow Me
|move|p1b: Raichu|Zap Cannon|p2b: Hippowdon
|-immune|p2b: Hippowdon
|move|p2a: Gengar|Sludge Bomb|p1a: Clefable
|-supereffective|p1a: Clefable|1
|-damage|p1a: Clefable|0 fnt
|faint|p1a: Clefable
|
|-weather|Sandstorm|[upkeep]
|-damage|p1b: Raichu|93/100|[from] Sandstorm
|-damage|p2a: Gengar|19/100 par|[from] Sandstorm
|upkeep
|
|t:|1782976268
|switch|p1a: Mamoswine|Mamoswine, L50, F|100/100
|turn|3
|
|t:|1782976281
|move|p2b: Hippowdon|Protect|p2b: Hippowdon
|-singleturn|p2b: Hippowdon|Protect
|move|p1b: Raichu|Zap Cannon|p2a: Gengar
|-damage|p2a: Gengar|0 fnt
|faint|p2a: Gengar
|move|p1a: Mamoswine|Icicle Crash|p2b: Hippowdon
|-activate|p2b: Hippowdon|move: Protect
|
|-weather|Sandstorm|[upkeep]
|-damage|p1b: Raichu|87/100|[from] Sandstorm
|upkeep
|
|t:|1782976293
|switch|p2a: Corviknight|Corviknight, L50, F|100/100
|-ability|p2a: Corviknight|Pressure
|turn|4
|
|t:|1782976301
|move|p1b: Raichu|Zap Cannon|p2a: Corviknight
|-supereffective|p2a: Corviknight|1
|-damage|p2a: Corviknight|0 fnt
|faint|p2a: Corviknight
|move|p1a: Mamoswine|Icicle Crash|p2b: Hippowdon
|-supereffective|p2b: Hippowdon|1
|-damage|p2b: Hippowdon|23/100
|-damage|p1a: Mamoswine|90/100|[from] item: Life Orb
|move|p2b: Hippowdon|Stomping Tantrum|p1b: Raichu
|-supereffective|p1b: Raichu|1
|-damage|p1b: Raichu|10/100
|
|-weather|Sandstorm|[upkeep]
|-damage|p1b: Raichu|4/100|[from] Sandstorm
|upkeep
|
|t:|1782976304
|switch|p2a: Toxapex|Toxapex, L50, M|100/100
|turn|5
|
|t:|1782976316
|switch|p1b: Kingambit|Kingambit, L50, M|100/100
|move|p2b: Hippowdon|Protect|p2b: Hippowdon
|-singleturn|p2b: Hippowdon|Protect
|move|p1a: Mamoswine|Icicle Crash|p2b: Hippowdon
|-activate|p2b: Hippowdon|move: Protect
|move|p2a: Toxapex|Surf|p1a: Mamoswine|[spread] p1a,p1b
|-activate|p2b: Hippowdon|move: Protect
|-supereffective|p1a: Mamoswine|1
|-damage|p1a: Mamoswine|51/100
|-damage|p1b: Kingambit|81/100
|
|-weather|Sandstorm|[upkeep]
|-damage|p2a: Toxapex|94/100|[from] Sandstorm
|upkeep
|turn|6
|
|t:|1782976334
|move|p1a: Mamoswine|Icicle Crash|p2b: Hippowdon|[miss]
|-miss|p1a: Mamoswine|p2b: Hippowdon
|move|p1b: Kingambit|Kowtow Cleave|p2a: Toxapex
|-damage|p2a: Toxapex|59/100
|move|p2b: Hippowdon|Slack Off|p2b: Hippowdon
|-heal|p2b: Hippowdon|73/100
|move|p2a: Toxapex|Toxic|p1a: Mamoswine
|-status|p1a: Mamoswine|tox
|
|-weather|none
|-damage|p1a: Mamoswine|45/100 tox|[from] psn
|upkeep
|turn|7
|
|t:|1782976341
|move|p2b: Hippowdon|Protect|p2b: Hippowdon
|-singleturn|p2b: Hippowdon|Protect
|move|p1a: Mamoswine|Icicle Crash|p2b: Hippowdon
|-activate|p2b: Hippowdon|move: Protect
|move|p1b: Kingambit|Kowtow Cleave|p2a: Toxapex
|-damage|p2a: Toxapex|20/100y
|move|p2a: Toxapex|Recover|p2a: Toxapex
|-heal|p2a: Toxapex|70/100
|
|-damage|p1a: Mamoswine|34/100 tox|[from] psn
|upkeep
|turn|8
|
|t:|1782976360
|move|p1a: Mamoswine|Icicle Crash|p2b: Hippowdon|[miss]
|-miss|p1a: Mamoswine|p2b: Hippowdon
|move|p1b: Kingambit|Kowtow Cleave|p2a: Toxapex
|-damage|p2a: Toxapex|34/100
|move|p2b: Hippowdon|Stomping Tantrum|p1b: Kingambit
|-supereffective|p1b: Kingambit|1
|-damage|p1b: Kingambit|33/100
|move|p2a: Toxapex|Recover|p2a: Toxapex
|-heal|p2a: Toxapex|84/100
|
|-damage|p1a: Mamoswine|16/100 tox|[from] psn
|upkeep
|turn|9
|
|t:|1782976377
|move|p2b: Hippowdon|Protect|p2b: Hippowdon
|-singleturn|p2b: Hippowdon|Protect
|move|p1a: Mamoswine|Icicle Crash|p2b: Hippowdon
|-activate|p2b: Hippowdon|move: Protect
|move|p1b: Kingambit|Kowtow Cleave|p2a: Toxapex
|-damage|p2a: Toxapex|46/100
|move|p2a: Toxapex|Surf|p1b: Kingambit|[spread] p1a,p1b
|-activate|p2b: Hippowdon|move: Protect
|-supereffective|p1a: Mamoswine|1
|-damage|p1a: Mamoswine|0 fnt
|-damage|p1b: Kingambit|16/100
|faint|p1a: Mamoswine
|
|upkeep
|
|t:|1782976400
|switch|p1a: Raichu|Raichu-Mega-Y, L50, F|4/100
|turn|10
|-message|notgoodteambuilder forfeited.
|
|win|huizaer
|l|☆notgoodteambuilder
|player|p1|
