|j|☆chamoy-pt2
|j|☆neuesspielzeug
|html|chamoy-pt2neuesspielzeug    
|uhtml|bestof|Game 3 of a best-of-3
|t:|1756667764
|gametype|doubles
|player|p1|chamoy-pt2|riley|1225
|player|p2|neuesspielzeug|101|1135
|gen|9
|tier|[Gen 9] VGC 2025 Reg H (Bo3)
|rated|
|rule|Species Clause: Limit one of each Pokémon
|rule|Item Clause: Limit 1 of each item
|clearpoke
|poke|p1|Incineroar, L50, M|
|poke|p1|Dragapult, L50, F|
|poke|p1|Whimsicott, L50, M|
|poke|p1|Typhlosion-Hisui, L50, F|
|poke|p1|Annihilape, L50, M|
|poke|p1|Indeedee, L50, M|
|poke|p2|Ursaluna-Bloodmoon, L50, M|
|poke|p2|Gholdengo, L50|
|poke|p2|Dragonite, L50, F|
|poke|p2|Rillaboom, L50, F|
|poke|p2|Annihilape, L50, F|
|poke|p2|Maushold, L50|
|teampreview|4
|showteam|p1|Incineroar||SafetyGoggles|Intimidate|FakeOut,PartingShot,HelpingHand,FlareBlitz|||M|||50|,,,,,Water]Dragapult||ChoiceBand|ClearBody|DragonDarts,PhantomForce,SuckerPunch,Uturn|||F|||50|,,,,,Dragon]Whimsicott||CovertCloak|Prankster|Tailwind,Moonblast,SunnyDay,BeatUp|||M|||50|,,,,,Water]Typhlosion-Hisui||ChoiceSpecs|Blaze|Eruption,HeatWave,ShadowBall,Overheat|||F|||50|,,,,,Fire]Annihilape||SitrusBerry|Defiant|RageFist,DrainPunch,BulkUp,Protect|||M|||50|,,,,,Fire]Indeedee||FocusSash|PsychicSurge|ExpandingForce,TrickRoom,Imprison,Protect|||M|||50|,,,,,Psychic
|showteam|p2|Ursaluna-Bloodmoon||AssaultVest|MindsEye|BloodMoon,HyperVoice,EarthPower,VacuumWave|||M|||50|,,,,,Water]Gholdengo||LifeOrb|GoodasGold|MakeItRain,ShadowBall,NastyPlot,Protect||||||50|,,,,,Water]Dragonite||LoadedDice|Multiscale|ScaleShot,Tailwind,Haze,Protect|||F|||50|,,,,,Fairy]Rillaboom||MiracleSeed|GrassySurge|FakeOut,WoodHammer,GrassyGlide,HighHorsepower|||F|||50|,,,,,Fire]Annihilape||SitrusBerry|Defiant|RageFist,DrainPunch,BulkUp,Protect|||F|||50|,,,,,Fire]Maushold||FocusSash|FriendGuard|SuperFang,BeatUp,FollowMe,Protect||||||50|,,,,,Ghost
|
|t:|1756667799
|teamsize|p1|4
|teamsize|p2|4
|start
|switch|p1a: Incineroar|Incineroar, L50, M|100/100
|switch|p1b: Dragapult|Dragapult, L50, F|100/100
|switch|p2a: Ursaluna|Ursaluna-Bloodmoon, L50, M|100/100
|switch|p2b: Rillaboom|Rillaboom, L50, F|100/100
|-fieldstart|move: Grassy Terrain|[from] ability: Grassy Surge|[of] p2b: Rillaboom
|-ability|p1a: Incineroar|Intimidate|boost
|-unboost|p2a: Ursaluna|atk|1
|-unboost|p2b: Rillaboom|atk|1
|turn|1
|
|t:|1756667812
|move|p2b: Rillaboom|Fake Out|p1a: Incineroar
|-damage|p1a: Incineroar|93/100
|cant|p1a: Incineroar|flinch
|move|p1b: Dragapult|U-turn|p2b: Rillaboom
|-supereffective|p2b: Rillaboom
|-damage|p2b: Rillaboom|22/100
|
|t:|1756667819
|switch|p1b: Whimsicott|Whimsicott, L50, M|100/100|[from] U-turn
|move|p2a: Ursaluna|Earth Power|p1a: Incineroar
|-supereffective|p1a: Incineroar
|-damage|p1a: Incineroar|20/100
|
|-heal|p2b: Rillaboom|28/100|[from] Grassy Terrain
|-heal|p1a: Incineroar|26/100|[from] Grassy Terrain
|upkeep
|turn|2
|
|t:|1756667869
|move|p2b: Rillaboom|Grassy Glide|p1a: Incineroar
|-resisted|p1a: Incineroar
|-damage|p1a: Incineroar|13/100
|move|p2a: Ursaluna|Vacuum Wave|p1a: Incineroar
|-supereffective|p1a: Incineroar
|-damage|p1a: Incineroar|0 fnt
|faint|p1a: Incineroar
|move|p1b: Whimsicott|Moonblast|p2a: Ursaluna
|-damage|p2a: Ursaluna|81/100
|
|-heal|p2b: Rillaboom|34/100|[from] Grassy Terrain
|-heal|p2a: Ursaluna|87/100|[from] Grassy Terrain
|upkeep
|
|t:|1756667877
|switch|p1a: Annihilape|Annihilape, L50, M|100/100
|turn|3
|
|t:|1756667913
|switch|p1b: Dragapult|Dragapult, L50, F|100/100
|move|p1a: Annihilape|Protect|p1a: Annihilape
|-singleturn|p1a: Annihilape|Protect
|move|p2b: Rillaboom|High Horsepower|p1a: Annihilape
|-activate|p1a: Annihilape|move: Protect
|move|p2a: Ursaluna|Blood Moon|p1a: Annihilape
|-activate|p1a: Annihilape|move: Protect
|
|-heal|p2b: Rillaboom|40/100|[from] Grassy Terrain
|-heal|p2a: Ursaluna|93/100|[from] Grassy Terrain
|upkeep
|turn|4
|
|t:|1756667953
|move|p2b: Rillaboom|Grassy Glide|p1a: Annihilape
|-damage|p1a: Annihilape|69/100
|move|p1b: Dragapult|U-turn|p2b: Rillaboom
|-supereffective|p2b: Rillaboom
|-damage|p2b: Rillaboom|0 fnt
|faint|p2b: Rillaboom
|
|t:|1756667958
|switch|p1b: Whimsicott|Whimsicott, L50, M|100/100|[from] U-turn
|move|p1a: Annihilape|Bulk Up|p1a: Annihilape
|-boost|p1a: Annihilape|atk|1
|-boost|p1a: Annihilape|def|1
|move|p2a: Ursaluna|Hyper Voice|p1b: Whimsicott|[spread] p1a,p1b
|-damage|p1a: Annihilape|39/100
|-damage|p1b: Whimsicott|59/100
|-enditem|p1a: Annihilape|Sitrus Berry|[eat]
|-heal|p1a: Annihilape|64/100|[from] item: Sitrus Berry
|
|-heal|p1b: Whimsicott|65/100|[from] Grassy Terrain
|-heal|p1a: Annihilape|70/100|[from] Grassy Terrain
|-heal|p2a: Ursaluna|99/100|[from] Grassy Terrain
|upkeep
|
|t:|1756667972
|switch|p2b: Maushold|Maushold, L50|100/100
|turn|5
|
|t:|1756668012
|switch|p1b: Dragapult|Dragapult, L50, F|100/100
|move|p1a: Annihilape|Protect|p1a: Annihilape
|-singleturn|p1a: Annihilape|Protect
|move|p2b: Maushold|Super Fang|p1b: Dragapult
|-immune|p1b: Dragapult
|move|p2a: Ursaluna|Blood Moon|p1b: Dragapult
|-damage|p1b: Dragapult|2/100
|
|-heal|p1b: Dragapult|8/100|[from] Grassy Terrain
|-heal|p1a: Annihilape|76/100|[from] Grassy Terrain
|-heal|p2a: Ursaluna|100/100|[from] Grassy Terrain
|-fieldend|move: Grassy Terrain
|upkeep
|turn|6
|
|t:|1756668050
|-terastallize|p1b: Dragapult|Dragon
|-terastallize|p2b: Maushold|Ghost
|move|p2b: Maushold|Follow Me|p2b: Maushold
|-singleturn|p2b: Maushold|move: Follow Me
|move|p2a: Ursaluna|Vacuum Wave|p1b: Dragapult
|-damage|p1b: Dragapult|0 fnt
|faint|p1b: Dragapult
|move|p1a: Annihilape|Drain Punch|p2b: Maushold
|-immune|p2b: Maushold
|
|upkeep
|-message|chamoy-pt2 forfeited.
|raw|chamoy-pt2's rating: 1225 → 1194(-31 for losing)
|raw|neuesspielzeug's rating: 1135 → 1166(+31 for winning)
|
|win|neuesspielzeug
|l|☆chamoy-pt2
|player|p1|
