|j|☆owbd
|j|☆dr_sugus_vgc
|html|owbddr_sugus_vgc    
|uhtml|bestof|Game 2 of a best-of-3
|t:|1756800445
|gametype|doubles
|player|p1|owbd|cynthia-gen4|1118
|player|p2|dr_sugus_vgc|ruinmaniac|1140
|gen|9
|tier|[Gen 9] VGC 2025 Reg H (Bo3)
|rated|
|rule|Species Clause: Limit one of each Pokémon
|rule|Item Clause: Limit 1 of each item
|clearpoke
|poke|p1|Gholdengo, L50|
|poke|p1|Incineroar, L50, M|
|poke|p1|Ursaluna-Bloodmoon, L50, M|
|poke|p1|Indeedee, L50, M|
|poke|p1|Sneasler, L50, M|
|poke|p1|Murkrow, L50, M|
|poke|p2|Amoonguss, L50, F|
|poke|p2|Hydreigon, L50, M|
|poke|p2|Incineroar, L50, F|
|poke|p2|Gholdengo, L50|
|poke|p2|Palafin, L50, F|
|poke|p2|Garchomp, L50, F|
|teampreview|4
|showteam|p1|Gholdengo||ChoiceSpecs|GoodasGold|MakeItRain,ShadowBall,Thunderbolt,Trick||||||50|,,,,,Steel]Incineroar||SafetyGoggles|Intimidate|FlareBlitz,PartingShot,FakeOut,KnockOff|||M|||50|,,,,,Ghost]Ursaluna-Bloodmoon||AssaultVest|MindsEye|BloodMoon,EarthPower,HyperVoice,Moonblast|||M|||50|,,,,,Normal]Indeedee||FocusSash|PsychicSurge|ExpandingForce,Protect,TrickRoom,Imprison|||M|||50|,,,,,Psychic]Sneasler||PsychicSeed|Unburden|CloseCombat,DireClaw,FakeOut,ThroatChop|||M|||50|,,,,,Stellar]Murkrow||CovertCloak|Prankster|FoulPlay,Haze,SunnyDay,Tailwind|||M|||50|,,,,,Dark
|showteam|p2|Amoonguss||RockyHelmet|Regenerator|PollenPuff,Spore,RagePowder,Protect|||F|||50|,,,,,Fairy]Hydreigon||SafetyGoggles|Levitate|DracoMeteor,Protect,Tailwind,Snarl|||M|||50|,,,,,Ghost]Incineroar||SitrusBerry|Intimidate|FlareBlitz,KnockOff,PartingShot,FakeOut|||F|||50|,,,,,Ghost]Gholdengo||MetalCoat|GoodasGold|MakeItRain,ShadowBall,NastyPlot,Protect||||||50|,,,,,Water]Palafin||LifeOrb|ZerotoHero|JetPunch,WaveCrash,CloseCombat,Protect|||F|||50|,,,,,Water]Garchomp||FocusSash|RoughSkin|Earthquake,DragonClaw,StompingTantrum,Protect|||F|||50|,,,,,Grass
|inactive|Battle timer is ON: inactive players will automatically lose when time's up. (requested by dr_sugus_vgc)
|
|t:|1756800469
|teamsize|p1|4
|teamsize|p2|4
|start
|switch|p1a: Ursaluna|Ursaluna-Bloodmoon, L50, M|100/100
|switch|p1b: Murkrow|Murkrow, L50, M|100/100
|switch|p2a: Incineroar|Incineroar, L50, F|100/100
|switch|p2b: Hydreigon|Hydreigon, L50, M|100/100
|-ability|p2a: Incineroar|Intimidate|boost
|-unboost|p1a: Ursaluna|atk|1
|-unboost|p1b: Murkrow|atk|1
|turn|1
|
|t:|1756800491
|move|p2a: Incineroar|Fake Out|p1a: Ursaluna
|-damage|p1a: Ursaluna|90/100
|move|p1b: Murkrow|Tailwind|p1b: Murkrow
|-sidestart|p1: owbd|move: Tailwind
|cant|p1a: Ursaluna|flinch
|move|p2b: Hydreigon|Tailwind|p2b: Hydreigon
|-sidestart|p2: dr_sugus_vgc|move: Tailwind
|
|upkeep
|turn|2
|
|t:|1756800511
|-terastallize|p1a: Ursaluna|Normal
|move|p2b: Hydreigon|Snarl|p1b: Murkrow|[spread] p1a,p1b
|-resisted|p1b: Murkrow
|-damage|p1a: Ursaluna|72/100
|-damage|p1b: Murkrow|85/100
|-unboost|p1a: Ursaluna|spa|1
|move|p1a: Ursaluna|Hyper Voice|p2a: Incineroar|[spread] p2a,p2b
|-damage|p2a: Incineroar|73/100
|-damage|p2b: Hydreigon|71/100
|move|p1b: Murkrow|Foul Play|p2b: Hydreigon
|-resisted|p2b: Hydreigon
|-damage|p2b: Hydreigon|56/100
|move|p2a: Incineroar|Parting Shot|p1a: Ursaluna
|-unboost|p1a: Ursaluna|atk|1
|-unboost|p1a: Ursaluna|spa|1
|
|t:|1756800527
|switch|p2a: Garchomp|Garchomp, L50, F|100/100|[from] Parting Shot
|
|upkeep
|turn|3
|
|t:|1756800538
|move|p1b: Murkrow|Haze|p1b: Murkrow
|-clearallboost
|move|p2a: Garchomp|Dragon Claw|p1a: Ursaluna
|-damage|p1a: Ursaluna|39/100
|move|p2b: Hydreigon|Draco Meteor|p1a: Ursaluna|[miss]
|-miss|p2b: Hydreigon|p1a: Ursaluna
|move|p1a: Ursaluna|Hyper Voice|p2a: Garchomp|[spread] p2a,p2b
|-crit|p2b: Hydreigon
|-damage|p2a: Garchomp|49/100
|-damage|p2b: Hydreigon|0 fnt
|faint|p2b: Hydreigon
|
|upkeep
|
|t:|1756800551
|switch|p2b: Incineroar|Incineroar, L50, F|73/100
|-ability|p2b: Incineroar|Intimidate|boost
|-unboost|p1a: Ursaluna|atk|1
|-unboost|p1b: Murkrow|atk|1
|turn|4
|
|t:|1756800571
|move|p2b: Incineroar|Fake Out|p1a: Ursaluna
|-damage|p1a: Ursaluna|30/100
|move|p2a: Garchomp|Dragon Claw|p1a: Ursaluna
|-damage|p1a: Ursaluna|0 fnt
|faint|p1a: Ursaluna
|move|p1b: Murkrow|Foul Play|p2a: Garchomp
|-damage|p2a: Garchomp|1/100
|-damage|p1b: Murkrow|73/100|[from] ability: Rough Skin|[of] p2a: Garchomp
|
|-sideend|p1: owbd|move: Tailwind
|-sideend|p2: dr_sugus_vgc|move: Tailwind
|upkeep
|
|t:|1756800581
|switch|p1a: Gholdengo|Gholdengo, L50|100/100
|turn|5
|
|t:|1756800594
|switch|p2a: Amoonguss|Amoonguss, L50, F|100/100
|move|p1b: Murkrow|Tailwind|p1b: Murkrow
|-sidestart|p1: owbd|move: Tailwind
|move|p1a: Gholdengo|Make It Rain|p2a: Amoonguss|[spread] p2a,p2b
|-crit|p2a: Amoonguss
|-resisted|p2b: Incineroar
|-damage|p2a: Amoonguss|6/100
|-damage|p2b: Incineroar|48/100
|-unboost|p1a: Gholdengo|spa|1
|-enditem|p2b: Incineroar|Sitrus Berry|[eat]
|-heal|p2b: Incineroar|72/100|[from] item: Sitrus Berry
|move|p2b: Incineroar|Knock Off|p1a: Gholdengo
|-supereffective|p1a: Gholdengo
|-damage|p1a: Gholdengo|18/100
|-enditem|p1a: Gholdengo|Choice Specs|[from] move: Knock Off|[of] p2b: Incineroar
|
|upkeep
|turn|6
|inactive|dr_sugus_vgc has 30 seconds left.
|
|t:|1756800622
|move|p1b: Murkrow|Haze|p1b: Murkrow
|-clearallboost
|move|p1a: Gholdengo|Make It Rain|p2b: Incineroar|[spread] p2a,p2b
|-resisted|p2b: Incineroar
|-damage|p2a: Amoonguss|0 fnt
|-damage|p2b: Incineroar|52/100
|-unboost|p1a: Gholdengo|spa|1
|faint|p2a: Amoonguss
|move|p2b: Incineroar|Knock Off|p1a: Gholdengo
|-supereffective|p1a: Gholdengo
|-damage|p1a: Gholdengo|0 fnt
|faint|p1a: Gholdengo
|
|upkeep
|
|t:|1756800634
|switch|p1a: Indeedee|Indeedee, L50, M|100/100
|switch|p2a: Garchomp|Garchomp, L50, F|1/100
|-fieldstart|move: Psychic Terrain|[from] ability: Psychic Surge|[of] p1a: Indeedee
|turn|7
|
|t:|1756800653
|move|p2a: Garchomp|Protect|p2a: Garchomp
|-singleturn|p2a: Garchomp|Protect
|move|p1a: Indeedee|Expanding Force|p2a: Garchomp|[spread] 
|-activate|p2a: Garchomp|move: Protect
|-immune|p2b: Incineroar
|move|p1b: Murkrow|Foul Play|p2b: Incineroar
|-resisted|p2b: Incineroar
|-damage|p2b: Incineroar|34/100
|move|p2b: Incineroar|Knock Off|p1a: Indeedee
|-supereffective|p1a: Indeedee
|-enditem|p1a: Indeedee|Focus Sash
|-damage|p1a: Indeedee|1/100
|
|upkeep
|turn|8
|
|t:|1756800670
|move|p2a: Garchomp|Protect|p2a: Garchomp
|-singleturn|p2a: Garchomp|Protect
|move|p1a: Indeedee|Expanding Force|p2b: Incineroar|[spread] 
|-activate|p2a: Garchomp|move: Protect
|-immune|p2b: Incineroar
|move|p1b: Murkrow|Foul Play|p2b: Incineroar
|-resisted|p2b: Incineroar
|-damage|p2b: Incineroar|16/100
|move|p2b: Incineroar|Knock Off|p1a: Indeedee
|-supereffective|p1a: Indeedee
|-damage|p1a: Indeedee|0 fnt
|faint|p1a: Indeedee
|
|-sideend|p1: owbd|move: Tailwind
|upkeep
|turn|9
|
|t:|1756800688
|move|p2a: Garchomp|Dragon Claw|p1b: Murkrow
|-damage|p1b: Murkrow|8/100
|move|p1b: Murkrow|Foul Play|p2a: Garchomp
|-damage|p2a: Garchomp|0 fnt
|-damage|p1b: Murkrow|0 fnt|[from] ability: Rough Skin|[of] p2a: Garchomp
|faint|p2a: Garchomp
|faint|p1b: Murkrow
|
|win|dr_sugus_vgc
||owbd is ready for game 3.
|inactive|dr_sugus_vgc has 30 seconds to confirm battle start!
||dr_sugus_vgc is ready for game 3.
|uhtml|next|Next: Game 3 of 3
