|j|☆Moonlight Flutter
|j|☆zefhkb505
|html|Moonlight Flutterzefhkb505    
|uhtml|bestof|Game 3 of a best-of-3
|t:|1784789645
|gametype|doubles
|player|p1|Moonlight Flutter|miku-flying|
|player|p2|zefhkb505|hilbert|
|gen|9
|tier|[Gen 9 Champions] VGC 2026 Reg M-B (Bo3)
|rule|Species Clause: Limit one of each Pokémon
|rule|Item Clause: Limit 1 of each item
|clearpoke
|poke|p1|Floette-Eternal, L50, F|
|poke|p1|Maushold, L50|
|poke|p1|Pelipper, L50, M|
|poke|p1|Basculegion, L50, M|
|poke|p1|Kingambit, L50, F|
|poke|p1|Armarouge, L50, F|
|poke|p2|Azumarill, L50, F|
|poke|p2|Sinistcha, L50|
|poke|p2|Farigiraf, L50, F|
|poke|p2|Pelipper, L50, M|
|poke|p2|Incineroar, L50, M|
|poke|p2|Raichu, L50, F|
|teampreview|4
|showteam|p1|Floette-Eternal||Floettite|FlowerVeil|Moonblast,DazzlingGleam,CalmMind,Protect|Timid||F|||50|]Maushold||ChopleBerry|FriendGuard|FollowMe,SuperFang,Encore,Protect|Jolly|||||50|]Pelipper||FocusSash|Drizzle|Hurricane,MuddyWater,Tailwind,Protect|Modest||M|||50|]Basculegion||MysticWater|SwiftSwim|LastRespects,WaveCrash,FlipTurn,AquaJet|Adamant||M|||50|]Kingambit||BlackGlasses|Defiant|KowtowCleave,SuckerPunch,SwordsDance,Protect|Adamant||F|||50|]Armarouge||ShucaBerry|FlashFire|ArmorCannon,Psychic,TrickRoom,Protect|Modest||F|||50|
|showteam|p2|Azumarill||SitrusBerry|HugePower|BellyDrum,AquaJet,PlayRough,Protect|Adamant||F|||50|]Sinistcha||CobaBerry|Hospitality|RagePowder,MatchaGotcha,TrickRoom,LifeDew|Relaxed|||||50|]Farigiraf||ColburBerry|ArmorTail|TwinBeam,TrickRoom,LightScreen,HyperVoice|Quiet||F|||50|]Pelipper||LifeOrb|Drizzle|Hurricane,WeatherBall,Roost,WideGuard|Modest||M|||50|]Incineroar||PasshoBerry|Intimidate|FakeOut,FlareBlitz,PartingShot,DarkestLariat|Adamant||M|||50|]Raichu||RaichuniteY|LightningRod|FakeOut,FocusBlast,ZapCannon,Protect|Timid||F|||50|
|
|t:|1784789697
|teamsize|p1|4
|teamsize|p2|4
|start
|switch|p1a: Pelipper|Pelipper, L50, M|100/100
|switch|p1b: Basculegion|Basculegion, L50, M|100/100
|switch|p2a: Incineroar|Incineroar, L50, M|100/100
|switch|p2b: Farigiraf|Farigiraf, L50, F|100/100
|-weather|RainDance|[from] ability: Drizzle|[of] p1a: Pelipper
|-ability|p2a: Incineroar|Intimidate|boost
|-unboost|p1a: Pelipper|atk|1
|-unboost|p1b: Basculegion|atk|1
|turn|1
|
|t:|1784789717
|switch|p2b: Sinistcha|Sinistcha, L50|100/100
|move|p1b: Basculegion|Flip Turn|p2a: Incineroar
|-supereffective|p2a: Incineroar|1
|-enditem|p2a: Incineroar|Passho Berry|[eat]
|-enditem|p2a: Incineroar|Passho Berry|[weaken]
|-damage|p2a: Incineroar|63/100
|
|t:|1784789723
|switch|p1b: Floette|Floette-Eternal, L50, F|100/100|[from] Flip Turn
|move|p1a: Pelipper|Muddy Water|p2a: Incineroar|[spread] p2a,p2b
|-supereffective|p2a: Incineroar|1
|-resisted|p2b: Sinistcha|1
|-damage|p2a: Incineroar|0 fnt
|-damage|p2b: Sinistcha|75/100
|faint|p2a: Incineroar
|
|-weather|RainDance|[upkeep]
|upkeep
|
|t:|1784789732
|switch|p2a: Azumarill|Azumarill, L50, F|100/100
|turn|2
|
|t:|1784789749
|detailschange|p1b: Floette|Floette-Mega, L50, F
|-mega|p1b: Floette|Floette|Floettite
|-ability|p1b: Floette|Fairy Aura
|move|p2a: Azumarill|Aqua Jet|p1b: Floette
|-damage|p1b: Floette|46/100
|move|p1b: Floette|Dazzling Gleam|p2a: Azumarill|[spread] p2a,p2b
|-damage|p2a: Azumarill|55/100
|-damage|p2b: Sinistcha|21/100
|move|p1a: Pelipper|Muddy Water|p2a: Azumarill|[spread] p2a,p2b
|-resisted|p2a: Azumarill|1
|-resisted|p2b: Sinistcha|1
|-damage|p2a: Azumarill|32/100
|-damage|p2b: Sinistcha|0 fnt
|-enditem|p2a: Azumarill|Sitrus Berry|[eat]
|-heal|p2a: Azumarill|57/100|[from] item: Sitrus Berry
|faint|p2b: Sinistcha
|
|-weather|RainDance|[upkeep]
|upkeep
|
|t:|1784789763
|switch|p2b: Farigiraf|Farigiraf, L50, F|100/100
|turn|3
|
|t:|1784789769
|switch|p1a: Maushold|Maushold, L50|100/100
|move|p1b: Floette|Dazzling Gleam|p2b: Farigiraf|[spread] p2a,p2b
|-damage|p2a: Azumarill|6/100
|-damage|p2b: Farigiraf|55/100
|move|p2a: Azumarill|Play Rough|p1a: Maushold
|-damage|p1a: Maushold|0 fnt
|faint|p1a: Maushold
|move|p2b: Farigiraf|Trick Room|p2b: Farigiraf
|-fieldstart|move: Trick Room|[of] p2b: Farigiraf
|
|-weather|RainDance|[upkeep]
|upkeep
|
|t:|1784789777
|switch|p1a: Pelipper|Pelipper, L50, M|100/100
|turn|4
|
|t:|1784789799
|move|p2a: Azumarill|Protect|p2a: Azumarill
|-singleturn|p2a: Azumarill|Protect
|move|p2b: Farigiraf|Hyper Voice|p1a: Pelipper|[spread] p1a,p1b
|-damage|p1a: Pelipper|50/100g
|-damage|p1b: Floette|22/100
|move|p1a: Pelipper|Hurricane|p2a: Azumarill
|-activate|p2a: Azumarill|move: Protect
|move|p1b: Floette|Moonblast|p2b: Farigiraf
|-damage|p2b: Farigiraf|0 fnt
|faint|p2b: Farigiraf
|
|-weather|RainDance|[upkeep]
|upkeep
|turn|5
|
|t:|1784789812
|move|p2a: Azumarill|Play Rough|p1a: Pelipper
|-damage|p1a: Pelipper|0 fnt
|faint|p1a: Pelipper
|move|p1b: Floette|Moonblast|p2a: Azumarill
|-damage|p2a: Azumarill|0 fnt
|faint|p2a: Azumarill
|
|win|Moonlight Flutter
|c|☆zefhkb505|ggwp
|l|☆zefhkb505
|player|p2|
