|j|☆pawmifleet
|j|☆bathoven
|html|pawmifleetbathoven    
|uhtml|bestof|Game 1 of a best-of-3
|t:|1784072185
|gametype|doubles
|player|p1|pawmifleet|fisherman-gen4|1207
|player|p2|bathoven|pokemaniac|1129
|gen|9
|tier|[Gen 9 Champions] VGC 2026 Reg M-B (Bo3)
|rated|
|rule|Species Clause: Limit one of each Pokémon
|rule|Item Clause: Limit 1 of each item
|clearpoke
|poke|p1|Incineroar, L50, M|
|poke|p1|Venusaur, L50, M|
|poke|p1|Charizard, L50, M|
|poke|p1|Garchomp, L50, M|
|poke|p1|Toxapex, L50, M|
|poke|p1|Annihilape, L50, F|
|poke|p2|Typhlosion, L50, F|
|poke|p2|Froslass, L50, F|
|poke|p2|Aerodactyl, L50, M|
|poke|p2|Raichu, L50, M|
|poke|p2|Tsareena, L50, F|
|poke|p2|Corviknight, L50, M|
|teampreview|4
|showteam|p1|Incineroar||SitrusBerry|Intimidate|FakeOut,ThroatChop,FlareBlitz,PartingShot|Impish||M|||50|]Venusaur||LifeOrb|Chlorophyll|SolarBeam,SludgeBomb,EarthPower,Protect|Modest||M|||50|]Charizard||CharizarditeY|Blaze|HeatWave,WeatherBall,HelpingHand,Protect|Modest||M|||50|]Garchomp||ChoiceScarf|RoughSkin|DragonClaw,Earthquake,RockSlide,StompingTantrum|Adamant||M|||50|]Toxapex||Leftovers|Regenerator|Infestation,Toxic,BanefulBunker,WideGuard|Bold||M|||50|]Annihilape||FocusSash|Defiant|PhantomForce,CloseCombat,RockTomb,Protect|Jolly||F|||50|
|showteam|p2|Typhlosion||ChoiceScarf|FlashFire|Eruption,HeatWave,ScorchingSands,Overheat|Modest||F|||50|]Froslass||Froslassite|CursedBody|ShadowBall,AuroraVeil,Protect,Blizzard|Timid||F|||50|]Aerodactyl||Aerodactylite|Unnerve|Tailwind,RockSlide,DualWingbeat,Protect|Jolly||M|||50|]Raichu||MentalHerb|LightningRod|FakeOut,HelpingHand,Encore,Thunderbolt|Hasty||M|||50|]Tsareena||SitrusBerry|QueenlyMajesty|Uturn,TropKick,Taunt,KnockOff|Adamant||F|||50|]Corviknight||OccaBerry|MirrorArmor|Tailwind,Uturn,IronHead,BodyPress|Jolly||M|||50|
|inactive|Battle timer is ON: inactive players will automatically lose when time's up. (requested by pawmifleet)
|c|☆bathoven|Gl hf
|inactive|bathoven has 60 seconds left.
|
|t:|1784072236
|teamsize|p1|4
|teamsize|p2|4
|start
|switch|p1a: Garchomp|Garchomp, L50, M|100/100
|switch|p1b: Charizard|Charizard, L50, M|100/100
|switch|p2a: Froslass|Froslass, L50, F|100/100
|switch|p2b: Raichu|Raichu, L50, M|100/100
|turn|1
|
|t:|1784072260
|detailschange|p2a: Froslass|Froslass-Mega, L50, F
|-mega|p2a: Froslass|Froslass|Froslassite
|-weather|Snowscape|[from] ability: Snow Warning|[of] p2a: Froslass
|move|p1b: Charizard|Protect|p1b: Charizard
|-singleturn|p1b: Charizard|Protect
|move|p2b: Raichu|Fake Out|p1a: Garchomp
|-damage|p1a: Garchomp|90/100
|-damage|p2b: Raichu|88/100|[from] ability: Rough Skin|[of] p1a: Garchomp
|cant|p1a: Garchomp|flinch
|move|p2a: Froslass|Blizzard|p1a: Garchomp|[spread] p1a
|-activate|p1b: Charizard|move: Protect
|-supereffective|p1a: Garchomp|2
|-damage|p1a: Garchomp|0 fnt
|faint|p1a: Garchomp
|
|-weather|Snowscape|[upkeep]
|upkeep
|
|t:|1784072270
|switch|p1a: Venusaur|Venusaur, L50, M|100/100
|turn|2
|
|t:|1784072286
|switch|p2a: Typhlosion|Typhlosion, L50, F|100/100
|detailschange|p1b: Charizard|Charizard-Mega-Y, L50, M
|-mega|p1b: Charizard|Charizard|Charizardite Y
|-weather|SunnyDay|[from] ability: Drought|[of] p1b: Charizard
|move|p1a: Venusaur|Earth Power|p2b: Raichu
|-supereffective|p2b: Raichu|1
|-damage|p2b: Raichu|0 fnt
|faint|p2b: Raichu
|-damage|p1a: Venusaur|90/100|[from] item: Life Orb
|move|p1b: Charizard|Weather Ball|p2a: Typhlosion
|-start|p2a: Typhlosion|ability: Flash Fire
|
|-weather|SunnyDay|[upkeep]
|upkeep
|
|t:|1784072299
|switch|p2b: Froslass|Froslass-Mega, L50, F|100/100
|-weather|Snowscape|[from] ability: Snow Warning|[of] p2b: Froslass
|turn|3
|
|t:|1784072306
|switch|p1b: Annihilape|Annihilape, L50, F|100/100
|move|p1a: Venusaur|Protect|p1a: Venusaur
|-singleturn|p1a: Venusaur|Protect
|move|p2a: Typhlosion|Eruption|p1a: Venusaur|[spread] p1b
|-activate|p1a: Venusaur|move: Protect
|-damage|p1b: Annihilape|13/100
|move|p2b: Froslass|Blizzard|p1a: Venusaur|[spread] p1b
|-activate|p1a: Venusaur|move: Protect
|-damage|p1b: Annihilape|0 fnt
|faint|p1b: Annihilape
|
|-weather|Snowscape|[upkeep]
|upkeep
|
|t:|1784072309
|switch|p1b: Charizard|Charizard-Mega-Y, L50, M|100/100
|-weather|SunnyDay|[from] ability: Drought|[of] p1b: Charizard
|turn|4
|
|t:|1784072316
|switch|p2b: Aerodactyl|Aerodactyl, L50, M|100/100
|-ability|p2b: Aerodactyl|Unnerve
|move|p1a: Venusaur|Earth Power|p2a: Typhlosion
|-supereffective|p2a: Typhlosion|1
|-damage|p2a: Typhlosion|7/100
|-damage|p1a: Venusaur|80/100|[from] item: Life Orb
|move|p2a: Typhlosion|Eruption|p1a: Venusaur|[spread] p1a,p1b
|-supereffective|p1a: Venusaur|1
|-resisted|p1b: Charizard|1
|-damage|p1a: Venusaur|57/100
|-damage|p1b: Charizard|95/100
|move|p1b: Charizard|Heat Wave|p2a: Typhlosion|[spread] p2b
|-immune|p2a: Typhlosion|[from] ability: Flash Fire
|-resisted|p2b: Aerodactyl|1
|-damage|p2b: Aerodactyl|56/100
|
|-weather|SunnyDay|[upkeep]
|upkeep
|turn|5
|
|t:|1784072339
|move|p2b: Aerodactyl|Protect|p2b: Aerodactyl
|-singleturn|p2b: Aerodactyl|Protect
|move|p1a: Venusaur|Sludge Bomb|p2a: Typhlosion
|-damage|p2a: Typhlosion|0 fnt
|faint|p2a: Typhlosion
|-damage|p1a: Venusaur|48/100|[from] item: Life Orb
|move|p1b: Charizard|Heat Wave|p2b: Aerodactyl
|-activate|p2b: Aerodactyl|move: Protect
|
|-weather|SunnyDay|[upkeep]
|upkeep
|
|t:|1784072345
|switch|p2a: Froslass|Froslass-Mega, L50, F|100/100
|-weather|Snowscape|[from] ability: Snow Warning|[of] p2a: Froslass
|turn|6
|c|☆bathoven|Gg
|
|t:|1784072359
|move|p2b: Aerodactyl|Rock Slide|p1b: Charizard|[spread] p1a,p1b
|-supereffective|p1b: Charizard|2
|-damage|p1a: Venusaur|12/100
|-damage|p1b: Charizard|1/100
|move|p2a: Froslass|Blizzard|p1a: Venusaur|[spread] p1a,p1b
|-supereffective|p1a: Venusaur|1
|-damage|p1a: Venusaur|0 fnt
|-damage|p1b: Charizard|0 fnt
|faint|p1a: Venusaur
|faint|p1b: Charizard
|
|win|bathoven
