|j|☆Arkhept
|j|☆dialghite
|html|Arkheptdialghite    
|uhtml|bestof|Game 3 of a best-of-3
|t:|1756756950
|gametype|doubles
|player|p1|Arkhept|misty|1358
|player|p2|dialghite|volkner|1449
|gen|9
|tier|[Gen 9] VGC 2025 Reg H (Bo3)
|rated|
|rule|Species Clause: Limit one of each Pokémon
|rule|Item Clause: Limit 1 of each item
|clearpoke
|poke|p1|Milotic, L50, F|
|poke|p1|Tyranitar, L50, M|
|poke|p1|Talonflame, L50, F|
|poke|p1|Garchomp, L50, M|
|poke|p1|Amoonguss, L50, F|
|poke|p1|Gholdengo, L50|
|poke|p2|Whimsicott, L50, F|
|poke|p2|Corviknight, L50, F|
|poke|p2|Indeedee, L50, M|
|poke|p2|Sneasler, L50, F|
|poke|p2|Ursaluna-Bloodmoon, L50, M|
|poke|p2|Archaludon, L50, M|
|teampreview|4
|showteam|p1|Milotic||SafetyGoggles|Competitive|Scald,IcyWind,Haze,Protect|||F|||50|,,,,,Dragon]Tyranitar||AssaultVest|SandStream|RockSlide,KnockOff,LowKick,TeraBlast|||M|||50|,,,,,Flying]Talonflame||CovertCloak|GaleWings|BraveBird,Tailwind,WillOWisp,Taunt|||F|||50|,,,,,Ghost]Garchomp||LifeOrb|RoughSkin|Protect,StompingTantrum,Earthquake,DragonClaw|||M|||50|,,,,,Steel]Amoonguss||SitrusBerry|Regenerator|Protect,RagePowder,Spore,PollenPuff|||F|||50|,,,,,Water]Gholdengo||IronPlate|GoodasGold|MakeItRain,ShadowBall,NastyPlot,Protect||||||50|,,,,,Flying
|showteam|p2|Whimsicott||CovertCloak|Prankster|Moonblast,Taunt,Tailwind,FakeTears|||F|||50|,,,,,Water]Corviknight||Leftovers|MirrorArmor|BraveBird,BulkUp,Tailwind,Roost|||F|||50|,,,,,Dragon]Indeedee||FocusSash|PsychicSurge|ExpandingForce,TeraBlast,Imprison,TrickRoom|||M|||50|,,,,,Psychic]Sneasler||PsychicSeed|Unburden|CloseCombat,DireClaw,ThroatChop,Protect|||F|||50|,,,,,Dark]Ursaluna-Bloodmoon||LifeOrb|MindsEye|HyperVoice,BloodMoon,EarthPower,Protect|||M|||50|,,,,,Normal]Archaludon||PowerHerb|Stalwart|ElectroShot,DragonPulse,Thunderbolt,Protect|||M|||50|,,,,,Electric
|inactive|Battle timer is ON: inactive players will automatically lose when time's up. (requested by dialghite)
|
|t:|1756756965
|teamsize|p1|4
|teamsize|p2|4
|start
|switch|p1a: Tyranitar|Tyranitar, L50, M|100/100
|switch|p1b: Talonflame|Talonflame, L50, F|100/100
|switch|p2a: Indeedee|Indeedee, L50, M|100/100
|switch|p2b: Sneasler|Sneasler, L50, F|100/100
|-fieldstart|move: Psychic Terrain|[from] ability: Psychic Surge|[of] p2a: Indeedee
|-enditem|p2b: Sneasler|Psychic Seed
|-boost|p2b: Sneasler|spd|1|[from] item: Psychic Seed
|-weather|Sandstorm|[from] ability: Sand Stream|[of] p1a: Tyranitar
|turn|1
|inactive|Arkhept has 30 seconds left.
|
|t:|1756756996
|-terastallize|p2a: Indeedee|Psychic
|-terastallize|p1a: Tyranitar|Flying
|move|p1b: Talonflame|Tailwind|p1b: Talonflame
|-sidestart|p1: Arkhept|move: Tailwind
|move|p2b: Sneasler|Close Combat|p1a: Tyranitar
|-resisted|p1a: Tyranitar
|-damage|p1a: Tyranitar|73/100
|-unboost|p2b: Sneasler|def|1
|-unboost|p2b: Sneasler|spd|1
|move|p1a: Tyranitar|Tera Blast|p2b: Sneasler|[anim] Tera Blast Flying
|-supereffective|p2b: Sneasler
|-damage|p2b: Sneasler|0 fnt
|faint|p2b: Sneasler
|move|p2a: Indeedee|Expanding Force|p1b: Talonflame|[spread] p1a,p1b
|-damage|p1a: Tyranitar|30/100
|-damage|p1b: Talonflame|8/100
|
|-weather|Sandstorm|[upkeep]
|-damage|p1b: Talonflame|2/100|[from] Sandstorm
|-damage|p1a: Tyranitar|25/100|[from] Sandstorm
|-damage|p2a: Indeedee|95/100|[from] Sandstorm
|upkeep
|
|t:|1756757014
|switch|p2b: Corviknight|Corviknight, L50, F|100/100
|turn|2
|
|t:|1756757031
|move|p1b: Talonflame|Will-O-Wisp|p2b: Corviknight|[miss]
|-miss|p1b: Talonflame|p2b: Corviknight
|move|p1a: Tyranitar|Knock Off|p2a: Indeedee
|-supereffective|p2a: Indeedee
|-damage|p2a: Indeedee|0 fnt
|-enditem|p2a: Indeedee|Focus Sash|[from] move: Knock Off|[of] p1a: Tyranitar
|faint|p2a: Indeedee
|move|p2b: Corviknight|Bulk Up|p2b: Corviknight
|-boost|p2b: Corviknight|atk|1
|-boost|p2b: Corviknight|def|1
|
|-weather|Sandstorm|[upkeep]
|-damage|p1b: Talonflame|0 fnt|[from] Sandstorm
|-damage|p1a: Tyranitar|19/100|[from] Sandstorm
|faint|p1b: Talonflame
|upkeep
|c|☆dialghite|sorry
|c|☆Arkhept|np :)
|
|t:|1756757055
|switch|p1b: Gholdengo|Gholdengo, L50|100/100
|switch|p2a: Archaludon|Archaludon, L50, M|100/100
|turn|3
|inactive|dialghite has 30 seconds left.
|
|t:|1756757086
|move|p2a: Archaludon|Protect|p2a: Archaludon
|-singleturn|p2a: Archaludon|Protect
|move|p1b: Gholdengo|Nasty Plot|p1b: Gholdengo
|-boost|p1b: Gholdengo|spa|2
|move|p1a: Tyranitar|Low Kick|p2a: Archaludon
|-activate|p2a: Archaludon|move: Protect
|move|p2b: Corviknight|Tailwind|p2b: Corviknight
|-sidestart|p2: dialghite|move: Tailwind
|
|-weather|Sandstorm|[upkeep]
|-damage|p1a: Tyranitar|13/100|[from] Sandstorm
|upkeep
|turn|4
|
|t:|1756757104
|move|p1b: Gholdengo|Make It Rain|p2b: Corviknight|[spread] p2a,p2b
|-resisted|p2a: Archaludon
|-resisted|p2b: Corviknight
|-damage|p2a: Archaludon|17/100
|-damage|p2b: Corviknight|57/100
|-unboost|p1b: Gholdengo|spa|1
|move|p2a: Archaludon|Electro Shot||[still]
|-prepare|p2a: Archaludon|Electro Shot
|-boost|p2a: Archaludon|spa|1
|-enditem|p2a: Archaludon|Power Herb
|-anim|p2a: Archaludon|Electro Shot|p1b: Gholdengo
|-damage|p1b: Gholdengo|8/100
|move|p2b: Corviknight|Brave Bird|p1b: Gholdengo
|-resisted|p1b: Gholdengo
|-damage|p1b: Gholdengo|0 fnt
|faint|p1b: Gholdengo
|-damage|p2b: Corviknight|55/100|[from] Recoil
|move|p1a: Tyranitar|Low Kick|p2a: Archaludon
|-supereffective|p2a: Archaludon
|-damage|p2a: Archaludon|0 fnt
|faint|p2a: Archaludon
|
|-weather|Sandstorm|[upkeep]
|-damage|p1a: Tyranitar|7/100|[from] Sandstorm
|-heal|p2b: Corviknight|61/100|[from] item: Leftovers
|-sideend|p1: Arkhept|move: Tailwind
|upkeep
|
|t:|1756757111
|switch|p1b: Garchomp|Garchomp, L50, M|100/100
|turn|5
|
|t:|1756757122
|move|p2b: Corviknight|Bulk Up|p2b: Corviknight
|-boost|p2b: Corviknight|atk|1
|-boost|p2b: Corviknight|def|1
|move|p1b: Garchomp|Dragon Claw|p2b: Corviknight
|-resisted|p2b: Corviknight
|-damage|p2b: Corviknight|49/100
|-damage|p1b: Garchomp|91/100|[from] item: Life Orb
|move|p1a: Tyranitar|Knock Off|p2b: Corviknight
|-damage|p2b: Corviknight|28/100
|-enditem|p2b: Corviknight|Leftovers|[from] move: Knock Off|[of] p1a: Tyranitar
|
|-weather|none
|-fieldend|move: Psychic Terrain
|upkeep
|turn|6
|inactive|Arkhept has 30 seconds left.
|
|t:|1756757154
|move|p2b: Corviknight|Brave Bird|p1a: Tyranitar
|-crit|p1a: Tyranitar
|-damage|p1a: Tyranitar|0 fnt
|faint|p1a: Tyranitar
|-damage|p2b: Corviknight|26/100|[from] Recoil
|move|p1b: Garchomp|Earthquake|p2b: Corviknight
|-immune|p2b: Corviknight
|
|-sideend|p2: dialghite|move: Tailwind
|upkeep
|turn|7
|
|t:|1756757169
|move|p1b: Garchomp|Dragon Claw|p2b: Corviknight
|-resisted|p2b: Corviknight
|-damage|p2b: Corviknight|15/100
|-damage|p1b: Garchomp|81/100|[from] item: Life Orb
|move|p2b: Corviknight|Roost|p2b: Corviknight
|-heal|p2b: Corviknight|65/100
|-singleturn|p2b: Corviknight|move: Roost
|
|upkeep
|turn|8
|-message|Arkhept forfeited.
|
|win|dialghite
|raw|Arkhept's rating: 1358 → 1343(-15 for losing)
|raw|dialghite's rating: 1449 → 1464(+15 for winning)
