|j|☆CCmanny
|j|☆OreburghRanger
|html|CCmannyOreburghRanger    
|uhtml|bestof|Game 2 of a best-of-3
|t:|1756404453
|gametype|doubles
|player|p1|CCmanny|ethan|
|player|p2|OreburghRanger|pokemonranger-gen4|
|gen|9
|tier|[Gen 9] VGC 2025 Reg H (Bo3)
|rule|Species Clause: Limit one of each Pokémon
|rule|Item Clause: Limit 1 of each item
|clearpoke
|poke|p1|Ninetales-Alola, L50, M|
|poke|p1|Corviknight, L50, M|
|poke|p1|Incineroar, L50, F|
|poke|p1|Garchomp, L50, M|
|poke|p1|Amoonguss, L50, M|
|poke|p1|Flamigo, L50, F|
|poke|p2|Charizard, L50, M|
|poke|p2|Torkoal, L50, F|
|poke|p2|Porygon2, L50|
|poke|p2|Incineroar, L50, M|
|poke|p2|Jumpluff, L50, F|
|poke|p2|Ursaluna, L50, M|
|teampreview|4
|showteam|p1|Ninetales-Alola||LightClay|SnowWarning|Blizzard,FreezeDry,AuroraVeil,Protect|||M|||50|,,,,,Ghost]Corviknight||SitrusBerry|MirrorArmor|BraveBird,BulkUp,Tailwind,Roost|||M|||50|,,,,,Fire]Incineroar||AssaultVest|Intimidate|FlareBlitz,KnockOff,Uturn,FakeOut|||F|||50|,,,,,Ghost]Garchomp||LifeOrb|RoughSkin|Earthquake,DragonClaw,SwordsDance,Protect|||M|||50|,,,,,Fire]Amoonguss||RockyHelmet|Regenerator|PollenPuff,RagePowder,Spore,Protect|||M|||50|,,,,,Dark]Flamigo||FocusSash|Scrappy|BraveBird,CloseCombat,Detect,WideGuard|||F|||50|,,,,,Ghost
|showteam|p2|Charizard||ChoiceSpecs|SolarPower|HeatWave,Overheat,WeatherBall,AirSlash|||M|||50|,,,,,Ghost]Torkoal||EjectPack|Drought|Eruption,Overheat,HelpingHand,Protect|||F|||50|,,,,,Fire]Porygon2||Eviolite|Download|TeraBlast,IceBeam,Recover,TrickRoom||||||50|,,,,,Fighting]Incineroar||SafetyGoggles|Intimidate|FlareBlitz,KnockOff,FakeOut,PartingShot|||M|||50|,,,,,Ghost]Jumpluff||CovertCloak|Chlorophyll|SleepPowder,SunnyDay,RagePowder,Tailwind|||F|||50|,,,,,Water]Ursaluna||FlameOrb|Guts|HeadlongRush,Facade,Earthquake,Protect|||M|||50|,,,,,Ghost
|inactive|Battle timer is ON: inactive players will automatically lose when time's up. (requested by OreburghRanger)
|inactive|CCmanny has 60 seconds left.
|
|t:|1756404510
|teamsize|p1|4
|teamsize|p2|4
|start
|switch|p1a: Flamigo|Flamigo, L50, F|100/100
|switch|p1b: Incineroar|Incineroar, L50, F|100/100
|switch|p2a: Ayanami|Porygon2, L50, shiny|100/100
|switch|p2b: Ryo the Stern|Torkoal, L50, F|100/100
|-ability|p1b: Incineroar|Intimidate|boost
|-unboost|p2a: Ayanami|atk|1
|-unboost|p2b: Ryo the Stern|atk|1
|-ability|p2a: Ayanami|Download|boost
|-boost|p2a: Ayanami|spa|1
|-weather|SunnyDay|[from] ability: Drought|[of] p2b: Ryo the Stern
|-enditem|p2b: Ryo the Stern|Eject Pack
|
|t:|1756404520
|switch|p2b: Koshamain|Ursaluna, L50, M|100/100
|turn|1
|
|t:|1756404543
|move|p1b: Incineroar|Fake Out|p2a: Ayanami
|-damage|p2a: Ayanami|92/100
|move|p1a: Flamigo|Close Combat|p2a: Ayanami
|-supereffective|p2a: Ayanami
|-damage|p2a: Ayanami|16/100
|-unboost|p1a: Flamigo|def|1
|-unboost|p1a: Flamigo|spd|1
|move|p2b: Koshamain|Headlong Rush|p1b: Incineroar
|-supereffective|p1b: Incineroar
|-damage|p1b: Incineroar|0 fnt
|-unboost|p2b: Koshamain|def|1
|-unboost|p2b: Koshamain|spd|1
|faint|p1b: Incineroar
|cant|p2a: Ayanami|flinch
|
|-weather|SunnyDay|[upkeep]
|-status|p2b: Koshamain|brn|[from] item: Flame Orb
|upkeep
|inactive|CCmanny has 30 seconds left.
|
|t:|1756404569
|switch|p1b: Garchomp|Garchomp, L50, M|100/100
|turn|2
|inactive|OreburghRanger has 30 seconds left.
|
|t:|1756404596
|move|p2b: Koshamain|Protect|p2b: Koshamain
|-singleturn|p2b: Koshamain|Protect
|move|p1b: Garchomp|Earthquake|p2a: Ayanami|[spread] p2a
|-activate|p2b: Koshamain|move: Protect
|-immune|p1a: Flamigo
|-damage|p2a: Ayanami|0 fnt
|faint|p2a: Ayanami
|-damage|p1b: Garchomp|91/100|[from] item: Life Orb
|move|p1a: Flamigo|Close Combat|p2b: Koshamain
|-activate|p2b: Koshamain|move: Protect
|
|-weather|SunnyDay|[upkeep]
|-damage|p2b: Koshamain|95/100 brn|[from] brn
|upkeep
|
|t:|1756404602
|switch|p2a: Kenshin|Charizard, L50, M, shiny|100/100
|turn|3
|inactive|CCmanny has 30 seconds left.
|inactive|CCmanny has 20 seconds left.
|inactive|CCmanny has 15 seconds left.
|inactive|OreburghRanger has 30 seconds left.
|inactive|CCmanny has 10 seconds left.
|inactive|CCmanny has 5 seconds left.
|
|t:|1756404655
|switch|p2b: Ryo the Stern|Torkoal, L50, F|100/100
|move|p1b: Garchomp|Dragon Claw|p2b: Ryo the Stern
|-damage|p2b: Ryo the Stern|58/100
|-damage|p1b: Garchomp|81/100|[from] item: Life Orb
|move|p2a: Kenshin|Overheat|p1b: Garchomp|[miss]
|-miss|p2a: Kenshin|p1b: Garchomp
|move|p1a: Flamigo|Close Combat|p2b: Ryo the Stern
|-damage|p2b: Ryo the Stern|15/100
|-unboost|p1a: Flamigo|def|1
|-unboost|p1a: Flamigo|spd|1
|
|-weather|SunnyDay|[upkeep]
|-damage|p2a: Kenshin|88/100|[from] ability: Solar Power|[of] p2a: Kenshin
|upkeep
|turn|4
|
|t:|1756404676
|move|p1b: Garchomp|Protect|p1b: Garchomp
|-singleturn|p1b: Garchomp|Protect
|move|p1a: Flamigo|Detect|p1a: Flamigo
|-singleturn|p1a: Flamigo|Protect
|move|p2a: Kenshin|Overheat|p1b: Garchomp
|-activate|p1b: Garchomp|move: Protect
|move|p2b: Ryo the Stern|Eruption|p1a: Flamigo|[spread] 
|-activate|p1a: Flamigo|move: Protect
|-activate|p1b: Garchomp|move: Protect
|
|-weather|SunnyDay|[upkeep]
|-damage|p2a: Kenshin|76/100|[from] ability: Solar Power|[of] p2a: Kenshin
|upkeep
|turn|5
|
|t:|1756404692
|move|p2b: Ryo the Stern|Protect|p2b: Ryo the Stern
|-singleturn|p2b: Ryo the Stern|Protect
|move|p1b: Garchomp|Dragon Claw|p2a: Kenshin
|-damage|p2a: Kenshin|2/100
|-damage|p1b: Garchomp|71/100|[from] item: Life Orb
|move|p2a: Kenshin|Overheat|p1b: Garchomp
|-resisted|p1b: Garchomp
|-damage|p1b: Garchomp|0 fnt
|-unboost|p2a: Kenshin|spa|2
|faint|p1b: Garchomp
|move|p1a: Flamigo|Close Combat|p2b: Ryo the Stern
|-activate|p2b: Ryo the Stern|move: Protect
|
|-weather|none
|upkeep
|
|t:|1756404706
|switch|p1b: Ninetales|Ninetales-Alola, L50, M|100/100
|-weather|Snowscape|[from] ability: Snow Warning|[of] p1b: Ninetales
|turn|6
|
|t:|1756404714
|move|p1b: Ninetales|Blizzard|p2a: Kenshin|[spread] p2a,p2b
|-resisted|p2b: Ryo the Stern
|-damage|p2a: Kenshin|0 fnt
|-damage|p2b: Ryo the Stern|0 fnt
|faint|p2a: Kenshin
|faint|p2b: Ryo the Stern
|move|p1a: Flamigo|Close Combat|p2: Kenshin|[notarget]
|-fail|p1a: Flamigo
|
|-weather|Snowscape|[upkeep]
|upkeep
|-message|OreburghRanger forfeited.
|
|win|CCmanny
