|j|☆Noyomi
|j|☆Darking81
|html|NoyomiDarking81    
|uhtml|bestof|Game 1 of a best-of-3
|t:|1785022725
|gametype|doubles
|player|p1|Noyomi|pokemonrangerf|
|player|p2|Darking81|170|
|gen|9
|tier|[Gen 9 Champions] VGC 2026 Reg M-B (Bo3)
|rule|Species Clause: Limit one of each Pokémon
|rule|Item Clause: Limit 1 of each item
|clearpoke
|poke|p1|Charizard, L50, M|
|poke|p1|Garchomp, L50, M|
|poke|p1|Sneasler, L50, M|
|poke|p1|Venusaur, L50, F|
|poke|p1|Milotic, L50, M|
|poke|p1|Ampharos, L50, F|
|poke|p2|Lucario, L50, F|
|poke|p2|Sableye, L50, M|
|poke|p2|Lycanroc-Dusk, L50, F|
|poke|p2|Luxray, L50, M|
|poke|p2|Hydreigon, L50, M|
|poke|p2|Talonflame, L50, M|
|teampreview|4
|showteam|p1|Charizard||CharizarditeY|Blaze|HeatWave,SolarBeam,Protect,ScorchingSands|Timid||M|||50|]Garchomp||SitrusBerry|RoughSkin|Earthquake,DragonClaw,Protect,RockSlide|Adamant||M|||50|]Sneasler||WhiteHerb|Unburden|CloseCombat,DireClaw,FakeOut,Protect|Adamant||M|||50|]Venusaur||FocusSash|Chlorophyll|SleepPowder,SludgeBomb,Protect,GigaDrain|Timid||F|||50|]Milotic||Leftovers|Competitive|Scald,IcyWind,Protect,LifeDew|Calm||M|||50|]Ampharos||Ampharosite|Static|DragonPulse,ParabolicCharge,Protect,HelpingHand|Modest||F|||50|
|showteam|p2|Lucario||Lucarionite|InnerFocus|AuraSphere,FlashCannon,Protect,DarkPulse|Timid||F|||50|]Sableye||SitrusBerry|Prankster|Reflect,KnockOff,Encore,LightScreen|Careful||M|||50|]Lycanroc-Dusk||LifeOrb|ToughClaws|RockSlide,Accelerock,CloseCombat,Protect|Jolly||F|||50|]Luxray||ExpertBelt|Intimidate|Crunch,HelpingHand,Protect,WildCharge|Adamant||M|||50|]Hydreigon||FocusSash|Levitate|EarthPower,DragonPulse,DarkPulse,Snarl|Serious||M|||50|]Talonflame|||GaleWings|Acrobatics,Tailwind,HeatWave,Uturn|Hasty||M|||50|
|
|t:|1785022778
|teamsize|p1|4
|teamsize|p2|4
|start
|switch|p1a: Calcifer|Charizard, L50, M|100/100
|switch|p1b: Soy Vegano|Venusaur, L50, F|100/100
|switch|p2a: Talonflame|Talonflame, L50, M|100/100
|switch|p2b: Hydreigon|Hydreigon, L50, M|100/100
|turn|1
|
|t:|1785022805
|detailschange|p1a: Calcifer|Charizard-Mega-Y, L50, M
|-mega|p1a: Calcifer|Charizard|Charizardite Y
|-weather|SunnyDay|[from] ability: Drought|[of] p1a: Calcifer
|move|p1a: Calcifer|Protect|p1a: Calcifer
|-singleturn|p1a: Calcifer|Protect
|move|p2a: Talonflame|Acrobatics|p1b: Soy Vegano
|-supereffective|p1b: Soy Vegano|1
|-damage|p1b: Soy Vegano|5/100
|move|p1b: Soy Vegano|Sleep Powder|p2a: Talonflame
|-status|p2a: Talonflame|slp|[from] move: Sleep Powder
|move|p2b: Hydreigon|Dragon Pulse|p1a: Calcifer
|-activate|p1a: Calcifer|move: Protect
|
|-weather|SunnyDay|[upkeep]
|upkeep
|turn|2
|
|t:|1785022830
|move|p1b: Soy Vegano|Sleep Powder|p2b: Hydreigon
|-status|p2b: Hydreigon|slp|[from] move: Sleep Powder
|cant|p2a: Talonflame|slp
|move|p1a: Calcifer|Heat Wave|p2b: Hydreigon|[spread] p2b
|-miss|p1a: Calcifer|p2a: Talonflame
|-resisted|p2b: Hydreigon|1
|-damage|p2b: Hydreigon|69/100 slp
|cant|p2b: Hydreigon|slp
|
|-weather|SunnyDay|[upkeep]
|upkeep
|turn|3
|
|t:|1785022852
|switch|p1a: Sssssss|Milotic, L50, M|100/100
|move|p1b: Soy Vegano|Sludge Bomb|p2b: Hydreigon
|-damage|p2b: Hydreigon|29/100 slp
|-curestatus|p2a: Talonflame|slp|[msg]
|move|p2a: Talonflame|U-turn|p1b: Soy Vegano
|-damage|p1b: Soy Vegano|0 fnt
|faint|p1b: Soy Vegano
|
|t:|1785022862
|switch|p2a: Sableye|Sableye, L50, M|100/100|[from] U-turn
|cant|p2b: Hydreigon|slp
|
|-weather|SunnyDay|[upkeep]
|upkeep
|
|t:|1785022869
|switch|p1b: ku-chau|Sneasler, L50, M|100/100
|turn|4
|
|t:|1785022883
|move|p2a: Sableye|Light Screen|p2a: Sableye
|-sidestart|p2: Darking81|move: Light Screen
|move|p1b: ku-chau|Dire Claw|p2a: Sableye
|-resisted|p2a: Sableye|1
|-damage|p2a: Sableye|71/100
|-curestatus|p2b: Hydreigon|slp|[msg]
|move|p2b: Hydreigon|Earth Power|p1b: ku-chau
|-supereffective|p1b: ku-chau|1
|-damage|p1b: ku-chau|9/100
|move|p1a: Sssssss|Icy Wind|p2b: Hydreigon|[spread] p2a,p2b
|-supereffective|p2b: Hydreigon|1
|-damage|p2a: Sableye|63/100
|-damage|p2b: Hydreigon|17/100
|-unboost|p2a: Sableye|spe|1
|-unboost|p2b: Hydreigon|spe|1
|
|-weather|SunnyDay|[upkeep]
|upkeep
|turn|5
|
|t:|1785022907
|move|p2a: Sableye|Reflect|p2a: Sableye
|-sidestart|p2: Darking81|Reflect
|move|p1b: ku-chau|Close Combat|p2b: Hydreigon
|-supereffective|p2b: Hydreigon|1
|-crit|p2b: Hydreigon
|-damage|p2b: Hydreigon|0 fnt
|-unboost|p1b: ku-chau|def|1
|-unboost|p1b: ku-chau|spd|1
|faint|p2b: Hydreigon
|-enditem|p1b: ku-chau|White Herb
|-clearnegativeboost|p1b: ku-chau|[silent]
|move|p1a: Sssssss|Scald|p2a: Sableye
|-damage|p2a: Sableye|52/100
|-status|p2a: Sableye|brn
|
|-weather|none
|-damage|p2a: Sableye|47/100 brn|[from] brn
|upkeep
|-enditem|p2a: Sableye|Sitrus Berry|[eat]
|-heal|p2a: Sableye|71/100 brn|[from] item: Sitrus Berry
|
|t:|1785022919
|switch|p2b: Talonflame|Talonflame, L50, M|100/100
|turn|6
|
|t:|1785022936
|move|p1b: ku-chau|Protect|p1b: ku-chau
|-singleturn|p1b: ku-chau|Protect
|move|p2b: Talonflame|Acrobatics|p1a: Sssssss
|-damage|p1a: Sssssss|63/100
|move|p1a: Sssssss|Scald|p2b: Talonflame
|-supereffective|p2b: Talonflame|1
|-damage|p2b: Talonflame|42/100
|move|p2a: Sableye|Knock Off|p1b: ku-chau
|-activate|p1b: ku-chau|move: Protect
|
|-heal|p1a: Sssssss|69/100|[from] item: Leftovers
|-damage|p2a: Sableye|66/100 brn|[from] brn
|upkeep
|turn|7
|
|t:|1785022958
|switch|p1b: Calcifer|Charizard-Mega-Y, L50, M|100/100
|-weather|SunnyDay|[from] ability: Drought|[of] p1b: Calcifer
|move|p2b: Talonflame|Acrobatics|p1a: Sssssss
|-damage|p1a: Sssssss|35/100
|move|p1a: Sssssss|Scald|p2b: Talonflame
|-supereffective|p2b: Talonflame|1
|-damage|p2b: Talonflame|14/100
|move|p2a: Sableye|Knock Off|p1b: Calcifer
|-damage|p1b: Calcifer|88/100
|
|-weather|SunnyDay|[upkeep]
|-heal|p1a: Sssssss|41/100|[from] item: Leftovers
|-damage|p2a: Sableye|60/100 brn|[from] brn
|upkeep
|turn|8
|
|t:|1785022991
|move|p1b: Calcifer|Protect|p1b: Calcifer
|-singleturn|p1b: Calcifer|Protect
|move|p2a: Sableye|Encore|p1b: Calcifer
|-activate|p1b: Calcifer|move: Protect
|move|p2b: Talonflame|Acrobatics|p1a: Sssssss
|-damage|p1a: Sssssss|6/100
|move|p1a: Sssssss|Scald|p2b: Talonflame
|-supereffective|p2b: Talonflame|1
|-damage|p2b: Talonflame|0 fnt
|faint|p2b: Talonflame
|
|-weather|SunnyDay|[upkeep]
|-heal|p1a: Sssssss|12/100|[from] item: Leftovers
|-damage|p2a: Sableye|54/100 brn|[from] brn
|-sideend|p2: Darking81|move: Light Screen
|upkeep
|
|t:|1785022998
|switch|p2b: Lucario|Lucario, L50, F|100/100
|turn|9
|
|t:|1785023020
|detailschange|p2b: Lucario|Lucario-Mega, L50, F
|-mega|p2b: Lucario|Lucario|Lucarionite
|move|p1a: Sssssss|Protect|p1a: Sssssss
|-singleturn|p1a: Sssssss|Protect
|move|p2a: Sableye|Encore|p1b: Calcifer
|-start|p1b: Calcifer|Encore
|move|p1b: Calcifer|Protect||[still]
|-fail|p1b: Calcifer
|move|p2b: Lucario|Dark Pulse|p1a: Sssssss
|-activate|p1a: Sssssss|move: Protect
|
|-weather|SunnyDay|[upkeep]
|-heal|p1a: Sssssss|18/100|[from] item: Leftovers
|-damage|p2a: Sableye|49/100 brn|[from] brn
|-sideend|p2: Darking81|Reflect
|upkeep
|turn|10
|
|t:|1785023042
|move|p1b: Calcifer|Protect|p1b: Calcifer
|-singleturn|p1b: Calcifer|Protect
|move|p2a: Sableye|Encore|p1a: Sssssss
|-start|p1a: Sssssss|Encore
|move|p1a: Sssssss|Protect||[still]
|-fail|p1a: Sssssss
|move|p2b: Lucario|Dark Pulse|p1a: Sssssss
|-damage|p1a: Sssssss|0 fnt
|faint|p1a: Sssssss
|
|-weather|SunnyDay|[upkeep]
|-damage|p2a: Sableye|43/100 brn|[from] brn
|upkeep
|
|t:|1785023052
|switch|p1a: ku-chau|Sneasler, L50, M|9/100
|turn|11
|
|t:|1785023058
|move|p2b: Lucario|Protect|p2b: Lucario
|-singleturn|p2b: Lucario|Protect
|move|p1b: Calcifer|Protect|p1b: Calcifer
|-singleturn|p1b: Calcifer|Protect
|move|p1a: ku-chau|Close Combat|p2b: Lucario
|-activate|p2b: Lucario|move: Protect
|move|p2a: Sableye|Knock Off|p1a: ku-chau
|-resisted|p1a: ku-chau|1
|-damage|p1a: ku-chau|2/100
|
|-weather|none
|-damage|p2a: Sableye|37/100 brn|[from] brn
|-end|p1b: Calcifer|Encore
|upkeep
|turn|12
|
|t:|1785023086
|move|p2a: Sableye|Encore|p1b: Calcifer
|-start|p1b: Calcifer|Encore
|move|p1b: Calcifer|Protect||[still]
|-fail|p1b: Calcifer
|move|p2b: Lucario|Flash Cannon|p1a: ku-chau
|-damage|p1a: ku-chau|0 fnt
|faint|p1a: ku-chau
|
|-damage|p2a: Sableye|31/100 brn|[from] brn
|upkeep
|turn|13
|
|t:|1785023117
|move|p1b: Calcifer|Protect|p1b: Calcifer
|-singleturn|p1b: Calcifer|Protect
|move|p2a: Sableye|Encore|p1b: Calcifer
|-activate|p1b: Calcifer|move: Protect
|move|p2b: Lucario|Dark Pulse|p1b: Calcifer
|-activate|p1b: Calcifer|move: Protect
|
|-damage|p2a: Sableye|26/100 brn|[from] brn
|upkeep
|turn|14
|
|t:|1785023131
|move|p1b: Calcifer|Protect||[still]
|-fail|p1b: Calcifer
|move|p2a: Sableye|Encore||[still]
|-fail|p2a: Sableye
|move|p2b: Lucario|Dark Pulse|p1b: Calcifer
|-damage|p1b: Calcifer|57/100
|
|-damage|p2a: Sableye|20/100y brn|[from] brn
|-end|p1b: Calcifer|Encore
|upkeep
|turn|15
|
|t:|1785023145
|move|p2b: Lucario|Protect|p2b: Lucario
|-singleturn|p2b: Lucario|Protect
|move|p2a: Sableye|Encore||[still]
|-fail|p2a: Sableye
|move|p1b: Calcifer|Heat Wave|p2b: Lucario|[spread] p2a
|-activate|p2b: Lucario|move: Protect
|-damage|p2a: Sableye|0 fnt
|faint|p2a: Sableye
|
|upkeep
|turn|16
|
|t:|1785023157
|move|p2b: Lucario|Dark Pulse|p1b: Calcifer
|-damage|p1b: Calcifer|23/100
|move|p1b: Calcifer|Scorching Sands|p2b: Lucario
|-supereffective|p2b: Lucario|1
|-damage|p2b: Lucario|6/100
|
|upkeep
|turn|17
|
|t:|1785023167
|move|p2b: Lucario|Protect|p2b: Lucario
|-singleturn|p2b: Lucario|Protect
|move|p1b: Calcifer|Heat Wave|p2b: Lucario
|-activate|p2b: Lucario|move: Protect
|
|upkeep
|turn|18
|
|t:|1785023188
|move|p2b: Lucario|Dark Pulse|p1b: Calcifer
|-damage|p1b: Calcifer|0 fnt
|faint|p1b: Calcifer
|
|win|Darking81
