|j|☆iebilish
|j|☆Quttlefish
|html|iebilishQuttlefish    
|uhtml|bestof|Game 1 of a best-of-3
|t:|1783714120
|gametype|doubles
|player|p1|iebilish|169|
|player|p2|Quttlefish|riley|
|gen|9
|tier|[Gen 9 Champions] VGC 2026 Reg M-B (Bo3)
|rule|Species Clause: Limit one of each Pokémon
|rule|Item Clause: Limit 1 of each item
|clearpoke
|poke|p1|Excadrill, L50, M, shiny|
|poke|p1|Pidgeot, L50, F, shiny|
|poke|p1|Incineroar, L50, M, shiny|
|poke|p1|Primarina, L50, F, shiny|
|poke|p1|Scovillain, L50, M, shiny|
|poke|p1|Pikachu, L50, M, shiny|
|poke|p2|Steelix, L50, M|
|poke|p2|Raichu-Alola, L50, F|
|poke|p2|Gardevoir, L50, F|
|poke|p2|Dragapult, L50, M|
|poke|p2|Klefki, L50, F|
|poke|p2|Sneasler, L50, F|
|teampreview|4
|showteam|p1|Excadrill||Excadrite|SandRush|RockSlide,IronHead,Earthquake,Protect|Jolly||M|||50|]Pidgeot||SitrusBerry|KeenEye|Tailwind,DualWingbeat,Uturn,Protect|Jolly||F|||50|]Incineroar||MentalHerb|Blaze|FakeOut,DarkestLariat,PartingShot,Protect|Careful||M|||50|]Primarina||Leftovers|Torrent|HyperVoice,CalmMind,DazzlingGleam,Protect|Modest||F|||50|]Scovillain||Scovillainite|Chlorophyll|LeechSeed,WillOWisp,GigaDrain,Protect|Calm||M|||50|]Pikachu||FocusSash|LightningRod|Encore,Endeavor,KnockOff,FakeOut|Jolly||M|||50|
|showteam|p2|Steelix||Steelixite|SheerForce|BodyPress,Curse,GyroBall,DrillRun|Relaxed||M|||50|]Raichu-Alola||BrightPowder|SurgeSurfer|VoltSwitch,LightScreen,Reflect,Substitute|Timid||F|||50|]Gardevoir||WideLens|Telepathy|Psychic,AuraSphere,Moonblast,Protect|Timid||F|||50|]Dragapult||KingsRock|Infiltrator|DragonDarts,ShadowBall,PhantomForce,Uturn|Hasty||M|||50|]Klefki||FocusSash|Prankster|TrickRoom,Sandstorm,FoulPlay,ThunderWave|Relaxed||F|||50|]Sneasler||WhiteHerb|Unburden|DireClaw,CloseCombat,NightSlash,Toxic|Adamant||F|||50|
|
|t:|1783714137
|teamsize|p1|4
|teamsize|p2|4
|start
|switch|p1a: Excadrill|Excadrill, L50, M, shiny|100/100
|switch|p1b: Pidgeot|Pidgeot, L50, F, shiny|100/100
|switch|p2a: Steelix|Steelix, L50, M|100/100
|switch|p2b: Klefki|Klefki, L50, F|100/100
|turn|1
|j| meknomancer
|j| Terrycat
|j| raccan
|
|t:|1783714152
|detailschange|p1a: Excadrill|Excadrill-Mega, L50, M, shiny
|-mega|p1a: Excadrill|Excadrill|Excadrite
|detailschange|p2a: Steelix|Steelix-Mega, L50, M
|-mega|p2a: Steelix|Steelix|Steelixite
|move|p1a: Excadrill|Earthquake|p2a: Steelix|[spread] p2a,p2b
|-immune|p1b: Pidgeot
|-supereffective|p2a: Steelix|1
|-crit|p2a: Steelix
|-supereffective|p2b: Klefki|1
|-damage|p2a: Steelix|49/100
|-damage|p2b: Klefki|10/100
|move|p1b: Pidgeot|Tailwind|p1b: Pidgeot
|-sidestart|p1: iebilish|move: Tailwind
|move|p2a: Steelix|Curse|p2a: Steelix
|-unboost|p2a: Steelix|spe|1
|-boost|p2a: Steelix|atk|1
|-boost|p2a: Steelix|def|1
|move|p2b: Klefki|Trick Room|p2b: Klefki
|-fieldstart|move: Trick Room|[of] p2b: Klefki
|
|upkeep
|turn|2
|
|t:|1783714181
|switch|p1b: Incineroar|Incineroar, L50, M, shiny|100/100
|move|p1a: Excadrill|Protect|p1a: Excadrill
|-singleturn|p1a: Excadrill|Protect
|move|p2b: Klefki|Thunder Wave|p1b: Incineroar
|-hint|Since gen 7, Dark is immune to Prankster moves.
|-immune|p1b: Incineroar
|move|p2a: Steelix|Body Press|p1a: Excadrill
|-activate|p1a: Excadrill|move: Protect
|
|upkeep
|turn|3
|
|t:|1783714212
|move|p1b: Incineroar|Fake Out|p2a: Steelix
|-resisted|p2a: Steelix|1
|-crit|p2a: Steelix
|-damage|p2a: Steelix|45/100
|move|p2b: Klefki|Thunder Wave|p1b: Incineroar
|-hint|Since gen 7, Dark is immune to Prankster moves.
|-immune|p1b: Incineroar
|cant|p2a: Steelix|flinch
|move|p1a: Excadrill|Earthquake|p2b: Klefki|[spread] p1b,p2a,p2b
|-supereffective|p1b: Incineroar|1
|-supereffective|p2a: Steelix|1
|-supereffective|p2b: Klefki|1
|-damage|p1b: Incineroar|12/100
|-damage|p2a: Steelix|19/100
|-damage|p2b: Klefki|0 fnt
|faint|p2b: Klefki
|
|upkeep
|
|t:|1783714229
|switch|p2b: Watt|Raichu-Alola, L50, F|100/100
|turn|4
|
|t:|1783714248
|move|p1b: Incineroar|Protect|p1b: Incineroar
|-singleturn|p1b: Incineroar|Protect
|move|p1a: Excadrill|Protect|p1a: Excadrill
|-singleturn|p1a: Excadrill|Protect
|move|p2a: Steelix|Body Press|p1a: Excadrill
|-activate|p1a: Excadrill|move: Protect
|move|p2b: Watt|Volt Switch|p1b: Incineroar
|-activate|p1b: Incineroar|move: Protect
|
|-sideend|p1: iebilish|move: Tailwind
|upkeep
|turn|5
|
|t:|1783714268
|switch|p1b: Pidgeot|Pidgeot, L50, F, shiny|100/100
|move|p2a: Steelix|Body Press|p1a: Excadrill
|-supereffective|p1a: Excadrill|1
|-damage|p1a: Excadrill|0 fnt
|faint|p1a: Excadrill
|move|p2b: Watt|Substitute|p2b: Watt
|-start|p2b: Watt|Substitute
|-damage|p2b: Watt|75/100
|
|-fieldend|move: Trick Room
|upkeep
|
|t:|1783714277
|switch|p1a: Primarina|Primarina, L50, F, shiny|100/100
|turn|6
|
|t:|1783714290
|move|p2b: Watt|Volt Switch|p1a: Primarina
|-supereffective|p1a: Primarina|1
|-damage|p1a: Primarina|60/100
|
|t:|1783714308
|switch|p2b: Sneasler|Sneasler, L50, F|100/100|[from] Volt Switch
|move|p1b: Pidgeot|U-turn|p2b: Sneasler
|-resisted|p2b: Sneasler|2
|-damage|p2b: Sneasler|92/100
|
|t:|1783714315
|switch|p1b: Incineroar|Incineroar, L50, M, shiny|12/100|[from] U-turn
|move|p1a: Primarina|Hyper Voice|p2a: Steelix|[spread] p2a,p2b
|-resisted|p2a: Steelix|1
|-damage|p2a: Steelix|6/100
|-damage|p2b: Sneasler|58/100
|move|p2a: Steelix|Gyro Ball|p1b: Incineroar
|-resisted|p1b: Incineroar|1
|-damage|p1b: Incineroar|0 fnt
|faint|p1b: Incineroar
|
|-heal|p1a: Primarina|66/100|[from] item: Leftovers
|upkeep
|
|t:|1783714325
|switch|p1b: Pidgeot|Pidgeot, L50, F, shiny|100/100
|turn|7
|
|t:|1783714340
|move|p2b: Sneasler|Close Combat|p1a: Primarina
|-resisted|p1a: Primarina|1
|-damage|p1a: Primarina|21/100
|-unboost|p2b: Sneasler|def|1
|-unboost|p2b: Sneasler|spd|1
|-enditem|p2b: Sneasler|White Herb
|-clearnegativeboost|p2b: Sneasler|[silent]
|move|p1b: Pidgeot|Tailwind|p1b: Pidgeot
|-sidestart|p1: iebilish|move: Tailwind
|move|p1a: Primarina|Hyper Voice|p2b: Sneasler|[spread] p2a,p2b
|-resisted|p2a: Steelix|1
|-damage|p2a: Steelix|0 fnt
|-damage|p2b: Sneasler|22/100
|faint|p2a: Steelix
|
|-heal|p1a: Primarina|27/100|[from] item: Leftovers
|upkeep
|
|t:|1783714354
|switch|p2a: Watt|Raichu-Alola, L50, F|75/100
|turn|8
|
|t:|1783714369
|move|p2b: Sneasler|Dire Claw|p1a: Primarina
|-supereffective|p1a: Primarina|1
|-damage|p1a: Primarina|0 fnt
|faint|p1a: Primarina
|move|p1b: Pidgeot|Dual Wingbeat|p2a: Watt|[miss]
|-miss|p1b: Pidgeot|p2a: Watt
|move|p2a: Watt|Light Screen|p2a: Watt
|-sidestart|p2: Quttlefish|move: Light Screen
|
|upkeep
|turn|9
|
|t:|1783714381
|move|p2b: Sneasler|Dire Claw|p1b: Pidgeot
|-damage|p1b: Pidgeot|29/100
|-enditem|p1b: Pidgeot|Sitrus Berry|[eat]
|-heal|p1b: Pidgeot|54/100|[from] item: Sitrus Berry
|move|p1b: Pidgeot|Dual Wingbeat|p2b: Sneasler
|-supereffective|p2b: Sneasler|1
|-damage|p2b: Sneasler|0 fnt
|faint|p2b: Sneasler
|-hitcount|p2: Sneasler|1
|move|p2a: Watt|Reflect|p2a: Watt
|-sidestart|p2: Quttlefish|Reflect
|
|upkeep
|turn|10
|
|t:|1783714394
|move|p1b: Pidgeot|Dual Wingbeat|p2a: Watt
|-resisted|p2a: Watt|1
|-damage|p2a: Watt|65/100
|-resisted|p2a: Watt|1
|-damage|p2a: Watt|55/100
|-hitcount|p2a: Watt|2
|move|p2a: Watt|Volt Switch|p1b: Pidgeot
|-supereffective|p1b: Pidgeot|1
|-damage|p1b: Pidgeot|0 fnt
|faint|p1b: Pidgeot
|
|win|Quttlefish
||Quttlefish is ready for game 2.
|inactive|iebilish has 30 seconds to confirm battle start!
|l|☆iebilish
|player|p1|
|inactive|iebilish has 20 seconds to confirm battle start!
||iebilish is ready for game 2.
|uhtml|next|Next: Game 2 of 3
