|j|☆Descugi
|j|☆jANMxRin
|html|DescugijANMxRin    
|uhtml|bestof|Game 1 of a best-of-3
|t:|1756247359
|gametype|doubles
|player|p1|Descugi|170|1099
|player|p2|jANMxRin|acerola-masters|1000
|gen|9
|tier|[Gen 9] VGC 2025 Reg H (Bo3)
|rated|
|rule|Species Clause: Limit one of each Pokémon
|rule|Item Clause: Limit 1 of each item
|clearpoke
|poke|p1|Maushold-Four, L50|
|poke|p1|Annihilape, L50, M|
|poke|p1|Gholdengo, L50|
|poke|p1|Dragonite, L50, M|
|poke|p1|Garchomp, L50, F|
|poke|p1|Incineroar, L50, F|
|poke|p2|Sneasler, L50, M|
|poke|p2|Kingambit, L50, M|
|poke|p2|Rillaboom, L50, M|
|poke|p2|Dragonite, L50, M|
|poke|p2|Volcarona, L50, F|
|poke|p2|Electabuzz, L50, M|
|teampreview|4
|showteam|p1|Maushold-Four||RockyHelmet|FriendGuard|FollowMe,SuperFang,Protect,BeatUp||||||50|,,,,,Ghost]Annihilape||SafetyGoggles|Defiant|RageFist,DrainPunch,Protect,BulkUp|||M|||50|,,,,,Fire]Gholdengo||LifeOrb|GoodasGold|MakeItRain,ShadowBall,Protect,NastyPlot||||||50|,,,,,Water]Dragonite||LoadedDice|Multiscale|ScaleShot,Tailwind,Protect,Haze|||M|||50|,,,,,Fairy]Garchomp||ClearAmulet|RoughSkin|StompingTantrum,Earthquake,Protect,DragonClaw|||F|||50|,,,,,Ground]Incineroar||SitrusBerry|Intimidate|FlareBlitz,KnockOff,FakeOut,PartingShot|||F|||50|,,,,,Grass
|showteam|p2|Sneasler||FocusSash|Unburden|DireClaw,CloseCombat,Coaching,FakeOut|||M|||50|,,,,,Stellar]Kingambit||BlackGlasses|Defiant|KowtowCleave,SwordsDance,SuckerPunch,Protect|||M|||50|,,,,,Dark]Rillaboom||AssaultVest|GrassySurge|FakeOut,WoodHammer,GrassyGlide,HighHorsepower|||M|||50|,,,,,Fire]Dragonite||LoadedDice|Multiscale|ScaleShot,ExtremeSpeed,Haze,Protect|||M|||50|,,,,,Fairy]Volcarona||CovertCloak|FlameBody|HeatWave,TeraBlast,QuiverDance,Protect|||F|||50|,,,,,Fairy]Electabuzz||Eviolite|VitalSpirit|Electroweb,FollowMe,Taunt,Protect|||M|||50|,,,,,Ghost
|
|t:|1756247444
|teamsize|p1|4
|teamsize|p2|4
|start
|switch|p1a: Dragonite|Dragonite, L50, M|100/100
|switch|p1b: Garchomp|Garchomp, L50, F|100/100
|switch|p2a: Dragonite|Dragonite, L50, M|100/100
|switch|p2b: Electabuzz|Electabuzz, L50, M|100/100
|turn|1
|
|t:|1756247516
|switch|p2b: Rillaboom|Rillaboom, L50, M|100/100
|-fieldstart|move: Grassy Terrain|[from] ability: Grassy Surge|[of] p2b: Rillaboom
|-terastallize|p1b: Garchomp|Ground
|-terastallize|p2a: Dragonite|Fairy
|move|p1b: Garchomp|Earthquake|p2a: Dragonite|[spread] p2a,p2b
|-immune|p1a: Dragonite
|-resisted|p2b: Rillaboom
|-damage|p2a: Dragonite|83/100
|-damage|p2b: Rillaboom|86/100
|move|p2a: Dragonite|Scale Shot|p1b: Garchomp
|-damage|p1b: Garchomp|86/100
|-damage|p1b: Garchomp|71/100
|-damage|p1b: Garchomp|55/100
|-damage|p1b: Garchomp|40/100
|-hitcount|p1b: Garchomp|4
|-unboost|p2a: Dragonite|def|1
|-boost|p2a: Dragonite|spe|1
|move|p1a: Dragonite|Tailwind|p1a: Dragonite
|-sidestart|p1: Descugi|move: Tailwind
|
|-heal|p1b: Garchomp|46/100|[from] Grassy Terrain
|-heal|p2a: Dragonite|89/100|[from] Grassy Terrain
|-heal|p2b: Rillaboom|91/100|[from] Grassy Terrain
|upkeep
|turn|2
|
|t:|1756247550
|switch|p1b: Incineroar|Incineroar, L50, F|100/100
|-ability|p1b: Incineroar|Intimidate|boost
|-unboost|p2a: Dragonite|atk|1
|-unboost|p2b: Rillaboom|atk|1
|move|p2b: Rillaboom|Fake Out|p1b: Incineroar
|-damage|p1b: Incineroar|92/100
|move|p1a: Dragonite|Scale Shot|p2b: Rillaboom
|-damage|p2b: Rillaboom|78/100
|-damage|p2b: Rillaboom|63/100
|-damage|p2b: Rillaboom|48/100
|-damage|p2b: Rillaboom|32/100
|-damage|p2b: Rillaboom|18/100
|-hitcount|p2b: Rillaboom|5
|-unboost|p1a: Dragonite|def|1
|-boost|p1a: Dragonite|spe|1
|move|p2a: Dragonite|Scale Shot|p1a: Dragonite
|-supereffective|p1a: Dragonite
|-damage|p1a: Dragonite|85/100
|-supereffective|p1a: Dragonite
|-damage|p1a: Dragonite|53/100
|-supereffective|p1a: Dragonite
|-damage|p1a: Dragonite|19/100
|-supereffective|p1a: Dragonite
|-damage|p1a: Dragonite|0 fnt
|faint|p1a: Dragonite
|-hitcount|p1: Dragonite|4
|-unboost|p2a: Dragonite|def|1
|-boost|p2a: Dragonite|spe|1
|
|-heal|p2a: Dragonite|95/100|[from] Grassy Terrain
|-heal|p1b: Incineroar|98/100|[from] Grassy Terrain
|-heal|p2b: Rillaboom|24/100|[from] Grassy Terrain
|upkeep
|
|t:|1756247577
|switch|p1a: Annihilape|Annihilape, L50, M|100/100
|turn|3
|
|t:|1756247636
|move|p1b: Incineroar|Fake Out|p2b: Rillaboom
|-crit|p2b: Rillaboom
|-damage|p2b: Rillaboom|6/100
|cant|p2b: Rillaboom|flinch
|move|p1a: Annihilape|Rage Fist|p2a: Dragonite
|-damage|p2a: Dragonite|51/100
|move|p2a: Dragonite|Scale Shot|p1a: Annihilape
|-damage|p1a: Annihilape|90/100
|-damage|p1a: Annihilape|81/100
|-damage|p1a: Annihilape|71/100
|-damage|p1a: Annihilape|62/100
|-hitcount|p1a: Annihilape|4
|-unboost|p2a: Dragonite|def|1
|-boost|p2a: Dragonite|spe|1
|
|-heal|p2a: Dragonite|57/100|[from] Grassy Terrain
|-heal|p1a: Annihilape|68/100|[from] Grassy Terrain
|-heal|p1b: Incineroar|100/100|[from] Grassy Terrain
|-heal|p2b: Rillaboom|12/100|[from] Grassy Terrain
|upkeep
|turn|4
|
|t:|1756247689
|switch|p2b: Electabuzz|Electabuzz, L50, M|100/100
|move|p1a: Annihilape|Protect|p1a: Annihilape
|-singleturn|p1a: Annihilape|Protect
|move|p2a: Dragonite|Haze|p2a: Dragonite
|-clearallboost
|move|p1b: Incineroar|Flare Blitz|p2a: Dragonite
|-damage|p2a: Dragonite|2/100
|-damage|p1b: Incineroar|86/100|[from] Recoil
|
|-heal|p1a: Annihilape|74/100|[from] Grassy Terrain
|-heal|p1b: Incineroar|92/100|[from] Grassy Terrain
|-heal|p2a: Dragonite|8/100|[from] Grassy Terrain
|-sideend|p1: Descugi|move: Tailwind
|upkeep
|turn|5
|
|t:|1756247723
|move|p2a: Dragonite|Protect|p2a: Dragonite
|-singleturn|p2a: Dragonite|Protect
|move|p1a: Annihilape|Rage Fist|p2a: Dragonite
|-activate|p2a: Dragonite|move: Protect
|move|p2b: Electabuzz|Electroweb|p1a: Annihilape|[spread] p1a,p1b
|-damage|p1a: Annihilape|63/100
|-damage|p1b: Incineroar|81/100
|-unboost|p1a: Annihilape|spe|1
|-ability|p1a: Annihilape|Defiant|boost
|-boost|p1a: Annihilape|atk|2
|-unboost|p1b: Incineroar|spe|1
|move|p1b: Incineroar|Parting Shot|p2a: Dragonite
|-activate|p2a: Dragonite|move: Protect
|
|-heal|p2a: Dragonite|14/100|[from] Grassy Terrain
|-heal|p1a: Annihilape|69/100|[from] Grassy Terrain
|-heal|p1b: Incineroar|87/100|[from] Grassy Terrain
|-fieldend|move: Grassy Terrain
|upkeep
|turn|6
|
|t:|1756247750
|move|p2b: Electabuzz|Follow Me|p2b: Electabuzz
|-singleturn|p2b: Electabuzz|move: Follow Me
|move|p2a: Dragonite|Scale Shot|p1a: Annihilape|[miss]
|-miss|p2a: Dragonite|p1a: Annihilape
|move|p1a: Annihilape|Drain Punch|p2b: Electabuzz
|-damage|p2b: Electabuzz|50/100
|-heal|p1a: Annihilape|89/100|[from] drain|[of] p2b: Electabuzz
|move|p1b: Incineroar|Parting Shot|p2b: Electabuzz
|-unboost|p2b: Electabuzz|atk|1
|-unboost|p2b: Electabuzz|spa|1
|
|t:|1756247760
|switch|p1b: Garchomp|Garchomp, L50, F, tera:Ground|46/100|[from] Parting Shot
|
|upkeep
|turn|7
|
|t:|1756247820
|switch|p1b: Incineroar|Incineroar, L50, F|87/100
|-ability|p1b: Incineroar|Intimidate|boost
|-unboost|p2a: Dragonite|atk|1
|-unboost|p2b: Electabuzz|atk|1
|move|p2b: Electabuzz|Follow Me|p2b: Electabuzz
|-singleturn|p2b: Electabuzz|move: Follow Me
|move|p2a: Dragonite|Haze|p2a: Dragonite
|-clearallboost
|move|p1a: Annihilape|Rage Fist|p2b: Electabuzz
|-damage|p2b: Electabuzz|0 fnt
|faint|p2b: Electabuzz
|
|upkeep
|
|t:|1756247836
|switch|p2b: Volcarona|Volcarona, L50, F|100/100
|turn|8
|
|t:|1756247856
|move|p2b: Volcarona|Protect|p2b: Volcarona
|-singleturn|p2b: Volcarona|Protect
|move|p1b: Incineroar|Fake Out|p2a: Dragonite
|-damage|p2a: Dragonite|2/100
|move|p1a: Annihilape|Rage Fist|p2b: Volcarona
|-activate|p2b: Volcarona|move: Protect
|cant|p2a: Dragonite|flinch
|
|upkeep
|turn|9
|
|t:|1756247882
|move|p1a: Annihilape|Rage Fist|p2b: Volcarona
|-damage|p2b: Volcarona|0 fnt
|faint|p2b: Volcarona
|move|p2a: Dragonite|Scale Shot|p1b: Incineroar
|-damage|p1b: Incineroar|73/100
|-damage|p1b: Incineroar|59/100
|-damage|p1b: Incineroar|47/100
|-enditem|p1b: Incineroar|Sitrus Berry|[eat]
|-heal|p1b: Incineroar|72/100|[from] item: Sitrus Berry
|-damage|p1b: Incineroar|58/100
|-damage|p1b: Incineroar|46/100
|-hitcount|p1b: Incineroar|5
|-unboost|p2a: Dragonite|def|1
|-boost|p2a: Dragonite|spe|1
|move|p1b: Incineroar|Knock Off|p2a: Dragonite
|-resisted|p2a: Dragonite
|-damage|p2a: Dragonite|0 fnt
|-enditem|p2a: Dragonite|Loaded Dice|[from] move: Knock Off|[of] p1b: Incineroar
|faint|p2a: Dragonite
|
|upkeep
|
|t:|1756247903
|switch|p2a: Rillaboom|Rillaboom, L50, M|12/100
|-fieldstart|move: Grassy Terrain|[from] ability: Grassy Surge|[of] p2a: Rillaboom
|turn|10
|-message|jANMxRin forfeited.
|
|win|Descugi
