|j|☆N8NoDog
|j|☆Drayagedrag0
|html|N8NoDogDrayagedrag0    
|uhtml|bestof|Game 3 of a best-of-3
|t:|1756759847
|gametype|doubles
|player|p1|N8NoDog|archer|1014
|player|p2|Drayagedrag0|2|1000
|gen|9
|tier|[Gen 9] VGC 2025 Reg H (Bo3)
|rated|
|rule|Species Clause: Limit one of each Pokémon
|rule|Item Clause: Limit 1 of each item
|clearpoke
|poke|p1|Dragapult, L50, F|
|poke|p1|Farigiraf, L50, F|
|poke|p1|Ursaluna-Bloodmoon, L50, M|
|poke|p1|Sneasler, L50, F|
|poke|p1|Electabuzz, L50, M|
|poke|p1|Incineroar, L50, M|
|poke|p2|Garchomp, L50, F|
|poke|p2|Ninetales-Alola, L50, F|
|poke|p2|Arcanine-Hisui, L50, F|
|poke|p2|Amoonguss, L50, M|
|poke|p2|Hydreigon, L50, M|
|poke|p2|Gholdengo, L50|
|teampreview|4
|showteam|p1|Dragapult||ChoiceBand|ClearBody|DragonDarts,PhantomForce,Uturn,TeraBlast|||F|||50|,,,,,Ghost]Farigiraf||ThroatSpray|ArmorTail|TwinBeam,TrickRoom,HelpingHand,HyperVoice|||F|||50|,,,,,Normal]Ursaluna-Bloodmoon||AssaultVest|MindsEye|HyperVoice,BloodMoon,VacuumWave,EarthPower|||M|||50|,,,,,Normal]Sneasler||FocusSash|Unburden|ThroatChop,DireClaw,CloseCombat,Protect|||F|||50|,,,,,Stellar]Electabuzz||Eviolite|VitalSpirit|FollowMe,Thunderbolt,Electroweb,Protect|||M|||50|,,,,,Fairy]Incineroar||SafetyGoggles|Intimidate|FakeOut,PartingShot,FlareBlitz,KnockOff|||M|||50|,,,,,Ghost
|showteam|p2|Garchomp||LifeOrb|RoughSkin|StompingTantrum,Earthquake,DragonClaw,Protect|||F|||50|,,,,,Fire]Ninetales-Alola||FocusSash|SnowWarning|Blizzard,IcyWind,Encore,AuroraVeil|||F|||50|,,,,,Ghost]Arcanine-Hisui||SafetyGoggles|Intimidate|FlareBlitz,RockSlide,ExtremeSpeed,Protect|||F|||50|,,,,,Ghost]Amoonguss||SitrusBerry|Regenerator|Spore,RagePowder,SludgeBomb,Protect|||M|||50|,,,,,Psychic]Hydreigon||CovertCloak|Levitate|DarkPulse,DracoMeteor,Tailwind,Protect|||M|||50|,,,,,Fire]Gholdengo||Leftovers|GoodasGold|MakeItRain,ShadowBall,NastyPlot,Protect||||||50|,,,,,Dragon
|inactive|Battle timer is ON: inactive players will automatically lose when time's up. (requested by N8NoDog)
|inactive|Drayagedrag0 has 60 seconds left.
|
|t:|1756759882
|teamsize|p1|4
|teamsize|p2|4
|start
|switch|p1a: Dragapult|Dragapult, L50, F|100/100
|switch|p1b: Incineroar|Incineroar, L50, M|100/100
|switch|p2a: Hydreigon|Hydreigon, L50, M, shiny|100/100
|switch|p2b: Amoonguss|Amoonguss, L50, M, shiny|100/100
|-ability|p1b: Incineroar|Intimidate|boost
|-unboost|p2a: Hydreigon|atk|1
|-unboost|p2b: Amoonguss|atk|1
|turn|1
|
|t:|1756759903
|move|p2a: Hydreigon|Protect|p2a: Hydreigon
|-singleturn|p2a: Hydreigon|Protect
|move|p2b: Amoonguss|Protect|p2b: Amoonguss
|-singleturn|p2b: Amoonguss|Protect
|move|p1b: Incineroar|Fake Out|p2b: Amoonguss
|-activate|p2b: Amoonguss|move: Protect
|move|p1a: Dragapult|U-turn|p2a: Hydreigon
|-activate|p2a: Hydreigon|move: Protect
|
|upkeep
|turn|2
|
|t:|1756759922
|move|p2b: Amoonguss|Rage Powder|p2b: Amoonguss
|-singleturn|p2b: Amoonguss|move: Rage Powder
|move|p1a: Dragapult|U-turn|p2b: Amoonguss
|-damage|p2b: Amoonguss|72/100
|
|t:|1756759928
|switch|p1a: Electabuzz|Electabuzz, L50, M|100/100|[from] U-turn
|move|p2a: Hydreigon|Tailwind|p2a: Hydreigon
|-sidestart|p2: Drayagedrag0|move: Tailwind
|move|p1b: Incineroar|Parting Shot|p2a: Hydreigon
|-unboost|p2a: Hydreigon|atk|1
|-unboost|p2a: Hydreigon|spa|1
|
|t:|1756759939
|switch|p1b: Dragapult|Dragapult, L50, F|100/100|[from] Parting Shot
|
|upkeep
|turn|3
|
|t:|1756759945
|switch|p2a: Ninetales|Ninetales-Alola, L50, F, shiny|100/100
|-weather|Snowscape|[from] ability: Snow Warning|[of] p2a: Ninetales
|move|p2b: Amoonguss|Protect|p2b: Amoonguss
|-singleturn|p2b: Amoonguss|Protect
|move|p1a: Electabuzz|Follow Me|p1a: Electabuzz
|-singleturn|p1a: Electabuzz|move: Follow Me
|move|p1b: Dragapult|Dragon Darts|p2a: Ninetales
|-immune|p2a: Ninetales
|
|-weather|Snowscape|[upkeep]
|upkeep
|turn|4
|inactive|Drayagedrag0 has 30 seconds left.
|
|t:|1756759974
|switch|p1b: Incineroar|Incineroar, L50, M|100/100
|-ability|p1b: Incineroar|Intimidate|boost
|-unboost|p2a: Ninetales|atk|1
|-unboost|p2b: Amoonguss|atk|1
|move|p1a: Electabuzz|Protect|p1a: Electabuzz
|-singleturn|p1a: Electabuzz|Protect
|move|p2a: Ninetales|Blizzard|p1a: Electabuzz|[spread] p1b
|-activate|p1a: Electabuzz|move: Protect
|-resisted|p1b: Incineroar
|-damage|p1b: Incineroar|89/100
|-status|p1b: Incineroar|frz
|move|p2b: Amoonguss|Sludge Bomb|p1a: Electabuzz
|-activate|p1a: Electabuzz|move: Protect
|
|-weather|Snowscape|[upkeep]
|upkeep
|turn|5
|
|t:|1756759992
|move|p2a: Ninetales|Encore|p1a: Electabuzz
|-start|p1a: Electabuzz|Encore
|move|p1a: Electabuzz|Protect||[still]
|-fail|p1a: Electabuzz
|move|p2b: Amoonguss|Sludge Bomb|p1b: Incineroar
|-damage|p1b: Incineroar|65/100 frz
|-curestatus|p1b: Incineroar|frz|[from] move: Flare Blitz
|move|p1b: Incineroar|Flare Blitz|p2a: Ninetales
|-supereffective|p2a: Ninetales
|-enditem|p2a: Ninetales|Focus Sash
|-damage|p2a: Ninetales|1/100
|-damage|p1b: Incineroar|40/100|[from] Recoil
|
|-weather|Snowscape|[upkeep]
|-sideend|p2: Drayagedrag0|move: Tailwind
|upkeep
|turn|6
|inactive|Drayagedrag0 has 30 seconds left.
|
|t:|1756760019
|switch|p2a: Garchomp|Garchomp, L50, F|100/100
|move|p1a: Electabuzz|Protect|p1a: Electabuzz
|-singleturn|p1a: Electabuzz|Protect
|move|p2b: Amoonguss|Protect|p2b: Amoonguss
|-singleturn|p2b: Amoonguss|Protect
|move|p1b: Incineroar|Knock Off|p2a: Garchomp
|-damage|p2a: Garchomp|58/100
|-damage|p1b: Incineroar|28/100|[from] ability: Rough Skin|[of] p2a: Garchomp
|-enditem|p2a: Garchomp|Life Orb|[from] move: Knock Off|[of] p1b: Incineroar
|
|-weather|Snowscape|[upkeep]
|upkeep
|turn|7
|
|t:|1756760042
|switch|p2b: Hydreigon|Hydreigon, L50, M, shiny|100/100
|-terastallize|p1a: Electabuzz|Fairy
|move|p1a: Electabuzz|Protect||[still]
|-fail|p1a: Electabuzz
|move|p2a: Garchomp|Earthquake|p1a: Electabuzz|[spread] p1a,p1b
|-immune|p2b: Hydreigon|[from] ability: Levitate
|-supereffective|p1b: Incineroar
|-damage|p1a: Electabuzz|71/100
|-damage|p1b: Incineroar|0 fnt
|faint|p1b: Incineroar
|
|-weather|none
|-end|p1a: Electabuzz|Encore
|upkeep
|
|t:|1756760053
|switch|p1b: Dragapult|Dragapult, L50, F|100/100
|turn|8
|inactive|Drayagedrag0 has 30 seconds left.
|
|t:|1756760086
|switch|p2a: Amoonguss|Amoonguss, L50, M, shiny|100/100
|-terastallize|p2b: Hydreigon|Fire
|move|p1b: Dragapult|U-turn|p2b: Hydreigon
|-resisted|p2b: Hydreigon
|-damage|p2b: Hydreigon|81/100
|
|t:|1756760094
|switch|p1b: Sneasler|Sneasler, L50, F|100/100|[from] U-turn
|move|p2b: Hydreigon|Tailwind|p2b: Hydreigon
|-sidestart|p2: Drayagedrag0|move: Tailwind
|move|p1a: Electabuzz|Electroweb|p2a: Amoonguss|[spread] p2a,p2b
|-resisted|p2a: Amoonguss
|-damage|p2a: Amoonguss|95/100
|-damage|p2b: Hydreigon|67/100
|-unboost|p2a: Amoonguss|spe|1
|
|upkeep
|turn|9
|inactive|Drayagedrag0 has 30 seconds left.
|
|t:|1756760120
|move|p2b: Hydreigon|Protect|p2b: Hydreigon
|-singleturn|p2b: Hydreigon|Protect
|move|p1a: Electabuzz|Follow Me|p1a: Electabuzz
|-singleturn|p1a: Electabuzz|move: Follow Me
|move|p1b: Sneasler|Dire Claw|p2b: Hydreigon
|-activate|p2b: Hydreigon|move: Protect
|move|p2a: Amoonguss|Sludge Bomb|p1a: Electabuzz
|-supereffective|p1a: Electabuzz
|-damage|p1a: Electabuzz|28/100
|
|upkeep
|turn|10
|inactive|Drayagedrag0 has 30 seconds left.
|
|t:|1756760151
|switch|p2b: Garchomp|Garchomp, L50, F|58/100
|move|p1a: Electabuzz|Follow Me|p1a: Electabuzz
|-singleturn|p1a: Electabuzz|move: Follow Me
|move|p1b: Sneasler|Dire Claw|p2a: Amoonguss
|-crit|p2a: Amoonguss
|-damage|p2a: Amoonguss|45/100
|-status|p2a: Amoonguss|par
|-enditem|p2a: Amoonguss|Sitrus Berry|[eat]
|-heal|p2a: Amoonguss|70/100 par|[from] item: Sitrus Berry
|cant|p2a: Amoonguss|par
|
|upkeep
|turn|11
|inactive|N8NoDog has 30 seconds left.
|
|t:|1756760179
|move|p1a: Electabuzz|Protect|p1a: Electabuzz
|-singleturn|p1a: Electabuzz|Protect
|move|p2b: Garchomp|Stomping Tantrum|p1a: Electabuzz
|-activate|p1a: Electabuzz|move: Protect
|move|p1b: Sneasler|Close Combat|p2b: Garchomp
|-damage|p2b: Garchomp|0 fnt
|-unboost|p1b: Sneasler|def|1
|-unboost|p1b: Sneasler|spd|1
|-damage|p1b: Sneasler|88/100|[from] ability: Rough Skin|[of] p2b: Garchomp
|faint|p2b: Garchomp
|move|p2a: Amoonguss|Spore|p1b: Sneasler
|-status|p1b: Sneasler|slp|[from] move: Spore
|
|-sideend|p2: Drayagedrag0|move: Tailwind
|upkeep
|
|t:|1756760196
|switch|p2b: Hydreigon|Hydreigon, L50, M, shiny, tera:Fire|67/100
|turn|12
|
|t:|1756760213
|cant|p1b: Sneasler|slp
|move|p2b: Hydreigon|Tailwind|p2b: Hydreigon
|-sidestart|p2: Drayagedrag0|move: Tailwind
|move|p1a: Electabuzz|Thunderbolt|p2b: Hydreigon
|-damage|p2b: Hydreigon|37/100
|move|p2a: Amoonguss|Sludge Bomb|p1a: Electabuzz
|-supereffective|p1a: Electabuzz
|-damage|p1a: Electabuzz|0 fnt
|faint|p1a: Electabuzz
|
|upkeep
|
|t:|1756760221
|switch|p1a: Dragapult|Dragapult, L50, F|100/100
|turn|13
|
|t:|1756760230
|move|p2a: Amoonguss|Rage Powder|p2a: Amoonguss
|-singleturn|p2a: Amoonguss|move: Rage Powder
|move|p2b: Hydreigon|Dark Pulse|p1a: Dragapult
|-supereffective|p1a: Dragapult
|-damage|p1a: Dragapult|0 fnt
|faint|p1a: Dragapult
|cant|p1b: Sneasler|slp
|
|upkeep
|turn|14
|-message|N8NoDog forfeited.
|
|win|Drayagedrag0
|raw|N8NoDog's rating: 1014 → 1001(-13 for losing)
|raw|Drayagedrag0's rating: 1000 → 1042(+42 for winning)
|l|☆N8NoDog
|player|p1|
|l|☆Drayagedrag0
|player|p2|
|j|☆Drayagedrag0
|player|p2|Drayagedrag0|2|
