|j|☆brock team1
|j|☆waterspoutingogre
|html|brock team1waterspoutingogre    
|uhtml|bestof|Game 2 of a best-of-3
|t:|1785816922
|gametype|doubles
|player|p1|brock team1|brock|1048
|player|p2|waterspoutingogre|102|1105
|gen|9
|tier|[Gen 9 Champions] VGC 2026 Reg M-B (Bo3)
|rated|
|rule|Species Clause: Limit one of each Pokémon
|rule|Item Clause: Limit 1 of each item
|clearpoke
|poke|p1|Raichu, L50, M|
|poke|p1|Rotom-Mow, L50|
|poke|p1|Tyranitar, L50, M|
|poke|p1|Garchomp, L50, M|
|poke|p1|Incineroar, L50, M, shiny|
|poke|p1|Lopunny, L50, F|
|poke|p2|Archaludon, L50, F, shiny|
|poke|p2|Sableye, L50, F|
|poke|p2|Swampert, L50, F|
|poke|p2|Pelipper, L50, F, shiny|
|poke|p2|Sinistcha-Masterpiece, L50|
|poke|p2|Basculegion, L50, M, shiny|
|teampreview|4
|showteam|p1|Raichu||RaichuniteY|LightningRod|FakeOut,Protect,FocusBlast,ZapCannon|Timid||M|||50|]Rotom-Mow||SitrusBerry|Levitate|LeafStorm,Discharge,WillOWisp,Protect|Bold|||||50|]Tyranitar||ChoiceScarf|SandStream|RockSlide,DarkPulse,Flamethrower,IceBeam|Naive||M|||50|]Garchomp||Leftovers|RoughSkin|RockSlide,DragonClaw,Earthquake,Protect|Jolly||M|||50|]Incineroar||ChopleBerry|Intimidate|FakeOut,PartingShot,FlareBlitz,Protect|Impish||M|||50|]Lopunny||Lopunnite|Limber|FakeOut,CottonGuard,HighJumpKick,Protect|Adamant||F|||50|
|showteam|p2|Archaludon||Leftovers|Stamina|ElectroShot,DragonPulse,FlashCannon,Protect|Modest||F|||50|]Sableye||DampRock|Prankster|WillOWisp,LightScreen,Encore,RainDance|Careful||F|||50|]Swampert||Swampertite|Torrent|Earthquake,WaveCrash,IcePunch,Protect|Jolly||F|||50|]Pelipper||FocusSash|Drizzle|WeatherBall,Hurricane,Tailwind,WideGuard|Modest||F|||50|]Sinistcha-Masterpiece||SitrusBerry|Hospitality|MatchaGotcha,RagePowder,LifeDew,TrickRoom|Sassy|||||50|]Basculegion||ChoiceScarf|Adaptability|WaveCrash,LastRespects,FlipTurn,AquaJet|Adamant||M|||50|
|inactive|Battle timer is ON: inactive players will automatically lose when time's up. (requested by waterspoutingogre)
|
|t:|1785816963
|teamsize|p1|4
|teamsize|p2|4
|start
|switch|p1a: Raichu|Raichu, L50, M|100/100
|switch|p1b: Rotom|Rotom-Mow, L50|100/100
|switch|p2a: Pelipper|Pelipper, L50, F, shiny|100/100
|switch|p2b: Archaludon|Archaludon, L50, F, shiny|100/100
|-weather|RainDance|[from] ability: Drizzle|[of] p2a: Pelipper
|turn|1
|inactive|brock team1 has 30 seconds left.
|inactive|waterspoutingogre has 30 seconds left.
|
|t:|1785816996
|switch|p2a: Sableye|Sableye, L50, F|100/100
|move|p1a: Raichu|Fake Out|p2a: Sableye
|-immune|p2a: Sableye
|move|p2b: Archaludon|Dragon Pulse|p1a: Raichu
|-damage|p1a: Raichu|40/100
|move|p1b: Rotom|Discharge|p2a: Sableye|[spread] p2a,p2b
|-ability|p1a: Raichu|Lightning Rod|boost
|-boost|p1a: Raichu|spa|1
|-resisted|p2b: Archaludon|1
|-damage|p2a: Sableye|76/100
|-damage|p2b: Archaludon|86/100
|-status|p2b: Archaludon|par
|-ability|p2b: Archaludon|Stamina|boost
|-boost|p2b: Archaludon|def|1
|
|-weather|RainDance|[upkeep]
|-heal|p2b: Archaludon|93/100 par|[from] item: Leftovers
|upkeep
|turn|2
|inactive|brock team1 has 30 seconds left.
|
|t:|1785817027
|detailschange|p1a: Raichu|Raichu-Mega-Y, L50, M
|-mega|p1a: Raichu|Raichu|Raichunite Y
|move|p1a: Raichu|Protect|p1a: Raichu
|-singleturn|p1a: Raichu|Protect
|move|p2a: Sableye|Encore|p1a: Raichu
|-activate|p1a: Raichu|move: Protect
|move|p1b: Rotom|Leaf Storm|p2a: Sableye|[miss]
|-miss|p1b: Rotom|p2a: Sableye
|move|p2b: Archaludon|Electro Shot||[still]
|-prepare|p2b: Archaludon|Electro Shot
|-boost|p2b: Archaludon|spa|1
|-anim|p2b: Archaludon|Electro Shot|p1b: Rotom
|-resisted|p1b: Rotom|2
|-damage|p1b: Rotom|84/100
|
|-weather|RainDance|[upkeep]
|-heal|p2b: Archaludon|99/100 par|[from] item: Leftovers
|upkeep
|turn|3
|
|t:|1785817048
|switch|p1a: Tyranitar|Tyranitar, L50, M|100/100
|-weather|Sandstorm|[from] ability: Sand Stream|[of] p1a: Tyranitar
|move|p1b: Rotom|Protect|p1b: Rotom
|-singleturn|p1b: Rotom|Protect
|move|p2a: Sableye|Encore|p1a: Tyranitar
|-hint|Since gen 7, Dark is immune to Prankster moves.
|-immune|p1a: Tyranitar
|move|p2b: Archaludon|Dragon Pulse|p1b: Rotom
|-activate|p1b: Rotom|move: Protect
|
|-weather|Sandstorm|[upkeep]
|-damage|p1b: Rotom|78/100|[from] Sandstorm
|-damage|p2a: Sableye|71/100|[from] Sandstorm
|-heal|p2b: Archaludon|100/100 par|[from] item: Leftovers
|upkeep
|turn|4
|inactive|brock team1 has 30 seconds left.
|inactive|waterspoutingogre has 30 seconds left.
|
|t:|1785817079
|switch|p1b: Raichu|Raichu-Mega-Y, L50, M|40/100
|switch|p2a: Pelipper|Pelipper, L50, F, shiny|100/100
|-weather|RainDance|[from] ability: Drizzle|[of] p2a: Pelipper
|move|p1a: Tyranitar|Ice Beam|p2a: Pelipper
|-damage|p2a: Pelipper|57/100
|move|p2b: Archaludon|Flash Cannon|p1a: Tyranitar
|-supereffective|p1a: Tyranitar|1
|-damage|p1a: Tyranitar|0 fnt
|faint|p1a: Tyranitar
|
|-weather|RainDance|[upkeep]
|upkeep
|
|t:|1785817094
|switch|p1a: Rotom|Rotom-Mow, L50|78/100
|turn|5
|inactive|brock team1 has 30 seconds left.
|
|t:|1785817123
|move|p2b: Archaludon|Protect|p2b: Archaludon
|-singleturn|p2b: Archaludon|Protect
|move|p1b: Raichu|Focus Blast|p2b: Archaludon
|-activate|p2b: Archaludon|move: Protect
|move|p2a: Pelipper|Tailwind|p2a: Pelipper
|-sidestart|p2: waterspoutingogre|move: Tailwind
|move|p1a: Rotom|Discharge|p2b: Archaludon|[spread] p1b,p2a
|-activate|p2b: Archaludon|move: Protect
|-resisted|p1b: Raichu|1
|-supereffective|p2a: Pelipper|2
|-damage|p1b: Raichu|25/100
|-damage|p2a: Pelipper|0 fnt
|faint|p2a: Pelipper
|
|-weather|RainDance|[upkeep]
|upkeep
|inactive|waterspoutingogre has 30 seconds left.
|
|t:|1785817154
|switch|p2a: Basculegion|Basculegion, L50, M, shiny|100/100
|turn|6
|
|t:|1785817172
|switch|p1b: Garchomp|Garchomp, L50, M|100/100
|move|p2a: Basculegion|Last Respects|p1a: Rotom
|-damage|p1a: Rotom|28/100
|-enditem|p1a: Rotom|Sitrus Berry|[eat]
|-heal|p1a: Rotom|53/100|[from] item: Sitrus Berry
|move|p2b: Archaludon|Dragon Pulse|p1b: Garchomp
|-supereffective|p1b: Garchomp|1
|-damage|p1b: Garchomp|0 fnt
|faint|p1b: Garchomp
|move|p1a: Rotom|Discharge|p2a: Basculegion|[spread] p2a,p2b
|-supereffective|p2a: Basculegion|1
|-resisted|p2b: Archaludon|1
|-damage|p2a: Basculegion|55/100
|-damage|p2b: Archaludon|87/100 par
|-ability|p2b: Archaludon|Stamina|boost
|-boost|p2b: Archaludon|def|1
|
|-weather|RainDance|[upkeep]
|-heal|p2b: Archaludon|93/100 par|[from] item: Leftovers
|upkeep
|
|t:|1785817191
|switch|p1b: Raichu|Raichu-Mega-Y, L50, M|25/100
|turn|7
|
|t:|1785817210
|move|p1b: Raichu|Protect|p1b: Raichu
|-singleturn|p1b: Raichu|Protect
|move|p2a: Basculegion|Last Respects|p1a: Rotom
|-damage|p1a: Rotom|5/100
|move|p2b: Archaludon|Dragon Pulse|p1b: Raichu
|-activate|p1b: Raichu|move: Protect
|move|p1a: Rotom|Discharge|p2b: Archaludon|[spread] p2a,p2b
|-activate|p1b: Raichu|move: Protect
|-supereffective|p2a: Basculegion|1
|-resisted|p2b: Archaludon|1
|-damage|p2a: Basculegion|3/100
|-damage|p2b: Archaludon|82/100 par
|-ability|p2b: Archaludon|Stamina|boost
|-boost|p2b: Archaludon|def|1
|
|-weather|RainDance|[upkeep]
|-heal|p2b: Archaludon|89/100 par|[from] item: Leftovers
|upkeep
|turn|8
|
|t:|1785817239
|move|p1b: Raichu|Protect||[still]
|-fail|p1b: Raichu
|move|p1a: Rotom|Protect|p1a: Rotom
|-singleturn|p1a: Rotom|Protect
|move|p2a: Basculegion|Last Respects|p1b: Raichu
|-damage|p1b: Raichu|0 fnt
|faint|p1b: Raichu
|move|p2b: Archaludon|Dragon Pulse|p1a: Rotom
|-activate|p1a: Rotom|move: Protect
|
|-weather|none
|-heal|p2b: Archaludon|95/100 par|[from] item: Leftovers
|-sideend|p2: waterspoutingogre|move: Tailwind
|upkeep
|turn|9
|
|t:|1785817254
|move|p2a: Basculegion|Last Respects|p1a: Rotom
|-damage|p1a: Rotom|0 fnt
|faint|p1a: Rotom
|
|win|waterspoutingogre
