|j|☆pawmiparade
|j|☆Vigneshgam
|html|pawmiparadeVigneshgam    
|uhtml|bestof|Game 2 of a best-of-3
|t:|1784042682
|gametype|doubles
|player|p1|pawmiparade|265|1000
|player|p2|Vigneshgam|ingo|1000
|gen|9
|tier|[Gen 9 Champions] VGC 2026 Reg M-B (Bo3)
|rated|
|rule|Species Clause: Limit one of each Pokémon
|rule|Item Clause: Limit 1 of each item
|clearpoke
|poke|p1|Incineroar, L50, M|
|poke|p1|Venusaur, L50, M|
|poke|p1|Charizard, L50, M|
|poke|p1|Garchomp, L50, M|
|poke|p1|Toxapex, L50, M|
|poke|p1|Annihilape, L50, F|
|poke|p2|Archaludon, L50, M|
|poke|p2|Pelipper, L50, F|
|poke|p2|Basculegion, L50, M|
|poke|p2|Swampert, L50, M|
|poke|p2|Ceruledge, L50, F|
|poke|p2|Samurott-Hisui, L50, M|
|teampreview|4
|showteam|p1|Incineroar||SitrusBerry|Intimidate|FakeOut,ThroatChop,FlareBlitz,PartingShot|Impish||M|||50|]Venusaur||LifeOrb|Chlorophyll|SolarBeam,SludgeBomb,EarthPower,Protect|Modest||M|||50|]Charizard||CharizarditeY|Blaze|HeatWave,WeatherBall,HelpingHand,Protect|Modest||M|||50|]Garchomp||ChoiceScarf|RoughSkin|DragonClaw,Earthquake,RockSlide,StompingTantrum|Adamant||M|||50|]Toxapex||Leftovers|Regenerator|Infestation,Toxic,BanefulBunker,WideGuard|Bold||M|||50|]Annihilape||FocusSash|Defiant|PhantomForce,CloseCombat,RockTomb,Protect|Jolly||F|||50|
|showteam|p2|Archaludon||Metronome|Stamina|ElectroShot,Earthquake,BrickBreak,DarkPulse|Serious||M|||50|]Pelipper||DampRock|Drizzle|Hurricane,HelpingHand,WeatherBall,KnockOff|Serious||F|||50|]Basculegion||ExpertBelt|SwiftSwim|WaveCrash,LastRespects,AquaJet,FlipTurn|Serious||M|||50|]Swampert||Swampertite|Torrent|BrickBreak,Earthquake,IceBeam,WaveCrash|Serious||M|||50|]Ceruledge||LifeOrb|WeakArmor|BitterBlade,CloseCombat,FlareBlitz,ShadowBall|Serious||F|||50|]Samurott-Hisui||FocusSash|Torrent|AquaCutter,CeaselessEdge,Waterfall,AquaJet|Serious||M|||50|
|
|t:|1784042743
|teamsize|p1|4
|teamsize|p2|4
|start
|switch|p1a: Charizard|Charizard, L50, M|100/100
|switch|p1b: Venusaur|Venusaur, L50, M|100/100
|switch|p2a: Ceruledge|Ceruledge, L50, F|100/100
|switch|p2b: Samurott|Samurott-Hisui, L50, M|100/100
|turn|1
|inactive|Battle timer is ON: inactive players will automatically lose when time's up. (requested by pawmiparade)
|
|t:|1784042774
|detailschange|p1a: Charizard|Charizard-Mega-Y, L50, M
|-mega|p1a: Charizard|Charizard|Charizardite Y
|-weather|SunnyDay|[from] ability: Drought|[of] p1a: Charizard
|move|p1a: Charizard|Helping Hand|p1b: Venusaur
|-singleturn|p1b: Venusaur|Helping Hand|[of] p1a: Charizard
|move|p1b: Venusaur|Earth Power|p2a: Ceruledge
|-supereffective|p2a: Ceruledge|1
|-damage|p2a: Ceruledge|0 fnt
|faint|p2a: Ceruledge
|-damage|p1b: Venusaur|90/100|[from] item: Life Orb
|move|p2b: Samurott|Ceaseless Edge|p1a: Charizard
|-damage|p1a: Charizard|70/100
|-sidestart|p1: pawmiparade|Spikes
|
|-weather|SunnyDay|[upkeep]
|upkeep
|
|t:|1784042792
|switch|p2a: Pelipper|Pelipper, L50, F|100/100
|-weather|RainDance|[from] ability: Drizzle|[of] p2a: Pelipper
|turn|2
|
|t:|1784042807
|switch|p1a: Incineroar|Incineroar, L50, M|100/100
|-damage|p1a: Incineroar|87/100|[from] Spikes
|-ability|p1a: Incineroar|Intimidate|boost
|-unboost|p2a: Pelipper|atk|1
|-unboost|p2b: Samurott|atk|1
|move|p1b: Venusaur|Protect|p1b: Venusaur
|-singleturn|p1b: Venusaur|Protect
|move|p2b: Samurott|Ceaseless Edge|p1b: Venusaur
|-activate|p1b: Venusaur|move: Protect
|move|p2a: Pelipper|Weather Ball|p1a: Incineroar
|-supereffective|p1a: Incineroar|1
|-damage|p1a: Incineroar|0 fnt
|faint|p1a: Incineroar
|
|-weather|RainDance|[upkeep]
|upkeep
|
|t:|1784042813
|switch|p1a: Charizard|Charizard-Mega-Y, L50, M|70/100
|-weather|SunnyDay|[from] ability: Drought|[of] p1a: Charizard
|turn|3
|inactive|Vigneshgam has 30 seconds left.
|inactive|Vigneshgam has 20 seconds left.
|
|t:|1784042849
|move|p1b: Venusaur|Solar Beam||[still]
|-prepare|p1b: Venusaur|Solar Beam
|-anim|p1b: Venusaur|Solar Beam|p2b: Samurott
|-supereffective|p2b: Samurott|1
|-crit|p2b: Samurott
|-enditem|p2b: Samurott|Focus Sash
|-damage|p2b: Samurott|1/100
|-damage|p1b: Venusaur|80/100|[from] item: Life Orb
|move|p1a: Charizard|Heat Wave|p2b: Samurott|[spread] p2a
|-miss|p1a: Charizard|p2b: Samurott
|-resisted|p2a: Pelipper|1
|-damage|p2a: Pelipper|42/100
|-status|p2a: Pelipper|brn
|move|p2b: Samurott|Ceaseless Edge|p1a: Charizard
|-damage|p1a: Charizard|50/100g
|-sidestart|p1: pawmiparade|Spikes
|move|p2a: Pelipper|Weather Ball|p1b: Venusaur
|-supereffective|p1b: Venusaur|1
|-damage|p1b: Venusaur|0 fnt
|faint|p1b: Venusaur
|
|-weather|SunnyDay|[upkeep]
|-damage|p2a: Pelipper|36/100 brn|[from] brn
|upkeep
|
|t:|1784042865
|switch|p1b: Toxapex|Toxapex, L50, M|100/100
|-damage|p1b: Toxapex|83/100|[from] Spikes
|turn|4
|inactive|Vigneshgam has 30 seconds left.
|
|t:|1784042894
|switch|p2a: Swampert|Swampert, L50, M|100/100
|move|p1a: Charizard|Heat Wave|p2b: Samurott|[spread] p2a,p2b
|-resisted|p2a: Swampert|1
|-resisted|p2b: Samurott|1
|-damage|p2a: Swampert|67/100
|-damage|p2b: Samurott|0 fnt
|-status|p2a: Swampert|brn
|faint|p2b: Samurott
|move|p1b: Toxapex|Infestation|p2a: Swampert
|-damage|p2a: Swampert|64/100 brn
|-activate|p2a: Swampert|move: Infestation|[of] p1b: Toxapex
|
|-weather|SunnyDay|[upkeep]
|-heal|p1b: Toxapex|89/100|[from] item: Leftovers
|-damage|p2a: Swampert|58/100 brn|[from] brn
|-damage|p2a: Swampert|46/100 brn|[from] move: Infestation|[partiallytrapped]
|upkeep
|
|t:|1784042911
|switch|p2b: Pelipper|Pelipper, L50, F|36/100 brn
|-weather|RainDance|[from] ability: Drizzle|[of] p2b: Pelipper
|turn|5
|inactive|Vigneshgam has 30 seconds left.
|
|t:|1784042942
|move|p1a: Charizard|Protect|p1a: Charizard
|-singleturn|p1a: Charizard|Protect
|move|p2b: Pelipper|Weather Ball|p1b: Toxapex
|-resisted|p1b: Toxapex|1
|-damage|p1b: Toxapex|64/100
|move|p2a: Swampert|Wave Crash|p1a: Charizard
|-activate|p1a: Charizard|move: Protect
|move|p1b: Toxapex|Toxic||[still]
|-fail|p1b: Toxapex
|
|-weather|RainDance|[upkeep]
|-heal|p1b: Toxapex|70/100|[from] item: Leftovers
|-damage|p2b: Pelipper|30/100 brn|[from] brn
|-damage|p2a: Swampert|40/100 brn|[from] brn
|-damage|p2a: Swampert|28/100 brn|[from] move: Infestation|[partiallytrapped]
|upkeep
|turn|6
|inactive|Vigneshgam has 30 seconds left.
|inactive|Vigneshgam has 20 seconds left.
|inactive|Vigneshgam has 15 seconds left.
|inactive|Vigneshgam has 10 seconds left.
|
|t:|1784042990
|move|p1a: Charizard|Weather Ball|p2a: Swampert
|-damage|p2a: Swampert|0 fnt
|faint|p2a: Swampert
|move|p2b: Pelipper|Hurricane|p1b: Toxapex
|-damage|p1b: Toxapex|31/100
|move|p1b: Toxapex|Infestation|p2b: Pelipper
|-resisted|p2b: Pelipper|1
|-damage|p2b: Pelipper|27/100 brn
|-activate|p2b: Pelipper|move: Infestation|[of] p1b: Toxapex
|
|-weather|RainDance|[upkeep]
|-heal|p1b: Toxapex|37/100|[from] item: Leftovers
|-damage|p2b: Pelipper|21/100 brn|[from] brn
|-damage|p2b: Pelipper|9/100 brn|[from] move: Infestation|[partiallytrapped]
|upkeep
|turn|7
|-message|Vigneshgam forfeited.
|raw|pawmiparade's rating: 1000 → 1040(+40 for winning)
|raw|Vigneshgam's rating: 1000 → 1000(+0 for losing)
|
|win|pawmiparade
