|j|☆Latario
|j|☆KodeBeast0526
|html|LatarioKodeBeast0526    
|uhtml|bestof|Game 3 of a best-of-3
|t:|1785178624
|gametype|doubles
|player|p1|Latario|170|1287
|player|p2|KodeBeast0526|hiker|1220
|gen|9
|tier|[Gen 9 Champions] VGC 2026 Reg M-B (Bo3)
|rated|
|rule|Species Clause: Limit one of each Pokémon
|rule|Item Clause: Limit 1 of each item
|clearpoke
|poke|p1|Sneasler, L50, M|
|poke|p1|Garchomp, L50, F|
|poke|p1|Kingambit, L50, M|
|poke|p1|Blastoise, L50, M|
|poke|p1|Incineroar, L50, M|
|poke|p1|Sinistcha, L50|
|poke|p2|Aerodactyl, L50, M|
|poke|p2|Kingambit, L50, M|
|poke|p2|Sylveon, L50, M|
|poke|p2|Garchomp, L50, M|
|poke|p2|Charizard, L50, M|
|poke|p2|Farigiraf, L50, M, shiny|
|teampreview|4
|showteam|p1|Sneasler||FocusSash|Unburden|FakeOut,CloseCombat,PoisonJab,Coaching|Jolly||M|||50|]Garchomp||Garchompite|SandVeil|DragonClaw,RockTomb,StompingTantrum,Protect|Adamant||F|||50|]Kingambit||LifeOrb|Defiant|SuckerPunch,KowtowCleave,IronHead,Protect|Adamant||M|||50|]Blastoise||Blastoisinite|Torrent|WaterSpout,DragonPulse,ShellSmash,Protect|Modest||M|||50|]Incineroar||SitrusBerry|Intimidate|FakeOut,PartingShot,DarkestLariat,FlareBlitz|Impish||M|||50|]Sinistcha||KasibBerry|Hospitality|MatchaGotcha,RagePowder,LifeDew,Protect|Bold|||||50|
|showteam|p2|Aerodactyl||Aerodactylite|Unnerve|RockSlide,IceFang,Tailwind,WideGuard|Jolly||M|||50|]Kingambit||FocusSash|Defiant|KowtowCleave,SuckerPunch,IronHead,LowKick|Adamant||M|||50|]Sylveon||FairyFeather|Pixilate|Detect,HyperVoice,HyperBeam,QuickAttack|Modest||M|||50|]Garchomp||LifeOrb|RoughSkin|Earthquake,DragonClaw,StompingTantrum,Protect|Jolly||M|||50|]Charizard||CharizarditeY|Blaze|Protect,HeatWave,SolarBeam,WeatherBall|Modest||M|||50|]Farigiraf||SitrusBerry|ArmorTail|Thunderbolt,PsychicNoise,TrickRoom,HelpingHand|Bold||M|||50|
|
|t:|1785178647
|teamsize|p1|4
|teamsize|p2|4
|start
|switch|p1a: Garchomp|Garchomp, L50, F|100/100
|switch|p1b: Kingambit|Kingambit, L50, M|100/100
|switch|p2a: Aerodactyl|Aerodactyl, L50, M|100/100
|switch|p2b: Charizard|Charizard, L50, M|100/100
|-ability|p2a: Aerodactyl|Unnerve
|turn|1
|
|t:|1785178671
|switch|p1b: Incineroar|Incineroar, L50, M|100/100
|-ability|p1b: Incineroar|Intimidate|boost
|-unboost|p2a: Aerodactyl|atk|1
|-unboost|p2b: Charizard|atk|1
|detailschange|p2a: Aerodactyl|Aerodactyl-Mega, L50, M
|-mega|p2a: Aerodactyl|Aerodactyl|Aerodactylite
|detailschange|p1a: Garchomp|Garchomp-Mega, L50, F
|-mega|p1a: Garchomp|Garchomp|Garchompite
|move|p2a: Aerodactyl|Ice Fang|p1a: Garchomp
|-supereffective|p1a: Garchomp|2
|-damage|p1a: Garchomp|41/100
|-status|p1a: Garchomp|frz
|cant|p1a: Garchomp|frz
|move|p2b: Charizard|Heat Wave|p1b: Incineroar|[spread] p1a,p1b
|-resisted|p1a: Garchomp|1
|-resisted|p1b: Incineroar|1
|-damage|p1a: Garchomp|25/100 frz
|-damage|p1b: Incineroar|86/100
|-curestatus|p1a: Garchomp|frz|[msg]
|
|upkeep
|turn|2
|
|t:|1785178692
|switch|p2b: Farigiraf|Farigiraf, L50, M, shiny|100/100
|move|p1b: Incineroar|Fake Out||[still]
|cant|p2b: Farigiraf|ability: Armor Tail|Fake Out|[of] p1b: Incineroar
|move|p2a: Aerodactyl|Ice Fang|p1a: Garchomp
|-supereffective|p1a: Garchomp|2
|-damage|p1a: Garchomp|0 fnt
|faint|p1a: Garchomp
|
|upkeep
|
|t:|1785178697
|switch|p1a: Kingambit|Kingambit, L50, M|100/100
|turn|3
|
|t:|1785178707
|switch|p2a: Charizard|Charizard, L50, M|100/100
|move|p1b: Incineroar|Parting Shot|p2a: Charizard
|-unboost|p2a: Charizard|atk|1
|-unboost|p2a: Charizard|spa|1
|
|t:|1785178712
|switch|p1b: Sneasler|Sneasler, L50, M|100/100|[from] Parting Shot
|move|p2b: Farigiraf|Thunderbolt|p1a: Kingambit
|-damage|p1a: Kingambit|79/100
|move|p1a: Kingambit|Kowtow Cleave|p2b: Farigiraf
|-supereffective|p2b: Farigiraf|1
|-damage|p2b: Farigiraf|3/100
|-enditem|p2b: Farigiraf|Sitrus Berry|[eat]
|-heal|p2b: Farigiraf|28/100|[from] item: Sitrus Berry
|-damage|p1a: Kingambit|69/100|[from] item: Life Orb
|
|upkeep
|turn|4
|
|t:|1785178726
|switch|p1a: Incineroar|Incineroar, L50, M|86/100
|-ability|p1a: Incineroar|Intimidate|boost
|-unboost|p2a: Charizard|atk|1
|-unboost|p2b: Farigiraf|atk|1
|move|p2b: Farigiraf|Helping Hand|p2a: Charizard
|-singleturn|p2a: Charizard|Helping Hand|[of] p2b: Farigiraf
|move|p1b: Sneasler|Poison Jab|p2b: Farigiraf
|-damage|p2b: Farigiraf|0 fnt
|faint|p2b: Farigiraf
|move|p2a: Charizard|Heat Wave|p1a: Incineroar|[spread] p1a,p1b
|-resisted|p1a: Incineroar|1
|-damage|p1a: Incineroar|72/100
|-damage|p1b: Sneasler|61/100
|
|upkeep
|
|t:|1785178738
|switch|p2b: Aerodactyl|Aerodactyl-Mega, L50, M|100/100
|turn|5
|
|t:|1785178745
|switch|p2a: Kingambit|Kingambit, L50, M|100/100
|move|p1a: Incineroar|Fake Out|p2b: Aerodactyl
|-resisted|p2b: Aerodactyl|1
|-damage|p2b: Aerodactyl|94/100
|cant|p2b: Aerodactyl|flinch
|move|p1b: Sneasler|Close Combat|p2b: Aerodactyl
|-damage|p2b: Aerodactyl|30/100
|-unboost|p1b: Sneasler|def|1
|-unboost|p1b: Sneasler|spd|1
|
|upkeep
|turn|6
|
|t:|1785178764
|move|p2b: Aerodactyl|Rock Slide|p1b: Sneasler|[spread] p1a
|-miss|p2b: Aerodactyl|p1b: Sneasler
|-supereffective|p1a: Incineroar|1
|-damage|p1a: Incineroar|22/100
|-enditem|p1a: Incineroar|Sitrus Berry|[eat]
|-heal|p1a: Incineroar|47/100|[from] item: Sitrus Berry
|move|p1b: Sneasler|Close Combat|p2a: Kingambit
|-supereffective|p2a: Kingambit|2
|-enditem|p2a: Kingambit|Focus Sash
|-damage|p2a: Kingambit|1/100
|-unboost|p1b: Sneasler|def|1
|-unboost|p1b: Sneasler|spd|1
|move|p1a: Incineroar|Darkest Lariat|p2b: Aerodactyl
|-damage|p2b: Aerodactyl|0 fnt
|faint|p2b: Aerodactyl
|move|p2a: Kingambit|Low Kick|p1a: Incineroar
|-supereffective|p1a: Incineroar|1
|-damage|p1a: Incineroar|0 fnt
|faint|p1a: Incineroar
|
|upkeep
|
|t:|1785178774
|switch|p2b: Charizard|Charizard, L50, M|100/100
|switch|p1a: Kingambit|Kingambit, L50, M|69/100
|turn|7
|
|t:|1785178781
|move|p1a: Kingambit|Sucker Punch|p2b: Charizard
|-damage|p2b: Charizard|46/100
|-damage|p1a: Kingambit|60/100|[from] item: Life Orb
|move|p1b: Sneasler|Poison Jab|p2b: Charizard
|-damage|p2b: Charizard|0 fnt
|faint|p2b: Charizard
|move|p2a: Kingambit|Low Kick|p1a: Kingambit
|-supereffective|p1a: Kingambit|2
|-damage|p1a: Kingambit|0 fnt
|faint|p1a: Kingambit
|
|upkeep
|turn|8
|
|t:|1785178791
|move|p2a: Kingambit|Sucker Punch|p1b: Sneasler
|-resisted|p1b: Sneasler|1
|-crit|p1b: Sneasler
|-damage|p1b: Sneasler|0 fnt
|faint|p1b: Sneasler
|
|win|KodeBeast0526
|raw|Latario's rating: 1287 → 1257(-30 for losing)
|raw|KodeBeast0526's rating: 1220 → 1250(+30 for winning)
