|j|â˜†SkyLight0
|j|â˜†AbadanRiyi92
|html|SkyLight0AbadanRiyi92    
|uhtml|bestof|Game 3 of a best-of-3
|t:|1785337509
|gametype|doubles
|player|p1|SkyLight0|265|1178
|player|p2|AbadanRiyi92|colress|1121
|gen|9
|tier|[Gen 9 Champions] VGC 2026 Reg M-B (Bo3)
|rated|
|rule|Species Clause: Limit one of each PokÃ©mon
|rule|Item Clause: Limit 1 of each item
|clearpoke
|poke|p1|Charizard, L50, M|
|poke|p1|Glimmora, L50, M|
|poke|p1|Zoroark-Hisui, L50, M|
|poke|p1|Ninetales-Alola, L50, F|
|poke|p1|Maushold-Four, L50|
|poke|p1|Whimsicott, L50, M|
|poke|p2|Gengar, L50, M, shiny|
|poke|p2|Maushold-Four, L50|
|poke|p2|Annihilape, L50, F|
|poke|p2|Incineroar, L50, M|
|poke|p2|Politoed, L50, F, shiny|
|poke|p2|Archaludon, L50, M|
|teampreview|4
|showteam|p1|Charizard||CharizarditeY|Blaze|HeatWave,WeatherBall,SolarBeam,Protect|Timid||M|||50|]Glimmora||Glimmoranite|ToxicDebris|PowerGem,SludgeBomb,EarthPower,SpikyShield|Timid||M|||50|]Zoroark-Hisui||ChoiceScarf|Illusion|BitterMalice,IcyWind,FakeTears,Taunt|Timid||M|||50|]Ninetales-Alola||NeverMeltIce|SnowWarning|Blizzard,FreezeDry,Disable,Protect|Timid||F|||50|]Maushold-Four||WideLens|Technician|PopulationBomb,FollowMe,Encore,Protect|Jolly|||||50|]Whimsicott||FocusSash|Prankster|Moonblast,Tailwind,Endeavor,Protect|Timid||M|||50|
|showteam|p2|Gengar||Gengarite|CursedBody|ShadowBall,Disable,PerishSong,Protect|Timid||M|||50|]Maushold-Four||FocusSash|FriendGuard|FollowMe,Encore,BeatUp,Protect|Jolly|||||50|]Annihilape||RoseliBerry|Defiant|RageFist,CloseCombat,Encore,Protect|Jolly||F|||50|]Incineroar||PasshoBerry|Blaze|PartingShot,ThroatChop,Protect,FakeOut|Sassy||M|||50|]Politoed||SitrusBerry|Drizzle|WeatherBall,Encore,PerishSong,Protect|Calm||F|||50|]Archaludon||Leftovers|Stamina|DragonPulse,FlashCannon,ElectroShot,Protect|Bold||M|||50|
|inactive|Battle timer is ON: inactive players will automatically lose when time's up. (requested by AbadanRiyi92)
|
|t:|1785337543
|teamsize|p1|4
|teamsize|p2|4
|start
|switch|p1a: Charizard|Charizard, L50, M|100/100
|switch|p1b: Ninetales|Ninetales-Alola, L50, F|100/100
|switch|p2a: Maushold|Maushold-Four, L50|100/100
|switch|p2b: Annihilape|Annihilape, L50, F|100/100
|-weather|Snowscape|[from] ability: Snow Warning|[of] p1b: Ninetales
|turn|1
|
|t:|1785337565
|move|p1a: Charizard|Fake Tears|p2b: Annihilape
|-unboost|p2b: Annihilape|spd|2
|-ability|p2b: Annihilape|Defiant|boost
|-boost|p2b: Annihilape|atk|2
|move|p2a: Maushold|Beat Up|p2b: Annihilape
|-damage|p2b: Annihilape|97/100
|-damage|p2b: Annihilape|95/100
|-damage|p2b: Annihilape|93/100
|-damage|p2b: Annihilape|90/100
|-hitcount|p2b: Annihilape|4
|move|p1b: Ninetales|Blizzard|p2b: Annihilape|[spread] p2a,p2b
|-damage|p2a: Maushold|56/100
|-damage|p2b: Annihilape|31/100
|-status|p2a: Maushold|frz
|move|p2b: Annihilape|Rage Fist|p1a: Charizard
|-immune|p1a: Charizard
|
|-weather|Snowscape|[upkeep]
|upkeep
|turn|2
|c|â˜†SkyLight0|That's very unfortunate
|inactive|AbadanRiyi92 has 30 seconds left.
|c|â˜†AbadanRiyi92|Ive been bamboozled lol
|inactive|AbadanRiyi92 has 20 seconds left.
|j| senseii trey
|
|t:|1785337601
|move|p2b: Annihilape|Protect|p2b: Annihilape
|-singleturn|p2b: Annihilape|Protect
|move|p1a: Charizard|Fake Tears|p2a: Maushold
|-unboost|p2a: Maushold|spd|2
|cant|p2a: Maushold|frz
|move|p1b: Ninetales|Blizzard|p2b: Annihilape|[spread] p2a
|-activate|p2b: Annihilape|move: Protect
|-damage|p2a: Maushold|0 fnt
|faint|p2a: Maushold
|
|-weather|Snowscape|[upkeep]
|upkeep
|c|â˜†SkyLight0|Love your team btw
|
|t:|1785337624
|switch|p2a: Archaludon|Archaludon, L50, M|100/100
|turn|3
|c|â˜†AbadanRiyi92|ty
|
|t:|1785337644
|switch|p2b: Politoed|Politoed, L50, F, shiny|100/100
|-weather|RainDance|[from] ability: Drizzle|[of] p2b: Politoed
|move|p1a: Charizard|Fake Tears|p2a: Archaludon
|-unboost|p2a: Archaludon|spd|2
|move|p1b: Ninetales|Blizzard|p2a: Archaludon|[spread] p2b
|-miss|p1b: Ninetales|p2a: Archaludon
|-resisted|p2b: Politoed|1
|-damage|p2b: Politoed|85/100
|move|p2a: Archaludon|Electro Shot||[still]
|-prepare|p2a: Archaludon|Electro Shot
|-boost|p2a: Archaludon|spa|1
|-anim|p2a: Archaludon|Electro Shot|p1a: Charizard
|-damage|p1a: Charizard|0 fnt
|replace|p1a: Zoroark|Zoroark-Hisui, L50, M
|-end|p1a: Zoroark|Illusion
|faint|p1a: Zoroark
|
|-weather|RainDance|[upkeep]
|upkeep
|c|â˜†SkyLight0|Uh oh
|
|t:|1785337661
|switch|p1a: Charizard|Charizard, L50, M|100/100
|turn|4
|
|t:|1785337683
|switch|p2b: Annihilape|Annihilape, L50, F|31/100
|detailschange|p1a: Charizard|Charizard-Mega-Y, L50, M
|-mega|p1a: Charizard|Charizard|Charizardite Y
|-weather|SunnyDay|[from] ability: Drought|[of] p1a: Charizard
|move|p1b: Ninetales|Freeze-Dry|p2a: Archaludon
|-damage|p2a: Archaludon|35/100
|-ability|p2a: Archaludon|Stamina|boost
|-boost|p2a: Archaludon|def|1
|move|p1a: Charizard|Solar Beam||[still]
|-prepare|p1a: Charizard|Solar Beam
|-anim|p1a: Charizard|Solar Beam|p2b: Annihilape
|-damage|p2b: Annihilape|0 fnt
|faint|p2b: Annihilape
|move|p2a: Archaludon|Flash Cannon|p1b: Ninetales
|-supereffective|p1b: Ninetales|2
|-damage|p1b: Ninetales|0 fnt
|faint|p1b: Ninetales
|
|-weather|SunnyDay|[upkeep]
|-heal|p2a: Archaludon|41/100|[from] item: Leftovers
|upkeep
|
|t:|1785337700
|switch|p1b: Maushold|Maushold-Four, L50|100/100
|switch|p2b: Politoed|Politoed, L50, F, shiny|85/100
|-weather|RainDance|[from] ability: Drizzle|[of] p2b: Politoed
|turn|5
|
|t:|1785337723
|move|p1b: Maushold|Encore|p2a: Archaludon
|-start|p2a: Archaludon|Encore
|move|p1a: Charizard|Heat Wave|p2b: Politoed|[spread] p2a,p2b
|-resisted|p2b: Politoed|1
|-damage|p2a: Archaludon|4/100
|-damage|p2b: Politoed|77/100
|-ability|p2a: Archaludon|Stamina|boost
|-boost|p2a: Archaludon|def|1
|move|p2a: Archaludon|Flash Cannon|p1a: Charizard
|-resisted|p1a: Charizard|1
|-damage|p1a: Charizard|72/100
|move|p2b: Politoed|Weather Ball|p1b: Maushold
|-damage|p1b: Maushold|43/100
|
|-weather|RainDance|[upkeep]
|-heal|p2a: Archaludon|10/100|[from] item: Leftovers
|upkeep
|turn|6
|l| senseii trey
|inactive|SkyLight0 has 30 seconds left.
|inactive|AbadanRiyi92 has 30 seconds left.
|
|t:|1785337755
|move|p1b: Maushold|Population Bomb|p2b: Politoed
|-damage|p2b: Politoed|69/100
|-damage|p2b: Politoed|61/100
|-damage|p2b: Politoed|53/100
|-damage|p2b: Politoed|44/100
|-enditem|p2b: Politoed|Sitrus Berry|[eat]
|-heal|p2b: Politoed|69/100|[from] item: Sitrus Berry
|-damage|p2b: Politoed|61/100
|-damage|p2b: Politoed|53/100
|-damage|p2b: Politoed|45/100
|-crit|p2b: Politoed
|-damage|p2b: Politoed|33/100
|-damage|p2b: Politoed|25/100
|-damage|p2b: Politoed|17/100
|-hitcount|p2b: Politoed|10
|move|p1a: Charizard|Heat Wave|p2a: Archaludon|[spread] p2a,p2b
|-resisted|p2b: Politoed|1
|-damage|p2a: Archaludon|0 fnt
|-damage|p2b: Politoed|9/100
|faint|p2a: Archaludon
|move|p2b: Politoed|Weather Ball|p1b: Maushold
|-damage|p1b: Maushold|0 fnt
|faint|p1b: Maushold
|
|-weather|RainDance|[upkeep]
|upkeep
|turn|7
|c|â˜†AbadanRiyi92|Hang in there froggy
|inactive|SkyLight0 has 30 seconds left.
|inactive|AbadanRiyi92 has 30 seconds left.
|c|â˜†SkyLight0|No please
|inactive|SkyLight0 has 20 seconds left.
|
|t:|1785337792
|move|p1a: Charizard|Weather Ball|p2b: Politoed
|-resisted|p2b: Politoed|1
|-damage|p2b: Politoed|0 fnt
|faint|p2b: Politoed
|
|win|SkyLight0
|raw|SkyLight0's rating: 1178 → 1199(+21 for winning)
|raw|AbadanRiyi92's rating: 1121 → 1100(-21 for losing)
|c|â˜†AbadanRiyi92|ggs
|c|â˜†SkyLight0|Gg!
|c|â˜†AbadanRiyi92|should have electroshoted nitetails
|c|â˜†AbadanRiyi92|missplay on my part
|c|â˜†AbadanRiyi92|to play around encore
|c|â˜†SkyLight0|Yeah I think that would have done it
