|j|☆ApolloLou
|j|☆Sub Force
|html|ApolloLouSub Force    
|uhtml|bestof|Game 1 of a best-of-3
|t:|1784242734
|gametype|doubles
|player|p1|ApolloLou|petrel|
|player|p2|Sub Force|byron|
|gen|9
|tier|[Gen 9 Champions] VGC 2026 Reg M-B (Bo3)
|rule|Species Clause: Limit one of each Pokémon
|rule|Item Clause: Limit 1 of each item
|clearpoke
|poke|p1|Blastoise, L50, M|
|poke|p1|Sableye, L50, M|
|poke|p1|Talonflame, L50, M|
|poke|p1|Raichu, L50, M|
|poke|p1|Gengar, L50, F|
|poke|p1|Tauros, L50, M|
|poke|p2|Flapple, L50, F|
|poke|p2|Hydreigon, L50, F|
|poke|p2|Hatterene, L50, F|
|poke|p2|Hawlucha, L50, F|
|poke|p2|Garganacl, L50, M|
|poke|p2|Ariados, L50, F|
|teampreview|4
|showteam|p1|Blastoise||Blastoisinite|Torrent|WaterSpout,WaterPulse,AuraSphere,Protect|Modest||M|||50|]Sableye||Sablenite|Prankster|RainDance,FoulPlay,WillOWisp,Disable|Bold||M|||50|]Talonflame||SharpBeak|GaleWings|Tailwind,Protect,WillOWisp,BraveBird|Adamant||M|||50|]Raichu||Magnet|Static|FakeOut,Encore,VoltSwitch,AlluringVoice|Timid||M|||50|]Gengar||FocusSash|CursedBody|Protect,TrickRoom,Imprison,ShadowBall|Modest||F|||50|]Tauros||ChoiceScarf|Intimidate|WildCharge,HighHorsepower,DoubleEdge,IcyWind|Adamant||M|||50|
|showteam|p2|Flapple||ChoiceScarf|Hustle|GravApple,Outrage,Uturn,SuckerPunch|Jolly||F|||50|]Hydreigon||ChopleBerry|Levitate|Snarl,DracoMeteor,Tailwind,Protect|Timid||F|||50|]Hatterene||KasibBerry|MagicBounce|DazzlingGleam,TrickRoom,Psychic,Gravity|Modest||F|||50|]Hawlucha||Hawluchanite|Limber|BraveBird,QuickGuard,CloseCombat,Detect|Jolly||F|||50|]Garganacl||Leftovers|PurifyingSalt|WideGuard,SaltCure,Recover,RockSlide|Careful||M|||50|]Ariados||ScopeLens|Sniper|CrossPoison,NightSlash,RagePowder,Protect|Adamant||F|||50|
|l|☆ApolloLou
|player|p1|
|j| ndjobus
|j|☆ApolloLou
|player|p1|ApolloLou|petrel|
|
|t:|1784242813
|teamsize|p1|4
|teamsize|p2|4
|start
|switch|p1a: Talonflame|Talonflame, L50, M|100/100
|switch|p1b: Blastoise|Blastoise, L50, M|100/100
|switch|p2a: Hydreigon|Hydreigon, L50, F|100/100
|switch|p2b: Hatterene|Hatterene, L50, F|100/100
|turn|1
|
|t:|1784242836
|switch|p1a: Gengar|Gengar, L50, F|100/100
|detailschange|p1b: Blastoise|Blastoise-Mega, L50, M
|-mega|p1b: Blastoise|Blastoise|Blastoisinite
|move|p2a: Hydreigon|Snarl|p1a: Gengar|[spread] p1a,p1b
|-supereffective|p1a: Gengar|1
|-damage|p1a: Gengar|32/100
|-damage|p1b: Blastoise|83/100
|-unboost|p1a: Gengar|spa|1
|-unboost|p1b: Blastoise|spa|1
|move|p1b: Blastoise|Water Spout|p2b: Hatterene|[spread] p2a,p2b
|-resisted|p2a: Hydreigon|1
|-damage|p2a: Hydreigon|82/100
|-damage|p2b: Hatterene|61/100
|move|p2b: Hatterene|Trick Room|p2b: Hatterene
|-fieldstart|move: Trick Room|[of] p2b: Hatterene
|
|upkeep
|turn|2
|
|t:|1784242867
|switch|p2a: Garganacl|Garganacl, L50, M|100/100
|move|p2b: Hatterene|Dazzling Gleam|p1a: Gengar|[spread] p1a,p1b
|-resisted|p1a: Gengar|1
|-damage|p1a: Gengar|6/100
|-damage|p1b: Blastoise|55/100
|move|p1b: Blastoise|Aura Sphere|p2a: Garganacl
|-supereffective|p2a: Garganacl|1
|-damage|p2a: Garganacl|58/100
|move|p1a: Gengar|Trick Room|p1a: Gengar
|-fieldend|move: Trick Room
|
|-heal|p2a: Garganacl|64/100|[from] item: Leftovers
|upkeep
|turn|3
|
|t:|1784242887
|switch|p1a: Raichu|Raichu, L50, M|100/100
|move|p2a: Garganacl|Wide Guard|p2a: Garganacl
|-singleturn|p2a: Garganacl|Wide Guard
|move|p1b: Blastoise|Water Pulse|p2b: Hatterene
|-damage|p2b: Hatterene|26/100
|move|p2b: Hatterene|Gravity|p2b: Hatterene
|-fieldstart|move: Gravity
|
|-heal|p2a: Garganacl|70/100|[from] item: Leftovers
|upkeep
|turn|4
|
|t:|1784242919
|switch|p2a: Hydreigon|Hydreigon, L50, F|82/100
|switch|p2b: Flapple|Flapple, L50, F|100/100
|move|p1a: Raichu|Fake Out|p2b: Flapple
|-damage|p2b: Flapple|89/100
|move|p1b: Blastoise|Water Pulse|p2a: Hydreigon
|-resisted|p2a: Hydreigon|1
|-damage|p2a: Hydreigon|65/100
|-start|p2a: Hydreigon|confusion
|
|upkeep
|turn|5
|
|t:|1784242945
|move|p2b: Flapple|Outrage|p1a: Raichu
|-damage|p1a: Raichu|0 fnt
|faint|p1a: Raichu
|-activate|p2a: Hydreigon|confusion
|-damage|p2a: Hydreigon|55/100|[from] confusion
|move|p1b: Blastoise|Water Spout|p2b: Flapple|[spread] p2a,p2b
|-resisted|p2a: Hydreigon|1
|-resisted|p2b: Flapple|2
|-damage|p2a: Hydreigon|44/100
|-damage|p2b: Flapple|79/100
|
|upkeep
|
|t:|1784242954
|switch|p1a: Talonflame|Talonflame, L50, M|100/100
|turn|6
|
|t:|1784242959
|move|p1a: Talonflame|Brave Bird|p2b: Flapple
|-supereffective|p2b: Flapple|1
|-damage|p2b: Flapple|0 fnt
|faint|p2b: Flapple
|-damage|p1a: Talonflame|74/100|[from] Recoil
|-activate|p2a: Hydreigon|confusion
|-damage|p2a: Hydreigon|35/100|[from] confusion
|move|p1b: Blastoise|Aura Sphere|p2a: Hydreigon
|-supereffective|p2a: Hydreigon|1
|-enditem|p2a: Hydreigon|Chople Berry|[eat]
|-enditem|p2a: Hydreigon|Chople Berry|[weaken]
|-damage|p2a: Hydreigon|2/100
|
|upkeep
|
|t:|1784242968
|switch|p2b: Garganacl|Garganacl, L50, M|70/100
|turn|7
|
|t:|1784242977
|-activate|p2a: Hydreigon|confusion
|move|p2a: Hydreigon|Tailwind|p2a: Hydreigon
|-sidestart|p2: Sub Force|move: Tailwind
|move|p1a: Talonflame|Brave Bird|p2a: Hydreigon
|-damage|p2a: Hydreigon|0 fnt
|faint|p2a: Hydreigon
|-damage|p1a: Talonflame|73/100|[from] Recoil
|move|p2b: Garganacl|Rock Slide|p1b: Blastoise|[spread] p1a,p1b
|-supereffective|p1a: Talonflame|2
|-crit|p1a: Talonflame
|-damage|p1a: Talonflame|0 fnt
|-damage|p1b: Blastoise|39/100
|faint|p1a: Talonflame
|move|p1b: Blastoise|Water Pulse|p2b: Garganacl
|-supereffective|p2b: Garganacl|1
|-damage|p2b: Garganacl|25/100
|-start|p2b: Garganacl|confusion
|
|-heal|p2b: Garganacl|31/100|[from] item: Leftovers
|-fieldend|move: Gravity
|upkeep
|
|t:|1784242993
|switch|p2a: Hatterene|Hatterene, L50, F|26/100
|switch|p1a: Gengar|Gengar, L50, F|6/100
|turn|8
|
|t:|1784243003
|move|p1a: Gengar|Shadow Ball|p2a: Hatterene
|-supereffective|p2a: Hatterene|1
|-enditem|p2a: Hatterene|Kasib Berry|[eat]
|-enditem|p2a: Hatterene|Kasib Berry|[weaken]
|-damage|p2a: Hatterene|0 fnt
|faint|p2a: Hatterene
|-activate|p2b: Garganacl|confusion
|-damage|p2b: Garganacl|24/100|[from] confusion
|move|p1b: Blastoise|Water Pulse|p2b: Garganacl
|-supereffective|p2b: Garganacl|1
|-damage|p2b: Garganacl|0 fnt
|faint|p2b: Garganacl
|
|win|ApolloLou
|inactive|ApolloLou has 30 seconds to confirm battle start!
|inactive|Sub Force has 30 seconds to confirm battle start!
||ApolloLou is ready for game 2.
||Sub Force is ready for game 2.
|uhtml|next|Next: Game 2 of 3
|l| ndjobus
|l|☆ApolloLou
|player|p1|
