|j|☆Wyvern1210
|j|☆grimI0I
|html|Wyvern1210grimI0I    
|uhtml|bestof|Game 1 of a best-of-3
|t:|1785350851
|gametype|doubles
|player|p1|Wyvern1210|volkner|1000
|player|p2|grimI0I|1|1000
|gen|9
|tier|[Gen 9 Champions] VGC 2026 Reg M-B (Bo3)
|rated|
|rule|Species Clause: Limit one of each Pokémon
|rule|Item Clause: Limit 1 of each item
|clearpoke
|poke|p1|Falinks, L50|
|poke|p1|Pelipper, L50, M|
|poke|p1|Swampert, L50, F|
|poke|p1|Archaludon, L50, F|
|poke|p1|Dragonite, L50, F|
|poke|p1|Incineroar, L50, M|
|poke|p2|Staraptor, L50, F|
|poke|p2|Talonflame, L50, M|
|poke|p2|Sinistcha, L50|
|poke|p2|Swampert, L50, M|
|poke|p2|Garchomp, L50, M|
|poke|p2|Pelipper, L50, F|
|teampreview|4
|showteam|p1|Falinks||Falinksite|Defiant|CloseCombat,FirstImpression,PoisonJab,NoRetreat|Jolly|||||50|]Pelipper||DampRock|Drizzle|Tailwind,WideGuard,WeatherBall,Hurricane|Modest||M|||50|]Swampert||Swampertite|Torrent|Liquidation,Earthquake,HammerArm,Protect|Serious||F|||50|]Archaludon||LifeOrb|Stamina|DracoMeteor,ElectroShot,FlashCannon,Protect|Serious||F|||50|]Dragonite||SharpBeak|Multiscale|DragonClaw,Hurricane,ExtremeSpeed,Protect|Rash||F|||50|]Incineroar||Leftovers|Intimidate|TemperFlare,DarkestLariat,FakeOut,PartingShot|Brave||M|||50|
|showteam|p2|Staraptor||Staraptite|Intimidate|Substitute,Roost,CloseCombat,BraveBird|Jolly||F|||50|]Talonflame|||GaleWings|Defog,Acrobatics,WillOWisp,Tailwind|Jolly||M|||50|]Sinistcha||SitrusBerry|Hospitality|MatchaGotcha,Protect,RagePowder,Scald|Bold|||||50|]Swampert||Swampertite|Damp|Earthquake,WaveCrash,IcePunch,Protect|Jolly||M|||50|]Garchomp||ChoiceScarf|RoughSkin|DragonClaw,RockSlide,StompingTantrum,IronHead|Jolly||M|||50|]Pelipper||FocusSash|Drizzle|Hurricane,WeatherBall,WideGuard,Protect|Bold||F|||50|
|inactive|Battle timer is ON: inactive players will automatically lose when time's up. (requested by grimI0I)
|inactive|Wyvern1210 also wants the timer to be on.
|inactive|grimI0I has 60 seconds left.
|
|t:|1785350884
|teamsize|p1|4
|teamsize|p2|4
|start
|switch|p1a: Pelipper|Pelipper, L50, M|100/100
|switch|p1b: Swampert|Swampert, L50, F|100/100
|switch|p2a: Staraptor|Staraptor, L50, F|100/100
|switch|p2b: Talonflame|Talonflame, L50, M|100/100
|-ability|p2a: Staraptor|Intimidate|boost
|-unboost|p1a: Pelipper|atk|1
|-unboost|p1b: Swampert|atk|1
|-weather|RainDance|[from] ability: Drizzle|[of] p1a: Pelipper
|turn|1
|inactive|Wyvern1210 has 30 seconds left.
|
|t:|1785350910
|detailschange|p2a: Staraptor|Staraptor-Mega, L50, F
|-mega|p2a: Staraptor|Staraptor|Staraptite
|detailschange|p1b: Swampert|Swampert-Mega, L50, F
|-mega|p1b: Swampert|Swampert|Swampertite
|move|p2b: Talonflame|Tailwind|p2b: Talonflame
|-sidestart|p2: grimI0I|move: Tailwind
|move|p2a: Staraptor|Substitute|p2a: Staraptor
|-start|p2a: Staraptor|Substitute
|-damage|p2a: Staraptor|75/100
|move|p1b: Swampert|Liquidation|p2a: Staraptor
|-end|p2a: Staraptor|Substitute
|move|p1a: Pelipper|Tailwind|p1a: Pelipper
|-sidestart|p1: Wyvern1210|move: Tailwind
|
|-weather|RainDance|[upkeep]
|upkeep
|turn|2
|
|t:|1785350931
|move|p2b: Talonflame|Defog|p2a: Staraptor
|-boost|p2a: Staraptor|evasion|1
|move|p1b: Swampert|Liquidation|p2a: Staraptor
|-damage|p2a: Staraptor|27/100
|move|p2a: Staraptor|Substitute|p2a: Staraptor
|-start|p2a: Staraptor|Substitute
|-damage|p2a: Staraptor|2/100
|move|p1a: Pelipper|Weather Ball|p2b: Talonflame
|-supereffective|p2b: Talonflame|1
|-damage|p2b: Talonflame|0 fnt
|faint|p2b: Talonflame
|
|-weather|RainDance|[upkeep]
|upkeep
|inactive|grimI0I has 30 seconds left.
|
|t:|1785350958
|switch|p2b: Sinistcha|Sinistcha, L50|100/100
|-heal|p2a: Staraptor|27/100|[from] ability: Hospitality|[of] p2b: Sinistcha
|turn|3
|
|t:|1785350969
|move|p1b: Swampert|Protect|p1b: Swampert
|-singleturn|p1b: Swampert|Protect
|move|p2b: Sinistcha|Rage Powder|p2b: Sinistcha
|-singleturn|p2b: Sinistcha|move: Rage Powder
|move|p2a: Staraptor|Close Combat|p1b: Swampert
|-activate|p1b: Swampert|move: Protect
|move|p1a: Pelipper|Hurricane|p2b: Sinistcha
|-supereffective|p2b: Sinistcha|1
|-damage|p2b: Sinistcha|12/100
|-enditem|p2b: Sinistcha|Sitrus Berry|[eat]
|-heal|p2b: Sinistcha|37/100|[from] item: Sitrus Berry
|
|-weather|RainDance|[upkeep]
|upkeep
|turn|4
|
|t:|1785350992
|move|p1b: Swampert|Liquidation|p2a: Staraptor|[miss]
|-miss|p1b: Swampert|p2a: Staraptor
|move|p2a: Staraptor|Close Combat|p1b: Swampert
|-damage|p1b: Swampert|40/100
|-boost|p2a: Staraptor|def|1
|-boost|p2a: Staraptor|spd|1
|move|p2b: Sinistcha|Matcha Gotcha|p1a: Pelipper|[spread] p1a,p1b
|-supereffective|p1b: Swampert|2
|-damage|p1a: Pelipper|69/100
|-heal|p2b: Sinistcha|51/100|[from] drain|[of] p1a: Pelipper
|-damage|p1b: Swampert|0 fnt
|-heal|p2b: Sinistcha|72/100|[from] drain|[of] p1b: Swampert
|faint|p1b: Swampert
|move|p1a: Pelipper|Hurricane|p2b: Sinistcha
|-supereffective|p2b: Sinistcha|1
|-damage|p2b: Sinistcha|0 fnt
|faint|p2b: Sinistcha
|
|-weather|RainDance|[upkeep]
|-sideend|p1: Wyvern1210|move: Tailwind
|-sideend|p2: grimI0I|move: Tailwind
|upkeep
|
|t:|1785351015
|switch|p1b: Archaludon|Archaludon, L50, F|100/100
|switch|p2b: Garchomp|Garchomp, L50, M|100/100
|turn|5
|
|t:|1785351026
|move|p2b: Garchomp|Stomping Tantrum|p1b: Archaludon
|-supereffective|p1b: Archaludon|1
|-damage|p1b: Archaludon|36/100
|-ability|p1b: Archaludon|Stamina|boost
|-boost|p1b: Archaludon|def|1
|move|p2a: Staraptor|Brave Bird|p1a: Pelipper
|-damage|p1a: Pelipper|2/100
|-damage|p2a: Staraptor|4/100|[from] Recoil
|move|p1b: Archaludon|Electro Shot||[still]
|-prepare|p1b: Archaludon|Electro Shot
|-boost|p1b: Archaludon|spa|1
|-anim|p1b: Archaludon|Electro Shot|p2a: Staraptor|[miss]
|-miss|p1b: Archaludon|p2a: Staraptor
|move|p1a: Pelipper|Weather Ball|p2b: Garchomp
|-damage|p2b: Garchomp|32/100
|
|-weather|RainDance|[upkeep]
|upkeep
|turn|6
|
|t:|1785351048
|move|p1b: Archaludon|Protect|p1b: Archaludon
|-singleturn|p1b: Archaludon|Protect
|move|p2b: Garchomp|Stomping Tantrum|p1b: Archaludon
|-activate|p1b: Archaludon|move: Protect
|move|p2a: Staraptor|Close Combat|p1a: Pelipper
|-resisted|p1a: Pelipper|1
|-damage|p1a: Pelipper|0 fnt
|-boost|p2a: Staraptor|def|1
|-boost|p2a: Staraptor|spd|1
|faint|p1a: Pelipper
|
|-weather|RainDance|[upkeep]
|upkeep
|
|t:|1785351062
|switch|p1a: Dragonite|Dragonite, L50, F|100/100
|turn|7
|
|t:|1785351074
|move|p2b: Garchomp|Stomping Tantrum|p1b: Archaludon
|-supereffective|p1b: Archaludon|1
|-damage|p1b: Archaludon|0 fnt
|faint|p1b: Archaludon
|move|p2a: Staraptor|Roost|p2a: Staraptor
|-heal|p2a: Staraptor|54/100
|-singleturn|p2a: Staraptor|move: Roost
|move|p1a: Dragonite|Dragon Claw|p2b: Garchomp
|-supereffective|p2b: Garchomp|1
|-damage|p2b: Garchomp|0 fnt
|-damage|p1a: Dragonite|87/100|[from] ability: Rough Skin|[of] p2b: Garchomp
|faint|p2b: Garchomp
|
|-weather|RainDance|[upkeep]
|upkeep
|turn|8
|
|t:|1785351099
|move|p2a: Staraptor|Close Combat|p1a: Dragonite
|-resisted|p1a: Dragonite|1
|-damage|p1a: Dragonite|50/100g
|-boost|p2a: Staraptor|def|1
|-boost|p2a: Staraptor|spd|1
|move|p1a: Dragonite|Hurricane|p2a: Staraptor
|-supereffective|p2a: Staraptor|1
|-end|p2a: Staraptor|Substitute
|
|-weather|none
|upkeep
|turn|9
|
|t:|1785351117
|move|p2a: Staraptor|Roost|p2a: Staraptor
|-heal|p2a: Staraptor|100/100
|-singleturn|p2a: Staraptor|move: Roost
|move|p1a: Dragonite|Hurricane|p2a: Staraptor|[miss]
|-miss|p1a: Dragonite|p2a: Staraptor
|
|upkeep
|turn|10
|
|t:|1785351123
|move|p2a: Staraptor|Brave Bird|p1a: Dragonite
|-damage|p1a: Dragonite|0 fnt
|faint|p1a: Dragonite
|-damage|p2a: Staraptor|81/100|[from] Recoil
|
|win|grimI0I
|c|☆grimI0I|gg
||grimI0I is ready for game 2.
|l|☆Wyvern1210
|player|p1|
