|j|☆homerj71
|j|☆mirroofsoul
|html|homerj71mirroofsoul    
|uhtml|bestof|Game 3 of a best-of-3
|t:|1782236941
|gametype|doubles
|player|p1|homerj71|169|
|player|p2|mirroofsoul|266|
|gen|9
|tier|[Gen 9 Champions] VGC 2026 Reg M-B (Bo3)
|rule|Species Clause: Limit one of each Pokémon
|rule|Item Clause: Limit 1 of each item
|clearpoke
|poke|p1|Charizard, L50, F|
|poke|p1|Garchomp, L50, F|
|poke|p1|Whimsicott, L50, M|
|poke|p1|Basculegion, L50, M|
|poke|p1|Kingambit, L50, M|
|poke|p1|Floette-Eternal, L50, F|
|poke|p2|Sinistcha, L50|
|poke|p2|Farigiraf, L50, F|
|poke|p2|Eelektross, L50, F|
|poke|p2|Dragalge, L50, M|
|poke|p2|Sylveon, L50, M|
|poke|p2|Torkoal, L50, F|
|teampreview|4
|showteam|p1|Charizard||CharizarditeY|Blaze|HeatWave,SolarBeam,WeatherBall,Protect|Modest||F|||50|]Garchomp||SitrusBerry|RoughSkin|DragonClaw,Earthquake,RockSlide,PoisonJab|Jolly||F|||50|]Whimsicott||FocusSash|Prankster|Moonblast,Tailwind,Encore,Protect|Timid||M|||50|]Basculegion||LifeOrb|Adaptability|WaveCrash,AquaJet,Protect,LastRespects|Adamant||M|||50|]Kingambit||BlackGlasses|Defiant|KowtowCleave,SuckerPunch,IronHead,Protect|Adamant||M|||50|]Floette-Eternal||Floettite|FlowerVeil|Moonblast,DazzlingGleam,LightofRuin,Protect|Timid||F|||50|
|showteam|p2|Sinistcha||Leftovers|Hospitality|MatchaGotcha,ShadowBall,RagePowder,TrickRoom|Quiet|||||50|]Farigiraf||SitrusBerry|ArmorTail|TrickRoom,Psychic,HelpingHand,Protect|Relaxed||F|||50|]Eelektross||Eelektrossite|Levitate|WildCharge,DrainPunch,KnockOff,Uturn|Brave||F|||50|]Dragalge||Dragalgite|Adaptability|SludgeBomb,DracoMeteor,FlipTurn,Haze|Quiet||M|||50|]Sylveon||FairyFeather|Pixilate|HyperVoice,QuickAttack,HyperBeam,Detect|Quiet||M|||50|]Torkoal||Charcoal|Drought|Eruption,EarthPower,WeatherBall,Protect|Quiet||F|||50|
|inactive|Battle timer is ON: inactive players will automatically lose when time's up. (requested by mirroofsoul)
|inactive|homerj71 also wants the timer to be on.
|
|t:|1782236966
|teamsize|p1|4
|teamsize|p2|4
|start
|switch|p1a: Basculegion|Basculegion, L50, M|100/100
|switch|p1b: Kingambit|Kingambit, L50, M|100/100
|switch|p2a: Farigiraf|Farigiraf, L50, F|100/100
|switch|p2b: Dragalge|Dragalge, L50, M|100/100
|turn|1
|
|t:|1782236981
|detailschange|p2b: Dragalge|Dragalge-Mega, L50, M
|-mega|p2b: Dragalge|Dragalge|Dragalgite
|move|p1a: Basculegion|Wave Crash|p2a: Farigiraf
|-damage|p2a: Farigiraf|33/100
|-enditem|p2a: Farigiraf|Sitrus Berry|[eat]
|-heal|p2a: Farigiraf|58/100|[from] item: Sitrus Berry
|-damage|p1a: Basculegion|74/100|[from] Recoil
|-damage|p1a: Basculegion|64/100|[from] item: Life Orb
|move|p1b: Kingambit|Kowtow Cleave|p2a: Farigiraf
|-supereffective|p2a: Farigiraf|1
|-damage|p2a: Farigiraf|0 fnt
|faint|p2a: Farigiraf
|move|p2b: Dragalge|Draco Meteor|p1a: Basculegion
|-damage|p1a: Basculegion|0 fnt
|-unboost|p2b: Dragalge|spa|2
|faint|p1a: Basculegion
|
|upkeep
|
|t:|1782236998
|switch|p1a: Floette|Floette-Eternal, L50, F|100/100
|switch|p2a: Eelektross|Eelektross, L50, F|100/100
|turn|2
|
|t:|1782237007
|detailschange|p1a: Floette|Floette-Mega, L50, F
|-mega|p1a: Floette|Floette|Floettite
|-ability|p1a: Floette|Fairy Aura
|move|p1b: Kingambit|Sucker Punch|p2a: Eelektross
|-damage|p2a: Eelektross|52/100
|move|p1a: Floette|Dazzling Gleam|p2a: Eelektross|[spread] p2a,p2b
|-damage|p2a: Eelektross|3/100
|-damage|p2b: Dragalge|70/100
|move|p2a: Eelektross|Drain Punch|p1b: Kingambit
|-supereffective|p1b: Kingambit|2
|-damage|p1b: Kingambit|42/100
|-heal|p2a: Eelektross|34/100|[from] drain|[of] p1b: Kingambit
|move|p2b: Dragalge|Sludge Bomb|p1a: Floette
|-supereffective|p1a: Floette|1
|-damage|p1a: Floette|52/100
|
|upkeep
|turn|3
|
|t:|1782237028
|-heal|p2b: Dragalge|100/100|[from] ability: Regenerator|[silent]
|switch|p2b: Sinistcha|Sinistcha, L50|100/100
|-heal|p2a: Eelektross|59/100|[from] ability: Hospitality|[of] p2b: Sinistcha
|move|p1b: Kingambit|Sucker Punch||[still]
|-fail|p1b: Kingambit
|move|p1a: Floette|Dazzling Gleam|p2b: Sinistcha|[spread] p2a,p2b
|-damage|p2a: Eelektross|17/100
|-damage|p2b: Sinistcha|53/100
|move|p2a: Eelektross|Drain Punch|p1b: Kingambit
|-supereffective|p1b: Kingambit|2
|-damage|p1b: Kingambit|0 fnt
|-heal|p2a: Eelektross|40/100|[from] drain|[of] p1b: Kingambit
|faint|p1b: Kingambit
|
|-heal|p2b: Sinistcha|60/100|[from] item: Leftovers
|upkeep
|
|t:|1782237037
|switch|p1b: Garchomp|Garchomp, L50, F|100/100
|turn|4
|
|t:|1782237054
|move|p1a: Floette|Dazzling Gleam|p2b: Sinistcha|[spread] p2a,p2b
|-crit|p2a: Eelektross
|-damage|p2a: Eelektross|0 fnt
|-damage|p2b: Sinistcha|14/100
|faint|p2a: Eelektross
|move|p1b: Garchomp|Dragon Claw|p2b: Sinistcha
|-damage|p2b: Sinistcha|0 fnt
|faint|p2b: Sinistcha
|
|upkeep
|
|t:|1782237068
|switch|p2b: Dragalge|Dragalge-Mega, L50, M|100/100
|turn|5
|
|t:|1782237074
|move|p1a: Floette|Moonblast|p2b: Dragalge
|-damage|p2b: Dragalge|47/100
|-unboost|p2b: Dragalge|spa|1
|move|p1b: Garchomp|Dragon Claw|p2b: Dragalge
|-supereffective|p2b: Dragalge|1
|-damage|p2b: Dragalge|0 fnt
|faint|p2b: Dragalge
|
|win|homerj71
