|j|☆Welosethose!
|j|☆migalhinha xd
|html|Welosethose!migalhinha xd    
|uhtml|bestof|Game 2 of a best-of-3
|t:|1757020422
|gametype|doubles
|player|p1|Welosethose!|hilbert|1097
|player|p2|migalhinha xd|worker-gen4|1000
|gen|9
|tier|[Gen 9] VGC 2025 Reg H (Bo3)
|rated|
|rule|Species Clause: Limit one of each Pokémon
|rule|Item Clause: Limit 1 of each item
|clearpoke
|poke|p1|Politoed, L50, F|
|poke|p1|Gothitelle, L50, F|
|poke|p1|Kingdra, L50, M|
|poke|p1|Archaludon, L50, F|
|poke|p1|Amoonguss, L50, F|
|poke|p1|Incineroar, L50, F|
|poke|p2|Archaludon, L50, M|
|poke|p2|Basculegion, L50, M|
|poke|p2|Pelipper, L50, M|
|poke|p2|Amoonguss, L50, M|
|poke|p2|Incineroar, L50, F|
|poke|p2|Maushold, L50|
|teampreview|4
|showteam|p1|Politoed||Leftovers|Drizzle|WeatherBall,Encore,PerishSong,Protect|||F|||50|,,,,,Grass]Gothitelle||SitrusBerry|ShadowTag|FakeOut,Psychic,TrickRoom,Protect|||F|||50|,,,,,Dark]Kingdra||LifeOrb|SwiftSwim|WeatherBall,MuddyWater,DracoMeteor,Protect|||M|||50|,,,,,Stellar]Archaludon||PowerHerb|Sturdy|ElectroShot,FlashCannon,DragonPulse,Protect|||F|||50|,,,,,Electric]Amoonguss||EjectButton|Regenerator|PollenPuff,Spore,RagePowder,Protect|||F|||50|,,,,,Fairy]Incineroar||SafetyGoggles|Intimidate|FakeOut,KnockOff,PartingShot,Protect|||F|||50|,,,,,Ghost
|showteam|p2|Archaludon||AssaultVest|Stamina|ElectroShot,DragonPulse,FlashCannon,BodyPress|||M|||50|,,,,,Grass]Basculegion||MysticWater|SwiftSwim|Protect,WaveCrash,AquaJet,LastRespects|||M|||50|,,,,,Water]Pelipper||FocusSash|Drizzle|Hurricane,WeatherBall,Tailwind,Protect|||M|||50|,,,,,Ghost]Amoonguss||SitrusBerry|Regenerator|Spore,RagePowder,PollenPuff,ClearSmog|||M|||50|,,,,,Water]Incineroar||SafetyGoggles|Intimidate|FakeOut,FlareBlitz,KnockOff,PartingShot|||F|||50|,,,,,Ghost]Maushold||WideLens|Technician|PopulationBomb,FollowMe,Taunt,Protect||||||50|,,,,,Grass
|
|t:|1757020479
|teamsize|p1|4
|teamsize|p2|4
|start
|switch|p1a: Kingdra|Kingdra, L50, M|100/100
|switch|p1b: Politoed|Politoed, L50, F|100/100
|switch|p2a: Incineroar|Incineroar, L50, F|100/100
|switch|p2b: Basculegion|Basculegion, L50, M|100/100
|-ability|p2a: Incineroar|Intimidate|boost
|-unboost|p1a: Kingdra|atk|1
|-unboost|p1b: Politoed|atk|1
|-weather|RainDance|[from] ability: Drizzle|[of] p1b: Politoed
|turn|1
|
|t:|1757020498
|switch|p2a: Amoonguss|Amoonguss, L50, M|100/100
|move|p1a: Kingdra|Protect|p1a: Kingdra
|-singleturn|p1a: Kingdra|Protect
|move|p1b: Politoed|Protect|p1b: Politoed
|-singleturn|p1b: Politoed|Protect
|move|p2b: Basculegion|Wave Crash|p1b: Politoed
|-activate|p1b: Politoed|move: Protect
|
|-weather|RainDance|[upkeep]
|upkeep
|turn|2
|c|☆Welosethose!|youre not a 1000 player are you
|c|☆migalhinha xd|maybe in this regulation but i have played some matches in other regulations
|
|t:|1757020559
|switch|p1b: Amoonguss|Amoonguss, L50, F|100/100
|move|p2a: Amoonguss|Rage Powder|p2a: Amoonguss
|-singleturn|p2a: Amoonguss|move: Rage Powder
|move|p1a: Kingdra|Draco Meteor|p2a: Amoonguss
|-damage|p2a: Amoonguss|29/100
|-unboost|p1a: Kingdra|spa|2
|-enditem|p2a: Amoonguss|Sitrus Berry|[eat]
|-heal|p2a: Amoonguss|54/100|[from] item: Sitrus Berry
|-damage|p1a: Kingdra|91/100|[from] item: Life Orb
|move|p2b: Basculegion|Wave Crash|p1b: Amoonguss
|-resisted|p1b: Amoonguss
|-damage|p1b: Amoonguss|59/100
|-damage|p2b: Basculegion|85/100|[from] Recoil
|-enditem|p1b: Amoonguss|Eject Button
|
|t:|1757020570
|switch|p1b: Politoed|Politoed, L50, F|100/100
|
|-weather|RainDance|[upkeep]
|upkeep
|turn|3
|
|t:|1757020601
|switch|p1a: Archaludon|Archaludon, L50, F|100/100
|switch|p2a: Pelipper|Pelipper, L50, M|100/100
|move|p1b: Politoed|Protect|p1b: Politoed
|-singleturn|p1b: Politoed|Protect
|move|p2b: Basculegion|Wave Crash|p1b: Politoed
|-activate|p1b: Politoed|move: Protect
|
|-weather|RainDance|[upkeep]
|upkeep
|turn|4
|c|☆Welosethose!|yeah im just garbage then
|c|☆Welosethose!|i was at 1300 with perish
|c|☆migalhinha xd|is this wolfeyvgc team?
|c|☆Welosethose!|yup
|
|t:|1757020655
|switch|p2b: Amoonguss|Amoonguss, L50, M|87/100
|move|p1a: Archaludon|Electro Shot||[still]
|-prepare|p1a: Archaludon|Electro Shot
|-boost|p1a: Archaludon|spa|1
|-anim|p1a: Archaludon|Electro Shot|p2a: Pelipper
|-supereffective|p2a: Pelipper
|-enditem|p2a: Pelipper|Focus Sash
|-damage|p2a: Pelipper|1/100
|move|p2a: Pelipper|Hurricane|p1b: Politoed
|-damage|p1b: Politoed|64/100
|move|p1b: Politoed|Weather Ball|p2a: Pelipper
|-resisted|p2a: Pelipper
|-damage|p2a: Pelipper|0 fnt
|faint|p2a: Pelipper
|
|-weather|RainDance|[upkeep]
|-heal|p1b: Politoed|70/100|[from] item: Leftovers
|upkeep
|
|t:|1757020680
|switch|p2a: Incineroar|Incineroar, L50, F|100/100
|-ability|p2a: Incineroar|Intimidate|boost
|-unboost|p1a: Archaludon|atk|1
|-unboost|p1b: Politoed|atk|1
|turn|5
|
|t:|1757020707
|switch|p1b: Amoonguss|Amoonguss, L50, F|92/100
|switch|p2b: Basculegion|Basculegion, L50, M|85/100
|move|p1a: Archaludon|Protect|p1a: Archaludon
|-singleturn|p1a: Archaludon|Protect
|move|p2a: Incineroar|Fake Out|p1b: Amoonguss
|-damage|p1b: Amoonguss|81/100
|
|-weather|none
|upkeep
|turn|6
|c|☆migalhinha xd|i have seen this team before so i have the advantage
|
|t:|1757020732
|move|p2b: Basculegion|Protect|p2b: Basculegion
|-singleturn|p2b: Basculegion|Protect
|move|p1a: Archaludon|Electro Shot||[still]
|-prepare|p1a: Archaludon|Electro Shot
|-boost|p1a: Archaludon|spa|1
|-enditem|p1a: Archaludon|Power Herb
|-anim|p1a: Archaludon|Electro Shot|p2b: Basculegion
|-activate|p2b: Basculegion|move: Protect
|move|p2a: Incineroar|Flare Blitz|p1b: Amoonguss
|-supereffective|p1b: Amoonguss
|-damage|p1b: Amoonguss|0 fnt
|faint|p1b: Amoonguss
|-damage|p2a: Incineroar|71/100|[from] Recoil
|
|upkeep
|
|t:|1757020736
|switch|p1b: Kingdra|Kingdra, L50, M|91/100
|turn|7
|c|☆Welosethose!|shouldnt matter tbh
|
|t:|1757020790
|switch|p2b: Amoonguss|Amoonguss, L50, M|100/100
|move|p1a: Archaludon|Dragon Pulse|p2a: Incineroar
|-damage|p2a: Incineroar|0 fnt
|faint|p2a: Incineroar
|move|p1b: Kingdra|Draco Meteor|p2b: Amoonguss
|-damage|p2b: Amoonguss|31/100
|-unboost|p1b: Kingdra|spa|2
|-damage|p1b: Kingdra|81/100|[from] item: Life Orb
|
|upkeep
|
|t:|1757020801
|switch|p2a: Basculegion|Basculegion, L50, M|85/100
|turn|8
|
|t:|1757020868
|-terastallize|p1b: Kingdra|Stellar
|move|p1a: Archaludon|Protect|p1a: Archaludon
|-singleturn|p1a: Archaludon|Protect
|move|p2b: Amoonguss|Rage Powder|p2b: Amoonguss
|-singleturn|p2b: Amoonguss|move: Rage Powder
|move|p1b: Kingdra|Draco Meteor|p2b: Amoonguss
|-damage|p2b: Amoonguss|0 fnt
|-unboost|p1b: Kingdra|spa|2
|faint|p2b: Amoonguss
|-damage|p1b: Kingdra|71/100|[from] item: Life Orb
|move|p2a: Basculegion|Last Respects|p1a: Archaludon
|-activate|p1a: Archaludon|move: Protect
|
|upkeep
|turn|9
|
|t:|1757020883
|switch|p1b: Politoed|Politoed, L50, F|70/100
|-weather|RainDance|[from] ability: Drizzle|[of] p1b: Politoed
|move|p2a: Basculegion|Last Respects|p1a: Archaludon
|-damage|p1a: Archaludon|17/100
|move|p1a: Archaludon|Electro Shot||[still]
|-prepare|p1a: Archaludon|Electro Shot
|-boost|p1a: Archaludon|spa|1
|-anim|p1a: Archaludon|Electro Shot|p2a: Basculegion
|-supereffective|p2a: Basculegion
|-damage|p2a: Basculegion|0 fnt
|faint|p2a: Basculegion
|
|win|Welosethose!
||migalhinha xd is ready for game 3.
|inactive|Welosethose! has 30 seconds to confirm battle start!
||Welosethose! is ready for game 3.
|uhtml|next|Next: Game 3 of 3
