|j|☆Govek314
|j|☆luckstat10
|html|Govek314luckstat10    
|uhtml|bestof|Game 2 of a best-of-3
|t:|1756943879
|gametype|doubles
|player|p1|Govek314|266|1130
|player|p2|luckstat10|265|1140
|gen|9
|tier|[Gen 9] VGC 2025 Reg H (Bo3)
|rated|
|rule|Species Clause: Limit one of each Pokémon
|rule|Item Clause: Limit 1 of each item
|clearpoke
|poke|p1|Arcanine-Hisui, L50, M|
|poke|p1|Rillaboom, L50, F|
|poke|p1|Basculegion, L50, M|
|poke|p1|Ninetales-Alola, L50, F|
|poke|p1|Gholdengo, L50|
|poke|p1|Hydreigon, L50, M|
|poke|p2|Whimsicott, L50, F|
|poke|p2|Typhlosion-Hisui, L50, M|
|poke|p2|Ursaluna-Bloodmoon, L50, M|
|poke|p2|Indeedee, L50, M|
|poke|p2|Sneasler, L50, F|
|poke|p2|Dragapult, L50, M|
|teampreview|4
|showteam|p1|Arcanine-Hisui||ClearAmulet|Intimidate|FlareBlitz,ExtremeSpeed,Protect,RockSlide|||M|||50|,,,,,Grass]Rillaboom||AssaultVest|GrassySurge|GrassyGlide,FakeOut,WoodHammer,Uturn|||F|||50|,,,,,Fire]Basculegion||ChoiceScarf|Adaptability|LastRespects,WaveCrash,AquaJet,FlipTurn|||M|||50|,,,,,Water]Ninetales-Alola||FocusSash|SnowWarning|Blizzard,AuroraVeil,IcyWind,Protect|||F|||50|,,,,,Ghost]Gholdengo||LifeOrb|GoodasGold|Protect,MakeItRain,ShadowBall,NastyPlot||||||50|,,,,,Water]Hydreigon||SafetyGoggles|Levitate|DracoMeteor,Snarl,Tailwind,Protect|||M|||50|,,,,,Ghost
|showteam|p2|Whimsicott||CovertCloak|Prankster|Tailwind,SunnyDay,Encore,Moonblast|||F|||50|,,,,,Fire]Typhlosion-Hisui||ChoiceScarf|Blaze|Eruption,HeatWave,ShadowBall,Flamethrower|||M|||50|,,,,,Fire]Ursaluna-Bloodmoon||LifeOrb|MindsEye|BloodMoon,HyperVoice,EarthPower,Protect|||M|||50|,,,,,Ghost]Indeedee||FocusSash|PsychicSurge|ExpandingForce,DazzlingGleam,HelpingHand,Protect|||M|||50|,,,,,Psychic]Sneasler||PsychicSeed|Unburden|DireClaw,CloseCombat,ThroatChop,Protect|||F|||50|,,,,,Dark]Dragapult||ChoiceBand|ClearBody|DragonDarts,TeraBlast,PhantomForce,Uturn|||M|||50|,,,,,Ghost
|
|t:|1756943905
|teamsize|p1|4
|teamsize|p2|4
|start
|switch|p1a: Ninetales|Ninetales-Alola, L50, F, shiny|100/100
|switch|p1b: Hydreigon|Hydreigon, L50, M, shiny|100/100
|switch|p2a: Indeedee|Indeedee, L50, M|100/100
|switch|p2b: Sneasler|Sneasler, L50, F|100/100
|-weather|Snowscape|[from] ability: Snow Warning|[of] p1a: Ninetales
|-fieldstart|move: Psychic Terrain|[from] ability: Psychic Surge|[of] p2a: Indeedee
|-enditem|p2b: Sneasler|Psychic Seed
|-boost|p2b: Sneasler|spd|1|[from] item: Psychic Seed
|turn|1
|
|t:|1756943937
|move|p2b: Sneasler|Protect|p2b: Sneasler
|-singleturn|p2b: Sneasler|Protect
|move|p1a: Ninetales|Protect|p1a: Ninetales
|-singleturn|p1a: Ninetales|Protect
|move|p1b: Hydreigon|Tailwind|p1b: Hydreigon
|-sidestart|p1: Govek314|move: Tailwind
|move|p2a: Indeedee|Dazzling Gleam|p1b: Hydreigon|[spread] p1b
|-activate|p1a: Ninetales|move: Protect
|-supereffective|p1b: Hydreigon
|-damage|p1b: Hydreigon|19/100
|
|-weather|Snowscape|[upkeep]
|upkeep
|turn|2
|
|t:|1756943977
|move|p1a: Ninetales|Aurora Veil|p1a: Ninetales
|-sidestart|p1: Govek314|move: Aurora Veil
|move|p2b: Sneasler|Dire Claw|p1a: Ninetales
|-supereffective|p1a: Ninetales
|-crit|p1a: Ninetales
|-enditem|p1a: Ninetales|Focus Sash
|-damage|p1a: Ninetales|1/100
|move|p1b: Hydreigon|Draco Meteor|p2b: Sneasler
|-damage|p2b: Sneasler|37/100
|-unboost|p1b: Hydreigon|spa|2
|move|p2a: Indeedee|Dazzling Gleam|p1a: Ninetales|[spread] p1a,p1b
|-supereffective|p1b: Hydreigon
|-damage|p1a: Ninetales|0 fnt
|-damage|p1b: Hydreigon|0 fnt
|faint|p1a: Ninetales
|faint|p1b: Hydreigon
|
|-weather|Snowscape|[upkeep]
|upkeep
|
|t:|1756943993
|switch|p1a: Rillaboom|Rillaboom, L50, F, shiny|100/100
|switch|p1b: Arcanine|Arcanine-Hisui, L50, M|100/100
|-ability|p1b: Arcanine|Intimidate|boost
|-unboost|p2a: Indeedee|atk|1
|-unboost|p2b: Sneasler|atk|1
|-fieldstart|move: Grassy Terrain|[from] ability: Grassy Surge|[of] p1a: Rillaboom
|turn|3
|
|t:|1756944025
|move|p2b: Sneasler|Protect|p2b: Sneasler
|-singleturn|p2b: Sneasler|Protect
|move|p1b: Arcanine|Extreme Speed|p2b: Sneasler
|-activate|p2b: Sneasler|move: Protect
|move|p1a: Rillaboom|Wood Hammer|p2a: Indeedee
|-enditem|p2a: Indeedee|Focus Sash
|-damage|p2a: Indeedee|1/100
|-damage|p1a: Rillaboom|79/100|[from] Recoil
|move|p2a: Indeedee|Expanding Force|p1b: Arcanine
|-damage|p1b: Arcanine|68/100
|
|-weather|Snowscape|[upkeep]
|-heal|p2b: Sneasler|42/100|[from] Grassy Terrain
|-heal|p1b: Arcanine|74/100|[from] Grassy Terrain
|-heal|p1a: Rillaboom|85/100|[from] Grassy Terrain
|-heal|p2a: Indeedee|7/100|[from] Grassy Terrain
|upkeep
|turn|4
|
|t:|1756944052
|switch|p2b: Typhlosion|Typhlosion-Hisui, L50, M, shiny|100/100
|switch|p2a: Whimsicott|Whimsicott, L50, F, shiny|100/100
|move|p1b: Arcanine|Extreme Speed|p2b: Typhlosion
|-immune|p2b: Typhlosion
|move|p1a: Rillaboom|Grassy Glide|p2a: Whimsicott
|-resisted|p2a: Whimsicott
|-damage|p2a: Whimsicott|73/100
|
|-weather|Snowscape|[upkeep]
|-heal|p1b: Arcanine|79/100|[from] Grassy Terrain
|-heal|p1a: Rillaboom|91/100|[from] Grassy Terrain
|-heal|p2a: Whimsicott|79/100|[from] Grassy Terrain
|-sideend|p1: Govek314|move: Tailwind
|upkeep
|turn|5
|
|t:|1756944080
|-terastallize|p1a: Rillaboom|Fire
|move|p2a: Whimsicott|Tailwind|p2a: Whimsicott
|-sidestart|p2: luckstat10|move: Tailwind
|move|p1a: Rillaboom|Grassy Glide|p2a: Whimsicott
|-resisted|p2a: Whimsicott
|-damage|p2a: Whimsicott|50/100
|move|p2b: Typhlosion|Shadow Ball|p1b: Arcanine
|-damage|p1b: Arcanine|43/100
|move|p1b: Arcanine|Rock Slide|p2b: Typhlosion|[spread] p2a,p2b
|-supereffective|p2b: Typhlosion
|-damage|p2a: Whimsicott|8/100
|-damage|p2b: Typhlosion|16/100
|
|-weather|none
|-heal|p2b: Typhlosion|22/100|[from] Grassy Terrain
|-heal|p2a: Whimsicott|14/100|[from] Grassy Terrain
|-heal|p1b: Arcanine|48/100|[from] Grassy Terrain
|-heal|p1a: Rillaboom|97/100|[from] Grassy Terrain
|upkeep
|turn|6
|l|☆Govek314
|player|p1|
|j|☆Govek314
|player|p1|Govek314|266|
|
|t:|1756944144
|switch|p2a: Indeedee|Indeedee, L50, M|7/100
|-fieldstart|move: Psychic Terrain|[from] ability: Psychic Surge|[of] p2a: Indeedee
|move|p1b: Arcanine|Extreme Speed|p2a: Indeedee
|-activate|p2a: Indeedee|move: Psychic Terrain
|move|p2b: Typhlosion|Shadow Ball|p1b: Arcanine
|-damage|p1b: Arcanine|10/100
|move|p1a: Rillaboom|Grassy Glide|p2b: Typhlosion
|-resisted|p2b: Typhlosion
|-damage|p2b: Typhlosion|3/100
|
|-sideend|p1: Govek314|move: Aurora Veil
|upkeep
|turn|7
|
|t:|1756944164
|move|p1b: Arcanine|Protect|p1b: Arcanine
|-singleturn|p1b: Arcanine|Protect
|move|p2b: Typhlosion|Shadow Ball|p1a: Rillaboom
|-damage|p1a: Rillaboom|63/100
|move|p2a: Indeedee|Expanding Force|p1b: Arcanine|[spread] p1a
|-activate|p1b: Arcanine|move: Protect
|-damage|p1a: Rillaboom|28/100
|move|p1a: Rillaboom|U-turn|p2a: Indeedee
|-supereffective|p2a: Indeedee
|-damage|p2a: Indeedee|0 fnt
|faint|p2a: Indeedee
|
|upkeep
|
|t:|1756944171
|switch|p2a: Sneasler|Sneasler, L50, F|42/100
|turn|8
|
|t:|1756944196
|move|p2b: Typhlosion|Shadow Ball|p1b: Arcanine
|-damage|p1b: Arcanine|0 fnt
|faint|p1b: Arcanine
|move|p2a: Sneasler|Close Combat|p1a: Rillaboom
|-damage|p1a: Rillaboom|0 fnt
|-unboost|p2a: Sneasler|def|1
|-unboost|p2a: Sneasler|spd|1
|faint|p1a: Rillaboom
|
|win|luckstat10
|raw|Govek314's rating: 1130 → 1106(-24 for losing)
|raw|luckstat10's rating: 1140 → 1164(+24 for winning)
