|j|☆entei enthusiast
|j|☆comando_carpincho
|html|entei enthusiastcomando_carpincho    
|uhtml|bestof|Game 1 of a best-of-3
|t:|1783399229
|gametype|doubles
|player|p1|entei enthusiast|kamado-armor|1161
|player|p2|comando_carpincho|101|1211
|gen|9
|tier|[Gen 9 Champions] VGC 2026 Reg M-B (Bo3)
|rated|
|rule|Species Clause: Limit one of each Pokémon
|rule|Item Clause: Limit 1 of each item
|clearpoke
|poke|p1|Gholdengo, L50|
|poke|p1|Raichu, L50, M|
|poke|p1|Ninetales-Alola, L50, M|
|poke|p1|Whimsicott, L50, F|
|poke|p1|Gyarados, L50, F, shiny|
|poke|p1|Incineroar, L50, M|
|poke|p2|Mawile, L50, M|
|poke|p2|Garchomp, L50, M|
|poke|p2|Rotom-Wash, L50|
|poke|p2|Farigiraf, L50, F|
|poke|p2|Torkoal, L50, F|
|poke|p2|Whimsicott, L50, M|
|teampreview|4
|showteam|p1|Gholdengo||SpellTag|GoodasGold|Hex,MakeItRain,NastyPlot,Protect|Modest|||||50|]Raichu||RaichuniteY|LightningRod|ZapCannon,FocusBlast,Protect,FakeOut|Timid||M|||50|]Ninetales-Alola||NeverMeltIce|SnowWarning|Blizzard,IcyWind,FreezeDry,Protect|Timid||M|||50|]Whimsicott||FocusSash|Prankster|Moonblast,Tailwind,Encore,Protect|Timid||F|||50|]Gyarados||Gyaradosite|Intimidate|LashOut,Waterfall,DragonDance,Protect|Adamant||F|||50|]Incineroar||ShucaBerry|Intimidate|FlareBlitz,WillOWisp,PartingShot,FakeOut|Impish||M|||50|
|showteam|p2|Mawile||Mawilite|HyperCutter|SuckerPunch,PlayRough,IronHead,Protect|Adamant||M|||50|]Garchomp||LifeOrb|RoughSkin|StompingTantrum,RockSlide,DragonClaw,Protect|Jolly||M|||50|]Rotom-Wash||Leftovers|Levitate|HydroPump,Protect,Thunderbolt,WillOWisp|Modest|||||50|]Farigiraf||SitrusBerry|ArmorTail|TrickRoom,Protect,DazzlingGleam,Psychic|Bold||F|||50|]Torkoal||Charcoal|Drought|Yawn,WeatherBall,Protect,EarthPower|Quiet||F|||50|]Whimsicott||FocusSash|Prankster|Tailwind,Moonblast,Encore,HelpingHand|Timid||M|||50|
|inactive|Battle timer is ON: inactive players will automatically lose when time's up. (requested by entei enthusiast)
|inactive|entei enthusiast has 60 seconds left.
|inactive|comando_carpincho has 60 seconds left.
|
|t:|1783399279
|teamsize|p1|4
|teamsize|p2|4
|start
|switch|p1a: Gholdengo|Gholdengo, L50|100/100
|switch|p1b: Raichu|Raichu, L50, M|100/100
|switch|p2a: Rotom|Rotom-Wash, L50|100/100
|switch|p2b: Mawile|Mawile, L50, M|100/100
|turn|1
|inactive|entei enthusiast has 30 seconds left.
|
|t:|1783399311
|detailschange|p1b: Raichu|Raichu-Mega-Y, L50, M
|-mega|p1b: Raichu|Raichu|Raichunite Y
|detailschange|p2b: Mawile|Mawile-Mega, L50, M
|-mega|p2b: Mawile|Mawile|Mawilite
|move|p1a: Gholdengo|Protect|p1a: Gholdengo
|-singleturn|p1a: Gholdengo|Protect
|move|p2b: Mawile|Sucker Punch||[still]
|-fail|p2b: Mawile
|move|p1b: Raichu|Zap Cannon|p2b: Mawile
|-damage|p2b: Mawile|30/100
|-status|p2b: Mawile|par
|move|p2a: Rotom|Hydro Pump|p1b: Raichu
|-damage|p1b: Raichu|32/100
|
|upkeep
|turn|2
|inactive|entei enthusiast has 30 seconds left.
|
|t:|1783399337
|switch|p1b: Incineroar|Incineroar, L50, M|100/100
|-ability|p1b: Incineroar|Intimidate|boost
|-unboost|p2a: Rotom|atk|1
|-unboost|p2b: Mawile|atk|1
|move|p2b: Mawile|Sucker Punch||[still]
|-fail|p2b: Mawile
|move|p2a: Rotom|Hydro Pump|p1a: Gholdengo
|-damage|p1a: Gholdengo|39/100
|move|p1a: Gholdengo|Nasty Plot|p1a: Gholdengo
|-boost|p1a: Gholdengo|spa|2
|
|upkeep
|turn|3
|inactive|comando_carpincho has 30 seconds left.
|inactive|entei enthusiast has 30 seconds left.
|inactive|entei enthusiast has 20 seconds left.
|
|t:|1783399381
|switch|p2a: Farigiraf|Farigiraf, L50, F|100/100
|switch|p1b: Raichu|Raichu-Mega-Y, L50, M|32/100
|move|p1a: Gholdengo|Protect|p1a: Gholdengo
|-singleturn|p1a: Gholdengo|Protect
|move|p2b: Mawile|Sucker Punch||[still]
|-fail|p2b: Mawile
|
|upkeep
|turn|4
|
|t:|1783399401
|switch|p1a: Incineroar|Incineroar, L50, M|100/100
|-ability|p1a: Incineroar|Intimidate|boost
|-unboost|p2a: Farigiraf|atk|1
|-unboost|p2b: Mawile|atk|1
|move|p2b: Mawile|Sucker Punch||[still]
|-fail|p2b: Mawile
|move|p1b: Raichu|Zap Cannon|p2a: Farigiraf
|-damage|p2a: Farigiraf|44/100
|-status|p2a: Farigiraf|par
|-enditem|p2a: Farigiraf|Sitrus Berry|[eat]
|-heal|p2a: Farigiraf|69/100 par|[from] item: Sitrus Berry
|move|p2a: Farigiraf|Psychic|p1b: Raichu
|-damage|p1b: Raichu|0 fnt
|faint|p1b: Raichu
|
|upkeep
|
|t:|1783399414
|switch|p1b: Gholdengo|Gholdengo, L50|39/100
|turn|5
|
|t:|1783399434
|switch|p2b: Rotom|Rotom-Wash, L50|100/100
|move|p1b: Gholdengo|Make It Rain|p2a: Farigiraf|[spread] p2a,p2b
|-resisted|p2b: Rotom|2
|-damage|p2a: Farigiraf|22/100 par
|-damage|p2b: Rotom|85/100
|-unboost|p1b: Gholdengo|spa|2
|move|p1a: Incineroar|Will-O-Wisp|p2b: Rotom
|-status|p2b: Rotom|brn
|move|p2a: Farigiraf|Psychic|p1b: Gholdengo
|-resisted|p1b: Gholdengo|1
|-damage|p1b: Gholdengo|21/100
|
|-heal|p2b: Rotom|91/100 brn|[from] item: Leftovers
|-damage|p2b: Rotom|85/100 brn|[from] brn
|upkeep
|turn|6
|
|t:|1783399450
|switch|p1b: Ninetales|Ninetales-Alola, L50, M|100/100
|-weather|Snowscape|[from] ability: Snow Warning|[of] p1b: Ninetales
|move|p2a: Farigiraf|Protect|p2a: Farigiraf
|-singleturn|p2a: Farigiraf|Protect
|move|p2b: Rotom|Thunderbolt|p1b: Ninetales
|-damage|p1b: Ninetales|51/100
|move|p1a: Incineroar|Parting Shot|p2b: Rotom
|-unboost|p2b: Rotom|atk|1
|-unboost|p2b: Rotom|spa|1
|
|t:|1783399459
|switch|p1a: Gholdengo|Gholdengo, L50|21/100|[from] Parting Shot
|
|-weather|Snowscape|[upkeep]
|-heal|p2b: Rotom|91/100 brn|[from] item: Leftovers
|-damage|p2b: Rotom|85/100 brn|[from] brn
|upkeep
|turn|7
|
|t:|1783399471
|switch|p2b: Mawile|Mawile-Mega, L50, M|30/100 par
|move|p1b: Ninetales|Icy Wind|p2b: Mawile|[spread] p2a,p2b
|-resisted|p2b: Mawile|1
|-damage|p2a: Farigiraf|6/100 par
|-damage|p2b: Mawile|20/100y par
|-unboost|p2a: Farigiraf|spe|1
|-unboost|p2b: Mawile|spe|1
|move|p1a: Gholdengo|Hex|p2b: Mawile
|-damage|p2b: Mawile|0 fnt
|faint|p2b: Mawile
|move|p2a: Farigiraf|Trick Room|p2a: Farigiraf
|-fieldstart|move: Trick Room|[of] p2a: Farigiraf
|
|-weather|Snowscape|[upkeep]
|upkeep
|
|t:|1783399481
|switch|p2b: Rotom|Rotom-Wash, L50|85/100 brn
|turn|8
|
|t:|1783399496
|cant|p2a: Farigiraf|par
|move|p1a: Gholdengo|Hex|p2b: Rotom
|-damage|p2b: Rotom|0 fnt
|faint|p2b: Rotom
|move|p1b: Ninetales|Blizzard|p2a: Farigiraf
|-damage|p2a: Farigiraf|0 fnt
|faint|p2a: Farigiraf
|
|-weather|Snowscape|[upkeep]
|upkeep
|-message|comando_carpincho forfeited.
|
|win|entei enthusiast
|l|☆comando_carpincho
|player|p2|
|raw|entei enthusiast's rating: 1161 → 1190(+29 for winning)
|raw|comando_carpincho's rating: 1211 → 1182(-29 for losing)
