|j|☆salvulcano24
|j|‽foursevensixone
|html|salvulcano24foursevensixone    
|uhtml|bestof|Game 1 of a best-of-3
|t:|1784581846
|gametype|doubles
|player|p1|salvulcano24|pokemonbreederf|1102
|player|p2|foursevensixone|2|1100
|gen|9
|tier|[Gen 9 Champions] VGC 2026 Reg M-B (Bo3)
|rated|
|rule|Species Clause: Limit one of each Pokémon
|rule|Item Clause: Limit 1 of each item
|clearpoke
|poke|p1|Farigiraf, L50, M|
|poke|p1|Gardevoir, L50, F|
|poke|p1|Venusaur, L50, F|
|poke|p1|Aerodactyl, L50, F|
|poke|p1|Garchomp, L50, F|
|poke|p1|Rampardos, L50, M, shiny|
|poke|p2|Pyroar, L50, F|
|poke|p2|Whimsicott, L50, F|
|poke|p2|Vileplume, L50, F|
|poke|p2|Charizard, L50, F|
|poke|p2|Kleavor, L50, M|
|poke|p2|Garchomp, L50, M|
|teampreview|4
|showteam|p1|Farigiraf||SitrusBerry|ArmorTail|Psychic,TrickRoom,Thunderbolt,HelpingHand|Bold||M|||50|]Gardevoir||Gardevoirite|Synchronize|Protect,AuraSphere,HyperVoice,TrickRoom|Modest||F|||50|]Venusaur||Venusaurite|Overgrow|Protect,GigaDrain,SludgeBomb,EarthPower|Modest||F|||50|]Aerodactyl||FocusSash|Unnerve|RockSlide,DualWingbeat,Tailwind,WideGuard|Jolly||F|||50|]Garchomp||RoseliBerry|RoughSkin|StompingTantrum,DragonClaw,SwordsDance,Protect|Jolly||F|||50|]Rampardos||LifeOrb|SheerForce|RockSlide,FirePunch,ThunderPunch,Protect|Adamant||M|||50|
|showteam|p2|Pyroar||Pyroarite|Unnerve|HeatWave,Protect,HyperVoice,Flamethrower|Timid||F|||50|]Whimsicott||FocusSash|Prankster|Tailwind,Taunt,Moonblast,SunnyDay|Bold||F|||50|]Vileplume||SitrusBerry|Chlorophyll|SolarBeam,SleepPowder,WeatherBall,SludgeBomb|Timid||F|||50|]Charizard||CharizarditeY|SolarPower|HeatWave,SolarBeam,AirSlash,Hurricane|Modest||F|||50|]Kleavor||ExpertBelt|Sharpness|RockSlide,StoneAxe,Uturn,XScissor|Adamant||M|||50|]Garchomp||MentalHerb|RoughSkin|DragonClaw,StompingTantrum,Protect,DragonTail|Serious||M|||50|
|
|t:|1784581900
|teamsize|p1|4
|teamsize|p2|4
|start
|switch|p1a: Aerodactyl|Aerodactyl, L50, F|100/100
|switch|p1b: Garchomp|Garchomp, L50, F|100/100
|switch|p2a: Kleavor|Kleavor, L50, M|100/100
|switch|p2b: Garchomp|Garchomp, L50, M|100/100
|-ability|p1a: Aerodactyl|Unnerve
|turn|1
|
|t:|1784581924
|move|p1a: Aerodactyl|Rock Slide|p2b: Garchomp|[spread] p2a,p2b
|-supereffective|p2a: Kleavor|1
|-resisted|p2b: Garchomp|1
|-damage|p2a: Kleavor|41/100
|-damage|p2b: Garchomp|91/100
|move|p1b: Garchomp|Dragon Claw|p2b: Garchomp
|-supereffective|p2b: Garchomp|1
|-damage|p2b: Garchomp|46/100
|-damage|p1b: Garchomp|87/100|[from] ability: Rough Skin|[of] p2b: Garchomp
|move|p2a: Kleavor|Stone Axe|p1a: Aerodactyl
|-supereffective|p1a: Aerodactyl|1
|-enditem|p1a: Aerodactyl|Focus Sash
|-damage|p1a: Aerodactyl|1/100
|-sidestart|p1: salvulcano24|move: Stealth Rock
|move|p2b: Garchomp|Dragon Tail|p1b: Garchomp
|-supereffective|p1b: Garchomp|1
|-damage|p1b: Garchomp|39/100
|-damage|p2b: Garchomp|34/100|[from] ability: Rough Skin|[of] p1b: Garchomp
|drag|p1b: Farigiraf|Farigiraf, L50, M|100/100
|-damage|p1b: Farigiraf|87/100|[from] Stealth Rock
|
|upkeep
|turn|2
|
|t:|1784581962
|move|p1a: Aerodactyl|Rock Slide|p2a: Kleavor|[spread] p2b
|-miss|p1a: Aerodactyl|p2a: Kleavor
|-resisted|p2b: Garchomp|1
|-damage|p2b: Garchomp|26/100
|move|p2b: Garchomp|Dragon Claw|p1a: Aerodactyl
|-damage|p1a: Aerodactyl|0 fnt
|faint|p1a: Aerodactyl
|move|p2a: Kleavor|X-Scissor|p1b: Farigiraf
|-supereffective|p1b: Farigiraf|1
|-damage|p1b: Farigiraf|0 fnt
|faint|p1b: Farigiraf
|
|upkeep
|
|t:|1784581974
|switch|p1a: Garchomp|Garchomp, L50, F|39/100
|switch|p1b: Rampardos|Rampardos, L50, M, shiny|100/100
|-damage|p1a: Garchomp|33/100|[from] Stealth Rock
|-damage|p1b: Rampardos|87/100|[from] Stealth Rock
|turn|3
|
|t:|1784582019
|move|p2b: Garchomp|Protect|p2b: Garchomp
|-singleturn|p2b: Garchomp|Protect
|move|p1a: Garchomp|Dragon Claw|p2b: Garchomp
|-activate|p2b: Garchomp|move: Protect
|move|p2a: Kleavor|Stone Axe|p1b: Rampardos
|-damage|p1b: Rampardos|20/100y
|move|p1b: Rampardos|Fire Punch|p2a: Kleavor
|-damage|p2a: Kleavor|0 fnt
|faint|p2a: Kleavor
|
|upkeep
|
|t:|1784582039
|switch|p2a: Vileplume|Vileplume, L50, F|100/100
|turn|4
|
|t:|1784582068
|move|p1a: Garchomp|Dragon Claw|p2b: Garchomp
|-supereffective|p2b: Garchomp|1
|-damage|p2b: Garchomp|0 fnt
|-damage|p1a: Garchomp|21/100|[from] ability: Rough Skin|[of] p2b: Garchomp
|faint|p2b: Garchomp
|move|p2a: Vileplume|Sludge Bomb|p1b: Rampardos
|-resisted|p1b: Rampardos|1
|-damage|p1b: Rampardos|0 fnt
|faint|p1b: Rampardos
|
|upkeep
|
|t:|1784582081
|switch|p2b: Charizard|Charizard, L50, F|100/100
|turn|5
|
|t:|1784582098
|detailschange|p2b: Charizard|Charizard-Mega-Y, L50, F
|-mega|p2b: Charizard|Charizard|Charizardite Y
|-weather|SunnyDay|[from] ability: Drought|[of] p2b: Charizard
|move|p2a: Vileplume|Solar Beam||[still]
|-prepare|p2a: Vileplume|Solar Beam
|-anim|p2a: Vileplume|Solar Beam|p1a: Garchomp
|-damage|p1a: Garchomp|0 fnt
|faint|p1a: Garchomp
|
|win|foursevensixone
||salvulcano24 is ready for game 2.
|inactive|foursevensixone has 30 seconds to confirm battle start!
|inactive|foursevensixone has 20 seconds to confirm battle start!
||foursevensixone is ready for game 2.
|uhtml|next|Next: Game 2 of 3
