|j|ŌśåLunarMageMystia
|j|Ōśåeggchamp49
|html|LunarMageMystiaeggchamp49    
|uhtml|bestof|Game 1 of a best-of-3
|t:|1784928537
|gametype|doubles
|player|p1|LunarMageMystia|265|
|player|p2|eggchamp49|ghetsis|
|gen|9
|tier|[Gen 9 Champions] VGC 2026 Reg M-B (Bo3)
|rule|Species Clause: Limit one of each Pok├®mon
|rule|Item Clause: Limit 1 of each item
|clearpoke
|poke|p1|Grimmsnarl, L50, M|
|poke|p1|Swampert, L50, F|
|poke|p1|Pelipper, L50, F|
|poke|p1|Archaludon, L50, F|
|poke|p1|Sneasler, L50, F|
|poke|p1|Venusaur, L50, F|
|poke|p2|Blaziken, L50, F|
|poke|p2|Froslass, L50, F|
|poke|p2|Basculegion, L50, M|
|poke|p2|Sneasler, L50, F|
|poke|p2|Sinistcha, L50|
|poke|p2|Kingambit, L50, M|
|teampreview|4
|showteam|p1|Grimmsnarl||LightClay|Prankster|FoulPlay,PartingShot,Reflect,LightScreen|Calm||M|||50|]Swampert||Swampertite|Damp|WaveCrash,Earthquake,IcePunch,Protect|Adamant||F|||50|]Pelipper||SitrusBerry|Drizzle|Hurricane,WeatherBall,Tailwind,WideGuard|Modest||F|||50|]Archaludon||Leftovers|Stamina|ElectroShot,DragonPulse,FlashCannon,Protect|Modest||F|||50|]Sneasler||FocusSash|PoisonTouch|CloseCombat,PoisonJab,FakeOut,Protect|Jolly||F|||50|]Venusaur||Venusaurite|Chlorophyll|GigaDrain,SludgeBomb,EarthPower,Protect|Modest||F|||50|
|showteam|p2|Blaziken||Blazikenite|SpeedBoost|FlareBlitz,Protect,CloseCombat,RockSlide|Adamant||F|||50|]Froslass||Froslassite|CursedBody|Blizzard,WillOWisp,ShadowBall,Protect|Timid||F|||50|]Basculegion||ChoiceScarf|Adaptability|LastRespects,FlipTurn,WaveCrash,AquaJet|Adamant||M|||50|]Sneasler||FocusSash|Unburden|DireClaw,CloseCombat,FakeOut,Coaching|Adamant||F|||50|]Sinistcha||SitrusBerry|Hospitality|MatchaGotcha,LifeDew,RagePowder,Protect|Bold|||||50|]Kingambit||LifeOrb|Defiant|KowtowCleave,SuckerPunch,SwordsDance,Protect|Adamant||M|||50|
|c|Ōśåeggchamp49|do you know how to send the link to the matches chat?
|c|ŌśåLunarMageMystia|Just copy the link from the top
|c|Ōśåeggchamp49|ah ok
|c|Ōśåeggchamp49|right, glhf
|c|ŌśåLunarMageMystia|glhf!
|
|t:|1784928756
|teamsize|p1|4
|teamsize|p2|4
|start
|switch|p1a: Grimmsnarl|Grimmsnarl, L50, M|100/100
|switch|p1b: Archaludon|Archaludon, L50, F|100/100
|switch|p2a: Sneasler|Sneasler, L50, F|100/100
|switch|p2b: Basculegion|Basculegion, L50, M|100/100
|turn|1
|j| Autin Mago
|c| Autin Mago|Go team
|
|t:|1784928791
|move|p1b: Archaludon|Protect|p1b: Archaludon
|-singleturn|p1b: Archaludon|Protect
|move|p2a: Sneasler|Fake Out|p1a: Grimmsnarl
|-damage|p1a: Grimmsnarl|85/100
|cant|p1a: Grimmsnarl|flinch
|move|p2b: Basculegion|Flip Turn|p1a: Grimmsnarl
|-damage|p1a: Grimmsnarl|38/100
|
|t:|1784928800
|switch|p2b: Froslass|Froslass, L50, F|100/100|[from] Flip Turn
|
|upkeep
|turn|2
|
|t:|1784928825
|detailschange|p2b: Froslass|Froslass-Mega, L50, F
|-mega|p2b: Froslass|Froslass|Froslassite
|-weather|Snowscape|[from] ability: Snow Warning|[of] p2b: Froslass
|move|p1a: Grimmsnarl|Parting Shot|p2a: Sneasler
|-unboost|p2a: Sneasler|atk|1
|-unboost|p2a: Sneasler|spa|1
|
|t:|1784928831
|switch|p1a: Pelipper|Pelipper, L50, F|100/100|[from] Parting Shot
|-weather|RainDance|[from] ability: Drizzle|[of] p1a: Pelipper
|move|p2b: Froslass|Blizzard|p1a: Pelipper|[spread] p1a,p1b
|-damage|p1a: Pelipper|46/100
|-damage|p1b: Archaludon|57/100
|-ability|p1b: Archaludon|Stamina|boost
|-boost|p1b: Archaludon|def|1
|-enditem|p1a: Pelipper|Sitrus Berry|[eat]
|-heal|p1a: Pelipper|70/100|[from] item: Sitrus Berry
|move|p2a: Sneasler|Close Combat|p1b: Archaludon
|-supereffective|p1b: Archaludon|1
|-damage|p1b: Archaludon|11/100
|-unboost|p2a: Sneasler|def|1
|-unboost|p2a: Sneasler|spd|1
|-ability|p1b: Archaludon|Stamina|boost
|-boost|p1b: Archaludon|def|1
|move|p1b: Archaludon|Electro Shot||[still]
|-prepare|p1b: Archaludon|Electro Shot
|-boost|p1b: Archaludon|spa|1
|-anim|p1b: Archaludon|Electro Shot|p2b: Froslass
|-damage|p2b: Froslass|39/100
|
|-weather|RainDance|[upkeep]
|-heal|p1b: Archaludon|17/100|[from] item: Leftovers
|upkeep
|turn|3
|j| Blizz.vg
|j| Hello_I'm_a_Shade
|
|t:|1784928875
|switch|p2b: Sinistcha|Sinistcha, L50|100/100
|move|p1b: Archaludon|Protect|p1b: Archaludon
|-singleturn|p1b: Archaludon|Protect
|move|p2a: Sneasler|Close Combat|p1b: Archaludon
|-activate|p1b: Archaludon|move: Protect
|move|p1a: Pelipper|Tailwind|p1a: Pelipper
|-sidestart|p1: LunarMageMystia|move: Tailwind
|
|-weather|RainDance|[upkeep]
|-heal|p1b: Archaludon|23/100|[from] item: Leftovers
|upkeep
|turn|4
|
|t:|1784928898
|switch|p1b: Venusaur|Venusaur, L50, F|100/100
|move|p2b: Sinistcha|Rage Powder|p2b: Sinistcha
|-singleturn|p2b: Sinistcha|move: Rage Powder
|move|p1a: Pelipper|Hurricane|p2b: Sinistcha
|-supereffective|p2b: Sinistcha|1
|-damage|p2b: Sinistcha|24/100
|-enditem|p2b: Sinistcha|Sitrus Berry|[eat]
|-heal|p2b: Sinistcha|49/100|[from] item: Sitrus Berry
|move|p2a: Sneasler|Dire Claw|p1a: Pelipper
|-damage|p1a: Pelipper|39/100
|
|-weather|RainDance|[upkeep]
|upkeep
|turn|5
|
|t:|1784928931
|switch|p1a: Grimmsnarl|Grimmsnarl, L50, M|38/100
|switch|p2a: Basculegion|Basculegion, L50, M|100/100
|detailschange|p1b: Venusaur|Venusaur-Mega, L50, F
|-mega|p1b: Venusaur|Venusaur|Venusaurite
|move|p2b: Sinistcha|Protect|p2b: Sinistcha
|-singleturn|p2b: Sinistcha|Protect
|move|p1b: Venusaur|Sludge Bomb|p2a: Basculegion
|-resisted|p2a: Basculegion|1
|-damage|p2a: Basculegion|73/100
|
|-weather|RainDance|[upkeep]
|upkeep
|turn|6
|l| Hello_I'm_a_Shade
|j| Hello_I'm_a_Shade
|
|t:|1784928965
|move|p1a: Grimmsnarl|Reflect|p1a: Grimmsnarl
|-sidestart|p1: LunarMageMystia|Reflect
|move|p1b: Venusaur|Giga Drain|p2a: Basculegion
|-supereffective|p2a: Basculegion|1
|-damage|p2a: Basculegion|0 fnt
|faint|p2a: Basculegion
|move|p2b: Sinistcha|Matcha Gotcha|p1b: Venusaur|[spread] p1b
|-miss|p2b: Sinistcha|p1a: Grimmsnarl
|-resisted|p1b: Venusaur|2
|-damage|p1b: Venusaur|95/100
|-heal|p2b: Sinistcha|52/100|[from] drain|[of] p1b: Venusaur
|
|-weather|none
|-sideend|p1: LunarMageMystia|move: Tailwind
|upkeep
|
|t:|1784928977
|switch|p2a: Froslass|Froslass-Mega, L50, F|39/100
|-weather|Snowscape|[from] ability: Snow Warning|[of] p2a: Froslass
|turn|7
|
|t:|1784928991
|move|p1b: Venusaur|Protect|p1b: Venusaur
|-singleturn|p1b: Venusaur|Protect
|move|p1a: Grimmsnarl|Light Screen|p1a: Grimmsnarl
|-sidestart|p1: LunarMageMystia|move: Light Screen
|move|p2a: Froslass|Blizzard|p1a: Grimmsnarl|[spread] p1a
|-activate|p1b: Venusaur|move: Protect
|-damage|p1a: Grimmsnarl|12/100
|move|p2b: Sinistcha|Life Dew|p2b: Sinistcha|[spread] p2a,p2b
|-heal|p2a: Froslass|64/100
|-heal|p2b: Sinistcha|77/100
|
|-weather|Snowscape|[upkeep]
|upkeep
|turn|8
|
|t:|1784929016
|move|p1a: Grimmsnarl|Parting Shot|p2a: Froslass
|-unboost|p2a: Froslass|atk|1
|-unboost|p2a: Froslass|spa|1
|
|t:|1784929019
|switch|p1a: Pelipper|Pelipper, L50, F|39/100|[from] Parting Shot
|-weather|RainDance|[from] ability: Drizzle|[of] p1a: Pelipper
|move|p2a: Froslass|Blizzard|p1b: Venusaur|[spread] p1a,p1b
|-supereffective|p1b: Venusaur|1
|-damage|p1a: Pelipper|16/100
|-damage|p1b: Venusaur|79/100
|move|p1b: Venusaur|Sludge Bomb|p2b: Sinistcha
|-damage|p2b: Sinistcha|34/100
|move|p2b: Sinistcha|Matcha Gotcha|p1b: Venusaur|[spread] p1a,p1b
|-resisted|p1b: Venusaur|2
|-damage|p1a: Pelipper|0 fnt
|-heal|p2b: Sinistcha|42/100|[from] drain|[of] p1a: Pelipper
|-damage|p1b: Venusaur|75/100
|-heal|p2b: Sinistcha|44/100|[from] drain|[of] p1b: Venusaur
|faint|p1a: Pelipper
|
|-weather|RainDance|[upkeep]
|upkeep
|
|t:|1784929036
|switch|p1a: Archaludon|Archaludon, L50, F|23/100
|turn|9
|
|t:|1784929053
|move|p2a: Froslass|Protect|p2a: Froslass
|-singleturn|p2a: Froslass|Protect
|move|p1b: Venusaur|Sludge Bomb|p2b: Sinistcha
|-crit|p2b: Sinistcha
|-damage|p2b: Sinistcha|0 fnt
|faint|p2b: Sinistcha
|move|p1a: Archaludon|Electro Shot||[still]
|-prepare|p1a: Archaludon|Electro Shot
|-boost|p1a: Archaludon|spa|1
|-anim|p1a: Archaludon|Electro Shot|p2a: Froslass
|-activate|p2a: Froslass|move: Protect
|
|-weather|RainDance|[upkeep]
|-heal|p1a: Archaludon|29/100|[from] item: Leftovers
|upkeep
|
|t:|1784929067
|switch|p2b: Sneasler|Sneasler, L50, F|100/100
|turn|10
|
|t:|1784929117
|move|p1a: Archaludon|Protect|p1a: Archaludon
|-singleturn|p1a: Archaludon|Protect
|move|p2a: Froslass|Shadow Ball|p1b: Venusaur
|-damage|p1b: Venusaur|61/100
|move|p2b: Sneasler|Close Combat|p1a: Archaludon
|-activate|p1a: Archaludon|move: Protect
|move|p1b: Venusaur|Earth Power|p2b: Sneasler
|-supereffective|p2b: Sneasler|1
|-damage|p2b: Sneasler|19/100
|
|-weather|RainDance|[upkeep]
|-heal|p1a: Archaludon|36/100|[from] item: Leftovers
|upkeep
|turn|11
|
|t:|1784929144
|move|p2a: Froslass|Shadow Ball|p1b: Venusaur
|-damage|p1b: Venusaur|46/100
|move|p2b: Sneasler|Close Combat|p1a: Archaludon
|-supereffective|p1a: Archaludon|1
|-damage|p1a: Archaludon|0 fnt
|-unboost|p2b: Sneasler|def|1
|-unboost|p2b: Sneasler|spd|1
|faint|p1a: Archaludon
|move|p1b: Venusaur|Earth Power|p2b: Sneasler
|-supereffective|p2b: Sneasler|1
|-damage|p2b: Sneasler|0 fnt
|faint|p2b: Sneasler
|
|-weather|RainDance|[upkeep]
|upkeep
|
|t:|1784929156
|switch|p1a: Grimmsnarl|Grimmsnarl, L50, M|12/100
|turn|12
|
|t:|1784929161
|move|p2a: Froslass|Blizzard|p1b: Venusaur|[spread] p1a
|-miss|p2a: Froslass|p1b: Venusaur
|-damage|p1a: Grimmsnarl|0 fnt
|faint|p1a: Grimmsnarl
|move|p1b: Venusaur|Giga Drain|p2a: Froslass
|-damage|p2a: Froslass|22/100
|-heal|p1b: Venusaur|65/100|[from] drain|[of] p2a: Froslass
|
|-weather|none
|upkeep
|turn|13
|
|t:|1784929170
|move|p2a: Froslass|Blizzard|p1b: Venusaur
|-supereffective|p1b: Venusaur|1
|-crit|p1b: Venusaur
|-damage|p1b: Venusaur|0 fnt
|faint|p1b: Venusaur
|
|win|eggchamp49
||LunarMageMystia is ready for game 2.
|inactive|eggchamp49 has 30 seconds to confirm battle start!
||eggchamp49 is ready for game 2.
|uhtml|next|Next: Game 2 of 3
|l| Autin Mago
|l| Blizz.vg
|l|ŌśåLunarMageMystia
|player|p1|
|j| Autin Mago
|l| Autin Mago
|j| YamperIsTheBest
|j| Autin Mago
|l| Autin Mago
|l| YamperIsTheBest
