|j|☆jANMxRin
|j|☆phi11y
|html|jANMxRinphi11y    
|uhtml|bestof|Game 1 of a best-of-3
|t:|1783032977
|gametype|doubles
|player|p1|jANMxRin|2|1143
|player|p2|phi11y|n|1056
|gen|9
|tier|[Gen 9 Champions] VGC 2026 Reg M-B (Bo3)
|rated|
|rule|Species Clause: Limit one of each Pokémon
|rule|Item Clause: Limit 1 of each item
|clearpoke
|poke|p1|Delphox, L50, M|
|poke|p1|Floette-Eternal, L50, F|
|poke|p1|Sinistcha, L50|
|poke|p1|Kingambit, L50, M|
|poke|p1|Sneasler, L50, M|
|poke|p1|Incineroar, L50, F|
|poke|p2|Sneasler, L50, F|
|poke|p2|Floette-Eternal, L50, F|
|poke|p2|Incineroar, L50, F|
|poke|p2|Gholdengo, L50|
|poke|p2|Venusaur, L50, M|
|poke|p2|Charizard, L50, F|
|teampreview|4
|showteam|p1|Delphox||Delphoxite|Blaze|HeatWave,Psyshock,NastyPlot,Protect|Timid||M|||50|]Floette-Eternal||Floettite|FlowerVeil|Moonblast,DazzlingGleam,CalmMind,Protect|Modest||F|||50|]Sinistcha||KasibBerry|Hospitality|MatchaGotcha,RagePowder,TrickRoom,Protect|Bold|||||50|]Kingambit||BlackGlasses|Defiant|KowtowCleave,SuckerPunch,SwordsDance,Protect|Adamant||M|||50|]Sneasler||FocusSash|PoisonTouch|FakeOut,CloseCombat,DireClaw,QuickGuard|Jolly||M|||50|]Incineroar||SitrusBerry|Intimidate|PartingShot,FlareBlitz,ThroatChop,FakeOut|Impish||F|||50|
|showteam|p2|Sneasler||FocusSash|Unburden|CloseCombat,DireClaw,FakeOut,Protect|Jolly||F|||50|]Floette-Eternal||Floettite|FlowerVeil|Moonblast,DazzlingGleam,CalmMind,Protect|Modest||F|||50|]Incineroar||SitrusBerry|Intimidate|FlareBlitz,PartingShot,FakeOut,Protect|Impish||F|||50|]Gholdengo||ChoiceScarf|GoodasGold|MakeItRain,ShadowBall,Thunderbolt,Trick|Timid|||||50|]Venusaur||LifeOrb|Chlorophyll|SludgeBomb,EarthPower,SleepPowder,Protect|Modest||M|||50|]Charizard||CharizarditeY|SolarPower|HeatWave,SolarBeam,WeatherBall,Protect|Modest||F|||50|
|
|t:|1783033013
|teamsize|p1|4
|teamsize|p2|4
|start
|switch|p1a: Delphox|Delphox, L50, M|100/100
|switch|p1b: Sneasler|Sneasler, L50, M|100/100
|switch|p2a: Incineroar|Incineroar, L50, F|100/100
|switch|p2b: Floette|Floette-Eternal, L50, F|100/100
|-ability|p2a: Incineroar|Intimidate|boost
|-unboost|p1a: Delphox|atk|1
|-unboost|p1b: Sneasler|atk|1
|turn|1
|
|t:|1783033036
|detailschange|p1a: Delphox|Delphox-Mega, L50, M
|-mega|p1a: Delphox|Delphox|Delphoxite
|move|p1b: Sneasler|Fake Out|p2a: Incineroar
|-damage|p2a: Incineroar|91/100
|move|p1a: Delphox|Nasty Plot|p1a: Delphox
|-boost|p1a: Delphox|spa|2
|move|p2b: Floette|Calm Mind|p2b: Floette
|-boost|p2b: Floette|spa|1
|-boost|p2b: Floette|spd|1
|cant|p2a: Incineroar|flinch
|
|upkeep
|turn|2
|inactive|Battle timer is ON: inactive players will automatically lose when time's up. (requested by jANMxRin)
|
|t:|1783033068
|switch|p2a: Charizard|Charizard, L50, F|100/100
|move|p2b: Floette|Protect|p2b: Floette
|-singleturn|p2b: Floette|Protect
|move|p1a: Delphox|Heat Wave|p2a: Charizard|[spread] p2a
|-activate|p2b: Floette|move: Protect
|-resisted|p2a: Charizard|1
|-damage|p2a: Charizard|50/100g
|move|p1b: Sneasler|Close Combat|p2a: Charizard
|-resisted|p2a: Charizard|1
|-damage|p2a: Charizard|25/100
|-unboost|p1b: Sneasler|def|1
|-unboost|p1b: Sneasler|spd|1
|
|upkeep
|turn|3
|
|t:|1783033092
|detailschange|p2b: Floette|Floette-Mega, L50, F
|-mega|p2b: Floette|Floette|Floettite
|-ability|p2b: Floette|Fairy Aura
|move|p1a: Delphox|Heat Wave|p2a: Charizard|[spread] p2b
|-miss|p1a: Delphox|p2a: Charizard
|-damage|p2b: Floette|56/100
|move|p1b: Sneasler|Dire Claw|p2b: Floette
|-supereffective|p2b: Floette|1
|-damage|p2b: Floette|1/100
|move|p2b: Floette|Dazzling Gleam|p1b: Sneasler|[spread] p1a,p1b
|-resisted|p1a: Delphox|1
|-damage|p1a: Delphox|65/100
|-enditem|p1b: Sneasler|Focus Sash
|-damage|p1b: Sneasler|1/100
|move|p2a: Charizard|Heat Wave|p1b: Sneasler|[spread] p1a,p1b
|-resisted|p1a: Delphox|1
|-damage|p1a: Delphox|48/100
|-damage|p1b: Sneasler|0 fnt
|faint|p1b: Sneasler
|
|upkeep
|
|t:|1783033112
|switch|p1b: Kingambit|Kingambit, L50, M|100/100
|turn|4
|inactive|jANMxRin has 30 seconds left.
|inactive|phi11y has 30 seconds left.
|inactive|jANMxRin has 20 seconds left.
|
|t:|1783033147
|move|p2b: Floette|Protect|p2b: Floette
|-singleturn|p2b: Floette|Protect
|move|p1a: Delphox|Heat Wave|p2a: Charizard|[spread] p2a
|-activate|p2b: Floette|move: Protect
|-resisted|p2a: Charizard|1
|-damage|p2a: Charizard|0 fnt
|faint|p2a: Charizard
|move|p1b: Kingambit|Swords Dance|p1b: Kingambit
|-boost|p1b: Kingambit|atk|2
|
|upkeep
|
|t:|1783033157
|switch|p2a: Venusaur|Venusaur, L50, M|100/100
|turn|5
|
|t:|1783033174
|move|p1b: Kingambit|Sucker Punch|p2b: Floette
|-resisted|p2b: Floette|1
|-damage|p2b: Floette|0 fnt
|faint|p2b: Floette
|move|p1a: Delphox|Heat Wave|p2a: Venusaur|[miss]
|-miss|p1a: Delphox|p2a: Venusaur
|move|p2a: Venusaur|Earth Power|p1a: Delphox
|-immune|p1a: Delphox|[from] ability: Levitate
|
|upkeep
|
|t:|1783033184
|switch|p2b: Incineroar|Incineroar, L50, F|91/100
|-ability|p2b: Incineroar|Intimidate|boost
|-unboost|p1a: Delphox|atk|1
|-unboost|p1b: Kingambit|atk|1
|-ability|p1b: Kingambit|Defiant|boost
|-boost|p1b: Kingambit|atk|2
|turn|6
|
|t:|1783033200
|move|p1a: Delphox|Protect|p1a: Delphox
|-singleturn|p1a: Delphox|Protect
|move|p1b: Kingambit|Protect|p1b: Kingambit
|-singleturn|p1b: Kingambit|Protect
|move|p2b: Incineroar|Fake Out|p1a: Delphox
|-activate|p1a: Delphox|move: Protect
|move|p2a: Venusaur|Earth Power|p1b: Kingambit
|-activate|p1b: Kingambit|move: Protect
|
|upkeep
|turn|7
|
|t:|1783033217
|move|p1a: Delphox|Psyshock|p2a: Venusaur
|-supereffective|p2a: Venusaur|1
|-damage|p2a: Venusaur|0 fnt
|faint|p2a: Venusaur
|move|p2b: Incineroar|Flare Blitz|p1a: Delphox
|-resisted|p1a: Delphox|1
|-damage|p1a: Delphox|13/100
|-damage|p2b: Incineroar|82/100|[from] Recoil
|move|p1b: Kingambit|Kowtow Cleave|p2b: Incineroar
|-resisted|p2b: Incineroar|1
|-damage|p2b: Incineroar|22/100
|-enditem|p2b: Incineroar|Sitrus Berry|[eat]
|-heal|p2b: Incineroar|46/100|[from] item: Sitrus Berry
|
|upkeep
|turn|8
|-message|phi11y forfeited.
|
|win|jANMxRin
