|j|☆new mental
|j|☆Imanolcho
|html|new mentalImanolcho    
|uhtml|bestof|Game 2 of a best-of-3
|t:|1784642443
|gametype|doubles
|player|p1|new mental|volkner|1219
|player|p2|Imanolcho|265|1168
|gen|9
|tier|[Gen 9 Champions] VGC 2026 Reg M-B (Bo3)
|rated|
|rule|Species Clause: Limit one of each Pokémon
|rule|Item Clause: Limit 1 of each item
|clearpoke
|poke|p1|Aerodactyl, L50, F|
|poke|p1|Garchomp, L50, F|
|poke|p1|Kingambit, L50, F|
|poke|p1|Charizard, L50, F|
|poke|p1|Sylveon, L50, M|
|poke|p1|Farigiraf, L50, F|
|poke|p2|Charizard, L50, M|
|poke|p2|Toxapex, L50, F|
|poke|p2|Incineroar, L50, M|
|poke|p2|Garchomp, L50, M|
|poke|p2|Annihilape, L50, M|
|poke|p2|Venusaur, L50, F|
|teampreview|4
|showteam|p1|Aerodactyl||Aerodactylite|Unnerve|IceFang,RockSlide,Tailwind,DualWingbeat|Jolly||F|||50|]Garchomp||LifeOrb|RoughSkin|DragonClaw,RockSlide,Earthquake,Protect|Jolly||F|||50|]Kingambit||FocusSash|Defiant|SuckerPunch,KowtowCleave,IronHead,LowKick|Adamant||F|||50|]Charizard||CharizarditeY|SolarPower|Protect,WeatherBall,HeatWave,SolarBeam|Modest||F|||50|]Sylveon||FairyFeather|Pixilate|Protect,HyperVoice,HyperBeam,QuickAttack|Modest||M|||50|]Farigiraf||SitrusBerry|ArmorTail|TrickRoom,Thunderbolt,Roar,Psychic|Bold||F|||50|
|showteam|p2|Charizard||CharizarditeY|Blaze|HeatWave,WeatherBall,HelpingHand,Protect|Modest||M|||50|]Toxapex||Leftovers|Regenerator|Toxic,Infestation,BanefulBunker,WideGuard|Bold||F|||50|]Incineroar||SitrusBerry|Intimidate|FlareBlitz,ThroatChop,FakeOut,PartingShot|Lax||M|||50|]Garchomp||ChoiceScarf|RoughSkin|DragonClaw,Earthquake,RockSlide,StompingTantrum|Adamant||M|||50|]Annihilape||FocusSash|Defiant|PhantomForce,CloseCombat,Protect,RockTomb|Jolly||M|||50|]Venusaur||LifeOrb|Chlorophyll|SludgeBomb,EarthPower,SolarBeam,Protect|Modest||F|||50|
|j| reanschawrzer
|
|t:|1784642481
|teamsize|p1|4
|teamsize|p2|4
|start
|switch|p1a: Charizard|Charizard, L50, F|100/100
|switch|p1b: Garchomp|Garchomp, L50, F|100/100
|switch|p2a: Charizard|Charizard, L50, M|100/100
|switch|p2b: Incineroar|Incineroar, L50, M|100/100
|-ability|p2b: Incineroar|Intimidate|boost
|-unboost|p1a: Charizard|atk|1
|-unboost|p1b: Garchomp|atk|1
|turn|1
|
|t:|1784642503
|switch|p1b: Aerodactyl|Aerodactyl, L50, F|100/100
|-ability|p1b: Aerodactyl|Unnerve
|detailschange|p2a: Charizard|Charizard-Mega-Y, L50, M
|-mega|p2a: Charizard|Charizard|Charizardite Y
|-weather|SunnyDay|[from] ability: Drought|[of] p2a: Charizard
|detailschange|p1a: Charizard|Charizard-Mega-Y, L50, F
|-mega|p1a: Charizard|Charizard|Charizardite Y
|move|p2b: Incineroar|Fake Out|p1a: Charizard
|-damage|p1a: Charizard|90/100
|move|p2a: Charizard|Weather Ball|p1a: Charizard
|-resisted|p1a: Charizard|1
|-damage|p1a: Charizard|53/100
|cant|p1a: Charizard|flinch
|
|-weather|SunnyDay|[upkeep]
|upkeep
|turn|2
|inactive|Battle timer is ON: inactive players will automatically lose when time's up. (requested by new mental)
|
|t:|1784642534
|switch|p2a: Toxapex|Toxapex, L50, F|100/100
|move|p1b: Aerodactyl|Rock Slide|p2a: Toxapex|[spread] p2b
|-miss|p1b: Aerodactyl|p2a: Toxapex
|-supereffective|p2b: Incineroar|1
|-crit|p2b: Incineroar
|-damage|p2b: Incineroar|49/100
|move|p1a: Charizard|Weather Ball|p2b: Incineroar
|-resisted|p2b: Incineroar|1
|-damage|p2b: Incineroar|9/100
|move|p2b: Incineroar|Parting Shot|p1a: Charizard
|-unboost|p1a: Charizard|atk|1
|-unboost|p1a: Charizard|spa|1
|
|t:|1784642555
|switch|p2b: Venusaur|Venusaur, L50, F|100/100|[from] Parting Shot
|
|-weather|SunnyDay|[upkeep]
|upkeep
|turn|3
|
|t:|1784642577
|move|p2b: Venusaur|Solar Beam||[still]
|-prepare|p2b: Venusaur|Solar Beam
|-anim|p2b: Venusaur|Solar Beam|p1b: Aerodactyl
|-damage|p1b: Aerodactyl|0 fnt
|faint|p1b: Aerodactyl
|-damage|p2b: Venusaur|90/100|[from] item: Life Orb
|move|p1a: Charizard|Weather Ball|p2b: Venusaur
|-supereffective|p2b: Venusaur|1
|-damage|p2b: Venusaur|0 fnt
|faint|p2b: Venusaur
|move|p2a: Toxapex|Infestation|p1a: Charizard
|-resisted|p1a: Charizard|2
|-damage|p1a: Charizard|53/100
|-activate|p1a: Charizard|move: Infestation|[of] p2a: Toxapex
|
|-weather|SunnyDay|[upkeep]
|-damage|p1a: Charizard|40/100|[from] move: Infestation|[partiallytrapped]
|upkeep
|
|t:|1784642596
|switch|p1b: Garchomp|Garchomp, L50, F|100/100
|switch|p2b: Incineroar|Incineroar, L50, M|9/100
|-enditem|p2b: Incineroar|Sitrus Berry|[eat]
|-heal|p2b: Incineroar|34/100|[from] item: Sitrus Berry
|-ability|p2b: Incineroar|Intimidate|boost
|-unboost|p1a: Charizard|atk|1
|-unboost|p1b: Garchomp|atk|1
|turn|4
|
|t:|1784642617
|move|p1b: Garchomp|Protect|p1b: Garchomp
|-singleturn|p1b: Garchomp|Protect
|move|p2b: Incineroar|Fake Out|p1b: Garchomp
|-activate|p1b: Garchomp|move: Protect
|move|p1a: Charizard|Solar Beam||[still]
|-prepare|p1a: Charizard|Solar Beam
|-anim|p1a: Charizard|Solar Beam|p2a: Toxapex
|-damage|p2a: Toxapex|76/100
|move|p2a: Toxapex|Toxic|p1b: Garchomp
|-activate|p1b: Garchomp|move: Protect
|
|-weather|SunnyDay|[upkeep]
|-heal|p2a: Toxapex|82/100|[from] item: Leftovers
|-damage|p1a: Charizard|28/100|[from] move: Infestation|[partiallytrapped]
|upkeep
|turn|5
|
|t:|1784642639
|move|p2a: Toxapex|Baneful Bunker|p2a: Toxapex
|-singleturn|p2a: Toxapex|move: Protect
|move|p1b: Garchomp|Earthquake|p2b: Incineroar|[spread] p2b
|-activate|p2a: Toxapex|move: Protect
|-immune|p1a: Charizard
|-supereffective|p2b: Incineroar|1
|-damage|p2b: Incineroar|0 fnt
|faint|p2b: Incineroar
|-damage|p1b: Garchomp|90/100|[from] item: Life Orb
|move|p1a: Charizard|Weather Ball|p2a: Toxapex
|-activate|p2a: Toxapex|move: Protect
|
|-weather|none
|-heal|p2a: Toxapex|87/100|[from] item: Leftovers
|-damage|p1a: Charizard|16/100|[from] move: Infestation|[partiallytrapped]
|upkeep
|
|t:|1784642656
|switch|p2b: Charizard|Charizard-Mega-Y, L50, M|100/100
|-weather|SunnyDay|[from] ability: Drought|[of] p2b: Charizard
|turn|6
|
|t:|1784642678
|move|p2b: Charizard|Protect|p2b: Charizard
|-singleturn|p2b: Charizard|Protect
|move|p1b: Garchomp|Earthquake|p2b: Charizard|[spread] p2a
|-activate|p2b: Charizard|move: Protect
|-immune|p1a: Charizard
|-supereffective|p2a: Toxapex|1
|-damage|p2a: Toxapex|41/100
|-damage|p1b: Garchomp|80/100|[from] item: Life Orb
|move|p1a: Charizard|Solar Beam||[still]
|-prepare|p1a: Charizard|Solar Beam
|-anim|p1a: Charizard|Solar Beam|p2a: Toxapex
|-damage|p2a: Toxapex|17/100
|move|p2a: Toxapex|Toxic|p1b: Garchomp
|-status|p1b: Garchomp|tox
|
|-weather|SunnyDay|[upkeep]
|-heal|p2a: Toxapex|23/100|[from] item: Leftovers
|-damage|p1b: Garchomp|74/100 tox|[from] psn
|-damage|p1a: Charizard|4/100|[from] move: Infestation|[partiallytrapped]
|upkeep
|turn|7
|inactive|Imanolcho has 30 seconds left.
|
|t:|1784642711
|move|p1b: Garchomp|Dragon Claw|p2b: Charizard
|-damage|p2b: Charizard|65/100
|-damage|p1b: Garchomp|64/100 tox|[from] item: Life Orb
|move|p2b: Charizard|Heat Wave|p1a: Charizard|[spread] p1a,p1b
|-resisted|p1a: Charizard|1
|-resisted|p1b: Garchomp|1
|-damage|p1a: Charizard|0 fnt
|-damage|p1b: Garchomp|30/100 tox
|faint|p1a: Charizard
|move|p2a: Toxapex|Infestation|p1b: Garchomp
|-damage|p1b: Garchomp|26/100 tox
|-activate|p1b: Garchomp|move: Infestation|[of] p2a: Toxapex
|-damage|p2a: Toxapex|11/100|[from] ability: Rough Skin|[of] p1b: Garchomp
|
|-weather|SunnyDay|[upkeep]
|-heal|p2a: Toxapex|17/100|[from] item: Leftovers
|-damage|p1b: Garchomp|14/100 tox|[from] psn
|-damage|p1b: Garchomp|2/100 tox|[from] move: Infestation|[partiallytrapped]
|upkeep
|
|t:|1784642715
|switch|p1a: Sylveon|Sylveon, L50, M|100/100
|turn|8
|
|t:|1784642733
|move|p2b: Charizard|Protect|p2b: Charizard
|-singleturn|p2b: Charizard|Protect
|move|p2a: Toxapex|Baneful Bunker|p2a: Toxapex
|-singleturn|p2a: Toxapex|move: Protect
|move|p1b: Garchomp|Dragon Claw|p2b: Charizard
|-activate|p2b: Charizard|move: Protect
|move|p1a: Sylveon|Hyper Voice|p2b: Charizard|[spread] 
|-activate|p2a: Toxapex|move: Protect
|-activate|p2b: Charizard|move: Protect
|
|-weather|SunnyDay|[upkeep]
|-heal|p2a: Toxapex|22/100|[from] item: Leftovers
|-damage|p1b: Garchomp|0 fnt|[from] psn
|faint|p1b: Garchomp
|upkeep
|turn|9
|
|t:|1784642753
|move|p1a: Sylveon|Protect|p1a: Sylveon
|-singleturn|p1a: Sylveon|Protect
|move|p2b: Charizard|Weather Ball|p1a: Sylveon
|-activate|p1a: Sylveon|move: Protect
|move|p2a: Toxapex|Toxic|p1a: Sylveon
|-activate|p1a: Sylveon|move: Protect
|
|-weather|SunnyDay|[upkeep]
|-heal|p2a: Toxapex|28/100|[from] item: Leftovers
|upkeep
|turn|10
|
|t:|1784642777
|move|p1a: Sylveon|Protect||[still]
|-fail|p1a: Sylveon
|move|p2a: Toxapex|Wide Guard|p2a: Toxapex
|-singleturn|p2a: Toxapex|Wide Guard
|move|p2b: Charizard|Weather Ball|p1a: Sylveon
|-damage|p1a: Sylveon|26/100
|
|-weather|none
|-heal|p2a: Toxapex|34/100|[from] item: Leftovers
|upkeep
|turn|11
|
|t:|1784642793
|move|p2b: Charizard|Heat Wave|p1a: Sylveon
|-damage|p1a: Sylveon|0 fnt
|faint|p1a: Sylveon
|
|win|Imanolcho
