|j|‽Its Sushiii
|j|☆VyersFGC
|html|Its SushiiiVyersFGC    
|uhtml|bestof|Game 1 of a best-of-3
|t:|1783370740
|gametype|doubles
|player|p1|Its Sushiii|2|1241
|player|p2|VyersFGC|pokemonranger|1165
|gen|9
|tier|[Gen 9 Champions] VGC 2026 Reg M-B (Bo3)
|rated|
|rule|Species Clause: Limit one of each Pokémon
|rule|Item Clause: Limit 1 of each item
|clearpoke
|poke|p1|Kingambit, L50, M|
|poke|p1|Charizard, L50, F|
|poke|p1|Aerodactyl, L50, F|
|poke|p1|Farigiraf, L50, F|
|poke|p1|Garchomp, L50, M|
|poke|p1|Sylveon, L50, F|
|poke|p2|Raichu, L50, M|
|poke|p2|Ninetales-Alola, L50, F|
|poke|p2|Kleavor, L50, M|
|poke|p2|Gyarados, L50, M|
|poke|p2|Sinistcha, L50|
|poke|p2|Talonflame, L50, F|
|teampreview|4
|showteam|p1|Kingambit||FocusSash|Defiant|KowtowCleave,IronHead,SuckerPunch,LowKick|Adamant||M|||50|]Charizard||CharizarditeY|Blaze|HeatWave,SolarBeam,WeatherBall,Protect|Modest||F|||50|]Aerodactyl||Aerodactylite|Unnerve|RockSlide,DualWingbeat,IceFang,Tailwind|Jolly||F|||50|]Farigiraf||SitrusBerry|ArmorTail|Psychic,Thunderbolt,TrickRoom,Protect|Bold||F|||50|]Garchomp||LifeOrb|RoughSkin|Earthquake,DragonClaw,StompingTantrum,Protect|Jolly||M|||50|]Sylveon||FairyFeather|Pixilate|HyperVoice,HyperBeam,QuickAttack,Protect|Modest||F|||50|
|showteam|p2|Raichu||RaichuniteY|LightningRod|ZapCannon,FakeOut,Protect,FocusBlast|Timid||M|||50|]Ninetales-Alola||LightClay|SnowWarning|Blizzard,Moonblast,AuroraVeil,FreezeDry|Modest||F|||50|]Kleavor||ChoiceScarf|Sharpness|StoneAxe,XScissor,CloseCombat,Uturn|Adamant||M|||50|]Gyarados||Leftovers|Intimidate|Waterfall,DragonDance,Crunch,Protect|Adamant||M|||50|]Sinistcha||SitrusBerry|Hospitality|MatchaGotcha,Hex,Protect,RagePowder|Quiet|||||50|]Talonflame||SharpBeak|GaleWings|BraveBird,Tailwind,WillOWisp,Protect|Adamant||F|||50|
|inactive|Battle timer is ON: inactive players will automatically lose when time's up. (requested by Its Sushiii)
|inactive|Its Sushiii has 60 seconds left.
|inactive|Its Sushiii has 30 seconds left.
|inactive|Its Sushiii has 20 seconds left.
|inactive|Its Sushiii has 15 seconds left.
|
|t:|1783370826
|teamsize|p1|4
|teamsize|p2|4
|start
|switch|p1a: Charizard|Charizard, L50, F|100/100
|switch|p1b: Garchomp|Garchomp, L50, M|100/100
|switch|p2a: Raichu|Raichu, L50, M|100/100
|switch|p2b: Kleavor|Kleavor, L50, M|100/100
|turn|1
|inactive|Its Sushiii has 30 seconds left.
|
|t:|1783370854
|switch|p1a: Farigiraf|Farigiraf, L50, F|100/100
|move|p2a: Raichu|Fake Out||[still]
|cant|p1a: Farigiraf|ability: Armor Tail|Fake Out|[of] p2a: Raichu
|move|p2b: Kleavor|Stone Axe|p1a: Farigiraf
|-damage|p1a: Farigiraf|54/100
|-sidestart|p1: Its Sushiii|move: Stealth Rock
|move|p1b: Garchomp|Stomping Tantrum|p2a: Raichu
|-supereffective|p2a: Raichu|1
|-damage|p2a: Raichu|0 fnt
|faint|p2a: Raichu
|-damage|p1b: Garchomp|90/100|[from] item: Life Orb
|
|upkeep
|
|t:|1783370872
|switch|p2a: Ninetales|Ninetales-Alola, L50, F|100/100
|-weather|Snowscape|[from] ability: Snow Warning|[of] p2a: Ninetales
|turn|2
|inactive|Its Sushiii has 30 seconds left.
|inactive|Its Sushiii has 20 seconds left.
|inactive|Its Sushiii has 15 seconds left.
|inactive|Its Sushiii has 10 seconds left.
|inactive|Its Sushiii has 5 seconds left.
|
|t:|1783370924
|move|p1b: Garchomp|Protect|p1b: Garchomp
|-singleturn|p1b: Garchomp|Protect
|move|p1a: Farigiraf|Protect|p1a: Farigiraf
|-singleturn|p1a: Farigiraf|Protect
|move|p2b: Kleavor|Stone Axe|p1a: Farigiraf
|-activate|p1a: Farigiraf|move: Protect
|move|p2a: Ninetales|Blizzard|p1b: Garchomp|[spread] 
|-activate|p1a: Farigiraf|move: Protect
|-activate|p1b: Garchomp|move: Protect
|
|-weather|Snowscape|[upkeep]
|upkeep
|turn|3
|inactive|Its Sushiii has 30 seconds left.
|
|t:|1783370951
|switch|p1b: Kingambit|Kingambit, L50, M|100/100
|-damage|p1b: Kingambit|93/100|[from] Stealth Rock
|move|p2b: Kleavor|Stone Axe|p1a: Farigiraf
|-damage|p1a: Farigiraf|9/100
|-enditem|p1a: Farigiraf|Sitrus Berry|[eat]
|-heal|p1a: Farigiraf|33/100|[from] item: Sitrus Berry
|move|p2a: Ninetales|Blizzard|p1a: Farigiraf|[spread] p1a,p1b
|-resisted|p1b: Kingambit|1
|-damage|p1a: Farigiraf|3/100
|-damage|p1b: Kingambit|75/100
|move|p1a: Farigiraf|Trick Room|p1a: Farigiraf
|-fieldstart|move: Trick Room|[of] p1a: Farigiraf
|
|-weather|Snowscape|[upkeep]
|upkeep
|turn|4
|inactive|Its Sushiii has 30 seconds left.
|inactive|Its Sushiii has 20 seconds left.
|inactive|Its Sushiii has 15 seconds left.
|inactive|Its Sushiii has 10 seconds left.
|
|t:|1783370999
|switch|p1a: Garchomp|Garchomp, L50, M|90/100
|-damage|p1a: Garchomp|84/100|[from] Stealth Rock
|move|p1b: Kingambit|Iron Head|p2a: Ninetales
|-supereffective|p2a: Ninetales|2
|-damage|p2a: Ninetales|0 fnt
|faint|p2a: Ninetales
|move|p2b: Kleavor|Stone Axe|p1b: Kingambit
|-resisted|p1b: Kingambit|1
|-damage|p1b: Kingambit|51/100
|
|-weather|Snowscape|[upkeep]
|upkeep
|
|t:|1783371011
|switch|p2a: Gyarados|Gyarados, L50, M|100/100
|-ability|p2a: Gyarados|Intimidate|boost
|-unboost|p1a: Garchomp|atk|1
|-unboost|p1b: Kingambit|atk|1
|-ability|p1b: Kingambit|Defiant|boost
|-boost|p1b: Kingambit|atk|2
|turn|5
|inactive|Its Sushiii has 30 seconds left.
|
|t:|1783371040
|move|p1a: Garchomp|Protect|p1a: Garchomp
|-singleturn|p1a: Garchomp|Protect
|move|p1b: Kingambit|Iron Head|p2b: Kleavor
|-supereffective|p2b: Kleavor|1
|-damage|p2b: Kleavor|0 fnt
|faint|p2b: Kleavor
|move|p2a: Gyarados|Waterfall|p1b: Kingambit
|-damage|p1b: Kingambit|17/100
|
|-weather|Snowscape|[upkeep]
|upkeep
|turn|6
|
|t:|1783371056
|move|p1b: Kingambit|Kowtow Cleave|p2a: Gyarados
|-damage|p2a: Gyarados|22/100
|move|p2a: Gyarados|Dragon Dance|p2a: Gyarados
|-boost|p2a: Gyarados|atk|1
|-boost|p2a: Gyarados|spe|1
|move|p1a: Garchomp|Dragon Claw|p2a: Gyarados
|-damage|p2a: Gyarados|0 fnt
|faint|p2a: Gyarados
|-damage|p1a: Garchomp|74/100|[from] item: Life Orb
|
|win|Its Sushiii
||VyersFGC is ready for game 2.
||Its Sushiii is ready for game 2.
|uhtml|next|Next: Game 2 of 3
