|j|☆Aceofmonsters
|j|☆El Dexter
|html|AceofmonstersEl Dexter    
|uhtml|bestof|Game 3 of a best-of-3
|t:|1756189166
|gametype|doubles
|player|p1|Aceofmonsters|2|1050
|player|p2|El Dexter|hilbert-wonderlauncher|1111
|gen|9
|tier|[Gen 9] VGC 2025 Reg H (Bo3)
|rated|
|rule|Species Clause: Limit one of each Pokémon
|rule|Item Clause: Limit 1 of each item
|clearpoke
|poke|p1|Tyranitar, L50, F|
|poke|p1|Corviknight, L50, F|
|poke|p1|Excadrill, L50, M|
|poke|p1|Milotic, L50, F|
|poke|p1|Sinistcha, L50|
|poke|p1|Magmar, L50, M|
|poke|p2|Electabuzz, L50, M|
|poke|p2|Pelipper, L50, M|
|poke|p2|Rillaboom, L50, M|
|poke|p2|Basculegion, L50, M|
|poke|p2|Kingambit, L50, M|
|poke|p2|Archaludon, L50, M|
|teampreview|4
|showteam|p1|Tyranitar||AssaultVest|SandStream|RockSlide,KnockOff,LowKick,TeraBlast|||F|||50|,,,,,Flying]Corviknight||MarangaBerry|MirrorArmor|BraveBird,PowerTrip,BulkUp,Roost|||F|||50|,,,,,Water]Excadrill||FocusSash|SandRush|Earthquake,IronHead,SwordsDance,Protect|||M|||50|,,,,,Ground]Milotic||SafetyGoggles|Competitive|Scald,IceBeam,Haze,Protect|||F|||50|,,,,,Fairy]Sinistcha||RockyHelmet|Hospitality|MatchaGotcha,RagePowder,TrickRoom,Protect||||||50|,,,,,Bug]Magmar||Eviolite|VitalSpirit|HeatWave,FollowMe,HelpingHand,Protect|||M|||50|,,,,,Flying
|showteam|p2|Electabuzz||Eviolite|VitalSpirit|Electroweb,Taunt,FollowMe,Protect|||M|||50|,,,,,Ghost]Pelipper||FocusSash|Drizzle|WeatherBall,Hurricane,Tailwind,Protect|||M|||50|,,,,,Ghost]Rillaboom||LoadedDice|GrassySurge|BulletSeed,GrassyGlide,FakeOut,HighHorsepower|||M|||50|,,,,,Fire]Basculegion||ChoiceBand|SwiftSwim|WaveCrash,AquaJet,FlipTurn,LastRespects|||M|||50|,,,,,Grass]Kingambit||BlackGlasses|Defiant|KowtowCleave,SuckerPunch,SwordsDance,Protect|||M|||50|,,,,,Dark]Archaludon||AssaultVest|Stamina|FlashCannon,DragonPulse,ElectroShot,BodyPress|||M|||50|,,,,,Fairy
|inactive|Battle timer is ON: inactive players will automatically lose when time's up. (requested by Aceofmonsters)
|inactive|El Dexter has 60 seconds left.
|inactive|El Dexter has 30 seconds left.
|
|t:|1756189228
|teamsize|p1|4
|teamsize|p2|4
|start
|switch|p1a: Excadrill|Excadrill, L50, M|100/100
|switch|p1b: Magmar|Magmar, L50, M|100/100
|switch|p2a: Francisco|Archaludon, L50, M|100/100
|switch|p2b: Basculegion|Basculegion, L50, M|100/100
|turn|1
|inactive|Aceofmonsters has 30 seconds left.
|inactive|El Dexter has 30 seconds left.
|inactive|El Dexter has 20 seconds left.
|inactive|El Dexter has 15 seconds left.
|inactive|El Dexter has 10 seconds left.
|inactive|El Dexter has 5 seconds left.
|
|t:|1756189279
|switch|p2a: Electabuzz|Electabuzz, L50, M|100/100
|-terastallize|p2b: Basculegion|Grass
|move|p1b: Magmar|Follow Me|p1b: Magmar
|-singleturn|p1b: Magmar|move: Follow Me
|move|p1a: Excadrill|Swords Dance|p1a: Excadrill
|-boost|p1a: Excadrill|atk|2
|move|p2b: Basculegion|Flip Turn|p1b: Magmar
|-supereffective|p1b: Magmar
|-damage|p1b: Magmar|27/100
|
|t:|1756189292
|switch|p2b: Francisco|Archaludon, L50, M|100/100|[from] Flip Turn
|
|upkeep
|turn|2
|inactive|El Dexter has 30 seconds left.
|inactive|El Dexter has 20 seconds left.
|
|t:|1756189328
|switch|p2b: Richa|Pelipper, L50, M|100/100
|-weather|RainDance|[from] ability: Drizzle|[of] p2b: Richa
|switch|p1b: Tyranitar|Tyranitar, L50, F|100/100
|-weather|Sandstorm|[from] ability: Sand Stream|[of] p1b: Tyranitar
|-terastallize|p1a: Excadrill|Ground
|move|p1a: Excadrill|Earthquake|p2b: Richa|[spread] p1b,p2a
|-immune|p2b: Richa
|-supereffective|p1b: Tyranitar
|-supereffective|p2a: Electabuzz
|-damage|p1b: Tyranitar|0 fnt
|-damage|p2a: Electabuzz|0 fnt
|faint|p1b: Tyranitar
|faint|p2a: Electabuzz
|
|-weather|Sandstorm|[upkeep]
|-damage|p2b: Richa|95/100|[from] Sandstorm
|upkeep
|
|t:|1756189346
|switch|p2a: Basculegion|Basculegion, L50, M, tera:Grass|100/100
|switch|p1b: Corviknight|Corviknight, L50, F|100/100
|turn|3
|inactive|El Dexter has 30 seconds left.
|
|t:|1756189371
|switch|p2a: Francisco|Archaludon, L50, M|100/100
|move|p1a: Excadrill|Protect|p1a: Excadrill
|-singleturn|p1a: Excadrill|Protect
|move|p2b: Richa|Weather Ball|p1b: Corviknight
|-damage|p1b: Corviknight|77/100
|-enditem|p1b: Corviknight|Maranga Berry|[eat]
|-boost|p1b: Corviknight|spd|1|[from] item: Maranga Berry
|move|p1b: Corviknight|Brave Bird|p2a: Francisco
|-resisted|p2a: Francisco
|-damage|p2a: Francisco|89/100
|-ability|p2a: Francisco|Stamina|boost
|-boost|p2a: Francisco|def|1
|-damage|p1b: Corviknight|74/100|[from] Recoil
|
|-weather|Sandstorm|[upkeep]
|-damage|p2b: Richa|89/100|[from] Sandstorm
|upkeep
|turn|4
|inactive|Aceofmonsters has 30 seconds left.
|
|t:|1756189400
|switch|p2b: Basculegion|Basculegion, L50, M, tera:Grass|100/100
|move|p1a: Excadrill|Iron Head|p2b: Basculegion
|-damage|p2b: Basculegion|0 fnt
|faint|p2b: Basculegion
|move|p2a: Francisco|Body Press|p1a: Excadrill
|-damage|p1a: Excadrill|42/100
|move|p1b: Corviknight|Bulk Up|p1b: Corviknight
|-boost|p1b: Corviknight|atk|1
|-boost|p1b: Corviknight|def|1
|
|-weather|Sandstorm|[upkeep]
|upkeep
|
|t:|1756189412
|switch|p2b: Richa|Pelipper, L50, M|89/100
|-weather|RainDance|[from] ability: Drizzle|[of] p2b: Richa
|turn|5
|inactive|Aceofmonsters has 30 seconds left.
|
|t:|1756189446
|move|p1a: Excadrill|Iron Head|p2b: Richa
|-resisted|p2b: Richa
|-damage|p2b: Richa|36/100
|move|p2a: Francisco|Electro Shot||[still]
|-prepare|p2a: Francisco|Electro Shot
|-boost|p2a: Francisco|spa|1
|-anim|p2a: Francisco|Electro Shot|p1b: Corviknight
|-supereffective|p1b: Corviknight
|-damage|p1b: Corviknight|24/100
|move|p2b: Richa|Weather Ball|p1a: Excadrill
|-supereffective|p1a: Excadrill
|-damage|p1a: Excadrill|0 fnt
|faint|p1a: Excadrill
|move|p1b: Corviknight|Roost|p1b: Corviknight
|-heal|p1b: Corviknight|74/100
|-singleturn|p1b: Corviknight|move: Roost
|
|-weather|RainDance|[upkeep]
|upkeep
|
|t:|1756189449
|switch|p1a: Magmar|Magmar, L50, M|27/100
|turn|6
|inactive|Aceofmonsters has 30 seconds left.
|inactive|Aceofmonsters has 20 seconds left.
|
|t:|1756189487
|move|p1a: Magmar|Helping Hand|p1b: Corviknight
|-singleturn|p1b: Corviknight|Helping Hand|[of] p1a: Magmar
|move|p2b: Richa|Protect|p2b: Richa
|-singleturn|p2b: Richa|Protect
|move|p2a: Francisco|Electro Shot||[still]
|-prepare|p2a: Francisco|Electro Shot
|-boost|p2a: Francisco|spa|1
|-anim|p2a: Francisco|Electro Shot|p1b: Corviknight
|-supereffective|p1b: Corviknight
|-damage|p1b: Corviknight|2/100
|move|p1b: Corviknight|Power Trip|p2a: Francisco
|-damage|p2a: Francisco|70/100
|-ability|p2a: Francisco|Stamina|boost
|-boost|p2a: Francisco|def|1
|
|-weather|RainDance|[upkeep]
|upkeep
|turn|7
|
|t:|1756189509
|move|p2a: Francisco|Electro Shot||[still]
|-prepare|p2a: Francisco|Electro Shot
|-boost|p2a: Francisco|spa|1
|-anim|p2a: Francisco|Electro Shot|p1a: Magmar
|-damage|p1a: Magmar|0 fnt
|faint|p1a: Magmar
|move|p2b: Richa|Weather Ball|p1b: Corviknight
|-damage|p1b: Corviknight|0 fnt
|faint|p1b: Corviknight
|
|win|El Dexter
|raw|Aceofmonsters's rating: 1050 → 1036(-14 for losing)
|raw|El Dexter's rating: 1111 → 1132(+21 for winning)
