|j|☆grasstypebetter
|j|☆Whatispoopin
|html|grasstypebetterWhatispoopin    
|uhtml|bestof|Game 1 of a best-of-3
|t:|1783897494
|gametype|doubles
|player|p1|grasstypebetter|lucas|1000
|player|p2|Whatispoopin|266|1046
|gen|9
|tier|[Gen 9 Champions] VGC 2026 Reg M-B (Bo3)
|rated|
|rule|Species Clause: Limit one of each Pokémon
|rule|Item Clause: Limit 1 of each item
|clearpoke
|poke|p1|Raichu, L50, M|
|poke|p1|Weavile, L50, F|
|poke|p1|Whimsicott, L50, M|
|poke|p1|Kingambit, L50, F|
|poke|p1|Sinistcha-Masterpiece, L50|
|poke|p1|Garchomp, L50, F|
|poke|p2|Goodra-Hisui, L50, F|
|poke|p2|Basculegion, L50, M|
|poke|p2|Pelipper, L50, M|
|poke|p2|Scovillain, L50, F|
|poke|p2|Spiritomb, L50, F|
|poke|p2|Heliolisk, L50, M|
|teampreview|4
|showteam|p1|Raichu||RaichuniteY|LightningRod|ZapCannon,FocusBlast,Protect,Discharge|Timid||M|||50|]Weavile||WhiteHerb|Pickpocket|FakeOut,LowKick,TripleAxel,KnockOff|Jolly||F|||50|]Whimsicott||FocusSash|Prankster|Encore,Tailwind,Moonblast,Protect|Bold||M|||50|]Kingambit||ChopleBerry|Defiant|SuckerPunch,IronHead,KowtowCleave,Protect|Adamant||F|||50|]Sinistcha-Masterpiece||SitrusBerry|Hospitality|Imprison,TrickRoom,RagePowder,MatchaGotcha|Relaxed|||||50|]Garchomp||LifeOrb|RoughSkin|Earthquake,RockSlide,DragonClaw,Protect|Jolly||F|||50|
|showteam|p2|Goodra-Hisui||Leftovers|ShellArmor|Shelter,DracoMeteor,BodyPress,HeavySlam|Calm||F|||50|]Basculegion||MysticWater|Adaptability|WaveCrash,AquaJet,LastRespects,Protect|Adamant||M|||50|]Pelipper||FocusSash|KeenEye|WeatherBall,Protect,Hurricane,Tailwind|Modest||M|||50|]Scovillain||Scovillainite|Chlorophyll|LeechSeed,Protect,RagePowder,Overheat|Relaxed||F|||50|]Spiritomb||MentalHerb|Infiltrator|TrickRoom,PainSplit,FoulPlay,WillOWisp|Sassy||F|||50|]Heliolisk||ChoiceScarf|DrySkin|VoltSwitch,Electroweb,HyperVoice,ShedTail|Mild||M|||50|
|inactive|Battle timer is ON: inactive players will automatically lose when time's up. (requested by grasstypebetter)
|inactive|Whatispoopin has 60 seconds left.
|
|t:|1783897530
|teamsize|p1|4
|teamsize|p2|4
|start
|switch|p1a: Whimsicott|Whimsicott, L50, M|100/100
|switch|p1b: Raichu|Raichu, L50, M|100/100
|switch|p2a: Spiritomb|Spiritomb, L50, F|100/100
|switch|p2b: Scovillain|Scovillain, L50, F|100/100
|turn|1
|inactive|grasstypebetter has 30 seconds left.
|inactive|Whatispoopin has 30 seconds left.
|inactive|grasstypebetter has 20 seconds left.
|
|t:|1783897565
|detailschange|p1b: Raichu|Raichu-Mega-Y, L50, M
|-mega|p1b: Raichu|Raichu|Raichunite Y
|detailschange|p2b: Scovillain|Scovillain-Mega, L50, F
|-mega|p2b: Scovillain|Scovillain|Scovillainite
|move|p1b: Raichu|Zap Cannon|p2b: Scovillain
|-resisted|p2b: Scovillain|1
|-damage|p2b: Scovillain|57/100
|-status|p2b: Scovillain|par
|-status|p1b: Raichu|brn|[from] ability: Spicy Spray|[of] p2b: Scovillain
|move|p1a: Whimsicott|Moonblast|p2a: Spiritomb
|-supereffective|p2a: Spiritomb|1
|-damage|p2a: Spiritomb|57/100
|move|p2a: Spiritomb|Will-O-Wisp|p1a: Whimsicott
|-status|p1a: Whimsicott|brn
|move|p2b: Scovillain|Leech Seed|p1b: Raichu
|-start|p1b: Raichu|move: Leech Seed
|
|-damage|p1b: Raichu|87/100 brn|[from] Leech Seed|[of] p2b: Scovillain
|-heal|p2b: Scovillain|69/100 par|[silent]
|-damage|p1b: Raichu|81/100 brn|[from] brn
|-damage|p1a: Whimsicott|94/100 brn|[from] brn
|upkeep
|turn|2
|inactive|Whatispoopin has 30 seconds left.
|
|t:|1783897592
|move|p2b: Scovillain|Protect|p2b: Scovillain
|-singleturn|p2b: Scovillain|Protect
|move|p1a: Whimsicott|Encore|p2b: Scovillain
|-activate|p2b: Scovillain|move: Protect
|move|p1b: Raichu|Zap Cannon|p2a: Spiritomb
|-damage|p2a: Spiritomb|1/100
|-status|p2a: Spiritomb|par
|move|p2a: Spiritomb|Pain Split|p1b: Raichu
|-sethp|p1b: Raichu|40/100 brn|[from] move: Pain Split|[silent]
|-sethp|p2a: Spiritomb|35/100 par|[from] move: Pain Split
|
|-damage|p1b: Raichu|28/100 brn|[from] Leech Seed|[of] p2b: Scovillain
|-heal|p2b: Scovillain|80/100 par|[silent]
|-damage|p1b: Raichu|22/100 brn|[from] brn
|-damage|p1a: Whimsicott|88/100 brn|[from] brn
|upkeep
|turn|3
|
|t:|1783897616
|switch|p1b: Sinistcha|Sinistcha-Masterpiece, L50|100/100
|-heal|p1a: Whimsicott|100/100 brn|[from] ability: Hospitality|[of] p1b: Sinistcha
|move|p2b: Scovillain|Rage Powder|p2b: Scovillain
|-singleturn|p2b: Scovillain|move: Rage Powder
|move|p1a: Whimsicott|Encore|p2b: Scovillain
|-start|p2b: Scovillain|Encore
|move|p2a: Spiritomb|Trick Room|p2a: Spiritomb
|-fieldstart|move: Trick Room|[of] p2a: Spiritomb
|
|-damage|p1a: Whimsicott|94/100 brn|[from] brn
|upkeep
|turn|4
|
|t:|1783897638
|move|p2b: Scovillain|Rage Powder|p2b: Scovillain
|-singleturn|p2b: Scovillain|move: Rage Powder
|move|p2a: Spiritomb|Pain Split|p1b: Sinistcha
|-sethp|p1b: Sinistcha|65/100|[from] move: Pain Split|[silent]
|-sethp|p2a: Spiritomb|74/100 par|[from] move: Pain Split
|move|p1a: Whimsicott|Moonblast|p2a: Spiritomb
|-supereffective|p2a: Spiritomb|1
|-damage|p2a: Spiritomb|31/100 par
|move|p1b: Sinistcha|Trick Room|p1b: Sinistcha
|-fieldend|move: Trick Room
|
|-damage|p1a: Whimsicott|88/100 brn|[from] brn
|upkeep
|turn|5
|
|t:|1783897661
|switch|p2a: Goodra|Goodra-Hisui, L50, F|100/100
|move|p2b: Scovillain|Rage Powder|p2b: Scovillain
|-singleturn|p2b: Scovillain|move: Rage Powder
|move|p1a: Whimsicott|Moonblast|p2a: Goodra
|-damage|p2a: Goodra|86/100
|move|p1b: Sinistcha|Matcha Gotcha|p2b: Scovillain|[spread] p2a,p2b
|-resisted|p2a: Goodra|2
|-resisted|p2b: Scovillain|2
|-damage|p2a: Goodra|83/100
|-heal|p1b: Sinistcha|67/100|[from] drain|[of] p2a: Goodra
|-damage|p2b: Scovillain|74/100 par
|-heal|p1b: Sinistcha|70/100|[from] drain|[of] p2b: Scovillain
|-status|p1b: Sinistcha|brn|[from] ability: Spicy Spray|[of] p2b: Scovillain
|
|-heal|p2a: Goodra|89/100|[from] item: Leftovers
|-damage|p1a: Whimsicott|82/100 brn|[from] brn
|-damage|p1b: Sinistcha|64/100 brn|[from] brn
|upkeep
|turn|6
|inactive|grasstypebetter has 30 seconds left.
|
|t:|1783897695
|switch|p1b: Weavile|Weavile, L50, F|100/100
|move|p1a: Whimsicott|Protect|p1a: Whimsicott
|-singleturn|p1a: Whimsicott|Protect
|cant|p2b: Scovillain|par
|move|p2a: Goodra|Shelter|p2a: Goodra
|-boost|p2a: Goodra|def|2
|
|-heal|p2a: Goodra|95/100|[from] item: Leftovers
|-damage|p1a: Whimsicott|76/100 brn|[from] brn
|-end|p2b: Scovillain|Encore
|upkeep
|turn|7
|
|t:|1783897719
|move|p1a: Whimsicott|Encore|p2a: Goodra
|-start|p2a: Goodra|Encore
|move|p1b: Weavile|Triple Axel|p2b: Scovillain
|-damage|p2b: Scovillain|64/100 par
|-status|p1b: Weavile|brn|[from] ability: Spicy Spray|[of] p2b: Scovillain
|-damage|p2b: Scovillain|54/100 par
|-damage|p2b: Scovillain|40/100 par
|-hitcount|p2b: Scovillain|3
|move|p2a: Goodra|Shelter|p2a: Goodra
|-boost|p2a: Goodra|def|2
|move|p2b: Scovillain|Overheat|p1a: Whimsicott
|-supereffective|p1a: Whimsicott|1
|-damage|p1a: Whimsicott|0 fnt
|-unboost|p2b: Scovillain|spa|2
|faint|p1a: Whimsicott
|
|-heal|p2a: Goodra|100/100|[from] item: Leftovers
|-damage|p1b: Weavile|93/100 brn|[from] brn
|upkeep
|
|t:|1783897730
|switch|p1a: Raichu|Raichu-Mega-Y, L50, M|22/100 brn
|turn|8
|
|t:|1783897742
|switch|p1b: Sinistcha|Sinistcha-Masterpiece, L50|64/100 brn
|-heal|p1a: Raichu|47/100 brn|[from] ability: Hospitality|[of] p1b: Sinistcha
|move|p2b: Scovillain|Protect|p2b: Scovillain
|-singleturn|p2b: Scovillain|Protect
|move|p1a: Raichu|Focus Blast|p2a: Goodra
|-supereffective|p2a: Goodra|1
|-damage|p2a: Goodra|45/100
|move|p2a: Goodra|Shelter|p2a: Goodra
|-boost|p2a: Goodra|def|2
|
|-heal|p2a: Goodra|51/100|[from] item: Leftovers
|-damage|p1a: Raichu|41/100 brn|[from] brn
|-damage|p1b: Sinistcha|57/100 brn|[from] brn
|upkeep
|turn|9
|inactive|grasstypebetter has 30 seconds left.
|
|t:|1783897767
|move|p1b: Sinistcha|Rage Powder|p1b: Sinistcha
|-singleturn|p1b: Sinistcha|move: Rage Powder
|move|p2b: Scovillain|Rage Powder|p2b: Scovillain
|-singleturn|p2b: Scovillain|move: Rage Powder
|move|p1a: Raichu|Zap Cannon|p2b: Scovillain
|-resisted|p2b: Scovillain|1
|-damage|p2b: Scovillain|0 fnt
|faint|p2b: Scovillain
|move|p2a: Goodra|Shelter|p2a: Goodra
|-boost|p2a: Goodra|def|0
|
|-heal|p2a: Goodra|57/100|[from] item: Leftovers
|-damage|p1a: Raichu|35/100 brn|[from] brn
|-damage|p1b: Sinistcha|51/100 brn|[from] brn
|-end|p2a: Goodra|Encore
|upkeep
|
|t:|1783897781
|switch|p2b: Basculegion|Basculegion, L50, M|100/100
|turn|10
|inactive|Whatispoopin has 30 seconds left.
|
|t:|1783897809
|switch|p1a: Weavile|Weavile, L50, F|93/100 brn
|move|p2b: Basculegion|Aqua Jet|p1a: Weavile
|-damage|p1a: Weavile|36/100 brn
|move|p1b: Sinistcha|Matcha Gotcha|p2a: Goodra|[spread] p2a,p2b
|-resisted|p2a: Goodra|2
|-supereffective|p2b: Basculegion|1
|-damage|p2a: Goodra|54/100
|-heal|p1b: Sinistcha|53/100 brn|[from] drain|[of] p2a: Goodra
|-damage|p2b: Basculegion|38/100
|-heal|p1b: Sinistcha|87/100 brn|[from] drain|[of] p2b: Basculegion
|move|p2a: Goodra|Heavy Slam|p1b: Sinistcha
|-damage|p1b: Sinistcha|59/100 brn
|
|-heal|p2a: Goodra|59/100|[from] item: Leftovers
|-damage|p1a: Weavile|30/100 brn|[from] brn
|-damage|p1b: Sinistcha|53/100 brn|[from] brn
|upkeep
|turn|11
|inactive|grasstypebetter has 30 seconds left.
|inactive|Whatispoopin has 30 seconds left.
|inactive|grasstypebetter has 20 seconds left.
|inactive|Whatispoopin has 20 seconds left.
|inactive|grasstypebetter has 15 seconds left.
|inactive|Whatispoopin has 15 seconds left.
|
|t:|1783897853
|move|p2b: Basculegion|Aqua Jet|p1a: Weavile
|-damage|p1a: Weavile|0 fnt
|faint|p1a: Weavile
|move|p1b: Sinistcha|Matcha Gotcha|p2a: Goodra|[spread] p2a,p2b
|-resisted|p2a: Goodra|2
|-supereffective|p2b: Basculegion|1
|-crit|p2b: Basculegion
|-damage|p2a: Goodra|56/100
|-heal|p1b: Sinistcha|55/100 brn|[from] drain|[of] p2a: Goodra
|-damage|p2b: Basculegion|0 fnt
|-heal|p1b: Sinistcha|76/100 brn|[from] drain|[of] p2b: Basculegion
|faint|p2b: Basculegion
|move|p2a: Goodra|Draco Meteor|p1b: Sinistcha
|-damage|p1b: Sinistcha|21/100 brn
|-unboost|p2a: Goodra|spa|2
|-enditem|p1b: Sinistcha|Sitrus Berry|[eat]
|-heal|p1b: Sinistcha|46/100 brn|[from] item: Sitrus Berry
|
|-heal|p2a: Goodra|62/100|[from] item: Leftovers
|-damage|p1b: Sinistcha|40/100 brn|[from] brn
|upkeep
|
|t:|1783897872
|switch|p1a: Raichu|Raichu-Mega-Y, L50, M|35/100 brn
|switch|p2b: Spiritomb|Spiritomb, L50, F|31/100 par
|turn|12
|inactive|Whatispoopin has 30 seconds left.
|
|t:|1783897899
|move|p1b: Sinistcha|Rage Powder|p1b: Sinistcha
|-singleturn|p1b: Sinistcha|move: Rage Powder
|move|p1a: Raichu|Focus Blast|p2a: Goodra
|-supereffective|p2a: Goodra|1
|-damage|p2a: Goodra|13/100
|move|p2a: Goodra|Body Press|p1b: Sinistcha
|-immune|p1b: Sinistcha
|cant|p2b: Spiritomb|par
|
|-heal|p2a: Goodra|19/100|[from] item: Leftovers
|-damage|p1a: Raichu|29/100 brn|[from] brn
|-damage|p1b: Sinistcha|34/100 brn|[from] brn
|upkeep
|turn|13
|inactive|Whatispoopin has 30 seconds left.
|
|t:|1783897929
|move|p1b: Sinistcha|Rage Powder|p1b: Sinistcha
|-singleturn|p1b: Sinistcha|move: Rage Powder
|move|p1a: Raichu|Zap Cannon|p2b: Spiritomb
|-damage|p2b: Spiritomb|0 fnt
|faint|p2b: Spiritomb
|move|p2a: Goodra|Body Press|p1b: Sinistcha
|-immune|p1b: Sinistcha
|
|-heal|p2a: Goodra|25/100|[from] item: Leftovers
|-damage|p1a: Raichu|24/100 brn|[from] brn
|-damage|p1b: Sinistcha|28/100 brn|[from] brn
|upkeep
|turn|14
|n|!grasstypebetter|grasstypebetter
|
|t:|1783897949
|move|p1b: Sinistcha|Rage Powder|p1b: Sinistcha
|-singleturn|p1b: Sinistcha|move: Rage Powder
|move|p1a: Raichu|Focus Blast|p2a: Goodra
|-supereffective|p2a: Goodra|1
|-damage|p2a: Goodra|0 fnt
|faint|p2a: Goodra
|
|win|grasstypebetter
