|j|☆WHERE IS MY WALLET
|j|☆dambro222
|html|WHERE IS MY WALLETdambro222    
|uhtml|bestof|Game 2 of a best-of-3
|t:|1756800625
|gametype|doubles
|player|p1|WHERE IS MY WALLET|miku-fire|1196
|player|p2|dambro222|ethan|1186
|gen|9
|tier|[Gen 9] VGC 2025 Reg H (Bo3)
|rated|
|rule|Species Clause: Limit one of each Pokémon
|rule|Item Clause: Limit 1 of each item
|clearpoke
|poke|p1|Pelipper, L50, F|
|poke|p1|Kingdra, L50, F|
|poke|p1|Electabuzz, L50, M|
|poke|p1|Kingambit, L50, F|
|poke|p1|Rillaboom, L50, M|
|poke|p1|Archaludon, L50, M|
|poke|p2|Dragonite, L50, M|
|poke|p2|Volcarona, L50, F|
|poke|p2|Sneasler, L50, M|
|poke|p2|Rillaboom, L50, M|
|poke|p2|Electabuzz, L50, M|
|poke|p2|Kingambit, L50, M|
|teampreview|4
|showteam|p1|Pelipper||FocusSash|Drizzle|WeatherBall,Hurricane,Tailwind,Protect|||F|||50|,,,,,Ghost]Kingdra||LifeOrb|SwiftSwim|WeatherBall,MuddyWater,DracoMeteor,Protect|||F|||50|,,,,,Stellar]Electabuzz||Eviolite|VitalSpirit|Electroweb,FollowMe,Taunt,Protect|||M|||50|,,,,,Ghost]Kingambit||BlackGlasses|Defiant|KowtowCleave,SuckerPunch,SwordsDance,Protect|||F|||50|,,,,,Dark]Rillaboom||LoadedDice|GrassySurge|FakeOut,BulletSeed,GrassyGlide,HighHorsepower|||M|||50|,,,,,Fire]Archaludon||AssaultVest|Stamina|ElectroShot,DragonPulse,FlashCannon,BodyPress|||M|||50|,,,,,Fairy
|showteam|p2|Dragonite||LoadedDice|Multiscale|ScaleShot,ExtremeSpeed,Haze,Protect|||M|||50|,,,,,Fairy]Volcarona||CovertCloak|FlameBody|HeatWave,TeraBlast,QuiverDance,Protect|||F|||50|,,,,,Fairy]Sneasler||FocusSash|Unburden|CloseCombat,DireClaw,RockSlide,Protect|||M|||50|,,,,,Stellar]Rillaboom||AssaultVest|GrassySurge|WoodHammer,GrassyGlide,HighHorsepower,FakeOut|||M|||50|,,,,,Water]Electabuzz||Eviolite|VitalSpirit|Electroweb,FollowMe,Taunt,Protect|||M|||50|,,,,,Ghost]Kingambit||BlackGlasses|Defiant|KowtowCleave,SuckerPunch,SwordsDance,Protect|||M|||50|,,,,,Dark
|inactive|Battle timer is ON: inactive players will automatically lose when time's up. (requested by dambro222)
|inactive|WHERE IS MY WALLET also wants the timer to be on.
|inactive|WHERE IS MY WALLET has 60 seconds left.
|
|t:|1756800672
|teamsize|p1|4
|teamsize|p2|4
|start
|switch|p1a: Duct tape|Pelipper, L50, F|100/100
|switch|p1b: Duramente|Kingdra, L50, F|100/100
|switch|p2a: Volcarona|Volcarona, L50, F|100/100
|switch|p2b: Electabuzz|Electabuzz, L50, M|100/100
|-weather|RainDance|[from] ability: Drizzle|[of] p1a: Duct tape
|turn|1
|
|t:|1756800689
|move|p1b: Duramente|Protect|p1b: Duramente
|-singleturn|p1b: Duramente|Protect
|move|p2a: Volcarona|Protect|p2a: Volcarona
|-singleturn|p2a: Volcarona|Protect
|move|p2b: Electabuzz|Electroweb|p1b: Duramente|[spread] p1a
|-activate|p1b: Duramente|move: Protect
|-supereffective|p1a: Duct tape
|-damage|p1a: Duct tape|12/100
|-unboost|p1a: Duct tape|spe|1
|move|p1a: Duct tape|Tailwind|p1a: Duct tape
|-sidestart|p1: WHERE IS MY WALLET|move: Tailwind
|
|-weather|RainDance|[upkeep]
|upkeep
|turn|2
|
|t:|1756800706
|switch|p1a: JUSTICE|Archaludon, L50, M|100/100
|-terastallize|p2a: Volcarona|Fairy
|move|p1b: Duramente|Muddy Water|p2a: Volcarona|[spread] p2a,p2b
|-damage|p2a: Volcarona|36/100
|-damage|p2b: Electabuzz|54/100
|-damage|p1b: Duramente|91/100|[from] item: Life Orb
|move|p2a: Volcarona|Quiver Dance|p2a: Volcarona
|-boost|p2a: Volcarona|spa|1
|-boost|p2a: Volcarona|spd|1
|-boost|p2a: Volcarona|spe|1
|move|p2b: Electabuzz|Electroweb|p1a: JUSTICE|[spread] p1a,p1b
|-resisted|p1a: JUSTICE
|-crit|p1b: Duramente
|-damage|p1a: JUSTICE|95/100
|-damage|p1b: Duramente|68/100
|-unboost|p1a: JUSTICE|spe|1
|-unboost|p1b: Duramente|spe|1
|-ability|p1a: JUSTICE|Stamina|boost
|-boost|p1a: JUSTICE|def|1
|
|-weather|RainDance|[upkeep]
|upkeep
|turn|3
|
|t:|1756800728
|move|p2a: Volcarona|Protect|p2a: Volcarona
|-singleturn|p2a: Volcarona|Protect
|move|p1b: Duramente|Muddy Water|p2a: Volcarona|[spread] p2b
|-activate|p2a: Volcarona|move: Protect
|-damage|p2b: Electabuzz|8/100
|-unboost|p2b: Electabuzz|accuracy|1
|-damage|p1b: Duramente|58/100|[from] item: Life Orb
|move|p1a: JUSTICE|Electro Shot||[still]
|-prepare|p1a: JUSTICE|Electro Shot
|-boost|p1a: JUSTICE|spa|1
|-anim|p1a: JUSTICE|Electro Shot|p2a: Volcarona
|-activate|p2a: Volcarona|move: Protect
|move|p2b: Electabuzz|Electroweb|p1b: Duramente|[spread] 
|-miss|p2b: Electabuzz|p1a: JUSTICE
|-miss|p2b: Electabuzz|p1b: Duramente
|
|-weather|RainDance|[upkeep]
|upkeep
|turn|4
|
|t:|1756800749
|move|p2a: Volcarona|Protect|p2a: Volcarona
|-singleturn|p2a: Volcarona|Protect
|move|p1b: Duramente|Muddy Water|p2a: Volcarona|[spread] 
|-activate|p2a: Volcarona|move: Protect
|-miss|p1b: Duramente|p2b: Electabuzz
|move|p1a: JUSTICE|Electro Shot||[still]
|-prepare|p1a: JUSTICE|Electro Shot
|-boost|p1a: JUSTICE|spa|1
|-anim|p1a: JUSTICE|Electro Shot|p2a: Volcarona
|-activate|p2a: Volcarona|move: Protect
|move|p2b: Electabuzz|Electroweb|p1a: JUSTICE|[spread] p1a,p1b
|-resisted|p1a: JUSTICE
|-damage|p1a: JUSTICE|90/100
|-damage|p1b: Duramente|40/100
|-unboost|p1a: JUSTICE|spe|1
|-unboost|p1b: Duramente|spe|1
|-ability|p1a: JUSTICE|Stamina|boost
|-boost|p1a: JUSTICE|def|1
|
|-weather|RainDance|[upkeep]
|-sideend|p1: WHERE IS MY WALLET|move: Tailwind
|upkeep
|turn|5
|
|t:|1756800768
|switch|p1b: Electric bill|Electabuzz, L50, M, shiny|100/100
|move|p2b: Electabuzz|Follow Me|p2b: Electabuzz
|-singleturn|p2b: Electabuzz|move: Follow Me
|move|p2a: Volcarona|Tera Blast|p1b: Electric bill|[anim] Tera Blast Fairy
|-damage|p1b: Electric bill|56/100
|move|p1a: JUSTICE|Electro Shot||[still]
|-prepare|p1a: JUSTICE|Electro Shot
|-boost|p1a: JUSTICE|spa|1
|-anim|p1a: JUSTICE|Electro Shot|p2b: Electabuzz
|-resisted|p2b: Electabuzz
|-damage|p2b: Electabuzz|0 fnt
|faint|p2b: Electabuzz
|
|-weather|none
|upkeep
|
|t:|1756800781
|switch|p2b: Dragonite|Dragonite, L50, M|100/100
|turn|6
|inactive|dambro222 has 30 seconds left.
|
|t:|1756800812
|move|p1b: Electric bill|Protect|p1b: Electric bill
|-singleturn|p1b: Electric bill|Protect
|move|p2a: Volcarona|Tera Blast|p1b: Electric bill|[anim] Tera Blast Fairy
|-activate|p1b: Electric bill|move: Protect
|move|p2b: Dragonite|Haze|p2b: Dragonite
|-clearallboost
|move|p1a: JUSTICE|Flash Cannon|p2a: Volcarona
|-supereffective|p2a: Volcarona
|-damage|p2a: Volcarona|0 fnt
|faint|p2a: Volcarona
|
|upkeep
|
|t:|1756800822
|switch|p2a: Sneasler|Sneasler, L50, M|100/100
|turn|7
|inactive|WHERE IS MY WALLET has 30 seconds left.
|inactive|WHERE IS MY WALLET has 20 seconds left.
|inactive|WHERE IS MY WALLET has 15 seconds left.
|
|t:|1756800863
|-terastallize|p1a: JUSTICE|Fairy
|move|p2a: Sneasler|Dire Claw|p1b: Electric bill
|-damage|p1b: Electric bill|16/100
|move|p1b: Electric bill|Electroweb|p2a: Sneasler|[spread] p2a,p2b
|-damage|p2a: Sneasler|81/100
|-damage|p2b: Dragonite|93/100
|-unboost|p2a: Sneasler|spe|1
|-unboost|p2b: Dragonite|spe|1
|move|p1a: JUSTICE|Dragon Pulse|p2b: Dragonite
|-supereffective|p2b: Dragonite
|-damage|p2b: Dragonite|12/100
|move|p2b: Dragonite|Scale Shot|p1b: Electric bill
|-damage|p1b: Electric bill|0 fnt
|faint|p1b: Electric bill
|-hitcount|p1: Electric bill|1
|-unboost|p2b: Dragonite|def|1
|-boost|p2b: Dragonite|spe|1
|
|upkeep
|
|t:|1756800884
|switch|p1b: Duramente|Kingdra, L50, F|40/100
|turn|8
|
|t:|1756800906
|switch|p1a: Duct tape|Pelipper, L50, F|12/100
|-weather|RainDance|[from] ability: Drizzle|[of] p1a: Duct tape
|move|p2b: Dragonite|Extreme Speed|p1b: Duramente
|-damage|p1b: Duramente|0 fnt
|faint|p1b: Duramente
|move|p2a: Sneasler|Dire Claw|p1a: Duct tape
|-damage|p1a: Duct tape|0 fnt
|faint|p1a: Duct tape
|
|-weather|RainDance|[upkeep]
|upkeep
|
|t:|1756800913
|switch|p1b: JUSTICE|Archaludon, L50, M, tera:Fairy|90/100
|turn|9
|
|t:|1756800934
|move|p2b: Dragonite|Haze|p2b: Dragonite
|-clearallboost
|move|p2a: Sneasler|Dire Claw|p1b: JUSTICE
|-supereffective|p1b: JUSTICE
|-damage|p1b: JUSTICE|31/100
|-status|p1b: JUSTICE|slp
|-ability|p1b: JUSTICE|Stamina|boost
|-boost|p1b: JUSTICE|def|1
|cant|p1b: JUSTICE|slp
|
|-weather|RainDance|[upkeep]
|upkeep
|turn|10
|
|t:|1756800946
|move|p2a: Sneasler|Dire Claw|p1b: JUSTICE
|-supereffective|p1b: JUSTICE
|-damage|p1b: JUSTICE|0 fnt
|faint|p1b: JUSTICE
|
|win|dambro222
||dambro222 is ready for game 3.
||WHERE IS MY WALLET is ready for game 3.
|uhtml|next|Next: Game 3 of 3
