|j|☆TORVEX
|j|☆redoctober91
|html|TORVEXredoctober91    
|uhtml|bestof|Game 1 of a best-of-3
|t:|1757906144
|gametype|doubles
|player|p1|TORVEX|acetrainer-gen4dp|1174
|player|p2|redoctober91|169|1087
|gen|9
|tier|[Gen 9] VGC 2025 Reg H (Bo3)
|rated|
|rule|Species Clause: Limit one of each Pokémon
|rule|Item Clause: Limit 1 of each item
|clearpoke
|poke|p1|Volcarona, L50, F|
|poke|p1|Rillaboom, L50, F|
|poke|p1|Electabuzz, L50, M|
|poke|p1|Ninetales-Alola, L50, M|
|poke|p1|Garchomp, L50, F|
|poke|p1|Kingambit, L50, F|
|poke|p2|Amoonguss, L50, F|
|poke|p2|Incineroar, L50, F|
|poke|p2|Kingambit, L50, F|
|poke|p2|Ninetales-Alola, L50, F|
|poke|p2|Garchomp, L50, M|
|poke|p2|Dragonite, L50, F|
|teampreview|4
|showteam|p1|Volcarona||GrassySeed|FlameBody|Protect,QuiverDance,HeatWave,TeraBlast|||F|||50|,,,,,Fairy]Rillaboom||AssaultVest|GrassySurge|FakeOut,GrassyGlide,WoodHammer,Uturn|||F|||50|,,,,,Fire]Electabuzz||Eviolite|VitalSpirit|Protect,FollowMe,Electroweb,Thunderbolt|||M|||50|,,,,,Water]Ninetales-Alola||FocusSash|SnowWarning|AuroraVeil,Blizzard,IcyWind,Protect|||M|||50|,,,,,Steel]Garchomp||LifeOrb|RoughSkin|Protect,DragonClaw,StompingTantrum,RockSlide|||F|||50|,,,,,Steel]Kingambit||SafetyGoggles|Defiant|SwordsDance,KowtowCleave,SuckerPunch,Protect|||F|||50|,,,,,Fire
|showteam|p2|Amoonguss||SitrusBerry|Regenerator|Protect,PollenPuff,Spore,RagePowder|||F|||50|,,,,,Fairy]Incineroar||RockyHelmet|Intimidate|FakeOut,FlareBlitz,KnockOff,PartingShot|||F|||50|,,,,,Grass]Kingambit||SafetyGoggles|Defiant|KowtowCleave,SuckerPunch,SwordsDance,Protect|||F|||50|,,,,,Dark]Ninetales-Alola||ChoiceSpecs|SnowWarning|Blizzard,DazzlingGleam,FreezeDry,Moonblast|||F|||50|,,,,,Ice]Garchomp||ChoiceBand|RoughSkin|DragonClaw,Earthquake,StompingTantrum,RockSlide|||M|||50|,,,,,Steel]Dragonite||AssaultVest|Multiscale|TeraBlast,ExtremeSpeed,IceSpinner,LowKick|||F|||50|,,,,,Flying
|inactive|Battle timer is ON: inactive players will automatically lose when time's up. (requested by TORVEX)
|
|t:|1757906174
|teamsize|p1|4
|teamsize|p2|4
|start
|switch|p1a: Kingambit|Kingambit, L50, F|100/100
|switch|p1b: Rillaboom|Rillaboom, L50, F|100/100
|switch|p2a: Garchomp|Garchomp, L50, M, shiny|100/100
|switch|p2b: Dragonite|Dragonite, L50, F|100/100
|-fieldstart|move: Grassy Terrain|[from] ability: Grassy Surge|[of] p1b: Rillaboom
|turn|1
|inactive|redoctober91 has 30 seconds left.
|
|t:|1757906199
|-terastallize|p1a: Kingambit|Fire
|move|p1b: Rillaboom|Fake Out|p2a: Garchomp
|-damage|p2a: Garchomp|88/100
|-damage|p1b: Rillaboom|88/100|[from] ability: Rough Skin|[of] p2a: Garchomp
|cant|p2a: Garchomp|flinch
|move|p2b: Dragonite|Ice Spinner|p1b: Rillaboom
|-supereffective|p1b: Rillaboom
|-damage|p1b: Rillaboom|37/100
|-fieldend|move: Grassy Terrain
|move|p1a: Kingambit|Swords Dance|p1a: Kingambit
|-boost|p1a: Kingambit|atk|2
|
|upkeep
|turn|2
|
|t:|1757906221
|switch|p1b: Ninetales|Ninetales-Alola, L50, M|100/100
|-weather|Snowscape|[from] ability: Snow Warning|[of] p1b: Ninetales
|move|p1a: Kingambit|Protect|p1a: Kingambit
|-singleturn|p1a: Kingambit|Protect
|move|p2b: Dragonite|Extreme Speed|p1b: Ninetales
|-damage|p1b: Ninetales|72/100
|move|p2a: Garchomp|Earthquake|p1b: Ninetales|[spread] p1b
|-activate|p1a: Kingambit|move: Protect
|-immune|p2b: Dragonite
|-damage|p1b: Ninetales|17/100
|
|-weather|Snowscape|[upkeep]
|upkeep
|turn|3
|
|t:|1757906243
|move|p2b: Dragonite|Extreme Speed|p1b: Ninetales
|-damage|p1b: Ninetales|0 fnt
|faint|p1b: Ninetales
|move|p1a: Kingambit|Sucker Punch|p2a: Garchomp
|-damage|p2a: Garchomp|17/100
|-damage|p1a: Kingambit|88/100|[from] ability: Rough Skin|[of] p2a: Garchomp
|move|p2a: Garchomp|Earthquake|p1a: Kingambit|[spread] p1a
|-immune|p2b: Dragonite
|-supereffective|p1a: Kingambit
|-damage|p1a: Kingambit|10/100
|
|-weather|Snowscape|[upkeep]
|upkeep
|
|t:|1757906252
|switch|p1b: Rillaboom|Rillaboom, L50, F|37/100
|-fieldstart|move: Grassy Terrain|[from] ability: Grassy Surge|[of] p1b: Rillaboom
|turn|4
|
|t:|1757906265
|switch|p2a: Amoonguss|Amoonguss, L50, F, shiny|100/100
|move|p1b: Rillaboom|Fake Out|p2b: Dragonite
|-damage|p2b: Dragonite|94/100
|move|p1a: Kingambit|Sucker Punch||[still]
|-fail|p1a: Kingambit
|cant|p2b: Dragonite|flinch
|
|-weather|Snowscape|[upkeep]
|-heal|p1b: Rillaboom|43/100|[from] Grassy Terrain
|-heal|p1a: Kingambit|16/100|[from] Grassy Terrain
|upkeep
|turn|5
|
|t:|1757906281
|move|p1a: Kingambit|Protect|p1a: Kingambit
|-singleturn|p1a: Kingambit|Protect
|move|p2a: Amoonguss|Rage Powder|p2a: Amoonguss
|-singleturn|p2a: Amoonguss|move: Rage Powder
|move|p2b: Dragonite|Ice Spinner|p1b: Rillaboom
|-supereffective|p1b: Rillaboom
|-damage|p1b: Rillaboom|0 fnt
|-fieldend|move: Grassy Terrain
|faint|p1b: Rillaboom
|
|-weather|Snowscape|[upkeep]
|upkeep
|
|t:|1757906287
|switch|p1b: Volcarona|Volcarona, L50, F|100/100
|turn|6
|-message|TORVEX forfeited.
|
|win|redoctober91
|l|☆TORVEX
|player|p1|
||TORVEX is ready for game 2.
||redoctober91 is ready for game 2.
|uhtml|next|Next: Game 2 of 3
|l|☆redoctober91
|player|p2|
|j|☆TORVEX
|player|p1|TORVEX|acetrainer-gen4dp|
