|j|☆Dungx showdown
|j|☆Fell Blue
|html|Dungx showdownFell Blue    
|uhtml|bestof|Game 3 of a best-of-3
|t:|1782496689
|gametype|doubles
|player|p1|Dungx showdown|miku-ghost|1321
|player|p2|Fell Blue|fantina|1252
|gen|9
|tier|[Gen 9 Champions] VGC 2026 Reg M-B (Bo3)
|rated|
|rule|Species Clause: Limit one of each Pokémon
|rule|Item Clause: Limit 1 of each item
|clearpoke
|poke|p1|Metagross, L50|
|poke|p1|Pelipper, L50, M|
|poke|p1|Archaludon, L50, M|
|poke|p1|Basculegion, L50, M|
|poke|p1|Grimmsnarl, L50, M|
|poke|p1|Sneasler, L50, F|
|poke|p2|Torkoal, L50, M|
|poke|p2|Pyroar, L50, M|
|poke|p2|Farigiraf, L50, M|
|poke|p2|Mawile, L50, M|
|poke|p2|Gyarados, L50, F|
|poke|p2|Kangaskhan, L50, F|
|teampreview|4
|showteam|p1|Metagross||Metagrossite|ClearBody|StompingTantrum,Protect,MeteorMash,PsychicFangs|Adamant|||||50|]Pelipper||FocusSash|Drizzle|Tailwind,Protect,WeatherBall,Hurricane|Modest||M|||50|]Archaludon||Leftovers|Stamina|ElectroShot,Protect,FlashCannon,DragonPulse|Modest||M|||50|]Basculegion||LifeOrb|SwiftSwim|AquaJet,WaveCrash,Protect,LastRespects|Adamant||M|||50|]Grimmsnarl||LightClay|Prankster|LightScreen,Reflect,PartingShot,SpiritBreak|Impish||M|||50|]Sneasler||WhiteHerb|Unburden|DireClaw,Coaching,FakeOut,CloseCombat|Adamant||F|||50|
|showteam|p2|Torkoal||Charcoal|Drought|Eruption,WeatherBall,HelpingHand,Protect|Quiet||M|||50|]Pyroar||Pyroarite|Rivalry|Overheat,HeatWave,SolarBeam,Protect|Timid||M|||50|]Farigiraf||SitrusBerry|ArmorTail|Psychic,TrickRoom,HelpingHand,Protect|Bold||M|||50|]Mawile||Mawilite|HyperCutter|PlayRough,BrickBreak,SuckerPunch,Protect|Brave||M|||50|]Gyarados||ExpertBelt|Intimidate|StoneEdge,PowerWhip,IceFang,Protect|Adamant||F|||50|]Kangaskhan||SilkScarf|Scrappy|FakeOut,LastResort|Brave||F|||50|
|inactive|Battle timer is ON: inactive players will automatically lose when time's up. (requested by Dungx showdown)
|inactive|Dungx showdown has 60 seconds left.
|
|t:|1782496725
|teamsize|p1|4
|teamsize|p2|4
|start
|switch|p1a: Roblox|Archaludon, L50, M|100/100
|switch|p1b: Demon king|Grimmsnarl, L50, M|100/100
|switch|p2a: Farigiraf|Farigiraf, L50, M|100/100
|switch|p2b: Kangaskhan|Kangaskhan, L50, F|100/100
|turn|1
|
|t:|1782496734
|move|p2b: Kangaskhan|Fake Out|p1b: Demon king
|-damage|p1b: Demon king|80/100
|cant|p1b: Demon king|flinch
|move|p1a: Roblox|Dragon Pulse|p2b: Kangaskhan
|-damage|p2b: Kangaskhan|61/100
|move|p2a: Farigiraf|Trick Room|p2a: Farigiraf
|-fieldstart|move: Trick Room|[of] p2a: Farigiraf
|
|upkeep
|turn|2
|
|t:|1782496752
|move|p2a: Farigiraf|Helping Hand|p2b: Kangaskhan
|-singleturn|p2b: Kangaskhan|Helping Hand|[of] p2a: Farigiraf
|move|p1b: Demon king|Reflect|p1b: Demon king
|-sidestart|p1: Dungx showdown|Reflect
|move|p2b: Kangaskhan|Last Resort|p1b: Demon king
|-damage|p1b: Demon king|7/100
|move|p1a: Roblox|Dragon Pulse|p2a: Farigiraf
|-damage|p2a: Farigiraf|65/100
|
|upkeep
|turn|3
|inactive|Dungx showdown has 30 seconds left.
|inactive|Dungx showdown has 20 seconds left.
|
|t:|1782496792
|move|p2a: Farigiraf|Protect|p2a: Farigiraf
|-singleturn|p2a: Farigiraf|Protect
|move|p1b: Demon king|Light Screen|p1b: Demon king
|-sidestart|p1: Dungx showdown|move: Light Screen
|move|p2b: Kangaskhan|Last Resort|p1b: Demon king
|-damage|p1b: Demon king|0 fnt
|faint|p1b: Demon king
|move|p1a: Roblox|Dragon Pulse|p2b: Kangaskhan
|-damage|p2b: Kangaskhan|22/100
|
|upkeep
|
|t:|1782496811
|switch|p1b: Recoil|Basculegion, L50, M|100/100
|turn|4
|
|t:|1782496825
|switch|p1b: Mồm to|Pelipper, L50, M|100/100
|-weather|RainDance|[from] ability: Drizzle|[of] p1b: Mồm to
|move|p2a: Farigiraf|Psychic|p1b: Mồm to
|-damage|p1b: Mồm to|62/100
|move|p2b: Kangaskhan|Last Resort|p1b: Mồm to
|-damage|p1b: Mồm to|0 fnt
|faint|p1b: Mồm to
|move|p1a: Roblox|Electro Shot||[still]
|-prepare|p1a: Roblox|Electro Shot
|-boost|p1a: Roblox|spa|1
|-anim|p1a: Roblox|Electro Shot|p2a: Farigiraf
|-damage|p2a: Farigiraf|14/100
|-enditem|p2a: Farigiraf|Sitrus Berry|[eat]
|-heal|p2a: Farigiraf|39/100|[from] item: Sitrus Berry
|
|-weather|RainDance|[upkeep]
|upkeep
|
|t:|1782496833
|switch|p1b: Recoil|Basculegion, L50, M|100/100
|turn|5
|
|t:|1782496853
|switch|p2b: Torkoal|Torkoal, L50, M|100/100
|-weather|SunnyDay|[from] ability: Drought|[of] p2b: Torkoal
|move|p2a: Farigiraf|Protect|p2a: Farigiraf
|-singleturn|p2a: Farigiraf|Protect
|move|p1b: Recoil|Protect|p1b: Recoil
|-singleturn|p1b: Recoil|Protect
|move|p1a: Roblox|Electro Shot||[still]
|-prepare|p1a: Roblox|Electro Shot
|-boost|p1a: Roblox|spa|1
|
|-weather|SunnyDay|[upkeep]
|-fieldend|move: Trick Room
|upkeep
|turn|6
|inactive|Fell Blue has 30 seconds left.
|
|t:|1782496884
|move|p2a: Farigiraf|Protect|p2a: Farigiraf
|-singleturn|p2a: Farigiraf|Protect
|move|p2b: Torkoal|Protect|p2b: Torkoal
|-singleturn|p2b: Torkoal|Protect
|move|p1b: Recoil|Last Respects|p2b: Torkoal
|-activate|p2b: Torkoal|move: Protect
|move|p1a: Roblox|Electro Shot|p2a: Farigiraf|[from] lockedmove
|-activate|p2a: Farigiraf|move: Protect
|
|-weather|SunnyDay|[upkeep]
|upkeep
|turn|7
|
|t:|1782496907
|switch|p2b: Kangaskhan|Kangaskhan, L50, F|22/100
|move|p1b: Recoil|Last Respects|p2b: Kangaskhan
|-immune|p2b: Kangaskhan
|move|p1a: Roblox|Dragon Pulse|p2a: Farigiraf
|-damage|p2a: Farigiraf|0 fnt
|faint|p2a: Farigiraf
|
|-weather|SunnyDay|[upkeep]
|upkeep
|
|t:|1782496912
|switch|p2a: Mawile|Mawile, L50, M|100/100
|turn|8
|
|t:|1782496921
|detailschange|p2a: Mawile|Mawile-Mega, L50, M
|-mega|p2a: Mawile|Mawile|Mawilite
|move|p1b: Recoil|Protect|p1b: Recoil
|-singleturn|p1b: Recoil|Protect
|move|p1a: Roblox|Protect|p1a: Roblox
|-singleturn|p1a: Roblox|Protect
|move|p2b: Kangaskhan|Fake Out|p1b: Recoil
|-activate|p1b: Recoil|move: Protect
|move|p2a: Mawile|Brick Break|p1a: Roblox
|-activate|p1a: Roblox|move: Protect
|
|-weather|SunnyDay|[upkeep]
|upkeep
|turn|9
|
|t:|1782496936
|move|p2a: Mawile|Protect|p2a: Mawile
|-singleturn|p2a: Mawile|Protect
|move|p1b: Recoil|Last Respects|p2a: Mawile
|-activate|p2a: Mawile|move: Protect
|move|p1a: Roblox|Flash Cannon|p2a: Mawile
|-activate|p2a: Mawile|move: Protect
|move|p2b: Kangaskhan|Last Resort|p1b: Recoil
|-crit|p1b: Recoil
|-damage|p1b: Recoil|0 fnt
|faint|p1b: Recoil
|
|-weather|none
|-sideend|p1: Dungx showdown|Reflect
|upkeep
|turn|10
|
|t:|1782496953
|switch|p2b: Torkoal|Torkoal, L50, M|100/100
|-weather|SunnyDay|[from] ability: Drought|[of] p2b: Torkoal
|move|p1a: Roblox|Flash Cannon|p2a: Mawile
|-damage|p2a: Mawile|10/100
|move|p2a: Mawile|Brick Break|p1a: Roblox
|-sideend|p1: Dungx showdown|move: Light Screen
|-supereffective|p1a: Roblox|1
|-damage|p1a: Roblox|24/100
|-ability|p1a: Roblox|Stamina|boost
|-boost|p1a: Roblox|def|1
|
|-weather|SunnyDay|[upkeep]
|-heal|p1a: Roblox|30/100|[from] item: Leftovers
|upkeep
|turn|11
|
|t:|1782496966
|move|p1a: Roblox|Protect|p1a: Roblox
|-singleturn|p1a: Roblox|Protect
|move|p2a: Mawile|Sucker Punch||[still]
|-fail|p2a: Mawile
|move|p2b: Torkoal|Weather Ball|p1a: Roblox
|-activate|p1a: Roblox|move: Protect
|
|-weather|SunnyDay|[upkeep]
|-heal|p1a: Roblox|37/100|[from] item: Leftovers
|upkeep
|turn|12
|-message|Dungx showdown forfeited.
|raw|Dungx showdown's rating: 1321 → 1297(-24 for losing)
|raw|Fell Blue's rating: 1252 → 1282(+30 for winning)
|
|win|Fell Blue
