|j|☆Pearxyz
|j|☆orbwair
|html|Pearxyzorbwair    
|uhtml|bestof|Game 2 of a best-of-3
|t:|1756696163
|gametype|doubles
|player|p1|Pearxyz|skyla|
|player|p2|orbwair|hexmaniac-gen6|
|gen|9
|tier|[Gen 9] VGC 2025 Reg H (Bo3)
|rule|Species Clause: Limit one of each Pokémon
|rule|Item Clause: Limit 1 of each item
|clearpoke
|poke|p1|Abomasnow, L50, M|
|poke|p1|Froslass, L50, F|
|poke|p1|Clefable, L50, F|
|poke|p1|Vaporeon, L50, M|
|poke|p1|Clodsire, L50, F|
|poke|p1|Amoonguss, L50, F|
|poke|p2|Basculegion-F, L50, F|
|poke|p2|Amoonguss, L50, F|
|poke|p2|Sneasler, L50, M|
|poke|p2|Incineroar, L50, F|
|poke|p2|Archaludon, L50, F|
|poke|p2|Pelipper, L50, M|
|teampreview|4
|showteam|p1|Abomasnow||Leftovers|SnowWarning|Substitute,ChillingWater,BodyPress,WaterPulse|||M|||50|,,,,,Water]Froslass||FocusSash|SnowCloak|Blizzard,Curse,IceFang,Substitute|||F|||50|,,,,,Ice]Clefable||SitrusBerry|CuteCharm|CalmMind,DrainingKiss,Blizzard,BatonPass|||F|||50|,,,,,Fairy]Vaporeon||CovertCloak|WaterAbsorb|HelpingHand,HydroPump,Wish,WeatherBall|||M|||50|,,,,,Water]Clodsire||LifeOrb|Unaware|HighHorsepower,Protect,Recover,Toxic|||F|||50|,,,,,Poison]Amoonguss||RockyHelmet|EffectSpore|RagePowder,Toxic,Substitute,LeafStorm|||F|||50|,,,,,Grass
|showteam|p2|Basculegion-F||LifeOrb|SwiftSwim|Surf,IceBeam,ShadowBall,Protect|||F|||50|,,,,,Water]Amoonguss||RockyHelmet|Regenerator|PollenPuff,RagePowder,Protect,Spore|||F|||50|,,,,,Water]Sneasler||FocusSash|Unburden|Acrobatics,CloseCombat,DireClaw,Protect|||M|||50|,,,,,Dark]Incineroar||SitrusBerry|Intimidate|FakeOut,FlareBlitz,KnockOff,HelpingHand|||F|||50|,,,,,Grass]Archaludon||PowerHerb|Stamina|ElectroShot,BodyPress,FlashCannon,Protect|||F|||50|,,,,,Steel]Pelipper||CovertCloak|Drizzle|Tailwind,Protect,WeatherBall,AirSlash|||M|||50|,,,,,Water
|
|t:|1756696178
|teamsize|p1|4
|teamsize|p2|4
|start
|switch|p1a: Vaporeon|Vaporeon, L50, M, shiny|100/100
|switch|p1b: Clodsire|Clodsire, L50, F|100/100
|switch|p2a: Small Child|Incineroar, L50, F|100/100
|switch|p2b: GatorPower ade|Amoonguss, L50, F|100/100
|-ability|p2a: Small Child|Intimidate|boost
|-unboost|p1a: Vaporeon|atk|1
|-unboost|p1b: Clodsire|atk|1
|turn|1
|
|t:|1756696204
|-terastallize|p1a: Vaporeon|Water
|move|p2a: Small Child|Fake Out|p1b: Clodsire
|-crit|p1b: Clodsire
|-damage|p1b: Clodsire|74/100
|move|p1a: Vaporeon|Hydro Pump|p2a: Small Child|[miss]
|-miss|p1a: Vaporeon|p2a: Small Child
|cant|p1b: Clodsire|flinch
|move|p2b: GatorPower ade|Spore|p1a: Vaporeon
|-status|p1a: Vaporeon|slp|[from] move: Spore
|
|upkeep
|turn|2
|
|t:|1756696236
|switch|p2a: Dasani|Pelipper, L50, M|100/100
|-weather|RainDance|[from] ability: Drizzle|[of] p2a: Dasani
|move|p1b: Clodsire|Protect|p1b: Clodsire
|-singleturn|p1b: Clodsire|Protect
|cant|p1a: Vaporeon|slp
|move|p2b: GatorPower ade|Spore|p1b: Clodsire
|-activate|p1b: Clodsire|move: Protect
|
|-weather|RainDance|[upkeep]
|upkeep
|turn|3
|
|t:|1756696259
|switch|p2b: Rockstar|Sneasler, L50, M, shiny|100/100
|cant|p1a: Vaporeon|slp
|move|p2a: Dasani|Weather Ball|p1b: Clodsire
|-supereffective|p1b: Clodsire
|-damage|p1b: Clodsire|0 fnt
|faint|p1b: Clodsire
|
|-weather|RainDance|[upkeep]
|upkeep
|
|t:|1756696269
|switch|p1b: Amoonguss|Amoonguss, L50, F, shiny|100/100
|turn|4
|
|t:|1756696288
|move|p2b: Rockstar|Acrobatics|p1b: Amoonguss
|-supereffective|p1b: Amoonguss
|-damage|p1b: Amoonguss|51/100
|-damage|p2b: Rockstar|84/100|[from] item: Rocky Helmet|[of] p1b: Amoonguss
|-status|p2b: Rockstar|slp|[from] ability: Effect Spore|[of] p1b: Amoonguss
|-curestatus|p1a: Vaporeon|slp|[msg]
|move|p1a: Vaporeon|Hydro Pump|p2b: Rockstar
|-damage|p2b: Rockstar|0 fnt
|faint|p2b: Rockstar
|move|p2a: Dasani|Air Slash|p1b: Amoonguss
|-supereffective|p1b: Amoonguss
|-damage|p1b: Amoonguss|0 fnt
|faint|p1b: Amoonguss
|
|-weather|RainDance|[upkeep]
|upkeep
|
|t:|1756696318
|switch|p2b: Small Child|Incineroar, L50, F|100/100
|switch|p1b: Clefable|Clefable, L50, F|100/100
|-ability|p2b: Small Child|Intimidate|boost
|-unboost|p1a: Vaporeon|atk|1
|-unboost|p1b: Clefable|atk|1
|turn|5
|
|t:|1756696343
|move|p2b: Small Child|Fake Out|p1a: Vaporeon
|-damage|p1a: Vaporeon|85/100
|move|p1a: Vaporeon|Hydro Pump|p2b: Small Child
|-supereffective|p2b: Small Child
|-damage|p2b: Small Child|0 fnt
|faint|p2b: Small Child
|move|p2a: Dasani|Tailwind|p2a: Dasani
|-sidestart|p2: orbwair|move: Tailwind
|move|p1b: Clefable|Blizzard|p2a: Dasani|[miss]
|-miss|p1b: Clefable|p2a: Dasani
|
|-weather|RainDance|[upkeep]
|upkeep
|
|t:|1756696358
|switch|p2b: GatorPower ade|Amoonguss, L50, F|100/100
|turn|6
|
|t:|1756696369
|move|p2b: GatorPower ade|Rage Powder|p2b: GatorPower ade
|-singleturn|p2b: GatorPower ade|move: Rage Powder
|move|p2a: Dasani|Air Slash|p1a: Vaporeon
|-damage|p1a: Vaporeon|54/100
|move|p1a: Vaporeon|Hydro Pump|p2b: GatorPower ade
|-resisted|p2b: GatorPower ade
|-damage|p2b: GatorPower ade|70/100
|move|p1b: Clefable|Blizzard|p2a: Dasani|[spread] p2a
|-miss|p1b: Clefable|p2b: GatorPower ade
|-damage|p2a: Dasani|73/100
|
|-weather|none
|upkeep
|turn|7
|
|t:|1756696394
|move|p2a: Dasani|Air Slash|p1a: Vaporeon
|-damage|p1a: Vaporeon|24/100
|move|p1a: Vaporeon|Wish|p1a: Vaporeon
|move|p2b: GatorPower ade|Spore|p1a: Vaporeon
|-status|p1a: Vaporeon|slp|[from] move: Spore
|move|p1b: Clefable|Blizzard|p2b: GatorPower ade|[spread] p2b
|-miss|p1b: Clefable|p2a: Dasani
|-supereffective|p2b: GatorPower ade
|-damage|p2b: GatorPower ade|42/100
|
|upkeep
|turn|8
|
|t:|1756696415
|move|p2a: Dasani|Air Slash|p1b: Clefable
|-damage|p1b: Clefable|71/100
|cant|p1a: Vaporeon|slp
|move|p2b: GatorPower ade|Spore|p1b: Clefable
|-status|p1b: Clefable|slp|[from] move: Spore
|cant|p1b: Clefable|slp
|
|-heal|p1a: Vaporeon|74/100 slp|[from] move: Wish|[wisher] Vaporeon
|-sideend|p2: orbwair|move: Tailwind
|upkeep
|turn|9
|
|t:|1756696435
|cant|p1a: Vaporeon|slp
|move|p2a: Dasani|Air Slash|p1a: Vaporeon
|-damage|p1a: Vaporeon|41/100 slp
|-curestatus|p1b: Clefable|slp|[msg]
|move|p1b: Clefable|Blizzard|p2b: GatorPower ade|[spread] p2a,p2b
|-supereffective|p2b: GatorPower ade
|-damage|p2a: Dasani|41/100
|-damage|p2b: GatorPower ade|11/100
|-status|p2b: GatorPower ade|frz
|cant|p2b: GatorPower ade|frz
|
|upkeep
|turn|10
|
|t:|1756696470
|-terastallize|p2a: Dasani|Water
|-curestatus|p1a: Vaporeon|slp|[msg]
|move|p1a: Vaporeon|Wish|p1a: Vaporeon
|move|p2a: Dasani|Air Slash|p1a: Vaporeon
|-damage|p1a: Vaporeon|7/100
|move|p1b: Clefable|Draining Kiss|p2b: GatorPower ade
|-resisted|p2b: GatorPower ade
|-damage|p2b: GatorPower ade|5/100 frz
|-heal|p1b: Clefable|77/100|[from] drain|[of] p2b: GatorPower ade
|-damage|p1b: Clefable|60/100|[from] item: Rocky Helmet|[of] p2b: GatorPower ade
|-curestatus|p2b: GatorPower ade|frz|[msg]
|move|p2b: GatorPower ade|Pollen Puff|p2a: Dasani
|-heal|p2a: Dasani|91/100
|
|upkeep
|turn|11
|
|t:|1756696494
|move|p2b: GatorPower ade|Protect|p2b: GatorPower ade
|-singleturn|p2b: GatorPower ade|Protect
|move|p1a: Vaporeon|Hydro Pump|p2b: GatorPower ade
|-activate|p2b: GatorPower ade|move: Protect
|move|p2a: Dasani|Air Slash|p1a: Vaporeon
|-damage|p1a: Vaporeon|0 fnt
|faint|p1a: Vaporeon
|move|p1b: Clefable|Blizzard|p2b: GatorPower ade|[spread] 
|-activate|p2b: GatorPower ade|move: Protect
|-miss|p1b: Clefable|p2a: Dasani
|
|upkeep
|turn|12
|
|t:|1756696509
|move|p2a: Dasani|Air Slash|p1b: Clefable
|-damage|p1b: Clefable|33/100
|-enditem|p1b: Clefable|Sitrus Berry|[eat]
|-heal|p1b: Clefable|58/100|[from] item: Sitrus Berry
|cant|p1b: Clefable|flinch
|move|p2b: GatorPower ade|Spore|p1b: Clefable
|-status|p1b: Clefable|slp|[from] move: Spore
|
|upkeep
|turn|13
|
|t:|1756696522
|move|p2a: Dasani|Air Slash|p1b: Clefable
|-damage|p1b: Clefable|26/100 slp
|cant|p1b: Clefable|slp
|move|p2b: GatorPower ade|Pollen Puff|p1b: Clefable
|-resisted|p1b: Clefable
|-damage|p1b: Clefable|19/100 slp
|
|upkeep
|turn|14
|
|t:|1756696535
|move|p2a: Dasani|Air Slash|p1b: Clefable
|-damage|p1b: Clefable|0 fnt
|faint|p1b: Clefable
|
|win|orbwair
