|j|☆joethefenix
|j|☆ispoke2soon
|html|joethefenixispoke2soon    
|uhtml|bestof|Game 2 of a best-of-3
|t:|1785596181
|gametype|doubles
|player|p1|joethefenix|102|
|player|p2|ispoke2soon|266|
|gen|9
|tier|[Gen 9 Champions] VGC 2026 Reg M-B (Bo3)
|rule|Species Clause: Limit one of each Pokémon
|rule|Item Clause: Limit 1 of each item
|clearpoke
|poke|p1|Pelipper, L50, M, shiny|
|poke|p1|Swampert, L50, M, shiny|
|poke|p1|Archaludon, L50, M, shiny|
|poke|p1|Charizard, L50, M, shiny|
|poke|p1|Grimmsnarl, L50, M, shiny|
|poke|p1|Venusaur, L50, M, shiny|
|poke|p2|Froslass, L50, F|
|poke|p2|Scovillain, L50, F|
|poke|p2|Lycanroc-Dusk, L50, M, shiny|
|poke|p2|Kingambit, L50, F|
|poke|p2|Sneasler, L50, F|
|poke|p2|Basculegion, L50, M|
|teampreview|4
|showteam|p1|Pelipper||SitrusBerry|Drizzle|WeatherBall,Hurricane,Tailwind,Protect|Modest||M|||50|]Swampert||Swampertite|Torrent|Protect,Earthquake,WaveCrash,IcePunch|Adamant||M|||50|]Archaludon||Leftovers|Stamina|FlashCannon,DragonPulse,ElectroShot,Protect|Calm||M|||50|]Charizard||CharizarditeY|Blaze|Protect,WeatherBall,SolarBeam,HeatWave|Modest||M|||50|]Grimmsnarl||LightClay|Prankster|SpiritBreak,Reflect,LightScreen,PartingShot|Sassy||M|||50|]Venusaur||FocusSash|Chlorophyll|Protect,SludgeBomb,LeafStorm,SleepPowder|Modest||M|||50|
|showteam|p2|Froslass||Froslassite|CursedBody|Blizzard,ShadowBall,AuroraVeil,Protect|Modest||F|||50|]Scovillain||Scovillainite|Moody|Overheat,GigaDrain,RagePowder,Protect|Bold||F|||50|]Lycanroc-Dusk||FocusSash|ToughClaws|RockSlide,CloseCombat,Accelerock,Protect|Adamant||M|||50|]Kingambit||BlackGlasses|Defiant|KowtowCleave,SuckerPunch,SwordsDance,Protect|Adamant||F|||50|]Sneasler||WhiteHerb|Unburden|FakeOut,CloseCombat,GunkShot,Protect|Adamant||F|||50|]Basculegion||SitrusBerry|Adaptability|WaveCrash,LastRespects,AquaJet,Protect|Adamant||M|||50|
|inactive|Battle timer is ON: inactive players will automatically lose when time's up. (requested by ispoke2soon)
|
|t:|1785596213
|teamsize|p1|4
|teamsize|p2|4
|start
|switch|p1a: Venus de Milo|Venusaur, L50, M, shiny|100/100
|switch|p1b: Zardon|Charizard, L50, M, shiny|100/100
|switch|p2a: Sneasler|Sneasler, L50, F|100/100
|switch|p2b: Kingambit|Kingambit, L50, F|100/100
|turn|1
|
|t:|1785596234
|detailschange|p1b: Zardon|Charizard-Mega-Y, L50, M, shiny
|-mega|p1b: Zardon|Charizard|Charizardite Y
|-weather|SunnyDay|[from] ability: Drought|[of] p1b: Zardon
|move|p2a: Sneasler|Protect|p2a: Sneasler
|-singleturn|p2a: Sneasler|Protect
|move|p2b: Kingambit|Sucker Punch|p1b: Zardon
|-damage|p1b: Zardon|50/100y
|move|p1a: Venus de Milo|Sleep Powder|p2b: Kingambit
|-status|p2b: Kingambit|slp|[from] move: Sleep Powder
|move|p1b: Zardon|Heat Wave|p2a: Sneasler|[spread] p2b
|-activate|p2a: Sneasler|move: Protect
|-supereffective|p2b: Kingambit|1
|-damage|p2b: Kingambit|0 fnt
|faint|p2b: Kingambit
|
|-weather|SunnyDay|[upkeep]
|upkeep
|
|t:|1785596246
|switch|p2b: Froslass|Froslass, L50, F|100/100
|turn|2
|
|t:|1785596270
|detailschange|p2b: Froslass|Froslass-Mega, L50, F
|-mega|p2b: Froslass|Froslass|Froslassite
|-weather|Snowscape|[from] ability: Snow Warning|[of] p2b: Froslass
|move|p1b: Zardon|Protect|p1b: Zardon
|-singleturn|p1b: Zardon|Protect
|move|p2b: Froslass|Blizzard|p1b: Zardon|[spread] p1a
|-activate|p1b: Zardon|move: Protect
|-supereffective|p1a: Venus de Milo|1
|-crit|p1a: Venus de Milo
|-enditem|p1a: Venus de Milo|Focus Sash
|-damage|p1a: Venus de Milo|1/100
|-status|p1a: Venus de Milo|frz
|move|p2a: Sneasler|Close Combat|p1a: Venus de Milo
|-resisted|p1a: Venus de Milo|1
|-damage|p1a: Venus de Milo|0 fnt
|-unboost|p2a: Sneasler|def|1
|-unboost|p2a: Sneasler|spd|1
|faint|p1a: Venus de Milo
|-enditem|p2a: Sneasler|White Herb
|-clearnegativeboost|p2a: Sneasler|[silent]
|
|-weather|Snowscape|[upkeep]
|upkeep
|
|t:|1785596289
|switch|p1a: Swamp Thang|Swampert, L50, M, shiny|100/100
|turn|3
|inactive|ispoke2soon has 30 seconds left.
|
|t:|1785596319
|move|p2a: Sneasler|Close Combat|p1a: Swamp Thang
|-damage|p1a: Swamp Thang|38/100
|-unboost|p2a: Sneasler|def|1
|-unboost|p2a: Sneasler|spd|1
|move|p2b: Froslass|Blizzard|p1b: Zardon|[spread] p1a,p1b
|-damage|p1a: Swamp Thang|0 fnt
|-damage|p1b: Zardon|13/100
|faint|p1a: Swamp Thang
|move|p1b: Zardon|Heat Wave|p2a: Sneasler|[spread] p2b
|-miss|p1b: Zardon|p2a: Sneasler
|-supereffective|p2b: Froslass|1
|-damage|p2b: Froslass|11/100
|
|-weather|Snowscape|[upkeep]
|upkeep
|
|t:|1785596331
|switch|p1a: Birb Up|Pelipper, L50, M, shiny|100/100
|-weather|RainDance|[from] ability: Drizzle|[of] p1a: Birb Up
|turn|4
|
|t:|1785596355
|move|p1b: Zardon|Protect|p1b: Zardon
|-singleturn|p1b: Zardon|Protect
|move|p2a: Sneasler|Close Combat|p1a: Birb Up
|-resisted|p1a: Birb Up|1
|-damage|p1a: Birb Up|65/100
|-unboost|p2a: Sneasler|def|1
|-unboost|p2a: Sneasler|spd|1
|move|p2b: Froslass|Shadow Ball|p1b: Zardon
|-activate|p1b: Zardon|move: Protect
|move|p1a: Birb Up|Hurricane|p2a: Sneasler
|-supereffective|p2a: Sneasler|1
|-damage|p2a: Sneasler|0 fnt
|faint|p2a: Sneasler
|
|-weather|RainDance|[upkeep]
|upkeep
|
|t:|1785596358
|switch|p2a: Lycanroc|Lycanroc-Dusk, L50, M, shiny|100/100
|turn|5
|
|t:|1785596379
|move|p2a: Lycanroc|Accelerock|p1b: Zardon
|-supereffective|p1b: Zardon|2
|-damage|p1b: Zardon|0 fnt
|faint|p1b: Zardon
|move|p2b: Froslass|Shadow Ball|p1a: Birb Up
|-damage|p1a: Birb Up|15/100
|-enditem|p1a: Birb Up|Sitrus Berry|[eat]
|-heal|p1a: Birb Up|40/100|[from] item: Sitrus Berry
|move|p1a: Birb Up|Weather Ball|p2a: Lycanroc
|-supereffective|p2a: Lycanroc|1
|-enditem|p2a: Lycanroc|Focus Sash
|-damage|p2a: Lycanroc|1/100
|
|-weather|RainDance|[upkeep]
|upkeep
|turn|6
|
|t:|1785596394
|move|p2a: Lycanroc|Accelerock|p1a: Birb Up
|-supereffective|p1a: Birb Up|1
|-damage|p1a: Birb Up|0 fnt
|faint|p1a: Birb Up
|
|win|ispoke2soon
||ispoke2soon is ready for game 3.
||joethefenix is ready for game 3.
|uhtml|next|Next: Game 3 of 3
|l|☆ispoke2soon
|player|p2|
