|j|☆IkeFAR
|j|☆ZephyrYona
|html|IkeFARZephyrYona    
|uhtml|bestof|Game 2 of a best-of-3
|t:|1784676816
|gametype|doubles
|player|p1|IkeFAR|steven|
|player|p2|ZephyrYona|falkner|
|gen|9
|tier|[Gen 9 Champions] VGC 2026 Reg M-B (Bo3)
|rule|Species Clause: Limit one of each Pokémon
|rule|Item Clause: Limit 1 of each item
|clearpoke
|poke|p1|Floette-Eternal, L50, F|
|poke|p1|Charizard, L50, M|
|poke|p1|Kingambit, L50, M|
|poke|p1|Whimsicott, L50, F|
|poke|p1|Basculegion, L50, M|
|poke|p1|Garchomp, L50, F|
|poke|p2|Staraptor, L50, F, shiny|
|poke|p2|Milotic, L50, F|
|poke|p2|Excadrill, L50, F|
|poke|p2|Sinistcha, L50|
|poke|p2|Tyranitar, L50, F, shiny|
|poke|p2|Gholdengo, L50|
|teampreview|4
|showteam|p1|Floette-Eternal||Floettite|FlowerVeil|LightofRuin,Moonblast,DazzlingGleam,Protect|Timid||F|||50|]Charizard||CharizarditeY|Blaze|SolarBeam,HeatWave,WeatherBall,Protect|Timid||M|||50|]Kingambit||BlackGlasses|Defiant|IronHead,Protect,KowtowCleave,SuckerPunch|Adamant||M|||50|]Whimsicott||FocusSash|Prankster|Moonblast,Tailwind,Encore,Protect|Timid||F|||50|]Basculegion||MysticWater|Adaptability|WaveCrash,Protect,LastRespects,AquaJet|Adamant||M|||50|]Garchomp||LifeOrb|RoughSkin|Earthquake,RockSlide,Protect,DragonClaw|Jolly||F|||50|
|showteam|p2|Staraptor||Staraptite|Intimidate|CloseCombat,BraveBird,Tailwind,Protect|Jolly||F|||50|]Milotic||SitrusBerry|Competitive|Scald,IcyWind,Haze,Protect|Serious||F|||50|]Excadrill||FocusSash|SandRush|IronHead,Earthquake,RockSlide,Protect|Jolly||F|||50|]Sinistcha||KasibBerry|Hospitality|MatchaGotcha,RagePowder,ShadowBall,Protect|Bold|||||50|]Tyranitar||Tyranitarite|SandStream|RockSlide,KnockOff,Protect,HighHorsepower|Serious||F|||50|]Gholdengo||LifeOrb|GoodasGold|MakeItRain,ShadowBall,NastyPlot,Protect|Modest|||||50|
|j| FBISurveillanceMan
|j| the gong lady
|c| FBISurveillanceMan|I think you both traded winning positions like
|c| FBISurveillanceMan|four turns in a row
|c| the gong lady|yona don't forget you have nasty plot too....
|c| FBISurveillanceMan|set up is for nerds
|
|t:|1784676856
|teamsize|p1|4
|teamsize|p2|4
|start
|switch|p1a: Charizard|Charizard, L50, M|100/100
|switch|p1b: Whimsicott|Whimsicott, L50, F|100/100
|switch|p2a: Gholdengo|Gholdengo, L50|100/100
|switch|p2b: Falkner|Staraptor, L50, F, shiny|100/100
|-ability|p2b: Falkner|Intimidate|boost
|-unboost|p1a: Charizard|atk|1
|-unboost|p1b: Whimsicott|atk|1
|turn|1
|c| the gong lady|triple mega setup player....
|c| the gong lady|insane work
|c| FBISurveillanceMan|the set up moves there are bait
|c| FBISurveillanceMan|I never click them
|
|t:|1784676888
|switch|p2b: Milotic|Milotic, L50, F|100/100
|detailschange|p1a: Charizard|Charizard-Mega-Y, L50, M
|-mega|p1a: Charizard|Charizard|Charizardite Y
|-weather|SunnyDay|[from] ability: Drought|[of] p1a: Charizard
|move|p2a: Gholdengo|Protect|p2a: Gholdengo
|-singleturn|p2a: Gholdengo|Protect
|move|p1b: Whimsicott|Tailwind|p1b: Whimsicott
|-sidestart|p1: IkeFAR|move: Tailwind
|move|p1a: Charizard|Heat Wave|p2a: Gholdengo|[spread] p2b
|-activate|p2a: Gholdengo|move: Protect
|-resisted|p2b: Milotic|1
|-damage|p2b: Milotic|74/100
|
|-weather|SunnyDay|[upkeep]
|upkeep
|turn|2
|
|t:|1784676906
|switch|p1b: Gabe|Basculegion, L50, M|100/100
|switch|p1a: Kingambit|Kingambit, L50, M|100/100
|switch|p2a: Achi|Tyranitar, L50, F, shiny|100/100
|-weather|Sandstorm|[from] ability: Sand Stream|[of] p2a: Achi
|move|p2b: Milotic|Icy Wind|p1a: Kingambit|[spread] p1a,p1b
|-resisted|p1a: Kingambit|1
|-resisted|p1b: Gabe|1
|-damage|p1a: Kingambit|95/100
|-damage|p1b: Gabe|93/100
|-unboost|p1a: Kingambit|spe|1
|-ability|p1a: Kingambit|Defiant|boost
|-boost|p1a: Kingambit|atk|2
|-unboost|p1b: Gabe|spe|1
|
|-weather|Sandstorm|[upkeep]
|-damage|p1b: Gabe|87/100|[from] Sandstorm
|-damage|p2b: Milotic|68/100|[from] Sandstorm
|upkeep
|turn|3
|c| FBISurveillanceMan|W bait
|c| FBISurveillanceMan|kingambit MIGHT be an issue
|c| the gong lady|it's fiiine
|
|t:|1784676985
|detailschange|p2a: Achi|Tyranitar-Mega, L50, F, shiny
|-mega|p2a: Achi|Tyranitar|Tyranitarite
|move|p1b: Gabe|Wave Crash|p2a: Achi
|-supereffective|p2a: Achi|1
|-damage|p2a: Achi|0 fnt
|faint|p2a: Achi
|-damage|p1b: Gabe|55/100|[from] Recoil
|move|p2b: Milotic|Haze|p2b: Milotic
|-clearallboost
|move|p1a: Kingambit|Kowtow Cleave|p2b: Milotic
|-damage|p2b: Milotic|8/100
|-enditem|p2b: Milotic|Sitrus Berry|[eat]
|-heal|p2b: Milotic|33/100|[from] item: Sitrus Berry
|
|-weather|Sandstorm|[upkeep]
|-damage|p1b: Gabe|49/100|[from] Sandstorm
|-damage|p2b: Milotic|27/100|[from] Sandstorm
|upkeep
|c| FBISurveillanceMan|oh its W techs
|
|t:|1784677000
|switch|p2a: Falkner|Staraptor, L50, F, shiny|100/100
|-ability|p2a: Falkner|Intimidate|boost
|-unboost|p1a: Kingambit|atk|1
|-ability|p1a: Kingambit|Defiant|boost
|-boost|p1a: Kingambit|atk|2
|-unboost|p1b: Gabe|atk|1
|turn|4
|
|t:|1784677011
|move|p2a: Falkner|Protect|p2a: Falkner
|-singleturn|p2a: Falkner|Protect
|move|p1a: Kingambit|Protect|p1a: Kingambit
|-singleturn|p1a: Kingambit|Protect
|move|p2b: Milotic|Protect|p2b: Milotic
|-singleturn|p2b: Milotic|Protect
|move|p1b: Gabe|Last Respects|p2b: Milotic
|-activate|p2b: Milotic|move: Protect
|
|-weather|Sandstorm|[upkeep]
|-damage|p1b: Gabe|43/100|[from] Sandstorm
|-damage|p2a: Falkner|94/100|[from] Sandstorm
|-damage|p2b: Milotic|22/100|[from] Sandstorm
|-sideend|p1: IkeFAR|move: Tailwind
|upkeep
|turn|5
|
|t:|1784677038
|move|p2a: Falkner|Close Combat|p1a: Kingambit
|-supereffective|p1a: Kingambit|2
|-damage|p1a: Kingambit|0 fnt
|-unboost|p2a: Falkner|def|1
|-unboost|p2a: Falkner|spd|1
|faint|p1a: Kingambit
|move|p1b: Gabe|Last Respects|p2b: Milotic
|-damage|p2b: Milotic|0 fnt
|faint|p2b: Milotic
|
|-weather|Sandstorm|[upkeep]
|-damage|p2a: Falkner|88/100|[from] Sandstorm
|-damage|p1b: Gabe|36/100|[from] Sandstorm
|upkeep
|
|t:|1784677050
|switch|p2b: Gholdengo|Gholdengo, L50|100/100
|switch|p1a: Whimsicott|Whimsicott, L50, F|100/100
|turn|6
|c| FBISurveillanceMan|i think zard may have this
|c| FBISurveillanceMan|sneasking suspicion
|c| the gong lady|zard is a chud
|
|t:|1784677068
|move|p1b: Gabe|Protect|p1b: Gabe
|-singleturn|p1b: Gabe|Protect
|move|p1a: Whimsicott|Tailwind|p1a: Whimsicott
|-sidestart|p1: IkeFAR|move: Tailwind
|move|p2a: Falkner|Tailwind|p2a: Falkner
|-sidestart|p2: ZephyrYona|move: Tailwind
|move|p2b: Gholdengo|Nasty Plot|p2b: Gholdengo
|-boost|p2b: Gholdengo|spa|2
|
|-weather|none
|upkeep
|turn|7
|c|☆IkeFAR|sorry yona
|
|t:|1784677084
|move|p1a: Whimsicott|Encore|p2a: Falkner
|-start|p2a: Falkner|Encore
|move|p2a: Falkner|Tailwind||[still]
|-fail|p2a: Falkner
|move|p1b: Gabe|Last Respects|p2b: Gholdengo
|-supereffective|p2b: Gholdengo|1
|-damage|p2b: Gholdengo|17/100
|move|p2b: Gholdengo|Shadow Ball|p1b: Gabe
|-supereffective|p1b: Gabe|1
|-damage|p1b: Gabe|0 fnt
|faint|p1b: Gabe
|-damage|p2b: Gholdengo|7/100|[from] item: Life Orb
|
|upkeep
|
|t:|1784677092
|switch|p1b: Charizard|Charizard-Mega-Y, L50, M|100/100
|-weather|SunnyDay|[from] ability: Drought|[of] p1b: Charizard
|turn|8
|c| FBISurveillanceMan|so proud to see you click encore
|c|☆IkeFAR|i learned
|
|t:|1784677112
|move|p2b: Gholdengo|Protect|p2b: Gholdengo
|-singleturn|p2b: Gholdengo|Protect
|move|p1a: Whimsicott|Moonblast|p2a: Falkner
|-damage|p2a: Falkner|12/100
|move|p2a: Falkner|Tailwind||[still]
|-fail|p2a: Falkner
|move|p1b: Charizard|Weather Ball|p2b: Gholdengo
|-activate|p2b: Gholdengo|move: Protect
|
|-weather|SunnyDay|[upkeep]
|upkeep
|turn|9
|
|t:|1784677126
|move|p1a: Whimsicott|Moonblast|p2a: Falkner
|-damage|p2a: Falkner|0 fnt
|faint|p2a: Falkner
|move|p1b: Charizard|Weather Ball|p2b: Gholdengo
|-supereffective|p2b: Gholdengo|1
|-damage|p2b: Gholdengo|0 fnt
|faint|p2b: Gholdengo
|
|win|IkeFAR
||IkeFAR is ready for game 3.
||ZephyrYona is ready for game 3.
|uhtml|next|Next: Game 3 of 3
