|j|☆Mythic's Shadow
|j|☆jeffthebum
|html|Mythic's Shadowjeffthebum    
|uhtml|bestof|Game 3 of a best-of-3
|t:|1756919125
|gametype|doubles
|player|p1|Mythic's Shadow|swimmer-gen4|
|player|p2|jeffthebum|102|
|gen|9
|tier|[Gen 9] VGC 2025 Reg H (Bo3)
|rule|Species Clause: Limit one of each Pokémon
|rule|Item Clause: Limit 1 of each item
|clearpoke
|poke|p1|Gothitelle, L50, F|
|poke|p1|Rillaboom, L50, F|
|poke|p1|Azumarill, L50, F|
|poke|p1|Flamigo, L50, F|
|poke|p1|Dondozo, L50, M|
|poke|p1|Tatsugiri, L50, M|
|poke|p2|Breloom, L50, F|
|poke|p2|Slowbro-Galar, L50, M|
|poke|p2|Gardevoir, L50, F|
|poke|p2|Kilowattrel, L50, M|
|poke|p2|Indeedee-F, L50, F|
|poke|p2|Incineroar, L50, M|
|teampreview|4
|showteam|p1|Gothitelle||SitrusBerry|ShadowTag|Protect,Imprison,TrickRoom,Psyshock|||F|||50|,,,,,Dark]Rillaboom||AssaultVest|GrassySurge|FakeOut,GrassyGlide,KnockOff,Uturn|||F|||50|,,,,,Water]Azumarill||LifeOrb|HugePower|Protect,PerishSong,AquaJet,Liquidation|||F|||50|,,,,,Water]Flamigo||FocusSash|Costar|Protect,Tailwind,DualWingbeat,CloseCombat|||F|||50|,,,,,Stellar]Dondozo||Leftovers|Oblivious|Protect,WaveCrash,OrderUp,HeavySlam|||M|||50|,,,,,Steel]Tatsugiri||PsychicSeed|Commander|Protect,IcyWind,Taunt,HydroPump|||M|||50|,,,,,Ghost
|showteam|p2|Breloom||LoadedDice|Technician|CloseCombat,BulletSeed,Spore,Protect|||F|||50|,,,,,Grass]Slowbro-Galar||SitrusBerry|Regenerator|Haze,ShellSideArm,ExpandingForce,MuddyWater|||M|||50|,,,,,Dragon]Gardevoir||ChoiceScarf|Trace|Trick,ExpandingForce,DazzlingGleam,Thunderbolt|||F|||50|,,,,,Psychic]Kilowattrel||CovertCloak|WindPower|Tailwind,VoltSwitch,Thunderbolt,AirSlash|||M|||50|,,,,,Electric]Indeedee-F||RedCard|PsychicSurge|FollowMe,HealPulse,HelpingHand,HealingWish|||F|||50|,,,,,Fairy]Incineroar||PasshoBerry|Intimidate|FlareBlitz,KnockOff,Protect,WillOWisp|||M|||50|,,,,,Water
|inactive|Battle timer is ON: inactive players will automatically lose when time's up. (requested by Mythic's Shadow)
|inactive|jeffthebum has 60 seconds left.
|inactive|jeffthebum has 30 seconds left.
|
|t:|1756919190
|teamsize|p1|4
|teamsize|p2|4
|start
|switch|p1a: Gothitelle|Gothitelle, L50, F|100/100
|switch|p1b: Azumarill|Azumarill, L50, F|100/100
|switch|p2a: Breloom|Breloom, L50, F|100/100
|switch|p2b: Gardevoir|Gardevoir, L50, F|100/100
|-ability|p2b: Gardevoir|Huge Power|Trace|[from] ability: Trace|[of] p1b: Azumarill
|turn|1
|inactive|Mythic's Shadow has 30 seconds left.
|inactive|jeffthebum has 30 seconds left.
|inactive|Mythic's Shadow has 20 seconds left.
|
|t:|1756919226
|switch|p1b: Rillaboom|Rillaboom, L50, F|100/100
|-fieldstart|move: Grassy Terrain|[from] ability: Grassy Surge|[of] p1b: Rillaboom
|move|p1a: Gothitelle|Protect|p1a: Gothitelle
|-singleturn|p1a: Gothitelle|Protect
|move|p2b: Gardevoir|Thunderbolt|p1b: Rillaboom
|-resisted|p1b: Rillaboom
|-damage|p1b: Rillaboom|87/100
|move|p2a: Breloom|Bullet Seed|p1a: Gothitelle
|-activate|p1a: Gothitelle|move: Protect
|
|-heal|p1b: Rillaboom|93/100|[from] Grassy Terrain
|upkeep
|turn|2
|inactive|jeffthebum has 30 seconds left.
|
|t:|1756919251
|move|p2a: Breloom|Protect|p2a: Breloom
|-singleturn|p2a: Breloom|Protect
|move|p1b: Rillaboom|Fake Out|p2a: Breloom
|-activate|p2a: Breloom|move: Protect
|move|p2b: Gardevoir|Thunderbolt|p1a: Gothitelle
|-damage|p1a: Gothitelle|76/100
|move|p1a: Gothitelle|Trick Room|p1a: Gothitelle
|-fieldstart|move: Trick Room|[of] p1a: Gothitelle
|
|-heal|p1a: Gothitelle|82/100|[from] Grassy Terrain
|-heal|p1b: Rillaboom|99/100|[from] Grassy Terrain
|upkeep
|turn|3
|inactive|jeffthebum has 30 seconds left.
|inactive|jeffthebum has 20 seconds left.
|inactive|jeffthebum has 15 seconds left.
|inactive|jeffthebum has 10 seconds left.
|
|t:|1756919298
|move|p1a: Gothitelle|Protect|p1a: Gothitelle
|-singleturn|p1a: Gothitelle|Protect
|move|p1b: Rillaboom|Knock Off|p2a: Breloom
|-resisted|p2a: Breloom
|-damage|p2a: Breloom|73/100
|-enditem|p2a: Breloom|Loaded Dice|[from] move: Knock Off|[of] p1b: Rillaboom
|move|p2a: Breloom|Bullet Seed|p1a: Gothitelle
|-activate|p1a: Gothitelle|move: Protect
|move|p2b: Gardevoir|Thunderbolt|p1a: Gothitelle
|-activate|p1a: Gothitelle|move: Protect
|
|-heal|p1a: Gothitelle|89/100|[from] Grassy Terrain
|-heal|p1b: Rillaboom|100/100|[from] Grassy Terrain
|-heal|p2a: Breloom|79/100|[from] Grassy Terrain
|upkeep
|turn|4
|inactive|Mythic's Shadow has 30 seconds left.
|
|t:|1756919325
|move|p1a: Gothitelle|Psyshock|p2a: Breloom
|-supereffective|p2a: Breloom
|-damage|p2a: Breloom|0 fnt
|faint|p2a: Breloom
|move|p1b: Rillaboom|U-turn|p2b: Gardevoir
|-damage|p2b: Gardevoir|54/100
|
|t:|1756919335
|switch|p1b: Azumarill|Azumarill, L50, F|100/100|[from] U-turn
|move|p2b: Gardevoir|Thunderbolt|p1a: Gothitelle
|-damage|p1a: Gothitelle|65/100
|
|-heal|p1a: Gothitelle|71/100|[from] Grassy Terrain
|-heal|p2b: Gardevoir|60/100|[from] Grassy Terrain
|upkeep
|
|t:|1756919352
|switch|p2a: Indeedee|Indeedee-F, L50, F|100/100
|-fieldstart|move: Psychic Terrain|[from] ability: Psychic Surge|[of] p2a: Indeedee
|turn|5
|
|t:|1756919370
|switch|p1b: Rillaboom|Rillaboom, L50, F|100/100
|-fieldstart|move: Grassy Terrain|[from] ability: Grassy Surge|[of] p1b: Rillaboom
|move|p1a: Gothitelle|Protect|p1a: Gothitelle
|-singleturn|p1a: Gothitelle|Protect
|move|p2a: Indeedee|Follow Me|p2a: Indeedee
|-singleturn|p2a: Indeedee|move: Follow Me
|move|p2b: Gardevoir|Thunderbolt|p1b: Rillaboom
|-resisted|p1b: Rillaboom
|-damage|p1b: Rillaboom|86/100
|
|-heal|p1a: Gothitelle|77/100|[from] Grassy Terrain
|-heal|p1b: Rillaboom|92/100|[from] Grassy Terrain
|-heal|p2b: Gardevoir|66/100|[from] Grassy Terrain
|upkeep
|turn|6
|inactive|Mythic's Shadow has 30 seconds left.
|inactive|jeffthebum has 30 seconds left.
|
|t:|1756919404
|move|p2a: Indeedee|Follow Me|p2a: Indeedee
|-singleturn|p2a: Indeedee|move: Follow Me
|move|p1a: Gothitelle|Psyshock|p2a: Indeedee
|-resisted|p2a: Indeedee
|-damage|p2a: Indeedee|88/100
|-enditem|p2a: Indeedee|Red Card|[of] p1a: Gothitelle
|drag|p1a: Flamigo|Flamigo, L50, F|100/100
|-copyboost|p1a: Flamigo|p1b: Rillaboom|[from] ability: Costar
|move|p1b: Rillaboom|Knock Off|p2a: Indeedee
|-supereffective|p2a: Indeedee
|-damage|p2a: Indeedee|42/100
|move|p2b: Gardevoir|Thunderbolt|p1a: Flamigo
|-supereffective|p1a: Flamigo
|-enditem|p1a: Flamigo|Focus Sash
|-damage|p1a: Flamigo|1/100
|
|-heal|p1b: Rillaboom|98/100|[from] Grassy Terrain
|-heal|p2a: Indeedee|49/100|[from] Grassy Terrain
|-heal|p2b: Gardevoir|71/100|[from] Grassy Terrain
|-fieldend|move: Trick Room
|upkeep
|turn|7
|inactive|jeffthebum has 30 seconds left.
|inactive|jeffthebum has 20 seconds left.
|inactive|jeffthebum has 15 seconds left.
|inactive|jeffthebum has 10 seconds left.
|inactive|jeffthebum has 5 seconds left.
|
|t:|1756919459
|switch|p2b: Kilowattrel|Kilowattrel, L50, M|100/100
|move|p1a: Flamigo|Protect|p1a: Flamigo
|-singleturn|p1a: Flamigo|Protect
|move|p2a: Indeedee|Heal Pulse|p2b: Kilowattrel
|-fail|p2b: Kilowattrel|heal
|move|p1b: Rillaboom|U-turn|p2a: Indeedee
|-supereffective|p2a: Indeedee
|-damage|p2a: Indeedee|0 fnt
|faint|p2a: Indeedee
|
|t:|1756919475
|switch|p1b: Azumarill|Azumarill, L50, F|100/100|[from] U-turn
|
|upkeep
|
|t:|1756919477
|switch|p2a: Gardevoir|Gardevoir, L50, F|71/100
|-ability|p2a: Gardevoir|Costar|Trace|[from] ability: Trace|[of] p1a: Flamigo
|-copyboost|p2a: Gardevoir|p2b: Kilowattrel|[from] ability: Costar
|turn|8
|inactive|jeffthebum has 30 seconds left.
|inactive|jeffthebum has 20 seconds left.
|
|t:|1756919513
|switch|p1a: Rillaboom|Rillaboom, L50, F|98/100
|-terastallize|p2b: Kilowattrel|Electric
|move|p1b: Azumarill|Protect|p1b: Azumarill
|-singleturn|p1b: Azumarill|Protect
|move|p2a: Gardevoir|Dazzling Gleam|p1b: Azumarill|[spread] p1a
|-activate|p1b: Azumarill|move: Protect
|-damage|p1a: Rillaboom|70/100
|move|p2b: Kilowattrel|Thunderbolt|p1b: Azumarill
|-activate|p1b: Azumarill|move: Protect
|
|-heal|p2a: Gardevoir|77/100|[from] Grassy Terrain
|-heal|p1a: Rillaboom|75/100|[from] Grassy Terrain
|upkeep
|turn|9
|inactive|Mythic's Shadow has 30 seconds left.
|inactive|Mythic's Shadow has 20 seconds left.
|inactive|Mythic's Shadow has 15 seconds left.
|inactive|Mythic's Shadow has 10 seconds left.
|
|t:|1756919560
|move|p1a: Rillaboom|Fake Out|p2a: Gardevoir
|-damage|p2a: Gardevoir|49/100
|move|p1b: Azumarill|Aqua Jet|p2a: Gardevoir
|-damage|p2a: Gardevoir|0 fnt
|faint|p2a: Gardevoir
|-damage|p1b: Azumarill|91/100|[from] item: Life Orb
|move|p2b: Kilowattrel|Thunderbolt|p1b: Azumarill
|-supereffective|p1b: Azumarill
|-damage|p1b: Azumarill|0 fnt
|faint|p1b: Azumarill
|
|-heal|p1a: Rillaboom|81/100|[from] Grassy Terrain
|-fieldend|move: Grassy Terrain
|upkeep
|
|t:|1756919574
|switch|p1b: Flamigo|Flamigo, L50, F|1/100
|-copyboost|p1b: Flamigo|p1a: Rillaboom|[from] ability: Costar
|turn|10
|inactive|jeffthebum has 30 seconds left.
|inactive|jeffthebum has 20 seconds left.
|
|t:|1756919619
|switch|p1a: Gothitelle|Gothitelle, L50, F|77/100
|move|p2b: Kilowattrel|Air Slash|p1a: Gothitelle
|-damage|p1a: Gothitelle|52/100
|move|p1b: Flamigo|Tailwind|p1b: Flamigo
|-sidestart|p1: Mythic's Shadow|move: Tailwind
|
|upkeep
|turn|11
|inactive|jeffthebum has 30 seconds left.
|
|t:|1756919647
|-terastallize|p1b: Flamigo|Stellar
|move|p1b: Flamigo|Close Combat|p2b: Kilowattrel
|-damage|p2b: Kilowattrel|0 fnt
|-unboost|p1b: Flamigo|def|1
|-unboost|p1b: Flamigo|spd|1
|faint|p2b: Kilowattrel
|
|win|Mythic's Shadow
