|j|☆eastyliam67
|j|☆Yei_Lai
|html|eastyliam67Yei_Lai    
|uhtml|bestof|Game 1 of a best-of-3
|t:|1785328932
|gametype|doubles
|player|p1|eastyliam67|unknownf|
|player|p2|Yei_Lai|170|
|gen|9
|tier|[Gen 9 Champions] VGC 2026 Reg M-B (Bo3)
|rule|Species Clause: Limit one of each Pokémon
|rule|Item Clause: Limit 1 of each item
|clearpoke
|poke|p1|Charizard, L50, F|
|poke|p1|Garchomp, L50, F|
|poke|p1|Whimsicott, L50, F|
|poke|p1|Basculegion, L50, M|
|poke|p1|Floette-Eternal, L50, F|
|poke|p1|Kingambit, L50, M|
|poke|p2|Staraptor, L50, M|
|poke|p2|Arcanine-Hisui, L50, F|
|poke|p2|Kingambit, L50, F|
|poke|p2|Raichu, L50, F|
|poke|p2|Farigiraf, L50, F|
|poke|p2|Sylveon, L50, M|
|teampreview|4
|showteam|p1|Charizard||CharizarditeY|Blaze|HeatWave,SolarBeam,WeatherBall,Protect|Modest||F|||50|]Garchomp||LifeOrb|RoughSkin|DragonClaw,StompingTantrum,RockSlide,Protect|Jolly||F|||50|]Whimsicott||FocusSash|Prankster|Moonblast,Tailwind,Encore,Protect|Timid||F|||50|]Basculegion||MysticWater|Adaptability|WaveCrash,AquaJet,Protect,LastRespects|Adamant||M|||50|]Floette-Eternal||Floettite|FlowerVeil|Moonblast,DazzlingGleam,LightofRuin,Protect|Modest||F|||50|]Kingambit||ChopleBerry|Defiant|KowtowCleave,LowKick,SuckerPunch,IronHead|Adamant||M|||50|
|showteam|p2|Staraptor||Staraptite|Intimidate|DualWingbeat,CloseCombat,Tailwind,Protect|Jolly||M|||50|]Arcanine-Hisui||FocusSash|RockHead|FlareBlitz,HeadSmash,ExtremeSpeed,Protect|Jolly||F|||50|]Kingambit||LifeOrb|Defiant|KowtowCleave,SuckerPunch,SwordsDance,Protect|Adamant||F|||50|]Raichu||RaichuniteY|LightningRod|ZapCannon,FocusBlast,FakeOut,Protect|Timid||F|||50|]Farigiraf||ColburBerry|ArmorTail|TrickRoom,HelpingHand,Psychic,Protect|Modest||F|||50|]Sylveon||FairyFeather|Pixilate|Protect,HyperVoice,HyperBeam,QuickAttack|Modest||M|||50|
|j| huanyu0.0
|
|t:|1785329095
|teamsize|p1|4
|teamsize|p2|4
|start
|switch|p1a: Whimsicott|Whimsicott, L50, F|100/100
|switch|p1b: Kingambit|Kingambit, L50, M|100/100
|switch|p2a: Arcanine|Arcanine-Hisui, L50, F|100/100
|switch|p2b: Sylveon|Sylveon, L50, M|100/100
|turn|1
|
|t:|1785329135
|move|p2b: Sylveon|Protect|p2b: Sylveon
|-singleturn|p2b: Sylveon|Protect
|move|p1b: Kingambit|Sucker Punch|p2a: Arcanine
|-damage|p2a: Arcanine|47/100
|move|p1a: Whimsicott|Moonblast|p2b: Sylveon
|-activate|p2b: Sylveon|move: Protect
|move|p2a: Arcanine|Flare Blitz|p1b: Kingambit
|-supereffective|p1b: Kingambit|1
|-damage|p1b: Kingambit|10/100
|
|upkeep
|turn|2
|l| huanyu0.0
|
|t:|1785329155
|move|p1a: Whimsicott|Encore|p2b: Sylveon
|-start|p2b: Sylveon|Encore
|move|p2b: Sylveon|Protect||[still]
|-fail|p2b: Sylveon
|move|p1b: Kingambit|Sucker Punch|p2a: Arcanine
|-damage|p2a: Arcanine|0 fnt
|faint|p2a: Arcanine
|
|upkeep
|
|t:|1785329175
|switch|p2a: Kingambit|Kingambit, L50, F|100/100
|turn|3
|c|☆Yei_Lai|小尷尬
|
|t:|1785329207
|switch|p2b: Raichu|Raichu, L50, F|100/100
|move|p2a: Kingambit|Sucker Punch|p1b: Kingambit
|-resisted|p1b: Kingambit|1
|-damage|p1b: Kingambit|0 fnt
|faint|p1b: Kingambit
|-damage|p2a: Kingambit|90/100|[from] item: Life Orb
|move|p1a: Whimsicott|Moonblast|p2b: Raichu
|-damage|p2b: Raichu|50/100g
|
|upkeep
|
|t:|1785329226
|switch|p1b: Floette|Floette-Eternal, L50, F|100/100
|turn|4
|
|t:|1785329240
|detailschange|p2b: Raichu|Raichu-Mega-Y, L50, F
|-mega|p2b: Raichu|Raichu|Raichunite Y
|detailschange|p1b: Floette|Floette-Mega, L50, F
|-mega|p1b: Floette|Floette|Floettite
|-ability|p1b: Floette|Fairy Aura
|move|p1a: Whimsicott|Tailwind|p1a: Whimsicott
|-sidestart|p1: eastyliam67|move: Tailwind
|move|p2a: Kingambit|Sucker Punch|p1b: Floette
|-resisted|p1b: Floette|1
|-damage|p1b: Floette|71/100
|-damage|p2a: Kingambit|80/100|[from] item: Life Orb
|move|p1b: Floette|Dazzling Gleam|p2a: Kingambit|[spread] p2a,p2b
|-damage|p2a: Kingambit|30/100
|-damage|p2b: Raichu|0 fnt
|faint|p2b: Raichu
|
|upkeep
|
|t:|1785329253
|switch|p2b: Sylveon|Sylveon, L50, M|100/100
|turn|5
|
|t:|1785329290
|move|p2a: Kingambit|Protect|p2a: Kingambit
|-singleturn|p2a: Kingambit|Protect
|move|p1a: Whimsicott|Moonblast|p2b: Sylveon
|-damage|p2b: Sylveon|62/100
|move|p1b: Floette|Dazzling Gleam|p2b: Sylveon|[spread] p2b
|-activate|p2a: Kingambit|move: Protect
|-damage|p2b: Sylveon|21/100
|move|p2b: Sylveon|Hyper Voice|p1a: Whimsicott|[spread] p1a,p1b
|-enditem|p1a: Whimsicott|Focus Sash
|-damage|p1a: Whimsicott|1/100
|-damage|p1b: Floette|22/100
|
|upkeep
|turn|6
|
|t:|1785329339
|move|p1b: Floette|Protect|p1b: Floette
|-singleturn|p1b: Floette|Protect
|move|p1a: Whimsicott|Encore|p2b: Sylveon
|-start|p2b: Sylveon|Encore
|move|p2a: Kingambit|Sucker Punch||[still]
|-fail|p2a: Kingambit
|move|p2b: Sylveon|Hyper Voice|p1b: Floette|[spread] p1a
|-activate|p1b: Floette|move: Protect
|-damage|p1a: Whimsicott|0 fnt
|faint|p1a: Whimsicott
|
|upkeep
|
|t:|1785329341
|switch|p1a: Garchomp|Garchomp, L50, F|100/100
|turn|7
|
|t:|1785329358
|move|p2a: Kingambit|Sucker Punch|p1b: Floette
|-resisted|p1b: Floette|1
|-damage|p1b: Floette|0 fnt
|faint|p1b: Floette
|-damage|p2a: Kingambit|21/100|[from] item: Life Orb
|move|p1a: Garchomp|Stomping Tantrum|p2b: Sylveon
|-damage|p2b: Sylveon|0 fnt
|faint|p2b: Sylveon
|-damage|p1a: Garchomp|90/100|[from] item: Life Orb
|
|-sideend|p1: eastyliam67|move: Tailwind
|upkeep
|turn|8
|
|t:|1785329370
|move|p2a: Kingambit|Sucker Punch|p1a: Garchomp
|-crit|p1a: Garchomp
|-damage|p1a: Garchomp|15/100
|-damage|p2a: Kingambit|9/100|[from] ability: Rough Skin|[of] p1a: Garchomp
|-damage|p2a: Kingambit|0 fnt|[from] item: Life Orb
|faint|p2a: Kingambit
|
|win|eastyliam67
||Yei_Lai is ready for game 2.
||eastyliam67 is ready for game 2.
|uhtml|next|Next: Game 2 of 3
|j| 0oBRUNCHo0
|l| 0oBRUNCHo0
|j| 0oBRUNCHo0
|j| qaz8787
|l| 0oBRUNCHo0
|j| 0oBRUNCHo0
|l| 0oBRUNCHo0
|j| 0oBRUNCHo0
|l| 0oBRUNCHo0
|j| 0oBRUNCHo0
|l| 0oBRUNCHo0
