|j|☆CyanMepuru
|j|☆Keeper08
|html|CyanMepuruKeeper08    
|uhtml|bestof|Game 1 of a best-of-3
|t:|1757851316
|gametype|doubles
|player|p1|CyanMepuru|juan|1073
|player|p2|Keeper08|lance|1107
|gen|9
|tier|[Gen 9] VGC 2025 Reg H (Bo3)
|rated|
|rule|Species Clause: Limit one of each Pokémon
|rule|Item Clause: Limit 1 of each item
|clearpoke
|poke|p1|Tatsugiri, L50, F|
|poke|p1|Dondozo, L50, M|
|poke|p1|Incineroar, L50, M|
|poke|p1|Rillaboom, L50, F|
|poke|p1|Sneasler, L50, F|
|poke|p1|Raichu, L50, F|
|poke|p2|Dusclops, L50, F|
|poke|p2|Hydreigon, L50, F|
|poke|p2|Rillaboom, L50, F|
|poke|p2|Klefki, L50, M|
|poke|p2|Electivire, L50, F|
|poke|p2|Volcarona, L50, M|
|teampreview|4
|showteam|p1|Tatsugiri||EjectPack|Commander|DracoMeteor,MirrorCoat,MuddyWater,IcyWind|||F|||50|,,,,,Dragon]Dondozo||Leftovers|Oblivious|Protect,OrderUp,Earthquake,RockSlide|||M|||50|,,,,,Dragon]Incineroar||CovertCloak|Intimidate|FakeOut,KnockOff,PartingShot,Protect|||M|||50|,,,,,Fire]Rillaboom||LifeOrb|GrassySurge|GrassyGlide,FakeOut,HighHorsepower,Protect|||F|||50|,,,,,Grass]Sneasler||GrassySeed|Unburden|FakeOut,DireClaw,CloseCombat,Protect|||F|||50|,,,,,Dark]Raichu||AssaultVest|LightningRod|Nuzzle,VoltSwitch,FakeOut,Endeavor|||F|||50|,,,,,Fairy
|showteam|p2|Dusclops||Eviolite|Pressure|NightShade,Protect,IcyWind,WillOWisp|||F|||50|,,,,,Normal]Hydreigon||CovertCloak|Levitate|DracoMeteor,Snarl,Tailwind,DarkPulse|||F|||50|,,,,,Poison]Rillaboom||AssaultVest|GrassySurge|FakeOut,WoodHammer,GrassyGlide,HighHorsepower|||F|||50|,,,,,Ground]Klefki||Leftovers|Prankster|LightScreen,Reflect,ThunderWave,DazzlingGleam|||M|||50|,,,,,Water]Electivire||ChoiceBand|VitalSpirit|SupercellSlam,IcePunch,KnockOff,LowKick|||F|||50|,,,,,Flying]Volcarona||SitrusBerry|FlameBody|HeatWave,BugBuzz,QuiverDance,Protect|||M|||50|,,,,,Water
|inactive|Battle timer is ON: inactive players will automatically lose when time's up. (requested by CyanMepuru)
|inactive|Keeper08 has 60 seconds left.
|
|t:|1757851371
|teamsize|p1|4
|teamsize|p2|4
|start
|switch|p1a: Sneasler|Sneasler, L50, F, shiny|100/100
|switch|p1b: Incineroar|Incineroar, L50, M|100/100
|switch|p2a: Klefki|Klefki, L50, M|100/100
|switch|p2b: Rillaboom|Rillaboom, L50, F, shiny|100/100
|-fieldstart|move: Grassy Terrain|[from] ability: Grassy Surge|[of] p2b: Rillaboom
|-enditem|p1a: Sneasler|Grassy Seed
|-boost|p1a: Sneasler|def|1|[from] item: Grassy Seed
|-ability|p1b: Incineroar|Intimidate|boost
|-unboost|p2a: Klefki|atk|1
|-unboost|p2b: Rillaboom|atk|1
|turn|1
|inactive|CyanMepuru has 30 seconds left.
|inactive|Keeper08 has 30 seconds left.
|inactive|Keeper08 has 20 seconds left.
|inactive|Keeper08 has 15 seconds left.
|inactive|Keeper08 has 10 seconds left.
|
|t:|1757851425
|move|p2b: Rillaboom|Fake Out|p1b: Incineroar
|-damage|p1b: Incineroar|91/100
|move|p1b: Incineroar|Fake Out|p2a: Klefki
|-resisted|p2a: Klefki
|-damage|p2a: Klefki|95/100
|cant|p2a: Klefki|flinch
|move|p1a: Sneasler|Dire Claw|p2b: Rillaboom
|-supereffective|p2b: Rillaboom
|-damage|p2b: Rillaboom|13/100
|-status|p2b: Rillaboom|psn
|
|-heal|p2b: Rillaboom|19/100 psn|[from] Grassy Terrain
|-heal|p2a: Klefki|100/100|[from] Grassy Terrain
|-heal|p1b: Incineroar|97/100|[from] Grassy Terrain
|-damage|p2b: Rillaboom|7/100 psn|[from] psn
|upkeep
|turn|2
|inactive|CyanMepuru has 30 seconds left.
|
|t:|1757851451
|move|p2a: Klefki|Reflect|p2a: Klefki
|-sidestart|p2: Keeper08|Reflect
|move|p1a: Sneasler|Close Combat|p2a: Klefki
|-damage|p2a: Klefki|61/100
|-unboost|p1a: Sneasler|def|1
|-unboost|p1a: Sneasler|spd|1
|move|p2b: Rillaboom|High Horsepower|p1b: Incineroar
|-supereffective|p1b: Incineroar
|-damage|p1b: Incineroar|52/100
|move|p1b: Incineroar|Knock Off|p2a: Klefki
|-resisted|p2a: Klefki
|-damage|p2a: Klefki|50/100
|-enditem|p2a: Klefki|Leftovers|[from] move: Knock Off|[of] p1b: Incineroar
|
|-heal|p2b: Rillaboom|13/100 psn|[from] Grassy Terrain
|-heal|p2a: Klefki|55/100|[from] Grassy Terrain
|-heal|p1b: Incineroar|58/100|[from] Grassy Terrain
|-damage|p2b: Rillaboom|0 fnt|[from] psn
|faint|p2b: Rillaboom
|upkeep
|
|t:|1757851463
|switch|p2b: Volcarona|Volcarona, L50, M, shiny|100/100
|turn|3
|
|t:|1757851474
|move|p1a: Sneasler|Dire Claw|p2b: Volcarona
|-damage|p2b: Volcarona|58/100
|-status|p1a: Sneasler|brn|[from] ability: Flame Body|[of] p2b: Volcarona
|move|p2b: Volcarona|Quiver Dance|p2b: Volcarona
|-boost|p2b: Volcarona|spa|1
|-boost|p2b: Volcarona|spd|1
|-boost|p2b: Volcarona|spe|1
|move|p2a: Klefki|Dazzling Gleam|p1b: Incineroar|[spread] p1a,p1b
|-damage|p1a: Sneasler|70/100 brn
|-damage|p1b: Incineroar|46/100
|move|p1b: Incineroar|Knock Off|p2b: Volcarona
|-damage|p2b: Volcarona|27/100
|-enditem|p2b: Volcarona|Sitrus Berry|[from] move: Knock Off|[of] p1b: Incineroar
|
|-heal|p1a: Sneasler|75/100 brn|[from] Grassy Terrain
|-heal|p2b: Volcarona|32/100|[from] Grassy Terrain
|-heal|p2a: Klefki|61/100|[from] Grassy Terrain
|-heal|p1b: Incineroar|52/100|[from] Grassy Terrain
|-damage|p1a: Sneasler|70/100 brn|[from] brn
|upkeep
|turn|4
|inactive|CyanMepuru has 30 seconds left.
|
|t:|1757851500
|move|p1a: Sneasler|Dire Claw|p2b: Volcarona
|-damage|p2b: Volcarona|13/100
|move|p2b: Volcarona|Heat Wave|p1b: Incineroar|[spread] p1a,p1b
|-resisted|p1b: Incineroar
|-damage|p1a: Sneasler|0 fnt
|-damage|p1b: Incineroar|31/100
|faint|p1a: Sneasler
|move|p2a: Klefki|Dazzling Gleam|p1b: Incineroar
|-damage|p1b: Incineroar|15/100
|move|p1b: Incineroar|Parting Shot|p2b: Volcarona
|-unboost|p2b: Volcarona|atk|1
|-unboost|p2b: Volcarona|spa|1
|
|t:|1757851515
|switch|p1b: Tatsugiri|Tatsugiri, L50, F, shiny|100/100|[from] Parting Shot
|
|-heal|p2b: Volcarona|19/100|[from] Grassy Terrain
|-heal|p2a: Klefki|67/100|[from] Grassy Terrain
|upkeep
|
|t:|1757851522
|switch|p1a: Dondozo|Dondozo, L50, M, shiny|100/100
|-activate|p1b: Tatsugiri|ability: Commander|[of] p1a: Dondozo
|-boost|p1a: Dondozo|atk|2
|-boost|p1a: Dondozo|spa|2
|-boost|p1a: Dondozo|spe|2
|-boost|p1a: Dondozo|def|2
|-boost|p1a: Dondozo|spd|2
|turn|5
|
|t:|1757851539
|-terastallize|p1a: Dondozo|Dragon
|move|p2a: Klefki|Thunder Wave|p1a: Dondozo
|-status|p1a: Dondozo|par
|move|p2b: Volcarona|Bug Buzz|p1a: Dondozo
|-damage|p1a: Dondozo|77/100 par
|move|p1a: Dondozo|Order Up|p2b: Volcarona
|-damage|p2b: Volcarona|0 fnt
|faint|p2b: Volcarona
|-boost|p1a: Dondozo|atk|1
|
|-heal|p2a: Klefki|72/100|[from] Grassy Terrain
|-heal|p1a: Dondozo|83/100 par|[from] Grassy Terrain
|-heal|p1a: Dondozo|89/100 par|[from] item: Leftovers
|-fieldend|move: Grassy Terrain
|upkeep
|
|t:|1757851552
|switch|p2b: Electivire|Electivire, L50, F, shiny|100/100
|turn|6
|
|t:|1757851559
|move|p2b: Electivire|Supercell Slam|p1a: Dondozo
|-resisted|p1a: Dondozo
|-damage|p1a: Dondozo|78/100 par
|move|p2a: Klefki|Dazzling Gleam|p1b: Tatsugiri|[spread] p1a
|-miss|p2a: Klefki|p1b: Tatsugiri
|-supereffective|p1a: Dondozo
|-crit|p1a: Dondozo
|-damage|p1a: Dondozo|33/100 par
|move|p1a: Dondozo|Earthquake|p2a: Klefki|[spread] p2a,p2b
|-miss|p1a: Dondozo|p1b: Tatsugiri
|-supereffective|p2a: Klefki
|-supereffective|p2b: Electivire
|-damage|p2a: Klefki|7/100
|-damage|p2b: Electivire|2/100
|
|-heal|p1a: Dondozo|39/100 par|[from] item: Leftovers
|-sideend|p2: Keeper08|Reflect
|upkeep
|turn|7
|
|t:|1757851575
|move|p2b: Electivire|Supercell Slam|p1b: Tatsugiri|[miss]
|-miss|p2b: Electivire|p1b: Tatsugiri
|-damage|p2b: Electivire|0 fnt|[from] supercellslam
|faint|p2b: Electivire
|move|p2a: Klefki|Dazzling Gleam|p1b: Tatsugiri|[spread] p1a
|-miss|p2a: Klefki|p1b: Tatsugiri
|-supereffective|p1a: Dondozo
|-damage|p1a: Dondozo|24/100 par
|cant|p1a: Dondozo|par
|
|-heal|p1a: Dondozo|30/100 par|[from] item: Leftovers
|upkeep
|turn|8
|-message|Keeper08 forfeited.
|
|win|CyanMepuru
|l|☆Keeper08
|player|p2|
||Keeper08 is ready for game 2.
||CyanMepuru is ready for game 2.
|uhtml|next|Next: Game 2 of 3
|l|☆CyanMepuru
|player|p1|
