|j|☆uscorp
|j|☆GS Barnabe
|html|uscorpGS Barnabe    
|uhtml|bestof|Game 3 of a best-of-3
|t:|1785874493
|gametype|doubles
|player|p1|uscorp|170|1265
|player|p2|GS Barnabe|169|1151
|gen|9
|tier|[Gen 9 Champions] VGC 2026 Reg M-B (Bo3)
|rated|
|rule|Species Clause: Limit one of each Pokémon
|rule|Item Clause: Limit 1 of each item
|clearpoke
|poke|p1|Raichu, L50, F|
|poke|p1|Staraptor, L50, F|
|poke|p1|Farigiraf, L50, F|
|poke|p1|Kingambit, L50, F|
|poke|p1|Sylveon, L50, M|
|poke|p1|Arcanine-Hisui, L50, F|
|poke|p2|Clefable, L50, M|
|poke|p2|Tyranitar, L50, F|
|poke|p2|Garchomp, L50, M|
|poke|p2|Gholdengo, L50|
|poke|p2|Rotom-Wash, L50|
|poke|p2|Aerodactyl, L50, F|
|teampreview|4
|showteam|p1|Raichu||RaichuniteY|LightningRod|FakeOut,ZapCannon,FocusBlast,Protect|Timid||F|||50|]Staraptor||Staraptite|Intimidate|Tailwind,Protect,CloseCombat,DualWingbeat|Jolly||F|||50|]Farigiraf||SitrusBerry|ArmorTail|Protect,TwinBeam,TrickRoom,HelpingHand|Calm||F|||50|]Kingambit||LifeOrb|Defiant|Protect,KowtowCleave,SwordsDance,SuckerPunch|Adamant||F|||50|]Sylveon||FairyFeather|Pixilate|HyperVoice,HyperBeam,QuickAttack,Detect|Modest||M|||50|]Arcanine-Hisui||FocusSash|RockHead|Protect,ExtremeSpeed,HeadSmash,FlareBlitz|Jolly||F|||50|
|showteam|p2|Clefable||SitrusBerry|Unaware|Moonblast,FollowMe,HealPulse,Protect|Bold||M|||50|]Tyranitar||ChoiceScarf|SandStream|RockSlide,KnockOff,IcePunch,Superpower|Jolly||F|||50|]Garchomp||Garchompite|SandVeil|DracoMeteor,EarthPower,PowerGem,Protect|Modest||M|||50|]Gholdengo||LifeOrb|GoodasGold|MakeItRain,ShadowBall,NastyPlot,Protect|Modest|||||50|]Rotom-Wash||Leftovers|Levitate|HydroPump,VoltSwitch,WillOWisp,Protect|Calm|||||50|]Aerodactyl||Aerodactylite|RockHead|RockSlide,DualWingbeat,Tailwind,Protect|Jolly||F|||50|
|
|t:|1785874535
|teamsize|p1|4
|teamsize|p2|4
|start
|switch|p1a: Cane di Nico|Arcanine-Hisui, L50, F|100/100
|switch|p1b: Piccionazzo|Staraptor, L50, F|100/100
|switch|p2a: Aerodactyl|Aerodactyl, L50, F|100/100
|switch|p2b: Rotom|Rotom-Wash, L50|100/100
|-ability|p1b: Piccionazzo|Intimidate|boost
|-unboost|p2a: Aerodactyl|atk|1
|-unboost|p2b: Rotom|atk|1
|turn|1
|
|t:|1785874560
|detailschange|p1b: Piccionazzo|Staraptor-Mega, L50, F
|-mega|p1b: Piccionazzo|Staraptor|Staraptite
|move|p2a: Aerodactyl|Tailwind|p2a: Aerodactyl
|-sidestart|p2: GS Barnabe|move: Tailwind
|move|p2b: Rotom|Hydro Pump|p1a: Cane di Nico|[miss]
|-miss|p2b: Rotom|p1a: Cane di Nico
|move|p1b: Piccionazzo|Close Combat|p2b: Rotom
|-damage|p2b: Rotom|36/100
|-boost|p1b: Piccionazzo|def|1
|-boost|p1b: Piccionazzo|spd|1
|move|p1a: Cane di Nico|Head Smash|p2b: Rotom
|-damage|p2b: Rotom|0 fnt
|faint|p2b: Rotom
|
|upkeep
|
|t:|1785874577
|switch|p2b: Garchomp|Garchomp, L50, M|100/100
|turn|2
|
|t:|1785874609
|detailschange|p2b: Garchomp|Garchomp-Mega, L50, M
|-mega|p2b: Garchomp|Garchomp|Garchompite
|move|p1a: Cane di Nico|Protect|p1a: Cane di Nico
|-singleturn|p1a: Cane di Nico|Protect
|move|p2a: Aerodactyl|Dual Wingbeat|p1b: Piccionazzo|[miss]
|-miss|p2a: Aerodactyl|p1b: Piccionazzo
|move|p2b: Garchomp|Earth Power|p1a: Cane di Nico
|-activate|p1a: Cane di Nico|move: Protect
|move|p1b: Piccionazzo|Close Combat|p2b: Garchomp
|-damage|p2b: Garchomp|54/100
|-boost|p1b: Piccionazzo|def|1
|-boost|p1b: Piccionazzo|spd|1
|
|upkeep
|turn|3
|
|t:|1785874636
|move|p2a: Aerodactyl|Dual Wingbeat|p1b: Piccionazzo
|-supereffective|p1b: Piccionazzo|1
|-damage|p1b: Piccionazzo|87/100
|-supereffective|p1b: Piccionazzo|1
|-crit|p1b: Piccionazzo
|-damage|p1b: Piccionazzo|30/100
|-hitcount|p1b: Piccionazzo|2
|move|p2b: Garchomp|Earth Power|p1a: Cane di Nico
|-supereffective|p1a: Cane di Nico|2
|-enditem|p1a: Cane di Nico|Focus Sash
|-damage|p1a: Cane di Nico|1/100
|move|p1b: Piccionazzo|Close Combat|p2a: Aerodactyl
|-damage|p2a: Aerodactyl|24/100
|-boost|p1b: Piccionazzo|def|1
|-boost|p1b: Piccionazzo|spd|1
|move|p1a: Cane di Nico|Head Smash|p2a: Aerodactyl
|-supereffective|p2a: Aerodactyl|1
|-damage|p2a: Aerodactyl|0 fnt
|faint|p2a: Aerodactyl
|
|upkeep
|
|t:|1785874656
|switch|p2a: Tyranitar|Tyranitar, L50, F|100/100
|-weather|Sandstorm|[from] ability: Sand Stream|[of] p2a: Tyranitar
|turn|4
|
|t:|1785874682
|move|p1b: Piccionazzo|Protect|p1b: Piccionazzo
|-singleturn|p1b: Piccionazzo|Protect
|move|p1a: Cane di Nico|Protect|p1a: Cane di Nico
|-singleturn|p1a: Cane di Nico|Protect
|move|p2a: Tyranitar|Rock Slide|p1b: Piccionazzo|[spread] 
|-activate|p1a: Cane di Nico|move: Protect
|-activate|p1b: Piccionazzo|move: Protect
|move|p2b: Garchomp|Power Gem|p1b: Piccionazzo
|-activate|p1b: Piccionazzo|move: Protect
|
|-weather|Sandstorm|[upkeep]
|-damage|p1b: Piccionazzo|24/100|[from] Sandstorm
|-sideend|p2: GS Barnabe|move: Tailwind
|upkeep
|turn|5
|
|t:|1785874709
|move|p2b: Garchomp|Protect|p2b: Garchomp
|-singleturn|p2b: Garchomp|Protect
|move|p1a: Cane di Nico|Extreme Speed|p2b: Garchomp
|-activate|p2b: Garchomp|move: Protect
|move|p2a: Tyranitar|Rock Slide|p1b: Piccionazzo|[spread] p1a,p1b
|-supereffective|p1a: Cane di Nico|1
|-damage|p1a: Cane di Nico|0 fnt
|-damage|p1b: Piccionazzo|12/100
|faint|p1a: Cane di Nico
|move|p1b: Piccionazzo|Close Combat|p2a: Tyranitar
|-supereffective|p2a: Tyranitar|2
|-damage|p2a: Tyranitar|0 fnt
|-boost|p1b: Piccionazzo|def|1
|-boost|p1b: Piccionazzo|spd|1
|faint|p2a: Tyranitar
|
|-weather|Sandstorm|[upkeep]
|-damage|p1b: Piccionazzo|6/100|[from] Sandstorm
|upkeep
|
|t:|1785874728
|switch|p1a: Ylenia|Sylveon, L50, M|100/100
|turn|6
|
|t:|1785874738
|move|p1b: Piccionazzo|Tailwind|p1b: Piccionazzo
|-sidestart|p1: uscorp|move: Tailwind
|move|p1a: Ylenia|Hyper Voice|p2b: Garchomp
|-supereffective|p2b: Garchomp|1
|-damage|p2b: Garchomp|0 fnt
|faint|p2b: Garchomp
|
|win|uscorp
|raw|uscorp's rating: 1265 → 1282(+17 for winning)
|raw|GS Barnabe's rating: 1151 → 1134(-17 for losing)
