|j|☆uvuvuvwewe
|j|☆Brdz
|html|uvuvuvweweBrdz    
|uhtml|bestof|Game 2 of a best-of-3
|t:|1783750488
|gametype|doubles
|player|p1|uvuvuvwewe|unknown|1125
|player|p2|Brdz|101|1093
|gen|9
|tier|[Gen 9 Champions] VGC 2026 Reg M-B (Bo3)
|rated|
|rule|Species Clause: Limit one of each Pokémon
|rule|Item Clause: Limit 1 of each item
|clearpoke
|poke|p1|Ninetales, L50, M|
|poke|p1|Sinistcha-Masterpiece, L50|
|poke|p1|Garchomp, L50, F|
|poke|p1|Farigiraf, L50, M, shiny|
|poke|p1|Pyroar, L50, M|
|poke|p1|Basculegion, L50, M|
|poke|p2|Excadrill, L50, M|
|poke|p2|Tyranitar, L50, M|
|poke|p2|Houndstone, L50, M|
|poke|p2|Sneasler, L50, M|
|poke|p2|Delphox, L50, F|
|poke|p2|Noivern, L50, M|
|teampreview|4
|showteam|p1|Ninetales||HeatRock|Drought|Encore,SolarBeam,WeatherBall,Protect|Timid||M|||50|]Sinistcha-Masterpiece||FocusSash|Hospitality|RagePowder,MatchaGotcha,Protect,TrickRoom|Modest|||||50|]Garchomp||LifeOrb|RoughSkin|Earthquake,RockSlide,Protect,PoisonJab|Jolly||F|||50|]Farigiraf||Leftovers|ArmorTail|HelpingHand,Psychic,Protect,Roar|Timid||M|||50|]Pyroar||Pyroarite|Rivalry|HeatWave,Overheat,HyperVoice,Protect|Modest||M|||50|]Basculegion||MysticWater|Adaptability|AquaJet,WaveCrash,LastRespects,Protect|Adamant||M|||50|
|showteam|p2|Excadrill||LifeOrb|SandRush|SwordsDance,Earthquake,RockSlide,IronHead|Adamant||M|||50|]Tyranitar||Tyranitarite|SandStream|DragonDance,RockSlide,KnockOff,IcePunch|Adamant||M|||50|]Houndstone||SpellTag|SandRush|AllySwitch,WillOWisp,LastRespects,ShadowSneak|Adamant||M|||50|]Sneasler||FocusSash|Unburden|FakeOut,CloseCombat,PoisonJab,Acrobatics|Adamant||M|||50|]Delphox||Delphoxite|Blaze|WillOWisp,Psyshock,HeatWave,CalmMind|Timid||F|||50|]Noivern||WhiteHerb|Frisk|Tailwind,DracoMeteor,Uturn,Boomburst|Timid||M|||50|
|
|t:|1783750539
|teamsize|p1|4
|teamsize|p2|4
|start
|switch|p1a: Garchomp|Garchomp, L50, F|100/100
|switch|p1b: Farigiraf|Farigiraf, L50, M, shiny|100/100
|switch|p2a: Tyranitar|Tyranitar, L50, M|100/100
|switch|p2b: Excadrill|Excadrill, L50, M|100/100
|-weather|Sandstorm|[from] ability: Sand Stream|[of] p2a: Tyranitar
|turn|1
|
|t:|1783750558
|detailschange|p2a: Tyranitar|Tyranitar-Mega, L50, M
|-mega|p2a: Tyranitar|Tyranitar|Tyranitarite
|move|p1b: Farigiraf|Helping Hand|p1a: Garchomp
|-singleturn|p1a: Garchomp|Helping Hand|[of] p1b: Farigiraf
|move|p2b: Excadrill|Swords Dance|p2b: Excadrill
|-boost|p2b: Excadrill|atk|2
|move|p1a: Garchomp|Earthquake|p2b: Excadrill|[spread] p1b,p2a,p2b
|-supereffective|p2a: Tyranitar|1
|-supereffective|p2b: Excadrill|1
|-damage|p1b: Farigiraf|27/100
|-damage|p2a: Tyranitar|0 fnt
|-damage|p2b: Excadrill|0 fnt
|faint|p2a: Tyranitar
|faint|p2b: Excadrill
|-damage|p1a: Garchomp|90/100|[from] item: Life Orb
|
|-weather|Sandstorm|[upkeep]
|-damage|p1b: Farigiraf|21/100|[from] Sandstorm
|-heal|p1b: Farigiraf|27/100|[from] item: Leftovers
|upkeep
|
|t:|1783750585
|switch|p2b: Houndstone|Houndstone, L50, M|100/100
|switch|p2a: Sneasler|Sneasler, L50, M|100/100
|turn|2
|
|t:|1783750602
|move|p1b: Farigiraf|Protect|p1b: Farigiraf
|-singleturn|p1b: Farigiraf|Protect
|move|p2b: Houndstone|Will-O-Wisp|p1a: Garchomp
|-status|p1a: Garchomp|brn
|move|p2a: Sneasler|Poison Jab|p1b: Farigiraf
|-activate|p1b: Farigiraf|move: Protect
|move|p1a: Garchomp|Earthquake|p2a: Sneasler|[spread] p2a,p2b
|-activate|p1b: Farigiraf|move: Protect
|-supereffective|p2a: Sneasler|1
|-damage|p2a: Sneasler|19/100
|-damage|p2b: Houndstone|71/100
|-damage|p1a: Garchomp|80/100 brn|[from] item: Life Orb
|
|-weather|Sandstorm|[upkeep]
|-damage|p2a: Sneasler|14/100|[from] Sandstorm
|-damage|p1b: Farigiraf|21/100|[from] Sandstorm
|-heal|p1b: Farigiraf|27/100|[from] item: Leftovers
|-damage|p1a: Garchomp|74/100 brn|[from] brn
|upkeep
|turn|3
|inactive|Battle timer is ON: inactive players will automatically lose when time's up. (requested by Brdz)
|
|t:|1783750631
|switch|p1b: Basculegion|Basculegion, L50, M|100/100
|move|p2b: Houndstone|Last Respects|p1a: Garchomp
|-damage|p1a: Garchomp|0 fnt
|faint|p1a: Garchomp
|move|p2a: Sneasler|Acrobatics|p1b: Basculegion
|-damage|p1b: Basculegion|72/100
|
|-weather|Sandstorm|[upkeep]
|-damage|p2a: Sneasler|8/100|[from] Sandstorm
|-damage|p1b: Basculegion|67/100|[from] Sandstorm
|upkeep
|
|t:|1783750642
|switch|p1a: Sinistcha|Sinistcha-Masterpiece, L50|100/100
|-heal|p1b: Basculegion|91/100|[from] ability: Hospitality|[of] p1a: Sinistcha
|turn|4
|
|t:|1783750656
|move|p1a: Sinistcha|Rage Powder|p1a: Sinistcha
|-singleturn|p1a: Sinistcha|move: Rage Powder
|move|p2b: Houndstone|Last Respects|p1a: Sinistcha
|-supereffective|p1a: Sinistcha|1
|-enditem|p1a: Sinistcha|Focus Sash
|-damage|p1a: Sinistcha|1/100
|move|p2a: Sneasler|Poison Jab|p1a: Sinistcha
|-damage|p1a: Sinistcha|0 fnt
|faint|p1a: Sinistcha
|move|p1b: Basculegion|Last Respects|p2b: Houndstone
|-supereffective|p2b: Houndstone|1
|-crit|p2b: Houndstone
|-damage|p2b: Houndstone|0 fnt
|faint|p2b: Houndstone
|
|-weather|Sandstorm|[upkeep]
|-damage|p2a: Sneasler|2/100|[from] Sandstorm
|-damage|p1b: Basculegion|85/100|[from] Sandstorm
|upkeep
|
|t:|1783750670
|switch|p1a: Farigiraf|Farigiraf, L50, M, shiny|27/100
|turn|5
|
|t:|1783750675
|move|p1a: Farigiraf|Protect|p1a: Farigiraf
|-singleturn|p1a: Farigiraf|Protect
|move|p1b: Basculegion|Protect|p1b: Basculegion
|-singleturn|p1b: Basculegion|Protect
|move|p2a: Sneasler|Poison Jab|p1b: Basculegion
|-activate|p1b: Basculegion|move: Protect
|
|-weather|none
|-heal|p1a: Farigiraf|33/100|[from] item: Leftovers
|upkeep
|turn|6
|
|t:|1783750688
|move|p1a: Farigiraf|Helping Hand|p1b: Basculegion
|-singleturn|p1b: Basculegion|Helping Hand|[of] p1a: Farigiraf
|move|p1b: Basculegion|Aqua Jet|p2a: Sneasler
|-damage|p2a: Sneasler|0 fnt
|faint|p2a: Sneasler
|
|win|uvuvuvwewe
||Brdz is ready for game 3.
|inactive|uvuvuvwewe has 30 seconds to confirm battle start!
||uvuvuvwewe is ready for game 3.
|uhtml|next|Next: Game 3 of 3
|l|☆Brdz
|player|p2|
|l|☆uvuvuvwewe
|player|p1|
|j|☆uvuvuvwewe
|player|p1|uvuvuvwewe|unknown|
