|j|☆viatles
|j|☆JCTB
|html|viatlesJCTB    
|uhtml|bestof|Game 2 of a best-of-3
|t:|1783562266
|gametype|doubles
|player|p1|viatles|hiker|1113
|player|p2|JCTB|elesa|1076
|gen|9
|tier|[Gen 9 Champions] VGC 2026 Reg M-B (Bo3)
|rated|
|rule|Species Clause: Limit one of each Pokémon
|rule|Item Clause: Limit 1 of each item
|clearpoke
|poke|p1|Beedrill, L50, F, shiny|
|poke|p1|Milotic, L50, M, shiny|
|poke|p1|Talonflame, L50, F, shiny|
|poke|p1|Farigiraf, L50, M|
|poke|p1|Decidueye-Hisui, L50, M|
|poke|p1|Sableye, L50, M|
|poke|p2|Charizard, L50, F|
|poke|p2|Sylveon, L50, F|
|poke|p2|Garchomp, L50, F|
|poke|p2|Toxapex, L50, F|
|poke|p2|Whimsicott, L50, M|
|poke|p2|Metagross, L50|
|teampreview|4
|showteam|p1|Beedrill||Beedrillite|Swarm|Uturn,DrillRun,PoisonJab,Protect|Jolly||F|||50|]Milotic||Leftovers|Competitive|IcyWind,Scald,Protect,LifeDew|Bold||M|||50|]Talonflame||SharpBeak|GaleWings|DualWingbeat,Tailwind,Protect,WillOWisp|Jolly||F|||50|]Farigiraf||SitrusBerry|ArmorTail|TrickRoom,Thunderbolt,TwinBeam,HelpingHand|Bold||M|||50|]Decidueye-Hisui||ScopeLens|Scrappy|Protect,TripleArrows,LeafBlade,SuckerPunch|Adamant||M|||50|]Sableye||RoseliBerry|Prankster|FakeOut,FoulPlay,RainDance,Quash|Sassy||M|||50|
|showteam|p2|Charizard||CharizarditeY|Blaze|HeatWave,WeatherBall,SolarBeam,Protect|Modest||F|||50|]Sylveon||FairyFeather|Pixilate|HyperVoice,Moonblast,CalmMind,Detect|Modest||F|||50|]Garchomp||LifeOrb|RoughSkin|DragonClaw,Earthquake,RockSlide,Protect|Jolly||F|||50|]Toxapex||Leftovers|Regenerator|Toxic,Infestation,WideGuard,BanefulBunker|Bold||F|||50|]Whimsicott||FocusSash|Prankster|Tailwind,HelpingHand,Encore,Moonblast|Timid||M|||50|]Metagross||Metagrossite|ClearBody|MeteorMash,BulletPunch,PsychicFangs,Protect|Adamant|||||50|
|inactive|Battle timer is ON: inactive players will automatically lose when time's up. (requested by viatles)
|
|t:|1783562290
|teamsize|p1|4
|teamsize|p2|4
|start
|switch|p1a: Sableye|Sableye, L50, M|100/100
|switch|p1b: Malsumas|Beedrill, L50, F, shiny|100/100
|switch|p2a: Garchomp|Garchomp, L50, F|100/100
|switch|p2b: Whimsicott|Whimsicott, L50, M|100/100
|turn|1
|
|t:|1783562305
|detailschange|p1b: Malsumas|Beedrill-Mega, L50, F, shiny
|-mega|p1b: Malsumas|Beedrill|Beedrillite
|move|p1a: Sableye|Fake Out|p2a: Garchomp
|-damage|p2a: Garchomp|92/100
|-damage|p1a: Sableye|87/100|[from] ability: Rough Skin|[of] p2a: Garchomp
|move|p1b: Malsumas|U-turn|p2b: Whimsicott
|-damage|p2b: Whimsicott|16/100
|
|t:|1783562313
|switch|p1b: Scatter|Talonflame, L50, F, shiny|100/100|[from] U-turn
|move|p2b: Whimsicott|Moonblast|p1a: Sableye
|-supereffective|p1a: Sableye|1
|-enditem|p1a: Sableye|Roseli Berry|[eat]
|-enditem|p1a: Sableye|Roseli Berry|[weaken]
|-damage|p1a: Sableye|49/100
|cant|p2a: Garchomp|flinch
|
|upkeep
|turn|2
|inactive|viatles has 30 seconds left.
|
|t:|1783562344
|move|p1b: Scatter|Dual Wingbeat|p2b: Whimsicott
|-supereffective|p2b: Whimsicott|1
|-damage|p2b: Whimsicott|0 fnt
|faint|p2b: Whimsicott
|-hitcount|p2: Whimsicott|1
|move|p2a: Garchomp|Rock Slide|p1a: Sableye|[spread] p1a,p1b
|-crit|p1a: Sableye
|-supereffective|p1b: Scatter|2
|-damage|p1a: Sableye|1/100
|-damage|p1b: Scatter|0 fnt
|faint|p1b: Scatter
|-damage|p2a: Garchomp|82/100|[from] item: Life Orb
|move|p1a: Sableye|Foul Play|p2a: Garchomp
|-damage|p2a: Garchomp|32/100
|-damage|p1a: Sableye|0 fnt|[from] ability: Rough Skin|[of] p2a: Garchomp
|faint|p1a: Sableye
|
|upkeep
|
|t:|1783562359
|switch|p1b: Pentious|Milotic, L50, M, shiny|100/100
|switch|p2b: Metagross|Metagross, L50|100/100
|switch|p1a: Malsumas|Beedrill-Mega, L50, F, shiny|100/100
|turn|3
|
|t:|1783562371
|detailschange|p2b: Metagross|Metagross-Mega, L50
|-mega|p2b: Metagross|Metagross|Metagrossite
|move|p1a: Malsumas|Protect|p1a: Malsumas
|-singleturn|p1a: Malsumas|Protect
|move|p2b: Metagross|Protect|p2b: Metagross
|-singleturn|p2b: Metagross|Protect
|move|p2a: Garchomp|Rock Slide|p1a: Malsumas|[spread] p1b
|-activate|p1a: Malsumas|move: Protect
|-damage|p1b: Pentious|79/100
|-damage|p2a: Garchomp|22/100|[from] item: Life Orb
|move|p1b: Pentious|Icy Wind|p2a: Garchomp|[spread] p2a
|-activate|p2b: Metagross|move: Protect
|-supereffective|p2a: Garchomp|2
|-damage|p2a: Garchomp|0 fnt
|faint|p2a: Garchomp
|
|-heal|p1b: Pentious|85/100|[from] item: Leftovers
|upkeep
|
|t:|1783562380
|switch|p2a: Toxapex|Toxapex, L50, F|100/100
|turn|4
|
|t:|1783562397
|move|p1a: Malsumas|Drill Run|p2b: Metagross|[miss]
|-miss|p1a: Malsumas|p2b: Metagross
|move|p2b: Metagross|Psychic Fangs|p1a: Malsumas
|-supereffective|p1a: Malsumas|1
|-damage|p1a: Malsumas|0 fnt
|faint|p1a: Malsumas
|move|p1b: Pentious|Scald|p2b: Metagross
|-damage|p2b: Metagross|73/100
|move|p2a: Toxapex|Toxic|p1b: Pentious
|-status|p1b: Pentious|tox
|
|-heal|p1b: Pentious|92/100 tox|[from] item: Leftovers
|-damage|p1b: Pentious|85/100 tox|[from] psn
|upkeep
|turn|5
|c|☆viatles|welp gg lol XD
|c|☆JCTB|sry for hax
|inactive|viatles has 30 seconds left.
|c|☆viatles|not your fault it happens
|inactive|viatles has 20 seconds left.
|c|☆viatles|just gtesting a draft league team anyways
|inactive|viatles has 15 seconds left.
|
|t:|1783562439
|move|p2b: Metagross|Psychic Fangs|p1b: Pentious
|-damage|p1b: Pentious|29/100 tox
|move|p1b: Pentious|Icy Wind|p2a: Toxapex|[spread] p2a,p2b
|-resisted|p2a: Toxapex|1
|-resisted|p2b: Metagross|1
|-damage|p2a: Toxapex|96/100
|-damage|p2b: Metagross|69/100
|-unboost|p2a: Toxapex|spe|1
|-unboost|p2b: Metagross|spe|1
|move|p2a: Toxapex|Infestation|p1b: Pentious
|-damage|p1b: Pentious|26/100 tox
|-activate|p1b: Pentious|move: Infestation|[of] p2a: Toxapex
|
|-heal|p1b: Pentious|32/100 tox|[from] item: Leftovers
|-heal|p2a: Toxapex|100/100|[from] item: Leftovers
|-damage|p1b: Pentious|20/100y tox|[from] psn
|-damage|p1b: Pentious|7/100 tox|[from] move: Infestation|[partiallytrapped]
|upkeep
|turn|6
|c|☆JCTB|ah fun
|c|☆JCTB|what league?
|c|☆JCTB|i used to play draft a bunch years ago
|inactive|viatles has 30 seconds left.
|inactive|JCTB has 30 seconds left.
|c|☆viatles|dont have a name for it just a couple of coworkers and i decided to draft m-b
|
|t:|1783562472
|move|p1b: Pentious|Icy Wind|p2b: Metagross|[spread] p2a
|-miss|p1b: Pentious|p2b: Metagross
|-resisted|p2a: Toxapex|1
|-damage|p2a: Toxapex|96/100
|-unboost|p2a: Toxapex|spe|1
|move|p2b: Metagross|Meteor Mash|p1b: Pentious
|-resisted|p1b: Pentious|1
|-damage|p1b: Pentious|0 fnt
|faint|p1b: Pentious
|
|win|JCTB
|raw|viatles's rating: 1113 → 1085(-28 for losing)
|raw|JCTB's rating: 1076 → 1108(+32 for winning)
|c|☆JCTB|ah thats fun
|c|☆JCTB|ggs
|c|☆viatles|ggs
|l|☆JCTB
|player|p2|
