|j|☆YungDungBeetle
|j|☆aldishh
|html|YungDungBeetlealdishh    
|uhtml|bestof|Game 1 of a best-of-3
|t:|1757037516
|gametype|doubles
|player|p1|YungDungBeetle|n|1194
|player|p2|aldishh|169|1112
|gen|9
|tier|[Gen 9] VGC 2025 Reg H (Bo3)
|rated|
|rule|Species Clause: Limit one of each Pokémon
|rule|Item Clause: Limit 1 of each item
|clearpoke
|poke|p1|Rillaboom, L50, F|
|poke|p1|Baxcalibur, L50, M|
|poke|p1|Volcarona, L50, F|
|poke|p1|Annihilape, L50, M|
|poke|p1|Kingambit, L50, M|
|poke|p1|Dondozo, L50, F|
|poke|p2|Tyranitar, L50, M|
|poke|p2|Incineroar, L50, M|
|poke|p2|Rillaboom, L50, M|
|poke|p2|Gholdengo, L50|
|poke|p2|Sneasler, L50, F|
|poke|p2|Garchomp, L50, F|
|teampreview|4
|showteam|p1|Rillaboom||AssaultVest|GrassySurge|GrassyGlide,WoodHammer,FakeOut,HighHorsepower|||F|||50|,,,,,Fire]Baxcalibur||LoadedDice|ThermalExchange|ScaleShot,IcicleSpear,IceShard,Protect|||M|||50|,,,,,Ghost]Volcarona||CovertCloak|FlameBody|RagePowder,HeatWave,GigaDrain,QuiverDance|||F|||50|,,,,,Grass]Annihilape||FocusSash|Defiant|CloseCombat,RageFist,Coaching,Taunt|||M|||50|,,,,,Fire]Kingambit||BlackGlasses|Defiant|Protect,KowtowCleave,SuckerPunch,SwordsDance|||M|||50|,,,,,Ghost]Dondozo||Leftovers|Unaware|WaveCrash,Fissure,Yawn,Protect|||F|||50|,,,,,Bug
|showteam|p2|Tyranitar||AssaultVest|SandStream|KnockOff,LowKick,RockSlide,IcePunch|||M|||50|,,,,,Bug]Incineroar||SafetyGoggles|Intimidate|FakeOut,PartingShot,KnockOff,FlareBlitz|||M|||50|,,,,,Ghost]Rillaboom||MiracleSeed|GrassySurge|GrassyGlide,WoodHammer,FakeOut,Protect|||M|||50|,,,,,Grass]Gholdengo||MetalCoat|GoodasGold|NastyPlot,Protect,MakeItRain,ShadowBall||||||50|,,,,,Water]Sneasler||LifeOrb|PoisonTouch|Coaching,CloseCombat,DireClaw,FakeOut|||F|||50|,,,,,Flying]Garchomp||ClearAmulet|SandVeil|Earthquake,StompingTantrum,DragonClaw,Protect|||F|||50|,,,,,Ground
|inactive|Battle timer is ON: inactive players will automatically lose when time's up. (requested by YungDungBeetle)
|inactive|YungDungBeetle has 60 seconds left.
|inactive|aldishh has 60 seconds left.
|inactive|aldishh has 30 seconds left.
|
|t:|1757037585
|teamsize|p1|4
|teamsize|p2|4
|start
|switch|p1a: MechaGodzilla|Annihilape, L50, M|100/100
|switch|p1b: Godzilla|Baxcalibur, L50, M|100/100
|switch|p2a: Sneasler|Sneasler, L50, F|100/100
|switch|p2b: Garchomp|Garchomp, L50, F, shiny|100/100
|turn|1
|
|t:|1757037602
|-terastallize|p1b: Godzilla|Ghost
|move|p2b: Garchomp|Protect|p2b: Garchomp
|-singleturn|p2b: Garchomp|Protect
|move|p2a: Sneasler|Coaching|p2b: Garchomp
|-boost|p2b: Garchomp|atk|1
|-boost|p2b: Garchomp|def|1
|move|p1a: MechaGodzilla|Coaching|p1b: Godzilla
|-boost|p1b: Godzilla|atk|1
|-boost|p1b: Godzilla|def|1
|move|p1b: Godzilla|Icicle Spear|p2b: Garchomp
|-activate|p2b: Garchomp|move: Protect
|
|upkeep
|turn|2
|inactive|aldishh has 30 seconds left.
|inactive|aldishh has 20 seconds left.
|
|t:|1757037638
|-terastallize|p2a: Sneasler|Flying
|move|p2a: Sneasler|Coaching|p2b: Garchomp
|-boost|p2b: Garchomp|atk|1
|-boost|p2b: Garchomp|def|1
|move|p2b: Garchomp|Earthquake|p1a: MechaGodzilla|[spread] p1a,p1b
|-immune|p2a: Sneasler
|-damage|p1a: MechaGodzilla|9/100
|-damage|p1b: Godzilla|49/100
|move|p1a: MechaGodzilla|Coaching|p1b: Godzilla
|-boost|p1b: Godzilla|atk|1
|-boost|p1b: Godzilla|def|1
|move|p1b: Godzilla|Icicle Spear|p2b: Garchomp
|-supereffective|p2b: Garchomp
|-damage|p2b: Garchomp|33/100
|-supereffective|p2b: Garchomp
|-damage|p2b: Garchomp|0 fnt
|faint|p2b: Garchomp
|-hitcount|p2: Garchomp|2
|
|upkeep
|
|t:|1757037656
|switch|p2b: Rillaboom|Rillaboom, L50, M|100/100
|-fieldstart|move: Grassy Terrain|[from] ability: Grassy Surge|[of] p2b: Rillaboom
|turn|3
|
|t:|1757037665
|move|p1b: Godzilla|Ice Shard|p2a: Sneasler
|-supereffective|p2a: Sneasler
|-damage|p2a: Sneasler|0 fnt
|faint|p2a: Sneasler
|move|p2b: Rillaboom|Grassy Glide|p1a: MechaGodzilla
|-damage|p1a: MechaGodzilla|0 fnt
|faint|p1a: MechaGodzilla
|
|-heal|p1b: Godzilla|55/100|[from] Grassy Terrain
|upkeep
|
|t:|1757037673
|switch|p2a: Tyranitar|Tyranitar, L50, M, shiny|100/100
|switch|p1a: Mothra|Volcarona, L50, F|100/100
|-weather|Sandstorm|[from] ability: Sand Stream|[of] p2a: Tyranitar
|turn|4
|
|t:|1757037687
|move|p2b: Rillaboom|Protect|p2b: Rillaboom
|-singleturn|p2b: Rillaboom|Protect
|move|p1a: Mothra|Heat Wave|p2b: Rillaboom|[spread] p2a
|-activate|p2b: Rillaboom|move: Protect
|-resisted|p2a: Tyranitar
|-damage|p2a: Tyranitar|95/100
|move|p1b: Godzilla|Scale Shot|p2a: Tyranitar
|-damage|p2a: Tyranitar|72/100
|-damage|p2a: Tyranitar|45/100
|-damage|p2a: Tyranitar|22/100
|-damage|p2a: Tyranitar|0 fnt
|faint|p2a: Tyranitar
|-hitcount|p2: Tyranitar|4
|-unboost|p1b: Godzilla|def|1
|-boost|p1b: Godzilla|spe|1
|
|-weather|Sandstorm|[upkeep]
|-damage|p1b: Godzilla|49/100|[from] Sandstorm
|-damage|p1a: Mothra|94/100|[from] Sandstorm
|-damage|p2b: Rillaboom|95/100|[from] Sandstorm
|-heal|p1b: Godzilla|55/100|[from] Grassy Terrain
|-heal|p1a: Mothra|100/100|[from] Grassy Terrain
|-heal|p2b: Rillaboom|100/100|[from] Grassy Terrain
|upkeep
|turn|5
|-message|aldishh forfeited.
|
|win|YungDungBeetle
|l|☆aldishh
|player|p2|
||aldishh is ready for game 2.
||YungDungBeetle is ready for game 2.
|uhtml|next|Next: Game 2 of 3
|l|☆YungDungBeetle
|player|p1|
|j|☆YungDungBeetle
|player|p1|YungDungBeetle|n|
