|j|☆Clementine1997
|j|☆circleslowkeyround
|html|Clementine1997circleslowkeyround    
|uhtml|bestof|Game 1 of a best-of-3
|t:|1757651399
|gametype|doubles
|player|p1|Clementine1997|clair|1109
|player|p2|circleslowkeyround|169|1039
|gen|9
|tier|[Gen 9] VGC 2025 Reg H (Bo3)
|rated|
|rule|Species Clause: Limit one of each Pokémon
|rule|Item Clause: Limit 1 of each item
|clearpoke
|poke|p1|Whimsicott, L50, M|
|poke|p1|Sneasler, L50, M|
|poke|p1|Volcarona, L50, F|
|poke|p1|Dragonite, L50, M|
|poke|p1|Electabuzz, L50, F|
|poke|p1|Rillaboom, L50, M|
|poke|p2|Corviknight, L50, F|
|poke|p2|Comfey, L50, M|
|poke|p2|Rillaboom, L50, F|
|poke|p2|Magmar, L50, F|
|poke|p2|Garchomp, L50, M|
|poke|p2|Tyranitar, L50, M|
|teampreview|4
|showteam|p1|Whimsicott||CovertCloak|Prankster|Moonblast,Tailwind,Encore,TrickRoom|||M|||50|,,,,,Fire]Sneasler||FocusSash|PoisonTouch|CloseCombat,DireClaw,FakeOut,Coaching|||M|||50|,,,,,Stellar]Volcarona||Leftovers|FlameBody|HeatWave,TeraBlast,QuiverDance,Protect|||F|||50|,,,,,Water]Dragonite||LoadedDice|InnerFocus|ExtremeSpeed,ScaleShot,Haze,Protect|||M|||50|,,,,,Normal]Electabuzz||Eviolite|Static|Electroweb,Taunt,FollowMe,ThunderWave|||F|||50|,,,,,Flying]Rillaboom||EjectButton|GrassySurge|HighHorsepower,GrassyGlide,FakeOut,Protect|||M|||50|,,,,,Fire
|showteam|p2|Corviknight||GrassySeed|MirrorArmor|BraveBird,PowerTrip,BulkUp,Roost|||F|||50|,,,,,Dragon]Comfey||SafetyGoggles|Triage|DrainingKiss,FloralHealing,Tailwind,Protect|||M|||50|,,,,,Water]Rillaboom||MiracleSeed|GrassySurge|FakeOut,WoodHammer,GrassyGlide,Uturn|||F|||50|,,,,,Fire]Magmar||Eviolite|VitalSpirit|HeatWave,WillOWisp,FollowMe,Protect|||F|||50|,,,,,Grass]Garchomp||ChoiceScarf|SandVeil|StompingTantrum,DragonClaw,PoisonJab,RockSlide|||M|||50|,,,,,Dragon]Tyranitar||AssaultVest|SandStream|RockSlide,HighHorsepower,KnockOff,LowKick|||M|||50|,,,,,Flying
|inactive|Battle timer is ON: inactive players will automatically lose when time's up. (requested by circleslowkeyround)
|inactive|circleslowkeyround has 60 seconds left.
|
|t:|1757651441
|teamsize|p1|4
|teamsize|p2|4
|start
|switch|p1a: Volcarona|Volcarona, L50, F, shiny|100/100
|switch|p1b: Electabuzz|Electabuzz, L50, F, shiny|100/100
|switch|p2a: Corviknight|Corviknight, L50, F|100/100
|switch|p2b: Rillaboom|Rillaboom, L50, F|100/100
|-fieldstart|move: Grassy Terrain|[from] ability: Grassy Surge|[of] p2b: Rillaboom
|-enditem|p2a: Corviknight|Grassy Seed
|-boost|p2a: Corviknight|def|1|[from] item: Grassy Seed
|turn|1
|
|t:|1757651459
|move|p2b: Rillaboom|Fake Out|p1a: Volcarona
|-damage|p1a: Volcarona|79/100
|-status|p2b: Rillaboom|brn|[from] ability: Flame Body|[of] p1a: Volcarona
|move|p1b: Electabuzz|Taunt|p2a: Corviknight
|-start|p2a: Corviknight|move: Taunt
|cant|p1a: Volcarona|flinch
|cant|p2a: Corviknight|move: Taunt|Bulk Up
|
|-heal|p1a: Volcarona|85/100|[from] Grassy Terrain
|-heal|p1a: Volcarona|91/100|[from] item: Leftovers
|-damage|p2b: Rillaboom|94/100 brn|[from] brn
|upkeep
|turn|2
|
|t:|1757651480
|-terastallize|p2a: Corviknight|Dragon
|move|p1b: Electabuzz|Thunder Wave|p2a: Corviknight
|-status|p2a: Corviknight|par
|move|p1a: Volcarona|Quiver Dance|p1a: Volcarona
|-boost|p1a: Volcarona|spa|1
|-boost|p1a: Volcarona|spd|1
|-boost|p1a: Volcarona|spe|1
|move|p2b: Rillaboom|U-turn|p1b: Electabuzz
|-damage|p1b: Electabuzz|87/100
|
|t:|1757651493
|switch|p2b: Magmar|Magmar, L50, F|100/100|[from] U-turn
|move|p2a: Corviknight|Brave Bird|p1a: Volcarona
|-supereffective|p1a: Volcarona
|-damage|p1a: Volcarona|0 fnt
|faint|p1a: Volcarona
|-damage|p2a: Corviknight|75/100 par|[from] Recoil
|
|-heal|p1b: Electabuzz|93/100|[from] Grassy Terrain
|-heal|p2a: Corviknight|81/100 par|[from] Grassy Terrain
|upkeep
|
|t:|1757651498
|switch|p1a: Dragonite|Dragonite, L50, M, shiny|100/100
|turn|3
|
|t:|1757651519
|-terastallize|p1a: Dragonite|Normal
|move|p1a: Dragonite|Extreme Speed|p2b: Magmar
|-damage|p2b: Magmar|56/100
|move|p1b: Electabuzz|Electroweb|p2b: Magmar|[spread] p2a,p2b
|-resisted|p2a: Corviknight
|-damage|p2a: Corviknight|75/100 par
|-damage|p2b: Magmar|44/100
|-ability|p2a: Corviknight|Mirror Armor
|-unboost|p1b: Electabuzz|spe|1
|-unboost|p2b: Magmar|spe|1
|move|p2b: Magmar|Will-O-Wisp|p1a: Dragonite
|-status|p1a: Dragonite|brn
|move|p2a: Corviknight|Brave Bird|p1a: Dragonite
|-damage|p1a: Dragonite|52/100 brn
|-damage|p2a: Corviknight|59/100 par|[from] Recoil
|
|-heal|p1b: Electabuzz|99/100|[from] Grassy Terrain
|-heal|p1a: Dragonite|58/100 brn|[from] Grassy Terrain
|-heal|p2b: Magmar|50/100|[from] Grassy Terrain
|-heal|p2a: Corviknight|64/100 par|[from] Grassy Terrain
|-damage|p1a: Dragonite|52/100 brn|[from] brn
|-end|p2a: Corviknight|move: Taunt
|upkeep
|turn|4
|inactive|Clementine1997 has 30 seconds left.
|inactive|circleslowkeyround has 30 seconds left.
|
|t:|1757651552
|move|p1a: Dragonite|Extreme Speed|p2b: Magmar
|-damage|p2b: Magmar|29/100
|move|p1b: Electabuzz|Thunder Wave|p2b: Magmar
|-status|p2b: Magmar|par
|move|p2a: Corviknight|Brave Bird|p1a: Dragonite
|-damage|p1a: Dragonite|8/100 brn
|-damage|p2a: Corviknight|49/100 par|[from] Recoil
|move|p2b: Magmar|Heat Wave|p1a: Dragonite|[spread] p1a,p1b
|-damage|p1a: Dragonite|0 fnt
|-damage|p1b: Electabuzz|75/100
|faint|p1a: Dragonite
|
|-heal|p1b: Electabuzz|81/100|[from] Grassy Terrain
|-heal|p2a: Corviknight|55/100 par|[from] Grassy Terrain
|-heal|p2b: Magmar|35/100 par|[from] Grassy Terrain
|upkeep
|
|t:|1757651556
|switch|p1a: Sneasler|Sneasler, L50, M, shiny|100/100
|turn|5
|
|t:|1757651572
|move|p1b: Electabuzz|Follow Me|p1b: Electabuzz
|-singleturn|p1b: Electabuzz|move: Follow Me
|move|p2b: Magmar|Follow Me|p2b: Magmar
|-singleturn|p2b: Magmar|move: Follow Me
|move|p1a: Sneasler|Close Combat|p2b: Magmar
|-damage|p2b: Magmar|0 fnt
|-unboost|p1a: Sneasler|def|1
|-unboost|p1a: Sneasler|spd|1
|faint|p2b: Magmar
|move|p2a: Corviknight|Roost|p2a: Corviknight
|-heal|p2a: Corviknight|100/100 par
|
|-heal|p1b: Electabuzz|87/100|[from] Grassy Terrain
|-fieldend|move: Grassy Terrain
|upkeep
|-message|Clementine1997 forfeited.
|
|win|circleslowkeyround
|l|☆Clementine1997
|player|p1|
||Clementine1997 is ready for game 2.
||circleslowkeyround is ready for game 2.
|uhtml|next|Next: Game 2 of 3
