|j|☆TipoLucha
|j|☆predatorssg
|html|TipoLuchapredatorssg    
|uhtml|bestof|Game 1 of a best-of-3
|t:|1785852451
|gametype|doubles
|player|p1|TipoLucha|170|1187
|player|p2|predatorssg|2|1222
|gen|9
|tier|[Gen 9 Champions] VGC 2026 Reg M-B (Bo3)
|rated|
|rule|Species Clause: Limit one of each Pokémon
|rule|Item Clause: Limit 1 of each item
|clearpoke
|poke|p1|Raichu, L50, F|
|poke|p1|Scizor, L50, M|
|poke|p1|Sneasler, L50, M|
|poke|p1|Espeon, L50, F|
|poke|p1|Milotic, L50, M|
|poke|p1|Whimsicott, L50, M|
|poke|p2|Archaludon, L50, F|
|poke|p2|Pelipper, L50, F|
|poke|p2|Grimmsnarl, L50, M|
|poke|p2|Swampert, L50, F|
|poke|p2|Talonflame, L50, F|
|poke|p2|Floette-Eternal, L50, F|
|teampreview|4
|showteam|p1|Raichu||RaichuniteY|LightningRod|FakeOut,FocusBlast,ZapCannon,Protect|Hasty||F|||50|]Scizor||Scizorite|Technician|BugBite,BulletPunch,BrickBreak,Protect|Adamant||M|||50|]Sneasler||WhiteHerb|Unburden|CloseCombat,RockSlide,DireClaw,FakeOut|Adamant||M|||50|]Espeon||LifeOrb|MagicBounce|PowerGem,Psychic,ShadowBall,Protect|Timid||F|||50|]Milotic||SitrusBerry|Competitive|HelpingHand,Scald,IceBeam,IcyWind|Modest||M|||50|]Whimsicott||FocusSash|Prankster|Tailwind,FakeTears,Moonblast,Encore|Timid||M|||50|
|showteam|p2|Archaludon||Leftovers|Stamina|ElectroShot,AuraSphere,FlashCannon,Protect|Modest||F|||50|]Pelipper||SitrusBerry|Drizzle|HelpingHand,WeatherBall,Hurricane,WideGuard|Modest||F|||50|]Grimmsnarl||LightClay|Prankster|PartingShot,SpiritBreak,Reflect,LightScreen|Calm||M|||50|]Swampert||Swampertite|Torrent|WaveCrash,Earthquake,IcePunch,Protect|Adamant||F|||50|]Talonflame||SharpBeak|GaleWings|Protect,Tailwind,RainDance,DualWingbeat|Jolly||F|||50|]Floette-Eternal||Floettite|FlowerVeil|DazzlingGleam,Moonblast,LightofRuin,Protect|Modest||F|||50|
|
|t:|1785852479
|teamsize|p1|4
|teamsize|p2|4
|start
|switch|p1a: Raichu|Raichu, L50, F|100/100
|switch|p1b: Milotic|Milotic, L50, M|100/100
|switch|p2a: Talonflame|Talonflame, L50, F|100/100
|switch|p2b: Floette|Floette-Eternal, L50, F|100/100
|turn|1
|
|t:|1785852520
|detailschange|p2b: Floette|Floette-Mega, L50, F
|-mega|p2b: Floette|Floette|Floettite
|-ability|p2b: Floette|Fairy Aura
|move|p2a: Talonflame|Protect|p2a: Talonflame
|-singleturn|p2a: Talonflame|Protect
|move|p2b: Floette|Protect|p2b: Floette
|-singleturn|p2b: Floette|Protect
|move|p1a: Raichu|Fake Out|p2a: Talonflame
|-activate|p2a: Talonflame|move: Protect
|move|p1b: Milotic|Icy Wind|p2a: Talonflame|[spread] 
|-activate|p2a: Talonflame|move: Protect
|-activate|p2b: Floette|move: Protect
|
|upkeep
|turn|2
|
|t:|1785852539
|switch|p1a: Whimsicott|Whimsicott, L50, M|100/100
|move|p2a: Talonflame|Tailwind|p2a: Talonflame
|-sidestart|p2: predatorssg|move: Tailwind
|move|p2b: Floette|Moonblast|p1a: Whimsicott
|-enditem|p1a: Whimsicott|Focus Sash
|-damage|p1a: Whimsicott|1/100
|move|p1b: Milotic|Icy Wind|p2b: Floette|[spread] p2a
|-miss|p1b: Milotic|p2b: Floette
|-damage|p2a: Talonflame|80/100
|-unboost|p2a: Talonflame|spe|1
|
|upkeep
|turn|3
|
|t:|1785852556
|switch|p2a: Archaludon|Archaludon, L50, F|100/100
|move|p1a: Whimsicott|Tailwind|p1a: Whimsicott
|-sidestart|p1: TipoLucha|move: Tailwind
|move|p2b: Floette|Dazzling Gleam|p1a: Whimsicott|[spread] p1a,p1b
|-damage|p1a: Whimsicott|0 fnt
|-damage|p1b: Milotic|62/100
|faint|p1a: Whimsicott
|move|p1b: Milotic|Scald|p2b: Floette
|-damage|p2b: Floette|67/100
|
|upkeep
|
|t:|1785852564
|switch|p1a: Sneasler|Sneasler, L50, M|100/100
|turn|4
|
|t:|1785852571
|switch|p2b: Pelipper|Pelipper, L50, F|100/100
|-weather|RainDance|[from] ability: Drizzle|[of] p2b: Pelipper
|move|p1a: Sneasler|Dire Claw|p2b: Pelipper
|-damage|p2b: Pelipper|51/100
|move|p2a: Archaludon|Electro Shot||[still]
|-prepare|p2a: Archaludon|Electro Shot
|-boost|p2a: Archaludon|spa|1
|-anim|p2a: Archaludon|Electro Shot|p1b: Milotic
|-supereffective|p1b: Milotic|1
|-damage|p1b: Milotic|0 fnt
|faint|p1b: Milotic
|
|-weather|RainDance|[upkeep]
|upkeep
|
|t:|1785852574
|switch|p1b: Raichu|Raichu, L50, F|100/100
|turn|5
|
|t:|1785852585
|detailschange|p1b: Raichu|Raichu-Mega-Y, L50, F
|-mega|p1b: Raichu|Raichu|Raichunite Y
|move|p2a: Archaludon|Protect|p2a: Archaludon
|-singleturn|p2a: Archaludon|Protect
|move|p1b: Raichu|Focus Blast|p2a: Archaludon
|-activate|p2a: Archaludon|move: Protect
|move|p1a: Sneasler|Rock Slide|p2a: Archaludon|[spread] p2b
|-activate|p2a: Archaludon|move: Protect
|-supereffective|p2b: Pelipper|1
|-damage|p2b: Pelipper|5/100
|-enditem|p2b: Pelipper|Sitrus Berry|[eat]
|-heal|p2b: Pelipper|30/100|[from] item: Sitrus Berry
|move|p2b: Pelipper|Hurricane|p1a: Sneasler
|-supereffective|p1a: Sneasler|1
|-damage|p1a: Sneasler|0 fnt
|faint|p1a: Sneasler
|
|-weather|RainDance|[upkeep]
|-sideend|p2: predatorssg|move: Tailwind
|upkeep
|turn|6
|-message|TipoLucha forfeited.
|
|win|predatorssg
|l|☆TipoLucha
|player|p1|
|raw|TipoLucha's rating: 1187 → 1165(-22 for losing)
|raw|predatorssg's rating: 1222 → 1244(+22 for winning)
