|j|☆parsley<3
|j|☆kdan_7
|html|parsley<3kdan_7    
|uhtml|bestof|Game 3 of a best-of-3
|t:|1756444269
|gametype|doubles
|player|p1|parsley<3|lacey|1261
|player|p2|kdan_7|shauntal|1270
|gen|9
|tier|[Gen 9] VGC 2025 Reg H (Bo3)
|rated|
|rule|Species Clause: Limit one of each Pokémon
|rule|Item Clause: Limit 1 of each item
|clearpoke
|poke|p1|Maushold, L50|
|poke|p1|Annihilape, L50, M|
|poke|p1|Gholdengo, L50|
|poke|p1|Ursaluna-Bloodmoon, L50, M|
|poke|p1|Dragonite, L50, M|
|poke|p1|Sneasler, L50, F|
|poke|p2|Amoonguss, L50, M|
|poke|p2|Sneasler, L50, M|
|poke|p2|Gholdengo, L50|
|poke|p2|Incineroar, L50, M|
|poke|p2|Ursaluna-Bloodmoon, L50, M|
|poke|p2|Dragonite, L50, M|
|teampreview|4
|showteam|p1|Maushold||SafetyGoggles|FriendGuard|SuperFang,BeatUp,Protect,FollowMe||||||50|,,,,,Ghost]Annihilape||SitrusBerry|Defiant|RageFist,CloseCombat,Protect,FinalGambit|||M|||50|,,,,,Fire]Gholdengo||LifeOrb|GoodasGold|MakeItRain,ShadowBall,Protect,NastyPlot||||||50|,,,,,Water]Ursaluna-Bloodmoon||AssaultVest|MindsEye|HyperVoice,BloodMoon,EarthPower,VacuumWave|||M|||50|,,,,,Ghost]Dragonite||LoadedDice|Multiscale|ScaleShot,Tailwind,Protect,Haze|||M|||50|,,,,,Fairy]Sneasler||FocusSash|Unburden|DireClaw,CloseCombat,Protect,ThroatChop|||F|||50|,,,,,Stellar
|showteam|p2|Amoonguss||SitrusBerry|Regenerator|RagePowder,Spore,PollenPuff,Protect|||M|||50|,,,,,Psychic]Sneasler||FocusSash|Unburden|Protect,DireClaw,CloseCombat,ThroatChop|||M|||50|,,,,,Stellar]Gholdengo||LifeOrb|GoodasGold|Protect,MakeItRain,ShadowBall,NastyPlot||||||50|,,,,,Water]Incineroar||SafetyGoggles|Intimidate|KnockOff,PartingShot,FlareBlitz,FakeOut|||M|||50|,,,,,Ghost]Ursaluna-Bloodmoon||AssaultVest|MindsEye|BloodMoon,EarthPower,VacuumWave,HyperVoice|||M|||50|,,,,,Water]Dragonite||LoadedDice|Multiscale|ScaleShot,Tailwind,Haze,Protect|||M|||50|,,,,,Fairy
|
|t:|1756444303
|teamsize|p1|4
|teamsize|p2|4
|start
|switch|p1a: mishold|Maushold, L50|100/100
|switch|p1b: mishape|Annihilape, L50, M|100/100
|switch|p2a: Say Cheese|Gholdengo, L50|100/100
|switch|p2b: Zzzzzzzz|Amoonguss, L50, M|100/100
|turn|1
|inactive|Battle timer is ON: inactive players will automatically lose when time's up. (requested by kdan_7)
|
|t:|1756444341
|move|p1b: mishape|Protect|p1b: mishape
|-singleturn|p1b: mishape|Protect
|move|p2b: Zzzzzzzz|Rage Powder|p2b: Zzzzzzzz
|-singleturn|p2b: Zzzzzzzz|move: Rage Powder
|move|p1a: mishold|Super Fang|p2b: Zzzzzzzz
|-damage|p2b: Zzzzzzzz|50/100
|-enditem|p2b: Zzzzzzzz|Sitrus Berry|[eat]
|-heal|p2b: Zzzzzzzz|75/100|[from] item: Sitrus Berry
|move|p2a: Say Cheese|Nasty Plot|p2a: Say Cheese
|-boost|p2a: Say Cheese|spa|2
|
|upkeep
|turn|2
|
|t:|1756444361
|-terastallize|p1b: mishape|Fire
|move|p2b: Zzzzzzzz|Rage Powder|p2b: Zzzzzzzz
|-singleturn|p2b: Zzzzzzzz|move: Rage Powder
|move|p1a: mishold|Beat Up|p1b: mishape
|-damage|p1b: mishape|99/100
|-damage|p1b: mishape|97/100
|-damage|p1b: mishape|95/100
|-damage|p1b: mishape|92/100
|-hitcount|p1b: mishape|4
|move|p1b: mishape|Rage Fist|p2b: Zzzzzzzz
|-damage|p2b: Zzzzzzzz|0 fnt
|faint|p2b: Zzzzzzzz
|move|p2a: Say Cheese|Make It Rain|p1a: mishold|[spread] p1a,p1b
|-resisted|p1b: mishape
|-damage|p1a: mishold|0 fnt
|-damage|p1b: mishape|53/100
|-unboost|p2a: Say Cheese|spa|1
|faint|p1a: mishold
|-damage|p2a: Say Cheese|91/100|[from] item: Life Orb
|
|upkeep
|inactive|kdan_7 has 30 seconds left.
|
|t:|1756444387
|switch|p1a: mishdengo|Gholdengo, L50|100/100
|switch|p2b: 8|Sneasler, L50, M|100/100
|turn|3
|
|t:|1756444401
|move|p2a: Say Cheese|Protect|p2a: Say Cheese
|-singleturn|p2a: Say Cheese|Protect
|move|p2b: 8|Dire Claw|p1b: mishape
|-damage|p1b: mishape|9/100
|-enditem|p1b: mishape|Sitrus Berry|[eat]
|-heal|p1b: mishape|33/100|[from] item: Sitrus Berry
|move|p1b: mishape|Rage Fist|p2a: Say Cheese
|-activate|p2a: Say Cheese|move: Protect
|move|p1a: mishdengo|Shadow Ball|p2b: 8
|-damage|p2b: 8|22/100
|-damage|p1a: mishdengo|91/100|[from] item: Life Orb
|
|upkeep
|turn|4
|
|t:|1756444426
|-terastallize|p2a: Say Cheese|Water
|move|p1b: mishape|Protect|p1b: mishape
|-singleturn|p1b: mishape|Protect
|move|p2b: 8|Dire Claw|p1b: mishape
|-activate|p1b: mishape|move: Protect
|move|p1a: mishdengo|Make It Rain|p2b: 8|[spread] p2a,p2b
|-resisted|p2a: Say Cheese
|-damage|p2a: Say Cheese|57/100
|-damage|p2b: 8|0 fnt
|-unboost|p1a: mishdengo|spa|1
|faint|p2b: 8
|-damage|p1a: mishdengo|82/100|[from] item: Life Orb
|move|p2a: Say Cheese|Shadow Ball|p1a: mishdengo
|-supereffective|p1a: mishdengo
|-damage|p1a: mishdengo|0 fnt
|faint|p1a: mishdengo
|-damage|p2a: Say Cheese|47/100|[from] item: Life Orb
|
|upkeep
|
|t:|1756444441
|switch|p2b: Golden Wind|Dragonite, L50, M|100/100
|switch|p1a: mishler|Sneasler, L50, F|100/100
|turn|5
|
|t:|1756444454
|move|p1a: mishler|Dire Claw|p2b: Golden Wind
|-damage|p2b: Golden Wind|76/100
|move|p1b: mishape|Rage Fist|p2b: Golden Wind
|-damage|p2b: Golden Wind|0 fnt
|faint|p2b: Golden Wind
|move|p2a: Say Cheese|Make It Rain|p1a: mishler|[spread] p1a,p1b
|-resisted|p1b: mishape
|-enditem|p1a: mishler|Focus Sash
|-damage|p1a: mishler|1/100
|-damage|p1b: mishape|0 fnt
|-unboost|p2a: Say Cheese|spa|1
|faint|p1b: mishape
|-damage|p2a: Say Cheese|38/100|[from] item: Life Orb
|
|upkeep
|turn|6
|
|t:|1756444468
|move|p1a: mishler|Close Combat|p2a: Say Cheese
|-damage|p2a: Say Cheese|0 fnt
|-unboost|p1a: mishler|def|1
|-unboost|p1a: mishler|spd|1
|faint|p2a: Say Cheese
|
|win|parsley<3
|raw|parsley<3's rating: 1261 → 1287(+26 for winning)
|raw|kdan_7's rating: 1270 → 1244(-26 for losing)
