|j|☆MrPhoenixGC
|j|☆willscharnagl
|html|MrPhoenixGCwillscharnagl    
|uhtml|bestof|Game 1 of a best-of-3
|t:|1756828306
|gametype|doubles
|player|p1|MrPhoenixGC|steven|1130
|player|p2|willscharnagl|169|1168
|gen|9
|tier|[Gen 9] VGC 2025 Reg H (Bo3)
|rated|
|rule|Species Clause: Limit one of each Pokémon
|rule|Item Clause: Limit 1 of each item
|clearpoke
|poke|p1|Gholdengo, L50|
|poke|p1|Pelipper, L50, M|
|poke|p1|Archaludon, L50, F|
|poke|p1|Ursaluna, L50, F|
|poke|p1|Dragonite, L50, F|
|poke|p1|Sinistcha, L50|
|poke|p2|Gliscor, L50, M|
|poke|p2|Grimmsnarl, L50, M|
|poke|p2|Incineroar, L50, M|
|poke|p2|Archaludon, L50, F|
|poke|p2|Sinistcha-Masterpiece, L50|
|poke|p2|Pelipper, L50, F|
|teampreview|4
|showteam|p1|Gholdengo||ChoiceScarf|GoodasGold|MakeItRain,ShadowBall,Trick,Protect||||||50|,,,,,Steel]Pelipper||FocusSash|Drizzle|Protect,MuddyWater,Hurricane,WideGuard|||M|||50|,,,,,Ghost]Archaludon||AssaultVest|Stamina|BodyPress,Snarl,ElectroShot,FlashCannon|||F|||50|,,,,,Bug]Ursaluna||FlameOrb|Guts|Protect,Facade,Earthquake,HeadlongRush|||F|||50|,,,,,Ghost]Dragonite||LoadedDice|Multiscale|ScaleShot,Haze,Tailwind,Protect|||F|||50|,,,,,Fairy]Sinistcha||SitrusBerry|Hospitality|TrickRoom,MatchaGotcha,LifeDew,RagePowder||||||50|,,,,,Dark
|showteam|p2|Gliscor||ToxicOrb|PoisonHeal|DualWingbeat,HighHorsepower,Protect,SwordsDance|||M|||50|,,,,,Water]Grimmsnarl||LightClay|Prankster|LightScreen,Reflect,SpiritBreak,ThunderWave|||M|||50|,,,,,Ghost]Incineroar||SafetyGoggles|Intimidate|KnockOff,PartingShot,FakeOut,FlareBlitz|||M|||50|,,,,,Ghost]Archaludon||PowerHerb|Sturdy|Thunderbolt,ElectroShot,Protect,DracoMeteor|||F|||50|,,,,,Electric]Sinistcha-Masterpiece||AssaultVest|Hospitality|LeafStorm,Scald,MatchaGotcha,ShadowBall||||||50|,,,,,Water]Pelipper||FocusSash|Drizzle|WeatherBall,Hurricane,Tailwind,Protect|||F|||50|,,,,,Ghost
|inactive|Battle timer is ON: inactive players will automatically lose when time's up. (requested by willscharnagl)
|inactive|MrPhoenixGC has 60 seconds left.
|inactive|willscharnagl has 60 seconds left.
|inactive|MrPhoenixGC has 30 seconds left.
|inactive|MrPhoenixGC has 20 seconds left.
|
|t:|1756828381
|teamsize|p1|4
|teamsize|p2|4
|start
|switch|p1a: Gholdengo|Gholdengo, L50|100/100
|switch|p1b: Dragonite|Dragonite, L50, F|100/100
|switch|p2a: Gliscor|Gliscor, L50, M|100/100
|switch|p2b: Incineroar|Incineroar, L50, M|100/100
|-ability|p2b: Incineroar|Intimidate|boost
|-unboost|p1a: Gholdengo|atk|1
|-unboost|p1b: Dragonite|atk|1
|turn|1
|inactive|MrPhoenixGC has 30 seconds left.
|
|t:|1756828411
|move|p2a: Gliscor|Protect|p2a: Gliscor
|-singleturn|p2a: Gliscor|Protect
|move|p1b: Dragonite|Protect|p1b: Dragonite
|-singleturn|p1b: Dragonite|Protect
|move|p1a: Gholdengo|Trick|p2b: Incineroar
|-activate|p1a: Gholdengo|move: Trick|[of] p2b: Incineroar
|-item|p2b: Incineroar|Choice Scarf|[from] move: Trick
|-item|p1a: Gholdengo|Safety Goggles|[from] move: Trick
|move|p2b: Incineroar|Knock Off|p1a: Gholdengo
|-supereffective|p1a: Gholdengo
|-damage|p1a: Gholdengo|20/100
|-enditem|p1a: Gholdengo|Safety Goggles|[from] move: Knock Off|[of] p2b: Incineroar
|
|-status|p2a: Gliscor|tox|[from] item: Toxic Orb
|upkeep
|turn|2
|inactive|MrPhoenixGC has 30 seconds left.
|
|t:|1756828445
|move|p2a: Gliscor|High Horsepower|p1a: Gholdengo
|-supereffective|p1a: Gholdengo
|-damage|p1a: Gholdengo|0 fnt
|faint|p1a: Gholdengo
|move|p1b: Dragonite|Tailwind|p1b: Dragonite
|-sidestart|p1: MrPhoenixGC|move: Tailwind
|move|p2b: Incineroar|Knock Off|p1b: Dragonite
|-damage|p1b: Dragonite|79/100
|-enditem|p1b: Dragonite|Loaded Dice|[from] move: Knock Off|[of] p2b: Incineroar
|
|upkeep
|
|t:|1756828454
|switch|p1a: Sinistcha|Sinistcha, L50|100/100
|-heal|p1b: Dragonite|100/100|[from] ability: Hospitality|[of] p1a: Sinistcha
|turn|3
|inactive|MrPhoenixGC has 30 seconds left.
|
|t:|1756828486
|-terastallize|p1b: Dragonite|Fairy
|move|p1b: Dragonite|Scale Shot|p2a: Gliscor
|-damage|p2a: Gliscor|92/100 tox
|-damage|p2a: Gliscor|84/100 tox
|-hitcount|p2a: Gliscor|2
|-unboost|p1b: Dragonite|def|1
|-boost|p1b: Dragonite|spe|1
|move|p1a: Sinistcha|Matcha Gotcha|p2a: Gliscor|[spread] p2a,p2b
|-resisted|p2b: Incineroar
|-damage|p2a: Gliscor|53/100 tox
|-damage|p2b: Incineroar|92/100
|move|p2a: Gliscor|Swords Dance|p2a: Gliscor
|-boost|p2a: Gliscor|atk|2
|move|p2b: Incineroar|Knock Off|p1a: Sinistcha
|-supereffective|p1a: Sinistcha
|-damage|p1a: Sinistcha|30/100
|-enditem|p1a: Sinistcha|Sitrus Berry|[from] move: Knock Off|[of] p2b: Incineroar
|
|-heal|p2a: Gliscor|65/100 tox|[from] ability: Poison Heal
|upkeep
|turn|4
|inactive|MrPhoenixGC has 30 seconds left.
|
|t:|1756828514
|switch|p2b: Sinistcha|Sinistcha-Masterpiece, L50|100/100
|-heal|p2a: Gliscor|90/100 tox|[from] ability: Hospitality|[of] p2b: Sinistcha
|move|p1b: Dragonite|Scale Shot|p2a: Gliscor
|-damage|p2a: Gliscor|81/100 tox
|-damage|p2a: Gliscor|73/100 tox
|-damage|p2a: Gliscor|64/100 tox
|-damage|p2a: Gliscor|56/100 tox
|-damage|p2a: Gliscor|48/100 tox
|-hitcount|p2a: Gliscor|5
|-unboost|p1b: Dragonite|def|1
|-boost|p1b: Dragonite|spe|1
|move|p1a: Sinistcha|Life Dew||[still]|[spread] p1a,p1b
|-heal|p1a: Sinistcha|55/100
|-fail|p1b: Dragonite|heal
|move|p2a: Gliscor|Dual Wingbeat|p1a: Sinistcha
|-supereffective|p1a: Sinistcha
|-damage|p1a: Sinistcha|7/100
|-supereffective|p1a: Sinistcha
|-damage|p1a: Sinistcha|0 fnt
|faint|p1a: Sinistcha
|-hitcount|p1: Sinistcha|2
|
|-heal|p2a: Gliscor|61/100 tox|[from] ability: Poison Heal
|upkeep
|
|t:|1756828537
|switch|p1a: Ursaluna|Ursaluna, L50, F|100/100
|turn|5
|
|t:|1756828543
|switch|p2b: Incineroar|Incineroar, L50, M|92/100
|-ability|p2b: Incineroar|Intimidate|boost
|-unboost|p1a: Ursaluna|atk|1
|-unboost|p1b: Dragonite|atk|1
|move|p1a: Ursaluna|Protect|p1a: Ursaluna
|-singleturn|p1a: Ursaluna|Protect
|move|p2a: Gliscor|Protect|p2a: Gliscor
|-singleturn|p2a: Gliscor|Protect
|move|p1b: Dragonite|Haze|p1b: Dragonite
|-clearallboost
|
|-heal|p2a: Gliscor|73/100 tox|[from] ability: Poison Heal
|-sideend|p1: MrPhoenixGC|move: Tailwind
|-status|p1a: Ursaluna|brn|[from] item: Flame Orb
|upkeep
|turn|6
|inactive|MrPhoenixGC has 30 seconds left.
|inactive|MrPhoenixGC has 20 seconds left.
|
|t:|1756828578
|move|p2b: Incineroar|Fake Out|p1a: Ursaluna
|-damage|p1a: Ursaluna|91/100 brn
|move|p2a: Gliscor|Swords Dance|p2a: Gliscor
|-boost|p2a: Gliscor|atk|2
|move|p1b: Dragonite|Scale Shot|p2a: Gliscor
|-damage|p2a: Gliscor|60/100 tox
|-crit|p2a: Gliscor
|-damage|p2a: Gliscor|42/100 tox
|-damage|p2a: Gliscor|29/100 tox
|-hitcount|p2a: Gliscor|3
|-unboost|p1b: Dragonite|def|1
|-boost|p1b: Dragonite|spe|1
|cant|p1a: Ursaluna|flinch
|
|-heal|p2a: Gliscor|42/100 tox|[from] ability: Poison Heal
|-damage|p1a: Ursaluna|85/100 brn|[from] brn
|upkeep
|turn|7
|inactive|MrPhoenixGC has 30 seconds left.
|
|t:|1756828611
|switch|p2b: Sinistcha|Sinistcha-Masterpiece, L50|100/100
|-heal|p2a: Gliscor|67/100 tox|[from] ability: Hospitality|[of] p2b: Sinistcha
|move|p2a: Gliscor|Protect|p2a: Gliscor
|-singleturn|p2a: Gliscor|Protect
|move|p1b: Dragonite|Scale Shot|p2a: Gliscor
|-activate|p2a: Gliscor|move: Protect
|move|p1a: Ursaluna|Facade|p2a: Gliscor
|-activate|p2a: Gliscor|move: Protect
|
|-heal|p2a: Gliscor|79/100 tox|[from] ability: Poison Heal
|-damage|p1a: Ursaluna|79/100 brn|[from] brn
|upkeep
|turn|8
|
|t:|1756828636
|move|p1b: Dragonite|Scale Shot|p2a: Gliscor
|-damage|p2a: Gliscor|66/100 tox
|-damage|p2a: Gliscor|52/100 tox
|-hitcount|p2a: Gliscor|2
|-unboost|p1b: Dragonite|def|1
|-boost|p1b: Dragonite|spe|1
|move|p2a: Gliscor|Dual Wingbeat|p1b: Dragonite
|-damage|p1b: Dragonite|72/100
|-damage|p1b: Dragonite|10/100
|-hitcount|p1b: Dragonite|2
|move|p1a: Ursaluna|Earthquake|p2a: Gliscor|[spread] p1b,p2b
|-immune|p2a: Gliscor
|-resisted|p2b: Sinistcha
|-damage|p1b: Dragonite|0 fnt
|-damage|p2b: Sinistcha|66/100
|faint|p1b: Dragonite
|move|p2b: Sinistcha|Matcha Gotcha|p1a: Ursaluna
|-supereffective|p1a: Ursaluna
|-damage|p1a: Ursaluna|0 fnt
|-heal|p2b: Sinistcha|100/100|[from] drain|[of] p1a: Ursaluna
|faint|p1a: Ursaluna
|
|win|willscharnagl
|inactive|MrPhoenixGC has 30 seconds to confirm battle start!
|inactive|willscharnagl has 30 seconds to confirm battle start!
||willscharnagl is ready for game 2.
|inactive|MrPhoenixGC has 20 seconds to confirm battle start!
