|j|☆lucasmalt
|j|☆Kyrie pokemon
|html|lucasmaltKyrie pokemon    
|uhtml|bestof|Game 2 of a best-of-3
|t:|1784806603
|gametype|doubles
|player|p1|lucasmalt|170|1352
|player|p2|Kyrie pokemon|101|1362
|gen|9
|tier|[Gen 9 Champions] VGC 2026 Reg M-B (Bo3)
|rated|
|rule|Species Clause: Limit one of each Pokémon
|rule|Item Clause: Limit 1 of each item
|clearpoke
|poke|p1|Blaziken, L50, M, shiny|
|poke|p1|Incineroar, L50, M, shiny|
|poke|p1|Sinistcha, L50|
|poke|p1|Milotic, L50, M, shiny|
|poke|p1|Hydreigon, L50, F|
|poke|p1|Gardevoir, L50, M, shiny|
|poke|p2|Kleavor, L50, M|
|poke|p2|Kingambit, L50, M|
|poke|p2|Charizard, L50, F|
|poke|p2|Garchomp, L50, M|
|poke|p2|Ninetales-Alola, L50, F|
|poke|p2|Whimsicott, L50, F|
|teampreview|4
|showteam|p1|Blaziken||Blazikenite|SpeedBoost|FlareBlitz,CloseCombat,RockSlide,Detect|Adamant||M|||50|]Incineroar||SitrusBerry|Intimidate|FakeOut,FlareBlitz,DarkestLariat,PartingShot|Careful||M|||50|]Sinistcha||KasibBerry|Hospitality|MatchaGotcha,RagePowder,TrickRoom,Protect|Bold|||||50|]Milotic||Leftovers|Competitive|MuddyWater,Coil,Hypnosis,Recover|Calm||M|||50|]Hydreigon||ChoiceScarf|Levitate|Snarl,DracoMeteor,DarkPulse,EarthPower|Modest||F|||50|]Gardevoir||Gardevoirite|Trace|HyperVoice,Psyshock,TrickRoom,Protect|Modest||M|||50|
|showteam|p2|Kleavor||ChoiceScarf|Sharpness|StoneAxe,XScissor,Uturn,CloseCombat|Jolly||M|||50|]Kingambit||BlackGlasses|Defiant|KowtowCleave,Protect,SuckerPunch,IronHead|Adamant||M|||50|]Charizard||CharizarditeY|Blaze|HeatWave,Protect,SolarBeam,WeatherBall|Modest||F|||50|]Garchomp||LifeOrb|RoughSkin|Earthquake,Protect,RockSlide,StompingTantrum|Jolly||M|||50|]Ninetales-Alola||NeverMeltIce|SnowWarning|Blizzard,Protect,Disable,FreezeDry|Timid||F|||50|]Whimsicott||FocusSash|Prankster|Moonblast,Protect,Encore,Tailwind|Jolly||F|||50|
|inactive|Battle timer is ON: inactive players will automatically lose when time's up. (requested by lucasmalt)
|
|t:|1784806654
|teamsize|p1|4
|teamsize|p2|4
|start
|switch|p1a: Blaziken|Blaziken, L50, M, shiny|100/100
|switch|p1b: Incineroar|Incineroar, L50, M, shiny|100/100
|switch|p2a: Garchomp|Garchomp, L50, M|100/100
|switch|p2b: Charizard|Charizard, L50, F|100/100
|-ability|p1b: Incineroar|Intimidate|boost
|-unboost|p2a: Garchomp|atk|1
|-unboost|p2b: Charizard|atk|1
|turn|1
|inactive|Kyrie pokemon has 30 seconds left.
|
|t:|1784806684
|detailschange|p1a: Blaziken|Blaziken-Mega, L50, M, shiny
|-mega|p1a: Blaziken|Blaziken|Blazikenite
|move|p2a: Garchomp|Protect|p2a: Garchomp
|-singleturn|p2a: Garchomp|Protect
|move|p2b: Charizard|Protect|p2b: Charizard
|-singleturn|p2b: Charizard|Protect
|move|p1b: Incineroar|Fake Out|p2a: Garchomp
|-activate|p2a: Garchomp|move: Protect
|move|p1a: Blaziken|Rock Slide|p2a: Garchomp|[spread] 
|-activate|p2a: Garchomp|move: Protect
|-activate|p2b: Charizard|move: Protect
|
|-ability|p1a: Blaziken|Speed Boost|boost
|-boost|p1a: Blaziken|spe|1
|upkeep
|turn|2
|inactive|Kyrie pokemon has 30 seconds left.
|
|t:|1784806712
|detailschange|p2b: Charizard|Charizard-Mega-Y, L50, F
|-mega|p2b: Charizard|Charizard|Charizardite Y
|-weather|SunnyDay|[from] ability: Drought|[of] p2b: Charizard
|move|p1a: Blaziken|Detect|p1a: Blaziken
|-singleturn|p1a: Blaziken|Protect
|move|p2a: Garchomp|Earthquake|p1a: Blaziken|[spread] p1b
|-activate|p1a: Blaziken|move: Protect
|-immune|p2b: Charizard
|-supereffective|p1b: Incineroar|1
|-damage|p1b: Incineroar|40/100
|-enditem|p1b: Incineroar|Sitrus Berry|[eat]
|-heal|p1b: Incineroar|65/100|[from] item: Sitrus Berry
|-damage|p2a: Garchomp|90/100|[from] item: Life Orb
|move|p2b: Charizard|Weather Ball|p1a: Blaziken
|-activate|p1a: Blaziken|move: Protect
|move|p1b: Incineroar|Parting Shot|p2a: Garchomp
|-unboost|p2a: Garchomp|atk|1
|-unboost|p2a: Garchomp|spa|1
|
|t:|1784806733
|switch|p1b: Milotic|Milotic, L50, M, shiny|100/100|[from] Parting Shot
|
|-weather|SunnyDay|[upkeep]
|-ability|p1a: Blaziken|Speed Boost|boost
|-boost|p1a: Blaziken|spe|1
|upkeep
|turn|3
|inactive|Kyrie pokemon has 30 seconds left.
|
|t:|1784806766
|switch|p2a: Ninetales|Ninetales-Alola, L50, F|100/100
|-weather|Snowscape|[from] ability: Snow Warning|[of] p2a: Ninetales
|move|p2b: Charizard|Protect|p2b: Charizard
|-singleturn|p2b: Charizard|Protect
|move|p1a: Blaziken|Rock Slide|p2a: Ninetales|[spread] p2a
|-activate|p2b: Charizard|move: Protect
|-supereffective|p2a: Ninetales|1
|-damage|p2a: Ninetales|46/100
|move|p1b: Milotic|Coil|p1b: Milotic
|-boost|p1b: Milotic|atk|1
|-boost|p1b: Milotic|def|1
|-boost|p1b: Milotic|accuracy|1
|
|-weather|Snowscape|[upkeep]
|-ability|p1a: Blaziken|Speed Boost|boost
|-boost|p1a: Blaziken|spe|1
|upkeep
|turn|4
|inactive|Kyrie pokemon has 30 seconds left.
|inactive|Kyrie pokemon has 20 seconds left.
|
|t:|1784806805
|switch|p2b: Garchomp|Garchomp, L50, M|90/100
|move|p2a: Ninetales|Protect|p2a: Ninetales
|-singleturn|p2a: Ninetales|Protect
|move|p1a: Blaziken|Rock Slide|p2b: Garchomp|[spread] p2b
|-activate|p2a: Ninetales|move: Protect
|-resisted|p2b: Garchomp|1
|-damage|p2b: Garchomp|77/100
|move|p1b: Milotic|Hypnosis|p2b: Garchomp
|-status|p2b: Garchomp|slp|[from] move: Hypnosis
|
|-weather|Snowscape|[upkeep]
|-ability|p1a: Blaziken|Speed Boost|boost
|-boost|p1a: Blaziken|spe|1
|upkeep
|turn|5
|
|t:|1784806826
|switch|p2a: Charizard|Charizard-Mega-Y, L50, F|100/100
|-weather|SunnyDay|[from] ability: Drought|[of] p2a: Charizard
|move|p1a: Blaziken|Rock Slide|p2b: Garchomp|[spread] p2a,p2b
|-supereffective|p2a: Charizard|2
|-resisted|p2b: Garchomp|1
|-damage|p2a: Charizard|0 fnt
|-damage|p2b: Garchomp|65/100 slp
|faint|p2a: Charizard
|cant|p2b: Garchomp|slp
|move|p1b: Milotic|Coil|p1b: Milotic
|-boost|p1b: Milotic|atk|1
|-boost|p1b: Milotic|def|1
|-boost|p1b: Milotic|accuracy|1
|
|-weather|SunnyDay|[upkeep]
|-ability|p1a: Blaziken|Speed Boost|boost
|-boost|p1a: Blaziken|spe|1
|upkeep
|-message|Kyrie pokemon forfeited.
|
|win|lucasmalt
|l|☆Kyrie pokemon
|player|p2|
|j|☆Kyrie pokemon
|player|p2|Kyrie pokemon|101|
