|j|☆ArsenioMaster
|j|☆Nessa333
|html|ArsenioMasterNessa333    
|uhtml|bestof|Game 2 of a best-of-3
|t:|1757200082
|gametype|doubles
|player|p1|ArsenioMaster|lucian|1000
|player|p2|Nessa333|2|1000
|gen|9
|tier|[Gen 9] VGC 2025 Reg H (Bo3)
|rated|
|rule|Species Clause: Limit one of each Pokémon
|rule|Item Clause: Limit 1 of each item
|clearpoke
|poke|p1|Archaludon, L50, M|
|poke|p1|Baxcalibur, L50, F|
|poke|p1|Incineroar, L50, M|
|poke|p1|Whimsicott, L50, F|
|poke|p1|Gholdengo, L50|
|poke|p1|Milotic, L50, M|
|poke|p2|Basculegion, L50, M|
|poke|p2|Archaludon, L50, M|
|poke|p2|Rillaboom, L50, F|
|poke|p2|Maushold, L50|
|poke|p2|Sneasler, L50, M|
|poke|p2|Volcarona, L50, F|
|teampreview|4
|showteam|p1|Archaludon||PowerHerb|Stamina|ElectroShot,DragonPulse,FlashCannon,Protect|||M|||50|,,,,,Flying]Baxcalibur||LifeOrb|ThermalExchange|DragonDance,GlaiveRush,Earthquake,IcicleCrash|||F|||50|,,,,,Steel]Incineroar||AssaultVest|Intimidate|FakeOut,Uturn,FlareBlitz,DarkestLariat|||M|||50|,,,,,Fire]Whimsicott||FocusSash|Prankster|BeatUp,Encore,Moonblast,Tailwind|||F|||50|,,,,,Grass]Gholdengo||ChoiceSpecs|GoodasGold|MakeItRain,DazzlingGleam,Psyshock,ShadowBall||||||50|,,,,,Steel]Milotic||FlameOrb|MarvelScale|Protect,LifeDew,IcyWind,Scald|||M|||50|,,,,,Water
|showteam|p2|Basculegion||ChoiceScarf|Adaptability|AquaJet,WaveCrash,LastRespects,FlipTurn|||M|||50|,,,,,Grass]Archaludon||PowerHerb|Sturdy|AuraSphere,ElectroShot,FlashCannon,Protect|||M|||50|,,,,,Fighting]Rillaboom||AssaultVest|GrassySurge|Uturn,FakeOut,GrassyGlide,WoodHammer|||F|||50|,,,,,Fire]Maushold||WideLens|Technician|PopulationBomb,FollowMe,Taunt,Protect||||||50|,,,,,Ghost]Sneasler||GrassySeed|Unburden|DireClaw,CloseCombat,ThroatChop,Protect|||M|||50|,,,,,Stellar]Volcarona||CovertCloak|FlameBody|StruggleBug,WillOWisp,HeatWave,Tailwind|||F|||50|,,,,,Fairy
|inactive|Battle timer is ON: inactive players will automatically lose when time's up. (requested by ArsenioMaster)
|
|t:|1757200111
|teamsize|p1|4
|teamsize|p2|4
|start
|switch|p1a: Baxcalibur|Baxcalibur, L50, F|100/100
|switch|p1b: Incineroar|Incineroar, L50, M|100/100
|switch|p2a: Rillaboom|Rillaboom, L50, F|100/100
|switch|p2b: Sneasler|Sneasler, L50, M|100/100
|-fieldstart|move: Grassy Terrain|[from] ability: Grassy Surge|[of] p2a: Rillaboom
|-enditem|p2b: Sneasler|Grassy Seed
|-boost|p2b: Sneasler|def|1|[from] item: Grassy Seed
|-ability|p1b: Incineroar|Intimidate|boost
|-unboost|p2a: Rillaboom|atk|1
|-unboost|p2b: Sneasler|atk|1
|turn|1
|inactive|Nessa333 has 30 seconds left.
|
|t:|1757200137
|-terastallize|p2b: Sneasler|Stellar
|move|p2a: Rillaboom|Fake Out|p1b: Incineroar
|-crit|p1b: Incineroar
|-damage|p1b: Incineroar|81/100
|cant|p1b: Incineroar|flinch
|move|p2b: Sneasler|Close Combat|p1a: Baxcalibur
|-supereffective|p1a: Baxcalibur
|-damage|p1a: Baxcalibur|0 fnt
|-unboost|p2b: Sneasler|def|1
|-unboost|p2b: Sneasler|spd|1
|faint|p1a: Baxcalibur
|
|-heal|p1b: Incineroar|87/100|[from] Grassy Terrain
|upkeep
|
|t:|1757200154
|switch|p1a: Gholdengo|Gholdengo, L50|100/100
|turn|2
|
|t:|1757200169
|-terastallize|p1a: Gholdengo|Steel
|move|p2b: Sneasler|Protect|p2b: Sneasler
|-singleturn|p2b: Sneasler|Protect
|move|p1a: Gholdengo|Make It Rain|p2a: Rillaboom|[spread] p2a
|-activate|p2b: Sneasler|move: Protect
|-damage|p2a: Rillaboom|23/100
|-unboost|p1a: Gholdengo|spa|1
|move|p2a: Rillaboom|U-turn|p1b: Incineroar
|-damage|p1b: Incineroar|73/100
|
|t:|1757200180
|switch|p2a: Archaludon|Archaludon, L50, M|100/100|[from] U-turn
|move|p1b: Incineroar|Flare Blitz|p2a: Archaludon
|-damage|p2a: Archaludon|49/100
|-damage|p1b: Incineroar|59/100|[from] Recoil
|
|-heal|p2a: Archaludon|55/100|[from] Grassy Terrain
|-heal|p1b: Incineroar|65/100|[from] Grassy Terrain
|upkeep
|turn|3
|inactive|ArsenioMaster has 30 seconds left.
|inactive|ArsenioMaster has 20 seconds left.
|inactive|ArsenioMaster has 15 seconds left.
|
|t:|1757200225
|switch|p1a: Milotic|Milotic, L50, M|100/100
|move|p2b: Sneasler|Close Combat|p1a: Milotic
|-crit|p1a: Milotic
|-damage|p1a: Milotic|10/100
|-unboost|p2b: Sneasler|def|1
|-unboost|p2b: Sneasler|spd|1
|move|p2a: Archaludon|Aura Sphere|p1a: Milotic
|-damage|p1a: Milotic|0 fnt
|faint|p1a: Milotic
|move|p1b: Incineroar|Flare Blitz|p2b: Sneasler
|-damage|p2b: Sneasler|0 fnt
|faint|p2b: Sneasler
|-damage|p1b: Incineroar|40/100|[from] Recoil
|
|-heal|p2a: Archaludon|61/100|[from] Grassy Terrain
|-heal|p1b: Incineroar|46/100|[from] Grassy Terrain
|upkeep
|
|t:|1757200246
|switch|p2b: Basculegion|Basculegion, L50, M|100/100
|switch|p1a: Gholdengo|Gholdengo, L50, tera:Steel|100/100
|turn|4
|inactive|ArsenioMaster has 30 seconds left.
|inactive|Nessa333 has 30 seconds left.
|inactive|Nessa333 has 20 seconds left.
|inactive|Nessa333 has 15 seconds left.
|inactive|Nessa333 has 10 seconds left.
|
|t:|1757200295
|switch|p2b: Rillaboom|Rillaboom, L50, F|23/100
|move|p2a: Archaludon|Protect|p2a: Archaludon
|-singleturn|p2a: Archaludon|Protect
|move|p1a: Gholdengo|Dazzling Gleam|p2a: Archaludon|[spread] p2b
|-activate|p2a: Archaludon|move: Protect
|-damage|p2b: Rillaboom|0 fnt
|faint|p2b: Rillaboom
|move|p1b: Incineroar|Flare Blitz|p2a: Archaludon
|-activate|p2a: Archaludon|move: Protect
|
|-heal|p2a: Archaludon|67/100|[from] Grassy Terrain
|-heal|p1b: Incineroar|52/100|[from] Grassy Terrain
|upkeep
|
|t:|1757200309
|switch|p2b: Basculegion|Basculegion, L50, M|100/100
|turn|5
|
|t:|1757200324
|move|p2b: Basculegion|Last Respects|p1a: Gholdengo
|-damage|p1a: Gholdengo|0 fnt
|faint|p1a: Gholdengo
|move|p2a: Archaludon|Aura Sphere|p1b: Incineroar
|-supereffective|p1b: Incineroar
|-damage|p1b: Incineroar|17/100
|move|p1b: Incineroar|Darkest Lariat|p2b: Basculegion
|-supereffective|p2b: Basculegion
|-damage|p2b: Basculegion|0 fnt
|faint|p2b: Basculegion
|
|-heal|p2a: Archaludon|73/100|[from] Grassy Terrain
|-heal|p1b: Incineroar|23/100|[from] Grassy Terrain
|-fieldend|move: Grassy Terrain
|upkeep
|turn|6
|
|t:|1757200342
|move|p2a: Archaludon|Aura Sphere|p1b: Incineroar
|-supereffective|p1b: Incineroar
|-damage|p1b: Incineroar|0 fnt
|faint|p1b: Incineroar
|
|win|Nessa333
||Nessa333 is ready for game 3.
||ArsenioMaster is ready for game 3.
|uhtml|next|Next: Game 3 of 3
