|j|☆M1NuM-
|j|☆benjitulio
|html|M1NuM-benjitulio    
|uhtml|bestof|Game 2 of a best-of-3
|t:|1783211974
|gametype|doubles
|player|p1|M1NuM-|wallace|1205
|player|p2|benjitulio|wattson|1105
|gen|9
|tier|[Gen 9 Champions] VGC 2026 Reg M-B (Bo3)
|rated|
|rule|Species Clause: Limit one of each Pokémon
|rule|Item Clause: Limit 1 of each item
|clearpoke
|poke|p1|Aerodactyl, L50, F|
|poke|p1|Venusaur, L50, F|
|poke|p1|Kingambit, L50, M|
|poke|p1|Basculegion, L50, M|
|poke|p1|Whimsicott, L50, F|
|poke|p1|Vivillon-Pokeball, L50, M|
|poke|p2|Maushold-Four, L50|
|poke|p2|Incineroar, L50, F|
|poke|p2|Metagross, L50|
|poke|p2|Aerodactyl, L50, M|
|poke|p2|Primarina, L50, F|
|poke|p2|Sinistcha, L50|
|teampreview|4
|showteam|p1|Aerodactyl||Aerodactylite|Unnerve|RockSlide,DualWingbeat,Tailwind,Protect|Jolly||F|||50|]Venusaur||Venusaurite|Chlorophyll|EarthPower,SludgeBomb,GigaDrain,Protect|Modest||F|||50|]Kingambit||ChopleBerry|Defiant|KowtowCleave,LowKick,SuckerPunch,Protect|Adamant||M|||50|]Basculegion||LifeOrb|Adaptability|LastRespects,AquaJet,WaveCrash,Protect|Adamant||M|||50|]Whimsicott||MentalHerb|Prankster|Encore,Tailwind,Moonblast,Protect|Bold||F|||50|]Vivillon-Pokeball||FocusSash|CompoundEyes|SleepPowder,RagePowder,Hurricane,Protect|Timid||M|||50|
|showteam|p2|Maushold-Four||FocusSash|FriendGuard|FollowMe,RainDance,PopulationBomb,SuperFang|Jolly|||||50|]Incineroar||ChopleBerry|Intimidate|FakeOut,FlareBlitz,PartingShot,DarkestLariat|Impish||F|||50|]Metagross||Metagrossite|ClearBody|IronHead,Protect,PsychicFangs,Earthquake|Adamant|||||50|]Aerodactyl||FocusBand|Unnerve|RockSlide,Protect,Tailwind,IceFang|Jolly||M|||50|]Primarina||ChoiceScarf|LiquidVoice|HyperVoice,HydroPump,IcyWind,Moonblast|Modest||F|||50|]Sinistcha||Leftovers|Hospitality|MatchaGotcha,LifeDew,ShadowBall,RagePowder|Calm|||||50|
|inactive|Battle timer is ON: inactive players will automatically lose when time's up. (requested by M1NuM-)
|inactive|benjitulio has 60 seconds left.
|
|t:|1783212020
|teamsize|p1|4
|teamsize|p2|4
|start
|switch|p1a: Basculegion|Basculegion, L50, M|100/100
|switch|p1b: Whimsicott|Whimsicott, L50, F|100/100
|switch|p2a: Incineroar|Incineroar, L50, F|100/100
|switch|p2b: Metagross|Metagross, L50|100/100
|-ability|p2a: Incineroar|Intimidate|boost
|-unboost|p1a: Basculegion|atk|1
|-unboost|p1b: Whimsicott|atk|1
|turn|1
|
|t:|1783212037
|detailschange|p2b: Metagross|Metagross-Mega, L50
|-mega|p2b: Metagross|Metagross|Metagrossite
|move|p1b: Whimsicott|Protect|p1b: Whimsicott
|-singleturn|p1b: Whimsicott|Protect
|move|p2a: Incineroar|Fake Out|p1b: Whimsicott
|-activate|p1b: Whimsicott|move: Protect
|move|p2b: Metagross|Iron Head|p1b: Whimsicott
|-activate|p1b: Whimsicott|move: Protect
|move|p1a: Basculegion|Wave Crash|p2a: Incineroar
|-supereffective|p2a: Incineroar|1
|-damage|p2a: Incineroar|0 fnt
|faint|p2a: Incineroar
|-damage|p1a: Basculegion|66/100|[from] Recoil
|-damage|p1a: Basculegion|56/100|[from] item: Life Orb
|
|upkeep
|
|t:|1783212044
|switch|p2a: Primarina|Primarina, L50, F|100/100
|turn|2
|
|t:|1783212054
|move|p1b: Whimsicott|Tailwind|p1b: Whimsicott
|-sidestart|p1: M1NuM-|move: Tailwind
|move|p1a: Basculegion|Wave Crash|p2b: Metagross
|-damage|p2b: Metagross|36/100
|-damage|p1a: Basculegion|40/100|[from] Recoil
|-damage|p1a: Basculegion|30/100|[from] item: Life Orb
|move|p2a: Primarina|Moonblast|p1b: Whimsicott
|-damage|p1b: Whimsicott|32/100
|move|p2b: Metagross|Psychic Fangs|p1a: Basculegion
|-damage|p1a: Basculegion|0 fnt
|faint|p1a: Basculegion
|
|upkeep
|
|t:|1783212061
|switch|p1a: Kingambit|Kingambit, L50, M|100/100
|turn|3
|
|t:|1783212076
|switch|p2b: Sinistcha|Sinistcha, L50|100/100
|move|p1b: Whimsicott|Encore||[still]
|-fail|p1b: Whimsicott
|move|p1a: Kingambit|Sucker Punch||[still]
|-fail|p1a: Kingambit
|move|p2a: Primarina|Moonblast|p1b: Whimsicott
|-damage|p1b: Whimsicott|0 fnt
|faint|p1b: Whimsicott
|
|upkeep
|
|t:|1783212080
|switch|p1b: Venusaur|Venusaur, L50, F|100/100
|turn|4
|inactive|benjitulio has 30 seconds left.
|
|t:|1783212108
|detailschange|p1b: Venusaur|Venusaur-Mega, L50, F
|-mega|p1b: Venusaur|Venusaur|Venusaurite
|move|p1b: Venusaur|Sludge Bomb|p2a: Primarina
|-supereffective|p2a: Primarina|1
|-damage|p2a: Primarina|0 fnt
|faint|p2a: Primarina
|move|p1a: Kingambit|Kowtow Cleave|p2b: Sinistcha
|-supereffective|p2b: Sinistcha|1
|-damage|p2b: Sinistcha|8/100
|move|p2b: Sinistcha|Matcha Gotcha|p1b: Venusaur|[spread] p1a,p1b
|-resisted|p1a: Kingambit|1
|-resisted|p1b: Venusaur|2
|-damage|p1a: Kingambit|86/100
|-heal|p2b: Sinistcha|16/100|[from] drain|[of] p1a: Kingambit
|-damage|p1b: Venusaur|94/100
|-heal|p2b: Sinistcha|19/100|[from] drain|[of] p1b: Venusaur
|-status|p1a: Kingambit|brn
|
|-heal|p2b: Sinistcha|25/100|[from] item: Leftovers
|-damage|p1a: Kingambit|80/100 brn|[from] brn
|upkeep
|
|t:|1783212120
|switch|p2a: Metagross|Metagross-Mega, L50|36/100
|turn|5
|
|t:|1783212131
|move|p2b: Sinistcha|Rage Powder|p2b: Sinistcha
|-singleturn|p2b: Sinistcha|move: Rage Powder
|move|p1b: Venusaur|Sludge Bomb|p2b: Sinistcha
|-damage|p2b: Sinistcha|0 fnt
|faint|p2b: Sinistcha
|move|p2a: Metagross|Earthquake|p1a: Kingambit|[spread] p1a,p1b
|-supereffective|p1a: Kingambit|1
|-damage|p1a: Kingambit|35/100 brn
|-damage|p1b: Venusaur|68/100
|move|p1a: Kingambit|Kowtow Cleave|p2a: Metagross
|-supereffective|p2a: Metagross|1
|-damage|p2a: Metagross|0 fnt
|faint|p2a: Metagross
|
|win|M1NuM-
|raw|M1NuM-'s rating: 1205 → 1223(+18 for winning)
|raw|benjitulio's rating: 1105 → 1087(-18 for losing)
