|j|☆QUELON
|j|☆DrissVG
|html|QUELONDrissVG    
|uhtml|bestof|Game 3 of a best-of-3
|t:|1754670553
|gametype|doubles
|player|p1|QUELON|scientist-gen4|1178
|player|p2|DrissVG|102|1215
|gen|9
|tier|[Gen 9] VGC 2025 Reg H (Bo3)
|rated|
|rule|Species Clause: Limit one of each Pokémon
|rule|Item Clause: Limit 1 of each item
|clearpoke
|poke|p1|Incineroar, L50, M|
|poke|p1|Amoonguss, L50, F|
|poke|p1|Ursaluna-Bloodmoon, L50, M|
|poke|p1|Sneasler, L50, M|
|poke|p1|Gholdengo, L50|
|poke|p1|Dragonite, L50, M|
|poke|p2|Rillaboom, L50, F|
|poke|p2|Magmar, L50, M|
|poke|p2|Kingambit, L50, M|
|poke|p2|Ninetales-Alola, L50, F|
|poke|p2|Basculegion, L50, M|
|poke|p2|Sneasler, L50, M|
|teampreview|4
|showteam|p1|Incineroar||SafetyGoggles|Intimidate|FlareBlitz,KnockOff,PartingShot,FakeOut|||M|||50|,,,,,Ghost]Amoonguss||SitrusBerry|Regenerator|Spore,RagePowder,PollenPuff,Protect|||F|||50|,,,,,Psychic]Ursaluna-Bloodmoon||AssaultVest|MindsEye|HyperVoice,BloodMoon,EarthPower,VacuumWave|||M|||50|,,,,,Water]Sneasler||FocusSash|Unburden|CloseCombat,DireClaw,ThroatChop,Protect|||M|||50|,,,,,Stellar]Gholdengo||LifeOrb|GoodasGold|MakeItRain,ShadowBall,NastyPlot,Protect||||||50|,,,,,Water]Dragonite||LoadedDice|Multiscale|ScaleShot,Tailwind,Haze,Protect|||M|||50|,,,,,Fairy
|showteam|p2|Rillaboom||AssaultVest|GrassySurge|WoodHammer,GrassyGlide,FakeOut,Uturn|||F|||50|,,,,,Fire]Magmar||Eviolite|VitalSpirit|HeatWave,FollowMe,Taunt,Protect|||M|||50|,,,,,Ghost]Kingambit||BlackGlasses|Defiant|KowtowCleave,SuckerPunch,SwordsDance,Protect|||M|||50|,,,,,Fire]Ninetales-Alola||LifeOrb|SnowWarning|Blizzard,IcyWind,Encore,Protect|||F|||50|,,,,,Ghost]Basculegion||ChoiceScarf|Adaptability|WaveCrash,LastRespects,FlipTurn,TeraBlast|||M|||50|,,,,,Fighting]Sneasler||FocusSash|PoisonTouch|CloseCombat,DireClaw,FakeOut,Protect|||M|||50|,,,,,Ghost
|
|t:|1754670610
|teamsize|p1|4
|teamsize|p2|4
|start
|switch|p1a: Ursaluna|Ursaluna-Bloodmoon, L50, M|100/100
|switch|p1b: Dragonite|Dragonite, L50, M|100/100
|switch|p2a: Kingambit|Kingambit, L50, M|100/100
|switch|p2b: Rillaboom|Rillaboom, L50, F|100/100
|-fieldstart|move: Grassy Terrain|[from] ability: Grassy Surge|[of] p2b: Rillaboom
|turn|1
|
|t:|1754670625
|switch|p1a: Incineroar|Incineroar, L50, M|100/100
|-ability|p1a: Incineroar|Intimidate|boost
|-unboost|p2a: Kingambit|atk|1
|-ability|p2a: Kingambit|Defiant|boost
|-boost|p2a: Kingambit|atk|2
|-unboost|p2b: Rillaboom|atk|1
|move|p1b: Dragonite|Haze|p1b: Dragonite
|-clearallboost
|move|p2b: Rillaboom|U-turn|p1b: Dragonite
|-resisted|p1b: Dragonite
|-damage|p1b: Dragonite|93/100
|
|t:|1754670638
|switch|p2b: Basculegion|Basculegion, L50, M|100/100|[from] U-turn
|move|p2a: Kingambit|Kowtow Cleave|p1b: Dragonite
|-damage|p1b: Dragonite|34/100
|
|upkeep
|turn|2
|
|t:|1754670665
|switch|p2a: Magmar|Magmar, L50, M|100/100
|move|p2b: Basculegion|Flip Turn|p1a: Incineroar
|-supereffective|p1a: Incineroar
|-damage|p1a: Incineroar|33/100
|
|t:|1754670671
|switch|p2b: Kingambit|Kingambit, L50, M|100/100|[from] Flip Turn
|move|p1b: Dragonite|Tailwind|p1b: Dragonite
|-sidestart|p1: QUELON|move: Tailwind
|move|p1a: Incineroar|Parting Shot|p2b: Kingambit
|-unboost|p2b: Kingambit|atk|1
|-ability|p2b: Kingambit|Defiant|boost
|-boost|p2b: Kingambit|atk|2
|-unboost|p2b: Kingambit|spa|1
|-ability|p2b: Kingambit|Defiant|boost
|-boost|p2b: Kingambit|atk|2
|
|t:|1754670683
|switch|p1a: Ursaluna|Ursaluna-Bloodmoon, L50, M|100/100|[from] Parting Shot
|
|upkeep
|turn|3
|
|t:|1754670693
|move|p2a: Magmar|Follow Me|p2a: Magmar
|-singleturn|p2a: Magmar|move: Follow Me
|move|p1b: Dragonite|Haze|p1b: Dragonite
|-clearallboost
|move|p1a: Ursaluna|Earth Power|p2a: Magmar
|-supereffective|p2a: Magmar
|-damage|p2a: Magmar|29/100
|move|p2b: Kingambit|Kowtow Cleave|p1a: Ursaluna
|-damage|p1a: Ursaluna|55/100
|
|-heal|p1a: Ursaluna|61/100|[from] Grassy Terrain
|-heal|p2a: Magmar|35/100|[from] Grassy Terrain
|upkeep
|turn|4
|
|t:|1754670725
|switch|p1b: Sneasler|Sneasler, L50, M|100/100
|move|p2a: Magmar|Protect|p2a: Magmar
|-singleturn|p2a: Magmar|Protect
|move|p2b: Kingambit|Sucker Punch||[still]
|-fail|p2b: Kingambit
|move|p1a: Ursaluna|Earth Power|p2b: Kingambit
|-supereffective|p2b: Kingambit
|-damage|p2b: Kingambit|14/100
|
|-heal|p1a: Ursaluna|67/100|[from] Grassy Terrain
|-heal|p2a: Magmar|40/100|[from] Grassy Terrain
|-heal|p2b: Kingambit|19/100|[from] Grassy Terrain
|upkeep
|turn|5
|
|t:|1754670757
|switch|p2b: Rillaboom|Rillaboom, L50, F|100/100
|move|p2a: Magmar|Protect|p2a: Magmar
|-singleturn|p2a: Magmar|Protect
|move|p1b: Sneasler|Close Combat|p2b: Rillaboom
|-damage|p2b: Rillaboom|43/100
|-unboost|p1b: Sneasler|def|1
|-unboost|p1b: Sneasler|spd|1
|move|p1a: Ursaluna|Earth Power|p2a: Magmar
|-activate|p2a: Magmar|move: Protect
|
|-heal|p1a: Ursaluna|72/100|[from] Grassy Terrain
|-heal|p2a: Magmar|46/100|[from] Grassy Terrain
|-heal|p2b: Rillaboom|49/100|[from] Grassy Terrain
|-sideend|p1: QUELON|move: Tailwind
|-fieldend|move: Grassy Terrain
|upkeep
|turn|6
|
|t:|1754670786
|switch|p1b: Incineroar|Incineroar, L50, M|33/100
|-ability|p1b: Incineroar|Intimidate|boost
|-unboost|p2a: Magmar|atk|1
|-unboost|p2b: Rillaboom|atk|1
|move|p2a: Magmar|Follow Me|p2a: Magmar
|-singleturn|p2a: Magmar|move: Follow Me
|move|p2b: Rillaboom|U-turn|p1a: Ursaluna
|-damage|p1a: Ursaluna|61/100
|
|t:|1754670795
|switch|p2b: Basculegion|Basculegion, L50, M|100/100|[from] U-turn
|move|p1a: Ursaluna|Blood Moon|p2a: Magmar
|-damage|p2a: Magmar|0 fnt
|faint|p2a: Magmar
|
|upkeep
|
|t:|1754670806
|switch|p2a: Rillaboom|Rillaboom, L50, F|49/100
|-fieldstart|move: Grassy Terrain|[from] ability: Grassy Surge|[of] p2a: Rillaboom
|turn|7
|
|t:|1754670863
|switch|p1a: Dragonite|Dragonite, L50, M|34/100
|-terastallize|p1b: Incineroar|Ghost
|move|p2a: Rillaboom|Fake Out|p1a: Dragonite
|-damage|p1a: Dragonite|18/100
|move|p2b: Basculegion|Flip Turn|p1b: Incineroar
|-damage|p1b: Incineroar|0 fnt
|faint|p1b: Incineroar
|
|t:|1754670897
|switch|p2b: Kingambit|Kingambit, L50, M|19/100|[from] Flip Turn
|
|-heal|p2a: Rillaboom|55/100|[from] Grassy Terrain
|-heal|p2b: Kingambit|25/100|[from] Grassy Terrain
|upkeep
|
|t:|1754670921
|switch|p1b: Sneasler|Sneasler, L50, M|100/100
|turn|8
|
|t:|1754670957
|move|p2b: Kingambit|Protect|p2b: Kingambit
|-singleturn|p2b: Kingambit|Protect
|move|p2a: Rillaboom|Grassy Glide|p1a: Dragonite
|-resisted|p1a: Dragonite
|-damage|p1a: Dragonite|8/100
|move|p1b: Sneasler|Dire Claw|p2a: Rillaboom
|-supereffective|p2a: Rillaboom
|-damage|p2a: Rillaboom|0 fnt
|faint|p2a: Rillaboom
|move|p1a: Dragonite|Scale Shot|p2b: Kingambit
|-activate|p2b: Kingambit|move: Protect
|
|-heal|p2b: Kingambit|31/100|[from] Grassy Terrain
|upkeep
|
|t:|1754670970
|switch|p2a: Basculegion|Basculegion, L50, M|100/100
|turn|9
|
|t:|1754671000
|move|p2b: Kingambit|Sucker Punch|p1b: Sneasler
|-resisted|p1b: Sneasler
|-damage|p1b: Sneasler|58/100
|move|p2a: Basculegion|Wave Crash|p1a: Dragonite
|-resisted|p1a: Dragonite
|-damage|p1a: Dragonite|0 fnt
|faint|p1a: Dragonite
|-damage|p2a: Basculegion|98/100|[from] Recoil
|move|p1b: Sneasler|Dire Claw|p2a: Basculegion
|-resisted|p2a: Basculegion
|-damage|p2a: Basculegion|72/100
|
|-heal|p2a: Basculegion|78/100|[from] Grassy Terrain
|-heal|p1b: Sneasler|63/100|[from] Grassy Terrain
|-heal|p2b: Kingambit|37/100|[from] Grassy Terrain
|upkeep
|
|t:|1754671012
|switch|p1a: Ursaluna|Ursaluna-Bloodmoon, L50, M|61/100
|turn|10
|
|t:|1754671027
|-terastallize|p2b: Kingambit|Fire
|move|p1a: Ursaluna|Vacuum Wave|p2b: Kingambit
|-damage|p2b: Kingambit|22/100
|move|p2b: Kingambit|Sucker Punch||[still]
|-fail|p2b: Kingambit
|move|p2a: Basculegion|Wave Crash|p1b: Sneasler
|-damage|p1b: Sneasler|0 fnt
|faint|p1b: Sneasler
|-damage|p2a: Basculegion|62/100|[from] Recoil
|
|-heal|p2a: Basculegion|68/100|[from] Grassy Terrain
|-heal|p1a: Ursaluna|67/100|[from] Grassy Terrain
|-heal|p2b: Kingambit|28/100|[from] Grassy Terrain
|upkeep
|turn|11
|
|t:|1754671042
|move|p2a: Basculegion|Wave Crash|p1a: Ursaluna
|-supereffective|p1a: Ursaluna
|-damage|p1a: Ursaluna|0 fnt
|faint|p1a: Ursaluna
|-damage|p2a: Basculegion|45/100|[from] Recoil
|
|win|DrissVG
|raw|QUELON's rating: 1178 → 1156(-22 for losing)
|raw|DrissVG's rating: 1215 → 1237(+22 for winning)
