|j|☆Sketch Hero
|j|☆gaming from toilet
|html|Sketch Herogaming from toilet    
|uhtml|bestof|Game 1 of a best-of-3
|t:|1757653202
|gametype|doubles
|player|p1|Sketch Hero|red|1074
|player|p2|gaming from toilet|265|1224
|gen|9
|tier|[Gen 9] VGC 2025 Reg H (Bo3)
|rated|
|rule|Species Clause: Limit one of each Pokémon
|rule|Item Clause: Limit 1 of each item
|clearpoke
|poke|p1|Ceruledge, L50, M|
|poke|p1|Sneasler, L50, F|
|poke|p1|Electabuzz, L50, F|
|poke|p1|Dragonite, L50, F|
|poke|p1|Indeedee, L50, M|
|poke|p1|Ursaluna-Bloodmoon, L50, M|
|poke|p2|Dragonite, L50, M|
|poke|p2|Ursaluna-Bloodmoon, L50, M|
|poke|p2|Gholdengo, L50|
|poke|p2|Maushold-Four, L50|
|poke|p2|Annihilape, L50, M|
|poke|p2|Rillaboom, L50, F|
|teampreview|4
|showteam|p1|Ceruledge||FocusSash|FlashFire|Protect,CloseCombat,BitterBlade,Poltergeist|||M|||50|,,,,,Grass]Sneasler||PsychicSeed|Unburden|Coaching,Protect,DireClaw,CloseCombat|||F|||50|,,,,,Fairy]Electabuzz||Eviolite|VitalSpirit|FollowMe,Electroweb,Protect,Taunt|||F|||50|,,,,,Ghost]Dragonite||LoadedDice|Multiscale|Haze,Protect,Tailwind,ScaleShot|||F|||50|,,,,,Fairy]Indeedee||ChoiceScarf|PsychicSurge|ExpandingForce,TeraBlast,Trick,DazzlingGleam|||M|||50|,,,,,Fighting]Ursaluna-Bloodmoon||LifeOrb|MindsEye|Protect,BloodMoon,EarthPower,HyperVoice|||M|||50|,,,,,Normal
|showteam|p2|Dragonite||LoadedDice|Multiscale|ScaleShot,Tailwind,Haze,Protect|||M|||50|,,,,,Fairy]Ursaluna-Bloodmoon||AssaultVest|MindsEye|BloodMoon,EarthPower,HyperVoice,VacuumWave|||M|||50|,,,,,Water]Gholdengo||LifeOrb|GoodasGold|MakeItRain,ShadowBall,NastyPlot,Protect||||||50|,,,,,Dragon]Maushold-Four||FocusSash|FriendGuard|Taunt,FollowMe,BeatUp,Protect||||||50|,,,,,Ghost]Annihilape||SitrusBerry|Defiant|RageFist,DrainPunch,BulkUp,Protect|||M|||50|,,,,,Fire]Rillaboom||MiracleSeed|GrassySurge|WoodHammer,GrassyGlide,HighHorsepower,FakeOut|||F|||50|,,,,,Fire
|inactive|Battle timer is ON: inactive players will automatically lose when time's up. (requested by gaming from toilet)
|c|☆Sketch Hero|glhf
|inactive|gaming from toilet has 60 seconds left.
|inactive|gaming from toilet has 30 seconds left.
|
|t:|1757653266
|teamsize|p1|4
|teamsize|p2|4
|start
|switch|p1a: Green|Electabuzz, L50, F|100/100
|switch|p1b: Knight|Ceruledge, L50, M|100/100
|switch|p2a: Dragonite|Dragonite, L50, M|100/100
|switch|p2b: Ursaluna|Ursaluna-Bloodmoon, L50, M|100/100
|turn|1
|
|t:|1757653291
|move|p1b: Knight|Close Combat|p2b: Ursaluna
|-supereffective|p2b: Ursaluna
|-damage|p2b: Ursaluna|42/100
|-unboost|p1b: Knight|def|1
|-unboost|p1b: Knight|spd|1
|move|p2a: Dragonite|Scale Shot|p1b: Knight
|-damage|p1b: Knight|68/100
|-damage|p1b: Knight|38/100
|-damage|p1b: Knight|5/100
|-damage|p1b: Knight|0 fnt
|faint|p1b: Knight
|-hitcount|p1: Knight|4
|-unboost|p2a: Dragonite|def|1
|-boost|p2a: Dragonite|spe|1
|move|p1a: Green|Electroweb|p2a: Dragonite|[spread] p2a
|-immune|p2b: Ursaluna
|-damage|p2a: Dragonite|93/100
|-unboost|p2a: Dragonite|spe|1
|move|p2b: Ursaluna|Blood Moon|p1a: Green
|-crit|p1a: Green
|-damage|p1a: Green|20/100
|
|upkeep
|
|t:|1757653312
|switch|p1b: Speed TM|Sneasler, L50, F, shiny|100/100
|turn|2
|inactive|Sketch Hero has 30 seconds left.
|inactive|Sketch Hero has 20 seconds left.
|inactive|Sketch Hero has 15 seconds left.
|
|t:|1757653361
|move|p1a: Green|Follow Me|p1a: Green
|-singleturn|p1a: Green|move: Follow Me
|move|p2b: Ursaluna|Vacuum Wave|p1a: Green
|-damage|p1a: Green|10/100
|move|p1b: Speed TM|Close Combat|p2b: Ursaluna
|-supereffective|p2b: Ursaluna
|-damage|p2b: Ursaluna|0 fnt
|-unboost|p1b: Speed TM|def|1
|-unboost|p1b: Speed TM|spd|1
|faint|p2b: Ursaluna
|move|p2a: Dragonite|Tailwind|p2a: Dragonite
|-sidestart|p2: gaming from toilet|move: Tailwind
|
|upkeep
|
|t:|1757653377
|switch|p2b: Annihilape|Annihilape, L50, M|100/100
|turn|3
|inactive|gaming from toilet has 30 seconds left.
|
|t:|1757653402
|switch|p1a: Indeedee|Indeedee, L50, M|100/100
|-fieldstart|move: Psychic Terrain|[from] ability: Psychic Surge|[of] p1a: Indeedee
|-enditem|p1b: Speed TM|Psychic Seed
|-boost|p1b: Speed TM|spd|1|[from] item: Psychic Seed
|-terastallize|p1b: Speed TM|Fairy
|move|p1b: Speed TM|Dire Claw|p2a: Dragonite
|-damage|p2a: Dragonite|20/100
|move|p2b: Annihilape|Drain Punch|p1a: Indeedee
|-damage|p1a: Indeedee|34/100
|move|p2a: Dragonite|Scale Shot|p1b: Speed TM
|-immune|p1b: Speed TM
|
|upkeep
|turn|4
|inactive|Sketch Hero has 30 seconds left.
|inactive|gaming from toilet has 30 seconds left.
|
|t:|1757653437
|switch|p2a: Rillaboom|Rillaboom, L50, F|100/100
|-fieldstart|move: Grassy Terrain|[from] ability: Grassy Surge|[of] p2a: Rillaboom
|move|p1b: Speed TM|Dire Claw|p2b: Annihilape
|-resisted|p2b: Annihilape
|-damage|p2b: Annihilape|79/100
|-status|p2b: Annihilape|psn
|move|p2b: Annihilape|Drain Punch|p1a: Indeedee
|-damage|p1a: Indeedee|0 fnt
|-heal|p2b: Annihilape|90/100 psn|[from] drain|[of] p1a: Indeedee
|faint|p1a: Indeedee
|
|-heal|p2b: Annihilape|97/100 psn|[from] Grassy Terrain
|-damage|p2b: Annihilape|84/100 psn|[from] psn
|upkeep
|
|t:|1757653451
|switch|p1a: Green|Electabuzz, L50, F|10/100
|turn|5
|
|t:|1757653465
|move|p2a: Rillaboom|Fake Out|p1b: Speed TM
|-damage|p1b: Speed TM|67/100
|move|p1a: Green|Follow Me|p1a: Green
|-singleturn|p1a: Green|move: Follow Me
|cant|p1b: Speed TM|flinch
|move|p2b: Annihilape|Drain Punch|p1a: Green
|-damage|p1a: Green|0 fnt
|-heal|p2b: Annihilape|88/100 psn|[from] drain|[of] p1a: Green
|faint|p1a: Green
|
|-heal|p1b: Speed TM|72/100|[from] Grassy Terrain
|-heal|p2b: Annihilape|95/100 psn|[from] Grassy Terrain
|-damage|p2b: Annihilape|82/100 psn|[from] psn
|-sideend|p2: gaming from toilet|move: Tailwind
|upkeep
|turn|6
|
|t:|1757653482
|move|p1b: Speed TM|Dire Claw|p2a: Rillaboom
|-supereffective|p2a: Rillaboom
|-damage|p2a: Rillaboom|19/100
|move|p2b: Annihilape|Rage Fist|p1b: Speed TM
|-damage|p1b: Speed TM|0 fnt
|faint|p1b: Speed TM
|
|win|gaming from toilet
||Sketch Hero is ready for game 2.
|inactive|gaming from toilet has 30 seconds to confirm battle start!
||gaming from toilet is ready for game 2.
|uhtml|next|Next: Game 2 of 3
