|j|☆Weare17
|j|☆ilikecsr
|html|Weare17ilikecsr    
|uhtml|bestof|Game 2 of a best-of-3
|t:|1784204085
|gametype|doubles
|player|p1|Weare17|1|1291
|player|p2|ilikecsr|volkner|1289
|gen|9
|tier|[Gen 9 Champions] VGC 2026 Reg M-B (Bo3)
|rated|
|rule|Species Clause: Limit one of each Pokémon
|rule|Item Clause: Limit 1 of each item
|clearpoke
|poke|p1|Basculegion, L50, M|
|poke|p1|Charizard, L50, F|
|poke|p1|Sylveon, L50, F|
|poke|p1|Garchomp, L50, M|
|poke|p1|Aerodactyl, L50, M|
|poke|p1|Kingambit, L50, M|
|poke|p2|Swampert, L50, F|
|poke|p2|Archaludon, L50, M|
|poke|p2|Sableye, L50, F|
|poke|p2|Sinistcha-Masterpiece, L50|
|poke|p2|Pelipper, L50, F|
|poke|p2|Basculegion, L50, M, shiny|
|teampreview|4
|showteam|p1|Basculegion||LifeOrb|Adaptability|Protect,AquaJet,LastRespects,WaveCrash|Jolly||M|||50|]Charizard||CharizarditeY|Blaze|Protect,WeatherBall,SolarBeam,HeatWave|Timid||F|||50|]Sylveon||FairyFeather|Pixilate|CalmMind,HyperBeam,HyperVoice,Detect|Modest||F|||50|]Garchomp||ChoiceScarf|RoughSkin|StompingTantrum,DragonClaw,RockSlide,Earthquake|Adamant||M|||50|]Aerodactyl||Aerodactylite|Unnerve|WideGuard,DualWingbeat,RockSlide,Tailwind|Jolly||M|||50|]Kingambit||ChopleBerry|Defiant|IronHead,SuckerPunch,KowtowCleave,LowKick|Adamant||M|||50|
|showteam|p2|Swampert||Swampertite|Torrent|WaveCrash,Earthquake,IcePunch,Protect|Adamant||F|||50|]Archaludon||Leftovers|Stamina|ElectroShot,DragonPulse,FlashCannon,Protect|Modest||M|||50|]Sableye||LightClay|Prankster|Reflect,LightScreen,RainDance,Encore|Sassy||F|||50|]Sinistcha-Masterpiece||ColburBerry|Hospitality|MatchaGotcha,RagePowder,TrickRoom,Protect|Sassy|||||50|]Pelipper||FocusSash|Drizzle|WeatherBall,Hurricane,Tailwind,Protect|Modest||F|||50|]Basculegion||ChoiceScarf|Adaptability|WaveCrash,LastRespects,AquaJet,FlipTurn|Jolly||M|||50|
|inactive|Battle timer is ON: inactive players will automatically lose when time's up. (requested by ilikecsr)
|
|t:|1784204100
|teamsize|p1|4
|teamsize|p2|4
|start
|switch|p1a: Kingambit|Kingambit, L50, M|100/100
|switch|p1b: Basculegion|Basculegion, L50, M|100/100
|switch|p2a: Bahubali|Swampert, L50, F|100/100
|switch|p2b: Basculegion|Basculegion, L50, M, shiny|100/100
|turn|1
|
|t:|1784204112
|detailschange|p2a: Bahubali|Swampert-Mega, L50, F
|-mega|p2a: Bahubali|Swampert|Swampertite
|move|p2b: Basculegion|Aqua Jet|p1a: Kingambit
|-damage|p1a: Kingambit|79/100
|move|p1a: Kingambit|Sucker Punch||[still]
|-fail|p1a: Kingambit
|move|p1b: Basculegion|Wave Crash|p2a: Bahubali
|-damage|p2a: Bahubali|7/100
|-damage|p1b: Basculegion|72/100|[from] Recoil
|-damage|p1b: Basculegion|62/100|[from] item: Life Orb
|move|p2a: Bahubali|Earthquake|p1b: Basculegion|[spread] p2b,p1a,p1b
|-supereffective|p1a: Kingambit|1
|-damage|p2b: Basculegion|44/100
|-damage|p1a: Kingambit|0 fnt
|-damage|p1b: Basculegion|0 fnt
|faint|p1a: Kingambit
|faint|p1b: Basculegion
|
|upkeep
|
|t:|1784204117
|switch|p1b: Sylveon|Sylveon, L50, F|100/100
|switch|p1a: Charizard|Charizard, L50, F|100/100
|turn|2
|inactive|ilikecsr has 30 seconds left.
|inactive|ilikecsr has 20 seconds left.
|
|t:|1784204154
|move|p1a: Charizard|Protect|p1a: Charizard
|-singleturn|p1a: Charizard|Protect
|move|p2a: Bahubali|Protect|p2a: Bahubali
|-singleturn|p2a: Bahubali|Protect
|move|p2b: Basculegion|Aqua Jet|p1a: Charizard
|-activate|p1a: Charizard|move: Protect
|move|p1b: Sylveon|Hyper Voice|p2a: Bahubali|[spread] p2b
|-activate|p2a: Bahubali|move: Protect
|-damage|p2b: Basculegion|0 fnt
|faint|p2b: Basculegion
|
|upkeep
|
|t:|1784204157
|switch|p2b: Maithan Steel|Archaludon, L50, M|100/100
|turn|3
|
|t:|1784204180
|move|p1a: Charizard|Protect||[still]
|-fail|p1a: Charizard
|move|p2b: Maithan Steel|Protect|p2b: Maithan Steel
|-singleturn|p2b: Maithan Steel|Protect
|move|p2a: Bahubali|Wave Crash|p1a: Charizard
|-supereffective|p1a: Charizard|1
|-damage|p1a: Charizard|0 fnt
|faint|p1a: Charizard
|-damage|p2a: Bahubali|0 fnt|[from] Recoil
|faint|p2a: Bahubali
|move|p1b: Sylveon|Calm Mind|p1b: Sylveon
|-boost|p1b: Sylveon|spa|1
|-boost|p1b: Sylveon|spd|1
|
|upkeep
|
|t:|1784204193
|switch|p2a: Katappa|Pelipper, L50, F|100/100
|-weather|RainDance|[from] ability: Drizzle|[of] p2a: Katappa
|turn|4
|
|t:|1784204198
|move|p2a: Katappa|Tailwind|p2a: Katappa
|-sidestart|p2: ilikecsr|move: Tailwind
|move|p2b: Maithan Steel|Electro Shot||[still]
|-prepare|p2b: Maithan Steel|Electro Shot
|-boost|p2b: Maithan Steel|spa|1
|-anim|p2b: Maithan Steel|Electro Shot|p1b: Sylveon
|-damage|p1b: Sylveon|68/100
|move|p1b: Sylveon|Hyper Voice|p2b: Maithan Steel|[spread] p2a,p2b
|-enditem|p2a: Katappa|Focus Sash
|-damage|p2a: Katappa|1/100
|-damage|p2b: Maithan Steel|38/100
|-ability|p2b: Maithan Steel|Stamina|boost
|-boost|p2b: Maithan Steel|def|1
|
|-weather|RainDance|[upkeep]
|-heal|p2b: Maithan Steel|44/100|[from] item: Leftovers
|upkeep
|turn|5
|
|t:|1784204216
|move|p1b: Sylveon|Detect|p1b: Sylveon
|-singleturn|p1b: Sylveon|Protect
|move|p2a: Katappa|Weather Ball|p1b: Sylveon
|-activate|p1b: Sylveon|move: Protect
|move|p2b: Maithan Steel|Flash Cannon|p1b: Sylveon
|-activate|p1b: Sylveon|move: Protect
|
|-weather|RainDance|[upkeep]
|-heal|p2b: Maithan Steel|50/100g|[from] item: Leftovers
|upkeep
|turn|6
|
|t:|1784204224
|move|p2a: Katappa|Weather Ball|p1b: Sylveon
|-damage|p1b: Sylveon|31/100
|move|p2b: Maithan Steel|Flash Cannon|p1b: Sylveon
|-supereffective|p1b: Sylveon|1
|-damage|p1b: Sylveon|0 fnt
|faint|p1b: Sylveon
|
|win|ilikecsr
|raw|Weare17's rating: 1291 → 1266(-25 for losing)
|raw|ilikecsr's rating: 1289 → 1314(+25 for winning)
