|j|☆BracingBike5323
|j|☆lipeater444
|html|BracingBike5323lipeater444    
|uhtml|bestof|Game 3 of a best-of-3
|t:|1783709282
|gametype|doubles
|player|p1|BracingBike5323|101|
|player|p2|lipeater444|skierf-gen4dp|
|gen|9
|tier|[Gen 9 Champions] VGC 2026 Reg M-B (Bo3)
|rule|Species Clause: Limit one of each Pokémon
|rule|Item Clause: Limit 1 of each item
|clearpoke
|poke|p1|Lopunny, L50, M|
|poke|p1|Vivillon, L50, F|
|poke|p1|Garchomp, L50, F|
|poke|p1|Aegislash, L50, F|
|poke|p1|Sylveon, L50, M|
|poke|p1|Basculegion, L50, M|
|poke|p2|Torkoal, L50, M, shiny|
|poke|p2|Trevenant, L50, M, shiny|
|poke|p2|Scrafty, L50, M|
|poke|p2|Aegislash, L50, M|
|poke|p2|Venusaur, L50, M, shiny|
|poke|p2|Charizard, L50, M|
|teampreview|4
|showteam|p1|Lopunny||Lopunnite|Limber|CloseCombat,GigaImpact,FakeOut,Encore|Adamant||M|||50|]Vivillon||FocusSash|CompoundEyes|SleepPowder,Tailwind,Hurricane,Protect|Timid||F|||50|]Garchomp||LumBerry|SandVeil|DragonClaw,Earthquake,RockSlide,Protect|Adamant||F|||50|]Aegislash||SpellTag|StanceChange|Poltergeist,SacredSword,ShadowSneak,KingsShield|Brave||F|||50|]Sylveon||FairyFeather|Pixilate|HyperBeam,HyperVoice,MysticalFire,Detect|Modest||M|||50|]Basculegion||ChoiceScarf|Adaptability|LastRespects,Liquidation,WaveCrash,AquaJet|Jolly||M|||50|
|showteam|p2|Torkoal||Charcoal|Drought|HeatWave,EarthPower,SolarBeam,Protect|Quiet||M|||50|]Trevenant||SitrusBerry|Harvest|TrickRoom,HornLeech,Poltergeist,Protect|Brave||M|||50|]Scrafty||Scraftinite|Intimidate|FakeOut,CloseCombat,KnockOff,Protect|Brave||M|||50|]Aegislash||ColburBerry|StanceChange|WideGuard,IronHead,ShadowSneak,KingsShield|Careful||M|||50|]Venusaur||LifeOrb|Chlorophyll|SleepPowder,SolarBeam,SludgeBomb,Protect|Modest||M|||50|]Charizard||CharizarditeY|SolarPower|WeatherBall,SolarBeam,ScorchingSands,Protect|Timid||M|||50|
|
|t:|1783709436
|teamsize|p1|4
|teamsize|p2|4
|start
|switch|p1a: Vivillon|Vivillon, L50, F|100/100
|switch|p1b: Basculegion|Basculegion, L50, M|100/100
|switch|p2a: Niñito|Trevenant, L50, M, shiny|100/100
|switch|p2b: Pimientito|Charizard, L50, M|100/100
|turn|1
|
|t:|1783709490
|detailschange|p2b: Pimientito|Charizard-Mega-Y, L50, M
|-mega|p2b: Pimientito|Charizard|Charizardite Y
|-weather|SunnyDay|[from] ability: Drought|[of] p2b: Pimientito
|move|p2b: Pimientito|Protect|p2b: Pimientito
|-singleturn|p2b: Pimientito|Protect
|move|p1b: Basculegion|Wave Crash|p2b: Pimientito
|-activate|p2b: Pimientito|move: Protect
|move|p1a: Vivillon|Hurricane|p2a: Niñito|[miss]
|-miss|p1a: Vivillon|p2a: Niñito
|move|p2a: Niñito|Poltergeist|p1b: Basculegion
|-activate|p1b: Basculegion|move: Poltergeist|Choice Scarf
|-supereffective|p1b: Basculegion|1
|-damage|p1b: Basculegion|0 fnt
|faint|p1b: Basculegion
|
|-weather|SunnyDay|[upkeep]
|upkeep
|
|t:|1783709505
|switch|p1b: Lopunny|Lopunny, L50, M|100/100
|turn|2
|
|t:|1783709563
|switch|p2b: Verdito|Venusaur, L50, M, shiny|100/100
|detailschange|p1b: Lopunny|Lopunny-Mega, L50, M
|-mega|p1b: Lopunny|Lopunny|Lopunnite
|move|p1b: Lopunny|Encore|p2a: Niñito
|-start|p2a: Niñito|Encore
|move|p1a: Vivillon|Sleep Powder|p2b: Verdito
|-immune|p2b: Verdito
|move|p2a: Niñito|Poltergeist|p1a: Vivillon
|-activate|p1a: Vivillon|move: Poltergeist|Focus Sash
|-enditem|p1a: Vivillon|Focus Sash
|-damage|p1a: Vivillon|1/100
|
|-weather|SunnyDay|[upkeep]
|upkeep
|turn|3
|
|t:|1783709593
|switch|p2a: Cortito|Aegislash, L50, M|100/100
|move|p2b: Verdito|Sludge Bomb|p1a: Vivillon
|-damage|p1a: Vivillon|0 fnt
|faint|p1a: Vivillon
|-damage|p2b: Verdito|90/100|[from] item: Life Orb
|move|p1b: Lopunny|Giga Impact|p2b: Verdito|[miss]
|-miss|p1b: Lopunny|p2b: Verdito
|
|-weather|SunnyDay|[upkeep]
|upkeep
|
|t:|1783709602
|switch|p1a: Garchomp|Garchomp, L50, F|100/100
|turn|4
|
|t:|1783709627
|-formechange|p2a: Cortito|Aegislash-Blade|
|move|p2a: Cortito|Shadow Sneak|p1a: Garchomp
|-damage|p1a: Garchomp|80/100
|move|p2b: Verdito|Solar Beam||[still]
|-prepare|p2b: Verdito|Solar Beam
|-anim|p2b: Verdito|Solar Beam|p1a: Garchomp
|-damage|p1a: Garchomp|1/100
|-damage|p2b: Verdito|80/100|[from] item: Life Orb
|move|p1b: Lopunny|Close Combat|p2a: Cortito
|-supereffective|p2a: Cortito|1
|-damage|p2a: Cortito|0 fnt
|-unboost|p1b: Lopunny|def|1
|-unboost|p1b: Lopunny|spd|1
|faint|p2a: Cortito
|move|p1a: Garchomp|Dragon Claw|p2b: Verdito
|-damage|p2b: Verdito|19/100
|
|-weather|SunnyDay|[upkeep]
|upkeep
|
|t:|1783709669
|switch|p2a: Niñito|Trevenant, L50, M, shiny|100/100
|turn|5
|
|t:|1783709694
|move|p1a: Garchomp|Protect|p1a: Garchomp
|-singleturn|p1a: Garchomp|Protect
|move|p2b: Verdito|Sludge Bomb|p1a: Garchomp
|-activate|p1a: Garchomp|move: Protect
|move|p1b: Lopunny|Giga Impact|p2a: Niñito
|-damage|p2a: Niñito|0 fnt
|-mustrecharge|p1b: Lopunny
|faint|p2a: Niñito
|
|-weather|none
|upkeep
|
|t:|1783709699
|switch|p2a: Pimientito|Charizard-Mega-Y, L50, M|100/100
|-weather|SunnyDay|[from] ability: Drought|[of] p2a: Pimientito
|turn|6
|
|t:|1783709710
|move|p2b: Verdito|Sludge Bomb|p1a: Garchomp
|-resisted|p1a: Garchomp|1
|-crit|p1a: Garchomp
|-damage|p1a: Garchomp|0 fnt
|faint|p1a: Garchomp
|-damage|p2b: Verdito|9/100|[from] item: Life Orb
|cant|p1b: Lopunny|recharge
|move|p2a: Pimientito|Weather Ball|p1b: Lopunny
|-damage|p1b: Lopunny|0 fnt
|faint|p1b: Lopunny
|
|win|lipeater444
|c|☆BracingBike5323|ggs
|c|☆lipeater444|Gg
