|j|☆scafato92
|j|‽lemons2738
|html|scafato92lemons2738    
|uhtml|bestof|Game 1 of a best-of-3
|t:|1785823257
|gametype|doubles
|player|p1|scafato92|2|1165
|player|p2|lemons2738|benga|1145
|gen|9
|tier|[Gen 9 Champions] VGC 2026 Reg M-B (Bo3)
|rated|
|rule|Species Clause: Limit one of each Pokémon
|rule|Item Clause: Limit 1 of each item
|clearpoke
|poke|p1|Garchomp, L50, M|
|poke|p1|Staraptor, L50, F|
|poke|p1|Glimmora, L50, M|
|poke|p1|Kingambit, L50, F|
|poke|p1|Whimsicott, L50, M|
|poke|p1|Delphox, L50, M|
|poke|p2|Staraptor, L50, M|
|poke|p2|Arcanine-Hisui, L50, M|
|poke|p2|Kingambit, L50, M|
|poke|p2|Raichu, L50, M|
|poke|p2|Farigiraf, L50, M|
|poke|p2|Sylveon, L50, M|
|teampreview|4
|showteam|p1|Garchomp||LifeOrb|RoughSkin|Earthquake,DragonClaw,StompingTantrum,Protect|Jolly||M|||50|]Staraptor||Staraptite|Intimidate|CloseCombat,Roost,BraveBird,Protect|Jolly||F|||50|]Glimmora||FocusSash|ToxicDebris|PowerGem,EarthPower,SludgeBomb,SpikyShield|Modest||M|||50|]Kingambit||ChopleBerry|Defiant|IronHead,KowtowCleave,SuckerPunch,LowKick|Adamant||F|||50|]Whimsicott||OccaBerry|Prankster|Tailwind,Moonblast,LightScreen,Charm|Bold||M|||50|]Delphox||Delphoxite|Blaze|HeatWave,Psychic,Protect,Substitute|Timid||M|||50|
|showteam|p2|Staraptor||Staraptite|Intimidate|CloseCombat,DualWingbeat,Tailwind,Protect|Jolly||M|||50|]Arcanine-Hisui||FocusSash|RockHead|FlareBlitz,HeadSmash,ExtremeSpeed,Protect|Jolly||M|||50|]Kingambit||LifeOrb|Defiant|KowtowCleave,SuckerPunch,SwordsDance,Protect|Adamant||M|||50|]Raichu||RaichuniteY|LightningRod|ZapCannon,FocusBlast,FakeOut,Protect|Timid||M|||50|]Farigiraf||SitrusBerry|ArmorTail|Psychic,HelpingHand,TrickRoom,Protect|Calm||M|||50|]Sylveon||FairyFeather|Pixilate|HyperVoice,HyperBeam,QuickAttack,Detect|Modest||M|||50|
|inactive|Battle timer is ON: inactive players will automatically lose when time's up. (requested by scafato92)
|inactive|lemons2738 also wants the timer to be on.
|inactive|scafato92 has 60 seconds left.
|inactive|lemons2738 has 60 seconds left.
|
|t:|1785823312
|teamsize|p1|4
|teamsize|p2|4
|start
|switch|p1a: Glimmora|Glimmora, L50, M|100/100
|switch|p1b: Whimsicott|Whimsicott, L50, M|100/100
|switch|p2a: Raichu|Raichu, L50, M|100/100
|switch|p2b: Staraptor|Staraptor, L50, M|100/100
|-ability|p2b: Staraptor|Intimidate|boost
|-unboost|p1a: Glimmora|atk|1
|-unboost|p1b: Whimsicott|atk|1
|turn|1
|inactive|lemons2738 has 30 seconds left.
|
|t:|1785823339
|move|p2a: Raichu|Fake Out|p1a: Glimmora
|-resisted|p1a: Glimmora|1
|-damage|p1a: Glimmora|94/100
|-activate|p1a: Glimmora|ability: Toxic Debris
|-sidestart|p2: lemons2738|move: Toxic Spikes
|move|p1b: Whimsicott|Tailwind|p1b: Whimsicott
|-sidestart|p1: scafato92|move: Tailwind
|cant|p1a: Glimmora|flinch
|move|p2b: Staraptor|Tailwind|p2b: Staraptor
|-sidestart|p2: lemons2738|move: Tailwind
|
|upkeep
|turn|2
|
|t:|1785823354
|switch|p2b: Farigiraf|Farigiraf, L50, M|100/100
|-status|p2b: Farigiraf|psn
|detailschange|p2a: Raichu|Raichu-Mega-Y, L50, M
|-mega|p2a: Raichu|Raichu|Raichunite Y
|move|p1b: Whimsicott|Light Screen|p1b: Whimsicott
|-sidestart|p1: scafato92|move: Light Screen
|move|p2a: Raichu|Zap Cannon|p1a: Glimmora
|-damage|p1a: Glimmora|43/100
|-status|p1a: Glimmora|par
|move|p1a: Glimmora|Earth Power|p2a: Raichu
|-supereffective|p2a: Raichu|1
|-damage|p2a: Raichu|18/100
|
|-damage|p2b: Farigiraf|87/100 psn|[from] psn
|upkeep
|turn|3
|
|t:|1785823379
|move|p2a: Raichu|Zap Cannon|p1b: Whimsicott
|-resisted|p1b: Whimsicott|1
|-damage|p1b: Whimsicott|76/100
|-status|p1b: Whimsicott|par
|move|p2b: Farigiraf|Psychic|p1b: Whimsicott
|-damage|p1b: Whimsicott|50/100g par
|move|p1b: Whimsicott|Moonblast|p2a: Raichu
|-damage|p2a: Raichu|0 fnt
|faint|p2a: Raichu
|move|p1a: Glimmora|Sludge Bomb|p2b: Farigiraf
|-damage|p2b: Farigiraf|48/100 psn
|-enditem|p2b: Farigiraf|Sitrus Berry|[eat]
|-heal|p2b: Farigiraf|73/100 psn|[from] item: Sitrus Berry
|
|-damage|p2b: Farigiraf|61/100 psn|[from] psn
|upkeep
|inactive|lemons2738 has 30 seconds left.
|inactive|lemons2738 has 20 seconds left.
|
|t:|1785823414
|switch|p2a: Staraptor|Staraptor, L50, M|100/100
|-ability|p2a: Staraptor|Intimidate|boost
|-unboost|p1a: Glimmora|atk|1
|-unboost|p1b: Whimsicott|atk|1
|turn|4
|
|t:|1785823428
|switch|p1b: Garchomp|Garchomp, L50, M|100/100
|move|p1a: Glimmora|Spiky Shield|p1a: Glimmora
|-singleturn|p1a: Glimmora|move: Protect
|move|p2a: Staraptor|Dual Wingbeat|p1b: Garchomp
|-damage|p1b: Garchomp|81/100
|-damage|p2a: Staraptor|87/100|[from] ability: Rough Skin|[of] p1b: Garchomp
|-damage|p1b: Garchomp|65/100
|-damage|p2a: Staraptor|75/100|[from] ability: Rough Skin|[of] p1b: Garchomp
|-hitcount|p1b: Garchomp|2
|move|p2b: Farigiraf|Psychic|p1a: Glimmora
|-activate|p1a: Glimmora|move: Protect
|
|-damage|p2b: Farigiraf|48/100 psn|[from] psn
|-sideend|p2: lemons2738|move: Tailwind
|-sideend|p1: scafato92|move: Tailwind
|upkeep
|turn|5
|inactive|scafato92 has 30 seconds left.
|
|t:|1785823455
|switch|p1a: Whimsicott|Whimsicott, L50, M|50/100g par
|move|p1b: Garchomp|Dragon Claw|p2b: Farigiraf
|-damage|p2b: Farigiraf|2/100 psn
|-damage|p1b: Garchomp|55/100|[from] item: Life Orb
|move|p2a: Staraptor|Close Combat|p1a: Whimsicott
|-resisted|p1a: Whimsicott|1
|-damage|p1a: Whimsicott|34/100 par
|-unboost|p2a: Staraptor|def|1
|-unboost|p2a: Staraptor|spd|1
|move|p2b: Farigiraf|Trick Room|p2b: Farigiraf
|-fieldstart|move: Trick Room|[of] p2b: Farigiraf
|
|-damage|p2b: Farigiraf|0 fnt|[from] psn
|faint|p2b: Farigiraf
|upkeep
|inactive|lemons2738 has 30 seconds left.
|
|t:|1785823485
|switch|p2b: Sylveon|Sylveon, L50, M|100/100
|-status|p2b: Sylveon|psn
|turn|6
|
|t:|1785823493
|move|p1b: Garchomp|Protect|p1b: Garchomp
|-singleturn|p1b: Garchomp|Protect
|move|p1a: Whimsicott|Moonblast|p2b: Sylveon
|-damage|p2b: Sylveon|77/100 psn
|move|p2b: Sylveon|Hyper Voice|p1b: Garchomp|[spread] p1a
|-activate|p1b: Garchomp|move: Protect
|-damage|p1a: Whimsicott|0 fnt
|faint|p1a: Whimsicott
|move|p2a: Staraptor|Close Combat|p1b: Garchomp
|-activate|p1b: Garchomp|move: Protect
|
|-damage|p2b: Sylveon|65/100 psn|[from] psn
|-sideend|p1: scafato92|move: Light Screen
|upkeep
|
|t:|1785823509
|switch|p1a: Glimmora|Glimmora, L50, M|43/100 par
|turn|7
|
|t:|1785823534
|move|p1a: Glimmora|Power Gem|p2a: Staraptor
|-supereffective|p2a: Staraptor|1
|-crit|p2a: Staraptor
|-damage|p2a: Staraptor|0 fnt
|faint|p2a: Staraptor
|move|p2b: Sylveon|Hyper Voice|p1a: Glimmora|[spread] p1a,p1b
|-resisted|p1a: Glimmora|1
|-supereffective|p1b: Garchomp|1
|-damage|p1a: Glimmora|8/100 par
|-damage|p1b: Garchomp|0 fnt
|faint|p1b: Garchomp
|
|-damage|p2b: Sylveon|53/100 psn|[from] psn
|upkeep
|
|t:|1785823546
|switch|p1b: Delphox|Delphox, L50, M|100/100
|turn|8
|
|t:|1785823564
|detailschange|p1b: Delphox|Delphox-Mega, L50, M
|-mega|p1b: Delphox|Delphox|Delphoxite
|move|p2b: Sylveon|Quick Attack|p1a: Glimmora
|-resisted|p1a: Glimmora|1
|-damage|p1a: Glimmora|1/100 par
|-activate|p1a: Glimmora|ability: Toxic Debris
|-sidestart|p2: lemons2738|move: Toxic Spikes
|move|p1a: Glimmora|Sludge Bomb|p2b: Sylveon
|-supereffective|p2b: Sylveon|1
|-damage|p2b: Sylveon|0 fnt
|faint|p2b: Sylveon
|
|win|scafato92
|inactive|scafato92 has 30 seconds to confirm battle start!
|inactive|lemons2738 has 30 seconds to confirm battle start!
||lemons2738 is ready for game 2.
||scafato92 is ready for game 2.
|uhtml|next|Next: Game 2 of 3
|l|☆scafato92
|player|p1|
