|j|☆irishshyguy
|j|☆Xto80
|html|irishshyguyXto80    
|uhtml|bestof|Game 2 of a best-of-3
|t:|1782562585
|gametype|doubles
|player|p1|irishshyguy|barry|
|player|p2|Xto80|policeman-gen4|
|gen|9
|tier|[Gen 9 Champions] VGC 2026 Reg M-B (Bo3)
|rule|Species Clause: Limit one of each Pokémon
|rule|Item Clause: Limit 1 of each item
|clearpoke
|poke|p1|Lopunny, L50, M|
|poke|p1|Gardevoir, L50, F|
|poke|p1|Gliscor, L50, M|
|poke|p1|Meowstic, L50, M|
|poke|p1|Noivern, L50, M|
|poke|p1|Jolteon, L50, F|
|poke|p2|Charizard, L50, M|
|poke|p2|Chesnaught, L50, M|
|poke|p2|Scovillain, L50, M|
|poke|p2|Dragonite, L50, F|
|poke|p2|Ceruledge, L50, M|
|poke|p2|Machamp, L50, M|
|teampreview|4
|showteam|p1|Lopunny||Lopunnite|CuteCharm|CloseCombat,CircleThrow,FakeOut,ThunderPunch|Jolly||M|||50|]Gardevoir||FocusSash|Telepathy|AlluringVoice,HyperVoice,Taunt,FirePunch|Hasty||F|||50|]Gliscor||MentalHerb|HyperCutter|Tailwind,Earthquake,GunkShot,RainDance|Jolly||M|||50|]Meowstic||ExpertBelt|Prankster|FakeOut,Reflect,EnergyBall,PsychicNoise|Hasty||M|||50|]Noivern||BrightPowder|Frisk|DracoMeteor,SuperFang,IronTail,Uturn|Hasty||M|||50|]Jolteon||ShucaBerry|VoltAbsorb|Detect,ThunderWave,DoubleEdge,AlluringVoice|Hasty||F|||50|
|showteam|p2|Charizard||CharizarditeY|SolarPower|WeatherBall,SolarBeam,RockSlide,DragonTail|Hasty||M|||50|]Chesnaught||ExpertBelt|Bulletproof|GigaDrain,PoisonJab,CloseCombat,SpikyShield|Relaxed||M|||50|]Scovillain||Leftovers|Chlorophyll|SolarBeam,Overheat,WillOWisp,Substitute|Timid||M|||50|]Dragonite||LightClay|Multiscale|LightScreen,DracoMeteor,ExtremeSpeed,IceSpinner|Brave||F|||50|]Ceruledge||FocusSash|FlashFire|BitterBlade,CloseCombat,ShadowClaw,SwordsDance|Jolly||M|||50|]Machamp||BlackBelt|NoGuard|CloseCombat,DynamicPunch,StoneEdge,CrossChop|Adamant||M|||50|
|
|t:|1782562713
|teamsize|p1|4
|teamsize|p2|4
|start
|switch|p1a: Lopunny|Lopunny, L50, M|100/100
|switch|p1b: Gliscor|Gliscor, L50, M|100/100
|switch|p2a: Charizard|Charizard, L50, M|100/100
|switch|p2b: Ceruledge|Ceruledge, L50, M|100/100
|turn|1
|
|t:|1782562743
|detailschange|p1a: Lopunny|Lopunny-Mega, L50, M
|-mega|p1a: Lopunny|Lopunny|Lopunnite
|detailschange|p2a: Charizard|Charizard-Mega-Y, L50, M
|-mega|p2a: Charizard|Charizard|Charizardite Y
|-weather|SunnyDay|[from] ability: Drought|[of] p2a: Charizard
|move|p1a: Lopunny|Fake Out|p2a: Charizard
|-damage|p2a: Charizard|64/100
|cant|p2a: Charizard|flinch
|move|p1b: Gliscor|Tailwind|p1b: Gliscor
|-sidestart|p1: irishshyguy|move: Tailwind
|move|p2b: Ceruledge|Bitter Blade|p1a: Lopunny
|-damage|p1a: Lopunny|10/100
|
|-weather|SunnyDay|[upkeep]
|upkeep
|turn|2
|
|t:|1782562792
|move|p1a: Lopunny|Thunder Punch|p2a: Charizard
|-supereffective|p2a: Charizard|1
|-damage|p2a: Charizard|0 fnt
|faint|p2a: Charizard
|move|p1b: Gliscor|Rain Dance|p1b: Gliscor
|-weather|RainDance
|move|p2b: Ceruledge|Bitter Blade|p1a: Lopunny
|-damage|p1a: Lopunny|0 fnt
|faint|p1a: Lopunny
|
|-weather|RainDance|[upkeep]
|upkeep
|
|t:|1782562811
|switch|p1a: Noivern|Noivern, L50, M|100/100
|switch|p2a: Machamp|Machamp, L50, M|100/100
|-item|p2a: Machamp|Black Belt|[from] ability: Frisk|[of] p1a: Noivern
|-item|p2b: Ceruledge|Focus Sash|[from] ability: Frisk|[of] p1a: Noivern
|turn|3
|
|t:|1782562894
|move|p1a: Noivern|U-turn|p2a: Machamp
|-resisted|p2a: Machamp|1
|-damage|p2a: Machamp|91/100
|
|t:|1782562904
|switch|p1a: Gardevoir|Gardevoir, L50, F|100/100|[from] U-turn
|move|p1b: Gliscor|Earthquake|p2a: Machamp|[spread] p2a,p2b
|-activate|p1a: Gardevoir|ability: Telepathy
|-supereffective|p2b: Ceruledge|1
|-damage|p2a: Machamp|57/100
|-damage|p2b: Ceruledge|11/100
|move|p2b: Ceruledge|Shadow Claw|p1b: Gliscor
|-damage|p1b: Gliscor|63/100
|move|p2a: Machamp|Stone Edge|p1a: Gardevoir
|-damage|p1a: Gardevoir|28/100
|
|-weather|RainDance|[upkeep]
|upkeep
|turn|4
|
|t:|1782562949
|move|p1b: Gliscor|Earthquake|p2a: Machamp|[spread] p2a,p2b
|-activate|p1a: Gardevoir|ability: Telepathy
|-supereffective|p2b: Ceruledge|1
|-damage|p2a: Machamp|21/100
|-damage|p2b: Ceruledge|0 fnt
|faint|p2b: Ceruledge
|move|p1a: Gardevoir|Alluring Voice|p2a: Machamp
|-supereffective|p2a: Machamp|1
|-damage|p2a: Machamp|0 fnt
|faint|p2a: Machamp
|
|-weather|RainDance|[upkeep]
|-sideend|p1: irishshyguy|move: Tailwind
|upkeep
|
|t:|1782562962
|switch|p2b: Chesnaught|Chesnaught, L50, M|100/100
|turn|5
|
|t:|1782562975
|move|p1b: Gliscor|Tailwind|p1b: Gliscor
|-sidestart|p1: irishshyguy|move: Tailwind
|move|p1a: Gardevoir|Alluring Voice|p2b: Chesnaught
|-supereffective|p2b: Chesnaught|1
|-damage|p2b: Chesnaught|13/100
|move|p2b: Chesnaught|Poison Jab|p1a: Gardevoir
|-supereffective|p1a: Gardevoir|1
|-damage|p1a: Gardevoir|0 fnt
|faint|p1a: Gardevoir
|
|-weather|RainDance|[upkeep]
|upkeep
|
|t:|1782562988
|switch|p1a: Noivern|Noivern, L50, M|100/100
|-item|p2b: Chesnaught|Expert Belt|[from] ability: Frisk|[of] p1a: Noivern
|turn|6
|
|t:|1782563044
|move|p2b: Chesnaught|Spiky Shield|p2b: Chesnaught
|-singleturn|p2b: Chesnaught|move: Protect
|move|p1a: Noivern|Draco Meteor|p2b: Chesnaught
|-activate|p2b: Chesnaught|move: Protect
|move|p1b: Gliscor|Gunk Shot|p2b: Chesnaught
|-activate|p2b: Chesnaught|move: Protect
|
|-weather|none
|upkeep
|turn|7
|
|t:|1782563071
|move|p1a: Noivern|Draco Meteor|p2b: Chesnaught
|-damage|p2b: Chesnaught|0 fnt
|-unboost|p1a: Noivern|spa|2
|faint|p2b: Chesnaught
|
|win|irishshyguy
||irishshyguy is ready for game 3.
|inactive|Xto80 has 30 seconds to confirm battle start!
||Xto80 is ready for game 3.
|uhtml|next|Next: Game 3 of 3
