|j|☆pixlrd
|j|☆luiz red
|html|pixlrdluiz red    
|uhtml|bestof|Game 1 of a best-of-3
|t:|1782347146
|gametype|doubles
|player|p1|pixlrd|102|1000
|player|p2|luiz red|veteran|1100
|gen|9
|tier|[Gen 9 Champions] VGC 2026 Reg M-B (Bo3)
|rated|
|rule|Species Clause: Limit one of each Pokémon
|rule|Item Clause: Limit 1 of each item
|clearpoke
|poke|p1|Mr. Rime, L50, M|
|poke|p1|Roserade, L50, M|
|poke|p1|Aggron, L50, M|
|poke|p1|Malamar, L50, M|
|poke|p1|Aegislash, L50, M|
|poke|p1|Abomasnow, L50, F|
|poke|p2|Sneasler, L50, M|
|poke|p2|Corviknight, L50, F|
|poke|p2|Basculegion, L50, M|
|poke|p2|Archaludon, L50, F|
|poke|p2|Pelipper, L50, F|
|poke|p2|Venusaur, L50, F|
|teampreview|4
|showteam|p1|Mr. Rime||ChopleBerry|ScreenCleaner|DazzlingGleam,Protect,FakeOut,FreezeDry|Modest||M|||50|]Roserade||Leftovers|Technician|Trailblaze,SleepPowder,Rest,Snore|Timid||M|||50|]Aggron||Aggronite|RockHead|BodyPress,IronDefense,IronHead,RockSlide|Adamant||M|||50|]Malamar||LifeOrb|Contrary|TrickRoom,Superpower,KnockOff,Protect|Sassy||M|||50|]Aegislash||FocusSash|StanceChange|KingsShield,MetalSound,Screech,BrickBreak|Careful||M|||50|]Abomasnow||Abomasite|SnowWarning|Protect,IceHammer,SwordsDance,WoodHammer|Adamant||F|||50|
|showteam|p2|Sneasler||WhiteHerb|Unburden|CloseCombat,DireClaw,FakeOut,Protect|Adamant||M|||50|]Corviknight||Leftovers|MirrorArmor|BodyPress,IronDefense,Protect,BraveBird|Impish||F|||50|]Basculegion||ChoiceScarf|Adaptability|FlipTurn,LastRespects,AquaJet,WaveCrash|Jolly||M|||50|]Archaludon||SitrusBerry|Stamina|DragonPulse,FlashCannon,Protect,ElectroShot|Modest||F|||50|]Pelipper||SharpBeak|Drizzle|WeatherBall,Hurricane,Tailwind,WideGuard|Bold||F|||50|]Venusaur||Venusaurite|Chlorophyll|SleepPowder,GigaDrain,SludgeWave,EarthPower|Modest||F|||50|
|
|t:|1782347182
|teamsize|p1|4
|teamsize|p2|4
|start
|switch|p1a: Mr. Rime|Mr. Rime, L50, M|100/100
|switch|p1b: Malamar|Malamar, L50, M|100/100
|switch|p2a: Venusaur|Venusaur, L50, F|100/100
|switch|p2b: Basculegion|Basculegion, L50, M|100/100
|turn|1
|
|t:|1782347214
|detailschange|p2a: Venusaur|Venusaur-Mega, L50, F
|-mega|p2a: Venusaur|Venusaur|Venusaurite
|move|p1a: Mr. Rime|Fake Out|p2a: Venusaur
|-damage|p2a: Venusaur|94/100
|move|p2b: Basculegion|Flip Turn|p1b: Malamar
|-damage|p1b: Malamar|62/100
|
|t:|1782347225
|switch|p2b: Pelipper|Pelipper, L50, F|100/100|[from] Flip Turn
|-weather|RainDance|[from] ability: Drizzle|[of] p2b: Pelipper
|cant|p2a: Venusaur|flinch
|move|p1b: Malamar|Trick Room|p1b: Malamar
|-fieldstart|move: Trick Room|[of] p1b: Malamar
|
|-weather|RainDance|[upkeep]
|upkeep
|turn|2
|
|t:|1782347248
|switch|p1b: Abomasnow|Abomasnow, L50, F|100/100
|-weather|Snowscape|[from] ability: Snow Warning|[of] p1b: Abomasnow
|switch|p2b: Archaludon|Archaludon, L50, F|100/100
|move|p1a: Mr. Rime|Freeze-Dry|p2b: Archaludon
|-damage|p2b: Archaludon|66/100
|-ability|p2b: Archaludon|Stamina|boost
|-boost|p2b: Archaludon|def|1
|move|p2a: Venusaur|Sludge Wave|p1a: Mr. Rime|[spread] p1a,p1b
|-immune|p2b: Archaludon
|-supereffective|p1b: Abomasnow|1
|-crit|p1b: Abomasnow
|-damage|p1a: Mr. Rime|58/100
|-damage|p1b: Abomasnow|0 fnt
|faint|p1b: Abomasnow
|
|-weather|Snowscape|[upkeep]
|upkeep
|
|t:|1782347264
|switch|p1b: Aggron|Aggron, L50, M|100/100
|turn|3
|
|t:|1782347295
|detailschange|p1b: Aggron|Aggron-Mega, L50, M
|-mega|p1b: Aggron|Aggron|Aggronite
|move|p2b: Archaludon|Protect|p2b: Archaludon
|-singleturn|p2b: Archaludon|Protect
|move|p1b: Aggron|Body Press|p2a: Venusaur
|-resisted|p2a: Venusaur|1
|-damage|p2a: Venusaur|78/100
|move|p1a: Mr. Rime|Freeze-Dry|p2a: Venusaur
|-supereffective|p2a: Venusaur|1
|-damage|p2a: Venusaur|49/100
|move|p2a: Venusaur|Sleep Powder|p1b: Aggron
|-status|p1b: Aggron|slp|[from] move: Sleep Powder
|
|-weather|Snowscape|[upkeep]
|upkeep
|turn|4
|
|t:|1782347317
|switch|p2a: Pelipper|Pelipper, L50, F|100/100
|-weather|RainDance|[from] ability: Drizzle|[of] p2a: Pelipper
|cant|p1b: Aggron|slp
|move|p1a: Mr. Rime|Freeze-Dry|p2a: Pelipper
|-supereffective|p2a: Pelipper|2
|-damage|p2a: Pelipper|0 fnt
|faint|p2a: Pelipper
|move|p2b: Archaludon|Electro Shot||[still]
|-prepare|p2b: Archaludon|Electro Shot
|-boost|p2b: Archaludon|spa|1
|-anim|p2b: Archaludon|Electro Shot|p1a: Mr. Rime
|-damage|p1a: Mr. Rime|0 fnt
|faint|p1a: Mr. Rime
|
|-weather|RainDance|[upkeep]
|upkeep
|
|t:|1782347335
|switch|p2a: Venusaur|Venusaur-Mega, L50, F|49/100
|switch|p1a: Malamar|Malamar, L50, M|62/100
|turn|5
|
|t:|1782347364
|-curestatus|p1b: Aggron|slp|[msg]
|move|p1b: Aggron|Iron Defense|p1b: Aggron
|-boost|p1b: Aggron|def|2
|move|p1a: Malamar|Knock Off|p2a: Venusaur
|-damage|p2a: Venusaur|21/100
|-damage|p1a: Malamar|52/100|[from] item: Life Orb
|move|p2a: Venusaur|Giga Drain|p1b: Aggron
|-resisted|p1b: Aggron|1
|-damage|p1b: Aggron|75/100
|-heal|p2a: Venusaur|33/100|[from] drain|[of] p1b: Aggron
|move|p2b: Archaludon|Electro Shot||[still]
|-prepare|p2b: Archaludon|Electro Shot
|-boost|p2b: Archaludon|spa|1
|-anim|p2b: Archaludon|Electro Shot|p1a: Malamar
|-damage|p1a: Malamar|0 fnt
|faint|p1a: Malamar
|
|-weather|RainDance|[upkeep]
|-fieldend|move: Trick Room
|upkeep
|turn|6
|
|t:|1782347392
|move|p2b: Archaludon|Electro Shot||[still]
|-prepare|p2b: Archaludon|Electro Shot
|-boost|p2b: Archaludon|spa|1
|-anim|p2b: Archaludon|Electro Shot|p1b: Aggron
|-damage|p1b: Aggron|0 fnt
|faint|p1b: Aggron
|
|win|luiz red
|inactive|pixlrd has 30 seconds to confirm battle start!
|inactive|luiz red has 30 seconds to confirm battle start!
