|j|â˜†haoyyy
|j|â˜†VenuDaAscoInRain
|html|haoyyyVenuDaAscoInRain    
|uhtml|bestof|Game 1 of a best-of-3
|t:|1783067362
|gametype|doubles
|player|p1|haoyyy|266|1059
|player|p2|VenuDaAscoInRain|li|1137
|gen|9
|tier|[Gen 9 Champions] VGC 2026 Reg M-B (Bo3)
|rated|
|rule|Species Clause: Limit one of each PokÃ©mon
|rule|Item Clause: Limit 1 of each item
|clearpoke
|poke|p1|Whimsicott, L50, F, shiny|
|poke|p1|Annihilape, L50, F, shiny|
|poke|p1|Floette-Eternal, L50, F, shiny|
|poke|p1|Garchomp, L50, F, shiny|
|poke|p1|Overqwil, L50, F, shiny|
|poke|p1|Sableye, L50, F, shiny|
|poke|p2|Pelipper, L50, M, shiny|
|poke|p2|Swampert, L50, M|
|poke|p2|Archaludon, L50, M, shiny|
|poke|p2|Grimmsnarl, L50, M, shiny|
|poke|p2|Venusaur, L50, M, shiny|
|poke|p2|Sneasler, L50, M, shiny|
|teampreview|4
|showteam|p1|Whimsicott||FocusSash|Prankster|Tailwind,Encore,Moonblast,WorrySeed|Timid||F|||50|]Annihilape||SitrusBerry|Defiant|BulkUp,DrainPunch,RageFist,IcePunch|Adamant||F|||50|]Floette-Eternal||Floettite|FlowerVeil|Moonblast,DazzlingGleam,CalmMind,Protect|Timid||F|||50|]Garchomp||LifeOrb|RoughSkin|StompingTantrum,DragonClaw,RockSlide,Protect|Serious||F|||50|]Overqwil||Leftovers|Intimidate|Stockpile,Minimize,Toxic,ThroatChop|Serious||F|||50|]Sableye||RoseliBerry|Prankster|FakeOut,Encore,Disable,WillOWisp|Calm||F|||50|
|showteam|p2|Pelipper||FocusSash|Drizzle|WeatherBall,Hurricane,Tailwind,Protect|Modest||M|||50|]Swampert||Swampertite|Torrent|WaveCrash,IcePunch,HighHorsepower,Protect|Adamant||M|||50|]Archaludon||Leftovers|Stamina|ElectroShot,FlashCannon,DragonPulse,Protect|Modest||M|||50|]Grimmsnarl||RoseliBerry|Prankster|SpiritBreak,PartingShot,Reflect,LightScreen|Careful||M|||50|]Venusaur||Venusaurite|Chlorophyll|SludgeBomb,GigaDrain,EarthPower,SleepPowder|Modest||M|||50|]Sneasler||WhiteHerb|Unburden|DireClaw,CloseCombat,FakeOut,RockTomb|Jolly||M|||50|
|inactive|Battle timer is ON: inactive players will automatically lose when time's up. (requested by VenuDaAscoInRain)
|inactive|VenuDaAscoInRain has 60 seconds left.
|inactive|haoyyy has 60 seconds left.
|
|t:|1783067407
|teamsize|p1|4
|teamsize|p2|4
|start
|switch|p1a: Whimsicott|Whimsicott, L50, F, shiny|100/100
|switch|p1b: Floette|Floette-Eternal, L50, F, shiny|100/100
|switch|p2a: Grimmsnarl|Grimmsnarl, L50, M, shiny|100/100
|switch|p2b: Pelipper|Pelipper, L50, M, shiny|100/100
|-weather|RainDance|[from] ability: Drizzle|[of] p2b: Pelipper
|turn|1
|inactive|haoyyy has 30 seconds left.
|inactive|VenuDaAscoInRain has 30 seconds left.
|
|t:|1783067438
|detailschange|p1b: Floette|Floette-Mega, L50, F, shiny
|-mega|p1b: Floette|Floette|Floettite
|-ability|p1b: Floette|Fairy Aura
|move|p2a: Grimmsnarl|Light Screen|p2a: Grimmsnarl
|-sidestart|p2: VenuDaAscoInRain|move: Light Screen
|move|p1a: Whimsicott|Moonblast|p2a: Grimmsnarl
|-supereffective|p2a: Grimmsnarl|1
|-crit|p2a: Grimmsnarl
|-enditem|p2a: Grimmsnarl|Roseli Berry|[eat]
|-enditem|p2a: Grimmsnarl|Roseli Berry|[weaken]
|-damage|p2a: Grimmsnarl|37/100
|move|p1b: Floette|Calm Mind|p1b: Floette
|-boost|p1b: Floette|spa|1
|-boost|p1b: Floette|spd|1
|move|p2b: Pelipper|Hurricane|p1a: Whimsicott
|-supereffective|p1a: Whimsicott|1
|-enditem|p1a: Whimsicott|Focus Sash
|-damage|p1a: Whimsicott|1/100
|
|-weather|RainDance|[upkeep]
|upkeep
|turn|2
|inactive|haoyyy has 30 seconds left.
|inactive|haoyyy has 20 seconds left.
|
|t:|1783067476
|move|p1a: Whimsicott|Tailwind|p1a: Whimsicott
|-sidestart|p1: haoyyy|move: Tailwind
|move|p2a: Grimmsnarl|Parting Shot|p1a: Whimsicott
|-unboost|p1a: Whimsicott|atk|1
|-unboost|p1a: Whimsicott|spa|1
|
|t:|1783067481
|switch|p2a: Venusaur|Venusaur, L50, M, shiny|100/100|[from] Parting Shot
|move|p1b: Floette|Dazzling Gleam|p2a: Venusaur|[spread] p2a,p2b
|-resisted|p2a: Venusaur|1
|-damage|p2a: Venusaur|79/100
|-damage|p2b: Pelipper|15/100
|move|p2b: Pelipper|Hurricane|p1a: Whimsicott
|-supereffective|p1a: Whimsicott|1
|-damage|p1a: Whimsicott|0 fnt
|faint|p1a: Whimsicott
|
|-weather|RainDance|[upkeep]
|upkeep
|
|t:|1783067500
|switch|p1a: Annihilape|Annihilape, L50, F, shiny|100/100
|turn|3
|
|t:|1783067509
|switch|p2b: Grimmsnarl|Grimmsnarl, L50, M, shiny|37/100
|detailschange|p2a: Venusaur|Venusaur-Mega, L50, M, shiny
|-mega|p2a: Venusaur|Venusaur|Venusaurite
|move|p1b: Floette|Dazzling Gleam|p2a: Venusaur|[spread] p2a,p2b
|-resisted|p2a: Venusaur|1
|-supereffective|p2b: Grimmsnarl|1
|-damage|p2a: Venusaur|59/100
|-damage|p2b: Grimmsnarl|0 fnt
|faint|p2b: Grimmsnarl
|move|p1a: Annihilape|Bulk Up|p1a: Annihilape
|-boost|p1a: Annihilape|atk|1
|-boost|p1a: Annihilape|def|1
|move|p2a: Venusaur|Sleep Powder|p1b: Floette|[miss]
|-miss|p2a: Venusaur|p1b: Floette
|
|-weather|RainDance|[upkeep]
|upkeep
|
|t:|1783067516
|switch|p2b: Archaludon|Archaludon, L50, M, shiny|100/100
|turn|4
|c|â˜†VenuDaAscoInRain|venusaur can you please hit anything?
|
|t:|1783067539
|move|p2b: Archaludon|Protect|p2b: Archaludon
|-singleturn|p2b: Archaludon|Protect
|move|p1b: Floette|Dazzling Gleam|p2a: Venusaur|[spread] p2a
|-activate|p2b: Archaludon|move: Protect
|-resisted|p2a: Venusaur|1
|-damage|p2a: Venusaur|40/100
|move|p1a: Annihilape|Drain Punch|p2b: Archaludon
|-activate|p2b: Archaludon|move: Protect
|move|p2a: Venusaur|Sleep Powder|p1b: Floette
|-status|p1b: Floette|slp|[from] move: Sleep Powder
|
|-weather|RainDance|[upkeep]
|upkeep
|turn|5
|c|â˜†VenuDaAscoInRain|i just fail in the last game 7 sleepe pwder in a row
|
|t:|1783067557
|switch|p2b: Pelipper|Pelipper, L50, M, shiny|15/100
|cant|p1b: Floette|slp
|move|p1a: Annihilape|Bulk Up|p1a: Annihilape
|-boost|p1a: Annihilape|atk|1
|-boost|p1a: Annihilape|def|1
|move|p2a: Venusaur|Sleep Powder|p1a: Annihilape
|-status|p1a: Annihilape|slp|[from] move: Sleep Powder
|
|-weather|none
|-sideend|p2: VenuDaAscoInRain|move: Light Screen
|-sideend|p1: haoyyy|move: Tailwind
|upkeep
|turn|6
|inactive|haoyyy has 30 seconds left.
|
|t:|1783067586
|cant|p1b: Floette|slp
|move|p2b: Pelipper|Tailwind|p2b: Pelipper
|-sidestart|p2: VenuDaAscoInRain|move: Tailwind
|move|p2a: Venusaur|Sludge Bomb|p1b: Floette
|-supereffective|p1b: Floette|1
|-damage|p1b: Floette|44/100 slp
|cant|p1a: Annihilape|slp
|
|upkeep
|turn|7
|
|t:|1783067607
|-curestatus|p1b: Floette|slp|[msg]
|move|p1b: Floette|Protect|p1b: Floette
|-singleturn|p1b: Floette|Protect
|move|p2b: Pelipper|Hurricane|p1a: Annihilape
|-supereffective|p1a: Annihilape|1
|-damage|p1a: Annihilape|16/100 slp
|-enditem|p1a: Annihilape|Sitrus Berry|[eat]
|-heal|p1a: Annihilape|41/100 slp|[from] item: Sitrus Berry
|move|p2a: Venusaur|Sludge Bomb|p1b: Floette
|-activate|p1b: Floette|move: Protect
|cant|p1a: Annihilape|slp
|
|upkeep
|turn|8
|inactive|haoyyy has 30 seconds left.
|
|t:|1783067633
|move|p1b: Floette|Protect|p1b: Floette
|-singleturn|p1b: Floette|Protect
|move|p2b: Pelipper|Hurricane|p1a: Annihilape
|-supereffective|p1a: Annihilape|1
|-damage|p1a: Annihilape|0 fnt
|faint|p1a: Annihilape
|move|p2a: Venusaur|Sludge Bomb|p1b: Floette
|-activate|p1b: Floette|move: Protect
|
|upkeep
|
|t:|1783067643
|switch|p1a: Garchomp|Garchomp, L50, F, shiny|100/100
|turn|9
|
|t:|1783067651
|move|p1b: Floette|Protect||[still]
|-fail|p1b: Floette
|move|p2b: Pelipper|Hurricane|p1a: Garchomp
|-damage|p1a: Garchomp|44/100
|move|p2a: Venusaur|Sludge Bomb|p1b: Floette
|-supereffective|p1b: Floette|1
|-damage|p1b: Floette|0 fnt
|faint|p1b: Floette
|move|p1a: Garchomp|Rock Slide|p2a: Venusaur|[spread] p2a
|-miss|p1a: Garchomp|p2b: Pelipper
|-damage|p2a: Venusaur|21/100
|-damage|p1a: Garchomp|35/100|[from] item: Life Orb
|
|-sideend|p2: VenuDaAscoInRain|move: Tailwind
|upkeep
|turn|10
|
|t:|1783067666
|move|p1a: Garchomp|Rock Slide|p2a: Venusaur|[spread] p2a,p2b
|-supereffective|p2b: Pelipper|1
|-damage|p2a: Venusaur|3/100
|-damage|p2b: Pelipper|0 fnt
|faint|p2b: Pelipper
|-damage|p1a: Garchomp|25/100|[from] item: Life Orb
|move|p2a: Venusaur|Giga Drain|p1a: Garchomp
|-damage|p1a: Garchomp|0 fnt
|-heal|p2a: Venusaur|16/100|[from] drain|[of] p1a: Garchomp
|faint|p1a: Garchomp
|
|win|VenuDaAscoInRain
