|j|☆MIMHvgc
|j|☆NatRus3
|html|MIMHvgcNatRus3    
|uhtml|bestof|Game 1 of a best-of-3
|t:|1757803574
|gametype|doubles
|player|p1|MIMHvgc|miku-fairy|1047
|player|p2|NatRus3|101|1064
|gen|9
|tier|[Gen 9] VGC 2025 Reg H (Bo3)
|rated|
|rule|Species Clause: Limit one of each Pokémon
|rule|Item Clause: Limit 1 of each item
|clearpoke
|poke|p1|Volcarona, L50, M|
|poke|p1|Basculegion, L50, M|
|poke|p1|Baxcalibur, L50, F|
|poke|p1|Rillaboom, L50, M|
|poke|p1|Sneasler, L50, M|
|poke|p1|Ninetales-Alola, L50, F|
|poke|p2|Pelipper, L50, F|
|poke|p2|Archaludon, L50, F|
|poke|p2|Flamigo, L50, M|
|poke|p2|Basculegion, L50, M|
|poke|p2|Incineroar, L50, M|
|poke|p2|Whimsicott, L50, M|
|teampreview|4
|showteam|p1|Volcarona||Leftovers|FlameBody|FieryDance,GigaDrain,QuiverDance,Protect|||M|||50|,,,,,Grass]Basculegion||ChoiceScarf|Adaptability|WaveCrash,LastRespects,FlipTurn,AquaJet|||M|||50|,,,,,Water]Baxcalibur||LoadedDice|ThermalExchange|IcicleSpear,ScaleShot,IceShard,Protect|||F|||50|,,,,,Ghost]Rillaboom||AssaultVest|GrassySurge|GrassyGlide,FakeOut,WoodHammer,Uturn|||M|||50|,,,,,Fire]Sneasler||WhiteHerb|Unburden|DireClaw,CloseCombat,Coaching,Protect|||M|||50|,,,,,Ghost]Ninetales-Alola||CovertCloak|SnowWarning|Blizzard,AuroraVeil,Encore,Protect|||F|||50|,,,,,Water
|showteam|p2|Pelipper||FocusSash|Drizzle|MuddyWater,Hurricane,WideGuard,Protect|||F|||50|,,,,,Ghost]Archaludon||AssaultVest|Stamina|ElectroShot,DragonPulse,FlashCannon,BodyPress|||F|||50|,,,,,Fairy]Flamigo||ClearAmulet|Scrappy|CloseCombat,BraveBird,Feint,Protect|||M|||50|,,,,,Ghost]Basculegion||LifeOrb|SwiftSwim|AquaJet,LastRespects,WaveCrash,Protect|||M|||50|,,,,,Water]Incineroar||RockyHelmet|Intimidate|FakeOut,KnockOff,FlareBlitz,PartingShot|||M|||50|,,,,,Grass]Whimsicott||CovertCloak|Prankster|Tailwind,Encore,BeatUp,Moonblast|||M|||50|,,,,,Flying
|inactive|Battle timer is ON: inactive players will automatically lose when time's up. (requested by NatRus3)
|
|t:|1757803604
|teamsize|p1|4
|teamsize|p2|4
|start
|switch|p1a: A strong fellow|Baxcalibur, L50, F|100/100
|switch|p1b: I'm sorry.|Sneasler, L50, M|100/100
|switch|p2a: Archaludon|Archaludon, L50, F|100/100
|switch|p2b: Whimsicott|Whimsicott, L50, M|100/100
|turn|1
|inactive|NatRus3 has 30 seconds left.
|inactive|NatRus3 has 20 seconds left.
|inactive|NatRus3 has 15 seconds left.
|inactive|NatRus3 has 10 seconds left.
|inactive|NatRus3 has 5 seconds left.
|
|t:|1757803658
|switch|p2b: Incineroar|Incineroar, L50, M|100/100
|-ability|p2b: Incineroar|Intimidate|boost
|-unboost|p1a: A strong fellow|atk|1
|-unboost|p1b: I'm sorry.|atk|1
|-enditem|p1b: I'm sorry.|White Herb
|-clearnegativeboost|p1b: I'm sorry.|[silent]
|-terastallize|p1a: A strong fellow|Ghost
|-terastallize|p2a: Archaludon|Fairy
|move|p1b: I'm sorry.|Coaching|p1a: A strong fellow
|-boost|p1a: A strong fellow|atk|1
|-boost|p1a: A strong fellow|def|1
|move|p1a: A strong fellow|Icicle Spear|p2b: Incineroar
|-resisted|p2b: Incineroar
|-damage|p2b: Incineroar|93/100
|-resisted|p2b: Incineroar
|-damage|p2b: Incineroar|85/100
|-resisted|p2b: Incineroar
|-damage|p2b: Incineroar|77/100
|-resisted|p2b: Incineroar
|-damage|p2b: Incineroar|70/100
|-resisted|p2b: Incineroar
|-damage|p2b: Incineroar|62/100
|-hitcount|p2b: Incineroar|5
|move|p2a: Archaludon|Dragon Pulse|p1a: A strong fellow
|-crit|p1a: A strong fellow
|-damage|p1a: A strong fellow|32/100
|
|upkeep
|turn|2
|inactive|NatRus3 has 30 seconds left.
|inactive|MIMHvgc has 30 seconds left.
|inactive|NatRus3 has 20 seconds left.
|inactive|NatRus3 has 15 seconds left.
|
|t:|1757803698
|move|p1a: A strong fellow|Protect|p1a: A strong fellow
|-singleturn|p1a: A strong fellow|Protect
|move|p1b: I'm sorry.|Dire Claw|p2a: Archaludon
|-supereffective|p2a: Archaludon
|-damage|p2a: Archaludon|40/100
|-ability|p2a: Archaludon|Stamina|boost
|-boost|p2a: Archaludon|def|1
|move|p2a: Archaludon|Dragon Pulse|p1b: I'm sorry.
|-damage|p1b: I'm sorry.|33/100
|move|p2b: Incineroar|Knock Off|p1a: A strong fellow
|-activate|p1a: A strong fellow|move: Protect
|
|upkeep
|turn|3
|inactive|MIMHvgc has 30 seconds left.
|inactive|MIMHvgc has 20 seconds left.
|
|t:|1757803735
|switch|p2b: Whimsicott|Whimsicott, L50, M|100/100
|move|p1b: I'm sorry.|Dire Claw|p2a: Archaludon
|-supereffective|p2a: Archaludon
|-damage|p2a: Archaludon|2/100
|-status|p2a: Archaludon|par
|-ability|p2a: Archaludon|Stamina|boost
|-boost|p2a: Archaludon|def|1
|move|p1a: A strong fellow|Scale Shot|p2b: Whimsicott
|-immune|p2b: Whimsicott
|move|p2a: Archaludon|Dragon Pulse|p1b: I'm sorry.
|-damage|p1b: I'm sorry.|0 fnt
|faint|p1b: I'm sorry.
|
|upkeep
|
|t:|1757803739
|switch|p1b: Ninetales-She/They|Ninetales-Alola, L50, F|100/100
|-weather|Snowscape|[from] ability: Snow Warning|[of] p1b: Ninetales-She/They
|turn|4
|inactive|NatRus3 has 30 seconds left.
|
|t:|1757803766
|move|p2b: Whimsicott|Encore|p1a: A strong fellow
|-start|p1a: A strong fellow|Encore
|move|p1a: A strong fellow|Scale Shot|p2a: Archaludon
|-immune|p2a: Archaludon
|move|p1b: Ninetales-She/They|Blizzard|p2b: Whimsicott|[spread] p2a,p2b
|-supereffective|p2b: Whimsicott
|-damage|p2a: Archaludon|0 fnt
|-damage|p2b: Whimsicott|39/100
|faint|p2a: Archaludon
|
|-weather|Snowscape|[upkeep]
|upkeep
|
|t:|1757803782
|switch|p2a: Pelipper|Pelipper, L50, F|100/100
|-weather|RainDance|[from] ability: Drizzle|[of] p2a: Pelipper
|turn|5
|
|t:|1757803798
|switch|p2a: Incineroar|Incineroar, L50, M|62/100
|-ability|p2a: Incineroar|Intimidate|boost
|-unboost|p1a: A strong fellow|atk|1
|-unboost|p1b: Ninetales-She/They|atk|1
|move|p2b: Whimsicott|Moonblast|p1a: A strong fellow
|-damage|p1a: A strong fellow|2/100
|-unboost|p1a: A strong fellow|spa|1
|move|p1b: Ninetales-She/They|Blizzard|p2b: Whimsicott|[spread] p2a,p2b
|-resisted|p2a: Incineroar
|-supereffective|p2b: Whimsicott
|-damage|p2a: Incineroar|51/100
|-damage|p2b: Whimsicott|0 fnt
|faint|p2b: Whimsicott
|move|p1a: A strong fellow|Scale Shot|p2a: Incineroar
|-damage|p2a: Incineroar|40/100
|-damage|p2a: Incineroar|28/100
|-damage|p2a: Incineroar|18/100
|-damage|p2a: Incineroar|8/100
|-hitcount|p2a: Incineroar|4
|-unboost|p1a: A strong fellow|def|1
|-boost|p1a: A strong fellow|spe|1
|
|-weather|RainDance|[upkeep]
|upkeep
|
|t:|1757803820
|switch|p2b: Pelipper|Pelipper, L50, F|100/100
|turn|6
|
|t:|1757803828
|switch|p1b: Portgas D. Moth|Volcarona, L50, M, shiny|100/100
|move|p1a: A strong fellow|Scale Shot|p2b: Pelipper
|-damage|p2b: Pelipper|92/100
|-damage|p2b: Pelipper|82/100
|-damage|p2b: Pelipper|71/100
|-damage|p2b: Pelipper|62/100
|-damage|p2b: Pelipper|53/100
|-hitcount|p2b: Pelipper|5
|-unboost|p1a: A strong fellow|def|1
|-boost|p1a: A strong fellow|spe|1
|move|p2b: Pelipper|Muddy Water|p1a: A strong fellow|[spread] p1a,p1b
|-supereffective|p1b: Portgas D. Moth
|-damage|p1a: A strong fellow|0 fnt
|-damage|p1b: Portgas D. Moth|44/100
|faint|p1a: A strong fellow
|move|p2a: Incineroar|Knock Off|p1b: Portgas D. Moth
|-damage|p1b: Portgas D. Moth|0 fnt
|-enditem|p1b: Portgas D. Moth|Leftovers|[from] move: Knock Off|[of] p2a: Incineroar
|faint|p1b: Portgas D. Moth
|
|-weather|RainDance|[upkeep]
|upkeep
|
|t:|1757803836
|switch|p1b: Ninetales-She/They|Ninetales-Alola, L50, F|100/100
|-weather|Snowscape|[from] ability: Snow Warning|[of] p1b: Ninetales-She/They
|turn|7
|
|t:|1757803860
|move|p2b: Pelipper|Wide Guard|p2b: Pelipper
|-singleturn|p2b: Pelipper|Wide Guard
|move|p1b: Ninetales-She/They|Encore|p2b: Pelipper
|-start|p2b: Pelipper|Encore
|move|p2a: Incineroar|Flare Blitz|p1b: Ninetales-She/They
|-supereffective|p1b: Ninetales-She/They
|-damage|p1b: Ninetales-She/They|7/100
|-damage|p2a: Incineroar|0 fnt|[from] Recoil
|faint|p2a: Incineroar
|
|-weather|Snowscape|[upkeep]
|upkeep
|turn|8
|-message|MIMHvgc forfeited.
|
|win|NatRus3
