|j|☆cippino3
|j|☆p1ch1pichi
|html|cippino3p1ch1pichi    
|uhtml|bestof|Game 1 of a best-of-3
|t:|1785155423
|gametype|doubles
|player|p1|cippino3|poppy|1089
|player|p2|p1ch1pichi|n|1143
|gen|9
|tier|[Gen 9 Champions] VGC 2026 Reg M-B (Bo3)
|rated|
|rule|Species Clause: Limit one of each Pokémon
|rule|Item Clause: Limit 1 of each item
|clearpoke
|poke|p1|Raichu, L50, M|
|poke|p1|Vivillon, L50, F|
|poke|p1|Scrafty, L50, F|
|poke|p1|Whimsicott, L50, F|
|poke|p1|Ninetales-Alola, L50, F|
|poke|p1|Glimmora, L50, M|
|poke|p2|Raichu, L50, M, shiny|
|poke|p2|Meganium, L50, M, shiny|
|poke|p2|Pelipper, L50, M|
|poke|p2|Archaludon, L50, M|
|poke|p2|Sableye, L50, M|
|poke|p2|Basculegion, L50, M|
|teampreview|4
|showteam|p1|Raichu||RaichuniteY|LightningRod|ZapCannon,FocusBlast,Protect,FakeOut|Timid||M|||50|]Vivillon||ChoiceScarf|CompoundEyes|SleepPowder,RagePowder,Uturn,Hurricane|Timid||F|||50|]Scrafty||Scraftinite|Intimidate|Protect,DragonDance,DrainPunch,KnockOff|Adamant||F|||50|]Whimsicott||FocusSash|Prankster|Protect,Tailwind,Encore,Moonblast|Modest||F|||50|]Ninetales-Alola||LightClay|SnowWarning|Protect,AuroraVeil,Blizzard,FreezeDry|Timid||F|||50|]Glimmora||LifeOrb|ToxicDebris|SpikyShield,PowerGem,SludgeBomb,EarthPower|Timid||M|||50|
|showteam|p2|Raichu||RaichuniteX|LightningRod|Protect,FakeOut,VoltSwitch,RisingVoltage|Timid||M|||50|]Meganium||Meganiumite|Overgrow|Protect,SolarBeam,WeatherBall,DazzlingGleam|Modest||M|||50|]Pelipper||FocusSash|Drizzle|Soak,Tailwind,Hurricane,WeatherBall|Timid||M|||50|]Archaludon||Leftovers|Stamina|ElectroShot,FlashCannon,DracoMeteor,Protect|Modest||M|||50|]Sableye||RoseliBerry|Prankster|Quash,Reflect,LightScreen,RainDance|Bold||M|||50|]Basculegion||ChoiceScarf|Adaptability|FlipTurn,WaveCrash,AquaJet,LastRespects|Jolly||M|||50|
|inactive|Battle timer is ON: inactive players will automatically lose when time's up. (requested by p1ch1pichi)
|inactive|cippino3 also wants the timer to be on.
|inactive|p1ch1pichi has 60 seconds left.
|inactive|cippino3 has 60 seconds left.
|
|t:|1785155481
|teamsize|p1|4
|teamsize|p2|4
|start
|switch|p1a: Whimsicott|Whimsicott, L50, F|100/100
|switch|p1b: Glimmora|Glimmora, L50, M|100/100
|switch|p2a: G4MER67|Sableye, L50, M|100/100
|switch|p2b: High Tide|Basculegion, L50, M|100/100
|turn|1
|inactive|p1ch1pichi has 30 seconds left.
|
|t:|1785155510
|move|p1b: Glimmora|Spiky Shield|p1b: Glimmora
|-singleturn|p1b: Glimmora|move: Protect
|move|p2a: G4MER67|Light Screen|p2a: G4MER67
|-sidestart|p2: p1ch1pichi|move: Light Screen
|move|p2b: High Tide|Flip Turn|p1a: Whimsicott
|-resisted|p1a: Whimsicott|1
|-damage|p1a: Whimsicott|71/100
|
|t:|1785155518
|switch|p2b: Bougainville|Meganium, L50, M, shiny|100/100|[from] Flip Turn
|move|p1a: Whimsicott|Moonblast|p2a: G4MER67
|-supereffective|p2a: G4MER67|1
|-enditem|p2a: G4MER67|Roseli Berry|[eat]
|-enditem|p2a: G4MER67|Roseli Berry|[weaken]
|-damage|p2a: G4MER67|63/100
|-unboost|p2a: G4MER67|spa|1
|
|upkeep
|turn|2
|inactive|p1ch1pichi has 30 seconds left.
|
|t:|1785155548
|switch|p1b: Ninetales|Ninetales-Alola, L50, F|100/100
|-weather|Snowscape|[from] ability: Snow Warning|[of] p1b: Ninetales
|detailschange|p2b: Bougainville|Meganium-Mega, L50, M, shiny
|-mega|p2b: Bougainville|Meganium|Meganiumite
|move|p2a: G4MER67|Reflect|p2a: G4MER67
|-sidestart|p2: p1ch1pichi|Reflect
|move|p1a: Whimsicott|Moonblast|p2a: G4MER67
|-supereffective|p2a: G4MER67|1
|-damage|p2a: G4MER67|0 fnt
|faint|p2a: G4MER67
|move|p2b: Bougainville|Weather Ball|p1a: Whimsicott
|-supereffective|p1a: Whimsicott|1
|-damage|p1a: Whimsicott|0 fnt
|faint|p1a: Whimsicott
|
|-weather|Snowscape|[upkeep]
|upkeep
|
|t:|1785155565
|switch|p1a: Glimmora|Glimmora, L50, M|100/100
|switch|p2a: Hikaru|Raichu, L50, M, shiny|100/100
|turn|3
|
|t:|1785155575
|move|p1b: Ninetales|Protect|p1b: Ninetales
|-singleturn|p1b: Ninetales|Protect
|move|p1a: Glimmora|Spiky Shield|p1a: Glimmora
|-singleturn|p1a: Glimmora|move: Protect
|move|p2a: Hikaru|Fake Out|p1a: Glimmora
|-activate|p1a: Glimmora|move: Protect
|-damage|p2a: Hikaru|88/100|[from] Spiky Shield|[of] p1a: Glimmora
|move|p2b: Bougainville|Weather Ball|p1b: Ninetales
|-activate|p1b: Ninetales|move: Protect
|
|-weather|Snowscape|[upkeep]
|upkeep
|turn|4
|
|t:|1785155595
|switch|p2a: High Tide|Basculegion, L50, M|100/100
|move|p2b: Bougainville|Protect|p2b: Bougainville
|-singleturn|p2b: Bougainville|Protect
|move|p1b: Ninetales|Aurora Veil|p1b: Ninetales
|-sidestart|p1: cippino3|move: Aurora Veil
|move|p1a: Glimmora|Sludge Bomb|p2b: Bougainville
|-activate|p2b: Bougainville|move: Protect
|
|-weather|Snowscape|[upkeep]
|upkeep
|turn|5
|
|t:|1785155611
|switch|p2b: Hikaru|Raichu, L50, M, shiny|88/100
|move|p2a: High Tide|Wave Crash|p1a: Glimmora
|-supereffective|p1a: Glimmora|1
|-damage|p1a: Glimmora|0 fnt
|-activate|p1a: Glimmora|ability: Toxic Debris
|-sidestart|p2: p1ch1pichi|move: Toxic Spikes
|faint|p1a: Glimmora
|-damage|p2a: High Tide|73/100|[from] Recoil
|move|p1b: Ninetales|Blizzard|p2a: High Tide|[spread] p2a,p2b
|-resisted|p2a: High Tide|1
|-damage|p2a: High Tide|60/100
|-damage|p2b: Hikaru|61/100
|
|-weather|Snowscape|[upkeep]
|-sideend|p2: p1ch1pichi|move: Light Screen
|upkeep
|
|t:|1785155620
|switch|p1a: Illumisé|Raichu, L50, M|100/100
|turn|6
|
|t:|1785155644
|detailschange|p1a: Illumisé|Raichu-Mega-Y, L50, M
|-mega|p1a: Illumisé|Raichu|Raichunite Y
|move|p1a: Illumisé|Protect|p1a: Illumisé
|-singleturn|p1a: Illumisé|Protect
|move|p1b: Ninetales|Protect|p1b: Ninetales
|-singleturn|p1b: Ninetales|Protect
|move|p2b: Hikaru|Fake Out|p1a: Illumisé
|-activate|p1a: Illumisé|move: Protect
|move|p2a: High Tide|Wave Crash|p1a: Illumisé
|-activate|p1a: Illumisé|move: Protect
|
|-weather|none
|-sideend|p2: p1ch1pichi|Reflect
|upkeep
|turn|7
|
|t:|1785155661
|move|p2a: High Tide|Wave Crash|p1a: Illumisé
|-damage|p1a: Illumisé|19/100
|-damage|p2a: High Tide|37/100|[from] Recoil
|move|p1a: Illumisé|Focus Blast|p2b: Hikaru
|-damage|p2b: Hikaru|12/100
|move|p1b: Ninetales|Freeze-Dry|p2a: High Tide
|-supereffective|p2a: High Tide|1
|-damage|p2a: High Tide|0 fnt
|faint|p2a: High Tide
|move|p2b: Hikaru|Rising Voltage|p1b: Ninetales
|-damage|p1b: Ninetales|83/100
|
|upkeep
|
|t:|1785155674
|switch|p2a: Bougainville|Meganium-Mega, L50, M, shiny|100/100
|-status|p2a: Bougainville|psn
|turn|8
|
|t:|1785155689
|move|p1a: Illumisé|Focus Blast|p2a: Bougainville
|-resisted|p2a: Bougainville|1
|-damage|p2a: Bougainville|79/100 psn
|move|p1b: Ninetales|Blizzard|p2a: Bougainville|[spread] p2b
|-miss|p1b: Ninetales|p2a: Bougainville
|-damage|p2b: Hikaru|0 fnt
|faint|p2b: Hikaru
|move|p2a: Bougainville|Weather Ball|p1b: Ninetales
|-supereffective|p1b: Ninetales|1
|-damage|p1b: Ninetales|0 fnt
|faint|p1b: Ninetales
|
|-damage|p2a: Bougainville|67/100 psn|[from] psn
|upkeep
|turn|9
|
|t:|1785155704
|move|p1a: Illumisé|Zap Cannon|p2a: Bougainville
|-resisted|p2a: Bougainville|1
|-damage|p2a: Bougainville|39/100 psn
|move|p2a: Bougainville|Solar Beam||[still]
|-prepare|p2a: Bougainville|Solar Beam
|-activate|p2a: Bougainville|ability: Mega Sol
|-anim|p2a: Bougainville|Solar Beam|p1a: Illumisé
|-damage|p1a: Illumisé|0 fnt
|faint|p1a: Illumisé
|
|win|p1ch1pichi
||cippino3 is ready for game 2.
||p1ch1pichi is ready for game 2.
|uhtml|next|Next: Game 2 of 3
|l|☆cippino3
|player|p1|
