|j|☆ElDannyBoy510
|j|☆playrornds
|html|ElDannyBoy510playrornds    
|uhtml|bestof|Game 2 of a best-of-3
|t:|1756597475
|gametype|doubles
|player|p1|ElDannyBoy510|red-masters|1000
|player|p2|playrornds|giovanni-gen1rb|1085
|gen|9
|tier|[Gen 9] VGC 2025 Reg H (Bo3)
|rated|
|rule|Species Clause: Limit one of each Pokémon
|rule|Item Clause: Limit 1 of each item
|clearpoke
|poke|p1|Vivillon-Pokeball, L50, M|
|poke|p1|Gholdengo, L50|
|poke|p1|Garchomp, L50, M|
|poke|p1|Talonflame, L50, M|
|poke|p1|Ninetales-Alola, L50, F|
|poke|p1|Annihilape, L50, M|
|poke|p2|Gholdengo, L50|
|poke|p2|Kilowattrel, L50, M|
|poke|p2|Ursaluna, L50, M|
|poke|p2|Porygon2, L50|
|poke|p2|Incineroar, L50, F|
|poke|p2|Amoonguss, L50, M|
|teampreview|4
|showteam|p1|Vivillon-Pokeball||FocusSash|CompoundEyes|RagePowder,SleepPowder,Hurricane,Protect|||M|||50|,,,,,Ghost]Gholdengo||IronPlate|GoodasGold|MakeItRain,NastyPlot,ShadowBall,Protect||||||50|,,,,,Steel]Garchomp||LifeOrb|RoughSkin|Earthquake,DragonClaw,StompingTantrum,Protect|||M|||50|,,,,,Steel]Talonflame||SharpBeak|GaleWings|DualWingbeat,Tailwind,WillOWisp,Protect|||M|||50|,,,,,Ghost]Ninetales-Alola||CovertCloak|SnowWarning|FreezeDry,AuroraVeil,Blizzard,Protect|||F|||50|,,,,,Ice]Annihilape||SafetyGoggles|Defiant|RageFist,BulkUp,DrainPunch,Protect|||M|||50|,,,,,Water
|showteam|p2|Gholdengo||LifeOrb|GoodasGold|MakeItRain,ShadowBall,NastyPlot,Protect||||||50|,,,,,Water]Kilowattrel||FocusSash|Competitive|Thunderbolt,AirSlash,Tailwind,Protect|||M|||50|,,,,,Ghost]Ursaluna||FlameOrb|Guts|Facade,HeadlongRush,Earthquake,Protect|||M|||50|,,,,,Fairy]Porygon2||Eviolite|Download|TeraBlast,IceBeam,Recover,TrickRoom||||||50|,,,,,Fighting]Incineroar||AssaultVest|Intimidate|FakeOut,FlareBlitz,KnockOff,Uturn|||F|||50|,,,,,Grass]Amoonguss||SitrusBerry|Regenerator|SludgeBomb,Spore,RagePowder,Protect|||M|||50|,,,,,Water
|
|t:|1756597523
|teamsize|p1|4
|teamsize|p2|4
|start
|switch|p1a: Akuma|Annihilape, L50, M|100/100
|switch|p1b: Vivi|Vivillon-Pokeball, L50, M|100/100
|switch|p2a: Incineroar|Incineroar, L50, F|100/100
|switch|p2b: Porygon2|Porygon2, L50|100/100
|-ability|p2a: Incineroar|Intimidate|boost
|-unboost|p1a: Akuma|atk|1
|-ability|p1a: Akuma|Defiant|boost
|-boost|p1a: Akuma|atk|2
|-unboost|p1b: Vivi|atk|1
|-ability|p2b: Porygon2|Download|boost
|-boost|p2b: Porygon2|atk|1
|turn|1
|
|t:|1756597578
|switch|p2a: Amoonguss|Amoonguss, L50, M|100/100
|-terastallize|p1b: Vivi|Ghost
|move|p1a: Akuma|Bulk Up|p1a: Akuma
|-boost|p1a: Akuma|atk|1
|-boost|p1a: Akuma|def|1
|move|p1b: Vivi|Sleep Powder|p2b: Porygon2
|-status|p2b: Porygon2|slp|[from] move: Sleep Powder
|cant|p2b: Porygon2|slp
|
|upkeep
|turn|2
|
|t:|1756597638
|-terastallize|p2a: Amoonguss|Water
|move|p1a: Akuma|Drain Punch|p2b: Porygon2
|-supereffective|p2b: Porygon2
|-damage|p2b: Porygon2|35/100 slp
|move|p1b: Vivi|Hurricane|p2a: Amoonguss
|-damage|p2a: Amoonguss|61/100
|move|p2a: Amoonguss|Spore|p1b: Vivi
|-status|p1b: Vivi|slp|[from] move: Spore
|-curestatus|p2b: Porygon2|slp|[msg]
|move|p2b: Porygon2|Trick Room|p2b: Porygon2
|-fieldstart|move: Trick Room|[of] p2b: Porygon2
|
|upkeep
|turn|3
|
|t:|1756597667
|cant|p1b: Vivi|slp
|move|p2a: Amoonguss|Sludge Bomb|p1a: Akuma
|-resisted|p1a: Akuma
|-damage|p1a: Akuma|88/100
|move|p2b: Porygon2|Recover|p2b: Porygon2
|-heal|p2b: Porygon2|85/100
|move|p1a: Akuma|Drain Punch|p2b: Porygon2
|-supereffective|p2b: Porygon2
|-damage|p2b: Porygon2|19/100
|-heal|p1a: Akuma|100/100|[from] drain|[of] p2b: Porygon2
|
|upkeep
|turn|4
|
|t:|1756597703
|move|p2a: Amoonguss|Sludge Bomb|p1b: Vivi
|-resisted|p1b: Vivi
|-crit|p1b: Vivi
|-damage|p1b: Vivi|61/100 slp
|move|p2b: Porygon2|Recover|p2b: Porygon2
|-heal|p2b: Porygon2|69/100
|cant|p1b: Vivi|slp
|move|p1a: Akuma|Drain Punch|p2b: Porygon2
|-supereffective|p2b: Porygon2
|-damage|p2b: Porygon2|0 fnt
|faint|p2b: Porygon2
|
|upkeep
|
|t:|1756597710
|switch|p2b: Ursaluna|Ursaluna, L50, M|100/100
|turn|5
|
|t:|1756597746
|move|p2b: Ursaluna|Protect|p2b: Ursaluna
|-singleturn|p2b: Ursaluna|Protect
|cant|p1b: Vivi|slp
|move|p2a: Amoonguss|Sludge Bomb|p1b: Vivi
|-resisted|p1b: Vivi
|-damage|p1b: Vivi|34/100 slp
|move|p1a: Akuma|Bulk Up|p1a: Akuma
|-boost|p1a: Akuma|atk|1
|-boost|p1a: Akuma|def|1
|
|-status|p2b: Ursaluna|brn|[from] item: Flame Orb
|upkeep
|turn|6
|
|t:|1756597780
|move|p2a: Amoonguss|Protect|p2a: Amoonguss
|-singleturn|p2a: Amoonguss|Protect
|-curestatus|p1b: Vivi|slp|[msg]
|move|p1b: Vivi|Protect|p1b: Vivi
|-singleturn|p1b: Vivi|Protect
|move|p1a: Akuma|Protect|p1a: Akuma
|-singleturn|p1a: Akuma|Protect
|move|p2b: Ursaluna|Earthquake|p1b: Vivi|[spread] 
|-activate|p2a: Amoonguss|move: Protect
|-activate|p1a: Akuma|move: Protect
|-activate|p1b: Vivi|move: Protect
|
|-damage|p2b: Ursaluna|95/100 brn|[from] brn
|-fieldend|move: Trick Room
|upkeep
|turn|7
|
|t:|1756597799
|move|p2a: Amoonguss|Rage Powder|p2a: Amoonguss
|-singleturn|p2a: Amoonguss|move: Rage Powder
|move|p1a: Akuma|Drain Punch|p2b: Ursaluna
|-supereffective|p2b: Ursaluna
|-damage|p2b: Ursaluna|0 fnt
|faint|p2b: Ursaluna
|move|p1b: Vivi|Sleep Powder|p2a: Amoonguss
|-status|p2a: Amoonguss|slp|[from] move: Sleep Powder
|
|upkeep
|
|t:|1756597801
|switch|p2b: Incineroar|Incineroar, L50, F|100/100
|-ability|p2b: Incineroar|Intimidate|boost
|-unboost|p1a: Akuma|atk|1
|-ability|p1a: Akuma|Defiant|boost
|-boost|p1a: Akuma|atk|2
|-unboost|p1b: Vivi|atk|1
|turn|8
|
|t:|1756597836
|move|p1a: Akuma|Drain Punch|p2b: Incineroar
|-supereffective|p2b: Incineroar
|-damage|p2b: Incineroar|0 fnt
|faint|p2b: Incineroar
|move|p1b: Vivi|Hurricane|p2a: Amoonguss
|-damage|p2a: Amoonguss|26/100 slp
|-enditem|p2a: Amoonguss|Sitrus Berry|[eat]
|-heal|p2a: Amoonguss|50/100 slp|[from] item: Sitrus Berry
|cant|p2a: Amoonguss|slp
|
|upkeep
|turn|9
|
|t:|1756597852
|move|p1a: Akuma|Rage Fist|p2a: Amoonguss
|-damage|p2a: Amoonguss|0 fnt
|faint|p2a: Amoonguss
|
|win|ElDannyBoy510
