|j|☆Bolsa_25
|j|☆Secks_Robot
|html|Bolsa_25Secks_Robot    
|uhtml|bestof|Game 1 of a best-of-3
|t:|1757092047
|gametype|doubles
|player|p1|Bolsa_25|psychicf|1063
|player|p2|Secks_Robot|hilda|1023
|gen|9
|tier|[Gen 9] VGC 2025 Reg H (Bo3)
|rated|
|rule|Species Clause: Limit one of each Pokémon
|rule|Item Clause: Limit 1 of each item
|clearpoke
|poke|p1|Gholdengo, L50|
|poke|p1|Magmar, L50, F|
|poke|p1|Dragonite, L50, F|
|poke|p1|Rillaboom, L50, F|
|poke|p1|Annihilape, L50, F|
|poke|p1|Sylveon, L50, F|
|poke|p2|Amoonguss, L50, F|
|poke|p2|Pelipper, L50, F|
|poke|p2|Archaludon, L50, F|
|poke|p2|Basculegion, L50, M|
|poke|p2|Incineroar, L50, M|
|poke|p2|Dragonite, L50, M|
|teampreview|4
|showteam|p1|Gholdengo||LifeOrb|GoodasGold|Protect,NastyPlot,MakeItRain,ShadowBall||||||50|,,,,,Water]Magmar||Eviolite|VitalSpirit|Taunt,WillOWisp,FollowMe,HeatWave|||F|||50|,,,,,Ghost]Dragonite||LoadedDice|Multiscale|Protect,Haze,Tailwind,ScaleShot|||F|||50|,,,,,Fairy]Rillaboom||AssaultVest|GrassySurge|FakeOut,GrassyGlide,WoodHammer,HighHorsepower|||F|||50|,,,,,Fire]Annihilape||SafetyGoggles|Defiant|Protect,BulkUp,RageFist,DrainPunch|||F|||50|,,,,,Steel]Sylveon||ThroatSpray|Pixilate|TeraBlast,HyperBeam,Protect,BabyDollEyes|||F|||50|,,,,,Water
|showteam|p2|Amoonguss||CovertCloak|Regenerator|Spore,RagePowder,PollenPuff,SludgeBomb|||F|||50|,,,,,Dark]Pelipper||FocusSash|Drizzle|Tailwind,Hurricane,WeatherBall,WideGuard|||F|||50|,,,,,Ghost]Archaludon||AssaultVest|Stalwart|ElectroShot,AuraSphere,DragonPulse,Snarl|||F|||50|,,,,,Ghost]Basculegion||LifeOrb|SwiftSwim|AquaJet,FlipTurn,LastRespects,WaveCrash|||M|||50|,,,,,Dark]Incineroar||SitrusBerry|Intimidate|FakeOut,KnockOff,PartingShot,Taunt|||M|||50|,,,,,Grass]Dragonite||ChoiceBand|InnerFocus|ExtremeSpeed,IceSpinner,AerialAce,StompingTantrum|||M|||50|,,,,,Normal
|inactive|Battle timer is ON: inactive players will automatically lose when time's up. (requested by Bolsa_25)
|inactive|Secks_Robot has 60 seconds left.
|inactive|Secks_Robot has 30 seconds left.
|inactive|Secks_Robot has 20 seconds left.
|inactive|Secks_Robot has 15 seconds left.
|inactive|Secks_Robot has 10 seconds left.
|inactive|Secks_Robot has 5 seconds left.
|
|t:|1757092138
|teamsize|p1|4
|teamsize|p2|4
|start
|switch|p1a: Dragonite|Dragonite, L50, F|100/100
|switch|p1b: Magmar|Magmar, L50, F|100/100
|switch|p2a: Amoonguss|Amoonguss, L50, F|100/100
|switch|p2b: Pelipper|Pelipper, L50, F|100/100
|-weather|RainDance|[from] ability: Drizzle|[of] p2b: Pelipper
|turn|1
|inactive|Secks_Robot has 30 seconds left.
|inactive|Secks_Robot has 20 seconds left.
|
|t:|1757092174
|move|p2a: Amoonguss|Rage Powder|p2a: Amoonguss
|-singleturn|p2a: Amoonguss|move: Rage Powder
|move|p1a: Dragonite|Scale Shot|p2a: Amoonguss
|-damage|p2a: Amoonguss|89/100
|-damage|p2a: Amoonguss|77/100
|-damage|p2a: Amoonguss|65/100
|-damage|p2a: Amoonguss|52/100
|-crit|p2a: Amoonguss
|-damage|p2a: Amoonguss|33/100
|-hitcount|p2a: Amoonguss|5
|-unboost|p1a: Dragonite|def|1
|-boost|p1a: Dragonite|spe|1
|move|p2b: Pelipper|Tailwind|p2b: Pelipper
|-sidestart|p2: Secks_Robot|move: Tailwind
|move|p1b: Magmar|Taunt|p2a: Amoonguss
|-start|p2a: Amoonguss|move: Taunt
|
|-weather|RainDance|[upkeep]
|upkeep
|turn|2
|inactive|Secks_Robot has 30 seconds left.
|inactive|Secks_Robot has 20 seconds left.
|
|t:|1757092213
|move|p2b: Pelipper|Weather Ball|p1b: Magmar
|-supereffective|p1b: Magmar
|-damage|p1b: Magmar|16/100
|move|p1a: Dragonite|Scale Shot|p2b: Pelipper
|-damage|p2b: Pelipper|82/100
|-damage|p2b: Pelipper|64/100
|-damage|p2b: Pelipper|48/100
|-damage|p2b: Pelipper|29/100
|-damage|p2b: Pelipper|11/100
|-hitcount|p2b: Pelipper|5
|-unboost|p1a: Dragonite|def|1
|-boost|p1a: Dragonite|spe|1
|move|p1b: Magmar|Heat Wave|p2b: Pelipper|[spread] p2a,p2b
|-supereffective|p2a: Amoonguss
|-resisted|p2b: Pelipper
|-damage|p2a: Amoonguss|16/100
|-damage|p2b: Pelipper|1/100
|move|p2a: Amoonguss|Sludge Bomb|p1b: Magmar
|-damage|p1b: Magmar|0 fnt
|faint|p1b: Magmar
|
|-weather|RainDance|[upkeep]
|upkeep
|inactive|Bolsa_25 has 30 seconds left.
|
|t:|1757092239
|switch|p1b: Sylveon|Sylveon, L50, F|100/100
|turn|3
|inactive|Secks_Robot has 30 seconds left.
|inactive|Secks_Robot has 20 seconds left.
|inactive|Secks_Robot has 15 seconds left.
|
|t:|1757092281
|switch|p1b: Gholdengo|Gholdengo, L50|100/100
|move|p1a: Dragonite|Scale Shot|p2b: Pelipper
|-damage|p2b: Pelipper|0 fnt
|faint|p2b: Pelipper
|-hitcount|p2: Pelipper|1
|-unboost|p1a: Dragonite|def|1
|-boost|p1a: Dragonite|spe|1
|move|p2a: Amoonguss|Sludge Bomb|p1b: Gholdengo
|-immune|p1b: Gholdengo
|
|-weather|RainDance|[upkeep]
|upkeep
|
|t:|1757092292
|switch|p2b: Basculegion|Basculegion, L50, M|100/100
|turn|4
|inactive|Bolsa_25 has 30 seconds left.
|inactive|Secks_Robot has 30 seconds left.
|inactive|Bolsa_25 has 20 seconds left.
|inactive|Bolsa_25 has 15 seconds left.
|inactive|Bolsa_25 has 10 seconds left.
|inactive|Bolsa_25 has 5 seconds left.
|
|t:|1757092346
|move|p1a: Dragonite|Protect|p1a: Dragonite
|-singleturn|p1a: Dragonite|Protect
|move|p1b: Gholdengo|Protect|p1b: Gholdengo
|-singleturn|p1b: Gholdengo|Protect
|move|p2b: Basculegion|Last Respects|p1a: Dragonite
|-activate|p1a: Dragonite|move: Protect
|move|p2a: Amoonguss|Sludge Bomb|p1a: Dragonite
|-activate|p1a: Dragonite|move: Protect
|
|-weather|RainDance|[upkeep]
|-end|p2a: Amoonguss|move: Taunt
|-sideend|p2: Secks_Robot|move: Tailwind
|upkeep
|turn|5
|inactive|Secks_Robot has 30 seconds left.
|
|t:|1757092372
|-terastallize|p1b: Gholdengo|Water
|move|p1a: Dragonite|Tailwind|p1a: Dragonite
|-sidestart|p1: Bolsa_25|move: Tailwind
|move|p2b: Basculegion|Last Respects|p1b: Gholdengo
|-damage|p1b: Gholdengo|34/100
|-damage|p2b: Basculegion|91/100|[from] item: Life Orb
|move|p1b: Gholdengo|Shadow Ball|p2a: Amoonguss
|-damage|p2a: Amoonguss|0 fnt
|faint|p2a: Amoonguss
|-damage|p1b: Gholdengo|24/100|[from] item: Life Orb
|
|-weather|none
|upkeep
|
|t:|1757092384
|switch|p2a: Archaludon|Archaludon, L50, F|100/100
|turn|6
|inactive|Secks_Robot has 30 seconds left.
|inactive|Secks_Robot has 20 seconds left.
|inactive|Secks_Robot has 15 seconds left.
|inactive|Secks_Robot has 10 seconds left.
|inactive|Secks_Robot has 5 seconds left.
|
|t:|1757092436
|move|p1a: Dragonite|Scale Shot|p2b: Basculegion
|-damage|p2b: Basculegion|72/100
|-damage|p2b: Basculegion|57/100
|-damage|p2b: Basculegion|40/100
|-damage|p2b: Basculegion|21/100
|-damage|p2b: Basculegion|4/100
|-hitcount|p2b: Basculegion|5
|-unboost|p1a: Dragonite|def|1
|-boost|p1a: Dragonite|spe|1
|move|p1b: Gholdengo|Shadow Ball|p2b: Basculegion
|-supereffective|p2b: Basculegion
|-damage|p2b: Basculegion|0 fnt
|faint|p2b: Basculegion
|-damage|p1b: Gholdengo|15/100|[from] item: Life Orb
|move|p2a: Archaludon|Snarl|p1b: Gholdengo|[spread] p1a,p1b
|-damage|p1a: Dragonite|94/100
|-damage|p1b: Gholdengo|0 fnt
|-unboost|p1a: Dragonite|spa|1
|faint|p1b: Gholdengo
|
|upkeep
|
|t:|1757092448
|switch|p1b: Sylveon|Sylveon, L50, F|100/100
|turn|7
|
|t:|1757092461
|move|p1a: Dragonite|Scale Shot|p2a: Archaludon|[miss]
|-miss|p1a: Dragonite|p2a: Archaludon
|move|p1b: Sylveon|Tera Blast|p2a: Archaludon
|-damage|p2a: Archaludon|70/100
|move|p2a: Archaludon|Snarl|p1a: Dragonite|[spread] p1a,p1b
|-resisted|p1b: Sylveon
|-damage|p1a: Dragonite|81/100
|-damage|p1b: Sylveon|96/100
|-unboost|p1a: Dragonite|spa|1
|-unboost|p1b: Sylveon|spa|1
|
|upkeep
|turn|8
|
|t:|1757092481
|move|p1a: Dragonite|Scale Shot|p2a: Archaludon
|-damage|p2a: Archaludon|59/100
|-damage|p2a: Archaludon|50/100
|-crit|p2a: Archaludon
|-damage|p2a: Archaludon|34/100
|-damage|p2a: Archaludon|24/100
|-damage|p2a: Archaludon|14/100
|-hitcount|p2a: Archaludon|5
|-unboost|p1a: Dragonite|def|1
|-boost|p1a: Dragonite|spe|1
|move|p1b: Sylveon|Hyper Beam|p2a: Archaludon
|-damage|p2a: Archaludon|0 fnt
|-mustrecharge|p1b: Sylveon
|faint|p2a: Archaludon
|
|win|Bolsa_25
|inactive|Bolsa_25 has 30 seconds to confirm battle start!
|inactive|Secks_Robot has 30 seconds to confirm battle start!
||Bolsa_25 is ready for game 2.
||Secks_Robot is ready for game 2.
|uhtml|next|Next: Game 2 of 3
|l|☆Secks_Robot
|player|p2|
