|j|☆mario16172005
|j|☆dont make me walk
|html|mario16172005dont make me walk    
|uhtml|bestof|Game 1 of a best-of-3
|t:|1756480786
|gametype|doubles
|player|p1|mario16172005|workerice|1222
|player|p2|dont make me walk|red-masters3|1197
|gen|9
|tier|[Gen 9] VGC 2025 Reg H (Bo3)
|rated|
|rule|Species Clause: Limit one of each Pokémon
|rule|Item Clause: Limit 1 of each item
|clearpoke
|poke|p1|Excadrill, L50, M|
|poke|p1|Tyranitar, L50, F|
|poke|p1|Dragonite, L50, M|
|poke|p1|Indeedee-F, L50, F|
|poke|p1|Gholdengo, L50|
|poke|p1|Sneasler, L50, F|
|poke|p2|Ursaluna-Bloodmoon, L50, M|
|poke|p2|Indeedee, L50, M|
|poke|p2|Sneasler, L50, M|
|poke|p2|Incineroar, L50, M|
|poke|p2|Electabuzz, L50, F|
|poke|p2|Talonflame, L50, F|
|teampreview|4
|showteam|p1|Excadrill||FocusSash|SandRush|Earthquake,HighHorsepower,IronHead,Protect|||M|||50|,,,,,Stellar]Tyranitar||AssaultVest|SandStream|KnockOff,RockSlide,LowKick,TeraBlast|||F|||50|,,,,,Flying]Dragonite||LoadedDice|Multiscale|ScaleShot,Tailwind,Haze,Protect|||M|||50|,,,,,Fairy]Indeedee-F||PsychicSeed|PsychicSurge|Psychic,Imprison,TrickRoom,Protect|||F|||50|,,,,,Psychic]Gholdengo||LifeOrb|GoodasGold|MakeItRain,ShadowBall,NastyPlot,Protect||||||50|,,,,,Water]Sneasler||WhiteHerb|Unburden|DireClaw,CloseCombat,Coaching,FakeOut|||F|||50|,,,,,Flying
|showteam|p2|Ursaluna-Bloodmoon||LifeOrb|MindsEye|Protect,EarthPower,HyperVoice,BloodMoon|||M|||50|,,,,,Normal]Indeedee||FocusSash|PsychicSurge|ExpandingForce,TeraBlast,TrickRoom,Protect|||M|||50|,,,,,Fighting]Sneasler||PsychicSeed|Unburden|DireClaw,CloseCombat,ThroatChop,Protect|||M|||50|,,,,,Dark]Incineroar||AssaultVest|Intimidate|FakeOut,KnockOff,FlareBlitz,Uturn|||M|||50|,,,,,Grass]Electabuzz||Eviolite|VitalSpirit|Electroweb,Taunt,FollowMe,Protect|||F|||50|,,,,,Ghost]Talonflame||CovertCloak|GaleWings|FlareBlitz,DualWingbeat,WillOWisp,Tailwind|||F|||50|,,,,,Fairy
|inactive|Battle timer is ON: inactive players will automatically lose when time's up. (requested by dont make me walk)
|inactive|mario16172005 has 60 seconds left.
|
|t:|1756480821
|teamsize|p1|4
|teamsize|p2|4
|start
|switch|p1a: Indeedee|Indeedee-F, L50, F|100/100
|switch|p1b: Tyranitar|Tyranitar, L50, F, shiny|100/100
|switch|p2a: Incineroar|Incineroar, L50, M|100/100
|switch|p2b: Ursaluna|Ursaluna-Bloodmoon, L50, M|100/100
|-ability|p2a: Incineroar|Intimidate|boost
|-unboost|p1a: Indeedee|atk|1
|-unboost|p1b: Tyranitar|atk|1
|-fieldstart|move: Psychic Terrain|[from] ability: Psychic Surge|[of] p1a: Indeedee
|-enditem|p1a: Indeedee|Psychic Seed
|-boost|p1a: Indeedee|spd|1|[from] item: Psychic Seed
|-weather|Sandstorm|[from] ability: Sand Stream|[of] p1b: Tyranitar
|turn|1
|
|t:|1756480841
|switch|p1a: Sneasler|Sneasler, L50, F|100/100
|-terastallize|p1b: Tyranitar|Flying
|move|p2a: Incineroar|Knock Off|p1b: Tyranitar
|-damage|p1b: Tyranitar|61/100
|-enditem|p1b: Tyranitar|Assault Vest|[from] move: Knock Off|[of] p2a: Incineroar
|move|p1b: Tyranitar|Rock Slide|p2b: Ursaluna|[spread] p2a,p2b
|-supereffective|p2a: Incineroar
|-resisted|p2b: Ursaluna
|-damage|p2a: Incineroar|55/100
|-damage|p2b: Ursaluna|93/100
|move|p2b: Ursaluna|Earth Power|p1b: Tyranitar
|-immune|p1b: Tyranitar
|
|-weather|Sandstorm|[upkeep]
|-damage|p1a: Sneasler|95/100|[from] Sandstorm
|-damage|p2a: Incineroar|49/100|[from] Sandstorm
|-damage|p1b: Tyranitar|55/100|[from] Sandstorm
|upkeep
|turn|2
|inactive|mario16172005 has 30 seconds left.
|
|t:|1756480866
|switch|p2a: Indeedee|Indeedee, L50, M|100/100
|move|p2b: Ursaluna|Protect|p2b: Ursaluna
|-singleturn|p2b: Ursaluna|Protect
|move|p1a: Sneasler|Close Combat|p2b: Ursaluna
|-activate|p2b: Ursaluna|move: Protect
|move|p1b: Tyranitar|Rock Slide|p2b: Ursaluna|[spread] p2a
|-activate|p2b: Ursaluna|move: Protect
|-damage|p2a: Indeedee|58/100
|
|-weather|Sandstorm|[upkeep]
|-damage|p1a: Sneasler|89/100|[from] Sandstorm
|-damage|p2a: Indeedee|52/100|[from] Sandstorm
|-damage|p1b: Tyranitar|49/100|[from] Sandstorm
|upkeep
|turn|3
|
|t:|1756480884
|switch|p2b: Incineroar|Incineroar, L50, M|49/100
|-ability|p2b: Incineroar|Intimidate|boost
|-unboost|p1a: Sneasler|atk|1
|-unboost|p1b: Tyranitar|atk|1
|-enditem|p1a: Sneasler|White Herb
|-clearnegativeboost|p1a: Sneasler|[silent]
|move|p1a: Sneasler|Close Combat|p2b: Incineroar
|-supereffective|p2b: Incineroar
|-damage|p2b: Incineroar|0 fnt
|-unboost|p1a: Sneasler|def|1
|-unboost|p1a: Sneasler|spd|1
|faint|p2b: Incineroar
|move|p2a: Indeedee|Expanding Force|p1b: Tyranitar|[spread] p1a,p1b
|-supereffective|p1a: Sneasler
|-damage|p1a: Sneasler|0 fnt
|-damage|p1b: Tyranitar|4/100
|faint|p1a: Sneasler
|move|p1b: Tyranitar|Knock Off|p2a: Indeedee
|-supereffective|p2a: Indeedee
|-damage|p2a: Indeedee|0 fnt
|-enditem|p2a: Indeedee|Focus Sash|[from] move: Knock Off|[of] p1b: Tyranitar
|faint|p2a: Indeedee
|
|-weather|Sandstorm|[upkeep]
|-damage|p1b: Tyranitar|0 fnt|[from] Sandstorm
|faint|p1b: Tyranitar
|upkeep
|
|t:|1756480900
|switch|p1a: Excadrill|Excadrill, L50, M|100/100
|switch|p2a: Ursaluna|Ursaluna-Bloodmoon, L50, M|93/100
|switch|p2b: Sneasler|Sneasler, L50, M|100/100
|switch|p1b: Indeedee|Indeedee-F, L50, F|100/100
|-enditem|p2b: Sneasler|Psychic Seed
|-boost|p2b: Sneasler|spd|1|[from] item: Psychic Seed
|turn|4
|inactive|mario16172005 has 30 seconds left.
|inactive|mario16172005 has 20 seconds left.
|inactive|mario16172005 has 15 seconds left.
|inactive|mario16172005 has 10 seconds left.
|
|t:|1756480947
|-terastallize|p2b: Sneasler|Dark
|move|p1b: Indeedee|Protect|p1b: Indeedee
|-singleturn|p1b: Indeedee|Protect
|move|p2b: Sneasler|Throat Chop|p1b: Indeedee
|-activate|p1b: Indeedee|move: Protect
|move|p1a: Excadrill|Earthquake|p2b: Sneasler|[spread] p2a,p2b
|-activate|p1b: Indeedee|move: Protect
|-damage|p2a: Ursaluna|62/100
|-damage|p2b: Sneasler|33/100
|move|p2a: Ursaluna|Hyper Voice|p1a: Excadrill|[spread] p1a
|-activate|p1b: Indeedee|move: Protect
|-resisted|p1a: Excadrill
|-damage|p1a: Excadrill|67/100
|-damage|p2a: Ursaluna|53/100|[from] item: Life Orb
|
|-weather|Sandstorm|[upkeep]
|-damage|p2b: Sneasler|27/100|[from] Sandstorm
|-damage|p1b: Indeedee|94/100|[from] Sandstorm
|upkeep
|turn|5
|inactive|mario16172005 has 30 seconds left.
|
|t:|1756480978
|move|p1a: Excadrill|Protect|p1a: Excadrill
|-singleturn|p1a: Excadrill|Protect
|move|p2b: Sneasler|Throat Chop|p1b: Indeedee
|-supereffective|p1b: Indeedee
|-damage|p1b: Indeedee|6/100
|-start|p1b: Indeedee|Throat Chop|[silent]
|move|p1b: Indeedee|Psychic|p2a: Ursaluna
|-damage|p2a: Ursaluna|1/100
|move|p2a: Ursaluna|Earth Power|p1a: Excadrill
|-activate|p1a: Excadrill|move: Protect
|
|-weather|none
|-fieldend|move: Psychic Terrain
|upkeep
|turn|6
|inactive|mario16172005 has 30 seconds left.
|inactive|mario16172005 has 20 seconds left.
|inactive|mario16172005 has 15 seconds left.
|
|t:|1756481023
|move|p2b: Sneasler|Protect|p2b: Sneasler
|-singleturn|p2b: Sneasler|Protect
|move|p1b: Indeedee|Protect|p1b: Indeedee
|-singleturn|p1b: Indeedee|Protect
|move|p1a: Excadrill|Earthquake|p2a: Ursaluna|[spread] p2a
|-activate|p1b: Indeedee|move: Protect
|-activate|p2b: Sneasler|move: Protect
|-damage|p2a: Ursaluna|0 fnt
|faint|p2a: Ursaluna
|
|-end|p1b: Indeedee|Throat Chop|[silent]
|upkeep
|turn|7
|-message|dont make me walk forfeited.
|
|win|mario16172005
||dont make me walk is ready for game 2.
||mario16172005 is ready for game 2.
|uhtml|next|Next: Game 2 of 3
