|j|Ōśåghostboydillon
|j|ŌśåM0Oku
|html|ghostboydillonM0Oku    
|uhtml|bestof|Game 1 of a best-of-3
|t:|1785111002
|gametype|doubles
|player|p1|ghostboydillon|gambler|1038
|player|p2|M0Oku|hiker-gen4|1046
|gen|9
|tier|[Gen 9 Champions] VGC 2026 Reg M-B (Bo3)
|rated|
|rule|Species Clause: Limit one of each Pok├®mon
|rule|Item Clause: Limit 1 of each item
|clearpoke
|poke|p1|Infernape, L50, F|
|poke|p1|Aggron, L50, M|
|poke|p1|Vaporeon, L50, F|
|poke|p1|Garchomp, L50, M|
|poke|p1|Garganacl, L50, M|
|poke|p1|Incineroar, L50, F|
|poke|p2|Pelipper, L50, M|
|poke|p2|Meganium, L50, F|
|poke|p2|Basculegion, L50, M|
|poke|p2|Incineroar, L50, M|
|poke|p2|Archaludon, L50, M|
|poke|p2|Sneasler, L50, F|
|teampreview|4
|showteam|p1|Infernape||ChoiceScarf|IronFist|ThunderPunch,FlareBlitz,CloseCombat,KnockOff|Adamant||F|||50|]Aggron||Aggronite|Sturdy|HeavySlam,BodyPress,IronDefense,Protect|Impish||M|||50|]Vaporeon||LifeOrb|WaterAbsorb|Scald,IceBeam,Roar,Protect|Calm||F|||50|]Garchomp||YacheBerry|RoughSkin|Earthquake,RockSlide,DragonClaw,Protect|Jolly||M|||50|]Garganacl||Leftovers|PurifyingSalt|SaltCure,Recover,StealthRock,Protect|Careful||M|||50|]Incineroar||LumBerry|Intimidate|FakeOut,PartingShot,DarkestLariat,Protect|Careful||F|||50|
|showteam|p2|Pelipper||DampRock|RainDish|WeatherBall,Hurricane,Tailwind,WideGuard|Timid||M|||50|]Meganium||Meganiumite|Overgrow|SolarBeam,DazzlingGleam,EarthPower,Protect|Timid||F|||50|]Basculegion||LifeOrb|SwiftSwim|WaveCrash,FlipTurn,LastRespects,Protect|Jolly||M|||50|]Incineroar||SitrusBerry|Intimidate|FlareBlitz,DarkestLariat,PartingShot,Protect|Adamant||M|||50|]Archaludon||Leftovers|Stamina|FlashCannon,DragonPulse,ElectroShot,Protect|Modest||M|||50|]Sneasler||WhiteHerb|Unburden|CloseCombat,DireClaw,FakeOut,Protect|Jolly||F|||50|
|inactive|Battle timer is ON: inactive players will automatically lose when time's up. (requested by ghostboydillon)
|
|t:|1785111045
|teamsize|p1|4
|teamsize|p2|4
|start
|switch|p1a: Infernape|Infernape, L50, F|100/100
|switch|p1b: Garganacl|Garganacl, L50, M|100/100
|switch|p2a: Pelipper|Pelipper, L50, M|100/100
|switch|p2b: Incineroar|Incineroar, L50, M|100/100
|-ability|p2b: Incineroar|Intimidate|boost
|-unboost|p1a: Infernape|atk|1
|-unboost|p1b: Garganacl|atk|1
|turn|1
|c|ŌśåM0Oku|FUCK
|inactive|ghostboydillon has 30 seconds left.
|inactive|M0Oku has 30 seconds left.
|inactive|M0Oku has 20 seconds left.
|c|ŌśåM0Oku|pelipper doesn't have drizzle
|inactive|M0Oku has 15 seconds left.
|inactive|M0Oku has 10 seconds left.
|
|t:|1785111094
|switch|p1a: Garchomp|Garchomp, L50, M|100/100
|move|p2a: Pelipper|Tailwind|p2a: Pelipper
|-sidestart|p2: M0Oku|move: Tailwind
|move|p2b: Incineroar|Parting Shot|p1b: Garganacl
|-unboost|p1b: Garganacl|atk|1
|-unboost|p1b: Garganacl|spa|1
|
|t:|1785111104
|switch|p2b: Meganium|Meganium, L50, F|100/100|[from] Parting Shot
|move|p1b: Garganacl|Salt Cure|p2b: Meganium
|-damage|p2b: Meganium|91/100
|-start|p2b: Meganium|Salt Cure
|
|-damage|p2b: Meganium|85/100|[from] Salt Cure
|upkeep
|turn|2
|
|t:|1785111119
|detailschange|p2b: Meganium|Meganium-Mega, L50, F
|-mega|p2b: Meganium|Meganium|Meganiumite
|move|p1a: Garchomp|Protect|p1a: Garchomp
|-singleturn|p1a: Garchomp|Protect
|move|p1b: Garganacl|Protect|p1b: Garganacl
|-singleturn|p1b: Garganacl|Protect
|move|p2a: Pelipper|Wide Guard|p2a: Pelipper
|-singleturn|p2a: Pelipper|Wide Guard
|move|p2b: Meganium|Dazzling Gleam|p1a: Garchomp|[spread] 
|-activate|p1a: Garchomp|move: Protect
|-activate|p1b: Garganacl|move: Protect
|
|-damage|p2b: Meganium|80/100|[from] Salt Cure
|upkeep
|turn|3
|c|Ōśåghostboydillon|ripp
|
|t:|1785111136
|switch|p1a: Incineroar|Incineroar, L50, F|100/100
|-ability|p1a: Incineroar|Intimidate|boost
|-unboost|p2a: Pelipper|atk|1
|-unboost|p2b: Meganium|atk|1
|switch|p1b: Infernape|Infernape, L50, F|100/100
|move|p2a: Pelipper|Wide Guard|p2a: Pelipper
|-singleturn|p2a: Pelipper|Wide Guard
|move|p2b: Meganium|Solar Beam||[still]
|-prepare|p2b: Meganium|Solar Beam
|-activate|p2b: Meganium|ability: Mega Sol
|-anim|p2b: Meganium|Solar Beam|p1b: Infernape
|-resisted|p1b: Infernape|1
|-damage|p1b: Infernape|51/100
|
|-damage|p2b: Meganium|74/100|[from] Salt Cure
|upkeep
|turn|4
|
|t:|1785111160
|switch|p2a: Incineroar|Incineroar, L50, M|100/100
|-ability|p2a: Incineroar|Intimidate|boost
|-unboost|p1a: Incineroar|atk|1
|-unboost|p1b: Infernape|atk|1
|move|p1a: Incineroar|Fake Out|p2b: Meganium
|-crit|p2b: Meganium
|-damage|p2b: Meganium|59/100
|cant|p2b: Meganium|flinch
|move|p1b: Infernape|Thunder Punch|p2a: Incineroar
|-damage|p2a: Incineroar|82/100
|-status|p2a: Incineroar|par
|
|-damage|p2b: Meganium|53/100|[from] Salt Cure
|-sideend|p2: M0Oku|move: Tailwind
|upkeep
|turn|5
|c|Ōśåghostboydillon|gggggg
|
|t:|1785111182
|switch|p1b: Garchomp|Garchomp, L50, M|100/100
|switch|p1a: Garganacl|Garganacl, L50, M|100/100
|move|p2b: Meganium|Earth Power|p1b: Garchomp
|-damage|p1b: Garchomp|62/100
|-unboost|p1b: Garchomp|spd|1
|move|p2a: Incineroar|Parting Shot|p1b: Garchomp
|-unboost|p1b: Garchomp|atk|1
|-unboost|p1b: Garchomp|spa|1
|
|t:|1785111193
|switch|p2a: Basculegion|Basculegion, L50, M|100/100|[from] Parting Shot
|
|-damage|p2b: Meganium|47/100|[from] Salt Cure
|upkeep
|turn|6
|
|t:|1785111205
|move|p1b: Garchomp|Protect|p1b: Garchomp
|-singleturn|p1b: Garchomp|Protect
|move|p1a: Garganacl|Protect|p1a: Garganacl
|-singleturn|p1a: Garganacl|Protect
|move|p2b: Meganium|Dazzling Gleam|p1b: Garchomp|[spread] 
|-activate|p1a: Garganacl|move: Protect
|-activate|p1b: Garchomp|move: Protect
|move|p2a: Basculegion|Flip Turn|p1a: Garganacl
|-activate|p1a: Garganacl|move: Protect
|
|-damage|p2b: Meganium|42/100|[from] Salt Cure
|upkeep
|turn|7
|-message|ghostboydillon forfeited.
|
|win|M0Oku
|l|Ōśåghostboydillon
|player|p1|
||M0Oku is ready for game 2.
|l|ŌśåM0Oku
|player|p2|
|inactive|ghostboydillon has 30 seconds to confirm battle start!
|j| guccirain2006
