|j|☆Omaruco
|j|☆thebeast4895
|html|Omarucothebeast4895    
|uhtml|bestof|Game 1 of a best-of-3
|t:|1785969135
|gametype|doubles
|player|p1|Omaruco|arven-s|1240
|player|p2|thebeast4895|101|1313
|gen|9
|tier|[Gen 9 Champions] VGC 2026 Reg M-B (Bo3)
|rated|
|rule|Species Clause: Limit one of each Pokémon
|rule|Item Clause: Limit 1 of each item
|clearpoke
|poke|p1|Arcanine-Hisui, L50, F|
|poke|p1|Floette-Eternal, L50, F|
|poke|p1|Kingambit, L50, M|
|poke|p1|Dragonite, L50, M|
|poke|p1|Whimsicott, L50, F|
|poke|p1|Basculegion, L50, M|
|poke|p2|Rotom-Wash, L50|
|poke|p2|Arcanine-Hisui, L50, F|
|poke|p2|Froslass, L50, F|
|poke|p2|Raichu, L50, F|
|poke|p2|Annihilape, L50, F, shiny|
|poke|p2|Dragonite, L50, F|
|teampreview|4
|showteam|p1|Arcanine-Hisui||FocusSash|RockHead|Protect,ExtremeSpeed,FlareBlitz,HeadSmash|Jolly||F|||50|]Floette-Eternal||Floettite|FlowerVeil|Protect,Moonblast,DazzlingGleam,LightofRuin|Modest||F|||50|]Kingambit||BlackGlasses|Defiant|SuckerPunch,IronHead,Protect,KowtowCleave|Adamant||M|||50|]Dragonite||LifeOrb|InnerFocus|Protect,DragonClaw,ExtremeSpeed,LowKick|Adamant||M|||50|]Whimsicott||OccaBerry|Prankster|Protect,Tailwind,Encore,Moonblast|Timid||F|||50|]Basculegion||ChoiceScarf|Adaptability|FlipTurn,WaveCrash,LastRespects,AquaJet|Jolly||M|||50|
|showteam|p2|Rotom-Wash||ChoiceScarf|Levitate|WillOWisp,Thunderbolt,HydroPump,Electroweb|Timid|||||50|]Arcanine-Hisui||FocusSash|RockHead|Protect,FlareBlitz,HeadSmash,ExtremeSpeed|Adamant||F|||50|]Froslass||Froslassite|SnowCloak|Protect,AuroraVeil,ShadowBall,Blizzard|Timid||F|||50|]Raichu||RaichuniteY|Static|FakeOut,ZapCannon,FocusBlast,Protect|Timid||F|||50|]Annihilape||SitrusBerry|Defiant|Protect,RageFist,DrainPunch,BulkUp|Adamant||F|||50|]Dragonite||LifeOrb|InnerFocus|DragonClaw,ExtremeSpeed,LowKick,Protect|Adamant||F|||50|
|inactive|Battle timer is ON: inactive players will automatically lose when time's up. (requested by Omaruco)
|inactive|Omaruco has 60 seconds left.
|inactive|thebeast4895 has 60 seconds left.
|inactive|thebeast4895 has 30 seconds left.
|
|t:|1785969201
|teamsize|p1|4
|teamsize|p2|4
|start
|switch|p1a: Floette|Floette-Eternal, L50, F|100/100
|switch|p1b: Basculegion|Basculegion, L50, M|100/100
|switch|p2a: Froslass|Froslass, L50, F|100/100
|switch|p2b: Annihilape|Annihilape, L50, F, shiny|100/100
|turn|1
|inactive|Omaruco has 30 seconds left.
|inactive|Omaruco has 20 seconds left.
|inactive|Omaruco has 15 seconds left.
|inactive|Omaruco has 10 seconds left.
|
|t:|1785969246
|detailschange|p2a: Froslass|Froslass-Mega, L50, F
|-mega|p2a: Froslass|Froslass|Froslassite
|-weather|Snowscape|[from] ability: Snow Warning|[of] p2a: Froslass
|detailschange|p1a: Floette|Floette-Mega, L50, F
|-mega|p1a: Floette|Floette|Floettite
|-ability|p1a: Floette|Fairy Aura
|move|p1b: Basculegion|Flip Turn|p2b: Annihilape
|-damage|p2b: Annihilape|66/100
|
|t:|1785969255
|switch|p1b: Whimsicott|Whimsicott, L50, F|100/100|[from] Flip Turn
|move|p2a: Froslass|Aurora Veil|p2a: Froslass
|-sidestart|p2: thebeast4895|move: Aurora Veil
|move|p1a: Floette|Dazzling Gleam|p2b: Annihilape|[spread] p2a,p2b
|-supereffective|p2b: Annihilape|1
|-damage|p2a: Froslass|62/100
|-damage|p2b: Annihilape|11/100
|-enditem|p2b: Annihilape|Sitrus Berry|[eat]
|-heal|p2b: Annihilape|35/100|[from] item: Sitrus Berry
|move|p2b: Annihilape|Rage Fist|p1b: Whimsicott
|-damage|p1b: Whimsicott|32/100
|
|-weather|Snowscape|[upkeep]
|upkeep
|turn|2
|inactive|thebeast4895 has 30 seconds left.
|
|t:|1785969283
|move|p2b: Annihilape|Protect|p2b: Annihilape
|-singleturn|p2b: Annihilape|Protect
|move|p1b: Whimsicott|Tailwind|p1b: Whimsicott
|-sidestart|p1: Omaruco|move: Tailwind
|move|p1a: Floette|Dazzling Gleam|p2a: Froslass|[spread] p2a
|-activate|p2b: Annihilape|move: Protect
|-damage|p2a: Froslass|21/100
|move|p2a: Froslass|Blizzard|p1b: Whimsicott|[spread] p1a,p1b
|-supereffective|p1b: Whimsicott|1
|-damage|p1a: Floette|59/100
|-damage|p1b: Whimsicott|0 fnt
|faint|p1b: Whimsicott
|
|-weather|Snowscape|[upkeep]
|upkeep
|
|t:|1785969292
|switch|p1b: Basculegion|Basculegion, L50, M|100/100
|turn|3
|
|t:|1785969304
|move|p1b: Basculegion|Last Respects|p2a: Froslass
|-supereffective|p2a: Froslass|1
|-damage|p2a: Froslass|0 fnt
|faint|p2a: Froslass
|move|p1a: Floette|Dazzling Gleam|p2b: Annihilape
|-supereffective|p2b: Annihilape|1
|-crit|p2b: Annihilape
|-damage|p2b: Annihilape|0 fnt
|faint|p2b: Annihilape
|
|-weather|Snowscape|[upkeep]
|upkeep
|
|t:|1785969306
|switch|p2a: Rotom|Rotom-Wash, L50|100/100
|switch|p2b: Arcanine|Arcanine-Hisui, L50, F|100/100
|turn|4
|
|t:|1785969317
|move|p2b: Arcanine|Protect|p2b: Arcanine
|-singleturn|p2b: Arcanine|Protect
|move|p1b: Basculegion|Last Respects|p2a: Rotom
|-damage|p2a: Rotom|58/100
|move|p1a: Floette|Moonblast|p2a: Rotom
|-damage|p2a: Rotom|3/100
|move|p2a: Rotom|Electroweb|p1a: Floette|[spread] p1a,p1b
|-supereffective|p1b: Basculegion|1
|-damage|p1a: Floette|43/100
|-damage|p1b: Basculegion|58/100
|-unboost|p1a: Floette|spe|1
|-unboost|p1b: Basculegion|spe|1
|
|-weather|Snowscape|[upkeep]
|upkeep
|turn|5
|
|t:|1785969339
|move|p1b: Basculegion|Last Respects|p2b: Arcanine
|-damage|p2b: Arcanine|51/100
|move|p1a: Floette|Dazzling Gleam|p2a: Rotom|[spread] p2a,p2b
|-resisted|p2b: Arcanine|1
|-damage|p2a: Rotom|0 fnt
|-damage|p2b: Arcanine|30/100
|faint|p2a: Rotom
|move|p2b: Arcanine|Head Smash|p1b: Basculegion
|-damage|p1b: Basculegion|0 fnt
|faint|p1b: Basculegion
|
|-weather|none
|-sideend|p1: Omaruco|move: Tailwind
|-sideend|p2: thebeast4895|move: Aurora Veil
|upkeep
|
|t:|1785969344
|switch|p1b: Dragonite|Dragonite, L50, M|100/100
|turn|6
|
|t:|1785969356
|move|p2b: Arcanine|Head Smash|p1b: Dragonite|[miss]
|-miss|p2b: Arcanine|p1b: Dragonite
|move|p1b: Dragonite|Low Kick|p2b: Arcanine
|-supereffective|p2b: Arcanine|1
|-damage|p2b: Arcanine|0 fnt
|faint|p2b: Arcanine
|-damage|p1b: Dragonite|90/100|[from] item: Life Orb
|
|win|Omaruco
