|j|☆R1ply
|j|☆BeauLavorre
|html|R1plyBeauLavorre    
|uhtml|bestof|Game 2 of a best-of-3
|t:|1756927276
|gametype|doubles
|player|p1|R1ply|acetrainer-gen4dp|
|player|p2|BeauLavorre|rocketgruntf|
|gen|9
|tier|[Gen 9] VGC 2025 Reg H (Bo3)
|rule|Species Clause: Limit one of each Pokémon
|rule|Item Clause: Limit 1 of each item
|clearpoke
|poke|p1|Gholdengo, L50|
|poke|p1|Sneasler, L50, M|
|poke|p1|Rillaboom, L50, F|
|poke|p1|Dragonite, L50, F|
|poke|p1|Ninetales-Alola, L50, M|
|poke|p1|Arcanine-Hisui, L50, M|
|poke|p2|Basculegion, L50, M|
|poke|p2|Politoed, L50, F|
|poke|p2|Gothitelle, L50, M|
|poke|p2|Sinistcha-Masterpiece, L50|
|poke|p2|Incineroar, L50, F|
|poke|p2|Gyarados, L50, F|
|teampreview|4
|showteam|p1|Gholdengo||GrassySeed|GoodasGold|NastyPlot,MakeItRain,ShadowBall,Protect||||||50|,,,,,Water]Sneasler||WhiteHerb|Unburden|CloseCombat,DireClaw,Coaching,Protect|||M|||50|,,,,,Ghost]Rillaboom||AssaultVest|GrassySurge|FakeOut,GrassyGlide,DrumBeating,HighHorsepower|||F|||50|,,,,,Fire]Dragonite||LoadedDice|Multiscale|ScaleShot,StompingTantrum,Tailwind,Protect|||F|||50|,,,,,Ground]Ninetales-Alola||FocusSash|SnowWarning|Blizzard,IcyWind,Encore,AuroraVeil|||M|||50|,,,,,Ghost]Arcanine-Hisui||ClearAmulet|Intimidate|RockSlide,FlareBlitz,ExtremeSpeed,Protect|||M|||50|,,,,,Water
|showteam|p2|Basculegion||MysticWater|SwiftSwim|WaveCrash,AquaJet,FlipTurn,LastRespects|||M|||50|,,,,,Water]Politoed||Leftovers|Drizzle|Protect,PerishSong,Encore,WeatherBall|||F|||50|,,,,,Steel]Gothitelle||SitrusBerry|ShadowTag|FakeOut,Protect,TrickRoom,Psychic|||M|||50|,,,,,Water]Sinistcha-Masterpiece||RockyHelmet|Hospitality|LifeDew,Protect,RagePowder,MatchaGotcha||||||50|,,,,,Water]Incineroar||SafetyGoggles|Intimidate|FakeOut,FlareBlitz,KnockOff,PartingShot|||F|||50|,,,,,Water]Gyarados||ClearAmulet|Intimidate|Waterfall,Protect,DragonDance,LashOut|||F|||50|,,,,,Ground
|inactive|Battle timer is ON: inactive players will automatically lose when time's up. (requested by R1ply)
|inactive|R1ply has 60 seconds left.
|
|t:|1756927314
|teamsize|p1|4
|teamsize|p2|4
|start
|switch|p1a: Rillaboom|Rillaboom, L50, F|100/100
|switch|p1b: Gholdengo|Gholdengo, L50|100/100
|switch|p2a: Sinistcha|Sinistcha-Masterpiece, L50|100/100
|switch|p2b: Incineroar|Incineroar, L50, F|100/100
|-fieldstart|move: Grassy Terrain|[from] ability: Grassy Surge|[of] p1a: Rillaboom
|-enditem|p1b: Gholdengo|Grassy Seed
|-boost|p1b: Gholdengo|def|1|[from] item: Grassy Seed
|-ability|p2b: Incineroar|Intimidate|boost
|-unboost|p1a: Rillaboom|atk|1
|-unboost|p1b: Gholdengo|atk|1
|turn|1
|inactive|R1ply has 30 seconds left.
|inactive|BeauLavorre has 30 seconds left.
|
|t:|1756927344
|move|p1a: Rillaboom|Fake Out|p2b: Incineroar
|-damage|p2b: Incineroar|93/100
|move|p1b: Gholdengo|Nasty Plot|p1b: Gholdengo
|-boost|p1b: Gholdengo|spa|2
|move|p2a: Sinistcha|Life Dew||[still]|[spread] p2a,p2b
|-fail|p2a: Sinistcha|heal
|-heal|p2b: Incineroar|100/100
|cant|p2b: Incineroar|flinch
|
|upkeep
|turn|2
|
|t:|1756927365
|switch|p1a: Ninetales|Ninetales-Alola, L50, M|100/100
|-weather|Snowscape|[from] ability: Snow Warning|[of] p1a: Ninetales
|-terastallize|p2a: Sinistcha|Water
|move|p2a: Sinistcha|Rage Powder|p2a: Sinistcha
|-singleturn|p2a: Sinistcha|move: Rage Powder
|move|p1b: Gholdengo|Nasty Plot|p1b: Gholdengo
|-boost|p1b: Gholdengo|spa|2
|move|p2b: Incineroar|Flare Blitz|p1a: Ninetales
|-supereffective|p1a: Ninetales
|-damage|p1a: Ninetales|9/100
|-damage|p2b: Incineroar|77/100|[from] Recoil
|
|-weather|Snowscape|[upkeep]
|-heal|p1a: Ninetales|15/100|[from] Grassy Terrain
|-heal|p2b: Incineroar|83/100|[from] Grassy Terrain
|upkeep
|turn|3
|inactive|R1ply has 30 seconds left.
|inactive|BeauLavorre has 30 seconds left.
|
|t:|1756927398
|move|p2a: Sinistcha|Rage Powder|p2a: Sinistcha
|-singleturn|p2a: Sinistcha|move: Rage Powder
|move|p1a: Ninetales|Aurora Veil|p1a: Ninetales
|-sidestart|p1: R1ply|move: Aurora Veil
|move|p1b: Gholdengo|Shadow Ball|p2a: Sinistcha
|-damage|p2a: Sinistcha|0 fnt
|faint|p2a: Sinistcha
|move|p2b: Incineroar|Knock Off|p1b: Gholdengo
|-supereffective|p1b: Gholdengo
|-damage|p1b: Gholdengo|77/100
|
|-weather|Snowscape|[upkeep]
|-heal|p1a: Ninetales|22/100|[from] Grassy Terrain
|-heal|p1b: Gholdengo|83/100|[from] Grassy Terrain
|-heal|p2b: Incineroar|89/100|[from] Grassy Terrain
|upkeep
|
|t:|1756927409
|switch|p2a: Politoed|Politoed, L50, F|100/100
|-weather|RainDance|[from] ability: Drizzle|[of] p2a: Politoed
|turn|4
|
|t:|1756927427
|switch|p1a: Dragonite|Dragonite, L50, F|100/100
|switch|p2b: Gyarados|Gyarados, L50, F|100/100
|-ability|p2b: Gyarados|Intimidate|boost
|-unboost|p1a: Dragonite|atk|1
|-unboost|p1b: Gholdengo|atk|1
|move|p1b: Gholdengo|Shadow Ball|p2a: Politoed
|-damage|p2a: Politoed|0 fnt
|faint|p2a: Politoed
|
|-weather|RainDance|[upkeep]
|-heal|p1b: Gholdengo|90/100|[from] Grassy Terrain
|upkeep
|
|t:|1756927439
|switch|p2a: Incineroar|Incineroar, L50, F|89/100
|-ability|p2a: Incineroar|Intimidate|boost
|-unboost|p1a: Dragonite|atk|1
|-unboost|p1b: Gholdengo|atk|1
|turn|5
|
|t:|1756927457
|move|p1a: Dragonite|Protect|p1a: Dragonite
|-singleturn|p1a: Dragonite|Protect
|move|p2a: Incineroar|Fake Out|p1a: Dragonite
|-activate|p1a: Dragonite|move: Protect
|move|p1b: Gholdengo|Shadow Ball|p2b: Gyarados
|-damage|p2b: Gyarados|0 fnt
|faint|p2b: Gyarados
|
|-weather|RainDance|[upkeep]
|-heal|p1b: Gholdengo|96/100|[from] Grassy Terrain
|-heal|p2a: Incineroar|95/100|[from] Grassy Terrain
|-fieldend|move: Grassy Terrain
|upkeep
|turn|6
|-message|BeauLavorre forfeited.
|
|win|R1ply
|l|☆BeauLavorre
|player|p2|
|c|☆R1ply|gg
