|j|ŌśåCrowy09
|j|ŌśåHellfridge
|html|Crowy09Hellfridge    
|uhtml|bestof|Game 1 of a best-of-3
|t:|1786133483
|gametype|doubles
|player|p1|Crowy09|chuck|1000
|player|p2|Hellfridge|170|1022
|gen|9
|tier|[Gen 9 Champions] VGC 2026 Reg M-B (Bo3)
|rated|
|rule|Species Clause: Limit one of each Pok├®mon
|rule|Item Clause: Limit 1 of each item
|clearpoke
|poke|p1|Annihilape, L50, M|
|poke|p1|Charizard, L50, M|
|poke|p1|Toxapex, L50, F|
|poke|p1|Metagross, L50|
|poke|p1|Incineroar, L50, M|
|poke|p1|Hydreigon, L50, M|
|poke|p2|Starmie, L50|
|poke|p2|Scizor, L50, M|
|poke|p2|Umbreon, L50, M|
|poke|p2|Dragapult, L50, F|
|poke|p2|Maushold-Four, L50|
|poke|p2|Garchomp, L50, M|
|teampreview|4
|showteam|p1|Annihilape||FocusSash|Defiant|PhantomForce,CloseCombat,RockTomb,Protect|Adamant||M|||50|]Charizard||CharizarditeY|Blaze|HeatWave,WeatherBall,SolarBeam,Protect|Modest||M|||50|]Toxapex||Leftovers|Regenerator|Toxic,Infestation,WideGuard,BanefulBunker|Bold||F|||50|]Metagross||Metagrossite|ClearBody|BulletPunch,PsychicFangs,StompingTantrum,Protect|Jolly|||||50|]Incineroar||SitrusBerry|Intimidate|FlareBlitz,ThroatChop,PartingShot,FakeOut|Impish||M|||50|]Hydreigon||ChoiceScarf|Levitate|DarkPulse,DracoMeteor,Snarl,HeatWave|Modest||M|||50|
|showteam|p2|Starmie||Starminite|NaturalCure|SkillSwap,Protect,IcyWind,Scald|Timid|||||50|]Scizor||SitrusBerry|Technician|BulletPunch,CloseCombat,Lunge,Protect|Adamant||M|||50|]Umbreon||Leftovers|InnerFocus|Taunt,Toxic,FoulPlay,Detect|Bold||M|||50|]Dragapult||FocusSash|CursedBody|DragonDarts,PhantomForce,PsychicFangs,Protect|Jolly||F|||50|]Maushold-Four||ChopleBerry|FriendGuard|Protect,FollowMe,PopulationBomb,Feint|Impish|||||50|]Garchomp||Garchompite|RoughSkin|EarthPower,DragonPulse,Protect,PowerGem|Modest||M|||50|
|
|t:|1786133548
|teamsize|p1|4
|teamsize|p2|4
|start
|switch|p1a: Hydreigon|Hydreigon, L50, M|100/100
|switch|p1b: Toxapex|Toxapex, L50, F|100/100
|switch|p2a: Starmie|Starmie, L50|100/100
|switch|p2b: Scizor|Scizor, L50, M|100/100
|turn|1
|
|t:|1786133589
|switch|p2a: Umbreon|Umbreon, L50, M|100/100
|move|p1a: Hydreigon|Heat Wave|p2a: Umbreon|[spread] p2a,p2b
|-supereffective|p2b: Scizor|2
|-damage|p2a: Umbreon|81/100
|-damage|p2b: Scizor|0 fnt
|-status|p2a: Umbreon|brn
|faint|p2b: Scizor
|move|p1b: Toxapex|Infestation|p2a: Umbreon
|-supereffective|p2a: Umbreon|1
|-damage|p2a: Umbreon|76/100 brn
|-activate|p2a: Umbreon|move: Infestation|[of] p1b: Toxapex
|
|-heal|p2a: Umbreon|82/100 brn|[from] item: Leftovers
|-damage|p2a: Umbreon|76/100 brn|[from] brn
|-damage|p2a: Umbreon|63/100 brn|[from] move: Infestation|[partiallytrapped]
|upkeep
|c|ŌśåHellfridge|gl hf :)
|c|ŌśåCrowy09|u2 :)
|
|t:|1786133612
|switch|p2b: Starmie|Starmie, L50|100/100
|turn|2
|
|t:|1786133630
|switch|p1a: Incineroar|Incineroar, L50, M|100/100
|-ability|p1a: Incineroar|Intimidate|boost
|-fail|p2a: Umbreon|unboost|Attack|[from] ability: Inner Focus|[of] p2a: Umbreon
|-unboost|p2b: Starmie|atk|1
|detailschange|p2b: Starmie|Starmie-Mega, L50
|-mega|p2b: Starmie|Starmie|Starminite
|move|p2b: Starmie|Icy Wind|p1b: Toxapex|[spread] p1b
|-miss|p2b: Starmie|p1a: Incineroar
|-resisted|p1b: Toxapex|1
|-damage|p1b: Toxapex|94/100
|-unboost|p1b: Toxapex|spe|1
|move|p2a: Umbreon|Toxic|p1a: Incineroar
|-status|p1a: Incineroar|tox
|move|p1b: Toxapex|Infestation|p2b: Starmie
|-supereffective|p2b: Starmie|1
|-damage|p2b: Starmie|89/100
|-activate|p2b: Starmie|move: Infestation|[of] p1b: Toxapex
|
|-heal|p2a: Umbreon|69/100 brn|[from] item: Leftovers
|-heal|p1b: Toxapex|100/100|[from] item: Leftovers
|-damage|p1a: Incineroar|94/100 tox|[from] psn
|-damage|p2a: Umbreon|63/100 brn|[from] brn
|-damage|p2b: Starmie|77/100|[from] move: Infestation|[partiallytrapped]
|-damage|p2a: Umbreon|51/100 brn|[from] move: Infestation|[partiallytrapped]
|upkeep
|turn|3
|c|ŌśåHellfridge|I love Toxapex so much, def wanna build a team with it some time soon.
|
|t:|1786133675
|move|p2a: Umbreon|Detect|p2a: Umbreon
|-singleturn|p2a: Umbreon|Protect
|move|p1a: Incineroar|Fake Out|p2b: Starmie
|-damage|p2b: Starmie|63/100
|cant|p2b: Starmie|flinch
|move|p1b: Toxapex|Toxic|p2b: Starmie
|-status|p2b: Starmie|tox
|
|-heal|p2a: Umbreon|57/100 brn|[from] item: Leftovers
|-damage|p2b: Starmie|57/100 tox|[from] psn
|-damage|p1a: Incineroar|82/100 tox|[from] psn
|-damage|p2a: Umbreon|51/100 brn|[from] brn
|-damage|p2b: Starmie|45/100 tox|[from] move: Infestation|[partiallytrapped]
|-damage|p2a: Umbreon|39/100 brn|[from] move: Infestation|[partiallytrapped]
|upkeep
|turn|4
|c|ŌśåCrowy09|its quite fun to play it with annihilape as well :D
|c|ŌśåHellfridge|Another one I haven't used!
|
|t:|1786133708
|switch|p1b: Hydreigon|Hydreigon, L50, M|100/100
|move|p2b: Starmie|Scald|p1a: Incineroar
|-supereffective|p1a: Incineroar|1
|-damage|p1a: Incineroar|15/100 tox
|-enditem|p1a: Incineroar|Sitrus Berry|[eat]
|-heal|p1a: Incineroar|40/100 tox|[from] item: Sitrus Berry
|move|p2a: Umbreon|Foul Play|p1a: Incineroar
|-resisted|p1a: Incineroar|1
|-crit|p1a: Incineroar
|-damage|p1a: Incineroar|31/100 tox
|move|p1a: Incineroar|Throat Chop|p2b: Starmie
|-supereffective|p2b: Starmie|1
|-damage|p2b: Starmie|0 fnt
|faint|p2b: Starmie
|
|-heal|p2a: Umbreon|45/100 brn|[from] item: Leftovers
|-damage|p1a: Incineroar|13/100 tox|[from] psn
|-damage|p2a: Umbreon|39/100 brn|[from] brn
|-end|p2a: Umbreon|Infestation|[partiallytrapped]|[silent]
|upkeep
|c|ŌśåHellfridge|Right now I'm just trying to SOMEHOW make a very silly skill swap thing work.
|
|t:|1786133724
|switch|p2b: Maushold|Maushold-Four, L50|100/100
|turn|5
|
|t:|1786133742
|switch|p1a: Toxapex|Toxapex, L50, F|100/100
|move|p2a: Umbreon|Detect|p2a: Umbreon
|-singleturn|p2a: Umbreon|Protect
|move|p1b: Hydreigon|Draco Meteor|p2b: Maushold
|-damage|p2b: Maushold|10/100
|-unboost|p1b: Hydreigon|spa|2
|move|p2b: Maushold|Population Bomb|p1b: Hydreigon
|-damage|p1b: Hydreigon|94/100
|-damage|p1b: Hydreigon|86/100
|-damage|p1b: Hydreigon|79/100
|-damage|p1b: Hydreigon|73/100
|-damage|p1b: Hydreigon|67/100
|-damage|p1b: Hydreigon|61/100
|-hitcount|p1b: Hydreigon|6
|
|-heal|p2a: Umbreon|45/100 brn|[from] item: Leftovers
|-damage|p2a: Umbreon|39/100 brn|[from] brn
|upkeep
|turn|6
|
|t:|1786133775
|move|p2a: Umbreon|Detect||[still]
|-fail|p2a: Umbreon
|move|p1b: Hydreigon|Draco Meteor|p2b: Maushold
|-damage|p2b: Maushold|0 fnt
|-unboost|p1b: Hydreigon|spa|2
|faint|p2b: Maushold
|move|p1a: Toxapex|Infestation|p2a: Umbreon
|-supereffective|p2a: Umbreon|1
|-damage|p2a: Umbreon|34/100 brn
|-activate|p2a: Umbreon|move: Infestation|[of] p1a: Toxapex
|
|-heal|p2a: Umbreon|40/100 brn|[from] item: Leftovers
|-damage|p2a: Umbreon|34/100 brn|[from] brn
|-damage|p2a: Umbreon|21/100 brn|[from] move: Infestation|[partiallytrapped]
|upkeep
|turn|7
|-message|Hellfridge forfeited.
|
|win|Crowy09
|l|ŌśåHellfridge
|player|p2|
||Hellfridge is ready for game 2.
||Crowy09 is ready for game 2.
|uhtml|next|Next: Game 2 of 3
|n|ŌśåCrowy09|crowy09
