|j|☆Welosethose!
|j|☆Extroier
|html|Welosethose!Extroier    
|uhtml|bestof|Game 2 of a best-of-3
|t:|1756855110
|gametype|doubles
|player|p1|Welosethose!|hilbert|1215
|player|p2|Extroier|1|1111
|gen|9
|tier|[Gen 9] VGC 2025 Reg H (Bo3)
|rated|
|rule|Species Clause: Limit one of each Pokémon
|rule|Item Clause: Limit 1 of each item
|clearpoke
|poke|p1|Politoed, L50, F|
|poke|p1|Gothitelle, L50, M|
|poke|p1|Kingdra, L50, M|
|poke|p1|Archaludon, L50, M|
|poke|p1|Amoonguss, L50, F|
|poke|p1|Incineroar, L50, F|
|poke|p2|Lapras, L50, M|
|poke|p2|Gothitelle, L50, M|
|poke|p2|Sneasler, L50, M|
|poke|p2|Archaludon, L50, M|
|poke|p2|Rillaboom, L50, M|
|poke|p2|Politoed, L50, F|
|teampreview|4
|showteam|p1|Politoed||Leftovers|Drizzle|WeatherBall,Encore,PerishSong,Protect|||F|||50|,,,,,Grass]Gothitelle||SitrusBerry|ShadowTag|FakeOut,Psychic,TrickRoom,Protect|||M|||50|,,,,,Dark]Kingdra||LifeOrb|SwiftSwim|WeatherBall,MuddyWater,DracoMeteor,Protect|||M|||50|,,,,,Stellar]Archaludon||PowerHerb|Sturdy|ElectroShot,FlashCannon,DragonPulse,Protect|||M|||50|,,,,,Electric]Amoonguss||EjectButton|Regenerator|PollenPuff,Spore,RagePowder,Protect|||F|||50|,,,,,Fairy]Incineroar||SafetyGoggles|Intimidate|FakeOut,KnockOff,PartingShot,Protect|||F|||50|,,,,,Ghost
|showteam|p2|Lapras||Leftovers|WaterAbsorb|PerishSong,WeatherBall,IceBeam,Protect|||M|||50|,,,,,Ground]Gothitelle||WikiBerry|ShadowTag|FakeOut,TrickRoom,Protect,Psychic|||M|||50|,,,,,Ghost]Sneasler||FocusSash|Unburden|DireClaw,Protect,FakeOut,CloseCombat|||M|||50|,,,,,Fighting]Archaludon||PowerHerb|Stamina|ElectroShot,Protect,Reflect,FlashCannon|||M|||50|,,,,,Steel]Rillaboom||AssaultVest|GrassySurge|GrassyGlide,DrainPunch,FakeOut,WoodHammer|||M|||50|,,,,,Dragon]Politoed||CovertCloak|Drizzle|PerishSong,WeatherBall,Protect,Haze|||F|||50|,,,,,Water
|inactive|Battle timer is ON: inactive players will automatically lose when time's up. (requested by Extroier)
|inactive|Welosethose! has 60 seconds left.
|
|t:|1756855161
|teamsize|p1|4
|teamsize|p2|4
|start
|switch|p1a: Politoed|Politoed, L50, F|100/100
|switch|p1b: Amoonguss|Amoonguss, L50, F|100/100
|switch|p2a: Archaludon|Archaludon, L50, M|100/100
|switch|p2b: Sneasler|Sneasler, L50, M|100/100
|-weather|RainDance|[from] ability: Drizzle|[of] p1a: Politoed
|turn|1
|
|t:|1756855177
|move|p1a: Politoed|Protect|p1a: Politoed
|-singleturn|p1a: Politoed|Protect
|move|p1b: Amoonguss|Protect|p1b: Amoonguss
|-singleturn|p1b: Amoonguss|Protect
|move|p2b: Sneasler|Fake Out|p1b: Amoonguss
|-activate|p1b: Amoonguss|move: Protect
|move|p2a: Archaludon|Electro Shot||[still]
|-prepare|p2a: Archaludon|Electro Shot
|-boost|p2a: Archaludon|spa|1
|-anim|p2a: Archaludon|Electro Shot|p1a: Politoed
|-activate|p1a: Politoed|move: Protect
|
|-weather|RainDance|[upkeep]
|upkeep
|turn|2
|
|t:|1756855190
|-terastallize|p1a: Politoed|Grass
|move|p1b: Amoonguss|Rage Powder|p1b: Amoonguss
|-singleturn|p1b: Amoonguss|move: Rage Powder
|move|p2b: Sneasler|Dire Claw|p1b: Amoonguss
|-damage|p1b: Amoonguss|67/100
|-enditem|p1b: Amoonguss|Eject Button
|
|t:|1756855199
|switch|p1b: Gothitelle|Gothitelle, L50, M|100/100
|move|p1a: Politoed|Perish Song|p1a: Politoed
|-start|p1a: Politoed|perish3|[silent]
|-start|p1b: Gothitelle|perish3|[silent]
|-start|p2a: Archaludon|perish3|[silent]
|-start|p2b: Sneasler|perish3|[silent]
|-fieldactivate|move: Perish Song
|move|p2a: Archaludon|Electro Shot||[still]
|-prepare|p2a: Archaludon|Electro Shot
|-boost|p2a: Archaludon|spa|1
|-anim|p2a: Archaludon|Electro Shot|p1a: Politoed
|-resisted|p1a: Politoed
|-damage|p1a: Politoed|64/100
|
|-weather|RainDance|[upkeep]
|-heal|p1a: Politoed|71/100|[from] item: Leftovers
|-start|p2b: Sneasler|perish3
|-start|p1a: Politoed|perish3
|-start|p2a: Archaludon|perish3
|-start|p1b: Gothitelle|perish3
|upkeep
|turn|3
|
|t:|1756855220
|move|p1b: Gothitelle|Fake Out|p2b: Sneasler
|-damage|p2b: Sneasler|90/100
|cant|p2b: Sneasler|flinch
|move|p2a: Archaludon|Electro Shot||[still]
|-prepare|p2a: Archaludon|Electro Shot
|-boost|p2a: Archaludon|spa|1
|-anim|p2a: Archaludon|Electro Shot|p1b: Gothitelle
|-damage|p1b: Gothitelle|5/100
|-enditem|p1b: Gothitelle|Sitrus Berry|[eat]
|-heal|p1b: Gothitelle|30/100|[from] item: Sitrus Berry
|move|p1a: Politoed|Encore|p2b: Sneasler
|-start|p2b: Sneasler|Encore
|
|-weather|RainDance|[upkeep]
|-heal|p1a: Politoed|77/100|[from] item: Leftovers
|-start|p2b: Sneasler|perish2
|-start|p2a: Archaludon|perish2
|-start|p1a: Politoed|perish2
|-start|p1b: Gothitelle|perish2
|upkeep
|turn|4
|
|t:|1756855239
|move|p1a: Politoed|Protect|p1a: Politoed
|-singleturn|p1a: Politoed|Protect
|move|p1b: Gothitelle|Protect|p1b: Gothitelle
|-singleturn|p1b: Gothitelle|Protect
|move|p2b: Sneasler|Dire Claw|p1a: Politoed
|-activate|p1a: Politoed|move: Protect
|move|p2a: Archaludon|Electro Shot||[still]
|-prepare|p2a: Archaludon|Electro Shot
|-boost|p2a: Archaludon|spa|1
|-anim|p2a: Archaludon|Electro Shot|p1b: Gothitelle
|-activate|p1b: Gothitelle|move: Protect
|
|-weather|RainDance|[upkeep]
|-heal|p1a: Politoed|83/100|[from] item: Leftovers
|-start|p2b: Sneasler|perish1
|-start|p1a: Politoed|perish1
|-start|p2a: Archaludon|perish1
|-start|p1b: Gothitelle|perish1
|upkeep
|turn|5
|
|t:|1756855263
|switch|p1a: Incineroar|Incineroar, L50, F|100/100
|-ability|p1a: Incineroar|Intimidate|boost
|-unboost|p2a: Archaludon|atk|1
|-unboost|p2b: Sneasler|atk|1
|switch|p1b: Amoonguss|Amoonguss, L50, F|99/100
|move|p2b: Sneasler|Dire Claw|p1a: Incineroar
|-damage|p1a: Incineroar|76/100
|move|p2a: Archaludon|Electro Shot||[still]
|-prepare|p2a: Archaludon|Electro Shot
|-boost|p2a: Archaludon|spa|1
|-anim|p2a: Archaludon|Electro Shot|p1b: Amoonguss
|-resisted|p1b: Amoonguss
|-damage|p1b: Amoonguss|28/100
|
|-weather|none
|-start|p2b: Sneasler|perish0
|-start|p2a: Archaludon|perish0
|upkeep
|faint|p2b: Sneasler
|faint|p2a: Archaludon
|
|t:|1756855282
|switch|p2b: Lapras|Lapras, L50, M|100/100
|switch|p2a: Rillaboom|Rillaboom, L50, M|100/100
|-fieldstart|move: Grassy Terrain|[from] ability: Grassy Surge|[of] p2a: Rillaboom
|turn|6
|
|t:|1756855296
|switch|p1b: Gothitelle|Gothitelle, L50, M|30/100
|move|p2a: Rillaboom|Fake Out|p1a: Incineroar
|-damage|p1a: Incineroar|63/100
|cant|p1a: Incineroar|flinch
|move|p2b: Lapras|Ice Beam|p1b: Gothitelle
|-damage|p1b: Gothitelle|10/100
|
|-heal|p1b: Gothitelle|16/100|[from] Grassy Terrain
|-heal|p1a: Incineroar|69/100|[from] Grassy Terrain
|upkeep
|turn|7
|inactive|Extroier has 30 seconds left.
|
|t:|1756855328
|move|p1b: Gothitelle|Fake Out|p2b: Lapras
|-damage|p2b: Lapras|95/100
|move|p2a: Rillaboom|Grassy Glide|p1b: Gothitelle
|-damage|p1b: Gothitelle|0 fnt
|faint|p1b: Gothitelle
|cant|p2b: Lapras|flinch
|move|p1a: Incineroar|Parting Shot|p2a: Rillaboom
|-unboost|p2a: Rillaboom|atk|1
|-unboost|p2a: Rillaboom|spa|1
|
|t:|1756855339
|switch|p1a: Politoed|Politoed, L50, F, tera:Grass|83/100|[from] Parting Shot
|-weather|RainDance|[from] ability: Drizzle|[of] p1a: Politoed
|
|-weather|RainDance|[upkeep]
|-heal|p1a: Politoed|89/100|[from] Grassy Terrain
|-heal|p1a: Politoed|95/100|[from] item: Leftovers
|-heal|p2b: Lapras|100/100|[from] Grassy Terrain
|upkeep
|
|t:|1756855347
|switch|p1b: Incineroar|Incineroar, L50, F|69/100
|-ability|p1b: Incineroar|Intimidate|boost
|-unboost|p2a: Rillaboom|atk|1
|-unboost|p2b: Lapras|atk|1
|turn|8
|
|t:|1756855370
|move|p1b: Incineroar|Fake Out|p2b: Lapras
|-damage|p2b: Lapras|91/100
|move|p2a: Rillaboom|Wood Hammer|p1a: Politoed
|-resisted|p1a: Politoed
|-damage|p1a: Politoed|75/100
|-damage|p2a: Rillaboom|93/100|[from] Recoil
|move|p1a: Politoed|Perish Song|p1a: Politoed
|-start|p1a: Politoed|perish3|[silent]
|-start|p1b: Incineroar|perish3|[silent]
|-start|p2a: Rillaboom|perish3|[silent]
|-start|p2b: Lapras|perish3|[silent]
|-fieldactivate|move: Perish Song
|cant|p2b: Lapras|flinch
|
|-weather|RainDance|[upkeep]
|-heal|p2a: Rillaboom|99/100|[from] Grassy Terrain
|-heal|p1a: Politoed|81/100|[from] Grassy Terrain
|-heal|p1a: Politoed|87/100|[from] item: Leftovers
|-heal|p2b: Lapras|97/100|[from] Grassy Terrain
|-heal|p2b: Lapras|100/100|[from] item: Leftovers
|-heal|p1b: Incineroar|75/100|[from] Grassy Terrain
|-start|p2a: Rillaboom|perish3
|-start|p1a: Politoed|perish3
|-start|p2b: Lapras|perish3
|-start|p1b: Incineroar|perish3
|upkeep
|turn|9
|
|t:|1756855388
|move|p1a: Politoed|Protect|p1a: Politoed
|-singleturn|p1a: Politoed|Protect
|move|p2a: Rillaboom|Wood Hammer|p1a: Politoed
|-activate|p1a: Politoed|move: Protect
|move|p2b: Lapras|Ice Beam|p1a: Politoed
|-activate|p1a: Politoed|move: Protect
|move|p1b: Incineroar|Parting Shot|p2a: Rillaboom
|-unboost|p2a: Rillaboom|atk|1
|-unboost|p2a: Rillaboom|spa|1
|
|t:|1756855394
|switch|p1b: Amoonguss|Amoonguss, L50, F|61/100|[from] Parting Shot
|
|-weather|RainDance|[upkeep]
|-heal|p2a: Rillaboom|100/100|[from] Grassy Terrain
|-heal|p1a: Politoed|93/100|[from] Grassy Terrain
|-heal|p1a: Politoed|99/100|[from] item: Leftovers
|-heal|p1b: Amoonguss|67/100|[from] Grassy Terrain
|-start|p2a: Rillaboom|perish2
|-start|p1a: Politoed|perish2
|-start|p2b: Lapras|perish2
|upkeep
|turn|10
|inactive|Extroier has 30 seconds left.
|
|t:|1756855419
|switch|p1a: Incineroar|Incineroar, L50, F|75/100
|-ability|p1a: Incineroar|Intimidate|boost
|-unboost|p2a: Rillaboom|atk|1
|-unboost|p2b: Lapras|atk|1
|move|p2a: Rillaboom|Wood Hammer|p1a: Incineroar
|-resisted|p1a: Incineroar
|-damage|p1a: Incineroar|63/100
|-damage|p2a: Rillaboom|96/100|[from] Recoil
|move|p2b: Lapras|Ice Beam|p1a: Incineroar
|-resisted|p1a: Incineroar
|-damage|p1a: Incineroar|52/100
|move|p1b: Amoonguss|Spore|p2b: Lapras
|-status|p2b: Lapras|slp|[from] move: Spore
|
|-weather|RainDance|[upkeep]
|-heal|p2a: Rillaboom|100/100|[from] Grassy Terrain
|-heal|p1a: Incineroar|58/100|[from] Grassy Terrain
|-heal|p1b: Amoonguss|73/100|[from] Grassy Terrain
|-start|p2a: Rillaboom|perish1
|-start|p2b: Lapras|perish1
|-fieldend|move: Grassy Terrain
|upkeep
|turn|11
|
|t:|1756855433
|move|p1a: Incineroar|Fake Out|p2a: Rillaboom
|-damage|p2a: Rillaboom|88/100
|cant|p2a: Rillaboom|flinch
|cant|p2b: Lapras|slp
|move|p1b: Amoonguss|Pollen Puff|p1a: Incineroar
|-heal|p1a: Incineroar|100/100
|
|-weather|none
|-start|p2a: Rillaboom|perish0
|-start|p2b: Lapras|perish0
|upkeep
|faint|p2a: Rillaboom
|faint|p2b: Lapras
|
|win|Welosethose!
|raw|Welosethose!'s rating: 1215 → 1233(+18 for winning)
|raw|Extroier's rating: 1111 → 1093(-18 for losing)
|c|☆Welosethose!|gg
