|j|☆AirBloom
|j|☆abgesaftet
|html|AirBloomabgesaftet    
|uhtml|bestof|Game 1 of a best-of-3
|t:|1783690136
|gametype|doubles
|player|p1|AirBloom|sabrina|1395
|player|p2|abgesaftet|ballguy|1442
|gen|9
|tier|[Gen 9 Champions] VGC 2026 Reg M-B (Bo3)
|rated|
|rule|Species Clause: Limit one of each Pokémon
|rule|Item Clause: Limit 1 of each item
|clearpoke
|poke|p1|Camerupt, L50, M, shiny|
|poke|p1|Farigiraf, L50, F|
|poke|p1|Kingambit, L50, F|
|poke|p1|Vivillon-Pokeball, L50, M|
|poke|p1|Sylveon, L50, M, shiny|
|poke|p1|Sneasler, L50, F|
|poke|p2|Sinistcha-Masterpiece, L50|
|poke|p2|Kingambit, L50, M|
|poke|p2|Sneasler, L50, F|
|poke|p2|Floette-Eternal, L50, F|
|poke|p2|Blastoise, L50, F|
|poke|p2|Incineroar, L50, F|
|teampreview|4
|showteam|p1|Camerupt||Cameruptite|MagmaArmor|HeatWave,EarthPower,Protect,AncientPower|Quiet||M|||50|]Farigiraf||SitrusBerry|ArmorTail|TrickRoom,Thunderbolt,Psychic,HelpingHand|Calm||F|||50|]Kingambit||BlackGlasses|Defiant|KowtowCleave,SuckerPunch,SwordsDance,LowKick|Adamant||F|||50|]Vivillon-Pokeball||FocusSash|CompoundEyes|SleepPowder,Hurricane,RagePowder,Protect|Timid||M|||50|]Sylveon||LifeOrb|Pixilate|QuickAttack,HyperVoice,Detect,HyperBeam|Modest||M|||50|]Sneasler||IronBall|PoisonTouch|DireClaw,FakeOut,CloseCombat,Protect|Brave||F|||50|
|showteam|p2|Sinistcha-Masterpiece||OccaBerry|Hospitality|MatchaGotcha,RagePowder,TrickRoom,Protect|Bold|||||50|]Kingambit||LifeOrb|Defiant|KowtowCleave,SuckerPunch,SwordsDance,Protect|Adamant||M|||50|]Sneasler||FocusSash|PoisonTouch|FakeOut,CloseCombat,DireClaw,RockTomb|Jolly||F|||50|]Floette-Eternal||Floettite|FlowerVeil|Moonblast,DazzlingGleam,CalmMind,Protect|Modest||F|||50|]Blastoise||Blastoisinite|Torrent|WaterSpout,DarkPulse,ShellSmash,Protect|Modest||F|||50|]Incineroar||SitrusBerry|Intimidate|PartingShot,FlareBlitz,ThroatChop,FakeOut|Careful||F|||50|
|inactive|Battle timer is ON: inactive players will automatically lose when time's up. (requested by AirBloom)
|inactive|AirBloom has 60 seconds left.
|inactive|AirBloom has 30 seconds left.
|inactive|AirBloom has 20 seconds left.
|inactive|AirBloom has 15 seconds left.
|inactive|AirBloom has 10 seconds left.
|inactive|AirBloom has 5 seconds left.
|
|t:|1783690226
|teamsize|p1|4
|teamsize|p2|4
|start
|switch|p1a: Farigiraf|Farigiraf, L50, F|100/100
|switch|p1b: Sneasler|Sneasler, L50, F|100/100
|switch|p2a: Blastoise|Blastoise, L50, F|100/100
|switch|p2b: Sinistcha|Sinistcha-Masterpiece, L50|100/100
|turn|1
|
|t:|1783690249
|move|p2a: Blastoise|Protect|p2a: Blastoise
|-singleturn|p2a: Blastoise|Protect
|move|p1b: Sneasler|Fake Out|p2a: Blastoise
|-activate|p2a: Blastoise|move: Protect
|move|p2b: Sinistcha|Matcha Gotcha|p1b: Sneasler|[spread] p1a
|-miss|p2b: Sinistcha|p1b: Sneasler
|-damage|p1a: Farigiraf|81/100
|move|p1a: Farigiraf|Trick Room|p1a: Farigiraf
|-fieldstart|move: Trick Room|[of] p1a: Farigiraf
|
|upkeep
|turn|2
|
|t:|1783690271
|switch|p1a: Sylveon|Sylveon, L50, M, shiny|100/100
|detailschange|p2a: Blastoise|Blastoise-Mega, L50, F
|-mega|p2a: Blastoise|Blastoise|Blastoisinite
|move|p2b: Sinistcha|Rage Powder|p2b: Sinistcha
|-singleturn|p2b: Sinistcha|move: Rage Powder
|move|p1b: Sneasler|Dire Claw|p2b: Sinistcha
|-damage|p2b: Sinistcha|66/100
|-status|p2b: Sinistcha|psn|[from] ability: Poison Touch|[of] p1b: Sneasler
|move|p2a: Blastoise|Water Spout|p1b: Sneasler|[spread] p1a,p1b
|-crit|p1b: Sneasler
|-damage|p1a: Sylveon|44/100
|-damage|p1b: Sneasler|0 fnt
|faint|p1b: Sneasler
|
|-damage|p2b: Sinistcha|53/100 psn|[from] psn
|upkeep
|
|t:|1783690284
|switch|p1b: Camerupt|Camerupt, L50, M, shiny|100/100
|turn|3
|
|t:|1783690294
|switch|p2b: Incineroar|Incineroar, L50, F|100/100
|-ability|p2b: Incineroar|Intimidate|boost
|-unboost|p1a: Sylveon|atk|1
|-unboost|p1b: Camerupt|atk|1
|detailschange|p1b: Camerupt|Camerupt-Mega, L50, M, shiny
|-mega|p1b: Camerupt|Camerupt|Cameruptite
|move|p2a: Blastoise|Protect|p2a: Blastoise
|-singleturn|p2a: Blastoise|Protect
|move|p1b: Camerupt|Heat Wave|p2b: Incineroar|[spread] 
|-activate|p2a: Blastoise|move: Protect
|-miss|p1b: Camerupt|p2b: Incineroar
|move|p1a: Sylveon|Hyper Beam|p2a: Blastoise
|-activate|p2a: Blastoise|move: Protect
|
|upkeep
|turn|4
|
|t:|1783690315
|switch|p1b: Farigiraf|Farigiraf, L50, F|81/100
|switch|p2a: Sinistcha|Sinistcha-Masterpiece, L50|53/100 psn
|move|p2b: Incineroar|Fake Out||[still]
|cant|p1b: Farigiraf|ability: Armor Tail|Fake Out|[of] p2b: Incineroar
|move|p1a: Sylveon|Hyper Beam|p2a: Sinistcha
|-damage|p2a: Sinistcha|0 fnt
|-mustrecharge|p1a: Sylveon
|faint|p2a: Sinistcha
|-damage|p1a: Sylveon|35/100|[from] item: Life Orb
|
|upkeep
|
|t:|1783690319
|switch|p2a: Blastoise|Blastoise-Mega, L50, F|100/100
|turn|5
|
|t:|1783690328
|move|p1b: Farigiraf|Thunderbolt|p2a: Blastoise
|-supereffective|p2a: Blastoise|1
|-damage|p2a: Blastoise|52/100
|-status|p2a: Blastoise|par
|move|p2a: Blastoise|Shell Smash|p2a: Blastoise
|-unboost|p2a: Blastoise|def|1
|-unboost|p2a: Blastoise|spd|1
|-boost|p2a: Blastoise|atk|2
|-boost|p2a: Blastoise|spa|2
|-boost|p2a: Blastoise|spe|2
|cant|p1a: Sylveon|recharge
|move|p2b: Incineroar|Throat Chop|p1b: Farigiraf
|-supereffective|p1b: Farigiraf|1
|-damage|p1b: Farigiraf|24/100
|-start|p1b: Farigiraf|Throat Chop|[silent]
|-enditem|p1b: Farigiraf|Sitrus Berry|[eat]
|-heal|p1b: Farigiraf|49/100|[from] item: Sitrus Berry
|
|-fieldend|move: Trick Room
|upkeep
|turn|6
|
|t:|1783690350
|move|p2a: Blastoise|Dark Pulse|p1b: Farigiraf
|-supereffective|p1b: Farigiraf|1
|-damage|p1b: Farigiraf|0 fnt
|faint|p1b: Farigiraf
|move|p2b: Incineroar|Flare Blitz|p1a: Sylveon
|-damage|p1a: Sylveon|0 fnt
|faint|p1a: Sylveon
|-damage|p2b: Incineroar|89/100|[from] Recoil
|
|upkeep
|-message|AirBloom forfeited.
|
|win|abgesaftet
|l|☆AirBloom
|player|p1|
||AirBloom is ready for game 2.
||abgesaftet is ready for game 2.
|uhtml|next|Next: Game 2 of 3
