|j|☆durugista
|j|☆castoriceball
|html|durugistacastoriceball    
|uhtml|bestof|Game 1 of a best-of-3
|t:|1785640593
|gametype|doubles
|player|p1|durugista|169|1206
|player|p2|castoriceball|miku-flying|1291
|gen|9
|tier|[Gen 9 Champions] VGC 2026 Reg M-B (Bo3)
|rated|
|rule|Species Clause: Limit one of each Pokémon
|rule|Item Clause: Limit 1 of each item
|clearpoke
|poke|p1|Farigiraf, L50, M|
|poke|p1|Zoroark-Hisui, L50, M|
|poke|p1|Sylveon, L50, M|
|poke|p1|Torkoal, L50, F|
|poke|p1|Kangaskhan, L50, F|
|poke|p1|Blastoise, L50, M|
|poke|p2|Raichu, L50, M, shiny|
|poke|p2|Mamoswine, L50, M|
|poke|p2|Basculegion, L50, M, shiny|
|poke|p2|Farigiraf, L50, F|
|poke|p2|Sylveon, L50, F|
|poke|p2|Torkoal, L50, F|
|teampreview|4
|showteam|p1|Farigiraf||SitrusBerry|ArmorTail|TwinBeam,HelpingHand,TrickRoom,Thunderbolt|Relaxed||M|||50|]Zoroark-Hisui||FocusSash|Illusion|BitterMalice,Psychic,Protect,Round|Timid||M|||50|]Sylveon||FairyFeather|Pixilate|Round,HyperVoice,QuickAttack,Detect|Quiet||M|||50|]Torkoal||Charcoal|Drought|Eruption,HeatWave,Protect,WeatherBall|Quiet||F|||50|]Kangaskhan||Kangaskhanite|Scrappy|FakeOut,IcePunch,DrainPunch,DoubleEdge|Adamant||F|||50|]Blastoise||Blastoisinite|Torrent|FakeOut,WaterSpout,DarkPulse,AuraSphere|Quiet||M|||50|
|showteam|p2|Raichu||RaichuniteY|LightningRod|ZapCannon,FocusBlast,FakeOut,Protect|Timid||M|||50|]Mamoswine||FocusSash|Oblivious|IcicleCrash,HighHorsepower,IceShard,Protect|Adamant||M|||50|]Basculegion||ChoiceScarf|Adaptability|LastRespects,WaveCrash,AquaJet,FlipTurn|Jolly||M|||50|]Farigiraf||SitrusBerry|ArmorTail|Psychic,HelpingHand,TrickRoom,Protect|Bold||F|||50|]Sylveon||FairyFeather|Pixilate|HyperVoice,QuickAttack,HyperBeam,Detect|Modest||F|||50|]Torkoal||Charcoal|Drought|Eruption,WeatherBall,SolarBeam,Protect|Quiet||F|||50|
|inactive|Battle timer is ON: inactive players will automatically lose when time's up. (requested by durugista)
|inactive|durugista has 60 seconds left.
|inactive|castoriceball has 60 seconds left.
|inactive|castoriceball has 30 seconds left.
|inactive|castoriceball has 20 seconds left.
|inactive|castoriceball has 15 seconds left.
|inactive|castoriceball has 10 seconds left.
|inactive|castoriceball has 5 seconds left.
|
|t:|1785640679
|teamsize|p1|4
|teamsize|p2|4
|start
|switch|p1a: Kangaskhan|Kangaskhan, L50, F|100/100
|switch|p1b: Farigiraf|Farigiraf, L50, M|100/100
|switch|p2a: WHYYCHU|Raichu, L50, M, shiny|100/100
|switch|p2b: budget floette|Sylveon, L50, F|100/100
|turn|1
|inactive|castoriceball has 30 seconds left.
|inactive|durugista has 30 seconds left.
|
|t:|1785640713
|switch|p2b: WolfeyFriendReal|Farigiraf, L50, F|100/100
|detailschange|p2a: WHYYCHU|Raichu-Mega-Y, L50, M, shiny
|-mega|p2a: WHYYCHU|Raichu|Raichunite Y
|detailschange|p1a: Kangaskhan|Kangaskhan-Mega, L50, F
|-mega|p1a: Kangaskhan|Kangaskhan|Kangaskhanite
|move|p1a: Kangaskhan|Fake Out||[still]
|cant|p2b: WolfeyFriendReal|ability: Armor Tail|Fake Out|[of] p1a: Kangaskhan
|move|p2a: WHYYCHU|Zap Cannon|p1b: Farigiraf
|-damage|p1b: Farigiraf|41/100
|-status|p1b: Farigiraf|par
|-enditem|p1b: Farigiraf|Sitrus Berry|[eat]
|-heal|p1b: Farigiraf|66/100 par|[from] item: Sitrus Berry
|move|p1b: Farigiraf|Trick Room|p1b: Farigiraf
|-fieldstart|move: Trick Room|[of] p1b: Farigiraf
|
|upkeep
|turn|2
|inactive|durugista has 30 seconds left.
|inactive|durugista has 20 seconds left.
|
|t:|1785640750
|move|p1b: Farigiraf|Helping Hand|p1a: Kangaskhan
|-singleturn|p1a: Kangaskhan|Helping Hand|[of] p1b: Farigiraf
|move|p2a: WHYYCHU|Protect|p2a: WHYYCHU
|-singleturn|p2a: WHYYCHU|Protect
|move|p1a: Kangaskhan|Double-Edge|p2b: WolfeyFriendReal
|-damage|p2b: WolfeyFriendReal|24/100
|-enditem|p2b: WolfeyFriendReal|Sitrus Berry|[eat]
|-heal|p2b: WolfeyFriendReal|49/100|[from] item: Sitrus Berry
|-damage|p2b: WolfeyFriendReal|32/100
|-hitcount|p2b: WolfeyFriendReal|2
|-damage|p1a: Kangaskhan|67/100|[from] Recoil
|move|p2b: WolfeyFriendReal|Trick Room|p2b: WolfeyFriendReal
|-fieldend|move: Trick Room
|
|upkeep
|turn|3
|inactive|durugista has 30 seconds left.
|
|t:|1785640776
|move|p1b: Farigiraf|Helping Hand|p1a: Kangaskhan
|-singleturn|p1a: Kangaskhan|Helping Hand|[of] p1b: Farigiraf
|move|p2a: WHYYCHU|Focus Blast|p1a: Kangaskhan
|-supereffective|p1a: Kangaskhan|1
|-damage|p1a: Kangaskhan|1/100
|move|p1a: Kangaskhan|Drain Punch|p2a: WHYYCHU
|-damage|p2a: WHYYCHU|41/100
|-heal|p1a: Kangaskhan|24/100|[from] drain|[of] p2a: WHYYCHU
|-damage|p2a: WHYYCHU|24/100
|-heal|p1a: Kangaskhan|30/100|[from] drain|[of] p2a: WHYYCHU
|-hitcount|p2a: WHYYCHU|2
|move|p2b: WolfeyFriendReal|Trick Room|p2b: WolfeyFriendReal
|-fieldstart|move: Trick Room|[of] p2b: WolfeyFriendReal
|
|upkeep
|turn|4
|inactive|durugista has 30 seconds left.
|inactive|castoriceball has 30 seconds left.
|
|t:|1785640804
|switch|p2a: turtle|Torkoal, L50, F|100/100
|-weather|SunnyDay|[from] ability: Drought|[of] p2a: turtle
|move|p2b: WolfeyFriendReal|Protect|p2b: WolfeyFriendReal
|-singleturn|p2b: WolfeyFriendReal|Protect
|cant|p1b: Farigiraf|par
|move|p1a: Kangaskhan|Double-Edge|p2b: WolfeyFriendReal
|-activate|p2b: WolfeyFriendReal|move: Protect
|
|-weather|SunnyDay|[upkeep]
|upkeep
|turn|5
|inactive|durugista has 30 seconds left.
|
|t:|1785640831
|move|p1b: Farigiraf|Twin Beam|p2a: turtle
|-damage|p2a: turtle|80/100
|-damage|p2a: turtle|60/100
|-hitcount|p2a: turtle|2
|move|p2a: turtle|Eruption|p1b: Farigiraf|[spread] p1a,p1b
|-damage|p1a: Kangaskhan|0 fnt
|-damage|p1b: Farigiraf|13/100 par
|faint|p1a: Kangaskhan
|move|p2b: WolfeyFriendReal|Trick Room|p2b: WolfeyFriendReal
|-fieldend|move: Trick Room
|
|-weather|SunnyDay|[upkeep]
|upkeep
|inactive|durugista has 30 seconds left.
|
|t:|1785640858
|switch|p1a: Torkoal|Torkoal, L50, F|100/100
|turn|6
|
|t:|1785640866
|move|p2b: WolfeyFriendReal|Protect|p2b: WolfeyFriendReal
|-singleturn|p2b: WolfeyFriendReal|Protect
|move|p1a: Torkoal|Protect|p1a: Torkoal
|-singleturn|p1a: Torkoal|Protect
|move|p2a: turtle|Eruption|p1a: Torkoal|[spread] p1b
|-activate|p1a: Torkoal|move: Protect
|-damage|p1b: Farigiraf|0 fnt
|faint|p1b: Farigiraf
|
|-weather|SunnyDay|[upkeep]
|upkeep
|
|t:|1785640874
|switch|p1b: Sylveon|Sylveon, L50, M|100/100
|turn|7
|
|t:|1785640888
|move|p2b: WolfeyFriendReal|Helping Hand|p2a: turtle
|-singleturn|p2a: turtle|Helping Hand|[of] p2b: WolfeyFriendReal
|move|p1b: Sylveon|Hyper Voice|p2a: turtle|[spread] p2a,p2b
|-resisted|p2a: turtle|1
|-damage|p2a: turtle|28/100
|-damage|p2b: WolfeyFriendReal|0 fnt
|faint|p2b: WolfeyFriendReal
|move|p1a: Torkoal|Eruption|p2a: turtle
|-resisted|p2a: turtle|1
|-damage|p2a: turtle|0 fnt
|faint|p2a: turtle
|
|-weather|SunnyDay|[upkeep]
|upkeep
|
|t:|1785640894
|switch|p2b: WHYYCHU|Raichu-Mega-Y, L50, M, shiny|24/100
|switch|p2a: budget floette|Sylveon, L50, F|100/100
|turn|8
|inactive|durugista has 30 seconds left.
|inactive|castoriceball has 30 seconds left.
|
|t:|1785640931
|move|p2b: WHYYCHU|Protect|p2b: WHYYCHU
|-singleturn|p2b: WHYYCHU|Protect
|move|p2a: budget floette|Detect|p2a: budget floette
|-singleturn|p2a: budget floette|Protect
|move|p1a: Torkoal|Protect|p1a: Torkoal
|-singleturn|p1a: Torkoal|Protect
|move|p1b: Sylveon|Quick Attack|p2b: WHYYCHU
|-activate|p2b: WHYYCHU|move: Protect
|
|-weather|none
|upkeep
|turn|9
|
|t:|1785640950
|move|p2b: WHYYCHU|Zap Cannon|p1a: Torkoal
|-damage|p1a: Torkoal|21/100
|-status|p1a: Torkoal|par
|move|p2a: budget floette|Hyper Voice|p1a: Torkoal|[spread] p1a,p1b
|-resisted|p1a: Torkoal|1
|-damage|p1a: Torkoal|0 fnt
|-damage|p1b: Sylveon|64/100
|faint|p1a: Torkoal
|move|p1b: Sylveon|Hyper Voice|p2a: budget floette|[spread] p2a,p2b
|-damage|p2a: budget floette|59/100
|-damage|p2b: WHYYCHU|0 fnt
|faint|p2b: WHYYCHU
|
|upkeep
|turn|10
|
|t:|1785640975
|move|p2a: budget floette|Hyper Beam|p1b: Sylveon
|-damage|p1b: Sylveon|0 fnt
|-mustrecharge|p2a: budget floette
|faint|p1b: Sylveon
|
|win|castoriceball
