|j|☆metvgc
|j|☆PittsburghSkylines
|html|metvgcPittsburghSkylines    
|uhtml|bestof|Game 2 of a best-of-3
|t:|1757861650
|gametype|doubles
|player|p1|metvgc|linebacker|1301
|player|p2|PittsburghSkylines|blue|1306
|gen|9
|tier|[Gen 9] VGC 2025 Reg H (Bo3)
|rated|
|rule|Species Clause: Limit one of each Pokémon
|rule|Item Clause: Limit 1 of each item
|clearpoke
|poke|p1|Espathra, L50, F|
|poke|p1|Indeedee-F, L50, F|
|poke|p1|Sneasler, L50, M|
|poke|p1|Arcanine-Hisui, L50, M|
|poke|p1|Hydreigon, L50, M|
|poke|p1|Kingambit, L50, M|
|poke|p2|Sneasler, L50, M|
|poke|p2|Whimsicott, L50, M|
|poke|p2|Gholdengo, L50|
|poke|p2|Garchomp, L50, F|
|poke|p2|Incineroar, L50, M|
|poke|p2|Rillaboom, L50, M|
|teampreview|4
|showteam|p1|Espathra||LifeOrb|SpeedBoost|Protect,DazzlingGleam,ExpandingForce,LuminaCrash|||F|||50|,,,,,Psychic]Indeedee-F||RockyHelmet|PsychicSurge|Protect,FollowMe,HelpingHand,Psychic|||F|||50|,,,,,Dragon]Sneasler||PsychicSeed|Unburden|Protect,ThroatChop,CloseCombat,DireClaw|||M|||50|,,,,,Dark]Arcanine-Hisui||MirrorHerb|Intimidate|Protect,CloseCombat,FlareBlitz,RockSlide|||M|||50|,,,,,Water]Hydreigon||SafetyGoggles|Levitate|Protect,Taunt,Snarl,DracoMeteor|||M|||50|,,,,,Ghost]Kingambit||AssaultVest|Defiant|LowKick,TeraBlast,KowtowCleave,SuckerPunch|||M|||50|,,,,,Flying
|showteam|p2|Sneasler||WhiteHerb|Unburden|CloseCombat,DireClaw,FakeOut,Protect|||M|||50|,,,,,Stellar]Whimsicott||FocusSash|Prankster|Moonblast,FakeTears,Tailwind,Protect|||M|||50|,,,,,Ghost]Gholdengo||ChoiceSpecs|GoodasGold|MakeItRain,ShadowBall,PowerGem,Trick||||||50|,,,,,Steel]Garchomp||LifeOrb|RoughSkin|DragonClaw,StompingTantrum,RockSlide,Protect|||F|||50|,,,,,Ground]Incineroar||AssaultVest|Intimidate|FlareBlitz,KnockOff,Uturn,FakeOut|||M|||50|,,,,,Grass]Rillaboom||MiracleSeed|GrassySurge|WoodHammer,GrassyGlide,FakeOut,Taunt|||M|||50|,,,,,Fire
|inactive|Battle timer is ON: inactive players will automatically lose when time's up. (requested by metvgc)
|inactive|metvgc has 60 seconds left.
|
|t:|1757861699
|teamsize|p1|4
|teamsize|p2|4
|start
|switch|p1a: Indeedee|Indeedee-F, L50, F|100/100
|switch|p1b: Hydreigon|Hydreigon, L50, M|100/100
|switch|p2a: Gholdengo|Gholdengo, L50|100/100
|switch|p2b: Incineroar|Incineroar, L50, M|100/100
|-ability|p2b: Incineroar|Intimidate|boost
|-unboost|p1a: Indeedee|atk|1
|-unboost|p1b: Hydreigon|atk|1
|-fieldstart|move: Psychic Terrain|[from] ability: Psychic Surge|[of] p1a: Indeedee
|turn|1
|inactive|PittsburghSkylines has 30 seconds left.
|
|t:|1757861731
|switch|p2a: Rillaboom|Rillaboom, L50, M|100/100
|-fieldstart|move: Grassy Terrain|[from] ability: Grassy Surge|[of] p2a: Rillaboom
|move|p1b: Hydreigon|Protect|p1b: Hydreigon
|-singleturn|p1b: Hydreigon|Protect
|move|p2b: Incineroar|Knock Off|p1b: Hydreigon
|-activate|p1b: Hydreigon|move: Protect
|move|p1a: Indeedee|Psychic|p2a: Rillaboom
|-damage|p2a: Rillaboom|71/100
|
|-heal|p2a: Rillaboom|77/100|[from] Grassy Terrain
|upkeep
|turn|2
|
|t:|1757861754
|switch|p1a: Arcanine|Arcanine-Hisui, L50, M|100/100
|-ability|p1a: Arcanine|Intimidate|boost
|-unboost|p2a: Rillaboom|atk|1
|-unboost|p2b: Incineroar|atk|1
|move|p1b: Hydreigon|Draco Meteor|p2a: Rillaboom
|-damage|p2a: Rillaboom|16/100
|-unboost|p1b: Hydreigon|spa|2
|move|p2b: Incineroar|U-turn|p1b: Hydreigon
|-supereffective|p1b: Hydreigon
|-damage|p1b: Hydreigon|68/100
|
|t:|1757861765
|switch|p2b: Sneasler|Sneasler, L50, M|100/100|[from] U-turn
|move|p2a: Rillaboom|Taunt|p1a: Arcanine
|-start|p1a: Arcanine|move: Taunt
|
|-heal|p2a: Rillaboom|22/100|[from] Grassy Terrain
|upkeep
|turn|3
|
|t:|1757861784
|switch|p1b: Indeedee|Indeedee-F, L50, F|100/100
|-fieldstart|move: Psychic Terrain|[from] ability: Psychic Surge|[of] p1b: Indeedee
|-terastallize|p1a: Arcanine|Water
|move|p2b: Sneasler|Close Combat|p1a: Arcanine
|-damage|p1a: Arcanine|17/100
|-unboost|p2b: Sneasler|def|1
|-unboost|p2b: Sneasler|spd|1
|-enditem|p2b: Sneasler|White Herb
|-clearnegativeboost|p2b: Sneasler|[silent]
|move|p1a: Arcanine|Flare Blitz|p2b: Sneasler
|-damage|p2b: Sneasler|4/100
|-damage|p1a: Arcanine|0 fnt|[from] Recoil
|faint|p1a: Arcanine
|move|p2a: Rillaboom|Grassy Glide|p1b: Indeedee
|-damage|p1b: Indeedee|78/100
|-damage|p2a: Rillaboom|5/100|[from] item: Rocky Helmet|[of] p1b: Indeedee
|
|upkeep
|
|t:|1757861801
|switch|p1a: Sneasler|Sneasler, L50, M|100/100
|-enditem|p1a: Sneasler|Psychic Seed
|-boost|p1a: Sneasler|spd|1|[from] item: Psychic Seed
|turn|4
|inactive|PittsburghSkylines has 30 seconds left.
|
|t:|1757861827
|switch|p2a: Incineroar|Incineroar, L50, M|100/100
|-ability|p2a: Incineroar|Intimidate|boost
|-unboost|p1a: Sneasler|atk|1
|-unboost|p1b: Indeedee|atk|1
|switch|p1b: Hydreigon|Hydreigon, L50, M|68/100
|move|p2b: Sneasler|Protect|p2b: Sneasler
|-singleturn|p2b: Sneasler|Protect
|move|p1a: Sneasler|Dire Claw|p2a: Incineroar
|-damage|p2a: Incineroar|72/100
|-status|p2a: Incineroar|slp
|
|upkeep
|turn|5
|
|t:|1757861848
|move|p1a: Sneasler|Dire Claw|p2b: Sneasler
|-resisted|p2b: Sneasler
|-damage|p2b: Sneasler|0 fnt
|faint|p2b: Sneasler
|move|p1b: Hydreigon|Draco Meteor|p2a: Incineroar
|-damage|p2a: Incineroar|26/100 slp
|-unboost|p1b: Hydreigon|spa|2
|cant|p2a: Incineroar|slp
|
|upkeep
|
|t:|1757861853
|switch|p2b: Gholdengo|Gholdengo, L50|100/100
|turn|6
|
|t:|1757861866
|switch|p2a: Rillaboom|Rillaboom, L50, M|5/100
|-fieldstart|move: Grassy Terrain|[from] ability: Grassy Surge|[of] p2a: Rillaboom
|-terastallize|p2b: Gholdengo|Steel
|move|p1a: Sneasler|Throat Chop|p2b: Gholdengo
|-damage|p2b: Gholdengo|80/100
|-start|p2b: Gholdengo|Throat Chop|[silent]
|move|p1b: Hydreigon|Snarl|p2b: Gholdengo|[spread] p2a,p2b
|-damage|p2a: Rillaboom|0 fnt
|-damage|p2b: Gholdengo|67/100
|-unboost|p2b: Gholdengo|spa|1
|faint|p2a: Rillaboom
|move|p2b: Gholdengo|Make It Rain|p1b: Hydreigon|[spread] p1a,p1b
|-damage|p1a: Sneasler|36/100
|-damage|p1b: Hydreigon|0 fnt
|-unboost|p2b: Gholdengo|spa|1
|faint|p1b: Hydreigon
|
|-heal|p1a: Sneasler|42/100|[from] Grassy Terrain
|-heal|p2b: Gholdengo|73/100|[from] Grassy Terrain
|upkeep
|
|t:|1757861882
|switch|p1b: Indeedee|Indeedee-F, L50, F|78/100
|switch|p2a: Incineroar|Incineroar, L50, M|26/100 slp
|-ability|p2a: Incineroar|Intimidate|boost
|-unboost|p1a: Sneasler|atk|1
|-unboost|p1b: Indeedee|atk|1
|-fieldstart|move: Psychic Terrain|[from] ability: Psychic Surge|[of] p1b: Indeedee
|turn|7
|
|t:|1757861887
|move|p1b: Indeedee|Follow Me|p1b: Indeedee
|-singleturn|p1b: Indeedee|move: Follow Me
|move|p1a: Sneasler|Close Combat|p2b: Gholdengo
|-supereffective|p2b: Gholdengo
|-damage|p2b: Gholdengo|7/100
|-unboost|p1a: Sneasler|def|1
|-unboost|p1a: Sneasler|spd|1
|move|p2b: Gholdengo|Make It Rain|p1a: Sneasler|[spread] p1a,p1b
|-damage|p1a: Sneasler|0 fnt
|-damage|p1b: Indeedee|29/100
|-unboost|p2b: Gholdengo|spa|1
|faint|p1a: Sneasler
|-curestatus|p2a: Incineroar|slp|[msg]
|move|p2a: Incineroar|Flare Blitz|p1b: Indeedee
|-damage|p1b: Indeedee|0 fnt
|-damage|p2a: Incineroar|10/100|[from] item: Rocky Helmet|[of] p1b: Indeedee
|faint|p1b: Indeedee
|-damage|p2a: Incineroar|1/100|[from] Recoil
|
|win|PittsburghSkylines
|raw|metvgc's rating: 1301 → 1281(-20 for losing)
|raw|PittsburghSkylines's rating: 1306 → 1326(+20 for winning)
