|j|☆littu_bulba
|j|☆slimeygang
|html|littu_bulbaslimeygang    
|uhtml|bestof|Game 2 of a best-of-3
|t:|1784253286
|gametype|doubles
|player|p1|littu_bulba|brock|
|player|p2|slimeygang|#orascliizekroms|
|gen|9
|tier|[Gen 9 Champions] VGC 2026 Reg M-B (Bo3)
|rule|Species Clause: Limit one of each Pokémon
|rule|Item Clause: Limit 1 of each item
|clearpoke
|poke|p1|Gengar, L50, F|
|poke|p1|Incineroar, L50, M|
|poke|p1|Maushold, L50|
|poke|p1|Politoed, L50, M|
|poke|p1|Kommo-o, L50, M|
|poke|p1|Hydrapple, L50, F|
|poke|p2|Aerodactyl, L50, M|
|poke|p2|Decidueye-Hisui, L50, F, shiny|
|poke|p2|Drampa, L50, M|
|poke|p2|Kangaskhan, L50, F|
|poke|p2|Mamoswine, L50, M|
|poke|p2|Farigiraf, L50, F|
|teampreview|4
|showteam|p1|Gengar||Gengarite|CursedBody|PerishSong,DazzlingGleam,SludgeWave,ShadowBall|Modest||F|||50|]Incineroar||SitrusBerry|Intimidate|FakeOut,PartingShot,FlareBlitz,Crunch|Sassy||M|||50|]Maushold||FocusSash|Technician|FollowMe,HelpingHand,Protect,PopulationBomb|Jolly|||||50|]Politoed||Leftovers|Drizzle|Protect,Surf,HyperVoice,IcyWind|Sassy||M|||50|]Kommo-o||LifeOrb|Soundproof|ClangingScales,ClangorousSoul,CloseCombat,IronHead|Relaxed||M|||50|]Hydrapple||ExpertBelt|Regenerator|FickleBeam,DracoMeteor,EarthPower,EnergyBall|Quiet||F|||50|
|showteam|p2|Aerodactyl||Aerodactylite|Unnerve|RockSlide,SunnyDay,Tailwind,Taunt|Jolly||M|||50|]Decidueye-Hisui||LifeOrb|Scrappy|CloseCombat,LeafBlade,SuckerPunch,Protect|Adamant||F|||50|]Drampa||Drampanite|CloudNine|HyperVoice,EarthPower,DragonPulse,Protect|Quiet||M|||50|]Kangaskhan||SilkScarf|Scrappy|FakeOut,LastResort|Jolly||F|||50|]Mamoswine||FocusSash|Oblivious|HighHorsepower,IcicleCrash,IceShard,Protect|Adamant||M|||50|]Farigiraf||SitrusBerry|ArmorTail|Psychic,LightScreen,TrickRoom,HelpingHand|Calm||F|||50|
|j| Tidal
|
|t:|1784253326
|teamsize|p1|4
|teamsize|p2|4
|start
|switch|p1a: Gengar|Gengar, L50, F|100/100
|switch|p1b: Kommo-o|Kommo-o, L50, M|100/100
|switch|p2a: Farigiraf|Farigiraf, L50, F|100/100
|switch|p2b: Kangaskhan|Kangaskhan, L50, F|100/100
|turn|1
|j| repeatt
|l| repeatt
|
|t:|1784253360
|detailschange|p1a: Gengar|Gengar-Mega, L50, F
|-mega|p1a: Gengar|Gengar|Gengarite
|move|p2b: Kangaskhan|Fake Out|p1b: Kommo-o
|-damage|p1b: Kommo-o|85/100
|move|p1a: Gengar|Perish Song|p1a: Gengar
|-start|p1a: Gengar|perish3|[silent]
|-immune|p1b: Kommo-o|[from] ability: Soundproof
|-start|p2a: Farigiraf|perish3|[silent]
|-start|p2b: Kangaskhan|perish3|[silent]
|-fieldactivate|move: Perish Song
|cant|p1b: Kommo-o|flinch
|move|p2a: Farigiraf|Light Screen|p2a: Farigiraf
|-sidestart|p2: slimeygang|move: Light Screen
|
|-start|p1a: Gengar|perish3
|-start|p2b: Kangaskhan|perish3
|-start|p2a: Farigiraf|perish3
|upkeep
|turn|2
|
|t:|1784253392
|move|p2a: Farigiraf|Helping Hand|p2b: Kangaskhan
|-singleturn|p2b: Kangaskhan|Helping Hand|[of] p2a: Farigiraf
|move|p1a: Gengar|Dazzling Gleam|p2a: Farigiraf|[spread] p2a,p2b
|-damage|p2a: Farigiraf|83/100
|-damage|p2b: Kangaskhan|77/100
|move|p2b: Kangaskhan|Last Resort|p1b: Kommo-o
|-damage|p1b: Kommo-o|4/100
|move|p1b: Kommo-o|Clanging Scales|p2a: Farigiraf|[spread] p2a,p2b
|-damage|p2a: Farigiraf|63/100
|-damage|p2b: Kangaskhan|51/100
|-unboost|p1b: Kommo-o|def|1
|-damage|p1b: Kommo-o|0 fnt|[from] item: Life Orb
|faint|p1b: Kommo-o
|
|-start|p1a: Gengar|perish2
|-start|p2b: Kangaskhan|perish2
|-start|p2a: Farigiraf|perish2
|upkeep
|
|t:|1784253413
|switch|p1b: Maushold|Maushold, L50|100/100
|turn|3
|
|t:|1784253443
|move|p1a: Gengar|Dazzling Gleam|p2b: Kangaskhan|[spread] p2a,p2b
|-damage|p2a: Farigiraf|48/100
|-damage|p2b: Kangaskhan|29/100
|-enditem|p2a: Farigiraf|Sitrus Berry|[eat]
|-heal|p2a: Farigiraf|73/100|[from] item: Sitrus Berry
|move|p1b: Maushold|Population Bomb|p2a: Farigiraf
|-damage|p2a: Farigiraf|65/100
|-damage|p2a: Farigiraf|55/100
|-damage|p2a: Farigiraf|45/100
|-damage|p2a: Farigiraf|35/100
|-damage|p2a: Farigiraf|25/100
|-damage|p2a: Farigiraf|15/100
|-damage|p2a: Farigiraf|5/100
|-damage|p2a: Farigiraf|0 fnt
|faint|p2a: Farigiraf
|-hitcount|p2: Farigiraf|8
|move|p2b: Kangaskhan|Last Resort|p1a: Gengar
|-crit|p1a: Gengar
|-damage|p1a: Gengar|0 fnt
|faint|p1a: Gengar
|
|-start|p2b: Kangaskhan|perish1
|upkeep
|
|t:|1784253465
|switch|p1a: Politoed|Politoed, L50, M|100/100
|switch|p2a: Drampa|Drampa, L50, M|100/100
|-weather|RainDance|[from] ability: Drizzle|[of] p1a: Politoed
|-ability|p2a: Drampa|Cloud Nine
|turn|4
|
|t:|1784253491
|switch|p2b: Mamoswine|Mamoswine, L50, M|100/100
|move|p2a: Drampa|Protect|p2a: Drampa
|-singleturn|p2a: Drampa|Protect
|move|p1b: Maushold|Population Bomb|p2a: Drampa
|-activate|p2a: Drampa|move: Protect
|move|p1a: Politoed|Icy Wind|p2b: Mamoswine|[spread] p2b
|-activate|p2a: Drampa|move: Protect
|-damage|p2b: Mamoswine|90/100
|-unboost|p2b: Mamoswine|spe|1
|
|-weather|RainDance|[upkeep]
|upkeep
|turn|5
|
|t:|1784253532
|move|p1b: Maushold|Population Bomb|p2a: Drampa
|-crit|p2a: Drampa
|-damage|p2a: Drampa|82/100
|-damage|p2a: Drampa|69/100
|-damage|p2a: Drampa|57/100
|-damage|p2a: Drampa|45/100
|-damage|p2a: Drampa|34/100
|-damage|p2a: Drampa|22/100
|-damage|p2a: Drampa|10/100
|-damage|p2a: Drampa|0 fnt
|faint|p2a: Drampa
|-hitcount|p2: Drampa|8
|move|p1a: Politoed|Icy Wind|p2b: Mamoswine
|-damage|p2b: Mamoswine|78/100
|-unboost|p2b: Mamoswine|spe|1
|move|p2b: Mamoswine|High Horsepower|p1b: Maushold
|-damage|p1b: Maushold|5/100
|
|-weather|RainDance|[upkeep]
|-sideend|p2: slimeygang|move: Light Screen
|upkeep
|
|t:|1784253539
|switch|p2a: Kangaskhan|Kangaskhan, L50, F|29/100
|turn|6
|
|t:|1784253587
|move|p1b: Maushold|Protect|p1b: Maushold
|-singleturn|p1b: Maushold|Protect
|move|p1a: Politoed|Protect|p1a: Politoed
|-singleturn|p1a: Politoed|Protect
|move|p2a: Kangaskhan|Fake Out|p1a: Politoed
|-activate|p1a: Politoed|move: Protect
|move|p2b: Mamoswine|Ice Shard|p1b: Maushold
|-activate|p1b: Maushold|move: Protect
|
|-weather|RainDance|[upkeep]
|upkeep
|turn|7
|
|t:|1784253606
|move|p2b: Mamoswine|Protect|p2b: Mamoswine
|-singleturn|p2b: Mamoswine|Protect
|move|p1b: Maushold|Population Bomb|p2b: Mamoswine
|-activate|p2b: Mamoswine|move: Protect
|move|p2a: Kangaskhan|Last Resort|p1a: Politoed
|-damage|p1a: Politoed|10/100
|move|p1a: Politoed|Surf|p2a: Kangaskhan|[spread] p1b,p2a
|-activate|p2b: Mamoswine|move: Protect
|-damage|p1b: Maushold|0 fnt
|-damage|p2a: Kangaskhan|0 fnt
|faint|p1b: Maushold
|faint|p2a: Kangaskhan
|
|-weather|RainDance|[upkeep]
|-heal|p1a: Politoed|16/100|[from] item: Leftovers
|upkeep
|turn|8
|
|t:|1784253642
|move|p2b: Mamoswine|Protect||[still]
|-fail|p2b: Mamoswine
|move|p1a: Politoed|Surf|p2b: Mamoswine
|-supereffective|p2b: Mamoswine|1
|-damage|p2b: Mamoswine|0 fnt
|faint|p2b: Mamoswine
|
|win|littu_bulba
||littu_bulba is ready for game 3.
||slimeygang is ready for game 3.
|uhtml|next|Next: Game 3 of 3
|l| Tidal
