|j|☆Sylviana GL
|j|☆jamadxx
|html|Sylviana GLjamadxx    
|uhtml|bestof|Game 3 of a best-of-3
|t:|1784794850
|gametype|doubles
|player|p1|Sylviana GL|caitlin|1154
|player|p2|jamadxx|170|1131
|gen|9
|tier|[Gen 9 Champions] VGC 2026 Reg M-B (Bo3)
|rated|
|rule|Species Clause: Limit one of each Pokémon
|rule|Item Clause: Limit 1 of each item
|clearpoke
|poke|p1|Aerodactyl, L50, F, shiny|
|poke|p1|Charizard, L50, M|
|poke|p1|Sylveon, L50, M|
|poke|p1|Garchomp, L50, F|
|poke|p1|Kingambit, L50, M|
|poke|p1|Incineroar, L50, M|
|poke|p2|Staraptor, L50, F|
|poke|p2|Whimsicott, L50, M|
|poke|p2|Incineroar, L50, F|
|poke|p2|Basculegion, L50, M|
|poke|p2|Altaria, L50, F|
|poke|p2|Metagross, L50|
|teampreview|4
|showteam|p1|Aerodactyl||Aerodactylite|Unnerve|RockSlide,IceFang,Tailwind,WideGuard|Jolly||F|||50|]Charizard||CharizarditeY|Blaze|HeatWave,WeatherBall,SolarBeam,Protect|Modest||M|||50|]Sylveon||FairyFeather|Pixilate|HyperVoice,HyperBeam,QuickAttack,Detect|Modest||M|||50|]Garchomp||LifeOrb|RoughSkin|DragonClaw,Earthquake,StompingTantrum,Protect|Jolly||F|||50|]Kingambit||FocusSash|Defiant|SuckerPunch,KowtowCleave,IronHead,Protect|Adamant||M|||50|]Incineroar||SitrusBerry|Intimidate|FlareBlitz,ThroatChop,FakeOut,PartingShot|Impish||M|||50|
|showteam|p2|Staraptor||Staraptite|Intimidate|CloseCombat,Roost,BraveBird,Protect|Jolly||F|||50|]Whimsicott||FocusSash|Prankster|Encore,Charm,Tailwind,Moonblast|Timid||M|||50|]Incineroar||Leftovers|Intimidate|FakeOut,PartingShot,FlareBlitz,CloseCombat|Careful||F|||50|]Basculegion||MysticWater|Adaptability|AquaJet,Protect,WaveCrash,LastRespects|Jolly||M|||50|]Altaria||SitrusBerry|CloudNine|Tailwind,Roost,DracoMeteor,WillOWisp|Modest||F|||50|]Metagross||Metagrossite|ClearBody|StompingTantrum,PsychicFangs,Protect,MeteorMash|Impish|||||50|
|
|t:|1784794872
|teamsize|p1|4
|teamsize|p2|4
|start
|switch|p1a: Aerodactyl|Aerodactyl, L50, F, shiny|100/100
|switch|p1b: Sylveon|Sylveon, L50, M|100/100
|switch|p2a: Metagross|Metagross, L50|100/100
|switch|p2b: Incineroar|Incineroar, L50, F|100/100
|-ability|p1a: Aerodactyl|Unnerve
|-ability|p2b: Incineroar|Intimidate|boost
|-unboost|p1a: Aerodactyl|atk|1
|-unboost|p1b: Sylveon|atk|1
|turn|1
|
|t:|1784794889
|switch|p1b: Charizard|Charizard, L50, M|100/100
|detailschange|p2a: Metagross|Metagross-Mega, L50
|-mega|p2a: Metagross|Metagross|Metagrossite
|move|p2b: Incineroar|Fake Out|p1b: Charizard
|-damage|p1b: Charizard|88/100
|move|p1a: Aerodactyl|Rock Slide|p2a: Metagross|[spread] p2a,p2b
|-resisted|p2a: Metagross|1
|-supereffective|p2b: Incineroar|1
|-damage|p2a: Metagross|95/100
|-damage|p2b: Incineroar|69/100
|cant|p2a: Metagross|flinch
|
|-heal|p2b: Incineroar|75/100|[from] item: Leftovers
|upkeep
|turn|2
|
|t:|1784794908
|detailschange|p1b: Charizard|Charizard-Mega-Y, L50, M
|-mega|p1b: Charizard|Charizard|Charizardite Y
|-weather|SunnyDay|[from] ability: Drought|[of] p1b: Charizard
|move|p2a: Metagross|Protect|p2a: Metagross
|-singleturn|p2a: Metagross|Protect
|move|p1a: Aerodactyl|Ice Fang|p2b: Incineroar
|-resisted|p2b: Incineroar|1
|-damage|p2b: Incineroar|69/100
|move|p1b: Charizard|Heat Wave|p2a: Metagross|[spread] p2b
|-activate|p2a: Metagross|move: Protect
|-resisted|p2b: Incineroar|1
|-damage|p2b: Incineroar|45/100
|move|p2b: Incineroar|Parting Shot|p1b: Charizard
|-unboost|p1b: Charizard|atk|1
|-unboost|p1b: Charizard|spa|1
|
|t:|1784794922
|switch|p2b: Altaria|Altaria, L50, F|100/100|[from] Parting Shot
|-ability|p2b: Altaria|Cloud Nine
|
|-weather|SunnyDay|[upkeep]
|upkeep
|turn|3
|
|t:|1784794944
|switch|p1a: Kingambit|Kingambit, L50, M|100/100
|switch|p1b: Sylveon|Sylveon, L50, M|100/100
|move|p2a: Metagross|Psychic Fangs|p1b: Sylveon
|-damage|p1b: Sylveon|27/100
|move|p2b: Altaria|Tailwind|p2b: Altaria
|-sidestart|p2: jamadxx|move: Tailwind
|
|-weather|SunnyDay|[upkeep]
|upkeep
|turn|4
|
|t:|1784794977
|move|p1a: Kingambit|Sucker Punch|p2a: Metagross
|-supereffective|p2a: Metagross|1
|-damage|p2a: Metagross|46/100
|move|p2a: Metagross|Meteor Mash|p1b: Sylveon
|-supereffective|p1b: Sylveon|1
|-damage|p1b: Sylveon|0 fnt
|faint|p1b: Sylveon
|move|p2b: Altaria|Will-O-Wisp|p1a: Kingambit
|-status|p1a: Kingambit|brn
|
|-weather|SunnyDay|[upkeep]
|-damage|p1a: Kingambit|94/100 brn|[from] brn
|upkeep
|
|t:|1784794984
|switch|p1b: Charizard|Charizard-Mega-Y, L50, M|88/100
|turn|5
|
|t:|1784794999
|move|p2a: Metagross|Protect|p2a: Metagross
|-singleturn|p2a: Metagross|Protect
|move|p1a: Kingambit|Sucker Punch||[still]
|-fail|p1a: Kingambit
|move|p2b: Altaria|Draco Meteor|p1b: Charizard
|-damage|p1b: Charizard|43/100
|-unboost|p2b: Altaria|spa|2
|move|p1b: Charizard|Heat Wave|p2a: Metagross|[spread] p2b
|-activate|p2a: Metagross|move: Protect
|-resisted|p2b: Altaria|1
|-damage|p2b: Altaria|81/100
|
|-weather|SunnyDay|[upkeep]
|-damage|p1a: Kingambit|88/100 brn|[from] brn
|upkeep
|turn|6
|
|t:|1784795020
|switch|p2a: Basculegion|Basculegion, L50, M|100/100
|move|p1b: Charizard|Protect|p1b: Charizard
|-singleturn|p1b: Charizard|Protect
|move|p1a: Kingambit|Sucker Punch||[still]
|-fail|p1a: Kingambit
|move|p2b: Altaria|Roost|p2b: Altaria
|-heal|p2b: Altaria|100/100
|-singleturn|p2b: Altaria|move: Roost
|
|-weather|none
|-damage|p1a: Kingambit|82/100 brn|[from] brn
|-sideend|p2: jamadxx|move: Tailwind
|upkeep
|turn|7
|
|t:|1784795049
|switch|p1b: Aerodactyl|Aerodactyl, L50, F, shiny|100/100
|-ability|p1b: Aerodactyl|Unnerve
|move|p2a: Basculegion|Aqua Jet|p1a: Kingambit
|-damage|p1a: Kingambit|55/100 brn
|move|p1a: Kingambit|Sucker Punch||[still]
|-fail|p1a: Kingambit
|move|p2b: Altaria|Draco Meteor|p1b: Aerodactyl
|-damage|p1b: Aerodactyl|68/100
|-unboost|p2b: Altaria|spa|2
|
|-damage|p1a: Kingambit|49/100 brn|[from] brn
|upkeep
|turn|8
|
|t:|1784795066
|switch|p2b: Metagross|Metagross-Mega, L50|46/100
|move|p2a: Basculegion|Protect|p2a: Basculegion
|-singleturn|p2a: Basculegion|Protect
|move|p1b: Aerodactyl|Ice Fang|p2b: Metagross
|-resisted|p2b: Metagross|1
|-damage|p2b: Metagross|41/100
|move|p1a: Kingambit|Kowtow Cleave|p2a: Basculegion
|-activate|p2a: Basculegion|move: Protect
|
|-damage|p1a: Kingambit|43/100 brn|[from] brn
|upkeep
|turn|9
|inactive|Battle timer is ON: inactive players will automatically lose when time's up. (requested by Sylviana GL)
|
|t:|1784795092
|move|p2b: Metagross|Protect|p2b: Metagross
|-singleturn|p2b: Metagross|Protect
|move|p1a: Kingambit|Sucker Punch||[still]
|-fail|p1a: Kingambit
|move|p1b: Aerodactyl|Rock Slide|p2a: Basculegion|[spread] p2a
|-activate|p2b: Metagross|move: Protect
|-damage|p2a: Basculegion|70/100
|cant|p2a: Basculegion|flinch
|
|-damage|p1a: Kingambit|37/100 brn|[from] brn
|upkeep
|turn|10
|inactive|jamadxx has 30 seconds left.
|inactive|jamadxx has 20 seconds left.
|
|t:|1784795129
|switch|p2b: Altaria|Altaria, L50, F|100/100
|-ability|p2b: Altaria|Cloud Nine
|move|p2a: Basculegion|Protect|p2a: Basculegion
|-singleturn|p2a: Basculegion|Protect
|move|p1a: Kingambit|Sucker Punch||[still]
|-fail|p1a: Kingambit
|move|p1b: Aerodactyl|Rock Slide|p2b: Altaria|[spread] p2b
|-activate|p2a: Basculegion|move: Protect
|-supereffective|p2b: Altaria|1
|-damage|p2b: Altaria|43/100
|
|-damage|p1a: Kingambit|32/100 brn|[from] brn
|upkeep
|turn|11
|
|t:|1784795151
|switch|p2b: Metagross|Metagross-Mega, L50|41/100
|move|p2a: Basculegion|Aqua Jet|p1b: Aerodactyl
|-supereffective|p1b: Aerodactyl|1
|-damage|p1b: Aerodactyl|0 fnt
|faint|p1b: Aerodactyl
|move|p1a: Kingambit|Sucker Punch||[still]
|-fail|p1a: Kingambit
|
|-damage|p1a: Kingambit|26/100 brn|[from] brn
|upkeep
|
|t:|1784795156
|switch|p1b: Charizard|Charizard-Mega-Y, L50, M|43/100
|-weather|SunnyDay|[from] ability: Drought|[of] p1b: Charizard
|turn|12
|
|t:|1784795169
|switch|p2b: Altaria|Altaria, L50, F|43/100
|-enditem|p2b: Altaria|Sitrus Berry|[eat]
|-heal|p2b: Altaria|68/100|[from] item: Sitrus Berry
|-ability|p2b: Altaria|Cloud Nine
|move|p2a: Basculegion|Aqua Jet|p1a: Kingambit
|-damage|p1a: Kingambit|2/100 brn
|move|p1a: Kingambit|Sucker Punch||[still]
|-fail|p1a: Kingambit
|move|p1b: Charizard|Heat Wave|p2b: Altaria|[spread] p2a,p2b
|-resisted|p2a: Basculegion|1
|-resisted|p2b: Altaria|1
|-damage|p2a: Basculegion|49/100
|-damage|p2b: Altaria|50/100g
|
|-weather|SunnyDay|[upkeep]
|-damage|p1a: Kingambit|0 fnt|[from] brn
|faint|p1a: Kingambit
|upkeep
|turn|13
|-message|Sylviana GL forfeited.
|
|win|jamadxx
|raw|Sylviana GL's rating: 1154 → 1127(-27 for losing)
|raw|jamadxx's rating: 1131 → 1158(+27 for winning)
