|j|☆Masonononon
|j|☆arby's service
|html|Masononononarby's service    
|uhtml|bestof|Game 1 of a best-of-3
|t:|1784838444
|gametype|doubles
|player|p1|Masonononon|102|1075
|player|p2|arby's service|scientist|1000
|gen|9
|tier|[Gen 9 Champions] VGC 2026 Reg M-B (Bo3)
|rated|
|rule|Species Clause: Limit one of each Pokémon
|rule|Item Clause: Limit 1 of each item
|clearpoke
|poke|p1|Maushold-Four, L50|
|poke|p1|Incineroar, L50, M, shiny|
|poke|p1|Whimsicott, L50, M, shiny|
|poke|p1|Sinistcha-Masterpiece, L50|
|poke|p1|Garchomp, L50, F|
|poke|p1|Starmie, L50, shiny|
|poke|p2|Sneasler, L50, F, shiny|
|poke|p2|Froslass, L50, F|
|poke|p2|Incineroar, L50, M|
|poke|p2|Pelipper, L50, F|
|poke|p2|Basculegion, L50, M|
|poke|p2|Charizard, L50, F, shiny|
|teampreview|4
|showteam|p1|Maushold-Four||WideLens|Technician|PopulationBomb,Encore,FakeTears,HelpingHand|Jolly|||||50|]Incineroar||SitrusBerry|Intimidate|PartingShot,FakeOut,FlareBlitz,Protect|Jolly||M|||50|]Whimsicott||FairyFeather|Prankster|Tailwind,Encore,FakeTears,Moonblast|Timid||M|||50|]Sinistcha-Masterpiece||CobaBerry|Hospitality|MatchaGotcha,RagePowder,ShadowBall,Protect|Serious|||||50|]Garchomp||Leftovers|SandVeil|DragonClaw,Earthquake,SwordsDance,Protect|Jolly||F|||50|]Starmie||Starminite|Illuminate|SkillSwap,AquaJet,SelfDestruct,Protect|Jolly|||||50|
|showteam|p2|Sneasler||FocusSash|PoisonTouch|DireClaw,Taunt,CloseCombat,FakeOut|Jolly||F|||50|]Froslass||Froslassite|CursedBody|Thunderbolt,ShadowBall,WeatherBall,Blizzard|Timid||F|||50|]Incineroar||Leftovers|Intimidate|Protect,DarkestLariat,PartingShot,FakeOut|Careful||M|||50|]Pelipper||QuickClaw|Drizzle|WideGuard,Tailwind,Hurricane,WeatherBall|Modest||F|||50|]Basculegion||LifeOrb|SwiftSwim|PsychicFangs,WaveCrash,AquaJet,LastRespects|Jolly||M|||50|]Charizard||CharizarditeY|SolarPower|HeatWave,ScorchingSands,WeatherBall,Protect|Timid||F|||50|
|inactive|Battle timer is ON: inactive players will automatically lose when time's up. (requested by arby's service)
|
|t:|1784838464
|teamsize|p1|4
|teamsize|p2|4
|start
|switch|p1a: Cynthia|Garchomp, L50, F|100/100
|switch|p1b: Starmie|Starmie, L50, shiny|100/100
|switch|p2a: Sneasler|Sneasler, L50, F, shiny|100/100
|switch|p2b: Froslass|Froslass, L50, F|100/100
|turn|1
|
|t:|1784838483
|switch|p1b: Incineroar|Incineroar, L50, M, shiny|100/100
|-ability|p1b: Incineroar|Intimidate|boost
|-unboost|p2a: Sneasler|atk|1
|-unboost|p2b: Froslass|atk|1
|detailschange|p2b: Froslass|Froslass-Mega, L50, F
|-mega|p2b: Froslass|Froslass|Froslassite
|-weather|Snowscape|[from] ability: Snow Warning|[of] p2b: Froslass
|move|p1a: Cynthia|Protect|p1a: Cynthia
|-singleturn|p1a: Cynthia|Protect
|move|p2a: Sneasler|Fake Out|p1b: Incineroar
|-damage|p1b: Incineroar|92/100
|move|p2b: Froslass|Blizzard|p1b: Incineroar|[spread] p1b
|-activate|p1a: Cynthia|move: Protect
|-resisted|p1b: Incineroar|1
|-damage|p1b: Incineroar|71/100
|
|-weather|Snowscape|[upkeep]
|upkeep
|turn|2
|
|t:|1784838504
|switch|p2a: Basculegion|Basculegion, L50, M|100/100
|switch|p1a: Sinistcha|Sinistcha-Masterpiece, L50|100/100
|-heal|p1b: Incineroar|96/100|[from] ability: Hospitality|[of] p1a: Sinistcha
|move|p2b: Froslass|Blizzard|p1a: Sinistcha|[spread] p1a,p1b
|-supereffective|p1a: Sinistcha|1
|-resisted|p1b: Incineroar|1
|-damage|p1a: Sinistcha|11/100
|-damage|p1b: Incineroar|75/100
|-status|p1b: Incineroar|frz
|-curestatus|p1b: Incineroar|frz|[from] move: Flare Blitz
|move|p1b: Incineroar|Flare Blitz|p2b: Froslass
|-supereffective|p2b: Froslass|1
|-damage|p2b: Froslass|1/100
|-damage|p1b: Incineroar|49/100|[from] Recoil
|-enditem|p1b: Incineroar|Sitrus Berry|[eat]
|-heal|p1b: Incineroar|74/100|[from] item: Sitrus Berry
|
|-weather|Snowscape|[upkeep]
|upkeep
|turn|3
|inactive|arby's service has 30 seconds left.
|
|t:|1784838529
|switch|p1b: Starmie|Starmie, L50, shiny|100/100
|move|p1a: Sinistcha|Protect|p1a: Sinistcha
|-singleturn|p1a: Sinistcha|Protect
|move|p2b: Froslass|Blizzard|p1a: Sinistcha|[spread] p1b
|-activate|p1a: Sinistcha|move: Protect
|-resisted|p1b: Starmie|1
|-damage|p1b: Starmie|66/100
|move|p2a: Basculegion|Wave Crash|p1b: Starmie
|-resisted|p1b: Starmie|1
|-damage|p1b: Starmie|25/100
|-damage|p2a: Basculegion|90/100|[from] Recoil
|-damage|p2a: Basculegion|81/100|[from] item: Life Orb
|
|-weather|Snowscape|[upkeep]
|upkeep
|turn|4
|
|t:|1784838551
|switch|p2b: Pelipper|Pelipper, L50, F|100/100
|-weather|RainDance|[from] ability: Drizzle|[of] p2b: Pelipper
|move|p1b: Starmie|Aqua Jet|p2b: Pelipper
|-resisted|p2b: Pelipper|1
|-damage|p2b: Pelipper|91/100
|move|p2a: Basculegion|Last Respects|p1a: Sinistcha
|-supereffective|p1a: Sinistcha|1
|-damage|p1a: Sinistcha|0 fnt
|faint|p1a: Sinistcha
|-damage|p2a: Basculegion|71/100|[from] item: Life Orb
|
|-weather|RainDance|[upkeep]
|upkeep
|
|t:|1784838561
|switch|p1a: Cynthia|Garchomp, L50, F|100/100
|turn|5
|-activate|p2b: Pelipper|item: Quick Claw
|
|t:|1784838575
|detailschange|p1b: Starmie|Starmie-Mega, L50, shiny
|-mega|p1b: Starmie|Starmie|Starminite
|move|p2b: Pelipper|Tailwind|p2b: Pelipper
|-sidestart|p2: arby's service|move: Tailwind
|move|p2a: Basculegion|Wave Crash|p1a: Cynthia
|-damage|p1a: Cynthia|0 fnt
|faint|p1a: Cynthia
|-damage|p2a: Basculegion|40/100|[from] Recoil
|-damage|p2a: Basculegion|30/100|[from] item: Life Orb
|move|p1b: Starmie|Skill Swap|p1: Cynthia|[notarget]
|-fail|p1b: Starmie
|
|-weather|RainDance|[upkeep]
|upkeep
|
|t:|1784838585
|switch|p1a: Incineroar|Incineroar, L50, M, shiny|74/100
|-ability|p1a: Incineroar|Intimidate|boost
|-unboost|p2a: Basculegion|atk|1
|-unboost|p2b: Pelipper|atk|1
|turn|6
|
|t:|1784838599
|move|p1b: Starmie|Protect|p1b: Starmie
|-singleturn|p1b: Starmie|Protect
|move|p1a: Incineroar|Fake Out|p2b: Pelipper
|-damage|p2b: Pelipper|77/100
|move|p2a: Basculegion|Aqua Jet|p1a: Incineroar
|-supereffective|p1a: Incineroar|1
|-damage|p1a: Incineroar|28/100
|-damage|p2a: Basculegion|20/100y|[from] item: Life Orb
|cant|p2b: Pelipper|flinch
|
|-weather|RainDance|[upkeep]
|upkeep
|turn|7
|
|t:|1784838618
|move|p2a: Basculegion|Aqua Jet|p1a: Incineroar
|-supereffective|p1a: Incineroar|1
|-damage|p1a: Incineroar|0 fnt
|faint|p1a: Incineroar
|-damage|p2a: Basculegion|10/100|[from] item: Life Orb
|move|p1b: Starmie|Self-Destruct|p2b: Pelipper|[spread] p2b
|-immune|p2a: Basculegion
|-damage|p2b: Pelipper|5/100
|faint|p1b: Starmie
|
|win|arby's service
||Masonononon is ready for game 2.
|inactive|arby's service has 30 seconds to confirm battle start!
||arby's service is ready for game 2.
|uhtml|next|Next: Game 2 of 3
|l|☆Masonononon
|player|p1|
