|j|☆aguakatekun
|j|☆d1mo22
|html|aguakatekund1mo22    
|uhtml|bestof|Game 2 of a best-of-3
|t:|1784143889
|gametype|doubles
|player|p1|aguakatekun|li|1149
|player|p2|d1mo22|skier|1163
|gen|9
|tier|[Gen 9 Champions] VGC 2026 Reg M-B (Bo3)
|rated|
|rule|Species Clause: Limit one of each Pokémon
|rule|Item Clause: Limit 1 of each item
|clearpoke
|poke|p1|Samurott-Hisui, L50, F, shiny|
|poke|p1|Aerodactyl, L50, F|
|poke|p1|Incineroar, L50, M, shiny|
|poke|p1|Garchomp, L50, M|
|poke|p1|Gholdengo, L50|
|poke|p1|Mimikyu, L50, M, shiny|
|poke|p2|Raichu, L50, F|
|poke|p2|Gyarados, L50, M, shiny|
|poke|p2|Mamoswine, L50, M|
|poke|p2|Ceruledge, L50, M|
|poke|p2|Sinistcha, L50|
|poke|p2|Kingambit, L50, F, shiny|
|teampreview|4
|showteam|p1|Samurott-Hisui||FocusSash|Sharpness|AquaCutter,CeaselessEdge,SacredSword,SuckerPunch|Adamant||F|||50|]Aerodactyl||Aerodactylite|RockHead|DualWingbeat,IceFang,RockSlide,Tailwind|Jolly||F|||50|]Incineroar||ChopleBerry|Intimidate|FakeOut,FlareBlitz,PartingShot,Assurance|Impish||M|||50|]Garchomp||LifeOrb|RoughSkin|Protect,DragonClaw,StompingTantrum,RockSlide|Jolly||M|||50|]Gholdengo||SitrusBerry|GoodasGold|NastyPlot,MakeItRain,ShadowBall,Protect|Modest|||||50|]Mimikyu||WhiteHerb|Disguise|SwordsDance,TrickRoom,ShadowSneak,PlayRough|Brave||M|||50|
|showteam|p2|Raichu||RaichuniteY|LightningRod|FakeOut,Encore,ZapCannon,FocusBlast|Timid||F|||50|]Gyarados||Gyaradosite|Intimidate|LashOut,Waterfall,DragonDance,Protect|Adamant||M|||50|]Mamoswine||LifeOrb|Oblivious|Protect,IcicleCrash,IceShard,HighHorsepower|Jolly||M|||50|]Ceruledge||ColburBerry|FlashFire|BitterBlade,ShadowSneak,BulkUp,Protect|Adamant||M|||50|]Sinistcha||SitrusBerry|Hospitality|Protect,RagePowder,MatchaGotcha,LifeDew|Bold|||||50|]Kingambit||FocusSash|Defiant|Protect,SuckerPunch,KowtowCleave,IronHead|Adamant||F|||50|
|inactive|Battle timer is ON: inactive players will automatically lose when time's up. (requested by d1mo22)
|inactive|d1mo22 has 60 seconds left.
|
|t:|1784143930
|teamsize|p1|4
|teamsize|p2|4
|start
|switch|p1a: Gholdengo|Gholdengo, L50|100/100
|switch|p1b: Mimikyu|Mimikyu, L50, M, shiny|100/100
|switch|p2a: Raichu|Raichu, L50, F|100/100
|switch|p2b: Mamoswine|Mamoswine, L50, M|100/100
|turn|1
|inactive|d1mo22 has 30 seconds left.
|inactive|d1mo22 has 20 seconds left.
|
|t:|1784143968
|switch|p2a: Kingambit|Kingambit, L50, F, shiny|100/100
|move|p2b: Mamoswine|High Horsepower|p1b: Mimikyu
|-activate|p1b: Mimikyu|ability: Disguise
|-damage|p1b: Mimikyu|100/100
|detailschange|p1b: Mimikyu|Mimikyu-Busted, L50, M, shiny
|-damage|p1b: Mimikyu|87/100|[from] pokemon: Mimikyu-Busted
|-damage|p2b: Mamoswine|90/100|[from] item: Life Orb
|move|p1a: Gholdengo|Nasty Plot|p1a: Gholdengo
|-boost|p1a: Gholdengo|spa|2
|move|p1b: Mimikyu|Trick Room|p1b: Mimikyu
|-fieldstart|move: Trick Room|[of] p1b: Mimikyu
|
|upkeep
|turn|2
|
|t:|1784143991
|switch|p1a: Samurott|Samurott-Hisui, L50, F, shiny|100/100
|switch|p2b: Gyarados|Gyarados, L50, M, shiny|100/100
|-ability|p2b: Gyarados|Intimidate|boost
|-unboost|p1a: Samurott|atk|1
|-unboost|p1b: Mimikyu|atk|1
|-enditem|p1b: Mimikyu|White Herb
|-clearnegativeboost|p1b: Mimikyu|[silent]
|move|p2a: Kingambit|Kowtow Cleave|p1a: Samurott
|-resisted|p1a: Samurott|1
|-damage|p1a: Samurott|65/100
|move|p1b: Mimikyu|Play Rough|p2a: Kingambit
|-crit|p2a: Kingambit
|-damage|p2a: Kingambit|48/100
|
|upkeep
|turn|3
|inactive|aguakatekun has 30 seconds left.
|inactive|d1mo22 has 30 seconds left.
|
|t:|1784144020
|move|p2a: Kingambit|Iron Head|p1b: Mimikyu
|-supereffective|p1b: Mimikyu|1
|-damage|p1b: Mimikyu|0 fnt
|faint|p1b: Mimikyu
|move|p2b: Gyarados|Dragon Dance|p2b: Gyarados
|-boost|p2b: Gyarados|atk|1
|-boost|p2b: Gyarados|spe|1
|move|p1a: Samurott|Sacred Sword|p2b: Gyarados
|-resisted|p2b: Gyarados|1
|-damage|p2b: Gyarados|82/100
|
|upkeep
|
|t:|1784144026
|switch|p1b: Gholdengo|Gholdengo, L50|100/100
|turn|4
|
|t:|1784144051
|move|p1b: Gholdengo|Protect|p1b: Gholdengo
|-singleturn|p1b: Gholdengo|Protect
|move|p2a: Kingambit|Iron Head|p1a: Samurott
|-resisted|p1a: Samurott|1
|-damage|p1a: Samurott|35/100
|move|p1a: Samurott|Sacred Sword|p2a: Kingambit
|-supereffective|p2a: Kingambit|2
|-damage|p2a: Kingambit|0 fnt
|faint|p2a: Kingambit
|move|p2b: Gyarados|Waterfall|p1a: Samurott
|-resisted|p1a: Samurott|1
|-damage|p1a: Samurott|0 fnt
|faint|p1a: Samurott
|
|upkeep
|
|t:|1784144071
|switch|p2a: Raichu|Raichu, L50, F|100/100
|switch|p1a: Aerodactyl|Aerodactyl, L50, F|100/100
|turn|5
|
|t:|1784144090
|detailschange|p2b: Gyarados|Gyarados-Mega, L50, M, shiny
|-mega|p2b: Gyarados|Gyarados|Gyaradosite
|-ability|p2b: Gyarados|Mold Breaker
|detailschange|p1a: Aerodactyl|Aerodactyl-Mega, L50, F
|-mega|p1a: Aerodactyl|Aerodactyl|Aerodactylite
|move|p2a: Raichu|Fake Out|p1a: Aerodactyl
|-resisted|p1a: Aerodactyl|1
|-damage|p1a: Aerodactyl|94/100
|move|p1b: Gholdengo|Shadow Ball|p2b: Gyarados
|-resisted|p2b: Gyarados|1
|-damage|p2b: Gyarados|69/100
|-unboost|p2b: Gyarados|spd|1
|move|p2b: Gyarados|Lash Out|p1b: Gholdengo
|-supereffective|p1b: Gholdengo|1
|-damage|p1b: Gholdengo|0 fnt
|faint|p1b: Gholdengo
|cant|p1a: Aerodactyl|flinch
|
|-fieldend|move: Trick Room
|upkeep
|turn|6
|-message|aguakatekun forfeited.
|
|win|d1mo22
|raw|aguakatekun's rating: 1149 → 1125(-24 for losing)
|raw|d1mo22's rating: 1163 → 1187(+24 for winning)
|l|☆aguakatekun
|player|p1|
