|j|☆myshirtisdirty
|j|☆snailboss
|html|myshirtisdirtysnailboss    
|uhtml|bestof|Game 1 of a best-of-3
|t:|1756609655
|gametype|doubles
|player|p1|myshirtisdirty|170|1078
|player|p2|snailboss|hilda-wonderlauncher|1161
|gen|9
|tier|[Gen 9] VGC 2025 Reg H (Bo3)
|rated|
|rule|Species Clause: Limit one of each Pokémon
|rule|Item Clause: Limit 1 of each item
|clearpoke
|poke|p1|Ceruledge, L50, F|
|poke|p1|Whimsicott, L50, M|
|poke|p1|Sneasler, L50, F|
|poke|p1|Ninetales-Alola, L50, M|
|poke|p1|Rillaboom, L50, M|
|poke|p1|Ursaluna-Bloodmoon, L50, M|
|poke|p2|Zoroark-Hisui, L50, M|
|poke|p2|Tyranitar, L50, F|
|poke|p2|Excadrill, L50, M|
|poke|p2|Indeedee-F, L50, F|
|poke|p2|Gallade, L50, M|
|poke|p2|Talonflame, L50, M|
|teampreview|4
|showteam|p1|Ceruledge||ClearAmulet|FlashFire|BitterBlade,Poltergeist,BulkUp,Protect|||F|||50|,,,,,Bug]Whimsicott||FocusSash|Prankster|Moonblast,WorrySeed,Tailwind,Protect|||M|||50|,,,,,Ghost]Sneasler||GrassySeed|Unburden|CloseCombat,DireClaw,Coaching,Protect|||F|||50|,,,,,Ghost]Ninetales-Alola||CovertCloak|SnowWarning|Howl,Moonblast,Blizzard,AuroraVeil|||M|||50|,,,,,Water]Rillaboom||AssaultVest|GrassySurge|WoodHammer,GrassyGlide,HighHorsepower,FakeOut|||M|||50|,,,,,Fire]Ursaluna-Bloodmoon||LifeOrb|MindsEye|HyperVoice,BloodMoon,EarthPower,Protect|||M|||50|,,,,,Normal
|showteam|p2|Zoroark-Hisui||ChoiceSpecs|Illusion|HyperVoice,Flamethrower,ShadowBall,HyperBeam|||M|||50|,,,,,Normal]Tyranitar||AssaultVest|SandStream|RockSlide,KnockOff,LowKick,TeraBlast|||F|||50|,,,,,Flying]Excadrill||FocusSash|SandRush|IronHead,Protect,SwordsDance,Earthquake|||M|||50|,,,,,Ground]Indeedee-F||SafetyGoggles|PsychicSurge|TrickRoom,FollowMe,Psychic,HelpingHand|||F|||50|,,,,,Fairy]Gallade||ClearAmulet|Sharpness|PsychoCut,TrickRoom,WideGuard,SacredSword|||M|||50|,,,,,Grass]Talonflame||CovertCloak|GaleWings|Tailwind,BraveBird,FlareBlitz,Taunt|||M|||50|,,,,,Grass
|
|t:|1756609692
|teamsize|p1|4
|teamsize|p2|4
|start
|switch|p1a: Whimsicott|Whimsicott, L50, M|100/100
|switch|p1b: Ursaluna|Ursaluna-Bloodmoon, L50, M|100/100
|switch|p2a: Butter|Indeedee-F, L50, F|100/100
|switch|p2b: Alice|Tyranitar, L50, F|100/100
|-weather|Sandstorm|[from] ability: Sand Stream|[of] p2b: Alice
|-fieldstart|move: Psychic Terrain|[from] ability: Psychic Surge|[of] p2a: Butter
|turn|1
|
|t:|1756609752
|-terastallize|p2b: Alice|Flying
|move|p1a: Whimsicott|Moonblast|p2b: Alice
|-damage|p2b: Alice|76/100
|-unboost|p2b: Alice|spa|1
|move|p1b: Ursaluna|Blood Moon|p2a: Butter
|-damage|p2a: Butter|3/100
|-damage|p1b: Ursaluna|91/100|[from] item: Life Orb
|move|p2b: Alice|Tera Blast|p1a: Whimsicott|[anim] Tera Blast Flying
|-supereffective|p1a: Whimsicott
|-enditem|p1a: Whimsicott|Focus Sash
|-damage|p1a: Whimsicott|1/100
|move|p2a: Butter|Trick Room|p2a: Butter
|-fieldstart|move: Trick Room|[of] p2a: Butter
|
|-weather|Sandstorm|[upkeep]
|-damage|p2b: Alice|70/100|[from] Sandstorm
|-damage|p1a: Whimsicott|0 fnt|[from] Sandstorm
|faint|p1a: Whimsicott
|upkeep
|
|t:|1756609781
|switch|p1a: Rillaboom|Rillaboom, L50, M|100/100
|-fieldstart|move: Grassy Terrain|[from] ability: Grassy Surge|[of] p1a: Rillaboom
|turn|2
|
|t:|1756609805
|switch|p2a: Dr. Drills|Excadrill, L50, M|100/100
|-terastallize|p1b: Ursaluna|Normal
|move|p1a: Rillaboom|Fake Out|p2a: Dr. Drills
|-resisted|p2a: Dr. Drills
|-crit|p2a: Dr. Drills
|-damage|p2a: Dr. Drills|86/100
|move|p2b: Alice|Tera Blast|p1a: Rillaboom|[anim] Tera Blast Flying
|-supereffective|p1a: Rillaboom
|-damage|p1a: Rillaboom|18/100
|move|p1b: Ursaluna|Hyper Voice|p2a: Dr. Drills|[spread] p2a,p2b
|-resisted|p2a: Dr. Drills
|-damage|p2a: Dr. Drills|41/100
|-damage|p2b: Alice|26/100
|-damage|p1b: Ursaluna|81/100|[from] item: Life Orb
|
|-weather|Sandstorm|[upkeep]
|-damage|p2b: Alice|20/100|[from] Sandstorm
|-damage|p1b: Ursaluna|76/100|[from] Sandstorm
|-damage|p1a: Rillaboom|12/100|[from] Sandstorm
|-heal|p1b: Ursaluna|81/100|[from] Grassy Terrain
|-heal|p1a: Rillaboom|18/100|[from] Grassy Terrain
|-heal|p2a: Dr. Drills|47/100|[from] Grassy Terrain
|upkeep
|turn|3
|
|t:|1756609868
|move|p1b: Ursaluna|Protect|p1b: Ursaluna
|-singleturn|p1b: Ursaluna|Protect
|move|p2a: Dr. Drills|Protect|p2a: Dr. Drills
|-singleturn|p2a: Dr. Drills|Protect
|move|p1a: Rillaboom|Grassy Glide|p2a: Dr. Drills
|-activate|p2a: Dr. Drills|move: Protect
|move|p2b: Alice|Rock Slide|p1a: Rillaboom|[spread] p1a
|-activate|p1b: Ursaluna|move: Protect
|-damage|p1a: Rillaboom|0 fnt
|faint|p1a: Rillaboom
|
|-weather|Sandstorm|[upkeep]
|-damage|p2b: Alice|14/100|[from] Sandstorm
|-damage|p1b: Ursaluna|76/100|[from] Sandstorm
|-heal|p1b: Ursaluna|81/100|[from] Grassy Terrain
|-heal|p2a: Dr. Drills|53/100|[from] Grassy Terrain
|upkeep
|
|t:|1756609883
|switch|p1a: Sneasler|Sneasler, L50, F|100/100
|-enditem|p1a: Sneasler|Grassy Seed
|-boost|p1a: Sneasler|def|1|[from] item: Grassy Seed
|turn|4
|
|t:|1756609897
|switch|p2a: Butter|Indeedee-F, L50, F|3/100
|-fieldstart|move: Psychic Terrain|[from] ability: Psychic Surge|[of] p2a: Butter
|move|p1a: Sneasler|Protect|p1a: Sneasler
|-singleturn|p1a: Sneasler|Protect
|move|p2b: Alice|Tera Blast|p1a: Sneasler|[anim] Tera Blast Flying
|-activate|p1a: Sneasler|move: Protect
|move|p1b: Ursaluna|Hyper Voice|p2a: Butter|[spread] p2a,p2b
|-damage|p2a: Butter|0 fnt
|-damage|p2b: Alice|0 fnt
|faint|p2a: Butter
|faint|p2b: Alice
|-damage|p1b: Ursaluna|72/100|[from] item: Life Orb
|
|-weather|Sandstorm|[upkeep]
|-damage|p1b: Ursaluna|66/100|[from] Sandstorm
|-damage|p1a: Sneasler|95/100|[from] Sandstorm
|upkeep
|
|t:|1756609903
|switch|p2a: Alistair|Gallade, L50, M|100/100
|switch|p2b: Dr. Drills|Excadrill, L50, M|53/100
|turn|5
|
|t:|1756609933
|move|p2a: Alistair|Psycho Cut|p1a: Sneasler
|-supereffective|p1a: Sneasler
|-damage|p1a: Sneasler|0 fnt
|faint|p1a: Sneasler
|move|p1b: Ursaluna|Blood Moon|p2a: Alistair
|-damage|p2a: Alistair|0 fnt
|faint|p2a: Alistair
|-damage|p1b: Ursaluna|57/100|[from] item: Life Orb
|move|p2b: Dr. Drills|Swords Dance|p2b: Dr. Drills
|-boost|p2b: Dr. Drills|atk|2
|
|-weather|none
|-fieldend|move: Trick Room
|upkeep
|turn|6
|
|t:|1756609951
|move|p1b: Ursaluna|Protect|p1b: Ursaluna
|-singleturn|p1b: Ursaluna|Protect
|move|p2b: Dr. Drills|Earthquake|p1b: Ursaluna
|-activate|p1b: Ursaluna|move: Protect
|
|upkeep
|turn|7
|
|t:|1756609969
|move|p2b: Dr. Drills|Earthquake|p1b: Ursaluna
|-damage|p1b: Ursaluna|0 fnt
|faint|p1b: Ursaluna
|
|win|snailboss
