|j|☆papoilo
|j|☆kassike
|html|papoilokassike    
|uhtml|bestof|Game 1 of a best-of-3
|t:|1785362674
|gametype|doubles
|player|p1|papoilo|fisherman-gen4|1086
|player|p2|kassike|byron|1102
|gen|9
|tier|[Gen 9 Champions] VGC 2026 Reg M-B (Bo3)
|rated|
|rule|Species Clause: Limit one of each Pokémon
|rule|Item Clause: Limit 1 of each item
|clearpoke
|poke|p1|Gardevoir, L50, M|
|poke|p1|Talonflame, L50, M|
|poke|p1|Kingambit, L50, F|
|poke|p1|Basculegion, L50, M|
|poke|p1|Kommo-o, L50, F|
|poke|p1|Maushold, L50|
|poke|p2|Dragonite, L50, M|
|poke|p2|Sneasler, L50, M|
|poke|p2|Glimmora, L50, F|
|poke|p2|Kingambit, L50, M|
|poke|p2|Froslass, L50, F|
|poke|p2|Delphox, L50, F|
|teampreview|4
|showteam|p1|Gardevoir||Gardevoirite|Synchronize|HyperVoice,Psychic,Thunderbolt,Protect|Modest||M|||50|]Talonflame||SharpBeak|GaleWings|DualWingbeat,FlareBlitz,Tailwind,Protect|Jolly||M|||50|]Kingambit||ExpertBelt|Defiant|SuckerPunch,KowtowCleave,IronHead,LowKick|Jolly||F|||50|]Basculegion||ChoiceScarf|Adaptability|WaveCrash,LastRespects,AquaJet,FlipTurn|Jolly||M|||50|]Kommo-o||LifeOrb|Soundproof|ClangingScales,AuraSphere,DracoMeteor,Protect|Modest||F|||50|]Maushold|||FriendGuard|SuperFang,FollowMe,Feint,Protect|Jolly|||||50|
|showteam|p2|Dragonite||Leftovers|Multiscale|Protect,DragonDance,DragonClaw,RockSlide|Adamant||M|||50|]Sneasler||WhiteHerb|Unburden|FakeOut,QuickGuard,DireClaw,CloseCombat|Adamant||M|||50|]Glimmora||FocusSash|ToxicDebris|SpikyShield,PowerGem,SludgeBomb,EarthPower|Modest||F|||50|]Kingambit||BlackGlasses|Defiant|Protect,SwordsDance,KowtowCleave,SuckerPunch|Adamant||M|||50|]Froslass||Froslassite|SnowCloak|Protect,AuroraVeil,Blizzard,ShadowBall|Timid||F|||50|]Delphox||Delphoxite|Blaze|Protect,CalmMind,HeatWave,Psyshock|Timid||F|||50|
|
|t:|1785362780
|teamsize|p1|4
|teamsize|p2|4
|start
|switch|p1a: Talonflame|Talonflame, L50, M|100/100
|switch|p1b: Gardevoir|Gardevoir, L50, M|100/100
|switch|p2a: Dragonite|Dragonite, L50, M|100/100
|switch|p2b: Sneasler|Sneasler, L50, M|100/100
|turn|1
|inactive|Battle timer is ON: inactive players will automatically lose when time's up. (requested by papoilo)
|
|t:|1785362813
|move|p1a: Talonflame|Protect|p1a: Talonflame
|-singleturn|p1a: Talonflame|Protect
|move|p1b: Gardevoir|Protect|p1b: Gardevoir
|-singleturn|p1b: Gardevoir|Protect
|move|p2b: Sneasler|Dire Claw|p1b: Gardevoir
|-activate|p1b: Gardevoir|move: Protect
|move|p2a: Dragonite|Rock Slide|p1b: Gardevoir|[spread] 
|-activate|p1a: Talonflame|move: Protect
|-activate|p1b: Gardevoir|move: Protect
|
|upkeep
|turn|2
|inactive|papoilo has 30 seconds left.
|
|t:|1785362843
|detailschange|p1b: Gardevoir|Gardevoir-Mega, L50, M
|-mega|p1b: Gardevoir|Gardevoir|Gardevoirite
|move|p2b: Sneasler|Quick Guard|p2b: Sneasler
|-singleturn|p2b: Sneasler|Quick Guard
|move|p1a: Talonflame|Tailwind|p1a: Talonflame
|-sidestart|p1: papoilo|move: Tailwind
|move|p1b: Gardevoir|Psychic|p2b: Sneasler
|-supereffective|p2b: Sneasler|2
|-damage|p2b: Sneasler|0 fnt
|faint|p2b: Sneasler
|move|p2a: Dragonite|Rock Slide|p1b: Gardevoir|[spread] p1a,p1b
|-supereffective|p1a: Talonflame|2
|-damage|p1a: Talonflame|0 fnt
|-damage|p1b: Gardevoir|68/100
|faint|p1a: Talonflame
|
|upkeep
|
|t:|1785362858
|switch|p1a: Kommo-o|Kommo-o, L50, F|100/100
|switch|p2b: Delphox|Delphox, L50, F|100/100
|turn|3
|
|t:|1785362869
|move|p2b: Delphox|Protect|p2b: Delphox
|-singleturn|p2b: Delphox|Protect
|move|p2a: Dragonite|Protect|p2a: Dragonite
|-singleturn|p2a: Dragonite|Protect
|move|p1b: Gardevoir|Hyper Voice|p2b: Delphox|[spread] 
|-activate|p2a: Dragonite|move: Protect
|-activate|p2b: Delphox|move: Protect
|move|p1a: Kommo-o|Draco Meteor|p2b: Delphox
|-activate|p2b: Delphox|move: Protect
|
|upkeep
|turn|4
|
|t:|1785362884
|switch|p2b: Kingambit|Kingambit, L50, M|100/100
|move|p1b: Gardevoir|Hyper Voice|p2b: Kingambit|[spread] p2a,p2b
|-supereffective|p2a: Dragonite|1
|-damage|p2a: Dragonite|54/100
|-damage|p2b: Kingambit|48/100
|move|p1a: Kommo-o|Clanging Scales|p2b: Kingambit|[spread] p2a,p2b
|-supereffective|p2a: Dragonite|1
|-resisted|p2b: Kingambit|1
|-damage|p2a: Dragonite|0 fnt
|-damage|p2b: Kingambit|23/100
|faint|p2a: Dragonite
|-unboost|p1a: Kommo-o|def|1
|-damage|p1a: Kommo-o|90/100|[from] item: Life Orb
|
|upkeep
|
|t:|1785362896
|switch|p2a: Delphox|Delphox, L50, F|100/100
|turn|5
|
|t:|1785362903
|move|p2a: Delphox|Protect|p2a: Delphox
|-singleturn|p2a: Delphox|Protect
|move|p2b: Kingambit|Protect|p2b: Kingambit
|-singleturn|p2b: Kingambit|Protect
|move|p1b: Gardevoir|Hyper Voice|p2a: Delphox|[spread] 
|-activate|p2a: Delphox|move: Protect
|-activate|p2b: Kingambit|move: Protect
|move|p1a: Kommo-o|Clanging Scales|p2b: Kingambit|[spread] 
|-activate|p2a: Delphox|move: Protect
|-activate|p2b: Kingambit|move: Protect
|
|-sideend|p1: papoilo|move: Tailwind
|upkeep
|turn|6
|
|t:|1785362919
|detailschange|p2a: Delphox|Delphox-Mega, L50, F
|-mega|p2a: Delphox|Delphox|Delphoxite
|move|p2b: Kingambit|Sucker Punch|p1b: Gardevoir
|-damage|p1b: Gardevoir|0 fnt
|faint|p1b: Gardevoir
|move|p2a: Delphox|Psyshock|p1a: Kommo-o
|-supereffective|p1a: Kommo-o|1
|-damage|p1a: Kommo-o|0 fnt
|faint|p1a: Kommo-o
|
|upkeep
|
|t:|1785362928
|switch|p1a: Basculegion|Basculegion, L50, M|100/100
|turn|7
|
|t:|1785362934
|move|p1a: Basculegion|Aqua Jet|p2b: Kingambit
|-damage|p2b: Kingambit|8/100
|move|p2b: Kingambit|Sucker Punch||[still]
|-fail|p2b: Kingambit
|move|p2a: Delphox|Psyshock|p1a: Basculegion
|-damage|p1a: Basculegion|47/100
|
|upkeep
|turn|8
|
|t:|1785362944
|move|p1a: Basculegion|Aqua Jet|p2a: Delphox
|-supereffective|p2a: Delphox|1
|-damage|p2a: Delphox|31/100
|move|p2a: Delphox|Psyshock|p1a: Basculegion
|-crit|p1a: Basculegion
|-damage|p1a: Basculegion|0 fnt
|faint|p1a: Basculegion
|
|win|kassike
||papoilo is ready for game 2.
