|j|☆johnilbello
|j|☆riegeljr
|html|johnilbelloriegeljr    
|uhtml|bestof|Game 1 of a best-of-3
|t:|1757927227
|gametype|doubles
|player|p1|johnilbello|alder|1054
|player|p2|riegeljr|boarder|1122
|gen|9
|tier|[Gen 9] VGC 2025 Reg H (Bo3)
|rated|
|rule|Species Clause: Limit one of each Pokémon
|rule|Item Clause: Limit 1 of each item
|clearpoke
|poke|p1|Ursaluna-Bloodmoon, L50, M|
|poke|p1|Electabuzz, L50, M|
|poke|p1|Sneasler, L50, F|
|poke|p1|Rillaboom, L50, M|
|poke|p1|Kingambit, L50, M|
|poke|p1|Dragonite, L50, F|
|poke|p2|Primarina, L50, F|
|poke|p2|Volcarona, L50, F|
|poke|p2|Baxcalibur, L50, F|
|poke|p2|Incineroar, L50, F|
|poke|p2|Rillaboom, L50, F|
|poke|p2|Zoroark-Hisui, L50, F|
|teampreview|4
|showteam|p1|Ursaluna-Bloodmoon||LifeOrb|MindsEye|Protect,BloodMoon,HyperVoice,EarthPower|||M|||50|,,,,,Normal]Electabuzz||Eviolite|VitalSpirit|Protect,Electroweb,Taunt,FollowMe|||M|||50|,,,,,Dragon]Sneasler||GrassySeed|Unburden|Protect,DireClaw,FakeOut,CloseCombat|||F|||50|,,,,,Stellar]Rillaboom||AssaultVest|GrassySurge|FakeOut,WoodHammer,GrassyGlide,HighHorsepower|||M|||50|,,,,,Fire]Kingambit||SafetyGoggles|Defiant|Protect,KowtowCleave,SuckerPunch,SwordsDance|||M|||50|,,,,,Dark]Dragonite||LoadedDice|Multiscale|ScaleShot,Tailwind,Haze,Protect|||F|||50|,,,,,Fairy
|showteam|p2|Primarina||SitrusBerry|LiquidVoice|HyperVoice,Moonblast,Haze,Protect|||F|||50|,,,,,Poison]Volcarona||GrassySeed|FlameBody|HeatWave,GigaDrain,QuiverDance,Protect|||F|||50|,,,,,Grass]Baxcalibur||LoadedDice|ThermalExchange|IcicleSpear,IceShard,ScaleShot,Protect|||F|||50|,,,,,Fire]Incineroar||SafetyGoggles|Intimidate|FakeOut,KnockOff,FlareBlitz,PartingShot|||F|||50|,,,,,Ghost]Rillaboom||AssaultVest|GrassySurge|FakeOut,WoodHammer,HighHorsepower,Uturn|||F|||50|,,,,,Ground]Zoroark-Hisui||FocusSash|Illusion|TeraBlast,ShadowBall,Taunt,Protect|||F|||50|,,,,,Fighting
|inactive|Battle timer is ON: inactive players will automatically lose when time's up. (requested by riegeljr)
|inactive|johnilbello has 60 seconds left.
|inactive|riegeljr has 60 seconds left.
|inactive|riegeljr has 30 seconds left.
|inactive|riegeljr has 20 seconds left.
|
|t:|1757927298
|teamsize|p1|4
|teamsize|p2|4
|start
|switch|p1a: Electabuzz|Electabuzz, L50, M|100/100
|switch|p1b: Kingambit|Kingambit, L50, M|100/100
|switch|p2a: Spicy Omot|Volcarona, L50, F|100/100
|switch|p2b: Lemmy|Rillaboom, L50, F|100/100
|-fieldstart|move: Grassy Terrain|[from] ability: Grassy Surge|[of] p2b: Lemmy
|-enditem|p2a: Spicy Omot|Grassy Seed
|-boost|p2a: Spicy Omot|def|1|[from] item: Grassy Seed
|turn|1
|
|t:|1757927320
|move|p2b: Lemmy|Fake Out|p1a: Electabuzz
|-damage|p1a: Electabuzz|87/100
|cant|p1a: Electabuzz|flinch
|move|p2a: Spicy Omot|Quiver Dance|p2a: Spicy Omot
|-boost|p2a: Spicy Omot|spa|1
|-boost|p2a: Spicy Omot|spd|1
|-boost|p2a: Spicy Omot|spe|1
|move|p1b: Kingambit|Swords Dance|p1b: Kingambit
|-boost|p1b: Kingambit|atk|2
|
|-heal|p1a: Electabuzz|93/100|[from] Grassy Terrain
|upkeep
|turn|2
|inactive|johnilbello has 30 seconds left.
|inactive|riegeljr has 30 seconds left.
|
|t:|1757927350
|-terastallize|p1b: Kingambit|Dark
|move|p2a: Spicy Omot|Heat Wave|p1a: Electabuzz|[spread] p1b
|-miss|p2a: Spicy Omot|p1a: Electabuzz
|-damage|p1b: Kingambit|45/100
|move|p1a: Electabuzz|Electroweb|p2a: Spicy Omot|[spread] p2a,p2b
|-resisted|p2b: Lemmy
|-damage|p2a: Spicy Omot|92/100
|-damage|p2b: Lemmy|96/100
|-unboost|p2a: Spicy Omot|spe|1
|-unboost|p2b: Lemmy|spe|1
|move|p2b: Lemmy|U-turn|p1b: Kingambit
|-supereffective|p1b: Kingambit
|-damage|p1b: Kingambit|7/100
|
|t:|1757927363
|switch|p2b: Versingetrix|Baxcalibur, L50, F|100/100|[from] U-turn
|move|p1b: Kingambit|Kowtow Cleave|p2b: Versingetrix
|-damage|p2b: Versingetrix|0 fnt
|faint|p2b: Versingetrix
|
|-heal|p1a: Electabuzz|99/100|[from] Grassy Terrain
|-heal|p2a: Spicy Omot|98/100|[from] Grassy Terrain
|-heal|p1b: Kingambit|13/100|[from] Grassy Terrain
|upkeep
|
|t:|1757927374
|switch|p2b: Lemmy|Rillaboom, L50, F|96/100
|turn|3
|
|t:|1757927398
|move|p2b: Lemmy|Fake Out|p1b: Kingambit
|-damage|p1b: Kingambit|2/100
|cant|p1b: Kingambit|flinch
|move|p1a: Electabuzz|Taunt|p2a: Spicy Omot
|-start|p2a: Spicy Omot|move: Taunt
|cant|p2a: Spicy Omot|move: Taunt|Quiver Dance
|
|-heal|p1a: Electabuzz|100/100|[from] Grassy Terrain
|-heal|p2a: Spicy Omot|100/100|[from] Grassy Terrain
|-heal|p2b: Lemmy|100/100|[from] Grassy Terrain
|-heal|p1b: Kingambit|8/100|[from] Grassy Terrain
|upkeep
|turn|4
|
|t:|1757927420
|switch|p2a: Jori En|Primarina, L50, F|100/100
|move|p1b: Kingambit|Protect|p1b: Kingambit
|-singleturn|p1b: Kingambit|Protect
|move|p1a: Electabuzz|Electroweb|p2a: Jori En|[spread] p2a,p2b
|-supereffective|p2a: Jori En
|-resisted|p2b: Lemmy
|-damage|p2a: Jori En|77/100
|-damage|p2b: Lemmy|96/100
|-unboost|p2a: Jori En|spe|1
|-unboost|p2b: Lemmy|spe|1
|move|p2b: Lemmy|U-turn|p1b: Kingambit
|-activate|p1b: Kingambit|move: Protect
|
|-heal|p2b: Lemmy|100/100|[from] Grassy Terrain
|-heal|p1b: Kingambit|14/100|[from] Grassy Terrain
|-heal|p2a: Jori En|83/100|[from] Grassy Terrain
|upkeep
|turn|5
|inactive|riegeljr has 30 seconds left.
|inactive|johnilbello has 30 seconds left.
|
|t:|1757927450
|switch|p2a: Spicy Omot|Volcarona, L50, F|100/100
|move|p1b: Kingambit|Sucker Punch||[still]
|-fail|p1b: Kingambit
|move|p1a: Electabuzz|Electroweb|p2a: Spicy Omot|[spread] p2a,p2b
|-resisted|p2b: Lemmy
|-damage|p2a: Spicy Omot|87/100
|-damage|p2b: Lemmy|95/100
|-unboost|p2a: Spicy Omot|spe|1
|-unboost|p2b: Lemmy|spe|1
|move|p2b: Lemmy|U-turn|p1b: Kingambit
|-supereffective|p1b: Kingambit
|-damage|p1b: Kingambit|0 fnt
|faint|p1b: Kingambit
|
|t:|1757927463
|switch|p2b: Jori En|Primarina, L50, F|83/100|[from] U-turn
|
|-heal|p2a: Spicy Omot|94/100|[from] Grassy Terrain
|-heal|p2b: Jori En|89/100|[from] Grassy Terrain
|-fieldend|move: Grassy Terrain
|upkeep
|
|t:|1757927468
|switch|p1b: Ursaluna|Ursaluna-Bloodmoon, L50, M|100/100
|turn|6
|inactive|johnilbello has 30 seconds left.
|
|t:|1757927500
|move|p2a: Spicy Omot|Protect|p2a: Spicy Omot
|-singleturn|p2a: Spicy Omot|Protect
|move|p2b: Jori En|Protect|p2b: Jori En
|-singleturn|p2b: Jori En|Protect
|move|p1a: Electabuzz|Taunt|p2a: Spicy Omot
|-activate|p2a: Spicy Omot|move: Protect
|move|p1b: Ursaluna|Blood Moon|p2b: Jori En
|-activate|p2b: Jori En|move: Protect
|
|upkeep
|turn|7
|inactive|riegeljr has 30 seconds left.
|
|t:|1757927531
|switch|p2a: Lemmy|Rillaboom, L50, F|95/100
|-fieldstart|move: Grassy Terrain|[from] ability: Grassy Surge|[of] p2a: Lemmy
|move|p1b: Ursaluna|Protect|p1b: Ursaluna
|-singleturn|p1b: Ursaluna|Protect
|move|p1a: Electabuzz|Electroweb|p2a: Lemmy|[spread] p2a
|-miss|p1a: Electabuzz|p2b: Jori En
|-resisted|p2a: Lemmy
|-damage|p2a: Lemmy|91/100
|-unboost|p2a: Lemmy|spe|1
|move|p2b: Jori En|Hyper Voice|p1a: Electabuzz|[spread] p1a
|-activate|p1b: Ursaluna|move: Protect
|-damage|p1a: Electabuzz|75/100
|
|-heal|p1a: Electabuzz|81/100|[from] Grassy Terrain
|-heal|p2a: Lemmy|97/100|[from] Grassy Terrain
|-heal|p2b: Jori En|95/100|[from] Grassy Terrain
|upkeep
|turn|8
|inactive|johnilbello has 30 seconds left.
|inactive|riegeljr has 30 seconds left.
|
|t:|1757927559
|move|p2a: Lemmy|Fake Out|p1b: Ursaluna
|-damage|p1b: Ursaluna|91/100
|move|p1a: Electabuzz|Follow Me|p1a: Electabuzz
|-singleturn|p1a: Electabuzz|move: Follow Me
|move|p2b: Jori En|Hyper Voice|p1b: Ursaluna|[spread] p1a,p1b
|-supereffective|p1b: Ursaluna
|-damage|p1a: Electabuzz|53/100
|-damage|p1b: Ursaluna|16/100
|cant|p1b: Ursaluna|flinch
|
|-heal|p1a: Electabuzz|58/100|[from] Grassy Terrain
|-heal|p2a: Lemmy|100/100|[from] Grassy Terrain
|-heal|p2b: Jori En|100/100|[from] Grassy Terrain
|-heal|p1b: Ursaluna|22/100|[from] Grassy Terrain
|upkeep
|turn|9
|inactive|johnilbello has 30 seconds left.
|inactive|riegeljr has 30 seconds left.
|inactive|johnilbello has 20 seconds left.
|
|t:|1757927596
|switch|p1b: Dragonite|Dragonite, L50, F|100/100
|move|p2b: Jori En|Protect|p2b: Jori En
|-singleturn|p2b: Jori En|Protect
|move|p1a: Electabuzz|Electroweb|p2a: Lemmy|[spread] p2a
|-activate|p2b: Jori En|move: Protect
|-resisted|p2a: Lemmy
|-damage|p2a: Lemmy|95/100
|-unboost|p2a: Lemmy|spe|1
|move|p2a: Lemmy|High Horsepower|p1b: Dragonite
|-immune|p1b: Dragonite
|
|-heal|p1a: Electabuzz|64/100|[from] Grassy Terrain
|-heal|p2a: Lemmy|100/100|[from] Grassy Terrain
|upkeep
|turn|10
|inactive|riegeljr has 30 seconds left.
|
|t:|1757927622
|-terastallize|p2a: Lemmy|Ground
|move|p1a: Electabuzz|Follow Me|p1a: Electabuzz
|-singleturn|p1a: Electabuzz|move: Follow Me
|move|p1b: Dragonite|Scale Shot|p2a: Lemmy
|-damage|p2a: Lemmy|86/100
|-damage|p2a: Lemmy|72/100
|-damage|p2a: Lemmy|58/100
|-damage|p2a: Lemmy|42/100
|-hitcount|p2a: Lemmy|4
|-unboost|p1b: Dragonite|def|1
|-boost|p1b: Dragonite|spe|1
|move|p2b: Jori En|Moonblast|p1a: Electabuzz
|-damage|p1a: Electabuzz|29/100
|-unboost|p1a: Electabuzz|spa|1
|move|p2a: Lemmy|High Horsepower|p1a: Electabuzz
|-supereffective|p1a: Electabuzz
|-damage|p1a: Electabuzz|0 fnt
|faint|p1a: Electabuzz
|
|-heal|p2a: Lemmy|48/100|[from] Grassy Terrain
|upkeep
|
|t:|1757927642
|switch|p1a: Ursaluna|Ursaluna-Bloodmoon, L50, M|22/100
|turn|11
|
|t:|1757927652
|move|p2b: Jori En|Protect|p2b: Jori En
|-singleturn|p2b: Jori En|Protect
|move|p1b: Dragonite|Tailwind|p1b: Dragonite
|-sidestart|p1: johnilbello|move: Tailwind
|move|p1a: Ursaluna|Blood Moon|p2b: Jori En
|-activate|p2b: Jori En|move: Protect
|move|p2a: Lemmy|Wood Hammer|p1a: Ursaluna
|-supereffective|p1a: Ursaluna
|-damage|p1a: Ursaluna|0 fnt
|faint|p1a: Ursaluna
|-damage|p2a: Lemmy|41/100|[from] Recoil
|
|-heal|p2a: Lemmy|47/100|[from] Grassy Terrain
|-fieldend|move: Grassy Terrain
|upkeep
|turn|12
|-message|johnilbello forfeited.
|
|win|riegeljr
|l|☆johnilbello
|player|p1|
||johnilbello is ready for game 2.
