|j|☆KodeBeast0526
|j|☆LyricSum
|html|KodeBeast0526LyricSum    
|uhtml|bestof|Game 2 of a best-of-3
|t:|1784320459
|gametype|doubles
|player|p1|KodeBeast0526|hiker|1245
|player|p2|LyricSum|veteran|1243
|gen|9
|tier|[Gen 9 Champions] VGC 2026 Reg M-B (Bo3)
|rated|
|rule|Species Clause: Limit one of each Pokémon
|rule|Item Clause: Limit 1 of each item
|clearpoke
|poke|p1|Aerodactyl, L50, M|
|poke|p1|Kingambit, L50, M|
|poke|p1|Sylveon, L50, M|
|poke|p1|Garchomp, L50, M|
|poke|p1|Charizard, L50, M|
|poke|p1|Incineroar, L50, M|
|poke|p2|Talonflame, L50, F|
|poke|p2|Glimmora, L50, M|
|poke|p2|Venusaur, L50, M|
|poke|p2|Garchomp, L50, F|
|poke|p2|Raichu, L50, M|
|poke|p2|Basculegion, L50, M|
|teampreview|4
|showteam|p1|Aerodactyl||Aerodactylite|Unnerve|RockSlide,IceFang,Tailwind,WideGuard|Jolly||M|||50|]Kingambit||FocusSash|Defiant|KowtowCleave,SuckerPunch,IronHead,Protect|Adamant||M|||50|]Sylveon||FairyFeather|Pixilate|Detect,HyperVoice,HyperBeam,QuickAttack|Modest||M|||50|]Garchomp||LifeOrb|RoughSkin|Earthquake,DragonClaw,StompingTantrum,Protect|Jolly||M|||50|]Charizard||CharizarditeY|Blaze|Protect,HeatWave,SolarBeam,WeatherBall|Modest||M|||50|]Incineroar||SitrusBerry|Intimidate|DarkestLariat,FlareBlitz,FakeOut,PartingShot|Impish||M|||50|
|showteam|p2|Talonflame||SharpBeak|GaleWings|Tailwind,DualWingbeat,FlareBlitz,QuickGuard|Jolly||F|||50|]Glimmora||FocusSash|ToxicDebris|SludgeBomb,PowerGem,EarthPower,SpikyShield|Timid||M|||50|]Venusaur||Venusaurite|Chlorophyll|GigaDrain,SludgeBomb,LeechSeed,Protect|Modest||M|||50|]Garchomp||LifeOrb|RoughSkin|DragonClaw,StompingTantrum,RockSlide,Protect|Jolly||F|||50|]Raichu||RaichuniteY|LightningRod|FakeOut,ZapCannon,FocusBlast,Protect|Timid||M|||50|]Basculegion||ChoiceScarf|Adaptability|FlipTurn,WaveCrash,LastRespects,AquaJet|Jolly||M|||50|
|inactive|Battle timer is ON: inactive players will automatically lose when time's up. (requested by LyricSum)
|inactive|KodeBeast0526 has 60 seconds left.
|inactive|LyricSum has 60 seconds left.
|inactive|KodeBeast0526 has 30 seconds left.
|inactive|KodeBeast0526 has 20 seconds left.
|
|t:|1784320531
|teamsize|p1|4
|teamsize|p2|4
|start
|switch|p1a: Garchomp|Garchomp, L50, M|100/100
|switch|p1b: Aerodactyl|Aerodactyl, L50, M|100/100
|switch|p2a: Raichu|Raichu, L50, M|100/100
|switch|p2b: Basculegion|Basculegion, L50, M|100/100
|-ability|p1b: Aerodactyl|Unnerve
|turn|1
|
|t:|1784320546
|switch|p1b: Incineroar|Incineroar, L50, M|100/100
|-ability|p1b: Incineroar|Intimidate|boost
|-unboost|p2a: Raichu|atk|1
|-unboost|p2b: Basculegion|atk|1
|detailschange|p2a: Raichu|Raichu-Mega-Y, L50, M
|-mega|p2a: Raichu|Raichu|Raichunite Y
|move|p2a: Raichu|Fake Out|p1a: Garchomp
|-damage|p1a: Garchomp|94/100
|-damage|p2a: Raichu|87/100|[from] ability: Rough Skin|[of] p1a: Garchomp
|move|p2b: Basculegion|Flip Turn|p1b: Incineroar
|-supereffective|p1b: Incineroar|1
|-damage|p1b: Incineroar|64/100
|
|t:|1784320550
|switch|p2b: Talonflame|Talonflame, L50, F|100/100|[from] Flip Turn
|cant|p1a: Garchomp|flinch
|
|upkeep
|turn|2
|
|t:|1784320565
|switch|p2b: Garchomp|Garchomp, L50, F|100/100
|move|p1b: Incineroar|Fake Out|p2a: Raichu
|-damage|p2a: Raichu|70/100
|cant|p2a: Raichu|flinch
|move|p1a: Garchomp|Earthquake|p2b: Garchomp|[spread] p1b,p2a,p2b
|-supereffective|p1b: Incineroar|1
|-supereffective|p2a: Raichu|1
|-crit|p2a: Raichu
|-damage|p1b: Incineroar|0 fnt
|-damage|p2a: Raichu|0 fnt
|-damage|p2b: Garchomp|52/100
|faint|p1b: Incineroar
|faint|p2a: Raichu
|-damage|p1a: Garchomp|84/100|[from] item: Life Orb
|
|upkeep
|
|t:|1784320576
|switch|p2a: Talonflame|Talonflame, L50, F|100/100
|switch|p1b: Aerodactyl|Aerodactyl, L50, M|100/100
|-ability|p1b: Aerodactyl|Unnerve
|turn|3
|
|t:|1784320586
|detailschange|p1b: Aerodactyl|Aerodactyl-Mega, L50, M
|-mega|p1b: Aerodactyl|Aerodactyl|Aerodactylite
|move|p2a: Talonflame|Dual Wingbeat|p1b: Aerodactyl
|-resisted|p1b: Aerodactyl|1
|-damage|p1b: Aerodactyl|90/100
|-resisted|p1b: Aerodactyl|1
|-damage|p1b: Aerodactyl|81/100
|-hitcount|p1b: Aerodactyl|2
|move|p1b: Aerodactyl|Rock Slide|p2a: Talonflame|[spread] p2a,p2b
|-supereffective|p2a: Talonflame|2
|-resisted|p2b: Garchomp|1
|-damage|p2a: Talonflame|0 fnt
|-damage|p2b: Garchomp|40/100
|faint|p2a: Talonflame
|cant|p2b: Garchomp|flinch
|move|p1a: Garchomp|Dragon Claw|p2b: Garchomp
|-supereffective|p2b: Garchomp|1
|-damage|p2b: Garchomp|0 fnt
|-damage|p1a: Garchomp|72/100|[from] ability: Rough Skin|[of] p2b: Garchomp
|faint|p2b: Garchomp
|-damage|p1a: Garchomp|62/100|[from] item: Life Orb
|
|upkeep
|
|t:|1784320595
|switch|p2b: Basculegion|Basculegion, L50, M|100/100
|turn|4
|
|t:|1784320612
|move|p2b: Basculegion|Last Respects|p1a: Garchomp
|-damage|p1a: Garchomp|0 fnt
|faint|p1a: Garchomp
|move|p1b: Aerodactyl|Rock Slide|p2b: Basculegion
|-damage|p2b: Basculegion|52/100
|
|upkeep
|
|t:|1784320614
|switch|p1a: Sylveon|Sylveon, L50, M|100/100
|turn|5
|
|t:|1784320631
|move|p2b: Basculegion|Last Respects|p1a: Sylveon
|-damage|p1a: Sylveon|0 fnt
|faint|p1a: Sylveon
|move|p1b: Aerodactyl|Rock Slide|p2b: Basculegion
|-damage|p2b: Basculegion|5/100
|
|upkeep
|turn|6
|
|t:|1784320638
|move|p2b: Basculegion|Last Respects|p1b: Aerodactyl
|-damage|p1b: Aerodactyl|0 fnt
|faint|p1b: Aerodactyl
|
|win|LyricSum
|raw|KodeBeast0526's rating: 1245 → 1220(-25 for losing)
|raw|LyricSum's rating: 1243 → 1268(+25 for winning)
