|j|☆Zaviden
|j|☆PixelJaguar
|html|ZavidenPixelJaguar    
|uhtml|bestof|Game 1 of a best-of-3
|t:|1785766038
|gametype|doubles
|player|p1|Zaviden|266|1072
|player|p2|PixelJaguar|brycen|1136
|gen|9
|tier|[Gen 9 Champions] VGC 2026 Reg M-B (Bo3)
|rated|
|rule|Species Clause: Limit one of each Pokémon
|rule|Item Clause: Limit 1 of each item
|clearpoke
|poke|p1|Banette, L50, M|
|poke|p1|Sinistcha-Masterpiece, L50|
|poke|p1|Toxapex, L50, M|
|poke|p1|Mamoswine, L50, M|
|poke|p1|Aerodactyl, L50, F|
|poke|p1|Vivillon-Pokeball, L50, M|
|poke|p2|Staraptor, L50, M|
|poke|p2|Metagross, L50|
|poke|p2|Farigiraf, L50, M|
|poke|p2|Whimsicott, L50, F|
|poke|p2|Garchomp, L50, M|
|poke|p2|Ceruledge, L50, M|
|teampreview|4
|showteam|p1|Banette||Banettite|CursedBody|SwordsDance,ShadowSneak,Protect,DestinyBond|Adamant||M|||50|]Sinistcha-Masterpiece||SitrusBerry|Hospitality|MatchaGotcha,RagePowder,Protect,LifeDew|Bold|||||50|]Toxapex||Leftovers|Regenerator|BanefulBunker,Infestation,Recover,Toxic|Bold||M|||50|]Mamoswine||ChoiceScarf|Oblivious|Earthquake,IcicleCrash,IceShard,HighHorsepower|Jolly||M|||50|]Aerodactyl||Aerodactylite|RockHead|RockSlide,Crunch,DualWingbeat,Tailwind|Jolly||F|||50|]Vivillon-Pokeball||FocusSash|CompoundEyes|SleepPowder,PollenPuff,Tailwind,Protect|Timid||M|||50|
|showteam|p2|Staraptor||Staraptite|Intimidate|CloseCombat,BraveBird,Protect,Roost|Jolly||M|||50|]Metagross||Metagrossite|ClearBody|Protect,IronHead,PsychicFangs,StompingTantrum|Adamant|||||50|]Farigiraf||SitrusBerry|ArmorTail|HelpingHand,Psychic,Thunderbolt,TrickRoom|Calm||M|||50|]Whimsicott||FocusSash|Prankster|Moonblast,Tailwind,Charm,Encore|Timid||F|||50|]Garchomp||LifeOrb|RoughSkin|Protect,StompingTantrum,RockSlide,DragonClaw|Jolly||M|||50|]Ceruledge||ColburBerry|FlashFire|Protect,ShadowSneak,BulkUp,BitterBlade|Adamant||M|||50|
|
|t:|1785766087
|teamsize|p1|4
|teamsize|p2|4
|start
|switch|p1a: Banette|Banette, L50, M|100/100
|switch|p1b: Vivillon|Vivillon-Pokeball, L50, M|100/100
|switch|p2a: Ceruledge|Ceruledge, L50, M|100/100
|switch|p2b: Farigiraf|Farigiraf, L50, M|100/100
|turn|1
|
|t:|1785766108
|detailschange|p1a: Banette|Banette-Mega, L50, M
|-mega|p1a: Banette|Banette|Banettite
|move|p1a: Banette|Swords Dance|p1a: Banette
|-boost|p1a: Banette|atk|2
|move|p1b: Vivillon|Sleep Powder|p2a: Ceruledge
|-status|p2a: Ceruledge|slp|[from] move: Sleep Powder
|cant|p2a: Ceruledge|slp
|move|p2b: Farigiraf|Thunderbolt|p1b: Vivillon
|-supereffective|p1b: Vivillon|1
|-damage|p1b: Vivillon|7/100
|
|upkeep
|turn|2
|
|t:|1785766126
|move|p1b: Vivillon|Protect|p1b: Vivillon
|-singleturn|p1b: Vivillon|Protect
|-curestatus|p2a: Ceruledge|slp|[msg]
|move|p2a: Ceruledge|Shadow Sneak|p1b: Vivillon
|-activate|p1b: Vivillon|move: Protect
|move|p1a: Banette|Shadow Sneak||[still]
|cant|p2b: Farigiraf|ability: Armor Tail|Shadow Sneak|[of] p1a: Banette
|move|p2b: Farigiraf|Thunderbolt|p1b: Vivillon
|-activate|p1b: Vivillon|move: Protect
|
|upkeep
|turn|3
|
|t:|1785766153
|switch|p1b: Mamoswine|Mamoswine, L50, M|100/100
|move|p2a: Ceruledge|Shadow Sneak|p1a: Banette
|-supereffective|p1a: Banette|1
|-damage|p1a: Banette|46/100
|move|p1a: Banette|Swords Dance|p1a: Banette
|-boost|p1a: Banette|atk|2
|move|p2b: Farigiraf|Thunderbolt|p1b: Mamoswine
|-immune|p1b: Mamoswine
|
|upkeep
|turn|4
|
|t:|1785766169
|move|p2a: Ceruledge|Shadow Sneak|p1a: Banette
|-supereffective|p1a: Banette|1
|-damage|p1a: Banette|0 fnt
|faint|p1a: Banette
|move|p1b: Mamoswine|High Horsepower|p2b: Farigiraf
|-damage|p2b: Farigiraf|53/100
|move|p2b: Farigiraf|Psychic|p1b: Mamoswine
|-damage|p1b: Mamoswine|55/100
|
|upkeep
|
|t:|1785766179
|switch|p1a: Sinistcha|Sinistcha-Masterpiece, L50|100/100
|-heal|p1b: Mamoswine|79/100|[from] ability: Hospitality|[of] p1a: Sinistcha
|turn|5
|
|t:|1785766189
|move|p2a: Ceruledge|Shadow Sneak|p1a: Sinistcha
|-supereffective|p1a: Sinistcha|1
|-damage|p1a: Sinistcha|65/100
|move|p1b: Mamoswine|High Horsepower|p2a: Ceruledge
|-supereffective|p2a: Ceruledge|1
|-damage|p2a: Ceruledge|0 fnt
|faint|p2a: Ceruledge
|move|p1a: Sinistcha|Matcha Gotcha|p2b: Farigiraf
|-damage|p2b: Farigiraf|26/100
|-heal|p1a: Sinistcha|81/100|[from] drain|[of] p2b: Farigiraf
|-enditem|p2b: Farigiraf|Sitrus Berry|[eat]
|-heal|p2b: Farigiraf|51/100|[from] item: Sitrus Berry
|move|p2b: Farigiraf|Psychic|p1b: Mamoswine
|-damage|p1b: Mamoswine|28/100
|
|upkeep
|
|t:|1785766207
|switch|p2a: Garchomp|Garchomp, L50, M|100/100
|turn|6
|
|t:|1785766217
|switch|p1b: Vivillon|Vivillon-Pokeball, L50, M|7/100
|move|p2a: Garchomp|Rock Slide|p1b: Vivillon|[spread] p1a,p1b
|-supereffective|p1b: Vivillon|2
|-damage|p1a: Sinistcha|57/100
|-damage|p1b: Vivillon|0 fnt
|faint|p1b: Vivillon
|-damage|p2a: Garchomp|90/100|[from] item: Life Orb
|move|p1a: Sinistcha|Matcha Gotcha|p2b: Farigiraf|[spread] p2a,p2b
|-damage|p2a: Garchomp|63/100
|-heal|p1a: Sinistcha|71/100|[from] drain|[of] p2a: Garchomp
|-damage|p2b: Farigiraf|31/100
|-heal|p1a: Sinistcha|83/100|[from] drain|[of] p2b: Farigiraf
|-status|p2b: Farigiraf|brn
|move|p2b: Farigiraf|Psychic|p1a: Sinistcha
|-damage|p1a: Sinistcha|49/100
|-enditem|p1a: Sinistcha|Sitrus Berry|[eat]
|-heal|p1a: Sinistcha|74/100|[from] item: Sitrus Berry
|
|-damage|p2b: Farigiraf|25/100 brn|[from] brn
|upkeep
|
|t:|1785766238
|switch|p1b: Mamoswine|Mamoswine, L50, M|28/100
|turn|7
|
|t:|1785766254
|move|p2b: Farigiraf|Helping Hand|p2a: Garchomp
|-singleturn|p2a: Garchomp|Helping Hand|[of] p2b: Farigiraf
|move|p1a: Sinistcha|Rage Powder|p1a: Sinistcha
|-singleturn|p1a: Sinistcha|move: Rage Powder
|move|p1b: Mamoswine|Icicle Crash|p2a: Garchomp
|-supereffective|p2a: Garchomp|2
|-damage|p2a: Garchomp|0 fnt
|faint|p2a: Garchomp
|
|-damage|p2b: Farigiraf|19/100 brn|[from] brn
|upkeep
|
|t:|1785766264
|switch|p2a: Metagross|Metagross, L50|100/100
|turn|8
|
|t:|1785766282
|detailschange|p2a: Metagross|Metagross-Mega, L50
|-mega|p2a: Metagross|Metagross|Metagrossite
|move|p1a: Sinistcha|Rage Powder|p1a: Sinistcha
|-singleturn|p1a: Sinistcha|move: Rage Powder
|move|p1b: Mamoswine|Icicle Crash|p2b: Farigiraf
|-damage|p2b: Farigiraf|0 fnt
|faint|p2b: Farigiraf
|move|p2a: Metagross|Iron Head|p1a: Sinistcha
|-damage|p1a: Sinistcha|23/100
|
|upkeep
|turn|9
|
|t:|1785766298
|move|p1b: Mamoswine|Icicle Crash|p2a: Metagross
|-resisted|p2a: Metagross|1
|-damage|p2a: Metagross|84/100
|cant|p2a: Metagross|flinch
|move|p1a: Sinistcha|Matcha Gotcha|p2a: Metagross
|-resisted|p2a: Metagross|1
|-damage|p2a: Metagross|69/100
|-heal|p1a: Sinistcha|30/100|[from] drain|[of] p2a: Metagross
|-status|p2a: Metagross|brn
|
|-damage|p2a: Metagross|63/100 brn|[from] brn
|upkeep
|turn|10
|
|t:|1785766313
|move|p1b: Mamoswine|Icicle Crash|p2a: Metagross
|-resisted|p2a: Metagross|1
|-damage|p2a: Metagross|48/100 brn
|move|p2a: Metagross|Iron Head|p1a: Sinistcha
|-damage|p1a: Sinistcha|5/100
|cant|p1a: Sinistcha|flinch
|
|-damage|p2a: Metagross|42/100 brn|[from] brn
|upkeep
|turn|11
|
|t:|1785766328
|move|p1b: Mamoswine|Icicle Crash|p2a: Metagross
|-resisted|p2a: Metagross|1
|-damage|p2a: Metagross|25/100 brn
|move|p2a: Metagross|Iron Head|p1a: Sinistcha
|-damage|p1a: Sinistcha|0 fnt
|faint|p1a: Sinistcha
|
|-damage|p2a: Metagross|19/100 brn|[from] brn
|upkeep
|turn|12
|
|t:|1785766337
|move|p1b: Mamoswine|Icicle Crash|p2a: Metagross
|-resisted|p2a: Metagross|1
|-damage|p2a: Metagross|2/100 brn
|move|p2a: Metagross|Iron Head|p1b: Mamoswine
|-supereffective|p1b: Mamoswine|1
|-damage|p1b: Mamoswine|0 fnt
|faint|p1b: Mamoswine
|
|win|PixelJaguar
||Zaviden is ready for game 2.
|inactive|PixelJaguar has 30 seconds to confirm battle start!
