|j|☆Randompanda2
|j|☆Renki134
|html|Randompanda2Renki134    
|uhtml|bestof|Game 1 of a best-of-3
|t:|1783216025
|gametype|doubles
|player|p1|Randompanda2|giovanni|
|player|p2|Renki134|1|
|gen|9
|tier|[Gen 9 Champions] VGC 2026 Reg M-B (Bo3)
|rule|Species Clause: Limit one of each Pokémon
|rule|Item Clause: Limit 1 of each item
|clearpoke
|poke|p1|Gardevoir, L50, F|
|poke|p1|Scizor, L50, F|
|poke|p1|Ditto, L50|
|poke|p1|Gyarados, L50, F|
|poke|p1|Umbreon, L50, F|
|poke|p1|Chandelure, L50, F|
|poke|p2|Sneasler, L50, F|
|poke|p2|Sableye, L50, M, shiny|
|poke|p2|Scovillain, L50, F|
|poke|p2|Sharpedo, L50, M|
|poke|p2|Kleavor, L50, M|
|poke|p2|Raichu, L50, F|
|teampreview|4
|showteam|p1|Gardevoir||Gardevoirite|Synchronize|DrainingKiss,HyperVoice,Psychic,Protect|Timid||F|||50|]Scizor||LifeOrb|Technician|SwordsDance,BulletPunch,BugBite,DualWingbeat|Adamant||F|||50|]Ditto||ChoiceScarf|Imposter|Transform|Bold|||||50|]Gyarados||FocusSash|Intimidate|DragonDance,Earthquake,Waterfall,Outrage|Adamant||F|||50|]Umbreon||Leftovers|Synchronize|FoulPlay,Moonlight,Toxic,Reflect|Calm||F|||50|]Chandelure||ExpertBelt|FlashFire|Flamethrower,Curse,Hex,Trailblaze|Hasty||F|||50|
|showteam|p2|Sneasler||FocusSash|Unburden|DireClaw,CloseCombat,FakeOut,ThroatChop|Adamant||F|||50|]Sableye||SitrusBerry|Prankster|FoulPlay,Encore,FakeOut,Recover|Impish||M|||50|]Scovillain||Scovillainite|Moody|Flamethrower,LeechSeed,Protect,RagePowder|Modest||F|||50|]Sharpedo||LifeOrb|SpeedBoost|Crunch,DestinyBond,Protect,Liquidation|Adamant||M|||50|]Kleavor|||Sharpness|Acrobatics,XScissor,StoneAxe,Tailwind|Adamant||M|||50|]Raichu||RaichuniteY|LightningRod|ZapCannon,FocusBlast,VoltSwitch,DazzlingGleam|Modest||F|||50|
|
|t:|1783216052
|teamsize|p1|4
|teamsize|p2|4
|start
|switch|p1a: Scizor|Scizor, L50, F|100/100
|switch|p1b: Ditto|Ditto, L50|100/100
|switch|p2a: Kleavor|Kleavor, L50, M|100/100
|switch|p2b: Sableye|Sableye, L50, M, shiny|100/100
|-transform|p1b: Ditto|p2a: Kleavor|[from] ability: Imposter
|turn|1
|
|t:|1783216069
|move|p2b: Sableye|Fake Out|p1b: Ditto
|-resisted|p1b: Ditto|1
|-damage|p1b: Ditto|95/100
|cant|p1b: Ditto|flinch
|move|p2a: Kleavor|Tailwind|p2a: Kleavor
|-sidestart|p2: Renki134|move: Tailwind
|move|p1a: Scizor|Swords Dance|p1a: Scizor
|-boost|p1a: Scizor|atk|2
|
|upkeep
|turn|2
|
|t:|1783216090
|move|p2b: Sableye|Encore|p1a: Scizor
|-start|p1a: Scizor|Encore
|move|p2a: Kleavor|Stone Axe|p1b: Ditto
|-supereffective|p1b: Ditto|1
|-damage|p1b: Ditto|0 fnt
|-sidestart|p1: Randompanda2|move: Stealth Rock
|faint|p1b: Ditto
|move|p1a: Scizor|Swords Dance|p1a: Scizor
|-boost|p1a: Scizor|atk|2
|
|upkeep
|
|t:|1783216100
|switch|p1b: Gyarados|Gyarados, L50, F|100/100
|-damage|p1b: Gyarados|75/100|[from] Stealth Rock
|-ability|p1b: Gyarados|Intimidate|boost
|-unboost|p2a: Kleavor|atk|1
|-unboost|p2b: Sableye|atk|1
|turn|3
|
|t:|1783216113
|move|p2a: Kleavor|Acrobatics|p1a: Scizor
|-damage|p1a: Scizor|70/100
|move|p2b: Sableye|Foul Play|p1a: Scizor
|-damage|p1a: Scizor|0 fnt
|faint|p1a: Scizor
|move|p1b: Gyarados|Waterfall|p2a: Kleavor
|-supereffective|p2a: Kleavor|1
|-damage|p2a: Kleavor|0 fnt
|faint|p2a: Kleavor
|
|upkeep
|
|t:|1783216125
|switch|p2a: Scovillain|Scovillain, L50, F|100/100
|switch|p1a: Umbreon|Umbreon, L50, F|100/100
|-damage|p1a: Umbreon|87/100|[from] Stealth Rock
|turn|4
|
|t:|1783216141
|detailschange|p2a: Scovillain|Scovillain-Mega, L50, F
|-mega|p2a: Scovillain|Scovillain|Scovillainite
|move|p2a: Scovillain|Leech Seed|p1a: Umbreon
|-start|p1a: Umbreon|move: Leech Seed
|move|p2b: Sableye|Foul Play|p1b: Gyarados
|-crit|p1b: Gyarados
|-damage|p1b: Gyarados|0 fnt
|faint|p1b: Gyarados
|move|p1a: Umbreon|Toxic|p2b: Sableye
|-status|p2b: Sableye|tox
|
|-heal|p1a: Umbreon|93/100|[from] item: Leftovers
|-damage|p1a: Umbreon|81/100|[from] Leech Seed|[of] p2a: Scovillain
|-damage|p2b: Sableye|94/100 tox|[from] psn
|-sideend|p2: Renki134|move: Tailwind
|upkeep
|turn|5
|
|t:|1783216172
|move|p2a: Scovillain|Rage Powder|p2a: Scovillain
|-singleturn|p2a: Scovillain|move: Rage Powder
|move|p2b: Sableye|Encore|p1a: Umbreon
|-hint|Since gen 7, Dark is immune to Prankster moves.
|-immune|p1a: Umbreon
|move|p1a: Umbreon|Foul Play|p2a: Scovillain
|-damage|p2a: Scovillain|55/100
|-status|p1a: Umbreon|brn|[from] ability: Spicy Spray|[of] p2a: Scovillain
|-activate|p1a: Umbreon|ability: Synchronize
|-immune|p2a: Scovillain
|
|-heal|p1a: Umbreon|87/100 brn|[from] item: Leftovers
|-damage|p1a: Umbreon|74/100 brn|[from] Leech Seed|[of] p2a: Scovillain
|-heal|p2a: Scovillain|72/100|[silent]
|-damage|p2b: Sableye|83/100 tox|[from] psn
|-damage|p1a: Umbreon|68/100 brn|[from] brn
|upkeep
|turn|6
|
|t:|1783216194
|move|p2a: Scovillain|Protect|p2a: Scovillain
|-singleturn|p2a: Scovillain|Protect
|move|p1a: Umbreon|Foul Play|p2a: Scovillain
|-activate|p2a: Scovillain|move: Protect
|move|p2b: Sableye|Foul Play|p1a: Umbreon
|-resisted|p1a: Umbreon|1
|-damage|p1a: Umbreon|59/100 brn
|
|-heal|p1a: Umbreon|65/100 brn|[from] item: Leftovers
|-damage|p1a: Umbreon|53/100 brn|[from] Leech Seed|[of] p2a: Scovillain
|-heal|p2a: Scovillain|90/100|[silent]
|-damage|p2b: Sableye|66/100 tox|[from] psn
|-damage|p1a: Umbreon|47/100 brn|[from] brn
|upkeep
|turn|7
|
|t:|1783216212
|move|p2b: Sableye|Recover|p2b: Sableye
|-heal|p2b: Sableye|100/100 tox
|move|p2a: Scovillain|Flamethrower|p1a: Umbreon
|-damage|p1a: Umbreon|24/100 brn
|move|p1a: Umbreon|Moonlight|p1a: Umbreon
|-heal|p1a: Umbreon|74/100 brn
|
|-heal|p1a: Umbreon|80/100 brn|[from] item: Leftovers
|-damage|p1a: Umbreon|68/100 brn|[from] Leech Seed|[of] p2a: Scovillain
|-heal|p2a: Scovillain|100/100|[silent]
|-damage|p2b: Sableye|77/100 tox|[from] psn
|-damage|p1a: Umbreon|62/100 brn|[from] brn
|upkeep
|turn|8
|
|t:|1783216229
|switch|p2b: Sneasler|Sneasler, L50, F|100/100
|move|p2a: Scovillain|Flamethrower|p1a: Umbreon
|-damage|p1a: Umbreon|39/100 brn
|move|p1a: Umbreon|Toxic|p2a: Scovillain
|-status|p2a: Scovillain|tox
|
|-heal|p1a: Umbreon|45/100 brn|[from] item: Leftovers
|-damage|p1a: Umbreon|33/100 brn|[from] Leech Seed|[of] p2a: Scovillain
|-damage|p2a: Scovillain|94/100 tox|[from] psn
|-damage|p1a: Umbreon|27/100 brn|[from] brn
|upkeep
|turn|9
|
|t:|1783216289
|move|p2b: Sneasler|Close Combat|p1a: Umbreon
|-supereffective|p1a: Umbreon|1
|-damage|p1a: Umbreon|0 fnt
|-unboost|p2b: Sneasler|def|1
|-unboost|p2b: Sneasler|spd|1
|faint|p1a: Umbreon
|
|win|Renki134
|c|☆Renki134|Sorry!
