|j|☆GriseousVGC
|j|☆Dabif
|html|GriseousVGCDabif    
|uhtml|bestof|Game 2 of a best-of-3
|t:|1756407287
|gametype|doubles
|player|p1|GriseousVGC|volo|1055
|player|p2|Dabif|265|1000
|gen|9
|tier|[Gen 9] VGC 2025 Reg H (Bo3)
|rated|
|rule|Species Clause: Limit one of each Pokémon
|rule|Item Clause: Limit 1 of each item
|clearpoke
|poke|p1|Hydrapple, L50, M|
|poke|p1|Porygon2, L50|
|poke|p1|Incineroar, L50, F|
|poke|p1|Kingambit, L50, F|
|poke|p1|Araquanid, L50, M|
|poke|p1|Sneasler, L50, F|
|poke|p2|Gholdengo, L50|
|poke|p2|Maushold-Four, L50|
|poke|p2|Rillaboom, L50, M|
|poke|p2|Dragonite, L50, M|
|poke|p2|Basculegion, L50, M|
|poke|p2|Annihilape, L50, M|
|teampreview|4
|showteam|p1|Hydrapple||AssaultVest|Regenerator|FickleBeam,EarthPower,LeafStorm,GigaDrain|||M|||50|,,,,,Steel]Porygon2||Eviolite|Download|TeraBlast,IceBeam,TrickRoom,Recover||||||50|,,,,,Ground]Incineroar||SafetyGoggles|Intimidate|FakeOut,FlareBlitz,KnockOff,PartingShot|||F|||50|,,,,,Ghost]Kingambit||BlackGlasses|Defiant|KowtowCleave,SuckerPunch,SwordsDance,Protect|||F|||50|,,,,,Flying]Araquanid||ClearAmulet|WaterBubble|Liquidation,LeechLife,WideGuard,Protect|||M|||50|,,,,,Grass]Sneasler||FocusSash|PoisonTouch|CloseCombat,DireClaw,FakeOut,Protect|||F|||50|,,,,,Stellar
|showteam|p2|Gholdengo||ChoiceSpecs|GoodasGold|MakeItRain,ShadowBall,PowerGem,Trick||||||50|,,,,,Steel]Maushold-Four||WideLens|FriendGuard|PopulationBomb,Feint,FollowMe,Protect||||||50|,,,,,Ghost]Rillaboom||AssaultVest|GrassySurge|GrassyGlide,WoodHammer,HighHorsepower,FakeOut|||M|||50|,,,,,Fire]Dragonite||LoadedDice|Multiscale|ScaleShot,Tailwind,Haze,Protect|||M|||50|,,,,,Steel]Basculegion||FocusSash|Adaptability|LastRespects,WaveCrash,AquaJet,Protect|||M|||50|,,,,,Ghost]Annihilape||SitrusBerry|Defiant|RageFist,CloseCombat,FinalGambit,Protect|||M|||50|,,,,,Water
|
|t:|1756407302
|teamsize|p1|4
|teamsize|p2|4
|start
|switch|p1a: Sneasler|Sneasler, L50, F, shiny|100/100
|switch|p1b: Araquanid|Araquanid, L50, M, shiny|100/100
|switch|p2a: españita|Dragonite, L50, M|100/100
|switch|p2b: bart sinson|Gholdengo, L50|100/100
|turn|1
|
|t:|1756407326
|move|p1a: Sneasler|Dire Claw|p2a: españita
|-damage|p2a: españita|77/100
|-status|p2a: españita|psn
|move|p2b: bart sinson|Trick|p1a: Sneasler
|-activate|p2b: bart sinson|move: Trick|[of] p1a: Sneasler
|-item|p1a: Sneasler|Choice Specs|[from] move: Trick
|-item|p2b: bart sinson|Focus Sash|[from] move: Trick
|move|p2a: españita|Tailwind|p2a: españita
|-sidestart|p2: Dabif|move: Tailwind
|move|p1b: Araquanid|Liquidation|p2b: bart sinson
|-damage|p2b: bart sinson|20/100
|
|-damage|p2a: españita|65/100 psn|[from] psn
|upkeep
|turn|2
|
|t:|1756407377
|move|p2b: bart sinson|Shadow Ball|p1b: Araquanid
|-damage|p1b: Araquanid|59/100
|move|p2a: españita|Scale Shot|p1b: Araquanid
|-damage|p1b: Araquanid|43/100
|-damage|p1b: Araquanid|27/100
|-damage|p1b: Araquanid|12/100
|-damage|p1b: Araquanid|0 fnt
|faint|p1b: Araquanid
|-hitcount|p1: Araquanid|4
|-unboost|p2a: españita|def|1
|-boost|p2a: españita|spe|1
|move|p1a: Sneasler|Dire Claw|p2a: españita
|-damage|p2a: españita|0 fnt
|faint|p2a: españita
|
|upkeep
|inactive|Battle timer is ON: inactive players will automatically lose when time's up. (requested by Dabif)
|
|t:|1756407399
|switch|p2a: Monke|Annihilape, L50, M|100/100
|switch|p1b: Porygon2|Porygon2, L50, shiny|100/100
|-ability|p1b: Porygon2|Download|boost
|-boost|p1b: Porygon2|atk|1
|turn|3
|
|t:|1756407413
|-terastallize|p1b: Porygon2|Ground
|move|p2a: Monke|Final Gambit|p1b: Porygon2
|-damage|p1b: Porygon2|0 fnt
|faint|p2a: Monke
|faint|p1b: Porygon2
|move|p2b: bart sinson|Power Gem|p1a: Sneasler
|-resisted|p1a: Sneasler
|-damage|p1a: Sneasler|80/100
|move|p1a: Sneasler|Dire Claw|p2b: bart sinson
|-immune|p2b: bart sinson
|
|upkeep
|
|t:|1756407423
|switch|p2a: Ratatouille|Maushold-Four, L50|100/100
|switch|p1b: Hydrapple|Hydrapple, L50, M, shiny|100/100
|turn|4
|
|t:|1756407441
|move|p2a: Ratatouille|Population Bomb|p1b: Hydrapple
|-damage|p1b: Hydrapple|96/100
|-damage|p1b: Hydrapple|90/100
|-damage|p1b: Hydrapple|86/100
|-damage|p1b: Hydrapple|81/100
|-damage|p1b: Hydrapple|77/100
|-damage|p1b: Hydrapple|72/100
|-damage|p1b: Hydrapple|68/100
|-damage|p1b: Hydrapple|63/100
|-damage|p1b: Hydrapple|58/100
|-damage|p1b: Hydrapple|54/100
|-hitcount|p1b: Hydrapple|10
|move|p2b: bart sinson|Shadow Ball|p1b: Hydrapple
|-damage|p1b: Hydrapple|25/100
|-unboost|p1b: Hydrapple|spd|1
|move|p1a: Sneasler|Dire Claw|p2a: Ratatouille
|-crit|p2a: Ratatouille
|-damage|p2a: Ratatouille|16/100
|move|p1b: Hydrapple|Earth Power|p2b: bart sinson
|-supereffective|p2b: bart sinson
|-damage|p2b: bart sinson|0 fnt
|faint|p2b: bart sinson
|
|-sideend|p2: Dabif|move: Tailwind
|upkeep
|turn|5
|inactive|Dabif has 30 seconds left.
|
|t:|1756407473
|-terastallize|p2a: Ratatouille|Ghost
|move|p1a: Sneasler|Dire Claw|p2a: Ratatouille
|-resisted|p2a: Ratatouille
|-damage|p2a: Ratatouille|0 fnt
|faint|p2a: Ratatouille
|
|win|GriseousVGC
|raw|GriseousVGC's rating: 1055 → 1082(+27 for winning)
|raw|Dabif's rating: 1000 → 1000(+0 for losing)
|l|☆Dabif
|player|p2|
