|j|‽vilan333
|j|☆Vugatti
|html|vilan333Vugatti    
|uhtml|bestof|Game 2 of a best-of-3
|t:|1757081467
|gametype|doubles
|player|p1|vilan333|101|1183
|player|p2|Vugatti|101|1223
|gen|9
|tier|[Gen 9] VGC 2025 Reg H (Bo3)
|rated|
|rule|Species Clause: Limit one of each Pokémon
|rule|Item Clause: Limit 1 of each item
|clearpoke
|poke|p1|Sneasler, L50, M|
|poke|p1|Indeedee, L50, M|
|poke|p1|Ursaluna-Bloodmoon, L50, M|
|poke|p1|Electabuzz, L50, M|
|poke|p1|Talonflame, L50, M|
|poke|p1|Incineroar, L50, M|
|poke|p2|Gallade, L50, M|
|poke|p2|Ursaluna, L50, M|
|poke|p2|Torkoal, L50, F|
|poke|p2|Indeedee-F, L50, F|
|poke|p2|Hatterene, L50, F|
|poke|p2|Maushold, L50|
|teampreview|4
|showteam|p1|Sneasler||PsychicSeed|Unburden|Protect,CloseCombat,DireClaw,ThroatChop|||M|||50|,,,,,Dark]Indeedee||FocusSash|PsychicSurge|Protect,TrickRoom,ExpandingForce,TeraBlast|||M|||50|,,,,,Fighting]Ursaluna-Bloodmoon||LifeOrb|MindsEye|Protect,HyperVoice,BloodMoon,EarthPower|||M|||50|,,,,,Normal]Electabuzz||Eviolite|VitalSpirit|Electroweb,Protect,Taunt,FollowMe|||M|||50|,,,,,Ghost]Talonflame||CovertCloak|GaleWings|Tailwind,WillOWisp,DualWingbeat,FlareBlitz|||M|||50|,,,,,Fairy]Incineroar||SafetyGoggles|Intimidate|FakeOut,KnockOff,PartingShot,FlareBlitz|||M|||50|,,,,,Ghost
|showteam|p2|Gallade||ClearAmulet|Sharpness|SacredSword,PsychoCut,WideGuard,TrickRoom|||M|||50|,,,,,Grass]Ursaluna||FlameOrb|Guts|Facade,HeadlongRush,Protect,Earthquake|||M|||50|,,,,,Ghost]Torkoal||ChoiceSpecs|Drought|Eruption,WeatherBall,HeatWave,EarthPower|||F|||50|,,,,,Fire]Indeedee-F||PsychicSeed|PsychicSurge|FollowMe,TrickRoom,Psychic,HelpingHand|||F|||50|,,,,,Water]Hatterene||LifeOrb|MagicBounce|ExpandingForce,DazzlingGleam,TeraBlast,TrickRoom|||F|||50|,,,,,Fire]Maushold||WideLens|Technician|PopulationBomb,Taunt,FollowMe,Protect||||||50|,,,,,Poison
|
|t:|1757081484
|teamsize|p1|4
|teamsize|p2|4
|start
|switch|p1a: Indeedee|Indeedee, L50, M|100/100
|switch|p1b: Ursaluna|Ursaluna-Bloodmoon, L50, M|100/100
|switch|p2a: Hatterene|Hatterene, L50, F|100/100
|switch|p2b: Indeedee|Indeedee-F, L50, F|100/100
|-fieldstart|move: Psychic Terrain|[from] ability: Psychic Surge|[of] p1a: Indeedee
|-enditem|p2b: Indeedee|Psychic Seed
|-boost|p2b: Indeedee|spd|1|[from] item: Psychic Seed
|turn|1
|
|t:|1757081534
|move|p1b: Ursaluna|Hyper Voice|p2a: Hatterene|[spread] p2a,p2b
|-damage|p2a: Hatterene|43/100
|-damage|p2b: Indeedee|69/100
|-damage|p1b: Ursaluna|91/100|[from] item: Life Orb
|move|p2a: Hatterene|Dazzling Gleam|p1b: Ursaluna|[spread] p1a,p1b
|-damage|p1a: Indeedee|31/100
|-damage|p1b: Ursaluna|31/100
|-damage|p2a: Hatterene|33/100|[from] item: Life Orb
|move|p1a: Indeedee|Trick Room|p1a: Indeedee
|-fieldstart|move: Trick Room|[of] p1a: Indeedee
|move|p2b: Indeedee|Trick Room|p2b: Indeedee
|-fieldend|move: Trick Room
|
|upkeep
|turn|2
|
|t:|1757081560
|move|p1a: Indeedee|Expanding Force|p2b: Indeedee|[spread] p2a,p2b
|-resisted|p2a: Hatterene
|-resisted|p2b: Indeedee
|-crit|p2b: Indeedee
|-damage|p2a: Hatterene|8/100
|-damage|p2b: Indeedee|32/100
|move|p1b: Ursaluna|Hyper Voice|p2a: Hatterene|[spread] p2a,p2b
|-crit|p2a: Hatterene
|-damage|p2a: Hatterene|0 fnt
|-damage|p2b: Indeedee|0 fnt
|faint|p2a: Hatterene
|faint|p2b: Indeedee
|-damage|p1b: Ursaluna|22/100|[from] item: Life Orb
|
|upkeep
|c|☆Vugatti|Crit is very sad
|
|t:|1757081572
|switch|p2b: Ursaluna|Ursaluna, L50, M|100/100
|switch|p2a: Gallade|Gallade, L50, M|100/100
|turn|3
|
|t:|1757081613
|move|p2a: Gallade|Wide Guard|p2a: Gallade
|-singleturn|p2a: Gallade|Wide Guard
|move|p1a: Indeedee|Tera Blast|p2a: Gallade
|-damage|p2a: Gallade|70/100
|move|p1b: Ursaluna|Blood Moon|p2a: Gallade
|-damage|p2a: Gallade|0 fnt
|faint|p2a: Gallade
|-damage|p1b: Ursaluna|12/100|[from] item: Life Orb
|move|p2b: Ursaluna|Earthquake|p1a: Indeedee|[spread] p1a,p1b
|-damage|p1a: Indeedee|0 fnt
|-damage|p1b: Ursaluna|0 fnt
|faint|p1a: Indeedee
|faint|p1b: Ursaluna
|
|-status|p2b: Ursaluna|brn|[from] item: Flame Orb
|upkeep
|
|t:|1757081633
|switch|p1a: Incineroar|Incineroar, L50, M|100/100
|switch|p1b: Sneasler|Sneasler, L50, M|100/100
|-ability|p1a: Incineroar|Intimidate|boost
|-unboost|p2b: Ursaluna|atk|1
|-enditem|p1b: Sneasler|Psychic Seed
|-boost|p1b: Sneasler|spd|1|[from] item: Psychic Seed
|turn|4
|
|t:|1757081652
|-terastallize|p1a: Incineroar|Ghost
|-terastallize|p2b: Ursaluna|Ghost
|move|p1b: Sneasler|Protect|p1b: Sneasler
|-singleturn|p1b: Sneasler|Protect
|move|p1a: Incineroar|Knock Off|p2b: Ursaluna
|-supereffective|p2b: Ursaluna
|-damage|p2b: Ursaluna|41/100 brn
|-enditem|p2b: Ursaluna|Flame Orb|[from] move: Knock Off|[of] p1a: Incineroar
|move|p2b: Ursaluna|Earthquake|p1b: Sneasler|[spread] p1a
|-activate|p1b: Sneasler|move: Protect
|-damage|p1a: Incineroar|55/100
|
|-damage|p2b: Ursaluna|36/100 brn|[from] brn
|upkeep
|turn|5
|
|t:|1757081675
|move|p1b: Sneasler|Throat Chop|p2b: Ursaluna
|-supereffective|p2b: Ursaluna
|-damage|p2b: Ursaluna|0 fnt
|faint|p2b: Ursaluna
|
|win|vilan333
||Vugatti is ready for game 3.
|inactive|vilan333 has 30 seconds to confirm battle start!
|inactive|vilan333 has 20 seconds to confirm battle start!
|inactive|vilan333 has 10 seconds to confirm battle start!
||vilan333 is ready for game 3.
|uhtml|next|Next: Game 3 of 3
|l|☆Vugatti
|player|p2|
