|j|☆lanlaneater97
|j|☆steelag0
|html|lanlaneater97steelag0    
|uhtml|bestof|Game 1 of a best-of-3
|t:|1782475409
|gametype|doubles
|player|p1|lanlaneater97|169|1014
|player|p2|steelag0|265|1100
|gen|9
|tier|[Gen 9 Champions] VGC 2026 Reg M-B (Bo3)
|rated|
|rule|Species Clause: Limit one of each Pokémon
|rule|Item Clause: Limit 1 of each item
|clearpoke
|poke|p1|Alakazam, L50, F|
|poke|p1|Meowstic, L50, M|
|poke|p1|Meowscarada, L50, F|
|poke|p1|Lycanroc-Dusk, L50, M|
|poke|p1|Sableye, L50, M|
|poke|p1|Ceruledge, L50, M|
|poke|p2|Blaziken, L50, M|
|poke|p2|Hydreigon, L50, F|
|poke|p2|Basculegion, L50, M|
|poke|p2|Whimsicott, L50, F|
|poke|p2|Farigiraf, L50, M|
|poke|p2|Metagross, L50|
|teampreview|4
|showteam|p1|Alakazam||Alakazite|Synchronize|ExpandingForce,ShadowBall,FocusBlast,Protect|Timid||F|||50|]Meowstic||MentalHerb|KeenEye|PsychicTerrain,FakeOut,Gravity,Protect|Bold||M|||50|]Meowscarada||ChoiceScarf|Overgrow|LowKick,KnockOff,TripleAxel,FlowerTrick|Adamant||F|||50|]Lycanroc-Dusk||HardStone|ToughClaws|Accelerock,Protect,IronHead,RockSlide|Jolly||M|||50|]Sableye||SitrusBerry|Prankster|Taunt,Encore,Protect,Quash|Careful||M|||50|]Ceruledge||FocusSash|WeakArmor|PhantomForce,BitterBlade,Protect,ShadowSneak|Jolly||M|||50|
|showteam|p2|Blaziken||Blazikenite|SpeedBoost|FlareBlitz,CloseCombat,RockSlide,Detect|Adamant||M|||50|]Hydreigon||ChoiceScarf|Levitate|DracoMeteor,DarkPulse,EarthPower,Snarl|Modest||F|||50|]Basculegion||LifeOrb|Adaptability|WaveCrash,LastRespects,AquaJet,Protect|Adamant||M|||50|]Whimsicott||FocusSash|Prankster|Moonblast,Encore,Tailwind,Protect|Timid||F|||50|]Farigiraf||SitrusBerry|ArmorTail|Psychic,Thunderbolt,Roar,TrickRoom|Bold||M|||50|]Metagross||Metagrossite|ClearBody|PsychicFangs,IronHead,StompingTantrum,Protect|Jolly|||||50|
|inactive|Battle timer is ON: inactive players will automatically lose when time's up. (requested by lanlaneater97)
|inactive|lanlaneater97 has 60 seconds left.
|inactive|steelag0 has 60 seconds left.
|
|t:|1782475473
|teamsize|p1|4
|teamsize|p2|4
|start
|switch|p1a: Meowstic|Meowstic, L50, M|100/100
|switch|p1b: Alakazam|Alakazam, L50, F|100/100
|switch|p2a: Whimsicott|Whimsicott, L50, F|100/100
|switch|p2b: Metagross|Metagross, L50|100/100
|turn|1
|inactive|lanlaneater97 has 30 seconds left.
|
|t:|1782475502
|detailschange|p1b: Alakazam|Alakazam-Mega, L50, F
|-mega|p1b: Alakazam|Alakazam|Alakazite
|-ability|p1b: Alakazam|Clear Body|Trace|[from] ability: Trace|[of] p2b: Metagross
|move|p2a: Whimsicott|Protect|p2a: Whimsicott
|-singleturn|p2a: Whimsicott|Protect
|move|p2b: Metagross|Protect|p2b: Metagross
|-singleturn|p2b: Metagross|Protect
|move|p1a: Meowstic|Fake Out|p2a: Whimsicott
|-activate|p2a: Whimsicott|move: Protect
|move|p1b: Alakazam|Shadow Ball|p2b: Metagross
|-activate|p2b: Metagross|move: Protect
|
|upkeep
|turn|2
|inactive|lanlaneater97 has 30 seconds left.
|inactive|steelag0 has 30 seconds left.
|inactive|lanlaneater97 has 20 seconds left.
|inactive|steelag0 has 20 seconds left.
|inactive|lanlaneater97 has 15 seconds left.
|inactive|steelag0 has 15 seconds left.
|inactive|lanlaneater97 has 10 seconds left.
|inactive|steelag0 has 10 seconds left.
|inactive|steelag0 has 5 seconds left.
|
|t:|1782475562
|switch|p1b: Meowscarada|Meowscarada, L50, F|100/100
|move|p2a: Whimsicott|Moonblast|p1b: Meowscarada
|-supereffective|p1b: Meowscarada|1
|-damage|p1b: Meowscarada|4/100
|move|p2b: Metagross|Psychic Fangs|p1b: Meowscarada
|-immune|p1b: Meowscarada
|move|p1a: Meowstic|Psychic Terrain|p1a: Meowstic
|-fieldstart|move: Psychic Terrain
|
|upkeep
|turn|3
|inactive|lanlaneater97 has 30 seconds left.
|
|t:|1782475592
|detailschange|p2b: Metagross|Metagross-Mega, L50
|-mega|p2b: Metagross|Metagross|Metagrossite
|move|p2b: Metagross|Protect|p2b: Metagross
|-singleturn|p2b: Metagross|Protect
|move|p2a: Whimsicott|Tailwind|p2a: Whimsicott
|-sidestart|p2: steelag0|move: Tailwind
|move|p1b: Meowscarada|Knock Off|p2b: Metagross
|-activate|p2b: Metagross|move: Protect
|move|p1a: Meowstic|Gravity|p1a: Meowstic
|-fieldstart|move: Gravity
|
|upkeep
|turn|4
|
|t:|1782475607
|move|p1a: Meowstic|Protect|p1a: Meowstic
|-singleturn|p1a: Meowstic|Protect
|move|p2a: Whimsicott|Moonblast|p1b: Meowscarada
|-supereffective|p1b: Meowscarada|1
|-damage|p1b: Meowscarada|0 fnt
|faint|p1b: Meowscarada
|move|p2b: Metagross|Iron Head|p1a: Meowstic
|-activate|p1a: Meowstic|move: Protect
|
|upkeep
|
|t:|1782475616
|switch|p1b: Alakazam|Alakazam-Mega, L50, F|100/100
|-ability|p1b: Alakazam|Prankster|Trace|[from] ability: Trace|[of] p2a: Whimsicott
|turn|5
|inactive|steelag0 has 30 seconds left.
|
|t:|1782475642
|switch|p1a: Lycanroc|Lycanroc-Dusk, L50, M|100/100
|move|p2a: Whimsicott|Moonblast|p1b: Alakazam
|-damage|p1b: Alakazam|56/100
|move|p2b: Metagross|Stomping Tantrum|p1a: Lycanroc
|-supereffective|p1a: Lycanroc|1
|-damage|p1a: Lycanroc|0 fnt
|faint|p1a: Lycanroc
|move|p1b: Alakazam|Shadow Ball|p2b: Metagross
|-supereffective|p2b: Metagross|1
|-damage|p2b: Metagross|23/100
|
|upkeep
|
|t:|1782475655
|switch|p1a: Meowstic|Meowstic, L50, M|100/100
|turn|6
|inactive|lanlaneater97 has 30 seconds left.
|
|t:|1782475685
|move|p2a: Whimsicott|Protect|p2a: Whimsicott
|-singleturn|p2a: Whimsicott|Protect
|move|p2b: Metagross|Protect|p2b: Metagross
|-singleturn|p2b: Metagross|Protect
|move|p1a: Meowstic|Fake Out|p2b: Metagross
|-activate|p2b: Metagross|move: Psychic Terrain
|move|p1b: Alakazam|Expanding Force|p2a: Whimsicott|[spread] 
|-activate|p2a: Whimsicott|move: Protect
|-activate|p2b: Metagross|move: Protect
|
|-sideend|p2: steelag0|move: Tailwind
|-fieldend|move: Psychic Terrain
|upkeep
|turn|7
|
|t:|1782475709
|move|p2a: Whimsicott|Tailwind|p2a: Whimsicott
|-sidestart|p2: steelag0|move: Tailwind
|move|p2b: Metagross|Iron Head|p1b: Alakazam
|-damage|p1b: Alakazam|0 fnt
|faint|p1b: Alakazam
|move|p1a: Meowstic|Psychic Terrain|p1a: Meowstic
|-fieldstart|move: Psychic Terrain
|
|-fieldend|move: Gravity
|upkeep
|turn|8
|-message|lanlaneater97 forfeited.
|raw|lanlaneater97's rating: 1014 → 1005(-9 for losing)
|raw|steelag0's rating: 1100 → 1119(+19 for winning)
|
|win|steelag0
|l|☆lanlaneater97
|player|p1|
