|j|☆JuanGuerrero09
|j|☆DJ_Arcigno
|html|JuanGuerrero09DJ_Arcigno    
|uhtml|bestof|Game 1 of a best-of-3
|t:|1756674071
|gametype|doubles
|player|p1|JuanGuerrero09|169|1142
|player|p2|DJ_Arcigno|101|1240
|gen|9
|tier|[Gen 9] VGC 2025 Reg H (Bo3)
|rated|
|rule|Species Clause: Limit one of each Pokémon
|rule|Item Clause: Limit 1 of each item
|clearpoke
|poke|p1|Sneasler, L50, M|
|poke|p1|Indeedee, L50, M|
|poke|p1|Tyranitar, L50, M|
|poke|p1|Excadrill, L50, M|
|poke|p1|Annihilape, L50, M|
|poke|p1|Hydreigon, L50, F|
|poke|p2|Charizard, L50, M|
|poke|p2|Torkoal, L50, M|
|poke|p2|Porygon2, L50|
|poke|p2|Incineroar, L50, M|
|poke|p2|Jumpluff, L50, F|
|poke|p2|Ursaluna, L50, F|
|teampreview|4
|showteam|p1|Sneasler||PsychicSeed|Unburden|CloseCombat,DireClaw,ThroatChop,Protect|||M|||50|,,,,,Dark]Indeedee||ChoiceScarf|PsychicSurge|ExpandingForce,TeraBlast,Trick,DazzlingGleam|||M|||50|,,,,,Fire]Tyranitar||AssaultVest|SandStream|RockSlide,KnockOff,TeraBlast,LowKick|||M|||50|,,,,,Flying]Excadrill||FocusSash|SandRush|HighHorsepower,Earthquake,IronHead,Protect|||M|||50|,,,,,Ground]Annihilape||SafetyGoggles|Defiant|CloseCombat,RageFist,Taunt,FinalGambit|||M|||50|,,,,,Psychic]Hydreigon||CovertCloak|Levitate|Snarl,Tailwind,DracoMeteor,Protect|||F|||50|,,,,,Poison
|showteam|p2|Charizard||ChoiceSpecs|SolarPower|HeatWave,Overheat,WeatherBall,AirSlash|||M|||50|,,,,,Ghost]Torkoal||EjectPack|Drought|Eruption,Overheat,HelpingHand,Protect|||M|||50|,,,,,Fire]Porygon2||Eviolite|Download|TeraBlast,IceBeam,Recover,TrickRoom||||||50|,,,,,Fighting]Incineroar||SitrusBerry|Intimidate|FlareBlitz,KnockOff,FakeOut,PartingShot|||M|||50|,,,,,Ghost]Jumpluff||CovertCloak|Chlorophyll|SleepPowder,SunnyDay,RagePowder,Tailwind|||F|||50|,,,,,Water]Ursaluna||FlameOrb|Guts|HeadlongRush,Facade,Earthquake,Protect|||F|||50|,,,,,Ghost
|l|☆DJ_Arcigno
|player|p2|
|inactive|Battle timer is ON: inactive players will automatically lose when time's up. (requested by JuanGuerrero09)
|j|☆DJ_Arcigno
|inactive|DJ_Arcigno reconnected and has 90 seconds left.
|player|p2|DJ_Arcigno|101|
|inactive|JuanGuerrero09 has 60 seconds left.
|inactive|DJ_Arcigno has 60 seconds left.
|
|t:|1756674138
|teamsize|p1|4
|teamsize|p2|4
|start
|switch|p1a: Tyranitar|Tyranitar, L50, M|100/100
|switch|p1b: Annihilape|Annihilape, L50, M|100/100
|switch|p2a: Charizard|Charizard, L50, M|100/100
|switch|p2b: Porygon2|Porygon2, L50|100/100
|-ability|p2b: Porygon2|Download|boost
|-boost|p2b: Porygon2|atk|1
|-weather|Sandstorm|[from] ability: Sand Stream|[of] p1a: Tyranitar
|turn|1
|inactive|DJ_Arcigno has 30 seconds left.
|
|t:|1756674165
|-terastallize|p1a: Tyranitar|Flying
|move|p2a: Charizard|Air Slash|p1b: Annihilape
|-supereffective|p1b: Annihilape
|-damage|p1b: Annihilape|0 fnt
|faint|p1b: Annihilape
|move|p2b: Porygon2|Ice Beam|p1a: Tyranitar
|-supereffective|p1a: Tyranitar
|-damage|p1a: Tyranitar|66/100
|move|p1a: Tyranitar|Rock Slide|p2b: Porygon2|[spread] p2b
|-miss|p1a: Tyranitar|p2a: Charizard
|-damage|p2b: Porygon2|80/100
|
|-weather|Sandstorm|[upkeep]
|-damage|p2a: Charizard|95/100|[from] Sandstorm
|-damage|p2b: Porygon2|73/100|[from] Sandstorm
|-damage|p1a: Tyranitar|60/100|[from] Sandstorm
|upkeep
|
|t:|1756674182
|switch|p1b: Excadrill|Excadrill, L50, M|100/100
|turn|2
|
|t:|1756674199
|switch|p2a: Incineroar|Incineroar, L50, M|100/100
|-ability|p2a: Incineroar|Intimidate|boost
|-unboost|p1a: Tyranitar|atk|1
|-unboost|p1b: Excadrill|atk|1
|move|p1b: Excadrill|Iron Head|p2a: Incineroar
|-resisted|p2a: Incineroar
|-damage|p2a: Incineroar|86/100
|move|p1a: Tyranitar|Rock Slide|p2b: Porygon2|[spread] p2a,p2b
|-supereffective|p2a: Incineroar
|-damage|p2a: Incineroar|41/100
|-damage|p2b: Porygon2|59/100
|-enditem|p2a: Incineroar|Sitrus Berry|[eat]
|-heal|p2a: Incineroar|66/100|[from] item: Sitrus Berry
|move|p2b: Porygon2|Trick Room|p2b: Porygon2
|-fieldstart|move: Trick Room|[of] p2b: Porygon2
|
|-weather|Sandstorm|[upkeep]
|-damage|p1a: Tyranitar|54/100|[from] Sandstorm
|-damage|p2b: Porygon2|53/100|[from] Sandstorm
|-damage|p2a: Incineroar|60/100|[from] Sandstorm
|upkeep
|turn|3
|inactive|JuanGuerrero09 has 30 seconds left.
|inactive|DJ_Arcigno has 30 seconds left.
|
|t:|1756674234
|switch|p2a: Ursaluna|Ursaluna, L50, F|100/100
|move|p1a: Tyranitar|Low Kick|p2b: Porygon2
|-supereffective|p2b: Porygon2
|-damage|p2b: Porygon2|32/100
|move|p2b: Porygon2|Ice Beam|p1a: Tyranitar
|-supereffective|p1a: Tyranitar
|-damage|p1a: Tyranitar|20/100
|move|p1b: Excadrill|Earthquake|p2a: Ursaluna|[spread] p2a,p2b
|-immune|p1a: Tyranitar
|-damage|p2a: Ursaluna|79/100
|-damage|p2b: Porygon2|11/100
|
|-weather|Sandstorm|[upkeep]
|-damage|p1a: Tyranitar|15/100|[from] Sandstorm
|-damage|p2b: Porygon2|5/100|[from] Sandstorm
|-status|p2a: Ursaluna|brn|[from] item: Flame Orb
|upkeep
|turn|4
|
|t:|1756674251
|move|p1b: Excadrill|Protect|p1b: Excadrill
|-singleturn|p1b: Excadrill|Protect
|move|p1a: Tyranitar|Knock Off|p2a: Ursaluna
|-damage|p2a: Ursaluna|51/100 brn
|-enditem|p2a: Ursaluna|Flame Orb|[from] move: Knock Off|[of] p1a: Tyranitar
|move|p2b: Porygon2|Recover|p2b: Porygon2
|-heal|p2b: Porygon2|55/100
|move|p2a: Ursaluna|Facade|p1a: Tyranitar
|-damage|p1a: Tyranitar|0 fnt
|faint|p1a: Tyranitar
|
|-weather|Sandstorm|[upkeep]
|-damage|p2b: Porygon2|49/100|[from] Sandstorm
|-damage|p2a: Ursaluna|45/100 brn|[from] brn
|upkeep
|
|t:|1756674265
|switch|p1a: Sneasler|Sneasler, L50, M|100/100
|turn|5
|
|t:|1756674283
|move|p1a: Sneasler|Protect|p1a: Sneasler
|-singleturn|p1a: Sneasler|Protect
|move|p2b: Porygon2|Tera Blast|p1b: Excadrill
|-resisted|p1b: Excadrill
|-damage|p1b: Excadrill|74/100
|move|p2a: Ursaluna|Headlong Rush|p1b: Excadrill
|-supereffective|p1b: Excadrill
|-damage|p1b: Excadrill|0 fnt
|-unboost|p2a: Ursaluna|def|1
|-unboost|p2a: Ursaluna|spd|1
|faint|p1b: Excadrill
|
|-weather|none
|-damage|p2a: Ursaluna|40/100 brn|[from] brn
|upkeep
|turn|6
|
|t:|1756674293
|move|p2b: Porygon2|Tera Blast|p1a: Sneasler
|-damage|p1a: Sneasler|50/100
|move|p2a: Ursaluna|Headlong Rush|p1a: Sneasler
|-supereffective|p1a: Sneasler
|-damage|p1a: Sneasler|0 fnt
|-unboost|p2a: Ursaluna|def|1
|-unboost|p2a: Ursaluna|spd|1
|faint|p1a: Sneasler
|
|win|DJ_Arcigno
