|j|☆Hekistito
|j|☆the_frantic_franxx
|html|Hekistitothe_frantic_franxx    
|uhtml|bestof|Game 3 of a best-of-3
|t:|1783029233
|gametype|doubles
|player|p1|Hekistito|1|1055
|player|p2|the_frantic_franxx|101|1090
|gen|9
|tier|[Gen 9 Champions] VGC 2026 Reg M-B (Bo3)
|rated|
|rule|Species Clause: Limit one of each Pokémon
|rule|Item Clause: Limit 1 of each item
|clearpoke
|poke|p1|Metagross, L50|
|poke|p1|Venusaur, L50, F|
|poke|p1|Garchomp, L50, M|
|poke|p1|Sylveon, L50, F|
|poke|p1|Farigiraf, L50, F|
|poke|p1|Talonflame, L50, M|
|poke|p2|Incineroar, L50, F|
|poke|p2|Farigiraf, L50, M, shiny|
|poke|p2|Sylveon, L50, F|
|poke|p2|Garchomp, L50, F, shiny|
|poke|p2|Charizard, L50, F|
|poke|p2|Venusaur, L50, M|
|teampreview|4
|showteam|p1|Metagross||Metagrossite|ClearBody|IronHead,PsychicFangs,IcePunch,Protect|Jolly|||||50|]Venusaur||Venusaurite|Overgrow|SludgeBomb,Protect,EarthPower,GigaDrain|Modest||F|||50|]Garchomp||LifeOrb|RoughSkin|DragonClaw,Earthquake,Protect,RockSlide|Jolly||M|||50|]Sylveon||FairyFeather|Pixilate|HyperVoice,QuickAttack,HyperBeam,Detect|Modest||F|||50|]Farigiraf||SitrusBerry|ArmorTail|Thunderbolt,HelpingHand,TwinBeam,TrickRoom|Bold||F|||50|]Talonflame||FocusSash|GaleWings|Tailwind,Protect,FlareBlitz,DualWingbeat|Jolly||M|||50|
|showteam|p2|Incineroar||PasshoBerry|Intimidate|FlareBlitz,DarkestLariat,FakeOut,PartingShot|Adamant||F|||50|]Farigiraf||TwistedSpoon|ArmorTail|HyperVoice,TwinBeam,TrickRoom,HelpingHand|Quiet||M|||50|]Sylveon||FairyFeather|Pixilate|HyperVoice,Moonblast,QuickAttack,Detect|Modest||F|||50|]Garchomp||LifeOrb|RoughSkin|StompingTantrum,DragonClaw,Earthquake,Protect|Jolly||F|||50|]Charizard||CharizarditeY|Blaze|HeatWave,WeatherBall,SolarBeam,Protect|Timid||F|||50|]Venusaur||FocusSash|Chlorophyll|SleepPowder,SludgeBomb,Protect,EarthPower|Modest||M|||50|
|
|t:|1783029274
|teamsize|p1|4
|teamsize|p2|4
|start
|switch|p1a: Venusaur|Venusaur, L50, F|100/100
|switch|p1b: Farigiraf|Farigiraf, L50, F|100/100
|switch|p2a: Charizard|Charizard, L50, F|100/100
|switch|p2b: Incineroar|Incineroar, L50, F|100/100
|-ability|p2b: Incineroar|Intimidate|boost
|-unboost|p1a: Venusaur|atk|1
|-unboost|p1b: Farigiraf|atk|1
|turn|1
|inactive|Battle timer is ON: inactive players will automatically lose when time's up. (requested by Hekistito)
|
|t:|1783029294
|detailschange|p2a: Charizard|Charizard-Mega-Y, L50, F
|-mega|p2a: Charizard|Charizard|Charizardite Y
|-weather|SunnyDay|[from] ability: Drought|[of] p2a: Charizard
|detailschange|p1a: Venusaur|Venusaur-Mega, L50, F
|-mega|p1a: Venusaur|Venusaur|Venusaurite
|move|p2a: Charizard|Heat Wave|p1a: Venusaur|[spread] p1a
|-miss|p2a: Charizard|p1b: Farigiraf
|-supereffective|p1a: Venusaur|1
|-damage|p1a: Venusaur|41/100
|move|p1a: Venusaur|Sludge Bomb|p2a: Charizard
|-damage|p2a: Charizard|52/100
|-status|p2a: Charizard|psn
|move|p2b: Incineroar|Darkest Lariat|p1b: Farigiraf
|-supereffective|p1b: Farigiraf|1
|-damage|p1b: Farigiraf|40/100
|-enditem|p1b: Farigiraf|Sitrus Berry|[eat]
|-heal|p1b: Farigiraf|65/100|[from] item: Sitrus Berry
|move|p1b: Farigiraf|Thunderbolt|p2a: Charizard
|-supereffective|p2a: Charizard|1
|-damage|p2a: Charizard|5/100 psn
|
|-weather|SunnyDay|[upkeep]
|-damage|p2a: Charizard|0 fnt|[from] psn
|faint|p2a: Charizard
|upkeep
|
|t:|1783029315
|switch|p2a: Venusaur|Venusaur, L50, M|100/100
|turn|2
|inactive|Hekistito has 30 seconds left.
|inactive|Hekistito has 20 seconds left.
|inactive|Hekistito has 15 seconds left.
|inactive|Hekistito has 10 seconds left.
|
|t:|1783029361
|move|p2a: Venusaur|Sleep Powder|p1b: Farigiraf
|-status|p1b: Farigiraf|slp|[from] move: Sleep Powder
|move|p1a: Venusaur|Sludge Bomb|p2a: Venusaur
|-damage|p2a: Venusaur|45/100
|move|p2b: Incineroar|Flare Blitz|p1a: Venusaur
|-supereffective|p1a: Venusaur|1
|-damage|p1a: Venusaur|0 fnt
|faint|p1a: Venusaur
|-damage|p2b: Incineroar|87/100|[from] Recoil
|cant|p1b: Farigiraf|slp
|
|-weather|SunnyDay|[upkeep]
|upkeep
|
|t:|1783029373
|switch|p1a: Garchomp|Garchomp, L50, M|100/100
|turn|3
|
|t:|1783029383
|switch|p2b: Sylveon|Sylveon, L50, F|100/100
|move|p1a: Garchomp|Protect|p1a: Garchomp
|-singleturn|p1a: Garchomp|Protect
|move|p2a: Venusaur|Sleep Powder|p1a: Garchomp
|-activate|p1a: Garchomp|move: Protect
|cant|p1b: Farigiraf|slp
|
|-weather|SunnyDay|[upkeep]
|upkeep
|turn|4
|inactive|Hekistito has 30 seconds left.
|
|t:|1783029415
|move|p2a: Venusaur|Sleep Powder|p1a: Garchomp
|-status|p1a: Garchomp|slp|[from] move: Sleep Powder
|cant|p1a: Garchomp|slp
|move|p2b: Sylveon|Hyper Voice|p1b: Farigiraf|[spread] p1a,p1b
|-supereffective|p1a: Garchomp|1
|-damage|p1a: Garchomp|0 fnt
|-damage|p1b: Farigiraf|26/100 slp
|faint|p1a: Garchomp
|-curestatus|p1b: Farigiraf|slp|[msg]
|move|p1b: Farigiraf|Twin Beam|p2a: Venusaur
|-supereffective|p2a: Venusaur|1
|-damage|p2a: Venusaur|7/100
|-supereffective|p2a: Venusaur|1
|-damage|p2a: Venusaur|0 fnt
|faint|p2a: Venusaur
|-hitcount|p2: Venusaur|2
|
|-weather|SunnyDay|[upkeep]
|upkeep
|
|t:|1783029430
|switch|p1a: Sylveon|Sylveon, L50, F|100/100
|switch|p2a: Incineroar|Incineroar, L50, F|87/100
|-ability|p2a: Incineroar|Intimidate|boost
|-unboost|p1a: Sylveon|atk|1
|-unboost|p1b: Farigiraf|atk|1
|turn|5
|
|t:|1783029447
|move|p1b: Farigiraf|Helping Hand|p1a: Sylveon
|-singleturn|p1a: Sylveon|Helping Hand|[of] p1b: Farigiraf
|move|p2b: Sylveon|Hyper Voice|p1b: Farigiraf|[spread] p1a,p1b
|-damage|p1a: Sylveon|63/100
|-damage|p1b: Farigiraf|0 fnt
|faint|p1b: Farigiraf
|move|p2a: Incineroar|Flare Blitz|p1a: Sylveon
|-damage|p1a: Sylveon|0 fnt
|faint|p1a: Sylveon
|-damage|p2a: Incineroar|69/100|[from] Recoil
|
|win|the_frantic_franxx
|raw|Hekistito's rating: 1055 → 1039(-16 for losing)
|raw|the_frantic_franxx's rating: 1090 → 1114(+24 for winning)
|c|☆the_frantic_franxx|gg
