|j|☆JuanGuerrero09
|j|☆3000coconut
|html|JuanGuerrero093000coconut    
|uhtml|bestof|Game 2 of a best-of-3
|t:|1757184577
|gametype|doubles
|player|p1|JuanGuerrero09|169|1071
|player|p2|3000coconut|2|1027
|gen|9
|tier|[Gen 9] VGC 2025 Reg H (Bo3)
|rated|
|rule|Species Clause: Limit one of each Pokémon
|rule|Item Clause: Limit 1 of each item
|clearpoke
|poke|p1|Tyranitar, L50, F|
|poke|p1|Talonflame, L50, M|
|poke|p1|Indeedee, L50, M|
|poke|p1|Sneasler, L50, F|
|poke|p1|Ursaluna-Bloodmoon, L50, M|
|poke|p1|Electabuzz, L50, F|
|poke|p2|Indeedee-F, L50, F|
|poke|p2|Armarouge, L50, F|
|poke|p2|Ursaluna-Bloodmoon, L50, M|
|poke|p2|Incineroar, L50, F|
|poke|p2|Amoonguss, L50, F|
|poke|p2|Azumarill, L50, F|
|teampreview|4
|showteam|p1|Tyranitar||AssaultVest|SandStream|RockSlide,KnockOff,LowKick,TeraBlast|||F|||50|,,,,,Flying]Talonflame||CovertCloak|FlameBody|DualWingbeat,FlareBlitz,Tailwind,WillOWisp|||M|||50|,,,,,Fairy]Indeedee||ChoiceSpecs|PsychicSurge|ExpandingForce,TeraBlast,Trick,TrickRoom|||M|||50|,,,,,Psychic]Sneasler||PsychicSeed|Unburden|DireClaw,CloseCombat,ThroatChop,Protect|||F|||50|,,,,,Dark]Ursaluna-Bloodmoon||LifeOrb|MindsEye|HyperVoice,BloodMoon,EarthPower,Protect|||M|||50|,,,,,Normal]Electabuzz||Eviolite|VitalSpirit|FollowMe,Taunt,Electroweb,Protect|||F|||50|,,,,,Ghost
|showteam|p2|Indeedee-F||MentalHerb|PsychicSurge|FollowMe,Protect,Psychic,TrickRoom|||F|||50|,,,,,Fighting]Armarouge||FocusSash|FlashFire|ArmorCannon,ExpandingForce,TrickRoom,Protect|||F|||50|,,,,,Psychic]Ursaluna-Bloodmoon||AssaultVest|MindsEye|BloodMoon,HyperVoice,EarthPower,TeraBlast|||M|||50|,,,,,Grass]Incineroar||SafetyGoggles|Intimidate|Protect,PartingShot,FakeOut,KnockOff|||F|||50|,,,,,Ghost]Amoonguss||RockyHelmet|Regenerator|RagePowder,Protect,Spore,PollenPuff|||F|||50|,,,,,Water]Azumarill||SitrusBerry|HugePower|AquaJet,Liquidation,PlayRough,BellyDrum|||F|||50|,,,,,Fire
|inactive|Battle timer is ON: inactive players will automatically lose when time's up. (requested by JuanGuerrero09)
|
|t:|1757184610
|teamsize|p1|4
|teamsize|p2|4
|start
|switch|p1a: Tyranitar|Tyranitar, L50, F|100/100
|switch|p1b: Ursaluna|Ursaluna-Bloodmoon, L50, M|100/100
|switch|p2a: Armarouge|Armarouge, L50, F|100/100
|switch|p2b: Amoonguss|Amoonguss, L50, F|100/100
|-weather|Sandstorm|[from] ability: Sand Stream|[of] p1a: Tyranitar
|turn|1
|inactive|3000coconut has 30 seconds left.
|
|t:|1757184637
|-terastallize|p1a: Tyranitar|Flying
|-terastallize|p2b: Amoonguss|Water
|move|p1a: Tyranitar|Tera Blast|p2b: Amoonguss|[anim] Tera Blast Flying
|-damage|p2b: Amoonguss|53/100
|move|p1b: Ursaluna|Hyper Voice|p2a: Armarouge|[spread] p2a,p2b
|-damage|p2a: Armarouge|27/100
|-damage|p2b: Amoonguss|17/100
|-damage|p1b: Ursaluna|91/100|[from] item: Life Orb
|move|p2b: Amoonguss|Spore|p1a: Tyranitar
|-status|p1a: Tyranitar|slp|[from] move: Spore
|move|p2a: Armarouge|Trick Room|p2a: Armarouge
|-fieldstart|move: Trick Room|[of] p2a: Armarouge
|
|-weather|Sandstorm|[upkeep]
|-damage|p2b: Amoonguss|11/100|[from] Sandstorm
|-damage|p2a: Armarouge|21/100|[from] Sandstorm
|-damage|p1a: Tyranitar|95/100 slp|[from] Sandstorm
|upkeep
|turn|2
|inactive|3000coconut has 30 seconds left.
|
|t:|1757184669
|move|p1b: Ursaluna|Protect|p1b: Ursaluna
|-singleturn|p1b: Ursaluna|Protect
|move|p2b: Amoonguss|Spore|p1b: Ursaluna
|-activate|p1b: Ursaluna|move: Protect
|move|p2a: Armarouge|Armor Cannon|p1a: Tyranitar
|-damage|p1a: Tyranitar|54/100 slp
|-unboost|p2a: Armarouge|def|1
|-unboost|p2a: Armarouge|spd|1
|cant|p1a: Tyranitar|slp
|
|-weather|Sandstorm|[upkeep]
|-damage|p2b: Amoonguss|5/100|[from] Sandstorm
|-damage|p2a: Armarouge|15/100|[from] Sandstorm
|-damage|p1a: Tyranitar|48/100 slp|[from] Sandstorm
|upkeep
|turn|3
|inactive|JuanGuerrero09 has 30 seconds left.
|
|t:|1757184695
|switch|p2b: Azumarill|Azumarill, L50, F|100/100
|switch|p1b: Indeedee|Indeedee, L50, M|100/100
|-fieldstart|move: Psychic Terrain|[from] ability: Psychic Surge|[of] p1b: Indeedee
|move|p2a: Armarouge|Protect|p2a: Armarouge
|-singleturn|p2a: Armarouge|Protect
|cant|p1a: Tyranitar|slp
|
|-weather|Sandstorm|[upkeep]
|-damage|p2b: Azumarill|95/100|[from] Sandstorm
|-damage|p2a: Armarouge|9/100|[from] Sandstorm
|-damage|p1a: Tyranitar|43/100 slp|[from] Sandstorm
|-damage|p1b: Indeedee|95/100|[from] Sandstorm
|upkeep
|turn|4
|inactive|JuanGuerrero09 has 30 seconds left.
|inactive|JuanGuerrero09 has 20 seconds left.
|inactive|JuanGuerrero09 has 15 seconds left.
|
|t:|1757184736
|move|p2b: Azumarill|Belly Drum|p2b: Azumarill
|-damage|p2b: Azumarill|45/100
|-setboost|p2b: Azumarill|atk|6|[from] move: Belly Drum
|-enditem|p2b: Azumarill|Sitrus Berry|[eat]
|-heal|p2b: Azumarill|70/100|[from] item: Sitrus Berry
|move|p2a: Armarouge|Expanding Force|p1b: Indeedee|[spread] p1a,p1b
|-resisted|p1b: Indeedee
|-damage|p1a: Tyranitar|0 fnt
|-damage|p1b: Indeedee|50/100
|faint|p1a: Tyranitar
|move|p1b: Indeedee|Tera Blast|p2a: Armarouge
|-damage|p2a: Armarouge|0 fnt
|faint|p2a: Armarouge
|
|-weather|Sandstorm|[upkeep]
|-damage|p2b: Azumarill|64/100|[from] Sandstorm
|-damage|p1b: Indeedee|44/100|[from] Sandstorm
|upkeep
|
|t:|1757184754
|switch|p2a: Amoonguss|Amoonguss, L50, F, tera:Water|39/100
|switch|p1a: Sneasler|Sneasler, L50, F|100/100
|-enditem|p1a: Sneasler|Psychic Seed
|-boost|p1a: Sneasler|spd|1|[from] item: Psychic Seed
|turn|5
|inactive|3000coconut has 30 seconds left.
|
|t:|1757184780
|move|p1a: Sneasler|Protect|p1a: Sneasler
|-singleturn|p1a: Sneasler|Protect
|move|p2a: Amoonguss|Spore|p1b: Indeedee
|-status|p1b: Indeedee|slp|[from] move: Spore
|move|p2b: Azumarill|Liquidation|p1a: Sneasler
|-activate|p1a: Sneasler|move: Protect
|cant|p1b: Indeedee|slp
|
|-weather|none
|-fieldend|move: Trick Room
|upkeep
|turn|6
|
|t:|1757184797
|move|p2a: Amoonguss|Rage Powder|p2a: Amoonguss
|-singleturn|p2a: Amoonguss|move: Rage Powder
|move|p1a: Sneasler|Dire Claw|p2a: Amoonguss
|-damage|p2a: Amoonguss|0 fnt
|-damage|p1a: Sneasler|84/100|[from] item: Rocky Helmet|[of] p2a: Amoonguss
|faint|p2a: Amoonguss
|-curestatus|p1b: Indeedee|slp|[msg]
|move|p1b: Indeedee|Tera Blast|p2b: Azumarill
|-damage|p2b: Azumarill|11/100
|move|p2b: Azumarill|Liquidation|p1a: Sneasler
|-damage|p1a: Sneasler|0 fnt
|faint|p1a: Sneasler
|
|upkeep
|
|t:|1757184814
|switch|p1a: Ursaluna|Ursaluna-Bloodmoon, L50, M|91/100
|switch|p2a: Indeedee|Indeedee-F, L50, F|100/100
|turn|7
|
|t:|1757184826
|move|p2a: Indeedee|Follow Me|p2a: Indeedee
|-singleturn|p2a: Indeedee|move: Follow Me
|move|p1b: Indeedee|Tera Blast|p2a: Indeedee
|-damage|p2a: Indeedee|60/100
|move|p1a: Ursaluna|Hyper Voice|p2a: Indeedee|[spread] p2a,p2b
|-damage|p2a: Indeedee|21/100
|-damage|p2b: Azumarill|0 fnt
|faint|p2b: Azumarill
|-damage|p1a: Ursaluna|81/100|[from] item: Life Orb
|
|-fieldend|move: Psychic Terrain
|upkeep
|turn|8
|
|t:|1757184838
|move|p1b: Indeedee|Tera Blast|p2a: Indeedee
|-damage|p2a: Indeedee|0 fnt
|faint|p2a: Indeedee
|
|win|JuanGuerrero09
|raw|JuanGuerrero09's rating: 1071 → 1097(+26 for winning)
|raw|3000coconut's rating: 1027 → 1015(-12 for losing)
