|j|☆SlaymonSays
|j|☆cm3112
|html|SlaymonSayscm3112    
|uhtml|bestof|Game 1 of a best-of-3
|t:|1757753826
|gametype|doubles
|player|p1|SlaymonSays|1|1389
|player|p2|cm3112|265|1351
|gen|9
|tier|[Gen 9] VGC 2025 Reg H (Bo3)
|rated|
|rule|Species Clause: Limit one of each Pokémon
|rule|Item Clause: Limit 1 of each item
|clearpoke
|poke|p1|Ursaluna-Bloodmoon, L50, M|
|poke|p1|Dragonite, L50, M|
|poke|p1|Gholdengo, L50|
|poke|p1|Rillaboom, L50, F|
|poke|p1|Incineroar, L50, F|
|poke|p1|Ninetales-Alola, L50, F|
|poke|p2|Archaludon, L50, M|
|poke|p2|Maushold-Four, L50|
|poke|p2|Pelipper, L50, F|
|poke|p2|Basculegion, L50, M|
|poke|p2|Amoonguss, L50, M|
|poke|p2|Hydreigon, L50, F|
|teampreview|4
|showteam|p1|Ursaluna-Bloodmoon||LifeOrb|MindsEye|BloodMoon,HyperVoice,EarthPower,Protect|||M|||50|,,,,,Normal]Dragonite||LoadedDice|InnerFocus|ScaleShot,Haze,Tailwind,Protect|||M|||50|,,,,,Fairy]Gholdengo||Leftovers|GoodasGold|MakeItRain,ShadowBall,NastyPlot,Protect||||||50|,,,,,Water]Rillaboom||AssaultVest|GrassySurge|FakeOut,GrassyGlide,WoodHammer,HighHorsepower|||F|||50|,,,,,Fire]Incineroar||SafetyGoggles|Intimidate|FakeOut,FlareBlitz,KnockOff,PartingShot|||F|||50|,,,,,Ghost]Ninetales-Alola||CovertCloak|SnowWarning|Blizzard,FreezeDry,AuroraVeil,Encore|||F|||50|,,,,,Fire
|showteam|p2|Archaludon||AssaultVest|Stamina|FlashCannon,ElectroShot,DracoMeteor,BodyPress|||M|||50|,,,,,Fairy]Maushold-Four||WideLens|Technician|PopulationBomb,BeatUp,FollowMe,Protect||||||50|,,,,,Ghost]Pelipper||FocusSash|Drizzle|MuddyWater,Hurricane,WideGuard,Protect|||F|||50|,,,,,Grass]Basculegion||ChoiceBand|SwiftSwim|WaveCrash,FlipTurn,AquaJet,LastRespects|||M|||50|,,,,,Grass]Amoonguss||CovertCloak|Regenerator|Spore,RagePowder,PollenPuff,ClearSmog|||M|||50|,,,,,Dark]Hydreigon||SafetyGoggles|Levitate|Snarl,DracoMeteor,FocusEnergy,Tailwind|||F|||50|,,,,,Steel
|inactive|Battle timer is ON: inactive players will automatically lose when time's up. (requested by cm3112)
|
|t:|1757753856
|teamsize|p1|4
|teamsize|p2|4
|start
|switch|p1a: Gholdengo|Gholdengo, L50|100/100
|switch|p1b: Rillaboom|Rillaboom, L50, F|100/100
|switch|p2a: Maushold|Maushold-Four, L50|100/100
|switch|p2b: Basculegion|Basculegion, L50, M|100/100
|-fieldstart|move: Grassy Terrain|[from] ability: Grassy Surge|[of] p1b: Rillaboom
|turn|1
|
|t:|1757753873
|-terastallize|p2b: Basculegion|Grass
|move|p1a: Gholdengo|Protect|p1a: Gholdengo
|-singleturn|p1a: Gholdengo|Protect
|move|p1b: Rillaboom|Fake Out|p2a: Maushold
|-damage|p2a: Maushold|78/100
|cant|p2a: Maushold|flinch
|move|p2b: Basculegion|Flip Turn|p1a: Gholdengo
|-activate|p1a: Gholdengo|move: Protect
|
|-heal|p2a: Maushold|84/100|[from] Grassy Terrain
|upkeep
|turn|2
|
|t:|1757753894
|switch|p2b: Archaludon|Archaludon, L50, M|100/100
|switch|p1a: Dragonite|Dragonite, L50, M|100/100
|move|p2a: Maushold|Population Bomb|p1b: Rillaboom
|-damage|p1b: Rillaboom|90/100
|-crit|p1b: Rillaboom
|-damage|p1b: Rillaboom|71/100
|-damage|p1b: Rillaboom|59/100
|-damage|p1b: Rillaboom|48/100
|-damage|p1b: Rillaboom|37/100
|-damage|p1b: Rillaboom|24/100
|-damage|p1b: Rillaboom|13/100
|-damage|p1b: Rillaboom|2/100
|-damage|p1b: Rillaboom|0 fnt
|faint|p1b: Rillaboom
|-hitcount|p1: Rillaboom|9
|
|-heal|p2a: Maushold|90/100|[from] Grassy Terrain
|upkeep
|
|t:|1757753905
|switch|p1b: Incineroar|Incineroar, L50, F|100/100
|-ability|p1b: Incineroar|Intimidate|boost
|-unboost|p2a: Maushold|atk|1
|-unboost|p2b: Archaludon|atk|1
|turn|3
|
|t:|1757753928
|move|p1b: Incineroar|Fake Out|p2b: Archaludon
|-resisted|p2b: Archaludon
|-damage|p2b: Archaludon|96/100
|-ability|p2b: Archaludon|Stamina|boost
|-boost|p2b: Archaludon|def|1
|move|p2a: Maushold|Beat Up|p2b: Archaludon
|-damage|p2b: Archaludon|95/100
|-ability|p2b: Archaludon|Stamina|boost
|-boost|p2b: Archaludon|def|1
|-damage|p2b: Archaludon|93/100
|-ability|p2b: Archaludon|Stamina|boost
|-boost|p2b: Archaludon|def|1
|-damage|p2b: Archaludon|91/100
|-ability|p2b: Archaludon|Stamina|boost
|-boost|p2b: Archaludon|def|1
|-damage|p2b: Archaludon|90/100
|-ability|p2b: Archaludon|Stamina|boost
|-boost|p2b: Archaludon|def|1
|-hitcount|p2b: Archaludon|4
|move|p1a: Dragonite|Scale Shot|p2a: Maushold
|-damage|p2a: Maushold|66/100
|-damage|p2a: Maushold|43/100
|-damage|p2a: Maushold|19/100
|-damage|p2a: Maushold|0 fnt
|faint|p2a: Maushold
|-hitcount|p2: Maushold|4
|-unboost|p1a: Dragonite|def|1
|-boost|p1a: Dragonite|spe|1
|cant|p2b: Archaludon|flinch
|
|-heal|p2b: Archaludon|96/100|[from] Grassy Terrain
|upkeep
|
|t:|1757753939
|switch|p2a: Basculegion|Basculegion, L50, M, tera:Grass|100/100
|turn|4
|
|t:|1757753955
|-terastallize|p1b: Incineroar|Ghost
|move|p1a: Dragonite|Haze|p1a: Dragonite
|-clearallboost
|move|p2a: Basculegion|Flip Turn|p1b: Incineroar
|-crit|p1b: Incineroar
|-damage|p1b: Incineroar|31/100
|
|t:|1757753963
|switch|p2a: Pelipper|Pelipper, L50, F|100/100|[from] Flip Turn
|-weather|RainDance|[from] ability: Drizzle|[of] p2a: Pelipper
|move|p2b: Archaludon|Flash Cannon|p1a: Dragonite
|-damage|p1a: Dragonite|57/100
|-unboost|p1a: Dragonite|spd|1
|move|p1b: Incineroar|Flare Blitz|p2a: Pelipper
|-resisted|p2a: Pelipper
|-damage|p2a: Pelipper|83/100
|-damage|p1b: Incineroar|27/100|[from] Recoil
|
|-weather|RainDance|[upkeep]
|-heal|p2b: Archaludon|100/100|[from] Grassy Terrain
|-heal|p1b: Incineroar|33/100|[from] Grassy Terrain
|upkeep
|turn|5
|inactive|SlaymonSays has 30 seconds left.
|
|t:|1757753988
|move|p1a: Dragonite|Protect|p1a: Dragonite
|-singleturn|p1a: Dragonite|Protect
|move|p2a: Pelipper|Hurricane|p1b: Incineroar
|-crit|p1b: Incineroar
|-damage|p1b: Incineroar|0 fnt
|faint|p1b: Incineroar
|move|p2b: Archaludon|Electro Shot||[still]
|-prepare|p2b: Archaludon|Electro Shot
|-boost|p2b: Archaludon|spa|1
|-anim|p2b: Archaludon|Electro Shot|p1a: Dragonite
|-activate|p1a: Dragonite|move: Protect
|
|-weather|RainDance|[upkeep]
|-fieldend|move: Grassy Terrain
|upkeep
|
|t:|1757753994
|switch|p1b: Gholdengo|Gholdengo, L50|100/100
|turn|6
|
|t:|1757754004
|move|p1a: Dragonite|Tailwind|p1a: Dragonite
|-sidestart|p1: SlaymonSays|move: Tailwind
|move|p1b: Gholdengo|Nasty Plot|p1b: Gholdengo
|-boost|p1b: Gholdengo|spa|2
|move|p2a: Pelipper|Muddy Water|p1b: Gholdengo|[spread] p1a,p1b
|-resisted|p1a: Dragonite
|-damage|p1a: Dragonite|20/100
|-damage|p1b: Gholdengo|53/100
|-unboost|p1b: Gholdengo|accuracy|1
|move|p2b: Archaludon|Electro Shot||[still]
|-prepare|p2b: Archaludon|Electro Shot
|-boost|p2b: Archaludon|spa|1
|-anim|p2b: Archaludon|Electro Shot|p1b: Gholdengo
|-damage|p1b: Gholdengo|0 fnt
|faint|p1b: Gholdengo
|
|-weather|RainDance|[upkeep]
|upkeep
|turn|7
|
|t:|1757754011
|move|p1a: Dragonite|Scale Shot|p2a: Pelipper|[miss]
|-miss|p1a: Dragonite|p2a: Pelipper
|move|p2a: Pelipper|Muddy Water|p1a: Dragonite
|-resisted|p1a: Dragonite
|-damage|p1a: Dragonite|0 fnt
|faint|p1a: Dragonite
|
|win|cm3112
||SlaymonSays is ready for game 2.
||cm3112 is ready for game 2.
|uhtml|next|Next: Game 2 of 3
|l|☆cm3112
|player|p2|
