|j|☆sturmkitten69
|j|☆goatdengo80
|html|sturmkitten69goatdengo80    
|uhtml|bestof|Game 1 of a best-of-3
|t:|1785403107
|gametype|doubles
|player|p1|sturmkitten69|fisherman-gen4|1219
|player|p2|goatdengo80|artist|1132
|gen|9
|tier|[Gen 9 Champions] VGC 2026 Reg M-B (Bo3)
|rated|
|rule|Species Clause: Limit one of each Pokémon
|rule|Item Clause: Limit 1 of each item
|clearpoke
|poke|p1|Tyranitar, L50, F|
|poke|p1|Excadrill, L50, F|
|poke|p1|Gholdengo, L50|
|poke|p1|Sylveon, L50, M|
|poke|p1|Farigiraf, L50, F, shiny|
|poke|p1|Incineroar, L50, M, shiny|
|poke|p2|Floette-Eternal, L50, F|
|poke|p2|Incineroar, L50, F|
|poke|p2|Farigiraf, L50, F|
|poke|p2|Milotic, L50, F|
|poke|p2|Delphox, L50, M|
|poke|p2|Sneasler, L50, M|
|teampreview|4
|showteam|p1|Tyranitar||Tyranitarite|SandStream|KnockOff,Protect,RockSlide,DragonDance|Adamant||F|||50|]Excadrill||FocusSash|SandRush|Earthquake,RockSlide,Protect,IronHead|Adamant||F|||50|]Gholdengo||LifeOrb|GoodasGold|ShadowBall,Protect,MakeItRain,NastyPlot|Modest|||||50|]Sylveon||FairyFeather|Pixilate|HyperVoice,HyperBeam,Protect,QuickAttack|Modest||M|||50|]Farigiraf||SitrusBerry|ArmorTail|Psychic,Thunderbolt,HelpingHand,TrickRoom|Bold||F|||50|]Incineroar||PasshoBerry|Intimidate|FakeOut,PartingShot,ThroatChop,FlareBlitz|Impish||M|||50|
|showteam|p2|Floette-Eternal||Floettite|FlowerVeil|DrainingKiss,DazzlingGleam,LightofRuin,Protect|Timid||F|||50|]Incineroar||ChopleBerry|Intimidate|FakeOut,ThroatChop,FlareBlitz,PartingShot|Impish||F|||50|]Farigiraf||SitrusBerry|ArmorTail|TwinBeam,Thunderbolt,Roar,TrickRoom|Quiet||F|||50|]Milotic||Leftovers|Competitive|MuddyWater,Hypnosis,Recover,Coil|Bold||F|||50|]Delphox||Delphoxite|Blaze|HeatWave,Psyshock,NastyPlot,Protect|Timid||M|||50|]Sneasler||WhiteHerb|Unburden|FakeOut,CloseCombat,DireClaw,ThroatChop|Jolly||M|||50|
|
|t:|1785403156
|teamsize|p1|4
|teamsize|p2|4
|start
|switch|p1a: Tyranitar|Tyranitar, L50, F|100/100
|switch|p1b: Excadrill|Excadrill, L50, F|100/100
|switch|p2a: Delphox|Delphox, L50, M|100/100
|switch|p2b: Incineroar|Incineroar, L50, F|100/100
|-weather|Sandstorm|[from] ability: Sand Stream|[of] p1a: Tyranitar
|-ability|p2b: Incineroar|Intimidate|boost
|-unboost|p1a: Tyranitar|atk|1
|-unboost|p1b: Excadrill|atk|1
|turn|1
|inactive|Battle timer is ON: inactive players will automatically lose when time's up. (requested by goatdengo80)
|
|t:|1785403216
|detailschange|p2a: Delphox|Delphox-Mega, L50, M
|-mega|p2a: Delphox|Delphox|Delphoxite
|detailschange|p1a: Tyranitar|Tyranitar-Mega, L50, F
|-mega|p1a: Tyranitar|Tyranitar|Tyranitarite
|move|p2b: Incineroar|Fake Out|p1b: Excadrill
|-resisted|p1b: Excadrill|1
|-damage|p1b: Excadrill|93/100
|cant|p1b: Excadrill|flinch
|move|p2a: Delphox|Heat Wave|p1b: Excadrill|[spread] p1a,p1b
|-resisted|p1a: Tyranitar|1
|-supereffective|p1b: Excadrill|1
|-damage|p1a: Tyranitar|89/100
|-damage|p1b: Excadrill|0 fnt
|faint|p1b: Excadrill
|move|p1a: Tyranitar|Rock Slide|p2a: Delphox|[spread] p2a,p2b
|-supereffective|p2a: Delphox|1
|-supereffective|p2b: Incineroar|1
|-damage|p2a: Delphox|28/100
|-damage|p2b: Incineroar|58/100
|
|-weather|Sandstorm|[upkeep]
|-damage|p2a: Delphox|23/100|[from] Sandstorm
|-damage|p2b: Incineroar|52/100|[from] Sandstorm
|upkeep
|
|t:|1785403237
|switch|p1b: Sylveon|Sylveon, L50, M|100/100
|turn|2
|
|t:|1785403258
|move|p1b: Sylveon|Protect|p1b: Sylveon
|-singleturn|p1b: Sylveon|Protect
|move|p2a: Delphox|Heat Wave|p1b: Sylveon|[spread] p1a
|-activate|p1b: Sylveon|move: Protect
|-resisted|p1a: Tyranitar|1
|-damage|p1a: Tyranitar|79/100
|move|p1a: Tyranitar|Dragon Dance|p1a: Tyranitar
|-boost|p1a: Tyranitar|atk|1
|-boost|p1a: Tyranitar|spe|1
|move|p2b: Incineroar|Parting Shot|p1b: Sylveon
|-activate|p1b: Sylveon|move: Protect
|
|-weather|Sandstorm|[upkeep]
|-damage|p2a: Delphox|17/100|[from] Sandstorm
|-damage|p1b: Sylveon|93/100|[from] Sandstorm
|-damage|p2b: Incineroar|46/100|[from] Sandstorm
|upkeep
|turn|3
|
|t:|1785403281
|move|p2a: Delphox|Protect|p2a: Delphox
|-singleturn|p2a: Delphox|Protect
|move|p1a: Tyranitar|Rock Slide|p2a: Delphox|[spread] p2b
|-activate|p2a: Delphox|move: Protect
|-supereffective|p2b: Incineroar|1
|-damage|p2b: Incineroar|0 fnt
|faint|p2b: Incineroar
|move|p1b: Sylveon|Hyper Voice|p2a: Delphox
|-activate|p2a: Delphox|move: Protect
|
|-weather|Sandstorm|[upkeep]
|-damage|p2a: Delphox|11/100|[from] Sandstorm
|-damage|p1b: Sylveon|87/100|[from] Sandstorm
|upkeep
|
|t:|1785403290
|switch|p2b: Milotic|Milotic, L50, F|100/100
|turn|4
|
|t:|1785403306
|switch|p2a: Farigiraf|Farigiraf, L50, F|100/100
|move|p1a: Tyranitar|Knock Off|p2b: Milotic
|-damage|p2b: Milotic|40/100
|-enditem|p2b: Milotic|Leftovers|[from] move: Knock Off|[of] p1a: Tyranitar
|move|p2b: Milotic|Coil|p2b: Milotic
|-boost|p2b: Milotic|atk|1
|-boost|p2b: Milotic|def|1
|-boost|p2b: Milotic|accuracy|1
|move|p1b: Sylveon|Hyper Voice|p2b: Milotic|[spread] p2a,p2b
|-damage|p2a: Farigiraf|54/100
|-damage|p2b: Milotic|10/100
|
|-weather|Sandstorm|[upkeep]
|-damage|p2b: Milotic|4/100|[from] Sandstorm
|-damage|p1b: Sylveon|81/100|[from] Sandstorm
|-damage|p2a: Farigiraf|48/100|[from] Sandstorm
|-enditem|p2a: Farigiraf|Sitrus Berry|[eat]
|-heal|p2a: Farigiraf|73/100|[from] item: Sitrus Berry
|upkeep
|turn|5
|
|t:|1785403327
|move|p1a: Tyranitar|Knock Off|p2a: Farigiraf
|-supereffective|p2a: Farigiraf|1
|-damage|p2a: Farigiraf|0 fnt
|faint|p2a: Farigiraf
|move|p2b: Milotic|Recover|p2b: Milotic
|-heal|p2b: Milotic|54/100
|move|p1b: Sylveon|Hyper Voice|p2b: Milotic
|-damage|p2b: Milotic|13/100
|
|-weather|none
|upkeep
|
|t:|1785403331
|switch|p2a: Delphox|Delphox-Mega, L50, M|11/100
|turn|6
|
|t:|1785403345
|move|p2a: Delphox|Heat Wave|p1a: Tyranitar|[spread] p1a,p1b
|-resisted|p1a: Tyranitar|1
|-damage|p1a: Tyranitar|64/100
|-damage|p1b: Sylveon|48/100
|-status|p1a: Tyranitar|brn
|move|p1a: Tyranitar|Rock Slide|p2a: Delphox|[spread] p2a,p2b
|-supereffective|p2a: Delphox|1
|-damage|p2a: Delphox|0 fnt
|-damage|p2b: Milotic|3/100
|faint|p2a: Delphox
|cant|p2b: Milotic|flinch
|move|p1b: Sylveon|Hyper Voice|p2b: Milotic
|-damage|p2b: Milotic|0 fnt
|faint|p2b: Milotic
|
|win|sturmkitten69
|inactive|sturmkitten69 has 30 seconds to confirm battle start!
|inactive|goatdengo80 has 30 seconds to confirm battle start!
||goatdengo80 is ready for game 2.
||sturmkitten69 is ready for game 2.
|uhtml|next|Next: Game 2 of 3
