|j|☆Declan777
|j|☆KritAmi
|html|Declan777KritAmi    
|uhtml|bestof|Game 2 of a best-of-3
|t:|1784057449
|gametype|doubles
|player|p1|Declan777|unknown|1119
|player|p2|KritAmi|101|1040
|gen|9
|tier|[Gen 9 Champions] VGC 2026 Reg M-B (Bo3)
|rated|
|rule|Species Clause: Limit one of each Pokémon
|rule|Item Clause: Limit 1 of each item
|clearpoke
|poke|p1|Ampharos, L50, F|
|poke|p1|Sinistcha, L50|
|poke|p1|Metagross, L50, shiny|
|poke|p1|Toxapex, L50, M|
|poke|p1|Pelipper, L50, F|
|poke|p1|Tauros-Paldea-Aqua, L50, M|
|poke|p2|Floette-Eternal, L50, F|
|poke|p2|Metagross, L50, shiny|
|poke|p2|Talonflame, L50, F, shiny|
|poke|p2|Garchomp, L50, F|
|poke|p2|Ceruledge, L50, M|
|poke|p2|Ninetales-Alola, L50, F, shiny|
|teampreview|4
|showteam|p1|Ampharos||Ampharosite|Static|CottonGuard,Thunderbolt,DragonPulse,Protect|Modest||F|||50|]Sinistcha||ColburBerry|Hospitality|TrickRoom,MatchaGotcha,RagePowder,Protect|Bold|||||50|]Metagross||Metagrossite|ClearBody|IronHead,BulletPunch,PsychicFangs,Protect|Jolly|||||50|]Toxapex||Leftovers|Regenerator|Toxic,BanefulBunker,Infestation,WideGuard|Sassy||M|||50|]Pelipper||FocusSash|Drizzle|WeatherBall,Hurricane,IceBeam,Protect|Modest||F|||50|]Tauros-Paldea-Aqua||LifeOrb|Intimidate|AquaJet,CloseCombat,WaveCrash,Protect|Jolly||M|||50|
|showteam|p2|Floette-Eternal||Floettite|FlowerVeil|LightofRuin,Moonblast,DazzlingGleam,Protect|Timid||F|||50|]Metagross||Metagrossite|ClearBody|IronHead,ThunderPunch,PsychicFangs,Protect|Jolly|||||50|]Talonflame||SharpBeak|GaleWings|Tailwind,DualWingbeat,FlareBlitz,Protect|Jolly||F|||50|]Garchomp||LifeOrb|RoughSkin|DragonClaw,RockSlide,StompingTantrum,Protect|Jolly||F|||50|]Ceruledge||SitrusBerry|FlashFire|BitterBlade,ShadowSneak,BulkUp,Protect|Jolly||M|||50|]Ninetales-Alola||LightClay|SnowWarning|Blizzard,AuroraVeil,Encore,Protect|Timid||F|||50|
|
|t:|1784057481
|teamsize|p1|4
|teamsize|p2|4
|start
|switch|p1a: Ampharos|Ampharos, L50, F|100/100
|switch|p1b: Sinistcha|Sinistcha, L50|100/100
|switch|p2a: Garchomp|Garchomp, L50, F|100/100
|switch|p2b: Talonflame|Talonflame, L50, F, shiny|100/100
|turn|1
|inactive|Battle timer is ON: inactive players will automatically lose when time's up. (requested by Declan777)
|
|t:|1784057497
|switch|p1a: Pelipper|Pelipper, L50, F|100/100
|-weather|RainDance|[from] ability: Drizzle|[of] p1a: Pelipper
|move|p2b: Talonflame|Tailwind|p2b: Talonflame
|-sidestart|p2: KritAmi|move: Tailwind
|move|p2a: Garchomp|Rock Slide|p1b: Sinistcha|[spread] p1a,p1b
|-supereffective|p1a: Pelipper|1
|-damage|p1a: Pelipper|33/100
|-damage|p1b: Sinistcha|78/100
|-damage|p2a: Garchomp|90/100|[from] item: Life Orb
|cant|p1b: Sinistcha|flinch
|
|-weather|RainDance|[upkeep]
|upkeep
|turn|2
|inactive|Declan777 has 30 seconds left.
|inactive|Declan777 has 20 seconds left.
|inactive|Declan777 has 15 seconds left.
|inactive|Declan777 has 10 seconds left.
|
|t:|1784057543
|move|p1a: Pelipper|Protect|p1a: Pelipper
|-singleturn|p1a: Pelipper|Protect
|move|p2b: Talonflame|Dual Wingbeat|p1b: Sinistcha
|-supereffective|p1b: Sinistcha|1
|-damage|p1b: Sinistcha|48/100
|-supereffective|p1b: Sinistcha|1
|-damage|p1b: Sinistcha|20/100y
|-hitcount|p1b: Sinistcha|2
|move|p2a: Garchomp|Stomping Tantrum|p1a: Pelipper
|-activate|p1a: Pelipper|move: Protect
|move|p1b: Sinistcha|Trick Room|p1b: Sinistcha
|-fieldstart|move: Trick Room|[of] p1b: Sinistcha
|
|-weather|RainDance|[upkeep]
|upkeep
|turn|3
|inactive|Declan777 has 30 seconds left.
|inactive|Declan777 has 20 seconds left.
|
|t:|1784057580
|switch|p2b: Ninetales|Ninetales-Alola, L50, F, shiny|100/100
|-weather|Snowscape|[from] ability: Snow Warning|[of] p2b: Ninetales
|move|p1b: Sinistcha|Protect|p1b: Sinistcha
|-singleturn|p1b: Sinistcha|Protect
|move|p1a: Pelipper|Weather Ball|p2b: Ninetales
|-resisted|p2b: Ninetales|1
|-damage|p2b: Ninetales|83/100
|move|p2a: Garchomp|Stomping Tantrum|p1b: Sinistcha
|-activate|p1b: Sinistcha|move: Protect
|
|-weather|Snowscape|[upkeep]
|upkeep
|turn|4
|
|t:|1784057603
|move|p1b: Sinistcha|Matcha Gotcha|p2a: Garchomp|[spread] p2a,p2b
|-damage|p2a: Garchomp|65/100
|-heal|p1b: Sinistcha|33/100|[from] drain|[of] p2a: Garchomp
|-damage|p2b: Ninetales|56/100
|-heal|p1b: Sinistcha|46/100|[from] drain|[of] p2b: Ninetales
|-status|p2b: Ninetales|brn
|move|p1a: Pelipper|Weather Ball|p2a: Garchomp
|-supereffective|p2a: Garchomp|2
|-damage|p2a: Garchomp|0 fnt
|faint|p2a: Garchomp
|move|p2b: Ninetales|Aurora Veil|p2b: Ninetales
|-sidestart|p2: KritAmi|move: Aurora Veil
|
|-weather|Snowscape|[upkeep]
|-damage|p2b: Ninetales|50/100g brn|[from] brn
|-sideend|p2: KritAmi|move: Tailwind
|upkeep
|
|t:|1784057620
|switch|p2a: Metagross|Metagross, L50, shiny|100/100
|turn|5
|inactive|Declan777 has 30 seconds left.
|
|t:|1784057649
|detailschange|p2a: Metagross|Metagross-Mega, L50, shiny
|-mega|p2a: Metagross|Metagross|Metagrossite
|move|p1b: Sinistcha|Matcha Gotcha|p2b: Ninetales|[spread] p2a,p2b
|-resisted|p2a: Metagross|1
|-damage|p2a: Metagross|91/100
|-heal|p1b: Sinistcha|50/100g|[from] drain|[of] p2a: Metagross
|-damage|p2b: Ninetales|35/100 brn
|-heal|p1b: Sinistcha|58/100|[from] drain|[of] p2b: Ninetales
|move|p1a: Pelipper|Hurricane|p2b: Ninetales
|-damage|p2b: Ninetales|2/100 brn
|move|p2b: Ninetales|Blizzard|p1a: Pelipper|[spread] p1a,p1b
|-supereffective|p1b: Sinistcha|1
|-crit|p1b: Sinistcha
|-damage|p1a: Pelipper|0 fnt
|-damage|p1b: Sinistcha|0 fnt
|faint|p1a: Pelipper
|faint|p1b: Sinistcha
|move|p2a: Metagross|Thunder Punch|p1: Pelipper|[notarget]
|-fail|p2a: Metagross
|
|-weather|Snowscape|[upkeep]
|-damage|p2b: Ninetales|0 fnt|[from] brn
|faint|p2b: Ninetales
|upkeep
|
|t:|1784057665
|switch|p1b: Toxapex|Toxapex, L50, M|100/100
|switch|p1a: Ampharos|Ampharos, L50, F|100/100
|switch|p2b: Talonflame|Talonflame, L50, F, shiny|100/100
|turn|6
|
|t:|1784057680
|detailschange|p1a: Ampharos|Ampharos-Mega, L50, F
|-mega|p1a: Ampharos|Ampharos|Ampharosite
|-ability|p1a: Ampharos|Mold Breaker
|move|p1b: Toxapex|Baneful Bunker|p1b: Toxapex
|-singleturn|p1b: Toxapex|move: Protect
|move|p2b: Talonflame|Protect|p2b: Talonflame
|-singleturn|p2b: Talonflame|Protect
|move|p1a: Ampharos|Cotton Guard|p1a: Ampharos
|-boost|p1a: Ampharos|def|3
|move|p2a: Metagross|Psychic Fangs|p1b: Toxapex
|-activate|p1b: Toxapex|move: Protect
|
|-weather|Snowscape|[upkeep]
|-fieldend|move: Trick Room
|upkeep
|turn|7
|inactive|Declan777 has 30 seconds left.
|
|t:|1784057708
|move|p2b: Talonflame|Tailwind|p2b: Talonflame
|-sidestart|p2: KritAmi|move: Tailwind
|move|p2a: Metagross|Psychic Fangs|p1b: Toxapex
|-supereffective|p1b: Toxapex|1
|-damage|p1b: Toxapex|14/100
|move|p1a: Ampharos|Cotton Guard|p1a: Ampharos
|-boost|p1a: Ampharos|def|3
|move|p1b: Toxapex|Infestation|p2a: Metagross
|-damage|p2a: Metagross|89/100
|-activate|p2a: Metagross|move: Infestation|[of] p1b: Toxapex
|
|-weather|none
|-heal|p1b: Toxapex|20/100y|[from] item: Leftovers
|-damage|p2a: Metagross|77/100|[from] move: Infestation|[partiallytrapped]
|upkeep
|turn|8
|
|t:|1784057727
|move|p1b: Toxapex|Baneful Bunker|p1b: Toxapex
|-singleturn|p1b: Toxapex|move: Protect
|move|p2b: Talonflame|Flare Blitz|p1a: Ampharos
|-resisted|p1a: Ampharos|1
|-damage|p1a: Ampharos|94/100
|-damage|p2b: Talonflame|97/100|[from] Recoil
|move|p2a: Metagross|Iron Head|p1a: Ampharos
|-resisted|p1a: Ampharos|1
|-damage|p1a: Ampharos|88/100
|move|p1a: Ampharos|Thunderbolt|p2b: Talonflame
|-supereffective|p2b: Talonflame|1
|-damage|p2b: Talonflame|0 fnt
|faint|p2b: Talonflame
|
|-heal|p1b: Toxapex|26/100|[from] item: Leftovers
|-damage|p2a: Metagross|65/100|[from] move: Infestation|[partiallytrapped]
|upkeep
|turn|9
|
|t:|1784057743
|move|p2a: Metagross|Thunder Punch|p1b: Toxapex
|-supereffective|p1b: Toxapex|1
|-damage|p1b: Toxapex|0 fnt
|faint|p1b: Toxapex
|move|p1a: Ampharos|Thunderbolt|p2a: Metagross
|-damage|p2a: Metagross|20/100y
|
|-end|p2a: Metagross|Infestation|[partiallytrapped]|[silent]
|upkeep
|turn|10
|
|t:|1784057752
|move|p2a: Metagross|Psychic Fangs|p1a: Ampharos
|-damage|p1a: Ampharos|74/100
|move|p1a: Ampharos|Thunderbolt|p2a: Metagross
|-damage|p2a: Metagross|0 fnt
|faint|p2a: Metagross
|
|win|Declan777
|raw|Declan777's rating: 1119 → 1138(+19 for winning)
|raw|KritAmi's rating: 1040 → 1028(-12 for losing)
