|j|â˜†shaboogles
|j|â˜†ThatGuyInAMask
|html|shabooglesThatGuyInAMask    
|uhtml|bestof|Game 1 of a best-of-3
|t:|1783527404
|gametype|doubles
|player|p1|shaboogles|rosa|
|player|p2|ThatGuyInAMask|burglar|
|gen|9
|tier|[Gen 9 Champions] VGC 2026 Reg M-B (Bo3)
|rule|Species Clause: Limit one of each PokÃ©mon
|rule|Item Clause: Limit 1 of each item
|clearpoke
|poke|p1|Chandelure, L50, M|
|poke|p1|Garganacl, L50, F|
|poke|p1|Greninja, L50, F|
|poke|p1|Rotom-Mow, L50|
|poke|p1|Krookodile, L50, F|
|poke|p1|Ariados, L50, F|
|poke|p2|Swampert, L50, M|
|poke|p2|Drampa, L50, M|
|poke|p2|Gardevoir, L50, F, shiny|
|poke|p2|Rotom-Mow, L50|
|poke|p2|Liepard, L50, M, shiny|
|poke|p2|Pidgeot, L50, M, shiny|
|teampreview|4
|showteam|p1|Chandelure||Chandelurite|Infiltrator|HeatWave,ShadowBall,TrickRoom,Protect|Modest||M|||50|]Garganacl||Leftovers|PurifyingSalt|WideGuard,SaltCure,Recover,Protect|Sassy||F|||50|]Greninja||Greninjite|Torrent|IcyWind,Protect,HydroPump,DarkPulse|Timid||F|||50|]Rotom-Mow||ChoiceScarf|Levitate|Thunderbolt,LeafStorm,Electroweb,Trick|Timid|||||50|]Krookodile||PasshoBerry|Intimidate|Crunch,Taunt,Protect,HighHorsepower|Adamant||F|||50|]Ariados||ScopeLens|Sniper|CrossPoison,Protect,RagePowder,KnockOff|Impish||F|||50|
|showteam|p2|Swampert||RindoBerry|Torrent|WaveCrash,Earthquake,HammerArm,Protect|Adamant||M|||50|]Drampa||SitrusBerry|CloudNine|Protect,DragonPulse,Flamethrower,HyperVoice|Modest||M|||50|]Gardevoir||FairyFeather|Trace|Protect,Psychic,DazzlingGleam,Moonblast|Timid||F|||50|]Rotom-Mow||ChoiceScarf|Levitate|Electroweb,VoltSwitch,LeafStorm,Thunderbolt|Timid|||||50|]Liepard||FocusSash|Prankster|FakeOut,Encore,Taunt,KnockOff|Jolly||M|||50|]Pidgeot||Pidgeotite|KeenEye|Tailwind,Hurricane,HeatWave,Protect|Timid||M|||50|
|
|t:|1783527449
|teamsize|p1|4
|teamsize|p2|4
|start
|switch|p1a: Chandelure|Chandelure, L50, M|100/100
|switch|p1b: Rotom|Rotom-Mow, L50|100/100
|switch|p2a: Liepard|Liepard, L50, M, shiny|100/100
|switch|p2b: Mowtom|Rotom-Mow, L50|100/100
|turn|1
|
|t:|1783527471
|detailschange|p1a: Chandelure|Chandelure-Mega, L50, M
|-mega|p1a: Chandelure|Chandelure|Chandelurite
|move|p2a: Liepard|Fake Out|p1b: Rotom
|-crit|p1b: Rotom
|-damage|p1b: Rotom|75/100
|move|p2b: Mowtom|Volt Switch|p1a: Chandelure
|-crit|p1a: Chandelure
|-damage|p1a: Chandelure|48/100
|
|t:|1783527477
|switch|p2b: Swampert|Swampert, L50, M|100/100|[from] Volt Switch
|cant|p1b: Rotom|flinch
|move|p1a: Chandelure|Heat Wave|p2b: Swampert|[spread] p2a,p2b
|-resisted|p2b: Swampert|1
|-enditem|p2a: Liepard|Focus Sash
|-damage|p2a: Liepard|1/100
|-damage|p2b: Swampert|76/100
|
|upkeep
|turn|2
|
|t:|1783527504
|switch|p1a: Greninja|Greninja, L50, F|100/100
|move|p1b: Rotom|Leaf Storm|p2b: Swampert
|-supereffective|p2b: Swampert|2
|-crit|p2b: Swampert
|-enditem|p2b: Swampert|Rindo Berry|[eat]
|-enditem|p2b: Swampert|Rindo Berry|[weaken]
|-damage|p2b: Swampert|0 fnt
|-unboost|p1b: Rotom|spa|2
|faint|p2b: Swampert
|move|p2a: Liepard|Knock Off|p1b: Rotom
|-damage|p1b: Rotom|19/100
|-enditem|p1b: Rotom|Choice Scarf|[from] move: Knock Off|[of] p2a: Liepard
|
|upkeep
|
|t:|1783527515
|switch|p2b: Mowtom|Rotom-Mow, L50|100/100
|turn|3
|
|t:|1783527536
|move|p2b: Mowtom|Thunderbolt|p1a: Greninja
|-supereffective|p1a: Greninja|1
|-damage|p1a: Greninja|0 fnt
|faint|p1a: Greninja
|move|p2a: Liepard|Knock Off|p1b: Rotom
|-damage|p1b: Rotom|0 fnt
|faint|p1b: Rotom
|
|upkeep
|
|t:|1783527538
|switch|p1a: Chandelure|Chandelure-Mega, L50, M|48/100
|switch|p1b: Garganacl|Garganacl, L50, F|100/100
|turn|4
|
|t:|1783527557
|switch|p2b: Gardevoir|Gardevoir, L50, F, shiny|100/100
|-ability|p2b: Gardevoir|Purifying Salt|Trace|[from] ability: Trace|[of] p1b: Garganacl
|move|p1a: Chandelure|Protect|p1a: Chandelure
|-singleturn|p1a: Chandelure|Protect
|move|p2a: Liepard|Taunt|p1a: Chandelure
|-activate|p1a: Chandelure|move: Protect
|move|p1b: Garganacl|Salt Cure|p2a: Liepard
|-damage|p2a: Liepard|0 fnt
|faint|p2a: Liepard
|
|upkeep
|
|t:|1783527568
|switch|p2a: Mowtom|Rotom-Mow, L50|100/100
|turn|5
|
|t:|1783527588
|move|p2a: Mowtom|Electroweb|p1a: Chandelure|[spread] p1a,p1b
|-damage|p1a: Chandelure|28/100
|-damage|p1b: Garganacl|86/100
|-unboost|p1a: Chandelure|spe|1
|-unboost|p1b: Garganacl|spe|1
|move|p2b: Gardevoir|Psychic|p1a: Chandelure
|-damage|p1a: Chandelure|0 fnt
|faint|p1a: Chandelure
|move|p1b: Garganacl|Salt Cure|p2a: Mowtom
|-damage|p2a: Mowtom|80/100
|-start|p2a: Mowtom|Salt Cure
|
|-heal|p1b: Garganacl|92/100|[from] item: Leftovers
|-damage|p2a: Mowtom|74/100|[from] Salt Cure
|upkeep
|turn|6
|
|t:|1783527603
|move|p2a: Mowtom|Electroweb|p1b: Garganacl
|-damage|p1b: Garganacl|75/100
|-unboost|p1b: Garganacl|spe|1
|move|p2b: Gardevoir|Moonblast|p1b: Garganacl
|-damage|p1b: Garganacl|36/100
|move|p1b: Garganacl|Salt Cure|p2b: Gardevoir
|-damage|p2b: Gardevoir|76/100
|-start|p2b: Gardevoir|Salt Cure
|
|-heal|p1b: Garganacl|42/100|[from] item: Leftovers
|-damage|p2a: Mowtom|69/100|[from] Salt Cure
|-damage|p2b: Gardevoir|70/100|[from] Salt Cure
|upkeep
|turn|7
|
|t:|1783527617
|move|p1b: Garganacl|Protect|p1b: Garganacl
|-singleturn|p1b: Garganacl|Protect
|move|p2a: Mowtom|Electroweb|p1b: Garganacl
|-activate|p1b: Garganacl|move: Protect
|move|p2b: Gardevoir|Moonblast|p1b: Garganacl
|-activate|p1b: Garganacl|move: Protect
|
|-heal|p1b: Garganacl|47/100|[from] item: Leftovers
|-damage|p2a: Mowtom|63/100|[from] Salt Cure
|-damage|p2b: Gardevoir|64/100|[from] Salt Cure
|upkeep
|turn|8
|
|t:|1783527632
|move|p2a: Mowtom|Electroweb|p1b: Garganacl
|-damage|p1b: Garganacl|29/100
|-unboost|p1b: Garganacl|spe|1
|move|p2b: Gardevoir|Moonblast|p1b: Garganacl
|-damage|p1b: Garganacl|0 fnt
|faint|p1b: Garganacl
|
|win|ThatGuyInAMask
||shaboogles is ready for game 2.
||ThatGuyInAMask is ready for game 2.
|uhtml|next|Next: Game 2 of 3
