|j|☆JCOdyssey
|j|☆eeeeva
|html|JCOdysseyeeeeva    
|uhtml|bestof|Game 2 of a best-of-3
|t:|1785274737
|gametype|doubles
|player|p1|JCOdyssey|bianca|
|player|p2|eeeeva|cyclistf|
|gen|9
|tier|[Gen 9 Champions] VGC 2026 Reg M-B (Bo3)
|rule|Species Clause: Limit one of each Pokémon
|rule|Item Clause: Limit 1 of each item
|clearpoke
|poke|p1|Rotom-Mow, L50|
|poke|p1|Dragalge, L50, M|
|poke|p1|Farigiraf, L50, M|
|poke|p1|Tinkaton, L50, F|
|poke|p1|Sandaconda, L50, F|
|poke|p1|Gallade, L50, M|
|poke|p2|Talonflame, L50, M|
|poke|p2|Trevenant, L50, F|
|poke|p2|Floette-Eternal, L50, F|
|poke|p2|Maushold-Four, L50|
|poke|p2|Milotic, L50, F|
|poke|p2|Hatterene, L50, F|
|teampreview|4
|showteam|p1|Rotom-Mow||WhiteHerb|Levitate|LeafStorm,Thunder,VoltSwitch,Protect|Modest|||||50|]Dragalge||Dragalgite|PoisonPoint|SludgeWave,Thunderbolt,FlipTurn,Protect|Sassy||M|||50|]Farigiraf||MentalHerb|ArmorTail|FutureSight,HyperVoice,TrickRoom,Protect|Sassy||M|||50|]Tinkaton||SitrusBerry|MoldBreaker|FakeOut,GigatonHammer,Encore,Protect|Adamant||F|||50|]Sandaconda||ExpertBelt|ShedSkin|RockSlide,HighHorsepower,Coil,Protect|Brave||F|||50|]Gallade||LumBerry|Sharpness|NightSlash,SacredSword,TrickRoom,Protect|Sassy||M|||50|
|showteam|p2|Talonflame||SharpBeak|GaleWings|Tailwind,BraveBird,FlareBlitz,Uturn|Jolly||M|||50|]Trevenant||SitrusBerry|Harvest|Substitute,HornLeech,WillOWisp,Curse|Careful||F|||50|]Floette-Eternal||Floettite|FlowerVeil|LightofRuin,DazzlingGleam,Moonblast,Protect|Timid||F|||50|]Maushold-Four||ChopleBerry|FriendGuard|FollowMe,SuperFang,Taunt,Protect|Timid|||||50|]Milotic||Leftovers|MarvelScale|Scald,IceBeam,Recover,Haze|Bold||F|||50|]Hatterene||LifeOrb|Healer|TrickRoom,ExpandingForce,MysticalFire,DrainingKiss|Quiet||F|||50|
|j| Bill Candy X
|l| Bill Candy X
|j| Bill Candy X
|l| Bill Candy X
|
|t:|1785274789
|teamsize|p1|4
|teamsize|p2|4
|start
|switch|p1a: why he ourple|Dragalge, L50, M|100/100
|switch|p1b: fuel for the stage|Farigiraf, L50, M|100/100
|switch|p2a: Floette|Floette-Eternal, L50, F|100/100
|switch|p2b: Milotic|Milotic, L50, F|100/100
|turn|1
|
|t:|1785274808
|detailschange|p2a: Floette|Floette-Mega, L50, F
|-mega|p2a: Floette|Floette|Floettite
|-ability|p2a: Floette|Fairy Aura
|detailschange|p1a: why he ourple|Dragalge-Mega, L50, M
|-mega|p1a: why he ourple|Dragalge|Dragalgite
|move|p2a: Floette|Protect|p2a: Floette
|-singleturn|p2a: Floette|Protect
|move|p1a: why he ourple|Protect|p1a: why he ourple
|-singleturn|p1a: why he ourple|Protect
|move|p2b: Milotic|Ice Beam|p1a: why he ourple
|-activate|p1a: why he ourple|move: Protect
|move|p1b: fuel for the stage|Trick Room|p1b: fuel for the stage
|-fieldstart|move: Trick Room|[of] p1b: fuel for the stage
|
|upkeep
|turn|2
|
|t:|1785274829
|move|p1a: why he ourple|Sludge Wave|p2a: Floette|[spread] p1b,p2a,p2b
|-supereffective|p2a: Floette|1
|-damage|p1b: fuel for the stage|77/100
|-damage|p2a: Floette|44/100
|-damage|p2b: Milotic|77/100
|move|p1b: fuel for the stage|Hyper Voice|p2b: Milotic|[spread] p2a,p2b
|-damage|p2a: Floette|20/100y
|-damage|p2b: Milotic|59/100
|move|p2b: Milotic|Ice Beam|p1a: why he ourple
|-supereffective|p1a: why he ourple|1
|-damage|p1a: why he ourple|77/100
|move|p2a: Floette|Dazzling Gleam|p1a: why he ourple|[spread] p1a,p1b
|-damage|p1a: why he ourple|53/100
|-damage|p1b: fuel for the stage|44/100
|
|-heal|p2b: Milotic|65/100|[from] item: Leftovers
|upkeep
|turn|3
|
|t:|1785274851
|switch|p2a: Maushold|Maushold-Four, L50|100/100
|move|p1b: fuel for the stage|Protect|p1b: fuel for the stage
|-singleturn|p1b: fuel for the stage|Protect
|move|p1a: why he ourple|Flip Turn|p2a: Maushold
|-damage|p2a: Maushold|83/100
|
|t:|1785274859
|-heal|p1a: why he ourple|86/100|[from] ability: Regenerator|[silent]
|switch|p1a: thing|Tinkaton, L50, F|100/100|[from] Flip Turn
|-ability|p1a: thing|Mold Breaker
|move|p2b: Milotic|Ice Beam|p1a: thing
|-resisted|p1a: thing|1
|-damage|p1a: thing|90/100
|
|-heal|p2b: Milotic|71/100|[from] item: Leftovers
|upkeep
|turn|4
|j| majinbuu22
|j| Bill Candy X
|
|t:|1785274882
|move|p1a: thing|Fake Out|p2a: Maushold
|-damage|p2a: Maushold|67/100
|move|p1b: fuel for the stage|Future Sight|p2b: Milotic
|-start|p1b: fuel for the stage|move: Future Sight
|move|p2b: Milotic|Scald|p1a: thing
|-damage|p1a: thing|65/100
|cant|p2a: Maushold|flinch
|
|-heal|p2b: Milotic|77/100|[from] item: Leftovers
|upkeep
|turn|5
|
|t:|1785274899
|move|p1b: fuel for the stage|Hyper Voice|p2a: Maushold|[spread] p2a,p2b
|-crit|p2b: Milotic
|-damage|p2a: Maushold|38/100
|-damage|p2b: Milotic|57/100
|move|p2b: Milotic|Scald|p1a: thing
|-damage|p1a: thing|40/100
|-enditem|p1a: thing|Sitrus Berry|[eat]
|-heal|p1a: thing|65/100|[from] item: Sitrus Berry
|move|p1a: thing|Gigaton Hammer|p2a: Maushold
|-crit|p2a: Maushold
|-damage|p2a: Maushold|0 fnt
|faint|p2a: Maushold
|
|-heal|p2b: Milotic|63/100|[from] item: Leftovers
|-fieldend|move: Trick Room
|upkeep
|
|t:|1785274913
|switch|p2a: Talonflame|Talonflame, L50, M|100/100
|turn|6
|
|t:|1785274923
|move|p1a: thing|Protect|p1a: thing
|-singleturn|p1a: thing|Protect
|move|p2a: Talonflame|Tailwind|p2a: Talonflame
|-sidestart|p2: eeeeva|move: Tailwind
|move|p2b: Milotic|Recover|p2b: Milotic
|-heal|p2b: Milotic|100/100
|move|p1b: fuel for the stage|Trick Room|p1b: fuel for the stage
|-fieldstart|move: Trick Room|[of] p1b: fuel for the stage
|
|-end|p2b: Milotic|move: Future Sight
|-damage|p2b: Milotic|62/100
|-heal|p2b: Milotic|68/100|[from] item: Leftovers
|upkeep
|turn|7
|l| Bill Candy X
|
|t:|1785274994
|move|p1b: fuel for the stage|Future Sight|p2a: Talonflame
|-start|p1b: fuel for the stage|move: Future Sight
|move|p1a: thing|Encore|p2b: Milotic
|-start|p2b: Milotic|Encore
|move|p2b: Milotic|Recover|p2b: Milotic
|-heal|p2b: Milotic|100/100
|move|p2a: Talonflame|Flare Blitz|p1a: thing
|-supereffective|p1a: thing|1
|-damage|p1a: thing|0 fnt
|faint|p1a: thing
|-damage|p2a: Talonflame|74/100|[from] Recoil
|
|upkeep
|
|t:|1785275007
|switch|p1a: why he ourple|Dragalge-Mega, L50, M|86/100
|turn|8
|
|t:|1785275021
|move|p1a: why he ourple|Thunderbolt|p2a: Talonflame
|-supereffective|p2a: Talonflame|1
|-damage|p2a: Talonflame|0 fnt
|faint|p2a: Talonflame
|move|p1b: fuel for the stage|Hyper Voice|p2b: Milotic
|-crit|p2b: Milotic
|-damage|p2b: Milotic|62/100
|move|p2b: Milotic|Recover|p2b: Milotic
|-heal|p2b: Milotic|100/100
|
|upkeep
|
|t:|1785275031
|switch|p2a: Floette|Floette-Mega, L50, F|20/100y
|-ability|p2a: Floette|Fairy Aura
|turn|9
|
|t:|1785275039
|move|p1b: fuel for the stage|Protect|p1b: fuel for the stage
|-singleturn|p1b: fuel for the stage|Protect
|move|p1a: why he ourple|Sludge Wave|p2a: Floette|[spread] p2a,p2b
|-activate|p1b: fuel for the stage|move: Protect
|-supereffective|p2a: Floette|1
|-damage|p2a: Floette|0 fnt
|-damage|p2b: Milotic|76/100
|faint|p2a: Floette
|move|p2b: Milotic|Recover|p2b: Milotic
|-heal|p2b: Milotic|100/100
|
|-hint|Future Sight did not hit because the target is fainted.
|-end|p2b: Milotic|Encore
|-sideend|p2: eeeeva|move: Tailwind
|upkeep
|turn|10
|
|t:|1785275081
|move|p1a: why he ourple|Thunderbolt|p2b: Milotic
|-supereffective|p2b: Milotic|1
|-damage|p2b: Milotic|62/100
|move|p1b: fuel for the stage|Hyper Voice|p2b: Milotic
|-damage|p2b: Milotic|38/100
|move|p2b: Milotic|Ice Beam|p1a: why he ourple
|-supereffective|p1a: why he ourple|1
|-damage|p1a: why he ourple|65/100
|
|-heal|p2b: Milotic|44/100|[from] item: Leftovers
|-fieldend|move: Trick Room
|upkeep
|turn|11
|l| majinbuu22
|
|t:|1785275095
|move|p2b: Milotic|Ice Beam|p1a: why he ourple
|-supereffective|p1a: why he ourple|1
|-damage|p1a: why he ourple|41/100
|-status|p1a: why he ourple|frz
|move|p1b: fuel for the stage|Hyper Voice|p2b: Milotic
|-damage|p2b: Milotic|20/100y
|cant|p1a: why he ourple|frz
|
|-heal|p2b: Milotic|26/100|[from] item: Leftovers
|upkeep
|turn|12
|j| Bill Candy X
|
|t:|1785275119
|-heal|p1a: why he ourple|74/100 frz|[from] ability: Regenerator|[silent]
|switch|p1a: Grl w/the ♂ symbol|Gallade, L50, M|100/100
|move|p2b: Milotic|Ice Beam|p1a: Grl w/the ♂ symbol
|-damage|p1a: Grl w/the ♂ symbol|85/100
|move|p1b: fuel for the stage|Hyper Voice|p2b: Milotic
|-damage|p2b: Milotic|1/100
|
|-heal|p2b: Milotic|6/100|[from] item: Leftovers
|upkeep
|turn|13
|j| Cantoc
|
|t:|1785275135
|move|p2b: Milotic|Recover|p2b: Milotic
|-heal|p2b: Milotic|56/100
|move|p1a: Grl w/the ♂ symbol|Sacred Sword|p2b: Milotic
|-damage|p2b: Milotic|15/100
|move|p1b: fuel for the stage|Trick Room|p1b: fuel for the stage
|-fieldstart|move: Trick Room|[of] p1b: fuel for the stage
|
|-heal|p2b: Milotic|21/100|[from] item: Leftovers
|upkeep
|turn|14
|
|t:|1785275146
|move|p1b: fuel for the stage|Hyper Voice|p2b: Milotic
|-damage|p2b: Milotic|0 fnt
|faint|p2b: Milotic
|
|win|JCOdyssey
