|j|☆CrawlingKingSnake
|j|☆Darius Milkmaker
|html|CrawlingKingSnakeDarius Milkmaker    
|uhtml|bestof|Game 3 of a best-of-3
|t:|1785126026
|gametype|doubles
|player|p1|CrawlingKingSnake|kamado-armor|1182
|player|p2|Darius Milkmaker|170|1201
|gen|9
|tier|[Gen 9 Champions] VGC 2026 Reg M-B (Bo3)
|rated|
|rule|Species Clause: Limit one of each Pokémon
|rule|Item Clause: Limit 1 of each item
|clearpoke
|poke|p1|Floette-Eternal, L50, F|
|poke|p1|Palafin, L50, F, shiny|
|poke|p1|Incineroar, L50, F|
|poke|p1|Toxapex, L50, F|
|poke|p1|Delphox, L50, M|
|poke|p1|Kingambit, L50, M|
|poke|p2|Charizard, L50, M|
|poke|p2|Glimmora, L50, M|
|poke|p2|Whimsicott, L50, M|
|poke|p2|Kingambit, L50, F|
|poke|p2|Kommo-o, L50, F|
|poke|p2|Ninetales-Alola, L50, F|
|teampreview|4
|showteam|p1|Floette-Eternal||Floettite|FlowerVeil|DazzlingGleam,DrainingKiss,CalmMind,Protect|Modest||F|||50|]Palafin||LifeOrb|ZerotoHero|WaveCrash,JetPunch,CloseCombat,Protect|Adamant||F|||50|]Incineroar||SitrusBerry|Intimidate|FlareBlitz,FakeOut,DarkestLariat,PartingShot|Careful||F|||50|]Toxapex||Leftovers|Regenerator|Infestation,Toxic,WideGuard,BanefulBunker|Bold||F|||50|]Delphox||Delphoxite|Blaze|HeatWave,Psychic,NastyPlot,Protect|Timid||M|||50|]Kingambit||FocusSash|Defiant|KowtowCleave,SuckerPunch,IronHead,LowKick|Adamant||M|||50|
|showteam|p2|Charizard||CharizarditeY|Blaze|HeatWave,WeatherBall,SolarBeam,Protect|Modest||M|||50|]Glimmora||Glimmoranite|ToxicDebris|PowerGem,SludgeBomb,EarthPower,SpikyShield|Modest||M|||50|]Whimsicott||FocusSash|Prankster|Moonblast,Encore,Tailwind,Protect|Timid||M|||50|]Kingambit||BlackGlasses|Defiant|KowtowCleave,SuckerPunch,IronHead,Protect|Adamant||F|||50|]Kommo-o||LifeOrb|Soundproof|ClangingScales,AuraSphere,VacuumWave,Protect|Modest||F|||50|]Ninetales-Alola||NeverMeltIce|SnowWarning|Blizzard,FreezeDry,HelpingHand,Protect|Timid||F|||50|
|inactive|Battle timer is ON: inactive players will automatically lose when time's up. (requested by CrawlingKingSnake)
|inactive|CrawlingKingSnake has 60 seconds left.
|inactive|CrawlingKingSnake has 30 seconds left.
|inactive|CrawlingKingSnake has 20 seconds left.
|inactive|CrawlingKingSnake has 15 seconds left.
|
|t:|1785126103
|teamsize|p1|4
|teamsize|p2|4
|start
|switch|p1a: Palafin|Palafin, L50, F, shiny|100/100
|switch|p1b: Toxapex|Toxapex, L50, F|100/100
|switch|p2a: Whimsicott|Whimsicott, L50, M|100/100
|switch|p2b: Kingambit|Kingambit, L50, F|100/100
|turn|1
|inactive|Darius Milkmaker has 30 seconds left.
|inactive|Darius Milkmaker has 20 seconds left.
|inactive|Darius Milkmaker has 15 seconds left.
|inactive|Darius Milkmaker has 10 seconds left.
|inactive|Darius Milkmaker has 5 seconds left.
|
|t:|1785126158
|detailschange|p1a: Palafin|Palafin-Hero, L50, F, shiny
|switch|p1a: Kingambit|Kingambit, L50, M|100/100
|move|p2a: Whimsicott|Moonblast|p1b: Toxapex
|-resisted|p1b: Toxapex|1
|-damage|p1b: Toxapex|86/100
|move|p2b: Kingambit|Kowtow Cleave|p1b: Toxapex
|-damage|p1b: Toxapex|47/100
|move|p1b: Toxapex|Infestation|p2b: Kingambit
|-damage|p2b: Kingambit|96/100
|-activate|p2b: Kingambit|move: Infestation|[of] p1b: Toxapex
|
|-heal|p1b: Toxapex|53/100|[from] item: Leftovers
|-damage|p2b: Kingambit|84/100|[from] move: Infestation|[partiallytrapped]
|upkeep
|turn|2
|inactive|CrawlingKingSnake has 30 seconds left.
|inactive|CrawlingKingSnake has 20 seconds left.
|inactive|CrawlingKingSnake has 15 seconds left.
|inactive|CrawlingKingSnake has 10 seconds left.
|
|t:|1785126207
|move|p1b: Toxapex|Baneful Bunker|p1b: Toxapex
|-singleturn|p1b: Toxapex|move: Protect
|move|p2a: Whimsicott|Tailwind|p2a: Whimsicott
|-sidestart|p2: Darius Milkmaker|move: Tailwind
|move|p2b: Kingambit|Kowtow Cleave|p1b: Toxapex
|-activate|p1b: Toxapex|move: Protect
|move|p1a: Kingambit|Iron Head|p2a: Whimsicott
|-supereffective|p2a: Whimsicott|1
|-enditem|p2a: Whimsicott|Focus Sash
|-damage|p2a: Whimsicott|1/100
|
|-heal|p1b: Toxapex|59/100|[from] item: Leftovers
|-damage|p2b: Kingambit|72/100|[from] move: Infestation|[partiallytrapped]
|upkeep
|turn|3
|
|t:|1785126224
|move|p2a: Whimsicott|Encore|p1b: Toxapex
|-start|p1b: Toxapex|Encore
|move|p1b: Toxapex|Baneful Bunker||[still]
|-fail|p1b: Toxapex
|move|p2b: Kingambit|Kowtow Cleave|p1a: Kingambit
|-resisted|p1a: Kingambit|1
|-damage|p1a: Kingambit|75/100
|move|p1a: Kingambit|Low Kick|p2b: Kingambit
|-supereffective|p2b: Kingambit|2
|-damage|p2b: Kingambit|0 fnt
|faint|p2b: Kingambit
|
|-heal|p1b: Toxapex|64/100|[from] item: Leftovers
|upkeep
|
|t:|1785126236
|switch|p2b: Kommo-o|Kommo-o, L50, F|100/100
|turn|4
|
|t:|1785126252
|switch|p1a: Delphox|Delphox, L50, M|100/100
|-heal|p1b: Toxapex|98/100|[from] ability: Regenerator|[silent]
|switch|p1b: Palafin|Palafin-Hero, L50, F, shiny|100/100
|-activate|p1b: Palafin|ability: Zero to Hero
|move|p2b: Kommo-o|Vacuum Wave|p1a: Delphox
|-resisted|p1a: Delphox|1
|-damage|p1a: Delphox|84/100
|-damage|p2b: Kommo-o|90/100|[from] item: Life Orb
|move|p2a: Whimsicott|Moonblast|p1b: Palafin
|-damage|p1b: Palafin|61/100
|
|upkeep
|turn|5
|inactive|CrawlingKingSnake has 30 seconds left.
|inactive|CrawlingKingSnake has 20 seconds left.
|inactive|CrawlingKingSnake has 15 seconds left.
|inactive|CrawlingKingSnake has 10 seconds left.
|
|t:|1785126302
|switch|p1b: Toxapex|Toxapex, L50, F|98/100
|detailschange|p1a: Delphox|Delphox-Mega, L50, M
|-mega|p1a: Delphox|Delphox|Delphoxite
|move|p2a: Whimsicott|Protect|p2a: Whimsicott
|-singleturn|p2a: Whimsicott|Protect
|move|p2b: Kommo-o|Clanging Scales|p1a: Delphox|[spread] p1a,p1b
|-damage|p1a: Delphox|42/100
|-damage|p1b: Toxapex|59/100
|-unboost|p2b: Kommo-o|def|1
|-damage|p2b: Kommo-o|80/100|[from] item: Life Orb
|move|p1a: Delphox|Psychic|p2b: Kommo-o
|-supereffective|p2b: Kommo-o|1
|-damage|p2b: Kommo-o|0 fnt
|faint|p2b: Kommo-o
|
|-heal|p1b: Toxapex|65/100|[from] item: Leftovers
|-sideend|p2: Darius Milkmaker|move: Tailwind
|upkeep
|
|t:|1785126310
|switch|p2b: Glimmora|Glimmora, L50, M|100/100
|turn|6
|
|t:|1785126326
|detailschange|p2b: Glimmora|Glimmora-Mega, L50, M
|-mega|p2b: Glimmora|Glimmora|Glimmoranite
|move|p1a: Delphox|Psychic|p2a: Whimsicott
|-damage|p2a: Whimsicott|0 fnt
|faint|p2a: Whimsicott
|move|p2b: Glimmora|Power Gem|p1b: Toxapex
|-damage|p1b: Toxapex|15/100
|move|p1b: Toxapex|Infestation|p2b: Glimmora
|-resisted|p2b: Glimmora|1
|-damage|p2b: Glimmora|98/100
|-activate|p2b: Glimmora|move: Infestation|[of] p1b: Toxapex
|
|-heal|p1b: Toxapex|21/100|[from] item: Leftovers
|-damage|p2b: Glimmora|86/100|[from] move: Infestation|[partiallytrapped]
|upkeep
|turn|7
|-message|Darius Milkmaker forfeited.
|
|win|CrawlingKingSnake
|raw|CrawlingKingSnake's rating: 1182 → 1208(+26 for winning)
|raw|Darius Milkmaker's rating: 1201 → 1175(-26 for losing)
|l|☆Darius Milkmaker
|player|p2|
