|j|☆CappoFeFe
|j|☆LaxIsLoveLaxIsLife
|html|CappoFeFeLaxIsLoveLaxIsLife    
|uhtml|bestof|Game 2 of a best-of-3
|t:|1784805765
|gametype|doubles
|player|p1|CappoFeFe|101|1281
|player|p2|LaxIsLoveLaxIsLife|bugcatcher-gen4dp|1228
|gen|9
|tier|[Gen 9 Champions] VGC 2026 Reg M-B (Bo3)
|rated|
|rule|Species Clause: Limit one of each Pokémon
|rule|Item Clause: Limit 1 of each item
|clearpoke
|poke|p1|Gardevoir, L50, F, shiny|
|poke|p1|Maushold-Four, L50, shiny|
|poke|p1|Torkoal, L50, F, shiny|
|poke|p1|Basculegion, L50, M|
|poke|p1|Venusaur, L50, F, shiny|
|poke|p1|Incineroar, L50, F, shiny|
|poke|p2|Floette-Eternal, L50, F|
|poke|p2|Raichu, L50, M|
|poke|p2|Sinistcha, L50|
|poke|p2|Weavile, L50, M|
|poke|p2|Ceruledge, L50, F|
|poke|p2|Milotic, L50, F|
|teampreview|4
|showteam|p1|Gardevoir||Gardevoirite|Synchronize|HyperVoice,Psyshock,TrickRoom,Protect|Modest||F|||50|]Maushold-Four||ChopleBerry|FriendGuard|SuperFang,AfterYou,FollowMe,Protect|Jolly|||||50|]Torkoal||Charcoal|Drought|Eruption,HeatWave,AncientPower,Protect|Quiet||F|||50|]Basculegion||MysticWater|Adaptability|WaveCrash,LastRespects,AquaJet,Protect|Adamant||M|||50|]Venusaur||FocusSash|Chlorophyll|SludgeBomb,EarthPower,SleepPowder,Protect|Modest||F|||50|]Incineroar||SitrusBerry|Intimidate|FakeOut,PartingShot,FlareBlitz,ThroatChop|Adamant||F|||50|
|showteam|p2|Floette-Eternal||Floettite|FlowerVeil|Protect,DrainingKiss,DazzlingGleam,CalmMind|Modest||F|||50|]Raichu||RaichuniteY|LightningRod|ZapCannon,FocusBlast,Protect,FakeOut|Timid||M|||50|]Sinistcha||KasibBerry|Hospitality|MatchaGotcha,LifeDew,Protect,RagePowder|Relaxed|||||50|]Weavile||FocusSash|Pickpocket|KnockOff,TripleAxel,LowKick,FakeOut|Jolly||M|||50|]Ceruledge||ColburBerry|FlashFire|BitterBlade,ShadowSneak,Protect,BulkUp|Adamant||F|||50|]Milotic||Leftovers|Competitive|MuddyWater,Coil,Protect,Hypnosis|Calm||F|||50|
|
|t:|1784805781
|teamsize|p1|4
|teamsize|p2|4
|start
|switch|p1a: Gardevoir|Gardevoir, L50, F, shiny|100/100
|switch|p1b: Maushold|Maushold-Four, L50, shiny|100/100
|switch|p2a: Ceruledge|Ceruledge, L50, F|100/100
|switch|p2b: Milotic|Milotic, L50, F|100/100
|turn|1
|
|t:|1784805798
|detailschange|p1a: Gardevoir|Gardevoir-Mega, L50, F, shiny
|-mega|p1a: Gardevoir|Gardevoir|Gardevoirite
|move|p1b: Maushold|Super Fang|p2b: Milotic
|-damage|p2b: Milotic|50/100g
|move|p1a: Gardevoir|Hyper Voice|p2a: Ceruledge|[spread] p2a,p2b
|-resisted|p2a: Ceruledge|1
|-damage|p2a: Ceruledge|73/100
|-damage|p2b: Milotic|15/100
|move|p2b: Milotic|Coil|p2b: Milotic
|-boost|p2b: Milotic|atk|1
|-boost|p2b: Milotic|def|1
|-boost|p2b: Milotic|accuracy|1
|move|p2a: Ceruledge|Bulk Up|p2a: Ceruledge
|-boost|p2a: Ceruledge|atk|1
|-boost|p2a: Ceruledge|def|1
|
|-heal|p2b: Milotic|21/100|[from] item: Leftovers
|upkeep
|turn|2
|
|t:|1784805813
|move|p1b: Maushold|Follow Me|p1b: Maushold
|-singleturn|p1b: Maushold|move: Follow Me
|move|p2a: Ceruledge|Shadow Sneak|p1b: Maushold
|-immune|p1b: Maushold
|move|p1a: Gardevoir|Hyper Voice|p2a: Ceruledge|[spread] p2a,p2b
|-resisted|p2a: Ceruledge|1
|-damage|p2a: Ceruledge|47/100
|-damage|p2b: Milotic|0 fnt
|faint|p2b: Milotic
|
|upkeep
|
|t:|1784805816
|switch|p2b: Sinistcha|Sinistcha, L50|100/100
|-heal|p2a: Ceruledge|71/100|[from] ability: Hospitality|[of] p2b: Sinistcha
|turn|3
|
|t:|1784805832
|move|p1b: Maushold|Protect|p1b: Maushold
|-singleturn|p1b: Maushold|Protect
|move|p2b: Sinistcha|Protect|p2b: Sinistcha
|-singleturn|p2b: Sinistcha|Protect
|move|p1a: Gardevoir|Hyper Voice|p2a: Ceruledge|[spread] p2a
|-activate|p2b: Sinistcha|move: Protect
|-resisted|p2a: Ceruledge|1
|-damage|p2a: Ceruledge|43/100
|move|p2a: Ceruledge|Bulk Up|p2a: Ceruledge
|-boost|p2a: Ceruledge|atk|1
|-boost|p2a: Ceruledge|def|1
|
|upkeep
|turn|4
|
|t:|1784805845
|move|p1b: Maushold|Follow Me|p1b: Maushold
|-singleturn|p1b: Maushold|move: Follow Me
|move|p1a: Gardevoir|Hyper Voice|p2a: Ceruledge|[spread] p2a,p2b
|-resisted|p2a: Ceruledge|1
|-damage|p2a: Ceruledge|18/100
|-damage|p2b: Sinistcha|49/100
|move|p2a: Ceruledge|Bitter Blade|p1b: Maushold
|-damage|p1b: Maushold|0 fnt
|-heal|p2a: Ceruledge|68/100|[from] drain|[of] p1b: Maushold
|faint|p1b: Maushold
|move|p2b: Sinistcha|Life Dew|p2b: Sinistcha|[spread] p2a,p2b
|-heal|p2a: Ceruledge|93/100
|-heal|p2b: Sinistcha|74/100
|
|upkeep
|
|t:|1784805859
|switch|p1b: Incineroar|Incineroar, L50, F, shiny|100/100
|-ability|p1b: Incineroar|Intimidate|boost
|-unboost|p2a: Ceruledge|atk|1
|-unboost|p2b: Sinistcha|atk|1
|turn|5
|
|t:|1784805881
|move|p2a: Ceruledge|Protect|p2a: Ceruledge
|-singleturn|p2a: Ceruledge|Protect
|move|p2b: Sinistcha|Protect|p2b: Sinistcha
|-singleturn|p2b: Sinistcha|Protect
|move|p1a: Gardevoir|Hyper Voice|p2b: Sinistcha|[spread] 
|-activate|p2a: Ceruledge|move: Protect
|-activate|p2b: Sinistcha|move: Protect
|move|p1b: Incineroar|Throat Chop|p2a: Ceruledge
|-activate|p2a: Ceruledge|move: Protect
|
|upkeep
|turn|6
|
|t:|1784805890
|move|p2b: Sinistcha|Rage Powder|p2b: Sinistcha
|-singleturn|p2b: Sinistcha|move: Rage Powder
|move|p2a: Ceruledge|Shadow Sneak|p1a: Gardevoir
|-supereffective|p1a: Gardevoir|1
|-damage|p1a: Gardevoir|13/100
|move|p1a: Gardevoir|Hyper Voice|p2b: Sinistcha|[spread] p2a,p2b
|-resisted|p2a: Ceruledge|1
|-damage|p2a: Ceruledge|64/100
|-damage|p2b: Sinistcha|25/100
|move|p1b: Incineroar|Throat Chop|p2b: Sinistcha
|-supereffective|p2b: Sinistcha|1
|-damage|p2b: Sinistcha|0 fnt
|faint|p2b: Sinistcha
|
|upkeep
|
|t:|1784805892
|switch|p2b: Raichu|Raichu, L50, M|100/100
|turn|7
|
|t:|1784805936
|switch|p1b: Basculegion|Basculegion, L50, M|100/100
|detailschange|p2b: Raichu|Raichu-Mega-Y, L50, M
|-mega|p2b: Raichu|Raichu|Raichunite Y
|move|p1a: Gardevoir|Protect|p1a: Gardevoir
|-singleturn|p1a: Gardevoir|Protect
|move|p2b: Raichu|Focus Blast|p1b: Basculegion
|-immune|p1b: Basculegion
|move|p2a: Ceruledge|Bitter Blade|p1b: Basculegion
|-resisted|p1b: Basculegion|1
|-damage|p1b: Basculegion|64/100
|-heal|p2a: Ceruledge|85/100|[from] drain|[of] p1b: Basculegion
|
|upkeep
|turn|8
|
|t:|1784805973
|switch|p1a: Incineroar|Incineroar, L50, F, shiny|100/100
|-ability|p1a: Incineroar|Intimidate|boost
|-unboost|p2a: Ceruledge|atk|1
|-unboost|p2b: Raichu|atk|1
|move|p1b: Basculegion|Protect|p1b: Basculegion
|-singleturn|p1b: Basculegion|Protect
|move|p2a: Ceruledge|Shadow Sneak|p1a: Incineroar
|-resisted|p1a: Incineroar|1
|-damage|p1a: Incineroar|89/100
|move|p2b: Raichu|Zap Cannon|p1b: Basculegion
|-activate|p1b: Basculegion|move: Protect
|
|upkeep
|turn|9
|
|t:|1784806018
|move|p1a: Incineroar|Fake Out|p2b: Raichu
|-damage|p2b: Raichu|79/100
|move|p2a: Ceruledge|Shadow Sneak|p1b: Basculegion
|-supereffective|p1b: Basculegion|1
|-damage|p1b: Basculegion|25/100
|cant|p2b: Raichu|flinch
|move|p1b: Basculegion|Wave Crash|p2b: Raichu
|-damage|p2b: Raichu|0 fnt
|faint|p2b: Raichu
|-damage|p1b: Basculegion|5/100|[from] Recoil
|
|upkeep
|turn|10
|
|t:|1784806032
|move|p1b: Basculegion|Aqua Jet|p2a: Ceruledge
|-supereffective|p2a: Ceruledge|1
|-damage|p2a: Ceruledge|50/100g
|move|p2a: Ceruledge|Bitter Blade|p1a: Incineroar
|-resisted|p1a: Incineroar|1
|-damage|p1a: Incineroar|68/100
|-heal|p2a: Ceruledge|62/100|[from] drain|[of] p1a: Incineroar
|move|p1a: Incineroar|Throat Chop|p2a: Ceruledge
|-supereffective|p2a: Ceruledge|1
|-enditem|p2a: Ceruledge|Colbur Berry|[eat]
|-enditem|p2a: Ceruledge|Colbur Berry|[weaken]
|-damage|p2a: Ceruledge|37/100
|-start|p2a: Ceruledge|Throat Chop|[silent]
|
|upkeep
|turn|11
|-message|LaxIsLoveLaxIsLife forfeited.
|
|win|CappoFeFe
||LaxIsLoveLaxIsLife is ready for game 3.
||CappoFeFe is ready for game 3.
|uhtml|next|Next: Game 3 of 3
|l|☆CappoFeFe
|player|p1|
