|j|☆eklyst
|j|☆KadGuyMan
|html|eklystKadGuyMan    
|uhtml|bestof|Game 2 of a best-of-3
|t:|1783391972
|gametype|doubles
|player|p1|eklyst|pokemaniac|1131
|player|p2|KadGuyMan|hugh|1052
|gen|9
|tier|[Gen 9 Champions] VGC 2026 Reg M-B (Bo3)
|rated|
|rule|Species Clause: Limit one of each Pokémon
|rule|Item Clause: Limit 1 of each item
|clearpoke
|poke|p1|Metagross, L50|
|poke|p1|Floette-Eternal, L50, F|
|poke|p1|Garchomp, L50, M|
|poke|p1|Aerodactyl, L50, F|
|poke|p1|Sinistcha, L50|
|poke|p1|Incineroar, L50, M|
|poke|p2|Meowscarada, L50, M, shiny|
|poke|p2|Gholdengo, L50|
|poke|p2|Whimsicott, L50, F, shiny|
|poke|p2|Garchomp, L50, F|
|poke|p2|Charizard, L50, F, shiny|
|poke|p2|Eelektross, L50, F|
|teampreview|4
|showteam|p1|Metagross||Metagrossite|ClearBody|IronHead,BulletPunch,PsychicFangs,Protect|Adamant|||||50|]Floette-Eternal||Floettite|FlowerVeil|Moonblast,DazzlingGleam,CalmMind,Protect|Modest||F|||50|]Garchomp||LifeOrb|RoughSkin|RockSlide,StompingTantrum,DragonClaw,Protect|Jolly||M|||50|]Aerodactyl||FocusSash|Unnerve|RockSlide,DualWingbeat,Tailwind,Protect|Jolly||F|||50|]Sinistcha||KasibBerry|Hospitality|MatchaGotcha,TrickRoom,RagePowder,Protect|Relaxed|||||50|]Incineroar||SitrusBerry|Intimidate|FakeOut,FlareBlitz,ThroatChop,PartingShot|Adamant||M|||50|
|showteam|p2|Meowscarada||ChoiceScarf|Protean|FlowerTrick,SuckerPunch,BrickBreak,TripleAxel|Adamant||M|||50|]Gholdengo||WhiteHerb|GoodasGold|Protect,NastyPlot,ShadowBall,MakeItRain|Modest|||||50|]Whimsicott||FocusSash|Prankster|Tailwind,Encore,EnergyBall,Moonblast|Timid||F|||50|]Garchomp||LifeOrb|RoughSkin|Protect,RockTomb,DragonClaw,Earthquake|Adamant||F|||50|]Charizard||CharizarditeY|Blaze|Protect,HeatWave,SolarBeam,WeatherBall|Modest||F|||50|]Eelektross||Eelektrossite|Levitate|Protect,Thunderbolt,Flamethrower,VoltSwitch|Timid||F|||50|
|inactive|Battle timer is ON: inactive players will automatically lose when time's up. (requested by KadGuyMan)
|inactive|eklyst also wants the timer to be on.
|inactive|KadGuyMan has 60 seconds left.
|
|t:|1783392004
|teamsize|p1|4
|teamsize|p2|4
|start
|switch|p1a: Sinistcha|Sinistcha, L50|100/100
|switch|p1b: Incineroar|Incineroar, L50, M|100/100
|switch|p2a: Whimsicott|Whimsicott, L50, F, shiny|100/100
|switch|p2b: Gholdengo|Gholdengo, L50|100/100
|-ability|p1b: Incineroar|Intimidate|boost
|-unboost|p2a: Whimsicott|atk|1
|-unboost|p2b: Gholdengo|atk|1
|-enditem|p2b: Gholdengo|White Herb
|-clearnegativeboost|p2b: Gholdengo|[silent]
|turn|1
|
|t:|1783392021
|switch|p2a: Charizard|Charizard, L50, F, shiny|100/100
|move|p1b: Incineroar|Fake Out|p2a: Charizard
|-damage|p2a: Charizard|82/100
|move|p2b: Gholdengo|Shadow Ball|p1a: Sinistcha
|-supereffective|p1a: Sinistcha|1
|-enditem|p1a: Sinistcha|Kasib Berry|[eat]
|-enditem|p1a: Sinistcha|Kasib Berry|[weaken]
|-damage|p1a: Sinistcha|57/100
|move|p1a: Sinistcha|Trick Room|p1a: Sinistcha
|-fieldstart|move: Trick Room|[of] p1a: Sinistcha
|
|upkeep
|turn|2
|
|t:|1783392041
|switch|p2a: Whimsicott|Whimsicott, L50, F, shiny|100/100
|move|p1a: Sinistcha|Protect|p1a: Sinistcha
|-singleturn|p1a: Sinistcha|Protect
|move|p2b: Gholdengo|Protect|p2b: Gholdengo
|-singleturn|p2b: Gholdengo|Protect
|move|p1b: Incineroar|Flare Blitz|p2b: Gholdengo
|-activate|p2b: Gholdengo|move: Protect
|
|upkeep
|turn|3
|
|t:|1783392059
|switch|p2b: Charizard|Charizard, L50, F, shiny|82/100
|move|p1a: Sinistcha|Rage Powder|p1a: Sinistcha
|-singleturn|p1a: Sinistcha|move: Rage Powder
|move|p1b: Incineroar|Flare Blitz|p2b: Charizard
|-resisted|p2b: Charizard|1
|-damage|p2b: Charizard|46/100
|-damage|p1b: Incineroar|90/100|[from] Recoil
|move|p2a: Whimsicott|Moonblast|p1b: Incineroar
|-damage|p1b: Incineroar|58/100
|
|upkeep
|turn|4
|
|t:|1783392076
|detailschange|p2b: Charizard|Charizard-Mega-Y, L50, F, shiny
|-mega|p2b: Charizard|Charizard|Charizardite Y
|-weather|SunnyDay|[from] ability: Drought|[of] p2b: Charizard
|move|p2b: Charizard|Protect|p2b: Charizard
|-singleturn|p2b: Charizard|Protect
|move|p2a: Whimsicott|Tailwind|p2a: Whimsicott
|-sidestart|p2: KadGuyMan|move: Tailwind
|move|p1a: Sinistcha|Matcha Gotcha|p2a: Whimsicott|[spread] p2a
|-activate|p2b: Charizard|move: Protect
|-resisted|p2a: Whimsicott|1
|-damage|p2a: Whimsicott|80/100
|-heal|p1a: Sinistcha|65/100|[from] drain|[of] p2a: Whimsicott
|-status|p2a: Whimsicott|brn
|move|p1b: Incineroar|Flare Blitz|p2a: Whimsicott
|-supereffective|p2a: Whimsicott|1
|-damage|p2a: Whimsicott|0 fnt
|faint|p2a: Whimsicott
|-damage|p1b: Incineroar|41/100|[from] Recoil
|-enditem|p1b: Incineroar|Sitrus Berry|[eat]
|-heal|p1b: Incineroar|65/100|[from] item: Sitrus Berry
|
|-weather|SunnyDay|[upkeep]
|upkeep
|
|t:|1783392081
|switch|p2a: Gholdengo|Gholdengo, L50|100/100
|turn|5
|
|t:|1783392094
|move|p1a: Sinistcha|Protect|p1a: Sinistcha
|-singleturn|p1a: Sinistcha|Protect
|move|p2a: Gholdengo|Protect|p2a: Gholdengo
|-singleturn|p2a: Gholdengo|Protect
|move|p1b: Incineroar|Parting Shot|p2b: Charizard
|-unboost|p2b: Charizard|atk|1
|-unboost|p2b: Charizard|spa|1
|
|t:|1783392102
|switch|p1b: Garchomp|Garchomp, L50, M|100/100|[from] Parting Shot
|move|p2b: Charizard|Heat Wave|p1b: Garchomp|[spread] p1b
|-activate|p1a: Sinistcha|move: Protect
|-resisted|p1b: Garchomp|1
|-damage|p1b: Garchomp|72/100
|
|-weather|SunnyDay|[upkeep]
|-fieldend|move: Trick Room
|upkeep
|turn|6
|inactive|KadGuyMan has 30 seconds left.
|
|t:|1783392128
|switch|p1a: Incineroar|Incineroar, L50, M|65/100
|-ability|p1a: Incineroar|Intimidate|boost
|-unboost|p2a: Gholdengo|atk|1
|-unboost|p2b: Charizard|atk|1
|move|p1b: Garchomp|Protect|p1b: Garchomp
|-singleturn|p1b: Garchomp|Protect
|move|p2b: Charizard|Heat Wave|p1a: Incineroar|[spread] p1a
|-activate|p1b: Garchomp|move: Protect
|-resisted|p1a: Incineroar|1
|-damage|p1a: Incineroar|43/100
|move|p2a: Gholdengo|Make It Rain|p1b: Garchomp|[spread] p1a
|-activate|p1b: Garchomp|move: Protect
|-resisted|p1a: Incineroar|1
|-damage|p1a: Incineroar|23/100
|-unboost|p2a: Gholdengo|spa|2
|
|-weather|SunnyDay|[upkeep]
|upkeep
|turn|7
|inactive|eklyst has 30 seconds left.
|inactive|eklyst has 20 seconds left.
|inactive|eklyst has 15 seconds left.
|
|t:|1783392170
|switch|p2a: Meowscarada|Meowscarada, L50, M, shiny|100/100
|move|p2b: Charizard|Protect|p2b: Charizard
|-singleturn|p2b: Charizard|Protect
|move|p1b: Garchomp|Rock Slide|p2a: Meowscarada|[spread] p2a
|-activate|p2b: Charizard|move: Protect
|-damage|p2a: Meowscarada|67/100
|-damage|p1b: Garchomp|62/100|[from] item: Life Orb
|move|p1a: Incineroar|Flare Blitz|p2a: Meowscarada
|-supereffective|p2a: Meowscarada|1
|-damage|p2a: Meowscarada|0 fnt
|faint|p2a: Meowscarada
|-damage|p1a: Incineroar|5/100|[from] Recoil
|
|-weather|SunnyDay|[upkeep]
|-sideend|p2: KadGuyMan|move: Tailwind
|upkeep
|
|t:|1783392178
|switch|p2a: Gholdengo|Gholdengo, L50|100/100
|turn|8
|
|t:|1783392200
|move|p2a: Gholdengo|Protect|p2a: Gholdengo
|-singleturn|p2a: Gholdengo|Protect
|move|p1b: Garchomp|Stomping Tantrum|p2a: Gholdengo
|-activate|p2a: Gholdengo|move: Protect
|move|p2b: Charizard|Heat Wave|p1b: Garchomp|[spread] p1a,p1b
|-resisted|p1a: Incineroar|1
|-resisted|p1b: Garchomp|1
|-damage|p1a: Incineroar|0 fnt
|-damage|p1b: Garchomp|34/100
|faint|p1a: Incineroar
|
|-weather|none
|upkeep
|
|t:|1783392211
|switch|p1a: Sinistcha|Sinistcha, L50|65/100
|-heal|p1b: Garchomp|59/100|[from] ability: Hospitality|[of] p1a: Sinistcha
|turn|9
|
|t:|1783392221
|move|p1a: Sinistcha|Rage Powder|p1a: Sinistcha
|-singleturn|p1a: Sinistcha|move: Rage Powder
|move|p1b: Garchomp|Stomping Tantrum|p2a: Gholdengo
|-supereffective|p2a: Gholdengo|1
|-damage|p2a: Gholdengo|11/100
|-damage|p1b: Garchomp|49/100|[from] item: Life Orb
|move|p2b: Charizard|Heat Wave|p1b: Garchomp|[spread] p1a,p1b
|-supereffective|p1a: Sinistcha|1
|-resisted|p1b: Garchomp|1
|-damage|p1a: Sinistcha|7/100
|-damage|p1b: Garchomp|32/100
|-status|p1b: Garchomp|brn
|move|p2a: Gholdengo|Make It Rain|p1b: Garchomp|[spread] p1a
|-miss|p2a: Gholdengo|p1b: Garchomp
|-damage|p1a: Sinistcha|0 fnt
|-unboost|p2a: Gholdengo|spa|2
|faint|p1a: Sinistcha
|
|-damage|p1b: Garchomp|27/100 brn|[from] brn
|upkeep
|
|t:|1783392235
|switch|p1a: Floette|Floette-Eternal, L50, F|100/100
|turn|10
|
|t:|1783392241
|detailschange|p1a: Floette|Floette-Mega, L50, F
|-mega|p1a: Floette|Floette|Floettite
|-ability|p1a: Floette|Fairy Aura
|move|p1b: Garchomp|Rock Slide|p2b: Charizard|[spread] p2a,p2b
|-resisted|p2a: Gholdengo|1
|-supereffective|p2b: Charizard|2
|-damage|p2a: Gholdengo|5/100
|-damage|p2b: Charizard|0 fnt
|faint|p2b: Charizard
|-damage|p1b: Garchomp|17/100 brn|[from] item: Life Orb
|move|p1a: Floette|Dazzling Gleam|p2a: Gholdengo
|-resisted|p2a: Gholdengo|1
|-damage|p2a: Gholdengo|0 fnt
|faint|p2a: Gholdengo
|
|win|eklyst
||KadGuyMan is ready for game 3.
|inactive|eklyst has 30 seconds to confirm battle start!
||eklyst is ready for game 3.
|uhtml|next|Next: Game 3 of 3
|l|☆KadGuyMan
|player|p2|
