|j|☆pekkleduck
|j|☆samki9
|html|pekkleducksamki9    
|uhtml|bestof|Game 3 of a best-of-3
|t:|1785615839
|gametype|doubles
|player|p1|pekkleduck|170|1000
|player|p2|samki9|1|1103
|gen|9
|tier|[Gen 9 Champions] VGC 2026 Reg M-B (Bo3)
|rated|
|rule|Species Clause: Limit one of each Pokémon
|rule|Item Clause: Limit 1 of each item
|clearpoke
|poke|p1|Floette-Eternal, L50, F|
|poke|p1|Kingambit, L50, F|
|poke|p1|Gholdengo, L50|
|poke|p1|Garchomp, L50, M|
|poke|p1|Farigiraf, L50, F|
|poke|p1|Sinistcha-Masterpiece, L50|
|poke|p2|Gyarados, L50, F|
|poke|p2|Delphox, L50, F|
|poke|p2|Sneasler, L50, F|
|poke|p2|Mamoswine, L50, F|
|poke|p2|Whimsicott, L50, F|
|poke|p2|Gholdengo, L50|
|teampreview|4
|showteam|p1|Floette-Eternal||Floettite|FlowerVeil|LightofRuin,Moonblast,DazzlingGleam,Protect|Timid||F|||50|]Kingambit||BlackGlasses|Defiant|KowtowCleave,SuckerPunch,LowKick,Protect|Brave||F|||50|]Gholdengo||MetalCoat|GoodasGold|MakeItRain,ShadowBall,NastyPlot,Protect|Modest|||||50|]Garchomp||LifeOrb|RoughSkin|RockSlide,DragonClaw,StompingTantrum,Protect|Jolly||M|||50|]Farigiraf||SitrusBerry|ArmorTail|FoulPlay,Psychic,TrickRoom,Protect|Modest||F|||50|]Sinistcha-Masterpiece||ColburBerry|Hospitality|MatchaGotcha,ShadowBall,RagePowder,TrickRoom|Modest|||||50|
|showteam|p2|Gyarados||Gyaradosite|Intimidate|Waterfall,Crunch,DragonDance,Protect|Adamant||F|||50|]Delphox||Delphoxite|Blaze|HeatWave,Psychic,Substitute,Protect|Timid||F|||50|]Sneasler||FocusSash|Unburden|FakeOut,DireClaw,CloseCombat,Coaching|Jolly||F|||50|]Mamoswine||LifeOrb|Oblivious|IceShard,Earthquake,HighHorsepower,Protect|Adamant||F|||50|]Whimsicott||OccaBerry|Prankster|Moonblast,Tailwind,Encore,LightScreen|Jolly||F|||50|]Gholdengo||WhiteHerb|GoodasGold|MakeItRain,ShadowBall,PowerGem,Protect|Modest|||||50|
|inactive|Battle timer is ON: inactive players will automatically lose when time's up. (requested by pekkleduck)
|
|t:|1785615846
|teamsize|p1|4
|teamsize|p2|4
|start
|switch|p1a: flowergirl|Floette-Eternal, L50, F|100/100
|switch|p1b: loc ness|Farigiraf, L50, F|100/100
|switch|p2a: Gholdengo|Gholdengo, L50|100/100
|switch|p2b: Gyarados|Gyarados, L50, F|100/100
|-ability|p2b: Gyarados|Intimidate|boost
|-unboost|p1a: flowergirl|atk|1
|-unboost|p1b: loc ness|atk|1
|turn|1
|
|t:|1785615856
|move|p1a: flowergirl|Protect|p1a: flowergirl
|-singleturn|p1a: flowergirl|Protect
|move|p2b: Gyarados|Crunch|p1b: loc ness
|-supereffective|p1b: loc ness|1
|-damage|p1b: loc ness|51/100
|move|p2a: Gholdengo|Make It Rain|p1a: flowergirl|[spread] p1b
|-activate|p1a: flowergirl|move: Protect
|-damage|p1b: loc ness|1/100
|-unboost|p2a: Gholdengo|spa|2
|-enditem|p1b: loc ness|Sitrus Berry|[eat]
|-heal|p1b: loc ness|25/100|[from] item: Sitrus Berry
|-enditem|p2a: Gholdengo|White Herb
|-clearnegativeboost|p2a: Gholdengo|[silent]
|move|p1b: loc ness|Foul Play|p2a: Gholdengo
|-supereffective|p2a: Gholdengo|1
|-damage|p2a: Gholdengo|71/100
|
|upkeep
|turn|2
|
|t:|1785615868
|detailschange|p1a: flowergirl|Floette-Mega, L50, F
|-mega|p1a: flowergirl|Floette|Floettite
|-ability|p1a: flowergirl|Fairy Aura
|move|p1a: flowergirl|Moonblast|p2b: Gyarados
|-damage|p2b: Gyarados|25/100
|move|p2b: Gyarados|Crunch|p1b: loc ness
|-supereffective|p1b: loc ness|1
|-damage|p1b: loc ness|0 fnt
|faint|p1b: loc ness
|move|p2a: Gholdengo|Make It Rain|p1a: flowergirl
|-supereffective|p1a: flowergirl|1
|-damage|p1a: flowergirl|0 fnt
|-unboost|p2a: Gholdengo|spa|2
|faint|p1a: flowergirl
|
|upkeep
|
|t:|1785615873
|switch|p1a: Silician|Kingambit, L50, F|100/100
|switch|p1b: Sinistcha|Sinistcha-Masterpiece, L50|100/100
|turn|3
|
|t:|1785615889
|switch|p2a: Sneasler|Sneasler, L50, F|100/100
|detailschange|p2b: Gyarados|Gyarados-Mega, L50, F
|-mega|p2b: Gyarados|Gyarados|Gyaradosite
|-ability|p2b: Gyarados|Mold Breaker
|move|p2b: Gyarados|Crunch|p1b: Sinistcha
|-supereffective|p1b: Sinistcha|1
|-enditem|p1b: Sinistcha|Colbur Berry|[eat]
|-enditem|p1b: Sinistcha|Colbur Berry|[weaken]
|-damage|p1b: Sinistcha|55/100
|move|p1b: Sinistcha|Shadow Ball|p2a: Sneasler
|-crit|p2a: Sneasler
|-damage|p2a: Sneasler|22/100
|move|p1a: Silician|Kowtow Cleave|p2b: Gyarados
|-resisted|p2b: Gyarados|1
|-crit|p2b: Gyarados
|-damage|p2b: Gyarados|0 fnt
|faint|p2b: Gyarados
|
|upkeep
|inactive|samki9 has 30 seconds left.
|
|t:|1785615919
|switch|p2b: Mamoswine|Mamoswine, L50, F|100/100
|turn|4
|
|t:|1785615936
|move|p2b: Mamoswine|Protect|p2b: Mamoswine
|-singleturn|p2b: Mamoswine|Protect
|move|p1a: Silician|Protect|p1a: Silician
|-singleturn|p1a: Silician|Protect
|move|p2a: Sneasler|Coaching|p2b: Mamoswine
|-boost|p2b: Mamoswine|atk|1
|-boost|p2b: Mamoswine|def|1
|move|p1b: Sinistcha|Trick Room|p1b: Sinistcha
|-fieldstart|move: Trick Room|[of] p1b: Sinistcha
|
|upkeep
|turn|5
|
|t:|1785615950
|move|p2b: Mamoswine|Ice Shard|p1b: Sinistcha
|-supereffective|p1b: Sinistcha|1
|-damage|p1b: Sinistcha|0 fnt
|faint|p1b: Sinistcha
|-damage|p2b: Mamoswine|90/100|[from] item: Life Orb
|move|p1a: Silician|Low Kick|p2b: Mamoswine
|-supereffective|p2b: Mamoswine|1
|-damage|p2b: Mamoswine|22/100
|move|p2a: Sneasler|Close Combat|p1a: Silician
|-supereffective|p1a: Silician|2
|-damage|p1a: Silician|0 fnt
|-unboost|p2a: Sneasler|def|1
|-unboost|p2a: Sneasler|spd|1
|faint|p1a: Silician
|
|win|samki9
|raw|pekkleduck's rating: 1000 → 1000(+0 for losing)
|raw|samki9's rating: 1103 → 1121(+18 for winning)
