|j|☆lolopog
|j|☆gargatest
|html|lolopoggargatest    
|uhtml|bestof|Game 1 of a best-of-3
|t:|1756658428
|gametype|doubles
|player|p1|lolopog|101|1035
|player|p2|gargatest|cyclist|1127
|gen|9
|tier|[Gen 9] VGC 2025 Reg H (Bo3)
|rated|
|rule|Species Clause: Limit one of each Pokémon
|rule|Item Clause: Limit 1 of each item
|clearpoke
|poke|p1|Annihilape, L50, F|
|poke|p1|Whimsicott, L50, F|
|poke|p1|Garchomp, L50, F|
|poke|p1|Hydreigon, L50, F|
|poke|p1|Gholdengo, L50|
|poke|p1|Dragonite, L50, F|
|poke|p2|Gyarados, L50, M|
|poke|p2|Sneasler, L50, F|
|poke|p2|Indeedee, L50, M|
|poke|p2|Volcarona, L50, F|
|poke|p2|Ursaluna-Bloodmoon, L50, M|
|poke|p2|Tyranitar, L50, M|
|teampreview|4
|showteam|p1|Annihilape||SafetyGoggles|Defiant|Protect,BulkUp,DrainPunch,RageFist|||F|||50|,,,,,Water]Whimsicott||FocusSash|Prankster|SunnyDay,Encore,Tailwind,Moonblast|||F|||50|,,,,,Ghost]Garchomp||LifeOrb|RoughSkin|Protect,StompingTantrum,DragonClaw,Earthquake|||F|||50|,,,,,Steel]Hydreigon||ChoiceSpecs|Levitate|HeatWave,Snarl,DarkPulse,DracoMeteor|||F|||50|,,,,,Fire]Gholdengo||MetalCoat|GoodasGold|Protect,NastyPlot,ShadowBall,MakeItRain||||||50|,,,,,Steel]Dragonite||ChoiceBand|InnerFocus|ExtremeSpeed,Earthquake,DragonClaw,Facade|||F|||50|,,,,,Normal
|showteam|p2|Gyarados||SafetyGoggles|Intimidate|Taunt,ThunderWave,Waterfall,Protect|||M|||50|,,,,,Steel]Sneasler||PsychicSeed|Unburden|CloseCombat,DireClaw,ThroatChop,Protect|||F|||50|,,,,,Dark]Indeedee||ChoiceScarf|PsychicSurge|ExpandingForce,TeraBlast,Trick,Protect|||M|||50|,,,,,Psychic]Volcarona||SitrusBerry|FlameBody|Overheat,StruggleBug,RagePowder,Tailwind|||F|||50|,,,,,Grass]Ursaluna-Bloodmoon||LifeOrb|MindsEye|HyperVoice,BloodMoon,EarthPower,Protect|||M|||50|,,,,,Normal]Tyranitar||AssaultVest|SandStream|LowKick,TeraBlast,KnockOff,RockSlide|||M|||50|,,,,,Flying
|
|t:|1756658455
|teamsize|p1|4
|teamsize|p2|4
|start
|switch|p1a: Garchomp|Garchomp, L50, F|100/100
|switch|p1b: Dragonite|Dragonite, L50, F|100/100
|switch|p2a: Volcarona|Volcarona, L50, F|100/100
|switch|p2b: Indeedee|Indeedee, L50, M|100/100
|-fieldstart|move: Psychic Terrain|[from] ability: Psychic Surge|[of] p2b: Indeedee
|turn|1
|
|t:|1756658491
|switch|p1b: Whimsicott|Whimsicott, L50, F|100/100
|-terastallize|p2b: Indeedee|Psychic
|move|p2a: Volcarona|Rage Powder|p2a: Volcarona
|-singleturn|p2a: Volcarona|move: Rage Powder
|move|p2b: Indeedee|Expanding Force|p1a: Garchomp|[spread] p1a,p1b
|-damage|p1a: Garchomp|14/100
|-enditem|p1b: Whimsicott|Focus Sash
|-damage|p1b: Whimsicott|1/100
|move|p1a: Garchomp|Earthquake|p2b: Indeedee|[spread] p1b,p2a,p2b
|-resisted|p1b: Whimsicott
|-damage|p1b: Whimsicott|0 fnt
|-damage|p2a: Volcarona|43/100
|-damage|p2b: Indeedee|0 fnt
|-enditem|p2a: Volcarona|Sitrus Berry|[eat]
|-heal|p2a: Volcarona|68/100|[from] item: Sitrus Berry
|faint|p1b: Whimsicott
|faint|p2b: Indeedee
|-damage|p1a: Garchomp|4/100|[from] item: Life Orb
|
|upkeep
|
|t:|1756658514
|switch|p1b: Hydreigon|Hydreigon, L50, F|100/100
|switch|p2b: Gyarados|Gyarados, L50, M, shiny|100/100
|-ability|p2b: Gyarados|Intimidate|boost
|-unboost|p1a: Garchomp|atk|1
|-unboost|p1b: Hydreigon|atk|1
|turn|2
|
|t:|1756658536
|move|p2b: Gyarados|Protect|p2b: Gyarados
|-singleturn|p2b: Gyarados|Protect
|move|p1a: Garchomp|Earthquake|p2a: Volcarona|[spread] p2a
|-activate|p2b: Gyarados|move: Protect
|-immune|p1b: Hydreigon|[from] ability: Levitate
|-crit|p2a: Volcarona
|-damage|p2a: Volcarona|0 fnt
|faint|p2a: Volcarona
|-damage|p1a: Garchomp|0 fnt|[from] item: Life Orb
|faint|p1a: Garchomp
|move|p1b: Hydreigon|Snarl|p2b: Gyarados
|-activate|p2b: Gyarados|move: Protect
|
|upkeep
|
|t:|1756658545
|switch|p1a: Dragonite|Dragonite, L50, F|100/100
|switch|p2a: Ursaluna|Ursaluna-Bloodmoon, L50, M|100/100
|turn|3
|
|t:|1756658565
|move|p1b: Hydreigon|Snarl|p2b: Gyarados|[spread] p2a,p2b
|-damage|p2a: Ursaluna|60/100
|-damage|p2b: Gyarados|70/100
|-unboost|p2a: Ursaluna|spa|1
|-unboost|p2b: Gyarados|spa|1
|move|p1a: Dragonite|Earthquake|p2b: Gyarados|[spread] p2a
|-immune|p1b: Hydreigon|[from] ability: Levitate
|-immune|p2b: Gyarados
|-damage|p2a: Ursaluna|33/100
|move|p2b: Gyarados|Thunder Wave|p1a: Dragonite
|-status|p1a: Dragonite|par
|move|p2a: Ursaluna|Blood Moon|p1a: Dragonite
|-damage|p1a: Dragonite|25/100 par
|-damage|p2a: Ursaluna|23/100|[from] item: Life Orb
|
|upkeep
|turn|4
|
|t:|1756658579
|move|p2a: Ursaluna|Protect|p2a: Ursaluna
|-singleturn|p2a: Ursaluna|Protect
|move|p1b: Hydreigon|Snarl|p2a: Ursaluna|[spread] p2b
|-activate|p2a: Ursaluna|move: Protect
|-crit|p2b: Gyarados
|-damage|p2b: Gyarados|30/100
|-unboost|p2b: Gyarados|spa|1
|move|p2b: Gyarados|Thunder Wave|p1b: Hydreigon
|-status|p1b: Hydreigon|par
|move|p1a: Dragonite|Earthquake|p2a: Ursaluna|[spread] 
|-activate|p2a: Ursaluna|move: Protect
|-immune|p1b: Hydreigon|[from] ability: Levitate
|-immune|p2b: Gyarados
|
|upkeep
|turn|5
|
|t:|1756658596
|move|p2b: Gyarados|Waterfall|p1b: Hydreigon
|-resisted|p1b: Hydreigon
|-damage|p1b: Hydreigon|83/100 par
|move|p2a: Ursaluna|Blood Moon|p1b: Hydreigon
|-damage|p1b: Hydreigon|5/100 par
|-damage|p2a: Ursaluna|13/100|[from] item: Life Orb
|move|p1b: Hydreigon|Snarl|p2b: Gyarados|[spread] p2a,p2b
|-damage|p2a: Ursaluna|0 fnt
|-damage|p2b: Gyarados|3/100
|-unboost|p2b: Gyarados|spa|1
|faint|p2a: Ursaluna
|move|p1a: Dragonite|Earthquake|p2b: Gyarados|[spread] 
|-immune|p1b: Hydreigon|[from] ability: Levitate
|-immune|p2b: Gyarados
|
|-fieldend|move: Psychic Terrain
|upkeep
|turn|6
|
|t:|1756658607
|move|p2b: Gyarados|Waterfall|p1b: Hydreigon
|-resisted|p1b: Hydreigon
|-damage|p1b: Hydreigon|0 fnt
|faint|p1b: Hydreigon
|move|p1a: Dragonite|Earthquake|p2b: Gyarados
|-immune|p2b: Gyarados
|
|upkeep
|turn|7
|-message|lolopog forfeited.
|
|win|gargatest
|l|☆lolopog
|player|p1|
||lolopog is ready for game 2.
