|j|☆scottyb04
|j|☆Northgdh
|html|scottyb04Northgdh    
|uhtml|bestof|Game 1 of a best-of-3
|t:|1783953551
|gametype|doubles
|player|p1|scottyb04|2|1300
|player|p2|Northgdh|102|1281
|gen|9
|tier|[Gen 9 Champions] VGC 2026 Reg M-B (Bo3)
|rated|
|rule|Species Clause: Limit one of each Pokémon
|rule|Item Clause: Limit 1 of each item
|clearpoke
|poke|p1|Raichu, L50, F|
|poke|p1|Gyarados, L50, F|
|poke|p1|Mamoswine, L50, M|
|poke|p1|Ceruledge, L50, F|
|poke|p1|Clefable, L50, F|
|poke|p1|Kingambit, L50, F|
|poke|p2|Incineroar, L50, M, shiny|
|poke|p2|Delphox, L50, F, shiny|
|poke|p2|Sinistcha, L50|
|poke|p2|Kingambit, L50, M, shiny|
|poke|p2|Blastoise, L50, M, shiny|
|poke|p2|Sneasler, L50, M|
|teampreview|4
|showteam|p1|Raichu||RaichuniteY|LightningRod|ZapCannon,FocusBlast,FakeOut,Protect|Timid||F|||50|]Gyarados||Gyaradosite|Intimidate|Waterfall,PowerWhip,DragonDance,Protect|Adamant||F|||50|]Mamoswine||LifeOrb|Oblivious|HighHorsepower,IceShard,IcicleCrash,Protect|Jolly||M|||50|]Ceruledge||ColburBerry|FlashFire|BitterBlade,ShadowSneak,BulkUp,Protect|Adamant||F|||50|]Clefable||SitrusBerry|Unaware|Moonblast,FollowMe,HelpingHand,Protect|Bold||F|||50|]Kingambit||FocusSash|Defiant|IronHead,KowtowCleave,SuckerPunch,LowKick|Adamant||F|||50|
|showteam|p2|Incineroar||SitrusBerry|Intimidate|FlareBlitz,FakeOut,HelpingHand,PartingShot|Impish||M|||50|]Delphox||Delphoxite|Blaze|HeatWave,Psychic,NastyPlot,Protect|Timid||F|||50|]Sinistcha||KasibBerry|Hospitality|MatchaGotcha,RagePowder,LifeDew,Protect|Bold|||||50|]Kingambit||LifeOrb|Defiant|KowtowCleave,SuckerPunch,SwordsDance,Protect|Adamant||M|||50|]Blastoise||Blastoisinite|RainDish|WaterSpout,DarkPulse,ShellSmash,Protect|Modest||M|||50|]Sneasler||FocusSash|PoisonTouch|CloseCombat,PoisonJab,FakeOut,QuickGuard|Jolly||M|||50|
|inactive|Battle timer is ON: inactive players will automatically lose when time's up. (requested by Northgdh)
|inactive|scottyb04 has 60 seconds left.
|inactive|Northgdh has 60 seconds left.
|
|t:|1783953597
|teamsize|p1|4
|teamsize|p2|4
|start
|switch|p1a: Raichu|Raichu, L50, F|100/100
|switch|p1b: Gyarados|Gyarados, L50, F|100/100
|switch|p2a: begged|Blastoise, L50, M, shiny|100/100
|switch|p2b: honeybee|Sneasler, L50, M|100/100
|-ability|p1b: Gyarados|Intimidate|boost
|-unboost|p2a: begged|atk|1
|-unboost|p2b: honeybee|atk|1
|turn|1
|inactive|scottyb04 has 30 seconds left.
|inactive|Northgdh has 30 seconds left.
|inactive|scottyb04 has 20 seconds left.
|
|t:|1783953635
|switch|p2b: stupid song|Incineroar, L50, M, shiny|100/100
|-ability|p2b: stupid song|Intimidate|boost
|-unboost|p1a: Raichu|atk|1
|-unboost|p1b: Gyarados|atk|1
|detailschange|p1a: Raichu|Raichu-Mega-Y, L50, F
|-mega|p1a: Raichu|Raichu|Raichunite Y
|detailschange|p2a: begged|Blastoise-Mega, L50, M, shiny
|-mega|p2a: begged|Blastoise|Blastoisinite
|move|p2a: begged|Protect|p2a: begged
|-singleturn|p2a: begged|Protect
|move|p1a: Raichu|Zap Cannon|p2a: begged
|-activate|p2a: begged|move: Protect
|move|p1b: Gyarados|Power Whip|p2a: begged
|-activate|p2a: begged|move: Protect
|
|upkeep
|turn|2
|
|t:|1783953653
|move|p2b: stupid song|Fake Out|p1a: Raichu
|-damage|p1a: Raichu|85/100
|cant|p1a: Raichu|flinch
|move|p1b: Gyarados|Power Whip|p2a: begged|[miss]
|-miss|p1b: Gyarados|p2a: begged
|move|p2a: begged|Shell Smash|p2a: begged
|-unboost|p2a: begged|def|1
|-unboost|p2a: begged|spd|1
|-boost|p2a: begged|atk|2
|-boost|p2a: begged|spa|2
|-boost|p2a: begged|spe|2
|
|upkeep
|turn|3
|c|☆scottyb04|ouch
|
|t:|1783953669
|move|p2b: stupid song|Helping Hand|p2a: begged
|-singleturn|p2a: begged|Helping Hand|[of] p2b: stupid song
|move|p1a: Raichu|Protect|p1a: Raichu
|-singleturn|p1a: Raichu|Protect
|move|p2a: begged|Water Spout|p1a: Raichu|[spread] p1b
|-activate|p1a: Raichu|move: Protect
|-resisted|p1b: Gyarados|1
|-crit|p1b: Gyarados
|-damage|p1b: Gyarados|0 fnt
|faint|p1b: Gyarados
|
|upkeep
|c|☆Northgdh|85 accuracy fr
|c|☆scottyb04|50/50 every time
|
|t:|1783953689
|switch|p1b: Kingambit|Kingambit, L50, F|100/100
|turn|4
|
|t:|1783953695
|switch|p2b: the cure|Sinistcha, L50|100/100
|move|p2a: begged|Protect|p2a: begged
|-singleturn|p2a: begged|Protect
|move|p1b: Kingambit|Sucker Punch||[still]
|-fail|p1b: Kingambit
|move|p1a: Raichu|Focus Blast|p2b: the cure
|-immune|p2b: the cure
|
|upkeep
|turn|5
|
|t:|1783953709
|move|p1a: Raichu|Protect|p1a: Raichu
|-singleturn|p1a: Raichu|Protect
|move|p2b: the cure|Rage Powder|p2b: the cure
|-singleturn|p2b: the cure|move: Rage Powder
|move|p2a: begged|Water Spout|p1a: Raichu|[spread] p1b
|-activate|p1a: Raichu|move: Protect
|-enditem|p1b: Kingambit|Focus Sash
|-damage|p1b: Kingambit|1/100
|move|p1b: Kingambit|Kowtow Cleave|p2b: the cure
|-supereffective|p2b: the cure|1
|-damage|p2b: the cure|18/100
|
|upkeep
|turn|6
|
|t:|1783953726
|move|p2b: the cure|Rage Powder|p2b: the cure
|-singleturn|p2b: the cure|move: Rage Powder
|move|p2a: begged|Water Spout|p1a: Raichu|[spread] p1a,p1b
|-damage|p1a: Raichu|0 fnt
|-damage|p1b: Kingambit|0 fnt
|faint|p1a: Raichu
|faint|p1b: Kingambit
|
|upkeep
|c|☆scottyb04|gg
|-message|scottyb04 forfeited.
|
|win|Northgdh
|l|☆scottyb04
|player|p1|
|c|☆Northgdh|gg
||scottyb04 is ready for game 2.
