|j|☆ironstandseternal
|j|☆sille rovert
|html|ironstandseternalsille rovert    
|uhtml|bestof|Game 2 of a best-of-3
|t:|1757192171
|gametype|doubles
|player|p1|ironstandseternal|flint|1218
|player|p2|sille rovert|trevor|1247
|gen|9
|tier|[Gen 9] VGC 2025 Reg H (Bo3)
|rated|
|rule|Species Clause: Limit one of each Pokémon
|rule|Item Clause: Limit 1 of each item
|clearpoke
|poke|p1|Rillaboom, L50, M|
|poke|p1|Dragonite, L50, M|
|poke|p1|Sneasler, L50, M|
|poke|p1|Ninetales-Alola, L50, F|
|poke|p1|Kingambit, L50, M|
|poke|p1|Volcarona, L50, F|
|poke|p2|Samurott-Hisui, L50, M|
|poke|p2|Dragonite, L50, F|
|poke|p2|Ursaluna-Bloodmoon, L50, M|
|poke|p2|Sneasler, L50, F|
|poke|p2|Indeedee, L50, M|
|poke|p2|Gholdengo, L50|
|teampreview|4
|showteam|p1|Rillaboom||AssaultVest|GrassySurge|WoodHammer,GrassyGlide,HighHorsepower,FakeOut|||M|||50|,,,,,Fire]Dragonite||LoadedDice|Multiscale|Protect,ScaleShot,LowKick,Haze|||M|||50|,,,,,Fairy]Sneasler||WhiteHerb|Unburden|Protect,DireClaw,CloseCombat,Coaching|||M|||50|,,,,,Ghost]Ninetales-Alola||ChoiceSpecs|SnowWarning|Blizzard,IcyWind,Moonblast,FreezeDry|||F|||50|,,,,,Ghost]Kingambit||SafetyGoggles|Defiant|Protect,KowtowCleave,SuckerPunch,SwordsDance|||M|||50|,,,,,Dark]Volcarona||CovertCloak|FlameBody|StruggleBug,RagePowder,Overheat,WillOWisp|||F|||50|,,,,,Fairy
|showteam|p2|Samurott-Hisui||AssaultVest|Sharpness|CeaselessEdge,IcyWind,AquaCutter,SacredSword|||M|||50|,,,,,Poison]Dragonite||LoadedDice|Multiscale|Protect,ScaleShot,Tailwind,Haze|||F|||50|,,,,,Steel]Ursaluna-Bloodmoon||LifeOrb|MindsEye|Protect,HyperVoice,EarthPower,BloodMoon|||M|||50|,,,,,Normal]Sneasler||PsychicSeed|Unburden|Protect,CloseCombat,DireClaw,ThroatChop|||F|||50|,,,,,Stellar]Indeedee||FocusSash|PsychicSurge|ExpandingForce,Imprison,TeraBlast,TrickRoom|||M|||50|,,,,,Fighting]Gholdengo||ChoiceSpecs|GoodasGold|MakeItRain,ShadowBall,PowerGem,Trick||||||50|,,,,,Steel
|inactive|Battle timer is ON: inactive players will automatically lose when time's up. (requested by sille rovert)
|
|t:|1757192199
|teamsize|p1|4
|teamsize|p2|4
|start
|switch|p1a: Rillaboom|Rillaboom, L50, M|100/100
|switch|p1b: Volcarona|Volcarona, L50, F|100/100
|switch|p2a: Gholdengo|Gholdengo, L50|100/100
|switch|p2b: Dragonite|Dragonite, L50, F|100/100
|-fieldstart|move: Grassy Terrain|[from] ability: Grassy Surge|[of] p1a: Rillaboom
|turn|1
|
|t:|1757192221
|switch|p2a: Indeedee|Indeedee, L50, M|100/100
|-fieldstart|move: Psychic Terrain|[from] ability: Psychic Surge|[of] p2a: Indeedee
|move|p1b: Volcarona|Overheat|p2a: Indeedee
|-damage|p2a: Indeedee|16/100
|-unboost|p1b: Volcarona|spa|2
|move|p2b: Dragonite|Scale Shot|p1b: Volcarona
|-damage|p1b: Volcarona|84/100
|-damage|p1b: Volcarona|67/100
|-damage|p1b: Volcarona|51/100
|-damage|p1b: Volcarona|35/100
|-hitcount|p1b: Volcarona|4
|-unboost|p2b: Dragonite|def|1
|-boost|p2b: Dragonite|spe|1
|move|p1a: Rillaboom|Wood Hammer|p2a: Indeedee
|-damage|p2a: Indeedee|0 fnt
|faint|p2a: Indeedee
|-damage|p1a: Rillaboom|97/100|[from] Recoil
|
|upkeep
|
|t:|1757192237
|switch|p2a: Gholdengo|Gholdengo, L50|100/100
|turn|2
|
|t:|1757192260
|switch|p1b: Kingambit|Kingambit, L50, M|100/100
|-terastallize|p2a: Gholdengo|Steel
|-terastallize|p1a: Rillaboom|Fire
|move|p2b: Dragonite|Tailwind|p2b: Dragonite
|-sidestart|p2: sille rovert|move: Tailwind
|move|p2a: Gholdengo|Make It Rain|p1b: Kingambit|[spread] p1a,p1b
|-resisted|p1a: Rillaboom
|-resisted|p1b: Kingambit
|-damage|p1a: Rillaboom|57/100
|-damage|p1b: Kingambit|55/100
|-unboost|p2a: Gholdengo|spa|1
|move|p1a: Rillaboom|High Horsepower|p2a: Gholdengo
|-supereffective|p2a: Gholdengo
|-damage|p2a: Gholdengo|21/100
|
|upkeep
|turn|3
|inactive|ironstandseternal has 30 seconds left.
|inactive|ironstandseternal has 20 seconds left.
|inactive|sille rovert has 30 seconds left.
|
|t:|1757192307
|switch|p1a: Volcarona|Volcarona, L50, F|35/100
|move|p1b: Kingambit|Protect|p1b: Kingambit
|-singleturn|p1b: Kingambit|Protect
|move|p2b: Dragonite|Scale Shot|p1b: Kingambit
|-activate|p1b: Kingambit|move: Protect
|move|p2a: Gholdengo|Make It Rain|p1b: Kingambit|[spread] p1a
|-activate|p1b: Kingambit|move: Protect
|-resisted|p1a: Volcarona
|-damage|p1a: Volcarona|7/100
|-unboost|p2a: Gholdengo|spa|1
|
|upkeep
|turn|4
|
|t:|1757192334
|switch|p2a: Sneasler|Sneasler, L50, F|100/100
|-enditem|p2a: Sneasler|Psychic Seed
|-boost|p2a: Sneasler|spd|1|[from] item: Psychic Seed
|move|p1a: Volcarona|Rage Powder|p1a: Volcarona
|-singleturn|p1a: Volcarona|move: Rage Powder
|move|p2b: Dragonite|Scale Shot|p1a: Volcarona
|-damage|p1a: Volcarona|0 fnt
|faint|p1a: Volcarona
|-hitcount|p1: Volcarona|1
|-unboost|p2b: Dragonite|def|1
|-boost|p2b: Dragonite|spe|1
|move|p1b: Kingambit|Kowtow Cleave|p2a: Sneasler
|-resisted|p2a: Sneasler
|-damage|p2a: Sneasler|59/100
|
|upkeep
|
|t:|1757192351
|switch|p1a: Rillaboom|Rillaboom, L50, M, tera:Fire|57/100
|-fieldstart|move: Grassy Terrain|[from] ability: Grassy Surge|[of] p1a: Rillaboom
|turn|5
|
|t:|1757192363
|move|p2a: Sneasler|Protect|p2a: Sneasler
|-singleturn|p2a: Sneasler|Protect
|move|p2b: Dragonite|Protect|p2b: Dragonite
|-singleturn|p2b: Dragonite|Protect
|move|p1a: Rillaboom|Fake Out|p2a: Sneasler
|-activate|p2a: Sneasler|move: Protect
|move|p1b: Kingambit|Swords Dance|p1b: Kingambit
|-boost|p1b: Kingambit|atk|2
|
|-heal|p2a: Sneasler|65/100|[from] Grassy Terrain
|-heal|p1a: Rillaboom|64/100|[from] Grassy Terrain
|-heal|p1b: Kingambit|61/100|[from] Grassy Terrain
|-sideend|p2: sille rovert|move: Tailwind
|upkeep
|turn|6
|inactive|ironstandseternal has 30 seconds left.
|
|t:|1757192390
|switch|p2a: Gholdengo|Gholdengo, L50, tera:Steel|21/100
|move|p1b: Kingambit|Protect|p1b: Kingambit
|-singleturn|p1b: Kingambit|Protect
|move|p2b: Dragonite|Haze|p2b: Dragonite
|-clearallboost
|move|p1a: Rillaboom|High Horsepower|p2a: Gholdengo
|-supereffective|p2a: Gholdengo
|-damage|p2a: Gholdengo|0 fnt
|faint|p2a: Gholdengo
|
|-heal|p1a: Rillaboom|70/100|[from] Grassy Terrain
|-heal|p1b: Kingambit|67/100|[from] Grassy Terrain
|upkeep
|
|t:|1757192392
|switch|p2a: Sneasler|Sneasler, L50, F|65/100
|turn|7
|
|t:|1757192415
|switch|p1b: Dragonite|Dragonite, L50, M|100/100
|move|p2a: Sneasler|Dire Claw|p1a: Rillaboom
|-damage|p1a: Rillaboom|30/100
|-status|p1a: Rillaboom|par
|move|p2b: Dragonite|Scale Shot|p1a: Rillaboom
|-damage|p1a: Rillaboom|15/100 par
|-damage|p1a: Rillaboom|2/100 par
|-damage|p1a: Rillaboom|0 fnt
|faint|p1a: Rillaboom
|-hitcount|p1: Rillaboom|3
|-unboost|p2b: Dragonite|def|1
|-boost|p2b: Dragonite|spe|1
|
|-heal|p2a: Sneasler|71/100|[from] Grassy Terrain
|upkeep
|
|t:|1757192420
|switch|p1a: Kingambit|Kingambit, L50, M|67/100
|turn|8
|inactive|ironstandseternal has 30 seconds left.
|
|t:|1757192450
|move|p1a: Kingambit|Sucker Punch|p2b: Dragonite
|-damage|p2b: Dragonite|69/100
|move|p2b: Dragonite|Scale Shot|p1b: Dragonite
|-supereffective|p1b: Dragonite
|-crit|p1b: Dragonite
|-damage|p1b: Dragonite|80/100
|-supereffective|p1b: Dragonite
|-damage|p1b: Dragonite|50/100
|-supereffective|p1b: Dragonite
|-damage|p1b: Dragonite|21/100
|-supereffective|p1b: Dragonite
|-damage|p1b: Dragonite|0 fnt
|faint|p1b: Dragonite
|-hitcount|p1: Dragonite|4
|-unboost|p2b: Dragonite|def|1
|-boost|p2b: Dragonite|spe|1
|move|p2a: Sneasler|Close Combat|p1a: Kingambit
|-supereffective|p1a: Kingambit
|-damage|p1a: Kingambit|0 fnt
|-unboost|p2a: Sneasler|def|1
|-unboost|p2a: Sneasler|spd|1
|faint|p1a: Kingambit
|
|win|sille rovert
|inactive|ironstandseternal has 30 seconds to confirm battle start!
|inactive|sille rovert has 30 seconds to confirm battle start!
||sille rovert is ready for game 3.
|inactive|ironstandseternal has 20 seconds to confirm battle start!
||ironstandseternal is ready for game 3.
|uhtml|next|Next: Game 3 of 3
