|j|☆biffpipp
|j|☆gab11boss
|html|biffpippgab11boss    
|uhtml|bestof|Game 3 of a best-of-3
|t:|1782710337
|gametype|doubles
|player|p1|biffpipp|wallace|1032
|player|p2|gab11boss|cynthia|1087
|gen|9
|tier|[Gen 9 Champions] VGC 2026 Reg M-B (Bo3)
|rated|
|rule|Species Clause: Limit one of each Pokémon
|rule|Item Clause: Limit 1 of each item
|clearpoke
|poke|p1|Eelektross, L50, M|
|poke|p1|Mamoswine, L50, M|
|poke|p1|Sinistcha, L50|
|poke|p1|Farigiraf, L50, F|
|poke|p1|Pelipper, L50, M|
|poke|p1|Basculegion, L50, M|
|poke|p2|Metagross, L50|
|poke|p2|Hydreigon, L50, F|
|poke|p2|Raichu, L50, M|
|poke|p2|Sinistcha, L50|
|poke|p2|Garchomp, L50, F|
|poke|p2|Grimmsnarl, L50, M|
|teampreview|4
|showteam|p1|Eelektross||Eelektrossite|Levitate|Discharge,GigaDrain,MuddyWater,Protect|Timid||M|||50|]Mamoswine||ChoiceScarf|Oblivious|RockSlide,IcicleCrash,Earthquake,Bulldoze|Adamant||M|||50|]Sinistcha||Leftovers|Hospitality|MatchaGotcha,LifeDew,RagePowder,Protect|Calm|||||50|]Farigiraf||SitrusBerry|ArmorTail|DazzlingGleam,HelpingHand,TrickRoom,Protect|Sassy||F|||50|]Pelipper||FocusSash|Drizzle|WeatherBall,Hurricane,Tailwind,Protect|Timid||M|||50|]Basculegion||MysticWater|SwiftSwim|LastRespects,WaveCrash,FlipTurn,Protect|Adamant||M|||50|
|showteam|p2|Metagross||Metagrossite|ClearBody|IronHead,BodyPress,PsychicFangs,Protect|Jolly|||||50|]Hydreigon||ChoiceScarf|Levitate|EarthPower,DracoMeteor,DarkPulse,Snarl|Modest||F|||50|]Raichu||RaichuniteY|LightningRod|FocusBlast,ZapCannon,GrassKnot,FakeOut|Timid||M|||50|]Sinistcha||Leftovers|Hospitality|MatchaGotcha,RagePowder,TrickRoom,LifeDew|Relaxed|||||50|]Garchomp||SitrusBerry|RoughSkin|Earthquake,DragonClaw,RockSlide,Protect|Jolly||F|||50|]Grimmsnarl||LightClay|Prankster|SpiritBreak,Reflect,LightScreen,PartingShot|Careful||M|||50|
|
|t:|1782710370
|teamsize|p1|4
|teamsize|p2|4
|start
|switch|p1a: Basculegion|Basculegion, L50, M|100/100
|switch|p1b: Mamoswine|Mamoswine, L50, M|100/100
|switch|p2a: Metagross|Metagross, L50|100/100
|switch|p2b: Hydreigon|Hydreigon, L50, F|100/100
|turn|1
|
|t:|1782710408
|switch|p1b: Pelipper|Pelipper, L50, M|100/100
|-weather|RainDance|[from] ability: Drizzle|[of] p1b: Pelipper
|move|p1a: Basculegion|Flip Turn|p2a: Metagross
|-damage|p2a: Metagross|55/100
|
|t:|1782710423
|switch|p1a: Eelektross|Eelektross, L50, M|100/100|[from] Flip Turn
|move|p2b: Hydreigon|Dark Pulse|p1a: Eelektross
|-damage|p1a: Eelektross|49/100
|move|p2a: Metagross|Iron Head|p1b: Pelipper
|-resisted|p1b: Pelipper|1
|-damage|p1b: Pelipper|72/100
|
|-weather|RainDance|[upkeep]
|upkeep
|turn|2
|
|t:|1782710460
|detailschange|p1a: Eelektross|Eelektross-Mega, L50, M
|-mega|p1a: Eelektross|Eelektross|Eelektrossite
|move|p2a: Metagross|Protect|p2a: Metagross
|-singleturn|p2a: Metagross|Protect
|move|p2b: Hydreigon|Dark Pulse|p1a: Eelektross
|-damage|p1a: Eelektross|0 fnt
|faint|p1a: Eelektross
|move|p1b: Pelipper|Tailwind|p1b: Pelipper
|-sidestart|p1: biffpipp|move: Tailwind
|
|-weather|RainDance|[upkeep]
|upkeep
|
|t:|1782710476
|switch|p1a: Basculegion|Basculegion, L50, M|100/100
|turn|3
|
|t:|1782710495
|switch|p2b: Sinistcha|Sinistcha, L50|100/100
|-heal|p2a: Metagross|80/100|[from] ability: Hospitality|[of] p2b: Sinistcha
|move|p1a: Basculegion|Flip Turn|p2a: Metagross
|-damage|p2a: Metagross|32/100
|
|t:|1782710505
|switch|p1a: Mamoswine|Mamoswine, L50, M|100/100|[from] Flip Turn
|move|p1b: Pelipper|Hurricane|p2b: Sinistcha
|-supereffective|p2b: Sinistcha|1
|-damage|p2b: Sinistcha|2/100
|move|p2a: Metagross|Psychic Fangs|p1b: Pelipper
|-damage|p1b: Pelipper|17/100
|
|-weather|RainDance|[upkeep]
|-heal|p2b: Sinistcha|8/100|[from] item: Leftovers
|upkeep
|turn|4
|
|t:|1782710521
|move|p2a: Metagross|Protect|p2a: Metagross
|-singleturn|p2a: Metagross|Protect
|move|p1a: Mamoswine|Icicle Crash|p2b: Sinistcha
|-supereffective|p2b: Sinistcha|1
|-damage|p2b: Sinistcha|0 fnt
|faint|p2b: Sinistcha
|move|p1b: Pelipper|Weather Ball|p2a: Metagross
|-activate|p2a: Metagross|move: Protect
|
|-weather|RainDance|[upkeep]
|upkeep
|
|t:|1782710555
|switch|p2b: Hydreigon|Hydreigon, L50, F|100/100
|turn|5
|
|t:|1782710579
|switch|p1b: Basculegion|Basculegion, L50, M|100/100
|move|p1a: Mamoswine|Icicle Crash|p2b: Hydreigon
|-supereffective|p2b: Hydreigon|1
|-damage|p2b: Hydreigon|2/100
|move|p2b: Hydreigon|Draco Meteor|p1a: Mamoswine
|-damage|p1a: Mamoswine|8/100
|-unboost|p2b: Hydreigon|spa|2
|move|p2a: Metagross|Psychic Fangs|p1b: Basculegion
|-damage|p1b: Basculegion|40/100
|
|-weather|none
|-sideend|p1: biffpipp|move: Tailwind
|upkeep
|turn|6
|
|t:|1782710605
|switch|p1a: Pelipper|Pelipper, L50, M|17/100
|-weather|RainDance|[from] ability: Drizzle|[of] p1a: Pelipper
|move|p1b: Basculegion|Flip Turn|p2b: Hydreigon
|-resisted|p2b: Hydreigon|1
|-damage|p2b: Hydreigon|0 fnt
|faint|p2b: Hydreigon
|
|t:|1782710610
|switch|p1b: Mamoswine|Mamoswine, L50, M|8/100|[from] Flip Turn
|move|p2a: Metagross|Iron Head|p1a: Pelipper
|-resisted|p1a: Pelipper|1
|-damage|p1a: Pelipper|0 fnt
|faint|p1a: Pelipper
|
|-weather|RainDance|[upkeep]
|upkeep
|
|t:|1782710621
|switch|p2b: Raichu|Raichu, L50, M|100/100
|switch|p1a: Basculegion|Basculegion, L50, M|40/100
|turn|7
|
|t:|1782710644
|detailschange|p2b: Raichu|Raichu-Mega-Y, L50, M
|-mega|p2b: Raichu|Raichu|Raichunite Y
|move|p2a: Metagross|Protect|p2a: Metagross
|-singleturn|p2a: Metagross|Protect
|move|p1a: Basculegion|Last Respects|p2a: Metagross
|-activate|p2a: Metagross|move: Protect
|move|p1b: Mamoswine|Earthquake|p2a: Metagross|[spread] p1a,p2b
|-activate|p2a: Metagross|move: Protect
|-supereffective|p2b: Raichu|1
|-damage|p1a: Basculegion|0 fnt
|-damage|p2b: Raichu|0 fnt
|faint|p1a: Basculegion
|faint|p2b: Raichu
|
|-weather|RainDance|[upkeep]
|upkeep
|turn|8
|
|t:|1782710688
|move|p1b: Mamoswine|Earthquake|p2a: Metagross
|-supereffective|p2a: Metagross|1
|-damage|p2a: Metagross|0 fnt
|faint|p2a: Metagross
|
|win|biffpipp
|raw|biffpipp's rating: 1032 → 1073(+41 for winning)
|raw|gab11boss's rating: 1087 → 1060(-27 for losing)
