|j|☆Jasmine124
|j|☆FallenTurtlle
|html|Jasmine124FallenTurtlle    
|uhtml|bestof|Game 2 of a best-of-3
|t:|1756684669
|gametype|doubles
|player|p1|Jasmine124|jasmine|1068
|player|p2|FallenTurtlle|serena|1000
|gen|9
|tier|[Gen 9] VGC 2025 Reg H (Bo3)
|rated|
|rule|Species Clause: Limit one of each Pokémon
|rule|Item Clause: Limit 1 of each item
|clearpoke
|poke|p1|Dragapult, L50, M|
|poke|p1|Indeedee, L50, M|
|poke|p1|Ursaluna-Bloodmoon, L50, M|
|poke|p1|Whimsicott, L50, M|
|poke|p1|Torkoal, L50, M|
|poke|p1|Maushold-Four, L50|
|poke|p2|Annihilape, L50, F|
|poke|p2|Incineroar, L50, M|
|poke|p2|Ninetales-Alola, L50, M|
|poke|p2|Talonflame, L50, M|
|poke|p2|Gastrodon-East, L50, M|
|poke|p2|Gholdengo, L50|
|teampreview|4
|showteam|p1|Dragapult||ChoiceBand|ClearBody|SuckerPunch,DragonDarts,TeraBlast,Uturn|||M|||50|,,,,,Ghost]Indeedee||ChoiceScarf|InnerFocus|ExpandingForce,TeraBlast,Trick,TrickRoom|||M|||50|,,,,,Psychic]Ursaluna-Bloodmoon||ChoiceSpecs|MindsEye|EarthPower,HyperVoice,BloodMoon,Moonblast|||M|||50|,,,,,Normal]Whimsicott||FocusSash|Prankster|Tailwind,Moonblast,HelpingHand,Protect|||M|||50|,,,,,Ghost]Torkoal||EjectPack|Drought|Overheat,WeatherBall,Protect,Eruption|||M|||50|,,,,,Fire]Maushold-Four||WideLens|FriendGuard|PopulationBomb,Protect,FollowMe,Taunt||||||50|,,,,,Ghost
|showteam|p2|Annihilape||Leftovers|Defiant|StealthRock,RageFist,DrainPunch,Protect|||F|||50|,,,,,Steel]Incineroar||SafetyGoggles|Intimidate|FakeOut,KnockOff,FlareBlitz,Roar|||M|||50|,,,,,Ghost]Ninetales-Alola||FocusSash|SnowWarning|Blizzard,FreezeDry,MistyTerrain,Protect|||M|||50|,,,,,Ghost]Talonflame||CovertCloak|GaleWings|Tailwind,DualWingbeat,TemperFlare,WillOWisp|||M|||50|,,,,,Fairy]Gastrodon-East||SitrusBerry|StormDrain|Yawn,EarthPower,IcyWind,Protect|||M|||50|,,,,,Normal]Gholdengo||LifeOrb|GoodasGold|MakeItRain,ShadowBall,Protect,NastyPlot||||||50|,,,,,Steel
|
|t:|1756684688
|teamsize|p1|4
|teamsize|p2|4
|start
|switch|p1a: Ursaluna|Ursaluna-Bloodmoon, L50, M|100/100
|switch|p1b: Whimsicott|Whimsicott, L50, M|100/100
|switch|p2a: Annihilape|Annihilape, L50, F|100/100
|switch|p2b: Incineroar|Incineroar, L50, M|100/100
|-ability|p2b: Incineroar|Intimidate|boost
|-unboost|p1a: Ursaluna|atk|1
|-unboost|p1b: Whimsicott|atk|1
|turn|1
|
|t:|1756684712
|switch|p1a: Dragapult|Dragapult, L50, M|100/100
|move|p2b: Incineroar|Fake Out|p1a: Dragapult
|-immune|p1a: Dragapult
|move|p1b: Whimsicott|Moonblast|p2a: Annihilape
|-supereffective|p2a: Annihilape
|-damage|p2a: Annihilape|53/100
|move|p2a: Annihilape|Drain Punch|p1a: Dragapult
|-immune|p1a: Dragapult
|
|-heal|p2a: Annihilape|59/100|[from] item: Leftovers
|upkeep
|turn|2
|
|t:|1756684737
|-terastallize|p2a: Annihilape|Steel
|move|p1a: Dragapult|U-turn|p2b: Incineroar
|-damage|p2b: Incineroar|74/100
|
|t:|1756684742
|switch|p1a: Ursaluna|Ursaluna-Bloodmoon, L50, M|100/100|[from] U-turn
|move|p1b: Whimsicott|Moonblast|p2b: Incineroar
|-damage|p2b: Incineroar|43/100
|-unboost|p2b: Incineroar|spa|1
|move|p2a: Annihilape|Rage Fist|p1a: Ursaluna
|-immune|p1a: Ursaluna
|move|p2b: Incineroar|Knock Off|p1a: Ursaluna
|-damage|p1a: Ursaluna|69/100
|-enditem|p1a: Ursaluna|Choice Specs|[from] move: Knock Off|[of] p2b: Incineroar
|
|-heal|p2a: Annihilape|65/100|[from] item: Leftovers
|upkeep
|turn|3
|
|t:|1756684764
|move|p1b: Whimsicott|Tailwind|p1b: Whimsicott
|-sidestart|p1: Jasmine124|move: Tailwind
|move|p1a: Ursaluna|Earth Power|p2a: Annihilape
|-supereffective|p2a: Annihilape
|-damage|p2a: Annihilape|0 fnt
|faint|p2a: Annihilape
|move|p2b: Incineroar|Flare Blitz|p1b: Whimsicott
|-supereffective|p1b: Whimsicott
|-enditem|p1b: Whimsicott|Focus Sash
|-damage|p1b: Whimsicott|1/100
|-damage|p2b: Incineroar|20/100|[from] Recoil
|
|upkeep
|
|t:|1756684768
|switch|p2a: Talonflame|Talonflame, L50, M|100/100
|turn|4
|
|t:|1756684780
|-terastallize|p1a: Ursaluna|Normal
|move|p1b: Whimsicott|Protect|p1b: Whimsicott
|-singleturn|p1b: Whimsicott|Protect
|move|p2a: Talonflame|Dual Wingbeat|p1b: Whimsicott
|-activate|p1b: Whimsicott|move: Protect
|move|p1a: Ursaluna|Hyper Voice|p2a: Talonflame|[spread] p2a,p2b
|-damage|p2a: Talonflame|35/100
|-damage|p2b: Incineroar|0 fnt
|faint|p2b: Incineroar
|
|upkeep
|
|t:|1756684784
|switch|p2b: Ninetales|Ninetales-Alola, L50, M|100/100
|-weather|Snowscape|[from] ability: Snow Warning|[of] p2b: Ninetales
|turn|5
|
|t:|1756684795
|move|p1b: Whimsicott|Helping Hand|p1a: Ursaluna
|-singleturn|p1a: Ursaluna|Helping Hand|[of] p1b: Whimsicott
|move|p1a: Ursaluna|Hyper Voice|p2a: Talonflame|[spread] p2a,p2b
|-damage|p2a: Talonflame|0 fnt
|-damage|p2b: Ninetales|9/100
|faint|p2a: Talonflame
|move|p2b: Ninetales|Blizzard|p1b: Whimsicott|[spread] p1a,p1b
|-supereffective|p1b: Whimsicott
|-damage|p1a: Ursaluna|29/100
|-damage|p1b: Whimsicott|0 fnt
|faint|p1b: Whimsicott
|
|-weather|Snowscape|[upkeep]
|upkeep
|
|t:|1756684802
|switch|p1b: Dragapult|Dragapult, L50, M|100/100
|turn|6
|
|t:|1756684809
|move|p2b: Ninetales|Protect|p2b: Ninetales
|-singleturn|p2b: Ninetales|Protect
|move|p1b: Dragapult|Tera Blast|p2b: Ninetales
|-activate|p2b: Ninetales|move: Protect
|move|p1a: Ursaluna|Hyper Voice|p2b: Ninetales
|-activate|p2b: Ninetales|move: Protect
|
|-weather|Snowscape|[upkeep]
|-sideend|p1: Jasmine124|move: Tailwind
|upkeep
|turn|7
|
|t:|1756684817
|move|p1b: Dragapult|Tera Blast|p2b: Ninetales
|-damage|p2b: Ninetales|0 fnt
|faint|p2b: Ninetales
|
|win|Jasmine124
