|j|☆Andrewx98
|j|☆VaughnOmegaStriker
|html|Andrewx98VaughnOmegaStriker    
|uhtml|bestof|Game 1 of a best-of-3
|t:|1756968495
|gametype|doubles
|player|p1|Andrewx98|youngster-gen4dp|1031
|player|p2|VaughnOmegaStriker|unknown|1000
|gen|9
|tier|[Gen 9] VGC 2025 Reg H (Bo3)
|rated|
|rule|Species Clause: Limit one of each Pokémon
|rule|Item Clause: Limit 1 of each item
|clearpoke
|poke|p1|Slowking, L50, M|
|poke|p1|Toxicroak, L50, M|
|poke|p1|Kingdra, L50, F|
|poke|p1|Bronzong, L50|
|poke|p1|Pelipper, L50, M|
|poke|p1|Amoonguss, L50, M|
|poke|p2|Sneasler, L50, M|
|poke|p2|Indeedee-F, L50, F|
|poke|p2|Armarouge, L50, M|
|poke|p2|Tyranitar, L50, M|
|poke|p2|Exeggutor-Alola, L50, F|
|poke|p2|Ribombee, L50, F|
|teampreview|4
|showteam|p1|Slowking||Leftovers|Oblivious|TrickRoom,Surf,Protect,Psychic|||M|||50|,,,,,Psychic]Toxicroak||ClearAmulet|DrySkin|SuckerPunch,FakeOut,PoisonJab,CloseCombat|||M|||50|,,,,,Dark]Kingdra||ChoiceBand|SwiftSwim|FlipTurn,WaveCrash,Outrage,IronHead|||F|||50|,,,,,Water]Bronzong||MentalHerb|Levitate|BodyPress,IronDefense,TrickRoom,GyroBall||||||50|,,,,,Grass]Pelipper||SafetyGoggles|Drizzle|Hurricane,WideGuard,RainDance,WeatherBall|||M|||50|,,,,,Water]Amoonguss||RockyHelmet|Regenerator|RagePowder,PollenPuff,ClearSmog,Spore|||M|||50|,,,,,Fire
|showteam|p2|Sneasler||PsychicSeed|Unburden|CloseCombat,DireClaw,ThroatChop,Protect|||M|||50|,,,,,Dark]Indeedee-F||RockyHelmet|PsychicSurge|AlluringVoice,FollowMe,HelpingHand,TrickRoom|||F|||50|,,,,,Fairy]Armarouge||PowerHerb|FlashFire|ExpandingForce,ArmorCannon,MeteorBeam,Protect|||M|||50|,,,,,Grass]Tyranitar||AssaultVest|SandStream|RockSlide,KnockOff,LowKick,TeraBlast|||M|||50|,,,,,Flying]Exeggutor-Alola||SitrusBerry|Harvest|GigaDrain,DracoMeteor,TrickRoom,Protect|||F|||50|,,,,,Water]Ribombee||FocusSash|ShieldDust|Moonblast,PollenPuff,Psychic,Tailwind|||F|||50|,,,,,Stellar
|inactive|Battle timer is ON: inactive players will automatically lose when time's up. (requested by Andrewx98)
|inactive|VaughnOmegaStriker has 60 seconds left.
|
|t:|1756968561
|teamsize|p1|4
|teamsize|p2|4
|start
|switch|p1a: Slowking|Slowking, L50, M|100/100
|switch|p1b: Toxicroak|Toxicroak, L50, M|100/100
|switch|p2a: Indeedee|Indeedee-F, L50, F|100/100
|switch|p2b: Armarouge|Armarouge, L50, M|100/100
|-fieldstart|move: Psychic Terrain|[from] ability: Psychic Surge|[of] p2a: Indeedee
|turn|1
|inactive|Andrewx98 has 30 seconds left.
|inactive|VaughnOmegaStriker has 30 seconds left.
|
|t:|1756968595
|-terastallize|p1b: Toxicroak|Dark
|move|p2a: Indeedee|Follow Me|p2a: Indeedee
|-singleturn|p2a: Indeedee|move: Follow Me
|move|p1b: Toxicroak|Sucker Punch||[still]
|-fail|p1b: Toxicroak
|move|p2b: Armarouge|Armor Cannon|p1b: Toxicroak
|-damage|p1b: Toxicroak|0 fnt
|-unboost|p2b: Armarouge|def|1
|-unboost|p2b: Armarouge|spd|1
|faint|p1b: Toxicroak
|move|p1a: Slowking|Trick Room|p1a: Slowking
|-fieldstart|move: Trick Room|[of] p1a: Slowking
|
|upkeep
|
|t:|1756968610
|switch|p1b: Pepe|Pelipper, L50, M, shiny|100/100
|-weather|RainDance|[from] ability: Drizzle|[of] p1b: Pepe
|turn|2
|inactive|VaughnOmegaStriker has 30 seconds left.
|inactive|VaughnOmegaStriker has 20 seconds left.
|
|t:|1756968645
|switch|p2b: Exeggutor|Exeggutor-Alola, L50, F|100/100
|move|p2a: Indeedee|Follow Me|p2a: Indeedee
|-singleturn|p2a: Indeedee|move: Follow Me
|move|p1a: Slowking|Surf|p2b: Exeggutor|[spread] p1b,p2a,p2b
|-resisted|p1b: Pepe
|-resisted|p2b: Exeggutor
|-damage|p1b: Pepe|75/100
|-damage|p2a: Indeedee|58/100
|-damage|p2b: Exeggutor|88/100
|move|p1b: Pepe|Weather Ball|p2a: Indeedee
|-damage|p2a: Indeedee|3/100
|
|-weather|RainDance|[upkeep]
|upkeep
|turn|3
|inactive|Andrewx98 has 30 seconds left.
|
|t:|1756968673
|move|p2a: Indeedee|Helping Hand|p2b: Exeggutor
|-singleturn|p2b: Exeggutor|Helping Hand|[of] p2a: Indeedee
|move|p2b: Exeggutor|Giga Drain|p1a: Slowking
|-supereffective|p1a: Slowking
|-damage|p1a: Slowking|2/100
|-heal|p2b: Exeggutor|100/100|[from] drain|[of] p1a: Slowking
|move|p1a: Slowking|Psychic|p2a: Indeedee
|-resisted|p2a: Indeedee
|-damage|p2a: Indeedee|0 fnt
|faint|p2a: Indeedee
|move|p1b: Pepe|Hurricane|p2b: Exeggutor
|-supereffective|p2b: Exeggutor
|-damage|p2b: Exeggutor|4/100
|-enditem|p2b: Exeggutor|Sitrus Berry|[eat]
|-heal|p2b: Exeggutor|29/100|[from] item: Sitrus Berry
|
|-weather|RainDance|[upkeep]
|-heal|p1a: Slowking|8/100|[from] item: Leftovers
|upkeep
|
|t:|1756968696
|switch|p2a: Armarouge|Armarouge, L50, M|100/100
|turn|4
|inactive|VaughnOmegaStriker has 30 seconds left.
|inactive|VaughnOmegaStriker has 20 seconds left.
|
|t:|1756968732
|move|p1a: Slowking|Protect|p1a: Slowking
|-singleturn|p1a: Slowking|Protect
|move|p2a: Armarouge|Protect|p2a: Armarouge
|-singleturn|p2a: Armarouge|Protect
|move|p2b: Exeggutor|Draco Meteor|p1b: Pepe
|-damage|p1b: Pepe|0 fnt
|-unboost|p2b: Exeggutor|spa|2
|faint|p1b: Pepe
|
|-weather|RainDance|[upkeep]
|-heal|p1a: Slowking|14/100|[from] item: Leftovers
|-item|p2b: Exeggutor|Sitrus Berry|[from] ability: Harvest
|upkeep
|-enditem|p2b: Exeggutor|Sitrus Berry|[eat]
|-heal|p2b: Exeggutor|54/100|[from] item: Sitrus Berry
|
|t:|1756968747
|switch|p1b: Kingdra|Kingdra, L50, F|100/100
|turn|5
|inactive|VaughnOmegaStriker has 30 seconds left.
|inactive|VaughnOmegaStriker has 20 seconds left.
|inactive|VaughnOmegaStriker has 15 seconds left.
|inactive|VaughnOmegaStriker has 10 seconds left.
|
|t:|1756968794
|-terastallize|p2a: Armarouge|Grass
|move|p2b: Exeggutor|Draco Meteor|p1b: Kingdra
|-supereffective|p1b: Kingdra
|-damage|p1b: Kingdra|18/100
|-unboost|p2b: Exeggutor|spa|2
|move|p1a: Slowking|Surf|p2a: Armarouge|[spread] p1b,p2a,p2b
|-resisted|p1b: Kingdra
|-resisted|p2a: Armarouge
|-resisted|p2b: Exeggutor
|-damage|p1b: Kingdra|5/100
|-damage|p2a: Armarouge|75/100
|-damage|p2b: Exeggutor|41/100
|move|p2a: Armarouge|Expanding Force|p1a: Slowking|[spread] p1a,p1b
|-resisted|p1a: Slowking
|-damage|p1a: Slowking|0 fnt
|-damage|p1b: Kingdra|0 fnt
|faint|p1a: Slowking
|faint|p1b: Kingdra
|
|win|VaughnOmegaStriker
|inactive|Andrewx98 has 30 seconds to confirm battle start!
|inactive|VaughnOmegaStriker has 30 seconds to confirm battle start!
||VaughnOmegaStriker is ready for game 2.
