|j|☆shaboogles
|j|☆blisswy
|html|shabooglesblisswy    
|uhtml|bestof|Game 1 of a best-of-3
|t:|1783268166
|gametype|doubles
|player|p1|shaboogles|furisodegirl-white|
|player|p2|blisswy|lady-gen4|
|gen|9
|tier|[Gen 9 Champions] VGC 2026 Reg M-B (Bo3)
|rule|Species Clause: Limit one of each Pokémon
|rule|Item Clause: Limit 1 of each item
|clearpoke
|poke|p1|Emolga, L50, M, shiny|
|poke|p1|Starmie, L50|
|poke|p1|Swampert, L50, F|
|poke|p1|Infernape, L50, F|
|poke|p1|Floette-Eternal, L50, F|
|poke|p1|Ariados, L50, M|
|poke|p2|Krookodile, L50, M|
|poke|p2|Klefki, L50, F|
|poke|p2|Floette-Eternal, L50, F|
|poke|p2|Charizard, L50, F|
|poke|p2|Gengar, L50, M|
|poke|p2|Pinsir, L50, M|
|teampreview|4
|showteam|p1|Emolga||OranBerry|MotorDrive|SpeedSwap,AirSlash,Protect,VoltSwitch|Timid||M|||50|]Starmie||Starminite|Illuminate|Protect,AquaJet,Liquidation,PsychoCut|Jolly|||||50|]Swampert||ChoiceScarf|Damp|IcePunch,WaveCrash,FlipTurn,Earthquake|Serious||F|||50|]Infernape||FocusSash|IronFist|FakeOut,Coaching,Overheat,FlareBlitz|Naughty||F|||50|]Floette-Eternal||LifeOrb|FlowerVeil|Protect,LightofRuin,DazzlingGleam,Moonblast|Timid||F|||50|]Ariados||CobaBerry|Insomnia|Protect,RagePowder,StringShot,KnockOff|Impish||M|||50|
|showteam|p2|Krookodile||LifeOrb|Intimidate|Earthquake,KnockOff,Protect,Snarl|Jolly||M|||50|]Klefki||LightClay|Prankster|Reflect,LightScreen,DazzlingGleam,SunnyDay|Sassy||F|||50|]Floette-Eternal||FairyFeather|FlowerVeil|DrainingKiss,CalmMind,DazzlingGleam,Protect|Modest||F|||50|]Charizard||ChoiceScarf|SolarPower|HeatWave,WeatherBall,DragonPulse,SolarBeam|Modest||F|||50|]Gengar||FocusSash|CursedBody|ShadowBall,Taunt,IcyWind,SludgeBomb|Timid||M|||50|]Pinsir||Pinsirite|HyperCutter|BodySlam,Lunge,Protect,QuickAttack|Jolly||M|||50|
|c|☆blisswy|bro this emolga is so random kid
|c|☆shaboogles|I can't let you get close.
|
|t:|1783268263
|teamsize|p1|4
|teamsize|p2|4
|start
|switch|p1a: blegh!! >.<|Infernape, L50, F|100/100
|switch|p1b: etoooooo|Starmie, L50|100/100
|switch|p2a: Klefki|Klefki, L50, F|100/100
|switch|p2b: Krookodile|Krookodile, L50, M|100/100
|-ability|p2b: Krookodile|Intimidate|boost
|-unboost|p1a: blegh!! >.<|atk|1
|-unboost|p1b: etoooooo|atk|1
|turn|1
|
|t:|1783268285
|detailschange|p1b: etoooooo|Starmie-Mega, L50
|-mega|p1b: etoooooo|Starmie|Starminite
|move|p2a: Klefki|Reflect|p2a: Klefki
|-sidestart|p2: blisswy|Reflect
|move|p1b: etoooooo|Liquidation|p2b: Krookodile
|-supereffective|p2b: Krookodile|1
|-damage|p2b: Krookodile|25/100
|-unboost|p2b: Krookodile|def|1
|move|p1a: blegh!! >.<|Coaching|p1b: etoooooo
|-boost|p1b: etoooooo|atk|1
|-boost|p1b: etoooooo|def|1
|move|p2b: Krookodile|Knock Off|p1a: blegh!! >.<
|-resisted|p1a: blegh!! >.<|1
|-damage|p1a: blegh!! >.<|54/100
|-enditem|p1a: blegh!! >.<|Focus Sash|[from] move: Knock Off|[of] p2b: Krookodile
|-damage|p2b: Krookodile|15/100|[from] item: Life Orb
|
|upkeep
|turn|2
|
|t:|1783268301
|move|p2a: Klefki|Sunny Day|p2a: Klefki
|-weather|SunnyDay
|move|p1b: etoooooo|Liquidation|p2b: Krookodile
|-supereffective|p2b: Krookodile|1
|-damage|p2b: Krookodile|0 fnt
|faint|p2b: Krookodile
|move|p1a: blegh!! >.<|Coaching|p1b: etoooooo
|-boost|p1b: etoooooo|atk|1
|-boost|p1b: etoooooo|def|1
|
|-weather|SunnyDay|[upkeep]
|upkeep
|
|t:|1783268306
|switch|p2b: Charizard|Charizard, L50, F|100/100
|turn|3
|
|t:|1783268326
|move|p2b: Charizard|Solar Beam||[still]
|-prepare|p2b: Charizard|Solar Beam
|-anim|p2b: Charizard|Solar Beam|p1b: etoooooo
|-supereffective|p1b: etoooooo|1
|-damage|p1b: etoooooo|0 fnt
|faint|p1b: etoooooo
|move|p1a: blegh!! >.<|Overheat|p2b: Charizard
|-resisted|p2b: Charizard|1
|-damage|p2b: Charizard|52/100
|-unboost|p1a: blegh!! >.<|spa|2
|move|p2a: Klefki|Dazzling Gleam|p1a: blegh!! >.<
|-damage|p1a: blegh!! >.<|14/100
|
|-weather|SunnyDay|[upkeep]
|-damage|p2b: Charizard|40/100|[from] ability: Solar Power|[of] p2b: Charizard
|upkeep
|c|☆blisswy|JSAJAJAJAJAJAJA
|
|t:|1783268339
|switch|p1b: Swampert|Swampert, L50, F|100/100
|turn|4
|
|t:|1783268356
|switch|p1b: ICan'tLetUGetClose|Emolga, L50, M, shiny|100/100
|move|p2b: Charizard|Solar Beam||[still]
|-prepare|p2b: Charizard|Solar Beam
|-anim|p2b: Charizard|Solar Beam|p1b: ICan'tLetUGetClose
|-resisted|p1b: ICan'tLetUGetClose|1
|-damage|p1b: ICan'tLetUGetClose|32/100
|-enditem|p1b: ICan'tLetUGetClose|Oran Berry|[eat]
|-heal|p1b: ICan'tLetUGetClose|40/100|[from] item: Oran Berry
|move|p1a: blegh!! >.<|Flare Blitz|p2b: Charizard
|-resisted|p2b: Charizard|1
|-damage|p2b: Charizard|12/100
|-damage|p1a: blegh!! >.<|5/100|[from] Recoil
|move|p2a: Klefki|Dazzling Gleam|p1a: blegh!! >.<|[spread] p1a,p1b
|-crit|p1b: ICan'tLetUGetClose
|-damage|p1a: blegh!! >.<|0 fnt
|-damage|p1b: ICan'tLetUGetClose|0 fnt
|faint|p1a: blegh!! >.<
|faint|p1b: ICan'tLetUGetClose
|
|-weather|SunnyDay|[upkeep]
|-damage|p2b: Charizard|1/100|[from] ability: Solar Power|[of] p2b: Charizard
|upkeep
|
|t:|1783268363
|switch|p1b: Swampert|Swampert, L50, F|100/100
|turn|5
|c|☆blisswy|MY ZARDGOT JETS
|
|t:|1783268373
|move|p2b: Charizard|Solar Beam||[still]
|-prepare|p2b: Charizard|Solar Beam
|-anim|p2b: Charizard|Solar Beam|p1b: Swampert
|-supereffective|p1b: Swampert|2
|-damage|p1b: Swampert|0 fnt
|faint|p1b: Swampert
|
|win|blisswy
||blisswy is ready for game 2.
||shaboogles is ready for game 2.
|uhtml|next|Next: Game 2 of 3
|l|☆shaboogles
|player|p1|
