|j|☆veryreally
|j|☆waveniki
|html|veryreallywaveniki    
|uhtml|bestof|Game 1 of a best-of-3
|t:|1756925910
|gametype|doubles
|player|p1|veryreally|101|1183
|player|p2|waveniki|clerk|1287
|gen|9
|tier|[Gen 9] VGC 2025 Reg H (Bo3)
|rated|
|rule|Species Clause: Limit one of each Pokémon
|rule|Item Clause: Limit 1 of each item
|clearpoke
|poke|p1|Baxcalibur, L50, F|
|poke|p1|Dondozo, L50, M|
|poke|p1|Kingambit, L50, M|
|poke|p1|Rillaboom, L50, M|
|poke|p1|Sneasler, L50, F|
|poke|p1|Volcarona, L50, M|
|poke|p2|Incineroar, L50, M|
|poke|p2|Amoonguss, L50, M|
|poke|p2|Ursaluna-Bloodmoon, L50, M|
|poke|p2|Dragonite, L50, M|
|poke|p2|Sneasler, L50, F|
|poke|p2|Gholdengo, L50|
|teampreview|4
|showteam|p1|Baxcalibur||LoadedDice|ThermalExchange|IcicleSpear,ScaleShot,Protect,IceShard|||F|||50|,,,,,Ghost]Dondozo||Leftovers|Unaware|Liquidation,Fissure,Protect,Yawn|||M|||50|,,,,,Bug]Kingambit||SafetyGoggles|Defiant|KowtowCleave,SuckerPunch,Protect,SwordsDance|||M|||50|,,,,,Dark]Rillaboom||AssaultVest|GrassySurge|FakeOut,GrassyGlide,HighHorsepower,WoodHammer|||M|||50|,,,,,Water]Sneasler||FocusSash|Unburden|DireClaw,CloseCombat,Protect,Coaching|||F|||50|,,,,,Stellar]Volcarona||CovertCloak|FlameBody|HeatWave,TeraBlast,RagePowder,QuiverDance|||M|||50|,,,,,Fairy
|showteam|p2|Incineroar||SafetyGoggles|Intimidate|FlareBlitz,KnockOff,FakeOut,PartingShot|||M|||50|,,,,,Ghost]Amoonguss||SitrusBerry|Regenerator|PollenPuff,Spore,RagePowder,Protect|||M|||50|,,,,,Psychic]Ursaluna-Bloodmoon||AssaultVest|MindsEye|HyperVoice,BloodMoon,EarthPower,VacuumWave|||M|||50|,,,,,Water]Dragonite||LoadedDice|Multiscale|ScaleShot,Tailwind,Haze,Protect|||M|||50|,,,,,Fairy]Sneasler||FocusSash|Unburden|CloseCombat,DireClaw,ThroatChop,Protect|||F|||50|,,,,,Stellar]Gholdengo||LifeOrb|GoodasGold|MakeItRain,ShadowBall,NastyPlot,Protect||||||50|,,,,,Water
|inactive|Battle timer is ON: inactive players will automatically lose when time's up. (requested by waveniki)
|inactive|waveniki has 60 seconds left.
|
|t:|1756925959
|teamsize|p1|4
|teamsize|p2|4
|start
|switch|p1a: Sneasler|Sneasler, L50, F|100/100
|switch|p1b: Baxcalibur|Baxcalibur, L50, F|100/100
|switch|p2a: Sneasler|Sneasler, L50, F|100/100
|switch|p2b: Ursaluna|Ursaluna-Bloodmoon, L50, M|100/100
|turn|1
|
|t:|1756925975
|-terastallize|p2b: Ursaluna|Water
|move|p2a: Sneasler|Dire Claw|p1b: Baxcalibur
|-damage|p1b: Baxcalibur|61/100
|-status|p1b: Baxcalibur|par
|move|p1a: Sneasler|Coaching|p1b: Baxcalibur
|-boost|p1b: Baxcalibur|atk|1
|-boost|p1b: Baxcalibur|def|1
|move|p2b: Ursaluna|Hyper Voice|p1b: Baxcalibur|[spread] p1a,p1b
|-damage|p1a: Sneasler|52/100
|-damage|p1b: Baxcalibur|23/100 par
|move|p1b: Baxcalibur|Icicle Spear|p2a: Sneasler
|-damage|p2a: Sneasler|58/100
|-damage|p2a: Sneasler|19/100
|-damage|p2a: Sneasler|0 fnt
|faint|p2a: Sneasler
|-hitcount|p2: Sneasler|3
|
|upkeep
|
|t:|1756925987
|switch|p2a: Amoonguss|Amoonguss, L50, M|100/100
|turn|2
|inactive|veryreally has 30 seconds left.
|
|t:|1756926017
|move|p2b: Ursaluna|Vacuum Wave|p1b: Baxcalibur
|-supereffective|p1b: Baxcalibur
|-damage|p1b: Baxcalibur|0 fnt
|faint|p1b: Baxcalibur
|move|p1a: Sneasler|Dire Claw|p2b: Ursaluna
|-damage|p2b: Ursaluna|67/100
|-status|p2b: Ursaluna|slp
|move|p2a: Amoonguss|Spore|p1a: Sneasler
|-status|p1a: Sneasler|slp|[from] move: Spore
|
|upkeep
|
|t:|1756926040
|switch|p1b: Dondozo|Dondozo, L50, M|100/100
|turn|3
|
|t:|1756926047
|cant|p1a: Sneasler|slp
|cant|p2b: Ursaluna|slp
|move|p1b: Dondozo|Yawn|p2a: Amoonguss
|-start|p2a: Amoonguss|move: Yawn|[of] p1b: Dondozo
|move|p2a: Amoonguss|Spore|p1b: Dondozo
|-status|p1b: Dondozo|slp|[from] move: Spore
|
|upkeep
|turn|4
|
|t:|1756926056
|switch|p2a: Gholdengo|Gholdengo, L50|100/100
|cant|p1a: Sneasler|slp
|-curestatus|p2b: Ursaluna|slp|[msg]
|move|p2b: Ursaluna|Earth Power|p1a: Sneasler
|-supereffective|p1a: Sneasler
|-damage|p1a: Sneasler|0 fnt
|faint|p1a: Sneasler
|cant|p1b: Dondozo|slp
|
|upkeep
|
|t:|1756926059
|switch|p1a: Volcarona|Volcarona, L50, M|100/100
|turn|5
|
|t:|1756926069
|move|p2a: Gholdengo|Shadow Ball|p1a: Volcarona
|-damage|p1a: Volcarona|52/100
|-damage|p2a: Gholdengo|91/100|[from] item: Life Orb
|move|p1a: Volcarona|Quiver Dance|p1a: Volcarona
|-boost|p1a: Volcarona|spa|1
|-boost|p1a: Volcarona|spd|1
|-boost|p1a: Volcarona|spe|1
|move|p2b: Ursaluna|Blood Moon|p1a: Volcarona
|-damage|p1a: Volcarona|10/100
|cant|p1b: Dondozo|slp
|
|upkeep
|turn|6
|
|t:|1756926088
|move|p2a: Gholdengo|Protect|p2a: Gholdengo
|-singleturn|p2a: Gholdengo|Protect
|move|p1a: Volcarona|Heat Wave|p2b: Ursaluna|[spread] p2b
|-activate|p2a: Gholdengo|move: Protect
|-resisted|p2b: Ursaluna
|-damage|p2b: Ursaluna|50/100
|move|p2b: Ursaluna|Hyper Voice|p1a: Volcarona|[spread] p1a,p1b
|-damage|p1a: Volcarona|0 fnt
|-damage|p1b: Dondozo|75/100 slp
|faint|p1a: Volcarona
|-curestatus|p1b: Dondozo|slp|[msg]
|move|p1b: Dondozo|Liquidation|p2a: Gholdengo
|-activate|p2a: Gholdengo|move: Protect
|
|-heal|p1b: Dondozo|82/100|[from] item: Leftovers
|upkeep
|turn|7
|-message|veryreally forfeited.
|
|win|waveniki
|l|☆veryreally
|player|p1|
||veryreally is ready for game 2.
||waveniki is ready for game 2.
|uhtml|next|Next: Game 2 of 3
|l|☆waveniki
|player|p2|
|j|☆waveniki
|player|p2|waveniki|clerk|
