|j|☆zweeta
|j|☆adesso basta
|html|zweetaadesso basta    
|uhtml|bestof|Game 2 of a best-of-3
|t:|1756662162
|gametype|doubles
|player|p1|zweeta|pokekid|1203
|player|p2|adesso basta|steven|1239
|gen|9
|tier|[Gen 9] VGC 2025 Reg H (Bo3)
|rated|
|rule|Species Clause: Limit one of each Pokémon
|rule|Item Clause: Limit 1 of each item
|clearpoke
|poke|p1|Gholdengo, L50|
|poke|p1|Ursaluna, L50, M|
|poke|p1|Sinistcha, L50|
|poke|p1|Sneasler, L50, F|
|poke|p1|Dragonite, L50, F|
|poke|p1|Incineroar, L50, F|
|poke|p2|Kommo-o, L50, F|
|poke|p2|Electabuzz, L50, M|
|poke|p2|Talonflame, L50, F|
|poke|p2|Samurott-Hisui, L50, F|
|poke|p2|Gholdengo, L50|
|poke|p2|Rillaboom, L50, M|
|teampreview|4
|showteam|p1|Gholdengo||LifeOrb|GoodasGold|MakeItRain,ShadowBall,NastyPlot,Protect||||||50|,,,,,Water]Ursaluna||FlameOrb|Guts|Facade,HeadlongRush,Earthquake,Protect|||M|||50|,,,,,Ghost]Sinistcha||SitrusBerry|Hospitality|MatchaGotcha,LifeDew,RagePowder,TrickRoom||||||50|,,,,,Dark]Sneasler||FocusSash|PoisonTouch|DireClaw,CloseCombat,Coaching,Protect|||F|||50|,,,,,Flying]Dragonite||LoadedDice|Multiscale|ScaleShot,Haze,Tailwind,Protect|||F|||50|,,,,,Fairy]Incineroar||SafetyGoggles|Intimidate|FakeOut,FlareBlitz,KnockOff,PartingShot|||F|||50|,,,,,Ghost
|showteam|p2|Kommo-o||Leftovers|Soundproof|BodyPress,Protect,Flamethrower,IronDefense|||F|||50|,,,,,Fire]Electabuzz||Eviolite|VitalSpirit|FollowMe,Taunt,Thunderbolt,Protect|||M|||50|,,,,,Ghost]Talonflame||CovertCloak|GaleWings|BraveBird,Tailwind,WillOWisp,Taunt|||F|||50|,,,,,Flying]Samurott-Hisui||ClearAmulet|Sharpness|RazorShell,Protect,SacredSword,CeaselessEdge|||F|||50|,,,,,Grass]Gholdengo||MetalCoat|GoodasGold|MakeItRain,ShadowBall,NastyPlot,Protect||||||50|,,,,,Water]Rillaboom||AssaultVest|GrassySurge|WoodHammer,Uturn,GrassyGlide,FakeOut|||M|||50|,,,,,Fire
|inactive|Battle timer is ON: inactive players will automatically lose when time's up. (requested by zweeta)
|inactive|adesso basta has 60 seconds left.
|
|t:|1756662200
|teamsize|p1|4
|teamsize|p2|4
|start
|switch|p1a: Gholdengo|Gholdengo, L50, shiny|100/100
|switch|p1b: Sinistcha|Sinistcha, L50|100/100
|switch|p2a: Kommo-o|Kommo-o, L50, F|100/100
|switch|p2b: Samurott|Samurott-Hisui, L50, F|100/100
|turn|1
|
|t:|1756662224
|switch|p1a: Ursaluna|Ursaluna, L50, M, shiny|100/100
|-terastallize|p2a: Kommo-o|Fire
|-terastallize|p1b: Sinistcha|Dark
|move|p2b: Samurott|Protect|p2b: Samurott
|-singleturn|p2b: Samurott|Protect
|move|p2a: Kommo-o|Iron Defense|p2a: Kommo-o
|-boost|p2a: Kommo-o|def|2
|move|p1b: Sinistcha|Trick Room|p1b: Sinistcha
|-fieldstart|move: Trick Room|[of] p1b: Sinistcha
|
|-status|p1a: Ursaluna|brn|[from] item: Flame Orb
|upkeep
|turn|2
|inactive|adesso basta has 30 seconds left.
|
|t:|1756662250
|move|p2a: Kommo-o|Protect|p2a: Kommo-o
|-singleturn|p2a: Kommo-o|Protect
|move|p1b: Sinistcha|Matcha Gotcha|p2b: Samurott|[spread] p2b
|-activate|p2a: Kommo-o|move: Protect
|-supereffective|p2b: Samurott
|-damage|p2b: Samurott|41/100
|move|p1a: Ursaluna|Earthquake|p2a: Kommo-o|[spread] p1b,p2b
|-activate|p2a: Kommo-o|move: Protect
|-damage|p1b: Sinistcha|35/100
|-damage|p2b: Samurott|0 fnt
|-enditem|p1b: Sinistcha|Sitrus Berry|[eat]
|-heal|p1b: Sinistcha|59/100|[from] item: Sitrus Berry
|faint|p2b: Samurott
|
|-damage|p1a: Ursaluna|94/100 brn|[from] brn
|upkeep
|
|t:|1756662264
|switch|p2b: Rillaboom|Rillaboom, L50, M|100/100
|-fieldstart|move: Grassy Terrain|[from] ability: Grassy Surge|[of] p2b: Rillaboom
|turn|3
|
|t:|1756662274
|switch|p1b: Incineroar|Incineroar, L50, F|100/100
|-ability|p1b: Incineroar|Intimidate|boost
|-unboost|p2a: Kommo-o|atk|1
|-unboost|p2b: Rillaboom|atk|1
|move|p1a: Ursaluna|Protect|p1a: Ursaluna
|-singleturn|p1a: Ursaluna|Protect
|move|p2b: Rillaboom|Fake Out|p1a: Ursaluna
|-activate|p1a: Ursaluna|move: Protect
|move|p2a: Kommo-o|Iron Defense|p2a: Kommo-o
|-boost|p2a: Kommo-o|def|2
|
|-heal|p1a: Ursaluna|100/100 brn|[from] Grassy Terrain
|-damage|p1a: Ursaluna|94/100 brn|[from] brn
|upkeep
|turn|4
|inactive|adesso basta has 30 seconds left.
|
|t:|1756662307
|move|p2a: Kommo-o|Protect|p2a: Kommo-o
|-singleturn|p2a: Kommo-o|Protect
|move|p1b: Incineroar|Fake Out|p2a: Kommo-o
|-activate|p2a: Kommo-o|move: Protect
|move|p1a: Ursaluna|Facade|p2b: Rillaboom
|-damage|p2b: Rillaboom|0 fnt
|faint|p2b: Rillaboom
|
|-heal|p1a: Ursaluna|100/100 brn|[from] Grassy Terrain
|-damage|p1a: Ursaluna|94/100 brn|[from] brn
|upkeep
|
|t:|1756662315
|switch|p2b: Gholdengo|Gholdengo, L50|100/100
|turn|5
|
|t:|1756662323
|move|p2b: Gholdengo|Protect|p2b: Gholdengo
|-singleturn|p2b: Gholdengo|Protect
|move|p1a: Ursaluna|Headlong Rush|p2a: Kommo-o
|-supereffective|p2a: Kommo-o
|-damage|p2a: Kommo-o|47/100
|-unboost|p1a: Ursaluna|def|1
|-unboost|p1a: Ursaluna|spd|1
|move|p2a: Kommo-o|Body Press|p1b: Incineroar
|-supereffective|p1b: Incineroar
|-damage|p1b: Incineroar|0 fnt
|faint|p1b: Incineroar
|
|-heal|p1a: Ursaluna|100/100 brn|[from] Grassy Terrain
|-heal|p2a: Kommo-o|53/100|[from] Grassy Terrain
|-heal|p2a: Kommo-o|59/100|[from] item: Leftovers
|-damage|p1a: Ursaluna|94/100 brn|[from] brn
|-fieldend|move: Trick Room
|upkeep
|
|t:|1756662329
|switch|p1b: Gholdengo|Gholdengo, L50, shiny|100/100
|turn|6
|inactive|adesso basta has 30 seconds left.
|
|t:|1756662363
|move|p2b: Gholdengo|Protect||[still]
|-fail|p2b: Gholdengo
|move|p1b: Gholdengo|Shadow Ball|p2b: Gholdengo
|-supereffective|p2b: Gholdengo
|-damage|p2b: Gholdengo|0 fnt
|faint|p2b: Gholdengo
|-damage|p1b: Gholdengo|91/100|[from] item: Life Orb
|move|p2a: Kommo-o|Flamethrower|p1b: Gholdengo
|-supereffective|p1b: Gholdengo
|-damage|p1b: Gholdengo|15/100
|-status|p1b: Gholdengo|brn
|move|p1a: Ursaluna|Headlong Rush|p2a: Kommo-o
|-supereffective|p2a: Kommo-o
|-damage|p2a: Kommo-o|8/100
|-unboost|p1a: Ursaluna|def|1
|-unboost|p1a: Ursaluna|spd|1
|
|-heal|p1b: Gholdengo|21/100 brn|[from] Grassy Terrain
|-heal|p2a: Kommo-o|14/100|[from] Grassy Terrain
|-heal|p2a: Kommo-o|20/100|[from] item: Leftovers
|-heal|p1a: Ursaluna|100/100 brn|[from] Grassy Terrain
|-damage|p1b: Gholdengo|15/100 brn|[from] brn
|-damage|p1a: Ursaluna|94/100 brn|[from] brn
|upkeep
|turn|7
|l|☆adesso basta
|inactive|adesso basta disconnected and has a minute to reconnect!
|player|p2|
|j|☆adesso basta
|inactive|adesso basta reconnected and has 40 seconds left.
|player|p2|adesso basta|steven|
|
|t:|1756662387
|move|p1b: Gholdengo|Shadow Ball|p2a: Kommo-o
|-damage|p2a: Kommo-o|0 fnt
|faint|p2a: Kommo-o
|-damage|p1b: Gholdengo|6/100 brn|[from] item: Life Orb
|
|win|zweeta
|raw|zweeta's rating: 1203 → 1231(+28 for winning)
|raw|adesso basta's rating: 1239 → 1211(-28 for losing)
|l|☆adesso basta
|player|p2|
