|j|☆fabiobl7
|j|☆Vienna Vaporeons
|html|fabiobl7Vienna Vaporeons    
|uhtml|bestof|Game 1 of a best-of-3
|t:|1757663402
|gametype|doubles
|player|p1|fabiobl7|101|1119
|player|p2|Vienna Vaporeons|265|1182
|gen|9
|tier|[Gen 9] VGC 2025 Reg H (Bo3)
|rated|
|rule|Species Clause: Limit one of each Pokémon
|rule|Item Clause: Limit 1 of each item
|clearpoke
|poke|p1|Rillaboom, L50, F|
|poke|p1|Sneasler, L50, F|
|poke|p1|Dragonite, L50, M|
|poke|p1|Electabuzz, L50, M|
|poke|p1|Kingambit, L50, M|
|poke|p1|Volcarona, L50, F|
|poke|p2|Garganacl, L50, M|
|poke|p2|Incineroar, L50, F|
|poke|p2|Grimmsnarl, L50, M|
|poke|p2|Annihilape, L50, M|
|poke|p2|Sinistcha, L50|
|poke|p2|Gastrodon, L50, F|
|teampreview|4
|showteam|p1|Rillaboom||MiracleSeed|GrassySurge|WoodHammer,GrassyGlide,HighHorsepower,FakeOut|||F|||50|,,,,,Grass]Sneasler||FocusSash|Unburden|CloseCombat,DireClaw,Coaching,Protect|||F|||50|,,,,,Stellar]Dragonite||LoadedDice|Multiscale|ScaleShot,ExtremeSpeed,Haze,Protect|||M|||50|,,,,,Fairy]Electabuzz||Eviolite|VitalSpirit|FollowMe,Thunderbolt,Taunt,Protect|||M|||50|,,,,,Ghost]Kingambit||BlackGlasses|Defiant|KowtowCleave,SuckerPunch,SwordsDance,Protect|||M|||50|,,,,,Dark]Volcarona||CovertCloak|FlameBody|HeatWave,TeraBlast,QuiverDance,Protect|||F|||50|,,,,,Fairy
|showteam|p2|Garganacl||MarangaBerry|PurifyingSalt|SaltCure,StealthRock,Recover,Protect|||M|||50|,,,,,Ghost]Incineroar||AssaultVest|Intimidate|FakeOut,FlareBlitz,KnockOff,Uturn|||F|||50|,,,,,Ghost]Grimmsnarl||LightClay|Prankster|SpiritBreak,Reflect,LightScreen,ThunderWave|||M|||50|,,,,,Steel]Annihilape||SafetyGoggles|Defiant|RageFist,DrainPunch,BulkUp,Protect|||M|||50|,,,,,Fire]Sinistcha||Leftovers|Hospitality|MatchaGotcha,ShadowBall,CalmMind,TrickRoom||||||50|,,,,,Fairy]Gastrodon||SitrusBerry|StickyHold|EarthPower,IceBeam,ClearSmog,Protect|||F|||50|,,,,,Fire
|j| xdndndjxnxn
|inactive|Battle timer is ON: inactive players will automatically lose when time's up. (requested by Vienna Vaporeons)
|
|t:|1757663445
|teamsize|p1|4
|teamsize|p2|4
|start
|switch|p1a: Kingambit|Kingambit, L50, M|100/100
|switch|p1b: Sneasler|Sneasler, L50, F|100/100
|switch|p2a: Garganacl|Garganacl, L50, M, shiny|100/100
|switch|p2b: Grimmsnarl|Grimmsnarl, L50, M, shiny|100/100
|turn|1
|
|t:|1757663464
|move|p2b: Grimmsnarl|Reflect|p2b: Grimmsnarl
|-sidestart|p2: Vienna Vaporeons|Reflect
|move|p1b: Sneasler|Dire Claw|p2b: Grimmsnarl
|-supereffective|p2b: Grimmsnarl
|-damage|p2b: Grimmsnarl|42/100
|move|p1a: Kingambit|Swords Dance|p1a: Kingambit
|-boost|p1a: Kingambit|atk|2
|move|p2a: Garganacl|Salt Cure|p1a: Kingambit
|-resisted|p1a: Kingambit
|-damage|p1a: Kingambit|95/100
|-start|p1a: Kingambit|Salt Cure
|
|-damage|p1a: Kingambit|70/100|[from] Salt Cure
|upkeep
|turn|2
|
|t:|1757663481
|switch|p2a: Annihilape|Annihilape, L50, M, shiny|100/100
|move|p2b: Grimmsnarl|Thunder Wave|p1b: Sneasler
|-status|p1b: Sneasler|par
|move|p1b: Sneasler|Dire Claw|p2b: Grimmsnarl
|-supereffective|p2b: Grimmsnarl
|-damage|p2b: Grimmsnarl|0 fnt
|faint|p2b: Grimmsnarl
|move|p1a: Kingambit|Kowtow Cleave|p2a: Annihilape
|-damage|p2a: Annihilape|24/100
|
|-damage|p1a: Kingambit|45/100|[from] Salt Cure
|upkeep
|
|t:|1757663494
|switch|p2b: Garganacl|Garganacl, L50, M, shiny|100/100
|turn|3
|
|t:|1757663507
|move|p2a: Annihilape|Bulk Up|p2a: Annihilape
|-boost|p2a: Annihilape|atk|1
|-boost|p2a: Annihilape|def|1
|move|p1b: Sneasler|Close Combat|p2b: Garganacl
|-supereffective|p2b: Garganacl
|-damage|p2b: Garganacl|40/100
|-unboost|p1b: Sneasler|def|1
|-unboost|p1b: Sneasler|spd|1
|move|p1a: Kingambit|Kowtow Cleave|p2a: Annihilape
|-damage|p2a: Annihilape|0 fnt
|faint|p2a: Annihilape
|move|p2b: Garganacl|Stealth Rock|p1a: Kingambit
|-sidestart|p1: fabiobl7|move: Stealth Rock
|
|-damage|p1a: Kingambit|20/100|[from] Salt Cure
|upkeep
|
|t:|1757663519
|switch|p2a: Incineroar|Incineroar, L50, F, shiny|100/100
|-ability|p2a: Incineroar|Intimidate|boost
|-unboost|p1a: Kingambit|atk|1
|-ability|p1a: Kingambit|Defiant|boost
|-boost|p1a: Kingambit|atk|2
|-unboost|p1b: Sneasler|atk|1
|turn|4
|
|t:|1757663530
|switch|p1b: Rillaboom|Rillaboom, L50, F|100/100
|-damage|p1b: Rillaboom|88/100|[from] Stealth Rock
|-fieldstart|move: Grassy Terrain|[from] ability: Grassy Surge|[of] p1b: Rillaboom
|switch|p1a: Dragonite|Dragonite, L50, M|100/100
|-damage|p1a: Dragonite|76/100|[from] Stealth Rock
|move|p2a: Incineroar|Fake Out|p1a: Dragonite
|-damage|p1a: Dragonite|64/100
|move|p2b: Garganacl|Recover|p2b: Garganacl
|-heal|p2b: Garganacl|90/100
|
|-heal|p1b: Rillaboom|94/100|[from] Grassy Terrain
|-heal|p2b: Garganacl|96/100|[from] Grassy Terrain
|upkeep
|turn|5
|
|t:|1757663553
|-terastallize|p2b: Garganacl|Ghost
|move|p1b: Rillaboom|High Horsepower|p2a: Incineroar
|-supereffective|p2a: Incineroar
|-damage|p2a: Incineroar|65/100
|move|p1a: Dragonite|Scale Shot|p2a: Incineroar
|-damage|p2a: Incineroar|58/100
|-damage|p2a: Incineroar|50/100
|-damage|p2a: Incineroar|41/100
|-damage|p2a: Incineroar|33/100
|-damage|p2a: Incineroar|25/100
|-hitcount|p2a: Incineroar|5
|-unboost|p1a: Dragonite|def|1
|-boost|p1a: Dragonite|spe|1
|move|p2a: Incineroar|Flare Blitz|p1b: Rillaboom
|-supereffective|p1b: Rillaboom
|-damage|p1b: Rillaboom|0 fnt
|faint|p1b: Rillaboom
|-damage|p2a: Incineroar|0 fnt|[from] Recoil
|faint|p2a: Incineroar
|move|p2b: Garganacl|Salt Cure|p1a: Dragonite
|-supereffective|p1a: Dragonite
|-damage|p1a: Dragonite|17/100
|-start|p1a: Dragonite|Salt Cure
|
|-heal|p2b: Garganacl|100/100|[from] Grassy Terrain
|-damage|p1a: Dragonite|5/100|[from] Salt Cure
|upkeep
|inactive|fabiobl7 has 30 seconds left.
|
|t:|1757663578
|switch|p1b: Kingambit|Kingambit, L50, M|20/100
|-damage|p1b: Kingambit|14/100|[from] Stealth Rock
|turn|6
|
|t:|1757663599
|-terastallize|p1b: Kingambit|Dark
|move|p1a: Dragonite|Scale Shot|p2b: Garganacl
|-damage|p2b: Garganacl|93/100
|-damage|p2b: Garganacl|86/100
|-damage|p2b: Garganacl|79/100
|-damage|p2b: Garganacl|72/100
|-hitcount|p2b: Garganacl|4
|-unboost|p1a: Dragonite|def|1
|-boost|p1a: Dragonite|spe|1
|move|p1b: Kingambit|Kowtow Cleave|p2b: Garganacl
|-supereffective|p2b: Garganacl
|-damage|p2b: Garganacl|6/100
|move|p2b: Garganacl|Salt Cure|p1b: Kingambit
|-damage|p1b: Kingambit|2/100
|-start|p1b: Kingambit|Salt Cure
|
|-heal|p1b: Kingambit|8/100|[from] Grassy Terrain
|-heal|p2b: Garganacl|12/100|[from] Grassy Terrain
|-damage|p1a: Dragonite|0 fnt|[from] Salt Cure
|faint|p1a: Dragonite
|-damage|p1b: Kingambit|0 fnt|[from] Salt Cure
|faint|p1b: Kingambit
|upkeep
|
|t:|1757663618
|switch|p1b: Sneasler|Sneasler, L50, F|100/100 par
|-damage|p1b: Sneasler|95/100 par|[from] Stealth Rock
|turn|7
|
|t:|1757663621
|cant|p1b: Sneasler|par
|move|p2b: Garganacl|Recover|p2b: Garganacl
|-heal|p2b: Garganacl|62/100
|
|-heal|p1b: Sneasler|100/100 par|[from] Grassy Terrain
|-heal|p2b: Garganacl|68/100|[from] Grassy Terrain
|upkeep
|turn|8
|-message|fabiobl7 forfeited.
|
|win|Vienna Vaporeons
|l|☆fabiobl7
|player|p1|
|j|☆fabiobl7
|player|p1|fabiobl7|101|
