|j|☆NightshadeAI
|j|☆KarinaOnTsCoh
|html|NightshadeAIKarinaOnTsCoh    
|uhtml|bestof|Game 1 of a best-of-3
|t:|1783365528
|gametype|doubles
|player|p1|NightshadeAI|2|1087
|player|p2|KarinaOnTsCoh|iris-gen5bw2|1157
|gen|9
|tier|[Gen 9 Champions] VGC 2026 Reg M-B (Bo3)
|rated|
|rule|Species Clause: Limit one of each Pokémon
|rule|Item Clause: Limit 1 of each item
|clearpoke
|poke|p1|Whimsicott, L50, M|
|poke|p1|Charizard, L50, F|
|poke|p1|Basculegion, L50, M|
|poke|p1|Garchomp, L50, F|
|poke|p1|Floette-Eternal, L50, F|
|poke|p1|Kingambit, L50, M|
|poke|p2|Metagross, L50|
|poke|p2|Charizard, L50, M|
|poke|p2|Aerodactyl, L50, M|
|poke|p2|Garchomp, L50, F|
|poke|p2|Incineroar, L50, M|
|poke|p2|Sylveon, L50, F|
|teampreview|4
|showteam|p1|Whimsicott||FocusSash|Prankster|Moonblast,Tailwind,Encore,Protect|Timid||M|||50|]Charizard||CharizarditeY|Blaze|WeatherBall,SolarBeam,HeatWave,Protect|Modest||F|||50|]Basculegion||MysticWater|Adaptability|LastRespects,WaveCrash,AquaJet,Protect|Adamant||M|||50|]Garchomp||LifeOrb|RoughSkin|DragonClaw,Earthquake,RockSlide,Protect|Adamant||F|||50|]Floette-Eternal||Floettite|FlowerVeil|DazzlingGleam,LightofRuin,Moonblast,Protect|Modest||F|||50|]Kingambit||ChopleBerry|Defiant|KowtowCleave,SuckerPunch,IronHead,LowKick|Adamant||M|||50|
|showteam|p2|Metagross||Metagrossite|ClearBody|IronHead,PsychicFangs,BulletPunch,Protect|Jolly|||||50|]Charizard||CharizarditeY|Blaze|HeatWave,WeatherBall,SolarBeam,Protect|Modest||M|||50|]Aerodactyl||FocusSash|Unnerve|RockSlide,DualWingbeat,WideGuard,Tailwind|Jolly||M|||50|]Garchomp||SitrusBerry|RoughSkin|Earthquake,DragonClaw,RockSlide,Protect|Jolly||F|||50|]Incineroar||ChopleBerry|Intimidate|FakeOut,FlareBlitz,DarkestLariat,PartingShot|Adamant||M|||50|]Sylveon||FairyFeather|Pixilate|HyperVoice,HyperBeam,QuickAttack,Protect|Modest||F|||50|
|inactive|Battle timer is ON: inactive players will automatically lose when time's up. (requested by NightshadeAI)
|inactive|KarinaOnTsCoh has 60 seconds left.
|
|t:|1783365562
|teamsize|p1|4
|teamsize|p2|4
|start
|switch|p1a: Whimsicott|Whimsicott, L50, M|100/100
|switch|p1b: Charizard|Charizard, L50, F|100/100
|switch|p2a: Charizard|Charizard, L50, M|100/100
|switch|p2b: Aerodactyl|Aerodactyl, L50, M|100/100
|-ability|p2b: Aerodactyl|Unnerve
|turn|1
|
|t:|1783365573
|detailschange|p1b: Charizard|Charizard-Mega-Y, L50, F
|-mega|p1b: Charizard|Charizard|Charizardite Y
|-weather|SunnyDay|[from] ability: Drought|[of] p1b: Charizard
|detailschange|p2a: Charizard|Charizard-Mega-Y, L50, M
|-mega|p2a: Charizard|Charizard|Charizardite Y
|move|p1a: Whimsicott|Tailwind|p1a: Whimsicott
|-sidestart|p1: NightshadeAI|move: Tailwind
|move|p1b: Charizard|Heat Wave|p2a: Charizard|[spread] p2a,p2b
|-resisted|p2a: Charizard|1
|-resisted|p2b: Aerodactyl|1
|-damage|p2a: Charizard|69/100
|-damage|p2b: Aerodactyl|50/100g
|move|p2b: Aerodactyl|Tailwind|p2b: Aerodactyl
|-sidestart|p2: KarinaOnTsCoh|move: Tailwind
|move|p2a: Charizard|Heat Wave|p1a: Whimsicott|[spread] p1a,p1b
|-supereffective|p1a: Whimsicott|1
|-resisted|p1b: Charizard|1
|-enditem|p1a: Whimsicott|Focus Sash
|-damage|p1a: Whimsicott|1/100
|-damage|p1b: Charizard|69/100
|
|-weather|SunnyDay|[upkeep]
|upkeep
|turn|2
|
|t:|1783365587
|switch|p2b: Incineroar|Incineroar, L50, M|100/100
|-ability|p2b: Incineroar|Intimidate|boost
|-unboost|p1a: Whimsicott|atk|1
|-unboost|p1b: Charizard|atk|1
|move|p1a: Whimsicott|Protect|p1a: Whimsicott
|-singleturn|p1a: Whimsicott|Protect
|move|p1b: Charizard|Protect|p1b: Charizard
|-singleturn|p1b: Charizard|Protect
|move|p2a: Charizard|Heat Wave|p1a: Whimsicott|[spread] 
|-activate|p1a: Whimsicott|move: Protect
|-activate|p1b: Charizard|move: Protect
|
|-weather|SunnyDay|[upkeep]
|upkeep
|turn|3
|
|t:|1783365599
|switch|p1a: Garchomp|Garchomp, L50, F|100/100
|move|p2b: Incineroar|Fake Out|p1b: Charizard
|-damage|p1b: Charizard|52/100
|cant|p1b: Charizard|flinch
|move|p2a: Charizard|Heat Wave|p1a: Garchomp|[spread] p1a,p1b
|-resisted|p1a: Garchomp|1
|-resisted|p1b: Charizard|1
|-damage|p1a: Garchomp|68/100
|-damage|p1b: Charizard|24/100
|-status|p1a: Garchomp|brn
|
|-weather|SunnyDay|[upkeep]
|-damage|p1a: Garchomp|62/100 brn|[from] brn
|upkeep
|turn|4
|
|t:|1783365615
|move|p2a: Charizard|Protect|p2a: Charizard
|-singleturn|p2a: Charizard|Protect
|move|p1a: Garchomp|Rock Slide|p2a: Charizard|[spread] p2b
|-activate|p2a: Charizard|move: Protect
|-supereffective|p2b: Incineroar|1
|-damage|p2b: Incineroar|72/100
|-damage|p1a: Garchomp|52/100 brn|[from] item: Life Orb
|move|p1b: Charizard|Heat Wave|p2a: Charizard|[spread] p2b
|-activate|p2a: Charizard|move: Protect
|-resisted|p2b: Incineroar|1
|-damage|p2b: Incineroar|38/100
|cant|p2b: Incineroar|flinch
|
|-weather|SunnyDay|[upkeep]
|-damage|p1a: Garchomp|46/100 brn|[from] brn
|-sideend|p2: KarinaOnTsCoh|move: Tailwind
|-sideend|p1: NightshadeAI|move: Tailwind
|upkeep
|turn|5
|inactive|KarinaOnTsCoh has 30 seconds left.
|
|t:|1783365640
|switch|p2b: Sylveon|Sylveon, L50, F|100/100
|move|p1a: Garchomp|Rock Slide|p2a: Charizard|[spread] p2a,p2b
|-supereffective|p2a: Charizard|2
|-damage|p2a: Charizard|16/100
|-damage|p2b: Sylveon|85/100
|-damage|p1a: Garchomp|37/100 brn|[from] item: Life Orb
|move|p1b: Charizard|Heat Wave|p2a: Charizard|[spread] p2a,p2b
|-resisted|p2a: Charizard|1
|-damage|p2a: Charizard|0 fnt
|-damage|p2b: Sylveon|25/100
|faint|p2a: Charizard
|
|-weather|none
|-damage|p1a: Garchomp|30/100 brn|[from] brn
|upkeep
|
|t:|1783365649
|switch|p2a: Aerodactyl|Aerodactyl, L50, M|50/100g
|-ability|p2a: Aerodactyl|Unnerve
|turn|6
|
|t:|1783365653
|switch|p1b: Whimsicott|Whimsicott, L50, M|1/100
|move|p2a: Aerodactyl|Tailwind|p2a: Aerodactyl
|-sidestart|p2: KarinaOnTsCoh|move: Tailwind
|move|p2b: Sylveon|Hyper Voice|p1b: Whimsicott|[spread] p1a,p1b
|-supereffective|p1a: Garchomp|1
|-damage|p1a: Garchomp|0 fnt
|-damage|p1b: Whimsicott|0 fnt
|faint|p1a: Garchomp
|faint|p1b: Whimsicott
|
|upkeep
|
|t:|1783365653
|switch|p1b: Basculegion|Basculegion, L50, M|100/100
|switch|p1a: Charizard|Charizard-Mega-Y, L50, F|24/100
|-weather|SunnyDay|[from] ability: Drought|[of] p1a: Charizard
|turn|7
|
|t:|1783365666
|move|p2a: Aerodactyl|Rock Slide|p1b: Basculegion|[spread] p1a
|-miss|p2a: Aerodactyl|p1b: Basculegion
|-supereffective|p1a: Charizard|2
|-damage|p1a: Charizard|0 fnt
|faint|p1a: Charizard
|move|p2b: Sylveon|Hyper Beam|p1b: Basculegion
|-damage|p1b: Basculegion|0 fnt
|-mustrecharge|p2b: Sylveon
|faint|p1b: Basculegion
|
|win|KarinaOnTsCoh
|l|☆NightshadeAI
|player|p1|
||KarinaOnTsCoh is ready for game 2.
|inactive|NightshadeAI has 30 seconds to confirm battle start!
|inactive|NightshadeAI has 20 seconds to confirm battle start!
|inactive|NightshadeAI has 10 seconds to confirm battle start!
|uhtml|next|Next: Game 2 of 3
