|j|☆saaasSAAS
|j|☆r4ka
|html|saaasSAASr4ka    
|uhtml|bestof|Game 1 of a best-of-3
|t:|1756750015
|gametype|doubles
|player|p1|saaasSAAS|266|1000
|player|p2|r4ka|2|1019
|gen|9
|tier|[Gen 9] VGC 2025 Reg H (Bo3)
|rated|
|rule|Species Clause: Limit one of each Pokémon
|rule|Item Clause: Limit 1 of each item
|clearpoke
|poke|p1|Ursaluna, L50, F|
|poke|p1|Jumpluff, L50, M|
|poke|p1|Charizard, L50, F|
|poke|p1|Torkoal, L50, F|
|poke|p1|Incineroar, L50, M|
|poke|p1|Porygon2, L50|
|poke|p2|Rillaboom, L50, F|
|poke|p2|Dragonite, L50, M|
|poke|p2|Sneasler, L50, F|
|poke|p2|Kingambit, L50, F|
|poke|p2|Electabuzz, L50, M|
|poke|p2|Volcarona, L50, F|
|teampreview|4
|showteam|p1|Ursaluna||FlameOrb|Guts|HeadlongRush,Facade,Earthquake,Protect|||F|||50|,,,,,Ghost]Jumpluff||CovertCloak|Chlorophyll|SleepPowder,SunnyDay,Tailwind,RagePowder|||M|||50|,,,,,Water]Charizard||ChoiceSpecs|SolarPower|DragonPulse,HeatWave,Overheat,WeatherBall|||F|||50|,,,,,Ghost]Torkoal||EjectPack|Drought|HelpingHand,Eruption,Overheat,Protect|||F|||50|,,,,,Fire]Incineroar||SitrusBerry|Intimidate|FakeOut,FlareBlitz,KnockOff,PartingShot|||M|||50|,,,,,Ghost]Porygon2||Eviolite|Download|TeraBlast,IceBeam,Recover,TrickRoom||||||50|,,,,,Fighting
|showteam|p2|Rillaboom||AssaultVest|GrassySurge|FakeOut,HighHorsepower,WoodHammer,GrassyGlide|||F|||50|,,,,,Fire]Dragonite||LoadedDice|Multiscale|ExtremeSpeed,ScaleShot,Protect,Haze|||M|||50|,,,,,Steel]Sneasler||FocusSash|Unburden|DireClaw,CloseCombat,FakeOut,Protect|||F|||50|,,,,,Stellar]Kingambit||SafetyGoggles|Defiant|KowtowCleave,SuckerPunch,SwordsDance,Protect|||F|||50|,,,,,Dark]Electabuzz||Eviolite|VitalSpirit|Thunderbolt,Taunt,FollowMe,Protect|||M|||50|,,,,,Ghost]Volcarona||Leftovers|FlameBody|HeatWave,TeraBlast,QuiverDance,Protect|||F|||50|,,,,,Fairy
|
|t:|1756750054
|teamsize|p1|4
|teamsize|p2|4
|start
|switch|p1a: Jumpluff|Jumpluff, L50, M|100/100
|switch|p1b: Torkoal|Torkoal, L50, F|100/100
|switch|p2a: Kingambit|Kingambit, L50, F|100/100
|switch|p2b: Volcarona|Volcarona, L50, F|100/100
|-weather|SunnyDay|[from] ability: Drought|[of] p1b: Torkoal
|turn|1
|
|t:|1756750076
|-terastallize|p2a: Kingambit|Dark
|move|p2b: Volcarona|Protect|p2b: Volcarona
|-singleturn|p2b: Volcarona|Protect
|move|p1a: Jumpluff|Sleep Powder|p2b: Volcarona
|-activate|p2b: Volcarona|move: Protect
|move|p2a: Kingambit|Kowtow Cleave|p1b: Torkoal
|-damage|p1b: Torkoal|47/100
|move|p1b: Torkoal|Overheat|p2a: Kingambit
|-damage|p2a: Kingambit|18/100
|-unboost|p1b: Torkoal|spa|2
|-enditem|p1b: Torkoal|Eject Pack
|
|t:|1756750089
|switch|p1b: Charizard|Charizard, L50, F|100/100
|
|-weather|SunnyDay|[upkeep]
|-damage|p1b: Charizard|88/100|[from] ability: Solar Power|[of] p1b: Charizard
|upkeep
|turn|2
|
|t:|1756750099
|switch|p2b: Rillaboom|Rillaboom, L50, F|100/100
|-fieldstart|move: Grassy Terrain|[from] ability: Grassy Surge|[of] p2b: Rillaboom
|-terastallize|p1a: Jumpluff|Water
|move|p1a: Jumpluff|Rage Powder|p1a: Jumpluff
|-singleturn|p1a: Jumpluff|move: Rage Powder
|move|p2a: Kingambit|Sucker Punch|p1b: Charizard
|-damage|p1b: Charizard|15/100
|move|p1b: Charizard|Heat Wave|p2b: Rillaboom|[spread] p2a,p2b
|-supereffective|p2b: Rillaboom
|-damage|p2a: Kingambit|0 fnt
|-damage|p2b: Rillaboom|0 fnt
|faint|p2a: Kingambit
|faint|p2b: Rillaboom
|
|-weather|SunnyDay|[upkeep]
|-damage|p1b: Charizard|2/100|[from] ability: Solar Power|[of] p1b: Charizard
|upkeep
|
|t:|1756750114
|switch|p2b: Dragonite|Dragonite, L50, M|100/100
|switch|p2a: Volcarona|Volcarona, L50, F|100/100
|turn|3
|
|t:|1756750129
|switch|p1b: Torkoal|Torkoal, L50, F|47/100
|move|p2b: Dragonite|Extreme Speed|p1b: Torkoal
|-damage|p1b: Torkoal|23/100
|move|p1a: Jumpluff|Sleep Powder|p2b: Dragonite
|-status|p2b: Dragonite|slp|[from] move: Sleep Powder
|move|p2a: Volcarona|Quiver Dance|p2a: Volcarona
|-boost|p2a: Volcarona|spa|1
|-boost|p2a: Volcarona|spd|1
|-boost|p2a: Volcarona|spe|1
|
|-weather|SunnyDay|[upkeep]
|-heal|p1b: Torkoal|29/100|[from] Grassy Terrain
|upkeep
|turn|4
|
|t:|1756750146
|move|p2a: Volcarona|Protect|p2a: Volcarona
|-singleturn|p2a: Volcarona|Protect
|move|p1a: Jumpluff|Sleep Powder|p2a: Volcarona
|-activate|p2a: Volcarona|move: Protect
|cant|p2b: Dragonite|slp
|move|p1b: Torkoal|Overheat|p2a: Volcarona
|-activate|p2a: Volcarona|move: Protect
|
|-weather|SunnyDay|[upkeep]
|-heal|p1b: Torkoal|36/100|[from] Grassy Terrain
|upkeep
|turn|5
|
|t:|1756750163
|move|p1a: Jumpluff|Tailwind|p1a: Jumpluff
|-sidestart|p1: saaasSAAS|move: Tailwind
|move|p2a: Volcarona|Heat Wave|p1b: Torkoal|[spread] p1a,p1b
|-resisted|p1a: Jumpluff
|-resisted|p1b: Torkoal
|-damage|p1a: Jumpluff|64/100
|-damage|p1b: Torkoal|0 fnt
|faint|p1b: Torkoal
|cant|p2b: Dragonite|slp
|
|-weather|none
|-heal|p1a: Jumpluff|70/100|[from] Grassy Terrain
|upkeep
|
|t:|1756750176
|switch|p1b: Charizard|Charizard, L50, F|2/100
|turn|6
|
|t:|1756750182
|move|p2a: Volcarona|Protect|p2a: Volcarona
|-singleturn|p2a: Volcarona|Protect
|-curestatus|p2b: Dragonite|slp|[msg]
|move|p2b: Dragonite|Extreme Speed|p1b: Charizard
|-damage|p1b: Charizard|0 fnt
|faint|p1b: Charizard
|move|p1a: Jumpluff|Sleep Powder|p2a: Volcarona
|-activate|p2a: Volcarona|move: Protect
|
|-heal|p1a: Jumpluff|76/100|[from] Grassy Terrain
|-fieldend|move: Grassy Terrain
|upkeep
|
|t:|1756750184
|switch|p1b: Ursaluna|Ursaluna, L50, F|100/100
|turn|7
|
|t:|1756750210
|move|p1b: Ursaluna|Protect|p1b: Ursaluna
|-singleturn|p1b: Ursaluna|Protect
|move|p1a: Jumpluff|Sleep Powder|p2a: Volcarona|[miss]
|-miss|p1a: Jumpluff|p2a: Volcarona
|move|p2a: Volcarona|Heat Wave|p1a: Jumpluff|[spread] p1a
|-activate|p1b: Ursaluna|move: Protect
|-resisted|p1a: Jumpluff
|-damage|p1a: Jumpluff|47/100
|move|p2b: Dragonite|Scale Shot|p1a: Jumpluff
|-damage|p1a: Jumpluff|26/100
|-damage|p1a: Jumpluff|5/100
|-crit|p1a: Jumpluff
|-damage|p1a: Jumpluff|0 fnt
|faint|p1a: Jumpluff
|-hitcount|p1: Jumpluff|3
|-unboost|p2b: Dragonite|def|1
|-boost|p2b: Dragonite|spe|1
|
|-status|p1b: Ursaluna|brn|[from] item: Flame Orb
|upkeep
|turn|8
|-message|saaasSAAS forfeited.
|
|win|r4ka
||saaasSAAS is ready for game 2.
|inactive|r4ka has 30 seconds to confirm battle start!
||r4ka is ready for game 2.
|uhtml|next|Next: Game 2 of 3
