|j|☆heinemann_
|j|☆mackerjuan
|html|heinemann_mackerjuan    
|uhtml|bestof|Game 1 of a best-of-3
|t:|1756295565
|gametype|doubles
|player|p1|heinemann_|swimmer|1174
|player|p2|mackerjuan|266|1201
|gen|9
|tier|[Gen 9] VGC 2025 Reg H (Bo3)
|rated|
|rule|Species Clause: Limit one of each Pokémon
|rule|Item Clause: Limit 1 of each item
|clearpoke
|poke|p1|Dragonite, L50, F|
|poke|p1|Sneasler, L50, F|
|poke|p1|Incineroar, L50, F|
|poke|p1|Amoonguss, L50, M|
|poke|p1|Gholdengo, L50|
|poke|p1|Ursaluna-Bloodmoon, L50, M|
|poke|p2|Incineroar, L50, F|
|poke|p2|Gholdengo, L50|
|poke|p2|Porygon2, L50|
|poke|p2|Ursaluna, L50, F|
|poke|p2|Amoonguss, L50, F|
|poke|p2|Hydreigon, L50, M|
|teampreview|4
|showteam|p1|Dragonite||LoadedDice|Multiscale|ScaleShot,Tailwind,Haze,Protect|||F|||50|,,,,,Fairy]Sneasler||FocusSash|Unburden|CloseCombat,DireClaw,ThroatChop,Protect|||F|||50|,,,,,Dark]Incineroar||SafetyGoggles|Intimidate|FakeOut,PartingShot,FlareBlitz,KnockOff|||F|||50|,,,,,Ghost]Amoonguss||SitrusBerry|Regenerator|Spore,RagePowder,PollenPuff,Protect|||M|||50|,,,,,Psychic]Gholdengo||LifeOrb|GoodasGold|MakeItRain,ShadowBall,NastyPlot,Protect||||||50|,,,,,Water]Ursaluna-Bloodmoon||AssaultVest|MindsEye|BloodMoon,HyperVoice,EarthPower,VacuumWave|||M|||50|,,,,,Water
|showteam|p2|Incineroar||SafetyGoggles|Intimidate|FlareBlitz,KnockOff,FakeOut,PartingShot|||F|||50|,,,,,Ghost]Gholdengo||LifeOrb|GoodasGold|MakeItRain,ShadowBall,NastyPlot,Protect||||||50|,,,,,Water]Porygon2||Eviolite|Download|TeraBlast,IceBeam,Recover,TrickRoom||||||50|,,,,,Fighting]Ursaluna||FlameOrb|Guts|Facade,HeadlongRush,Earthquake,Protect|||F|||50|,,,,,Ghost]Amoonguss||SitrusBerry|Regenerator|PollenPuff,Spore,RagePowder,Protect|||F|||50|,,,,,Water]Hydreigon||CovertCloak|Levitate|Taunt,Tailwind,DracoMeteor,Snarl|||M|||50|,,,,,Steel
|inactive|Battle timer is ON: inactive players will automatically lose when time's up. (requested by mackerjuan)
|inactive|heinemann_ has 60 seconds left.
|
|t:|1756295610
|teamsize|p1|4
|teamsize|p2|4
|start
|switch|p1a: Gholdengo|Gholdengo, L50|100/100
|switch|p1b: Ursaluna|Ursaluna-Bloodmoon, L50, M|100/100
|switch|p2a: Gholdengo|Gholdengo, L50|100/100
|switch|p2b: Incineroar|Incineroar, L50, F|100/100
|-ability|p2b: Incineroar|Intimidate|boost
|-unboost|p1a: Gholdengo|atk|1
|-unboost|p1b: Ursaluna|atk|1
|turn|1
|inactive|heinemann_ has 30 seconds left.
|inactive|mackerjuan has 30 seconds left.
|
|t:|1756295636
|switch|p1b: Incineroar|Incineroar, L50, F|100/100
|-ability|p1b: Incineroar|Intimidate|boost
|-unboost|p2a: Gholdengo|atk|1
|-unboost|p2b: Incineroar|atk|1
|-terastallize|p2a: Gholdengo|Water
|move|p1a: Gholdengo|Protect|p1a: Gholdengo
|-singleturn|p1a: Gholdengo|Protect
|move|p2b: Incineroar|Fake Out|p1b: Incineroar
|-damage|p1b: Incineroar|92/100
|move|p2a: Gholdengo|Nasty Plot|p2a: Gholdengo
|-boost|p2a: Gholdengo|spa|2
|
|upkeep
|turn|2
|inactive|heinemann_ has 30 seconds left.
|
|t:|1756295664
|-terastallize|p1a: Gholdengo|Water
|move|p2a: Gholdengo|Protect|p2a: Gholdengo
|-singleturn|p2a: Gholdengo|Protect
|move|p1b: Incineroar|Fake Out|p2a: Gholdengo
|-activate|p2a: Gholdengo|move: Protect
|move|p1a: Gholdengo|Nasty Plot|p1a: Gholdengo
|-boost|p1a: Gholdengo|spa|2
|move|p2b: Incineroar|Parting Shot|p1b: Incineroar
|-unboost|p1b: Incineroar|atk|1
|-unboost|p1b: Incineroar|spa|1
|
|t:|1756295675
|switch|p2b: Hydreigon|Hydreigon, L50, M|100/100|[from] Parting Shot
|
|upkeep
|turn|3
|inactive|mackerjuan has 30 seconds left.
|
|t:|1756295701
|move|p1a: Gholdengo|Protect|p1a: Gholdengo
|-singleturn|p1a: Gholdengo|Protect
|move|p2b: Hydreigon|Snarl|p1b: Incineroar|[spread] p1b
|-activate|p1a: Gholdengo|move: Protect
|-resisted|p1b: Incineroar
|-damage|p1b: Incineroar|84/100
|-unboost|p1b: Incineroar|spa|1
|move|p2a: Gholdengo|Shadow Ball|p1a: Gholdengo
|-activate|p1a: Gholdengo|move: Protect
|move|p1b: Incineroar|Parting Shot|p2a: Gholdengo
|-immune|p2a: Gholdengo|[from] ability: Good as Gold
|
|upkeep
|turn|4
|inactive|heinemann_ has 30 seconds left.
|
|t:|1756295727
|move|p2b: Hydreigon|Snarl|p1b: Incineroar|[spread] p1a,p1b
|-resisted|p1b: Incineroar
|-damage|p1a: Gholdengo|79/100
|-damage|p1b: Incineroar|76/100
|-unboost|p1a: Gholdengo|spa|1
|-unboost|p1b: Incineroar|spa|1
|move|p2a: Gholdengo|Shadow Ball|p1a: Gholdengo
|-damage|p1a: Gholdengo|0 fnt
|faint|p1a: Gholdengo
|-damage|p2a: Gholdengo|91/100|[from] item: Life Orb
|move|p1b: Incineroar|Knock Off|p2a: Gholdengo
|-damage|p2a: Gholdengo|61/100
|-enditem|p2a: Gholdengo|Life Orb|[from] move: Knock Off|[of] p1b: Incineroar
|
|upkeep
|
|t:|1756295741
|switch|p1a: Ursaluna|Ursaluna-Bloodmoon, L50, M|100/100
|turn|5
|
|t:|1756295753
|move|p2a: Gholdengo|Protect|p2a: Gholdengo
|-singleturn|p2a: Gholdengo|Protect
|move|p2b: Hydreigon|Snarl|p1a: Ursaluna|[spread] p1a,p1b
|-resisted|p1b: Incineroar
|-damage|p1a: Ursaluna|89/100
|-damage|p1b: Incineroar|68/100
|-unboost|p1a: Ursaluna|spa|1
|-unboost|p1b: Incineroar|spa|1
|move|p1b: Incineroar|Parting Shot|p2b: Hydreigon
|-unboost|p2b: Hydreigon|atk|1
|-unboost|p2b: Hydreigon|spa|1
|
|t:|1756295763
|switch|p1b: Dragonite|Dragonite, L50, F|100/100|[from] Parting Shot
|move|p1a: Ursaluna|Hyper Voice|p2b: Hydreigon|[spread] p2b
|-activate|p2a: Gholdengo|move: Protect
|-damage|p2b: Hydreigon|75/100
|
|upkeep
|turn|6
|
|t:|1756295787
|move|p2b: Hydreigon|Snarl|p1b: Dragonite|[spread] p1a,p1b
|-damage|p1a: Ursaluna|81/100
|-damage|p1b: Dragonite|94/100
|-unboost|p1a: Ursaluna|spa|1
|-unboost|p1b: Dragonite|spa|1
|move|p2a: Gholdengo|Make It Rain|p1b: Dragonite|[spread] p1a,p1b
|-damage|p1a: Ursaluna|29/100
|-damage|p1b: Dragonite|8/100
|-unboost|p2a: Gholdengo|spa|1
|move|p1b: Dragonite|Scale Shot|p2b: Hydreigon
|-supereffective|p2b: Hydreigon
|-damage|p2b: Hydreigon|43/100
|-supereffective|p2b: Hydreigon
|-damage|p2b: Hydreigon|14/100
|-supereffective|p2b: Hydreigon
|-damage|p2b: Hydreigon|0 fnt
|faint|p2b: Hydreigon
|-hitcount|p2: Hydreigon|3
|-unboost|p1b: Dragonite|def|1
|-boost|p1b: Dragonite|spe|1
|move|p1a: Ursaluna|Blood Moon|p2a: Gholdengo
|-damage|p2a: Gholdengo|19/100
|
|upkeep
|
|t:|1756295799
|switch|p2b: Incineroar|Incineroar, L50, F|100/100
|-ability|p2b: Incineroar|Intimidate|boost
|-unboost|p1a: Ursaluna|atk|1
|-unboost|p1b: Dragonite|atk|1
|turn|7
|
|t:|1756295815
|switch|p1a: Incineroar|Incineroar, L50, F|68/100
|-ability|p1a: Incineroar|Intimidate|boost
|-unboost|p2a: Gholdengo|atk|1
|-unboost|p2b: Incineroar|atk|1
|move|p1b: Dragonite|Protect|p1b: Dragonite
|-singleturn|p1b: Dragonite|Protect
|move|p2b: Incineroar|Fake Out|p1b: Dragonite
|-activate|p1b: Dragonite|move: Protect
|move|p2a: Gholdengo|Make It Rain|p1a: Incineroar|[spread] p1a
|-activate|p1b: Dragonite|move: Protect
|-resisted|p1a: Incineroar
|-damage|p1a: Incineroar|38/100
|-unboost|p2a: Gholdengo|spa|1
|
|upkeep
|turn|8
|inactive|heinemann_ has 30 seconds left.
|
|t:|1756295847
|move|p2a: Gholdengo|Protect|p2a: Gholdengo
|-singleturn|p2a: Gholdengo|Protect
|move|p1a: Incineroar|Fake Out|p2a: Gholdengo
|-activate|p2a: Gholdengo|move: Protect
|move|p1b: Dragonite|Tailwind|p1b: Dragonite
|-sidestart|p1: heinemann_|move: Tailwind
|move|p2b: Incineroar|Knock Off|p1b: Dragonite
|-damage|p1b: Dragonite|0 fnt
|-enditem|p1b: Dragonite|Loaded Dice|[from] move: Knock Off|[of] p2b: Incineroar
|faint|p1b: Dragonite
|
|upkeep
|
|t:|1756295858
|switch|p1b: Ursaluna|Ursaluna-Bloodmoon, L50, M|29/100
|turn|9
|inactive|heinemann_ has 30 seconds left.
|inactive|heinemann_ has 20 seconds left.
|
|t:|1756295894
|switch|p2a: Amoonguss|Amoonguss, L50, F|100/100
|move|p1a: Incineroar|Knock Off|p2b: Incineroar
|-resisted|p2b: Incineroar
|-damage|p2b: Incineroar|82/100
|-enditem|p2b: Incineroar|Safety Goggles|[from] move: Knock Off|[of] p1a: Incineroar
|move|p1b: Ursaluna|Hyper Voice|p2a: Amoonguss|[spread] p2a,p2b
|-damage|p2a: Amoonguss|73/100
|-damage|p2b: Incineroar|54/100
|move|p2b: Incineroar|Parting Shot|p1b: Ursaluna
|-unboost|p1b: Ursaluna|atk|1
|-unboost|p1b: Ursaluna|spa|1
|
|t:|1756295904
|switch|p2b: Gholdengo|Gholdengo, L50, tera:Water|19/100|[from] Parting Shot
|
|upkeep
|turn|10
|
|t:|1756295922
|move|p2b: Gholdengo|Protect|p2b: Gholdengo
|-singleturn|p2b: Gholdengo|Protect
|move|p2a: Amoonguss|Protect|p2a: Amoonguss
|-singleturn|p2a: Amoonguss|Protect
|move|p1a: Incineroar|Flare Blitz|p2a: Amoonguss
|-activate|p2a: Amoonguss|move: Protect
|move|p1b: Ursaluna|Hyper Voice|p2a: Amoonguss|[spread] 
|-activate|p2a: Amoonguss|move: Protect
|-activate|p2b: Gholdengo|move: Protect
|
|upkeep
|turn|11
|
|t:|1756295947
|switch|p2b: Incineroar|Incineroar, L50, F|54/100
|-ability|p2b: Incineroar|Intimidate|boost
|-unboost|p1a: Incineroar|atk|1
|-unboost|p1b: Ursaluna|atk|1
|move|p1a: Incineroar|Flare Blitz|p2a: Amoonguss
|-supereffective|p2a: Amoonguss
|-damage|p2a: Amoonguss|6/100
|-status|p2a: Amoonguss|brn
|-enditem|p2a: Amoonguss|Sitrus Berry|[eat]
|-heal|p2a: Amoonguss|31/100 brn|[from] item: Sitrus Berry
|-damage|p1a: Incineroar|14/100|[from] Recoil
|move|p1b: Ursaluna|Hyper Voice|p2a: Amoonguss|[spread] p2a,p2b
|-damage|p2a: Amoonguss|11/100 brn
|-damage|p2b: Incineroar|35/100
|move|p2a: Amoonguss|Spore|p1b: Ursaluna
|-status|p1b: Ursaluna|slp|[from] move: Spore
|
|-damage|p2a: Amoonguss|6/100 brn|[from] brn
|-sideend|p1: heinemann_|move: Tailwind
|upkeep
|turn|12
|inactive|heinemann_ has 30 seconds left.
|inactive|mackerjuan has 30 seconds left.
|
|t:|1756295974
|cant|p1b: Ursaluna|slp
|move|p1a: Incineroar|Knock Off|p2b: Incineroar
|-resisted|p2b: Incineroar
|-damage|p2b: Incineroar|25/100
|move|p2b: Incineroar|Flare Blitz|p1b: Ursaluna
|-damage|p1b: Ursaluna|0 fnt
|faint|p1b: Ursaluna
|-damage|p2b: Incineroar|16/100|[from] Recoil
|move|p2a: Amoonguss|Pollen Puff|p1a: Incineroar
|-damage|p1a: Incineroar|0 fnt
|faint|p1a: Incineroar
|
|win|mackerjuan
||heinemann_ is ready for game 2.
