|j|☆chaoticfarmer
|j|☆IngeVGC
|html|chaoticfarmerIngeVGC    
|uhtml|bestof|Game 1 of a best-of-3
|t:|1757039445
|gametype|doubles
|player|p1|chaoticfarmer|norman|1340
|player|p2|IngeVGC|fisherman-gen4|1364
|gen|9
|tier|[Gen 9] VGC 2025 Reg H (Bo3)
|rated|
|rule|Species Clause: Limit one of each Pokémon
|rule|Item Clause: Limit 1 of each item
|clearpoke
|poke|p1|Rillaboom, L50, M|
|poke|p1|Pelipper, L50, M|
|poke|p1|Sneasler, L50, F|
|poke|p1|Cetitan, L50, M|
|poke|p1|Malamar, L50, F|
|poke|p1|Ursaluna-Bloodmoon, L50, M|
|poke|p2|Volcarona, L50, M|
|poke|p2|Kingambit, L50, M|
|poke|p2|Dragonite, L50, F|
|poke|p2|Sneasler, L50, F|
|poke|p2|Rillaboom, L50, M|
|poke|p2|Electabuzz, L50, F|
|teampreview|4
|showteam|p1|Rillaboom||AssaultVest|GrassySurge|FakeOut,GrassyGlide,WoodHammer,Uturn|||M|||50|,,,,,Fire]Pelipper||FocusSash|Drizzle|Tailwind,Hurricane,WideGuard,WeatherBall|||M|||50|,,,,,Fairy]Sneasler||GrassySeed|Unburden|CloseCombat,DireClaw,ThroatChop,Protect|||F|||50|,,,,,Dark]Cetitan||LifeOrb|SheerForce|IcicleCrash,Liquidation,IceShard,Protect|||M|||50|,,,,,Water]Malamar||CovertCloak|Contrary|PsychoCut,KnockOff,Superpower,TrickRoom|||F|||50|,,,,,Steel]Ursaluna-Bloodmoon||SilkScarf|MindsEye|BloodMoon,HyperVoice,EarthPower,Protect|||M|||50|,,,,,Ghost
|showteam|p2|Volcarona||CovertCloak|FlameBody|HeatWave,TeraBlast,QuiverDance,Protect|||M|||50|,,,,,Fairy]Kingambit||BlackGlasses|Defiant|KowtowCleave,SuckerPunch,SwordsDance,Protect|||M|||50|,,,,,Dark]Dragonite||LoadedDice|Multiscale|ScaleShot,ExtremeSpeed,Haze,Protect|||F|||50|,,,,,Steel]Sneasler||FocusSash|PoisonTouch|CloseCombat,DireClaw,FakeOut,Coaching|||F|||50|,,,,,Stellar]Rillaboom||AssaultVest|GrassySurge|WoodHammer,GrassyGlide,HighHorsepower,FakeOut|||M|||50|,,,,,Fire]Electabuzz||Eviolite|VitalSpirit|Thunderbolt,Taunt,FollowMe,Protect|||F|||50|,,,,,Ghost
|inactive|Battle timer is ON: inactive players will automatically lose when time's up. (requested by chaoticfarmer)
|inactive|IngeVGC has 60 seconds left.
|inactive|IngeVGC has 30 seconds left.
|inactive|IngeVGC has 20 seconds left.
|inactive|IngeVGC has 15 seconds left.
|
|t:|1757039522
|teamsize|p1|4
|teamsize|p2|4
|start
|switch|p1a: Rillaboom|Rillaboom, L50, M|100/100
|switch|p1b: Malamar|Malamar, L50, F|100/100
|switch|p2a: Volcarona|Volcarona, L50, M|100/100
|switch|p2b: Electabuzz|Electabuzz, L50, F|100/100
|-fieldstart|move: Grassy Terrain|[from] ability: Grassy Surge|[of] p1a: Rillaboom
|turn|1
|
|t:|1757039542
|-terastallize|p2b: Electabuzz|Ghost
|move|p2a: Volcarona|Quiver Dance|p2a: Volcarona
|-boost|p2a: Volcarona|spa|1
|-boost|p2a: Volcarona|spd|1
|-boost|p2a: Volcarona|spe|1
|move|p2b: Electabuzz|Taunt|p1b: Malamar
|-start|p1b: Malamar|move: Taunt
|move|p1a: Rillaboom|Wood Hammer|p2b: Electabuzz
|-damage|p2b: Electabuzz|41/100
|-damage|p1a: Rillaboom|83/100|[from] Recoil
|move|p1b: Malamar|Knock Off|p2b: Electabuzz
|-supereffective|p2b: Electabuzz
|-damage|p2b: Electabuzz|0 fnt
|-enditem|p2b: Electabuzz|Eviolite|[from] move: Knock Off|[of] p1b: Malamar
|faint|p2b: Electabuzz
|
|-heal|p1a: Rillaboom|88/100|[from] Grassy Terrain
|upkeep
|
|t:|1757039560
|switch|p2b: Kingambit|Kingambit, L50, M|100/100
|turn|2
|inactive|chaoticfarmer has 30 seconds left.
|inactive|chaoticfarmer has 20 seconds left.
|inactive|chaoticfarmer has 15 seconds left.
|
|t:|1757039603
|move|p2b: Kingambit|Sucker Punch|p1b: Malamar
|-damage|p1b: Malamar|56/100
|move|p2a: Volcarona|Heat Wave|p1b: Malamar|[spread] p1a,p1b
|-supereffective|p1a: Rillaboom
|-damage|p1a: Rillaboom|9/100
|-damage|p1b: Malamar|1/100
|move|p1a: Rillaboom|U-turn|p2a: Volcarona
|-resisted|p2a: Volcarona
|-damage|p2a: Volcarona|85/100
|
|t:|1757039612
|switch|p1a: Cetitan|Cetitan, L50, M|100/100|[from] U-turn
|move|p1b: Malamar|Superpower|p2b: Kingambit
|-supereffective|p2b: Kingambit
|-damage|p2b: Kingambit|12/100
|-boost|p1b: Malamar|atk|1
|-boost|p1b: Malamar|def|1
|
|-heal|p2a: Volcarona|91/100|[from] Grassy Terrain
|-heal|p1b: Malamar|7/100|[from] Grassy Terrain
|-heal|p2b: Kingambit|17/100|[from] Grassy Terrain
|upkeep
|turn|3
|inactive|chaoticfarmer has 30 seconds left.
|
|t:|1757039637
|-terastallize|p1a: Cetitan|Water
|move|p2a: Volcarona|Heat Wave|p1b: Malamar|[spread] p1a,p1b
|-resisted|p1a: Cetitan
|-damage|p1a: Cetitan|76/100
|-damage|p1b: Malamar|0 fnt
|faint|p1b: Malamar
|move|p1a: Cetitan|Liquidation|p2a: Volcarona
|-supereffective|p2a: Volcarona
|-damage|p2a: Volcarona|0 fnt
|faint|p2a: Volcarona
|move|p2b: Kingambit|Kowtow Cleave|p1a: Cetitan
|-damage|p1a: Cetitan|26/100
|
|-heal|p1a: Cetitan|32/100|[from] Grassy Terrain
|-heal|p2b: Kingambit|23/100|[from] Grassy Terrain
|upkeep
|
|t:|1757039655
|switch|p2a: Rillaboom|Rillaboom, L50, M|100/100
|switch|p1b: Rillaboom|Rillaboom, L50, M|9/100
|turn|4
|
|t:|1757039666
|move|p2a: Rillaboom|Fake Out|p1b: Rillaboom
|-damage|p1b: Rillaboom|0 fnt
|faint|p1b: Rillaboom
|move|p2b: Kingambit|Sucker Punch|p1a: Cetitan
|-damage|p1a: Cetitan|0 fnt
|faint|p1a: Cetitan
|
|-heal|p2b: Kingambit|29/100|[from] Grassy Terrain
|upkeep
|
|t:|1757039672
|switch|p1b: Ursaluna|Ursaluna-Bloodmoon, L50, M|100/100
|turn|5
|
|t:|1757039681
|move|p1b: Ursaluna|Protect|p1b: Ursaluna
|-singleturn|p1b: Ursaluna|Protect
|move|p2a: Rillaboom|Wood Hammer|p1b: Ursaluna
|-activate|p1b: Ursaluna|move: Protect
|move|p2b: Kingambit|Swords Dance|p2b: Kingambit
|-boost|p2b: Kingambit|atk|2
|
|-heal|p2b: Kingambit|35/100|[from] Grassy Terrain
|-fieldend|move: Grassy Terrain
|upkeep
|turn|6
|-message|chaoticfarmer forfeited.
|
|win|IngeVGC
|l|☆chaoticfarmer
|player|p1|
||chaoticfarmer is ready for game 2.
||IngeVGC is ready for game 2.
|uhtml|next|Next: Game 2 of 3
