|j|☆MiraiQuaza
|j|☆Lightoz
|html|MiraiQuazaLightoz    
|uhtml|bestof|Game 1 of a best-of-3
|t:|1757254926
|gametype|doubles
|player|p1|MiraiQuaza|lucas|1274
|player|p2|Lightoz|blue-gen2|1469
|gen|9
|tier|[Gen 9] VGC 2025 Reg H (Bo3)
|rated|
|rule|Species Clause: Limit one of each Pokémon
|rule|Item Clause: Limit 1 of each item
|clearpoke
|poke|p1|Charizard, L50, F|
|poke|p1|Whimsicott, L50, M|
|poke|p1|Archaludon, L50, M|
|poke|p1|Farigiraf, L50, F|
|poke|p1|Torkoal, L50, F|
|poke|p1|Baxcalibur, L50, M|
|poke|p2|Incineroar, L50, F|
|poke|p2|Annihilape, L50, M|
|poke|p2|Dragonite, L50, M|
|poke|p2|Volcarona, L50, F|
|poke|p2|Rillaboom, L50, F|
|poke|p2|Basculegion, L50, M|
|teampreview|4
|showteam|p1|Charizard||LifeOrb|SolarPower|HeatWave,AirSlash,SolarBeam,Protect|||F|||50|,,,,,Fire]Whimsicott||FocusSash|Prankster|Tailwind,SunnyDay,Moonblast,BeatUp|||M|||50|,,,,,Ghost]Archaludon||AssaultVest|Stamina|DracoMeteor,ElectroShot,BodyPress,Snarl|||M|||50|,,,,,Grass]Farigiraf||SitrusBerry|ArmorTail|TwinBeam,BeatUp,TrickRoom,Protect|||F|||50|,,,,,Fairy]Torkoal||ChoiceSpecs|Drought|Eruption,HeatWave,EarthPower,WeatherBall|||F|||50|,,,,,Fire]Baxcalibur||LoadedDice|ThermalExchange|GlaiveRush,IcicleSpear,DragonDance,Protect|||M|||50|,,,,,Poison
|showteam|p2|Incineroar||SitrusBerry|Intimidate|FlareBlitz,KnockOff,FakeOut,PartingShot|||F|||50|,,,,,Ghost]Annihilape||SafetyGoggles|Defiant|CloseCombat,RageFist,Coaching,FinalGambit|||M|||50|,,,,,Water]Dragonite||LoadedDice|Multiscale|ScaleShot,SunnyDay,Haze,Protect|||M|||50|,,,,,Fairy]Volcarona||Leftovers|FlameBody|HeatWave,TeraBlast,QuiverDance,Protect|||F|||50|,,,,,Fairy]Rillaboom||AssaultVest|GrassySurge|WoodHammer,GrassyGlide,HighHorsepower,FakeOut|||F|||50|,,,,,Fire]Basculegion||ChoiceScarf|Adaptability|WaveCrash,LastRespects,FlipTurn,AquaJet|||M|||50|,,,,,Water
|inactive|Battle timer is ON: inactive players will automatically lose when time's up. (requested by MiraiQuaza)
|j| Nickrono
|inactive|MiraiQuaza has 60 seconds left.
|inactive|Lightoz has 60 seconds left.
|
|t:|1757254975
|teamsize|p1|4
|teamsize|p2|4
|start
|switch|p1a: Charizard|Charizard, L50, F, shiny|100/100
|switch|p1b: Whimsicott|Whimsicott, L50, M|100/100
|switch|p2a: Incineroar|Incineroar, L50, F|100/100
|switch|p2b: Volcarona|Volcarona, L50, F|100/100
|-ability|p2a: Incineroar|Intimidate|boost
|-unboost|p1a: Charizard|atk|1
|-unboost|p1b: Whimsicott|atk|1
|turn|1
|
|t:|1757254994
|switch|p1b: Baxcalibur|Baxcalibur, L50, M|100/100
|move|p2a: Incineroar|Fake Out|p1a: Charizard
|-crit|p1a: Charizard
|-damage|p1a: Charizard|78/100
|cant|p1a: Charizard|flinch
|move|p2b: Volcarona|Quiver Dance|p2b: Volcarona
|-boost|p2b: Volcarona|spa|1
|-boost|p2b: Volcarona|spd|1
|-boost|p2b: Volcarona|spe|1
|
|upkeep
|turn|2
|
|t:|1757255013
|move|p2b: Volcarona|Protect|p2b: Volcarona
|-singleturn|p2b: Volcarona|Protect
|move|p1b: Baxcalibur|Protect|p1b: Baxcalibur
|-singleturn|p1b: Baxcalibur|Protect
|move|p1a: Charizard|Air Slash|p2b: Volcarona
|-activate|p2b: Volcarona|move: Protect
|move|p2a: Incineroar|Knock Off|p1b: Baxcalibur
|-activate|p1b: Baxcalibur|move: Protect
|
|upkeep
|turn|3
|
|t:|1757255034
|-terastallize|p2b: Volcarona|Fairy
|-terastallize|p1b: Baxcalibur|Poison
|move|p2b: Volcarona|Tera Blast|p1b: Baxcalibur|[anim] Tera Blast Fairy
|-resisted|p1b: Baxcalibur
|-damage|p1b: Baxcalibur|72/100
|move|p1a: Charizard|Air Slash|p2b: Volcarona
|-damage|p2b: Volcarona|74/100
|-damage|p1a: Charizard|69/100|[from] item: Life Orb
|move|p1b: Baxcalibur|Icicle Spear|p2b: Volcarona
|-damage|p2b: Volcarona|58/100
|-damage|p2b: Volcarona|43/100
|-damage|p2b: Volcarona|26/100
|-damage|p2b: Volcarona|8/100
|-damage|p2b: Volcarona|0 fnt
|faint|p2b: Volcarona
|-hitcount|p2: Volcarona|5
|move|p2a: Incineroar|Knock Off|p1a: Charizard
|-crit|p1a: Charizard
|-damage|p1a: Charizard|0 fnt
|-enditem|p1a: Charizard|Life Orb|[from] move: Knock Off|[of] p2a: Incineroar
|faint|p1a: Charizard
|
|upkeep
|
|t:|1757255059
|switch|p1a: Whimsicott|Whimsicott, L50, M|100/100
|switch|p2b: Annihilape|Annihilape, L50, M, shiny|100/100
|turn|4
|inactive|Lightoz has 30 seconds left.
|
|t:|1757255086
|move|p1a: Whimsicott|Tailwind|p1a: Whimsicott
|-sidestart|p1: MiraiQuaza|move: Tailwind
|move|p1b: Baxcalibur|Dragon Dance|p1b: Baxcalibur
|-boost|p1b: Baxcalibur|atk|1
|-boost|p1b: Baxcalibur|spe|1
|move|p2b: Annihilape|Coaching|p2a: Incineroar
|-boost|p2a: Incineroar|atk|1
|-boost|p2a: Incineroar|def|1
|move|p2a: Incineroar|Knock Off|p1b: Baxcalibur
|-damage|p1b: Baxcalibur|16/100
|-enditem|p1b: Baxcalibur|Loaded Dice|[from] move: Knock Off|[of] p2a: Incineroar
|
|upkeep
|turn|5
|inactive|MiraiQuaza has 30 seconds left.
|
|t:|1757255112
|move|p1b: Baxcalibur|Glaive Rush|p2a: Incineroar
|-damage|p2a: Incineroar|54/100
|-singlemove|p1b: Baxcalibur|Glaive Rush|[silent]
|move|p1a: Whimsicott|Moonblast|p2b: Annihilape
|-supereffective|p2b: Annihilape
|-damage|p2b: Annihilape|53/100
|move|p2b: Annihilape|Rage Fist|p1a: Whimsicott
|-damage|p1a: Whimsicott|57/100
|move|p2a: Incineroar|Knock Off|p1b: Baxcalibur
|-damage|p1b: Baxcalibur|0 fnt
|faint|p1b: Baxcalibur
|
|upkeep
|
|t:|1757255124
|switch|p1b: Archaludon|Archaludon, L50, M|100/100
|turn|6
|inactive|Lightoz has 30 seconds left.
|
|t:|1757255156
|move|p1a: Whimsicott|Beat Up|p1b: Archaludon
|-damage|p1b: Archaludon|99/100
|-ability|p1b: Archaludon|Stamina|boost
|-boost|p1b: Archaludon|def|1
|-damage|p1b: Archaludon|97/100
|-ability|p1b: Archaludon|Stamina|boost
|-boost|p1b: Archaludon|def|1
|-hitcount|p1b: Archaludon|2
|move|p1b: Archaludon|Body Press|p2a: Incineroar
|-supereffective|p2a: Incineroar
|-damage|p2a: Incineroar|11/100
|-enditem|p2a: Incineroar|Sitrus Berry|[eat]
|-heal|p2a: Incineroar|36/100|[from] item: Sitrus Berry
|move|p2b: Annihilape|Rage Fist|p1a: Whimsicott
|-damage|p1a: Whimsicott|6/100
|move|p2a: Incineroar|Knock Off|p1b: Archaludon
|-damage|p1b: Archaludon|77/100
|-ability|p1b: Archaludon|Stamina|boost
|-boost|p1b: Archaludon|def|1
|-enditem|p1b: Archaludon|Assault Vest|[from] move: Knock Off|[of] p2a: Incineroar
|
|upkeep
|turn|7
|
|t:|1757255180
|switch|p2a: Dragonite|Dragonite, L50, M|100/100
|move|p1a: Whimsicott|Moonblast|p2b: Annihilape
|-supereffective|p2b: Annihilape
|-crit|p2b: Annihilape
|-damage|p2b: Annihilape|0 fnt
|faint|p2b: Annihilape
|move|p1b: Archaludon|Body Press|p2a: Dragonite
|-resisted|p2a: Dragonite
|-damage|p2a: Dragonite|84/100
|
|-sideend|p1: MiraiQuaza|move: Tailwind
|upkeep
|
|t:|1757255185
|switch|p2b: Incineroar|Incineroar, L50, F|36/100
|-ability|p2b: Incineroar|Intimidate|boost
|-unboost|p1a: Whimsicott|atk|1
|-unboost|p1b: Archaludon|atk|1
|turn|8
|
|t:|1757255196
|move|p2b: Incineroar|Fake Out|p1a: Whimsicott
|-damage|p1a: Whimsicott|0 fnt
|faint|p1a: Whimsicott
|move|p2a: Dragonite|Haze|p2a: Dragonite
|-clearallboost
|move|p1b: Archaludon|Draco Meteor|p2a: Dragonite
|-supereffective|p2a: Dragonite
|-damage|p2a: Dragonite|0 fnt
|-unboost|p1b: Archaludon|spa|2
|faint|p2a: Dragonite
|
|upkeep
|turn|9
|-message|Lightoz forfeited.
|
|win|MiraiQuaza
|l|☆Lightoz
|player|p2|
||Lightoz is ready for game 2.
||MiraiQuaza is ready for game 2.
|uhtml|next|Next: Game 2 of 3
|l| Nickrono
|j|☆Lightoz
|player|p2|Lightoz|blue-gen2|
