|j|☆castoriceball
|j|☆The RU Agenda
|html|castoriceballThe RU Agenda    
|uhtml|bestof|Game 2 of a best-of-3
|t:|1785991170
|gametype|doubles
|player|p1|castoriceball|miku-flying|1333
|player|p2|The RU Agenda|1|1380
|gen|9
|tier|[Gen 9 Champions] VGC 2026 Reg M-B (Bo3)
|rated|
|rule|Species Clause: Limit one of each Pokémon
|rule|Item Clause: Limit 1 of each item
|clearpoke
|poke|p1|Whimsicott, L50, F|
|poke|p1|Staraptor, L50, F|
|poke|p1|Tyranitar, L50, F|
|poke|p1|Excadrill, L50, F|
|poke|p1|Rotom-Wash, L50, shiny|
|poke|p1|Gholdengo, L50|
|poke|p2|Charizard, L50, M|
|poke|p2|Hydreigon, L50, M|
|poke|p2|Aerodactyl, L50, M|
|poke|p2|Chesnaught, L50, M|
|poke|p2|Farigiraf, L50, M|
|poke|p2|Mamoswine, L50, M|
|teampreview|4
|showteam|p1|Whimsicott||OccaBerry|Prankster|Moonblast,Tailwind,Encore,Charm|Timid||F|||50|]Staraptor||Staraptite|Intimidate|BraveBird,CloseCombat,Roost,Protect|Jolly||F|||50|]Tyranitar||Tyranitarite|SandStream|RockSlide,KnockOff,IcePunch,Protect|Adamant||F|||50|]Excadrill||FocusSash|SandRush|Earthquake,RockSlide,IronHead,Protect|Adamant||F|||50|]Rotom-Wash||Magnet|Levitate|Thunderbolt,HydroPump,Electroweb,Protect|Modest|||||50|]Gholdengo||LifeOrb|GoodasGold|MakeItRain,ShadowBall,PowerGem,Protect|Modest|||||50|
|showteam|p2|Charizard||CharizarditeY|Blaze|Protect,HeatWave,SolarBeam,WeatherBall|Modest||M|||50|]Hydreigon||ChoiceScarf|Levitate|DarkPulse,DracoMeteor,Snarl,EarthPower|Modest||M|||50|]Aerodactyl||Aerodactylite|Unnerve|Protect,Tailwind,RockSlide,DualWingbeat|Jolly||M|||50|]Chesnaught||Leftovers|Bulletproof|SpikyShield,WideGuard,IronDefense,BodyPress|Impish||M|||50|]Farigiraf||SitrusBerry|ArmorTail|TrickRoom,Psychic,Thunderbolt,HelpingHand|Bold||M|||50|]Mamoswine||LifeOrb|Oblivious|Protect,IcicleCrash,Earthquake,IceShard|Adamant||M|||50|
|j| Pizzamemes123
|l| Pizzamemes123
|j| Pizzamemes123
|
|t:|1785991223
|teamsize|p1|4
|teamsize|p2|4
|start
|switch|p1a: fun n whimsy|Whimsicott, L50, F|100/100
|switch|p1b: VELOCITY|Staraptor, L50, F|100/100
|switch|p2a: TripleThreat|Hydreigon, L50, M|100/100
|switch|p2b: The Agenda|Chesnaught, L50, M|100/100
|-ability|p1b: VELOCITY|Intimidate|boost
|-unboost|p2a: TripleThreat|atk|1
|-unboost|p2b: The Agenda|atk|1
|turn|1
|
|t:|1785991242
|switch|p2a: Original151|Charizard, L50, M|100/100
|detailschange|p1b: VELOCITY|Staraptor-Mega, L50, F
|-mega|p1b: VELOCITY|Staraptor|Staraptite
|move|p1a: fun n whimsy|Tailwind|p1a: fun n whimsy
|-sidestart|p1: castoriceball|move: Tailwind
|move|p1b: VELOCITY|Close Combat|p2a: Original151
|-resisted|p2a: Original151|1
|-damage|p2a: Original151|70/100
|-boost|p1b: VELOCITY|def|1
|-boost|p1b: VELOCITY|spd|1
|move|p2b: The Agenda|Iron Defense|p2b: The Agenda
|-boost|p2b: The Agenda|def|2
|
|upkeep
|turn|2
|
|t:|1785991272
|detailschange|p2a: Original151|Charizard-Mega-Y, L50, M
|-mega|p2a: Original151|Charizard|Charizardite Y
|-weather|SunnyDay|[from] ability: Drought|[of] p2a: Original151
|move|p1a: fun n whimsy|Encore|p2b: The Agenda
|-start|p2b: The Agenda|Encore
|move|p1b: VELOCITY|Brave Bird|p2a: Original151
|-damage|p2a: Original151|9/100
|-damage|p1b: VELOCITY|77/100|[from] Recoil
|move|p2a: Original151|Heat Wave|p1a: fun n whimsy|[spread] p1a,p1b
|-supereffective|p1a: fun n whimsy|1
|-enditem|p1a: fun n whimsy|Occa Berry|[eat]
|-enditem|p1a: fun n whimsy|Occa Berry|[weaken]
|-damage|p1a: fun n whimsy|15/100
|-damage|p1b: VELOCITY|23/100
|move|p2b: The Agenda|Iron Defense|p2b: The Agenda
|-boost|p2b: The Agenda|def|2
|
|-weather|SunnyDay|[upkeep]
|upkeep
|turn|3
|
|t:|1785991295
|move|p1a: fun n whimsy|Charm|p1b: VELOCITY
|-boost|p1b: VELOCITY|atk|2
|move|p1b: VELOCITY|Close Combat|p2a: Original151
|-resisted|p2a: Original151|1
|-damage|p2a: Original151|0 fnt
|-boost|p1b: VELOCITY|def|1
|-boost|p1b: VELOCITY|spd|1
|faint|p2a: Original151
|move|p2b: The Agenda|Iron Defense|p2b: The Agenda
|-boost|p2b: The Agenda|def|2
|
|-weather|SunnyDay|[upkeep]
|upkeep
|
|t:|1785991299
|switch|p2a: Joe Raffe|Farigiraf, L50, M|100/100
|turn|4
|
|t:|1785991304
|move|p1a: fun n whimsy|Charm|p1b: VELOCITY
|-boost|p1b: VELOCITY|atk|2
|move|p1b: VELOCITY|Close Combat|p2a: Joe Raffe
|-damage|p2a: Joe Raffe|0 fnt
|-boost|p1b: VELOCITY|def|1
|-boost|p1b: VELOCITY|spd|1
|faint|p2a: Joe Raffe
|move|p2b: The Agenda|Iron Defense|p2b: The Agenda
|-boost|p2b: The Agenda|def|0
|
|-weather|SunnyDay|[upkeep]
|-end|p2b: The Agenda|Encore
|-sideend|p1: castoriceball|move: Tailwind
|upkeep
|
|t:|1785991309
|switch|p2a: TripleThreat|Hydreigon, L50, M|100/100
|turn|5
|
|t:|1785991321
|move|p1b: VELOCITY|Protect|p1b: VELOCITY
|-singleturn|p1b: VELOCITY|Protect
|move|p1a: fun n whimsy|Tailwind|p1a: fun n whimsy
|-sidestart|p1: castoriceball|move: Tailwind
|move|p2a: TripleThreat|Dark Pulse|p1b: VELOCITY
|-activate|p1b: VELOCITY|move: Protect
|move|p2b: The Agenda|Body Press|p1b: VELOCITY
|-activate|p1b: VELOCITY|move: Protect
|
|-weather|SunnyDay|[upkeep]
|upkeep
|turn|6
|
|t:|1785991334
|move|p1a: fun n whimsy|Moonblast|p2a: TripleThreat
|-supereffective|p2a: TripleThreat|2
|-damage|p2a: TripleThreat|0 fnt
|faint|p2a: TripleThreat
|move|p1b: VELOCITY|Brave Bird|p2b: The Agenda
|-supereffective|p2b: The Agenda|2
|-damage|p2b: The Agenda|0 fnt
|faint|p2b: The Agenda
|-damage|p1b: VELOCITY|0 fnt|[from] Recoil
|faint|p1b: VELOCITY
|
|win|castoriceball
