|j|☆siegmvnd
|j|☆frokathan
|html|siegmvndfrokathan    
|uhtml|bestof|Game 2 of a best-of-3
|t:|1782699546
|gametype|doubles
|player|p1|siegmvnd|raihan|
|player|p2|frokathan|miku-ghost|
|gen|9
|tier|[Gen 9 Champions] VGC 2026 Reg M-B (Bo3)
|rule|Species Clause: Limit one of each Pokémon
|rule|Item Clause: Limit 1 of each item
|clearpoke
|poke|p1|Swampert, L50, F|
|poke|p1|Pelipper, L50, F|
|poke|p1|Metagross, L50|
|poke|p1|Grimmsnarl, L50, M|
|poke|p1|Archaludon, L50, M|
|poke|p1|Sinistcha, L50|
|poke|p2|Mawile, L50, M|
|poke|p2|Farigiraf, L50, M|
|poke|p2|Sinistcha, L50|
|poke|p2|Incineroar, L50, M|
|poke|p2|Raichu, L50, M|
|poke|p2|Ninetales-Alola, L50, M|
|teampreview|4
|showteam|p1|Swampert||Swampertite|Torrent|Protect,IcePunch,WaveCrash,Earthquake|Adamant||F|||50|]Pelipper||FocusSash|Drizzle|Protect,Tailwind,WeatherBall,Hurricane|Modest||F|||50|]Metagross||Metagrossite|ClearBody|Protect,BodyPress,PsychicFangs,IronHead|Jolly|||||50|]Grimmsnarl||LightClay|Prankster|FoulPlay,PartingShot,LightScreen,Reflect|Calm||M|||50|]Archaludon||Leftovers|Stamina|Protect,ElectroShot,FlashCannon,DragonPulse|Modest||M|||50|]Sinistcha||SitrusBerry|Hospitality|Protect,TrickRoom,MatchaGotcha,RagePowder|Relaxed|||||50|
|showteam|p2|Mawile||Mawilite|HyperCutter|PlayRough,IronHead,ThunderPunch,Protect|Brave||M|||50|]Farigiraf||ColburBerry|ArmorTail|TwinBeam,HelpingHand,TrickRoom,Protect|Calm||M|||50|]Sinistcha||OccaBerry|Hospitality|MatchaGotcha,RagePowder,TrickRoom,Protect|Calm|||||50|]Incineroar||SitrusBerry|Intimidate|FlareBlitz,DarkestLariat,FakeOut,PartingShot|Sassy||M|||50|]Raichu||RaichuniteY|Static|ZapCannon,FocusBlast,GrassKnot,FakeOut|Timid||M|||50|]Ninetales-Alola||FocusSash|SnowWarning|Blizzard,Moonblast,AuroraVeil,Protect|Timid||M|||50|
|c|☆siegmvnd|i got no fake outs on this team
|c|☆siegmvnd|but we move
|
|t:|1782699575
|teamsize|p1|4
|teamsize|p2|4
|start
|switch|p1a: Pelipper|Pelipper, L50, F|100/100
|switch|p1b: Archaludon|Archaludon, L50, M|100/100
|switch|p2a: Raichu|Raichu, L50, M|100/100
|switch|p2b: Sinistcha|Sinistcha, L50|100/100
|-weather|RainDance|[from] ability: Drizzle|[of] p1a: Pelipper
|turn|1
|c|☆frokathan|this fucking bridge that i hate
|
|t:|1782699610
|switch|p1a: Swampert|Swampert, L50, F|100/100
|switch|p1b: Sinistcha|Sinistcha, L50|100/100
|move|p2a: Raichu|Fake Out|p1a: Swampert
|-damage|p1a: Swampert|92/100
|move|p2b: Sinistcha|Rage Powder|p2b: Sinistcha
|-singleturn|p2b: Sinistcha|move: Rage Powder
|
|-weather|RainDance|[upkeep]
|upkeep
|turn|2
|
|t:|1782699658
|switch|p2a: Ninetales|Ninetales-Alola, L50, M|100/100
|-weather|Snowscape|[from] ability: Snow Warning|[of] p2a: Ninetales
|detailschange|p1a: Swampert|Swampert-Mega, L50, F
|-mega|p1a: Swampert|Swampert|Swampertite
|move|p1b: Sinistcha|Protect|p1b: Sinistcha
|-singleturn|p1b: Sinistcha|Protect
|move|p1a: Swampert|Earthquake|p2a: Ninetales|[spread] p2a,p2b
|-activate|p1b: Sinistcha|move: Protect
|-resisted|p2b: Sinistcha|1
|-damage|p2a: Ninetales|57/100
|-damage|p2b: Sinistcha|83/100
|move|p2b: Sinistcha|Matcha Gotcha|p1a: Swampert|[spread] p1a
|-activate|p1b: Sinistcha|move: Protect
|-supereffective|p1a: Swampert|2
|-damage|p1a: Swampert|15/100
|-heal|p2b: Sinistcha|100/100|[from] drain|[of] p1a: Swampert
|
|-weather|Snowscape|[upkeep]
|upkeep
|turn|3
|
|t:|1782699724
|switch|p1a: Archaludon|Archaludon, L50, M|100/100
|move|p2a: Ninetales|Blizzard|p1b: Sinistcha|[spread] p1a,p1b
|-supereffective|p1b: Sinistcha|1
|-damage|p1a: Archaludon|68/100
|-damage|p1b: Sinistcha|42/100
|-ability|p1a: Archaludon|Stamina|boost
|-boost|p1a: Archaludon|def|1
|-enditem|p1b: Sinistcha|Sitrus Berry|[eat]
|-heal|p1b: Sinistcha|67/100|[from] item: Sitrus Berry
|move|p2b: Sinistcha|Matcha Gotcha|p1a: Archaludon|[spread] p1a,p1b
|-resisted|p1a: Archaludon|2
|-resisted|p1b: Sinistcha|1
|-damage|p1a: Archaludon|61/100
|-damage|p1b: Sinistcha|56/100
|-ability|p1a: Archaludon|Stamina|boost
|-boost|p1a: Archaludon|def|1
|move|p1b: Sinistcha|Trick Room|p1b: Sinistcha
|-fieldstart|move: Trick Room|[of] p1b: Sinistcha
|
|-weather|Snowscape|[upkeep]
|-heal|p1a: Archaludon|67/100|[from] item: Leftovers
|upkeep
|turn|4
|
|t:|1782699754
|switch|p1b: Pelipper|Pelipper, L50, F|100/100
|-weather|RainDance|[from] ability: Drizzle|[of] p1b: Pelipper
|move|p2b: Sinistcha|Rage Powder|p2b: Sinistcha
|-singleturn|p2b: Sinistcha|move: Rage Powder
|move|p1a: Archaludon|Flash Cannon|p2b: Sinistcha
|-damage|p2b: Sinistcha|61/100
|-unboost|p2b: Sinistcha|spd|1
|move|p2a: Ninetales|Aurora Veil||[still]
|-fail|p2a: Ninetales
|
|-weather|RainDance|[upkeep]
|-heal|p1a: Archaludon|73/100|[from] item: Leftovers
|upkeep
|turn|5
|
|t:|1782699789
|move|p2a: Ninetales|Protect|p2a: Ninetales
|-singleturn|p2a: Ninetales|Protect
|move|p1a: Archaludon|Flash Cannon|p2a: Ninetales
|-activate|p2a: Ninetales|move: Protect
|move|p1b: Pelipper|Hurricane|p2b: Sinistcha
|-supereffective|p2b: Sinistcha|1
|-damage|p2b: Sinistcha|0 fnt
|faint|p2b: Sinistcha
|
|-weather|RainDance|[upkeep]
|-heal|p1a: Archaludon|79/100|[from] item: Leftovers
|upkeep
|
|t:|1782699798
|switch|p2b: Incineroar|Incineroar, L50, M|100/100
|-ability|p2b: Incineroar|Intimidate|boost
|-unboost|p1a: Archaludon|atk|1
|-unboost|p1b: Pelipper|atk|1
|turn|6
|
|t:|1782699819
|switch|p2a: Raichu|Raichu, L50, M|100/100
|move|p1a: Archaludon|Protect|p1a: Archaludon
|-singleturn|p1a: Archaludon|Protect
|move|p2b: Incineroar|Fake Out|p1a: Archaludon
|-activate|p1a: Archaludon|move: Protect
|move|p1b: Pelipper|Weather Ball|p2b: Incineroar
|-supereffective|p2b: Incineroar|1
|-damage|p2b: Incineroar|1/100
|-enditem|p2b: Incineroar|Sitrus Berry|[eat]
|-heal|p2b: Incineroar|25/100|[from] item: Sitrus Berry
|
|-weather|RainDance|[upkeep]
|-heal|p1a: Archaludon|85/100|[from] item: Leftovers
|upkeep
|turn|7
|
|t:|1782699855
|switch|p1b: Swampert|Swampert-Mega, L50, F|15/100
|detailschange|p2a: Raichu|Raichu-Mega-Y, L50, M
|-mega|p2a: Raichu|Raichu|Raichunite Y
|move|p2b: Incineroar|Darkest Lariat|p1b: Swampert
|-damage|p1b: Swampert|0 fnt
|faint|p1b: Swampert
|move|p1a: Archaludon|Dragon Pulse|p2a: Raichu
|-damage|p2a: Raichu|40/100
|move|p2a: Raichu|Focus Blast|p1a: Archaludon
|-supereffective|p1a: Archaludon|1
|-damage|p1a: Archaludon|0 fnt
|faint|p1a: Archaludon
|
|-weather|RainDance|[upkeep]
|-fieldend|move: Trick Room
|upkeep
|
|t:|1782699867
|switch|p1b: Pelipper|Pelipper, L50, F|100/100
|switch|p1a: Sinistcha|Sinistcha, L50|56/100
|turn|8
|
|t:|1782699882
|switch|p2a: Ninetales|Ninetales-Alola, L50, M|57/100
|-weather|Snowscape|[from] ability: Snow Warning|[of] p2a: Ninetales
|move|p1a: Sinistcha|Rage Powder|p1a: Sinistcha
|-singleturn|p1a: Sinistcha|move: Rage Powder
|move|p1b: Pelipper|Weather Ball|p2a: Ninetales
|-resisted|p2a: Ninetales|1
|-damage|p2a: Ninetales|39/100
|move|p2b: Incineroar|Flare Blitz|p1a: Sinistcha
|-supereffective|p1a: Sinistcha|1
|-damage|p1a: Sinistcha|0 fnt
|faint|p1a: Sinistcha
|-damage|p2b: Incineroar|9/100|[from] Recoil
|
|-weather|Snowscape|[upkeep]
|upkeep
|turn|9
|
|t:|1782699899
|move|p2a: Ninetales|Blizzard|p1b: Pelipper
|-damage|p1b: Pelipper|22/100
|-status|p1b: Pelipper|frz
|cant|p1b: Pelipper|frz
|move|p2b: Incineroar|Darkest Lariat|p1b: Pelipper
|-damage|p1b: Pelipper|0 fnt
|faint|p1b: Pelipper
|
|win|frokathan
|c|☆frokathan|icl
|c|☆siegmvnd|insult to injury
|c|☆frokathan|i thought i was cooked that game
|c|☆siegmvnd|that was clean though
|c|☆siegmvnd|i forgot that ninetales was still alive ;-_-
|c|☆siegmvnd|one more bo3?
|c|☆frokathan|you played really well i felt on the back foot that whole time
|c|☆frokathan|maybe tomorrow i was already feeling pokemon'd out i just wanted to run a quick set with this team
|c|☆frokathan|me and button played like
|c|☆frokathan|10+ random battles earlier
|c|☆siegmvnd|thank you .. i completely forgot that sinistcha wrecks swampert though and once i realized i was like fuck how do i still work with this
|c|☆siegmvnd|LOL
|c|☆siegmvnd|ok tomorrow we can play
|c|☆frokathan|i'm free all day tomorrow
|c|☆siegmvnd|have a good night frok
|c|☆frokathan|you too
|l|☆siegmvnd
|player|p1|
