|j|☆solidserpent001
|j|☆FilthyJonhy
|html|solidserpent001FilthyJonhy    
|uhtml|bestof|Game 1 of a best-of-3
|t:|1757636784
|gametype|doubles
|player|p1|solidserpent001|101|1031
|player|p2|FilthyJonhy|birdkeeper|1019
|gen|9
|tier|[Gen 9] VGC 2025 Reg H (Bo3)
|rated|
|rule|Species Clause: Limit one of each Pokémon
|rule|Item Clause: Limit 1 of each item
|clearpoke
|poke|p1|Florges, L50, F|
|poke|p1|Garganacl, L50, M|
|poke|p1|Cinderace, L50, F|
|poke|p1|Whimsicott, L50, F|
|poke|p1|Greninja-*, L50, M|
|poke|p1|Snorlax, L50, M|
|poke|p2|Murkrow, L50, M|
|poke|p2|Ninetales-Alola, L50, F|
|poke|p2|Arcanine-Hisui, L50, F|
|poke|p2|Sneasler, L50, M|
|poke|p2|Indeedee, L50, M|
|poke|p2|Ursaluna-Bloodmoon, L50, M|
|teampreview|4
|showteam|p1|Florges||ChoiceSpecs|FlowerVeil|Psychic,GigaDrain,DazzlingGleam,PollenPuff|||F|||50|,,,,,Steel]Garganacl||Leftovers|Sturdy|WideGuard,Protect,SaltCure,RockSlide|||M|||50|,,,,,Normal]Cinderace||ChoiceBand|Libero|SuckerPunch,FlareBlitz,GunkShot,Uturn|||F|||50|,,,,,Dark]Whimsicott||FocusSash|Prankster|Tailwind,MistyTerrain,DazzlingGleam,Endure|||F|||50|,,,,,Flying]Greninja||LifeOrb|Protean|Surf,DarkPulse,SludgeWave,IceBeam|||M|||50|,,,,,Water]Snorlax||SitrusBerry|Immunity|HyperVoice,FocusBlast,Thunderbolt,IceBeam|||M|||50|,,,,,Normal
|showteam|p2|Murkrow||Eviolite|Prankster|Haze,Tailwind,Taunt,FoulPlay|||M|||50|,,,,,Ghost]Ninetales-Alola||LightClay|SnowWarning|AuroraVeil,HelpingHand,Blizzard,FreezeDry|||F|||50|,,,,,Poison]Arcanine-Hisui||ChoiceBand|Intimidate|RockSlide,PsychicFangs,FlareBlitz,CloseCombat|||F|||50|,,,,,Grass]Sneasler||PsychicSeed|Unburden|Protect,CloseCombat,DireClaw,ThroatChop|||M|||50|,,,,,Dark]Indeedee||FocusSash|PsychicSurge|ExpandingForce,TeraBlast,TrickRoom,Imprison|||M|||50|,,,,,Fighting]Ursaluna-Bloodmoon||LifeOrb|MindsEye|BloodMoon,HyperVoice,EarthPower,Protect|||M|||50|,,,,,Normal
|
|t:|1757636862
|teamsize|p1|4
|teamsize|p2|4
|start
|switch|p1a: Whimsicott|Whimsicott, L50, F|100/100
|switch|p1b: Florges|Florges, L50, F|100/100
|switch|p2a: Murkrow|Murkrow, L50, M|100/100
|switch|p2b: Ursaluna|Ursaluna-Bloodmoon, L50, M|100/100
|turn|1
|l|☆solidserpent001
|player|p1|
|j|☆solidserpent001
|player|p1|solidserpent001|101|
|
|t:|1757636916
|-terastallize|p2b: Ursaluna|Normal
|move|p1a: Whimsicott|Tailwind|p1a: Whimsicott
|-sidestart|p1: solidserpent001|move: Tailwind
|move|p2a: Murkrow|Tailwind|p2a: Murkrow
|-sidestart|p2: FilthyJonhy|move: Tailwind
|move|p2b: Ursaluna|Blood Moon|p1a: Whimsicott
|-enditem|p1a: Whimsicott|Focus Sash
|-damage|p1a: Whimsicott|1/100
|-damage|p2b: Ursaluna|91/100|[from] item: Life Orb
|move|p1b: Florges|Dazzling Gleam|p2b: Ursaluna|[spread] p2a,p2b
|-supereffective|p2a: Murkrow
|-damage|p2a: Murkrow|20/100
|-damage|p2b: Ursaluna|34/100
|
|upkeep
|turn|2
|
|t:|1757636942
|move|p1a: Whimsicott|Endure|p1a: Whimsicott
|-singleturn|p1a: Whimsicott|move: Endure
|move|p2a: Murkrow|Taunt|p1a: Whimsicott
|-start|p1a: Whimsicott|move: Taunt
|move|p2b: Ursaluna|Hyper Voice|p1b: Florges|[spread] p1a,p1b
|-activate|p1a: Whimsicott|move: Endure
|-damage|p1a: Whimsicott|1/100
|-damage|p1b: Florges|51/100
|-damage|p2b: Ursaluna|24/100|[from] item: Life Orb
|move|p1b: Florges|Dazzling Gleam|p2b: Ursaluna|[spread] p2a,p2b
|-supereffective|p2a: Murkrow
|-damage|p2a: Murkrow|0 fnt
|-damage|p2b: Ursaluna|0 fnt
|faint|p2a: Murkrow
|faint|p2b: Ursaluna
|
|upkeep
|
|t:|1757636957
|switch|p2a: Sneasler|Sneasler, L50, M|100/100
|switch|p2b: Indeedee|Indeedee, L50, M|100/100
|-fieldstart|move: Psychic Terrain|[from] ability: Psychic Surge|[of] p2b: Indeedee
|-enditem|p2a: Sneasler|Psychic Seed
|-boost|p2a: Sneasler|spd|1|[from] item: Psychic Seed
|turn|3
|
|t:|1757636980
|switch|p1a: Snorlax|Snorlax, L50, M|100/100
|-terastallize|p1b: Florges|Steel
|move|p2a: Sneasler|Close Combat|p1b: Florges
|-supereffective|p1b: Florges
|-damage|p1b: Florges|0 fnt
|-unboost|p2a: Sneasler|def|1
|-unboost|p2a: Sneasler|spd|1
|faint|p1b: Florges
|move|p2b: Indeedee|Expanding Force|p1a: Snorlax
|-damage|p1a: Snorlax|51/100
|
|upkeep
|
|t:|1757636997
|switch|p1b: Whimsicott|Whimsicott, L50, F|1/100
|turn|4
|
|t:|1757637011
|move|p1b: Whimsicott|Endure|p1b: Whimsicott
|-singleturn|p1b: Whimsicott|move: Endure
|move|p2a: Sneasler|Dire Claw|p1a: Snorlax
|-damage|p1a: Snorlax|11/100
|-enditem|p1a: Snorlax|Sitrus Berry|[eat]
|-heal|p1a: Snorlax|35/100|[from] item: Sitrus Berry
|move|p2b: Indeedee|Expanding Force|p1b: Whimsicott|[spread] p1a,p1b
|-crit|p1a: Snorlax
|-damage|p1a: Snorlax|0 fnt
|-activate|p1b: Whimsicott|move: Endure
|-damage|p1b: Whimsicott|1/100
|faint|p1a: Snorlax
|
|-sideend|p2: FilthyJonhy|move: Tailwind
|-sideend|p1: solidserpent001|move: Tailwind
|upkeep
|
|t:|1757637027
|switch|p1a: Greninja|Greninja, L50, M|100/100
|turn|5
|
|t:|1757637049
|move|p1b: Whimsicott|Tailwind|p1b: Whimsicott
|-sidestart|p1: solidserpent001|move: Tailwind
|move|p1a: Greninja|Sludge Wave|p2b: Indeedee|[spread] p1b,p2a,p2b
|-start|p1a: Greninja|typechange|Poison|[from] ability: Protean
|-supereffective|p1b: Whimsicott
|-resisted|p2a: Sneasler
|-damage|p1b: Whimsicott|0 fnt
|-damage|p2a: Sneasler|75/100
|-damage|p2b: Indeedee|45/100
|faint|p1b: Whimsicott
|-damage|p1a: Greninja|91/100|[from] item: Life Orb
|move|p2a: Sneasler|Close Combat|p1a: Greninja
|-resisted|p1a: Greninja
|-damage|p1a: Greninja|35/100
|-unboost|p2a: Sneasler|def|1
|-unboost|p2a: Sneasler|spd|1
|move|p2b: Indeedee|Expanding Force|p1a: Greninja
|-supereffective|p1a: Greninja
|-damage|p1a: Greninja|0 fnt
|faint|p1a: Greninja
|
|win|FilthyJonhy
|inactive|solidserpent001 has 30 seconds to confirm battle start!
|inactive|FilthyJonhy has 30 seconds to confirm battle start!
|l|☆solidserpent001
|player|p1|
||FilthyJonhy is ready for game 2.
|inactive|solidserpent001 has 20 seconds to confirm battle start!
|inactive|solidserpent001 has 10 seconds to confirm battle start!
|uhtml|next|Next: Game 2 of 3
