|j|☆javivaarela
|j|☆Ramley123
|html|javivaarelaRamley123    
|uhtml|bestof|Game 2 of a best-of-3
|t:|1782346021
|gametype|doubles
|player|p1|javivaarela|101|1000
|player|p2|Ramley123|266|1076
|gen|9
|tier|[Gen 9 Champions] VGC 2026 Reg M-B (Bo3)
|rated|
|rule|Species Clause: Limit one of each Pokémon
|rule|Item Clause: Limit 1 of each item
|clearpoke
|poke|p1|Tyranitar, L50, F|
|poke|p1|Excadrill, L50, M|
|poke|p1|Meowscarada, L50, F|
|poke|p1|Raichu, L50, F|
|poke|p1|Houndstone, L50, F|
|poke|p1|Talonflame, L50, M|
|poke|p2|Raichu, L50, M|
|poke|p2|Ninetales-Alola, L50, F|
|poke|p2|Incineroar, L50, M|
|poke|p2|Gholdengo, L50|
|poke|p2|Whimsicott, L50, F|
|poke|p2|Samurott-Hisui, L50, F|
|teampreview|4
|showteam|p1|Tyranitar||Tyranitarite|SandStream|RockSlide,Assurance,LowKick,Protect|Adamant||F|||50|]Excadrill||FocusSash|SandRush|HighHorsepower,IronHead,RockSlide,Protect|Adamant||M|||50|]Meowscarada||ChoiceScarf|Protean|FlowerTrick,TripleAxel,KnockOff,Uturn|Adamant||F|||50|]Raichu||RaichuniteY|Static|ZapCannon,FocusBlast,GrassKnot,Protect|Timid||F|||50|]Houndstone||SpellTag|SandRush|LastRespects,PsychicFangs,WillOWisp,Protect|Adamant||F|||50|]Talonflame||SharpBeak|GaleWings|DualWingbeat,Tailwind,FlareBlitz,Protect|Adamant||M|||50|
|showteam|p2|Raichu||RaichuniteY|Static|FakeOut,Protect,ZapCannon,FocusBlast|Timid||M|||50|]Ninetales-Alola||LightClay|SnowWarning|AuroraVeil,Blizzard,FreezeDry,Protect|Timid||F|||50|]Incineroar||SitrusBerry|Intimidate|FakeOut,PartingShot,FlareBlitz,ThroatChop|Careful||M|||50|]Gholdengo||LifeOrb|GoodasGold|NastyPlot,MakeItRain,Hex,Protect|Timid|||||50|]Whimsicott||FocusSash|Prankster|Tailwind,FakeTears,Encore,Moonblast|Timid||F|||50|]Samurott-Hisui||ExpertBelt|Sharpness|AquaCutter,SacredSword,SuckerPunch,NightSlash|Jolly||F|||50|
|inactive|Battle timer is ON: inactive players will automatically lose when time's up. (requested by Ramley123)
|
|t:|1782346044
|teamsize|p1|4
|teamsize|p2|4
|start
|switch|p1a: Tyranitar|Tyranitar, L50, F|100/100
|switch|p1b: Excadrill|Excadrill, L50, M|100/100
|switch|p2a: Raichu|Raichu, L50, M|100/100
|switch|p2b: Incineroar|Incineroar, L50, M|100/100
|-weather|Sandstorm|[from] ability: Sand Stream|[of] p1a: Tyranitar
|-ability|p2b: Incineroar|Intimidate|boost
|-unboost|p1a: Tyranitar|atk|1
|-unboost|p1b: Excadrill|atk|1
|turn|1
|
|t:|1782346063
|detailschange|p2a: Raichu|Raichu-Mega-Y, L50, M
|-mega|p2a: Raichu|Raichu|Raichunite Y
|move|p1b: Excadrill|Protect|p1b: Excadrill
|-singleturn|p1b: Excadrill|Protect
|move|p1a: Tyranitar|Protect|p1a: Tyranitar
|-singleturn|p1a: Tyranitar|Protect
|move|p2b: Incineroar|Fake Out|p1b: Excadrill
|-activate|p1b: Excadrill|move: Protect
|move|p2a: Raichu|Focus Blast|p1a: Tyranitar
|-activate|p1a: Tyranitar|move: Protect
|
|-weather|Sandstorm|[upkeep]
|-damage|p2a: Raichu|94/100|[from] Sandstorm
|-damage|p2b: Incineroar|94/100|[from] Sandstorm
|upkeep
|turn|2
|
|t:|1782346087
|switch|p2a: Ninetales|Ninetales-Alola, L50, F|100/100
|-weather|Snowscape|[from] ability: Snow Warning|[of] p2a: Ninetales
|switch|p1a: Houndstone|Houndstone, L50, F|100/100
|move|p1b: Excadrill|High Horsepower|p2a: Ninetales
|-damage|p2a: Ninetales|63/100
|move|p2b: Incineroar|Flare Blitz|p1b: Excadrill
|-supereffective|p1b: Excadrill|1
|-enditem|p1b: Excadrill|Focus Sash
|-damage|p1b: Excadrill|1/100
|-status|p1b: Excadrill|brn
|-damage|p2b: Incineroar|63/100|[from] Recoil
|
|-weather|Snowscape|[upkeep]
|-damage|p1b: Excadrill|0 fnt|[from] brn
|faint|p1b: Excadrill
|upkeep
|
|t:|1782346104
|switch|p1b: Tyranitar|Tyranitar, L50, F|100/100
|-weather|Sandstorm|[from] ability: Sand Stream|[of] p1b: Tyranitar
|turn|3
|
|t:|1782346127
|switch|p2a: Samurott|Samurott-Hisui, L50, F|100/100
|detailschange|p1b: Tyranitar|Tyranitar-Mega, L50, F
|-mega|p1b: Tyranitar|Tyranitar|Tyranitarite
|move|p1a: Houndstone|Last Respects|p2a: Samurott
|-resisted|p2a: Samurott|1
|-damage|p2a: Samurott|65/100
|move|p1b: Tyranitar|Rock Slide|p2a: Samurott|[spread] p2a,p2b
|-supereffective|p2b: Incineroar|1
|-damage|p2a: Samurott|19/100
|-damage|p2b: Incineroar|1/100
|-enditem|p2b: Incineroar|Sitrus Berry|[eat]
|-heal|p2b: Incineroar|26/100|[from] item: Sitrus Berry
|move|p2b: Incineroar|Parting Shot|p1b: Tyranitar
|-unboost|p1b: Tyranitar|atk|1
|-unboost|p1b: Tyranitar|spa|1
|
|t:|1782346138
|switch|p2b: Ninetales|Ninetales-Alola, L50, F|63/100|[from] Parting Shot
|-weather|Snowscape|[from] ability: Snow Warning|[of] p2b: Ninetales
|
|-weather|Snowscape|[upkeep]
|upkeep
|turn|4
|
|t:|1782346156
|move|p2b: Ninetales|Aurora Veil|p2b: Ninetales
|-sidestart|p2: Ramley123|move: Aurora Veil
|move|p2a: Samurott|Aqua Cutter|p1b: Tyranitar
|-supereffective|p1b: Tyranitar|1
|-damage|p1b: Tyranitar|18/100
|move|p1b: Tyranitar|Rock Slide|p2b: Ninetales|[spread] p2a,p2b
|-crit|p2a: Samurott
|-supereffective|p2b: Ninetales|1
|-crit|p2b: Ninetales
|-damage|p2a: Samurott|0 fnt
|-damage|p2b: Ninetales|0 fnt
|faint|p2a: Samurott
|faint|p2b: Ninetales
|move|p1a: Houndstone|Last Respects|p2: Samurott|[notarget]
|-fail|p1a: Houndstone
|
|-weather|Snowscape|[upkeep]
|upkeep
|
|t:|1782346167
|switch|p2b: Raichu|Raichu-Mega-Y, L50, M|94/100
|switch|p2a: Incineroar|Incineroar, L50, M|26/100
|-ability|p2a: Incineroar|Intimidate|boost
|-unboost|p1a: Houndstone|atk|1
|-unboost|p1b: Tyranitar|atk|1
|turn|5
|inactive|javivaarela has 30 seconds left.
|
|t:|1782346199
|move|p1b: Tyranitar|Protect|p1b: Tyranitar
|-singleturn|p1b: Tyranitar|Protect
|move|p2a: Incineroar|Fake Out|p1b: Tyranitar
|-activate|p1b: Tyranitar|move: Protect
|move|p2b: Raichu|Zap Cannon|p1a: Houndstone
|-damage|p1a: Houndstone|20/100y
|-status|p1a: Houndstone|par
|move|p1a: Houndstone|Psychic Fangs|p2b: Raichu
|-sideend|p2: Ramley123|move: Aurora Veil
|-damage|p2b: Raichu|57/100
|
|-weather|Snowscape|[upkeep]
|upkeep
|turn|6
|
|t:|1782346221
|move|p1b: Tyranitar|Protect||[still]
|-fail|p1b: Tyranitar
|move|p2b: Raichu|Zap Cannon|p1b: Tyranitar
|-damage|p1b: Tyranitar|0 fnt
|faint|p1b: Tyranitar
|move|p2a: Incineroar|Throat Chop|p1a: Houndstone
|-supereffective|p1a: Houndstone|1
|-damage|p1a: Houndstone|0 fnt
|faint|p1a: Houndstone
|
|-weather|Snowscape|[upkeep]
|upkeep
|
|t:|1782346226
|switch|p1a: Meowscarada|Meowscarada, L50, F|100/100
|turn|7
|inactive|javivaarela has 30 seconds left.
|
|t:|1782346253
|move|p1a: Meowscarada|Knock Off|p2b: Raichu
|-start|p1a: Meowscarada|typechange|Dark|[from] ability: Protean
|-damage|p2b: Raichu|0 fnt
|faint|p2b: Raichu
|move|p2a: Incineroar|Flare Blitz|p1a: Meowscarada
|-damage|p1a: Meowscarada|25/100
|-damage|p2a: Incineroar|7/100|[from] Recoil
|
|-weather|none
|upkeep
|turn|8
|
|t:|1782346263
|move|p1a: Meowscarada|Knock Off|p2a: Incineroar
|-resisted|p2a: Incineroar|1
|-damage|p2a: Incineroar|0 fnt
|faint|p2a: Incineroar
|
|win|javivaarela
