|j|☆FALL3N_DWN
|j|☆tommytinkle
|html|FALL3N_DWNtommytinkle    
|uhtml|bestof|Game 1 of a best-of-3
|t:|1757027565
|gametype|doubles
|player|p1|FALL3N_DWN|carmine-festival|1166
|player|p2|tommytinkle|265|1188
|gen|9
|tier|[Gen 9] VGC 2025 Reg H (Bo3)
|rated|
|rule|Species Clause: Limit one of each Pokémon
|rule|Item Clause: Limit 1 of each item
|clearpoke
|poke|p1|Electabuzz, L50, M|
|poke|p1|Kingambit, L50, M|
|poke|p1|Volcarona, L50, F|
|poke|p1|Dragonite, L50, F|
|poke|p1|Sneasler, L50, M|
|poke|p1|Rillaboom, L50, F|
|poke|p2|Garchomp, L50, M|
|poke|p2|Dragonite, L50, M|
|poke|p2|Annihilape, L50, F|
|poke|p2|Maushold, L50|
|poke|p2|Tyranitar, L50, M|
|poke|p2|Primarina, L50, F|
|teampreview|4
|showteam|p1|Electabuzz||Eviolite|VitalSpirit|FollowMe,Thunderbolt,Taunt,Protect|||M|||50|,,,,,Ghost]Kingambit||BlackGlasses|Defiant|KowtowCleave,SuckerPunch,SwordsDance,Protect|||M|||50|,,,,,Dark]Volcarona||Leftovers|FlameBody|HeatWave,TeraBlast,QuiverDance,Protect|||F|||50|,,,,,Fairy]Dragonite||LoadedDice|Multiscale|ScaleShot,ExtremeSpeed,Haze,Protect|||F|||50|,,,,,Fairy]Sneasler||FocusSash|Unburden|DireClaw,CloseCombat,Coaching,FakeOut|||M|||50|,,,,,Stellar]Rillaboom||AssaultVest|GrassySurge|FakeOut,WoodHammer,GrassyGlide,HighHorsepower|||F|||50|,,,,,Fire
|showteam|p2|Garchomp||LifeOrb|SandVeil|Earthquake,RockSlide,DragonClaw,Protect|||M|||50|,,,,,Ground]Dragonite||RockyHelmet|Multiscale|ExtremeSpeed,Tailwind,ThunderWave,HelpingHand|||M|||50|,,,,,Normal]Annihilape||Leftovers|Defiant|RageFist,DrainPunch,BulkUp,Protect|||F|||50|,,,,,Fire]Maushold||FocusSash|FriendGuard|BeatUp,FollowMe,Taunt,Protect||||||50|,,,,,Ghost]Tyranitar||AssaultVest|SandStream|RockSlide,LowKick,KnockOff,TeraBlast|||M|||50|,,,,,Flying]Primarina||SitrusBerry|LiquidVoice|HyperVoice,Moonblast,Haze,Protect|||F|||50|,,,,,Grass
|inactive|Battle timer is ON: inactive players will automatically lose when time's up. (requested by tommytinkle)
|inactive|FALL3N_DWN has 60 seconds left.
|inactive|FALL3N_DWN has 30 seconds left.
|inactive|FALL3N_DWN has 20 seconds left.
|inactive|FALL3N_DWN has 15 seconds left.
|inactive|FALL3N_DWN has 10 seconds left.
|
|t:|1757027682
|teamsize|p1|4
|teamsize|p2|4
|start
|switch|p1a: Electabuzz|Electabuzz, L50, M|100/100
|switch|p1b: Volcarona|Volcarona, L50, F|100/100
|switch|p2a: Garchomp|Garchomp, L50, M|100/100
|switch|p2b: Dragonite|Dragonite, L50, M|100/100
|turn|1
|inactive|FALL3N_DWN has 30 seconds left.
|inactive|tommytinkle has 30 seconds left.
|inactive|FALL3N_DWN has 20 seconds left.
|inactive|FALL3N_DWN has 15 seconds left.
|
|t:|1757027722
|switch|p1b: Rillaboom|Rillaboom, L50, F|100/100
|-fieldstart|move: Grassy Terrain|[from] ability: Grassy Surge|[of] p1b: Rillaboom
|move|p2a: Garchomp|Earthquake|p1b: Rillaboom|[spread] p1a,p1b
|-immune|p2b: Dragonite
|-supereffective|p1a: Electabuzz
|-resisted|p1b: Rillaboom
|-damage|p1a: Electabuzz|63/100
|-damage|p1b: Rillaboom|89/100
|-damage|p2a: Garchomp|91/100|[from] item: Life Orb
|move|p1a: Electabuzz|Taunt|p2b: Dragonite
|-start|p2b: Dragonite|move: Taunt
|cant|p2b: Dragonite|move: Taunt|Tailwind
|
|-heal|p2a: Garchomp|97/100|[from] Grassy Terrain
|-heal|p1a: Electabuzz|69/100|[from] Grassy Terrain
|-heal|p1b: Rillaboom|95/100|[from] Grassy Terrain
|upkeep
|turn|2
|inactive|FALL3N_DWN has 30 seconds left.
|inactive|tommytinkle has 30 seconds left.
|
|t:|1757027751
|switch|p1a: Volcarona|Volcarona, L50, F|100/100
|switch|p2b: Annihilape|Annihilape, L50, F|100/100
|move|p2a: Garchomp|Protect|p2a: Garchomp
|-singleturn|p2a: Garchomp|Protect
|move|p1b: Rillaboom|Fake Out|p2a: Garchomp
|-activate|p2a: Garchomp|move: Protect
|
|-heal|p2a: Garchomp|100/100|[from] Grassy Terrain
|-heal|p1b: Rillaboom|100/100|[from] Grassy Terrain
|upkeep
|turn|3
|inactive|FALL3N_DWN has 30 seconds left.
|
|t:|1757027782
|-terastallize|p1a: Volcarona|Fairy
|-terastallize|p2b: Annihilape|Fire
|move|p2a: Garchomp|Rock Slide|p1b: Rillaboom|[spread] p1a,p1b
|-crit|p1a: Volcarona
|-damage|p1a: Volcarona|57/100
|-damage|p1b: Rillaboom|77/100
|-damage|p2a: Garchomp|91/100|[from] item: Life Orb
|cant|p1a: Volcarona|flinch
|move|p2b: Annihilape|Bulk Up|p2b: Annihilape
|-boost|p2b: Annihilape|atk|1
|-boost|p2b: Annihilape|def|1
|move|p1b: Rillaboom|Wood Hammer|p2b: Annihilape
|-resisted|p2b: Annihilape
|-damage|p2b: Annihilape|74/100
|-damage|p1b: Rillaboom|68/100|[from] Recoil
|
|-heal|p2a: Garchomp|97/100|[from] Grassy Terrain
|-heal|p1a: Volcarona|64/100|[from] Grassy Terrain
|-heal|p1a: Volcarona|70/100|[from] item: Leftovers
|-heal|p2b: Annihilape|80/100|[from] Grassy Terrain
|-heal|p2b: Annihilape|86/100|[from] item: Leftovers
|-heal|p1b: Rillaboom|74/100|[from] Grassy Terrain
|upkeep
|turn|4
|inactive|FALL3N_DWN has 30 seconds left.
|inactive|tommytinkle has 30 seconds left.
|
|t:|1757027817
|move|p1a: Volcarona|Protect|p1a: Volcarona
|-singleturn|p1a: Volcarona|Protect
|move|p2a: Garchomp|Rock Slide|p1a: Volcarona|[spread] p1b
|-activate|p1a: Volcarona|move: Protect
|-damage|p1b: Rillaboom|49/100
|-damage|p2a: Garchomp|87/100|[from] item: Life Orb
|move|p2b: Annihilape|Rage Fist|p1a: Volcarona
|-activate|p1a: Volcarona|move: Protect
|move|p1b: Rillaboom|High Horsepower|p2b: Annihilape
|-supereffective|p2b: Annihilape
|-damage|p2b: Annihilape|43/100
|
|-heal|p2a: Garchomp|93/100|[from] Grassy Terrain
|-heal|p1a: Volcarona|76/100|[from] Grassy Terrain
|-heal|p1a: Volcarona|82/100|[from] item: Leftovers
|-heal|p2b: Annihilape|49/100|[from] Grassy Terrain
|-heal|p2b: Annihilape|55/100|[from] item: Leftovers
|-heal|p1b: Rillaboom|55/100|[from] Grassy Terrain
|upkeep
|turn|5
|inactive|FALL3N_DWN has 30 seconds left.
|inactive|tommytinkle has 30 seconds left.
|
|t:|1757027856
|switch|p2a: Primarina|Primarina, L50, F|100/100
|switch|p1a: Electabuzz|Electabuzz, L50, M|69/100
|move|p2b: Annihilape|Rage Fist|p1b: Rillaboom
|-damage|p1b: Rillaboom|0 fnt
|faint|p1b: Rillaboom
|
|-heal|p1a: Electabuzz|74/100|[from] Grassy Terrain
|-heal|p2b: Annihilape|61/100|[from] Grassy Terrain
|-heal|p2b: Annihilape|67/100|[from] item: Leftovers
|-fieldend|move: Grassy Terrain
|upkeep
|
|t:|1757027873
|switch|p1b: Sneasler|Sneasler, L50, M|100/100
|turn|6
|
|t:|1757027897
|move|p2b: Annihilape|Protect|p2b: Annihilape
|-singleturn|p2b: Annihilape|Protect
|move|p2a: Primarina|Protect|p2a: Primarina
|-singleturn|p2a: Primarina|Protect
|move|p1b: Sneasler|Close Combat|p2b: Annihilape
|-activate|p2b: Annihilape|move: Protect
|move|p1a: Electabuzz|Thunderbolt|p2b: Annihilape
|-activate|p2b: Annihilape|move: Protect
|
|-heal|p2b: Annihilape|73/100|[from] item: Leftovers
|upkeep
|turn|7
|inactive|FALL3N_DWN has 30 seconds left.
|inactive|FALL3N_DWN has 20 seconds left.
|inactive|FALL3N_DWN has 15 seconds left.
|
|t:|1757027941
|move|p1a: Electabuzz|Protect|p1a: Electabuzz
|-singleturn|p1a: Electabuzz|Protect
|move|p1b: Sneasler|Close Combat|p2b: Annihilape
|-crit|p2b: Annihilape
|-damage|p2b: Annihilape|0 fnt
|-unboost|p1b: Sneasler|def|1
|-unboost|p1b: Sneasler|spd|1
|faint|p2b: Annihilape
|move|p2a: Primarina|Hyper Voice|p1a: Electabuzz|[spread] p1b
|-activate|p1a: Electabuzz|move: Protect
|-damage|p1b: Sneasler|30/100
|
|upkeep
|
|t:|1757027951
|switch|p2b: Garchomp|Garchomp, L50, M|93/100
|turn|8
|inactive|FALL3N_DWN has 30 seconds left.
|
|t:|1757027982
|switch|p2a: Dragonite|Dragonite, L50, M|100/100
|move|p1a: Electabuzz|Protect|p1a: Electabuzz
|-singleturn|p1a: Electabuzz|Protect
|move|p1b: Sneasler|Dire Claw|p2a: Dragonite
|-damage|p2a: Dragonite|81/100
|-status|p2a: Dragonite|psn
|-damage|p1b: Sneasler|14/100|[from] item: Rocky Helmet|[of] p2a: Dragonite
|move|p2b: Garchomp|Earthquake|p1b: Sneasler|[spread] p1b
|-activate|p1a: Electabuzz|move: Protect
|-immune|p2a: Dragonite
|-supereffective|p1b: Sneasler
|-damage|p1b: Sneasler|0 fnt
|faint|p1b: Sneasler
|-damage|p2b: Garchomp|83/100|[from] item: Life Orb
|
|-damage|p2a: Dragonite|69/100 psn|[from] psn
|upkeep
|
|t:|1757027988
|switch|p1b: Volcarona|Volcarona, L50, F, tera:Fairy|82/100
|turn|9
|
|t:|1757028007
|move|p2a: Dragonite|Helping Hand|p2b: Garchomp
|-singleturn|p2b: Garchomp|Helping Hand|[of] p2a: Dragonite
|move|p2b: Garchomp|Earthquake|p1a: Electabuzz|[spread] p1a,p1b
|-immune|p2a: Dragonite
|-supereffective|p1a: Electabuzz
|-damage|p1a: Electabuzz|0 fnt
|-damage|p1b: Volcarona|0 fnt
|faint|p1a: Electabuzz
|faint|p1b: Volcarona
|-damage|p2b: Garchomp|73/100|[from] item: Life Orb
|
|win|tommytinkle
|inactive|FALL3N_DWN has 30 seconds to confirm battle start!
|inactive|tommytinkle has 30 seconds to confirm battle start!
||FALL3N_DWN is ready for game 2.
||tommytinkle is ready for game 2.
|uhtml|next|Next: Game 2 of 3
|l|☆tommytinkle
|player|p2|
