|j|☆Rockslap
|j|☆dogggybears
|html|Rockslapdogggybears    
|uhtml|bestof|Game 3 of a best-of-3
|t:|1757047178
|gametype|doubles
|player|p1|Rockslap|101|1252
|player|p2|dogggybears|roxie|1216
|gen|9
|tier|[Gen 9] VGC 2025 Reg H (Bo3)
|rated|
|rule|Species Clause: Limit one of each Pokémon
|rule|Item Clause: Limit 1 of each item
|clearpoke
|poke|p1|Kommo-o, L50, M|
|poke|p1|Incineroar, L50, M|
|poke|p1|Rillaboom, L50, F|
|poke|p1|Volcarona, L50, F|
|poke|p1|Electabuzz, L50, M|
|poke|p1|Golduck, L50, F|
|poke|p2|Sneasler, L50, F|
|poke|p2|Indeedee, L50, M|
|poke|p2|Volcarona, L50, F|
|poke|p2|Ursaluna-Bloodmoon, L50, M|
|poke|p2|Annihilape, L50, F|
|poke|p2|Tyranitar, L50, M|
|teampreview|4
|showteam|p1|Kommo-o||ThroatSpray|Soundproof|ClangingScales,FlashCannon,ClangorousSoul,Protect|||M|||50|,,,,,Steel]Incineroar||SafetyGoggles|Intimidate|FakeOut,KnockOff,PartingShot,FlareBlitz|||M|||50|,,,,,Bug]Rillaboom||AssaultVest|GrassySurge|FakeOut,WoodHammer,HighHorsepower,GrassyGlide|||F|||50|,,,,,Water]Volcarona||SitrusBerry|FlameBody|QuiverDance,HeatWave,TeraBlast,Protect|||F|||50|,,,,,Fairy]Electabuzz||Eviolite|VitalSpirit|Protect,Electroweb,Taunt,FollowMe|||M|||50|,,,,,Fairy]Golduck||CovertCloak|CloudNine|IcyWind,SimpleBeam,HelpingHand,Encore|||F|||50|,,,,,Poison
|showteam|p2|Sneasler||PsychicSeed|Unburden|CloseCombat,DireClaw,ThroatChop,Protect|||F|||50|,,,,,Dark]Indeedee||ChoiceScarf|PsychicSurge|ExpandingForce,TeraBlast,Trick,Protect|||M|||50|,,,,,Psychic]Volcarona||SitrusBerry|FlameBody|Overheat,StruggleBug,RagePowder,Tailwind|||F|||50|,,,,,Grass]Ursaluna-Bloodmoon||LifeOrb|MindsEye|BloodMoon,HyperVoice,EarthPower,Protect|||M|||50|,,,,,Normal]Annihilape||SafetyGoggles|Defiant|CloseCombat,RageFist,Taunt,FinalGambit|||F|||50|,,,,,Fairy]Tyranitar||AssaultVest|SandStream|RockSlide,KnockOff,TeraBlast,LowKick|||M|||50|,,,,,Flying
|inactive|Battle timer is ON: inactive players will automatically lose when time's up. (requested by dogggybears)
|inactive|Rockslap has 60 seconds left.
|
|t:|1757047265
|teamsize|p1|4
|teamsize|p2|4
|start
|switch|p1a: Rillaboom|Rillaboom, L50, F|100/100
|switch|p1b: Kommo-o|Kommo-o, L50, M, shiny|100/100
|switch|p2a: Volcarona|Volcarona, L50, F|100/100
|switch|p2b: Annihilape|Annihilape, L50, F|100/100
|-fieldstart|move: Grassy Terrain|[from] ability: Grassy Surge|[of] p1a: Rillaboom
|turn|1
|
|t:|1757047279
|-terastallize|p1a: Rillaboom|Water
|move|p1b: Kommo-o|Protect|p1b: Kommo-o
|-singleturn|p1b: Kommo-o|Protect
|move|p2a: Volcarona|Overheat|p1a: Rillaboom|[miss]
|-miss|p2a: Volcarona|p1a: Rillaboom
|move|p2b: Annihilape|Taunt|p1b: Kommo-o
|-activate|p1b: Kommo-o|move: Protect
|move|p1a: Rillaboom|Wood Hammer|p2b: Annihilape
|-damage|p2b: Annihilape|17/100
|-damage|p1a: Rillaboom|72/100|[from] Recoil
|
|-heal|p2b: Annihilape|23/100|[from] Grassy Terrain
|-heal|p1a: Rillaboom|78/100|[from] Grassy Terrain
|upkeep
|turn|2
|
|t:|1757047295
|switch|p2b: Indeedee|Indeedee, L50, M|100/100
|-fieldstart|move: Psychic Terrain|[from] ability: Psychic Surge|[of] p2b: Indeedee
|move|p2a: Volcarona|Tailwind|p2a: Volcarona
|-sidestart|p2: dogggybears|move: Tailwind
|move|p1b: Kommo-o|Clanging Scales|p2b: Indeedee|[spread] p2a,p2b
|-damage|p2a: Volcarona|63/100
|-damage|p2b: Indeedee|48/100
|-unboost|p1b: Kommo-o|def|1
|-enditem|p1b: Kommo-o|Throat Spray
|-boost|p1b: Kommo-o|spa|1|[from] item: Throat Spray
|move|p1a: Rillaboom|Grassy Glide|p2b: Indeedee
|-damage|p2b: Indeedee|0 fnt
|faint|p2b: Indeedee
|
|upkeep
|
|t:|1757047301
|switch|p2b: Annihilape|Annihilape, L50, F|23/100
|turn|3
|
|t:|1757047321
|switch|p1a: Electabuzz|Electabuzz, L50, M, shiny|100/100
|move|p1b: Kommo-o|Protect|p1b: Kommo-o
|-singleturn|p1b: Kommo-o|Protect
|move|p2a: Volcarona|Struggle Bug|p1b: Kommo-o|[spread] p1a
|-activate|p1b: Kommo-o|move: Protect
|-damage|p1a: Electabuzz|85/100
|-unboost|p1a: Electabuzz|spa|1
|move|p2b: Annihilape|Rage Fist|p1b: Kommo-o
|-activate|p1b: Kommo-o|move: Protect
|
|upkeep
|turn|4
|
|t:|1757047337
|move|p1a: Electabuzz|Follow Me|p1a: Electabuzz
|-singleturn|p1a: Electabuzz|move: Follow Me
|move|p2a: Volcarona|Struggle Bug|p1b: Kommo-o|[spread] p1a,p1b
|-resisted|p1b: Kommo-o
|-damage|p1a: Electabuzz|72/100
|-damage|p1b: Kommo-o|91/100
|-unboost|p1a: Electabuzz|spa|1
|-unboost|p1b: Kommo-o|spa|1
|move|p2b: Annihilape|Rage Fist|p1a: Electabuzz
|-damage|p1a: Electabuzz|34/100
|move|p1b: Kommo-o|Clanging Scales|p2b: Annihilape|[spread] p2a,p2b
|-damage|p2a: Volcarona|26/100
|-damage|p2b: Annihilape|0 fnt
|-enditem|p2a: Volcarona|Sitrus Berry|[eat]
|-heal|p2a: Volcarona|51/100|[from] item: Sitrus Berry
|faint|p2b: Annihilape
|-unboost|p1b: Kommo-o|def|1
|
|upkeep
|
|t:|1757047341
|switch|p2b: Tyranitar|Tyranitar, L50, M|100/100
|-weather|Sandstorm|[from] ability: Sand Stream|[of] p2b: Tyranitar
|turn|5
|
|t:|1757047364
|move|p1a: Electabuzz|Protect|p1a: Electabuzz
|-singleturn|p1a: Electabuzz|Protect
|move|p1b: Kommo-o|Protect|p1b: Kommo-o
|-singleturn|p1b: Kommo-o|Protect
|move|p2a: Volcarona|Struggle Bug|p1a: Electabuzz|[spread] 
|-activate|p1a: Electabuzz|move: Protect
|-activate|p1b: Kommo-o|move: Protect
|move|p2b: Tyranitar|Rock Slide|p1a: Electabuzz|[spread] 
|-activate|p1a: Electabuzz|move: Protect
|-activate|p1b: Kommo-o|move: Protect
|
|-weather|Sandstorm|[upkeep]
|-damage|p2a: Volcarona|45/100|[from] Sandstorm
|-damage|p1a: Electabuzz|28/100|[from] Sandstorm
|-damage|p1b: Kommo-o|85/100|[from] Sandstorm
|-sideend|p2: dogggybears|move: Tailwind
|upkeep
|turn|6
|
|t:|1757047387
|switch|p1b: Volcarona|Volcarona, L50, F, shiny|100/100
|move|p2a: Volcarona|Tailwind|p2a: Volcarona
|-sidestart|p2: dogggybears|move: Tailwind
|move|p2b: Tyranitar|Rock Slide|p1b: Volcarona|[spread] p1a,p1b
|-supereffective|p1b: Volcarona
|-damage|p1a: Electabuzz|0 fnt
|-damage|p1b: Volcarona|0 fnt
|faint|p1a: Electabuzz
|faint|p1b: Volcarona
|
|-weather|Sandstorm|[upkeep]
|-damage|p2a: Volcarona|39/100|[from] Sandstorm
|-fieldend|move: Psychic Terrain
|upkeep
|
|t:|1757047394
|switch|p1a: Kommo-o|Kommo-o, L50, M, shiny|85/100
|switch|p1b: Rillaboom|Rillaboom, L50, F, tera:Water|78/100
|-fieldstart|move: Grassy Terrain|[from] ability: Grassy Surge|[of] p1b: Rillaboom
|turn|7
|inactive|Rockslap has 30 seconds left.
|
|t:|1757047420
|-terastallize|p2b: Tyranitar|Flying
|move|p1b: Rillaboom|Fake Out|p2b: Tyranitar
|-damage|p2b: Tyranitar|89/100
|move|p2a: Volcarona|Struggle Bug|p1b: Rillaboom|[spread] p1a,p1b
|-resisted|p1a: Kommo-o
|-damage|p1a: Kommo-o|76/100
|-damage|p1b: Rillaboom|67/100
|-unboost|p1a: Kommo-o|spa|1
|-unboost|p1b: Rillaboom|spa|1
|cant|p2b: Tyranitar|flinch
|move|p1a: Kommo-o|Clanging Scales|p2b: Tyranitar|[spread] p2a,p2b
|-damage|p2a: Volcarona|15/100
|-damage|p2b: Tyranitar|73/100
|-unboost|p1a: Kommo-o|def|1
|
|-weather|Sandstorm|[upkeep]
|-damage|p2a: Volcarona|9/100|[from] Sandstorm
|-damage|p2b: Tyranitar|67/100|[from] Sandstorm
|-damage|p1a: Kommo-o|70/100|[from] Sandstorm
|-damage|p1b: Rillaboom|61/100|[from] Sandstorm
|-heal|p2a: Volcarona|15/100|[from] Grassy Terrain
|-heal|p1a: Kommo-o|76/100|[from] Grassy Terrain
|-heal|p1b: Rillaboom|67/100|[from] Grassy Terrain
|upkeep
|turn|8
|
|t:|1757047439
|move|p2a: Volcarona|Struggle Bug|p1b: Rillaboom|[spread] p1a,p1b
|-resisted|p1a: Kommo-o
|-damage|p1a: Kommo-o|66/100
|-damage|p1b: Rillaboom|57/100
|-unboost|p1a: Kommo-o|spa|1
|-unboost|p1b: Rillaboom|spa|1
|move|p2b: Tyranitar|Tera Blast|p1a: Kommo-o|[anim] Tera Blast Flying
|-supereffective|p1a: Kommo-o
|-damage|p1a: Kommo-o|0 fnt
|faint|p1a: Kommo-o
|move|p1b: Rillaboom|High Horsepower|p2a: Volcarona
|-damage|p2a: Volcarona|0 fnt
|-status|p1b: Rillaboom|brn|[from] ability: Flame Body|[of] p2a: Volcarona
|faint|p2a: Volcarona
|
|-weather|Sandstorm|[upkeep]
|-damage|p2b: Tyranitar|62/100|[from] Sandstorm
|-damage|p1b: Rillaboom|51/100 brn|[from] Sandstorm
|-heal|p1b: Rillaboom|57/100 brn|[from] Grassy Terrain
|-damage|p1b: Rillaboom|51/100 brn|[from] brn
|upkeep
|turn|9
|
|t:|1757047462
|move|p2b: Tyranitar|Knock Off|p1b: Rillaboom
|-damage|p1b: Rillaboom|0 fnt
|-enditem|p1b: Rillaboom|Assault Vest|[from] move: Knock Off|[of] p2b: Tyranitar
|faint|p1b: Rillaboom
|
|win|dogggybears
|raw|Rockslap's rating: 1252 → 1224(-28 for losing)
|raw|dogggybears's rating: 1216 → 1244(+28 for winning)
