|j|☆clarocojones
|j|☆rf0nseca
|html|clarocojonesrf0nseca    
|uhtml|bestof|Game 1 of a best-of-3
|t:|1785512397
|gametype|doubles
|player|p1|clarocojones|striker|1083
|player|p2|rf0nseca|1|1015
|gen|9
|tier|[Gen 9 Champions] VGC 2026 Reg M-B (Bo3)
|rated|
|rule|Species Clause: Limit one of each Pokémon
|rule|Item Clause: Limit 1 of each item
|clearpoke
|poke|p1|Incineroar, L50, F, shiny|
|poke|p1|Floette-Eternal, L50, F|
|poke|p1|Sinistcha-Masterpiece, L50, shiny|
|poke|p1|Kommo-o, L50, F|
|poke|p1|Kingambit, L50, M, shiny|
|poke|p1|Aerodactyl, L50, M|
|poke|p2|Bellibolt, L50, F|
|poke|p2|Gliscor, L50, F|
|poke|p2|Sinistcha, L50|
|poke|p2|Ninetales-Alola, L50, F|
|poke|p2|Arcanine-Hisui, L50, F|
|poke|p2|Glaceon, L50, M|
|teampreview|4
|showteam|p1|Incineroar||SitrusBerry|Intimidate|FakeOut,PartingShot,ThroatChop,FlareBlitz|Careful||F|||50|]Floette-Eternal||Floettite|FlowerVeil|Moonblast,DazzlingGleam,CalmMind,Protect|Modest||F|||50|]Sinistcha-Masterpiece||ColburBerry|Hospitality|MatchaGotcha,LifeDew,RagePowder,TrickRoom|Bold|||||50|]Kommo-o||Leftovers|Overcoat|ClangingScales,AuraSphere,ClangorousSoul,Protect|Modest||F|||50|]Kingambit||FocusSash|Defiant|KowtowCleave,SuckerPunch,IronHead,Protect|Adamant||M|||50|]Aerodactyl||Aerodactylite|Unnerve|Protect,RockSlide,Tailwind,DualWingbeat|Jolly||M|||50|
|showteam|p2|Bellibolt||Magnet|Electromorphosis|Electroweb,ParabolicCharge,Thunderbolt,Protect|Modest||F|||50|]Gliscor||LifeOrb|HyperCutter|PoisonJab,HighHorsepower,RockSlide,Protect|Adamant||F|||50|]Sinistcha||SitrusBerry|Hospitality|MatchaGotcha,TrickRoom,RagePowder,Protect|Calm|||||50|]Ninetales-Alola||FocusSash|SnowWarning|Blizzard,FreezeDry,AuroraVeil,Protect|Timid||F|||50|]Arcanine-Hisui||ChoiceScarf|Intimidate|FlareBlitz,RockSlide,ExtremeSpeed,PsychicFangs|Jolly||F|||50|]Glaceon||NeverMeltIce|SnowCloak|Blizzard,FreezeDry,IceShard,Protect|Modest||M|||50|
|inactive|Battle timer is ON: inactive players will automatically lose when time's up. (requested by rf0nseca)
|inactive|clarocojones has 60 seconds left.
|
|t:|1785512465
|teamsize|p1|4
|teamsize|p2|4
|start
|switch|p1a: Aerodactyl|Aerodactyl, L50, M|100/100
|switch|p1b: Kingambit|Kingambit, L50, M, shiny|100/100
|switch|p2a: Gliscor|Gliscor, L50, F|100/100
|switch|p2b: Ninetales|Ninetales-Alola, L50, F|100/100
|-ability|p1a: Aerodactyl|Unnerve
|-weather|Snowscape|[from] ability: Snow Warning|[of] p2b: Ninetales
|turn|1
|
|t:|1785512484
|move|p1a: Aerodactyl|Tailwind|p1a: Aerodactyl
|-sidestart|p1: clarocojones|move: Tailwind
|move|p1b: Kingambit|Iron Head|p2b: Ninetales
|-supereffective|p2b: Ninetales|2
|-enditem|p2b: Ninetales|Focus Sash
|-damage|p2b: Ninetales|1/100
|move|p2b: Ninetales|Aurora Veil|p2b: Ninetales
|-sidestart|p2: rf0nseca|move: Aurora Veil
|move|p2a: Gliscor|High Horsepower|p1b: Kingambit
|-supereffective|p1b: Kingambit|1
|-damage|p1b: Kingambit|6/100
|-damage|p2a: Gliscor|90/100|[from] item: Life Orb
|
|-weather|Snowscape|[upkeep]
|upkeep
|turn|2
|inactive|rf0nseca has 30 seconds left.
|
|t:|1785512513
|move|p2b: Ninetales|Protect|p2b: Ninetales
|-singleturn|p2b: Ninetales|Protect
|move|p1a: Aerodactyl|Rock Slide|p2a: Gliscor|[spread] p2a
|-activate|p2b: Ninetales|move: Protect
|-damage|p2a: Gliscor|76/100
|move|p1b: Kingambit|Kowtow Cleave|p2a: Gliscor
|-damage|p2a: Gliscor|46/100
|move|p2a: Gliscor|Rock Slide|p1b: Kingambit|[spread] p1a,p1b
|-supereffective|p1a: Aerodactyl|1
|-resisted|p1b: Kingambit|1
|-damage|p1a: Aerodactyl|29/100
|-damage|p1b: Kingambit|0 fnt
|faint|p1b: Kingambit
|-damage|p2a: Gliscor|36/100|[from] item: Life Orb
|
|-weather|Snowscape|[upkeep]
|upkeep
|inactive|clarocojones has 30 seconds left.
|inactive|clarocojones has 20 seconds left.
|
|t:|1785512548
|switch|p1b: Felicidad|Floette-Eternal, L50, F|100/100
|turn|3
|inactive|rf0nseca has 30 seconds left.
|
|t:|1785512577
|switch|p2b: Arcanine|Arcanine-Hisui, L50, F|100/100
|-ability|p2b: Arcanine|Intimidate|boost
|-unboost|p1a: Aerodactyl|atk|1
|-unboost|p1b: Felicidad|atk|1
|detailschange|p1b: Felicidad|Floette-Mega, L50, F
|-mega|p1b: Felicidad|Floette|Floettite
|-ability|p1b: Felicidad|Fairy Aura
|move|p2a: Gliscor|Protect|p2a: Gliscor
|-singleturn|p2a: Gliscor|Protect
|move|p1a: Aerodactyl|Rock Slide|p2a: Gliscor|[spread] p2b
|-activate|p2a: Gliscor|move: Protect
|-supereffective|p2b: Arcanine|1
|-damage|p2b: Arcanine|79/100
|move|p1b: Felicidad|Dazzling Gleam|p2b: Arcanine|[spread] p2b
|-activate|p2a: Gliscor|move: Protect
|-resisted|p2b: Arcanine|1
|-damage|p2b: Arcanine|63/100
|
|-weather|Snowscape|[upkeep]
|upkeep
|turn|4
|inactive|clarocojones has 30 seconds left.
|inactive|clarocojones has 20 seconds left.
|
|t:|1785512613
|switch|p1a: Friends Take|Incineroar, L50, F, shiny|100/100
|-ability|p1a: Friends Take|Intimidate|boost
|-fail|p2a: Gliscor|unboost|Attack|[from] ability: Hyper Cutter|[of] p2a: Gliscor
|-unboost|p2b: Arcanine|atk|1
|move|p1b: Felicidad|Dazzling Gleam|p2a: Gliscor|[spread] p2a,p2b
|-resisted|p2b: Arcanine|1
|-damage|p2a: Gliscor|0 fnt
|-damage|p2b: Arcanine|46/100
|faint|p2a: Gliscor
|move|p2b: Arcanine|Rock Slide|p1a: Friends Take|[spread] p1a,p1b
|-supereffective|p1a: Friends Take|1
|-damage|p1a: Friends Take|61/100
|-damage|p1b: Felicidad|81/100
|
|-weather|Snowscape|[upkeep]
|-sideend|p1: clarocojones|move: Tailwind
|upkeep
|
|t:|1785512624
|switch|p2a: Glaceon|Glaceon, L50, M|100/100
|turn|5
|
|t:|1785512643
|move|p2a: Glaceon|Protect|p2a: Glaceon
|-singleturn|p2a: Glaceon|Protect
|move|p2b: Arcanine|Rock Slide|p1b: Felicidad|[spread] p1a,p1b
|-supereffective|p1a: Friends Take|1
|-damage|p1a: Friends Take|25/100
|-damage|p1b: Felicidad|62/100
|-enditem|p1a: Friends Take|Sitrus Berry|[eat]
|-heal|p1a: Friends Take|50/100g|[from] item: Sitrus Berry
|move|p1b: Felicidad|Dazzling Gleam|p2b: Arcanine|[spread] p2b
|-activate|p2a: Glaceon|move: Protect
|-resisted|p2b: Arcanine|1
|-damage|p2b: Arcanine|28/100
|move|p1a: Friends Take|Parting Shot|p2a: Glaceon
|-activate|p2a: Glaceon|move: Protect
|
|-weather|none
|-sideend|p2: rf0nseca|move: Aurora Veil
|upkeep
|turn|6
|
|t:|1785512652
|switch|p2b: Ninetales|Ninetales-Alola, L50, F|1/100
|-weather|Snowscape|[from] ability: Snow Warning|[of] p2b: Ninetales
|move|p1b: Felicidad|Dazzling Gleam|p2b: Ninetales|[spread] p2a,p2b
|-crit|p2b: Ninetales
|-damage|p2a: Glaceon|52/100
|-damage|p2b: Ninetales|0 fnt
|faint|p2b: Ninetales
|move|p1a: Friends Take|Parting Shot|p2a: Glaceon
|-unboost|p2a: Glaceon|atk|1
|-unboost|p2a: Glaceon|spa|1
|inactive|clarocojones has 30 seconds left.
|inactive|clarocojones has 20 seconds left.
|inactive|clarocojones has 15 seconds left.
|
|t:|1785512693
|switch|p1a: Aerodactyl|Aerodactyl, L50, M|29/100|[from] Parting Shot
|-ability|p1a: Aerodactyl|Unnerve
|move|p2a: Glaceon|Blizzard|p1a: Aerodactyl|[spread] p1a,p1b
|-supereffective|p1a: Aerodactyl|1
|-damage|p1a: Aerodactyl|0 fnt
|-damage|p1b: Felicidad|35/100
|faint|p1a: Aerodactyl
|
|-weather|Snowscape|[upkeep]
|upkeep
|
|t:|1785512700
|switch|p1a: Friends Take|Incineroar, L50, F, shiny|50/100g
|switch|p2b: Arcanine|Arcanine-Hisui, L50, F|28/100
|-ability|p2b: Arcanine|Intimidate|boost
|-unboost|p1a: Friends Take|atk|1
|-unboost|p1b: Felicidad|atk|1
|-ability|p1a: Friends Take|Intimidate|boost
|-unboost|p2a: Glaceon|atk|1
|-unboost|p2b: Arcanine|atk|1
|turn|7
|inactive|clarocojones has 30 seconds left.
|
|t:|1785512726
|move|p2a: Glaceon|Protect|p2a: Glaceon
|-singleturn|p2a: Glaceon|Protect
|move|p1a: Friends Take|Fake Out|p2b: Arcanine
|-resisted|p2b: Arcanine|1
|-damage|p2b: Arcanine|24/100
|cant|p2b: Arcanine|flinch
|move|p1b: Felicidad|Dazzling Gleam|p2b: Arcanine|[spread] p2b
|-activate|p2a: Glaceon|move: Protect
|-resisted|p2b: Arcanine|1
|-damage|p2b: Arcanine|1/100
|
|-weather|Snowscape|[upkeep]
|upkeep
|turn|8
|
|t:|1785512736
|move|p1b: Felicidad|Protect|p1b: Felicidad
|-singleturn|p1b: Felicidad|Protect
|move|p2b: Arcanine|Rock Slide|p1b: Felicidad|[spread] p1a
|-activate|p1b: Felicidad|move: Protect
|-supereffective|p1a: Friends Take|1
|-damage|p1a: Friends Take|13/100
|cant|p1a: Friends Take|flinch
|move|p2a: Glaceon|Blizzard|p1a: Friends Take|[spread] p1a
|-activate|p1b: Felicidad|move: Protect
|-resisted|p1a: Friends Take|1
|-damage|p1a: Friends Take|0 fnt
|faint|p1a: Friends Take
|
|-weather|Snowscape|[upkeep]
|upkeep
|turn|9
|
|t:|1785512753
|move|p2b: Arcanine|Rock Slide|p1b: Felicidad
|-damage|p1b: Felicidad|13/100
|cant|p1b: Felicidad|flinch
|move|p2a: Glaceon|Blizzard|p1b: Felicidad
|-damage|p1b: Felicidad|0 fnt
|faint|p1b: Felicidad
|
|win|rf0nseca
||clarocojones is ready for game 2.
|inactive|rf0nseca has 30 seconds to confirm battle start!
||rf0nseca is ready for game 2.
|uhtml|next|Next: Game 2 of 3
