|j|☆is_katabo
|j|☆huezinhu
|html|is_katabohuezinhu    
|uhtml|bestof|Game 3 of a best-of-3
|t:|1757203094
|gametype|doubles
|player|p1|is_katabo|barry|
|player|p2|huezinhu|170|
|gen|9
|tier|[Gen 9] VGC 2025 Reg H (Bo3)
|rule|Species Clause: Limit one of each Pokémon
|rule|Item Clause: Limit 1 of each item
|clearpoke
|poke|p1|Milotic, L50, M|
|poke|p1|Incineroar, L50, F|
|poke|p1|Amoonguss, L50, F|
|poke|p1|Gholdengo, L50|
|poke|p1|Ursaluna-Bloodmoon, L50, M|
|poke|p1|Dragonite, L50, F|
|poke|p2|Indeedee-F, L50, F|
|poke|p2|Gallade, L50, M|
|poke|p2|Hatterene, L50, F|
|poke|p2|Ursaluna, L50, F|
|poke|p2|Torkoal, L50, M|
|poke|p2|Lilligant-Hisui, L50, F|
|teampreview|4
|showteam|p1|Milotic||SafetyGoggles|Competitive|Scald,IcyWind,Haze,Protect|||M|||50|,,,,,Dragon]Incineroar||SitrusBerry|Intimidate|FakeOut,KnockOff,FlareBlitz,PartingShot|||F|||50|,,,,,Ghost]Amoonguss||CovertCloak|Regenerator|PollenPuff,RagePowder,Spore,Protect|||F|||50|,,,,,Electric]Gholdengo||LifeOrb|GoodasGold|MakeItRain,ShadowBall,NastyPlot,Protect||||||50|,,,,,Water]Ursaluna-Bloodmoon||AssaultVest|MindsEye|BloodMoon,HyperVoice,EarthPower,VacuumWave|||M|||50|,,,,,Water]Dragonite||LoadedDice|Multiscale|ScaleShot,ExtremeSpeed,Tailwind,Protect|||F|||50|,,,,,Steel
|showteam|p2|Indeedee-F||PsychicSeed|PsychicSurge|Psychic,FollowMe,HelpingHand,TrickRoom|||F|||50|,,,,,Water]Gallade||ClearAmulet|Sharpness|PsychoCut,SacredSword,TrickRoom,WideGuard|||M|||50|,,,,,Grass]Hatterene||LifeOrb|MagicBounce|ExpandingForce,DazzlingGleam,TrickRoom,Protect|||F|||50|,,,,,Psychic]Ursaluna||FlameOrb|Guts|Facade,HeadlongRush,SwordsDance,Protect|||F|||50|,,,,,Ghost]Torkoal||ChoiceSpecs|Drought|Eruption,HeatWave,WeatherBall,EarthPower|||M|||50|,,,,,Fire]Lilligant-Hisui||FocusSash|Chlorophyll|SleepPowder,CloseCombat,SolarBlade,AfterYou|||F|||50|,,,,,Ghost
|inactive|Battle timer is ON: inactive players will automatically lose when time's up. (requested by huezinhu)
|
|t:|1757203123
|teamsize|p1|4
|teamsize|p2|4
|start
|switch|p1a: SAMO|Amoonguss, L50, F|100/100
|switch|p1b: Party People|Gholdengo, L50|100/100
|switch|p2a: Indeedee|Indeedee-F, L50, F|100/100
|switch|p2b: Hatterene|Hatterene, L50, F|100/100
|-fieldstart|move: Psychic Terrain|[from] ability: Psychic Surge|[of] p2a: Indeedee
|-enditem|p2a: Indeedee|Psychic Seed
|-boost|p2a: Indeedee|spd|1|[from] item: Psychic Seed
|turn|1
|
|t:|1757203146
|-terastallize|p1a: SAMO|Electric
|-terastallize|p2b: Hatterene|Psychic
|move|p2a: Indeedee|Helping Hand|p2b: Hatterene
|-singleturn|p2b: Hatterene|Helping Hand|[of] p2a: Indeedee
|move|p1b: Party People|Nasty Plot|p1b: Party People
|-boost|p1b: Party People|spa|2
|move|p1a: SAMO|Spore|p2a: Indeedee
|-status|p2a: Indeedee|slp|[from] move: Spore
|move|p2b: Hatterene|Expanding Force|p1b: Party People|[spread] p1a,p1b
|-resisted|p1b: Party People
|-damage|p1a: SAMO|0 fnt
|-damage|p1b: Party People|17/100
|faint|p1a: SAMO
|-damage|p2b: Hatterene|91/100|[from] item: Life Orb
|
|upkeep
|
|t:|1757203161
|switch|p1a: Yeah Right|Incineroar, L50, F|100/100
|-ability|p1a: Yeah Right|Intimidate|boost
|-unboost|p2a: Indeedee|atk|1
|-unboost|p2b: Hatterene|atk|1
|turn|2
|inactive|huezinhu has 30 seconds left.
|
|t:|1757203188
|switch|p2a: Gallade|Gallade, L50, M|100/100
|switch|p2b: Torkoal|Torkoal, L50, M|100/100
|-weather|SunnyDay|[from] ability: Drought|[of] p2b: Torkoal
|move|p1b: Party People|Make It Rain|p2b: Torkoal|[spread] p2a,p2b
|-resisted|p2b: Torkoal
|-damage|p2a: Gallade|0 fnt
|-damage|p2b: Torkoal|22/100
|-unboost|p1b: Party People|spa|1
|faint|p2a: Gallade
|-damage|p1b: Party People|8/100|[from] item: Life Orb
|move|p1a: Yeah Right|Knock Off|p2b: Torkoal
|-damage|p2b: Torkoal|0 fnt
|-enditem|p2b: Torkoal|Choice Specs|[from] move: Knock Off|[of] p1a: Yeah Right
|faint|p2b: Torkoal
|
|-weather|SunnyDay|[upkeep]
|upkeep
|
|t:|1757203205
|switch|p2a: Indeedee|Indeedee-F, L50, F|100/100 slp
|switch|p2b: Hatterene|Hatterene, L50, F, tera:Psychic|91/100
|turn|3
|
|t:|1757203224
|move|p1b: Party People|Protect|p1b: Party People
|-singleturn|p1b: Party People|Protect
|cant|p2a: Indeedee|slp
|move|p1a: Yeah Right|Flare Blitz|p2a: Indeedee
|-damage|p2a: Indeedee|27/100 slp
|-damage|p1a: Yeah Right|79/100|[from] Recoil
|move|p2b: Hatterene|Trick Room|p2b: Hatterene
|-fieldstart|move: Trick Room|[of] p2b: Hatterene
|
|-weather|SunnyDay|[upkeep]
|upkeep
|turn|4
|
|t:|1757203242
|-curestatus|p2a: Indeedee|slp|[msg]
|move|p2a: Indeedee|Helping Hand|p2b: Hatterene
|-singleturn|p2b: Hatterene|Helping Hand|[of] p2a: Indeedee
|move|p2b: Hatterene|Dazzling Gleam|p1a: Yeah Right|[spread] p1a,p1b
|-resisted|p1b: Party People
|-damage|p1a: Yeah Right|13/100
|-damage|p1b: Party People|0 fnt
|-enditem|p1a: Yeah Right|Sitrus Berry|[eat]
|-heal|p1a: Yeah Right|38/100|[from] item: Sitrus Berry
|faint|p1b: Party People
|-damage|p2b: Hatterene|81/100|[from] item: Life Orb
|move|p1a: Yeah Right|Knock Off|p2b: Hatterene
|-supereffective|p2b: Hatterene
|-damage|p2b: Hatterene|0 fnt
|-enditem|p2b: Hatterene|Life Orb|[from] move: Knock Off|[of] p1a: Yeah Right
|faint|p2b: Hatterene
|
|-weather|SunnyDay|[upkeep]
|upkeep
|
|t:|1757203257
|switch|p1b: Big Fish|Milotic, L50, M|100/100
|turn|5
|-message|huezinhu forfeited.
|
|win|is_katabo
|c|☆is_katabo|gg
|l|☆huezinhu
|player|p2|
