|j|☆Il Mule
|j|☆managayo_akkolon
|html|Il Mulemanagayo_akkolon    
|uhtml|bestof|Game 2 of a best-of-3
|t:|1784641789
|gametype|doubles
|player|p1|Il Mule|salvatore|1448
|player|p2|managayo_akkolon|2|1412
|gen|9
|tier|[Gen 9 Champions] VGC 2026 Reg M-B (Bo3)
|rated|
|rule|Species Clause: Limit one of each Pokémon
|rule|Item Clause: Limit 1 of each item
|clearpoke
|poke|p1|Excadrill, L50, M|
|poke|p1|Tyranitar, L50, M|
|poke|p1|Sneasler, L50, F|
|poke|p1|Incineroar, L50, M|
|poke|p1|Froslass, L50, F|
|poke|p1|Sinistcha, L50|
|poke|p2|Whimsicott, L50, F|
|poke|p2|Floette-Eternal, L50, F|
|poke|p2|Charizard, L50, F|
|poke|p2|Garchomp, L50, F|
|poke|p2|Basculegion, L50, M|
|poke|p2|Kingambit, L50, F|
|teampreview|4
|showteam|p1|Excadrill||FocusSash|SandRush|HighHorsepower,RockSlide,IronHead,Protect|Adamant||M|||50|]Tyranitar||Tyranitarite|SandStream|KnockOff,RockSlide,DragonDance,Protect|Adamant||M|||50|]Sneasler||WhiteHerb|Unburden|CloseCombat,DireClaw,Coaching,FakeOut|Jolly||F|||50|]Incineroar||SitrusBerry|Intimidate|FlareBlitz,HelpingHand,PartingShot,FakeOut|Impish||M|||50|]Froslass||Froslassite|CursedBody|Blizzard,ShadowBall,NastyPlot,Protect|Timid||F|||50|]Sinistcha||ColburBerry|Hospitality|ShadowBall,LeafStorm,RagePowder,Protect|Bold|||||50|
|showteam|p2|Whimsicott||FocusSash|Prankster|Moonblast,Tailwind,Encore,Protect|Timid||F|||50|]Floette-Eternal||Floettite|FlowerVeil|Moonblast,DazzlingGleam,LightofRuin,Protect|Modest||F|||50|]Charizard||CharizarditeY|Blaze|WeatherBall,HeatWave,SolarBeam,Protect|Modest||F|||50|]Garchomp||LifeOrb|RoughSkin|DragonClaw,RockSlide,Earthquake,Protect|Jolly||F|||50|]Basculegion||MysticWater|Adaptability|WaveCrash,LastRespects,AquaJet,Protect|Adamant||M|||50|]Kingambit||ChopleBerry|Defiant|KowtowCleave,SuckerPunch,IronHead,LowKick|Adamant||F|||50|
|j| chef orte
|j| il brule
|l| chef orte
|j| Tridello
|j| rovesciaporci
|inactive|Battle timer is ON: inactive players will automatically lose when time's up. (requested by Il Mule)
|c|☆Il Mule|whistle baby
|
|t:|1784641829
|teamsize|p1|4
|teamsize|p2|4
|start
|switch|p1a: Sabotage|Sneasler, L50, F|100/100
|switch|p1b: Gervasoni|Excadrill, L50, M|100/100
|switch|p2a: Garchomp|Garchomp, L50, F|100/100
|switch|p2b: Charizard|Charizard, L50, F|100/100
|turn|1
|j| chef orte
|c|☆Il Mule|g3
|inactive|Il Mule has 30 seconds left.
|inactive|managayo_akkolon has 30 seconds left.
|
|t:|1784641864
|switch|p1a: Sidy|Incineroar, L50, M|100/100
|-ability|p1a: Sidy|Intimidate|boost
|-unboost|p2a: Garchomp|atk|1
|-unboost|p2b: Charizard|atk|1
|switch|p2b: Basculegion|Basculegion, L50, M|100/100
|move|p1b: Gervasoni|Protect|p1b: Gervasoni
|-singleturn|p1b: Gervasoni|Protect
|move|p2a: Garchomp|Rock Slide|p1a: Sidy|[spread] p1a
|-activate|p1b: Gervasoni|move: Protect
|-supereffective|p1a: Sidy|1
|-damage|p1a: Sidy|76/100
|-damage|p2a: Garchomp|90/100|[from] item: Life Orb
|
|upkeep
|turn|2
|
|t:|1784641882
|switch|p2a: Whimsicott|Whimsicott, L50, F|100/100
|move|p1a: Sidy|Fake Out|p2a: Whimsicott
|-damage|p2a: Whimsicott|83/100
|move|p2b: Basculegion|Aqua Jet|p1b: Gervasoni
|-supereffective|p1b: Gervasoni|1
|-damage|p1b: Gervasoni|4/100
|move|p1b: Gervasoni|High Horsepower|p2b: Basculegion
|-damage|p2b: Basculegion|34/100
|
|upkeep
|turn|3
|inactive|Il Mule has 30 seconds left.
|inactive|managayo_akkolon has 30 seconds left.
|
|t:|1784641915
|move|p1a: Sidy|Helping Hand|p1b: Gervasoni
|-singleturn|p1b: Gervasoni|Helping Hand|[of] p1a: Sidy
|move|p2a: Whimsicott|Tailwind|p2a: Whimsicott
|-sidestart|p2: managayo_akkolon|move: Tailwind
|move|p2b: Basculegion|Wave Crash|p1a: Sidy
|-supereffective|p1a: Sidy|1
|-damage|p1a: Sidy|0 fnt
|faint|p1a: Sidy
|-damage|p2b: Basculegion|8/100|[from] Recoil
|move|p1b: Gervasoni|Rock Slide|p2a: Whimsicott|[spread] p2a,p2b
|-damage|p2a: Whimsicott|31/100
|-damage|p2b: Basculegion|0 fnt
|faint|p2b: Basculegion
|
|upkeep
|inactive|Il Mule has 30 seconds left.
|
|t:|1784641941
|switch|p2b: Garchomp|Garchomp, L50, F|90/100
|switch|p1a: Quando provo|Tyranitar, L50, M|100/100
|-weather|Sandstorm|[from] ability: Sand Stream|[of] p1a: Quando provo
|turn|4
|c| il brule|per i fotografi
|c|☆Il Mule|sì sì è strapersa dalla lead questa
|
|t:|1784641964
|move|p1a: Quando provo|Protect|p1a: Quando provo
|-singleturn|p1a: Quando provo|Protect
|move|p2a: Whimsicott|Moonblast|p1b: Gervasoni
|-resisted|p1b: Gervasoni|1
|-damage|p1b: Gervasoni|0 fnt
|faint|p1b: Gervasoni
|move|p2b: Garchomp|Dragon Claw|p1a: Quando provo
|-activate|p1a: Quando provo|move: Protect
|
|-weather|Sandstorm|[upkeep]
|-damage|p2a: Whimsicott|25/100|[from] Sandstorm
|upkeep
|
|t:|1784641978
|switch|p1b: Sabotage|Sneasler, L50, F|100/100
|turn|5
|inactive|managayo_akkolon has 30 seconds left.
|
|t:|1784642011
|switch|p2a: Charizard|Charizard, L50, F|100/100
|detailschange|p1a: Quando provo|Tyranitar-Mega, L50, M
|-mega|p1a: Quando provo|Tyranitar|Tyranitarite
|move|p2b: Garchomp|Earthquake|p1a: Quando provo|[spread] p1a,p1b
|-immune|p2a: Charizard
|-supereffective|p1a: Quando provo|1
|-supereffective|p1b: Sabotage|1
|-damage|p1a: Quando provo|38/100
|-damage|p1b: Sabotage|0 fnt
|faint|p1b: Sabotage
|-damage|p2b: Garchomp|80/100|[from] item: Life Orb
|move|p1a: Quando provo|Dragon Dance|p1a: Quando provo
|-boost|p1a: Quando provo|atk|1
|-boost|p1a: Quando provo|spe|1
|
|-weather|Sandstorm|[upkeep]
|-damage|p2a: Charizard|94/100|[from] Sandstorm
|upkeep
|turn|6
|inactive|Il Mule has 30 seconds left.
|inactive|managayo_akkolon has 30 seconds left.
|
|t:|1784642043
|detailschange|p2a: Charizard|Charizard-Mega-Y, L50, F
|-mega|p2a: Charizard|Charizard|Charizardite Y
|-weather|SunnyDay|[from] ability: Drought|[of] p2a: Charizard
|move|p1a: Quando provo|Protect|p1a: Quando provo
|-singleturn|p1a: Quando provo|Protect
|move|p2b: Garchomp|Earthquake|p1a: Quando provo|[spread] 
|-activate|p1a: Quando provo|move: Protect
|-immune|p2a: Charizard
|move|p2a: Charizard|Solar Beam||[still]
|-prepare|p2a: Charizard|Solar Beam
|-anim|p2a: Charizard|Solar Beam|p1a: Quando provo
|-activate|p1a: Quando provo|move: Protect
|
|-weather|SunnyDay|[upkeep]
|-sideend|p2: managayo_akkolon|move: Tailwind
|upkeep
|turn|7
|
|t:|1784642056
|move|p2b: Garchomp|Protect|p2b: Garchomp
|-singleturn|p2b: Garchomp|Protect
|move|p1a: Quando provo|Rock Slide|p2a: Charizard|[spread] p2a
|-activate|p2b: Garchomp|move: Protect
|-supereffective|p2a: Charizard|2
|-damage|p2a: Charizard|0 fnt
|faint|p2a: Charizard
|
|-weather|SunnyDay|[upkeep]
|upkeep
|c| chef orte|forfe per piacere
|c| chef orte|ma ch3 fa
|
|t:|1784642062
|switch|p2a: Whimsicott|Whimsicott, L50, F|25/100
|turn|8
|c| chef orte|vabbè uguale
|c| rovesciaporci|vinci la tie
|c|☆Il Mule|inutile
|c|☆Il Mule|tw rendoni
|c| chef orte|quale tie
|c|☆Il Mule|come dovrei vincere
|inactive|Il Mule has 30 seconds left.
|
|t:|1784642088
|move|p2a: Whimsicott|Tailwind|p2a: Whimsicott
|-sidestart|p2: managayo_akkolon|move: Tailwind
|move|p2b: Garchomp|Earthquake|p1a: Quando provo|[spread] p2a,p1a
|-resisted|p2a: Whimsicott|1
|-supereffective|p1a: Quando provo|1
|-damage|p2a: Whimsicott|0 fnt
|-damage|p1a: Quando provo|0 fnt
|faint|p2a: Whimsicott
|faint|p1a: Quando provo
|-damage|p2b: Garchomp|70/100|[from] item: Life Orb
|
|win|managayo_akkolon
|raw|Il Mule's rating: 1448 → 1426(-22 for losing)
|raw|managayo_akkolon's rating: 1412 → 1434(+22 for winning)
|l|☆Il Mule
|player|p1|
|l| chef orte
|l| il brule
|l| Tridello
|l| rovesciaporci
|j| chef orte
|l| chef orte
