|j|☆prefessional
|j|☆Chandeliere
|html|prefessionalChandeliere    
|uhtml|bestof|Game 3 of a best-of-3
|t:|1756881145
|gametype|doubles
|player|p1|prefessional|102|1128
|player|p2|Chandeliere|ethan|1208
|gen|9
|tier|[Gen 9] VGC 2025 Reg H (Bo3)
|rated|
|rule|Species Clause: Limit one of each Pokémon
|rule|Item Clause: Limit 1 of each item
|clearpoke
|poke|p1|Talonflame, L50, F|
|poke|p1|Garchomp, L50, F|
|poke|p1|Gholdengo, L50|
|poke|p1|Gyarados, L50, F|
|poke|p1|Annihilape, L50, M|
|poke|p1|Rillaboom, L50, M|
|poke|p2|Ninetales-Alola, L50, M|
|poke|p2|Gholdengo, L50|
|poke|p2|Garchomp, L50, F|
|poke|p2|Incineroar, L50, M|
|poke|p2|Sneasler, L50, M|
|poke|p2|Dragonite, L50, M|
|teampreview|4
|showteam|p1|Talonflame||CovertCloak|GaleWings|Tailwind,BraveBird,FlareBlitz,Protect|||F|||50|,,,,,Ghost]Garchomp||ClearAmulet|RoughSkin|Earthquake,DragonClaw,StompingTantrum,Protect|||F|||50|,,,,,Ground]Gholdengo||LifeOrb|GoodasGold|MakeItRain,ShadowBall,Thunderbolt,Protect||||||50|,,,,,Steel]Gyarados||SafetyGoggles|Intimidate|Waterfall,Taunt,ThunderWave,Protect|||F|||50|,,,,,Water]Annihilape||FocusSash|Defiant|RageFist,CloseCombat,FinalGambit,BulkUp|||M|||50|,,,,,Flying]Rillaboom||AssaultVest|GrassySurge|FakeOut,GrassyGlide,WoodHammer,Uturn|||M|||50|,,,,,Water
|showteam|p2|Ninetales-Alola||LightClay|SnowWarning|AuroraVeil,Blizzard,FreezeDry,Protect|||M|||50|,,,,,Ghost]Gholdengo||LifeOrb|GoodasGold|MakeItRain,ShadowBall,NastyPlot,Protect||||||50|,,,,,Water]Garchomp||ClearAmulet|RoughSkin|Earthquake,StompingTantrum,DragonClaw,Protect|||F|||50|,,,,,Ground]Incineroar||AssaultVest|Intimidate|FakeOut,KnockOff,FlareBlitz,Uturn|||M|||50|,,,,,Grass]Sneasler||WhiteHerb|Unburden|Coaching,CloseCombat,DireClaw,Protect|||M|||50|,,,,,Ghost]Dragonite||LoadedDice|Multiscale|ScaleShot,Haze,Tailwind,Protect|||M|||50|,,,,,Fairy
|inactive|Battle timer is ON: inactive players will automatically lose when time's up. (requested by Chandeliere)
|
|t:|1756881226
|teamsize|p1|4
|teamsize|p2|4
|start
|switch|p1a: Talonflame|Talonflame, L50, F|100/100
|switch|p1b: Rillaboom|Rillaboom, L50, M|100/100
|switch|p2a: Ninetales|Ninetales-Alola, L50, M|100/100
|switch|p2b: Garchomp|Garchomp, L50, F|100/100
|-weather|Snowscape|[from] ability: Snow Warning|[of] p2a: Ninetales
|-fieldstart|move: Grassy Terrain|[from] ability: Grassy Surge|[of] p1b: Rillaboom
|turn|1
|
|t:|1756881249
|-terastallize|p2a: Ninetales|Ghost
|move|p1b: Rillaboom|Fake Out|p2a: Ninetales
|-immune|p2a: Ninetales
|move|p1a: Talonflame|Tailwind|p1a: Talonflame
|-sidestart|p1: prefessional|move: Tailwind
|move|p2a: Ninetales|Aurora Veil|p2a: Ninetales
|-sidestart|p2: Chandeliere|move: Aurora Veil
|move|p2b: Garchomp|Dragon Claw|p1a: Talonflame
|-damage|p1a: Talonflame|31/100
|
|-weather|Snowscape|[upkeep]
|upkeep
|turn|2
|inactive|prefessional has 30 seconds left.
|
|t:|1756881275
|move|p1a: Talonflame|Protect|p1a: Talonflame
|-singleturn|p1a: Talonflame|Protect
|move|p1b: Rillaboom|Wood Hammer|p2b: Garchomp
|-damage|p2b: Garchomp|41/100
|-damage|p1b: Rillaboom|88/100|[from] ability: Rough Skin|[of] p2b: Garchomp
|-damage|p1b: Rillaboom|70/100|[from] Recoil
|move|p2a: Ninetales|Blizzard|p1a: Talonflame|[spread] p1b
|-activate|p1a: Talonflame|move: Protect
|-supereffective|p1b: Rillaboom
|-damage|p1b: Rillaboom|27/100
|move|p2b: Garchomp|Dragon Claw|p1a: Talonflame
|-activate|p1a: Talonflame|move: Protect
|
|-weather|Snowscape|[upkeep]
|-heal|p1b: Rillaboom|33/100|[from] Grassy Terrain
|-heal|p2b: Garchomp|47/100|[from] Grassy Terrain
|upkeep
|turn|3
|inactive|prefessional has 30 seconds left.
|
|t:|1756881307
|switch|p2b: Incineroar|Incineroar, L50, M|100/100
|-ability|p2b: Incineroar|Intimidate|boost
|-unboost|p1a: Talonflame|atk|1
|-unboost|p1b: Rillaboom|atk|1
|move|p1a: Talonflame|Brave Bird|p2a: Ninetales
|-damage|p2a: Ninetales|74/100
|-damage|p1a: Talonflame|21/100|[from] Recoil
|move|p1b: Rillaboom|Wood Hammer|p2a: Ninetales
|-damage|p2a: Ninetales|26/100
|-damage|p1b: Rillaboom|18/100|[from] Recoil
|move|p2a: Ninetales|Blizzard|p1a: Talonflame|[spread] p1a,p1b
|-supereffective|p1b: Rillaboom
|-damage|p1a: Talonflame|0 fnt
|-damage|p1b: Rillaboom|0 fnt
|faint|p1a: Talonflame
|faint|p1b: Rillaboom
|
|-weather|Snowscape|[upkeep]
|-heal|p2a: Ninetales|33/100|[from] Grassy Terrain
|upkeep
|
|t:|1756881324
|switch|p1a: Gholdengo|Gholdengo, L50|100/100
|switch|p1b: Annihilape|Annihilape, L50, M|100/100
|turn|4
|
|t:|1756881343
|move|p2a: Ninetales|Protect|p2a: Ninetales
|-singleturn|p2a: Ninetales|Protect
|move|p1b: Annihilape|Rage Fist|p2a: Ninetales
|-activate|p2a: Ninetales|move: Protect
|move|p1a: Gholdengo|Thunderbolt|p2b: Incineroar
|-damage|p2b: Incineroar|80/100
|-damage|p1a: Gholdengo|91/100|[from] item: Life Orb
|move|p2b: Incineroar|Flare Blitz|p1a: Gholdengo
|-supereffective|p1a: Gholdengo
|-damage|p1a: Gholdengo|0 fnt
|faint|p1a: Gholdengo
|-damage|p2b: Incineroar|55/100|[from] Recoil
|
|-weather|Snowscape|[upkeep]
|-heal|p2a: Ninetales|39/100|[from] Grassy Terrain
|-heal|p2b: Incineroar|61/100|[from] Grassy Terrain
|-sideend|p1: prefessional|move: Tailwind
|upkeep
|turn|5
|c|☆prefessional|gg
|-message|prefessional forfeited.
|
|win|Chandeliere
|raw|prefessional's rating: 1128 → 1109(-19 for losing)
|raw|Chandeliere's rating: 1208 → 1227(+19 for winning)
|l|☆prefessional
|player|p1|
|c|☆Chandeliere|gg
