|j|☆faquin
|j|☆tulpeon
|html|faquintulpeon    
|uhtml|bestof|Game 1 of a best-of-3
|t:|1756313693
|gametype|doubles
|player|p1|faquin|cynthia-gen4|1000
|player|p2|tulpeon|266|1043
|gen|9
|tier|[Gen 9] VGC 2025 Reg H (Bo3)
|rated|
|rule|Species Clause: Limit one of each Pokémon
|rule|Item Clause: Limit 1 of each item
|clearpoke
|poke|p1|Typhlosion-Hisui, L50, M|
|poke|p1|Whimsicott, L50, F|
|poke|p1|Dragapult, L50, F|
|poke|p1|Lilligant-Hisui, L50, F|
|poke|p1|Electabuzz, L50, F|
|poke|p1|Torkoal, L50, M|
|poke|p2|Archaludon, L50, M|
|poke|p2|Pelipper, L50, M|
|poke|p2|Grimmsnarl, L50, M|
|poke|p2|Amoonguss, L50, F|
|poke|p2|Basculegion, L50, M|
|poke|p2|Incineroar, L50, M|
|teampreview|4
|showteam|p1|Typhlosion-Hisui||ChoiceSpecs|Frisk|FocusBlast,ShadowBall,HeatWave,Eruption|||M|||50|,,,,,Fire]Whimsicott||CovertCloak|Prankster|Tailwind,SunnyDay,Moonblast,TrickRoom|||F|||50|,,,,,Grass]Dragapult||ChoiceBand|ClearBody|DragonDarts,PhantomForce,Uturn,SuckerPunch|||F|||50|,,,,,Dragon]Lilligant-Hisui||FocusSash|Chlorophyll|SleepPowder,AfterYou,LeafBlade,CloseCombat|||F|||50|,,,,,Grass]Electabuzz||Eviolite|VitalSpirit|FollowMe,Feint,ThunderWave,HelpingHand|||F|||50|,,,,,Flying]Torkoal||LifeOrb|Drought|Protect,HeatWave,WeatherBall,Eruption|||M|||50|,,,,,Fire
|showteam|p2|Archaludon||AssaultVest|Stamina|ElectroShot,BodyPress,FlashCannon,DracoMeteor|||M|||50|,,,,,Flying]Pelipper||FocusSash|Drizzle|Tailwind,Hurricane,WeatherBall,Protect|||M|||50|,,,,,Ghost]Grimmsnarl||LightClay|Prankster|PartingShot,SpiritBreak,LightScreen,Reflect|||M|||50|,,,,,Steel]Amoonguss||RockyHelmet|Regenerator|PollenPuff,RagePowder,Spore,Protect|||F|||50|,,,,,Dark]Basculegion||ChoiceBand|Adaptability|WaveCrash,LastRespects,FlipTurn,TeraBlast|||M|||50|,,,,,Stellar]Incineroar||SafetyGoggles|Intimidate|FakeOut,PartingShot,KnockOff,FlareBlitz|||M|||50|,,,,,Ghost
|
|t:|1756313748
|teamsize|p1|4
|teamsize|p2|4
|start
|switch|p1a: Typhlosion|Typhlosion-Hisui, L50, M|100/100
|switch|p1b: Whimsicott|Whimsicott, L50, F|100/100
|switch|p2a: Grimmsnarl|Grimmsnarl, L50, M|100/100
|switch|p2b: Basculegion|Basculegion, L50, M, shiny|100/100
|-item|p2a: Grimmsnarl|Light Clay|[from] ability: Frisk|[of] p1a: Typhlosion
|-item|p2b: Basculegion|Choice Band|[from] ability: Frisk|[of] p1a: Typhlosion
|turn|1
|
|t:|1756313774
|move|p1b: Whimsicott|Sunny Day|p1b: Whimsicott
|-weather|SunnyDay
|move|p2a: Grimmsnarl|Light Screen|p2a: Grimmsnarl
|-sidestart|p2: tulpeon|move: Light Screen
|move|p1a: Typhlosion|Eruption|p2b: Basculegion|[spread] p2a,p2b
|-resisted|p2b: Basculegion
|-damage|p2a: Grimmsnarl|23/100
|-damage|p2b: Basculegion|56/100
|move|p2b: Basculegion|Flip Turn|p1a: Typhlosion
|-supereffective|p1a: Typhlosion
|-damage|p1a: Typhlosion|7/100
|
|t:|1756313782
|switch|p2b: la poste|Pelipper, L50, M|100/100|[from] Flip Turn
|-weather|RainDance|[from] ability: Drizzle|[of] p2b: la poste
|
|-weather|RainDance|[upkeep]
|upkeep
|turn|2
|
|t:|1756313810
|switch|p1a: Dragapult|Dragapult, L50, F|100/100
|move|p2b: la poste|Hurricane|p1b: Whimsicott
|-supereffective|p1b: Whimsicott
|-damage|p1b: Whimsicott|0 fnt
|faint|p1b: Whimsicott
|move|p2a: Grimmsnarl|Spirit Break|p1a: Dragapult
|-supereffective|p1a: Dragapult
|-damage|p1a: Dragapult|20/100
|
|-weather|RainDance|[upkeep]
|upkeep
|
|t:|1756313820
|switch|p1b: Torkoal|Torkoal, L50, M|100/100
|-weather|SunnyDay|[from] ability: Drought|[of] p1b: Torkoal
|turn|3
|
|t:|1756313843
|move|p2b: la poste|Protect|p2b: la poste
|-singleturn|p2b: la poste|Protect
|move|p2a: Grimmsnarl|Reflect|p2a: Grimmsnarl
|-sidestart|p2: tulpeon|Reflect
|move|p1a: Dragapult|U-turn|p2a: Grimmsnarl
|-damage|p2a: Grimmsnarl|0 fnt
|faint|p2a: Grimmsnarl
|
|t:|1756313849
|switch|p1a: Typhlosion|Typhlosion-Hisui, L50, M|7/100|[from] U-turn
|-item|p2b: la poste|Focus Sash|[from] ability: Frisk|[of] p1a: Typhlosion
|move|p1b: Torkoal|Heat Wave|p2b: la poste
|-activate|p2b: la poste|move: Protect
|
|-weather|SunnyDay|[upkeep]
|upkeep
|
|t:|1756313859
|switch|p2a: arch btw|Archaludon, L50, M, shiny|100/100
|turn|4
|
|t:|1756313903
|move|p1a: Typhlosion|Heat Wave|p2b: la poste|[spread] p2a,p2b
|-resisted|p2b: la poste
|-damage|p2a: arch btw|51/100
|-damage|p2b: la poste|52/100
|-ability|p2a: arch btw|Stamina|boost
|-boost|p2a: arch btw|def|1
|move|p2b: la poste|Tailwind|p2b: la poste
|-sidestart|p2: tulpeon|move: Tailwind
|move|p2a: arch btw|Draco Meteor|p1b: Torkoal|[miss]
|-miss|p2a: arch btw|p1b: Torkoal
|move|p1b: Torkoal|Heat Wave|p2b: la poste|[spread] p2b
|-miss|p1b: Torkoal|p2a: arch btw
|-resisted|p2b: la poste
|-damage|p2b: la poste|20/100
|-damage|p1b: Torkoal|91/100|[from] item: Life Orb
|
|-weather|SunnyDay|[upkeep]
|upkeep
|turn|5
|
|t:|1756313936
|switch|p2b: Basculegion|Basculegion, L50, M, shiny|56/100
|move|p2a: arch btw|Body Press|p1b: Torkoal
|-damage|p1b: Torkoal|57/100
|move|p1a: Typhlosion|Heat Wave|p2a: arch btw|[spread] p2a,p2b
|-resisted|p2b: Basculegion
|-damage|p2a: arch btw|3/100
|-damage|p2b: Basculegion|26/100
|-ability|p2a: arch btw|Stamina|boost
|-boost|p2a: arch btw|def|1
|move|p1b: Torkoal|Heat Wave|p2b: Basculegion|[spread] p2a
|-miss|p1b: Torkoal|p2b: Basculegion
|-damage|p2a: arch btw|0 fnt
|faint|p2a: arch btw
|-damage|p1b: Torkoal|47/100|[from] item: Life Orb
|
|-weather|SunnyDay|[upkeep]
|upkeep
|
|t:|1756313951
|switch|p2a: la poste|Pelipper, L50, M|20/100
|-weather|RainDance|[from] ability: Drizzle|[of] p2a: la poste
|turn|6
|
|t:|1756313998
|move|p2b: Basculegion|Last Respects|p1a: Typhlosion
|-supereffective|p1a: Typhlosion
|-damage|p1a: Typhlosion|0 fnt
|faint|p1a: Typhlosion
|move|p2a: la poste|Weather Ball|p1b: Torkoal
|-supereffective|p1b: Torkoal
|-crit|p1b: Torkoal
|-damage|p1b: Torkoal|0 fnt
|faint|p1b: Torkoal
|
|-weather|RainDance|[upkeep]
|upkeep
|
|t:|1756314034
|switch|p1b: Dragapult|Dragapult, L50, F|20/100
|turn|7
|
|t:|1756314050
|-terastallize|p1b: Dragapult|Dragon
|move|p2b: Basculegion|Last Respects|p1b: Dragapult
|-damage|p1b: Dragapult|0 fnt
|faint|p1b: Dragapult
|
|win|tulpeon
|l|☆faquin
|player|p1|
||tulpeon is ready for game 2.
||faquin is ready for game 2.
|uhtml|next|Next: Game 2 of 3
