|j|☆Myshirtisdirty
|j|☆MSAtlos
|html|MyshirtisdirtyMSAtlos    
|uhtml|bestof|Game 3 of a best-of-3
|t:|1756589135
|gametype|doubles
|player|p1|Myshirtisdirty|101|1127
|player|p2|MSAtlos|cynthia-masters|1112
|gen|9
|tier|[Gen 9] VGC 2025 Reg H (Bo3)
|rated|
|rule|Species Clause: Limit one of each Pokémon
|rule|Item Clause: Limit 1 of each item
|clearpoke
|poke|p1|Ceruledge, L50, F|
|poke|p1|Whimsicott, L50, F|
|poke|p1|Sneasler, L50, F|
|poke|p1|Ninetales-Alola, L50, M|
|poke|p1|Samurott-Hisui, L50, F|
|poke|p1|Rillaboom, L50, F|
|poke|p2|Ninetales-Alola, L50, F|
|poke|p2|Baxcalibur, L50, M|
|poke|p2|Electabuzz, L50, F|
|poke|p2|Rillaboom, L50, F|
|poke|p2|Sneasler, L50, M|
|poke|p2|Volcarona, L50, F|
|teampreview|4
|showteam|p1|Ceruledge||ClearAmulet|FlashFire|BitterBlade,Poltergeist,BulkUp,Protect|||F|||50|,,,,,Bug]Whimsicott||FocusSash|Prankster|Moonblast,WorrySeed,Tailwind,Protect|||F|||50|,,,,,Ghost]Sneasler||GrassySeed|Unburden|CloseCombat,DireClaw,Coaching,Protect|||F|||50|,,,,,Ghost]Ninetales-Alola||CovertCloak|SnowWarning|Howl,Moonblast,Blizzard,AuroraVeil|||M|||50|,,,,,Water]Samurott-Hisui||ChoiceBand|Sharpness|CeaselessEdge,SacredSword,XScissor,FlipTurn|||F|||50|,,,,,Poison]Rillaboom||AssaultVest|GrassySurge|WoodHammer,GrassyGlide,HighHorsepower,FakeOut|||F|||50|,,,,,Fire
|showteam|p2|Ninetales-Alola||CovertCloak|SnowWarning|FreezeDry,Encore,AuroraVeil,Protect|||F|||50|,,,,,Water]Baxcalibur||ClearAmulet|IceBody|GlaiveRush,IceShard,SwordsDance,Protect|||M|||50|,,,,,Poison]Electabuzz||Eviolite|VitalSpirit|Electroweb,FollowMe,Taunt,Protect|||F|||50|,,,,,Water]Rillaboom||AssaultVest|GrassySurge|WoodHammer,GrassyGlide,HighHorsepower,FakeOut|||F|||50|,,,,,Fire]Sneasler||GrassySeed|Unburden|CloseCombat,DireClaw,ThroatChop,Protect|||M|||50|,,,,,Dark]Volcarona||Leftovers|FlameBody|HeatWave,TeraBlast,QuiverDance,Protect|||F|||50|,,,,,Fairy
|
|t:|1756589156
|teamsize|p1|4
|teamsize|p2|4
|start
|switch|p1a: Sneasler|Sneasler, L50, F|100/100
|switch|p1b: Rillaboom|Rillaboom, L50, F|100/100
|switch|p2a: Baxcalibur|Baxcalibur, L50, M|100/100
|switch|p2b: Rillaboom|Rillaboom, L50, F|100/100
|-fieldstart|move: Grassy Terrain|[from] ability: Grassy Surge|[of] p2b: Rillaboom
|-enditem|p1a: Sneasler|Grassy Seed
|-boost|p1a: Sneasler|def|1|[from] item: Grassy Seed
|turn|1
|inactive|Battle timer is ON: inactive players will automatically lose when time's up. (requested by Myshirtisdirty)
|inactive|MSAtlos has 60 seconds left.
|
|t:|1756589232
|-terastallize|p2a: Baxcalibur|Poison
|move|p2b: Rillaboom|Fake Out|p1b: Rillaboom
|-damage|p1b: Rillaboom|88/100
|cant|p1b: Rillaboom|flinch
|move|p1a: Sneasler|Close Combat|p2a: Baxcalibur
|-resisted|p2a: Baxcalibur
|-damage|p2a: Baxcalibur|67/100
|-unboost|p1a: Sneasler|def|1
|-unboost|p1a: Sneasler|spd|1
|move|p2a: Baxcalibur|Glaive Rush|p1a: Sneasler
|-damage|p1a: Sneasler|0 fnt
|-singlemove|p2a: Baxcalibur|Glaive Rush|[silent]
|faint|p1a: Sneasler
|
|-heal|p2a: Baxcalibur|73/100|[from] Grassy Terrain
|-heal|p1b: Rillaboom|94/100|[from] Grassy Terrain
|upkeep
|
|t:|1756589244
|switch|p1a: Ninetales|Ninetales-Alola, L50, M|100/100
|-weather|Snowscape|[from] ability: Snow Warning|[of] p1a: Ninetales
|turn|2
|
|t:|1756589265
|switch|p2b: Ninetales|Ninetales-Alola, L50, F|100/100
|-terastallize|p1b: Rillaboom|Fire
|move|p2a: Baxcalibur|Protect|p2a: Baxcalibur
|-singleturn|p2a: Baxcalibur|Protect
|move|p1a: Ninetales|Howl|p1a: Ninetales|[spread] p1a,p1b
|-boost|p1a: Ninetales|atk|1
|-boost|p1b: Rillaboom|atk|1
|move|p1b: Rillaboom|High Horsepower|p2a: Baxcalibur
|-activate|p2a: Baxcalibur|move: Protect
|
|-weather|Snowscape|[upkeep]
|-heal|p2a: Baxcalibur|79/100|[from] ability: Ice Body
|-heal|p2a: Baxcalibur|86/100|[from] Grassy Terrain
|-heal|p1b: Rillaboom|100/100|[from] Grassy Terrain
|upkeep
|turn|3
|
|t:|1756589288
|switch|p2a: Rillaboom|Rillaboom, L50, F|100/100
|move|p2b: Ninetales|Aurora Veil|p2b: Ninetales
|-sidestart|p2: MSAtlos|move: Aurora Veil
|move|p1a: Ninetales|Aurora Veil|p1a: Ninetales
|-sidestart|p1: Myshirtisdirty|move: Aurora Veil
|move|p1b: Rillaboom|High Horsepower|p2a: Rillaboom
|-resisted|p2a: Rillaboom
|-damage|p2a: Rillaboom|82/100
|
|-weather|Snowscape|[upkeep]
|-heal|p2a: Rillaboom|89/100|[from] Grassy Terrain
|upkeep
|turn|4
|inactive|MSAtlos has 30 seconds left.
|inactive|MSAtlos has 20 seconds left.
|inactive|MSAtlos has 15 seconds left.
|inactive|MSAtlos has 10 seconds left.
|
|t:|1756589336
|move|p2a: Rillaboom|Fake Out|p1b: Rillaboom
|-damage|p1b: Rillaboom|92/100
|move|p2b: Ninetales|Encore|p1a: Ninetales
|-start|p1a: Ninetales|Encore
|move|p1a: Ninetales|Aurora Veil||[still]
|-fail|p1a: Ninetales
|cant|p1b: Rillaboom|flinch
|
|-weather|Snowscape|[upkeep]
|-heal|p2a: Rillaboom|95/100|[from] Grassy Terrain
|-heal|p1b: Rillaboom|98/100|[from] Grassy Terrain
|upkeep
|turn|5
|
|t:|1756589360
|switch|p1a: Ceruledge|Ceruledge, L50, F|100/100
|move|p2b: Ninetales|Encore|p1b: Rillaboom
|-start|p1b: Rillaboom|Encore
|move|p2a: Rillaboom|High Horsepower|p1b: Rillaboom
|-supereffective|p1b: Rillaboom
|-damage|p1b: Rillaboom|58/100
|move|p1b: Rillaboom|High Horsepower|p2b: Ninetales
|-damage|p2b: Ninetales|70/100
|
|-weather|Snowscape|[upkeep]
|-heal|p2b: Ninetales|76/100|[from] Grassy Terrain
|-heal|p2a: Rillaboom|100/100|[from] Grassy Terrain
|-heal|p1b: Rillaboom|64/100|[from] Grassy Terrain
|-fieldend|move: Grassy Terrain
|upkeep
|turn|6
|inactive|Myshirtisdirty has 30 seconds left.
|inactive|MSAtlos has 30 seconds left.
|inactive|MSAtlos has 20 seconds left.
|inactive|MSAtlos has 15 seconds left.
|inactive|MSAtlos has 10 seconds left.
|
|t:|1756589410
|switch|p2b: Baxcalibur|Baxcalibur, L50, M, tera:Poison|86/100
|switch|p1b: Ninetales|Ninetales-Alola, L50, M|100/100
|move|p2a: Rillaboom|High Horsepower|p1b: Ninetales
|-damage|p1b: Ninetales|84/100
|move|p1a: Ceruledge|Bitter Blade|p2a: Rillaboom
|-supereffective|p2a: Rillaboom
|-damage|p2a: Rillaboom|44/100
|
|-weather|none
|upkeep
|turn|7
|inactive|MSAtlos has 30 seconds left.
|
|t:|1756589437
|switch|p2a: Ninetales|Ninetales-Alola, L50, F|76/100
|-weather|Snowscape|[from] ability: Snow Warning|[of] p2a: Ninetales
|move|p1b: Ninetales|Moonblast|p2a: Ninetales
|-damage|p2a: Ninetales|59/100
|move|p2b: Baxcalibur|Glaive Rush|p1a: Ceruledge
|-damage|p1a: Ceruledge|45/100
|-singlemove|p2b: Baxcalibur|Glaive Rush|[silent]
|move|p1a: Ceruledge|Bulk Up|p1a: Ceruledge
|-boost|p1a: Ceruledge|atk|1
|-boost|p1a: Ceruledge|def|1
|
|-weather|Snowscape|[upkeep]
|-heal|p2b: Baxcalibur|92/100|[from] ability: Ice Body
|-sideend|p2: MSAtlos|move: Aurora Veil
|-sideend|p1: Myshirtisdirty|move: Aurora Veil
|upkeep
|turn|8
|inactive|Myshirtisdirty has 30 seconds left.
|inactive|MSAtlos has 30 seconds left.
|
|t:|1756589466
|switch|p1b: Rillaboom|Rillaboom, L50, F, tera:Fire|64/100
|-fieldstart|move: Grassy Terrain|[from] ability: Grassy Surge|[of] p1b: Rillaboom
|move|p2a: Ninetales|Encore|p1a: Ceruledge
|-start|p1a: Ceruledge|Encore
|move|p2b: Baxcalibur|Swords Dance|p2b: Baxcalibur
|-boost|p2b: Baxcalibur|atk|2
|move|p1a: Ceruledge|Bulk Up|p1a: Ceruledge
|-boost|p1a: Ceruledge|atk|1
|-boost|p1a: Ceruledge|def|1
|
|-weather|Snowscape|[upkeep]
|-heal|p2b: Baxcalibur|98/100|[from] ability: Ice Body
|-heal|p2a: Ninetales|65/100|[from] Grassy Terrain
|-heal|p2b: Baxcalibur|100/100|[from] Grassy Terrain
|-heal|p1b: Rillaboom|70/100|[from] Grassy Terrain
|-heal|p1a: Ceruledge|51/100|[from] Grassy Terrain
|upkeep
|turn|9
|
|t:|1756589486
|switch|p1a: Ninetales|Ninetales-Alola, L50, M|84/100
|move|p2a: Ninetales|Aurora Veil|p2a: Ninetales
|-sidestart|p2: MSAtlos|move: Aurora Veil
|move|p2b: Baxcalibur|Glaive Rush|p1a: Ninetales
|-immune|p1a: Ninetales
|move|p1b: Rillaboom|High Horsepower|p2b: Baxcalibur
|-supereffective|p2b: Baxcalibur
|-damage|p2b: Baxcalibur|60/100
|
|-weather|Snowscape|[upkeep]
|-heal|p2b: Baxcalibur|67/100|[from] ability: Ice Body
|-heal|p2a: Ninetales|71/100|[from] Grassy Terrain
|-heal|p1a: Ninetales|90/100|[from] Grassy Terrain
|-heal|p2b: Baxcalibur|73/100|[from] Grassy Terrain
|-heal|p1b: Rillaboom|76/100|[from] Grassy Terrain
|upkeep
|turn|10
|inactive|Myshirtisdirty has 30 seconds left.
|inactive|MSAtlos has 30 seconds left.
|inactive|Myshirtisdirty has 20 seconds left.
|inactive|MSAtlos has 20 seconds left.
|inactive|Myshirtisdirty has 15 seconds left.
|inactive|Myshirtisdirty has 10 seconds left.
|inactive|Myshirtisdirty has 5 seconds left.
|
|t:|1756589544
|switch|p2a: Sneasler|Sneasler, L50, M|100/100
|-enditem|p2a: Sneasler|Grassy Seed
|-boost|p2a: Sneasler|def|1|[from] item: Grassy Seed
|move|p2b: Baxcalibur|Protect|p2b: Baxcalibur
|-singleturn|p2b: Baxcalibur|Protect
|move|p1a: Ninetales|Moonblast|p2a: Sneasler
|-crit|p2a: Sneasler
|-damage|p2a: Sneasler|44/100
|move|p1b: Rillaboom|High Horsepower|p2a: Sneasler
|-supereffective|p2a: Sneasler
|-damage|p2a: Sneasler|0 fnt
|faint|p2a: Sneasler
|
|-weather|Snowscape|[upkeep]
|-heal|p2b: Baxcalibur|79/100|[from] ability: Ice Body
|-heal|p1a: Ninetales|97/100|[from] Grassy Terrain
|-heal|p2b: Baxcalibur|85/100|[from] Grassy Terrain
|-heal|p1b: Rillaboom|82/100|[from] Grassy Terrain
|upkeep
|inactive|MSAtlos has 30 seconds left.
|
|t:|1756589575
|switch|p2a: Ninetales|Ninetales-Alola, L50, F|71/100
|turn|11
|inactive|MSAtlos has 30 seconds left.
|inactive|MSAtlos has 20 seconds left.
|inactive|MSAtlos has 15 seconds left.
|inactive|MSAtlos has 10 seconds left.
|inactive|MSAtlos has 5 seconds left.
|
|t:|1756589627
|move|p2a: Ninetales|Freeze-Dry|p1b: Rillaboom
|-resisted|p1b: Rillaboom
|-damage|p1b: Rillaboom|74/100
|move|p1a: Ninetales|Blizzard|p2a: Ninetales|[spread] p2a,p2b
|-resisted|p2a: Ninetales
|-damage|p2a: Ninetales|63/100
|-damage|p2b: Baxcalibur|70/100
|move|p2b: Baxcalibur|Glaive Rush|p1b: Rillaboom
|-damage|p1b: Rillaboom|0 fnt
|-singlemove|p2b: Baxcalibur|Glaive Rush|[silent]
|faint|p1b: Rillaboom
|
|-weather|none
|-heal|p2a: Ninetales|69/100|[from] Grassy Terrain
|-heal|p1a: Ninetales|100/100|[from] Grassy Terrain
|-heal|p2b: Baxcalibur|77/100|[from] Grassy Terrain
|upkeep
|
|t:|1756589640
|switch|p1b: Ceruledge|Ceruledge, L50, F|51/100
|turn|12
|
|t:|1756589651
|switch|p2a: Rillaboom|Rillaboom, L50, F|44/100
|move|p2b: Baxcalibur|Protect|p2b: Baxcalibur
|-singleturn|p2b: Baxcalibur|Protect
|move|p1a: Ninetales|Howl|p1a: Ninetales|[spread] p1a,p1b
|-boost|p1a: Ninetales|atk|1
|-boost|p1b: Ceruledge|atk|1
|move|p1b: Ceruledge|Bitter Blade|p2a: Rillaboom
|-supereffective|p2a: Rillaboom
|-damage|p2a: Rillaboom|0 fnt
|-heal|p1b: Ceruledge|74/100|[from] drain|[of] p2a: Rillaboom
|faint|p2a: Rillaboom
|
|-heal|p2b: Baxcalibur|83/100|[from] Grassy Terrain
|-heal|p1b: Ceruledge|80/100|[from] Grassy Terrain
|-fieldend|move: Grassy Terrain
|upkeep
|
|t:|1756589662
|switch|p2a: Ninetales|Ninetales-Alola, L50, F|69/100
|-weather|Snowscape|[from] ability: Snow Warning|[of] p2a: Ninetales
|turn|13
|
|t:|1756589678
|move|p1b: Ceruledge|Protect|p1b: Ceruledge
|-singleturn|p1b: Ceruledge|Protect
|move|p2a: Ninetales|Encore|p1a: Ninetales
|-start|p1a: Ninetales|Encore
|move|p1a: Ninetales|Howl|p1a: Ninetales|[spread] p1a,p1b
|-boost|p1a: Ninetales|atk|1
|-boost|p1b: Ceruledge|atk|1
|move|p2b: Baxcalibur|Glaive Rush|p1b: Ceruledge
|-activate|p1b: Ceruledge|move: Protect
|
|-weather|Snowscape|[upkeep]
|-heal|p2b: Baxcalibur|89/100|[from] ability: Ice Body
|-sideend|p2: MSAtlos|move: Aurora Veil
|upkeep
|turn|14
|
|t:|1756589691
|move|p2a: Ninetales|Encore|p1b: Ceruledge
|-start|p1b: Ceruledge|Encore
|move|p1a: Ninetales|Howl|p1a: Ninetales|[spread] p1a,p1b
|-boost|p1a: Ninetales|atk|1
|-boost|p1b: Ceruledge|atk|1
|move|p2b: Baxcalibur|Glaive Rush|p1b: Ceruledge
|-damage|p1b: Ceruledge|0 fnt
|-singlemove|p2b: Baxcalibur|Glaive Rush|[silent]
|faint|p1b: Ceruledge
|
|-weather|Snowscape|[upkeep]
|-heal|p2b: Baxcalibur|95/100|[from] ability: Ice Body
|upkeep
|turn|15
|
|t:|1756589707
|move|p2b: Baxcalibur|Ice Shard|p1a: Ninetales
|-resisted|p1a: Ninetales
|-damage|p1a: Ninetales|81/100
|move|p2a: Ninetales|Aurora Veil|p2a: Ninetales
|-sidestart|p2: MSAtlos|move: Aurora Veil
|move|p1a: Ninetales|Howl|p1a: Ninetales
|-boost|p1a: Ninetales|atk|1
|
|-weather|Snowscape|[upkeep]
|-heal|p2b: Baxcalibur|100/100|[from] ability: Ice Body
|-end|p1a: Ninetales|Encore
|upkeep
|turn|16
|inactive|MSAtlos has 30 seconds left.
|inactive|MSAtlos has 20 seconds left.
|inactive|MSAtlos has 15 seconds left.
|inactive|MSAtlos has 10 seconds left.
|
|t:|1756589733
|move|p2a: Ninetales|Encore|p1a: Ninetales
|-start|p1a: Ninetales|Encore
|move|p1a: Ninetales|Howl|p1a: Ninetales
|-boost|p1a: Ninetales|atk|1
|move|p2b: Baxcalibur|Swords Dance|p2b: Baxcalibur
|-boost|p2b: Baxcalibur|atk|2
|
|-weather|Snowscape|[upkeep]
|upkeep
|turn|17
|inactive|MSAtlos has 10 seconds left this turn.
|inactive|MSAtlos has 5 seconds left.
|
|t:|1756589741
|move|p2b: Baxcalibur|Ice Shard|p1a: Ninetales
|-resisted|p1a: Ninetales
|-damage|p1a: Ninetales|52/100
|move|p2a: Ninetales|Freeze-Dry|p1a: Ninetales
|-resisted|p1a: Ninetales
|-damage|p1a: Ninetales|42/100
|move|p1a: Ninetales|Howl|p1a: Ninetales
|-boost|p1a: Ninetales|atk|1
|
|-weather|none
|upkeep
|turn|18
|inactive|MSAtlos has 5 seconds left this turn.
|
|t:|1756589745
|move|p2b: Baxcalibur|Ice Shard|p1a: Ninetales
|-resisted|p1a: Ninetales
|-crit|p1a: Ninetales
|-damage|p1a: Ninetales|0 fnt
|faint|p1a: Ninetales
|
|win|MSAtlos
|raw|Myshirtisdirty's rating: 1127 → 1101(-26 for losing)
|raw|MSAtlos's rating: 1112 → 1138(+26 for winning)
|l|☆Myshirtisdirty
|player|p1|
