|j|☆santacrab2
|j|☆kdbc73
|html|santacrab2kdbc73    
|uhtml|bestof|Game 2 of a best-of-3
|t:|1756207579
|gametype|doubles
|player|p1|santacrab2|266|1015
|player|p2|kdbc73|lucas|1035
|gen|9
|tier|[Gen 9] VGC 2025 Reg H (Bo3)
|rated|
|rule|Species Clause: Limit one of each Pokémon
|rule|Item Clause: Limit 1 of each item
|clearpoke
|poke|p1|Incineroar, L50, M|
|poke|p1|Porygon2, L50|
|poke|p1|Amoonguss, L50, M|
|poke|p1|Ursaluna, L50, M|
|poke|p1|Gholdengo, L50|
|poke|p1|Flamigo, L50, F|
|poke|p2|Sneasler, L50, F|
|poke|p2|Indeedee, L50, M|
|poke|p2|Ursaluna-Bloodmoon, L50, M|
|poke|p2|Electabuzz, L50, M|
|poke|p2|Incineroar, L50, F|
|poke|p2|Talonflame, L50, F|
|teampreview|4
|showteam|p1|Incineroar||SafetyGoggles|Intimidate|KnockOff,FlareBlitz,PartingShot,FakeOut|||M|||50|,,,,,Grass]Porygon2||Eviolite|Download|TeraBlast,IceBeam,Recover,TrickRoom||||||50|,,,,,Ghost]Amoonguss||MentalHerb|Regenerator|Spore,RagePowder,PollenPuff,SludgeBomb|||M|||50|,,,,,Water]Ursaluna||FlameOrb|Guts|Facade,HeadlongRush,Earthquake,Protect|||M|||50|,,,,,Ghost]Gholdengo||LifeOrb|GoodasGold|MakeItRain,ShadowBall,NastyPlot,Protect||||||50|,,,,,Steel]Flamigo||FocusSash|Scrappy|CloseCombat,BraveBird,WideGuard,Uturn|||F|||50|,,,,,Ghost
|showteam|p2|Sneasler||PsychicSeed|Unburden|CloseCombat,DireClaw,ThroatChop,Protect|||F|||50|,,,,,Dark]Indeedee||FocusSash|PsychicSurge|ExpandingForce,TrickRoom,HelpingHand,Protect|||M|||50|,,,,,Psychic]Ursaluna-Bloodmoon||LifeOrb|MindsEye|BloodMoon,HyperVoice,EarthPower,Protect|||M|||50|,,,,,Normal]Electabuzz||Eviolite|VitalSpirit|Electroweb,FollowMe,Taunt,Protect|||M|||50|,,,,,Dragon]Incineroar||SafetyGoggles|Intimidate|FlareBlitz,KnockOff,PartingShot,FakeOut|||F|||50|,,,,,Ghost]Talonflame||CovertCloak|GaleWings|FlareBlitz,DualWingbeat,WillOWisp,Tailwind|||F|||50|,,,,,Fairy
|
|t:|1756207611
|teamsize|p1|4
|teamsize|p2|4
|start
|switch|p1a: Incineroar|Incineroar, L50, M|100/100
|switch|p1b: Porygon2|Porygon2, L50|100/100
|switch|p2a: Indeedee|Indeedee, L50, M|100/100
|switch|p2b: Ursaluna|Ursaluna-Bloodmoon, L50, M|100/100
|-fieldstart|move: Psychic Terrain|[from] ability: Psychic Surge|[of] p2a: Indeedee
|-ability|p1a: Incineroar|Intimidate|boost
|-unboost|p2a: Indeedee|atk|1
|-unboost|p2b: Ursaluna|atk|1
|-ability|p1b: Porygon2|Download|boost
|-boost|p1b: Porygon2|spa|1
|turn|1
|
|t:|1756207664
|-terastallize|p2b: Ursaluna|Normal
|move|p1a: Incineroar|Fake Out|p2a: Indeedee
|-activate|p2a: Indeedee|move: Psychic Terrain
|move|p2a: Indeedee|Expanding Force|p1a: Incineroar|[spread] p1b
|-immune|p1a: Incineroar
|-damage|p1b: Porygon2|66/100
|move|p2b: Ursaluna|Blood Moon|p1b: Porygon2
|-damage|p1b: Porygon2|0 fnt
|faint|p1b: Porygon2
|-damage|p2b: Ursaluna|91/100|[from] item: Life Orb
|
|upkeep
|
|t:|1756207678
|switch|p1b: Ursaluna|Ursaluna, L50, M|100/100
|turn|2
|
|t:|1756207701
|move|p2a: Indeedee|Protect|p2a: Indeedee
|-singleturn|p2a: Indeedee|Protect
|move|p1b: Ursaluna|Protect|p1b: Ursaluna
|-singleturn|p1b: Ursaluna|Protect
|move|p2b: Ursaluna|Hyper Voice|p1b: Ursaluna|[spread] p1a
|-activate|p1b: Ursaluna|move: Protect
|-damage|p1a: Incineroar|33/100
|-damage|p2b: Ursaluna|81/100|[from] item: Life Orb
|move|p1a: Incineroar|Parting Shot|p2b: Ursaluna
|-unboost|p2b: Ursaluna|atk|1
|-unboost|p2b: Ursaluna|spa|1
|
|t:|1756207722
|switch|p1a: Amoonguss|Amoonguss, L50, M|100/100|[from] Parting Shot
|
|-status|p1b: Ursaluna|brn|[from] item: Flame Orb
|upkeep
|turn|3
|
|t:|1756207753
|-terastallize|p1b: Ursaluna|Ghost
|move|p1a: Amoonguss|Rage Powder|p1a: Amoonguss
|-singleturn|p1a: Amoonguss|move: Rage Powder
|move|p2a: Indeedee|Expanding Force|p1b: Ursaluna|[spread] p1a,p1b
|-supereffective|p1a: Amoonguss
|-damage|p1a: Amoonguss|10/100
|-damage|p1b: Ursaluna|58/100 brn
|move|p2b: Ursaluna|Blood Moon|p1a: Amoonguss
|-damage|p1a: Amoonguss|0 fnt
|faint|p1a: Amoonguss
|-damage|p2b: Ursaluna|72/100|[from] item: Life Orb
|move|p1b: Ursaluna|Facade|p2b: Ursaluna
|-damage|p2b: Ursaluna|0 fnt
|faint|p2b: Ursaluna
|
|-damage|p1b: Ursaluna|53/100 brn|[from] brn
|upkeep
|
|t:|1756207788
|switch|p2b: Talonflame|Talonflame, L50, F|100/100
|switch|p1a: Incineroar|Incineroar, L50, M|33/100
|-ability|p1a: Incineroar|Intimidate|boost
|-unboost|p2a: Indeedee|atk|1
|-unboost|p2b: Talonflame|atk|1
|turn|4
|
|t:|1756207808
|move|p2a: Indeedee|Protect|p2a: Indeedee
|-singleturn|p2a: Indeedee|Protect
|move|p1a: Incineroar|Fake Out|p2b: Talonflame
|-hint|Psychic Terrain doesn't affect Pokémon immune to Ground.
|-damage|p2b: Talonflame|82/100
|move|p2b: Talonflame|Flare Blitz|p1b: Ursaluna
|-damage|p1b: Ursaluna|31/100 brn
|-damage|p2b: Talonflame|71/100|[from] Recoil
|move|p1b: Ursaluna|Facade|p2a: Indeedee
|-activate|p2a: Indeedee|move: Protect
|
|-damage|p1b: Ursaluna|25/100 brn|[from] brn
|upkeep
|turn|5
|
|t:|1756207841
|move|p2b: Talonflame|Dual Wingbeat|p1a: Incineroar
|-damage|p1a: Incineroar|23/100
|-damage|p1a: Incineroar|13/100
|-hitcount|p1a: Incineroar|2
|move|p2a: Indeedee|Expanding Force|p1b: Ursaluna|[spread] p1b
|-immune|p1a: Incineroar
|-damage|p1b: Ursaluna|0 fnt
|faint|p1b: Ursaluna
|move|p1a: Incineroar|Knock Off|p2b: Talonflame
|-damage|p2b: Talonflame|4/100
|-enditem|p2b: Talonflame|Covert Cloak|[from] move: Knock Off|[of] p1a: Incineroar
|
|-fieldend|move: Psychic Terrain
|upkeep
|turn|6
|
|t:|1756207857
|move|p2a: Indeedee|Helping Hand|p2b: Talonflame
|-singleturn|p2b: Talonflame|Helping Hand|[of] p2a: Indeedee
|move|p2b: Talonflame|Dual Wingbeat|p1a: Incineroar
|-damage|p1a: Incineroar|0 fnt
|faint|p1a: Incineroar
|-hitcount|p1: Incineroar|1
|
|win|kdbc73
||santacrab2 is ready for game 3.
|inactive|kdbc73 has 30 seconds to confirm battle start!
||kdbc73 is ready for game 3.
|uhtml|next|Next: Game 3 of 3
|l|☆santacrab2
|player|p1|
