|j|☆erporros
|j|☆cooledoregon
|html|erporroscooledoregon    
|uhtml|bestof|Game 3 of a best-of-3
|t:|1783365499
|gametype|doubles
|player|p1|erporros|2|1272
|player|p2|cooledoregon|266|1190
|gen|9
|tier|[Gen 9 Champions] VGC 2026 Reg M-B (Bo3)
|rated|
|rule|Species Clause: Limit one of each Pokémon
|rule|Item Clause: Limit 1 of each item
|clearpoke
|poke|p1|Delphox, L50, M|
|poke|p1|Incineroar, L50, M|
|poke|p1|Sneasler, L50, M|
|poke|p1|Sinistcha, L50|
|poke|p1|Blastoise, L50, F|
|poke|p1|Maushold-Four, L50|
|poke|p2|Rotom-Wash, L50|
|poke|p2|Sneasler, L50, M|
|poke|p2|Froslass, L50, F|
|poke|p2|Glimmora, L50, M|
|poke|p2|Incineroar, L50, F|
|poke|p2|Floette-Eternal, L50, F|
|teampreview|4
|showteam|p1|Delphox||Delphoxite|Blaze|HeatWave,Psychic,NastyPlot,Protect|Timid||M|||50|]Incineroar||SitrusBerry|Intimidate|FakeOut,PartingShot,FlareBlitz,ThroatChop|Impish||M|||50|]Sneasler||FocusSash|PoisonTouch|CloseCombat,DireClaw,QuickGuard,FakeOut|Jolly||M|||50|]Sinistcha||KasibBerry|Hospitality|Protect,MatchaGotcha,LifeDew,RagePowder|Bold|||||50|]Blastoise||Blastoisinite|RainDish|Protect,WaterSpout,DarkPulse,ShellSmash|Modest||F|||50|]Maushold-Four||WideLens|FriendGuard|PopulationBomb,Bite,Protect,FollowMe|Jolly|||||50|
|showteam|p2|Rotom-Wash||ChoiceScarf|Levitate|VoltSwitch,Electroweb,HydroPump,Thunderbolt|Timid|||||50|]Sneasler||WhiteHerb|Unburden|FakeOut,DireClaw,CloseCombat,Protect|Jolly||M|||50|]Froslass||Froslassite|CursedBody|ShadowBall,Blizzard,AuroraVeil,Protect|Timid||F|||50|]Glimmora||FocusSash|ToxicDebris|PowerGem,EarthPower,SludgeBomb,SpikyShield|Timid||M|||50|]Incineroar||SitrusBerry|Intimidate|PartingShot,FakeOut,ThroatChop,FlareBlitz|Careful||F|||50|]Floette-Eternal||Floettite|FlowerVeil|DazzlingGleam,LightofRuin,Moonblast,Protect|Timid||F|||50|
|inactive|Battle timer is ON: inactive players will automatically lose when time's up. (requested by cooledoregon)
|inactive|cooledoregon has 60 seconds left.
|inactive|cooledoregon has 30 seconds left.
|inactive|cooledoregon has 20 seconds left.
|inactive|cooledoregon has 15 seconds left.
|inactive|cooledoregon has 10 seconds left.
|inactive|cooledoregon has 5 seconds left.
|
|t:|1783365588
|teamsize|p1|4
|teamsize|p2|4
|start
|switch|p1a: Sneasler|Sneasler, L50, M|100/100
|switch|p1b: Blastoise|Blastoise, L50, F|100/100
|switch|p2a: Marta|Sneasler, L50, M|100/100
|switch|p2b: Froslass|Froslass, L50, F|100/100
|turn|1
|inactive|erporros has 30 seconds left.
|inactive|cooledoregon has 30 seconds left.
|
|t:|1783365622
|detailschange|p2b: Froslass|Froslass-Mega, L50, F
|-mega|p2b: Froslass|Froslass|Froslassite
|-weather|Snowscape|[from] ability: Snow Warning|[of] p2b: Froslass
|detailschange|p1b: Blastoise|Blastoise-Mega, L50, F
|-mega|p1b: Blastoise|Blastoise|Blastoisinite
|move|p2a: Marta|Fake Out|p1b: Blastoise
|-damage|p1b: Blastoise|86/100
|move|p1a: Sneasler|Quick Guard|p1a: Sneasler
|-singleturn|p1a: Sneasler|Quick Guard
|move|p2b: Froslass|Shadow Ball|p1b: Blastoise
|-damage|p1b: Blastoise|42/100
|-unboost|p1b: Blastoise|spd|1
|cant|p1b: Blastoise|flinch
|
|-weather|Snowscape|[upkeep]
|upkeep
|turn|2
|c|☆erporros|Wait
|inactive|erporros has 30 seconds left.
|c|☆erporros|Quick ward works like that?!
|inactive|erporros has 20 seconds left.
|c|☆erporros|This is trash
|inactive|erporros has 15 seconds left.
|inactive|erporros has 10 seconds left.
|
|t:|1783365672
|switch|p1a: Sinistcha|Sinistcha, L50|100/100
|-heal|p1b: Blastoise|67/100|[from] ability: Hospitality|[of] p1a: Sinistcha
|move|p2b: Froslass|Blizzard|p1b: Blastoise|[spread] p1a,p1b
|-supereffective|p1a: Sinistcha|1
|-resisted|p1b: Blastoise|1
|-damage|p1a: Sinistcha|1/100
|-damage|p1b: Blastoise|31/100
|move|p2a: Marta|Close Combat|p1a: Sinistcha
|-immune|p1a: Sinistcha
|move|p1b: Blastoise|Shell Smash|p1b: Blastoise
|-unboost|p1b: Blastoise|def|1
|-unboost|p1b: Blastoise|spd|1
|-boost|p1b: Blastoise|atk|2
|-boost|p1b: Blastoise|spa|2
|-boost|p1b: Blastoise|spe|2
|
|-weather|Snowscape|[upkeep]
|upkeep
|turn|3
|
|t:|1783365693
|move|p2b: Froslass|Protect|p2b: Froslass
|-singleturn|p2b: Froslass|Protect
|move|p1a: Sinistcha|Rage Powder|p1a: Sinistcha
|-singleturn|p1a: Sinistcha|move: Rage Powder
|move|p1b: Blastoise|Dark Pulse|p2b: Froslass
|-activate|p2b: Froslass|move: Protect
|move|p2a: Marta|Dire Claw|p1a: Sinistcha
|-damage|p1a: Sinistcha|0 fnt
|faint|p1a: Sinistcha
|
|-weather|Snowscape|[upkeep]
|upkeep
|
|t:|1783365698
|switch|p1a: Sneasler|Sneasler, L50, M|100/100
|turn|4
|inactive|cooledoregon has 30 seconds left.
|inactive|cooledoregon has 20 seconds left.
|inactive|cooledoregon has 15 seconds left.
|
|t:|1783365740
|switch|p2b: La Pallina|Glimmora, L50, M|100/100
|move|p1a: Sneasler|Fake Out|p2a: Marta
|-damage|p2a: Marta|75/100
|move|p1b: Blastoise|Dark Pulse|p2b: La Pallina
|-enditem|p2b: La Pallina|Focus Sash
|-damage|p2b: La Pallina|1/100
|cant|p2a: Marta|flinch
|
|-weather|Snowscape|[upkeep]
|upkeep
|turn|5
|inactive|cooledoregon has 30 seconds left.
|inactive|cooledoregon has 20 seconds left.
|inactive|cooledoregon has 15 seconds left.
|inactive|cooledoregon has 10 seconds left.
|
|t:|1783365787
|switch|p1a: Maushold|Maushold-Four, L50|100/100
|switch|p2b: O Motor|Rotom-Wash, L50|100/100
|move|p1b: Blastoise|Protect|p1b: Blastoise
|-singleturn|p1b: Blastoise|Protect
|move|p2a: Marta|Protect||[still]
|-fail|p2a: Marta
|
|-weather|none
|upkeep
|turn|6
|
|t:|1783365811
|move|p1a: Maushold|Follow Me|p1a: Maushold
|-singleturn|p1a: Maushold|move: Follow Me
|move|p1b: Blastoise|Dark Pulse|p2b: O Motor
|-damage|p2b: O Motor|0 fnt
|faint|p2b: O Motor
|move|p2a: Marta|Close Combat|p1a: Maushold
|-supereffective|p1a: Maushold|1
|-damage|p1a: Maushold|0 fnt
|-unboost|p2a: Marta|def|1
|-unboost|p2a: Marta|spd|1
|faint|p1a: Maushold
|-enditem|p2a: Marta|White Herb
|-clearnegativeboost|p2a: Marta|[silent]
|
|upkeep
|
|t:|1783365835
|switch|p1a: Sneasler|Sneasler, L50, M|100/100
|switch|p2b: La Pallina|Glimmora, L50, M|1/100
|turn|7
|
|t:|1783365850
|move|p2a: Marta|Protect|p2a: Marta
|-singleturn|p2a: Marta|Protect
|move|p1a: Sneasler|Fake Out|p2a: Marta
|-activate|p2a: Marta|move: Protect
|move|p1b: Blastoise|Shell Smash|p1b: Blastoise
|-unboost|p1b: Blastoise|def|1
|-unboost|p1b: Blastoise|spd|1
|-boost|p1b: Blastoise|atk|2
|-boost|p1b: Blastoise|spa|2
|-boost|p1b: Blastoise|spe|2
|move|p2b: La Pallina|Earth Power|p1b: Blastoise
|-damage|p1b: Blastoise|0 fnt
|faint|p1b: Blastoise
|
|upkeep
|turn|8
|-message|erporros forfeited.
|
|win|cooledoregon
|raw|erporros's rating: 1272 → 1241(-31 for losing)
|raw|cooledoregon's rating: 1190 → 1221(+31 for winning)
||Ladder isn't responding, score probably updated but might not have (Forbidden).
|l|☆erporros
|player|p1|
