|j|☆NEOLODO
|j|☆AleMonnii
|html|NEOLODOAleMonnii    
|uhtml|bestof|Game 1 of a best-of-3
|t:|1756454744
|gametype|doubles
|player|p1|NEOLODO|2|1077
|player|p2|AleMonnii|169|1000
|gen|9
|tier|[Gen 9] VGC 2025 Reg H (Bo3)
|rated|
|rule|Species Clause: Limit one of each Pokémon
|rule|Item Clause: Limit 1 of each item
|clearpoke
|poke|p1|Lilligant-Hisui, L50, F|
|poke|p1|Hatterene, L50, F|
|poke|p1|Ursaluna, L50, F|
|poke|p1|Indeedee-F, L50, F|
|poke|p1|Torkoal, L50, F|
|poke|p1|Gallade, L50, M|
|poke|p2|Gholdengo, L50|
|poke|p2|Rillaboom, L50, F|
|poke|p2|Sneasler, L50, F|
|poke|p2|Grimmsnarl, L50, M|
|poke|p2|Volcarona, L50, M|
|poke|p2|Gastrodon-East, L50, M|
|teampreview|4
|showteam|p1|Lilligant-Hisui||FocusSash|Chlorophyll|TripleAxel,AfterYou,CloseCombat,SleepPowder|||F|||50|,,,,,Ghost]Hatterene||CovertCloak|MagicBounce|DazzlingGleam,ExpandingForce,TrickRoom,MysticalFire|||F|||50|,,,,,Fire]Ursaluna||FlameOrb|Guts|Facade,HeadlongRush,Earthquake,Protect|||F|||50|,,,,,Ghost]Indeedee-F||PsychicSeed|PsychicSurge|Psychic,TrickRoom,HelpingHand,FollowMe|||F|||50|,,,,,Dragon]Torkoal||FlamePlate|Drought|Eruption,WeatherBall,HeatWave,Protect|||F|||50|,,,,,Fire]Gallade||ClearAmulet|Sharpness|PsychoCut,SacredSword,TrickRoom,WideGuard|||M|||50|,,,,,Grass
|showteam|p2|Gholdengo||MetalCoat|GoodasGold|MakeItRain,ShadowBall,NastyPlot,Protect||||||50|,,,,,Dragon]Rillaboom||AssaultVest|GrassySurge|FakeOut,GrassyGlide,WoodHammer,Uturn|||F|||50|,,,,,Fire]Sneasler||WhiteHerb|Unburden|FakeOut,DireClaw,CloseCombat,Protect|||F|||50|,,,,,Stellar]Grimmsnarl||LightClay|Prankster|Reflect,LightScreen,SpiritBreak,ThunderWave|||M|||50|,,,,,Ghost]Volcarona||GrassySeed|FlameBody|HeatWave,GigaDrain,QuiverDance,Protect|||M|||50|,,,,,Grass]Gastrodon-East||SitrusBerry|StormDrain|EarthPower,IceBeam,Yawn,Protect|||M|||50|,,,,,Poison
|inactive|Battle timer is ON: inactive players will automatically lose when time's up. (requested by AleMonnii)
|l|☆AleMonnii
|inactive|AleMonnii disconnected and has a minute to reconnect!
|player|p2|
|inactive|NEOLODO has 60 seconds left.
|j|☆AleMonnii
|inactive|AleMonnii reconnected and has 60 seconds left.
|player|p2|AleMonnii|169|
|
|t:|1756454801
|teamsize|p1|4
|teamsize|p2|4
|start
|switch|p1a: Indeedee|Indeedee-F, L50, F|100/100
|switch|p1b: Hatterene|Hatterene, L50, F|100/100
|switch|p2a: Grimmsnarl|Grimmsnarl, L50, M|100/100
|switch|p2b: Volcarona|Volcarona, L50, M|100/100
|-fieldstart|move: Psychic Terrain|[from] ability: Psychic Surge|[of] p1a: Indeedee
|-enditem|p1a: Indeedee|Psychic Seed
|-boost|p1a: Indeedee|spd|1|[from] item: Psychic Seed
|turn|1
|inactive|NEOLODO has 30 seconds left.
|inactive|NEOLODO has 20 seconds left.
|
|t:|1756454836
|move|p2a: Grimmsnarl|Light Screen|p2a: Grimmsnarl
|-sidestart|p2: AleMonnii|move: Light Screen
|move|p2b: Volcarona|Quiver Dance|p2b: Volcarona
|-boost|p2b: Volcarona|spa|1
|-boost|p2b: Volcarona|spd|1
|-boost|p2b: Volcarona|spe|1
|move|p1b: Hatterene|Expanding Force|p2b: Volcarona|[spread] p2b
|-immune|p2a: Grimmsnarl
|-crit|p2b: Volcarona
|-damage|p2b: Volcarona|9/100
|move|p1a: Indeedee|Trick Room|p1a: Indeedee
|-fieldstart|move: Trick Room|[of] p1a: Indeedee
|
|upkeep
|turn|2
|
|t:|1756454858
|switch|p2a: Rillaboom|Rillaboom, L50, F|100/100
|-fieldstart|move: Grassy Terrain|[from] ability: Grassy Surge|[of] p2a: Rillaboom
|-enditem|p2b: Volcarona|Grassy Seed
|-boost|p2b: Volcarona|def|1|[from] item: Grassy Seed
|move|p1a: Indeedee|Helping Hand|p1b: Hatterene
|-singleturn|p1b: Hatterene|Helping Hand|[of] p1a: Indeedee
|move|p2b: Volcarona|Protect|p2b: Volcarona
|-singleturn|p2b: Volcarona|Protect
|move|p1b: Hatterene|Dazzling Gleam|p2a: Rillaboom|[spread] p2a
|-activate|p2b: Volcarona|move: Protect
|-damage|p2a: Rillaboom|79/100
|
|-heal|p2a: Rillaboom|85/100|[from] Grassy Terrain
|-heal|p2b: Volcarona|14/100|[from] Grassy Terrain
|upkeep
|turn|3
|inactive|NEOLODO has 30 seconds left.
|
|t:|1756454890
|move|p1b: Hatterene|Expanding Force|p2a: Rillaboom
|-damage|p2a: Rillaboom|62/100
|move|p1a: Indeedee|Psychic|p2b: Volcarona
|-damage|p2b: Volcarona|1/100
|move|p2a: Rillaboom|U-turn|p1a: Indeedee
|-supereffective|p1a: Indeedee
|-damage|p1a: Indeedee|59/100
|
|t:|1756454898
|switch|p2a: Grimmsnarl|Grimmsnarl, L50, M|100/100|[from] U-turn
|move|p2b: Volcarona|Giga Drain|p1a: Indeedee
|-damage|p1a: Indeedee|24/100
|-heal|p2b: Volcarona|18/100|[from] drain|[of] p1a: Indeedee
|
|-heal|p1a: Indeedee|30/100|[from] Grassy Terrain
|-heal|p2b: Volcarona|24/100|[from] Grassy Terrain
|upkeep
|turn|4
|inactive|NEOLODO has 30 seconds left.
|inactive|NEOLODO has 20 seconds left.
|inactive|NEOLODO has 15 seconds left.
|
|t:|1756454941
|move|p1a: Indeedee|Helping Hand|p1b: Hatterene
|-singleturn|p1b: Hatterene|Helping Hand|[of] p1a: Indeedee
|move|p2b: Volcarona|Protect|p2b: Volcarona
|-singleturn|p2b: Volcarona|Protect
|move|p1b: Hatterene|Dazzling Gleam|p2a: Grimmsnarl|[spread] p2a
|-activate|p2b: Volcarona|move: Protect
|-supereffective|p2a: Grimmsnarl
|-damage|p2a: Grimmsnarl|38/100
|move|p2a: Grimmsnarl|Spirit Break|p1a: Indeedee
|-damage|p1a: Indeedee|0 fnt
|faint|p1a: Indeedee
|
|-heal|p2a: Grimmsnarl|44/100|[from] Grassy Terrain
|-heal|p2b: Volcarona|30/100|[from] Grassy Terrain
|upkeep
|
|t:|1756454958
|switch|p1a: Torkoal|Torkoal, L50, F|100/100
|-weather|SunnyDay|[from] ability: Drought|[of] p1a: Torkoal
|turn|5
|
|t:|1756454965
|-terastallize|p1a: Torkoal|Fire
|move|p2b: Volcarona|Protect|p2b: Volcarona
|-singleturn|p2b: Volcarona|Protect
|move|p2a: Grimmsnarl|Reflect|p2a: Grimmsnarl
|-sidestart|p2: AleMonnii|Reflect
|move|p1a: Torkoal|Eruption|p2a: Grimmsnarl|[spread] p2a
|-activate|p2b: Volcarona|move: Protect
|-damage|p2a: Grimmsnarl|0 fnt
|faint|p2a: Grimmsnarl
|move|p1b: Hatterene|Dazzling Gleam|p2b: Volcarona
|-activate|p2b: Volcarona|move: Protect
|
|-weather|SunnyDay|[upkeep]
|-heal|p2b: Volcarona|35/100|[from] Grassy Terrain
|-fieldend|move: Trick Room
|upkeep
|
|t:|1756454977
|switch|p2a: Rillaboom|Rillaboom, L50, F|62/100
|turn|6
|inactive|NEOLODO has 30 seconds left.
|inactive|NEOLODO has 20 seconds left.
|
|t:|1756455012
|switch|p1b: Ursaluna|Ursaluna, L50, F|100/100
|move|p2b: Volcarona|Heat Wave|p1a: Torkoal|[spread] p1a,p1b
|-resisted|p1a: Torkoal
|-damage|p1a: Torkoal|42/100
|-damage|p1b: Ursaluna|14/100
|move|p2a: Rillaboom|U-turn|p1b: Ursaluna
|-damage|p1b: Ursaluna|0 fnt
|faint|p1b: Ursaluna
|
|t:|1756455020
|switch|p2a: Gastrodon|Gastrodon-East, L50, M|100/100|[from] U-turn
|move|p1a: Torkoal|Heat Wave|p2a: Gastrodon|[spread] p2a,p2b
|-resisted|p2a: Gastrodon
|-damage|p2a: Gastrodon|77/100
|-damage|p2b: Volcarona|3/100
|
|-weather|SunnyDay|[upkeep]
|-heal|p2b: Volcarona|9/100|[from] Grassy Terrain
|-heal|p2a: Gastrodon|83/100|[from] Grassy Terrain
|-heal|p1a: Torkoal|49/100|[from] Grassy Terrain
|-fieldend|move: Grassy Terrain
|upkeep
|
|t:|1756455033
|switch|p1b: Hatterene|Hatterene, L50, F|100/100
|turn|7
|
|t:|1756455053
|move|p1a: Torkoal|Protect|p1a: Torkoal
|-singleturn|p1a: Torkoal|Protect
|move|p2b: Volcarona|Heat Wave|p1b: Hatterene|[spread] p1b
|-activate|p1a: Torkoal|move: Protect
|-damage|p1b: Hatterene|8/100
|move|p2a: Gastrodon|Earth Power|p1a: Torkoal
|-activate|p1a: Torkoal|move: Protect
|move|p1b: Hatterene|Dazzling Gleam|p2a: Gastrodon|[spread] p2a,p2b
|-crit|p2a: Gastrodon
|-resisted|p2b: Volcarona
|-damage|p2a: Gastrodon|34/100
|-damage|p2b: Volcarona|2/100
|-enditem|p2a: Gastrodon|Sitrus Berry|[eat]
|-heal|p2a: Gastrodon|59/100|[from] item: Sitrus Berry
|
|-weather|SunnyDay|[upkeep]
|upkeep
|turn|8
|
|t:|1756455072
|move|p2b: Volcarona|Giga Drain|p1b: Hatterene
|-damage|p1b: Hatterene|0 fnt
|-heal|p2b: Volcarona|5/100|[from] drain|[of] p1b: Hatterene
|faint|p1b: Hatterene
|move|p2a: Gastrodon|Earth Power|p1a: Torkoal
|-supereffective|p1a: Torkoal
|-damage|p1a: Torkoal|0 fnt
|faint|p1a: Torkoal
|
|win|AleMonnii
|l|☆AleMonnii
|player|p2|
||AleMonnii is ready for game 2.
