|j|☆itssobeak
|j|☆deltaco125
|html|itssobeakdeltaco125    
|uhtml|bestof|Game 1 of a best-of-3
|t:|1784322228
|gametype|doubles
|player|p1|itssobeak|birdkeeper|1040
|player|p2|deltaco125|266|1000
|gen|9
|tier|[Gen 9 Champions] VGC 2026 Reg M-B (Bo3)
|rated|
|rule|Species Clause: Limit one of each Pokémon
|rule|Item Clause: Limit 1 of each item
|clearpoke
|poke|p1|Staraptor, L50, F|
|poke|p1|Weavile, L50, F|
|poke|p1|Whimsicott, L50, F|
|poke|p1|Glimmora, L50, M|
|poke|p1|Kingambit, L50, M|
|poke|p1|Sinistcha, L50|
|poke|p2|Gengar, L50, F|
|poke|p2|Vanilluxe, L50, F|
|poke|p2|Greninja, L50, F|
|poke|p2|Incineroar, L50, F|
|poke|p2|Milotic, L50, F|
|poke|p2|Garchomp, L50, M|
|teampreview|4
|showteam|p1|Staraptor||Staraptite|Intimidate|BraveBird,CloseCombat,Uturn,Protect|Jolly||F|||50|]Weavile||WideLens|Pressure|KnockOff,TripleAxel,Taunt,FakeOut|Jolly||F|||50|]Whimsicott||FocusSash|Prankster|Moonblast,Tailwind,Encore,Tickle|Timid||F|||50|]Glimmora||Glimmoranite|ToxicDebris|PowerGem,SludgeBomb,EarthPower,SpikyShield|Timid||M|||50|]Kingambit||BlackGlasses|Defiant|KowtowCleave,SuckerPunch,SwordsDance,Protect|Adamant||M|||50|]Sinistcha||CobaBerry|Hospitality|MatchaGotcha,RagePowder,LifeDew,Protect|Bold|||||50|
|showteam|p2|Gengar||FocusSash|CursedBody|Protect,SludgeBomb,DestinyBond,ShadowBall|Timid||F|||50|]Vanilluxe||ChoiceScarf|SnowWarning|AuroraVeil,FreezeDry,Blizzard,IcyWind|Timid||F|||50|]Greninja||Greninjite|Protean|Protect,Blizzard,DarkPulse,LowKick|Hasty||F|||50|]Incineroar||SitrusBerry|Intimidate|PartingShot,ThroatChop,FakeOut,FlareBlitz|Adamant||F|||50|]Milotic||Leftovers|Competitive|Protect,Scald,IcyWind,Recover|Bold||F|||50|]Garchomp||LumBerry|RoughSkin|StompingTantrum,DragonClaw,RockSlide,Protect|Jolly||M|||50|
|inactive|Battle timer is ON: inactive players will automatically lose when time's up. (requested by itssobeak)
|
|t:|1784322269
|teamsize|p1|4
|teamsize|p2|4
|start
|switch|p1a: Weavile|Weavile, L50, F|100/100
|switch|p1b: Kingambit|Kingambit, L50, M|100/100
|switch|p2a: Vanilluxe|Vanilluxe, L50, F|100/100
|switch|p2b: Greninja|Greninja, L50, F|100/100
|-weather|Snowscape|[from] ability: Snow Warning|[of] p2a: Vanilluxe
|-ability|p1a: Weavile|Pressure
|turn|1
|inactive|deltaco125 has 30 seconds left.
|inactive|deltaco125 has 20 seconds left.
|inactive|deltaco125 has 15 seconds left.
|inactive|deltaco125 has 10 seconds left.
|inactive|deltaco125 has 5 seconds left.
|
|t:|1784322324
|move|p2b: Greninja|Protect|p2b: Greninja
|-start|p2b: Greninja|typechange|Normal|[from] ability: Protean
|-singleturn|p2b: Greninja|Protect
|move|p1a: Weavile|Fake Out|p2b: Greninja
|-activate|p2b: Greninja|move: Protect
|move|p2a: Vanilluxe|Aurora Veil|p2a: Vanilluxe
|-sidestart|p2: deltaco125|move: Aurora Veil
|move|p1b: Kingambit|Swords Dance|p1b: Kingambit
|-boost|p1b: Kingambit|atk|2
|
|-weather|Snowscape|[upkeep]
|upkeep
|turn|2
|inactive|itssobeak has 30 seconds left.
|inactive|deltaco125 has 30 seconds left.
|
|t:|1784322355
|switch|p2a: Incineroar|Incineroar, L50, F|100/100
|-ability|p2a: Incineroar|Intimidate|boost
|-unboost|p1a: Weavile|atk|1
|-unboost|p1b: Kingambit|atk|1
|-ability|p1b: Kingambit|Defiant|boost
|-boost|p1b: Kingambit|atk|2
|switch|p1a: Whimsicott|Whimsicott, L50, F|100/100
|switch|p2b: Milotic|Milotic, L50, F|100/100
|move|p1b: Kingambit|Protect||[still]
|-fail|p1b: Kingambit
|
|-weather|Snowscape|[upkeep]
|upkeep
|turn|3
|
|t:|1784322377
|switch|p1a: Staraptor|Staraptor, L50, F|100/100
|-ability|p1a: Staraptor|Intimidate|boost
|-unboost|p2a: Incineroar|atk|1
|-unboost|p2b: Milotic|atk|1
|-ability|p2b: Milotic|Competitive|boost
|-boost|p2b: Milotic|spa|2
|move|p2a: Incineroar|Fake Out|p1b: Kingambit
|-resisted|p1b: Kingambit|1
|-damage|p1b: Kingambit|96/100
|move|p2b: Milotic|Scald|p1b: Kingambit
|-damage|p1b: Kingambit|38/100
|cant|p1b: Kingambit|flinch
|
|-weather|Snowscape|[upkeep]
|upkeep
|turn|4
|inactive|itssobeak has 30 seconds left.
|
|t:|1784322410
|detailschange|p1a: Staraptor|Staraptor-Mega, L50, F
|-mega|p1a: Staraptor|Staraptor|Staraptite
|move|p1b: Kingambit|Sucker Punch|p2b: Milotic
|-damage|p2b: Milotic|41/100
|move|p1a: Staraptor|Close Combat|p2b: Milotic
|-damage|p2b: Milotic|9/100
|-boost|p1a: Staraptor|def|1
|-boost|p1a: Staraptor|spd|1
|move|p2b: Milotic|Scald|p1b: Kingambit
|-damage|p1b: Kingambit|0 fnt
|faint|p1b: Kingambit
|move|p2a: Incineroar|Parting Shot|p1a: Staraptor
|-boost|p1a: Staraptor|atk|1
|-boost|p1a: Staraptor|spa|1
|
|t:|1784322426
|switch|p2a: Vanilluxe|Vanilluxe, L50, F|100/100|[from] Parting Shot
|
|-weather|Snowscape|[upkeep]
|-heal|p2b: Milotic|15/100|[from] item: Leftovers
|upkeep
|
|t:|1784322443
|switch|p1b: Weavile|Weavile, L50, F|100/100
|-ability|p1b: Weavile|Pressure
|turn|5
|
|t:|1784322452
|move|p1b: Weavile|Fake Out|p2a: Vanilluxe
|-crit|p2a: Vanilluxe
|-damage|p2a: Vanilluxe|80/100
|cant|p2a: Vanilluxe|flinch
|move|p1a: Staraptor|Close Combat|p2b: Milotic
|-damage|p2b: Milotic|0 fnt
|-boost|p1a: Staraptor|def|1
|-boost|p1a: Staraptor|spd|1
|faint|p2b: Milotic
|
|-weather|none
|-sideend|p2: deltaco125|move: Aurora Veil
|upkeep
|
|t:|1784322464
|switch|p2b: Incineroar|Incineroar, L50, F|100/100
|-ability|p2b: Incineroar|Intimidate|boost
|-boost|p1a: Staraptor|atk|1
|-unboost|p1b: Weavile|atk|1
|turn|6
|-message|deltaco125 forfeited.
|
|win|itssobeak
