|j|☆ilbailodimatone
|j|☆ushitsune
|html|ilbailodimatoneushitsune    
|uhtml|bestof|Game 1 of a best-of-3
|t:|1757921010
|gametype|doubles
|player|p1|ilbailodimatone|265|1161
|player|p2|ushitsune|steven|1167
|gen|9
|tier|[Gen 9] VGC 2025 Reg H (Bo3)
|rated|
|rule|Species Clause: Limit one of each Pokémon
|rule|Item Clause: Limit 1 of each item
|clearpoke
|poke|p1|Ursaluna, L50, F|
|poke|p1|Jumpluff, L50, F|
|poke|p1|Charizard, L50, F|
|poke|p1|Torkoal, L50, F|
|poke|p1|Incineroar, L50, F|
|poke|p1|Porygon2, L50|
|poke|p2|Salamence, L50, F|
|poke|p2|Milotic, L50, M|
|poke|p2|Ninetales-Alola, L50, M|
|poke|p2|Volcarona, L50, F|
|poke|p2|Breloom, L50, M|
|poke|p2|Kingambit, L50, F|
|teampreview|4
|showteam|p1|Ursaluna||FlameOrb|Guts|HeadlongRush,Facade,Earthquake,Protect|||F|||50|,,,,,Ghost]Jumpluff||CovertCloak|Chlorophyll|SleepPowder,SunnyDay,Tailwind,RagePowder|||F|||50|,,,,,Water]Charizard||ChoiceSpecs|SolarPower|AirSlash,HeatWave,Overheat,WeatherBall|||F|||50|,,,,,Ghost]Torkoal||EjectPack|Drought|HelpingHand,Eruption,Overheat,Protect|||F|||50|,,,,,Fire]Incineroar||SitrusBerry|Intimidate|FakeOut,FlareBlitz,KnockOff,PartingShot|||F|||50|,,,,,Ghost]Porygon2||Eviolite|Download|TeraBlast,IceBeam,Recover,TrickRoom||||||50|,,,,,Fighting
|showteam|p2|Salamence||AssaultVest|Intimidate|DragonPulse,HydroPump,HeatWave,AirSlash|||F|||50|,,,,,Steel]Milotic||Leftovers|Competitive|Scald,IcyWind,Protect,Haze|||M|||50|,,,,,Dragon]Ninetales-Alola||LightClay|SnowWarning|AuroraVeil,FreezeDry,Protect,DazzlingGleam|||M|||50|,,,,,Ghost]Volcarona||CovertCloak|FlameBody|QuiverDance,StruggleBug,FieryDance,Tailwind|||F|||50|,,,,,Grass]Breloom||FocusSash|Technician|BulletSeed,MachPunch,Protect,Spore|||M|||50|,,,,,Stellar]Kingambit||BlackGlasses|Defiant|Protect,KowtowCleave,SuckerPunch,SwordsDance|||F|||50|,,,,,Dark
|
|t:|1757921034
|teamsize|p1|4
|teamsize|p2|4
|start
|switch|p1a: Jumpluff|Jumpluff, L50, F|100/100
|switch|p1b: Torkoal|Torkoal, L50, F|100/100
|switch|p2a: Salamence|Salamence, L50, F|100/100
|switch|p2b: Milotic|Milotic, L50, M, shiny|100/100
|-ability|p2a: Salamence|Intimidate|boost
|-unboost|p1a: Jumpluff|atk|1
|-unboost|p1b: Torkoal|atk|1
|-weather|SunnyDay|[from] ability: Drought|[of] p1b: Torkoal
|-enditem|p1b: Torkoal|Eject Pack
|
|t:|1757921051
|switch|p1b: Ursaluna|Ursaluna, L50, F|100/100
|turn|1
|
|t:|1757921060
|switch|p2a: Breloom|Breloom, L50, M|100/100
|move|p1b: Ursaluna|Protect|p1b: Ursaluna
|-singleturn|p1b: Ursaluna|Protect
|move|p1a: Jumpluff|Tailwind|p1a: Jumpluff
|-sidestart|p1: ilbailodimatone|move: Tailwind
|move|p2b: Milotic|Icy Wind|p1a: Jumpluff|[spread] p1a
|-activate|p1b: Ursaluna|move: Protect
|-supereffective|p1a: Jumpluff
|-damage|p1a: Jumpluff|60/100
|
|-weather|SunnyDay|[upkeep]
|-status|p1b: Ursaluna|brn|[from] item: Flame Orb
|upkeep
|turn|2
|
|t:|1757921078
|-terastallize|p1b: Ursaluna|Ghost
|move|p2b: Milotic|Protect|p2b: Milotic
|-singleturn|p2b: Milotic|Protect
|move|p1a: Jumpluff|Sleep Powder|p2b: Milotic
|-activate|p2b: Milotic|move: Protect
|move|p1b: Ursaluna|Facade|p2a: Breloom
|-enditem|p2a: Breloom|Focus Sash
|-damage|p2a: Breloom|1/100
|move|p2a: Breloom|Bullet Seed|p1b: Ursaluna
|-damage|p1b: Ursaluna|84/100 brn
|-damage|p1b: Ursaluna|70/100 brn
|-damage|p1b: Ursaluna|55/100 brn
|-damage|p1b: Ursaluna|38/100 brn
|-hitcount|p1b: Ursaluna|4
|
|-weather|SunnyDay|[upkeep]
|-damage|p1b: Ursaluna|32/100 brn|[from] brn
|upkeep
|turn|3
|
|t:|1757921098
|switch|p2b: Salamence|Salamence, L50, F|100/100
|-ability|p2b: Salamence|Intimidate|boost
|-unboost|p1a: Jumpluff|atk|1
|-unboost|p1b: Ursaluna|atk|1
|move|p2a: Breloom|Protect|p2a: Breloom
|-singleturn|p2a: Breloom|Protect
|move|p1a: Jumpluff|Sleep Powder|p2b: Salamence
|-status|p2b: Salamence|slp|[from] move: Sleep Powder
|move|p1b: Ursaluna|Earthquake|p2a: Breloom|[spread] 
|-activate|p2a: Breloom|move: Protect
|-immune|p1a: Jumpluff
|-immune|p2b: Salamence
|
|-weather|SunnyDay|[upkeep]
|-damage|p1b: Ursaluna|26/100 brn|[from] brn
|upkeep
|turn|4
|
|t:|1757921122
|move|p1a: Jumpluff|Rage Powder|p1a: Jumpluff
|-singleturn|p1a: Jumpluff|move: Rage Powder
|move|p1b: Ursaluna|Facade|p2b: Salamence
|-damage|p2b: Salamence|1/100 slp
|cant|p2b: Salamence|slp
|move|p2a: Breloom|Bullet Seed|p1b: Ursaluna
|-damage|p1b: Ursaluna|11/100 brn
|-damage|p1b: Ursaluna|0 fnt
|faint|p1b: Ursaluna
|-hitcount|p1: Ursaluna|2
|
|-weather|SunnyDay|[upkeep]
|-sideend|p1: ilbailodimatone|move: Tailwind
|upkeep
|
|t:|1757921131
|switch|p1b: Charizard|Charizard, L50, F|100/100
|turn|5
|
|t:|1757921153
|move|p2a: Breloom|Protect|p2a: Breloom
|-singleturn|p2a: Breloom|Protect
|move|p1a: Jumpluff|Tailwind|p1a: Jumpluff
|-sidestart|p1: ilbailodimatone|move: Tailwind
|move|p1b: Charizard|Heat Wave|p2a: Breloom|[spread] p2b
|-activate|p2a: Breloom|move: Protect
|-resisted|p2b: Salamence
|-damage|p2b: Salamence|0 fnt
|faint|p2b: Salamence
|
|-weather|none
|upkeep
|
|t:|1757921162
|switch|p2b: Milotic|Milotic, L50, M, shiny|100/100
|turn|6
|
|t:|1757921180
|move|p2a: Breloom|Mach Punch|p1a: Jumpluff
|-resisted|p1a: Jumpluff
|-damage|p1a: Jumpluff|40/100
|move|p1a: Jumpluff|Sunny Day|p1a: Jumpluff
|-weather|SunnyDay
|move|p1b: Charizard|Heat Wave|p2b: Milotic|[spread] p2a,p2b
|-supereffective|p2a: Breloom
|-resisted|p2b: Milotic
|-damage|p2a: Breloom|0 fnt
|-damage|p2b: Milotic|60/100
|faint|p2a: Breloom
|move|p2b: Milotic|Icy Wind|p1b: Charizard|[spread] p1a,p1b
|-supereffective|p1a: Jumpluff
|-damage|p1a: Jumpluff|0 fnt
|-damage|p1b: Charizard|88/100
|-unboost|p1b: Charizard|spe|1
|faint|p1a: Jumpluff
|
|-weather|SunnyDay|[upkeep]
|-damage|p1b: Charizard|75/100|[from] ability: Solar Power|[of] p1b: Charizard
|-heal|p2b: Milotic|66/100|[from] item: Leftovers
|upkeep
|
|t:|1757921196
|switch|p1a: Torkoal|Torkoal, L50, F|100/100
|switch|p2a: Ninetales|Ninetales-Alola, L50, M, shiny|100/100
|-weather|Snowscape|[from] ability: Snow Warning|[of] p2a: Ninetales
|-weather|SunnyDay|[from] ability: Drought|[of] p1a: Torkoal
|turn|7
|
|t:|1757921215
|-terastallize|p2a: Ninetales|Ghost
|move|p1b: Charizard|Heat Wave|p2b: Milotic|[spread] p2a,p2b
|-resisted|p2b: Milotic
|-damage|p2a: Ninetales|0 fnt
|-damage|p2b: Milotic|27/100
|faint|p2a: Ninetales
|move|p2b: Milotic|Scald|p1b: Charizard
|-supereffective|p1b: Charizard
|-damage|p1b: Charizard|32/100
|move|p1a: Torkoal|Eruption|p2b: Milotic
|-resisted|p2b: Milotic
|-damage|p2b: Milotic|0 fnt
|faint|p2b: Milotic
|
|win|ilbailodimatone
||ilbailodimatone is ready for game 2.
||ushitsune is ready for game 2.
|uhtml|next|Next: Game 2 of 3
|l|☆ushitsune
|player|p2|
|l|☆ilbailodimatone
|player|p1|
