|j|☆Sukzre
|j|☆tmjp01
|html|Sukzretmjp01    
|uhtml|bestof|Game 2 of a best-of-3
|t:|1782254348
|gametype|doubles
|player|p1|Sukzre|266|1138
|player|p2|tmjp01|102|1196
|gen|9
|tier|[Gen 9 Champions] VGC 2026 Reg M-B (Bo3)
|rated|
|rule|Species Clause: Limit one of each Pokémon
|rule|Item Clause: Limit 1 of each item
|clearpoke
|poke|p1|Tyranitar, L50, M|
|poke|p1|Sinistcha, L50|
|poke|p1|Rotom-Wash, L50|
|poke|p1|Excadrill, L50, M|
|poke|p1|Sneasler, L50, M|
|poke|p1|Clefable, L50, F|
|poke|p2|Corviknight, L50, F|
|poke|p2|Tyranitar, L50, F|
|poke|p2|Hydreigon, L50, F|
|poke|p2|Froslass, L50, F|
|poke|p2|Garchomp, L50, F|
|poke|p2|Arcanine-Hisui, L50, M|
|teampreview|4
|showteam|p1|Tyranitar||Tyranitarite|SandStream|RockSlide,KnockOff,Protect,DragonDance|Adamant||M|||50|]Sinistcha||ColburBerry|Hospitality|TrickRoom,MatchaGotcha,Protect,RagePowder|Bold|||||50|]Rotom-Wash||SitrusBerry|Levitate|WillOWisp,Thunderbolt,Protect,HydroPump|Bold|||||50|]Excadrill||LifeOrb|SandRush|Earthquake,Protect,IronHead,RockSlide|Adamant||M|||50|]Sneasler||WhiteHerb|Unburden|DireClaw,Coaching,CloseCombat,FakeOut|Jolly||M|||50|]Clefable||Leftovers|Unaware|Protect,AlluringVoice,FollowMe,Moonlight|Bold||F|||50|
|showteam|p2|Corviknight||OccaBerry|MirrorArmor|BraveBird,Protect,IronHead,Tailwind|Adamant||F|||50|]Tyranitar||Tyranitarite|SandStream|Protect,KnockOff,RockSlide,DragonDance|Adamant||F|||50|]Hydreigon||ChoiceScarf|Levitate|DarkPulse,DracoMeteor,EarthPower,ZenHeadbutt|Timid||F|||50|]Froslass||Froslassite|SnowCloak|Blizzard,Protect,ShadowBall,WeatherBall|Timid||F|||50|]Garchomp||LifeOrb|RoughSkin|Protect,DragonClaw,RockSlide,Earthquake|Jolly||F|||50|]Arcanine-Hisui||FocusSash|RockHead|Protect,HeadSmash,ExtremeSpeed,FlareBlitz|Adamant||M|||50|
|inactive|Battle timer is ON: inactive players will automatically lose when time's up. (requested by tmjp01)
|
|t:|1782254378
|teamsize|p1|4
|teamsize|p2|4
|start
|switch|p1a: Rotom|Rotom-Wash, L50|100/100
|switch|p1b: Sneasler|Sneasler, L50, M|100/100
|switch|p2a: Corviknight|Corviknight, L50, F|100/100
|switch|p2b: Arcanine|Arcanine-Hisui, L50, M|100/100
|turn|1
|
|t:|1782254393
|move|p2b: Arcanine|Protect|p2b: Arcanine
|-singleturn|p2b: Arcanine|Protect
|move|p2a: Corviknight|Protect|p2a: Corviknight
|-singleturn|p2a: Corviknight|Protect
|move|p1b: Sneasler|Fake Out|p2a: Corviknight
|-activate|p2a: Corviknight|move: Protect
|move|p1a: Rotom|Hydro Pump|p2b: Arcanine
|-activate|p2b: Arcanine|move: Protect
|
|upkeep
|turn|2
|
|t:|1782254407
|switch|p1b: Tyranitar|Tyranitar, L50, M|100/100
|-weather|Sandstorm|[from] ability: Sand Stream|[of] p1b: Tyranitar
|move|p2b: Arcanine|Head Smash|p1a: Rotom
|-damage|p1a: Rotom|34/100
|-enditem|p1a: Rotom|Sitrus Berry|[eat]
|-heal|p1a: Rotom|59/100|[from] item: Sitrus Berry
|move|p1a: Rotom|Hydro Pump|p2b: Arcanine
|-supereffective|p2b: Arcanine|2
|-enditem|p2b: Arcanine|Focus Sash
|-damage|p2b: Arcanine|1/100
|move|p2a: Corviknight|Brave Bird|p1b: Tyranitar
|-resisted|p1b: Tyranitar|1
|-damage|p1b: Tyranitar|84/100
|-damage|p2a: Corviknight|94/100|[from] Recoil
|
|-weather|Sandstorm|[upkeep]
|-damage|p1a: Rotom|53/100|[from] Sandstorm
|upkeep
|turn|3
|inactive|Sukzre has 30 seconds left.
|
|t:|1782254435
|detailschange|p1b: Tyranitar|Tyranitar-Mega, L50, M
|-mega|p1b: Tyranitar|Tyranitar|Tyranitarite
|move|p2b: Arcanine|Head Smash|p1a: Rotom
|-damage|p1a: Rotom|0 fnt
|faint|p1a: Rotom
|move|p1b: Tyranitar|Dragon Dance|p1b: Tyranitar
|-boost|p1b: Tyranitar|atk|1
|-boost|p1b: Tyranitar|spe|1
|move|p2a: Corviknight|Tailwind|p2a: Corviknight
|-sidestart|p2: tmjp01|move: Tailwind
|
|-weather|Sandstorm|[upkeep]
|upkeep
|
|t:|1782254445
|switch|p1a: Sneasler|Sneasler, L50, M|100/100
|turn|4
|inactive|tmjp01 has 30 seconds left.
|
|t:|1782254475
|move|p2b: Arcanine|Extreme Speed|p1a: Sneasler
|-damage|p1a: Sneasler|54/100
|move|p2a: Corviknight|Brave Bird|p1a: Sneasler
|-supereffective|p1a: Sneasler|1
|-damage|p1a: Sneasler|0 fnt
|faint|p1a: Sneasler
|-damage|p2a: Corviknight|80/100|[from] Recoil
|move|p1b: Tyranitar|Dragon Dance|p1b: Tyranitar
|-boost|p1b: Tyranitar|atk|1
|-boost|p1b: Tyranitar|spe|1
|
|-weather|Sandstorm|[upkeep]
|upkeep
|
|t:|1782254484
|switch|p1a: Sinistcha|Sinistcha, L50|100/100
|-heal|p1b: Tyranitar|100/100|[from] ability: Hospitality|[of] p1a: Sinistcha
|turn|5
|
|t:|1782254498
|move|p1a: Sinistcha|Protect|p1a: Sinistcha
|-singleturn|p1a: Sinistcha|Protect
|move|p2b: Arcanine|Flare Blitz|p1a: Sinistcha
|-activate|p1a: Sinistcha|move: Protect
|move|p1b: Tyranitar|Rock Slide|p2a: Corviknight|[spread] p2a,p2b
|-supereffective|p2b: Arcanine|1
|-damage|p2a: Corviknight|19/100
|-damage|p2b: Arcanine|0 fnt
|faint|p2b: Arcanine
|move|p2a: Corviknight|Brave Bird|p1a: Sinistcha
|-activate|p1a: Sinistcha|move: Protect
|
|-weather|Sandstorm|[upkeep]
|-damage|p1a: Sinistcha|93/100|[from] Sandstorm
|upkeep
|
|t:|1782254505
|switch|p2b: Froslass|Froslass, L50, F|100/100
|turn|6
|
|t:|1782254518
|detailschange|p2b: Froslass|Froslass-Mega, L50, F
|-mega|p2b: Froslass|Froslass|Froslassite
|-weather|Snowscape|[from] ability: Snow Warning|[of] p2b: Froslass
|move|p2b: Froslass|Blizzard|p1b: Tyranitar|[spread] p1a,p1b
|-supereffective|p1a: Sinistcha|1
|-damage|p1a: Sinistcha|9/100
|-damage|p1b: Tyranitar|65/100
|move|p1b: Tyranitar|Rock Slide|p2b: Froslass|[spread] p2a,p2b
|-supereffective|p2b: Froslass|1
|-damage|p2a: Corviknight|0 fnt
|-damage|p2b: Froslass|0 fnt
|faint|p2a: Corviknight
|faint|p2b: Froslass
|move|p1a: Sinistcha|Trick Room|p1a: Sinistcha
|-fieldstart|move: Trick Room|[of] p1a: Sinistcha
|
|-weather|Snowscape|[upkeep]
|-sideend|p2: tmjp01|move: Tailwind
|upkeep
|
|t:|1782254528
|switch|p2b: Garchomp|Garchomp, L50, F|100/100
|turn|7
|
|t:|1782254536
|move|p1a: Sinistcha|Rage Powder|p1a: Sinistcha
|-singleturn|p1a: Sinistcha|move: Rage Powder
|move|p2b: Garchomp|Earthquake|p1a: Sinistcha|[spread] p1a,p1b
|-resisted|p1a: Sinistcha|1
|-supereffective|p1b: Tyranitar|1
|-damage|p1a: Sinistcha|0 fnt
|-damage|p1b: Tyranitar|1/100
|faint|p1a: Sinistcha
|-damage|p2b: Garchomp|90/100|[from] item: Life Orb
|move|p1b: Tyranitar|Knock Off|p2b: Garchomp
|-damage|p2b: Garchomp|0 fnt
|-damage|p1b: Tyranitar|0 fnt|[from] ability: Rough Skin|[of] p2b: Garchomp
|-enditem|p2b: Garchomp|Life Orb|[from] move: Knock Off|[of] p1b: Tyranitar
|faint|p2b: Garchomp
|faint|p1b: Tyranitar
|
|win|Sukzre
|inactive|Sukzre has 30 seconds to confirm battle start!
|inactive|tmjp01 has 30 seconds to confirm battle start!
||Sukzre is ready for game 3.
||tmjp01 is ready for game 3.
|uhtml|next|Next: Game 3 of 3
|l|☆Sukzre
|player|p1|
