|j|☆PinkSpaceDragon
|j|☆THESENATE56
|html|PinkSpaceDragonTHESENATE56    
|uhtml|bestof|Game 3 of a best-of-3
|t:|1785777183
|gametype|doubles
|player|p1|PinkSpaceDragon|lass-gen4dp|1000
|player|p2|THESENATE56|lucas|1046
|gen|9
|tier|[Gen 9 Champions] VGC 2026 Reg M-B (Bo3)
|rated|
|rule|Species Clause: Limit one of each Pokémon
|rule|Item Clause: Limit 1 of each item
|clearpoke
|poke|p1|Charizard, L50, F|
|poke|p1|Tsareena, L50, F|
|poke|p1|Aromatisse, L50, M|
|poke|p1|Garchomp, L50, F|
|poke|p1|Kingambit, L50, F|
|poke|p1|Aerodactyl, L50, F|
|poke|p2|Meowstic, L50, M, shiny|
|poke|p2|Armarouge, L50, F, shiny|
|poke|p2|Incineroar, L50, M, shiny|
|poke|p2|Charizard, L50, M, shiny|
|poke|p2|Whimsicott, L50, F, shiny|
|poke|p2|Metagross, L50, shiny|
|teampreview|4
|showteam|p1|Charizard||CharizarditeY|Blaze|Protect,WeatherBall,HeatWave,SolarBeam|Modest||F|||50|]Tsareena||WideLens|QueenlyMajesty|Protect,TropKick,TripleAxel,LowKick|Adamant||F|||50|]Aromatisse||SitrusBerry|AromaVeil|Moonblast,HelpingHand,Encore,TrickRoom|Sassy||M|||50|]Garchomp||LifeOrb|RoughSkin|Protect,DragonClaw,Earthquake,RockSlide|Jolly||F|||50|]Kingambit||FocusSash|Defiant|KowtowCleave,IronHead,LowKick,SuckerPunch|Adamant||F|||50|]Aerodactyl||Aerodactylite|Unnerve|WideGuard,RockSlide,DualWingbeat,Tailwind|Jolly||F|||50|
|showteam|p2|Meowstic||Leftovers|Prankster|PsychicTerrain,FakeOut,FakeTears,Psychic|Sassy||M|||50|]Armarouge||LifeOrb|FlashFire|TrickRoom,ExpandingForce,Protect,HeatWave|Quiet||F|||50|]Incineroar||WhiteHerb|Intimidate|CloseCombat,FlareBlitz,FakeOut,Protect|Serious||M|||50|]Charizard||CharizarditeX|Blaze|FlareBlitz,DragonClaw,DragonDance,Protect|Adamant||M|||50|]Whimsicott||FocusSash|Prankster|Tailwind,SunnyDay,Moonblast,Encore|Modest||F|||50|]Metagross||Metagrossite|ClearBody|MeteorMash,StompingTantrum,Protect,PsychicFangs|Adamant|||||50|
|inactive|Battle timer is ON: inactive players will automatically lose when time's up. (requested by THESENATE56)
|
|t:|1785777217
|teamsize|p1|4
|teamsize|p2|4
|start
|switch|p1a: Garchomp|Garchomp, L50, F|100/100
|switch|p1b: Aerodactyl|Aerodactyl, L50, F|100/100
|switch|p2a: Charizard|Charizard, L50, M, shiny|100/100
|switch|p2b: Incineroar|Incineroar, L50, M, shiny|100/100
|-ability|p1b: Aerodactyl|Unnerve
|-ability|p2b: Incineroar|Intimidate|boost
|-unboost|p1a: Garchomp|atk|1
|-unboost|p1b: Aerodactyl|atk|1
|turn|1
|
|t:|1785777242
|detailschange|p1b: Aerodactyl|Aerodactyl-Mega, L50, F
|-mega|p1b: Aerodactyl|Aerodactyl|Aerodactylite
|move|p2b: Incineroar|Fake Out|p1b: Aerodactyl
|-resisted|p1b: Aerodactyl|1
|-damage|p1b: Aerodactyl|91/100
|cant|p1b: Aerodactyl|flinch
|move|p1a: Garchomp|Rock Slide|p2a: Charizard|[spread] p2a,p2b
|-supereffective|p2a: Charizard|2
|-supereffective|p2b: Incineroar|1
|-damage|p2a: Charizard|12/100
|-damage|p2b: Incineroar|67/100
|-damage|p1a: Garchomp|90/100|[from] item: Life Orb
|move|p2a: Charizard|Dragon Dance|p2a: Charizard
|-boost|p2a: Charizard|atk|1
|-boost|p2a: Charizard|spe|1
|
|upkeep
|turn|2
|inactive|PinkSpaceDragon has 30 seconds left.
|inactive|THESENATE56 has 30 seconds left.
|
|t:|1785777272
|detailschange|p2a: Charizard|Charizard-Mega-X, L50, M, shiny
|-mega|p2a: Charizard|Charizard|Charizardite X
|move|p1a: Garchomp|Protect|p1a: Garchomp
|-singleturn|p1a: Garchomp|Protect
|move|p2a: Charizard|Dragon Claw|p1a: Garchomp
|-activate|p1a: Garchomp|move: Protect
|move|p1b: Aerodactyl|Tailwind|p1b: Aerodactyl
|-sidestart|p1: PinkSpaceDragon|move: Tailwind
|move|p2b: Incineroar|Close Combat|p1b: Aerodactyl
|-damage|p1b: Aerodactyl|47/100
|-unboost|p2b: Incineroar|def|1
|-unboost|p2b: Incineroar|spd|1
|-enditem|p2b: Incineroar|White Herb
|-clearnegativeboost|p2b: Incineroar|[silent]
|
|upkeep
|turn|3
|inactive|THESENATE56 has 30 seconds left.
|
|t:|1785777299
|move|p2a: Charizard|Protect|p2a: Charizard
|-singleturn|p2a: Charizard|Protect
|move|p1b: Aerodactyl|Rock Slide|p2a: Charizard|[spread] p2b
|-activate|p2a: Charizard|move: Protect
|-supereffective|p2b: Incineroar|1
|-damage|p2b: Incineroar|32/100
|move|p1a: Garchomp|Earthquake|p2a: Charizard|[spread] p2b
|-activate|p2a: Charizard|move: Protect
|-immune|p1b: Aerodactyl
|-supereffective|p2b: Incineroar|1
|-damage|p2b: Incineroar|0 fnt
|faint|p2b: Incineroar
|-damage|p1a: Garchomp|80/100|[from] item: Life Orb
|
|upkeep
|
|t:|1785777315
|switch|p2b: Whimsicott|Whimsicott, L50, F, shiny|100/100
|turn|4
|
|t:|1785777321
|move|p2b: Whimsicott|Tailwind|p2b: Whimsicott
|-sidestart|p2: THESENATE56|move: Tailwind
|move|p2a: Charizard|Dragon Claw|p1b: Aerodactyl
|-damage|p1b: Aerodactyl|0 fnt
|faint|p1b: Aerodactyl
|move|p1a: Garchomp|Earthquake|p2a: Charizard|[spread] p2a,p2b
|-supereffective|p2a: Charizard|1
|-resisted|p2b: Whimsicott|1
|-damage|p2a: Charizard|0 fnt
|-damage|p2b: Whimsicott|76/100
|faint|p2a: Charizard
|-damage|p1a: Garchomp|70/100|[from] item: Life Orb
|
|upkeep
|
|t:|1785777333
|switch|p1b: Aromatisse|Aromatisse, L50, M|100/100
|switch|p2a: Metagross|Metagross, L50, shiny|100/100
|turn|5
|
|t:|1785777345
|switch|p1a: Kingambit|Kingambit, L50, F|100/100
|move|p2b: Whimsicott|Moonblast|p1a: Kingambit
|-damage|p1a: Kingambit|64/100
|move|p2a: Metagross|Meteor Mash|p1b: Aromatisse
|-supereffective|p1b: Aromatisse|1
|-damage|p1b: Aromatisse|7/100
|-enditem|p1b: Aromatisse|Sitrus Berry|[eat]
|-heal|p1b: Aromatisse|32/100|[from] item: Sitrus Berry
|move|p1b: Aromatisse|Trick Room|p1b: Aromatisse
|-fieldstart|move: Trick Room|[of] p1b: Aromatisse
|
|-sideend|p1: PinkSpaceDragon|move: Tailwind
|upkeep
|turn|6
|
|t:|1785777365
|move|p2a: Metagross|Protect|p2a: Metagross
|-singleturn|p2a: Metagross|Protect
|move|p1b: Aromatisse|Encore|p2a: Metagross
|-activate|p2a: Metagross|move: Protect
|move|p1a: Kingambit|Iron Head|p2b: Whimsicott
|-supereffective|p2b: Whimsicott|1
|-damage|p2b: Whimsicott|0 fnt
|faint|p2b: Whimsicott
|
|upkeep
|turn|7
|-message|THESENATE56 forfeited.
|
|win|PinkSpaceDragon
|raw|PinkSpaceDragon's rating: 1000 → 1045(+45 for winning)
|raw|THESENATE56's rating: 1046 → 1027(-19 for losing)
