|j|☆caevz027
|j|☆new mental
|html|caevz027new mental    
|uhtml|bestof|Game 3 of a best-of-3
|t:|1785159896
|gametype|doubles
|player|p1|caevz027|266|1124
|player|p2|new mental|volkner|1255
|gen|9
|tier|[Gen 9 Champions] VGC 2026 Reg M-B (Bo3)
|rated|
|rule|Species Clause: Limit one of each Pokémon
|rule|Item Clause: Limit 1 of each item
|clearpoke
|poke|p1|Corviknight, L50, M|
|poke|p1|Garchomp, L50, F|
|poke|p1|Tyranitar, L50, M|
|poke|p1|Raichu, L50, M|
|poke|p1|Sylveon, L50, M|
|poke|p1|Sinistcha-Masterpiece, L50|
|poke|p2|Charizard, L50, M|
|poke|p2|Garchomp, L50, M|
|poke|p2|Incineroar, L50, F|
|poke|p2|Venusaur, L50, M|
|poke|p2|Toxapex, L50, F|
|poke|p2|Sylveon, L50, F|
|teampreview|4
|showteam|p1|Corviknight||Leftovers|MirrorArmor|BraveBird,IronHead,Tailwind,Protect|Adamant||M|||50|]Garchomp||SitrusBerry|RoughSkin|DragonClaw,StompingTantrum,RockSlide,Protect|Adamant||F|||50|]Tyranitar||FocusSash|SandStream|RockSlide,KnockOff,LowKick,Protect|Adamant||M|||50|]Raichu||RaichuniteY|Static|ZapCannon,FocusBlast,FakeOut,Protect|Timid||M|||50|]Sylveon||FairyFeather|Pixilate|HyperVoice,Yawn,QuickAttack,Protect|Modest||M|||50|]Sinistcha-Masterpiece||KasibBerry|Hospitality|MatchaGotcha,ShadowBall,RagePowder,Protect|Modest|||||50|
|showteam|p2|Charizard||CharizarditeY|SolarPower|WeatherBall,HeatWave,AncientPower,Protect|Modest||M|||50|]Garchomp||ChoiceScarf|RoughSkin|RockSlide,DragonClaw,Earthquake,StompingTantrum|Adamant||M|||50|]Incineroar||SitrusBerry|Intimidate|FlareBlitz,FakeOut,DarkestLariat,PartingShot|Impish||F|||50|]Venusaur||LifeOrb|Chlorophyll|SludgeBomb,LeafStorm,EarthPower,Protect|Modest||M|||50|]Toxapex||Leftovers|Regenerator|Infestation,Toxic,WideGuard,BanefulBunker|Bold||F|||50|]Sylveon||FairyFeather|Pixilate|HyperVoice,QuickAttack,Yawn,Detect|Modest||F|||50|
|inactive|Battle timer is ON: inactive players will automatically lose when time's up. (requested by caevz027)
|inactive|new mental has 60 seconds left.
|inactive|new mental has 30 seconds left.
|
|t:|1785159977
|teamsize|p1|4
|teamsize|p2|4
|start
|switch|p1a: Raichu|Raichu, L50, M|100/100
|switch|p1b: Garchomp|Garchomp, L50, F|100/100
|switch|p2a: Incineroar|Incineroar, L50, F|100/100
|switch|p2b: Sylveon|Sylveon, L50, F|100/100
|-ability|p2a: Incineroar|Intimidate|boost
|-unboost|p1a: Raichu|atk|1
|-unboost|p1b: Garchomp|atk|1
|turn|1
|
|t:|1785159992
|switch|p1b: Corviknight|Corviknight, L50, M|100/100
|move|p1a: Raichu|Protect|p1a: Raichu
|-singleturn|p1a: Raichu|Protect
|move|p2a: Incineroar|Fake Out|p1a: Raichu
|-activate|p1a: Raichu|move: Protect
|move|p2b: Sylveon|Yawn|p1b: Corviknight
|-start|p1b: Corviknight|move: Yawn|[of] p2b: Sylveon
|
|upkeep
|turn|2
|
|t:|1785160010
|switch|p1b: Tyranitar|Tyranitar, L50, M|100/100
|-weather|Sandstorm|[from] ability: Sand Stream|[of] p1b: Tyranitar
|detailschange|p1a: Raichu|Raichu-Mega-Y, L50, M
|-mega|p1a: Raichu|Raichu|Raichunite Y
|move|p1a: Raichu|Focus Blast|p2a: Incineroar
|-supereffective|p2a: Incineroar|1
|-damage|p2a: Incineroar|22/100
|-enditem|p2a: Incineroar|Sitrus Berry|[eat]
|-heal|p2a: Incineroar|47/100|[from] item: Sitrus Berry
|move|p2b: Sylveon|Hyper Voice|p1a: Raichu|[spread] p1a,p1b
|-supereffective|p1b: Tyranitar|1
|-damage|p1a: Raichu|26/100
|-damage|p1b: Tyranitar|45/100
|move|p2a: Incineroar|Darkest Lariat|p1a: Raichu
|-damage|p1a: Raichu|0 fnt
|faint|p1a: Raichu
|
|-weather|Sandstorm|[upkeep]
|-damage|p2b: Sylveon|94/100|[from] Sandstorm
|-damage|p2a: Incineroar|41/100|[from] Sandstorm
|upkeep
|
|t:|1785160034
|switch|p1a: Corviknight|Corviknight, L50, M|100/100
|turn|3
|
|t:|1785160044
|switch|p2a: Toxapex|Toxapex, L50, F|100/100
|move|p2b: Sylveon|Detect|p2b: Sylveon
|-singleturn|p2b: Sylveon|Protect
|move|p1b: Tyranitar|Rock Slide|p2a: Toxapex|[spread] p2a
|-activate|p2b: Sylveon|move: Protect
|-damage|p2a: Toxapex|78/100
|move|p1a: Corviknight|Iron Head|p2b: Sylveon
|-activate|p2b: Sylveon|move: Protect
|
|-weather|Sandstorm|[upkeep]
|-damage|p2b: Sylveon|88/100|[from] Sandstorm
|-damage|p2a: Toxapex|72/100|[from] Sandstorm
|-heal|p2a: Toxapex|78/100|[from] item: Leftovers
|upkeep
|turn|4
|
|t:|1785160066
|move|p1b: Tyranitar|Protect|p1b: Tyranitar
|-singleturn|p1b: Tyranitar|Protect
|move|p1a: Corviknight|Iron Head|p2b: Sylveon
|-supereffective|p2b: Sylveon|1
|-damage|p2b: Sylveon|24/100
|move|p2b: Sylveon|Yawn|p1a: Corviknight
|-start|p1a: Corviknight|move: Yawn|[of] p2b: Sylveon
|move|p2a: Toxapex|Infestation|p1a: Corviknight
|-resisted|p1a: Corviknight|2
|-damage|p1a: Corviknight|99/100
|-activate|p1a: Corviknight|move: Infestation|[of] p2a: Toxapex
|
|-weather|Sandstorm|[upkeep]
|-damage|p2b: Sylveon|18/100|[from] Sandstorm
|-damage|p2a: Toxapex|72/100|[from] Sandstorm
|-heal|p1a: Corviknight|100/100|[from] item: Leftovers
|-heal|p2a: Toxapex|78/100|[from] item: Leftovers
|-damage|p1a: Corviknight|87/100|[from] move: Infestation|[partiallytrapped]
|upkeep
|turn|5
|
|t:|1785160088
|move|p2b: Sylveon|Detect|p2b: Sylveon
|-singleturn|p2b: Sylveon|Protect
|move|p1b: Tyranitar|Knock Off|p2a: Toxapex
|-damage|p2a: Toxapex|38/100
|-enditem|p2a: Toxapex|Leftovers|[from] move: Knock Off|[of] p1b: Tyranitar
|move|p1a: Corviknight|Iron Head|p2a: Toxapex
|-resisted|p2a: Toxapex|1
|-damage|p2a: Toxapex|26/100
|cant|p2a: Toxapex|flinch
|
|-weather|Sandstorm|[upkeep]
|-damage|p2b: Sylveon|12/100|[from] Sandstorm
|-damage|p2a: Toxapex|21/100|[from] Sandstorm
|-heal|p1a: Corviknight|93/100|[from] item: Leftovers
|-damage|p1a: Corviknight|81/100|[from] move: Infestation|[partiallytrapped]
|-end|p1a: Corviknight|move: Yawn|[silent]
|-status|p1a: Corviknight|slp
|upkeep
|turn|6
|
|t:|1785160112
|-heal|p2a: Toxapex|54/100|[from] ability: Regenerator|[silent]
|switch|p2a: Incineroar|Incineroar, L50, F|41/100
|-ability|p2a: Incineroar|Intimidate|boost
|-ability|p1a: Corviknight|Mirror Armor
|-unboost|p2a: Incineroar|atk|1
|-unboost|p1b: Tyranitar|atk|1
|move|p1b: Tyranitar|Rock Slide|p2a: Incineroar|[spread] p2a,p2b
|-supereffective|p2a: Incineroar|1
|-damage|p2a: Incineroar|5/100
|-damage|p2b: Sylveon|0 fnt
|faint|p2b: Sylveon
|cant|p1a: Corviknight|slp
|
|-weather|none
|-heal|p1a: Corviknight|87/100 slp|[from] item: Leftovers
|-end|p1a: Corviknight|Infestation|[partiallytrapped]|[silent]
|upkeep
|
|t:|1785160118
|switch|p2b: Charizard|Charizard, L50, M|100/100
|turn|7
|
|t:|1785160139
|switch|p1b: Garchomp|Garchomp, L50, F|100/100
|switch|p2a: Toxapex|Toxapex, L50, F|54/100
|detailschange|p2b: Charizard|Charizard-Mega-Y, L50, M
|-mega|p2b: Charizard|Charizard|Charizardite Y
|-weather|SunnyDay|[from] ability: Drought|[of] p2b: Charizard
|move|p2b: Charizard|Heat Wave|p1b: Garchomp|[spread] p1a,p1b
|-supereffective|p1a: Corviknight|1
|-resisted|p1b: Garchomp|1
|-damage|p1a: Corviknight|0 fnt
|-damage|p1b: Garchomp|71/100
|faint|p1a: Corviknight
|
|-weather|SunnyDay|[upkeep]
|upkeep
|
|t:|1785160154
|switch|p1a: Tyranitar|Tyranitar, L50, M|45/100
|-weather|Sandstorm|[from] ability: Sand Stream|[of] p1a: Tyranitar
|turn|8
|
|t:|1785160172
|switch|p2b: Incineroar|Incineroar, L50, F|5/100
|-ability|p2b: Incineroar|Intimidate|boost
|-unboost|p1a: Tyranitar|atk|1
|-unboost|p1b: Garchomp|atk|1
|move|p2a: Toxapex|Baneful Bunker|p2a: Toxapex
|-singleturn|p2a: Toxapex|move: Protect
|move|p1b: Garchomp|Stomping Tantrum|p2a: Toxapex
|-activate|p2a: Toxapex|move: Protect
|-status|p1b: Garchomp|psn
|move|p1a: Tyranitar|Knock Off|p2b: Incineroar
|-resisted|p2b: Incineroar|1
|-damage|p2b: Incineroar|0 fnt
|faint|p2b: Incineroar
|
|-weather|Sandstorm|[upkeep]
|-damage|p2a: Toxapex|48/100|[from] Sandstorm
|-damage|p1b: Garchomp|59/100 psn|[from] psn
|upkeep
|
|t:|1785160178
|switch|p2b: Charizard|Charizard-Mega-Y, L50, M|100/100
|-weather|SunnyDay|[from] ability: Drought|[of] p2b: Charizard
|turn|9
|
|t:|1785160197
|move|p2a: Toxapex|Wide Guard|p2a: Toxapex
|-singleturn|p2a: Toxapex|Wide Guard
|move|p1b: Garchomp|Dragon Claw|p2b: Charizard
|-damage|p2b: Charizard|75/100
|move|p2b: Charizard|Heat Wave|p1a: Tyranitar|[spread] p1a,p1b
|-resisted|p1a: Tyranitar|1
|-resisted|p1b: Garchomp|1
|-damage|p1a: Tyranitar|12/100
|-damage|p1b: Garchomp|31/100 psn
|-enditem|p1b: Garchomp|Sitrus Berry|[eat]
|-heal|p1b: Garchomp|56/100 psn|[from] item: Sitrus Berry
|move|p1a: Tyranitar|Knock Off|p2b: Charizard
|-damage|p2b: Charizard|53/100
|
|-weather|SunnyDay|[upkeep]
|-damage|p1b: Garchomp|43/100 psn|[from] psn
|upkeep
|turn|10
|
|t:|1785160216
|move|p2a: Toxapex|Wide Guard|p2a: Toxapex
|-singleturn|p2a: Toxapex|Wide Guard
|move|p1b: Garchomp|Rock Slide|p2b: Charizard|[spread] 
|-activate|p2a: Toxapex|move: Wide Guard
|-activate|p2b: Charizard|move: Wide Guard
|move|p2b: Charizard|Heat Wave|p1a: Tyranitar|[spread] p1a,p1b
|-resisted|p1a: Tyranitar|1
|-resisted|p1b: Garchomp|1
|-damage|p1a: Tyranitar|0 fnt
|-damage|p1b: Garchomp|12/100 psn
|faint|p1a: Tyranitar
|
|-weather|SunnyDay|[upkeep]
|-damage|p1b: Garchomp|1/100 psn|[from] psn
|upkeep
|turn|11
|-message|caevz027 forfeited.
|
|win|new mental
|raw|caevz027's rating: 1124 → 1108(-16 for losing)
|raw|new mental's rating: 1255 → 1271(+16 for winning)
