|j|☆G33KY
|j|☆Medina is free
|html|G33KYMedina is free    
|uhtml|bestof|Game 1 of a best-of-3
|t:|1785169515
|gametype|doubles
|player|p1|G33KY|supernerd|1023
|player|p2|Medina is free|169|1135
|gen|9
|tier|[Gen 9 Champions] VGC 2026 Reg M-B (Bo3)
|rated|
|rule|Species Clause: Limit one of each Pokémon
|rule|Item Clause: Limit 1 of each item
|clearpoke
|poke|p1|Staraptor, L50, F|
|poke|p1|Farigiraf, L50, M|
|poke|p1|Basculegion, L50, M|
|poke|p1|Gholdengo, L50|
|poke|p1|Incineroar, L50, F|
|poke|p1|Weavile, L50, M|
|poke|p2|Charizard, L50, M|
|poke|p2|Basculegion, L50, M|
|poke|p2|Gholdengo, L50|
|poke|p2|Garchomp, L50, M|
|poke|p2|Incineroar, L50, M|
|poke|p2|Whimsicott, L50, F|
|teampreview|4
|showteam|p1|Staraptor||Staraptite|Intimidate|CloseCombat,DualWingbeat,Protect,Roost|Jolly||F|||50|]Farigiraf||ColburBerry|ArmorTail|HelpingHand,Psychic,TrickRoom,Protect|Bold||M|||50|]Basculegion||ChoiceScarf|Adaptability|WaveCrash,AquaJet,LastRespects,FlipTurn|Jolly||M|||50|]Gholdengo||LifeOrb|GoodasGold|MakeItRain,NastyPlot,ShadowBall,Protect|Modest|||||50|]Incineroar||SitrusBerry|Intimidate|FakeOut,PartingShot,FlareBlitz,ThroatChop|Careful||F|||50|]Weavile||FocusSash|Pressure|FakeOut,Protect,KnockOff,IcicleCrash|Jolly||M|||50|
|showteam|p2|Charizard||CharizarditeY|Blaze|WeatherBall,HeatWave,SolarBeam,Protect|Modest||M|||50|]Basculegion||ChoiceScarf|Adaptability|WaveCrash,LastRespects,FlipTurn,AquaJet|Jolly||M|||50|]Gholdengo||SpellTag|GoodasGold|MakeItRain,ShadowBall,NastyPlot,Protect|Modest|||||50|]Garchomp||LifeOrb|RoughSkin|Earthquake,DragonClaw,RockSlide,Protect|Jolly||M|||50|]Incineroar||SitrusBerry|Intimidate|FakeOut,FlareBlitz,ThroatChop,PartingShot|Careful||M|||50|]Whimsicott||FocusSash|Prankster|Moonblast,Tailwind,Encore,Protect|Timid||F|||50|
|inactive|Battle timer is ON: inactive players will automatically lose when time's up. (requested by G33KY)
|inactive|G33KY has 60 seconds left.
|inactive|Medina is free has 60 seconds left.
|
|t:|1785169563
|teamsize|p1|4
|teamsize|p2|4
|start
|switch|p1a: Weavile|Weavile, L50, M|100/100
|switch|p1b: Incineroar|Incineroar, L50, F|100/100
|switch|p2a: Charizard|Charizard, L50, M|100/100
|switch|p2b: Incineroar|Incineroar, L50, M|100/100
|-ability|p1a: Weavile|Pressure
|-ability|p2b: Incineroar|Intimidate|boost
|-unboost|p1a: Weavile|atk|1
|-unboost|p1b: Incineroar|atk|1
|-ability|p1b: Incineroar|Intimidate|boost
|-unboost|p2a: Charizard|atk|1
|-unboost|p2b: Incineroar|atk|1
|turn|1
|inactive|G33KY has 30 seconds left.
|inactive|G33KY has 20 seconds left.
|inactive|Medina is free has 30 seconds left.
|
|t:|1785169603
|switch|p1a: Farigiraf|Farigiraf, L50, M|100/100
|move|p2a: Charizard|Protect|p2a: Charizard
|-singleturn|p2a: Charizard|Protect
|move|p2b: Incineroar|Flare Blitz|p1a: Farigiraf
|-damage|p1a: Farigiraf|77/100
|-damage|p2b: Incineroar|92/100|[from] Recoil
|move|p1b: Incineroar|Parting Shot|p2a: Charizard
|-activate|p2a: Charizard|move: Protect
|
|upkeep
|turn|2
|
|t:|1785169621
|detailschange|p2a: Charizard|Charizard-Mega-Y, L50, M
|-mega|p2a: Charizard|Charizard|Charizardite Y
|-weather|SunnyDay|[from] ability: Drought|[of] p2a: Charizard
|move|p2a: Charizard|Heat Wave|p1a: Farigiraf|[spread] p1a,p1b
|-resisted|p1b: Incineroar|1
|-damage|p1a: Farigiraf|24/100
|-damage|p1b: Incineroar|74/100
|move|p2b: Incineroar|Flare Blitz|p1a: Farigiraf
|-damage|p1a: Farigiraf|0 fnt
|faint|p1a: Farigiraf
|-damage|p2b: Incineroar|83/100|[from] Recoil
|move|p1b: Incineroar|Parting Shot|p2a: Charizard
|-unboost|p2a: Charizard|atk|1
|-unboost|p2a: Charizard|spa|1
|
|t:|1785169632
|switch|p1b: Staraptor|Staraptor, L50, F|100/100|[from] Parting Shot
|-ability|p1b: Staraptor|Intimidate|boost
|-unboost|p2a: Charizard|atk|1
|-unboost|p2b: Incineroar|atk|1
|
|-weather|SunnyDay|[upkeep]
|upkeep
|
|t:|1785169636
|switch|p1a: Weavile|Weavile, L50, M|100/100
|-ability|p1a: Weavile|Pressure
|turn|3
|
|t:|1785169652
|detailschange|p1b: Staraptor|Staraptor-Mega, L50, F
|-mega|p1b: Staraptor|Staraptor|Staraptite
|move|p2a: Charizard|Protect|p2a: Charizard
|-singleturn|p2a: Charizard|Protect
|move|p1a: Weavile|Fake Out|p2a: Charizard
|-activate|p2a: Charizard|move: Protect
|move|p1b: Staraptor|Close Combat|p2b: Incineroar
|-supereffective|p2b: Incineroar|1
|-damage|p2b: Incineroar|0 fnt
|-boost|p1b: Staraptor|def|1
|-boost|p1b: Staraptor|spd|1
|faint|p2b: Incineroar
|
|-weather|SunnyDay|[upkeep]
|upkeep
|
|t:|1785169664
|switch|p2b: Whimsicott|Whimsicott, L50, F|100/100
|turn|4
|
|t:|1785169678
|switch|p1a: Incineroar|Incineroar, L50, F|74/100
|-ability|p1a: Incineroar|Intimidate|boost
|-unboost|p2a: Charizard|atk|1
|-unboost|p2b: Whimsicott|atk|1
|move|p2b: Whimsicott|Tailwind|p2b: Whimsicott
|-sidestart|p2: Medina is free|move: Tailwind
|move|p2a: Charizard|Heat Wave|p1a: Incineroar|[spread] p1a,p1b
|-resisted|p1a: Incineroar|1
|-crit|p1a: Incineroar
|-damage|p1a: Incineroar|42/100
|-damage|p1b: Staraptor|67/100
|-enditem|p1a: Incineroar|Sitrus Berry|[eat]
|-heal|p1a: Incineroar|66/100|[from] item: Sitrus Berry
|move|p1b: Staraptor|Dual Wingbeat|p2b: Whimsicott
|-supereffective|p2b: Whimsicott|1
|-damage|p2b: Whimsicott|37/100
|-supereffective|p2b: Whimsicott|1
|-damage|p2b: Whimsicott|0 fnt
|faint|p2b: Whimsicott
|-hitcount|p2: Whimsicott|2
|
|-weather|SunnyDay|[upkeep]
|upkeep
|
|t:|1785169692
|switch|p2b: Basculegion|Basculegion, L50, M|100/100
|turn|5
|
|t:|1785169703
|move|p2a: Charizard|Protect|p2a: Charizard
|-singleturn|p2a: Charizard|Protect
|move|p1a: Incineroar|Fake Out|p2a: Charizard
|-activate|p2a: Charizard|move: Protect
|move|p2b: Basculegion|Last Respects|p1b: Staraptor
|-damage|p1b: Staraptor|1/100
|move|p1b: Staraptor|Dual Wingbeat|p2b: Basculegion|[miss]
|-miss|p1b: Staraptor|p2b: Basculegion
|
|-weather|SunnyDay|[upkeep]
|upkeep
|turn|6
|j| tedidn
|
|t:|1785169727
|move|p1b: Staraptor|Protect|p1b: Staraptor
|-singleturn|p1b: Staraptor|Protect
|move|p2b: Basculegion|Last Respects|p1a: Incineroar
|-resisted|p1a: Incineroar|1
|-damage|p1a: Incineroar|27/100
|move|p2a: Charizard|Weather Ball|p1b: Staraptor
|-activate|p1b: Staraptor|move: Protect
|move|p1a: Incineroar|Throat Chop|p2b: Basculegion
|-supereffective|p2b: Basculegion|1
|-damage|p2b: Basculegion|32/100
|-start|p2b: Basculegion|Throat Chop|[silent]
|
|-weather|none
|upkeep
|turn|7
|inactive|G33KY has 30 seconds left.
|inactive|G33KY has 20 seconds left.
|
|t:|1785169763
|move|p2b: Basculegion|Last Respects|p1a: Incineroar
|-resisted|p1a: Incineroar|1
|-damage|p1a: Incineroar|0 fnt
|faint|p1a: Incineroar
|move|p2a: Charizard|Weather Ball|p1b: Staraptor
|-damage|p1b: Staraptor|0 fnt
|faint|p1b: Staraptor
|
|-end|p2b: Basculegion|Throat Chop|[silent]
|-sideend|p2: Medina is free|move: Tailwind
|upkeep
|
|t:|1785169769
|switch|p1a: Weavile|Weavile, L50, M|100/100
|-ability|p1a: Weavile|Pressure
|turn|8
|
|t:|1785169781
|move|p2b: Basculegion|Last Respects|p1a: Weavile
|-resisted|p1a: Weavile|1
|-damage|p1a: Weavile|22/100
|move|p1a: Weavile|Icicle Crash|p2a: Charizard
|-damage|p2a: Charizard|49/100
|move|p2a: Charizard|Heat Wave|p1a: Weavile
|-supereffective|p1a: Weavile|1
|-damage|p1a: Weavile|0 fnt
|faint|p1a: Weavile
|
|win|Medina is free
