|j|☆mumumunchlax
|j|☆colemarcusvgc
|html|mumumunchlaxcolemarcusvgc    
|uhtml|bestof|Game 1 of a best-of-3
|t:|1757129442
|gametype|doubles
|player|p1|mumumunchlax|265|1159
|player|p2|colemarcusvgc|n|1108
|gen|9
|tier|[Gen 9] VGC 2025 Reg H (Bo3)
|rated|
|rule|Species Clause: Limit one of each Pokémon
|rule|Item Clause: Limit 1 of each item
|clearpoke
|poke|p1|Porygon2, L50|
|poke|p1|Incineroar, L50, M|
|poke|p1|Primarina, L50, M|
|poke|p1|Ursaluna, L50, F|
|poke|p1|Sinistcha, L50|
|poke|p1|Gholdengo, L50|
|poke|p2|Indeedee-F, L50, F|
|poke|p2|Hatterene, L50, F|
|poke|p2|Gallade, L50, M|
|poke|p2|Ursaluna, L50, M|
|poke|p2|Lilligant-Hisui, L50, F|
|poke|p2|Torkoal, L50, M|
|teampreview|4
|showteam|p1|Porygon2||Eviolite|Download|TrickRoom,Protect,Recover,IceBeam||||||50|,,,,,Flying]Incineroar||SafetyGoggles|Intimidate|FakeOut,Protect,PartingShot,FlareBlitz|||M|||50|,,,,,Water]Primarina||SplashPlate|LiquidVoice|HyperVoice,HelpingHand,Protect,Moonblast|||M|||50|,,,,,Water]Ursaluna||FlameOrb|Guts|Facade,HeadlongRush,Protect,Earthquake|||F|||50|,,,,,Ghost]Sinistcha||Leftovers|Hospitality|RagePowder,MatchaGotcha,StrengthSap,LifeDew||||||50|,,,,,Water]Gholdengo||LifeOrb|GoodasGold|Protect,ShadowBall,MakeItRain,Thunder||||||50|,,,,,Electric
|showteam|p2|Indeedee-F||PsychicSeed|PsychicSurge|TrickRoom,FollowMe,HelpingHand,DazzlingGleam|||F|||50|,,,,,Fire]Hatterene||LifeOrb|MagicBounce|ExpandingForce,TrickRoom,DazzlingGleam,Protect|||F|||50|,,,,,Psychic]Gallade||ClearAmulet|Sharpness|SacredSword,PsychoCut,TrickRoom,WideGuard|||M|||50|,,,,,Grass]Ursaluna||FlameOrb|Guts|HeadlongRush,Facade,SwordsDance,Protect|||M|||50|,,,,,Ghost]Lilligant-Hisui||FocusSash|Chlorophyll|SolarBlade,SleepPowder,CloseCombat,AfterYou|||F|||50|,,,,,Ghost]Torkoal||ChoiceSpecs|Drought|Eruption,HeatWave,WeatherBall,EarthPower|||M|||50|,,,,,Fire
|inactive|Battle timer is ON: inactive players will automatically lose when time's up. (requested by mumumunchlax)
|inactive|colemarcusvgc also wants the timer to be on.
|inactive|mumumunchlax has 60 seconds left.
|
|t:|1757129479
|teamsize|p1|4
|teamsize|p2|4
|start
|switch|p1a: Primarina|Primarina, L50, M|100/100
|switch|p1b: Gholdengo|Gholdengo, L50|100/100
|switch|p2a: Lilligant|Lilligant-Hisui, L50, F|100/100
|switch|p2b: Torkoal|Torkoal, L50, M|100/100
|-weather|SunnyDay|[from] ability: Drought|[of] p2b: Torkoal
|turn|1
|
|t:|1757129501
|switch|p2b: Indeedee|Indeedee-F, L50, F|100/100
|-fieldstart|move: Psychic Terrain|[from] ability: Psychic Surge|[of] p2b: Indeedee
|-enditem|p2b: Indeedee|Psychic Seed
|-boost|p2b: Indeedee|spd|1|[from] item: Psychic Seed
|-terastallize|p1b: Gholdengo|Electric
|move|p1a: Primarina|Protect|p1a: Primarina
|-singleturn|p1a: Primarina|Protect
|move|p2a: Lilligant|Solar Blade||[still]
|-prepare|p2a: Lilligant|Solar Blade
|-anim|p2a: Lilligant|Solar Blade|p1a: Primarina
|-activate|p1a: Primarina|move: Protect
|move|p1b: Gholdengo|Thunder|p2b: Indeedee
|-damage|p2b: Indeedee|52/100
|-damage|p1b: Gholdengo|91/100|[from] item: Life Orb
|
|-weather|SunnyDay|[upkeep]
|upkeep
|turn|2
|inactive|mumumunchlax has 30 seconds left.
|
|t:|1757129528
|switch|p1a: Incineroar|Incineroar, L50, M|100/100
|-ability|p1a: Incineroar|Intimidate|boost
|-unboost|p2a: Lilligant|atk|1
|-unboost|p2b: Indeedee|atk|1
|move|p2a: Lilligant|Solar Blade||[still]
|-prepare|p2a: Lilligant|Solar Blade
|-anim|p2a: Lilligant|Solar Blade|p1a: Incineroar
|-resisted|p1a: Incineroar
|-damage|p1a: Incineroar|82/100
|move|p1b: Gholdengo|Make It Rain|p2a: Lilligant|[spread] p2a,p2b
|-damage|p2a: Lilligant|7/100
|-damage|p2b: Indeedee|13/100
|-unboost|p1b: Gholdengo|spa|1
|-damage|p1b: Gholdengo|81/100|[from] item: Life Orb
|move|p2b: Indeedee|Trick Room|p2b: Indeedee
|-fieldstart|move: Trick Room|[of] p2b: Indeedee
|
|-weather|SunnyDay|[upkeep]
|upkeep
|turn|3
|inactive|mumumunchlax has 30 seconds left.
|inactive|mumumunchlax has 20 seconds left.
|
|t:|1757129567
|switch|p2b: Gallade|Gallade, L50, M|100/100
|switch|p1b: Ursaluna|Ursaluna, L50, F|100/100
|switch|p2a: Torkoal|Torkoal, L50, M|100/100
|move|p1a: Incineroar|Flare Blitz|p2b: Gallade
|-damage|p2b: Gallade|0 fnt
|faint|p2b: Gallade
|-damage|p1a: Incineroar|51/100|[from] Recoil
|
|-weather|SunnyDay|[upkeep]
|-status|p1b: Ursaluna|brn|[from] item: Flame Orb
|upkeep
|
|t:|1757129579
|switch|p2b: Lilligant|Lilligant-Hisui, L50, F|7/100
|turn|4
|
|t:|1757129593
|-terastallize|p2a: Torkoal|Fire
|move|p2a: Torkoal|Eruption|p1a: Incineroar|[spread] p1a,p1b
|-resisted|p1a: Incineroar
|-damage|p1a: Incineroar|0 fnt
|-damage|p1b: Ursaluna|0 fnt
|faint|p1a: Incineroar
|faint|p1b: Ursaluna
|move|p2b: Lilligant|Solar Blade||[still]
|-prepare|p2b: Lilligant|Solar Blade
|-anim|p2b: Lilligant|Solar Blade|p1: Incineroar|[notarget]
|-fail|p2b: Lilligant
|
|-weather|SunnyDay|[upkeep]
|upkeep
|
|t:|1757129601
|switch|p1b: Gholdengo|Gholdengo, L50, tera:Electric|81/100
|switch|p1a: Primarina|Primarina, L50, M|100/100
|turn|5
|
|t:|1757129612
|move|p2a: Torkoal|Eruption|p1b: Gholdengo|[spread] p1a,p1b
|-resisted|p1a: Primarina
|-damage|p1a: Primarina|32/100
|-damage|p1b: Gholdengo|0 fnt
|faint|p1b: Gholdengo
|move|p1a: Primarina|Hyper Voice|p2a: Torkoal|[spread] p2a,p2b
|-supereffective|p2a: Torkoal
|-crit|p2a: Torkoal
|-resisted|p2b: Lilligant
|-damage|p2a: Torkoal|16/100
|-damage|p2b: Lilligant|0 fnt
|faint|p2b: Lilligant
|
|-weather|none
|-fieldend|move: Psychic Terrain
|upkeep
|
|t:|1757129622
|switch|p2b: Indeedee|Indeedee-F, L50, F|13/100
|-fieldstart|move: Psychic Terrain|[from] ability: Psychic Surge|[of] p2b: Indeedee
|turn|6
|
|t:|1757129630
|move|p1a: Primarina|Protect|p1a: Primarina
|-singleturn|p1a: Primarina|Protect
|move|p2a: Torkoal|Eruption|p1a: Primarina
|-activate|p1a: Primarina|move: Protect
|move|p2b: Indeedee|Dazzling Gleam|p1a: Primarina
|-activate|p1a: Primarina|move: Protect
|
|-fieldend|move: Trick Room
|upkeep
|turn|7
|
|t:|1757129642
|move|p1a: Primarina|Hyper Voice|p2a: Torkoal|[spread] p2a,p2b
|-supereffective|p2a: Torkoal
|-damage|p2a: Torkoal|0 fnt
|-damage|p2b: Indeedee|0 fnt
|faint|p2a: Torkoal
|faint|p2b: Indeedee
|
|win|mumumunchlax
