|j|☆Jessditta
|j|☆dont make me walk
|html|Jessdittadont make me walk    
|uhtml|bestof|Game 1 of a best-of-3
|t:|1756477523
|gametype|doubles
|player|p1|Jessditta|hilda|1208
|player|p2|dont make me walk|red-masters3|1231
|gen|9
|tier|[Gen 9] VGC 2025 Reg H (Bo3)
|rated|
|rule|Species Clause: Limit one of each Pokémon
|rule|Item Clause: Limit 1 of each item
|clearpoke
|poke|p1|Indeedee, L50, M|
|poke|p1|Dondozo, L50, M|
|poke|p1|Weezing-Galar, L50, M|
|poke|p1|Tatsugiri-Droopy, L50, F|
|poke|p1|Typhlosion-Hisui, L50, F|
|poke|p1|Sneasler, L50, M|
|poke|p2|Ursaluna-Bloodmoon, L50, M|
|poke|p2|Indeedee, L50, M|
|poke|p2|Sneasler, L50, F|
|poke|p2|Incineroar, L50, M|
|poke|p2|Electabuzz, L50, M|
|poke|p2|Talonflame, L50, M|
|teampreview|4
|showteam|p1|Indeedee||ChoiceSpecs|PsychicSurge|ExpandingForce,DazzlingGleam,ShadowBall,Trick|||M|||50|,,,,,Psychic]Dondozo||Leftovers|Unaware|OrderUp,BodyPress,Earthquake,Protect|||M|||50|,,,,,Grass]Weezing-Galar||CovertCloak|NeutralizingGas|StrangeSteam,ToxicSpikes,PoisonGas,Protect|||M|||50|,,,,,Dark]Tatsugiri-Droopy||FocusSash|Commander|DracoMeteor,MuddyWater,HelpingHand,Protect|||F|||50|,,,,,Stellar]Typhlosion-Hisui||ChoiceScarf|Blaze|Eruption,ShadowBall,HeatWave,BlastBurn|||F|||50|,,,,,Fire]Sneasler||PsychicSeed|Unburden|DireClaw,CloseCombat,Acrobatics,FakeOut|||M|||50|,,,,,Fighting
|showteam|p2|Ursaluna-Bloodmoon||LifeOrb|MindsEye|Protect,EarthPower,HyperVoice,BloodMoon|||M|||50|,,,,,Normal]Indeedee||FocusSash|PsychicSurge|ExpandingForce,TeraBlast,TrickRoom,Protect|||M|||50|,,,,,Fighting]Sneasler||PsychicSeed|Unburden|DireClaw,CloseCombat,ThroatChop,Protect|||F|||50|,,,,,Dark]Incineroar||AssaultVest|Intimidate|FakeOut,KnockOff,FlareBlitz,Uturn|||M|||50|,,,,,Grass]Electabuzz||Eviolite|VitalSpirit|Electroweb,Taunt,FollowMe,Protect|||M|||50|,,,,,Ghost]Talonflame||CovertCloak|GaleWings|FlareBlitz,DualWingbeat,WillOWisp,Tailwind|||M|||50|,,,,,Fairy
|inactive|Battle timer is ON: inactive players will automatically lose when time's up. (requested by dont make me walk)
|inactive|Jessditta has 60 seconds left.
|inactive|dont make me walk has 60 seconds left.
|
|t:|1756477566
|teamsize|p1|4
|teamsize|p2|4
|start
|switch|p1a: Typhlosion|Typhlosion-Hisui, L50, F|100/100
|switch|p1b: Is Pringles|Weezing-Galar, L50, M, shiny|100/100
|switch|p2a: Indeedee|Indeedee, L50, M|100/100
|switch|p2b: Sneasler|Sneasler, L50, F|100/100
|-ability|p1b: Is Pringles|Neutralizing Gas
|turn|1
|inactive|Jessditta has 30 seconds left.
|
|t:|1756477598
|-terastallize|p1a: Typhlosion|Fire
|move|p2b: Sneasler|Protect|p2b: Sneasler
|-singleturn|p2b: Sneasler|Protect
|move|p1a: Typhlosion|Eruption|p2a: Indeedee|[spread] p2a
|-activate|p2b: Sneasler|move: Protect
|-enditem|p2a: Indeedee|Focus Sash
|-damage|p2a: Indeedee|1/100
|move|p1b: Is Pringles|Poison Gas|p2a: Indeedee|[spread] p2a
|-activate|p2b: Sneasler|move: Protect
|-status|p2a: Indeedee|psn
|move|p2a: Indeedee|Trick Room|p2a: Indeedee
|-fieldstart|move: Trick Room|[of] p2a: Indeedee
|
|-damage|p2a: Indeedee|0 fnt|[from] psn
|faint|p2a: Indeedee
|upkeep
|
|t:|1756477605
|switch|p2a: Ursaluna|Ursaluna-Bloodmoon, L50, M|100/100
|turn|2
|
|t:|1756477618
|-end|p1b: Is Pringles|ability: Neutralizing Gas
|switch|p1b: Is Good|Tatsugiri-Droopy, L50, F, shiny|100/100
|switch|p1a: Is Don|Dondozo, L50, M|100/100
|-activate|p1b: Is Good|ability: Commander|[of] p1a: Is Don
|-boost|p1a: Is Don|atk|2
|-boost|p1a: Is Don|spa|2
|-boost|p1a: Is Don|spe|2
|-boost|p1a: Is Don|def|2
|-boost|p1a: Is Don|spd|2
|-terastallize|p2a: Ursaluna|Normal
|move|p2a: Ursaluna|Hyper Voice|p1a: Is Don|[spread] p1a
|-miss|p2a: Ursaluna|p1b: Is Good
|-damage|p1a: Is Don|76/100
|-damage|p2a: Ursaluna|91/100|[from] item: Life Orb
|move|p2b: Sneasler|Dire Claw|p1b: Is Good|[miss]
|-miss|p2b: Sneasler|p1b: Is Good
|
|-heal|p1a: Is Don|83/100|[from] item: Leftovers
|upkeep
|turn|3
|
|t:|1756477632
|move|p2a: Ursaluna|Protect|p2a: Ursaluna
|-singleturn|p2a: Ursaluna|Protect
|move|p2b: Sneasler|Protect|p2b: Sneasler
|-singleturn|p2b: Sneasler|Protect
|move|p1a: Is Don|Earthquake|p2b: Sneasler|[spread] 
|-miss|p1a: Is Don|p1b: Is Good
|-activate|p2a: Ursaluna|move: Protect
|-activate|p2b: Sneasler|move: Protect
|
|-heal|p1a: Is Don|89/100|[from] item: Leftovers
|upkeep
|turn|4
|
|t:|1756477639
|switch|p2b: Talonflame|Talonflame, L50, M|100/100
|move|p2a: Ursaluna|Blood Moon|p1a: Is Don
|-damage|p1a: Is Don|34/100
|-damage|p2a: Ursaluna|81/100|[from] item: Life Orb
|move|p1a: Is Don|Earthquake|p2a: Ursaluna|[spread] p2a
|-miss|p1a: Is Don|p1b: Is Good
|-immune|p2b: Talonflame
|-damage|p2a: Ursaluna|54/100
|
|-heal|p1a: Is Don|41/100|[from] item: Leftovers
|upkeep
|turn|5
|
|t:|1756477655
|move|p2a: Ursaluna|Protect|p2a: Ursaluna
|-singleturn|p2a: Ursaluna|Protect
|move|p2b: Talonflame|Tailwind|p2b: Talonflame
|-sidestart|p2: dont make me walk|move: Tailwind
|move|p1a: Is Don|Body Press|p2a: Ursaluna
|-activate|p2a: Ursaluna|move: Protect
|
|-heal|p1a: Is Don|47/100|[from] item: Leftovers
|-fieldend|move: Trick Room
|upkeep
|turn|6
|
|t:|1756477664
|move|p2b: Talonflame|Will-O-Wisp|p1a: Is Don
|-status|p1a: Is Don|brn
|move|p2a: Ursaluna|Hyper Voice|p1a: Is Don|[spread] p1a
|-miss|p2a: Ursaluna|p1b: Is Good
|-damage|p1a: Is Don|22/100 brn
|-damage|p2a: Ursaluna|45/100|[from] item: Life Orb
|move|p1a: Is Don|Body Press|p2a: Ursaluna
|-supereffective|p2a: Ursaluna
|-damage|p2a: Ursaluna|11/100
|
|-heal|p1a: Is Don|28/100 brn|[from] item: Leftovers
|-damage|p1a: Is Don|22/100 brn|[from] brn
|upkeep
|turn|7
|
|t:|1756477684
|switch|p2b: Sneasler|Sneasler, L50, F|100/100
|move|p1a: Is Don|Protect|p1a: Is Don
|-singleturn|p1a: Is Don|Protect
|move|p2a: Ursaluna|Blood Moon|p1a: Is Don
|-activate|p1a: Is Don|move: Protect
|
|-heal|p1a: Is Don|28/100 brn|[from] item: Leftovers
|-damage|p1a: Is Don|22/100 brn|[from] brn
|upkeep
|turn|8
|
|t:|1756477695
|move|p2b: Sneasler|Close Combat|p1a: Is Don
|-damage|p1a: Is Don|3/100 brn
|-unboost|p2b: Sneasler|def|1
|-unboost|p2b: Sneasler|spd|1
|move|p2a: Ursaluna|Hyper Voice|p1a: Is Don|[spread] p1a
|-miss|p2a: Ursaluna|p1b: Is Good
|-damage|p1a: Is Don|0 fnt
|faint|p1a: Is Don
|-damage|p2a: Ursaluna|2/100|[from] item: Life Orb
|
|-sideend|p2: dont make me walk|move: Tailwind
|upkeep
|
|t:|1756477718
|switch|p1a: Typhlosion|Typhlosion-Hisui, L50, F, tera:Fire|100/100
|turn|9
|
|t:|1756477729
|switch|p1b: Is Pringles|Weezing-Galar, L50, M, shiny|100/100
|-ability|p1b: Is Pringles|Neutralizing Gas
|move|p2b: Sneasler|Protect|p2b: Sneasler
|-singleturn|p2b: Sneasler|Protect
|move|p1a: Typhlosion|Eruption|p2b: Sneasler|[spread] p2a
|-activate|p2b: Sneasler|move: Protect
|-damage|p2a: Ursaluna|0 fnt
|faint|p2a: Ursaluna
|
|upkeep
|
|t:|1756477732
|switch|p2a: Talonflame|Talonflame, L50, M|100/100
|turn|10
|
|t:|1756477746
|move|p2b: Sneasler|Protect||[still]
|-fail|p2b: Sneasler
|move|p1a: Typhlosion|Eruption|p2b: Sneasler|[spread] p2a,p2b
|-resisted|p2a: Talonflame
|-damage|p2a: Talonflame|47/100
|-damage|p2b: Sneasler|0 fnt
|faint|p2b: Sneasler
|move|p2a: Talonflame|Tailwind|p2a: Talonflame
|-sidestart|p2: dont make me walk|move: Tailwind
|move|p1b: Is Pringles|Strange Steam|p2a: Talonflame
|-resisted|p2a: Talonflame
|-damage|p2a: Talonflame|27/100
|
|upkeep
|turn|11
|-message|dont make me walk forfeited.
|
|win|Jessditta
||dont make me walk is ready for game 2.
||Jessditta is ready for game 2.
|uhtml|next|Next: Game 2 of 3
