|j|☆jxnh
|j|☆daelien
|html|jxnhdaelien    
|uhtml|bestof|Game 1 of a best-of-3
|t:|1756509302
|gametype|doubles
|player|p1|jxnh|102|1212
|player|p2|daelien|2|1280
|gen|9
|tier|[Gen 9] VGC 2025 Reg H (Bo3)
|rated|
|rule|Species Clause: Limit one of each Pokémon
|rule|Item Clause: Limit 1 of each item
|clearpoke
|poke|p1|Corviknight, L50, F|
|poke|p1|Sneasler, L50, F|
|poke|p1|Garchomp, L50, M|
|poke|p1|Incineroar, L50, F|
|poke|p1|Araquanid, L50, F|
|poke|p1|Ursaluna-Bloodmoon, L50, M|
|poke|p2|Electabuzz, L50, F|
|poke|p2|Kingambit, L50, M|
|poke|p2|Kommo-o, L50, F|
|poke|p2|Rillaboom, L50, M|
|poke|p2|Incineroar, L50, F|
|poke|p2|Farigiraf, L50, F|
|teampreview|4
|showteam|p1|Corviknight||Leftovers|MirrorArmor|DualWingbeat,BodyPress,IronDefense,Protect|||F|||50|,,,,,Fire]Sneasler||FocusSash|Unburden|DireClaw,CloseCombat,Coaching,Protect|||F|||50|,,,,,Ghost]Garchomp||LoadedDice|RoughSkin|StompingTantrum,Earthquake,ScaleShot,Protect|||M|||50|,,,,,Fairy]Incineroar||SitrusBerry|Intimidate|FakeOut,KnockOff,PartingShot,FlareBlitz|||F|||50|,,,,,Ghost]Araquanid||RoomService|WaterBubble|Liquidation,LeechLife,WideGuard,Protect|||F|||50|,,,,,Grass]Ursaluna-Bloodmoon||AssaultVest|MindsEye|HyperVoice,EarthPower,BloodMoon,Snarl|||M|||50|,,,,,Grass
|showteam|p2|Electabuzz||Eviolite|VitalSpirit|Electroweb,Protect,FollowMe,HelpingHand|||F|||50|,,,,,Dragon]Kingambit||BlackGlasses|Defiant|KowtowCleave,SwordsDance,SuckerPunch,Protect|||M|||50|,,,,,Dark]Kommo-o||Leftovers|Overcoat|BodyPress,IronDefense,Protect,Flamethrower|||F|||50|,,,,,Fire]Rillaboom||AssaultVest|GrassySurge|FakeOut,Uturn,GrassyGlide,WoodHammer|||M|||50|,,,,,Fire]Incineroar||SafetyGoggles|Intimidate|FakeOut,FlareBlitz,Taunt,PartingShot|||F|||50|,,,,,Bug]Farigiraf||GrassySeed|ArmorTail|TwinBeam,DazzlingGleam,CalmMind,Wish|||F|||50|,,,,,Fairy
|inactive|Battle timer is ON: inactive players will automatically lose when time's up. (requested by daelien)
|inactive|jxnh has 60 seconds left.
|
|t:|1756509341
|teamsize|p1|4
|teamsize|p2|4
|start
|switch|p1a: Corviknight|Corviknight, L50, F|100/100
|switch|p1b: Ursaluna|Ursaluna-Bloodmoon, L50, M|100/100
|switch|p2a: Kommo-o|Kommo-o, L50, F|100/100
|switch|p2b: Incineroar|Incineroar, L50, F|100/100
|-ability|p2b: Incineroar|Intimidate|boost
|-ability|p1a: Corviknight|Mirror Armor
|-unboost|p2b: Incineroar|atk|1
|-unboost|p1b: Ursaluna|atk|1
|turn|1
|
|t:|1756509364
|move|p2b: Incineroar|Fake Out|p1b: Ursaluna
|-damage|p1b: Ursaluna|95/100
|move|p2a: Kommo-o|Iron Defense|p2a: Kommo-o
|-boost|p2a: Kommo-o|def|2
|move|p1a: Corviknight|Dual Wingbeat|p2a: Kommo-o
|-supereffective|p2a: Kommo-o
|-damage|p2a: Kommo-o|88/100
|-supereffective|p2a: Kommo-o
|-damage|p2a: Kommo-o|76/100
|-hitcount|p2a: Kommo-o|2
|cant|p1b: Ursaluna|flinch
|
|-heal|p2a: Kommo-o|82/100|[from] item: Leftovers
|upkeep
|turn|2
|
|t:|1756509378
|move|p2a: Kommo-o|Protect|p2a: Kommo-o
|-singleturn|p2a: Kommo-o|Protect
|move|p1a: Corviknight|Dual Wingbeat|p2a: Kommo-o
|-activate|p2a: Kommo-o|move: Protect
|move|p2b: Incineroar|Flare Blitz|p1b: Ursaluna
|-damage|p1b: Ursaluna|73/100
|-damage|p2b: Incineroar|93/100|[from] Recoil
|move|p1b: Ursaluna|Blood Moon|p2a: Kommo-o
|-activate|p2a: Kommo-o|move: Protect
|
|-heal|p2a: Kommo-o|88/100|[from] item: Leftovers
|upkeep
|turn|3
|
|t:|1756509398
|move|p2a: Kommo-o|Body Press|p1b: Ursaluna
|-supereffective|p1b: Ursaluna
|-damage|p1b: Ursaluna|0 fnt
|faint|p1b: Ursaluna
|move|p1a: Corviknight|Iron Defense|p1a: Corviknight
|-boost|p1a: Corviknight|def|2
|move|p2b: Incineroar|Flare Blitz|p1a: Corviknight
|-supereffective|p1a: Corviknight
|-damage|p1a: Corviknight|71/100
|-damage|p2b: Incineroar|84/100|[from] Recoil
|
|-heal|p2a: Kommo-o|94/100|[from] item: Leftovers
|-heal|p1a: Corviknight|78/100|[from] item: Leftovers
|upkeep
|
|t:|1756509411
|switch|p1b: Garchomp|Garchomp, L50, M|100/100
|turn|4
|
|t:|1756509421
|switch|p2b: Rillaboom|Rillaboom, L50, M|100/100
|-fieldstart|move: Grassy Terrain|[from] ability: Grassy Surge|[of] p2b: Rillaboom
|-terastallize|p1b: Garchomp|Fairy
|move|p1b: Garchomp|Scale Shot|p2a: Kommo-o
|-supereffective|p2a: Kommo-o
|-damage|p2a: Kommo-o|83/100
|-supereffective|p2a: Kommo-o
|-crit|p2a: Kommo-o
|-damage|p2a: Kommo-o|53/100
|-supereffective|p2a: Kommo-o
|-damage|p2a: Kommo-o|42/100
|-supereffective|p2a: Kommo-o
|-damage|p2a: Kommo-o|31/100
|-hitcount|p2a: Kommo-o|4
|-unboost|p1b: Garchomp|def|1
|-boost|p1b: Garchomp|spe|1
|move|p2a: Kommo-o|Body Press|p1b: Garchomp
|-resisted|p1b: Garchomp
|-damage|p1b: Garchomp|27/100
|-damage|p2a: Kommo-o|19/100|[from] ability: Rough Skin|[of] p1b: Garchomp
|move|p1a: Corviknight|Iron Defense|p1a: Corviknight
|-boost|p1a: Corviknight|def|2
|
|-heal|p1b: Garchomp|33/100|[from] Grassy Terrain
|-heal|p2a: Kommo-o|25/100|[from] Grassy Terrain
|-heal|p2a: Kommo-o|31/100|[from] item: Leftovers
|-heal|p1a: Corviknight|84/100|[from] item: Leftovers
|upkeep
|turn|5
|inactive|jxnh has 30 seconds left.
|
|t:|1756509446
|move|p1b: Garchomp|Protect|p1b: Garchomp
|-singleturn|p1b: Garchomp|Protect
|move|p2b: Rillaboom|Grassy Glide|p1b: Garchomp
|-activate|p1b: Garchomp|move: Protect
|move|p2a: Kommo-o|Iron Defense|p2a: Kommo-o
|-boost|p2a: Kommo-o|def|2
|move|p1a: Corviknight|Body Press|p2a: Kommo-o
|-damage|p2a: Kommo-o|19/100
|
|-heal|p1b: Garchomp|39/100|[from] Grassy Terrain
|-heal|p2a: Kommo-o|25/100|[from] Grassy Terrain
|-heal|p2a: Kommo-o|31/100|[from] item: Leftovers
|-heal|p1a: Corviknight|90/100|[from] item: Leftovers
|upkeep
|turn|6
|
|t:|1756509464
|move|p2b: Rillaboom|Grassy Glide|p1b: Garchomp
|-damage|p1b: Garchomp|0 fnt
|-damage|p2b: Rillaboom|88/100|[from] ability: Rough Skin|[of] p1b: Garchomp
|faint|p1b: Garchomp
|move|p2a: Kommo-o|Flamethrower|p1a: Corviknight
|-supereffective|p1a: Corviknight
|-damage|p1a: Corviknight|56/100
|move|p1a: Corviknight|Dual Wingbeat|p2b: Rillaboom
|-supereffective|p2b: Rillaboom
|-damage|p2b: Rillaboom|58/100
|-supereffective|p2b: Rillaboom
|-damage|p2b: Rillaboom|29/100
|-hitcount|p2b: Rillaboom|2
|
|-heal|p2a: Kommo-o|37/100|[from] Grassy Terrain
|-heal|p2a: Kommo-o|43/100|[from] item: Leftovers
|-heal|p2b: Rillaboom|35/100|[from] Grassy Terrain
|-heal|p1a: Corviknight|62/100|[from] item: Leftovers
|upkeep
|
|t:|1756509480
|switch|p1b: Sneasler|Sneasler, L50, F|100/100
|turn|7
|
|t:|1756509491
|switch|p2b: Farigiraf|Farigiraf, L50, F|100/100
|-enditem|p2b: Farigiraf|Grassy Seed
|-boost|p2b: Farigiraf|def|1|[from] item: Grassy Seed
|move|p1b: Sneasler|Coaching|p1a: Corviknight
|-boost|p1a: Corviknight|atk|1
|-boost|p1a: Corviknight|def|1
|move|p2a: Kommo-o|Body Press|p1b: Sneasler
|-resisted|p1b: Sneasler
|-enditem|p1b: Sneasler|Focus Sash
|-damage|p1b: Sneasler|1/100
|move|p1a: Corviknight|Dual Wingbeat|p2a: Kommo-o
|-supereffective|p2a: Kommo-o
|-damage|p2a: Kommo-o|28/100
|-supereffective|p2a: Kommo-o
|-damage|p2a: Kommo-o|17/100
|-hitcount|p2a: Kommo-o|2
|
|-heal|p1b: Sneasler|7/100|[from] Grassy Terrain
|-heal|p2a: Kommo-o|23/100|[from] Grassy Terrain
|-heal|p2a: Kommo-o|30/100|[from] item: Leftovers
|-heal|p1a: Corviknight|68/100|[from] item: Leftovers
|upkeep
|turn|8
|inactive|jxnh has 30 seconds left.
|
|t:|1756509518
|-terastallize|p2a: Kommo-o|Fire
|move|p1b: Sneasler|Dire Claw|p2a: Kommo-o
|-damage|p2a: Kommo-o|20/100
|-status|p2a: Kommo-o|par
|move|p2b: Farigiraf|Dazzling Gleam|p1a: Corviknight|[spread] p1a,p1b
|-resisted|p1a: Corviknight
|-damage|p1a: Corviknight|60/100
|-damage|p1b: Sneasler|0 fnt
|faint|p1b: Sneasler
|move|p1a: Corviknight|Body Press|p2b: Farigiraf
|-damage|p2b: Farigiraf|53/100
|move|p2a: Kommo-o|Flamethrower|p1a: Corviknight
|-supereffective|p1a: Corviknight
|-damage|p1a: Corviknight|4/100
|
|-heal|p2b: Farigiraf|60/100|[from] Grassy Terrain
|-heal|p1a: Corviknight|10/100|[from] item: Leftovers
|-heal|p2a: Kommo-o|26/100 par|[from] Grassy Terrain
|-heal|p2a: Kommo-o|32/100 par|[from] item: Leftovers
|-fieldend|move: Grassy Terrain
|upkeep
|turn|9
|
|t:|1756509543
|move|p2b: Farigiraf|Twin Beam|p1a: Corviknight
|-resisted|p1a: Corviknight
|-damage|p1a: Corviknight|2/100
|-resisted|p1a: Corviknight
|-damage|p1a: Corviknight|0 fnt
|faint|p1a: Corviknight
|-hitcount|p1: Corviknight|2
|
|win|daelien
|l|☆daelien
|player|p2|
