|j|☆TempestFPS74
|j|☆pandabro24711
|html|TempestFPS74pandabro24711    
|uhtml|bestof|Game 2 of a best-of-3
|t:|1785599072
|gametype|doubles
|player|p1|TempestFPS74|102|1080
|player|p2|pandabro24711|gentleman-gen4|1000
|gen|9
|tier|[Gen 9 Champions] VGC 2026 Reg M-B (Bo3)
|rated|
|rule|Species Clause: Limit one of each Pokémon
|rule|Item Clause: Limit 1 of each item
|clearpoke
|poke|p1|Staraptor, L50, F|
|poke|p1|Gholdengo, L50|
|poke|p1|Garchomp, L50, M|
|poke|p1|Whimsicott, L50, F|
|poke|p1|Incineroar, L50, F|
|poke|p1|Greninja, L50, M|
|poke|p2|Mawile, L50, M|
|poke|p2|Sneasler, L50, F|
|poke|p2|Sinistcha, L50|
|poke|p2|Meowscarada, L50, M|
|poke|p2|Milotic, L50, M|
|poke|p2|Glimmora, L50, F|
|teampreview|4
|showteam|p1|Staraptor||Staraptite|Intimidate|CloseCombat,DualWingbeat,Protect,Roost|Adamant||F|||50|]Gholdengo||LifeOrb|GoodasGold|MakeItRain,ShadowBall,Protect,NastyPlot|Modest|||||50|]Garchomp||WhiteHerb|RoughSkin|DragonClaw,StompingTantrum,Protect,RockSlide|Jolly||M|||50|]Whimsicott||FocusSash|Prankster|EnergyBall,Moonblast,Protect,Tailwind|Timid||F|||50|]Incineroar||ChopleBerry|Intimidate|FlareBlitz,DarkestLariat,PartingShot,FakeOut|Impish||F|||50|]Greninja||Greninjite|Protean|Liquidation,NightSlash,Taunt,Uturn|Jolly||M|||50|
|showteam|p2|Mawile||Mawilite|Intimidate|SwordsDance,SuckerPunch,PlayRough,Protect|Adamant||M|||50|]Sneasler||WhiteHerb|Unburden|FakeOut,CloseCombat,RockSlide,Coaching|Jolly||F|||50|]Sinistcha||SitrusBerry|Hospitality|RagePowder,LifeDew,TrickRoom,MatchaGotcha|Relaxed|||||50|]Meowscarada||ChoiceScarf|Protean|TripleAxel,FlowerTrick,KnockOff,PlayRough|Jolly||M|||50|]Milotic||LifeOrb|Competitive|MuddyWater,Protect,IceBeam,Scald|Modest||M|||50|]Glimmora||FocusSash|ToxicDebris|PowerGem,SludgeBomb,EarthPower,Protect|Modest||F|||50|
|inactive|Battle timer is ON: inactive players will automatically lose when time's up. (requested by pandabro24711)
|c|☆TempestFPS74|gren's name?
|
|t:|1785599100
|teamsize|p1|4
|teamsize|p2|4
|start
|switch|p1a: Fly Away|Whimsicott, L50, F|100/100
|switch|p1b: 4 BIG GUYS|Incineroar, L50, F|100/100
|switch|p2a: Sinistcha|Sinistcha, L50|100/100
|switch|p2b: Sneasler|Sneasler, L50, F|100/100
|-ability|p1b: 4 BIG GUYS|Intimidate|boost
|-unboost|p2a: Sinistcha|atk|1
|-unboost|p2b: Sneasler|atk|1
|-enditem|p2b: Sneasler|White Herb
|-clearnegativeboost|p2b: Sneasler|[silent]
|turn|1
|inactive|TempestFPS74 has 30 seconds left.
|inactive|TempestFPS74 has 20 seconds left.
|inactive|TempestFPS74 has 15 seconds left.
|
|t:|1785599142
|move|p1a: Fly Away|Protect|p1a: Fly Away
|-singleturn|p1a: Fly Away|Protect
|move|p2b: Sneasler|Fake Out|p1b: 4 BIG GUYS
|-damage|p1b: 4 BIG GUYS|87/100
|cant|p1b: 4 BIG GUYS|flinch
|move|p2a: Sinistcha|Trick Room|p2a: Sinistcha
|-fieldstart|move: Trick Room|[of] p2a: Sinistcha
|
|upkeep
|turn|2
|inactive|TempestFPS74 has 30 seconds left.
|
|t:|1785599174
|switch|p1a: Rob a Bank|Gholdengo, L50|100/100
|switch|p2b: Milotic|Milotic, L50, M|100/100
|move|p1b: 4 BIG GUYS|Flare Blitz|p2a: Sinistcha
|-supereffective|p2a: Sinistcha|1
|-damage|p2a: Sinistcha|0 fnt
|faint|p2a: Sinistcha
|-damage|p1b: 4 BIG GUYS|58/100|[from] Recoil
|
|upkeep
|
|t:|1785599181
|switch|p2a: Mawile|Mawile, L50, M|100/100
|-ability|p2a: Mawile|Intimidate|boost
|-unboost|p1a: Rob a Bank|atk|1
|-unboost|p1b: 4 BIG GUYS|atk|1
|turn|3
|inactive|TempestFPS74 has 30 seconds left.
|inactive|TempestFPS74 has 20 seconds left.
|
|t:|1785599219
|switch|p1a: Fly Away|Whimsicott, L50, F|100/100
|detailschange|p2a: Mawile|Mawile-Mega, L50, M
|-mega|p2a: Mawile|Mawile|Mawilite
|move|p2a: Mawile|Swords Dance|p2a: Mawile
|-boost|p2a: Mawile|atk|2
|move|p1b: 4 BIG GUYS|Flare Blitz|p2a: Mawile
|-supereffective|p2a: Mawile|1
|-damage|p2a: Mawile|29/100
|-damage|p1b: 4 BIG GUYS|40/100|[from] Recoil
|move|p2b: Milotic|Muddy Water|p1a: Fly Away|[spread] p1b
|-miss|p2b: Milotic|p1a: Fly Away
|-supereffective|p1b: 4 BIG GUYS|1
|-damage|p1b: 4 BIG GUYS|0 fnt
|faint|p1b: 4 BIG GUYS
|-damage|p2b: Milotic|90/100|[from] item: Life Orb
|
|upkeep
|
|t:|1785599236
|switch|p1b: Stelle|Staraptor, L50, F|100/100
|-ability|p1b: Stelle|Intimidate|boost
|-unboost|p2a: Mawile|atk|1
|-unboost|p2b: Milotic|atk|1
|-ability|p2b: Milotic|Competitive|boost
|-boost|p2b: Milotic|spa|2
|turn|4
|
|t:|1785599264
|switch|p1b: Rob a Bank|Gholdengo, L50|100/100
|move|p2a: Mawile|Sucker Punch||[still]
|-fail|p2a: Mawile
|move|p2b: Milotic|Ice Beam|p1b: Rob a Bank
|-resisted|p1b: Rob a Bank|1
|-damage|p1b: Rob a Bank|58/100
|-damage|p2b: Milotic|80/100|[from] item: Life Orb
|move|p1a: Fly Away|Energy Ball|p2b: Milotic
|-supereffective|p2b: Milotic|1
|-damage|p2b: Milotic|34/100
|-unboost|p2b: Milotic|spd|1
|-ability|p2b: Milotic|Competitive|boost
|-boost|p2b: Milotic|spa|2
|
|upkeep
|turn|5
|inactive|TempestFPS74 has 30 seconds left.
|inactive|TempestFPS74 has 20 seconds left.
|inactive|TempestFPS74 has 15 seconds left.
|
|t:|1785599306
|move|p1a: Fly Away|Tailwind|p1a: Fly Away
|-sidestart|p1: TempestFPS74|move: Tailwind
|move|p2a: Mawile|Play Rough|p1b: Rob a Bank
|-resisted|p1b: Rob a Bank|1
|-damage|p1b: Rob a Bank|0 fnt
|faint|p1b: Rob a Bank
|move|p2b: Milotic|Muddy Water|p1a: Fly Away
|-resisted|p1a: Fly Away|1
|-enditem|p1a: Fly Away|Focus Sash
|-damage|p1a: Fly Away|1/100
|-damage|p2b: Milotic|24/100|[from] item: Life Orb
|
|-fieldend|move: Trick Room
|upkeep
|
|t:|1785599318
|switch|p1b: Stelle|Staraptor, L50, F|100/100
|-ability|p1b: Stelle|Intimidate|boost
|-unboost|p2a: Mawile|atk|1
|-unboost|p2b: Milotic|atk|1
|-ability|p2b: Milotic|Competitive|boost
|-boost|p2b: Milotic|spa|2
|turn|6
|
|t:|1785599332
|detailschange|p1b: Stelle|Staraptor-Mega, L50, F
|-mega|p1b: Stelle|Staraptor|Staraptite
|move|p1a: Fly Away|Energy Ball|p2b: Milotic
|-supereffective|p2b: Milotic|1
|-damage|p2b: Milotic|0 fnt
|faint|p2b: Milotic
|move|p1b: Stelle|Close Combat|p2a: Mawile
|-damage|p2a: Mawile|0 fnt
|-boost|p1b: Stelle|def|1
|-boost|p1b: Stelle|spd|1
|faint|p2a: Mawile
|
|upkeep
|
|t:|1785599336
|switch|p2a: Sneasler|Sneasler, L50, F|100/100
|turn|7
|
|t:|1785599354
|move|p1a: Fly Away|Protect|p1a: Fly Away
|-singleturn|p1a: Fly Away|Protect
|move|p1b: Stelle|Protect|p1b: Stelle
|-singleturn|p1b: Stelle|Protect
|move|p2a: Sneasler|Fake Out|p1b: Stelle
|-activate|p1b: Stelle|move: Protect
|
|upkeep
|turn|8
|
|t:|1785599365
|move|p1a: Fly Away|Moonblast|p2a: Sneasler
|-damage|p2a: Sneasler|52/100
|-unboost|p2a: Sneasler|spa|1
|move|p1b: Stelle|Dual Wingbeat|p2a: Sneasler
|-supereffective|p2a: Sneasler|1
|-damage|p2a: Sneasler|0 fnt
|faint|p2a: Sneasler
|-hitcount|p2: Sneasler|1
|
|win|TempestFPS74
|raw|TempestFPS74's rating: 1080 → 1102(+22 for winning)
|raw|pandabro24711's rating: 1000 → 1000(+0 for losing)
