|j|☆huntr/x rumi
|j|☆breloomb01
|html|huntr/x rumibreloomb01    
|uhtml|bestof|Game 2 of a best-of-3
|t:|1755637933
|gametype|doubles
|player|p1|huntr/x rumi|acetrainerf|1248
|player|p2|breloomb01|1|1196
|gen|9
|tier|[Gen 9] VGC 2025 Reg H (Bo3)
|rated|
|rule|Species Clause: Limit one of each Pokémon
|rule|Item Clause: Limit 1 of each item
|clearpoke
|poke|p1|Whimsicott, L50, M|
|poke|p1|Gholdengo, L50|
|poke|p1|Garchomp, L50, F|
|poke|p1|Ditto, L50|
|poke|p1|Incineroar, L50, M|
|poke|p1|Milotic, L50, F|
|poke|p2|Dondozo, L50, M|
|poke|p2|Tatsugiri, L50, F|
|poke|p2|Breloom, L50, F|
|poke|p2|Talonflame, L50, F|
|poke|p2|Glimmora, L50, M|
|poke|p2|Gholdengo, L50|
|teampreview|4
|showteam|p1|Whimsicott||FocusSash|Prankster|Protect,Moonblast,Tailwind,Encore|||M|||50|,,,,,Ghost]Gholdengo||ChoiceSpecs|GoodasGold|MakeItRain,ShadowBall,Protect,Trick||||||50|,,,,,Steel]Garchomp||LifeOrb|RoughSkin|Protect,StompingTantrum,DragonClaw,Earthquake|||F|||50|,,,,,Ground]Ditto||CovertCloak|Imposter|Transform||||||50|,,,,,Grass]Incineroar||SafetyGoggles|Intimidate|FakeOut,FlareBlitz,KnockOff,PartingShot|||M|||50|,,,,,Ghost]Milotic||SitrusBerry|Competitive|IcyWind,Scald,Protect,Haze|||F|||50|,,,,,Grass
|showteam|p2|Dondozo||Leftovers|Unaware|OrderUp,WaveCrash,Earthquake,Protect|||M|||50|,,,,,Grass]Tatsugiri||ChoiceScarf|Commander|MuddyWater,DracoMeteor,IcyWind,Taunt|||F|||50|,,,,,Grass]Breloom||FocusSash|Technician|BulletSeed,MachPunch,Spore,Protect|||F|||50|,,,,,Ghost]Talonflame||CovertCloak|GaleWings|BraveBird,Tailwind,WillOWisp,FlareBlitz|||F|||50|,,,,,Flying]Glimmora||PowerHerb|ToxicDebris|MeteorBeam,SludgeBomb,EarthPower,SpikyShield|||M|||50|,,,,,Grass]Gholdengo||ChoiceSpecs|GoodasGold|MakeItRain,ShadowBall,Thunderbolt,Trick||||||50|,,,,,Dragon
|
|t:|1755637945
|teamsize|p1|4
|teamsize|p2|4
|start
|switch|p1a: Whimsicott|Whimsicott, L50, M, shiny|100/100
|switch|p1b: Gholdengo|Gholdengo, L50|100/100
|switch|p2a: Talonflame|Talonflame, L50, F|100/100
|switch|p2b: Gholdengo|Gholdengo, L50|100/100
|turn|1
|c|☆breloomb01|I thought I was in bo1 😭
|
|t:|1755637958
|-terastallize|p1b: Gholdengo|Steel
|move|p1a: Whimsicott|Protect|p1a: Whimsicott
|-singleturn|p1a: Whimsicott|Protect
|move|p2a: Talonflame|Tailwind|p2a: Talonflame
|-sidestart|p2: breloomb01|move: Tailwind
|move|p2b: Gholdengo|Shadow Ball|p1b: Gholdengo
|-damage|p1b: Gholdengo|36/100
|move|p1b: Gholdengo|Make It Rain|p2a: Talonflame|[spread] p2a,p2b
|-resisted|p2a: Talonflame
|-resisted|p2b: Gholdengo
|-crit|p2b: Gholdengo
|-damage|p2a: Talonflame|15/100
|-damage|p2b: Gholdengo|13/100
|-unboost|p1b: Gholdengo|spa|1
|
|upkeep
|turn|2
|
|t:|1755637970
|move|p1a: Whimsicott|Tailwind|p1a: Whimsicott
|-sidestart|p1: huntr/x rumi|move: Tailwind
|move|p2a: Talonflame|Brave Bird|p1a: Whimsicott
|-supereffective|p1a: Whimsicott
|-enditem|p1a: Whimsicott|Focus Sash
|-damage|p1a: Whimsicott|1/100
|-damage|p2a: Talonflame|0 fnt|[from] Recoil
|faint|p2a: Talonflame
|move|p2b: Gholdengo|Shadow Ball|p1b: Gholdengo
|-damage|p1b: Gholdengo|0 fnt
|faint|p1b: Gholdengo
|
|upkeep
|
|t:|1755637978
|switch|p2a: Dondozo|Dondozo, L50, M|100/100
|switch|p1b: Milotic|Milotic, L50, F, shiny|100/100
|turn|3
|
|t:|1755637991
|move|p1a: Whimsicott|Protect|p1a: Whimsicott
|-singleturn|p1a: Whimsicott|Protect
|move|p1b: Milotic|Protect|p1b: Milotic
|-singleturn|p1b: Milotic|Protect
|move|p2b: Gholdengo|Shadow Ball|p1b: Milotic
|-activate|p1b: Milotic|move: Protect
|move|p2a: Dondozo|Earthquake|p1a: Whimsicott|[spread] p2b
|-activate|p1a: Whimsicott|move: Protect
|-activate|p1b: Milotic|move: Protect
|-supereffective|p2b: Gholdengo
|-damage|p2b: Gholdengo|0 fnt
|faint|p2b: Gholdengo
|
|upkeep
|
|t:|1755637997
|switch|p2b: Tatsugiri|Tatsugiri, L50, F|100/100
|-activate|p2b: Tatsugiri|ability: Commander|[of] p2a: Dondozo
|-boost|p2a: Dondozo|atk|2
|-boost|p2a: Dondozo|spa|2
|-boost|p2a: Dondozo|spe|2
|-boost|p2a: Dondozo|def|2
|-boost|p2a: Dondozo|spd|2
|turn|4
|
|t:|1755638001
|switch|p1a: Garchomp|Garchomp, L50, F|100/100
|move|p2a: Dondozo|Earthquake|p1a: Garchomp|[spread] p1a,p1b
|-miss|p2a: Dondozo|p2b: Tatsugiri
|-damage|p1a: Garchomp|57/100
|-damage|p1b: Milotic|60/100
|move|p1b: Milotic|Haze|p1b: Milotic
|-clearallboost
|
|-sideend|p2: breloomb01|move: Tailwind
|upkeep
|turn|5
|
|t:|1755638010
|move|p1a: Garchomp|Protect|p1a: Garchomp
|-singleturn|p1a: Garchomp|Protect
|move|p1b: Milotic|Scald|p2a: Dondozo
|-resisted|p2a: Dondozo
|-damage|p2a: Dondozo|84/100
|move|p2a: Dondozo|Earthquake|p1a: Garchomp|[spread] p1b
|-miss|p2a: Dondozo|p2b: Tatsugiri
|-activate|p1a: Garchomp|move: Protect
|-damage|p1b: Milotic|38/100
|-enditem|p1b: Milotic|Sitrus Berry|[eat]
|-heal|p1b: Milotic|63/100|[from] item: Sitrus Berry
|
|-heal|p2a: Dondozo|90/100|[from] item: Leftovers
|-sideend|p1: huntr/x rumi|move: Tailwind
|upkeep
|turn|6
|-message|breloomb01 forfeited.
|
|win|huntr/x rumi
|raw|huntr/x rumi's rating: 1248 → 1269(+21 for winning)
|raw|breloomb01's rating: 1196 → 1175(-21 for losing)
|l|☆breloomb01
|player|p2|
