|j|☆andrewisgood
|j|☆GuacGangster826
|html|andrewisgoodGuacGangster826    
|uhtml|bestof|Game 2 of a best-of-3
|t:|1783969792
|gametype|doubles
|player|p1|andrewisgood|veteran|
|player|p2|GuacGangster826|falkner|
|gen|9
|tier|[Gen 9 Champions] VGC 2026 Reg M-B (Bo3)
|rule|Species Clause: Limit one of each Pokémon
|rule|Item Clause: Limit 1 of each item
|clearpoke
|poke|p1|Dragalge, L50, F|
|poke|p1|Armarouge, L50, F|
|poke|p1|Slowbro, L50, F|
|poke|p1|Appletun, L50, M|
|poke|p1|Maushold-Four, L50|
|poke|p1|Annihilape, L50, M|
|poke|p2|Pyroar, L50, F, shiny|
|poke|p2|Sableye, L50, F, shiny|
|poke|p2|Scrafty, L50, F|
|poke|p2|Raichu, L50, F, shiny|
|poke|p2|Floette-Eternal, L50, F|
|poke|p2|Blaziken, L50, F|
|teampreview|4
|showteam|p1|Dragalge||Dragalgite|PoisonPoint|Protect,SludgeBomb,DragonPulse,Scald|Quiet||F|||50|]Armarouge||ColburBerry|FlashFire|WillOWisp,ArmorCannon,Psychic,TrickRoom|Quiet||F|||50|]Slowbro||SitrusBerry|Regenerator|Protect,TrickRoom,Scald,Psyshock|Bold||F|||50|]Appletun||RoseliBerry|ThickFat|Protect,AppleAcid,IronHead,Recover|Sassy||M|||50|]Maushold-Four||ChopleBerry|FriendGuard|FollowMe,SuperFang,Protect,BeatUp|Timid|||||50|]Annihilape||LumBerry|Defiant|Protect,BulkUp,DrainPunch,RageFist|Careful||M|||50|
|showteam|p2|Pyroar||Pyroarite|Unnerve|HeatWave,HyperVoice,WillOWisp,Protect|Timid||F|||50|]Sableye||FocusSash|Prankster|Reflect,SunnyDay,Quash,Protect|Bold||F|||50|]Scrafty||SitrusBerry|Intimidate|FakeOut,KnockOff,HelpingHand,Protect|Careful||F|||50|]Raichu||KingsRock|Static|Electroweb,Endeavor,Nuzzle,FakeOut|Hasty||F|||50|]Floette-Eternal||ChoiceScarf|FlowerVeil|LightofRuin,DazzlingGleam,Trick,Protect|Timid||F|||50|]Blaziken||LifeOrb|SpeedBoost|FlareBlitz,CloseCombat,SwordsDance,Protect|Adamant||F|||50|
|
|t:|1783969815
|teamsize|p1|4
|teamsize|p2|4
|start
|switch|p1a: Slowbro|Slowbro, L50, F|100/100
|switch|p1b: Appletun|Appletun, L50, M|100/100
|switch|p2a: Floette|Floette-Eternal, L50, F|100/100
|switch|p2b: Sableye|Sableye, L50, F, shiny|100/100
|turn|1
|
|t:|1783969826
|move|p1b: Appletun|Protect|p1b: Appletun
|-singleturn|p1b: Appletun|Protect
|move|p2b: Sableye|Sunny Day|p2b: Sableye
|-weather|SunnyDay
|move|p2a: Floette|Dazzling Gleam|p1a: Slowbro|[spread] p1a
|-activate|p1b: Appletun|move: Protect
|-damage|p1a: Slowbro|72/100
|move|p1a: Slowbro|Trick Room|p1a: Slowbro
|-fieldstart|move: Trick Room|[of] p1a: Slowbro
|
|-weather|SunnyDay|[upkeep]
|upkeep
|turn|2
|
|t:|1783969842
|switch|p2a: Raichu|Raichu, L50, F, shiny|100/100
|move|p2b: Sableye|Protect|p2b: Sableye
|-singleturn|p2b: Sableye|Protect
|move|p1b: Appletun|Iron Head|p2a: Raichu
|-resisted|p2a: Raichu|1
|-damage|p2a: Raichu|83/100
|move|p1a: Slowbro|Psyshock|p2a: Raichu
|-damage|p2a: Raichu|29/100
|
|-weather|SunnyDay|[upkeep]
|upkeep
|turn|3
|
|t:|1783969863
|move|p1a: Slowbro|Protect|p1a: Slowbro
|-singleturn|p1a: Slowbro|Protect
|move|p2a: Raichu|Fake Out|p1a: Slowbro
|-activate|p1a: Slowbro|move: Protect
|move|p2b: Sableye|Reflect|p2b: Sableye
|-sidestart|p2: GuacGangster826|Reflect
|move|p1b: Appletun|Apple Acid|p2a: Raichu
|-damage|p2a: Raichu|0 fnt
|faint|p2a: Raichu
|
|-weather|SunnyDay|[upkeep]
|upkeep
|
|t:|1783969878
|switch|p2a: Pyroar|Pyroar, L50, F, shiny|100/100
|-ability|p2a: Pyroar|Unnerve
|turn|4
|
|t:|1783969891
|detailschange|p2a: Pyroar|Pyroar-Mega, L50, F, shiny
|-mega|p2a: Pyroar|Pyroar|Pyroarite
|move|p2b: Sableye|Protect|p2b: Sableye
|-singleturn|p2b: Sableye|Protect
|move|p2a: Pyroar|Protect|p2a: Pyroar
|-singleturn|p2a: Pyroar|Protect
|move|p1b: Appletun|Apple Acid|p2a: Pyroar
|-activate|p2a: Pyroar|move: Protect
|move|p1a: Slowbro|Psyshock|p2a: Pyroar
|-activate|p2a: Pyroar|move: Protect
|
|-weather|SunnyDay|[upkeep]
|upkeep
|turn|5
|
|t:|1783969924
|switch|p2a: Floette|Floette-Eternal, L50, F|100/100
|move|p2b: Sableye|Protect||[still]
|-fail|p2b: Sableye
|move|p1b: Appletun|Apple Acid|p2a: Floette
|-damage|p2a: Floette|69/100
|-unboost|p2a: Floette|spd|1
|move|p1a: Slowbro|Psyshock|p2a: Floette
|-damage|p2a: Floette|27/100
|
|-weather|none
|-fieldend|move: Trick Room
|upkeep
|turn|6
|
|t:|1783969944
|switch|p2b: Pyroar|Pyroar-Mega, L50, F, shiny|100/100
|move|p1b: Appletun|Protect|p1b: Appletun
|-singleturn|p1b: Appletun|Protect
|move|p2a: Floette|Light of Ruin|p1a: Slowbro
|-damage|p1a: Slowbro|8/100
|-enditem|p1a: Slowbro|Sitrus Berry|[eat]
|-heal|p1a: Slowbro|33/100|[from] item: Sitrus Berry
|-damage|p2a: Floette|0 fnt|[from] Recoil
|faint|p2a: Floette
|move|p1a: Slowbro|Trick Room|p1a: Slowbro
|-fieldstart|move: Trick Room|[of] p1a: Slowbro
|
|upkeep
|
|t:|1783969958
|switch|p2a: Sableye|Sableye, L50, F, shiny|100/100
|turn|7
|
|t:|1783969965
|move|p2a: Sableye|Quash|p1a: Slowbro
|-activate|p1a: Slowbro|move: Quash
|move|p1b: Appletun|Apple Acid|p2b: Pyroar
|-resisted|p2b: Pyroar|1
|-damage|p2b: Pyroar|82/100
|-unboost|p2b: Pyroar|spd|1
|move|p2b: Pyroar|Hyper Voice|p1b: Appletun|[spread] p1a,p1b
|-damage|p1a: Slowbro|7/100
|-damage|p1b: Appletun|80/100
|move|p1a: Slowbro|Scald|p2b: Pyroar
|-supereffective|p2b: Pyroar|1
|-damage|p2b: Pyroar|0 fnt
|faint|p2b: Pyroar
|
|-sideend|p2: GuacGangster826|Reflect
|upkeep
|turn|8
|
|t:|1783969986
|move|p2a: Sableye|Reflect|p2a: Sableye
|-sidestart|p2: GuacGangster826|Reflect
|move|p1b: Appletun|Apple Acid|p2a: Sableye
|-damage|p2a: Sableye|46/100
|-unboost|p2a: Sableye|spd|1
|move|p1a: Slowbro|Scald|p2a: Sableye
|-crit|p2a: Sableye
|-damage|p2a: Sableye|0 fnt
|faint|p2a: Sableye
|
|win|andrewisgood
|c|☆andrewisgood|gg
|l|☆GuacGangster826
|player|p2|
|j|☆GuacGangster826
|player|p2|GuacGangster826|falkner|
