|j|☆Figure Eight 00
|j|☆sum1dum
|html|Figure Eight 00sum1dum    
|uhtml|bestof|Game 1 of a best-of-3
|t:|1783709479
|gametype|doubles
|player|p1|Figure Eight 00|elesa|1057
|player|p2|sum1dum|rosa|1136
|gen|9
|tier|[Gen 9 Champions] VGC 2026 Reg M-B (Bo3)
|rated|
|rule|Species Clause: Limit one of each Pokémon
|rule|Item Clause: Limit 1 of each item
|clearpoke
|poke|p1|Staraptor, L50, M|
|poke|p1|Whimsicott, L50, F, shiny|
|poke|p1|Maushold, L50|
|poke|p1|Sceptile, L50, M|
|poke|p1|Aegislash, L50, M, shiny|
|poke|p1|Delphox, L50, F|
|poke|p2|Gliscor, L50, M|
|poke|p2|Primarina, L50, F|
|poke|p2|Metagross, L50|
|poke|p2|Ninetales-Alola, L50, M|
|poke|p2|Incineroar, L50, F|
|poke|p2|Sinistcha, L50|
|teampreview|4
|showteam|p1|Staraptor||Staraptite|Intimidate|Protect,BraveBird,CloseCombat,Facade|Adamant||M|||50|]Whimsicott||FocusSash|Prankster|Encore,Charm,Tailwind,Moonblast|Bold||F|||50|]Maushold||BrightPowder|FriendGuard|Protect,FollowMe,PopulationBomb,SuperFang|Jolly|||||50|]Sceptile||SitrusBerry|Unburden|ThroatChop,ShedTail,GigaDrain,EarthPower|Calm||M|||50|]Aegislash||Leftovers|StanceChange|KingsShield,ShadowClaw,NightSlash,IronHead|Brave||M|||50|]Delphox||Delphoxite|Blaze|Protect,Psychic,ShadowBall,Overheat|Modest||F|||50|
|showteam|p2|Gliscor||LifeOrb|HyperCutter|DualWingbeat,HighHorsepower,Protect,RockSlide|Jolly||M|||50|]Primarina||Leftovers|LiquidVoice|CalmMind,HyperVoice,Moonblast,Protect|Modest||F|||50|]Metagross||Metagrossite|ClearBody|BulletPunch,IronHead,Protect,PsychicFangs|Jolly|||||50|]Ninetales-Alola||LightClay|SnowWarning|AuroraVeil,FreezeDry,Moonblast,Protect|Timid||M|||50|]Incineroar||ChopleBerry|Intimidate|FakeOut,FlareBlitz,DarkestLariat,PartingShot|Impish||F|||50|]Sinistcha||SitrusBerry|Hospitality|MatchaGotcha,Protect,LifeDew,RagePowder|Bold|||||50|
|inactive|Battle timer is ON: inactive players will automatically lose when time's up. (requested by sum1dum)
|inactive|Figure Eight 00 has 60 seconds left.
|inactive|sum1dum has 60 seconds left.
|inactive|sum1dum has 30 seconds left.
|inactive|sum1dum has 20 seconds left.
|inactive|sum1dum has 15 seconds left.
|inactive|sum1dum has 10 seconds left.
|inactive|sum1dum has 5 seconds left.
|
|t:|1783709568
|teamsize|p1|4
|teamsize|p2|4
|start
|switch|p1a: Whimsicott|Whimsicott, L50, F, shiny|100/100
|switch|p1b: Sceptile|Sceptile, L50, M|100/100
|switch|p2a: Bravery|Gliscor, L50, M|100/100
|switch|p2b: Justice|Incineroar, L50, F|100/100
|-ability|p2b: Justice|Intimidate|boost
|-unboost|p1a: Whimsicott|atk|1
|-unboost|p1b: Sceptile|atk|1
|turn|1
|
|t:|1783709593
|move|p2b: Justice|Fake Out|p1a: Whimsicott
|-crit|p1a: Whimsicott
|-damage|p1a: Whimsicott|81/100
|cant|p1a: Whimsicott|flinch
|move|p2a: Bravery|Dual Wingbeat|p1a: Whimsicott|[miss]
|-miss|p2a: Bravery|p1a: Whimsicott
|move|p1b: Sceptile|Shed Tail|p1b: Sceptile
|-start|p1b: Sceptile|Substitute|[from] move: Shed Tail
|-damage|p1b: Sceptile|50/100y
|-enditem|p1b: Sceptile|Sitrus Berry|[eat]
|-heal|p1b: Sceptile|74/100|[from] item: Sitrus Berry
|
|t:|1783709607
|switch|p1b: Aegislash|Aegislash, L50, M, shiny|100/100|[from] Shed Tail
|
|upkeep
|turn|2
|
|t:|1783709620
|move|p1a: Whimsicott|Tailwind|p1a: Whimsicott
|-sidestart|p1: Figure Eight 00|move: Tailwind
|move|p2a: Bravery|Dual Wingbeat|p1a: Whimsicott
|-supereffective|p1a: Whimsicott|1
|-damage|p1a: Whimsicott|27/100
|-supereffective|p1a: Whimsicott|1
|-damage|p1a: Whimsicott|0 fnt
|faint|p1a: Whimsicott
|-hitcount|p1: Whimsicott|2
|-damage|p2a: Bravery|90/100|[from] item: Life Orb
|-formechange|p1b: Aegislash|Aegislash-Blade|
|move|p1b: Aegislash|Iron Head|p2a: Bravery
|-damage|p2a: Bravery|44/100
|move|p2b: Justice|Parting Shot|p1b: Aegislash
|-unboost|p1b: Aegislash|atk|1
|-unboost|p1b: Aegislash|spa|1
|
|t:|1783709631
|switch|p2b: Patience|Primarina, L50, F|100/100|[from] Parting Shot
|
|upkeep
|
|t:|1783709640
|switch|p1a: Sceptile|Sceptile, L50, M|74/100
|turn|3
|
|t:|1783709652
|switch|p2b: Justice|Incineroar, L50, F|100/100
|-ability|p2b: Justice|Intimidate|boost
|-unboost|p1a: Sceptile|atk|1
|-immune|p1b: Aegislash
|move|p1a: Sceptile|Shed Tail|p1a: Sceptile
|-start|p1a: Sceptile|Substitute|[from] move: Shed Tail
|-damage|p1a: Sceptile|24/100
|
|t:|1783709663
|switch|p1a: Delphox|Delphox, L50, F|100/100|[from] Shed Tail
|move|p2a: Bravery|Dual Wingbeat|p1a: Delphox
|-end|p1a: Delphox|Substitute
|-damage|p1a: Delphox|72/100
|-hitcount|p1a: Delphox|2
|-damage|p2a: Bravery|34/100|[from] item: Life Orb
|move|p1b: Aegislash|Iron Head|p2b: Justice
|-resisted|p2b: Justice|1
|-damage|p2b: Justice|86/100
|
|upkeep
|turn|4
|
|t:|1783709685
|detailschange|p1a: Delphox|Delphox-Mega, L50, F
|-mega|p1a: Delphox|Delphox|Delphoxite
|move|p1a: Delphox|Shadow Ball|p2a: Bravery
|-damage|p2a: Bravery|0 fnt
|faint|p2a: Bravery
|move|p1b: Aegislash|Shadow Claw|p2b: Justice
|-resisted|p2b: Justice|1
|-crit|p2b: Justice
|-damage|p2b: Justice|59/100
|move|p2b: Justice|Darkest Lariat|p1a: Delphox
|-supereffective|p1a: Delphox|1
|-damage|p1a: Delphox|0 fnt
|faint|p1a: Delphox
|
|upkeep
|
|t:|1783709700
|switch|p1a: Sceptile|Sceptile, L50, M|24/100
|switch|p2a: Integrity|Ninetales-Alola, L50, M|100/100
|-weather|Snowscape|[from] ability: Snow Warning|[of] p2a: Integrity
|turn|5
|
|t:|1783709716
|move|p2a: Integrity|Protect|p2a: Integrity
|-singleturn|p2a: Integrity|Protect
|move|p1a: Sceptile|Earth Power|p2b: Justice
|-supereffective|p2b: Justice|1
|-damage|p2b: Justice|17/100
|-unboost|p2b: Justice|spd|1
|move|p1b: Aegislash|Iron Head|p2a: Integrity
|-activate|p2a: Integrity|move: Protect
|move|p2b: Justice|Parting Shot|p1b: Aegislash
|-unboost|p1b: Aegislash|atk|1
|-unboost|p1b: Aegislash|spa|1
|
|t:|1783709718
|switch|p2b: Patience|Primarina, L50, F|100/100|[from] Parting Shot
|
|-weather|Snowscape|[upkeep]
|-sideend|p1: Figure Eight 00|move: Tailwind
|upkeep
|turn|6
|
|t:|1783709739
|move|p2a: Integrity|Freeze-Dry|p1a: Sceptile
|-supereffective|p1a: Sceptile|1
|-damage|p1a: Sceptile|0 fnt
|faint|p1a: Sceptile
|move|p2b: Patience|Hyper Voice|p1b: Aegislash
|-damage|p1b: Aegislash|22/100
|move|p1b: Aegislash|Iron Head|p2a: Integrity
|-supereffective|p2a: Integrity|2
|-damage|p2a: Integrity|4/100
|
|-weather|Snowscape|[upkeep]
|-heal|p1b: Aegislash|28/100|[from] item: Leftovers
|upkeep
|turn|7
|
|t:|1783709755
|move|p2a: Integrity|Protect|p2a: Integrity
|-singleturn|p2a: Integrity|Protect
|move|p2b: Patience|Hyper Voice|p1b: Aegislash
|-damage|p1b: Aegislash|0 fnt
|faint|p1b: Aegislash
|
|win|sum1dum
