|j|â˜†Sasori07
|j|â˜†VelascoAlvarado
|html|Sasori07VelascoAlvarado    
|uhtml|bestof|Game 1 of a best-of-3
|t:|1784781408
|gametype|doubles
|player|p1|Sasori07|volkner|
|player|p2|VelascoAlvarado|eusine|
|gen|9
|tier|[Gen 9 Champions] VGC 2026 Reg M-B (Bo3)
|rule|Species Clause: Limit one of each PokÃ©mon
|rule|Item Clause: Limit 1 of each item
|clearpoke
|poke|p1|Talonflame, L50, M|
|poke|p1|Rotom-Wash, L50|
|poke|p1|Froslass, L50, F|
|poke|p1|Glimmora, L50, F|
|poke|p1|Kingambit, L50, M|
|poke|p1|Garchomp, L50, F|
|poke|p2|Charizard, L50, M|
|poke|p2|Floette-Eternal, L50, F|
|poke|p2|Sinistcha, L50|
|poke|p2|Garchomp, L50, F|
|poke|p2|Incineroar, L50, F|
|poke|p2|Venusaur, L50, F|
|teampreview|4
|showteam|p1|Talonflame|||GaleWings|Acrobatics,Tailwind,FlareBlitz,Protect|Jolly||M|||50|]Rotom-Wash||Magnet|Levitate|Thunderbolt,HydroPump,WillOWisp,Protect|Modest|||||50|]Froslass||Froslassite|SnowCloak|Blizzard,ShadowBall,AuroraVeil,Protect|Timid||F|||50|]Glimmora||Glimmoranite|ToxicDebris|PowerGem,SludgeBomb,EarthPower,SpikyShield|Timid||F|||50|]Kingambit||ChopleBerry|Defiant|KowtowCleave,SuckerPunch,LowKick,Protect|Adamant||M|||50|]Garchomp||LumBerry|RoughSkin|DragonClaw,Earthquake,SwordsDance,Protect|Jolly||F|||50|
|showteam|p2|Charizard||CharizarditeY|SolarPower|HeatWave,SolarBeam,Protect,WeatherBall|Modest||M|||50|]Floette-Eternal||Floettite|FlowerVeil|DazzlingGleam,Moonblast,Protect,CalmMind|Timid||F|||50|]Sinistcha||KasibBerry|Hospitality|MatchaGotcha,RagePowder,TrickRoom,Protect|Relaxed|||||50|]Garchomp||ChoiceScarf|RoughSkin|DragonClaw,Earthquake,RockSlide,StompingTantrum|Adamant||F|||50|]Incineroar||SitrusBerry|Intimidate|PartingShot,FakeOut,ThroatChop,FlareBlitz|Careful||F|||50|]Venusaur||FocusSash|Chlorophyll|SludgeBomb,EarthPower,SleepPowder,Protect|Timid||F|||50|
|inactive|Battle timer is ON: inactive players will automatically lose when time's up. (requested by VelascoAlvarado)
|c|â˜†Sasori07|Suerte amigo
|inactive|Sasori07 has 60 seconds left.
|
|t:|1784781449
|teamsize|p1|4
|teamsize|p2|4
|start
|switch|p1a: Talonflame|Talonflame, L50, M|100/100
|switch|p1b: Garchomp|Garchomp, L50, F|100/100
|switch|p2a: Charizard|Charizard, L50, M|100/100
|switch|p2b: Garchomp|Garchomp, L50, F|100/100
|turn|1
|
|t:|1784781464
|switch|p2a: Incineroar|Incineroar, L50, F|100/100
|-ability|p2a: Incineroar|Intimidate|boost
|-unboost|p1a: Talonflame|atk|1
|-unboost|p1b: Garchomp|atk|1
|move|p1a: Talonflame|Protect|p1a: Talonflame
|-singleturn|p1a: Talonflame|Protect
|move|p2b: Garchomp|Rock Slide|p1a: Talonflame|[spread] p1b
|-activate|p1a: Talonflame|move: Protect
|-resisted|p1b: Garchomp|1
|-damage|p1b: Garchomp|90/100
|move|p1b: Garchomp|Dragon Claw|p2b: Garchomp
|-supereffective|p2b: Garchomp|1
|-damage|p2b: Garchomp|44/100
|-damage|p1b: Garchomp|77/100|[from] ability: Rough Skin|[of] p2b: Garchomp
|
|upkeep
|turn|2
|inactive|VelascoAlvarado has 30 seconds left.
|
|t:|1784781490
|switch|p1a: Rotom|Rotom-Wash, L50|100/100
|move|p2a: Incineroar|Fake Out|p1b: Garchomp
|-damage|p1b: Garchomp|68/100
|-damage|p2a: Incineroar|87/100|[from] ability: Rough Skin|[of] p1b: Garchomp
|move|p2b: Garchomp|Rock Slide|p1b: Garchomp|[spread] p1b
|-miss|p2b: Garchomp|p1a: Rotom
|-resisted|p1b: Garchomp|1
|-damage|p1b: Garchomp|58/100
|cant|p1b: Garchomp|flinch
|
|upkeep
|turn|3
|
|t:|1784781514
|switch|p2b: Charizard|Charizard, L50, M|100/100
|move|p1b: Garchomp|Swords Dance|p1b: Garchomp
|-boost|p1b: Garchomp|atk|2
|move|p1a: Rotom|Thunderbolt|p2a: Incineroar
|-damage|p2a: Incineroar|49/100
|-enditem|p2a: Incineroar|Sitrus Berry|[eat]
|-heal|p2a: Incineroar|74/100|[from] item: Sitrus Berry
|move|p2a: Incineroar|Parting Shot|p1b: Garchomp
|-unboost|p1b: Garchomp|atk|1
|-unboost|p1b: Garchomp|spa|1
|
|t:|1784781527
|switch|p2a: Garchomp|Garchomp, L50, F|44/100|[from] Parting Shot
|
|upkeep
|turn|4
|
|t:|1784781538
|detailschange|p2b: Charizard|Charizard-Mega-Y, L50, M
|-mega|p2b: Charizard|Charizard|Charizardite Y
|-weather|SunnyDay|[from] ability: Drought|[of] p2b: Charizard
|move|p1a: Rotom|Protect|p1a: Rotom
|-singleturn|p1a: Rotom|Protect
|move|p2a: Garchomp|Dragon Claw|p1b: Garchomp
|-supereffective|p1b: Garchomp|1
|-crit|p1b: Garchomp
|-damage|p1b: Garchomp|0 fnt
|-damage|p2a: Garchomp|32/100|[from] ability: Rough Skin|[of] p1b: Garchomp
|faint|p1b: Garchomp
|move|p2b: Charizard|Solar Beam||[still]
|-prepare|p2b: Charizard|Solar Beam
|-anim|p2b: Charizard|Solar Beam|p1a: Rotom
|-activate|p1a: Rotom|move: Protect
|
|-weather|SunnyDay|[upkeep]
|upkeep
|
|t:|1784781553
|switch|p1b: Talonflame|Talonflame, L50, M|100/100
|turn|5
|
|t:|1784781573
|switch|p2a: Incineroar|Incineroar, L50, F|74/100
|-ability|p2a: Incineroar|Intimidate|boost
|-unboost|p1a: Rotom|atk|1
|-unboost|p1b: Talonflame|atk|1
|move|p2b: Charizard|Protect|p2b: Charizard
|-singleturn|p2b: Charizard|Protect
|move|p1b: Talonflame|Tailwind|p1b: Talonflame
|-sidestart|p1: Sasori07|move: Tailwind
|move|p1a: Rotom|Thunderbolt|p2b: Charizard
|-activate|p2b: Charizard|move: Protect
|
|-weather|SunnyDay|[upkeep]
|upkeep
|turn|6
|
|t:|1784781591
|switch|p1b: Glimmora|Glimmora, L50, F|100/100
|move|p1a: Rotom|Protect|p1a: Rotom
|-singleturn|p1a: Rotom|Protect
|move|p2a: Incineroar|Fake Out|p1a: Rotom
|-activate|p1a: Rotom|move: Protect
|move|p2b: Charizard|Heat Wave|p1a: Rotom|[spread] p1b
|-activate|p1a: Rotom|move: Protect
|-resisted|p1b: Glimmora|1
|-damage|p1b: Glimmora|60/100
|
|-weather|SunnyDay|[upkeep]
|upkeep
|turn|7
|inactive|VelascoAlvarado has 30 seconds left.
|
|t:|1784781618
|detailschange|p1b: Glimmora|Glimmora-Mega, L50, F
|-mega|p1b: Glimmora|Glimmora|Glimmoranite
|move|p2b: Charizard|Protect|p2b: Charizard
|-singleturn|p2b: Charizard|Protect
|move|p1b: Glimmora|Power Gem|p2a: Incineroar
|-supereffective|p2a: Incineroar|1
|-damage|p2a: Incineroar|0 fnt
|faint|p2a: Incineroar
|move|p1a: Rotom|Hydro Pump|p2b: Charizard
|-activate|p2b: Charizard|move: Protect
|
|-weather|SunnyDay|[upkeep]
|upkeep
|
|t:|1784781633
|switch|p2a: Venusaur|Venusaur, L50, F|100/100
|turn|8
|
|t:|1784781642
|move|p1b: Glimmora|Spiky Shield|p1b: Glimmora
|-singleturn|p1b: Glimmora|move: Protect
|move|p1a: Rotom|Protect|p1a: Rotom
|-singleturn|p1a: Rotom|Protect
|move|p2a: Venusaur|Sleep Powder|p1b: Glimmora
|-activate|p1b: Glimmora|move: Protect
|move|p2b: Charizard|Solar Beam||[still]
|-prepare|p2b: Charizard|Solar Beam
|-anim|p2b: Charizard|Solar Beam|p1a: Rotom
|-activate|p1a: Rotom|move: Protect
|
|-weather|none
|-sideend|p1: Sasori07|move: Tailwind
|upkeep
|turn|9
|
|t:|1784781662
|switch|p2b: Garchomp|Garchomp, L50, F|32/100
|switch|p1a: Talonflame|Talonflame, L50, M|100/100
|move|p1b: Glimmora|Power Gem|p2b: Garchomp
|-resisted|p2b: Garchomp|1
|-damage|p2b: Garchomp|0 fnt
|faint|p2b: Garchomp
|move|p2a: Venusaur|Sleep Powder|p1b: Glimmora
|-status|p1b: Glimmora|slp|[from] move: Sleep Powder
|
|upkeep
|
|t:|1784781674
|switch|p2b: Charizard|Charizard-Mega-Y, L50, M|100/100
|-weather|SunnyDay|[from] ability: Drought|[of] p2b: Charizard
|turn|10
|
|t:|1784781689
|move|p1a: Talonflame|Acrobatics|p2a: Venusaur
|-supereffective|p2a: Venusaur|1
|-enditem|p2a: Venusaur|Focus Sash
|-damage|p2a: Venusaur|1/100
|move|p2a: Venusaur|Earth Power|p1b: Glimmora
|-supereffective|p1b: Glimmora|2
|-damage|p1b: Glimmora|0 fnt
|faint|p1b: Glimmora
|move|p2b: Charizard|Heat Wave|p1a: Talonflame
|-resisted|p1a: Talonflame|1
|-damage|p1a: Talonflame|34/100
|
|-weather|SunnyDay|[upkeep]
|upkeep
|
|t:|1784781702
|switch|p1b: Rotom|Rotom-Wash, L50|100/100
|turn|11
|
|t:|1784781721
|move|p1a: Talonflame|Protect|p1a: Talonflame
|-singleturn|p1a: Talonflame|Protect
|move|p2a: Venusaur|Sludge Bomb|p1a: Talonflame
|-activate|p1a: Talonflame|move: Protect
|move|p2b: Charizard|Solar Beam||[still]
|-prepare|p2b: Charizard|Solar Beam
|-anim|p2b: Charizard|Solar Beam|p1b: Rotom
|-supereffective|p1b: Rotom|1
|-damage|p1b: Rotom|5/100
|move|p1b: Rotom|Thunderbolt|p2a: Venusaur
|-resisted|p2a: Venusaur|1
|-damage|p2a: Venusaur|0 fnt
|faint|p2a: Venusaur
|
|-weather|SunnyDay|[upkeep]
|upkeep
|turn|12
|
|t:|1784781734
|move|p1a: Talonflame|Tailwind|p1a: Talonflame
|-sidestart|p1: Sasori07|move: Tailwind
|move|p1b: Rotom|Thunderbolt|p2b: Charizard
|-supereffective|p2b: Charizard|1
|-damage|p2b: Charizard|14/100
|move|p2b: Charizard|Heat Wave|p1b: Rotom|[spread] p1a,p1b
|-resisted|p1a: Talonflame|1
|-resisted|p1b: Rotom|1
|-damage|p1a: Talonflame|0 fnt
|-damage|p1b: Rotom|0 fnt
|faint|p1a: Talonflame
|faint|p1b: Rotom
|
|win|VelascoAlvarado
|inactive|Sasori07 has 30 seconds to confirm battle start!
|inactive|VelascoAlvarado has 30 seconds to confirm battle start!
||VelascoAlvarado is ready for game 2.
||Sasori07 is ready for game 2.
|uhtml|next|Next: Game 2 of 3
|l|â˜†Sasori07
|player|p1|
