|j|☆txabo mctxabo
|j|☆garrman3
|html|txabo mctxabogarrman3    
|uhtml|bestof|Game 2 of a best-of-3
|t:|1756029268
|gametype|doubles
|player|p1|txabo mctxabo|2|1195
|player|p2|garrman3|fisherman-gen4|1265
|gen|9
|tier|[Gen 9] VGC 2025 Reg H (Bo3)
|rated|
|rule|Species Clause: Limit one of each Pokémon
|rule|Item Clause: Limit 1 of each item
|clearpoke
|poke|p1|Gliscor, L50, M|
|poke|p1|Dondozo, L50, M|
|poke|p1|Gholdengo, L50|
|poke|p1|Rillaboom, L50, M|
|poke|p1|Dragapult, L50, M|
|poke|p1|Porygon2, L50|
|poke|p2|Archaludon, L50, F|
|poke|p2|Pelipper, L50, M|
|poke|p2|Basculegion, L50, M|
|poke|p2|Gholdengo, L50|
|poke|p2|Whimsicott, L50, M|
|poke|p2|Annihilape, L50, M|
|teampreview|4
|showteam|p1|Gliscor||ToxicOrb|PoisonHeal|SandTomb,Protect,DualWingbeat,HighHorsepower|||M|||50|,,,,,Water]Dondozo||Leftovers|Unaware|Yawn,WaveCrash,Protect,Fissure|||M|||50|,,,,,Poison]Gholdengo||ChoiceScarf|GoodasGold|MakeItRain,ShadowBall,Trick,Thunderbolt||||||50|,,,,,Steel]Rillaboom||MiracleSeed|GrassySurge|FakeOut,GrassyGlide,WoodHammer,HighHorsepower|||M|||50|,,,,,Fire]Dragapult||ChoiceBand|ClearBody|DragonDarts,Uturn,Outrage,PhantomForce|||M|||50|,,,,,Dragon]Porygon2||Eviolite|Download|TeraBlast,IceBeam,TrickRoom,Recover||||||50|,,,,,Fighting
|showteam|p2|Archaludon||AssaultVest|Stamina|BodyPress,DragonPulse,FlashCannon,ElectroShot|||F|||50|,,,,,Bug]Pelipper||FocusSash|Drizzle|WeatherBall,Hurricane,Tailwind,Protect|||M|||50|,,,,,Ground]Basculegion||ChoiceBand|SwiftSwim|WaveCrash,LastRespects,AquaJet,FlipTurn|||M|||50|,,,,,Water]Gholdengo||LifeOrb|GoodasGold|MakeItRain,ShadowBall,NastyPlot,Protect||||||50|,,,,,Water]Whimsicott||CovertCloak|Prankster|BeatUp,Tailwind,Moonblast,Taunt|||M|||50|,,,,,Ghost]Annihilape||ChoiceScarf|Defiant|RageFist,FinalGambit,CloseCombat,Uturn|||M|||50|,,,,,Grass
|inactive|Battle timer is ON: inactive players will automatically lose when time's up. (requested by txabo mctxabo)
|inactive|garrman3 also wants the timer to be on.
|inactive|garrman3 has 60 seconds left.
|inactive|txabo mctxabo has 60 seconds left.
|
|t:|1756029320
|teamsize|p1|4
|teamsize|p2|4
|start
|switch|p1a: Gliscor|Gliscor, L50, M|100/100
|switch|p1b: Dondozo|Dondozo, L50, M|100/100
|switch|p2a: Archaludon|Archaludon, L50, F|100/100
|switch|p2b: Whimsicott|Whimsicott, L50, M, shiny|100/100
|turn|1
|inactive|garrman3 has 30 seconds left.
|
|t:|1756029354
|switch|p2b: Pelipper|Pelipper, L50, M|100/100
|-weather|RainDance|[from] ability: Drizzle|[of] p2b: Pelipper
|switch|p1b: Gholdengo|Gholdengo, L50|100/100
|-terastallize|p2a: Archaludon|Bug
|move|p1a: Gliscor|Sand Tomb|p2a: Archaludon
|-resisted|p2a: Archaludon
|-damage|p2a: Archaludon|96/100
|-activate|p2a: Archaludon|move: Sand Tomb|[of] p1a: Gliscor
|-ability|p2a: Archaludon|Stamina|boost
|-boost|p2a: Archaludon|def|1
|move|p2a: Archaludon|Electro Shot||[still]
|-prepare|p2a: Archaludon|Electro Shot
|-boost|p2a: Archaludon|spa|1
|-anim|p2a: Archaludon|Electro Shot|p1b: Gholdengo
|-damage|p1b: Gholdengo|27/100
|
|-weather|RainDance|[upkeep]
|-damage|p2a: Archaludon|84/100|[from] move: Sand Tomb|[partiallytrapped]
|-status|p1a: Gliscor|tox|[from] item: Toxic Orb
|upkeep
|turn|2
|inactive|txabo mctxabo has 30 seconds left.
|inactive|garrman3 has 30 seconds left.
|inactive|txabo mctxabo has 20 seconds left.
|inactive|txabo mctxabo has 15 seconds left.
|
|t:|1756029397
|switch|p1a: Rillaboom|Rillaboom, L50, M|100/100
|-fieldstart|move: Grassy Terrain|[from] ability: Grassy Surge|[of] p1a: Rillaboom
|move|p1b: Gholdengo|Make It Rain|p2b: Pelipper|[spread] p2a,p2b
|-resisted|p2b: Pelipper
|-crit|p2b: Pelipper
|-damage|p2a: Archaludon|45/100
|-damage|p2b: Pelipper|27/100
|-unboost|p1b: Gholdengo|spa|1
|-ability|p2a: Archaludon|Stamina|boost
|-boost|p2a: Archaludon|def|1
|move|p2b: Pelipper|Tailwind|p2b: Pelipper
|-sidestart|p2: garrman3|move: Tailwind
|move|p2a: Archaludon|Electro Shot||[still]
|-prepare|p2a: Archaludon|Electro Shot
|-boost|p2a: Archaludon|spa|1
|-anim|p2a: Archaludon|Electro Shot|p1b: Gholdengo
|-damage|p1b: Gholdengo|0 fnt
|faint|p1b: Gholdengo
|
|-weather|RainDance|[upkeep]
|-heal|p2a: Archaludon|51/100|[from] Grassy Terrain
|-end|p2a: Archaludon|Sand Tomb|[partiallytrapped]|[silent]
|upkeep
|
|t:|1756029409
|switch|p1b: Gliscor|Gliscor, L50, M|100/100 tox
|turn|3
|inactive|garrman3 has 30 seconds left.
|
|t:|1756029443
|switch|p2b: Whimsicott|Whimsicott, L50, M, shiny|100/100
|move|p1a: Rillaboom|Fake Out|p2a: Archaludon
|-damage|p2a: Archaludon|45/100
|-ability|p2a: Archaludon|Stamina|boost
|-boost|p2a: Archaludon|def|1
|cant|p2a: Archaludon|flinch
|move|p1b: Gliscor|Sand Tomb|p2a: Archaludon
|-resisted|p2a: Archaludon
|-damage|p2a: Archaludon|43/100
|-activate|p2a: Archaludon|move: Sand Tomb|[of] p1b: Gliscor
|-ability|p2a: Archaludon|Stamina|boost
|-boost|p2a: Archaludon|def|1
|
|-weather|RainDance|[upkeep]
|-heal|p2a: Archaludon|49/100|[from] Grassy Terrain
|-damage|p2a: Archaludon|37/100|[from] move: Sand Tomb|[partiallytrapped]
|upkeep
|turn|4
|inactive|garrman3 has 30 seconds left.
|inactive|garrman3 has 20 seconds left.
|
|t:|1756029482
|move|p2b: Whimsicott|Moonblast|p1a: Rillaboom
|-damage|p1a: Rillaboom|52/100
|move|p2a: Archaludon|Electro Shot||[still]
|-prepare|p2a: Archaludon|Electro Shot
|-boost|p2a: Archaludon|spa|1
|-anim|p2a: Archaludon|Electro Shot|p1a: Rillaboom
|-resisted|p1a: Rillaboom
|-crit|p1a: Rillaboom
|-damage|p1a: Rillaboom|0 fnt
|faint|p1a: Rillaboom
|move|p1b: Gliscor|Dual Wingbeat|p2a: Archaludon
|-supereffective|p2a: Archaludon
|-damage|p2a: Archaludon|30/100
|-ability|p2a: Archaludon|Stamina|boost
|-boost|p2a: Archaludon|def|1
|-supereffective|p2a: Archaludon
|-damage|p2a: Archaludon|23/100
|-ability|p2a: Archaludon|Stamina|boost
|-boost|p2a: Archaludon|def|1
|-hitcount|p2a: Archaludon|2
|
|-weather|RainDance|[upkeep]
|-heal|p2a: Archaludon|29/100|[from] Grassy Terrain
|-damage|p2a: Archaludon|17/100|[from] move: Sand Tomb|[partiallytrapped]
|upkeep
|
|t:|1756029495
|switch|p1a: Dondozo|Dondozo, L50, M|100/100
|turn|5
|
|t:|1756029510
|move|p2b: Whimsicott|Taunt|p1a: Dondozo
|-start|p1a: Dondozo|move: Taunt
|move|p2a: Archaludon|Dragon Pulse|p1b: Gliscor
|-damage|p1b: Gliscor|12/100 tox
|move|p1b: Gliscor|Dual Wingbeat|p2b: Whimsicott
|-supereffective|p2b: Whimsicott
|-damage|p2b: Whimsicott|59/100
|-supereffective|p2b: Whimsicott
|-damage|p2b: Whimsicott|14/100
|-hitcount|p2b: Whimsicott|2
|move|p1a: Dondozo|Wave Crash|p2a: Archaludon
|-crit|p2a: Archaludon
|-damage|p2a: Archaludon|0 fnt
|faint|p2a: Archaludon
|-damage|p1a: Dondozo|96/100|[from] Recoil
|
|-weather|none
|-heal|p2b: Whimsicott|20/100|[from] Grassy Terrain
|-heal|p1a: Dondozo|100/100|[from] Grassy Terrain
|-heal|p1b: Gliscor|24/100 tox|[from] ability: Poison Heal
|-sideend|p2: garrman3|move: Tailwind
|upkeep
|
|t:|1756029516
|switch|p2a: Pelipper|Pelipper, L50, M|27/100
|-weather|RainDance|[from] ability: Drizzle|[of] p2a: Pelipper
|turn|6
|
|t:|1756029532
|move|p2a: Pelipper|Protect|p2a: Pelipper
|-singleturn|p2a: Pelipper|Protect
|move|p1b: Gliscor|Protect|p1b: Gliscor
|-singleturn|p1b: Gliscor|Protect
|move|p2b: Whimsicott|Moonblast|p1b: Gliscor
|-activate|p1b: Gliscor|move: Protect
|move|p1a: Dondozo|Wave Crash|p2a: Pelipper
|-activate|p2a: Pelipper|move: Protect
|
|-weather|RainDance|[upkeep]
|-heal|p2b: Whimsicott|25/100|[from] Grassy Terrain
|-heal|p1b: Gliscor|37/100 tox|[from] ability: Poison Heal
|-fieldend|move: Grassy Terrain
|upkeep
|turn|7
|
|t:|1756029543
|-terastallize|p1b: Gliscor|Water
|move|p2b: Whimsicott|Tailwind|p2b: Whimsicott
|-sidestart|p2: garrman3|move: Tailwind
|move|p2a: Pelipper|Hurricane|p1b: Gliscor
|-damage|p1b: Gliscor|0 fnt
|faint|p1b: Gliscor
|move|p1a: Dondozo|Wave Crash|p2a: Pelipper
|-resisted|p2a: Pelipper
|-damage|p2a: Pelipper|0 fnt
|faint|p2a: Pelipper
|-damage|p1a: Dondozo|96/100|[from] Recoil
|
|-weather|RainDance|[upkeep]
|-heal|p1a: Dondozo|100/100|[from] item: Leftovers
|-end|p1a: Dondozo|move: Taunt
|upkeep
|
|t:|1756029546
|switch|p2a: Basculegion|Basculegion, L50, M|100/100
|turn|8
|
|t:|1756029554
|move|p1a: Dondozo|Protect|p1a: Dondozo
|-singleturn|p1a: Dondozo|Protect
|move|p2a: Basculegion|Last Respects|p1a: Dondozo
|-activate|p1a: Dondozo|move: Protect
|move|p2b: Whimsicott|Moonblast|p1a: Dondozo
|-activate|p1a: Dondozo|move: Protect
|
|-weather|RainDance|[upkeep]
|upkeep
|turn|9
|
|t:|1756029562
|move|p2a: Basculegion|Last Respects|p1a: Dondozo
|-damage|p1a: Dondozo|28/100
|move|p2b: Whimsicott|Moonblast|p1a: Dondozo
|-damage|p1a: Dondozo|3/100
|move|p1a: Dondozo|Yawn|p2a: Basculegion
|-start|p2a: Basculegion|move: Yawn|[of] p1a: Dondozo
|
|-weather|RainDance|[upkeep]
|-heal|p1a: Dondozo|9/100|[from] item: Leftovers
|upkeep
|turn|10
|
|t:|1756029568
|move|p1a: Dondozo|Protect|p1a: Dondozo
|-singleturn|p1a: Dondozo|Protect
|move|p2a: Basculegion|Last Respects|p1a: Dondozo
|-activate|p1a: Dondozo|move: Protect
|move|p2b: Whimsicott|Moonblast|p1a: Dondozo
|-activate|p1a: Dondozo|move: Protect
|
|-weather|none
|-heal|p1a: Dondozo|16/100|[from] item: Leftovers
|-end|p2a: Basculegion|move: Yawn|[silent]
|-status|p2a: Basculegion|slp
|-sideend|p2: garrman3|move: Tailwind
|upkeep
|turn|11
|
|t:|1756029573
|move|p2b: Whimsicott|Moonblast|p1a: Dondozo
|-damage|p1a: Dondozo|0 fnt
|faint|p1a: Dondozo
|
|win|garrman3
|raw|txabo mctxabo's rating: 1195 → 1175(-20 for losing)
|raw|garrman3's rating: 1265 → 1285(+20 for winning)
|c|☆garrman3|gg
|l|☆txabo mctxabo
|player|p1|
