|j|☆Monfernep
|j|‽YarikFireDragon
|html|MonfernepYarikFireDragon    
|uhtml|bestof|Game 1 of a best-of-3
|t:|1785678542
|gametype|doubles
|player|p1|Monfernep|skyla|
|player|p2|YarikFireDragon|169|
|gen|9
|tier|[Gen 9 Champions] VGC 2026 Reg M-B (Bo3)
|rule|Species Clause: Limit one of each Pokémon
|rule|Item Clause: Limit 1 of each item
|clearpoke
|poke|p1|Simisear, L50, M|
|poke|p1|Tinkaton, L50, F|
|poke|p1|Garbodor, L50, M|
|poke|p1|Simisage, L50, F|
|poke|p1|Heliolisk, L50, F|
|poke|p1|Zoroark, L50, M|
|poke|p2|Heliolisk, L50, F|
|poke|p2|Mr. Rime, L50, F|
|poke|p2|Runerigus, L50, F|
|poke|p2|Toucannon, L50, M|
|poke|p2|Simipour, L50, M|
|poke|p2|Garbodor, L50, M|
|teampreview|4
|showteam|p1|Simisear||FocusSash|Gluttony|ScorchingSands,NastyPlot,HeatWave,GrassKnot|Timid||M|||50|]Tinkaton||Leftovers|MoldBreaker|FakeOut,GigatonHammer,KnockOff,RockSlide|Jolly||F|||50|]Garbodor||HeatRock|WeakArmor|StompingTantrum,PoisonJab,SunnyDay,Haze|Serious||M|||50|]Simisage||LifeOrb|Overgrow|LowSweep,SolarBlade,Protect,RockSlide|Jolly||F|||50|]Heliolisk||ExpertBelt|SolarPower|SolarBeam,DarkPulse,Uturn,Thunderbolt|Timid||F|||50|]Zoroark||ChoiceScarf|Illusion|GrassKnot,BurningJealousy,DarkPulse,Uturn|Timid||M|||50|
|showteam|p2|Heliolisk||LifeOrb|DrySkin|Electroweb,Thunderbolt,HyperVoice,Glare|Timid||F|||50|]Mr. Rime||IcyRock|IceBody|Protect,AllySwitch,Blizzard,Snowscape|Calm||F|||50|]Runerigus||MentalHerb|WanderingSpirit|TrickRoom,Curse,Protect,Poltergeist|Serious||F|||50|]Toucannon||FocusSash|SkillLink|Tailwind,Protect,RockBlast,BeakBlast|Serious||M|||50|]Simipour||WacanBerry|Gluttony|Surf,Blizzard,FakeOut,NastyPlot|Timid||M|||50|]Garbodor||PoisonBarb|WeakArmor|Explosion,PoisonJab,Haze,Curse|Brave||M|||50|
|c|☆Monfernep|Дап
|
|t:|1785678614
|teamsize|p1|4
|teamsize|p2|4
|start
|switch|p1a: Heliolisk|Heliolisk, L50, F|100/100
|switch|p1b: Tinkaton|Tinkaton, L50, F|100/100
|switch|p2a: Runerigus|Runerigus, L50, F|100/100
|switch|p2b: Garbodor|Garbodor, L50, M|100/100
|-ability|p1b: Tinkaton|Mold Breaker
|turn|1
|
|t:|1785678626
|move|p1b: Tinkaton|Fake Out|p2b: Garbodor
|-damage|p2b: Garbodor|87/100
|-ability|p2b: Garbodor|Weak Armor|boost
|-unboost|p2b: Garbodor|def|1
|-boost|p2b: Garbodor|spe|2
|move|p1a: Heliolisk|Dark Pulse|p2a: Runerigus
|-supereffective|p2a: Runerigus|1
|-damage|p2a: Runerigus|49/100
|cant|p2b: Garbodor|flinch
|move|p2a: Runerigus|Trick Room|p2a: Runerigus
|-fieldstart|move: Trick Room|[of] p2a: Runerigus
|
|upkeep
|turn|2
|
|t:|1785678645
|move|p2a: Runerigus|Poltergeist|p1b: Tinkaton
|-activate|p1b: Tinkaton|move: Poltergeist|Leftovers
|-damage|p1b: Tinkaton|47/100
|move|p1b: Tinkaton|Gigaton Hammer|p2b: Garbodor
|-damage|p2b: Garbodor|0 fnt
|faint|p2b: Garbodor
|move|p1a: Heliolisk|Dark Pulse|p2a: Runerigus
|-supereffective|p2a: Runerigus|1
|-damage|p2a: Runerigus|0 fnt
|faint|p2a: Runerigus
|
|-heal|p1b: Tinkaton|53/100|[from] item: Leftovers
|upkeep
|
|t:|1785678655
|switch|p2a: Mr. Rime|Mr. Rime, L50, F|100/100
|switch|p2b: Toucannon|Toucannon, L50, M|100/100
|turn|3
|
|t:|1785678694
|move|p2b: Toucannon|Rock Blast|p1a: Heliolisk
|-damage|p1a: Heliolisk|82/100
|-damage|p1a: Heliolisk|62/100
|-damage|p1a: Heliolisk|44/100
|-damage|p1a: Heliolisk|27/100
|-damage|p1a: Heliolisk|8/100
|-hitcount|p1a: Heliolisk|5
|move|p2a: Mr. Rime|Blizzard|p1b: Tinkaton|[spread] p1b
|-miss|p2a: Mr. Rime|p1a: Heliolisk
|-resisted|p1b: Tinkaton|1
|-damage|p1b: Tinkaton|37/100
|-status|p1b: Tinkaton|frz
|cant|p1b: Tinkaton|frz
|move|p1a: Heliolisk|Thunderbolt|p2b: Toucannon
|-supereffective|p2b: Toucannon|1
|-enditem|p2b: Toucannon|Focus Sash
|-damage|p2b: Toucannon|1/100
|
|-heal|p1b: Tinkaton|43/100 frz|[from] item: Leftovers
|upkeep
|turn|4
|
|t:|1785678733
|move|p2b: Toucannon|Rock Blast|p1a: Heliolisk
|-damage|p1a: Heliolisk|0 fnt
|faint|p1a: Heliolisk
|-hitcount|p1: Heliolisk|1
|move|p2a: Mr. Rime|Snowscape|p2a: Mr. Rime
|-weather|Snowscape
|cant|p1b: Tinkaton|frz
|
|-weather|Snowscape|[upkeep]
|-heal|p1b: Tinkaton|50/100y frz|[from] item: Leftovers
|upkeep
|
|t:|1785678739
|switch|p1a: Hydrogen Baby|Simisear, L50, M|100/100
|turn|5
|
|t:|1785678763
|move|p2a: Mr. Rime|Ally Switch|p2a: Mr. Rime
|swap|p2a: Mr. Rime|1|[from] move: Ally Switch
|move|p2a: Toucannon|Tailwind|p2a: Toucannon
|-sidestart|p2: YarikFireDragon|move: Tailwind
|-curestatus|p1b: Tinkaton|frz|[msg]
|move|p1b: Tinkaton|Rock Slide|p2b: Mr. Rime|[spread] p2a,p2b
|-supereffective|p2a: Toucannon|1
|-crit|p2a: Toucannon
|-supereffective|p2b: Mr. Rime|1
|-damage|p2a: Toucannon|0 fnt
|-damage|p2b: Mr. Rime|76/100
|faint|p2a: Toucannon
|move|p1a: Hydrogen Baby|Burning Jealousy|p2b: Mr. Rime
|-supereffective|p2b: Mr. Rime|1
|-damage|p2b: Mr. Rime|43/100
|
|-weather|Snowscape|[upkeep]
|-heal|p2b: Mr. Rime|49/100|[from] ability: Ice Body
|-heal|p1b: Tinkaton|56/100|[from] item: Leftovers
|-fieldend|move: Trick Room
|upkeep
|turn|6
|
|t:|1785678779
|move|p1a: Hydrogen Baby|Burning Jealousy|p2b: Mr. Rime
|-supereffective|p2b: Mr. Rime|1
|-damage|p2b: Mr. Rime|17/100
|move|p2b: Mr. Rime|Blizzard|p1a: Hydrogen Baby|[spread] p1a,p1b
|-crit|p1a: Hydrogen Baby
|-resisted|p1b: Tinkaton|1
|-damage|p1a: Hydrogen Baby|10/100
|-damage|p1b: Tinkaton|38/100
|replace|p1a: Zoroark|Zoroark, L50, M
|-end|p1a: Zoroark|Illusion
|move|p1b: Tinkaton|Knock Off|p2b: Mr. Rime
|-supereffective|p2b: Mr. Rime|1
|-damage|p2b: Mr. Rime|0 fnt
|-enditem|p2b: Mr. Rime|Icy Rock|[from] move: Knock Off|[of] p1b: Tinkaton
|faint|p2b: Mr. Rime
|
|win|Monfernep
||Monfernep is ready for game 2.
|inactive|YarikFireDragon has 30 seconds to confirm battle start!
||YarikFireDragon is ready for game 2.
|uhtml|next|Next: Game 2 of 3
|l|‽YarikFireDragon
|player|p2|
