|j|☆natsukivgc
|j|☆throwingthisup
|html|natsukivgcthrowingthisup    
|uhtml|bestof|Game 2 of a best-of-3
|t:|1785468679
|gametype|doubles
|player|p1|natsukivgc|1|1079
|player|p2|throwingthisup|1|1000
|gen|9
|tier|[Gen 9 Champions] VGC 2026 Reg M-B (Bo3)
|rated|
|rule|Species Clause: Limit one of each Pokémon
|rule|Item Clause: Limit 1 of each item
|clearpoke
|poke|p1|Charizard, L50, M|
|poke|p1|Sneasler, L50, M|
|poke|p1|Kingambit, L50, F|
|poke|p1|Dragonite, L50, F|
|poke|p1|Floette-Eternal, L50, F|
|poke|p1|Whimsicott, L50, F|
|poke|p2|Ninetales-Alola, L50, F|
|poke|p2|Banette, L50, M|
|poke|p2|Sneasler, L50, M|
|poke|p2|Maushold-Four, L50|
|poke|p2|Garchomp, L50, F|
|poke|p2|Scizor, L50, F|
|teampreview|4
|showteam|p1|Charizard||CharizarditeY|Blaze|HeatWave,SolarBeam,WeatherBall,Protect|Modest||M|||50|]Sneasler||WhiteHerb|Unburden|CloseCombat,DireClaw,FakeOut,Coaching|Jolly||M|||50|]Kingambit||BlackGlasses|Defiant|KowtowCleave,SuckerPunch,SwordsDance,Protect|Adamant||F|||50|]Dragonite||LifeOrb|InnerFocus|DragonClaw,LowKick,ExtremeSpeed,Protect|Adamant||F|||50|]Floette-Eternal||Floettite|FlowerVeil|Moonblast,DazzlingGleam,LightofRuin,Protect|Modest||F|||50|]Whimsicott||FocusSash|Prankster|Moonblast,Tailwind,Encore,Protect|Timid||F|||50|
|showteam|p2|Ninetales-Alola||LightClay|SnowWarning|FreezeDry,AuroraVeil,Blizzard,Protect|Timid||F|||50|]Banette||Banettite|Insomnia|Protect,Poltergeist,WillOWisp,KnockOff|Brave||M|||50|]Sneasler||FocusSash|PoisonTouch|FakeOut,DireClaw,CloseCombat,Coaching|Jolly||M|||50|]Maushold-Four||ChopleBerry|FriendGuard|Protect,FollowMe,SuperFang,AfterYou|Timid|||||50|]Garchomp||LifeOrb|RoughSkin|RockSlide,DragonClaw,StompingTantrum,Protect|Jolly||F|||50|]Scizor||ExpertBelt|Technician|BugBite,BulletPunch,DualWingbeat,Protect|Adamant||F|||50|
|
|t:|1785468696
|teamsize|p1|4
|teamsize|p2|4
|start
|switch|p1a: Sneasler|Sneasler, L50, M|100/100
|switch|p1b: Dragonite|Dragonite, L50, F|100/100
|switch|p2a: Sneasler|Sneasler, L50, M|100/100
|switch|p2b: Garchomp|Garchomp, L50, F|100/100
|turn|1
|
|t:|1785468743
|move|p1a: Sneasler|Fake Out|p2a: Sneasler
|-damage|p2a: Sneasler|76/100
|cant|p2a: Sneasler|flinch
|move|p2b: Garchomp|Rock Slide|p1a: Sneasler|[spread] p1a,p1b
|-resisted|p1a: Sneasler|1
|-crit|p1a: Sneasler
|-supereffective|p1b: Dragonite|1
|-damage|p1a: Sneasler|64/100
|-damage|p1b: Dragonite|46/100
|-damage|p2b: Garchomp|90/100|[from] item: Life Orb
|move|p1b: Dragonite|Dragon Claw|p2b: Garchomp
|-supereffective|p2b: Garchomp|1
|-damage|p2b: Garchomp|0 fnt
|-damage|p1b: Dragonite|34/100|[from] ability: Rough Skin|[of] p2b: Garchomp
|faint|p2b: Garchomp
|-damage|p1b: Dragonite|24/100|[from] item: Life Orb
|
|upkeep
|
|t:|1785468762
|switch|p2b: Scizor|Scizor, L50, F|100/100
|turn|2
|
|t:|1785468798
|move|p1b: Dragonite|Protect|p1b: Dragonite
|-singleturn|p1b: Dragonite|Protect
|move|p1a: Sneasler|Coaching|p1b: Dragonite
|-boost|p1b: Dragonite|atk|1
|-boost|p1b: Dragonite|def|1
|move|p2a: Sneasler|Coaching|p2b: Scizor
|-boost|p2b: Scizor|atk|1
|-boost|p2b: Scizor|def|1
|move|p2b: Scizor|Dual Wingbeat|p1a: Sneasler
|-supereffective|p1a: Sneasler|1
|-damage|p1a: Sneasler|0 fnt
|faint|p1a: Sneasler
|-hitcount|p1: Sneasler|1
|
|upkeep
|
|t:|1785468821
|switch|p1a: Whimsicott|Whimsicott, L50, F|100/100
|turn|3
|
|t:|1785468838
|move|p1b: Dragonite|Extreme Speed|p2a: Sneasler
|-damage|p2a: Sneasler|0 fnt
|faint|p2a: Sneasler
|-damage|p1b: Dragonite|15/100|[from] item: Life Orb
|move|p1a: Whimsicott|Tailwind|p1a: Whimsicott
|-sidestart|p1: natsukivgc|move: Tailwind
|move|p2b: Scizor|Bullet Punch|p1b: Dragonite
|-damage|p1b: Dragonite|0 fnt
|faint|p1b: Dragonite
|
|upkeep
|
|t:|1785468851
|switch|p2a: Banette|Banette, L50, M|100/100
|switch|p1b: Charizard|Charizard, L50, M|100/100
|turn|4
|
|t:|1785468877
|detailschange|p1b: Charizard|Charizard-Mega-Y, L50, M
|-mega|p1b: Charizard|Charizard|Charizardite Y
|-weather|SunnyDay|[from] ability: Drought|[of] p1b: Charizard
|detailschange|p2a: Banette|Banette-Mega, L50, M
|-mega|p2a: Banette|Banette|Banettite
|move|p2b: Scizor|Protect|p2b: Scizor
|-singleturn|p2b: Scizor|Protect
|move|p1a: Whimsicott|Encore|p2b: Scizor
|-activate|p2b: Scizor|move: Protect
|move|p1b: Charizard|Heat Wave|p2b: Scizor|[spread] p2a
|-activate|p2b: Scizor|move: Protect
|-damage|p2a: Banette|2/100
|move|p2a: Banette|Poltergeist|p1a: Whimsicott|[miss]
|-miss|p2a: Banette|p1a: Whimsicott
|
|-weather|SunnyDay|[upkeep]
|upkeep
|turn|5
|
|t:|1785468903
|move|p1a: Whimsicott|Encore|p2b: Scizor
|-start|p2b: Scizor|Encore
|move|p2b: Scizor|Protect|p2b: Scizor
|-singleturn|p2b: Scizor|Protect
|move|p1b: Charizard|Heat Wave|p2b: Scizor|[spread] p2a
|-activate|p2b: Scizor|move: Protect
|-damage|p2a: Banette|0 fnt
|faint|p2a: Banette
|
|-weather|SunnyDay|[upkeep]
|upkeep
|turn|6
|
|t:|1785468916
|move|p2b: Scizor|Protect||[still]
|-fail|p2b: Scizor
|move|p1a: Whimsicott|Moonblast|p2b: Scizor
|-resisted|p2b: Scizor|1
|-damage|p2b: Scizor|78/100
|move|p1b: Charizard|Weather Ball|p2b: Scizor
|-supereffective|p2b: Scizor|2
|-damage|p2b: Scizor|0 fnt
|faint|p2b: Scizor
|
|win|natsukivgc
|raw|natsukivgc's rating: 1079 → 1101(+22 for winning)
|raw|throwingthisup's rating: 1000 → 1000(+0 for losing)
