|j|☆harpdog
|j|☆heatfre3ze
|html|harpdogheatfre3ze    
|uhtml|bestof|Game 2 of a best-of-3
|t:|1783026868
|gametype|doubles
|player|p1|harpdog|265|1018
|player|p2|heatfre3ze|caitlin|1026
|gen|9
|tier|[Gen 9 Champions] VGC 2026 Reg M-B (Bo3)
|rated|
|rule|Species Clause: Limit one of each Pokémon
|rule|Item Clause: Limit 1 of each item
|clearpoke
|poke|p1|Beedrill, L50, M|
|poke|p1|Toxapex, L50, M|
|poke|p1|Incineroar, L50, M|
|poke|p1|Staraptor, L50, F|
|poke|p1|Whimsicott, L50, F|
|poke|p1|Ninetales-Alola, L50, F|
|poke|p2|Sneasler, L50, M, shiny|
|poke|p2|Sinistcha, L50, shiny|
|poke|p2|Incineroar, L50, M, shiny|
|poke|p2|Charizard, L50, F, shiny|
|poke|p2|Floette-Eternal, L50, F|
|poke|p2|Kingambit, L50, F, shiny|
|teampreview|4
|showteam|p1|Beedrill||Beedrillite|Swarm|PoisonJab,DrillRun,Uturn,Protect|Jolly||M|||50|]Toxapex||Leftovers|Regenerator|Toxic,MuddyWater,WideGuard,BanefulBunker|Bold||M|||50|]Incineroar||SitrusBerry|Intimidate|FakeOut,FlareBlitz,DarkestLariat,PartingShot|Adamant||M|||50|]Staraptor||Staraptite|Reckless|CloseCombat,BraveBird,DoubleEdge,Protect|Jolly||F|||50|]Whimsicott||FocusSash|Prankster|Moonblast,Tailwind,Encore,Protect|Timid||F|||50|]Ninetales-Alola||ChoiceScarf|SnowWarning|Blizzard,FreezeDry,Moonblast,Charm|Modest||F|||50|
|showteam|p2|Sneasler||FocusSash|PoisonTouch|FakeOut,GunkShot,CloseCombat,Coaching|Jolly||M|||50|]Sinistcha||SitrusBerry|Hospitality|MatchaGotcha,RagePowder,TrickRoom,Protect|Bold|||||50|]Incineroar||ChopleBerry|Intimidate|FlareBlitz,HelpingHand,PartingShot,FakeOut|Impish||M|||50|]Charizard||CharizarditeX|Blaze|FlareBlitz,DragonClaw,DragonDance,Protect|Adamant||F|||50|]Floette-Eternal||Floettite|FlowerVeil|Moonblast,CalmMind,DazzlingGleam,Protect|Modest||F|||50|]Kingambit||BlackGlasses|Defiant|KowtowCleave,SuckerPunch,SwordsDance,Protect|Adamant||F|||50|
|
|t:|1783026898
|teamsize|p1|4
|teamsize|p2|4
|start
|switch|p1a: Staraptor|Staraptor, L50, F|100/100
|switch|p1b: Whimsicott|Whimsicott, L50, F|100/100
|switch|p2a: Eragon|Incineroar, L50, M, shiny|100/100
|switch|p2b: Thorn|Charizard, L50, F, shiny|100/100
|-ability|p2a: Eragon|Intimidate|boost
|-unboost|p1a: Staraptor|atk|1
|-unboost|p1b: Whimsicott|atk|1
|turn|1
|
|t:|1783026944
|detailschange|p1a: Staraptor|Staraptor-Mega, L50, F
|-mega|p1a: Staraptor|Staraptor|Staraptite
|detailschange|p2b: Thorn|Charizard-Mega-X, L50, F, shiny
|-mega|p2b: Thorn|Charizard|Charizardite X
|move|p1b: Whimsicott|Protect|p1b: Whimsicott
|-singleturn|p1b: Whimsicott|Protect
|move|p1a: Staraptor|Protect|p1a: Staraptor
|-singleturn|p1a: Staraptor|Protect
|move|p2a: Eragon|Fake Out|p1b: Whimsicott
|-activate|p1b: Whimsicott|move: Protect
|move|p2b: Thorn|Dragon Dance|p2b: Thorn
|-boost|p2b: Thorn|atk|1
|-boost|p2b: Thorn|spe|1
|
|upkeep
|turn|2
|
|t:|1783026966
|move|p2a: Eragon|Helping Hand|p2b: Thorn
|-singleturn|p2b: Thorn|Helping Hand|[of] p2a: Eragon
|move|p1b: Whimsicott|Encore|p2b: Thorn
|-start|p2b: Thorn|Encore
|move|p2b: Thorn|Dragon Dance|p2b: Thorn
|-boost|p2b: Thorn|atk|1
|-boost|p2b: Thorn|spe|1
|move|p1a: Staraptor|Close Combat|p2b: Thorn
|-damage|p2b: Thorn|56/100
|-boost|p1a: Staraptor|def|1
|-boost|p1a: Staraptor|spd|1
|
|upkeep
|turn|3
|
|t:|1783026987
|switch|p1b: Ninetales|Ninetales-Alola, L50, F|100/100
|-weather|Snowscape|[from] ability: Snow Warning|[of] p1b: Ninetales
|switch|p2a: Angela|Sinistcha, L50, shiny|100/100
|-heal|p2b: Thorn|81/100|[from] ability: Hospitality|[of] p2a: Angela
|move|p2b: Thorn|Dragon Dance|p2b: Thorn
|-boost|p2b: Thorn|atk|1
|-boost|p2b: Thorn|spe|1
|move|p1a: Staraptor|Close Combat|p2a: Angela
|-immune|p2a: Angela
|
|-weather|Snowscape|[upkeep]
|upkeep
|turn|4
|
|t:|1783027010
|switch|p1b: Whimsicott|Whimsicott, L50, F|100/100
|move|p2b: Thorn|Dragon Dance|p2b: Thorn
|-boost|p2b: Thorn|atk|1
|-boost|p2b: Thorn|spe|1
|move|p1a: Staraptor|Brave Bird|p2a: Angela
|-supereffective|p2a: Angela|1
|-damage|p2a: Angela|39/100
|-enditem|p2a: Angela|Sitrus Berry|[eat]
|-heal|p2a: Angela|64/100|[from] item: Sitrus Berry
|-damage|p1a: Staraptor|77/100|[from] Recoil
|move|p2a: Angela|Matcha Gotcha|p1a: Staraptor|[spread] p1a,p1b
|-resisted|p1a: Staraptor|1
|-resisted|p1b: Whimsicott|1
|-damage|p1a: Staraptor|68/100
|-heal|p2a: Angela|68/100|[from] drain|[of] p1a: Staraptor
|-damage|p1b: Whimsicott|81/100
|-heal|p2a: Angela|75/100|[from] drain|[of] p1b: Whimsicott
|-status|p1a: Staraptor|brn
|
|-weather|Snowscape|[upkeep]
|-damage|p1a: Staraptor|62/100 brn|[from] brn
|-end|p2b: Thorn|Encore
|upkeep
|turn|5
|
|t:|1783027033
|move|p2a: Angela|Rage Powder|p2a: Angela
|-singleturn|p2a: Angela|move: Rage Powder
|move|p1b: Whimsicott|Encore|p2b: Thorn
|-start|p2b: Thorn|Encore
|move|p2b: Thorn|Dragon Dance|p2b: Thorn
|-boost|p2b: Thorn|atk|1
|-boost|p2b: Thorn|spe|1
|move|p1a: Staraptor|Close Combat|p2a: Angela
|-immune|p2a: Angela
|
|-weather|Snowscape|[upkeep]
|-damage|p1a: Staraptor|56/100 brn|[from] brn
|upkeep
|turn|6
|
|t:|1783027050
|switch|p1b: Toxapex|Toxapex, L50, M|100/100
|move|p2a: Angela|Rage Powder|p2a: Angela
|-singleturn|p2a: Angela|move: Rage Powder
|move|p2b: Thorn|Dragon Dance|p2b: Thorn
|-boost|p2b: Thorn|atk|1
|-boost|p2b: Thorn|spe|1
|move|p1a: Staraptor|Brave Bird|p2a: Angela
|-supereffective|p2a: Angela|1
|-damage|p2a: Angela|42/100
|-damage|p1a: Staraptor|43/100 brn|[from] Recoil
|
|-weather|Snowscape|[upkeep]
|-damage|p1a: Staraptor|37/100 brn|[from] brn
|upkeep
|turn|7
|
|t:|1783027060
|move|p2a: Angela|Rage Powder|p2a: Angela
|-singleturn|p2a: Angela|move: Rage Powder
|move|p2b: Thorn|Dragon Dance|p2b: Thorn
|-boost|p2b: Thorn|atk|0
|-boost|p2b: Thorn|spe|0
|move|p1a: Staraptor|Brave Bird|p2a: Angela
|-supereffective|p2a: Angela|1
|-damage|p2a: Angela|7/100
|-damage|p1a: Staraptor|25/100 brn|[from] Recoil
|move|p1b: Toxapex|Toxic|p2a: Angela
|-status|p2a: Angela|tox
|
|-weather|none
|-damage|p2a: Angela|1/100 tox|[from] psn
|-damage|p1a: Staraptor|19/100 brn|[from] brn
|-end|p2b: Thorn|Encore
|upkeep
|turn|8
|
|t:|1783027088
|move|p1a: Staraptor|Protect|p1a: Staraptor
|-singleturn|p1a: Staraptor|Protect
|move|p1b: Toxapex|Baneful Bunker|p1b: Toxapex
|-singleturn|p1b: Toxapex|move: Protect
|move|p2b: Thorn|Flare Blitz|p1a: Staraptor
|-activate|p1a: Staraptor|move: Protect
|move|p2a: Angela|Matcha Gotcha|p1a: Staraptor|[spread] 
|-activate|p1a: Staraptor|move: Protect
|-activate|p1b: Toxapex|move: Protect
|
|-damage|p2a: Angela|0 fnt|[from] psn
|faint|p2a: Angela
|-damage|p1a: Staraptor|12/100 brn|[from] brn
|upkeep
|
|t:|1783027092
|switch|p2a: Murtagh|Sneasler, L50, M, shiny|100/100
|turn|9
|
|t:|1783027108
|switch|p1a: Whimsicott|Whimsicott, L50, F|81/100
|move|p2a: Murtagh|Fake Out|p1a: Whimsicott
|-damage|p1a: Whimsicott|59/100
|-status|p1a: Whimsicott|psn|[from] ability: Poison Touch|[of] p2a: Murtagh
|move|p2b: Thorn|Dragon Claw|p1b: Toxapex
|-damage|p1b: Toxapex|0 fnt
|faint|p1b: Toxapex
|
|-damage|p1a: Whimsicott|47/100 psn|[from] psn
|upkeep
|
|t:|1783027117
|switch|p1b: Ninetales|Ninetales-Alola, L50, F|100/100
|-weather|Snowscape|[from] ability: Snow Warning|[of] p1b: Ninetales
|turn|10
|
|t:|1783027141
|move|p2b: Thorn|Protect|p2b: Thorn
|-singleturn|p2b: Thorn|Protect
|move|p1a: Whimsicott|Encore|p2b: Thorn
|-activate|p2b: Thorn|move: Protect
|move|p1b: Ninetales|Blizzard|p2a: Murtagh|[spread] p2a
|-activate|p2b: Thorn|move: Protect
|-damage|p2a: Murtagh|55/100
|move|p2a: Murtagh|Gunk Shot|p1b: Ninetales
|-supereffective|p1b: Ninetales|1
|-damage|p1b: Ninetales|0 fnt
|faint|p1b: Ninetales
|
|-weather|Snowscape|[upkeep]
|-damage|p1a: Whimsicott|35/100 psn|[from] psn
|upkeep
|
|t:|1783027150
|switch|p1b: Staraptor|Staraptor-Mega, L50, F|12/100 brn
|turn|11
|
|t:|1783027163
|move|p2b: Thorn|Protect|p2b: Thorn
|-singleturn|p2b: Thorn|Protect
|move|p1a: Whimsicott|Encore|p2b: Thorn
|-activate|p2b: Thorn|move: Protect
|move|p2a: Murtagh|Gunk Shot|p1a: Whimsicott|[miss]
|-miss|p2a: Murtagh|p1a: Whimsicott
|move|p1b: Staraptor|Close Combat|p2b: Thorn
|-activate|p2b: Thorn|move: Protect
|
|-weather|Snowscape|[upkeep]
|-damage|p1a: Whimsicott|22/100 psn|[from] psn
|-damage|p1b: Staraptor|6/100 brn|[from] brn
|upkeep
|turn|12
|
|t:|1783027181
|move|p2b: Thorn|Protect||[still]
|-fail|p2b: Thorn
|move|p1a: Whimsicott|Encore|p2b: Thorn
|-start|p2b: Thorn|Encore
|move|p2a: Murtagh|Gunk Shot|p1a: Whimsicott|[miss]
|-miss|p2a: Murtagh|p1a: Whimsicott
|move|p1b: Staraptor|Close Combat|p2b: Thorn
|-damage|p2b: Thorn|45/100
|-boost|p1b: Staraptor|def|1
|-boost|p1b: Staraptor|spd|1
|
|-weather|Snowscape|[upkeep]
|-damage|p1a: Whimsicott|10/100 psn|[from] psn
|-damage|p1b: Staraptor|1/100 brn|[from] brn
|upkeep
|turn|13
|
|t:|1783027203
|move|p2b: Thorn|Protect|p2b: Thorn
|-singleturn|p2b: Thorn|Protect
|move|p2a: Murtagh|Gunk Shot|p1a: Whimsicott
|-supereffective|p1a: Whimsicott|2
|-damage|p1a: Whimsicott|0 fnt
|faint|p1a: Whimsicott
|move|p1b: Staraptor|Brave Bird|p2a: Murtagh
|-supereffective|p2a: Murtagh|1
|-damage|p2a: Murtagh|0 fnt
|faint|p2a: Murtagh
|-damage|p1b: Staraptor|0 fnt|[from] Recoil
|faint|p1b: Staraptor
|
|win|heatfre3ze
|raw|harpdog's rating: 1018 → 1006(-12 for losing)
|raw|heatfre3ze's rating: 1026 → 1061(+35 for winning)
|l|☆harpdog
|player|p1|
|l|☆heatfre3ze
|player|p2|
|j|☆heatfre3ze
|player|p2|heatfre3ze|caitlin|
