|j|☆MushyMia727
|j|☆maya hoppins
|html|MushyMia727maya hoppins    
|uhtml|bestof|Game 1 of a best-of-3
|t:|1785785458
|gametype|doubles
|player|p1|MushyMia727|265|
|player|p2|maya hoppins|dahlia|
|gen|9
|tier|[Gen 9 Champions] VGC 2026 Reg M-B (Bo3)
|rule|Species Clause: Limit one of each Pokémon
|rule|Item Clause: Limit 1 of each item
|clearpoke
|poke|p1|Floette-Eternal, L50, F|
|poke|p1|Maushold-Four, L50|
|poke|p1|Garchomp, L50, F|
|poke|p1|Rotom-Heat, L50|
|poke|p1|Espathra, L50, M|
|poke|p1|Toxapex, L50, F|
|poke|p2|Kleavor, L50, F|
|poke|p2|Whimsicott, L50, F|
|poke|p2|Pyroar, L50, M|
|poke|p2|Krookodile, L50, F|
|poke|p2|Rotom-Fan, L50|
|poke|p2|Basculegion-F, L50, F|
|teampreview|4
|showteam|p1|Floette-Eternal||Floettite|FlowerVeil|Protect,Moonblast,DazzlingGleam,LightofRuin|Modest||F|||50|]Maushold-Four||ChopleBerry|FriendGuard|SuperFang,FollowMe,Protect,HelpingHand|Timid|||||50|]Garchomp||LifeOrb|RoughSkin|Protect,Earthquake,StompingTantrum,RockSlide|Jolly||F|||50|]Rotom-Heat||ChoiceScarf|Levitate|Thunderbolt,Overheat,Electroweb,VoltSwitch|Timid|||||50|]Espathra||Leftovers|SpeedBoost|Protect,BatonPass,CalmMind,StoredPower|Timid||M|||50|]Toxapex||SitrusBerry|Regenerator|BanefulBunker,WideGuard,Toxic,Infestation|Calm||F|||50|
|showteam|p2|Kleavor||LifeOrb|Sharpness|Protect,RockSlide,XScissor,StoneAxe|Adamant||F|||50|]Whimsicott||FairyFeather|Prankster|Moonblast,DazzlingGleam,Tailwind,Taunt|Timid||F|||50|]Pyroar||Pyroarite|Rivalry|Protect,HyperVoice,HeatWave,Overheat|Timid||M|||50|]Krookodile||FocusSash|Intimidate|Protect,HighHorsepower,KnockOff,Earthquake|Jolly||F|||50|]Rotom-Fan||SitrusBerry|Levitate|Protect,Thunderbolt,HelpingHand,AirSlash|Modest|||||50|]Basculegion-F||ChoiceScarf|Adaptability|WaveCrash,LastRespects,IcyWind,FlipTurn|Adamant||F|||50|
|
|t:|1785785482
|teamsize|p1|4
|teamsize|p2|4
|start
|switch|p1a: Espathra|Espathra, L50, M|100/100
|switch|p1b: Maushold|Maushold-Four, L50|100/100
|switch|p2a: Kleavor|Kleavor, L50, F|100/100
|switch|p2b: Whimsicott|Whimsicott, L50, F|100/100
|turn|1
|
|t:|1785785504
|move|p1b: Maushold|Follow Me|p1b: Maushold
|-singleturn|p1b: Maushold|move: Follow Me
|move|p2b: Whimsicott|Taunt|p1b: Maushold
|-start|p1b: Maushold|move: Taunt
|move|p1a: Espathra|Calm Mind|p1a: Espathra
|-boost|p1a: Espathra|spa|1
|-boost|p1a: Espathra|spd|1
|move|p2a: Kleavor|Rock Slide|p1b: Maushold|[spread] 
|-miss|p2a: Kleavor|p1a: Espathra
|-miss|p2a: Kleavor|p1b: Maushold
|
|-ability|p1a: Espathra|Speed Boost|boost
|-boost|p1a: Espathra|spe|1
|upkeep
|turn|2
|
|t:|1785785533
|move|p2b: Whimsicott|Tailwind|p2b: Whimsicott
|-sidestart|p2: maya hoppins|move: Tailwind
|move|p2a: Kleavor|X-Scissor|p1a: Espathra
|-supereffective|p1a: Espathra|1
|-damage|p1a: Espathra|0 fnt
|faint|p1a: Espathra
|-damage|p2a: Kleavor|90/100|[from] item: Life Orb
|move|p1b: Maushold|Super Fang|p2a: Kleavor
|-damage|p2a: Kleavor|45/100
|
|upkeep
|
|t:|1785785539
|switch|p1a: Toxapex|Toxapex, L50, F|100/100
|turn|3
|
|t:|1785785545
|move|p2b: Whimsicott|Taunt|p1a: Toxapex
|-start|p1a: Toxapex|move: Taunt
|move|p2a: Kleavor|X-Scissor|p1b: Maushold
|-damage|p1b: Maushold|0 fnt
|faint|p1b: Maushold
|-damage|p2a: Kleavor|35/100|[from] item: Life Orb
|cant|p1a: Toxapex|move: Taunt|Toxic
|
|upkeep
|
|t:|1785785549
|switch|p1b: Floette|Floette-Eternal, L50, F|100/100
|turn|4
|
|t:|1785785555
|detailschange|p1b: Floette|Floette-Mega, L50, F
|-mega|p1b: Floette|Floette|Floettite
|-ability|p1b: Floette|Fairy Aura
|move|p2b: Whimsicott|Moonblast|p1b: Floette
|-damage|p1b: Floette|55/100
|move|p2a: Kleavor|Stone Axe|p1b: Floette
|-damage|p1b: Floette|0 fnt
|-sidestart|p1: MushyMia727|move: Stealth Rock
|faint|p1b: Floette
|-damage|p2a: Kleavor|26/100|[from] item: Life Orb
|move|p1a: Toxapex|Infestation|p2b: Whimsicott
|-damage|p2b: Whimsicott|95/100
|-activate|p2b: Whimsicott|move: Infestation|[of] p1a: Toxapex
|
|-damage|p2b: Whimsicott|82/100|[from] move: Infestation|[partiallytrapped]
|upkeep
|turn|5
|
|t:|1785785567
|move|p2b: Whimsicott|Moonblast|p1a: Toxapex
|-resisted|p1a: Toxapex|1
|-damage|p1a: Toxapex|84/100
|move|p2a: Kleavor|Stone Axe|p1a: Toxapex
|-crit|p1a: Toxapex
|-damage|p1a: Toxapex|2/100
|-enditem|p1a: Toxapex|Sitrus Berry|[eat]
|-heal|p1a: Toxapex|27/100|[from] item: Sitrus Berry
|-damage|p2a: Kleavor|16/100|[from] item: Life Orb
|move|p1a: Toxapex|Infestation|p2a: Kleavor
|-damage|p2a: Kleavor|12/100
|-activate|p2a: Kleavor|move: Infestation|[of] p1a: Toxapex
|
|-damage|p2b: Whimsicott|70/100|[from] move: Infestation|[partiallytrapped]
|-damage|p2a: Kleavor|1/100|[from] move: Infestation|[partiallytrapped]
|-end|p1a: Toxapex|move: Taunt
|-sideend|p2: maya hoppins|move: Tailwind
|upkeep
|turn|6
|
|t:|1785785578
|move|p1a: Toxapex|Baneful Bunker|p1a: Toxapex
|-singleturn|p1a: Toxapex|move: Protect
|move|p2b: Whimsicott|Taunt|p1a: Toxapex
|-activate|p1a: Toxapex|move: Protect
|move|p2a: Kleavor|Stone Axe|p1a: Toxapex
|-activate|p1a: Toxapex|move: Protect
|-status|p2a: Kleavor|psn
|
|-damage|p2a: Kleavor|0 fnt|[from] psn
|faint|p2a: Kleavor
|-damage|p2b: Whimsicott|58/100|[from] move: Infestation|[partiallytrapped]
|upkeep
|
|t:|1785785581
|switch|p2a: Basculegion|Basculegion-F, L50, F|100/100
|turn|7
|
|t:|1785785590
|move|p2a: Basculegion|Last Respects|p1a: Toxapex
|-damage|p1a: Toxapex|0 fnt
|faint|p1a: Toxapex
|
|win|maya hoppins
||maya hoppins is ready for game 2.
||MushyMia727 is ready for game 2.
|uhtml|next|Next: Game 2 of 3
