|j|‽JvmRdDCmp
|j|☆ChimpDoppio
|html|JvmRdDCmpChimpDoppio    
|uhtml|bestof|Game 3 of a best-of-3
|t:|1757199720
|gametype|doubles
|player|p1|JvmRdDCmp|2|1174
|player|p2|ChimpDoppio|ingo|1187
|gen|9
|tier|[Gen 9] VGC 2025 Reg H (Bo3)
|rated|
|rule|Species Clause: Limit one of each Pokémon
|rule|Item Clause: Limit 1 of each item
|clearpoke
|poke|p1|Slaking, L50, M|
|poke|p1|Kilowattrel, L50, M|
|poke|p1|Volcarona, L50, M|
|poke|p1|Wyrdeer, L50, F|
|poke|p1|Weezing, L50, F|
|poke|p1|Palafin, L50, F|
|poke|p2|Porygon2, L50|
|poke|p2|Ursaluna, L50, M|
|poke|p2|Volcarona, L50, F|
|poke|p2|Grimmsnarl, L50, M|
|poke|p2|Annihilape, L50, M|
|poke|p2|Hydreigon, L50, F|
|teampreview|4
|showteam|p1|Slaking||SafetyGoggles|Truant|Protect,DoubleEdge,SuckerPunch,SlackOff|||M|||50|,,,,,Normal]Kilowattrel||ChoiceScarf|Competitive|Electroweb,Thunderbolt,VoltSwitch,Hurricane|||M|||50|,,,,,Electric]Volcarona||SitrusBerry|FlameBody|Protect,FieryDance,BugBuzz,QuiverDance|||M|||50|,,,,,Poison]Wyrdeer||MentalHerb|Intimidate|SkillSwap,ExpandingForce,Protect,TeraBlast|||F|||50|,,,,,Fairy]Weezing||Leftovers|NeutralizingGas|Protect,Taunt,WillOWisp,SludgeBomb|||F|||50|,,,,,Dark]Palafin||EjectPack|ZerotoHero|JetPunch,WaveCrash,CloseCombat,Haze|||F|||50|,,,,,Water
|showteam|p2|Porygon2||Eviolite|Download|IceBeam,TeraBlast,Recover,TrickRoom||||||50|,,,,,Flying]Ursaluna||FlameOrb|Guts|Facade,Earthquake,HeadlongRush,Protect|||M|||50|,,,,,Ghost]Volcarona||SitrusBerry|FlameBody|GigaDrain,HeatWave,QuiverDance,RagePowder|||F|||50|,,,,,Dragon]Grimmsnarl||LightClay|Prankster|SpiritBreak,Reflect,LightScreen,PartingShot|||M|||50|,,,,,Ghost]Annihilape||SafetyGoggles|Defiant|Protect,BulkUp,DrainPunch,RageFist|||M|||50|,,,,,Water]Hydreigon||AssaultVest|Levitate|DracoMeteor,DarkPulse,EarthPower,FlashCannon|||F|||50|,,,,,Steel
|inactive|Battle timer is ON: inactive players will automatically lose when time's up. (requested by ChimpDoppio)
|inactive|ChimpDoppio has 60 seconds left.
|
|t:|1757199794
|teamsize|p1|4
|teamsize|p2|4
|start
|switch|p1a: Weezing|Weezing, L50, F|100/100
|switch|p1b: Volcarona|Volcarona, L50, M|100/100
|switch|p2a: Porygon2|Porygon2, L50, shiny|100/100
|switch|p2b: Volcarona|Volcarona, L50, F, shiny|100/100
|-ability|p1a: Weezing|Neutralizing Gas
|turn|1
|inactive|JvmRdDCmp has 30 seconds left.
|inactive|ChimpDoppio has 30 seconds left.
|
|t:|1757199832
|-terastallize|p2a: Porygon2|Flying
|move|p2b: Volcarona|Quiver Dance|p2b: Volcarona
|-boost|p2b: Volcarona|spa|1
|-boost|p2b: Volcarona|spd|1
|-boost|p2b: Volcarona|spe|1
|move|p1b: Volcarona|Quiver Dance|p1b: Volcarona
|-boost|p1b: Volcarona|spa|1
|-boost|p1b: Volcarona|spd|1
|-boost|p1b: Volcarona|spe|1
|move|p1a: Weezing|Taunt|p2a: Porygon2
|-start|p2a: Porygon2|move: Taunt
|move|p2a: Porygon2|Tera Blast|p1b: Volcarona|[anim] Tera Blast Flying
|-supereffective|p1b: Volcarona
|-damage|p1b: Volcarona|59/100
|
|upkeep
|turn|2
|inactive|ChimpDoppio has 30 seconds left.
|
|t:|1757199863
|move|p2b: Volcarona|Quiver Dance|p2b: Volcarona
|-boost|p2b: Volcarona|spa|1
|-boost|p2b: Volcarona|spd|1
|-boost|p2b: Volcarona|spe|1
|move|p1b: Volcarona|Quiver Dance|p1b: Volcarona
|-boost|p1b: Volcarona|spa|1
|-boost|p1b: Volcarona|spd|1
|-boost|p1b: Volcarona|spe|1
|move|p1a: Weezing|Taunt|p2b: Volcarona
|-start|p2b: Volcarona|move: Taunt
|move|p2a: Porygon2|Tera Blast|p1b: Volcarona|[anim] Tera Blast Flying
|-supereffective|p1b: Volcarona
|-damage|p1b: Volcarona|30/100
|-enditem|p1b: Volcarona|Sitrus Berry|[eat]
|-heal|p1b: Volcarona|55/100|[from] item: Sitrus Berry
|
|upkeep
|turn|3
|
|t:|1757199882
|move|p1b: Volcarona|Protect|p1b: Volcarona
|-singleturn|p1b: Volcarona|Protect
|move|p2b: Volcarona|Heat Wave|p1a: Weezing|[spread] p1a
|-activate|p1b: Volcarona|move: Protect
|-damage|p1a: Weezing|44/100
|move|p1a: Weezing|Sludge Bomb|p2b: Volcarona
|-damage|p2b: Volcarona|88/100
|move|p2a: Porygon2|Tera Blast|p1b: Volcarona|[anim] Tera Blast Flying
|-activate|p1b: Volcarona|move: Protect
|
|-heal|p1a: Weezing|50/100|[from] item: Leftovers
|-end|p2a: Porygon2|move: Taunt
|upkeep
|turn|4
|inactive|JvmRdDCmp has 30 seconds left.
|
|t:|1757199914
|-end|p1a: Weezing|ability: Neutralizing Gas
|-ability|p2a: Porygon2|Download|boost
|-boost|p2a: Porygon2|atk|1
|switch|p1a: Palafin|Palafin, L50, F|100/100
|-terastallize|p1b: Volcarona|Poison
|move|p2b: Volcarona|Heat Wave|p1a: Palafin|[spread] p1a,p1b
|-resisted|p1a: Palafin
|-damage|p1a: Palafin|67/100
|-damage|p1b: Volcarona|27/100
|move|p1b: Volcarona|Fiery Dance|p2a: Porygon2
|-damage|p2a: Porygon2|65/100
|-boost|p1b: Volcarona|spa|1
|move|p2a: Porygon2|Tera Blast|p1b: Volcarona|[anim] Tera Blast Flying
|-damage|p1b: Volcarona|12/100
|
|upkeep
|turn|5
|inactive|JvmRdDCmp has 30 seconds left.
|inactive|ChimpDoppio has 30 seconds left.
|
|t:|1757199948
|move|p1b: Volcarona|Protect|p1b: Volcarona
|-singleturn|p1b: Volcarona|Protect
|move|p2b: Volcarona|Heat Wave|p1b: Volcarona|[spread] p1a
|-activate|p1b: Volcarona|move: Protect
|-resisted|p1a: Palafin
|-damage|p1a: Palafin|35/100
|move|p1a: Palafin|Close Combat|p2b: Volcarona
|-resisted|p2b: Volcarona
|-damage|p2b: Volcarona|73/100
|-unboost|p1a: Palafin|def|1
|-unboost|p1a: Palafin|spd|1
|-enditem|p1a: Palafin|Eject Pack
|
|t:|1757199954
|detailschange|p1a: Palafin|Palafin-Hero, L50, F
|switch|p1a: Kilowattrel|Kilowattrel, L50, M|100/100
|move|p2a: Porygon2|Ice Beam|p1a: Kilowattrel
|-supereffective|p1a: Kilowattrel
|-damage|p1a: Kilowattrel|9/100
|
|-end|p2b: Volcarona|move: Taunt
|upkeep
|turn|6
|
|t:|1757199970
|switch|p2a: Ursaluna|Ursaluna, L50, M|100/100
|move|p1a: Kilowattrel|Electroweb|p2b: Volcarona|[spread] p2b
|-immune|p2a: Ursaluna
|-damage|p2b: Volcarona|64/100
|-unboost|p2b: Volcarona|spe|1
|move|p1b: Volcarona|Fiery Dance|p2a: Ursaluna
|-damage|p2a: Ursaluna|22/100
|-boost|p1b: Volcarona|spa|1
|move|p2b: Volcarona|Heat Wave|p1a: Kilowattrel|[spread] p1a,p1b
|-damage|p1a: Kilowattrel|0 fnt
|-damage|p1b: Volcarona|0 fnt
|faint|p1a: Kilowattrel
|faint|p1b: Volcarona
|
|-status|p2a: Ursaluna|brn|[from] item: Flame Orb
|upkeep
|
|t:|1757199983
|switch|p1a: Palafin|Palafin-Hero, L50, F|35/100
|switch|p1b: Weezing|Weezing, L50, F|50/100
|-ability|p1b: Weezing|Neutralizing Gas
|-activate|p1a: Palafin|ability: Zero to Hero
|turn|7
|
|t:|1757199994
|switch|p2a: Hydreigon|Hydreigon, L50, F|100/100
|move|p2b: Volcarona|Heat Wave|p1a: Palafin|[spread] p1a,p1b
|-resisted|p1a: Palafin
|-damage|p1a: Palafin|6/100
|-damage|p1b: Weezing|0 fnt
|faint|p1b: Weezing
|-end|p1b: Weezing|ability: Neutralizing Gas
|move|p1a: Palafin|Wave Crash|p2b: Volcarona
|-supereffective|p2b: Volcarona
|-damage|p2b: Volcarona|0 fnt
|faint|p2b: Volcarona
|-damage|p1a: Palafin|0 fnt|[from] Recoil
|faint|p1a: Palafin
|
|win|ChimpDoppio
|raw|JvmRdDCmp's rating: 1174 → 1150(-24 for losing)
|raw|ChimpDoppio's rating: 1187 → 1211(+24 for winning)
|l|‽JvmRdDCmp
|player|p1|
