|j|☆BeauLavorre
|j|☆NaisonD
|html|BeauLavorreNaisonD    
|uhtml|bestof|Game 2 of a best-of-3
|t:|1756923691
|gametype|doubles
|player|p1|BeauLavorre|rocketgruntf|
|player|p2|NaisonD|cheren-gen5bw2|
|gen|9
|tier|[Gen 9] VGC 2025 Reg H (Bo3)
|rule|Species Clause: Limit one of each Pokémon
|rule|Item Clause: Limit 1 of each item
|clearpoke
|poke|p1|Basculegion, L50, M|
|poke|p1|Politoed, L50, M|
|poke|p1|Gothitelle, L50, F|
|poke|p1|Sinistcha-Masterpiece, L50|
|poke|p1|Incineroar, L50, F|
|poke|p1|Gyarados, L50, M|
|poke|p2|Annihilape, L50, M|
|poke|p2|Sinistcha, L50|
|poke|p2|Basculegion, L50, M|
|poke|p2|Archaludon, L50, M|
|poke|p2|Maushold, L50|
|poke|p2|Pelipper, L50, M|
|teampreview|4
|showteam|p1|Basculegion||MysticWater|SwiftSwim|WaveCrash,AquaJet,FlipTurn,LastRespects|||M|||50|,,,,,Water]Politoed||Leftovers|Drizzle|Protect,PerishSong,Encore,WeatherBall|||M|||50|,,,,,Steel]Gothitelle||SitrusBerry|ShadowTag|FakeOut,Protect,TrickRoom,Psychic|||F|||50|,,,,,Water]Sinistcha-Masterpiece||RockyHelmet|Hospitality|LifeDew,Protect,RagePowder,MatchaGotcha||||||50|,,,,,Water]Incineroar||SafetyGoggles|Intimidate|FakeOut,FlareBlitz,KnockOff,PartingShot|||F|||50|,,,,,Water]Gyarados||ClearAmulet|Intimidate|Waterfall,Protect,DragonDance,LashOut|||M|||50|,,,,,Ground
|showteam|p2|Annihilape||LumBerry|Defiant|RageFist,DrainPunch,BulkUp,Protect|||M|||50|,,,,,Fire]Sinistcha||SitrusBerry|Hospitality|MatchaGotcha,LifeDew,TrickRoom,RagePowder||||||50|,,,,,Water]Basculegion||LifeOrb|SwiftSwim|WaveCrash,LastRespects,AquaJet,Protect|||M|||50|,,,,,Water]Archaludon||AssaultVest|Stamina|ElectroShot,FlashCannon,Snarl,BodyPress|||M|||50|,,,,,Fairy]Maushold||SafetyGoggles|FriendGuard|FollowMe,Taunt,BeatUp,Protect||||||50|,,,,,Ghost]Pelipper||CovertCloak|Drizzle|Hurricane,WeatherBall,Tailwind,Protect|||M|||50|,,,,,Stellar
|
|t:|1756923702
|teamsize|p1|4
|teamsize|p2|4
|start
|switch|p1a: Politoed|Politoed, L50, M|100/100
|switch|p1b: Basculegion|Basculegion, L50, M|100/100
|switch|p2a: Annihilape|Annihilape, L50, M|100/100
|switch|p2b: Tate&Liza|Maushold, L50|100/100
|-weather|RainDance|[from] ability: Drizzle|[of] p1a: Politoed
|turn|1
|
|t:|1756923719
|switch|p2a: Archaludon|Archaludon, L50, M, shiny|100/100
|move|p1b: Basculegion|Wave Crash|p2a: Archaludon
|-resisted|p2a: Archaludon
|-damage|p2a: Archaludon|72/100
|-ability|p2a: Archaludon|Stamina|boost
|-boost|p2a: Archaludon|def|1
|-damage|p1b: Basculegion|91/100|[from] Recoil
|move|p2b: Tate&Liza|Beat Up|p2a: Archaludon
|-damage|p2a: Archaludon|71/100
|-ability|p2a: Archaludon|Stamina|boost
|-boost|p2a: Archaludon|def|1
|-damage|p2a: Archaludon|70/100
|-ability|p2a: Archaludon|Stamina|boost
|-boost|p2a: Archaludon|def|1
|-damage|p2a: Archaludon|70/100
|-ability|p2a: Archaludon|Stamina|boost
|-boost|p2a: Archaludon|def|1
|-damage|p2a: Archaludon|69/100
|-ability|p2a: Archaludon|Stamina|boost
|-boost|p2a: Archaludon|def|1
|-hitcount|p2a: Archaludon|4
|move|p1a: Politoed|Weather Ball|p2a: Archaludon
|-resisted|p2a: Archaludon
|-damage|p2a: Archaludon|56/100
|-ability|p2a: Archaludon|Stamina|boost
|-boost|p2a: Archaludon|def|1
|
|-weather|RainDance|[upkeep]
|upkeep
|turn|2
|
|t:|1756923751
|switch|p1b: Gothitelle|Gothitelle, L50, F|100/100
|switch|p2b: Mathilde|Sinistcha, L50, shiny|100/100
|-heal|p2a: Archaludon|81/100|[from] ability: Hospitality|[of] p2b: Mathilde
|-terastallize|p1a: Politoed|Steel
|move|p2a: Archaludon|Electro Shot||[still]
|-prepare|p2a: Archaludon|Electro Shot
|-boost|p2a: Archaludon|spa|1
|-anim|p2a: Archaludon|Electro Shot|p1b: Gothitelle
|-damage|p1b: Gothitelle|52/100
|move|p1a: Politoed|Perish Song|p1a: Politoed
|-start|p1a: Politoed|perish3|[silent]
|-start|p1b: Gothitelle|perish3|[silent]
|-start|p2a: Archaludon|perish3|[silent]
|-start|p2b: Mathilde|perish3|[silent]
|-fieldactivate|move: Perish Song
|
|-weather|RainDance|[upkeep]
|-start|p2a: Archaludon|perish3
|-start|p1a: Politoed|perish3
|-start|p2b: Mathilde|perish3
|-start|p1b: Gothitelle|perish3
|upkeep
|turn|3
|
|t:|1756923805
|move|p1a: Politoed|Protect|p1a: Politoed
|-singleturn|p1a: Politoed|Protect
|move|p1b: Gothitelle|Fake Out|p2a: Archaludon
|-resisted|p2a: Archaludon
|-damage|p2a: Archaludon|81/100
|cant|p2a: Archaludon|flinch
|move|p2b: Mathilde|Matcha Gotcha|p1b: Gothitelle|[spread] 
|-activate|p1a: Politoed|move: Protect
|-miss|p2b: Mathilde|p1b: Gothitelle
|
|-weather|RainDance|[upkeep]
|-start|p2a: Archaludon|perish2
|-start|p1a: Politoed|perish2
|-start|p2b: Mathilde|perish2
|-start|p1b: Gothitelle|perish2
|upkeep
|turn|4
|
|t:|1756923826
|switch|p1a: Basculegion|Basculegion, L50, M|91/100
|move|p1b: Gothitelle|Protect|p1b: Gothitelle
|-singleturn|p1b: Gothitelle|Protect
|move|p2a: Archaludon|Electro Shot||[still]
|-prepare|p2a: Archaludon|Electro Shot
|-boost|p2a: Archaludon|spa|1
|-anim|p2a: Archaludon|Electro Shot|p1a: Basculegion
|-supereffective|p1a: Basculegion
|-damage|p1a: Basculegion|0 fnt
|faint|p1a: Basculegion
|move|p2b: Mathilde|Life Dew||[still]|[spread] p2a,p2b
|-heal|p2a: Archaludon|100/100
|-fail|p2b: Mathilde|heal
|
|-weather|RainDance|[upkeep]
|-start|p2a: Archaludon|perish1
|-start|p2b: Mathilde|perish1
|-start|p1b: Gothitelle|perish1
|upkeep
|
|t:|1756923845
|switch|p1a: Gyarados|Gyarados, L50, M|100/100
|-ability|p1a: Gyarados|Intimidate|boost
|-unboost|p2a: Archaludon|atk|1
|-unboost|p2b: Mathilde|atk|1
|turn|5
|
|t:|1756923864
|switch|p2b: Annihilape|Annihilape, L50, M|100/100
|move|p1a: Gyarados|Protect|p1a: Gyarados
|-singleturn|p1a: Gyarados|Protect
|move|p2a: Archaludon|Electro Shot||[still]
|-prepare|p2a: Archaludon|Electro Shot
|-boost|p2a: Archaludon|spa|1
|-anim|p2a: Archaludon|Electro Shot|p1b: Gothitelle
|-damage|p1b: Gothitelle|0 fnt
|faint|p1b: Gothitelle
|
|-weather|none
|-start|p2a: Archaludon|perish0
|faint|p2a: Archaludon
|upkeep
|
|t:|1756923876
|switch|p2a: Tate&Liza|Maushold, L50|100/100
|switch|p1b: Politoed|Politoed, L50, M, tera:Steel|100/100
|-weather|RainDance|[from] ability: Drizzle|[of] p1b: Politoed
|turn|6
|
|t:|1756923896
|move|p2a: Tate&Liza|Beat Up|p2b: Annihilape
|-damage|p2b: Annihilape|99/100
|-damage|p2b: Annihilape|97/100
|-damage|p2b: Annihilape|95/100
|-hitcount|p2b: Annihilape|3
|move|p2b: Annihilape|Rage Fist|p1a: Gyarados
|-damage|p1a: Gyarados|5/100
|move|p1b: Politoed|Weather Ball|p2b: Annihilape
|-damage|p2b: Annihilape|59/100
|move|p1a: Gyarados|Waterfall|p2b: Annihilape
|-damage|p2b: Annihilape|9/100
|
|-weather|RainDance|[upkeep]
|upkeep
|turn|7
|
|t:|1756923963
|switch|p2a: Mathilde|Sinistcha, L50, shiny|100/100
|-heal|p2b: Annihilape|34/100|[from] ability: Hospitality|[of] p2a: Mathilde
|move|p2b: Annihilape|Protect|p2b: Annihilape
|-singleturn|p2b: Annihilape|Protect
|move|p1b: Politoed|Weather Ball|p2b: Annihilape
|-activate|p2b: Annihilape|move: Protect
|move|p1a: Gyarados|Waterfall|p2b: Annihilape
|-activate|p2b: Annihilape|move: Protect
|
|-weather|RainDance|[upkeep]
|upkeep
|turn|8
|
|t:|1756923983
|move|p2b: Annihilape|Rage Fist|p1b: Politoed
|-damage|p1b: Politoed|0 fnt
|faint|p1b: Politoed
|move|p1a: Gyarados|Waterfall|p2b: Annihilape
|-damage|p2b: Annihilape|0 fnt
|faint|p2b: Annihilape
|move|p2a: Mathilde|Life Dew||[still]
|-fail|p2a: Mathilde|heal
|
|-weather|RainDance|[upkeep]
|upkeep
|
|t:|1756923993
|switch|p2b: Tate&Liza|Maushold, L50|100/100
|turn|9
|-message|BeauLavorre forfeited.
|
|win|NaisonD
|l|☆BeauLavorre
|player|p1|
|c|☆NaisonD|gg
