|j|☆new mental
|j|☆redx50
|html|new mentalredx50    
|uhtml|bestof|Game 3 of a best-of-3
|t:|1783452205
|gametype|doubles
|player|p1|new mental|volkner|1221
|player|p2|redx50|red|1245
|gen|9
|tier|[Gen 9 Champions] VGC 2026 Reg M-B (Bo3)
|rated|
|rule|Species Clause: Limit one of each Pokémon
|rule|Item Clause: Limit 1 of each item
|clearpoke
|poke|p1|Aerodactyl, L50, M|
|poke|p1|Garchomp, L50, M|
|poke|p1|Kingambit, L50, M|
|poke|p1|Charizard, L50, F|
|poke|p1|Sylveon, L50, F|
|poke|p1|Farigiraf, L50, F|
|poke|p2|Farigiraf, L50, F|
|poke|p2|Hydreigon, L50, F|
|poke|p2|Arcanine-Hisui, L50, M|
|poke|p2|Tinkaton, L50, F, shiny|
|poke|p2|Greninja, L50, F|
|poke|p2|Raichu, L50, M|
|teampreview|4
|showteam|p1|Aerodactyl||Aerodactylite|Unnerve|IceFang,RockSlide,Tailwind,DualWingbeat|Jolly||M|||50|]Garchomp||LifeOrb|RoughSkin|DragonClaw,StompingTantrum,Earthquake,Protect|Jolly||M|||50|]Kingambit||FocusSash|Defiant|SuckerPunch,KowtowCleave,IronHead,LowKick|Adamant||M|||50|]Charizard||CharizarditeY|SolarPower|Protect,HeatWave,SolarBeam,WeatherBall|Timid||F|||50|]Sylveon||FairyFeather|Pixilate|Protect,HyperVoice,HyperBeam,QuickAttack|Modest||F|||50|]Farigiraf||SitrusBerry|ArmorTail|TrickRoom,Thunderbolt,Psychic,Roar|Bold||F|||50|
|showteam|p2|Farigiraf||ColburBerry|ArmorTail|HelpingHand,TrickRoom,TwinBeam,FoulPlay|Bold||F|||50|]Hydreigon||ChoiceScarf|Levitate|DracoMeteor,DarkPulse,Snarl,EarthPower|Modest||F|||50|]Arcanine-Hisui||LifeOrb|Intimidate|RockSlide,FlareBlitz,ExtremeSpeed,Protect|Adamant||M|||50|]Tinkaton||SitrusBerry|MoldBreaker|FakeOut,PlayRough,Feint,GigatonHammer|Adamant||F|||50|]Greninja||Greninjite|Protean|IcyWind,GrassKnot,LowKick,Protect|Timid||F|||50|]Raichu||RaichuniteY|LightningRod|ZapCannon,VoltSwitch,Protect,FocusBlast|Timid||M|||50|
|inactive|Battle timer is ON: inactive players will automatically lose when time's up. (requested by redx50)
|inactive|new mental has 60 seconds left.
|inactive|redx50 has 60 seconds left.
|
|t:|1783452267
|teamsize|p1|4
|teamsize|p2|4
|start
|switch|p1a: Farigiraf|Farigiraf, L50, F|100/100
|switch|p1b: Charizard|Charizard, L50, F|100/100
|switch|p2a: Bacon|Tinkaton, L50, F, shiny|100/100
|switch|p2b: Raichu|Raichu, L50, M|100/100
|-ability|p2a: Bacon|Mold Breaker
|turn|1
|inactive|new mental has 30 seconds left.
|inactive|new mental has 20 seconds left.
|
|t:|1783452305
|detailschange|p2b: Raichu|Raichu-Mega-Y, L50, M
|-mega|p2b: Raichu|Raichu|Raichunite Y
|move|p1b: Charizard|Protect|p1b: Charizard
|-singleturn|p1b: Charizard|Protect
|move|p2a: Bacon|Fake Out|p1a: Farigiraf
|-damage|p1a: Farigiraf|92/100
|move|p2b: Raichu|Zap Cannon|p1a: Farigiraf
|-damage|p1a: Farigiraf|26/100
|-status|p1a: Farigiraf|par
|-enditem|p1a: Farigiraf|Sitrus Berry|[eat]
|-heal|p1a: Farigiraf|51/100 par|[from] item: Sitrus Berry
|cant|p1a: Farigiraf|flinch
|
|upkeep
|turn|2
|
|t:|1783452328
|switch|p1b: Sylveon|Sylveon, L50, F|100/100
|move|p2b: Raichu|Volt Switch|p1a: Farigiraf
|-damage|p1a: Farigiraf|11/100 par
|
|t:|1783452334
|switch|p2b: Arcanine|Arcanine-Hisui, L50, M|100/100|[from] Volt Switch
|-ability|p2b: Arcanine|Intimidate|boost
|-unboost|p1a: Farigiraf|atk|1
|-unboost|p1b: Sylveon|atk|1
|move|p2a: Bacon|Gigaton Hammer|p1a: Farigiraf
|-damage|p1a: Farigiraf|0 fnt
|faint|p1a: Farigiraf
|
|upkeep
|
|t:|1783452345
|switch|p1a: Garchomp|Garchomp, L50, M|100/100
|turn|3
|
|t:|1783452349
|switch|p2a: Hydreigon|Hydreigon, L50, F|100/100
|switch|p1b: Charizard|Charizard, L50, F|100/100
|move|p2b: Arcanine|Protect|p2b: Arcanine
|-singleturn|p2b: Arcanine|Protect
|move|p1a: Garchomp|Earthquake|p2b: Arcanine|[spread] 
|-activate|p2b: Arcanine|move: Protect
|-immune|p1b: Charizard
|-immune|p2a: Hydreigon|[from] ability: Levitate
|
|upkeep
|turn|4
|inactive|new mental has 30 seconds left.
|
|t:|1783452376
|switch|p1b: Sylveon|Sylveon, L50, F|100/100
|move|p1a: Garchomp|Protect|p1a: Garchomp
|-singleturn|p1a: Garchomp|Protect
|move|p2a: Hydreigon|Snarl|p1a: Garchomp|[spread] 
|-activate|p1a: Garchomp|move: Protect
|-miss|p2a: Hydreigon|p1b: Sylveon
|move|p2b: Arcanine|Rock Slide|p1b: Sylveon|[spread] p1b
|-activate|p1a: Garchomp|move: Protect
|-damage|p1b: Sylveon|60/100
|-damage|p2b: Arcanine|90/100|[from] item: Life Orb
|
|upkeep
|turn|5
|
|t:|1783452391
|switch|p2a: Bacon|Tinkaton, L50, F, shiny|100/100
|-ability|p2a: Bacon|Mold Breaker
|move|p2b: Arcanine|Protect|p2b: Arcanine
|-singleturn|p2b: Arcanine|Protect
|move|p1a: Garchomp|Stomping Tantrum|p2b: Arcanine
|-activate|p2b: Arcanine|move: Protect
|move|p1b: Sylveon|Hyper Voice|p2a: Bacon|[spread] p2a
|-activate|p2b: Arcanine|move: Protect
|-resisted|p2a: Bacon|1
|-damage|p2a: Bacon|77/100
|
|upkeep
|turn|6
|inactive|redx50 has 30 seconds left.
|
|t:|1783452422
|switch|p2b: Hydreigon|Hydreigon, L50, F|100/100
|move|p1a: Garchomp|Protect|p1a: Garchomp
|-singleturn|p1a: Garchomp|Protect
|move|p1b: Sylveon|Protect|p1b: Sylveon
|-singleturn|p1b: Sylveon|Protect
|move|p2a: Bacon|Fake Out|p1b: Sylveon
|-activate|p1b: Sylveon|move: Protect
|
|upkeep
|turn|7
|
|t:|1783452440
|switch|p1a: Charizard|Charizard, L50, F|100/100
|move|p1b: Sylveon|Quick Attack|p2b: Hydreigon
|-supereffective|p2b: Hydreigon|2
|-damage|p2b: Hydreigon|35/100
|move|p2b: Hydreigon|Draco Meteor|p1a: Charizard
|-damage|p1a: Charizard|21/100
|-unboost|p2b: Hydreigon|spa|2
|move|p2a: Bacon|Gigaton Hammer|p1b: Sylveon
|-supereffective|p1b: Sylveon|1
|-damage|p1b: Sylveon|0 fnt
|faint|p1b: Sylveon
|
|upkeep
|
|t:|1783452448
|switch|p1b: Garchomp|Garchomp, L50, M|100/100
|turn|8
|
|t:|1783452463
|switch|p2b: Arcanine|Arcanine-Hisui, L50, M|90/100
|-ability|p2b: Arcanine|Intimidate|boost
|-unboost|p1a: Charizard|atk|1
|-unboost|p1b: Garchomp|atk|1
|detailschange|p1a: Charizard|Charizard-Mega-Y, L50, F
|-mega|p1a: Charizard|Charizard|Charizardite Y
|-weather|SunnyDay|[from] ability: Drought|[of] p1a: Charizard
|move|p1b: Garchomp|Earthquake|p2b: Arcanine|[spread] p2a,p2b
|-immune|p1a: Charizard
|-supereffective|p2a: Bacon|1
|-supereffective|p2b: Arcanine|2
|-damage|p2a: Bacon|8/100
|-damage|p2b: Arcanine|0 fnt
|-enditem|p2a: Bacon|Sitrus Berry|[eat]
|-heal|p2a: Bacon|33/100|[from] item: Sitrus Berry
|faint|p2b: Arcanine
|-damage|p1b: Garchomp|90/100|[from] item: Life Orb
|move|p1a: Charizard|Heat Wave|p2a: Bacon|[miss]
|-miss|p1a: Charizard|p2a: Bacon
|move|p2a: Bacon|Play Rough|p1b: Garchomp
|-supereffective|p1b: Garchomp|1
|-crit|p1b: Garchomp
|-damage|p1b: Garchomp|3/100
|-damage|p2a: Bacon|20/100y|[from] ability: Rough Skin|[of] p1b: Garchomp
|
|-weather|SunnyDay|[upkeep]
|upkeep
|
|t:|1783452477
|switch|p2b: Raichu|Raichu-Mega-Y, L50, M|100/100
|turn|9
|
|t:|1783452483
|move|p1b: Garchomp|Protect|p1b: Garchomp
|-singleturn|p1b: Garchomp|Protect
|move|p1a: Charizard|Protect|p1a: Charizard
|-singleturn|p1a: Charizard|Protect
|move|p2a: Bacon|Feint|p1b: Garchomp
|-activate|p1b: Garchomp|move: Feint
|-damage|p1b: Garchomp|0 fnt
|faint|p1b: Garchomp
|move|p2b: Raichu|Zap Cannon|p1a: Charizard
|-activate|p1a: Charizard|move: Protect
|
|-weather|SunnyDay|[upkeep]
|upkeep
|turn|10
|
|t:|1783452491
|move|p2a: Bacon|Feint|p1a: Charizard
|-crit|p1a: Charizard
|-damage|p1a: Charizard|11/100
|move|p2b: Raichu|Zap Cannon|p1a: Charizard
|-supereffective|p1a: Charizard|1
|-damage|p1a: Charizard|0 fnt
|faint|p1a: Charizard
|
|win|redx50
|raw|new mental's rating: 1221 → 1198(-23 for losing)
|raw|redx50's rating: 1245 → 1268(+23 for winning)
