|j|☆mb gang
|j|☆leafeon03
|html|mb gangleafeon03    
|uhtml|bestof|Game 1 of a best-of-3
|t:|1785855088
|gametype|doubles
|player|p1|mb gang|skier|1332
|player|p2|leafeon03|erika|1417
|gen|9
|tier|[Gen 9 Champions] VGC 2026 Reg M-B (Bo3)
|rated|
|rule|Species Clause: Limit one of each Pokémon
|rule|Item Clause: Limit 1 of each item
|clearpoke
|poke|p1|Drampa, L50, M|
|poke|p1|Kingambit, L50, M|
|poke|p1|Delphox, L50, M|
|poke|p1|Sinistcha, L50|
|poke|p1|Sneasler, L50, M|
|poke|p1|Tauros-Paldea-Aqua, L50, M|
|poke|p2|Garchomp, L50, F|
|poke|p2|Charizard, L50, F, shiny|
|poke|p2|Whimsicott, L50, M|
|poke|p2|Floette-Eternal, L50, F|
|poke|p2|Basculegion, L50, M, shiny|
|poke|p2|Kingambit, L50, F, shiny|
|teampreview|4
|showteam|p1|Drampa||HabanBerry|CloudNine|LightScreen,Protect,HelpingHand,DracoMeteor|Sassy||M|||50|]Kingambit||BlackGlasses|Defiant|KowtowCleave,SuckerPunch,IronHead,Protect|Brave||M|||50|]Delphox||Delphoxite|Blaze|HeatWave,Psychic,CalmMind,Protect|Timid||M|||50|]Sinistcha||SitrusBerry|Hospitality|MatchaGotcha,Protect,RagePowder,TrickRoom|Relaxed|||||50|]Sneasler||FocusSash|PoisonTouch|PoisonJab,CloseCombat,FakeOut,Protect|Jolly||M|||50|]Tauros-Paldea-Aqua||ChoiceScarf|Intimidate|CloseCombat,RockSlide,WaveCrash,AquaJet|Jolly||M|||50|
|showteam|p2|Garchomp||SitrusBerry|RoughSkin|Earthquake,RockSlide,DragonClaw,Protect|Adamant||F|||50|]Charizard||CharizarditeY|Blaze|HeatWave,WeatherBall,SolarBeam,Protect|Bold||F|||50|]Whimsicott||FocusSash|Prankster|Moonblast,Tailwind,Encore,Protect|Timid||M|||50|]Floette-Eternal||Floettite|FlowerVeil|Moonblast,DazzlingGleam,LightofRuin,Protect|Modest||F|||50|]Basculegion||LifeOrb|Adaptability|WaveCrash,LastRespects,AquaJet,Protect|Adamant||M|||50|]Kingambit||ChopleBerry|Defiant|KowtowCleave,SuckerPunch,IronHead,LowKick|Adamant||F|||50|
|inactive|Battle timer is ON: inactive players will automatically lose when time's up. (requested by mb gang)
|inactive|mb gang has 60 seconds left.
|inactive|leafeon03 has 60 seconds left.
|inactive|leafeon03 has 30 seconds left.
|
|t:|1785855150
|teamsize|p1|4
|teamsize|p2|4
|start
|switch|p1a: Delphox|Delphox, L50, M|100/100
|switch|p1b: Sneasler|Sneasler, L50, M|100/100
|switch|p2a: Whimsicott|Whimsicott, L50, M|100/100
|switch|p2b: Floette|Floette-Eternal, L50, F|100/100
|turn|1
|
|t:|1785855167
|detailschange|p1a: Delphox|Delphox-Mega, L50, M
|-mega|p1a: Delphox|Delphox|Delphoxite
|move|p2a: Whimsicott|Protect|p2a: Whimsicott
|-singleturn|p2a: Whimsicott|Protect
|move|p2b: Floette|Protect|p2b: Floette
|-singleturn|p2b: Floette|Protect
|move|p1a: Delphox|Heat Wave|p2a: Whimsicott|[spread] 
|-activate|p2a: Whimsicott|move: Protect
|-activate|p2b: Floette|move: Protect
|move|p1b: Sneasler|Poison Jab|p2b: Floette
|-activate|p2b: Floette|move: Protect
|
|upkeep
|turn|2
|inactive|mb gang has 30 seconds left.
|inactive|leafeon03 has 30 seconds left.
|inactive|leafeon03 has 20 seconds left.
|inactive|leafeon03 has 15 seconds left.
|
|t:|1785855209
|switch|p2b: Basculegion|Basculegion, L50, M, shiny|100/100
|move|p2a: Whimsicott|Tailwind|p2a: Whimsicott
|-sidestart|p2: leafeon03|move: Tailwind
|move|p1a: Delphox|Heat Wave|p2a: Whimsicott|[spread] p2a,p2b
|-supereffective|p2a: Whimsicott|1
|-resisted|p2b: Basculegion|1
|-enditem|p2a: Whimsicott|Focus Sash
|-damage|p2a: Whimsicott|1/100
|-damage|p2b: Basculegion|76/100
|-status|p2b: Basculegion|brn
|move|p1b: Sneasler|Poison Jab|p2a: Whimsicott
|-supereffective|p2a: Whimsicott|2
|-damage|p2a: Whimsicott|0 fnt
|faint|p2a: Whimsicott
|
|-damage|p2b: Basculegion|70/100 brn|[from] brn
|upkeep
|
|t:|1785855227
|switch|p2a: Garchomp|Garchomp, L50, F|100/100
|turn|3
|inactive|leafeon03 has 30 seconds left.
|
|t:|1785855256
|switch|p1b: Tauros|Tauros-Paldea-Aqua, L50, M|100/100
|-ability|p1b: Tauros|Intimidate|boost
|-unboost|p2a: Garchomp|atk|1
|-unboost|p2b: Basculegion|atk|1
|move|p1a: Delphox|Protect|p1a: Delphox
|-singleturn|p1a: Delphox|Protect
|move|p2b: Basculegion|Wave Crash|p1b: Tauros
|-resisted|p1b: Tauros|1
|-damage|p1b: Tauros|80/100
|-damage|p2b: Basculegion|65/100 brn|[from] Recoil
|-damage|p2b: Basculegion|55/100 brn|[from] item: Life Orb
|move|p2a: Garchomp|Rock Slide|p1a: Delphox|[spread] p1b
|-activate|p1a: Delphox|move: Protect
|-resisted|p1b: Tauros|1
|-damage|p1b: Tauros|73/100
|
|-damage|p2b: Basculegion|49/100 brn|[from] brn
|upkeep
|turn|4
|
|t:|1785855281
|switch|p1a: Kingambit|Kingambit, L50, M|100/100
|move|p2b: Basculegion|Wave Crash|p1a: Kingambit
|-damage|p1a: Kingambit|73/100
|-damage|p2b: Basculegion|40/100 brn|[from] Recoil
|-damage|p2b: Basculegion|30/100 brn|[from] item: Life Orb
|move|p2a: Garchomp|Rock Slide|p1b: Tauros|[spread] p1a
|-miss|p2a: Garchomp|p1b: Tauros
|-resisted|p1a: Kingambit|1
|-damage|p1a: Kingambit|68/100
|move|p1b: Tauros|Wave Crash|p2a: Garchomp
|-damage|p2a: Garchomp|53/100
|-damage|p1b: Tauros|61/100|[from] ability: Rough Skin|[of] p2a: Garchomp
|-damage|p1b: Tauros|40/100|[from] Recoil
|
|-damage|p2b: Basculegion|24/100 brn|[from] brn
|upkeep
|turn|5
|
|t:|1785855304
|move|p2b: Basculegion|Protect|p2b: Basculegion
|-singleturn|p2b: Basculegion|Protect
|move|p1a: Kingambit|Protect|p1a: Kingambit
|-singleturn|p1a: Kingambit|Protect
|move|p2a: Garchomp|Earthquake|p1b: Tauros|[spread] p1b
|-activate|p2b: Basculegion|move: Protect
|-activate|p1a: Kingambit|move: Protect
|-damage|p1b: Tauros|14/100
|move|p1b: Tauros|Wave Crash|p2a: Garchomp
|-damage|p2a: Garchomp|8/100
|-damage|p1b: Tauros|1/100|[from] ability: Rough Skin|[of] p2a: Garchomp
|-enditem|p2a: Garchomp|Sitrus Berry|[eat]
|-heal|p2a: Garchomp|33/100|[from] item: Sitrus Berry
|-damage|p1b: Tauros|0 fnt|[from] Recoil
|faint|p1b: Tauros
|
|-damage|p2b: Basculegion|18/100 brn|[from] brn
|-sideend|p2: leafeon03|move: Tailwind
|upkeep
|
|t:|1785855318
|switch|p1b: Delphox|Delphox-Mega, L50, M|100/100
|turn|6
|
|t:|1785855330
|move|p2a: Garchomp|Protect|p2a: Garchomp
|-singleturn|p2a: Garchomp|Protect
|move|p2b: Basculegion|Aqua Jet|p1b: Delphox
|-supereffective|p1b: Delphox|1
|-damage|p1b: Delphox|64/100
|-damage|p2b: Basculegion|8/100 brn|[from] item: Life Orb
|move|p1a: Kingambit|Sucker Punch||[still]
|-fail|p1a: Kingambit
|move|p1b: Delphox|Psychic|p2a: Garchomp
|-activate|p2a: Garchomp|move: Protect
|
|-damage|p2b: Basculegion|2/100 brn|[from] brn
|upkeep
|turn|7
|
|t:|1785855350
|switch|p2a: Floette|Floette-Eternal, L50, F|100/100
|move|p2b: Basculegion|Aqua Jet|p1b: Delphox
|-supereffective|p1b: Delphox|1
|-damage|p1b: Delphox|28/100
|-damage|p2b: Basculegion|0 fnt|[from] item: Life Orb
|faint|p2b: Basculegion
|move|p1a: Kingambit|Sucker Punch||[still]
|-fail|p1a: Kingambit
|move|p1b: Delphox|Calm Mind|p1b: Delphox
|-boost|p1b: Delphox|spa|1
|-boost|p1b: Delphox|spd|1
|
|upkeep
|
|t:|1785855362
|switch|p2b: Garchomp|Garchomp, L50, F|33/100
|turn|8
|
|t:|1785855387
|detailschange|p2a: Floette|Floette-Mega, L50, F
|-mega|p2a: Floette|Floette|Floettite
|-ability|p2a: Floette|Fairy Aura
|move|p1a: Kingambit|Sucker Punch|p2b: Garchomp
|-damage|p2b: Garchomp|0 fnt
|-damage|p1a: Kingambit|56/100|[from] ability: Rough Skin|[of] p2b: Garchomp
|faint|p2b: Garchomp
|move|p1b: Delphox|Psychic|p2a: Floette
|-damage|p2a: Floette|28/100
|move|p2a: Floette|Light of Ruin|p1a: Kingambit
|-damage|p1a: Kingambit|0 fnt
|faint|p1a: Kingambit
|-damage|p2a: Floette|0 fnt|[from] Recoil
|faint|p2a: Floette
|
|win|mb gang
|inactive|mb gang has 30 seconds to confirm battle start!
|inactive|leafeon03 has 30 seconds to confirm battle start!
||leafeon03 is ready for game 2.
