|j|☆sandy ghost 5
|j|☆cereales raton
|html|sandy ghost 5cereales raton    
|uhtml|bestof|Game 3 of a best-of-3
|t:|1757081206
|gametype|doubles
|player|p1|sandy ghost 5|baker|1354
|player|p2|cereales raton|2|1387
|gen|9
|tier|[Gen 9] VGC 2025 Reg H (Bo3)
|rated|
|rule|Species Clause: Limit one of each Pokémon
|rule|Item Clause: Limit 1 of each item
|clearpoke
|poke|p1|Tyranitar, L50, F|
|poke|p1|Excadrill, L50, M|
|poke|p1|Sinistcha-Masterpiece, L50|
|poke|p1|Salamence, L50, M|
|poke|p1|Blaziken, L50, F|
|poke|p1|Bruxish, L50, M|
|poke|p2|Volcarona, L50, F|
|poke|p2|Dragonite, L50, M|
|poke|p2|Kingambit, L50, M|
|poke|p2|Sneasler, L50, M|
|poke|p2|Rillaboom, L50, M|
|poke|p2|Electabuzz, L50, F|
|teampreview|4
|showteam|p1|Tyranitar||ClearAmulet|SandStream|RockSlide,KnockOff,DragonDance,Protect|||F|||50|,,,,,Grass]Excadrill||AssaultVest|SandRush|Earthquake,IronHead,HighHorsepower,RockSlide|||M|||50|,,,,,Ghost]Sinistcha-Masterpiece||SitrusBerry|Hospitality|ShadowBall,MatchaGotcha,RagePowder,Protect||||||50|,,,,,Dark]Salamence||LifeOrb|Intimidate|DracoMeteor,AirSlash,Protect,Tailwind|||M|||50|,,,,,Ghost]Blaziken||CovertCloak|SpeedBoost|AuraSphere,HeatWave,Coaching,WillOWisp|||F|||50|,,,,,Dragon]Bruxish||ChoiceScarf|Dazzling|PsychicFangs,FlipTurn,WaveCrash,SuperFang|||M|||50|,,,,,Water
|showteam|p2|Volcarona||Leftovers|FlameBody|HeatWave,TeraBlast,QuiverDance,Protect|||F|||50|,,,,,Fairy]Dragonite||LoadedDice|Multiscale|ScaleShot,ExtremeSpeed,Haze,Protect|||M|||50|,,,,,Steel]Kingambit||BlackGlasses|Defiant|KowtowCleave,SuckerPunch,SwordsDance,Protect|||M|||50|,,,,,Ghost]Sneasler||FocusSash|PoisonTouch|CloseCombat,DireClaw,FakeOut,Coaching|||M|||50|,,,,,Stellar]Rillaboom||AssaultVest|GrassySurge|WoodHammer,GrassyGlide,HighHorsepower,FakeOut|||M|||50|,,,,,Fire]Electabuzz||Eviolite|VitalSpirit|Thunderbolt,Taunt,FollowMe,Protect|||F|||50|,,,,,Ghost
|
|t:|1757081243
|teamsize|p1|4
|teamsize|p2|4
|start
|switch|p1a: Excadrill|Excadrill, L50, M|100/100
|switch|p1b: Bruxish|Bruxish, L50, M|100/100
|switch|p2a: Kingambit|Kingambit, L50, M|100/100
|switch|p2b: Dragonite|Dragonite, L50, M|100/100
|turn|1
|inactive|Battle timer is ON: inactive players will automatically lose when time's up. (requested by cereales raton)
|
|t:|1757081263
|-terastallize|p2a: Kingambit|Ghost
|move|p1b: Bruxish|Flip Turn|p2b: Dragonite
|-resisted|p2b: Dragonite
|-damage|p2b: Dragonite|93/100
|
|t:|1757081280
|switch|p1b: Tyranitar|Tyranitar, L50, F|100/100|[from] Flip Turn
|-weather|Sandstorm|[from] ability: Sand Stream|[of] p1b: Tyranitar
|move|p1a: Excadrill|Rock Slide|p2b: Dragonite|[spread] p2a,p2b
|-supereffective|p2b: Dragonite
|-damage|p2a: Kingambit|83/100
|-damage|p2b: Dragonite|45/100
|move|p2b: Dragonite|Scale Shot|p1b: Tyranitar
|-damage|p1b: Tyranitar|88/100
|-damage|p1b: Tyranitar|75/100
|-damage|p1b: Tyranitar|61/100
|-damage|p1b: Tyranitar|48/100
|-damage|p1b: Tyranitar|34/100
|-hitcount|p1b: Tyranitar|5
|-unboost|p2b: Dragonite|def|1
|-boost|p2b: Dragonite|spe|1
|move|p2a: Kingambit|Kowtow Cleave|p1a: Excadrill
|-damage|p1a: Excadrill|17/100
|
|-weather|Sandstorm|[upkeep]
|-damage|p2b: Dragonite|39/100|[from] Sandstorm
|-damage|p2a: Kingambit|77/100|[from] Sandstorm
|upkeep
|turn|2
|inactive|cereales raton has 30 seconds left.
|inactive|cereales raton has 20 seconds left.
|
|t:|1757081317
|switch|p1b: Bruxish|Bruxish, L50, M|100/100
|move|p2b: Dragonite|Protect|p2b: Dragonite
|-singleturn|p2b: Dragonite|Protect
|move|p1a: Excadrill|Rock Slide|p2a: Kingambit|[spread] p2a
|-activate|p2b: Dragonite|move: Protect
|-damage|p2a: Kingambit|61/100
|move|p2a: Kingambit|Kowtow Cleave|p1a: Excadrill
|-damage|p1a: Excadrill|0 fnt
|faint|p1a: Excadrill
|
|-weather|Sandstorm|[upkeep]
|-damage|p1b: Bruxish|94/100|[from] Sandstorm
|-damage|p2b: Dragonite|33/100|[from] Sandstorm
|-damage|p2a: Kingambit|55/100|[from] Sandstorm
|upkeep
|
|t:|1757081329
|switch|p1a: Tyranitar|Tyranitar, L50, F|34/100
|turn|3
|
|t:|1757081351
|move|p1b: Bruxish|Psychic Fangs|p2b: Dragonite
|-damage|p2b: Dragonite|0 fnt
|faint|p2b: Dragonite
|move|p1a: Tyranitar|Knock Off|p2a: Kingambit
|-supereffective|p2a: Kingambit
|-damage|p2a: Kingambit|0 fnt
|-enditem|p2a: Kingambit|Black Glasses|[from] move: Knock Off|[of] p1a: Tyranitar
|faint|p2a: Kingambit
|
|-weather|Sandstorm|[upkeep]
|-damage|p1b: Bruxish|88/100|[from] Sandstorm
|upkeep
|
|t:|1757081355
|switch|p2b: Sneasler|Sneasler, L50, M|100/100
|switch|p2a: Rillaboom|Rillaboom, L50, M|100/100
|-fieldstart|move: Grassy Terrain|[from] ability: Grassy Surge|[of] p2a: Rillaboom
|turn|4
|
|t:|1757081375
|move|p1a: Tyranitar|Protect|p1a: Tyranitar
|-singleturn|p1a: Tyranitar|Protect
|move|p1b: Bruxish|Psychic Fangs|p2b: Sneasler
|-supereffective|p2b: Sneasler
|-enditem|p2b: Sneasler|Focus Sash
|-damage|p2b: Sneasler|1/100
|move|p2b: Sneasler|Dire Claw|p1b: Bruxish
|-damage|p1b: Bruxish|17/100
|-status|p1b: Bruxish|psn|[from] ability: Poison Touch|[of] p2b: Sneasler
|move|p2a: Rillaboom|Wood Hammer|p1a: Tyranitar
|-activate|p1a: Tyranitar|move: Protect
|
|-weather|Sandstorm|[upkeep]
|-damage|p1b: Bruxish|11/100 psn|[from] Sandstorm
|-damage|p2b: Sneasler|0 fnt|[from] Sandstorm
|-damage|p2a: Rillaboom|94/100|[from] Sandstorm
|faint|p2b: Sneasler
|-heal|p1b: Bruxish|17/100 psn|[from] Grassy Terrain
|-heal|p2a: Rillaboom|100/100|[from] Grassy Terrain
|-heal|p1a: Tyranitar|40/100|[from] Grassy Terrain
|-damage|p1b: Bruxish|5/100 psn|[from] psn
|upkeep
|turn|5
|-message|cereales raton forfeited.
|
|win|sandy ghost 5
|raw|sandy ghost 5's rating: 1354 → 1376(+22 for winning)
|raw|cereales raton's rating: 1387 → 1365(-22 for losing)
|l|☆cereales raton
|player|p2|
