|j|☆sadnessvgc
|j|☆wade connects
|html|sadnessvgcwade connects    
|uhtml|bestof|Game 3 of a best-of-3
|t:|1785642614
|gametype|doubles
|player|p1|sadnessvgc|chase|1288
|player|p2|wade connects|101|1240
|gen|9
|tier|[Gen 9 Champions] VGC 2026 Reg M-B (Bo3)
|rated|
|rule|Species Clause: Limit one of each Pokémon
|rule|Item Clause: Limit 1 of each item
|clearpoke
|poke|p1|Floette-Eternal, L50, F|
|poke|p1|Whimsicott, L50, M, shiny|
|poke|p1|Garchomp, L50, F, shiny|
|poke|p1|Kingambit, L50, F, shiny|
|poke|p1|Basculegion, L50, M, shiny|
|poke|p1|Charizard, L50, F, shiny|
|poke|p2|Gholdengo, L50|
|poke|p2|Clefable, L50, F|
|poke|p2|Blaziken, L50, M, shiny|
|poke|p2|Sceptile, L50, M|
|poke|p2|Gyarados, L50, F, shiny|
|poke|p2|Aerodactyl, L50, F|
|teampreview|4
|showteam|p1|Floette-Eternal||Floettite|FlowerVeil|DazzlingGleam,Moonblast,Protect,LightofRuin|Timid||F|||50|]Whimsicott||FocusSash|Prankster|Moonblast,Protect,Encore,Tailwind|Timid||M|||50|]Garchomp||RoseliBerry|RoughSkin|Earthquake,DragonClaw,PoisonJab,RockSlide|Jolly||F|||50|]Kingambit||ChopleBerry|Defiant|KowtowCleave,LowKick,SuckerPunch,IronHead|Adamant||F|||50|]Basculegion||LifeOrb|Adaptability|LastRespects,WaveCrash,AquaJet,Protect|Adamant||M|||50|]Charizard||CharizarditeY|Blaze|HeatWave,WeatherBall,SolarBeam,Protect|Modest||F|||50|
|showteam|p2|Gholdengo||MetalCoat|GoodasGold|Protect,NastyPlot,ShadowBall,MakeItRain|Modest|||||50|]Clefable||Leftovers|Unaware|Protect,FollowMe,LifeDew,Moonblast|Bold||F|||50|]Blaziken||LifeOrb|SpeedBoost|Detect,CloseCombat,FlareBlitz,RockSlide|Adamant||M|||50|]Sceptile||Sceptilite|Overgrow|Detect,EnergyBall,DragonPulse,EarthPower|Timid||M|||50|]Gyarados||Gyaradosite|Intimidate|Protect,DragonDance,Waterfall,Crunch|Adamant||F|||50|]Aerodactyl||FocusSash|Unnerve|Protect,Tailwind,DualWingbeat,RockSlide|Jolly||F|||50|
|inactive|Battle timer is ON: inactive players will automatically lose when time's up. (requested by sadnessvgc)
|
|t:|1785642646
|teamsize|p1|4
|teamsize|p2|4
|start
|switch|p1a: Whimsicott|Whimsicott, L50, M, shiny|100/100
|switch|p1b: Garchomp|Garchomp, L50, F, shiny|100/100
|switch|p2a: Gyarados|Gyarados, L50, F, shiny|100/100
|switch|p2b: Clefable|Clefable, L50, F|100/100
|-ability|p2a: Gyarados|Intimidate|boost
|-unboost|p1a: Whimsicott|atk|1
|-unboost|p1b: Garchomp|atk|1
|turn|1
|
|t:|1785642662
|detailschange|p2a: Gyarados|Gyarados-Mega, L50, F, shiny
|-mega|p2a: Gyarados|Gyarados|Gyaradosite
|-ability|p2a: Gyarados|Mold Breaker
|move|p1a: Whimsicott|Tailwind|p1a: Whimsicott
|-sidestart|p1: sadnessvgc|move: Tailwind
|move|p1b: Garchomp|Rock Slide|p2b: Clefable|[spread] p2a,p2b
|-damage|p2a: Gyarados|88/100
|-damage|p2b: Clefable|86/100
|move|p2a: Gyarados|Dragon Dance|p2a: Gyarados
|-boost|p2a: Gyarados|atk|1
|-boost|p2a: Gyarados|spe|1
|move|p2b: Clefable|Moonblast|p1b: Garchomp
|-supereffective|p1b: Garchomp|1
|-enditem|p1b: Garchomp|Roseli Berry|[eat]
|-enditem|p1b: Garchomp|Roseli Berry|[weaken]
|-damage|p1b: Garchomp|67/100
|
|-heal|p2b: Clefable|92/100|[from] item: Leftovers
|upkeep
|turn|2
|
|t:|1785642685
|move|p2b: Clefable|Follow Me|p2b: Clefable
|-singleturn|p2b: Clefable|move: Follow Me
|move|p1a: Whimsicott|Encore|p2b: Clefable
|-start|p2b: Clefable|Encore
|move|p1b: Garchomp|Rock Slide|p2b: Clefable|[spread] p2a,p2b
|-damage|p2a: Gyarados|78/100
|-damage|p2b: Clefable|78/100
|cant|p2a: Gyarados|flinch
|
|-heal|p2b: Clefable|84/100|[from] item: Leftovers
|upkeep
|turn|3
|
|t:|1785642699
|move|p2b: Clefable|Follow Me|p2b: Clefable
|-singleturn|p2b: Clefable|move: Follow Me
|move|p1a: Whimsicott|Moonblast|p2b: Clefable
|-damage|p2b: Clefable|49/100
|move|p1b: Garchomp|Poison Jab|p2b: Clefable
|-supereffective|p2b: Clefable|1
|-damage|p2b: Clefable|9/100
|-status|p2b: Clefable|psn
|move|p2a: Gyarados|Dragon Dance|p2a: Gyarados
|-boost|p2a: Gyarados|atk|1
|-boost|p2a: Gyarados|spe|1
|
|-heal|p2b: Clefable|15/100 psn|[from] item: Leftovers
|-damage|p2b: Clefable|2/100 psn|[from] psn
|upkeep
|turn|4
|
|t:|1785642715
|move|p1a: Whimsicott|Protect|p1a: Whimsicott
|-singleturn|p1a: Whimsicott|Protect
|move|p2b: Clefable|Follow Me|p2b: Clefable
|-singleturn|p2b: Clefable|move: Follow Me
|move|p1b: Garchomp|Rock Slide|p2a: Gyarados|[spread] p2a,p2b
|-crit|p2b: Clefable
|-damage|p2a: Gyarados|68/100
|-damage|p2b: Clefable|0 fnt
|faint|p2b: Clefable
|cant|p2a: Gyarados|flinch
|
|-sideend|p1: sadnessvgc|move: Tailwind
|upkeep
|
|t:|1785642727
|switch|p2b: Aerodactyl|Aerodactyl, L50, F|100/100
|-ability|p2b: Aerodactyl|Unnerve
|turn|5
|
|t:|1785642743
|move|p1a: Whimsicott|Encore|p2a: Gyarados
|-hint|Since gen 7, Dark is immune to Prankster moves.
|-immune|p2a: Gyarados
|move|p2a: Gyarados|Dragon Dance|p2a: Gyarados
|-boost|p2a: Gyarados|atk|1
|-boost|p2a: Gyarados|spe|1
|move|p2b: Aerodactyl|Tailwind|p2b: Aerodactyl
|-sidestart|p2: wade connects|move: Tailwind
|move|p1b: Garchomp|Rock Slide|p2b: Aerodactyl|[spread] p2a,p2b
|-supereffective|p2b: Aerodactyl|1
|-damage|p2a: Gyarados|57/100
|-damage|p2b: Aerodactyl|60/100
|
|upkeep
|turn|6
|
|t:|1785642758
|switch|p2b: Gholdengo|Gholdengo, L50|100/100
|move|p1a: Whimsicott|Encore|p2b: Gholdengo
|-immune|p2b: Gholdengo|[from] ability: Good as Gold
|move|p2a: Gyarados|Waterfall|p1b: Garchomp
|-damage|p1b: Garchomp|0 fnt
|-damage|p2a: Gyarados|45/100|[from] ability: Rough Skin|[of] p1b: Garchomp
|faint|p1b: Garchomp
|
|upkeep
|
|t:|1785642770
|switch|p1b: Floette|Floette-Eternal, L50, F|100/100
|turn|7
|
|t:|1785642787
|detailschange|p1b: Floette|Floette-Mega, L50, F
|-mega|p1b: Floette|Floette|Floettite
|-ability|p1b: Floette|Fairy Aura
|move|p2a: Gyarados|Protect|p2a: Gyarados
|-singleturn|p2a: Gyarados|Protect
|move|p1b: Floette|Protect|p1b: Floette
|-singleturn|p1b: Floette|Protect
|move|p2b: Gholdengo|Make It Rain|p1b: Floette|[spread] p1a
|-activate|p1b: Floette|move: Protect
|-supereffective|p1a: Whimsicott|1
|-enditem|p1a: Whimsicott|Focus Sash
|-damage|p1a: Whimsicott|1/100
|-unboost|p2b: Gholdengo|spa|2
|move|p1a: Whimsicott|Moonblast|p2a: Gyarados
|-activate|p2a: Gyarados|move: Protect
|
|upkeep
|turn|8
|inactive|wade connects has 30 seconds left.
|
|t:|1785642815
|move|p1a: Whimsicott|Tailwind|p1a: Whimsicott
|-sidestart|p1: sadnessvgc|move: Tailwind
|move|p2a: Gyarados|Waterfall|p1b: Floette
|-damage|p1b: Floette|0 fnt
|faint|p1b: Floette
|move|p2b: Gholdengo|Make It Rain|p1a: Whimsicott
|-supereffective|p1a: Whimsicott|1
|-damage|p1a: Whimsicott|0 fnt
|-unboost|p2b: Gholdengo|spa|2
|faint|p1a: Whimsicott
|
|-sideend|p2: wade connects|move: Tailwind
|upkeep
|
|t:|1785642822
|switch|p1b: Basculegion|Basculegion, L50, M, shiny|100/100
|turn|9
|
|t:|1785642836
|move|p2a: Gyarados|Protect|p2a: Gyarados
|-singleturn|p2a: Gyarados|Protect
|move|p1b: Basculegion|Last Respects|p2a: Gyarados
|-activate|p2a: Gyarados|move: Protect
|move|p2b: Gholdengo|Shadow Ball|p1b: Basculegion
|-supereffective|p1b: Basculegion|1
|-damage|p1b: Basculegion|62/100
|
|upkeep
|turn|10
|
|t:|1785642850
|move|p2a: Gyarados|Crunch|p1b: Basculegion
|-supereffective|p1b: Basculegion|1
|-damage|p1b: Basculegion|0 fnt
|faint|p1b: Basculegion
|
|win|wade connects
|raw|sadnessvgc's rating: 1288 → 1260(-28 for losing)
|raw|wade connects's rating: 1240 → 1268(+28 for winning)
|l|☆sadnessvgc
|player|p1|
|c|☆wade connects|Ggwp
