|j|☆axcoquette
|j|☆lettitripppp
|html|axcoquettelettitripppp    
|uhtml|bestof|Game 1 of a best-of-3
|t:|1783971865
|gametype|doubles
|player|p1|axcoquette|maid|1182
|player|p2|lettitripppp|lucas|1296
|gen|9
|tier|[Gen 9 Champions] VGC 2026 Reg M-B (Bo3)
|rated|
|rule|Species Clause: Limit one of each Pokémon
|rule|Item Clause: Limit 1 of each item
|clearpoke
|poke|p1|Ceruledge, L50, F|
|poke|p1|Glimmora, L50, F|
|poke|p1|Weavile, L50, F|
|poke|p1|Raichu, L50, F|
|poke|p1|Whimsicott, L50, M|
|poke|p1|Milotic, L50, F|
|poke|p2|Charizard, L50, F|
|poke|p2|Basculegion, L50, M|
|poke|p2|Pelipper, L50, F|
|poke|p2|Venusaur, L50, M|
|poke|p2|Archaludon, L50, F|
|poke|p2|Grimmsnarl, L50, M|
|teampreview|4
|showteam|p1|Ceruledge||ColburBerry|FlashFire|BitterBlade,ShadowSneak,BulkUp,Protect|Impish||F|||50|]Glimmora||Glimmoranite|ToxicDebris|SpikyShield,PowerGem,EarthPower,SludgeBomb|Timid||F|||50|]Weavile||FocusSash|Pressure|IcePunch,FakeOut,Protect,KnockOff|Jolly||F|||50|]Raichu||RaichuniteY|LightningRod|FakeOut,FocusBlast,ZapCannon,Protect|Timid||F|||50|]Whimsicott||FairyFeather|Prankster|Tailwind,Moonblast,Protect,Encore|Modest||M|||50|]Milotic||Leftovers|Competitive|Coil,Hypnosis,MuddyWater,Recover|Calm||F|||50|
|showteam|p2|Charizard||CharizarditeY|Blaze|WeatherBall,SolarBeam,HeatWave,Protect|Modest||F|||50|]Basculegion||ChoiceScarf|Adaptability|LastRespects,WaveCrash,FlipTurn,AquaJet|Jolly||M|||50|]Pelipper||SitrusBerry|Drizzle|WeatherBall,WideGuard,Hurricane,Tailwind|Modest||F|||50|]Venusaur||FocusSash|Chlorophyll|SleepPowder,SludgeBomb,EarthPower,Protect|Modest||M|||50|]Archaludon||Leftovers|Stamina|FlashCannon,DragonPulse,ElectroShot,Protect|Calm||F|||50|]Grimmsnarl||LightClay|Prankster|PartingShot,LightScreen,SpiritBreak,Reflect|Sassy||M|||50|
|inactive|Battle timer is ON: inactive players will automatically lose when time's up. (requested by lettitripppp)
|inactive|axcoquette also wants the timer to be on.
|inactive|axcoquette has 60 seconds left.
|inactive|lettitripppp has 60 seconds left.
|inactive|axcoquette has 30 seconds left.
|inactive|lettitripppp has 30 seconds left.
|inactive|lettitripppp has 20 seconds left.
|inactive|lettitripppp has 15 seconds left.
|
|t:|1783971943
|teamsize|p1|4
|teamsize|p2|4
|start
|switch|p1a: Raichu|Raichu, L50, F|100/100
|switch|p1b: Weavile|Weavile, L50, F|100/100
|switch|p2a: AGNI|Charizard, L50, F|100/100
|switch|p2b: Venusaur|Venusaur, L50, M|100/100
|-ability|p1b: Weavile|Pressure
|turn|1
|
|t:|1783971961
|detailschange|p1a: Raichu|Raichu-Mega-Y, L50, F
|-mega|p1a: Raichu|Raichu|Raichunite Y
|move|p2a: AGNI|Protect|p2a: AGNI
|-singleturn|p2a: AGNI|Protect
|move|p2b: Venusaur|Protect|p2b: Venusaur
|-singleturn|p2b: Venusaur|Protect
|move|p1b: Weavile|Fake Out|p2b: Venusaur
|-activate|p2b: Venusaur|move: Protect
|move|p1a: Raichu|Zap Cannon|p2a: AGNI
|-activate|p2a: AGNI|move: Protect
|
|upkeep
|turn|2
|
|t:|1783971973
|switch|p1b: Ceruledge|Ceruledge, L50, F|100/100
|detailschange|p2a: AGNI|Charizard-Mega-Y, L50, F
|-mega|p2a: AGNI|Charizard|Charizardite Y
|-weather|SunnyDay|[from] ability: Drought|[of] p2a: AGNI
|move|p1a: Raichu|Protect|p1a: Raichu
|-singleturn|p1a: Raichu|Protect
|move|p2b: Venusaur|Sleep Powder|p1a: Raichu
|-activate|p1a: Raichu|move: Protect
|move|p2a: AGNI|Heat Wave|p1b: Ceruledge|[spread] 
|-activate|p1a: Raichu|move: Protect
|-start|p1b: Ceruledge|ability: Flash Fire
|
|-weather|SunnyDay|[upkeep]
|upkeep
|turn|3
|
|t:|1783971989
|switch|p2a: Archaludon|Archaludon, L50, F|100/100
|move|p2b: Venusaur|Sleep Powder|p1b: Ceruledge
|-status|p1b: Ceruledge|slp|[from] move: Sleep Powder
|move|p1a: Raichu|Zap Cannon|p2a: Archaludon
|-resisted|p2a: Archaludon|1
|-damage|p2a: Archaludon|54/100
|-status|p2a: Archaludon|par
|-ability|p2a: Archaludon|Stamina|boost
|-boost|p2a: Archaludon|def|1
|cant|p1b: Ceruledge|slp
|
|-weather|SunnyDay|[upkeep]
|-heal|p2a: Archaludon|60/100 par|[from] item: Leftovers
|upkeep
|turn|4
|
|t:|1783972010
|move|p2a: Archaludon|Protect|p2a: Archaludon
|-singleturn|p2a: Archaludon|Protect
|move|p2b: Venusaur|Sleep Powder|p1a: Raichu
|-status|p1a: Raichu|slp|[from] move: Sleep Powder
|cant|p1a: Raichu|slp
|cant|p1b: Ceruledge|slp
|
|-weather|SunnyDay|[upkeep]
|-heal|p2a: Archaludon|66/100 par|[from] item: Leftovers
|upkeep
|turn|5
|
|t:|1783972029
|move|p2b: Venusaur|Earth Power|p1a: Raichu
|-supereffective|p1a: Raichu|1
|-crit|p1a: Raichu
|-damage|p1a: Raichu|10/100 slp
|cant|p1a: Raichu|slp
|-curestatus|p1b: Ceruledge|slp|[msg]
|move|p1b: Ceruledge|Bulk Up|p1b: Ceruledge
|-boost|p1b: Ceruledge|atk|1
|-boost|p1b: Ceruledge|def|1
|move|p2a: Archaludon|Dragon Pulse|p1a: Raichu
|-damage|p1a: Raichu|0 fnt
|faint|p1a: Raichu
|
|-weather|SunnyDay|[upkeep]
|-heal|p2a: Archaludon|72/100 par|[from] item: Leftovers
|upkeep
|
|t:|1783972044
|switch|p1a: Weavile|Weavile, L50, F|100/100
|-ability|p1a: Weavile|Pressure
|turn|6
|
|t:|1783972057
|move|p2b: Venusaur|Protect|p2b: Venusaur
|-singleturn|p2b: Venusaur|Protect
|cant|p2a: Archaludon|par
|move|p1a: Weavile|Fake Out|p2b: Venusaur
|-activate|p2b: Venusaur|move: Protect
|move|p1b: Ceruledge|Bitter Blade|p2a: Archaludon
|-damage|p2a: Archaludon|0 fnt
|faint|p2a: Archaludon
|
|-weather|none
|upkeep
|
|t:|1783972069
|switch|p2a: AGNI|Charizard-Mega-Y, L50, F|100/100
|-weather|SunnyDay|[from] ability: Drought|[of] p2a: AGNI
|turn|7
|
|t:|1783972080
|move|p1b: Ceruledge|Protect|p1b: Ceruledge
|-singleturn|p1b: Ceruledge|Protect
|move|p2b: Venusaur|Sleep Powder|p1b: Ceruledge
|-activate|p1b: Ceruledge|move: Protect
|move|p1a: Weavile|Knock Off|p2b: Venusaur
|-damage|p2b: Venusaur|38/100
|-enditem|p2b: Venusaur|Focus Sash|[from] move: Knock Off|[of] p1a: Weavile
|move|p2a: AGNI|Weather Ball|p1a: Weavile
|-supereffective|p1a: Weavile|1
|-enditem|p1a: Weavile|Focus Sash
|-damage|p1a: Weavile|1/100
|
|-weather|SunnyDay|[upkeep]
|upkeep
|turn|8
|
|t:|1783972097
|move|p1b: Ceruledge|Shadow Sneak|p2b: Venusaur
|-damage|p2b: Venusaur|6/100
|move|p2b: Venusaur|Sleep Powder|p1b: Ceruledge
|-status|p1b: Ceruledge|slp|[from] move: Sleep Powder
|move|p1a: Weavile|Knock Off|p2a: AGNI
|-damage|p2a: AGNI|54/100
|move|p2a: AGNI|Weather Ball|p1a: Weavile
|-supereffective|p1a: Weavile|1
|-damage|p1a: Weavile|0 fnt
|faint|p1a: Weavile
|
|-weather|SunnyDay|[upkeep]
|upkeep
|
|t:|1783972108
|switch|p1a: Milotic|Milotic, L50, F|100/100
|turn|9
|
|t:|1783972117
|cant|p1b: Ceruledge|slp
|move|p2b: Venusaur|Sludge Bomb|p1a: Milotic
|-damage|p1a: Milotic|74/100
|-status|p1a: Milotic|psn
|move|p2a: AGNI|Solar Beam||[still]
|-prepare|p2a: AGNI|Solar Beam
|-anim|p2a: AGNI|Solar Beam|p1a: Milotic
|-supereffective|p1a: Milotic|1
|-damage|p1a: Milotic|15/100 psn
|move|p1a: Milotic|Muddy Water|p2a: AGNI|[spread] p2a,p2b
|-supereffective|p2a: AGNI|1
|-resisted|p2b: Venusaur|1
|-damage|p2a: AGNI|33/100
|-damage|p2b: Venusaur|1/100
|-unboost|p2a: AGNI|accuracy|1
|-unboost|p2b: Venusaur|accuracy|1
|
|-weather|SunnyDay|[upkeep]
|-heal|p1a: Milotic|21/100 psn|[from] item: Leftovers
|-damage|p1a: Milotic|8/100 psn|[from] psn
|upkeep
|turn|10
|
|t:|1783972131
|switch|p2a: Pelipper|Pelipper, L50, F|100/100
|-weather|RainDance|[from] ability: Drizzle|[of] p2a: Pelipper
|move|p2b: Venusaur|Protect|p2b: Venusaur
|-singleturn|p2b: Venusaur|Protect
|-curestatus|p1b: Ceruledge|slp|[msg]
|move|p1b: Ceruledge|Shadow Sneak|p2b: Venusaur
|-activate|p2b: Venusaur|move: Protect
|move|p1a: Milotic|Muddy Water|p2b: Venusaur|[spread] p2a
|-activate|p2b: Venusaur|move: Protect
|-resisted|p2a: Pelipper|1
|-damage|p2a: Pelipper|68/100
|
|-weather|RainDance|[upkeep]
|-heal|p1a: Milotic|14/100 psn|[from] item: Leftovers
|-damage|p1a: Milotic|2/100 psn|[from] psn
|upkeep
|turn|11
|inactive|axcoquette has 30 seconds left.
|inactive|axcoquette has 20 seconds left.
|
|t:|1783972170
|move|p1b: Ceruledge|Protect|p1b: Ceruledge
|-singleturn|p1b: Ceruledge|Protect
|move|p1a: Milotic|Muddy Water|p2a: Pelipper|[spread] p2a,p2b
|-resisted|p2a: Pelipper|1
|-resisted|p2b: Venusaur|1
|-crit|p2b: Venusaur
|-damage|p2a: Pelipper|39/100
|-damage|p2b: Venusaur|0 fnt
|-unboost|p2a: Pelipper|accuracy|1
|-enditem|p2a: Pelipper|Sitrus Berry|[eat]
|-heal|p2a: Pelipper|63/100|[from] item: Sitrus Berry
|faint|p2b: Venusaur
|move|p2a: Pelipper|Weather Ball|p1b: Ceruledge
|-activate|p1b: Ceruledge|move: Protect
|
|-weather|RainDance|[upkeep]
|-heal|p1a: Milotic|8/100 psn|[from] item: Leftovers
|-damage|p1a: Milotic|0 fnt|[from] psn
|faint|p1a: Milotic
|upkeep
|
|t:|1783972176
|switch|p2b: AGNI|Charizard-Mega-Y, L50, F|33/100
|-weather|SunnyDay|[from] ability: Drought|[of] p2b: AGNI
|turn|12
|inactive|axcoquette has 30 seconds left.
|
|t:|1783972202
|move|p2b: AGNI|Solar Beam||[still]
|-prepare|p2b: AGNI|Solar Beam
|-anim|p2b: AGNI|Solar Beam|p1b: Ceruledge
|-resisted|p1b: Ceruledge|1
|-crit|p1b: Ceruledge
|-damage|p1b: Ceruledge|70/100
|move|p1b: Ceruledge|Bitter Blade|p2a: Pelipper
|-resisted|p2a: Pelipper|1
|-damage|p2a: Pelipper|0 fnt
|-heal|p1b: Ceruledge|93/100|[from] drain|[of] p2a: Pelipper
|faint|p2a: Pelipper
|
|-weather|SunnyDay|[upkeep]
|upkeep
|turn|13
|-message|lettitripppp forfeited.
|
|win|axcoquette
