|j|☆vtnho
|j|☆Priest_of_Talos
|html|vtnhoPriest_of_Talos    
|uhtml|bestof|Game 2 of a best-of-3
|t:|1756923446
|gametype|doubles
|player|p1|vtnho|101|1095
|player|p2|Priest_of_Talos|linebacker|1144
|gen|9
|tier|[Gen 9] VGC 2025 Reg H (Bo3)
|rated|
|rule|Species Clause: Limit one of each Pokémon
|rule|Item Clause: Limit 1 of each item
|clearpoke
|poke|p1|Rillaboom, L50, F|
|poke|p1|Dragonite, L50, M|
|poke|p1|Annihilape, L50, M|
|poke|p1|Maushold-Four, L50|
|poke|p1|Gholdengo, L50|
|poke|p1|Talonflame, L50, M|
|poke|p2|Dragonite, L50, F|
|poke|p2|Rillaboom, L50, M|
|poke|p2|Ursaluna-Bloodmoon, L50, M|
|poke|p2|Maushold-Four, L50|
|poke|p2|Annihilape, L50, M|
|poke|p2|Gholdengo, L50|
|teampreview|4
|showteam|p1|Rillaboom||MiracleSeed|GrassySurge|WoodHammer,HighHorsepower,GrassyGlide,FakeOut|||F|||50|,,,,,Rock]Dragonite||LoadedDice|Multiscale|ScaleShot,ExtremeSpeed,Haze,Protect|||M|||50|,,,,,Fairy]Annihilape||SafetyGoggles|Defiant|RageFist,CloseCombat,FinalGambit,Coaching|||M|||50|,,,,,Fire]Maushold-Four||WideLens|Technician|PopulationBomb,Taunt,FollowMe,Protect||||||50|,,,,,Ghost]Gholdengo||ChoiceSpecs|GoodasGold|MakeItRain,ShadowBall,Thunderbolt,PowerGem||||||50|,,,,,Steel]Talonflame||LifeOrb|GaleWings|BraveBird,FlareBlitz,Tailwind,Protect|||M|||50|,,,,,Ghost
|showteam|p2|Dragonite||LoadedDice|Multiscale|Tailwind,Haze,Protect,ScaleShot|||F|||50|,,,,,Fairy]Rillaboom||AssaultVest|GrassySurge|WoodHammer,GrassyGlide,FakeOut,HighHorsepower|||M|||50|,,,,,Fire]Ursaluna-Bloodmoon||LifeOrb|MindsEye|BloodMoon,EarthPower,HyperVoice,VacuumWave|||M|||50|,,,,,Water]Maushold-Four||FocusSash|FriendGuard|SuperFang,FollowMe,BeatUp,Protect||||||50|,,,,,Ghost]Annihilape||SitrusBerry|Defiant|RageFist,DrainPunch,BulkUp,Protect|||M|||50|,,,,,Fire]Gholdengo||MetalCoat|GoodasGold|NastyPlot,ShadowBall,MakeItRain,Protect||||||50|,,,,,Flying
|inactive|Battle timer is ON: inactive players will automatically lose when time's up. (requested by vtnho)
|
|t:|1756923466
|teamsize|p1|4
|teamsize|p2|4
|start
|switch|p1a: Talonflame|Talonflame, L50, M|100/100
|switch|p1b: Annihilape|Annihilape, L50, M|100/100
|switch|p2a: Annihilape|Annihilape, L50, M|100/100
|switch|p2b: Maushold|Maushold-Four, L50|100/100
|turn|1
|inactive|vtnho has 30 seconds left.
|
|t:|1756923497
|-terastallize|p2a: Annihilape|Fire
|move|p2b: Maushold|Follow Me|p2b: Maushold
|-singleturn|p2b: Maushold|move: Follow Me
|move|p1a: Talonflame|Tailwind|p1a: Talonflame
|-sidestart|p1: vtnho|move: Tailwind
|move|p1b: Annihilape|Close Combat|p2b: Maushold
|-supereffective|p2b: Maushold
|-enditem|p2b: Maushold|Focus Sash
|-damage|p2b: Maushold|1/100
|-unboost|p1b: Annihilape|def|1
|-unboost|p1b: Annihilape|spd|1
|move|p2a: Annihilape|Rage Fist|p1b: Annihilape
|-supereffective|p1b: Annihilape
|-damage|p1b: Annihilape|36/100
|
|upkeep
|turn|2
|inactive|vtnho has 30 seconds left.
|inactive|Priest_of_Talos has 30 seconds left.
|inactive|vtnho has 20 seconds left.
|inactive|vtnho has 15 seconds left.
|inactive|vtnho has 10 seconds left.
|inactive|vtnho has 5 seconds left.
|
|t:|1756923549
|move|p1a: Talonflame|Protect|p1a: Talonflame
|-singleturn|p1a: Talonflame|Protect
|move|p2b: Maushold|Follow Me|p2b: Maushold
|-singleturn|p2b: Maushold|move: Follow Me
|move|p1b: Annihilape|Final Gambit|p2b: Maushold
|-damage|p2b: Maushold|0 fnt
|faint|p1b: Annihilape
|faint|p2b: Maushold
|move|p2a: Annihilape|Bulk Up|p2a: Annihilape
|-boost|p2a: Annihilape|atk|1
|-boost|p2a: Annihilape|def|1
|
|upkeep
|
|t:|1756923559
|switch|p2b: Ursaluna|Ursaluna-Bloodmoon, L50, M|100/100
|switch|p1b: Dragonite|Dragonite, L50, M|100/100
|turn|3
|inactive|vtnho has 30 seconds left.
|
|t:|1756923589
|switch|p1a: Gholdengo|Gholdengo, L50|100/100
|move|p2a: Annihilape|Protect|p2a: Annihilape
|-singleturn|p2a: Annihilape|Protect
|move|p1b: Dragonite|Haze|p1b: Dragonite
|-clearallboost
|move|p2b: Ursaluna|Hyper Voice|p1a: Gholdengo|[spread] p1a,p1b
|-resisted|p1a: Gholdengo
|-damage|p1a: Gholdengo|71/100
|-damage|p1b: Dragonite|75/100
|-damage|p2b: Ursaluna|90/100|[from] item: Life Orb
|
|upkeep
|turn|4
|inactive|vtnho has 30 seconds left.
|inactive|vtnho has 20 seconds left.
|inactive|Priest_of_Talos has 30 seconds left.
|inactive|Priest_of_Talos has 20 seconds left.
|
|t:|1756923639
|switch|p2b: Gholdengo|Gholdengo, L50|100/100
|-terastallize|p1a: Gholdengo|Steel
|move|p1a: Gholdengo|Make It Rain|p2a: Annihilape|[spread] p2a,p2b
|-resisted|p2a: Annihilape
|-resisted|p2b: Gholdengo
|-damage|p2a: Annihilape|59/100
|-damage|p2b: Gholdengo|56/100
|-unboost|p1a: Gholdengo|spa|1
|move|p1b: Dragonite|Scale Shot|p2a: Annihilape
|-damage|p2a: Annihilape|46/100
|-enditem|p2a: Annihilape|Sitrus Berry|[eat]
|-heal|p2a: Annihilape|71/100|[from] item: Sitrus Berry
|-damage|p2a: Annihilape|57/100
|-damage|p2a: Annihilape|44/100
|-damage|p2a: Annihilape|30/100
|-damage|p2a: Annihilape|14/100
|-hitcount|p2a: Annihilape|5
|-unboost|p1b: Dragonite|def|1
|-boost|p1b: Dragonite|spe|1
|move|p2a: Annihilape|Rage Fist|p1a: Gholdengo
|-damage|p1a: Gholdengo|0 fnt
|faint|p1a: Gholdengo
|
|-sideend|p1: vtnho|move: Tailwind
|upkeep
|
|t:|1756923662
|switch|p1a: Talonflame|Talonflame, L50, M|100/100
|turn|5
|inactive|Priest_of_Talos has 30 seconds left.
|inactive|vtnho has 30 seconds left.
|inactive|Priest_of_Talos has 20 seconds left.
|inactive|Priest_of_Talos has 15 seconds left.
|inactive|Priest_of_Talos has 10 seconds left.
|inactive|Priest_of_Talos has 5 seconds left.
|
|t:|1756923712
|move|p2a: Annihilape|Protect|p2a: Annihilape
|-singleturn|p2a: Annihilape|Protect
|move|p1b: Dragonite|Extreme Speed|p2a: Annihilape
|-activate|p2a: Annihilape|move: Protect
|move|p1a: Talonflame|Flare Blitz|p2b: Gholdengo
|-supereffective|p2b: Gholdengo
|-damage|p2b: Gholdengo|0 fnt
|faint|p2b: Gholdengo
|-damage|p1a: Talonflame|78/100|[from] Recoil
|-damage|p1a: Talonflame|68/100|[from] item: Life Orb
|
|upkeep
|
|t:|1756923719
|switch|p2b: Ursaluna|Ursaluna-Bloodmoon, L50, M|90/100
|turn|6
|
|t:|1756923735
|move|p1b: Dragonite|Extreme Speed|p2a: Annihilape
|-damage|p2a: Annihilape|0 fnt
|faint|p2a: Annihilape
|move|p1a: Talonflame|Brave Bird|p2b: Ursaluna
|-damage|p2b: Ursaluna|44/100
|-damage|p1a: Talonflame|46/100|[from] Recoil
|-damage|p1a: Talonflame|36/100|[from] item: Life Orb
|move|p2b: Ursaluna|Blood Moon|p1b: Dragonite
|-damage|p1b: Dragonite|0 fnt
|faint|p1b: Dragonite
|-damage|p2b: Ursaluna|34/100|[from] item: Life Orb
|
|upkeep
|turn|7
|
|t:|1756923752
|move|p1a: Talonflame|Brave Bird|p2b: Ursaluna
|-crit|p2b: Ursaluna
|-damage|p2b: Ursaluna|0 fnt
|faint|p2b: Ursaluna
|-damage|p1a: Talonflame|20/100|[from] Recoil
|-damage|p1a: Talonflame|10/100|[from] item: Life Orb
|
|win|vtnho
|raw|vtnho's rating: 1095 → 1124(+29 for winning)
|raw|Priest_of_Talos's rating: 1144 → 1115(-29 for losing)
|l|☆Priest_of_Talos
|player|p2|
