|j|☆manld
|j|☆Welwitchia
|html|manldWelwitchia    
|uhtml|bestof|Game 1 of a best-of-3
|t:|1782545788
|gametype|doubles
|player|p1|manld|2|1000
|player|p2|Welwitchia|pokemonbreeder-gen4|1000
|gen|9
|tier|[Gen 9 Champions] VGC 2026 Reg M-B (Bo3)
|rated|
|rule|Species Clause: Limit one of each Pokémon
|rule|Item Clause: Limit 1 of each item
|clearpoke
|poke|p1|Staraptor, L50, M, shiny|
|poke|p1|Kingambit, L50, F|
|poke|p1|Whimsicott, L50, F|
|poke|p1|Basculegion, L50, M, shiny|
|poke|p1|Aegislash, L50, M|
|poke|p1|Sylveon, L50, F|
|poke|p2|Chesnaught, L50, M|
|poke|p2|Lopunny, L50, F, shiny|
|poke|p2|Absol, L50, M|
|poke|p2|Blastoise, L50, F, shiny|
|poke|p2|Skeledirge, L50, M|
|poke|p2|Sylveon, L50, F, shiny|
|teampreview|4
|showteam|p1|Staraptor||Staraptite|Intimidate|BraveBird,CloseCombat,Protect,Roost|Jolly||M|||50|]Kingambit||BlackGlasses|Defiant|SuckerPunch,IronHead,KowtowCleave,Protect|Adamant||F|||50|]Whimsicott||BabiriBerry|Prankster|Protect,Tailwind,Encore,Charm|Calm||F|||50|]Basculegion||LifeOrb|Adaptability|WaveCrash,LastRespects,FlipTurn,AquaJet|Jolly||M|||50|]Aegislash||Leftovers|StanceChange|ShadowSneak,SwordsDance,KingsShield,CloseCombat|Adamant||M|||50|]Sylveon||FairyFeather|Pixilate|HyperVoice,CalmMind,MysticalFire,Protect|Modest||F|||50|
|showteam|p2|Chesnaught||Chesnaughtite|Bulletproof|Earthquake,BodyPress,SpikyShield,BodySlam|Impish||M|||50|]Lopunny||IronBall|Klutz|Bounce,Switcheroo,FakeOut,Attract|Jolly||F|||50|]Absol||Absolite|Pressure|Substitute,FutureSight,CloseCombat,SuckerPunch|Hasty||M|||50|]Blastoise||Leftovers|Torrent|Avalanche,FakeOut,MirrorCoat,MuddyWater|Brave||F|||50|]Skeledirge||SitrusBerry|Unaware|TorchSong,ScorchingSands,Curse,SlackOff|Bold||M|||50|]Sylveon||LifeOrb|Pixilate|HyperBeam,Psyshock,MysticalFire,SkillSwap|Modest||F|||50|
|
|t:|1782545869
|teamsize|p1|4
|teamsize|p2|4
|start
|switch|p1a: Staraptor|Staraptor, L50, M, shiny|100/100
|switch|p1b: Whimsicott|Whimsicott, L50, F|100/100
|switch|p2a: Lopunny|Lopunny, L50, F, shiny|100/100
|switch|p2b: Sylveon|Sylveon, L50, F, shiny|100/100
|-ability|p1a: Staraptor|Intimidate|boost
|-unboost|p2a: Lopunny|atk|1
|-unboost|p2b: Sylveon|atk|1
|turn|1
|
|t:|1782545896
|move|p1a: Staraptor|Protect|p1a: Staraptor
|-singleturn|p1a: Staraptor|Protect
|move|p2a: Lopunny|Fake Out|p1a: Staraptor
|-activate|p1a: Staraptor|move: Protect
|move|p1b: Whimsicott|Tailwind|p1b: Whimsicott
|-sidestart|p1: manld|move: Tailwind
|move|p2b: Sylveon|Psyshock|p1a: Staraptor
|-activate|p1a: Staraptor|move: Protect
|
|upkeep
|turn|2
|
|t:|1782545943
|switch|p2a: Blastoise|Blastoise, L50, F, shiny|100/100
|detailschange|p1a: Staraptor|Staraptor-Mega, L50, M, shiny
|-mega|p1a: Staraptor|Staraptor|Staraptite
|move|p1b: Whimsicott|Encore||[still]
|-fail|p1b: Whimsicott
|move|p1a: Staraptor|Close Combat|p2b: Sylveon
|-resisted|p2b: Sylveon|1
|-damage|p2b: Sylveon|67/100
|-boost|p1a: Staraptor|def|1
|-boost|p1a: Staraptor|spd|1
|move|p2b: Sylveon|Psyshock|p1a: Staraptor
|-supereffective|p1a: Staraptor|1
|-damage|p1a: Staraptor|56/100
|-damage|p2b: Sylveon|57/100|[from] item: Life Orb
|
|upkeep
|turn|3
|
|t:|1782545968
|move|p2a: Blastoise|Fake Out|p1a: Staraptor
|-damage|p1a: Staraptor|50/100y
|move|p1b: Whimsicott|Charm|p1a: Staraptor
|-boost|p1a: Staraptor|atk|2
|cant|p1a: Staraptor|flinch
|move|p2b: Sylveon|Skill Swap|p1b: Whimsicott
|-activate|p2b: Sylveon|Skill Swap|Prankster|Pixilate|[of] p1b: Whimsicott
|
|upkeep
|turn|4
|
|t:|1782546003
|move|p2b: Sylveon|Skill Swap|p1a: Staraptor
|-activate|p2b: Sylveon|Skill Swap|Contrary|Prankster|[of] p1a: Staraptor
|move|p1a: Staraptor|Close Combat|p2a: Blastoise
|-damage|p2a: Blastoise|0 fnt
|-unboost|p1a: Staraptor|def|1
|-unboost|p1a: Staraptor|spd|1
|faint|p2a: Blastoise
|move|p1b: Whimsicott|Encore|p2b: Sylveon
|-start|p2b: Sylveon|Encore
|
|-sideend|p1: manld|move: Tailwind
|upkeep
|
|t:|1782546022
|switch|p2a: Lopunny|Lopunny, L50, F, shiny|100/100
|turn|5
|
|t:|1782546030
|move|p2a: Lopunny|Fake Out|p1a: Staraptor
|-damage|p1a: Staraptor|39/100
|cant|p1a: Staraptor|flinch
|move|p1b: Whimsicott|Tailwind|p1b: Whimsicott
|-sidestart|p1: manld|move: Tailwind
|move|p2b: Sylveon|Skill Swap|p1b: Whimsicott
|-activate|p2b: Sylveon|Skill Swap|Pixilate|Contrary|[of] p1b: Whimsicott
|
|upkeep
|turn|6
|
|t:|1782546057
|move|p1a: Staraptor|Close Combat|p2a: Lopunny
|-supereffective|p2a: Lopunny|1
|-damage|p2a: Lopunny|0 fnt
|-unboost|p1a: Staraptor|def|1
|-unboost|p1a: Staraptor|spd|1
|faint|p2a: Lopunny
|move|p1b: Whimsicott|Charm|p1a: Staraptor
|-unboost|p1a: Staraptor|atk|2
|move|p2b: Sylveon|Skill Swap|p1b: Whimsicott
|-activate|p2b: Sylveon|Skill Swap|Contrary|Pixilate|[of] p1b: Whimsicott
|
|upkeep
|
|t:|1782546060
|switch|p2a: Absol|Absol, L50, M|100/100
|-ability|p2a: Absol|Pressure
|turn|7
|
|t:|1782546102
|switch|p1b: Sylveon|Sylveon, L50, F|100/100
|detailschange|p2a: Absol|Absol-Mega, L50, M
|-mega|p2a: Absol|Absol|Absolite
|move|p2a: Absol|Sucker Punch|p1a: Staraptor
|-resisted|p1a: Staraptor|1
|-damage|p1a: Staraptor|11/100
|move|p1a: Staraptor|Close Combat|p2a: Absol
|-supereffective|p2a: Absol|1
|-damage|p2a: Absol|0 fnt
|-unboost|p1a: Staraptor|def|1
|-unboost|p1a: Staraptor|spd|1
|faint|p2a: Absol
|move|p2b: Sylveon|Skill Swap|p1b: Sylveon
|-activate|p2b: Sylveon|Skill Swap|Pixilate|Contrary|[of] p1b: Sylveon
|
|-end|p2b: Sylveon|Encore
|upkeep
|turn|8
|
|t:|1782546130
|move|p1a: Staraptor|Brave Bird|p2b: Sylveon
|-damage|p2b: Sylveon|0 fnt
|faint|p2b: Sylveon
|-damage|p1a: Staraptor|0 fnt|[from] Recoil
|faint|p1a: Staraptor
|
|win|manld
