|j|☆DilluVGC
|j|☆monkeychese
|html|DilluVGCmonkeychese    
|uhtml|bestof|Game 1 of a best-of-3
|t:|1784063327
|gametype|doubles
|player|p1|DilluVGC|byron|1157
|player|p2|monkeychese|lucas|1135
|gen|9
|tier|[Gen 9 Champions] VGC 2026 Reg M-B (Bo3)
|rated|
|rule|Species Clause: Limit one of each Pokémon
|rule|Item Clause: Limit 1 of each item
|clearpoke
|poke|p1|Delphox, L50, M|
|poke|p1|Sneasler, L50, F|
|poke|p1|Incineroar, L50, F|
|poke|p1|Sinistcha, L50|
|poke|p1|Blastoise, L50, F|
|poke|p1|Kingambit, L50, M, shiny|
|poke|p2|Charizard, L50, M|
|poke|p2|Milotic, L50, M|
|poke|p2|Incineroar, L50, F|
|poke|p2|Sneasler, L50, F|
|poke|p2|Sinistcha, L50|
|poke|p2|Floette-Eternal, L50, F|
|teampreview|4
|showteam|p1|Delphox||Delphoxite|Blaze|HeatWave,Psyshock,NastyPlot,Protect|Timid||M|||50|]Sneasler||FocusSash|PoisonTouch|QuickGuard,FakeOut,PoisonJab,CloseCombat|Jolly||F|||50|]Incineroar||SitrusBerry|Intimidate|FakeOut,PartingShot,HelpingHand,FlareBlitz|Impish||F|||50|]Sinistcha||OccaBerry|Hospitality|MatchaGotcha,RagePowder,TrickRoom,Protect|Bold|||||50|]Blastoise||Blastoisinite|RainDish|WaterSpout,DarkPulse,ShellSmash,Protect|Modest||F|||50|]Kingambit||BlackGlasses|Defiant|Protect,SwordsDance,KowtowCleave,SuckerPunch|Adamant||M|||50|
|showteam|p2|Charizard||CharizarditeX|Blaze|FlareBlitz,BreakingSwipe,DragonDance,Protect|Adamant||M|||50|]Milotic||Leftovers|Competitive|Scald,Recover,IcyWind,Protect|Modest||M|||50|]Incineroar||SitrusBerry|Intimidate|DarkestLariat,HelpingHand,PartingShot,FakeOut|Impish||F|||50|]Sneasler||WhiteHerb|Unburden|DireClaw,CloseCombat,FakeOut,Coaching|Jolly||F|||50|]Sinistcha||CobaBerry|Hospitality|MatchaGotcha,RagePowder,LifeDew,TrickRoom|Modest|||||50|]Floette-Eternal||Floettite|FlowerVeil|DazzlingGleam,Moonblast,LightofRuin,Protect|Timid||F|||50|
|
|t:|1784063354
|teamsize|p1|4
|teamsize|p2|4
|start
|switch|p1a: The Hangman|Kingambit, L50, M, shiny|100/100
|switch|p1b: Maj. Warren|Sneasler, L50, F|100/100
|switch|p2a: Milotic|Milotic, L50, M|100/100
|switch|p2b: Sinistcha|Sinistcha, L50|100/100
|turn|1
|
|t:|1784063375
|switch|p2a: Sneasler|Sneasler, L50, F|100/100
|move|p1b: Maj. Warren|Fake Out|p2a: Sneasler
|-damage|p2a: Sneasler|77/100
|move|p2b: Sinistcha|Matcha Gotcha|p1b: Maj. Warren|[spread] p1a,p1b
|-resisted|p1a: The Hangman|1
|-resisted|p1b: Maj. Warren|1
|-damage|p1a: The Hangman|86/100
|-damage|p1b: Maj. Warren|81/100
|-status|p1a: The Hangman|brn
|move|p1a: The Hangman|Swords Dance|p1a: The Hangman
|-boost|p1a: The Hangman|atk|2
|
|-damage|p1a: The Hangman|81/100 brn|[from] brn
|upkeep
|turn|2
|
|t:|1784063413
|switch|p2b: Charizard|Charizard, L50, M|100/100
|move|p1b: Maj. Warren|Quick Guard|p1b: Maj. Warren
|-singleturn|p1b: Maj. Warren|Quick Guard
|move|p1a: The Hangman|Sucker Punch||[still]
|-fail|p1a: The Hangman
|move|p2a: Sneasler|Coaching|p2b: Charizard
|-boost|p2b: Charizard|atk|1
|-boost|p2b: Charizard|def|1
|
|-damage|p1a: The Hangman|75/100 brn|[from] brn
|upkeep
|turn|3
|
|t:|1784063441
|detailschange|p2b: Charizard|Charizard-Mega-X, L50, M
|-mega|p2b: Charizard|Charizard|Charizardite X
|move|p1a: The Hangman|Sucker Punch||[still]
|-fail|p1a: The Hangman
|move|p2a: Sneasler|Close Combat|p1a: The Hangman
|-supereffective|p1a: The Hangman|2
|-damage|p1a: The Hangman|0 fnt
|-unboost|p2a: Sneasler|def|1
|-unboost|p2a: Sneasler|spd|1
|faint|p1a: The Hangman
|-enditem|p2a: Sneasler|White Herb
|-clearnegativeboost|p2a: Sneasler|[silent]
|move|p1b: Maj. Warren|Close Combat|p2b: Charizard
|-damage|p2b: Charizard|62/100
|-unboost|p1b: Maj. Warren|def|1
|-unboost|p1b: Maj. Warren|spd|1
|move|p2b: Charizard|Dragon Dance|p2b: Charizard
|-boost|p2b: Charizard|atk|1
|-boost|p2b: Charizard|spe|1
|
|upkeep
|
|t:|1784063459
|switch|p1a: Aldo Raine|Blastoise, L50, F|100/100
|turn|4
|
|t:|1784063466
|switch|p1b: Chris Mannix|Incineroar, L50, F|100/100
|-ability|p1b: Chris Mannix|Intimidate|boost
|-unboost|p2a: Sneasler|atk|1
|-unboost|p2b: Charizard|atk|1
|detailschange|p1a: Aldo Raine|Blastoise-Mega, L50, F
|-mega|p1a: Aldo Raine|Blastoise|Blastoisinite
|move|p1a: Aldo Raine|Protect|p1a: Aldo Raine
|-singleturn|p1a: Aldo Raine|Protect
|move|p2a: Sneasler|Close Combat|p1a: Aldo Raine
|-activate|p1a: Aldo Raine|move: Protect
|move|p2b: Charizard|Breaking Swipe|p1a: Aldo Raine|[spread] p1b
|-activate|p1a: Aldo Raine|move: Protect
|-damage|p1b: Chris Mannix|71/100
|-unboost|p1b: Chris Mannix|atk|1
|
|upkeep
|turn|5
|
|t:|1784063489
|move|p1b: Chris Mannix|Fake Out|p2b: Charizard
|-damage|p2b: Charizard|58/100
|move|p2a: Sneasler|Close Combat|p1a: Aldo Raine
|-damage|p1a: Aldo Raine|55/100
|-unboost|p2a: Sneasler|def|1
|-unboost|p2a: Sneasler|spd|1
|cant|p2b: Charizard|flinch
|move|p1a: Aldo Raine|Shell Smash|p1a: Aldo Raine
|-unboost|p1a: Aldo Raine|def|1
|-unboost|p1a: Aldo Raine|spd|1
|-boost|p1a: Aldo Raine|atk|2
|-boost|p1a: Aldo Raine|spa|2
|-boost|p1a: Aldo Raine|spe|2
|
|upkeep
|turn|6
|
|t:|1784063506
|switch|p2a: Sinistcha|Sinistcha, L50|100/100
|-heal|p2b: Charizard|83/100|[from] ability: Hospitality|[of] p2a: Sinistcha
|move|p1b: Chris Mannix|Helping Hand|p1a: Aldo Raine
|-singleturn|p1a: Aldo Raine|Helping Hand|[of] p1b: Chris Mannix
|move|p2b: Charizard|Protect|p2b: Charizard
|-singleturn|p2b: Charizard|Protect
|move|p1a: Aldo Raine|Water Spout|p2b: Charizard|[spread] p2a
|-activate|p2b: Charizard|move: Protect
|-resisted|p2a: Sinistcha|1
|-damage|p2a: Sinistcha|39/100
|
|upkeep
|turn|7
|
|t:|1784063523
|move|p1b: Chris Mannix|Helping Hand|p1a: Aldo Raine
|-singleturn|p1a: Aldo Raine|Helping Hand|[of] p1b: Chris Mannix
|move|p2a: Sinistcha|Rage Powder|p2a: Sinistcha
|-singleturn|p2a: Sinistcha|move: Rage Powder
|move|p1a: Aldo Raine|Water Spout|p2a: Sinistcha|[spread] p2a,p2b
|-resisted|p2a: Sinistcha|1
|-damage|p2a: Sinistcha|0 fnt
|-damage|p2b: Charizard|0 fnt
|faint|p2a: Sinistcha
|faint|p2b: Charizard
|
|upkeep
|
|t:|1784063531
|switch|p2b: Sneasler|Sneasler, L50, F|77/100
|switch|p2a: Milotic|Milotic, L50, M|100/100
|turn|8
|
|t:|1784063537
|switch|p1b: Maj. Warren|Sneasler, L50, F|81/100
|move|p1a: Aldo Raine|Protect|p1a: Aldo Raine
|-singleturn|p1a: Aldo Raine|Protect
|move|p2b: Sneasler|Fake Out|p1a: Aldo Raine
|-activate|p1a: Aldo Raine|move: Protect
|move|p2a: Milotic|Icy Wind|p1b: Maj. Warren|[spread] p1b
|-activate|p1a: Aldo Raine|move: Protect
|-crit|p1b: Maj. Warren
|-damage|p1b: Maj. Warren|58/100
|-unboost|p1b: Maj. Warren|spe|1
|
|upkeep
|turn|9
|-message|monkeychese forfeited.
|
|win|DilluVGC
|l|☆monkeychese
|player|p2|
||monkeychese is ready for game 2.
|raw|DilluVGC's rating: 1157 → 1180(+23 for winning)
|raw|monkeychese's rating: 1135 → 1112(-23 for losing)
