|j|☆Bobby Sposito
|j|☆JakAttack101
|html|Bobby SpositoJakAttack101    
|uhtml|bestof|Game 2 of a best-of-3
|t:|1756502936
|gametype|doubles
|player|p1|Bobby Sposito|hiker-gen4|1000
|player|p2|JakAttack101|blaine|1086
|gen|9
|tier|[Gen 9] VGC 2025 Reg H (Bo3)
|rated|
|rule|Species Clause: Limit one of each Pokémon
|rule|Item Clause: Limit 1 of each item
|clearpoke
|poke|p1|Archaludon, L50, F|
|poke|p1|Basculegion, L50, M|
|poke|p1|Rillaboom, L50, F|
|poke|p1|Dragapult, L50, F|
|poke|p1|Milotic, L50, F|
|poke|p1|Pelipper, L50, F|
|poke|p2|Annihilape, L50, M|
|poke|p2|Ninetales-Alola, L50, M|
|poke|p2|Garchomp, L50, F|
|poke|p2|Dragonite, L50, M|
|poke|p2|Sneasler, L50, M|
|poke|p2|Incineroar, L50, F|
|teampreview|4
|showteam|p1|Archaludon||PowerHerb|Sturdy|ElectroShot,DragonPulse,FlashCannon,Protect|||F|||50|,,,,,Electric]Basculegion||LifeOrb|SwiftSwim|LastRespects,Protect,WaveCrash,AquaJet|||M|||50|,,,,,Water]Rillaboom||Leftovers|GrassySurge|FakeOut,WoodHammer,HighHorsepower,Protect|||F|||50|,,,,,Dragon]Dragapult||ChoiceBand|ClearBody|DragonDarts,PhantomForce,Uturn,PsychicFangs|||F|||50|,,,,,Dragon]Milotic||SafetyGoggles|Competitive|Haze,IceBeam,MuddyWater,Protect|||F|||50|,,,,,Steel]Pelipper||FocusSash|Drizzle|Tailwind,Hurricane,WideGuard,WeatherBall|||F|||50|,,,,,Stellar
|showteam|p2|Annihilape||AssaultVest|Defiant|RageFist,DrainPunch,RockTomb,FinalGambit|||M|||50|,,,,,Fire]Ninetales-Alola||ChoiceSpecs|SnowWarning|Blizzard,Moonblast,FreezeDry,IcyWind|||M|||50|,,,,,Ghost]Garchomp||LifeOrb|RoughSkin|Earthquake,StompingTantrum,DragonClaw,Protect|||F|||50|,,,,,Steel]Dragonite||LoadedDice|Multiscale|ScaleShot,Tailwind,Protect,Haze|||M|||50|,,,,,Fairy]Sneasler||FocusSash|Unburden|CloseCombat,DireClaw,FakeOut,Coaching|||M|||50|,,,,,Ghost]Incineroar||SafetyGoggles|Intimidate|KnockOff,Taunt,FakeOut,PartingShot|||F|||50|,,,,,Fairy
|inactive|Battle timer is ON: inactive players will automatically lose when time's up. (requested by JakAttack101)
|
|t:|1756502964
|teamsize|p1|4
|teamsize|p2|4
|start
|switch|p1a: Dragapult|Dragapult, L50, F, shiny|100/100
|switch|p1b: Basculegion|Basculegion, L50, M, shiny|100/100
|switch|p2a: Dragonite|Dragonite, L50, M, shiny|100/100
|switch|p2b: Garchomp|Garchomp, L50, F|100/100
|turn|1
|inactive|Bobby Sposito has 30 seconds left.
|inactive|JakAttack101 has 30 seconds left.
|inactive|JakAttack101 has 20 seconds left.
|inactive|Bobby Sposito has 20 seconds left.
|inactive|JakAttack101 has 15 seconds left.
|inactive|JakAttack101 has 10 seconds left.
|inactive|JakAttack101 has 5 seconds left.
|
|t:|1756503019
|move|p1b: Basculegion|Protect|p1b: Basculegion
|-singleturn|p1b: Basculegion|Protect
|move|p1a: Dragapult|Phantom Force||[still]
|-prepare|p1a: Dragapult|Phantom Force
|move|p2b: Garchomp|Earthquake|p1b: Basculegion|[spread] 
|-miss|p2b: Garchomp|p1a: Dragapult
|-activate|p1b: Basculegion|move: Protect
|-immune|p2a: Dragonite
|move|p2a: Dragonite|Scale Shot|p1a: Dragapult|[miss]
|-miss|p2a: Dragonite|p1a: Dragapult
|
|upkeep
|turn|2
|inactive|JakAttack101 has 30 seconds left.
|
|t:|1756503053
|switch|p1b: Pelipper|Pelipper, L50, F, shiny|100/100
|-weather|RainDance|[from] ability: Drizzle|[of] p1b: Pelipper
|-terastallize|p2b: Garchomp|Steel
|move|p1a: Dragapult|Phantom Force|p2b: Garchomp|[from] lockedmove
|-damage|p2b: Garchomp|27/100
|-damage|p1a: Dragapult|88/100|[from] ability: Rough Skin|[of] p2b: Garchomp
|move|p2b: Garchomp|Earthquake|p1a: Dragapult|[spread] p1a
|-immune|p2a: Dragonite
|-immune|p1b: Pelipper
|-damage|p1a: Dragapult|19/100
|-damage|p2b: Garchomp|17/100|[from] item: Life Orb
|move|p2a: Dragonite|Scale Shot|p1b: Pelipper
|-crit|p1b: Pelipper
|-damage|p1b: Pelipper|71/100
|-damage|p1b: Pelipper|50/100
|-damage|p1b: Pelipper|29/100
|-damage|p1b: Pelipper|9/100
|-damage|p1b: Pelipper|0 fnt
|faint|p1b: Pelipper
|-hitcount|p1: Pelipper|5
|-unboost|p2a: Dragonite|def|1
|-boost|p2a: Dragonite|spe|1
|
|-weather|RainDance|[upkeep]
|upkeep
|inactive|Bobby Sposito has 30 seconds left.
|
|t:|1756503079
|switch|p1b: Basculegion|Basculegion, L50, M, shiny|100/100
|turn|3
|inactive|JakAttack101 has 30 seconds left.
|inactive|JakAttack101 has 20 seconds left.
|inactive|JakAttack101 has 15 seconds left.
|inactive|JakAttack101 has 10 seconds left.
|
|t:|1756503127
|-terastallize|p1b: Basculegion|Water
|move|p2b: Garchomp|Protect|p2b: Garchomp
|-singleturn|p2b: Garchomp|Protect
|move|p1b: Basculegion|Wave Crash|p2a: Dragonite
|-resisted|p2a: Dragonite
|-damage|p2a: Dragonite|29/100
|-damage|p1b: Basculegion|80/100|[from] Recoil
|-damage|p1b: Basculegion|70/100|[from] item: Life Orb
|move|p2a: Dragonite|Scale Shot|p1b: Basculegion
|-damage|p1b: Basculegion|49/100
|-damage|p1b: Basculegion|27/100
|-damage|p1b: Basculegion|9/100
|-damage|p1b: Basculegion|0 fnt
|faint|p1b: Basculegion
|-hitcount|p1: Basculegion|4
|-unboost|p2a: Dragonite|def|1
|-boost|p2a: Dragonite|spe|1
|move|p1a: Dragapult|Phantom Force||[still]
|-prepare|p1a: Dragapult|Phantom Force
|
|-weather|RainDance|[upkeep]
|upkeep
|
|t:|1756503148
|switch|p1b: Archaludon|Archaludon, L50, F, shiny|100/100
|turn|4
|
|t:|1756503168
|move|p2a: Dragonite|Scale Shot|p1b: Archaludon
|-damage|p1b: Archaludon|86/100
|-damage|p1b: Archaludon|73/100
|-damage|p1b: Archaludon|60/100
|-damage|p1b: Archaludon|47/100
|-hitcount|p1b: Archaludon|4
|-unboost|p2a: Dragonite|def|1
|-boost|p2a: Dragonite|spe|1
|move|p1a: Dragapult|Phantom Force|p2a: Dragonite|[from] lockedmove
|-damage|p2a: Dragonite|0 fnt
|faint|p2a: Dragonite
|move|p2b: Garchomp|Stomping Tantrum|p1a: Dragapult
|-damage|p1a: Dragapult|0 fnt
|faint|p1a: Dragapult
|-damage|p2b: Garchomp|8/100|[from] item: Life Orb
|move|p1b: Archaludon|Dragon Pulse|p2b: Garchomp
|-resisted|p2b: Garchomp
|-damage|p2b: Garchomp|0 fnt
|faint|p2b: Garchomp
|
|-weather|RainDance|[upkeep]
|upkeep
|
|t:|1756503175
|switch|p2b: Annihilape|Annihilape, L50, M, shiny|100/100
|switch|p2a: Ninetales|Ninetales-Alola, L50, M, shiny|100/100
|-weather|Snowscape|[from] ability: Snow Warning|[of] p2a: Ninetales
|turn|5
|-message|Bobby Sposito forfeited.
|
|win|JakAttack101
|raw|Bobby Sposito's rating: 1000 → 1000(+0 for losing)
|raw|JakAttack101's rating: 1086 → 1107(+21 for winning)
|l|☆Bobby Sposito
|player|p1|
