|j|☆Camerupt4Ever
|j|☆PokeMooney
|html|Camerupt4EverPokeMooney    
|uhtml|bestof|Game 1 of a best-of-3
|t:|1756649254
|gametype|doubles
|player|p1|Camerupt4Ever|flannery|1116
|player|p2|PokeMooney|giovanni|1160
|gen|9
|tier|[Gen 9] VGC 2025 Reg H (Bo3)
|rated|
|rule|Species Clause: Limit one of each Pokémon
|rule|Item Clause: Limit 1 of each item
|clearpoke
|poke|p1|Wyrdeer, L50, F|
|poke|p1|Indeedee-F, L50, F|
|poke|p1|Annihilape, L50, F|
|poke|p1|Torkoal, L50, F|
|poke|p1|Delphox, L50, F|
|poke|p1|Kingambit, L50, F|
|poke|p2|Garchomp, L50, F|
|poke|p2|Gholdengo, L50|
|poke|p2|Talonflame, L50, M|
|poke|p2|Weezing-Galar, L50, F|
|poke|p2|Gyarados, L50, M|
|poke|p2|Amoonguss, L50, F|
|teampreview|4
|showteam|p1|Wyrdeer||Leftovers|Intimidate|Protect,TrickRoom,ExpandingForce,EarthPower|||F|||50|,,,,,Ground]Indeedee-F||RockyHelmet|PsychicSurge|Imprison,FollowMe,TrickRoom,Psychic|||F|||50|,,,,,Grass]Annihilape||SafetyGoggles|Defiant|DrainPunch,Taunt,RageFist,Protect|||F|||50|,,,,,Fire]Torkoal||Charcoal|Drought|Eruption,HelpingHand,Protect,WeatherBall|||F|||50|,,,,,Grass]Delphox||ChoiceScarf|Blaze|HeatWave,ExpandingForce,DazzlingGleam,Flamethrower|||F|||50|,,,,,Fairy]Kingambit||AssaultVest|Defiant|KowtowCleave,SuckerPunch,IronHead,LowKick|||F|||50|,,,,,Poison
|showteam|p2|Garchomp||LifeOrb|RoughSkin|Earthquake,StompingTantrum,DragonClaw,Protect|||F|||50|,,,,,Steel]Gholdengo||MetalCoat|GoodasGold|MakeItRain,ShadowBall,NastyPlot,Protect||||||50|,,,,,Flying]Talonflame||CovertCloak|GaleWings|DualWingbeat,WillOWisp,FlareBlitz,Tailwind|||M|||50|,,,,,Stellar]Weezing-Galar||ChoiceSpecs|NeutralizingGas|SludgeBomb,StrangeSteam,DazzlingGleam,Flamethrower|||F|||50|,,,,,Grass]Gyarados||AbilityShield|Intimidate|Waterfall,Protect,ThunderWave,Taunt|||M|||50|,,,,,Grass]Amoonguss||SitrusBerry|Regenerator|Spore,RagePowder,PollenPuff,Protect|||F|||50|,,,,,Water
|
|t:|1756649331
|teamsize|p1|4
|teamsize|p2|4
|start
|switch|p1a: Delphox|Delphox, L50, F|100/100
|switch|p1b: Indeedee|Indeedee-F, L50, F|100/100
|switch|p2a: Gholdengo|Gholdengo, L50|100/100
|switch|p2b: Amoonguss|Amoonguss, L50, F|100/100
|-fieldstart|move: Psychic Terrain|[from] ability: Psychic Surge|[of] p1b: Indeedee
|turn|1
|
|t:|1756649363
|-terastallize|p1b: Indeedee|Grass
|-terastallize|p2b: Amoonguss|Water
|move|p2a: Gholdengo|Protect|p2a: Gholdengo
|-singleturn|p2a: Gholdengo|Protect
|move|p1b: Indeedee|Follow Me|p1b: Indeedee
|-singleturn|p1b: Indeedee|move: Follow Me
|move|p1a: Delphox|Heat Wave|p2a: Gholdengo|[spread] p2b
|-activate|p2a: Gholdengo|move: Protect
|-resisted|p2b: Amoonguss
|-damage|p2b: Amoonguss|85/100
|-status|p2b: Amoonguss|brn
|move|p2b: Amoonguss|Spore|p1b: Indeedee
|-immune|p1b: Indeedee
|
|-damage|p2b: Amoonguss|80/100 brn|[from] brn
|upkeep
|turn|2
|
|t:|1756649409
|switch|p2a: Garchomp|Garchomp, L50, F|100/100
|move|p1a: Delphox|Heat Wave|p2b: Amoonguss|[spread] p2a,p2b
|-resisted|p2a: Garchomp
|-resisted|p2b: Amoonguss
|-damage|p2a: Garchomp|79/100
|-damage|p2b: Amoonguss|63/100 brn
|move|p1b: Indeedee|Psychic|p2b: Amoonguss
|-damage|p2b: Amoonguss|29/100 brn
|-enditem|p2b: Amoonguss|Sitrus Berry|[eat]
|-heal|p2b: Amoonguss|54/100 brn|[from] item: Sitrus Berry
|move|p2b: Amoonguss|Pollen Puff|p1b: Indeedee
|-supereffective|p1b: Indeedee
|-damage|p1b: Indeedee|61/100
|
|-damage|p2b: Amoonguss|48/100 brn|[from] brn
|upkeep
|turn|3
|
|t:|1756649433
|switch|p1a: Annihilape|Annihilape, L50, F|100/100
|switch|p2b: Gyarados|Gyarados, L50, M|100/100
|-ability|p2b: Gyarados|Intimidate|boost
|-unboost|p1a: Annihilape|atk|1
|-ability|p1a: Annihilape|Defiant|boost
|-boost|p1a: Annihilape|atk|2
|-unboost|p1b: Indeedee|atk|1
|move|p2a: Garchomp|Dragon Claw|p1b: Indeedee
|-damage|p1b: Indeedee|12/100
|-damage|p2a: Garchomp|63/100|[from] item: Rocky Helmet|[of] p1b: Indeedee
|-damage|p2a: Garchomp|53/100|[from] item: Life Orb
|move|p1b: Indeedee|Psychic|p2b: Gyarados
|-damage|p2b: Gyarados|75/100
|
|upkeep
|turn|4
|
|t:|1756649467
|move|p2a: Garchomp|Protect|p2a: Garchomp
|-singleturn|p2a: Garchomp|Protect
|move|p1b: Indeedee|Follow Me|p1b: Indeedee
|-singleturn|p1b: Indeedee|move: Follow Me
|move|p2b: Gyarados|Thunder Wave|p1b: Indeedee
|-status|p1b: Indeedee|par
|move|p1a: Annihilape|Rage Fist|p2b: Gyarados
|-damage|p2b: Gyarados|33/100
|
|upkeep
|turn|5
|
|t:|1756649506
|cant|p1b: Indeedee|par
|move|p2a: Garchomp|Earthquake|p1b: Indeedee|[spread] p1a,p1b
|-immune|p2b: Gyarados
|-resisted|p1b: Indeedee
|-damage|p1a: Annihilape|50/100
|-damage|p1b: Indeedee|0 fnt
|faint|p1b: Indeedee
|-damage|p2a: Garchomp|43/100|[from] item: Life Orb
|move|p2b: Gyarados|Thunder Wave|p1a: Annihilape
|-status|p1a: Annihilape|par
|cant|p1a: Annihilape|par
|
|-fieldend|move: Psychic Terrain
|upkeep
|
|t:|1756649519
|switch|p1b: Delphox|Delphox, L50, F|100/100
|turn|6
|
|t:|1756649548
|switch|p2a: Gholdengo|Gholdengo, L50|100/100
|move|p1b: Delphox|Dazzling Gleam|p2b: Gyarados|[spread] p2a,p2b
|-resisted|p2a: Gholdengo
|-damage|p2a: Gholdengo|90/100
|-damage|p2b: Gyarados|19/100
|move|p2b: Gyarados|Waterfall|p1b: Delphox
|-supereffective|p1b: Delphox
|-damage|p1b: Delphox|0 fnt
|faint|p1b: Delphox
|move|p1a: Annihilape|Rage Fist|p2a: Gholdengo
|-supereffective|p2a: Gholdengo
|-damage|p2a: Gholdengo|0 fnt
|faint|p2a: Gholdengo
|
|upkeep
|
|t:|1756649577
|switch|p1b: Kingambit|Kingambit, L50, F|100/100
|switch|p2a: Garchomp|Garchomp, L50, F|43/100
|turn|7
|
|t:|1756649596
|move|p2a: Garchomp|Protect|p2a: Garchomp
|-singleturn|p2a: Garchomp|Protect
|move|p1a: Annihilape|Protect|p1a: Annihilape
|-singleturn|p1a: Annihilape|Protect
|move|p1b: Kingambit|Sucker Punch||[still]
|-fail|p1b: Kingambit
|move|p2b: Gyarados|Thunder Wave|p1b: Kingambit
|-status|p1b: Kingambit|par
|
|upkeep
|turn|8
|
|t:|1756649640
|move|p1b: Kingambit|Sucker Punch|p2a: Garchomp
|-damage|p2a: Garchomp|0 fnt
|-damage|p1b: Kingambit|88/100 par|[from] ability: Rough Skin|[of] p2a: Garchomp
|faint|p2a: Garchomp
|move|p2b: Gyarados|Waterfall|p1a: Annihilape
|-damage|p1a: Annihilape|18/100 par
|move|p1a: Annihilape|Rage Fist|p2b: Gyarados
|-crit|p2b: Gyarados
|-damage|p2b: Gyarados|0 fnt
|faint|p2b: Gyarados
|
|upkeep
|
|t:|1756649665
|switch|p2a: Amoonguss|Amoonguss, L50, F, tera:Water|81/100 brn
|turn|9
|
|t:|1756649673
|move|p2a: Amoonguss|Pollen Puff|p1a: Annihilape
|-resisted|p1a: Annihilape
|-damage|p1a: Annihilape|14/100 par
|move|p1a: Annihilape|Drain Punch|p2a: Amoonguss
|-damage|p2a: Amoonguss|31/100 brn
|-heal|p1a: Annihilape|39/100 par|[from] drain|[of] p2a: Amoonguss
|move|p1b: Kingambit|Kowtow Cleave|p2a: Amoonguss
|-crit|p2a: Amoonguss
|-damage|p2a: Amoonguss|0 fnt
|faint|p2a: Amoonguss
|
|win|Camerupt4Ever
||Camerupt4Ever is ready for game 2.
|inactive|PokeMooney has 30 seconds to confirm battle start!
||PokeMooney is ready for game 2.
|uhtml|next|Next: Game 2 of 3
|l|☆Camerupt4Ever
|player|p1|
|j|☆Camerupt4Ever
|player|p1|Camerupt4Ever|flannery|
