|j|☆pati_patout
|j|☆OdieVGC
|html|pati_patoutOdieVGC    
|uhtml|bestof|Game 2 of a best-of-3
|t:|1782767993
|gametype|doubles
|player|p1|pati_patout|101|1066
|player|p2|OdieVGC|2|1000
|gen|9
|tier|[Gen 9 Champions] VGC 2026 Reg M-B (Bo3)
|rated|
|rule|Species Clause: Limit one of each Pokémon
|rule|Item Clause: Limit 1 of each item
|clearpoke
|poke|p1|Venusaur, L50, M|
|poke|p1|Torkoal, L50, F|
|poke|p1|Annihilape, L50, M|
|poke|p1|Cofagrigus, L50, F|
|poke|p1|Incineroar, L50, M|
|poke|p1|Aerodactyl, L50, F|
|poke|p2|Primarina, L50, F|
|poke|p2|Staraptor, L50, M, shiny|
|poke|p2|Delphox, L50, M, shiny|
|poke|p2|Garchomp, L50, F|
|poke|p2|Grimmsnarl, L50, M|
|poke|p2|Sinistcha-Masterpiece, L50, shiny|
|teampreview|4
|showteam|p1|Venusaur||LifeOrb|Chlorophyll|LeafStorm,SludgeBomb,EarthPower,SleepPowder|Modest||M|||50|]Torkoal||Charcoal|Drought|Protect,Eruption,HeatWave,HelpingHand|Modest||F|||50|]Annihilape||FocusSash|Defiant|CloseCombat,RageFist,Taunt,Coaching|Serious||M|||50|]Cofagrigus||ChestoBerry|Mummy|NightShade,Haze,TrickRoom,Rest|Careful||F|||50|]Incineroar||SitrusBerry|Intimidate|FlareBlitz,ThroatChop,FakeOut,PartingShot|Adamant||M|||50|]Aerodactyl||Aerodactylite|RockHead|RockSlide,DualWingbeat,Tailwind,Protect|Timid||F|||50|
|showteam|p2|Primarina||Leftovers|LiquidVoice|Protect,HyperVoice,CalmMind,Moonblast|Modest||F|||50|]Staraptor||Staraptite|Intimidate|Protect,BraveBird,Tailwind,CloseCombat|Jolly||M|||50|]Delphox||Delphoxite|Blaze|Protect,HeatWave,Encore,Psychic|Timid||M|||50|]Garchomp||LifeOrb|RoughSkin|Protect,DragonClaw,RockSlide,StompingTantrum|Jolly||F|||50|]Grimmsnarl||LightClay|Prankster|SpiritBreak,Reflect,LightScreen,PartingShot|Careful||M|||50|]Sinistcha-Masterpiece||KasibBerry|Hospitality|Protect,MatchaGotcha,RagePowder,StrengthSap|Bold|||||50|
|
|t:|1782768075
|teamsize|p1|4
|teamsize|p2|4
|start
|switch|p1a: Venusaur|Venusaur, L50, M|100/100
|switch|p1b: Torkoal|Torkoal, L50, F|100/100
|switch|p2a: Grimmsnarl|Grimmsnarl, L50, M|100/100
|switch|p2b: Delphox|Delphox, L50, M, shiny|100/100
|-weather|SunnyDay|[from] ability: Drought|[of] p1b: Torkoal
|turn|1
|
|t:|1782768123
|detailschange|p2b: Delphox|Delphox-Mega, L50, M, shiny
|-mega|p2b: Delphox|Delphox|Delphoxite
|move|p2a: Grimmsnarl|Light Screen|p2a: Grimmsnarl
|-sidestart|p2: OdieVGC|move: Light Screen
|move|p1a: Venusaur|Sleep Powder|p2b: Delphox|[miss]
|-miss|p1a: Venusaur|p2b: Delphox
|move|p2b: Delphox|Psychic|p1b: Torkoal
|-damage|p1b: Torkoal|31/100
|move|p1b: Torkoal|Eruption|p2a: Grimmsnarl|[spread] p2a,p2b
|-resisted|p2b: Delphox|1
|-damage|p2a: Grimmsnarl|84/100
|-damage|p2b: Delphox|91/100
|
|-weather|SunnyDay|[upkeep]
|upkeep
|turn|2
|
|t:|1782768162
|move|p2b: Delphox|Protect|p2b: Delphox
|-singleturn|p2b: Delphox|Protect
|move|p1a: Venusaur|Sleep Powder|p2b: Delphox
|-activate|p2b: Delphox|move: Protect
|move|p2a: Grimmsnarl|Spirit Break|p1a: Venusaur
|-resisted|p1a: Venusaur|1
|-damage|p1a: Venusaur|80/100
|-unboost|p1a: Venusaur|spa|1
|move|p1b: Torkoal|Heat Wave|p2b: Delphox|[spread] p2a
|-activate|p2b: Delphox|move: Protect
|-damage|p2a: Grimmsnarl|53/100
|
|-weather|SunnyDay|[upkeep]
|upkeep
|turn|3
|
|t:|1782768202
|switch|p1a: Incineroar|Incineroar, L50, M|100/100
|-ability|p1a: Incineroar|Intimidate|boost
|-unboost|p2a: Grimmsnarl|atk|1
|-unboost|p2b: Delphox|atk|1
|switch|p2b: Sinistcha|Sinistcha-Masterpiece, L50, shiny|100/100
|-heal|p2a: Grimmsnarl|78/100|[from] ability: Hospitality|[of] p2b: Sinistcha
|switch|p1b: Aerodactyl|Aerodactyl, L50, F|100/100
|move|p2a: Grimmsnarl|Parting Shot|p1b: Aerodactyl
|-unboost|p1b: Aerodactyl|atk|1
|-unboost|p1b: Aerodactyl|spa|1
|
|t:|1782768218
|switch|p2a: Garchomp|Garchomp, L50, F|100/100|[from] Parting Shot
|
|-weather|SunnyDay|[upkeep]
|upkeep
|turn|4
|
|t:|1782768230
|switch|p2b: Grimmsnarl|Grimmsnarl, L50, M|78/100
|move|p2a: Garchomp|Protect|p2a: Garchomp
|-singleturn|p2a: Garchomp|Protect
|move|p1a: Incineroar|Fake Out|p2a: Garchomp
|-activate|p2a: Garchomp|move: Protect
|move|p1b: Aerodactyl|Tailwind|p1b: Aerodactyl
|-sidestart|p1: pati_patout|move: Tailwind
|
|-weather|SunnyDay|[upkeep]
|upkeep
|turn|5
|
|t:|1782768267
|switch|p1b: Venusaur|Venusaur, L50, M|80/100
|move|p2b: Grimmsnarl|Reflect|p2b: Grimmsnarl
|-sidestart|p2: OdieVGC|Reflect
|move|p1a: Incineroar|Parting Shot|p2a: Garchomp
|-unboost|p2a: Garchomp|atk|1
|-unboost|p2a: Garchomp|spa|1
|
|t:|1782768273
|switch|p1a: Aerodactyl|Aerodactyl, L50, F|100/100|[from] Parting Shot
|move|p2a: Garchomp|Stomping Tantrum|p1a: Aerodactyl
|-immune|p1a: Aerodactyl
|
|-weather|none
|upkeep
|turn|6
|
|t:|1782768294
|switch|p1a: Incineroar|Incineroar, L50, M|100/100
|-ability|p1a: Incineroar|Intimidate|boost
|-unboost|p2a: Garchomp|atk|1
|-unboost|p2b: Grimmsnarl|atk|1
|move|p2b: Grimmsnarl|Parting Shot|p1a: Incineroar
|-hint|Since gen 7, Dark is immune to Prankster moves.
|-immune|p1a: Incineroar
|move|p1b: Venusaur|Sludge Bomb|p2b: Grimmsnarl
|-supereffective|p2b: Grimmsnarl|1
|-damage|p2b: Grimmsnarl|9/100
|-damage|p1b: Venusaur|70/100|[from] item: Life Orb
|move|p2a: Garchomp|Rock Slide|p1b: Venusaur|[spread] p1a,p1b
|-supereffective|p1a: Incineroar|1
|-damage|p1a: Incineroar|73/100
|-damage|p1b: Venusaur|54/100
|-damage|p2a: Garchomp|90/100|[from] item: Life Orb
|
|upkeep
|turn|7
|
|t:|1782768313
|switch|p2a: Sinistcha|Sinistcha-Masterpiece, L50, shiny|100/100
|-heal|p2b: Grimmsnarl|34/100|[from] ability: Hospitality|[of] p2a: Sinistcha
|move|p2b: Grimmsnarl|Parting Shot|p1b: Venusaur
|-unboost|p1b: Venusaur|atk|1
|-unboost|p1b: Venusaur|spa|1
|
|t:|1782768322
|switch|p2b: Delphox|Delphox-Mega, L50, M, shiny|91/100|[from] Parting Shot
|move|p1b: Venusaur|Sleep Powder|p2a: Sinistcha
|-immune|p2a: Sinistcha
|move|p1a: Incineroar|Parting Shot|p2a: Sinistcha
|-unboost|p2a: Sinistcha|atk|1
|-unboost|p2a: Sinistcha|spa|1
|
|t:|1782768332
|switch|p1a: Aerodactyl|Aerodactyl, L50, F|100/100|[from] Parting Shot
|
|-sideend|p1: pati_patout|move: Tailwind
|upkeep
|turn|8
|
|t:|1782768353
|switch|p1b: Incineroar|Incineroar, L50, M|73/100
|-ability|p1b: Incineroar|Intimidate|boost
|-unboost|p2a: Sinistcha|atk|1
|-unboost|p2b: Delphox|atk|1
|detailschange|p1a: Aerodactyl|Aerodactyl-Mega, L50, F
|-mega|p1a: Aerodactyl|Aerodactyl|Aerodactylite
|move|p2b: Delphox|Protect|p2b: Delphox
|-singleturn|p2b: Delphox|Protect
|move|p1a: Aerodactyl|Tailwind|p1a: Aerodactyl
|-sidestart|p1: pati_patout|move: Tailwind
|move|p2a: Sinistcha|Strength Sap|p1a: Aerodactyl
|-unboost|p1a: Aerodactyl|atk|1
|
|-sideend|p2: OdieVGC|move: Light Screen
|upkeep
|turn|9
|
|t:|1782768383
|switch|p1a: Venusaur|Venusaur, L50, M|54/100
|switch|p2b: Grimmsnarl|Grimmsnarl, L50, M|34/100
|move|p1b: Incineroar|Throat Chop|p2b: Grimmsnarl
|-resisted|p2b: Grimmsnarl|2
|-damage|p2b: Grimmsnarl|28/100
|-start|p2b: Grimmsnarl|Throat Chop|[silent]
|move|p2a: Sinistcha|Matcha Gotcha|p1a: Venusaur|[spread] p1a,p1b
|-resisted|p1a: Venusaur|2
|-resisted|p1b: Incineroar|1
|-damage|p1a: Venusaur|49/100
|-damage|p1b: Incineroar|66/100
|
|upkeep
|turn|10
|
|t:|1782768404
|move|p1a: Venusaur|Sleep Powder|p2b: Grimmsnarl
|-status|p2b: Grimmsnarl|slp|[from] move: Sleep Powder
|move|p1b: Incineroar|Parting Shot|p2a: Sinistcha
|-unboost|p2a: Sinistcha|atk|1
|-unboost|p2a: Sinistcha|spa|1
|
|t:|1782768411
|switch|p1b: Torkoal|Torkoal, L50, F|31/100|[from] Parting Shot
|-weather|SunnyDay|[from] ability: Drought|[of] p1b: Torkoal
|move|p2a: Sinistcha|Strength Sap|p1b: Torkoal
|-unboost|p1b: Torkoal|atk|1
|cant|p2b: Grimmsnarl|slp
|
|-weather|SunnyDay|[upkeep]
|-end|p2b: Grimmsnarl|Throat Chop|[silent]
|upkeep
|turn|11
|
|t:|1782768430
|move|p2a: Sinistcha|Protect|p2a: Sinistcha
|-singleturn|p2a: Sinistcha|Protect
|cant|p2b: Grimmsnarl|slp
|move|p1a: Venusaur|Leaf Storm|p2b: Grimmsnarl
|-damage|p2b: Grimmsnarl|0 fnt
|-unboost|p1a: Venusaur|spa|2
|faint|p2b: Grimmsnarl
|-damage|p1a: Venusaur|40/100|[from] item: Life Orb
|move|p1b: Torkoal|Heat Wave|p2a: Sinistcha
|-activate|p2a: Sinistcha|move: Protect
|
|-weather|SunnyDay|[upkeep]
|-sideend|p1: pati_patout|move: Tailwind
|upkeep
|
|t:|1782768442
|switch|p2b: Delphox|Delphox-Mega, L50, M, shiny|91/100
|turn|12
|
|t:|1782768483
|switch|p2a: Garchomp|Garchomp, L50, F|90/100
|move|p1a: Venusaur|Sleep Powder|p2b: Delphox|[miss]
|-miss|p1a: Venusaur|p2b: Delphox
|move|p2b: Delphox|Heat Wave|p1a: Venusaur|[spread] p1b
|-miss|p2b: Delphox|p1a: Venusaur
|-resisted|p1b: Torkoal|1
|-damage|p1b: Torkoal|0 fnt
|faint|p1b: Torkoal
|
|-weather|SunnyDay|[upkeep]
|-sideend|p2: OdieVGC|Reflect
|upkeep
|
|t:|1782768495
|switch|p1b: Aerodactyl|Aerodactyl-Mega, L50, F|100/100
|turn|13
|
|t:|1782768523
|switch|p1a: Incineroar|Incineroar, L50, M|66/100
|-ability|p1a: Incineroar|Intimidate|boost
|-unboost|p2a: Garchomp|atk|1
|-unboost|p2b: Delphox|atk|1
|move|p2b: Delphox|Protect|p2b: Delphox
|-singleturn|p2b: Delphox|Protect
|move|p1b: Aerodactyl|Dual Wingbeat|p2b: Delphox
|-activate|p2b: Delphox|move: Protect
|move|p2a: Garchomp|Rock Slide|p1a: Incineroar|[spread] p1a,p1b
|-supereffective|p1a: Incineroar|1
|-supereffective|p1b: Aerodactyl|1
|-damage|p1a: Incineroar|35/100
|-damage|p1b: Aerodactyl|56/100
|-enditem|p1a: Incineroar|Sitrus Berry|[eat]
|-heal|p1a: Incineroar|60/100|[from] item: Sitrus Berry
|-damage|p2a: Garchomp|80/100|[from] item: Life Orb
|
|-weather|SunnyDay|[upkeep]
|upkeep
|turn|14
|
|t:|1782768552
|move|p2a: Garchomp|Protect|p2a: Garchomp
|-singleturn|p2a: Garchomp|Protect
|move|p1b: Aerodactyl|Dual Wingbeat|p2a: Garchomp
|-activate|p2a: Garchomp|move: Protect
|move|p2b: Delphox|Psychic|p1b: Aerodactyl
|-damage|p1b: Aerodactyl|1/100
|move|p1a: Incineroar|Flare Blitz|p2b: Delphox
|-resisted|p2b: Delphox|1
|-crit|p2b: Delphox
|-damage|p2b: Delphox|19/100
|-damage|p1a: Incineroar|41/100|[from] Recoil
|
|-weather|none
|upkeep
|turn|15
|
|t:|1782768571
|switch|p2b: Sinistcha|Sinistcha-Masterpiece, L50, shiny|100/100
|-heal|p2a: Garchomp|100/100|[from] ability: Hospitality|[of] p2b: Sinistcha
|move|p1b: Aerodactyl|Tailwind|p1b: Aerodactyl
|-sidestart|p1: pati_patout|move: Tailwind
|move|p1a: Incineroar|Throat Chop|p2b: Sinistcha
|-supereffective|p2b: Sinistcha|1
|-damage|p2b: Sinistcha|51/100
|-start|p2b: Sinistcha|Throat Chop|[silent]
|move|p2a: Garchomp|Rock Slide|p1b: Aerodactyl|[spread] p1a,p1b
|-supereffective|p1a: Incineroar|1
|-supereffective|p1b: Aerodactyl|1
|-damage|p1a: Incineroar|6/100
|-damage|p1b: Aerodactyl|0 fnt
|faint|p1b: Aerodactyl
|-damage|p2a: Garchomp|90/100|[from] item: Life Orb
|
|upkeep
|
|t:|1782768578
|switch|p1b: Venusaur|Venusaur, L50, M|40/100
|turn|16
|
|t:|1782768603
|move|p1b: Venusaur|Sleep Powder|p2a: Garchomp
|-status|p2a: Garchomp|slp|[from] move: Sleep Powder
|move|p1a: Incineroar|Throat Chop|p2b: Sinistcha
|-supereffective|p2b: Sinistcha|1
|-damage|p2b: Sinistcha|0 fnt
|faint|p2b: Sinistcha
|cant|p2a: Garchomp|slp
|
|upkeep
|
|t:|1782768611
|switch|p2b: Delphox|Delphox-Mega, L50, M, shiny|19/100
|turn|17
|
|t:|1782768639
|move|p2b: Delphox|Protect|p2b: Delphox
|-singleturn|p2b: Delphox|Protect
|cant|p2a: Garchomp|slp
|move|p1b: Venusaur|Leaf Storm|p2a: Garchomp
|-damage|p2a: Garchomp|1/100 slp
|-unboost|p1b: Venusaur|spa|2
|-damage|p1b: Venusaur|30/100|[from] item: Life Orb
|move|p1a: Incineroar|Throat Chop|p2b: Delphox
|-activate|p2b: Delphox|move: Protect
|
|upkeep
|turn|18
|
|t:|1782768663
|-curestatus|p2a: Garchomp|slp|[msg]
|move|p2a: Garchomp|Protect|p2a: Garchomp
|-singleturn|p2a: Garchomp|Protect
|move|p1b: Venusaur|Leaf Storm|p2a: Garchomp
|-activate|p2a: Garchomp|move: Protect
|move|p1a: Incineroar|Throat Chop|p2b: Delphox
|-supereffective|p2b: Delphox|1
|-damage|p2b: Delphox|0 fnt
|faint|p2b: Delphox
|
|-sideend|p1: pati_patout|move: Tailwind
|upkeep
|turn|19
|
|t:|1782768677
|move|p2a: Garchomp|Rock Slide|p1b: Venusaur|[spread] p1a,p1b
|-supereffective|p1a: Incineroar|1
|-damage|p1a: Incineroar|0 fnt
|-damage|p1b: Venusaur|7/100
|faint|p1a: Incineroar
|-damage|p2a: Garchomp|0 fnt|[from] item: Life Orb
|faint|p2a: Garchomp
|
|win|pati_patout
||pati_patout is ready for game 3.
||OdieVGC is ready for game 3.
|uhtml|next|Next: Game 3 of 3
