|j|☆zanquettao
|j|☆kyo_is_de4d
|html|zanquettaokyo_is_de4d    
|uhtml|bestof|Game 2 of a best-of-3
|t:|1784248539
|gametype|doubles
|player|p1|zanquettao|1|1047
|player|p2|kyo_is_de4d|266|1050
|gen|9
|tier|[Gen 9 Champions] VGC 2026 Reg M-B (Bo3)
|rated|
|rule|Species Clause: Limit one of each Pokémon
|rule|Item Clause: Limit 1 of each item
|clearpoke
|poke|p1|Farigiraf, L50, F|
|poke|p1|Grimmsnarl, L50, M|
|poke|p1|Pelipper, L50, F|
|poke|p1|Mawile, L50, F|
|poke|p1|Raichu, L50, M|
|poke|p1|Sinistcha, L50|
|poke|p2|Floette-Eternal, L50, F|
|poke|p2|Charizard, L50, F, shiny|
|poke|p2|Kingambit, L50, M, shiny|
|poke|p2|Whimsicott, L50, M, shiny|
|poke|p2|Basculegion, L50, M, shiny|
|poke|p2|Garchomp, L50, F, shiny|
|teampreview|4
|showteam|p1|Farigiraf||ColburBerry|ArmorTail|TrickRoom,HelpingHand,Wish,Protect|Bold||F|||50|]Grimmsnarl||LightClay|Prankster|FakeOut,Reflect,LightScreen,SpiritBreak|Adamant||M|||50|]Pelipper||FocusSash|Drizzle|Tailwind,IceBeam,MuddyWater,WideGuard|Modest||F|||50|]Mawile||Mawilite|Intimidate|PlayRough,IronHead,SuckerPunch,Protect|Adamant||F|||50|]Raichu||RaichuniteY|LightningRod|FocusBlast,ZapCannon,FakeOut,Protect|Modest||M|||50|]Sinistcha||OccaBerry|Hospitality|MatchaGotcha,ShadowBall,RagePowder,Protect|Quiet|||||50|
|showteam|p2|Floette-Eternal||Floettite|FlowerVeil|Protect,LightofRuin,Moonblast,DazzlingGleam|Modest||F|||50|]Charizard||CharizarditeY|Blaze|SolarBeam,HeatWave,WeatherBall,Protect|Modest||F|||50|]Kingambit||ChopleBerry|Defiant|IronHead,LowKick,KowtowCleave,SuckerPunch|Adamant||M|||50|]Whimsicott||FocusSash|Prankster|Moonblast,Tailwind,Encore,Protect|Timid||M|||50|]Basculegion||MysticWater|Adaptability|WaveCrash,Protect,LastRespects,AquaJet|Adamant||M|||50|]Garchomp||LifeOrb|RoughSkin|Earthquake,RockSlide,Protect,DragonClaw|Jolly||F|||50|
|inactive|Battle timer is ON: inactive players will automatically lose when time's up. (requested by zanquettao)
|inactive|kyo_is_de4d has 60 seconds left.
|
|t:|1784248590
|teamsize|p1|4
|teamsize|p2|4
|start
|switch|p1a: Farigiraf|Farigiraf, L50, F|100/100
|switch|p1b: Grimmsnarl|Grimmsnarl, L50, M|100/100
|switch|p2a: Kingambit|Kingambit, L50, M, shiny|100/100
|switch|p2b: Basculegion|Basculegion, L50, M, shiny|100/100
|turn|1
|inactive|kyo_is_de4d has 30 seconds left.
|
|t:|1784248616
|switch|p2a: Whimsicott|Whimsicott, L50, M, shiny|100/100
|move|p1b: Grimmsnarl|Reflect|p1b: Grimmsnarl
|-sidestart|p1: zanquettao|Reflect
|move|p2b: Basculegion|Wave Crash|p1a: Farigiraf
|-damage|p1a: Farigiraf|44/100
|-damage|p2b: Basculegion|81/100|[from] Recoil
|move|p1a: Farigiraf|Trick Room|p1a: Farigiraf
|-fieldstart|move: Trick Room|[of] p1a: Farigiraf
|
|upkeep
|turn|2
|inactive|zanquettao has 30 seconds left.
|
|t:|1784248643
|switch|p2b: Kingambit|Kingambit, L50, M, shiny|100/100
|move|p1a: Farigiraf|Protect|p1a: Farigiraf
|-singleturn|p1a: Farigiraf|Protect
|move|p1b: Grimmsnarl|Spirit Break|p2a: Whimsicott
|-damage|p2a: Whimsicott|46/100
|-unboost|p2a: Whimsicott|spa|1
|move|p2a: Whimsicott|Moonblast|p1b: Grimmsnarl
|-supereffective|p1b: Grimmsnarl|1
|-damage|p1b: Grimmsnarl|52/100
|
|upkeep
|turn|3
|inactive|zanquettao has 30 seconds left.
|
|t:|1784248675
|move|p2a: Whimsicott|Protect|p2a: Whimsicott
|-singleturn|p2a: Whimsicott|Protect
|move|p2b: Kingambit|Iron Head|p1b: Grimmsnarl
|-supereffective|p1b: Grimmsnarl|1
|-damage|p1b: Grimmsnarl|0 fnt
|faint|p1b: Grimmsnarl
|move|p1a: Farigiraf|Trick Room|p1a: Farigiraf
|-fieldend|move: Trick Room
|
|upkeep
|
|t:|1784248688
|switch|p1b: Pelipper|Pelipper, L50, F|100/100
|-weather|RainDance|[from] ability: Drizzle|[of] p1b: Pelipper
|turn|4
|inactive|kyo_is_de4d has 30 seconds left.
|
|t:|1784248715
|switch|p2a: Basculegion|Basculegion, L50, M, shiny|81/100
|move|p1b: Pelipper|Muddy Water|p2b: Kingambit|[spread] p2a,p2b
|-resisted|p2a: Basculegion|1
|-damage|p2a: Basculegion|55/100
|-damage|p2b: Kingambit|52/100
|-unboost|p2a: Basculegion|accuracy|1
|move|p2b: Kingambit|Kowtow Cleave|p1a: Farigiraf
|-supereffective|p1a: Farigiraf|1
|-enditem|p1a: Farigiraf|Colbur Berry|[eat]
|-enditem|p1a: Farigiraf|Colbur Berry|[weaken]
|-damage|p1a: Farigiraf|18/100
|move|p1a: Farigiraf|Trick Room|p1a: Farigiraf
|-fieldstart|move: Trick Room|[of] p1a: Farigiraf
|
|-weather|RainDance|[upkeep]
|upkeep
|turn|5
|inactive|kyo_is_de4d has 30 seconds left.
|
|t:|1784248744
|move|p1a: Farigiraf|Helping Hand|p1b: Pelipper
|-singleturn|p1b: Pelipper|Helping Hand|[of] p1a: Farigiraf
|move|p2a: Basculegion|Protect|p2a: Basculegion
|-singleturn|p2a: Basculegion|Protect
|move|p2b: Kingambit|Kowtow Cleave|p1b: Pelipper
|-damage|p1b: Pelipper|67/100
|move|p1b: Pelipper|Muddy Water|p2a: Basculegion|[spread] p2b
|-activate|p2a: Basculegion|move: Protect
|-damage|p2b: Kingambit|0 fnt
|faint|p2b: Kingambit
|
|-weather|RainDance|[upkeep]
|upkeep
|
|t:|1784248755
|switch|p2b: Floette|Floette-Eternal, L50, F|100/100
|turn|6
|
|t:|1784248772
|detailschange|p2b: Floette|Floette-Mega, L50, F
|-mega|p2b: Floette|Floette|Floettite
|-ability|p2b: Floette|Fairy Aura
|move|p1a: Farigiraf|Helping Hand|p1b: Pelipper
|-singleturn|p1b: Pelipper|Helping Hand|[of] p1a: Farigiraf
|move|p1b: Pelipper|Muddy Water|p2a: Basculegion|[spread] p2a,p2b
|-resisted|p2a: Basculegion|1
|-crit|p2b: Floette
|-damage|p2a: Basculegion|14/100
|-damage|p2b: Floette|5/100
|-unboost|p2a: Basculegion|accuracy|1
|move|p2a: Basculegion|Last Respects|p1b: Pelipper
|-damage|p1b: Pelipper|14/100
|move|p2b: Floette|Moonblast|p1a: Farigiraf
|-damage|p1a: Farigiraf|0 fnt
|faint|p1a: Farigiraf
|
|-weather|RainDance|[upkeep]
|upkeep
|
|t:|1784248787
|switch|p1a: Mawile|Mawile, L50, F|100/100
|-ability|p1a: Mawile|Intimidate|boost
|-unboost|p2a: Basculegion|atk|1
|-unboost|p2b: Floette|atk|1
|turn|7
|
|t:|1784248804
|switch|p2b: Whimsicott|Whimsicott, L50, M, shiny|46/100
|detailschange|p1a: Mawile|Mawile-Mega, L50, F
|-mega|p1a: Mawile|Mawile|Mawilite
|move|p1a: Mawile|Sucker Punch|p2a: Basculegion
|-supereffective|p2a: Basculegion|1
|-damage|p2a: Basculegion|0 fnt
|faint|p2a: Basculegion
|move|p1b: Pelipper|Muddy Water|p2b: Whimsicott|[miss]
|-miss|p1b: Pelipper|p2b: Whimsicott
|
|-weather|RainDance|[upkeep]
|upkeep
|
|t:|1784248817
|switch|p2a: Floette|Floette-Mega, L50, F|5/100
|-ability|p2a: Floette|Fairy Aura
|turn|8
|
|t:|1784248832
|move|p2b: Whimsicott|Protect|p2b: Whimsicott
|-singleturn|p2b: Whimsicott|Protect
|move|p2a: Floette|Protect|p2a: Floette
|-singleturn|p2a: Floette|Protect
|move|p1a: Mawile|Iron Head|p2a: Floette
|-activate|p2a: Floette|move: Protect
|move|p1b: Pelipper|Tailwind|p1b: Pelipper
|-sidestart|p1: zanquettao|move: Tailwind
|
|-weather|none
|-sideend|p1: zanquettao|Reflect
|-fieldend|move: Trick Room
|upkeep
|turn|9
|
|t:|1784248852
|move|p1b: Pelipper|Wide Guard|p1b: Pelipper
|-singleturn|p1b: Pelipper|Wide Guard
|move|p2b: Whimsicott|Tailwind|p2b: Whimsicott
|-sidestart|p2: kyo_is_de4d|move: Tailwind
|move|p2a: Floette|Light of Ruin|p1a: Mawile
|-resisted|p1a: Mawile|1
|-damage|p1a: Mawile|27/100
|-damage|p2a: Floette|0 fnt|[from] Recoil
|faint|p2a: Floette
|move|p1a: Mawile|Iron Head|p2b: Whimsicott
|-supereffective|p2b: Whimsicott|1
|-damage|p2b: Whimsicott|0 fnt
|faint|p2b: Whimsicott
|
|win|zanquettao
|raw|zanquettao's rating: 1047 → 1080(+33 for winning)
|raw|kyo_is_de4d's rating: 1050 → 1032(-18 for losing)
