|j|☆WASHINGTONGARGACHA
|j|☆arnau3kum
|html|WASHINGTONGARGACHAarnau3kum    
|uhtml|bestof|Game 3 of a best-of-3
|t:|1757767642
|gametype|doubles
|player|p1|WASHINGTONGARGACHA|101|1143
|player|p2|arnau3kum|101|1268
|gen|9
|tier|[Gen 9] VGC 2025 Reg H (Bo3)
|rated|
|rule|Species Clause: Limit one of each Pokémon
|rule|Item Clause: Limit 1 of each item
|clearpoke
|poke|p1|Gholdengo, L50|
|poke|p1|Ursaluna, L50, F|
|poke|p1|Archaludon, L50, M|
|poke|p1|Murkrow, L50, F|
|poke|p1|Indeedee-F, L50, F|
|poke|p1|Sneasler, L50, M|
|poke|p2|Annihilape, L50, F|
|poke|p2|Klefki, L50, M|
|poke|p2|Maushold, L50|
|poke|p2|Ninetales-Alola, L50, F|
|poke|p2|Sinistcha-Masterpiece, L50|
|poke|p2|Ursaluna-Bloodmoon, L50, M|
|teampreview|4
|showteam|p1|Gholdengo||ChoiceSpecs|GoodasGold|ShadowBall,MakeItRain,SteelBeam,PowerGem||||||50|,,,,,Steel]Ursaluna||FlameOrb|Guts|Facade,HeadlongRush,Earthquake,Protect|||F|||50|,,,,,Ghost]Archaludon||PowerHerb|Sturdy|ElectroShot,FlashCannon,DracoMeteor,Protect|||M|||50|,,,,,Grass]Murkrow||Eviolite|Prankster|Tailwind,RainDance,FoulPlay,Haze|||F|||50|,,,,,Dark]Indeedee-F||SitrusBerry|PsychicSurge|FollowMe,TrickRoom,Psychic,Imprison|||F|||50|,,,,,Fire]Sneasler||PsychicSeed|Unburden|CloseCombat,DireClaw,ThroatChop,Protect|||M|||50|,,,,,Dark
|showteam|p2|Annihilape||Leftovers|Defiant|RageFist,DrainPunch,BulkUp,Protect|||F|||50|,,,,,Fire]Klefki||LightClay|Prankster|DazzlingGleam,LightScreen,Reflect,MistyTerrain|||M|||50|,,,,,Ghost]Maushold||CovertCloak|FriendGuard|BeatUp,FollowMe,Taunt,Protect||||||50|,,,,,Grass]Ninetales-Alola||FocusSash|SnowWarning|FreezeDry,Blizzard,Encore,Protect|||F|||50|,,,,,Ghost]Sinistcha-Masterpiece||SitrusBerry|Hospitality|MatchaGotcha,LifeDew,RagePowder,TrickRoom||||||50|,,,,,Water]Ursaluna-Bloodmoon||AssaultVest|MindsEye|BloodMoon,HyperVoice,EarthPower,VacuumWave|||M|||50|,,,,,Water
|inactive|Battle timer is ON: inactive players will automatically lose when time's up. (requested by arnau3kum)
|inactive|WASHINGTONGARGACHA has 60 seconds left.
|
|t:|1757767707
|teamsize|p1|4
|teamsize|p2|4
|start
|switch|p1a: Indeedee|Indeedee-F, L50, F|100/100
|switch|p1b: Gholdengo|Gholdengo, L50|100/100
|switch|p2a: Annihilape|Annihilape, L50, F|100/100
|switch|p2b: Maushold|Maushold, L50|100/100
|-fieldstart|move: Psychic Terrain|[from] ability: Psychic Surge|[of] p1a: Indeedee
|turn|1
|
|t:|1757767723
|move|p2b: Maushold|Protect|p2b: Maushold
|-singleturn|p2b: Maushold|Protect
|move|p2a: Annihilape|Protect|p2a: Annihilape
|-singleturn|p2a: Annihilape|Protect
|move|p1a: Indeedee|Follow Me|p1a: Indeedee
|-singleturn|p1a: Indeedee|move: Follow Me
|move|p1b: Gholdengo|Make It Rain|p2b: Maushold|[spread] 
|-activate|p2a: Annihilape|move: Protect
|-activate|p2b: Maushold|move: Protect
|
|upkeep
|turn|2
|
|t:|1757767748
|switch|p1b: Ursaluna|Ursaluna, L50, F|100/100
|-terastallize|p2a: Annihilape|Fire
|move|p2b: Maushold|Taunt|p1a: Indeedee
|-start|p1a: Indeedee|move: Taunt
|move|p2a: Annihilape|Bulk Up|p2a: Annihilape
|-boost|p2a: Annihilape|atk|1
|-boost|p2a: Annihilape|def|1
|cant|p1a: Indeedee|move: Taunt|Trick Room
|
|-status|p1b: Ursaluna|brn|[from] item: Flame Orb
|upkeep
|turn|3
|
|t:|1757767765
|switch|p1a: Gholdengo|Gholdengo, L50|100/100
|move|p1b: Ursaluna|Protect|p1b: Ursaluna
|-singleturn|p1b: Ursaluna|Protect
|move|p2b: Maushold|Follow Me|p2b: Maushold
|-singleturn|p2b: Maushold|move: Follow Me
|move|p2a: Annihilape|Drain Punch|p1b: Ursaluna
|-activate|p1b: Ursaluna|move: Protect
|
|-damage|p1b: Ursaluna|94/100 brn|[from] brn
|upkeep
|turn|4
|
|t:|1757767790
|switch|p1b: Indeedee|Indeedee-F, L50, F|100/100
|move|p2b: Maushold|Protect|p2b: Maushold
|-singleturn|p2b: Maushold|Protect
|move|p2a: Annihilape|Protect|p2a: Annihilape
|-singleturn|p2a: Annihilape|Protect
|move|p1a: Gholdengo|Make It Rain|p2a: Annihilape|[spread] 
|-activate|p2a: Annihilape|move: Protect
|-activate|p2b: Maushold|move: Protect
|
|upkeep
|turn|5
|inactive|WASHINGTONGARGACHA has 30 seconds left.
|
|t:|1757767820
|switch|p1b: Sneasler|Sneasler, L50, M|100/100
|-enditem|p1b: Sneasler|Psychic Seed
|-boost|p1b: Sneasler|spd|1|[from] item: Psychic Seed
|move|p2b: Maushold|Taunt|p1b: Sneasler
|-start|p1b: Sneasler|move: Taunt
|move|p2a: Annihilape|Drain Punch|p1b: Sneasler
|-resisted|p1b: Sneasler
|-damage|p1b: Sneasler|55/100
|move|p1a: Gholdengo|Make It Rain|p2b: Maushold|[spread] p2a,p2b
|-resisted|p2a: Annihilape
|-damage|p2a: Annihilape|80/100
|-damage|p2b: Maushold|12/100
|-unboost|p1a: Gholdengo|spa|1
|
|-heal|p2a: Annihilape|86/100|[from] item: Leftovers
|-fieldend|move: Psychic Terrain
|upkeep
|turn|6
|inactive|arnau3kum has 30 seconds left.
|
|t:|1757767847
|switch|p2b: Klefki|Klefki, L50, M|100/100
|switch|p1a: Indeedee|Indeedee-F, L50, F|100/100
|-fieldstart|move: Psychic Terrain|[from] ability: Psychic Surge|[of] p1a: Indeedee
|move|p1b: Sneasler|Throat Chop|p2a: Annihilape
|-damage|p2a: Annihilape|65/100
|-start|p2a: Annihilape|Throat Chop|[silent]
|move|p2a: Annihilape|Rage Fist|p1b: Sneasler
|-damage|p1b: Sneasler|0 fnt
|faint|p1b: Sneasler
|
|-heal|p2a: Annihilape|71/100|[from] item: Leftovers
|upkeep
|
|t:|1757767863
|switch|p1b: Ursaluna|Ursaluna, L50, F|94/100 brn
|turn|7
|inactive|WASHINGTONGARGACHA has 30 seconds left.
|
|t:|1757767891
|move|p2a: Annihilape|Protect|p2a: Annihilape
|-singleturn|p2a: Annihilape|Protect
|move|p2b: Klefki|Reflect|p2b: Klefki
|-sidestart|p2: arnau3kum|Reflect
|move|p1b: Ursaluna|Headlong Rush|p2a: Annihilape
|-activate|p2a: Annihilape|move: Protect
|move|p1a: Indeedee|Trick Room|p1a: Indeedee
|-fieldstart|move: Trick Room|[of] p1a: Indeedee
|
|-heal|p2a: Annihilape|77/100|[from] item: Leftovers
|-damage|p1b: Ursaluna|88/100 brn|[from] brn
|-end|p2a: Annihilape|Throat Chop|[silent]
|upkeep
|turn|8
|inactive|WASHINGTONGARGACHA has 30 seconds left.
|
|t:|1757767918
|switch|p2b: Sinistcha|Sinistcha-Masterpiece, L50|100/100
|-heal|p2a: Annihilape|100/100|[from] ability: Hospitality|[of] p2b: Sinistcha
|move|p1b: Ursaluna|Headlong Rush|p2a: Annihilape
|-supereffective|p2a: Annihilape
|-damage|p2a: Annihilape|10/100
|-unboost|p1b: Ursaluna|def|1
|-unboost|p1b: Ursaluna|spd|1
|move|p1a: Indeedee|Psychic|p2a: Annihilape
|-damage|p2a: Annihilape|0 fnt
|faint|p2a: Annihilape
|
|-damage|p1b: Ursaluna|82/100 brn|[from] brn
|upkeep
|
|t:|1757767937
|switch|p2a: Klefki|Klefki, L50, M|100/100
|turn|9
|
|t:|1757767953
|move|p1a: Indeedee|Follow Me|p1a: Indeedee
|-singleturn|p1a: Indeedee|move: Follow Me
|move|p2b: Sinistcha|Matcha Gotcha|p1a: Indeedee|[spread] p1a,p1b
|-supereffective|p1b: Ursaluna
|-damage|p1a: Indeedee|80/100
|-damage|p1b: Ursaluna|11/100 brn
|-status|p1a: Indeedee|brn
|move|p1b: Ursaluna|Headlong Rush|p2a: Klefki
|-supereffective|p2a: Klefki
|-damage|p2a: Klefki|0 fnt
|-unboost|p1b: Ursaluna|def|1
|-unboost|p1b: Ursaluna|spd|1
|faint|p2a: Klefki
|
|-damage|p1b: Ursaluna|4/100 brn|[from] brn
|-damage|p1a: Indeedee|74/100 brn|[from] brn
|upkeep
|
|t:|1757767966
|switch|p2a: Maushold|Maushold, L50|12/100
|turn|10
|-message|arnau3kum forfeited.
|
|win|WASHINGTONGARGACHA
|raw|WASHINGTONGARGACHA's rating: 1143 → 1177(+34 for winning)
|raw|arnau3kum's rating: 1268 → 1234(-34 for losing)
