|j|☆MrMrvz
|j|☆zoarialo
|html|MrMrvzzoarialo    
|uhtml|bestof|Game 2 of a best-of-3
|t:|1784822846
|gametype|doubles
|player|p1|MrMrvz|ethan|1077
|player|p2|zoarialo|101|1028
|gen|9
|tier|[Gen 9 Champions] VGC 2026 Reg M-B (Bo3)
|rated|
|rule|Species Clause: Limit one of each Pokémon
|rule|Item Clause: Limit 1 of each item
|clearpoke
|poke|p1|Feraligatr, L50, M, shiny|
|poke|p1|Sceptile, L50, M|
|poke|p1|Staraptor, L50, M|
|poke|p1|Vileplume, L50, M|
|poke|p1|Gholdengo, L50|
|poke|p1|Houndoom, L50, M|
|poke|p2|Blastoise, L50, M, shiny|
|poke|p2|Delphox, L50, F, shiny|
|poke|p2|Incineroar, L50, F, shiny|
|poke|p2|Sneasler, L50, M|
|poke|p2|Sinistcha, L50|
|poke|p2|Maushold-Four, L50, shiny|
|teampreview|4
|showteam|p1|Feraligatr||LifeOrb|SheerForce|Liquidation,RockSlide,IcePunch,AquaJet|Adamant||M|||50|]Sceptile||WhiteHerb|Unburden|LeafStorm,RockTomb,Detect,EarthPower|Timid||M|||50|]Staraptor||Staraptite|Intimidate|BraveBird,CloseCombat,Protect,Roost|Jolly||M|||50|]Vileplume||BigRoot|EffectSpore|SludgeBomb,GigaDrain,StrengthSap,LeechSeed|Relaxed||M|||50|]Gholdengo||SitrusBerry|GoodasGold|MakeItRain,NastyPlot,ShadowBall,Protect|Modest|||||50|]Houndoom||FocusSash|FlashFire|SuckerPunch,Snarl,HeatWave,Protect|Hasty||M|||50|
|showteam|p2|Blastoise||Blastoisinite|Torrent|WaterSpout,DarkPulse,ShellSmash,Protect|Modest||M|||50|]Delphox||Delphoxite|Blaze|HeatWave,Psychic,NastyPlot,Protect|Timid||F|||50|]Incineroar||SitrusBerry|Intimidate|FakeOut,FlareBlitz,ThroatChop,PartingShot|Impish||F|||50|]Sneasler||FocusSash|PoisonTouch|FakeOut,DireClaw,CloseCombat,QuickGuard|Jolly||M|||50|]Sinistcha||KasibBerry|Hospitality|MatchaGotcha,LifeDew,RagePowder,Protect|Calm|||||50|]Maushold-Four||ChopleBerry|FriendGuard|SuperFang,Feint,FollowMe,Protect|Impish|||||50|
|
|t:|1784822880
|teamsize|p1|4
|teamsize|p2|4
|start
|switch|p1a: Houndoom|Houndoom, L50, M|100/100
|switch|p1b: Gholdengo|Gholdengo, L50|100/100
|switch|p2a: Blastoise|Blastoise, L50, M, shiny|100/100
|switch|p2b: Maushold|Maushold-Four, L50, shiny|100/100
|turn|1
|
|t:|1784822913
|move|p2a: Blastoise|Protect|p2a: Blastoise
|-singleturn|p2a: Blastoise|Protect
|move|p1a: Houndoom|Snarl|p2b: Maushold|[spread] p2b
|-activate|p2a: Blastoise|move: Protect
|-damage|p2b: Maushold|78/100
|-unboost|p2b: Maushold|spa|1
|move|p2b: Maushold|Super Fang|p1a: Houndoom
|-damage|p1a: Houndoom|50/100g
|move|p1b: Gholdengo|Nasty Plot|p1b: Gholdengo
|-boost|p1b: Gholdengo|spa|2
|
|upkeep
|turn|2
|
|t:|1784822935
|switch|p2a: Incineroar|Incineroar, L50, F, shiny|100/100
|-ability|p2a: Incineroar|Intimidate|boost
|-unboost|p1a: Houndoom|atk|1
|-unboost|p1b: Gholdengo|atk|1
|move|p1a: Houndoom|Snarl|p2a: Incineroar|[spread] p2a
|-miss|p1a: Houndoom|p2b: Maushold
|-resisted|p2a: Incineroar|1
|-damage|p2a: Incineroar|93/100
|-unboost|p2a: Incineroar|spa|1
|move|p2b: Maushold|Super Fang|p1a: Houndoom
|-damage|p1a: Houndoom|25/100
|move|p1b: Gholdengo|Shadow Ball|p2a: Incineroar
|-resisted|p2a: Incineroar|1
|-damage|p2a: Incineroar|64/100
|
|upkeep
|turn|3
|inactive|Battle timer is ON: inactive players will automatically lose when time's up. (requested by zoarialo)
|
|t:|1784822969
|move|p1b: Gholdengo|Protect|p1b: Gholdengo
|-singleturn|p1b: Gholdengo|Protect
|move|p2b: Maushold|Follow Me|p2b: Maushold
|-singleturn|p2b: Maushold|move: Follow Me
|move|p1a: Houndoom|Sucker Punch||[still]
|-fail|p1a: Houndoom
|move|p2a: Incineroar|Parting Shot|p1b: Gholdengo
|-activate|p1b: Gholdengo|move: Protect
|
|upkeep
|turn|4
|
|t:|1784822992
|move|p2b: Maushold|Follow Me|p2b: Maushold
|-singleturn|p2b: Maushold|move: Follow Me
|move|p1a: Houndoom|Heat Wave|p2a: Incineroar|[spread] p2a,p2b
|-resisted|p2a: Incineroar|1
|-damage|p2a: Incineroar|53/100
|-damage|p2b: Maushold|41/100
|move|p1b: Gholdengo|Make It Rain|p2a: Incineroar|[spread] p2a,p2b
|-resisted|p2a: Incineroar|1
|-damage|p2a: Incineroar|19/100
|-damage|p2b: Maushold|0 fnt
|-unboost|p1b: Gholdengo|spa|2
|-enditem|p2a: Incineroar|Sitrus Berry|[eat]
|-heal|p2a: Incineroar|44/100|[from] item: Sitrus Berry
|faint|p2b: Maushold
|move|p2a: Incineroar|Throat Chop|p1b: Gholdengo
|-supereffective|p1b: Gholdengo|1
|-damage|p1b: Gholdengo|46/100
|-start|p1b: Gholdengo|Throat Chop|[silent]
|-enditem|p1b: Gholdengo|Sitrus Berry|[eat]
|-heal|p1b: Gholdengo|70/100|[from] item: Sitrus Berry
|
|upkeep
|
|t:|1784823009
|switch|p2b: Blastoise|Blastoise, L50, M, shiny|100/100
|turn|5
|
|t:|1784823035
|detailschange|p2b: Blastoise|Blastoise-Mega, L50, M, shiny
|-mega|p2b: Blastoise|Blastoise|Blastoisinite
|move|p2b: Blastoise|Protect|p2b: Blastoise
|-singleturn|p2b: Blastoise|Protect
|move|p1a: Houndoom|Snarl|p2a: Incineroar|[spread] p2a
|-activate|p2b: Blastoise|move: Protect
|-resisted|p2a: Incineroar|1
|-damage|p2a: Incineroar|36/100
|-unboost|p2a: Incineroar|spa|1
|move|p1b: Gholdengo|Nasty Plot|p1b: Gholdengo
|-boost|p1b: Gholdengo|spa|2
|move|p2a: Incineroar|Throat Chop|p1a: Houndoom
|-resisted|p1a: Houndoom|1
|-damage|p1a: Houndoom|0 fnt
|faint|p1a: Houndoom
|
|-end|p1b: Gholdengo|Throat Chop|[silent]
|upkeep
|
|t:|1784823055
|switch|p1a: Staraptor|Staraptor, L50, M|100/100
|-ability|p1a: Staraptor|Intimidate|boost
|-unboost|p2a: Incineroar|atk|1
|-unboost|p2b: Blastoise|atk|1
|turn|6
|inactive|zoarialo has 30 seconds left.
|
|t:|1784823083
|detailschange|p1a: Staraptor|Staraptor-Mega, L50, M
|-mega|p1a: Staraptor|Staraptor|Staraptite
|move|p1a: Staraptor|Close Combat|p2b: Blastoise
|-crit|p2b: Blastoise
|-damage|p2b: Blastoise|4/100
|-boost|p1a: Staraptor|def|1
|-boost|p1a: Staraptor|spd|1
|move|p2b: Blastoise|Shell Smash|p2b: Blastoise
|-unboost|p2b: Blastoise|def|1
|-unboost|p2b: Blastoise|spd|1
|-boost|p2b: Blastoise|atk|2
|-boost|p2b: Blastoise|spa|2
|-boost|p2b: Blastoise|spe|2
|move|p1b: Gholdengo|Shadow Ball|p2b: Blastoise
|-damage|p2b: Blastoise|0 fnt
|faint|p2b: Blastoise
|move|p2a: Incineroar|Flare Blitz|p1b: Gholdengo
|-supereffective|p1b: Gholdengo|1
|-damage|p1b: Gholdengo|17/100
|-damage|p2a: Incineroar|19/100|[from] Recoil
|
|upkeep
|
|t:|1784823100
|switch|p2b: Sneasler|Sneasler, L50, M|100/100
|turn|7
|
|t:|1784823112
|move|p2b: Sneasler|Fake Out|p1a: Staraptor
|-damage|p1a: Staraptor|90/100
|cant|p1a: Staraptor|flinch
|move|p1b: Gholdengo|Shadow Ball|p2a: Incineroar
|-resisted|p2a: Incineroar|1
|-damage|p2a: Incineroar|0 fnt
|faint|p2a: Incineroar
|
|upkeep
|turn|8
|-message|zoarialo forfeited.
|
|win|MrMrvz
