|j|☆Van (Dream)
|j|☆roacchin
|html|Van (Dream)roacchin    
|uhtml|bestof|Game 2 of a best-of-3
|t:|1784489828
|gametype|doubles
|player|p1|Van (Dream)|li|
|player|p2|roacchin|swimmer|
|gen|9
|tier|[Gen 9 Champions] VGC 2026 Reg M-B (Bo3)
|rule|Species Clause: Limit one of each Pokémon
|rule|Item Clause: Limit 1 of each item
|clearpoke
|poke|p1|Politoed, L50, F|
|poke|p1|Swampert, L50, M|
|poke|p1|Archaludon, L50, F|
|poke|p1|Gholdengo, L50|
|poke|p1|Scrafty, L50, F|
|poke|p1|Raichu, L50, M|
|poke|p2|Charizard, L50, F|
|poke|p2|Venusaur, L50, M|
|poke|p2|Kingambit, L50, M|
|poke|p2|Grimmsnarl, L50, M|
|poke|p2|Goodra-Hisui, L50, M|
|poke|p2|Trevenant, L50, M|
|teampreview|4
|showteam|p1|Politoed||WacanBerry|Drizzle|WeatherBall,IcyWind,HelpingHand,Protect|Bold||F|||50|]Swampert||Swampertite|Torrent|Waterfall,HighHorsepower,IcePunch,Protect|Adamant||M|||50|]Archaludon||Leftovers|Stamina|ElectroShot,FlashCannon,DracoMeteor,Protect|Modest||F|||50|]Gholdengo||LifeOrb|GoodasGold|MakeItRain,ShadowBall,PowerGem,Protect|Timid|||||50|]Scrafty||SitrusBerry|Intimidate|FakeOut,Taunt,KnockOff,DrainPunch|Careful||F|||50|]Raichu||FocusSash|LightningRod|FakeOut,Nuzzle,Encore,Protect|Timid||M|||50|
|showteam|p2|Charizard||CharizarditeY|Blaze|HeatWave,WeatherBall,Protect,SolarBeam|Modest||F|||50|]Venusaur||FocusSash|Chlorophyll|EarthPower,EnergyBall,WeatherBall,SleepPowder|Modest||M|||50|]Kingambit||ChopleBerry|Defiant|SuckerPunch,KowtowCleave,LowKick,Protect|Adamant||M|||50|]Grimmsnarl||MentalHerb|Prankster|FakeOut,PlayRough,PartingShot,FoulPlay|Adamant||M|||50|]Goodra-Hisui||Leftovers|Gooey|DracoMeteor,HeavySlam,MudShot,Flamethrower|Modest||M|||50|]Trevenant||SitrusBerry|Harvest|RockSlide,HornLeech,KnockOff,Poltergeist|Adamant||M|||50|
|
|t:|1784489884
|teamsize|p1|4
|teamsize|p2|4
|start
|switch|p1a: Archaludon|Archaludon, L50, F|100/100
|switch|p1b: Gholdengo|Gholdengo, L50|100/100
|switch|p2a: Charizard|Charizard, L50, F|100/100
|switch|p2b: Venusaur|Venusaur, L50, M|100/100
|turn|1
|
|t:|1784489898
|move|p2a: Charizard|Protect|p2a: Charizard
|-singleturn|p2a: Charizard|Protect
|move|p1a: Archaludon|Protect|p1a: Archaludon
|-singleturn|p1a: Archaludon|Protect
|move|p1b: Gholdengo|Power Gem|p2a: Charizard
|-activate|p2a: Charizard|move: Protect
|move|p2b: Venusaur|Earth Power|p1a: Archaludon
|-activate|p1a: Archaludon|move: Protect
|
|upkeep
|turn|2
|
|t:|1784489970
|switch|p1a: Politoed|Politoed, L50, F|100/100
|-weather|RainDance|[from] ability: Drizzle|[of] p1a: Politoed
|detailschange|p2a: Charizard|Charizard-Mega-Y, L50, F
|-mega|p2a: Charizard|Charizard|Charizardite Y
|-weather|SunnyDay|[from] ability: Drought|[of] p2a: Charizard
|move|p2b: Venusaur|Earth Power|p1a: Politoed
|-damage|p1a: Politoed|72/100
|move|p2a: Charizard|Heat Wave|p1a: Politoed|[spread] p1a,p1b
|-resisted|p1a: Politoed|1
|-supereffective|p1b: Gholdengo|1
|-damage|p1a: Politoed|41/100
|-damage|p1b: Gholdengo|0 fnt
|faint|p1b: Gholdengo
|
|-weather|SunnyDay|[upkeep]
|upkeep
|
|t:|1784489984
|switch|p1b: Archaludon|Archaludon, L50, F|100/100
|turn|3
|
|t:|1784490001
|switch|p1a: Swampert|Swampert, L50, M|100/100
|move|p1b: Archaludon|Protect|p1b: Archaludon
|-singleturn|p1b: Archaludon|Protect
|move|p2b: Venusaur|Earth Power|p1b: Archaludon
|-activate|p1b: Archaludon|move: Protect
|move|p2a: Charizard|Heat Wave|p1a: Swampert|[spread] p1a
|-activate|p1b: Archaludon|move: Protect
|-resisted|p1a: Swampert|1
|-damage|p1a: Swampert|58/100
|
|-weather|SunnyDay|[upkeep]
|upkeep
|turn|4
|
|t:|1784490018
|switch|p1a: Politoed|Politoed, L50, F|41/100
|-weather|RainDance|[from] ability: Drizzle|[of] p1a: Politoed
|move|p2a: Charizard|Protect|p2a: Charizard
|-singleturn|p2a: Charizard|Protect
|move|p2b: Venusaur|Energy Ball|p1a: Politoed
|-supereffective|p1a: Politoed|1
|-damage|p1a: Politoed|0 fnt
|faint|p1a: Politoed
|move|p1b: Archaludon|Electro Shot||[still]
|-prepare|p1b: Archaludon|Electro Shot
|-boost|p1b: Archaludon|spa|1
|-anim|p1b: Archaludon|Electro Shot|p2a: Charizard
|-activate|p2a: Charizard|move: Protect
|
|-weather|RainDance|[upkeep]
|upkeep
|
|t:|1784490025
|switch|p1a: Swampert|Swampert, L50, M|58/100
|turn|5
|
|t:|1784490041
|switch|p2a: Kingambit|Kingambit, L50, M|100/100
|move|p2b: Venusaur|Energy Ball|p1a: Swampert
|-supereffective|p1a: Swampert|2
|-damage|p1a: Swampert|0 fnt
|faint|p1a: Swampert
|move|p1b: Archaludon|Flash Cannon|p2b: Venusaur
|-damage|p2b: Venusaur|19/100
|
|-weather|RainDance|[upkeep]
|upkeep
|turn|6
|
|t:|1784490056
|move|p2b: Venusaur|Earth Power|p1b: Archaludon
|-supereffective|p1b: Archaludon|1
|-damage|p1b: Archaludon|29/100
|-ability|p1b: Archaludon|Stamina|boost
|-boost|p1b: Archaludon|def|1
|move|p1b: Archaludon|Flash Cannon|p2b: Venusaur
|-damage|p2b: Venusaur|0 fnt
|faint|p2b: Venusaur
|move|p2a: Kingambit|Low Kick|p1b: Archaludon
|-supereffective|p1b: Archaludon|1
|-damage|p1b: Archaludon|0 fnt
|faint|p1b: Archaludon
|
|win|roacchin
|l|☆Van (Dream)
|player|p1|
