|badge|p2|silver|gen9ou|30-6
|uhtml|medal-msg|Curious what those medals under the avatar are? PS now has Ladder Seasons! For more information, check out the thread on Smogon.
|j|☆rodjilius
|j|☆JackRG1
|html|rodjiliusJackRG1    
|uhtml|bestof|Game 1 of a best-of-3
|t:|1757789968
|gametype|doubles
|player|p1|rodjilius|unknown|1305
|player|p2|JackRG1|dawn-gen4pt|1289
|gen|9
|tier|[Gen 9] VGC 2025 Reg H (Bo3)
|rated|
|rule|Species Clause: Limit one of each Pokémon
|rule|Item Clause: Limit 1 of each item
|clearpoke
|poke|p1|Dragapult, L50, F|
|poke|p1|Sneasler, L50, M|
|poke|p1|Indeedee, L50, M|
|poke|p1|Incineroar, L50, M|
|poke|p1|Typhlosion-Hisui, L50, F|
|poke|p1|Whimsicott, L50, F|
|poke|p2|Tyranitar, L50, F|
|poke|p2|Excadrill, L50, M|
|poke|p2|Gastrodon-East, L50, F|
|poke|p2|Corviknight, L50, F|
|poke|p2|Glimmora, L50, M|
|poke|p2|Indeedee-F, L50, F|
|teampreview|4
|showteam|p1|Dragapult||ChoiceBand|ClearBody|DragonDarts,PhantomForce,Uturn,Outrage|||F|||50|,,,,,Dragon]Sneasler||PsychicSeed|Unburden|DireClaw,CloseCombat,Protect,ThroatChop|||M|||50|,,,,,Dark]Indeedee||FocusSash|PsychicSurge|ExpandingForce,Imprison,TeraBlast,TrickRoom|||M|||50|,,,,,Ground]Incineroar||SafetyGoggles|Intimidate|FakeOut,FlareBlitz,KnockOff,PartingShot|||M|||50|,,,,,Bug]Typhlosion-Hisui||ChoiceSpecs|Blaze|Eruption,HeatWave,ShadowBall,Overheat|||F|||50|,,,,,Fire]Whimsicott||CovertCloak|Prankster|Moonblast,Protect,Tailwind,SunnyDay|||F|||50|,,,,,Steel
|showteam|p2|Tyranitar||AssaultVest|SandStream|RockSlide,KnockOff,TeraBlast,LowKick|||F|||50|,,,,,Flying]Excadrill||FocusSash|SandRush|Earthquake,HighHorsepower,IronHead,Protect|||M|||50|,,,,,Stellar]Gastrodon-East||Leftovers|StormDrain|EarthPower,HydroPump,ClearSmog,Protect|||F|||50|,,,,,Grass]Corviknight||PsychicSeed|MirrorArmor|BraveBird,PowerTrip,BulkUp,Roost|||F|||50|,,,,,Dark]Glimmora||ChoiceScarf|ToxicDebris|EnergyBall,PowerGem,EarthPower,SludgeBomb|||M|||50|,,,,,Grass]Indeedee-F||SafetyGoggles|PsychicSurge|FollowMe,Psychic,TrickRoom,Protect|||F|||50|,,,,,Fairy
|inactive|Battle timer is ON: inactive players will automatically lose when time's up. (requested by JackRG1)
|inactive|rodjilius also wants the timer to be on.
|inactive|rodjilius has 60 seconds left.
|inactive|JackRG1 has 60 seconds left.
|
|t:|1757790008
|teamsize|p1|4
|teamsize|p2|4
|start
|switch|p1a: Indeedee|Indeedee, L50, M|100/100
|switch|p1b: Whimsicott|Whimsicott, L50, F|100/100
|switch|p2a: Glimmora|Glimmora, L50, M|100/100
|switch|p2b: Corviknight|Corviknight, L50, F|100/100
|-fieldstart|move: Psychic Terrain|[from] ability: Psychic Surge|[of] p1a: Indeedee
|-enditem|p2b: Corviknight|Psychic Seed
|-boost|p2b: Corviknight|spd|1|[from] item: Psychic Seed
|turn|1
|
|t:|1757790026
|move|p1b: Whimsicott|Tailwind|p1b: Whimsicott
|-sidestart|p1: rodjilius|move: Tailwind
|move|p1a: Indeedee|Expanding Force|p2b: Corviknight|[spread] p2a,p2b
|-supereffective|p2a: Glimmora
|-resisted|p2b: Corviknight
|-damage|p2a: Glimmora|0 fnt
|-damage|p2b: Corviknight|85/100
|faint|p2a: Glimmora
|move|p2b: Corviknight|Bulk Up|p2b: Corviknight
|-boost|p2b: Corviknight|atk|1
|-boost|p2b: Corviknight|def|1
|
|upkeep
|c|☆rodjilius|Sludge wave would be really good right now
|
|t:|1757790035
|switch|p2a: Tyranitar|Tyranitar, L50, F|100/100
|-weather|Sandstorm|[from] ability: Sand Stream|[of] p2a: Tyranitar
|turn|2
|
|t:|1757790048
|switch|p1a: Sneasler|Sneasler, L50, M|100/100
|-enditem|p1a: Sneasler|Psychic Seed
|-boost|p1a: Sneasler|spd|1|[from] item: Psychic Seed
|move|p1b: Whimsicott|Protect|p1b: Whimsicott
|-singleturn|p1b: Whimsicott|Protect
|move|p2a: Tyranitar|Rock Slide|p1a: Sneasler|[spread] p1a
|-activate|p1b: Whimsicott|move: Protect
|-resisted|p1a: Sneasler
|-damage|p1a: Sneasler|75/100
|move|p2b: Corviknight|Bulk Up|p2b: Corviknight
|-boost|p2b: Corviknight|atk|1
|-boost|p2b: Corviknight|def|1
|
|-weather|Sandstorm|[upkeep]
|-damage|p1a: Sneasler|69/100|[from] Sandstorm
|-damage|p1b: Whimsicott|95/100|[from] Sandstorm
|upkeep
|turn|3
|
|t:|1757790065
|switch|p2a: Indeedee|Indeedee-F, L50, F|100/100
|move|p1b: Whimsicott|Sunny Day|p1b: Whimsicott
|-weather|SunnyDay
|move|p1a: Sneasler|Close Combat|p2a: Indeedee
|-damage|p2a: Indeedee|41/100
|-unboost|p1a: Sneasler|def|1
|-unboost|p1a: Sneasler|spd|1
|move|p2b: Corviknight|Power Trip|p1a: Sneasler
|-resisted|p1a: Sneasler
|-damage|p1a: Sneasler|16/100
|
|-weather|SunnyDay|[upkeep]
|upkeep
|turn|4
|inactive|rodjilius has 30 seconds left.
|
|t:|1757790093
|move|p2a: Indeedee|Protect|p2a: Indeedee
|-singleturn|p2a: Indeedee|Protect
|move|p1a: Sneasler|Close Combat|p2a: Indeedee
|-activate|p2a: Indeedee|move: Protect
|move|p1b: Whimsicott|Moonblast|p2b: Corviknight
|-resisted|p2b: Corviknight
|-damage|p2b: Corviknight|76/100
|move|p2b: Corviknight|Brave Bird|p1b: Whimsicott
|-supereffective|p1b: Whimsicott
|-damage|p1b: Whimsicott|0 fnt
|faint|p1b: Whimsicott
|-damage|p2b: Corviknight|50/100|[from] Recoil
|
|-weather|SunnyDay|[upkeep]
|-sideend|p1: rodjilius|move: Tailwind
|upkeep
|
|t:|1757790095
|switch|p1b: Typhlosion|Typhlosion-Hisui, L50, F|100/100
|turn|5
|inactive|JackRG1 has 30 seconds left.
|
|t:|1757790128
|switch|p2a: Tyranitar|Tyranitar, L50, F|100/100
|-weather|Sandstorm|[from] ability: Sand Stream|[of] p2a: Tyranitar
|-terastallize|p1b: Typhlosion|Fire
|-terastallize|p2b: Corviknight|Dark
|move|p1a: Sneasler|Close Combat|p2a: Tyranitar
|-supereffective|p2a: Tyranitar
|-damage|p2a: Tyranitar|0 fnt
|-unboost|p1a: Sneasler|def|1
|-unboost|p1a: Sneasler|spd|1
|faint|p2a: Tyranitar
|move|p1b: Typhlosion|Eruption|p2b: Corviknight
|-damage|p2b: Corviknight|0 fnt
|faint|p2b: Corviknight
|
|-weather|Sandstorm|[upkeep]
|-damage|p1a: Sneasler|9/100|[from] Sandstorm
|-damage|p1b: Typhlosion|94/100|[from] Sandstorm
|-fieldend|move: Psychic Terrain
|upkeep
|-message|JackRG1 forfeited.
|
|win|rodjilius
|l|☆JackRG1
|player|p2|
||JackRG1 is ready for game 2.
|inactive|rodjilius has 30 seconds to confirm battle start!
||rodjilius is ready for game 2.
|uhtml|next|Next: Game 2 of 3
|l|☆rodjilius
|player|p1|
