|j|☆buggybrain
|j|☆CrystalGem02
|html|buggybrainCrystalGem02    
|uhtml|bestof|Game 2 of a best-of-3
|t:|1756749217
|gametype|doubles
|player|p1|buggybrain|hiker-gen4|1223
|player|p2|CrystalGem02|valerie|1334
|gen|9
|tier|[Gen 9] VGC 2025 Reg H (Bo3)
|rated|
|rule|Species Clause: Limit one of each Pokémon
|rule|Item Clause: Limit 1 of each item
|clearpoke
|poke|p1|Sneasler, L50, F|
|poke|p1|Dragapult, L50, F|
|poke|p1|Primarina, L50, F|
|poke|p1|Rillaboom, L50, F|
|poke|p1|Kingambit, L50, M|
|poke|p1|Magmar, L50, F|
|poke|p2|Toedscruel, L50, F|
|poke|p2|Weezing-Galar, L50, F|
|poke|p2|Corviknight, L50, F|
|poke|p2|Pawmot, L50, F|
|poke|p2|Garchomp, L50, F|
|poke|p2|Typhlosion-Hisui, L50, M|
|teampreview|4
|showteam|p1|Sneasler||FocusSash|PoisonTouch|CloseCombat,DireClaw,FakeOut,Protect|||F|||50|,,,,,Stellar]Dragapult||ChoiceBand|ClearBody|DragonDarts,TeraBlast,PhantomForce,Uturn|||F|||50|,,,,,Ghost]Primarina||SitrusBerry|LiquidVoice|HyperVoice,Moonblast,Haze,Protect|||F|||50|,,,,,Water]Rillaboom||AssaultVest|GrassySurge|WoodHammer,GrassyGlide,HighHorsepower,FakeOut|||F|||50|,,,,,Fire]Kingambit||BlackGlasses|Defiant|KowtowCleave,SuckerPunch,SwordsDance,Protect|||M|||50|,,,,,Ghost]Magmar||Eviolite|VitalSpirit|Overheat,WillOWisp,FollowMe,Protect|||F|||50|,,,,,Ghost
|showteam|p2|Toedscruel||CovertCloak|MyceliumMight|EarthPower,AcidSpray,Spore,RagePowder|||F|||50|,,,,,Water]Weezing-Galar||ChoiceSpecs|NeutralizingGas|SludgeBomb,StrangeSteam,DazzlingGleam,Flamethrower|||F|||50|,,,,,Fire]Corviknight||SitrusBerry|MirrorArmor|BraveBird,Tailwind,Roost,Protect|||F|||50|,,,,,Dragon]Pawmot||FocusSash|NaturalCure|CloseCombat,DoubleShock,FakeOut,Protect|||F|||50|,,,,,Electric]Garchomp||LifeOrb|RoughSkin|DragonClaw,StompingTantrum,Earthquake,Protect|||F|||50|,,,,,Ground]Typhlosion-Hisui||ChoiceScarf|Blaze|Eruption,HeatWave,ShadowBall,SleepTalk|||M|||50|,,,,,Fire
|inactive|Battle timer is ON: inactive players will automatically lose when time's up. (requested by CrystalGem02)
|
|t:|1756749243
|teamsize|p1|4
|teamsize|p2|4
|start
|switch|p1a: Sneasler|Sneasler, L50, F|100/100
|switch|p1b: Kingambit|Kingambit, L50, M|100/100
|switch|p2a: Toedscruel|Toedscruel, L50, F|100/100
|switch|p2b: Weezing|Weezing-Galar, L50, F|100/100
|-ability|p2b: Weezing|Neutralizing Gas
|turn|1
|
|t:|1756749256
|switch|p2a: Typhlosion|Typhlosion-Hisui, L50, M|100/100
|-terastallize|p1a: Sneasler|Stellar
|move|p1a: Sneasler|Close Combat|p2a: Typhlosion
|-immune|p2a: Typhlosion
|move|p2b: Weezing|Dazzling Gleam|p1a: Sneasler|[spread] p1a,p1b
|-damage|p1a: Sneasler|53/100
|-damage|p1b: Kingambit|67/100
|move|p1b: Kingambit|Kowtow Cleave|p2a: Typhlosion
|-supereffective|p2a: Typhlosion
|-damage|p2a: Typhlosion|0 fnt
|faint|p2a: Typhlosion
|
|upkeep
|
|t:|1756749267
|switch|p2a: Pawmot|Pawmot, L50, F|100/100
|turn|2
|
|t:|1756749281
|move|p1a: Sneasler|Protect|p1a: Sneasler
|-singleturn|p1a: Sneasler|Protect
|move|p2a: Pawmot|Protect|p2a: Pawmot
|-singleturn|p2a: Pawmot|Protect
|move|p1b: Kingambit|Protect|p1b: Kingambit
|-singleturn|p1b: Kingambit|Protect
|move|p2b: Weezing|Dazzling Gleam|p1a: Sneasler|[spread] 
|-activate|p1a: Sneasler|move: Protect
|-activate|p1b: Kingambit|move: Protect
|
|upkeep
|turn|3
|
|t:|1756749304
|switch|p2a: Toedscruel|Toedscruel, L50, F|100/100
|move|p1b: Kingambit|Sucker Punch||[still]
|-fail|p1b: Kingambit
|move|p1a: Sneasler|Dire Claw|p2a: Toedscruel
|-damage|p2a: Toedscruel|35/100
|move|p2b: Weezing|Dazzling Gleam|p1b: Kingambit|[spread] p1a,p1b
|-damage|p1a: Sneasler|6/100
|-damage|p1b: Kingambit|33/100
|
|upkeep
|turn|4
|inactive|buggybrain has 30 seconds left.
|
|t:|1756749332
|switch|p1b: Magmar|Magmar, L50, F|100/100
|move|p1a: Sneasler|Close Combat|p2a: Toedscruel
|-damage|p2a: Toedscruel|0 fnt
|-unboost|p1a: Sneasler|def|1
|-unboost|p1a: Sneasler|spd|1
|faint|p2a: Toedscruel
|move|p2b: Weezing|Dazzling Gleam|p1b: Magmar|[spread] p1a,p1b
|-resisted|p1b: Magmar
|-crit|p1b: Magmar
|-damage|p1a: Sneasler|0 fnt
|-damage|p1b: Magmar|79/100
|faint|p1a: Sneasler
|
|upkeep
|
|t:|1756749353
|switch|p1a: Kingambit|Kingambit, L50, M|33/100
|switch|p2a: Pawmot|Pawmot, L50, F|100/100
|turn|5
|inactive|buggybrain has 30 seconds left.
|
|t:|1756749383
|move|p1b: Magmar|Protect|p1b: Magmar
|-singleturn|p1b: Magmar|Protect
|move|p2a: Pawmot|Fake Out|p1b: Magmar
|-activate|p1b: Magmar|move: Protect
|move|p1a: Kingambit|Sucker Punch||[still]
|-fail|p1a: Kingambit
|move|p2b: Weezing|Dazzling Gleam|p1b: Magmar|[spread] p1a
|-activate|p1b: Magmar|move: Protect
|-damage|p1a: Kingambit|0 fnt
|faint|p1a: Kingambit
|
|upkeep
|
|t:|1756749390
|switch|p1a: Rillaboom|Rillaboom, L50, F|100/100
|turn|6
|inactive|buggybrain has 30 seconds left.
|inactive|buggybrain has 20 seconds left.
|
|t:|1756749428
|-terastallize|p2a: Pawmot|Electric
|move|p1b: Magmar|Protect||[still]
|-fail|p1b: Magmar
|move|p2a: Pawmot|Double Shock|p1b: Magmar
|-damage|p1b: Magmar|21/100
|-start|p2a: Pawmot|typechange|Electric|[from] move: Double Shock
|move|p1a: Rillaboom|High Horsepower|p2b: Weezing
|-supereffective|p2b: Weezing
|-damage|p2b: Weezing|39/100
|move|p2b: Weezing|Dazzling Gleam|p1a: Rillaboom|[spread] p1a,p1b
|-resisted|p1b: Magmar
|-damage|p1a: Rillaboom|73/100
|-damage|p1b: Magmar|7/100
|
|upkeep
|turn|7
|inactive|buggybrain has 30 seconds left.
|inactive|buggybrain has 20 seconds left.
|inactive|buggybrain has 15 seconds left.
|inactive|buggybrain has 10 seconds left.
|
|t:|1756749476
|move|p1b: Magmar|Protect|p1b: Magmar
|-singleturn|p1b: Magmar|Protect
|move|p2a: Pawmot|Close Combat|p1a: Rillaboom
|-damage|p1a: Rillaboom|15/100
|-unboost|p2a: Pawmot|def|1
|-unboost|p2a: Pawmot|spd|1
|move|p1a: Rillaboom|High Horsepower|p2b: Weezing
|-supereffective|p2b: Weezing
|-damage|p2b: Weezing|0 fnt
|faint|p2b: Weezing
|-end|p2b: Weezing|ability: Neutralizing Gas
|-fieldstart|move: Grassy Terrain|[from] ability: Grassy Surge|[of] p1a: Rillaboom
|
|-heal|p1b: Magmar|13/100|[from] Grassy Terrain
|-heal|p1a: Rillaboom|21/100|[from] Grassy Terrain
|upkeep
|turn|8
|
|t:|1756749497
|move|p2a: Pawmot|Protect|p2a: Pawmot
|-singleturn|p2a: Pawmot|Protect
|move|p1b: Magmar|Follow Me|p1b: Magmar
|-singleturn|p1b: Magmar|move: Follow Me
|move|p1a: Rillaboom|High Horsepower|p2a: Pawmot
|-activate|p2a: Pawmot|move: Protect
|
|-heal|p1b: Magmar|19/100|[from] Grassy Terrain
|-heal|p1a: Rillaboom|27/100|[from] Grassy Terrain
|upkeep
|turn|9
|
|t:|1756749504
|move|p1b: Magmar|Follow Me|p1b: Magmar
|-singleturn|p1b: Magmar|move: Follow Me
|move|p1a: Rillaboom|Grassy Glide|p2a: Pawmot
|-damage|p2a: Pawmot|5/100
|move|p2a: Pawmot|Close Combat|p1b: Magmar
|-damage|p1b: Magmar|0 fnt
|-unboost|p2a: Pawmot|def|1
|-unboost|p2a: Pawmot|spd|1
|faint|p1b: Magmar
|
|-heal|p2a: Pawmot|11/100|[from] Grassy Terrain
|-heal|p1a: Rillaboom|33/100|[from] Grassy Terrain
|upkeep
|turn|10
|
|t:|1756749516
|move|p2a: Pawmot|Protect|p2a: Pawmot
|-singleturn|p2a: Pawmot|Protect
|move|p1a: Rillaboom|Grassy Glide|p2a: Pawmot
|-activate|p2a: Pawmot|move: Protect
|
|-heal|p2a: Pawmot|18/100|[from] Grassy Terrain
|-heal|p1a: Rillaboom|39/100|[from] Grassy Terrain
|upkeep
|turn|11
|
|t:|1756749523
|move|p2a: Pawmot|Protect|p2a: Pawmot
|-singleturn|p2a: Pawmot|Protect
|move|p1a: Rillaboom|Grassy Glide|p2a: Pawmot
|-activate|p2a: Pawmot|move: Protect
|
|-heal|p2a: Pawmot|24/100|[from] Grassy Terrain
|-heal|p1a: Rillaboom|45/100|[from] Grassy Terrain
|-fieldend|move: Grassy Terrain
|upkeep
|turn|12
|
|t:|1756749526
|move|p2a: Pawmot|Close Combat|p1a: Rillaboom
|-damage|p1a: Rillaboom|0 fnt
|-unboost|p2a: Pawmot|def|1
|-unboost|p2a: Pawmot|spd|1
|faint|p1a: Rillaboom
|
|win|CrystalGem02
