|j|☆Como Se Dice Ben
|j|☆ApolloLou
|html|Como Se Dice BenApolloLou    
|uhtml|bestof|Game 1 of a best-of-3
|t:|1756752906
|gametype|doubles
|player|p1|Como Se Dice Ben|toddsnap2|
|player|p2|ApolloLou|birch|
|gen|9
|tier|[Gen 9] VGC 2025 Reg H (Bo3)
|rule|Species Clause: Limit one of each Pokémon
|rule|Item Clause: Limit 1 of each item
|clearpoke
|poke|p1|Weezing-Galar, L50, F|
|poke|p1|Toedscruel, L50, M|
|poke|p1|Annihilape, L50, M|
|poke|p1|Typhlosion-Hisui, L50, M|
|poke|p1|Corviknight, L50, F|
|poke|p1|Baxcalibur, L50, M|
|poke|p2|Sneasler, L50, F|
|poke|p2|Indeedee, L50, M|
|poke|p2|Annihilape, L50, M|
|poke|p2|Electabuzz, L50, M|
|poke|p2|Armarouge, L50, M|
|poke|p2|Ursaluna, L50, F|
|teampreview|4
|showteam|p1|Weezing-Galar||ChoiceSpecs|NeutralizingGas|DazzlingGleam,SludgeBomb,StrangeSteam,Flamethrower|||F|||50|,,,,,Flying]Toedscruel||CovertCloak|MyceliumMight|Spore,EarthPower,AcidSpray,BulletSeed|||M|||50|,,,,,Water]Annihilape||AssaultVest|Defiant|RageFist,DrainPunch,CloseCombat,FinalGambit|||M|||50|,,,,,Grass]Typhlosion-Hisui||ChoiceScarf|Frisk|Eruption,HeatWave,Overheat,InfernalParade|||M|||50|,,,,,Fire]Corviknight||SitrusBerry|MirrorArmor|BraveBird,Tailwind,Roost,Protect|||F|||50|,,,,,Dragon]Baxcalibur||LifeOrb|ThermalExchange|GlaiveRush,IcicleCrash,IceShard,Protect|||M|||50|,,,,,Water
|showteam|p2|Sneasler||PsychicSeed|Unburden|DireClaw,Protect,ThroatChop,CloseCombat|||F|||50|,,,,,Dark]Indeedee||FocusSash|PsychicSurge|ExpandingForce,TrickRoom,TeraBlast,Protect|||M|||50|,,,,,Ground]Annihilape||SitrusBerry|Defiant|RageFist,DrainPunch,BulkUp,Protect|||M|||50|,,,,,Steel]Electabuzz||Eviolite|VitalSpirit|FollowMe,Electroweb,Protect,Taunt|||M|||50|,,,,,Fairy]Armarouge||CovertCloak|FlashFire|ExpandingForce,WideGuard,Flamethrower,TeraBlast|||M|||50|,,,,,Grass]Ursaluna||FlameOrb|Guts|Facade,HeadlongRush,Earthquake,Protect|||F|||50|,,,,,Normal
|c|☆Como Se Dice Ben|lfg
|c|☆Como Se Dice Ben|glhf
|
|t:|1756752972
|teamsize|p1|4
|teamsize|p2|4
|start
|switch|p1a: Weezing|Weezing-Galar, L50, F|100/100
|switch|p1b: Typhlosion|Typhlosion-Hisui, L50, M, shiny|100/100
|switch|p2a: Electabuzz|Electabuzz, L50, M|100/100
|switch|p2b: Indeedee|Indeedee, L50, M|100/100
|-ability|p1a: Weezing|Neutralizing Gas
|turn|1
|
|t:|1756753009
|-terastallize|p1a: Weezing|Flying
|move|p2b: Indeedee|Protect|p2b: Indeedee
|-singleturn|p2b: Indeedee|Protect
|move|p1b: Typhlosion|Eruption|p2a: Electabuzz|[spread] p2a
|-activate|p2b: Indeedee|move: Protect
|-damage|p2a: Electabuzz|51/100
|move|p2a: Electabuzz|Electroweb|p1a: Weezing|[spread] p1b
|-miss|p2a: Electabuzz|p1a: Weezing
|-damage|p1b: Typhlosion|82/100
|-unboost|p1b: Typhlosion|spe|1
|move|p1a: Weezing|Dazzling Gleam|p2a: Electabuzz|[spread] p2a
|-activate|p2b: Indeedee|move: Protect
|-damage|p2a: Electabuzz|22/100
|
|upkeep
|turn|2
|
|t:|1756753042
|-terastallize|p2b: Indeedee|Ground
|move|p2a: Electabuzz|Protect|p2a: Electabuzz
|-singleturn|p2a: Electabuzz|Protect
|move|p2b: Indeedee|Tera Blast|p1b: Typhlosion|[anim] Tera Blast Ground
|-supereffective|p1b: Typhlosion
|-damage|p1b: Typhlosion|0 fnt
|faint|p1b: Typhlosion
|move|p1a: Weezing|Dazzling Gleam|p2b: Indeedee|[spread] p2b
|-activate|p2a: Electabuzz|move: Protect
|-damage|p2b: Indeedee|49/100
|
|upkeep
|
|t:|1756753056
|switch|p1b: Corviknight|Corviknight, L50, F, shiny|100/100
|turn|3
|
|t:|1756753074
|move|p1b: Corviknight|Protect|p1b: Corviknight
|-singleturn|p1b: Corviknight|Protect
|move|p2a: Electabuzz|Electroweb|p1b: Corviknight|[spread] p1a
|-activate|p1b: Corviknight|move: Protect
|-supereffective|p1a: Weezing
|-damage|p1a: Weezing|59/100
|-unboost|p1a: Weezing|spe|1
|move|p2b: Indeedee|Expanding Force|p1a: Weezing
|-damage|p1a: Weezing|9/100
|move|p1a: Weezing|Dazzling Gleam|p2b: Indeedee|[spread] p2a,p2b
|-damage|p2a: Electabuzz|0 fnt
|-damage|p2b: Indeedee|0 fnt
|faint|p2a: Electabuzz
|faint|p2b: Indeedee
|
|upkeep
|
|t:|1756753087
|switch|p2a: Annihilape|Annihilape, L50, M|100/100
|switch|p2b: Sneasler|Sneasler, L50, F|100/100
|turn|4
|
|t:|1756753102
|move|p2b: Sneasler|Dire Claw|p1a: Weezing
|-damage|p1a: Weezing|0 fnt
|faint|p1a: Weezing
|-end|p1a: Weezing|ability: Neutralizing Gas
|move|p2a: Annihilape|Bulk Up|p2a: Annihilape
|-boost|p2a: Annihilape|atk|1
|-boost|p2a: Annihilape|def|1
|move|p1b: Corviknight|Tailwind|p1b: Corviknight
|-sidestart|p1: Como Se Dice Ben|move: Tailwind
|
|upkeep
|
|t:|1756753107
|switch|p1a: Annihilape|Annihilape, L50, M, shiny|100/100
|turn|5
|
|t:|1756753130
|move|p2b: Sneasler|Protect|p2b: Sneasler
|-singleturn|p2b: Sneasler|Protect
|move|p1a: Annihilape|Rage Fist|p2a: Annihilape
|-supereffective|p2a: Annihilape
|-damage|p2a: Annihilape|65/100
|move|p1b: Corviknight|Brave Bird|p2b: Sneasler
|-activate|p2b: Sneasler|move: Protect
|move|p2a: Annihilape|Drain Punch|p1b: Corviknight
|-damage|p1b: Corviknight|56/100
|-heal|p2a: Annihilape|88/100|[from] drain|[of] p1b: Corviknight
|
|upkeep
|turn|6
|
|t:|1756753159
|move|p1a: Annihilape|Rage Fist|p2b: Sneasler
|-damage|p2b: Sneasler|64/100
|move|p1b: Corviknight|Brave Bird|p2b: Sneasler
|-supereffective|p2b: Sneasler
|-damage|p2b: Sneasler|0 fnt
|faint|p2b: Sneasler
|-damage|p1b: Corviknight|40/100|[from] Recoil
|-enditem|p1b: Corviknight|Sitrus Berry|[eat]
|-heal|p1b: Corviknight|65/100|[from] item: Sitrus Berry
|move|p2a: Annihilape|Rage Fist|p1a: Annihilape
|-supereffective|p1a: Annihilape
|-damage|p1a: Annihilape|0 fnt
|faint|p1a: Annihilape
|
|upkeep
|turn|7
|
|t:|1756753183
|move|p2a: Annihilape|Protect|p2a: Annihilape
|-singleturn|p2a: Annihilape|Protect
|move|p1b: Corviknight|Roost|p1b: Corviknight
|-heal|p1b: Corviknight|100/100
|-singleturn|p1b: Corviknight|move: Roost
|
|-sideend|p1: Como Se Dice Ben|move: Tailwind
|upkeep
|turn|8
|
|t:|1756753188
|move|p2a: Annihilape|Bulk Up|p2a: Annihilape
|-boost|p2a: Annihilape|atk|1
|-boost|p2a: Annihilape|def|1
|move|p1b: Corviknight|Tailwind|p1b: Corviknight
|-sidestart|p1: Como Se Dice Ben|move: Tailwind
|
|upkeep
|turn|9
|
|t:|1756753194
|move|p1b: Corviknight|Brave Bird|p2a: Annihilape
|-supereffective|p2a: Annihilape
|-damage|p2a: Annihilape|43/100
|-enditem|p2a: Annihilape|Sitrus Berry|[eat]
|-heal|p2a: Annihilape|68/100|[from] item: Sitrus Berry
|-damage|p1b: Corviknight|86/100|[from] Recoil
|move|p2a: Annihilape|Drain Punch|p1b: Corviknight
|-damage|p1b: Corviknight|24/100
|-heal|p2a: Annihilape|99/100|[from] drain|[of] p1b: Corviknight
|
|upkeep
|turn|10
|
|t:|1756753201
|move|p1b: Corviknight|Brave Bird|p2a: Annihilape
|-supereffective|p2a: Annihilape
|-crit|p2a: Annihilape
|-damage|p2a: Annihilape|0 fnt
|faint|p2a: Annihilape
|-damage|p1b: Corviknight|0 fnt|[from] Recoil
|faint|p1b: Corviknight
|
|win|Como Se Dice Ben
|c|☆Como Se Dice Ben|lol
||Como Se Dice Ben is ready for game 2.
|inactive|ApolloLou has 30 seconds to confirm battle start!
||ApolloLou is ready for game 2.
|uhtml|next|Next: Game 2 of 3
|l|☆ApolloLou
|player|p2|
|j|☆ApolloLou
|player|p2|ApolloLou|birch|
|l|☆ApolloLou
|player|p2|
