|j|‽foursevensixone
|j|☆Lorido
|html|foursevensixoneLorido    
|uhtml|bestof|Game 1 of a best-of-3
|t:|1784697749
|gametype|doubles
|player|p1|foursevensixone|265|1077
|player|p2|Lorido|101|1186
|gen|9
|tier|[Gen 9 Champions] VGC 2026 Reg M-B (Bo3)
|rated|
|rule|Species Clause: Limit one of each Pokémon
|rule|Item Clause: Limit 1 of each item
|clearpoke
|poke|p1|Pyroar, L50, M|
|poke|p1|Whimsicott, L50, F|
|poke|p1|Vileplume, L50, F|
|poke|p1|Charizard, L50, F|
|poke|p1|Kleavor, L50, M|
|poke|p1|Garchomp, L50, M|
|poke|p2|Aerodactyl, L50, F|
|poke|p2|Kingambit, L50, F|
|poke|p2|Sylveon, L50, F|
|poke|p2|Charizard, L50, F|
|poke|p2|Garchomp, L50, M|
|poke|p2|Farigiraf, L50, M|
|teampreview|4
|showteam|p1|Pyroar||Pyroarite|Unnerve|HeatWave,Protect,HyperVoice,Flamethrower|Timid||M|||50|]Whimsicott||FocusSash|Prankster|Tailwind,Taunt,Moonblast,SunnyDay|Bold||F|||50|]Vileplume||SitrusBerry|Chlorophyll|SolarBeam,SleepPowder,WeatherBall,SludgeBomb|Timid||F|||50|]Charizard||CharizarditeY|SolarPower|HeatWave,SolarBeam,AirSlash,Hurricane|Modest||F|||50|]Kleavor||ExpertBelt|Sharpness|RockSlide,StoneAxe,Uturn,XScissor|Adamant||M|||50|]Garchomp||MentalHerb|RoughSkin|DragonClaw,StompingTantrum,Protect,DragonTail|Serious||M|||50|
|showteam|p2|Aerodactyl||Aerodactylite|Unnerve|RockSlide,DualWingbeat,IceFang,Tailwind|Jolly||F|||50|]Kingambit||BlackGlasses|Defiant|KowtowCleave,IronHead,SuckerPunch,LowKick|Jolly||F|||50|]Sylveon||FairyFeather|Pixilate|HyperVoice,QuickAttack,HyperBeam,Detect|Modest||F|||50|]Charizard||CharizarditeY|Blaze|HeatWave,WeatherBall,SolarBeam,Protect|Modest||F|||50|]Garchomp||LifeOrb|RoughSkin|DragonClaw,Earthquake,RockSlide,Protect|Jolly||M|||50|]Farigiraf||SitrusBerry|ArmorTail|TwinBeam,Thunderbolt,TrickRoom,HelpingHand|Relaxed||M|||50|
|inactive|Battle timer is ON: inactive players will automatically lose when time's up. (requested by Lorido)
|inactive|Lorido has 60 seconds left.
|inactive|Lorido has 30 seconds left.
|inactive|Lorido has 20 seconds left.
|inactive|Lorido has 15 seconds left.
|
|t:|1784697827
|teamsize|p1|4
|teamsize|p2|4
|start
|switch|p1a: Kleavor|Kleavor, L50, M|100/100
|switch|p1b: Whimsicott|Whimsicott, L50, F|100/100
|switch|p2a: Farigiraf|Farigiraf, L50, M|100/100
|switch|p2b: Garchomp|Garchomp, L50, M|100/100
|turn|1
|inactive|Lorido has 30 seconds left.
|inactive|Lorido has 20 seconds left.
|inactive|Lorido has 15 seconds left.
|
|t:|1784697870
|move|p2a: Farigiraf|Helping Hand|p2b: Garchomp
|-singleturn|p2b: Garchomp|Helping Hand|[of] p2a: Farigiraf
|move|p1b: Whimsicott|Tailwind|p1b: Whimsicott
|-sidestart|p1: foursevensixone|move: Tailwind
|move|p1a: Kleavor|X-Scissor|p2a: Farigiraf
|-supereffective|p2a: Farigiraf|1
|-damage|p2a: Farigiraf|0 fnt
|faint|p2a: Farigiraf
|move|p2b: Garchomp|Rock Slide|p1b: Whimsicott|[spread] p1a,p1b
|-supereffective|p1a: Kleavor|1
|-damage|p1a: Kleavor|16/100
|-damage|p1b: Whimsicott|65/100
|-damage|p2b: Garchomp|90/100|[from] item: Life Orb
|
|upkeep
|
|t:|1784697883
|switch|p2a: Kingambit|Kingambit, L50, F|100/100
|turn|2
|
|t:|1784697899
|switch|p1a: Garchomp|Garchomp, L50, M|100/100
|move|p2b: Garchomp|Protect|p2b: Garchomp
|-singleturn|p2b: Garchomp|Protect
|move|p1b: Whimsicott|Moonblast|p2b: Garchomp
|-activate|p2b: Garchomp|move: Protect
|move|p2a: Kingambit|Iron Head|p1b: Whimsicott
|-supereffective|p1b: Whimsicott|1
|-damage|p1b: Whimsicott|0 fnt
|faint|p1b: Whimsicott
|
|upkeep
|
|t:|1784697906
|switch|p1b: Pyroar|Pyroar, L50, M|100/100
|-ability|p1b: Pyroar|Unnerve
|turn|3
|inactive|Lorido has 30 seconds left.
|inactive|Lorido has 20 seconds left.
|
|t:|1784697945
|switch|p2b: Charizard|Charizard, L50, F|100/100
|detailschange|p1b: Pyroar|Pyroar-Mega, L50, M
|-mega|p1b: Pyroar|Pyroar|Pyroarite
|move|p2a: Kingambit|Sucker Punch|p1a: Garchomp
|-damage|p1a: Garchomp|69/100
|-damage|p2a: Kingambit|87/100|[from] ability: Rough Skin|[of] p1a: Garchomp
|move|p1b: Pyroar|Heat Wave|p2a: Kingambit|[spread] p2a,p2b
|-supereffective|p2a: Kingambit|1
|-resisted|p2b: Charizard|1
|-damage|p2a: Kingambit|0 fnt
|-damage|p2b: Charizard|67/100
|faint|p2a: Kingambit
|move|p1a: Garchomp|Dragon Claw|p2b: Charizard
|-crit|p2b: Charizard
|-damage|p2b: Charizard|12/100
|
|upkeep
|
|t:|1784697959
|switch|p2a: Garchomp|Garchomp, L50, M|90/100
|turn|4
|
|t:|1784697967
|move|p2a: Garchomp|Protect|p2a: Garchomp
|-singleturn|p2a: Garchomp|Protect
|move|p2b: Charizard|Protect|p2b: Charizard
|-singleturn|p2b: Charizard|Protect
|move|p1b: Pyroar|Hyper Voice|p2b: Charizard|[spread] 
|-activate|p2a: Garchomp|move: Protect
|-activate|p2b: Charizard|move: Protect
|move|p1a: Garchomp|Dragon Claw|p2a: Garchomp
|-activate|p2a: Garchomp|move: Protect
|
|-sideend|p1: foursevensixone|move: Tailwind
|upkeep
|turn|5
|inactive|Lorido has 30 seconds left.
|
|t:|1784697996
|detailschange|p2b: Charizard|Charizard-Mega-Y, L50, F
|-mega|p2b: Charizard|Charizard|Charizardite Y
|-weather|SunnyDay|[from] ability: Drought|[of] p2b: Charizard
|move|p1b: Pyroar|Hyper Voice|p2a: Garchomp|[spread] p2a,p2b
|-damage|p2a: Garchomp|54/100
|-damage|p2b: Charizard|0 fnt
|faint|p2b: Charizard
|move|p2a: Garchomp|Earthquake|p1b: Pyroar|[spread] p1a,p1b
|-supereffective|p1b: Pyroar|1
|-damage|p1a: Garchomp|36/100
|-damage|p1b: Pyroar|0 fnt
|faint|p1b: Pyroar
|-damage|p2a: Garchomp|44/100|[from] item: Life Orb
|move|p1a: Garchomp|Dragon Claw|p2a: Garchomp
|-supereffective|p2a: Garchomp|1
|-crit|p2a: Garchomp
|-damage|p2a: Garchomp|0 fnt
|-damage|p1a: Garchomp|24/100|[from] ability: Rough Skin|[of] p2a: Garchomp
|faint|p2a: Garchomp
|
|win|foursevensixone
