|j|☆gkeveee17
|j|☆thatonecanto
|html|gkeveee17thatonecanto    
|uhtml|bestof|Game 1 of a best-of-3
|t:|1782439815
|gametype|doubles
|player|p1|gkeveee17|2|1201
|player|p2|thatonecanto|hugh|1077
|gen|9
|tier|[Gen 9 Champions] VGC 2026 Reg M-B (Bo3)
|rated|
|rule|Species Clause: Limit one of each Pokémon
|rule|Item Clause: Limit 1 of each item
|clearpoke
|poke|p1|Scrafty, L50, M|
|poke|p1|Glimmora, L50, M|
|poke|p1|Torkoal, L50, M|
|poke|p1|Farigiraf, L50, M|
|poke|p1|Sinistcha, L50|
|poke|p1|Rotom-Wash, L50|
|poke|p2|Camerupt, L50, M|
|poke|p2|Kingambit, L50, M|
|poke|p2|Hatterene, L50, F|
|poke|p2|Gallade, L50, M|
|poke|p2|Grimmsnarl, L50, M|
|poke|p2|Farigiraf, L50, M|
|teampreview|4
|showteam|p1|Scrafty||Scraftinite|Intimidate|DrainPunch,KnockOff,FakeOut,Protect|Adamant||M|||50|]Glimmora||FocusSash|ToxicDebris|SludgeBomb,PowerGem,EarthPower,SpikyShield|Modest||M|||50|]Torkoal||Charcoal|Drought|Eruption,WeatherBall,EarthPower,HelpingHand|Quiet||M|||50|]Farigiraf||Leftovers|ArmorTail|TwinBeam,HyperVoice,TrickRoom,HelpingHand|Modest||M|||50|]Sinistcha||ColburBerry|Hospitality|MatchaGotcha,LifeDew,RagePowder,TrickRoom|Bold|||||50|]Rotom-Wash||SitrusBerry|Levitate|Thunderbolt,VoltSwitch,EerieImpulse,HydroPump|Calm|||||50|
|showteam|p2|Camerupt||Cameruptite|SolidRock|EarthPower,AncientPower,HeatWave,Protect|Quiet||M|||50|]Kingambit||BlackGlasses|Defiant|KowtowCleave,SuckerPunch,IronHead,Protect|Adamant||M|||50|]Hatterene||LifeOrb|MagicBounce|TrickRoom,DazzlingGleam,Psychic,Protect|Quiet||F|||50|]Gallade||FocusSash|Sharpness|TrickRoom,SacredSword,LeafBlade,Protect|Brave||M|||50|]Grimmsnarl||LightClay|Prankster|FakeOut,Reflect,LightScreen,SpiritBreak|Impish||M|||50|]Farigiraf||ColburBerry|ArmorTail|Psychic,TrickRoom,HelpingHand,Protect|Relaxed||M|||50|
|inactive|Battle timer is ON: inactive players will automatically lose when time's up. (requested by gkeveee17)
|inactive|thatonecanto has 60 seconds left.
|
|t:|1782439872
|teamsize|p1|4
|teamsize|p2|4
|start
|switch|p1a: Torkoal|Torkoal, L50, M|100/100
|switch|p1b: Farigiraf|Farigiraf, L50, M|100/100
|switch|p2a: Gallade|Gallade, L50, M|100/100
|switch|p2b: Kingambit|Kingambit, L50, M|100/100
|-weather|SunnyDay|[from] ability: Drought|[of] p1a: Torkoal
|turn|1
|inactive|gkeveee17 has 30 seconds left.
|
|t:|1782439900
|move|p1b: Farigiraf|Helping Hand|p1a: Torkoal
|-singleturn|p1a: Torkoal|Helping Hand|[of] p1b: Farigiraf
|move|p2a: Gallade|Sacred Sword|p1a: Torkoal
|-damage|p1a: Torkoal|40/100
|move|p2b: Kingambit|Kowtow Cleave|p1a: Torkoal
|-damage|p1a: Torkoal|0 fnt
|faint|p1a: Torkoal
|
|-weather|SunnyDay|[upkeep]
|upkeep
|
|t:|1782439909
|switch|p1a: Glimmora|Glimmora, L50, M|100/100
|turn|2
|inactive|thatonecanto has 30 seconds left.
|
|t:|1782439935
|move|p1a: Glimmora|Spiky Shield|p1a: Glimmora
|-singleturn|p1a: Glimmora|move: Protect
|move|p2a: Gallade|Protect|p2a: Gallade
|-singleturn|p2a: Gallade|Protect
|move|p2b: Kingambit|Iron Head|p1a: Glimmora
|-activate|p1a: Glimmora|move: Protect
|-damage|p2b: Kingambit|87/100|[from] Spiky Shield|[of] p1a: Glimmora
|move|p1b: Farigiraf|Trick Room|p1b: Farigiraf
|-fieldstart|move: Trick Room|[of] p1b: Farigiraf
|
|-weather|SunnyDay|[upkeep]
|upkeep
|turn|3
|
|t:|1782439954
|move|p2b: Kingambit|Iron Head|p1a: Glimmora
|-supereffective|p1a: Glimmora|1
|-enditem|p1a: Glimmora|Focus Sash
|-damage|p1a: Glimmora|1/100
|-activate|p1a: Glimmora|ability: Toxic Debris
|-sidestart|p2: thatonecanto|move: Toxic Spikes
|move|p1b: Farigiraf|Twin Beam|p2a: Gallade
|-damage|p2a: Gallade|84/100
|-crit|p2a: Gallade
|-damage|p2a: Gallade|56/100
|-hitcount|p2a: Gallade|2
|move|p2a: Gallade|Sacred Sword|p1a: Glimmora
|-damage|p1a: Glimmora|0 fnt
|-activate|p1a: Glimmora|ability: Toxic Debris
|-sidestart|p2: thatonecanto|move: Toxic Spikes
|faint|p1a: Glimmora
|
|-weather|SunnyDay|[upkeep]
|upkeep
|
|t:|1782439967
|switch|p1a: Scrafty|Scrafty, L50, M|100/100
|-ability|p1a: Scrafty|Intimidate|boost
|-unboost|p2a: Gallade|atk|1
|-unboost|p2b: Kingambit|atk|1
|-ability|p2b: Kingambit|Defiant|boost
|-boost|p2b: Kingambit|atk|2
|turn|4
|
|t:|1782439987
|switch|p2a: Hatterene|Hatterene, L50, F|100/100
|-status|p2a: Hatterene|tox
|detailschange|p1a: Scrafty|Scrafty-Mega, L50, M
|-mega|p1a: Scrafty|Scrafty|Scraftinite
|-ability|p1a: Scrafty|Intimidate|boost
|-unboost|p2a: Hatterene|atk|1
|-unboost|p2b: Kingambit|atk|1
|-ability|p2b: Kingambit|Defiant|boost
|-boost|p2b: Kingambit|atk|2
|move|p1b: Farigiraf|Helping Hand|p1a: Scrafty
|-singleturn|p1a: Scrafty|Helping Hand|[of] p1b: Farigiraf
|move|p2b: Kingambit|Protect|p2b: Kingambit
|-singleturn|p2b: Kingambit|Protect
|move|p1a: Scrafty|Drain Punch|p2b: Kingambit
|-activate|p2b: Kingambit|move: Protect
|
|-weather|SunnyDay|[upkeep]
|-damage|p2a: Hatterene|93/100 tox|[from] psn
|upkeep
|turn|5
|
|t:|1782440003
|move|p1a: Scrafty|Protect|p1a: Scrafty
|-singleturn|p1a: Scrafty|Protect
|move|p2a: Hatterene|Dazzling Gleam|p1b: Farigiraf|[spread] p1b
|-activate|p1a: Scrafty|move: Protect
|-crit|p1b: Farigiraf
|-damage|p1b: Farigiraf|26/100
|-damage|p2a: Hatterene|84/100 tox|[from] item: Life Orb
|move|p2b: Kingambit|Kowtow Cleave|p1b: Farigiraf
|-supereffective|p1b: Farigiraf|1
|-damage|p1b: Farigiraf|0 fnt
|faint|p1b: Farigiraf
|
|-weather|none
|-damage|p2a: Hatterene|71/100 tox|[from] psn
|upkeep
|turn|6
|
|t:|1782440011
|move|p2a: Hatterene|Dazzling Gleam|p1a: Scrafty
|-supereffective|p1a: Scrafty|2
|-damage|p1a: Scrafty|0 fnt
|faint|p1a: Scrafty
|-damage|p2a: Hatterene|62/100 tox|[from] item: Life Orb
|
|win|thatonecanto
|l|☆gkeveee17
|player|p1|
|inactive|gkeveee17 has 30 seconds to confirm battle start!
|inactive|thatonecanto has 30 seconds to confirm battle start!
||thatonecanto is ready for game 2.
|inactive|gkeveee17 has 20 seconds to confirm battle start!
|inactive|gkeveee17 has 10 seconds to confirm battle start!
|uhtml|next|Next: Game 2 of 3
