|j|☆CometaMiedoso97
|j|☆MichaelderBeste2
|html|CometaMiedoso97MichaelderBeste2    
|uhtml|bestof|Game 2 of a best-of-3
|t:|1757625348
|gametype|doubles
|player|p1|CometaMiedoso97|101|1521
|player|p2|MichaelderBeste2|#michaelderbeste2|1494
|gen|9
|tier|[Gen 9] VGC 2025 Reg H (Bo3)
|rated|
|rule|Species Clause: Limit one of each Pokémon
|rule|Item Clause: Limit 1 of each item
|clearpoke
|poke|p1|Pelipper, L50, F|
|poke|p1|Archaludon, L50, M|
|poke|p1|Sinistcha, L50|
|poke|p1|Ursaluna, L50, M|
|poke|p1|Dragonite, L50, F|
|poke|p1|Basculegion, L50, M|
|poke|p2|Baxcalibur, L50, F|
|poke|p2|Sneasler, L50, M|
|poke|p2|Rillaboom, L50, M|
|poke|p2|Kingambit, L50, M|
|poke|p2|Magmar, L50, M|
|poke|p2|Dondozo, L50, M|
|teampreview|4
|showteam|p1|Pelipper||FocusSash|Drizzle|MuddyWater,Hurricane,Protect,Tailwind|||F|||50|,,,,,Ground]Archaludon||AssaultVest|Stamina|FlashCannon,BodyPress,ElectroShot,Snarl|||M|||50|,,,,,Fighting]Sinistcha||SitrusBerry|Hospitality|MatchaGotcha,LifeDew,RagePowder,TrickRoom||||||50|,,,,,Dark]Ursaluna||FlameOrb|Guts|Protect,Facade,HeadlongRush,Earthquake|||M|||50|,,,,,Ghost]Dragonite||LoadedDice|Multiscale|Protect,ScaleShot,Haze,Tailwind|||F|||50|,,,,,Fairy]Basculegion||ChoiceBand|SwiftSwim|WaveCrash,FlipTurn,LastRespects,AquaJet|||M|||50|,,,,,Water
|showteam|p2|Baxcalibur||LoadedDice|ThermalExchange|IcicleSpear,ScaleShot,IceShard,Protect|||F|||50|,,,,,Ghost]Sneasler||FocusSash|Unburden|CloseCombat,DireClaw,Coaching,Protect|||M|||50|,,,,,Ghost]Rillaboom||AssaultVest|GrassySurge|WoodHammer,GrassyGlide,HighHorsepower,FakeOut|||M|||50|,,,,,Water]Kingambit||BlackGlasses|Defiant|KowtowCleave,SuckerPunch,SwordsDance,Protect|||M|||50|,,,,,Dark]Magmar||Eviolite|VitalSpirit|Overheat,WillOWisp,FollowMe,Protect|||M|||50|,,,,,Fairy]Dondozo||Leftovers|Unaware|WaveCrash,Fissure,Yawn,Protect|||M|||50|,,,,,Poison
|
|t:|1757625363
|teamsize|p1|4
|teamsize|p2|4
|start
|switch|p1a: Pelipper|Pelipper, L50, F|100/100
|switch|p1b: Archaludon|Archaludon, L50, M|100/100
|switch|p2a: Sneasler|Sneasler, L50, M|100/100
|switch|p2b: Baxcalibur|Baxcalibur, L50, F|100/100
|-weather|RainDance|[from] ability: Drizzle|[of] p1a: Pelipper
|turn|1
|
|t:|1757625378
|-terastallize|p1b: Archaludon|Fighting
|move|p1a: Pelipper|Protect|p1a: Pelipper
|-singleturn|p1a: Pelipper|Protect
|move|p2a: Sneasler|Coaching|p2b: Baxcalibur
|-boost|p2b: Baxcalibur|atk|1
|-boost|p2b: Baxcalibur|def|1
|move|p2b: Baxcalibur|Icicle Spear|p1a: Pelipper
|-activate|p1a: Pelipper|move: Protect
|move|p1b: Archaludon|Electro Shot||[still]
|-prepare|p1b: Archaludon|Electro Shot
|-boost|p1b: Archaludon|spa|1
|-anim|p1b: Archaludon|Electro Shot|p2a: Sneasler
|-damage|p2a: Sneasler|30/100
|
|-weather|RainDance|[upkeep]
|upkeep
|turn|2
|
|t:|1757625386
|move|p2a: Sneasler|Dire Claw|p1b: Archaludon
|-damage|p1b: Archaludon|76/100
|-status|p1b: Archaludon|psn
|-ability|p1b: Archaludon|Stamina|boost
|-boost|p1b: Archaludon|def|1
|move|p2b: Baxcalibur|Icicle Spear|p1a: Pelipper
|-damage|p1a: Pelipper|75/100
|-crit|p1a: Pelipper
|-damage|p1a: Pelipper|33/100
|-damage|p1a: Pelipper|4/100
|-damage|p1a: Pelipper|0 fnt
|faint|p1a: Pelipper
|-hitcount|p1: Pelipper|4
|move|p1b: Archaludon|Flash Cannon|p2b: Baxcalibur
|-supereffective|p2b: Baxcalibur
|-damage|p2b: Baxcalibur|0 fnt
|faint|p2b: Baxcalibur
|
|-weather|RainDance|[upkeep]
|-damage|p1b: Archaludon|64/100 psn|[from] psn
|upkeep
|
|t:|1757625399
|switch|p2b: Dondozo|Dondozo, L50, M|100/100
|switch|p1a: Sinistcha|Sinistcha, L50|100/100
|-heal|p1b: Archaludon|89/100 psn|[from] ability: Hospitality|[of] p1a: Sinistcha
|turn|3
|
|t:|1757625410
|switch|p1a: Basculegion|Basculegion, L50, M|100/100
|move|p2a: Sneasler|Dire Claw|p1a: Basculegion
|-resisted|p1a: Basculegion
|-damage|p1a: Basculegion|78/100
|move|p1b: Archaludon|Electro Shot||[still]
|-prepare|p1b: Archaludon|Electro Shot
|-boost|p1b: Archaludon|spa|1
|-anim|p1b: Archaludon|Electro Shot|p2b: Dondozo
|-supereffective|p2b: Dondozo
|-damage|p2b: Dondozo|49/100
|move|p2b: Dondozo|Wave Crash|p1b: Archaludon
|-damage|p1b: Archaludon|50/100 psn
|-ability|p1b: Archaludon|Stamina|boost
|-boost|p1b: Archaludon|def|1
|-damage|p2b: Dondozo|39/100|[from] Recoil
|
|-weather|RainDance|[upkeep]
|-heal|p2b: Dondozo|45/100|[from] item: Leftovers
|-damage|p1b: Archaludon|38/100 psn|[from] psn
|upkeep
|turn|4
|
|t:|1757625431
|switch|p2b: Rillaboom|Rillaboom, L50, M|100/100
|-fieldstart|move: Grassy Terrain|[from] ability: Grassy Surge|[of] p2b: Rillaboom
|move|p2a: Sneasler|Protect|p2a: Sneasler
|-singleturn|p2a: Sneasler|Protect
|move|p1a: Basculegion|Flip Turn|p2a: Sneasler
|-activate|p2a: Sneasler|move: Protect
|move|p1b: Archaludon|Electro Shot||[still]
|-prepare|p1b: Archaludon|Electro Shot
|-boost|p1b: Archaludon|spa|1
|-anim|p1b: Archaludon|Electro Shot|p2b: Rillaboom
|-resisted|p2b: Rillaboom
|-damage|p2b: Rillaboom|67/100
|
|-weather|RainDance|[upkeep]
|-heal|p1a: Basculegion|84/100|[from] Grassy Terrain
|-heal|p2a: Sneasler|36/100|[from] Grassy Terrain
|-heal|p2b: Rillaboom|73/100|[from] Grassy Terrain
|-heal|p1b: Archaludon|44/100 psn|[from] Grassy Terrain
|-damage|p1b: Archaludon|32/100 psn|[from] psn
|upkeep
|turn|5
|
|t:|1757625452
|switch|p1a: Sinistcha|Sinistcha, L50|100/100
|-heal|p1b: Archaludon|57/100 psn|[from] ability: Hospitality|[of] p1a: Sinistcha
|move|p2a: Sneasler|Protect||[still]
|-fail|p2a: Sneasler
|move|p2b: Rillaboom|Wood Hammer|p1b: Archaludon
|-damage|p1b: Archaludon|33/100 psn
|-ability|p1b: Archaludon|Stamina|boost
|-boost|p1b: Archaludon|def|1
|-damage|p2b: Rillaboom|65/100|[from] Recoil
|move|p1b: Archaludon|Body Press|p2b: Rillaboom
|-damage|p2b: Rillaboom|0 fnt
|faint|p2b: Rillaboom
|
|-weather|none
|-heal|p2a: Sneasler|42/100|[from] Grassy Terrain
|-heal|p1b: Archaludon|39/100 psn|[from] Grassy Terrain
|-damage|p1b: Archaludon|27/100 psn|[from] psn
|upkeep
|
|t:|1757625457
|switch|p2b: Dondozo|Dondozo, L50, M|45/100
|turn|6
|
|t:|1757625475
|-terastallize|p2b: Dondozo|Poison
|move|p2a: Sneasler|Protect|p2a: Sneasler
|-singleturn|p2a: Sneasler|Protect
|move|p1b: Archaludon|Flash Cannon|p2a: Sneasler
|-activate|p2a: Sneasler|move: Protect
|move|p1a: Sinistcha|Matcha Gotcha|p2a: Sneasler|[spread] 
|-activate|p2a: Sneasler|move: Protect
|-miss|p1a: Sinistcha|p2b: Dondozo
|move|p2b: Dondozo|Fissure|p1a: Sinistcha
|-damage|p1a: Sinistcha|0 fnt
|faint|p1a: Sinistcha
|-ohko
|
|-heal|p2a: Sneasler|48/100|[from] Grassy Terrain
|-heal|p1b: Archaludon|33/100 psn|[from] Grassy Terrain
|-heal|p2b: Dondozo|51/100|[from] Grassy Terrain
|-heal|p2b: Dondozo|58/100|[from] item: Leftovers
|-damage|p1b: Archaludon|20/100 psn|[from] psn
|upkeep
|
|t:|1757625478
|switch|p1a: Basculegion|Basculegion, L50, M|84/100
|turn|7
|
|t:|1757625494
|move|p2a: Sneasler|Protect||[still]
|-fail|p2a: Sneasler
|move|p2b: Dondozo|Protect|p2b: Dondozo
|-singleturn|p2b: Dondozo|Protect
|move|p1a: Basculegion|Last Respects|p2b: Dondozo
|-activate|p2b: Dondozo|move: Protect
|move|p1b: Archaludon|Flash Cannon|p2a: Sneasler
|-damage|p2a: Sneasler|0 fnt
|faint|p2a: Sneasler
|
|-heal|p1a: Basculegion|90/100|[from] Grassy Terrain
|-heal|p1b: Archaludon|27/100 psn|[from] Grassy Terrain
|-heal|p2b: Dondozo|64/100|[from] Grassy Terrain
|-heal|p2b: Dondozo|70/100|[from] item: Leftovers
|-damage|p1b: Archaludon|14/100 psn|[from] psn
|upkeep
|turn|8
|
|t:|1757625508
|move|p2b: Dondozo|Protect||[still]
|-fail|p2b: Dondozo
|move|p1a: Basculegion|Last Respects|p2b: Dondozo
|-damage|p2b: Dondozo|6/100
|move|p1b: Archaludon|Flash Cannon|p2b: Dondozo
|-crit|p2b: Dondozo
|-damage|p2b: Dondozo|0 fnt
|faint|p2b: Dondozo
|
|win|CometaMiedoso97
||MichaelderBeste2 is ready for game 3.
|inactive|CometaMiedoso97 has 30 seconds to confirm battle start!
||CometaMiedoso97 is ready for game 3.
|uhtml|next|Next: Game 3 of 3
