|j|☆Canndle Stic
|j|☆Pikapoololol
|html|Canndle SticPikapoololol    
|uhtml|bestof|Game 1 of a best-of-3
|t:|1757779934
|gametype|doubles
|player|p1|Canndle Stic|170|1106
|player|p2|Pikapoololol|ninjaboy|1230
|gen|9
|tier|[Gen 9] VGC 2025 Reg H (Bo3)
|rated|
|rule|Species Clause: Limit one of each Pokémon
|rule|Item Clause: Limit 1 of each item
|clearpoke
|poke|p1|Volcarona, L50, M|
|poke|p1|Gengar, L50, F|
|poke|p1|Milotic, L50, F|
|poke|p1|Excadrill, L50, M|
|poke|p1|Tyranitar, L50, F|
|poke|p1|Farigiraf, L50, M|
|poke|p2|Pelipper, L50, F|
|poke|p2|Archaludon, L50, M|
|poke|p2|Incineroar, L50, M|
|poke|p2|Kingdra, L50, F|
|poke|p2|Amoonguss, L50, F|
|poke|p2|Rillaboom, L50, M|
|teampreview|4
|showteam|p1|Volcarona||SitrusBerry|FlameBody|Tailwind,RagePowder,Protect,Overheat|||M|||50|,,,,,Bug]Gengar||FocusSash|CursedBody|ShadowBall,WillOWisp,Haze,Protect|||F|||50|,,,,,Dark]Milotic||Leftovers|Competitive|Hypnosis,Coil,MuddyWater,Protect|||F|||50|,,,,,Water]Excadrill||LifeOrb|SandRush|HighHorsepower,IronHead,RockSlide,Protect|||M|||50|,,,,,Ground]Tyranitar||AssaultVest|SandStream|Snarl,KnockOff,RockSlide,TeraBlast|||F|||50|,,,,,Flying]Farigiraf||MentalHerb|ArmorTail|TrickRoom,Protect,Psychic,HelpingHand|||M|||50|,,,,,Normal
|showteam|p2|Pelipper||FocusSash|Drizzle|Hurricane,WeatherBall,Tailwind,Protect|||F|||50|,,,,,Ground]Archaludon||AssaultVest|Stamina|ElectroShot,DragonPulse,FlashCannon,BodyPress|||M|||50|,,,,,Bug]Incineroar||SafetyGoggles|Intimidate|FlareBlitz,KnockOff,PartingShot,FakeOut|||M|||50|,,,,,Ghost]Kingdra||LifeOrb|SwiftSwim|DracoMeteor,WeatherBall,Protect,MuddyWater|||F|||50|,,,,,Stellar]Amoonguss||SitrusBerry|Regenerator|PollenPuff,Protect,RagePowder,Spore|||F|||50|,,,,,Psychic]Rillaboom||LoadedDice|GrassySurge|BulletSeed,GrassyGlide,HighHorsepower,FakeOut|||M|||50|,,,,,Fire
|inactive|Battle timer is ON: inactive players will automatically lose when time's up. (requested by Pikapoololol)
|
|t:|1757779967
|teamsize|p1|4
|teamsize|p2|4
|start
|switch|p1a: Volcarona|Volcarona, L50, M|100/100
|switch|p1b: Milotic|Milotic, L50, F|100/100
|switch|p2a: Archaludon|Archaludon, L50, M|100/100
|switch|p2b: Kingdra|Kingdra, L50, F|100/100
|turn|1
|inactive|Pikapoololol has 30 seconds left.
|inactive|Pikapoololol has 20 seconds left.
|inactive|Pikapoololol has 15 seconds left.
|
|t:|1757780011
|switch|p2b: Pelipper|Pelipper, L50, F|100/100
|-weather|RainDance|[from] ability: Drizzle|[of] p2b: Pelipper
|move|p1b: Milotic|Protect|p1b: Milotic
|-singleturn|p1b: Milotic|Protect
|move|p1a: Volcarona|Tailwind|p1a: Volcarona
|-sidestart|p1: Canndle Stic|move: Tailwind
|move|p2a: Archaludon|Electro Shot||[still]
|-prepare|p2a: Archaludon|Electro Shot
|-boost|p2a: Archaludon|spa|1
|-anim|p2a: Archaludon|Electro Shot|p1b: Milotic
|-activate|p1b: Milotic|move: Protect
|
|-weather|RainDance|[upkeep]
|upkeep
|turn|2
|
|t:|1757780035
|move|p1a: Volcarona|Rage Powder|p1a: Volcarona
|-singleturn|p1a: Volcarona|move: Rage Powder
|move|p1b: Milotic|Coil|p1b: Milotic
|-boost|p1b: Milotic|atk|1
|-boost|p1b: Milotic|def|1
|-boost|p1b: Milotic|accuracy|1
|move|p2a: Archaludon|Dragon Pulse|p1a: Volcarona
|-damage|p1a: Volcarona|47/100
|-enditem|p1a: Volcarona|Sitrus Berry|[eat]
|-heal|p1a: Volcarona|72/100|[from] item: Sitrus Berry
|move|p2b: Pelipper|Tailwind|p2b: Pelipper
|-sidestart|p2: Pikapoololol|move: Tailwind
|
|-weather|RainDance|[upkeep]
|upkeep
|turn|3
|inactive|Canndle Stic has 30 seconds left.
|inactive|Canndle Stic has 20 seconds left.
|inactive|Canndle Stic has 15 seconds left.
|inactive|Canndle Stic has 10 seconds left.
|
|t:|1757780081
|move|p1a: Volcarona|Rage Powder|p1a: Volcarona
|-singleturn|p1a: Volcarona|move: Rage Powder
|move|p2a: Archaludon|Dragon Pulse|p1a: Volcarona
|-damage|p1a: Volcarona|22/100
|move|p2b: Pelipper|Hurricane|p1a: Volcarona
|-supereffective|p1a: Volcarona
|-damage|p1a: Volcarona|0 fnt
|faint|p1a: Volcarona
|move|p1b: Milotic|Hypnosis|p2b: Pelipper|[miss]
|-miss|p1b: Milotic|p2b: Pelipper
|
|-weather|RainDance|[upkeep]
|upkeep
|
|t:|1757780092
|switch|p1a: Excadrill|Excadrill, L50, M|100/100
|turn|4
|
|t:|1757780101
|switch|p2b: Rillaboom|Rillaboom, L50, M|100/100
|-fieldstart|move: Grassy Terrain|[from] ability: Grassy Surge|[of] p2b: Rillaboom
|-terastallize|p1a: Excadrill|Ground
|-terastallize|p2a: Archaludon|Bug
|move|p1a: Excadrill|High Horsepower|p2a: Archaludon
|-resisted|p2a: Archaludon
|-damage|p2a: Archaludon|65/100
|-ability|p2a: Archaludon|Stamina|boost
|-boost|p2a: Archaludon|def|1
|-damage|p1a: Excadrill|91/100|[from] item: Life Orb
|move|p2a: Archaludon|Body Press|p1b: Milotic
|-damage|p1b: Milotic|83/100
|move|p1b: Milotic|Coil|p1b: Milotic
|-boost|p1b: Milotic|atk|1
|-boost|p1b: Milotic|def|1
|-boost|p1b: Milotic|accuracy|1
|
|-weather|RainDance|[upkeep]
|-heal|p1a: Excadrill|97/100|[from] Grassy Terrain
|-heal|p2a: Archaludon|71/100|[from] Grassy Terrain
|-heal|p1b: Milotic|89/100|[from] Grassy Terrain
|-heal|p1b: Milotic|95/100|[from] item: Leftovers
|-sideend|p1: Canndle Stic|move: Tailwind
|upkeep
|turn|5
|inactive|Canndle Stic has 30 seconds left.
|
|t:|1757780129
|move|p1a: Excadrill|Protect|p1a: Excadrill
|-singleturn|p1a: Excadrill|Protect
|move|p1b: Milotic|Protect|p1b: Milotic
|-singleturn|p1b: Milotic|Protect
|move|p2b: Rillaboom|Fake Out|p1a: Excadrill
|-activate|p1a: Excadrill|move: Protect
|move|p2a: Archaludon|Electro Shot||[still]
|-prepare|p2a: Archaludon|Electro Shot
|-boost|p2a: Archaludon|spa|1
|-anim|p2a: Archaludon|Electro Shot|p1b: Milotic
|-activate|p1b: Milotic|move: Protect
|
|-weather|none
|-heal|p2a: Archaludon|78/100|[from] Grassy Terrain
|-heal|p1a: Excadrill|100/100|[from] Grassy Terrain
|-heal|p1b: Milotic|100/100|[from] Grassy Terrain
|-sideend|p2: Pikapoololol|move: Tailwind
|upkeep
|turn|6
|inactive|Canndle Stic has 30 seconds left.
|
|t:|1757780156
|move|p1a: Excadrill|Rock Slide|p2a: Archaludon|[spread] p2a,p2b
|-supereffective|p2a: Archaludon
|-damage|p2a: Archaludon|50/100
|-damage|p2b: Rillaboom|71/100
|-ability|p2a: Archaludon|Stamina|boost
|-boost|p2a: Archaludon|def|1
|-damage|p1a: Excadrill|91/100|[from] item: Life Orb
|move|p2b: Rillaboom|Bullet Seed|p1a: Excadrill
|-supereffective|p1a: Excadrill
|-damage|p1a: Excadrill|42/100
|-supereffective|p1a: Excadrill
|-damage|p1a: Excadrill|0 fnt
|faint|p1a: Excadrill
|-hitcount|p1: Excadrill|2
|move|p2a: Archaludon|Dragon Pulse|p1b: Milotic
|-damage|p1b: Milotic|36/100
|move|p1b: Milotic|Hypnosis|p2a: Archaludon
|-status|p2a: Archaludon|slp|[from] move: Hypnosis
|
|-heal|p2b: Rillaboom|77/100|[from] Grassy Terrain
|-heal|p2a: Archaludon|57/100 slp|[from] Grassy Terrain
|-heal|p1b: Milotic|42/100|[from] Grassy Terrain
|-heal|p1b: Milotic|48/100|[from] item: Leftovers
|upkeep
|
|t:|1757780172
|switch|p1a: Tyranitar|Tyranitar, L50, F|100/100
|-weather|Sandstorm|[from] ability: Sand Stream|[of] p1a: Tyranitar
|turn|7
|
|t:|1757780182
|move|p2b: Rillaboom|Grassy Glide|p1b: Milotic
|-supereffective|p1b: Milotic
|-damage|p1b: Milotic|20/100
|cant|p2a: Archaludon|slp
|move|p1b: Milotic|Muddy Water|p2b: Rillaboom|[spread] p2a,p2b
|-resisted|p2b: Rillaboom
|-damage|p2a: Archaludon|40/100 slp
|-damage|p2b: Rillaboom|63/100
|-unboost|p2a: Archaludon|accuracy|1
|-ability|p2a: Archaludon|Stamina|boost
|-boost|p2a: Archaludon|def|1
|move|p1a: Tyranitar|Rock Slide|p2a: Archaludon|[spread] p2a,p2b
|-supereffective|p2a: Archaludon
|-damage|p2a: Archaludon|23/100 slp
|-damage|p2b: Rillaboom|36/100
|-ability|p2a: Archaludon|Stamina|boost
|-boost|p2a: Archaludon|def|1
|
|-weather|Sandstorm|[upkeep]
|-damage|p2b: Rillaboom|30/100|[from] Sandstorm
|-damage|p2a: Archaludon|17/100 slp|[from] Sandstorm
|-damage|p1b: Milotic|14/100|[from] Sandstorm
|-heal|p2b: Rillaboom|36/100|[from] Grassy Terrain
|-heal|p2a: Archaludon|23/100 slp|[from] Grassy Terrain
|-heal|p1b: Milotic|20/100|[from] Grassy Terrain
|-heal|p1b: Milotic|26/100|[from] item: Leftovers
|upkeep
|turn|8
|inactive|Canndle Stic has 30 seconds left.
|
|t:|1757780208
|move|p1b: Milotic|Protect|p1b: Milotic
|-singleturn|p1b: Milotic|Protect
|move|p2b: Rillaboom|Grassy Glide|p1b: Milotic
|-activate|p1b: Milotic|move: Protect
|-curestatus|p2a: Archaludon|slp|[msg]
|move|p2a: Archaludon|Body Press|p1a: Tyranitar
|-supereffective|p1a: Tyranitar
|-damage|p1a: Tyranitar|0 fnt
|faint|p1a: Tyranitar
|
|-weather|Sandstorm|[upkeep]
|-damage|p2b: Rillaboom|30/100|[from] Sandstorm
|-damage|p2a: Archaludon|17/100|[from] Sandstorm
|-damage|p1b: Milotic|20/100|[from] Sandstorm
|-heal|p2b: Rillaboom|36/100|[from] Grassy Terrain
|-heal|p2a: Archaludon|23/100|[from] Grassy Terrain
|-heal|p1b: Milotic|26/100|[from] Grassy Terrain
|-heal|p1b: Milotic|32/100|[from] item: Leftovers
|-fieldend|move: Grassy Terrain
|upkeep
|turn|9
|
|t:|1757780223
|switch|p2b: Pelipper|Pelipper, L50, F|100/100
|-weather|RainDance|[from] ability: Drizzle|[of] p2b: Pelipper
|move|p2a: Archaludon|Body Press|p1b: Milotic
|-damage|p1b: Milotic|5/100
|move|p1b: Milotic|Hypnosis|p2b: Pelipper
|-status|p2b: Pelipper|slp|[from] move: Hypnosis
|
|-weather|RainDance|[upkeep]
|-heal|p1b: Milotic|11/100|[from] item: Leftovers
|upkeep
|turn|10
|
|t:|1757780231
|move|p2a: Archaludon|Electro Shot||[still]
|-prepare|p2a: Archaludon|Electro Shot
|-boost|p2a: Archaludon|spa|1
|-anim|p2a: Archaludon|Electro Shot|p1b: Milotic
|-supereffective|p1b: Milotic
|-damage|p1b: Milotic|0 fnt
|faint|p1b: Milotic
|
|win|Pikapoololol
||Canndle Stic is ready for game 2.
