|j|☆Kertoip
|j|☆homerj71
|html|Kertoiphomerj71    
|uhtml|bestof|Game 1 of a best-of-3
|t:|1783157437
|gametype|doubles
|player|p1|Kertoip|acetrainer-gen4|1088
|player|p2|homerj71|1|1168
|gen|9
|tier|[Gen 9 Champions] VGC 2026 Reg M-B (Bo3)
|rated|
|rule|Species Clause: Limit one of each Pokémon
|rule|Item Clause: Limit 1 of each item
|clearpoke
|poke|p1|Tyranitar, L50, F|
|poke|p1|Excadrill, L50, F, shiny|
|poke|p1|Garchomp, L50, M|
|poke|p1|Corviknight, L50, M, shiny|
|poke|p1|Musharna, L50, M|
|poke|p1|Sneasler, L50, F|
|poke|p2|Delphox, L50, F|
|poke|p2|Sneasler, L50, F|
|poke|p2|Floette-Eternal, L50, F|
|poke|p2|Incineroar, L50, F|
|poke|p2|Kingambit, L50, F|
|poke|p2|Sinistcha, L50|
|teampreview|4
|showteam|p1|Tyranitar||Tyranitarite|SandStream|KnockOff,RockSlide,DragonDance,Protect|Adamant||F|||50|]Excadrill||FocusSash|SandRush|Earthquake,IronHead,Protect,SwordsDance|Adamant||F|||50|]Garchomp||BrightPowder|SandVeil|RockSlide,Earthquake,DragonClaw,Protect|Jolly||M|||50|]Corviknight||SitrusBerry|MirrorArmor|BraveBird,Tailwind,Roost,Protect|Adamant||M|||50|]Musharna||LightClay|Telepathy|TrickRoom,LightScreen,Reflect,Psychic|Sassy||M|||50|]Sneasler||WhiteHerb|Unburden|DireClaw,CloseCombat,FakeOut,Protect|Adamant||F|||50|
|showteam|p2|Delphox||Delphoxite|Blaze|Protect,Psyshock,HeatWave,NastyPlot|Timid||F|||50|]Sneasler||FocusSash|PoisonTouch|QuickGuard,CloseCombat,FakeOut,DireClaw|Jolly||F|||50|]Floette-Eternal||Floettite|FlowerVeil|Protect,DazzlingGleam,CalmMind,Moonblast|Timid||F|||50|]Incineroar||SitrusBerry|Intimidate|ThroatChop,FlareBlitz,PartingShot,FakeOut|Impish||F|||50|]Kingambit||BlackGlasses|Defiant|Protect,KowtowCleave,SuckerPunch,SwordsDance|Adamant||F|||50|]Sinistcha||KasibBerry|Hospitality|Protect,TrickRoom,MatchaGotcha,RagePowder|Relaxed|||||50|
|inactive|Battle timer is ON: inactive players will automatically lose when time's up. (requested by homerj71)
|inactive|Kertoip has 60 seconds left.
|
|t:|1783157486
|teamsize|p1|4
|teamsize|p2|4
|start
|switch|p1a: Tyranitar|Tyranitar, L50, F|100/100
|switch|p1b: Excadrill|Excadrill, L50, F, shiny|100/100
|switch|p2a: Incineroar|Incineroar, L50, F|100/100
|switch|p2b: Floette|Floette-Eternal, L50, F|100/100
|-weather|Sandstorm|[from] ability: Sand Stream|[of] p1a: Tyranitar
|-ability|p2a: Incineroar|Intimidate|boost
|-unboost|p1a: Tyranitar|atk|1
|-unboost|p1b: Excadrill|atk|1
|turn|1
|inactive|Kertoip has 30 seconds left.
|
|t:|1783157519
|switch|p1a: Musharna|Musharna, L50, M|100/100
|detailschange|p2b: Floette|Floette-Mega, L50, F
|-mega|p2b: Floette|Floette|Floettite
|-ability|p2b: Floette|Fairy Aura
|move|p2a: Incineroar|Fake Out|p1b: Excadrill
|-resisted|p1b: Excadrill|1
|-damage|p1b: Excadrill|92/100
|cant|p1b: Excadrill|flinch
|move|p2b: Floette|Calm Mind|p2b: Floette
|-boost|p2b: Floette|spa|1
|-boost|p2b: Floette|spd|1
|
|-weather|Sandstorm|[upkeep]
|-damage|p2b: Floette|94/100|[from] Sandstorm
|-damage|p2a: Incineroar|94/100|[from] Sandstorm
|-damage|p1a: Musharna|94/100|[from] Sandstorm
|upkeep
|turn|2
|
|t:|1783157538
|move|p1b: Excadrill|Protect|p1b: Excadrill
|-singleturn|p1b: Excadrill|Protect
|move|p2b: Floette|Protect|p2b: Floette
|-singleturn|p2b: Floette|Protect
|move|p2a: Incineroar|Parting Shot|p1b: Excadrill
|-activate|p1b: Excadrill|move: Protect
|move|p1a: Musharna|Light Screen|p1a: Musharna
|-sidestart|p1: Kertoip|move: Light Screen
|
|-weather|Sandstorm|[upkeep]
|-damage|p2b: Floette|88/100|[from] Sandstorm
|-damage|p2a: Incineroar|88/100|[from] Sandstorm
|-damage|p1a: Musharna|88/100|[from] Sandstorm
|upkeep
|turn|3
|
|t:|1783157553
|switch|p2a: Sinistcha|Sinistcha, L50|100/100
|-heal|p2b: Floette|100/100|[from] ability: Hospitality|[of] p2a: Sinistcha
|move|p1b: Excadrill|Swords Dance|p1b: Excadrill
|-boost|p1b: Excadrill|atk|2
|move|p2b: Floette|Dazzling Gleam|p1b: Excadrill|[spread] p1a,p1b
|-resisted|p1b: Excadrill|1
|-damage|p1a: Musharna|59/100
|-damage|p1b: Excadrill|67/100
|move|p1a: Musharna|Reflect|p1a: Musharna
|-sidestart|p1: Kertoip|Reflect
|
|-weather|Sandstorm|[upkeep]
|-damage|p2b: Floette|94/100|[from] Sandstorm
|-damage|p2a: Sinistcha|93/100|[from] Sandstorm
|-damage|p1a: Musharna|53/100|[from] Sandstorm
|upkeep
|turn|4
|inactive|Kertoip has 30 seconds left.
|
|t:|1783157578
|move|p2a: Sinistcha|Rage Powder|p2a: Sinistcha
|-singleturn|p2a: Sinistcha|move: Rage Powder
|move|p1b: Excadrill|Earthquake|p2b: Floette|[spread] p2a,p2b
|-activate|p1a: Musharna|ability: Telepathy
|-resisted|p2a: Sinistcha|1
|-damage|p2a: Sinistcha|70/100
|-damage|p2b: Floette|28/100
|move|p2b: Floette|Dazzling Gleam|p1a: Musharna|[spread] p1a,p1b
|-resisted|p1b: Excadrill|1
|-damage|p1a: Musharna|23/100
|-damage|p1b: Excadrill|40/100
|move|p1a: Musharna|Psychic|p2a: Sinistcha
|-damage|p2a: Sinistcha|32/100
|
|-weather|Sandstorm|[upkeep]
|-damage|p2b: Floette|22/100|[from] Sandstorm
|-damage|p2a: Sinistcha|26/100|[from] Sandstorm
|-damage|p1a: Musharna|17/100|[from] Sandstorm
|upkeep
|turn|5
|inactive|Kertoip has 30 seconds left.
|inactive|Kertoip has 20 seconds left.
|inactive|Kertoip has 15 seconds left.
|
|t:|1783157619
|switch|p2a: Incineroar|Incineroar, L50, F|88/100
|-ability|p2a: Incineroar|Intimidate|boost
|-unboost|p1a: Musharna|atk|1
|-unboost|p1b: Excadrill|atk|1
|move|p2b: Floette|Protect|p2b: Floette
|-singleturn|p2b: Floette|Protect
|move|p1b: Excadrill|Earthquake|p2b: Floette|[spread] p2a
|-activate|p2b: Floette|move: Protect
|-activate|p1a: Musharna|ability: Telepathy
|-supereffective|p2a: Incineroar|1
|-damage|p2a: Incineroar|16/100
|-enditem|p2a: Incineroar|Sitrus Berry|[eat]
|-heal|p2a: Incineroar|41/100|[from] item: Sitrus Berry
|move|p1a: Musharna|Psychic|p2a: Incineroar
|-immune|p2a: Incineroar
|
|-weather|none
|upkeep
|turn|6
|inactive|Kertoip has 30 seconds left.
|inactive|Kertoip has 20 seconds left.
|inactive|Kertoip has 15 seconds left.
|
|t:|1783157663
|move|p1b: Excadrill|Protect|p1b: Excadrill
|-singleturn|p1b: Excadrill|Protect
|move|p2a: Incineroar|Fake Out|p1b: Excadrill
|-activate|p1b: Excadrill|move: Protect
|move|p2b: Floette|Dazzling Gleam|p1a: Musharna|[spread] p1a
|-activate|p1b: Excadrill|move: Protect
|-damage|p1a: Musharna|0 fnt
|faint|p1a: Musharna
|
|upkeep
|
|t:|1783157676
|switch|p1a: Tyranitar|Tyranitar, L50, F|100/100
|-weather|Sandstorm|[from] ability: Sand Stream|[of] p1a: Tyranitar
|turn|7
|
|t:|1783157690
|move|p2b: Floette|Protect|p2b: Floette
|-singleturn|p2b: Floette|Protect
|move|p1a: Tyranitar|Protect|p1a: Tyranitar
|-singleturn|p1a: Tyranitar|Protect
|move|p1b: Excadrill|Earthquake|p2a: Incineroar|[spread] p2a
|-activate|p1a: Tyranitar|move: Protect
|-activate|p2b: Floette|move: Protect
|-supereffective|p2a: Incineroar|1
|-damage|p2a: Incineroar|0 fnt
|faint|p2a: Incineroar
|
|-weather|Sandstorm|[upkeep]
|-damage|p2b: Floette|16/100|[from] Sandstorm
|upkeep
|
|t:|1783157706
|switch|p2a: Sneasler|Sneasler, L50, F|100/100
|turn|8
|
|t:|1783157719
|switch|p1a: Garchomp|Garchomp, L50, M|100/100
|move|p1b: Excadrill|Protect|p1b: Excadrill
|-singleturn|p1b: Excadrill|Protect
|move|p2a: Sneasler|Close Combat|p1b: Excadrill
|-activate|p1b: Excadrill|move: Protect
|move|p2b: Floette|Moonblast|p1a: Garchomp
|-supereffective|p1a: Garchomp|1
|-damage|p1a: Garchomp|0 fnt
|faint|p1a: Garchomp
|
|-weather|Sandstorm|[upkeep]
|-damage|p2a: Sneasler|94/100|[from] Sandstorm
|-damage|p2b: Floette|11/100|[from] Sandstorm
|upkeep
|
|t:|1783157731
|switch|p1a: Tyranitar|Tyranitar, L50, F|100/100
|turn|9
|
|t:|1783157739
|switch|p2a: Sinistcha|Sinistcha, L50|26/100
|-heal|p2b: Floette|35/100|[from] ability: Hospitality|[of] p2a: Sinistcha
|move|p2b: Floette|Protect|p2b: Floette
|-singleturn|p2b: Floette|Protect
|move|p1a: Tyranitar|Protect|p1a: Tyranitar
|-singleturn|p1a: Tyranitar|Protect
|move|p1b: Excadrill|Earthquake|p2a: Sinistcha|[spread] p2a
|-activate|p1a: Tyranitar|move: Protect
|-activate|p2b: Floette|move: Protect
|-resisted|p2a: Sinistcha|1
|-damage|p2a: Sinistcha|11/100
|
|-weather|Sandstorm|[upkeep]
|-damage|p2b: Floette|30/100|[from] Sandstorm
|-damage|p2a: Sinistcha|5/100|[from] Sandstorm
|-sideend|p1: Kertoip|move: Light Screen
|upkeep
|turn|10
|inactive|Kertoip has 30 seconds left.
|inactive|Kertoip has 20 seconds left.
|inactive|Kertoip has 15 seconds left.
|
|t:|1783157782
|detailschange|p1a: Tyranitar|Tyranitar-Mega, L50, F
|-mega|p1a: Tyranitar|Tyranitar|Tyranitarite
|move|p2a: Sinistcha|Rage Powder|p2a: Sinistcha
|-singleturn|p2a: Sinistcha|move: Rage Powder
|move|p1b: Excadrill|Iron Head|p2a: Sinistcha
|-damage|p2a: Sinistcha|0 fnt
|faint|p2a: Sinistcha
|move|p2b: Floette|Dazzling Gleam|p1b: Excadrill|[spread] p1a,p1b
|-supereffective|p1a: Tyranitar|1
|-resisted|p1b: Excadrill|1
|-crit|p1b: Excadrill
|-damage|p1a: Tyranitar|34/100
|-damage|p1b: Excadrill|0 fnt
|faint|p1b: Excadrill
|move|p1a: Tyranitar|Rock Slide|p2b: Floette
|-damage|p2b: Floette|0 fnt
|faint|p2b: Floette
|
|-weather|Sandstorm|[upkeep]
|-sideend|p1: Kertoip|Reflect
|upkeep
|
|t:|1783157791
|switch|p2b: Sneasler|Sneasler, L50, F|94/100
|turn|11
|
|t:|1783157798
|move|p2b: Sneasler|Close Combat|p1a: Tyranitar
|-supereffective|p1a: Tyranitar|2
|-damage|p1a: Tyranitar|0 fnt
|-unboost|p2b: Sneasler|def|1
|-unboost|p2b: Sneasler|spd|1
|faint|p1a: Tyranitar
|
|win|homerj71
