|j|☆the bags12
|j|☆TeyVgc
|html|the bags12TeyVgc    
|uhtml|bestof|Game 2 of a best-of-3
|t:|1783970516
|gametype|doubles
|player|p1|the bags12|falkner|1237
|player|p2|TeyVgc|rood|1234
|gen|9
|tier|[Gen 9 Champions] VGC 2026 Reg M-B (Bo3)
|rated|
|rule|Species Clause: Limit one of each Pokémon
|rule|Item Clause: Limit 1 of each item
|clearpoke
|poke|p1|Staraptor, L50, M, shiny|
|poke|p1|Garchomp, L50, M, shiny|
|poke|p1|Basculegion, L50, M, shiny|
|poke|p1|Scizor, L50, M, shiny|
|poke|p1|Grimmsnarl, L50, M, shiny|
|poke|p1|Incineroar, L50, M, shiny|
|poke|p2|Raichu, L50, F|
|poke|p2|Sinistcha, L50|
|poke|p2|Ceruledge, L50, M|
|poke|p2|Milotic, L50, M|
|poke|p2|Incineroar, L50, M|
|poke|p2|Floette-Eternal, L50, F|
|teampreview|4
|showteam|p1|Staraptor||Staraptite|Intimidate|CloseCombat,DualWingbeat,Roost,Protect|Adamant||M|||50|]Garchomp||Garchompite|RoughSkin|DragonClaw,Earthquake,IronHead,RockSlide|Adamant||M|||50|]Basculegion||ChoiceScarf|Adaptability|LastRespects,WaveCrash,AquaJet,FlipTurn|Jolly||M|||50|]Scizor||MetalCoat|Technician|Uturn,BulletPunch,KnockOff,CloseCombat|Brave||M|||50|]Grimmsnarl||LightClay|Prankster|PartingShot,ScaryFace,Reflect,LightScreen|Calm||M|||50|]Incineroar||Leftovers|Intimidate|FlareBlitz,PartingShot,FakeOut,DarkestLariat|Adamant||M|||50|
|showteam|p2|Raichu||RaichuniteY|LightningRod|ZapCannon,FocusBlast,FakeOut,Protect|Timid||F|||50|]Sinistcha||KasibBerry|Hospitality|MatchaGotcha,Protect,RagePowder,TrickRoom|Relaxed|||||50|]Ceruledge||ColburBerry|FlashFire|BitterBlade,ShadowSneak,BulkUp,Protect|Adamant||M|||50|]Milotic||Leftovers|Competitive|MuddyWater,Coil,Hypnosis,Recover|Calm||M|||50|]Incineroar||SitrusBerry|Intimidate|FlareBlitz,ThroatChop,FakeOut,PartingShot|Impish||M|||50|]Floette-Eternal||Floettite|FlowerVeil|CalmMind,Protect,Moonblast,DazzlingGleam|Modest||F|||50|
|inactive|Battle timer is ON: inactive players will automatically lose when time's up. (requested by the bags12)
|
|t:|1783970530
|teamsize|p1|4
|teamsize|p2|4
|start
|switch|p1a: Mighty Eagle|Staraptor, L50, M, shiny|100/100
|switch|p1b: Incin|Incineroar, L50, M, shiny|100/100
|switch|p2a: Incineroar|Incineroar, L50, M|100/100
|switch|p2b: Milotic|Milotic, L50, M|100/100
|-ability|p1a: Mighty Eagle|Intimidate|boost
|-unboost|p2a: Incineroar|atk|1
|-unboost|p2b: Milotic|atk|1
|-ability|p2b: Milotic|Competitive|boost
|-boost|p2b: Milotic|spa|2
|-ability|p2a: Incineroar|Intimidate|boost
|-unboost|p1a: Mighty Eagle|atk|1
|-unboost|p1b: Incin|atk|1
|-ability|p1b: Incin|Intimidate|boost
|-unboost|p2a: Incineroar|atk|1
|-unboost|p2b: Milotic|atk|1
|-ability|p2b: Milotic|Competitive|boost
|-boost|p2b: Milotic|spa|2
|turn|1
|inactive|the bags12 has 30 seconds left.
|inactive|TeyVgc has 30 seconds left.
|inactive|the bags12 has 20 seconds left.
|inactive|the bags12 has 15 seconds left.
|
|t:|1783970571
|detailschange|p1a: Mighty Eagle|Staraptor-Mega, L50, M, shiny
|-mega|p1a: Mighty Eagle|Staraptor|Staraptite
|move|p1a: Mighty Eagle|Protect|p1a: Mighty Eagle
|-singleturn|p1a: Mighty Eagle|Protect
|move|p1b: Incin|Fake Out|p2b: Milotic
|-damage|p2b: Milotic|92/100
|cant|p2b: Milotic|flinch
|move|p2a: Incineroar|Parting Shot|p1b: Incin
|-unboost|p1b: Incin|atk|1
|-unboost|p1b: Incin|spa|1
|
|t:|1783970584
|switch|p2a: Sinistcha|Sinistcha, L50|100/100|[from] Parting Shot
|-heal|p2b: Milotic|100/100|[from] ability: Hospitality|[of] p2a: Sinistcha
|
|upkeep
|turn|2
|
|t:|1783970594
|move|p2a: Sinistcha|Rage Powder|p2a: Sinistcha
|-singleturn|p2a: Sinistcha|move: Rage Powder
|move|p1a: Mighty Eagle|Close Combat|p2a: Sinistcha
|-immune|p2a: Sinistcha
|move|p2b: Milotic|Coil|p2b: Milotic
|-boost|p2b: Milotic|atk|1
|-boost|p2b: Milotic|def|1
|-boost|p2b: Milotic|accuracy|1
|move|p1b: Incin|Parting Shot|p2a: Sinistcha
|-unboost|p2a: Sinistcha|atk|1
|-unboost|p2a: Sinistcha|spa|1
|
|t:|1783970604
|switch|p1b: Haaland|Grimmsnarl, L50, M, shiny|100/100|[from] Parting Shot
|
|upkeep
|turn|3
|
|t:|1783970613
|move|p2a: Sinistcha|Rage Powder|p2a: Sinistcha
|-singleturn|p2a: Sinistcha|move: Rage Powder
|move|p1b: Haaland|Parting Shot|p2a: Sinistcha
|-unboost|p2a: Sinistcha|atk|1
|-unboost|p2a: Sinistcha|spa|1
|inactive|the bags12 has 30 seconds left.
|
|t:|1783970638
|switch|p1b: fih|Basculegion, L50, M, shiny|100/100|[from] Parting Shot
|move|p1a: Mighty Eagle|Dual Wingbeat|p2a: Sinistcha
|-supereffective|p2a: Sinistcha|1
|-damage|p2a: Sinistcha|73/100
|-supereffective|p2a: Sinistcha|1
|-damage|p2a: Sinistcha|44/100
|-hitcount|p2a: Sinistcha|2
|move|p2b: Milotic|Muddy Water|p1a: Mighty Eagle|[spread] p1a,p1b
|-resisted|p1b: fih|1
|-damage|p1a: Mighty Eagle|28/100
|-damage|p1b: fih|63/100
|
|upkeep
|turn|4
|
|t:|1783970651
|move|p2a: Sinistcha|Rage Powder|p2a: Sinistcha
|-singleturn|p2a: Sinistcha|move: Rage Powder
|move|p1b: fih|Last Respects|p2a: Sinistcha
|-supereffective|p2a: Sinistcha|1
|-enditem|p2a: Sinistcha|Kasib Berry|[eat]
|-enditem|p2a: Sinistcha|Kasib Berry|[weaken]
|-damage|p2a: Sinistcha|15/100
|move|p1a: Mighty Eagle|Roost|p1a: Mighty Eagle
|-heal|p1a: Mighty Eagle|79/100
|-singleturn|p1a: Mighty Eagle|move: Roost
|move|p2b: Milotic|Muddy Water|p1a: Mighty Eagle|[spread] p1a,p1b
|-resisted|p1b: fih|1
|-damage|p1a: Mighty Eagle|8/100
|-damage|p1b: fih|24/100
|
|upkeep
|turn|5
|
|t:|1783970666
|move|p2a: Sinistcha|Rage Powder|p2a: Sinistcha
|-singleturn|p2a: Sinistcha|move: Rage Powder
|move|p1b: fih|Last Respects|p2a: Sinistcha
|-supereffective|p2a: Sinistcha|1
|-damage|p2a: Sinistcha|0 fnt
|faint|p2a: Sinistcha
|move|p1a: Mighty Eagle|Roost|p1a: Mighty Eagle
|-heal|p1a: Mighty Eagle|58/100
|-singleturn|p1a: Mighty Eagle|move: Roost
|move|p2b: Milotic|Hypnosis|p1a: Mighty Eagle
|-status|p1a: Mighty Eagle|slp|[from] move: Hypnosis
|
|upkeep
|
|t:|1783970671
|switch|p2a: Raichu|Raichu, L50, F|100/100
|turn|6
|l|☆the bags12
|inactive|the bags12 disconnected and has a minute to reconnect!
|player|p1|
|inactive|the bags12 has 30 seconds left.
|inactive|TeyVgc has 30 seconds left.
|inactive|the bags12 has 20 seconds left.
|inactive|the bags12 has 15 seconds left.
|inactive|the bags12 has 10 seconds left.
|inactive|the bags12 has 5 seconds left.
|-message|the bags12 lost due to inactivity.
|
|win|TeyVgc
|raw|the bags12's rating: 1237 → 1212(-25 for losing)
|raw|TeyVgc's rating: 1234 → 1259(+25 for winning)
