|j|☆Rokesaurio
|j|☆rojo53
|html|Rokesauriorojo53    
|uhtml|bestof|Game 1 of a best-of-3
|t:|1782294187
|gametype|doubles
|player|p1|Rokesaurio|pokemaniac|
|player|p2|rojo53|skier|
|gen|9
|tier|[Gen 9 Champions] VGC 2026 Reg M-B (Bo3)
|rule|Species Clause: Limit one of each Pokémon
|rule|Item Clause: Limit 1 of each item
|clearpoke
|poke|p1|Sinistcha, L50|
|poke|p1|Swampert, L50, M|
|poke|p1|Sableye, L50, F|
|poke|p1|Archaludon, L50, F|
|poke|p1|Pelipper, L50, F|
|poke|p1|Incineroar, L50, M|
|poke|p2|Meganium, L50, F|
|poke|p2|Kingambit, L50, F|
|poke|p2|Sneasler, L50, M|
|poke|p2|Hydreigon, L50, M|
|poke|p2|Delphox, L50, F|
|poke|p2|Farigiraf, L50, F|
|teampreview|4
|showteam|p1|Sinistcha||SitrusBerry|Hospitality|MatchaGotcha,Protect,RagePowder,LifeDew|Bold|||||50|]Swampert||Swampertite|Damp|WaveCrash,HighHorsepower,Protect,IcePunch|Adamant||M|||50|]Sableye||LightClay|Prankster|LightScreen,WillOWisp,Reflect,RainDance|Relaxed||F|||50|]Archaludon||Leftovers|Stamina|ElectroShot,DragonPulse,FlashCannon,Protect|Modest||F|||50|]Pelipper||FocusSash|Drizzle|Hurricane,WeatherBall,Tailwind,Protect|Modest||F|||50|]Incineroar||ChopleBerry|Intimidate|FakeOut,FlareBlitz,ThroatChop,PartingShot|Careful||M|||50|
|showteam|p2|Meganium||Meganiumite|Overgrow|WeatherBall,DazzlingGleam,SolarBeam,Protect|Modest||F|||50|]Kingambit||BlackGlasses|Defiant|KowtowCleave,SuckerPunch,IronHead,Protect|Adamant||F|||50|]Sneasler||FocusSash|Unburden|CloseCombat,DireClaw,FakeOut,Protect|Adamant||M|||50|]Hydreigon||DragonFang|Levitate|DracoMeteor,Snarl,Tailwind,Protect|Timid||M|||50|]Delphox||Delphoxite|Blaze|HeatWave,Psychic,DazzlingGleam,Protect|Timid||F|||50|]Farigiraf||SitrusBerry|ArmorTail|TwinBeam,HyperVoice,Protect,TrickRoom|Relaxed||F|||50|
|inactive|Battle timer is ON: inactive players will automatically lose when time's up. (requested by Rokesaurio)
|c|☆Rokesaurio|glhf
|c|☆rojo53|glhf
|inactive|Rokesaurio has 60 seconds left.
|inactive|rojo53 has 60 seconds left.
|inactive|Rokesaurio has 30 seconds left.
|
|t:|1782294255
|teamsize|p1|4
|teamsize|p2|4
|start
|switch|p1a: Pelipper|Pelipper, L50, F|100/100
|switch|p1b: Swampert|Swampert, L50, M|100/100
|switch|p2a: Meganium|Meganium, L50, F|100/100
|switch|p2b: Hydreigon|Hydreigon, L50, M|100/100
|-weather|RainDance|[from] ability: Drizzle|[of] p1a: Pelipper
|turn|1
|inactive|rojo53 has 30 seconds left.
|inactive|rojo53 has 20 seconds left.
|inactive|rojo53 has 15 seconds left.
|inactive|rojo53 has 10 seconds left.
|
|t:|1782294304
|switch|p1b: Incineroar|Incineroar, L50, M|100/100
|-ability|p1b: Incineroar|Intimidate|boost
|-unboost|p2a: Meganium|atk|1
|-unboost|p2b: Hydreigon|atk|1
|detailschange|p2a: Meganium|Meganium-Mega, L50, F
|-mega|p2a: Meganium|Meganium|Meganiumite
|move|p2b: Hydreigon|Snarl|p1b: Incineroar|[spread] p1a
|-miss|p2b: Hydreigon|p1b: Incineroar
|-damage|p1a: Pelipper|71/100
|-unboost|p1a: Pelipper|spa|1
|move|p1a: Pelipper|Tailwind|p1a: Pelipper
|-sidestart|p1: Rokesaurio|move: Tailwind
|move|p2a: Meganium|Dazzling Gleam|p1b: Incineroar|[spread] p1a,p1b
|-damage|p1a: Pelipper|13/100
|-damage|p1b: Incineroar|73/100
|
|-weather|RainDance|[upkeep]
|upkeep
|turn|2
|
|t:|1782294322
|switch|p2a: Farigiraf|Farigiraf, L50, F|100/100
|move|p1b: Incineroar|Fake Out||[still]
|cant|p2a: Farigiraf|ability: Armor Tail|Fake Out|[of] p1b: Incineroar
|move|p1a: Pelipper|Hurricane|p2a: Farigiraf
|-damage|p2a: Farigiraf|64/100
|-start|p2a: Farigiraf|confusion
|move|p2b: Hydreigon|Tailwind|p2b: Hydreigon
|-sidestart|p2: rojo53|move: Tailwind
|
|-weather|RainDance|[upkeep]
|upkeep
|turn|3
|
|t:|1782294341
|switch|p1a: Swampert|Swampert, L50, M|100/100
|move|p2b: Hydreigon|Protect|p2b: Hydreigon
|-singleturn|p2b: Hydreigon|Protect
|move|p1b: Incineroar|Throat Chop|p2a: Farigiraf
|-supereffective|p2a: Farigiraf|1
|-damage|p2a: Farigiraf|19/100
|-start|p2a: Farigiraf|Throat Chop|[silent]
|-enditem|p2a: Farigiraf|Sitrus Berry|[eat]
|-heal|p2a: Farigiraf|44/100|[from] item: Sitrus Berry
|cant|p2a: Farigiraf|move: Throat Chop
|
|-weather|RainDance|[upkeep]
|upkeep
|turn|4
|
|t:|1782294359
|detailschange|p1a: Swampert|Swampert-Mega, L50, M
|-mega|p1a: Swampert|Swampert|Swampertite
|move|p1a: Swampert|Ice Punch|p2b: Hydreigon
|-supereffective|p2b: Hydreigon|1
|-damage|p2b: Hydreigon|35/100
|move|p2b: Hydreigon|Draco Meteor|p1b: Incineroar
|-damage|p1b: Incineroar|18/100
|-unboost|p2b: Hydreigon|spa|2
|move|p1b: Incineroar|Throat Chop|p2a: Farigiraf
|-supereffective|p2a: Farigiraf|1
|-damage|p2a: Farigiraf|0 fnt
|faint|p2a: Farigiraf
|
|-weather|RainDance|[upkeep]
|-sideend|p1: Rokesaurio|move: Tailwind
|upkeep
|
|t:|1782294368
|switch|p2a: Meganium|Meganium-Mega, L50, F|100/100
|turn|5
|
|t:|1782294377
|switch|p2b: Sneasler|Sneasler, L50, M|100/100
|move|p1a: Swampert|Protect|p1a: Swampert
|-singleturn|p1a: Swampert|Protect
|move|p2a: Meganium|Dazzling Gleam|p1b: Incineroar|[spread] p1b
|-activate|p1a: Swampert|move: Protect
|-damage|p1b: Incineroar|0 fnt
|faint|p1b: Incineroar
|
|-weather|none
|-sideend|p2: rojo53|move: Tailwind
|upkeep
|
|t:|1782294387
|switch|p1b: Pelipper|Pelipper, L50, F|13/100
|-weather|RainDance|[from] ability: Drizzle|[of] p1b: Pelipper
|turn|6
|
|t:|1782294397
|switch|p1a: Sinistcha|Sinistcha, L50|100/100
|-heal|p1b: Pelipper|38/100|[from] ability: Hospitality|[of] p1a: Sinistcha
|move|p2b: Sneasler|Fake Out|p1b: Pelipper
|-crit|p1b: Pelipper
|-damage|p1b: Pelipper|6/100
|cant|p1b: Pelipper|flinch
|move|p2a: Meganium|Solar Beam||[still]
|-prepare|p2a: Meganium|Solar Beam
|-activate|p2a: Meganium|ability: Mega Sol
|-anim|p2a: Meganium|Solar Beam|p1a: Sinistcha
|-resisted|p1a: Sinistcha|1
|-damage|p1a: Sinistcha|66/100
|
|-weather|RainDance|[upkeep]
|upkeep
|turn|7
|
|t:|1782294420
|switch|p2b: Hydreigon|Hydreigon, L50, M|35/100
|move|p1a: Sinistcha|Rage Powder|p1a: Sinistcha
|-singleturn|p1a: Sinistcha|move: Rage Powder
|move|p1b: Pelipper|Hurricane|p2a: Meganium
|-supereffective|p2a: Meganium|1
|-damage|p2a: Meganium|7/100
|move|p2a: Meganium|Weather Ball|p1a: Sinistcha
|-supereffective|p1a: Sinistcha|1
|-damage|p1a: Sinistcha|0 fnt
|faint|p1a: Sinistcha
|
|-weather|RainDance|[upkeep]
|upkeep
|
|t:|1782294429
|switch|p1a: Swampert|Swampert-Mega, L50, M|100/100
|turn|8
|
|t:|1782294440
|move|p2a: Meganium|Protect|p2a: Meganium
|-singleturn|p2a: Meganium|Protect
|move|p1a: Swampert|Ice Punch|p2b: Hydreigon
|-supereffective|p2b: Hydreigon|1
|-damage|p2b: Hydreigon|0 fnt
|faint|p2b: Hydreigon
|move|p1b: Pelipper|Weather Ball|p2a: Meganium
|-activate|p2a: Meganium|move: Protect
|
|-weather|RainDance|[upkeep]
|upkeep
|
|t:|1782294445
|switch|p2b: Sneasler|Sneasler, L50, M|100/100
|turn|9
|
|t:|1782294467
|move|p2b: Sneasler|Fake Out|p1a: Swampert
|-damage|p1a: Swampert|84/100
|cant|p1a: Swampert|flinch
|move|p1b: Pelipper|Weather Ball|p2a: Meganium
|-resisted|p2a: Meganium|1
|-damage|p2a: Meganium|0 fnt
|faint|p2a: Meganium
|
|-weather|RainDance|[upkeep]
|upkeep
|turn|10
|
|t:|1782294479
|move|p1a: Swampert|Wave Crash|p2b: Sneasler
|-enditem|p2b: Sneasler|Focus Sash
|-damage|p2b: Sneasler|1/100
|-damage|p1a: Swampert|57/100|[from] Recoil
|move|p2b: Sneasler|Dire Claw|p1b: Pelipper
|-damage|p1b: Pelipper|0 fnt
|faint|p1b: Pelipper
|
|-weather|none
|upkeep
|turn|11
|
|t:|1782294491
|move|p2b: Sneasler|Close Combat|p1a: Swampert
|-damage|p1a: Swampert|0 fnt
|-unboost|p2b: Sneasler|def|1
|-unboost|p2b: Sneasler|spd|1
|faint|p1a: Swampert
|
|win|rojo53
||rojo53 is ready for game 2.
|inactive|Rokesaurio has 30 seconds to confirm battle start!
||Rokesaurio is ready for game 2.
|uhtml|next|Next: Game 2 of 3
