|j|☆sawkthroha
|j|☆I'm not a Horse
|html|sawkthrohaI'm not a Horse    
|uhtml|bestof|Game 2 of a best-of-3
|t:|1782624104
|gametype|doubles
|player|p1|sawkthroha|265|1059
|player|p2|I'm not a Horse|clerkf|1159
|gen|9
|tier|[Gen 9 Champions] VGC 2026 Reg M-B (Bo3)
|rated|
|rule|Species Clause: Limit one of each Pokémon
|rule|Item Clause: Limit 1 of each item
|clearpoke
|poke|p1|Garchomp, L50, M|
|poke|p1|Charizard, L50, M|
|poke|p1|Floette-Eternal, L50, F|
|poke|p1|Venusaur, L50, M|
|poke|p1|Farigiraf, L50, F|
|poke|p1|Rotom-Heat, L50|
|poke|p2|Pelipper, L50, M, shiny|
|poke|p2|Swampert, L50, M, shiny|
|poke|p2|Metagross, L50, shiny|
|poke|p2|Archaludon, L50, M, shiny|
|poke|p2|Grimmsnarl, L50, M, shiny|
|poke|p2|Sinistcha, L50, shiny|
|teampreview|4
|showteam|p1|Garchomp||LifeOrb|RoughSkin|DragonClaw,RockSlide,Earthquake,Protect|Jolly||M|||50|]Charizard||CharizarditeY|SolarPower|WeatherBall,Protect,HeatWave,SolarBeam|Timid||M|||50|]Floette-Eternal||Floettite|FlowerVeil|Protect,DazzlingGleam,Moonblast,LightofRuin|Modest||F|||50|]Venusaur||FocusSash|Chlorophyll|EarthPower,SludgeBomb,EnergyBall,Protect|Modest||M|||50|]Farigiraf||SitrusBerry|ArmorTail|PsychicFangs,FoulPlay,HelpingHand,TrickRoom|Bold||F|||50|]Rotom-Heat||ChoiceScarf|Levitate|Overheat,Thunderbolt,VoltSwitch,Trick|Timid|||||50|
|showteam|p2|Pelipper||SitrusBerry|Drizzle|Hurricane,WeatherBall,Tailwind,WideGuard|Modest||M|||50|]Swampert||Swampertite|Damp|WaveCrash,Earthquake,IcePunch,Protect|Adamant||M|||50|]Metagross||Metagrossite|ClearBody|IronHead,PsychicFangs,BodyPress,Protect|Jolly|||||50|]Archaludon||Leftovers|Stamina|ElectroShot,DragonPulse,FlashCannon,Protect|Modest||M|||50|]Grimmsnarl||LightClay|Prankster|FoulPlay,PartingShot,Reflect,LightScreen|Calm||M|||50|]Sinistcha||CobaBerry|Hospitality|MatchaGotcha,RagePowder,TrickRoom,Protect|Relaxed|||||50|
|inactive|Battle timer is ON: inactive players will automatically lose when time's up. (requested by sawkthroha)
|
|t:|1782624146
|teamsize|p1|4
|teamsize|p2|4
|start
|switch|p1a: Farigiraf|Farigiraf, L50, F|100/100
|switch|p1b: Rotom|Rotom-Heat, L50|100/100
|switch|p2a: Pelipper|Pelipper, L50, M, shiny|100/100
|switch|p2b: Grimmsnarl|Grimmsnarl, L50, M, shiny|100/100
|-weather|RainDance|[from] ability: Drizzle|[of] p2a: Pelipper
|turn|1
|
|t:|1782624157
|switch|p2a: Archaludon|Archaludon, L50, M, shiny|100/100
|move|p2b: Grimmsnarl|Light Screen|p2b: Grimmsnarl
|-sidestart|p2: I'm not a Horse|move: Light Screen
|move|p1b: Rotom|Volt Switch|p2b: Grimmsnarl
|-damage|p2b: Grimmsnarl|80/100
|
|t:|1782624166
|switch|p1b: Floette|Floette-Eternal, L50, F|100/100|[from] Volt Switch
|move|p1a: Farigiraf|Trick Room|p1a: Farigiraf
|-fieldstart|move: Trick Room|[of] p1a: Farigiraf
|
|-weather|RainDance|[upkeep]
|upkeep
|turn|2
|inactive|I'm not a Horse has 30 seconds left.
|inactive|I'm not a Horse has 20 seconds left.
|inactive|sawkthroha has 30 seconds left.
|inactive|I'm not a Horse has 15 seconds left.
|inactive|I'm not a Horse has 10 seconds left.
|
|t:|1782624218
|switch|p2b: Pelipper|Pelipper, L50, M, shiny|100/100
|detailschange|p1b: Floette|Floette-Mega, L50, F
|-mega|p1b: Floette|Floette|Floettite
|-ability|p1b: Floette|Fairy Aura
|move|p2a: Archaludon|Protect|p2a: Archaludon
|-singleturn|p2a: Archaludon|Protect
|move|p1a: Farigiraf|Psychic Fangs|p2b: Pelipper
|-sideend|p2: I'm not a Horse|move: Light Screen
|-damage|p2b: Pelipper|72/100
|move|p1b: Floette|Moonblast|p2b: Pelipper
|-damage|p2b: Pelipper|0 fnt
|faint|p2b: Pelipper
|
|-weather|RainDance|[upkeep]
|upkeep
|
|t:|1782624233
|switch|p2b: Swampert|Swampert, L50, M, shiny|100/100
|turn|3
|
|t:|1782624243
|detailschange|p2b: Swampert|Swampert-Mega, L50, M, shiny
|-mega|p2b: Swampert|Swampert|Swampertite
|move|p1a: Farigiraf|Helping Hand|p1b: Floette
|-singleturn|p1b: Floette|Helping Hand|[of] p1a: Farigiraf
|move|p2a: Archaludon|Flash Cannon|p1b: Floette
|-supereffective|p1b: Floette|1
|-damage|p1b: Floette|35/100
|move|p1b: Floette|Dazzling Gleam|p2a: Archaludon|[spread] p2a,p2b
|-damage|p2a: Archaludon|27/100
|-damage|p2b: Swampert|38/100
|-ability|p2a: Archaludon|Stamina|boost
|-boost|p2a: Archaludon|def|1
|move|p2b: Swampert|Wave Crash|p1b: Floette
|-damage|p1b: Floette|0 fnt
|faint|p1b: Floette
|-damage|p2b: Swampert|30/100|[from] Recoil
|
|-weather|RainDance|[upkeep]
|-heal|p2a: Archaludon|34/100|[from] item: Leftovers
|upkeep
|
|t:|1782624254
|switch|p1b: Venusaur|Venusaur, L50, M|100/100
|turn|4
|
|t:|1782624275
|switch|p2b: Grimmsnarl|Grimmsnarl, L50, M, shiny|80/100
|move|p1a: Farigiraf|Foul Play|p2b: Grimmsnarl
|-resisted|p2b: Grimmsnarl|2
|-damage|p2b: Grimmsnarl|74/100
|move|p2a: Archaludon|Dragon Pulse|p1b: Venusaur
|-damage|p1b: Venusaur|57/100
|move|p1b: Venusaur|Earth Power|p2a: Archaludon
|-supereffective|p2a: Archaludon|1
|-damage|p2a: Archaludon|0 fnt
|faint|p2a: Archaludon
|
|-weather|RainDance|[upkeep]
|upkeep
|
|t:|1782624288
|switch|p2a: Swampert|Swampert-Mega, L50, M, shiny|30/100
|turn|5
|
|t:|1782624311
|switch|p1b: Rotom|Rotom-Heat, L50|100/100
|move|p2a: Swampert|Protect|p2a: Swampert
|-singleturn|p2a: Swampert|Protect
|move|p2b: Grimmsnarl|Foul Play|p1b: Rotom
|-damage|p1b: Rotom|74/100
|move|p1a: Farigiraf|Foul Play|p2a: Swampert
|-activate|p2a: Swampert|move: Protect
|
|-weather|none
|-fieldend|move: Trick Room
|upkeep
|turn|6
|
|t:|1782624333
|move|p2b: Grimmsnarl|Light Screen|p2b: Grimmsnarl
|-sidestart|p2: I'm not a Horse|move: Light Screen
|move|p1b: Rotom|Overheat|p2a: Swampert
|-resisted|p2a: Swampert|1
|-damage|p2a: Swampert|12/100
|-unboost|p1b: Rotom|spa|2
|move|p2a: Swampert|Earthquake|p1b: Rotom|[spread] p2b,p1a
|-immune|p1b: Rotom|[from] ability: Levitate
|-damage|p2b: Grimmsnarl|25/100
|-damage|p1a: Farigiraf|64/100
|move|p1a: Farigiraf|Psychic Fangs|p2a: Swampert
|-sideend|p2: I'm not a Horse|move: Light Screen
|-crit|p2a: Swampert
|-damage|p2a: Swampert|0 fnt
|faint|p2a: Swampert
|
|upkeep
|turn|7
|
|t:|1782624351
|switch|p1b: Venusaur|Venusaur, L50, M|57/100
|move|p2b: Grimmsnarl|Foul Play|p1a: Farigiraf
|-supereffective|p1a: Farigiraf|1
|-damage|p1a: Farigiraf|21/100
|-enditem|p1a: Farigiraf|Sitrus Berry|[eat]
|-heal|p1a: Farigiraf|45/100|[from] item: Sitrus Berry
|move|p1a: Farigiraf|Foul Play|p2b: Grimmsnarl
|-resisted|p2b: Grimmsnarl|2
|-damage|p2b: Grimmsnarl|19/100
|
|upkeep
|turn|8
|
|t:|1782624362
|move|p1b: Venusaur|Sludge Bomb|p2b: Grimmsnarl
|-supereffective|p2b: Grimmsnarl|1
|-damage|p2b: Grimmsnarl|0 fnt
|faint|p2b: Grimmsnarl
|
|win|sawkthroha
||sawkthroha is ready for game 3.
