|j|☆balance bro
|j|☆eldannyboy510
|html|balance broeldannyboy510    
|uhtml|bestof|Game 1 of a best-of-3
|t:|1756849623
|gametype|doubles
|player|p1|balance bro|buck|1098
|player|p2|eldannyboy510|red|1054
|gen|9
|tier|[Gen 9] VGC 2025 Reg H (Bo3)
|rated|
|rule|Species Clause: Limit one of each Pokémon
|rule|Item Clause: Limit 1 of each item
|clearpoke
|poke|p1|Porygon2, L50|
|poke|p1|Hydreigon, L50, M|
|poke|p1|Incineroar, L50, M|
|poke|p1|Garchomp, L50, F|
|poke|p1|Amoonguss, L50, F|
|poke|p1|Gholdengo, L50|
|poke|p2|Vivillon-Pokeball, L50, M|
|poke|p2|Gholdengo, L50|
|poke|p2|Garchomp, L50, M|
|poke|p2|Talonflame, L50, M|
|poke|p2|Ninetales-Alola, L50, F|
|poke|p2|Annihilape, L50, M|
|teampreview|4
|showteam|p1|Porygon2||Eviolite|Download|TeraBlast,IceBeam,TrickRoom,Recover||||||50|,,,,,Fighting]Hydreigon||SafetyGoggles|Levitate|Snarl,DracoMeteor,Tailwind,Protect|||M|||50|,,,,,Ghost]Incineroar||SitrusBerry|Intimidate|FlareBlitz,KnockOff,PartingShot,FakeOut|||M|||50|,,,,,Grass]Garchomp||LoadedDice|RoughSkin|ScaleShot,Earthquake,StompingTantrum,Protect|||F|||50|,,,,,Fire]Amoonguss||CovertCloak|Regenerator|PollenPuff,Spore,RagePowder,Protect|||F|||50|,,,,,Fire]Gholdengo||MetalCoat|GoodasGold|MakeItRain,ShadowBall,NastyPlot,Protect||||||50|,,,,,Flying
|showteam|p2|Vivillon-Pokeball||FocusSash|CompoundEyes|RagePowder,SleepPowder,Hurricane,Protect|||M|||50|,,,,,Ghost]Gholdengo||IronPlate|GoodasGold|MakeItRain,NastyPlot,ShadowBall,Protect||||||50|,,,,,Steel]Garchomp||LifeOrb|RoughSkin|Earthquake,DragonClaw,StompingTantrum,Protect|||M|||50|,,,,,Steel]Talonflame||SharpBeak|GaleWings|DualWingbeat,Tailwind,WillOWisp,Protect|||M|||50|,,,,,Ghost]Ninetales-Alola||CovertCloak|SnowWarning|FreezeDry,Blizzard,AuroraVeil,Protect|||F|||50|,,,,,Ice]Annihilape||SafetyGoggles|Defiant|RageFist,DrainPunch,BulkUp,Protect|||M|||50|,,,,,Water
|
|t:|1756849666
|teamsize|p1|4
|teamsize|p2|4
|start
|switch|p1a: Hydreigon|Hydreigon, L50, M, shiny|100/100
|switch|p1b: Gholdengo|Gholdengo, L50, shiny|100/100
|switch|p2a: Akuma|Annihilape, L50, M|100/100
|switch|p2b: Fubuki|Ninetales-Alola, L50, F|100/100
|-weather|Snowscape|[from] ability: Snow Warning|[of] p2b: Fubuki
|turn|1
|
|t:|1756849696
|move|p2b: Fubuki|Blizzard|p1a: Hydreigon|[spread] p1a,p1b
|-supereffective|p1a: Hydreigon
|-resisted|p1b: Gholdengo
|-damage|p1a: Hydreigon|32/100
|-damage|p1b: Gholdengo|85/100
|-status|p1b: Gholdengo|frz
|move|p1a: Hydreigon|Tailwind|p1a: Hydreigon
|-sidestart|p1: balance bro|move: Tailwind
|cant|p1b: Gholdengo|frz
|move|p2a: Akuma|Bulk Up|p2a: Akuma
|-boost|p2a: Akuma|atk|1
|-boost|p2a: Akuma|def|1
|
|-weather|Snowscape|[upkeep]
|upkeep
|turn|2
|
|t:|1756849720
|switch|p1a: Porygon2|Porygon2, L50, shiny|100/100
|-ability|p1a: Porygon2|Download|boost
|-boost|p1a: Porygon2|spa|1
|move|p2b: Fubuki|Protect|p2b: Fubuki
|-singleturn|p2b: Fubuki|Protect
|-curestatus|p1b: Gholdengo|frz|[msg]
|move|p1b: Gholdengo|Make It Rain|p2b: Fubuki|[spread] p2a
|-activate|p2b: Fubuki|move: Protect
|-damage|p2a: Akuma|44/100
|-unboost|p1b: Gholdengo|spa|1
|move|p2a: Akuma|Drain Punch|p1a: Porygon2
|-supereffective|p1a: Porygon2
|-damage|p1a: Porygon2|41/100
|-heal|p2a: Akuma|70/100|[from] drain|[of] p1a: Porygon2
|
|-weather|Snowscape|[upkeep]
|upkeep
|turn|3
|
|t:|1756849753
|move|p1b: Gholdengo|Nasty Plot|p1b: Gholdengo
|-boost|p1b: Gholdengo|spa|2
|move|p2b: Fubuki|Aurora Veil|p2b: Fubuki
|-sidestart|p2: eldannyboy510|move: Aurora Veil
|move|p1a: Porygon2|Recover|p1a: Porygon2
|-heal|p1a: Porygon2|91/100
|move|p2a: Akuma|Drain Punch|p1a: Porygon2
|-supereffective|p1a: Porygon2
|-damage|p1a: Porygon2|34/100
|-heal|p2a: Akuma|95/100|[from] drain|[of] p1a: Porygon2
|
|-weather|Snowscape|[upkeep]
|upkeep
|turn|4
|
|t:|1756849775
|move|p2b: Fubuki|Protect|p2b: Fubuki
|-singleturn|p2b: Fubuki|Protect
|move|p2a: Akuma|Protect|p2a: Akuma
|-singleturn|p2a: Akuma|Protect
|move|p1b: Gholdengo|Make It Rain|p2a: Akuma|[spread] 
|-activate|p2a: Akuma|move: Protect
|-activate|p2b: Fubuki|move: Protect
|move|p1a: Porygon2|Trick Room|p1a: Porygon2
|-fieldstart|move: Trick Room|[of] p1a: Porygon2
|
|-weather|Snowscape|[upkeep]
|-sideend|p1: balance bro|move: Tailwind
|upkeep
|turn|5
|
|t:|1756849799
|move|p1a: Porygon2|Tera Blast|p2a: Akuma
|-immune|p2a: Akuma
|move|p1b: Gholdengo|Shadow Ball|p2a: Akuma
|-supereffective|p2a: Akuma
|-damage|p2a: Akuma|9/100
|move|p2a: Akuma|Rage Fist|p1b: Gholdengo
|-supereffective|p1b: Gholdengo
|-damage|p1b: Gholdengo|0 fnt
|faint|p1b: Gholdengo
|move|p2b: Fubuki|Blizzard|p1a: Porygon2
|-damage|p1a: Porygon2|9/100
|
|-weather|none
|upkeep
|
|t:|1756849810
|switch|p1b: Incineroar|Incineroar, L50, M, shiny|100/100
|-ability|p1b: Incineroar|Intimidate|boost
|-unboost|p2a: Akuma|atk|1
|-ability|p2a: Akuma|Defiant|boost
|-boost|p2a: Akuma|atk|2
|-unboost|p2b: Fubuki|atk|1
|turn|6
|
|t:|1756849831
|move|p2a: Akuma|Protect|p2a: Akuma
|-singleturn|p2a: Akuma|Protect
|move|p1a: Porygon2|Recover|p1a: Porygon2
|-heal|p1a: Porygon2|59/100
|move|p1b: Incineroar|Knock Off|p2a: Akuma
|-activate|p2a: Akuma|move: Protect
|move|p2b: Fubuki|Blizzard|p1b: Incineroar|[spread] p1a,p1b
|-resisted|p1b: Incineroar
|-damage|p1a: Porygon2|41/100
|-damage|p1b: Incineroar|87/100
|
|upkeep
|turn|7
|
|t:|1756849863
|move|p1a: Porygon2|Recover|p1a: Porygon2
|-heal|p1a: Porygon2|91/100
|move|p1b: Incineroar|Knock Off|p2a: Akuma
|-damage|p2a: Akuma|0 fnt
|-enditem|p2a: Akuma|Safety Goggles|[from] move: Knock Off|[of] p1b: Incineroar
|faint|p2a: Akuma
|move|p2b: Fubuki|Blizzard|p1b: Incineroar|[spread] p1a,p1b
|-resisted|p1b: Incineroar
|-damage|p1a: Porygon2|72/100
|-damage|p1b: Incineroar|73/100
|
|-sideend|p2: eldannyboy510|move: Aurora Veil
|upkeep
|
|t:|1756849880
|switch|p2a: Megalodon|Garchomp, L50, M|100/100
|turn|8
|
|t:|1756849891
|switch|p1b: Hydreigon|Hydreigon, L50, M, shiny|32/100
|move|p2a: Megalodon|Protect|p2a: Megalodon
|-singleturn|p2a: Megalodon|Protect
|move|p1a: Porygon2|Tera Blast|p2b: Fubuki
|-damage|p2b: Fubuki|28/100
|move|p2b: Fubuki|Freeze-Dry|p1a: Porygon2
|-damage|p1a: Porygon2|55/100
|
|-fieldend|move: Trick Room
|upkeep
|turn|9
|
|t:|1756849940
|-terastallize|p1b: Hydreigon|Ghost
|move|p2b: Fubuki|Protect|p2b: Fubuki
|-singleturn|p2b: Fubuki|Protect
|move|p2a: Megalodon|Dragon Claw|p1b: Hydreigon
|-damage|p1b: Hydreigon|0 fnt
|faint|p1b: Hydreigon
|-damage|p2a: Megalodon|91/100|[from] item: Life Orb
|move|p1a: Porygon2|Ice Beam|p2a: Megalodon
|-supereffective|p2a: Megalodon
|-damage|p2a: Megalodon|0 fnt
|faint|p2a: Megalodon
|
|upkeep
|
|t:|1756849955
|switch|p2a: Réquiem|Gholdengo, L50|100/100
|switch|p1b: Incineroar|Incineroar, L50, M, shiny|73/100
|-ability|p1b: Incineroar|Intimidate|boost
|-unboost|p2a: Réquiem|atk|1
|-unboost|p2b: Fubuki|atk|1
|turn|10
|
|t:|1756849970
|move|p2a: Réquiem|Protect|p2a: Réquiem
|-singleturn|p2a: Réquiem|Protect
|move|p2b: Fubuki|Blizzard|p1b: Incineroar|[spread] p1a
|-miss|p2b: Fubuki|p1b: Incineroar
|-crit|p1a: Porygon2
|-damage|p1a: Porygon2|28/100
|move|p1b: Incineroar|Flare Blitz|p2a: Réquiem
|-activate|p2a: Réquiem|move: Protect
|move|p1a: Porygon2|Trick Room|p1a: Porygon2
|-fieldstart|move: Trick Room|[of] p1a: Porygon2
|
|upkeep
|turn|11
|
|t:|1756849993
|-terastallize|p2a: Réquiem|Steel
|move|p1a: Porygon2|Recover|p1a: Porygon2
|-heal|p1a: Porygon2|78/100
|move|p1b: Incineroar|Flare Blitz|p2a: Réquiem
|-supereffective|p2a: Réquiem
|-damage|p2a: Réquiem|0 fnt
|faint|p2a: Réquiem
|-damage|p1b: Incineroar|46/100|[from] Recoil
|-enditem|p1b: Incineroar|Sitrus Berry|[eat]
|-heal|p1b: Incineroar|71/100|[from] item: Sitrus Berry
|move|p2b: Fubuki|Freeze-Dry|p1a: Porygon2
|-damage|p1a: Porygon2|62/100
|
|upkeep
|turn|12
|
|t:|1756850012
|move|p1a: Porygon2|Tera Blast|p2b: Fubuki
|-damage|p2b: Fubuki|0 fnt
|faint|p2b: Fubuki
|
|win|balance bro
