|j|☆arkjsmith
|j|☆Schroombert
|html|arkjsmithSchroombert    
|uhtml|bestof|Game 2 of a best-of-3
|t:|1756638306
|gametype|doubles
|player|p1|arkjsmith|roxie|1223
|player|p2|Schroombert|rancher|1329
|gen|9
|tier|[Gen 9] VGC 2025 Reg H (Bo3)
|rated|
|rule|Species Clause: Limit one of each Pokémon
|rule|Item Clause: Limit 1 of each item
|clearpoke
|poke|p1|Dragonite, L50, M|
|poke|p1|Ninetales-Alola, L50, M|
|poke|p1|Annihilape, L50, F|
|poke|p1|Rillaboom, L50, M|
|poke|p1|Gholdengo, L50|
|poke|p1|Ursaluna-Bloodmoon, L50, M|
|poke|p2|Tyranitar, L50, M|
|poke|p2|Kilowattrel, L50, M|
|poke|p2|Garchomp, L50, M|
|poke|p2|Archaludon, L50, M|
|poke|p2|Sneasler, L50, M|
|poke|p2|Indeedee, L50, M|
|teampreview|4
|showteam|p1|Dragonite||LoadedDice|Multiscale|ScaleShot,ExtremeSpeed,Tailwind,Protect|||M|||50|,,,,,Fairy]Ninetales-Alola||LightClay|SnowWarning|IcicleSpear,AuroraVeil,Blizzard,IcyWind|||M|||50|,,,,,Ghost]Annihilape||SafetyGoggles|Defiant|RageFist,DrainPunch,BulkUp,Protect|||F|||50|,,,,,Fire]Rillaboom||MiracleSeed|GrassySurge|WoodHammer,GrassyGlide,FakeOut,Protect|||M|||50|,,,,,Grass]Gholdengo||LifeOrb|GoodasGold|MakeItRain,ShadowBall,NastyPlot,Protect||||||50|,,,,,Water]Ursaluna-Bloodmoon||AssaultVest|MindsEye|BloodMoon,HyperVoice,EarthPower,VacuumWave|||M|||50|,,,,,Ghost
|showteam|p2|Tyranitar||AssaultVest|SandStream|KnockOff,RockSlide,LowKick,TeraBlast|||M|||50|,,,,,Flying]Kilowattrel||CovertCloak|Competitive|Thunderbolt,AirSlash,Electroweb,Tailwind|||M|||50|,,,,,Grass]Garchomp||LifeOrb|SandVeil|Earthquake,DragonClaw,StompingTantrum,Protect|||M|||50|,,,,,Steel]Archaludon||PowerHerb|Sturdy|ElectroShot,DracoMeteor,FlashCannon,Protect|||M|||50|,,,,,Stellar]Sneasler||PsychicSeed|Unburden|CloseCombat,DireClaw,ThroatChop,Protect|||M|||50|,,,,,Dark]Indeedee||FocusSash|PsychicSurge|ExpandingForce,TeraBlast,Imprison,TrickRoom|||M|||50|,,,,,Ground
|inactive|Battle timer is ON: inactive players will automatically lose when time's up. (requested by Schroombert)
|inactive|arkjsmith also wants the timer to be on.
|inactive|Schroombert has 60 seconds left.
|
|t:|1756638337
|teamsize|p1|4
|teamsize|p2|4
|start
|switch|p1a: Ninetales|Ninetales-Alola, L50, M|100/100
|switch|p1b: Annihilape|Annihilape, L50, F|100/100
|switch|p2a: Sneasler|Sneasler, L50, M|100/100
|switch|p2b: Tyranitar|Tyranitar, L50, M, shiny|100/100
|-weather|Snowscape|[from] ability: Snow Warning|[of] p1a: Ninetales
|-weather|Sandstorm|[from] ability: Sand Stream|[of] p2b: Tyranitar
|turn|1
|inactive|arkjsmith has 30 seconds left.
|
|t:|1756638366
|-terastallize|p1a: Ninetales|Ghost
|-terastallize|p2b: Tyranitar|Flying
|move|p2a: Sneasler|Dire Claw|p1a: Ninetales
|-resisted|p1a: Ninetales
|-damage|p1a: Ninetales|74/100
|move|p1a: Ninetales|Icy Wind|p2b: Tyranitar|[spread] p2a,p2b
|-supereffective|p2b: Tyranitar
|-damage|p2a: Sneasler|85/100
|-damage|p2b: Tyranitar|87/100
|-unboost|p2a: Sneasler|spe|1
|-unboost|p2b: Tyranitar|spe|1
|move|p1b: Annihilape|Bulk Up|p1b: Annihilape
|-boost|p1b: Annihilape|atk|1
|-boost|p1b: Annihilape|def|1
|move|p2b: Tyranitar|Tera Blast|p1b: Annihilape|[anim] Tera Blast Flying
|-supereffective|p1b: Annihilape
|-damage|p1b: Annihilape|40/100
|
|-weather|Sandstorm|[upkeep]
|-damage|p1a: Ninetales|68/100|[from] Sandstorm
|-damage|p2a: Sneasler|79/100|[from] Sandstorm
|-damage|p2b: Tyranitar|81/100|[from] Sandstorm
|upkeep
|turn|2
|inactive|arkjsmith has 30 seconds left.
|inactive|Schroombert has 30 seconds left.
|
|t:|1756638392
|switch|p2b: Indeedee|Indeedee, L50, M|100/100
|-fieldstart|move: Psychic Terrain|[from] ability: Psychic Surge|[of] p2b: Indeedee
|-enditem|p2a: Sneasler|Psychic Seed
|-boost|p2a: Sneasler|spd|1|[from] item: Psychic Seed
|move|p2a: Sneasler|Throat Chop|p1a: Ninetales
|-supereffective|p1a: Ninetales
|-damage|p1a: Ninetales|4/100
|-start|p1a: Ninetales|Throat Chop|[silent]
|move|p1a: Ninetales|Blizzard|p2a: Sneasler|[spread] p2a,p2b
|-damage|p2a: Sneasler|58/100
|-damage|p2b: Indeedee|65/100
|move|p1b: Annihilape|Rage Fist|p2b: Indeedee
|-immune|p2b: Indeedee
|
|-weather|Sandstorm|[upkeep]
|-damage|p2a: Sneasler|52/100|[from] Sandstorm
|-damage|p1a: Ninetales|0 fnt|[from] Sandstorm
|-damage|p2b: Indeedee|59/100|[from] Sandstorm
|faint|p1a: Ninetales
|upkeep
|
|t:|1756638397
|switch|p1a: Rillaboom|Rillaboom, L50, M|100/100
|-fieldstart|move: Grassy Terrain|[from] ability: Grassy Surge|[of] p1a: Rillaboom
|turn|3
|
|t:|1756638411
|switch|p2b: Tyranitar|Tyranitar, L50, M, shiny, tera:Flying|81/100
|move|p2a: Sneasler|Protect|p2a: Sneasler
|-singleturn|p2a: Sneasler|Protect
|move|p1a: Rillaboom|Grassy Glide|p2b: Tyranitar
|-resisted|p2b: Tyranitar
|-damage|p2b: Tyranitar|61/100
|move|p1b: Annihilape|Rage Fist|p2a: Sneasler
|-activate|p2a: Sneasler|move: Protect
|
|-weather|Sandstorm|[upkeep]
|-damage|p2a: Sneasler|46/100|[from] Sandstorm
|-damage|p1a: Rillaboom|94/100|[from] Sandstorm
|-damage|p2b: Tyranitar|55/100|[from] Sandstorm
|-heal|p2a: Sneasler|52/100|[from] Grassy Terrain
|-heal|p1b: Annihilape|46/100|[from] Grassy Terrain
|-heal|p1a: Rillaboom|100/100|[from] Grassy Terrain
|upkeep
|turn|4
|inactive|arkjsmith has 30 seconds left.
|inactive|arkjsmith has 20 seconds left.
|
|t:|1756638448
|move|p1a: Rillaboom|Protect|p1a: Rillaboom
|-singleturn|p1a: Rillaboom|Protect
|move|p2a: Sneasler|Dire Claw|p1a: Rillaboom
|-activate|p1a: Rillaboom|move: Protect
|move|p1b: Annihilape|Rage Fist|p2b: Tyranitar
|-damage|p2b: Tyranitar|2/100
|move|p2b: Tyranitar|Tera Blast|p1a: Rillaboom|[anim] Tera Blast Flying
|-activate|p1a: Rillaboom|move: Protect
|
|-weather|Sandstorm|[upkeep]
|-damage|p2a: Sneasler|46/100|[from] Sandstorm
|-damage|p1a: Rillaboom|94/100|[from] Sandstorm
|-damage|p2b: Tyranitar|0 fnt|[from] Sandstorm
|faint|p2b: Tyranitar
|-heal|p2a: Sneasler|52/100|[from] Grassy Terrain
|-heal|p1b: Annihilape|52/100|[from] Grassy Terrain
|-heal|p1a: Rillaboom|100/100|[from] Grassy Terrain
|upkeep
|
|t:|1756638458
|switch|p2b: Indeedee|Indeedee, L50, M|59/100
|-fieldstart|move: Psychic Terrain|[from] ability: Psychic Surge|[of] p2b: Indeedee
|turn|5
|
|t:|1756638470
|switch|p1a: Dragonite|Dragonite, L50, M|100/100
|move|p2a: Sneasler|Dire Claw|p1a: Dragonite
|-damage|p1a: Dragonite|76/100
|-status|p1a: Dragonite|psn
|move|p2b: Indeedee|Expanding Force|p1b: Annihilape|[spread] p1a,p1b
|-supereffective|p1b: Annihilape
|-damage|p1a: Dragonite|22/100 psn
|-damage|p1b: Annihilape|0 fnt
|faint|p1b: Annihilape
|
|-weather|none
|-damage|p1a: Dragonite|10/100 psn|[from] psn
|upkeep
|
|t:|1756638480
|switch|p1b: Rillaboom|Rillaboom, L50, M|100/100
|-fieldstart|move: Grassy Terrain|[from] ability: Grassy Surge|[of] p1b: Rillaboom
|turn|6
|
|t:|1756638496
|move|p1b: Rillaboom|Fake Out|p2b: Indeedee
|-damage|p2b: Indeedee|27/100
|move|p1a: Dragonite|Extreme Speed|p2a: Sneasler
|-damage|p2a: Sneasler|2/100
|move|p2a: Sneasler|Dire Claw|p1a: Dragonite
|-damage|p1a: Dragonite|0 fnt
|faint|p1a: Dragonite
|cant|p2b: Indeedee|flinch
|
|-heal|p2a: Sneasler|8/100|[from] Grassy Terrain
|-heal|p2b: Indeedee|33/100|[from] Grassy Terrain
|upkeep
|turn|7
|
|t:|1756638506
|switch|p2b: Archaludon|Archaludon, L50, M, shiny|100/100
|move|p2a: Sneasler|Protect|p2a: Sneasler
|-singleturn|p2a: Sneasler|Protect
|move|p1b: Rillaboom|Grassy Glide|p2a: Sneasler
|-activate|p2a: Sneasler|move: Protect
|
|-heal|p2a: Sneasler|13/100|[from] Grassy Terrain
|upkeep
|turn|8
|-message|arkjsmith forfeited.
|
|win|Schroombert
||arkjsmith is ready for game 3.
||Schroombert is ready for game 3.
|uhtml|next|Next: Game 3 of 3
|l|☆Schroombert
|player|p2|
