|j|☆Artere Happy
|j|☆Lorido
|html|Artere HappyLorido    
|uhtml|bestof|Game 3 of a best-of-3
|t:|1785255753
|gametype|doubles
|player|p1|Artere Happy|medium|1244
|player|p2|Lorido|2|1356
|gen|9
|tier|[Gen 9 Champions] VGC 2026 Reg M-B (Bo3)
|rated|
|rule|Species Clause: Limit one of each Pokémon
|rule|Item Clause: Limit 1 of each item
|clearpoke
|poke|p1|Charizard, L50, F|
|poke|p1|Floette-Eternal, L50, F|
|poke|p1|Whimsicott, L50, M|
|poke|p1|Kingambit, L50, M|
|poke|p1|Basculegion, L50, M|
|poke|p1|Garchomp, L50, F|
|poke|p2|Delphox, L50, F|
|poke|p2|Incineroar, L50, M|
|poke|p2|Floette-Eternal, L50, F|
|poke|p2|Kingambit, L50, M|
|poke|p2|Sinistcha, L50|
|poke|p2|Sneasler, L50, F|
|teampreview|4
|showteam|p1|Charizard||CharizarditeY|Blaze|HeatWave,WeatherBall,SolarBeam,Protect|Modest||F|||50|]Floette-Eternal||Floettite|FlowerVeil|DazzlingGleam,Moonblast,LightofRuin,Protect|Timid||F|||50|]Whimsicott||FocusSash|Prankster|Tailwind,Encore,Moonblast,Protect|Timid||M|||50|]Kingambit||ChopleBerry|Defiant|SuckerPunch,KowtowCleave,IronHead,Protect|Adamant||M|||50|]Basculegion||MysticWater|Adaptability|WaveCrash,AquaJet,LastRespects,Protect|Adamant||M|||50|]Garchomp||LifeOrb|RoughSkin|DragonClaw,Earthquake,RockSlide,Protect|Jolly||F|||50|
|showteam|p2|Delphox||Delphoxite|Blaze|HeatWave,Psychic,NastyPlot,Protect|Timid||F|||50|]Incineroar||SitrusBerry|Intimidate|FlareBlitz,DarkestLariat,FakeOut,PartingShot|Careful||M|||50|]Floette-Eternal||Floettite|FlowerVeil|DazzlingGleam,DrainingKiss,CalmMind,Protect|Bold||F|||50|]Kingambit||BlackGlasses|Defiant|KowtowCleave,SuckerPunch,IronHead,Protect|Adamant||M|||50|]Sinistcha||OccaBerry|Hospitality|MatchaGotcha,RagePowder,TrickRoom,Protect|Bold|||||50|]Sneasler||FocusSash|PoisonTouch|CloseCombat,PoisonJab,FakeOut,QuickGuard|Jolly||F|||50|
|inactive|Battle timer is ON: inactive players will automatically lose when time's up. (requested by Lorido)
|inactive|Artere Happy also wants the timer to be on.
|
|t:|1785255773
|teamsize|p1|4
|teamsize|p2|4
|start
|switch|p1a: Charizard|Charizard, L50, F|100/100
|switch|p1b: Whimsicott|Whimsicott, L50, M|100/100
|switch|p2a: Delphox|Delphox, L50, F|100/100
|switch|p2b: Sneasler|Sneasler, L50, F|100/100
|turn|1
|
|t:|1785255790
|switch|p2b: Incineroar|Incineroar, L50, M|100/100
|-ability|p2b: Incineroar|Intimidate|boost
|-unboost|p1a: Charizard|atk|1
|-unboost|p1b: Whimsicott|atk|1
|switch|p1a: Garchomp|Garchomp, L50, F|100/100
|detailschange|p2a: Delphox|Delphox-Mega, L50, F
|-mega|p2a: Delphox|Delphox|Delphoxite
|move|p1b: Whimsicott|Protect|p1b: Whimsicott
|-singleturn|p1b: Whimsicott|Protect
|move|p2a: Delphox|Nasty Plot|p2a: Delphox
|-boost|p2a: Delphox|spa|2
|
|upkeep
|turn|2
|
|t:|1785255808
|move|p2b: Incineroar|Fake Out|p1b: Whimsicott
|-damage|p1b: Whimsicott|84/100
|cant|p1b: Whimsicott|flinch
|move|p2a: Delphox|Psychic|p1a: Garchomp
|-crit|p1a: Garchomp
|-damage|p1a: Garchomp|0 fnt
|faint|p1a: Garchomp
|
|upkeep
|
|t:|1785255814
|switch|p1a: Kingambit|Kingambit, L50, M|100/100
|turn|3
|inactive|Lorido has 30 seconds left.
|inactive|Lorido has 20 seconds left.
|inactive|Lorido has 15 seconds left.
|
|t:|1785255859
|move|p1b: Whimsicott|Protect|p1b: Whimsicott
|-singleturn|p1b: Whimsicott|Protect
|move|p2a: Delphox|Protect|p2a: Delphox
|-singleturn|p2a: Delphox|Protect
|move|p1a: Kingambit|Protect|p1a: Kingambit
|-singleturn|p1a: Kingambit|Protect
|move|p2b: Incineroar|Parting Shot|p1b: Whimsicott
|-activate|p1b: Whimsicott|move: Protect
|
|upkeep
|turn|4
|
|t:|1785255881
|switch|p1a: Charizard|Charizard, L50, F|100/100
|move|p1b: Whimsicott|Encore|p2a: Delphox
|-start|p2a: Delphox|Encore
|move|p2a: Delphox|Protect|p2a: Delphox
|-singleturn|p2a: Delphox|Protect
|move|p2b: Incineroar|Flare Blitz|p1a: Charizard
|-resisted|p1a: Charizard|1
|-damage|p1a: Charizard|78/100
|-damage|p2b: Incineroar|93/100|[from] Recoil
|
|upkeep
|turn|5
|
|t:|1785255900
|detailschange|p1a: Charizard|Charizard-Mega-Y, L50, F
|-mega|p1a: Charizard|Charizard|Charizardite Y
|-weather|SunnyDay|[from] ability: Drought|[of] p1a: Charizard
|move|p2a: Delphox|Protect||[still]
|-fail|p2a: Delphox
|move|p1b: Whimsicott|Moonblast|p2b: Incineroar
|-damage|p2b: Incineroar|67/100
|move|p1a: Charizard|Weather Ball|p2b: Incineroar
|-resisted|p2b: Incineroar|1
|-damage|p2b: Incineroar|34/100
|-enditem|p2b: Incineroar|Sitrus Berry|[eat]
|-heal|p2b: Incineroar|59/100|[from] item: Sitrus Berry
|move|p2b: Incineroar|Parting Shot|p1a: Charizard
|-unboost|p1a: Charizard|atk|1
|-unboost|p1a: Charizard|spa|1
|
|t:|1785255915
|switch|p2b: Sneasler|Sneasler, L50, F|100/100|[from] Parting Shot
|
|-weather|SunnyDay|[upkeep]
|upkeep
|turn|6
|
|t:|1785255924
|switch|p1a: Kingambit|Kingambit, L50, M|100/100
|move|p1b: Whimsicott|Protect|p1b: Whimsicott
|-singleturn|p1b: Whimsicott|Protect
|move|p2a: Delphox|Protect|p2a: Delphox
|-singleturn|p2a: Delphox|Protect
|move|p2b: Sneasler|Poison Jab|p1a: Kingambit
|-immune|p1a: Kingambit
|
|-weather|SunnyDay|[upkeep]
|-end|p2a: Delphox|Encore
|upkeep
|turn|7
|inactive|Lorido has 30 seconds left.
|
|t:|1785255956
|switch|p2a: Sinistcha|Sinistcha, L50|100/100
|move|p1a: Kingambit|Protect|p1a: Kingambit
|-singleturn|p1a: Kingambit|Protect
|move|p1b: Whimsicott|Encore||[still]
|-fail|p1b: Whimsicott
|move|p2b: Sneasler|Poison Jab|p1b: Whimsicott
|-supereffective|p1b: Whimsicott|2
|-damage|p1b: Whimsicott|0 fnt
|faint|p1b: Whimsicott
|
|-weather|SunnyDay|[upkeep]
|upkeep
|
|t:|1785255964
|switch|p1b: Charizard|Charizard-Mega-Y, L50, F|78/100
|turn|8
|inactive|Lorido has 30 seconds left.
|inactive|Lorido has 20 seconds left.
|inactive|Lorido has 15 seconds left.
|
|t:|1785256005
|move|p1a: Kingambit|Sucker Punch|p2b: Sneasler
|-resisted|p2b: Sneasler|1
|-damage|p2b: Sneasler|68/100
|move|p2b: Sneasler|Poison Jab|p1b: Charizard
|-damage|p1b: Charizard|42/100
|-status|p1b: Charizard|psn
|move|p1b: Charizard|Heat Wave|p2b: Sneasler|[spread] p2a
|-miss|p1b: Charizard|p2b: Sneasler
|-supereffective|p2a: Sinistcha|1
|-enditem|p2a: Sinistcha|Occa Berry|[eat]
|-enditem|p2a: Sinistcha|Occa Berry|[weaken]
|-damage|p2a: Sinistcha|37/100
|move|p2a: Sinistcha|Matcha Gotcha|p1b: Charizard|[spread] p1a,p1b
|-resisted|p1a: Kingambit|1
|-resisted|p1b: Charizard|2
|-damage|p1a: Kingambit|86/100
|-heal|p2a: Sinistcha|45/100|[from] drain|[of] p1a: Kingambit
|-damage|p1b: Charizard|37/100 psn
|-heal|p2a: Sinistcha|48/100|[from] drain|[of] p1b: Charizard
|
|-weather|SunnyDay|[upkeep]
|-damage|p1b: Charizard|25/100 psn|[from] psn
|upkeep
|turn|9
|inactive|Lorido has 30 seconds left.
|
|t:|1785256032
|switch|p2a: Incineroar|Incineroar, L50, M|59/100
|-ability|p2a: Incineroar|Intimidate|boost
|-unboost|p1a: Kingambit|atk|1
|-ability|p1a: Kingambit|Defiant|boost
|-boost|p1a: Kingambit|atk|2
|-unboost|p1b: Charizard|atk|1
|move|p1a: Kingambit|Protect|p1a: Kingambit
|-singleturn|p1a: Kingambit|Protect
|move|p2b: Sneasler|Quick Guard|p2b: Sneasler
|-singleturn|p2b: Sneasler|Quick Guard
|move|p1b: Charizard|Heat Wave|p2a: Incineroar|[spread] 
|-miss|p1b: Charizard|p2a: Incineroar
|-miss|p1b: Charizard|p2b: Sneasler
|
|-weather|none
|-damage|p1b: Charizard|13/100 psn|[from] psn
|upkeep
|turn|10
|-message|Artere Happy forfeited.
|
|win|Lorido
|raw|Artere Happy's rating: 1244 → 1227(-17 for losing)
|raw|Lorido's rating: 1356 → 1370(+14 for winning)
