|j|☆Alecat
|j|☆tokidogi ツ
|html|Alecattokidogi ツ    
|uhtml|bestof|Game 1 of a best-of-3
|t:|1756355635
|gametype|doubles
|player|p1|Alecat|scientistf|1070
|player|p2|tokidogi ツ|miku-water|1029
|gen|9
|tier|[Gen 9] VGC 2025 Reg H (Bo3)
|rated|
|rule|Species Clause: Limit one of each Pokémon
|rule|Item Clause: Limit 1 of each item
|clearpoke
|poke|p1|Pawmot, L50, F|
|poke|p1|Gyarados, L50, M|
|poke|p1|Volcarona, L50, M|
|poke|p1|Murkrow, L50, M|
|poke|p1|Incineroar, L50, M|
|poke|p1|Archaludon, L50, F|
|poke|p2|Archaludon, L50, M|
|poke|p2|Rillaboom, L50, F|
|poke|p2|Politoed, L50, F|
|poke|p2|Gholdengo, L50|
|poke|p2|Electrode-Hisui, L50|
|poke|p2|Drifblim, L50, M|
|teampreview|4
|showteam|p1|Pawmot||FocusSash|VoltAbsorb|DoubleShock,Coaching,CloseCombat,Protect|||F|||50|,,,,,Electric]Gyarados||ClearAmulet|Moxie|Waterfall,DragonDance,Earthquake,Protect|||M|||50|,,,,,Ground]Volcarona||SitrusBerry|FlameBody|Overheat,StruggleBug,RagePowder,Tailwind|||M|||50|,,,,,Grass]Murkrow||Eviolite|Prankster|FoulPlay,RainDance,Taunt,SunnyDay|||M|||50|,,,,,Dark]Incineroar||AssaultVest|Intimidate|FlareBlitz,FakeOut,Bulldoze,KnockOff|||M|||50|,,,,,Ghost]Archaludon||PowerHerb|Stalwart|DragonTail,FlashCannon,ElectroShot,Protect|||F|||50|,,,,,Grass
|showteam|p2|Archaludon||AssaultVest|Stamina|ElectroShot,DracoMeteor,Snarl,BodyPress|||M|||50|,,,,,Bug]Rillaboom||MiracleSeed|GrassySurge|Protect,FakeOut,GrassyGlide,Uturn|||F|||50|,,,,,Ghost]Politoed||SitrusBerry|Drizzle|Protect,Encore,PerishSong,WeatherBall|||F|||50|,,,,,Grass]Gholdengo||Leftovers|GoodasGold|Protect,NastyPlot,MakeItRain,ShadowBall||||||50|,,,,,Dragon]Electrode-Hisui||FocusSash|Soundproof|Protect,Electroweb,Thunder,GrassKnot||||||50|,,,,,Ghost]Drifblim||GrassySeed|Unburden|Imprison,TrickRoom,ShadowBall,AirCutter|||M|||50|,,,,,Grass
|inactive|Battle timer is ON: inactive players will automatically lose when time's up. (requested by Alecat)
|inactive|Alecat has 60 seconds left.
|inactive|tokidogi ツ has 60 seconds left.
|inactive|tokidogi ツ has 30 seconds left.
|
|t:|1756355704
|teamsize|p1|4
|teamsize|p2|4
|start
|switch|p1a: Pawmot|Pawmot, L50, F|100/100
|switch|p1b: Murkrow|Murkrow, L50, M|100/100
|switch|p2a: Politoed|Politoed, L50, F, shiny|100/100
|switch|p2b: Electrode|Electrode-Hisui, L50, shiny|100/100
|-weather|RainDance|[from] ability: Drizzle|[of] p2a: Politoed
|turn|1
|inactive|Alecat has 30 seconds left.
|inactive|Alecat has 20 seconds left.
|
|t:|1756355741
|switch|p2a: Archaludon|Archaludon, L50, M, shiny|100/100
|move|p1b: Murkrow|Taunt|p2a: Archaludon
|-start|p2a: Archaludon|move: Taunt
|move|p2b: Electrode|Thunder|p1b: Murkrow
|-supereffective|p1b: Murkrow
|-damage|p1b: Murkrow|25/100
|move|p1a: Pawmot|Close Combat|p2a: Archaludon
|-supereffective|p2a: Archaludon
|-damage|p2a: Archaludon|9/100
|-unboost|p1a: Pawmot|def|1
|-unboost|p1a: Pawmot|spd|1
|-ability|p2a: Archaludon|Stamina|boost
|-boost|p2a: Archaludon|def|1
|
|-weather|RainDance|[upkeep]
|upkeep
|turn|2
|inactive|Alecat has 30 seconds left.
|inactive|tokidogi ツ has 30 seconds left.
|inactive|tokidogi ツ has 20 seconds left.
|
|t:|1756355781
|move|p2b: Electrode|Thunder|p1b: Murkrow
|-supereffective|p1b: Murkrow
|-damage|p1b: Murkrow|0 fnt
|faint|p1b: Murkrow
|move|p1a: Pawmot|Close Combat|p2a: Archaludon
|-supereffective|p2a: Archaludon
|-damage|p2a: Archaludon|0 fnt
|-unboost|p1a: Pawmot|def|1
|-unboost|p1a: Pawmot|spd|1
|faint|p2a: Archaludon
|
|-weather|RainDance|[upkeep]
|upkeep
|
|t:|1756355803
|switch|p2a: Politoed|Politoed, L50, F, shiny|100/100
|switch|p1b: Gyarados|Gyarados, L50, M|100/100
|turn|3
|
|t:|1756355826
|-terastallize|p2a: Politoed|Grass
|move|p1b: Gyarados|Protect|p1b: Gyarados
|-singleturn|p1b: Gyarados|Protect
|move|p2b: Electrode|Thunder|p1b: Gyarados
|-activate|p1b: Gyarados|move: Protect
|move|p1a: Pawmot|Close Combat|p2a: Politoed
|-damage|p2a: Politoed|39/100
|-unboost|p1a: Pawmot|def|1
|-unboost|p1a: Pawmot|spd|1
|-enditem|p2a: Politoed|Sitrus Berry|[eat]
|-heal|p2a: Politoed|64/100|[from] item: Sitrus Berry
|move|p2a: Politoed|Weather Ball|p1b: Gyarados
|-activate|p1b: Gyarados|move: Protect
|
|-weather|RainDance|[upkeep]
|upkeep
|turn|4
|
|t:|1756355845
|switch|p1b: Volcarona|Volcarona, L50, M|100/100
|move|p2b: Electrode|Grass Knot|p1a: Pawmot
|-enditem|p1a: Pawmot|Focus Sash
|-damage|p1a: Pawmot|1/100
|move|p1a: Pawmot|Close Combat|p2a: Politoed
|-damage|p2a: Politoed|6/100
|-unboost|p1a: Pawmot|def|1
|-unboost|p1a: Pawmot|spd|1
|move|p2a: Politoed|Weather Ball|p1a: Pawmot
|-damage|p1a: Pawmot|0 fnt
|faint|p1a: Pawmot
|
|-weather|RainDance|[upkeep]
|upkeep
|
|t:|1756355860
|switch|p1a: Gyarados|Gyarados, L50, M|100/100
|turn|5
|inactive|tokidogi ツ has 30 seconds left.
|inactive|Alecat has 30 seconds left.
|inactive|tokidogi ツ has 20 seconds left.
|
|t:|1756355899
|move|p1a: Gyarados|Protect|p1a: Gyarados
|-singleturn|p1a: Gyarados|Protect
|move|p2b: Electrode|Electroweb|p1b: Volcarona|[spread] p1b
|-activate|p1a: Gyarados|move: Protect
|-damage|p1b: Volcarona|85/100
|-unboost|p1b: Volcarona|spe|1
|move|p1b: Volcarona|Tailwind|p1b: Volcarona
|-sidestart|p1: Alecat|move: Tailwind
|move|p2a: Politoed|Weather Ball|p1b: Volcarona
|-supereffective|p1b: Volcarona
|-damage|p1b: Volcarona|0 fnt
|faint|p1b: Volcarona
|
|-weather|none
|upkeep
|turn|6
|inactive|Alecat has 30 seconds left.
|
|t:|1756355930
|switch|p2a: Gholdengo|Gholdengo, L50, shiny|100/100
|-terastallize|p1a: Gyarados|Ground
|move|p2b: Electrode|Protect|p2b: Electrode
|-singleturn|p2b: Electrode|Protect
|move|p1a: Gyarados|Earthquake|p2b: Electrode|[spread] p2a
|-activate|p2b: Electrode|move: Protect
|-supereffective|p2a: Gholdengo
|-damage|p2a: Gholdengo|31/100
|
|-heal|p2a: Gholdengo|38/100|[from] item: Leftovers
|upkeep
|turn|7
|
|t:|1756355941
|move|p2a: Gholdengo|Protect|p2a: Gholdengo
|-singleturn|p2a: Gholdengo|Protect
|move|p1a: Gyarados|Earthquake|p2a: Gholdengo|[spread] p2b
|-activate|p2a: Gholdengo|move: Protect
|-crit|p2b: Electrode
|-enditem|p2b: Electrode|Focus Sash
|-damage|p2b: Electrode|1/100
|move|p2b: Electrode|Grass Knot|p1a: Gyarados
|-supereffective|p1a: Gyarados
|-damage|p1a: Gyarados|4/100
|
|-heal|p2a: Gholdengo|44/100|[from] item: Leftovers
|upkeep
|turn|8
|inactive|tokidogi ツ has 30 seconds left.
|
|t:|1756355967
|move|p2a: Gholdengo|Protect||[still]
|-fail|p2a: Gholdengo
|move|p1a: Gyarados|Dragon Dance|p1a: Gyarados
|-boost|p1a: Gyarados|atk|1
|-boost|p1a: Gyarados|spe|1
|move|p2b: Electrode|Grass Knot|p1a: Gyarados
|-supereffective|p1a: Gyarados
|-damage|p1a: Gyarados|0 fnt
|faint|p1a: Gyarados
|
|win|tokidogi ツ
||tokidogi ツ is ready for game 2.
|inactive|Alecat has 30 seconds to confirm battle start!
|inactive|Alecat has 20 seconds to confirm battle start!
|inactive|Alecat has 10 seconds to confirm battle start!
||Alecat is ready for game 2.
|uhtml|next|Next: Game 2 of 3
