|j|☆TetheredAvian74
|j|☆teyvgc
|html|TetheredAvian74teyvgc    
|uhtml|bestof|Game 2 of a best-of-3
|t:|1785305108
|gametype|doubles
|player|p1|TetheredAvian74|266|1170
|player|p2|teyvgc|rood|1142
|gen|9
|tier|[Gen 9 Champions] VGC 2026 Reg M-B (Bo3)
|rated|
|rule|Species Clause: Limit one of each Pokémon
|rule|Item Clause: Limit 1 of each item
|clearpoke
|poke|p1|Pelipper, L50, F|
|poke|p1|Talonflame, L50, F|
|poke|p1|Sinistcha, L50|
|poke|p1|Blastoise, L50, M|
|poke|p1|Archaludon, L50, F|
|poke|p1|Raichu, L50, M|
|poke|p2|Kingambit, L50, F|
|poke|p2|Garchomp, L50, F|
|poke|p2|Farigiraf, L50, F|
|poke|p2|Charizard, L50, M|
|poke|p2|Sylveon, L50, F|
|poke|p2|Aerodactyl, L50, M|
|teampreview|4
|showteam|p1|Pelipper||MentalHerb|Drizzle|Roost,WideGuard,Hurricane,WeatherBall|Modest||F|||50|]Talonflame||SharpBeak|GaleWings|DualWingbeat,Tailwind,TemperFlare,Protect|Jolly||F|||50|]Sinistcha||SitrusBerry|Hospitality|RagePowder,LifeDew,MatchaGotcha,Protect|Calm|||||50|]Blastoise||Blastoisinite|RainDish|ShellSmash,WaterSpout,DarkPulse,Protect|Modest||M|||50|]Archaludon||Leftovers|Stamina|ElectroShot,DragonPulse,AuraSphere,Protect|Calm||F|||50|]Raichu||RaichuniteX|LightningRod|FakeOut,VoltTackle,KnockOff,BrickBreak|Jolly||M|||50|
|showteam|p2|Kingambit||BlackGlasses|Defiant|Protect,IronHead,SuckerPunch,KowtowCleave|Brave||F|||50|]Garchomp||LifeOrb|RoughSkin|DragonClaw,Earthquake,RockSlide,Protect|Jolly||F|||50|]Farigiraf||SitrusBerry|ArmorTail|TwinBeam,Thunderbolt,TrickRoom,HelpingHand|Bold||F|||50|]Charizard||CharizarditeY|Blaze|Protect,HeatWave,SolarBeam,WeatherBall|Modest||M|||50|]Sylveon||FairyFeather|Pixilate|Detect,HyperBeam,HyperVoice,QuickAttack|Modest||F|||50|]Aerodactyl||Aerodactylite|Unnerve|WideGuard,RockSlide,DualWingbeat,Tailwind|Jolly||M|||50|
|inactive|Battle timer is ON: inactive players will automatically lose when time's up. (requested by TetheredAvian74)
|inactive|TetheredAvian74 has 60 seconds left.
|
|t:|1785305151
|teamsize|p1|4
|teamsize|p2|4
|start
|switch|p1a: Raichu|Raichu, L50, M|100/100
|switch|p1b: Pelipper|Pelipper, L50, F|100/100
|switch|p2a: Obsession|Aerodactyl, L50, M|100/100
|switch|p2b: Ian|Garchomp, L50, F|100/100
|-ability|p2a: Obsession|Unnerve
|-weather|RainDance|[from] ability: Drizzle|[of] p1b: Pelipper
|turn|1
|
|t:|1785305175
|move|p1a: Raichu|Fake Out|p2b: Ian
|-damage|p2b: Ian|89/100
|-damage|p1a: Raichu|87/100|[from] ability: Rough Skin|[of] p2b: Ian
|move|p2a: Obsession|Rock Slide|p1a: Raichu|[spread] p1a
|-miss|p2a: Obsession|p1b: Pelipper
|-damage|p1a: Raichu|43/100
|cant|p2b: Ian|flinch
|move|p1b: Pelipper|Weather Ball|p2a: Obsession
|-supereffective|p2a: Obsession|1
|-damage|p2a: Obsession|0 fnt
|faint|p2a: Obsession
|
|-weather|RainDance|[upkeep]
|upkeep
|
|t:|1785305190
|switch|p2a: Nikki|Charizard, L50, M|100/100
|turn|2
|
|t:|1785305202
|switch|p1b: Sinistcha|Sinistcha, L50|100/100
|-heal|p1a: Raichu|67/100|[from] ability: Hospitality|[of] p1b: Sinistcha
|move|p2a: Nikki|Protect|p2a: Nikki
|-singleturn|p2a: Nikki|Protect
|move|p1a: Raichu|Volt Tackle|p2a: Nikki
|-activate|p2a: Nikki|move: Protect
|move|p2b: Ian|Earthquake|p1b: Sinistcha|[spread] p1a,p1b
|-activate|p2a: Nikki|move: Protect
|-supereffective|p1a: Raichu|1
|-resisted|p1b: Sinistcha|1
|-damage|p1a: Raichu|0 fnt
|-damage|p1b: Sinistcha|73/100
|faint|p1a: Raichu
|-damage|p2b: Ian|79/100|[from] item: Life Orb
|
|-weather|RainDance|[upkeep]
|upkeep
|
|t:|1785305210
|switch|p1a: Blastoise|Blastoise, L50, M|100/100
|turn|3
|
|t:|1785305229
|detailschange|p2a: Nikki|Charizard-Mega-Y, L50, M
|-mega|p2a: Nikki|Charizard|Charizardite Y
|-weather|SunnyDay|[from] ability: Drought|[of] p2a: Nikki
|move|p2b: Ian|Earthquake|p1b: Sinistcha|[spread] p1a,p1b
|-immune|p2a: Nikki
|-resisted|p1b: Sinistcha|1
|-damage|p1a: Blastoise|48/100
|-damage|p1b: Sinistcha|48/100
|-enditem|p1b: Sinistcha|Sitrus Berry|[eat]
|-heal|p1b: Sinistcha|73/100|[from] item: Sitrus Berry
|-damage|p2b: Ian|69/100|[from] item: Life Orb
|move|p2a: Nikki|Heat Wave|p1b: Sinistcha|[spread] p1a,p1b
|-resisted|p1a: Blastoise|1
|-supereffective|p1b: Sinistcha|1
|-damage|p1a: Blastoise|19/100
|-damage|p1b: Sinistcha|0 fnt
|faint|p1b: Sinistcha
|move|p1a: Blastoise|Water Spout|p2a: Nikki|[spread] p2a,p2b
|-supereffective|p2a: Nikki|1
|-damage|p2a: Nikki|92/100
|-damage|p2b: Ian|64/100
|
|-weather|SunnyDay|[upkeep]
|upkeep
|
|t:|1785305232
|switch|p1b: Pelipper|Pelipper, L50, F|100/100
|-weather|RainDance|[from] ability: Drizzle|[of] p1b: Pelipper
|turn|4
|inactive|teyvgc has 30 seconds left.
|
|t:|1785305262
|switch|p2a: Bear|Kingambit, L50, F|100/100
|move|p1b: Pelipper|Wide Guard|p1b: Pelipper
|-singleturn|p1b: Pelipper|Wide Guard
|move|p2b: Ian|Rock Slide|p1b: Pelipper|[spread] 
|-activate|p1a: Blastoise|move: Wide Guard
|-activate|p1b: Pelipper|move: Wide Guard
|move|p1a: Blastoise|Water Spout|p2a: Bear|[spread] p2a,p2b
|-damage|p2a: Bear|85/100
|-damage|p2b: Ian|47/100
|
|-weather|RainDance|[upkeep]
|-heal|p1a: Blastoise|25/100|[from] ability: Rain Dish
|upkeep
|turn|5
|
|t:|1785305282
|move|p1a: Blastoise|Protect|p1a: Blastoise
|-singleturn|p1a: Blastoise|Protect
|move|p2a: Bear|Sucker Punch||[still]
|-fail|p2a: Bear
|move|p2b: Ian|Dragon Claw|p1b: Pelipper
|-damage|p1b: Pelipper|45/100
|-damage|p2b: Ian|38/100|[from] item: Life Orb
|move|p1b: Pelipper|Weather Ball|p2a: Bear
|-damage|p2a: Bear|33/100
|
|-weather|RainDance|[upkeep]
|-heal|p1a: Blastoise|31/100|[from] ability: Rain Dish
|upkeep
|turn|6
|
|t:|1785305299
|move|p2a: Bear|Sucker Punch|p1b: Pelipper
|-damage|p1b: Pelipper|0 fnt
|faint|p1b: Pelipper
|move|p2b: Ian|Dragon Claw|p1a: Blastoise
|-damage|p1a: Blastoise|0 fnt
|faint|p1a: Blastoise
|-damage|p2b: Ian|28/100|[from] item: Life Orb
|
|win|teyvgc
|raw|TetheredAvian74's rating: 1170 → 1143(-27 for losing)
|raw|teyvgc's rating: 1142 → 1169(+27 for winning)
