|j|☆Simone1799
|j|☆Shaymin frohawk
|html|Simone1799Shaymin frohawk    
|uhtml|bestof|Game 2 of a best-of-3
|t:|1786120699
|gametype|doubles
|player|p1|Simone1799|pokemaniac|1132
|player|p2|Shaymin frohawk|101|1214
|gen|9
|tier|[Gen 9 Champions] VGC 2026 Reg M-B (Bo3)
|rated|
|rule|Species Clause: Limit one of each Pokémon
|rule|Item Clause: Limit 1 of each item
|clearpoke
|poke|p1|Falinks, L50|
|poke|p1|Sinistcha, L50|
|poke|p1|Gholdengo, L50|
|poke|p1|Incineroar, L50, M|
|poke|p1|Farigiraf, L50, M|
|poke|p1|Sneasler, L50, M|
|poke|p2|Raichu, L50, M|
|poke|p2|Staraptor, L50, F|
|poke|p2|Arcanine-Hisui, L50, M|
|poke|p2|Sylveon, L50, M|
|poke|p2|Farigiraf, L50, M|
|poke|p2|Kingambit, L50, M|
|teampreview|4
|showteam|p1|Falinks||Falinksite|Defiant|ThroatChop,Protect,NoRetreat,CloseCombat|Adamant|||||50|]Sinistcha||OccaBerry|Hospitality|MatchaGotcha,TrickRoom,RagePowder,LifeDew|Bold|||||50|]Gholdengo||LifeOrb|GoodasGold|MakeItRain,NastyPlot,Protect,ShadowBall|Timid|||||50|]Incineroar||SitrusBerry|Intimidate|DarkestLariat,FlareBlitz,FakeOut,PartingShot|Careful||M|||50|]Farigiraf||MentalHerb|ArmorTail|TwinBeam,TrickRoom,HelpingHand,Thunderbolt|Bold||M|||50|]Sneasler||FocusSash|PoisonTouch|DireClaw,CloseCombat,Coaching,FakeOut|Jolly||M|||50|
|showteam|p2|Raichu||RaichuniteY|LightningRod|ZapCannon,FocusBlast,FakeOut,Protect|Hasty||M|||50|]Staraptor||Staraptite|Intimidate|DualWingbeat,CloseCombat,Tailwind,Protect|Jolly||F|||50|]Arcanine-Hisui||FocusSash|RockHead|FlareBlitz,HeadSmash,ExtremeSpeed,Protect|Jolly||M|||50|]Sylveon||FairyFeather|Pixilate|HyperBeam,HyperVoice,QuickAttack,Detect|Modest||M|||50|]Farigiraf||SitrusBerry|ArmorTail|TrickRoom,Protect,Psychic,HelpingHand|Calm||M|||50|]Kingambit||LifeOrb|Defiant|KowtowCleave,SuckerPunch,Protect,SwordsDance|Adamant||M|||50|
|inactive|Battle timer is ON: inactive players will automatically lose when time's up. (requested by Simone1799)
|
|t:|1786120725
|teamsize|p1|4
|teamsize|p2|4
|start
|switch|p1a: Falinks|Falinks, L50|100/100
|switch|p1b: Gholdengo|Gholdengo, L50|100/100
|switch|p2a: Arcanine|Arcanine-Hisui, L50, M|100/100
|switch|p2b: Kingambit|Kingambit, L50, M|100/100
|turn|1
|
|t:|1786120748
|switch|p2a: Farigiraf|Farigiraf, L50, M|100/100
|detailschange|p1a: Falinks|Falinks-Mega, L50
|-mega|p1a: Falinks|Falinks|Falinksite
|move|p1b: Gholdengo|Protect|p1b: Gholdengo
|-singleturn|p1b: Gholdengo|Protect
|move|p1a: Falinks|No Retreat|p1a: Falinks
|-boost|p1a: Falinks|atk|1
|-boost|p1a: Falinks|def|1
|-boost|p1a: Falinks|spa|1
|-boost|p1a: Falinks|spd|1
|-boost|p1a: Falinks|spe|1
|-start|p1a: Falinks|move: No Retreat
|move|p2b: Kingambit|Swords Dance|p2b: Kingambit
|-boost|p2b: Kingambit|atk|2
|
|upkeep
|turn|2
|
|t:|1786120767
|switch|p1b: Sinistcha|Sinistcha, L50|100/100
|move|p2b: Kingambit|Protect|p2b: Kingambit
|-singleturn|p2b: Kingambit|Protect
|move|p1a: Falinks|Close Combat|p2b: Kingambit
|-activate|p2b: Kingambit|move: Protect
|move|p2a: Farigiraf|Psychic|p1a: Falinks
|-supereffective|p1a: Falinks|1
|-damage|p1a: Falinks|25/100
|
|upkeep
|turn|3
|
|t:|1786120793
|move|p1b: Sinistcha|Rage Powder|p1b: Sinistcha
|-singleturn|p1b: Sinistcha|move: Rage Powder
|move|p2b: Kingambit|Sucker Punch||[still]
|-fail|p2b: Kingambit
|move|p1a: Falinks|Throat Chop|p2a: Farigiraf
|-supereffective|p2a: Farigiraf|1
|-damage|p2a: Farigiraf|22/100
|-start|p2a: Farigiraf|Throat Chop|[silent]
|-enditem|p2a: Farigiraf|Sitrus Berry|[eat]
|-heal|p2a: Farigiraf|46/100|[from] item: Sitrus Berry
|move|p2a: Farigiraf|Psychic|p1b: Sinistcha
|-damage|p1b: Sinistcha|67/100
|
|upkeep
|turn|4
|
|t:|1786120810
|move|p1b: Sinistcha|Rage Powder|p1b: Sinistcha
|-singleturn|p1b: Sinistcha|move: Rage Powder
|move|p1a: Falinks|Close Combat|p2b: Kingambit
|-supereffective|p2b: Kingambit|2
|-damage|p2b: Kingambit|0 fnt
|-unboost|p1a: Falinks|def|1
|-unboost|p1a: Falinks|spd|1
|faint|p2b: Kingambit
|move|p2a: Farigiraf|Psychic|p1b: Sinistcha
|-damage|p1b: Sinistcha|33/100
|
|-end|p2a: Farigiraf|Throat Chop|[silent]
|upkeep
|
|t:|1786120822
|switch|p2b: Staraptor|Staraptor, L50, F|100/100
|-ability|p2b: Staraptor|Intimidate|boost
|-unboost|p1a: Falinks|atk|1
|-ability|p1a: Falinks|Defiant|boost
|-boost|p1a: Falinks|atk|2
|-unboost|p1b: Sinistcha|atk|1
|turn|5
|
|t:|1786120838
|detailschange|p2b: Staraptor|Staraptor-Mega, L50, F
|-mega|p2b: Staraptor|Staraptor|Staraptite
|move|p1b: Sinistcha|Rage Powder|p1b: Sinistcha
|-singleturn|p1b: Sinistcha|move: Rage Powder
|move|p1a: Falinks|Throat Chop|p2a: Farigiraf
|-supereffective|p2a: Farigiraf|1
|-damage|p2a: Farigiraf|0 fnt
|faint|p2a: Farigiraf
|move|p2b: Staraptor|Tailwind|p2b: Staraptor
|-sidestart|p2: Shaymin frohawk|move: Tailwind
|
|upkeep
|
|t:|1786120845
|switch|p2a: Arcanine|Arcanine-Hisui, L50, M|100/100
|turn|6
|
|t:|1786120858
|switch|p1b: Incineroar|Incineroar, L50, M|100/100
|-ability|p1b: Incineroar|Intimidate|boost
|-unboost|p2a: Arcanine|atk|1
|-boost|p2b: Staraptor|atk|1
|move|p1a: Falinks|Protect|p1a: Falinks
|-singleturn|p1a: Falinks|Protect
|move|p2b: Staraptor|Dual Wingbeat|p1b: Incineroar
|-damage|p1b: Incineroar|72/100
|-damage|p1b: Incineroar|47/100
|-enditem|p1b: Incineroar|Sitrus Berry|[eat]
|-heal|p1b: Incineroar|71/100|[from] item: Sitrus Berry
|-hitcount|p1b: Incineroar|2
|move|p2a: Arcanine|Flare Blitz|p1a: Falinks
|-activate|p1a: Falinks|move: Protect
|
|upkeep
|turn|7
|
|t:|1786120875
|move|p1b: Incineroar|Fake Out|p2b: Staraptor
|-damage|p2b: Staraptor|88/100
|cant|p2b: Staraptor|flinch
|move|p2a: Arcanine|Flare Blitz|p1a: Falinks
|-crit|p1a: Falinks
|-damage|p1a: Falinks|0 fnt
|faint|p1a: Falinks
|
|upkeep
|
|t:|1786120886
|switch|p1a: Gholdengo|Gholdengo, L50|100/100
|turn|8
|
|t:|1786120895
|move|p1a: Gholdengo|Protect|p1a: Gholdengo
|-singleturn|p1a: Gholdengo|Protect
|move|p2b: Staraptor|Dual Wingbeat|p1a: Gholdengo
|-activate|p1a: Gholdengo|move: Protect
|move|p2a: Arcanine|Head Smash|p1b: Incineroar
|-supereffective|p1b: Incineroar|1
|-damage|p1b: Incineroar|0 fnt
|faint|p1b: Incineroar
|
|-sideend|p2: Shaymin frohawk|move: Tailwind
|upkeep
|
|t:|1786120902
|switch|p1b: Sinistcha|Sinistcha, L50|33/100
|turn|9
|
|t:|1786120907
|move|p1b: Sinistcha|Rage Powder|p1b: Sinistcha
|-singleturn|p1b: Sinistcha|move: Rage Powder
|move|p2b: Staraptor|Dual Wingbeat|p1b: Sinistcha
|-supereffective|p1b: Sinistcha|1
|-damage|p1b: Sinistcha|0 fnt
|faint|p1b: Sinistcha
|-hitcount|p1: Sinistcha|1
|move|p2a: Arcanine|Flare Blitz|p1a: Gholdengo
|-supereffective|p1a: Gholdengo|1
|-damage|p1a: Gholdengo|14/100
|move|p1a: Gholdengo|Make It Rain|p2a: Arcanine|[spread] p2a,p2b
|-damage|p2a: Arcanine|26/100
|-damage|p2b: Staraptor|21/100
|-unboost|p1a: Gholdengo|spa|2
|-damage|p1a: Gholdengo|4/100|[from] item: Life Orb
|
|upkeep
|turn|10
|-message|Simone1799 forfeited.
|
|win|Shaymin frohawk
|raw|Simone1799's rating: 1132 → 1113(-19 for losing)
|raw|Shaymin frohawk's rating: 1214 → 1233(+19 for winning)
