|j|☆zfan3o
|j|☆spicy mcchikin
|html|zfan3ospicy mcchikin    
|uhtml|bestof|Game 3 of a best-of-3
|t:|1784997286
|gametype|doubles
|player|p1|zfan3o|miku-fire|1117
|player|p2|spicy mcchikin|palmer|1144
|gen|9
|tier|[Gen 9 Champions] VGC 2026 Reg M-B (Bo3)
|rated|
|rule|Species Clause: Limit one of each Pokémon
|rule|Item Clause: Limit 1 of each item
|clearpoke
|poke|p1|Excadrill, L50, F|
|poke|p1|Tyranitar, L50, M, shiny|
|poke|p1|Sinistcha, L50|
|poke|p1|Milotic, L50, F|
|poke|p1|Gholdengo, L50|
|poke|p1|Staraptor, L50, M|
|poke|p2|Charizard, L50, M|
|poke|p2|Garchomp, L50, F|
|poke|p2|Kingambit, L50, M|
|poke|p2|Toxapex, L50, M|
|poke|p2|Whimsicott, L50, M|
|poke|p2|Basculegion, L50, M|
|teampreview|4
|showteam|p1|Excadrill||FocusSash|SandRush|HighHorsepower,Protect,RockSlide,IronHead|Adamant||F|||50|]Tyranitar||Tyranitarite|SandStream|KnockOff,LowKick,Protect,RockSlide|Adamant||M|||50|]Sinistcha||SitrusBerry|Hospitality|MatchaGotcha,RagePowder,TrickRoom,Protect|Relaxed|||||50|]Milotic||Leftovers|Competitive|Scald,IceBeam,IcyWind,Protect|Modest||F|||50|]Gholdengo||LifeOrb|GoodasGold|MakeItRain,NastyPlot,ShadowBall,Protect|Timid|||||50|]Staraptor||Staraptite|Intimidate|Tailwind,CloseCombat,BraveBird,Protect|Jolly||M|||50|
|showteam|p2|Charizard||CharizarditeY|Blaze|HeatWave,WeatherBall,SolarBeam,Protect|Modest||M|||50|]Garchomp||SitrusBerry|RoughSkin|DragonClaw,Earthquake,Protect,RockSlide|Adamant||F|||50|]Kingambit||ChopleBerry|Defiant|KowtowCleave,LowKick,SuckerPunch,Protect|Adamant||M|||50|]Toxapex||Leftovers|Regenerator|BanefulBunker,Toxic,Infestation,WideGuard|Bold||M|||50|]Whimsicott||FocusSash|Prankster|Moonblast,Encore,Tailwind,Protect|Timid||M|||50|]Basculegion||LifeOrb|Adaptability|WaveCrash,LastRespects,AquaJet,Protect|Adamant||M|||50|
|inactive|Battle timer is ON: inactive players will automatically lose when time's up. (requested by spicy mcchikin)
|inactive|spicy mcchikin has 60 seconds left.
|inactive|spicy mcchikin has 30 seconds left.
|
|t:|1784997355
|teamsize|p1|4
|teamsize|p2|4
|start
|switch|p1a: Milotic|Milotic, L50, F|100/100
|switch|p1b: Staraptor|Staraptor, L50, M|100/100
|switch|p2a: Toxapex|Toxapex, L50, M|100/100
|switch|p2b: Charizard|Charizard, L50, M|100/100
|-ability|p1b: Staraptor|Intimidate|boost
|-unboost|p2a: Toxapex|atk|1
|-unboost|p2b: Charizard|atk|1
|turn|1
|
|t:|1784997379
|move|p2b: Charizard|Protect|p2b: Charizard
|-singleturn|p2b: Charizard|Protect
|move|p1b: Staraptor|Tailwind|p1b: Staraptor
|-sidestart|p1: zfan3o|move: Tailwind
|move|p1a: Milotic|Scald|p2b: Charizard
|-activate|p2b: Charizard|move: Protect
|move|p2a: Toxapex|Toxic|p1a: Milotic
|-status|p1a: Milotic|tox
|
|-damage|p1a: Milotic|94/100 tox|[from] psn
|upkeep
|turn|2
|
|t:|1784997403
|detailschange|p2b: Charizard|Charizard-Mega-Y, L50, M
|-mega|p2b: Charizard|Charizard|Charizardite Y
|-weather|SunnyDay|[from] ability: Drought|[of] p2b: Charizard
|move|p1b: Staraptor|Brave Bird|p2b: Charizard
|-damage|p2b: Charizard|47/100
|-damage|p1b: Staraptor|81/100|[from] Recoil
|move|p1a: Milotic|Scald|p2b: Charizard
|-supereffective|p2b: Charizard|1
|-damage|p2b: Charizard|19/100
|move|p2b: Charizard|Heat Wave|p1b: Staraptor|[spread] p1b
|-miss|p2b: Charizard|p1a: Milotic
|-damage|p1b: Staraptor|0 fnt
|faint|p1b: Staraptor
|move|p2a: Toxapex|Infestation|p1a: Milotic
|-damage|p1a: Milotic|91/100 tox
|-activate|p1a: Milotic|move: Infestation|[of] p2a: Toxapex
|
|-weather|SunnyDay|[upkeep]
|-heal|p1a: Milotic|97/100 tox|[from] item: Leftovers
|-damage|p1a: Milotic|85/100 tox|[from] psn
|-damage|p1a: Milotic|73/100 tox|[from] move: Infestation|[partiallytrapped]
|upkeep
|
|t:|1784997425
|switch|p1b: BIG FELLA|Tyranitar, L50, M, shiny|100/100
|-weather|Sandstorm|[from] ability: Sand Stream|[of] p1b: BIG FELLA
|turn|3
|inactive|spicy mcchikin has 30 seconds left.
|
|t:|1784997452
|move|p2b: Charizard|Protect|p2b: Charizard
|-singleturn|p2b: Charizard|Protect
|move|p2a: Toxapex|Baneful Bunker|p2a: Toxapex
|-singleturn|p2a: Toxapex|move: Protect
|move|p1a: Milotic|Scald|p2b: Charizard
|-activate|p2b: Charizard|move: Protect
|move|p1b: BIG FELLA|Knock Off|p2a: Toxapex
|-activate|p2a: Toxapex|move: Protect
|-status|p1b: BIG FELLA|psn
|
|-weather|Sandstorm|[upkeep]
|-damage|p1a: Milotic|67/100 tox|[from] Sandstorm
|-damage|p2b: Charizard|13/100|[from] Sandstorm
|-damage|p2a: Toxapex|94/100|[from] Sandstorm
|-heal|p1a: Milotic|73/100 tox|[from] item: Leftovers
|-heal|p2a: Toxapex|100/100|[from] item: Leftovers
|-damage|p1a: Milotic|55/100 tox|[from] psn
|-damage|p1b: BIG FELLA|87/100 psn|[from] psn
|-damage|p1a: Milotic|43/100 tox|[from] move: Infestation|[partiallytrapped]
|upkeep
|turn|4
|
|t:|1784997475
|move|p1a: Milotic|Scald|p2b: Charizard
|-supereffective|p2b: Charizard|1
|-damage|p2b: Charizard|0 fnt
|faint|p2b: Charizard
|move|p1b: BIG FELLA|Knock Off|p2a: Toxapex
|-damage|p2a: Toxapex|63/100
|-enditem|p2a: Toxapex|Leftovers|[from] move: Knock Off|[of] p1b: BIG FELLA
|move|p2a: Toxapex|Infestation|p1b: BIG FELLA
|-supereffective|p1b: BIG FELLA|1
|-damage|p1b: BIG FELLA|83/100 psn
|-activate|p1b: BIG FELLA|move: Infestation|[of] p2a: Toxapex
|
|-weather|Sandstorm|[upkeep]
|-damage|p1a: Milotic|37/100 tox|[from] Sandstorm
|-damage|p2a: Toxapex|57/100|[from] Sandstorm
|-heal|p1a: Milotic|43/100 tox|[from] item: Leftovers
|-damage|p1a: Milotic|19/100 tox|[from] psn
|-damage|p1b: BIG FELLA|71/100 psn|[from] psn
|-damage|p1a: Milotic|6/100 tox|[from] move: Infestation|[partiallytrapped]
|-damage|p1b: BIG FELLA|59/100 psn|[from] move: Infestation|[partiallytrapped]
|-sideend|p1: zfan3o|move: Tailwind
|upkeep
|
|t:|1784997493
|switch|p2b: Garchomp|Garchomp, L50, F|100/100
|turn|5
|
|t:|1784997518
|detailschange|p1b: BIG FELLA|Tyranitar-Mega, L50, M, shiny
|-mega|p1b: BIG FELLA|Tyranitar|Tyranitarite
|move|p1b: BIG FELLA|Protect|p1b: BIG FELLA
|-singleturn|p1b: BIG FELLA|Protect
|move|p2a: Toxapex|Wide Guard|p2a: Toxapex
|-singleturn|p2a: Toxapex|Wide Guard
|move|p2b: Garchomp|Earthquake|p1a: Milotic|[spread] p1a
|-activate|p2a: Toxapex|move: Wide Guard
|-activate|p1b: BIG FELLA|move: Protect
|-damage|p1a: Milotic|0 fnt
|faint|p1a: Milotic
|
|-weather|Sandstorm|[upkeep]
|-damage|p2a: Toxapex|51/100|[from] Sandstorm
|-damage|p1b: BIG FELLA|47/100 psn|[from] psn
|-damage|p1b: BIG FELLA|35/100 psn|[from] move: Infestation|[partiallytrapped]
|upkeep
|
|t:|1784997533
|switch|p1a: Excadrill|Excadrill, L50, F|100/100
|turn|6
|inactive|zfan3o has 30 seconds left.
|
|t:|1784997558
|move|p2a: Toxapex|Wide Guard|p2a: Toxapex
|-singleturn|p2a: Toxapex|Wide Guard
|move|p1a: Excadrill|High Horsepower|p2a: Toxapex
|-supereffective|p2a: Toxapex|1
|-damage|p2a: Toxapex|0 fnt
|faint|p2a: Toxapex
|move|p2b: Garchomp|Earthquake|p1b: BIG FELLA|[spread] p1a,p1b
|-supereffective|p1a: Excadrill|1
|-supereffective|p1b: BIG FELLA|1
|-enditem|p1a: Excadrill|Focus Sash
|-damage|p1a: Excadrill|1/100
|-damage|p1b: BIG FELLA|0 fnt
|faint|p1b: BIG FELLA
|
|-weather|Sandstorm|[upkeep]
|upkeep
|
|t:|1784997570
|switch|p2a: Basculegion|Basculegion, L50, M|100/100
|turn|7
|-message|zfan3o forfeited.
|
|win|spicy mcchikin
|raw|zfan3o's rating: 1117 → 1094(-23 for losing)
|raw|spicy mcchikin's rating: 1144 → 1167(+23 for winning)
|l|☆zfan3o
|player|p1|
|c|☆spicy mcchikin|ggwp
