|j|☆Lightoz V
|j|☆Calabria_Fan
|html|Lightoz VCalabria_Fan    
|uhtml|bestof|Game 3 of a best-of-3
|t:|1756986789
|gametype|doubles
|player|p1|Lightoz V|blue-gen2|1366
|player|p2|Calabria_Fan|102|1377
|gen|9
|tier|[Gen 9] VGC 2025 Reg H (Bo3)
|rated|
|rule|Species Clause: Limit one of each Pokémon
|rule|Item Clause: Limit 1 of each item
|clearpoke
|poke|p1|Incineroar, L50, M|
|poke|p1|Annihilape, L50, M|
|poke|p1|Dragonite, L50, F|
|poke|p1|Volcarona, L50, F|
|poke|p1|Rillaboom, L50, M|
|poke|p1|Basculegion, L50, M|
|poke|p2|Dragonite, L50, M|
|poke|p2|Gholdengo, L50|
|poke|p2|Rillaboom, L50, M|
|poke|p2|Ursaluna-Bloodmoon, L50, M|
|poke|p2|Maushold-Four, L50|
|poke|p2|Annihilape, L50, F|
|teampreview|4
|showteam|p1|Incineroar||SitrusBerry|Intimidate|FlareBlitz,KnockOff,FakeOut,PartingShot|||M|||50|,,,,,Ghost]Annihilape||SafetyGoggles|Defiant|CloseCombat,RageFist,Coaching,FinalGambit|||M|||50|,,,,,Water]Dragonite||LoadedDice|Multiscale|ScaleShot,Tailwind,Haze,Protect|||F|||50|,,,,,Steel]Volcarona||Leftovers|FlameBody|HeatWave,TeraBlast,QuiverDance,Protect|||F|||50|,,,,,Fairy]Rillaboom||AssaultVest|GrassySurge|WoodHammer,GrassyGlide,HighHorsepower,FakeOut|||M|||50|,,,,,Fire]Basculegion||ChoiceScarf|Adaptability|WaveCrash,LastRespects,FlipTurn,AquaJet|||M|||50|,,,,,Water
|showteam|p2|Dragonite||LoadedDice|Multiscale|Tailwind,Haze,Protect,ScaleShot|||M|||50|,,,,,Fairy]Gholdengo||LifeOrb|GoodasGold|MakeItRain,ShadowBall,NastyPlot,Protect||||||50|,,,,,Water]Rillaboom||MiracleSeed|GrassySurge|WoodHammer,GrassyGlide,FakeOut,HighHorsepower|||M|||50|,,,,,Fire]Ursaluna-Bloodmoon||AssaultVest|MindsEye|BloodMoon,EarthPower,HyperVoice,VacuumWave|||M|||50|,,,,,Water]Maushold-Four||FocusSash|FriendGuard|SuperFang,FollowMe,BeatUp,Protect||||||50|,,,,,Ghost]Annihilape||SitrusBerry|Defiant|RageFist,DrainPunch,BulkUp,Protect|||F|||50|,,,,,Fire
|
|t:|1756986817
|teamsize|p1|4
|teamsize|p2|4
|start
|switch|p1a: Basculegion|Basculegion, L50, M|100/100
|switch|p1b: Annihilape|Annihilape, L50, M, shiny|100/100
|switch|p2a: Maushold|Maushold-Four, L50|100/100
|switch|p2b: Dragonite|Dragonite, L50, M|100/100
|turn|1
|inactive|Battle timer is ON: inactive players will automatically lose when time's up. (requested by Lightoz V)
|
|t:|1756986838
|move|p2a: Maushold|Follow Me|p2a: Maushold
|-singleturn|p2a: Maushold|move: Follow Me
|move|p1a: Basculegion|Flip Turn|p2a: Maushold
|-damage|p2a: Maushold|54/100
|
|t:|1756986844
|switch|p1a: Rillaboom|Rillaboom, L50, M, shiny|100/100|[from] Flip Turn
|-fieldstart|move: Grassy Terrain|[from] ability: Grassy Surge|[of] p1a: Rillaboom
|move|p1b: Annihilape|Coaching|p1a: Rillaboom
|-boost|p1a: Rillaboom|atk|1
|-boost|p1a: Rillaboom|def|1
|move|p2b: Dragonite|Scale Shot|p1b: Annihilape
|-damage|p1b: Annihilape|85/100
|-damage|p1b: Annihilape|70/100
|-damage|p1b: Annihilape|56/100
|-crit|p1b: Annihilape
|-damage|p1b: Annihilape|35/100
|-damage|p1b: Annihilape|21/100
|-hitcount|p1b: Annihilape|5
|-unboost|p2b: Dragonite|def|1
|-boost|p2b: Dragonite|spe|1
|
|-heal|p2a: Maushold|60/100|[from] Grassy Terrain
|-heal|p1b: Annihilape|27/100|[from] Grassy Terrain
|upkeep
|turn|2
|inactive|Calabria_Fan has 30 seconds left.
|inactive|Calabria_Fan has 20 seconds left.
|inactive|Calabria_Fan has 15 seconds left.
|inactive|Calabria_Fan has 10 seconds left.
|inactive|Calabria_Fan has 5 seconds left.
|
|t:|1756986895
|switch|p1b: Dragonite|Dragonite, L50, F|100/100
|move|p2b: Dragonite|Protect|p2b: Dragonite
|-singleturn|p2b: Dragonite|Protect
|move|p2a: Maushold|Protect|p2a: Maushold
|-singleturn|p2a: Maushold|Protect
|move|p1a: Rillaboom|Fake Out|p2b: Dragonite
|-activate|p2b: Dragonite|move: Protect
|
|-heal|p2a: Maushold|67/100|[from] Grassy Terrain
|upkeep
|turn|3
|inactive|Calabria_Fan has 30 seconds left.
|inactive|Calabria_Fan has 20 seconds left.
|inactive|Calabria_Fan has 15 seconds left.
|inactive|Calabria_Fan has 10 seconds left.
|
|t:|1756986943
|-terastallize|p2b: Dragonite|Fairy
|-terastallize|p1b: Dragonite|Steel
|move|p2b: Dragonite|Scale Shot|p1a: Rillaboom|[miss]
|-miss|p2b: Dragonite|p1a: Rillaboom
|move|p2a: Maushold|Super Fang|p1a: Rillaboom|[miss]
|-miss|p2a: Maushold|p1a: Rillaboom
|move|p1b: Dragonite|Tailwind|p1b: Dragonite
|-sidestart|p1: Lightoz V|move: Tailwind
|move|p1a: Rillaboom|Wood Hammer|p2a: Maushold
|-crit|p2a: Maushold
|-damage|p2a: Maushold|0 fnt
|faint|p2a: Maushold
|-damage|p1a: Rillaboom|81/100|[from] Recoil
|
|-heal|p1a: Rillaboom|87/100|[from] Grassy Terrain
|upkeep
|
|t:|1756986956
|switch|p2a: Rillaboom|Rillaboom, L50, M|100/100
|turn|4
|
|t:|1756986976
|move|p2a: Rillaboom|Fake Out|p1a: Rillaboom
|-damage|p1a: Rillaboom|77/100
|move|p1b: Dragonite|Scale Shot|p2a: Rillaboom
|-damage|p2a: Rillaboom|87/100
|-damage|p2a: Rillaboom|70/100
|-damage|p2a: Rillaboom|56/100
|-damage|p2a: Rillaboom|42/100
|-damage|p2a: Rillaboom|26/100
|-hitcount|p2a: Rillaboom|5
|-unboost|p1b: Dragonite|def|1
|-boost|p1b: Dragonite|spe|1
|cant|p1a: Rillaboom|flinch
|move|p2b: Dragonite|Tailwind|p2b: Dragonite
|-sidestart|p2: Calabria_Fan|move: Tailwind
|
|-heal|p2a: Rillaboom|33/100|[from] Grassy Terrain
|-heal|p1a: Rillaboom|83/100|[from] Grassy Terrain
|upkeep
|turn|5
|
|t:|1756986997
|switch|p2a: Annihilape|Annihilape, L50, F|100/100
|move|p1b: Dragonite|Scale Shot|p2a: Annihilape
|-damage|p2a: Annihilape|85/100
|-damage|p2a: Annihilape|70/100
|-damage|p2a: Annihilape|55/100
|-damage|p2a: Annihilape|39/100
|-enditem|p2a: Annihilape|Sitrus Berry|[eat]
|-heal|p2a: Annihilape|64/100|[from] item: Sitrus Berry
|-hitcount|p2a: Annihilape|4
|-unboost|p1b: Dragonite|def|1
|-boost|p1b: Dragonite|spe|1
|move|p2b: Dragonite|Haze|p2b: Dragonite
|-clearallboost
|move|p1a: Rillaboom|Wood Hammer|p2b: Dragonite
|-crit|p2b: Dragonite
|-damage|p2b: Dragonite|32/100
|-damage|p1a: Rillaboom|64/100|[from] Recoil
|
|-heal|p2a: Annihilape|71/100|[from] Grassy Terrain
|-heal|p2b: Dragonite|38/100|[from] Grassy Terrain
|-heal|p1a: Rillaboom|70/100|[from] Grassy Terrain
|-fieldend|move: Grassy Terrain
|upkeep
|turn|6
|inactive|Calabria_Fan has 30 seconds left.
|inactive|Calabria_Fan has 20 seconds left.
|
|t:|1756987034
|move|p2a: Annihilape|Protect|p2a: Annihilape
|-singleturn|p2a: Annihilape|Protect
|move|p2b: Dragonite|Scale Shot|p1b: Dragonite
|-resisted|p1b: Dragonite
|-damage|p1b: Dragonite|96/100
|-resisted|p1b: Dragonite
|-damage|p1b: Dragonite|88/100
|-resisted|p1b: Dragonite
|-damage|p1b: Dragonite|80/100
|-resisted|p1b: Dragonite
|-damage|p1b: Dragonite|71/100
|-resisted|p1b: Dragonite
|-damage|p1b: Dragonite|63/100
|-hitcount|p1b: Dragonite|5
|-unboost|p2b: Dragonite|def|1
|-boost|p2b: Dragonite|spe|1
|move|p1b: Dragonite|Scale Shot|p2a: Annihilape
|-activate|p2a: Annihilape|move: Protect
|move|p1a: Rillaboom|Wood Hammer|p2a: Annihilape
|-activate|p2a: Annihilape|move: Protect
|
|-sideend|p1: Lightoz V|move: Tailwind
|upkeep
|turn|7
|inactive|Calabria_Fan has 30 seconds left.
|inactive|Calabria_Fan has 20 seconds left.
|
|t:|1756987072
|move|p2b: Dragonite|Scale Shot|p1b: Dragonite
|-resisted|p1b: Dragonite
|-damage|p1b: Dragonite|55/100
|-resisted|p1b: Dragonite
|-damage|p1b: Dragonite|46/100
|-resisted|p1b: Dragonite
|-damage|p1b: Dragonite|39/100
|-resisted|p1b: Dragonite
|-damage|p1b: Dragonite|30/100
|-resisted|p1b: Dragonite
|-damage|p1b: Dragonite|21/100
|-hitcount|p1b: Dragonite|5
|-unboost|p2b: Dragonite|def|1
|-boost|p2b: Dragonite|spe|1
|move|p2a: Annihilape|Rage Fist|p1a: Rillaboom
|-damage|p1a: Rillaboom|0 fnt
|faint|p1a: Rillaboom
|move|p1b: Dragonite|Tailwind|p1b: Dragonite
|-sidestart|p1: Lightoz V|move: Tailwind
|
|-sideend|p2: Calabria_Fan|move: Tailwind
|upkeep
|
|t:|1756987081
|switch|p1a: Basculegion|Basculegion, L50, M|100/100
|turn|8
|inactive|Lightoz V has 30 seconds left.
|inactive|Calabria_Fan has 30 seconds left.
|inactive|Calabria_Fan has 20 seconds left.
|inactive|Calabria_Fan has 15 seconds left.
|inactive|Calabria_Fan has 10 seconds left.
|inactive|Calabria_Fan has 5 seconds left.
|
|t:|1756987132
|move|p1a: Basculegion|Last Respects|p2b: Dragonite
|-damage|p2b: Dragonite|0 fnt
|faint|p2b: Dragonite
|move|p1b: Dragonite|Scale Shot|p2a: Annihilape|[miss]
|-miss|p1b: Dragonite|p2a: Annihilape
|move|p2a: Annihilape|Drain Punch|p1b: Dragonite
|-supereffective|p1b: Dragonite
|-damage|p1b: Dragonite|0 fnt
|-heal|p2a: Annihilape|79/100|[from] drain|[of] p1b: Dragonite
|faint|p1b: Dragonite
|
|upkeep
|
|t:|1756987140
|switch|p2b: Rillaboom|Rillaboom, L50, M|33/100
|switch|p1b: Annihilape|Annihilape, L50, M, shiny|27/100
|-fieldstart|move: Grassy Terrain|[from] ability: Grassy Surge|[of] p2b: Rillaboom
|turn|9
|
|t:|1756987153
|move|p2b: Rillaboom|Grassy Glide|p1a: Basculegion
|-supereffective|p1a: Basculegion
|-damage|p1a: Basculegion|0 fnt
|faint|p1a: Basculegion
|move|p1b: Annihilape|Rage Fist|p2a: Annihilape
|-supereffective|p2a: Annihilape
|-damage|p2a: Annihilape|0 fnt
|faint|p2a: Annihilape
|
|-heal|p1b: Annihilape|33/100|[from] Grassy Terrain
|-heal|p2b: Rillaboom|39/100|[from] Grassy Terrain
|upkeep
|turn|10
|
|t:|1756987163
|move|p2b: Rillaboom|Grassy Glide|p1b: Annihilape
|-crit|p1b: Annihilape
|-damage|p1b: Annihilape|0 fnt
|faint|p1b: Annihilape
|
|win|Calabria_Fan
|raw|Lightoz V's rating: 1366 → 1347(-19 for losing)
|raw|Calabria_Fan's rating: 1377 → 1396(+19 for winning)
|c|☆Calabria_Fan|ggs
|c|☆Lightoz V|gg
|l|☆Lightoz V
|player|p1|
