|j|☆PSH01
|j|☆GubGubFan
|html|PSH01GubGubFan    
|uhtml|bestof|Game 2 of a best-of-3
|t:|1756941980
|gametype|doubles
|player|p1|PSH01|170|1000
|player|p2|GubGubFan|gladion-stance|1000
|gen|9
|tier|[Gen 9] VGC 2025 Reg H (Bo3)
|rated|
|rule|Species Clause: Limit one of each Pokémon
|rule|Item Clause: Limit 1 of each item
|clearpoke
|poke|p1|Goodra-Hisui, L50, M|
|poke|p1|Salamence, L50, F|
|poke|p1|Garchomp, L50, F|
|poke|p1|Dragapult, L50, M|
|poke|p1|Dragonite, L50, M|
|poke|p1|Salazzle, L50, F|
|poke|p2|Sneasler, L50, F|
|poke|p2|Rillaboom, L50, M|
|poke|p2|Tyranitar, L50, M|
|poke|p2|Gholdengo, L50|
|poke|p2|Primarina, L50, M|
|poke|p2|Talonflame, L50, M|
|teampreview|4
|showteam|p1|Goodra-Hisui||Leftovers|Gooey|BodyPress,AcidArmor,LifeDew,Protect|||M|||50|,,,,,Flying]Salamence||FocusSash|Intimidate|FireFang,HelpingHand,Tailwind,DracoMeteor|||F|||50|,,,,,Steel]Garchomp||LifeOrb|RoughSkin|Earthquake,DragonClaw,RockSlide,BrickBreak|||F|||50|,,,,,Steel]Dragapult||LightClay|CursedBody|LightScreen,Reflect,Uturn,Protect|||M|||50|,,,,,Steel]Dragonite||LoadedDice|Multiscale|IceSpinner,Haze,LowKick,ScaleShot|||M|||50|,,,,,Fairy]Salazzle||AirBalloon|Corrosion|Toxic,FakeOut,Overheat,Protect|||F|||50|,,,,,Poison
|showteam|p2|Sneasler||GrassySeed|Unburden|DireClaw,CloseCombat,ThroatChop,Protect|||F|||50|,,,,,Dark]Rillaboom||MiracleSeed|GrassySurge|GrassyGlide,WoodHammer,FakeOut,Uturn|||M|||50|,,,,,Water]Tyranitar||AssaultVest|SandStream|RockSlide,KnockOff,HighHorsepower,TeraBlast|||M|||50|,,,,,Flying]Gholdengo||LifeOrb|GoodasGold|MakeItRain,ShadowBall,NastyPlot,Protect||||||50|,,,,,Dragon]Primarina||ThroatSpray|LiquidVoice|HyperVoice,Moonblast,Haze,Protect|||M|||50|,,,,,Poison]Talonflame||CovertCloak|GaleWings|BraveBird,FlareBlitz,Tailwind,WillOWisp|||M|||50|,,,,,Stellar
|
|t:|1756942034
|teamsize|p1|4
|teamsize|p2|4
|start
|switch|p1a: Salamence|Salamence, L50, F|100/100
|switch|p1b: Dragapult|Dragapult, L50, M|100/100
|switch|p2a: Talonflame|Talonflame, L50, M|100/100
|switch|p2b: Tyranitar|Tyranitar, L50, M|100/100
|-ability|p1a: Salamence|Intimidate|boost
|-unboost|p2a: Talonflame|atk|1
|-unboost|p2b: Tyranitar|atk|1
|-weather|Sandstorm|[from] ability: Sand Stream|[of] p2b: Tyranitar
|turn|1
|inactive|Battle timer is ON: inactive players will automatically lose when time's up. (requested by GubGubFan)
|inactive|GubGubFan has 60 seconds left.
|
|t:|1756942066
|move|p2a: Talonflame|Tailwind|p2a: Talonflame
|-sidestart|p2: GubGubFan|move: Tailwind
|move|p1b: Dragapult|Reflect|p1b: Dragapult
|-sidestart|p1: PSH01|Reflect
|move|p2b: Tyranitar|Rock Slide|p1a: Salamence|[spread] p1a,p1b
|-supereffective|p1a: Salamence
|-damage|p1a: Salamence|70/100
|-damage|p1b: Dragapult|81/100
|-start|p2b: Tyranitar|Disable|Rock Slide|[from] ability: Cursed Body|[of] p1b: Dragapult
|cant|p1a: Salamence|flinch
|
|-weather|Sandstorm|[upkeep]
|-damage|p2a: Talonflame|94/100|[from] Sandstorm
|-damage|p1b: Dragapult|75/100|[from] Sandstorm
|-damage|p1a: Salamence|64/100|[from] Sandstorm
|upkeep
|turn|2
|inactive|PSH01 has 30 seconds left.
|inactive|GubGubFan has 30 seconds left.
|inactive|PSH01 has 20 seconds left.
|inactive|GubGubFan has 20 seconds left.
|inactive|PSH01 has 15 seconds left.
|inactive|GubGubFan has 15 seconds left.
|inactive|PSH01 has 10 seconds left.
|inactive|GubGubFan has 10 seconds left.
|
|t:|1756942115
|switch|p2a: Primarina|Primarina, L50, M|100/100
|switch|p1b: Garchomp|Garchomp, L50, F|100/100
|move|p2b: Tyranitar|Knock Off|p1b: Garchomp
|-damage|p1b: Garchomp|74/100
|-damage|p2b: Tyranitar|88/100|[from] ability: Rough Skin|[of] p1b: Garchomp
|-enditem|p1b: Garchomp|Life Orb|[from] move: Knock Off|[of] p2b: Tyranitar
|move|p1a: Salamence|Draco Meteor|p2a: Primarina
|-immune|p2a: Primarina
|
|-weather|Sandstorm|[upkeep]
|-damage|p2a: Primarina|95/100|[from] Sandstorm
|-damage|p1a: Salamence|58/100|[from] Sandstorm
|upkeep
|turn|3
|inactive|PSH01 has 30 seconds left.
|inactive|GubGubFan has 30 seconds left.
|inactive|GubGubFan has 20 seconds left.
|inactive|GubGubFan has 15 seconds left.
|inactive|GubGubFan has 10 seconds left.
|
|t:|1756942163
|-terastallize|p1b: Garchomp|Steel
|move|p1a: Salamence|Helping Hand|p1b: Garchomp
|-singleturn|p1b: Garchomp|Helping Hand|[of] p1a: Salamence
|move|p2a: Primarina|Moonblast|p1b: Garchomp
|-resisted|p1b: Garchomp
|-damage|p1b: Garchomp|43/100
|move|p1b: Garchomp|Earthquake|p2a: Primarina|[spread] p2a,p2b
|-immune|p1a: Salamence
|-supereffective|p2b: Tyranitar
|-damage|p2a: Primarina|22/100
|-damage|p2b: Tyranitar|0 fnt
|faint|p2b: Tyranitar
|
|-weather|Sandstorm|[upkeep]
|-damage|p2a: Primarina|16/100|[from] Sandstorm
|-damage|p1a: Salamence|52/100|[from] Sandstorm
|upkeep
|
|t:|1756942178
|switch|p2b: Gholdengo|Gholdengo, L50|100/100
|turn|4
|inactive|PSH01 has 30 seconds left.
|inactive|GubGubFan has 30 seconds left.
|
|t:|1756942210
|move|p1a: Salamence|Helping Hand|p1b: Garchomp
|-singleturn|p1b: Garchomp|Helping Hand|[of] p1a: Salamence
|move|p2b: Gholdengo|Make It Rain|p1a: Salamence|[spread] p1a,p1b
|-resisted|p1b: Garchomp
|-damage|p1a: Salamence|0 fnt
|-damage|p1b: Garchomp|10/100
|-unboost|p2b: Gholdengo|spa|1
|faint|p1a: Salamence
|-damage|p2b: Gholdengo|91/100|[from] item: Life Orb
|move|p2a: Primarina|Haze|p2a: Primarina
|-clearallboost
|move|p1b: Garchomp|Earthquake|p2a: Primarina|[spread] p2a,p2b
|-supereffective|p2b: Gholdengo
|-damage|p2a: Primarina|0 fnt
|-damage|p2b: Gholdengo|0 fnt
|faint|p2a: Primarina
|faint|p2b: Gholdengo
|
|-weather|Sandstorm|[upkeep]
|-sideend|p2: GubGubFan|move: Tailwind
|upkeep
|inactive|PSH01 has 30 seconds left.
|inactive|PSH01 has 20 seconds left.
|inactive|PSH01 has 15 seconds left.
|
|t:|1756942256
|switch|p1a: Goodra|Goodra-Hisui, L50, M|100/100
|switch|p2a: Talonflame|Talonflame, L50, M|94/100
|turn|5
|-message|GubGubFan forfeited.
|
|win|PSH01
||GubGubFan is ready for game 3.
||PSH01 is ready for game 3.
|uhtml|next|Next: Game 3 of 3
