|j|☆aviles0036
|j|☆magic 561
|html|aviles0036magic 561    
|uhtml|bestof|Game 3 of a best-of-3
|t:|1757839219
|gametype|doubles
|player|p1|aviles0036|noland-gen3|1294
|player|p2|magic 561|266|1260
|gen|9
|tier|[Gen 9] VGC 2025 Reg H (Bo3)
|rated|
|rule|Species Clause: Limit one of each Pokémon
|rule|Item Clause: Limit 1 of each item
|clearpoke
|poke|p1|Amoonguss, L50, M|
|poke|p1|Sneasler, L50, F|
|poke|p1|Gholdengo, L50|
|poke|p1|Incineroar, L50, F|
|poke|p1|Ursaluna-Bloodmoon, L50, M|
|poke|p1|Dragonite, L50, M|
|poke|p2|Hydreigon, L50, M|
|poke|p2|Metagross, L50|
|poke|p2|Ninetales-Alola, L50, M|
|poke|p2|Basculegion, L50, M|
|poke|p2|Kilowattrel, L50, F|
|poke|p2|Incineroar, L50, F|
|teampreview|4
|showteam|p1|Amoonguss||SitrusBerry|Regenerator|RagePowder,Spore,PollenPuff,Protect|||M|||50|,,,,,Water]Sneasler||FocusSash|Unburden|Protect,DireClaw,CloseCombat,ThroatChop|||F|||50|,,,,,Stellar]Gholdengo||LifeOrb|GoodasGold|Protect,MakeItRain,ShadowBall,NastyPlot||||||50|,,,,,Water]Incineroar||SafetyGoggles|Intimidate|KnockOff,PartingShot,FlareBlitz,FakeOut|||F|||50|,,,,,Ghost]Ursaluna-Bloodmoon||AssaultVest|MindsEye|BloodMoon,EarthPower,VacuumWave,HyperVoice|||M|||50|,,,,,Water]Dragonite||LoadedDice|Multiscale|ScaleShot,Tailwind,Haze,Protect|||M|||50|,,,,,Fairy
|showteam|p2|Hydreigon||LifeOrb|Levitate|DarkPulse,DracoMeteor,EarthPower,Protect|||M|||50|,,,,,Poison]Metagross||AssaultVest|ClearBody|BulletPunch,HeavySlam,PsychicFangs,HammerArm||||||50|,,,,,Water]Ninetales-Alola||NeverMeltIce|SnowWarning|Moonblast,IcyWind,Blizzard,Protect|||M|||50|,,,,,Ice]Basculegion||ChoiceScarf|Adaptability|WaveCrash,LastRespects,AquaJet,FlipTurn|||M|||50|,,,,,Grass]Kilowattrel||FocusSash|Competitive|Thunderbolt,AirSlash,Tailwind,Protect|||F|||50|,,,,,Ghost]Incineroar||SafetyGoggles|Intimidate|KnockOff,FlareBlitz,PartingShot,FakeOut|||F|||50|,,,,,Ghost
|inactive|Battle timer is ON: inactive players will automatically lose when time's up. (requested by magic 561)
|
|t:|1757839248
|teamsize|p1|4
|teamsize|p2|4
|start
|switch|p1a: Sneasler|Sneasler, L50, F|100/100
|switch|p1b: Dragonite|Dragonite, L50, M|100/100
|switch|p2a: Kilowattrel|Kilowattrel, L50, F|100/100
|switch|p2b: Basculegion|Basculegion, L50, M|100/100
|turn|1
|inactive|magic 561 has 30 seconds left.
|
|t:|1757839278
|move|p2a: Kilowattrel|Protect|p2a: Kilowattrel
|-singleturn|p2a: Kilowattrel|Protect
|move|p2b: Basculegion|Flip Turn|p1a: Sneasler
|-damage|p1a: Sneasler|31/100
|
|t:|1757839288
|switch|p2b: Metagross|Metagross, L50|100/100|[from] Flip Turn
|move|p1a: Sneasler|Dire Claw|p2b: Metagross
|-immune|p2b: Metagross
|move|p1b: Dragonite|Scale Shot|p2a: Kilowattrel
|-activate|p2a: Kilowattrel|move: Protect
|
|upkeep
|turn|2
|inactive|magic 561 has 30 seconds left.
|
|t:|1757839314
|switch|p2a: Ninetales|Ninetales-Alola, L50, M|100/100
|-weather|Snowscape|[from] ability: Snow Warning|[of] p2a: Ninetales
|switch|p1a: Incineroar|Incineroar, L50, F|100/100
|-ability|p1a: Incineroar|Intimidate|boost
|-unboost|p2a: Ninetales|atk|1
|-fail|p2b: Metagross|unboost|[from] ability: Clear Body|[of] p2b: Metagross
|move|p1b: Dragonite|Scale Shot|p2a: Ninetales
|-immune|p2a: Ninetales
|move|p2b: Metagross|Psychic Fangs|p1b: Dragonite
|-damage|p1b: Dragonite|75/100
|
|-weather|Snowscape|[upkeep]
|upkeep
|turn|3
|inactive|magic 561 has 30 seconds left.
|
|t:|1757839347
|-terastallize|p1b: Dragonite|Fairy
|move|p2a: Ninetales|Protect|p2a: Ninetales
|-singleturn|p2a: Ninetales|Protect
|move|p1b: Dragonite|Tailwind|p1b: Dragonite
|-sidestart|p1: aviles0036|move: Tailwind
|move|p1a: Incineroar|Knock Off|p2b: Metagross
|-supereffective|p2b: Metagross
|-damage|p2b: Metagross|38/100
|-enditem|p2b: Metagross|Assault Vest|[from] move: Knock Off|[of] p1a: Incineroar
|move|p2b: Metagross|Hammer Arm|p1a: Incineroar
|-supereffective|p1a: Incineroar
|-damage|p1a: Incineroar|27/100
|-unboost|p2b: Metagross|spe|1
|
|-weather|Snowscape|[upkeep]
|upkeep
|turn|4
|
|t:|1757839373
|move|p2b: Metagross|Bullet Punch|p1b: Dragonite
|-supereffective|p1b: Dragonite
|-damage|p1b: Dragonite|27/100
|move|p1b: Dragonite|Scale Shot|p2b: Metagross
|-resisted|p2b: Metagross
|-damage|p2b: Metagross|33/100
|-resisted|p2b: Metagross
|-damage|p2b: Metagross|28/100
|-resisted|p2b: Metagross
|-damage|p2b: Metagross|22/100
|-resisted|p2b: Metagross
|-damage|p2b: Metagross|17/100
|-hitcount|p2b: Metagross|4
|-unboost|p1b: Dragonite|def|1
|-boost|p1b: Dragonite|spe|1
|move|p1a: Incineroar|Flare Blitz|p2a: Ninetales
|-supereffective|p2a: Ninetales
|-damage|p2a: Ninetales|0 fnt
|faint|p2a: Ninetales
|-damage|p1a: Incineroar|3/100|[from] Recoil
|
|-weather|Snowscape|[upkeep]
|upkeep
|
|t:|1757839383
|switch|p2a: Basculegion|Basculegion, L50, M|100/100
|turn|5
|
|t:|1757839396
|move|p1b: Dragonite|Protect|p1b: Dragonite
|-singleturn|p1b: Dragonite|Protect
|move|p2b: Metagross|Bullet Punch|p1b: Dragonite
|-activate|p1b: Dragonite|move: Protect
|move|p1a: Incineroar|Knock Off|p2b: Metagross
|-supereffective|p2b: Metagross
|-damage|p2b: Metagross|0 fnt
|faint|p2b: Metagross
|move|p2a: Basculegion|Flip Turn|p1a: Incineroar
|-supereffective|p1a: Incineroar
|-damage|p1a: Incineroar|0 fnt
|faint|p1a: Incineroar
|
|t:|1757839402
|switch|p2a: Kilowattrel|Kilowattrel, L50, F|100/100|[from] Flip Turn
|
|-weather|Snowscape|[upkeep]
|upkeep
|
|t:|1757839406
|switch|p1a: Sneasler|Sneasler, L50, F|31/100
|switch|p2b: Basculegion|Basculegion, L50, M|100/100
|turn|6
|
|t:|1757839425
|move|p2a: Kilowattrel|Protect|p2a: Kilowattrel
|-singleturn|p2a: Kilowattrel|Protect
|move|p2b: Basculegion|Aqua Jet|p1b: Dragonite
|-damage|p1b: Dragonite|0 fnt
|faint|p1b: Dragonite
|move|p1a: Sneasler|Dire Claw|p2a: Kilowattrel
|-activate|p2a: Kilowattrel|move: Protect
|
|-weather|none
|-sideend|p1: aviles0036|move: Tailwind
|upkeep
|
|t:|1757839427
|switch|p1b: Gholdengo|Gholdengo, L50|100/100
|turn|7
|
|t:|1757839449
|-terastallize|p2b: Basculegion|Grass
|move|p2b: Basculegion|Aqua Jet|p1a: Sneasler
|-damage|p1a: Sneasler|0 fnt
|faint|p1a: Sneasler
|move|p2a: Kilowattrel|Thunderbolt|p1b: Gholdengo
|-damage|p1b: Gholdengo|58/100
|move|p1b: Gholdengo|Shadow Ball|p2a: Kilowattrel
|-enditem|p2a: Kilowattrel|Focus Sash
|-damage|p2a: Kilowattrel|1/100
|-damage|p1b: Gholdengo|49/100|[from] item: Life Orb
|
|upkeep
|turn|8
|
|t:|1757839460
|move|p2b: Basculegion|Aqua Jet|p1b: Gholdengo
|-damage|p1b: Gholdengo|25/100
|move|p2a: Kilowattrel|Thunderbolt|p1b: Gholdengo
|-damage|p1b: Gholdengo|0 fnt
|faint|p1b: Gholdengo
|
|win|magic 561
|raw|aviles0036's rating: 1294 → 1267(-27 for losing)
|raw|magic 561's rating: 1260 → 1287(+27 for winning)
|l|☆magic 561
|player|p2|
|l|☆aviles0036
|player|p1|
