|j|☆sqwrlyd00d
|j|☆randomguy1114s
|html|sqwrlyd00drandomguy1114s    
|uhtml|bestof|Game 1 of a best-of-3
|t:|1757212031
|gametype|doubles
|player|p1|sqwrlyd00d|265|1153
|player|p2|randomguy1114s|lillie-masters|1306
|gen|9
|tier|[Gen 9] VGC 2025 Reg H (Bo3)
|rated|
|rule|Species Clause: Limit one of each Pokémon
|rule|Item Clause: Limit 1 of each item
|clearpoke
|poke|p1|Amoonguss, L50, M|
|poke|p1|Sneasler, L50, F|
|poke|p1|Gholdengo, L50|
|poke|p1|Incineroar, L50, M|
|poke|p1|Ursaluna-Bloodmoon, L50, M|
|poke|p1|Dragonite, L50, M|
|poke|p2|Indeedee-F, L50, F|
|poke|p2|Hatterene, L50, F|
|poke|p2|Torkoal, L50, F|
|poke|p2|Sneasler, L50, F|
|poke|p2|Gallade, L50, M|
|poke|p2|Ursaluna, L50, F|
|teampreview|4
|showteam|p1|Amoonguss||SitrusBerry|Regenerator|RagePowder,Spore,PollenPuff,Protect|||M|||50|,,,,,Psychic]Sneasler||FocusSash|Unburden|Protect,DireClaw,CloseCombat,ThroatChop|||F|||50|,,,,,Stellar]Gholdengo||LifeOrb|GoodasGold|Protect,MakeItRain,ShadowBall,NastyPlot||||||50|,,,,,Water]Incineroar||SafetyGoggles|Intimidate|KnockOff,PartingShot,FlareBlitz,FakeOut|||M|||50|,,,,,Ghost]Ursaluna-Bloodmoon||AssaultVest|MindsEye|BloodMoon,EarthPower,VacuumWave,HyperVoice|||M|||50|,,,,,Water]Dragonite||LoadedDice|Multiscale|ScaleShot,Tailwind,Haze,Protect|||M|||50|,,,,,Fairy
|showteam|p2|Indeedee-F||SitrusBerry|PsychicSurge|FollowMe,HelpingHand,TrickRoom,Psychic|||F|||50|,,,,,Water]Hatterene||LifeOrb|MagicBounce|ExpandingForce,DazzlingGleam,TrickRoom,Protect|||F|||50|,,,,,Psychic]Torkoal||Charcoal|Drought|Eruption,HeatWave,SolarBeam,Protect|||F|||50|,,,,,Fire]Sneasler||PsychicSeed|Unburden|CloseCombat,DireClaw,ThroatChop,Protect|||F|||50|,,,,,Dark]Gallade||ClearAmulet|Sharpness|SacredSword,PsychoCut,WideGuard,TrickRoom|||M|||50|,,,,,Stellar]Ursaluna||FlameOrb|Guts|HeadlongRush,Facade,Earthquake,Protect|||F|||50|,,,,,Ghost
|inactive|Battle timer is ON: inactive players will automatically lose when time's up. (requested by randomguy1114s)
|inactive|sqwrlyd00d has 60 seconds left.
|
|t:|1757212117
|teamsize|p1|4
|teamsize|p2|4
|start
|switch|p1a: Zzzzzzzz|Amoonguss, L50, M|100/100
|switch|p1b: Tony|Ursaluna-Bloodmoon, L50, M|100/100
|switch|p2a: resident helper|Indeedee-F, L50, F, shiny|100/100
|switch|p2b: its massive|Hatterene, L50, F, shiny|100/100
|-fieldstart|move: Psychic Terrain|[from] ability: Psychic Surge|[of] p2a: resident helper
|turn|1
|inactive|sqwrlyd00d has 30 seconds left.
|
|t:|1757212144
|-terastallize|p1a: Zzzzzzzz|Psychic
|-terastallize|p2b: its massive|Psychic
|move|p1b: Tony|Hyper Voice|p2b: its massive|[spread] p2a,p2b
|-damage|p2a: resident helper|67/100
|-damage|p2b: its massive|64/100
|move|p1a: Zzzzzzzz|Spore|p2a: resident helper
|-status|p2a: resident helper|slp|[from] move: Spore
|move|p2b: its massive|Expanding Force|p1b: Tony|[spread] p1a,p1b
|-resisted|p1a: Zzzzzzzz
|-damage|p1a: Zzzzzzzz|45/100
|-damage|p1b: Tony|23/100
|-enditem|p1a: Zzzzzzzz|Sitrus Berry|[eat]
|-heal|p1a: Zzzzzzzz|70/100|[from] item: Sitrus Berry
|-damage|p2b: its massive|54/100|[from] item: Life Orb
|cant|p2a: resident helper|slp
|
|upkeep
|turn|2
|
|t:|1757212168
|move|p2b: its massive|Protect|p2b: its massive
|-singleturn|p2b: its massive|Protect
|move|p1b: Tony|Blood Moon|p2b: its massive
|-activate|p2b: its massive|move: Protect
|move|p1a: Zzzzzzzz|Pollen Puff|p1b: Tony
|-heal|p1b: Tony|72/100
|cant|p2a: resident helper|slp
|
|upkeep
|turn|3
|
|t:|1757212180
|move|p1b: Tony|Hyper Voice|p2b: its massive|[spread] p2a,p2b
|-damage|p2a: resident helper|33/100 slp
|-damage|p2b: its massive|12/100
|-enditem|p2a: resident helper|Sitrus Berry|[eat]
|-heal|p2a: resident helper|58/100 slp|[from] item: Sitrus Berry
|move|p1a: Zzzzzzzz|Pollen Puff|p2b: its massive
|-supereffective|p2b: its massive
|-damage|p2b: its massive|0 fnt
|faint|p2b: its massive
|-curestatus|p2a: resident helper|slp|[msg]
|move|p2a: resident helper|Trick Room|p2a: resident helper
|-fieldstart|move: Trick Room|[of] p2a: resident helper
|
|upkeep
|
|t:|1757212190
|switch|p2b: turtleonfire|Torkoal, L50, F, shiny|100/100
|-weather|SunnyDay|[from] ability: Drought|[of] p2b: turtleonfire
|turn|4
|
|t:|1757212205
|move|p2a: resident helper|Helping Hand|p2b: turtleonfire
|-singleturn|p2b: turtleonfire|Helping Hand|[of] p2a: resident helper
|move|p1a: Zzzzzzzz|Protect|p1a: Zzzzzzzz
|-singleturn|p1a: Zzzzzzzz|Protect
|move|p2b: turtleonfire|Eruption|p1a: Zzzzzzzz|[spread] p1b
|-activate|p1a: Zzzzzzzz|move: Protect
|-damage|p1b: Tony|0 fnt
|faint|p1b: Tony
|
|-weather|SunnyDay|[upkeep]
|upkeep
|inactive|sqwrlyd00d has 30 seconds left.
|
|t:|1757212237
|switch|p1b: Say Cheese|Gholdengo, L50|100/100
|turn|5
|
|t:|1757212249
|switch|p1b: Luffy|Incineroar, L50, M|100/100
|-ability|p1b: Luffy|Intimidate|boost
|-unboost|p2a: resident helper|atk|1
|-unboost|p2b: turtleonfire|atk|1
|move|p2a: resident helper|Helping Hand|p2b: turtleonfire
|-singleturn|p2b: turtleonfire|Helping Hand|[of] p2a: resident helper
|move|p1a: Zzzzzzzz|Protect|p1a: Zzzzzzzz
|-singleturn|p1a: Zzzzzzzz|Protect
|move|p2b: turtleonfire|Eruption|p1b: Luffy|[spread] p1b
|-activate|p1a: Zzzzzzzz|move: Protect
|-resisted|p1b: Luffy
|-damage|p1b: Luffy|37/100
|
|-weather|SunnyDay|[upkeep]
|-fieldend|move: Psychic Terrain
|upkeep
|turn|6
|inactive|sqwrlyd00d has 30 seconds left.
|inactive|randomguy1114s has 30 seconds left.
|
|t:|1757212276
|move|p2b: turtleonfire|Protect|p2b: turtleonfire
|-singleturn|p2b: turtleonfire|Protect
|move|p1b: Luffy|Fake Out|p2b: turtleonfire
|-activate|p2b: turtleonfire|move: Protect
|move|p1a: Zzzzzzzz|Pollen Puff|p1b: Luffy
|-heal|p1b: Luffy|87/100
|move|p2a: resident helper|Psychic|p1a: Zzzzzzzz
|-resisted|p1a: Zzzzzzzz
|-damage|p1a: Zzzzzzzz|56/100
|
|-weather|SunnyDay|[upkeep]
|upkeep
|turn|7
|
|t:|1757212300
|move|p1a: Zzzzzzzz|Protect|p1a: Zzzzzzzz
|-singleturn|p1a: Zzzzzzzz|Protect
|move|p2a: resident helper|Follow Me|p2a: resident helper
|-singleturn|p2a: resident helper|move: Follow Me
|move|p2b: turtleonfire|Eruption|p1a: Zzzzzzzz|[spread] p1b
|-activate|p1a: Zzzzzzzz|move: Protect
|-resisted|p1b: Luffy
|-damage|p1b: Luffy|48/100
|move|p1b: Luffy|Knock Off|p2a: resident helper
|-supereffective|p2a: resident helper
|-damage|p2a: resident helper|3/100
|
|-weather|SunnyDay|[upkeep]
|-fieldend|move: Trick Room
|upkeep
|turn|8
|
|t:|1757212323
|move|p2b: turtleonfire|Protect|p2b: turtleonfire
|-singleturn|p2b: turtleonfire|Protect
|move|p1b: Luffy|Knock Off|p2a: resident helper
|-supereffective|p2a: resident helper
|-crit|p2a: resident helper
|-damage|p2a: resident helper|0 fnt
|faint|p2a: resident helper
|move|p1a: Zzzzzzzz|Spore|p2b: turtleonfire
|-activate|p2b: turtleonfire|move: Protect
|
|-weather|none
|upkeep
|
|t:|1757212328
|switch|p2a: Ursaluna|Ursaluna, L50, F, shiny|100/100
|turn|9
|
|t:|1757212346
|switch|p1b: Say Cheese|Gholdengo, L50|100/100
|move|p1a: Zzzzzzzz|Spore|p2b: turtleonfire
|-status|p2b: turtleonfire|slp|[from] move: Spore
|move|p2a: Ursaluna|Headlong Rush|p1a: Zzzzzzzz
|-damage|p1a: Zzzzzzzz|0 fnt
|-unboost|p2a: Ursaluna|def|1
|-unboost|p2a: Ursaluna|spd|1
|faint|p1a: Zzzzzzzz
|cant|p2b: turtleonfire|slp
|
|-status|p2a: Ursaluna|brn|[from] item: Flame Orb
|upkeep
|
|t:|1757212354
|switch|p1a: Luffy|Incineroar, L50, M|48/100
|-ability|p1a: Luffy|Intimidate|boost
|-unboost|p2a: Ursaluna|atk|1
|-unboost|p2b: turtleonfire|atk|1
|turn|10
|
|t:|1757212371
|move|p2a: Ursaluna|Protect|p2a: Ursaluna
|-singleturn|p2a: Ursaluna|Protect
|move|p1b: Say Cheese|Nasty Plot|p1b: Say Cheese
|-boost|p1b: Say Cheese|spa|2
|move|p1a: Luffy|Knock Off|p2b: turtleonfire
|-damage|p2b: turtleonfire|68/100 slp
|-enditem|p2b: turtleonfire|Charcoal|[from] move: Knock Off|[of] p1a: Luffy
|-curestatus|p2b: turtleonfire|slp|[msg]
|move|p2b: turtleonfire|Eruption|p1b: Say Cheese|[spread] p1a,p1b
|-resisted|p1a: Luffy
|-supereffective|p1b: Say Cheese
|-damage|p1a: Luffy|32/100
|-damage|p1b: Say Cheese|27/100
|
|-damage|p2a: Ursaluna|95/100 brn|[from] brn
|upkeep
|turn|11
|
|t:|1757212394
|move|p1b: Say Cheese|Make It Rain|p2b: turtleonfire|[spread] p2a,p2b
|-resisted|p2b: turtleonfire
|-damage|p2a: Ursaluna|0 fnt
|-damage|p2b: turtleonfire|1/100
|-unboost|p1b: Say Cheese|spa|1
|faint|p2a: Ursaluna
|-damage|p1b: Say Cheese|17/100|[from] item: Life Orb
|move|p1a: Luffy|Knock Off|p2b: turtleonfire
|-damage|p2b: turtleonfire|0 fnt
|faint|p2b: turtleonfire
|
|win|sqwrlyd00d
||sqwrlyd00d is ready for game 2.
