|j|☆SlimSanity
|j|☆VenusaurBot
|html|SlimSanityVenusaurBot    
|uhtml|bestof|Game 2 of a best-of-3
|t:|1784232560
|gametype|doubles
|player|p1|SlimSanity|1|1070
|player|p2|VenusaurBot|koga|1087
|gen|9
|tier|[Gen 9 Champions] VGC 2026 Reg M-B (Bo3)
|rated|
|rule|Species Clause: Limit one of each Pokémon
|rule|Item Clause: Limit 1 of each item
|clearpoke
|poke|p1|Scizor, L50, F|
|poke|p1|Ceruledge, L50, M|
|poke|p1|Whimsicott, L50, M, shiny|
|poke|p1|Gliscor, L50, F, shiny|
|poke|p1|Vivillon, L50, F, shiny|
|poke|p1|Primarina, L50, F, shiny|
|poke|p2|Blaziken, L50, F|
|poke|p2|Dragonite, L50, F|
|poke|p2|Kingambit, L50, M|
|poke|p2|Froslass, L50, F|
|poke|p2|Toxapex, L50, F|
|poke|p2|Sneasler, L50, M|
|teampreview|4
|showteam|p1|Scizor||Scizorite|Technician|BulletPunch,BugBite,SwordsDance,Protect|Adamant||F|||50|]Ceruledge||LifeOrb|FlashFire|BitterBlade,SwordsDance,Poltergeist,Protect|Adamant||M|||50|]Whimsicott||FocusSash|Prankster|Tailwind,Taunt,HelpingHand,EnergyBall|Timid||M|||50|]Gliscor||Leftovers|HyperCutter|Tailwind,RockSlide,HighHorsepower,Protect|Careful||F|||50|]Vivillon||ChoiceScarf|CompoundEyes|SleepPowder,RagePowder,Uturn,Hurricane|Timid||F|||50|]Primarina||SitrusBerry|LiquidVoice|IceBeam,HyperVoice,Moonblast,FlipTurn|Modest||F|||50|
|showteam|p2|Blaziken||Blazikenite|SpeedBoost|Protect,FlareBlitz,CloseCombat,RockSlide|Adamant||F|||50|]Dragonite||LifeOrb|InnerFocus|Protect,ExtremeSpeed,DragonClaw,LowKick|Adamant||F|||50|]Kingambit||BlackGlasses|Defiant|Protect,KowtowCleave,SuckerPunch,IronHead|Adamant||M|||50|]Froslass||Froslassite|SnowCloak|Protect,AuroraVeil,Blizzard,ShadowBall|Timid||F|||50|]Toxapex||Leftovers|Regenerator|BanefulBunker,Toxic,Infestation,WideGuard|Bold||F|||50|]Sneasler||FocusSash|PoisonTouch|Protect,DireClaw,CloseCombat,FakeOut|Jolly||M|||50|
|inactive|Battle timer is ON: inactive players will automatically lose when time's up. (requested by SlimSanity)
|inactive|VenusaurBot has 60 seconds left.
|inactive|VenusaurBot has 30 seconds left.
|inactive|VenusaurBot has 20 seconds left.
|inactive|VenusaurBot has 15 seconds left.
|
|t:|1784232637
|teamsize|p1|4
|teamsize|p2|4
|start
|switch|p1a: Chloroform|Vivillon, L50, F, shiny|100/100
|switch|p1b: Goon Material|Primarina, L50, F, shiny|100/100
|switch|p2a: Sneasler|Sneasler, L50, M|100/100
|switch|p2b: Dragonite|Dragonite, L50, F|100/100
|turn|1
|
|t:|1784232660
|move|p2a: Sneasler|Fake Out|p1a: Chloroform
|-damage|p1a: Chloroform|78/100
|move|p2b: Dragonite|Extreme Speed|p1a: Chloroform
|-damage|p1a: Chloroform|18/100
|-damage|p2b: Dragonite|90/100|[from] item: Life Orb
|cant|p1a: Chloroform|flinch
|move|p1b: Goon Material|Ice Beam|p2b: Dragonite
|-supereffective|p2b: Dragonite|2
|-damage|p2b: Dragonite|0 fnt
|faint|p2b: Dragonite
|
|upkeep
|
|t:|1784232676
|switch|p2b: Toxapex|Toxapex, L50, F|100/100
|turn|2
|
|t:|1784232694
|move|p1a: Chloroform|Sleep Powder|p2a: Sneasler
|-status|p2a: Sneasler|slp|[from] move: Sleep Powder
|cant|p2a: Sneasler|slp
|move|p1b: Goon Material|Hyper Voice|p2a: Sneasler|[spread] p2a,p2b
|-resisted|p2b: Toxapex|1
|-damage|p2a: Sneasler|46/100 slp
|-damage|p2b: Toxapex|84/100
|move|p2b: Toxapex|Toxic|p1a: Chloroform
|-status|p1a: Chloroform|tox
|
|-heal|p2b: Toxapex|90/100|[from] item: Leftovers
|-damage|p1a: Chloroform|12/100 tox|[from] psn
|upkeep
|turn|3
|
|t:|1784232711
|move|p2b: Toxapex|Baneful Bunker|p2b: Toxapex
|-singleturn|p2b: Toxapex|move: Protect
|move|p1a: Chloroform|Sleep Powder|p2b: Toxapex
|-activate|p2b: Toxapex|move: Protect
|cant|p2a: Sneasler|slp
|move|p1b: Goon Material|Hyper Voice|p2b: Toxapex|[spread] p2a
|-activate|p2b: Toxapex|move: Protect
|-damage|p2a: Sneasler|0 fnt
|faint|p2a: Sneasler
|
|-heal|p2b: Toxapex|96/100|[from] item: Leftovers
|-damage|p1a: Chloroform|1/100 tox|[from] psn
|upkeep
|
|t:|1784232724
|switch|p2a: Blaziken|Blaziken, L50, F|100/100
|turn|4
|
|t:|1784232741
|switch|p1a: TheGrillMaster|Ceruledge, L50, M|100/100
|detailschange|p2a: Blaziken|Blaziken-Mega, L50, F
|-mega|p2a: Blaziken|Blaziken|Blazikenite
|move|p2b: Toxapex|Wide Guard|p2b: Toxapex
|-singleturn|p2b: Toxapex|Wide Guard
|move|p2a: Blaziken|Flare Blitz|p1b: Goon Material
|-resisted|p1b: Goon Material|1
|-damage|p1b: Goon Material|43/100
|-enditem|p1b: Goon Material|Sitrus Berry|[eat]
|-heal|p1b: Goon Material|67/100|[from] item: Sitrus Berry
|-damage|p2a: Blaziken|78/100|[from] Recoil
|move|p1b: Goon Material|Flip Turn|p2b: Toxapex
|-resisted|p2b: Toxapex|1
|-damage|p2b: Toxapex|91/100
|
|t:|1784232751
|switch|p1b: Blue Lobster|Gliscor, L50, F, shiny|100/100|[from] Flip Turn
|
|-heal|p2b: Toxapex|97/100|[from] item: Leftovers
|-ability|p2a: Blaziken|Speed Boost|boost
|-boost|p2a: Blaziken|spe|1
|upkeep
|turn|5
|
|t:|1784232776
|move|p2a: Blaziken|Rock Slide|p1a: TheGrillMaster|[spread] p1a,p1b
|-supereffective|p1a: TheGrillMaster|1
|-damage|p1a: TheGrillMaster|32/100
|-damage|p1b: Blue Lobster|79/100
|cant|p1a: TheGrillMaster|flinch
|move|p1b: Blue Lobster|High Horsepower|p2b: Toxapex
|-supereffective|p2b: Toxapex|1
|-damage|p2b: Toxapex|55/100
|move|p2b: Toxapex|Toxic|p1b: Blue Lobster
|-status|p1b: Blue Lobster|tox
|
|-heal|p1b: Blue Lobster|85/100 tox|[from] item: Leftovers
|-heal|p2b: Toxapex|61/100|[from] item: Leftovers
|-damage|p1b: Blue Lobster|79/100 tox|[from] psn
|-ability|p2a: Blaziken|Speed Boost|boost
|-boost|p2a: Blaziken|spe|1
|upkeep
|turn|6
|inactive|SlimSanity has 30 seconds left.
|
|t:|1784232801
|move|p2a: Blaziken|Protect|p2a: Blaziken
|-singleturn|p2a: Blaziken|Protect
|move|p1a: TheGrillMaster|Poltergeist|p2a: Blaziken
|-activate|p2a: Blaziken|move: Protect
|move|p1b: Blue Lobster|High Horsepower|p2b: Toxapex
|-supereffective|p2b: Toxapex|1
|-damage|p2b: Toxapex|21/100
|move|p2b: Toxapex|Toxic|p1a: TheGrillMaster
|-status|p1a: TheGrillMaster|tox
|
|-heal|p1b: Blue Lobster|85/100 tox|[from] item: Leftovers
|-heal|p2b: Toxapex|27/100|[from] item: Leftovers
|-damage|p1a: TheGrillMaster|26/100 tox|[from] psn
|-damage|p1b: Blue Lobster|73/100 tox|[from] psn
|-ability|p2a: Blaziken|Speed Boost|boost
|-boost|p2a: Blaziken|spe|1
|upkeep
|turn|7
|
|t:|1784232821
|move|p1a: TheGrillMaster|Protect|p1a: TheGrillMaster
|-singleturn|p1a: TheGrillMaster|Protect
|move|p2b: Toxapex|Baneful Bunker|p2b: Toxapex
|-singleturn|p2b: Toxapex|move: Protect
|move|p2a: Blaziken|Rock Slide|p1b: Blue Lobster|[spread] p1b
|-activate|p1a: TheGrillMaster|move: Protect
|-damage|p1b: Blue Lobster|53/100 tox
|move|p1b: Blue Lobster|High Horsepower|p2a: Blaziken
|-supereffective|p2a: Blaziken|1
|-damage|p2a: Blaziken|0 fnt
|faint|p2a: Blaziken
|
|-heal|p1b: Blue Lobster|59/100 tox|[from] item: Leftovers
|-heal|p2b: Toxapex|33/100|[from] item: Leftovers
|-damage|p1a: TheGrillMaster|14/100 tox|[from] psn
|-damage|p1b: Blue Lobster|41/100 tox|[from] psn
|upkeep
|turn|8
|-message|VenusaurBot forfeited.
|
|win|SlimSanity
||SlimSanity is ready for game 3.
||VenusaurBot is ready for game 3.
|uhtml|next|Next: Game 3 of 3
