|j|☆FIR patu.
|j|☆UtsuruK
|html|FIR patu.UtsuruK    
|uhtml|bestof|Game 1 of a best-of-3
|t:|1785373824
|gametype|doubles
|player|p1|FIR patu.|266|
|player|p2|UtsuruK|depotagent|
|gen|9
|tier|[Gen 9 Champions] VGC 2026 Reg M-B (Bo3)
|rule|Species Clause: Limit one of each Pokémon
|rule|Item Clause: Limit 1 of each item
|clearpoke
|poke|p1|Kangaskhan, L50, F, shiny|
|poke|p1|Camerupt, L50, F, shiny|
|poke|p1|Gallade, L50, M, shiny|
|poke|p1|Ninetales-Alola, L50, M, shiny|
|poke|p1|Dragonite, L50, F, shiny|
|poke|p1|Slowking-Galar, L50, F|
|poke|p2|Tinkaton, L50, F|
|poke|p2|Sableye, L50, M|
|poke|p2|Overqwil, L50, F|
|poke|p2|Corviknight, L50, F|
|poke|p2|Politoed, L50, F|
|poke|p2|Venusaur, L50, M|
|teampreview|4
|showteam|p1|Kangaskhan||SilkScarf|EarlyBird|FakeOut,LastResort|Adamant||F|||50|]Camerupt||Cameruptite|SolidRock|EarthPower,HeatWave,AncientPower,Protect|Quiet||F|||50|]Gallade||IronBall|Sharpness|PsychoCut,LeafBlade,SacredSword,Protect|Relaxed||M|||50|]Ninetales-Alola||FocusSash|SnowWarning|Blizzard,FreezeDry,AuroraVeil,Protect|Timid||M|||50|]Dragonite||Dragoninite|Multiscale|DracoMeteor,DragonPulse,Thunderbolt,Protect|Timid||F|||50|]Slowking-Galar||KasibBerry|Regenerator|Psychic,TrickRoom,SludgeBomb,Protect|Relaxed||F|||50|
|showteam|p2|Tinkaton||MetalCoat|MoldBreaker|FakeOut,GigatonHammer,PlayRough,KnockOff|Jolly||F|||50|]Sableye||LightClay|Prankster|Reflect,LightScreen,Disable,Encore|Careful||M|||50|]Overqwil||LifeOrb|SwiftSwim|AquaJet,BarbBarrage,ThroatChop,Protect|Adamant||F|||50|]Corviknight||Leftovers|Pressure|BulkUp,BraveBird,Tailwind,Roost|Careful||F|||50|]Politoed||SitrusBerry|Drizzle|WeatherBall,IceBeam,Haze,Protect|Modest||F|||50|]Venusaur||Venusaurite|Chlorophyll|EarthPower,EnergyBall,SludgeBomb,Protect|Modest||M|||50|
|j| FIR Zants
|j| mumu2
|
|t:|1785373908
|teamsize|p1|4
|teamsize|p2|4
|start
|switch|p1a: Kangaskhan|Kangaskhan, L50, F, shiny|100/100
|switch|p1b: Slowking|Slowking-Galar, L50, F|100/100
|switch|p2a: Tinkaton|Tinkaton, L50, F|100/100
|switch|p2b: Venusaur|Venusaur, L50, M|100/100
|-ability|p2a: Tinkaton|Mold Breaker
|turn|1
|
|t:|1785373982
|switch|p2b: Corviknight|Corviknight, L50, F|100/100
|-ability|p2b: Corviknight|Pressure
|move|p1b: Slowking|Protect|p1b: Slowking
|-singleturn|p1b: Slowking|Protect
|move|p2a: Tinkaton|Fake Out|p1b: Slowking
|-activate|p1b: Slowking|move: Protect
|move|p1a: Kangaskhan|Fake Out|p2b: Corviknight
|-resisted|p2b: Corviknight|1
|-damage|p2b: Corviknight|92/100
|
|-heal|p2b: Corviknight|98/100|[from] item: Leftovers
|upkeep
|turn|2
|
|t:|1785374010
|move|p2a: Tinkaton|Gigaton Hammer|p1b: Slowking
|-damage|p1b: Slowking|50/100g
|move|p1a: Kangaskhan|Last Resort|p2a: Tinkaton
|-resisted|p2a: Tinkaton|1
|-damage|p2a: Tinkaton|44/100
|move|p2b: Corviknight|Brave Bird|p1b: Slowking
|-damage|p1b: Slowking|25/100
|-damage|p2b: Corviknight|90/100|[from] Recoil
|move|p1b: Slowking|Trick Room|p1b: Slowking
|-fieldstart|move: Trick Room|[of] p1b: Slowking
|
|-heal|p2b: Corviknight|96/100|[from] item: Leftovers
|upkeep
|turn|3
|
|t:|1785374050
|-heal|p1b: Slowking|58/100|[from] ability: Regenerator|[silent]
|switch|p1b: Camerupt|Camerupt, L50, F, shiny|100/100
|switch|p2a: Politoed|Politoed, L50, F|100/100
|-weather|RainDance|[from] ability: Drizzle|[of] p2a: Politoed
|move|p2b: Corviknight|Bulk Up|p2b: Corviknight
|-boost|p2b: Corviknight|atk|1
|-boost|p2b: Corviknight|def|1
|move|p1a: Kangaskhan|Last Resort|p2b: Corviknight
|-resisted|p2b: Corviknight|1
|-damage|p2b: Corviknight|80/100
|
|-weather|RainDance|[upkeep]
|-heal|p2b: Corviknight|85/100|[from] item: Leftovers
|upkeep
|turn|4
|
|t:|1785374093
|switch|p1a: Gallade|Gallade, L50, M, shiny|100/100
|detailschange|p1b: Camerupt|Camerupt-Mega, L50, F, shiny
|-mega|p1b: Camerupt|Camerupt|Cameruptite
|move|p1b: Camerupt|Earth Power|p2a: Politoed
|-damage|p2a: Politoed|37/100
|-enditem|p2a: Politoed|Sitrus Berry|[eat]
|-heal|p2a: Politoed|62/100|[from] item: Sitrus Berry
|move|p2b: Corviknight|Bulk Up|p2b: Corviknight
|-boost|p2b: Corviknight|atk|1
|-boost|p2b: Corviknight|def|1
|move|p2a: Politoed|Weather Ball|p1b: Camerupt
|-supereffective|p1b: Camerupt|2
|-damage|p1b: Camerupt|0 fnt
|faint|p1b: Camerupt
|
|-weather|RainDance|[upkeep]
|-heal|p2b: Corviknight|91/100|[from] item: Leftovers
|upkeep
|
|t:|1785374111
|switch|p1b: Kangaskhan|Kangaskhan, L50, F, shiny|100/100
|turn|5
|
|t:|1785374158
|switch|p2a: Venusaur|Venusaur, L50, M|100/100
|move|p1b: Kangaskhan|Fake Out|p2b: Corviknight
|-resisted|p2b: Corviknight|1
|-damage|p2b: Corviknight|87/100
|move|p1a: Gallade|Sacred Sword|p2b: Corviknight
|-damage|p2b: Corviknight|45/100
|cant|p2b: Corviknight|flinch
|
|-weather|RainDance|[upkeep]
|-heal|p2b: Corviknight|51/100|[from] item: Leftovers
|upkeep
|turn|6
|
|t:|1785374195
|switch|p1b: Slowking|Slowking-Galar, L50, F|58/100
|detailschange|p2a: Venusaur|Venusaur-Mega, L50, M
|-mega|p2a: Venusaur|Venusaur|Venusaurite
|move|p2a: Venusaur|Protect|p2a: Venusaur
|-singleturn|p2a: Venusaur|Protect
|move|p1a: Gallade|Psycho Cut|p2a: Venusaur
|-activate|p2a: Venusaur|move: Protect
|move|p2b: Corviknight|Brave Bird|p1a: Gallade
|-supereffective|p1a: Gallade|1
|-damage|p1a: Gallade|0 fnt
|faint|p1a: Gallade
|-damage|p2b: Corviknight|24/100|[from] Recoil
|
|-weather|RainDance|[upkeep]
|-heal|p2b: Corviknight|30/100|[from] item: Leftovers
|-fieldend|move: Trick Room
|upkeep
|
|t:|1785374210
|switch|p1a: Kangaskhan|Kangaskhan, L50, F, shiny|100/100
|turn|7
|
|t:|1785374286
|move|p1a: Kangaskhan|Fake Out|p2b: Corviknight
|-resisted|p2b: Corviknight|1
|-damage|p2b: Corviknight|26/100
|move|p2a: Venusaur|Sludge Bomb|p1a: Kangaskhan
|-damage|p1a: Kangaskhan|51/100
|cant|p2b: Corviknight|flinch
|move|p1b: Slowking|Psychic|p2a: Venusaur
|-supereffective|p2a: Venusaur|1
|-damage|p2a: Venusaur|37/100
|
|-weather|none
|-heal|p2b: Corviknight|32/100|[from] item: Leftovers
|upkeep
|turn|8
|
|t:|1785374322
|move|p2a: Venusaur|Sludge Bomb|p1a: Kangaskhan
|-damage|p1a: Kangaskhan|2/100
|move|p1a: Kangaskhan|Last Resort|p2a: Venusaur
|-damage|p2a: Venusaur|0 fnt
|faint|p2a: Venusaur
|move|p2b: Corviknight|Brave Bird|p1a: Kangaskhan
|-damage|p1a: Kangaskhan|0 fnt
|faint|p1a: Kangaskhan
|-damage|p2b: Corviknight|31/100|[from] Recoil
|move|p1b: Slowking|Psychic|p2b: Corviknight
|-resisted|p2b: Corviknight|1
|-damage|p2b: Corviknight|16/100
|
|-heal|p2b: Corviknight|22/100|[from] item: Leftovers
|upkeep
|
|t:|1785374335
|switch|p2a: Tinkaton|Tinkaton, L50, F|44/100
|-ability|p2a: Tinkaton|Mold Breaker
|turn|9
|
|t:|1785374343
|move|p2a: Tinkaton|Fake Out|p1b: Slowking
|-crit|p1b: Slowking
|-damage|p1b: Slowking|47/100
|move|p2b: Corviknight|Roost|p2b: Corviknight
|-heal|p2b: Corviknight|72/100
|-singleturn|p2b: Corviknight|move: Roost
|cant|p1b: Slowking|flinch
|
|-heal|p2b: Corviknight|78/100|[from] item: Leftovers
|upkeep
|turn|10
|
|t:|1785374363
|move|p2a: Tinkaton|Gigaton Hammer|p1b: Slowking
|-damage|p1b: Slowking|0 fnt
|faint|p1b: Slowking
|
|win|UtsuruK
||FIR patu. is ready for game 2.
||UtsuruK is ready for game 2.
|uhtml|next|Next: Game 2 of 3
|l| mumu2
|l| FIR Zants
