|j|☆BigE3L
|j|‽Uncreative7452
|html|BigE3LUncreative7452    
|uhtml|bestof|Game 1 of a best-of-3
|t:|1756411362
|gametype|doubles
|player|p1|BigE3L|gambler|1207
|player|p2|Uncreative7452|2|1088
|gen|9
|tier|[Gen 9] VGC 2025 Reg H (Bo3)
|rated|
|rule|Species Clause: Limit one of each Pokémon
|rule|Item Clause: Limit 1 of each item
|clearpoke
|poke|p1|Torkoal, L50, M|
|poke|p1|Porygon2, L50|
|poke|p1|Ursaluna, L50, M|
|poke|p1|Rillaboom, L50, F|
|poke|p1|Lilligant-Hisui, L50, F|
|poke|p1|Ninetales, L50, M|
|poke|p2|Pincurchin, L50, M|
|poke|p2|Porygon2, L50|
|poke|p2|Chesnaught, L50, M|
|poke|p2|Kingambit, L50, M|
|poke|p2|Reuniclus, L50, F|
|poke|p2|Alcremie, L50, F|
|teampreview|4
|showteam|p1|Torkoal||Charcoal|Drought|Eruption,EarthPower,HeatWave,Protect|||M|||50|,,,,,Grass]Porygon2||Eviolite|Download|TrickRoom,Recover,TriAttack,Protect||||||50|,,,,,Grass]Ursaluna||FlameOrb|Guts|Facade,HeadlongRush,Earthquake,Protect|||M|||50|,,,,,Ghost]Rillaboom||AssaultVest|GrassySurge|FakeOut,GrassyGlide,WoodHammer,HighHorsepower|||F|||50|,,,,,Grass]Lilligant-Hisui||FocusSash|Chlorophyll|Protect,CloseCombat,AfterYou,LeafBlade|||F|||50|,,,,,Ghost]Ninetales||CovertCloak|Drought|SunnyDay,WeatherBall,Protect,SolarBeam|||M|||50|,,,,,Grass
|showteam|p2|Pincurchin||FocusSash|ElectricSurge|SupercellSlam,ZingZap,Protect,PoisonJab|||M|||50|,,,,,Electric]Porygon2||Eviolite|Download|IceBeam,TeraBlast,TrickRoom,Recover||||||50|,,,,,Fighting]Chesnaught||ElectricSeed|Bulletproof|LeechSeed,WideGuard,BodyPress,SpikyShield|||M|||50|,,,,,Steel]Kingambit||AssaultVest|Defiant|KowtowCleave,SuckerPunch,IronHead,TeraBlast|||M|||50|,,,,,Flying]Reuniclus||CovertCloak|Overcoat|ExpandingForce,ShadowBall,TrickRoom,Protect|||F|||50|,,,,,Dark]Alcremie||RoomService|AromaVeil|AlluringVoice,Decorate,Protect,HelpingHand|||F|||50|,,,,,Steel
|
|t:|1756411392
|teamsize|p1|4
|teamsize|p2|4
|start
|switch|p1a: Ninetales|Ninetales, L50, M|100/100
|switch|p1b: Lilligant|Lilligant-Hisui, L50, F|100/100
|switch|p2a: Porygon2|Porygon2, L50|100/100
|switch|p2b: Pincurchin|Pincurchin, L50, M|100/100
|-weather|SunnyDay|[from] ability: Drought|[of] p1a: Ninetales
|-ability|p2a: Porygon2|Download|boost
|-boost|p2a: Porygon2|atk|1
|-fieldstart|move: Electric Terrain|[from] ability: Electric Surge|[of] p2b: Pincurchin
|turn|1
|
|t:|1756411417
|move|p1b: Lilligant|Close Combat|p2a: Porygon2
|-supereffective|p2a: Porygon2
|-damage|p2a: Porygon2|35/100
|-unboost|p1b: Lilligant|def|1
|-unboost|p1b: Lilligant|spd|1
|move|p1a: Ninetales|Weather Ball|p2a: Porygon2
|-damage|p2a: Porygon2|0 fnt
|faint|p2a: Porygon2
|move|p2b: Pincurchin|Supercell Slam|p1a: Ninetales
|-damage|p1a: Ninetales|0 fnt
|faint|p1a: Ninetales
|
|-weather|SunnyDay|[upkeep]
|upkeep
|
|t:|1756411431
|switch|p1a: Torkoal|Torkoal, L50, M|100/100
|switch|p2a: Alcremie|Alcremie, L50, F|100/100
|turn|2
|inactive|Battle timer is ON: inactive players will automatically lose when time's up. (requested by BigE3L)
|
|t:|1756411442
|-terastallize|p2b: Pincurchin|Electric
|move|p2a: Alcremie|Protect|p2a: Alcremie
|-singleturn|p2a: Alcremie|Protect
|move|p1b: Lilligant|After You|p1a: Torkoal
|-activate|p1a: Torkoal|move: After You
|move|p1a: Torkoal|Eruption|p2a: Alcremie|[spread] p2b
|-activate|p2a: Alcremie|move: Protect
|-enditem|p2b: Pincurchin|Focus Sash
|-damage|p2b: Pincurchin|1/100
|move|p2b: Pincurchin|Supercell Slam|p1a: Torkoal
|-damage|p1a: Torkoal|41/100
|
|-weather|SunnyDay|[upkeep]
|upkeep
|turn|3
|
|t:|1756411464
|move|p1b: Lilligant|Leaf Blade|p2a: Alcremie
|-damage|p2a: Alcremie|59/100
|move|p2a: Alcremie|Alluring Voice|p1b: Lilligant
|-supereffective|p1b: Lilligant
|-enditem|p1b: Lilligant|Focus Sash
|-damage|p1b: Lilligant|1/100
|move|p1a: Torkoal|Heat Wave|p2b: Pincurchin|[spread] p2a,p2b
|-damage|p2a: Alcremie|12/100
|-damage|p2b: Pincurchin|0 fnt
|faint|p2b: Pincurchin
|
|-weather|SunnyDay|[upkeep]
|upkeep
|
|t:|1756411473
|switch|p2b: Kingambit|Kingambit, L50, M|100/100
|turn|4
|
|t:|1756411489
|move|p2b: Kingambit|Sucker Punch|p1a: Torkoal
|-damage|p1a: Torkoal|11/100
|move|p1b: Lilligant|After You|p1a: Torkoal
|-activate|p1a: Torkoal|move: After You
|move|p1a: Torkoal|Heat Wave|p2a: Alcremie|[spread] p2a,p2b
|-supereffective|p2b: Kingambit
|-damage|p2a: Alcremie|0 fnt
|-damage|p2b: Kingambit|24/100
|faint|p2a: Alcremie
|
|-weather|SunnyDay|[upkeep]
|upkeep
|turn|5
|
|t:|1756411498
|move|p2b: Kingambit|Sucker Punch|p1a: Torkoal
|-damage|p1a: Torkoal|0 fnt
|faint|p1a: Torkoal
|move|p1b: Lilligant|Close Combat|p2b: Kingambit
|-supereffective|p2b: Kingambit
|-damage|p2b: Kingambit|0 fnt
|-unboost|p1b: Lilligant|def|1
|-unboost|p1b: Lilligant|spd|1
|faint|p2b: Kingambit
|
|win|BigE3L
|l|‽Uncreative7452
|player|p2|
||BigE3L is ready for game 2.
|raw|BigE3L's rating: 1207 → 1224(+17 for winning)
|raw|Uncreative7452's rating: 1088 → 1072(-16 for losing)
