|j|☆FlashoGoing
|j|☆randomguy1114s
|html|FlashoGoingrandomguy1114s    
|uhtml|bestof|Game 2 of a best-of-3
|t:|1757206249
|gametype|doubles
|player|p1|FlashoGoing|pokemaniac|1095
|player|p2|randomguy1114s|lillie-masters|1330
|gen|9
|tier|[Gen 9] VGC 2025 Reg H (Bo3)
|rated|
|rule|Species Clause: Limit one of each Pokémon
|rule|Item Clause: Limit 1 of each item
|clearpoke
|poke|p1|Incineroar, L50, M|
|poke|p1|Rillaboom, L50, M|
|poke|p1|Porygon2, L50|
|poke|p1|Annihilape, L50, F|
|poke|p1|Murkrow, L50, M|
|poke|p1|Ursaluna, L50, M|
|poke|p2|Indeedee-F, L50, F|
|poke|p2|Hatterene, L50, F|
|poke|p2|Torkoal, L50, F|
|poke|p2|Sneasler, L50, F|
|poke|p2|Gallade, L50, M|
|poke|p2|Ursaluna, L50, F|
|teampreview|4
|showteam|p1|Incineroar||SafetyGoggles|Intimidate|FakeOut,Taunt,KnockOff,PartingShot|||M|||50|,,,,,Ghost]Rillaboom||AssaultVest|GrassySurge|FakeOut,WoodHammer,GrassyGlide,Uturn|||M|||50|,,,,,Fire]Porygon2||Eviolite|Download|TeraBlast,IceBeam,TrickRoom,Recover||||||50|,,,,,Fighting]Annihilape||SitrusBerry|Defiant|BulkUp,Protect,RageFist,DrainPunch|||F|||50|,,,,,Fire]Murkrow||FocusSash|Prankster|Tailwind,Haze,Quash,Protect|||M|||50|,,,,,Ghost]Ursaluna||FlameOrb|Guts|Facade,HeadlongRush,Earthquake,Protect|||M|||50|,,,,,Ghost
|showteam|p2|Indeedee-F||SafetyGoggles|PsychicSurge|FollowMe,HelpingHand,TrickRoom,Psychic|||F|||50|,,,,,Dark]Hatterene||LifeOrb|MagicBounce|ExpandingForce,DazzlingGleam,TrickRoom,Protect|||F|||50|,,,,,Psychic]Torkoal||Charcoal|Drought|Eruption,HeatWave,SolarBeam,Protect|||F|||50|,,,,,Fire]Sneasler||PsychicSeed|Unburden|CloseCombat,DireClaw,Uturn,Protect|||F|||50|,,,,,Bug]Gallade||ClearAmulet|Sharpness|SacredSword,PsychoCut,WideGuard,TrickRoom|||M|||50|,,,,,Psychic]Ursaluna||FlameOrb|Guts|HeadlongRush,Facade,Earthquake,Protect|||F|||50|,,,,,Ghost
|
|t:|1757206285
|teamsize|p1|4
|teamsize|p2|4
|start
|switch|p1a: Incineroar|Incineroar, L50, M|100/100
|switch|p1b: Ursaluna|Ursaluna, L50, M|100/100
|switch|p2a: resident helper|Indeedee-F, L50, F, shiny|100/100
|switch|p2b: Gallade|Gallade, L50, M|100/100
|-fieldstart|move: Psychic Terrain|[from] ability: Psychic Surge|[of] p2a: resident helper
|-ability|p1a: Incineroar|Intimidate|boost
|-unboost|p2a: resident helper|atk|1
|-fail|p2b: Gallade|unboost|[from] item: Clear Amulet|[of] p2b: Gallade
|turn|1
|
|t:|1757206315
|switch|p1b: Rillaboom|Rillaboom, L50, M|100/100
|-fieldstart|move: Grassy Terrain|[from] ability: Grassy Surge|[of] p1b: Rillaboom
|-terastallize|p1a: Incineroar|Ghost
|move|p2a: resident helper|Follow Me|p2a: resident helper
|-singleturn|p2a: resident helper|move: Follow Me
|move|p1a: Incineroar|Knock Off|p2a: resident helper
|-supereffective|p2a: resident helper
|-damage|p2a: resident helper|25/100
|-enditem|p2a: resident helper|Safety Goggles|[from] move: Knock Off|[of] p1a: Incineroar
|move|p2b: Gallade|Trick Room|p2b: Gallade
|-fieldstart|move: Trick Room|[of] p2b: Gallade
|
|-heal|p2a: resident helper|31/100|[from] Grassy Terrain
|upkeep
|turn|2
|
|t:|1757206341
|switch|p2a: turtleonfire|Torkoal, L50, F, shiny|100/100
|-weather|SunnyDay|[from] ability: Drought|[of] p2a: turtleonfire
|move|p2b: Gallade|Psycho Cut|p1a: Incineroar
|-damage|p1a: Incineroar|56/100
|move|p1a: Incineroar|Knock Off|p2a: turtleonfire
|-damage|p2a: turtleonfire|70/100
|-enditem|p2a: turtleonfire|Charcoal|[from] move: Knock Off|[of] p1a: Incineroar
|move|p1b: Rillaboom|Wood Hammer|p2b: Gallade
|-damage|p2b: Gallade|3/100
|-damage|p1b: Rillaboom|75/100|[from] Recoil
|
|-weather|SunnyDay|[upkeep]
|-heal|p2a: turtleonfire|76/100|[from] Grassy Terrain
|-heal|p2b: Gallade|9/100|[from] Grassy Terrain
|-heal|p1a: Incineroar|62/100|[from] Grassy Terrain
|-heal|p1b: Rillaboom|81/100|[from] Grassy Terrain
|upkeep
|turn|3
|
|t:|1757206385
|switch|p2b: Ursaluna|Ursaluna, L50, F, shiny|100/100
|-terastallize|p2a: turtleonfire|Fire
|move|p1b: Rillaboom|Grassy Glide|p2b: Ursaluna
|-supereffective|p2b: Ursaluna
|-damage|p2b: Ursaluna|50/100
|move|p2a: turtleonfire|Eruption|p1b: Rillaboom|[spread] p1a,p1b
|-supereffective|p1b: Rillaboom
|-damage|p1a: Incineroar|0 fnt
|-damage|p1b: Rillaboom|0 fnt
|faint|p1a: Incineroar
|faint|p1b: Rillaboom
|
|-weather|SunnyDay|[upkeep]
|-heal|p2a: turtleonfire|82/100|[from] Grassy Terrain
|-heal|p2b: Ursaluna|56/100|[from] Grassy Terrain
|-status|p2b: Ursaluna|brn|[from] item: Flame Orb
|upkeep
|
|t:|1757206403
|switch|p1a: Ursaluna|Ursaluna, L50, M|100/100
|switch|p1b: Murkrow|Murkrow, L50, M|100/100
|turn|4
|
|t:|1757206418
|move|p1b: Murkrow|Quash|p2b: Ursaluna
|-activate|p2b: Ursaluna|move: Quash
|move|p2a: turtleonfire|Eruption|p1a: Ursaluna|[spread] p1a,p1b
|-damage|p1a: Ursaluna|25/100
|-enditem|p1b: Murkrow|Focus Sash
|-damage|p1b: Murkrow|1/100
|move|p1a: Ursaluna|Earthquake|p2b: Ursaluna|[spread] p2a,p2b
|-immune|p1b: Murkrow
|-supereffective|p2a: turtleonfire
|-damage|p2a: turtleonfire|49/100
|-damage|p2b: Ursaluna|39/100 brn
|move|p2b: Ursaluna|Facade|p1b: Murkrow
|-damage|p1b: Murkrow|0 fnt
|faint|p1b: Murkrow
|
|-weather|SunnyDay|[upkeep]
|-heal|p2a: turtleonfire|55/100|[from] Grassy Terrain
|-heal|p2b: Ursaluna|45/100 brn|[from] Grassy Terrain
|-heal|p1a: Ursaluna|31/100|[from] Grassy Terrain
|-damage|p2b: Ursaluna|39/100 brn|[from] brn
|-status|p1a: Ursaluna|brn|[from] item: Flame Orb
|upkeep
|turn|5
|-message|FlashoGoing forfeited.
|
|win|randomguy1114s
||FlashoGoing is ready for game 3.
|inactive|randomguy1114s has 30 seconds to confirm battle start!
||randomguy1114s is ready for game 3.
|uhtml|next|Next: Game 3 of 3
|l|☆FlashoGoing
|player|p1|
