|j|☆Crystneel
|j|☆ashnext
|html|Crystneelashnext    
|uhtml|bestof|Game 2 of a best-of-3
|t:|1756921970
|gametype|doubles
|player|p1|Crystneel|101|1054
|player|p2|ashnext|101|1000
|gen|9
|tier|[Gen 9] VGC 2025 Reg H (Bo3)
|rated|
|rule|Species Clause: Limit one of each Pokémon
|rule|Item Clause: Limit 1 of each item
|clearpoke
|poke|p1|Volcarona, L50, M|
|poke|p1|Electabuzz, L50, M|
|poke|p1|Sneasler, L50, M|
|poke|p1|Rillaboom, L50, M|
|poke|p1|Dragonite, L50, F|
|poke|p1|Ursaluna-Bloodmoon, L50, M|
|poke|p2|Dragonite, L50, M|
|poke|p2|Volcarona, L50, M|
|poke|p2|Sneasler, L50, F|
|poke|p2|Rillaboom, L50, F|
|poke|p2|Electabuzz, L50, M|
|poke|p2|Kingambit, L50, F|
|teampreview|4
|showteam|p1|Volcarona||Leftovers|FlameBody|FieryDance,QuiverDance,GigaDrain,Protect|||M|||50|,,,,,Water]Electabuzz||Eviolite|Static|FollowMe,Electroweb,VoltSwitch,Taunt|||M|||50|,,,,,Fairy]Sneasler||GrassySeed|Unburden|DireClaw,CloseCombat,ThroatChop,Protect|||M|||50|,,,,,Dark]Rillaboom||AssaultVest|GrassySurge|FakeOut,GrassyGlide,WoodHammer,Uturn|||M|||50|,,,,,Fire]Dragonite||LoadedDice|Multiscale|ExtremeSpeed,ScaleShot,IceSpinner,LowKick|||F|||50|,,,,,Normal]Ursaluna-Bloodmoon||ThroatSpray|MindsEye|BloodMoon,HyperVoice,EarthPower,Protect|||M|||50|,,,,,Poison
|showteam|p2|Dragonite||LoadedDice|Multiscale|ScaleShot,ExtremeSpeed,Haze,Protect|||M|||50|,,,,,Fairy]Volcarona||CovertCloak|FlameBody|Protect,HeatWave,QuiverDance,GigaDrain|||M|||50|,,,,,Fairy]Sneasler||FocusSash|Unburden|CloseCombat,DireClaw,Protect,ThroatChop|||F|||50|,,,,,Dark]Rillaboom||AssaultVest|GrassySurge|GrassyGlide,FakeOut,WoodHammer,HighHorsepower|||F|||50|,,,,,Fire]Electabuzz||Eviolite|VitalSpirit|FollowMe,Protect,Taunt,Electroweb|||M|||50|,,,,,Ghost]Kingambit||BlackGlasses|Defiant|SuckerPunch,KowtowCleave,Protect,SwordsDance|||F|||50|,,,,,Dark
|inactive|Battle timer is ON: inactive players will automatically lose when time's up. (requested by Crystneel)
|
|t:|1756922000
|teamsize|p1|4
|teamsize|p2|4
|start
|switch|p1a: Dragonite|Dragonite, L50, F|100/100
|switch|p1b: Rillaboom|Rillaboom, L50, M|100/100
|switch|p2a: Sneasler|Sneasler, L50, F|100/100
|switch|p2b: Electabuzz|Electabuzz, L50, M|100/100
|-fieldstart|move: Grassy Terrain|[from] ability: Grassy Surge|[of] p1b: Rillaboom
|turn|1
|inactive|Crystneel has 30 seconds left.
|inactive|ashnext has 30 seconds left.
|inactive|ashnext has 20 seconds left.
|inactive|ashnext has 15 seconds left.
|inactive|ashnext has 10 seconds left.
|
|t:|1756922046
|move|p1b: Rillaboom|Fake Out|p2a: Sneasler
|-damage|p2a: Sneasler|77/100
|move|p2b: Electabuzz|Follow Me|p2b: Electabuzz
|-singleturn|p2b: Electabuzz|move: Follow Me
|cant|p2a: Sneasler|flinch
|move|p1a: Dragonite|Scale Shot|p2b: Electabuzz|[miss]
|-miss|p1a: Dragonite|p2b: Electabuzz
|
|-heal|p2a: Sneasler|83/100|[from] Grassy Terrain
|upkeep
|turn|2
|
|t:|1756922067
|move|p2b: Electabuzz|Protect|p2b: Electabuzz
|-singleturn|p2b: Electabuzz|Protect
|move|p2a: Sneasler|Dire Claw|p1a: Dragonite
|-damage|p1a: Dragonite|76/100
|-status|p1a: Dragonite|psn
|move|p1a: Dragonite|Scale Shot|p2a: Sneasler
|-damage|p2a: Sneasler|56/100
|-damage|p2a: Sneasler|31/100
|-damage|p2a: Sneasler|4/100
|-damage|p2a: Sneasler|0 fnt
|faint|p2a: Sneasler
|-hitcount|p2: Sneasler|4
|-unboost|p1a: Dragonite|def|1
|-boost|p1a: Dragonite|spe|1
|move|p1b: Rillaboom|U-turn|p2b: Electabuzz
|-activate|p2b: Electabuzz|move: Protect
|
|-damage|p1a: Dragonite|64/100 psn|[from] psn
|upkeep
|
|t:|1756922089
|switch|p2a: Dragonite|Dragonite, L50, M|100/100
|turn|3
|
|t:|1756922108
|switch|p1a: Electabuzz|Electabuzz, L50, M|100/100
|-terastallize|p2a: Dragonite|Fairy
|move|p2b: Electabuzz|Follow Me|p2b: Electabuzz
|-singleturn|p2b: Electabuzz|move: Follow Me
|move|p2a: Dragonite|Scale Shot|p1a: Electabuzz|[miss]
|-miss|p2a: Dragonite|p1a: Electabuzz
|move|p1b: Rillaboom|U-turn|p2b: Electabuzz
|-damage|p2b: Electabuzz|72/100
|
|t:|1756922118
|switch|p1b: Dragonite|Dragonite, L50, F|64/100 psn|[from] U-turn
|
|-heal|p2b: Electabuzz|77/100|[from] Grassy Terrain
|-damage|p1b: Dragonite|52/100 psn|[from] psn
|upkeep
|turn|4
|inactive|ashnext has 30 seconds left.
|
|t:|1756922150
|move|p2a: Dragonite|Protect|p2a: Dragonite
|-singleturn|p2a: Dragonite|Protect
|move|p1a: Electabuzz|Follow Me|p1a: Electabuzz
|-singleturn|p1a: Electabuzz|move: Follow Me
|move|p2b: Electabuzz|Electroweb|p1b: Dragonite|[spread] p1b
|-miss|p2b: Electabuzz|p1a: Electabuzz
|-damage|p1b: Dragonite|37/100 psn
|-unboost|p1b: Dragonite|spe|1
|move|p1b: Dragonite|Scale Shot|p2b: Electabuzz
|-damage|p2b: Electabuzz|62/100
|-damage|p2b: Electabuzz|46/100
|-damage|p2b: Electabuzz|32/100
|-damage|p2b: Electabuzz|16/100
|-damage|p2b: Electabuzz|0 fnt
|faint|p2b: Electabuzz
|-hitcount|p2: Electabuzz|5
|-unboost|p1b: Dragonite|def|1
|-boost|p1b: Dragonite|spe|1
|
|-damage|p1b: Dragonite|25/100 psn|[from] psn
|upkeep
|
|t:|1756922169
|switch|p2b: Kingambit|Kingambit, L50, F|100/100
|turn|5
|
|t:|1756922185
|move|p1a: Electabuzz|Follow Me|p1a: Electabuzz
|-singleturn|p1a: Electabuzz|move: Follow Me
|move|p2b: Kingambit|Sucker Punch||[still]
|-fail|p2b: Kingambit
|move|p1b: Dragonite|Low Kick|p2b: Kingambit
|-supereffective|p2b: Kingambit
|-damage|p2b: Kingambit|0 fnt
|faint|p2b: Kingambit
|move|p2a: Dragonite|Scale Shot|p1a: Electabuzz
|-damage|p1a: Electabuzz|86/100
|-damage|p1a: Electabuzz|70/100
|-damage|p1a: Electabuzz|56/100
|-damage|p1a: Electabuzz|42/100
|-hitcount|p1a: Electabuzz|4
|-unboost|p2a: Dragonite|def|1
|-boost|p2a: Dragonite|spe|1
|
|-heal|p1a: Electabuzz|48/100|[from] Grassy Terrain
|-damage|p1b: Dragonite|13/100 psn|[from] psn
|-fieldend|move: Grassy Terrain
|upkeep
|turn|6
|inactive|ashnext has 30 seconds left.
|
|t:|1756922212
|move|p2a: Dragonite|Extreme Speed|p1b: Dragonite
|-damage|p1b: Dragonite|0 fnt
|faint|p1b: Dragonite
|move|p1a: Electabuzz|Follow Me|p1a: Electabuzz
|-singleturn|p1a: Electabuzz|move: Follow Me
|
|upkeep
|
|t:|1756922219
|switch|p1b: Rillaboom|Rillaboom, L50, M|100/100
|-fieldstart|move: Grassy Terrain|[from] ability: Grassy Surge|[of] p1b: Rillaboom
|turn|7
|
|t:|1756922238
|switch|p1a: Volcarona|Volcarona, L50, M|100/100
|move|p2a: Dragonite|Protect|p2a: Dragonite
|-singleturn|p2a: Dragonite|Protect
|move|p1b: Rillaboom|Fake Out|p2a: Dragonite
|-activate|p2a: Dragonite|move: Protect
|
|upkeep
|turn|8
|
|t:|1756922256
|move|p2a: Dragonite|Scale Shot|p1b: Rillaboom
|-damage|p1b: Rillaboom|86/100
|-damage|p1b: Rillaboom|72/100
|-damage|p1b: Rillaboom|58/100
|-damage|p1b: Rillaboom|44/100
|-damage|p1b: Rillaboom|31/100
|-hitcount|p1b: Rillaboom|5
|-unboost|p2a: Dragonite|def|1
|-boost|p2a: Dragonite|spe|1
|move|p1a: Volcarona|Quiver Dance|p1a: Volcarona
|-boost|p1a: Volcarona|spa|1
|-boost|p1a: Volcarona|spd|1
|-boost|p1a: Volcarona|spe|1
|move|p1b: Rillaboom|U-turn|p2a: Dragonite
|-resisted|p2a: Dragonite
|-damage|p2a: Dragonite|85/100
|
|t:|1756922270
|switch|p1b: Electabuzz|Electabuzz, L50, M|48/100|[from] U-turn
|
|-heal|p2a: Dragonite|91/100|[from] Grassy Terrain
|-heal|p1b: Electabuzz|53/100|[from] Grassy Terrain
|upkeep
|turn|9
|
|t:|1756922283
|move|p2a: Dragonite|Haze|p2a: Dragonite
|-clearallboost
|move|p1a: Volcarona|Quiver Dance|p1a: Volcarona
|-boost|p1a: Volcarona|spa|1
|-boost|p1a: Volcarona|spd|1
|-boost|p1a: Volcarona|spe|1
|move|p1b: Electabuzz|Volt Switch|p2a: Dragonite
|-damage|p2a: Dragonite|68/100
|
|t:|1756922292
|switch|p1b: Rillaboom|Rillaboom, L50, M|31/100|[from] Volt Switch
|
|-heal|p2a: Dragonite|74/100|[from] Grassy Terrain
|-heal|p1b: Rillaboom|37/100|[from] Grassy Terrain
|upkeep
|turn|10
|-message|ashnext forfeited.
|
|win|Crystneel
|raw|Crystneel's rating: 1054 → 1081(+27 for winning)
|raw|ashnext's rating: 1000 → 1000(+0 for losing)
|l|☆ashnext
|player|p2|
