|j|☆Skylani
|j|☆KudenaVGC
|html|SkylaniKudenaVGC    
|uhtml|bestof|Game 1 of a best-of-3
|t:|1756734590
|gametype|doubles
|player|p1|Skylani|falkner|1051
|player|p2|KudenaVGC|ethan|1126
|gen|9
|tier|[Gen 9] VGC 2025 Reg H (Bo3)
|rated|
|rule|Species Clause: Limit one of each Pokémon
|rule|Item Clause: Limit 1 of each item
|clearpoke
|poke|p1|Ninetales-Alola, L50, M|
|poke|p1|Ursaluna-Bloodmoon, L50, M|
|poke|p1|Maushold-Four, L50|
|poke|p1|Annihilape, L50, F|
|poke|p1|Klefki, L50, M|
|poke|p1|Sinistcha-Masterpiece, L50|
|poke|p2|Rillaboom, L50, M|
|poke|p2|Ursaluna-Bloodmoon, L50, M|
|poke|p2|Magmar, L50, M|
|poke|p2|Gholdengo, L50|
|poke|p2|Dragonite, L50, F|
|poke|p2|Annihilape, L50, M|
|teampreview|4
|showteam|p1|Ninetales-Alola||FocusSash|SnowWarning|Blizzard,FreezeDry,Encore,Protect|||M|||50|,,,,,Ghost]Ursaluna-Bloodmoon||AssaultVest|MindsEye|BloodMoon,EarthPower,HyperVoice,VacuumWave|||M|||50|,,,,,Water]Maushold-Four||SafetyGoggles|FriendGuard|BeatUp,Taunt,FollowMe,Protect||||||50|,,,,,Ghost]Annihilape||Leftovers|Defiant|DrainPunch,RageFist,BulkUp,Protect|||F|||50|,,,,,Fire]Klefki||LightClay|Prankster|DazzlingGleam,Reflect,LightScreen,MistyTerrain|||M|||50|,,,,,Ghost]Sinistcha-Masterpiece||SitrusBerry|Hospitality|MatchaGotcha,RagePowder,LifeDew,TrickRoom||||||50|,,,,,Water
|showteam|p2|Rillaboom||MeadowPlate|GrassySurge|WoodHammer,GrassyGlide,FakeOut,HighHorsepower|||M|||50|,,,,,Fire]Ursaluna-Bloodmoon||AssaultVest|MindsEye|HyperVoice,BloodMoon,VacuumWave,EarthPower|||M|||50|,,,,,Fire]Magmar||Eviolite|VitalSpirit|ClearSmog,Protect,FollowMe,HeatWave|||M|||50|,,,,,Ghost]Gholdengo||LifeOrb|GoodasGold|MakeItRain,ShadowBall,Protect,NastyPlot||||||50|,,,,,Water]Dragonite||LoadedDice|Multiscale|ScaleShot,ExtremeSpeed,Tailwind,Protect|||F|||50|,,,,,Fairy]Annihilape||FocusSash|Defiant|CloseCombat,RageFist,Coaching,FinalGambit|||M|||50|,,,,,Grass
|inactive|Battle timer is ON: inactive players will automatically lose when time's up. (requested by KudenaVGC)
|
|t:|1756734645
|teamsize|p1|4
|teamsize|p2|4
|start
|switch|p1a: Maushold|Maushold-Four, L50|100/100
|switch|p1b: Annihilape|Annihilape, L50, F|100/100
|switch|p2a: Magmar|Magmar, L50, M|100/100
|switch|p2b: Gholdengo|Gholdengo, L50|100/100
|turn|1
|
|t:|1756734659
|move|p2a: Magmar|Follow Me|p2a: Magmar
|-singleturn|p2a: Magmar|move: Follow Me
|move|p1a: Maushold|Taunt|p2a: Magmar
|-start|p2a: Magmar|move: Taunt
|move|p1b: Annihilape|Bulk Up|p1b: Annihilape
|-boost|p1b: Annihilape|atk|1
|-boost|p1b: Annihilape|def|1
|move|p2b: Gholdengo|Nasty Plot|p2b: Gholdengo
|-boost|p2b: Gholdengo|spa|2
|
|upkeep
|turn|2
|
|t:|1756734680
|switch|p2b: Annihilape|Annihilape, L50, M|100/100
|-terastallize|p1b: Annihilape|Fire
|move|p1a: Maushold|Beat Up|p1b: Annihilape
|-damage|p1b: Annihilape|99/100
|-damage|p1b: Annihilape|97/100
|-damage|p1b: Annihilape|96/100
|-damage|p1b: Annihilape|94/100
|-hitcount|p1b: Annihilape|4
|move|p1b: Annihilape|Rage Fist|p2a: Magmar
|-damage|p2a: Magmar|0 fnt
|faint|p2a: Magmar
|
|-heal|p1b: Annihilape|100/100|[from] item: Leftovers
|upkeep
|
|t:|1756734691
|switch|p2a: Dragonite|Dragonite, L50, F|100/100
|turn|3
|inactive|Skylani has 30 seconds left.
|
|t:|1756734718
|move|p1a: Maushold|Follow Me|p1a: Maushold
|-singleturn|p1a: Maushold|move: Follow Me
|move|p1b: Annihilape|Rage Fist|p2a: Dragonite
|-damage|p2a: Dragonite|13/100
|move|p2b: Annihilape|Coaching|p2a: Dragonite
|-boost|p2a: Dragonite|atk|1
|-boost|p2a: Dragonite|def|1
|move|p2a: Dragonite|Scale Shot|p1a: Maushold
|-damage|p1a: Maushold|73/100
|-damage|p1a: Maushold|45/100
|-damage|p1a: Maushold|20/100
|-damage|p1a: Maushold|0 fnt
|faint|p1a: Maushold
|-hitcount|p1: Maushold|4
|-unboost|p2a: Dragonite|def|1
|-boost|p2a: Dragonite|spe|1
|
|upkeep
|
|t:|1756734732
|switch|p1a: Sinistcha|Sinistcha-Masterpiece, L50|100/100
|turn|4
|
|t:|1756734755
|move|p1a: Sinistcha|Rage Powder|p1a: Sinistcha
|-singleturn|p1a: Sinistcha|move: Rage Powder
|move|p2a: Dragonite|Scale Shot|p1a: Sinistcha
|-damage|p1a: Sinistcha|81/100
|-damage|p1a: Sinistcha|61/100
|-damage|p1a: Sinistcha|44/100
|-enditem|p1a: Sinistcha|Sitrus Berry|[eat]
|-heal|p1a: Sinistcha|68/100|[from] item: Sitrus Berry
|-damage|p1a: Sinistcha|48/100
|-hitcount|p1a: Sinistcha|4
|-unboost|p2a: Dragonite|def|1
|-boost|p2a: Dragonite|spe|1
|move|p1b: Annihilape|Rage Fist|p2a: Dragonite
|-damage|p2a: Dragonite|0 fnt
|faint|p2a: Dragonite
|move|p2b: Annihilape|Final Gambit|p1a: Sinistcha
|-immune|p1a: Sinistcha
|
|upkeep
|
|t:|1756734770
|switch|p2a: Gholdengo|Gholdengo, L50|100/100
|turn|5
|
|t:|1756734790
|-terastallize|p2a: Gholdengo|Water
|move|p1b: Annihilape|Rage Fist|p2a: Gholdengo
|-damage|p2a: Gholdengo|0 fnt
|faint|p2a: Gholdengo
|move|p2b: Annihilape|Coaching|p2: Gholdengo|[notarget]
|-fail|p2b: Annihilape
|move|p1a: Sinistcha|Matcha Gotcha|p2b: Annihilape
|-damage|p2b: Annihilape|66/100
|-heal|p1a: Sinistcha|67/100|[from] drain|[of] p2b: Annihilape
|
|upkeep
|turn|6
|-message|KudenaVGC forfeited.
|
|win|Skylani
||Skylani is ready for game 2.
||KudenaVGC is ready for game 2.
|uhtml|next|Next: Game 2 of 3
|l|☆KudenaVGC
|player|p2|
