|j|☆FruitloopsFL
|j|☆M00ncell
|html|FruitloopsFLM00ncell    
|uhtml|bestof|Game 1 of a best-of-3
|t:|1783335700
|gametype|doubles
|player|p1|FruitloopsFL|alder|
|player|p2|M00ncell|plasmagrunt|
|gen|9
|tier|[Gen 9 Champions] VGC 2026 Reg M-B (Bo3)
|rule|Species Clause: Limit one of each Pokémon
|rule|Item Clause: Limit 1 of each item
|clearpoke
|poke|p1|Toucannon, L50, F|
|poke|p1|Grimmsnarl, L50, M|
|poke|p1|Raichu, L50, F|
|poke|p1|Garchomp, L50, M|
|poke|p1|Annihilape, L50, M|
|poke|p1|Volcarona, L50, M|
|poke|p2|Staraptor, L50, M|
|poke|p2|Whimsicott, L50, F|
|poke|p2|Garchomp, L50, F|
|poke|p2|Basculegion, L50, M|
|poke|p2|Incineroar, L50, M|
|poke|p2|Charizard, L50, M|
|teampreview|4
|showteam|p1|Toucannon||SilkScarf|SkillLink|Tailwind,BulletSeed,Boomburst,Protect|Impish||F|||50|]Grimmsnarl||LightClay|Prankster|FakeOut,PartingShot,Reflect,LightScreen|Careful||M|||50|]Raichu||RaichuniteY|LightningRod|FakeOut,GrassKnot,FocusBlast,ZapCannon|Hasty||F|||50|]Garchomp||LifeOrb|RoughSkin|RockSlide,Earthquake,DragonClaw,Protect|Jolly||M|||50|]Annihilape||Leftovers|Defiant|IcePunch,RageFist,DrainPunch,Protect|Adamant||M|||50|]Volcarona||ChartiBerry|FlameBody|RagePowder,MorningSun,WillOWisp,HeatWave|Calm||M|||50|
|showteam|p2|Staraptor||Staraptite|Intimidate|CloseCombat,BraveBird,Protect,Roost|Jolly||M|||50|]Whimsicott||FocusSash|Prankster|Moonblast,Tailwind,Encore,Protect|Timid||F|||50|]Garchomp||LifeOrb|RoughSkin|DragonClaw,Protect,Earthquake,RockSlide|Jolly||F|||50|]Basculegion||ChoiceScarf|Adaptability|LastRespects,AquaJet,WaveCrash,FlipTurn|Adamant||M|||50|]Incineroar||SitrusBerry|Intimidate|FakeOut,PartingShot,FlareBlitz,ThroatChop|Careful||M|||50|]Charizard||CharizarditeY|Blaze|Protect,HeatWave,SolarBeam,WeatherBall|Modest||M|||50|
|c|☆FruitloopsFL|glhf
|c|☆M00ncell|gl hf
|
|t:|1783335818
|teamsize|p1|4
|teamsize|p2|4
|start
|switch|p1a: Garchomp|Garchomp, L50, M|100/100
|switch|p1b: Grimmsnarl|Grimmsnarl, L50, M|100/100
|switch|p2a: Incineroar|Incineroar, L50, M|100/100
|switch|p2b: Whimsicott|Whimsicott, L50, F|100/100
|-ability|p2a: Incineroar|Intimidate|boost
|-unboost|p1a: Garchomp|atk|1
|-unboost|p1b: Grimmsnarl|atk|1
|turn|1
|
|t:|1783335882
|move|p1b: Grimmsnarl|Fake Out|p2b: Whimsicott
|-damage|p2b: Whimsicott|89/100
|cant|p2b: Whimsicott|flinch
|move|p1a: Garchomp|Rock Slide|p2b: Whimsicott|[spread] p2a,p2b
|-supereffective|p2a: Incineroar|1
|-damage|p2a: Incineroar|71/100
|-damage|p2b: Whimsicott|62/100
|-damage|p1a: Garchomp|90/100|[from] item: Life Orb
|cant|p2a: Incineroar|flinch
|
|upkeep
|turn|2
|
|t:|1783335920
|switch|p1a: Toucannon|Toucannon, L50, F|100/100
|move|p1b: Grimmsnarl|Light Screen|p1b: Grimmsnarl
|-sidestart|p1: FruitloopsFL|move: Light Screen
|move|p2b: Whimsicott|Moonblast|p1b: Grimmsnarl
|-supereffective|p1b: Grimmsnarl|1
|-damage|p1b: Grimmsnarl|60/100
|-unboost|p1b: Grimmsnarl|spa|1
|move|p2a: Incineroar|Parting Shot|p1a: Toucannon
|-unboost|p1a: Toucannon|atk|1
|-unboost|p1a: Toucannon|spa|1
|
|t:|1783335951
|switch|p2a: Charizard|Charizard, L50, M|100/100|[from] Parting Shot
|
|upkeep
|turn|3
|
|t:|1783335989
|detailschange|p2a: Charizard|Charizard-Mega-Y, L50, M
|-mega|p2a: Charizard|Charizard|Charizardite Y
|-weather|SunnyDay|[from] ability: Drought|[of] p2a: Charizard
|move|p1b: Grimmsnarl|Parting Shot|p2a: Charizard
|-unboost|p2a: Charizard|atk|1
|-unboost|p2a: Charizard|spa|1
|
|t:|1783336011
|switch|p1b: Garchomp|Garchomp, L50, M|90/100|[from] Parting Shot
|move|p2b: Whimsicott|Moonblast|p1b: Garchomp
|-supereffective|p1b: Garchomp|1
|-damage|p1b: Garchomp|37/100
|move|p2a: Charizard|Heat Wave|p1a: Toucannon|[spread] p1a,p1b
|-resisted|p1b: Garchomp|1
|-damage|p1a: Toucannon|60/100
|-damage|p1b: Garchomp|22/100
|move|p1a: Toucannon|Tailwind|p1a: Toucannon
|-sidestart|p1: FruitloopsFL|move: Tailwind
|
|-weather|SunnyDay|[upkeep]
|upkeep
|turn|4
|
|t:|1783336052
|switch|p1a: Grimmsnarl|Grimmsnarl, L50, M|60/100
|move|p1b: Garchomp|Protect|p1b: Garchomp
|-singleturn|p1b: Garchomp|Protect
|move|p2a: Charizard|Protect|p2a: Charizard
|-singleturn|p2a: Charizard|Protect
|move|p2b: Whimsicott|Encore|p1a: Grimmsnarl
|-hint|Since gen 7, Dark is immune to Prankster moves.
|-immune|p1a: Grimmsnarl
|
|-weather|SunnyDay|[upkeep]
|upkeep
|turn|5
|
|t:|1783336068
|switch|p2a: Incineroar|Incineroar, L50, M|71/100
|-ability|p2a: Incineroar|Intimidate|boost
|-unboost|p1a: Grimmsnarl|atk|1
|-unboost|p1b: Garchomp|atk|1
|move|p1a: Grimmsnarl|Fake Out|p2b: Whimsicott
|-damage|p2b: Whimsicott|51/100
|move|p1b: Garchomp|Rock Slide|p2b: Whimsicott|[spread] p2a,p2b
|-supereffective|p2a: Incineroar|1
|-damage|p2a: Incineroar|43/100
|-damage|p2b: Whimsicott|25/100
|-enditem|p2a: Incineroar|Sitrus Berry|[eat]
|-heal|p2a: Incineroar|68/100|[from] item: Sitrus Berry
|-damage|p1b: Garchomp|12/100|[from] item: Life Orb
|cant|p2b: Whimsicott|flinch
|
|-weather|SunnyDay|[upkeep]
|upkeep
|turn|6
|
|t:|1783336191
|move|p2a: Incineroar|Fake Out|p1b: Garchomp
|-damage|p1b: Garchomp|3/100
|-damage|p2a: Incineroar|55/100|[from] ability: Rough Skin|[of] p1b: Garchomp
|move|p1a: Grimmsnarl|Parting Shot|p2b: Whimsicott
|-unboost|p2b: Whimsicott|atk|1
|-unboost|p2b: Whimsicott|spa|1
|
|t:|1783336202
|switch|p1a: Toucannon|Toucannon, L50, F|60/100|[from] Parting Shot
|cant|p1b: Garchomp|flinch
|move|p2b: Whimsicott|Moonblast|p1a: Toucannon
|-damage|p1a: Toucannon|39/100
|
|-weather|SunnyDay|[upkeep]
|-sideend|p1: FruitloopsFL|move: Tailwind
|upkeep
|turn|7
|
|t:|1783336243
|move|p2b: Whimsicott|Tailwind|p2b: Whimsicott
|-sidestart|p2: M00ncell|move: Tailwind
|move|p1b: Garchomp|Rock Slide|p2a: Incineroar|[spread] p2a,p2b
|-supereffective|p2a: Incineroar|1
|-damage|p2a: Incineroar|28/100
|-damage|p2b: Whimsicott|0 fnt
|faint|p2b: Whimsicott
|-damage|p1b: Garchomp|0 fnt|[from] item: Life Orb
|faint|p1b: Garchomp
|move|p2a: Incineroar|Throat Chop|p1a: Toucannon
|-damage|p1a: Toucannon|6/100
|-start|p1a: Toucannon|Throat Chop|[silent]
|cant|p1a: Toucannon|move: Throat Chop
|
|-weather|none
|upkeep
|
|t:|1783336274
|switch|p2b: Basculegion|Basculegion, L50, M|100/100
|switch|p1b: Grimmsnarl|Grimmsnarl, L50, M|60/100
|turn|8
|
|t:|1783336319
|move|p1b: Grimmsnarl|Parting Shot|p2b: Basculegion
|-unboost|p2b: Basculegion|atk|1
|-unboost|p2b: Basculegion|spa|1
|
|t:|1783336323
|switch|p1b: Raichu|Raichu, L50, F|100/100|[from] Parting Shot
|move|p2b: Basculegion|Flip Turn|p1a: Toucannon
|-damage|p1a: Toucannon|0 fnt
|faint|p1a: Toucannon
|
|t:|1783336329
|switch|p2b: Charizard|Charizard-Mega-Y, L50, M|100/100|[from] Flip Turn
|-weather|SunnyDay|[from] ability: Drought|[of] p2b: Charizard
|move|p2a: Incineroar|Throat Chop|p1b: Raichu
|-damage|p1b: Raichu|26/100
|-start|p1b: Raichu|Throat Chop|[silent]
|
|-weather|SunnyDay|[upkeep]
|upkeep
|
|t:|1783336339
|switch|p1a: Grimmsnarl|Grimmsnarl, L50, M|60/100
|turn|9
|
|t:|1783336421
|detailschange|p1b: Raichu|Raichu-Mega-Y, L50, F
|-mega|p1b: Raichu|Raichu|Raichunite Y
|move|p2b: Charizard|Protect|p2b: Charizard
|-singleturn|p2b: Charizard|Protect
|move|p1a: Grimmsnarl|Fake Out|p2b: Charizard
|-activate|p2b: Charizard|move: Protect
|move|p1b: Raichu|Zap Cannon|p2a: Incineroar
|-damage|p2a: Incineroar|0 fnt
|faint|p2a: Incineroar
|
|-weather|SunnyDay|[upkeep]
|-end|p1b: Raichu|Throat Chop|[silent]
|-sideend|p1: FruitloopsFL|move: Light Screen
|upkeep
|
|t:|1783336430
|switch|p2a: Basculegion|Basculegion, L50, M|100/100
|turn|10
|
|t:|1783336451
|move|p1a: Grimmsnarl|Parting Shot|p2b: Charizard
|-unboost|p2b: Charizard|atk|1
|-unboost|p2b: Charizard|spa|1
|move|p2a: Basculegion|Wave Crash|p1b: Raichu
|-damage|p1b: Raichu|0 fnt
|faint|p1b: Raichu
|-damage|p2a: Basculegion|93/100|[from] Recoil
|move|p2b: Charizard|Weather Ball|p1a: Grimmsnarl
|-damage|p1a: Grimmsnarl|20/100y
|
|-weather|SunnyDay|[upkeep]
|-sideend|p2: M00ncell|move: Tailwind
|upkeep
|turn|11
|c|☆FruitloopsFL|gg
|
|t:|1783336465
|move|p1a: Grimmsnarl|Reflect|p1a: Grimmsnarl
|-sidestart|p1: FruitloopsFL|Reflect
|move|p2a: Basculegion|Wave Crash|p1a: Grimmsnarl
|-damage|p1a: Grimmsnarl|0 fnt
|faint|p1a: Grimmsnarl
|-damage|p2a: Basculegion|86/100|[from] Recoil
|
|win|M00ncell
|c|☆M00ncell|gg
|inactive|FruitloopsFL has 30 seconds to confirm battle start!
|inactive|M00ncell has 30 seconds to confirm battle start!
||M00ncell is ready for game 2.
|inactive|FruitloopsFL has 20 seconds to confirm battle start!
||FruitloopsFL is ready for game 2.
|uhtml|next|Next: Game 2 of 3
