|j|☆Dah_tobster
|j|☆P!nkbearz07
|html|Dah_tobsterP!nkbearz07    
|uhtml|bestof|Game 2 of a best-of-3
|t:|1757042987
|gametype|doubles
|player|p1|Dah_tobster|266|1145
|player|p2|P!nkbearz07|marlon|1039
|gen|9
|tier|[Gen 9] VGC 2025 Reg H (Bo3)
|rated|
|rule|Species Clause: Limit one of each Pokémon
|rule|Item Clause: Limit 1 of each item
|clearpoke
|poke|p1|Grimmsnarl, L50, M|
|poke|p1|Dragonite, L50, M|
|poke|p1|Gholdengo, L50|
|poke|p1|Annihilape, L50, F|
|poke|p1|Maushold-Four, L50|
|poke|p1|Rillaboom, L50, F|
|poke|p2|Empoleon, L50, M|
|poke|p2|Tyranitar, L50, M|
|poke|p2|Excadrill, L50, F|
|poke|p2|Annihilape, L50, M|
|poke|p2|Gholdengo, L50|
|poke|p2|Hydreigon, L50, F|
|teampreview|4
|showteam|p1|Grimmsnarl||LightClay|Prankster|SpiritBreak,Reflect,LightScreen,ThunderWave|||M|||50|,,,,,Steel]Dragonite||LoadedDice|Multiscale|ScaleShot,ExtremeSpeed,Tailwind,Protect|||M|||50|,,,,,Steel]Gholdengo||LifeOrb|GoodasGold|MakeItRain,NastyPlot,ShadowBall,Protect||||||50|,,,,,Water]Annihilape||Leftovers|Defiant|RageFist,DrainPunch,BulkUp,Protect|||F|||50|,,,,,Fire]Maushold-Four||FocusSash|FriendGuard|SuperFang,FollowMe,BeatUp,Protect||||||50|,,,,,Ghost]Rillaboom||AssaultVest|GrassySurge|FakeOut,WoodHammer,HighHorsepower,GrassyGlide|||F|||50|,,,,,Fire
|showteam|p2|Empoleon||CovertCloak|Competitive|HydroPump,FlashCannon,IcyWind,Protect|||M|||50|,,,,,Grass]Tyranitar||AssaultVest|SandStream|RockSlide,KnockOff,TeraBlast,LowKick|||M|||50|,,,,,Flying]Excadrill||FocusSash|SandRush|Earthquake,HighHorsepower,IronHead,Protect|||F|||50|,,,,,Ground]Annihilape||ChoiceScarf|Defiant|RageFist,CloseCombat,FinalGambit,Coaching|||M|||50|,,,,,Grass]Gholdengo||LifeOrb|GoodasGold|Protect,NastyPlot,ShadowBall,MakeItRain||||||50|,,,,,Steel]Hydreigon||ChoiceSpecs|Levitate|HeatWave,Snarl,DarkPulse,DracoMeteor|||F|||50|,,,,,Fire
|inactive|Battle timer is ON: inactive players will automatically lose when time's up. (requested by Dah_tobster)
|inactive|P!nkbearz07 also wants the timer to be on.
|inactive|Dah_tobster has 60 seconds left.
|inactive|P!nkbearz07 has 60 seconds left.
|inactive|Dah_tobster has 30 seconds left.
|inactive|P!nkbearz07 has 30 seconds left.
|inactive|P!nkbearz07 has 20 seconds left.
|inactive|P!nkbearz07 has 15 seconds left.
|inactive|P!nkbearz07 has 10 seconds left.
|
|t:|1757043068
|teamsize|p1|4
|teamsize|p2|4
|start
|switch|p1a: Maushold|Maushold-Four, L50|100/100
|switch|p1b: Annihilape|Annihilape, L50, F|100/100
|switch|p2a: DK|Annihilape, L50, M|100/100
|switch|p2b: Yama no Orichi|Hydreigon, L50, F|100/100
|turn|1
|
|t:|1757043093
|-terastallize|p2b: Yama no Orichi|Fire
|-terastallize|p1b: Annihilape|Fire
|move|p1a: Maushold|Follow Me|p1a: Maushold
|-singleturn|p1a: Maushold|move: Follow Me
|move|p2a: DK|Final Gambit|p1a: Maushold
|-enditem|p1a: Maushold|Focus Sash
|-damage|p1a: Maushold|1/100
|faint|p2a: DK
|move|p2b: Yama no Orichi|Heat Wave|p1b: Annihilape|[spread] p1a,p1b
|-resisted|p1b: Annihilape
|-damage|p1a: Maushold|0 fnt
|-damage|p1b: Annihilape|82/100
|faint|p1a: Maushold
|move|p1b: Annihilape|Bulk Up|p1b: Annihilape
|-boost|p1b: Annihilape|atk|1
|-boost|p1b: Annihilape|def|1
|
|-heal|p1b: Annihilape|88/100|[from] item: Leftovers
|upkeep
|inactive|P!nkbearz07 has 30 seconds left.
|
|t:|1757043118
|switch|p1a: Rillaboom|Rillaboom, L50, F|100/100
|switch|p2a: Oil Rig|Excadrill, L50, F|100/100
|-fieldstart|move: Grassy Terrain|[from] ability: Grassy Surge|[of] p1a: Rillaboom
|turn|2
|inactive|Dah_tobster has 30 seconds left.
|
|t:|1757043146
|move|p1a: Rillaboom|Fake Out|p2a: Oil Rig
|-resisted|p2a: Oil Rig
|-damage|p2a: Oil Rig|91/100
|cant|p2a: Oil Rig|flinch
|move|p2b: Yama no Orichi|Heat Wave|p1a: Rillaboom|[spread] p1a,p1b
|-supereffective|p1a: Rillaboom
|-resisted|p1b: Annihilape
|-damage|p1a: Rillaboom|16/100
|-damage|p1b: Annihilape|65/100
|move|p1b: Annihilape|Rage Fist|p2b: Yama no Orichi
|-damage|p2b: Yama no Orichi|0 fnt
|faint|p2b: Yama no Orichi
|
|-heal|p2a: Oil Rig|97/100|[from] Grassy Terrain
|-heal|p1b: Annihilape|72/100|[from] Grassy Terrain
|-heal|p1b: Annihilape|78/100|[from] item: Leftovers
|-heal|p1a: Rillaboom|22/100|[from] Grassy Terrain
|upkeep
|
|t:|1757043154
|switch|p2b: Richie Rich|Gholdengo, L50|100/100
|turn|3
|
|t:|1757043177
|move|p1a: Rillaboom|Grassy Glide|p2a: Oil Rig
|-damage|p2a: Oil Rig|40/100
|move|p2a: Oil Rig|High Horsepower|p1b: Annihilape
|-supereffective|p1b: Annihilape
|-damage|p1b: Annihilape|16/100
|move|p2b: Richie Rich|Make It Rain|p1b: Annihilape|[spread] p1a,p1b
|-resisted|p1b: Annihilape
|-damage|p1a: Rillaboom|0 fnt
|-damage|p1b: Annihilape|0 fnt
|-unboost|p2b: Richie Rich|spa|1
|faint|p1a: Rillaboom
|faint|p1b: Annihilape
|-damage|p2b: Richie Rich|91/100|[from] item: Life Orb
|
|-heal|p2a: Oil Rig|46/100|[from] Grassy Terrain
|-heal|p2b: Richie Rich|97/100|[from] Grassy Terrain
|upkeep
|
|t:|1757043196
|switch|p1b: Dragonite|Dragonite, L50, M|100/100
|turn|4
|
|t:|1757043209
|move|p2a: Oil Rig|Iron Head|p1b: Dragonite
|-crit|p1b: Dragonite
|-damage|p1b: Dragonite|65/100
|move|p2b: Richie Rich|Nasty Plot|p2b: Richie Rich
|-boost|p2b: Richie Rich|spa|2
|cant|p1b: Dragonite|flinch
|
|-heal|p2a: Oil Rig|52/100|[from] Grassy Terrain
|-heal|p2b: Richie Rich|100/100|[from] Grassy Terrain
|upkeep
|turn|5
|
|t:|1757043231
|move|p2a: Oil Rig|Iron Head|p1b: Dragonite
|-crit|p1b: Dragonite
|-damage|p1b: Dragonite|0 fnt
|faint|p1b: Dragonite
|
|win|P!nkbearz07
|raw|Dah_tobster's rating: 1145 → 1113(-32 for losing)
|raw|P!nkbearz07's rating: 1039 → 1083(+44 for winning)
|l|☆P!nkbearz07
|player|p2|
