|j|â˜†Jompinhans
|j|â˜†damnbrodascrazy
|html|Jompinhansdamnbrodascrazy    
|uhtml|bestof|Game 1 of a best-of-3
|t:|1757910107
|gametype|doubles
|player|p1|Jompinhans|265|1098
|player|p2|damnbrodascrazy|102|1081
|gen|9
|tier|[Gen 9] VGC 2025 Reg H (Bo3)
|rated|
|rule|Species Clause: Limit one of each PokÃ©mon
|rule|Item Clause: Limit 1 of each item
|clearpoke
|poke|p1|Tyranitar, L50, F|
|poke|p1|Archaludon, L50, M|
|poke|p1|Garchomp, L50, F|
|poke|p1|Talonflame, L50, F|
|poke|p1|Sinistcha, L50|
|poke|p1|Indeedee, L50, M|
|poke|p2|Archaludon, L50, F|
|poke|p2|Pelipper, L50, F|
|poke|p2|Whimsicott, L50, F|
|poke|p2|Basculegion, L50, M|
|poke|p2|Gholdengo, L50|
|poke|p2|Grimmsnarl, L50, M|
|teampreview|4
|showteam|p1|Tyranitar||AssaultVest|SandStream|KnockOff,RockSlide,TeraBlast,LowKick|||F|||50|,,,,,Flying]Archaludon||PowerHerb|Stamina|BodyPress,DracoMeteor,Protect,ElectroShot|||M|||50|,,,,,Grass]Garchomp||ClearAmulet|SandVeil|SwordsDance,Earthquake,DragonClaw,Protect|||F|||50|,,,,,Fairy]Talonflame||CovertCloak|GaleWings|Tailwind,WillOWisp,DualWingbeat,Taunt|||F|||50|,,,,,Grass]Sinistcha||Leftovers|Hospitality|MatchaGotcha,ShadowBall,Protect,NastyPlot||||||50|,,,,,Water]Indeedee||LifeOrb|PsychicSurge|ExpandingForce,Protect,TeraBlast,TrickRoom|||M|||50|,,,,,Fairy
|showteam|p2|Archaludon||AssaultVest|Stamina|ElectroShot,DracoMeteor,FlashCannon,BodyPress|||F|||50|,,,,,Electric]Pelipper||FocusSash|Drizzle|Hurricane,Tailwind,Protect,WideGuard|||F|||50|,,,,,Grass]Whimsicott||CovertCloak|Prankster|Tailwind,Protect,Moonblast,Taunt|||F|||50|,,,,,Dark]Basculegion||ChoiceBand|SwiftSwim|LastRespects,WaveCrash,Crunch,FlipTurn|||M|||50|,,,,,Water]Gholdengo||Leftovers|GoodasGold|MakeItRain,ShadowBall,Protect,NastyPlot||||||50|,,,,,Steel]Grimmsnarl||LightClay|Prankster|LightScreen,Reflect,PartingShot,FoulPlay|||M|||50|,,,,,Dark
|
|t:|1757910151
|teamsize|p1|4
|teamsize|p2|4
|start
|switch|p1a: Indeedee|Indeedee, L50, M|100/100
|switch|p1b: Talonflame|Talonflame, L50, F|100/100
|switch|p2a: Grimmsnarl|Grimmsnarl, L50, M|100/100
|switch|p2b: Basculegion|Basculegion, L50, M|100/100
|-fieldstart|move: Psychic Terrain|[from] ability: Psychic Surge|[of] p1a: Indeedee
|turn|1
|
|t:|1757910189
|move|p1b: Talonflame|Tailwind|p1b: Talonflame
|-sidestart|p1: Jompinhans|move: Tailwind
|move|p1a: Indeedee|Expanding Force|p2a: Grimmsnarl|[spread] p2b
|-immune|p2a: Grimmsnarl
|-damage|p2b: Basculegion|28/100
|-damage|p1a: Indeedee|91/100|[from] item: Life Orb
|move|p2b: Basculegion|Flip Turn|p1a: Indeedee
|-damage|p1a: Indeedee|15/100
|
|t:|1757910199
|switch|p2b: Gholdengo|Gholdengo, L50|100/100|[from] Flip Turn
|move|p2a: Grimmsnarl|Foul Play|p1a: Indeedee
|-supereffective|p1a: Indeedee
|-damage|p1a: Indeedee|0 fnt
|faint|p1a: Indeedee
|
|upkeep
|
|t:|1757910208
|switch|p1a: Tyranitar|Tyranitar, L50, F|100/100
|-weather|Sandstorm|[from] ability: Sand Stream|[of] p1a: Tyranitar
|turn|2
|
|t:|1757910235
|move|p2b: Gholdengo|Protect|p2b: Gholdengo
|-singleturn|p2b: Gholdengo|Protect
|move|p2a: Grimmsnarl|Reflect|p2a: Grimmsnarl
|-sidestart|p2: damnbrodascrazy|Reflect
|move|p1b: Talonflame|Taunt|p2a: Grimmsnarl
|-start|p2a: Grimmsnarl|move: Taunt
|move|p1a: Tyranitar|Knock Off|p2b: Gholdengo
|-activate|p2b: Gholdengo|move: Protect
|
|-weather|Sandstorm|[upkeep]
|-damage|p1b: Talonflame|95/100|[from] Sandstorm
|-damage|p2a: Grimmsnarl|95/100|[from] Sandstorm
|upkeep
|turn|3
|
|t:|1757910259
|switch|p2a: Pelipper|Pelipper, L50, F|100/100
|-weather|RainDance|[from] ability: Drizzle|[of] p2a: Pelipper
|-terastallize|p2b: Gholdengo|Steel
|move|p1b: Talonflame|Dual Wingbeat|p2a: Pelipper
|-damage|p2a: Pelipper|92/100
|-damage|p2a: Pelipper|83/100
|-hitcount|p2a: Pelipper|2
|move|p1a: Tyranitar|Knock Off|p2b: Gholdengo
|-damage|p2b: Gholdengo|60/100
|-enditem|p2b: Gholdengo|Leftovers|[from] move: Knock Off|[of] p1a: Tyranitar
|move|p2b: Gholdengo|Make It Rain|p1a: Tyranitar|[spread] p1a,p1b
|-supereffective|p1a: Tyranitar
|-resisted|p1b: Talonflame
|-damage|p1a: Tyranitar|40/100
|-damage|p1b: Talonflame|60/100
|-unboost|p2b: Gholdengo|spa|1
|
|-weather|RainDance|[upkeep]
|upkeep
|turn|4
|l|â˜†damnbrodascrazy
|player|p2|
|j|â˜†damnbrodascrazy
|player|p2|damnbrodascrazy|102|
|
|t:|1757910304
|switch|p1b: Archaludon|Archaludon, L50, M|100/100
|move|p1a: Tyranitar|Low Kick|p2b: Gholdengo
|-supereffective|p2b: Gholdengo
|-damage|p2b: Gholdengo|28/100
|move|p2b: Gholdengo|Make It Rain|p1b: Archaludon|[spread] p1a,p1b
|-supereffective|p1a: Tyranitar
|-resisted|p1b: Archaludon
|-damage|p1a: Tyranitar|0 fnt
|-damage|p1b: Archaludon|80/100
|-unboost|p2b: Gholdengo|spa|1
|-ability|p1b: Archaludon|Stamina|boost
|-boost|p1b: Archaludon|def|1
|faint|p1a: Tyranitar
|move|p2a: Pelipper|Hurricane|p1b: Archaludon
|-resisted|p1b: Archaludon
|-damage|p1b: Archaludon|58/100
|-ability|p1b: Archaludon|Stamina|boost
|-boost|p1b: Archaludon|def|1
|
|-weather|RainDance|[upkeep]
|-sideend|p1: Jompinhans|move: Tailwind
|upkeep
|
|t:|1757910323
|switch|p1a: Talonflame|Talonflame, L50, F|60/100
|turn|5
|
|t:|1757910349
|switch|p2b: Basculegion|Basculegion, L50, M|28/100
|move|p2a: Pelipper|Protect|p2a: Pelipper
|-singleturn|p2a: Pelipper|Protect
|move|p1a: Talonflame|Tailwind|p1a: Talonflame
|-sidestart|p1: Jompinhans|move: Tailwind
|move|p1b: Archaludon|Electro Shot||[still]
|-prepare|p1b: Archaludon|Electro Shot
|-boost|p1b: Archaludon|spa|1
|-anim|p1b: Archaludon|Electro Shot|p2a: Pelipper
|-activate|p2a: Pelipper|move: Protect
|
|-weather|RainDance|[upkeep]
|-fieldend|move: Psychic Terrain
|upkeep
|turn|6
|
|t:|1757910381
|switch|p2a: Grimmsnarl|Grimmsnarl, L50, M|95/100
|-terastallize|p1a: Talonflame|Grass
|move|p1a: Talonflame|Taunt|p2a: Grimmsnarl
|-start|p2a: Grimmsnarl|move: Taunt
|move|p1b: Archaludon|Electro Shot||[still]
|-prepare|p1b: Archaludon|Electro Shot
|-boost|p1b: Archaludon|spa|1
|-anim|p1b: Archaludon|Electro Shot|p2b: Basculegion
|-supereffective|p2b: Basculegion
|-damage|p2b: Basculegion|0 fnt
|faint|p2b: Basculegion
|
|-weather|RainDance|[upkeep]
|upkeep
|-message|damnbrodascrazy forfeited.
|
|win|Jompinhans
|l|â˜†damnbrodascrazy
|player|p2|
|inactive|Jompinhans has 30 seconds to confirm battle start!
|inactive|damnbrodascrazy has 30 seconds to confirm battle start!
|l|â˜†Jompinhans
|player|p1|
|j|â˜†Jompinhans
|player|p1|Jompinhans|265|
||Jompinhans is ready for game 2.
|inactive|damnbrodascrazy has 20 seconds to confirm battle start!
|inactive|damnbrodascrazy has 10 seconds to confirm battle start!
|uhtml|next|Next: Game 2 of 3
|l|â˜†Jompinhans
|player|p1|
