|j|☆KodeBeast0526
|j|☆pundeh_1001
|html|KodeBeast0526pundeh_1001    
|uhtml|bestof|Game 2 of a best-of-3
|t:|1784050668
|gametype|doubles
|player|p1|KodeBeast0526|hiker|1092
|player|p2|pundeh_1001|1|1189
|gen|9
|tier|[Gen 9 Champions] VGC 2026 Reg M-B (Bo3)
|rated|
|rule|Species Clause: Limit one of each Pokémon
|rule|Item Clause: Limit 1 of each item
|clearpoke
|poke|p1|Aerodactyl, L50, M|
|poke|p1|Kingambit, L50, M|
|poke|p1|Sylveon, L50, M|
|poke|p1|Garchomp, L50, M|
|poke|p1|Charizard, L50, M|
|poke|p1|Incineroar, L50, M|
|poke|p2|Glimmora, L50, M, shiny|
|poke|p2|Mamoswine, L50, M|
|poke|p2|Whimsicott, L50, F|
|poke|p2|Charizard, L50, F|
|poke|p2|Basculegion, L50, M|
|poke|p2|Kingambit, L50, M|
|teampreview|4
|showteam|p1|Aerodactyl||Aerodactylite|Unnerve|RockSlide,IceFang,Tailwind,WideGuard|Jolly||M|||50|]Kingambit||FocusSash|Defiant|KowtowCleave,SuckerPunch,IronHead,Protect|Adamant||M|||50|]Sylveon||FairyFeather|Pixilate|Detect,HyperVoice,HyperBeam,QuickAttack|Modest||M|||50|]Garchomp||LifeOrb|RoughSkin|Earthquake,DragonClaw,StompingTantrum,Protect|Jolly||M|||50|]Charizard||CharizarditeY|Blaze|Protect,HeatWave,SolarBeam,WeatherBall|Modest||M|||50|]Incineroar||SitrusBerry|Intimidate|DarkestLariat,FlareBlitz,FakeOut,PartingShot|Impish||M|||50|
|showteam|p2|Glimmora||Glimmoranite|ToxicDebris|SpikyShield,SludgeBomb,PowerGem,EarthPower|Timid||M|||50|]Mamoswine||LifeOrb|Oblivious|Protect,IceShard,HighHorsepower,IcicleCrash|Adamant||M|||50|]Whimsicott||FocusSash|Prankster|Moonblast,Tailwind,Encore,Protect|Timid||F|||50|]Charizard||CharizarditeY|Blaze|Protect,HeatWave,SolarBeam,WeatherBall|Modest||F|||50|]Basculegion||MysticWater|Adaptability|Protect,WaveCrash,LastRespects,AquaJet|Adamant||M|||50|]Kingambit||ChopleBerry|Defiant|Protect,KowtowCleave,SuckerPunch,LowKick|Adamant||M|||50|
|inactive|Battle timer is ON: inactive players will automatically lose when time's up. (requested by pundeh_1001)
|
|t:|1784050684
|teamsize|p1|4
|teamsize|p2|4
|start
|switch|p1a: Incineroar|Incineroar, L50, M|100/100
|switch|p1b: Aerodactyl|Aerodactyl, L50, M|100/100
|switch|p2a: Whimsicott|Whimsicott, L50, F|100/100
|switch|p2b: Glimmora|Glimmora, L50, M, shiny|100/100
|-ability|p1b: Aerodactyl|Unnerve
|-ability|p1a: Incineroar|Intimidate|boost
|-unboost|p2a: Whimsicott|atk|1
|-unboost|p2b: Glimmora|atk|1
|turn|1
|
|t:|1784050694
|move|p2a: Whimsicott|Protect|p2a: Whimsicott
|-singleturn|p2a: Whimsicott|Protect
|move|p2b: Glimmora|Spiky Shield|p2b: Glimmora
|-singleturn|p2b: Glimmora|move: Protect
|move|p1a: Incineroar|Fake Out|p2a: Whimsicott
|-activate|p2a: Whimsicott|move: Protect
|move|p1b: Aerodactyl|Tailwind|p1b: Aerodactyl
|-sidestart|p1: KodeBeast0526|move: Tailwind
|
|upkeep
|turn|2
|
|t:|1784050706
|switch|p1b: Garchomp|Garchomp, L50, M|100/100
|detailschange|p2b: Glimmora|Glimmora-Mega, L50, M, shiny
|-mega|p2b: Glimmora|Glimmora|Glimmoranite
|move|p2a: Whimsicott|Tailwind|p2a: Whimsicott
|-sidestart|p2: pundeh_1001|move: Tailwind
|move|p2b: Glimmora|Power Gem|p1a: Incineroar
|-supereffective|p1a: Incineroar|1
|-damage|p1a: Incineroar|0 fnt
|faint|p1a: Incineroar
|
|upkeep
|
|t:|1784050717
|switch|p1a: Aerodactyl|Aerodactyl, L50, M|100/100
|-ability|p1a: Aerodactyl|Unnerve
|turn|3
|
|t:|1784050736
|switch|p2b: Mamoswine|Mamoswine, L50, M|100/100
|move|p2a: Whimsicott|Moonblast|p1b: Garchomp
|-supereffective|p1b: Garchomp|1
|-damage|p1b: Garchomp|14/100
|move|p1a: Aerodactyl|Ice Fang|p2a: Whimsicott
|-supereffective|p2a: Whimsicott|1
|-damage|p2a: Whimsicott|47/100
|move|p1b: Garchomp|Earthquake|p2b: Mamoswine|[spread] p2a,p2b
|-immune|p1a: Aerodactyl
|-resisted|p2a: Whimsicott|1
|-damage|p2a: Whimsicott|8/100
|-damage|p2b: Mamoswine|45/100
|-damage|p1b: Garchomp|4/100|[from] item: Life Orb
|
|upkeep
|turn|4
|
|t:|1784050758
|move|p1b: Garchomp|Protect|p1b: Garchomp
|-singleturn|p1b: Garchomp|Protect
|move|p2b: Mamoswine|Ice Shard|p1a: Aerodactyl
|-supereffective|p1a: Aerodactyl|1
|-crit|p1a: Aerodactyl
|-damage|p1a: Aerodactyl|0 fnt
|faint|p1a: Aerodactyl
|-damage|p2b: Mamoswine|36/100|[from] item: Life Orb
|move|p2a: Whimsicott|Moonblast|p1b: Garchomp
|-activate|p1b: Garchomp|move: Protect
|
|-sideend|p1: KodeBeast0526|move: Tailwind
|upkeep
|
|t:|1784050763
|switch|p1a: Charizard|Charizard, L50, M|100/100
|turn|5
|
|t:|1784050769
|detailschange|p1a: Charizard|Charizard-Mega-Y, L50, M
|-mega|p1a: Charizard|Charizard|Charizardite Y
|-weather|SunnyDay|[from] ability: Drought|[of] p1a: Charizard
|move|p2a: Whimsicott|Protect|p2a: Whimsicott
|-singleturn|p2a: Whimsicott|Protect
|move|p2b: Mamoswine|Ice Shard|p1b: Garchomp
|-supereffective|p1b: Garchomp|2
|-damage|p1b: Garchomp|0 fnt
|faint|p1b: Garchomp
|-damage|p2b: Mamoswine|26/100|[from] item: Life Orb
|move|p1a: Charizard|Heat Wave|p2a: Whimsicott|[spread] p2b
|-activate|p2a: Whimsicott|move: Protect
|-supereffective|p2b: Mamoswine|1
|-damage|p2b: Mamoswine|0 fnt
|faint|p2b: Mamoswine
|
|-weather|SunnyDay|[upkeep]
|-sideend|p2: pundeh_1001|move: Tailwind
|upkeep
|-message|KodeBeast0526 forfeited.
|
|win|pundeh_1001
|raw|KodeBeast0526's rating: 1092 → 1075(-17 for losing)
|raw|pundeh_1001's rating: 1189 → 1207(+18 for winning)
|l|☆KodeBeast0526
|player|p1|
|j|☆KodeBeast0526
|player|p1|KodeBeast0526|hiker|
|l|☆pundeh_1001
|player|p2|
