|j|☆ChickoonLord
|j|☆Lagv
|html|ChickoonLordLagv    
|uhtml|bestof|Game 3 of a best-of-3
|t:|1785623299
|gametype|doubles
|player|p1|ChickoonLord|102|1095
|player|p2|Lagv|2|1107
|gen|9
|tier|[Gen 9 Champions] VGC 2026 Reg M-B (Bo3)
|rated|
|rule|Species Clause: Limit one of each Pokémon
|rule|Item Clause: Limit 1 of each item
|clearpoke
|poke|p1|Hatterene, L50, F|
|poke|p1|Pelipper, L50, M|
|poke|p1|Incineroar, L50, F|
|poke|p1|Scolipede, L50, F|
|poke|p1|Kingambit, L50, F|
|poke|p1|Staraptor, L50, M|
|poke|p2|Maushold-Four, L50|
|poke|p2|Sableye, L50, F|
|poke|p2|Dragonite, L50, F|
|poke|p2|Delphox, L50, M|
|poke|p2|Ninetales, L50, F|
|poke|p2|Milotic, L50, F|
|teampreview|4
|showteam|p1|Hatterene||FocusSash|MagicBounce|Protect,MagicPowder,DazzlingGleam,TrickRoom|Quiet||F|||50|]Pelipper||LifeOrb|Drizzle|WeatherBall,Hurricane,Tailwind,WideGuard|Modest||M|||50|]Incineroar||SitrusBerry|Intimidate|FakeOut,PartingShot,FlareBlitz,DarkestLariat|Adamant||F|||50|]Scolipede||Scolipite|SpeedBoost|PoisonJab,Protect,SwordsDance,LeechLife|Adamant||F|||50|]Kingambit||ChopleBerry|Defiant|LowKick,SuckerPunch,KowtowCleave,Protect|Adamant||F|||50|]Staraptor||ChoiceScarf|Reckless|FinalGambit,Uturn,BraveBird,CloseCombat|Adamant||M|||50|
|showteam|p2|Maushold-Four||SilkScarf|Technician|PopulationBomb,FollowMe,BulletSeed,Protect|Jolly|||||50|]Sableye||RoseliBerry|Prankster|FakeOut,Encore,Disable,Gravity|Calm||F|||50|]Dragonite||Dragoninite|InnerFocus|Thunder,Blizzard,FocusBlast,Tailwind|Modest||F|||50|]Delphox||Delphoxite|Blaze|HeatWave,ExpandingForce,Hypnosis,Protect|Timid||M|||50|]Ninetales||ChoiceScarf|Drought|SolarBeam,WeatherBall,HeatWave,ShadowBall|Modest||F|||50|]Milotic||Leftovers|Competitive|MuddyWater,Hypnosis,IcyWind,Protect|Bold||F|||50|
|inactive|Battle timer is ON: inactive players will automatically lose when time's up. (requested by Lagv)
|
|t:|1785623327
|teamsize|p1|4
|teamsize|p2|4
|start
|switch|p1a: Hatterene|Hatterene, L50, F|100/100
|switch|p1b: Incineroar|Incineroar, L50, F|100/100
|switch|p2a: Sableye|Sableye, L50, F|100/100
|switch|p2b: Delphox|Delphox, L50, M|100/100
|-ability|p1b: Incineroar|Intimidate|boost
|-unboost|p2a: Sableye|atk|1
|-unboost|p2b: Delphox|atk|1
|turn|1
|
|t:|1785623349
|switch|p2b: Maushold|Maushold-Four, L50|100/100
|move|p1a: Hatterene|Protect|p1a: Hatterene
|-singleturn|p1a: Hatterene|Protect
|move|p2a: Sableye|Fake Out|p1a: Hatterene
|-activate|p1a: Hatterene|move: Protect
|move|p1b: Incineroar|Darkest Lariat|p2b: Maushold
|-damage|p2b: Maushold|30/100
|
|upkeep
|turn|2
|
|t:|1785623364
|switch|p1a: Kingambit|Kingambit, L50, F|100/100
|move|p2a: Sableye|Gravity|p2a: Sableye
|-fieldstart|move: Gravity
|move|p2b: Maushold|Population Bomb|p1a: Kingambit
|-resisted|p1a: Kingambit|1
|-damage|p1a: Kingambit|95/100
|-resisted|p1a: Kingambit|1
|-damage|p1a: Kingambit|90/100
|-resisted|p1a: Kingambit|1
|-damage|p1a: Kingambit|85/100
|-resisted|p1a: Kingambit|1
|-damage|p1a: Kingambit|80/100
|-resisted|p1a: Kingambit|1
|-damage|p1a: Kingambit|75/100
|-resisted|p1a: Kingambit|1
|-damage|p1a: Kingambit|71/100
|-resisted|p1a: Kingambit|1
|-damage|p1a: Kingambit|65/100
|-resisted|p1a: Kingambit|1
|-damage|p1a: Kingambit|59/100
|-resisted|p1a: Kingambit|1
|-damage|p1a: Kingambit|55/100
|-resisted|p1a: Kingambit|1
|-damage|p1a: Kingambit|50/100g
|-hitcount|p1a: Kingambit|10
|move|p1b: Incineroar|Darkest Lariat|p2b: Maushold
|-damage|p2b: Maushold|0 fnt
|faint|p2b: Maushold
|
|upkeep
|
|t:|1785623387
|switch|p2b: Ninetales|Ninetales, L50, F|100/100
|-weather|SunnyDay|[from] ability: Drought|[of] p2b: Ninetales
|turn|3
|
|t:|1785623412
|switch|p1a: Pelipper|Pelipper, L50, M|100/100
|-weather|RainDance|[from] ability: Drizzle|[of] p1a: Pelipper
|switch|p2a: Delphox|Delphox, L50, M|100/100
|move|p2b: Ninetales|Weather Ball|p1a: Pelipper
|-resisted|p1a: Pelipper|1
|-damage|p1a: Pelipper|69/100
|move|p1b: Incineroar|Parting Shot|p2b: Ninetales
|-unboost|p2b: Ninetales|atk|1
|-unboost|p2b: Ninetales|spa|1
|
|t:|1785623429
|switch|p1b: Kingambit|Kingambit, L50, F|50/100g|[from] Parting Shot
|
|-weather|RainDance|[upkeep]
|upkeep
|turn|4
|
|t:|1785623445
|switch|p2b: Sableye|Sableye, L50, F|100/100
|switch|p1a: Hatterene|Hatterene, L50, F|100/100
|detailschange|p2a: Delphox|Delphox-Mega, L50, M
|-mega|p2a: Delphox|Delphox|Delphoxite
|move|p2a: Delphox|Protect|p2a: Delphox
|-singleturn|p2a: Delphox|Protect
|move|p1b: Kingambit|Sucker Punch||[still]
|-fail|p1b: Kingambit
|
|-weather|RainDance|[upkeep]
|upkeep
|turn|5
|inactive|ChickoonLord has 30 seconds left.
|
|t:|1785623472
|switch|p1b: Incineroar|Incineroar, L50, F|100/100
|-ability|p1b: Incineroar|Intimidate|boost
|-unboost|p2a: Delphox|atk|1
|-unboost|p2b: Sableye|atk|1
|switch|p2b: Ninetales|Ninetales, L50, F|100/100
|-weather|SunnyDay|[from] ability: Drought|[of] p2b: Ninetales
|move|p2a: Delphox|Hypnosis|p1b: Incineroar
|-status|p1b: Incineroar|slp|[from] move: Hypnosis
|move|p1a: Hatterene|Trick Room|p1a: Hatterene
|-fieldstart|move: Trick Room|[of] p1a: Hatterene
|
|-weather|SunnyDay|[upkeep]
|upkeep
|turn|6
|inactive|Lagv has 30 seconds left.
|
|t:|1785623504
|switch|p1b: Pelipper|Pelipper, L50, M|69/100
|-weather|RainDance|[from] ability: Drizzle|[of] p1b: Pelipper
|switch|p2b: Sableye|Sableye, L50, F|100/100
|move|p1a: Hatterene|Protect|p1a: Hatterene
|-singleturn|p1a: Hatterene|Protect
|move|p2a: Delphox|Heat Wave|p1b: Pelipper|[spread] p1b
|-activate|p1a: Hatterene|move: Protect
|-resisted|p1b: Pelipper|1
|-damage|p1b: Pelipper|52/100
|
|-weather|RainDance|[upkeep]
|-fieldend|move: Gravity
|upkeep
|turn|7
|inactive|Lagv has 30 seconds left.
|
|t:|1785623537
|switch|p2b: Ninetales|Ninetales, L50, F|100/100
|-weather|SunnyDay|[from] ability: Drought|[of] p2b: Ninetales
|switch|p1b: Incineroar|Incineroar, L50, F|100/100 slp
|-ability|p1b: Incineroar|Intimidate|boost
|-unboost|p2a: Delphox|atk|1
|-unboost|p2b: Ninetales|atk|1
|move|p1a: Hatterene|Magic Powder|p2b: Ninetales
|-start|p2b: Ninetales|typechange|Psychic
|move|p2a: Delphox|Heat Wave|p1a: Hatterene|[spread] p1a,p1b
|-resisted|p1b: Incineroar|1
|-damage|p1a: Hatterene|31/100
|-damage|p1b: Incineroar|70/100 slp
|
|-weather|SunnyDay|[upkeep]
|upkeep
|turn|8
|inactive|ChickoonLord has 30 seconds left.
|
|t:|1785623562
|move|p1a: Hatterene|Protect|p1a: Hatterene
|-singleturn|p1a: Hatterene|Protect
|cant|p1b: Incineroar|slp
|move|p2a: Delphox|Heat Wave|p1b: Incineroar|[spread] p1b
|-activate|p1a: Hatterene|move: Protect
|-resisted|p1b: Incineroar|1
|-damage|p1b: Incineroar|39/100 slp
|-enditem|p1b: Incineroar|Sitrus Berry|[eat]
|-heal|p1b: Incineroar|63/100 slp|[from] item: Sitrus Berry
|move|p2b: Ninetales|Shadow Ball|p1b: Incineroar
|-resisted|p1b: Incineroar|1
|-damage|p1b: Incineroar|53/100 slp
|
|-weather|SunnyDay|[upkeep]
|upkeep
|turn|9
|
|t:|1785623586
|switch|p1a: Pelipper|Pelipper, L50, M|52/100
|-weather|RainDance|[from] ability: Drizzle|[of] p1a: Pelipper
|move|p2a: Delphox|Protect|p2a: Delphox
|-singleturn|p2a: Delphox|Protect
|cant|p1b: Incineroar|slp
|move|p2b: Ninetales|Shadow Ball|p1a: Pelipper
|-damage|p1a: Pelipper|18/100
|-unboost|p1a: Pelipper|spd|1
|
|-weather|RainDance|[upkeep]
|-fieldend|move: Trick Room
|upkeep
|turn|10
|
|t:|1785623605
|switch|p2a: Sableye|Sableye, L50, F|100/100
|switch|p1a: Kingambit|Kingambit, L50, F|50/100g
|move|p2b: Ninetales|Shadow Ball|p1a: Kingambit
|-resisted|p1a: Kingambit|1
|-damage|p1a: Kingambit|40/100
|-curestatus|p1b: Incineroar|slp|[msg]
|move|p1b: Incineroar|Darkest Lariat|p2a: Sableye
|-damage|p2a: Sableye|31/100
|
|-weather|RainDance|[upkeep]
|upkeep
|turn|11
|inactive|Lagv has 30 seconds left.
|
|t:|1785623632
|move|p2a: Sableye|Gravity|p2a: Sableye
|-fieldstart|move: Gravity
|move|p2b: Ninetales|Shadow Ball|p1a: Kingambit
|-resisted|p1a: Kingambit|1
|-damage|p1a: Kingambit|29/100
|move|p1b: Incineroar|Darkest Lariat|p2b: Ninetales
|-supereffective|p2b: Ninetales|1
|-damage|p2b: Ninetales|0 fnt
|faint|p2b: Ninetales
|move|p1a: Kingambit|Kowtow Cleave|p2a: Sableye
|-damage|p2a: Sableye|0 fnt
|faint|p2a: Sableye
|
|-weather|RainDance|[upkeep]
|upkeep
|
|t:|1785623646
|switch|p2b: Delphox|Delphox-Mega, L50, M|100/100
|turn|12
|
|t:|1785623661
|move|p2b: Delphox|Heat Wave|p1b: Incineroar|[spread] p1a,p1b
|-supereffective|p1a: Kingambit|1
|-resisted|p1b: Incineroar|1
|-damage|p1a: Kingambit|0 fnt
|-damage|p1b: Incineroar|43/100
|faint|p1a: Kingambit
|move|p1b: Incineroar|Darkest Lariat|p2b: Delphox
|-supereffective|p2b: Delphox|1
|-damage|p2b: Delphox|0 fnt
|faint|p2b: Delphox
|
|win|ChickoonLord
|raw|ChickoonLord's rating: 1095 → 1122(+27 for winning)
|raw|Lagv's rating: 1107 → 1081(-26 for losing)
|c|☆ChickoonLord|gg
|l|☆Lagv
|player|p2|
