|j|☆bmcqueen
|j|☆Colonelpaco
|html|bmcqueenColonelpaco    
|uhtml|bestof|Game 1 of a best-of-3
|t:|1757809471
|gametype|doubles
|player|p1|bmcqueen|2|
|player|p2|Colonelpaco|worker-gen4|
|gen|9
|tier|[Gen 9] VGC 2025 Reg H (Bo3)
|rule|Species Clause: Limit one of each Pokémon
|rule|Item Clause: Limit 1 of each item
|clearpoke
|poke|p1|Tyranitar, L50, M|
|poke|p1|Excadrill, L50, M|
|poke|p1|Houndstone, L50, F|
|poke|p1|Farigiraf, L50, F|
|poke|p1|Primarina, L50, M|
|poke|p1|Amoonguss, L50, F|
|poke|p2|Sneasler, L50, F|
|poke|p2|Dragapult, L50, M|
|poke|p2|Primarina, L50, F|
|poke|p2|Rillaboom, L50, M|
|poke|p2|Kingambit, L50, F|
|poke|p2|Magmar, L50, F|
|teampreview|4
|showteam|p1|Tyranitar||AssaultVest|SandStream|RockSlide,KnockOff,TeraBlast,LowKick|||M|||50|,,,,,Flying]Excadrill||FocusSash|SandRush|IronHead,HighHorsepower,Earthquake,Protect|||M|||50|,,,,,Ground]Houndstone||LifeOrb|SandRush|LastRespects,BodyPress,WillOWisp,Protect|||F|||50|,,,,,Fighting]Farigiraf||SafetyGoggles|ArmorTail|Psychic,HyperVoice,TrickRoom,HelpingHand|||F|||50|,,,,,Fairy]Primarina||ThroatSpray|LiquidVoice|HyperVoice,Moonblast,Haze,Protect|||M|||50|,,,,,Poison]Amoonguss||SitrusBerry|Regenerator|SludgeBomb,Spore,RagePowder,Protect|||F|||50|,,,,,Water
|showteam|p2|Sneasler||FocusSash|Unburden|CloseCombat,DireClaw,FakeOut,Protect|||F|||50|,,,,,Stellar]Dragapult||ChoiceBand|ClearBody|DragonDarts,TeraBlast,PhantomForce,Uturn|||M|||50|,,,,,Ghost]Primarina||ThroatSpray|LiquidVoice|HyperVoice,Moonblast,Haze,Protect|||F|||50|,,,,,Poison]Rillaboom||AssaultVest|GrassySurge|WoodHammer,GrassyGlide,HighHorsepower,FakeOut|||M|||50|,,,,,Fire]Kingambit||BlackGlasses|Defiant|KowtowCleave,SuckerPunch,SwordsDance,Protect|||F|||50|,,,,,Ghost]Magmar||Eviolite|VitalSpirit|Overheat,WillOWisp,FollowMe,Protect|||F|||50|,,,,,Ghost
|inactive|Battle timer is ON: inactive players will automatically lose when time's up. (requested by bmcqueen)
|inactive|Colonelpaco also wants the timer to be on.
|inactive|bmcqueen has 60 seconds left.
|inactive|Colonelpaco has 60 seconds left.
|
|t:|1757809517
|teamsize|p1|4
|teamsize|p2|4
|start
|switch|p1a: Tyranitar|Tyranitar, L50, M|100/100
|switch|p1b: Farigiraf|Farigiraf, L50, F|100/100
|switch|p2a: Dragapult|Dragapult, L50, M|100/100
|switch|p2b: Sneasler|Sneasler, L50, F|100/100
|-weather|Sandstorm|[from] ability: Sand Stream|[of] p1a: Tyranitar
|turn|1
|inactive|bmcqueen has 30 seconds left.
|inactive|Colonelpaco has 30 seconds left.
|
|t:|1757809548
|switch|p1a: Houndstone|Houndstone, L50, F|100/100
|move|p2a: Dragapult|U-turn|p1a: Houndstone
|-resisted|p1a: Houndstone
|-damage|p1a: Houndstone|86/100
|
|t:|1757809555
|switch|p2a: Kingambit|Kingambit, L50, F|100/100|[from] U-turn
|move|p2b: Sneasler|Close Combat|p1a: Houndstone
|-immune|p1a: Houndstone
|move|p1b: Farigiraf|Psychic|p2b: Sneasler
|-supereffective|p2b: Sneasler
|-enditem|p2b: Sneasler|Focus Sash
|-damage|p2b: Sneasler|1/100
|
|-weather|Sandstorm|[upkeep]
|-damage|p2b: Sneasler|0 fnt|[from] Sandstorm
|faint|p2b: Sneasler
|upkeep
|
|t:|1757809571
|switch|p2b: Dragapult|Dragapult, L50, M|100/100
|turn|2
|inactive|bmcqueen has 30 seconds left.
|
|t:|1757809597
|-terastallize|p2b: Dragapult|Ghost
|move|p2b: Dragapult|Tera Blast|p1a: Houndstone|[anim] Tera Blast Ghost
|-supereffective|p1a: Houndstone
|-damage|p1a: Houndstone|0 fnt
|faint|p1a: Houndstone
|move|p1b: Farigiraf|Psychic|p2b: Dragapult
|-damage|p2b: Dragapult|53/100
|move|p2a: Kingambit|Kowtow Cleave|p1b: Farigiraf
|-supereffective|p1b: Farigiraf
|-damage|p1b: Farigiraf|17/100
|
|-weather|Sandstorm|[upkeep]
|-damage|p2b: Dragapult|47/100|[from] Sandstorm
|upkeep
|
|t:|1757809614
|switch|p1a: Amoonguss|Amoonguss, L50, F|100/100
|turn|3
|inactive|Colonelpaco has 30 seconds left.
|inactive|Colonelpaco has 20 seconds left.
|
|t:|1757809654
|move|p2a: Kingambit|Protect|p2a: Kingambit
|-singleturn|p2a: Kingambit|Protect
|move|p1a: Amoonguss|Rage Powder|p1a: Amoonguss
|-singleturn|p1a: Amoonguss|move: Rage Powder
|move|p2b: Dragapult|Tera Blast|p1a: Amoonguss|[anim] Tera Blast Ghost
|-damage|p1a: Amoonguss|31/100
|-enditem|p1a: Amoonguss|Sitrus Berry|[eat]
|-heal|p1a: Amoonguss|56/100|[from] item: Sitrus Berry
|move|p1b: Farigiraf|Trick Room|p1b: Farigiraf
|-fieldstart|move: Trick Room|[of] p1b: Farigiraf
|
|-weather|Sandstorm|[upkeep]
|-damage|p1a: Amoonguss|50/100|[from] Sandstorm
|-damage|p2b: Dragapult|40/100|[from] Sandstorm
|upkeep
|turn|4
|
|t:|1757809672
|move|p2a: Kingambit|Sucker Punch||[still]
|cant|p1b: Farigiraf|ability: Armor Tail|Sucker Punch|[of] p2a: Kingambit
|move|p1a: Amoonguss|Spore|p2a: Kingambit
|-status|p2a: Kingambit|slp|[from] move: Spore
|move|p1b: Farigiraf|Psychic|p2b: Dragapult
|-damage|p2b: Dragapult|0 fnt
|faint|p2b: Dragapult
|
|-weather|Sandstorm|[upkeep]
|-damage|p1a: Amoonguss|45/100|[from] Sandstorm
|upkeep
|
|t:|1757809682
|switch|p2b: Primarina|Primarina, L50, F|100/100
|turn|5
|
|t:|1757809693
|switch|p1b: Tyranitar|Tyranitar, L50, M|100/100
|cant|p2a: Kingambit|slp
|move|p1a: Amoonguss|Spore|p2b: Primarina
|-status|p2b: Primarina|slp|[from] move: Spore
|cant|p2b: Primarina|slp
|
|-weather|none
|upkeep
|turn|6
|-message|Colonelpaco forfeited.
|
|win|bmcqueen
||bmcqueen is ready for game 2.
||Colonelpaco is ready for game 2.
|uhtml|next|Next: Game 2 of 3
