|j|☆Werma985
|j|☆Gabeeel
|html|Werma985Gabeeel    
|uhtml|bestof|Game 1 of a best-of-3
|t:|1784981959
|gametype|doubles
|player|p1|Werma985|volkner|
|player|p2|Gabeeel|iris|
|gen|9
|tier|[Gen 9 Champions] VGC 2026 Reg M-B (Bo3)
|rule|Species Clause: Limit one of each Pokémon
|rule|Item Clause: Limit 1 of each item
|clearpoke
|poke|p1|Malamar, L50, M|
|poke|p1|Basculegion-F, L50, F|
|poke|p1|Excadrill, L50, M|
|poke|p1|Tyranitar, L50, F|
|poke|p1|Rotom-Heat, L50|
|poke|p1|Serperior, L50, M, shiny|
|poke|p2|Scrafty, L50, M, shiny|
|poke|p2|Glimmora, L50, M|
|poke|p2|Talonflame, L50, F|
|poke|p2|Primarina, L50, M|
|poke|p2|Mamoswine, L50, F|
|poke|p2|Metagross, L50|
|teampreview|4
|showteam|p1|Malamar||Malamarite|Contrary|Superpower,KnockOff,PoisonJab,Protect|Careful||M|||50|]Basculegion-F||LifeOrb|Adaptability|MuddyWater,ShadowBall,IcyWind,Protect|Modest||F|||50|]Excadrill||FocusSash|SandRush|Earthquake,IronHead,HighHorsepower,Protect|Adamant||M|||50|]Tyranitar||Tyranitarite|SandStream|RockSlide,KnockOff,DragonDance,Protect|Jolly||F|||50|]Rotom-Heat||ChoiceScarf|Levitate|Thunderbolt,VoltSwitch,Electroweb,Overheat|Modest|||||50|]Serperior||LightClay|Contrary|LeafStorm,Glare,Reflect,LightScreen|Timid||M|||50|
|showteam|p2|Scrafty||Scraftinite|Intimidate|FakeOut,DrainPunch,KnockOff,HelpingHand|Adamant||M|||50|]Glimmora||Glimmoranite|ToxicDebris|SludgeBomb,PowerGem,EarthPower,SpikyShield|Modest||M|||50|]Talonflame||ExpertBelt|GaleWings|BraveBird,FlareBlitz,Tailwind,Protect|Jolly||F|||50|]Primarina||Leftovers|LiquidVoice|HyperVoice,Moonblast,CalmMind,Protect|Modest||M|||50|]Mamoswine||FocusSash|Oblivious|Earthquake,HighHorsepower,IceShard,Protect|Adamant||F|||50|]Metagross||ColburBerry|ClearBody|PsychicFangs,IronHead,BulletPunch,Protect|Adamant|||||50|
|inactive|Battle timer is ON: inactive players will automatically lose when time's up. (requested by Werma985)
|c|☆Werma985|gl hf
|c|☆Gabeeel|u2
|inactive|Werma985 has 60 seconds left.
|inactive|Gabeeel has 60 seconds left.
|inactive|Gabeeel has 30 seconds left.
|inactive|Gabeeel has 20 seconds left.
|inactive|Gabeeel has 15 seconds left.
|inactive|Gabeeel has 10 seconds left.
|inactive|Gabeeel has 5 seconds left.
|
|t:|1784982049
|teamsize|p1|4
|teamsize|p2|4
|start
|switch|p1a: Serperior|Serperior, L50, M, shiny|100/100
|switch|p1b: Malamar|Malamar, L50, M|100/100
|switch|p2a: Puterrier|Scrafty, L50, M, shiny|100/100
|switch|p2b: Pabllo Vittar|Primarina, L50, M|100/100
|-ability|p2a: Puterrier|Intimidate|boost
|-boost|p1a: Serperior|atk|1
|-boost|p1b: Malamar|atk|1
|turn|1
|inactive|Werma985 has 30 seconds left.
|inactive|Gabeeel has 30 seconds left.
|inactive|Gabeeel has 20 seconds left.
|inactive|Gabeeel has 15 seconds left.
|inactive|Gabeeel has 10 seconds left.
|
|t:|1784982099
|detailschange|p1b: Malamar|Malamar-Mega, L50, M
|-mega|p1b: Malamar|Malamar|Malamarite
|move|p2a: Puterrier|Helping Hand|p2b: Pabllo Vittar
|-singleturn|p2b: Pabllo Vittar|Helping Hand|[of] p2a: Puterrier
|move|p1a: Serperior|Light Screen|p1a: Serperior
|-sidestart|p1: Werma985|move: Light Screen
|move|p1b: Malamar|Superpower|p2a: Puterrier
|-supereffective|p2a: Puterrier|1
|-damage|p2a: Puterrier|14/100
|-boost|p1b: Malamar|atk|1
|-boost|p1b: Malamar|def|1
|move|p2b: Pabllo Vittar|Moonblast|p1b: Malamar
|-supereffective|p1b: Malamar|1
|-damage|p1b: Malamar|26/100
|-boost|p1b: Malamar|spa|1
|
|upkeep
|turn|2
|inactive|Gabeeel has 30 seconds left.
|
|t:|1784982127
|switch|p2a: Banda Grafith|Mamoswine, L50, F|100/100
|move|p2b: Pabllo Vittar|Protect|p2b: Pabllo Vittar
|-singleturn|p2b: Pabllo Vittar|Protect
|move|p1a: Serperior|Leaf Storm|p2b: Pabllo Vittar
|-activate|p2b: Pabllo Vittar|move: Protect
|move|p1b: Malamar|Poison Jab|p2b: Pabllo Vittar
|-activate|p2b: Pabllo Vittar|move: Protect
|
|upkeep
|turn|3
|
|t:|1784982149
|move|p1a: Serperior|Reflect|p1a: Serperior
|-sidestart|p1: Werma985|Reflect
|move|p2a: Banda Grafith|High Horsepower|p1b: Malamar
|-damage|p1b: Malamar|6/100
|move|p1b: Malamar|Poison Jab|p2b: Pabllo Vittar
|-supereffective|p2b: Pabllo Vittar|1
|-damage|p2b: Pabllo Vittar|19/100
|-status|p2b: Pabllo Vittar|psn
|move|p2b: Pabllo Vittar|Calm Mind|p2b: Pabllo Vittar
|-boost|p2b: Pabllo Vittar|spa|1
|-boost|p2b: Pabllo Vittar|spd|1
|
|-heal|p2b: Pabllo Vittar|25/100 psn|[from] item: Leftovers
|-damage|p2b: Pabllo Vittar|13/100 psn|[from] psn
|upkeep
|turn|4
|inactive|Werma985 has 30 seconds left.
|inactive|Gabeeel has 30 seconds left.
|
|t:|1784982176
|switch|p1b: Rotom|Rotom-Heat, L50|100/100
|move|p2a: Banda Grafith|Ice Shard|p1b: Rotom
|-resisted|p1b: Rotom|1
|-damage|p1b: Rotom|90/100
|move|p1a: Serperior|Leaf Storm|p2b: Pabllo Vittar
|-supereffective|p2b: Pabllo Vittar|1
|-damage|p2b: Pabllo Vittar|0 fnt
|-boost|p1a: Serperior|spa|2
|faint|p2b: Pabllo Vittar
|
|upkeep
|
|t:|1784982189
|switch|p2b: Aviões do Forró|Talonflame, L50, F|100/100
|turn|5
|
|t:|1784982204
|move|p2b: Aviões do Forró|Protect|p2b: Aviões do Forró
|-singleturn|p2b: Aviões do Forró|Protect
|move|p1b: Rotom|Volt Switch|p2b: Aviões do Forró
|-activate|p2b: Aviões do Forró|move: Protect
|move|p1a: Serperior|Leaf Storm|p2a: Banda Grafith|[miss]
|-miss|p1a: Serperior|p2a: Banda Grafith
|move|p2a: Banda Grafith|Earthquake|p1b: Rotom|[spread] p1a
|-activate|p2b: Aviões do Forró|move: Protect
|-immune|p1b: Rotom|[from] ability: Levitate
|-resisted|p1a: Serperior|1
|-damage|p1a: Serperior|85/100
|
|upkeep
|turn|6
|
|t:|1784982222
|move|p2b: Aviões do Forró|Brave Bird|p1a: Serperior
|-supereffective|p1a: Serperior|1
|-damage|p1a: Serperior|13/100
|-damage|p2b: Aviões do Forró|72/100|[from] Recoil
|move|p2a: Banda Grafith|Ice Shard|p1a: Serperior
|-supereffective|p1a: Serperior|1
|-damage|p1a: Serperior|0 fnt
|faint|p1a: Serperior
|move|p1b: Rotom|Volt Switch|p2b: Aviões do Forró
|-supereffective|p2b: Aviões do Forró|1
|-damage|p2b: Aviões do Forró|0 fnt
|faint|p2b: Aviões do Forró
|
|t:|1784982233
|switch|p1b: Malamar|Malamar-Mega, L50, M|6/100|[from] Volt Switch
|
|upkeep
|
|t:|1784982236
|switch|p2b: Puterrier|Scrafty, L50, M, shiny|14/100
|switch|p1a: Basculegion|Basculegion-F, L50, F|100/100
|-ability|p2b: Puterrier|Intimidate|boost
|-unboost|p1a: Basculegion|atk|1
|-boost|p1b: Malamar|atk|1
|turn|7
|
|t:|1784982261
|detailschange|p2b: Puterrier|Scrafty-Mega, L50, M, shiny
|-mega|p2b: Puterrier|Scrafty|Scraftinite
|-ability|p2b: Puterrier|Intimidate|boost
|-unboost|p1a: Basculegion|atk|1
|-boost|p1b: Malamar|atk|1
|move|p1a: Basculegion|Protect|p1a: Basculegion
|-singleturn|p1a: Basculegion|Protect
|move|p1b: Malamar|Protect|p1b: Malamar
|-singleturn|p1b: Malamar|Protect
|move|p2a: Banda Grafith|Ice Shard|p1b: Malamar
|-activate|p1b: Malamar|move: Protect
|move|p2b: Puterrier|Knock Off|p1a: Basculegion
|-activate|p1a: Basculegion|move: Protect
|
|upkeep
|turn|8
|
|t:|1784982277
|move|p2a: Banda Grafith|Ice Shard|p1b: Malamar
|-damage|p1b: Malamar|0 fnt
|faint|p1b: Malamar
|move|p1a: Basculegion|Muddy Water|p2a: Banda Grafith|[spread] p2a,p2b
|-supereffective|p2a: Banda Grafith|1
|-enditem|p2a: Banda Grafith|Focus Sash
|-damage|p2a: Banda Grafith|1/100
|-damage|p2b: Puterrier|0 fnt
|faint|p2b: Puterrier
|-damage|p1a: Basculegion|90/100|[from] item: Life Orb
|
|-sideend|p1: Werma985|move: Light Screen
|upkeep
|
|t:|1784982280
|switch|p1b: Rotom|Rotom-Heat, L50|90/100
|turn|9
|c|☆Werma985|gg
|
|t:|1784982287
|move|p2a: Banda Grafith|Ice Shard|p1a: Basculegion
|-resisted|p1a: Basculegion|1
|-damage|p1a: Basculegion|79/100
|move|p1b: Rotom|Overheat|p2a: Banda Grafith
|-supereffective|p2a: Banda Grafith|1
|-damage|p2a: Banda Grafith|0 fnt
|-unboost|p1b: Rotom|spa|2
|faint|p2a: Banda Grafith
|
|win|Werma985
||Gabeeel is ready for game 2.
||Werma985 is ready for game 2.
|uhtml|next|Next: Game 2 of 3
|l|☆Werma985
|player|p1|
