|j|☆NoiceDynamite
|j|☆Olive19907
|html|NoiceDynamiteOlive19907    
|uhtml|bestof|Game 2 of a best-of-3
|t:|1757816856
|gametype|doubles
|player|p1|NoiceDynamite|cynthia|1049
|player|p2|Olive19907|cynthia-gen4|1017
|gen|9
|tier|[Gen 9] VGC 2025 Reg H (Bo3)
|rated|
|rule|Species Clause: Limit one of each Pokémon
|rule|Item Clause: Limit 1 of each item
|clearpoke
|poke|p1|Garchomp, L50, F|
|poke|p1|Gholdengo, L50|
|poke|p1|Weezing-Galar, L50, F|
|poke|p1|Talonflame, L50, M|
|poke|p1|Archaludon, L50, M|
|poke|p1|Annihilape, L50, M|
|poke|p2|Sylveon, L50, M|
|poke|p2|Amoonguss, L50, F|
|poke|p2|Gastrodon-East, L50, F|
|poke|p2|Garchomp, L50, F|
|poke|p2|Incineroar, L50, F|
|poke|p2|Klefki, L50, M|
|teampreview|4
|showteam|p1|Garchomp||LifeOrb|RoughSkin|DragonClaw,Earthquake,StompingTantrum,Protect|||F|||50|,,,,,Ground]Gholdengo||ChoiceSpecs|GoodasGold|DazzlingGleam,ShadowBall,PowerGem,MakeItRain||||||50|,,,,,Fairy]Weezing-Galar||FocusSash|NeutralizingGas|Protect,SludgeBomb,StrangeSteam,Taunt|||F|||50|,,,,,Flying]Talonflame||CovertCloak|GaleWings|Tailwind,DualWingbeat,WillOWisp,FlareBlitz|||M|||50|,,,,,Stellar]Archaludon||PowerHerb|Sturdy|ElectroShot,Thunderbolt,DracoMeteor,Protect|||M|||50|,,,,,Electric]Annihilape||AssaultVest|Defiant|CloseCombat,RageFist,FinalGambit,IcePunch|||M|||50|,,,,,Grass
|showteam|p2|Sylveon||ThroatSpray|Pixilate|HyperVoice,TeraBlast,QuickAttack,Protect|||M|||50|,,,,,Fire]Amoonguss||WikiBerry|Regenerator|PollenPuff,Spore,WorrySeed,Protect|||F|||50|,,,,,Water]Gastrodon-East||Leftovers|StormDrain|EarthPower,IceBeam,Snowscape,Protect|||F|||50|,,,,,Fire]Garchomp||ClearAmulet|RoughSkin|Earthquake,RockSlide,SwordsDance,Protect|||F|||50|,,,,,Fire]Incineroar||FigyBerry|Intimidate|FlareBlitz,KnockOff,FakeOut,PartingShot|||F|||50|,,,,,Grass]Klefki||LightClay|Prankster|FoulPlay,TrickRoom,LightScreen,Reflect|||M|||50|,,,,,Dark
|
|t:|1757816875
|teamsize|p1|4
|teamsize|p2|4
|start
|switch|p1a: Talonflame|Talonflame, L50, M|100/100
|switch|p1b: Annihilape|Annihilape, L50, M|100/100
|switch|p2a: Amoonguss|Amoonguss, L50, F|100/100
|switch|p2b: Garchomp|Garchomp, L50, F|100/100
|turn|1
|
|t:|1757816896
|move|p1a: Talonflame|Tailwind|p1a: Talonflame
|-sidestart|p1: NoiceDynamite|move: Tailwind
|move|p1b: Annihilape|Final Gambit|p2b: Garchomp
|-damage|p2b: Garchomp|0 fnt
|faint|p1b: Annihilape
|faint|p2b: Garchomp
|move|p2a: Amoonguss|Spore|p1a: Talonflame
|-status|p1a: Talonflame|slp|[from] move: Spore
|
|upkeep
|
|t:|1757816909
|switch|p2b: Sylveon|Sylveon, L50, M|100/100
|switch|p1b: Weezing|Weezing-Galar, L50, F|100/100
|-ability|p1b: Weezing|Neutralizing Gas
|turn|2
|inactive|Battle timer is ON: inactive players will automatically lose when time's up. (requested by Olive19907)
|
|t:|1757816937
|move|p1b: Weezing|Protect|p1b: Weezing
|-singleturn|p1b: Weezing|Protect
|cant|p1a: Talonflame|slp
|move|p2b: Sylveon|Hyper Voice|p1a: Talonflame|[spread] p1a
|-activate|p1b: Weezing|move: Protect
|-damage|p1a: Talonflame|65/100 slp
|-enditem|p2b: Sylveon|Throat Spray
|-boost|p2b: Sylveon|spa|1|[from] item: Throat Spray
|move|p2a: Amoonguss|Worry Seed|p1b: Weezing
|-activate|p1b: Weezing|move: Protect
|
|upkeep
|turn|3
|
|t:|1757816956
|cant|p1a: Talonflame|slp
|move|p1b: Weezing|Sludge Bomb|p2b: Sylveon
|-supereffective|p2b: Sylveon
|-damage|p2b: Sylveon|37/100
|move|p2b: Sylveon|Hyper Voice|p1b: Weezing|[spread] p1a,p1b
|-damage|p1a: Talonflame|11/100 slp
|-damage|p1b: Weezing|45/100
|move|p2a: Amoonguss|Worry Seed|p1b: Weezing
|-end|p1b: Weezing|ability: Neutralizing Gas
|-ability|p1b: Weezing|Insomnia|Neutralizing Gas|[from] move: Worry Seed
|
|upkeep
|turn|4
|
|t:|1757816978
|-terastallize|p2b: Sylveon|Fire
|move|p1b: Weezing|Protect|p1b: Weezing
|-singleturn|p1b: Weezing|Protect
|-curestatus|p1a: Talonflame|slp|[msg]
|move|p1a: Talonflame|Flare Blitz|p2b: Sylveon
|-resisted|p2b: Sylveon
|-damage|p2b: Sylveon|14/100
|-damage|p1a: Talonflame|2/100|[from] Recoil
|move|p2b: Sylveon|Hyper Voice|p1b: Weezing|[spread] p1a
|-activate|p1b: Weezing|move: Protect
|-resisted|p1a: Talonflame
|-damage|p1a: Talonflame|0 fnt
|faint|p1a: Talonflame
|move|p2a: Amoonguss|Pollen Puff|p2b: Sylveon
|-heal|p2b: Sylveon|64/100
|
|-sideend|p1: NoiceDynamite|move: Tailwind
|upkeep
|
|t:|1757816994
|switch|p1a: Garchomp|Garchomp, L50, F|100/100
|turn|5
|
|t:|1757817005
|-terastallize|p1b: Weezing|Flying
|move|p1a: Garchomp|Earthquake|p2b: Sylveon|[spread] p2a,p2b
|-immune|p1b: Weezing
|-supereffective|p2b: Sylveon
|-damage|p2a: Amoonguss|61/100
|-damage|p2b: Sylveon|0 fnt
|faint|p2b: Sylveon
|-damage|p1a: Garchomp|91/100|[from] item: Life Orb
|move|p1b: Weezing|Sludge Bomb|p2a: Amoonguss
|-damage|p2a: Amoonguss|25/100
|-enditem|p2a: Amoonguss|Wiki Berry|[eat]
|-heal|p2a: Amoonguss|58/100|[from] item: Wiki Berry
|move|p2a: Amoonguss|Spore|p1a: Garchomp
|-status|p1a: Garchomp|slp|[from] move: Spore
|
|upkeep
|
|t:|1757817021
|switch|p2b: Incineroar|Incineroar, L50, F|100/100
|-ability|p2b: Incineroar|Intimidate|boost
|-unboost|p1a: Garchomp|atk|1
|-unboost|p1b: Weezing|atk|1
|turn|6
|inactive|Olive19907 has 30 seconds left.
|
|t:|1757817053
|move|p1b: Weezing|Protect|p1b: Weezing
|-singleturn|p1b: Weezing|Protect
|cant|p1a: Garchomp|slp
|move|p2b: Incineroar|Knock Off|p1b: Weezing
|-activate|p1b: Weezing|move: Protect
|move|p2a: Amoonguss|Pollen Puff|p1a: Garchomp
|-damage|p1a: Garchomp|70/100 slp
|
|upkeep
|turn|7
|
|t:|1757817077
|-curestatus|p1a: Garchomp|slp|[msg]
|move|p1a: Garchomp|Earthquake|p2b: Incineroar|[spread] p2a,p2b
|-immune|p1b: Weezing
|-supereffective|p2b: Incineroar
|-damage|p2a: Amoonguss|30/100
|-damage|p2b: Incineroar|45/100
|-damage|p1a: Garchomp|60/100|[from] item: Life Orb
|move|p1b: Weezing|Taunt|p2a: Amoonguss
|-start|p2a: Amoonguss|move: Taunt
|move|p2b: Incineroar|Knock Off|p1b: Weezing
|-damage|p1b: Weezing|5/100
|-enditem|p1b: Weezing|Focus Sash|[from] move: Knock Off|[of] p2b: Incineroar
|cant|p2a: Amoonguss|move: Taunt|Spore
|
|upkeep
|turn|8
|inactive|Olive19907 has 30 seconds left.
|inactive|Olive19907 has 20 seconds left.
|
|t:|1757817113
|move|p1a: Garchomp|Earthquake|p2a: Amoonguss|[spread] p2a,p2b
|-immune|p1b: Weezing
|-supereffective|p2b: Incineroar
|-damage|p2a: Amoonguss|4/100
|-damage|p2b: Incineroar|0 fnt
|faint|p2b: Incineroar
|-damage|p1a: Garchomp|50/100|[from] item: Life Orb
|move|p1b: Weezing|Sludge Bomb|p2a: Amoonguss
|-damage|p2a: Amoonguss|0 fnt
|faint|p2a: Amoonguss
|
|win|NoiceDynamite
|raw|NoiceDynamite's rating: 1049 → 1079(+30 for winning)
|raw|Olive19907's rating: 1017 → 1006(-11 for losing)
