|j|☆Pytonia
|j|☆Big_Shot_King
|html|PytoniaBig_Shot_King    
|uhtml|bestof|Game 1 of a best-of-3
|t:|1783164497
|gametype|doubles
|player|p1|Pytonia|lucian|1156
|player|p2|Big_Shot_King|101|1000
|gen|9
|tier|[Gen 9 Champions] VGC 2026 Reg M-B (Bo3)
|rated|
|rule|Species Clause: Limit one of each Pokémon
|rule|Item Clause: Limit 1 of each item
|clearpoke
|poke|p1|Scolipede, L50, F|
|poke|p1|Farigiraf, L50, F|
|poke|p1|Tyranitar, L50, F|
|poke|p1|Sinistcha, L50|
|poke|p1|Malamar, L50, F|
|poke|p1|Rotom-Heat, L50|
|poke|p2|Meganium, L50, M|
|poke|p2|Gallade, L50, M, shiny|
|poke|p2|Charizard, L50, M|
|poke|p2|Greninja, L50, M|
|poke|p2|Gyarados, L50, M, shiny|
|poke|p2|Garchomp, L50, F|
|teampreview|4
|showteam|p1|Scolipede||Scolipite|SpeedBoost|PoisonJab,LeechLife,Earthquake,Protect|Adamant||F|||50|]Farigiraf||SitrusBerry|ArmorTail|PsychicNoise,TrickRoom,HelpingHand,Protect|Bold||F|||50|]Tyranitar||Tyranitarite|SandStream|RockSlide,KnockOff,IcePunch,Protect|Adamant||F|||50|]Sinistcha||ColburBerry|Hospitality|RagePowder,MatchaGotcha,TrickRoom,LifeDew|Bold|||||50|]Malamar||Leftovers|Contrary|Superpower,PsychoCut,KnockOff,Protect|Careful||F|||50|]Rotom-Heat||PasshoBerry|Levitate|Overheat,WillOWisp,Protect,Thunderbolt|Modest|||||50|
|showteam|p2|Meganium||Meganiumite|Overgrow|LightScreen,DazzlingGleam,SolarBeam,Synthesis|Modest||M|||50|]Gallade||MuscleBand|Sharpness|Reflect,CloseCombat,PsychoCut,Protect|Jolly||M|||50|]Charizard||ExpertBelt|Blaze|AirSlash,DragonPulse,HeatWave,ScorchingSands|Timid||M|||50|]Greninja||FocusSash|Protean|Extrasensory,WaterShuriken,Blizzard,DarkPulse|Timid||M|||50|]Gyarados||Leftovers|Intimidate|DragonTail,DragonDance,IceFang,Crunch|Jolly||M|||50|]Garchomp||LifeOrb|RoughSkin|Earthquake,Liquidation,Outrage,RockSlide|Jolly||F|||50|
|
|t:|1783164534
|teamsize|p1|4
|teamsize|p2|4
|start
|switch|p1a: Malamar|Malamar, L50, F|100/100
|switch|p1b: Sinistcha|Sinistcha, L50|100/100
|switch|p2a: Excalibur|Gallade, L50, M, shiny|100/100
|switch|p2b: Yggdrasil|Meganium, L50, M|100/100
|turn|1
|
|t:|1783164549
|switch|p1a: Scolipede|Scolipede, L50, F|100/100
|detailschange|p2b: Yggdrasil|Meganium-Mega, L50, M
|-mega|p2b: Yggdrasil|Meganium|Meganiumite
|move|p1b: Sinistcha|Rage Powder|p1b: Sinistcha
|-singleturn|p1b: Sinistcha|move: Rage Powder
|move|p2a: Excalibur|Reflect|p2a: Excalibur
|-sidestart|p2: Big_Shot_King|Reflect
|move|p2b: Yggdrasil|Light Screen|p2b: Yggdrasil
|-sidestart|p2: Big_Shot_King|move: Light Screen
|
|upkeep
|turn|2
|c|☆Pytonia|Woah
|
|t:|1783164577
|detailschange|p1a: Scolipede|Scolipede-Mega, L50, F
|-mega|p1a: Scolipede|Scolipede|Scolipite
|move|p1a: Scolipede|Protect|p1a: Scolipede
|-singleturn|p1a: Scolipede|Protect
|move|p2a: Excalibur|Psycho Cut|p1a: Scolipede
|-activate|p1a: Scolipede|move: Protect
|move|p2b: Yggdrasil|Dazzling Gleam|p1b: Sinistcha|[spread] p1b
|-activate|p1a: Scolipede|move: Protect
|-damage|p1b: Sinistcha|65/100
|move|p1b: Sinistcha|Trick Room|p1b: Sinistcha
|-fieldstart|move: Trick Room|[of] p1b: Sinistcha
|
|upkeep
|turn|3
|
|t:|1783164596
|move|p1b: Sinistcha|Rage Powder|p1b: Sinistcha
|-singleturn|p1b: Sinistcha|move: Rage Powder
|move|p1a: Scolipede|Poison Jab|p2b: Yggdrasil
|-supereffective|p2b: Yggdrasil|2
|-damage|p2b: Yggdrasil|0 fnt
|faint|p2b: Yggdrasil
|move|p2a: Excalibur|Psycho Cut|p1b: Sinistcha
|-crit|p1b: Sinistcha
|-damage|p1b: Sinistcha|0 fnt
|faint|p1b: Sinistcha
|
|upkeep
|
|t:|1783164612
|switch|p1b: Malamar|Malamar, L50, F|100/100
|switch|p2b: Kunai|Greninja, L50, M|100/100
|turn|4
|
|t:|1783164625
|move|p1a: Scolipede|Leech Life|p2a: Excalibur
|-damage|p2a: Excalibur|49/100
|move|p1b: Malamar|Knock Off|p2a: Excalibur
|-damage|p2a: Excalibur|13/100
|-enditem|p2a: Excalibur|Muscle Band|[from] move: Knock Off|[of] p1b: Malamar
|move|p2a: Excalibur|Psycho Cut|p1a: Scolipede
|-supereffective|p1a: Scolipede|1
|-damage|p1a: Scolipede|9/100
|move|p2b: Kunai|Extrasensory|p1a: Scolipede
|-start|p2b: Kunai|typechange|Psychic|[from] ability: Protean
|-supereffective|p1a: Scolipede|1
|-damage|p1a: Scolipede|0 fnt
|faint|p1a: Scolipede
|
|upkeep
|
|t:|1783164629
|switch|p1a: Tyranitar|Tyranitar, L50, F|100/100
|-weather|Sandstorm|[from] ability: Sand Stream|[of] p1a: Tyranitar
|turn|5
|
|t:|1783164651
|switch|p2b: Tiamat|Garchomp, L50, F|100/100
|move|p2a: Excalibur|Protect|p2a: Excalibur
|-singleturn|p2a: Excalibur|Protect
|move|p1a: Tyranitar|Knock Off|p2b: Tiamat
|-damage|p2b: Tiamat|66/100
|-damage|p1a: Tyranitar|87/100|[from] ability: Rough Skin|[of] p2b: Tiamat
|-enditem|p2b: Tiamat|Life Orb|[from] move: Knock Off|[of] p1a: Tyranitar
|move|p1b: Malamar|Psycho Cut|p2a: Excalibur
|-activate|p2a: Excalibur|move: Protect
|
|-weather|Sandstorm|[upkeep]
|-damage|p1b: Malamar|94/100|[from] Sandstorm
|-damage|p2a: Excalibur|6/100|[from] Sandstorm
|-heal|p1b: Malamar|100/100|[from] item: Leftovers
|-sideend|p2: Big_Shot_King|Reflect
|-sideend|p2: Big_Shot_King|move: Light Screen
|upkeep
|turn|6
|
|t:|1783164681
|switch|p2a: Kunai|Greninja, L50, M|100/100
|move|p1a: Tyranitar|Ice Punch|p2b: Tiamat
|-supereffective|p2b: Tiamat|2
|-damage|p2b: Tiamat|0 fnt
|-damage|p1a: Tyranitar|75/100|[from] ability: Rough Skin|[of] p2b: Tiamat
|faint|p2b: Tiamat
|move|p1b: Malamar|Superpower|p2a: Kunai
|-supereffective|p2a: Kunai|1
|-damage|p2a: Kunai|3/100
|-boost|p1b: Malamar|atk|1
|-boost|p1b: Malamar|def|1
|
|-weather|Sandstorm|[upkeep]
|-damage|p1b: Malamar|94/100|[from] Sandstorm
|-damage|p2a: Kunai|0 fnt|[from] Sandstorm
|faint|p2a: Kunai
|-heal|p1b: Malamar|100/100|[from] item: Leftovers
|-fieldend|move: Trick Room
|upkeep
|-message|Big_Shot_King forfeited.
|
|win|Pytonia
|l|☆Big_Shot_King
|player|p2|
||Pytonia is ready for game 2.
||Big_Shot_King is ready for game 2.
|uhtml|next|Next: Game 2 of 3
