|j|☆enrique132132
|j|☆ddx9000
|html|enrique132132ddx9000    
|uhtml|bestof|Game 1 of a best-of-3
|t:|1756789740
|gametype|doubles
|player|p1|enrique132132|265|1178
|player|p2|ddx9000|266|1156
|gen|9
|tier|[Gen 9] VGC 2025 Reg H (Bo3)
|rated|
|rule|Species Clause: Limit one of each Pokémon
|rule|Item Clause: Limit 1 of each item
|clearpoke
|poke|p1|Indeedee, L50, M|
|poke|p1|Excadrill, L50, F|
|poke|p1|Corviknight, L50, F|
|poke|p1|Tyranitar, L50, M|
|poke|p1|Sneasler, L50, F|
|poke|p1|Annihilape, L50, M|
|poke|p2|Incineroar, L50, M|
|poke|p2|Porygon2, L50|
|poke|p2|Amoonguss, L50, F|
|poke|p2|Hydreigon, L50, F|
|poke|p2|Ursaluna, L50, M|
|poke|p2|Gholdengo, L50|
|teampreview|4
|showteam|p1|Indeedee||ChoiceScarf|PsychicSurge|ExpandingForce,TeraBlast,Trick,Protect|||M|||50|,,,,,Psychic]Excadrill||FocusSash|SandRush|Earthquake,IronHead,SwordsDance,Protect|||F|||50|,,,,,Ground]Corviknight||Leftovers|MirrorArmor|BraveBird,Tailwind,BulkUp,Roost|||F|||50|,,,,,Water]Tyranitar||AssaultVest|SandStream|RockSlide,KnockOff,LowKick,TeraBlast|||M|||50|,,,,,Flying]Sneasler||PsychicSeed|Unburden|CloseCombat,DireClaw,ThroatChop,Protect|||F|||50|,,,,,Dark]Annihilape||LumBerry|Defiant|Coaching,RageFist,CloseCombat,Taunt|||M|||50|,,,,,Fire
|showteam|p2|Incineroar||AssaultVest|Intimidate|FakeOut,Uturn,FlareBlitz,KnockOff|||M|||50|,,,,,Ghost]Porygon2||Eviolite|Download|TeraBlast,IceBeam,Recover,TrickRoom||||||50|,,,,,Fighting]Amoonguss||RockyHelmet|Regenerator|Spore,Protect,RagePowder,PollenPuff|||F|||50|,,,,,Water]Hydreigon||SafetyGoggles|Levitate|Tailwind,Snarl,Protect,DracoMeteor|||F|||50|,,,,,Ghost]Ursaluna||FlameOrb|Guts|Protect,HeadlongRush,Earthquake,Facade|||M|||50|,,,,,Ghost]Gholdengo||LifeOrb|GoodasGold|Protect,NastyPlot,MakeItRain,ShadowBall||||||50|,,,,,Water
|inactive|Battle timer is ON: inactive players will automatically lose when time's up. (requested by enrique132132)
|
|t:|1756789800
|teamsize|p1|4
|teamsize|p2|4
|start
|switch|p1a: Corviknight|Corviknight, L50, F|100/100
|switch|p1b: Annihilape|Annihilape, L50, M, shiny|100/100
|switch|p2a: Incineroar|Incineroar, L50, M, shiny|100/100
|switch|p2b: Porygon2|Porygon2, L50|100/100
|-ability|p2a: Incineroar|Intimidate|boost
|-ability|p1a: Corviknight|Mirror Armor
|-unboost|p2a: Incineroar|atk|1
|-unboost|p1b: Annihilape|atk|1
|-ability|p1b: Annihilape|Defiant|boost
|-boost|p1b: Annihilape|atk|2
|-ability|p2b: Porygon2|Download|boost
|-boost|p2b: Porygon2|atk|1
|turn|1
|
|t:|1756789820
|switch|p2b: Amoonguss|Amoonguss, L50, F, shiny|100/100
|move|p1b: Annihilape|Taunt|p2b: Amoonguss
|-start|p2b: Amoonguss|move: Taunt
|move|p2a: Incineroar|Flare Blitz|p1a: Corviknight
|-supereffective|p1a: Corviknight
|-damage|p1a: Corviknight|38/100
|-damage|p2a: Incineroar|78/100|[from] Recoil
|move|p1a: Corviknight|Bulk Up|p1a: Corviknight
|-boost|p1a: Corviknight|atk|1
|-boost|p1a: Corviknight|def|1
|
|-heal|p1a: Corviknight|44/100|[from] item: Leftovers
|upkeep
|turn|2
|inactive|enrique132132 has 30 seconds left.
|inactive|ddx9000 has 30 seconds left.
|inactive|ddx9000 has 20 seconds left.
|inactive|enrique132132 has 20 seconds left.
|inactive|ddx9000 has 15 seconds left.
|inactive|enrique132132 has 15 seconds left.
|inactive|ddx9000 has 10 seconds left.
|
|t:|1756789874
|switch|p2b: Porygon2|Porygon2, L50|100/100
|-ability|p2b: Porygon2|Download|boost
|-boost|p2b: Porygon2|spa|1
|-terastallize|p1a: Corviknight|Water
|move|p1b: Annihilape|Close Combat|p2a: Incineroar
|-supereffective|p2a: Incineroar
|-damage|p2a: Incineroar|0 fnt
|-unboost|p1b: Annihilape|def|1
|-unboost|p1b: Annihilape|spd|1
|faint|p2a: Incineroar
|move|p1a: Corviknight|Bulk Up|p1a: Corviknight
|-boost|p1a: Corviknight|atk|1
|-boost|p1a: Corviknight|def|1
|
|-heal|p1a: Corviknight|50/100|[from] item: Leftovers
|upkeep
|
|t:|1756789883
|switch|p2a: Amoonguss|Amoonguss, L50, F, shiny|100/100
|turn|3
|
|t:|1756789899
|move|p2a: Amoonguss|Rage Powder|p2a: Amoonguss
|-singleturn|p2a: Amoonguss|move: Rage Powder
|move|p1b: Annihilape|Taunt|p2a: Amoonguss
|-start|p2a: Amoonguss|move: Taunt
|move|p1a: Corviknight|Brave Bird|p2a: Amoonguss
|-supereffective|p2a: Amoonguss
|-damage|p2a: Amoonguss|0 fnt
|-damage|p1a: Corviknight|33/100|[from] item: Rocky Helmet|[of] p2a: Amoonguss
|faint|p2a: Amoonguss
|-damage|p1a: Corviknight|0 fnt|[from] Recoil
|faint|p1a: Corviknight
|move|p2b: Porygon2|Trick Room|p2b: Porygon2
|-fieldstart|move: Trick Room|[of] p2b: Porygon2
|
|upkeep
|
|t:|1756789918
|switch|p2a: Ursaluna|Ursaluna, L50, M|100/100
|switch|p1a: Excadrill|Excadrill, L50, F|100/100
|turn|4
|inactive|ddx9000 has 30 seconds left.
|
|t:|1756789951
|-terastallize|p2b: Porygon2|Fighting
|move|p2b: Porygon2|Ice Beam|p1b: Annihilape
|-damage|p1b: Annihilape|49/100
|-status|p1b: Annihilape|frz
|-enditem|p1b: Annihilape|Lum Berry|[eat]
|-curestatus|p1b: Annihilape|frz|[msg]
|move|p2a: Ursaluna|Earthquake|p1b: Annihilape|[spread] p2b,p1a,p1b
|-supereffective|p1a: Excadrill
|-damage|p2b: Porygon2|73/100
|-enditem|p1a: Excadrill|Focus Sash
|-damage|p1a: Excadrill|1/100
|-damage|p1b: Annihilape|0 fnt
|faint|p1b: Annihilape
|move|p1a: Excadrill|Earthquake|p2a: Ursaluna|[spread] p2a,p2b
|-damage|p2a: Ursaluna|63/100
|-damage|p2b: Porygon2|43/100
|
|-status|p2a: Ursaluna|brn|[from] item: Flame Orb
|upkeep
|
|t:|1756789967
|switch|p1b: Tyranitar|Tyranitar, L50, M|100/100
|-weather|Sandstorm|[from] ability: Sand Stream|[of] p1b: Tyranitar
|turn|5
|
|t:|1756789989
|move|p1a: Excadrill|Protect|p1a: Excadrill
|-singleturn|p1a: Excadrill|Protect
|move|p2b: Porygon2|Tera Blast|p1b: Tyranitar|[anim] Tera Blast Fighting
|-supereffective|p1b: Tyranitar
|-damage|p1b: Tyranitar|17/100
|move|p1b: Tyranitar|Low Kick|p2a: Ursaluna
|-supereffective|p2a: Ursaluna
|-damage|p2a: Ursaluna|0 fnt
|faint|p2a: Ursaluna
|
|-weather|Sandstorm|[upkeep]
|-damage|p2b: Porygon2|37/100|[from] Sandstorm
|upkeep
|turn|6
|inactive|enrique132132 has 30 seconds left.
|inactive|enrique132132 has 20 seconds left.
|inactive|enrique132132 has 15 seconds left.
|inactive|enrique132132 has 10 seconds left.
|inactive|enrique132132 has 5 seconds left.
|
|t:|1756790040
|move|p2b: Porygon2|Ice Beam|p1b: Tyranitar
|-damage|p1b: Tyranitar|1/100
|-status|p1b: Tyranitar|frz
|-curestatus|p1b: Tyranitar|frz|[msg]
|move|p1b: Tyranitar|Tera Blast|p2b: Porygon2
|-damage|p2b: Porygon2|27/100
|move|p1a: Excadrill|Earthquake|p2b: Porygon2|[spread] p1b,p2b
|-supereffective|p1b: Tyranitar
|-damage|p1b: Tyranitar|0 fnt
|-damage|p2b: Porygon2|0 fnt
|faint|p1b: Tyranitar
|faint|p2b: Porygon2
|
|win|enrique132132
|inactive|enrique132132 has 30 seconds to confirm battle start!
|inactive|ddx9000 has 30 seconds to confirm battle start!
||ddx9000 is ready for game 2.
||enrique132132 is ready for game 2.
|uhtml|next|Next: Game 2 of 3
|l|☆ddx9000
|player|p2|
