|j|☆breloomb01
|j|☆Theelvisboy1
|html|breloomb01Theelvisboy1    
|uhtml|bestof|Game 1 of a best-of-3
|t:|1785347910
|gametype|doubles
|player|p1|breloomb01|roughneck|1136
|player|p2|Theelvisboy1|cynthia|1100
|gen|9
|tier|[Gen 9 Champions] VGC 2026 Reg M-B (Bo3)
|rated|
|rule|Species Clause: Limit one of each Pokémon
|rule|Item Clause: Limit 1 of each item
|clearpoke
|poke|p1|Floette-Eternal, L50, F|
|poke|p1|Incineroar, L50, M|
|poke|p1|Sinistcha, L50|
|poke|p1|Garchomp, L50, F|
|poke|p1|Sneasler, L50, F|
|poke|p1|Rotom-Wash, L50|
|poke|p2|Lucario, L50, F|
|poke|p2|Chandelure, L50, F, shiny|
|poke|p2|Whimsicott, L50, F|
|poke|p2|Staraptor, L50, F|
|poke|p2|Dragonite, L50, F|
|poke|p2|Drampa, L50, F, shiny|
|teampreview|4
|showteam|p1|Floette-Eternal||Floettite|FlowerVeil|DrainingKiss,DazzlingGleam,CalmMind,Protect|Modest||F|||50|]Incineroar||SitrusBerry|Intimidate|FakeOut,FlareBlitz,ThroatChop,PartingShot|Careful||M|||50|]Sinistcha||KasibBerry|Hospitality|MatchaGotcha,RagePowder,LifeDew,TrickRoom|Calm|||||50|]Garchomp||LifeOrb|RoughSkin|Earthquake,DragonClaw,RockSlide,Protect|Jolly||F|||50|]Sneasler||FocusSash|PoisonTouch|FakeOut,DireClaw,CloseCombat,Protect|Jolly||F|||50|]Rotom-Wash||Leftovers|Levitate|HydroPump,VoltSwitch,WillOWisp,Electroweb|Modest|||||50|
|showteam|p2|Lucario||LifeOrb|InnerFocus|MeteorMash,ExtremeSpeed,CloseCombat,BrickBreak|Adamant||F|||50|]Chandelure||Chandelurite|FlashFire|HeatWave,Protect,ShadowBall,Overheat|Modest||F|||50|]Whimsicott||FocusSash|Prankster|Tailwind,Charm,FakeTears,Psychic|Bold||F|||50|]Staraptor||Staraptite|Intimidate|Roost,CloseCombat,BraveBird,Protect|Serious||F|||50|]Dragonite||ChoiceScarf|Multiscale|Earthquake,IronHead,ThunderPunch,DragonClaw|Adamant||F|||50|]Drampa||Leftovers|CloudNine|Thunderbolt,EarthPower,Flamethrower,EnergyBall|Quiet||F|||50|
|
|t:|1785347934
|teamsize|p1|4
|teamsize|p2|4
|start
|switch|p1a: Incineroar|Incineroar, L50, M|100/100
|switch|p1b: Floette|Floette-Eternal, L50, F|100/100
|switch|p2a: Lucario|Lucario, L50, F|100/100
|switch|p2b: Whimsicott|Whimsicott, L50, F|100/100
|-ability|p1a: Incineroar|Intimidate|boost
|-fail|p2a: Lucario|unboost|Attack|[from] ability: Inner Focus|[of] p2a: Lucario
|-unboost|p2b: Whimsicott|atk|1
|turn|1
|
|t:|1785347949
|switch|p1b: Garchomp|Garchomp, L50, F|100/100
|move|p2b: Whimsicott|Tailwind|p2b: Whimsicott
|-sidestart|p2: Theelvisboy1|move: Tailwind
|move|p2a: Lucario|Meteor Mash|p1b: Garchomp
|-damage|p1b: Garchomp|39/100
|-boost|p2a: Lucario|atk|1
|-damage|p2a: Lucario|87/100|[from] ability: Rough Skin|[of] p1b: Garchomp
|-damage|p2a: Lucario|77/100|[from] item: Life Orb
|move|p1a: Incineroar|Parting Shot|p2a: Lucario
|-unboost|p2a: Lucario|atk|1
|-unboost|p2a: Lucario|spa|1
|
|t:|1785347962
|switch|p1a: Floette|Floette-Eternal, L50, F|100/100|[from] Parting Shot
|
|upkeep
|turn|2
|
|t:|1785347979
|switch|p1a: Sinistcha|Sinistcha, L50|100/100
|-heal|p1b: Garchomp|64/100|[from] ability: Hospitality|[of] p1a: Sinistcha
|move|p2b: Whimsicott|Psychic|p1a: Sinistcha
|-damage|p1a: Sinistcha|85/100
|move|p2a: Lucario|Meteor Mash|p1b: Garchomp
|-damage|p1b: Garchomp|2/100
|-damage|p2a: Lucario|65/100|[from] ability: Rough Skin|[of] p1b: Garchomp
|-damage|p2a: Lucario|55/100|[from] item: Life Orb
|move|p1b: Garchomp|Earthquake|p2b: Whimsicott|[spread] p1a,p2a,p2b
|-resisted|p1a: Sinistcha|1
|-supereffective|p2a: Lucario|1
|-resisted|p2b: Whimsicott|1
|-damage|p1a: Sinistcha|61/100
|-damage|p2a: Lucario|0 fnt
|-damage|p2b: Whimsicott|80/100
|faint|p2a: Lucario
|-damage|p1b: Garchomp|0 fnt|[from] item: Life Orb
|faint|p1b: Garchomp
|
|upkeep
|
|t:|1785347992
|switch|p1b: Floette|Floette-Eternal, L50, F|100/100
|switch|p2a: Chandelure|Chandelure, L50, F, shiny|100/100
|turn|3
|
|t:|1785348002
|detailschange|p2a: Chandelure|Chandelure-Mega, L50, F, shiny
|-mega|p2a: Chandelure|Chandelure|Chandelurite
|detailschange|p1b: Floette|Floette-Mega, L50, F
|-mega|p1b: Floette|Floette|Floettite
|-ability|p1b: Floette|Fairy Aura
|move|p2b: Whimsicott|Fake Tears|p1b: Floette
|-unboost|p1b: Floette|spd|2
|move|p2a: Chandelure|Heat Wave|p1a: Sinistcha|[spread] p1a,p1b
|-supereffective|p1a: Sinistcha|1
|-damage|p1a: Sinistcha|0 fnt
|-damage|p1b: Floette|32/100
|faint|p1a: Sinistcha
|move|p1b: Floette|Calm Mind|p1b: Floette
|-boost|p1b: Floette|spa|1
|-boost|p1b: Floette|spd|1
|
|upkeep
|
|t:|1785348004
|switch|p1a: Incineroar|Incineroar, L50, M|100/100
|-ability|p1a: Incineroar|Intimidate|boost
|-unboost|p2a: Chandelure|atk|1
|-unboost|p2b: Whimsicott|atk|1
|turn|4
|
|t:|1785348041
|move|p1a: Incineroar|Fake Out|p2b: Whimsicott
|-damage|p2b: Whimsicott|72/100
|cant|p2b: Whimsicott|flinch
|move|p2a: Chandelure|Heat Wave|p1a: Incineroar|[spread] p1a,p1b
|-resisted|p1a: Incineroar|1
|-damage|p1a: Incineroar|81/100
|-damage|p1b: Floette|0 fnt
|faint|p1b: Floette
|
|-sideend|p2: Theelvisboy1|move: Tailwind
|upkeep
|turn|5
|
|t:|1785348058
|move|p2b: Whimsicott|Tailwind|p2b: Whimsicott
|-sidestart|p2: Theelvisboy1|move: Tailwind
|move|p2a: Chandelure|Shadow Ball|p1a: Incineroar
|-resisted|p1a: Incineroar|1
|-damage|p1a: Incineroar|61/100
|-unboost|p1a: Incineroar|spd|1
|move|p1a: Incineroar|Throat Chop|p2a: Chandelure
|-supereffective|p2a: Chandelure|1
|-damage|p2a: Chandelure|22/100
|-start|p2a: Chandelure|Throat Chop|[silent]
|
|upkeep
|turn|6
|
|t:|1785348069
|switch|p2b: Dragonite|Dragonite, L50, F|100/100
|move|p2a: Chandelure|Overheat|p1a: Incineroar|[miss]
|-miss|p2a: Chandelure|p1a: Incineroar
|move|p1a: Incineroar|Throat Chop|p2a: Chandelure
|-supereffective|p2a: Chandelure|1
|-damage|p2a: Chandelure|0 fnt
|faint|p2a: Chandelure
|
|upkeep
|
|t:|1785348074
|switch|p2a: Whimsicott|Whimsicott, L50, F|72/100
|turn|7
|
|t:|1785348082
|move|p2b: Dragonite|Earthquake|p1a: Incineroar|[spread] p2a,p1a
|-resisted|p2a: Whimsicott|1
|-supereffective|p1a: Incineroar|1
|-damage|p2a: Whimsicott|59/100
|-damage|p1a: Incineroar|6/100
|-enditem|p1a: Incineroar|Sitrus Berry|[eat]
|-heal|p1a: Incineroar|31/100|[from] item: Sitrus Berry
|move|p2a: Whimsicott|Psychic|p1a: Incineroar
|-immune|p1a: Incineroar
|move|p1a: Incineroar|Flare Blitz|p2b: Dragonite
|-resisted|p2b: Dragonite|1
|-damage|p2b: Dragonite|87/100
|-damage|p1a: Incineroar|28/100|[from] Recoil
|
|upkeep
|turn|8
|-message|breloomb01 forfeited.
|
|win|Theelvisboy1
||Theelvisboy1 is ready for game 2.
||breloomb01 is ready for game 2.
|uhtml|next|Next: Game 2 of 3
|l|☆Theelvisboy1
|player|p2|
