|j|☆executive pole
|j|☆fluffym1n
|html|executive polefluffym1n    
|uhtml|bestof|Game 2 of a best-of-3
|t:|1757704173
|gametype|doubles
|player|p1|executive pole|brendan-masters|
|player|p2|fluffym1n|lucas-gen4pt|
|gen|9
|tier|[Gen 9] VGC 2025 Reg H (Bo3)
|rule|Species Clause: Limit one of each Pokémon
|rule|Item Clause: Limit 1 of each item
|clearpoke
|poke|p1|Whimsicott, L50, F|
|poke|p1|Garchomp, L50, F|
|poke|p1|Gholdengo, L50|
|poke|p1|Incineroar, L50, M|
|poke|p1|Sneasler, L50, F|
|poke|p1|Dragonite, L50, F|
|poke|p2|Archaludon, L50, M|
|poke|p2|Pelipper, L50, F|
|poke|p2|Incineroar, L50, F|
|poke|p2|Basculegion, L50, M|
|poke|p2|Gholdengo, L50|
|poke|p2|Sneasler, L50, F|
|teampreview|4
|showteam|p1|Whimsicott||FocusSash|Prankster|Moonblast,Tailwind,Encore,Protect|||F|||50|,,,,,Poison]Garchomp||LifeOrb|RoughSkin|Earthquake,DragonClaw,StompingTantrum,Protect|||F|||50|,,,,,Ground]Gholdengo||ChoiceSpecs|GoodasGold|MakeItRain,ShadowBall,Trick,Protect||||||50|,,,,,Steel]Incineroar||AssaultVest|Intimidate|FlareBlitz,KnockOff,Uturn,FakeOut|||M|||50|,,,,,Grass]Sneasler||WhiteHerb|Unburden|FakeOut,DireClaw,CloseCombat,Protect|||F|||50|,,,,,Stellar]Dragonite||ChoiceBand|InnerFocus|ExtremeSpeed,Outrage,IceSpinner,StompingTantrum|||F|||50|,,,,,Normal
|showteam|p2|Archaludon||AssaultVest|Stamina|DragonPulse,FlashCannon,ElectroShot,BodyPress|||M|||50|,,,,,Grass]Pelipper||FocusSash|Drizzle|Hurricane,Tailwind,WeatherBall,Protect|||F|||50|,,,,,Ghost]Incineroar||SafetyGoggles|Intimidate|FakeOut,KnockOff,FlareBlitz,PartingShot|||F|||50|,,,,,Ghost]Basculegion||MysticWater|SwiftSwim|WaveCrash,LastRespects,AquaJet,Protect|||M|||50|,,,,,Water]Gholdengo||MetalCoat|GoodasGold|MakeItRain,ShadowBall,NastyPlot,Protect||||||50|,,,,,Water]Sneasler||WhiteHerb|Unburden|FakeOut,CloseCombat,DireClaw,Protect|||F|||50|,,,,,Stellar
|j| totsbite4
|j| hheeii
|l| hheeii
|
|t:|1757704256
|teamsize|p1|4
|teamsize|p2|4
|start
|switch|p1a: Whimsicott|Whimsicott, L50, F|100/100
|switch|p1b: Dragonite|Dragonite, L50, F|100/100
|switch|p2a: Final Lesson|Archaludon, L50, M|100/100
|switch|p2b: Latrine|Pelipper, L50, F|100/100
|-weather|RainDance|[from] ability: Drizzle|[of] p2b: Latrine
|turn|1
|
|t:|1757704282
|move|p1a: Whimsicott|Tailwind|p1a: Whimsicott
|-sidestart|p1: executive pole|move: Tailwind
|move|p1b: Dragonite|Outrage|p2a: Final Lesson
|-damage|p2a: Final Lesson|19/100
|-ability|p2a: Final Lesson|Stamina|boost
|-boost|p2a: Final Lesson|def|1
|move|p2b: Latrine|Tailwind|p2b: Latrine
|-sidestart|p2: fluffym1n|move: Tailwind
|move|p2a: Final Lesson|Dragon Pulse|p1b: Dragonite
|-supereffective|p1b: Dragonite
|-damage|p1b: Dragonite|7/100
|
|-weather|RainDance|[upkeep]
|upkeep
|turn|2
|
|t:|1757704307
|switch|p2b: Gholdengo|Gholdengo, L50|100/100
|move|p1a: Whimsicott|Moonblast|p2a: Final Lesson
|-damage|p2a: Final Lesson|0 fnt
|faint|p2a: Final Lesson
|move|p1b: Dragonite|Outrage|p2b: Gholdengo|[from] lockedmove
|-resisted|p2b: Gholdengo
|-damage|p2b: Gholdengo|51/100
|
|-weather|RainDance|[upkeep]
|upkeep
|
|t:|1757704319
|switch|p2a: Basculegion|Basculegion, L50, M|100/100
|turn|3
|
|t:|1757704350
|move|p2a: Basculegion|Last Respects|p1a: Whimsicott
|-damage|p1a: Whimsicott|21/100
|move|p1a: Whimsicott|Moonblast|p2a: Basculegion
|-damage|p2a: Basculegion|61/100
|move|p2b: Gholdengo|Make It Rain|p1a: Whimsicott|[spread] p1a,p1b
|-supereffective|p1a: Whimsicott
|-damage|p1a: Whimsicott|0 fnt
|-damage|p1b: Dragonite|0 fnt
|-unboost|p2b: Gholdengo|spa|1
|faint|p1a: Whimsicott
|faint|p1b: Dragonite
|
|-weather|RainDance|[upkeep]
|upkeep
|
|t:|1757704362
|switch|p1a: Gholdengo|Gholdengo, L50|100/100
|switch|p1b: Incineroar|Incineroar, L50, M|100/100
|-ability|p1b: Incineroar|Intimidate|boost
|-unboost|p2a: Basculegion|atk|1
|-unboost|p2b: Gholdengo|atk|1
|turn|4
|
|t:|1757704395
|-terastallize|p2a: Basculegion|Water
|-terastallize|p1a: Gholdengo|Steel
|move|p2a: Basculegion|Wave Crash|p1a: Gholdengo
|-damage|p1a: Gholdengo|0 fnt
|faint|p1a: Gholdengo
|-damage|p2a: Basculegion|34/100|[from] Recoil
|move|p2b: Gholdengo|Shadow Ball|p1b: Incineroar
|-resisted|p1b: Incineroar
|-damage|p1b: Incineroar|93/100
|move|p1b: Incineroar|Knock Off|p2b: Gholdengo
|-supereffective|p2b: Gholdengo
|-damage|p2b: Gholdengo|0 fnt
|-enditem|p2b: Gholdengo|Metal Coat|[from] move: Knock Off|[of] p1b: Incineroar
|faint|p2b: Gholdengo
|
|-weather|RainDance|[upkeep]
|-sideend|p1: executive pole|move: Tailwind
|-sideend|p2: fluffym1n|move: Tailwind
|upkeep
|
|t:|1757704400
|switch|p2b: Latrine|Pelipper, L50, F|100/100
|turn|5
|
|t:|1757704416
|move|p2a: Basculegion|Wave Crash|p1b: Incineroar
|-supereffective|p1b: Incineroar
|-damage|p1b: Incineroar|0 fnt
|faint|p1b: Incineroar
|-damage|p2a: Basculegion|4/100|[from] Recoil
|
|win|fluffym1n
||fluffym1n is ready for game 3.
||executive pole is ready for game 3.
|uhtml|next|Next: Game 3 of 3
|j| Voltage Gaming101
|l| Voltage Gaming101
|l|☆executive pole
|player|p1|
|l| totsbite4
|j|☆executive pole
|player|p1|executive pole|brendan-masters|
