|j|☆RunningRad
|j|☆eggchamp49
|html|RunningRadeggchamp49    
|uhtml|bestof|Game 2 of a best-of-3
|t:|1783635105
|gametype|doubles
|player|p1|RunningRad|lida|
|player|p2|eggchamp49|ghetsis|
|gen|9
|tier|[Gen 9 Champions] VGC 2026 Reg M-B (Bo3)
|rule|Species Clause: Limit one of each Pokémon
|rule|Item Clause: Limit 1 of each item
|clearpoke
|poke|p1|Charizard, L50, F|
|poke|p1|Whimsicott, L50, F|
|poke|p1|Basculegion, L50, M|
|poke|p1|Mawile, L50, M|
|poke|p1|Farigiraf, L50, M|
|poke|p1|Garchomp, L50, F|
|poke|p2|Swampert, L50, F|
|poke|p2|Metagross, L50|
|poke|p2|Archaludon, L50, F|
|poke|p2|Pelipper, L50, F|
|poke|p2|Grimmsnarl, L50, M|
|poke|p2|Sinistcha, L50|
|teampreview|4
|showteam|p1|Charizard||CharizarditeY|SolarPower|HeatWave,WeatherBall,SolarBeam,Protect|Modest||F|||50|]Whimsicott||FocusSash|Prankster|Moonblast,Tailwind,Encore,Protect|Timid||F|||50|]Basculegion||SitrusBerry|Adaptability|WaveCrash,AquaJet,LastRespects,Protect|Adamant||M|||50|]Mawile||Mawilite|Intimidate|PlayRough,IronHead,SuckerPunch,Protect|Adamant||M|||50|]Farigiraf||ColburBerry|ArmorTail|HyperVoice,Psychic,HelpingHand,TrickRoom|Relaxed||M|||50|]Garchomp||LifeOrb|RoughSkin|Earthquake,DragonClaw,RockSlide,Protect|Jolly||F|||50|
|showteam|p2|Swampert||Swampertite|Damp|WaveCrash,Earthquake,IcePunch,Protect|Adamant||F|||50|]Metagross||Metagrossite|ClearBody|PsychicFangs,IronHead,BodyPress,Protect|Jolly|||||50|]Archaludon||Leftovers|Stamina|ElectroShot,FlashCannon,DragonPulse,Protect|Modest||F|||50|]Pelipper||SitrusBerry|Drizzle|WeatherBall,Hurricane,Tailwind,WideGuard|Modest||F|||50|]Grimmsnarl||LightClay|Prankster|LightScreen,Reflect,SpiritBreak,PartingShot|Careful||M|||50|]Sinistcha||ColburBerry|Hospitality|RagePowder,MatchaGotcha,LifeDew,Protect|Relaxed|||||50|
|j| X-2Muz
|j| blizz.vg
|j| YamperIsTheBest
|
|t:|1783635138
|teamsize|p1|4
|teamsize|p2|4
|start
|switch|p1a: Basculegion|Basculegion, L50, M|100/100
|switch|p1b: Farigiraf|Farigiraf, L50, M|100/100
|switch|p2a: Grimmsnarl|Grimmsnarl, L50, M|100/100
|switch|p2b: Swampert|Swampert, L50, F|100/100
|turn|1
|
|t:|1783635158
|detailschange|p2b: Swampert|Swampert-Mega, L50, F
|-mega|p2b: Swampert|Swampert|Swampertite
|move|p2a: Grimmsnarl|Reflect|p2a: Grimmsnarl
|-sidestart|p2: eggchamp49|Reflect
|move|p1a: Basculegion|Wave Crash|p2b: Swampert
|-damage|p2b: Swampert|50/100g
|-damage|p1a: Basculegion|84/100|[from] Recoil
|move|p2b: Swampert|Wave Crash|p1b: Farigiraf
|-damage|p1b: Farigiraf|34/100
|-damage|p2b: Swampert|25/100|[from] Recoil
|move|p1b: Farigiraf|Trick Room|p1b: Farigiraf
|-fieldstart|move: Trick Room|[of] p1b: Farigiraf
|
|upkeep
|turn|2
|j| FlowerFraud
|
|t:|1783635181
|switch|p1a: Mawile|Mawile, L50, M|100/100
|-ability|p1a: Mawile|Intimidate|boost
|-unboost|p2a: Grimmsnarl|atk|1
|-unboost|p2b: Swampert|atk|1
|move|p2b: Swampert|Protect|p2b: Swampert
|-singleturn|p2b: Swampert|Protect
|move|p1b: Farigiraf|Psychic|p2b: Swampert
|-activate|p2b: Swampert|move: Protect
|move|p2a: Grimmsnarl|Spirit Break|p1b: Farigiraf
|-damage|p1b: Farigiraf|17/100
|-unboost|p1b: Farigiraf|spa|1
|
|upkeep
|turn|3
|
|t:|1783635213
|switch|p2b: Archaludon|Archaludon, L50, F|100/100
|detailschange|p1a: Mawile|Mawile-Mega, L50, M
|-mega|p1a: Mawile|Mawile|Mawilite
|move|p2a: Grimmsnarl|Parting Shot||[still]
|cant|p1b: Farigiraf|ability: Armor Tail|Parting Shot|[of] p2a: Grimmsnarl
|move|p1a: Mawile|Play Rough|p2a: Grimmsnarl
|-supereffective|p2a: Grimmsnarl|1
|-damage|p2a: Grimmsnarl|0 fnt
|faint|p2a: Grimmsnarl
|move|p1b: Farigiraf|Hyper Voice|p2b: Archaludon
|-resisted|p2b: Archaludon|1
|-damage|p2b: Archaludon|89/100
|-ability|p2b: Archaludon|Stamina|boost
|-boost|p2b: Archaludon|def|1
|
|-heal|p2b: Archaludon|95/100|[from] item: Leftovers
|upkeep
|c|☆eggchamp49|im actually so silly
|
|t:|1783635231
|switch|p2a: Pelipper|Pelipper, L50, F|100/100
|-weather|RainDance|[from] ability: Drizzle|[of] p2a: Pelipper
|turn|4
|
|t:|1783635253
|move|p1b: Farigiraf|Helping Hand|p1a: Mawile
|-singleturn|p1a: Mawile|Helping Hand|[of] p1b: Farigiraf
|move|p1a: Mawile|Play Rough|p2a: Pelipper
|-damage|p2a: Pelipper|1/100
|-enditem|p2a: Pelipper|Sitrus Berry|[eat]
|-heal|p2a: Pelipper|26/100|[from] item: Sitrus Berry
|move|p2a: Pelipper|Weather Ball|p1a: Mawile
|-damage|p1a: Mawile|36/100
|move|p2b: Archaludon|Electro Shot||[still]
|-prepare|p2b: Archaludon|Electro Shot
|-boost|p2b: Archaludon|spa|1
|-anim|p2b: Archaludon|Electro Shot|p1b: Farigiraf
|-damage|p1b: Farigiraf|0 fnt
|faint|p1b: Farigiraf
|
|-weather|RainDance|[upkeep]
|-heal|p2b: Archaludon|100/100|[from] item: Leftovers
|upkeep
|
|t:|1783635268
|switch|p1b: Garchomp|Garchomp, L50, F|100/100
|turn|5
|
|t:|1783635298
|move|p1b: Garchomp|Protect|p1b: Garchomp
|-singleturn|p1b: Garchomp|Protect
|move|p1a: Mawile|Play Rough|p2a: Pelipper
|-damage|p2a: Pelipper|0 fnt
|faint|p2a: Pelipper
|move|p2b: Archaludon|Dragon Pulse|p1b: Garchomp
|-activate|p1b: Garchomp|move: Protect
|
|-weather|RainDance|[upkeep]
|-fieldend|move: Trick Room
|upkeep
|
|t:|1783635307
|switch|p2a: Swampert|Swampert-Mega, L50, F|25/100
|turn|6
|
|t:|1783635322
|switch|p1b: Basculegion|Basculegion, L50, M|84/100
|move|p1a: Mawile|Sucker Punch|p2a: Swampert
|-damage|p2a: Swampert|0 fnt
|faint|p2a: Swampert
|move|p2b: Archaludon|Dragon Pulse|p1b: Basculegion
|-damage|p1b: Basculegion|19/100
|-enditem|p1b: Basculegion|Sitrus Berry|[eat]
|-heal|p1b: Basculegion|44/100|[from] item: Sitrus Berry
|
|-weather|RainDance|[upkeep]
|upkeep
|turn|7
|
|t:|1783635335
|move|p1b: Basculegion|Protect|p1b: Basculegion
|-singleturn|p1b: Basculegion|Protect
|move|p1a: Mawile|Protect|p1a: Mawile
|-singleturn|p1a: Mawile|Protect
|move|p2b: Archaludon|Electro Shot||[still]
|-prepare|p2b: Archaludon|Electro Shot
|-boost|p2b: Archaludon|spa|1
|-anim|p2b: Archaludon|Electro Shot|p1b: Basculegion
|-activate|p1b: Basculegion|move: Protect
|
|-weather|RainDance|[upkeep]
|upkeep
|turn|8
|
|t:|1783635354
|move|p1b: Basculegion|Last Respects|p2b: Archaludon
|-damage|p2b: Archaludon|77/100
|-ability|p2b: Archaludon|Stamina|boost
|-boost|p2b: Archaludon|def|1
|move|p2b: Archaludon|Electro Shot||[still]
|-prepare|p2b: Archaludon|Electro Shot
|-boost|p2b: Archaludon|spa|1
|-anim|p2b: Archaludon|Electro Shot|p1a: Mawile
|-damage|p1a: Mawile|0 fnt
|faint|p1a: Mawile
|
|-weather|none
|-heal|p2b: Archaludon|83/100|[from] item: Leftovers
|-sideend|p2: eggchamp49|Reflect
|upkeep
|
|t:|1783635362
|switch|p1a: Garchomp|Garchomp, L50, F|100/100
|turn|9
|
|t:|1783635368
|move|p1b: Basculegion|Protect|p1b: Basculegion
|-singleturn|p1b: Basculegion|Protect
|move|p2b: Archaludon|Protect|p2b: Archaludon
|-singleturn|p2b: Archaludon|Protect
|move|p1a: Garchomp|Earthquake|p2b: Archaludon|[spread] 
|-activate|p1b: Basculegion|move: Protect
|-activate|p2b: Archaludon|move: Protect
|
|-heal|p2b: Archaludon|89/100|[from] item: Leftovers
|upkeep
|turn|10
|
|t:|1783635379
|move|p1a: Garchomp|Protect|p1a: Garchomp
|-singleturn|p1a: Garchomp|Protect
|move|p1b: Basculegion|Last Respects|p2b: Archaludon
|-damage|p2b: Archaludon|51/100
|-ability|p2b: Archaludon|Stamina|boost
|-boost|p2b: Archaludon|def|1
|move|p2b: Archaludon|Dragon Pulse|p1b: Basculegion
|-damage|p1b: Basculegion|0 fnt
|faint|p1b: Basculegion
|
|-heal|p2b: Archaludon|57/100|[from] item: Leftovers
|upkeep
|turn|11
|
|t:|1783635390
|move|p2b: Archaludon|Protect|p2b: Archaludon
|-singleturn|p2b: Archaludon|Protect
|move|p1a: Garchomp|Earthquake|p2b: Archaludon
|-activate|p2b: Archaludon|move: Protect
|
|-heal|p2b: Archaludon|63/100|[from] item: Leftovers
|upkeep
|turn|12
|
|t:|1783635397
|move|p1a: Garchomp|Earthquake|p2b: Archaludon
|-supereffective|p2b: Archaludon|1
|-damage|p2b: Archaludon|19/100
|-ability|p2b: Archaludon|Stamina|boost
|-boost|p2b: Archaludon|def|1
|-damage|p1a: Garchomp|90/100|[from] item: Life Orb
|move|p2b: Archaludon|Dragon Pulse|p1a: Garchomp
|-supereffective|p1a: Garchomp|1
|-damage|p1a: Garchomp|0 fnt
|faint|p1a: Garchomp
|
|win|eggchamp49
||RunningRad is ready for game 3.
||eggchamp49 is ready for game 3.
|uhtml|next|Next: Game 3 of 3
|l| blizz.vg
|l| YamperIsTheBest
