|j|вҳҶaaronyc999
|j|вҳҶyenjang
|html|aaronyc999yenjang    
|uhtml|bestof|Game 1 of a best-of-3
|t:|1786190383
|gametype|doubles
|player|p1|aaronyc999|265|
|player|p2|yenjang|cynthia-gen4|
|gen|9
|tier|[Gen 9 Champions] VGC 2026 Reg M-B (Bo3)
|rule|Species Clause: Limit one of each PokГ©mon
|rule|Item Clause: Limit 1 of each item
|clearpoke
|poke|p1|Tyranitar, L50, M|
|poke|p1|Excadrill, L50, F|
|poke|p1|Milotic, L50, F|
|poke|p1|Sinistcha, L50|
|poke|p1|Staraptor, L50, M|
|poke|p1|Gholdengo, L50|
|poke|p2|Raichu, L50, M, shiny|
|poke|p2|Sylveon, L50, F, shiny|
|poke|p2|Arcanine-Hisui, L50, M, shiny|
|poke|p2|Kingambit, L50, M, shiny|
|poke|p2|Farigiraf, L50, F, shiny|
|poke|p2|Staraptor, L50, M, shiny|
|teampreview|4
|showteam|p1|Tyranitar||Tyranitarite|SandStream|KnockOff,RockSlide,LowKick,Protect|Jolly||M|||50|]Excadrill||FocusSash|SandRush|IronHead,RockSlide,Protect,HighHorsepower|Adamant||F|||50|]Milotic||SitrusBerry|Competitive|Scald,IcyWind,Protect,IceBeam|Calm||F|||50|]Sinistcha||ColburBerry|Hospitality|MatchaGotcha,TrickRoom,Protect,RagePowder|Bold|||||50|]Staraptor||Staraptite|Intimidate|CloseCombat,BraveBird,Tailwind,Protect|Jolly||M|||50|]Gholdengo||LifeOrb|GoodasGold|MakeItRain,ShadowBall,NastyPlot,Protect|Modest|||||50|
|showteam|p2|Raichu||RaichuniteY|LightningRod|ZapCannon,FocusBlast,Protect,FakeOut|Timid||M|||50|]Sylveon||FairyFeather|Pixilate|HyperVoice,HyperBeam,Detect,QuickAttack|Modest||F|||50|]Arcanine-Hisui||FocusSash|RockHead|HeadSmash,FlareBlitz,Protect,ExtremeSpeed|Jolly||M|||50|]Kingambit||LifeOrb|Defiant|SuckerPunch,KowtowCleave,LowKick,Protect|Adamant||M|||50|]Farigiraf||SitrusBerry|ArmorTail|Thunderbolt,Psychic,HelpingHand,TrickRoom|Calm||F|||50|]Staraptor||Staraptite|Intimidate|CloseCombat,DualWingbeat,Protect,Tailwind|Jolly||M|||50|
|c|вҳҶyenjang|жҲ‘иІјеҖӢйҖЈзөҗ
|c|вҳҶyenjang|зӯүжҲ‘дёҖдёӢ
|j| 86test
|c|вҳҶaaronyc999|OK
|j| goodryan2630
|c|вҳҶyenjang|жҲ‘еҘҪдәҶ
|j| otenkoz
|j| test75683
|l| test75683
|j| nanahachisan
|
|t:|1786190551
|teamsize|p1|4
|teamsize|p2|4
|start
|switch|p1a: Milotic|Milotic, L50, F|100/100
|switch|p1b: Staraptor|Staraptor, L50, M|100/100
|switch|p2a: Raichu|Raichu, L50, M, shiny|100/100
|switch|p2b: Arcanine|Arcanine-Hisui, L50, M, shiny|100/100
|-ability|p1b: Staraptor|Intimidate|boost
|-unboost|p2a: Raichu|atk|1
|-unboost|p2b: Arcanine|atk|1
|turn|1
|inactive|Battle timer is ON: inactive players will automatically lose when time's up. (requested by yenjang)
|inactive|aaronyc999 has 60 seconds left.
|inactive|yenjang has 60 seconds left.
|
|t:|1786190591
|switch|p2b: Staraptor|Staraptor, L50, M, shiny|100/100
|-ability|p2b: Staraptor|Intimidate|boost
|-unboost|p1a: Milotic|atk|1
|-ability|p1a: Milotic|Competitive|boost
|-boost|p1a: Milotic|spa|2
|-unboost|p1b: Staraptor|atk|1
|move|p1b: Staraptor|Protect|p1b: Staraptor
|-singleturn|p1b: Staraptor|Protect
|move|p2a: Raichu|Fake Out|p1a: Milotic
|-damage|p1a: Milotic|95/100
|cant|p1a: Milotic|flinch
|
|upkeep
|turn|2
|inactive|aaronyc999 has 30 seconds left.
|inactive|yenjang has 30 seconds left.
|j| vvtest12
|inactive|aaronyc999 has 20 seconds left.
|inactive|yenjang has 20 seconds left.
|inactive|aaronyc999 has 15 seconds left.
|inactive|yenjang has 15 seconds left.
|inactive|yenjang has 10 seconds left.
|
|t:|1786190641
|switch|p1b: Sinistcha|Sinistcha, L50|100/100
|-heal|p1a: Milotic|100/100|[from] ability: Hospitality|[of] p1b: Sinistcha
|detailschange|p2a: Raichu|Raichu-Mega-Y, L50, M, shiny
|-mega|p2a: Raichu|Raichu|Raichunite Y
|move|p1a: Milotic|Protect|p1a: Milotic
|-singleturn|p1a: Milotic|Protect
|move|p2a: Raichu|Zap Cannon|p1a: Milotic
|-activate|p1a: Milotic|move: Protect
|move|p2b: Staraptor|Dual Wingbeat|p1b: Sinistcha
|-supereffective|p1b: Sinistcha|1
|-damage|p1b: Sinistcha|72/100
|-supereffective|p1b: Sinistcha|1
|-damage|p1b: Sinistcha|47/100
|-hitcount|p1b: Sinistcha|2
|
|upkeep
|turn|3
|inactive|aaronyc999 has 30 seconds left.
|inactive|yenjang has 30 seconds left.
|inactive|aaronyc999 has 20 seconds left.
|inactive|yenjang has 20 seconds left.
|inactive|aaronyc999 has 15 seconds left.
|inactive|yenjang has 15 seconds left.
|inactive|aaronyc999 has 10 seconds left.
|inactive|yenjang has 10 seconds left.
|
|t:|1786190688
|move|p1b: Sinistcha|Rage Powder|p1b: Sinistcha
|-singleturn|p1b: Sinistcha|move: Rage Powder
|move|p2a: Raichu|Zap Cannon|p1b: Sinistcha
|-resisted|p1b: Sinistcha|1
|-damage|p1b: Sinistcha|16/100
|-status|p1b: Sinistcha|par
|move|p2b: Staraptor|Dual Wingbeat|p1b: Sinistcha
|-supereffective|p1b: Sinistcha|1
|-damage|p1b: Sinistcha|0 fnt
|faint|p1b: Sinistcha
|-hitcount|p1: Sinistcha|1
|move|p1a: Milotic|Icy Wind|p2b: Staraptor|[spread] p2a,p2b
|-supereffective|p2b: Staraptor|1
|-damage|p2a: Raichu|72/100
|-damage|p2b: Staraptor|45/100
|-unboost|p2a: Raichu|spe|1
|-unboost|p2b: Staraptor|spe|1
|
|upkeep
|
|t:|1786190704
|switch|p1b: Staraptor|Staraptor, L50, M|100/100
|-ability|p1b: Staraptor|Intimidate|boost
|-unboost|p2a: Raichu|atk|1
|-unboost|p2b: Staraptor|atk|1
|turn|4
|inactive|aaronyc999 has 30 seconds left.
|
|t:|1786190731
|detailschange|p1b: Staraptor|Staraptor-Mega, L50, M
|-mega|p1b: Staraptor|Staraptor|Staraptite
|move|p2a: Raichu|Protect|p2a: Raichu
|-singleturn|p2a: Raichu|Protect
|move|p1b: Staraptor|Close Combat|p2a: Raichu
|-activate|p2a: Raichu|move: Protect
|move|p1a: Milotic|Scald|p2a: Raichu
|-activate|p2a: Raichu|move: Protect
|move|p2b: Staraptor|Tailwind|p2b: Staraptor
|-sidestart|p2: yenjang|move: Tailwind
|
|upkeep
|turn|5
|inactive|aaronyc999 has 30 seconds left.
|inactive|yenjang has 30 seconds left.
|inactive|yenjang has 20 seconds left.
|inactive|yenjang has 15 seconds left.
|inactive|yenjang has 10 seconds left.
|
|t:|1786190777
|move|p1b: Staraptor|Protect|p1b: Staraptor
|-singleturn|p1b: Staraptor|Protect
|move|p2a: Raichu|Zap Cannon|p1a: Milotic
|-supereffective|p1a: Milotic|1
|-damage|p1a: Milotic|17/100
|-status|p1a: Milotic|par
|-enditem|p1a: Milotic|Sitrus Berry|[eat]
|-heal|p1a: Milotic|42/100 par|[from] item: Sitrus Berry
|move|p2b: Staraptor|Dual Wingbeat|p1b: Staraptor
|-activate|p1b: Staraptor|move: Protect
|move|p1a: Milotic|Scald|p2a: Raichu
|-damage|p2a: Raichu|0 fnt
|faint|p2a: Raichu
|
|upkeep
|
|t:|1786190795
|switch|p2a: Arcanine|Arcanine-Hisui, L50, M, shiny|100/100
|turn|6
|inactive|aaronyc999 has 30 seconds left.
|inactive|yenjang has 30 seconds left.
|
|t:|1786190822
|switch|p2b: Kingambit|Kingambit, L50, M, shiny|100/100
|move|p1a: Milotic|Protect|p1a: Milotic
|-singleturn|p1a: Milotic|Protect
|move|p2a: Arcanine|Head Smash|p1b: Staraptor
|-damage|p1b: Staraptor|22/100
|move|p1b: Staraptor|Close Combat|p2a: Arcanine
|-supereffective|p2a: Arcanine|1
|-enditem|p2a: Arcanine|Focus Sash
|-damage|p2a: Arcanine|1/100
|-boost|p1b: Staraptor|def|1
|-boost|p1b: Staraptor|spd|1
|
|upkeep
|turn|7
|inactive|aaronyc999 has 30 seconds left.
|inactive|yenjang has 30 seconds left.
|inactive|yenjang has 20 seconds left.
|inactive|yenjang has 15 seconds left.
|
|t:|1786190862
|move|p1b: Staraptor|Protect|p1b: Staraptor
|-singleturn|p1b: Staraptor|Protect
|move|p2b: Kingambit|Sucker Punch|p1a: Milotic
|-damage|p1a: Milotic|0 fnt
|faint|p1a: Milotic
|-damage|p2b: Kingambit|90/100|[from] item: Life Orb
|move|p2a: Arcanine|Head Smash|p1b: Staraptor
|-activate|p1b: Staraptor|move: Protect
|
|-sideend|p2: yenjang|move: Tailwind
|upkeep
|
|t:|1786190872
|switch|p1a: Tyranitar|Tyranitar, L50, M|100/100
|-weather|Sandstorm|[from] ability: Sand Stream|[of] p1a: Tyranitar
|turn|8
|inactive|yenjang has 30 seconds left.
|inactive|yenjang has 20 seconds left.
|inactive|yenjang has 15 seconds left.
|
|t:|1786190915
|move|p2b: Kingambit|Protect|p2b: Kingambit
|-singleturn|p2b: Kingambit|Protect
|move|p2a: Arcanine|Extreme Speed|p1b: Staraptor
|-damage|p1b: Staraptor|5/100
|move|p1b: Staraptor|Tailwind|p1b: Staraptor
|-sidestart|p1: aaronyc999|move: Tailwind
|move|p1a: Tyranitar|Rock Slide|p2a: Arcanine|[spread] p2a
|-activate|p2b: Kingambit|move: Protect
|-supereffective|p2a: Arcanine|1
|-damage|p2a: Arcanine|0 fnt
|faint|p2a: Arcanine
|
|-weather|Sandstorm|[upkeep]
|-damage|p1b: Staraptor|0 fnt|[from] Sandstorm
|faint|p1b: Staraptor
|upkeep
|
|t:|1786190930
|switch|p2a: Staraptor|Staraptor, L50, M, shiny|45/100
|-ability|p2a: Staraptor|Intimidate|boost
|-unboost|p1a: Tyranitar|atk|1
|turn|9
|j| strye
|inactive|yenjang has 30 seconds left.
|inactive|yenjang has 20 seconds left.
|inactive|yenjang has 15 seconds left.
|inactive|yenjang has 10 seconds left.
|
|t:|1786190976
|move|p1a: Tyranitar|Rock Slide|p2a: Staraptor|[spread] p2a,p2b
|-supereffective|p2a: Staraptor|1
|-resisted|p2b: Kingambit|1
|-damage|p2a: Staraptor|3/100
|-damage|p2b: Kingambit|83/100
|move|p2a: Staraptor|Close Combat|p1a: Tyranitar
|-supereffective|p1a: Tyranitar|2
|-damage|p1a: Tyranitar|0 fnt
|-unboost|p2a: Staraptor|def|1
|-unboost|p2a: Staraptor|spd|1
|faint|p1a: Tyranitar
|
|win|yenjang
|inactive|aaronyc999 has 30 seconds to confirm battle start!
|inactive|yenjang has 30 seconds to confirm battle start!
||yenjang is ready for game 2.
|inactive|aaronyc999 has 20 seconds to confirm battle start!
|l| strye
|inactive|aaronyc999 has 10 seconds to confirm battle start!
|l|вҳҶaaronyc999
|player|p1|
|uhtml|next|Next: Game 2 of 3
|j| strye
|l| strye
|j| winsomelosealot
|l| winsomelosealot
|l| nanahachisan
|l| 86test
|l| vvtest12
|j| LaserDedenee
|j| nanahachisan
|l| LaserDedenee
