|j|☆pressinblades
|j|☆Furyr
|html|pressinbladesFuryr    
|uhtml|bestof|Game 2 of a best-of-3
|t:|1783618106
|gametype|doubles
|player|p1|pressinblades|steven|1216
|player|p2|Furyr|byron|1176
|gen|9
|tier|[Gen 9 Champions] VGC 2026 Reg M-B (Bo3)
|rated|
|rule|Species Clause: Limit one of each Pokémon
|rule|Item Clause: Limit 1 of each item
|clearpoke
|poke|p1|Talonflame, L50, M, shiny|
|poke|p1|Garchomp, L50, F, shiny|
|poke|p1|Maushold, L50|
|poke|p1|Gardevoir, L50, M, shiny|
|poke|p1|Incineroar, L50, F, shiny|
|poke|p1|Torkoal, L50, M|
|poke|p2|Blaziken, L50, M|
|poke|p2|Kingambit, L50, M|
|poke|p2|Basculegion, L50, M|
|poke|p2|Torkoal, L50, M|
|poke|p2|Sylveon, L50, F|
|poke|p2|Aerodactyl, L50, M|
|teampreview|4
|showteam|p1|Talonflame||SharpBeak|GaleWings|Protect,Tailwind,DualWingbeat,WillOWisp|Naive||M|||50|]Garchomp||LifeOrb|SandVeil|Protect,RockSlide,Earthquake,DragonTail|Jolly||F|||50|]Maushold||FocusSash|FriendGuard|Protect,FollowMe,SuperFang,Encore|Timid|||||50|]Gardevoir||Gardevoirite|Telepathy|Protect,TrickRoom,HyperVoice,Psyshock|Modest||M|||50|]Incineroar||SitrusBerry|Intimidate|FakeOut,ThroatChop,PartingShot,FlareBlitz|Careful||F|||50|]Torkoal||WhiteHerb|Drought|Protect,Overheat,RockTomb,HeatWave|Quiet||M|||50|
|showteam|p2|Blaziken||Blazikenite|SpeedBoost|FlareBlitz,Protect,CloseCombat,RockSlide|Adamant||M|||50|]Kingambit||LifeOrb|Defiant|SuckerPunch,KowtowCleave,IronHead,Protect|Adamant||M|||50|]Basculegion||FocusSash|Adaptability|Liquidation,AquaJet,LastRespects,Protect|Adamant||M|||50|]Torkoal||Leftovers|Drought|EarthPower,Protect,Yawn,WeatherBall|Relaxed||M|||50|]Sylveon||FairyFeather|Pixilate|HyperVoice,Moonblast,QuickAttack,Detect|Modest||F|||50|]Aerodactyl||Aerodactylite|Unnerve|DualWingbeat,RockSlide,Tailwind,IceFang|Jolly||M|||50|
|inactive|Battle timer is ON: inactive players will automatically lose when time's up. (requested by Furyr)
|inactive|pressinblades has 60 seconds left.
|
|t:|1783618138
|teamsize|p1|4
|teamsize|p2|4
|start
|switch|p1a: Talonflame|Talonflame, L50, M, shiny|100/100
|switch|p1b: Garchomp|Garchomp, L50, F, shiny|100/100
|switch|p2a: Kingambit|Kingambit, L50, M|100/100
|switch|p2b: Aerodactyl|Aerodactyl, L50, M|100/100
|-ability|p2b: Aerodactyl|Unnerve
|turn|1
|
|t:|1783618155
|detailschange|p2b: Aerodactyl|Aerodactyl-Mega, L50, M
|-mega|p2b: Aerodactyl|Aerodactyl|Aerodactylite
|move|p1b: Garchomp|Protect|p1b: Garchomp
|-singleturn|p1b: Garchomp|Protect
|move|p2a: Kingambit|Protect|p2a: Kingambit
|-singleturn|p2a: Kingambit|Protect
|move|p2b: Aerodactyl|Ice Fang|p1b: Garchomp
|-activate|p1b: Garchomp|move: Protect
|move|p1a: Talonflame|Will-O-Wisp|p2a: Kingambit
|-activate|p2a: Kingambit|move: Protect
|
|upkeep
|turn|2
|inactive|pressinblades has 30 seconds left.
|inactive|Furyr has 30 seconds left.
|
|t:|1783618189
|switch|p2a: Sylveon|Sylveon, L50, F|100/100
|move|p1a: Talonflame|Tailwind|p1a: Talonflame
|-sidestart|p1: pressinblades|move: Tailwind
|move|p1b: Garchomp|Rock Slide|p2a: Sylveon|[spread] p2a,p2b
|-supereffective|p2b: Aerodactyl|1
|-damage|p2a: Sylveon|71/100
|-damage|p2b: Aerodactyl|34/100
|-damage|p1b: Garchomp|90/100|[from] item: Life Orb
|move|p2b: Aerodactyl|Rock Slide|p1b: Garchomp|[spread] p1a,p1b
|-supereffective|p1a: Talonflame|2
|-resisted|p1b: Garchomp|1
|-damage|p1a: Talonflame|0 fnt
|-damage|p1b: Garchomp|77/100
|faint|p1a: Talonflame
|
|upkeep
|
|t:|1783618203
|switch|p1a: Gardevoir|Gardevoir, L50, M, shiny|100/100
|turn|3
|inactive|pressinblades has 30 seconds left.
|
|t:|1783618229
|detailschange|p1a: Gardevoir|Gardevoir-Mega, L50, M, shiny
|-mega|p1a: Gardevoir|Gardevoir|Gardevoirite
|move|p2a: Sylveon|Detect|p2a: Sylveon
|-singleturn|p2a: Sylveon|Protect
|move|p1b: Garchomp|Rock Slide|p2a: Sylveon|[spread] p2b
|-activate|p2a: Sylveon|move: Protect
|-supereffective|p2b: Aerodactyl|1
|-damage|p2b: Aerodactyl|0 fnt
|faint|p2b: Aerodactyl
|-damage|p1b: Garchomp|67/100|[from] item: Life Orb
|move|p1a: Gardevoir|Hyper Voice|p2a: Sylveon
|-activate|p2a: Sylveon|move: Protect
|
|upkeep
|inactive|Furyr has 30 seconds left.
|
|t:|1783618255
|switch|p2b: Kingambit|Kingambit, L50, M|100/100
|turn|4
|
|t:|1783618274
|move|p1b: Garchomp|Protect|p1b: Garchomp
|-singleturn|p1b: Garchomp|Protect
|move|p2b: Kingambit|Protect|p2b: Kingambit
|-singleturn|p2b: Kingambit|Protect
|move|p2a: Sylveon|Quick Attack|p1b: Garchomp
|-activate|p1b: Garchomp|move: Protect
|move|p1a: Gardevoir|Psyshock|p2a: Sylveon
|-damage|p2a: Sylveon|8/100
|
|upkeep
|turn|5
|inactive|pressinblades has 30 seconds left.
|inactive|pressinblades has 20 seconds left.
|inactive|Furyr has 30 seconds left.
|inactive|pressinblades has 15 seconds left.
|inactive|pressinblades has 10 seconds left.
|inactive|pressinblades has 5 seconds left.
|
|t:|1783618326
|move|p2b: Kingambit|Protect||[still]
|-fail|p2b: Kingambit
|move|p2a: Sylveon|Quick Attack|p1b: Garchomp
|-supereffective|p1b: Garchomp|1
|-damage|p1b: Garchomp|38/100
|move|p1b: Garchomp|Earthquake|p2b: Kingambit|[spread] p1a,p2a,p2b
|-supereffective|p2b: Kingambit|1
|-damage|p1a: Gardevoir|36/100
|-damage|p2a: Sylveon|0 fnt
|-damage|p2b: Kingambit|25/100
|faint|p2a: Sylveon
|-damage|p1b: Garchomp|29/100|[from] item: Life Orb
|move|p1a: Gardevoir|Hyper Voice|p2b: Kingambit
|-damage|p2b: Kingambit|0 fnt
|faint|p2b: Kingambit
|
|-sideend|p1: pressinblades|move: Tailwind
|upkeep
|
|t:|1783618340
|switch|p2a: Basculegion|Basculegion, L50, M|100/100
|turn|6
|inactive|pressinblades has 30 seconds left.
|inactive|pressinblades has 20 seconds left.
|inactive|pressinblades has 15 seconds left.
|inactive|pressinblades has 10 seconds left.
|inactive|pressinblades has 5 seconds left.
|
|t:|1783618394
|move|p2a: Basculegion|Aqua Jet|p1b: Garchomp
|-damage|p1b: Garchomp|1/100
|move|p1b: Garchomp|Earthquake|p2a: Basculegion|[spread] p1a,p2a
|-damage|p1a: Gardevoir|0 fnt
|-damage|p2a: Basculegion|35/100
|faint|p1a: Gardevoir
|-damage|p1b: Garchomp|0 fnt|[from] item: Life Orb
|faint|p1b: Garchomp
|
|upkeep
|c|☆pressinblades|omg
|c|☆pressinblades|i just blew it
|
|t:|1783618411
|switch|p1b: Incineroar|Incineroar, L50, F, shiny|100/100
|-ability|p1b: Incineroar|Intimidate|boost
|-unboost|p2a: Basculegion|atk|1
|turn|7
|
|t:|1783618418
|move|p2a: Basculegion|Liquidation|p1b: Incineroar
|-supereffective|p1b: Incineroar|1
|-damage|p1b: Incineroar|24/100
|-enditem|p1b: Incineroar|Sitrus Berry|[eat]
|-heal|p1b: Incineroar|49/100|[from] item: Sitrus Berry
|move|p1b: Incineroar|Throat Chop|p2a: Basculegion
|-supereffective|p2a: Basculegion|1
|-damage|p2a: Basculegion|0 fnt
|faint|p2a: Basculegion
|
|win|pressinblades
|l|☆Furyr
|player|p2|
|c|☆pressinblades|thank god
||Furyr is ready for game 3.
