|j|☆is_katabo
|j|☆dontaskwhaticook
|html|is_katabodontaskwhaticook    
|uhtml|bestof|Game 2 of a best-of-3
|t:|1757780937
|gametype|doubles
|player|p1|is_katabo|101|
|player|p2|dontaskwhaticook|colress|
|gen|9
|tier|[Gen 9] VGC 2025 Reg H (Bo3)
|rule|Species Clause: Limit one of each Pokémon
|rule|Item Clause: Limit 1 of each item
|clearpoke
|poke|p1|Incineroar, L50, F|
|poke|p1|Sneasler, L50, F|
|poke|p1|Amoonguss, L50, M|
|poke|p1|Pelipper, L50, M|
|poke|p1|Archaludon, L50, M|
|poke|p1|Dragonite, L50, F|
|poke|p2|Ludicolo, L50, M|
|poke|p2|Pelipper, L50, F|
|poke|p2|Incineroar, L50, F|
|poke|p2|Ursaluna-Bloodmoon, L50, M|
|poke|p2|Amoonguss, L50, M|
|poke|p2|Archaludon, L50, F|
|teampreview|4
|showteam|p1|Incineroar||SafetyGoggles|Intimidate|FakeOut,KnockOff,FlareBlitz,PartingShot|||F|||50|,,,,,Ghost]Sneasler||WhiteHerb|Unburden|DireClaw,CloseCombat,ThroatChop,Protect|||F|||50|,,,,,Stellar]Amoonguss||SitrusBerry|Regenerator|PollenPuff,RagePowder,Spore,Protect|||M|||50|,,,,,Psychic]Pelipper||FocusSash|Drizzle|WeatherBall,Hurricane,Tailwind,Protect|||M|||50|,,,,,Ghost]Archaludon||AssaultVest|Stamina|ElectroShot,FlashCannon,DracoMeteor,BodyPress|||M|||50|,,,,,Bug]Dragonite||LoadedDice|Multiscale|ScaleShot,Tailwind,Haze,Protect|||F|||50|,,,,,Steel
|showteam|p2|Ludicolo||LifeOrb|SwiftSwim|WeatherBall,MuddyWater,LeafStorm,Protect|||M|||50|,,,,,Water]Pelipper||FocusSash|Drizzle|WeatherBall,Hurricane,Tailwind,Protect|||F|||50|,,,,,Ghost]Incineroar||SafetyGoggles|Intimidate|FakeOut,KnockOff,PartingShot,Taunt|||F|||50|,,,,,Ghost]Ursaluna-Bloodmoon||AssaultVest|MindsEye|BloodMoon,HyperVoice,EarthPower,VacuumWave|||M|||50|,,,,,Grass]Amoonguss||SitrusBerry|Regenerator|Spore,ClearSmog,RagePowder,Protect|||M|||50|,,,,,Fairy]Archaludon||PowerHerb|Sturdy|ElectroShot,DragonPulse,FlashCannon,Protect|||F|||50|,,,,,Electric
|
|t:|1757780984
|teamsize|p1|4
|teamsize|p2|4
|start
|switch|p1a: BRAT|Sneasler, L50, F|100/100
|switch|p1b: Supernova|Dragonite, L50, F|100/100
|switch|p2a: Ursaluna|Ursaluna-Bloodmoon, L50, M|100/100
|switch|p2b: Amoonguss|Amoonguss, L50, M|100/100
|turn|1
|
|t:|1757781005
|switch|p1a: Immaterial|Amoonguss, L50, M, shiny|100/100
|move|p2b: Amoonguss|Rage Powder|p2b: Amoonguss
|-singleturn|p2b: Amoonguss|move: Rage Powder
|move|p1b: Supernova|Scale Shot|p2b: Amoonguss
|-damage|p2b: Amoonguss|88/100
|-damage|p2b: Amoonguss|74/100
|-damage|p2b: Amoonguss|62/100
|-damage|p2b: Amoonguss|49/100
|-enditem|p2b: Amoonguss|Sitrus Berry|[eat]
|-heal|p2b: Amoonguss|74/100|[from] item: Sitrus Berry
|-damage|p2b: Amoonguss|60/100
|-hitcount|p2b: Amoonguss|5
|-unboost|p1b: Supernova|def|1
|-boost|p1b: Supernova|spe|1
|move|p2a: Ursaluna|Earth Power|p1a: Immaterial
|-damage|p1a: Immaterial|59/100
|
|upkeep
|turn|2
|
|t:|1757781037
|switch|p1a: Wallsocket|Archaludon, L50, M, shiny|100/100
|-terastallize|p2b: Amoonguss|Fairy
|move|p2b: Amoonguss|Rage Powder|p2b: Amoonguss
|-singleturn|p2b: Amoonguss|move: Rage Powder
|move|p1b: Supernova|Scale Shot|p2b: Amoonguss
|-immune|p2b: Amoonguss
|move|p2a: Ursaluna|Hyper Voice|p1b: Supernova|[spread] p1a,p1b
|-resisted|p1a: Wallsocket
|-damage|p1a: Wallsocket|89/100
|-damage|p1b: Supernova|81/100
|-ability|p1a: Wallsocket|Stamina|boost
|-boost|p1a: Wallsocket|def|1
|
|upkeep
|turn|3
|
|t:|1757781062
|-terastallize|p1a: Wallsocket|Bug
|move|p1b: Supernova|Protect|p1b: Supernova
|-singleturn|p1b: Supernova|Protect
|move|p2b: Amoonguss|Protect|p2b: Amoonguss
|-singleturn|p2b: Amoonguss|Protect
|move|p1a: Wallsocket|Flash Cannon|p2b: Amoonguss
|-activate|p2b: Amoonguss|move: Protect
|move|p2a: Ursaluna|Earth Power|p1a: Wallsocket
|-resisted|p1a: Wallsocket
|-damage|p1a: Wallsocket|73/100
|-ability|p1a: Wallsocket|Stamina|boost
|-boost|p1a: Wallsocket|def|1
|
|upkeep
|turn|4
|inactive|Battle timer is ON: inactive players will automatically lose when time's up. (requested by is_katabo)
|
|t:|1757781125
|switch|p2b: Archaludon|Archaludon, L50, F|100/100
|move|p1b: Supernova|Scale Shot|p2a: Ursaluna
|-damage|p2a: Ursaluna|90/100
|-damage|p2a: Ursaluna|78/100
|-damage|p2a: Ursaluna|66/100
|-damage|p2a: Ursaluna|54/100
|-damage|p2a: Ursaluna|42/100
|-hitcount|p2a: Ursaluna|5
|-unboost|p1b: Supernova|def|1
|-boost|p1b: Supernova|spe|1
|move|p1a: Wallsocket|Flash Cannon|p2b: Archaludon
|-resisted|p2b: Archaludon
|-damage|p2b: Archaludon|73/100
|move|p2a: Ursaluna|Blood Moon|p1a: Wallsocket
|-damage|p1a: Wallsocket|21/100
|-ability|p1a: Wallsocket|Stamina|boost
|-boost|p1a: Wallsocket|def|1
|
|upkeep
|turn|5
|
|t:|1757781149
|switch|p2a: Amoonguss|Amoonguss, L50, M, tera:Fairy|93/100
|move|p2b: Archaludon|Protect|p2b: Archaludon
|-singleturn|p2b: Archaludon|Protect
|move|p1b: Supernova|Tailwind|p1b: Supernova
|-sidestart|p1: is_katabo|move: Tailwind
|move|p1a: Wallsocket|Body Press|p2b: Archaludon
|-activate|p2b: Archaludon|move: Protect
|
|upkeep
|turn|6
|inactive|is_katabo has 30 seconds left.
|
|t:|1757781177
|move|p1b: Supernova|Protect|p1b: Supernova
|-singleturn|p1b: Supernova|Protect
|move|p2a: Amoonguss|Rage Powder|p2a: Amoonguss
|-singleturn|p2a: Amoonguss|move: Rage Powder
|move|p1a: Wallsocket|Flash Cannon|p2a: Amoonguss
|-supereffective|p2a: Amoonguss
|-damage|p2a: Amoonguss|43/100
|move|p2b: Archaludon|Electro Shot||[still]
|-prepare|p2b: Archaludon|Electro Shot
|-boost|p2b: Archaludon|spa|1
|-enditem|p2b: Archaludon|Power Herb
|-anim|p2b: Archaludon|Electro Shot|p1a: Wallsocket
|-damage|p1a: Wallsocket|0 fnt
|faint|p1a: Wallsocket
|
|upkeep
|
|t:|1757781188
|switch|p1a: BRAT|Sneasler, L50, F|100/100
|turn|7
|inactive|dontaskwhaticook has 30 seconds left.
|inactive|dontaskwhaticook has 20 seconds left.
|inactive|dontaskwhaticook has 15 seconds left.
|
|t:|1757781233
|switch|p2a: Pelipper|Pelipper, L50, F|100/100
|-weather|RainDance|[from] ability: Drizzle|[of] p2a: Pelipper
|move|p2b: Archaludon|Protect|p2b: Archaludon
|-singleturn|p2b: Archaludon|Protect
|move|p1b: Supernova|Haze|p1b: Supernova
|-clearallboost
|move|p1a: BRAT|Dire Claw|p2a: Pelipper
|-damage|p2a: Pelipper|51/100
|
|-weather|RainDance|[upkeep]
|upkeep
|turn|8
|inactive|dontaskwhaticook has 30 seconds left.
|inactive|dontaskwhaticook has 20 seconds left.
|inactive|dontaskwhaticook has 15 seconds left.
|inactive|dontaskwhaticook has 10 seconds left.
|
|t:|1757781281
|switch|p2b: Amoonguss|Amoonguss, L50, M, tera:Fairy|76/100
|move|p2a: Pelipper|Protect|p2a: Pelipper
|-singleturn|p2a: Pelipper|Protect
|move|p1a: BRAT|Dire Claw|p2b: Amoonguss
|-supereffective|p2b: Amoonguss
|-damage|p2b: Amoonguss|10/100
|move|p1b: Supernova|Scale Shot|p2a: Pelipper
|-activate|p2a: Pelipper|move: Protect
|
|-weather|RainDance|[upkeep]
|-sideend|p1: is_katabo|move: Tailwind
|upkeep
|turn|9
|
|t:|1757781303
|switch|p2b: Ursaluna|Ursaluna-Bloodmoon, L50, M|42/100
|move|p1a: BRAT|Dire Claw|p2b: Ursaluna
|-resisted|p2b: Ursaluna
|-damage|p2b: Ursaluna|28/100
|-status|p2b: Ursaluna|slp
|move|p1b: Supernova|Scale Shot|p2a: Pelipper|[miss]
|-miss|p1b: Supernova|p2a: Pelipper
|move|p2a: Pelipper|Tailwind|p2a: Pelipper
|-sidestart|p2: dontaskwhaticook|move: Tailwind
|
|-weather|RainDance|[upkeep]
|upkeep
|turn|10
|inactive|dontaskwhaticook has 30 seconds left.
|
|t:|1757781337
|move|p1a: BRAT|Protect|p1a: BRAT
|-singleturn|p1a: BRAT|Protect
|move|p2a: Pelipper|Hurricane|p1b: Supernova
|-damage|p1b: Supernova|28/100
|-start|p1b: Supernova|confusion
|cant|p2b: Ursaluna|slp
|-activate|p1b: Supernova|confusion
|move|p1b: Supernova|Tailwind|p1b: Supernova
|-sidestart|p1: is_katabo|move: Tailwind
|
|-weather|RainDance|[upkeep]
|upkeep
|turn|11
|inactive|dontaskwhaticook has 30 seconds left.
|
|t:|1757781366
|switch|p2a: Archaludon|Archaludon, L50, F|73/100
|move|p1a: BRAT|Close Combat|p2b: Ursaluna
|-supereffective|p2b: Ursaluna
|-damage|p2b: Ursaluna|0 fnt
|-unboost|p1a: BRAT|def|1
|-unboost|p1a: BRAT|spd|1
|faint|p2b: Ursaluna
|-enditem|p1a: BRAT|White Herb
|-clearnegativeboost|p1a: BRAT|[silent]
|-activate|p1b: Supernova|confusion
|move|p1b: Supernova|Scale Shot|p2a: Archaludon|[miss]
|-miss|p1b: Supernova|p2a: Archaludon
|
|-weather|none
|upkeep
|
|t:|1757781387
|switch|p2b: Amoonguss|Amoonguss, L50, M, tera:Fairy|43/100
|turn|12
|
|t:|1757781398
|move|p2b: Amoonguss|Protect|p2b: Amoonguss
|-singleturn|p2b: Amoonguss|Protect
|move|p1a: BRAT|Dire Claw|p2b: Amoonguss
|-activate|p2b: Amoonguss|move: Protect
|move|p2a: Archaludon|Dragon Pulse|p1b: Supernova
|-supereffective|p1b: Supernova
|-damage|p1b: Supernova|0 fnt
|faint|p1b: Supernova
|
|-sideend|p2: dontaskwhaticook|move: Tailwind
|upkeep
|
|t:|1757781407
|switch|p1b: Immaterial|Amoonguss, L50, M, shiny|92/100
|turn|13
|
|t:|1757781430
|switch|p2a: Pelipper|Pelipper, L50, F|51/100
|-weather|RainDance|[from] ability: Drizzle|[of] p2a: Pelipper
|move|p1a: BRAT|Dire Claw|p2b: Amoonguss
|-supereffective|p2b: Amoonguss
|-damage|p2b: Amoonguss|0 fnt
|faint|p2b: Amoonguss
|move|p1b: Immaterial|Spore|p2a: Pelipper
|-status|p2a: Pelipper|slp|[from] move: Spore
|
|-weather|RainDance|[upkeep]
|-sideend|p1: is_katabo|move: Tailwind
|upkeep
|
|t:|1757781439
|switch|p2b: Archaludon|Archaludon, L50, F|73/100
|turn|14
|
|t:|1757781446
|move|p1a: BRAT|Dire Claw|p2a: Pelipper
|-damage|p2a: Pelipper|0 fnt
|faint|p2a: Pelipper
|move|p2b: Archaludon|Electro Shot||[still]
|-prepare|p2b: Archaludon|Electro Shot
|-boost|p2b: Archaludon|spa|1
|-anim|p2b: Archaludon|Electro Shot|p1a: BRAT
|-damage|p1a: BRAT|6/100
|move|p1b: Immaterial|Spore|p2b: Archaludon
|-status|p2b: Archaludon|slp|[from] move: Spore
|
|-weather|RainDance|[upkeep]
|upkeep
|turn|15
|
|t:|1757781462
|cant|p2b: Archaludon|slp
|move|p1b: Immaterial|Rage Powder|p1b: Immaterial
|-singleturn|p1b: Immaterial|move: Rage Powder
|move|p1a: BRAT|Close Combat|p2b: Archaludon
|-supereffective|p2b: Archaludon
|-damage|p2b: Archaludon|0 fnt
|-unboost|p1a: BRAT|def|1
|-unboost|p1a: BRAT|spd|1
|faint|p2b: Archaludon
|
|win|is_katabo
|c|☆is_katabo|gg
