|j|☆markknight05
|j|☆testdigi
|html|markknight05testdigi    
|uhtml|bestof|Game 3 of a best-of-3
|t:|1784218865
|gametype|doubles
|player|p1|markknight05|101|1098
|player|p2|testdigi|1|1076
|gen|9
|tier|[Gen 9 Champions] VGC 2026 Reg M-B (Bo3)
|rated|
|rule|Species Clause: Limit one of each Pokémon
|rule|Item Clause: Limit 1 of each item
|clearpoke
|poke|p1|Raichu, L50, M|
|poke|p1|Ceruledge, L50, M|
|poke|p1|Milotic, L50, F|
|poke|p1|Weavile, L50, M|
|poke|p1|Sinistcha, L50|
|poke|p1|Scolipede, L50, F|
|poke|p2|Sneasler, L50, M|
|poke|p2|Delphox, L50, F, shiny|
|poke|p2|Kingambit, L50, M, shiny|
|poke|p2|Sinistcha, L50|
|poke|p2|Incineroar, L50, M|
|poke|p2|Blastoise, L50, M|
|teampreview|4
|showteam|p1|Raichu||RaichuniteY|LightningRod|ZapCannon,FocusBlast,Protect,FakeOut|Timid||M|||50|]Ceruledge||ColburBerry|FlashFire|BitterBlade,ShadowSneak,BulkUp,Protect|Adamant||M|||50|]Milotic||Leftovers|Competitive|Coil,MuddyWater,Hypnosis,Protect|Calm||F|||50|]Weavile||FocusSash|Pickpocket|TripleAxel,KnockOff,FakeOut,LowKick|Jolly||M|||50|]Sinistcha||KasibBerry|Hospitality|LifeDew,RagePowder,Protect,MatchaGotcha|Relaxed|||||50|]Scolipede||Scolipite|SpeedBoost|SwordsDance,Protect,PoisonJab,LeechLife|Jolly||F|||50|
|showteam|p2|Sneasler||FocusSash|PoisonTouch|PoisonJab,QuickGuard,CloseCombat,FakeOut|Jolly||M|||50|]Delphox||Delphoxite|Blaze|HeatWave,Psychic,NastyPlot,Protect|Timid||F|||50|]Kingambit||LifeOrb|Defiant|KowtowCleave,SuckerPunch,SwordsDance,Protect|Adamant||M|||50|]Sinistcha||ColburBerry|Hospitality|MatchaGotcha,RagePowder,TrickRoom,Protect|Bold|||||50|]Incineroar||SitrusBerry|Intimidate|FlareBlitz,HelpingHand,PartingShot,FakeOut|Impish||M|||50|]Blastoise||Blastoisinite|RainDish|WaterSpout,DarkPulse,ShellSmash,Protect|Modest||M|||50|
|
|t:|1784218902
|teamsize|p1|4
|teamsize|p2|4
|start
|switch|p1a: Raichu|Raichu, L50, M|100/100
|switch|p1b: Weavile|Weavile, L50, M|100/100
|switch|p2a: Sneasler|Sneasler, L50, M|100/100
|switch|p2b: Kingambit|Kingambit, L50, M, shiny|100/100
|turn|1
|inactive|Battle timer is ON: inactive players will automatically lose when time's up. (requested by markknight05)
|
|t:|1784218933
|detailschange|p1a: Raichu|Raichu-Mega-Y, L50, M
|-mega|p1a: Raichu|Raichu|Raichunite Y
|move|p2b: Kingambit|Protect|p2b: Kingambit
|-singleturn|p2b: Kingambit|Protect
|move|p1b: Weavile|Fake Out|p2b: Kingambit
|-activate|p2b: Kingambit|move: Protect
|move|p1a: Raichu|Fake Out|p2a: Sneasler
|-damage|p2a: Sneasler|84/100
|cant|p2a: Sneasler|flinch
|
|upkeep
|turn|2
|
|t:|1784218955
|switch|p2b: Sinistcha|Sinistcha, L50|100/100
|-heal|p2a: Sneasler|100/100|[from] ability: Hospitality|[of] p2b: Sinistcha
|move|p1b: Weavile|Low Kick|p2b: Sinistcha
|-immune|p2b: Sinistcha
|move|p1a: Raichu|Zap Cannon|p2a: Sneasler
|-damage|p2a: Sneasler|7/100
|-status|p2a: Sneasler|par
|move|p2a: Sneasler|Close Combat|p1a: Raichu
|-damage|p1a: Raichu|8/100
|-unboost|p2a: Sneasler|def|1
|-unboost|p2a: Sneasler|spd|1
|
|upkeep
|turn|3
|inactive|testdigi has 30 seconds left.
|
|t:|1784218982
|switch|p1a: Milotic|Milotic, L50, F|100/100
|move|p2b: Sinistcha|Protect|p2b: Sinistcha
|-singleturn|p2b: Sinistcha|Protect
|move|p1b: Weavile|Knock Off|p2a: Sneasler
|-resisted|p2a: Sneasler|1
|-damage|p2a: Sneasler|0 fnt
|-enditem|p2a: Sneasler|Focus Sash|[from] move: Knock Off|[of] p1b: Weavile
|faint|p2a: Sneasler
|
|upkeep
|
|t:|1784218992
|switch|p2a: Kingambit|Kingambit, L50, M, shiny|100/100
|turn|4
|
|t:|1784219006
|move|p2b: Sinistcha|Rage Powder|p2b: Sinistcha
|-singleturn|p2b: Sinistcha|move: Rage Powder
|move|p1b: Weavile|Triple Axel|p2b: Sinistcha
|-supereffective|p2b: Sinistcha|1
|-damage|p2b: Sinistcha|83/100
|-supereffective|p2b: Sinistcha|1
|-damage|p2b: Sinistcha|49/100
|-supereffective|p2b: Sinistcha|1
|-damage|p2b: Sinistcha|2/100
|-hitcount|p2b: Sinistcha|3
|move|p1a: Milotic|Coil|p1a: Milotic
|-boost|p1a: Milotic|atk|1
|-boost|p1a: Milotic|def|1
|-boost|p1a: Milotic|accuracy|1
|move|p2a: Kingambit|Swords Dance|p2a: Kingambit
|-boost|p2a: Kingambit|atk|2
|
|upkeep
|turn|5
|
|t:|1784219030
|move|p1a: Milotic|Protect|p1a: Milotic
|-singleturn|p1a: Milotic|Protect
|move|p2b: Sinistcha|Rage Powder|p2b: Sinistcha
|-singleturn|p2b: Sinistcha|move: Rage Powder
|move|p1b: Weavile|Knock Off|p2b: Sinistcha
|-supereffective|p2b: Sinistcha|1
|-enditem|p2b: Sinistcha|Colbur Berry|[eat]
|-enditem|p2b: Sinistcha|Colbur Berry|[weaken]
|-damage|p2b: Sinistcha|0 fnt
|faint|p2b: Sinistcha
|move|p2a: Kingambit|Kowtow Cleave|p1a: Milotic
|-activate|p1a: Milotic|move: Protect
|
|upkeep
|
|t:|1784219034
|switch|p2b: Blastoise|Blastoise, L50, M|100/100
|turn|6
|
|t:|1784219050
|detailschange|p2b: Blastoise|Blastoise-Mega, L50, M
|-mega|p2b: Blastoise|Blastoise|Blastoisinite
|move|p2b: Blastoise|Protect|p2b: Blastoise
|-singleturn|p2b: Blastoise|Protect
|move|p1b: Weavile|Low Kick|p2a: Kingambit
|-supereffective|p2a: Kingambit|2
|-damage|p2a: Kingambit|1/100
|move|p1a: Milotic|Hypnosis|p2b: Blastoise
|-activate|p2b: Blastoise|move: Protect
|move|p2a: Kingambit|Swords Dance|p2a: Kingambit
|-boost|p2a: Kingambit|atk|2
|
|upkeep
|turn|7
|
|t:|1784219072
|move|p2a: Kingambit|Sucker Punch|p1b: Weavile
|-resisted|p1b: Weavile|1
|-enditem|p1b: Weavile|Focus Sash
|-damage|p1b: Weavile|1/100
|-enditem|p2a: Kingambit|Life Orb|[silent]|[from] ability: Pickpocket|[of] p2a: Kingambit
|-item|p1b: Weavile|Life Orb|[from] ability: Pickpocket|[of] p2a: Kingambit
|move|p1b: Weavile|Low Kick|p2a: Kingambit
|-supereffective|p2a: Kingambit|2
|-damage|p2a: Kingambit|0 fnt
|faint|p2a: Kingambit
|-damage|p1b: Weavile|0 fnt|[from] item: Life Orb
|faint|p1b: Weavile
|move|p2b: Blastoise|Dark Pulse|p1a: Milotic
|-damage|p1a: Milotic|69/100
|move|p1a: Milotic|Hypnosis|p2b: Blastoise
|-status|p2b: Blastoise|slp|[from] move: Hypnosis
|
|-heal|p1a: Milotic|75/100|[from] item: Leftovers
|upkeep
|-message|testdigi forfeited.
|
|win|markknight05
