|j|☆PrawnCD
|j|☆home at last
|html|PrawnCDhome at last    
|uhtml|bestof|Game 3 of a best-of-3
|t:|1784075334
|gametype|doubles
|player|p1|PrawnCD|musician|
|player|p2|home at last|morty|
|gen|9
|tier|[Gen 9 Champions] VGC 2026 Reg M-B (Bo3)
|rule|Species Clause: Limit one of each Pokémon
|rule|Item Clause: Limit 1 of each item
|clearpoke
|poke|p1|Azumarill, L50, M, shiny|
|poke|p1|Froslass, L50, F|
|poke|p1|Meowscarada, L50, M, shiny|
|poke|p1|Incineroar, L50, F|
|poke|p1|Chandelure, L50, M, shiny|
|poke|p1|Beartic, L50, F|
|poke|p2|Gholdengo, L50|
|poke|p2|Serperior, L50, F|
|poke|p2|Tyranitar, L50, M|
|poke|p2|Staraptor, L50, F|
|poke|p2|Sableye, L50, M|
|poke|p2|Primarina, L50, M|
|teampreview|4
|showteam|p1|Azumarill||Leftovers|HugePower|PlayRough,Waterfall,BellyDrum,AquaJet|Adamant||M|||50|]Froslass||Froslassite|SnowCloak|Protect,Blizzard,AuroraVeil,ShadowBall|Timid||F|||50|]Meowscarada||MentalHerb|Protean|ToxicSpikes,FlowerTrick,KnockOff,PollenPuff|Hasty||M|||50|]Incineroar||SitrusBerry|Intimidate|FakeOut,PartingShot,Taunt,FlareBlitz|Adamant||F|||50|]Chandelure||Chandelurite|Infiltrator|HeatWave,ShadowBall,ClearSmog,Protect|Timid||M|||50|]Beartic||LifeOrb|SlushRush|IcicleCrash,CloseCombat,PlayRough,Protect|Adamant||F|||50|
|showteam|p2|Gholdengo||Leftovers|GoodasGold|MakeItRain,ShadowBall,Protect,FocusBlast|Modest|||||50|]Serperior||ChoiceScarf|Contrary|LeafStorm,DragonPulse,EnergyBall,Glare|Modest||F|||50|]Tyranitar||Tyranitarite|SandStream|RockSlide,DragonDance,Crunch,BrickBreak|Jolly||M|||50|]Staraptor||Staraptite|Intimidate|CloseCombat,BlazeKick,BraveBird,Protect|Jolly||F|||50|]Sableye||FocusSash|Prankster|Taunt,Quash,WillOWisp,LightScreen|Impish||M|||50|]Primarina||LifeOrb|LiquidVoice|CalmMind,EnergyBall,Moonblast,PsychicNoise|Bold||M|||50|
|j| frosteefromyt
|j| grandpapafish
|c|☆PrawnCD|I'm honestly doing better than I thought I would
|c|☆home at last|bro thought he was cooking
|
|t:|1784075410
|teamsize|p1|4
|teamsize|p2|4
|start
|switch|p1a: Eg|Azumarill, L50, M, shiny|100/100
|switch|p1b: Her|Incineroar, L50, F|100/100
|switch|p2a: BURNING EYES|Staraptor, L50, F|100/100
|switch|p2b: THE BLIND PROPHET|Serperior, L50, F|100/100
|-ability|p2a: BURNING EYES|Intimidate|boost
|-unboost|p1a: Eg|atk|1
|-unboost|p1b: Her|atk|1
|-ability|p1b: Her|Intimidate|boost
|-unboost|p2a: BURNING EYES|atk|1
|-boost|p2b: THE BLIND PROPHET|atk|1
|turn|1
|
|t:|1784075456
|switch|p2a: Mew Mew Magic|Primarina, L50, M|100/100
|move|p1b: Her|Fake Out|p2b: THE BLIND PROPHET
|-damage|p2b: THE BLIND PROPHET|88/100
|cant|p2b: THE BLIND PROPHET|flinch
|move|p1a: Eg|Belly Drum|p1a: Eg
|-damage|p1a: Eg|50/100g
|-setboost|p1a: Eg|atk|6|[from] move: Belly Drum
|
|-heal|p1a: Eg|56/100|[from] item: Leftovers
|upkeep
|turn|2
|
|t:|1784075491
|move|p2b: THE BLIND PROPHET|Leaf Storm|p1a: Eg
|-supereffective|p1a: Eg|1
|-damage|p1a: Eg|0 fnt
|-boost|p2b: THE BLIND PROPHET|spa|2
|faint|p1a: Eg
|move|p1b: Her|Parting Shot|p2a: Mew Mew Magic
|-unboost|p2a: Mew Mew Magic|atk|1
|-unboost|p2a: Mew Mew Magic|spa|1
|
|t:|1784075507
|switch|p1b: 1Billion Bees|Froslass, L50, F|100/100|[from] Parting Shot
|move|p2a: Mew Mew Magic|Psychic Noise|p1b: 1Billion Bees
|-damage|p1b: 1Billion Bees|52/100
|-start|p1b: 1Billion Bees|move: Heal Block
|-damage|p2a: Mew Mew Magic|90/100|[from] item: Life Orb
|
|upkeep
|
|t:|1784075522
|switch|p1a: Theater Suckz|Meowscarada, L50, M, shiny|100/100
|turn|3
|
|t:|1784075542
|detailschange|p1b: 1Billion Bees|Froslass-Mega, L50, F
|-mega|p1b: 1Billion Bees|Froslass|Froslassite
|-weather|Snowscape|[from] ability: Snow Warning|[of] p1b: 1Billion Bees
|move|p1b: 1Billion Bees|Protect|p1b: 1Billion Bees
|-singleturn|p1b: 1Billion Bees|Protect
|move|p2b: THE BLIND PROPHET|Leaf Storm|p1b: 1Billion Bees
|-activate|p1b: 1Billion Bees|move: Protect
|move|p1a: Theater Suckz|Flower Trick|p2a: Mew Mew Magic
|-start|p1a: Theater Suckz|typechange|Grass|[from] ability: Protean
|-supereffective|p2a: Mew Mew Magic|1
|-crit|p2a: Mew Mew Magic
|-damage|p2a: Mew Mew Magic|10/100
|move|p2a: Mew Mew Magic|Moonblast|p1a: Theater Suckz
|-damage|p1a: Theater Suckz|50/100g
|-damage|p2a: Mew Mew Magic|1/100|[from] item: Life Orb
|
|-weather|Snowscape|[upkeep]
|-end|p1b: 1Billion Bees|move: Heal Block
|upkeep
|turn|4
|
|t:|1784075565
|move|p2b: THE BLIND PROPHET|Leaf Storm|p1b: 1Billion Bees
|-damage|p1b: 1Billion Bees|0 fnt
|-boost|p2b: THE BLIND PROPHET|spa|2
|faint|p1b: 1Billion Bees
|move|p1a: Theater Suckz|Pollen Puff|p1: 1Billion Bees|[notarget]
|-fail|p1a: Theater Suckz
|move|p2a: Mew Mew Magic|Moonblast|p1a: Theater Suckz
|-damage|p1a: Theater Suckz|0 fnt
|faint|p1a: Theater Suckz
|-damage|p2a: Mew Mew Magic|0 fnt|[from] item: Life Orb
|faint|p2a: Mew Mew Magic
|
|-weather|Snowscape|[upkeep]
|upkeep
|c|☆PrawnCD|we bring these back
|
|t:|1784075586
|switch|p1a: Her|Incineroar, L50, F|100/100
|switch|p2a: BURNING EYES|Staraptor, L50, F|100/100
|-ability|p2a: BURNING EYES|Intimidate|boost
|-unboost|p1a: Her|atk|1
|-ability|p1a: Her|Intimidate|boost
|-unboost|p2a: BURNING EYES|atk|1
|-boost|p2b: THE BLIND PROPHET|atk|1
|turn|5
|
|t:|1784075607
|detailschange|p2a: BURNING EYES|Staraptor-Mega, L50, F
|-mega|p2a: BURNING EYES|Staraptor|Staraptite
|move|p2a: BURNING EYES|Protect|p2a: BURNING EYES
|-singleturn|p2a: BURNING EYES|Protect
|move|p1a: Her|Fake Out|p2b: THE BLIND PROPHET
|-damage|p2b: THE BLIND PROPHET|75/100
|cant|p2b: THE BLIND PROPHET|flinch
|
|-weather|Snowscape|[upkeep]
|upkeep
|turn|6
|
|t:|1784075618
|move|p2b: THE BLIND PROPHET|Leaf Storm|p1a: Her
|-resisted|p1a: Her|1
|-damage|p1a: Her|30/100
|-boost|p2b: THE BLIND PROPHET|spa|2
|-enditem|p1a: Her|Sitrus Berry|[eat]
|-heal|p1a: Her|54/100|[from] item: Sitrus Berry
|move|p2a: BURNING EYES|Close Combat|p1a: Her
|-supereffective|p1a: Her|1
|-damage|p1a: Her|0 fnt
|-boost|p2a: BURNING EYES|def|1
|-boost|p2a: BURNING EYES|spd|1
|faint|p1a: Her
|
|win|home at last
|c|☆PrawnCD|alright fine
|c|☆PrawnCD|ggs
|c|☆home at last|gg brotha
|l|☆PrawnCD
|player|p1|
|l| frosteefromyt
|l| grandpapafish
