|j|☆ClefableBot
|j|☆thecrazur
|html|ClefableBotthecrazur    
|uhtml|bestof|Game 2 of a best-of-3
|t:|1782599533
|gametype|doubles
|player|p1|ClefableBot|koga|1217
|player|p2|thecrazur|101|1184
|gen|9
|tier|[Gen 9 Champions] VGC 2026 Reg M-B (Bo3)
|rated|
|rule|Species Clause: Limit one of each Pokémon
|rule|Item Clause: Limit 1 of each item
|clearpoke
|poke|p1|Floette-Eternal, L50, F|
|poke|p1|Aerodactyl, L50, F|
|poke|p1|Garchomp, L50, F|
|poke|p1|Incineroar, L50, F|
|poke|p1|Sinistcha-Masterpiece, L50|
|poke|p1|Maushold-Four, L50|
|poke|p2|Whimsicott, L50, M|
|poke|p2|Delphox, L50, M|
|poke|p2|Kingambit, L50, F|
|poke|p2|Garchomp, L50, F|
|poke|p2|Sneasler, L50, F|
|poke|p2|Floette-Eternal, L50, F|
|teampreview|4
|showteam|p1|Floette-Eternal||Floettite|FlowerVeil|Protect,DrainingKiss,Moonblast,CalmMind|Bold||F|||50|]Aerodactyl||Aerodactylite|Unnerve|Protect,Tailwind,DualWingbeat,RockSlide|Jolly||F|||50|]Garchomp||SitrusBerry|RoughSkin|Protect,DragonClaw,StompingTantrum,RockSlide|Adamant||F|||50|]Incineroar||PasshoBerry|Intimidate|FlareBlitz,PartingShot,ThroatChop,FakeOut|Impish||F|||50|]Sinistcha-Masterpiece||KasibBerry|Hospitality|Protect,RagePowder,MatchaGotcha,LifeDew|Bold|||||50|]Maushold-Four||FocusSash|FriendGuard|Protect,FollowMe,SuperFang,Feint|Timid|||||50|
|showteam|p2|Whimsicott||FocusSash|Prankster|WorrySeed,Moonblast,Protect,Tailwind|Timid||M|||50|]Delphox||Delphoxite|Blaze|NastyPlot,Protect,HeatWave,Psyshock|Timid||M|||50|]Kingambit||BlackGlasses|Defiant|SuckerPunch,IronHead,Protect,KowtowCleave|Adamant||F|||50|]Garchomp||LifeOrb|RoughSkin|RockSlide,DragonClaw,Earthquake,Protect|Jolly||F|||50|]Sneasler||WhiteHerb|Unburden|FakeOut,Protect,CloseCombat,DireClaw|Adamant||F|||50|]Floette-Eternal||Floettite|FlowerVeil|EnergyBall,Protect,DazzlingGleam,LightofRuin|Modest||F|||50|
|inactive|Battle timer is ON: inactive players will automatically lose when time's up. (requested by ClefableBot)
|inactive|thecrazur has 60 seconds left.
|inactive|thecrazur has 30 seconds left.
|
|t:|1782599603
|teamsize|p1|4
|teamsize|p2|4
|start
|switch|p1a: Aerodactyl|Aerodactyl, L50, F|100/100
|switch|p1b: Incineroar|Incineroar, L50, F|100/100
|switch|p2a: Floette|Floette-Eternal, L50, F|100/100
|switch|p2b: Sneasler|Sneasler, L50, F|100/100
|-ability|p1a: Aerodactyl|Unnerve
|-ability|p1b: Incineroar|Intimidate|boost
|-unboost|p2a: Floette|atk|1
|-unboost|p2b: Sneasler|atk|1
|-enditem|p2b: Sneasler|White Herb
|-clearnegativeboost|p2b: Sneasler|[silent]
|turn|1
|inactive|ClefableBot has 30 seconds left.
|
|t:|1782599630
|detailschange|p2a: Floette|Floette-Mega, L50, F
|-mega|p2a: Floette|Floette|Floettite
|-ability|p2a: Floette|Fairy Aura
|move|p2b: Sneasler|Fake Out|p1a: Aerodactyl
|-resisted|p1a: Aerodactyl|1
|-damage|p1a: Aerodactyl|87/100
|move|p1b: Incineroar|Fake Out|p2a: Floette
|-damage|p2a: Floette|87/100
|cant|p1a: Aerodactyl|flinch
|cant|p2a: Floette|flinch
|
|upkeep
|turn|2
|
|t:|1782599649
|switch|p1b: Sinistcha|Sinistcha-Masterpiece, L50|100/100
|-heal|p1a: Aerodactyl|100/100|[from] ability: Hospitality|[of] p1b: Sinistcha
|detailschange|p1a: Aerodactyl|Aerodactyl-Mega, L50, F
|-mega|p1a: Aerodactyl|Aerodactyl|Aerodactylite
|move|p2b: Sneasler|Close Combat|p1a: Aerodactyl
|-damage|p1a: Aerodactyl|11/100
|-unboost|p2b: Sneasler|def|1
|-unboost|p2b: Sneasler|spd|1
|move|p1a: Aerodactyl|Dual Wingbeat|p2b: Sneasler
|-supereffective|p2b: Sneasler|1
|-crit|p2b: Sneasler
|-damage|p2b: Sneasler|0 fnt
|faint|p2b: Sneasler
|-hitcount|p2: Sneasler|1
|move|p2a: Floette|Light of Ruin|p1b: Sinistcha
|-damage|p1b: Sinistcha|0 fnt
|faint|p1b: Sinistcha
|-damage|p2a: Floette|33/100|[from] Recoil
|
|upkeep
|
|t:|1782599671
|switch|p2b: Whimsicott|Whimsicott, L50, M|100/100
|switch|p1b: Incineroar|Incineroar, L50, F|100/100
|-ability|p1b: Incineroar|Intimidate|boost
|-unboost|p2a: Floette|atk|1
|-unboost|p2b: Whimsicott|atk|1
|turn|3
|
|t:|1782599688
|move|p2b: Whimsicott|Protect|p2b: Whimsicott
|-singleturn|p2b: Whimsicott|Protect
|move|p2a: Floette|Protect|p2a: Floette
|-singleturn|p2a: Floette|Protect
|move|p1b: Incineroar|Fake Out|p2b: Whimsicott
|-activate|p2b: Whimsicott|move: Protect
|move|p1a: Aerodactyl|Tailwind|p1a: Aerodactyl
|-sidestart|p1: ClefableBot|move: Tailwind
|
|upkeep
|turn|4
|inactive|thecrazur has 30 seconds left.
|
|t:|1782599713
|switch|p2b: Garchomp|Garchomp, L50, F|100/100
|move|p1a: Aerodactyl|Rock Slide|p2b: Garchomp|[spread] p2a,p2b
|-resisted|p2b: Garchomp|1
|-damage|p2a: Floette|0 fnt
|-damage|p2b: Garchomp|85/100
|faint|p2a: Floette
|move|p1b: Incineroar|Flare Blitz|p2b: Garchomp
|-resisted|p2b: Garchomp|1
|-damage|p2b: Garchomp|62/100
|-damage|p1b: Incineroar|87/100|[from] ability: Rough Skin|[of] p2b: Garchomp
|-damage|p1b: Incineroar|80/100|[from] Recoil
|
|upkeep
|
|t:|1782599725
|switch|p2a: Whimsicott|Whimsicott, L50, M|100/100
|turn|5
|
|t:|1782599733
|move|p2a: Whimsicott|Tailwind|p2a: Whimsicott
|-sidestart|p2: thecrazur|move: Tailwind
|move|p1a: Aerodactyl|Dual Wingbeat|p2a: Whimsicott
|-supereffective|p2a: Whimsicott|1
|-damage|p2a: Whimsicott|16/100
|-supereffective|p2a: Whimsicott|1
|-damage|p2a: Whimsicott|0 fnt
|faint|p2a: Whimsicott
|-hitcount|p2: Whimsicott|2
|move|p2b: Garchomp|Rock Slide|p1a: Aerodactyl|[spread] p1a,p1b
|-supereffective|p1a: Aerodactyl|1
|-supereffective|p1b: Incineroar|1
|-damage|p1a: Aerodactyl|0 fnt
|-damage|p1b: Incineroar|39/100
|faint|p1a: Aerodactyl
|-damage|p2b: Garchomp|52/100|[from] item: Life Orb
|cant|p1b: Incineroar|flinch
|
|upkeep
|-message|thecrazur forfeited.
|
|win|ClefableBot
|raw|ClefableBot's rating: 1217 → 1240(+23 for winning)
|raw|thecrazur's rating: 1184 → 1161(-23 for losing)
|l|☆thecrazur
|player|p2|
