|j|☆sad earns
|j|☆habeebomarali123
|html|sad earnshabeebomarali123    
|uhtml|bestof|Game 1 of a best-of-3
|t:|1757710020
|gametype|doubles
|player|p1|sad earns|marshal|1232
|player|p2|habeebomarali123|giovanni|1221
|gen|9
|tier|[Gen 9] VGC 2025 Reg H (Bo3)
|rated|
|rule|Species Clause: Limit one of each Pokémon
|rule|Item Clause: Limit 1 of each item
|clearpoke
|poke|p1|Corviknight, L50, M|
|poke|p1|Tyranitar, L50, M|
|poke|p1|Gholdengo, L50|
|poke|p1|Amoonguss, L50, M|
|poke|p1|Ursaluna-Bloodmoon, L50, M|
|poke|p1|Hydreigon, L50, F|
|poke|p2|Rillaboom, L50, M|
|poke|p2|Volcarona, L50, M|
|poke|p2|Dragonite, L50, M|
|poke|p2|Gastrodon, L50, M|
|poke|p2|Sneasler, L50, M|
|poke|p2|Incineroar, L50, M|
|teampreview|4
|showteam|p1|Corviknight||Leftovers|MirrorArmor|BraveBird,IronHead,Tailwind,Taunt|||M|||50|,,,,,Dragon]Tyranitar||ChoiceBand|SandStream|KnockOff,RockSlide,LowKick,TeraBlast|||M|||50|,,,,,Flying]Gholdengo||MetalCoat|GoodasGold|MakeItRain,ShadowBall,NastyPlot,Protect||||||50|,,,,,Water]Amoonguss||RockyHelmet|Regenerator|PollenPuff,Spore,RagePowder,Protect|||M|||50|,,,,,Water]Ursaluna-Bloodmoon||AssaultVest|MindsEye|BloodMoon,HyperVoice,EarthPower,VacuumWave|||M|||50|,,,,,Dragon]Hydreigon||SafetyGoggles|Levitate|DracoMeteor,HeatWave,NastyPlot,Protect|||F|||50|,,,,,Fire
|showteam|p2|Rillaboom||AssaultVest|GrassySurge|FakeOut,GrassyGlide,HighHorsepower,WoodHammer|||M|||50|,,,,,Fire]Volcarona||GrassySeed|FlameBody|Protect,QuiverDance,TeraBlast,HeatWave|||M|||50|,,,,,Fairy]Dragonite||LoadedDice|Multiscale|Tailwind,Protect,Haze,ScaleShot|||M|||50|,,,,,Fairy]Gastrodon||Leftovers|StormDrain|Recover,Yawn,IceBeam,EarthPower|||M|||50|,,,,,Grass]Sneasler||FocusSash|Unburden|Protect,DireClaw,CloseCombat,ThroatChop|||M|||50|,,,,,Ghost]Incineroar||SafetyGoggles|Intimidate|KnockOff,FlareBlitz,PartingShot,FakeOut|||M|||50|,,,,,Ghost
|inactive|Battle timer is ON: inactive players will automatically lose when time's up. (requested by sad earns)
|
|t:|1757710066
|teamsize|p1|4
|teamsize|p2|4
|start
|switch|p1a: Corviknight|Corviknight, L50, M|100/100
|switch|p1b: Tyranitar|Tyranitar, L50, M|100/100
|switch|p2a: Volcarona|Volcarona, L50, M|100/100
|switch|p2b: Dragonite|Dragonite, L50, M|100/100
|-weather|Sandstorm|[from] ability: Sand Stream|[of] p1b: Tyranitar
|turn|1
|
|t:|1757710085
|move|p2a: Volcarona|Protect|p2a: Volcarona
|-singleturn|p2a: Volcarona|Protect
|move|p2b: Dragonite|Tailwind|p2b: Dragonite
|-sidestart|p2: habeebomarali123|move: Tailwind
|move|p1b: Tyranitar|Rock Slide|p2b: Dragonite|[spread] p2b
|-activate|p2a: Volcarona|move: Protect
|-supereffective|p2b: Dragonite
|-damage|p2b: Dragonite|55/100
|move|p1a: Corviknight|Brave Bird|p2b: Dragonite
|-damage|p2b: Dragonite|15/100
|-damage|p1a: Corviknight|89/100|[from] Recoil
|
|-weather|Sandstorm|[upkeep]
|-damage|p2b: Dragonite|9/100|[from] Sandstorm
|-damage|p2a: Volcarona|94/100|[from] Sandstorm
|-heal|p1a: Corviknight|95/100|[from] item: Leftovers
|upkeep
|turn|2
|
|t:|1757710103
|switch|p2b: Rillaboom|Rillaboom, L50, M|100/100
|-fieldstart|move: Grassy Terrain|[from] ability: Grassy Surge|[of] p2b: Rillaboom
|-enditem|p2a: Volcarona|Grassy Seed
|-boost|p2a: Volcarona|def|1|[from] item: Grassy Seed
|-terastallize|p2a: Volcarona|Fairy
|move|p2a: Volcarona|Heat Wave|p1a: Corviknight|[spread] p1a,p1b
|-supereffective|p1a: Corviknight
|-resisted|p1b: Tyranitar
|-damage|p1a: Corviknight|31/100
|-damage|p1b: Tyranitar|89/100
|move|p1b: Tyranitar|Rock Slide|p2b: Rillaboom|[spread] p2a
|-miss|p1b: Tyranitar|p2b: Rillaboom
|-damage|p2a: Volcarona|57/100
|move|p1a: Corviknight|Tailwind|p1a: Corviknight
|-sidestart|p1: sad earns|move: Tailwind
|
|-weather|Sandstorm|[upkeep]
|-damage|p2a: Volcarona|50/100|[from] Sandstorm
|-damage|p2b: Rillaboom|95/100|[from] Sandstorm
|-heal|p2a: Volcarona|57/100|[from] Grassy Terrain
|-heal|p2b: Rillaboom|100/100|[from] Grassy Terrain
|-heal|p1b: Tyranitar|95/100|[from] Grassy Terrain
|-heal|p1a: Corviknight|37/100|[from] item: Leftovers
|upkeep
|turn|3
|inactive|sad earns has 30 seconds left.
|inactive|sad earns has 20 seconds left.
|
|t:|1757710141
|-terastallize|p1b: Tyranitar|Flying
|move|p2b: Rillaboom|Fake Out|p1a: Corviknight
|-resisted|p1a: Corviknight
|-damage|p1a: Corviknight|32/100
|move|p2a: Volcarona|Quiver Dance|p2a: Volcarona
|-boost|p2a: Volcarona|spa|1
|-boost|p2a: Volcarona|spd|1
|-boost|p2a: Volcarona|spe|1
|move|p1b: Tyranitar|Rock Slide|p2a: Volcarona|[spread] p2a,p2b
|-damage|p2a: Volcarona|15/100
|-damage|p2b: Rillaboom|60/100
|cant|p1a: Corviknight|flinch
|
|-weather|Sandstorm|[upkeep]
|-damage|p2a: Volcarona|8/100|[from] Sandstorm
|-damage|p2b: Rillaboom|54/100|[from] Sandstorm
|-damage|p1b: Tyranitar|89/100|[from] Sandstorm
|-heal|p2a: Volcarona|15/100|[from] Grassy Terrain
|-heal|p2b: Rillaboom|60/100|[from] Grassy Terrain
|-heal|p1a: Corviknight|38/100|[from] item: Leftovers
|upkeep
|turn|4
|
|t:|1757710163
|switch|p1a: Hydreigon|Hydreigon, L50, F|100/100
|move|p2a: Volcarona|Heat Wave|p1a: Hydreigon|[spread] p1a,p1b
|-resisted|p1a: Hydreigon
|-damage|p1a: Hydreigon|64/100
|-damage|p1b: Tyranitar|29/100
|move|p2b: Rillaboom|Wood Hammer|p1b: Tyranitar
|-resisted|p1b: Tyranitar
|-damage|p1b: Tyranitar|0 fnt
|faint|p1b: Tyranitar
|-damage|p2b: Rillaboom|52/100|[from] Recoil
|
|-weather|Sandstorm|[upkeep]
|-damage|p2a: Volcarona|8/100|[from] Sandstorm
|-damage|p2b: Rillaboom|46/100|[from] Sandstorm
|-heal|p2a: Volcarona|15/100|[from] Grassy Terrain
|-heal|p2b: Rillaboom|52/100|[from] Grassy Terrain
|-sideend|p2: habeebomarali123|move: Tailwind
|upkeep
|
|t:|1757710182
|switch|p1b: Gholdengo|Gholdengo, L50|100/100
|turn|5
|
|t:|1757710193
|move|p2a: Volcarona|Protect|p2a: Volcarona
|-singleturn|p2a: Volcarona|Protect
|move|p1a: Hydreigon|Heat Wave|p2a: Volcarona|[spread] p2b
|-activate|p2a: Volcarona|move: Protect
|-supereffective|p2b: Rillaboom
|-damage|p2b: Rillaboom|12/100
|move|p1b: Gholdengo|Make It Rain|p2a: Volcarona|[spread] p2b
|-activate|p2a: Volcarona|move: Protect
|-damage|p2b: Rillaboom|0 fnt
|-unboost|p1b: Gholdengo|spa|1
|faint|p2b: Rillaboom
|
|-weather|none
|-heal|p2a: Volcarona|21/100|[from] Grassy Terrain
|-sideend|p1: sad earns|move: Tailwind
|upkeep
|
|t:|1757710198
|switch|p2b: Sneasler|Sneasler, L50, M|100/100
|turn|6
|inactive|sad earns has 30 seconds left.
|inactive|sad earns has 20 seconds left.
|inactive|sad earns has 15 seconds left.
|
|t:|1757710240
|move|p2a: Volcarona|Heat Wave|p1b: Gholdengo|[spread] p1b
|-miss|p2a: Volcarona|p1a: Hydreigon
|-supereffective|p1b: Gholdengo
|-damage|p1b: Gholdengo|0 fnt
|faint|p1b: Gholdengo
|move|p2b: Sneasler|Close Combat|p1a: Hydreigon
|-supereffective|p1a: Hydreigon
|-damage|p1a: Hydreigon|0 fnt
|-unboost|p2b: Sneasler|def|1
|-unboost|p2b: Sneasler|spd|1
|faint|p1a: Hydreigon
|
|-heal|p2a: Volcarona|27/100|[from] Grassy Terrain
|-fieldend|move: Grassy Terrain
|upkeep
|
|t:|1757710255
|switch|p1b: Corviknight|Corviknight, L50, M|38/100
|turn|7
|
|t:|1757710262
|move|p2a: Volcarona|Heat Wave|p1b: Corviknight
|-supereffective|p1b: Corviknight
|-damage|p1b: Corviknight|0 fnt
|faint|p1b: Corviknight
|
|win|habeebomarali123
||habeebomarali123 is ready for game 2.
||sad earns is ready for game 2.
|uhtml|next|Next: Game 2 of 3
|l|☆habeebomarali123
|player|p2|
