|j|☆spellbreakvgc
|j|☆rafe_model_k
|html|spellbreakvgcrafe_model_k    
|uhtml|bestof|Game 3 of a best-of-3
|t:|1756209228
|gametype|doubles
|player|p1|spellbreakvgc|lance|1163
|player|p2|rafe_model_k|2|1118
|gen|9
|tier|[Gen 9] VGC 2025 Reg H (Bo3)
|rated|
|rule|Species Clause: Limit one of each Pokémon
|rule|Item Clause: Limit 1 of each item
|clearpoke
|poke|p1|Whimsicott, L50, M|
|poke|p1|Typhlosion-Hisui, L50, F|
|poke|p1|Dragapult, L50, F|
|poke|p1|Electabuzz, L50, M|
|poke|p1|Torkoal, L50, M|
|poke|p1|Lilligant-Hisui, L50, F|
|poke|p2|Pelipper, L50, F|
|poke|p2|Maushold-Four, L50|
|poke|p2|Dragonite, L50, M|
|poke|p2|Archaludon, L50, F|
|poke|p2|Grimmsnarl, L50, M|
|poke|p2|Gholdengo, L50|
|teampreview|4
|showteam|p1|Whimsicott||CovertCloak|Prankster|Tailwind,SunnyDay,Encore,Moonblast|||M|||50|,,,,,Ghost]Typhlosion-Hisui||ChoiceSpecs|Blaze|Eruption,HeatWave,ShadowBall,Overheat|||F|||50|,,,,,Fire]Dragapult||ChoiceBand|ClearBody|DragonDarts,Outrage,SuckerPunch,Uturn|||F|||50|,,,,,Dragon]Electabuzz||Eviolite|VitalSpirit|VoltSwitch,FollowMe,Feint,Protect|||M|||50|,,,,,Ghost]Torkoal||LifeOrb|Drought|Eruption,HeatWave,WeatherBall,EarthPower|||M|||50|,,,,,Fire]Lilligant-Hisui||FocusSash|Chlorophyll|CloseCombat,SleepPowder,AfterYou,LeafBlade|||F|||50|,,,,,Ghost
|showteam|p2|Pelipper||FocusSash|Drizzle|Protect,MuddyWater,Hurricane,Tailwind|||F|||50|,,,,,Ground]Maushold-Four||SafetyGoggles|FriendGuard|Protect,SuperFang,FollowMe,BeatUp||||||50|,,,,,Ghost]Dragonite||LoadedDice|InnerFocus|Protect,ExtremeSpeed,ScaleShot,Haze|||M|||50|,,,,,Steel]Archaludon||AssaultVest|Stamina|DragonPulse,ElectroShot,BodyPress,Snarl|||F|||50|,,,,,Bug]Grimmsnarl||LightClay|Prankster|FoulPlay,LightScreen,Reflect,ThunderWave|||M|||50|,,,,,Ghost]Gholdengo||LifeOrb|GoodasGold|Protect,MakeItRain,ShadowBall,NastyPlot||||||50|,,,,,Water
|inactive|Battle timer is ON: inactive players will automatically lose when time's up. (requested by spellbreakvgc)
|inactive|spellbreakvgc has 60 seconds left.
|inactive|rafe_model_k has 60 seconds left.
|
|t:|1756209284
|teamsize|p1|4
|teamsize|p2|4
|start
|switch|p1a: Electabuzz|Electabuzz, L50, M|100/100
|switch|p1b: Typhlosion|Typhlosion-Hisui, L50, F|100/100
|switch|p2a: Dragonite|Dragonite, L50, M|100/100
|switch|p2b: Grimmsnarl|Grimmsnarl, L50, M|100/100
|turn|1
|inactive|rafe_model_k has 30 seconds left.
|inactive|rafe_model_k has 20 seconds left.
|inactive|rafe_model_k has 15 seconds left.
|inactive|rafe_model_k has 10 seconds left.
|
|t:|1756209332
|-terastallize|p1b: Typhlosion|Fire
|move|p1a: Electabuzz|Follow Me|p1a: Electabuzz
|-singleturn|p1a: Electabuzz|move: Follow Me
|move|p2b: Grimmsnarl|Light Screen|p2b: Grimmsnarl
|-sidestart|p2: rafe_model_k|move: Light Screen
|move|p1b: Typhlosion|Eruption|p2a: Dragonite|[spread] p2a,p2b
|-resisted|p2a: Dragonite
|-damage|p2a: Dragonite|59/100
|-damage|p2b: Grimmsnarl|17/100
|move|p2a: Dragonite|Scale Shot|p1a: Electabuzz
|-damage|p1a: Electabuzz|87/100
|-damage|p1a: Electabuzz|72/100
|-damage|p1a: Electabuzz|59/100
|-damage|p1a: Electabuzz|45/100
|-damage|p1a: Electabuzz|30/100
|-hitcount|p1a: Electabuzz|5
|-unboost|p2a: Dragonite|def|1
|-boost|p2a: Dragonite|spe|1
|
|upkeep
|turn|2
|inactive|rafe_model_k has 30 seconds left.
|
|t:|1756209358
|move|p2a: Dragonite|Extreme Speed|p1a: Electabuzz
|-damage|p1a: Electabuzz|0 fnt
|faint|p1a: Electabuzz
|move|p2b: Grimmsnarl|Thunder Wave|p1b: Typhlosion
|-status|p1b: Typhlosion|par
|move|p1b: Typhlosion|Eruption|p2a: Dragonite|[spread] p2a,p2b
|-resisted|p2a: Dragonite
|-damage|p2a: Dragonite|18/100
|-damage|p2b: Grimmsnarl|0 fnt
|faint|p2b: Grimmsnarl
|
|upkeep
|inactive|spellbreakvgc has 30 seconds left.
|
|t:|1756209390
|switch|p1a: Lilligant|Lilligant-Hisui, L50, F|100/100
|switch|p2b: Maushold|Maushold-Four, L50|100/100
|turn|3
|inactive|rafe_model_k has 30 seconds left.
|inactive|spellbreakvgc has 30 seconds left.
|inactive|spellbreakvgc has 20 seconds left.
|
|t:|1756209434
|switch|p1b: Whimsicott|Whimsicott, L50, M|100/100
|-terastallize|p2b: Maushold|Ghost
|move|p2b: Maushold|Follow Me|p2b: Maushold
|-singleturn|p2b: Maushold|move: Follow Me
|move|p2a: Dragonite|Scale Shot|p1b: Whimsicott
|-immune|p1b: Whimsicott
|move|p1a: Lilligant|Close Combat|p2b: Maushold
|-immune|p2b: Maushold
|
|upkeep
|turn|4
|inactive|spellbreakvgc has 30 seconds left.
|inactive|spellbreakvgc has 20 seconds left.
|inactive|spellbreakvgc has 15 seconds left.
|inactive|spellbreakvgc has 10 seconds left.
|
|t:|1756209483
|move|p2b: Maushold|Follow Me|p2b: Maushold
|-singleturn|p2b: Maushold|move: Follow Me
|move|p1b: Whimsicott|Sunny Day|p1b: Whimsicott
|-weather|SunnyDay
|move|p1a: Lilligant|Sleep Powder|p2b: Maushold
|-activate|p2b: Maushold|item: Safety Goggles|Sleep Powder
|move|p2a: Dragonite|Scale Shot|p1a: Lilligant
|-damage|p1a: Lilligant|75/100
|-damage|p1a: Lilligant|52/100
|-damage|p1a: Lilligant|29/100
|-damage|p1a: Lilligant|5/100
|-damage|p1a: Lilligant|0 fnt
|faint|p1a: Lilligant
|-hitcount|p1: Lilligant|5
|-unboost|p2a: Dragonite|def|1
|-boost|p2a: Dragonite|spe|1
|
|-weather|SunnyDay|[upkeep]
|upkeep
|
|t:|1756209492
|switch|p1a: Typhlosion|Typhlosion-Hisui, L50, F, tera:Fire|100/100 par
|turn|5
|
|t:|1756209515
|move|p2b: Maushold|Follow Me|p2b: Maushold
|-singleturn|p2b: Maushold|move: Follow Me
|move|p1b: Whimsicott|Tailwind|p1b: Whimsicott
|-sidestart|p1: spellbreakvgc|move: Tailwind
|move|p2a: Dragonite|Scale Shot|p1a: Typhlosion
|-damage|p1a: Typhlosion|78/100 par
|-damage|p1a: Typhlosion|56/100 par
|-damage|p1a: Typhlosion|33/100 par
|-damage|p1a: Typhlosion|11/100 par
|-hitcount|p1a: Typhlosion|4
|-unboost|p2a: Dragonite|def|1
|-boost|p2a: Dragonite|spe|1
|move|p1a: Typhlosion|Eruption|p2b: Maushold|[spread] p2a,p2b
|-resisted|p2a: Dragonite
|-crit|p2a: Dragonite
|-damage|p2a: Dragonite|1/100
|-damage|p2b: Maushold|76/100
|
|-weather|SunnyDay|[upkeep]
|upkeep
|turn|6
|
|t:|1756209535
|move|p2a: Dragonite|Extreme Speed|p1a: Typhlosion
|-damage|p1a: Typhlosion|0 fnt
|faint|p1a: Typhlosion
|move|p2b: Maushold|Follow Me|p2b: Maushold
|-singleturn|p2b: Maushold|move: Follow Me
|move|p1b: Whimsicott|Moonblast|p2b: Maushold
|-damage|p2b: Maushold|47/100
|
|-weather|SunnyDay|[upkeep]
|upkeep
|turn|7
|-message|spellbreakvgc forfeited.
|
|win|rafe_model_k
