|j|☆batidodeawakate
|j|☆KodeBeast0526
|html|batidodeawakateKodeBeast0526    
|uhtml|bestof|Game 2 of a best-of-3
|t:|1784732783
|gametype|doubles
|player|p1|batidodeawakate|byron|1111
|player|p2|KodeBeast0526|hiker|1182
|gen|9
|tier|[Gen 9 Champions] VGC 2026 Reg M-B (Bo3)
|rated|
|rule|Species Clause: Limit one of each Pokémon
|rule|Item Clause: Limit 1 of each item
|clearpoke
|poke|p1|Gallade, L50, M|
|poke|p1|Farigiraf, L50, M|
|poke|p1|Incineroar, L50, F|
|poke|p1|Vileplume, L50, F|
|poke|p1|Torkoal, L50, M|
|poke|p1|Armarouge, L50, F|
|poke|p2|Aerodactyl, L50, M|
|poke|p2|Kingambit, L50, M|
|poke|p2|Sylveon, L50, M|
|poke|p2|Garchomp, L50, M|
|poke|p2|Charizard, L50, M|
|poke|p2|Farigiraf, L50, M, shiny|
|teampreview|4
|showteam|p1|Gallade||Galladite|Sharpness|PsychoCut,SacredSword,TrickRoom,WideGuard|Adamant||M|||50|]Farigiraf||Leftovers|ArmorTail|TrickRoom,PsychicNoise,FoulPlay,Protect|Bold||M|||50|]Incineroar||ChartiBerry|Intimidate|PartingShot,FlareBlitz,FakeOut,ThroatChop|Brave||F|||50|]Vileplume||MentalHerb|Chlorophyll|SleepPowder,AfterYou,WeatherBall,EnergyBall|Modest||F|||50|]Torkoal||Charcoal|Drought|SolarBeam,Eruption,HeatWave,GyroBall|Modest||M|||50|]Armarouge||LifeOrb|FlashFire|ArmorCannon,EnergyBall,TrickRoom,AllySwitch|Quiet||F|||50|
|showteam|p2|Aerodactyl||Aerodactylite|Unnerve|RockSlide,IceFang,Tailwind,WideGuard|Jolly||M|||50|]Kingambit||FocusSash|Defiant|KowtowCleave,SuckerPunch,IronHead,LowKick|Adamant||M|||50|]Sylveon||FairyFeather|Pixilate|Detect,HyperVoice,HyperBeam,QuickAttack|Modest||M|||50|]Garchomp||LifeOrb|RoughSkin|Earthquake,DragonClaw,StompingTantrum,Protect|Jolly||M|||50|]Charizard||CharizarditeY|Blaze|Protect,HeatWave,SolarBeam,WeatherBall|Modest||M|||50|]Farigiraf||SitrusBerry|ArmorTail|Thunderbolt,PsychicNoise,TrickRoom,HelpingHand|Bold||M|||50|
|
|t:|1784732804
|teamsize|p1|4
|teamsize|p2|4
|start
|switch|p1a: Torkoal|Torkoal, L50, M|100/100
|switch|p1b: Vileplume|Vileplume, L50, F|100/100
|switch|p2a: Aerodactyl|Aerodactyl, L50, M|100/100
|switch|p2b: Garchomp|Garchomp, L50, M|100/100
|-ability|p2a: Aerodactyl|Unnerve
|-weather|SunnyDay|[from] ability: Drought|[of] p1a: Torkoal
|turn|1
|
|t:|1784732819
|switch|p1a: Incineroar|Incineroar, L50, F|100/100
|-ability|p1a: Incineroar|Intimidate|boost
|-unboost|p2a: Aerodactyl|atk|1
|-unboost|p2b: Garchomp|atk|1
|detailschange|p2a: Aerodactyl|Aerodactyl-Mega, L50, M
|-mega|p2a: Aerodactyl|Aerodactyl|Aerodactylite
|move|p2a: Aerodactyl|Rock Slide|p1b: Vileplume|[spread] p1a,p1b
|-supereffective|p1a: Incineroar|1
|-enditem|p1a: Incineroar|Charti Berry|[eat]
|-enditem|p1a: Incineroar|Charti Berry|[weaken]
|-damage|p1a: Incineroar|82/100
|-damage|p1b: Vileplume|76/100
|move|p1b: Vileplume|Sleep Powder|p2b: Garchomp
|-status|p2b: Garchomp|slp|[from] move: Sleep Powder
|cant|p2b: Garchomp|slp
|
|-weather|SunnyDay|[upkeep]
|upkeep
|turn|2
|
|t:|1784732850
|move|p1a: Incineroar|Fake Out|p2a: Aerodactyl
|-resisted|p2a: Aerodactyl|1
|-damage|p2a: Aerodactyl|92/100
|cant|p2a: Aerodactyl|flinch
|move|p1b: Vileplume|Sleep Powder|p2a: Aerodactyl
|-status|p2a: Aerodactyl|slp|[from] move: Sleep Powder
|cant|p2b: Garchomp|slp
|
|-weather|SunnyDay|[upkeep]
|upkeep
|turn|3
|
|t:|1784732866
|cant|p2a: Aerodactyl|slp
|move|p1b: Vileplume|Energy Ball|p2a: Aerodactyl
|-damage|p2a: Aerodactyl|47/100 slp
|-curestatus|p2b: Garchomp|slp|[msg]
|move|p2b: Garchomp|Earthquake|p1b: Vileplume|[spread] p1a,p1b
|-immune|p2a: Aerodactyl
|-supereffective|p1a: Incineroar|1
|-damage|p1a: Incineroar|12/100
|-damage|p1b: Vileplume|30/100
|-damage|p2b: Garchomp|90/100|[from] item: Life Orb
|move|p1a: Incineroar|Parting Shot|p2b: Garchomp
|-unboost|p2b: Garchomp|atk|1
|-unboost|p2b: Garchomp|spa|1
|
|t:|1784732885
|switch|p1a: Gallade|Gallade, L50, M|100/100|[from] Parting Shot
|
|-weather|SunnyDay|[upkeep]
|upkeep
|turn|4
|
|t:|1784732896
|switch|p2b: Sylveon|Sylveon, L50, M|100/100
|move|p1a: Gallade|Wide Guard|p1a: Gallade
|-singleturn|p1a: Gallade|Wide Guard
|-curestatus|p2a: Aerodactyl|slp|[msg]
|move|p2a: Aerodactyl|Tailwind|p2a: Aerodactyl
|-sidestart|p2: KodeBeast0526|move: Tailwind
|move|p1b: Vileplume|Energy Ball|p2a: Aerodactyl
|-damage|p2a: Aerodactyl|0 fnt
|faint|p2a: Aerodactyl
|
|-weather|SunnyDay|[upkeep]
|upkeep
|
|t:|1784732914
|switch|p2a: Garchomp|Garchomp, L50, M|90/100
|turn|5
|
|t:|1784732949
|switch|p1b: Incineroar|Incineroar, L50, F|12/100
|-ability|p1b: Incineroar|Intimidate|boost
|-unboost|p2a: Garchomp|atk|1
|-unboost|p2b: Sylveon|atk|1
|move|p1a: Gallade|Wide Guard|p1a: Gallade
|-singleturn|p1a: Gallade|Wide Guard
|move|p2a: Garchomp|Stomping Tantrum|p1b: Incineroar
|-supereffective|p1b: Incineroar|1
|-damage|p1b: Incineroar|0 fnt
|faint|p1b: Incineroar
|-damage|p2a: Garchomp|80/100|[from] item: Life Orb
|move|p2b: Sylveon|Hyper Beam|p1a: Gallade
|-supereffective|p1a: Gallade|1
|-damage|p1a: Gallade|0 fnt
|-mustrecharge|p2b: Sylveon
|faint|p1a: Gallade
|
|-weather|none
|upkeep
|
|t:|1784732965
|switch|p1a: Torkoal|Torkoal, L50, M|100/100
|switch|p1b: Vileplume|Vileplume, L50, F|30/100
|-weather|SunnyDay|[from] ability: Drought|[of] p1a: Torkoal
|turn|6
|
|t:|1784732974
|move|p2a: Garchomp|Earthquake|p1a: Torkoal|[spread] p2b,p1a,p1b
|-crit|p2b: Sylveon
|-supereffective|p1a: Torkoal|1
|-damage|p2b: Sylveon|4/100
|-damage|p1a: Torkoal|51/100
|-damage|p1b: Vileplume|0 fnt
|faint|p1b: Vileplume
|-damage|p2a: Garchomp|70/100|[from] item: Life Orb
|cant|p2b: Sylveon|recharge
|move|p1a: Torkoal|Eruption|p2b: Sylveon|[spread] p2a,p2b
|-resisted|p2a: Garchomp|1
|-damage|p2a: Garchomp|47/100
|-damage|p2b: Sylveon|0 fnt
|faint|p2b: Sylveon
|
|-weather|SunnyDay|[upkeep]
|upkeep
|
|t:|1784732977
|switch|p2b: Kingambit|Kingambit, L50, M|100/100
|turn|7
|
|t:|1784732991
|move|p2a: Garchomp|Stomping Tantrum|p1a: Torkoal
|-supereffective|p1a: Torkoal|1
|-damage|p1a: Torkoal|1/100
|-damage|p2a: Garchomp|37/100|[from] item: Life Orb
|move|p2b: Kingambit|Kowtow Cleave|p1a: Torkoal
|-damage|p1a: Torkoal|0 fnt
|faint|p1a: Torkoal
|
|win|KodeBeast0526
|raw|batidodeawakate's rating: 1111 → 1091(-20 for losing)
|raw|KodeBeast0526's rating: 1182 → 1202(+20 for winning)
