|j|☆DJGrooves213
|j|☆PopoVGC
|html|DJGrooves213PopoVGC    
|uhtml|bestof|Game 1 of a best-of-3
|t:|1786074599
|gametype|doubles
|player|p1|DJGrooves213|kieran|1192
|player|p2|PopoVGC|silver|1333
|gen|9
|tier|[Gen 9 Champions] VGC 2026 Reg M-B (Bo3)
|rated|
|rule|Species Clause: Limit one of each Pokémon
|rule|Item Clause: Limit 1 of each item
|clearpoke
|poke|p1|Garchomp, L50, M, shiny|
|poke|p1|Gardevoir, L50, M, shiny|
|poke|p1|Rotom-Heat, L50, shiny|
|poke|p1|Chimecho, L50, M, shiny|
|poke|p1|Milotic, L50, M, shiny|
|poke|p1|Sneasler, L50, M, shiny|
|poke|p2|Gholdengo, L50|
|poke|p2|Tyranitar, L50, M|
|poke|p2|Excadrill, L50, M|
|poke|p2|Pidgeot, L50, M|
|poke|p2|Tsareena, L50, F|
|poke|p2|Rotom-Wash, L50|
|teampreview|4
|showteam|p1|Garchomp||LifeOrb|RoughSkin|DragonClaw,Earthquake,SwordsDance,Protect|Jolly||M|||50|]Gardevoir||ChoiceScarf|Telepathy|IcyWind,Psychic,DazzlingGleam,Trick|Timid||M|||50|]Rotom-Heat||SitrusBerry|Levitate|Overheat,Thunderbolt,Electroweb,Protect|Timid|||||50|]Chimecho||Chimechite|Levitate|Psyshock,FlashCannon,Recover,Protect|Calm||M|||50|]Milotic||Leftovers|Competitive|Coil,MuddyWater,Blizzard,Recover|Calm||M|||50|]Sneasler||FocusSash|Unburden|FakeOut,CloseCombat,DireClaw,Protect|Adamant||M|||50|
|showteam|p2|Gholdengo||LifeOrb|GoodasGold|MakeItRain,ShadowBall,NastyPlot,Protect|Timid|||||50|]Tyranitar||Tyranitarite|SandStream|RockSlide,KnockOff,Protect,LowKick|Jolly||M|||50|]Excadrill||FocusSash|SandRush|IronHead,Earthquake,RockSlide,Protect|Adamant||M|||50|]Pidgeot||Pidgeotite|BigPecks|Hurricane,HeatWave,Protect,Tailwind|Timid||M|||50|]Tsareena||ChoiceScarf|QueenlyMajesty|PowerWhip,TripleAxel,Uturn,LowKick|Jolly||F|||50|]Rotom-Wash||SitrusBerry|Levitate|Thunderbolt,HydroPump,Protect,WillOWisp|Bold|||||50|
|
|t:|1786074691
|teamsize|p1|4
|teamsize|p2|4
|start
|switch|p1a: Milotic|Milotic, L50, M, shiny|100/100
|switch|p1b: Sneasler|Sneasler, L50, M, shiny|100/100
|switch|p2a: Excadrill|Excadrill, L50, M|100/100
|switch|p2b: Tsareena|Tsareena, L50, F|100/100
|turn|1
|
|t:|1786074718
|move|p2b: Tsareena|U-turn|p1b: Sneasler
|-resisted|p1b: Sneasler|2
|-damage|p1b: Sneasler|90/100
|
|t:|1786074721
|switch|p2b: Tyranitar|Tyranitar, L50, M|100/100|[from] U-turn
|-weather|Sandstorm|[from] ability: Sand Stream|[of] p2b: Tyranitar
|move|p2a: Excadrill|Rock Slide|p1b: Sneasler|[spread] p1a,p1b
|-resisted|p1b: Sneasler|1
|-damage|p1a: Milotic|82/100
|-damage|p1b: Sneasler|71/100
|move|p1b: Sneasler|Dire Claw|p2b: Tyranitar
|-resisted|p2b: Tyranitar|1
|-damage|p2b: Tyranitar|78/100
|-status|p2b: Tyranitar|psn
|move|p1a: Milotic|Coil|p1a: Milotic
|-boost|p1a: Milotic|atk|1
|-boost|p1a: Milotic|def|1
|-boost|p1a: Milotic|accuracy|1
|
|-weather|Sandstorm|[upkeep]
|-damage|p1b: Sneasler|65/100|[from] Sandstorm
|-damage|p1a: Milotic|76/100|[from] Sandstorm
|-heal|p1a: Milotic|82/100|[from] item: Leftovers
|-damage|p2b: Tyranitar|66/100 psn|[from] psn
|upkeep
|turn|2
|
|t:|1786074735
|switch|p2b: Rotom|Rotom-Wash, L50|100/100
|move|p1b: Sneasler|Protect|p1b: Sneasler
|-singleturn|p1b: Sneasler|Protect
|move|p2a: Excadrill|Earthquake|p1a: Milotic|[spread] p1a
|-activate|p1b: Sneasler|move: Protect
|-immune|p2b: Rotom|[from] ability: Levitate
|-damage|p1a: Milotic|53/100
|move|p1a: Milotic|Muddy Water|p2a: Excadrill|[spread] p2a,p2b
|-supereffective|p2a: Excadrill|1
|-resisted|p2b: Rotom|1
|-damage|p2a: Excadrill|39/100
|-damage|p2b: Rotom|87/100
|-unboost|p2b: Rotom|accuracy|1
|
|-weather|Sandstorm|[upkeep]
|-damage|p1b: Sneasler|59/100|[from] Sandstorm
|-damage|p2b: Rotom|81/100|[from] Sandstorm
|-damage|p1a: Milotic|47/100|[from] Sandstorm
|-heal|p1a: Milotic|53/100|[from] item: Leftovers
|upkeep
|turn|3
|
|t:|1786074751
|switch|p1b: Rotom|Rotom-Heat, L50, shiny|100/100
|move|p2a: Excadrill|Earthquake|p1a: Milotic|[spread] p1a
|-immune|p2b: Rotom|[from] ability: Levitate
|-immune|p1b: Rotom|[from] ability: Levitate
|-damage|p1a: Milotic|28/100
|move|p2b: Rotom|Thunderbolt|p1a: Milotic
|-supereffective|p1a: Milotic|1
|-damage|p1a: Milotic|0 fnt
|faint|p1a: Milotic
|
|-weather|Sandstorm|[upkeep]
|-damage|p1b: Rotom|93/100|[from] Sandstorm
|-damage|p2b: Rotom|76/100|[from] Sandstorm
|upkeep
|
|t:|1786074761
|switch|p1a: Garchomp|Garchomp, L50, M, shiny|100/100
|turn|4
|
|t:|1786074770
|switch|p2b: Tsareena|Tsareena, L50, F|100/100
|move|p1a: Garchomp|Protect|p1a: Garchomp
|-singleturn|p1a: Garchomp|Protect
|move|p2a: Excadrill|Rock Slide|p1a: Garchomp|[spread] p1b
|-activate|p1a: Garchomp|move: Protect
|-supereffective|p1b: Rotom|1
|-damage|p1b: Rotom|41/100
|-enditem|p1b: Rotom|Sitrus Berry|[eat]
|-heal|p1b: Rotom|66/100|[from] item: Sitrus Berry
|move|p1b: Rotom|Thunderbolt|p2b: Tsareena
|-resisted|p2b: Tsareena|1
|-damage|p2b: Tsareena|78/100
|
|-weather|Sandstorm|[upkeep]
|-damage|p2b: Tsareena|72/100|[from] Sandstorm
|-damage|p1b: Rotom|60/100|[from] Sandstorm
|upkeep
|turn|5
|
|t:|1786074790
|move|p1b: Rotom|Protect|p1b: Rotom
|-singleturn|p1b: Rotom|Protect
|move|p2a: Excadrill|Rock Slide|p1b: Rotom|[spread] p1a
|-activate|p1b: Rotom|move: Protect
|-resisted|p1a: Garchomp|1
|-damage|p1a: Garchomp|89/100
|move|p2b: Tsareena|Power Whip|p1b: Rotom
|-activate|p1b: Rotom|move: Protect
|move|p1a: Garchomp|Earthquake|p2b: Tsareena|[spread] p2a,p2b
|-activate|p1b: Rotom|move: Protect
|-supereffective|p2a: Excadrill|1
|-resisted|p2b: Tsareena|1
|-damage|p2a: Excadrill|0 fnt
|-damage|p2b: Tsareena|42/100
|faint|p2a: Excadrill
|-damage|p1a: Garchomp|79/100|[from] item: Life Orb
|
|-weather|none
|upkeep
|
|t:|1786074796
|switch|p2a: Rotom|Rotom-Wash, L50|76/100
|turn|6
|
|t:|1786074817
|switch|p2b: Tyranitar|Tyranitar, L50, M|66/100 psn
|-weather|Sandstorm|[from] ability: Sand Stream|[of] p2b: Tyranitar
|move|p2a: Rotom|Protect|p2a: Rotom
|-singleturn|p2a: Rotom|Protect
|move|p1a: Garchomp|Swords Dance|p1a: Garchomp
|-boost|p1a: Garchomp|atk|2
|move|p1b: Rotom|Electroweb|p2b: Tyranitar|[spread] p2b
|-activate|p2a: Rotom|move: Protect
|-damage|p2b: Tyranitar|53/100 psn
|-unboost|p2b: Tyranitar|spe|1
|
|-weather|Sandstorm|[upkeep]
|-damage|p1b: Rotom|54/100|[from] Sandstorm
|-damage|p2a: Rotom|70/100|[from] Sandstorm
|-damage|p2b: Tyranitar|41/100 psn|[from] psn
|upkeep
|turn|7
|
|t:|1786074843
|detailschange|p2b: Tyranitar|Tyranitar-Mega, L50, M
|-mega|p2b: Tyranitar|Tyranitar|Tyranitarite
|move|p1a: Garchomp|Dragon Claw|p2a: Rotom
|-damage|p2a: Rotom|0 fnt
|faint|p2a: Rotom
|-damage|p1a: Garchomp|69/100|[from] item: Life Orb
|move|p1b: Rotom|Electroweb|p2b: Tyranitar
|-damage|p2b: Tyranitar|27/100 psn
|-unboost|p2b: Tyranitar|spe|1
|move|p2b: Tyranitar|Knock Off|p1a: Garchomp
|-damage|p1a: Garchomp|7/100
|-damage|p2b: Tyranitar|14/100 psn|[from] ability: Rough Skin|[of] p1a: Garchomp
|-enditem|p1a: Garchomp|Life Orb|[from] move: Knock Off|[of] p2b: Tyranitar
|
|-weather|Sandstorm|[upkeep]
|-damage|p1b: Rotom|47/100|[from] Sandstorm
|-damage|p2b: Tyranitar|2/100 psn|[from] psn
|upkeep
|
|t:|1786074849
|switch|p2a: Tsareena|Tsareena, L50, F|42/100
|turn|8
|-message|PopoVGC forfeited.
|
|win|DJGrooves213
|l|☆PopoVGC
|player|p2|
||PopoVGC is ready for game 2.
||DJGrooves213 is ready for game 2.
|uhtml|next|Next: Game 2 of 3
