|j|☆exessvgc
|j|☆xNimxZ
|html|exessvgcxNimxZ    
|uhtml|bestof|Game 3 of a best-of-3
|t:|1783783273
|gametype|doubles
|player|p1|exessvgc|lucas|1183
|player|p2|xNimxZ|101|1129
|gen|9
|tier|[Gen 9 Champions] VGC 2026 Reg M-B (Bo3)
|rated|
|rule|Species Clause: Limit one of each Pokémon
|rule|Item Clause: Limit 1 of each item
|clearpoke
|poke|p1|Aerodactyl, L50, M|
|poke|p1|Raichu, L50, M|
|poke|p1|Charizard, L50, F|
|poke|p1|Whimsicott, L50, M|
|poke|p1|Basculegion, L50, M|
|poke|p1|Garchomp, L50, F|
|poke|p2|Metagross, L50|
|poke|p2|Incineroar, L50, M|
|poke|p2|Sylveon, L50, F|
|poke|p2|Aerodactyl, L50, F|
|poke|p2|Charizard, L50, F|
|poke|p2|Garchomp, L50, F|
|teampreview|4
|showteam|p1|Aerodactyl||Aerodactylite|Unnerve|IceFang,DualWingbeat,RockSlide,WideGuard|Jolly||M|||50|]Raichu||RaichuniteY|LightningRod|FocusBlast,ZapCannon,FakeOut,Protect|Timid||M|||50|]Charizard||CharizarditeY|SolarPower|WeatherBall,HeatWave,SolarBeam,Protect|Modest||F|||50|]Whimsicott||FocusSash|Prankster|Moonblast,Tailwind,SunnyDay,Protect|Timid||M|||50|]Basculegion||MysticWater|Adaptability|WaveCrash,LastRespects,AquaJet,Protect|Adamant||M|||50|]Garchomp||LifeOrb|RoughSkin|Protect,DragonClaw,StompingTantrum,Earthquake|Adamant||F|||50|
|showteam|p2|Metagross||Metagrossite|ClearBody|BulletPunch,BodyPress,PsychicFangs,Protect|Adamant|||||50|]Incineroar||SitrusBerry|Intimidate|FakeOut,FlareBlitz,DarkestLariat,PartingShot|Careful||M|||50|]Sylveon||FairyFeather|Pixilate|QuickAttack,HyperBeam,HyperVoice,Detect|Modest||F|||50|]Aerodactyl||FocusSash|Unnerve|Tailwind,RockSlide,DualWingbeat,Protect|Jolly||F|||50|]Charizard||CharizarditeY|Blaze|HeatWave,WeatherBall,SolarBeam,Protect|Modest||F|||50|]Garchomp||LifeOrb|RoughSkin|Earthquake,DragonClaw,RockSlide,Protect|Jolly||F|||50|
|
|t:|1783783297
|teamsize|p1|4
|teamsize|p2|4
|start
|switch|p1a: DINOSAUVO|Aerodactyl, L50, M|100/100
|switch|p1b: Kokiri|Whimsicott, L50, M|100/100
|switch|p2a: Aerodactyl|Aerodactyl, L50, F|100/100
|switch|p2b: Garchomp|Garchomp, L50, F|100/100
|-ability|p2a: Aerodactyl|Unnerve
|-ability|p1a: DINOSAUVO|Unnerve
|turn|1
|
|t:|1783783335
|detailschange|p1a: DINOSAUVO|Aerodactyl-Mega, L50, M
|-mega|p1a: DINOSAUVO|Aerodactyl|Aerodactylite
|move|p1b: Kokiri|Protect|p1b: Kokiri
|-singleturn|p1b: Kokiri|Protect
|move|p1a: DINOSAUVO|Rock Slide|p2a: Aerodactyl|[spread] p2b
|-miss|p1a: DINOSAUVO|p2a: Aerodactyl
|-resisted|p2b: Garchomp|1
|-damage|p2b: Garchomp|85/100
|move|p2a: Aerodactyl|Rock Slide|p1b: Kokiri|[spread] p1a
|-activate|p1b: Kokiri|move: Protect
|-supereffective|p1a: DINOSAUVO|1
|-damage|p1a: DINOSAUVO|30/100
|move|p2b: Garchomp|Earthquake|p1b: Kokiri|[spread] 
|-activate|p1b: Kokiri|move: Protect
|-immune|p2a: Aerodactyl
|-immune|p1a: DINOSAUVO
|
|upkeep
|turn|2
|
|t:|1783783361
|switch|p2b: Incineroar|Incineroar, L50, M|100/100
|-ability|p2b: Incineroar|Intimidate|boost
|-unboost|p1a: DINOSAUVO|atk|1
|-unboost|p1b: Kokiri|atk|1
|move|p1b: Kokiri|Tailwind|p1b: Kokiri
|-sidestart|p1: exessvgc|move: Tailwind
|move|p1a: DINOSAUVO|Rock Slide|p2a: Aerodactyl|[spread] p2a,p2b
|-supereffective|p2a: Aerodactyl|1
|-supereffective|p2b: Incineroar|1
|-damage|p2a: Aerodactyl|31/100
|-damage|p2b: Incineroar|64/100
|move|p2a: Aerodactyl|Rock Slide|p1a: DINOSAUVO|[spread] p1a,p1b
|-supereffective|p1a: DINOSAUVO|1
|-damage|p1a: DINOSAUVO|0 fnt
|-damage|p1b: Kokiri|64/100
|faint|p1a: DINOSAUVO
|
|upkeep
|
|t:|1783783374
|switch|p1a: NEMO|Basculegion, L50, M|100/100
|turn|3
|
|t:|1783783401
|move|p1b: Kokiri|Protect|p1b: Kokiri
|-singleturn|p1b: Kokiri|Protect
|move|p1a: NEMO|Protect|p1a: NEMO
|-singleturn|p1a: NEMO|Protect
|move|p2a: Aerodactyl|Protect|p2a: Aerodactyl
|-singleturn|p2a: Aerodactyl|Protect
|move|p2b: Incineroar|Parting Shot|p1a: NEMO
|-activate|p1a: NEMO|move: Protect
|
|upkeep
|turn|4
|
|t:|1783783417
|move|p1b: Kokiri|Moonblast|p2a: Aerodactyl
|-damage|p2a: Aerodactyl|0 fnt
|faint|p2a: Aerodactyl
|move|p1a: NEMO|Wave Crash|p2b: Incineroar
|-supereffective|p2b: Incineroar|1
|-damage|p2b: Incineroar|0 fnt
|faint|p2b: Incineroar
|-damage|p1a: NEMO|79/100|[from] Recoil
|
|upkeep
|
|t:|1783783424
|switch|p2a: Garchomp|Garchomp, L50, F|85/100
|switch|p2b: Charizard|Charizard, L50, F|100/100
|turn|5
|
|t:|1783783460
|detailschange|p2b: Charizard|Charizard-Mega-Y, L50, F
|-mega|p2b: Charizard|Charizard|Charizardite Y
|-weather|SunnyDay|[from] ability: Drought|[of] p2b: Charizard
|move|p1b: Kokiri|Protect|p1b: Kokiri
|-singleturn|p1b: Kokiri|Protect
|move|p1a: NEMO|Wave Crash|p2b: Charizard
|-supereffective|p2b: Charizard|1
|-damage|p2b: Charizard|9/100
|-damage|p1a: NEMO|55/100|[from] Recoil
|move|p2a: Garchomp|Earthquake|p1a: NEMO|[spread] p1a
|-activate|p1b: Kokiri|move: Protect
|-immune|p2b: Charizard
|-damage|p1a: NEMO|4/100
|-damage|p2a: Garchomp|75/100|[from] item: Life Orb
|move|p2b: Charizard|Heat Wave|p1b: Kokiri|[spread] p1a
|-activate|p1b: Kokiri|move: Protect
|-resisted|p1a: NEMO|1
|-damage|p1a: NEMO|0 fnt
|faint|p1a: NEMO
|
|-weather|SunnyDay|[upkeep]
|-sideend|p1: exessvgc|move: Tailwind
|upkeep
|
|t:|1783783472
|switch|p1a: Pietro|Raichu, L50, M|100/100
|turn|6
|
|t:|1783783500
|move|p1a: Pietro|Fake Out|p2a: Garchomp
|-damage|p2a: Garchomp|68/100
|-damage|p1a: Pietro|87/100|[from] ability: Rough Skin|[of] p2a: Garchomp
|move|p1b: Kokiri|Moonblast|p2b: Charizard
|-resisted|p2b: Charizard|1
|-damage|p2b: Charizard|0 fnt
|faint|p2b: Charizard
|cant|p2a: Garchomp|flinch
|
|-weather|SunnyDay|[upkeep]
|upkeep
|turn|7
|
|t:|1783783518
|move|p1b: Kokiri|Moonblast|p2a: Garchomp
|-supereffective|p2a: Garchomp|1
|-damage|p2a: Garchomp|0 fnt
|faint|p2a: Garchomp
|
|win|exessvgc
|raw|exessvgc's rating: 1183 → 1204(+21 for winning)
|raw|xNimxZ's rating: 1129 → 1108(-21 for losing)
