|j|☆mikelpoyarzabal
|j|☆Refanner
|html|mikelpoyarzabalRefanner    
|uhtml|bestof|Game 1 of a best-of-3
|t:|1783354000
|gametype|doubles
|player|p1|mikelpoyarzabal|arven-s|1184
|player|p2|Refanner|169|1131
|gen|9
|tier|[Gen 9 Champions] VGC 2026 Reg M-B (Bo3)
|rated|
|rule|Species Clause: Limit one of each Pokémon
|rule|Item Clause: Limit 1 of each item
|clearpoke
|poke|p1|Incineroar, L50, F|
|poke|p1|Sinistcha, L50|
|poke|p1|Sneasler, L50, F|
|poke|p1|Blastoise, L50, M|
|poke|p1|Delphox, L50, M|
|poke|p1|Kingambit, L50, F|
|poke|p2|Grimmsnarl, L50, M|
|poke|p2|Venusaur, L50, M|
|poke|p2|Pelipper, L50, F|
|poke|p2|Archaludon, L50, M|
|poke|p2|Swampert, L50, F|
|poke|p2|Hydreigon, L50, F|
|teampreview|4
|showteam|p1|Incineroar||SitrusBerry|Intimidate|FakeOut,FlareBlitz,DarkestLariat,PartingShot|Impish||F|||50|]Sinistcha||OccaBerry|Hospitality|MatchaGotcha,TrickRoom,RagePowder,Protect|Bold|||||50|]Sneasler||FocusSash|PoisonTouch|FakeOut,CloseCombat,PoisonJab,RockTomb|Jolly||F|||50|]Blastoise||Blastoisinite|Torrent|WaterSpout,DarkPulse,ShellSmash,Protect|Modest||M|||50|]Delphox||Delphoxite|Blaze|HeatWave,Psychic,NastyPlot,Protect|Timid||M|||50|]Kingambit||LifeOrb|Defiant|SwordsDance,Protect,KowtowCleave,SuckerPunch|Adamant||F|||50|
|showteam|p2|Grimmsnarl||LightClay|Prankster|FoulPlay,Reflect,PartingShot,LightScreen|Careful||M|||50|]Venusaur||Venusaurite|Overgrow|EarthPower,GigaDrain,SludgeBomb,Protect|Modest||M|||50|]Pelipper||SitrusBerry|Drizzle|Hurricane,WeatherBall,WideGuard,Tailwind|Calm||F|||50|]Archaludon||Leftovers|Stamina|DragonPulse,ElectroShot,FlashCannon,Protect|Modest||M|||50|]Swampert||Swampertite|Torrent|WaveCrash,Earthquake,Protect,IcePunch|Adamant||F|||50|]Hydreigon||ChoiceScarf|Levitate|DracoMeteor,Snarl,DarkPulse,Uturn|Timid||F|||50|
|inactive|Battle timer is ON: inactive players will automatically lose when time's up. (requested by mikelpoyarzabal)
|inactive|Refanner has 60 seconds left.
|inactive|Refanner has 30 seconds left.
|inactive|Refanner has 20 seconds left.
|inactive|Refanner has 15 seconds left.
|
|t:|1783354081
|teamsize|p1|4
|teamsize|p2|4
|start
|switch|p1a: Sneasler|Sneasler, L50, F|100/100
|switch|p1b: Delphox|Delphox, L50, M|100/100
|switch|p2a: Pelipper|Pelipper, L50, F|100/100
|switch|p2b: Swampert|Swampert, L50, F|100/100
|-weather|RainDance|[from] ability: Drizzle|[of] p2a: Pelipper
|turn|1
|inactive|Refanner has 30 seconds left.
|inactive|Refanner has 20 seconds left.
|inactive|Refanner has 15 seconds left.
|inactive|Refanner has 10 seconds left.
|
|t:|1783354130
|detailschange|p1b: Delphox|Delphox-Mega, L50, M
|-mega|p1b: Delphox|Delphox|Delphoxite
|detailschange|p2b: Swampert|Swampert-Mega, L50, F
|-mega|p2b: Swampert|Swampert|Swampertite
|move|p1a: Sneasler|Fake Out|p2b: Swampert
|-damage|p2b: Swampert|87/100
|cant|p2b: Swampert|flinch
|move|p1b: Delphox|Psychic|p2a: Pelipper
|-damage|p2a: Pelipper|49/100
|-enditem|p2a: Pelipper|Sitrus Berry|[eat]
|-heal|p2a: Pelipper|73/100|[from] item: Sitrus Berry
|move|p2a: Pelipper|Tailwind|p2a: Pelipper
|-sidestart|p2: Refanner|move: Tailwind
|
|-weather|RainDance|[upkeep]
|upkeep
|turn|2
|inactive|Refanner has 30 seconds left.
|
|t:|1783354164
|switch|p1a: Incineroar|Incineroar, L50, F|100/100
|-ability|p1a: Incineroar|Intimidate|boost
|-unboost|p2a: Pelipper|atk|1
|-unboost|p2b: Swampert|atk|1
|move|p1b: Delphox|Protect|p1b: Delphox
|-singleturn|p1b: Delphox|Protect
|move|p2b: Swampert|Earthquake|p1a: Incineroar|[spread] p1a
|-activate|p1b: Delphox|move: Protect
|-immune|p2a: Pelipper
|-supereffective|p1a: Incineroar|1
|-damage|p1a: Incineroar|51/100
|move|p2a: Pelipper|Hurricane|p1a: Incineroar
|-damage|p1a: Incineroar|16/100
|-enditem|p1a: Incineroar|Sitrus Berry|[eat]
|-heal|p1a: Incineroar|41/100|[from] item: Sitrus Berry
|
|-weather|RainDance|[upkeep]
|upkeep
|turn|3
|inactive|mikelpoyarzabal has 30 seconds left.
|inactive|Refanner has 30 seconds left.
|inactive|mikelpoyarzabal has 20 seconds left.
|inactive|Refanner has 20 seconds left.
|
|t:|1783354201
|move|p1a: Incineroar|Fake Out|p2b: Swampert
|-damage|p2b: Swampert|76/100
|cant|p2b: Swampert|flinch
|move|p1b: Delphox|Psychic|p2a: Pelipper
|-damage|p2a: Pelipper|20/100y
|move|p2a: Pelipper|Weather Ball|p1b: Delphox
|-supereffective|p1b: Delphox|1
|-damage|p1b: Delphox|12/100
|
|-weather|RainDance|[upkeep]
|upkeep
|turn|4
|inactive|Refanner has 30 seconds left.
|
|t:|1783354231
|switch|p2a: Hydreigon|Hydreigon, L50, F|100/100
|move|p1b: Delphox|Protect|p1b: Delphox
|-singleturn|p1b: Delphox|Protect
|move|p2b: Swampert|Earthquake|p1a: Incineroar|[spread] p1a
|-activate|p1b: Delphox|move: Protect
|-immune|p2a: Hydreigon|[from] ability: Levitate
|-supereffective|p1a: Incineroar|1
|-damage|p1a: Incineroar|0 fnt
|faint|p1a: Incineroar
|
|-weather|RainDance|[upkeep]
|-sideend|p2: Refanner|move: Tailwind
|upkeep
|
|t:|1783354246
|switch|p1a: Sneasler|Sneasler, L50, F|100/100
|turn|5
|inactive|Refanner has 30 seconds left.
|inactive|Refanner has 20 seconds left.
|
|t:|1783354284
|switch|p2b: Archaludon|Archaludon, L50, M|100/100
|switch|p1b: Sinistcha|Sinistcha, L50|100/100
|move|p1a: Sneasler|Fake Out|p2a: Hydreigon
|-damage|p2a: Hydreigon|83/100
|-status|p2a: Hydreigon|psn|[from] ability: Poison Touch|[of] p1a: Sneasler
|cant|p2a: Hydreigon|flinch
|
|-weather|none
|-damage|p2a: Hydreigon|71/100 psn|[from] psn
|upkeep
|turn|6
|inactive|Refanner has 30 seconds left.
|inactive|Refanner has 20 seconds left.
|inactive|Refanner has 15 seconds left.
|inactive|Refanner has 10 seconds left.
|
|t:|1783354329
|switch|p1b: Delphox|Delphox-Mega, L50, M|12/100
|move|p2b: Archaludon|Protect|p2b: Archaludon
|-singleturn|p2b: Archaludon|Protect
|move|p2a: Hydreigon|U-turn|p1a: Sneasler
|-resisted|p1a: Sneasler|2
|-damage|p1a: Sneasler|93/100
|
|t:|1783354336
|switch|p2a: Pelipper|Pelipper, L50, F|20/100y|[from] U-turn
|-weather|RainDance|[from] ability: Drizzle|[of] p2a: Pelipper
|move|p1a: Sneasler|Poison Jab|p2a: Pelipper
|-damage|p2a: Pelipper|0 fnt
|faint|p2a: Pelipper
|
|-weather|RainDance|[upkeep]
|upkeep
|
|t:|1783354344
|switch|p2a: Swampert|Swampert-Mega, L50, F|76/100
|turn|7
|
|t:|1783354354
|switch|p1a: Sinistcha|Sinistcha, L50|100/100
|-heal|p1b: Delphox|37/100|[from] ability: Hospitality|[of] p1a: Sinistcha
|move|p1b: Delphox|Protect|p1b: Delphox
|-singleturn|p1b: Delphox|Protect
|move|p2a: Swampert|Earthquake|p1a: Sinistcha|[spread] p2b,p1a
|-activate|p1b: Delphox|move: Protect
|-supereffective|p2b: Archaludon|1
|-resisted|p1a: Sinistcha|1
|-damage|p2b: Archaludon|32/100
|-damage|p1a: Sinistcha|79/100
|-ability|p2b: Archaludon|Stamina|boost
|-boost|p2b: Archaludon|def|1
|move|p2b: Archaludon|Electro Shot||[still]
|-prepare|p2b: Archaludon|Electro Shot
|-boost|p2b: Archaludon|spa|1
|-anim|p2b: Archaludon|Electro Shot|p1b: Delphox
|-activate|p1b: Delphox|move: Protect
|
|-weather|RainDance|[upkeep]
|-heal|p2b: Archaludon|38/100|[from] item: Leftovers
|upkeep
|turn|8
|
|t:|1783354371
|switch|p1b: Sneasler|Sneasler, L50, F|93/100
|switch|p2b: Hydreigon|Hydreigon, L50, F|71/100 psn
|move|p2a: Swampert|Wave Crash|p1b: Sneasler
|-damage|p1b: Sneasler|0 fnt
|faint|p1b: Sneasler
|-damage|p2a: Swampert|49/100|[from] Recoil
|move|p1a: Sinistcha|Matcha Gotcha|p2a: Swampert|[spread] p2a,p2b
|-supereffective|p2a: Swampert|2
|-crit|p2a: Swampert
|-resisted|p2b: Hydreigon|1
|-damage|p2a: Swampert|0 fnt
|-heal|p1a: Sinistcha|100/100|[from] drain|[of] p2a: Swampert
|-damage|p2b: Hydreigon|56/100 psn
|faint|p2a: Swampert
|
|-weather|RainDance|[upkeep]
|-damage|p2b: Hydreigon|44/100 psn|[from] psn
|upkeep
|
|t:|1783354383
|switch|p1b: Delphox|Delphox-Mega, L50, M|37/100
|switch|p2a: Archaludon|Archaludon, L50, M|38/100
|turn|9
|
|t:|1783354402
|move|p1b: Delphox|Protect|p1b: Delphox
|-singleturn|p1b: Delphox|Protect
|move|p2a: Archaludon|Protect|p2a: Archaludon
|-singleturn|p2a: Archaludon|Protect
|move|p2b: Hydreigon|Snarl|p1b: Delphox|[spread] p1a
|-activate|p1b: Delphox|move: Protect
|-supereffective|p1a: Sinistcha|1
|-damage|p1a: Sinistcha|59/100
|-unboost|p1a: Sinistcha|spa|1
|move|p1a: Sinistcha|Trick Room|p1a: Sinistcha
|-fieldstart|move: Trick Room|[of] p1a: Sinistcha
|
|-weather|RainDance|[upkeep]
|-heal|p2a: Archaludon|44/100|[from] item: Leftovers
|-damage|p2b: Hydreigon|32/100 psn|[from] psn
|upkeep
|turn|10
|
|t:|1783354426
|move|p1a: Sinistcha|Rage Powder|p1a: Sinistcha
|-singleturn|p1a: Sinistcha|move: Rage Powder
|move|p2a: Archaludon|Dragon Pulse|p1a: Sinistcha
|-damage|p1a: Sinistcha|19/100
|move|p1b: Delphox|Heat Wave|p2b: Hydreigon|[spread] p2a,p2b
|-resisted|p2b: Hydreigon|1
|-damage|p2a: Archaludon|23/100
|-damage|p2b: Hydreigon|20/100y psn
|-ability|p2a: Archaludon|Stamina|boost
|-boost|p2a: Archaludon|def|1
|move|p2b: Hydreigon|Snarl|p1a: Sinistcha|[spread] p1a,p1b
|-supereffective|p1a: Sinistcha|1
|-crit|p1a: Sinistcha
|-supereffective|p1b: Delphox|1
|-damage|p1a: Sinistcha|0 fnt
|-damage|p1b: Delphox|3/100
|-unboost|p1b: Delphox|spa|1
|faint|p1a: Sinistcha
|
|-weather|none
|-heal|p2a: Archaludon|29/100|[from] item: Leftovers
|-damage|p2b: Hydreigon|7/100 psn|[from] psn
|upkeep
|turn|11
|-message|mikelpoyarzabal forfeited.
|
|win|Refanner
||mikelpoyarzabal is ready for game 2.
||Refanner is ready for game 2.
|uhtml|next|Next: Game 2 of 3
|l|☆mikelpoyarzabal
|player|p1|
