|j|☆Legend7354
|j|☆sophiadeclare
|html|Legend7354sophiadeclare    
|uhtml|bestof|Game 3 of a best-of-3
|t:|1784215702
|gametype|doubles
|player|p1|Legend7354|169|1042
|player|p2|sophiadeclare|hilbert-wonderlauncher|1113
|gen|9
|tier|[Gen 9 Champions] VGC 2026 Reg M-B (Bo3)
|rated|
|rule|Species Clause: Limit one of each Pokémon
|rule|Item Clause: Limit 1 of each item
|clearpoke
|poke|p1|Froslass, L50, F|
|poke|p1|Glimmora, L50, M|
|poke|p1|Kingambit, L50, F|
|poke|p1|Sneasler, L50, M|
|poke|p1|Basculegion, L50, M|
|poke|p1|Dragonite, L50, F|
|poke|p2|Kingambit, L50, M, shiny|
|poke|p2|Garchomp, L50, M, shiny|
|poke|p2|Farigiraf, L50, F, shiny|
|poke|p2|Sylveon, L50, F, shiny|
|poke|p2|Aerodactyl, L50, F, shiny|
|poke|p2|Charizard, L50, M, shiny|
|teampreview|4
|showteam|p1|Froslass||Froslassite|CursedBody|Blizzard,ShadowBall,AuroraVeil,Protect|Timid||F|||50|]Glimmora||Glimmoranite|ToxicDebris|SludgeBomb,PowerGem,EarthPower,SpikyShield|Modest||M|||50|]Kingambit||BlackGlasses|Defiant|SuckerPunch,KowtowCleave,SwordsDance,Protect|Adamant||F|||50|]Sneasler||WhiteHerb|Unburden|FakeOut,CloseCombat,DireClaw,Protect|Adamant||M|||50|]Basculegion||ChoiceScarf|Adaptability|LastRespects,FlipTurn,AquaJet,WaveCrash|Jolly||M|||50|]Dragonite||LifeOrb|InnerFocus|ExtremeSpeed,DragonClaw,BrickBreak,Tailwind|Adamant||F|||50|
|showteam|p2|Kingambit||FocusSash|Defiant|SuckerPunch,KowtowCleave,LowKick,IronHead|Adamant||M|||50|]Garchomp||LifeOrb|RoughSkin|Earthquake,DragonClaw,StompingTantrum,Protect|Jolly||M|||50|]Farigiraf||SitrusBerry|ArmorTail|Psychic,Thunderbolt,TrickRoom,Protect|Bold||F|||50|]Sylveon||FairyFeather|Pixilate|HyperVoice,HyperBeam,QuickAttack,Detect|Modest||F|||50|]Aerodactyl||Aerodactylite|Unnerve|Tailwind,RockSlide,DualWingbeat,IceFang|Jolly||F|||50|]Charizard||CharizarditeY|SolarPower|Protect,HeatWave,WeatherBall,SolarBeam|Modest||M|||50|
|
|t:|1784215811
|teamsize|p1|4
|teamsize|p2|4
|start
|switch|p1a: Sneasler|Sneasler, L50, M|100/100
|switch|p1b: Froslass|Froslass, L50, F|100/100
|switch|p2a: bố mày|Charizard, L50, M, shiny|100/100
|switch|p2b: bố meta|Aerodactyl, L50, F, shiny|100/100
|-ability|p2b: bố meta|Unnerve
|turn|1
|
|t:|1784215847
|detailschange|p1b: Froslass|Froslass-Mega, L50, F
|-mega|p1b: Froslass|Froslass|Froslassite
|-weather|Snowscape|[from] ability: Snow Warning|[of] p1b: Froslass
|move|p1a: Sneasler|Fake Out|p2b: bố meta
|-resisted|p2b: bố meta|1
|-damage|p2b: bố meta|89/100
|cant|p2b: bố meta|flinch
|move|p1b: Froslass|Blizzard|p2b: bố meta|[spread] p2a,p2b
|-supereffective|p2b: bố meta|1
|-damage|p2a: bố mày|50/100g
|-damage|p2b: bố meta|0 fnt
|faint|p2b: bố meta
|move|p2a: bố mày|Heat Wave|p1b: Froslass|[spread] p1a
|-miss|p2a: bố mày|p1b: Froslass
|-damage|p1a: Sneasler|61/100
|
|-weather|Snowscape|[upkeep]
|upkeep
|
|t:|1784215864
|switch|p2b: cha già|Kingambit, L50, M, shiny|100/100
|turn|2
|
|t:|1784215886
|detailschange|p2a: bố mày|Charizard-Mega-Y, L50, M, shiny
|-mega|p2a: bố mày|Charizard|Charizardite Y
|-weather|SunnyDay|[from] ability: Drought|[of] p2a: bố mày
|move|p1a: Sneasler|Protect|p1a: Sneasler
|-singleturn|p1a: Sneasler|Protect
|move|p1b: Froslass|Protect|p1b: Froslass
|-singleturn|p1b: Froslass|Protect
|move|p2a: bố mày|Heat Wave|p1a: Sneasler|[spread] 
|-activate|p1a: Sneasler|move: Protect
|-activate|p1b: Froslass|move: Protect
|move|p2b: cha già|Kowtow Cleave|p1a: Sneasler
|-activate|p1a: Sneasler|move: Protect
|
|-weather|SunnyDay|[upkeep]
|upkeep
|turn|3
|
|t:|1784215917
|switch|p1b: Dragonite|Dragonite, L50, F|100/100
|move|p1a: Sneasler|Close Combat|p2b: cha già
|-supereffective|p2b: cha già|2
|-enditem|p2b: cha già|Focus Sash
|-damage|p2b: cha già|1/100
|-unboost|p1a: Sneasler|def|1
|-unboost|p1a: Sneasler|spd|1
|-enditem|p1a: Sneasler|White Herb
|-clearnegativeboost|p1a: Sneasler|[silent]
|move|p2a: bố mày|Heat Wave|p1a: Sneasler|[spread] p1a,p1b
|-resisted|p1b: Dragonite|1
|-damage|p1a: Sneasler|0 fnt
|-damage|p1b: Dragonite|69/100
|faint|p1a: Sneasler
|move|p2b: cha già|Kowtow Cleave|p1b: Dragonite
|-damage|p1b: Dragonite|11/100
|
|-weather|SunnyDay|[upkeep]
|upkeep
|
|t:|1784215934
|switch|p1a: Froslass|Froslass-Mega, L50, F|100/100
|-weather|Snowscape|[from] ability: Snow Warning|[of] p1a: Froslass
|turn|4
|
|t:|1784215949
|move|p1b: Dragonite|Extreme Speed|p2b: cha già
|-resisted|p2b: cha già|1
|-damage|p2b: cha già|0 fnt
|faint|p2b: cha già
|-damage|p1b: Dragonite|1/100|[from] item: Life Orb
|move|p1a: Froslass|Aurora Veil|p1a: Froslass
|-sidestart|p1: Legend7354|move: Aurora Veil
|move|p2a: bố mày|Heat Wave|p1b: Dragonite|[spread] p1a,p1b
|-supereffective|p1a: Froslass|1
|-resisted|p1b: Dragonite|1
|-damage|p1a: Froslass|41/100
|-damage|p1b: Dragonite|0 fnt
|faint|p1b: Dragonite
|
|-weather|Snowscape|[upkeep]
|upkeep
|
|t:|1784215961
|switch|p1b: Basculegion|Basculegion, L50, M|100/100
|switch|p2b: sủa|Sylveon, L50, F, shiny|100/100
|turn|5
|
|t:|1784215977
|move|p1b: Basculegion|Last Respects|p2a: bố mày
|-damage|p2a: bố mày|0 fnt
|faint|p2a: bố mày
|move|p1a: Froslass|Blizzard|p2b: sủa
|-damage|p2b: sủa|54/100
|-status|p2b: sủa|frz
|cant|p2b: sủa|frz
|
|-weather|Snowscape|[upkeep]
|upkeep
|turn|6
|-message|sophiadeclare forfeited.
|
|win|Legend7354
|raw|Legend7354's rating: 1042 → 1082(+40 for winning)
|raw|sophiadeclare's rating: 1113 → 1083(-30 for losing)
