|j|☆namboyVGC
|j|☆buf91 Lupita
|html|namboyVGCbuf91 Lupita    
|uhtml|bestof|Game 2 of a best-of-3
|t:|1756150286
|gametype|doubles
|player|p1|namboyVGC|pokemonranger-gen4|1252
|player|p2|buf91 Lupita|lucas|1202
|gen|9
|tier|[Gen 9] VGC 2025 Reg H (Bo3)
|rated|
|rule|Species Clause: Limit one of each Pokémon
|rule|Item Clause: Limit 1 of each item
|clearpoke
|poke|p1|Sneasler, L50, F|
|poke|p1|Indeedee, L50, M|
|poke|p1|Annihilape, L50, F|
|poke|p1|Tyranitar, L50, M|
|poke|p1|Excadrill, L50, M|
|poke|p1|Hydreigon, L50, M|
|poke|p2|Typhlosion-Hisui, L50, F|
|poke|p2|Whimsicott, L50, M|
|poke|p2|Kingambit, L50, F|
|poke|p2|Farigiraf, L50, M|
|poke|p2|Ursaluna-Bloodmoon, L50, M|
|poke|p2|Annihilape, L50, F|
|teampreview|4
|showteam|p1|Sneasler||PsychicSeed|Unburden|CloseCombat,DireClaw,ThroatChop,Protect|||F|||50|,,,,,Dark]Indeedee||ChoiceScarf|PsychicSurge|ExpandingForce,TeraBlast,Trick,DazzlingGleam|||M|||50|,,,,,Fire]Annihilape||SafetyGoggles|Defiant|CloseCombat,RageFist,Taunt,FinalGambit|||F|||50|,,,,,Psychic]Tyranitar||AssaultVest|SandStream|RockSlide,KnockOff,TeraBlast,LowKick|||M|||50|,,,,,Flying]Excadrill||FocusSash|SandRush|HighHorsepower,Earthquake,IronHead,Protect|||M|||50|,,,,,Stellar]Hydreigon||CovertCloak|Levitate|Snarl,DracoMeteor,Tailwind,Roar|||M|||50|,,,,,Poison
|showteam|p2|Typhlosion-Hisui||ChoiceSpecs|Blaze|HeatWave,Eruption,ShadowBall,Flamethrower|||F|||50|,,,,,Fire]Whimsicott||CovertCloak|Prankster|SunnyDay,Tailwind,Moonblast,Encore|||M|||50|,,,,,Ghost]Kingambit||AssaultVest|Defiant|KowtowCleave,LowKick,IronHead,SuckerPunch|||F|||50|,,,,,Fairy]Farigiraf||SitrusBerry|ArmorTail|TrickRoom,HelpingHand,Psychic,FoulPlay|||M|||50|,,,,,Fairy]Ursaluna-Bloodmoon||LifeOrb|MindsEye|Protect,BloodMoon,HyperVoice,EarthPower|||M|||50|,,,,,Normal]Annihilape||Leftovers|Defiant|Protect,BulkUp,DrainPunch,RageFist|||F|||50|,,,,,Fire
|inactive|Battle timer is ON: inactive players will automatically lose when time's up. (requested by namboyVGC)
|inactive|buf91 Lupita has 60 seconds left.
|
|t:|1756150342
|teamsize|p1|4
|teamsize|p2|4
|start
|switch|p1a: Annihilape|Annihilape, L50, F|100/100
|switch|p1b: Sneasler|Sneasler, L50, F|100/100
|switch|p2a: Typhlosion|Typhlosion-Hisui, L50, F|100/100
|switch|p2b: Whimsicott|Whimsicott, L50, M|100/100
|turn|1
|inactive|buf91 Lupita has 30 seconds left.
|inactive|buf91 Lupita has 20 seconds left.
|inactive|buf91 Lupita has 15 seconds left.
|
|t:|1756150382
|switch|p1a: Indeedee|Indeedee, L50, M|100/100
|-fieldstart|move: Psychic Terrain|[from] ability: Psychic Surge|[of] p1a: Indeedee
|-enditem|p1b: Sneasler|Psychic Seed
|-boost|p1b: Sneasler|spd|1|[from] item: Psychic Seed
|-terastallize|p1b: Sneasler|Dark
|move|p2b: Whimsicott|Tailwind|p2b: Whimsicott
|-sidestart|p2: buf91 Lupita|move: Tailwind
|move|p1b: Sneasler|Throat Chop|p2a: Typhlosion
|-supereffective|p2a: Typhlosion
|-damage|p2a: Typhlosion|0 fnt
|faint|p2a: Typhlosion
|
|upkeep
|inactive|buf91 Lupita has 30 seconds left.
|
|t:|1756150412
|switch|p2a: Kingambit|Kingambit, L50, F|100/100
|turn|2
|
|t:|1756150423
|-terastallize|p2a: Kingambit|Fairy
|move|p2b: Whimsicott|Moonblast|p1b: Sneasler
|-supereffective|p1b: Sneasler
|-damage|p1b: Sneasler|31/100
|move|p1b: Sneasler|Close Combat|p2a: Kingambit
|-resisted|p2a: Kingambit
|-damage|p2a: Kingambit|75/100
|-unboost|p1b: Sneasler|def|1
|-unboost|p1b: Sneasler|spd|1
|move|p1a: Indeedee|Trick|p2b: Whimsicott
|-activate|p1a: Indeedee|move: Trick|[of] p2b: Whimsicott
|-item|p2b: Whimsicott|Choice Scarf|[from] move: Trick
|-item|p1a: Indeedee|Covert Cloak|[from] move: Trick
|move|p2a: Kingambit|Low Kick|p1b: Sneasler
|-supereffective|p1b: Sneasler
|-damage|p1b: Sneasler|0 fnt
|faint|p1b: Sneasler
|
|upkeep
|inactive|namboyVGC has 30 seconds left.
|
|t:|1756150452
|switch|p1b: Excadrill|Excadrill, L50, M|100/100
|turn|3
|inactive|buf91 Lupita has 30 seconds left.
|inactive|buf91 Lupita has 20 seconds left.
|inactive|buf91 Lupita has 15 seconds left.
|inactive|buf91 Lupita has 10 seconds left.
|inactive|buf91 Lupita has 5 seconds left.
|
|t:|1756150504
|move|p2b: Whimsicott|Moonblast|p1b: Excadrill
|-resisted|p1b: Excadrill
|-damage|p1b: Excadrill|76/100
|-unboost|p1b: Excadrill|spa|1
|move|p1a: Indeedee|Expanding Force|p2b: Whimsicott|[spread] p2a,p2b
|-damage|p2a: Kingambit|39/100
|-damage|p2b: Whimsicott|12/100
|move|p2a: Kingambit|Low Kick|p1b: Excadrill
|-supereffective|p1b: Excadrill
|-damage|p1b: Excadrill|3/100
|move|p1b: Excadrill|Iron Head|p2a: Kingambit
|-supereffective|p2a: Kingambit
|-damage|p2a: Kingambit|0 fnt
|faint|p2a: Kingambit
|
|upkeep
|
|t:|1756150516
|switch|p2a: Ursaluna|Ursaluna-Bloodmoon, L50, M|100/100
|turn|4
|
|t:|1756150527
|move|p1b: Excadrill|Protect|p1b: Excadrill
|-singleturn|p1b: Excadrill|Protect
|move|p2b: Whimsicott|Moonblast|p1a: Indeedee
|-damage|p1a: Indeedee|51/100
|move|p1a: Indeedee|Expanding Force|p2a: Ursaluna|[spread] p2a,p2b
|-damage|p2a: Ursaluna|42/100
|-damage|p2b: Whimsicott|0 fnt
|faint|p2b: Whimsicott
|move|p2a: Ursaluna|Hyper Voice|p1b: Excadrill|[spread] p1a
|-activate|p1b: Excadrill|move: Protect
|-damage|p1a: Indeedee|0 fnt
|faint|p1a: Indeedee
|-damage|p2a: Ursaluna|32/100|[from] item: Life Orb
|
|-sideend|p2: buf91 Lupita|move: Tailwind
|upkeep
|
|t:|1756150543
|switch|p1a: Annihilape|Annihilape, L50, F|100/100
|turn|5
|
|t:|1756150568
|move|p1a: Annihilape|Close Combat|p2a: Ursaluna
|-supereffective|p2a: Ursaluna
|-damage|p2a: Ursaluna|0 fnt
|-unboost|p1a: Annihilape|def|1
|-unboost|p1a: Annihilape|spd|1
|faint|p2a: Ursaluna
|
|win|namboyVGC
||buf91 Lupita is ready for game 3.
||namboyVGC is ready for game 3.
|uhtml|next|Next: Game 3 of 3
