|j|☆shaboogles
|j|☆Mega Chime Time
|html|shabooglesMega Chime Time    
|uhtml|bestof|Game 3 of a best-of-3
|t:|1783530678
|gametype|doubles
|player|p1|shaboogles|furisodegirl-white|
|player|p2|Mega Chime Time|miku-flying|
|gen|9
|tier|[Gen 9 Champions] VGC 2026 Reg M-B (Bo3)
|rule|Species Clause: Limit one of each Pokémon
|rule|Item Clause: Limit 1 of each item
|clearpoke
|poke|p1|Chandelure, L50, M|
|poke|p1|Garganacl, L50, F|
|poke|p1|Greninja, L50, M|
|poke|p1|Rotom-Mow, L50|
|poke|p1|Krookodile, L50, M|
|poke|p1|Ariados, L50, F|
|poke|p2|Altaria, L50, M|
|poke|p2|Salazzle, L50, F|
|poke|p2|Blastoise, L50, M|
|poke|p2|Rotom-Mow, L50, shiny|
|poke|p2|Skarmory, L50, F|
|poke|p2|Mudsdale, L50, M|
|teampreview|4
|showteam|p1|Chandelure||Chandelurite|Infiltrator|HeatWave,ShadowBall,TrickRoom,Protect|Modest||M|||50|]Garganacl||Leftovers|PurifyingSalt|WideGuard,SaltCure,Recover,Protect|Sassy||F|||50|]Greninja||Greninjite|Torrent|IcyWind,Protect,HydroPump,DarkPulse|Timid||M|||50|]Rotom-Mow||ChoiceScarf|Levitate|Thunderbolt,LeafStorm,Electroweb,Trick|Timid|||||50|]Krookodile||PasshoBerry|Intimidate|Crunch,Taunt,Protect,HighHorsepower|Adamant||M|||50|]Ariados||ScopeLens|Sniper|CrossPoison,Protect,RagePowder,KnockOff|Impish||F|||50|
|showteam|p2|Altaria||Altarianite|NaturalCure|HyperVoice,Roost,WillOWisp,Protect|Modest||M|||50|]Salazzle||FocusSash|Corrosion|FakeOut,HeatWave,Encore,Protect|Hasty||F|||50|]Blastoise||SitrusBerry|RainDish|FakeOut,WaveCrash,Yawn,LifeDew|Adamant||M|||50|]Rotom-Mow||ChoiceScarf|Levitate|Electroweb,Trick,LeafStorm,Thunderbolt|Timid|||||50|]Skarmory||Skarmorite|Sturdy|Tailwind,IronHead,BraveBird,Protect|Jolly||F|||50|]Mudsdale||Leftovers|Stamina|BodyPress,HighHorsepower,HeavySlam,Protect|Adamant||M|||50|
|inactive|Battle timer is ON: inactive players will automatically lose when time's up. (requested by Mega Chime Time)
|c|☆shaboogles|kinda mad at ariados for not critting
|c|☆Mega Chime Time|it was burned
|inactive|shaboogles has 60 seconds left.
|c|☆shaboogles|I STILL BLAME HIM
|inactive|shaboogles has 30 seconds left.
|c|☆Mega Chime Time|:'(
|
|t:|1783530740
|teamsize|p1|4
|teamsize|p2|4
|start
|switch|p1a: Greninja|Greninja, L50, M|100/100
|switch|p1b: Ariados|Ariados, L50, F|100/100
|switch|p2a: Rotom|Rotom-Mow, L50, shiny|100/100
|switch|p2b: Altaria|Altaria, L50, M|100/100
|turn|1
|inactive|shaboogles has 30 seconds left.
|
|t:|1783530767
|detailschange|p1a: Greninja|Greninja-Mega, L50, M
|-mega|p1a: Greninja|Greninja|Greninjite
|detailschange|p2b: Altaria|Altaria-Mega, L50, M
|-mega|p2b: Altaria|Altaria|Altarianite
|move|p2a: Rotom|Thunderbolt|p1a: Greninja
|-supereffective|p1a: Greninja|1
|-damage|p1a: Greninja|0 fnt
|faint|p1a: Greninja
|move|p2b: Altaria|Will-O-Wisp|p1b: Ariados
|-status|p1b: Ariados|brn
|move|p1b: Ariados|Cross Poison|p2b: Altaria
|-supereffective|p2b: Altaria|1
|-damage|p2b: Altaria|78/100
|
|-damage|p1b: Ariados|93/100 brn|[from] brn
|upkeep
|
|t:|1783530780
|switch|p1a: Chandelure|Chandelure, L50, M|100/100
|turn|2
|c|☆Mega Chime Time|your goat isn't critting
|
|t:|1783530802
|switch|p2a: Salazzle|Salazzle, L50, F|100/100
|move|p2b: Altaria|Hyper Voice|p1b: Ariados|[spread] p1a,p1b
|-resisted|p1a: Chandelure|1
|-resisted|p1b: Ariados|1
|-damage|p1a: Chandelure|77/100
|-damage|p1b: Ariados|71/100 brn
|move|p1a: Chandelure|Shadow Ball|p2b: Altaria
|-damage|p2b: Altaria|34/100
|move|p1b: Ariados|Cross Poison|p2b: Altaria
|-supereffective|p2b: Altaria|1
|-crit|p2b: Altaria
|-damage|p2b: Altaria|0 fnt
|faint|p2b: Altaria
|
|-damage|p1b: Ariados|64/100 brn|[from] brn
|upkeep
|c|☆Mega Chime Time|your goat crit
|c|☆shaboogles|THERE YOU GO ARIADOS
|inactive|Mega Chime Time has 30 seconds left.
|
|t:|1783530828
|switch|p2b: Mudsdale|Mudsdale, L50, M|100/100
|turn|3
|inactive|shaboogles has 30 seconds left.
|inactive|shaboogles has 20 seconds left.
|inactive|shaboogles has 15 seconds left.
|
|t:|1783530871
|move|p1b: Ariados|Protect|p1b: Ariados
|-singleturn|p1b: Ariados|Protect
|move|p2a: Salazzle|Fake Out|p1b: Ariados
|-activate|p1b: Ariados|move: Protect
|move|p1a: Chandelure|Heat Wave|p2b: Mudsdale|[spread] p2a,p2b
|-resisted|p2a: Salazzle|1
|-crit|p2a: Salazzle
|-damage|p2a: Salazzle|37/100
|-damage|p2b: Mudsdale|59/100
|-ability|p2b: Mudsdale|Stamina|boost
|-boost|p2b: Mudsdale|def|1
|move|p2b: Mudsdale|High Horsepower|p1a: Chandelure
|-supereffective|p1a: Chandelure|1
|-damage|p1a: Chandelure|0 fnt
|faint|p1a: Chandelure
|
|-heal|p2b: Mudsdale|65/100|[from] item: Leftovers
|-damage|p1b: Ariados|58/100 brn|[from] brn
|upkeep
|
|t:|1783530877
|switch|p1a: Rotom|Rotom-Mow, L50|100/100
|turn|4
|c|☆Mega Chime Time|umm wrong mon crit
|inactive|Mega Chime Time has 30 seconds left.
|
|t:|1783530905
|switch|p2a: Rotom|Rotom-Mow, L50, shiny|100/100
|move|p1a: Rotom|Thunderbolt|p2a: Rotom
|-resisted|p2a: Rotom|2
|-damage|p2a: Rotom|88/100
|move|p1b: Ariados|Knock Off|p1a: Rotom
|-crit|p1a: Rotom
|-damage|p1a: Rotom|68/100
|-enditem|p1a: Rotom|Choice Scarf|[from] move: Knock Off|[of] p1b: Ariados
|move|p2b: Mudsdale|Heavy Slam|p1a: Rotom
|-resisted|p1a: Rotom|1
|-damage|p1a: Rotom|39/100
|
|-heal|p2b: Mudsdale|71/100|[from] item: Leftovers
|-damage|p1b: Ariados|52/100 brn|[from] brn
|upkeep
|turn|5
|c|☆shaboogles|NO
|c|☆shaboogles|ARIADOS DONT CRIT THAT
|c|☆shaboogles|LMAO
|c|☆Mega Chime Time|lol
|inactive|shaboogles has 30 seconds left.
|inactive|Mega Chime Time has 30 seconds left.
|
|t:|1783530935
|move|p2a: Rotom|Electroweb|p1a: Rotom|[spread] p1b
|-miss|p2a: Rotom|p1a: Rotom
|-crit|p1b: Ariados
|-damage|p1b: Ariados|18/100 brn
|-unboost|p1b: Ariados|spe|1
|move|p1a: Rotom|Leaf Storm|p2b: Mudsdale
|-supereffective|p2b: Mudsdale|1
|-damage|p2b: Mudsdale|0 fnt
|-unboost|p1a: Rotom|spa|2
|faint|p2b: Mudsdale
|move|p1b: Ariados|Cross Poison|p2a: Rotom
|-supereffective|p2a: Rotom|1
|-damage|p2a: Rotom|60/100
|
|-damage|p1b: Ariados|12/100 brn|[from] brn
|upkeep
|c|☆Mega Chime Time|ROTOMMMMM
|
|t:|1783530945
|switch|p2b: Salazzle|Salazzle, L50, F|37/100
|turn|6
|c|☆Mega Chime Time|oh actually you got rid of the scarf it should be okay
|c|☆Mega Chime Time|heat wave take the wheel
|
|t:|1783530970
|move|p1b: Ariados|Protect|p1b: Ariados
|-singleturn|p1b: Ariados|Protect
|move|p2a: Rotom|Electroweb|p1b: Ariados|[spread] p1a
|-activate|p1b: Ariados|move: Protect
|-resisted|p1a: Rotom|2
|-damage|p1a: Rotom|33/100
|-unboost|p1a: Rotom|spe|1
|move|p2b: Salazzle|Heat Wave|p1a: Rotom|[spread] 
|-activate|p1b: Ariados|move: Protect
|-miss|p2b: Salazzle|p1a: Rotom
|move|p1a: Rotom|Electroweb|p2a: Rotom|[spread] p2a,p2b
|-resisted|p2a: Rotom|2
|-damage|p2a: Rotom|58/100
|-damage|p2b: Salazzle|18/100
|-unboost|p2a: Rotom|spe|1
|-unboost|p2b: Salazzle|spe|1
|
|-damage|p1b: Ariados|6/100 brn|[from] brn
|upkeep
|turn|7
|c|☆shaboogles|LOL
|c|☆Mega Chime Time|classic
|
|t:|1783530988
|move|p2a: Rotom|Electroweb|p1a: Rotom|[spread] p1a,p1b
|-resisted|p1a: Rotom|2
|-crit|p1b: Ariados
|-damage|p1a: Rotom|28/100
|-damage|p1b: Ariados|0 fnt
|-unboost|p1a: Rotom|spe|1
|faint|p1b: Ariados
|move|p2b: Salazzle|Heat Wave|p1a: Rotom
|-supereffective|p1a: Rotom|1
|-damage|p1a: Rotom|0 fnt
|faint|p1a: Rotom
|
|win|Mega Chime Time
|c|☆shaboogles|ggs ceri goat
|c|☆Mega Chime Time|GGs
|c|☆shaboogles|W set
|l|☆Mega Chime Time
|player|p2|
|j|☆Mega Chime Time
|player|p2|Mega Chime Time|miku-flying|
|l|☆Mega Chime Time
|player|p2|
|n|☆shaboogles|shaboogles
