|j|☆fredsdabest
|j|☆Yutsami
|html|fredsdabestYutsami    
|uhtml|bestof|Game 1 of a best-of-3
|t:|1782336577
|gametype|doubles
|player|p1|fredsdabest|2|1085
|player|p2|Yutsami|n|1121
|gen|9
|tier|[Gen 9 Champions] VGC 2026 Reg M-B (Bo3)
|rated|
|rule|Species Clause: Limit one of each Pokémon
|rule|Item Clause: Limit 1 of each item
|clearpoke
|poke|p1|Pelipper, L50, M|
|poke|p1|Sableye, L50, F|
|poke|p1|Sinistcha-Masterpiece, L50|
|poke|p1|Archaludon, L50, M|
|poke|p1|Sylveon, L50, F|
|poke|p1|Swampert, L50, M|
|poke|p2|Whimsicott, L50, M|
|poke|p2|Staraptor, L50, M|
|poke|p2|Garchomp, L50, M|
|poke|p2|Gholdengo, L50|
|poke|p2|Basculegion, L50, M|
|poke|p2|Typhlosion-Hisui, L50, F|
|teampreview|4
|showteam|p1|Pelipper||FocusSash|Drizzle|WeatherBall,Protect,Hurricane,Tailwind|Modest||M|||50|]Sableye||RoseliBerry|Prankster|RainDance,Encore,Reflect,LightScreen|Bold||F|||50|]Sinistcha-Masterpiece||SitrusBerry|Hospitality|RagePowder,MatchaGotcha,TrickRoom,ShadowBall|Bold|||||50|]Archaludon||Leftovers|Stamina|ElectroShot,FlashCannon,DragonPulse,Protect|Modest||M|||50|]Sylveon||FairyFeather|Pixilate|HyperBeam,HyperVoice,QuickAttack,Detect|Modest||F|||50|]Swampert||Swampertite|Damp|WaveCrash,Earthquake,IcePunch,Protect|Adamant||M|||50|
|showteam|p2|Whimsicott||FocusSash|Prankster|Moonblast,Tickle,FakeTears,Tailwind|Timid||M|||50|]Staraptor||Staraptite|Intimidate|BraveBird,CloseCombat,Roost,Protect|Jolly||M|||50|]Garchomp||RoseliBerry|RoughSkin|DragonClaw,StompingTantrum,RockSlide,PoisonJab|Jolly||M|||50|]Gholdengo||LifeOrb|GoodasGold|MakeItRain,ShadowBall,PowerGem,Protect|Modest|||||50|]Basculegion||MysticWater|Adaptability|WaveCrash,LastRespects,AquaJet,Protect|Adamant||M|||50|]Typhlosion-Hisui||ChoiceScarf|Frisk|ShadowBall,Eruption,HeatWave,BurnUp|Modest||F|||50|
|inactive|Battle timer is ON: inactive players will automatically lose when time's up. (requested by Yutsami)
|inactive|fredsdabest has 60 seconds left.
|inactive|Yutsami has 60 seconds left.
|
|t:|1782336621
|teamsize|p1|4
|teamsize|p2|4
|start
|switch|p1a: Sylveon|Sylveon, L50, F|100/100
|switch|p1b: Pelipper|Pelipper, L50, M|100/100
|switch|p2a: Whimsicott|Whimsicott, L50, M|100/100
|switch|p2b: Staraptor|Staraptor, L50, M|100/100
|-ability|p2b: Staraptor|Intimidate|boost
|-unboost|p1a: Sylveon|atk|1
|-unboost|p1b: Pelipper|atk|1
|-weather|RainDance|[from] ability: Drizzle|[of] p1b: Pelipper
|turn|1
|inactive|fredsdabest has 30 seconds left.
|inactive|Yutsami has 30 seconds left.
|j| demfromhell
|inactive|fredsdabest has 20 seconds left.
|inactive|Yutsami has 20 seconds left.
|inactive|fredsdabest has 15 seconds left.
|inactive|Yutsami has 15 seconds left.
|
|t:|1782336664
|switch|p2b: Gholdengo|Gholdengo, L50|100/100
|move|p2a: Whimsicott|Tailwind|p2a: Whimsicott
|-sidestart|p2: Yutsami|move: Tailwind
|move|p1b: Pelipper|Hurricane|p2a: Whimsicott
|-supereffective|p2a: Whimsicott|1
|-enditem|p2a: Whimsicott|Focus Sash
|-damage|p2a: Whimsicott|1/100
|-start|p2a: Whimsicott|confusion
|move|p1a: Sylveon|Hyper Beam|p2b: Gholdengo
|-resisted|p2b: Gholdengo|1
|-damage|p2b: Gholdengo|32/100
|-mustrecharge|p1a: Sylveon
|
|-weather|RainDance|[upkeep]
|upkeep
|turn|2
|inactive|Yutsami has 30 seconds left.
|inactive|fredsdabest has 30 seconds left.
|
|t:|1782336700
|-activate|p2a: Whimsicott|confusion
|move|p2a: Whimsicott|Moonblast|p1b: Pelipper
|-damage|p1b: Pelipper|43/100
|move|p2b: Gholdengo|Make It Rain|p1a: Sylveon|[spread] p1a,p1b
|-supereffective|p1a: Sylveon|1
|-resisted|p1b: Pelipper|1
|-damage|p1a: Sylveon|5/100
|-damage|p1b: Pelipper|0 fnt
|-unboost|p2b: Gholdengo|spa|2
|faint|p1b: Pelipper
|-damage|p2b: Gholdengo|23/100|[from] item: Life Orb
|cant|p1a: Sylveon|recharge
|
|-weather|RainDance|[upkeep]
|upkeep
|
|t:|1782336719
|switch|p1b: Archaludon|Archaludon, L50, M|100/100
|turn|3
|
|t:|1782336741
|switch|p2a: Staraptor|Staraptor, L50, M|100/100
|-ability|p2a: Staraptor|Intimidate|boost
|-unboost|p1a: Sylveon|atk|1
|-unboost|p1b: Archaludon|atk|1
|move|p1a: Sylveon|Quick Attack|p2a: Staraptor
|-damage|p2a: Staraptor|90/100
|move|p2b: Gholdengo|Shadow Ball|p1a: Sylveon
|-damage|p1a: Sylveon|0 fnt
|faint|p1a: Sylveon
|-damage|p2b: Gholdengo|13/100|[from] item: Life Orb
|move|p1b: Archaludon|Dragon Pulse|p2b: Gholdengo
|-resisted|p2b: Gholdengo|1
|-damage|p2b: Gholdengo|0 fnt
|faint|p2b: Gholdengo
|
|-weather|RainDance|[upkeep]
|upkeep
|
|t:|1782336758
|switch|p2b: Whimsicott|Whimsicott, L50, M|1/100
|switch|p1a: Swampert|Swampert, L50, M|100/100
|turn|4
|inactive|Yutsami has 30 seconds left.
|inactive|Yutsami has 20 seconds left.
|
|t:|1782336794
|detailschange|p2a: Staraptor|Staraptor-Mega, L50, M
|-mega|p2a: Staraptor|Staraptor|Staraptite
|detailschange|p1a: Swampert|Swampert-Mega, L50, M
|-mega|p1a: Swampert|Swampert|Swampertite
|move|p2b: Whimsicott|Tickle|p2a: Staraptor
|-boost|p2a: Staraptor|atk|1
|-boost|p2a: Staraptor|def|1
|move|p2a: Staraptor|Close Combat|p1a: Swampert
|-damage|p1a: Swampert|13/100
|-boost|p2a: Staraptor|def|1
|-boost|p2a: Staraptor|spd|1
|move|p1a: Swampert|Wave Crash|p2a: Staraptor
|-crit|p2a: Staraptor
|-damage|p2a: Staraptor|0 fnt
|faint|p2a: Staraptor
|-damage|p1a: Swampert|0 fnt|[from] Recoil
|faint|p1a: Swampert
|move|p1b: Archaludon|Flash Cannon|p2b: Whimsicott
|-supereffective|p2b: Whimsicott|1
|-damage|p2b: Whimsicott|0 fnt
|faint|p2b: Whimsicott
|
|-weather|RainDance|[upkeep]
|-sideend|p2: Yutsami|move: Tailwind
|upkeep
|
|t:|1782336813
|switch|p2b: Basculegion|Basculegion, L50, M|100/100
|turn|5
|
|t:|1782336830
|move|p2b: Basculegion|Protect|p2b: Basculegion
|-singleturn|p2b: Basculegion|Protect
|move|p1b: Archaludon|Electro Shot||[still]
|-prepare|p1b: Archaludon|Electro Shot
|-boost|p1b: Archaludon|spa|1
|-anim|p1b: Archaludon|Electro Shot|p2b: Basculegion
|-activate|p2b: Basculegion|move: Protect
|
|-weather|none
|upkeep
|turn|6
|
|t:|1782336841
|move|p1b: Archaludon|Electro Shot||[still]
|-prepare|p1b: Archaludon|Electro Shot
|-boost|p1b: Archaludon|spa|1
|move|p2b: Basculegion|Last Respects|p1b: Archaludon
|-damage|p1b: Archaludon|0 fnt
|faint|p1b: Archaludon
|
|win|Yutsami
||fredsdabest is ready for game 2.
