|j|☆logcool
|j|☆lettitripppp
|html|logcoollettitripppp    
|uhtml|bestof|Game 1 of a best-of-3
|t:|1784216459
|gametype|doubles
|player|p1|logcool|2|1184
|player|p2|lettitripppp|lucas|1250
|gen|9
|tier|[Gen 9 Champions] VGC 2026 Reg M-B (Bo3)
|rated|
|rule|Species Clause: Limit one of each Pokémon
|rule|Item Clause: Limit 1 of each item
|clearpoke
|poke|p1|Sneasler, L50, F|
|poke|p1|Sinistcha, L50|
|poke|p1|Gyarados, L50, M, shiny|
|poke|p1|Gholdengo, L50|
|poke|p1|Raichu, L50, F|
|poke|p1|Pelipper, L50, M|
|poke|p2|Aerodactyl, L50, F|
|poke|p2|Charizard, L50, M|
|poke|p2|Farigiraf, L50, M|
|poke|p2|Garchomp, L50, M|
|poke|p2|Sylveon, L50, F|
|poke|p2|Kingambit, L50, M|
|teampreview|4
|showteam|p1|Sneasler||FocusSash|Unburden|FakeOut,DireClaw,CloseCombat,Coaching|Jolly||F|||50|]Sinistcha||ColburBerry|Hospitality|MatchaGotcha,RagePowder,LifeDew,TrickRoom|Sassy|||||50|]Gyarados||Gyaradosite|Intimidate|DragonDance,Crunch,Waterfall,Protect|Adamant||M|||50|]Gholdengo||Leftovers|GoodasGold|ShadowBall,MakeItRain,NastyPlot,Protect|Modest|||||50|]Raichu||RaichuniteY|LightningRod|ZapCannon,FocusBlast,FakeOut,Protect|Timid||F|||50|]Pelipper||SitrusBerry|Drizzle|Hurricane,Tailwind,WeatherBall,WideGuard|Serious||M|||50|
|showteam|p2|Aerodactyl||Aerodactylite|Unnerve|DualWingbeat,RockSlide,Tailwind,IceFang|Jolly||F|||50|]Charizard||CharizarditeY|Blaze|WeatherBall,SolarBeam,HeatWave,Protect|Modest||M|||50|]Farigiraf||SitrusBerry|ArmorTail|Thunderbolt,TrickRoom,TwinBeam,Roar|Calm||M|||50|]Garchomp||LifeOrb|RoughSkin|StompingTantrum,DragonClaw,Earthquake,Protect|Jolly||M|||50|]Sylveon||FairyFeather|Pixilate|QuickAttack,HyperBeam,HyperVoice,Detect|Modest||F|||50|]Kingambit||FocusSash|Defiant|KowtowCleave,SuckerPunch,IronHead,LowKick|Adamant||M|||50|
|inactive|Battle timer is ON: inactive players will automatically lose when time's up. (requested by lettitripppp)
|inactive|logcool has 60 seconds left.
|inactive|lettitripppp has 60 seconds left.
|inactive|lettitripppp has 30 seconds left.
|
|t:|1784216525
|teamsize|p1|4
|teamsize|p2|4
|start
|switch|p1a: Gyarados|Gyarados, L50, M, shiny|100/100
|switch|p1b: Sneasler|Sneasler, L50, F|100/100
|switch|p2a: MAGICAL NECK|Farigiraf, L50, M|100/100
|switch|p2b: GENERAL BLADUS|Kingambit, L50, M|100/100
|-ability|p1a: Gyarados|Intimidate|boost
|-unboost|p2a: MAGICAL NECK|atk|1
|-unboost|p2b: GENERAL BLADUS|atk|1
|-ability|p2b: GENERAL BLADUS|Defiant|boost
|-boost|p2b: GENERAL BLADUS|atk|2
|turn|1
|
|t:|1784216539
|detailschange|p1a: Gyarados|Gyarados-Mega, L50, M, shiny
|-mega|p1a: Gyarados|Gyarados|Gyaradosite
|-ability|p1a: Gyarados|Mold Breaker
|move|p1b: Sneasler|Close Combat|p2b: GENERAL BLADUS
|-supereffective|p2b: GENERAL BLADUS|2
|-crit|p2b: GENERAL BLADUS
|-enditem|p2b: GENERAL BLADUS|Focus Sash
|-damage|p2b: GENERAL BLADUS|1/100
|-unboost|p1b: Sneasler|def|1
|-unboost|p1b: Sneasler|spd|1
|move|p1a: Gyarados|Dragon Dance|p1a: Gyarados
|-boost|p1a: Gyarados|atk|1
|-boost|p1a: Gyarados|spe|1
|move|p2b: GENERAL BLADUS|Kowtow Cleave|p1a: Gyarados
|-resisted|p1a: Gyarados|1
|-damage|p1a: Gyarados|63/100
|move|p2a: MAGICAL NECK|Trick Room|p2a: MAGICAL NECK
|-fieldstart|move: Trick Room|[of] p2a: MAGICAL NECK
|
|upkeep
|turn|2
|
|t:|1784216558
|switch|p1b: Sinistcha|Sinistcha, L50|100/100
|-heal|p1a: Gyarados|88/100|[from] ability: Hospitality|[of] p1b: Sinistcha
|move|p1a: Gyarados|Protect|p1a: Gyarados
|-singleturn|p1a: Gyarados|Protect
|move|p2a: MAGICAL NECK|Twin Beam|p1b: Sinistcha
|-damage|p1b: Sinistcha|86/100
|-damage|p1b: Sinistcha|74/100
|-hitcount|p1b: Sinistcha|2
|move|p2b: GENERAL BLADUS|Low Kick|p1a: Gyarados
|-activate|p1a: Gyarados|move: Protect
|
|upkeep
|turn|3
|
|t:|1784216569
|move|p1b: Sinistcha|Rage Powder|p1b: Sinistcha
|-singleturn|p1b: Sinistcha|move: Rage Powder
|move|p2b: GENERAL BLADUS|Kowtow Cleave|p1b: Sinistcha
|-supereffective|p1b: Sinistcha|1
|-enditem|p1b: Sinistcha|Colbur Berry|[eat]
|-enditem|p1b: Sinistcha|Colbur Berry|[weaken]
|-damage|p1b: Sinistcha|0 fnt
|faint|p1b: Sinistcha
|move|p1a: Gyarados|Waterfall|p2b: GENERAL BLADUS
|-damage|p2b: GENERAL BLADUS|0 fnt
|faint|p2b: GENERAL BLADUS
|move|p2a: MAGICAL NECK|Roar|p1a: Gyarados
|drag|p1a: Sneasler|Sneasler, L50, F|100/100
|
|upkeep
|
|t:|1784216582
|switch|p1b: Gyarados|Gyarados-Mega, L50, M, shiny|88/100
|switch|p2b: AGNI|Charizard, L50, M|100/100
|-ability|p1b: Gyarados|Mold Breaker
|turn|4
|
|t:|1784216602
|detailschange|p2b: AGNI|Charizard-Mega-Y, L50, M
|-mega|p2b: AGNI|Charizard|Charizardite Y
|-weather|SunnyDay|[from] ability: Drought|[of] p2b: AGNI
|move|p1b: Gyarados|Protect|p1b: Gyarados
|-singleturn|p1b: Gyarados|Protect
|move|p2a: MAGICAL NECK|Twin Beam|p1a: Sneasler
|-supereffective|p1a: Sneasler|2
|-damage|p1a: Sneasler|8/100
|-supereffective|p1a: Sneasler|2
|-damage|p1a: Sneasler|0 fnt
|faint|p1a: Sneasler
|-hitcount|p1: Sneasler|2
|move|p2b: AGNI|Solar Beam||[still]
|-prepare|p2b: AGNI|Solar Beam
|-anim|p2b: AGNI|Solar Beam|p1b: Gyarados
|-activate|p1b: Gyarados|move: Protect
|
|-weather|SunnyDay|[upkeep]
|upkeep
|
|t:|1784216606
|switch|p1a: Pelipper|Pelipper, L50, M|100/100
|-weather|RainDance|[from] ability: Drizzle|[of] p1a: Pelipper
|turn|5
|
|t:|1784216623
|switch|p2b: PIKU BEAM|Sylveon, L50, F|100/100
|move|p2a: MAGICAL NECK|Thunderbolt|p1a: Pelipper
|-supereffective|p1a: Pelipper|2
|-damage|p1a: Pelipper|0 fnt
|faint|p1a: Pelipper
|move|p1b: Gyarados|Dragon Dance|p1b: Gyarados
|-boost|p1b: Gyarados|atk|1
|-boost|p1b: Gyarados|spe|1
|
|-weather|RainDance|[upkeep]
|-fieldend|move: Trick Room
|upkeep
|turn|6
|
|t:|1784216638
|move|p1b: Gyarados|Crunch|p2a: MAGICAL NECK
|-supereffective|p2a: MAGICAL NECK|1
|-damage|p2a: MAGICAL NECK|0 fnt
|faint|p2a: MAGICAL NECK
|move|p2b: PIKU BEAM|Hyper Voice|p1b: Gyarados
|-supereffective|p1b: Gyarados|1
|-damage|p1b: Gyarados|0 fnt
|faint|p1b: Gyarados
|
|win|lettitripppp
||logcool is ready for game 2.
