|j|☆Clementine1997
|j|☆Sazandoramx
|html|Clementine1997Sazandoramx    
|uhtml|bestof|Game 3 of a best-of-3
|t:|1757006990
|gametype|doubles
|player|p1|Clementine1997|clair|1223
|player|p2|Sazandoramx|170|1318
|gen|9
|tier|[Gen 9] VGC 2025 Reg H (Bo3)
|rated|
|rule|Species Clause: Limit one of each Pokémon
|rule|Item Clause: Limit 1 of each item
|clearpoke
|poke|p1|Dragapult, L50, M|
|poke|p1|Sneasler, L50, F|
|poke|p1|Volcarona, L50, F|
|poke|p1|Kingambit, L50, F|
|poke|p1|Electabuzz, L50, M|
|poke|p1|Rillaboom, L50, M|
|poke|p2|Armarouge, L50, M|
|poke|p2|Kingambit, L50, F|
|poke|p2|Indeedee-F, L50, F|
|poke|p2|Annihilape, L50, M|
|poke|p2|Hatterene, L50, F|
|poke|p2|Torkoal, L50, M|
|teampreview|4
|showteam|p1|Dragapult||ChoiceBand|ClearBody|DragonDarts,Outrage,PhantomForce,Uturn|||M|||50|,,,,,Dragon]Sneasler||FocusSash|PoisonTouch|CloseCombat,DireClaw,FakeOut,Protect|||F|||50|,,,,,Stellar]Volcarona||CovertCloak|FlameBody|HeatWave,StruggleBug,QuiverDance,Protect|||F|||50|,,,,,Fairy]Kingambit||BlackGlasses|Defiant|KowtowCleave,SuckerPunch,SwordsDance,Protect|||F|||50|,,,,,Dark]Electabuzz||Eviolite|VitalSpirit|Electroweb,Taunt,FollowMe,Protect|||M|||50|,,,,,Dragon]Rillaboom||AssaultVest|GrassySurge|HighHorsepower,GrassyGlide,Uturn,FakeOut|||M|||50|,,,,,Fire
|showteam|p2|Armarouge||PowerHerb|FlashFire|ArmorCannon,ExpandingForce,MeteorBeam,TrickRoom|||M|||50|,,,,,Grass]Kingambit||SafetyGoggles|Defiant|KowtowCleave,LowKick,SuckerPunch,SwordsDance|||F|||50|,,,,,Dark]Indeedee-F||RockyHelmet|PsychicSurge|Psychic,FollowMe,TrickRoom,HelpingHand|||F|||50|,,,,,Steel]Annihilape||ChoiceScarf|Defiant|CloseCombat,ShadowClaw,FinalGambit,Uturn|||M|||50|,,,,,Stellar]Hatterene||LifeOrb|MagicBounce|ExpandingForce,DazzlingGleam,TrickRoom,Protect|||F|||50|,,,,,Water]Torkoal||ChoiceSpecs|Drought|Eruption,EarthPower,WeatherBall,HeatWave|||M|||50|,,,,,Fire
|inactive|Battle timer is ON: inactive players will automatically lose when time's up. (requested by Clementine1997)
|inactive|Sazandoramx has 60 seconds left.
|inactive|Sazandoramx has 30 seconds left.
|inactive|Sazandoramx has 20 seconds left.
|inactive|Sazandoramx has 15 seconds left.
|inactive|Sazandoramx has 10 seconds left.
|inactive|Sazandoramx has 5 seconds left.
|
|t:|1757007083
|teamsize|p1|4
|teamsize|p2|4
|start
|switch|p1a: Volcarona|Volcarona, L50, F, shiny|100/100
|switch|p1b: Sneasler|Sneasler, L50, F, shiny|100/100
|switch|p2a: Armarouge|Armarouge, L50, M|100/100
|switch|p2b: Kingambit|Kingambit, L50, F|100/100
|turn|1
|inactive|Clementine1997 has 30 seconds left.
|inactive|Sazandoramx has 30 seconds left.
|inactive|Clementine1997 has 20 seconds left.
|inactive|Clementine1997 has 15 seconds left.
|
|t:|1757007125
|switch|p2b: Indeedee|Indeedee-F, L50, F|100/100
|-fieldstart|move: Psychic Terrain|[from] ability: Psychic Surge|[of] p2b: Indeedee
|move|p1b: Sneasler|Fake Out|p2a: Armarouge
|-activate|p2a: Armarouge|move: Psychic Terrain
|move|p1a: Volcarona|Quiver Dance|p1a: Volcarona
|-boost|p1a: Volcarona|spa|1
|-boost|p1a: Volcarona|spd|1
|-boost|p1a: Volcarona|spe|1
|move|p2a: Armarouge|Meteor Beam||[still]
|-prepare|p2a: Armarouge|Meteor Beam
|-boost|p2a: Armarouge|spa|1
|-enditem|p2a: Armarouge|Power Herb
|-anim|p2a: Armarouge|Meteor Beam|p1a: Volcarona
|-supereffective|p1a: Volcarona
|-damage|p1a: Volcarona|0 fnt
|faint|p1a: Volcarona
|
|upkeep
|
|t:|1757007130
|switch|p1a: Rillaboom|Rillaboom, L50, M, shiny|100/100
|-fieldstart|move: Grassy Terrain|[from] ability: Grassy Surge|[of] p1a: Rillaboom
|turn|2
|inactive|Sazandoramx has 30 seconds left.
|inactive|Sazandoramx has 20 seconds left.
|inactive|Sazandoramx has 15 seconds left.
|inactive|Sazandoramx has 10 seconds left.
|inactive|Sazandoramx has 5 seconds left.
|
|t:|1757007181
|-terastallize|p1b: Sneasler|Stellar
|move|p2b: Indeedee|Follow Me|p2b: Indeedee
|-singleturn|p2b: Indeedee|move: Follow Me
|move|p1b: Sneasler|Dire Claw|p2b: Indeedee
|-damage|p2b: Indeedee|46/100
|-status|p2b: Indeedee|par
|-damage|p1b: Sneasler|84/100|[from] item: Rocky Helmet|[of] p2b: Indeedee
|move|p1a: Rillaboom|U-turn|p2b: Indeedee
|-supereffective|p2b: Indeedee
|-damage|p2b: Indeedee|1/100 par
|-damage|p1a: Rillaboom|84/100|[from] item: Rocky Helmet|[of] p2b: Indeedee
|
|t:|1757007190
|switch|p1a: Kingambit|Kingambit, L50, F, shiny|100/100|[from] U-turn
|move|p2a: Armarouge|Armor Cannon|p1a: Kingambit
|-supereffective|p1a: Kingambit
|-damage|p1a: Kingambit|0 fnt
|-unboost|p2a: Armarouge|def|1
|-unboost|p2a: Armarouge|spd|1
|faint|p1a: Kingambit
|
|-heal|p1b: Sneasler|90/100|[from] Grassy Terrain
|-heal|p2b: Indeedee|7/100 par|[from] Grassy Terrain
|upkeep
|
|t:|1757007193
|switch|p1a: Rillaboom|Rillaboom, L50, M, shiny|84/100
|turn|3
|inactive|Sazandoramx has 30 seconds left.
|
|t:|1757007218
|switch|p2a: Kingambit|Kingambit, L50, F|100/100
|move|p1b: Sneasler|Dire Claw|p2a: Kingambit
|-immune|p2a: Kingambit
|move|p1a: Rillaboom|High Horsepower|p2b: Indeedee
|-damage|p2b: Indeedee|0 fnt
|-damage|p1a: Rillaboom|67/100|[from] item: Rocky Helmet|[of] p2b: Indeedee
|faint|p2b: Indeedee
|
|-heal|p1b: Sneasler|96/100|[from] Grassy Terrain
|-heal|p1a: Rillaboom|73/100|[from] Grassy Terrain
|upkeep
|inactive|Sazandoramx has 30 seconds left.
|
|t:|1757007250
|switch|p2b: Annihilape|Annihilape, L50, M|100/100
|turn|4
|inactive|Sazandoramx has 30 seconds left.
|inactive|Sazandoramx has 20 seconds left.
|inactive|Sazandoramx has 15 seconds left.
|inactive|Sazandoramx has 10 seconds left.
|inactive|Sazandoramx has 5 seconds left.
|
|t:|1757007303
|-terastallize|p2a: Kingambit|Dark
|move|p1a: Rillaboom|Grassy Glide|p2b: Annihilape
|-damage|p2b: Annihilape|64/100
|move|p1b: Sneasler|Close Combat|p2a: Kingambit
|-supereffective|p2a: Kingambit
|-damage|p2a: Kingambit|0 fnt
|-unboost|p1b: Sneasler|def|1
|-unboost|p1b: Sneasler|spd|1
|faint|p2a: Kingambit
|move|p2b: Annihilape|Shadow Claw|p1b: Sneasler
|-crit|p1b: Sneasler
|-damage|p1b: Sneasler|0 fnt
|faint|p1b: Sneasler
|
|-heal|p2b: Annihilape|70/100|[from] Grassy Terrain
|-heal|p1a: Rillaboom|79/100|[from] Grassy Terrain
|upkeep
|
|t:|1757007321
|switch|p2a: Armarouge|Armarouge, L50, M|100/100
|turn|5
|
|t:|1757007337
|move|p2b: Annihilape|Shadow Claw|p1a: Rillaboom
|-damage|p1a: Rillaboom|35/100
|move|p1a: Rillaboom|High Horsepower|p2a: Armarouge
|-supereffective|p2a: Armarouge
|-damage|p2a: Armarouge|36/100
|move|p2a: Armarouge|Armor Cannon|p1a: Rillaboom
|-supereffective|p1a: Rillaboom
|-damage|p1a: Rillaboom|0 fnt
|-unboost|p2a: Armarouge|def|1
|-unboost|p2a: Armarouge|spd|1
|faint|p1a: Rillaboom
|
|win|Sazandoramx
|raw|Clementine1997's rating: 1223 → 1205(-18 for losing)
|raw|Sazandoramx's rating: 1318 → 1333(+15 for winning)
|l|☆Clementine1997
|player|p1|
