|j|☆EchoShadowYT
|j|☆lalalaing
|html|EchoShadowYTlalalaing    
|uhtml|bestof|Game 3 of a best-of-3
|t:|1786052888
|gametype|doubles
|player|p1|EchoShadowYT|skierf|1313
|player|p2|lalalaing|birdkeeper|1326
|gen|9
|tier|[Gen 9 Champions] VGC 2026 Reg M-B (Bo3)
|rated|
|rule|Species Clause: Limit one of each Pokémon
|rule|Item Clause: Limit 1 of each item
|clearpoke
|poke|p1|Floette-Eternal, L50, F|
|poke|p1|Maushold, L50|
|poke|p1|Garchomp, L50, F|
|poke|p1|Talonflame, L50, M|
|poke|p1|Raichu, L50, M|
|poke|p1|Kingambit, L50, F|
|poke|p2|Gengar, L50, M|
|poke|p2|Swampert, L50, F|
|poke|p2|Kommo-o, L50, M|
|poke|p2|Politoed, L50, M|
|poke|p2|Vivillon-Marine, L50, F|
|poke|p2|Incineroar, L50, M|
|teampreview|4
|showteam|p1|Floette-Eternal||Floettite|FlowerVeil|DazzlingGleam,Moonblast,LightofRuin,Protect|Timid||F|||50|]Maushold||WideLens|Technician|PopulationBomb,FollowMe,Feint,Protect|Jolly|||||50|]Garchomp||SitrusBerry|RoughSkin|DragonClaw,Earthquake,RockSlide,Protect|Adamant||F|||50|]Talonflame||Charcoal|GaleWings|Tailwind,QuickGuard,Overheat,Protect|Timid||M|||50|]Raichu||RaichuniteY|LightningRod|ZapCannon,FocusBlast,FakeOut,Protect|Timid||M|||50|]Kingambit||FocusSash|Defiant|KowtowCleave,SuckerPunch,IronHead,Protect|Adamant||F|||50|
|showteam|p2|Gengar||Gengarite|CursedBody|ShadowBall,PerishSong,Disable,Protect|Modest||M|||50|]Swampert||Swampertite|Torrent|WaveCrash,Earthquake,IcePunch,Protect|Adamant||F|||50|]Kommo-o||Leftovers|Soundproof|ClangingScales,AuraSphere,ClangorousSoul,Protect|Modest||M|||50|]Politoed||SitrusBerry|Drizzle|WeatherBall,Encore,PerishSong,Protect|Calm||M|||50|]Vivillon-Marine||FocusSash|CompoundEyes|Hurricane,SleepPowder,RagePowder,Protect|Timid||F|||50|]Incineroar||ChopleBerry|Intimidate|ThroatChop,FakeOut,PartingShot,Protect|Impish||M|||50|
|inactive|Battle timer is ON: inactive players will automatically lose when time's up. (requested by EchoShadowYT)
|
|t:|1786052910
|teamsize|p1|4
|teamsize|p2|4
|start
|switch|p1a: Garchomp|Garchomp, L50, F|100/100
|switch|p1b: Talonflame|Talonflame, L50, M|100/100
|switch|p2a: Swampert|Swampert, L50, F|100/100
|switch|p2b: Politoed|Politoed, L50, M|100/100
|-weather|RainDance|[from] ability: Drizzle|[of] p2b: Politoed
|turn|1
|
|t:|1786052929
|detailschange|p2a: Swampert|Swampert-Mega, L50, F
|-mega|p2a: Swampert|Swampert|Swampertite
|move|p1a: Garchomp|Protect|p1a: Garchomp
|-singleturn|p1a: Garchomp|Protect
|move|p1b: Talonflame|Tailwind|p1b: Talonflame
|-sidestart|p1: EchoShadowYT|move: Tailwind
|move|p2a: Swampert|Ice Punch|p1a: Garchomp
|-activate|p1a: Garchomp|move: Protect
|move|p2b: Politoed|Weather Ball|p1b: Talonflame
|-supereffective|p1b: Talonflame|1
|-damage|p1b: Talonflame|0 fnt
|faint|p1b: Talonflame
|
|-weather|RainDance|[upkeep]
|upkeep
|
|t:|1786052941
|switch|p1b: Maushold|Maushold, L50|100/100
|turn|2
|
|t:|1786052950
|move|p2a: Swampert|Protect|p2a: Swampert
|-singleturn|p2a: Swampert|Protect
|move|p2b: Politoed|Protect|p2b: Politoed
|-singleturn|p2b: Politoed|Protect
|move|p1b: Maushold|Population Bomb|p2a: Swampert
|-activate|p2a: Swampert|move: Protect
|move|p1a: Garchomp|Dragon Claw|p2a: Swampert
|-activate|p2a: Swampert|move: Protect
|
|-weather|RainDance|[upkeep]
|upkeep
|turn|3
|
|t:|1786052964
|switch|p2a: Incineroar|Incineroar, L50, M|100/100
|-ability|p2a: Incineroar|Intimidate|boost
|-unboost|p1a: Garchomp|atk|1
|-unboost|p1b: Maushold|atk|1
|move|p1b: Maushold|Population Bomb|p2a: Incineroar
|-damage|p2a: Incineroar|92/100
|-damage|p2a: Incineroar|85/100
|-damage|p2a: Incineroar|77/100
|-damage|p2a: Incineroar|71/100
|-damage|p2a: Incineroar|64/100
|-damage|p2a: Incineroar|58/100
|-damage|p2a: Incineroar|51/100
|-damage|p2a: Incineroar|44/100
|-damage|p2a: Incineroar|37/100
|-damage|p2a: Incineroar|29/100
|-hitcount|p2a: Incineroar|10
|move|p1a: Garchomp|Dragon Claw|p2a: Incineroar
|-damage|p2a: Incineroar|6/100
|move|p2b: Politoed|Weather Ball|p1b: Maushold
|-damage|p1b: Maushold|34/100
|
|-weather|RainDance|[upkeep]
|upkeep
|turn|4
|
|t:|1786052989
|switch|p1b: Raichu|Raichu, L50, M|100/100
|move|p2a: Incineroar|Fake Out|p1a: Garchomp
|-damage|p1a: Garchomp|90/100
|-damage|p2a: Incineroar|0 fnt|[from] ability: Rough Skin|[of] p1a: Garchomp
|faint|p2a: Incineroar
|cant|p1a: Garchomp|flinch
|move|p2b: Politoed|Weather Ball|p1b: Raichu
|-damage|p1b: Raichu|36/100
|
|-weather|RainDance|[upkeep]
|-sideend|p1: EchoShadowYT|move: Tailwind
|upkeep
|
|t:|1786052993
|switch|p2a: Swampert|Swampert-Mega, L50, F|100/100
|turn|5
|
|t:|1786053003
|switch|p2b: Vivillon|Vivillon-Marine, L50, F|100/100
|move|p1b: Raichu|Protect|p1b: Raichu
|-singleturn|p1b: Raichu|Protect
|move|p2a: Swampert|Earthquake|p1a: Garchomp|[spread] p1a
|-activate|p1b: Raichu|move: Protect
|-immune|p2b: Vivillon
|-damage|p1a: Garchomp|50/100g
|move|p1a: Garchomp|Earthquake|p2b: Vivillon|[spread] p2a
|-activate|p1b: Raichu|move: Protect
|-immune|p2b: Vivillon
|-damage|p2a: Swampert|75/100
|
|-weather|none
|upkeep
|turn|6
|
|t:|1786053019
|switch|p1b: Maushold|Maushold, L50|34/100
|switch|p2b: Politoed|Politoed, L50, M|100/100
|-weather|RainDance|[from] ability: Drizzle|[of] p2b: Politoed
|move|p2a: Swampert|Earthquake|p1a: Garchomp|[spread] p2b,p1a,p1b
|-crit|p1a: Garchomp
|-damage|p2b: Politoed|56/100
|-damage|p1a: Garchomp|0 fnt
|-damage|p1b: Maushold|0 fnt
|faint|p1a: Garchomp
|faint|p1b: Maushold
|
|-weather|RainDance|[upkeep]
|upkeep
|-message|EchoShadowYT forfeited.
|
|win|lalalaing
|raw|EchoShadowYT's rating: 1313 → 1294(-19 for losing)
|raw|lalalaing's rating: 1326 → 1345(+19 for winning)
|l|☆lalalaing
|player|p2|
