|j|☆J0angulo
|j|☆blum10
|html|J0anguloblum10    
|uhtml|bestof|Game 1 of a best-of-3
|t:|1783992443
|gametype|doubles
|player|p1|J0angulo|266|1000
|player|p2|blum10|265|1043
|gen|9
|tier|[Gen 9 Champions] VGC 2026 Reg M-B (Bo3)
|rated|
|rule|Species Clause: Limit one of each Pokémon
|rule|Item Clause: Limit 1 of each item
|clearpoke
|poke|p1|Sceptile, L50, M, shiny|
|poke|p1|Rotom-Wash, L50, shiny|
|poke|p1|Incineroar, L50, F, shiny|
|poke|p1|Whimsicott, L50, F, shiny|
|poke|p1|Ceruledge, L50, M|
|poke|p1|Maushold, L50, shiny|
|poke|p2|Sneasler, L50, M|
|poke|p2|Blastoise, L50, M|
|poke|p2|Kingambit, L50, M|
|poke|p2|Incineroar, L50, M|
|poke|p2|Delphox, L50, F|
|poke|p2|Sinistcha, L50|
|teampreview|4
|showteam|p1|Sceptile||Sceptilite|Overgrow|EarthPower,EnergyBall,DragonPulse,LeafStorm|Timid||M|||50|]Rotom-Wash||ChoiceScarf|Levitate|Discharge,HydroPump,Trick,VoltSwitch|Timid|||||50|]Incineroar||PasshoBerry|Intimidate|PartingShot,FakeOut,FlareBlitz,Protect|Careful||F|||50|]Whimsicott||Leftovers|Prankster|LeechSeed,Tailwind,Moonblast,Substitute|Bold||F|||50|]Ceruledge||ExpertBelt|WeakArmor|SwordsDance,BitterBlade,Poltergeist,BrickBreak|Jolly||M|||50|]Maushold||FocusSash|FriendGuard|FollowMe,PopulationBomb,ThunderWave,Encore|Jolly|||||50|
|showteam|p2|Sneasler||FocusSash|PoisonTouch|PoisonJab,CloseCombat,FakeOut,QuickGuard|Jolly||M|||50|]Blastoise||Blastoisinite|RainDish|DarkPulse,WaterSpout,ShellSmash,Protect|Modest||M|||50|]Kingambit||BlackGlasses|Defiant|KowtowCleave,SuckerPunch,SwordsDance,Protect|Adamant||M|||50|]Incineroar||SitrusBerry|Intimidate|FlareBlitz,HelpingHand,PartingShot,FakeOut|Careful||M|||50|]Delphox||Delphoxite|Blaze|HeatWave,NastyPlot,Psyshock,Protect|Modest||F|||50|]Sinistcha||KasibBerry|Hospitality|MatchaGotcha,RagePowder,TrickRoom,Protect|Bold|||||50|
|inactive|Battle timer is ON: inactive players will automatically lose when time's up. (requested by J0angulo)
|inactive|blum10 has 60 seconds left.
|
|t:|1783992515
|teamsize|p1|4
|teamsize|p2|4
|start
|switch|p1a: Sceptile|Sceptile, L50, M, shiny|100/100
|switch|p1b: Incineroar|Incineroar, L50, F, shiny|100/100
|switch|p2a: Sneasler|Sneasler, L50, M|100/100
|switch|p2b: Delphox|Delphox, L50, F|100/100
|-ability|p1b: Incineroar|Intimidate|boost
|-unboost|p2a: Sneasler|atk|1
|-unboost|p2b: Delphox|atk|1
|turn|1
|inactive|blum10 has 30 seconds left.
|inactive|blum10 has 20 seconds left.
|
|t:|1783992552
|detailschange|p1a: Sceptile|Sceptile-Mega, L50, M, shiny
|-mega|p1a: Sceptile|Sceptile|Sceptilite
|detailschange|p2b: Delphox|Delphox-Mega, L50, F
|-mega|p2b: Delphox|Delphox|Delphoxite
|move|p2a: Sneasler|Fake Out|p1b: Incineroar
|-damage|p1b: Incineroar|90/100
|-status|p1b: Incineroar|psn|[from] ability: Poison Touch|[of] p2a: Sneasler
|cant|p1b: Incineroar|flinch
|move|p1a: Sceptile|Dragon Pulse|p2b: Delphox
|-damage|p2b: Delphox|57/100
|move|p2b: Delphox|Heat Wave|p1a: Sceptile|[spread] 
|-miss|p2b: Delphox|p1a: Sceptile
|-miss|p2b: Delphox|p1b: Incineroar
|
|-damage|p1b: Incineroar|78/100 psn|[from] psn
|upkeep
|turn|2
|inactive|J0angulo has 30 seconds left.
|inactive|blum10 has 30 seconds left.
|inactive|blum10 has 20 seconds left.
|inactive|blum10 has 15 seconds left.
|
|t:|1783992593
|switch|p2b: Incineroar|Incineroar, L50, M|100/100
|-ability|p2b: Incineroar|Intimidate|boost
|-unboost|p1a: Sceptile|atk|1
|-unboost|p1b: Incineroar|atk|1
|move|p1a: Sceptile|Earth Power|p2a: Sneasler
|-supereffective|p2a: Sneasler|1
|-damage|p2a: Sneasler|8/100
|move|p2a: Sneasler|Close Combat|p1b: Incineroar
|-supereffective|p1b: Incineroar|1
|-damage|p1b: Incineroar|0 fnt
|-unboost|p2a: Sneasler|def|1
|-unboost|p2a: Sneasler|spd|1
|faint|p1b: Incineroar
|
|upkeep
|
|t:|1783992612
|switch|p1b: Rotom|Rotom-Wash, L50, shiny|100/100
|turn|3
|
|t:|1783992636
|move|p2b: Incineroar|Fake Out|p1b: Rotom
|-damage|p1b: Rotom|86/100
|cant|p1b: Rotom|flinch
|move|p1a: Sceptile|Earth Power|p2b: Incineroar
|-supereffective|p2b: Incineroar|1
|-damage|p2b: Incineroar|42/100
|-enditem|p2b: Incineroar|Sitrus Berry|[eat]
|-heal|p2b: Incineroar|67/100|[from] item: Sitrus Berry
|move|p2a: Sneasler|Poison Jab|p1a: Sceptile
|-supereffective|p1a: Sceptile|1
|-damage|p1a: Sceptile|10/100
|-status|p1a: Sceptile|psn
|
|-damage|p1a: Sceptile|0 fnt|[from] psn
|faint|p1a: Sceptile
|upkeep
|
|t:|1783992646
|switch|p1a: Ceruledge|Ceruledge, L50, M|100/100
|turn|4
|inactive|blum10 has 30 seconds left.
|inactive|blum10 has 20 seconds left.
|
|t:|1783992686
|switch|p2a: Sinistcha|Sinistcha, L50|100/100
|-heal|p2b: Incineroar|92/100|[from] ability: Hospitality|[of] p2a: Sinistcha
|move|p1b: Rotom|Discharge|p2b: Incineroar|[spread] p1a,p2a,p2b
|-resisted|p2a: Sinistcha|1
|-damage|p1a: Ceruledge|68/100
|-damage|p2a: Sinistcha|87/100
|-damage|p2b: Incineroar|69/100
|move|p1a: Ceruledge|Brick Break|p2b: Incineroar
|-supereffective|p2b: Incineroar|1
|-damage|p2b: Incineroar|14/100
|move|p2b: Incineroar|Parting Shot|p1b: Rotom
|-unboost|p1b: Rotom|atk|1
|-unboost|p1b: Rotom|spa|1
|
|t:|1783992701
|switch|p2b: Sneasler|Sneasler, L50, M|8/100|[from] Parting Shot
|
|upkeep
|turn|5
|
|t:|1783992715
|switch|p2a: Incineroar|Incineroar, L50, M|14/100
|-ability|p2a: Incineroar|Intimidate|boost
|-unboost|p1a: Ceruledge|atk|1
|-unboost|p1b: Rotom|atk|1
|move|p2b: Sneasler|Fake Out|p1b: Rotom
|-damage|p1b: Rotom|66/100
|cant|p1b: Rotom|flinch
|move|p1a: Ceruledge|Bitter Blade|p2a: Incineroar
|-resisted|p2a: Incineroar|1
|-damage|p2a: Incineroar|1/100
|-heal|p1a: Ceruledge|77/100|[from] drain|[of] p2a: Incineroar
|
|upkeep
|turn|6
|inactive|blum10 has 30 seconds left.
|
|t:|1783992748
|switch|p2b: Sinistcha|Sinistcha, L50|87/100
|-heal|p2a: Incineroar|25/100|[from] ability: Hospitality|[of] p2b: Sinistcha
|move|p2a: Incineroar|Fake Out|p1b: Rotom
|-damage|p1b: Rotom|52/100
|cant|p1b: Rotom|flinch
|move|p1a: Ceruledge|Swords Dance|p1a: Ceruledge
|-boost|p1a: Ceruledge|atk|2
|
|upkeep
|turn|7
|
|t:|1783992769
|switch|p2b: Sneasler|Sneasler, L50, M|8/100
|move|p1b: Rotom|Discharge|p2b: Sneasler|[spread] p1a,p2a,p2b
|-damage|p1a: Ceruledge|57/100
|-damage|p2a: Incineroar|12/100
|-damage|p2b: Sneasler|0 fnt
|faint|p2b: Sneasler
|move|p1a: Ceruledge|Poltergeist||[still]
|-fail|p1a: Ceruledge
|move|p2a: Incineroar|Parting Shot|p1b: Rotom
|-unboost|p1b: Rotom|atk|1
|-unboost|p1b: Rotom|spa|1
|
|t:|1783992781
|switch|p2a: Delphox|Delphox-Mega, L50, F|57/100|[from] Parting Shot
|
|upkeep
|
|t:|1783992784
|switch|p2b: Sinistcha|Sinistcha, L50|87/100
|-heal|p2a: Delphox|82/100|[from] ability: Hospitality|[of] p2b: Sinistcha
|turn|8
|
|t:|1783992800
|move|p2b: Sinistcha|Rage Powder|p2b: Sinistcha
|-singleturn|p2b: Sinistcha|move: Rage Powder
|move|p1b: Rotom|Discharge|p2a: Delphox|[spread] p1a,p2a,p2b
|-resisted|p2b: Sinistcha|1
|-damage|p1a: Ceruledge|41/100
|-damage|p2a: Delphox|72/100
|-damage|p2b: Sinistcha|81/100
|-status|p2a: Delphox|par
|move|p1a: Ceruledge|Poltergeist|p2b: Sinistcha
|-activate|p2b: Sinistcha|move: Poltergeist|Kasib Berry
|-supereffective|p2b: Sinistcha|1
|-crit|p2b: Sinistcha
|-enditem|p2b: Sinistcha|Kasib Berry|[eat]
|-enditem|p2b: Sinistcha|Kasib Berry|[weaken]
|-damage|p2b: Sinistcha|0 fnt
|faint|p2b: Sinistcha
|move|p2a: Delphox|Nasty Plot|p2a: Delphox
|-boost|p2a: Delphox|spa|2
|
|upkeep
|
|t:|1783992822
|switch|p2b: Incineroar|Incineroar, L50, M|12/100
|-ability|p2b: Incineroar|Intimidate|boost
|-unboost|p1a: Ceruledge|atk|1
|-unboost|p1b: Rotom|atk|1
|turn|9
|
|t:|1783992830
|move|p2b: Incineroar|Fake Out|p1b: Rotom
|-damage|p1b: Rotom|37/100
|cant|p1b: Rotom|flinch
|move|p1a: Ceruledge|Poltergeist|p2a: Delphox
|-activate|p2a: Delphox|move: Poltergeist|Delphoxite
|-supereffective|p2a: Delphox|1
|-damage|p2a: Delphox|0 fnt
|faint|p2a: Delphox
|
|upkeep
|turn|10
|
|t:|1783992847
|move|p1b: Rotom|Discharge|p2b: Incineroar|[spread] p1a,p2b
|-damage|p1a: Ceruledge|26/100
|-damage|p2b: Incineroar|1/100
|-status|p1a: Ceruledge|par
|-status|p2b: Incineroar|par
|move|p1a: Ceruledge|Brick Break|p2b: Incineroar
|-supereffective|p2b: Incineroar|1
|-damage|p2b: Incineroar|0 fnt
|faint|p2b: Incineroar
|
|win|J0angulo
|inactive|J0angulo has 30 seconds to confirm battle start!
|inactive|blum10 has 30 seconds to confirm battle start!
||blum10 is ready for game 2.
