|j|☆palle synchro
|j|☆Fell Blue
|html|palle synchroFell Blue    
|uhtml|bestof|Game 3 of a best-of-3
|t:|1783376112
|gametype|doubles
|player|p1|palle synchro|volkner|1216
|player|p2|Fell Blue|fantina|1347
|gen|9
|tier|[Gen 9 Champions] VGC 2026 Reg M-B (Bo3)
|rated|
|rule|Species Clause: Limit one of each Pokémon
|rule|Item Clause: Limit 1 of each item
|clearpoke
|poke|p1|Swampert, L50, F|
|poke|p1|Pelipper, L50, M|
|poke|p1|Archaludon, L50, M|
|poke|p1|Venusaur, L50, M|
|poke|p1|Maushold-Four, L50|
|poke|p1|Gholdengo, L50|
|poke|p2|Mawile, L50, F|
|poke|p2|Farigiraf, L50, F|
|poke|p2|Drampa, L50, M|
|poke|p2|Kleavor, L50, M|
|poke|p2|Araquanid, L50, M|
|poke|p2|Incineroar, L50, M|
|teampreview|4
|showteam|p1|Swampert||Swampertite|Torrent|WaveCrash,HighHorsepower,IcePunch,Protect|Adamant||F|||50|]Pelipper||SitrusBerry|Drizzle|WeatherBall,Hurricane,Tailwind,WideGuard|Modest||M|||50|]Archaludon||Leftovers|Stamina|ElectroShot,DragonPulse,FlashCannon,Protect|Calm||M|||50|]Venusaur||Venusaurite|Chlorophyll|GigaDrain,EarthPower,SludgeBomb,Protect|Modest||M|||50|]Maushold-Four||FocusSash|FriendGuard|FollowMe,SuperFang,RainDance,Protect|Timid|||||50|]Gholdengo||LifeOrb|GoodasGold|MakeItRain,ShadowBall,NastyPlot,Protect|Modest|||||50|
|showteam|p2|Mawile||Mawilite|HyperCutter|RockSlide,PlayRough,SuckerPunch,BrickBreak|Brave||F|||50|]Farigiraf||SitrusBerry|ArmorTail|Thunderbolt,HelpingHand,Psychic,TrickRoom|Modest||F|||50|]Drampa||Drampanite|CloudNine|EarthPower,HyperVoice,Thunderbolt,Protect|Quiet||M|||50|]Kleavor||FocusSash|Sharpness|Feint,XScissor,StoneAxe,CloseCombat|Brave||M|||50|]Araquanid||MysticWater|WaterBubble|Surf,HydroPump,MirrorCoat,Endeavor|Quiet||M|||50|]Incineroar||LifeOrb|Intimidate|CloseCombat,FlareBlitz,FakeOut,ThroatChop|Brave||M|||50|
|
|t:|1783376141
|teamsize|p1|4
|teamsize|p2|4
|start
|switch|p1a: Swampert|Swampert, L50, F|100/100
|switch|p1b: Pelipper|Pelipper, L50, M|100/100
|switch|p2a: Farigiraf|Farigiraf, L50, F|100/100
|switch|p2b: Araquanid|Araquanid, L50, M|100/100
|-weather|RainDance|[from] ability: Drizzle|[of] p1b: Pelipper
|turn|1
|
|t:|1783376169
|switch|p2b: Drampa|Drampa, L50, M|100/100
|-ability|p2b: Drampa|Cloud Nine
|detailschange|p1a: Swampert|Swampert-Mega, L50, F
|-mega|p1a: Swampert|Swampert|Swampertite
|move|p1a: Swampert|Wave Crash|p2b: Drampa
|-resisted|p2b: Drampa|1
|-crit|p2b: Drampa
|-damage|p2b: Drampa|38/100
|-damage|p1a: Swampert|80/100|[from] Recoil
|move|p1b: Pelipper|Hurricane|p2b: Drampa|[miss]
|-miss|p1b: Pelipper|p2b: Drampa
|move|p2a: Farigiraf|Trick Room|p2a: Farigiraf
|-fieldstart|move: Trick Room|[of] p2a: Farigiraf
|
|-weather|RainDance|[upkeep]
|upkeep
|turn|2
|
|t:|1783376186
|switch|p1b: Gold&go|Gholdengo, L50|100/100
|move|p1a: Swampert|Protect|p1a: Swampert
|-singleturn|p1a: Swampert|Protect
|move|p2b: Drampa|Hyper Voice|p1b: Gold&go|[spread] 
|-activate|p1a: Swampert|move: Protect
|-immune|p1b: Gold&go
|move|p2a: Farigiraf|Psychic|p1a: Swampert
|-activate|p1a: Swampert|move: Protect
|
|-weather|RainDance|[upkeep]
|upkeep
|turn|3
|
|t:|1783376202
|switch|p2a: Araquanid|Araquanid, L50, M|100/100
|switch|p1a: Maushold|Maushold-Four, L50|100/100
|move|p2b: Drampa|Protect|p2b: Drampa
|-singleturn|p2b: Drampa|Protect
|move|p1b: Gold&go|Nasty Plot|p1b: Gold&go
|-boost|p1b: Gold&go|spa|2
|
|-weather|RainDance|[upkeep]
|upkeep
|turn|4
|
|t:|1783376222
|switch|p2b: Farigiraf|Farigiraf, L50, F|100/100
|move|p1a: Maushold|Follow Me|p1a: Maushold
|-singleturn|p1a: Maushold|move: Follow Me
|move|p2a: Araquanid|Surf|p1b: Gold&go|[spread] p2b,p1a,p1b
|-damage|p2b: Farigiraf|29/100
|-damage|p1a: Maushold|10/100
|-damage|p1b: Gold&go|38/100
|-enditem|p2b: Farigiraf|Sitrus Berry|[eat]
|-heal|p2b: Farigiraf|53/100|[from] item: Sitrus Berry
|move|p1b: Gold&go|Shadow Ball|p2a: Araquanid
|-crit|p2a: Araquanid
|-damage|p2a: Araquanid|0 fnt
|faint|p2a: Araquanid
|-damage|p1b: Gold&go|29/100|[from] item: Life Orb
|
|-weather|RainDance|[upkeep]
|upkeep
|
|t:|1783376238
|switch|p2a: Drampa|Drampa, L50, M|38/100
|-ability|p2a: Drampa|Cloud Nine
|turn|5
|
|t:|1783376248
|move|p1b: Gold&go|Protect|p1b: Gold&go
|-singleturn|p1b: Gold&go|Protect
|move|p1a: Maushold|Follow Me|p1a: Maushold
|-singleturn|p1a: Maushold|move: Follow Me
|move|p2a: Drampa|Hyper Voice|p1b: Gold&go|[spread] p1a
|-activate|p1b: Gold&go|move: Protect
|-damage|p1a: Maushold|0 fnt
|faint|p1a: Maushold
|move|p2b: Farigiraf|Thunderbolt|p1b: Gold&go
|-activate|p1b: Gold&go|move: Protect
|
|-weather|none
|-fieldend|move: Trick Room
|upkeep
|
|t:|1783376256
|switch|p1a: Swampert|Swampert-Mega, L50, F|80/100
|turn|6
|
|t:|1783376264
|move|p2a: Drampa|Protect|p2a: Drampa
|-singleturn|p2a: Drampa|Protect
|move|p1b: Gold&go|Make It Rain|p2b: Farigiraf|[spread] p2b
|-activate|p2a: Drampa|move: Protect
|-damage|p2b: Farigiraf|0 fnt
|-unboost|p1b: Gold&go|spa|2
|faint|p2b: Farigiraf
|-damage|p1b: Gold&go|19/100|[from] item: Life Orb
|move|p1a: Swampert|Wave Crash|p2a: Drampa
|-activate|p2a: Drampa|move: Protect
|
|upkeep
|
|t:|1783376266
|switch|p2b: Mawile|Mawile, L50, F|100/100
|turn|7
|
|t:|1783376277
|switch|p1b: Pelipper|Pelipper, L50, M|100/100
|-weather|RainDance|[from] ability: Drizzle|[of] p1b: Pelipper
|detailschange|p2b: Mawile|Mawile-Mega, L50, F
|-mega|p2b: Mawile|Mawile|Mawilite
|move|p1a: Swampert|Ice Punch|p2a: Drampa
|-supereffective|p2a: Drampa|1
|-damage|p2a: Drampa|0 fnt
|faint|p2a: Drampa
|move|p2b: Mawile|Play Rough|p1a: Swampert
|-crit|p1a: Swampert
|-damage|p1a: Swampert|0 fnt
|faint|p1a: Swampert
|
|-weather|RainDance|[upkeep]
|upkeep
|
|t:|1783376286
|switch|p1a: Gold&go|Gholdengo, L50|19/100
|turn|8
|
|t:|1783376298
|move|p1a: Gold&go|Shadow Ball|p2b: Mawile
|-damage|p2b: Mawile|28/100
|-unboost|p2b: Mawile|spd|1
|-damage|p1a: Gold&go|10/100|[from] item: Life Orb
|move|p1b: Pelipper|Weather Ball|p2b: Mawile
|-damage|p2b: Mawile|0 fnt
|faint|p2b: Mawile
|
|win|palle synchro
|raw|palle synchro's rating: 1216 → 1250(+34 for winning)
|raw|Fell Blue's rating: 1347 → 1320(-27 for losing)
