|j|☆Mvine11
|j|☆orosun
|html|Mvine11orosun    
|uhtml|bestof|Game 1 of a best-of-3
|t:|1783540987
|gametype|doubles
|player|p1|Mvine11|102|
|player|p2|orosun|169|
|gen|9
|tier|[Gen 9 Champions] VGC 2026 Reg M-B (Bo3)
|rule|Species Clause: Limit one of each Pokémon
|rule|Item Clause: Limit 1 of each item
|clearpoke
|poke|p1|Vivillon-Polar, L50, M|
|poke|p1|Raichu, L50, F|
|poke|p1|Decidueye-Hisui, L50, F|
|poke|p1|Primarina, L50, M|
|poke|p1|Sneasler, L50, F|
|poke|p1|Arcanine-Hisui, L50, M, shiny|
|poke|p2|Gengar, L50, M|
|poke|p2|Incineroar, L50, M|
|poke|p2|Blastoise, L50, M|
|poke|p2|Lucario, L50, F|
|poke|p2|Scrafty, L50, F|
|poke|p2|Ariados, L50, F|
|teampreview|4
|showteam|p1|Vivillon-Polar||FocusSash|ShieldDust|SleepPowder,Protect,Hurricane,Tailwind|Timid||M|||50|]Raichu||RaichuniteY|Static|ZapCannon,FocusBlast,Protect,VoltSwitch|Timid||F|||50|]Decidueye-Hisui||LifeOrb|Scrappy|TripleArrows,LeafBlade,Protect,SuckerPunch|Adamant||F|||50|]Primarina||Leftovers|LiquidVoice|Protect,Moonblast,CalmMind,HyperVoice|Modest||M|||50|]Sneasler||WhiteHerb|Unburden|CloseCombat,DireClaw,FakeOut,Protect|Jolly||F|||50|]Arcanine-Hisui||ChoiceScarf|RockHead|FlareBlitz,RockSlide,HeadSmash,WillOWisp|Jolly||M|||50|
|showteam|p2|Gengar||Gengarite|CursedBody|ShadowBall,Disable,PerishSong,Protect|Timid||M|||50|]Incineroar||Leftovers|Intimidate|FakeOut,ThroatChop,PartingShot,Protect|Careful||M|||50|]Blastoise||SitrusBerry|Torrent|FakeOut,WaveCrash,FlipTurn,Protect|Sassy||M|||50|]Lucario||ChoiceScarf|InnerFocus|FinalGambit,CloseCombat,MeteorMash,RockSlide|Jolly||F|||50|]Scrafty||Scraftinite|Intimidate|DrainPunch,KnockOff,DragonDance,Detect|Adamant||F|||50|]Ariados||FocusSash|Insomnia|RagePowder,PoisonJab,SuckerPunch,Protect|Brave||F|||50|
|inactive|Battle timer is ON: inactive players will automatically lose when time's up. (requested by orosun)
|inactive|Mvine11 has 60 seconds left.
|inactive|orosun has 30 seconds left.
|
|t:|1783541072
|teamsize|p1|4
|teamsize|p2|4
|start
|switch|p1a: Vivillon|Vivillon-Polar, L50, M|100/100
|switch|p1b: Arcanine|Arcanine-Hisui, L50, M, shiny|100/100
|switch|p2a: Gengar|Gengar, L50, M|100/100
|switch|p2b: Lucario|Lucario, L50, F|100/100
|turn|1
|inactive|Mvine11 has 30 seconds left.
|inactive|orosun has 30 seconds left.
|inactive|Mvine11 has 20 seconds left.
|inactive|orosun has 20 seconds left.
|inactive|Mvine11 has 15 seconds left.
|inactive|orosun has 15 seconds left.
|inactive|Mvine11 has 10 seconds left.
|inactive|orosun has 10 seconds left.
|inactive|Mvine11 has 5 seconds left.
|
|t:|1783541127
|move|p2a: Gengar|Protect|p2a: Gengar
|-singleturn|p2a: Gengar|Protect
|move|p1b: Arcanine|Flare Blitz|p2b: Lucario
|-supereffective|p2b: Lucario|1
|-damage|p2b: Lucario|0 fnt
|faint|p2b: Lucario
|move|p1a: Vivillon|Sleep Powder|p2a: Gengar
|-activate|p2a: Gengar|move: Protect
|
|upkeep
|c|☆orosun|i didnt read sheets lmfao
|c|☆orosun|big scarf
|inactive|orosun has 30 seconds left.
|
|t:|1783541153
|switch|p2b: Incineroar|Incineroar, L50, M|100/100
|-ability|p2b: Incineroar|Intimidate|boost
|-unboost|p1a: Vivillon|atk|1
|-unboost|p1b: Arcanine|atk|1
|turn|2
|c|☆Mvine11|speed tie prolly lol
|c|☆orosun|you win some you lose some
|inactive|Mvine11 has 30 seconds left.
|
|t:|1783541180
|switch|p1b: Primarina|Primarina, L50, M|100/100
|detailschange|p2a: Gengar|Gengar-Mega, L50, M
|-mega|p2a: Gengar|Gengar|Gengarite
|move|p1a: Vivillon|Protect|p1a: Vivillon
|-singleturn|p1a: Vivillon|Protect
|move|p2b: Incineroar|Fake Out|p1b: Primarina
|-damage|p1b: Primarina|85/100
|move|p2a: Gengar|Disable|p1a: Vivillon
|-activate|p1a: Vivillon|move: Protect
|
|-heal|p1b: Primarina|91/100|[from] item: Leftovers
|upkeep
|turn|3
|inactive|Mvine11 has 30 seconds left.
|inactive|orosun has 30 seconds left.
|inactive|Mvine11 has 20 seconds left.
|inactive|orosun has 20 seconds left.
|
|t:|1783541216
|move|p2a: Gengar|Perish Song|p2a: Gengar
|-start|p1a: Vivillon|perish3|[silent]
|-start|p1b: Primarina|perish3|[silent]
|-start|p2a: Gengar|perish3|[silent]
|-start|p2b: Incineroar|perish3|[silent]
|-fieldactivate|move: Perish Song
|move|p1a: Vivillon|Tailwind|p1a: Vivillon
|-sidestart|p1: Mvine11|move: Tailwind
|move|p1b: Primarina|Hyper Voice|p2a: Gengar|[spread] p2a,p2b
|-supereffective|p2b: Incineroar|1
|-damage|p2a: Gengar|61/100
|-damage|p2b: Incineroar|42/100
|move|p2b: Incineroar|Parting Shot|p1b: Primarina
|-unboost|p1b: Primarina|atk|1
|-unboost|p1b: Primarina|spa|1
|
|t:|1783541219
|switch|p2b: Blastoise|Blastoise, L50, M|100/100|[from] Parting Shot
|
|-heal|p1b: Primarina|97/100|[from] item: Leftovers
|-start|p1a: Vivillon|perish3
|-start|p2a: Gengar|perish3
|-start|p1b: Primarina|perish3
|upkeep
|turn|4
|inactive|orosun has 30 seconds left.
|inactive|Mvine11 has 30 seconds left.
|inactive|orosun has 20 seconds left.
|inactive|orosun has 15 seconds left.
|inactive|orosun has 10 seconds left.
|
|t:|1783541268
|move|p2b: Blastoise|Fake Out|p1a: Vivillon
|-damage|p1a: Vivillon|87/100
|move|p1a: Vivillon|Sleep Powder|p2b: Blastoise
|-status|p2b: Blastoise|slp|[from] move: Sleep Powder
|move|p2a: Gengar|Shadow Ball|p1a: Vivillon
|-damage|p1a: Vivillon|9/100
|move|p1b: Primarina|Calm Mind|p1b: Primarina
|-boost|p1b: Primarina|spa|1
|-boost|p1b: Primarina|spd|1
|
|-heal|p1b: Primarina|100/100|[from] item: Leftovers
|-start|p1a: Vivillon|perish2
|-start|p2a: Gengar|perish2
|-start|p1b: Primarina|perish2
|upkeep
|turn|5
|c|☆orosun|holy fuck  lol shield dust viv
|inactive|Mvine11 has 30 seconds left.
|inactive|orosun has 30 seconds left.
|c|☆orosun|man i gotta learn to read
|inactive|Mvine11 has 20 seconds left.
|inactive|orosun has 20 seconds left.
|inactive|orosun has 15 seconds left.
|inactive|orosun has 10 seconds left.
|c|☆Mvine11|crazy prep work tbh
|
|t:|1783541317
|move|p2a: Gengar|Protect|p2a: Gengar
|-singleturn|p2a: Gengar|Protect
|move|p1a: Vivillon|Hurricane|p2b: Blastoise|[miss]
|-miss|p1a: Vivillon|p2b: Blastoise
|move|p1b: Primarina|Moonblast|p2a: Gengar
|-activate|p2a: Gengar|move: Protect
|cant|p2b: Blastoise|slp
|
|-start|p1a: Vivillon|perish1
|-start|p2a: Gengar|perish1
|-start|p1b: Primarina|perish1
|upkeep
|turn|6
|inactive|orosun has 30 seconds left.
|
|t:|1783541343
|switch|p2a: Incineroar|Incineroar, L50, M|42/100
|-ability|p2a: Incineroar|Intimidate|boost
|-unboost|p1a: Vivillon|atk|1
|-unboost|p1b: Primarina|atk|1
|cant|p2b: Blastoise|slp
|move|p1a: Vivillon|Sleep Powder|p2a: Incineroar
|-status|p2a: Incineroar|slp|[from] move: Sleep Powder
|move|p1b: Primarina|Moonblast|p2a: Incineroar
|-crit|p2a: Incineroar
|-damage|p2a: Incineroar|0 fnt
|faint|p2a: Incineroar
|
|-start|p1a: Vivillon|perish0
|-start|p1b: Primarina|perish0
|-sideend|p1: Mvine11|move: Tailwind
|upkeep
|faint|p1a: Vivillon
|faint|p1b: Primarina
|
|t:|1783541359
|switch|p1a: Arcanine|Arcanine-Hisui, L50, M, shiny|100/100
|switch|p2a: Gengar|Gengar-Mega, L50, M|61/100
|switch|p1b: Raichu|Raichu, L50, F|100/100
|turn|7
|c|☆orosun|gg on round 1 your team is very hard for mine
|inactive|Mvine11 has 30 seconds left.
|inactive|orosun has 30 seconds left.
|
|t:|1783541392
|detailschange|p1b: Raichu|Raichu-Mega-Y, L50, F
|-mega|p1b: Raichu|Raichu|Raichunite Y
|move|p2a: Gengar|Protect|p2a: Gengar
|-singleturn|p2a: Gengar|Protect
|move|p1a: Arcanine|Head Smash|p2a: Gengar
|-activate|p2a: Gengar|move: Protect
|move|p1b: Raichu|Zap Cannon|p2b: Blastoise
|-supereffective|p2b: Blastoise|1
|-damage|p2b: Blastoise|0 fnt
|faint|p2b: Blastoise
|
|upkeep
|turn|8
|
|t:|1783541404
|move|p1a: Arcanine|Head Smash|p2a: Gengar
|-damage|p2a: Gengar|0 fnt
|faint|p2a: Gengar
|
|win|Mvine11
||orosun is ready for game 2.
|c|☆Mvine11|gg gg
|inactive|Mvine11 has 30 seconds to confirm battle start!
|c|☆Mvine11|yeah arena trap is not fun against full aggro
||Mvine11 is ready for game 2.
|uhtml|next|Next: Game 2 of 3
