|j|☆OhNoValentine
|j|☆Jakz
|html|OhNoValentineJakz    
|uhtml|bestof|Game 2 of a best-of-3
|t:|1756828673
|gametype|doubles
|player|p1|OhNoValentine|2|1159
|player|p2|Jakz|skier|1203
|gen|9
|tier|[Gen 9] VGC 2025 Reg H (Bo3)
|rated|
|rule|Species Clause: Limit one of each Pokémon
|rule|Item Clause: Limit 1 of each item
|clearpoke
|poke|p1|Talonflame, L50, F|
|poke|p1|Rillaboom, L50, F|
|poke|p1|Primarina, L50, M|
|poke|p1|Sneasler, L50, F|
|poke|p1|Dragonite, L50, M|
|poke|p1|Gholdengo, L50|
|poke|p2|Porygon2, L50|
|poke|p2|Talonflame, L50, F|
|poke|p2|Incineroar, L50, F|
|poke|p2|Ursaluna-Bloodmoon, L50, M|
|poke|p2|Amoonguss, L50, M|
|poke|p2|Gholdengo, L50|
|teampreview|4
|showteam|p1|Talonflame||CovertCloak|GaleWings|BraveBird,Tailwind,WillOWisp,Taunt|||F|||50|,,,,,Flying]Rillaboom||AssaultVest|GrassySurge|FakeOut,WoodHammer,Uturn,GrassyGlide|||F|||50|,,,,,Fire]Primarina||ThroatSpray|LiquidVoice|HyperVoice,Haze,Moonblast,Protect|||M|||50|,,,,,Steel]Sneasler||GrassySeed|Unburden|Protect,CloseCombat,DireClaw,ThroatChop|||F|||50|,,,,,Dark]Dragonite||ChoiceBand|InnerFocus|ExtremeSpeed,Outrage,IceSpinner,StompingTantrum|||M|||50|,,,,,Normal]Gholdengo||ChoiceSpecs|GoodasGold|ShadowBall,MakeItRain,PowerGem,Trick||||||50|,,,,,Steel
|showteam|p2|Porygon2||Eviolite|Download|TeraBlast,IceBeam,TrickRoom,Recover||||||50|,,,,,Fighting]Talonflame||CovertCloak|GaleWings|Tailwind,BraveBird,Taunt,WillOWisp|||F|||50|,,,,,Grass]Incineroar||SitrusBerry|Intimidate|FlareBlitz,KnockOff,PartingShot,FakeOut|||F|||50|,,,,,Grass]Ursaluna-Bloodmoon||AssaultVest|MindsEye|BloodMoon,HyperVoice,EarthPower,Snarl|||M|||50|,,,,,Ghost]Amoonguss||RockyHelmet|Regenerator|PollenPuff,Spore,RagePowder,Protect|||M|||50|,,,,,Fire]Gholdengo||MetalCoat|GoodasGold|MakeItRain,ShadowBall,NastyPlot,Protect||||||50|,,,,,Water
|
|t:|1756828705
|teamsize|p1|4
|teamsize|p2|4
|start
|switch|p1a: Talonflame|Talonflame, L50, F|100/100
|switch|p1b: Primarina|Primarina, L50, M|100/100
|switch|p2a: Porygon2|Porygon2, L50, shiny|100/100
|switch|p2b: Amoonguss|Amoonguss, L50, M, shiny|100/100
|-ability|p2a: Porygon2|Download|boost
|-boost|p2a: Porygon2|atk|1
|turn|1
|
|t:|1756828730
|switch|p1b: Gholdengo|Gholdengo, L50|100/100
|move|p2b: Amoonguss|Rage Powder|p2b: Amoonguss
|-singleturn|p2b: Amoonguss|move: Rage Powder
|move|p1a: Talonflame|Taunt|p2b: Amoonguss
|-start|p2b: Amoonguss|move: Taunt
|move|p2a: Porygon2|Trick Room|p2a: Porygon2
|-fieldstart|move: Trick Room|[of] p2a: Porygon2
|
|upkeep
|turn|2
|
|t:|1756828766
|switch|p2b: Ursaluna|Ursaluna-Bloodmoon, L50, M|100/100
|switch|p2a: Gholdengo|Gholdengo, L50, shiny|100/100
|switch|p1a: Primarina|Primarina, L50, M|100/100
|move|p1b: Gholdengo|Make It Rain|p2a: Gholdengo|[spread] p2a,p2b
|-resisted|p2a: Gholdengo
|-damage|p2a: Gholdengo|65/100
|-damage|p2b: Ursaluna|40/100
|-unboost|p1b: Gholdengo|spa|1
|
|upkeep
|turn|3
|
|t:|1756828784
|switch|p2b: Amoonguss|Amoonguss, L50, M, shiny|100/100
|-terastallize|p1a: Primarina|Steel
|move|p1a: Primarina|Hyper Voice|p2a: Gholdengo|[spread] p2a,p2b
|-resisted|p2b: Amoonguss
|-damage|p2a: Gholdengo|31/100
|-damage|p2b: Amoonguss|88/100
|-enditem|p1a: Primarina|Throat Spray
|-boost|p1a: Primarina|spa|1|[from] item: Throat Spray
|move|p2a: Gholdengo|Nasty Plot|p2a: Gholdengo
|-boost|p2a: Gholdengo|spa|2
|move|p1b: Gholdengo|Make It Rain|p2a: Gholdengo|[spread] p2a,p2b
|-resisted|p2a: Gholdengo
|-damage|p2a: Gholdengo|7/100
|-damage|p2b: Amoonguss|52/100
|-unboost|p1b: Gholdengo|spa|1
|
|upkeep
|turn|4
|
|t:|1756828806
|move|p1a: Primarina|Protect|p1a: Primarina
|-singleturn|p1a: Primarina|Protect
|move|p2b: Amoonguss|Spore|p1a: Primarina
|-activate|p1a: Primarina|move: Protect
|move|p2a: Gholdengo|Shadow Ball|p1b: Gholdengo
|-supereffective|p1b: Gholdengo
|-damage|p1b: Gholdengo|0 fnt
|faint|p1b: Gholdengo
|
|upkeep
|
|t:|1756828811
|switch|p1b: Talonflame|Talonflame, L50, F|100/100
|turn|5
|
|t:|1756828831
|move|p2a: Gholdengo|Protect|p2a: Gholdengo
|-singleturn|p2a: Gholdengo|Protect
|move|p1b: Talonflame|Brave Bird|p2a: Gholdengo
|-activate|p2a: Gholdengo|move: Protect
|move|p2b: Amoonguss|Spore|p1b: Talonflame
|-status|p1b: Talonflame|slp|[from] move: Spore
|move|p1a: Primarina|Hyper Voice|p2b: Amoonguss|[spread] p2b
|-activate|p2a: Gholdengo|move: Protect
|-resisted|p2b: Amoonguss
|-damage|p2b: Amoonguss|32/100
|
|-fieldend|move: Trick Room
|upkeep
|turn|6
|
|t:|1756828854
|switch|p2b: Porygon2|Porygon2, L50, shiny|100/100
|-ability|p2b: Porygon2|Download|boost
|-boost|p2b: Porygon2|atk|1
|move|p1a: Primarina|Protect|p1a: Primarina
|-singleturn|p1a: Primarina|Protect
|cant|p1b: Talonflame|slp
|move|p2a: Gholdengo|Make It Rain|p1b: Talonflame|[spread] p1b
|-activate|p1a: Primarina|move: Protect
|-resisted|p1b: Talonflame
|-damage|p1b: Talonflame|12/100 slp
|-unboost|p2a: Gholdengo|spa|1
|
|upkeep
|turn|7
|
|t:|1756828879
|-terastallize|p2b: Porygon2|Fighting
|cant|p1b: Talonflame|slp
|move|p2a: Gholdengo|Shadow Ball|p1a: Primarina
|-damage|p1a: Primarina|43/100
|move|p1a: Primarina|Hyper Voice|p2a: Gholdengo|[spread] p2a,p2b
|-damage|p2a: Gholdengo|0 fnt
|-damage|p2b: Porygon2|69/100
|faint|p2a: Gholdengo
|move|p2b: Porygon2|Tera Blast|p1a: Primarina|[anim] Tera Blast Fighting
|-supereffective|p1a: Primarina
|-damage|p1a: Primarina|0 fnt
|faint|p1a: Primarina
|
|upkeep
|
|t:|1756828904
|switch|p2a: Amoonguss|Amoonguss, L50, M, shiny|65/100
|switch|p1a: Dragonite|Dragonite, L50, M|100/100
|turn|8
|
|t:|1756828917
|move|p2a: Amoonguss|Rage Powder|p2a: Amoonguss
|-singleturn|p2a: Amoonguss|move: Rage Powder
|-curestatus|p1b: Talonflame|slp|[msg]
|move|p1b: Talonflame|Brave Bird|p2a: Amoonguss
|-supereffective|p2a: Amoonguss
|-damage|p2a: Amoonguss|0 fnt
|-damage|p1b: Talonflame|0 fnt|[from] item: Rocky Helmet|[of] p2a: Amoonguss
|faint|p2a: Amoonguss
|faint|p1b: Talonflame
|move|p1a: Dragonite|Outrage|p2b: Porygon2
|-damage|p2b: Porygon2|0 fnt
|faint|p2b: Porygon2
|
|upkeep
|
|t:|1756828933
|switch|p2a: Ursaluna|Ursaluna-Bloodmoon, L50, M|40/100
|turn|9
|c|☆Jakz|ggs
|
|t:|1756828938
|move|p1a: Dragonite|Outrage|p2a: Ursaluna|[from] lockedmove
|-damage|p2a: Ursaluna|0 fnt
|faint|p2a: Ursaluna
|-start|p1a: Dragonite|confusion|[fatigue]
|
|win|OhNoValentine
|raw|OhNoValentine's rating: 1159 → 1187(+28 for winning)
|raw|Jakz's rating: 1203 → 1175(-28 for losing)
