|j|☆DDXDonYT
|j|☆caverna1
|html|DDXDonYTcaverna1    
|uhtml|bestof|Game 2 of a best-of-3
|t:|1757781258
|gametype|doubles
|player|p1|DDXDonYT|cynthia-gen4|
|player|p2|caverna1|boarder|
|gen|9
|tier|[Gen 9] VGC 2025 Reg H (Bo3)
|rule|Species Clause: Limit one of each Pokémon
|rule|Item Clause: Limit 1 of each item
|clearpoke
|poke|p1|Incineroar, L50, M|
|poke|p1|Indeedee, L50, M|
|poke|p1|Kommo-o, L50, M|
|poke|p1|Amoonguss, L50, M|
|poke|p1|Gholdengo, L50|
|poke|p1|Sneasler, L50, M|
|poke|p2|Charizard, L50, M|
|poke|p2|Torkoal, L50, F|
|poke|p2|Porygon2, L50|
|poke|p2|Incineroar, L50, M|
|poke|p2|Jumpluff, L50, F|
|poke|p2|Ursaluna, L50, M|
|teampreview|4
|showteam|p1|Incineroar||AssaultVest|Intimidate|FakeOut,KnockOff,Uturn,FlareBlitz|||M|||50|,,,,,Bug]Indeedee||ChoiceScarf|PsychicSurge|ExpandingForce,Trick,HelpingHand,DazzlingGleam|||M|||50|,,,,,Psychic]Kommo-o||ThroatSpray|Overcoat|ClangorousSoul,ClangingScales,Protect,Flamethrower|||M|||50|,,,,,Fire]Amoonguss||SitrusBerry|Regenerator|Spore,RagePowder,SludgeBomb,Protect|||M|||50|,,,,,Water]Gholdengo||LifeOrb|GoodasGold|MakeItRain,ShadowBall,NastyPlot,Protect||||||50|,,,,,Steel]Sneasler||PsychicSeed|Unburden|DireClaw,CloseCombat,ThroatChop,Protect|||M|||50|,,,,,Dark
|showteam|p2|Charizard||ChoiceSpecs|SolarPower|HeatWave,Overheat,WeatherBall,AirSlash|||M|||50|,,,,,Ghost]Torkoal||EjectPack|Drought|Eruption,Overheat,HelpingHand,Protect|||F|||50|,,,,,Fire]Porygon2||Eviolite|Download|TeraBlast,IceBeam,Recover,TrickRoom||||||50|,,,,,Fighting]Incineroar||SitrusBerry|Intimidate|FlareBlitz,KnockOff,FakeOut,PartingShot|||M|||50|,,,,,Ghost]Jumpluff||CovertCloak|Chlorophyll|SleepPowder,SunnyDay,RagePowder,Tailwind|||F|||50|,,,,,Water]Ursaluna||FlameOrb|Guts|HeadlongRush,Facade,Earthquake,Protect|||M|||50|,,,,,Ghost
|inactive|Battle timer is ON: inactive players will automatically lose when time's up. (requested by caverna1)
|inactive|caverna1 has 60 seconds left.
|
|t:|1757781297
|teamsize|p1|4
|teamsize|p2|4
|start
|switch|p1a: Kommo-o|Kommo-o, L50, M|100/100
|switch|p1b: Incineroar|Incineroar, L50, M|100/100
|switch|p2a: Torkoal|Torkoal, L50, F|100/100
|switch|p2b: Charizard|Charizard, L50, M|100/100
|-ability|p1b: Incineroar|Intimidate|boost
|-unboost|p2a: Torkoal|atk|1
|-unboost|p2b: Charizard|atk|1
|-weather|SunnyDay|[from] ability: Drought|[of] p2a: Torkoal
|-enditem|p2a: Torkoal|Eject Pack
|
|t:|1757781309
|switch|p2a: Jumpluff|Jumpluff, L50, F|100/100
|turn|1
|inactive|caverna1 has 30 seconds left.
|inactive|caverna1 has 20 seconds left.
|inactive|caverna1 has 15 seconds left.
|
|t:|1757781353
|-terastallize|p2b: Charizard|Ghost
|move|p1a: Kommo-o|Protect|p1a: Kommo-o
|-singleturn|p1a: Kommo-o|Protect
|move|p2a: Jumpluff|Sleep Powder|p1b: Incineroar|[miss]
|-miss|p2a: Jumpluff|p1b: Incineroar
|move|p2b: Charizard|Heat Wave|p1a: Kommo-o|[spread] p1b
|-activate|p1a: Kommo-o|move: Protect
|-resisted|p1b: Incineroar
|-damage|p1b: Incineroar|67/100
|move|p1b: Incineroar|Knock Off|p2b: Charizard
|-supereffective|p2b: Charizard
|-damage|p2b: Charizard|0 fnt
|-enditem|p2b: Charizard|Choice Specs|[from] move: Knock Off|[of] p1b: Incineroar
|faint|p2b: Charizard
|
|-weather|SunnyDay|[upkeep]
|upkeep
|
|t:|1757781375
|switch|p2b: Ursaluna|Ursaluna, L50, M|100/100
|turn|2
|
|t:|1757781389
|move|p2a: Jumpluff|Sleep Powder|p1a: Kommo-o
|-immune|p1a: Kommo-o|[from] ability: Overcoat
|move|p1a: Kommo-o|Clangorous Soul|p1a: Kommo-o
|-boost|p1a: Kommo-o|atk|1
|-boost|p1a: Kommo-o|def|1
|-boost|p1a: Kommo-o|spa|1
|-boost|p1a: Kommo-o|spd|1
|-boost|p1a: Kommo-o|spe|1
|-damage|p1a: Kommo-o|68/100
|-enditem|p1a: Kommo-o|Throat Spray
|-boost|p1a: Kommo-o|spa|1|[from] item: Throat Spray
|move|p2b: Ursaluna|Earthquake|p1a: Kommo-o|[spread] p1a,p1b
|-immune|p2a: Jumpluff
|-supereffective|p1b: Incineroar
|-crit|p1b: Incineroar
|-damage|p1a: Kommo-o|41/100
|-damage|p1b: Incineroar|0 fnt
|faint|p1b: Incineroar
|
|-weather|SunnyDay|[upkeep]
|-status|p2b: Ursaluna|brn|[from] item: Flame Orb
|upkeep
|
|t:|1757781413
|switch|p1b: Sneasler|Sneasler, L50, M|100/100
|turn|3
|inactive|DDXDonYT has 30 seconds left.
|inactive|caverna1 has 30 seconds left.
|inactive|caverna1 has 20 seconds left.
|
|t:|1757781449
|move|p2a: Jumpluff|Sleep Powder|p1b: Sneasler
|-status|p1b: Sneasler|slp|[from] move: Sleep Powder
|cant|p1b: Sneasler|slp
|move|p1a: Kommo-o|Clanging Scales|p2b: Ursaluna|[spread] p2a,p2b
|-damage|p2a: Jumpluff|19/100
|-damage|p2b: Ursaluna|29/100 brn
|-unboost|p1a: Kommo-o|def|1
|move|p2b: Ursaluna|Earthquake|p1a: Kommo-o|[spread] p1a,p1b
|-immune|p2a: Jumpluff
|-supereffective|p1b: Sneasler
|-damage|p1a: Kommo-o|0 fnt
|-damage|p1b: Sneasler|0 fnt
|faint|p1a: Kommo-o
|faint|p1b: Sneasler
|
|-weather|SunnyDay|[upkeep]
|-damage|p2b: Ursaluna|23/100 brn|[from] brn
|upkeep
|
|t:|1757781459
|switch|p1b: Indeedee|Indeedee, L50, M|100/100
|-fieldstart|move: Psychic Terrain|[from] ability: Psychic Surge|[of] p1b: Indeedee
|turn|4
|inactive|caverna1 has 30 seconds left.
|inactive|caverna1 has 20 seconds left.
|inactive|caverna1 has 15 seconds left.
|inactive|caverna1 has 10 seconds left.
|
|t:|1757781508
|-terastallize|p1b: Indeedee|Psychic
|move|p2b: Ursaluna|Protect|p2b: Ursaluna
|-singleturn|p2b: Ursaluna|Protect
|move|p2a: Jumpluff|Sleep Powder|p1b: Indeedee
|-status|p1b: Indeedee|slp|[from] move: Sleep Powder
|cant|p1b: Indeedee|slp
|
|-weather|SunnyDay|[upkeep]
|-damage|p2b: Ursaluna|17/100 brn|[from] brn
|upkeep
|turn|5
|j| trafa preparate
|
|t:|1757781527
|move|p2a: Jumpluff|Tailwind|p2a: Jumpluff
|-sidestart|p2: caverna1|move: Tailwind
|cant|p1b: Indeedee|slp
|move|p2b: Ursaluna|Facade|p1b: Indeedee
|-damage|p1b: Indeedee|0 fnt
|faint|p1b: Indeedee
|
|win|caverna1
||DDXDonYT is ready for game 3.
||caverna1 is ready for game 3.
|uhtml|next|Next: Game 3 of 3
|l| trafa preparate
|l|☆caverna1
|player|p2|
