|j|☆ming0mang0
|j|☆Invoker Kuzan
|html|ming0mang0Invoker Kuzan    
|uhtml|bestof|Game 2 of a best-of-3
|t:|1756244689
|gametype|doubles
|player|p1|ming0mang0|harlequin|1064
|player|p2|Invoker Kuzan|marnie-masters3|1000
|gen|9
|tier|[Gen 9] VGC 2025 Reg H (Bo3)
|rated|
|rule|Species Clause: Limit one of each Pokémon
|rule|Item Clause: Limit 1 of each item
|clearpoke
|poke|p1|Pelipper, L50, M|
|poke|p1|Archaludon, L50, M|
|poke|p1|Basculegion, L50, M|
|poke|p1|Toxicroak, L50, F|
|poke|p1|Incineroar, L50, M|
|poke|p1|Amoonguss, L50, M|
|poke|p2|Indeedee-F, L50, F|
|poke|p2|Hatterene, L50, F|
|poke|p2|Gallade, L50, M|
|poke|p2|Ursaluna, L50, M|
|poke|p2|Lilligant-Hisui, L50, F|
|poke|p2|Torkoal, L50, M|
|teampreview|4
|showteam|p1|Pelipper||FocusSash|Drizzle|WeatherBall,Hurricane,Tailwind,Protect|||M|||50|,,,,,Ghost]Archaludon||AssaultVest|Stamina|ElectroShot,BodyPress,DracoMeteor,FlashCannon|||M|||50|,,,,,Grass]Basculegion||ChoiceBand|SwiftSwim|WaveCrash,FlipTurn,LastRespects,AquaJet|||M|||50|,,,,,Water]Toxicroak||ClearAmulet|DrySkin|GunkShot,CloseCombat,SuckerPunch,FakeOut|||F|||50|,,,,,Dark]Incineroar||SafetyGoggles|Intimidate|FakeOut,KnockOff,Taunt,PartingShot|||M|||50|,,,,,Ghost]Amoonguss||SitrusBerry|Regenerator|PollenPuff,Spore,RagePowder,ClearSmog|||M|||50|,,,,,Water
|showteam|p2|Indeedee-F||PsychicSeed|PsychicSurge|TrickRoom,FollowMe,HelpingHand,DazzlingGleam|||F|||50|,,,,,Fire]Hatterene||LifeOrb|MagicBounce|ExpandingForce,TrickRoom,DazzlingGleam,Protect|||F|||50|,,,,,Psychic]Gallade||ClearAmulet|Sharpness|PsychoCut,TrickRoom,SacredSword,WideGuard|||M|||50|,,,,,Grass]Ursaluna||FlameOrb|Guts|HeadlongRush,Facade,SwordsDance,Protect|||M|||50|,,,,,Ghost]Lilligant-Hisui||FocusSash|Chlorophyll|SolarBlade,SleepPowder,CloseCombat,AfterYou|||F|||50|,,,,,Ghost]Torkoal||ChoiceSpecs|Drought|Eruption,HeatWave,WeatherBall,EarthPower|||M|||50|,,,,,Fire
|inactive|Battle timer is ON: inactive players will automatically lose when time's up. (requested by Invoker Kuzan)
|inactive|ming0mang0 has 60 seconds left.
|inactive|ming0mang0 has 30 seconds left.
|
|t:|1756244763
|teamsize|p1|4
|teamsize|p2|4
|start
|switch|p1a: Incineroar|Incineroar, L50, M|100/100
|switch|p1b: Basculegion|Basculegion, L50, M|100/100
|switch|p2a: Indeedee|Indeedee-F, L50, F, shiny|100/100
|switch|p2b: Gallade|Gallade, L50, M, shiny|100/100
|-ability|p1a: Incineroar|Intimidate|boost
|-unboost|p2a: Indeedee|atk|1
|-fail|p2b: Gallade|unboost|[from] item: Clear Amulet|[of] p2b: Gallade
|-fieldstart|move: Psychic Terrain|[from] ability: Psychic Surge|[of] p2a: Indeedee
|-enditem|p2a: Indeedee|Psychic Seed
|-boost|p2a: Indeedee|spd|1|[from] item: Psychic Seed
|turn|1
|inactive|ming0mang0 has 30 seconds left.
|
|t:|1756244797
|switch|p1b: Pelipper|Pelipper, L50, M|100/100
|-weather|RainDance|[from] ability: Drizzle|[of] p1b: Pelipper
|move|p2a: Indeedee|Follow Me|p2a: Indeedee
|-singleturn|p2a: Indeedee|move: Follow Me
|move|p1a: Incineroar|Taunt|p2a: Indeedee
|-start|p2a: Indeedee|move: Taunt
|move|p2b: Gallade|Trick Room|p2b: Gallade
|-fieldstart|move: Trick Room|[of] p2b: Gallade
|
|-weather|RainDance|[upkeep]
|upkeep
|turn|2
|inactive|ming0mang0 has 30 seconds left.
|inactive|Invoker Kuzan has 30 seconds left.
|
|t:|1756244838
|move|p2a: Indeedee|Dazzling Gleam|p1b: Pelipper|[spread] p1a,p1b
|-damage|p1a: Incineroar|89/100
|-damage|p1b: Pelipper|76/100
|move|p1a: Incineroar|Knock Off|p2b: Gallade
|-damage|p2b: Gallade|42/100
|-enditem|p2b: Gallade|Clear Amulet|[from] move: Knock Off|[of] p1a: Incineroar
|move|p2b: Gallade|Psycho Cut|p1b: Pelipper
|-damage|p1b: Pelipper|0 fnt
|faint|p1b: Pelipper
|
|-weather|RainDance|[upkeep]
|upkeep
|inactive|ming0mang0 has 30 seconds left.
|inactive|ming0mang0 has 20 seconds left.
|inactive|ming0mang0 has 15 seconds left.
|
|t:|1756244879
|switch|p1b: Archaludon|Archaludon, L50, M|100/100
|turn|3
|
|t:|1756244895
|move|p2a: Indeedee|Dazzling Gleam|p1b: Archaludon|[spread] p1a,p1b
|-damage|p1a: Incineroar|78/100
|-damage|p1b: Archaludon|92/100
|-ability|p1b: Archaludon|Stamina|boost
|-boost|p1b: Archaludon|def|1
|move|p1a: Incineroar|Parting Shot|p2b: Gallade
|-unboost|p2b: Gallade|atk|1
|-unboost|p2b: Gallade|spa|1
|
|t:|1756244903
|switch|p1a: Basculegion|Basculegion, L50, M|100/100|[from] Parting Shot
|move|p2b: Gallade|Sacred Sword|p1b: Archaludon
|-supereffective|p1b: Archaludon
|-damage|p1b: Archaludon|15/100
|-ability|p1b: Archaludon|Stamina|boost
|-boost|p1b: Archaludon|def|1
|move|p1b: Archaludon|Electro Shot||[still]
|-prepare|p1b: Archaludon|Electro Shot
|-boost|p1b: Archaludon|spa|1
|-anim|p1b: Archaludon|Electro Shot|p2a: Indeedee
|-crit|p2a: Indeedee
|-damage|p2a: Indeedee|15/100
|
|-weather|RainDance|[upkeep]
|upkeep
|turn|4
|inactive|ming0mang0 has 30 seconds left.
|inactive|ming0mang0 has 20 seconds left.
|inactive|ming0mang0 has 15 seconds left.
|inactive|ming0mang0 has 10 seconds left.
|
|t:|1756244948
|switch|p1a: Incineroar|Incineroar, L50, M|78/100
|-ability|p1a: Incineroar|Intimidate|boost
|-unboost|p2a: Indeedee|atk|1
|-unboost|p2b: Gallade|atk|1
|move|p2a: Indeedee|Dazzling Gleam|p1a: Incineroar|[spread] p1a,p1b
|-damage|p1a: Incineroar|68/100
|-damage|p1b: Archaludon|6/100
|-ability|p1b: Archaludon|Stamina|boost
|-boost|p1b: Archaludon|def|1
|move|p2b: Gallade|Psycho Cut|p1a: Incineroar
|-immune|p1a: Incineroar
|move|p1b: Archaludon|Electro Shot||[still]
|-prepare|p1b: Archaludon|Electro Shot
|-boost|p1b: Archaludon|spa|1
|-anim|p1b: Archaludon|Electro Shot|p2b: Gallade
|-damage|p2b: Gallade|0 fnt
|faint|p2b: Gallade
|
|-weather|RainDance|[upkeep]
|-end|p2a: Indeedee|move: Taunt
|upkeep
|
|t:|1756244959
|switch|p2b: Torkoal|Torkoal, L50, M, shiny|100/100
|-weather|SunnyDay|[from] ability: Drought|[of] p2b: Torkoal
|turn|5
|inactive|ming0mang0 has 30 seconds left.
|inactive|ming0mang0 has 20 seconds left.
|inactive|ming0mang0 has 15 seconds left.
|inactive|ming0mang0 has 10 seconds left.
|
|t:|1756245006
|-terastallize|p2b: Torkoal|Fire
|move|p2a: Indeedee|Helping Hand|p2b: Torkoal
|-singleturn|p2b: Torkoal|Helping Hand|[of] p2a: Indeedee
|move|p2b: Torkoal|Eruption|p1b: Archaludon|[spread] p1a,p1b
|-resisted|p1a: Incineroar
|-damage|p1a: Incineroar|0 fnt
|-damage|p1b: Archaludon|0 fnt
|faint|p1a: Incineroar
|faint|p1b: Archaludon
|
|-weather|SunnyDay|[upkeep]
|-fieldend|move: Trick Room
|-fieldend|move: Psychic Terrain
|upkeep
|
|t:|1756245021
|switch|p1a: Basculegion|Basculegion, L50, M|100/100
|turn|6
|
|t:|1756245044
|-terastallize|p1a: Basculegion|Water
|move|p2a: Indeedee|Follow Me|p2a: Indeedee
|-singleturn|p2a: Indeedee|move: Follow Me
|move|p1a: Basculegion|Wave Crash|p2a: Indeedee
|-damage|p2a: Indeedee|0 fnt
|faint|p2a: Indeedee
|-damage|p1a: Basculegion|96/100|[from] Recoil
|move|p2b: Torkoal|Eruption|p1a: Basculegion
|-resisted|p1a: Basculegion
|-damage|p1a: Basculegion|0 fnt
|faint|p1a: Basculegion
|
|win|Invoker Kuzan
|raw|ming0mang0's rating: 1064 → 1041(-23 for losing)
|raw|Invoker Kuzan's rating: 1000 → 1047(+47 for winning)
