|j|☆Barri Deagol
|j|☆mysteriousmeatman
|html|Barri Deagolmysteriousmeatman    
|uhtml|bestof|Game 1 of a best-of-3
|t:|1756559457
|gametype|doubles
|player|p1|Barri Deagol|collector|1081
|player|p2|mysteriousmeatman|infielder|1000
|gen|9
|tier|[Gen 9] VGC 2025 Reg H (Bo3)
|rated|
|rule|Species Clause: Limit one of each Pokémon
|rule|Item Clause: Limit 1 of each item
|clearpoke
|poke|p1|Archaludon, L50, M|
|poke|p1|Dragonite, L50, F|
|poke|p1|Pelipper, L50, M|
|poke|p1|Ursaluna, L50, F|
|poke|p1|Sinistcha, L50|
|poke|p1|Gholdengo, L50|
|poke|p2|Palafin, L50, F|
|poke|p2|Flamigo, L50, F|
|poke|p2|Politoed, L50, F|
|poke|p2|Incineroar, L50, F|
|poke|p2|Gothitelle, L50, M|
|poke|p2|Overqwil, L50, M|
|teampreview|4
|showteam|p1|Archaludon||AssaultVest|Stamina|FlashCannon,BodyPress,ElectroShot,Snarl|||M|||50|,,,,,Fighting]Dragonite||LoadedDice|Multiscale|ScaleShot,Tailwind,Haze,Protect|||F|||50|,,,,,Fairy]Pelipper||FocusSash|Drizzle|MuddyWater,Hurricane,Tailwind,Protect|||M|||50|,,,,,Ghost]Ursaluna||FlameOrb|Guts|Facade,HeadlongRush,Earthquake,Protect|||F|||50|,,,,,Ghost]Sinistcha||SitrusBerry|Hospitality|MatchaGotcha,LifeDew,RagePowder,TrickRoom||||||50|,,,,,Dark]Gholdengo||ChoiceScarf|GoodasGold|MakeItRain,ShadowBall,Trick,Protect||||||50|,,,,,Flying
|showteam|p2|Palafin||PunchingGlove|ZerotoHero|FlipTurn,JetPunch,DrainPunch,Protect|||F|||50|,,,,,Water]Flamigo||WhiteHerb|Scrappy|CloseCombat,Acrobatics,LowKick,Protect|||F|||50|,,,,,Flying]Politoed||Leftovers|Drizzle|HydroPump,IcyWind,PerishSong,Protect|||F|||50|,,,,,Ghost]Incineroar||SafetyGoggles|Intimidate|FakeOut,KnockOff,PartingShot,Protect|||F|||50|,,,,,Ghost]Gothitelle||SitrusBerry|ShadowTag|FakeOut,Psychic,TrickRoom,Protect|||M|||50|,,,,,Dark]Overqwil||ClearAmulet|SwiftSwim|Crunch,PoisonJab,Liquidation,Protect|||M|||50|,,,,,Ground
|inactive|Battle timer is ON: inactive players will automatically lose when time's up. (requested by Barri Deagol)
|inactive|Barri Deagol has 60 seconds left.
|
|t:|1756559499
|teamsize|p1|4
|teamsize|p2|4
|start
|switch|p1a: Dragonite|Dragonite, L50, F|100/100
|switch|p1b: Gholdengo|Gholdengo, L50|100/100
|switch|p2a: Incineroar|Incineroar, L50, F, shiny|100/100
|switch|p2b: Overqwil|Overqwil, L50, M, shiny|100/100
|-ability|p2a: Incineroar|Intimidate|boost
|-unboost|p1a: Dragonite|atk|1
|-unboost|p1b: Gholdengo|atk|1
|turn|1
|inactive|Barri Deagol has 30 seconds left.
|inactive|mysteriousmeatman has 30 seconds left.
|inactive|Barri Deagol has 20 seconds left.
|inactive|mysteriousmeatman has 20 seconds left.
|inactive|Barri Deagol has 15 seconds left.
|inactive|mysteriousmeatman has 15 seconds left.
|inactive|mysteriousmeatman has 10 seconds left.
|
|t:|1756559546
|move|p1b: Gholdengo|Trick|p2b: Overqwil
|-activate|p1b: Gholdengo|move: Trick|[of] p2b: Overqwil
|-item|p2b: Overqwil|Choice Scarf|[from] move: Trick
|-item|p1b: Gholdengo|Clear Amulet|[from] move: Trick
|move|p2b: Overqwil|Crunch|p1b: Gholdengo
|-supereffective|p1b: Gholdengo
|-damage|p1b: Gholdengo|4/100
|move|p1a: Dragonite|Scale Shot|p2b: Overqwil
|-damage|p2b: Overqwil|87/100
|-damage|p2b: Overqwil|76/100
|-damage|p2b: Overqwil|64/100
|-damage|p2b: Overqwil|52/100
|-damage|p2b: Overqwil|40/100
|-hitcount|p2b: Overqwil|5
|-unboost|p1a: Dragonite|def|1
|-boost|p1a: Dragonite|spe|1
|move|p2a: Incineroar|Knock Off|p1b: Gholdengo
|-supereffective|p1b: Gholdengo
|-damage|p1b: Gholdengo|0 fnt
|-enditem|p1b: Gholdengo|Clear Amulet|[from] move: Knock Off|[of] p2a: Incineroar
|faint|p1b: Gholdengo
|
|upkeep
|
|t:|1756559569
|switch|p1b: Archaludon|Archaludon, L50, M|100/100
|turn|2
|
|t:|1756559581
|switch|p2b: Flamigo|Flamigo, L50, F, shiny|100/100
|move|p1a: Dragonite|Scale Shot|p2b: Flamigo
|-damage|p2b: Flamigo|86/100
|-damage|p2b: Flamigo|71/100
|-damage|p2b: Flamigo|57/100
|-damage|p2b: Flamigo|42/100
|-damage|p2b: Flamigo|29/100
|-hitcount|p2b: Flamigo|5
|-unboost|p1a: Dragonite|def|1
|-boost|p1a: Dragonite|spe|1
|move|p1b: Archaludon|Body Press|p2a: Incineroar
|-supereffective|p2a: Incineroar
|-damage|p2a: Incineroar|48/100
|move|p2a: Incineroar|Parting Shot|p1a: Dragonite
|-unboost|p1a: Dragonite|atk|1
|-unboost|p1a: Dragonite|spa|1
|
|t:|1756559599
|switch|p2a: Politoed|Politoed, L50, F, shiny|100/100|[from] Parting Shot
|-weather|RainDance|[from] ability: Drizzle|[of] p2a: Politoed
|
|-weather|RainDance|[upkeep]
|upkeep
|turn|3
|
|t:|1756559622
|switch|p2b: Incineroar|Incineroar, L50, F, shiny|48/100
|-ability|p2b: Incineroar|Intimidate|boost
|-unboost|p1a: Dragonite|atk|1
|-unboost|p1b: Archaludon|atk|1
|-terastallize|p2a: Politoed|Ghost
|move|p1a: Dragonite|Scale Shot|p2b: Incineroar
|-damage|p2b: Incineroar|42/100
|-damage|p2b: Incineroar|36/100
|-damage|p2b: Incineroar|30/100
|-damage|p2b: Incineroar|23/100
|-hitcount|p2b: Incineroar|4
|-unboost|p1a: Dragonite|def|1
|-boost|p1a: Dragonite|spe|1
|move|p1b: Archaludon|Electro Shot||[still]
|-prepare|p1b: Archaludon|Electro Shot
|-boost|p1b: Archaludon|spa|1
|-anim|p1b: Archaludon|Electro Shot|p2a: Politoed
|-damage|p2a: Politoed|65/100
|move|p2a: Politoed|Perish Song|p2a: Politoed
|-start|p1a: Dragonite|perish3|[silent]
|-start|p1b: Archaludon|perish3|[silent]
|-start|p2a: Politoed|perish3|[silent]
|-start|p2b: Incineroar|perish3|[silent]
|-fieldactivate|move: Perish Song
|
|-weather|RainDance|[upkeep]
|-heal|p2a: Politoed|71/100|[from] item: Leftovers
|-start|p1a: Dragonite|perish3
|-start|p1b: Archaludon|perish3
|-start|p2a: Politoed|perish3
|-start|p2b: Incineroar|perish3
|upkeep
|turn|4
|inactive|Barri Deagol has 30 seconds left.
|inactive|mysteriousmeatman has 30 seconds left.
|inactive|Barri Deagol has 20 seconds left.
|inactive|Barri Deagol has 15 seconds left.
|inactive|Barri Deagol has 10 seconds left.
|
|t:|1756559671
|move|p1a: Dragonite|Tailwind|p1a: Dragonite
|-sidestart|p1: Barri Deagol|move: Tailwind
|move|p1b: Archaludon|Electro Shot||[still]
|-prepare|p1b: Archaludon|Electro Shot
|-boost|p1b: Archaludon|spa|1
|-anim|p1b: Archaludon|Electro Shot|p2a: Politoed
|-damage|p2a: Politoed|25/100
|move|p2a: Politoed|Icy Wind|p1b: Archaludon|[spread] p1a,p1b
|-supereffective|p1a: Dragonite
|-damage|p1a: Dragonite|81/100
|-damage|p1b: Archaludon|95/100
|-unboost|p1a: Dragonite|spe|1
|-unboost|p1b: Archaludon|spe|1
|-ability|p1b: Archaludon|Stamina|boost
|-boost|p1b: Archaludon|def|1
|move|p2b: Incineroar|Knock Off|p1a: Dragonite
|-damage|p1a: Dragonite|0 fnt
|-enditem|p1a: Dragonite|Loaded Dice|[from] move: Knock Off|[of] p2b: Incineroar
|faint|p1a: Dragonite
|
|-weather|RainDance|[upkeep]
|-heal|p2a: Politoed|31/100|[from] item: Leftovers
|-start|p1b: Archaludon|perish2
|-start|p2a: Politoed|perish2
|-start|p2b: Incineroar|perish2
|upkeep
|
|t:|1756559695
|switch|p1a: Ursaluna|Ursaluna, L50, F|100/100
|turn|5
|
|t:|1756559708
|move|p2a: Politoed|Protect|p2a: Politoed
|-singleturn|p2a: Politoed|Protect
|move|p1a: Ursaluna|Headlong Rush|p2b: Incineroar
|-supereffective|p2b: Incineroar
|-damage|p2b: Incineroar|0 fnt
|-unboost|p1a: Ursaluna|def|1
|-unboost|p1a: Ursaluna|spd|1
|faint|p2b: Incineroar
|move|p1b: Archaludon|Electro Shot||[still]
|-prepare|p1b: Archaludon|Electro Shot
|-boost|p1b: Archaludon|spa|1
|-anim|p1b: Archaludon|Electro Shot|p2a: Politoed
|-activate|p2a: Politoed|move: Protect
|
|-weather|RainDance|[upkeep]
|-heal|p2a: Politoed|37/100|[from] item: Leftovers
|-start|p1b: Archaludon|perish1
|-start|p2a: Politoed|perish1
|-status|p1a: Ursaluna|brn|[from] item: Flame Orb
|upkeep
|
|t:|1756559724
|switch|p2b: Overqwil|Overqwil, L50, M, shiny|40/100
|turn|6
|
|t:|1756559741
|switch|p2a: Flamigo|Flamigo, L50, F, shiny|29/100
|move|p2b: Overqwil|Protect|p2b: Overqwil
|-singleturn|p2b: Overqwil|Protect
|move|p1a: Ursaluna|Earthquake|p2b: Overqwil|[spread] p1b
|-activate|p2b: Overqwil|move: Protect
|-immune|p2a: Flamigo
|-supereffective|p1b: Archaludon
|-damage|p1b: Archaludon|43/100
|-ability|p1b: Archaludon|Stamina|boost
|-boost|p1b: Archaludon|def|1
|move|p1b: Archaludon|Snarl|p2a: Flamigo|[spread] p2a
|-activate|p2b: Overqwil|move: Protect
|-resisted|p2a: Flamigo
|-damage|p2a: Flamigo|6/100
|-unboost|p2a: Flamigo|spa|1
|-enditem|p2a: Flamigo|White Herb
|-clearnegativeboost|p2a: Flamigo|[silent]
|
|-weather|none
|-damage|p1a: Ursaluna|95/100 brn|[from] brn
|-start|p1b: Archaludon|perish0
|faint|p1b: Archaludon
|upkeep
|turn|7
|inactive|Barri Deagol has 30 seconds left.
|inactive|mysteriousmeatman has 30 seconds left.
|inactive|Barri Deagol has 20 seconds left.
|inactive|Barri Deagol has 15 seconds left.
|
|t:|1756559784
|switch|p2b: Politoed|Politoed, L50, F, shiny, tera:Ghost|37/100
|-weather|RainDance|[from] ability: Drizzle|[of] p2b: Politoed
|move|p1a: Ursaluna|Facade|p2b: Politoed
|-immune|p2b: Politoed
|move|p2a: Flamigo|Acrobatics|p1a: Ursaluna
|-damage|p1a: Ursaluna|27/100 brn
|
|-weather|RainDance|[upkeep]
|-heal|p2b: Politoed|43/100|[from] item: Leftovers
|-damage|p1a: Ursaluna|21/100 brn|[from] brn
|-sideend|p1: Barri Deagol|move: Tailwind
|upkeep
|turn|8
|
|t:|1756559800
|move|p2a: Flamigo|Acrobatics|p1a: Ursaluna
|-damage|p1a: Ursaluna|0 fnt
|faint|p1a: Ursaluna
|
|win|mysteriousmeatman
||mysteriousmeatman is ready for game 2.
