|j|☆CRISP WHITE SHEETS
|j|☆JakAttack101
|html|CRISP WHITE SHEETSJakAttack101    
|uhtml|bestof|Game 2 of a best-of-3
|t:|1756819354
|gametype|doubles
|player|p1|CRISP WHITE SHEETS|ghetsis|1181
|player|p2|JakAttack101|blaine|1110
|gen|9
|tier|[Gen 9] VGC 2025 Reg H (Bo3)
|rated|
|rule|Species Clause: Limit one of each Pokémon
|rule|Item Clause: Limit 1 of each item
|clearpoke
|poke|p1|Exeggutor, L50, F|
|poke|p1|Indeedee-F, L50, F|
|poke|p1|Avalugg, L50, F|
|poke|p1|Torkoal, L50, M|
|poke|p1|Sneasler, L50, M|
|poke|p1|Typhlosion-Hisui, L50, F|
|poke|p2|Ursaluna, L50, F|
|poke|p2|Gholdengo, L50|
|poke|p2|Porygon2, L50|
|poke|p2|Amoonguss, L50, F|
|poke|p2|Incineroar, L50, F|
|poke|p2|Hydreigon, L50, M|
|teampreview|4
|showteam|p1|Exeggutor||FocusSash|Chlorophyll|ExpandingForce,EnergyBall,TrickRoom,Protect|||F|||50|,,,,,Psychic]Indeedee-F||SafetyGoggles|PsychicSurge|FollowMe,HelpingHand,TrickRoom,DazzlingGleam|||F|||50|,,,,,Fairy]Avalugg||LoadedDice|Sturdy|IcicleSpear,BodyPress,WideGuard,Protect|||F|||50|,,,,,Fighting]Torkoal||Charcoal|Drought|Eruption,EarthPower,HelpingHand,Protect|||M|||50|,,,,,Fire]Sneasler||PsychicSeed|Unburden|DireClaw,CloseCombat,ThroatChop,Protect|||M|||50|,,,,,Dark]Typhlosion-Hisui||ChoiceScarf|Frisk|Eruption,HeatWave,ShadowBall,Extrasensory|||F|||50|,,,,,Fire
|showteam|p2|Ursaluna||FlameOrb|Guts|Facade,Earthquake,HeadlongRush,Protect|||F|||50|,,,,,Ghost]Gholdengo||LifeOrb|GoodasGold|MakeItRain,ShadowBall,NastyPlot,Protect||||||50|,,,,,Water]Porygon2||Eviolite|Download|TeraBlast,IceBeam,Recover,TrickRoom||||||50|,,,,,Fighting]Amoonguss||CovertCloak|Regenerator|PollenPuff,ClearSmog,RagePowder,Spore|||F|||50|,,,,,Water]Incineroar||SitrusBerry|Intimidate|FakeOut,FlareBlitz,KnockOff,PartingShot|||F|||50|,,,,,Ghost]Hydreigon||SafetyGoggles|Levitate|DracoMeteor,Snarl,Tailwind,Protect|||M|||50|,,,,,Ghost
|
|t:|1756819381
|teamsize|p1|4
|teamsize|p2|4
|start
|switch|p1a: Belle|Indeedee-F, L50, F|100/100
|switch|p1b: Anakin|Exeggutor, L50, F|100/100
|switch|p2a: Hydreigon|Hydreigon, L50, M|100/100
|switch|p2b: Gholdengo|Gholdengo, L50|100/100
|-fieldstart|move: Psychic Terrain|[from] ability: Psychic Surge|[of] p1a: Belle
|turn|1
|
|t:|1756819401
|move|p2a: Hydreigon|Snarl|p1a: Belle|[spread] p1a,p1b
|-supereffective|p1a: Belle
|-supereffective|p1b: Anakin
|-crit|p1b: Anakin
|-damage|p1a: Belle|65/100
|-damage|p1b: Anakin|15/100
|-unboost|p1a: Belle|spa|1
|-unboost|p1b: Anakin|spa|1
|move|p2b: Gholdengo|Make It Rain|p1a: Belle|[spread] p1a,p1b
|-damage|p1a: Belle|12/100
|-damage|p1b: Anakin|0 fnt
|-unboost|p2b: Gholdengo|spa|1
|faint|p1b: Anakin
|-damage|p2b: Gholdengo|91/100|[from] item: Life Orb
|move|p1a: Belle|Trick Room|p1a: Belle
|-fieldstart|move: Trick Room|[of] p1a: Belle
|
|upkeep
|
|t:|1756819403
|switch|p1b: Shellshocker|Torkoal, L50, M|100/100
|-weather|SunnyDay|[from] ability: Drought|[of] p1b: Shellshocker
|turn|2
|
|t:|1756819419
|switch|p2b: Incineroar|Incineroar, L50, F|100/100
|-ability|p2b: Incineroar|Intimidate|boost
|-unboost|p1a: Belle|atk|1
|-unboost|p1b: Shellshocker|atk|1
|-terastallize|p1b: Shellshocker|Fire
|move|p1b: Shellshocker|Eruption|p2a: Hydreigon|[spread] p2a,p2b
|-resisted|p2a: Hydreigon
|-resisted|p2b: Incineroar
|-damage|p2a: Hydreigon|41/100
|-damage|p2b: Incineroar|42/100
|-enditem|p2b: Incineroar|Sitrus Berry|[eat]
|-heal|p2b: Incineroar|67/100|[from] item: Sitrus Berry
|move|p1a: Belle|Dazzling Gleam|p2b: Incineroar|[spread] p2a,p2b
|-supereffective|p2a: Hydreigon
|-damage|p2a: Hydreigon|2/100
|-damage|p2b: Incineroar|59/100
|move|p2a: Hydreigon|Snarl|p1b: Shellshocker|[spread] p1a,p1b
|-supereffective|p1a: Belle
|-damage|p1a: Belle|0 fnt
|-damage|p1b: Shellshocker|75/100
|-unboost|p1b: Shellshocker|spa|1
|faint|p1a: Belle
|
|-weather|SunnyDay|[upkeep]
|upkeep
|
|t:|1756819442
|switch|p1a: Nimitz|Avalugg, L50, F|100/100
|turn|3
|
|t:|1756819455
|-terastallize|p2b: Incineroar|Ghost
|move|p2a: Hydreigon|Protect|p2a: Hydreigon
|-singleturn|p2a: Hydreigon|Protect
|move|p1b: Shellshocker|Eruption|p2b: Incineroar|[spread] p2b
|-activate|p2a: Hydreigon|move: Protect
|-damage|p2b: Incineroar|7/100
|move|p1a: Nimitz|Body Press|p2b: Incineroar
|-immune|p2b: Incineroar
|move|p2b: Incineroar|Flare Blitz|p1a: Nimitz
|-supereffective|p1a: Nimitz
|-damage|p1a: Nimitz|31/100
|-damage|p2b: Incineroar|0 fnt|[from] Recoil
|faint|p2b: Incineroar
|
|-weather|SunnyDay|[upkeep]
|upkeep
|
|t:|1756819469
|switch|p2b: Ursaluna|Ursaluna, L50, F|100/100
|turn|4
|
|t:|1756819478
|move|p2b: Ursaluna|Protect|p2b: Ursaluna
|-singleturn|p2b: Ursaluna|Protect
|move|p2a: Hydreigon|Protect|p2a: Hydreigon
|-singleturn|p2a: Hydreigon|Protect
|move|p1b: Shellshocker|Eruption|p2b: Ursaluna|[spread] 
|-activate|p2a: Hydreigon|move: Protect
|-activate|p2b: Ursaluna|move: Protect
|move|p1a: Nimitz|Body Press|p2b: Ursaluna
|-activate|p2b: Ursaluna|move: Protect
|
|-weather|SunnyDay|[upkeep]
|-status|p2b: Ursaluna|brn|[from] item: Flame Orb
|upkeep
|turn|5
|
|t:|1756819500
|move|p2a: Hydreigon|Protect||[still]
|-fail|p2a: Hydreigon
|move|p1b: Shellshocker|Eruption|p2b: Ursaluna|[spread] p2a,p2b
|-resisted|p2a: Hydreigon
|-damage|p2a: Hydreigon|0 fnt
|-damage|p2b: Ursaluna|50/100 brn
|faint|p2a: Hydreigon
|move|p1a: Nimitz|Body Press|p2b: Ursaluna
|-supereffective|p2b: Ursaluna
|-damage|p2b: Ursaluna|0 fnt
|faint|p2b: Ursaluna
|
|-weather|SunnyDay|[upkeep]
|-fieldend|move: Trick Room
|-fieldend|move: Psychic Terrain
|upkeep
|
|t:|1756819504
|switch|p2b: Gholdengo|Gholdengo, L50|91/100
|turn|6
|
|t:|1756819525
|move|p2b: Gholdengo|Shadow Ball|p1b: Shellshocker
|-damage|p1b: Shellshocker|8/100
|-damage|p2b: Gholdengo|82/100|[from] item: Life Orb
|move|p1a: Nimitz|Icicle Spear|p2b: Gholdengo
|-resisted|p2b: Gholdengo
|-damage|p2b: Gholdengo|74/100
|-resisted|p2b: Gholdengo
|-damage|p2b: Gholdengo|69/100
|-resisted|p2b: Gholdengo
|-damage|p2b: Gholdengo|61/100
|-resisted|p2b: Gholdengo
|-damage|p2b: Gholdengo|54/100
|-resisted|p2b: Gholdengo
|-damage|p2b: Gholdengo|48/100
|-hitcount|p2b: Gholdengo|5
|move|p1b: Shellshocker|Earth Power|p2b: Gholdengo
|-supereffective|p2b: Gholdengo
|-damage|p2b: Gholdengo|5/100
|
|-weather|none
|upkeep
|turn|7
|inactive|Battle timer is ON: inactive players will automatically lose when time's up. (requested by JakAttack101)
|
|t:|1756819553
|move|p2b: Gholdengo|Make It Rain|p1b: Shellshocker|[spread] p1a,p1b
|-supereffective|p1a: Nimitz
|-resisted|p1b: Shellshocker
|-damage|p1a: Nimitz|0 fnt
|-damage|p1b: Shellshocker|0 fnt
|-unboost|p2b: Gholdengo|spa|1
|faint|p1a: Nimitz
|faint|p1b: Shellshocker
|-damage|p2b: Gholdengo|0 fnt|[from] item: Life Orb
|faint|p2b: Gholdengo
|
|win|JakAttack101
