|j|☆25th_mang
|j|☆NeonIsNuts
|html|25th_mangNeonIsNuts    
|uhtml|bestof|Game 1 of a best-of-3
|t:|1782453314
|gametype|doubles
|player|p1|25th_mang|ballguy|1182
|player|p2|NeonIsNuts|265|1149
|gen|9
|tier|[Gen 9 Champions] VGC 2026 Reg M-B (Bo3)
|rated|
|rule|Species Clause: Limit one of each Pokémon
|rule|Item Clause: Limit 1 of each item
|clearpoke
|poke|p1|Crabominable, L50, M|
|poke|p1|Farigiraf, L50, M|
|poke|p1|Incineroar, L50, M|
|poke|p1|Archaludon, L50, F|
|poke|p1|Pelipper, L50, M|
|poke|p1|Sinistcha, L50|
|poke|p2|Eelektross, L50, M|
|poke|p2|Garchomp, L50, F|
|poke|p2|Tinkaton, L50, F|
|poke|p2|Chandelure, L50, F|
|poke|p2|Ninetales-Alola, L50, M|
|poke|p2|Whimsicott, L50, F|
|teampreview|4
|showteam|p1|Crabominable||Crabominite|HyperCutter|IceHammer,DrainPunch,Protect,ThunderPunch|Brave||M|||50|]Farigiraf||MentalHerb|ArmorTail|TrickRoom,Psychic,HyperVoice,HelpingHand|Relaxed||M|||50|]Incineroar||Charcoal|Intimidate|FakeOut,FlareBlitz,Assurance,Snarl|Adamant||M|||50|]Archaludon||Leftovers|Stamina|ElectroShot,AuraSphere,FlashCannon,Protect|Quiet||F|||50|]Pelipper||SharpBeak|Drizzle|Hurricane,WeatherBall,WideGuard,Protect|Modest||M|||50|]Sinistcha||SitrusBerry|Hospitality|MatchaGotcha,RagePowder,LifeDew,TrickRoom|Relaxed|||||50|
|showteam|p2|Eelektross||Eelektrossite|Levitate|Discharge,GigaDrain,Flamethrower,Protect|Timid||M|||50|]Garchomp||WhiteHerb|RoughSkin|Protect,RockSlide,DragonClaw,StompingTantrum|Jolly||F|||50|]Tinkaton||MetalCoat|MoldBreaker|FakeOut,GigatonHammer,Encore,WoodHammer|Careful||F|||50|]Chandelure||Chandelurite|FlashFire|CalmMind,EnergyBall,ShadowBall,HeatWave|Timid||F|||50|]Ninetales-Alola||LightClay|SnowWarning|AuroraVeil,Moonblast,Blizzard,FreezeDry|Timid||M|||50|]Whimsicott||FocusSash|Prankster|Tailwind,Encore,Moonblast,SunnyDay|Timid||F|||50|
|inactive|Battle timer is ON: inactive players will automatically lose when time's up. (requested by 25th_mang)
|inactive|25th_mang has 60 seconds left.
|inactive|NeonIsNuts has 60 seconds left.
|inactive|NeonIsNuts has 30 seconds left.
|
|t:|1782453383
|teamsize|p1|4
|teamsize|p2|4
|start
|switch|p1a: My1stFlip|Farigiraf, L50, M|100/100
|switch|p1b: My1stRoar|Incineroar, L50, M|100/100
|switch|p2a: Garchomp|Garchomp, L50, F|100/100
|switch|p2b: Tinkaton|Tinkaton, L50, F|100/100
|-ability|p2b: Tinkaton|Mold Breaker
|-ability|p1b: My1stRoar|Intimidate|boost
|-unboost|p2a: Garchomp|atk|1
|-unboost|p2b: Tinkaton|atk|1
|-enditem|p2a: Garchomp|White Herb
|-clearnegativeboost|p2a: Garchomp|[silent]
|turn|1
|inactive|25th_mang has 30 seconds left.
|
|t:|1782453415
|move|p2b: Tinkaton|Fake Out|p1a: My1stFlip
|-damage|p1a: My1stFlip|95/100
|move|p1b: My1stRoar|Fake Out|p2a: Garchomp
|-damage|p2a: Garchomp|86/100
|-damage|p1b: My1stRoar|87/100|[from] ability: Rough Skin|[of] p2a: Garchomp
|cant|p2a: Garchomp|flinch
|cant|p1a: My1stFlip|flinch
|
|upkeep
|turn|2
|
|t:|1782453426
|switch|p1b: Stup!b|Pelipper, L50, M|100/100
|-weather|RainDance|[from] ability: Drizzle|[of] p1b: Stup!b
|move|p2a: Garchomp|Stomping Tantrum|p1a: My1stFlip
|-damage|p1a: My1stFlip|30/100
|move|p2b: Tinkaton|Gigaton Hammer|p1a: My1stFlip
|-damage|p1a: My1stFlip|0 fnt
|faint|p1a: My1stFlip
|
|-weather|RainDance|[upkeep]
|upkeep
|
|t:|1782453437
|switch|p1a: My1stRoar|Incineroar, L50, M|87/100
|-ability|p1a: My1stRoar|Intimidate|boost
|-unboost|p2a: Garchomp|atk|1
|-unboost|p2b: Tinkaton|atk|1
|turn|3
|
|t:|1782453459
|switch|p2b: Ninetales|Ninetales-Alola, L50, M|100/100
|-weather|Snowscape|[from] ability: Snow Warning|[of] p2b: Ninetales
|move|p1a: My1stRoar|Fake Out|p2a: Garchomp
|-damage|p2a: Garchomp|71/100
|-damage|p1a: My1stRoar|75/100|[from] ability: Rough Skin|[of] p2a: Garchomp
|cant|p2a: Garchomp|flinch
|move|p1b: Stup!b|Weather Ball|p2b: Ninetales
|-resisted|p2b: Ninetales|1
|-damage|p2b: Ninetales|82/100
|
|-weather|Snowscape|[upkeep]
|upkeep
|turn|4
|
|t:|1782453478
|move|p2b: Ninetales|Freeze-Dry|p1b: Stup!b
|-supereffective|p1b: Stup!b|2
|-damage|p1b: Stup!b|0 fnt
|faint|p1b: Stup!b
|move|p2a: Garchomp|Rock Slide|p1a: My1stRoar
|-supereffective|p1a: My1stRoar|1
|-damage|p1a: My1stRoar|43/100
|move|p1a: My1stRoar|Flare Blitz|p2b: Ninetales
|-supereffective|p2b: Ninetales|1
|-damage|p2b: Ninetales|0 fnt
|faint|p2b: Ninetales
|-damage|p1a: My1stRoar|21/100|[from] Recoil
|
|-weather|Snowscape|[upkeep]
|upkeep
|
|t:|1782453488
|switch|p2b: Eelektross|Eelektross, L50, M|100/100
|switch|p1b: Hockey Rivalry|Crabominable, L50, M|100/100
|turn|5
|
|t:|1782453510
|detailschange|p2b: Eelektross|Eelektross-Mega, L50, M
|-mega|p2b: Eelektross|Eelektross|Eelektrossite
|detailschange|p1b: Hockey Rivalry|Crabominable-Mega, L50, M
|-mega|p1b: Hockey Rivalry|Crabominable|Crabominite
|move|p2a: Garchomp|Rock Slide|p1a: My1stRoar|[spread] p1a,p1b
|-supereffective|p1a: My1stRoar|1
|-damage|p1a: My1stRoar|0 fnt
|-damage|p1b: Hockey Rivalry|93/100
|faint|p1a: My1stRoar
|move|p2b: Eelektross|Flamethrower|p1b: Hockey Rivalry
|-supereffective|p1b: Hockey Rivalry|1
|-damage|p1b: Hockey Rivalry|44/100
|move|p1b: Hockey Rivalry|Drain Punch|p2b: Eelektross
|-damage|p2b: Eelektross|26/100
|-heal|p1b: Hockey Rivalry|73/100|[from] drain|[of] p2b: Eelektross
|
|-weather|Snowscape|[upkeep]
|upkeep
|turn|6
|
|t:|1782453528
|move|p2a: Garchomp|Stomping Tantrum|p1b: Hockey Rivalry
|-crit|p1b: Hockey Rivalry
|-damage|p1b: Hockey Rivalry|46/100
|move|p2b: Eelektross|Discharge|p1b: Hockey Rivalry|[spread] p1b
|-immune|p2a: Garchomp
|-damage|p1b: Hockey Rivalry|19/100
|move|p1b: Hockey Rivalry|Drain Punch|p2b: Eelektross
|-damage|p2b: Eelektross|0 fnt
|-heal|p1b: Hockey Rivalry|30/100|[from] drain|[of] p2b: Eelektross
|faint|p2b: Eelektross
|
|-weather|Snowscape|[upkeep]
|upkeep
|
|t:|1782453535
|switch|p2b: Tinkaton|Tinkaton, L50, F|100/100
|-ability|p2b: Tinkaton|Mold Breaker
|turn|7
|
|t:|1782453547
|move|p2b: Tinkaton|Fake Out|p1b: Hockey Rivalry
|-damage|p1b: Hockey Rivalry|25/100
|move|p2a: Garchomp|Rock Slide|p1b: Hockey Rivalry
|-damage|p1b: Hockey Rivalry|15/100
|cant|p1b: Hockey Rivalry|flinch
|
|-weather|none
|upkeep
|turn|8
|
|t:|1782453556
|move|p2a: Garchomp|Rock Slide|p1b: Hockey Rivalry
|-damage|p1b: Hockey Rivalry|2/100
|move|p2b: Tinkaton|Gigaton Hammer|p1b: Hockey Rivalry
|-supereffective|p1b: Hockey Rivalry|1
|-damage|p1b: Hockey Rivalry|0 fnt
|faint|p1b: Hockey Rivalry
|
|win|NeonIsNuts
||NeonIsNuts is ready for game 2.
|l|☆25th_mang
|player|p1|
|inactive|25th_mang has 30 seconds to confirm battle start!
||25th_mang is ready for game 2.
|uhtml|next|Next: Game 2 of 3
|l|☆NeonIsNuts
|player|p2|
|j|☆25th_mang
|player|p1|25th_mang|ballguy|
