|j|☆Caloteiros VGC
|j|☆Professor Gear
|html|Caloteiros VGCProfessor Gear    
|uhtml|bestof|Game 1 of a best-of-3
|t:|1785815347
|gametype|doubles
|player|p1|Caloteiros VGC|morty|1144
|player|p2|Professor Gear|1|1077
|gen|9
|tier|[Gen 9 Champions] VGC 2026 Reg M-B (Bo3)
|rated|
|rule|Species Clause: Limit one of each Pokémon
|rule|Item Clause: Limit 1 of each item
|clearpoke
|poke|p1|Raichu, L50, M|
|poke|p1|Sinistcha, L50|
|poke|p1|Incineroar, L50, F|
|poke|p1|Sylveon, L50, M|
|poke|p1|Hydreigon, L50, F|
|poke|p1|Metagross, L50|
|poke|p2|Charizard, L50, M|
|poke|p2|Whimsicott, L50, M|
|poke|p2|Pelipper, L50, M|
|poke|p2|Archaludon, L50, F|
|poke|p2|Staraptor, L50, M|
|poke|p2|Grimmsnarl, L50, M|
|teampreview|4
|showteam|p1|Raichu||RaichuniteY|LightningRod|ZapCannon,FocusBlast,FakeOut,Protect|Timid||M|||50|]Sinistcha||SitrusBerry|Hospitality|MatchaGotcha,RagePowder,TrickRoom,Protect|Bold|||||50|]Incineroar||ShucaBerry|Intimidate|FlareBlitz,DarkestLariat,PartingShot,FakeOut|Careful||F|||50|]Sylveon||FairyFeather|Pixilate|HyperVoice,Moonblast,CalmMind,Protect|Modest||M|||50|]Hydreigon||ChoiceScarf|Levitate|DracoMeteor,DarkPulse,EarthPower,Snarl|Modest||F|||50|]Metagross||Metagrossite|ClearBody|HardPress,BodyPress,PsychicFangs,Protect|Adamant|||||50|
|showteam|p2|Charizard||CharizarditeY|Blaze|WeatherBall,SolarBeam,HeatWave,Protect|Calm||M|||50|]Whimsicott||FocusSash|Prankster|Moonblast,Tailwind,SunnyDay,Protect|Timid||M|||50|]Pelipper||DampRock|Drizzle|Hurricane,WeatherBall,Tailwind,Protect|Calm||M|||50|]Archaludon||Leftovers|Stamina|ElectroShot,DragonPulse,FlashCannon,Protect|Modest||F|||50|]Staraptor||Staraptite|Intimidate|CloseCombat,BraveBird,Roost,Tailwind|Jolly||M|||50|]Grimmsnarl||LightClay|Prankster|LightScreen,Reflect,PartingShot,SpiritBreak|Careful||M|||50|
|inactive|Battle timer is ON: inactive players will automatically lose when time's up. (requested by Caloteiros VGC)
|inactive|Caloteiros VGC has 60 seconds left.
|
|t:|1785815402
|teamsize|p1|4
|teamsize|p2|4
|start
|switch|p1a: Raichu|Raichu, L50, M|100/100
|switch|p1b: Hydreigon|Hydreigon, L50, F|100/100
|switch|p2a: Staraptor|Staraptor, L50, M|100/100
|switch|p2b: Grimmsnarl|Grimmsnarl, L50, M|100/100
|-ability|p2a: Staraptor|Intimidate|boost
|-unboost|p1a: Raichu|atk|1
|-unboost|p1b: Hydreigon|atk|1
|turn|1
|inactive|Professor Gear has 30 seconds left.
|
|t:|1785815427
|switch|p1b: Incineroar|Incineroar, L50, F|100/100
|-ability|p1b: Incineroar|Intimidate|boost
|-unboost|p2a: Staraptor|atk|1
|-unboost|p2b: Grimmsnarl|atk|1
|detailschange|p1a: Raichu|Raichu-Mega-Y, L50, M
|-mega|p1a: Raichu|Raichu|Raichunite Y
|detailschange|p2a: Staraptor|Staraptor-Mega, L50, M
|-mega|p2a: Staraptor|Staraptor|Staraptite
|move|p1a: Raichu|Fake Out|p2b: Grimmsnarl
|-damage|p2b: Grimmsnarl|94/100
|cant|p2b: Grimmsnarl|flinch
|move|p2a: Staraptor|Close Combat|p1a: Raichu
|-damage|p1a: Raichu|38/100
|-boost|p2a: Staraptor|def|1
|-boost|p2a: Staraptor|spd|1
|
|upkeep
|turn|2
|inactive|Caloteiros VGC has 30 seconds left.
|inactive|Caloteiros VGC has 20 seconds left.
|inactive|Caloteiros VGC has 15 seconds left.
|
|t:|1785815471
|move|p1b: Incineroar|Fake Out|p2b: Grimmsnarl
|-damage|p2b: Grimmsnarl|83/100
|cant|p2b: Grimmsnarl|flinch
|move|p1a: Raichu|Zap Cannon|p2a: Staraptor
|-supereffective|p2a: Staraptor|1
|-damage|p2a: Staraptor|10/100
|-status|p2a: Staraptor|par
|move|p2a: Staraptor|Close Combat|p1a: Raichu
|-damage|p1a: Raichu|0 fnt
|-boost|p2a: Staraptor|def|1
|-boost|p2a: Staraptor|spd|1
|faint|p1a: Raichu
|
|upkeep
|
|t:|1785815478
|switch|p1a: Hydreigon|Hydreigon, L50, F|100/100
|turn|3
|inactive|Caloteiros VGC has 30 seconds left.
|
|t:|1785815508
|move|p2b: Grimmsnarl|Light Screen|p2b: Grimmsnarl
|-sidestart|p2: Professor Gear|move: Light Screen
|move|p1a: Hydreigon|Dark Pulse|p2a: Staraptor
|-resisted|p2a: Staraptor|1
|-damage|p2a: Staraptor|2/100 par
|move|p1b: Incineroar|Parting Shot|p2b: Grimmsnarl
|-unboost|p2b: Grimmsnarl|atk|1
|-unboost|p2b: Grimmsnarl|spa|1
|
|t:|1785815512
|switch|p1b: Sylveon|Sylveon, L50, M|100/100|[from] Parting Shot
|move|p2a: Staraptor|Roost|p2a: Staraptor
|-heal|p2a: Staraptor|52/100 par
|-singleturn|p2a: Staraptor|move: Roost
|
|upkeep
|turn|4
|
|t:|1785815532
|switch|p1a: Incineroar|Incineroar, L50, F|100/100
|-ability|p1a: Incineroar|Intimidate|boost
|-boost|p2a: Staraptor|atk|1
|-unboost|p2b: Grimmsnarl|atk|1
|move|p2b: Grimmsnarl|Parting Shot|p2a: Staraptor
|-boost|p2a: Staraptor|atk|1
|-boost|p2a: Staraptor|spa|1
|
|t:|1785815540
|switch|p2b: Pelipper|Pelipper, L50, M|100/100|[from] Parting Shot
|-weather|RainDance|[from] ability: Drizzle|[of] p2b: Pelipper
|move|p1b: Sylveon|Hyper Voice|p2b: Pelipper|[spread] p2a,p2b
|-supereffective|p2a: Staraptor|1
|-damage|p2a: Staraptor|20/100y par
|-damage|p2b: Pelipper|63/100
|move|p2a: Staraptor|Close Combat|p1a: Incineroar
|-supereffective|p1a: Incineroar|1
|-damage|p1a: Incineroar|0 fnt
|-boost|p2a: Staraptor|def|1
|-boost|p2a: Staraptor|spd|1
|faint|p1a: Incineroar
|
|-weather|RainDance|[upkeep]
|upkeep
|
|t:|1785815549
|switch|p1a: Hydreigon|Hydreigon, L50, F|100/100
|turn|5
|
|t:|1785815561
|move|p1a: Hydreigon|Draco Meteor|p2a: Staraptor
|-damage|p2a: Staraptor|0 fnt
|-unboost|p1a: Hydreigon|spa|2
|faint|p2a: Staraptor
|move|p1b: Sylveon|Calm Mind|p1b: Sylveon
|-boost|p1b: Sylveon|spa|1
|-boost|p1b: Sylveon|spd|1
|move|p2b: Pelipper|Tailwind|p2b: Pelipper
|-sidestart|p2: Professor Gear|move: Tailwind
|
|-weather|RainDance|[upkeep]
|upkeep
|
|t:|1785815570
|switch|p2a: Archaludon|Archaludon, L50, F|100/100
|turn|6
|
|t:|1785815591
|move|p1a: Hydreigon|Draco Meteor|p2b: Pelipper
|-damage|p2b: Pelipper|36/100
|-unboost|p1a: Hydreigon|spa|2
|move|p2a: Archaludon|Flash Cannon|p1b: Sylveon
|-supereffective|p1b: Sylveon|1
|-damage|p1b: Sylveon|60/100
|-unboost|p1b: Sylveon|spd|1
|move|p2b: Pelipper|Weather Ball|p1a: Hydreigon
|-resisted|p1a: Hydreigon|1
|-damage|p1a: Hydreigon|68/100
|move|p1b: Sylveon|Calm Mind|p1b: Sylveon
|-boost|p1b: Sylveon|spa|1
|-boost|p1b: Sylveon|spd|1
|
|-weather|RainDance|[upkeep]
|upkeep
|turn|7
|
|t:|1785815609
|move|p1b: Sylveon|Protect|p1b: Sylveon
|-singleturn|p1b: Sylveon|Protect
|move|p1a: Hydreigon|Draco Meteor|p2a: Archaludon
|-damage|p2a: Archaludon|83/100
|-unboost|p1a: Hydreigon|spa|2
|-ability|p2a: Archaludon|Stamina|boost
|-boost|p2a: Archaludon|def|1
|move|p2a: Archaludon|Electro Shot||[still]
|-prepare|p2a: Archaludon|Electro Shot
|-boost|p2a: Archaludon|spa|1
|-anim|p2a: Archaludon|Electro Shot|p1b: Sylveon
|-activate|p1b: Sylveon|move: Protect
|move|p2b: Pelipper|Hurricane|p1a: Hydreigon
|-damage|p1a: Hydreigon|25/100
|
|-weather|RainDance|[upkeep]
|-heal|p2a: Archaludon|89/100|[from] item: Leftovers
|upkeep
|turn|8
|
|t:|1785815629
|switch|p2b: Grimmsnarl|Grimmsnarl, L50, M|83/100
|move|p1a: Hydreigon|Draco Meteor|p2a: Archaludon
|-damage|p2a: Archaludon|77/100
|-ability|p2a: Archaludon|Stamina|boost
|-boost|p2a: Archaludon|def|1
|move|p2a: Archaludon|Electro Shot||[still]
|-prepare|p2a: Archaludon|Electro Shot
|-boost|p2a: Archaludon|spa|1
|-anim|p2a: Archaludon|Electro Shot|p1b: Sylveon
|-damage|p1b: Sylveon|21/100
|move|p1b: Sylveon|Hyper Voice|p2a: Archaludon|[spread] p2a,p2b
|-supereffective|p2b: Grimmsnarl|1
|-damage|p2a: Archaludon|20/100y
|-damage|p2b: Grimmsnarl|0 fnt
|-ability|p2a: Archaludon|Stamina|boost
|-boost|p2a: Archaludon|def|1
|faint|p2b: Grimmsnarl
|
|-weather|RainDance|[upkeep]
|-heal|p2a: Archaludon|26/100|[from] item: Leftovers
|-sideend|p2: Professor Gear|move: Tailwind
|upkeep
|
|t:|1785815647
|switch|p2b: Pelipper|Pelipper, L50, M|36/100
|turn|9
|inactive|Caloteiros VGC has 30 seconds left.
|inactive|Caloteiros VGC has 20 seconds left.
|
|t:|1785815686
|move|p2a: Archaludon|Protect|p2a: Archaludon
|-singleturn|p2a: Archaludon|Protect
|move|p1b: Sylveon|Protect|p1b: Sylveon
|-singleturn|p1b: Sylveon|Protect
|move|p1a: Hydreigon|Draco Meteor|p2a: Archaludon
|-activate|p2a: Archaludon|move: Protect
|move|p2b: Pelipper|Tailwind|p2b: Pelipper
|-sidestart|p2: Professor Gear|move: Tailwind
|
|-weather|RainDance|[upkeep]
|-heal|p2a: Archaludon|32/100|[from] item: Leftovers
|upkeep
|turn|10
|
|t:|1785815701
|move|p1a: Hydreigon|Draco Meteor|p2a: Archaludon
|-damage|p2a: Archaludon|20/100y
|-ability|p2a: Archaludon|Stamina|boost
|-boost|p2a: Archaludon|def|1
|move|p2a: Archaludon|Electro Shot||[still]
|-prepare|p2a: Archaludon|Electro Shot
|-boost|p2a: Archaludon|spa|1
|-anim|p2a: Archaludon|Electro Shot|p1b: Sylveon
|-damage|p1b: Sylveon|0 fnt
|faint|p1b: Sylveon
|move|p2b: Pelipper|Hurricane|p1a: Hydreigon
|-damage|p1a: Hydreigon|0 fnt
|faint|p1a: Hydreigon
|
|win|Professor Gear
||Professor Gear is ready for game 2.
|inactive|Caloteiros VGC has 30 seconds to confirm battle start!
||Caloteiros VGC is ready for game 2.
|uhtml|next|Next: Game 2 of 3
|l|☆Professor Gear
|player|p2|
