|j|☆smalltownkirlia
|j|☆SirLuce
|html|smalltownkirliaSirLuce    
|uhtml|bestof|Game 3 of a best-of-3
|t:|1757691034
|gametype|doubles
|player|p1|smalltownkirlia|whitney|1149
|player|p2|SirLuce|veteran|1046
|gen|9
|tier|[Gen 9] VGC 2025 Reg H (Bo3)
|rated|
|rule|Species Clause: Limit one of each Pokémon
|rule|Item Clause: Limit 1 of each item
|clearpoke
|poke|p1|Dragonite, L50, M|
|poke|p1|Ursaluna-Bloodmoon, L50, M|
|poke|p1|Gholdengo, L50|
|poke|p1|Maushold-Four, L50|
|poke|p1|Annihilape, L50, M|
|poke|p1|Rillaboom, L50, F|
|poke|p2|Dragapult, L50, M|
|poke|p2|Electabuzz, L50, F|
|poke|p2|Kingambit, L50, M|
|poke|p2|Rillaboom, L50, M|
|poke|p2|Primarina, L50, F|
|poke|p2|Sneasler, L50, F|
|teampreview|4
|showteam|p1|Dragonite||LoadedDice|Multiscale|ScaleShot,Tailwind,Haze,Protect|||M|||50|,,,,,Fairy]Ursaluna-Bloodmoon||AssaultVest|MindsEye|BloodMoon,EarthPower,HyperVoice,VacuumWave|||M|||50|,,,,,Water]Gholdengo||LifeOrb|GoodasGold|MakeItRain,ShadowBall,NastyPlot,Protect||||||50|,,,,,Dragon]Maushold-Four||FocusSash|FriendGuard|Taunt,FollowMe,BeatUp,Protect||||||50|,,,,,Ghost]Annihilape||SitrusBerry|Defiant|RageFist,DrainPunch,BulkUp,Protect|||M|||50|,,,,,Fire]Rillaboom||MiracleSeed|GrassySurge|WoodHammer,GrassyGlide,HighHorsepower,FakeOut|||F|||50|,,,,,Fire
|showteam|p2|Dragapult||ChoiceBand|ClearBody|TeraBlast,DragonDarts,Uturn,PhantomForce|||M|||50|,,,,,Ghost]Electabuzz||Eviolite|VitalSpirit|Electroweb,Protect,FollowMe,HelpingHand|||F|||50|,,,,,Dragon]Kingambit||BlackGlasses|Defiant|KowtowCleave,SwordsDance,SuckerPunch,Protect|||M|||50|,,,,,Dark]Rillaboom||AssaultVest|GrassySurge|FakeOut,Uturn,GrassyGlide,WoodHammer|||M|||50|,,,,,Fire]Primarina||LifeOrb|LiquidVoice|HyperVoice,Moonblast,Haze,Protect|||F|||50|,,,,,Poison]Sneasler||FocusSash|PoisonTouch|FakeOut,CloseCombat,DireClaw,Protect|||F|||50|,,,,,Stellar
|inactive|Battle timer is ON: inactive players will automatically lose when time's up. (requested by smalltownkirlia)
|
|t:|1757691055
|teamsize|p1|4
|teamsize|p2|4
|start
|switch|p1a: Dragonite|Dragonite, L50, M|100/100
|switch|p1b: Gholdengo|Gholdengo, L50|100/100
|switch|p2a: Electabuzz|Electabuzz, L50, F|100/100
|switch|p2b: Primarina|Primarina, L50, F|100/100
|turn|1
|
|t:|1757691071
|move|p1b: Gholdengo|Nasty Plot|p1b: Gholdengo
|-boost|p1b: Gholdengo|spa|2
|move|p2a: Electabuzz|Electroweb|p1a: Dragonite|[spread] p1a,p1b
|-damage|p1a: Dragonite|93/100
|-damage|p1b: Gholdengo|83/100
|-unboost|p1a: Dragonite|spe|1
|-unboost|p1b: Gholdengo|spe|1
|move|p2b: Primarina|Hyper Voice|p1a: Dragonite|[spread] p1a,p1b
|-resisted|p1a: Dragonite
|-crit|p1b: Gholdengo
|-damage|p1a: Dragonite|70/100
|-damage|p1b: Gholdengo|0 fnt
|faint|p1b: Gholdengo
|-damage|p2b: Primarina|91/100|[from] item: Life Orb
|move|p1a: Dragonite|Tailwind|p1a: Dragonite
|-sidestart|p1: smalltownkirlia|move: Tailwind
|
|upkeep
|
|t:|1757691091
|switch|p1b: Ursaluna|Ursaluna-Bloodmoon, L50, M|100/100
|turn|2
|
|t:|1757691098
|-terastallize|p1b: Ursaluna|Water
|move|p2a: Electabuzz|Follow Me|p2a: Electabuzz
|-singleturn|p2a: Electabuzz|move: Follow Me
|move|p1a: Dragonite|Scale Shot|p2a: Electabuzz
|-damage|p2a: Electabuzz|89/100
|-damage|p2a: Electabuzz|78/100
|-damage|p2a: Electabuzz|67/100
|-damage|p2a: Electabuzz|57/100
|-damage|p2a: Electabuzz|46/100
|-hitcount|p2a: Electabuzz|5
|-unboost|p1a: Dragonite|def|1
|-boost|p1a: Dragonite|spe|1
|move|p1b: Ursaluna|Hyper Voice|p2b: Primarina|[spread] p2a,p2b
|-crit|p2a: Electabuzz
|-damage|p2a: Electabuzz|3/100
|-damage|p2b: Primarina|59/100
|move|p2b: Primarina|Hyper Voice|p1b: Ursaluna|[spread] p1a,p1b
|-resisted|p1a: Dragonite
|-resisted|p1b: Ursaluna
|-damage|p1a: Dragonite|44/100
|-damage|p1b: Ursaluna|88/100
|-damage|p2b: Primarina|50/100|[from] item: Life Orb
|
|upkeep
|turn|3
|inactive|SirLuce has 30 seconds left.
|inactive|smalltownkirlia has 30 seconds left.
|inactive|SirLuce has 20 seconds left.
|inactive|SirLuce has 15 seconds left.
|inactive|SirLuce has 10 seconds left.
|
|t:|1757691144
|move|p2a: Electabuzz|Helping Hand|p2b: Primarina
|-singleturn|p2b: Primarina|Helping Hand|[of] p2a: Electabuzz
|move|p1a: Dragonite|Scale Shot|p2a: Electabuzz
|-damage|p2a: Electabuzz|0 fnt
|faint|p2a: Electabuzz
|-hitcount|p2: Electabuzz|1
|-unboost|p1a: Dragonite|def|1
|-boost|p1a: Dragonite|spe|1
|move|p1b: Ursaluna|Blood Moon|p2b: Primarina
|-damage|p2b: Primarina|0 fnt
|faint|p2b: Primarina
|
|upkeep
|
|t:|1757691156
|switch|p2a: Sneasler|Sneasler, L50, F|100/100
|switch|p2b: Rillaboom|Rillaboom, L50, M|100/100
|-fieldstart|move: Grassy Terrain|[from] ability: Grassy Surge|[of] p2b: Rillaboom
|turn|4
|
|t:|1757691171
|switch|p1b: Annihilape|Annihilape, L50, M|100/100
|move|p1a: Dragonite|Protect|p1a: Dragonite
|-singleturn|p1a: Dragonite|Protect
|move|p2a: Sneasler|Fake Out|p1a: Dragonite
|-activate|p1a: Dragonite|move: Protect
|move|p2b: Rillaboom|Wood Hammer|p1b: Annihilape
|-damage|p1b: Annihilape|25/100
|-enditem|p1b: Annihilape|Sitrus Berry|[eat]
|-heal|p1b: Annihilape|50/100|[from] item: Sitrus Berry
|-damage|p2b: Rillaboom|75/100|[from] Recoil
|
|-heal|p1b: Annihilape|56/100|[from] Grassy Terrain
|-heal|p2b: Rillaboom|81/100|[from] Grassy Terrain
|-sideend|p1: smalltownkirlia|move: Tailwind
|upkeep
|turn|5
|inactive|smalltownkirlia has 30 seconds left.
|inactive|smalltownkirlia has 20 seconds left.
|inactive|SirLuce has 30 seconds left.
|
|t:|1757691209
|-terastallize|p2a: Sneasler|Stellar
|move|p1a: Dragonite|Scale Shot|p2a: Sneasler
|-damage|p2a: Sneasler|75/100
|-damage|p2a: Sneasler|51/100
|-damage|p2a: Sneasler|27/100
|-damage|p2a: Sneasler|3/100
|-hitcount|p2a: Sneasler|4
|-unboost|p1a: Dragonite|def|1
|-boost|p1a: Dragonite|spe|1
|move|p2a: Sneasler|Close Combat|p1a: Dragonite
|-resisted|p1a: Dragonite
|-damage|p1a: Dragonite|0 fnt
|-unboost|p2a: Sneasler|def|1
|-unboost|p2a: Sneasler|spd|1
|faint|p1a: Dragonite
|move|p1b: Annihilape|Drain Punch|p2b: Rillaboom
|-damage|p2b: Rillaboom|55/100
|-heal|p1b: Annihilape|70/100|[from] drain|[of] p2b: Rillaboom
|move|p2b: Rillaboom|Wood Hammer|p1b: Annihilape
|-damage|p1b: Annihilape|0 fnt
|faint|p1b: Annihilape
|-damage|p2b: Rillaboom|31/100|[from] Recoil
|
|-heal|p2a: Sneasler|9/100|[from] Grassy Terrain
|-heal|p2b: Rillaboom|37/100|[from] Grassy Terrain
|upkeep
|
|t:|1757691226
|switch|p1b: Ursaluna|Ursaluna-Bloodmoon, L50, M, tera:Water|88/100
|turn|6
|
|t:|1757691234
|move|p2b: Rillaboom|Grassy Glide|p1b: Ursaluna
|-supereffective|p1b: Ursaluna
|-damage|p1b: Ursaluna|39/100
|move|p1b: Ursaluna|Vacuum Wave|p2a: Sneasler
|-resisted|p2a: Sneasler
|-damage|p2a: Sneasler|0 fnt
|faint|p2a: Sneasler
|
|-heal|p2b: Rillaboom|43/100|[from] Grassy Terrain
|-heal|p1b: Ursaluna|46/100|[from] Grassy Terrain
|upkeep
|turn|7
|
|t:|1757691240
|move|p2b: Rillaboom|Grassy Glide|p1b: Ursaluna
|-supereffective|p1b: Ursaluna
|-damage|p1b: Ursaluna|0 fnt
|faint|p1b: Ursaluna
|
|win|SirLuce
|raw|smalltownkirlia's rating: 1149 → 1117(-32 for losing)
|raw|SirLuce's rating: 1046 → 1089(+43 for winning)
