|j|☆gundot
|j|☆spernerslemma
|html|gundotspernerslemma    
|uhtml|bestof|Game 2 of a best-of-3
|t:|1783515838
|gametype|doubles
|player|p1|gundot|169|1207
|player|p2|spernerslemma|pokekid|1227
|gen|9
|tier|[Gen 9 Champions] VGC 2026 Reg M-B (Bo3)
|rated|
|rule|Species Clause: Limit one of each Pokémon
|rule|Item Clause: Limit 1 of each item
|clearpoke
|poke|p1|Charizard, L50, F, shiny|
|poke|p1|Whimsicott, L50, F|
|poke|p1|Farigiraf, L50, F, shiny|
|poke|p1|Garchomp, L50, M|
|poke|p1|Mawile, L50, F, shiny|
|poke|p1|Basculegion, L50, M|
|poke|p2|Kingambit, L50, F|
|poke|p2|Charizard, L50, M|
|poke|p2|Aerodactyl, L50, M|
|poke|p2|Farigiraf, L50, F|
|poke|p2|Garchomp, L50, M|
|poke|p2|Sylveon, L50, F|
|teampreview|4
|showteam|p1|Charizard||CharizarditeY|SolarPower|HeatWave,WeatherBall,SolarBeam,Protect|Modest||F|||50|]Whimsicott||FocusSash|Prankster|Moonblast,Tailwind,Encore,Protect|Timid||F|||50|]Farigiraf||SitrusBerry|ArmorTail|Psychic,Thunderbolt,TrickRoom,HelpingHand|Modest||F|||50|]Garchomp||LifeOrb|RoughSkin|Earthquake,DragonClaw,RockSlide,Protect|Jolly||M|||50|]Mawile||Mawilite|HyperCutter|PlayRough,RockSlide,SuckerPunch,Protect|Adamant||F|||50|]Basculegion||MysticWater|Adaptability|WaveCrash,AquaJet,LastRespects,Protect|Adamant||M|||50|
|showteam|p2|Kingambit||FocusSash|Defiant|KowtowCleave,IronHead,SuckerPunch,LowKick|Adamant||F|||50|]Charizard||CharizarditeY|Blaze|HeatWave,SolarBeam,WeatherBall,Protect|Modest||M|||50|]Aerodactyl||Aerodactylite|Unnerve|RockSlide,DualWingbeat,IceFang,Tailwind|Jolly||M|||50|]Farigiraf||SitrusBerry|ArmorTail|Psychic,Thunderbolt,TrickRoom,Protect|Bold||F|||50|]Garchomp||LifeOrb|RoughSkin|Earthquake,DragonClaw,StompingTantrum,Protect|Jolly||M|||50|]Sylveon||FairyFeather|Pixilate|HyperVoice,HyperBeam,QuickAttack,Protect|Modest||F|||50|
|inactive|Battle timer is ON: inactive players will automatically lose when time's up. (requested by gundot)
|inactive|gundot has 60 seconds left.
|inactive|spernerslemma has 60 seconds left.
|
|t:|1783515888
|teamsize|p1|4
|teamsize|p2|4
|start
|switch|p1a: Whimsicott|Whimsicott, L50, F|100/100
|switch|p1b: Basculegion|Basculegion, L50, M|100/100
|switch|p2a: Farigiraf|Farigiraf, L50, F|100/100
|switch|p2b: Kingambit|Kingambit, L50, F|100/100
|turn|1
|inactive|spernerslemma has 30 seconds left.
|
|t:|1783515921
|switch|p1a: Farigiraf|Farigiraf, L50, F, shiny|100/100
|move|p2b: Kingambit|Sucker Punch||[still]
|cant|p1a: Farigiraf|ability: Armor Tail|Sucker Punch|[of] p2b: Kingambit
|move|p1b: Basculegion|Wave Crash|p2a: Farigiraf
|-damage|p2a: Farigiraf|15/100
|-enditem|p2a: Farigiraf|Sitrus Berry|[eat]
|-heal|p2a: Farigiraf|40/100|[from] item: Sitrus Berry
|-damage|p1b: Basculegion|70/100|[from] Recoil
|move|p2a: Farigiraf|Psychic|p1a: Farigiraf
|-resisted|p1a: Farigiraf|1
|-damage|p1a: Farigiraf|84/100
|
|upkeep
|turn|2
|inactive|spernerslemma has 30 seconds left.
|inactive|spernerslemma has 20 seconds left.
|inactive|spernerslemma has 15 seconds left.
|
|t:|1783515966
|move|p2a: Farigiraf|Protect|p2a: Farigiraf
|-singleturn|p2a: Farigiraf|Protect
|move|p1b: Basculegion|Wave Crash|p2b: Kingambit
|-crit|p2b: Kingambit
|-enditem|p2b: Kingambit|Focus Sash
|-damage|p2b: Kingambit|1/100
|-damage|p1b: Basculegion|42/100|[from] Recoil
|move|p2b: Kingambit|Kowtow Cleave|p1a: Farigiraf
|-supereffective|p1a: Farigiraf|1
|-crit|p1a: Farigiraf
|-damage|p1a: Farigiraf|0 fnt
|faint|p1a: Farigiraf
|
|upkeep
|
|t:|1783515987
|switch|p1a: Whimsicott|Whimsicott, L50, F|100/100
|turn|3
|
|t:|1783516002
|move|p1b: Basculegion|Protect|p1b: Basculegion
|-singleturn|p1b: Basculegion|Protect
|move|p2b: Kingambit|Sucker Punch||[still]
|-fail|p2b: Kingambit
|move|p1a: Whimsicott|Moonblast|p2b: Kingambit
|-damage|p2b: Kingambit|0 fnt
|faint|p2b: Kingambit
|move|p2a: Farigiraf|Trick Room|p2a: Farigiraf
|-fieldstart|move: Trick Room|[of] p2a: Farigiraf
|
|upkeep
|
|t:|1783516007
|switch|p2b: Sylveon|Sylveon, L50, F|100/100
|turn|4
|
|t:|1783516020
|move|p2a: Farigiraf|Psychic|p1a: Whimsicott
|-damage|p1a: Whimsicott|45/100
|move|p2b: Sylveon|Hyper Voice|p1b: Basculegion|[spread] p1a,p1b
|-damage|p1a: Whimsicott|0 fnt
|-damage|p1b: Basculegion|0 fnt
|faint|p1a: Whimsicott
|faint|p1b: Basculegion
|
|upkeep
|
|t:|1783516027
|switch|p1b: Mawile|Mawile, L50, F, shiny|100/100
|turn|5
|
|t:|1783516036
|detailschange|p1b: Mawile|Mawile-Mega, L50, F, shiny
|-mega|p1b: Mawile|Mawile|Mawilite
|move|p2a: Farigiraf|Protect|p2a: Farigiraf
|-singleturn|p2a: Farigiraf|Protect
|move|p2b: Sylveon|Protect|p2b: Sylveon
|-singleturn|p2b: Sylveon|Protect
|move|p1b: Mawile|Rock Slide|p2a: Farigiraf|[spread] 
|-activate|p2a: Farigiraf|move: Protect
|-activate|p2b: Sylveon|move: Protect
|
|upkeep
|turn|6
|inactive|gundot has 30 seconds left.
|
|t:|1783516061
|move|p1b: Mawile|Play Rough|p2b: Sylveon
|-damage|p2b: Sylveon|1/100
|move|p2a: Farigiraf|Thunderbolt|p1b: Mawile
|-damage|p1b: Mawile|74/100
|move|p2b: Sylveon|Hyper Voice|p1b: Mawile
|-resisted|p1b: Mawile|1
|-damage|p1b: Mawile|35/100
|
|upkeep
|turn|7
|
|t:|1783516070
|move|p2a: Farigiraf|Protect|p2a: Farigiraf
|-singleturn|p2a: Farigiraf|Protect
|move|p2b: Sylveon|Protect|p2b: Sylveon
|-singleturn|p2b: Sylveon|Protect
|move|p1b: Mawile|Rock Slide|p2a: Farigiraf|[spread] 
|-activate|p2a: Farigiraf|move: Protect
|-activate|p2b: Sylveon|move: Protect
|
|-fieldend|move: Trick Room
|upkeep
|turn|8
|
|t:|1783516077
|move|p2b: Sylveon|Hyper Voice|p1b: Mawile
|-resisted|p1b: Mawile|1
|-damage|p1b: Mawile|0 fnt
|faint|p1b: Mawile
|
|win|spernerslemma
