|j|☆sr_pato_cuac
|j|☆mariodepor
|html|sr_pato_cuacmariodepor    
|uhtml|bestof|Game 1 of a best-of-3
|t:|1757707484
|gametype|doubles
|player|p1|sr_pato_cuac|pokemaniac|
|player|p2|mariodepor|clown|
|gen|9
|tier|[Gen 9] VGC 2025 Reg H (Bo3)
|rule|Species Clause: Limit one of each Pokémon
|rule|Item Clause: Limit 1 of each item
|clearpoke
|poke|p1|Gholdengo, L50|
|poke|p1|Incineroar, L50, M|
|poke|p1|Amoonguss, L50, M|
|poke|p1|Ursaluna, L50, F|
|poke|p1|Porygon2, L50|
|poke|p1|Hydreigon, L50, M|
|poke|p2|Ninetales-Alola, L50, M|
|poke|p2|Sneasler, L50, F|
|poke|p2|Dragonite, L50, F|
|poke|p2|Magmar, L50, M|
|poke|p2|Gholdengo, L50|
|poke|p2|Ursaluna-Bloodmoon, L50, M|
|teampreview|4
|showteam|p1|Gholdengo||LifeOrb|GoodasGold|MakeItRain,ShadowBall,Protect,NastyPlot||||||50|,,,,,Water]Incineroar||AssaultVest|Intimidate|FlareBlitz,KnockOff,FakeOut,Uturn|||M|||50|,,,,,Grass]Amoonguss||CovertCloak|Regenerator|PollenPuff,ClearSmog,RagePowder,Spore|||M|||50|,,,,,Fire]Ursaluna||FlameOrb|Guts|Facade,HeadlongRush,Earthquake,Protect|||F|||50|,,,,,Ghost]Porygon2||Eviolite|Download|TeraBlast,IceBeam,TrickRoom,Recover||||||50|,,,,,Fighting]Hydreigon||ChoiceSpecs|Levitate|DracoMeteor,DarkPulse,Snarl,HeatWave|||M|||50|,,,,,Fire
|showteam|p2|Ninetales-Alola||CovertCloak|SnowWarning|Blizzard,FreezeDry,AuroraVeil,IcyWind|||M|||50|,,,,,Water]Sneasler||FocusSash|Unburden|DireClaw,CloseCombat,Coaching,FakeOut|||F|||50|,,,,,Ghost]Dragonite||LoadedDice|Multiscale|ScaleShot,StompingTantrum,Tailwind,Protect|||F|||50|,,,,,Fairy]Magmar||Eviolite|VitalSpirit|Flamethrower,WillOWisp,Protect,FollowMe|||M|||50|,,,,,Ghost]Gholdengo||LifeOrb|GoodasGold|MakeItRain,ShadowBall,NastyPlot,Protect||||||50|,,,,,Water]Ursaluna-Bloodmoon||AssaultVest|MindsEye|BloodMoon,EarthPower,HyperVoice,VacuumWave|||M|||50|,,,,,Ghost
|c|☆mariodepor|glhf
|c|☆mariodepor|quieres poner el timer?
|c|☆sr_pato_cuac|no hace falta
|c|☆mariodepor|kk
|c|☆sr_pato_cuac|glhf
|c|☆sr_pato_cuac|bueno si quieres ok
|inactive|Battle timer is ON: inactive players will automatically lose when time's up. (requested by sr_pato_cuac)
|
|t:|1757707565
|teamsize|p1|4
|teamsize|p2|4
|start
|switch|p1a: Ursaluna|Ursaluna, L50, F|100/100
|switch|p1b: Gholdengo|Gholdengo, L50|100/100
|switch|p2a: Dragonite|Dragonite, L50, F|100/100
|switch|p2b: Ursaluna|Ursaluna-Bloodmoon, L50, M|100/100
|turn|1
|
|t:|1757707590
|move|p1b: Gholdengo|Protect|p1b: Gholdengo
|-singleturn|p1b: Gholdengo|Protect
|move|p1a: Ursaluna|Protect|p1a: Ursaluna
|-singleturn|p1a: Ursaluna|Protect
|move|p2a: Dragonite|Scale Shot|p1b: Gholdengo
|-activate|p1b: Gholdengo|move: Protect
|move|p2b: Ursaluna|Earth Power|p1b: Gholdengo
|-activate|p1b: Gholdengo|move: Protect
|
|-status|p1a: Ursaluna|brn|[from] item: Flame Orb
|upkeep
|turn|2
|inactive|mariodepor has 30 seconds left.
|
|t:|1757707618
|switch|p1b: Porygon2|Porygon2, L50|100/100
|-ability|p1b: Porygon2|Download|boost
|-boost|p1b: Porygon2|spa|1
|move|p2a: Dragonite|Scale Shot|p1a: Ursaluna|[miss]
|-miss|p2a: Dragonite|p1a: Ursaluna
|move|p2b: Ursaluna|Blood Moon|p1a: Ursaluna
|-damage|p1a: Ursaluna|27/100 brn
|move|p1a: Ursaluna|Facade|p2a: Dragonite
|-damage|p2a: Dragonite|27/100
|
|-damage|p1a: Ursaluna|21/100 brn|[from] brn
|upkeep
|turn|3
|inactive|sr_pato_cuac has 30 seconds left.
|
|t:|1757707645
|move|p2a: Dragonite|Scale Shot|p1b: Porygon2
|-damage|p1b: Porygon2|91/100
|-damage|p1b: Porygon2|83/100
|-damage|p1b: Porygon2|74/100
|-damage|p1b: Porygon2|66/100
|-damage|p1b: Porygon2|57/100
|-hitcount|p1b: Porygon2|5
|-unboost|p2a: Dragonite|def|1
|-boost|p2a: Dragonite|spe|1
|move|p2b: Ursaluna|Hyper Voice|p1a: Ursaluna|[spread] p1a,p1b
|-damage|p1a: Ursaluna|0 fnt
|-damage|p1b: Porygon2|32/100
|faint|p1a: Ursaluna
|move|p1b: Porygon2|Trick Room|p1b: Porygon2
|-fieldstart|move: Trick Room|[of] p1b: Porygon2
|
|upkeep
|
|t:|1757707661
|switch|p1a: Incineroar|Incineroar, L50, M|100/100
|-ability|p1a: Incineroar|Intimidate|boost
|-unboost|p2a: Dragonite|atk|1
|-unboost|p2b: Ursaluna|atk|1
|turn|4
|inactive|mariodepor has 30 seconds left.
|inactive|mariodepor has 20 seconds left.
|inactive|mariodepor has 15 seconds left.
|
|t:|1757707702
|move|p1a: Incineroar|Fake Out|p2b: Ursaluna
|-damage|p2b: Ursaluna|93/100
|move|p1b: Porygon2|Recover|p1b: Porygon2
|-heal|p1b: Porygon2|83/100
|cant|p2b: Ursaluna|flinch
|move|p2a: Dragonite|Stomping Tantrum|p1a: Incineroar
|-supereffective|p1a: Incineroar
|-damage|p1a: Incineroar|72/100
|
|upkeep
|turn|5
|inactive|mariodepor has 30 seconds left.
|inactive|mariodepor has 20 seconds left.
|inactive|mariodepor has 15 seconds left.
|inactive|mariodepor has 10 seconds left.
|
|t:|1757707747
|move|p1b: Porygon2|Ice Beam|p2a: Dragonite
|-supereffective|p2a: Dragonite
|-damage|p2a: Dragonite|0 fnt
|faint|p2a: Dragonite
|move|p2b: Ursaluna|Blood Moon|p1b: Porygon2
|-damage|p1b: Porygon2|36/100
|move|p1a: Incineroar|U-turn|p2b: Ursaluna
|-damage|p2b: Ursaluna|81/100
|
|t:|1757707757
|switch|p1a: Gholdengo|Gholdengo, L50|100/100|[from] U-turn
|
|upkeep
|
|t:|1757707764
|switch|p2a: Magmar|Magmar, L50, M|100/100
|turn|6
|inactive|mariodepor has 30 seconds left.
|
|t:|1757707790
|-terastallize|p1a: Gholdengo|Water
|move|p1b: Porygon2|Recover|p1b: Porygon2
|-heal|p1b: Porygon2|86/100
|move|p2b: Ursaluna|Earth Power|p1a: Gholdengo
|-damage|p1a: Gholdengo|43/100
|move|p2a: Magmar|Flamethrower|p1a: Gholdengo
|-resisted|p1a: Gholdengo
|-damage|p1a: Gholdengo|26/100
|move|p1a: Gholdengo|Nasty Plot|p1a: Gholdengo
|-boost|p1a: Gholdengo|spa|2
|
|upkeep
|turn|7
|inactive|mariodepor has 30 seconds left.
|
|t:|1757707824
|switch|p2b: Sneasler|Sneasler, L50, F|100/100
|move|p2a: Magmar|Protect|p2a: Magmar
|-singleturn|p2a: Magmar|Protect
|move|p1a: Gholdengo|Protect|p1a: Gholdengo
|-singleturn|p1a: Gholdengo|Protect
|move|p1b: Porygon2|Ice Beam|p2b: Sneasler
|-damage|p2b: Sneasler|44/100
|-status|p2b: Sneasler|frz
|
|-fieldend|move: Trick Room
|upkeep
|turn|8
|inactive|mariodepor has 30 seconds left.
|
|t:|1757707851
|-curestatus|p2b: Sneasler|frz|[msg]
|move|p2b: Sneasler|Fake Out|p1b: Porygon2
|-damage|p1b: Porygon2|76/100
|move|p1a: Gholdengo|Make It Rain|p2a: Magmar|[spread] p2a,p2b
|-resisted|p2a: Magmar
|-damage|p2a: Magmar|50/100
|-damage|p2b: Sneasler|0 fnt
|-unboost|p1a: Gholdengo|spa|1
|faint|p2b: Sneasler
|-damage|p1a: Gholdengo|16/100|[from] item: Life Orb
|move|p2a: Magmar|Flamethrower|p1a: Gholdengo
|-resisted|p1a: Gholdengo
|-damage|p1a: Gholdengo|0 fnt
|faint|p1a: Gholdengo
|cant|p1b: Porygon2|flinch
|
|upkeep
|
|t:|1757707867
|switch|p2b: Ursaluna|Ursaluna-Bloodmoon, L50, M|81/100
|switch|p1a: Incineroar|Incineroar, L50, M|72/100
|-ability|p1a: Incineroar|Intimidate|boost
|-unboost|p2a: Magmar|atk|1
|-unboost|p2b: Ursaluna|atk|1
|turn|9
|inactive|mariodepor has 30 seconds left.
|
|t:|1757707895
|-terastallize|p2b: Ursaluna|Ghost
|move|p1a: Incineroar|Fake Out|p2b: Ursaluna
|-immune|p2b: Ursaluna
|move|p2a: Magmar|Follow Me|p2a: Magmar
|-singleturn|p2a: Magmar|move: Follow Me
|move|p2b: Ursaluna|Earth Power|p1a: Incineroar
|-supereffective|p1a: Incineroar
|-damage|p1a: Incineroar|8/100
|move|p1b: Porygon2|Trick Room|p1b: Porygon2
|-fieldstart|move: Trick Room|[of] p1b: Porygon2
|
|upkeep
|turn|10
|
|t:|1757707917
|move|p2a: Magmar|Follow Me|p2a: Magmar
|-singleturn|p2a: Magmar|move: Follow Me
|move|p1b: Porygon2|Tera Blast|p2a: Magmar
|-damage|p2a: Magmar|11/100
|move|p2b: Ursaluna|Hyper Voice|p1a: Incineroar|[spread] p1a,p1b
|-damage|p1a: Incineroar|0 fnt
|-damage|p1b: Porygon2|53/100
|faint|p1a: Incineroar
|
|upkeep
|turn|11
|
|t:|1757707932
|move|p2a: Magmar|Follow Me|p2a: Magmar
|-singleturn|p2a: Magmar|move: Follow Me
|move|p1b: Porygon2|Ice Beam|p2a: Magmar
|-resisted|p2a: Magmar
|-damage|p2a: Magmar|0 fnt
|faint|p2a: Magmar
|move|p2b: Ursaluna|Blood Moon|p1b: Porygon2
|-damage|p1b: Porygon2|0 fnt
|faint|p1b: Porygon2
|
|win|mariodepor
||mariodepor is ready for game 2.
||sr_pato_cuac is ready for game 2.
|uhtml|next|Next: Game 2 of 3
