|j|鈽唜lili200x
|j|鈽唗hatgualakid
|html|xlili200xthatgualakid    
|uhtml|bestof|Game 1 of a best-of-3
|t:|1784321902
|gametype|doubles
|player|p1|xlili200x|dawn|
|player|p2|thatgualakid|169|
|gen|9
|tier|[Gen 9 Champions] VGC 2026 Reg M-B (Bo3)
|rule|Species Clause: Limit one of each Pok茅mon
|rule|Item Clause: Limit 1 of each item
|clearpoke
|poke|p1|Farigiraf, L50, M|
|poke|p1|Kangaskhan, L50, F|
|poke|p1|Camerupt, L50, F|
|poke|p1|Torkoal, L50, F|
|poke|p1|Conkeldurr, L50, M|
|poke|p1|Hatterene, L50, F|
|poke|p2|Charizard, L50, M, shiny|
|poke|p2|Sableye, L50, M|
|poke|p2|Venusaur, L50, M|
|poke|p2|Kingambit, L50, M|
|poke|p2|Hawlucha, L50, F, shiny|
|poke|p2|Basculegion, L50, M|
|teampreview|4
|showteam|p1|Farigiraf||ColburBerry|ArmorTail|TrickRoom,Protect,Psychic,Thunderbolt|Quiet||M|||50|]Kangaskhan||SilkScarf|Scrappy|FakeOut,LastResort|Adamant||F|||50|]Camerupt||Cameruptite|MagmaArmor|Protect,EarthPower,HeatWave,Eruption|Quiet||F|||50|]Torkoal||Charcoal|Drought|Eruption,HeatWave,Protect,SolarBeam|Bold||F|||50|]Conkeldurr||LifeOrb|SheerForce|RockSlide,BulkUp,Protect,DrainPunch|Brave||M|||50|]Hatterene||SitrusBerry|Healer|Protect,TrickRoom,DazzlingGleam,Nuzzle|Sassy||F|||50|
|showteam|p2|Charizard||CharizarditeY|Blaze|HeatWave,SolarBeam,WeatherBall,Protect|Modest||M|||50|]Sableye||Sablenite|Prankster|FoulPlay,RainDance,LightScreen,FakeOut|Impish||M|||50|]Venusaur||LifeOrb|Chlorophyll|EnergyBall,WeatherBall,EarthPower,Protect|Modest||M|||50|]Kingambit||BlackGlasses|Defiant|KowtowCleave,IronHead,Taunt,Protect|Adamant||M|||50|]Hawlucha||SharpBeak|MoldBreaker|BraveBird,UpperHand,Taunt,Protect|Adamant||F|||50|]Basculegion||FocusSash|MoldBreaker|AquaJet,WaveCrash,LastRespects,Protect|Adamant||M|||50|
|c|鈽唜lili200x|Glhf!
|c|鈽唗hatgualakid|GLHF
|
|t:|1784321982
|teamsize|p1|4
|teamsize|p2|4
|start
|switch|p1a: Long neck|Farigiraf, L50, M|100/100
|switch|p1b: Cute|Kangaskhan, L50, F|100/100
|switch|p2a: Hawlucha|Hawlucha, L50, F, shiny|100/100
|switch|p2b: Kingambit|Kingambit, L50, M|100/100
|-ability|p2a: Hawlucha|Mold Breaker
|turn|1
|
|t:|1784322005
|move|p2a: Hawlucha|Upper Hand|p1b: Cute
|-supereffective|p1b: Cute|1
|-damage|p1b: Cute|30/100
|cant|p1b: Cute|flinch
|move|p2b: Kingambit|Taunt|p1a: Long neck
|-start|p1a: Long neck|move: Taunt
|cant|p1a: Long neck|move: Taunt|Trick Room
|
|upkeep
|turn|2
|c|鈽唜lili200x|Ooo peak
|
|t:|1784322036
|switch|p1b: Big nose|Conkeldurr, L50, M|100/100
|move|p2a: Hawlucha|Brave Bird|p1b: Big nose
|-supereffective|p1b: Big nose|1
|-damage|p1b: Big nose|0 fnt
|faint|p1b: Big nose
|-damage|p2a: Hawlucha|63/100|[from] Recoil
|move|p1a: Long neck|Psychic|p2a: Hawlucha
|-supereffective|p2a: Hawlucha|1
|-damage|p2a: Hawlucha|0 fnt
|faint|p2a: Hawlucha
|move|p2b: Kingambit|Kowtow Cleave|p1a: Long neck
|-supereffective|p1a: Long neck|1
|-enditem|p1a: Long neck|Colbur Berry|[eat]
|-enditem|p1a: Long neck|Colbur Berry|[weaken]
|-damage|p1a: Long neck|49/100
|
|upkeep
|
|t:|1784322068
|switch|p2a: Venusaur|Venusaur, L50, M|100/100
|switch|p1b: Fiyaaaah|Torkoal, L50, F|100/100
|-weather|SunnyDay|[from] ability: Drought|[of] p1b: Fiyaaaah
|turn|3
|
|t:|1784322105
|move|p2b: Kingambit|Protect|p2b: Kingambit
|-singleturn|p2b: Kingambit|Protect
|move|p2a: Venusaur|Earth Power|p1b: Fiyaaaah
|-supereffective|p1b: Fiyaaaah|1
|-damage|p1b: Fiyaaaah|0 fnt
|faint|p1b: Fiyaaaah
|-damage|p2a: Venusaur|90/100|[from] item: Life Orb
|move|p1a: Long neck|Psychic|p2a: Venusaur
|-supereffective|p2a: Venusaur|1
|-damage|p2a: Venusaur|15/100
|
|-weather|SunnyDay|[upkeep]
|-end|p1a: Long neck|move: Taunt
|upkeep
|
|t:|1784322128
|switch|p1b: Cute|Kangaskhan, L50, F|30/100
|turn|4
|
|t:|1784322157
|move|p1b: Cute|Fake Out|p2b: Kingambit
|-resisted|p2b: Kingambit|1
|-damage|p2b: Kingambit|92/100
|move|p2a: Venusaur|Energy Ball|p1b: Cute
|-crit|p1b: Cute
|-damage|p1b: Cute|0 fnt
|faint|p1b: Cute
|-damage|p2a: Venusaur|5/100|[from] item: Life Orb
|cant|p2b: Kingambit|flinch
|move|p1a: Long neck|Trick Room|p1a: Long neck
|-fieldstart|move: Trick Room|[of] p1a: Long neck
|
|-weather|SunnyDay|[upkeep]
|upkeep
|turn|5
|
|t:|1784322180
|move|p2a: Venusaur|Protect|p2a: Venusaur
|-singleturn|p2a: Venusaur|Protect
|move|p2b: Kingambit|Kowtow Cleave|p1a: Long neck
|-supereffective|p1a: Long neck|1
|-damage|p1a: Long neck|0 fnt
|faint|p1a: Long neck
|
|win|thatgualakid
|inactive|xlili200x has 30 seconds to confirm battle start!
|inactive|thatgualakid has 30 seconds to confirm battle start!
||thatgualakid is ready for game 2.
