|j|☆Vril fur4et
|j|☆SunshineTufo
|html|Vril fur4etSunshineTufo    
|uhtml|bestof|Game 1 of a best-of-3
|t:|1784466813
|gametype|doubles
|player|p1|Vril fur4et|170|1189
|player|p2|SunshineTufo|li|1187
|gen|9
|tier|[Gen 9 Champions] VGC 2026 Reg M-B (Bo3)
|rated|
|rule|Species Clause: Limit one of each Pokémon
|rule|Item Clause: Limit 1 of each item
|clearpoke
|poke|p1|Mawile, L50, F|
|poke|p1|Rotom-Mow, L50|
|poke|p1|Farigiraf, L50, M|
|poke|p1|Primarina, L50, F|
|poke|p1|Sneasler, L50, F|
|poke|p1|Incineroar, L50, M|
|poke|p2|Charizard, L50, M, shiny|
|poke|p2|Incineroar, L50, M, shiny|
|poke|p2|Sylveon, L50, M, shiny|
|poke|p2|Aerodactyl, L50, M, shiny|
|poke|p2|Garchomp, L50, M, shiny|
|poke|p2|Farigiraf, L50, M, shiny|
|teampreview|4
|showteam|p1|Mawile||Mawilite|Intimidate|SuckerPunch,PlayRough,Protect,SwordsDance|Brave||F|||50|]Rotom-Mow||SitrusBerry|Levitate|VoltSwitch,LeafStorm,Protect,WillOWisp|Quiet|||||50|]Farigiraf||ColburBerry|ArmorTail|HyperVoice,TrickRoom,Protect,Psychic|Quiet||M|||50|]Primarina||MysticWater|LiquidVoice|PerishSong,HyperVoice,Protect,Moonblast|Modest||F|||50|]Sneasler||FocusSash|PoisonTouch|FakeOut,CloseCombat,DireClaw,Protect|Jolly||F|||50|]Incineroar||ChopleBerry|Intimidate|FlareBlitz,FakeOut,PartingShot,ThroatChop|Careful||M|||50|
|showteam|p2|Charizard||CharizarditeY|SolarPower|HeatWave,WeatherBall,SolarBeam,Protect|Modest||M|||50|]Incineroar||Charcoal|Intimidate|FlareBlitz,DarkestLariat,PartingShot,FakeOut|Brave||M|||50|]Sylveon||FairyFeather|Pixilate|HyperVoice,QuickAttack,HyperBeam,Detect|Modest||M|||50|]Aerodactyl||Aerodactylite|Unnerve|WideGuard,RockSlide,DualWingbeat,Tailwind|Jolly||M|||50|]Garchomp||LifeOrb|RoughSkin|Protect,StompingTantrum,DragonClaw,Earthquake|Adamant||M|||50|]Farigiraf||SitrusBerry|ArmorTail|SunnyDay,PsychicFangs,Thunderbolt,TrickRoom|Relaxed||M|||50|
|inactive|Battle timer is ON: inactive players will automatically lose when time's up. (requested by SunshineTufo)
|inactive|SunshineTufo has 60 seconds left.
|
|t:|1784466851
|teamsize|p1|4
|teamsize|p2|4
|start
|switch|p1a: Farigiraf|Farigiraf, L50, M|100/100
|switch|p1b: Incineroar|Incineroar, L50, M|100/100
|switch|p2a: Charizard|Charizard, L50, M, shiny|100/100
|switch|p2b: Incineroar|Incineroar, L50, M, shiny|100/100
|-ability|p1b: Incineroar|Intimidate|boost
|-unboost|p2a: Charizard|atk|1
|-unboost|p2b: Incineroar|atk|1
|-ability|p2b: Incineroar|Intimidate|boost
|-unboost|p1a: Farigiraf|atk|1
|-unboost|p1b: Incineroar|atk|1
|turn|1
|
|t:|1784466857
|switch|p2b: Farigiraf|Farigiraf, L50, M, shiny|100/100
|detailschange|p2a: Charizard|Charizard-Mega-Y, L50, M, shiny
|-mega|p2a: Charizard|Charizard|Charizardite Y
|-weather|SunnyDay|[from] ability: Drought|[of] p2a: Charizard
|move|p1b: Incineroar|Fake Out||[still]
|cant|p2b: Farigiraf|ability: Armor Tail|Fake Out|[of] p1b: Incineroar
|move|p2a: Charizard|Weather Ball|p1a: Farigiraf
|-damage|p1a: Farigiraf|0 fnt
|faint|p1a: Farigiraf
|
|-weather|SunnyDay|[upkeep]
|upkeep
|
|t:|1784466870
|switch|p1a: Primarina|Primarina, L50, F|100/100
|turn|2
|
|t:|1784466875
|switch|p2b: Incineroar|Incineroar, L50, M, shiny|100/100
|-ability|p2b: Incineroar|Intimidate|boost
|-unboost|p1a: Primarina|atk|1
|-unboost|p1b: Incineroar|atk|1
|move|p2a: Charizard|Protect|p2a: Charizard
|-singleturn|p2a: Charizard|Protect
|move|p1a: Primarina|Protect|p1a: Primarina
|-singleturn|p1a: Primarina|Protect
|move|p1b: Incineroar|Parting Shot|p2a: Charizard
|-activate|p2a: Charizard|move: Protect
|
|-weather|SunnyDay|[upkeep]
|upkeep
|turn|3
|
|t:|1784466884
|switch|p1a: Mawile|Mawile, L50, F|100/100
|-ability|p1a: Mawile|Intimidate|boost
|-unboost|p2a: Charizard|atk|1
|-unboost|p2b: Incineroar|atk|1
|move|p2b: Incineroar|Fake Out|p1b: Incineroar
|-damage|p1b: Incineroar|93/100
|move|p2a: Charizard|Solar Beam||[still]
|-prepare|p2a: Charizard|Solar Beam
|-anim|p2a: Charizard|Solar Beam|p1a: Mawile
|-resisted|p1a: Mawile|1
|-damage|p1a: Mawile|53/100
|cant|p1b: Incineroar|flinch
|
|-weather|SunnyDay|[upkeep]
|upkeep
|turn|4
|
|t:|1784466904
|switch|p1a: Primarina|Primarina, L50, F|100/100
|move|p2a: Charizard|Protect|p2a: Charizard
|-singleturn|p2a: Charizard|Protect
|move|p1b: Incineroar|Throat Chop|p2b: Incineroar
|-resisted|p2b: Incineroar|1
|-damage|p2b: Incineroar|92/100
|-start|p2b: Incineroar|Throat Chop|[silent]
|move|p2b: Incineroar|Flare Blitz|p1a: Primarina
|-resisted|p1a: Primarina|1
|-damage|p1a: Primarina|60/100
|-damage|p2b: Incineroar|80/100|[from] Recoil
|
|-weather|SunnyDay|[upkeep]
|upkeep
|turn|5
|
|t:|1784466918
|switch|p2b: Sylveon|Sylveon, L50, M, shiny|100/100
|move|p1a: Primarina|Protect|p1a: Primarina
|-singleturn|p1a: Primarina|Protect
|move|p2a: Charizard|Solar Beam||[still]
|-prepare|p2a: Charizard|Solar Beam
|-anim|p2a: Charizard|Solar Beam|p1a: Primarina
|-activate|p1a: Primarina|move: Protect
|move|p1b: Incineroar|Parting Shot|p2a: Charizard
|-unboost|p2a: Charizard|atk|1
|-unboost|p2a: Charizard|spa|1
|
|t:|1784466926
|switch|p1b: Mawile|Mawile, L50, F|53/100|[from] Parting Shot
|-ability|p1b: Mawile|Intimidate|boost
|-unboost|p2a: Charizard|atk|1
|-unboost|p2b: Sylveon|atk|1
|
|-weather|none
|upkeep
|turn|6
|
|t:|1784466938
|switch|p1b: Incineroar|Incineroar, L50, M|93/100
|-ability|p1b: Incineroar|Intimidate|boost
|-unboost|p2a: Charizard|atk|1
|-unboost|p2b: Sylveon|atk|1
|move|p2a: Charizard|Heat Wave|p1b: Incineroar|[spread] p1a,p1b
|-resisted|p1a: Primarina|1
|-resisted|p1b: Incineroar|1
|-damage|p1a: Primarina|50/100g
|-damage|p1b: Incineroar|82/100
|move|p2b: Sylveon|Hyper Voice|p1a: Primarina|[spread] p1a,p1b
|-damage|p1a: Primarina|15/100
|-damage|p1b: Incineroar|40/100
|move|p1a: Primarina|Hyper Voice|p2b: Sylveon|[spread] p2a,p2b
|-supereffective|p2a: Charizard|1
|-crit|p2a: Charizard
|-damage|p2a: Charizard|0 fnt
|-damage|p2b: Sylveon|59/100
|faint|p2a: Charizard
|
|upkeep
|
|t:|1784466944
|switch|p2a: Incineroar|Incineroar, L50, M, shiny|80/100
|-ability|p2a: Incineroar|Intimidate|boost
|-unboost|p1a: Primarina|atk|1
|-unboost|p1b: Incineroar|atk|1
|turn|7
|inactive|Vril fur4et has 30 seconds left.
|
|t:|1784466969
|move|p1a: Primarina|Protect|p1a: Primarina
|-singleturn|p1a: Primarina|Protect
|move|p2a: Incineroar|Fake Out|p1b: Incineroar
|-damage|p1b: Incineroar|30/100
|cant|p1b: Incineroar|flinch
|move|p2b: Sylveon|Hyper Voice|p1b: Incineroar|[spread] p1b
|-activate|p1a: Primarina|move: Protect
|-damage|p1b: Incineroar|0 fnt
|faint|p1b: Incineroar
|
|upkeep
|
|t:|1784466974
|switch|p1b: Mawile|Mawile, L50, F|53/100
|-ability|p1b: Mawile|Intimidate|boost
|-unboost|p2a: Incineroar|atk|1
|-unboost|p2b: Sylveon|atk|1
|turn|8
|
|t:|1784466982
|switch|p2a: Farigiraf|Farigiraf, L50, M, shiny|100/100
|detailschange|p1b: Mawile|Mawile-Mega, L50, F
|-mega|p1b: Mawile|Mawile|Mawilite
|move|p2b: Sylveon|Hyper Voice|p1a: Primarina|[spread] p1a,p1b
|-resisted|p1b: Mawile|1
|-damage|p1a: Primarina|0 fnt
|-damage|p1b: Mawile|22/100
|faint|p1a: Primarina
|move|p1b: Mawile|Play Rough|p2b: Sylveon
|-damage|p2b: Sylveon|0 fnt
|faint|p2b: Sylveon
|
|upkeep
|
|t:|1784466988
|switch|p2b: Incineroar|Incineroar, L50, M, shiny|80/100
|-ability|p2b: Incineroar|Intimidate|boost
|-unboost|p1b: Mawile|atk|1
|turn|9
|
|t:|1784466992
|move|p2b: Incineroar|Flare Blitz|p1b: Mawile
|-supereffective|p1b: Mawile|1
|-damage|p1b: Mawile|0 fnt
|faint|p1b: Mawile
|-damage|p2b: Incineroar|74/100|[from] Recoil
|
|win|SunshineTufo
