|j|☆lunodira
|j|☆Triple6istheway
|html|lunodiraTriple6istheway    
|uhtml|bestof|Game 3 of a best-of-3
|t:|1783889587
|gametype|doubles
|player|p1|lunodira|grimsley|1099
|player|p2|Triple6istheway|1|1044
|gen|9
|tier|[Gen 9 Champions] VGC 2026 Reg M-B (Bo3)
|rated|
|rule|Species Clause: Limit one of each Pokémon
|rule|Item Clause: Limit 1 of each item
|clearpoke
|poke|p1|Blastoise, L50, M|
|poke|p1|Incineroar, L50, F|
|poke|p1|Sneasler, L50, F|
|poke|p1|Kingambit, L50, F|
|poke|p1|Sinistcha, L50|
|poke|p1|Floette-Eternal, L50, F|
|poke|p2|Vivillon, L50, F|
|poke|p2|Camerupt, L50, M, shiny|
|poke|p2|Farigiraf, L50, F|
|poke|p2|Abomasnow, L50, M, shiny|
|poke|p2|Kingambit, L50, M|
|poke|p2|Incineroar, L50, F|
|teampreview|4
|showteam|p1|Blastoise||Blastoisinite|RainDish|WaterSpout,DarkPulse,Protect,ShellSmash|Modest||M|||50|]Incineroar||SitrusBerry|Intimidate|FlareBlitz,FakeOut,HelpingHand,PartingShot|Careful||F|||50|]Sneasler||FocusSash|PoisonTouch|FakeOut,CloseCombat,PoisonJab,RockTomb|Jolly||F|||50|]Kingambit||LifeOrb|Defiant|SuckerPunch,Protect,KowtowCleave,SwordsDance|Adamant||F|||50|]Sinistcha||OccaBerry|Hospitality|MatchaGotcha,Protect,RagePowder,TrickRoom|Relaxed|||||50|]Floette-Eternal||Floettite|Symbiosis|CalmMind,DrainingKiss,DazzlingGleam,Protect|Modest||F|||50|
|showteam|p2|Vivillon||FocusSash|CompoundEyes|Hurricane,PollenPuff,SleepPowder,RagePowder|Timid||F|||50|]Camerupt||Cameruptite|SolidRock|Protect,HeatWave,EarthPower,AncientPower|Quiet||M|||50|]Farigiraf||ChestoBerry|ArmorTail|TrickRoom,Psychic,Thunderbolt,Rest|Quiet||F|||50|]Abomasnow||Abomasite|SnowWarning|Protect,Blizzard,EnergyBall,IceShard|Quiet||M|||50|]Kingambit||ChopleBerry|Defiant|KowtowCleave,IronHead,SuckerPunch,LowKick|Adamant||M|||50|]Incineroar||SitrusBerry|Intimidate|FakeOut,FlareBlitz,ThroatChop,PartingShot|Impish||F|||50|
|inactive|Battle timer is ON: inactive players will automatically lose when time's up. (requested by Triple6istheway)
|inactive|lunodira has 60 seconds left.
|inactive|Triple6istheway has 60 seconds left.
|
|t:|1783889640
|teamsize|p1|4
|teamsize|p2|4
|start
|switch|p1a: Kingambit|Kingambit, L50, F|100/100
|switch|p1b: Incineroar|Incineroar, L50, F|100/100
|switch|p2a: Abomasnow|Abomasnow, L50, M, shiny|100/100
|switch|p2b: Farigiraf|Farigiraf, L50, F|100/100
|-ability|p1b: Incineroar|Intimidate|boost
|-unboost|p2a: Abomasnow|atk|1
|-unboost|p2b: Farigiraf|atk|1
|-weather|Snowscape|[from] ability: Snow Warning|[of] p2a: Abomasnow
|turn|1
|inactive|lunodira has 30 seconds left.
|inactive|Triple6istheway has 30 seconds left.
|inactive|Triple6istheway has 20 seconds left.
|inactive|Triple6istheway has 15 seconds left.
|inactive|Triple6istheway has 10 seconds left.
|inactive|Triple6istheway has 5 seconds left.
|
|t:|1783889694
|switch|p2b: Kingambit|Kingambit, L50, M|100/100
|detailschange|p2a: Abomasnow|Abomasnow-Mega, L50, M, shiny
|-mega|p2a: Abomasnow|Abomasnow|Abomasite
|move|p1b: Incineroar|Helping Hand|p1a: Kingambit
|-singleturn|p1a: Kingambit|Helping Hand|[of] p1b: Incineroar
|move|p1a: Kingambit|Kowtow Cleave|p2b: Kingambit
|-resisted|p2b: Kingambit|1
|-damage|p2b: Kingambit|71/100
|-damage|p1a: Kingambit|90/100|[from] item: Life Orb
|move|p2a: Abomasnow|Blizzard|p1a: Kingambit|[spread] p1a,p1b
|-resisted|p1a: Kingambit|1
|-resisted|p1b: Incineroar|1
|-damage|p1a: Kingambit|72/100
|-damage|p1b: Incineroar|81/100
|
|-weather|Snowscape|[upkeep]
|upkeep
|turn|2
|inactive|Triple6istheway has 30 seconds left.
|inactive|lunodira has 30 seconds left.
|inactive|lunodira has 20 seconds left.
|
|t:|1783889737
|switch|p2a: Farigiraf|Farigiraf, L50, F|100/100
|move|p1a: Kingambit|Protect|p1a: Kingambit
|-singleturn|p1a: Kingambit|Protect
|move|p1b: Incineroar|Parting Shot|p2a: Farigiraf
|-unboost|p2a: Farigiraf|atk|1
|-unboost|p2a: Farigiraf|spa|1
|inactive|lunodira has 30 seconds left.
|
|t:|1783889769
|switch|p1b: Floette|Floette-Eternal, L50, F|100/100|[from] Parting Shot
|move|p2b: Kingambit|Low Kick|p1a: Kingambit
|-activate|p1a: Kingambit|move: Protect
|
|-weather|Snowscape|[upkeep]
|upkeep
|turn|3
|inactive|lunodira has 30 seconds left.
|inactive|Triple6istheway has 30 seconds left.
|inactive|lunodira has 20 seconds left.
|inactive|lunodira has 15 seconds left.
|inactive|lunodira has 10 seconds left.
|
|t:|1783889817
|switch|p2b: Abomasnow|Abomasnow-Mega, L50, M, shiny|100/100
|detailschange|p1b: Floette|Floette-Mega, L50, F
|-mega|p1b: Floette|Floette|Floettite
|-ability|p1b: Floette|Fairy Aura
|move|p1b: Floette|Dazzling Gleam|p2b: Abomasnow|[spread] p2a,p2b
|-crit|p2a: Farigiraf
|-damage|p2a: Farigiraf|31/100
|-damage|p2b: Abomasnow|64/100
|move|p1a: Kingambit|Kowtow Cleave|p2a: Farigiraf
|-supereffective|p2a: Farigiraf|1
|-damage|p2a: Farigiraf|0 fnt
|faint|p2a: Farigiraf
|-damage|p1a: Kingambit|63/100|[from] item: Life Orb
|
|-weather|Snowscape|[upkeep]
|upkeep
|
|t:|1783889832
|switch|p2a: Vivillon|Vivillon, L50, F|100/100
|turn|4
|inactive|lunodira has 30 seconds left.
|inactive|lunodira has 20 seconds left.
|inactive|lunodira has 15 seconds left.
|
|t:|1783889874
|move|p2a: Vivillon|Sleep Powder|p1b: Floette
|-status|p1b: Floette|slp|[from] move: Sleep Powder
|cant|p1b: Floette|slp
|move|p1a: Kingambit|Kowtow Cleave|p2b: Abomasnow
|-damage|p2b: Abomasnow|32/100
|-damage|p1a: Kingambit|53/100|[from] item: Life Orb
|move|p2b: Abomasnow|Blizzard|p1a: Kingambit|[spread] p1a,p1b
|-resisted|p1a: Kingambit|1
|-damage|p1a: Kingambit|34/100
|-damage|p1b: Floette|60/100 slp
|
|-weather|Snowscape|[upkeep]
|upkeep
|turn|5
|
|t:|1783889894
|switch|p1a: Sinistcha|Sinistcha, L50|100/100
|-heal|p1b: Floette|84/100 slp|[from] ability: Hospitality|[of] p1a: Sinistcha
|cant|p1b: Floette|slp
|move|p2a: Vivillon|Sleep Powder|p1a: Sinistcha
|-immune|p1a: Sinistcha
|move|p2b: Abomasnow|Blizzard|p1b: Floette|[spread] p1a,p1b
|-supereffective|p1a: Sinistcha|1
|-damage|p1a: Sinistcha|10/100
|-damage|p1b: Floette|45/100 slp
|
|-weather|none
|upkeep
|turn|6
|inactive|Triple6istheway has 30 seconds left.
|inactive|lunodira has 30 seconds left.
|inactive|Triple6istheway has 20 seconds left.
|
|t:|1783889932
|switch|p2a: Kingambit|Kingambit, L50, M|71/100
|move|p1a: Sinistcha|Protect|p1a: Sinistcha
|-singleturn|p1a: Sinistcha|Protect
|move|p2b: Abomasnow|Protect|p2b: Abomasnow
|-singleturn|p2b: Abomasnow|Protect
|-curestatus|p1b: Floette|slp|[msg]
|move|p1b: Floette|Dazzling Gleam|p2a: Kingambit|[spread] p2a
|-activate|p2b: Abomasnow|move: Protect
|-damage|p2a: Kingambit|27/100
|
|upkeep
|turn|7
|inactive|Triple6istheway has 30 seconds left.
|inactive|Triple6istheway has 20 seconds left.
|inactive|Triple6istheway has 15 seconds left.
|inactive|Triple6istheway has 10 seconds left.
|
|t:|1783889979
|move|p1a: Sinistcha|Rage Powder|p1a: Sinistcha
|-singleturn|p1a: Sinistcha|move: Rage Powder
|move|p2a: Kingambit|Sucker Punch||[still]
|-fail|p2a: Kingambit
|move|p2b: Abomasnow|Ice Shard|p1a: Sinistcha
|-supereffective|p1a: Sinistcha|1
|-damage|p1a: Sinistcha|0 fnt
|faint|p1a: Sinistcha
|move|p1b: Floette|Dazzling Gleam|p2b: Abomasnow|[spread] p2a,p2b
|-damage|p2a: Kingambit|0 fnt
|-damage|p2b: Abomasnow|0 fnt
|faint|p2a: Kingambit
|faint|p2b: Abomasnow
|
|upkeep
|
|t:|1783889990
|switch|p1a: Incineroar|Incineroar, L50, F|81/100
|switch|p2b: Vivillon|Vivillon, L50, F|100/100
|-ability|p1a: Incineroar|Intimidate|boost
|-unboost|p2b: Vivillon|atk|1
|turn|8
|
|t:|1783890001
|move|p1a: Incineroar|Fake Out|p2b: Vivillon
|-damage|p2b: Vivillon|81/100
|cant|p2b: Vivillon|flinch
|move|p1b: Floette|Dazzling Gleam|p2b: Vivillon
|-damage|p2b: Vivillon|0 fnt
|faint|p2b: Vivillon
|
|win|lunodira
|raw|lunodira's rating: 1099 → 1120(+21 for winning)
|raw|Triple6istheway's rating: 1044 → 1030(-14 for losing)
|c|☆Triple6istheway|gg
