|j|☆Tfam39
|j|☆root2iris
|html|Tfam39root2iris    
|uhtml|bestof|Game 1 of a best-of-3
|t:|1756235014
|gametype|doubles
|player|p1|Tfam39|101|1108
|player|p2|root2iris|guitarist|1207
|gen|9
|tier|[Gen 9] VGC 2025 Reg H (Bo3)
|rated|
|rule|Species Clause: Limit one of each Pokémon
|rule|Item Clause: Limit 1 of each item
|clearpoke
|poke|p1|Gallade, L50, M|
|poke|p1|Torkoal, L50, M|
|poke|p1|Ursaluna, L50, M|
|poke|p1|Indeedee-F, L50, F|
|poke|p1|Armarouge, L50, F|
|poke|p1|Lilligant-Hisui, L50, F|
|poke|p2|Archaludon, L50, F|
|poke|p2|Pelipper, L50, F|
|poke|p2|Amoonguss, L50, F|
|poke|p2|Incineroar, L50, F|
|poke|p2|Baxcalibur, L50, F|
|poke|p2|Annihilape, L50, M|
|teampreview|4
|showteam|p1|Gallade||ScopeLens|Sharpness|SacredSword,PsychoCut,TrickRoom,WideGuard|||M|||50|,,,,,Grass]Torkoal||Charcoal|Drought|Eruption,WeatherBall,ClearSmog,Protect|||M|||50|,,,,,Fire]Ursaluna||FlameOrb|Guts|Facade,HeadlongRush,Earthquake,Protect|||M|||50|,,,,,Ghost]Indeedee-F||RockyHelmet|PsychicSurge|Psychic,HelpingHand,FollowMe,TrickRoom|||F|||50|,,,,,Grass]Armarouge||LifeOrb|FlashFire|ArmorCannon,ExpandingForce,TrickRoom,Protect|||F|||50|,,,,,Grass]Lilligant-Hisui||FocusSash|Chlorophyll|LeafBlade,CloseCombat,AfterYou,SleepPowder|||F|||50|,,,,,Ghost
|showteam|p2|Archaludon||AssaultVest|Stamina|DragonPulse,ElectroShot,BodyPress,Thunderbolt|||F|||50|,,,,,Bug]Pelipper||FocusSash|Drizzle|MuddyWater,Hurricane,Tailwind,Protect|||F|||50|,,,,,Ghost]Amoonguss||CovertCloak|Regenerator|PollenPuff,RagePowder,Spore,Protect|||F|||50|,,,,,Fairy]Incineroar||SafetyGoggles|Intimidate|KnockOff,BurningJealousy,PartingShot,FakeOut|||F|||50|,,,,,Ghost]Baxcalibur||LoadedDice|ThermalExchange|IcicleSpear,ScaleShot,HighHorsepower,Protect|||F|||50|,,,,,Ghost]Annihilape||SitrusBerry|Defiant|RageFist,FinalGambit,Coaching,Taunt|||M|||50|,,,,,Fire
|inactive|Battle timer is ON: inactive players will automatically lose when time's up. (requested by root2iris)
|inactive|Tfam39 has 60 seconds left.
|inactive|root2iris has 60 seconds left.
|
|t:|1756235055
|teamsize|p1|4
|teamsize|p2|4
|start
|switch|p1a: Torkoal|Torkoal, L50, M|100/100
|switch|p1b: Lilligant|Lilligant-Hisui, L50, F|100/100
|switch|p2a: RC|Incineroar, L50, F|100/100
|switch|p2b: Mikael Mouse|Amoonguss, L50, F|100/100
|-ability|p2a: RC|Intimidate|boost
|-unboost|p1a: Torkoal|atk|1
|-unboost|p1b: Lilligant|atk|1
|-weather|SunnyDay|[from] ability: Drought|[of] p1a: Torkoal
|turn|1
|inactive|root2iris has 30 seconds left.
|inactive|Tfam39 has 30 seconds left.
|inactive|root2iris has 20 seconds left.
|inactive|Tfam39 has 20 seconds left.
|inactive|Tfam39 has 15 seconds left.
|inactive|Tfam39 has 10 seconds left.
|inactive|Tfam39 has 5 seconds left.
|
|t:|1756235115
|switch|p2a: Oathkeeper|Pelipper, L50, F, shiny|100/100
|-weather|RainDance|[from] ability: Drizzle|[of] p2a: Oathkeeper
|move|p1b: Lilligant|Leaf Blade|p2b: Mikael Mouse
|-resisted|p2b: Mikael Mouse
|-damage|p2b: Mikael Mouse|95/100
|move|p2b: Mikael Mouse|Spore|p1a: Torkoal
|-status|p1a: Torkoal|slp|[from] move: Spore
|cant|p1a: Torkoal|slp
|
|-weather|RainDance|[upkeep]
|upkeep
|turn|2
|inactive|Tfam39 has 30 seconds left.
|inactive|root2iris has 30 seconds left.
|inactive|root2iris has 20 seconds left.
|
|t:|1756235154
|switch|p1a: Indeedee|Indeedee-F, L50, F|100/100
|-fieldstart|move: Psychic Terrain|[from] ability: Psychic Surge|[of] p1a: Indeedee
|move|p1b: Lilligant|Sleep Powder|p2a: Oathkeeper
|-status|p2a: Oathkeeper|slp|[from] move: Sleep Powder
|cant|p2a: Oathkeeper|slp
|move|p2b: Mikael Mouse|Spore|p1a: Indeedee
|-status|p1a: Indeedee|slp|[from] move: Spore
|
|-weather|RainDance|[upkeep]
|upkeep
|turn|3
|inactive|Tfam39 has 30 seconds left.
|inactive|Tfam39 has 20 seconds left.
|inactive|Tfam39 has 15 seconds left.
|inactive|Tfam39 has 10 seconds left.
|
|t:|1756235201
|move|p1b: Lilligant|Close Combat|p2a: Oathkeeper
|-resisted|p2a: Oathkeeper
|-damage|p2a: Oathkeeper|78/100 slp
|-unboost|p1b: Lilligant|def|1
|-unboost|p1b: Lilligant|spd|1
|cant|p2a: Oathkeeper|slp
|move|p2b: Mikael Mouse|Pollen Puff|p1a: Indeedee
|-supereffective|p1a: Indeedee
|-damage|p1a: Indeedee|61/100 slp
|cant|p1a: Indeedee|slp
|
|-weather|RainDance|[upkeep]
|upkeep
|turn|4
|inactive|Tfam39 has 30 seconds left.
|
|t:|1756235227
|switch|p1b: Armarouge|Armarouge, L50, F|100/100
|-curestatus|p2a: Oathkeeper|slp|[msg]
|move|p2a: Oathkeeper|Muddy Water|p1a: Indeedee|[spread] p1a
|-miss|p2a: Oathkeeper|p1b: Armarouge
|-damage|p1a: Indeedee|19/100 slp
|move|p2b: Mikael Mouse|Pollen Puff|p1a: Indeedee
|-supereffective|p1a: Indeedee
|-damage|p1a: Indeedee|0 fnt
|faint|p1a: Indeedee
|
|-weather|RainDance|[upkeep]
|upkeep
|
|t:|1756235238
|switch|p1a: Torkoal|Torkoal, L50, M|100/100 slp
|-weather|SunnyDay|[from] ability: Drought|[of] p1a: Torkoal
|turn|5
|
|t:|1756235249
|switch|p2a: RC|Incineroar, L50, F|100/100
|-ability|p2a: RC|Intimidate|boost
|-unboost|p1a: Torkoal|atk|1
|-unboost|p1b: Armarouge|atk|1
|-terastallize|p1a: Torkoal|Fire
|move|p2b: Mikael Mouse|Protect|p2b: Mikael Mouse
|-singleturn|p2b: Mikael Mouse|Protect
|move|p1b: Armarouge|Expanding Force|p2a: RC|[spread] 
|-activate|p2b: Mikael Mouse|move: Protect
|-immune|p2a: RC
|-curestatus|p1a: Torkoal|slp|[msg]
|move|p1a: Torkoal|Eruption|p2a: RC|[spread] p2a
|-activate|p2b: Mikael Mouse|move: Protect
|-resisted|p2a: RC
|-damage|p2a: RC|44/100
|
|-weather|SunnyDay|[upkeep]
|upkeep
|turn|6
|
|t:|1756235274
|switch|p1a: Lilligant|Lilligant-Hisui, L50, F|100/100
|-terastallize|p2b: Mikael Mouse|Fairy
|move|p1b: Armarouge|Protect|p1b: Armarouge
|-singleturn|p1b: Armarouge|Protect
|move|p2a: RC|Knock Off|p1b: Armarouge
|-activate|p1b: Armarouge|move: Protect
|move|p2b: Mikael Mouse|Spore|p1a: Lilligant
|-immune|p1a: Lilligant
|
|-weather|SunnyDay|[upkeep]
|-fieldend|move: Psychic Terrain
|upkeep
|turn|7
|inactive|Tfam39 has 30 seconds left.
|inactive|root2iris has 30 seconds left.
|inactive|Tfam39 has 20 seconds left.
|inactive|Tfam39 has 15 seconds left.
|inactive|Tfam39 has 10 seconds left.
|inactive|Tfam39 has 5 seconds left.
|
|t:|1756235326
|switch|p2a: Oathkeeper|Pelipper, L50, F, shiny|78/100
|-weather|RainDance|[from] ability: Drizzle|[of] p2a: Oathkeeper
|move|p1a: Lilligant|Sleep Powder|p2b: Mikael Mouse
|-status|p2b: Mikael Mouse|slp|[from] move: Sleep Powder
|move|p1b: Armarouge|Expanding Force|p2a: Oathkeeper
|-damage|p2a: Oathkeeper|0 fnt
|faint|p2a: Oathkeeper
|-damage|p1b: Armarouge|91/100|[from] item: Life Orb
|cant|p2b: Mikael Mouse|slp
|
|-weather|RainDance|[upkeep]
|upkeep
|
|t:|1756235335
|switch|p2a: RC|Incineroar, L50, F|44/100
|-ability|p2a: RC|Intimidate|boost
|-unboost|p1a: Lilligant|atk|1
|-unboost|p1b: Armarouge|atk|1
|turn|8
|
|t:|1756235358
|move|p2a: RC|Fake Out|p1a: Lilligant
|-damage|p1a: Lilligant|84/100
|cant|p1a: Lilligant|flinch
|move|p1b: Armarouge|Armor Cannon|p2b: Mikael Mouse
|-damage|p2b: Mikael Mouse|62/100 slp
|-unboost|p1b: Armarouge|def|1
|-unboost|p1b: Armarouge|spd|1
|-damage|p1b: Armarouge|81/100|[from] item: Life Orb
|cant|p2b: Mikael Mouse|slp
|
|-weather|RainDance|[upkeep]
|upkeep
|turn|9
|inactive|root2iris has 30 seconds left.
|
|t:|1756235391
|switch|p1b: Torkoal|Torkoal, L50, M, tera:Fire|100/100
|-weather|SunnyDay|[from] ability: Drought|[of] p1b: Torkoal
|switch|p2b: Air Combo++|Baxcalibur, L50, F|100/100
|move|p1a: Lilligant|Close Combat|p2a: RC
|-supereffective|p2a: RC
|-damage|p2a: RC|0 fnt
|-unboost|p1a: Lilligant|def|1
|-unboost|p1a: Lilligant|spd|1
|faint|p2a: RC
|
|-weather|SunnyDay|[upkeep]
|upkeep
|
|t:|1756235399
|switch|p2a: Mikael Mouse|Amoonguss, L50, F, tera:Fairy|95/100 slp
|turn|10
|
|t:|1756235414
|move|p2b: Air Combo++|Protect|p2b: Air Combo++
|-singleturn|p2b: Air Combo++|Protect
|move|p1a: Lilligant|Sleep Powder|p2b: Air Combo++
|-activate|p2b: Air Combo++|move: Protect
|-curestatus|p2a: Mikael Mouse|slp|[msg]
|move|p2a: Mikael Mouse|Spore|p1b: Torkoal
|-status|p1b: Torkoal|slp|[from] move: Spore
|cant|p1b: Torkoal|slp
|
|-weather|SunnyDay|[upkeep]
|upkeep
|turn|11
|inactive|root2iris has 30 seconds left.
|
|t:|1756235439
|move|p2b: Air Combo++|Protect||[still]
|-fail|p2b: Air Combo++
|move|p1a: Lilligant|Sleep Powder|p2b: Air Combo++
|-status|p2b: Air Combo++|slp|[from] move: Sleep Powder
|move|p2a: Mikael Mouse|Pollen Puff|p1a: Lilligant
|-damage|p1a: Lilligant|42/100
|cant|p1b: Torkoal|slp
|
|-weather|SunnyDay|[upkeep]
|upkeep
|turn|12
|
|t:|1756235460
|move|p1a: Lilligant|Close Combat|p2b: Air Combo++
|-supereffective|p2b: Air Combo++
|-damage|p2b: Air Combo++|29/100 slp
|-unboost|p1a: Lilligant|def|1
|-unboost|p1a: Lilligant|spd|1
|cant|p2b: Air Combo++|slp
|move|p2a: Mikael Mouse|Pollen Puff|p1a: Lilligant
|-damage|p1a: Lilligant|0 fnt
|faint|p1a: Lilligant
|-curestatus|p1b: Torkoal|slp|[msg]
|move|p1b: Torkoal|Eruption|p2a: Mikael Mouse|[spread] p2a,p2b
|-damage|p2a: Mikael Mouse|9/100
|-damage|p2b: Air Combo++|0 fnt
|faint|p2b: Air Combo++
|
|-weather|SunnyDay|[upkeep]
|upkeep
|
|t:|1756235470
|switch|p1a: Armarouge|Armarouge, L50, F|81/100
|turn|13
|-message|root2iris forfeited.
|
|win|Tfam39
||root2iris is ready for game 2.
||Tfam39 is ready for game 2.
|uhtml|next|Next: Game 2 of 3
|l|☆Tfam39
|player|p1|
