|j|☆godoftoasty
|j|☆The RU Agenda
|html|godoftoastyThe RU Agenda    
|uhtml|bestof|Game 2 of a best-of-3
|t:|1784238115
|gametype|doubles
|player|p1|godoftoasty|170|1255
|player|p2|The RU Agenda|169|1357
|gen|9
|tier|[Gen 9 Champions] VGC 2026 Reg M-B (Bo3)
|rated|
|rule|Species Clause: Limit one of each Pokémon
|rule|Item Clause: Limit 1 of each item
|clearpoke
|poke|p1|Gengar, L50, F, shiny|
|poke|p1|Incineroar, L50, M|
|poke|p1|Garchomp, L50, M|
|poke|p1|Rotom-Wash, L50, shiny|
|poke|p1|Ninetales-Alola, L50, M|
|poke|p1|Grimmsnarl, L50, M, shiny|
|poke|p2|Chesnaught, L50, M|
|poke|p2|Basculegion, L50, M|
|poke|p2|Arcanine-Hisui, L50, M|
|poke|p2|Froslass, L50, F|
|poke|p2|Farigiraf, L50, M|
|poke|p2|Kingambit, L50, F|
|teampreview|4
|showteam|p1|Gengar||Gengarite|CursedBody|ShadowBall,SludgeBomb,PerishSong,Protect|Timid||F|||50|]Incineroar||SitrusBerry|Intimidate|FakeOut,PartingShot,Protect,FlareBlitz|Impish||M|||50|]Garchomp||LifeOrb|RoughSkin|ScaleShot,StompingTantrum,RockSlide,Protect|Jolly||M|||50|]Rotom-Wash||Leftovers|Levitate|HydroPump,VoltSwitch,WillOWisp,Protect|Bold|||||50|]Ninetales-Alola||FocusSash|SnowWarning|Blizzard,Encore,Disable,Protect|Timid||M|||50|]Grimmsnarl||LightClay|Prankster|FakeOut,PartingShot,Reflect,SuckerPunch|Careful||M|||50|
|showteam|p2|Chesnaught||Leftovers|Bulletproof|BodyPress,IronDefense,SpikyShield,WideGuard|Impish||M|||50|]Basculegion||ChoiceScarf|Adaptability|WaveCrash,LastRespects,FlipTurn,AquaJet|Jolly||M|||50|]Arcanine-Hisui||FocusSash|RockHead|HeadSmash,FlareBlitz,ExtremeSpeed,Protect|Jolly||M|||50|]Froslass||Froslassite|SnowCloak|Blizzard,ShadowBall,AuroraVeil,Protect|Timid||F|||50|]Farigiraf||SitrusBerry|ArmorTail|HelpingHand,Psychic,Thunderbolt,TrickRoom|Relaxed||M|||50|]Kingambit||ExpertBelt|Defiant|KowtowCleave,SuckerPunch,LowKick,Protect|Adamant||F|||50|
|
|t:|1784238140
|teamsize|p1|4
|teamsize|p2|4
|start
|switch|p1a: Grimmsnarl|Grimmsnarl, L50, M, shiny|100/100
|switch|p1b: Gengar|Gengar, L50, F, shiny|100/100
|switch|p2a: Basculegion|Basculegion, L50, M|100/100
|switch|p2b: Kingambit|Kingambit, L50, F|100/100
|turn|1
|
|t:|1784238161
|detailschange|p1b: Gengar|Gengar-Mega, L50, F, shiny
|-mega|p1b: Gengar|Gengar|Gengarite
|move|p1b: Gengar|Protect|p1b: Gengar
|-singleturn|p1b: Gengar|Protect
|move|p1a: Grimmsnarl|Sucker Punch|p2a: Basculegion
|-supereffective|p2a: Basculegion|1
|-damage|p2a: Basculegion|34/100
|move|p2a: Basculegion|Flip Turn|p1b: Gengar
|-activate|p1b: Gengar|move: Protect
|move|p2b: Kingambit|Kowtow Cleave|p1b: Gengar
|-activate|p1b: Gengar|move: Protect
|
|upkeep
|turn|2
|
|t:|1784238174
|switch|p2a: Chesnaught|Chesnaught, L50, M|100/100
|switch|p1b: Rotom|Rotom-Wash, L50, shiny|100/100
|move|p1a: Grimmsnarl|Sucker Punch||[still]
|-fail|p1a: Grimmsnarl
|move|p2b: Kingambit|Kowtow Cleave|p1b: Rotom
|-damage|p1b: Rotom|55/100
|
|-heal|p1b: Rotom|61/100|[from] item: Leftovers
|upkeep
|turn|3
|
|t:|1784238184
|move|p1a: Grimmsnarl|Reflect|p1a: Grimmsnarl
|-sidestart|p1: godoftoasty|Reflect
|move|p1b: Rotom|Will-O-Wisp|p2a: Chesnaught
|-status|p2a: Chesnaught|brn
|move|p2a: Chesnaught|Iron Defense|p2a: Chesnaught
|-boost|p2a: Chesnaught|def|2
|move|p2b: Kingambit|Kowtow Cleave|p1b: Rotom
|-damage|p1b: Rotom|31/100
|
|-heal|p1b: Rotom|37/100|[from] item: Leftovers
|-damage|p2a: Chesnaught|93/100 brn|[from] brn
|upkeep
|turn|4
|
|t:|1784238206
|switch|p1a: Garchomp|Garchomp, L50, M|100/100
|move|p1b: Rotom|Protect|p1b: Rotom
|-singleturn|p1b: Rotom|Protect
|move|p2b: Kingambit|Protect|p2b: Kingambit
|-singleturn|p2b: Kingambit|Protect
|move|p2a: Chesnaught|Iron Defense|p2a: Chesnaught
|-boost|p2a: Chesnaught|def|2
|
|-heal|p1b: Rotom|43/100|[from] item: Leftovers
|-heal|p2a: Chesnaught|100/100 brn|[from] item: Leftovers
|-damage|p2a: Chesnaught|93/100 brn|[from] brn
|upkeep
|turn|5
|
|t:|1784238223
|switch|p2b: Basculegion|Basculegion, L50, M|34/100
|move|p1a: Garchomp|Stomping Tantrum|p2b: Basculegion
|-damage|p2b: Basculegion|0 fnt
|faint|p2b: Basculegion
|-damage|p1a: Garchomp|90/100|[from] item: Life Orb
|move|p1b: Rotom|Will-O-Wisp|p2a: Chesnaught
|-fail|p2a: Chesnaught|brn
|move|p2a: Chesnaught|Body Press|p1b: Rotom
|-damage|p1b: Rotom|5/100
|
|-heal|p1b: Rotom|10/100|[from] item: Leftovers
|-heal|p2a: Chesnaught|100/100 brn|[from] item: Leftovers
|-damage|p2a: Chesnaught|93/100 brn|[from] brn
|upkeep
|
|t:|1784238233
|switch|p2b: Froslass|Froslass, L50, F|100/100
|turn|6
|
|t:|1784238242
|switch|p1a: Grimmsnarl|Grimmsnarl, L50, M, shiny|100/100
|detailschange|p2b: Froslass|Froslass-Mega, L50, F
|-mega|p2b: Froslass|Froslass|Froslassite
|-weather|Snowscape|[from] ability: Snow Warning|[of] p2b: Froslass
|move|p1b: Rotom|Protect|p1b: Rotom
|-singleturn|p1b: Rotom|Protect
|move|p2b: Froslass|Blizzard|p1a: Grimmsnarl|[spread] p1a
|-activate|p1b: Rotom|move: Protect
|-damage|p1a: Grimmsnarl|62/100
|-status|p1a: Grimmsnarl|frz
|move|p2a: Chesnaught|Iron Defense|p2a: Chesnaught
|-boost|p2a: Chesnaught|def|2
|
|-weather|Snowscape|[upkeep]
|-heal|p1b: Rotom|16/100|[from] item: Leftovers
|-heal|p2a: Chesnaught|100/100 brn|[from] item: Leftovers
|-damage|p2a: Chesnaught|93/100 brn|[from] brn
|upkeep
|turn|7
|
|t:|1784238252
|cant|p1a: Grimmsnarl|frz
|move|p2b: Froslass|Blizzard|p1b: Rotom|[spread] p1a,p1b
|-resisted|p1b: Rotom|1
|-damage|p1a: Grimmsnarl|28/100 frz
|-damage|p1b: Rotom|0 fnt
|faint|p1b: Rotom
|move|p2a: Chesnaught|Body Press|p1a: Grimmsnarl
|-damage|p1a: Grimmsnarl|0 fnt
|faint|p1a: Grimmsnarl
|
|-weather|Snowscape|[upkeep]
|-heal|p2a: Chesnaught|100/100 brn|[from] item: Leftovers
|-damage|p2a: Chesnaught|93/100 brn|[from] brn
|upkeep
|
|t:|1784238255
|switch|p1b: Garchomp|Garchomp, L50, M|90/100
|switch|p1a: Gengar|Gengar-Mega, L50, F, shiny|100/100
|turn|8
|
|t:|1784238265
|move|p1b: Garchomp|Protect|p1b: Garchomp
|-singleturn|p1b: Garchomp|Protect
|move|p1a: Gengar|Shadow Ball|p2b: Froslass
|-supereffective|p2b: Froslass|1
|-damage|p2b: Froslass|0 fnt
|faint|p2b: Froslass
|move|p2a: Chesnaught|Body Press|p1b: Garchomp
|-activate|p1b: Garchomp|move: Protect
|
|-weather|Snowscape|[upkeep]
|-heal|p2a: Chesnaught|100/100 brn|[from] item: Leftovers
|-damage|p2a: Chesnaught|93/100 brn|[from] brn
|upkeep
|
|t:|1784238270
|switch|p2b: Kingambit|Kingambit, L50, F|100/100
|turn|9
|
|t:|1784238282
|move|p2b: Kingambit|Protect|p2b: Kingambit
|-singleturn|p2b: Kingambit|Protect
|move|p1a: Gengar|Shadow Ball|p2b: Kingambit
|-activate|p2b: Kingambit|move: Protect
|move|p1b: Garchomp|Stomping Tantrum|p2b: Kingambit
|-activate|p2b: Kingambit|move: Protect
|move|p2a: Chesnaught|Body Press|p1b: Garchomp
|-damage|p1b: Garchomp|37/100
|-damage|p2a: Chesnaught|81/100 brn|[from] ability: Rough Skin|[of] p1b: Garchomp
|
|-weather|Snowscape|[upkeep]
|-heal|p2a: Chesnaught|87/100 brn|[from] item: Leftovers
|-damage|p2a: Chesnaught|81/100 brn|[from] brn
|upkeep
|turn|10
|
|t:|1784238296
|move|p1b: Garchomp|Protect|p1b: Garchomp
|-singleturn|p1b: Garchomp|Protect
|move|p2b: Kingambit|Sucker Punch||[still]
|-fail|p2b: Kingambit
|move|p1a: Gengar|Shadow Ball|p2b: Kingambit
|-resisted|p2b: Kingambit|1
|-damage|p2b: Kingambit|78/100
|move|p2a: Chesnaught|Body Press|p1b: Garchomp
|-activate|p1b: Garchomp|move: Protect
|
|-weather|none
|-heal|p2a: Chesnaught|87/100 brn|[from] item: Leftovers
|-damage|p2a: Chesnaught|81/100 brn|[from] brn
|-sideend|p1: godoftoasty|Reflect
|upkeep
|turn|11
|
|t:|1784238311
|move|p2b: Kingambit|Sucker Punch|p1b: Garchomp
|-damage|p1b: Garchomp|0 fnt
|-damage|p2b: Kingambit|66/100|[from] ability: Rough Skin|[of] p1b: Garchomp
|faint|p1b: Garchomp
|move|p1a: Gengar|Shadow Ball|p2b: Kingambit
|-resisted|p2b: Kingambit|1
|-damage|p2b: Kingambit|45/100
|move|p2a: Chesnaught|Body Press|p1a: Gengar
|-immune|p1a: Gengar
|
|-heal|p2a: Chesnaught|87/100 brn|[from] item: Leftovers
|-damage|p2a: Chesnaught|81/100 brn|[from] brn
|upkeep
|turn|12
|
|t:|1784238330
|move|p2b: Kingambit|Sucker Punch|p1a: Gengar
|-supereffective|p1a: Gengar|1
|-crit|p1a: Gengar
|-damage|p1a: Gengar|0 fnt
|faint|p1a: Gengar
|
|win|The RU Agenda
|raw|godoftoasty's rating: 1255 → 1237(-18 for losing)
|raw|The RU Agenda's rating: 1357 → 1371(+14 for winning)
|l|☆godoftoasty
|player|p1|
