|j|☆minhbeoteam
|j|☆SoloSnivy99
|html|minhbeoteamSoloSnivy99    
|uhtml|bestof|Game 2 of a best-of-3
|t:|1782283109
|gametype|doubles
|player|p1|minhbeoteam|266|1055
|player|p2|SoloSnivy99|grimsley|1000
|gen|9
|tier|[Gen 9 Champions] VGC 2026 Reg M-B (Bo3)
|rated|
|rule|Species Clause: Limit one of each Pokémon
|rule|Item Clause: Limit 1 of each item
|clearpoke
|poke|p1|Beedrill, L50, M, shiny|
|poke|p1|Clefable, L50, F|
|poke|p1|Excadrill, L50, M|
|poke|p1|Hippowdon, L50, F|
|poke|p1|Talonflame, L50, F, shiny|
|poke|p1|Sinistcha-Masterpiece, L50|
|poke|p2|Eelektross, L50, M|
|poke|p2|Garchomp, L50, M|
|poke|p2|Whimsicott, L50, M|
|poke|p2|Maushold-Four, L50|
|poke|p2|Sceptile, L50, M|
|poke|p2|Basculegion, L50, M|
|teampreview|4
|showteam|p1|Beedrill||Beedrillite|Sniper|Protect,FellStinger,PoisonJab,DrillRun|Adamant||M|||50|]Clefable||LifeOrb|Unaware|FollowMe,HelpingHand,IcyWind,Moonblast|Modest||F|||50|]Excadrill||Excadrite|SandRush|RockSlide,IronHead,Protect,SwordsDance|Adamant||M|||50|]Hippowdon||PasshoBerry|SandStream|Yawn,Protect,HeavySlam,BodyPress|Impish||F|||50|]Talonflame||SharpBeak|GaleWings|Protect,Tailwind,DualWingbeat,WillOWisp|Jolly||F|||50|]Sinistcha-Masterpiece||Leftovers|Hospitality|MatchaGotcha,StrengthSap,RagePowder,ShadowBall|Modest|||||50|
|showteam|p2|Eelektross||Eelektrossite|Levitate|Discharge,Flamethrower,DragonPulse,Protect|Modest||M|||50|]Garchomp||ChoiceScarf|RoughSkin|RockSlide,PoisonJab,DragonTail,Earthquake|Adamant||M|||50|]Whimsicott||FocusSash|Prankster|Moonblast,Encore,Tailwind,Protect|Timid||M|||50|]Maushold-Four||ChopleBerry|FriendGuard|FollowMe,Encore,Feint,Protect|Jolly|||||50|]Sceptile||Sceptilite|Overgrow|DragonPulse,EarthPower,EnergyBall,Protect|Timid||M|||50|]Basculegion||LifeOrb|Adaptability|Protect,WaveCrash,AquaJet,LastRespects|Jolly||M|||50|
|
|t:|1782283147
|teamsize|p1|4
|teamsize|p2|4
|start
|switch|p1a: Talonflame|Talonflame, L50, F, shiny|100/100
|switch|p1b: Excadrill|Excadrill, L50, M|100/100
|switch|p2a: Basculegion|Basculegion, L50, M|100/100
|switch|p2b: Garchomp|Garchomp, L50, M|100/100
|turn|1
|
|t:|1782283165
|detailschange|p1b: Excadrill|Excadrill-Mega, L50, M
|-mega|p1b: Excadrill|Excadrill|Excadrite
|move|p1a: Talonflame|Tailwind|p1a: Talonflame
|-sidestart|p1: minhbeoteam|move: Tailwind
|move|p2a: Basculegion|Aqua Jet|p1b: Excadrill
|-supereffective|p1b: Excadrill|1
|-damage|p1b: Excadrill|39/100
|-damage|p2a: Basculegion|90/100|[from] item: Life Orb
|move|p1b: Excadrill|Rock Slide|p2a: Basculegion|[spread] p2a,p2b
|-resisted|p2b: Garchomp|1
|-damage|p2a: Basculegion|56/100
|-damage|p2b: Garchomp|88/100
|cant|p2b: Garchomp|flinch
|
|upkeep
|turn|2
|
|t:|1782283189
|switch|p1a: Sinistcha|Sinistcha-Masterpiece, L50|100/100
|-heal|p1b: Excadrill|63/100|[from] ability: Hospitality|[of] p1a: Sinistcha
|move|p1b: Excadrill|Protect|p1b: Excadrill
|-singleturn|p1b: Excadrill|Protect
|move|p2a: Basculegion|Aqua Jet|p1b: Excadrill
|-activate|p1b: Excadrill|move: Protect
|move|p2b: Garchomp|Rock Slide|p1a: Sinistcha|[spread] p1a
|-activate|p1b: Excadrill|move: Protect
|-damage|p1a: Sinistcha|79/100
|
|-heal|p1a: Sinistcha|85/100|[from] item: Leftovers
|upkeep
|turn|3
|
|t:|1782283220
|switch|p1b: Clefable|Clefable, L50, F|100/100
|switch|p2a: Eelektross|Eelektross, L50, M|100/100
|move|p1a: Sinistcha|Rage Powder|p1a: Sinistcha
|-singleturn|p1a: Sinistcha|move: Rage Powder
|move|p2b: Garchomp|Rock Slide|p1a: Sinistcha|[spread] p1a,p1b
|-damage|p1a: Sinistcha|64/100
|-damage|p1b: Clefable|76/100
|
|-heal|p1a: Sinistcha|70/100|[from] item: Leftovers
|upkeep
|turn|4
|
|t:|1782283256
|switch|p2b: Sceptile|Sceptile, L50, M|100/100
|move|p1a: Sinistcha|Matcha Gotcha|p2a: Eelektross|[spread] p2a,p2b
|-resisted|p2b: Sceptile|1
|-damage|p2a: Eelektross|62/100
|-heal|p1a: Sinistcha|89/100|[from] drain|[of] p2a: Eelektross
|-damage|p2b: Sceptile|75/100
|-heal|p1a: Sinistcha|100/100|[from] drain|[of] p2b: Sceptile
|-status|p2a: Eelektross|brn
|move|p1b: Clefable|Icy Wind|p2b: Sceptile|[spread] p2a,p2b
|-supereffective|p2b: Sceptile|1
|-damage|p2a: Eelektross|42/100 brn
|-damage|p2b: Sceptile|33/100
|-unboost|p2a: Eelektross|spe|1
|-unboost|p2b: Sceptile|spe|1
|-damage|p1b: Clefable|66/100|[from] item: Life Orb
|move|p2a: Eelektross|Flamethrower|p1a: Sinistcha
|-supereffective|p1a: Sinistcha|1
|-damage|p1a: Sinistcha|33/100
|
|-heal|p1a: Sinistcha|39/100|[from] item: Leftovers
|-damage|p2a: Eelektross|36/100 brn|[from] brn
|-sideend|p1: minhbeoteam|move: Tailwind
|upkeep
|turn|5
|
|t:|1782283303
|switch|p1a: Talonflame|Talonflame, L50, F, shiny|100/100
|detailschange|p2b: Sceptile|Sceptile-Mega, L50, M
|-mega|p2b: Sceptile|Sceptile|Sceptilite
|move|p2b: Sceptile|Energy Ball|p1b: Clefable
|-damage|p1b: Clefable|15/100
|-unboost|p1b: Clefable|spd|1
|move|p1b: Clefable|Icy Wind|p2a: Eelektross|[spread] p2a,p2b
|-supereffective|p2b: Sceptile|2
|-damage|p2a: Eelektross|17/100 brn
|-damage|p2b: Sceptile|0 fnt
|-unboost|p2a: Eelektross|spe|1
|faint|p2b: Sceptile
|-damage|p1b: Clefable|5/100|[from] item: Life Orb
|move|p2a: Eelektross|Discharge|p1a: Talonflame|[spread] p1a,p1b
|-supereffective|p1a: Talonflame|1
|-damage|p1a: Talonflame|18/100
|-damage|p1b: Clefable|0 fnt
|faint|p1b: Clefable
|
|-damage|p2a: Eelektross|11/100 brn|[from] brn
|upkeep
|
|t:|1782283323
|switch|p2b: Garchomp|Garchomp, L50, M|88/100
|switch|p1b: Sinistcha|Sinistcha-Masterpiece, L50|39/100
|-heal|p1a: Talonflame|43/100|[from] ability: Hospitality|[of] p1b: Sinistcha
|turn|6
|
|t:|1782283338
|move|p1a: Talonflame|Tailwind|p1a: Talonflame
|-sidestart|p1: minhbeoteam|move: Tailwind
|move|p1b: Sinistcha|Strength Sap|p2b: Garchomp
|-unboost|p2b: Garchomp|atk|1
|-heal|p1b: Sinistcha|100/100
|move|p2a: Eelektross|Discharge|p1b: Sinistcha|[spread] p1a,p1b
|-immune|p2b: Garchomp
|-supereffective|p1a: Talonflame|1
|-resisted|p1b: Sinistcha|1
|-damage|p1a: Talonflame|0 fnt
|-damage|p1b: Sinistcha|81/100
|faint|p1a: Talonflame
|move|p2b: Garchomp|Dragon Tail|p1b: Sinistcha
|-damage|p1b: Sinistcha|58/100
|drag|p1b: Excadrill|Excadrill-Mega, L50, M|63/100
|
|-damage|p2a: Eelektross|5/100 brn|[from] brn
|upkeep
|
|t:|1782283353
|switch|p1a: Sinistcha|Sinistcha-Masterpiece, L50|58/100
|-heal|p1b: Excadrill|88/100|[from] ability: Hospitality|[of] p1a: Sinistcha
|turn|7
|
|t:|1782283385
|move|p1b: Excadrill|Protect|p1b: Excadrill
|-singleturn|p1b: Excadrill|Protect
|move|p1a: Sinistcha|Matcha Gotcha|p2b: Garchomp|[spread] p2a,p2b
|-damage|p2a: Eelektross|0 fnt
|-heal|p1a: Sinistcha|62/100|[from] drain|[of] p2a: Eelektross
|-damage|p2b: Garchomp|54/100
|-heal|p1a: Sinistcha|80/100|[from] drain|[of] p2b: Garchomp
|faint|p2a: Eelektross
|move|p2b: Garchomp|Dragon Tail|p1a: Sinistcha
|-damage|p1a: Sinistcha|58/100
|
|-heal|p1a: Sinistcha|64/100|[from] item: Leftovers
|upkeep
|
|t:|1782283398
|switch|p2a: Basculegion|Basculegion, L50, M|56/100
|turn|8
|
|t:|1782283430
|move|p1a: Sinistcha|Rage Powder|p1a: Sinistcha
|-singleturn|p1a: Sinistcha|move: Rage Powder
|move|p1b: Excadrill|Rock Slide|p2b: Garchomp|[spread] p2a,p2b
|-resisted|p2b: Garchomp|1
|-damage|p2a: Basculegion|21/100
|-damage|p2b: Garchomp|41/100
|move|p2a: Basculegion|Last Respects|p1a: Sinistcha
|-supereffective|p1a: Sinistcha|1
|-damage|p1a: Sinistcha|0 fnt
|faint|p1a: Sinistcha
|-damage|p2a: Basculegion|12/100|[from] item: Life Orb
|move|p2b: Garchomp|Dragon Tail|p1b: Excadrill
|-resisted|p1b: Excadrill|1
|-damage|p1b: Excadrill|76/100
|
|upkeep
|turn|9
|
|t:|1782283447
|move|p2a: Basculegion|Aqua Jet|p1b: Excadrill
|-supereffective|p1b: Excadrill|1
|-damage|p1b: Excadrill|6/100
|-damage|p2a: Basculegion|2/100|[from] item: Life Orb
|move|p1b: Excadrill|Rock Slide|p2a: Basculegion|[spread] p2a,p2b
|-resisted|p2b: Garchomp|1
|-damage|p2a: Basculegion|0 fnt
|-damage|p2b: Garchomp|28/100
|faint|p2a: Basculegion
|move|p2b: Garchomp|Dragon Tail|p1b: Excadrill
|-resisted|p1b: Excadrill|1
|-damage|p1b: Excadrill|0 fnt
|faint|p1b: Excadrill
|
|win|SoloSnivy99
|raw|minhbeoteam's rating: 1055 → 1034(-21 for losing)
|raw|SoloSnivy99's rating: 1000 → 1046(+46 for winning)
