|j|☆clare_chan1738
|j|☆budster16
|html|clare_chan1738budster16    
|uhtml|bestof|Game 2 of a best-of-3
|t:|1783447104
|gametype|doubles
|player|p1|clare_chan1738|dawn-gen4pt|
|player|p2|budster16|silver|
|gen|9
|tier|[Gen 9 Champions] VGC 2026 Reg M-B (Bo3)
|rule|Species Clause: Limit one of each Pokémon
|rule|Item Clause: Limit 1 of each item
|clearpoke
|poke|p1|Aerodactyl, L50, M|
|poke|p1|Decidueye-Hisui, L50, M|
|poke|p1|Sneasler, L50, M, shiny|
|poke|p1|Volcarona, L50, M|
|poke|p1|Hatterene, L50, F|
|poke|p1|Banette, L50, F, shiny|
|poke|p2|Conkeldurr, L50, M|
|poke|p2|Skeledirge, L50, M|
|poke|p2|Leafeon, L50, F|
|poke|p2|Barbaracle, L50, M|
|poke|p2|Infernape, L50, F|
|poke|p2|Pyroar, L50, F|
|teampreview|4
|showteam|p1|Aerodactyl||Aerodactylite|Unnerve|DualWingbeat,RockSlide,Tailwind,Protect|Jolly||M|||50|]Decidueye-Hisui||ScopeLens|Scrappy|TripleArrows,LeafBlade,SuckerPunch,Protect|Jolly||M|||50|]Sneasler||WhiteHerb|Unburden|FakeOut,DireClaw,CloseCombat,Protect|Adamant||M|||50|]Volcarona||FocusSash|FlameBody|QuiverDance,FieryDance,BugBuzz,Protect|Timid||M|||50|]Hatterene||QuickClaw|MagicBounce|Psychic,DazzlingGleam,ShadowBall,Protect|Modest||F|||50|]Banette||Banettite|CursedBody|DestinyBond,Encore,Disable,Poltergeist|Adamant||F|||50|
|showteam|p2|Conkeldurr||LifeOrb|SheerForce|CloseCombat,RockSlide,IcePunch,MachPunch|Adamant||M|||50|]Skeledirge||Leftovers|Unaware|TorchSong,ShadowBall,SlackOff,Protect|Modest||M|||50|]Leafeon||MiracleSeed|Chlorophyll|SolarBlade,SwordsDance,SunnyDay,KnockOff|Adamant||F|||50|]Barbaracle||Barbaracite|ToughClaws|RockSlide,CloseCombat,ShellSmash,Protect|Adamant||M|||50|]Infernape||FocusSash|Blaze|FakeOut,FlareBlitz,CloseCombat,SunnyDay|Jolly||F|||50|]Pyroar||Pyroarite|Unnerve|HeatWave,Overheat,ScorchingSands,Protect|Timid||F|||50|
|j| InfiniKnight
|j| ChocoHammy
|
|t:|1783447134
|teamsize|p1|4
|teamsize|p2|4
|start
|switch|p1a: Sneasler|Sneasler, L50, M, shiny|100/100
|switch|p1b: Rock Immune|Volcarona, L50, M|100/100
|switch|p2a: Conk|Conkeldurr, L50, M|100/100
|switch|p2b: Conk's FO User|Infernape, L50, F|100/100
|turn|1
|c| InfiniKnight|tyler u better noy be waiting cause u getting da recordings
|
|t:|1783447187
|move|p2b: Conk's FO User|Fake Out|p1b: Rock Immune
|-damage|p1b: Rock Immune|79/100
|move|p1a: Sneasler|Fake Out|p2a: Conk
|-damage|p2a: Conk|87/100
|cant|p1b: Rock Immune|flinch
|cant|p2a: Conk|flinch
|
|upkeep
|turn|2
|
|t:|1783447210
|move|p2b: Conk's FO User|Flare Blitz|p1a: Sneasler
|-damage|p1a: Sneasler|13/100
|-damage|p2b: Conk's FO User|70/100|[from] Recoil
|move|p1a: Sneasler|Close Combat|p2a: Conk
|-damage|p2a: Conk|27/100
|-unboost|p1a: Sneasler|def|1
|-unboost|p1a: Sneasler|spd|1
|-enditem|p1a: Sneasler|White Herb
|-clearnegativeboost|p1a: Sneasler|[silent]
|move|p1b: Rock Immune|Quiver Dance|p1b: Rock Immune
|-boost|p1b: Rock Immune|spa|1
|-boost|p1b: Rock Immune|spd|1
|-boost|p1b: Rock Immune|spe|1
|move|p2a: Conk|Rock Slide|p1a: Sneasler|[spread] p1a,p1b
|-resisted|p1a: Sneasler|1
|-supereffective|p1b: Rock Immune|2
|-crit|p1b: Rock Immune
|-damage|p1a: Sneasler|0 fnt
|-damage|p1b: Rock Immune|0 fnt
|faint|p1a: Sneasler
|faint|p1b: Rock Immune
|
|upkeep
|
|t:|1783447228
|switch|p1a: Aerodactyl|Aerodactyl, L50, M|100/100
|switch|p1b: Banette|Banette, L50, F, shiny|100/100
|-ability|p1a: Aerodactyl|Unnerve
|turn|3
|
|t:|1783447263
|move|p1a: Aerodactyl|Rock Slide|p2b: Conk's FO User|[spread] p2a,p2b
|-resisted|p2a: Conk|1
|-damage|p2a: Conk|18/100
|-damage|p2b: Conk's FO User|33/100
|move|p2b: Conk's FO User|Sunny Day|p2b: Conk's FO User
|-weather|SunnyDay
|move|p1b: Banette|Poltergeist|p2a: Conk
|-activate|p2a: Conk|move: Poltergeist|Life Orb
|-damage|p2a: Conk|0 fnt
|faint|p2a: Conk
|
|-weather|SunnyDay|[upkeep]
|upkeep
|
|t:|1783447280
|switch|p2a: Conk's Civic|Skeledirge, L50, M|100/100
|turn|4
|
|t:|1783447294
|detailschange|p1b: Banette|Banette-Mega, L50, F, shiny
|-mega|p1b: Banette|Banette|Banettite
|move|p1b: Banette|Encore|p2b: Conk's FO User
|-start|p2b: Conk's FO User|Encore
|move|p1a: Aerodactyl|Rock Slide|p2a: Conk's Civic|[spread] p2a,p2b
|-supereffective|p2a: Conk's Civic|1
|-damage|p2a: Conk's Civic|59/100
|-damage|p2b: Conk's FO User|0 fnt
|faint|p2b: Conk's FO User
|move|p2a: Conk's Civic|Torch Song|p1a: Aerodactyl
|-resisted|p1a: Aerodactyl|1
|-damage|p1a: Aerodactyl|61/100
|-boost|p2a: Conk's Civic|spa|1
|
|-weather|SunnyDay|[upkeep]
|-heal|p2a: Conk's Civic|65/100|[from] item: Leftovers
|upkeep
|
|t:|1783447310
|switch|p2b: Punc Hands|Barbaracle, L50, M|100/100
|turn|5
|
|t:|1783447336
|detailschange|p2b: Punc Hands|Barbaracle-Mega, L50, M
|-mega|p2b: Punc Hands|Barbaracle|Barbaracite
|move|p1a: Aerodactyl|Rock Slide|p2a: Conk's Civic|[spread] p2a,p2b
|-supereffective|p2a: Conk's Civic|1
|-resisted|p2b: Punc Hands|1
|-damage|p2a: Conk's Civic|27/100
|-damage|p2b: Punc Hands|89/100
|move|p1b: Banette|Poltergeist|p2a: Conk's Civic
|-activate|p2a: Conk's Civic|move: Poltergeist|Leftovers
|-supereffective|p2a: Conk's Civic|1
|-damage|p2a: Conk's Civic|0 fnt
|faint|p2a: Conk's Civic
|cant|p2b: Punc Hands|flinch
|
|-weather|SunnyDay|[upkeep]
|upkeep
|turn|6
|c| InfiniKnight|omg the flinch D:
|c| ChocoHammy|Holy Rock Slides
|
|t:|1783447367
|move|p1b: Banette|Destiny Bond|p1b: Banette
|-singlemove|p1b: Banette|Destiny Bond
|move|p1a: Aerodactyl|Dual Wingbeat|p2b: Punc Hands
|-damage|p2b: Punc Hands|75/100
|-damage|p2b: Punc Hands|60/100
|-hitcount|p2b: Punc Hands|2
|move|p2b: Punc Hands|Rock Slide|p1a: Aerodactyl|[spread] p1a,p1b
|-supereffective|p1a: Aerodactyl|1
|-damage|p1a: Aerodactyl|0 fnt
|-damage|p1b: Banette|50/100g
|faint|p1a: Aerodactyl
|
|-weather|SunnyDay|[upkeep]
|upkeep
|turn|7
|
|t:|1783447394
|move|p1b: Banette|Encore|p2b: Punc Hands
|-start|p2b: Punc Hands|Encore
|move|p2b: Punc Hands|Rock Slide|p1b: Banette
|-damage|p1b: Banette|0 fnt
|faint|p1b: Banette
|
|win|budster16
||clare_chan1738 is ready for game 3.
