|j|☆Uuuuhh fhjjhjj
|j|☆Govek314
|html|Uuuuhh fhjjhjjGovek314    
|uhtml|bestof|Game 2 of a best-of-3
|t:|1784809835
|gametype|doubles
|player|p1|Uuuuhh fhjjhjj|101|1000
|player|p2|Govek314|169|1000
|gen|9
|tier|[Gen 9 Champions] VGC 2026 Reg M-B (Bo3)
|rated|
|rule|Species Clause: Limit one of each Pokémon
|rule|Item Clause: Limit 1 of each item
|clearpoke
|poke|p1|Rotom-Heat, L50|
|poke|p1|Ninetales-Alola, L50, F|
|poke|p1|Politoed, L50, F|
|poke|p1|Annihilape, L50, F|
|poke|p1|Scovillain, L50, M|
|poke|p1|Sableye, L50, M|
|poke|p2|Tyranitar, L50, F|
|poke|p2|Excadrill, L50, F|
|poke|p2|Milotic, L50, M|
|poke|p2|Sinistcha, L50|
|poke|p2|Staraptor, L50, M|
|poke|p2|Gholdengo, L50|
|teampreview|4
|showteam|p1|Rotom-Heat||FocusSash|Levitate|NastyPlot,Thunder,Overheat,VoltSwitch|Timid|||||50|]Ninetales-Alola||LightClay|SnowWarning|Blizzard,FreezeDry,AuroraVeil,DazzlingGleam|Modest||F|||50|]Politoed||MysticWater|Drizzle|Protect,Haze,WeatherBall,MuddyWater|Bold||F|||50|]Annihilape||ChoiceScarf|Defiant|ShadowClaw,PoisonJab,CloseCombat,BrickBreak|Adamant||F|||50|]Scovillain||Scovillainite|Moody|GigaDrain,RagePowder,Protect,BurningJealousy|Bold||M|||50|]Sableye||Leftovers|Prankster|Encore,LightScreen,Reflect,Snarl|Calm||M|||50|
|showteam|p2|Tyranitar||Tyranitarite|SandStream|KnockOff,RockSlide,HighHorsepower,Protect|Jolly||F|||50|]Excadrill||FocusSash|SandRush|Earthquake,IronHead,RockSlide,Protect|Adamant||F|||50|]Milotic||SitrusBerry|Competitive|Scald,IcyWind,Haze,Protect|Calm||M|||50|]Sinistcha||ColburBerry|Hospitality|MatchaGotcha,ShadowBall,Protect,RagePowder|Bold|||||50|]Staraptor||Staraptite|Intimidate|CloseCombat,BraveBird,Tailwind,Protect|Jolly||M|||50|]Gholdengo||LifeOrb|GoodasGold|MakeItRain,ShadowBall,NastyPlot,Protect|Modest|||||50|
|
|t:|1784809872
|teamsize|p1|4
|teamsize|p2|4
|start
|switch|p1a: Rotom|Rotom-Heat, L50|100/100
|switch|p1b: Politoed|Politoed, L50, F|100/100
|switch|p2a: Milotic|Milotic, L50, M|100/100
|switch|p2b: Gholdengo|Gholdengo, L50|100/100
|-weather|RainDance|[from] ability: Drizzle|[of] p1b: Politoed
|turn|1
|
|t:|1784809922
|switch|p2a: Tyranitar|Tyranitar, L50, F|100/100
|-weather|Sandstorm|[from] ability: Sand Stream|[of] p2a: Tyranitar
|move|p1a: Rotom|Thunder|p2a: Tyranitar|[miss]
|-miss|p1a: Rotom|p2a: Tyranitar
|move|p2b: Gholdengo|Nasty Plot|p2b: Gholdengo
|-boost|p2b: Gholdengo|spa|2
|move|p1b: Politoed|Muddy Water|p2b: Gholdengo|[spread] p2a,p2b
|-supereffective|p2a: Tyranitar|1
|-damage|p2a: Tyranitar|59/100
|-damage|p2b: Gholdengo|69/100
|
|-weather|Sandstorm|[upkeep]
|-damage|p1a: Rotom|94/100|[from] Sandstorm
|-damage|p1b: Politoed|94/100|[from] Sandstorm
|upkeep
|turn|2
|
|t:|1784809953
|switch|p1a: Annihilape|Annihilape, L50, F|100/100
|detailschange|p2a: Tyranitar|Tyranitar-Mega, L50, F
|-mega|p2a: Tyranitar|Tyranitar|Tyranitarite
|move|p2b: Gholdengo|Protect|p2b: Gholdengo
|-singleturn|p2b: Gholdengo|Protect
|move|p2a: Tyranitar|Rock Slide|p1a: Annihilape|[spread] p1a,p1b
|-resisted|p1a: Annihilape|1
|-damage|p1a: Annihilape|81/100
|-damage|p1b: Politoed|62/100
|move|p1b: Politoed|Muddy Water|p2a: Tyranitar|[spread] 
|-activate|p2b: Gholdengo|move: Protect
|-miss|p1b: Politoed|p2a: Tyranitar
|
|-weather|Sandstorm|[upkeep]
|-damage|p1a: Annihilape|75/100|[from] Sandstorm
|-damage|p1b: Politoed|56/100|[from] Sandstorm
|upkeep
|turn|3
|
|t:|1784809981
|move|p2a: Tyranitar|Protect|p2a: Tyranitar
|-singleturn|p2a: Tyranitar|Protect
|move|p1b: Politoed|Protect|p1b: Politoed
|-singleturn|p1b: Politoed|Protect
|move|p1a: Annihilape|Shadow Claw|p2b: Gholdengo
|-supereffective|p2b: Gholdengo|1
|-damage|p2b: Gholdengo|8/100
|move|p2b: Gholdengo|Shadow Ball|p1a: Annihilape
|-supereffective|p1a: Annihilape|1
|-damage|p1a: Annihilape|0 fnt
|faint|p1a: Annihilape
|-damage|p2b: Gholdengo|0 fnt|[from] item: Life Orb
|faint|p2b: Gholdengo
|
|-weather|Sandstorm|[upkeep]
|-damage|p1b: Politoed|50/100g|[from] Sandstorm
|upkeep
|
|t:|1784810000
|switch|p1a: Scovillain|Scovillain, L50, M|100/100
|switch|p2b: Excadrill|Excadrill, L50, F|100/100
|turn|4
|
|t:|1784810017
|switch|p1b: Rotom|Rotom-Heat, L50|94/100
|detailschange|p1a: Scovillain|Scovillain-Mega, L50, M
|-mega|p1a: Scovillain|Scovillain|Scovillainite
|move|p2b: Excadrill|Rock Slide|p1a: Scovillain|[spread] p1a,p1b
|-supereffective|p1a: Scovillain|1
|-supereffective|p1b: Rotom|1
|-damage|p1a: Scovillain|54/100
|-damage|p1b: Rotom|30/100
|-status|p2b: Excadrill|brn|[from] ability: Spicy Spray|[of] p1a: Scovillain
|move|p2a: Tyranitar|Knock Off|p1b: Rotom
|-damage|p1b: Rotom|0 fnt
|-enditem|p1b: Rotom|Focus Sash|[from] move: Knock Off|[of] p2a: Tyranitar
|faint|p1b: Rotom
|move|p1a: Scovillain|Giga Drain|p2a: Tyranitar
|-supereffective|p2a: Tyranitar|1
|-damage|p2a: Tyranitar|20/100y
|-heal|p1a: Scovillain|76/100|[from] drain|[of] p2a: Tyranitar
|
|-weather|Sandstorm|[upkeep]
|-damage|p1a: Scovillain|70/100|[from] Sandstorm
|-damage|p2b: Excadrill|94/100 brn|[from] brn
|upkeep
|
|t:|1784810039
|switch|p1b: Politoed|Politoed, L50, F|50/100g
|-weather|RainDance|[from] ability: Drizzle|[of] p1b: Politoed
|turn|5
|
|t:|1784810058
|move|p2b: Excadrill|Rock Slide|p1a: Scovillain|[spread] p1a,p1b
|-supereffective|p1a: Scovillain|1
|-damage|p1a: Scovillain|46/100
|-damage|p1b: Politoed|40/100
|move|p2a: Tyranitar|Knock Off|p1b: Politoed
|-damage|p1b: Politoed|0 fnt
|-enditem|p1b: Politoed|Mystic Water|[from] move: Knock Off|[of] p2a: Tyranitar
|faint|p1b: Politoed
|move|p1a: Scovillain|Giga Drain|p2a: Tyranitar
|-supereffective|p2a: Tyranitar|1
|-damage|p2a: Tyranitar|0 fnt
|-heal|p1a: Scovillain|58/100|[from] drain|[of] p2a: Tyranitar
|faint|p2a: Tyranitar
|
|-weather|RainDance|[upkeep]
|-damage|p2b: Excadrill|88/100 brn|[from] brn
|upkeep
|
|t:|1784810071
|switch|p2a: Milotic|Milotic, L50, M|100/100
|turn|6
|
|t:|1784810079
|move|p2b: Excadrill|Rock Slide|p1a: Scovillain
|-supereffective|p1a: Scovillain|1
|-damage|p1a: Scovillain|29/100
|move|p2a: Milotic|Scald|p1a: Scovillain
|-damage|p1a: Scovillain|0 fnt
|-status|p2a: Milotic|brn|[from] ability: Spicy Spray|[of] p1a: Scovillain
|faint|p1a: Scovillain
|
|win|Govek314
|raw|Uuuuhh fhjjhjj's rating: 1000 → 1000(+0 for losing)
|raw|Govek314's rating: 1000 → 1040(+40 for winning)
|l|☆Uuuuhh fhjjhjj
|player|p1|
|l|☆Govek314
|player|p2|
|j|☆Govek314
|player|p2|Govek314|169|
