|j|☆KodeBeast0526
|j|☆thisisthetwo
|html|KodeBeast0526thisisthetwo    
|uhtml|bestof|Game 1 of a best-of-3
|t:|1784245391
|gametype|doubles
|player|p1|KodeBeast0526|hiker|1156
|player|p2|thisisthetwo|2|1054
|gen|9
|tier|[Gen 9 Champions] VGC 2026 Reg M-B (Bo3)
|rated|
|rule|Species Clause: Limit one of each Pokémon
|rule|Item Clause: Limit 1 of each item
|clearpoke
|poke|p1|Garchomp, L50, M, shiny|
|poke|p1|Staraptor, L50, M, shiny|
|poke|p1|Whimsicott, L50, F, shiny|
|poke|p1|Sneasler, L50, M, shiny|
|poke|p1|Incineroar, L50, M|
|poke|p1|Grimmsnarl, L50, M, shiny|
|poke|p2|Gengar, L50, F|
|poke|p2|Whimsicott, L50, M|
|poke|p2|Politoed, L50, M|
|poke|p2|Basculegion, L50, M|
|poke|p2|Archaludon, L50, M|
|poke|p2|Dragonite, L50, F|
|teampreview|4
|showteam|p1|Garchomp||LifeOrb|SandVeil|Earthquake,Protect,RockSlide,DragonClaw|Adamant||M|||50|]Staraptor||Staraptite|Intimidate|BraveBird,CloseCombat,Roost,Protect|Jolly||M|||50|]Whimsicott||FocusSash|Prankster|Moonblast,Tailwind,Tickle,FakeTears|Timid||F|||50|]Sneasler||WhiteHerb|Unburden|DireClaw,FakeOut,CloseCombat,Protect|Adamant||M|||50|]Incineroar||Leftovers|Intimidate|FakeOut,DarkestLariat,PartingShot,Taunt|Impish||M|||50|]Grimmsnarl||LightClay|Prankster|LightScreen,Reflect,PartingShot,FoulPlay|Careful||M|||50|
|showteam|p2|Gengar||Gengarite|CursedBody|Protect,PerishSong,SludgeBomb,ShadowBall|Modest||F|||50|]Whimsicott||FocusSash|Prankster|Protect,Tailwind,Encore,Moonblast|Timid||M|||50|]Politoed||SitrusBerry|Drizzle|PerishSong,Protect,Encore,WeatherBall|Calm||M|||50|]Basculegion||LifeOrb|SwiftSwim|WaveCrash,LastRespects,FlipTurn,Protect|Adamant||M|||50|]Archaludon||Leftovers|Stamina|DragonPulse,ElectroShot,FlashCannon,Protect|Modest||M|||50|]Dragonite||Dragoninite|Multiscale|Thunder,Hurricane,Protect,Tailwind|Rash||F|||50|
|inactive|Battle timer is ON: inactive players will automatically lose when time's up. (requested by thisisthetwo)
|inactive|KodeBeast0526 has 60 seconds left.
|inactive|KodeBeast0526 has 30 seconds left.
|
|t:|1784245497
|teamsize|p1|4
|teamsize|p2|4
|start
|switch|p1a: Grimmsnarl|Grimmsnarl, L50, M, shiny|100/100
|switch|p1b: Garchomp|Garchomp, L50, M, shiny|100/100
|switch|p2a: Gengar|Gengar, L50, F|100/100
|switch|p2b: Basculegion|Basculegion, L50, M|100/100
|turn|1
|inactive|thisisthetwo has 30 seconds left.
|inactive|thisisthetwo has 20 seconds left.
|
|t:|1784245532
|move|p2a: Gengar|Protect|p2a: Gengar
|-singleturn|p2a: Gengar|Protect
|move|p1a: Grimmsnarl|Parting Shot|p2b: Basculegion
|-unboost|p2b: Basculegion|atk|1
|-unboost|p2b: Basculegion|spa|1
|
|t:|1784245538
|switch|p1a: Staraptor|Staraptor, L50, M, shiny|100/100|[from] Parting Shot
|-ability|p1a: Staraptor|Intimidate|boost
|-unboost|p2a: Gengar|atk|1
|-unboost|p2b: Basculegion|atk|1
|move|p1b: Garchomp|Earthquake|p2b: Basculegion|[spread] p2b
|-activate|p2a: Gengar|move: Protect
|-immune|p1a: Staraptor
|-damage|p2b: Basculegion|38/100
|-damage|p1b: Garchomp|90/100|[from] item: Life Orb
|move|p2b: Basculegion|Wave Crash|p1b: Garchomp
|-damage|p1b: Garchomp|48/100
|-damage|p2b: Basculegion|26/100|[from] Recoil
|-damage|p2b: Basculegion|16/100|[from] item: Life Orb
|
|upkeep
|turn|2
|inactive|KodeBeast0526 has 30 seconds left.
|inactive|thisisthetwo has 30 seconds left.
|
|t:|1784245569
|switch|p2a: Politoed|Politoed, L50, M|100/100
|-weather|RainDance|[from] ability: Drizzle|[of] p2a: Politoed
|move|p2b: Basculegion|Wave Crash|p1b: Garchomp
|-damage|p1b: Garchomp|0 fnt
|faint|p1b: Garchomp
|-damage|p2b: Basculegion|2/100|[from] Recoil
|-damage|p2b: Basculegion|0 fnt|[from] item: Life Orb
|faint|p2b: Basculegion
|move|p1a: Staraptor|Roost||[still]
|-fail|p1a: Staraptor|heal
|
|-weather|RainDance|[upkeep]
|upkeep
|
|t:|1784245585
|switch|p1b: Whimsicott|Whimsicott, L50, F, shiny|100/100
|switch|p2b: Gengar|Gengar, L50, F|100/100
|turn|3
|inactive|thisisthetwo has 30 seconds left.
|
|t:|1784245615
|switch|p1b: Grimmsnarl|Grimmsnarl, L50, M, shiny|100/100
|detailschange|p1a: Staraptor|Staraptor-Mega, L50, M, shiny
|-mega|p1a: Staraptor|Staraptor|Staraptite
|detailschange|p2b: Gengar|Gengar-Mega, L50, F
|-mega|p2b: Gengar|Gengar|Gengarite
|move|p2b: Gengar|Protect|p2b: Gengar
|-singleturn|p2b: Gengar|Protect
|move|p1a: Staraptor|Brave Bird|p2b: Gengar
|-activate|p2b: Gengar|move: Protect
|move|p2a: Politoed|Perish Song|p2a: Politoed
|-start|p1a: Staraptor|perish3|[silent]
|-start|p1b: Grimmsnarl|perish3|[silent]
|-start|p2a: Politoed|perish3|[silent]
|-start|p2b: Gengar|perish3|[silent]
|-fieldactivate|move: Perish Song
|
|-weather|RainDance|[upkeep]
|-start|p1a: Staraptor|perish3
|-start|p2b: Gengar|perish3
|-start|p2a: Politoed|perish3
|-start|p1b: Grimmsnarl|perish3
|upkeep
|turn|4
|inactive|thisisthetwo has 30 seconds left.
|
|t:|1784245645
|switch|p2a: Whimsicott|Whimsicott, L50, M|100/100
|move|p1b: Grimmsnarl|Parting Shot|p1a: Staraptor
|-boost|p1a: Staraptor|atk|1
|-boost|p1a: Staraptor|spa|1
|
|t:|1784245651
|switch|p1b: Whimsicott|Whimsicott, L50, F, shiny|100/100|[from] Parting Shot
|move|p1a: Staraptor|Brave Bird|p2b: Gengar
|-damage|p2b: Gengar|0 fnt
|faint|p2b: Gengar
|-damage|p1a: Staraptor|68/100|[from] Recoil
|
|-weather|RainDance|[upkeep]
|-start|p1a: Staraptor|perish2
|upkeep
|
|t:|1784245663
|switch|p2b: Politoed|Politoed, L50, M|100/100
|turn|5
|
|t:|1784245685
|move|p2b: Politoed|Protect|p2b: Politoed
|-singleturn|p2b: Politoed|Protect
|move|p1b: Whimsicott|Tailwind|p1b: Whimsicott
|-sidestart|p1: KodeBeast0526|move: Tailwind
|move|p1a: Staraptor|Close Combat|p2b: Politoed
|-activate|p2b: Politoed|move: Protect
|move|p2a: Whimsicott|Moonblast|p1a: Staraptor
|-supereffective|p1a: Staraptor|1
|-damage|p1a: Staraptor|0 fnt
|faint|p1a: Staraptor
|
|-weather|RainDance|[upkeep]
|upkeep
|
|t:|1784245691
|switch|p1a: Grimmsnarl|Grimmsnarl, L50, M, shiny|100/100
|turn|6
|
|t:|1784245708
|move|p2a: Whimsicott|Protect|p2a: Whimsicott
|-singleturn|p2a: Whimsicott|Protect
|move|p1a: Grimmsnarl|Light Screen|p1a: Grimmsnarl
|-sidestart|p1: KodeBeast0526|move: Light Screen
|move|p1b: Whimsicott|Moonblast|p2b: Politoed
|-damage|p2b: Politoed|69/100
|move|p2b: Politoed|Perish Song|p2b: Politoed
|-start|p1a: Grimmsnarl|perish3|[silent]
|-start|p1b: Whimsicott|perish3|[silent]
|-start|p2a: Whimsicott|perish3|[silent]
|-start|p2b: Politoed|perish3|[silent]
|-fieldactivate|move: Perish Song
|
|-weather|none
|-start|p1b: Whimsicott|perish3
|-start|p2a: Whimsicott|perish3
|-start|p1a: Grimmsnarl|perish3
|-start|p2b: Politoed|perish3
|upkeep
|turn|7
|inactive|KodeBeast0526 has 30 seconds left.
|
|t:|1784245735
|move|p2b: Politoed|Protect|p2b: Politoed
|-singleturn|p2b: Politoed|Protect
|move|p1a: Grimmsnarl|Parting Shot|p2a: Whimsicott
|-unboost|p2a: Whimsicott|atk|1
|-unboost|p2a: Whimsicott|spa|1
|move|p1b: Whimsicott|Moonblast|p2b: Politoed
|-activate|p2b: Politoed|move: Protect
|move|p2a: Whimsicott|Moonblast|p1a: Grimmsnarl
|-supereffective|p1a: Grimmsnarl|1
|-damage|p1a: Grimmsnarl|67/100
|
|-start|p1b: Whimsicott|perish2
|-start|p2a: Whimsicott|perish2
|-start|p1a: Grimmsnarl|perish2
|-start|p2b: Politoed|perish2
|upkeep
|turn|8
|
|t:|1784245759
|move|p1b: Whimsicott|Moonblast|p2b: Politoed
|-damage|p2b: Politoed|37/100
|-enditem|p2b: Politoed|Sitrus Berry|[eat]
|-heal|p2b: Politoed|61/100|[from] item: Sitrus Berry
|move|p2a: Whimsicott|Moonblast|p1a: Grimmsnarl
|-supereffective|p1a: Grimmsnarl|1
|-damage|p1a: Grimmsnarl|39/100
|move|p1a: Grimmsnarl|Foul Play|p2b: Politoed
|-damage|p2b: Politoed|38/100
|move|p2b: Politoed|Weather Ball|p1a: Grimmsnarl
|-damage|p1a: Grimmsnarl|32/100
|
|-start|p1b: Whimsicott|perish1
|-start|p2a: Whimsicott|perish1
|-start|p1a: Grimmsnarl|perish1
|-start|p2b: Politoed|perish1
|-sideend|p1: KodeBeast0526|move: Tailwind
|upkeep
|turn|9
|inactive|thisisthetwo has 30 seconds left.
|
|t:|1784245789
|move|p2a: Whimsicott|Moonblast|p1a: Grimmsnarl
|-supereffective|p1a: Grimmsnarl|1
|-damage|p1a: Grimmsnarl|1/100
|move|p1b: Whimsicott|Moonblast|p2b: Politoed
|-damage|p2b: Politoed|11/100
|move|p2b: Politoed|Weather Ball|p1a: Grimmsnarl
|-damage|p1a: Grimmsnarl|0 fnt
|faint|p1a: Grimmsnarl
|
|-start|p1b: Whimsicott|perish0
|-start|p2a: Whimsicott|perish0
|-start|p2b: Politoed|perish0
|faint|p1b: Whimsicott
|faint|p2a: Whimsicott
|faint|p2b: Politoed
|
|win|thisisthetwo
