|j|☆GIRLHELL1998
|j|☆Monkeydes
|html|GIRLHELL1998Monkeydes    
|uhtml|bestof|Game 2 of a best-of-3
|t:|1756240176
|gametype|doubles
|player|p1|GIRLHELL1998|roxie|1127
|player|p2|Monkeydes|265|1131
|gen|9
|tier|[Gen 9] VGC 2025 Reg H (Bo3)
|rated|
|rule|Species Clause: Limit one of each Pokémon
|rule|Item Clause: Limit 1 of each item
|clearpoke
|poke|p1|Ursaluna, L50, F|
|poke|p1|Kilowattrel, L50, F|
|poke|p1|Gholdengo, L50|
|poke|p1|Incineroar, L50, M|
|poke|p1|Amoonguss, L50, F|
|poke|p1|Porygon2, L50|
|poke|p2|Sneasler, L50, M|
|poke|p2|Dragapult, L50, F|
|poke|p2|Primarina, L50, F|
|poke|p2|Kingambit, L50, F|
|poke|p2|Magmar, L50, F|
|poke|p2|Rillaboom, L50, M|
|teampreview|4
|showteam|p1|Ursaluna||FlameOrb|Guts|Facade,HeadlongRush,Earthquake,Protect|||F|||50|,,,,,Fairy]Kilowattrel||FocusSash|Competitive|Thunderbolt,AirSlash,Tailwind,Protect|||F|||50|,,,,,Ghost]Gholdengo||LifeOrb|GoodasGold|MakeItRain,ShadowBall,NastyPlot,Protect||||||50|,,,,,Flying]Incineroar||AssaultVest|Intimidate|KnockOff,FlareBlitz,Uturn,FakeOut|||M|||50|,,,,,Grass]Amoonguss||SitrusBerry|Regenerator|Spore,RagePowder,SludgeBomb,Protect|||F|||50|,,,,,Water]Porygon2||Eviolite|Download|TeraBlast,IceBeam,Recover,TrickRoom||||||50|,,,,,Fighting
|showteam|p2|Sneasler||FocusSash|PoisonTouch|DireClaw,CloseCombat,FakeOut,Protect|||M|||50|,,,,,Stellar]Dragapult||ChoiceBand|ClearBody|DragonDarts,PhantomForce,Outrage,Uturn|||F|||50|,,,,,Dragon]Primarina||ThroatSpray|LiquidVoice|HyperVoice,Moonblast,Haze,Protect|||F|||50|,,,,,Poison]Kingambit||BlackGlasses|Defiant|KowtowCleave,SuckerPunch,SwordsDance,Protect|||F|||50|,,,,,Dark]Magmar||Eviolite|VitalSpirit|FollowMe,Overheat,WillOWisp,Protect|||F|||50|,,,,,Ghost]Rillaboom||AssaultVest|GrassySurge|FakeOut,WoodHammer,GrassyGlide,HighHorsepower|||M|||50|,,,,,Fire
|inactive|Battle timer is ON: inactive players will automatically lose when time's up. (requested by Monkeydes)
|inactive|GIRLHELL1998 has 60 seconds left.
|inactive|GIRLHELL1998 has 30 seconds left.
|
|t:|1756240271
|teamsize|p1|4
|teamsize|p2|4
|start
|switch|p1a: Nokia Brick|Porygon2, L50, shiny|100/100
|switch|p1b: Dinko|Ursaluna, L50, F|100/100
|switch|p2a: Dragapult|Dragapult, L50, F|100/100
|switch|p2b: Sneasler|Sneasler, L50, M|100/100
|-ability|p1a: Nokia Brick|Download|boost
|-boost|p1a: Nokia Brick|atk|1
|turn|1
|inactive|GIRLHELL1998 has 30 seconds left.
|inactive|Monkeydes has 30 seconds left.
|inactive|GIRLHELL1998 has 20 seconds left.
|inactive|Monkeydes has 20 seconds left.
|inactive|GIRLHELL1998 has 15 seconds left.
|inactive|Monkeydes has 15 seconds left.
|inactive|Monkeydes has 10 seconds left.
|
|t:|1756240320
|switch|p1a: Pumpy the Grumpy|Incineroar, L50, M, shiny|100/100
|-ability|p1a: Pumpy the Grumpy|Intimidate|boost
|-fail|p2a: Dragapult|unboost|[from] ability: Clear Body|[of] p2a: Dragapult
|-unboost|p2b: Sneasler|atk|1
|move|p2b: Sneasler|Fake Out|p1a: Pumpy the Grumpy
|-damage|p1a: Pumpy the Grumpy|90/100
|-status|p1a: Pumpy the Grumpy|psn|[from] ability: Poison Touch|[of] p2b: Sneasler
|move|p2a: Dragapult|Dragon Darts|p1b: Dinko
|-damage|p1b: Dinko|68/100
|-anim|p2a: Dragapult|Dragon Darts|p1a: Pumpy the Grumpy
|-damage|p1a: Pumpy the Grumpy|51/100 psn
|move|p1b: Dinko|Headlong Rush|p2a: Dragapult
|-crit|p2a: Dragapult
|-damage|p2a: Dragapult|0 fnt
|-unboost|p1b: Dinko|def|1
|-unboost|p1b: Dinko|spd|1
|faint|p2a: Dragapult
|
|-damage|p1a: Pumpy the Grumpy|39/100 psn|[from] psn
|-status|p1b: Dinko|brn|[from] item: Flame Orb
|upkeep
|
|t:|1756240340
|switch|p2a: Primarina|Primarina, L50, F|100/100
|turn|2
|
|t:|1756240356
|switch|p1a: Nokia Brick|Porygon2, L50, shiny|100/100
|-ability|p1a: Nokia Brick|Download|boost
|-boost|p1a: Nokia Brick|atk|1
|switch|p1b: 뽀록나|Amoonguss, L50, F, shiny|100/100
|move|p2b: Sneasler|Close Combat|p1b: 뽀록나
|-resisted|p1b: 뽀록나
|-damage|p1b: 뽀록나|81/100
|-unboost|p2b: Sneasler|def|1
|-unboost|p2b: Sneasler|spd|1
|move|p2a: Primarina|Hyper Voice|p1a: Nokia Brick|[spread] p1a,p1b
|-crit|p1a: Nokia Brick
|-resisted|p1b: 뽀록나
|-damage|p1a: Nokia Brick|72/100
|-damage|p1b: 뽀록나|67/100
|-enditem|p2a: Primarina|Throat Spray
|-boost|p2a: Primarina|spa|1|[from] item: Throat Spray
|
|upkeep
|turn|3
|inactive|GIRLHELL1998 has 30 seconds left.
|inactive|Monkeydes has 30 seconds left.
|
|t:|1756240385
|switch|p1a: Pumpy the Grumpy|Incineroar, L50, M, shiny|39/100 psn
|-ability|p1a: Pumpy the Grumpy|Intimidate|boost
|-unboost|p2a: Primarina|atk|1
|-unboost|p2b: Sneasler|atk|1
|-terastallize|p1b: 뽀록나|Water
|move|p2b: Sneasler|Dire Claw|p1b: 뽀록나
|-damage|p1b: 뽀록나|47/100
|-enditem|p1b: 뽀록나|Sitrus Berry|[eat]
|-heal|p1b: 뽀록나|72/100|[from] item: Sitrus Berry
|move|p2a: Primarina|Hyper Voice|p1b: 뽀록나|[spread] p1a,p1b
|-supereffective|p1a: Pumpy the Grumpy
|-resisted|p1b: 뽀록나
|-damage|p1a: Pumpy the Grumpy|0 fnt
|-damage|p1b: 뽀록나|50/100
|faint|p1a: Pumpy the Grumpy
|move|p1b: 뽀록나|Spore|p2a: Primarina
|-status|p2a: Primarina|slp|[from] move: Spore
|
|upkeep
|
|t:|1756240402
|switch|p1a: Nokia Brick|Porygon2, L50, shiny|72/100
|-ability|p1a: Nokia Brick|Download|boost
|-boost|p1a: Nokia Brick|atk|1
|turn|4
|
|t:|1756240415
|switch|p2b: Kingambit|Kingambit, L50, F|100/100
|move|p1b: 뽀록나|Protect|p1b: 뽀록나
|-singleturn|p1b: 뽀록나|Protect
|cant|p2a: Primarina|slp
|move|p1a: Nokia Brick|Trick Room|p1a: Nokia Brick
|-fieldstart|move: Trick Room|[of] p1a: Nokia Brick
|
|upkeep
|turn|5
|inactive|GIRLHELL1998 has 30 seconds left.
|inactive|Monkeydes has 30 seconds left.
|
|t:|1756240446
|switch|p1a: Dinko|Ursaluna, L50, F|68/100 brn
|move|p1b: 뽀록나|Spore|p2b: Kingambit
|-status|p2b: Kingambit|slp|[from] move: Spore
|cant|p2b: Kingambit|slp
|-curestatus|p2a: Primarina|slp|[msg]
|move|p2a: Primarina|Hyper Voice|p1b: 뽀록나|[spread] p1a,p1b
|-supereffective|p1a: Dinko
|-crit|p1a: Dinko
|-resisted|p1b: 뽀록나
|-damage|p1a: Dinko|0 fnt
|-damage|p1b: 뽀록나|29/100
|faint|p1a: Dinko
|
|upkeep
|
|t:|1756240460
|switch|p1a: Nokia Brick|Porygon2, L50, shiny|72/100
|-ability|p1a: Nokia Brick|Download|boost
|-boost|p1a: Nokia Brick|spa|1
|turn|6
|-message|GIRLHELL1998 forfeited.
|
|win|Monkeydes
|l|☆GIRLHELL1998
|player|p1|
|j|☆GIRLHELL1998
|player|p1|GIRLHELL1998|roxie|
||GIRLHELL1998 is ready for game 3.
||Monkeydes is ready for game 3.
|uhtml|next|Next: Game 3 of 3
