|j|☆kylosrosephoenix
|j|☆Philip9804
|html|kylosrosephoenixPhilip9804    
|uhtml|bestof|Game 1 of a best-of-3
|t:|1785328729
|gametype|doubles
|player|p1|kylosrosephoenix|nate|1016
|player|p2|Philip9804|may-masters3|1044
|gen|9
|tier|[Gen 9 Champions] VGC 2026 Reg M-B (Bo3)
|rated|
|rule|Species Clause: Limit one of each Pokémon
|rule|Item Clause: Limit 1 of each item
|clearpoke
|poke|p1|Pelipper, L50, F|
|poke|p1|Swampert, L50, F|
|poke|p1|Archaludon, L50, M|
|poke|p1|Basculegion, L50, M|
|poke|p1|Meowstic, L50, M|
|poke|p1|Meganium, L50, M|
|poke|p2|Charizard, L50, M, shiny|
|poke|p2|Staraptor, L50, M, shiny|
|poke|p2|Ninetales-Alola, L50, F, shiny|
|poke|p2|Kingambit, L50, F, shiny|
|poke|p2|Whimsicott, L50, M, shiny|
|poke|p2|Garchomp, L50, F, shiny|
|teampreview|4
|showteam|p1|Pelipper||DampRock|Drizzle|Hurricane,WeatherBall,WideGuard,Roost|Bold||F|||50|]Swampert||Swampertite|Torrent|IcePunch,WaveCrash,HighHorsepower,FlipTurn|Adamant||F|||50|]Archaludon||QuickClaw|Stamina|DracoMeteor,ElectroShot,FlashCannon,Snarl|Timid||M|||50|]Basculegion||ChoiceScarf|SwiftSwim|LastRespects,WaveCrash,FlipTurn,PsychicFangs|Adamant||M|||50|]Meowstic||MentalHerb|Prankster|FakeOut,RainDance,TrickRoom,DarkPulse|Sassy||M|||50|]Meganium||Meganiumite|Overgrow|SolarBeam,WeatherBall,DazzlingGleam,Protect|Timid||M|||50|
|showteam|p2|Charizard||CharizarditeY|Blaze|HeatWave,WeatherBall,SolarBeam,Protect|Modest||M|||50|]Staraptor||Staraptite|Intimidate|BraveBird,CloseCombat,Roost,Protect|Jolly||M|||50|]Ninetales-Alola||FocusSash|SnowWarning|Blizzard,FreezeDry,Roar,Protect|Timid||F|||50|]Kingambit||BlackGlasses|Defiant|KowtowCleave,SuckerPunch,IronHead,Protect|Adamant||F|||50|]Whimsicott||FairyFeather|Prankster|Moonblast,Tailwind,SunnyDay,Charm|Timid||M|||50|]Garchomp||LifeOrb|RoughSkin|StompingTantrum,DragonClaw,RockSlide,Protect|Jolly||F|||50|
|inactive|Battle timer is ON: inactive players will automatically lose when time's up. (requested by Philip9804)
|inactive|kylosrosephoenix has 60 seconds left.
|inactive|Philip9804 has 60 seconds left.
|
|t:|1785328782
|teamsize|p1|4
|teamsize|p2|4
|start
|switch|p1a: Meowstic|Meowstic, L50, M|100/100
|switch|p1b: Archaludon|Archaludon, L50, M|100/100
|switch|p2a: Ninetales|Ninetales-Alola, L50, F, shiny|100/100
|switch|p2b: Charizard|Charizard, L50, M, shiny|100/100
|-weather|Snowscape|[from] ability: Snow Warning|[of] p2a: Ninetales
|turn|1
|inactive|kylosrosephoenix has 30 seconds left.
|inactive|Philip9804 has 30 seconds left.
|-activate|p1b: Archaludon|item: Quick Claw
|
|t:|1785328809
|move|p2b: Charizard|Protect|p2b: Charizard
|-singleturn|p2b: Charizard|Protect
|move|p1a: Meowstic|Rain Dance|p1a: Meowstic
|-weather|RainDance
|move|p1b: Archaludon|Electro Shot||[still]
|-prepare|p1b: Archaludon|Electro Shot
|-boost|p1b: Archaludon|spa|1
|-anim|p1b: Archaludon|Electro Shot|p2b: Charizard
|-activate|p2b: Charizard|move: Protect
|move|p2a: Ninetales|Freeze-Dry|p1b: Archaludon
|-damage|p1b: Archaludon|58/100
|-ability|p1b: Archaludon|Stamina|boost
|-boost|p1b: Archaludon|def|1
|
|-weather|RainDance|[upkeep]
|upkeep
|turn|2
|inactive|kylosrosephoenix has 30 seconds left.
|
|t:|1785328837
|switch|p2b: Kingambit|Kingambit, L50, F, shiny|100/100
|switch|p1a: Basculegion|Basculegion, L50, M|100/100
|move|p1b: Archaludon|Flash Cannon|p2a: Ninetales
|-supereffective|p2a: Ninetales|2
|-enditem|p2a: Ninetales|Focus Sash
|-damage|p2a: Ninetales|1/100
|move|p2a: Ninetales|Roar|p1b: Archaludon
|drag|p1b: Swampert|Swampert, L50, F|100/100
|
|-weather|RainDance|[upkeep]
|upkeep
|turn|3
|inactive|kylosrosephoenix has 30 seconds left.
|inactive|Philip9804 has 30 seconds left.
|
|t:|1785328877
|switch|p1a: Archaludon|Archaludon, L50, M|58/100
|switch|p2a: Staraptor|Staraptor, L50, M, shiny|100/100
|-ability|p2a: Staraptor|Intimidate|boost
|-unboost|p1a: Archaludon|atk|1
|-unboost|p1b: Swampert|atk|1
|detailschange|p1b: Swampert|Swampert-Mega, L50, F
|-mega|p1b: Swampert|Swampert|Swampertite
|move|p2b: Kingambit|Protect|p2b: Kingambit
|-singleturn|p2b: Kingambit|Protect
|move|p1b: Swampert|Flip Turn|p2a: Staraptor
|-damage|p2a: Staraptor|51/100
|
|t:|1785328888
|switch|p1b: Meowstic|Meowstic, L50, M|100/100|[from] Flip Turn
|
|-weather|RainDance|[upkeep]
|upkeep
|turn|4
|inactive|kylosrosephoenix has 30 seconds left.
|
|t:|1785328915
|switch|p2a: Ninetales|Ninetales-Alola, L50, F, shiny|1/100
|-weather|Snowscape|[from] ability: Snow Warning|[of] p2a: Ninetales
|move|p1b: Meowstic|Fake Out|p2a: Ninetales
|-damage|p2a: Ninetales|0 fnt
|faint|p2a: Ninetales
|move|p1a: Archaludon|Flash Cannon|p2b: Kingambit
|-resisted|p2b: Kingambit|1
|-damage|p2b: Kingambit|79/100
|move|p2b: Kingambit|Kowtow Cleave|p1b: Meowstic
|-supereffective|p1b: Meowstic|1
|-damage|p1b: Meowstic|0 fnt
|faint|p1b: Meowstic
|
|-weather|Snowscape|[upkeep]
|upkeep
|
|t:|1785328937
|switch|p2a: Charizard|Charizard, L50, M, shiny|100/100
|switch|p1b: Swampert|Swampert-Mega, L50, F|100/100
|turn|5
|inactive|kylosrosephoenix has 30 seconds left.
|
|t:|1785328974
|detailschange|p2a: Charizard|Charizard-Mega-Y, L50, M, shiny
|-mega|p2a: Charizard|Charizard|Charizardite Y
|-weather|SunnyDay|[from] ability: Drought|[of] p2a: Charizard
|move|p1a: Archaludon|Draco Meteor|p2a: Charizard
|-damage|p2a: Charizard|32/100
|-unboost|p1a: Archaludon|spa|2
|move|p2a: Charizard|Solar Beam||[still]
|-prepare|p2a: Charizard|Solar Beam
|-anim|p2a: Charizard|Solar Beam|p1b: Swampert
|-supereffective|p1b: Swampert|2
|-damage|p1b: Swampert|0 fnt
|faint|p1b: Swampert
|move|p2b: Kingambit|Kowtow Cleave|p1a: Archaludon
|-damage|p1a: Archaludon|13/100
|-ability|p1a: Archaludon|Stamina|boost
|-boost|p1a: Archaludon|def|1
|
|-weather|SunnyDay|[upkeep]
|upkeep
|
|t:|1785328986
|switch|p1b: Basculegion|Basculegion, L50, M|100/100
|turn|6
|-activate|p1a: Archaludon|item: Quick Claw
|
|t:|1785329003
|move|p2a: Charizard|Protect|p2a: Charizard
|-singleturn|p2a: Charizard|Protect
|move|p1a: Archaludon|Draco Meteor|p2b: Kingambit
|-resisted|p2b: Kingambit|1
|-damage|p2b: Kingambit|62/100
|-unboost|p1a: Archaludon|spa|2
|move|p1b: Basculegion|Last Respects|p2a: Charizard
|-activate|p2a: Charizard|move: Protect
|move|p2b: Kingambit|Kowtow Cleave|p1b: Basculegion
|-supereffective|p1b: Basculegion|1
|-damage|p1b: Basculegion|0 fnt
|faint|p1b: Basculegion
|
|-weather|SunnyDay|[upkeep]
|upkeep
|turn|7
|-message|kylosrosephoenix forfeited.
|
|win|Philip9804
|l|☆kylosrosephoenix
|player|p1|
