|j|☆Radlars
|j|☆ShikikanV
|html|RadlarsShikikanV    
|uhtml|bestof|Game 2 of a best-of-3
|t:|1785927570
|gametype|doubles
|player|p1|Radlars|1|
|player|p2|ShikikanV|plasmagrunt-gen5bw|
|gen|9
|tier|[Gen 9 Champions] VGC 2026 Reg M-B (Bo3)
|rule|Species Clause: Limit one of each Pokémon
|rule|Item Clause: Limit 1 of each item
|clearpoke
|poke|p1|Gengar, L50, M|
|poke|p1|Kommo-o, L50, M|
|poke|p1|Kingambit, L50, F|
|poke|p1|Blaziken, L50, F|
|poke|p1|Sinistcha, L50|
|poke|p1|Ninetales-Alola, L50, M|
|poke|p2|Glimmora, L50, F|
|poke|p2|Toxapex, L50, F|
|poke|p2|Basculegion, L50, M|
|poke|p2|Banette, L50, F|
|poke|p2|Palafin, L50, M|
|poke|p2|Dragalge, L50, M|
|teampreview|4
|showteam|p1|Gengar||Gengarite|CursedBody|SludgeBomb,Disable,Protect,PerishSong|Modest||M|||50|]Kommo-o||DragonFang|Soundproof|DrainPunch,ClangorousSoul,ClangingScales,Protect|Mild||M|||50|]Kingambit||BlackGlasses|Defiant|SuckerPunch,IronHead,KowtowCleave,Protect|Adamant||F|||50|]Blaziken||Blazikenite|SpeedBoost|RockSlide,FlareBlitz,CloseCombat,Protect|Adamant||F|||50|]Sinistcha||ColburBerry|Hospitality|RagePowder,LifeDew,MatchaGotcha,Protect|Calm|||||50|]Ninetales-Alola||FocusSash|SnowWarning|AuroraVeil,Encore,Blizzard,Protect|Timid||M|||50|
|showteam|p2|Glimmora||MentalHerb|ToxicDebris|ToxicSpikes,Toxic,Rest,SleepTalk|Calm||F|||50|]Toxapex|||Merciless|ToxicSpikes,Toxic,PainSplit,GunkShot|Calm||F|||50|]Basculegion||ChoiceScarf|Adaptability|AquaJet,WaveCrash,FlipTurn,ChillingWater|Naughty||M|||50|]Banette||Banettite|Insomnia|GunkShot,Encore,Facade,FoulPlay|Careful||F|||50|]Palafin||RindoBerry|ZerotoHero|Counter,Endeavor,IronHead,FlipTurn|Lonely||M|||50|]Dragalge||Dragalgite|PoisonTouch|SludgeBomb,Toxic,ToxicSpikes,PoisonJab|Sassy||M|||50|
|
|t:|1785927612
|teamsize|p1|4
|teamsize|p2|4
|start
|switch|p1a: Gengar|Gengar, L50, M|100/100
|switch|p1b: Kommo-o|Kommo-o, L50, M|100/100
|switch|p2a: Glimmora|Glimmora, L50, F|100/100
|switch|p2b: Palafin|Palafin, L50, M|100/100
|turn|1
|
|t:|1785927647
|detailschange|p1a: Gengar|Gengar-Mega, L50, M
|-mega|p1a: Gengar|Gengar|Gengarite
|move|p1a: Gengar|Protect|p1a: Gengar
|-singleturn|p1a: Gengar|Protect
|move|p1b: Kommo-o|Protect|p1b: Kommo-o
|-singleturn|p1b: Kommo-o|Protect
|move|p2b: Palafin|Flip Turn|p1a: Gengar
|-activate|p1a: Gengar|move: Protect
|move|p2a: Glimmora|Toxic Spikes|p1b: Kommo-o
|-sidestart|p1: Radlars|move: Toxic Spikes
|
|upkeep
|turn|2
|
|t:|1785927664
|move|p1a: Gengar|Disable|p2b: Palafin
|-start|p2b: Palafin|Disable|Flip Turn
|cant|p2b: Palafin|Disable|Flip Turn
|move|p1b: Kommo-o|Clangorous Soul|p1b: Kommo-o
|-boost|p1b: Kommo-o|atk|1
|-boost|p1b: Kommo-o|def|1
|-boost|p1b: Kommo-o|spa|1
|-boost|p1b: Kommo-o|spd|1
|-boost|p1b: Kommo-o|spe|1
|-damage|p1b: Kommo-o|67/100
|move|p2a: Glimmora|Toxic Spikes|p1a: Gengar
|-sidestart|p1: Radlars|move: Toxic Spikes
|
|upkeep
|turn|3
|
|t:|1785927697
|move|p1b: Kommo-o|Drain Punch|p2b: Palafin
|-damage|p2b: Palafin|38/100
|-heal|p1b: Kommo-o|96/100|[from] drain|[of] p2b: Palafin
|move|p1a: Gengar|Perish Song|p1a: Gengar
|-start|p1a: Gengar|perish3|[silent]
|-immune|p1b: Kommo-o|[from] ability: Soundproof
|-start|p2a: Glimmora|perish3|[silent]
|-start|p2b: Palafin|perish3|[silent]
|-fieldactivate|move: Perish Song
|move|p2b: Palafin|Iron Head|p1b: Kommo-o
|-damage|p1b: Kommo-o|84/100
|move|p2a: Glimmora|Toxic Spikes||[still]
|-fail|p2a: Glimmora
|
|-start|p1a: Gengar|perish3
|-start|p2b: Palafin|perish3
|-start|p2a: Glimmora|perish3
|upkeep
|turn|4
|
|t:|1785927724
|switch|p1a: Sinistcha|Sinistcha, L50|100/100
|-status|p1a: Sinistcha|tox
|-heal|p1b: Kommo-o|100/100|[from] ability: Hospitality|[of] p1a: Sinistcha
|move|p1b: Kommo-o|Drain Punch|p2b: Palafin
|-damage|p2b: Palafin|0 fnt
|faint|p2b: Palafin
|move|p2a: Glimmora|Toxic|p1b: Kommo-o
|-status|p1b: Kommo-o|tox
|
|-damage|p1b: Kommo-o|93/100 tox|[from] psn
|-damage|p1a: Sinistcha|93/100 tox|[from] psn
|-start|p2a: Glimmora|perish2
|upkeep
|
|t:|1785927738
|switch|p2b: Basculegion|Basculegion, L50, M|100/100
|turn|5
|
|t:|1785927763
|switch|p2a: Banette|Banette, L50, F|100/100
|move|p1a: Sinistcha|Rage Powder|p1a: Sinistcha
|-singleturn|p1a: Sinistcha|move: Rage Powder
|move|p1b: Kommo-o|Clangorous Soul|p1b: Kommo-o
|-boost|p1b: Kommo-o|atk|1
|-boost|p1b: Kommo-o|def|1
|-boost|p1b: Kommo-o|spa|1
|-boost|p1b: Kommo-o|spd|1
|-boost|p1b: Kommo-o|spe|1
|-damage|p1b: Kommo-o|60/100 tox
|move|p2b: Basculegion|Wave Crash|p1a: Sinistcha
|-resisted|p1a: Sinistcha|1
|-damage|p1a: Sinistcha|55/100 tox
|-damage|p2b: Basculegion|88/100|[from] Recoil
|
|-damage|p1b: Kommo-o|48/100 tox|[from] psn
|-damage|p1a: Sinistcha|43/100 tox|[from] psn
|upkeep
|turn|6
|
|t:|1785927807
|move|p1a: Sinistcha|Rage Powder|p1a: Sinistcha
|-singleturn|p1a: Sinistcha|move: Rage Powder
|move|p1b: Kommo-o|Clanging Scales|p2b: Basculegion|[spread] p2a,p2b
|-damage|p2a: Banette|0 fnt
|-damage|p2b: Basculegion|0 fnt
|faint|p2a: Banette
|faint|p2b: Basculegion
|-unboost|p1b: Kommo-o|def|1
|
|-damage|p1b: Kommo-o|30/100 tox|[from] psn
|-damage|p1a: Sinistcha|24/100 tox|[from] psn
|upkeep
|
|t:|1785927816
|switch|p2a: Glimmora|Glimmora, L50, F|100/100
|turn|7
|c|☆ShikikanV|i will win
|
|t:|1785927824
|move|p1b: Kommo-o|Drain Punch|p2a: Glimmora
|-damage|p2a: Glimmora|45/100
|-heal|p1b: Kommo-o|54/100 tox|[from] drain|[of] p2a: Glimmora
|move|p2a: Glimmora|Toxic Spikes||[still]
|-fail|p2a: Glimmora
|move|p1a: Sinistcha|Life Dew|p1a: Sinistcha|[spread] p1a,p1b
|-heal|p1a: Sinistcha|50/100y tox
|-heal|p1b: Kommo-o|80/100 tox
|
|-damage|p1b: Kommo-o|56/100 tox|[from] psn
|-damage|p1a: Sinistcha|25/100 tox|[from] psn
|upkeep
|turn|8
|
|t:|1785927844
|move|p1b: Kommo-o|Clanging Scales|p2a: Glimmora
|-damage|p2a: Glimmora|0 fnt
|faint|p2a: Glimmora
|
|win|Radlars
|c|☆Radlars|Clang
