|j|☆Training4perish
|j|☆Aqueiron
|html|Training4perishAqueiron    
|uhtml|bestof|Game 1 of a best-of-3
|t:|1756310751
|gametype|doubles
|player|p1|Training4perish|scientist|1049
|player|p2|Aqueiron|red|1042
|gen|9
|tier|[Gen 9] VGC 2025 Reg H (Bo3)
|rated|
|rule|Species Clause: Limit one of each Pokémon
|rule|Item Clause: Limit 1 of each item
|clearpoke
|poke|p1|Gothitelle, L50, F|
|poke|p1|Gengar, L50, M|
|poke|p1|Murkrow, L50, F|
|poke|p1|Annihilape, L50, F|
|poke|p1|Incineroar, L50, M|
|poke|p1|Amoonguss, L50, M|
|poke|p2|Rillaboom, L50, F|
|poke|p2|Talonflame, L50, F|
|poke|p2|Primarina, L50, M|
|poke|p2|Tyranitar, L50, F|
|poke|p2|Sneasler, L50, F|
|poke|p2|Excadrill, L50, F|
|teampreview|4
|showteam|p1|Gothitelle||Leftovers|ShadowTag|FakeOut,Protect,Psychic,TrickRoom|||F|||50|,,,,,Water]Gengar||FocusSash|CursedBody|ShadowBall,SludgeBomb,PerishSong,Protect|||M|||50|,,,,,Normal]Murkrow||CovertCloak|Prankster|Tailwind,PerishSong,Protect,ThunderWave|||F|||50|,,,,,Steel]Annihilape||ChoiceScarf|Defiant|CloseCombat,DrainPunch,Uturn,RageFist|||F|||50|,,,,,Fire]Incineroar||SitrusBerry|Intimidate|FakeOut,Protect,KnockOff,PartingShot|||M|||50|,,,,,Grass]Amoonguss||EjectButton|Regenerator|Spore,Protect,PollenPuff,RagePowder|||M|||50|,,,,,Water
|showteam|p2|Rillaboom||MiracleSeed|GrassySurge|FakeOut,Protect,GrassyGlide,WoodHammer|||F|||50|,,,,,Grass]Talonflame||CovertCloak|GaleWings|Tailwind,WillOWisp,FlareBlitz,Acrobatics|||F|||50|,,,,,Fire]Primarina||ThroatSpray|LiquidVoice|IcyWind,HyperVoice,Moonblast,Protect|||M|||50|,,,,,Water]Tyranitar||AssaultVest|SandStream|RockSlide,KnockOff,TeraBlast,IcePunch|||F|||50|,,,,,Grass]Sneasler||FocusSash|PoisonTouch|FakeOut,CloseCombat,DireClaw,Protect|||F|||50|,,,,,Stellar]Excadrill||SafetyGoggles|SandForce|HighHorsepower,Protect,BrickBreak,SmartStrike|||F|||50|,,,,,Dragon
|inactive|Battle timer is ON: inactive players will automatically lose when time's up. (requested by Training4perish)
|c|☆Training4perish|Glhf
|inactive|Training4perish has 60 seconds left.
|inactive|Aqueiron has 60 seconds left.
|inactive|Training4perish has 30 seconds left.
|
|t:|1756310820
|teamsize|p1|4
|teamsize|p2|4
|start
|switch|p1a: Gothitelle|Gothitelle, L50, F|100/100
|switch|p1b: Gengar|Gengar, L50, M, shiny|100/100
|switch|p2a: Talonflame|Talonflame, L50, F|100/100
|switch|p2b: Tyranitar|Tyranitar, L50, F|100/100
|-weather|Sandstorm|[from] ability: Sand Stream|[of] p2b: Tyranitar
|turn|1
|inactive|Aqueiron has 30 seconds left.
|
|t:|1756310853
|move|p1a: Gothitelle|Fake Out|p2b: Tyranitar
|-resisted|p2b: Tyranitar
|-damage|p2b: Tyranitar|99/100
|move|p2a: Talonflame|Acrobatics|p1a: Gothitelle
|-damage|p1a: Gothitelle|82/100
|move|p1b: Gengar|Perish Song|p1b: Gengar
|-start|p1a: Gothitelle|perish3|[silent]
|-start|p1b: Gengar|perish3|[silent]
|-start|p2a: Talonflame|perish3|[silent]
|-start|p2b: Tyranitar|perish3|[silent]
|-fieldactivate|move: Perish Song
|cant|p2b: Tyranitar|flinch
|
|-weather|Sandstorm|[upkeep]
|-damage|p2a: Talonflame|95/100|[from] Sandstorm
|-damage|p1b: Gengar|95/100|[from] Sandstorm
|-damage|p1a: Gothitelle|75/100|[from] Sandstorm
|-heal|p1a: Gothitelle|82/100|[from] item: Leftovers
|-start|p2a: Talonflame|perish3
|-start|p1b: Gengar|perish3
|-start|p2b: Tyranitar|perish3
|-start|p1a: Gothitelle|perish3
|upkeep
|turn|2
|inactive|Training4perish has 30 seconds left.
|inactive|Aqueiron has 30 seconds left.
|
|t:|1756310883
|move|p1a: Gothitelle|Protect|p1a: Gothitelle
|-singleturn|p1a: Gothitelle|Protect
|move|p2a: Talonflame|Flare Blitz|p1b: Gengar
|-damage|p1b: Gengar|0 fnt
|faint|p1b: Gengar
|-damage|p2a: Talonflame|67/100|[from] Recoil
|move|p2b: Tyranitar|Knock Off|p1a: Gothitelle
|-activate|p1a: Gothitelle|move: Protect
|
|-weather|Sandstorm|[upkeep]
|-damage|p2a: Talonflame|61/100|[from] Sandstorm
|-damage|p1a: Gothitelle|75/100|[from] Sandstorm
|-heal|p1a: Gothitelle|82/100|[from] item: Leftovers
|-start|p2a: Talonflame|perish2
|-start|p2b: Tyranitar|perish2
|-start|p1a: Gothitelle|perish2
|upkeep
|
|t:|1756310899
|switch|p1b: Amoonguss|Amoonguss, L50, M, shiny|100/100
|turn|3
|inactive|Aqueiron has 30 seconds left.
|
|t:|1756310925
|-terastallize|p2b: Tyranitar|Grass
|-terastallize|p1a: Gothitelle|Water
|move|p1b: Amoonguss|Protect|p1b: Amoonguss
|-singleturn|p1b: Amoonguss|Protect
|move|p2a: Talonflame|Will-O-Wisp|p1b: Amoonguss
|-activate|p1b: Amoonguss|move: Protect
|move|p2b: Tyranitar|Ice Punch|p1b: Amoonguss
|-activate|p1b: Amoonguss|move: Protect
|move|p1a: Gothitelle|Trick Room|p1a: Gothitelle
|-fieldstart|move: Trick Room|[of] p1a: Gothitelle
|
|-weather|Sandstorm|[upkeep]
|-damage|p1b: Amoonguss|95/100|[from] Sandstorm
|-damage|p1a: Gothitelle|75/100|[from] Sandstorm
|-damage|p2b: Tyranitar|93/100|[from] Sandstorm
|-damage|p2a: Talonflame|55/100|[from] Sandstorm
|-heal|p1a: Gothitelle|82/100|[from] item: Leftovers
|-start|p1a: Gothitelle|perish1
|-start|p2b: Tyranitar|perish1
|-start|p2a: Talonflame|perish1
|upkeep
|turn|4
|inactive|Training4perish has 30 seconds left.
|inactive|Aqueiron has 30 seconds left.
|inactive|Training4perish has 20 seconds left.
|inactive|Training4perish has 15 seconds left.
|
|t:|1756310966
|switch|p1a: Annihilape|Annihilape, L50, F, shiny|100/100
|move|p1b: Amoonguss|Pollen Puff|p1a: Annihilape
|move|p2b: Tyranitar|Ice Punch|p1b: Amoonguss
|-supereffective|p1b: Amoonguss
|-damage|p1b: Amoonguss|44/100
|-enditem|p1b: Amoonguss|Eject Button
|
|t:|1756310973
|switch|p1b: Gothitelle|Gothitelle, L50, F, tera:Water|82/100
|move|p2a: Talonflame|Flare Blitz|p1b: Gothitelle
|-resisted|p1b: Gothitelle
|-damage|p1b: Gothitelle|62/100
|-damage|p2a: Talonflame|47/100|[from] Recoil
|
|-weather|Sandstorm|[upkeep]
|-damage|p1b: Gothitelle|56/100|[from] Sandstorm
|-damage|p2b: Tyranitar|87/100|[from] Sandstorm
|-damage|p2a: Talonflame|41/100|[from] Sandstorm
|-damage|p1a: Annihilape|94/100|[from] Sandstorm
|-heal|p1b: Gothitelle|62/100|[from] item: Leftovers
|-start|p2b: Tyranitar|perish0
|-start|p2a: Talonflame|perish0
|faint|p2b: Tyranitar
|faint|p2a: Talonflame
|upkeep
|
|t:|1756310987
|switch|p2b: Rillaboom|Rillaboom, L50, F|100/100
|switch|p2a: Excadrill|Excadrill, L50, F|100/100
|-fieldstart|move: Grassy Terrain|[from] ability: Grassy Surge|[of] p2b: Rillaboom
|turn|5
|
|t:|1756311009
|move|p1b: Gothitelle|Fake Out|p2b: Rillaboom
|-damage|p2b: Rillaboom|96/100
|cant|p2b: Rillaboom|flinch
|move|p2a: Excadrill|Smart Strike|p1b: Gothitelle
|-resisted|p1b: Gothitelle
|-crit|p1b: Gothitelle
|-damage|p1b: Gothitelle|28/100
|move|p1a: Annihilape|Drain Punch|p2a: Excadrill
|-supereffective|p2a: Excadrill
|-damage|p2a: Excadrill|17/100
|-heal|p1a: Annihilape|100/100|[from] drain|[of] p2a: Excadrill
|
|-weather|none
|-heal|p1b: Gothitelle|34/100|[from] Grassy Terrain
|-heal|p1b: Gothitelle|40/100|[from] item: Leftovers
|-heal|p2a: Excadrill|23/100|[from] Grassy Terrain
|-heal|p2b: Rillaboom|100/100|[from] Grassy Terrain
|upkeep
|turn|6
|inactive|Training4perish has 30 seconds left.
|
|t:|1756311039
|move|p1b: Gothitelle|Protect|p1b: Gothitelle
|-singleturn|p1b: Gothitelle|Protect
|move|p2a: Excadrill|Protect|p2a: Excadrill
|-singleturn|p2a: Excadrill|Protect
|move|p2b: Rillaboom|Grassy Glide|p1b: Gothitelle
|-activate|p1b: Gothitelle|move: Protect
|move|p1a: Annihilape|Drain Punch|p2a: Excadrill
|-activate|p2a: Excadrill|move: Protect
|
|-heal|p1b: Gothitelle|47/100|[from] Grassy Terrain
|-heal|p1b: Gothitelle|53/100|[from] item: Leftovers
|-heal|p2a: Excadrill|28/100|[from] Grassy Terrain
|upkeep
|turn|7
|inactive|Aqueiron has 30 seconds left.
|
|t:|1756311068
|switch|p1b: Amoonguss|Amoonguss, L50, M, shiny|77/100
|move|p2b: Rillaboom|Grassy Glide|p1b: Amoonguss
|-resisted|p1b: Amoonguss
|-damage|p1b: Amoonguss|68/100
|move|p2a: Excadrill|High Horsepower|p1a: Annihilape
|-damage|p1a: Annihilape|45/100
|move|p1a: Annihilape|Drain Punch|p2a: Excadrill
|-supereffective|p2a: Excadrill
|-damage|p2a: Excadrill|0 fnt
|-heal|p1a: Annihilape|58/100|[from] drain|[of] p2a: Excadrill
|faint|p2a: Excadrill
|
|-heal|p1b: Amoonguss|74/100|[from] Grassy Terrain
|-heal|p1a: Annihilape|64/100|[from] Grassy Terrain
|-fieldend|move: Trick Room
|upkeep
|turn|8
|
|t:|1756311097
|switch|p1a: Gothitelle|Gothitelle, L50, F, tera:Water|53/100
|move|p2b: Rillaboom|Wood Hammer|p1a: Gothitelle
|-supereffective|p1a: Gothitelle
|-crit|p1a: Gothitelle
|-damage|p1a: Gothitelle|0 fnt
|faint|p1a: Gothitelle
|-damage|p2b: Rillaboom|86/100|[from] Recoil
|move|p1b: Amoonguss|Pollen Puff|p2b: Rillaboom
|-supereffective|p2b: Rillaboom
|-damage|p2b: Rillaboom|50/100
|
|-heal|p2b: Rillaboom|56/100|[from] Grassy Terrain
|-heal|p1b: Amoonguss|80/100|[from] Grassy Terrain
|upkeep
|
|t:|1756311099
|switch|p1a: Annihilape|Annihilape, L50, F, shiny|64/100
|turn|9
|
|t:|1756311113
|move|p2b: Rillaboom|Grassy Glide|p1a: Annihilape
|-damage|p1a: Annihilape|15/100
|move|p1a: Annihilape|Rage Fist|p2b: Rillaboom
|-damage|p2b: Rillaboom|0 fnt
|faint|p2b: Rillaboom
|
|win|Training4perish
|c|☆Training4perish|Ggs
