|j|☆nazunabpd
|j|☆Anchor7
|html|nazunabpdAnchor7    
|uhtml|bestof|Game 1 of a best-of-3
|t:|1757772304
|gametype|doubles
|player|p1|nazunabpd|roxie|
|player|p2|Anchor7|fisherman-gen4|
|gen|9
|tier|[Gen 9] VGC 2025 Reg H (Bo3)
|rule|Species Clause: Limit one of each Pokémon
|rule|Item Clause: Limit 1 of each item
|clearpoke
|poke|p1|Ursaluna, L50, F|
|poke|p1|Farigiraf, L50, M|
|poke|p1|Sneasler, L50, F|
|poke|p1|Torkoal, L50, F|
|poke|p1|Whimsicott, L50, F|
|poke|p1|Dragapult, L50, F|
|poke|p2|Tauros-Paldea-Blaze, L50, M|
|poke|p2|Froslass, L50, F|
|poke|p2|Camerupt, L50, M|
|poke|p2|Crabominable, L50, M|
|poke|p2|Oranguru, L50, M|
|poke|p2|Meowscarada, L50, F|
|teampreview|4
|showteam|p1|Ursaluna||FlameOrb|Guts|Facade,Earthquake,HighHorsepower,Protect|||F|||50|,,,,,Ground]Farigiraf||ThroatSpray|ArmorTail|TrickRoom,HelpingHand,HyperVoice,Protect|||M|||50|,,,,,Normal]Sneasler||WhiteHerb|Unburden|DireClaw,CloseCombat,Protect,FakeOut|||F|||50|,,,,,Stellar]Torkoal||Charcoal|Drought|Eruption,ClearSmog,EarthPower,Protect|||F|||50|,,,,,Grass]Whimsicott||CovertCloak|Prankster|Tailwind,LightScreen,Taunt,Encore|||F|||50|,,,,,Steel]Dragapult||LifeOrb|ClearBody|SuckerPunch,DragonDarts,DragonClaw,Protect|||F|||50|,,,,,Fire
|showteam|p2|Tauros-Paldea-Blaze||AssaultVest|AngerPoint|RagingBull,Earthquake,RockSlide,FlameCharge|||M|||50|,,,,,Ground]Froslass||ChoiceScarf|CursedBody|FrostBreath,Trick,WillOWisp,Protect|||F|||50|,,,,,Steel]Camerupt||LifeOrb|AngerPoint|Earthquake,RockSlide,FlareBlitz,Protect|||M|||50|,,,,,Grass]Crabominable||FocusSash|AngerPoint|DrainPunch,IceHammer,UpperHand,Protect|||M|||50|,,,,,Steel]Oranguru||Leftovers|Telepathy|Instruct,FoulPlay,TrickRoom,Taunt|||M|||50|,,,,,Fairy]Meowscarada||CovertCloak|Protean|FlowerTrick,TrickRoom,Taunt,PollenPuff|||F|||50|,,,,,Flying
|
|t:|1757772393
|teamsize|p1|4
|teamsize|p2|4
|start
|switch|p1a: Sneasler|Sneasler, L50, F|100/100
|switch|p1b: Farigiraf|Farigiraf, L50, M|100/100
|switch|p2a: Innocent bull|Tauros-Paldea-Blaze, L50, M|100/100
|switch|p2b: Ragebait|Meowscarada, L50, F|100/100
|turn|1
|
|t:|1757772442
|move|p2b: Ragebait|Flower Trick|p2a: Innocent bull
|-start|p2b: Ragebait|typechange|Grass|[from] ability: Protean
|-resisted|p2a: Innocent bull
|-crit|p2a: Innocent bull
|-damage|p2a: Innocent bull|86/100
|-setboost|p2a: Innocent bull|atk|6|[from] ability: Anger Point
|move|p1a: Sneasler|Close Combat|p2a: Innocent bull
|-damage|p2a: Innocent bull|21/100
|-unboost|p1a: Sneasler|def|1
|-unboost|p1a: Sneasler|spd|1
|-enditem|p1a: Sneasler|White Herb
|-clearnegativeboost|p1a: Sneasler|[silent]
|move|p2a: Innocent bull|Rock Slide|p1b: Farigiraf|[spread] p1a,p1b
|-resisted|p1a: Sneasler
|-damage|p1a: Sneasler|43/100
|-damage|p1b: Farigiraf|41/100
|move|p1b: Farigiraf|Trick Room|p1b: Farigiraf
|-fieldstart|move: Trick Room|[of] p1b: Farigiraf
|
|upkeep
|turn|2
|
|t:|1757772509
|switch|p2a: Dunkey Kung|Oranguru, L50, M|100/100
|move|p1b: Farigiraf|Hyper Voice|p2a: Dunkey Kung|[spread] p2a,p2b
|-damage|p2a: Dunkey Kung|77/100
|-damage|p2b: Ragebait|62/100
|-enditem|p1b: Farigiraf|Throat Spray
|-boost|p1b: Farigiraf|spa|1|[from] item: Throat Spray
|move|p2b: Ragebait|Taunt|p1b: Farigiraf
|-start|p1b: Farigiraf|move: Taunt
|move|p1a: Sneasler|Dire Claw|p2b: Ragebait
|-supereffective|p2b: Ragebait
|-damage|p2b: Ragebait|0 fnt
|faint|p2b: Ragebait
|
|-heal|p2a: Dunkey Kung|83/100|[from] item: Leftovers
|upkeep
|
|t:|1757772527
|switch|p2b: just camerupt|Camerupt, L50, M|100/100
|turn|3
|
|t:|1757772538
|switch|p1a: Ursaluna|Ursaluna, L50, F|100/100
|move|p2b: just camerupt|Earthquake|p1b: Farigiraf|[spread] p1a,p1b
|-activate|p2a: Dunkey Kung|ability: Telepathy
|-damage|p1a: Ursaluna|66/100
|-damage|p1b: Farigiraf|0 fnt
|faint|p1b: Farigiraf
|-damage|p2b: just camerupt|91/100|[from] item: Life Orb
|move|p2a: Dunkey Kung|Instruct|p2b: just camerupt
|-singleturn|p2b: just camerupt|move: Instruct|[of] p2a: Dunkey Kung
|move|p2b: just camerupt|Earthquake|p1a: Ursaluna|[spread] p1a
|-activate|p2a: Dunkey Kung|ability: Telepathy
|-damage|p1a: Ursaluna|30/100
|-damage|p2b: just camerupt|81/100|[from] item: Life Orb
|
|-heal|p2a: Dunkey Kung|89/100|[from] item: Leftovers
|-status|p1a: Ursaluna|brn|[from] item: Flame Orb
|upkeep
|
|t:|1757772558
|switch|p1b: Sneasler|Sneasler, L50, F|43/100
|turn|4
|
|t:|1757772586
|-terastallize|p1a: Ursaluna|Ground
|move|p2b: just camerupt|Protect|p2b: just camerupt
|-singleturn|p2b: just camerupt|Protect
|move|p1b: Sneasler|Fake Out|p2b: just camerupt
|-activate|p2b: just camerupt|move: Protect
|move|p1a: Ursaluna|Earthquake|p2a: Dunkey Kung|[spread] p1b,p2a
|-activate|p2b: just camerupt|move: Protect
|-supereffective|p1b: Sneasler
|-damage|p1b: Sneasler|0 fnt
|-damage|p2a: Dunkey Kung|15/100
|faint|p1b: Sneasler
|move|p2a: Dunkey Kung|Foul Play|p1a: Ursaluna
|-damage|p1a: Ursaluna|1/100 brn
|
|-heal|p2a: Dunkey Kung|21/100|[from] item: Leftovers
|-damage|p1a: Ursaluna|0 fnt|[from] brn
|faint|p1a: Ursaluna
|upkeep
|
|t:|1757772603
|switch|p1a: Torkoal|Torkoal, L50, F|100/100
|-weather|SunnyDay|[from] ability: Drought|[of] p1a: Torkoal
|turn|5
|
|t:|1757772642
|move|p1a: Torkoal|Eruption|p2b: just camerupt|[spread] p2a,p2b
|-resisted|p2b: just camerupt
|-crit|p2b: just camerupt
|-damage|p2a: Dunkey Kung|0 fnt
|-damage|p2b: just camerupt|2/100
|-setboost|p2b: just camerupt|atk|6|[from] ability: Anger Point
|faint|p2a: Dunkey Kung
|move|p2b: just camerupt|Earthquake|p1a: Torkoal
|-supereffective|p1a: Torkoal
|-damage|p1a: Torkoal|0 fnt
|faint|p1a: Torkoal
|-damage|p2b: just camerupt|0 fnt|[from] item: Life Orb
|faint|p2b: just camerupt
|
|win|Anchor7
|inactive|nazunabpd has 30 seconds to confirm battle start!
|inactive|Anchor7 has 30 seconds to confirm battle start!
||nazunabpd is ready for game 2.
||Anchor7 is ready for game 2.
|uhtml|next|Next: Game 2 of 3
