|j|☆KilamanolaVGC
|j|☆jayoticnl
|html|KilamanolaVGCjayoticnl    
|uhtml|bestof|Game 3 of a best-of-3
|t:|1755812146
|gametype|doubles
|player|p1|KilamanolaVGC|red|1190
|player|p2|jayoticnl|preschooler|1298
|gen|9
|tier|[Gen 9] VGC 2025 Reg H (Bo3)
|rated|
|rule|Species Clause: Limit one of each Pokémon
|rule|Item Clause: Limit 1 of each item
|clearpoke
|poke|p1|Weezing-Galar, L50, F|
|poke|p1|Slaking, L50, M|
|poke|p1|Dragapult, L50, M|
|poke|p1|Corviknight, L50, M|
|poke|p1|Dondozo, L50, M|
|poke|p1|Tatsugiri, L50, M|
|poke|p2|Porygon2, L50|
|poke|p2|Ursaluna, L50, M|
|poke|p2|Incineroar, L50, F|
|poke|p2|Amoonguss, L50, F|
|poke|p2|Gholdengo, L50|
|poke|p2|Hydreigon, L50, M|
|teampreview|4
|showteam|p1|Weezing-Galar||CovertCloak|NeutralizingGas|StrangeSteam,WillOWisp,Taunt,Protect|||F|||50|,,,,,Water]Slaking||LifeOrb|Truant|DoubleEdge,SuckerPunch,HighHorsepower,Protect|||M|||50|,,,,,Ghost]Dragapult||ChoiceBand|ClearBody|PhantomForce,DragonDarts,Uturn,TeraBlast|||M|||50|,,,,,Ghost]Corviknight||SitrusBerry|MirrorArmor|BraveBird,Tailwind,Roost,Protect|||M|||50|,,,,,Dragon]Dondozo||Leftovers|Unaware|WaveCrash,HeavySlam,OrderUp,Protect|||M|||50|,,,,,Grass]Tatsugiri||FocusSash|Commander|MuddyWater,DragonPulse,IcyWind,Protect|||M|||50|,,,,,Grass
|showteam|p2|Porygon2||Eviolite|Download|TeraBlast,IceBeam,TrickRoom,Recover||||||50|,,,,,Fighting]Ursaluna||FlameOrb|Guts|Facade,HeadlongRush,Earthquake,Protect|||M|||50|,,,,,Ghost]Incineroar||SitrusBerry|Intimidate|FlareBlitz,KnockOff,FakeOut,PartingShot|||F|||50|,,,,,Ghost]Amoonguss||CovertCloak|Regenerator|Spore,RagePowder,PollenPuff,Protect|||F|||50|,,,,,Psychic]Gholdengo||LifeOrb|GoodasGold|MakeItRain,ShadowBall,NastyPlot,Protect||||||50|,,,,,Water]Hydreigon||SafetyGoggles|Levitate|DracoMeteor,Snarl,Tailwind,Protect|||M|||50|,,,,,Ghost
|inactive|Battle timer is ON: inactive players will automatically lose when time's up. (requested by KilamanolaVGC)
|
|t:|1755812161
|teamsize|p1|4
|teamsize|p2|4
|start
|switch|p1a: Slaking|Slaking, L50, M, shiny|100/100
|switch|p1b: Weezing|Weezing-Galar, L50, F, shiny|100/100
|switch|p2a: Amoonguss|Amoonguss, L50, F|100/100
|switch|p2b: Porygon2|Porygon2, L50|100/100
|-ability|p1b: Weezing|Neutralizing Gas
|turn|1
|
|t:|1755812179
|move|p2a: Amoonguss|Rage Powder|p2a: Amoonguss
|-singleturn|p2a: Amoonguss|move: Rage Powder
|move|p1a: Slaking|Double-Edge|p2a: Amoonguss
|-damage|p2a: Amoonguss|19/100
|-damage|p1a: Slaking|74/100|[from] Recoil
|-damage|p1a: Slaking|64/100|[from] item: Life Orb
|move|p1b: Weezing|Taunt|p2a: Amoonguss
|-start|p2a: Amoonguss|move: Taunt
|move|p2b: Porygon2|Trick Room|p2b: Porygon2
|-fieldstart|move: Trick Room|[of] p2b: Porygon2
|
|upkeep
|turn|2
|
|t:|1755812194
|switch|p2a: Incineroar|Incineroar, L50, F|100/100
|move|p1a: Slaking|Protect|p1a: Slaking
|-singleturn|p1a: Slaking|Protect
|move|p2b: Porygon2|Tera Blast|p1b: Weezing
|-damage|p1b: Weezing|64/100
|move|p1b: Weezing|Strange Steam|p2b: Porygon2
|-damage|p2b: Porygon2|82/100
|
|upkeep
|turn|3
|
|t:|1755812207
|move|p2b: Porygon2|Tera Blast|p1a: Slaking
|-damage|p1a: Slaking|29/100
|move|p1b: Weezing|Strange Steam|p2b: Porygon2
|-damage|p2b: Porygon2|64/100
|move|p2a: Incineroar|Knock Off|p1a: Slaking
|-damage|p1a: Slaking|0 fnt
|-enditem|p1a: Slaking|Life Orb|[from] move: Knock Off|[of] p2a: Incineroar
|faint|p1a: Slaking
|
|upkeep
|
|t:|1755812219
|switch|p1a: Dondozo|Dondozo, L50, M, shiny|100/100
|turn|4
|
|t:|1755812230
|-end|p1b: Weezing|ability: Neutralizing Gas
|-ability|p2b: Porygon2|Download|boost
|-boost|p2b: Porygon2|spa|1
|-ability|p2a: Incineroar|Intimidate|boost
|-unboost|p1a: Dondozo|atk|1
|-unboost|p1b: Weezing|atk|1
|switch|p1b: Tatsugiri|Tatsugiri, L50, M, shiny|100/100
|-activate|p1b: Tatsugiri|ability: Commander|[of] p1a: Dondozo
|-boost|p1a: Dondozo|atk|2
|-boost|p1a: Dondozo|spa|2
|-boost|p1a: Dondozo|spe|2
|-boost|p1a: Dondozo|def|2
|-boost|p1a: Dondozo|spd|2
|move|p2b: Porygon2|Tera Blast|p1a: Dondozo
|-damage|p1a: Dondozo|83/100
|move|p2a: Incineroar|Parting Shot|p1a: Dondozo
|-unboost|p1a: Dondozo|atk|1
|-unboost|p1a: Dondozo|spa|1
|
|t:|1755812244
|switch|p2a: Amoonguss|Amoonguss, L50, F|19/100|[from] Parting Shot
|move|p1a: Dondozo|Wave Crash|p2a: Amoonguss
|-resisted|p2a: Amoonguss
|-damage|p2a: Amoonguss|0 fnt
|faint|p2a: Amoonguss
|-damage|p1a: Dondozo|77/100|[from] Recoil
|
|-heal|p1a: Dondozo|83/100|[from] item: Leftovers
|upkeep
|
|t:|1755812246
|switch|p2a: Incineroar|Incineroar, L50, F|100/100
|-ability|p2a: Incineroar|Intimidate|boost
|-unboost|p1a: Dondozo|atk|1
|-unboost|p1b: Tatsugiri|atk|1
|turn|5
|
|t:|1755812264
|-terastallize|p2a: Incineroar|Ghost
|move|p2b: Porygon2|Recover|p2b: Porygon2
|-heal|p2b: Porygon2|100/100
|move|p2a: Incineroar|Knock Off|p1a: Dondozo
|-damage|p1a: Dondozo|67/100
|-enditem|p1a: Dondozo|Leftovers|[from] move: Knock Off|[of] p2a: Incineroar
|move|p1a: Dondozo|Order Up|p2a: Incineroar
|-crit|p2a: Incineroar
|-damage|p2a: Incineroar|63/100
|-boost|p1a: Dondozo|atk|1
|
|-fieldend|move: Trick Room
|upkeep
|turn|6
|
|t:|1755812279
|move|p1a: Dondozo|Order Up|p2a: Incineroar
|-crit|p2a: Incineroar
|-damage|p2a: Incineroar|25/100
|-enditem|p2a: Incineroar|Sitrus Berry|[eat]
|-heal|p2a: Incineroar|49/100|[from] item: Sitrus Berry
|-boost|p1a: Dondozo|atk|1
|move|p2a: Incineroar|Parting Shot|p1a: Dondozo
|-unboost|p1a: Dondozo|atk|1
|-unboost|p1a: Dondozo|spa|1
|
|t:|1755812287
|switch|p2a: Ursaluna|Ursaluna, L50, M|100/100|[from] Parting Shot
|move|p2b: Porygon2|Trick Room|p2b: Porygon2
|-fieldstart|move: Trick Room|[of] p2b: Porygon2
|
|-status|p2a: Ursaluna|brn|[from] item: Flame Orb
|upkeep
|turn|7
|
|t:|1755812299
|move|p1a: Dondozo|Protect|p1a: Dondozo
|-singleturn|p1a: Dondozo|Protect
|move|p2a: Ursaluna|Facade|p1a: Dondozo
|-activate|p1a: Dondozo|move: Protect
|move|p2b: Porygon2|Tera Blast|p1a: Dondozo
|-activate|p1a: Dondozo|move: Protect
|
|-damage|p2a: Ursaluna|95/100 brn|[from] brn
|upkeep
|turn|8
|
|t:|1755812308
|move|p2a: Ursaluna|Facade|p1a: Dondozo
|-damage|p1a: Dondozo|20/100
|move|p2b: Porygon2|Tera Blast|p1a: Dondozo
|-damage|p1a: Dondozo|4/100
|move|p1a: Dondozo|Wave Crash|p2a: Ursaluna
|-supereffective|p2a: Ursaluna
|-damage|p2a: Ursaluna|23/100 brn
|-damage|p1a: Dondozo|0 fnt|[from] Recoil
|faint|p1a: Dondozo
|
|-damage|p2a: Ursaluna|17/100 brn|[from] brn
|upkeep
|
|t:|1755812317
|switch|p1a: Weezing|Weezing-Galar, L50, F, shiny|64/100
|-ability|p1a: Weezing|Neutralizing Gas
|turn|9
|
|t:|1755812329
|-terastallize|p1a: Weezing|Water
|move|p2a: Ursaluna|Earthquake|p1b: Tatsugiri|[spread] p2b,p1a,p1b
|-damage|p2b: Porygon2|89/100
|-damage|p1a: Weezing|46/100
|-damage|p1b: Tatsugiri|57/100
|move|p2b: Porygon2|Tera Blast|p1b: Tatsugiri
|-damage|p1b: Tatsugiri|0 fnt
|faint|p1b: Tatsugiri
|move|p1a: Weezing|Taunt|p2a: Ursaluna
|-start|p2a: Ursaluna|move: Taunt
|
|-damage|p2a: Ursaluna|11/100 brn|[from] brn
|upkeep
|turn|10
|c|☆KilamanolaVGC|Cheater
|-message|KilamanolaVGC forfeited.
|c|☆jayoticnl|ggs
|
|win|jayoticnl
|raw|KilamanolaVGC's rating: 1190 → 1173(-17 for losing)
|raw|jayoticnl's rating: 1298 → 1315(+17 for winning)
|l|☆KilamanolaVGC
|player|p1|
