|j|☆reshiee
|j|☆Bexuanmailonto
|html|reshieeBexuanmailonto    
|uhtml|bestof|Game 1 of a best-of-3
|t:|1784567993
|gametype|doubles
|player|p1|reshiee|gwynn|1110
|player|p2|Bexuanmailonto|266|1182
|gen|9
|tier|[Gen 9 Champions] VGC 2026 Reg M-B (Bo3)
|rated|
|rule|Species Clause: Limit one of each Pokémon
|rule|Item Clause: Limit 1 of each item
|clearpoke
|poke|p1|Charizard, L50, M|
|poke|p1|Venusaur, L50, F|
|poke|p1|Pelipper, L50, F|
|poke|p1|Grimmsnarl, L50, M|
|poke|p1|Basculegion, L50, M|
|poke|p1|Archaludon, L50, M|
|poke|p2|Charizard, L50, M|
|poke|p2|Garchomp, L50, M|
|poke|p2|Sylveon, L50, M|
|poke|p2|Farigiraf, L50, M|
|poke|p2|Kingambit, L50, F|
|poke|p2|Aerodactyl, L50, M|
|teampreview|4
|showteam|p1|Charizard||CharizarditeY|Blaze|HeatWave,WeatherBall,SolarBeam,Protect|Modest||M|||50|]Venusaur||FocusSash|Chlorophyll|SludgeBomb,EarthPower,SleepPowder,Protect|Modest||F|||50|]Pelipper||SitrusBerry|Drizzle|Hurricane,WeatherBall,Tailwind,WideGuard|Modest||F|||50|]Grimmsnarl||LightClay|Prankster|SpiritBreak,Reflect,LightScreen,PartingShot|Sassy||M|||50|]Basculegion||ChoiceScarf|Adaptability|WaveCrash,LastRespects,FlipTurn,AquaJet|Jolly||M|||50|]Archaludon||Leftovers|Stamina|DragonPulse,FlashCannon,ElectroShot,Protect|Calm||M|||50|
|showteam|p2|Charizard||CharizarditeY|Blaze|Protect,HeatWave,WeatherBall,SolarBeam|Modest||M|||50|]Garchomp||SoftSand|RoughSkin|Protect,DragonClaw,StompingTantrum,Earthquake|Jolly||M|||50|]Sylveon||FairyFeather|Pixilate|Detect,QuickAttack,HyperVoice,HyperBeam|Modest||M|||50|]Farigiraf||SitrusBerry|ArmorTail|TwinBeam,Thunderbolt,Protect,TrickRoom|Quiet||M|||50|]Kingambit||FocusSash|Defiant|KowtowCleave,IronHead,SuckerPunch,LowKick|Adamant||F|||50|]Aerodactyl||Aerodactylite|Unnerve|RockSlide,DualWingbeat,WideGuard,Tailwind|Jolly||M|||50|
|c|☆reshiee|glhf
|
|t:|1784568081
|teamsize|p1|4
|teamsize|p2|4
|start
|switch|p1a: Charizard|Charizard, L50, M|100/100
|switch|p1b: Venusaur|Venusaur, L50, F|100/100
|switch|p2a: Farigiraf|Farigiraf, L50, M|100/100
|switch|p2b: Kingambit|Kingambit, L50, F|100/100
|turn|1
|
|t:|1784568143
|detailschange|p1a: Charizard|Charizard-Mega-Y, L50, M
|-mega|p1a: Charizard|Charizard|Charizardite Y
|-weather|SunnyDay|[from] ability: Drought|[of] p1a: Charizard
|move|p2a: Farigiraf|Protect|p2a: Farigiraf
|-singleturn|p2a: Farigiraf|Protect
|move|p1b: Venusaur|Earth Power|p2b: Kingambit
|-supereffective|p2b: Kingambit|1
|-damage|p2b: Kingambit|39/100
|move|p1a: Charizard|Heat Wave|p2a: Farigiraf|[spread] 
|-activate|p2a: Farigiraf|move: Protect
|-miss|p1a: Charizard|p2b: Kingambit
|move|p2b: Kingambit|Kowtow Cleave|p1a: Charizard
|-damage|p1a: Charizard|53/100
|
|-weather|SunnyDay|[upkeep]
|upkeep
|turn|2
|
|t:|1784568170
|move|p2b: Kingambit|Sucker Punch|p1a: Charizard
|-damage|p1a: Charizard|16/100
|move|p1b: Venusaur|Sleep Powder|p2a: Farigiraf|[miss]
|-miss|p1b: Venusaur|p2a: Farigiraf
|move|p1a: Charizard|Heat Wave|p2a: Farigiraf|[spread] p2a,p2b
|-supereffective|p2b: Kingambit|1
|-damage|p2a: Farigiraf|42/100
|-damage|p2b: Kingambit|0 fnt
|-enditem|p2a: Farigiraf|Sitrus Berry|[eat]
|-heal|p2a: Farigiraf|67/100|[from] item: Sitrus Berry
|faint|p2b: Kingambit
|move|p2a: Farigiraf|Twin Beam|p1b: Venusaur
|-supereffective|p1b: Venusaur|1
|-damage|p1b: Venusaur|52/100
|-supereffective|p1b: Venusaur|1
|-damage|p1b: Venusaur|0 fnt
|faint|p1b: Venusaur
|-hitcount|p1: Venusaur|2
|
|-weather|SunnyDay|[upkeep]
|upkeep
|
|t:|1784568192
|switch|p1b: Pelipper|Pelipper, L50, F|100/100
|switch|p2b: Aerodactyl|Aerodactyl, L50, M|100/100
|-ability|p2b: Aerodactyl|Unnerve
|-weather|RainDance|[from] ability: Drizzle|[of] p1b: Pelipper
|turn|3
|
|t:|1784568247
|switch|p2b: Garchomp|Garchomp, L50, M|100/100
|switch|p1a: Archaludon|Archaludon, L50, M|100/100
|move|p1b: Pelipper|Tailwind|p1b: Pelipper
|-sidestart|p1: reshiee|move: Tailwind
|move|p2a: Farigiraf|Thunderbolt|p1a: Archaludon
|-resisted|p1a: Archaludon|1
|-damage|p1a: Archaludon|86/100
|-ability|p1a: Archaludon|Stamina|boost
|-boost|p1a: Archaludon|def|1
|
|-weather|RainDance|[upkeep]
|-heal|p1a: Archaludon|92/100|[from] item: Leftovers
|upkeep
|turn|4
|
|t:|1784568294
|move|p2b: Garchomp|Protect|p2b: Garchomp
|-singleturn|p2b: Garchomp|Protect
|move|p1a: Archaludon|Dragon Pulse|p2b: Garchomp
|-activate|p2b: Garchomp|move: Protect
|move|p1b: Pelipper|Weather Ball|p2a: Farigiraf
|-damage|p2a: Farigiraf|12/100
|move|p2a: Farigiraf|Thunderbolt|p1b: Pelipper
|-supereffective|p1b: Pelipper|2
|-crit|p1b: Pelipper
|-damage|p1b: Pelipper|0 fnt
|faint|p1b: Pelipper
|
|-weather|RainDance|[upkeep]
|-heal|p1a: Archaludon|98/100|[from] item: Leftovers
|upkeep
|
|t:|1784568307
|switch|p1b: Charizard|Charizard-Mega-Y, L50, M|16/100
|-weather|SunnyDay|[from] ability: Drought|[of] p1b: Charizard
|turn|5
|
|t:|1784568344
|move|p2a: Farigiraf|Protect|p2a: Farigiraf
|-singleturn|p2a: Farigiraf|Protect
|move|p1b: Charizard|Heat Wave|p2b: Garchomp|[spread] p2b
|-activate|p2a: Farigiraf|move: Protect
|-resisted|p2b: Garchomp|1
|-damage|p2b: Garchomp|67/100
|move|p1a: Archaludon|Dragon Pulse|p2b: Garchomp
|-supereffective|p2b: Garchomp|1
|-damage|p2b: Garchomp|0 fnt
|faint|p2b: Garchomp
|
|-weather|SunnyDay|[upkeep]
|-heal|p1a: Archaludon|100/100|[from] item: Leftovers
|upkeep
|
|t:|1784568354
|switch|p2b: Aerodactyl|Aerodactyl, L50, M|100/100
|-ability|p2b: Aerodactyl|Unnerve
|turn|6
|
|t:|1784568379
|detailschange|p2b: Aerodactyl|Aerodactyl-Mega, L50, M
|-mega|p2b: Aerodactyl|Aerodactyl|Aerodactylite
|move|p2a: Farigiraf|Protect||[still]
|-fail|p2a: Farigiraf
|move|p1b: Charizard|Heat Wave|p2b: Aerodactyl|[spread] p2a,p2b
|-resisted|p2b: Aerodactyl|1
|-damage|p2a: Farigiraf|0 fnt
|-damage|p2b: Aerodactyl|65/100
|-status|p2b: Aerodactyl|brn
|faint|p2a: Farigiraf
|move|p2b: Aerodactyl|Tailwind|p2b: Aerodactyl
|-sidestart|p2: Bexuanmailonto|move: Tailwind
|move|p1a: Archaludon|Dragon Pulse|p2b: Aerodactyl
|-damage|p2b: Aerodactyl|21/100 brn
|
|-weather|SunnyDay|[upkeep]
|-damage|p2b: Aerodactyl|15/100 brn|[from] brn
|-sideend|p1: reshiee|move: Tailwind
|upkeep
|turn|7
|
|t:|1784568400
|move|p1b: Charizard|Protect|p1b: Charizard
|-singleturn|p1b: Charizard|Protect
|move|p2b: Aerodactyl|Rock Slide|p1a: Archaludon|[spread] p1a
|-activate|p1b: Charizard|move: Protect
|-resisted|p1a: Archaludon|1
|-damage|p1a: Archaludon|96/100
|-ability|p1a: Archaludon|Stamina|boost
|-boost|p1a: Archaludon|def|1
|move|p1a: Archaludon|Dragon Pulse|p2b: Aerodactyl
|-damage|p2b: Aerodactyl|0 fnt
|faint|p2b: Aerodactyl
|
|win|reshiee
||Bexuanmailonto is ready for game 2.
|inactive|reshiee has 30 seconds to confirm battle start!
