|j|☆neuesspielzeug
|j|☆bpecina03
|html|neuesspielzeugbpecina03    
|uhtml|bestof|Game 3 of a best-of-3
|t:|1784519791
|gametype|doubles
|player|p1|neuesspielzeug|2|1227
|player|p2|bpecina03|169|1238
|gen|9
|tier|[Gen 9 Champions] VGC 2026 Reg M-B (Bo3)
|rated|
|rule|Species Clause: Limit one of each Pokémon
|rule|Item Clause: Limit 1 of each item
|clearpoke
|poke|p1|Scrafty, L50, M|
|poke|p1|Toxapex, L50, M|
|poke|p1|Metagross, L50|
|poke|p1|Chandelure, L50, F|
|poke|p1|Hydreigon, L50, M|
|poke|p1|Sneasler, L50, F|
|poke|p2|Delphox, L50, M|
|poke|p2|Meowscarada, L50, M|
|poke|p2|Kingambit, L50, F|
|poke|p2|Aerodactyl, L50, M|
|poke|p2|Sylveon, L50, M|
|poke|p2|Basculegion, L50, M|
|teampreview|4
|showteam|p1|Scrafty||Scraftinite|Intimidate|FakeOut,DrainPunch,KnockOff,PoisonJab|Careful||M|||50|]Toxapex||Leftovers|Regenerator|Infestation,Toxic,BanefulBunker,WideGuard|Bold||M|||50|]Metagross||Metagrossite|ClearBody|PsychicFangs,StompingTantrum,IcePunch,Protect|Jolly|||||50|]Chandelure||FocusSash|FlashFire|EnergyBall,HeatWave,ShadowBall,Protect|Timid||F|||50|]Hydreigon||ChoiceScarf|Levitate|DracoMeteor,Snarl,DarkPulse,EarthPower|Modest||M|||50|]Sneasler||LifeOrb|PoisonTouch|FakeOut,CloseCombat,DireClaw,Protect|Jolly||F|||50|
|showteam|p2|Delphox||Delphoxite|Blaze|Protect,Encore,HeatWave,Psychic|Timid||M|||50|]Meowscarada||ChoiceScarf|Protean|TripleAxel,KnockOff,FlowerTrick,Uturn|Adamant||M|||50|]Kingambit||LifeOrb|Defiant|KowtowCleave,IronHead,SuckerPunch,Protect|Adamant||F|||50|]Aerodactyl||Aerodactylite|Unnerve|RockSlide,Tailwind,Protect,DualWingbeat|Jolly||M|||50|]Sylveon||FairyFeather|Pixilate|Protect,HyperVoice,HyperBeam,QuickAttack|Modest||M|||50|]Basculegion||FocusSash|Adaptability|LastRespects,Liquidation,AquaJet,Protect|Jolly||M|||50|
|inactive|Battle timer is ON: inactive players will automatically lose when time's up. (requested by bpecina03)
|
|t:|1784519825
|teamsize|p1|4
|teamsize|p2|4
|start
|switch|p1a: Toxapex|Toxapex, L50, M|100/100
|switch|p1b: Hydreigon|Hydreigon, L50, M|100/100
|switch|p2a: Delphox|Delphox, L50, M|100/100
|switch|p2b: Kingambit|Kingambit, L50, F|100/100
|turn|1
|
|t:|1784519840
|detailschange|p2a: Delphox|Delphox-Mega, L50, M
|-mega|p2a: Delphox|Delphox|Delphoxite
|move|p1a: Toxapex|Baneful Bunker|p1a: Toxapex
|-singleturn|p1a: Toxapex|move: Protect
|move|p1b: Hydreigon|Dark Pulse|p2a: Delphox
|-supereffective|p2a: Delphox|1
|-damage|p2a: Delphox|6/100
|move|p2a: Delphox|Psychic|p1a: Toxapex
|-activate|p1a: Toxapex|move: Protect
|move|p2b: Kingambit|Iron Head|p1b: Hydreigon
|-damage|p1b: Hydreigon|34/100
|-damage|p2b: Kingambit|90/100|[from] item: Life Orb
|
|upkeep
|turn|2
|inactive|bpecina03 has 30 seconds left.
|
|t:|1784519867
|move|p2a: Delphox|Protect|p2a: Delphox
|-singleturn|p2a: Delphox|Protect
|move|p1b: Hydreigon|Dark Pulse|p2a: Delphox
|-activate|p2a: Delphox|move: Protect
|move|p2b: Kingambit|Iron Head|p1b: Hydreigon
|-damage|p1b: Hydreigon|0 fnt
|faint|p1b: Hydreigon
|-damage|p2b: Kingambit|80/100|[from] item: Life Orb
|move|p1a: Toxapex|Infestation|p2b: Kingambit
|-damage|p2b: Kingambit|77/100
|-activate|p2b: Kingambit|move: Infestation|[of] p1a: Toxapex
|
|-damage|p2b: Kingambit|65/100|[from] move: Infestation|[partiallytrapped]
|upkeep
|
|t:|1784519879
|switch|p1b: Sneasler|Sneasler, L50, F|100/100
|turn|3
|
|t:|1784519895
|move|p1b: Sneasler|Fake Out|p2a: Delphox
|-damage|p2a: Delphox|0 fnt
|faint|p2a: Delphox
|-damage|p1b: Sneasler|90/100|[from] item: Life Orb
|move|p2b: Kingambit|Kowtow Cleave|p1a: Toxapex
|-damage|p1a: Toxapex|52/100
|-damage|p2b: Kingambit|56/100|[from] item: Life Orb
|move|p1a: Toxapex|Infestation|p2b: Kingambit
|-damage|p2b: Kingambit|52/100
|
|-heal|p1a: Toxapex|57/100|[from] item: Leftovers
|-damage|p2b: Kingambit|40/100|[from] move: Infestation|[partiallytrapped]
|upkeep
|
|t:|1784519907
|switch|p2a: Meowscarada|Meowscarada, L50, M|100/100
|turn|4
|
|t:|1784519929
|move|p1b: Sneasler|Protect|p1b: Sneasler
|-singleturn|p1b: Sneasler|Protect
|move|p2b: Kingambit|Sucker Punch||[still]
|-fail|p2b: Kingambit
|move|p2a: Meowscarada|Triple Axel|p1b: Sneasler
|-start|p2a: Meowscarada|typechange|Ice|[from] ability: Protean
|-activate|p1b: Sneasler|move: Protect
|move|p1a: Toxapex|Infestation|p2a: Meowscarada
|-damage|p2a: Meowscarada|94/100
|-activate|p2a: Meowscarada|move: Infestation|[of] p1a: Toxapex
|
|-heal|p1a: Toxapex|63/100|[from] item: Leftovers
|-damage|p2a: Meowscarada|82/100|[from] move: Infestation|[partiallytrapped]
|-damage|p2b: Kingambit|28/100|[from] move: Infestation|[partiallytrapped]
|upkeep
|turn|5
|
|t:|1784519952
|move|p1b: Sneasler|Protect||[still]
|-fail|p1b: Sneasler
|move|p2a: Meowscarada|Triple Axel|p1b: Sneasler
|-crit|p1b: Sneasler
|-damage|p1b: Sneasler|63/100
|-damage|p1b: Sneasler|30/100
|-damage|p1b: Sneasler|0 fnt
|faint|p1b: Sneasler
|-hitcount|p1: Sneasler|3
|move|p2b: Kingambit|Kowtow Cleave|p1a: Toxapex
|-damage|p1a: Toxapex|20/100y
|-damage|p2b: Kingambit|18/100|[from] item: Life Orb
|move|p1a: Toxapex|Toxic|p2a: Meowscarada
|-status|p2a: Meowscarada|tox
|
|-heal|p1a: Toxapex|26/100|[from] item: Leftovers
|-damage|p2a: Meowscarada|76/100 tox|[from] psn
|-damage|p2a: Meowscarada|64/100 tox|[from] move: Infestation|[partiallytrapped]
|-damage|p2b: Kingambit|6/100|[from] move: Infestation|[partiallytrapped]
|upkeep
|
|t:|1784519970
|switch|p1b: Scrafty|Scrafty, L50, M|100/100
|-ability|p1b: Scrafty|Intimidate|boost
|-unboost|p2a: Meowscarada|atk|1
|-unboost|p2b: Kingambit|atk|1
|-ability|p2b: Kingambit|Defiant|boost
|-boost|p2b: Kingambit|atk|2
|turn|6
|
|t:|1784519981
|move|p1a: Toxapex|Baneful Bunker|p1a: Toxapex
|-singleturn|p1a: Toxapex|move: Protect
|move|p1b: Scrafty|Fake Out|p2a: Meowscarada
|-damage|p2a: Meowscarada|49/100 tox
|cant|p2a: Meowscarada|flinch
|move|p2b: Kingambit|Iron Head|p1b: Scrafty
|-damage|p1b: Scrafty|15/100
|-damage|p2b: Kingambit|0 fnt|[from] item: Life Orb
|faint|p2b: Kingambit
|
|-heal|p1a: Toxapex|31/100|[from] item: Leftovers
|-damage|p2a: Meowscarada|37/100 tox|[from] psn
|-damage|p2a: Meowscarada|25/100 tox|[from] move: Infestation|[partiallytrapped]
|upkeep
|
|t:|1784519994
|switch|p2b: Basculegion|Basculegion, L50, M|100/100
|turn|7
|
|t:|1784520007
|detailschange|p1b: Scrafty|Scrafty-Mega, L50, M
|-mega|p1b: Scrafty|Scrafty|Scraftinite
|-ability|p1b: Scrafty|Intimidate|boost
|-unboost|p2a: Meowscarada|atk|1
|-unboost|p2b: Basculegion|atk|1
|move|p2a: Meowscarada|Triple Axel|p1a: Toxapex
|-resisted|p1a: Toxapex|1
|-crit|p1a: Toxapex
|-damage|p1a: Toxapex|26/100
|-resisted|p1a: Toxapex|1
|-damage|p1a: Toxapex|22/100
|-resisted|p1a: Toxapex|1
|-damage|p1a: Toxapex|17/100
|-hitcount|p1a: Toxapex|3
|move|p2b: Basculegion|Last Respects|p1a: Toxapex
|-damage|p1a: Toxapex|0 fnt
|faint|p1a: Toxapex
|move|p1b: Scrafty|Knock Off|p2b: Basculegion
|-supereffective|p2b: Basculegion|1
|-enditem|p2b: Basculegion|Focus Sash
|-damage|p2b: Basculegion|1/100
|
|-damage|p2a: Meowscarada|7/100 tox|[from] psn
|-end|p2a: Meowscarada|Infestation|[partiallytrapped]|[silent]
|upkeep
|turn|8
|inactive|bpecina03 has 30 seconds left.
|
|t:|1784520033
|move|p2a: Meowscarada|Triple Axel|p1b: Scrafty
|-damage|p1b: Scrafty|11/100
|-damage|p1b: Scrafty|3/100
|-damage|p1b: Scrafty|0 fnt
|faint|p1b: Scrafty
|-hitcount|p1: Scrafty|3
|
|win|bpecina03
|raw|neuesspielzeug's rating: 1227 → 1203(-24 for losing)
|raw|bpecina03's rating: 1238 → 1262(+24 for winning)
