|j|☆kotamager34
|j|☆TAG2004
|html|kotamager34TAG2004    
|uhtml|bestof|Game 3 of a best-of-3
|t:|1783768256
|gametype|doubles
|player|p1|kotamager34|grimsley|1198
|player|p2|TAG2004|266|1171
|gen|9
|tier|[Gen 9 Champions] VGC 2026 Reg M-B (Bo3)
|rated|
|rule|Species Clause: Limit one of each Pokémon
|rule|Item Clause: Limit 1 of each item
|clearpoke
|poke|p1|Mawile, L50, M, shiny|
|poke|p1|Raichu, L50, M|
|poke|p1|Sinistcha, L50|
|poke|p1|Ceruledge, L50, M, shiny|
|poke|p1|Incineroar, L50, F|
|poke|p1|Milotic, L50, F|
|poke|p2|Venusaur, L50, F|
|poke|p2|Hydreigon, L50, M|
|poke|p2|Grimmsnarl, L50, M|
|poke|p2|Pelipper, L50, M|
|poke|p2|Archaludon, L50, F|
|poke|p2|Swampert, L50, M|
|teampreview|4
|showteam|p1|Mawile||Mawilite|HyperCutter|PlayRough,SuckerPunch,SwordsDance,Protect|Adamant||M|||50|]Raichu||RaichuniteY|LightningRod|ZapCannon,FocusBlast,FakeOut,Protect|Timid||M|||50|]Sinistcha||KasibBerry|Hospitality|Protect,RagePowder,MatchaGotcha,LifeDew|Calm|||||50|]Ceruledge||ColburBerry|FlashFire|BulkUp,Protect,ShadowSneak,BitterBlade|Adamant||M|||50|]Incineroar||SitrusBerry|Intimidate|FakeOut,ThroatChop,FlareBlitz,PartingShot|Impish||F|||50|]Milotic||Leftovers|Competitive|MuddyWater,Hypnosis,Coil,Protect|Calm||F|||50|
|showteam|p2|Venusaur||Venusaurite|Chlorophyll|SludgeBomb,Protect,EarthPower,GigaDrain|Modest||F|||50|]Hydreigon||ChoiceScarf|Levitate|DarkPulse,DracoMeteor,Snarl,Uturn|Modest||M|||50|]Grimmsnarl||LightClay|Prankster|PartingShot,Reflect,LightScreen,SpiritBreak|Careful||M|||50|]Pelipper||SitrusBerry|Drizzle|Hurricane,WeatherBall,Tailwind,WideGuard|Modest||M|||50|]Archaludon||Leftovers|Stamina|ElectroShot,FlashCannon,DragonPulse,Protect|Modest||F|||50|]Swampert||Swampertite|Damp|Protect,WaveCrash,HighHorsepower,IcePunch|Adamant||M|||50|
|inactive|Battle timer is ON: inactive players will automatically lose when time's up. (requested by kotamager34)
|inactive|TAG2004 also wants the timer to be on.
|
|t:|1783768283
|teamsize|p1|4
|teamsize|p2|4
|start
|switch|p1a: Ceruledge|Ceruledge, L50, M, shiny|100/100
|switch|p1b: Raichu|Raichu, L50, M|100/100
|switch|p2a: Grimmsnarl|Grimmsnarl, L50, M|100/100
|switch|p2b: Venusaur|Venusaur, L50, F|100/100
|turn|1
|
|t:|1783768301
|detailschange|p1b: Raichu|Raichu-Mega-Y, L50, M
|-mega|p1b: Raichu|Raichu|Raichunite Y
|detailschange|p2b: Venusaur|Venusaur-Mega, L50, F
|-mega|p2b: Venusaur|Venusaur|Venusaurite
|move|p1b: Raichu|Fake Out|p2a: Grimmsnarl
|-damage|p2a: Grimmsnarl|90/100
|cant|p2a: Grimmsnarl|flinch
|move|p2b: Venusaur|Earth Power|p1a: Ceruledge
|-supereffective|p1a: Ceruledge|1
|-damage|p1a: Ceruledge|45/100
|move|p1a: Ceruledge|Bitter Blade|p2b: Venusaur
|-supereffective|p2b: Venusaur|1
|-damage|p2b: Venusaur|64/100
|-heal|p1a: Ceruledge|64/100|[from] drain|[of] p2b: Venusaur
|
|upkeep
|turn|2
|inactive|TAG2004 has 30 seconds left.
|
|t:|1783768331
|switch|p1a: Milotic|Milotic, L50, F|100/100
|move|p2b: Venusaur|Protect|p2b: Venusaur
|-singleturn|p2b: Venusaur|Protect
|move|p2a: Grimmsnarl|Reflect|p2a: Grimmsnarl
|-sidestart|p2: TAG2004|Reflect
|move|p1b: Raichu|Zap Cannon|p2a: Grimmsnarl
|-damage|p2a: Grimmsnarl|32/100
|-status|p2a: Grimmsnarl|par
|
|upkeep
|turn|3
|
|t:|1783768348
|move|p1b: Raichu|Protect|p1b: Raichu
|-singleturn|p1b: Raichu|Protect
|move|p2a: Grimmsnarl|Parting Shot|p1b: Raichu
|-activate|p1b: Raichu|move: Protect
|move|p2b: Venusaur|Giga Drain|p1a: Milotic
|-supereffective|p1a: Milotic|1
|-damage|p1a: Milotic|51/100
|-heal|p2b: Venusaur|90/100|[from] drain|[of] p1a: Milotic
|move|p1a: Milotic|Coil|p1a: Milotic
|-boost|p1a: Milotic|atk|1
|-boost|p1a: Milotic|def|1
|-boost|p1a: Milotic|accuracy|1
|
|-heal|p1a: Milotic|57/100|[from] item: Leftovers
|upkeep
|turn|4
|
|t:|1783768368
|move|p2a: Grimmsnarl|Parting Shot|p1b: Raichu
|-unboost|p1b: Raichu|atk|1
|-unboost|p1b: Raichu|spa|1
|
|t:|1783768372
|switch|p2a: Archaludon|Archaludon, L50, F|100/100|[from] Parting Shot
|move|p1b: Raichu|Zap Cannon|p2a: Archaludon
|-resisted|p2a: Archaludon|1
|-damage|p2a: Archaludon|74/100
|-status|p2a: Archaludon|par
|-ability|p2a: Archaludon|Stamina|boost
|-boost|p2a: Archaludon|def|1
|move|p2b: Venusaur|Giga Drain|p1a: Milotic
|-supereffective|p1a: Milotic|1
|-damage|p1a: Milotic|8/100
|-heal|p2b: Venusaur|100/100|[from] drain|[of] p1a: Milotic
|move|p1a: Milotic|Hypnosis|p2b: Venusaur
|-status|p2b: Venusaur|slp|[from] move: Hypnosis
|
|-heal|p1a: Milotic|14/100|[from] item: Leftovers
|-heal|p2a: Archaludon|80/100 par|[from] item: Leftovers
|upkeep
|turn|5
|
|t:|1783768389
|move|p2a: Archaludon|Protect|p2a: Archaludon
|-singleturn|p2a: Archaludon|Protect
|move|p1b: Raichu|Focus Blast|p2a: Archaludon
|-activate|p2a: Archaludon|move: Protect
|cant|p2b: Venusaur|slp
|move|p1a: Milotic|Coil|p1a: Milotic
|-boost|p1a: Milotic|atk|1
|-boost|p1a: Milotic|def|1
|-boost|p1a: Milotic|accuracy|1
|
|-heal|p1a: Milotic|20/100r|[from] item: Leftovers
|-heal|p2a: Archaludon|86/100 par|[from] item: Leftovers
|upkeep
|turn|6
|
|t:|1783768399
|switch|p1b: Sinistcha|Sinistcha, L50|100/100
|-heal|p1a: Milotic|45/100|[from] ability: Hospitality|[of] p1b: Sinistcha
|-curestatus|p2b: Venusaur|slp|[msg]
|move|p2b: Venusaur|Giga Drain|p1a: Milotic
|-supereffective|p1a: Milotic|1
|-damage|p1a: Milotic|0 fnt
|faint|p1a: Milotic
|move|p2a: Archaludon|Dragon Pulse|p1b: Sinistcha
|-damage|p1b: Sinistcha|66/100
|
|-heal|p2a: Archaludon|92/100 par|[from] item: Leftovers
|upkeep
|
|t:|1783768403
|switch|p1a: Raichu|Raichu-Mega-Y, L50, M|100/100
|turn|7
|
|t:|1783768418
|switch|p2a: Grimmsnarl|Grimmsnarl, L50, M|32/100 par
|move|p1b: Sinistcha|Rage Powder|p1b: Sinistcha
|-singleturn|p1b: Sinistcha|move: Rage Powder
|move|p1a: Raichu|Focus Blast|p2a: Grimmsnarl
|-damage|p2a: Grimmsnarl|0 fnt
|faint|p2a: Grimmsnarl
|move|p2b: Venusaur|Earth Power|p1a: Raichu
|-supereffective|p1a: Raichu|1
|-damage|p1a: Raichu|10/100
|
|upkeep
|
|t:|1783768428
|switch|p2a: Archaludon|Archaludon, L50, F|92/100 par
|turn|8
|
|t:|1783768436
|move|p1a: Raichu|Protect|p1a: Raichu
|-singleturn|p1a: Raichu|Protect
|move|p2a: Archaludon|Protect|p2a: Archaludon
|-singleturn|p2a: Archaludon|Protect
|move|p2b: Venusaur|Earth Power|p1a: Raichu
|-activate|p1a: Raichu|move: Protect
|move|p1b: Sinistcha|Life Dew|p1b: Sinistcha|[spread] p1a,p1b
|-heal|p1a: Raichu|35/100
|-heal|p1b: Sinistcha|91/100
|
|-heal|p2a: Archaludon|98/100 par|[from] item: Leftovers
|upkeep
|turn|9
|
|t:|1783768456
|switch|p1b: Ceruledge|Ceruledge, L50, M, shiny|64/100
|move|p1a: Raichu|Protect||[still]
|-fail|p1a: Raichu
|move|p2b: Venusaur|Earth Power|p1a: Raichu
|-supereffective|p1a: Raichu|1
|-damage|p1a: Raichu|0 fnt
|faint|p1a: Raichu
|move|p2a: Archaludon|Dragon Pulse|p1b: Ceruledge
|-damage|p1b: Ceruledge|23/100
|
|-heal|p2a: Archaludon|100/100 par|[from] item: Leftovers
|-sideend|p2: TAG2004|Reflect
|upkeep
|
|t:|1783768460
|switch|p1a: Sinistcha|Sinistcha, L50|91/100
|-heal|p1b: Ceruledge|48/100|[from] ability: Hospitality|[of] p1a: Sinistcha
|turn|10
|-message|kotamager34 forfeited.
|
|win|TAG2004
|raw|kotamager34's rating: 1198 → 1171(-27 for losing)
|raw|TAG2004's rating: 1171 → 1198(+27 for winning)
