|j|☆leons husband
|j|☆magic 561
|html|leons husbandmagic 561    
|uhtml|bestof|Game 3 of a best-of-3
|t:|1782232793
|gametype|doubles
|player|p1|leons husband|scientistf|1218
|player|p2|magic 561|colress|1341
|gen|9
|tier|[Gen 9 Champions] VGC 2026 Reg M-B (Bo3)
|rated|
|rule|Species Clause: Limit one of each Pokémon
|rule|Item Clause: Limit 1 of each item
|clearpoke
|poke|p1|Whimsicott, L50, M, shiny|
|poke|p1|Garchomp, L50, M|
|poke|p1|Sneasler, L50, M|
|poke|p1|Rotom-Wash, L50, shiny|
|poke|p1|Floette-Eternal, L50, F|
|poke|p1|Charizard, L50, F|
|poke|p2|Glimmora, L50, F|
|poke|p2|Hydreigon, L50, M|
|poke|p2|Basculegion, L50, M|
|poke|p2|Whimsicott, L50, M|
|poke|p2|Staraptor, L50, M|
|poke|p2|Farigiraf, L50, F|
|teampreview|4
|showteam|p1|Whimsicott||FocusSash|Prankster|EnergyBall,Moonblast,Protect,Tailwind|Timid||M|||50|]Garchomp||LifeOrb|RoughSkin|RockSlide,Earthquake,DragonClaw,Protect|Adamant||M|||50|]Sneasler||WhiteHerb|Unburden|CloseCombat,DireClaw,FakeOut,Protect|Jolly||M|||50|]Rotom-Wash||Leftovers|Levitate|HydroPump,Thunderbolt,WillOWisp,Protect|Modest|||||50|]Floette-Eternal||Floettite|FlowerVeil|LightofRuin,Moonblast,DazzlingGleam,Protect|Modest||F|||50|]Charizard||CharizarditeY|Blaze|WeatherBall,HeatWave,Protect,SolarBeam|Modest||F|||50|
|showteam|p2|Glimmora||Glimmoranite|ToxicDebris|SludgeBomb,PowerGem,SpikyShield,EarthPower|Modest||F|||50|]Hydreigon||LifeOrb|Levitate|DracoMeteor,DarkPulse,EarthPower,Protect|Modest||M|||50|]Basculegion||MysticWater|Adaptability|WaveCrash,LastRespects,AquaJet,Protect|Adamant||M|||50|]Whimsicott||FocusSash|Prankster|Tailwind,Moonblast,Encore,Protect|Timid||M|||50|]Staraptor||Staraptite|Intimidate|CloseCombat,BraveBird,Roost,Protect|Adamant||M|||50|]Farigiraf||ColburBerry|ArmorTail|HyperVoice,Psychic,TrickRoom,Protect|Modest||F|||50|
|inactive|Battle timer is ON: inactive players will automatically lose when time's up. (requested by magic 561)
|inactive|magic 561 has 60 seconds left.
|inactive|magic 561 has 30 seconds left.
|inactive|magic 561 has 20 seconds left.
|inactive|magic 561 has 15 seconds left.
|inactive|magic 561 has 10 seconds left.
|
|t:|1782232878
|teamsize|p1|4
|teamsize|p2|4
|start
|switch|p1a: Garchomp|Garchomp, L50, M|100/100
|switch|p1b: Cait Sith|Whimsicott, L50, M, shiny|100/100
|switch|p2a: Basculegion|Basculegion, L50, M|100/100
|switch|p2b: Whimsicott|Whimsicott, L50, M|100/100
|turn|1
|
|t:|1782232899
|move|p2a: Basculegion|Protect|p2a: Basculegion
|-singleturn|p2a: Basculegion|Protect
|move|p1b: Cait Sith|Tailwind|p1b: Cait Sith
|-sidestart|p1: leons husband|move: Tailwind
|move|p1a: Garchomp|Earthquake|p2a: Basculegion|[spread] p1b,p2b
|-activate|p2a: Basculegion|move: Protect
|-resisted|p1b: Cait Sith|1
|-resisted|p2b: Whimsicott|1
|-damage|p1b: Cait Sith|61/100
|-damage|p2b: Whimsicott|54/100
|-damage|p1a: Garchomp|90/100|[from] item: Life Orb
|move|p2b: Whimsicott|Moonblast|p1a: Garchomp
|-supereffective|p1a: Garchomp|1
|-damage|p1a: Garchomp|5/100
|
|upkeep
|turn|2
|
|t:|1782232914
|move|p2b: Whimsicott|Encore|p1b: Cait Sith
|-start|p1b: Cait Sith|Encore
|move|p1b: Cait Sith|Tailwind||[still]
|-fail|p1b: Cait Sith
|move|p2a: Basculegion|Aqua Jet|p1a: Garchomp
|-damage|p1a: Garchomp|0 fnt
|-damage|p2a: Basculegion|87/100|[from] ability: Rough Skin|[of] p1a: Garchomp
|faint|p1a: Garchomp
|
|upkeep
|
|t:|1782232917
|switch|p1a: Floette|Floette-Eternal, L50, F|100/100
|turn|3
|inactive|magic 561 has 30 seconds left.
|
|t:|1782232952
|switch|p1b: Sneasler|Sneasler, L50, M|100/100
|detailschange|p1a: Floette|Floette-Mega, L50, F
|-mega|p1a: Floette|Floette|Floettite
|-ability|p1a: Floette|Fairy Aura
|move|p2b: Whimsicott|Tailwind|p2b: Whimsicott
|-sidestart|p2: magic 561|move: Tailwind
|move|p1a: Floette|Moonblast|p2a: Basculegion
|-damage|p2a: Basculegion|6/100
|-unboost|p2a: Basculegion|spa|1
|move|p2a: Basculegion|Wave Crash|p1a: Floette
|-damage|p1a: Floette|6/100
|-damage|p2a: Basculegion|0 fnt|[from] Recoil
|faint|p2a: Basculegion
|
|upkeep
|
|t:|1782232961
|switch|p2a: Glimmora|Glimmora, L50, F|100/100
|turn|4
|
|t:|1782232978
|switch|p1b: Cait Sith|Whimsicott, L50, M, shiny|61/100
|detailschange|p2a: Glimmora|Glimmora-Mega, L50, F
|-mega|p2a: Glimmora|Glimmora|Glimmoranite
|move|p2b: Whimsicott|Protect|p2b: Whimsicott
|-singleturn|p2b: Whimsicott|Protect
|move|p2a: Glimmora|Spiky Shield|p2a: Glimmora
|-singleturn|p2a: Glimmora|move: Protect
|move|p1a: Floette|Dazzling Gleam|p2b: Whimsicott|[spread] 
|-activate|p2a: Glimmora|move: Protect
|-activate|p2b: Whimsicott|move: Protect
|
|-sideend|p1: leons husband|move: Tailwind
|upkeep
|turn|5
|
|t:|1782232993
|move|p1b: Cait Sith|Tailwind|p1b: Cait Sith
|-sidestart|p1: leons husband|move: Tailwind
|move|p2b: Whimsicott|Moonblast|p1b: Cait Sith
|-damage|p1b: Cait Sith|0 fnt
|faint|p1b: Cait Sith
|move|p2a: Glimmora|Sludge Bomb|p1a: Floette
|-supereffective|p1a: Floette|1
|-damage|p1a: Floette|0 fnt
|faint|p1a: Floette
|
|upkeep
|
|t:|1782232996
|switch|p1b: Sneasler|Sneasler, L50, M|100/100
|turn|6
|
|t:|1782233003
|switch|p2b: Farigiraf|Farigiraf, L50, F|100/100
|move|p1b: Sneasler|Close Combat|p2a: Glimmora
|-damage|p2a: Glimmora|39/100
|-unboost|p1b: Sneasler|def|1
|-unboost|p1b: Sneasler|spd|1
|-enditem|p1b: Sneasler|White Herb
|-clearnegativeboost|p1b: Sneasler|[silent]
|move|p2a: Glimmora|Earth Power|p1b: Sneasler
|-supereffective|p1b: Sneasler|1
|-damage|p1b: Sneasler|0 fnt
|faint|p1b: Sneasler
|
|win|magic 561
|raw|leons husband's rating: 1218 → 1201(-17 for losing)
|raw|magic 561's rating: 1341 → 1354(+13 for winning)
|c|☆magic 561|ggs wp
|l|☆leons husband
|player|p1|
