|j|☆N8NoDog
|j|☆Drayagedrag0
|html|N8NoDogDrayagedrag0    
|uhtml|bestof|Game 1 of a best-of-3
|t:|1756759184
|gametype|doubles
|player|p1|N8NoDog|archer|1014
|player|p2|Drayagedrag0|2|1000
|gen|9
|tier|[Gen 9] VGC 2025 Reg H (Bo3)
|rated|
|rule|Species Clause: Limit one of each Pokémon
|rule|Item Clause: Limit 1 of each item
|clearpoke
|poke|p1|Dragapult, L50, F|
|poke|p1|Farigiraf, L50, F|
|poke|p1|Ursaluna-Bloodmoon, L50, M|
|poke|p1|Sneasler, L50, F|
|poke|p1|Electabuzz, L50, M|
|poke|p1|Incineroar, L50, M|
|poke|p2|Garchomp, L50, F|
|poke|p2|Ninetales-Alola, L50, F|
|poke|p2|Arcanine-Hisui, L50, F|
|poke|p2|Amoonguss, L50, M|
|poke|p2|Hydreigon, L50, M|
|poke|p2|Gholdengo, L50|
|teampreview|4
|showteam|p1|Dragapult||ChoiceBand|ClearBody|DragonDarts,PhantomForce,Uturn,TeraBlast|||F|||50|,,,,,Ghost]Farigiraf||ThroatSpray|ArmorTail|TwinBeam,TrickRoom,HelpingHand,HyperVoice|||F|||50|,,,,,Normal]Ursaluna-Bloodmoon||AssaultVest|MindsEye|HyperVoice,BloodMoon,VacuumWave,EarthPower|||M|||50|,,,,,Normal]Sneasler||FocusSash|Unburden|ThroatChop,DireClaw,CloseCombat,Protect|||F|||50|,,,,,Stellar]Electabuzz||Eviolite|VitalSpirit|FollowMe,Thunderbolt,Electroweb,Protect|||M|||50|,,,,,Fairy]Incineroar||SafetyGoggles|Intimidate|FakeOut,PartingShot,FlareBlitz,KnockOff|||M|||50|,,,,,Ghost
|showteam|p2|Garchomp||LifeOrb|RoughSkin|StompingTantrum,Earthquake,DragonClaw,Protect|||F|||50|,,,,,Fire]Ninetales-Alola||FocusSash|SnowWarning|Blizzard,IcyWind,Encore,AuroraVeil|||F|||50|,,,,,Ghost]Arcanine-Hisui||SafetyGoggles|Intimidate|FlareBlitz,RockSlide,ExtremeSpeed,Protect|||F|||50|,,,,,Ghost]Amoonguss||SitrusBerry|Regenerator|Spore,RagePowder,SludgeBomb,Protect|||M|||50|,,,,,Psychic]Hydreigon||CovertCloak|Levitate|DarkPulse,DracoMeteor,Tailwind,Protect|||M|||50|,,,,,Fire]Gholdengo||Leftovers|GoodasGold|MakeItRain,ShadowBall,NastyPlot,Protect||||||50|,,,,,Dragon
|inactive|Battle timer is ON: inactive players will automatically lose when time's up. (requested by N8NoDog)
|inactive|N8NoDog has 60 seconds left.
|inactive|Drayagedrag0 has 60 seconds left.
|
|t:|1756759232
|teamsize|p1|4
|teamsize|p2|4
|start
|switch|p1a: Farigiraf|Farigiraf, L50, F|100/100
|switch|p1b: Incineroar|Incineroar, L50, M|100/100
|switch|p2a: Gholdengo|Gholdengo, L50|100/100
|switch|p2b: Arcanine|Arcanine-Hisui, L50, F|100/100
|-ability|p2b: Arcanine|Intimidate|boost
|-unboost|p1a: Farigiraf|atk|1
|-unboost|p1b: Incineroar|atk|1
|-ability|p1b: Incineroar|Intimidate|boost
|-unboost|p2a: Gholdengo|atk|1
|-unboost|p2b: Arcanine|atk|1
|turn|1
|
|t:|1756759251
|switch|p1a: Electabuzz|Electabuzz, L50, M|100/100
|move|p2b: Arcanine|Rock Slide|p1a: Electabuzz|[spread] p1a
|-miss|p2b: Arcanine|p1b: Incineroar
|-damage|p1a: Electabuzz|86/100
|move|p2a: Gholdengo|Nasty Plot|p2a: Gholdengo
|-boost|p2a: Gholdengo|spa|2
|move|p1b: Incineroar|Knock Off|p2a: Gholdengo
|-supereffective|p2a: Gholdengo
|-damage|p2a: Gholdengo|46/100
|-enditem|p2a: Gholdengo|Leftovers|[from] move: Knock Off|[of] p1b: Incineroar
|
|upkeep
|turn|2
|inactive|N8NoDog has 30 seconds left.
|
|t:|1756759282
|switch|p2b: Amoonguss|Amoonguss, L50, M, shiny|100/100
|move|p2a: Gholdengo|Protect|p2a: Gholdengo
|-singleturn|p2a: Gholdengo|Protect
|move|p1a: Electabuzz|Electroweb|p2b: Amoonguss|[spread] p2b
|-activate|p2a: Gholdengo|move: Protect
|-resisted|p2b: Amoonguss
|-damage|p2b: Amoonguss|95/100
|-unboost|p2b: Amoonguss|spe|1
|move|p1b: Incineroar|Flare Blitz|p2a: Gholdengo
|-activate|p2a: Gholdengo|move: Protect
|
|upkeep
|turn|3
|inactive|Drayagedrag0 has 30 seconds left.
|
|t:|1756759309
|switch|p2a: Arcanine|Arcanine-Hisui, L50, F|100/100
|-ability|p2a: Arcanine|Intimidate|boost
|-unboost|p1a: Electabuzz|atk|1
|-unboost|p1b: Incineroar|atk|1
|move|p1a: Electabuzz|Electroweb|p2a: Arcanine|[spread] p2a,p2b
|-resisted|p2b: Amoonguss
|-damage|p2a: Arcanine|82/100
|-damage|p2b: Amoonguss|89/100
|-unboost|p2a: Arcanine|spe|1
|-unboost|p2b: Amoonguss|spe|1
|move|p1b: Incineroar|Flare Blitz|p2a: Arcanine
|-resisted|p2a: Arcanine
|-damage|p2a: Arcanine|74/100
|-damage|p1b: Incineroar|98/100|[from] Recoil
|move|p2b: Amoonguss|Sludge Bomb|p1b: Incineroar
|-damage|p1b: Incineroar|76/100
|
|upkeep
|turn|4
|inactive|Drayagedrag0 has 30 seconds left.
|
|t:|1756759337
|move|p1a: Electabuzz|Thunderbolt|p2a: Arcanine
|-damage|p2a: Arcanine|40/100
|move|p2a: Arcanine|Rock Slide|p1b: Incineroar|[spread] p1a,p1b
|-supereffective|p1b: Incineroar
|-damage|p1a: Electabuzz|63/100
|-damage|p1b: Incineroar|16/100
|move|p1b: Incineroar|Parting Shot|p2a: Arcanine
|-unboost|p2a: Arcanine|atk|1
|-unboost|p2a: Arcanine|spa|1
|
|t:|1756759351
|switch|p1b: Farigiraf|Farigiraf, L50, F|100/100|[from] Parting Shot
|move|p2b: Amoonguss|Sludge Bomb|p1a: Electabuzz
|-damage|p1a: Electabuzz|42/100
|
|upkeep
|turn|5
|inactive|N8NoDog has 30 seconds left.
|inactive|N8NoDog has 20 seconds left.
|inactive|N8NoDog has 15 seconds left.
|inactive|N8NoDog has 10 seconds left.
|
|t:|1756759400
|switch|p2a: Gholdengo|Gholdengo, L50|46/100
|move|p1a: Electabuzz|Follow Me|p1a: Electabuzz
|-singleturn|p1a: Electabuzz|move: Follow Me
|move|p1b: Farigiraf|Twin Beam|p2a: Gholdengo
|-resisted|p2a: Gholdengo
|-damage|p2a: Gholdengo|37/100
|-resisted|p2a: Gholdengo
|-damage|p2a: Gholdengo|28/100
|-hitcount|p2a: Gholdengo|2
|move|p2b: Amoonguss|Spore|p1a: Electabuzz
|-immune|p1a: Electabuzz|[from] ability: Vital Spirit
|
|upkeep
|turn|6
|inactive|Drayagedrag0 has 30 seconds left.
|
|t:|1756759428
|move|p2b: Amoonguss|Rage Powder|p2b: Amoonguss
|-singleturn|p2b: Amoonguss|move: Rage Powder
|move|p1a: Electabuzz|Electroweb|p2b: Amoonguss|[spread] p2a,p2b
|-resisted|p2b: Amoonguss
|-damage|p2a: Gholdengo|14/100
|-damage|p2b: Amoonguss|83/100
|-unboost|p2a: Gholdengo|spe|1
|-unboost|p2b: Amoonguss|spe|1
|move|p2a: Gholdengo|Nasty Plot|p2a: Gholdengo
|-boost|p2a: Gholdengo|spa|2
|move|p1b: Farigiraf|Twin Beam|p2b: Amoonguss
|-supereffective|p2b: Amoonguss
|-damage|p2b: Amoonguss|53/100
|-supereffective|p2b: Amoonguss
|-damage|p2b: Amoonguss|24/100
|-enditem|p2b: Amoonguss|Sitrus Berry|[eat]
|-heal|p2b: Amoonguss|48/100|[from] item: Sitrus Berry
|-hitcount|p2b: Amoonguss|2
|
|upkeep
|turn|7
|inactive|N8NoDog has 30 seconds left.
|
|t:|1756759454
|switch|p2b: Ninetales|Ninetales-Alola, L50, F, shiny|100/100
|-weather|Snowscape|[from] ability: Snow Warning|[of] p2b: Ninetales
|-terastallize|p1b: Farigiraf|Normal
|move|p2a: Gholdengo|Protect|p2a: Gholdengo
|-singleturn|p2a: Gholdengo|Protect
|move|p1a: Electabuzz|Electroweb|p2b: Ninetales|[spread] p2b
|-activate|p2a: Gholdengo|move: Protect
|-damage|p2b: Ninetales|84/100
|-unboost|p2b: Ninetales|spe|1
|move|p1b: Farigiraf|Hyper Voice|p2b: Ninetales|[spread] p2b
|-activate|p2a: Gholdengo|move: Protect
|-damage|p2b: Ninetales|39/100
|-enditem|p1b: Farigiraf|Throat Spray
|-boost|p1b: Farigiraf|spa|1|[from] item: Throat Spray
|
|-weather|Snowscape|[upkeep]
|upkeep
|turn|8
|
|t:|1756759474
|-terastallize|p2a: Gholdengo|Dragon
|move|p1a: Electabuzz|Electroweb|p2b: Ninetales|[spread] p2a,p2b
|-resisted|p2a: Gholdengo
|-damage|p2a: Gholdengo|7/100
|-damage|p2b: Ninetales|23/100
|-unboost|p2a: Gholdengo|spe|1
|-unboost|p2b: Ninetales|spe|1
|move|p2b: Ninetales|Icy Wind|p1b: Farigiraf|[spread] p1a,p1b
|-damage|p1a: Electabuzz|29/100
|-damage|p1b: Farigiraf|84/100
|-unboost|p1a: Electabuzz|spe|1
|-unboost|p1b: Farigiraf|spe|1
|move|p2a: Gholdengo|Make It Rain|p1a: Electabuzz|[spread] p1a,p1b
|-resisted|p1a: Electabuzz
|-damage|p1a: Electabuzz|0 fnt
|-damage|p1b: Farigiraf|0 fnt
|-unboost|p2a: Gholdengo|spa|1
|faint|p1a: Electabuzz
|faint|p1b: Farigiraf
|
|-weather|Snowscape|[upkeep]
|upkeep
|
|t:|1756759483
|switch|p1a: Incineroar|Incineroar, L50, M|16/100
|switch|p1b: Ursaluna|Ursaluna-Bloodmoon, L50, M|100/100
|-ability|p1a: Incineroar|Intimidate|boost
|-unboost|p2a: Gholdengo|atk|1
|-unboost|p2b: Ninetales|atk|1
|turn|9
|inactive|N8NoDog has 30 seconds left.
|inactive|N8NoDog has 20 seconds left.
|
|t:|1756759523
|switch|p2b: Amoonguss|Amoonguss, L50, M, shiny|81/100
|move|p2a: Gholdengo|Protect|p2a: Gholdengo
|-singleturn|p2a: Gholdengo|Protect
|move|p1a: Incineroar|Fake Out|p2b: Amoonguss
|-damage|p2b: Amoonguss|72/100
|move|p1b: Ursaluna|Hyper Voice|p2a: Gholdengo|[spread] p2b
|-activate|p2a: Gholdengo|move: Protect
|-damage|p2b: Amoonguss|39/100
|
|-weather|Snowscape|[upkeep]
|upkeep
|turn|10
|
|t:|1756759537
|switch|p2a: Arcanine|Arcanine-Hisui, L50, F|40/100
|-ability|p2a: Arcanine|Intimidate|boost
|-unboost|p1a: Incineroar|atk|1
|-unboost|p1b: Ursaluna|atk|1
|move|p2b: Amoonguss|Protect|p2b: Amoonguss
|-singleturn|p2b: Amoonguss|Protect
|move|p1a: Incineroar|Knock Off|p2b: Amoonguss
|-activate|p2b: Amoonguss|move: Protect
|move|p1b: Ursaluna|Hyper Voice|p2b: Amoonguss|[spread] p2a
|-activate|p2b: Amoonguss|move: Protect
|-resisted|p2a: Arcanine
|-damage|p2a: Arcanine|16/100
|
|-weather|Snowscape|[upkeep]
|upkeep
|turn|11
|inactive|Drayagedrag0 has 30 seconds left.
|
|t:|1756759565
|switch|p2b: Gholdengo|Gholdengo, L50, tera:Dragon|7/100
|move|p2a: Arcanine|Extreme Speed|p1a: Incineroar
|-damage|p1a: Incineroar|0 fnt
|faint|p1a: Incineroar
|move|p1b: Ursaluna|Vacuum Wave|p2a: Arcanine
|-supereffective|p2a: Arcanine
|-damage|p2a: Arcanine|0 fnt
|faint|p2a: Arcanine
|
|-weather|none
|upkeep
|
|t:|1756759578
|switch|p2a: Ninetales|Ninetales-Alola, L50, F, shiny|23/100
|-weather|Snowscape|[from] ability: Snow Warning|[of] p2a: Ninetales
|turn|12
|
|t:|1756759596
|switch|p2a: Amoonguss|Amoonguss, L50, M, shiny|72/100
|move|p2b: Gholdengo|Protect|p2b: Gholdengo
|-singleturn|p2b: Gholdengo|Protect
|move|p1b: Ursaluna|Hyper Voice|p2b: Gholdengo|[spread] p2a
|-activate|p2b: Gholdengo|move: Protect
|-damage|p2a: Amoonguss|39/100
|
|-weather|Snowscape|[upkeep]
|upkeep
|turn|13
|
|t:|1756759611
|move|p2b: Gholdengo|Make It Rain|p1b: Ursaluna
|-damage|p1b: Ursaluna|55/100
|-unboost|p2b: Gholdengo|spa|1
|move|p1b: Ursaluna|Blood Moon|p2a: Amoonguss
|-damage|p2a: Amoonguss|0 fnt
|faint|p2a: Amoonguss
|
|-weather|Snowscape|[upkeep]
|upkeep
|
|t:|1756759617
|switch|p2a: Ninetales|Ninetales-Alola, L50, F, shiny|23/100
|turn|14
|
|t:|1756759624
|move|p2a: Ninetales|Blizzard|p1b: Ursaluna
|-supereffective|p1b: Ursaluna
|-damage|p1b: Ursaluna|0 fnt
|faint|p1b: Ursaluna
|
|win|Drayagedrag0
|l|☆N8NoDog
|player|p1|
||Drayagedrag0 is ready for game 2.
||N8NoDog is ready for game 2.
|uhtml|next|Next: Game 2 of 3
|l|☆Drayagedrag0
|player|p2|
|j|☆Drayagedrag0
|player|p2|Drayagedrag0|2|
