|j|☆standardvr
|j|☆PaquitoelBollito
|html|standardvrPaquitoelBollito    
|uhtml|bestof|Game 3 of a best-of-3
|t:|1785087843
|gametype|doubles
|player|p1|standardvr|170|1082
|player|p2|PaquitoelBollito|170|1138
|gen|9
|tier|[Gen 9 Champions] VGC 2026 Reg M-B (Bo3)
|rated|
|rule|Species Clause: Limit one of each Pokémon
|rule|Item Clause: Limit 1 of each item
|clearpoke
|poke|p1|Blastoise, L50, M|
|poke|p1|Delphox, L50, F|
|poke|p1|Incineroar, L50, M|
|poke|p1|Kingambit, L50, F|
|poke|p1|Sinistcha, L50|
|poke|p1|Sneasler, L50, M|
|poke|p2|Aerodactyl, L50, M|
|poke|p2|Kingambit, L50, M|
|poke|p2|Garchomp, L50, M|
|poke|p2|Farigiraf, L50, F|
|poke|p2|Charizard, L50, M|
|poke|p2|Sylveon, L50, F|
|teampreview|4
|showteam|p1|Blastoise||Blastoisinite|RainDish|WaterSpout,DarkPulse,ShellSmash,Protect|Modest||M|||50|]Delphox||Delphoxite|Blaze|HeatWave,Protect,NastyPlot,Psyshock|Modest||F|||50|]Incineroar||SitrusBerry|Intimidate|FakeOut,PartingShot,FlareBlitz,ThroatChop|Adamant||M|||50|]Kingambit||BlackGlasses|Defiant|SuckerPunch,KowtowCleave,Protect,IronHead|Adamant||F|||50|]Sinistcha||KasibBerry|Hospitality|RagePowder,MatchaGotcha,Protect,TrickRoom|Modest|||||50|]Sneasler||FocusSash|PoisonTouch|CloseCombat,FakeOut,DireClaw,Protect|Adamant||M|||50|
|showteam|p2|Aerodactyl||Aerodactylite|Unnerve|Tailwind,DualWingbeat,IceFang,RockSlide|Jolly||M|||50|]Kingambit||BlackGlasses|Defiant|SuckerPunch,KowtowCleave,Protect,LowKick|Adamant||M|||50|]Garchomp||LifeOrb|RoughSkin|Protect,DragonClaw,Earthquake,StompingTantrum|Jolly||M|||50|]Farigiraf||SitrusBerry|ArmorTail|PsychicFangs,Thunderbolt,TrickRoom,SunnyDay|Relaxed||F|||50|]Charizard||CharizarditeY|Blaze|Protect,HeatWave,WeatherBall,SolarBeam|Modest||M|||50|]Sylveon||FairyFeather|Pixilate|HyperVoice,Protect,QuickAttack,HyperBeam|Modest||F|||50|
|inactive|Battle timer is ON: inactive players will automatically lose when time's up. (requested by PaquitoelBollito)
|
|t:|1785087870
|teamsize|p1|4
|teamsize|p2|4
|start
|switch|p1a: Incineroar|Incineroar, L50, M|100/100
|switch|p1b: Blastoise|Blastoise, L50, M|100/100
|switch|p2a: Charizard|Charizard, L50, M|100/100
|switch|p2b: Kingambit|Kingambit, L50, M|100/100
|-ability|p1a: Incineroar|Intimidate|boost
|-unboost|p2a: Charizard|atk|1
|-unboost|p2b: Kingambit|atk|1
|-ability|p2b: Kingambit|Defiant|boost
|-boost|p2b: Kingambit|atk|2
|turn|1
|inactive|PaquitoelBollito has 30 seconds left.
|
|t:|1785087897
|detailschange|p1b: Blastoise|Blastoise-Mega, L50, M
|-mega|p1b: Blastoise|Blastoise|Blastoisinite
|detailschange|p2a: Charizard|Charizard-Mega-Y, L50, M
|-mega|p2a: Charizard|Charizard|Charizardite Y
|-weather|SunnyDay|[from] ability: Drought|[of] p2a: Charizard
|move|p2b: Kingambit|Protect|p2b: Kingambit
|-singleturn|p2b: Kingambit|Protect
|move|p1a: Incineroar|Fake Out|p2a: Charizard
|-damage|p2a: Charizard|86/100
|move|p1b: Blastoise|Shell Smash|p1b: Blastoise
|-unboost|p1b: Blastoise|def|1
|-unboost|p1b: Blastoise|spd|1
|-boost|p1b: Blastoise|atk|2
|-boost|p1b: Blastoise|spa|2
|-boost|p1b: Blastoise|spe|2
|cant|p2a: Charizard|flinch
|
|-weather|SunnyDay|[upkeep]
|upkeep
|turn|2
|
|t:|1785087919
|switch|p2b: Sylveon|Sylveon, L50, F|100/100
|move|p1b: Blastoise|Protect|p1b: Blastoise
|-singleturn|p1b: Blastoise|Protect
|move|p2a: Charizard|Solar Beam||[still]
|-prepare|p2a: Charizard|Solar Beam
|-anim|p2a: Charizard|Solar Beam|p1b: Blastoise
|-activate|p1b: Blastoise|move: Protect
|move|p1a: Incineroar|Flare Blitz|p2b: Sylveon
|-damage|p2b: Sylveon|0 fnt
|faint|p2b: Sylveon
|-damage|p1a: Incineroar|65/100|[from] Recoil
|
|-weather|SunnyDay|[upkeep]
|upkeep
|
|t:|1785087926
|switch|p2b: Garchomp|Garchomp, L50, M|100/100
|turn|3
|inactive|standardvr has 30 seconds left.
|
|t:|1785087954
|move|p1b: Blastoise|Water Spout|p2a: Charizard|[spread] p2a,p2b
|-supereffective|p2a: Charizard|1
|-damage|p2a: Charizard|0 fnt
|-damage|p2b: Garchomp|28/100
|faint|p2a: Charizard
|move|p2b: Garchomp|Earthquake|p1b: Blastoise|[spread] p1a,p1b
|-supereffective|p1a: Incineroar|1
|-damage|p1a: Incineroar|0 fnt
|-damage|p1b: Blastoise|22/100
|faint|p1a: Incineroar
|-damage|p2b: Garchomp|19/100|[from] item: Life Orb
|
|-weather|SunnyDay|[upkeep]
|upkeep
|
|t:|1785087965
|switch|p2a: Kingambit|Kingambit, L50, M|100/100
|switch|p1a: Sinistcha|Sinistcha, L50|100/100
|-heal|p1b: Blastoise|47/100|[from] ability: Hospitality|[of] p1a: Sinistcha
|turn|4
|
|t:|1785087975
|switch|p1a: Sneasler|Sneasler, L50, M|100/100
|move|p1b: Blastoise|Protect|p1b: Blastoise
|-singleturn|p1b: Blastoise|Protect
|move|p2b: Garchomp|Protect|p2b: Garchomp
|-singleturn|p2b: Garchomp|Protect
|move|p2a: Kingambit|Kowtow Cleave|p1a: Sneasler
|-resisted|p1a: Sneasler|1
|-damage|p1a: Sneasler|46/100
|
|-weather|SunnyDay|[upkeep]
|upkeep
|turn|5
|inactive|standardvr has 30 seconds left.
|
|t:|1785088002
|move|p1a: Sneasler|Fake Out|p2a: Kingambit
|-resisted|p2a: Kingambit|1
|-damage|p2a: Kingambit|92/100
|cant|p2a: Kingambit|flinch
|move|p1b: Blastoise|Water Spout|p2a: Kingambit|[spread] p2a,p2b
|-damage|p2a: Kingambit|54/100
|-damage|p2b: Garchomp|0 fnt
|faint|p2b: Garchomp
|
|-weather|none
|upkeep
|turn|6
|
|t:|1785088015
|move|p1b: Blastoise|Protect|p1b: Blastoise
|-singleturn|p1b: Blastoise|Protect
|move|p2a: Kingambit|Sucker Punch|p1a: Sneasler
|-resisted|p1a: Sneasler|1
|-damage|p1a: Sneasler|7/100
|move|p1a: Sneasler|Close Combat|p2a: Kingambit
|-supereffective|p2a: Kingambit|2
|-damage|p2a: Kingambit|0 fnt
|-unboost|p1a: Sneasler|def|1
|-unboost|p1a: Sneasler|spd|1
|faint|p2a: Kingambit
|
|win|standardvr
|raw|standardvr's rating: 1082 → 1114(+32 for winning)
|raw|PaquitoelBollito's rating: 1138 → 1109(-29 for losing)
