|j|☆Someoneofficial
|j|☆brodiewhat
|html|Someoneofficialbrodiewhat    
|uhtml|bestof|Game 1 of a best-of-3
|t:|1784664724
|gametype|doubles
|player|p1|Someoneofficial|clown|
|player|p2|brodiewhat|palmer|
|gen|9
|tier|[Gen 9 Champions] VGC 2026 Reg M-B (Bo3)
|rule|Species Clause: Limit one of each Pokémon
|rule|Item Clause: Limit 1 of each item
|clearpoke
|poke|p1|Tyranitar, L50, M, shiny|
|poke|p1|Charizard, L50, M, shiny|
|poke|p1|Excadrill, L50, M, shiny|
|poke|p1|Basculegion, L50, M|
|poke|p1|Whimsicott, L50, M, shiny|
|poke|p1|Sneasler, L50, F|
|poke|p2|Victreebel, L50, F|
|poke|p2|Dragonite, L50, F|
|poke|p2|Ninetales, L50, M|
|poke|p2|Oranguru, L50, F|
|poke|p2|Slowking-Galar, L50, F|
|poke|p2|Kingambit, L50, M|
|teampreview|4
|showteam|p1|Tyranitar||Tyranitarite|SandStream|Protect,KnockOff,RockSlide,LowKick|Adamant||M|||50|]Charizard||CharizarditeY|Blaze|SolarBeam,WeatherBall,HeatWave,Protect|Modest||M|||50|]Excadrill||FocusSash|SandRush|RockSlide,IronHead,Protect,HighHorsepower|Jolly||M|||50|]Basculegion||ChoiceScarf|Adaptability|LastRespects,WaveCrash,AquaJet,FlipTurn|Jolly||M|||50|]Whimsicott||BabiriBerry|Prankster|Protect,Moonblast,Tailwind,Encore|Timid||M|||50|]Sneasler||WhiteHerb|Unburden|Protect,FakeOut,CloseCombat,DireClaw|Adamant||F|||50|
|showteam|p2|Victreebel||Victreebelite|Chlorophyll|Protect,LeafStorm,SludgeWave,WeatherBall|Modest||F|||50|]Dragonite||LifeOrb|InnerFocus|Tailwind,Outrage,BrickBreak,RockSlide|Jolly||F|||50|]Ninetales||ChoiceScarf|Drought|Overheat,HeatWave,WillOWisp,Memento|Timid||M|||50|]Oranguru||ColburBerry|Telepathy|Protect,Instruct,Psychic,FocusBlast|Modest||F|||50|]Slowking-Galar||KasibBerry|CuriousMedicine|Imprison,TrickRoom,SludgeBomb,Psychic|Bold||F|||50|]Kingambit||FocusSash|Defiant|KowtowCleave,IronHead,LowKick,SuckerPunch|Adamant||M|||50|
|inactive|Battle timer is ON: inactive players will automatically lose when time's up. (requested by brodiewhat)
|inactiveoff|Battle timer is now OFF.
|
|t:|1784664791
|teamsize|p1|4
|teamsize|p2|4
|start
|switch|p1a: Sneasler|Sneasler, L50, F|100/100
|switch|p1b: Charizard|Charizard, L50, M, shiny|100/100
|switch|p2a: Victreebel|Victreebel, L50, F|100/100
|switch|p2b: Dragonite|Dragonite, L50, F|100/100
|turn|1
|
|t:|1784664806
|detailschange|p1b: Charizard|Charizard-Mega-Y, L50, M, shiny
|-mega|p1b: Charizard|Charizard|Charizardite Y
|-weather|SunnyDay|[from] ability: Drought|[of] p1b: Charizard
|move|p2a: Victreebel|Protect|p2a: Victreebel
|-singleturn|p2a: Victreebel|Protect
|move|p1a: Sneasler|Fake Out|p2b: Dragonite
|-damage|p2b: Dragonite|83/100
|move|p1b: Charizard|Weather Ball|p2b: Dragonite
|-resisted|p2b: Dragonite|1
|-damage|p2b: Dragonite|28/100
|move|p2b: Dragonite|Tailwind|p2b: Dragonite
|-sidestart|p2: brodiewhat|move: Tailwind
|
|-weather|SunnyDay|[upkeep]
|upkeep
|turn|2
|
|t:|1784664829
|switch|p1b: Tyranitar|Tyranitar, L50, M, shiny|100/100
|-weather|Sandstorm|[from] ability: Sand Stream|[of] p1b: Tyranitar
|detailschange|p2a: Victreebel|Victreebel-Mega, L50, F
|-mega|p2a: Victreebel|Victreebel|Victreebelite
|move|p2b: Dragonite|Rock Slide|p1a: Sneasler|[spread] p1a,p1b
|-resisted|p1a: Sneasler|1
|-damage|p1a: Sneasler|77/100
|-damage|p1b: Tyranitar|79/100
|-damage|p2b: Dragonite|18/100|[from] item: Life Orb
|move|p2a: Victreebel|Weather Ball|p1a: Sneasler
|-resisted|p1a: Sneasler|1
|-damage|p1a: Sneasler|48/100
|move|p1a: Sneasler|Dire Claw|p2b: Dragonite
|-damage|p2b: Dragonite|0 fnt
|faint|p2b: Dragonite
|
|-weather|Sandstorm|[upkeep]
|-damage|p2a: Victreebel|94/100|[from] Sandstorm
|-damage|p1a: Sneasler|42/100|[from] Sandstorm
|upkeep
|
|t:|1784664846
|switch|p2b: Ninetales|Ninetales, L50, M|100/100
|-weather|SunnyDay|[from] ability: Drought|[of] p2b: Ninetales
|turn|3
|
|t:|1784664863
|switch|p1b: Charizard|Charizard-Mega-Y, L50, M, shiny|100/100
|move|p1a: Sneasler|Protect|p1a: Sneasler
|-singleturn|p1a: Sneasler|Protect
|move|p2b: Ninetales|Overheat|p1a: Sneasler
|-activate|p1a: Sneasler|move: Protect
|move|p2a: Victreebel|Leaf Storm|p1b: Charizard
|-resisted|p1b: Charizard|2
|-damage|p1b: Charizard|80/100
|-unboost|p2a: Victreebel|spa|2
|
|-weather|SunnyDay|[upkeep]
|upkeep
|turn|4
|
|t:|1784664894
|switch|p2a: Oranguru|Oranguru, L50, F|100/100
|switch|p1a: Tyranitar|Tyranitar, L50, M, shiny|79/100
|-weather|Sandstorm|[from] ability: Sand Stream|[of] p1a: Tyranitar
|move|p1b: Charizard|Protect|p1b: Charizard
|-singleturn|p1b: Charizard|Protect
|move|p2b: Ninetales|Overheat|p1a: Tyranitar
|-resisted|p1a: Tyranitar|1
|-damage|p1a: Tyranitar|65/100
|-unboost|p2b: Ninetales|spa|2
|
|-weather|Sandstorm|[upkeep]
|-damage|p2b: Ninetales|94/100|[from] Sandstorm
|-damage|p2a: Oranguru|93/100|[from] Sandstorm
|-damage|p1b: Charizard|74/100|[from] Sandstorm
|-sideend|p2: brodiewhat|move: Tailwind
|upkeep
|turn|5
|
|t:|1784664921
|move|p2b: Ninetales|Overheat|p1b: Charizard|[miss]
|-miss|p2b: Ninetales|p1b: Charizard
|move|p1b: Charizard|Weather Ball|p2b: Ninetales
|-supereffective|p2b: Ninetales|1
|-damage|p2b: Ninetales|0 fnt
|faint|p2b: Ninetales
|move|p2a: Oranguru|Focus Blast|p1a: Tyranitar|[miss]
|-miss|p2a: Oranguru|p1a: Tyranitar
|move|p1a: Tyranitar|Knock Off|p2a: Oranguru
|-supereffective|p2a: Oranguru|1
|-enditem|p2a: Oranguru|Colbur Berry|[eat]
|-enditem|p2a: Oranguru|Colbur Berry|[weaken]
|-damage|p2a: Oranguru|39/100
|
|-weather|Sandstorm|[upkeep]
|-damage|p1b: Charizard|68/100|[from] Sandstorm
|-damage|p2a: Oranguru|32/100|[from] Sandstorm
|upkeep
|
|t:|1784664935
|switch|p2b: Victreebel|Victreebel-Mega, L50, F|94/100
|turn|6
|
|t:|1784664949
|move|p1a: Tyranitar|Protect|p1a: Tyranitar
|-singleturn|p1a: Tyranitar|Protect
|move|p1b: Charizard|Heat Wave|p2b: Victreebel|[spread] p2a,p2b
|-supereffective|p2b: Victreebel|1
|-damage|p2a: Oranguru|0 fnt
|-damage|p2b: Victreebel|0 fnt
|-damage|p1b: Charizard|0 fnt|[from] ability: Innards Out|[of] p2b: Victreebel
|faint|p2a: Oranguru
|faint|p2b: Victreebel
|faint|p1b: Charizard
|
|win|Someoneofficial
||brodiewhat is ready for game 2.
||Someoneofficial is ready for game 2.
|uhtml|next|Next: Game 2 of 3
|l|☆brodiewhat
|player|p2|
