|j|☆ruben2327
|j|☆Nosejugarbalance
|html|ruben2327Nosejugarbalance    
|uhtml|bestof|Game 3 of a best-of-3
|t:|1785721844
|gametype|doubles
|player|p1|ruben2327|steven|1216
|player|p2|Nosejugarbalance|266|1305
|gen|9
|tier|[Gen 9 Champions] VGC 2026 Reg M-B (Bo3)
|rated|
|rule|Species Clause: Limit one of each Pokémon
|rule|Item Clause: Limit 1 of each item
|clearpoke
|poke|p1|Garchomp, L50, F, shiny|
|poke|p1|Incineroar, L50, M, shiny|
|poke|p1|Annihilape, L50, M, shiny|
|poke|p1|Toxapex, L50, M, shiny|
|poke|p1|Venusaur, L50, M, shiny|
|poke|p1|Charizard, L50, F, shiny|
|poke|p2|Starmie, L50|
|poke|p2|Pelipper, L50, F|
|poke|p2|Raichu, L50, F|
|poke|p2|Sneasler, L50, F|
|poke|p2|Tsareena, L50, F|
|poke|p2|Kingambit, L50, M|
|teampreview|4
|showteam|p1|Garchomp||ChoiceScarf|RoughSkin|Earthquake,DragonClaw,RockSlide,StompingTantrum|Adamant||F|||50|]Incineroar||SitrusBerry|Intimidate|FakeOut,FlareBlitz,ThroatChop,PartingShot|Impish||M|||50|]Annihilape||FocusSash|Defiant|CloseCombat,PhantomForce,RageFist,Protect|Jolly||M|||50|]Toxapex||Leftovers|Regenerator|Toxic,Infestation,WideGuard,BanefulBunker|Impish||M|||50|]Venusaur||LifeOrb|Chlorophyll|SolarBeam,SludgeBomb,EarthPower,Protect|Modest||M|||50|]Charizard||CharizarditeY|Blaze|HeatWave,WeatherBall,SolarBeam,Protect|Modest||F|||50|
|showteam|p2|Starmie||Starminite|NaturalCure|Liquidation,ZenHeadbutt,AquaJet,Protect|Jolly|||||50|]Pelipper||SitrusBerry|Drizzle|Hurricane,WeatherBall,Tailwind,Protect|Modest||F|||50|]Raichu||RaichuniteY|LightningRod|ZapCannon,FocusBlast,FakeOut,Protect|Timid||F|||50|]Sneasler||WhiteHerb|Unburden|FakeOut,Coaching,DireClaw,CloseCombat|Jolly||F|||50|]Tsareena||WideLens|QueenlyMajesty|TripleAxel,Protect,TropKick,HelpingHand|Adamant||F|||50|]Kingambit||FocusSash|Defiant|KowtowCleave,SuckerPunch,LowKick,IronHead|Adamant||M|||50|
|inactive|Battle timer is ON: inactive players will automatically lose when time's up. (requested by ruben2327)
|
|t:|1785721852
|teamsize|p1|4
|teamsize|p2|4
|start
|switch|p1a: Charizard|Charizard, L50, F, shiny|100/100
|switch|p1b: Venusaur|Venusaur, L50, M, shiny|100/100
|switch|p2a: Starmie|Starmie, L50|100/100
|switch|p2b: Sneasler|Sneasler, L50, F|100/100
|turn|1
|inactive|ruben2327 has 30 seconds left.
|
|t:|1785721880
|detailschange|p2a: Starmie|Starmie-Mega, L50
|-mega|p2a: Starmie|Starmie|Starminite
|detailschange|p1a: Charizard|Charizard-Mega-Y, L50, F, shiny
|-mega|p1a: Charizard|Charizard|Charizardite Y
|-weather|SunnyDay|[from] ability: Drought|[of] p1a: Charizard
|move|p2b: Sneasler|Fake Out|p1b: Venusaur
|-damage|p1b: Venusaur|84/100
|cant|p1b: Venusaur|flinch
|move|p2a: Starmie|Liquidation|p1a: Charizard
|-supereffective|p1a: Charizard|1
|-damage|p1a: Charizard|27/100
|move|p1a: Charizard|Solar Beam||[still]
|-prepare|p1a: Charizard|Solar Beam
|-anim|p1a: Charizard|Solar Beam|p2a: Starmie
|-supereffective|p2a: Starmie|1
|-damage|p2a: Starmie|0 fnt
|faint|p2a: Starmie
|
|-weather|SunnyDay|[upkeep]
|upkeep
|
|t:|1785721897
|switch|p2a: Pelipper|Pelipper, L50, F|100/100
|-weather|RainDance|[from] ability: Drizzle|[of] p2a: Pelipper
|turn|2
|
|t:|1785721919
|switch|p1a: Garchomp|Garchomp, L50, F, shiny|100/100
|move|p2b: Sneasler|Close Combat|p1a: Garchomp
|-damage|p1a: Garchomp|49/100
|-unboost|p2b: Sneasler|def|1
|-unboost|p2b: Sneasler|spd|1
|-damage|p2b: Sneasler|88/100|[from] ability: Rough Skin|[of] p1a: Garchomp
|-enditem|p2b: Sneasler|White Herb
|-clearnegativeboost|p2b: Sneasler|[silent]
|move|p1b: Venusaur|Earth Power|p2b: Sneasler
|-supereffective|p2b: Sneasler|1
|-damage|p2b: Sneasler|1/100
|-damage|p1b: Venusaur|75/100|[from] item: Life Orb
|move|p2a: Pelipper|Tailwind|p2a: Pelipper
|-sidestart|p2: Nosejugarbalance|move: Tailwind
|
|-weather|RainDance|[upkeep]
|upkeep
|turn|3
|inactive|Nosejugarbalance has 30 seconds left.
|inactive|Nosejugarbalance has 20 seconds left.
|inactive|ruben2327 has 30 seconds left.
|inactive|Nosejugarbalance has 15 seconds left.
|inactive|Nosejugarbalance has 10 seconds left.
|inactive|ruben2327 has 20 seconds left.
|
|t:|1785721970
|switch|p1b: Incineroar|Incineroar, L50, M, shiny|100/100
|-ability|p1b: Incineroar|Intimidate|boost
|-unboost|p2a: Pelipper|atk|1
|-unboost|p2b: Sneasler|atk|1
|move|p2b: Sneasler|Coaching|p2a: Pelipper
|-boost|p2a: Pelipper|atk|1
|-boost|p2a: Pelipper|def|1
|move|p1a: Garchomp|Stomping Tantrum|p2b: Sneasler
|-supereffective|p2b: Sneasler|1
|-damage|p2b: Sneasler|0 fnt
|faint|p2b: Sneasler
|move|p2a: Pelipper|Hurricane|p1b: Incineroar
|-damage|p1b: Incineroar|62/100
|-start|p1b: Incineroar|confusion
|
|-weather|RainDance|[upkeep]
|upkeep
|
|t:|1785721984
|switch|p2b: Kingambit|Kingambit, L50, M|100/100
|turn|4
|inactive|ruben2327 has 30 seconds left.
|
|t:|1785722012
|switch|p1a: Charizard|Charizard-Mega-Y, L50, F, shiny|27/100
|-weather|SunnyDay|[from] ability: Drought|[of] p1a: Charizard
|-activate|p1b: Incineroar|confusion
|move|p1b: Incineroar|Fake Out|p2a: Pelipper
|-crit|p2a: Pelipper
|-damage|p2a: Pelipper|82/100
|move|p2b: Kingambit|Kowtow Cleave|p1a: Charizard
|-damage|p1a: Charizard|0 fnt
|faint|p1a: Charizard
|cant|p2a: Pelipper|flinch
|
|-weather|SunnyDay|[upkeep]
|upkeep
|
|t:|1785722031
|switch|p1a: Garchomp|Garchomp, L50, F, shiny|49/100
|turn|5
|
|t:|1785722049
|move|p1a: Garchomp|Stomping Tantrum|p2b: Kingambit
|-supereffective|p2b: Kingambit|1
|-damage|p2b: Kingambit|34/100
|move|p2b: Kingambit|Kowtow Cleave|p1a: Garchomp
|-damage|p1a: Garchomp|6/100
|-damage|p2b: Kingambit|22/100|[from] ability: Rough Skin|[of] p1a: Garchomp
|move|p2a: Pelipper|Hurricane|p1a: Garchomp|[miss]
|-miss|p2a: Pelipper|p1a: Garchomp
|-activate|p1b: Incineroar|confusion
|move|p1b: Incineroar|Flare Blitz|p2b: Kingambit
|-supereffective|p2b: Kingambit|1
|-damage|p2b: Kingambit|0 fnt
|faint|p2b: Kingambit
|-damage|p1b: Incineroar|56/100|[from] Recoil
|
|-weather|SunnyDay|[upkeep]
|-sideend|p2: Nosejugarbalance|move: Tailwind
|upkeep
|turn|6
|inactive|ruben2327 has 30 seconds left.
|inactive|Nosejugarbalance has 30 seconds left.
|inactive|ruben2327 has 20 seconds left.
|
|t:|1785722087
|move|p1a: Garchomp|Stomping Tantrum|p2a: Pelipper
|-immune|p2a: Pelipper
|move|p2a: Pelipper|Weather Ball|p1a: Garchomp
|-resisted|p1a: Garchomp|1
|-damage|p1a: Garchomp|0 fnt
|faint|p1a: Garchomp
|-activate|p1b: Incineroar|confusion
|move|p1b: Incineroar|Parting Shot|p2a: Pelipper
|-unboost|p2a: Pelipper|atk|1
|-unboost|p2a: Pelipper|spa|1
|
|t:|1785722097
|switch|p1b: Venusaur|Venusaur, L50, M, shiny|75/100|[from] Parting Shot
|
|-weather|SunnyDay|[upkeep]
|upkeep
|
|t:|1785722100
|switch|p1a: Incineroar|Incineroar, L50, M, shiny|56/100
|-ability|p1a: Incineroar|Intimidate|boost
|-unboost|p2a: Pelipper|atk|1
|turn|7
|
|t:|1785722108
|move|p2a: Pelipper|Protect|p2a: Pelipper
|-singleturn|p2a: Pelipper|Protect
|move|p1a: Incineroar|Fake Out|p2a: Pelipper
|-activate|p2a: Pelipper|move: Protect
|move|p1b: Venusaur|Solar Beam||[still]
|-prepare|p1b: Venusaur|Solar Beam
|-anim|p1b: Venusaur|Solar Beam|p2a: Pelipper
|-activate|p2a: Pelipper|move: Protect
|
|-weather|SunnyDay|[upkeep]
|upkeep
|turn|8
|
|t:|1785722114
|move|p1b: Venusaur|Solar Beam||[still]
|-prepare|p1b: Venusaur|Solar Beam
|-anim|p1b: Venusaur|Solar Beam|p2a: Pelipper
|-crit|p2a: Pelipper
|-damage|p2a: Pelipper|0 fnt
|faint|p2a: Pelipper
|-damage|p1b: Venusaur|66/100|[from] item: Life Orb
|
|win|ruben2327
|raw|ruben2327's rating: 1216 → 1247(+31 for winning)
|raw|Nosejugarbalance's rating: 1305 → 1280(-25 for losing)
|c|☆ruben2327|gg
|l|☆Nosejugarbalance
|player|p2|
