|j|☆39acits
|j|☆yenjang
|html|39acitsyenjang    
|uhtml|bestof|Game 1 of a best-of-3
|t:|1786020683
|gametype|doubles
|player|p1|39acits|biker|1129
|player|p2|yenjang|cynthia-gen4|1084
|gen|9
|tier|[Gen 9 Champions] VGC 2026 Reg M-B (Bo3)
|rated|
|rule|Species Clause: Limit one of each Pokémon
|rule|Item Clause: Limit 1 of each item
|clearpoke
|poke|p1|Staraptor, L50, F|
|poke|p1|Gholdengo, L50|
|poke|p1|Whimsicott, L50, F|
|poke|p1|Tyranitar, L50, M|
|poke|p1|Lycanroc, L50, F|
|poke|p1|Milotic, L50, M|
|poke|p2|Raichu, L50, M, shiny|
|poke|p2|Sylveon, L50, F, shiny|
|poke|p2|Arcanine-Hisui, L50, M, shiny|
|poke|p2|Kingambit, L50, M, shiny|
|poke|p2|Farigiraf, L50, F, shiny|
|poke|p2|Staraptor, L50, M, shiny|
|teampreview|4
|showteam|p1|Staraptor||Staraptite|Intimidate|BraveBird,CloseCombat,Roost,Protect|Jolly||F|||50|]Gholdengo||ChoiceScarf|GoodasGold|MakeItRain,ShadowBall,PowerGem,Trick|Modest|||||50|]Whimsicott||FocusSash|Prankster|Moonblast,Tailwind,Encore,Charm|Timid||F|||50|]Tyranitar||Tyranitarite|SandStream|RockSlide,KnockOff,Protect,DragonDance|Adamant||M|||50|]Lycanroc||LifeOrb|SandRush|RockSlide,Crunch,StompingTantrum,Protect|Adamant||F|||50|]Milotic||Leftovers|Competitive|MuddyWater,IceBeam,Protect,Haze|Bold||M|||50|
|showteam|p2|Raichu||RaichuniteY|LightningRod|Protect,ZapCannon,FocusBlast,FakeOut|Timid||M|||50|]Sylveon||FairyFeather|Pixilate|Detect,HyperVoice,HyperBeam,QuickAttack|Modest||F|||50|]Arcanine-Hisui||FocusSash|RockHead|Protect,FlareBlitz,HeadSmash,ExtremeSpeed|Jolly||M|||50|]Kingambit||LifeOrb|Defiant|Protect,KowtowCleave,LowKick,SuckerPunch|Adamant||M|||50|]Farigiraf||SitrusBerry|ArmorTail|Protect,Psychic,HelpingHand,TrickRoom|Calm||F|||50|]Staraptor||Staraptite|Intimidate|Protect,DualWingbeat,CloseCombat,Tailwind|Jolly||M|||50|
|inactive|Battle timer is ON: inactive players will automatically lose when time's up. (requested by 39acits)
|inactive|39acits has 60 seconds left.
|inactive|yenjang has 60 seconds left.
|inactive|yenjang has 30 seconds left.
|
|t:|1786020754
|teamsize|p1|4
|teamsize|p2|4
|start
|switch|p1a: Lycanroc|Lycanroc, L50, F|100/100
|switch|p1b: Tyranitar|Tyranitar, L50, M|100/100
|switch|p2a: Raichu|Raichu, L50, M, shiny|100/100
|switch|p2b: Sylveon|Sylveon, L50, F, shiny|100/100
|-weather|Sandstorm|[from] ability: Sand Stream|[of] p1b: Tyranitar
|turn|1
|inactive|yenjang has 30 seconds left.
|
|t:|1786020780
|switch|p1b: Gholdengo|Gholdengo, L50|100/100
|move|p1a: Lycanroc|Protect|p1a: Lycanroc
|-singleturn|p1a: Lycanroc|Protect
|move|p2a: Raichu|Fake Out|p1a: Lycanroc
|-activate|p1a: Lycanroc|move: Protect
|move|p2b: Sylveon|Hyper Voice|p1a: Lycanroc|[spread] p1b
|-activate|p1a: Lycanroc|move: Protect
|-resisted|p1b: Gholdengo|1
|-damage|p1b: Gholdengo|75/100
|
|-weather|Sandstorm|[upkeep]
|-damage|p2a: Raichu|93/100|[from] Sandstorm
|-damage|p2b: Sylveon|94/100|[from] Sandstorm
|upkeep
|turn|2
|
|t:|1786020803
|switch|p2b: Kingambit|Kingambit, L50, M, shiny|100/100
|move|p2a: Raichu|Protect|p2a: Raichu
|-singleturn|p2a: Raichu|Protect
|move|p1a: Lycanroc|Stomping Tantrum|p2a: Raichu
|-activate|p2a: Raichu|move: Protect
|move|p1b: Gholdengo|Shadow Ball|p2a: Raichu
|-activate|p2a: Raichu|move: Protect
|
|-weather|Sandstorm|[upkeep]
|-damage|p2a: Raichu|87/100|[from] Sandstorm
|upkeep
|turn|3
|inactive|yenjang has 30 seconds left.
|inactive|yenjang has 20 seconds left.
|inactive|yenjang has 15 seconds left.
|
|t:|1786020848
|switch|p1b: Tyranitar|Tyranitar, L50, M|100/100
|switch|p2a: Farigiraf|Farigiraf, L50, F, shiny|100/100
|move|p2b: Kingambit|Protect|p2b: Kingambit
|-singleturn|p2b: Kingambit|Protect
|move|p1a: Lycanroc|Stomping Tantrum|p2b: Kingambit
|-activate|p2b: Kingambit|move: Protect
|
|-weather|Sandstorm|[upkeep]
|-damage|p2a: Farigiraf|94/100|[from] Sandstorm
|upkeep
|turn|4
|inactive|yenjang has 30 seconds left.
|
|t:|1786020880
|detailschange|p1b: Tyranitar|Tyranitar-Mega, L50, M
|-mega|p1b: Tyranitar|Tyranitar|Tyranitarite
|move|p1a: Lycanroc|Stomping Tantrum|p2b: Kingambit
|-supereffective|p2b: Kingambit|1
|-damage|p2b: Kingambit|51/100
|-damage|p1a: Lycanroc|90/100|[from] item: Life Orb
|move|p1b: Tyranitar|Knock Off|p2a: Farigiraf
|-supereffective|p2a: Farigiraf|1
|-damage|p2a: Farigiraf|0 fnt
|-enditem|p2a: Farigiraf|Sitrus Berry|[from] move: Knock Off|[of] p1b: Tyranitar
|faint|p2a: Farigiraf
|move|p2b: Kingambit|Low Kick|p1b: Tyranitar
|-supereffective|p1b: Tyranitar|2
|-damage|p1b: Tyranitar|0 fnt
|faint|p1b: Tyranitar
|-damage|p2b: Kingambit|41/100|[from] item: Life Orb
|
|-weather|Sandstorm|[upkeep]
|upkeep
|
|t:|1786020898
|switch|p1b: Whimsicott|Whimsicott, L50, F|100/100
|switch|p2a: Sylveon|Sylveon, L50, F, shiny|94/100
|turn|5
|
|t:|1786020914
|move|p1b: Whimsicott|Tailwind|p1b: Whimsicott
|-sidestart|p1: 39acits|move: Tailwind
|move|p2b: Kingambit|Sucker Punch|p1a: Lycanroc
|-damage|p1a: Lycanroc|23/100
|-damage|p2b: Kingambit|31/100|[from] item: Life Orb
|move|p1a: Lycanroc|Rock Slide|p2a: Sylveon|[spread] p2a,p2b
|-resisted|p2b: Kingambit|1
|-damage|p2a: Sylveon|51/100
|-damage|p2b: Kingambit|18/100
|-damage|p1a: Lycanroc|13/100|[from] item: Life Orb
|cant|p2a: Sylveon|flinch
|
|-weather|none
|upkeep
|turn|6
|inactive|yenjang has 30 seconds left.
|
|t:|1786020948
|switch|p1a: Gholdengo|Gholdengo, L50|75/100
|move|p2b: Kingambit|Protect|p2b: Kingambit
|-singleturn|p2b: Kingambit|Protect
|move|p2a: Sylveon|Quick Attack|p1a: Gholdengo
|-resisted|p1a: Gholdengo|1
|-damage|p1a: Gholdengo|67/100
|move|p1b: Whimsicott|Moonblast|p2a: Sylveon
|-damage|p2a: Sylveon|23/100
|
|upkeep
|turn|7
|inactive|yenjang has 30 seconds left.
|inactive|yenjang has 20 seconds left.
|
|t:|1786020986
|move|p2a: Sylveon|Detect|p2a: Sylveon
|-singleturn|p2a: Sylveon|Protect
|move|p2b: Kingambit|Sucker Punch||[still]
|-fail|p2b: Kingambit
|move|p1a: Gholdengo|Trick|p2b: Kingambit
|-activate|p1a: Gholdengo|move: Trick|[of] p2b: Kingambit
|-item|p2b: Kingambit|Choice Scarf|[from] move: Trick
|-item|p1a: Gholdengo|Life Orb|[from] move: Trick
|move|p1b: Whimsicott|Moonblast|p2a: Sylveon
|-activate|p2a: Sylveon|move: Protect
|
|upkeep
|turn|8
|inactive|yenjang has 30 seconds left.
|inactive|yenjang has 20 seconds left.
|inactive|yenjang has 15 seconds left.
|inactive|yenjang has 10 seconds left.
|
|t:|1786021033
|switch|p1a: Lycanroc|Lycanroc, L50, F|13/100
|move|p2b: Kingambit|Sucker Punch||[still]
|-fail|p2b: Kingambit
|move|p1b: Whimsicott|Moonblast|p2b: Kingambit
|-damage|p2b: Kingambit|0 fnt
|faint|p2b: Kingambit
|move|p2a: Sylveon|Hyper Voice|p1a: Lycanroc|[spread] p1a,p1b
|-damage|p1a: Lycanroc|0 fnt
|-damage|p1b: Whimsicott|18/100
|faint|p1a: Lycanroc
|
|-sideend|p1: 39acits|move: Tailwind
|upkeep
|
|t:|1786021046
|switch|p1a: Gholdengo|Gholdengo, L50|67/100
|switch|p2b: Raichu|Raichu, L50, M, shiny|87/100
|turn|9
|inactive|39acits has 30 seconds left.
|inactive|yenjang has 30 seconds left.
|
|t:|1786021078
|detailschange|p2b: Raichu|Raichu-Mega-Y, L50, M, shiny
|-mega|p2b: Raichu|Raichu|Raichunite Y
|move|p2a: Sylveon|Detect|p2a: Sylveon
|-singleturn|p2a: Sylveon|Protect
|move|p2b: Raichu|Fake Out|p1b: Whimsicott
|-damage|p1b: Whimsicott|6/100
|cant|p1b: Whimsicott|flinch
|move|p1a: Gholdengo|Make It Rain|p2a: Sylveon|[spread] p2b
|-activate|p2a: Sylveon|move: Protect
|-resisted|p2b: Raichu|1
|-damage|p2b: Raichu|45/100
|-unboost|p1a: Gholdengo|spa|2
|-damage|p1a: Gholdengo|57/100|[from] item: Life Orb
|
|upkeep
|turn|10
|inactive|yenjang has 30 seconds left.
|
|t:|1786021104
|move|p1b: Whimsicott|Tailwind|p1b: Whimsicott
|-sidestart|p1: 39acits|move: Tailwind
|move|p2a: Sylveon|Quick Attack|p1b: Whimsicott
|-damage|p1b: Whimsicott|0 fnt
|faint|p1b: Whimsicott
|move|p1a: Gholdengo|Make It Rain|p2b: Raichu|[spread] p2a,p2b
|-supereffective|p2a: Sylveon|1
|-resisted|p2b: Raichu|1
|-damage|p2a: Sylveon|0 fnt
|-damage|p2b: Raichu|22/100
|-unboost|p1a: Gholdengo|spa|2
|faint|p2a: Sylveon
|-damage|p1a: Gholdengo|48/100|[from] item: Life Orb
|move|p2b: Raichu|Zap Cannon|p1a: Gholdengo
|-damage|p1a: Gholdengo|0 fnt
|faint|p1a: Gholdengo
|
|win|yenjang
|l|☆39acits
|player|p1|
|inactive|39acits has 30 seconds to confirm battle start!
|inactive|yenjang has 30 seconds to confirm battle start!
||39acits is ready for game 2.
