|j|☆gundi8
|j|☆Xion In Void
|html|gundi8Xion In Void    
|uhtml|bestof|Game 2 of a best-of-3
|t:|1757684492
|gametype|doubles
|player|p1|gundi8|ethan-gen2|1186
|player|p2|Xion In Void|unknownf|1124
|gen|9
|tier|[Gen 9] VGC 2025 Reg H (Bo3)
|rated|
|rule|Species Clause: Limit one of each Pokémon
|rule|Item Clause: Limit 1 of each item
|clearpoke
|poke|p1|Garchomp, L50, M|
|poke|p1|Jumpluff, L50, F|
|poke|p1|Torkoal, L50, M|
|poke|p1|Dragonite, L50, F|
|poke|p1|Kingambit, L50, M|
|poke|p1|Typhlosion-Hisui, L50, M|
|poke|p2|Archaludon, L50, F|
|poke|p2|Pelipper, L50, F|
|poke|p2|Amoonguss, L50, M|
|poke|p2|Incineroar, L50, F|
|poke|p2|Baxcalibur, L50, M|
|poke|p2|Annihilape, L50, F|
|teampreview|4
|showteam|p1|Garchomp||LifeOrb|RoughSkin|DragonClaw,StompingTantrum,Earthquake,Protect|||M|||50|,,,,,Fire]Jumpluff||CovertCloak|Chlorophyll|LeafStorm,SleepPowder,Encore,Tailwind|||F|||50|,,,,,Dark]Torkoal||EjectPack|Drought|Overheat,BurningJealousy,HelpingHand,Protect|||M|||50|,,,,,Flying]Dragonite||LoadedDice|InnerFocus|ScaleShot,Tailwind,Haze,Protect|||F|||50|,,,,,Fairy]Kingambit||AssaultVest|Defiant|IronHead,SuckerPunch,TeraBlast,LowKick|||M|||50|,,,,,Flying]Typhlosion-Hisui||ChoiceSpecs|Blaze|Eruption,ShadowBall,HeatWave,Overheat|||M|||50|,,,,,Fire
|showteam|p2|Archaludon||AssaultVest|Stamina|DragonPulse,ElectroShot,BodyPress,Thunderbolt|||F|||50|,,,,,Electric]Pelipper||FocusSash|Drizzle|MuddyWater,Hurricane,Tailwind,Protect|||F|||50|,,,,,Ghost]Amoonguss||CovertCloak|Regenerator|PollenPuff,RagePowder,Spore,Protect|||M|||50|,,,,,Fairy]Incineroar||SafetyGoggles|Intimidate|KnockOff,BurningJealousy,PartingShot,FakeOut|||F|||50|,,,,,Ghost]Baxcalibur||LoadedDice|ThermalExchange|IcicleSpear,ScaleShot,HighHorsepower,Protect|||M|||50|,,,,,Ghost]Annihilape||SitrusBerry|Defiant|RageFist,FinalGambit,Coaching,Taunt|||F|||50|,,,,,Water
|inactive|Battle timer is ON: inactive players will automatically lose when time's up. (requested by gundi8)
|inactive|Xion In Void also wants the timer to be on.
|
|t:|1757684522
|teamsize|p1|4
|teamsize|p2|4
|start
|switch|p1a: Kingambit|Kingambit, L50, M|100/100
|switch|p1b: Dragonite|Dragonite, L50, F|100/100
|switch|p2a: RC|Incineroar, L50, F|100/100
|switch|p2b: Mikael Mouse|Amoonguss, L50, M|100/100
|-ability|p2a: RC|Intimidate|boost
|-unboost|p1a: Kingambit|atk|1
|-ability|p1a: Kingambit|Defiant|boost
|-boost|p1a: Kingambit|atk|2
|-fail|p1b: Dragonite|unboost|Attack|[from] ability: Inner Focus|[of] p1b: Dragonite
|turn|1
|l|☆Xion In Void
|inactive|Xion In Void disconnected and has a minute to reconnect!
|player|p2|
|inactive|gundi8 has 30 seconds left.
|inactive|Xion In Void has 30 seconds left.
|j|☆Xion In Void
|inactive|Xion In Void reconnected and has 25 seconds left.
|player|p2|Xion In Void|unknownf|
|inactive|Xion In Void has 20 seconds left.
|inactive|Xion In Void has 15 seconds left.
|inactive|Xion In Void has 10 seconds left.
|
|t:|1757684568
|-terastallize|p1a: Kingambit|Flying
|-terastallize|p2b: Mikael Mouse|Fairy
|move|p1b: Dragonite|Scale Shot|p2b: Mikael Mouse
|-immune|p2b: Mikael Mouse
|move|p2a: RC|Burning Jealousy|p1b: Dragonite|[spread] p1a,p1b
|-resisted|p1b: Dragonite
|-damage|p1a: Kingambit|91/100
|-damage|p1b: Dragonite|94/100
|-status|p1a: Kingambit|brn
|move|p1a: Kingambit|Tera Blast|p2b: Mikael Mouse|[anim] Tera Blast Flying
|-damage|p2b: Mikael Mouse|72/100
|move|p2b: Mikael Mouse|Spore|p1b: Dragonite
|-status|p1b: Dragonite|slp|[from] move: Spore
|
|-damage|p1a: Kingambit|85/100 brn|[from] brn
|upkeep
|turn|2
|inactive|Xion In Void has 30 seconds left.
|
|t:|1757684594
|cant|p1b: Dragonite|slp
|move|p2a: RC|Parting Shot|p1b: Dragonite
|-unboost|p1b: Dragonite|atk|1
|-unboost|p1b: Dragonite|spa|1
|
|t:|1757684599
|switch|p2a: Air Combo++|Baxcalibur, L50, M|100/100|[from] Parting Shot
|move|p1a: Kingambit|Iron Head|p2b: Mikael Mouse
|-supereffective|p2b: Mikael Mouse
|-damage|p2b: Mikael Mouse|12/100
|move|p2b: Mikael Mouse|Pollen Puff|p2a: Air Combo++
|
|-damage|p1a: Kingambit|79/100 brn|[from] brn
|upkeep
|turn|3
|inactive|gundi8 has 30 seconds left.
|
|t:|1757684633
|-curestatus|p1b: Dragonite|slp|[msg]
|move|p1b: Dragonite|Protect|p1b: Dragonite
|-singleturn|p1b: Dragonite|Protect
|move|p2b: Mikael Mouse|Rage Powder|p2b: Mikael Mouse
|-singleturn|p2b: Mikael Mouse|move: Rage Powder
|move|p2a: Air Combo++|Icicle Spear|p1a: Kingambit
|-supereffective|p1a: Kingambit
|-damage|p1a: Kingambit|58/100 brn
|-supereffective|p1a: Kingambit
|-damage|p1a: Kingambit|35/100 brn
|-supereffective|p1a: Kingambit
|-damage|p1a: Kingambit|11/100 brn
|-supereffective|p1a: Kingambit
|-damage|p1a: Kingambit|0 fnt
|faint|p1a: Kingambit
|-hitcount|p1: Kingambit|4
|
|upkeep
|
|t:|1757684641
|switch|p1a: Typhlosion|Typhlosion-Hisui, L50, M|100/100
|turn|4
|
|t:|1757684662
|switch|p1b: Torkoal|Torkoal, L50, M, shiny|100/100
|-weather|SunnyDay|[from] ability: Drought|[of] p1b: Torkoal
|switch|p2b: Oathkeeper|Pelipper, L50, F, shiny|100/100
|-weather|RainDance|[from] ability: Drizzle|[of] p2b: Oathkeeper
|move|p1a: Typhlosion|Eruption|p2a: Air Combo++|[spread] p2a,p2b
|-resisted|p2b: Oathkeeper
|-damage|p2a: Air Combo++|58/100
|-damage|p2b: Oathkeeper|68/100
|-ability|p2a: Air Combo++|Thermal Exchange|boost
|-boost|p2a: Air Combo++|atk|1
|move|p2a: Air Combo++|Icicle Spear|p1b: Torkoal
|-resisted|p1b: Torkoal
|-damage|p1b: Torkoal|92/100
|-resisted|p1b: Torkoal
|-damage|p1b: Torkoal|85/100
|-resisted|p1b: Torkoal
|-damage|p1b: Torkoal|76/100
|-resisted|p1b: Torkoal
|-damage|p1b: Torkoal|68/100
|-resisted|p1b: Torkoal
|-crit|p1b: Torkoal
|-damage|p1b: Torkoal|56/100
|-hitcount|p1b: Torkoal|5
|
|-weather|RainDance|[upkeep]
|upkeep
|turn|5
|inactive|Xion In Void has 30 seconds left.
|
|t:|1757684696
|move|p1b: Torkoal|Helping Hand|p1a: Typhlosion
|-singleturn|p1a: Typhlosion|Helping Hand|[of] p1b: Torkoal
|move|p1a: Typhlosion|Eruption|p2a: Air Combo++|[spread] p2a,p2b
|-resisted|p2b: Oathkeeper
|-damage|p2a: Air Combo++|0 fnt
|-damage|p2b: Oathkeeper|18/100
|faint|p2a: Air Combo++
|move|p2b: Oathkeeper|Hurricane|p1a: Typhlosion
|-damage|p1a: Typhlosion|36/100
|-start|p1a: Typhlosion|confusion
|
|-weather|RainDance|[upkeep]
|upkeep
|
|t:|1757684709
|switch|p2a: Mikael Mouse|Amoonguss, L50, M, tera:Fairy|46/100
|turn|6
|inactive|gundi8 has 30 seconds left.
|
|t:|1757684735
|switch|p1b: Dragonite|Dragonite, L50, F|94/100
|-activate|p1a: Typhlosion|confusion
|-damage|p1a: Typhlosion|27/100|[from] confusion
|move|p2b: Oathkeeper|Muddy Water|p1a: Typhlosion|[spread] p1a,p1b
|-supereffective|p1a: Typhlosion
|-resisted|p1b: Dragonite
|-damage|p1a: Typhlosion|0 fnt
|-damage|p1b: Dragonite|70/100
|-unboost|p1b: Dragonite|accuracy|1
|faint|p1a: Typhlosion
|move|p2a: Mikael Mouse|Spore|p1b: Dragonite
|-status|p1b: Dragonite|slp|[from] move: Spore
|
|-weather|RainDance|[upkeep]
|upkeep
|
|t:|1757684742
|switch|p1a: Torkoal|Torkoal, L50, M, shiny|56/100
|-weather|SunnyDay|[from] ability: Drought|[of] p1a: Torkoal
|turn|7
|
|t:|1757684765
|switch|p2b: RC|Incineroar, L50, F|100/100
|-ability|p2b: RC|Intimidate|boost
|-unboost|p1a: Torkoal|atk|1
|-fail|p1b: Dragonite|unboost|Attack|[from] ability: Inner Focus|[of] p1b: Dragonite
|move|p1a: Torkoal|Protect|p1a: Torkoal
|-singleturn|p1a: Torkoal|Protect
|cant|p1b: Dragonite|slp
|move|p2a: Mikael Mouse|Spore|p1a: Torkoal
|-activate|p1a: Torkoal|move: Protect
|
|-weather|SunnyDay|[upkeep]
|upkeep
|turn|8
|l|☆Xion In Void
|inactive|Xion In Void disconnected and has a minute to reconnect!
|player|p2|
|inactive|Xion In Void has 30 seconds left.
|inactive|Xion In Void has 20 seconds left.
|j|☆Xion In Void
|inactive|Xion In Void reconnected and has 20 seconds left.
|player|p2|Xion In Void|unknownf|
|inactive|Xion In Void has 15 seconds left.
|inactive|Xion In Void has 10 seconds left.
|
|t:|1757684811
|cant|p1b: Dragonite|slp
|move|p2b: RC|Knock Off|p1b: Dragonite
|-damage|p1b: Dragonite|31/100 slp
|-enditem|p1b: Dragonite|Loaded Dice|[from] move: Knock Off|[of] p2b: RC
|move|p2a: Mikael Mouse|Spore|p1a: Torkoal
|-status|p1a: Torkoal|slp|[from] move: Spore
|cant|p1a: Torkoal|slp
|
|-weather|SunnyDay|[upkeep]
|upkeep
|turn|9
|
|t:|1757684825
|move|p2a: Mikael Mouse|Rage Powder|p2a: Mikael Mouse
|-singleturn|p2a: Mikael Mouse|move: Rage Powder
|-curestatus|p1b: Dragonite|slp|[msg]
|move|p1b: Dragonite|Tailwind|p1b: Dragonite
|-sidestart|p1: gundi8|move: Tailwind
|move|p2b: RC|Knock Off|p1a: Torkoal
|-damage|p1a: Torkoal|28/100 slp
|-enditem|p1a: Torkoal|Eject Pack|[from] move: Knock Off|[of] p2b: RC
|-curestatus|p1a: Torkoal|slp|[msg]
|move|p1a: Torkoal|Overheat|p2a: Mikael Mouse
|-damage|p2a: Mikael Mouse|0 fnt
|-unboost|p1a: Torkoal|spa|2
|faint|p2a: Mikael Mouse
|
|-weather|SunnyDay|[upkeep]
|upkeep
|
|t:|1757684839
|switch|p2a: Oathkeeper|Pelipper, L50, F, shiny|18/100
|-weather|RainDance|[from] ability: Drizzle|[of] p2a: Oathkeeper
|turn|10
|inactive|gundi8 has 30 seconds left.
|
|t:|1757684870
|move|p1a: Torkoal|Protect|p1a: Torkoal
|-singleturn|p1a: Torkoal|Protect
|move|p1b: Dragonite|Haze|p1b: Dragonite
|-clearallboost
|move|p2b: RC|Knock Off|p1a: Torkoal
|-activate|p1a: Torkoal|move: Protect
|move|p2a: Oathkeeper|Hurricane|p1a: Torkoal
|-activate|p1a: Torkoal|move: Protect
|
|-weather|RainDance|[upkeep]
|upkeep
|turn|11
|
|t:|1757684889
|move|p2a: Oathkeeper|Protect|p2a: Oathkeeper
|-singleturn|p2a: Oathkeeper|Protect
|move|p1b: Dragonite|Scale Shot|p2a: Oathkeeper
|-activate|p2a: Oathkeeper|move: Protect
|move|p2b: RC|Knock Off|p1a: Torkoal
|-crit|p1a: Torkoal
|-damage|p1a: Torkoal|0 fnt
|faint|p1a: Torkoal
|
|-weather|RainDance|[upkeep]
|upkeep
|turn|12
|
|t:|1757684899
|move|p1b: Dragonite|Scale Shot|p2a: Oathkeeper
|-damage|p2a: Oathkeeper|0 fnt
|faint|p2a: Oathkeeper
|-hitcount|p2: Oathkeeper|1
|-unboost|p1b: Dragonite|def|1
|-boost|p1b: Dragonite|spe|1
|move|p2b: RC|Burning Jealousy|p1b: Dragonite
|-resisted|p1b: Dragonite
|-damage|p1b: Dragonite|26/100
|-status|p1b: Dragonite|brn
|
|-weather|RainDance|[upkeep]
|-damage|p1b: Dragonite|20/100 brn|[from] brn
|-sideend|p1: gundi8|move: Tailwind
|upkeep
|turn|13
|
|t:|1757684905
|move|p1b: Dragonite|Scale Shot|p2b: RC
|-damage|p2b: RC|94/100
|-damage|p2b: RC|87/100
|-damage|p2b: RC|80/100
|-damage|p2b: RC|74/100
|-hitcount|p2b: RC|4
|-unboost|p1b: Dragonite|def|1
|-boost|p1b: Dragonite|spe|1
|move|p2b: RC|Knock Off|p1b: Dragonite
|-damage|p1b: Dragonite|0 fnt
|faint|p1b: Dragonite
|
|win|Xion In Void
|raw|gundi8's rating: 1186 → 1157(-29 for losing)
|raw|Xion In Void's rating: 1124 → 1153(+29 for winning)
