|j|☆new mental
|j|☆pep_uni
|html|new mentalpep_uni    
|uhtml|bestof|Game 2 of a best-of-3
|t:|1784637680
|gametype|doubles
|player|p1|new mental|volkner|1169
|player|p2|pep_uni|pokekid|1236
|gen|9
|tier|[Gen 9 Champions] VGC 2026 Reg M-B (Bo3)
|rated|
|rule|Species Clause: Limit one of each Pokémon
|rule|Item Clause: Limit 1 of each item
|clearpoke
|poke|p1|Aerodactyl, L50, M|
|poke|p1|Garchomp, L50, M|
|poke|p1|Kingambit, L50, M|
|poke|p1|Charizard, L50, F|
|poke|p1|Sylveon, L50, F|
|poke|p1|Farigiraf, L50, F|
|poke|p2|Farigiraf, L50, F|
|poke|p2|Scrafty, L50, M|
|poke|p2|Pyroar, L50, F|
|poke|p2|Venusaur, L50, M|
|poke|p2|Hydreigon, L50, F|
|poke|p2|Torkoal, L50, M, shiny|
|teampreview|4
|showteam|p1|Aerodactyl||Aerodactylite|Unnerve|IceFang,RockSlide,Tailwind,DualWingbeat|Jolly||M|||50|]Garchomp||LifeOrb|RoughSkin|DragonClaw,RockSlide,Earthquake,Protect|Jolly||M|||50|]Kingambit||FocusSash|Defiant|SuckerPunch,KowtowCleave,IronHead,LowKick|Adamant||M|||50|]Charizard||CharizarditeY|SolarPower|Protect,WeatherBall,HeatWave,SolarBeam|Modest||F|||50|]Sylveon||FairyFeather|Pixilate|Protect,HyperVoice,HyperBeam,QuickAttack|Modest||F|||50|]Farigiraf||SitrusBerry|ArmorTail|TrickRoom,Thunderbolt,Roar,Psychic|Bold||F|||50|
|showteam|p2|Farigiraf||SitrusBerry|ArmorTail|Protect,TrickRoom,TwinBeam,Thunderbolt|Relaxed||F|||50|]Scrafty||Scraftinite|Intimidate|FakeOut,DrainPunch,IronHead,KnockOff|Brave||M|||50|]Pyroar||Pyroarite|Rivalry|Protect,HeatWave,SolarBeam,Overheat|Timid||F|||50|]Venusaur||LifeOrb|Chlorophyll|Protect,EarthPower,SludgeBomb,LeafStorm|Modest||M|||50|]Hydreigon||ChoiceScarf|Levitate|DracoMeteor,DarkPulse,Snarl,Uturn|Modest||F|||50|]Torkoal||HeatRock|Drought|Eruption,WeatherBall,HelpingHand,Yawn|Quiet||M|||50|
|
|t:|1784637688
|teamsize|p1|4
|teamsize|p2|4
|start
|switch|p1a: Aerodactyl|Aerodactyl, L50, M|100/100
|switch|p1b: Kingambit|Kingambit, L50, M|100/100
|switch|p2a: Venusaur|Venusaur, L50, M|100/100
|switch|p2b: Hydreigon|Hydreigon, L50, F|100/100
|-ability|p1a: Aerodactyl|Unnerve
|turn|1
|
|t:|1784637697
|detailschange|p1a: Aerodactyl|Aerodactyl-Mega, L50, M
|-mega|p1a: Aerodactyl|Aerodactyl|Aerodactylite
|move|p2b: Hydreigon|U-turn|p1b: Kingambit
|-damage|p1b: Kingambit|86/100
|
|t:|1784637701
|switch|p2b: Torkoal|Torkoal, L50, M, shiny|100/100|[from] U-turn
|-weather|SunnyDay|[from] ability: Drought|[of] p2b: Torkoal
|move|p2a: Venusaur|Earth Power|p1b: Kingambit
|-supereffective|p1b: Kingambit|1
|-damage|p1b: Kingambit|0 fnt
|faint|p1b: Kingambit
|-damage|p2a: Venusaur|90/100|[from] item: Life Orb
|move|p1a: Aerodactyl|Tailwind|p1a: Aerodactyl
|-sidestart|p1: new mental|move: Tailwind
|
|-weather|SunnyDay|[upkeep]
|upkeep
|
|t:|1784637709
|switch|p1b: Sylveon|Sylveon, L50, F|100/100
|turn|2
|inactive|Battle timer is ON: inactive players will automatically lose when time's up. (requested by new mental)
|
|t:|1784637727
|move|p2a: Venusaur|Protect|p2a: Venusaur
|-singleturn|p2a: Venusaur|Protect
|move|p1a: Aerodactyl|Dual Wingbeat|p2a: Venusaur
|-activate|p2a: Venusaur|move: Protect
|move|p1b: Sylveon|Hyper Voice|p2a: Venusaur|[spread] p2b
|-activate|p2a: Venusaur|move: Protect
|-resisted|p2b: Torkoal|1
|-damage|p2b: Torkoal|72/100
|move|p2b: Torkoal|Yawn|p1a: Aerodactyl
|-start|p1a: Aerodactyl|move: Yawn|[of] p2b: Torkoal
|
|-weather|SunnyDay|[upkeep]
|upkeep
|turn|3
|inactive|pep_uni has 30 seconds left.
|
|t:|1784637762
|switch|p2a: Scrafty|Scrafty, L50, M|100/100
|-ability|p2a: Scrafty|Intimidate|boost
|-unboost|p1a: Aerodactyl|atk|1
|-unboost|p1b: Sylveon|atk|1
|move|p1a: Aerodactyl|Dual Wingbeat|p2a: Scrafty
|-supereffective|p2a: Scrafty|1
|-damage|p2a: Scrafty|67/100
|-supereffective|p2a: Scrafty|1
|-damage|p2a: Scrafty|39/100
|-hitcount|p2a: Scrafty|2
|move|p1b: Sylveon|Hyper Voice|p2b: Torkoal|[spread] p2a,p2b
|-supereffective|p2a: Scrafty|2
|-crit|p2a: Scrafty
|-resisted|p2b: Torkoal|1
|-damage|p2a: Scrafty|0 fnt
|-damage|p2b: Torkoal|46/100
|faint|p2a: Scrafty
|move|p2b: Torkoal|Yawn|p1b: Sylveon
|-start|p1b: Sylveon|move: Yawn|[of] p2b: Torkoal
|
|-weather|SunnyDay|[upkeep]
|-end|p1a: Aerodactyl|move: Yawn|[silent]
|-status|p1a: Aerodactyl|slp
|upkeep
|
|t:|1784637770
|switch|p2a: Venusaur|Venusaur, L50, M|90/100
|turn|4
|
|t:|1784637791
|switch|p1b: Garchomp|Garchomp, L50, M|100/100
|cant|p1a: Aerodactyl|slp
|move|p2a: Venusaur|Leaf Storm|p1a: Aerodactyl
|-damage|p1a: Aerodactyl|13/100 slp
|-unboost|p2a: Venusaur|spa|2
|-damage|p2a: Venusaur|81/100|[from] item: Life Orb
|move|p2b: Torkoal|Yawn|p1b: Garchomp
|-start|p1b: Garchomp|move: Yawn|[of] p2b: Torkoal
|
|-weather|SunnyDay|[upkeep]
|-sideend|p1: new mental|move: Tailwind
|upkeep
|turn|5
|
|t:|1784637812
|switch|p1b: Sylveon|Sylveon, L50, F|100/100
|switch|p2b: Hydreigon|Hydreigon, L50, F|100/100
|move|p2a: Venusaur|Leaf Storm|p1a: Aerodactyl
|-damage|p1a: Aerodactyl|0 fnt
|-unboost|p2a: Venusaur|spa|2
|faint|p1a: Aerodactyl
|-damage|p2a: Venusaur|71/100|[from] item: Life Orb
|
|-weather|SunnyDay|[upkeep]
|upkeep
|
|t:|1784637824
|switch|p1a: Garchomp|Garchomp, L50, M|100/100
|turn|6
|
|t:|1784637838
|switch|p2a: Torkoal|Torkoal, L50, M, shiny|46/100
|move|p1a: Garchomp|Protect|p1a: Garchomp
|-singleturn|p1a: Garchomp|Protect
|move|p1b: Sylveon|Protect|p1b: Sylveon
|-singleturn|p1b: Sylveon|Protect
|move|p2b: Hydreigon|U-turn|p1b: Sylveon
|-activate|p1b: Sylveon|move: Protect
|
|-weather|SunnyDay|[upkeep]
|upkeep
|turn|7
|
|t:|1784637863
|move|p2b: Hydreigon|U-turn|p1b: Sylveon
|-resisted|p1b: Sylveon|1
|-damage|p1b: Sylveon|90/100
|
|t:|1784637864
|switch|p2b: Venusaur|Venusaur, L50, M|71/100|[from] U-turn
|move|p1a: Garchomp|Dragon Claw|p2b: Venusaur
|-damage|p2b: Venusaur|2/100
|-damage|p1a: Garchomp|90/100|[from] item: Life Orb
|move|p1b: Sylveon|Hyper Voice|p2a: Torkoal|[spread] p2a,p2b
|-resisted|p2a: Torkoal|1
|-resisted|p2b: Venusaur|1
|-damage|p2a: Torkoal|16/100
|-damage|p2b: Venusaur|0 fnt
|faint|p2b: Venusaur
|move|p2a: Torkoal|Yawn|p1a: Garchomp
|-start|p1a: Garchomp|move: Yawn|[of] p2a: Torkoal
|
|-weather|SunnyDay|[upkeep]
|upkeep
|
|t:|1784637866
|switch|p2b: Hydreigon|Hydreigon, L50, F|100/100
|turn|8
|-message|pep_uni forfeited.
|
|win|new mental
|raw|new mental's rating: 1169 → 1199(+30 for winning)
|raw|pep_uni's rating: 1236 → 1206(-30 for losing)
