|j|☆Marrow92
|j|☆emptinessmach
|html|Marrow92emptinessmach    
|uhtml|bestof|Game 2 of a best-of-3
|t:|1757726579
|gametype|doubles
|player|p1|Marrow92|169|1165
|player|p2|emptinessmach|red|1064
|gen|9
|tier|[Gen 9] VGC 2025 Reg H (Bo3)
|rated|
|rule|Species Clause: Limit one of each Pokémon
|rule|Item Clause: Limit 1 of each item
|clearpoke
|poke|p1|Incineroar, L50, M|
|poke|p1|Gholdengo, L50|
|poke|p1|Pelipper, L50, M|
|poke|p1|Basculegion, L50, M|
|poke|p1|Archaludon, L50, M|
|poke|p1|Rillaboom, L50, M|
|poke|p2|Garchomp, L50, M|
|poke|p2|Jumpluff, L50, M|
|poke|p2|Torkoal, L50, M|
|poke|p2|Dragonite, L50, M|
|poke|p2|Kingambit, L50, F|
|poke|p2|Typhlosion-Hisui, L50, M|
|teampreview|4
|showteam|p1|Incineroar||SafetyGoggles|Intimidate|FlareBlitz,KnockOff,FakeOut,PartingShot|||M|||50|,,,,,Ghost]Gholdengo||LifeOrb|GoodasGold|MakeItRain,ShadowBall,Protect,NastyPlot||||||50|,,,,,Water]Pelipper||FocusSash|Drizzle|WeatherBall,Hurricane,Protect,Tailwind|||M|||50|,,,,,Steel]Basculegion||ChoiceBand|SwiftSwim|WaveCrash,LastRespects,FlipTurn,AquaJet|||M|||50|,,,,,Water]Archaludon||AssaultVest|Stamina|FlashCannon,DracoMeteor,ElectroShot,BodyPress|||M|||50|,,,,,Bug]Rillaboom||MiracleSeed|GrassySurge|GrassyGlide,HighHorsepower,FakeOut,WoodHammer|||M|||50|,,,,,Fire
|showteam|p2|Garchomp||LifeOrb|RoughSkin|DragonClaw,StompingTantrum,Earthquake,Protect|||M|||50|,,,,,Steel]Jumpluff||CovertCloak|Chlorophyll|LeafStorm,SleepPowder,Encore,Tailwind|||M|||50|,,,,,Dark]Torkoal||EjectPack|Drought|Overheat,BurningJealousy,HelpingHand,Protect|||M|||50|,,,,,Flying]Dragonite||LoadedDice|Multiscale|ExtremeSpeed,ScaleShot,IceSpinner,Protect|||M|||50|,,,,,Fairy]Kingambit||AssaultVest|Defiant|IronHead,SuckerPunch,Assurance,LowKick|||F|||50|,,,,,Flying]Typhlosion-Hisui||ChoiceSpecs|Blaze|Eruption,ShadowBall,HeatWave,Flamethrower|||M|||50|,,,,,Fire
|inactive|Battle timer is ON: inactive players will automatically lose when time's up. (requested by Marrow92)
|
|t:|1757726611
|teamsize|p1|4
|teamsize|p2|4
|start
|switch|p1a: Incineroar|Incineroar, L50, M|100/100
|switch|p1b: Gholdengo|Gholdengo, L50|100/100
|switch|p2a: Torkoal|Torkoal, L50, M, shiny|100/100
|switch|p2b: Jumpluff|Jumpluff, L50, M, shiny|100/100
|-ability|p1a: Incineroar|Intimidate|boost
|-unboost|p2a: Torkoal|atk|1
|-unboost|p2b: Jumpluff|atk|1
|-weather|SunnyDay|[from] ability: Drought|[of] p2a: Torkoal
|-enditem|p2a: Torkoal|Eject Pack
|
|t:|1757726615
|switch|p2a: Kingambit|Kingambit, L50, F, shiny|100/100
|turn|1
|
|t:|1757726639
|switch|p2a: Torkoal|Torkoal, L50, M, shiny|100/100
|-terastallize|p1b: Gholdengo|Water
|move|p2b: Jumpluff|Tailwind|p2b: Jumpluff
|-sidestart|p2: emptinessmach|move: Tailwind
|move|p1b: Gholdengo|Make It Rain|p2b: Jumpluff|[spread] p2a,p2b
|-resisted|p2a: Torkoal
|-crit|p2b: Jumpluff
|-damage|p2a: Torkoal|57/100
|-damage|p2b: Jumpluff|5/100
|-unboost|p1b: Gholdengo|spa|1
|-damage|p1b: Gholdengo|91/100|[from] item: Life Orb
|move|p1a: Incineroar|Flare Blitz|p2a: Torkoal
|-resisted|p2a: Torkoal
|-damage|p2a: Torkoal|28/100
|-damage|p1a: Incineroar|92/100|[from] Recoil
|
|-weather|SunnyDay|[upkeep]
|upkeep
|turn|2
|inactive|Marrow92 has 30 seconds left.
|inactive|emptinessmach has 30 seconds left.
|inactive|emptinessmach has 20 seconds left.
|inactive|emptinessmach has 15 seconds left.
|inactive|Marrow92 has 20 seconds left.
|inactive|emptinessmach has 10 seconds left.
|inactive|Marrow92 has 15 seconds left.
|inactive|emptinessmach has 5 seconds left.
|
|t:|1757726698
|move|p2b: Jumpluff|Leaf Storm|p1b: Gholdengo
|-supereffective|p1b: Gholdengo
|-damage|p1b: Gholdengo|30/100
|-unboost|p2b: Jumpluff|spa|2
|move|p1b: Gholdengo|Nasty Plot|p1b: Gholdengo
|-boost|p1b: Gholdengo|spa|2
|move|p2a: Torkoal|Overheat|p1a: Incineroar
|-resisted|p1a: Incineroar
|-damage|p1a: Incineroar|61/100
|-unboost|p2a: Torkoal|spa|2
|move|p1a: Incineroar|Flare Blitz|p2a: Torkoal
|-resisted|p2a: Torkoal
|-damage|p2a: Torkoal|0 fnt
|faint|p2a: Torkoal
|-damage|p1a: Incineroar|53/100|[from] Recoil
|
|-weather|SunnyDay|[upkeep]
|upkeep
|
|t:|1757726708
|switch|p2a: Typhlosion|Typhlosion-Hisui, L50, M, shiny|100/100
|turn|3
|
|t:|1757726728
|switch|p2a: Kingambit|Kingambit, L50, F, shiny|100/100
|switch|p1b: Pelipper|Pelipper, L50, M, shiny|100/100
|-weather|RainDance|[from] ability: Drizzle|[of] p1b: Pelipper
|move|p2b: Jumpluff|Sleep Powder|p1a: Incineroar
|-activate|p1a: Incineroar|item: Safety Goggles|Sleep Powder
|move|p1a: Incineroar|Knock Off|p2a: Kingambit
|-resisted|p2a: Kingambit
|-damage|p2a: Kingambit|84/100
|-enditem|p2a: Kingambit|Assault Vest|[from] move: Knock Off|[of] p1a: Incineroar
|
|-weather|RainDance|[upkeep]
|upkeep
|turn|4
|inactive|Marrow92 has 30 seconds left.
|inactive|emptinessmach has 30 seconds left.
|inactive|emptinessmach has 20 seconds left.
|
|t:|1757726764
|move|p2b: Jumpluff|Sleep Powder|p1b: Pelipper|[miss]
|-miss|p2b: Jumpluff|p1b: Pelipper
|move|p2a: Kingambit|Iron Head|p1b: Pelipper
|-resisted|p1b: Pelipper
|-damage|p1b: Pelipper|72/100
|cant|p1b: Pelipper|flinch
|move|p1a: Incineroar|Knock Off|p2b: Jumpluff
|-damage|p2b: Jumpluff|0 fnt
|-enditem|p2b: Jumpluff|Covert Cloak|[from] move: Knock Off|[of] p1a: Incineroar
|faint|p2b: Jumpluff
|
|-weather|RainDance|[upkeep]
|-sideend|p2: emptinessmach|move: Tailwind
|upkeep
|
|t:|1757726767
|switch|p2b: Typhlosion|Typhlosion-Hisui, L50, M, shiny|100/100
|turn|5
|inactive|emptinessmach has 30 seconds left.
|
|t:|1757726799
|-terastallize|p2b: Typhlosion|Fire
|move|p1b: Pelipper|Protect|p1b: Pelipper
|-singleturn|p1b: Pelipper|Protect
|move|p2a: Kingambit|Sucker Punch||[still]
|-fail|p2a: Kingambit
|move|p2b: Typhlosion|Eruption|p1b: Pelipper|[spread] p1a
|-activate|p1b: Pelipper|move: Protect
|-resisted|p1a: Incineroar
|-damage|p1a: Incineroar|31/100
|move|p1a: Incineroar|Knock Off|p2b: Typhlosion
|-damage|p2b: Typhlosion|37/100
|-enditem|p2b: Typhlosion|Choice Specs|[from] move: Knock Off|[of] p1a: Incineroar
|
|-weather|RainDance|[upkeep]
|upkeep
|turn|6
|inactive|Marrow92 has 30 seconds left.
|inactive|emptinessmach has 30 seconds left.
|
|t:|1757726832
|move|p2a: Kingambit|Sucker Punch|p1b: Pelipper
|-damage|p1b: Pelipper|17/100
|move|p2b: Typhlosion|Eruption|p1a: Incineroar|[spread] p1a,p1b
|-resisted|p1a: Incineroar
|-resisted|p1b: Pelipper
|-damage|p1a: Incineroar|25/100
|-damage|p1b: Pelipper|6/100
|move|p1b: Pelipper|Weather Ball|p2b: Typhlosion
|-supereffective|p2b: Typhlosion
|-damage|p2b: Typhlosion|0 fnt
|faint|p2b: Typhlosion
|move|p1a: Incineroar|Knock Off|p2a: Kingambit
|-resisted|p2a: Kingambit
|-damage|p2a: Kingambit|72/100
|
|-weather|RainDance|[upkeep]
|upkeep
|turn|7
|
|t:|1757726851
|move|p1b: Pelipper|Weather Ball|p2a: Kingambit
|-damage|p2a: Kingambit|5/100
|move|p2a: Kingambit|Low Kick|p1a: Incineroar
|-supereffective|p1a: Incineroar
|-damage|p1a: Incineroar|0 fnt
|faint|p1a: Incineroar
|
|-weather|none
|upkeep
|
|t:|1757726858
|switch|p1a: Gholdengo|Gholdengo, L50, tera:Water|30/100
|turn|8
|
|t:|1757726865
|move|p2a: Kingambit|Sucker Punch|p1a: Gholdengo
|-damage|p1a: Gholdengo|0 fnt
|faint|p1a: Gholdengo
|move|p1b: Pelipper|Weather Ball|p2a: Kingambit
|-resisted|p2a: Kingambit
|-damage|p2a: Kingambit|0 fnt
|faint|p2a: Kingambit
|
|win|Marrow92
|raw|Marrow92's rating: 1165 → 1183(+18 for winning)
|raw|emptinessmach's rating: 1064 → 1050(-14 for losing)
|l|☆Marrow92
|player|p1|
