|j|ŌśåJVoid
|j|ŌśåHUGEbowlOFzaman
|html|JVoidHUGEbowlOFzaman    
|uhtml|bestof|Game 1 of a best-of-3
|t:|1785011843
|gametype|doubles
|player|p1|JVoid|lucas-gen4pt|
|player|p2|HUGEbowlOFzaman|265|
|gen|9
|tier|[Gen 9 Champions] VGC 2026 Reg M-B (Bo3)
|rule|Species Clause: Limit one of each Pok├®mon
|rule|Item Clause: Limit 1 of each item
|clearpoke
|poke|p1|Blastoise, L50, F|
|poke|p1|Politoed, L50, F|
|poke|p1|Glaceon, L50, M|
|poke|p1|Mr. Rime, L50, F|
|poke|p1|Ninetales-Alola, L50, F|
|poke|p1|Maushold, L50|
|poke|p2|Kangaskhan, L50, F|
|poke|p2|Raichu-Alola, L50, F|
|poke|p2|Samurott-Hisui, L50, F|
|poke|p2|Glimmora, L50, F|
|poke|p2|Goodra-Hisui, L50, F|
|poke|p2|Vivillon, L50, M|
|teampreview|4
|showteam|p1|Blastoise||Blastoisinite|Torrent|WaterSpout,DarkPulse,ShellSmash,Protect|Modest||F|||50|]Politoed||SitrusBerry|Drizzle|Protect,IcyWind,WeatherBall,HelpingHand|Bold||F|||50|]Glaceon||ChoiceScarf|IceBody|Blizzard,FreezeDry,WeatherBall,ShadowBall|Timid||M|||50|]Mr. Rime||MentalHerb|IceBody|TrickRoom,FakeOut,FreezeDry,ShadowBall|Bold||F|||50|]Ninetales-Alola||FocusSash|SnowWarning|AuroraVeil,HelpingHand,Protect,Moonblast|Timid||F|||50|]Maushold||ChopleBerry|FriendGuard|Protect,FollowMe,SuperFang,Encore|Jolly|||||50|
|showteam|p2|Kangaskhan||Kangaskhanite|InnerFocus|FakeOut,DoubleEdge,FirePunch,SuckerPunch|Adamant||F|||50|]Raichu-Alola||LightBall|SurgeSurfer|FakeOut,Thunderbolt,Reflect,LightScreen|Timid||F|||50|]Samurott-Hisui||FocusSash|Sharpness|Protect,AquaCutter,CeaselessEdge,SacredSword|Jolly||F|||50|]Glimmora||Glimmoranite|Corrosion|PowerGem,SludgeBomb,Substitute,SpikyShield|Timid||F|||50|]Goodra-Hisui||Leftovers|ShellArmor|Shelter,BodyPress,Thunder,FlashCannon|Modest||F|||50|]Vivillon||ChoiceScarf|CompoundEyes|SleepPowder,Tailwind,Hurricane,RagePowder|Timid||M|||50|
|c|ŌśåJVoid|glhf
|j| Ly_likes_Ceruledge
|c|ŌśåHUGEbowlOFzaman|glhf!
|c| Ly_likes_Ceruledge|penis
|
|t:|1785011921
|teamsize|p1|4
|teamsize|p2|4
|start
|switch|p1a: Blastoise|Blastoise, L50, F|100/100
|switch|p1b: Maushold|Maushold, L50|100/100
|switch|p2a: Raichu|Raichu-Alola, L50, F|100/100
|switch|p2b: Kangaskhan|Kangaskhan, L50, F|100/100
|turn|1
|
|t:|1785011965
|detailschange|p1a: Blastoise|Blastoise-Mega, L50, F
|-mega|p1a: Blastoise|Blastoise|Blastoisinite
|detailschange|p2b: Kangaskhan|Kangaskhan-Mega, L50, F
|-mega|p2b: Kangaskhan|Kangaskhan|Kangaskhanite
|move|p1b: Maushold|Protect|p1b: Maushold
|-singleturn|p1b: Maushold|Protect
|move|p1a: Blastoise|Protect|p1a: Blastoise
|-singleturn|p1a: Blastoise|Protect
|move|p2b: Kangaskhan|Fake Out|p1a: Blastoise
|-activate|p1a: Blastoise|move: Protect
|move|p2a: Raichu|Light Screen|p2a: Raichu
|-sidestart|p2: HUGEbowlOFzaman|move: Light Screen
|
|upkeep
|turn|2
|
|t:|1785011983
|move|p1b: Maushold|Follow Me|p1b: Maushold
|-singleturn|p1b: Maushold|move: Follow Me
|move|p2a: Raichu|Thunderbolt|p1b: Maushold
|-damage|p1b: Maushold|59/100
|move|p1a: Blastoise|Shell Smash|p1a: Blastoise
|-unboost|p1a: Blastoise|def|1
|-unboost|p1a: Blastoise|spd|1
|-boost|p1a: Blastoise|atk|2
|-boost|p1a: Blastoise|spa|2
|-boost|p1a: Blastoise|spe|2
|move|p2b: Kangaskhan|Double-Edge|p1b: Maushold
|-damage|p1b: Maushold|0 fnt
|faint|p1b: Maushold
|-damage|p2b: Kangaskhan|83/100|[from] Recoil
|
|upkeep
|
|t:|1785011999
|switch|p1b: Politoed|Politoed, L50, F|100/100
|-weather|RainDance|[from] ability: Drizzle|[of] p1b: Politoed
|turn|3
|
|t:|1785012010
|switch|p2b: Goodra|Goodra-Hisui, L50, F|100/100
|move|p1b: Politoed|Helping Hand|p1a: Blastoise
|-singleturn|p1a: Blastoise|Helping Hand|[of] p1b: Politoed
|move|p1a: Blastoise|Water Spout|p2a: Raichu|[spread] p2a,p2b
|-resisted|p2b: Goodra|1
|-damage|p2a: Raichu|0 fnt
|-damage|p2b: Goodra|35/100
|faint|p2a: Raichu
|
|-weather|RainDance|[upkeep]
|-heal|p2b: Goodra|41/100|[from] item: Leftovers
|upkeep
|
|t:|1785012028
|switch|p2a: Vivillon|Vivillon, L50, M|100/100
|turn|4
|
|t:|1785012042
|move|p1b: Politoed|Helping Hand|p1a: Blastoise
|-singleturn|p1a: Blastoise|Helping Hand|[of] p1b: Politoed
|move|p1a: Blastoise|Water Spout|p2b: Goodra|[spread] p2a,p2b
|-resisted|p2b: Goodra|1
|-damage|p2a: Vivillon|0 fnt
|-damage|p2b: Goodra|0 fnt
|faint|p2a: Vivillon
|faint|p2b: Goodra
|
|-weather|RainDance|[upkeep]
|upkeep
|c|ŌśåHUGEbowlOFzaman|ruh roh
|
|t:|1785012055
|switch|p2b: Kangaskhan|Kangaskhan-Mega, L50, F|83/100
|turn|5
|c| Ly_likes_Ceruledge|holy blastoise
|
|t:|1785012073
|move|p2b: Kangaskhan|Fake Out|p1b: Politoed
|-damage|p1b: Politoed|78/100
|-damage|p1b: Politoed|73/100
|-hitcount|p1b: Politoed|2
|move|p1a: Blastoise|Water Spout|p2b: Kangaskhan
|-damage|p2b: Kangaskhan|0 fnt
|faint|p2b: Kangaskhan
|
|win|JVoid
|c|ŌśåHUGEbowlOFzaman|he hurts
||HUGEbowlOFzaman is ready for game 2.
|c|ŌśåHUGEbowlOFzaman|gg
|inactive|JVoid has 30 seconds to confirm battle start!
|c|ŌśåJVoid|gg
||JVoid is ready for game 2.
|uhtml|next|Next: Game 2 of 3
|l|ŌśåHUGEbowlOFzaman
|player|p2|
