|j|☆GS Barnabe
|j|☆KingZeusVGC
|html|GS BarnabeKingZeusVGC    
|uhtml|bestof|Game 1 of a best-of-3
|t:|1785943958
|gametype|doubles
|player|p1|GS Barnabe|1|1123
|player|p2|KingZeusVGC|blackbelt-gen4dp|1148
|gen|9
|tier|[Gen 9 Champions] VGC 2026 Reg M-B (Bo3)
|rated|
|rule|Species Clause: Limit one of each Pokémon
|rule|Item Clause: Limit 1 of each item
|clearpoke
|poke|p1|Clefable, L50, M|
|poke|p1|Tyranitar, L50, F|
|poke|p1|Garchomp, L50, F|
|poke|p1|Gholdengo, L50|
|poke|p1|Rotom-Wash, L50|
|poke|p1|Aerodactyl, L50, F|
|poke|p2|Farigiraf, L50, M|
|poke|p2|Rhyperior, L50, M|
|poke|p2|Blastoise, L50, F|
|poke|p2|Hatterene, L50, F|
|poke|p2|Pelipper, L50, F|
|poke|p2|Sinistcha, L50|
|teampreview|4
|showteam|p1|Clefable||SitrusBerry|Unaware|Moonblast,FollowMe,HealPulse,Protect|Bold||M|||50|]Tyranitar||ChoiceScarf|SandStream|RockSlide,KnockOff,IcePunch,Superpower|Jolly||F|||50|]Garchomp||Garchompite|SandVeil|DracoMeteor,EarthPower,PowerGem,Protect|Modest||F|||50|]Gholdengo||LifeOrb|GoodasGold|MakeItRain,ShadowBall,NastyPlot,Protect|Modest|||||50|]Rotom-Wash||Leftovers|Levitate|HydroPump,VoltSwitch,WillOWisp,Protect|Calm|||||50|]Aerodactyl||Aerodactylite|RockHead|RockSlide,DualWingbeat,Tailwind,Protect|Jolly||F|||50|
|showteam|p2|Farigiraf||MentalHerb|ArmorTail|TrickRoom,Thunderbolt,TwinBeam,LightScreen|Relaxed||M|||50|]Rhyperior||LifeOrb|LightningRod|Protect,RockSlide,HighHorsepower,PoisonJab|Brave||M|||50|]Blastoise||Blastoisinite|RainDish|WaterSpout,FakeOut,DarkPulse,AuraSphere|Quiet||F|||50|]Hatterene||FocusSash|MagicBounce|TrickRoom,Psychic,DazzlingGleam,Protect|Quiet||F|||50|]Pelipper||SitrusBerry|Drizzle|Hurricane,WeatherBall,KnockOff,WideGuard|Quiet||F|||50|]Sinistcha||MiracleSeed|Hospitality|MatchaGotcha,ShadowBall,RagePowder,TrickRoom|Quiet|||||50|
|inactive|Battle timer is ON: inactive players will automatically lose when time's up. (requested by KingZeusVGC)
|
|t:|1785944007
|teamsize|p1|4
|teamsize|p2|4
|start
|switch|p1a: Garchomp|Garchomp, L50, F|100/100
|switch|p1b: Tyranitar|Tyranitar, L50, F|100/100
|switch|p2a: Blastoise|Blastoise, L50, F|100/100
|switch|p2b: Sinistcha|Sinistcha, L50|100/100
|-weather|Sandstorm|[from] ability: Sand Stream|[of] p1b: Tyranitar
|turn|1
|
|t:|1785944028
|detailschange|p1a: Garchomp|Garchomp-Mega, L50, F
|-mega|p1a: Garchomp|Garchomp|Garchompite
|detailschange|p2a: Blastoise|Blastoise-Mega, L50, F
|-mega|p2a: Blastoise|Blastoise|Blastoisinite
|move|p2a: Blastoise|Fake Out|p1b: Tyranitar
|-resisted|p1b: Tyranitar|1
|-damage|p1b: Tyranitar|96/100
|cant|p1b: Tyranitar|flinch
|move|p1a: Garchomp|Earth Power|p2a: Blastoise
|-damage|p2a: Blastoise|50/100y
|move|p2b: Sinistcha|Trick Room|p2b: Sinistcha
|-fieldstart|move: Trick Room|[of] p2b: Sinistcha
|
|-weather|Sandstorm|[upkeep]
|-damage|p2b: Sinistcha|93/100|[from] Sandstorm
|-damage|p2a: Blastoise|44/100|[from] Sandstorm
|upkeep
|turn|2
|
|t:|1785944051
|switch|p1b: Rotom|Rotom-Wash, L50|100/100
|move|p2b: Sinistcha|Matcha Gotcha|p1b: Rotom|[spread] p1a,p1b
|-supereffective|p1b: Rotom|1
|-damage|p1a: Garchomp|65/100
|-heal|p2b: Sinistcha|100/100|[from] drain|[of] p1a: Garchomp
|-damage|p1b: Rotom|41/100
|move|p2a: Blastoise|Dark Pulse|p1a: Garchomp
|-damage|p1a: Garchomp|17/100
|move|p1a: Garchomp|Earth Power|p2a: Blastoise
|-damage|p2a: Blastoise|0 fnt
|faint|p2a: Blastoise
|
|-weather|Sandstorm|[upkeep]
|-damage|p2b: Sinistcha|93/100|[from] Sandstorm
|-damage|p1b: Rotom|35/100|[from] Sandstorm
|-heal|p1b: Rotom|41/100|[from] item: Leftovers
|upkeep
|
|t:|1785944064
|switch|p2a: Hatterene|Hatterene, L50, F|100/100
|turn|3
|
|t:|1785944079
|move|p1b: Rotom|Protect|p1b: Rotom
|-singleturn|p1b: Rotom|Protect
|move|p1a: Garchomp|Protect|p1a: Garchomp
|-singleturn|p1a: Garchomp|Protect
|move|p2a: Hatterene|Dazzling Gleam|p1a: Garchomp|[spread] 
|-activate|p1a: Garchomp|move: Protect
|-activate|p1b: Rotom|move: Protect
|move|p2b: Sinistcha|Matcha Gotcha|p1a: Garchomp|[spread] 
|-activate|p1a: Garchomp|move: Protect
|-activate|p1b: Rotom|move: Protect
|
|-weather|Sandstorm|[upkeep]
|-damage|p2a: Hatterene|93/100|[from] Sandstorm
|-damage|p2b: Sinistcha|87/100|[from] Sandstorm
|-damage|p1b: Rotom|35/100|[from] Sandstorm
|-heal|p1b: Rotom|41/100|[from] item: Leftovers
|upkeep
|turn|4
|inactive|GS Barnabe has 30 seconds left.
|inactive|GS Barnabe has 20 seconds left.
|
|t:|1785944119
|switch|p1a: Gholdengo|Gholdengo, L50|100/100
|move|p2a: Hatterene|Dazzling Gleam|p1a: Gholdengo|[spread] p1a,p1b
|-resisted|p1a: Gholdengo|1
|-damage|p1a: Gholdengo|81/100
|-damage|p1b: Rotom|11/100
|move|p2b: Sinistcha|Matcha Gotcha|p1b: Rotom|[spread] p1a,p1b
|-resisted|p1a: Gholdengo|1
|-supereffective|p1b: Rotom|1
|-damage|p1a: Gholdengo|65/100
|-heal|p2b: Sinistcha|96/100|[from] drain|[of] p1a: Gholdengo
|-damage|p1b: Rotom|0 fnt
|-heal|p2b: Sinistcha|100/100|[from] drain|[of] p1b: Rotom
|faint|p1b: Rotom
|
|-weather|Sandstorm|[upkeep]
|-damage|p2a: Hatterene|87/100|[from] Sandstorm
|-damage|p2b: Sinistcha|93/100|[from] Sandstorm
|upkeep
|
|t:|1785944141
|switch|p1b: Garchomp|Garchomp-Mega, L50, F|17/100
|turn|5
|inactive|KingZeusVGC has 30 seconds left.
|
|t:|1785944174
|switch|p2a: Pelipper|Pelipper, L50, F|100/100
|-weather|RainDance|[from] ability: Drizzle|[of] p2a: Pelipper
|move|p1a: Gholdengo|Protect|p1a: Gholdengo
|-singleturn|p1a: Gholdengo|Protect
|move|p1b: Garchomp|Protect|p1b: Garchomp
|-singleturn|p1b: Garchomp|Protect
|move|p2b: Sinistcha|Shadow Ball|p1a: Gholdengo
|-activate|p1a: Gholdengo|move: Protect
|
|-weather|RainDance|[upkeep]
|-fieldend|move: Trick Room
|upkeep
|turn|6
|inactive|GS Barnabe has 30 seconds left.
|inactive|KingZeusVGC has 30 seconds left.
|
|t:|1785944209
|move|p1b: Garchomp|Power Gem|p2a: Pelipper
|-supereffective|p2a: Pelipper|1
|-damage|p2a: Pelipper|29/100
|-enditem|p2a: Pelipper|Sitrus Berry|[eat]
|-heal|p2a: Pelipper|53/100|[from] item: Sitrus Berry
|move|p1a: Gholdengo|Shadow Ball|p2b: Sinistcha
|-supereffective|p2b: Sinistcha|1
|-damage|p2b: Sinistcha|0 fnt
|faint|p2b: Sinistcha
|-damage|p1a: Gholdengo|56/100|[from] item: Life Orb
|move|p2a: Pelipper|Weather Ball|p1a: Gholdengo
|-damage|p1a: Gholdengo|0 fnt
|faint|p1a: Gholdengo
|
|-weather|RainDance|[upkeep]
|upkeep
|
|t:|1785944220
|switch|p1a: Tyranitar|Tyranitar, L50, F|96/100
|switch|p2b: Hatterene|Hatterene, L50, F|87/100
|-weather|Sandstorm|[from] ability: Sand Stream|[of] p1a: Tyranitar
|turn|7
|
|t:|1785944235
|move|p2a: Pelipper|Wide Guard|p2a: Pelipper
|-singleturn|p2a: Pelipper|Wide Guard
|move|p1a: Tyranitar|Rock Slide|p2b: Hatterene|[spread] 
|-activate|p2a: Pelipper|move: Wide Guard
|-activate|p2b: Hatterene|move: Wide Guard
|move|p1b: Garchomp|Earth Power|p2b: Hatterene
|-damage|p2b: Hatterene|15/100
|-unboost|p2b: Hatterene|spd|1
|move|p2b: Hatterene|Trick Room|p2b: Hatterene
|-fieldstart|move: Trick Room|[of] p2b: Hatterene
|
|-weather|Sandstorm|[upkeep]
|-damage|p2b: Hatterene|9/100|[from] Sandstorm
|-damage|p2a: Pelipper|47/100|[from] Sandstorm
|upkeep
|turn|8
|
|t:|1785944259
|move|p1b: Garchomp|Protect|p1b: Garchomp
|-singleturn|p1b: Garchomp|Protect
|move|p2a: Pelipper|Wide Guard|p2a: Pelipper
|-singleturn|p2a: Pelipper|Wide Guard
|move|p2b: Hatterene|Dazzling Gleam|p1b: Garchomp|[spread] p1a
|-activate|p1b: Garchomp|move: Protect
|-supereffective|p1a: Tyranitar|1
|-damage|p1a: Tyranitar|46/100
|move|p1a: Tyranitar|Rock Slide|p2b: Hatterene|[spread] 
|-activate|p2a: Pelipper|move: Wide Guard
|-activate|p2b: Hatterene|move: Wide Guard
|
|-weather|Sandstorm|[upkeep]
|-damage|p2b: Hatterene|3/100|[from] Sandstorm
|-damage|p2a: Pelipper|41/100|[from] Sandstorm
|upkeep
|turn|9
|
|t:|1785944282
|move|p1b: Garchomp|Protect|p1b: Garchomp
|-singleturn|p1b: Garchomp|Protect
|move|p2b: Hatterene|Dazzling Gleam|p1a: Tyranitar|[spread] p1a
|-activate|p1b: Garchomp|move: Protect
|-supereffective|p1a: Tyranitar|1
|-damage|p1a: Tyranitar|0 fnt
|faint|p1a: Tyranitar
|move|p2a: Pelipper|Weather Ball|p1b: Garchomp
|-activate|p1b: Garchomp|move: Protect
|
|-weather|Sandstorm|[upkeep]
|-damage|p2b: Hatterene|0 fnt|[from] Sandstorm
|-damage|p2a: Pelipper|35/100|[from] Sandstorm
|faint|p2b: Hatterene
|upkeep
|turn|10
|
|t:|1785944300
|move|p2a: Pelipper|Hurricane|p1b: Garchomp
|-damage|p1b: Garchomp|0 fnt
|faint|p1b: Garchomp
|
|win|KingZeusVGC
