|j|☆strawhatronin
|j|☆Nicepoo
|html|strawhatroninNicepoo    
|uhtml|bestof|Game 1 of a best-of-3
|t:|1783714207
|gametype|doubles
|player|p1|strawhatronin|morty|1034
|player|p2|Nicepoo|169|1021
|gen|9
|tier|[Gen 9 Champions] VGC 2026 Reg M-B (Bo3)
|rated|
|rule|Species Clause: Limit one of each Pokémon
|rule|Item Clause: Limit 1 of each item
|clearpoke
|poke|p1|Pelipper, L50, M|
|poke|p1|Gengar, L50, M|
|poke|p1|Incineroar, L50, F|
|poke|p1|Archaludon, L50, M|
|poke|p1|Maushold, L50|
|poke|p1|Raichu, L50, M|
|poke|p2|Mawile, L50, M|
|poke|p2|Rotom-Wash, L50|
|poke|p2|Overqwil, L50, M|
|poke|p2|Scizor, L50, M|
|poke|p2|Sableye, L50, M|
|poke|p2|Blastoise, L50, M|
|teampreview|4
|showteam|p1|Pelipper||FocusSash|Drizzle|WideGuard,Tailwind,WeatherBall,Hurricane|Timid||M|||50|]Gengar||Gengarite|CursedBody|Protect,PerishSong,ShadowBall,SludgeBomb|Timid||M|||50|]Incineroar||SitrusBerry|Intimidate|Protect,FakeOut,PartingShot,FlareBlitz|Adamant||F|||50|]Archaludon||Leftovers|Stamina|Protect,ElectroShot,FlashCannon,DragonPulse|Modest||M|||50|]Maushold||ChopleBerry|FriendGuard|Protect,FollowMe,BeatUp,SuperFang|Jolly|||||50|]Raichu||RaichuniteX|Static|Protect,FakeOut,VoltSwitch,RisingVoltage|Timid||M|||50|
|showteam|p2|Mawile||Mawilite|Intimidate|SuckerPunch,PlayRough,IronHead,Protect|Adamant||M|||50|]Rotom-Wash||LifeOrb|Levitate|HydroPump,Thunderbolt,VoltSwitch,ThunderWave|Modest|||||50|]Overqwil||Leftovers|SwiftSwim|BarbBarrage,ThroatChop,AquaJet,Protect|Adamant||M|||50|]Scizor||OccaBerry|Technician|BulletPunch,BugBite,Trailblaze,Tailwind|Impish||M|||50|]Sableye||SitrusBerry|Prankster|Quash,FakeOut,KnockOff,RainDance|Careful||M|||50|]Blastoise||Blastoisinite|RainDish|AuraSphere,FlipTurn,WaterSpout,FakeOut|Quiet||M|||50|
|inactive|Battle timer is ON: inactive players will automatically lose when time's up. (requested by strawhatronin)
|inactive|strawhatronin has 60 seconds left.
|
|t:|1783714245
|teamsize|p1|4
|teamsize|p2|4
|start
|switch|p1a: Raichu|Raichu, L50, M|100/100
|switch|p1b: Archaludon|Archaludon, L50, M|100/100
|switch|p2a: Blastoise|Blastoise, L50, M|100/100
|switch|p2b: Mawile|Mawile, L50, M|100/100
|-ability|p2b: Mawile|Intimidate|boost
|-unboost|p1a: Raichu|atk|1
|-unboost|p1b: Archaludon|atk|1
|turn|1
|inactive|strawhatronin has 30 seconds left.
|inactive|Nicepoo has 30 seconds left.
|inactive|strawhatronin has 20 seconds left.
|inactive|Nicepoo has 20 seconds left.
|inactive|strawhatronin has 15 seconds left.
|inactive|Nicepoo has 15 seconds left.
|inactive|Nicepoo has 10 seconds left.
|
|t:|1783714294
|detailschange|p2b: Mawile|Mawile-Mega, L50, M
|-mega|p2b: Mawile|Mawile|Mawilite
|move|p1a: Raichu|Protect|p1a: Raichu
|-singleturn|p1a: Raichu|Protect
|move|p1b: Archaludon|Protect|p1b: Archaludon
|-singleturn|p1b: Archaludon|Protect
|move|p2a: Blastoise|Fake Out|p1a: Raichu
|-activate|p1a: Raichu|move: Protect
|move|p2b: Mawile|Play Rough|p1a: Raichu
|-activate|p1a: Raichu|move: Protect
|
|upkeep
|turn|2
|inactive|strawhatronin has 30 seconds left.
|inactive|Nicepoo has 30 seconds left.
|
|t:|1783714327
|detailschange|p1a: Raichu|Raichu-Mega-X, L50, M
|-mega|p1a: Raichu|Raichu|Raichunite X
|-fieldstart|move: Electric Terrain|[from] ability: Electric Surge|[of] p1a: Raichu
|move|p1a: Raichu|Volt Switch|p2a: Blastoise
|-supereffective|p2a: Blastoise|1
|-damage|p2a: Blastoise|35/100
|
|t:|1783714333
|switch|p1a: Pelipper|Pelipper, L50, M|100/100|[from] Volt Switch
|-weather|RainDance|[from] ability: Drizzle|[of] p1a: Pelipper
|move|p1b: Archaludon|Electro Shot||[still]
|-prepare|p1b: Archaludon|Electro Shot
|-boost|p1b: Archaludon|spa|1
|-anim|p1b: Archaludon|Electro Shot|p2b: Mawile
|-damage|p2b: Mawile|1/100
|move|p2a: Blastoise|Aura Sphere|p1b: Archaludon
|-supereffective|p1b: Archaludon|1
|-damage|p1b: Archaludon|51/100
|-ability|p1b: Archaludon|Stamina|boost
|-boost|p1b: Archaludon|def|1
|move|p2b: Mawile|Play Rough|p1a: Pelipper
|-enditem|p1a: Pelipper|Focus Sash
|-damage|p1a: Pelipper|1/100
|
|-weather|RainDance|[upkeep]
|-heal|p2a: Blastoise|41/100|[from] ability: Rain Dish
|-heal|p1b: Archaludon|58/100|[from] item: Leftovers
|upkeep
|turn|3
|inactive|strawhatronin has 30 seconds left.
|inactive|Nicepoo has 30 seconds left.
|
|t:|1783714364
|move|p1b: Archaludon|Protect|p1b: Archaludon
|-singleturn|p1b: Archaludon|Protect
|move|p2b: Mawile|Protect|p2b: Mawile
|-singleturn|p2b: Mawile|Protect
|move|p1a: Pelipper|Tailwind|p1a: Pelipper
|-sidestart|p1: strawhatronin|move: Tailwind
|move|p2a: Blastoise|Flip Turn|p1a: Pelipper
|-resisted|p1a: Pelipper|1
|-damage|p1a: Pelipper|0 fnt
|faint|p1a: Pelipper
|
|t:|1783714376
|switch|p2a: Rotom|Rotom-Wash, L50|100/100|[from] Flip Turn
|
|-weather|RainDance|[upkeep]
|-heal|p1b: Archaludon|64/100|[from] item: Leftovers
|upkeep
|
|t:|1783714383
|switch|p1a: Raichu|Raichu-Mega-X, L50, M|100/100
|turn|4
|
|t:|1783714396
|move|p2b: Mawile|Sucker Punch|p1a: Raichu
|-damage|p1a: Raichu|37/100
|move|p1a: Raichu|Volt Switch|p2b: Mawile
|-damage|p2b: Mawile|0 fnt
|faint|p2b: Mawile
|
|t:|1783714403
|switch|p1a: Maushold|Maushold, L50|100/100|[from] Volt Switch
|move|p1b: Archaludon|Electro Shot||[still]
|-prepare|p1b: Archaludon|Electro Shot
|-boost|p1b: Archaludon|spa|1
|-anim|p1b: Archaludon|Electro Shot|p2a: Rotom
|-damage|p2a: Rotom|0 fnt
|faint|p2a: Rotom
|
|-weather|RainDance|[upkeep]
|-heal|p1b: Archaludon|70/100|[from] item: Leftovers
|upkeep
|
|t:|1783714413
|switch|p2a: Blastoise|Blastoise, L50, M|41/100
|switch|p2b: Overqwil|Overqwil, L50, M|100/100
|turn|5
|
|t:|1783714437
|move|p1a: Maushold|Beat Up|p1b: Archaludon
|-damage|p1b: Archaludon|69/100
|-ability|p1b: Archaludon|Stamina|boost
|-boost|p1b: Archaludon|def|1
|-damage|p1b: Archaludon|67/100
|-ability|p1b: Archaludon|Stamina|boost
|-boost|p1b: Archaludon|def|1
|-damage|p1b: Archaludon|67/100
|-ability|p1b: Archaludon|Stamina|boost
|-boost|p1b: Archaludon|def|1
|-hitcount|p1b: Archaludon|3
|move|p2b: Overqwil|Barb Barrage|p1a: Maushold
|-crit|p1a: Maushold
|-damage|p1a: Maushold|39/100
|move|p1b: Archaludon|Electro Shot||[still]
|-prepare|p1b: Archaludon|Electro Shot
|-boost|p1b: Archaludon|spa|1
|-anim|p1b: Archaludon|Electro Shot|p2b: Overqwil
|-damage|p2b: Overqwil|0 fnt
|faint|p2b: Overqwil
|move|p2a: Blastoise|Aura Sphere|p1b: Archaludon
|-supereffective|p1b: Archaludon|1
|-damage|p1b: Archaludon|27/100
|-ability|p1b: Archaludon|Stamina|boost
|-boost|p1b: Archaludon|def|1
|
|-weather|RainDance|[upkeep]
|-heal|p2a: Blastoise|47/100|[from] ability: Rain Dish
|-heal|p1b: Archaludon|34/100|[from] item: Leftovers
|upkeep
|turn|6
|inactive|strawhatronin has 30 seconds left.
|
|t:|1783714465
|move|p1a: Maushold|Follow Me|p1a: Maushold
|-singleturn|p1a: Maushold|move: Follow Me
|move|p1b: Archaludon|Electro Shot||[still]
|-prepare|p1b: Archaludon|Electro Shot
|-boost|p1b: Archaludon|spa|1
|-anim|p1b: Archaludon|Electro Shot|p2a: Blastoise
|-supereffective|p2a: Blastoise|1
|-damage|p2a: Blastoise|0 fnt
|faint|p2a: Blastoise
|
|win|strawhatronin
||Nicepoo is ready for game 2.
||strawhatronin is ready for game 2.
|uhtml|next|Next: Game 2 of 3
|l|☆Nicepoo
|player|p2|
