|j|☆causatorres
|j|☆Octorock
|html|causatorresOctorock    
|uhtml|bestof|Game 1 of a best-of-3
|t:|1757788924
|gametype|doubles
|player|p1|causatorres|brendan-e|1237
|player|p2|Octorock|sailor|1192
|gen|9
|tier|[Gen 9] VGC 2025 Reg H (Bo3)
|rated|
|rule|Species Clause: Limit one of each Pokémon
|rule|Item Clause: Limit 1 of each item
|clearpoke
|poke|p1|Torkoal, L50, M|
|poke|p1|Lilligant-Hisui, L50, F|
|poke|p1|Farigiraf, L50, M|
|poke|p1|Incineroar, L50, M|
|poke|p1|Magmar, L50, F|
|poke|p1|Hitmontop, L50, M|
|poke|p2|Maushold, L50|
|poke|p2|Ursaluna-Bloodmoon, L50, M|
|poke|p2|Sinistcha, L50|
|poke|p2|Incineroar, L50, M|
|poke|p2|Rillaboom, L50, F|
|poke|p2|Dragonite, L50, F|
|teampreview|4
|showteam|p1|Torkoal||ChoiceSpecs|Drought|Eruption,WeatherBall,HeatWave,SolarBeam|||M|||50|,,,,,Fire]Lilligant-Hisui||FocusSash|Chlorophyll|LeafBlade,TripleAxel,CloseCombat,AfterYou|||F|||50|,,,,,Ghost]Farigiraf||SitrusBerry|ArmorTail|FoulPlay,HelpingHand,TrickRoom,Psychic|||M|||50|,,,,,Dark]Incineroar||AssaultVest|Intimidate|FakeOut,Uturn,FlareBlitz,KnockOff|||M|||50|,,,,,Ghost]Magmar||Eviolite|FlameBody|FollowMe,Overheat,Taunt,WillOWisp|||F|||50|,,,,,Grass]Hitmontop||EjectButton|Intimidate|SuckerPunch,FakeOut,WideGuard,IceSpinner|||M|||50|,,,,,Dark
|showteam|p2|Maushold||FocusSash|FriendGuard|SuperFang,FollowMe,Taunt,ThunderWave||||||50|,,,,,Ghost]Ursaluna-Bloodmoon||Leftovers|MindsEye|BloodMoon,EarthPower,CalmMind,Protect|||M|||50|,,,,,Electric]Sinistcha||SitrusBerry|Hospitality|MatchaGotcha,StrengthSap,TrickRoom,RagePowder||||||50|,,,,,Water]Incineroar||SafetyGoggles|Intimidate|FakeOut,FlareBlitz,PartingShot,KnockOff|||M|||50|,,,,,Water]Rillaboom||AssaultVest|GrassySurge|FakeOut,WoodHammer,GrassyGlide,HighHorsepower|||F|||50|,,,,,Fire]Dragonite||LoadedDice|Multiscale|ScaleShot,SunnyDay,Haze,Protect|||F|||50|,,,,,Fairy
|inactive|Battle timer is ON: inactive players will automatically lose when time's up. (requested by causatorres)
|
|t:|1757788950
|teamsize|p1|4
|teamsize|p2|4
|start
|switch|p1a: Torkoal|Torkoal, L50, M|100/100
|switch|p1b: Lilligant|Lilligant-Hisui, L50, F|100/100
|switch|p2a: Incineroar|Incineroar, L50, M|100/100
|switch|p2b: Dragonite|Dragonite, L50, F|100/100
|-ability|p2a: Incineroar|Intimidate|boost
|-unboost|p1a: Torkoal|atk|1
|-unboost|p1b: Lilligant|atk|1
|-weather|SunnyDay|[from] ability: Drought|[of] p1a: Torkoal
|turn|1
|inactive|Octorock has 30 seconds left.
|
|t:|1757788977
|switch|p1a: Farigiraf|Farigiraf, L50, M|100/100
|-terastallize|p2b: Dragonite|Fairy
|move|p2a: Incineroar|Fake Out||[still]
|cant|p1a: Farigiraf|ability: Armor Tail|Fake Out|[of] p2a: Incineroar
|move|p1b: Lilligant|Triple Axel|p2b: Dragonite
|-damage|p2b: Dragonite|98/100
|-damage|p2b: Dragonite|88/100
|-damage|p2b: Dragonite|74/100
|-hitcount|p2b: Dragonite|3
|move|p2b: Dragonite|Scale Shot|p1b: Lilligant|[miss]
|-miss|p2b: Dragonite|p1b: Lilligant
|
|-weather|SunnyDay|[upkeep]
|upkeep
|turn|2
|
|t:|1757788997
|switch|p1b: Incineroar|Incineroar, L50, M|100/100
|-ability|p1b: Incineroar|Intimidate|boost
|-unboost|p2a: Incineroar|atk|1
|-unboost|p2b: Dragonite|atk|1
|move|p2b: Dragonite|Scale Shot|p1a: Farigiraf
|-damage|p1a: Farigiraf|90/100
|-damage|p1a: Farigiraf|80/100
|-damage|p1a: Farigiraf|71/100
|-damage|p1a: Farigiraf|61/100
|-hitcount|p1a: Farigiraf|4
|-unboost|p2b: Dragonite|def|1
|-boost|p2b: Dragonite|spe|1
|move|p2a: Incineroar|Knock Off|p1a: Farigiraf
|-supereffective|p1a: Farigiraf
|-damage|p1a: Farigiraf|5/100
|-enditem|p1a: Farigiraf|Sitrus Berry|[from] move: Knock Off|[of] p2a: Incineroar
|move|p1a: Farigiraf|Trick Room|p1a: Farigiraf
|-fieldstart|move: Trick Room|[of] p1a: Farigiraf
|
|-weather|SunnyDay|[upkeep]
|upkeep
|turn|3
|inactive|causatorres has 30 seconds left.
|
|t:|1757789031
|move|p1a: Farigiraf|Helping Hand|p1b: Incineroar
|-singleturn|p1b: Incineroar|Helping Hand|[of] p1a: Farigiraf
|move|p2b: Dragonite|Protect|p2b: Dragonite
|-singleturn|p2b: Dragonite|Protect
|move|p1b: Incineroar|Flare Blitz|p2b: Dragonite
|-activate|p2b: Dragonite|move: Protect
|move|p2a: Incineroar|Parting Shot|p1b: Incineroar
|-unboost|p1b: Incineroar|atk|1
|-unboost|p1b: Incineroar|spa|1
|
|t:|1757789041
|switch|p2a: Sinistcha|Sinistcha, L50|100/100|[from] Parting Shot
|-heal|p2b: Dragonite|98/100|[from] ability: Hospitality|[of] p2a: Sinistcha
|
|-weather|SunnyDay|[upkeep]
|upkeep
|turn|4
|
|t:|1757789063
|switch|p2a: Incineroar|Incineroar, L50, M|100/100
|-ability|p2a: Incineroar|Intimidate|boost
|-unboost|p1a: Farigiraf|atk|1
|-unboost|p1b: Incineroar|atk|1
|move|p1b: Incineroar|Flare Blitz|p2b: Dragonite
|-damage|p2b: Dragonite|17/100
|-status|p2b: Dragonite|brn
|-damage|p1b: Incineroar|78/100|[from] Recoil
|move|p1a: Farigiraf|Psychic|p2b: Dragonite
|-damage|p2b: Dragonite|0 fnt
|faint|p2b: Dragonite
|
|-weather|SunnyDay|[upkeep]
|upkeep
|
|t:|1757789076
|switch|p2b: Ursaluna|Ursaluna-Bloodmoon, L50, M|100/100
|turn|5
|inactive|causatorres has 30 seconds left.
|inactive|causatorres has 20 seconds left.
|
|t:|1757789119
|switch|p1b: Torkoal|Torkoal, L50, M|100/100
|move|p2b: Ursaluna|Protect|p2b: Ursaluna
|-singleturn|p2b: Ursaluna|Protect
|move|p1a: Farigiraf|Psychic|p2b: Ursaluna
|-activate|p2b: Ursaluna|move: Protect
|move|p2a: Incineroar|Flare Blitz|p1a: Farigiraf
|-damage|p1a: Farigiraf|0 fnt
|faint|p1a: Farigiraf
|-damage|p2a: Incineroar|99/100|[from] Recoil
|
|-weather|none
|upkeep
|
|t:|1757789130
|switch|p1a: Incineroar|Incineroar, L50, M|78/100
|-ability|p1a: Incineroar|Intimidate|boost
|-unboost|p2a: Incineroar|atk|1
|-unboost|p2b: Ursaluna|atk|1
|turn|6
|
|t:|1757789143
|switch|p1b: Lilligant|Lilligant-Hisui, L50, F|100/100
|move|p1a: Incineroar|Fake Out|p2b: Ursaluna
|-damage|p2b: Ursaluna|92/100
|cant|p2b: Ursaluna|flinch
|move|p2a: Incineroar|Parting Shot|p1b: Lilligant
|-unboost|p1b: Lilligant|atk|1
|-unboost|p1b: Lilligant|spa|1
|
|t:|1757789148
|switch|p2a: Sinistcha|Sinistcha, L50|100/100|[from] Parting Shot
|-heal|p2b: Ursaluna|100/100|[from] ability: Hospitality|[of] p2a: Sinistcha
|
|-fieldend|move: Trick Room
|upkeep
|turn|7
|inactive|causatorres has 30 seconds left.
|inactive|Octorock has 30 seconds left.
|
|t:|1757789181
|move|p1b: Lilligant|Close Combat|p2b: Ursaluna
|-supereffective|p2b: Ursaluna
|-crit|p2b: Ursaluna
|-damage|p2b: Ursaluna|0 fnt
|-unboost|p1b: Lilligant|def|1
|-unboost|p1b: Lilligant|spd|1
|faint|p2b: Ursaluna
|move|p2a: Sinistcha|Strength Sap|p1b: Lilligant
|-unboost|p1b: Lilligant|atk|1
|move|p1a: Incineroar|Knock Off|p2a: Sinistcha
|-supereffective|p2a: Sinistcha
|-damage|p2a: Sinistcha|29/100
|-enditem|p2a: Sinistcha|Sitrus Berry|[from] move: Knock Off|[of] p1a: Incineroar
|
|upkeep
|-message|Octorock forfeited.
|
|win|causatorres
||Octorock is ready for game 2.
||causatorres is ready for game 2.
|uhtml|next|Next: Game 2 of 3
