|j|☆dragapultintin
|j|☆eladecielasobi
|html|dragapultintineladecielasobi    
|uhtml|bestof|Game 1 of a best-of-3
|t:|1785966810
|gametype|doubles
|player|p1|dragapultintin|ethan-gen2|1114
|player|p2|eladecielasobi|hilbert-wonderlauncher|1053
|gen|9
|tier|[Gen 9 Champions] VGC 2026 Reg M-B (Bo3)
|rated|
|rule|Species Clause: Limit one of each Pokémon
|rule|Item Clause: Limit 1 of each item
|clearpoke
|poke|p1|Staraptor, L50, M|
|poke|p1|Raichu, L50, F, shiny|
|poke|p1|Sylveon, L50, F|
|poke|p1|Farigiraf, L50, F, shiny|
|poke|p1|Arcanine-Hisui, L50, M, shiny|
|poke|p1|Kingambit, L50, M|
|poke|p2|Chandelure, L50, M, shiny|
|poke|p2|Whimsicott, L50, F|
|poke|p2|Samurott-Hisui, L50, M|
|poke|p2|Torkoal, L50, F|
|poke|p2|Kangaskhan, L50, F|
|poke|p2|Sneasler, L50, M, shiny|
|teampreview|4
|showteam|p1|Staraptor||Staraptite|Intimidate|Tailwind,Protect,CloseCombat,DualWingbeat|Jolly||M|||50|]Raichu||RaichuniteY|LightningRod|FakeOut,ZapCannon,FocusBlast,Protect|Timid||F|||50|]Sylveon||FairyFeather|Pixilate|Detect,HyperVoice,QuickAttack,HyperBeam|Modest||F|||50|]Farigiraf||SitrusBerry|ArmorTail|Psychic,TrickRoom,HelpingHand,Protect|Calm||F|||50|]Arcanine-Hisui||FocusSash|RockHead|Protect,ExtremeSpeed,HeadSmash,FlareBlitz|Jolly||M|||50|]Kingambit||LifeOrb|Defiant|Protect,KowtowCleave,SwordsDance,SuckerPunch|Adamant||M|||50|
|showteam|p2|Chandelure||Chandelurite|FlashFire|HeatWave,ShadowBall,TrickRoom,Protect|Modest||M|||50|]Whimsicott||FocusSash|Prankster|Tailwind,Moonblast,Encore,Protect|Timid||F|||50|]Samurott-Hisui||LifeOrb|Sharpness|SacredSword,CeaselessEdge,AquaCutter,Detect|Adamant||M|||50|]Torkoal||Charcoal|Drought|HelpingHand,WeatherBall,Eruption,Protect|Modest||F|||50|]Kangaskhan||SilkScarf|Scrappy|FakeOut,LastResort|Brave||F|||50|]Sneasler||WhiteHerb|Unburden|DireClaw,FakeOut,CloseCombat,Protect|Adamant||M|||50|
|inactive|Battle timer is ON: inactive players will automatically lose when time's up. (requested by dragapultintin)
|inactive|dragapultintin has 60 seconds left.
|inactive|eladecielasobi has 60 seconds left.
|
|t:|1785966850
|teamsize|p1|4
|teamsize|p2|4
|start
|switch|p1a: Staraptor|Staraptor, L50, M|100/100
|switch|p1b: Sylveon|Sylveon, L50, F|100/100
|switch|p2a: Chandelure|Chandelure, L50, M, shiny|100/100
|switch|p2b: Samurott|Samurott-Hisui, L50, M|100/100
|-ability|p1a: Staraptor|Intimidate|boost
|-unboost|p2a: Chandelure|atk|1
|-unboost|p2b: Samurott|atk|1
|turn|1
|inactive|eladecielasobi has 30 seconds left.
|
|t:|1785966875
|detailschange|p1a: Staraptor|Staraptor-Mega, L50, M
|-mega|p1a: Staraptor|Staraptor|Staraptite
|detailschange|p2a: Chandelure|Chandelure-Mega, L50, M, shiny
|-mega|p2a: Chandelure|Chandelure|Chandelurite
|move|p2b: Samurott|Detect|p2b: Samurott
|-singleturn|p2b: Samurott|Protect
|move|p1a: Staraptor|Close Combat|p2b: Samurott
|-activate|p2b: Samurott|move: Protect
|move|p1b: Sylveon|Hyper Voice|p2b: Samurott|[spread] p2a
|-activate|p2b: Samurott|move: Protect
|-resisted|p2a: Chandelure|1
|-damage|p2a: Chandelure|77/100
|move|p2a: Chandelure|Trick Room|p2a: Chandelure
|-fieldstart|move: Trick Room|[of] p2a: Chandelure
|
|upkeep
|turn|2
|inactive|dragapultintin has 30 seconds left.
|
|t:|1785966902
|switch|p2b: Torkoal|Torkoal, L50, F|100/100
|-weather|SunnyDay|[from] ability: Drought|[of] p2b: Torkoal
|move|p1b: Sylveon|Hyper Voice|p2b: Torkoal|[spread] p2a,p2b
|-resisted|p2a: Chandelure|1
|-crit|p2a: Chandelure
|-resisted|p2b: Torkoal|1
|-damage|p2a: Chandelure|46/100
|-damage|p2b: Torkoal|72/100
|move|p2a: Chandelure|Heat Wave|p1a: Staraptor|[spread] p1a,p1b
|-crit|p1b: Sylveon
|-damage|p1a: Staraptor|19/100
|-damage|p1b: Sylveon|8/100
|move|p1a: Staraptor|Close Combat|p2b: Torkoal
|-damage|p2b: Torkoal|28/100
|-boost|p1a: Staraptor|def|1
|-boost|p1a: Staraptor|spd|1
|
|-weather|SunnyDay|[upkeep]
|upkeep
|turn|3
|
|t:|1785966925
|move|p1b: Sylveon|Detect|p1b: Sylveon
|-singleturn|p1b: Sylveon|Protect
|move|p2a: Chandelure|Protect|p2a: Chandelure
|-singleturn|p2a: Chandelure|Protect
|move|p1a: Staraptor|Protect|p1a: Staraptor
|-singleturn|p1a: Staraptor|Protect
|move|p2b: Torkoal|Weather Ball|p1b: Sylveon
|-activate|p1b: Sylveon|move: Protect
|
|-weather|SunnyDay|[upkeep]
|upkeep
|turn|4
|
|t:|1785966942
|switch|p2a: Kangaskhan|Kangaskhan, L50, F|100/100
|switch|p1a: Arcanine|Arcanine-Hisui, L50, M, shiny|100/100
|move|p1b: Sylveon|Quick Attack|p2a: Kangaskhan
|-damage|p2a: Kangaskhan|86/100
|move|p2b: Torkoal|Eruption|p1a: Arcanine|[spread] p1a,p1b
|-resisted|p1a: Arcanine|2
|-damage|p1a: Arcanine|92/100
|-damage|p1b: Sylveon|0 fnt
|faint|p1b: Sylveon
|
|-weather|SunnyDay|[upkeep]
|upkeep
|
|t:|1785966955
|switch|p1b: Kingambit|Kingambit, L50, M|100/100
|turn|5
|inactive|dragapultintin has 30 seconds left.
|inactive|eladecielasobi has 30 seconds left.
|
|t:|1785966988
|move|p1b: Kingambit|Protect|p1b: Kingambit
|-singleturn|p1b: Kingambit|Protect
|move|p1a: Arcanine|Protect|p1a: Arcanine
|-singleturn|p1a: Arcanine|Protect
|move|p2a: Kangaskhan|Fake Out|p1a: Arcanine
|-activate|p1a: Arcanine|move: Protect
|move|p2b: Torkoal|Weather Ball|p1b: Kingambit
|-activate|p1b: Kingambit|move: Protect
|
|-weather|SunnyDay|[upkeep]
|-fieldend|move: Trick Room
|upkeep
|turn|6
|
|t:|1785967010
|switch|p2b: Samurott|Samurott-Hisui, L50, M|100/100
|move|p1a: Arcanine|Flare Blitz|p2a: Kangaskhan
|-damage|p2a: Kangaskhan|6/100
|move|p2a: Kangaskhan|Last Resort|p1a: Arcanine
|-resisted|p1a: Arcanine|1
|-damage|p1a: Arcanine|40/100
|move|p1b: Kingambit|Kowtow Cleave|p2b: Samurott
|-resisted|p2b: Samurott|1
|-damage|p2b: Samurott|65/100
|-damage|p1b: Kingambit|90/100|[from] item: Life Orb
|
|-weather|none
|upkeep
|turn|7
|inactive|eladecielasobi has 30 seconds left.
|
|t:|1785967037
|move|p1b: Kingambit|Sucker Punch|p2a: Kangaskhan
|-damage|p2a: Kangaskhan|0 fnt
|faint|p2a: Kangaskhan
|-damage|p1b: Kingambit|80/100|[from] item: Life Orb
|move|p1a: Arcanine|Head Smash|p2b: Samurott|[miss]
|-miss|p1a: Arcanine|p2b: Samurott
|move|p2b: Samurott|Sacred Sword|p1b: Kingambit
|-supereffective|p1b: Kingambit|2
|-damage|p1b: Kingambit|0 fnt
|faint|p1b: Kingambit
|-damage|p2b: Samurott|55/100|[from] item: Life Orb
|
|upkeep
|
|t:|1785967052
|switch|p2a: Chandelure|Chandelure-Mega, L50, M, shiny|46/100
|switch|p1b: Staraptor|Staraptor-Mega, L50, M|19/100
|turn|8
|
|t:|1785967066
|move|p1b: Staraptor|Close Combat|p2b: Samurott
|-supereffective|p2b: Samurott|1
|-damage|p2b: Samurott|0 fnt
|-boost|p1b: Staraptor|def|1
|-boost|p1b: Staraptor|spd|1
|faint|p2b: Samurott
|move|p1a: Arcanine|Head Smash|p2a: Chandelure
|-supereffective|p2a: Chandelure|1
|-damage|p2a: Chandelure|0 fnt
|faint|p2a: Chandelure
|
|upkeep
|inactive|eladecielasobi has 30 seconds left.
|inactive|eladecielasobi has 20 seconds left.
|inactive|eladecielasobi has 15 seconds left.
|inactive|eladecielasobi has 10 seconds left.
|inactive|eladecielasobi has 5 seconds left.
|
|t:|1785967121
|switch|p2a: Torkoal|Torkoal, L50, F|28/100
|-weather|SunnyDay|[from] ability: Drought|[of] p2a: Torkoal
|turn|9
|inactive|eladecielasobi has 30 seconds left.
|inactive|eladecielasobi has 20 seconds left.
|l|☆eladecielasobi
|inactive|eladecielasobi disconnected and has a minute to reconnect!
|player|p2|
|inactive|eladecielasobi has 15 seconds left.
|inactive|eladecielasobi has 10 seconds left.
|inactive|eladecielasobi has 5 seconds left.
|-message|eladecielasobi lost due to inactivity.
|
|win|dragapultintin
||dragapultintin is ready for game 2.
|inactive|eladecielasobi has 30 seconds to confirm battle start!
|inactive|eladecielasobi has 20 seconds to confirm battle start!
|inactive|eladecielasobi has 10 seconds to confirm battle start!
|inactive|eladecielasobi has 0 seconds to confirm battle start!
|uhtml|next|Next: Game 2 of 3
