|j|☆MurQrow
|j|☆wind charmer
|html|MurQrowwind charmer    
|uhtml|bestof|Game 1 of a best-of-3
|t:|1756259190
|gametype|doubles
|player|p1|MurQrow|169|1025
|player|p2|wind charmer|jasmine|1083
|gen|9
|tier|[Gen 9] VGC 2025 Reg H (Bo3)
|rated|
|rule|Species Clause: Limit one of each Pokémon
|rule|Item Clause: Limit 1 of each item
|clearpoke
|poke|p1|Ninetales-Alola, L50, F|
|poke|p1|Baxcalibur, L50, F|
|poke|p1|Gholdengo, L50|
|poke|p1|Magmar, L50, M|
|poke|p1|Rillaboom, L50, F|
|poke|p1|Flamigo, L50, M|
|poke|p2|Garchomp, L50, M|
|poke|p2|Milotic, L50, F|
|poke|p2|Gholdengo, L50|
|poke|p2|Talonflame, L50, F|
|poke|p2|Amoonguss, L50, M|
|poke|p2|Tyranitar, L50, M|
|teampreview|4
|showteam|p1|Ninetales-Alola||CovertCloak|SnowWarning|Blizzard,FreezeDry,Encore,AuroraVeil|||F|||50|,,,,,Fire]Baxcalibur||LoadedDice|ThermalExchange|Protect,IceShard,IcicleSpear,ScaleShot|||F|||50|,,,,,Water]Gholdengo||LifeOrb|GoodasGold|NastyPlot,Protect,MakeItRain,ShadowBall||||||50|,,,,,Water]Magmar||Eviolite|VitalSpirit|ClearSmog,FollowMe,Protect,Flamethrower|||M|||50|,,,,,Ghost]Rillaboom||AssaultVest|GrassySurge|FakeOut,GrassyGlide,WoodHammer,HighHorsepower|||F|||50|,,,,,Fire]Flamigo||ChoiceScarf|Scrappy|CloseCombat,BraveBird,DualWingbeat,Tailwind|||M|||50|,,,,,Ghost
|showteam|p2|Garchomp||LifeOrb|RoughSkin|Earthquake,StompingTantrum,DragonClaw,Protect|||M|||50|,,,,,Ground]Milotic||SafetyGoggles|Competitive|Scald,IcyWind,Haze,Protect|||F|||50|,,,,,Dragon]Gholdengo||MetalCoat|GoodasGold|MakeItRain,ShadowBall,NastyPlot,Protect||||||50|,,,,,Flying]Talonflame||CovertCloak|GaleWings|BraveBird,Tailwind,WillOWisp,Taunt|||F|||50|,,,,,Ghost]Amoonguss||SitrusBerry|Regenerator|Spore,PollenPuff,RagePowder,Protect|||M|||50|,,,,,Water]Tyranitar||AssaultVest|SandStream|RockSlide,KnockOff,LowKick,TeraBlast|||M|||50|,,,,,Flying
|j| teamthief420
|l| teamthief420
|inactive|Battle timer is ON: inactive players will automatically lose when time's up. (requested by MurQrow)
|
|t:|1756259270
|teamsize|p1|4
|teamsize|p2|4
|start
|switch|p1a: Ninetales|Ninetales-Alola, L50, F|100/100
|switch|p1b: Flush five|Baxcalibur, L50, F|100/100
|switch|p2a: Talonflame|Talonflame, L50, F|100/100
|switch|p2b: Gholdengo|Gholdengo, L50|100/100
|-weather|Snowscape|[from] ability: Snow Warning|[of] p1a: Ninetales
|turn|1
|inactive|MurQrow has 30 seconds left.
|inactive|MurQrow has 20 seconds left.
|inactive|MurQrow has 15 seconds left.
|
|t:|1756259313
|-terastallize|p1a: Ninetales|Fire
|move|p1b: Flush five|Protect|p1b: Flush five
|-singleturn|p1b: Flush five|Protect
|move|p2a: Talonflame|Tailwind|p2a: Talonflame
|-sidestart|p2: wind charmer|move: Tailwind
|move|p2b: Gholdengo|Nasty Plot|p2b: Gholdengo
|-boost|p2b: Gholdengo|spa|2
|move|p1a: Ninetales|Aurora Veil|p1a: Ninetales
|-sidestart|p1: MurQrow|move: Aurora Veil
|
|-weather|Snowscape|[upkeep]
|upkeep
|turn|2
|inactive|MurQrow has 30 seconds left.
|inactive|MurQrow has 20 seconds left.
|
|t:|1756259352
|move|p2a: Talonflame|Brave Bird|p1a: Ninetales
|-damage|p1a: Ninetales|71/100
|-damage|p2a: Talonflame|91/100|[from] Recoil
|move|p2b: Gholdengo|Make It Rain|p1b: Flush five|[spread] p1a,p1b
|-resisted|p1a: Ninetales
|-supereffective|p1b: Flush five
|-damage|p1a: Ninetales|30/100
|-damage|p1b: Flush five|0 fnt
|-unboost|p2b: Gholdengo|spa|1
|faint|p1b: Flush five
|move|p1a: Ninetales|Blizzard|p2a: Talonflame|[spread] p2a,p2b
|-resisted|p2b: Gholdengo
|-damage|p2a: Talonflame|58/100
|-damage|p2b: Gholdengo|87/100
|
|-weather|Snowscape|[upkeep]
|upkeep
|
|t:|1756259368
|switch|p1b: Flamigo|Flamigo, L50, M|100/100
|turn|3
|
|t:|1756259381
|move|p2a: Talonflame|Brave Bird|p1b: Flamigo
|-supereffective|p1b: Flamigo
|-damage|p1b: Flamigo|25/100
|-damage|p2a: Talonflame|36/100|[from] Recoil
|move|p2b: Gholdengo|Make It Rain|p1a: Ninetales|[spread] p1a,p1b
|-resisted|p1a: Ninetales
|-damage|p1a: Ninetales|0 fnt
|-damage|p1b: Flamigo|0 fnt
|-unboost|p2b: Gholdengo|spa|1
|faint|p1a: Ninetales
|faint|p1b: Flamigo
|
|-weather|Snowscape|[upkeep]
|upkeep
|
|t:|1756259393
|switch|p1b: Gholdengo|Gholdengo, L50|100/100
|turn|4
|
|t:|1756259399
|move|p1b: Gholdengo|Protect|p1b: Gholdengo
|-singleturn|p1b: Gholdengo|Protect
|move|p2a: Talonflame|Brave Bird|p1b: Gholdengo
|-activate|p1b: Gholdengo|move: Protect
|move|p2b: Gholdengo|Shadow Ball|p1b: Gholdengo
|-activate|p1b: Gholdengo|move: Protect
|
|-weather|Snowscape|[upkeep]
|-sideend|p2: wind charmer|move: Tailwind
|upkeep
|turn|5
|
|t:|1756259413
|move|p2a: Talonflame|Tailwind|p2a: Talonflame
|-sidestart|p2: wind charmer|move: Tailwind
|move|p2b: Gholdengo|Shadow Ball|p1b: Gholdengo
|-supereffective|p1b: Gholdengo
|-damage|p1b: Gholdengo|34/100
|move|p1b: Gholdengo|Shadow Ball|p2b: Gholdengo
|-supereffective|p2b: Gholdengo
|-damage|p2b: Gholdengo|0 fnt
|faint|p2b: Gholdengo
|-damage|p1b: Gholdengo|24/100|[from] item: Life Orb
|
|-weather|none
|-sideend|p1: MurQrow|move: Aurora Veil
|upkeep
|-message|MurQrow forfeited.
|
|win|wind charmer
|l|☆MurQrow
|player|p1|
||MurQrow is ready for game 2.
