|j|☆Blop_24
|j|☆Soraarara
|html|Blop_24Soraarara    
|uhtml|bestof|Game 2 of a best-of-3
|t:|1757840857
|gametype|doubles
|player|p1|Blop_24|artist|1239
|player|p2|Soraarara|169|1133
|gen|9
|tier|[Gen 9] VGC 2025 Reg H (Bo3)
|rated|
|rule|Species Clause: Limit one of each Pokémon
|rule|Item Clause: Limit 1 of each item
|clearpoke
|poke|p1|Excadrill, L50, F|
|poke|p1|Tyranitar, L50, F|
|poke|p1|Sneasler, L50, M|
|poke|p1|Indeedee, L50, M|
|poke|p1|Corviknight, L50, M|
|poke|p1|Annihilape, L50, M|
|poke|p2|Garchomp, L50, F|
|poke|p2|Tyranitar, L50, F|
|poke|p2|Rotom-Heat, L50|
|poke|p2|Rillaboom, L50, M|
|poke|p2|Dragonite, L50, F|
|poke|p2|Gholdengo, L50|
|teampreview|4
|showteam|p1|Excadrill||FocusSash|SandRush|IronHead,HighHorsepower,Earthquake,Protect|||F|||50|,,,,,Stellar]Tyranitar||AssaultVest|SandStream|RockSlide,KnockOff,TeraBlast,LowKick|||F|||50|,,,,,Flying]Sneasler||PsychicSeed|Unburden|DireClaw,CloseCombat,ThroatChop,Protect|||M|||50|,,,,,Stellar]Indeedee||ChoiceScarf|PsychicSurge|ExpandingForce,TeraBlast,Protect,Trick|||M|||50|,,,,,Psychic]Corviknight||Leftovers|MirrorArmor|BraveBird,BulkUp,Roost,Tailwind|||M|||50|,,,,,Dragon]Annihilape||SafetyGoggles|Defiant|CloseCombat,FinalGambit,RageFist,Taunt|||M|||50|,,,,,Water
|showteam|p2|Garchomp||CovertCloak|SandVeil|DragonClaw,Earthquake,Crunch,Protect|||F|||50|,,,,,Fire]Tyranitar||AssaultVest|SandStream|RockSlide,KnockOff,IcePunch,LowKick|||F|||50|,,,,,Flying]Rotom-Heat||SafetyGoggles|Levitate|Discharge,Thunderbolt,Protect,Overheat||||||50|,,,,,Electric]Rillaboom||Leftovers|GrassySurge|FakeOut,GrassyGlide,Protect,WoodHammer|||M|||50|,,,,,Fire]Dragonite||LoadedDice|Multiscale|Tailwind,Protect,ExtremeSpeed,ScaleShot|||F|||50|,,,,,Fairy]Gholdengo||ChoiceSpecs|GoodasGold|MakeItRain,NastyPlot,Trick,ShadowBall||||||50|,,,,,Water
|inactive|Battle timer is ON: inactive players will automatically lose when time's up. (requested by Soraarara)
|inactive|Soraarara has 60 seconds left.
|
|t:|1757840906
|teamsize|p1|4
|teamsize|p2|4
|start
|switch|p1a: Un que?|Excadrill, L50, F|100/100
|switch|p1b: Horrocrux|Sneasler, L50, M|100/100
|switch|p2a: Dragonite|Dragonite, L50, F|100/100
|switch|p2b: Rillaboom|Rillaboom, L50, M|100/100
|-fieldstart|move: Grassy Terrain|[from] ability: Grassy Surge|[of] p2b: Rillaboom
|turn|1
|
|t:|1757840929
|switch|p1a: Calima|Indeedee, L50, M|100/100
|-fieldstart|move: Psychic Terrain|[from] ability: Psychic Surge|[of] p1a: Calima
|-enditem|p1b: Horrocrux|Psychic Seed
|-boost|p1b: Horrocrux|spd|1|[from] item: Psychic Seed
|move|p1b: Horrocrux|Protect|p1b: Horrocrux
|-singleturn|p1b: Horrocrux|Protect
|move|p2b: Rillaboom|Fake Out|p1b: Horrocrux
|-activate|p1b: Horrocrux|move: Psychic Terrain
|move|p2a: Dragonite|Tailwind|p2a: Dragonite
|-sidestart|p2: Soraarara|move: Tailwind
|
|upkeep
|turn|2
|inactive|Blop_24 has 30 seconds left.
|inactive|Soraarara has 30 seconds left.
|
|t:|1757840960
|move|p1b: Horrocrux|Dire Claw|p2a: Dragonite
|-damage|p2a: Dragonite|78/100
|-status|p2a: Dragonite|par
|move|p2b: Rillaboom|Grassy Glide|p1b: Horrocrux
|-resisted|p1b: Horrocrux
|-damage|p1b: Horrocrux|79/100
|move|p1a: Calima|Expanding Force|p2a: Dragonite|[spread] p2a,p2b
|-damage|p2a: Dragonite|33/100 par
|-damage|p2b: Rillaboom|34/100
|move|p2a: Dragonite|Scale Shot|p1a: Calima
|-damage|p1a: Calima|69/100
|-damage|p1a: Calima|35/100
|-damage|p1a: Calima|6/100
|-damage|p1a: Calima|0 fnt
|faint|p1a: Calima
|-hitcount|p1: Calima|4
|-unboost|p2a: Dragonite|def|1
|-boost|p2a: Dragonite|spe|1
|
|-heal|p2b: Rillaboom|39/100|[from] item: Leftovers
|upkeep
|
|t:|1757840984
|switch|p1a: Un que?|Excadrill, L50, F|100/100
|turn|3
|
|t:|1757841004
|move|p1b: Horrocrux|Dire Claw|p2b: Rillaboom
|-supereffective|p2b: Rillaboom
|-damage|p2b: Rillaboom|0 fnt
|faint|p2b: Rillaboom
|cant|p2a: Dragonite|par
|move|p1a: Un que?|Iron Head|p2a: Dragonite
|-damage|p2a: Dragonite|0 fnt
|faint|p2a: Dragonite
|
|upkeep
|
|t:|1757841009
|switch|p2b: Garchomp|Garchomp, L50, F|100/100
|switch|p2a: Rotom|Rotom-Heat, L50|100/100
|turn|4
|inactive|Soraarara has 30 seconds left.
|
|t:|1757841038
|-terastallize|p2a: Rotom|Electric
|move|p1b: Horrocrux|Protect|p1b: Horrocrux
|-singleturn|p1b: Horrocrux|Protect
|move|p2b: Garchomp|Protect|p2b: Garchomp
|-singleturn|p2b: Garchomp|Protect
|move|p1a: Un que?|Protect|p1a: Un que?
|-singleturn|p1a: Un que?|Protect
|move|p2a: Rotom|Discharge|p1a: Un que?|[spread] 
|-activate|p2b: Garchomp|move: Protect
|-activate|p1a: Un que?|move: Protect
|-activate|p1b: Horrocrux|move: Protect
|
|-sideend|p2: Soraarara|move: Tailwind
|upkeep
|turn|5
|inactive|Blop_24 has 30 seconds left.
|
|t:|1757841067
|move|p1b: Horrocrux|Dire Claw|p2b: Garchomp
|-resisted|p2b: Garchomp
|-damage|p2b: Garchomp|81/100
|move|p2b: Garchomp|Earthquake|p1a: Un que?|[spread] p1a,p1b
|-immune|p2a: Rotom|[from] ability: Levitate
|-supereffective|p1a: Un que?
|-supereffective|p1b: Horrocrux
|-damage|p1a: Un que?|6/100
|-damage|p1b: Horrocrux|0 fnt
|faint|p1b: Horrocrux
|move|p1a: Un que?|High Horsepower|p2a: Rotom
|-immune|p2a: Rotom|[from] ability: Levitate
|move|p2a: Rotom|Discharge|p1a: Un que?|[spread] 
|-immune|p2b: Garchomp
|-immune|p1a: Un que?
|
|-fieldend|move: Psychic Terrain
|upkeep
|inactive|Blop_24 has 30 seconds left.
|inactive|Blop_24 has 20 seconds left.
|
|t:|1757841106
|switch|p1b: Un grrr|Tyranitar, L50, F|100/100
|-weather|Sandstorm|[from] ability: Sand Stream|[of] p1b: Un grrr
|turn|6
|inactive|Blop_24 has 30 seconds left.
|inactive|Blop_24 has 20 seconds left.
|inactive|Blop_24 has 15 seconds left.
|inactive|Blop_24 has 10 seconds left.
|inactive|Blop_24 has 5 seconds left.
|
|t:|1757841159
|move|p1a: Un que?|High Horsepower|p2b: Garchomp|[miss]
|-miss|p1a: Un que?|p2b: Garchomp
|move|p2b: Garchomp|Earthquake|p1b: Un grrr|[spread] p1a,p1b
|-immune|p2a: Rotom|[from] ability: Levitate
|-supereffective|p1a: Un que?
|-supereffective|p1b: Un grrr
|-damage|p1a: Un que?|0 fnt
|-damage|p1b: Un grrr|40/100
|faint|p1a: Un que?
|move|p2a: Rotom|Thunderbolt|p1b: Un grrr
|-damage|p1b: Un grrr|18/100
|move|p1b: Un grrr|Knock Off|p2a: Rotom
|-damage|p2a: Rotom|43/100
|-enditem|p2a: Rotom|Safety Goggles|[from] move: Knock Off|[of] p1b: Un grrr
|
|-weather|Sandstorm|[upkeep]
|-damage|p2a: Rotom|37/100|[from] Sandstorm
|upkeep
|turn|7
|inactive|Blop_24 has 30 seconds left.
|inactive|Blop_24 has 20 seconds left.
|
|t:|1757841196
|move|p2b: Garchomp|Earthquake|p1b: Un grrr|[spread] p1b
|-immune|p2a: Rotom|[from] ability: Levitate
|-supereffective|p1b: Un grrr
|-damage|p1b: Un grrr|0 fnt
|faint|p1b: Un grrr
|
|win|Soraarara
||Soraarara is ready for game 3.
|inactive|Blop_24 has 30 seconds to confirm battle start!
||Blop_24 is ready for game 3.
|uhtml|next|Next: Game 3 of 3
