|j|☆chocokoala vgc
|j|☆67ToTheTop
|html|chocokoala vgc67ToTheTop    
|uhtml|bestof|Game 1 of a best-of-3
|t:|1784481320
|gametype|doubles
|player|p1|chocokoala vgc|benga|1259
|player|p2|67ToTheTop|serena|1321
|gen|9
|tier|[Gen 9 Champions] VGC 2026 Reg M-B (Bo3)
|rated|
|rule|Species Clause: Limit one of each Pokémon
|rule|Item Clause: Limit 1 of each item
|clearpoke
|poke|p1|Scovillain, L50, F|
|poke|p1|Primarina, L50, M|
|poke|p1|Aerodactyl, L50, F|
|poke|p1|Garchomp, L50, F|
|poke|p1|Gholdengo, L50|
|poke|p1|Grimmsnarl, L50, M|
|poke|p2|Kingambit, L50, M|
|poke|p2|Gardevoir, L50, F|
|poke|p2|Talonflame, L50, F|
|poke|p2|Maushold, L50|
|poke|p2|Basculegion, L50, M|
|poke|p2|Garchomp, L50, F|
|teampreview|4
|showteam|p1|Scovillain||Scovillainite|Moody|Flamethrower,GigaDrain,Protect,RagePowder|Bold||F|||50|]Primarina||Leftovers|LiquidVoice|HyperVoice,Moonblast,Protect,CalmMind|Modest||M|||50|]Aerodactyl||Aerodactylite|Unnerve|RockSlide,DualWingbeat,Protect,Tailwind|Jolly||F|||50|]Garchomp||SoftSand|RoughSkin|Earthquake,StompingTantrum,Protect,DragonClaw|Jolly||F|||50|]Gholdengo||LifeOrb|GoodasGold|MakeItRain,ShadowBall,Protect,NastyPlot|Modest|||||50|]Grimmsnarl||LightClay|Prankster|LightScreen,Reflect,PartingShot,SpiritBreak|Sassy||M|||50|
|showteam|p2|Kingambit||FocusSash|Defiant|KowtowCleave,IronHead,SuckerPunch,LowKick|Adamant||M|||50|]Gardevoir||Gardevoirite|Telepathy|HyperVoice,Psyshock,TrickRoom,Protect|Modest||F|||50|]Talonflame||LifeOrb|GaleWings|DualWingbeat,FlareBlitz,Tailwind,Protect|Jolly||F|||50|]Maushold||ChopleBerry|FriendGuard|Feint,SuperFang,FollowMe,Protect|Impish|||||50|]Basculegion||MysticWater|Adaptability|WaveCrash,LastRespects,AquaJet,Protect|Adamant||M|||50|]Garchomp||SitrusBerry|RoughSkin|Earthquake,StompingTantrum,RockTomb,Protect|Jolly||F|||50|
|inactive|Battle timer is ON: inactive players will automatically lose when time's up. (requested by chocokoala vgc)
|inactive|chocokoala vgc has 60 seconds left.
|inactive|67ToTheTop has 60 seconds left.
|
|t:|1784481378
|teamsize|p1|4
|teamsize|p2|4
|start
|switch|p1a: Primarina|Primarina, L50, M|100/100
|switch|p1b: Aerodactyl|Aerodactyl, L50, F|100/100
|switch|p2a: Talonflame|Talonflame, L50, F|100/100
|switch|p2b: Basculegion|Basculegion, L50, M|100/100
|-ability|p1b: Aerodactyl|Unnerve
|turn|1
|
|t:|1784481394
|move|p1b: Aerodactyl|Protect|p1b: Aerodactyl
|-singleturn|p1b: Aerodactyl|Protect
|move|p2a: Talonflame|Tailwind|p2a: Talonflame
|-sidestart|p2: 67ToTheTop|move: Tailwind
|move|p2b: Basculegion|Wave Crash|p1b: Aerodactyl
|-activate|p1b: Aerodactyl|move: Protect
|move|p1a: Primarina|Moonblast|p2b: Basculegion
|-damage|p2b: Basculegion|50/100g
|
|upkeep
|turn|2
|
|t:|1784481406
|switch|p1b: Garchomp|Garchomp, L50, F|100/100
|move|p2a: Talonflame|Dual Wingbeat|p1a: Primarina|[miss]
|-miss|p2a: Talonflame|p1a: Primarina
|move|p2b: Basculegion|Wave Crash|p1b: Garchomp
|-damage|p1b: Garchomp|3/100
|-damage|p2b: Basculegion|38/100|[from] ability: Rough Skin|[of] p1b: Garchomp
|-damage|p2b: Basculegion|8/100|[from] Recoil
|move|p1a: Primarina|Hyper Voice|p2a: Talonflame|[spread] p2a,p2b
|-supereffective|p2a: Talonflame|1
|-resisted|p2b: Basculegion|1
|-damage|p2a: Talonflame|0 fnt
|-damage|p2b: Basculegion|0 fnt
|faint|p2a: Talonflame
|faint|p2b: Basculegion
|
|upkeep
|
|t:|1784481413
|switch|p2a: Kingambit|Kingambit, L50, M|100/100
|switch|p2b: Gardevoir|Gardevoir, L50, F|100/100
|turn|3
|
|t:|1784481427
|detailschange|p2b: Gardevoir|Gardevoir-Mega, L50, F
|-mega|p2b: Gardevoir|Gardevoir|Gardevoirite
|move|p1b: Garchomp|Protect|p1b: Garchomp
|-singleturn|p1b: Garchomp|Protect
|move|p1a: Primarina|Protect|p1a: Primarina
|-singleturn|p1a: Primarina|Protect
|move|p2b: Gardevoir|Hyper Voice|p1b: Garchomp|[spread] 
|-activate|p1a: Primarina|move: Protect
|-activate|p1b: Garchomp|move: Protect
|move|p2a: Kingambit|Iron Head|p1a: Primarina
|-activate|p1a: Primarina|move: Protect
|
|upkeep
|turn|4
|
|t:|1784481440
|switch|p1a: Gholdengo|Gholdengo, L50|100/100
|move|p2b: Gardevoir|Hyper Voice|p1b: Garchomp|[spread] p1a,p1b
|-resisted|p1a: Gholdengo|1
|-supereffective|p1b: Garchomp|1
|-damage|p1a: Gholdengo|71/100
|-damage|p1b: Garchomp|0 fnt
|faint|p1b: Garchomp
|move|p2a: Kingambit|Iron Head|p1a: Gholdengo
|-resisted|p1a: Gholdengo|1
|-damage|p1a: Gholdengo|46/100
|
|-sideend|p2: 67ToTheTop|move: Tailwind
|upkeep
|
|t:|1784481451
|switch|p1b: Aerodactyl|Aerodactyl, L50, F|100/100
|-ability|p1b: Aerodactyl|Unnerve
|turn|5
|
|t:|1784481470
|detailschange|p1b: Aerodactyl|Aerodactyl-Mega, L50, F
|-mega|p1b: Aerodactyl|Aerodactyl|Aerodactylite
|move|p2a: Kingambit|Sucker Punch||[still]
|-fail|p2a: Kingambit
|move|p1b: Aerodactyl|Dual Wingbeat|p2b: Gardevoir
|-damage|p2b: Gardevoir|65/100
|-damage|p2b: Gardevoir|29/100
|-hitcount|p2b: Gardevoir|2
|move|p1a: Gholdengo|Nasty Plot|p1a: Gholdengo
|-boost|p1a: Gholdengo|spa|2
|move|p2b: Gardevoir|Trick Room|p2b: Gardevoir
|-fieldstart|move: Trick Room|[of] p2b: Gardevoir
|
|upkeep
|turn|6
|inactive|67ToTheTop has 30 seconds left.
|
|t:|1784481496
|move|p2a: Kingambit|Kowtow Cleave|p1a: Gholdengo
|-supereffective|p1a: Gholdengo|1
|-damage|p1a: Gholdengo|0 fnt
|faint|p1a: Gholdengo
|move|p2b: Gardevoir|Hyper Voice|p1b: Aerodactyl
|-damage|p1b: Aerodactyl|24/100
|move|p1b: Aerodactyl|Dual Wingbeat|p2b: Gardevoir
|-damage|p2b: Gardevoir|0 fnt
|faint|p2b: Gardevoir
|-hitcount|p2: Gardevoir|1
|
|upkeep
|
|t:|1784481505
|switch|p1a: Primarina|Primarina, L50, M|100/100
|turn|7
|
|t:|1784481509
|move|p1a: Primarina|Protect|p1a: Primarina
|-singleturn|p1a: Primarina|Protect
|move|p1b: Aerodactyl|Protect|p1b: Aerodactyl
|-singleturn|p1b: Aerodactyl|Protect
|move|p2a: Kingambit|Iron Head|p1a: Primarina
|-activate|p1a: Primarina|move: Protect
|
|upkeep
|turn|8
|
|t:|1784481530
|move|p1a: Primarina|Hyper Voice|p2a: Kingambit
|-damage|p2a: Kingambit|51/100
|move|p2a: Kingambit|Iron Head|p1a: Primarina
|-damage|p1a: Primarina|39/100
|move|p1b: Aerodactyl|Rock Slide|p2a: Kingambit
|-resisted|p2a: Kingambit|1
|-damage|p2a: Kingambit|34/100
|
|-heal|p1a: Primarina|45/100|[from] item: Leftovers
|upkeep
|turn|9
|
|t:|1784481541
|move|p1a: Primarina|Protect|p1a: Primarina
|-singleturn|p1a: Primarina|Protect
|move|p1b: Aerodactyl|Protect|p1b: Aerodactyl
|-singleturn|p1b: Aerodactyl|Protect
|move|p2a: Kingambit|Iron Head|p1a: Primarina
|-activate|p1a: Primarina|move: Protect
|
|-heal|p1a: Primarina|51/100|[from] item: Leftovers
|-fieldend|move: Trick Room
|upkeep
|turn|10
|
|t:|1784481548
|move|p1b: Aerodactyl|Tailwind|p1b: Aerodactyl
|-sidestart|p1: chocokoala vgc|move: Tailwind
|move|p1a: Primarina|Moonblast|p2a: Kingambit
|-damage|p2a: Kingambit|0 fnt
|faint|p2a: Kingambit
|
|win|chocokoala vgc
