|j|☆sbhaga34
|j|☆ddx9000
|html|sbhaga34ddx9000    
|uhtml|bestof|Game 2 of a best-of-3
|t:|1757656729
|gametype|doubles
|player|p1|sbhaga34|hugh|1339
|player|p2|ddx9000|elesa|1413
|gen|9
|tier|[Gen 9] VGC 2025 Reg H (Bo3)
|rated|
|rule|Species Clause: Limit one of each Pokémon
|rule|Item Clause: Limit 1 of each item
|clearpoke
|poke|p1|Indeedee-F, L50, F|
|poke|p1|Talonflame, L50, M|
|poke|p1|Tyranitar, L50, F|
|poke|p1|Excadrill, L50, M|
|poke|p1|Gardevoir, L50, F|
|poke|p1|Ursaluna-Bloodmoon, L50, M|
|poke|p2|Porygon2, L50|
|poke|p2|Incineroar, L50, F|
|poke|p2|Ursaluna, L50, F|
|poke|p2|Amoonguss, L50, F|
|poke|p2|Gholdengo, L50|
|poke|p2|Dragonite, L50, F|
|teampreview|4
|showteam|p1|Indeedee-F||SafetyGoggles|PsychicSurge|FollowMe,TrickRoom,HelpingHand,Psychic|||F|||50|,,,,,Fairy]Talonflame||CovertCloak|GaleWings|Tailwind,Taunt,FlareBlitz,BraveBird|||M|||50|,,,,,Grass]Tyranitar||WeaknessPolicy|SandStream|RockSlide,KnockOff,LowKick,Protect|||F|||50|,,,,,Flying]Excadrill||FocusSash|SandRush|Earthquake,IronHead,SwordsDance,Protect|||M|||50|,,,,,Ground]Gardevoir||ChoiceScarf|Telepathy|ExpandingForce,Gravity,Moonblast,IcyWind|||F|||50|,,,,,Psychic]Ursaluna-Bloodmoon||SilkScarf|MindsEye|BloodMoon,HyperVoice,EarthPower,Protect|||M|||50|,,,,,Normal
|showteam|p2|Porygon2||Eviolite|Download|TeraBlast,IceBeam,Recover,TrickRoom||||||50|,,,,,Fighting]Incineroar||SafetyGoggles|Intimidate|FakeOut,KnockOff,FlareBlitz,PartingShot|||F|||50|,,,,,Ghost]Ursaluna||FlameOrb|Guts|HeadlongRush,Facade,Earthquake,Protect|||F|||50|,,,,,Ghost]Amoonguss||SitrusBerry|Regenerator|PollenPuff,Spore,RagePowder,Protect|||F|||50|,,,,,Water]Gholdengo||LifeOrb|GoodasGold|MakeItRain,ShadowBall,NastyPlot,Protect||||||50|,,,,,Water]Dragonite||LoadedDice|Multiscale|ScaleShot,Haze,Tailwind,Protect|||F|||50|,,,,,Steel
|inactive|Battle timer is ON: inactive players will automatically lose when time's up. (requested by sbhaga34)
|
|t:|1757656771
|teamsize|p1|4
|teamsize|p2|4
|start
|switch|p1a: Indeedee|Indeedee-F, L50, F|100/100
|switch|p1b: Ursaluna|Ursaluna-Bloodmoon, L50, M|100/100
|switch|p2a: Gholdengo|Gholdengo, L50|100/100
|switch|p2b: Incineroar|Incineroar, L50, F|100/100
|-ability|p2b: Incineroar|Intimidate|boost
|-unboost|p1a: Indeedee|atk|1
|-unboost|p1b: Ursaluna|atk|1
|-fieldstart|move: Psychic Terrain|[from] ability: Psychic Surge|[of] p1a: Indeedee
|turn|1
|inactive|ddx9000 has 30 seconds left.
|
|t:|1757656797
|-terastallize|p2a: Gholdengo|Water
|move|p1a: Indeedee|Follow Me|p1a: Indeedee
|-singleturn|p1a: Indeedee|move: Follow Me
|move|p2a: Gholdengo|Nasty Plot|p2a: Gholdengo
|-boost|p2a: Gholdengo|spa|2
|move|p2b: Incineroar|Parting Shot|p1a: Indeedee
|-unboost|p1a: Indeedee|atk|1
|-unboost|p1a: Indeedee|spa|1
|
|t:|1757656819
|switch|p2b: Amoonguss|Amoonguss, L50, F|100/100|[from] Parting Shot
|move|p1b: Ursaluna|Earth Power|p2a: Gholdengo
|-damage|p2a: Gholdengo|40/100
|
|upkeep
|turn|2
|inactive|ddx9000 has 30 seconds left.
|
|t:|1757656848
|move|p1b: Ursaluna|Protect|p1b: Ursaluna
|-singleturn|p1b: Ursaluna|Protect
|move|p2a: Gholdengo|Nasty Plot|p2a: Gholdengo
|-boost|p2a: Gholdengo|spa|2
|move|p1a: Indeedee|Psychic|p2b: Amoonguss
|-supereffective|p2b: Amoonguss
|-damage|p2b: Amoonguss|56/100
|move|p2b: Amoonguss|Pollen Puff|p2a: Gholdengo
|-heal|p2a: Gholdengo|90/100
|
|upkeep
|turn|3
|
|t:|1757656866
|switch|p1b: Talonflame|Talonflame, L50, M|100/100
|switch|p2b: Incineroar|Incineroar, L50, F|100/100
|-ability|p2b: Incineroar|Intimidate|boost
|-unboost|p1a: Indeedee|atk|1
|-unboost|p1b: Talonflame|atk|1
|move|p2a: Gholdengo|Make It Rain|p1a: Indeedee|[spread] p1a,p1b
|-resisted|p1b: Talonflame
|-damage|p1a: Indeedee|0 fnt
|-damage|p1b: Talonflame|0 fnt
|-unboost|p2a: Gholdengo|spa|1
|faint|p1a: Indeedee
|faint|p1b: Talonflame
|-damage|p2a: Gholdengo|80/100|[from] item: Life Orb
|
|upkeep
|
|t:|1757656881
|switch|p1b: Gardevoir|Gardevoir, L50, F, shiny|100/100
|switch|p1a: Ursaluna|Ursaluna-Bloodmoon, L50, M|100/100
|turn|4
|inactive|sbhaga34 has 30 seconds left.
|
|t:|1757656915
|move|p2a: Gholdengo|Protect|p2a: Gholdengo
|-singleturn|p2a: Gholdengo|Protect
|move|p1b: Gardevoir|Icy Wind|p2a: Gholdengo|[spread] p2b
|-activate|p2a: Gholdengo|move: Protect
|-resisted|p2b: Incineroar
|-damage|p2b: Incineroar|95/100
|-unboost|p2b: Incineroar|spe|1
|move|p1a: Ursaluna|Earth Power|p2b: Incineroar
|-supereffective|p2b: Incineroar
|-damage|p2b: Incineroar|7/100
|move|p2b: Incineroar|Parting Shot|p1b: Gardevoir
|-unboost|p1b: Gardevoir|atk|1
|-unboost|p1b: Gardevoir|spa|1
|
|t:|1757656930
|switch|p2b: Amoonguss|Amoonguss, L50, F|89/100|[from] Parting Shot
|
|upkeep
|turn|5
|
|t:|1757656935
|-terastallize|p1a: Ursaluna|Normal
|move|p2b: Amoonguss|Rage Powder|p2b: Amoonguss
|-singleturn|p2b: Amoonguss|move: Rage Powder
|move|p1b: Gardevoir|Icy Wind|p2a: Gholdengo|[spread] p2a,p2b
|-resisted|p2a: Gholdengo
|-supereffective|p2b: Amoonguss
|-damage|p2a: Gholdengo|75/100
|-damage|p2b: Amoonguss|74/100
|-unboost|p2a: Gholdengo|spe|1
|-unboost|p2b: Amoonguss|spe|1
|move|p1a: Ursaluna|Hyper Voice|p2a: Gholdengo|[spread] p2a,p2b
|-damage|p2a: Gholdengo|7/100
|-damage|p2b: Amoonguss|21/100
|-enditem|p2b: Amoonguss|Sitrus Berry|[eat]
|-heal|p2b: Amoonguss|45/100|[from] item: Sitrus Berry
|move|p2a: Gholdengo|Make It Rain|p1b: Gardevoir|[spread] p1a,p1b
|-supereffective|p1b: Gardevoir
|-damage|p1a: Ursaluna|0 fnt
|-damage|p1b: Gardevoir|0 fnt
|-unboost|p2a: Gholdengo|spa|1
|faint|p1a: Ursaluna
|faint|p1b: Gardevoir
|-damage|p2a: Gholdengo|0 fnt|[from] item: Life Orb
|faint|p2a: Gholdengo
|
|win|ddx9000
||sbhaga34 is ready for game 3.
|inactive|ddx9000 has 30 seconds to confirm battle start!
||ddx9000 is ready for game 3.
|uhtml|next|Next: Game 3 of 3
|l|☆ddx9000
|player|p2|
|l|☆sbhaga34
|player|p1|
