|j|☆connorgascoigne
|j|☆okozinc
|html|connorgascoigneokozinc    
|uhtml|bestof|Game 2 of a best-of-3
|t:|1783920272
|gametype|doubles
|player|p1|connorgascoigne|102|1104
|player|p2|okozinc|102|1162
|gen|9
|tier|[Gen 9 Champions] VGC 2026 Reg M-B (Bo3)
|rated|
|rule|Species Clause: Limit one of each Pokémon
|rule|Item Clause: Limit 1 of each item
|clearpoke
|poke|p1|Scrafty, L50, F|
|poke|p1|Vileplume, L50, M|
|poke|p1|Staraptor, L50, F|
|poke|p1|Farigiraf, L50, F|
|poke|p1|Sylveon, L50, F|
|poke|p1|Torkoal, L50, M|
|poke|p2|Gardevoir, L50, F|
|poke|p2|Kingambit, L50, M|
|poke|p2|Talonflame, L50, M|
|poke|p2|Sinistcha, L50|
|poke|p2|Farigiraf, L50, M|
|poke|p2|Quaquaval, L50, M|
|teampreview|4
|showteam|p1|Scrafty||Scraftinite|Intimidate|CloseCombat,KnockOff,IronHead,FakeOut|Brave||F|||50|]Vileplume||FocusSash|Chlorophyll|SludgeBomb,SleepPowder,AfterYou,LeafStorm|Timid||M|||50|]Staraptor||ChoiceScarf|Intimidate|BraveBird,CloseCombat,Uturn,FinalGambit|Jolly||F|||50|]Farigiraf||SitrusBerry|ArmorTail|Protect,TwinBeam,Thunderbolt,TrickRoom|Sassy||F|||50|]Sylveon||FairyFeather|Pixilate|HyperVoice,QuickAttack,HyperBeam,Detect|Quiet||F|||50|]Torkoal||Charcoal|Drought|Eruption,WeatherBall,HeatWave,Protect|Quiet||M|||50|
|showteam|p2|Gardevoir||Gardevoirite|Trace|HyperVoice,Protect,Psychic,CalmMind|Modest||F|||50|]Kingambit||BlackGlasses|Defiant|SuckerPunch,KowtowCleave,IronHead,Protect|Adamant||M|||50|]Talonflame||SharpBeak|GaleWings|Tailwind,FlareBlitz,DualWingbeat,Protect|Jolly||M|||50|]Sinistcha||KasibBerry|Hospitality|MatchaGotcha,RagePowder,TrickRoom,ShadowBall|Bold|||||50|]Farigiraf||SitrusBerry|ArmorTail|TrickRoom,Thunderbolt,HelpingHand,Protect|Bold||M|||50|]Quaquaval||LifeOrb|Moxie|CloseCombat,AquaStep,Detect,TripleAxel|Jolly||M|||50|
|inactive|Battle timer is ON: inactive players will automatically lose when time's up. (requested by connorgascoigne)
|inactive|connorgascoigne has 60 seconds left.
|
|t:|1783920320
|teamsize|p1|4
|teamsize|p2|4
|start
|switch|p1a: Farigiraf|Farigiraf, L50, F|100/100
|switch|p1b: Staraptor|Staraptor, L50, F|100/100
|switch|p2a: Talonflame|Talonflame, L50, M|100/100
|switch|p2b: Gardevoir|Gardevoir, L50, F|100/100
|-ability|p1b: Staraptor|Intimidate|boost
|-unboost|p2a: Talonflame|atk|1
|-unboost|p2b: Gardevoir|atk|1
|-ability|p2b: Gardevoir|Intimidate|Trace|[from] ability: Trace|[of] p1b: Staraptor
|-ability|p2b: Gardevoir|Intimidate|boost
|-unboost|p1a: Farigiraf|atk|1
|-unboost|p1b: Staraptor|atk|1
|turn|1
|
|t:|1783920336
|move|p2a: Talonflame|Protect|p2a: Talonflame
|-singleturn|p2a: Talonflame|Protect
|move|p2b: Gardevoir|Protect|p2b: Gardevoir
|-singleturn|p2b: Gardevoir|Protect
|move|p1b: Staraptor|Final Gambit|p2b: Gardevoir
|-activate|p2b: Gardevoir|move: Protect
|move|p1a: Farigiraf|Trick Room|p1a: Farigiraf
|-fieldstart|move: Trick Room|[of] p1a: Farigiraf
|
|upkeep
|turn|2
|
|t:|1783920357
|switch|p1b: Torkoal|Torkoal, L50, M|100/100
|-weather|SunnyDay|[from] ability: Drought|[of] p1b: Torkoal
|detailschange|p2b: Gardevoir|Gardevoir-Mega, L50, F
|-mega|p2b: Gardevoir|Gardevoir|Gardevoirite
|move|p2a: Talonflame|Dual Wingbeat||[still]
|cant|p1a: Farigiraf|ability: Armor Tail|Dual Wingbeat|[of] p2a: Talonflame
|move|p1a: Farigiraf|Thunderbolt|p2a: Talonflame
|-supereffective|p2a: Talonflame|1
|-damage|p2a: Talonflame|31/100
|move|p2b: Gardevoir|Calm Mind|p2b: Gardevoir
|-boost|p2b: Gardevoir|spa|1
|-boost|p2b: Gardevoir|spd|1
|
|-weather|SunnyDay|[upkeep]
|upkeep
|turn|3
|inactive|connorgascoigne has 30 seconds left.
|
|t:|1783920385
|move|p1b: Torkoal|Eruption|p2a: Talonflame|[spread] p2a,p2b
|-resisted|p2a: Talonflame|1
|-damage|p2a: Talonflame|0 fnt
|-damage|p2b: Gardevoir|55/100
|faint|p2a: Talonflame
|move|p1a: Farigiraf|Thunderbolt|p2b: Gardevoir
|-damage|p2b: Gardevoir|42/100
|move|p2b: Gardevoir|Hyper Voice|p1a: Farigiraf|[spread] p1a,p1b
|-resisted|p1b: Torkoal|1
|-damage|p1a: Farigiraf|33/100
|-damage|p1b: Torkoal|46/100
|-enditem|p1a: Farigiraf|Sitrus Berry|[eat]
|-heal|p1a: Farigiraf|58/100|[from] item: Sitrus Berry
|
|-weather|SunnyDay|[upkeep]
|upkeep
|
|t:|1783920397
|switch|p2a: Farigiraf|Farigiraf, L50, M|100/100
|turn|4
|
|t:|1783920406
|move|p1b: Torkoal|Weather Ball|p2b: Gardevoir
|-damage|p2b: Gardevoir|1/100
|move|p1a: Farigiraf|Thunderbolt|p2a: Farigiraf
|-damage|p2a: Farigiraf|77/100
|move|p2a: Farigiraf|Thunderbolt|p1b: Torkoal
|-damage|p1b: Torkoal|12/100
|move|p2b: Gardevoir|Hyper Voice|p1b: Torkoal|[spread] p1a,p1b
|-resisted|p1b: Torkoal|1
|-damage|p1a: Farigiraf|0 fnt
|-damage|p1b: Torkoal|0 fnt
|faint|p1a: Farigiraf
|faint|p1b: Torkoal
|
|-weather|SunnyDay|[upkeep]
|upkeep
|
|t:|1783920420
|switch|p1b: Scrafty|Scrafty, L50, F|100/100
|switch|p1a: Staraptor|Staraptor, L50, F|100/100
|-ability|p1b: Scrafty|Intimidate|boost
|-unboost|p2a: Farigiraf|atk|1
|-unboost|p2b: Gardevoir|atk|1
|-ability|p1a: Staraptor|Intimidate|boost
|-unboost|p2a: Farigiraf|atk|1
|-unboost|p2b: Gardevoir|atk|1
|turn|5
|
|t:|1783920435
|detailschange|p1b: Scrafty|Scrafty-Mega, L50, F
|-mega|p1b: Scrafty|Scrafty|Scraftinite
|-ability|p1b: Scrafty|Intimidate|boost
|-unboost|p2a: Farigiraf|atk|1
|-unboost|p2b: Gardevoir|atk|1
|move|p2b: Gardevoir|Protect|p2b: Gardevoir
|-singleturn|p2b: Gardevoir|Protect
|move|p1b: Scrafty|Knock Off|p2a: Farigiraf
|-supereffective|p2a: Farigiraf|1
|-damage|p2a: Farigiraf|0 fnt
|-enditem|p2a: Farigiraf|Sitrus Berry|[from] move: Knock Off|[of] p1b: Scrafty
|faint|p2a: Farigiraf
|move|p1a: Staraptor|U-turn|p2b: Gardevoir
|-activate|p2b: Gardevoir|move: Protect
|
|-weather|SunnyDay|[upkeep]
|-fieldend|move: Trick Room
|upkeep
|
|t:|1783920446
|switch|p2a: Quaquaval|Quaquaval, L50, M|100/100
|turn|6
|inactive|okozinc has 30 seconds left.
|
|t:|1783920479
|move|p1a: Staraptor|U-turn|p2b: Gardevoir
|-damage|p2b: Gardevoir|0 fnt
|faint|p2b: Gardevoir
|move|p2a: Quaquaval|Triple Axel|p1a: Staraptor
|-supereffective|p1a: Staraptor|1
|-damage|p1a: Staraptor|78/100
|-supereffective|p1a: Staraptor|1
|-damage|p1a: Staraptor|34/100
|-supereffective|p1a: Staraptor|1
|-damage|p1a: Staraptor|0 fnt
|faint|p1a: Staraptor
|-ability|p2a: Quaquaval|Moxie|boost
|-boost|p2a: Quaquaval|atk|1
|-hitcount|p1: Staraptor|3
|-damage|p2a: Quaquaval|90/100|[from] item: Life Orb
|move|p1b: Scrafty|Knock Off|p2a: Quaquaval
|-resisted|p2a: Quaquaval|1
|-damage|p2a: Quaquaval|54/100
|-enditem|p2a: Quaquaval|Life Orb|[from] move: Knock Off|[of] p1b: Scrafty
|
|-weather|none
|upkeep
|turn|7
|inactive|connorgascoigne has 30 seconds left.
|
|t:|1783920510
|move|p2a: Quaquaval|Close Combat|p1b: Scrafty
|-supereffective|p1b: Scrafty|1
|-damage|p1b: Scrafty|0 fnt
|-unboost|p2a: Quaquaval|def|1
|-unboost|p2a: Quaquaval|spd|1
|faint|p1b: Scrafty
|
|win|okozinc
|raw|connorgascoigne's rating: 1104 → 1083(-21 for losing)
|raw|okozinc's rating: 1162 → 1183(+21 for winning)
