|j|☆iliteratepineapple
|j|☆hungry hillo
|html|iliteratepineapplehungry hillo    
|uhtml|bestof|Game 2 of a best-of-3
|t:|1756649691
|gametype|doubles
|player|p1|iliteratepineapple|1|
|player|p2|hungry hillo|n|
|gen|9
|tier|[Gen 9] VGC 2025 Reg H (Bo3)
|rule|Species Clause: Limit one of each Pokémon
|rule|Item Clause: Limit 1 of each item
|clearpoke
|poke|p1|Basculegion, L50, M|
|poke|p1|Rillaboom, L50, M|
|poke|p1|Volcarona, L50, M|
|poke|p1|Murkrow, L50, M|
|poke|p1|Gholdengo, L50|
|poke|p1|Grimmsnarl, L50, M|
|poke|p2|Sneasler, L50, M|
|poke|p2|Clefable, L50, M|
|poke|p2|Gholdengo, L50|
|poke|p2|Rillaboom, L50, M|
|poke|p2|Dragapult, L50, F|
|poke|p2|Incineroar, L50, F|
|teampreview|4
|showteam|p1|Basculegion||LifeOrb|Adaptability|WaveCrash,LastRespects,AquaJet,Protect|||M|||50|,,,,,Water]Rillaboom||AssaultVest|GrassySurge|WoodHammer,GrassyGlide,HighHorsepower,FakeOut|||M|||50|,,,,,Fire]Volcarona||SitrusBerry|FlameBody|HeatWave,StruggleBug,RagePowder,Protect|||M|||50|,,,,,Fairy]Murkrow||Eviolite|Prankster|DualWingbeat,Tailwind,RainDance,Protect|||M|||50|,,,,,Ghost]Gholdengo||Leftovers|GoodasGold|MakeItRain,ShadowBall,NastyPlot,Protect||||||50|,,,,,Dragon]Grimmsnarl||LightClay|Prankster|SpiritBreak,LightScreen,Reflect,ThunderWave|||M|||50|,,,,,Grass
|showteam|p2|Sneasler||FocusSash|Unburden|CloseCombat,DireClaw,Protect,ThroatChop|||M|||50|,,,,,Dark]Clefable||RockyHelmet|Unaware|Moonblast,IcyWind,FollowMe,Protect|||M|||50|,,,,,Steel]Gholdengo||LifeOrb|GoodasGold|MakeItRain,ShadowBall,NastyPlot,Protect||||||50|,,,,,Water]Rillaboom||AssaultVest|GrassySurge|WoodHammer,GrassyGlide,HighHorsepower,FakeOut|||M|||50|,,,,,Fire]Dragapult||ChoiceSpecs|ClearBody|ShadowBall,Flamethrower,Thunderbolt,DracoMeteor|||F|||50|,,,,,Fire]Incineroar||SitrusBerry|Intimidate|FakeOut,KnockOff,PartingShot,FlareBlitz|||F|||50|,,,,,Bug
|c|☆hungry hillo|Gg
|
|t:|1756649732
|teamsize|p1|4
|teamsize|p2|4
|start
|switch|p1a: Basculegion|Basculegion, L50, M|100/100
|switch|p1b: Murkrow|Murkrow, L50, M|100/100
|switch|p2a: Incineroar|Incineroar, L50, F|100/100
|switch|p2b: Mr krabe|Gholdengo, L50|100/100
|-ability|p2a: Incineroar|Intimidate|boost
|-unboost|p1a: Basculegion|atk|1
|-unboost|p1b: Murkrow|atk|1
|turn|1
|c|☆iliteratepineapple|u2
|
|t:|1756649820
|-terastallize|p2b: Mr krabe|Water
|-terastallize|p1b: Murkrow|Ghost
|move|p1a: Basculegion|Protect|p1a: Basculegion
|-singleturn|p1a: Basculegion|Protect
|move|p2a: Incineroar|Fake Out|p1b: Murkrow
|-immune|p1b: Murkrow
|move|p1b: Murkrow|Tailwind|p1b: Murkrow
|-sidestart|p1: iliteratepineapple|move: Tailwind
|move|p2b: Mr krabe|Nasty Plot|p2b: Mr krabe
|-boost|p2b: Mr krabe|spa|2
|
|upkeep
|turn|2
|
|t:|1756649849
|switch|p1a: Rillaboom|Rillaboom, L50, M|100/100
|-fieldstart|move: Grassy Terrain|[from] ability: Grassy Surge|[of] p1a: Rillaboom
|move|p1b: Murkrow|Protect|p1b: Murkrow
|-singleturn|p1b: Murkrow|Protect
|move|p2b: Mr krabe|Make It Rain|p1b: Murkrow|[spread] p1a
|-activate|p1b: Murkrow|move: Protect
|-damage|p1a: Rillaboom|25/100
|-unboost|p2b: Mr krabe|spa|1
|-damage|p2b: Mr krabe|91/100|[from] item: Life Orb
|move|p2a: Incineroar|Knock Off|p1a: Rillaboom
|-damage|p1a: Rillaboom|0 fnt
|-enditem|p1a: Rillaboom|Assault Vest|[from] move: Knock Off|[of] p2a: Incineroar
|faint|p1a: Rillaboom
|
|-heal|p2b: Mr krabe|97/100|[from] Grassy Terrain
|upkeep
|
|t:|1756649874
|switch|p1a: Volcarona|Volcarona, L50, M|100/100
|turn|3
|
|t:|1756649894
|move|p1a: Volcarona|Struggle Bug|p2b: Mr krabe|[spread] p2a,p2b
|-damage|p2a: Incineroar|86/100
|-damage|p2b: Mr krabe|79/100
|-unboost|p2a: Incineroar|spa|1
|-unboost|p2b: Mr krabe|spa|1
|move|p1b: Murkrow|Dual Wingbeat|p2b: Mr krabe
|-damage|p2b: Mr krabe|69/100
|-damage|p2b: Mr krabe|58/100
|-hitcount|p2b: Mr krabe|2
|move|p2b: Mr krabe|Shadow Ball|p1a: Volcarona
|-damage|p1a: Volcarona|59/100
|-damage|p2b: Mr krabe|49/100|[from] item: Life Orb
|move|p2a: Incineroar|Knock Off|p1a: Volcarona
|-damage|p1a: Volcarona|22/100
|-enditem|p1a: Volcarona|Sitrus Berry|[from] move: Knock Off|[of] p2a: Incineroar
|
|-heal|p1a: Volcarona|28/100|[from] Grassy Terrain
|-heal|p2b: Mr krabe|55/100|[from] Grassy Terrain
|-heal|p2a: Incineroar|92/100|[from] Grassy Terrain
|upkeep
|turn|4
|
|t:|1756649912
|move|p1a: Volcarona|Protect|p1a: Volcarona
|-singleturn|p1a: Volcarona|Protect
|move|p2b: Mr krabe|Protect|p2b: Mr krabe
|-singleturn|p2b: Mr krabe|Protect
|move|p1b: Murkrow|Dual Wingbeat|p2b: Mr krabe
|-activate|p2b: Mr krabe|move: Protect
|move|p2a: Incineroar|Knock Off|p1b: Murkrow
|-supereffective|p1b: Murkrow
|-damage|p1b: Murkrow|0 fnt
|-enditem|p1b: Murkrow|Eviolite|[from] move: Knock Off|[of] p2a: Incineroar
|faint|p1b: Murkrow
|
|-heal|p1a: Volcarona|34/100|[from] Grassy Terrain
|-heal|p2b: Mr krabe|61/100|[from] Grassy Terrain
|-heal|p2a: Incineroar|98/100|[from] Grassy Terrain
|-sideend|p1: iliteratepineapple|move: Tailwind
|upkeep
|
|t:|1756649944
|switch|p1b: Basculegion|Basculegion, L50, M|100/100
|turn|5
|
|t:|1756650011
|move|p1a: Volcarona|Protect||[still]
|-fail|p1a: Volcarona
|move|p2b: Mr krabe|Make It Rain|p1b: Basculegion|[spread] p1a,p1b
|-resisted|p1a: Volcarona
|-resisted|p1b: Basculegion
|-damage|p1a: Volcarona|14/100
|-damage|p1b: Basculegion|72/100
|-unboost|p2b: Mr krabe|spa|1
|-damage|p2b: Mr krabe|51/100|[from] item: Life Orb
|move|p1b: Basculegion|Wave Crash|p2a: Incineroar
|-supereffective|p2a: Incineroar
|-damage|p2a: Incineroar|0 fnt
|faint|p2a: Incineroar
|-damage|p1b: Basculegion|40/100|[from] Recoil
|-damage|p1b: Basculegion|31/100|[from] item: Life Orb
|
|-heal|p2b: Mr krabe|57/100|[from] Grassy Terrain
|-heal|p1a: Volcarona|20/100|[from] Grassy Terrain
|-heal|p1b: Basculegion|37/100|[from] Grassy Terrain
|upkeep
|
|t:|1756650025
|switch|p2a: ƁºƁ|Sneasler, L50, M|100/100
|turn|6
|
|t:|1756650041
|move|p1b: Basculegion|Protect|p1b: Basculegion
|-singleturn|p1b: Basculegion|Protect
|move|p2a: ƁºƁ|Dire Claw|p1a: Volcarona
|-damage|p1a: Volcarona|0 fnt
|faint|p1a: Volcarona
|move|p2b: Mr krabe|Shadow Ball|p1b: Basculegion
|-activate|p1b: Basculegion|move: Protect
|
|-heal|p2b: Mr krabe|63/100|[from] Grassy Terrain
|-heal|p1b: Basculegion|43/100|[from] Grassy Terrain
|-fieldend|move: Grassy Terrain
|upkeep
|turn|7
|
|t:|1756650048
|move|p1b: Basculegion|Aqua Jet|p2a: ƁºƁ
|-damage|p2a: ƁºƁ|35/100
|-damage|p1b: Basculegion|34/100|[from] item: Life Orb
|move|p2a: ƁºƁ|Throat Chop|p1b: Basculegion
|-supereffective|p1b: Basculegion
|-damage|p1b: Basculegion|0 fnt
|faint|p1b: Basculegion
|
|win|hungry hillo
|l|☆iliteratepineapple
|player|p1|
|c|☆hungry hillo|Gg can u send replays
