|j|☆xx_junior_rx7_xx
|j|☆DKit15
|html|xx_junior_rx7_xxDKit15    
|uhtml|bestof|Game 3 of a best-of-3
|t:|1756865522
|gametype|doubles
|player|p1|xx_junior_rx7_xx|102|1051
|player|p2|DKit15|giovanni|1069
|gen|9
|tier|[Gen 9] VGC 2025 Reg H (Bo3)
|rated|
|rule|Species Clause: Limit one of each Pokémon
|rule|Item Clause: Limit 1 of each item
|clearpoke
|poke|p1|Tyranitar, L50, F|
|poke|p1|Excadrill, L50, M|
|poke|p1|Magmar, L50, M|
|poke|p1|Sneasler, L50, M|
|poke|p1|Corviknight, L50, F|
|poke|p1|Indeedee, L50, M|
|poke|p2|Dragonite, L50, M|
|poke|p2|Incineroar, L50, M|
|poke|p2|Ursaluna-Bloodmoon, L50, M|
|poke|p2|Corviknight, L50, F|
|poke|p2|Amoonguss, L50, M|
|poke|p2|Milotic, L50, F|
|teampreview|4
|showteam|p1|Tyranitar||AssaultVest|SandStream|RockSlide,KnockOff,LowKick,TeraBlast|||F|||50|,,,,,Flying]Excadrill||FocusSash|SandRush|EarthPower,IronHead,SwordsDance,Protect|||M|||50|,,,,,Ground]Magmar||Eviolite|VitalSpirit|Protect,HelpingHand,FollowMe,HeatWave|||M|||50|,,,,,Ghost]Sneasler||WhiteHerb|Unburden|FakeOut,CloseCombat,DireClaw,Coaching|||M|||50|,,,,,Flying]Corviknight||PsychicSeed|MirrorArmor|BraveBird,PowerTrip,BulkUp,Roost|||F|||50|,,,,,Water]Indeedee||ChoiceScarf|PsychicSurge|ExpandingForce,TeraBlast,Trick,Protect|||M|||50|,,,,,Psychic
|showteam|p2|Dragonite||AssaultVest|InnerFocus|Outrage,IceSpinner,ExtremeSpeed,LowKick|||M|||50|,,,,,Fairy]Incineroar||SafetyGoggles|Intimidate|FakeOut,FlareBlitz,PartingShot,KnockOff|||M|||50|,,,,,Ghost]Ursaluna-Bloodmoon||LifeOrb|MindsEye|BloodMoon,EarthPower,HyperVoice,Protect|||M|||50|,,,,,Normal]Corviknight||CovertCloak|MirrorArmor|BraveBird,Protect,Tailwind,Roost|||F|||50|,,,,,Flying]Amoonguss||SitrusBerry|Regenerator|Spore,RagePowder,PollenPuff,SludgeBomb|||M|||50|,,,,,Water]Milotic||Leftovers|Competitive|Haze,Protect,Scald,IcyWind|||F|||50|,,,,,Fairy
|
|t:|1756865598
|teamsize|p1|4
|teamsize|p2|4
|start
|switch|p1a: Magmar|Magmar, L50, M|100/100
|switch|p1b: Tyranitar|Tyranitar, L50, F|100/100
|switch|p2a: Corviknight|Corviknight, L50, F|100/100
|switch|p2b: Ursaluna|Ursaluna-Bloodmoon, L50, M|100/100
|-weather|Sandstorm|[from] ability: Sand Stream|[of] p1b: Tyranitar
|turn|1
|
|t:|1756865630
|switch|p2b: Dragonite|Dragonite, L50, M|100/100
|move|p1a: Magmar|Heat Wave|p2b: Dragonite|[spread] p2b
|-miss|p1a: Magmar|p2a: Corviknight
|-resisted|p2b: Dragonite
|-damage|p2b: Dragonite|92/100
|move|p2a: Corviknight|Tailwind|p2a: Corviknight
|-sidestart|p2: DKit15|move: Tailwind
|move|p1b: Tyranitar|Low Kick|p2b: Dragonite
|-resisted|p2b: Dragonite
|-damage|p2b: Dragonite|65/100
|
|-weather|Sandstorm|[upkeep]
|-damage|p2b: Dragonite|59/100|[from] Sandstorm
|-damage|p1a: Magmar|95/100|[from] Sandstorm
|upkeep
|turn|2
|
|t:|1756865662
|switch|p2b: Milotic|Milotic, L50, F|100/100
|-terastallize|p1b: Tyranitar|Flying
|move|p2a: Corviknight|Brave Bird|p1a: Magmar
|-damage|p1a: Magmar|56/100
|-damage|p2a: Corviknight|90/100|[from] Recoil
|move|p1a: Magmar|Heat Wave|p2a: Corviknight|[spread] p2a,p2b
|-supereffective|p2a: Corviknight
|-resisted|p2b: Milotic
|-damage|p2a: Corviknight|43/100
|-damage|p2b: Milotic|91/100
|-status|p2b: Milotic|brn
|move|p1b: Tyranitar|Knock Off|p2b: Milotic
|-crit|p2b: Milotic
|-damage|p2b: Milotic|1/100 brn
|-enditem|p2b: Milotic|Leftovers|[from] move: Knock Off|[of] p1b: Tyranitar
|
|-weather|Sandstorm|[upkeep]
|-damage|p2b: Milotic|0 fnt|[from] Sandstorm
|-damage|p1a: Magmar|50/100|[from] Sandstorm
|-damage|p1b: Tyranitar|95/100|[from] Sandstorm
|faint|p2b: Milotic
|upkeep
|
|t:|1756865685
|switch|p2b: Dragonite|Dragonite, L50, M|59/100
|turn|3
|
|t:|1756865698
|move|p1a: Magmar|Follow Me|p1a: Magmar
|-singleturn|p1a: Magmar|move: Follow Me
|move|p2b: Dragonite|Ice Spinner|p1a: Magmar
|-resisted|p1a: Magmar
|-damage|p1a: Magmar|38/100
|move|p2a: Corviknight|Brave Bird|p1a: Magmar
|-damage|p1a: Magmar|3/100
|-damage|p2a: Corviknight|33/100|[from] Recoil
|move|p1b: Tyranitar|Knock Off|p2b: Dragonite
|-damage|p2b: Dragonite|0 fnt
|-enditem|p2b: Dragonite|Assault Vest|[from] move: Knock Off|[of] p1b: Tyranitar
|faint|p2b: Dragonite
|
|-weather|Sandstorm|[upkeep]
|-damage|p1a: Magmar|0 fnt|[from] Sandstorm
|-damage|p1b: Tyranitar|89/100|[from] Sandstorm
|faint|p1a: Magmar
|upkeep
|
|t:|1756865716
|switch|p2b: Ursaluna|Ursaluna-Bloodmoon, L50, M|100/100
|switch|p1a: Indeedee|Indeedee, L50, M|100/100
|-fieldstart|move: Psychic Terrain|[from] ability: Psychic Surge|[of] p1a: Indeedee
|turn|4
|
|t:|1756865740
|-terastallize|p2b: Ursaluna|Normal
|move|p2b: Ursaluna|Protect|p2b: Ursaluna
|-singleturn|p2b: Ursaluna|Protect
|move|p1a: Indeedee|Expanding Force|p2b: Ursaluna|[spread] p2a
|-activate|p2b: Ursaluna|move: Protect
|-resisted|p2a: Corviknight
|-damage|p2a: Corviknight|8/100
|move|p2a: Corviknight|Roost|p2a: Corviknight
|-heal|p2a: Corviknight|59/100
|-singleturn|p2a: Corviknight|move: Roost
|move|p1b: Tyranitar|Low Kick|p2b: Ursaluna
|-activate|p2b: Ursaluna|move: Protect
|
|-weather|Sandstorm|[upkeep]
|-damage|p1a: Indeedee|95/100|[from] Sandstorm
|-damage|p2b: Ursaluna|95/100|[from] Sandstorm
|-damage|p1b: Tyranitar|83/100|[from] Sandstorm
|-sideend|p2: DKit15|move: Tailwind
|upkeep
|turn|5
|
|t:|1756865776
|move|p1a: Indeedee|Expanding Force|p2b: Ursaluna|[spread] p2a,p2b
|-resisted|p2a: Corviknight
|-damage|p2a: Corviknight|34/100
|-damage|p2b: Ursaluna|21/100
|move|p2b: Ursaluna|Hyper Voice|p1b: Tyranitar|[spread] p1a,p1b
|-damage|p1a: Indeedee|5/100
|-damage|p1b: Tyranitar|47/100
|-damage|p2b: Ursaluna|12/100|[from] item: Life Orb
|move|p2a: Corviknight|Brave Bird|p1a: Indeedee
|-damage|p1a: Indeedee|0 fnt
|faint|p1a: Indeedee
|-damage|p2a: Corviknight|33/100|[from] Recoil
|move|p1b: Tyranitar|Low Kick|p2b: Ursaluna
|-supereffective|p2b: Ursaluna
|-damage|p2b: Ursaluna|0 fnt
|faint|p2b: Ursaluna
|
|-weather|none
|upkeep
|
|t:|1756865791
|switch|p1a: Excadrill|Excadrill, L50, M|100/100
|turn|6
|
|t:|1756865803
|move|p1a: Excadrill|Iron Head|p2a: Corviknight
|-resisted|p2a: Corviknight
|-damage|p2a: Corviknight|15/100
|move|p2a: Corviknight|Roost|p2a: Corviknight
|-heal|p2a: Corviknight|65/100
|-singleturn|p2a: Corviknight|move: Roost
|move|p1b: Tyranitar|Rock Slide|p2a: Corviknight
|-resisted|p2a: Corviknight
|-damage|p2a: Corviknight|49/100
|
|upkeep
|turn|7
|
|t:|1756865824
|move|p2a: Corviknight|Protect|p2a: Corviknight
|-singleturn|p2a: Corviknight|Protect
|move|p1a: Excadrill|Swords Dance|p1a: Excadrill
|-boost|p1a: Excadrill|atk|2
|move|p1b: Tyranitar|Knock Off|p2a: Corviknight
|-activate|p2a: Corviknight|move: Protect
|
|upkeep
|turn|8
|
|t:|1756865837
|move|p1a: Excadrill|Swords Dance|p1a: Excadrill
|-boost|p1a: Excadrill|atk|2
|move|p2a: Corviknight|Tailwind|p2a: Corviknight
|-sidestart|p2: DKit15|move: Tailwind
|move|p1b: Tyranitar|Knock Off|p2a: Corviknight
|-damage|p2a: Corviknight|0 fnt
|-enditem|p2a: Corviknight|Covert Cloak|[from] move: Knock Off|[of] p1b: Tyranitar
|faint|p2a: Corviknight
|
|win|xx_junior_rx7_xx
|raw|xx_junior_rx7_xx's rating: 1051 → 1085(+34 for winning)
|raw|DKit15's rating: 1069 → 1048(-21 for losing)
|l|☆DKit15
|player|p2|
