|j|☆NatRus3
|html|NatRus3JoshSketch    
|uhtml|bestof|Game 2 of a best-of-3
|t:|1757256909
|gametype|doubles
|player|p1|NatRus3|169|1154
|player|p2|JoshSketch|hugh|1034
|gen|9
|tier|[Gen 9] VGC 2025 Reg H (Bo3)
|rated|
|rule|Species Clause: Limit one of each Pokémon
|rule|Item Clause: Limit 1 of each item
|clearpoke
|poke|p1|Pelipper, L50, F|
|poke|p1|Archaludon, L50, M|
|poke|p1|Maushold, L50|
|poke|p1|Basculegion, L50, M|
|poke|p1|Incineroar, L50, M|
|poke|p1|Amoonguss, L50, F|
|poke|p2|Gholdengo, L50|
|poke|p2|Sneasler, L50, M|
|poke|p2|Incineroar, L50, F|
|poke|p2|Amoonguss, L50, F|
|poke|p2|Dragonite, L50, F|
|poke|p2|Ursaluna-Bloodmoon, L50, M|
|teampreview|4
|showteam|p1|Pelipper||FocusSash|Drizzle|MuddyWater,Hurricane,Tailwind,Protect|||F|||50|,,,,,Grass]Archaludon||AssaultVest|Stamina|FlashCannon,ElectroShot,BodyPress,DracoMeteor|||M|||50|,,,,,Grass]Maushold||WideLens|Technician|PopulationBomb,Protect,FollowMe,Taunt||||||50|,,,,,Ghost]Basculegion||LifeOrb|SwiftSwim|AquaJet,LastRespects,WaveCrash,Protect|||M|||50|,,,,,Water]Incineroar||SitrusBerry|Intimidate|FakeOut,KnockOff,FlareBlitz,PartingShot|||M|||50|,,,,,Grass]Amoonguss||RockyHelmet|Regenerator|RagePowder,Spore,PollenPuff,ClearSmog|||F|||50|,,,,,Fairy
|showteam|p2|Gholdengo||LifeOrb|GoodasGold|MakeItRain,ShadowBall,NastyPlot,Protect||||||50|,,,,,Water]Sneasler||FocusSash|PoisonTouch|FakeOut,CloseCombat,DireClaw,Protect|||M|||50|,,,,,Stellar]Incineroar||SafetyGoggles|Intimidate|FakeOut,FlareBlitz,KnockOff,PartingShot|||F|||50|,,,,,Ghost]Amoonguss||SitrusBerry|Regenerator|Spore,RagePowder,PollenPuff,Protect|||F|||50|,,,,,Water]Dragonite||LoadedDice|Multiscale|ScaleShot,Haze,Tailwind,ExtremeSpeed|||F|||50|,,,,,Fairy]Ursaluna-Bloodmoon||AssaultVest|MindsEye|HyperVoice,BloodMoon,EarthPower,VacuumWave|||M|||50|,,,,,Normal
|inactive|Battle timer is ON: inactive players will automatically lose when time's up. (requested by NatRus3)
|inactive|JoshSketch disconnected and has a minute to reconnect!
|inactive|NatRus3 has 60 seconds left.
|inactive|JoshSketch has 30 seconds to reconnect!
|j|☆JoshSketch
|inactive|JoshSketch reconnected and has 55 seconds left.
|player|p2|JoshSketch|hugh|
|
|t:|1757256970
|teamsize|p1|4
|teamsize|p2|4
|start
|switch|p1a: Maushold|Maushold, L50|100/100
|switch|p1b: Archaludon|Archaludon, L50, M|100/100
|switch|p2a: Dragonite|Dragonite, L50, F|100/100
|switch|p2b: Gholdengo|Gholdengo, L50|100/100
|turn|1
|inactive|NatRus3 has 30 seconds left.
|inactive|NatRus3 has 20 seconds left.
|inactive|NatRus3 has 15 seconds left.
|inactive|NatRus3 has 10 seconds left.
|inactive|NatRus3 has 5 seconds left.
|
|t:|1757257020
|-terastallize|p2a: Dragonite|Fairy
|move|p1a: Maushold|Population Bomb|p2a: Dragonite
|-damage|p2a: Dragonite|95/100
|-damage|p2a: Dragonite|84/100
|-damage|p2a: Dragonite|75/100
|-damage|p2a: Dragonite|65/100
|-damage|p2a: Dragonite|56/100
|-damage|p2a: Dragonite|46/100
|-damage|p2a: Dragonite|35/100
|-hitcount|p2a: Dragonite|7
|move|p2b: Gholdengo|Nasty Plot|p2b: Gholdengo
|-boost|p2b: Gholdengo|spa|2
|move|p2a: Dragonite|Scale Shot|p1a: Maushold
|-damage|p1a: Maushold|82/100
|-damage|p1a: Maushold|63/100
|-damage|p1a: Maushold|45/100
|-damage|p1a: Maushold|26/100
|-hitcount|p1a: Maushold|4
|-unboost|p2a: Dragonite|def|1
|-boost|p2a: Dragonite|spe|1
|move|p1b: Archaludon|Draco Meteor|p2a: Dragonite
|-immune|p2a: Dragonite
|
|upkeep
|turn|2
|inactive|NatRus3 has 30 seconds left.
|inactive|NatRus3 has 20 seconds left.
|inactive|NatRus3 has 15 seconds left.
|
|t:|1757257062
|switch|p1a: Pelipper|Pelipper, L50, F|100/100
|-weather|RainDance|[from] ability: Drizzle|[of] p1a: Pelipper
|-terastallize|p1b: Archaludon|Grass
|move|p2a: Dragonite|Tailwind|p2a: Dragonite
|-sidestart|p2: JoshSketch|move: Tailwind
|move|p2b: Gholdengo|Nasty Plot|p2b: Gholdengo
|-boost|p2b: Gholdengo|spa|2
|move|p1b: Archaludon|Electro Shot||[still]
|-prepare|p1b: Archaludon|Electro Shot
|-boost|p1b: Archaludon|spa|1
|-anim|p1b: Archaludon|Electro Shot|p2b: Gholdengo
|-damage|p2b: Gholdengo|21/100
|
|-weather|RainDance|[upkeep]
|upkeep
|turn|3
|inactive|NatRus3 has 30 seconds left.
|inactive|JoshSketch has 30 seconds left.
|inactive|NatRus3 has 20 seconds left.
|inactive|NatRus3 has 15 seconds left.
|inactive|NatRus3 has 10 seconds left.
|
|t:|1757257107
|move|p1a: Pelipper|Protect|p1a: Pelipper
|-singleturn|p1a: Pelipper|Protect
|move|p2a: Dragonite|Scale Shot|p1a: Pelipper
|-activate|p1a: Pelipper|move: Protect
|move|p2b: Gholdengo|Shadow Ball|p1b: Archaludon
|-damage|p1b: Archaludon|0 fnt
|faint|p1b: Archaludon
|-damage|p2b: Gholdengo|11/100|[from] item: Life Orb
|
|-weather|RainDance|[upkeep]
|upkeep
|
|t:|1757257123
|switch|p1b: Basculegion|Basculegion, L50, M|100/100
|turn|4
|
|t:|1757257135
|move|p2b: Gholdengo|Protect|p2b: Gholdengo
|-singleturn|p2b: Gholdengo|Protect
|move|p1b: Basculegion|Aqua Jet|p2a: Dragonite
|-crit|p2a: Dragonite
|-damage|p2a: Dragonite|0 fnt
|faint|p2a: Dragonite
|-damage|p1b: Basculegion|91/100|[from] item: Life Orb
|move|p1a: Pelipper|Hurricane|p2b: Gholdengo
|-activate|p2b: Gholdengo|move: Protect
|
|-weather|RainDance|[upkeep]
|upkeep
|
|t:|1757257142
|switch|p2a: Incineroar|Incineroar, L50, F, shiny|100/100
|-ability|p2a: Incineroar|Intimidate|boost
|-unboost|p1a: Pelipper|atk|1
|-unboost|p1b: Basculegion|atk|1
|turn|5
|
|t:|1757257161
|move|p2b: Gholdengo|Protect|p2b: Gholdengo
|-singleturn|p2b: Gholdengo|Protect
|move|p1b: Basculegion|Aqua Jet|p2b: Gholdengo
|-activate|p2b: Gholdengo|move: Protect
|move|p2a: Incineroar|Knock Off|p1b: Basculegion
|-supereffective|p1b: Basculegion
|-damage|p1b: Basculegion|0 fnt
|-enditem|p1b: Basculegion|Life Orb|[from] move: Knock Off|[of] p2a: Incineroar
|faint|p1b: Basculegion
|move|p1a: Pelipper|Muddy Water|p2b: Gholdengo|[spread] p2a
|-activate|p2b: Gholdengo|move: Protect
|-supereffective|p2a: Incineroar
|-damage|p2a: Incineroar|47/100
|
|-weather|RainDance|[upkeep]
|-sideend|p2: JoshSketch|move: Tailwind
|upkeep
|
|t:|1757257176
|switch|p1b: Maushold|Maushold, L50|26/100
|turn|6
|
|t:|1757257185
|move|p1b: Maushold|Population Bomb|p2a: Incineroar
|-damage|p2a: Incineroar|39/100
|-damage|p2a: Incineroar|31/100
|-damage|p2a: Incineroar|21/100
|-damage|p2a: Incineroar|13/100
|-damage|p2a: Incineroar|5/100
|-damage|p2a: Incineroar|0 fnt
|faint|p2a: Incineroar
|-hitcount|p2: Incineroar|6
|move|p2b: Gholdengo|Make It Rain|p1a: Pelipper|[spread] p1a,p1b
|-resisted|p1a: Pelipper
|-enditem|p1a: Pelipper|Focus Sash
|-damage|p1a: Pelipper|1/100
|-damage|p1b: Maushold|0 fnt
|-unboost|p2b: Gholdengo|spa|1
|faint|p1b: Maushold
|-damage|p2b: Gholdengo|1/100|[from] item: Life Orb
|move|p1a: Pelipper|Muddy Water|p2b: Gholdengo
|-damage|p2b: Gholdengo|0 fnt
|faint|p2b: Gholdengo
|
|-weather|none
|upkeep
|
|t:|1757257189
|switch|p2b: Sneasler|Sneasler, L50, M|100/100
|turn|7
|inactive|NatRus3 has 30 seconds left.
|
|t:|1757257215
|move|p2b: Sneasler|Fake Out|p1a: Pelipper
|-damage|p1a: Pelipper|0 fnt
|faint|p1a: Pelipper
|
|win|JoshSketch
||NatRus3 is ready for game 3.
||JoshSketch is ready for game 3.
|uhtml|next|Next: Game 3 of 3
