|j|ŌśåKnekroGitano
|j|ŌśåJarita Peruano
|html|KnekroGitanoJarita Peruano    
|uhtml|bestof|Game 1 of a best-of-3
|t:|1783089129
|gametype|doubles
|player|p1|KnekroGitano|preschooler|
|player|p2|Jarita Peruano|cheren-gen5bw2|
|gen|9
|tier|[Gen 9 Champions] VGC 2026 Reg M-B (Bo3)
|rule|Species Clause: Limit one of each Pok├®mon
|rule|Item Clause: Limit 1 of each item
|clearpoke
|poke|p1|Greninja, L50, F|
|poke|p1|Ceruledge, L50, F|
|poke|p1|Incineroar, L50, F|
|poke|p1|Sinistcha, L50|
|poke|p1|Milotic, L50, M|
|poke|p1|Floette-Eternal, L50, F|
|poke|p2|Raichu, L50, M|
|poke|p2|Toxapex, L50, M|
|poke|p2|Chimecho, L50, F|
|poke|p2|Incineroar, L50, F|
|poke|p2|Sinistcha, L50|
|poke|p2|Pelipper, L50, M|
|teampreview|4
|showteam|p1|Greninja||Greninjite|Protean|GunkShot,BrickBreak,DarkPulse,Protect|Naive||F|||50|]Ceruledge||ColburBerry|FlashFire|BitterBlade,ShadowSneak,BulkUp,Protect|Adamant||F|||50|]Incineroar||SitrusBerry|Intimidate|FlareBlitz,ThroatChop,PartingShot,FakeOut|Impish||F|||50|]Sinistcha||KasibBerry|Hospitality|MatchaGotcha,RagePowder,LifeDew,Protect|Bold|||||50|]Milotic||Leftovers|Competitive|MuddyWater,Coil,Hypnosis,Protect|Calm||M|||50|]Floette-Eternal||Floettite|FlowerVeil|DrainingKiss,DazzlingGleam,CalmMind,Protect|Timid||F|||50|
|showteam|p2|Raichu||RaichuniteX|LightningRod|FakeOut,BrickBreak,VoltTackle,Protect|Jolly||M|||50|]Toxapex||Leftovers|Regenerator|ToxicSpikes,Infestation,Toxic,BanefulBunker|Bold||M|||50|]Chimecho||Chimechite|Levitate|DazzlingGleam,CalmMind,Psyshock,Protect|Modest||F|||50|]Incineroar||PasshoBerry|Intimidate|Protect,FakeOut,PartingShot,DarkestLariat|Impish||F|||50|]Sinistcha||KasibBerry|Hospitality|MatchaGotcha,TrickRoom,RagePowder,Protect|Bold|||||50|]Pelipper||FocusSash|Drizzle|WeatherBall,Hurricane,WideGuard,HelpingHand|Modest||M|||50|
|c|ŌśåJarita Peruano|si venga vaya dos nombres
|c|ŌśåJarita Peruano|UN FLOETTE HIJO DE PUTA
|j| free indy
|c| free indy|gl
|j| pokemonalpha.es
|j| lalalaing
|c| pokemonalpha.es|PERO MIGUE TE HA TOCAO CHIMECHO O RAICHU X??????
|l| lalalaing
|c|ŌśåJarita Peruano|nunca lo sabras
|j| Jmf_vgc_92
|c|ŌśåJarita Peruano|juego al despiste
|c|ŌśåJarita Peruano|NO COMO DARKI
|j| Shishio_Ax
|c|ŌśåJarita Peruano|QUE POR LO QUE SEA SE HA PUESTO LA MEJOR MEGA DEL JUEGO (es broma no me molesta)
|c| Shishio_Ax|Greninja es como la mega menos Darki posible
|c| Jmf_vgc_92|Oye como que Floette
|c| Shishio_Ax|Y LO LLEVA MIXTO
|
|t:|1783089286
|teamsize|p1|4
|teamsize|p2|4
|start
|switch|p1a: Incineroar|Incineroar, L50, F|100/100
|switch|p1b: Milotic|Milotic, L50, M|100/100
|switch|p2a: Toxapex|Toxapex, L50, M|100/100
|switch|p2b: Raichu|Raichu, L50, M|100/100
|-ability|p1a: Incineroar|Intimidate|boost
|-unboost|p2a: Toxapex|atk|1
|-unboost|p2b: Raichu|atk|1
|turn|1
|c| free indy|entonces elegi una buena mega shishio
|inactive|Battle timer is ON: inactive players will automatically lose when time's up. (requested by Jarita Peruano)
|
|t:|1783089341
|detailschange|p2b: Raichu|Raichu-Mega-X, L50, M
|-mega|p2b: Raichu|Raichu|Raichunite X
|-fieldstart|move: Electric Terrain|[from] ability: Electric Surge|[of] p2b: Raichu
|move|p1b: Milotic|Protect|p1b: Milotic
|-singleturn|p1b: Milotic|Protect
|move|p2b: Raichu|Fake Out|p1a: Incineroar
|-damage|p1a: Incineroar|92/100
|cant|p1a: Incineroar|flinch
|move|p2a: Toxapex|Toxic|p1b: Milotic
|-activate|p1b: Milotic|move: Protect
|
|upkeep
|turn|2
|c| pokemonalpha.es|va a salir en 0 partidas
|inactive|KnekroGitano has 30 seconds left.
|c| free indy|eso ya es cosa suya
|j| Los Ramirez
|inactive|KnekroGitano has 20 seconds left.
|
|t:|1783089376
|move|p2b: Raichu|Volt Tackle|p1b: Milotic
|-supereffective|p1b: Milotic|1
|-damage|p1b: Milotic|0 fnt
|faint|p1b: Milotic
|-damage|p2b: Raichu|53/100|[from] Recoil
|move|p1a: Incineroar|Flare Blitz|p2b: Raichu
|-crit|p2b: Raichu
|-damage|p2b: Raichu|0 fnt
|faint|p2b: Raichu
|-damage|p1a: Incineroar|79/100|[from] Recoil
|move|p2a: Toxapex|Toxic|p1a: Incineroar
|-status|p1a: Incineroar|tox
|
|-damage|p1a: Incineroar|73/100 tox|[from] psn
|upkeep
|c| pokemonalpha.es|genuinamente dijo
|c| pokemonalpha.es|let's go kill ourselves
|c|ŌśåJarita Peruano|FINAL GAMBIT
|inactive|KnekroGitano has 30 seconds left.
|
|t:|1783089409
|switch|p2b: Incineroar|Incineroar, L50, F|100/100
|switch|p1b: Ceruledge|Ceruledge, L50, F|100/100
|-ability|p2b: Incineroar|Intimidate|boost
|-unboost|p1a: Incineroar|atk|1
|-unboost|p1b: Ceruledge|atk|1
|turn|3
|c| Los Ramirez|Emilio deja de crear crispaci├│n
|c| Los Ramirez|por favor
|c| Los Ramirez|gracias
|c| pokemonalpha.es|JAJAJAJA
|inactive|KnekroGitano has 30 seconds left.
|
|t:|1783089442
|move|p1b: Ceruledge|Protect|p1b: Ceruledge
|-singleturn|p1b: Ceruledge|Protect
|move|p2b: Incineroar|Fake Out|p1a: Incineroar
|-damage|p1a: Incineroar|65/100 tox
|cant|p1a: Incineroar|flinch
|move|p2a: Toxapex|Toxic|p1b: Ceruledge
|-activate|p1b: Ceruledge|move: Protect
|
|-damage|p1a: Incineroar|53/100 tox|[from] psn
|upkeep
|turn|4
|c| Shishio_Ax|Yo creo q a Miguel le ha tocao Chimeco y se ha puesto a Mega Raichu solo pa dejarnos en duda
|
|t:|1783089459
|switch|p1b: Sinistcha|Sinistcha, L50|100/100
|-heal|p1a: Incineroar|78/100 tox|[from] ability: Hospitality|[of] p1b: Sinistcha
|move|p1a: Incineroar|Parting Shot|p2b: Incineroar
|-unboost|p2b: Incineroar|atk|1
|-unboost|p2b: Incineroar|spa|1
|
|t:|1783089473
|switch|p1a: Ceruledge|Ceruledge, L50, F|100/100|[from] Parting Shot
|move|p2b: Incineroar|Darkest Lariat|p1b: Sinistcha
|-supereffective|p1b: Sinistcha|1
|-damage|p1b: Sinistcha|61/100
|move|p2a: Toxapex|Toxic|p1b: Sinistcha
|-status|p1b: Sinistcha|tox
|
|-damage|p1b: Sinistcha|55/100 tox|[from] psn
|upkeep
|turn|5
|c| Los Ramirez|los que jugais doble mega apoyais al estado de Israel eh
|c| free indy|darki ha dicho fuck it
|c| free indy|no mega
|inactive|KnekroGitano has 30 seconds left.
|c|ŌśåJarita Peruano|marco no me jodas
|
|t:|1783089499
|move|p1b: Sinistcha|Rage Powder|p1b: Sinistcha
|-singleturn|p1b: Sinistcha|move: Rage Powder
|move|p1a: Ceruledge|Bulk Up|p1a: Ceruledge
|-boost|p1a: Ceruledge|atk|1
|-boost|p1a: Ceruledge|def|1
|move|p2b: Incineroar|Darkest Lariat|p1b: Sinistcha
|-supereffective|p1b: Sinistcha|1
|-damage|p1b: Sinistcha|18/100 tox
|move|p2a: Toxapex|Infestation|p1b: Sinistcha
|-damage|p1b: Sinistcha|14/100 tox
|-activate|p1b: Sinistcha|move: Infestation|[of] p2a: Toxapex
|
|-damage|p1b: Sinistcha|2/100 tox|[from] psn
|-damage|p1b: Sinistcha|0 fnt|[from] move: Infestation|[partiallytrapped]
|faint|p1b: Sinistcha
|-fieldend|move: Electric Terrain
|upkeep
|c| Shishio_Ax|??????
|c| free indy|marco yo juego solo una tambien
|
|t:|1783089508
|switch|p1b: Incineroar|Incineroar, L50, F|78/100 tox
|-ability|p1b: Incineroar|Intimidate|boost
|-unboost|p2a: Toxapex|atk|1
|-unboost|p2b: Incineroar|atk|1
|turn|6
|c| free indy|aura
|c| pokemonalpha.es|menos mal que yo solo llevo una jdr
|
|t:|1783089521
|move|p1b: Incineroar|Fake Out|p2a: Toxapex
|-damage|p2a: Toxapex|92/100
|move|p1a: Ceruledge|Bulk Up|p1a: Ceruledge
|-boost|p1a: Ceruledge|atk|1
|-boost|p1a: Ceruledge|def|1
|move|p2b: Incineroar|Parting Shot|p1a: Ceruledge
|-unboost|p1a: Ceruledge|atk|1
|-unboost|p1a: Ceruledge|spa|1
|
|t:|1783089525
|switch|p2b: Sinistcha|Sinistcha, L50|100/100|[from] Parting Shot
|-heal|p2a: Toxapex|100/100|[from] ability: Hospitality|[of] p2b: Sinistcha
|cant|p2a: Toxapex|flinch
|
|-damage|p1b: Incineroar|72/100 tox|[from] psn
|upkeep
|turn|7
|c| Los Ramirez|es que si digo que los que usen doble mega son mariquitas os da igual
|c| Los Ramirez|asi que toco donde os duele
|inactive|KnekroGitano has 30 seconds left.
|j| An555gel
|inactive|KnekroGitano has 20 seconds left.
|c| Los Ramirez|Migue israel├Ł pasalo
|
|t:|1783089564
|switch|p2b: Incineroar|Incineroar, L50, F|100/100
|-ability|p2b: Incineroar|Intimidate|boost
|-unboost|p1a: Ceruledge|atk|1
|-unboost|p1b: Incineroar|atk|1
|move|p1a: Ceruledge|Bulk Up|p1a: Ceruledge
|-boost|p1a: Ceruledge|atk|1
|-boost|p1a: Ceruledge|def|1
|move|p1b: Incineroar|Throat Chop|p2b: Incineroar
|-resisted|p2b: Incineroar|1
|-damage|p2b: Incineroar|92/100
|-start|p2b: Incineroar|Throat Chop|[silent]
|move|p2a: Toxapex|Toxic|p1a: Ceruledge
|-status|p1a: Ceruledge|tox
|
|-damage|p1a: Ceruledge|93/100 tox|[from] psn
|-damage|p1b: Incineroar|60/100 tox|[from] psn
|upkeep
|turn|8
|c| Los Ramirez|ostia, y entra el antisemita
|c|ŌśåJarita Peruano|angel est├Īs viendo cine
|
|t:|1783089588
|move|p1a: Ceruledge|Shadow Sneak|p2a: Toxapex
|-damage|p2a: Toxapex|76/100
|move|p1b: Incineroar|Throat Chop|p2a: Toxapex
|-damage|p2a: Toxapex|62/100
|-start|p2a: Toxapex|Throat Chop|[silent]
|move|p2b: Incineroar|Darkest Lariat|p1a: Ceruledge
|-supereffective|p1a: Ceruledge|1
|-enditem|p1a: Ceruledge|Colbur Berry|[eat]
|-enditem|p1a: Ceruledge|Colbur Berry|[weaken]
|-damage|p1a: Ceruledge|54/100 tox
|move|p2a: Toxapex|Infestation|p1a: Ceruledge
|-resisted|p1a: Ceruledge|2
|-damage|p1a: Ceruledge|53/100 tox
|-activate|p1a: Ceruledge|move: Infestation|[of] p2a: Toxapex
|
|-heal|p2a: Toxapex|68/100|[from] item: Leftovers
|-damage|p1a: Ceruledge|41/100 tox|[from] psn
|-damage|p1b: Incineroar|42/100 tox|[from] psn
|-damage|p1a: Ceruledge|29/100 tox|[from] move: Infestation|[partiallytrapped]
|-end|p2b: Incineroar|Throat Chop|[silent]
|upkeep
|-enditem|p1b: Incineroar|Sitrus Berry|[eat]
|-heal|p1b: Incineroar|67/100 tox|[from] item: Sitrus Berry
|turn|9
|c| pokemonalpha.es|lleva doble mega y sale sin mega a la partida
|c| pokemonalpha.es|aura no?
|c| Shishio_Ax|Chompy eso solo se aplica si el q las lleve solo usa la mega buena
|-message|KnekroGitano forfeited.
|
|win|Jarita Peruano
|c| Los Ramirez|eso es aura eh
|c| Shishio_Ax|Entonces ahi si
||Jarita Peruano is ready for game 2.
||KnekroGitano is ready for game 2.
|uhtml|next|Next: Game 2 of 3
|n| Shishio israeli|losramirez
|l| An555gel
|l| free indy
|l| Jmf_vgc_92
|l| Shishio israeli
|l| Shishio_Ax
|l| pokemonalpha.es
