|j|☆zefhkb505
|j|☆Pytonia
|html|zefhkb505Pytonia    
|uhtml|bestof|Game 2 of a best-of-3
|t:|1783145266
|gametype|doubles
|player|p1|zefhkb505|hilbert|1166
|player|p2|Pytonia|lucian|1049
|gen|9
|tier|[Gen 9 Champions] VGC 2026 Reg M-B (Bo3)
|rated|
|rule|Species Clause: Limit one of each Pokémon
|rule|Item Clause: Limit 1 of each item
|clearpoke
|poke|p1|Raichu, L50, M|
|poke|p1|Maushold, L50|
|poke|p1|Annihilape, L50, F|
|poke|p1|Araquanid, L50, F|
|poke|p1|Sinistcha, L50|
|poke|p1|Ninetales-Alola, L50, F|
|poke|p2|Meganium, L50, M|
|poke|p2|Tyranitar, L50, F|
|poke|p2|Armarouge, L50, M|
|poke|p2|Excadrill, L50, M|
|poke|p2|Malamar, L50, M|
|poke|p2|Sinistcha, L50|
|teampreview|4
|showteam|p1|Raichu||RaichuniteY|LightningRod|ZapCannon,FocusBlast,Substitute,NastyPlot|Timid||M|||50|]Maushold||ChopleBerry|FriendGuard|BeatUp,FollowMe,Encore,Protect|Jolly|||||50|]Annihilape||Leftovers|Defiant|BulkUp,DrainPunch,RageFist,Protect|Adamant||F|||50|]Araquanid||SitrusBerry|WaterBubble|Liquidation,Infestation,WideGuard,XScissor|Sassy||F|||50|]Sinistcha||CobaBerry|Hospitality|MatchaGotcha,TrickRoom,LifeDew,RagePowder|Relaxed|||||50|]Ninetales-Alola||LightClay|SnowWarning|AuroraVeil,FreezeDry,Moonblast,Protect|Timid||F|||50|
|showteam|p2|Meganium||Meganiumite|LeafGuard|SolarBeam,DazzlingGleam,WeatherBall,Protect|Modest||M|||50|]Tyranitar||ChopleBerry|SandStream|RockSlide,KnockOff,IcePunch,Protect|Adamant||F|||50|]Armarouge||SitrusBerry|FlashFire|WideGuard,HeatWave,AuraSphere,EnergyBall|Modest||M|||50|]Excadrill||FocusSash|SandRush|RockSlide,Earthquake,IronHead,Protect|Adamant||M|||50|]Malamar||Leftovers|Contrary|Superpower,PsychoCut,KnockOff,Protect|Careful||M|||50|]Sinistcha||ColburBerry|Hospitality|RagePowder,MatchaGotcha,LifeDew,Protect|Bold|||||50|
|inactive|Battle timer is ON: inactive players will automatically lose when time's up. (requested by zefhkb505)
|
|t:|1783145325
|teamsize|p1|4
|teamsize|p2|4
|start
|switch|p1a: Ninetales|Ninetales-Alola, L50, F|100/100
|switch|p1b: Maushold|Maushold, L50|100/100
|switch|p2a: Malamar|Malamar, L50, M|100/100
|switch|p2b: Sinistcha|Sinistcha, L50|100/100
|-weather|Snowscape|[from] ability: Snow Warning|[of] p1a: Ninetales
|turn|1
|
|t:|1783145346
|move|p1b: Maushold|Protect|p1b: Maushold
|-singleturn|p1b: Maushold|Protect
|move|p2b: Sinistcha|Rage Powder|p2b: Sinistcha
|-singleturn|p2b: Sinistcha|move: Rage Powder
|move|p1a: Ninetales|Moonblast|p2b: Sinistcha
|-damage|p2b: Sinistcha|69/100
|move|p2a: Malamar|Superpower|p1b: Maushold
|-activate|p1b: Maushold|move: Protect
|
|-weather|Snowscape|[upkeep]
|upkeep
|turn|2
|
|t:|1783145362
|switch|p1b: Araquanid|Araquanid, L50, F|100/100
|switch|p2a: Tyranitar|Tyranitar, L50, F|100/100
|-weather|Sandstorm|[from] ability: Sand Stream|[of] p2a: Tyranitar
|move|p1a: Ninetales|Aurora Veil||[still]
|-fail|p1a: Ninetales
|move|p2b: Sinistcha|Matcha Gotcha|p1b: Araquanid|[spread] p1a,p1b
|-damage|p1a: Ninetales|71/100
|-heal|p2b: Sinistcha|80/100|[from] drain|[of] p1a: Ninetales
|-damage|p1b: Araquanid|84/100
|-heal|p2b: Sinistcha|88/100|[from] drain|[of] p1b: Araquanid
|-status|p1a: Ninetales|brn
|
|-weather|Sandstorm|[upkeep]
|-damage|p1a: Ninetales|65/100 brn|[from] Sandstorm
|-damage|p2b: Sinistcha|82/100|[from] Sandstorm
|-damage|p1b: Araquanid|78/100|[from] Sandstorm
|-damage|p1a: Ninetales|59/100 brn|[from] brn
|upkeep
|turn|3
|
|t:|1783145383
|switch|p1a: Raichu|Raichu, L50, M|100/100
|switch|p2b: Malamar|Malamar, L50, M|100/100
|move|p1b: Araquanid|Wide Guard|p1b: Araquanid
|-singleturn|p1b: Araquanid|Wide Guard
|move|p2a: Tyranitar|Knock Off|p1b: Araquanid
|-damage|p1b: Araquanid|28/100
|-enditem|p1b: Araquanid|Sitrus Berry|[from] move: Knock Off|[of] p2a: Tyranitar
|
|-weather|Sandstorm|[upkeep]
|-damage|p1a: Raichu|94/100|[from] Sandstorm
|-damage|p2b: Malamar|94/100|[from] Sandstorm
|-damage|p1b: Araquanid|22/100|[from] Sandstorm
|-heal|p2b: Malamar|100/100|[from] item: Leftovers
|upkeep
|turn|4
|inactive|zefhkb505 has 30 seconds left.
|
|t:|1783145417
|switch|p1b: Maushold|Maushold, L50|100/100
|detailschange|p1a: Raichu|Raichu-Mega-Y, L50, M
|-mega|p1a: Raichu|Raichu|Raichunite Y
|move|p2a: Tyranitar|Protect|p2a: Tyranitar
|-singleturn|p2a: Tyranitar|Protect
|move|p1a: Raichu|Substitute|p1a: Raichu
|-start|p1a: Raichu|Substitute
|-damage|p1a: Raichu|69/100
|move|p2b: Malamar|Superpower|p1a: Raichu
|-end|p1a: Raichu|Substitute
|-boost|p2b: Malamar|atk|1
|-boost|p2b: Malamar|def|1
|
|-weather|Sandstorm|[upkeep]
|-damage|p1b: Maushold|93/100|[from] Sandstorm
|-damage|p1a: Raichu|63/100|[from] Sandstorm
|-damage|p2b: Malamar|94/100|[from] Sandstorm
|-heal|p2b: Malamar|100/100|[from] item: Leftovers
|upkeep
|turn|5
|
|t:|1783145437
|move|p1b: Maushold|Follow Me|p1b: Maushold
|-singleturn|p1b: Maushold|move: Follow Me
|move|p1a: Raichu|Nasty Plot|p1a: Raichu
|-boost|p1a: Raichu|spa|2
|move|p2b: Malamar|Superpower|p1b: Maushold
|-supereffective|p1b: Maushold|1
|-enditem|p1b: Maushold|Chople Berry|[eat]
|-enditem|p1b: Maushold|Chople Berry|[weaken]
|-damage|p1b: Maushold|43/100
|-boost|p2b: Malamar|atk|1
|-boost|p2b: Malamar|def|1
|move|p2a: Tyranitar|Rock Slide|p1b: Maushold|[spread] p1a,p1b
|-damage|p1a: Raichu|35/100
|-damage|p1b: Maushold|3/100
|
|-weather|Sandstorm|[upkeep]
|-damage|p1b: Maushold|0 fnt|[from] Sandstorm
|-damage|p1a: Raichu|29/100|[from] Sandstorm
|-damage|p2b: Malamar|94/100|[from] Sandstorm
|faint|p1b: Maushold
|-heal|p2b: Malamar|100/100|[from] item: Leftovers
|upkeep
|
|t:|1783145454
|switch|p1b: Ninetales|Ninetales-Alola, L50, F|59/100 brn
|-weather|Snowscape|[from] ability: Snow Warning|[of] p1b: Ninetales
|turn|6
|
|t:|1783145467
|move|p1a: Raichu|Zap Cannon|p2b: Malamar
|-damage|p2b: Malamar|0 fnt
|faint|p2b: Malamar
|move|p1b: Ninetales|Aurora Veil|p1b: Ninetales
|-sidestart|p1: zefhkb505|move: Aurora Veil
|move|p2a: Tyranitar|Rock Slide|p1b: Ninetales|[spread] p1a,p1b
|-supereffective|p1b: Ninetales|1
|-damage|p1a: Raichu|5/100
|-damage|p1b: Ninetales|27/100 brn
|
|-weather|Snowscape|[upkeep]
|-damage|p1b: Ninetales|20/100y brn|[from] brn
|upkeep
|
|t:|1783145476
|switch|p2b: Excadrill|Excadrill, L50, M|100/100
|turn|7
|
|t:|1783145490
|switch|p2a: Sinistcha|Sinistcha, L50|82/100
|move|p2b: Excadrill|Protect|p2b: Excadrill
|-singleturn|p2b: Excadrill|Protect
|move|p1a: Raichu|Focus Blast|p2b: Excadrill
|-activate|p2b: Excadrill|move: Protect
|move|p1b: Ninetales|Moonblast|p2b: Excadrill
|-activate|p2b: Excadrill|move: Protect
|
|-weather|Snowscape|[upkeep]
|-damage|p1b: Ninetales|14/100 brn|[from] brn
|upkeep
|turn|8
|
|t:|1783145511
|switch|p2a: Tyranitar|Tyranitar, L50, F|100/100
|-weather|Sandstorm|[from] ability: Sand Stream|[of] p2a: Tyranitar
|move|p2b: Excadrill|Earthquake|p1b: Ninetales|[spread] p2a,p1a,p1b
|-supereffective|p2a: Tyranitar|1
|-supereffective|p1a: Raichu|1
|-damage|p2a: Tyranitar|32/100
|-damage|p1a: Raichu|0 fnt
|-damage|p1b: Ninetales|0 fnt
|faint|p1a: Raichu
|faint|p1b: Ninetales
|
|-weather|Sandstorm|[upkeep]
|upkeep
|-message|zefhkb505 forfeited.
|
|win|Pytonia
|raw|zefhkb505's rating: 1166 → 1133(-33 for losing)
|raw|Pytonia's rating: 1049 → 1092(+43 for winning)
|l|☆zefhkb505
|player|p1|
