|j|☆JNEST
|j|☆ChefHoe
|html|JNESTChefHoe    
|uhtml|bestof|Game 2 of a best-of-3
|t:|1756248825
|gametype|doubles
|player|p1|JNEST|veteran-gen4|1133
|player|p2|ChefHoe|gambler|1107
|gen|9
|tier|[Gen 9] VGC 2025 Reg H (Bo3)
|rated|
|rule|Species Clause: Limit one of each Pokémon
|rule|Item Clause: Limit 1 of each item
|clearpoke
|poke|p1|Weezing, L50, M|
|poke|p1|Incineroar, L50, M|
|poke|p1|Ursaluna-Bloodmoon, L50, M|
|poke|p1|Annihilape, L50, F|
|poke|p1|Tyranitar, L50, M|
|poke|p1|Amoonguss, L50, M|
|poke|p2|Ursaluna, L50, M|
|poke|p2|Murkrow, L50, F|
|poke|p2|Incineroar, L50, F|
|poke|p2|Sinistcha, L50|
|poke|p2|Gholdengo, L50|
|poke|p2|Ninetales-Alola, L50, F|
|teampreview|4
|showteam|p1|Weezing||SitrusBerry|NeutralizingGas|Protect,Taunt,WillOWisp,SludgeBomb|||M|||50|,,,,,Ghost]Incineroar||AbilityShield|Intimidate|KnockOff,FlareBlitz,FakeOut,PartingShot|||M|||50|,,,,,Ghost]Ursaluna-Bloodmoon||LifeOrb|MindsEye|Protect,HyperVoice,EarthPower,BloodMoon|||M|||50|,,,,,Normal]Annihilape||SafetyGoggles|Defiant|Taunt,RageFist,CloseCombat,FinalGambit|||F|||50|,,,,,Fairy]Tyranitar||AssaultVest|SandStream|RockSlide,KnockOff,TeraBlast,LowKick|||M|||50|,,,,,Flying]Amoonguss||Leftovers|Regenerator|ClearSmog,Spore,RagePowder,PollenPuff|||M|||50|,,,,,Water
|showteam|p2|Ursaluna||FlameOrb|Guts|Protect,Facade,HeadlongRush,Earthquake|||M|||50|,,,,,Ghost]Murkrow||Eviolite|Prankster|FoulPlay,Haze,Taunt,Tailwind|||F|||50|,,,,,Steel]Incineroar||SafetyGoggles|Intimidate|PartingShot,KnockOff,FlareBlitz,FakeOut|||F|||50|,,,,,Ghost]Sinistcha||SitrusBerry|Hospitality|MatchaGotcha,StrengthSap,RagePowder,TrickRoom||||||50|,,,,,Water]Gholdengo||LifeOrb|GoodasGold|Protect,MakeItRain,ShadowBall,NastyPlot||||||50|,,,,,Dragon]Ninetales-Alola||LightClay|SnowWarning|Protect,Moonblast,Blizzard,AuroraVeil|||F|||50|,,,,,Water
|inactive|Battle timer is ON: inactive players will automatically lose when time's up. (requested by JNEST)
|inactive|ChefHoe has 60 seconds left.
|
|t:|1756248863
|teamsize|p1|4
|teamsize|p2|4
|start
|switch|p1a: Weezing|Weezing, L50, M|100/100
|switch|p1b: Ursaluna|Ursaluna-Bloodmoon, L50, M|100/100
|switch|p2a: Incineroar|Incineroar, L50, F|100/100
|switch|p2b: Gholdengo|Gholdengo, L50|100/100
|-ability|p1a: Weezing|Neutralizing Gas
|turn|1
|inactive|ChefHoe has 30 seconds left.
|
|t:|1756248889
|switch|p1b: Incineroar|Incineroar, L50, M|100/100
|-ability|p1b: Incineroar|Intimidate|boost
|-unboost|p2a: Incineroar|atk|1
|-unboost|p2b: Gholdengo|atk|1
|move|p1a: Weezing|Protect|p1a: Weezing
|-singleturn|p1a: Weezing|Protect
|move|p2a: Incineroar|Fake Out|p1b: Incineroar
|-damage|p1b: Incineroar|94/100
|move|p2b: Gholdengo|Nasty Plot|p2b: Gholdengo
|-boost|p2b: Gholdengo|spa|2
|
|upkeep
|turn|2
|inactive|ChefHoe has 30 seconds left.
|inactive|ChefHoe has 20 seconds left.
|inactive|ChefHoe has 15 seconds left.
|inactive|ChefHoe has 10 seconds left.
|
|t:|1756248936
|move|p1a: Weezing|Protect|p1a: Weezing
|-singleturn|p1a: Weezing|Protect
|move|p2b: Gholdengo|Make It Rain|p1b: Incineroar|[spread] p1b
|-activate|p1a: Weezing|move: Protect
|-resisted|p1b: Incineroar
|-damage|p1b: Incineroar|33/100
|-unboost|p2b: Gholdengo|spa|1
|-damage|p2b: Gholdengo|91/100|[from] item: Life Orb
|move|p1b: Incineroar|Knock Off|p2b: Gholdengo
|-supereffective|p2b: Gholdengo
|-damage|p2b: Gholdengo|0 fnt
|-enditem|p2b: Gholdengo|Life Orb|[from] move: Knock Off|[of] p1b: Incineroar
|faint|p2b: Gholdengo
|move|p2a: Incineroar|Knock Off|p1a: Weezing
|-activate|p1a: Weezing|move: Protect
|
|upkeep
|
|t:|1756248953
|switch|p2b: Ursaluna|Ursaluna, L50, M|100/100
|turn|3
|
|t:|1756248974
|-terastallize|p1a: Weezing|Ghost
|move|p2b: Ursaluna|Protect|p2b: Ursaluna
|-singleturn|p2b: Ursaluna|Protect
|move|p1b: Incineroar|Parting Shot|p2b: Ursaluna
|-activate|p2b: Ursaluna|move: Protect
|move|p1a: Weezing|Taunt|p2b: Ursaluna
|-activate|p2b: Ursaluna|move: Protect
|move|p2a: Incineroar|Knock Off|p1a: Weezing
|-supereffective|p1a: Weezing
|-damage|p1a: Weezing|55/100
|-enditem|p1a: Weezing|Sitrus Berry|[from] move: Knock Off|[of] p2a: Incineroar
|
|-status|p2b: Ursaluna|brn|[from] item: Flame Orb
|upkeep
|turn|4
|inactive|ChefHoe has 30 seconds left.
|
|t:|1756249006
|switch|p2b: Ninetales|Ninetales-Alola, L50, F|100/100
|move|p1a: Weezing|Protect|p1a: Weezing
|-singleturn|p1a: Weezing|Protect
|move|p1b: Incineroar|Parting Shot|p2b: Ninetales
|-unboost|p2b: Ninetales|atk|1
|-unboost|p2b: Ninetales|spa|1
|
|t:|1756249013
|switch|p1b: Tyranitar|Tyranitar, L50, M|100/100|[from] Parting Shot
|move|p2a: Incineroar|Parting Shot|p1b: Tyranitar
|-unboost|p1b: Tyranitar|atk|1
|-unboost|p1b: Tyranitar|spa|1
|
|t:|1756249019
|switch|p2a: Ursaluna|Ursaluna, L50, M|100/100 brn|[from] Parting Shot
|
|-damage|p2a: Ursaluna|95/100 brn|[from] brn
|upkeep
|turn|5
|
|t:|1756249043
|switch|p1b: Incineroar|Incineroar, L50, M|33/100
|-ability|p1b: Incineroar|Intimidate|boost
|-unboost|p2a: Ursaluna|atk|1
|-unboost|p2b: Ninetales|atk|1
|move|p2b: Ninetales|Moonblast|p1b: Incineroar
|-damage|p1b: Incineroar|15/100
|move|p2a: Ursaluna|Headlong Rush|p1b: Incineroar
|-supereffective|p1b: Incineroar
|-damage|p1b: Incineroar|0 fnt
|-unboost|p2a: Ursaluna|def|1
|-unboost|p2a: Ursaluna|spd|1
|faint|p1b: Incineroar
|move|p1a: Weezing|Sludge Bomb|p2b: Ninetales
|-supereffective|p2b: Ninetales
|-damage|p2b: Ninetales|47/100
|
|-damage|p2a: Ursaluna|89/100 brn|[from] brn
|upkeep
|
|t:|1756249059
|switch|p1b: Tyranitar|Tyranitar, L50, M|100/100
|turn|6
|
|t:|1756249074
|switch|p2a: Incineroar|Incineroar, L50, F|100/100
|-end|p1a: Weezing|ability: Neutralizing Gas
|-weather|Snowscape|[from] ability: Snow Warning|[of] p2b: Ninetales
|-weather|Sandstorm|[from] ability: Sand Stream|[of] p1b: Tyranitar
|-ability|p2a: Incineroar|Intimidate|boost
|-unboost|p1a: Weezing|atk|1
|-unboost|p1b: Tyranitar|atk|1
|switch|p1a: Ursaluna|Ursaluna-Bloodmoon, L50, M|100/100
|move|p2b: Ninetales|Protect|p2b: Ninetales
|-singleturn|p2b: Ninetales|Protect
|move|p1b: Tyranitar|Rock Slide|p2a: Incineroar|[spread] p2a
|-activate|p2b: Ninetales|move: Protect
|-supereffective|p2a: Incineroar
|-damage|p2a: Incineroar|66/100
|
|-weather|Sandstorm|[upkeep]
|-damage|p2b: Ninetales|41/100|[from] Sandstorm
|upkeep
|turn|7
|inactive|ChefHoe has 30 seconds left.
|
|t:|1756249102
|switch|p2b: Ursaluna|Ursaluna, L50, M|89/100 brn
|move|p1b: Tyranitar|Rock Slide|p2a: Incineroar|[spread] p2a,p2b
|-supereffective|p2a: Incineroar
|-resisted|p2b: Ursaluna
|-damage|p2a: Incineroar|27/100
|-damage|p2b: Ursaluna|80/100 brn
|move|p1a: Ursaluna|Hyper Voice|p2b: Ursaluna|[spread] p2a,p2b
|-damage|p2a: Incineroar|0 fnt
|-damage|p2b: Ursaluna|32/100 brn
|faint|p2a: Incineroar
|-damage|p1a: Ursaluna|91/100|[from] item: Life Orb
|
|-weather|Sandstorm|[upkeep]
|-damage|p2b: Ursaluna|26/100 brn|[from] brn
|upkeep
|
|t:|1756249115
|switch|p2a: Ninetales|Ninetales-Alola, L50, F|41/100
|-weather|Snowscape|[from] ability: Snow Warning|[of] p2a: Ninetales
|turn|8
|
|t:|1756249125
|switch|p1a: Weezing|Weezing, L50, M, tera:Ghost|55/100
|-ability|p1a: Weezing|Neutralizing Gas
|move|p2a: Ninetales|Blizzard|p1b: Tyranitar|[spread] p1a,p1b
|-crit|p1b: Tyranitar
|-damage|p1a: Weezing|34/100
|-damage|p1b: Tyranitar|78/100
|move|p1b: Tyranitar|Rock Slide|p2a: Ninetales|[spread] p2a,p2b
|-supereffective|p2a: Ninetales
|-resisted|p2b: Ursaluna
|-damage|p2a: Ninetales|7/100
|-damage|p2b: Ursaluna|18/100 brn
|move|p2b: Ursaluna|Headlong Rush|p1b: Tyranitar
|-supereffective|p1b: Tyranitar
|-damage|p1b: Tyranitar|10/100
|-unboost|p2b: Ursaluna|def|1
|-unboost|p2b: Ursaluna|spd|1
|
|-weather|Snowscape|[upkeep]
|-damage|p2b: Ursaluna|12/100 brn|[from] brn
|upkeep
|turn|9
|
|t:|1756249147
|move|p2a: Ninetales|Blizzard|p1a: Weezing|[spread] p1a,p1b
|-damage|p1a: Weezing|10/100
|-damage|p1b: Tyranitar|0 fnt
|faint|p1b: Tyranitar
|move|p2b: Ursaluna|Headlong Rush|p1a: Weezing
|-damage|p1a: Weezing|0 fnt
|-unboost|p2b: Ursaluna|def|1
|-unboost|p2b: Ursaluna|spd|1
|faint|p1a: Weezing
|-end|p1a: Weezing|ability: Neutralizing Gas
|
|-weather|Snowscape|[upkeep]
|-damage|p2b: Ursaluna|6/100 brn|[from] brn
|upkeep
|
|t:|1756249154
|switch|p1b: Ursaluna|Ursaluna-Bloodmoon, L50, M|91/100
|turn|10
|inactive|ChefHoe has 30 seconds left.
|inactive|ChefHoe has 20 seconds left.
|inactive|ChefHoe has 15 seconds left.
|inactive|ChefHoe has 10 seconds left.
|inactive|ChefHoe has 5 seconds left.
|
|t:|1756249207
|move|p2a: Ninetales|Blizzard|p1b: Ursaluna
|-supereffective|p1b: Ursaluna
|-damage|p1b: Ursaluna|7/100
|-status|p1b: Ursaluna|frz
|-curestatus|p1b: Ursaluna|frz|[msg]
|move|p1b: Ursaluna|Hyper Voice|p2b: Ursaluna|[spread] p2a,p2b
|-damage|p2a: Ninetales|0 fnt
|-damage|p2b: Ursaluna|0 fnt
|faint|p2a: Ninetales
|faint|p2b: Ursaluna
|-damage|p1b: Ursaluna|0 fnt|[from] item: Life Orb
|faint|p1b: Ursaluna
|
|win|JNEST
|raw|JNEST's rating: 1133 → 1156(+23 for winning)
|raw|ChefHoe's rating: 1107 → 1084(-23 for losing)
