|j|☆castoriceball
|j|☆AxolVinie
|html|castoriceballAxolVinie    
|uhtml|bestof|Game 1 of a best-of-3
|t:|1785638492
|gametype|doubles
|player|p1|castoriceball|miku-flying|1243
|player|p2|AxolVinie|102|1161
|gen|9
|tier|[Gen 9 Champions] VGC 2026 Reg M-B (Bo3)
|rated|
|rule|Species Clause: Limit one of each Pokémon
|rule|Item Clause: Limit 1 of each item
|clearpoke
|poke|p1|Raichu, L50, M, shiny|
|poke|p1|Mamoswine, L50, F|
|poke|p1|Basculegion, L50, M, shiny|
|poke|p1|Farigiraf, L50, M|
|poke|p1|Sylveon, L50, F|
|poke|p1|Torkoal, L50, M|
|poke|p2|Aerodactyl, L50, M|
|poke|p2|Kingambit, L50, M|
|poke|p2|Sylveon, L50, F|
|poke|p2|Garchomp, L50, M|
|poke|p2|Charizard, L50, F|
|poke|p2|Incineroar, L50, M|
|teampreview|4
|showteam|p1|Raichu||RaichuniteY|LightningRod|ZapCannon,FocusBlast,FakeOut,Protect|Timid||M|||50|]Mamoswine||LifeOrb|Oblivious|IcicleCrash,HighHorsepower,IceShard,Protect|Adamant||F|||50|]Basculegion||ChoiceScarf|Adaptability|LastRespects,WaveCrash,AquaJet,FlipTurn|Jolly||M|||50|]Farigiraf||SitrusBerry|ArmorTail|Psychic,HelpingHand,TrickRoom,Protect|Bold||M|||50|]Sylveon||FairyFeather|Pixilate|HyperVoice,QuickAttack,HyperBeam,Detect|Modest||F|||50|]Torkoal||Charcoal|Drought|Eruption,WeatherBall,SolarBeam,Protect|Quiet||M|||50|
|showteam|p2|Aerodactyl||Aerodactylite|Unnerve|RockSlide,IceFang,Tailwind,WideGuard|Jolly||M|||50|]Kingambit||FocusSash|Defiant|KowtowCleave,SuckerPunch,IronHead,Protect|Adamant||M|||50|]Sylveon||FairyFeather|Pixilate|Detect,HyperVoice,HyperBeam,QuickAttack|Modest||F|||50|]Garchomp||LifeOrb|RoughSkin|Earthquake,DragonClaw,StompingTantrum,Protect|Jolly||M|||50|]Charizard||CharizarditeY|Blaze|Protect,HeatWave,SolarBeam,WeatherBall|Modest||F|||50|]Incineroar||SitrusBerry|Intimidate|DarkestLariat,FlareBlitz,FakeOut,PartingShot|Impish||M|||50|
|
|t:|1785638531
|teamsize|p1|4
|teamsize|p2|4
|start
|switch|p1a: WHYYCHU|Raichu, L50, M, shiny|100/100
|switch|p1b: Farigiraf|Farigiraf, L50, M|100/100
|switch|p2a: Kingambit|Kingambit, L50, M|100/100
|switch|p2b: Aerodactyl|Aerodactyl, L50, M|100/100
|-ability|p2b: Aerodactyl|Unnerve
|turn|1
|
|t:|1785638549
|detailschange|p2b: Aerodactyl|Aerodactyl-Mega, L50, M
|-mega|p2b: Aerodactyl|Aerodactyl|Aerodactylite
|move|p1a: WHYYCHU|Fake Out|p2a: Kingambit
|-resisted|p2a: Kingambit|1
|-damage|p2a: Kingambit|96/100
|move|p2b: Aerodactyl|Rock Slide|p1a: WHYYCHU|[spread] p1a,p1b
|-damage|p1a: WHYYCHU|63/100
|-damage|p1b: Farigiraf|82/100
|cant|p2a: Kingambit|flinch
|cant|p1b: Farigiraf|flinch
|
|upkeep
|turn|2
|
|t:|1785638565
|detailschange|p1a: WHYYCHU|Raichu-Mega-Y, L50, M, shiny
|-mega|p1a: WHYYCHU|Raichu|Raichunite Y
|move|p2a: Kingambit|Sucker Punch||[still]
|cant|p1b: Farigiraf|ability: Armor Tail|Sucker Punch|[of] p2a: Kingambit
|move|p2b: Aerodactyl|Rock Slide|p1a: WHYYCHU|[spread] p1a,p1b
|-damage|p1a: WHYYCHU|25/100
|-damage|p1b: Farigiraf|64/100
|move|p1a: WHYYCHU|Focus Blast|p2a: Kingambit
|-supereffective|p2a: Kingambit|2
|-damage|p2a: Kingambit|0 fnt
|faint|p2a: Kingambit
|move|p1b: Farigiraf|Trick Room|p1b: Farigiraf
|-fieldstart|move: Trick Room|[of] p1b: Farigiraf
|
|upkeep
|
|t:|1785638572
|switch|p2a: Incineroar|Incineroar, L50, M|100/100
|-ability|p2a: Incineroar|Intimidate|boost
|-unboost|p1a: WHYYCHU|atk|1
|-unboost|p1b: Farigiraf|atk|1
|turn|3
|
|t:|1785638584
|switch|p2b: Garchomp|Garchomp, L50, M|100/100
|move|p1b: Farigiraf|Protect|p1b: Farigiraf
|-singleturn|p1b: Farigiraf|Protect
|move|p2a: Incineroar|Flare Blitz|p1a: WHYYCHU
|-damage|p1a: WHYYCHU|0 fnt
|faint|p1a: WHYYCHU
|-damage|p2a: Incineroar|93/100|[from] Recoil
|
|upkeep
|
|t:|1785638592
|switch|p1a: Sylveon|Sylveon, L50, F|100/100
|turn|4
|
|t:|1785638601
|move|p1b: Farigiraf|Helping Hand|p1a: Sylveon
|-singleturn|p1a: Sylveon|Helping Hand|[of] p1b: Farigiraf
|move|p2b: Garchomp|Protect|p2b: Garchomp
|-singleturn|p2b: Garchomp|Protect
|move|p2a: Incineroar|Flare Blitz|p1a: Sylveon
|-damage|p1a: Sylveon|50/100g
|-damage|p2a: Incineroar|78/100|[from] Recoil
|move|p1a: Sylveon|Hyper Voice|p2a: Incineroar|[spread] p2a
|-activate|p2b: Garchomp|move: Protect
|-damage|p2a: Incineroar|10/100
|-enditem|p2a: Incineroar|Sitrus Berry|[eat]
|-heal|p2a: Incineroar|35/100|[from] item: Sitrus Berry
|
|upkeep
|turn|5
|
|t:|1785638614
|switch|p2b: Aerodactyl|Aerodactyl-Mega, L50, M|100/100
|move|p1b: Farigiraf|Helping Hand|p1a: Sylveon
|-singleturn|p1a: Sylveon|Helping Hand|[of] p1b: Farigiraf
|move|p2a: Incineroar|Flare Blitz|p1a: Sylveon
|-damage|p1a: Sylveon|1/100
|-damage|p2a: Incineroar|20/100y|[from] Recoil
|move|p1a: Sylveon|Hyper Voice|p2b: Aerodactyl|[spread] p2a,p2b
|-crit|p2a: Incineroar
|-damage|p2a: Incineroar|0 fnt
|-damage|p2b: Aerodactyl|24/100
|faint|p2a: Incineroar
|
|upkeep
|
|t:|1785638623
|switch|p2a: Garchomp|Garchomp, L50, M|100/100
|turn|6
|
|t:|1785638630
|switch|p1b: Torkoal|Torkoal, L50, M|100/100
|-weather|SunnyDay|[from] ability: Drought|[of] p1b: Torkoal
|move|p2a: Garchomp|Protect|p2a: Garchomp
|-singleturn|p2a: Garchomp|Protect
|move|p1a: Sylveon|Hyper Voice|p2a: Garchomp|[spread] p2b
|-activate|p2a: Garchomp|move: Protect
|-damage|p2b: Aerodactyl|0 fnt
|faint|p2b: Aerodactyl
|
|-weather|SunnyDay|[upkeep]
|-fieldend|move: Trick Room
|upkeep
|turn|7
|
|t:|1785638646
|move|p2a: Garchomp|Earthquake|p1a: Sylveon|[spread] p1a,p1b
|-supereffective|p1b: Torkoal|1
|-damage|p1a: Sylveon|0 fnt
|-damage|p1b: Torkoal|16/100
|faint|p1a: Sylveon
|-damage|p2a: Garchomp|90/100|[from] item: Life Orb
|move|p1b: Torkoal|Eruption|p2a: Garchomp
|-resisted|p2a: Garchomp|1
|-damage|p2a: Garchomp|79/100
|
|-weather|SunnyDay|[upkeep]
|upkeep
|
|t:|1785638648
|switch|p1a: Farigiraf|Farigiraf, L50, M|64/100
|turn|8
|
|t:|1785638662
|move|p1b: Torkoal|Protect|p1b: Torkoal
|-singleturn|p1b: Torkoal|Protect
|move|p2a: Garchomp|Earthquake|p1b: Torkoal|[spread] p1a
|-activate|p1b: Torkoal|move: Protect
|-damage|p1a: Farigiraf|31/100
|-enditem|p1a: Farigiraf|Sitrus Berry|[eat]
|-heal|p1a: Farigiraf|55/100|[from] item: Sitrus Berry
|-damage|p2a: Garchomp|69/100|[from] item: Life Orb
|move|p1a: Farigiraf|Trick Room|p1a: Farigiraf
|-fieldstart|move: Trick Room|[of] p1a: Farigiraf
|
|-weather|SunnyDay|[upkeep]
|upkeep
|turn|9
|
|t:|1785638676
|move|p2a: Garchomp|Protect|p2a: Garchomp
|-singleturn|p2a: Garchomp|Protect
|move|p1b: Torkoal|Solar Beam||[still]
|-prepare|p1b: Torkoal|Solar Beam
|-anim|p1b: Torkoal|Solar Beam|p2a: Garchomp
|-activate|p2a: Garchomp|move: Protect
|move|p1a: Farigiraf|Psychic|p2a: Garchomp
|-activate|p2a: Garchomp|move: Protect
|
|-weather|SunnyDay|[upkeep]
|upkeep
|turn|10
|
|t:|1785638681
|move|p1b: Torkoal|Solar Beam||[still]
|-prepare|p1b: Torkoal|Solar Beam
|-anim|p1b: Torkoal|Solar Beam|p2a: Garchomp
|-damage|p2a: Garchomp|33/100
|move|p1a: Farigiraf|Psychic|p2a: Garchomp
|-damage|p2a: Garchomp|0 fnt
|faint|p2a: Garchomp
|
|win|castoriceball
||castoriceball is ready for game 2.
|l|☆AxolVinie
|player|p2|
||AxolVinie is ready for game 2.
|uhtml|next|Next: Game 2 of 3
