|j|☆pokeplaygg
|j|☆lakaka siuuu
|html|pokeplaygglakaka siuuu    
|uhtml|bestof|Game 3 of a best-of-3
|t:|1782443675
|gametype|doubles
|player|p1|pokeplaygg|169|1462
|player|p2|lakaka siuuu|expert-gen6|1349
|gen|9
|tier|[Gen 9 Champions] VGC 2026 Reg M-B (Bo3)
|rated|
|rule|Species Clause: Limit one of each Pokémon
|rule|Item Clause: Limit 1 of each item
|clearpoke
|poke|p1|Pelipper, L50, F|
|poke|p1|Archaludon, L50, F|
|poke|p1|Swampert, L50, M|
|poke|p1|Sinistcha, L50|
|poke|p1|Venusaur, L50, M|
|poke|p1|Aerodactyl, L50, F|
|poke|p2|Floette-Eternal, L50, F|
|poke|p2|Sinistcha, L50|
|poke|p2|Incineroar, L50, M|
|poke|p2|Delphox, L50, M|
|poke|p2|Kingambit, L50, M|
|poke|p2|Sneasler, L50, M|
|teampreview|4
|showteam|p1|Pelipper||LifeOrb|Drizzle|Protect,Hurricane,MuddyWater,Tailwind|Modest||F|||50|]Archaludon||Leftovers|Stamina|Protect,ElectroShot,DracoMeteor,FlashCannon|Modest||F|||50|]Swampert||Swampertite|Torrent|Protect,WaveCrash,Earthquake,IcePunch|Adamant||M|||50|]Sinistcha||BrightPowder|Hospitality|TrickRoom,LifeDew,MatchaGotcha,RagePowder|Bold|||||50|]Venusaur||Venusaurite|Chlorophyll|Protect,SleepPowder,SludgeBomb,EarthPower|Modest||M|||50|]Aerodactyl||FocusSash|Unnerve|Protect,Tailwind,RockSlide,DualWingbeat|Jolly||F|||50|
|showteam|p2|Floette-Eternal||Floettite|FlowerVeil|Moonblast,DazzlingGleam,CalmMind,Protect|Modest||F|||50|]Sinistcha||ColburBerry|Hospitality|MatchaGotcha,RagePowder,Protect,TrickRoom|Bold|||||50|]Incineroar||SitrusBerry|Intimidate|FlareBlitz,PartingShot,FakeOut,HelpingHand|Careful||M|||50|]Delphox||Delphoxite|Blaze|HeatWave,Psyshock,NastyPlot,Protect|Timid||M|||50|]Kingambit||BlackGlasses|Defiant|KowtowCleave,SuckerPunch,SwordsDance,Protect|Adamant||M|||50|]Sneasler||FocusSash|Unburden|CloseCombat,DireClaw,FakeOut,QuickGuard|Jolly||M|||50|
|inactive|Battle timer is ON: inactive players will automatically lose when time's up. (requested by pokeplaygg)
|
|t:|1782443717
|teamsize|p1|4
|teamsize|p2|4
|start
|switch|p1a: Venusaur|Venusaur, L50, M|100/100
|switch|p1b: Archaludon|Archaludon, L50, F|100/100
|switch|p2a: Floette|Floette-Eternal, L50, F|100/100
|switch|p2b: Gradisce|Incineroar, L50, M|100/100
|-ability|p2b: Gradisce|Intimidate|boost
|-unboost|p1a: Venusaur|atk|1
|-unboost|p1b: Archaludon|atk|1
|turn|1
|
|t:|1782443731
|detailschange|p2a: Floette|Floette-Mega, L50, F
|-mega|p2a: Floette|Floette|Floettite
|-ability|p2a: Floette|Fairy Aura
|move|p1a: Venusaur|Protect|p1a: Venusaur
|-singleturn|p1a: Venusaur|Protect
|move|p2b: Gradisce|Fake Out|p1a: Venusaur
|-activate|p1a: Venusaur|move: Protect
|move|p2a: Floette|Calm Mind|p2a: Floette
|-boost|p2a: Floette|spa|1
|-boost|p2a: Floette|spd|1
|move|p1b: Archaludon|Flash Cannon|p2a: Floette
|-supereffective|p2a: Floette|1
|-damage|p2a: Floette|52/100
|-unboost|p2a: Floette|spd|1
|
|upkeep
|turn|2
|inactive|pokeplaygg has 30 seconds left.
|
|t:|1782443760
|move|p2b: Gradisce|Helping Hand|p2a: Floette
|-singleturn|p2a: Floette|Helping Hand|[of] p2b: Gradisce
|move|p2a: Floette|Dazzling Gleam|p1b: Archaludon|[spread] p1a,p1b
|-resisted|p1a: Venusaur|1
|-damage|p1a: Venusaur|49/100
|-damage|p1b: Archaludon|0 fnt
|faint|p1b: Archaludon
|move|p1a: Venusaur|Sleep Powder|p2b: Gradisce
|-status|p2b: Gradisce|slp|[from] move: Sleep Powder
|
|upkeep
|
|t:|1782443772
|switch|p1b: Swampert|Swampert, L50, M|100/100
|turn|3
|
|t:|1782443788
|switch|p2b: Il Conto?|Sinistcha, L50|100/100
|-heal|p2a: Floette|76/100|[from] ability: Hospitality|[of] p2b: Il Conto?
|detailschange|p1b: Swampert|Swampert-Mega, L50, M
|-mega|p1b: Swampert|Swampert|Swampertite
|move|p2a: Floette|Protect|p2a: Floette
|-singleturn|p2a: Floette|Protect
|move|p1b: Swampert|Ice Punch|p2b: Il Conto?
|-supereffective|p2b: Il Conto?|1
|-damage|p2b: Il Conto?|42/100
|-status|p2b: Il Conto?|frz
|move|p1a: Venusaur|Sludge Bomb|p2b: Il Conto?
|-damage|p2b: Il Conto?|1/100 frz
|
|upkeep
|turn|4
|
|t:|1782443811
|switch|p1a: Pelipper|Pelipper, L50, F|100/100
|-weather|RainDance|[from] ability: Drizzle|[of] p1a: Pelipper
|switch|p2b: Gradisce|Incineroar, L50, M|100/100 slp
|-ability|p2b: Gradisce|Intimidate|boost
|-unboost|p1a: Pelipper|atk|1
|-unboost|p1b: Swampert|atk|1
|move|p1b: Swampert|Wave Crash|p2a: Floette
|-damage|p2a: Floette|0 fnt
|faint|p2a: Floette
|-damage|p1b: Swampert|75/100|[from] Recoil
|
|-weather|RainDance|[upkeep]
|upkeep
|c|☆lakaka siuuu|shit game
|
|t:|1782443830
|switch|p2a: Apache Kid|Kingambit, L50, M|100/100
|turn|5
|
|t:|1782443838
|cant|p2b: Gradisce|slp
|move|p1b: Swampert|Earthquake|p2a: Apache Kid|[spread] p2a,p2b
|-immune|p1a: Pelipper
|-supereffective|p2a: Apache Kid|1
|-supereffective|p2b: Gradisce|1
|-damage|p2a: Apache Kid|55/100
|-damage|p2b: Gradisce|48/100 slp
|-enditem|p2b: Gradisce|Sitrus Berry|[eat]
|-heal|p2b: Gradisce|73/100 slp|[from] item: Sitrus Berry
|move|p1a: Pelipper|Muddy Water|p2b: Gradisce|[spread] p2a,p2b
|-supereffective|p2b: Gradisce|1
|-damage|p2a: Apache Kid|0 fnt
|-damage|p2b: Gradisce|0 fnt
|faint|p2a: Apache Kid
|faint|p2b: Gradisce
|-damage|p1a: Pelipper|90/100|[from] item: Life Orb
|
|-weather|RainDance|[upkeep]
|upkeep
|-message|lakaka siuuu forfeited.
|
|win|pokeplaygg
|raw|pokeplaygg's rating: 1462 → 1476(+14 for winning)
|raw|lakaka siuuu's rating: 1349 → 1335(-14 for losing)
