|j|☆edwarthdf
|j|☆yamperfan
|html|edwarthdfyamperfan    
|uhtml|bestof|Game 2 of a best-of-3
|t:|1756255773
|gametype|doubles
|player|p1|edwarthdf|acetrainer-gen4dp|1121
|player|p2|yamperfan|milo|1141
|gen|9
|tier|[Gen 9] VGC 2025 Reg H (Bo3)
|rated|
|rule|Species Clause: Limit one of each Pokémon
|rule|Item Clause: Limit 1 of each item
|clearpoke
|poke|p1|Gholdengo, L50|
|poke|p1|Sneasler, L50, F|
|poke|p1|Rillaboom, L50, M|
|poke|p1|Ninetales-Alola, L50, F|
|poke|p1|Dragonite, L50, M|
|poke|p1|Arcanine-Hisui, L50, M|
|poke|p2|Volcarona, L50, F|
|poke|p2|Electabuzz, L50, M|
|poke|p2|Rillaboom, L50, F|
|poke|p2|Primarina, L50, F|
|poke|p2|Sneasler, L50, F|
|poke|p2|Kingambit, L50, F|
|teampreview|4
|showteam|p1|Gholdengo||GrassySeed|GoodasGold|NastyPlot,MakeItRain,ShadowBall,Protect||||||50|,,,,,Water]Sneasler||WhiteHerb|Unburden|CloseCombat,DireClaw,Coaching,Protect|||F|||50|,,,,,Ghost]Rillaboom||AssaultVest|GrassySurge|FakeOut,GrassyGlide,DrumBeating,HighHorsepower|||M|||50|,,,,,Fire]Ninetales-Alola||FocusSash|SnowWarning|Blizzard,IcyWind,Encore,AuroraVeil|||F|||50|,,,,,Ghost]Dragonite||LoadedDice|Multiscale|ScaleShot,Haze,Tailwind,Protect|||M|||50|,,,,,Fairy]Arcanine-Hisui||ClearAmulet|Intimidate|RockSlide,FlareBlitz,ExtremeSpeed,Protect|||M|||50|,,,,,Water
|showteam|p2|Volcarona||CovertCloak|FlameBody|Flamethrower,TeraBlast,QuiverDance,Protect|||F|||50|,,,,,Fairy]Electabuzz||Eviolite|VitalSpirit|FollowMe,Taunt,Electroweb,Protect|||M|||50|,,,,,Dragon]Rillaboom||AssaultVest|GrassySurge|FakeOut,GrassyGlide,WoodHammer,Uturn|||F|||50|,,,,,Fire]Primarina||MysticWater|LiquidVoice|HyperVoice,Moonblast,Haze,Protect|||F|||50|,,,,,Poison]Sneasler||GrassySeed|Unburden|CloseCombat,DireClaw,ThroatChop,Protect|||F|||50|,,,,,Dark]Kingambit||BlackGlasses|Defiant|KowtowCleave,SuckerPunch,SwordsDance,Protect|||F|||50|,,,,,Dark
|inactive|Battle timer is ON: inactive players will automatically lose when time's up. (requested by yamperfan)
|c|☆yamperfan|glhf
|
|t:|1756255824
|teamsize|p1|4
|teamsize|p2|4
|start
|switch|p1a: Ninetales|Ninetales-Alola, L50, F, shiny|100/100
|switch|p1b: Arcanine|Arcanine-Hisui, L50, M, shiny|100/100
|switch|p2a: Electabuzz|Electabuzz, L50, M, shiny|100/100
|switch|p2b: Slay Queen|Kingambit, L50, F, shiny|100/100
|-weather|Snowscape|[from] ability: Snow Warning|[of] p1a: Ninetales
|-ability|p1b: Arcanine|Intimidate|boost
|-unboost|p2a: Electabuzz|atk|1
|-unboost|p2b: Slay Queen|atk|1
|-ability|p2b: Slay Queen|Defiant|boost
|-boost|p2b: Slay Queen|atk|2
|turn|1
|inactive|edwarthdf has 30 seconds left.
|inactive|yamperfan has 30 seconds left.
|
|t:|1756255856
|move|p2a: Electabuzz|Follow Me|p2a: Electabuzz
|-singleturn|p2a: Electabuzz|move: Follow Me
|move|p1a: Ninetales|Aurora Veil|p1a: Ninetales
|-sidestart|p1: edwarthdf|move: Aurora Veil
|move|p1b: Arcanine|Flare Blitz|p2a: Electabuzz
|-damage|p2a: Electabuzz|44/100
|-damage|p1b: Arcanine|83/100|[from] Recoil
|move|p2b: Slay Queen|Swords Dance|p2b: Slay Queen
|-boost|p2b: Slay Queen|atk|2
|
|-weather|Snowscape|[upkeep]
|upkeep
|turn|2
|inactive|edwarthdf has 30 seconds left.
|
|t:|1756255881
|move|p2b: Slay Queen|Protect|p2b: Slay Queen
|-singleturn|p2b: Slay Queen|Protect
|move|p1a: Ninetales|Encore|p2b: Slay Queen
|-activate|p2b: Slay Queen|move: Protect
|move|p1b: Arcanine|Rock Slide|p2a: Electabuzz|[spread] 
|-activate|p2b: Slay Queen|move: Protect
|-miss|p1b: Arcanine|p2a: Electabuzz
|move|p2a: Electabuzz|Electroweb|p1a: Ninetales|[spread] p1a,p1b
|-damage|p1a: Ninetales|89/100
|-damage|p1b: Arcanine|70/100
|-unboost|p1a: Ninetales|spe|1
|
|-weather|Snowscape|[upkeep]
|upkeep
|turn|3
|inactive|edwarthdf has 30 seconds left.
|
|t:|1756255916
|switch|p1b: Dragonite|Dragonite, L50, M, shiny|100/100
|move|p2a: Electabuzz|Protect|p2a: Electabuzz
|-singleturn|p2a: Electabuzz|Protect
|move|p2b: Slay Queen|Sucker Punch||[still]
|-fail|p2b: Slay Queen
|move|p1a: Ninetales|Blizzard|p2a: Electabuzz|[spread] p2b
|-activate|p2a: Electabuzz|move: Protect
|-resisted|p2b: Slay Queen
|-damage|p2b: Slay Queen|86/100
|
|-weather|Snowscape|[upkeep]
|upkeep
|turn|4
|
|t:|1756255939
|move|p2a: Electabuzz|Electroweb|p1a: Ninetales|[spread] p1a,p1b
|-damage|p1a: Ninetales|78/100
|-damage|p1b: Dragonite|96/100
|-unboost|p1a: Ninetales|spe|1
|-unboost|p1b: Dragonite|spe|1
|move|p1a: Ninetales|Blizzard|p2a: Electabuzz|[spread] p2a,p2b
|-resisted|p2b: Slay Queen
|-damage|p2a: Electabuzz|21/100
|-damage|p2b: Slay Queen|72/100
|move|p1b: Dragonite|Haze|p1b: Dragonite
|-clearallboost
|move|p2b: Slay Queen|Kowtow Cleave|p1b: Dragonite
|-damage|p1b: Dragonite|51/100
|
|-weather|Snowscape|[upkeep]
|upkeep
|turn|5
|inactive|edwarthdf has 30 seconds left.
|
|t:|1756255964
|move|p2b: Slay Queen|Sucker Punch|p1b: Dragonite
|-damage|p1b: Dragonite|16/100
|move|p1a: Ninetales|Encore|p2b: Slay Queen
|-start|p2b: Slay Queen|Encore
|move|p2a: Electabuzz|Electroweb|p1b: Dragonite|[spread] p1a,p1b
|-damage|p1a: Ninetales|67/100
|-damage|p1b: Dragonite|6/100
|-unboost|p1a: Ninetales|spe|1
|-unboost|p1b: Dragonite|spe|1
|move|p1b: Dragonite|Scale Shot|p2b: Slay Queen
|-resisted|p2b: Slay Queen
|-damage|p2b: Slay Queen|66/100
|-resisted|p2b: Slay Queen
|-damage|p2b: Slay Queen|61/100
|-resisted|p2b: Slay Queen
|-damage|p2b: Slay Queen|56/100
|-resisted|p2b: Slay Queen
|-damage|p2b: Slay Queen|51/100
|-resisted|p2b: Slay Queen
|-damage|p2b: Slay Queen|46/100
|-hitcount|p2b: Slay Queen|5
|-unboost|p1b: Dragonite|def|1
|-boost|p1b: Dragonite|spe|1
|
|-weather|none
|-sideend|p1: edwarthdf|move: Aurora Veil
|upkeep
|turn|6
|inactive|edwarthdf has 30 seconds left.
|inactive|edwarthdf has 20 seconds left.
|
|t:|1756256001
|switch|p1a: Sneasler|Sneasler, L50, F|100/100
|move|p1b: Dragonite|Protect|p1b: Dragonite
|-singleturn|p1b: Dragonite|Protect
|move|p2b: Slay Queen|Sucker Punch||[still]
|-fail|p2b: Slay Queen
|move|p2a: Electabuzz|Electroweb|p1a: Sneasler|[spread] p1a
|-activate|p1b: Dragonite|move: Protect
|-crit|p1a: Sneasler
|-damage|p1a: Sneasler|75/100
|-unboost|p1a: Sneasler|spe|1
|-enditem|p1a: Sneasler|White Herb
|-clearnegativeboost|p1a: Sneasler|[silent]
|
|upkeep
|turn|7
|inactive|edwarthdf has 30 seconds left.
|
|t:|1756256027
|move|p2a: Electabuzz|Follow Me|p2a: Electabuzz
|-singleturn|p2a: Electabuzz|move: Follow Me
|move|p2b: Slay Queen|Sucker Punch|p1b: Dragonite
|-damage|p1b: Dragonite|0 fnt
|faint|p1b: Dragonite
|move|p1a: Sneasler|Coaching|p1: Dragonite|[notarget]
|-fail|p1a: Sneasler
|
|upkeep
|
|t:|1756256035
|switch|p1b: Ninetales|Ninetales-Alola, L50, F, shiny|67/100
|-weather|Snowscape|[from] ability: Snow Warning|[of] p1b: Ninetales
|turn|8
|
|t:|1756256048
|move|p1a: Sneasler|Protect|p1a: Sneasler
|-singleturn|p1a: Sneasler|Protect
|move|p2a: Electabuzz|Follow Me|p2a: Electabuzz
|-singleturn|p2a: Electabuzz|move: Follow Me
|move|p2b: Slay Queen|Sucker Punch||[still]
|-fail|p2b: Slay Queen
|move|p1b: Ninetales|Aurora Veil|p1b: Ninetales
|-sidestart|p1: edwarthdf|move: Aurora Veil
|
|-weather|Snowscape|[upkeep]
|-end|p2b: Slay Queen|Encore
|upkeep
|turn|9
|
|t:|1756256068
|move|p2a: Electabuzz|Protect|p2a: Electabuzz
|-singleturn|p2a: Electabuzz|Protect
|move|p2b: Slay Queen|Protect|p2b: Slay Queen
|-singleturn|p2b: Slay Queen|Protect
|move|p1a: Sneasler|Close Combat|p2b: Slay Queen
|-activate|p2b: Slay Queen|move: Protect
|move|p1b: Ninetales|Blizzard|p2b: Slay Queen|[spread] 
|-activate|p2a: Electabuzz|move: Protect
|-activate|p2b: Slay Queen|move: Protect
|
|-weather|Snowscape|[upkeep]
|upkeep
|turn|10
|
|t:|1756256087
|move|p1a: Sneasler|Protect|p1a: Sneasler
|-singleturn|p1a: Sneasler|Protect
|move|p2a: Electabuzz|Follow Me|p2a: Electabuzz
|-singleturn|p2a: Electabuzz|move: Follow Me
|move|p2b: Slay Queen|Sucker Punch||[still]
|-fail|p2b: Slay Queen
|move|p1b: Ninetales|Blizzard|p2b: Slay Queen|[spread] p2a,p2b
|-resisted|p2b: Slay Queen
|-damage|p2a: Electabuzz|0 fnt
|-damage|p2b: Slay Queen|31/100
|faint|p2a: Electabuzz
|
|-weather|Snowscape|[upkeep]
|upkeep
|
|t:|1756256091
|switch|p2a: Sneasler|Sneasler, L50, F|100/100
|turn|11
|inactive|edwarthdf has 30 seconds left.
|
|t:|1756256122
|switch|p2b: Rillaboom|Rillaboom, L50, F|100/100
|-fieldstart|move: Grassy Terrain|[from] ability: Grassy Surge|[of] p2b: Rillaboom
|-enditem|p2a: Sneasler|Grassy Seed
|-boost|p2a: Sneasler|def|1|[from] item: Grassy Seed
|move|p2a: Sneasler|Dire Claw|p1b: Ninetales
|-supereffective|p1b: Ninetales
|-damage|p1b: Ninetales|0 fnt
|faint|p1b: Ninetales
|move|p1a: Sneasler|Close Combat|p2a: Sneasler
|-resisted|p2a: Sneasler
|-damage|p2a: Sneasler|65/100
|-unboost|p1a: Sneasler|def|1
|-unboost|p1a: Sneasler|spd|1
|
|-weather|Snowscape|[upkeep]
|-heal|p2a: Sneasler|70/100|[from] Grassy Terrain
|-heal|p1a: Sneasler|81/100|[from] Grassy Terrain
|upkeep
|
|t:|1756256139
|switch|p1b: Arcanine|Arcanine-Hisui, L50, M, shiny|70/100
|-ability|p1b: Arcanine|Intimidate|boost
|-unboost|p2a: Sneasler|atk|1
|-unboost|p2b: Rillaboom|atk|1
|turn|12
|inactive|yamperfan has 30 seconds left.
|inactive|yamperfan has 20 seconds left.
|inactive|edwarthdf has 30 seconds left.
|inactive|yamperfan has 15 seconds left.
|inactive|yamperfan has 10 seconds left.
|
|t:|1756256187
|-terastallize|p1a: Sneasler|Ghost
|move|p2b: Rillaboom|Fake Out|p1b: Arcanine
|-resisted|p1b: Arcanine
|-damage|p1b: Arcanine|67/100
|move|p2a: Sneasler|Dire Claw|p1a: Sneasler
|-resisted|p1a: Sneasler
|-damage|p1a: Sneasler|61/100
|move|p1a: Sneasler|Dire Claw|p2b: Rillaboom
|-supereffective|p2b: Rillaboom
|-damage|p2b: Rillaboom|18/100
|cant|p1b: Arcanine|flinch
|
|-weather|none
|-heal|p2a: Sneasler|76/100|[from] Grassy Terrain
|-heal|p1a: Sneasler|67/100|[from] Grassy Terrain
|-heal|p1b: Arcanine|72/100|[from] Grassy Terrain
|-heal|p2b: Rillaboom|24/100|[from] Grassy Terrain
|-sideend|p1: edwarthdf|move: Aurora Veil
|upkeep
|turn|13
|inactive|edwarthdf has 30 seconds left.
|inactive|edwarthdf has 20 seconds left.
|inactive|edwarthdf has 15 seconds left.
|
|t:|1756256228
|move|p1b: Arcanine|Protect|p1b: Arcanine
|-singleturn|p1b: Arcanine|Protect
|move|p2b: Rillaboom|Grassy Glide|p1b: Arcanine
|-activate|p1b: Arcanine|move: Protect
|move|p2a: Sneasler|Close Combat|p1b: Arcanine
|-activate|p1b: Arcanine|move: Protect
|move|p1a: Sneasler|Dire Claw|p2b: Rillaboom
|-supereffective|p2b: Rillaboom
|-damage|p2b: Rillaboom|0 fnt
|faint|p2b: Rillaboom
|
|-heal|p2a: Sneasler|82/100|[from] Grassy Terrain
|-heal|p1a: Sneasler|73/100|[from] Grassy Terrain
|-heal|p1b: Arcanine|78/100|[from] Grassy Terrain
|upkeep
|
|t:|1756256236
|switch|p2b: Slay Queen|Kingambit, L50, F, shiny|31/100
|turn|14
|
|t:|1756256257
|move|p1b: Arcanine|Protect||[still]
|-fail|p1b: Arcanine
|move|p2b: Slay Queen|Sucker Punch||[still]
|-fail|p2b: Slay Queen
|move|p2a: Sneasler|Close Combat|p1b: Arcanine
|-supereffective|p1b: Arcanine
|-damage|p1b: Arcanine|0 fnt
|-unboost|p2a: Sneasler|def|1
|-unboost|p2a: Sneasler|spd|1
|faint|p1b: Arcanine
|move|p1a: Sneasler|Coaching|p1: Arcanine|[notarget]
|-fail|p1a: Sneasler
|
|-heal|p2a: Sneasler|88/100|[from] Grassy Terrain
|-heal|p1a: Sneasler|80/100|[from] Grassy Terrain
|-heal|p2b: Slay Queen|37/100|[from] Grassy Terrain
|upkeep
|turn|15
|
|t:|1756256276
|move|p2b: Slay Queen|Sucker Punch|p1a: Sneasler
|-supereffective|p1a: Sneasler
|-damage|p1a: Sneasler|0 fnt
|faint|p1a: Sneasler
|
|win|yamperfan
||yamperfan is ready for game 3.
||edwarthdf is ready for game 3.
|uhtml|next|Next: Game 3 of 3
|l|☆yamperfan
|player|p2|
