|j|☆Cartercaio
|j|☆oxoc
|html|Cartercaiooxoc    
|uhtml|bestof|Game 2 of a best-of-3
|t:|1757810311
|gametype|doubles
|player|p1|Cartercaio|cheren-gen5bw2|1128
|player|p2|oxoc|266|1022
|gen|9
|tier|[Gen 9] VGC 2025 Reg H (Bo3)
|rated|
|rule|Species Clause: Limit one of each Pokémon
|rule|Item Clause: Limit 1 of each item
|clearpoke
|poke|p1|Charizard, L50, M|
|poke|p1|Torkoal, L50, M|
|poke|p1|Porygon2, L50|
|poke|p1|Incineroar, L50, M|
|poke|p1|Jumpluff, L50, M|
|poke|p1|Ursaluna, L50, F|
|poke|p2|Porygon2, L50|
|poke|p2|Incineroar, L50, F|
|poke|p2|Dragonite, L50, F|
|poke|p2|Gholdengo, L50|
|poke|p2|Ursaluna, L50, M|
|poke|p2|Amoonguss, L50, F|
|teampreview|4
|showteam|p1|Charizard||ChoiceSpecs|SolarPower|HeatWave,Overheat,WeatherBall,AirSlash|||M|||50|,,,,,Ghost]Torkoal||EjectPack|Drought|Eruption,Overheat,HelpingHand,Protect|||M|||50|,,,,,Fire]Porygon2||Eviolite|Download|TeraBlast,IceBeam,Recover,TrickRoom||||||50|,,,,,Fighting]Incineroar||SitrusBerry|Intimidate|FlareBlitz,KnockOff,FakeOut,PartingShot|||M|||50|,,,,,Ghost]Jumpluff||CovertCloak|Chlorophyll|SleepPowder,SunnyDay,RagePowder,Tailwind|||M|||50|,,,,,Water]Ursaluna||FlameOrb|Guts|HeadlongRush,Facade,Earthquake,Protect|||F|||50|,,,,,Ghost
|showteam|p2|Porygon2||Eviolite|Download|IceBeam,TeraBlast,TrickRoom,Recover||||||50|,,,,,Fighting]Incineroar||SafetyGoggles|Intimidate|FlareBlitz,KnockOff,FakeOut,PartingShot|||F|||50|,,,,,Ghost]Dragonite||LoadedDice|Multiscale|ScaleShot,Haze,Tailwind,Protect|||F|||50|,,,,,Steel]Gholdengo||LifeOrb|GoodasGold|NastyPlot,Protect,MakeItRain,ShadowBall||||||50|,,,,,Water]Ursaluna||FlameOrb|Guts|HeadlongRush,Facade,Earthquake,Protect|||M|||50|,,,,,Ghost]Amoonguss||SitrusBerry|Regenerator|Spore,PollenPuff,Protect,RagePowder|||F|||50|,,,,,Water
|inactive|Battle timer is ON: inactive players will automatically lose when time's up. (requested by oxoc)
|inactive|Cartercaio has 60 seconds left.
|inactive|oxoc has 60 seconds left.
|
|t:|1757810360
|teamsize|p1|4
|teamsize|p2|4
|start
|switch|p1a: Charizard|Charizard, L50, M|100/100
|switch|p1b: Jumpluff|Jumpluff, L50, M|100/100
|switch|p2a: Amoonguss|Amoonguss, L50, F|100/100
|switch|p2b: Dragonite|Dragonite, L50, F|100/100
|turn|1
|inactive|oxoc has 30 seconds left.
|
|t:|1757810391
|move|p1b: Jumpluff|Sleep Powder|p2a: Amoonguss
|-immune|p2a: Amoonguss
|move|p1a: Charizard|Heat Wave|p2a: Amoonguss|[spread] p2a,p2b
|-supereffective|p2a: Amoonguss
|-resisted|p2b: Dragonite
|-damage|p2a: Amoonguss|21/100
|-damage|p2b: Dragonite|88/100
|-enditem|p2a: Amoonguss|Sitrus Berry|[eat]
|-heal|p2a: Amoonguss|45/100|[from] item: Sitrus Berry
|move|p2b: Dragonite|Scale Shot|p1a: Charizard
|-damage|p1a: Charizard|80/100
|-damage|p1a: Charizard|60/100
|-damage|p1a: Charizard|38/100
|-damage|p1a: Charizard|16/100
|-damage|p1a: Charizard|0 fnt
|faint|p1a: Charizard
|-hitcount|p1: Charizard|5
|-unboost|p2b: Dragonite|def|1
|-boost|p2b: Dragonite|spe|1
|move|p2a: Amoonguss|Spore|p1b: Jumpluff
|-immune|p1b: Jumpluff
|
|upkeep
|
|t:|1757810413
|switch|p1a: Ursaluna|Ursaluna, L50, F|100/100
|turn|2
|inactive|oxoc has 30 seconds left.
|
|t:|1757810443
|move|p1a: Ursaluna|Protect|p1a: Ursaluna
|-singleturn|p1a: Ursaluna|Protect
|move|p2a: Amoonguss|Rage Powder|p2a: Amoonguss
|-singleturn|p2a: Amoonguss|move: Rage Powder
|move|p2b: Dragonite|Scale Shot|p1b: Jumpluff
|-crit|p1b: Jumpluff
|-damage|p1b: Jumpluff|71/100
|-damage|p1b: Jumpluff|52/100
|-damage|p1b: Jumpluff|33/100
|-damage|p1b: Jumpluff|13/100
|-hitcount|p1b: Jumpluff|4
|-unboost|p2b: Dragonite|def|1
|-boost|p2b: Dragonite|spe|1
|move|p1b: Jumpluff|Tailwind|p1b: Jumpluff
|-sidestart|p1: Cartercaio|move: Tailwind
|
|-status|p1a: Ursaluna|brn|[from] item: Flame Orb
|upkeep
|turn|3
|inactive|Cartercaio has 30 seconds left.
|inactive|oxoc has 30 seconds left.
|inactive|Cartercaio has 20 seconds left.
|
|t:|1757810481
|switch|p1b: Porygon2|Porygon2, L50|100/100
|-ability|p1b: Porygon2|Download|boost
|-boost|p1b: Porygon2|atk|1
|move|p2a: Amoonguss|Rage Powder|p2a: Amoonguss
|-singleturn|p2a: Amoonguss|move: Rage Powder
|move|p2b: Dragonite|Scale Shot|p1a: Ursaluna|[miss]
|-miss|p2b: Dragonite|p1a: Ursaluna
|move|p1a: Ursaluna|Facade|p2a: Amoonguss
|-damage|p2a: Amoonguss|0 fnt
|faint|p2a: Amoonguss
|
|-damage|p1a: Ursaluna|95/100 brn|[from] brn
|upkeep
|inactive|oxoc has 30 seconds left.
|
|t:|1757810508
|switch|p2a: Incineroar|Incineroar, L50, F|100/100
|-ability|p2a: Incineroar|Intimidate|boost
|-unboost|p1a: Ursaluna|atk|1
|-unboost|p1b: Porygon2|atk|1
|turn|4
|inactive|Cartercaio has 30 seconds left.
|inactive|oxoc has 30 seconds left.
|inactive|oxoc has 20 seconds left.
|
|t:|1757810545
|-terastallize|p1a: Ursaluna|Ghost
|move|p2a: Incineroar|Fake Out|p1b: Porygon2
|-damage|p1b: Porygon2|94/100
|move|p2b: Dragonite|Scale Shot|p1a: Ursaluna|[miss]
|-miss|p2b: Dragonite|p1a: Ursaluna
|move|p1a: Ursaluna|Headlong Rush|p2a: Incineroar
|-supereffective|p2a: Incineroar
|-damage|p2a: Incineroar|0 fnt
|-unboost|p1a: Ursaluna|def|1
|-unboost|p1a: Ursaluna|spd|1
|faint|p2a: Incineroar
|cant|p1b: Porygon2|flinch
|
|-damage|p1a: Ursaluna|89/100 brn|[from] brn
|upkeep
|
|t:|1757810554
|switch|p2a: Gholdengo|Gholdengo, L50|100/100
|turn|5
|
|t:|1757810572
|switch|p1a: Jumpluff|Jumpluff, L50, M|13/100
|-terastallize|p2a: Gholdengo|Water
|move|p2b: Dragonite|Scale Shot|p1a: Jumpluff
|-damage|p1a: Jumpluff|0 fnt
|faint|p1a: Jumpluff
|-hitcount|p1: Jumpluff|1
|-unboost|p2b: Dragonite|def|1
|-boost|p2b: Dragonite|spe|1
|move|p1b: Porygon2|Ice Beam|p2b: Dragonite
|-supereffective|p2b: Dragonite
|-damage|p2b: Dragonite|0 fnt
|faint|p2b: Dragonite
|move|p2a: Gholdengo|Nasty Plot|p2a: Gholdengo
|-boost|p2a: Gholdengo|spa|2
|
|-sideend|p1: Cartercaio|move: Tailwind
|upkeep
|
|t:|1757810587
|switch|p1a: Ursaluna|Ursaluna, L50, F, tera:Ghost|89/100 brn
|turn|6
|
|t:|1757810609
|move|p1a: Ursaluna|Protect|p1a: Ursaluna
|-singleturn|p1a: Ursaluna|Protect
|move|p2a: Gholdengo|Make It Rain|p1b: Porygon2|[spread] p1b
|-activate|p1a: Ursaluna|move: Protect
|-damage|p1b: Porygon2|23/100
|-unboost|p2a: Gholdengo|spa|1
|-damage|p2a: Gholdengo|91/100|[from] item: Life Orb
|move|p1b: Porygon2|Trick Room|p1b: Porygon2
|-fieldstart|move: Trick Room|[of] p1b: Porygon2
|
|-damage|p1a: Ursaluna|83/100 brn|[from] brn
|upkeep
|turn|7
|
|t:|1757810630
|move|p2a: Gholdengo|Protect|p2a: Gholdengo
|-singleturn|p2a: Gholdengo|Protect
|move|p1b: Porygon2|Tera Blast|p2a: Gholdengo
|-activate|p2a: Gholdengo|move: Protect
|move|p1a: Ursaluna|Facade|p2a: Gholdengo
|-activate|p2a: Gholdengo|move: Protect
|
|-damage|p1a: Ursaluna|77/100 brn|[from] brn
|upkeep
|turn|8
|
|t:|1757810648
|move|p1b: Porygon2|Tera Blast|p2a: Gholdengo
|-damage|p2a: Gholdengo|49/100
|move|p1a: Ursaluna|Facade|p2a: Gholdengo
|-damage|p2a: Gholdengo|0 fnt
|faint|p2a: Gholdengo
|
|win|Cartercaio
|inactive|Cartercaio has 30 seconds to confirm battle start!
|inactive|oxoc has 30 seconds to confirm battle start!
||Cartercaio is ready for game 3.
|l|☆oxoc
|player|p2|
|inactive|oxoc has 20 seconds to confirm battle start!
||oxoc is ready for game 3.
|uhtml|next|Next: Game 3 of 3
