|j|☆Jolteon04
|j|☆DesbrozadorasGoian
|html|Jolteon04DesbrozadorasGoian    
|uhtml|bestof|Game 1 of a best-of-3
|t:|1756403242
|gametype|doubles
|player|p1|Jolteon04|riley|
|player|p2|DesbrozadorasGoian|wattson|
|gen|9
|tier|[Gen 9] VGC 2025 Reg H (Bo3)
|rule|Species Clause: Limit one of each Pokémon
|rule|Item Clause: Limit 1 of each item
|clearpoke
|poke|p1|Vivillon, L50, F|
|poke|p1|Garchomp, L50, M|
|poke|p1|Primarina, L50, F|
|poke|p1|Incineroar, L50, M|
|poke|p1|Porygon2, L50|
|poke|p1|Gholdengo, L50|
|poke|p2|Indeedee, L50, M|
|poke|p2|Sneasler, L50, M|
|poke|p2|Ninetales-Alola, L50, M|
|poke|p2|Basculegion, L50, M|
|poke|p2|Kilowattrel, L50, M|
|poke|p2|Ursaluna-Bloodmoon, L50, M|
|teampreview|4
|showteam|p1|Vivillon||FocusSash|CompoundEyes|Protect,SleepPowder,RagePowder,Hurricane|||F|||50|,,,,,Ghost]Garchomp||LifeOrb|RoughSkin|Protect,Earthquake,StompingTantrum,DragonClaw|||M|||50|,,,,,Fire]Primarina||SitrusBerry|LiquidVoice|Protect,Haze,HyperVoice,Moonblast|||F|||50|,,,,,Poison]Incineroar||SafetyGoggles|Intimidate|FakeOut,FlareBlitz,KnockOff,PartingShot|||M|||50|,,,,,Ghost]Porygon2||Eviolite|Download|TrickRoom,Recover,TeraBlast,IceBeam||||||50|,,,,,Fighting]Gholdengo||MetalCoat|GoodasGold|Protect,NastyPlot,MakeItRain,ShadowBall||||||50|,,,,,Dragon
|showteam|p2|Indeedee||TwistedSpoon|PsychicSurge|ExpandingForce,DazzlingGleam,Imprison,TrickRoom|||M|||50|,,,,,Fairy]Sneasler||PsychicSeed|Unburden|DireClaw,CloseCombat,ThroatChop,Protect|||M|||50|,,,,,Dark]Ninetales-Alola||LifeOrb|SnowWarning|Blizzard,FreezeDry,Encore,Protect|||M|||50|,,,,,Ghost]Basculegion||ChoiceScarf|Adaptability|WaveCrash,LastRespects,AquaJet,FlipTurn|||M|||50|,,,,,Grass]Kilowattrel||FocusSash|Competitive|Thunderbolt,AirSlash,Tailwind,Protect|||M|||50|,,,,,Ghost]Ursaluna-Bloodmoon||AssaultVest|MindsEye|BloodMoon,HyperVoice,EarthPower,VacuumWave|||M|||50|,,,,,Water
|inactive|Battle timer is ON: inactive players will automatically lose when time's up. (requested by DesbrozadorasGoian)
|j| FeelTheIceBro
|c|☆DesbrozadorasGoian|PitufoMoreno Delincuente confeso
|c| FeelTheIceBro|suerte
|c|☆DesbrozadorasGoian|GLHF
|inactive|Jolteon04 has 60 seconds left.
|inactive|DesbrozadorasGoian has 60 seconds left.
|c|☆Jolteon04|gg
|inactive|DesbrozadorasGoian has 30 seconds left.
|inactive|DesbrozadorasGoian has 20 seconds left.
|inactive|DesbrozadorasGoian has 15 seconds left.
|inactive|DesbrozadorasGoian has 10 seconds left.
|inactive|DesbrozadorasGoian has 5 seconds left.
|
|t:|1756403333
|teamsize|p1|4
|teamsize|p2|4
|start
|switch|p1a: Vivillon|Vivillon, L50, F, shiny|100/100
|switch|p1b: Incineroar|Incineroar, L50, M, shiny|100/100
|switch|p2a: Kilowattrel|Kilowattrel, L50, M|100/100
|switch|p2b: Ninetales|Ninetales-Alola, L50, M|100/100
|-weather|Snowscape|[from] ability: Snow Warning|[of] p2b: Ninetales
|-ability|p1b: Incineroar|Intimidate|boost
|-unboost|p2a: Kilowattrel|atk|1
|-ability|p2a: Kilowattrel|Competitive|boost
|-boost|p2a: Kilowattrel|spa|2
|-unboost|p2b: Ninetales|atk|1
|turn|1
|inactive|Jolteon04 has 30 seconds left.
|inactive|DesbrozadorasGoian has 30 seconds left.
|inactive|DesbrozadorasGoian has 20 seconds left.
|
|t:|1756403373
|move|p2a: Kilowattrel|Protect|p2a: Kilowattrel
|-singleturn|p2a: Kilowattrel|Protect
|move|p2b: Ninetales|Protect|p2b: Ninetales
|-singleturn|p2b: Ninetales|Protect
|move|p1b: Incineroar|Fake Out|p2a: Kilowattrel
|-activate|p2a: Kilowattrel|move: Protect
|move|p1a: Vivillon|Sleep Powder|p2a: Kilowattrel
|-activate|p2a: Kilowattrel|move: Protect
|
|-weather|Snowscape|[upkeep]
|upkeep
|turn|2
|inactive|DesbrozadorasGoian has 30 seconds left.
|
|t:|1756403408
|move|p2a: Kilowattrel|Thunderbolt|p1b: Incineroar
|-damage|p1b: Incineroar|25/100
|move|p2b: Ninetales|Blizzard|p1a: Vivillon|[spread] p1a,p1b
|-supereffective|p1a: Vivillon
|-resisted|p1b: Incineroar
|-enditem|p1a: Vivillon|Focus Sash
|-damage|p1a: Vivillon|1/100
|-damage|p1b: Incineroar|6/100
|-damage|p2b: Ninetales|91/100|[from] item: Life Orb
|move|p1a: Vivillon|Sleep Powder|p2a: Kilowattrel
|-status|p2a: Kilowattrel|slp|[from] move: Sleep Powder
|move|p1b: Incineroar|Parting Shot|p2b: Ninetales
|-unboost|p2b: Ninetales|atk|1
|-unboost|p2b: Ninetales|spa|1
|inactive|Jolteon04 has 30 seconds left.
|
|t:|1756403436
|switch|p1b: Gholdengo|Gholdengo, L50, shiny|100/100|[from] Parting Shot
|
|-weather|Snowscape|[upkeep]
|upkeep
|turn|3
|j| Yubay007
|inactive|DesbrozadorasGoian has 30 seconds left.
|l| Yubay007
|inactive|DesbrozadorasGoian has 20 seconds left.
|inactive|DesbrozadorasGoian has 15 seconds left.
|inactive|DesbrozadorasGoian has 10 seconds left.
|
|t:|1756403490
|cant|p2a: Kilowattrel|slp
|move|p2b: Ninetales|Blizzard|p1a: Vivillon|[spread] p1a,p1b
|-supereffective|p1a: Vivillon
|-resisted|p1b: Gholdengo
|-damage|p1a: Vivillon|0 fnt
|-damage|p1b: Gholdengo|87/100
|faint|p1a: Vivillon
|-damage|p2b: Ninetales|82/100|[from] item: Life Orb
|move|p1b: Gholdengo|Nasty Plot|p1b: Gholdengo
|-boost|p1b: Gholdengo|spa|2
|
|-weather|Snowscape|[upkeep]
|upkeep
|
|t:|1756403502
|switch|p1a: Primarina|Primarina, L50, F, shiny|100/100
|turn|4
|
|t:|1756403516
|move|p2b: Ninetales|Protect|p2b: Ninetales
|-singleturn|p2b: Ninetales|Protect
|move|p1a: Primarina|Protect|p1a: Primarina
|-singleturn|p1a: Primarina|Protect
|cant|p2a: Kilowattrel|slp
|move|p1b: Gholdengo|Make It Rain|p2b: Ninetales|[spread] p2a
|-activate|p2b: Ninetales|move: Protect
|-resisted|p2a: Kilowattrel
|-enditem|p2a: Kilowattrel|Focus Sash
|-damage|p2a: Kilowattrel|1/100 slp
|-unboost|p1b: Gholdengo|spa|1
|
|-weather|Snowscape|[upkeep]
|upkeep
|turn|5
|
|t:|1756403539
|-curestatus|p2a: Kilowattrel|slp|[msg]
|move|p2a: Kilowattrel|Tailwind|p2a: Kilowattrel
|-sidestart|p2: DesbrozadorasGoian|move: Tailwind
|move|p2b: Ninetales|Freeze-Dry|p1a: Primarina
|-supereffective|p1a: Primarina
|-damage|p1a: Primarina|61/100
|-damage|p2b: Ninetales|72/100|[from] item: Life Orb
|move|p1b: Gholdengo|Make It Rain|p2b: Ninetales|[spread] p2a,p2b
|-resisted|p2a: Kilowattrel
|-supereffective|p2b: Ninetales
|-damage|p2a: Kilowattrel|0 fnt
|-damage|p2b: Ninetales|0 fnt
|-unboost|p1b: Gholdengo|spa|1
|faint|p2a: Kilowattrel
|faint|p2b: Ninetales
|move|p1a: Primarina|Moonblast|p2: Kilowattrel|[notarget]
|-fail|p1a: Primarina
|
|-weather|none
|upkeep
|
|t:|1756403561
|switch|p2a: Sneasler|Sneasler, L50, M|100/100
|switch|p2b: Ursaluna|Ursaluna-Bloodmoon, L50, M|100/100
|turn|6
|inactive|DesbrozadorasGoian has 30 seconds left.
|inactive|Jolteon04 has 30 seconds left.
|inactive|DesbrozadorasGoian has 20 seconds left.
|inactive|DesbrozadorasGoian has 15 seconds left.
|
|t:|1756403604
|switch|p1a: Incineroar|Incineroar, L50, M, shiny|6/100
|-ability|p1a: Incineroar|Intimidate|boost
|-unboost|p2a: Sneasler|atk|1
|-unboost|p2b: Ursaluna|atk|1
|-terastallize|p2b: Ursaluna|Water
|move|p1b: Gholdengo|Protect|p1b: Gholdengo
|-singleturn|p1b: Gholdengo|Protect
|move|p2a: Sneasler|Throat Chop|p1b: Gholdengo
|-activate|p1b: Gholdengo|move: Protect
|move|p2b: Ursaluna|Earth Power|p1b: Gholdengo
|-activate|p1b: Gholdengo|move: Protect
|
|upkeep
|turn|7
|inactive|Jolteon04 has 30 seconds left.
|inactive|DesbrozadorasGoian has 30 seconds left.
|inactive|Jolteon04 has 20 seconds left.
|inactive|Jolteon04 has 15 seconds left.
|inactive|Jolteon04 has 10 seconds left.
|inactive|DesbrozadorasGoian has 20 seconds left.
|inactive|Jolteon04 has 5 seconds left.
|inactive|DesbrozadorasGoian has 15 seconds left.
|
|t:|1756403662
|move|p1a: Incineroar|Fake Out|p2a: Sneasler
|-damage|p2a: Sneasler|83/100
|cant|p2a: Sneasler|flinch
|move|p2b: Ursaluna|Earth Power|p1b: Gholdengo
|-supereffective|p1b: Gholdengo
|-damage|p1b: Gholdengo|0 fnt
|faint|p1b: Gholdengo
|
|upkeep
|
|t:|1756403669
|switch|p1b: Primarina|Primarina, L50, F, shiny|61/100
|turn|8
|
|t:|1756403692
|-terastallize|p1b: Primarina|Poison
|move|p2a: Sneasler|Dire Claw|p1b: Primarina
|-resisted|p1b: Primarina
|-damage|p1b: Primarina|45/100
|-status|p1b: Primarina|slp
|-enditem|p1b: Primarina|Sitrus Berry|[eat]
|-heal|p1b: Primarina|70/100 slp|[from] item: Sitrus Berry
|move|p2b: Ursaluna|Earth Power|p1a: Incineroar
|-supereffective|p1a: Incineroar
|-damage|p1a: Incineroar|0 fnt
|faint|p1a: Incineroar
|cant|p1b: Primarina|slp
|
|-sideend|p2: DesbrozadorasGoian|move: Tailwind
|upkeep
|turn|9
|c|☆DesbrozadorasGoian|Perdón por el dormido
|
|t:|1756403710
|move|p2a: Sneasler|Throat Chop|p1b: Primarina
|-damage|p1b: Primarina|49/100 slp
|-start|p1b: Primarina|Throat Chop|[silent]
|move|p2b: Ursaluna|Earth Power|p1b: Primarina
|-supereffective|p1b: Primarina
|-damage|p1b: Primarina|0 fnt
|faint|p1b: Primarina
|
|win|DesbrozadorasGoian
||DesbrozadorasGoian is ready for game 2.
|l|☆Jolteon04
|player|p1|
|inactive|Jolteon04 has 30 seconds to confirm battle start!
||Jolteon04 is ready for game 2.
|uhtml|next|Next: Game 2 of 3
