|j|☆Terminator7006
|j|☆risotto_venere
|html|Terminator7006risotto_venere    
|uhtml|bestof|Game 2 of a best-of-3
|t:|1757851492
|gametype|doubles
|player|p1|Terminator7006|drayden|1144
|player|p2|risotto_venere|n|1189
|gen|9
|tier|[Gen 9] VGC 2025 Reg H (Bo3)
|rated|
|rule|Species Clause: Limit one of each Pokémon
|rule|Item Clause: Limit 1 of each item
|clearpoke
|poke|p1|Gholdengo, L50|
|poke|p1|Ninetales-Alola, L50, F|
|poke|p1|Glaceon, L50, F|
|poke|p1|Gyarados, L50, M|
|poke|p1|Dragonite, L50, M|
|poke|p1|Incineroar, L50, M|
|poke|p2|Sneasler, L50, M|
|poke|p2|Dragapult, L50, F|
|poke|p2|Dondozo, L50, F|
|poke|p2|Rillaboom, L50, F|
|poke|p2|Volcarona, L50, F|
|poke|p2|Electabuzz, L50, M|
|teampreview|4
|showteam|p1|Gholdengo||LifeOrb|GoodasGold|MakeItRain,ShadowBall,NastyPlot,Protect||||||50|,,,,,Water]Ninetales-Alola||LightClay|SnowWarning|Blizzard,Moonblast,AuroraVeil,Protect|||F|||50|,,,,,Poison]Glaceon||Leftovers|IceBody|Blizzard,IcyWind,HelpingHand,Protect|||F|||50|,,,,,Ice]Gyarados||ChoiceScarf|Moxie|AquaTail,Crunch,IronHead,Earthquake|||M|||50|,,,,,Ground]Dragonite||LoadedDice|Multiscale|ScaleShot,Haze,Tailwind,Protect|||M|||50|,,,,,Fairy]Incineroar||SafetyGoggles|Intimidate|FakeOut,KnockOff,PartingShot,FlareBlitz|||M|||50|,,,,,Ghost
|showteam|p2|Sneasler||FocusSash|PoisonTouch|FakeOut,DireClaw,CloseCombat,Protect|||M|||50|,,,,,Ghost]Dragapult||ChoiceBand|ClearBody|DragonDarts,PhantomForce,Uturn,Outrage|||F|||50|,,,,,Dragon]Dondozo||Leftovers|Unaware|WaveCrash,Yawn,Fissure,Protect|||F|||50|,,,,,Poison]Rillaboom||AssaultVest|GrassySurge|FakeOut,WoodHammer,GrassyGlide,HighHorsepower|||F|||50|,,,,,Fire]Volcarona||CovertCloak|FlameBody|HeatWave,QuiverDance,TeraBlast,Protect|||F|||50|,,,,,Fairy]Electabuzz||Eviolite|VitalSpirit|Electroweb,FollowMe,Taunt,Protect|||M|||50|,,,,,Ghost
|
|t:|1757851527
|teamsize|p1|4
|teamsize|p2|4
|start
|switch|p1a: Dragonite|Dragonite, L50, M|100/100
|switch|p1b: Incineroar|Incineroar, L50, M, shiny|100/100
|switch|p2a: Electabuzz|Electabuzz, L50, M|100/100
|switch|p2b: Dragapult|Dragapult, L50, F|100/100
|-ability|p1b: Incineroar|Intimidate|boost
|-unboost|p2a: Electabuzz|atk|1
|-fail|p2b: Dragapult|unboost|[from] ability: Clear Body|[of] p2b: Dragapult
|turn|1
|inactive|Battle timer is ON: inactive players will automatically lose when time's up. (requested by Terminator7006)
|
|t:|1757851546
|-terastallize|p1a: Dragonite|Fairy
|move|p1b: Incineroar|Fake Out|p2a: Electabuzz
|-damage|p2a: Electabuzz|93/100
|move|p2b: Dragapult|U-turn|p1b: Incineroar
|-damage|p1b: Incineroar|62/100
|
|t:|1757851551
|switch|p2b: Dondozo|Dondozo, L50, F|100/100|[from] U-turn
|move|p1a: Dragonite|Scale Shot|p2b: Dondozo
|-damage|p2b: Dondozo|91/100
|-damage|p2b: Dondozo|84/100
|-damage|p2b: Dondozo|76/100
|-damage|p2b: Dondozo|67/100
|-hitcount|p2b: Dondozo|4
|-unboost|p1a: Dragonite|def|1
|-boost|p1a: Dragonite|spe|1
|cant|p2a: Electabuzz|flinch
|
|-heal|p2b: Dondozo|73/100|[from] item: Leftovers
|upkeep
|turn|2
|
|t:|1757851568
|move|p2a: Electabuzz|Follow Me|p2a: Electabuzz
|-singleturn|p2a: Electabuzz|move: Follow Me
|move|p1a: Dragonite|Tailwind|p1a: Dragonite
|-sidestart|p1: Terminator7006|move: Tailwind
|move|p1b: Incineroar|Knock Off|p2a: Electabuzz
|-damage|p2a: Electabuzz|63/100
|-enditem|p2a: Electabuzz|Eviolite|[from] move: Knock Off|[of] p1b: Incineroar
|move|p2b: Dondozo|Yawn|p1a: Dragonite
|-start|p1a: Dragonite|move: Yawn|[of] p2b: Dondozo
|
|-heal|p2b: Dondozo|79/100|[from] item: Leftovers
|upkeep
|turn|3
|
|t:|1757851581
|switch|p1a: Ninetales|Ninetales-Alola, L50, F|100/100
|-weather|Snowscape|[from] ability: Snow Warning|[of] p1a: Ninetales
|move|p1b: Incineroar|Knock Off|p2b: Dondozo
|-damage|p2b: Dondozo|58/100
|-enditem|p2b: Dondozo|Leftovers|[from] move: Knock Off|[of] p1b: Incineroar
|move|p2a: Electabuzz|Electroweb|p1a: Ninetales|[spread] p1a,p1b
|-crit|p1a: Ninetales
|-damage|p1a: Ninetales|76/100
|-damage|p1b: Incineroar|49/100
|-unboost|p1a: Ninetales|spe|1
|-unboost|p1b: Incineroar|spe|1
|move|p2b: Dondozo|Wave Crash|p1b: Incineroar
|-supereffective|p1b: Incineroar
|-damage|p1b: Incineroar|0 fnt
|faint|p1b: Incineroar
|-damage|p2b: Dondozo|45/100|[from] Recoil
|
|-weather|Snowscape|[upkeep]
|upkeep
|
|t:|1757851591
|switch|p1b: Gholdengo|Gholdengo, L50|100/100
|turn|4
|
|t:|1757851597
|move|p1a: Ninetales|Aurora Veil|p1a: Ninetales
|-sidestart|p1: Terminator7006|move: Aurora Veil
|move|p1b: Gholdengo|Nasty Plot|p1b: Gholdengo
|-boost|p1b: Gholdengo|spa|2
|move|p2a: Electabuzz|Electroweb|p1a: Ninetales|[spread] p1a,p1b
|-damage|p1a: Ninetales|66/100
|-damage|p1b: Gholdengo|91/100
|-unboost|p1a: Ninetales|spe|1
|-unboost|p1b: Gholdengo|spe|1
|move|p2b: Dondozo|Fissure|p1b: Gholdengo|[miss]
|-miss|p2b: Dondozo|p1b: Gholdengo
|
|-weather|Snowscape|[upkeep]
|upkeep
|turn|5
|
|t:|1757851610
|move|p2b: Dondozo|Protect|p2b: Dondozo
|-singleturn|p2b: Dondozo|Protect
|move|p1a: Ninetales|Blizzard|p2a: Electabuzz|[spread] p2a
|-activate|p2b: Dondozo|move: Protect
|-damage|p2a: Electabuzz|23/100
|move|p1b: Gholdengo|Make It Rain|p2b: Dondozo|[spread] p2a
|-activate|p2b: Dondozo|move: Protect
|-resisted|p2a: Electabuzz
|-damage|p2a: Electabuzz|0 fnt
|-unboost|p1b: Gholdengo|spa|1
|faint|p2a: Electabuzz
|-damage|p1b: Gholdengo|81/100|[from] item: Life Orb
|
|-weather|Snowscape|[upkeep]
|-sideend|p1: Terminator7006|move: Tailwind
|upkeep
|
|t:|1757851620
|switch|p2a: Dragapult|Dragapult, L50, F|100/100
|turn|6
|
|t:|1757851627
|move|p2a: Dragapult|Phantom Force||[still]
|-prepare|p2a: Dragapult|Phantom Force
|move|p1a: Ninetales|Blizzard|p2b: Dondozo|[spread] p2b
|-miss|p1a: Ninetales|p2a: Dragapult
|-resisted|p2b: Dondozo
|-damage|p2b: Dondozo|32/100
|move|p1b: Gholdengo|Shadow Ball|p2a: Dragapult|[miss]
|-miss|p1b: Gholdengo|p2a: Dragapult
|move|p2b: Dondozo|Fissure|p1b: Gholdengo
|-damage|p1b: Gholdengo|0 fnt
|faint|p1b: Gholdengo
|-ohko
|
|-weather|Snowscape|[upkeep]
|upkeep
|
|t:|1757851631
|switch|p1b: Dragonite|Dragonite, L50, M, tera:Fairy|100/100
|turn|7
|
|t:|1757851649
|move|p2a: Dragapult|Phantom Force|p1a: Ninetales|[from] lockedmove
|-damage|p1a: Ninetales|19/100
|move|p1b: Dragonite|Tailwind|p1b: Dragonite
|-sidestart|p1: Terminator7006|move: Tailwind
|move|p1a: Ninetales|Blizzard|p2b: Dondozo|[spread] p2a,p2b
|-supereffective|p2a: Dragapult
|-resisted|p2b: Dondozo
|-damage|p2a: Dragapult|15/100
|-damage|p2b: Dondozo|21/100
|move|p2b: Dondozo|Wave Crash|p1a: Ninetales
|-damage|p1a: Ninetales|0 fnt
|faint|p1a: Ninetales
|-damage|p2b: Dondozo|17/100|[from] Recoil
|
|-weather|none
|upkeep
|turn|8
|
|t:|1757851664
|move|p1b: Dragonite|Scale Shot|p2b: Dondozo
|-crit|p2b: Dondozo
|-damage|p2b: Dondozo|5/100
|-damage|p2b: Dondozo|0 fnt
|faint|p2b: Dondozo
|-hitcount|p2: Dondozo|2
|-unboost|p1b: Dragonite|def|1
|-boost|p1b: Dragonite|spe|1
|move|p2a: Dragapult|Phantom Force||[still]
|-prepare|p2a: Dragapult|Phantom Force
|
|upkeep
|
|t:|1757851667
|switch|p2b: Sneasler|Sneasler, L50, M|100/100
|turn|9
|
|t:|1757851683
|move|p2b: Sneasler|Fake Out|p1b: Dragonite
|-damage|p1b: Dragonite|93/100
|cant|p1b: Dragonite|flinch
|move|p2a: Dragapult|Phantom Force|p1b: Dragonite|[from] lockedmove
|-damage|p1b: Dragonite|20/100
|
|upkeep
|turn|10
|
|t:|1757851698
|move|p1b: Dragonite|Scale Shot|p2b: Sneasler
|-damage|p2b: Sneasler|75/100
|-damage|p2b: Sneasler|49/100
|-damage|p2b: Sneasler|26/100
|-damage|p2b: Sneasler|0 fnt
|faint|p2b: Sneasler
|-hitcount|p2: Sneasler|4
|-unboost|p1b: Dragonite|def|1
|-boost|p1b: Dragonite|spe|1
|move|p2a: Dragapult|Phantom Force||[still]
|-prepare|p2a: Dragapult|Phantom Force
|
|-sideend|p1: Terminator7006|move: Tailwind
|upkeep
|turn|11
|
|t:|1757851711
|move|p1b: Dragonite|Tailwind|p1b: Dragonite
|-sidestart|p1: Terminator7006|move: Tailwind
|move|p2a: Dragapult|Phantom Force|p1b: Dragonite|[from] lockedmove
|-damage|p1b: Dragonite|0 fnt
|faint|p1b: Dragonite
|
|win|risotto_venere
||risotto_venere is ready for game 3.
||Terminator7006 is ready for game 3.
|uhtml|next|Next: Game 3 of 3
