|j|☆royalroyalpooppir
|j|☆elmono11
|html|royalroyalpooppirelmono11    
|uhtml|bestof|Game 2 of a best-of-3
|t:|1786200752
|gametype|doubles
|player|p1|royalroyalpooppir|102|1269
|player|p2|elmono11|2|1397
|gen|9
|tier|[Gen 9 Champions] VGC 2026 Reg M-B (Bo3)
|rated|
|rule|Species Clause: Limit one of each Pokémon
|rule|Item Clause: Limit 1 of each item
|clearpoke
|poke|p1|Chandelure, L50, F|
|poke|p1|Tauros-Paldea-Aqua, L50, M|
|poke|p1|Ninetales-Alola, L50, F|
|poke|p1|Maushold, L50|
|poke|p1|Mudsdale, L50, F|
|poke|p1|Farigiraf, L50, M|
|poke|p2|Charizard, L50, M|
|poke|p2|Floette-Eternal, L50, F|
|poke|p2|Garchomp, L50, F|
|poke|p2|Kingambit, L50, F|
|poke|p2|Basculegion, L50, M|
|poke|p2|Whimsicott, L50, M|
|teampreview|4
|showteam|p1|Chandelure||Chandelurite|FlashFire|Overheat,HeatWave,ShadowBall,Protect|Modest||F|||50|]Tauros-Paldea-Aqua||LifeOrb|Intimidate|WaveCrash,CloseCombat,Protect,AquaJet|Adamant||M|||50|]Ninetales-Alola||LightClay|SnowWarning|Blizzard,IcyWind,AuroraVeil,Protect|Timid||F|||50|]Maushold||WideLens|Technician|PopulationBomb,FollowMe,Protect,HelpingHand|Jolly|||||50|]Mudsdale||Leftovers|InnerFocus|HighHorsepower,RockSlide,Curse,Protect|Brave||F|||50|]Farigiraf||ColburBerry|ArmorTail|HyperVoice,Psychic,TrickRoom,HelpingHand|Quiet||M|||50|
|showteam|p2|Charizard||CharizarditeY|Blaze|HeatWave,WeatherBall,SolarBeam,Protect|Modest||M|||50|]Floette-Eternal||Floettite|FlowerVeil|Moonblast,DazzlingGleam,LightofRuin,Protect|Modest||F|||50|]Garchomp||SitrusBerry|RoughSkin|Earthquake,DragonClaw,RockSlide,Protect|Adamant||F|||50|]Kingambit||OccaBerry|Defiant|KowtowCleave,SuckerPunch,IronHead,LowKick|Adamant||F|||50|]Basculegion||LifeOrb|Adaptability|WaveCrash,LastRespects,AquaJet,Protect|Adamant||M|||50|]Whimsicott||FocusSash|Prankster|Moonblast,Tailwind,Encore,Protect|Timid||M|||50|
|inactive|Battle timer is ON: inactive players will automatically lose when time's up. (requested by elmono11)
|inactive|elmono11 has 60 seconds left.
|
|t:|1786200808
|teamsize|p1|4
|teamsize|p2|4
|start
|switch|p1a: Tauros|Tauros-Paldea-Aqua, L50, M|100/100
|switch|p1b: Maushold|Maushold, L50|100/100
|switch|p2a: Garchomp|Garchomp, L50, F|100/100
|switch|p2b: Charizard|Charizard, L50, M|100/100
|-ability|p1a: Tauros|Intimidate|boost
|-unboost|p2a: Garchomp|atk|1
|-unboost|p2b: Charizard|atk|1
|turn|1
|inactive|elmono11 has 30 seconds left.
|
|t:|1786200835
|switch|p2a: Whimsicott|Whimsicott, L50, M|100/100
|move|p2b: Charizard|Protect|p2b: Charizard
|-singleturn|p2b: Charizard|Protect
|move|p1b: Maushold|Population Bomb|p2b: Charizard
|-activate|p2b: Charizard|move: Protect
|move|p1a: Tauros|Wave Crash|p2a: Whimsicott
|-resisted|p2a: Whimsicott|1
|-damage|p2a: Whimsicott|40/100
|-damage|p1a: Tauros|82/100|[from] Recoil
|-damage|p1a: Tauros|72/100|[from] item: Life Orb
|
|upkeep
|turn|2
|
|t:|1786200857
|detailschange|p2b: Charizard|Charizard-Mega-Y, L50, M
|-mega|p2b: Charizard|Charizard|Charizardite Y
|-weather|SunnyDay|[from] ability: Drought|[of] p2b: Charizard
|move|p2a: Whimsicott|Tailwind|p2a: Whimsicott
|-sidestart|p2: elmono11|move: Tailwind
|move|p2b: Charizard|Weather Ball|p1b: Maushold
|-damage|p1b: Maushold|0 fnt
|faint|p1b: Maushold
|move|p1a: Tauros|Wave Crash|p2b: Charizard
|-supereffective|p2b: Charizard|1
|-damage|p2b: Charizard|24/100
|-damage|p1a: Tauros|42/100|[from] Recoil
|-damage|p1a: Tauros|32/100|[from] item: Life Orb
|
|-weather|SunnyDay|[upkeep]
|upkeep
|
|t:|1786200864
|switch|p1b: Chandelure|Chandelure, L50, F|100/100
|turn|3
|
|t:|1786200876
|move|p2b: Charizard|Protect|p2b: Charizard
|-singleturn|p2b: Charizard|Protect
|move|p2a: Whimsicott|Moonblast|p1a: Tauros
|-supereffective|p1a: Tauros|1
|-damage|p1a: Tauros|0 fnt
|faint|p1a: Tauros
|move|p1b: Chandelure|Heat Wave|p2b: Charizard|[spread] p2a
|-activate|p2b: Charizard|move: Protect
|-supereffective|p2a: Whimsicott|1
|-damage|p2a: Whimsicott|0 fnt
|faint|p2a: Whimsicott
|
|-weather|SunnyDay|[upkeep]
|upkeep
|
|t:|1786200890
|switch|p2a: Garchomp|Garchomp, L50, F|100/100
|switch|p1a: Ninetales|Ninetales-Alola, L50, F|100/100
|-weather|Snowscape|[from] ability: Snow Warning|[of] p1a: Ninetales
|turn|4
|
|t:|1786200903
|move|p1b: Chandelure|Protect|p1b: Chandelure
|-singleturn|p1b: Chandelure|Protect
|move|p2a: Garchomp|Earthquake|p1b: Chandelure|[spread] p1a
|-activate|p1b: Chandelure|move: Protect
|-immune|p2b: Charizard
|-damage|p1a: Ninetales|68/100
|move|p2b: Charizard|Heat Wave|p1b: Chandelure|[spread] p1a
|-activate|p1b: Chandelure|move: Protect
|-supereffective|p1a: Ninetales|1
|-damage|p1a: Ninetales|0 fnt
|faint|p1a: Ninetales
|
|-weather|Snowscape|[upkeep]
|upkeep
|turn|5
|-message|royalroyalpooppir forfeited.
|
|win|elmono11
|raw|royalroyalpooppir's rating: 1269 → 1253(-16 for losing)
|raw|elmono11's rating: 1397 → 1410(+13 for winning)
