|j|☆strolin stu
|j|☆Chelicerate1
|html|strolin stuChelicerate1    
|uhtml|bestof|Game 1 of a best-of-3
|t:|1785510655
|gametype|doubles
|player|p1|strolin stu|psychicf-gen4|1204
|player|p2|Chelicerate1|ethan|1246
|gen|9
|tier|[Gen 9 Champions] VGC 2026 Reg M-B (Bo3)
|rated|
|rule|Species Clause: Limit one of each Pokémon
|rule|Item Clause: Limit 1 of each item
|clearpoke
|poke|p1|Scovillain, L50, M|
|poke|p1|Gholdengo, L50|
|poke|p1|Kommo-o, L50, M|
|poke|p1|Ninetales-Alola, L50, M|
|poke|p1|Aerodactyl, L50, M|
|poke|p1|Simipour, L50, M|
|poke|p2|Grimmsnarl, L50, M|
|poke|p2|Basculegion, L50, M|
|poke|p2|Charizard, L50, F|
|poke|p2|Pelipper, L50, M|
|poke|p2|Venusaur, L50, M|
|poke|p2|Archaludon, L50, M|
|teampreview|4
|showteam|p1|Scovillain||Scovillainite|Moody|HelpingHand,RagePowder,Protect,Overheat|Bold||M|||50|]Gholdengo||LifeOrb|GoodasGold|NastyPlot,MakeItRain,Protect,ShadowBall|Modest|||||50|]Kommo-o||SitrusBerry|Bulletproof|ClangorousSoul,AuraSphere,ClangingScales,Protect|Modest||M|||50|]Ninetales-Alola||NeverMeltIce|SnowWarning|FreezeDry,Blizzard,AuroraVeil,Protect|Timid||M|||50|]Aerodactyl||Aerodactylite|Unnerve|RockSlide,DualWingbeat,Protect,Tailwind|Adamant||M|||50|]Simipour||FocusSash|Torrent|FakeOut,IcyWind,Scald,HelpingHand|Timid||M|||50|
|showteam|p2|Grimmsnarl||LightClay|Prankster|SpiritBreak,PartingShot,Reflect,LightScreen|Sassy||M|||50|]Basculegion||ChoiceScarf|Adaptability|LastRespects,WaveCrash,AquaJet,FlipTurn|Jolly||M|||50|]Charizard||CharizarditeY|Blaze|Protect,HeatWave,WeatherBall,SolarBeam|Modest||F|||50|]Pelipper||SitrusBerry|Drizzle|Hurricane,WeatherBall,Tailwind,WideGuard|Modest||M|||50|]Venusaur||FocusSash|Chlorophyll|SludgeBomb,SleepPowder,EarthPower,Protect|Modest||M|||50|]Archaludon||Leftovers|Stamina|ElectroShot,DragonPulse,FlashCannon,Protect|Calm||M|||50|
|inactive|Battle timer is ON: inactive players will automatically lose when time's up. (requested by Chelicerate1)
|c|☆strolin stu|glhf
|inactive|strolin stu has 60 seconds left.
|
|t:|1785510708
|teamsize|p1|4
|teamsize|p2|4
|start
|switch|p1a: Simipour|Simipour, L50, M|100/100
|switch|p1b: Kommo-o|Kommo-o, L50, M|100/100
|switch|p2a: Charizard|Charizard, L50, F|100/100
|switch|p2b: Grimmsnarl|Grimmsnarl, L50, M|100/100
|turn|1
|inactive|Chelicerate1 has 30 seconds left.
|
|t:|1785510740
|detailschange|p2a: Charizard|Charizard-Mega-Y, L50, F
|-mega|p2a: Charizard|Charizard|Charizardite Y
|-weather|SunnyDay|[from] ability: Drought|[of] p2a: Charizard
|move|p1a: Simipour|Fake Out|p2b: Grimmsnarl
|-damage|p2b: Grimmsnarl|91/100
|move|p2a: Charizard|Solar Beam||[still]
|-prepare|p2a: Charizard|Solar Beam
|-anim|p2a: Charizard|Solar Beam|p1a: Simipour
|-supereffective|p1a: Simipour|1
|-enditem|p1a: Simipour|Focus Sash
|-damage|p1a: Simipour|1/100
|move|p1b: Kommo-o|Clangorous Soul|p1b: Kommo-o
|-boost|p1b: Kommo-o|atk|1
|-boost|p1b: Kommo-o|def|1
|-boost|p1b: Kommo-o|spa|1
|-boost|p1b: Kommo-o|spd|1
|-boost|p1b: Kommo-o|spe|1
|-damage|p1b: Kommo-o|67/100
|cant|p2b: Grimmsnarl|flinch
|
|-weather|SunnyDay|[upkeep]
|upkeep
|turn|2
|
|t:|1785510760
|move|p1b: Kommo-o|Protect|p1b: Kommo-o
|-singleturn|p1b: Kommo-o|Protect
|move|p2b: Grimmsnarl|Light Screen|p2b: Grimmsnarl
|-sidestart|p2: Chelicerate1|move: Light Screen
|move|p1a: Simipour|Icy Wind|p2a: Charizard|[spread] p2a,p2b
|-crit|p2b: Grimmsnarl
|-damage|p2a: Charizard|92/100
|-damage|p2b: Grimmsnarl|75/100
|-unboost|p2a: Charizard|spe|1
|-unboost|p2b: Grimmsnarl|spe|1
|move|p2a: Charizard|Heat Wave|p1a: Simipour|[spread] p1a
|-activate|p1b: Kommo-o|move: Protect
|-resisted|p1a: Simipour|1
|-damage|p1a: Simipour|0 fnt
|faint|p1a: Simipour
|
|-weather|SunnyDay|[upkeep]
|upkeep
|
|t:|1785510773
|switch|p1a: Scovillain|Scovillain, L50, M|100/100
|turn|3
|
|t:|1785510787
|detailschange|p1a: Scovillain|Scovillain-Mega, L50, M
|-mega|p1a: Scovillain|Scovillain|Scovillainite
|move|p1a: Scovillain|Rage Powder|p1a: Scovillain
|-singleturn|p1a: Scovillain|move: Rage Powder
|move|p1b: Kommo-o|Clanging Scales|p2b: Grimmsnarl|[spread] p2a
|-immune|p2b: Grimmsnarl
|-damage|p2a: Charizard|62/100
|-unboost|p1b: Kommo-o|def|1
|move|p2a: Charizard|Weather Ball|p1a: Scovillain
|-damage|p1a: Scovillain|9/100
|-immune|p2a: Charizard
|move|p2b: Grimmsnarl|Spirit Break|p1a: Scovillain
|-resisted|p1a: Scovillain|1
|-crit|p1a: Scovillain
|-damage|p1a: Scovillain|0 fnt
|-status|p2b: Grimmsnarl|brn|[from] ability: Spicy Spray|[of] p1a: Scovillain
|faint|p1a: Scovillain
|
|-weather|SunnyDay|[upkeep]
|-damage|p2b: Grimmsnarl|69/100 brn|[from] brn
|upkeep
|
|t:|1785510806
|switch|p1a: Ninetales|Ninetales-Alola, L50, M|100/100
|-weather|Snowscape|[from] ability: Snow Warning|[of] p1a: Ninetales
|turn|4
|
|t:|1785510821
|switch|p2a: Archaludon|Archaludon, L50, M|100/100
|move|p1b: Kommo-o|Aura Sphere|p2b: Grimmsnarl
|-damage|p2b: Grimmsnarl|39/100 brn
|move|p1a: Ninetales|Blizzard|p2b: Grimmsnarl|[spread] p2a,p2b
|-damage|p2a: Archaludon|78/100
|-damage|p2b: Grimmsnarl|15/100 brn
|-ability|p2a: Archaludon|Stamina|boost
|-boost|p2a: Archaludon|def|1
|move|p2b: Grimmsnarl|Spirit Break|p1b: Kommo-o
|-supereffective|p1b: Kommo-o|2
|-damage|p1b: Kommo-o|11/100
|-unboost|p1b: Kommo-o|spa|1
|-enditem|p1b: Kommo-o|Sitrus Berry|[eat]
|-heal|p1b: Kommo-o|36/100|[from] item: Sitrus Berry
|
|-weather|Snowscape|[upkeep]
|-heal|p2a: Archaludon|84/100|[from] item: Leftovers
|-damage|p2b: Grimmsnarl|9/100 brn|[from] brn
|upkeep
|turn|5
|
|t:|1785510841
|move|p1b: Kommo-o|Aura Sphere|p2a: Archaludon
|-supereffective|p2a: Archaludon|1
|-damage|p2a: Archaludon|45/100
|-ability|p2a: Archaludon|Stamina|boost
|-boost|p2a: Archaludon|def|1
|move|p1a: Ninetales|Blizzard|p2a: Archaludon|[spread] p2a,p2b
|-crit|p2a: Archaludon
|-damage|p2a: Archaludon|0 fnt
|-damage|p2b: Grimmsnarl|0 fnt
|faint|p2a: Archaludon
|faint|p2b: Grimmsnarl
|
|-weather|Snowscape|[upkeep]
|upkeep
|
|t:|1785510853
|switch|p2a: Charizard|Charizard-Mega-Y, L50, F|62/100
|switch|p2b: Pelipper|Pelipper, L50, M|100/100
|-weather|SunnyDay|[from] ability: Drought|[of] p2a: Charizard
|-weather|RainDance|[from] ability: Drizzle|[of] p2b: Pelipper
|turn|6
|
|t:|1785510867
|move|p1b: Kommo-o|Clanging Scales|p2a: Charizard|[spread] p2a,p2b
|-damage|p2a: Charizard|37/100
|-damage|p2b: Pelipper|64/100
|-unboost|p1b: Kommo-o|def|1
|move|p1a: Ninetales|Freeze-Dry|p2b: Pelipper
|-supereffective|p2b: Pelipper|2
|-damage|p2b: Pelipper|0 fnt
|faint|p2b: Pelipper
|move|p2a: Charizard|Heat Wave|p1a: Ninetales|[spread] p1b
|-miss|p2a: Charizard|p1a: Ninetales
|-resisted|p1b: Kommo-o|1
|-damage|p1b: Kommo-o|31/100
|
|-weather|RainDance|[upkeep]
|upkeep
|turn|7
|
|t:|1785510887
|move|p1b: Kommo-o|Clanging Scales|p2a: Charizard
|-damage|p2a: Charizard|6/100
|-unboost|p1b: Kommo-o|def|1
|move|p1a: Ninetales|Freeze-Dry|p2a: Charizard
|-damage|p2a: Charizard|0 fnt
|faint|p2a: Charizard
|
|win|strolin stu
||strolin stu is ready for game 2.
|inactive|Chelicerate1 has 30 seconds to confirm battle start!
