|j|☆jurginhio
|j|☆CrystalGem02
|html|jurginhioCrystalGem02    
|uhtml|bestof|Game 2 of a best-of-3
|t:|1757851186
|gametype|doubles
|player|p1|jurginhio|flint|1155
|player|p2|CrystalGem02|valerie|1442
|gen|9
|tier|[Gen 9] VGC 2025 Reg H (Bo3)
|rated|
|rule|Species Clause: Limit one of each Pokémon
|rule|Item Clause: Limit 1 of each item
|clearpoke
|poke|p1|Kommo-o, L50, M|
|poke|p1|Gholdengo, L50|
|poke|p1|Sneasler, L50, M|
|poke|p1|Rillaboom, L50, F|
|poke|p1|Electabuzz, L50, M|
|poke|p1|Dondozo, L50, M|
|poke|p2|Pelipper, L50, M|
|poke|p2|Comfey, L50, F|
|poke|p2|Archaludon, L50, M|
|poke|p2|Weezing-Galar, L50, F|
|poke|p2|Kingdra, L50, F|
|poke|p2|Toedscruel, L50, M|
|teampreview|4
|showteam|p1|Kommo-o||ThroatSpray|Soundproof|ClangingScales,ClangorousSoul,Flamethrower,Protect|||M|||50|,,,,,Fire]Gholdengo||ChoiceSpecs|GoodasGold|MakeItRain,ShadowBall,DazzlingGleam,PowerGem||||||50|,,,,,Fairy]Sneasler||FocusSash|Unburden|FakeOut,DireClaw,CloseCombat,Protect|||M|||50|,,,,,Stellar]Rillaboom||AssaultVest|GrassySurge|FakeOut,GrassyGlide,WoodHammer,HighHorsepower|||F|||50|,,,,,Fire]Electabuzz||Eviolite|VitalSpirit|Electroweb,FollowMe,Taunt,Protect|||M|||50|,,,,,Grass]Dondozo||Leftovers|Unaware|WaveCrash,Yawn,Fissure,Protect|||M|||50|,,,,,Flying
|showteam|p2|Pelipper||ChoiceScarf|Drizzle|WeatherBall,Hurricane,Uturn,Tailwind|||M|||50|,,,,,Ghost]Comfey||SafetyGoggles|Triage|DrainingKiss,FloralHealing,LightScreen,Protect|||F|||50|,,,,,Steel]Archaludon||AssaultVest|Stamina|ElectroShot,FlashCannon,BodyPress,Snarl|||M|||50|,,,,,Grass]Weezing-Galar||SitrusBerry|NeutralizingGas|SludgeBomb,DazzlingGleam,Taunt,Protect|||F|||50|,,,,,Ghost]Kingdra||LifeOrb|SwiftSwim|WeatherBall,DracoMeteor,Surf,Protect|||F|||50|,,,,,Steel]Toedscruel||CovertCloak|MyceliumMight|EarthPower,BulletSeed,Spore,Protect|||M|||50|,,,,,Water
|inactive|Battle timer is ON: inactive players will automatically lose when time's up. (requested by jurginhio)
|inactive|jurginhio has 60 seconds left.
|inactive|CrystalGem02 has 60 seconds left.
|inactive|CrystalGem02 has 30 seconds left.
|
|t:|1757851253
|teamsize|p1|4
|teamsize|p2|4
|start
|switch|p1a: Sneasler|Sneasler, L50, M|100/100
|switch|p1b: Kommo-o|Kommo-o, L50, M, shiny|100/100
|switch|p2a: Pelipper|Pelipper, L50, M, shiny|100/100
|switch|p2b: Archaludon|Archaludon, L50, M|100/100
|-weather|RainDance|[from] ability: Drizzle|[of] p2a: Pelipper
|turn|1
|
|t:|1757851275
|-terastallize|p2a: Pelipper|Ghost
|-terastallize|p1a: Sneasler|Stellar
|move|p2a: Pelipper|Hurricane|p1b: Kommo-o
|-supereffective|p1b: Kommo-o
|-damage|p1b: Kommo-o|10/100
|move|p1a: Sneasler|Close Combat|p2b: Archaludon
|-supereffective|p2b: Archaludon
|-damage|p2b: Archaludon|0 fnt
|-unboost|p1a: Sneasler|def|1
|-unboost|p1a: Sneasler|spd|1
|faint|p2b: Archaludon
|move|p1b: Kommo-o|Clangorous Soul||[still]
|-fail|p1b: Kommo-o
|
|-weather|RainDance|[upkeep]
|upkeep
|
|t:|1757851288
|switch|p2b: Comfey|Comfey, L50, F, shiny|100/100
|turn|2
|
|t:|1757851301
|switch|p1a: Dondozo|Dondozo, L50, M|100/100
|move|p1b: Kommo-o|Protect|p1b: Kommo-o
|-singleturn|p1b: Kommo-o|Protect
|move|p2b: Comfey|Draining Kiss|p1a: Dondozo
|-damage|p1a: Dondozo|90/100
|move|p2a: Pelipper|Hurricane|p1a: Dondozo
|-crit|p1a: Dondozo
|-damage|p1a: Dondozo|36/100
|
|-weather|RainDance|[upkeep]
|-heal|p1a: Dondozo|42/100|[from] item: Leftovers
|upkeep
|turn|3
|
|t:|1757851320
|move|p2b: Comfey|Draining Kiss|p1b: Kommo-o
|-supereffective|p1b: Kommo-o
|-damage|p1b: Kommo-o|0 fnt
|faint|p1b: Kommo-o
|move|p2a: Pelipper|Hurricane|p1a: Dondozo
|-damage|p1a: Dondozo|11/100
|move|p1a: Dondozo|Yawn|p2b: Comfey
|-start|p2b: Comfey|move: Yawn|[of] p1a: Dondozo
|
|-weather|RainDance|[upkeep]
|-heal|p1a: Dondozo|18/100|[from] item: Leftovers
|upkeep
|
|t:|1757851338
|switch|p1b: Sneasler|Sneasler, L50, M, tera:Stellar|100/100
|turn|4
|
|t:|1757851357
|switch|p2b: Kingdra|Kingdra, L50, F, shiny|100/100
|move|p2a: Pelipper|Hurricane|p1b: Sneasler
|-supereffective|p1b: Sneasler
|-enditem|p1b: Sneasler|Focus Sash
|-damage|p1b: Sneasler|1/100
|move|p1b: Sneasler|Dire Claw|p2a: Pelipper
|-resisted|p2a: Pelipper
|-damage|p2a: Pelipper|64/100
|-status|p2a: Pelipper|slp
|move|p1a: Dondozo|Yawn|p2b: Kingdra
|-start|p2b: Kingdra|move: Yawn|[of] p1a: Dondozo
|
|-weather|RainDance|[upkeep]
|-heal|p1a: Dondozo|24/100|[from] item: Leftovers
|upkeep
|turn|5
|inactive|jurginhio has 30 seconds left.
|inactive|CrystalGem02 has 30 seconds left.
|
|t:|1757851386
|switch|p2b: Comfey|Comfey, L50, F, shiny|100/100
|move|p1b: Sneasler|Dire Claw|p2b: Comfey
|-supereffective|p2b: Comfey
|-damage|p2b: Comfey|25/100
|-status|p2b: Comfey|psn
|cant|p2a: Pelipper|slp
|move|p1a: Dondozo|Wave Crash|p2a: Pelipper
|-damage|p2a: Pelipper|0 fnt
|faint|p2a: Pelipper
|-damage|p1a: Dondozo|13/100|[from] Recoil
|
|-weather|none
|-heal|p1a: Dondozo|19/100|[from] item: Leftovers
|-damage|p2b: Comfey|13/100 psn|[from] psn
|upkeep
|
|t:|1757851395
|switch|p2a: Kingdra|Kingdra, L50, F, shiny|100/100
|turn|6
|inactive|CrystalGem02 has 30 seconds left.
|
|t:|1757851429
|move|p1b: Sneasler|Protect|p1b: Sneasler
|-singleturn|p1b: Sneasler|Protect
|move|p1a: Dondozo|Protect|p1a: Dondozo
|-singleturn|p1a: Dondozo|Protect
|move|p2b: Comfey|Draining Kiss|p1b: Sneasler
|-activate|p1b: Sneasler|move: Protect
|move|p2a: Kingdra|Draco Meteor|p1a: Dondozo
|-activate|p1a: Dondozo|move: Protect
|
|-heal|p1a: Dondozo|25/100|[from] item: Leftovers
|-damage|p2b: Comfey|0 fnt|[from] psn
|faint|p2b: Comfey
|upkeep
|turn|7
|-message|CrystalGem02 forfeited.
|
|win|jurginhio
