|j|☆jofis0131
|j|☆Sub Force
|html|jofis0131Sub Force    
|uhtml|bestof|Game 1 of a best-of-3
|t:|1757638755
|gametype|doubles
|player|p1|jofis0131|101|1178
|player|p2|Sub Force|smasher|1182
|gen|9
|tier|[Gen 9] VGC 2025 Reg H (Bo3)
|rated|
|rule|Species Clause: Limit one of each Pokémon
|rule|Item Clause: Limit 1 of each item
|clearpoke
|poke|p1|Archaludon, L50, M|
|poke|p1|Pelipper, L50, M|
|poke|p1|Rillaboom, L50, M|
|poke|p1|Gholdengo, L50|
|poke|p1|Dragonite, L50, M|
|poke|p1|Sneasler, L50, M|
|poke|p2|Sneasler, L50, M|
|poke|p2|Indeedee, L50, M|
|poke|p2|Milotic, L50, F|
|poke|p2|Volcarona, L50, M|
|poke|p2|Clefairy, L50, F|
|poke|p2|Dragapult, L50, M|
|teampreview|4
|showteam|p1|Archaludon||CovertCloak|Sturdy|ElectroShot,Protect,FlashCannon,DragonPulse|||M|||50|,,,,,Electric]Pelipper||FocusSash|Drizzle|Hurricane,Tailwind,WeatherBall,Protect|||M|||50|,,,,,Ghost]Rillaboom||AssaultVest|GrassySurge|FakeOut,GrassyGlide,WoodHammer,StompingTantrum|||M|||50|,,,,,Fire]Gholdengo||ChoiceSpecs|GoodasGold|MakeItRain,ShadowBall,DazzlingGleam,Psychic||||||50|,,,,,Steel]Dragonite||RockyHelmet|InnerFocus|Haze,ExtremeSpeed,IceSpinner,Protect|||M|||50|,,,,,Normal]Sneasler||GrassySeed|Unburden|DireClaw,CloseCombat,FakeOut,Protect|||M|||50|,,,,,Dark
|showteam|p2|Sneasler||PsychicSeed|Unburden|CloseCombat,Taunt,DireClaw,Protect|||M|||50|,,,,,Stellar]Indeedee||FocusSash|PsychicSurge|ExpandingForce,Imprison,TrickRoom,Encore|||M|||50|,,,,,Fairy]Milotic||SitrusBerry|Competitive|Scald,IcyWind,LifeDew,Protect|||F|||50|,,,,,Poison]Volcarona||SafetyGoggles|FlameBody|HeatWave,QuiverDance,BugBuzz,Protect|||M|||50|,,,,,Water]Clefairy||Eviolite|FriendGuard|FollowMe,AfterYou,HelpingHand,Protect|||F|||50|,,,,,Grass]Dragapult||ChoiceBand|ClearBody|DragonDarts,Uturn,PhantomForce,Outrage|||M|||50|,,,,,Dragon
|inactive|Battle timer is ON: inactive players will automatically lose when time's up. (requested by Sub Force)
|inactive|jofis0131 has 60 seconds left.
|inactive|Sub Force has 60 seconds left.
|inactive|Sub Force has 30 seconds left.
|inactive|Sub Force has 20 seconds left.
|
|t:|1757638830
|teamsize|p1|4
|teamsize|p2|4
|start
|switch|p1a: Sneasler|Sneasler, L50, M|100/100
|switch|p1b: Rillaboom|Rillaboom, L50, M|100/100
|switch|p2a: Dragapult|Dragapult, L50, M|100/100
|switch|p2b: Volcarona|Volcarona, L50, M|100/100
|-fieldstart|move: Grassy Terrain|[from] ability: Grassy Surge|[of] p1b: Rillaboom
|-enditem|p1a: Sneasler|Grassy Seed
|-boost|p1a: Sneasler|def|1|[from] item: Grassy Seed
|turn|1
|inactive|jofis0131 has 30 seconds left.
|inactive|Sub Force has 30 seconds left.
|
|t:|1757638864
|move|p1b: Rillaboom|Fake Out|p2b: Volcarona
|-damage|p2b: Volcarona|82/100
|move|p1a: Sneasler|Dire Claw|p2a: Dragapult
|-resisted|p2a: Dragapult
|-damage|p2a: Dragapult|71/100
|move|p2a: Dragapult|U-turn|p1b: Rillaboom
|-supereffective|p1b: Rillaboom
|-damage|p1b: Rillaboom|21/100
|
|t:|1757638881
|switch|p2a: Indeedee|Indeedee, L50, M|100/100|[from] U-turn
|-fieldstart|move: Psychic Terrain|[from] ability: Psychic Surge|[of] p2a: Indeedee
|cant|p2b: Volcarona|flinch
|
|upkeep
|turn|2
|inactive|jofis0131 has 30 seconds left.
|inactive|Sub Force has 30 seconds left.
|
|t:|1757638909
|switch|p1b: Archaludon|Archaludon, L50, M|100/100
|-terastallize|p1a: Sneasler|Dark
|move|p1a: Sneasler|Dire Claw|p2b: Volcarona
|-damage|p2b: Volcarona|34/100
|-status|p2b: Volcarona|par
|move|p2a: Indeedee|Expanding Force|p1a: Sneasler|[spread] p1b
|-immune|p1a: Sneasler
|-resisted|p1b: Archaludon
|-damage|p1b: Archaludon|53/100
|cant|p2b: Volcarona|par
|
|upkeep
|turn|3
|
|t:|1757638933
|switch|p1b: Rillaboom|Rillaboom, L50, M|21/100
|-fieldstart|move: Grassy Terrain|[from] ability: Grassy Surge|[of] p1b: Rillaboom
|move|p1a: Sneasler|Dire Claw|p2b: Volcarona
|-damage|p2b: Volcarona|0 fnt
|faint|p2b: Volcarona
|move|p2a: Indeedee|Expanding Force|p1b: Rillaboom
|-damage|p1b: Rillaboom|0 fnt
|faint|p1b: Rillaboom
|
|upkeep
|
|t:|1757638946
|switch|p2b: Dragapult|Dragapult, L50, M|71/100
|switch|p1b: Pelipper|Pelipper, L50, M|100/100
|-weather|RainDance|[from] ability: Drizzle|[of] p1b: Pelipper
|turn|4
|inactive|jofis0131 has 30 seconds left.
|inactive|Sub Force has 30 seconds left.
|
|t:|1757638984
|switch|p2a: Sneasler|Sneasler, L50, M|100/100
|move|p1a: Sneasler|Dire Claw|p2b: Dragapult
|-resisted|p2b: Dragapult
|-damage|p2b: Dragapult|43/100
|move|p2b: Dragapult|U-turn|p1a: Sneasler
|-supereffective|p1a: Sneasler
|-damage|p1a: Sneasler|10/100
|
|t:|1757638992
|switch|p2b: Indeedee|Indeedee, L50, M|100/100|[from] U-turn
|-fieldstart|move: Psychic Terrain|[from] ability: Psychic Surge|[of] p2b: Indeedee
|-enditem|p2a: Sneasler|Psychic Seed
|-boost|p2a: Sneasler|spd|1|[from] item: Psychic Seed
|move|p1b: Pelipper|Tailwind|p1b: Pelipper
|-sidestart|p1: jofis0131|move: Tailwind
|
|-weather|RainDance|[upkeep]
|upkeep
|turn|5
|inactive|jofis0131 has 30 seconds left.
|inactive|Sub Force has 30 seconds left.
|
|t:|1757639019
|move|p2a: Sneasler|Protect|p2a: Sneasler
|-singleturn|p2a: Sneasler|Protect
|move|p1a: Sneasler|Dire Claw|p2b: Indeedee
|-damage|p2b: Indeedee|9/100
|move|p1b: Pelipper|Hurricane|p2b: Indeedee
|-damage|p2b: Indeedee|0 fnt
|faint|p2b: Indeedee
|
|-weather|RainDance|[upkeep]
|upkeep
|
|t:|1757639026
|switch|p2b: Dragapult|Dragapult, L50, M|43/100
|turn|6
|
|t:|1757639044
|-terastallize|p2b: Dragapult|Dragon
|move|p2a: Sneasler|Protect||[still]
|-fail|p2a: Sneasler
|move|p1a: Sneasler|Dire Claw|p2a: Sneasler
|-resisted|p2a: Sneasler
|-damage|p2a: Sneasler|70/100
|move|p1b: Pelipper|Hurricane|p2b: Dragapult
|-damage|p2b: Dragapult|0 fnt
|faint|p2b: Dragapult
|
|-weather|RainDance|[upkeep]
|upkeep
|turn|7
|
|t:|1757639063
|move|p2a: Sneasler|Protect|p2a: Sneasler
|-singleturn|p2a: Sneasler|Protect
|move|p1a: Sneasler|Dire Claw|p2a: Sneasler
|-activate|p2a: Sneasler|move: Protect
|move|p1b: Pelipper|Hurricane|p2a: Sneasler
|-activate|p2a: Sneasler|move: Protect
|
|-weather|RainDance|[upkeep]
|-sideend|p1: jofis0131|move: Tailwind
|upkeep
|turn|8
|
|t:|1757639078
|move|p1a: Sneasler|Dire Claw|p2a: Sneasler
|-resisted|p2a: Sneasler
|-damage|p2a: Sneasler|35/100
|-status|p2a: Sneasler|par
|cant|p2a: Sneasler|par
|move|p1b: Pelipper|Hurricane|p2a: Sneasler
|-supereffective|p2a: Sneasler
|-damage|p2a: Sneasler|0 fnt
|faint|p2a: Sneasler
|
|win|jofis0131
||jofis0131 is ready for game 2.
|inactive|Sub Force has 30 seconds to confirm battle start!
||Sub Force is ready for game 2.
|uhtml|next|Next: Game 2 of 3
|l|☆Sub Force
|player|p2|
|l|☆jofis0131
|player|p1|
