|j|☆dogwitdaglasses
|j|☆spearow's nest
|html|dogwitdaglassesspearow's nest    
|uhtml|bestof|Game 1 of a best-of-3
|t:|1756671451
|gametype|doubles
|player|p1|dogwitdaglasses|guzma|
|player|p2|spearow's nest|lance|
|gen|9
|tier|[Gen 9] VGC 2025 Reg H (Bo3)
|rule|Species Clause: Limit one of each Pokémon
|rule|Item Clause: Limit 1 of each item
|clearpoke
|poke|p1|Rillaboom, L50, F|
|poke|p1|Dragonite, L50, F|
|poke|p1|Sneasler, L50, F|
|poke|p1|Ninetales-Alola, L50, M|
|poke|p1|Kingambit, L50, M|
|poke|p1|Magmar, L50, M|
|poke|p2|Dragonite, L50, F|
|poke|p2|Gholdengo, L50|
|poke|p2|Rillaboom, L50, F|
|poke|p2|Ursaluna-Bloodmoon, L50, M|
|poke|p2|Maushold-Four, L50|
|poke|p2|Annihilape, L50, F|
|teampreview|4
|showteam|p1|Rillaboom||AssaultVest|GrassySurge|WoodHammer,GrassyGlide,HighHorsepower,FakeOut|||F|||50|,,,,,Fire]Dragonite||LoadedDice|Multiscale|Protect,ScaleShot,LowKick,Haze|||F|||50|,,,,,Fairy]Sneasler||WhiteHerb|Unburden|Protect,DireClaw,CloseCombat,Coaching|||F|||50|,,,,,Ghost]Ninetales-Alola||ChoiceSpecs|SnowWarning|Blizzard,IcyWind,Moonblast,FreezeDry|||M|||50|,,,,,Ghost]Kingambit||SafetyGoggles|Defiant|Protect,KowtowCleave,SuckerPunch,SwordsDance|||M|||50|,,,,,Dark]Magmar||Eviolite|VitalSpirit|Protect,FollowMe,Overheat,WillOWisp|||M|||50|,,,,,Ghost
|showteam|p2|Dragonite||LoadedDice|Multiscale|Tailwind,Haze,Protect,ScaleShot|||F|||50|,,,,,Fairy]Gholdengo||LifeOrb|GoodasGold|MakeItRain,ShadowBall,NastyPlot,Protect||||||50|,,,,,Water]Rillaboom||MiracleSeed|GrassySurge|WoodHammer,GrassyGlide,FakeOut,HighHorsepower|||F|||50|,,,,,Fire]Ursaluna-Bloodmoon||AssaultVest|MindsEye|BloodMoon,HyperVoice,EarthPower,VacuumWave|||M|||50|,,,,,Water]Maushold-Four||FocusSash|FriendGuard|SuperFang,FollowMe,BeatUp,Protect||||||50|,,,,,Ghost]Annihilape||SitrusBerry|Defiant|RageFist,DrainPunch,BulkUp,Protect|||F|||50|,,,,,Fire
|
|t:|1756671479
|teamsize|p1|4
|teamsize|p2|4
|start
|switch|p1a: Noah's BFF|Sneasler, L50, F, shiny|100/100
|switch|p1b: Kingambling|Kingambit, L50, M, shiny|100/100
|switch|p2a: Dragonite|Dragonite, L50, F|100/100
|switch|p2b: Gholdengo|Gholdengo, L50|100/100
|turn|1
|
|t:|1756671527
|switch|p2b: Annihilape|Annihilape, L50, F|100/100
|move|p1a: Noah's BFF|Dire Claw|p2a: Dragonite
|-damage|p2a: Dragonite|80/100
|-status|p2a: Dragonite|slp
|cant|p2a: Dragonite|slp
|move|p1b: Kingambling|Kowtow Cleave|p2a: Dragonite
|-crit|p2a: Dragonite
|-damage|p2a: Dragonite|0 fnt
|faint|p2a: Dragonite
|
|upkeep
|
|t:|1756671562
|switch|p2a: Maushold|Maushold-Four, L50|100/100
|turn|2
|
|t:|1756671574
|-terastallize|p1b: Kingambling|Dark
|move|p1a: Noah's BFF|Coaching|p1b: Kingambling
|-boost|p1b: Kingambling|atk|1
|-boost|p1b: Kingambling|def|1
|move|p2a: Maushold|Super Fang|p1b: Kingambling
|-damage|p1b: Kingambling|51/100
|move|p2b: Annihilape|Drain Punch|p1b: Kingambling
|-supereffective|p1b: Kingambling
|-damage|p1b: Kingambling|21/100
|move|p1b: Kingambling|Kowtow Cleave|p2b: Annihilape
|-damage|p2b: Annihilape|29/100
|-enditem|p2b: Annihilape|Sitrus Berry|[eat]
|-heal|p2b: Annihilape|54/100|[from] item: Sitrus Berry
|
|upkeep
|turn|3
|
|t:|1756671599
|move|p1b: Kingambling|Protect|p1b: Kingambling
|-singleturn|p1b: Kingambling|Protect
|move|p2a: Maushold|Follow Me|p2a: Maushold
|-singleturn|p2a: Maushold|move: Follow Me
|move|p1a: Noah's BFF|Dire Claw|p2a: Maushold
|-damage|p2a: Maushold|54/100
|-status|p2a: Maushold|slp
|move|p2b: Annihilape|Bulk Up|p2b: Annihilape
|-boost|p2b: Annihilape|atk|1
|-boost|p2b: Annihilape|def|1
|
|upkeep
|turn|4
|
|t:|1756671634
|cant|p2a: Maushold|slp
|move|p2b: Annihilape|Protect|p2b: Annihilape
|-singleturn|p2b: Annihilape|Protect
|move|p1a: Noah's BFF|Dire Claw|p2b: Annihilape
|-activate|p2b: Annihilape|move: Protect
|move|p1b: Kingambling|Kowtow Cleave|p2a: Maushold
|-damage|p2a: Maushold|0 fnt
|faint|p2a: Maushold
|
|upkeep
|
|t:|1756671645
|switch|p2a: Gholdengo|Gholdengo, L50|100/100
|turn|5
|
|t:|1756671662
|-terastallize|p2a: Gholdengo|Water
|move|p2b: Annihilape|Protect||[still]
|-fail|p2b: Annihilape
|move|p1b: Kingambling|Sucker Punch||[still]
|-fail|p1b: Kingambling
|move|p1a: Noah's BFF|Dire Claw|p2b: Annihilape
|-resisted|p2b: Annihilape
|-damage|p2b: Annihilape|41/100
|-status|p2b: Annihilape|psn
|move|p2a: Gholdengo|Make It Rain|p1b: Kingambling|[spread] p1a,p1b
|-damage|p1a: Noah's BFF|26/100
|-damage|p1b: Kingambling|0 fnt
|-unboost|p2a: Gholdengo|spa|1
|faint|p1b: Kingambling
|-damage|p2a: Gholdengo|91/100|[from] item: Life Orb
|
|-damage|p2b: Annihilape|28/100 psn|[from] psn
|upkeep
|
|t:|1756671680
|switch|p1b: Hi peli|Ninetales-Alola, L50, M, shiny|100/100
|-weather|Snowscape|[from] ability: Snow Warning|[of] p1b: Hi peli
|turn|6
|
|t:|1756671694
|move|p1a: Noah's BFF|Close Combat|p2a: Gholdengo
|-damage|p2a: Gholdengo|25/100
|-unboost|p1a: Noah's BFF|def|1
|-unboost|p1a: Noah's BFF|spd|1
|-enditem|p1a: Noah's BFF|White Herb
|-clearnegativeboost|p1a: Noah's BFF|[silent]
|move|p1b: Hi peli|Blizzard|p2b: Annihilape|[spread] p2a,p2b
|-resisted|p2a: Gholdengo
|-damage|p2a: Gholdengo|2/100
|-damage|p2b: Annihilape|0 fnt
|faint|p2b: Annihilape
|move|p2a: Gholdengo|Make It Rain|p1b: Hi peli|[spread] p1a,p1b
|-crit|p1a: Noah's BFF
|-supereffective|p1b: Hi peli
|-damage|p1a: Noah's BFF|0 fnt
|-damage|p1b: Hi peli|0 fnt
|-unboost|p2a: Gholdengo|spa|1
|faint|p1a: Noah's BFF
|faint|p1b: Hi peli
|-damage|p2a: Gholdengo|0 fnt|[from] item: Life Orb
|faint|p2a: Gholdengo
|
|win|dogwitdaglasses
|inactive|dogwitdaglasses has 30 seconds to confirm battle start!
|inactive|spearow's nest has 30 seconds to confirm battle start!
||spearow's nest is ready for game 2.
||dogwitdaglasses is ready for game 2.
|uhtml|next|Next: Game 2 of 3
|l|☆spearow's nest
|player|p2|
|l|☆dogwitdaglasses
|player|p1|
|j|☆spearow's nest
|player|p2|spearow's nest|lance|
