|j|☆washingtongargacha
|j|☆Foffa
|html|washingtongargachaFoffa    
|uhtml|bestof|Game 3 of a best-of-3
|t:|1757070053
|gametype|doubles
|player|p1|washingtongargacha|2|1174
|player|p2|Foffa|102|1182
|gen|9
|tier|[Gen 9] VGC 2025 Reg H (Bo3)
|rated|
|rule|Species Clause: Limit one of each Pokémon
|rule|Item Clause: Limit 1 of each item
|clearpoke
|poke|p1|Talonflame, L50, M|
|poke|p1|Gholdengo, L50|
|poke|p1|Dragonite, L50, M|
|poke|p1|Archaludon, L50, F|
|poke|p1|Tyranitar, L50, M|
|poke|p1|Garchomp, L50, F|
|poke|p2|Chesnaught, L50, M|
|poke|p2|Ninetales-Alola, L50, F|
|poke|p2|Incineroar, L50, F|
|poke|p2|Gholdengo, L50|
|poke|p2|Garchomp, L50, F|
|poke|p2|Talonflame, L50, M|
|teampreview|4
|showteam|p1|Talonflame||CovertCloak|GaleWings|Tailwind,BraveBird,Taunt,WillOWisp|||M|||50|,,,,,Ghost]Gholdengo||ChoiceSpecs|GoodasGold|MakeItRain,SteelBeam,ShadowBall,PowerGem||||||50|,,,,,Steel]Dragonite||LoadedDice|Multiscale|ScaleShot,IceSpinner,Haze,Protect|||M|||50|,,,,,Steel]Archaludon||PowerHerb|Sturdy|FlashCannon,ElectroShot,DracoMeteor,Protect|||F|||50|,,,,,Flying]Tyranitar||AssaultVest|SandStream|KnockOff,RockSlide,TeraBlast,LowKick|||M|||50|,,,,,Flying]Garchomp||LifeOrb|RoughSkin|DragonClaw,StompingTantrum,Earthquake,Protect|||F|||50|,,,,,Steel
|showteam|p2|Chesnaught||Leftovers|Bulletproof|SpikyShield,IronDefense,BodyPress,LeechSeed|||M|||50|,,,,,Steel]Ninetales-Alola||LightClay|SnowWarning|Protect,AuroraVeil,Blizzard,IcyWind|||F|||50|,,,,,Fire]Incineroar||RockyHelmet|Intimidate|FlareBlitz,FakeOut,KnockOff,PartingShot|||F|||50|,,,,,Fairy]Gholdengo||ChoiceScarf|GoodasGold|MakeItRain,ShadowBall,Trick,PowerGem||||||50|,,,,,Steel]Garchomp||ClearAmulet|RoughSkin|DragonClaw,Protect,StompingTantrum,Earthquake|||F|||50|,,,,,Fire]Talonflame||CovertCloak|GaleWings|Tailwind,Taunt,WillOWisp,DualWingbeat|||M|||50|,,,,,Ghost
|
|t:|1757070103
|teamsize|p1|4
|teamsize|p2|4
|start
|switch|p1a: Talonflame|Talonflame, L50, M|100/100
|switch|p1b: Tyranitar|Tyranitar, L50, M|100/100
|switch|p2a: Garchomp|Garchomp, L50, F|100/100
|switch|p2b: Talonflame|Talonflame, L50, M|100/100
|-weather|Sandstorm|[from] ability: Sand Stream|[of] p1b: Tyranitar
|turn|1
|
|t:|1757070136
|switch|p2b: Incineroar|Incineroar, L50, F|100/100
|-ability|p2b: Incineroar|Intimidate|boost
|-unboost|p1a: Talonflame|atk|1
|-unboost|p1b: Tyranitar|atk|1
|-terastallize|p1b: Tyranitar|Flying
|move|p2a: Garchomp|Protect|p2a: Garchomp
|-singleturn|p2a: Garchomp|Protect
|move|p1a: Talonflame|Tailwind|p1a: Talonflame
|-sidestart|p1: washingtongargacha|move: Tailwind
|move|p1b: Tyranitar|Knock Off|p2a: Garchomp
|-activate|p2a: Garchomp|move: Protect
|
|-weather|Sandstorm|[upkeep]
|-damage|p1a: Talonflame|94/100|[from] Sandstorm
|-damage|p1b: Tyranitar|95/100|[from] Sandstorm
|-damage|p2b: Incineroar|94/100|[from] Sandstorm
|upkeep
|turn|2
|
|t:|1757070162
|switch|p2a: Talonflame|Talonflame, L50, M|100/100
|move|p1a: Talonflame|Will-O-Wisp|p2a: Talonflame
|-immune|p2a: Talonflame
|move|p1b: Tyranitar|Knock Off|p2a: Talonflame
|-damage|p2a: Talonflame|61/100
|-enditem|p2a: Talonflame|Covert Cloak|[from] move: Knock Off|[of] p1b: Tyranitar
|move|p2b: Incineroar|Knock Off|p1b: Tyranitar
|-damage|p1b: Tyranitar|58/100
|-enditem|p1b: Tyranitar|Assault Vest|[from] move: Knock Off|[of] p2b: Incineroar
|
|-weather|Sandstorm|[upkeep]
|-damage|p1a: Talonflame|88/100|[from] Sandstorm
|-damage|p1b: Tyranitar|52/100|[from] Sandstorm
|-damage|p2a: Talonflame|55/100|[from] Sandstorm
|-damage|p2b: Incineroar|88/100|[from] Sandstorm
|upkeep
|turn|3
|
|t:|1757070202
|switch|p2a: Gholdengo|Gholdengo, L50|100/100
|switch|p2b: Garchomp|Garchomp, L50, F|100/100
|move|p1a: Talonflame|Brave Bird|p2b: Garchomp
|-damage|p2b: Garchomp|79/100
|-damage|p1a: Talonflame|76/100|[from] ability: Rough Skin|[of] p2b: Garchomp
|-damage|p1a: Talonflame|68/100|[from] Recoil
|move|p1b: Tyranitar|Rock Slide|p2b: Garchomp|[spread] p2a,p2b
|-resisted|p2a: Gholdengo
|-resisted|p2b: Garchomp
|-damage|p2a: Gholdengo|90/100
|-damage|p2b: Garchomp|70/100
|
|-weather|Sandstorm|[upkeep]
|-damage|p1a: Talonflame|61/100|[from] Sandstorm
|-damage|p1b: Tyranitar|47/100|[from] Sandstorm
|upkeep
|turn|4
|
|t:|1757070253
|switch|p1a: Garchomp|Garchomp, L50, F|100/100
|switch|p2a: Talonflame|Talonflame, L50, M|55/100
|-terastallize|p2b: Garchomp|Fire
|move|p1b: Tyranitar|Knock Off|p2a: Talonflame
|-damage|p2a: Talonflame|24/100
|move|p2b: Garchomp|Dragon Claw|p1a: Garchomp
|-supereffective|p1a: Garchomp
|-damage|p1a: Garchomp|18/100
|-damage|p2b: Garchomp|58/100|[from] ability: Rough Skin|[of] p1a: Garchomp
|
|-weather|Sandstorm|[upkeep]
|-damage|p1b: Tyranitar|41/100|[from] Sandstorm
|-damage|p2a: Talonflame|18/100|[from] Sandstorm
|-damage|p2b: Garchomp|52/100|[from] Sandstorm
|-sideend|p1: washingtongargacha|move: Tailwind
|upkeep
|turn|5
|
|t:|1757070279
|switch|p1a: Talonflame|Talonflame, L50, M|61/100
|move|p2b: Garchomp|Protect|p2b: Garchomp
|-singleturn|p2b: Garchomp|Protect
|move|p2a: Talonflame|Tailwind|p2a: Talonflame
|-sidestart|p2: Foffa|move: Tailwind
|move|p1b: Tyranitar|Rock Slide|p2a: Talonflame|[spread] p2a
|-activate|p2b: Garchomp|move: Protect
|-supereffective|p2a: Talonflame
|-damage|p2a: Talonflame|0 fnt
|faint|p2a: Talonflame
|
|-weather|none
|upkeep
|
|t:|1757070295
|switch|p2a: Gholdengo|Gholdengo, L50|90/100
|turn|6
|
|t:|1757070301
|move|p2a: Gholdengo|Shadow Ball|p1a: Talonflame
|-damage|p1a: Talonflame|11/100
|move|p2b: Garchomp|Dragon Claw|p1a: Talonflame
|-damage|p1a: Talonflame|0 fnt
|faint|p1a: Talonflame
|move|p1b: Tyranitar|Knock Off|p2a: Gholdengo
|-supereffective|p2a: Gholdengo
|-damage|p2a: Gholdengo|19/100
|-enditem|p2a: Gholdengo|Choice Scarf|[from] move: Knock Off|[of] p1b: Tyranitar
|
|upkeep
|
|t:|1757070315
|switch|p1a: Garchomp|Garchomp, L50, F|18/100
|turn|7
|
|t:|1757070333
|move|p2a: Gholdengo|Make It Rain|p1b: Tyranitar|[spread] p1a,p1b
|-damage|p1a: Garchomp|0 fnt
|-damage|p1b: Tyranitar|0 fnt
|-unboost|p2a: Gholdengo|spa|1
|faint|p1a: Garchomp
|faint|p1b: Tyranitar
|move|p2b: Garchomp|Dragon Claw|p1: Garchomp|[notarget]
|-fail|p2b: Garchomp
|
|upkeep
|
|t:|1757070344
|switch|p1b: Gholdengo|Gholdengo, L50|100/100
|turn|8
|-message|washingtongargacha forfeited.
|
|win|Foffa
|raw|washingtongargacha's rating: 1174 → 1150(-24 for losing)
|raw|Foffa's rating: 1182 → 1206(+24 for winning)
