|j|☆pepelniciq2
|j|☆pom123123123
|html|pepelniciq2pom123123123    
|uhtml|bestof|Game 1 of a best-of-3
|t:|1782543958
|gametype|doubles
|player|p1|pepelniciq2|miku-ghost|1163
|player|p2|pom123123123|wattson|1254
|gen|9
|tier|[Gen 9 Champions] VGC 2026 Reg M-B (Bo3)
|rated|
|rule|Species Clause: Limit one of each Pokémon
|rule|Item Clause: Limit 1 of each item
|clearpoke
|poke|p1|Pyroar, L50, M, shiny|
|poke|p1|Floette-Eternal, L50, F, shiny|
|poke|p1|Ninetales, L50, M, shiny|
|poke|p1|Whimsicott, L50, M, shiny|
|poke|p1|Basculegion, L50, M, shiny|
|poke|p1|Farigiraf, L50, M, shiny|
|poke|p2|Dragalge, L50, F|
|poke|p2|Sinistcha, L50|
|poke|p2|Incineroar, L50, F|
|poke|p2|Rotom-Wash, L50|
|poke|p2|Pelipper, L50, M|
|poke|p2|Swampert, L50, M|
|teampreview|4
|showteam|p1|Pyroar||Pyroarite|Unnerve|Overheat,HeatWave,SolarBeam,Protect|Timid||M|||50|]Floette-Eternal||Floettite|FlowerVeil|LightofRuin,DazzlingGleam,Moonblast,Protect|Modest||F|||50|]Ninetales||ChoiceScarf|Drought|WeatherBall,HeatWave,SolarBeam,FakeTears|Modest||M|||50|]Whimsicott||FocusSash|Prankster|Moonblast,SunnyDay,Tailwind,Protect|Timid||M|||50|]Basculegion||LifeOrb|Adaptability|WaveCrash,AquaJet,LastRespects,Protect|Adamant||M|||50|]Farigiraf||SitrusBerry|ArmorTail|Psychic,Thunderbolt,TrickRoom,HelpingHand|Bold||M|||50|
|showteam|p2|Dragalge||Dragalgite|Adaptability|SludgeBomb,DracoMeteor,Haze,Protect|Quiet||F|||50|]Sinistcha||KasibBerry|Hospitality|MatchaGotcha,RagePowder,TrickRoom,Protect|Relaxed|||||50|]Incineroar||ShucaBerry|Intimidate|DarkestLariat,FlareBlitz,PartingShot,FakeOut|Impish||F|||50|]Rotom-Wash||ChoiceScarf|Levitate|Thunder,HydroPump,WillOWisp,VoltSwitch|Timid|||||50|]Pelipper||FocusSash|Drizzle|WeatherBall,Hurricane,Tailwind,Protect|Modest||M|||50|]Swampert||Swampertite|Torrent|Earthquake,WaveCrash,IcePunch,Protect|Adamant||M|||50|
|inactive|Battle timer is ON: inactive players will automatically lose when time's up. (requested by pom123123123)
|inactive|pepelniciq2 has 60 seconds left.
|inactive|pom123123123 has 60 seconds left.
|
|t:|1782544000
|teamsize|p1|4
|teamsize|p2|4
|start
|switch|p1a: Pyroar|Pyroar, L50, M, shiny|100/100
|switch|p1b: Whimsicott|Whimsicott, L50, M, shiny|100/100
|switch|p2a: Rotom|Rotom-Wash, L50|100/100
|switch|p2b: Sashimi|Swampert, L50, M|100/100
|-ability|p1a: Pyroar|Unnerve
|turn|1
|inactive|pom123123123 has 30 seconds left.
|inactive|pepelniciq2 has 30 seconds left.
|
|t:|1782544034
|detailschange|p1a: Pyroar|Pyroar-Mega, L50, M, shiny
|-mega|p1a: Pyroar|Pyroar|Pyroarite
|detailschange|p2b: Sashimi|Swampert-Mega, L50, M
|-mega|p2b: Sashimi|Swampert|Swampertite
|move|p1b: Whimsicott|Sunny Day|p1b: Whimsicott
|-weather|SunnyDay
|move|p2a: Rotom|Volt Switch|p1b: Whimsicott
|-resisted|p1b: Whimsicott|1
|-damage|p1b: Whimsicott|74/100
|
|t:|1782544042
|switch|p2a: Lawine|Pelipper, L50, M|100/100|[from] Volt Switch
|-weather|RainDance|[from] ability: Drizzle|[of] p2a: Lawine
|move|p2b: Sashimi|Wave Crash|p1a: Pyroar
|-supereffective|p1a: Pyroar|1
|-crit|p1a: Pyroar
|-damage|p1a: Pyroar|0 fnt
|faint|p1a: Pyroar
|-damage|p2b: Sashimi|70/100|[from] Recoil
|
|-weather|RainDance|[upkeep]
|upkeep
|
|t:|1782544046
|switch|p1a: Ninetales|Ninetales, L50, M, shiny|100/100
|-weather|SunnyDay|[from] ability: Drought|[of] p1a: Ninetales
|turn|2
|
|t:|1782544067
|switch|p2b: Miso|Incineroar, L50, F|100/100
|-ability|p2b: Miso|Intimidate|boost
|-unboost|p1a: Ninetales|atk|1
|-unboost|p1b: Whimsicott|atk|1
|move|p1a: Ninetales|Solar Beam||[still]
|-prepare|p1a: Ninetales|Solar Beam
|-anim|p1a: Ninetales|Solar Beam|p2b: Miso
|-resisted|p2b: Miso|1
|-damage|p2b: Miso|83/100
|move|p1b: Whimsicott|Moonblast|p2a: Lawine
|-damage|p2a: Lawine|35/100
|move|p2a: Lawine|Weather Ball|p1b: Whimsicott
|-supereffective|p1b: Whimsicott|1
|-damage|p1b: Whimsicott|0 fnt
|faint|p1b: Whimsicott
|
|-weather|SunnyDay|[upkeep]
|upkeep
|
|t:|1782544074
|switch|p1b: Basculegion|Basculegion, L50, M, shiny|100/100
|turn|3
|
|t:|1782544099
|switch|p2a: Rotom|Rotom-Wash, L50|100/100
|move|p2b: Miso|Fake Out|p1a: Ninetales
|-damage|p1a: Ninetales|82/100
|cant|p1a: Ninetales|flinch
|move|p1b: Basculegion|Wave Crash|p2b: Miso
|-supereffective|p2b: Miso|1
|-damage|p2b: Miso|9/100
|-damage|p1b: Basculegion|75/100|[from] Recoil
|-damage|p1b: Basculegion|66/100|[from] item: Life Orb
|
|-weather|SunnyDay|[upkeep]
|upkeep
|turn|4
|inactive|pepelniciq2 has 30 seconds left.
|
|t:|1782544125
|switch|p2b: Lawine|Pelipper, L50, M|35/100
|-weather|RainDance|[from] ability: Drizzle|[of] p2b: Lawine
|move|p1b: Basculegion|Protect|p1b: Basculegion
|-singleturn|p1b: Basculegion|Protect
|move|p1a: Ninetales|Solar Beam||[still]
|-prepare|p1a: Ninetales|Solar Beam
|move|p2a: Rotom|Thunder|p1b: Basculegion
|-activate|p1b: Basculegion|move: Protect
|
|-weather|RainDance|[upkeep]
|upkeep
|turn|5
|inactive|pepelniciq2 has 30 seconds left.
|inactive|pom123123123 has 30 seconds left.
|
|t:|1782544154
|move|p1a: Ninetales|Solar Beam|p2a: Rotom|[from] lockedmove
|-supereffective|p2a: Rotom|1
|-damage|p2a: Rotom|56/100
|move|p2a: Rotom|Thunder|p1b: Basculegion
|-supereffective|p1b: Basculegion|1
|-damage|p1b: Basculegion|0 fnt
|faint|p1b: Basculegion
|move|p2b: Lawine|Weather Ball|p1a: Ninetales
|-supereffective|p1a: Ninetales|1
|-damage|p1a: Ninetales|0 fnt
|faint|p1a: Ninetales
|
|win|pom123123123
||pepelniciq2 is ready for game 2.
|inactive|pom123123123 has 30 seconds to confirm battle start!
||pom123123123 is ready for game 2.
|uhtml|next|Next: Game 2 of 3
