|j|☆falafamiredosidofa
|j|☆Woodcraft0147
|html|falafamiredosidofaWoodcraft0147    
|uhtml|bestof|Game 1 of a best-of-3
|t:|1785781171
|gametype|doubles
|player|p1|falafamiredosidofa|steven|1000
|player|p2|Woodcraft0147|piers|1085
|gen|9
|tier|[Gen 9 Champions] VGC 2026 Reg M-B (Bo3)
|rated|
|rule|Species Clause: Limit one of each Pokémon
|rule|Item Clause: Limit 1 of each item
|clearpoke
|poke|p1|Garchomp, L50, M|
|poke|p1|Venusaur, L50, F|
|poke|p1|Incineroar, L50, M|
|poke|p1|Charizard, L50, F|
|poke|p1|Toxapex, L50, F|
|poke|p1|Annihilape, L50, M|
|poke|p2|Pelipper, L50, M|
|poke|p2|Basculegion, L50, M|
|poke|p2|Farigiraf, L50, F|
|poke|p2|Swampert, L50, M|
|poke|p2|Sylveon, L50, M|
|poke|p2|Crabominable, L50, M|
|teampreview|4
|showteam|p1|Garchomp||ChoiceScarf|RoughSkin|Earthquake,RockSlide,DragonClaw,StompingTantrum|Adamant||M|||50|]Venusaur||LifeOrb|Chlorophyll|SludgeBomb,SolarBeam,EarthPower,Protect|Modest||F|||50|]Incineroar||SitrusBerry|Intimidate|FakeOut,FlareBlitz,ThroatChop,PartingShot|Impish||M|||50|]Charizard||CharizarditeY|Blaze|HeatWave,WeatherBall,Protect,HelpingHand|Modest||F|||50|]Toxapex||Leftovers|Regenerator|Infestation,Toxic,WideGuard,BanefulBunker|Impish||F|||50|]Annihilape||FocusSash|Defiant|CloseCombat,PhantomForce,RockTomb,Protect|Jolly||M|||50|
|showteam|p2|Pelipper||SitrusBerry|Drizzle|Hurricane,WeatherBall,Tailwind,WideGuard|Modest||M|||50|]Basculegion||LifeOrb|SwiftSwim|LastRespects,FlipTurn,WaveCrash,Protect|Adamant||M|||50|]Farigiraf||ColburBerry|ArmorTail|HyperVoice,Psychic,HelpingHand,TrickRoom|Quiet||F|||50|]Swampert||Swampertite|Torrent|WaveCrash,HighHorsepower,IcePunch,Protect|Adamant||M|||50|]Sylveon||Leftovers|Pixilate|HyperVoice,Psychic,ShadowBall,Protect|Modest||M|||50|]Crabominable||Crabominite|IronFist|IceHammer,DrainPunch,MachPunch,Protect|Adamant||M|||50|
|inactive|Battle timer is ON: inactive players will automatically lose when time's up. (requested by Woodcraft0147)
|inactive|falafamiredosidofa has 60 seconds left.
|
|t:|1785781255
|teamsize|p1|4
|teamsize|p2|4
|start
|switch|p1a: Incineroar|Incineroar, L50, M|100/100
|switch|p1b: Charizard|Charizard, L50, F|100/100
|switch|p2a: Farigiraf|Farigiraf, L50, F|100/100
|switch|p2b: Crabominable|Crabominable, L50, M|100/100
|-ability|p1a: Incineroar|Intimidate|boost
|-unboost|p2a: Farigiraf|atk|1
|-unboost|p2b: Crabominable|atk|1
|turn|1
|inactive|falafamiredosidofa has 30 seconds left.
|
|t:|1785781287
|detailschange|p1b: Charizard|Charizard-Mega-Y, L50, F
|-mega|p1b: Charizard|Charizard|Charizardite Y
|-weather|SunnyDay|[from] ability: Drought|[of] p1b: Charizard
|move|p2b: Crabominable|Protect|p2b: Crabominable
|-singleturn|p2b: Crabominable|Protect
|move|p1b: Charizard|Heat Wave|p2a: Farigiraf|[spread] p2a
|-activate|p2b: Crabominable|move: Protect
|-damage|p2a: Farigiraf|43/100
|move|p1a: Incineroar|Parting Shot|p2a: Farigiraf
|-unboost|p2a: Farigiraf|atk|1
|-unboost|p2a: Farigiraf|spa|1
|
|t:|1785781300
|switch|p1a: Toxapex|Toxapex, L50, F|100/100|[from] Parting Shot
|move|p2a: Farigiraf|Trick Room|p2a: Farigiraf
|-fieldstart|move: Trick Room|[of] p2a: Farigiraf
|
|-weather|SunnyDay|[upkeep]
|upkeep
|turn|2
|
|t:|1785781316
|move|p1a: Toxapex|Toxic|p2b: Crabominable
|-status|p2b: Crabominable|tox
|move|p2b: Crabominable|Ice Hammer|p1b: Charizard
|-damage|p1b: Charizard|53/100
|-unboost|p2b: Crabominable|spe|1
|move|p2a: Farigiraf|Psychic|p1a: Toxapex
|-supereffective|p1a: Toxapex|1
|-damage|p1a: Toxapex|57/100
|move|p1b: Charizard|Heat Wave|p2b: Crabominable|[spread] p2a,p2b
|-supereffective|p2b: Crabominable|1
|-damage|p2a: Farigiraf|0 fnt
|-damage|p2b: Crabominable|0 fnt
|faint|p2a: Farigiraf
|faint|p2b: Crabominable
|
|-weather|SunnyDay|[upkeep]
|-heal|p1a: Toxapex|63/100|[from] item: Leftovers
|upkeep
|
|t:|1785781323
|switch|p2b: Swampert|Swampert, L50, M|100/100
|switch|p2a: Pelipper|Pelipper, L50, M|100/100
|-weather|RainDance|[from] ability: Drizzle|[of] p2a: Pelipper
|turn|3
|inactive|falafamiredosidofa has 30 seconds left.
|
|t:|1785781355
|switch|p1b: Incineroar|Incineroar, L50, M|100/100
|-ability|p1b: Incineroar|Intimidate|boost
|-unboost|p2a: Pelipper|atk|1
|-unboost|p2b: Swampert|atk|1
|move|p2b: Swampert|Protect|p2b: Swampert
|-singleturn|p2b: Swampert|Protect
|move|p1a: Toxapex|Toxic|p2b: Swampert
|-activate|p2b: Swampert|move: Protect
|move|p2a: Pelipper|Weather Ball|p1b: Incineroar
|-supereffective|p1b: Incineroar|1
|-crit|p1b: Incineroar
|-damage|p1b: Incineroar|0 fnt
|faint|p1b: Incineroar
|
|-weather|RainDance|[upkeep]
|-heal|p1a: Toxapex|69/100|[from] item: Leftovers
|upkeep
|
|t:|1785781370
|switch|p1b: Charizard|Charizard-Mega-Y, L50, F|53/100
|-weather|SunnyDay|[from] ability: Drought|[of] p1b: Charizard
|turn|4
|inactive|falafamiredosidofa has 30 seconds left.
|inactive|falafamiredosidofa has 20 seconds left.
|inactive|falafamiredosidofa has 15 seconds left.
|
|t:|1785781414
|-heal|p1a: Toxapex|100/100|[from] ability: Regenerator|[silent]
|switch|p1a: Garchomp|Garchomp, L50, M|100/100
|detailschange|p2b: Swampert|Swampert-Mega, L50, M
|-mega|p2b: Swampert|Swampert|Swampertite
|move|p2a: Pelipper|Wide Guard|p2a: Pelipper
|-singleturn|p2a: Pelipper|Wide Guard
|move|p2b: Swampert|High Horsepower|p1a: Garchomp
|-damage|p1a: Garchomp|62/100
|-damage|p2b: Swampert|87/100|[from] ability: Rough Skin|[of] p1a: Garchomp
|move|p1b: Charizard|Weather Ball|p2b: Swampert
|-resisted|p2b: Swampert|1
|-damage|p2b: Swampert|54/100
|
|-weather|SunnyDay|[upkeep]
|upkeep
|turn|5
|inactive|falafamiredosidofa has 30 seconds left.
|
|t:|1785781446
|move|p2b: Swampert|Protect|p2b: Swampert
|-singleturn|p2b: Swampert|Protect
|move|p2a: Pelipper|Tailwind|p2a: Pelipper
|-sidestart|p2: Woodcraft0147|move: Tailwind
|move|p1b: Charizard|Weather Ball|p2a: Pelipper
|-resisted|p2a: Pelipper|1
|-damage|p2a: Pelipper|43/100
|-enditem|p2a: Pelipper|Sitrus Berry|[eat]
|-heal|p2a: Pelipper|68/100|[from] item: Sitrus Berry
|move|p1a: Garchomp|Dragon Claw|p2a: Pelipper
|-damage|p2a: Pelipper|20/100y
|
|-weather|SunnyDay|[upkeep]
|-fieldend|move: Trick Room
|upkeep
|turn|6
|
|t:|1785781468
|move|p1a: Garchomp|Dragon Claw|p2b: Swampert
|-damage|p2b: Swampert|19/100
|move|p2b: Swampert|Ice Punch|p1a: Garchomp
|-supereffective|p1a: Garchomp|2
|-damage|p1a: Garchomp|0 fnt
|-damage|p2b: Swampert|7/100|[from] ability: Rough Skin|[of] p1a: Garchomp
|faint|p1a: Garchomp
|move|p2a: Pelipper|Hurricane|p1b: Charizard|[miss]
|-miss|p2a: Pelipper|p1b: Charizard
|move|p1b: Charizard|Weather Ball|p2b: Swampert
|-resisted|p2b: Swampert|1
|-damage|p2b: Swampert|0 fnt
|faint|p2b: Swampert
|
|-weather|SunnyDay|[upkeep]
|upkeep
|
|t:|1785781473
|switch|p1a: Toxapex|Toxapex, L50, F|100/100
|turn|7
|
|t:|1785781479
|move|p1b: Charizard|Protect|p1b: Charizard
|-singleturn|p1b: Charizard|Protect
|move|p2a: Pelipper|Hurricane|p1b: Charizard
|-activate|p1b: Charizard|move: Protect
|move|p1a: Toxapex|Infestation|p2a: Pelipper
|-resisted|p2a: Pelipper|1
|-damage|p2a: Pelipper|18/100
|-activate|p2a: Pelipper|move: Infestation|[of] p1a: Toxapex
|
|-weather|SunnyDay|[upkeep]
|-damage|p2a: Pelipper|6/100|[from] move: Infestation|[partiallytrapped]
|upkeep
|turn|8
|
|t:|1785781488
|move|p1b: Charizard|Helping Hand|p1a: Toxapex
|-singleturn|p1a: Toxapex|Helping Hand|[of] p1b: Charizard
|move|p1a: Toxapex|Baneful Bunker|p1a: Toxapex
|-singleturn|p1a: Toxapex|move: Protect
|move|p2a: Pelipper|Hurricane|p1a: Toxapex
|-activate|p1a: Toxapex|move: Protect
|
|-weather|none
|-damage|p2a: Pelipper|0 fnt|[from] move: Infestation|[partiallytrapped]
|faint|p2a: Pelipper
|
|win|falafamiredosidofa
