|j|☆raikudosenien
|j|☆Rinirin
|html|raikudosenienRinirin    
|uhtml|bestof|Game 2 of a best-of-3
|t:|1784904377
|gametype|doubles
|player|p1|raikudosenien|170|1043
|player|p2|Rinirin|lacey|1110
|gen|9
|tier|[Gen 9 Champions] VGC 2026 Reg M-B (Bo3)
|rated|
|rule|Species Clause: Limit one of each Pokémon
|rule|Item Clause: Limit 1 of each item
|clearpoke
|poke|p1|Blaziken, L50, M|
|poke|p1|Toxapex, L50, F|
|poke|p1|Garchomp, L50, M|
|poke|p1|Zoroark-Hisui, L50, M|
|poke|p1|Incineroar, L50, M|
|poke|p1|Grimmsnarl, L50, M|
|poke|p2|Blaziken, L50, F|
|poke|p2|Kingambit, L50, F|
|poke|p2|Vanilluxe, L50, M|
|poke|p2|Dragonite, L50, F|
|poke|p2|Venusaur, L50, M|
|poke|p2|Grimmsnarl, L50, M|
|teampreview|4
|showteam|p1|Blaziken||Blazikenite|SpeedBoost|BlazeKick,CloseCombat,RockSlide,Detect|Adamant||M|||50|]Toxapex||Leftovers|Regenerator|Infestation,Toxic,BanefulBunker,Recover|Calm||F|||50|]Garchomp||LifeOrb|RoughSkin|StompingTantrum,ScaleShot,BrickBreak,RockSlide|Jolly||M|||50|]Zoroark-Hisui||ChoiceScarf|Illusion|Snarl,BitterMalice,HyperBeam,IcyWind|Modest||M|||50|]Incineroar||BlackGlasses|Intimidate|DarkestLariat,FlareBlitz,PartingShot,FakeOut|Adamant||M|||50|]Grimmsnarl||FairyFeather|Prankster|PartingShot,FakeOut,SpiritBreak,SuckerPunch|Adamant||M|||50|
|showteam|p2|Blaziken||Blazikenite|SpeedBoost|CloseCombat,FlareBlitz,Protect,RockSlide|Adamant||F|||50|]Kingambit||BlackGlasses|Defiant|KowtowCleave,SuckerPunch,IronHead,Protect|Adamant||F|||50|]Vanilluxe||ChoiceScarf|SnowWarning|Blizzard,FreezeDry,IcyWind,AuroraVeil|Timid||M|||50|]Dragonite||LifeOrb|InnerFocus|DragonClaw,LowKick,Protect,ExtremeSpeed|Adamant||F|||50|]Venusaur||Venusaurite|Chlorophyll|SludgeBomb,EarthPower,Protect,SleepPowder|Modest||M|||50|]Grimmsnarl||LightClay|Prankster|SpiritBreak,FoulPlay,PartingShot,LightScreen|Impish||M|||50|
|
|t:|1784904398
|teamsize|p1|4
|teamsize|p2|4
|start
|switch|p1a: Blaziken|Blaziken, L50, M|100/100
|switch|p1b: Toxapex|Toxapex, L50, F|100/100
|switch|p2a: Kingambit|Kingambit, L50, F|100/100
|switch|p2b: Grimmsnarl|Grimmsnarl, L50, M|100/100
|turn|1
|
|t:|1784904423
|detailschange|p1a: Blaziken|Blaziken-Mega, L50, M
|-mega|p1a: Blaziken|Blaziken|Blazikenite
|move|p1a: Blaziken|Detect|p1a: Blaziken
|-singleturn|p1a: Blaziken|Protect
|move|p2a: Kingambit|Protect|p2a: Kingambit
|-singleturn|p2a: Kingambit|Protect
|move|p2b: Grimmsnarl|Parting Shot|p1a: Blaziken
|-activate|p1a: Blaziken|move: Protect
|move|p1b: Toxapex|Toxic|p2b: Grimmsnarl
|-status|p2b: Grimmsnarl|tox
|
|-damage|p2b: Grimmsnarl|94/100 tox|[from] psn
|-ability|p1a: Blaziken|Speed Boost|boost
|-boost|p1a: Blaziken|spe|1
|upkeep
|turn|2
|inactive|Battle timer is ON: inactive players will automatically lose when time's up. (requested by Rinirin)
|
|t:|1784904450
|switch|p2a: Dragonite|Dragonite, L50, F|100/100
|move|p2b: Grimmsnarl|Parting Shot|p1a: Blaziken
|-unboost|p1a: Blaziken|atk|1
|-unboost|p1a: Blaziken|spa|1
|
|t:|1784904455
|switch|p2b: Kingambit|Kingambit, L50, F|100/100|[from] Parting Shot
|move|p1a: Blaziken|Close Combat|p2a: Dragonite
|-resisted|p2a: Dragonite|1
|-damage|p2a: Dragonite|72/100
|-unboost|p1a: Blaziken|def|1
|-unboost|p1a: Blaziken|spd|1
|move|p1b: Toxapex|Toxic|p2b: Kingambit
|-immune|p2b: Kingambit
|
|-ability|p1a: Blaziken|Speed Boost|boost
|-boost|p1a: Blaziken|spe|1
|upkeep
|turn|3
|
|t:|1784904473
|move|p2a: Dragonite|Protect|p2a: Dragonite
|-singleturn|p2a: Dragonite|Protect
|move|p2b: Kingambit|Protect|p2b: Kingambit
|-singleturn|p2b: Kingambit|Protect
|move|p1a: Blaziken|Close Combat|p2b: Kingambit
|-activate|p2b: Kingambit|move: Protect
|move|p1b: Toxapex|Toxic|p2a: Dragonite
|-activate|p2a: Dragonite|move: Protect
|
|-ability|p1a: Blaziken|Speed Boost|boost
|-boost|p1a: Blaziken|spe|1
|upkeep
|turn|4
|
|t:|1784904486
|move|p2a: Dragonite|Extreme Speed|p1a: Blaziken
|-damage|p1a: Blaziken|16/100
|-damage|p2a: Dragonite|62/100|[from] item: Life Orb
|move|p2b: Kingambit|Sucker Punch|p1a: Blaziken
|-resisted|p1a: Blaziken|1
|-damage|p1a: Blaziken|0 fnt
|faint|p1a: Blaziken
|move|p1b: Toxapex|Toxic|p2a: Dragonite
|-status|p2a: Dragonite|tox
|
|-damage|p2a: Dragonite|56/100 tox|[from] psn
|upkeep
|
|t:|1784904499
|switch|p1a: Garchomp|Garchomp, L50, M|100/100
|turn|5
|
|t:|1784904511
|move|p2b: Kingambit|Protect|p2b: Kingambit
|-singleturn|p2b: Kingambit|Protect
|move|p1a: Garchomp|Brick Break|p2b: Kingambit
|-activate|p2b: Kingambit|move: Protect
|move|p2a: Dragonite|Dragon Claw|p1a: Garchomp
|-supereffective|p1a: Garchomp|1
|-damage|p1a: Garchomp|0 fnt
|-damage|p2a: Dragonite|44/100 tox|[from] ability: Rough Skin|[of] p1a: Garchomp
|faint|p1a: Garchomp
|-damage|p2a: Dragonite|34/100 tox|[from] item: Life Orb
|move|p1b: Toxapex|Infestation|p2a: Dragonite
|-resisted|p2a: Dragonite|1
|-damage|p2a: Dragonite|32/100 tox
|-activate|p2a: Dragonite|move: Infestation|[of] p1b: Toxapex
|
|-damage|p2a: Dragonite|21/100 tox|[from] psn
|-damage|p2a: Dragonite|8/100 tox|[from] move: Infestation|[partiallytrapped]
|upkeep
|
|t:|1784904516
|switch|p1a: Toxapex|Toxapex, L50, F|100/100
|turn|6
|inactive|raikudosenien has 30 seconds left.
|
|t:|1784904541
|move|p1a: Toxapex|Hyper Beam|p2b: Kingambit|[miss]
|-miss|p1a: Toxapex|p2b: Kingambit
|move|p2a: Dragonite|Dragon Claw|p1a: Toxapex
|-crit|p1a: Toxapex
|-damage|p1a: Toxapex|0 fnt
|replace|p1a: Zoroark|Zoroark-Hisui, L50, M
|-end|p1a: Zoroark|Illusion
|faint|p1a: Zoroark
|-damage|p2a: Dragonite|0 fnt|[from] item: Life Orb
|faint|p2a: Dragonite
|move|p2b: Kingambit|Kowtow Cleave|p1b: Toxapex
|-damage|p1b: Toxapex|57/100
|move|p1b: Toxapex|Infestation|p2b: Kingambit
|-damage|p2b: Kingambit|97/100
|-activate|p2b: Kingambit|move: Infestation|[of] p1b: Toxapex
|
|-heal|p1b: Toxapex|63/100|[from] item: Leftovers
|-damage|p2b: Kingambit|85/100|[from] move: Infestation|[partiallytrapped]
|upkeep
|
|t:|1784904554
|switch|p2a: Venusaur|Venusaur, L50, M|100/100
|turn|7
|
|t:|1784904561
|detailschange|p2a: Venusaur|Venusaur-Mega, L50, M
|-mega|p2a: Venusaur|Venusaur|Venusaurite
|move|p2a: Venusaur|Sleep Powder|p1b: Toxapex
|-status|p1b: Toxapex|slp|[from] move: Sleep Powder
|move|p2b: Kingambit|Kowtow Cleave|p1b: Toxapex
|-damage|p1b: Toxapex|17/100 slp
|cant|p1b: Toxapex|slp
|
|-heal|p1b: Toxapex|23/100 slp|[from] item: Leftovers
|-damage|p2b: Kingambit|72/100|[from] move: Infestation|[partiallytrapped]
|upkeep
|turn|8
|-message|raikudosenien forfeited.
|raw|raikudosenien's rating: 1043 → 1030(-13 for losing)
|raw|Rinirin's rating: 1110 → 1130(+20 for winning)
|
|win|Rinirin
