|j|☆wester7
|j|☆kokomiiiii
|html|wester7kokomiiiii    
|uhtml|bestof|Game 2 of a best-of-3
|t:|1757740420
|gametype|doubles
|player|p1|wester7|1|1166
|player|p2|kokomiiiii|lillie-masters|1068
|gen|9
|tier|[Gen 9] VGC 2025 Reg H (Bo3)
|rated|
|rule|Species Clause: Limit one of each Pokémon
|rule|Item Clause: Limit 1 of each item
|clearpoke
|poke|p1|Orthworm, L50, F|
|poke|p1|Ursaluna, L50, F|
|poke|p1|Dragonite, L50, F|
|poke|p1|Ninetales-Alola, L50, F|
|poke|p1|Incineroar, L50, M|
|poke|p1|Rabsca, L50, M|
|poke|p2|Dragonite, L50, F|
|poke|p2|Sneasler, L50, M|
|poke|p2|Rillaboom, L50, M|
|poke|p2|Volcarona, L50, M|
|poke|p2|Ninetales-Alola, L50, F|
|poke|p2|Incineroar, L50, M|
|teampreview|4
|showteam|p1|Orthworm||SitrusBerry|EarthEater|HeavySlam,ShedTail,BodyPress,Protect|||F|||50|,,,,,Poison]Ursaluna||FlameOrb|Guts|Facade,Earthquake,HeadlongRush,Protect|||F|||50|,,,,,Ghost]Dragonite||LoadedDice|Multiscale|ScaleShot,Tailwind,Haze,Protect|||F|||50|,,,,,Fairy]Ninetales-Alola||FocusSash|SnowWarning|AuroraVeil,Blizzard,Moonblast,Protect|||F|||50|,,,,,Ghost]Incineroar||AssaultVest|Intimidate|FakeOut,FlareBlitz,KnockOff,Uturn|||M|||50|,,,,,Grass]Rabsca||SafetyGoggles|Telepathy|TrickRoom,RevivalBlessing,EarthPower,Psychic|||M|||50|,,,,,Ground
|showteam|p2|Dragonite||LoadedDice|Multiscale|ScaleShot,StompingTantrum,Haze,Protect|||F|||50|,,,,,Fairy]Sneasler||GrassySeed|Unburden|DireClaw,CloseCombat,ThroatChop,Protect|||M|||50|,,,,,Dark]Rillaboom||AssaultVest|GrassySurge|FakeOut,WoodHammer,HighHorsepower,GrassyGlide|||M|||50|,,,,,Fire]Volcarona||Leftovers|FlameBody|HeatWave,TeraBlast,QuiverDance,Protect|||M|||50|,,,,,Fairy]Ninetales-Alola||FocusSash|SnowWarning|IcyWind,AuroraVeil,Blizzard,Encore|||F|||50|,,,,,Ghost]Incineroar||SafetyGoggles|Intimidate|FakeOut,KnockOff,FlareBlitz,PartingShot|||M|||50|,,,,,Ghost
|inactive|Battle timer is ON: inactive players will automatically lose when time's up. (requested by kokomiiiii)
|
|t:|1757740468
|teamsize|p1|4
|teamsize|p2|4
|start
|switch|p1a: Orthworm|Orthworm, L50, F|100/100
|switch|p1b: Ninetales|Ninetales-Alola, L50, F|100/100
|switch|p2a: Ninetales|Ninetales-Alola, L50, F, shiny|100/100
|switch|p2b: Volcarona|Volcarona, L50, M, shiny|100/100
|-weather|Snowscape|[from] ability: Snow Warning|[of] p1b: Ninetales
|turn|1
|
|t:|1757740488
|move|p2a: Ninetales|Aurora Veil|p2a: Ninetales
|-sidestart|p2: kokomiiiii|move: Aurora Veil
|move|p1b: Ninetales|Aurora Veil|p1b: Ninetales
|-sidestart|p1: wester7|move: Aurora Veil
|move|p2b: Volcarona|Quiver Dance|p2b: Volcarona
|-boost|p2b: Volcarona|spa|1
|-boost|p2b: Volcarona|spd|1
|-boost|p2b: Volcarona|spe|1
|move|p1a: Orthworm|Shed Tail|p1a: Orthworm
|-start|p1a: Orthworm|Substitute|[from] move: Shed Tail
|-damage|p1a: Orthworm|50/100
|-enditem|p1a: Orthworm|Sitrus Berry|[eat]
|-heal|p1a: Orthworm|75/100|[from] item: Sitrus Berry
|
|t:|1757740493
|switch|p1a: Ursaluna|Ursaluna, L50, F|100/100|[from] Shed Tail
|
|-weather|Snowscape|[upkeep]
|-status|p1a: Ursaluna|brn|[from] item: Flame Orb
|upkeep
|turn|2
|
|t:|1757740509
|move|p2b: Volcarona|Protect|p2b: Volcarona
|-singleturn|p2b: Volcarona|Protect
|move|p1b: Ninetales|Blizzard|p2a: Ninetales|[spread] p2a
|-activate|p2b: Volcarona|move: Protect
|-resisted|p2a: Ninetales
|-crit|p2a: Ninetales
|-damage|p2a: Ninetales|72/100
|move|p2a: Ninetales|Blizzard|p1b: Ninetales|[spread] p1a,p1b
|-supereffective|p1a: Ursaluna
|-end|p1a: Ursaluna|Substitute
|-resisted|p1b: Ninetales
|-damage|p1b: Ninetales|87/100
|move|p1a: Ursaluna|Facade|p2b: Volcarona
|-activate|p2b: Volcarona|move: Protect
|
|-weather|Snowscape|[upkeep]
|-damage|p1a: Ursaluna|94/100 brn|[from] brn
|upkeep
|turn|3
|inactive|wester7 has 30 seconds left.
|inactive|wester7 has 20 seconds left.
|inactive|wester7 has 15 seconds left.
|
|t:|1757740550
|-terastallize|p1a: Ursaluna|Ghost
|move|p1b: Ninetales|Protect|p1b: Ninetales
|-singleturn|p1b: Ninetales|Protect
|move|p2b: Volcarona|Heat Wave|p1b: Ninetales|[spread] p1a
|-activate|p1b: Ninetales|move: Protect
|-damage|p1a: Ursaluna|62/100 brn
|move|p2a: Ninetales|Blizzard|p1b: Ninetales|[spread] p1a
|-activate|p1b: Ninetales|move: Protect
|-damage|p1a: Ursaluna|42/100 brn
|move|p1a: Ursaluna|Facade|p2b: Volcarona
|-damage|p2b: Volcarona|3/100
|
|-weather|Snowscape|[upkeep]
|-heal|p2b: Volcarona|9/100|[from] item: Leftovers
|-damage|p1a: Ursaluna|36/100 brn|[from] brn
|upkeep
|turn|4
|
|t:|1757740572
|switch|p1a: Incineroar|Incineroar, L50, M|100/100
|-ability|p1a: Incineroar|Intimidate|boost
|-unboost|p2a: Ninetales|atk|1
|-unboost|p2b: Volcarona|atk|1
|move|p2b: Volcarona|Heat Wave|p1a: Incineroar|[spread] p1a,p1b
|-resisted|p1a: Incineroar
|-supereffective|p1b: Ninetales
|-damage|p1a: Incineroar|89/100
|-damage|p1b: Ninetales|0 fnt
|faint|p1b: Ninetales
|move|p2a: Ninetales|Blizzard|p1a: Incineroar
|-resisted|p1a: Incineroar
|-damage|p1a: Incineroar|81/100
|
|-weather|Snowscape|[upkeep]
|-heal|p2b: Volcarona|16/100|[from] item: Leftovers
|upkeep
|
|t:|1757740586
|switch|p1b: Orthworm|Orthworm, L50, F|75/100
|turn|5
|
|t:|1757740609
|-terastallize|p2b: Volcarona|Fairy
|move|p1a: Incineroar|Fake Out|p2b: Volcarona
|-damage|p2b: Volcarona|7/100
|cant|p2b: Volcarona|flinch
|move|p2a: Ninetales|Blizzard|p1a: Incineroar|[spread] p1a,p1b
|-resisted|p1a: Incineroar
|-resisted|p1b: Orthworm
|-damage|p1a: Incineroar|75/100
|-damage|p1b: Orthworm|62/100
|move|p1b: Orthworm|Heavy Slam|p2a: Ninetales
|-supereffective|p2a: Ninetales
|-damage|p2a: Ninetales|0 fnt
|faint|p2a: Ninetales
|
|-weather|none
|-heal|p2b: Volcarona|13/100|[from] item: Leftovers
|-sideend|p1: wester7|move: Aurora Veil
|-sideend|p2: kokomiiiii|move: Aurora Veil
|upkeep
|
|t:|1757740617
|switch|p2a: Midcineroar|Incineroar, L50, M, shiny|100/100
|-ability|p2a: Midcineroar|Intimidate|boost
|-unboost|p1a: Incineroar|atk|1
|-unboost|p1b: Orthworm|atk|1
|turn|6
|
|t:|1757740627
|move|p2a: Midcineroar|Fake Out|p1b: Orthworm
|-resisted|p1b: Orthworm
|-damage|p1b: Orthworm|59/100
|move|p2b: Volcarona|Tera Blast|p1a: Incineroar|[anim] Tera Blast Fairy
|-damage|p1a: Incineroar|39/100
|cant|p1b: Orthworm|flinch
|move|p1a: Incineroar|Flare Blitz|p2b: Volcarona
|-damage|p2b: Volcarona|0 fnt
|faint|p2b: Volcarona
|-damage|p1a: Incineroar|35/100|[from] Recoil
|
|upkeep
|
|t:|1757740632
|switch|p2b: Rillaboom|Rillaboom, L50, M, shiny|100/100
|-fieldstart|move: Grassy Terrain|[from] ability: Grassy Surge|[of] p2b: Rillaboom
|turn|7
|
|t:|1757740652
|switch|p1a: Ursaluna|Ursaluna, L50, F, tera:Ghost|36/100 brn
|move|p2b: Rillaboom|High Horsepower|p1a: Ursaluna
|-damage|p1a: Ursaluna|11/100 brn
|move|p2a: Midcineroar|Flare Blitz|p1b: Orthworm
|-supereffective|p1b: Orthworm
|-damage|p1b: Orthworm|0 fnt
|faint|p1b: Orthworm
|-damage|p2a: Midcineroar|83/100|[from] Recoil
|
|-heal|p2a: Midcineroar|89/100|[from] Grassy Terrain
|-heal|p1a: Ursaluna|17/100 brn|[from] Grassy Terrain
|-damage|p1a: Ursaluna|11/100 brn|[from] brn
|upkeep
|
|t:|1757740661
|switch|p1b: Incineroar|Incineroar, L50, M|35/100
|-ability|p1b: Incineroar|Intimidate|boost
|-unboost|p2a: Midcineroar|atk|1
|-unboost|p2b: Rillaboom|atk|1
|turn|8
|
|t:|1757740676
|move|p1a: Ursaluna|Protect|p1a: Ursaluna
|-singleturn|p1a: Ursaluna|Protect
|move|p2b: Rillaboom|Wood Hammer|p1a: Ursaluna
|-activate|p1a: Ursaluna|move: Protect
|move|p2a: Midcineroar|Knock Off|p1a: Ursaluna
|-activate|p1a: Ursaluna|move: Protect
|move|p1b: Incineroar|Flare Blitz|p2b: Rillaboom
|-supereffective|p2b: Rillaboom
|-damage|p2b: Rillaboom|19/100
|-damage|p1b: Incineroar|7/100|[from] Recoil
|
|-heal|p2b: Rillaboom|25/100|[from] Grassy Terrain
|-heal|p2a: Midcineroar|95/100|[from] Grassy Terrain
|-heal|p1b: Incineroar|13/100|[from] Grassy Terrain
|-heal|p1a: Ursaluna|17/100 brn|[from] Grassy Terrain
|-damage|p1a: Ursaluna|11/100 brn|[from] brn
|upkeep
|turn|9
|
|t:|1757740696
|move|p2b: Rillaboom|Wood Hammer|p1b: Incineroar
|-resisted|p1b: Incineroar
|-damage|p1b: Incineroar|0 fnt
|faint|p1b: Incineroar
|-damage|p2b: Rillaboom|21/100|[from] Recoil
|move|p2a: Midcineroar|Knock Off|p1a: Ursaluna
|-supereffective|p1a: Ursaluna
|-damage|p1a: Ursaluna|0 fnt
|-enditem|p1a: Ursaluna|Flame Orb|[from] move: Knock Off|[of] p2a: Midcineroar
|faint|p1a: Ursaluna
|
|win|kokomiiiii
||wester7 is ready for game 3.
|inactive|kokomiiiii has 30 seconds to confirm battle start!
||kokomiiiii is ready for game 3.
|uhtml|next|Next: Game 3 of 3
