|j|☆Balester
|j|☆Zacharykeith
|html|BalesterZacharykeith    
|uhtml|bestof|Game 2 of a best-of-3
|t:|1756324598
|gametype|doubles
|player|p1|Balester|102|1071
|player|p2|Zacharykeith|fisherman-gen4|1055
|gen|9
|tier|[Gen 9] VGC 2025 Reg H (Bo3)
|rated|
|rule|Species Clause: Limit one of each Pokémon
|rule|Item Clause: Limit 1 of each item
|clearpoke
|poke|p1|Frosmoth, L50, M|
|poke|p1|Ninetales-Alola, L50, F|
|poke|p1|Garchomp, L50, F|
|poke|p1|Incineroar, L50, F|
|poke|p1|Rillaboom, L50, M|
|poke|p1|Mandibuzz, L50, F|
|poke|p2|Rillaboom, L50, M|
|poke|p2|Chandelure, L50, F|
|poke|p2|Electabuzz, L50, M|
|poke|p2|Kingambit, L50, M|
|poke|p2|Primarina, L50, M|
|poke|p2|Dragapult, L50, F|
|teampreview|4
|showteam|p1|Frosmoth||Leftovers|IceScales|QuiverDance,Blizzard,TeraBlast,WideGuard|||M|||50|,,,,,Water]Ninetales-Alola||LifeOrb|SnowWarning|FreezeDry,IcyWind,Moonblast,AuroraVeil|||F|||50|,,,,,Ghost]Garchomp||ClearAmulet|RoughSkin|StompingTantrum,BreakingSwipe,RockSlide,Protect|||F|||50|,,,,,Fire]Incineroar||SitrusBerry|Intimidate|FakeOut,FlareBlitz,KnockOff,PartingShot|||F|||50|,,,,,Ghost]Rillaboom||AssaultVest|GrassySurge|FakeOut,WoodHammer,GrassyGlide,HighHorsepower|||M|||50|,,,,,Fire]Mandibuzz||RockyHelmet|Overcoat|Tailwind,Snarl,FoulPlay,Taunt|||F|||50|,,,,,Dark
|showteam|p2|Rillaboom||AssaultVest|GrassySurge|FakeOut,GrassyGlide,WoodHammer,HighHorsepower|||M|||50|,,,,,Fire]Chandelure||FocusSash|FlashFire|HeatWave,ShadowBall,TrickRoom,Protect|||F|||50|,,,,,Grass]Electabuzz||Eviolite|VitalSpirit|VoltSwitch,Electroweb,FollowMe,Taunt|||M|||50|,,,,,Ghost]Kingambit||BlackGlasses|Defiant|SuckerPunch,KowtowCleave,SwordsDance,Protect|||M|||50|,,,,,Dark]Primarina||ThroatSpray|LiquidVoice|HyperVoice,Moonblast,Haze,Protect|||M|||50|,,,,,Steel]Dragapult||ChoiceBand|ClearBody|DragonDarts,PhantomForce,Uturn,Outrage|||F|||50|,,,,,Dragon
|inactive|Battle timer is ON: inactive players will automatically lose when time's up. (requested by Zacharykeith)
|
|t:|1756324622
|teamsize|p1|4
|teamsize|p2|4
|start
|switch|p1a: Ninetales|Ninetales-Alola, L50, F|100/100
|switch|p1b: Frosmoth|Frosmoth, L50, M, shiny|100/100
|switch|p2a: Chandelure|Chandelure, L50, F|100/100
|switch|p2b: Rillaboom|Rillaboom, L50, M|100/100
|-weather|Snowscape|[from] ability: Snow Warning|[of] p1a: Ninetales
|-fieldstart|move: Grassy Terrain|[from] ability: Grassy Surge|[of] p2b: Rillaboom
|turn|1
|
|t:|1756324637
|switch|p1a: Incineroar|Incineroar, L50, F|100/100
|-ability|p1a: Incineroar|Intimidate|boost
|-unboost|p2a: Chandelure|atk|1
|-unboost|p2b: Rillaboom|atk|1
|-terastallize|p1b: Frosmoth|Water
|move|p2b: Rillaboom|Fake Out|p1b: Frosmoth
|-damage|p1b: Frosmoth|91/100
|move|p2a: Chandelure|Heat Wave|p1a: Incineroar|[spread] p1a,p1b
|-resisted|p1a: Incineroar
|-resisted|p1b: Frosmoth
|-damage|p1a: Incineroar|87/100
|-damage|p1b: Frosmoth|82/100
|cant|p1b: Frosmoth|flinch
|
|-weather|Snowscape|[upkeep]
|-heal|p1b: Frosmoth|88/100|[from] Grassy Terrain
|-heal|p1b: Frosmoth|94/100|[from] item: Leftovers
|-heal|p1a: Incineroar|93/100|[from] Grassy Terrain
|upkeep
|turn|2
|
|t:|1756324659
|switch|p2b: Dragapult|Dragapult, L50, F|100/100
|move|p1a: Incineroar|Fake Out|p2b: Dragapult
|-immune|p2b: Dragapult
|move|p2a: Chandelure|Heat Wave|p1a: Incineroar|[spread] p1a,p1b
|-resisted|p1a: Incineroar
|-resisted|p1b: Frosmoth
|-damage|p1a: Incineroar|79/100
|-damage|p1b: Frosmoth|85/100
|move|p1b: Frosmoth|Quiver Dance|p1b: Frosmoth
|-boost|p1b: Frosmoth|spa|1
|-boost|p1b: Frosmoth|spd|1
|-boost|p1b: Frosmoth|spe|1
|
|-weather|Snowscape|[upkeep]
|-heal|p1b: Frosmoth|91/100|[from] Grassy Terrain
|-heal|p1b: Frosmoth|98/100|[from] item: Leftovers
|-heal|p1a: Incineroar|85/100|[from] Grassy Terrain
|upkeep
|turn|3
|
|t:|1756324678
|-terastallize|p2b: Dragapult|Dragon
|move|p2b: Dragapult|Dragon Darts|p1b: Frosmoth
|-damage|p1b: Frosmoth|50/100
|-anim|p2b: Dragapult|Dragon Darts|p1a: Incineroar
|-crit|p1a: Incineroar
|-damage|p1a: Incineroar|10/100
|-enditem|p1a: Incineroar|Sitrus Berry|[eat]
|-heal|p1a: Incineroar|35/100|[from] item: Sitrus Berry
|move|p1b: Frosmoth|Blizzard|p2b: Dragapult|[spread] p2a,p2b
|-resisted|p2a: Chandelure
|-supereffective|p2b: Dragapult
|-damage|p2a: Chandelure|73/100
|-damage|p2b: Dragapult|0 fnt
|faint|p2b: Dragapult
|move|p2a: Chandelure|Heat Wave|p1a: Incineroar|[spread] p1a,p1b
|-resisted|p1a: Incineroar
|-resisted|p1b: Frosmoth
|-damage|p1a: Incineroar|22/100
|-damage|p1b: Frosmoth|43/100
|move|p1a: Incineroar|Knock Off|p2a: Chandelure
|-supereffective|p2a: Chandelure
|-damage|p2a: Chandelure|0 fnt
|-enditem|p2a: Chandelure|Focus Sash|[from] move: Knock Off|[of] p1a: Incineroar
|faint|p2a: Chandelure
|
|-weather|Snowscape|[upkeep]
|-heal|p1b: Frosmoth|49/100|[from] Grassy Terrain
|-heal|p1b: Frosmoth|55/100|[from] item: Leftovers
|-heal|p1a: Incineroar|28/100|[from] Grassy Terrain
|upkeep
|
|t:|1756324693
|switch|p2b: Electabuzz|Electabuzz, L50, M|100/100
|switch|p2a: Rillaboom|Rillaboom, L50, M|100/100
|turn|4
|
|t:|1756324716
|switch|p1b: Rillaboom|Rillaboom, L50, M|100/100
|move|p2b: Electabuzz|Volt Switch|p1a: Incineroar
|-damage|p1a: Incineroar|13/100
|move|p2a: Rillaboom|Wood Hammer|p1b: Rillaboom
|-resisted|p1b: Rillaboom
|-damage|p1b: Rillaboom|64/100
|-damage|p2a: Rillaboom|88/100|[from] Recoil
|move|p1a: Incineroar|Knock Off|p2a: Rillaboom
|-damage|p2a: Rillaboom|52/100
|-enditem|p2a: Rillaboom|Assault Vest|[from] move: Knock Off|[of] p1a: Incineroar
|
|-weather|Snowscape|[upkeep]
|-heal|p2a: Rillaboom|58/100|[from] Grassy Terrain
|-heal|p1b: Rillaboom|70/100|[from] Grassy Terrain
|-heal|p1a: Incineroar|19/100|[from] Grassy Terrain
|upkeep
|turn|5
|-message|Zacharykeith forfeited.
|
|win|Balester
