|j|☆ground tera
|j|☆raicune28
|html|ground teraraicune28    
|uhtml|bestof|Game 3 of a best-of-3
|t:|1784393495
|gametype|doubles
|player|p1|ground tera|102|
|player|p2|raicune28|170|
|gen|9
|tier|[Gen 9 Champions] VGC 2026 Reg M-B (Bo3)
|rule|Species Clause: Limit one of each Pokémon
|rule|Item Clause: Limit 1 of each item
|clearpoke
|poke|p1|Sneasler, L50, M|
|poke|p1|Kingambit, L50, F|
|poke|p1|Incineroar, L50, F|
|poke|p1|Blastoise, L50, F|
|poke|p1|Sinistcha, L50|
|poke|p1|Delphox, L50, M, shiny|
|poke|p2|Sinistcha-Masterpiece, L50|
|poke|p2|Delphox, L50, F, shiny|
|poke|p2|Incineroar, L50, F|
|poke|p2|Floette-Eternal, L50, F|
|poke|p2|Sneasler, L50, F, shiny|
|poke|p2|Kingambit, L50, M|
|teampreview|4
|showteam|p1|Sneasler||FocusSash|PoisonTouch|QuickGuard,FakeOut,CloseCombat,DireClaw|Jolly||M|||50|]Kingambit||BlackGlasses|Defiant|Protect,SwordsDance,SuckerPunch,KowtowCleave|Adamant||F|||50|]Incineroar||SitrusBerry|Intimidate|FakeOut,PartingShot,FlareBlitz,ThroatChop|Impish||F|||50|]Blastoise||Blastoisinite|Torrent|Protect,ShellSmash,WaterSpout,DarkPulse|Modest||F|||50|]Sinistcha||OccaBerry|Hospitality|Protect,MatchaGotcha,TrickRoom,RagePowder|Bold|||||50|]Delphox||Delphoxite|Blaze|Protect,HeatWave,Psyshock,NastyPlot|Timid||M|||50|
|showteam|p2|Sinistcha-Masterpiece||KasibBerry|Hospitality|MatchaGotcha,Protect,RagePowder,TrickRoom|Bold|||||50|]Delphox||Delphoxite|Blaze|HeatWave,Psyshock,NastyPlot,Protect|Timid||F|||50|]Incineroar||SitrusBerry|Intimidate|FakeOut,PartingShot,ThroatChop,FlareBlitz|Careful||F|||50|]Floette-Eternal||Floettite|FlowerVeil|Protect,CalmMind,Moonblast,DazzlingGleam|Modest||F|||50|]Sneasler||FocusSash|PoisonTouch|FakeOut,QuickGuard,DireClaw,CloseCombat|Jolly||F|||50|]Kingambit||BlackGlasses|Defiant|KowtowCleave,Protect,SuckerPunch,SwordsDance|Adamant||M|||50|
|inactive|Battle timer is ON: inactive players will automatically lose when time's up. (requested by ground tera)
|inactiveoff|Battle timer is now OFF.
|
|t:|1784393574
|teamsize|p1|4
|teamsize|p2|4
|start
|switch|p1a: Sneasler|Sneasler, L50, M|100/100
|switch|p1b: Delphox|Delphox, L50, M, shiny|100/100
|switch|p2a: Floette|Floette-Eternal, L50, F|100/100
|switch|p2b: Sneasler|Sneasler, L50, F, shiny|100/100
|turn|1
|
|t:|1784393582
|detailschange|p1b: Delphox|Delphox-Mega, L50, M, shiny
|-mega|p1b: Delphox|Delphox|Delphoxite
|detailschange|p2a: Floette|Floette-Mega, L50, F
|-mega|p2a: Floette|Floette|Floettite
|-ability|p2a: Floette|Fairy Aura
|move|p1a: Sneasler|Fake Out|p2a: Floette
|-damage|p2a: Floette|82/100
|move|p1b: Delphox|Nasty Plot|p1b: Delphox
|-boost|p1b: Delphox|spa|2
|move|p2b: Sneasler|Dire Claw|p1b: Delphox
|-damage|p1b: Delphox|40/100
|cant|p2a: Floette|flinch
|
|upkeep
|turn|2
|
|t:|1784393731
|switch|p1a: Incineroar|Incineroar, L50, F|100/100
|-ability|p1a: Incineroar|Intimidate|boost
|-unboost|p2a: Floette|atk|1
|-unboost|p2b: Sneasler|atk|1
|switch|p2a: Incineroar|Incineroar, L50, F|100/100
|-ability|p2a: Incineroar|Intimidate|boost
|-unboost|p1a: Incineroar|atk|1
|-unboost|p1b: Delphox|atk|1
|move|p1b: Delphox|Protect|p1b: Delphox
|-singleturn|p1b: Delphox|Protect
|move|p2b: Sneasler|Dire Claw|p1b: Delphox
|-activate|p1b: Delphox|move: Protect
|
|upkeep
|turn|3
|
|t:|1784393769
|switch|p1b: Sinistcha|Sinistcha, L50|100/100
|move|p2b: Sneasler|Quick Guard|p2b: Sneasler
|-singleturn|p2b: Sneasler|Quick Guard
|move|p1a: Incineroar|Flare Blitz|p2b: Sneasler
|-damage|p2b: Sneasler|43/100
|-damage|p1a: Incineroar|85/100|[from] Recoil
|move|p2a: Incineroar|Throat Chop|p1b: Sinistcha
|-supereffective|p1b: Sinistcha|1
|-damage|p1b: Sinistcha|54/100
|-start|p1b: Sinistcha|Throat Chop|[silent]
|
|upkeep
|turn|4
|
|t:|1784393810
|move|p2b: Sneasler|Dire Claw|p1b: Sinistcha
|-damage|p1b: Sinistcha|31/100
|move|p1a: Incineroar|Parting Shot|p2b: Sneasler
|-unboost|p2b: Sneasler|atk|1
|-unboost|p2b: Sneasler|spa|1
|
|t:|1784393819
|switch|p1a: Sneasler|Sneasler, L50, M|100/100|[from] Parting Shot
|move|p2a: Incineroar|Parting Shot|p1a: Sneasler
|-unboost|p1a: Sneasler|atk|1
|-unboost|p1a: Sneasler|spa|1
|
|t:|1784393825
|switch|p2a: Sinistcha|Sinistcha-Masterpiece, L50|100/100|[from] Parting Shot
|-heal|p2b: Sneasler|68/100|[from] ability: Hospitality|[of] p2a: Sinistcha
|move|p1b: Sinistcha|Matcha Gotcha|p2a: Sinistcha|[spread] p2a,p2b
|-resisted|p2a: Sinistcha|1
|-resisted|p2b: Sneasler|1
|-damage|p2a: Sinistcha|88/100
|-heal|p1b: Sinistcha|37/100|[from] drain|[of] p2a: Sinistcha
|-damage|p2b: Sneasler|53/100
|-heal|p1b: Sinistcha|44/100|[from] drain|[of] p2b: Sneasler
|-status|p2a: Sinistcha|brn
|
|-damage|p2a: Sinistcha|82/100 brn|[from] brn
|-end|p1b: Sinistcha|Throat Chop|[silent]
|upkeep
|turn|5
|
|t:|1784393841
|switch|p2b: Incineroar|Incineroar, L50, F|100/100
|-ability|p2b: Incineroar|Intimidate|boost
|-unboost|p1a: Sneasler|atk|1
|-unboost|p1b: Sinistcha|atk|1
|switch|p1b: Incineroar|Incineroar, L50, F|85/100
|-ability|p1b: Incineroar|Intimidate|boost
|-unboost|p2a: Sinistcha|atk|1
|-unboost|p2b: Incineroar|atk|1
|move|p1a: Sneasler|Dire Claw|p2b: Incineroar
|-damage|p2b: Incineroar|79/100
|-status|p2b: Incineroar|slp
|move|p2a: Sinistcha|Trick Room|p2a: Sinistcha
|-fieldstart|move: Trick Room|[of] p2a: Sinistcha
|
|-damage|p2a: Sinistcha|75/100 brn|[from] brn
|upkeep
|turn|6
|
|t:|1784393873
|switch|p1a: Sinistcha|Sinistcha, L50|44/100
|-heal|p1b: Incineroar|100/100|[from] ability: Hospitality|[of] p1a: Sinistcha
|move|p2a: Sinistcha|Protect|p2a: Sinistcha
|-singleturn|p2a: Sinistcha|Protect
|cant|p2b: Incineroar|slp
|move|p1b: Incineroar|Throat Chop|p2a: Sinistcha
|-activate|p2a: Sinistcha|move: Protect
|
|-damage|p2a: Sinistcha|69/100 brn|[from] brn
|upkeep
|turn|7
|
|t:|1784393886
|move|p2a: Sinistcha|Matcha Gotcha|p1a: Sinistcha|[spread] p1b
|-miss|p2a: Sinistcha|p1a: Sinistcha
|-resisted|p1b: Incineroar|1
|-damage|p1b: Incineroar|88/100
|-heal|p2a: Sinistcha|76/100 brn|[from] drain|[of] p1b: Incineroar
|cant|p2b: Incineroar|slp
|move|p1b: Incineroar|Flare Blitz|p2a: Sinistcha
|-supereffective|p2a: Sinistcha|1
|-damage|p2a: Sinistcha|0 fnt
|faint|p2a: Sinistcha
|-damage|p1b: Incineroar|65/100|[from] Recoil
|move|p1a: Sinistcha|Trick Room|p1a: Sinistcha
|-fieldend|move: Trick Room
|
|upkeep
|
|t:|1784393899
|switch|p2a: Floette|Floette-Mega, L50, F|82/100
|-ability|p2a: Floette|Fairy Aura
|turn|8
|
|t:|1784393908
|move|p1a: Sinistcha|Protect|p1a: Sinistcha
|-singleturn|p1a: Sinistcha|Protect
|move|p2a: Floette|Dazzling Gleam|p1a: Sinistcha|[spread] p1b
|-activate|p1a: Sinistcha|move: Protect
|-damage|p1b: Incineroar|21/100
|-enditem|p1b: Incineroar|Sitrus Berry|[eat]
|-heal|p1b: Incineroar|46/100|[from] item: Sitrus Berry
|move|p1b: Incineroar|Flare Blitz|p2a: Floette
|-damage|p2a: Floette|29/100
|-damage|p1b: Incineroar|30/100|[from] Recoil
|-curestatus|p2b: Incineroar|slp|[msg]
|move|p2b: Incineroar|Throat Chop|p1b: Incineroar
|-resisted|p1b: Incineroar|1
|-damage|p1b: Incineroar|21/100
|-start|p1b: Incineroar|Throat Chop|[silent]
|
|upkeep
|turn|9
|
|t:|1784393931
|switch|p2b: Sneasler|Sneasler, L50, F, shiny|53/100
|move|p1a: Sinistcha|Protect|p1a: Sinistcha
|-singleturn|p1a: Sinistcha|Protect
|move|p2a: Floette|Dazzling Gleam|p1a: Sinistcha|[spread] p1b
|-activate|p1a: Sinistcha|move: Protect
|-damage|p1b: Incineroar|0 fnt
|faint|p1b: Incineroar
|
|upkeep
|
|t:|1784393943
|switch|p1b: Delphox|Delphox-Mega, L50, M, shiny|40/100
|turn|10
|
|t:|1784393966
|move|p1b: Delphox|Protect|p1b: Delphox
|-singleturn|p1b: Delphox|Protect
|move|p2b: Sneasler|Fake Out|p1b: Delphox
|-activate|p1b: Delphox|move: Protect
|move|p2a: Floette|Moonblast|p1a: Sinistcha
|-damage|p1a: Sinistcha|0 fnt
|faint|p1a: Sinistcha
|
|upkeep
|
|t:|1784393972
|switch|p1a: Sneasler|Sneasler, L50, M|100/100
|turn|11
|
|t:|1784393994
|switch|p2a: Incineroar|Incineroar, L50, F|79/100
|-ability|p2a: Incineroar|Intimidate|boost
|-unboost|p1a: Sneasler|atk|1
|-unboost|p1b: Delphox|atk|1
|move|p1b: Delphox|Heat Wave|p2b: Sneasler|[spread] p2a,p2b
|-resisted|p2a: Incineroar|1
|-damage|p2a: Incineroar|63/100
|-damage|p2b: Sneasler|0 fnt
|faint|p2b: Sneasler
|move|p1a: Sneasler|Close Combat|p2a: Incineroar
|-supereffective|p2a: Incineroar|1
|-damage|p2a: Incineroar|0 fnt
|-unboost|p1a: Sneasler|def|1
|-unboost|p1a: Sneasler|spd|1
|faint|p2a: Incineroar
|
|upkeep
|
|t:|1784394005
|switch|p2b: Floette|Floette-Mega, L50, F|29/100
|-ability|p2b: Floette|Fairy Aura
|turn|12
|-message|raicune28 forfeited.
|
|win|ground tera
