|j|☆owbd
|j|‽mirokartdeluxe
|html|owbdmirokartdeluxe    
|uhtml|bestof|Game 1 of a best-of-3
|t:|1756887618
|gametype|doubles
|player|p1|owbd|cynthia-gen4|1158
|player|p2|mirokartdeluxe|hiker-gen4|1138
|gen|9
|tier|[Gen 9] VGC 2025 Reg H (Bo3)
|rated|
|rule|Species Clause: Limit one of each Pokémon
|rule|Item Clause: Limit 1 of each item
|clearpoke
|poke|p1|Gholdengo, L50|
|poke|p1|Incineroar, L50, M|
|poke|p1|Ursaluna-Bloodmoon, L50, M|
|poke|p1|Indeedee, L50, M|
|poke|p1|Sneasler, L50, F|
|poke|p1|Murkrow, L50, M|
|poke|p2|Sneasler, L50, M|
|poke|p2|Electabuzz, L50, M|
|poke|p2|Volcarona, L50, M|
|poke|p2|Rillaboom, L50, F|
|poke|p2|Incineroar, L50, F|
|poke|p2|Kingambit, L50, M|
|teampreview|4
|showteam|p1|Gholdengo||ChoiceSpecs|GoodasGold|MakeItRain,ShadowBall,Thunderbolt,Trick||||||50|,,,,,Steel]Incineroar||SafetyGoggles|Intimidate|FlareBlitz,PartingShot,FakeOut,KnockOff|||M|||50|,,,,,Ghost]Ursaluna-Bloodmoon||AssaultVest|MindsEye|BloodMoon,EarthPower,HyperVoice,Moonblast|||M|||50|,,,,,Normal]Indeedee||FocusSash|PsychicSurge|ExpandingForce,Protect,TrickRoom,Imprison|||M|||50|,,,,,Psychic]Sneasler||PsychicSeed|Unburden|CloseCombat,DireClaw,FakeOut,ThroatChop|||F|||50|,,,,,Stellar]Murkrow||CovertCloak|Prankster|FoulPlay,Haze,SunnyDay,Tailwind|||M|||50|,,,,,Dark
|showteam|p2|Sneasler||FocusSash|Unburden|CloseCombat,DireClaw,Coaching,FakeOut|||M|||50|,,,,,Stellar]Electabuzz||Eviolite|VitalSpirit|Electroweb,FollowMe,Taunt,Protect|||M|||50|,,,,,Dragon]Volcarona||Leftovers|FlameBody|HeatWave,TeraBlast,QuiverDance,Protect|||M|||50|,,,,,Fairy]Rillaboom||MiracleSeed|GrassySurge|GrassyGlide,HighHorsepower,WoodHammer,FakeOut|||F|||50|,,,,,Water]Incineroar||AssaultVest|Intimidate|FlareBlitz,KnockOff,Uturn,FakeOut|||F|||50|,,,,,Grass]Kingambit||SafetyGoggles|Defiant|KowtowCleave,SuckerPunch,SwordsDance,Protect|||M|||50|,,,,,Ghost
|inactive|Battle timer is ON: inactive players will automatically lose when time's up. (requested by mirokartdeluxe)
|inactive|owbd has 60 seconds left.
|inactive|mirokartdeluxe has 60 seconds left.
|
|t:|1756887655
|teamsize|p1|4
|teamsize|p2|4
|start
|switch|p1a: Gholdengo|Gholdengo, L50|100/100
|switch|p1b: Murkrow|Murkrow, L50, M|100/100
|switch|p2a: Volcarona|Volcarona, L50, M|100/100
|switch|p2b: Sneasler|Sneasler, L50, M|100/100
|turn|1
|
|t:|1756887670
|move|p1b: Murkrow|Tailwind|p1b: Murkrow
|-sidestart|p1: owbd|move: Tailwind
|move|p1a: Gholdengo|Make It Rain|p2b: Sneasler|[spread] p2a,p2b
|-resisted|p2a: Volcarona
|-damage|p2a: Volcarona|69/100
|-damage|p2b: Sneasler|1/100
|-unboost|p1a: Gholdengo|spa|1
|move|p2b: Sneasler|Dire Claw|p1b: Murkrow
|-damage|p1b: Murkrow|41/100
|move|p2a: Volcarona|Heat Wave|p1a: Gholdengo|[spread] p1b
|-miss|p2a: Volcarona|p1a: Gholdengo
|-damage|p1b: Murkrow|0 fnt
|faint|p1b: Murkrow
|
|-heal|p2a: Volcarona|75/100|[from] item: Leftovers
|upkeep
|
|t:|1756887686
|switch|p1b: Indeedee|Indeedee, L50, M|100/100
|-fieldstart|move: Psychic Terrain|[from] ability: Psychic Surge|[of] p1b: Indeedee
|turn|2
|
|t:|1756887696
|-terastallize|p1b: Indeedee|Psychic
|move|p1b: Indeedee|Expanding Force|p2a: Volcarona|[spread] p2a,p2b
|-supereffective|p2b: Sneasler
|-damage|p2a: Volcarona|12/100
|-damage|p2b: Sneasler|0 fnt
|faint|p2b: Sneasler
|move|p1a: Gholdengo|Make It Rain|p2a: Volcarona
|-resisted|p2a: Volcarona
|-damage|p2a: Volcarona|0 fnt
|-unboost|p1a: Gholdengo|spa|1
|faint|p2a: Volcarona
|
|upkeep
|
|t:|1756887701
|switch|p2b: Rillaboom|Rillaboom, L50, F|100/100
|switch|p2a: Kingambit|Kingambit, L50, M|100/100
|-fieldstart|move: Grassy Terrain|[from] ability: Grassy Surge|[of] p2b: Rillaboom
|turn|3
|inactive|mirokartdeluxe has 30 seconds left.
|
|t:|1756887734
|switch|p1b: Sneasler|Sneasler, L50, F|100/100
|move|p1a: Gholdengo|Make It Rain|p2b: Rillaboom|[spread] p2a,p2b
|-resisted|p2a: Kingambit
|-damage|p2a: Kingambit|85/100
|-damage|p2b: Rillaboom|60/100
|-unboost|p1a: Gholdengo|spa|1
|move|p2b: Rillaboom|Wood Hammer|p1b: Sneasler
|-resisted|p1b: Sneasler
|-damage|p1b: Sneasler|40/100
|-damage|p2b: Rillaboom|44/100|[from] Recoil
|move|p2a: Kingambit|Kowtow Cleave|p1a: Gholdengo
|-supereffective|p1a: Gholdengo
|-damage|p1a: Gholdengo|0 fnt
|faint|p1a: Gholdengo
|
|-heal|p1b: Sneasler|46/100|[from] Grassy Terrain
|-heal|p2b: Rillaboom|50/100|[from] Grassy Terrain
|-heal|p2a: Kingambit|91/100|[from] Grassy Terrain
|upkeep
|
|t:|1756887752
|switch|p1a: Indeedee|Indeedee, L50, M, tera:Psychic|100/100
|-fieldstart|move: Psychic Terrain|[from] ability: Psychic Surge|[of] p1a: Indeedee
|-enditem|p1b: Sneasler|Psychic Seed
|-boost|p1b: Sneasler|spd|1|[from] item: Psychic Seed
|turn|4
|inactive|mirokartdeluxe has 30 seconds left.
|
|t:|1756887779
|-terastallize|p2a: Kingambit|Ghost
|move|p1b: Sneasler|Close Combat|p2a: Kingambit
|-immune|p2a: Kingambit
|move|p1a: Indeedee|Expanding Force|p2b: Rillaboom|[spread] p2a,p2b
|-damage|p2a: Kingambit|26/100
|-damage|p2b: Rillaboom|0 fnt
|faint|p2b: Rillaboom
|move|p2a: Kingambit|Kowtow Cleave|p1a: Indeedee
|-supereffective|p1a: Indeedee
|-enditem|p1a: Indeedee|Focus Sash
|-damage|p1a: Indeedee|1/100
|
|-sideend|p1: owbd|move: Tailwind
|upkeep
|turn|5
|
|t:|1756887794
|move|p1b: Sneasler|Throat Chop|p2a: Kingambit
|-supereffective|p2a: Kingambit
|-damage|p2a: Kingambit|0 fnt
|faint|p2a: Kingambit
|
|win|owbd
||owbd is ready for game 2.
||mirokartdeluxe is ready for game 2.
|uhtml|next|Next: Game 2 of 3
|l|‽mirokartdeluxe
|player|p2|
