|j|☆Promesus
|j|☆Pelosis
|html|PromesusPelosis    
|uhtml|bestof|Game 2 of a best-of-3
|t:|1784907170
|gametype|doubles
|player|p1|Promesus|hilbert-wonderlauncher|1101
|player|p2|Pelosis|2|1180
|gen|9
|tier|[Gen 9 Champions] VGC 2026 Reg M-B (Bo3)
|rated|
|rule|Species Clause: Limit one of each Pokémon
|rule|Item Clause: Limit 1 of each item
|clearpoke
|poke|p1|Staraptor, L50, M|
|poke|p1|Farigiraf, L50, F|
|poke|p1|Kingambit, L50, F|
|poke|p1|Vanilluxe, L50, M|
|poke|p1|Blastoise, L50, F|
|poke|p1|Camerupt, L50, M, shiny|
|poke|p2|Mawile, L50, F|
|poke|p2|Farigiraf, L50, F|
|poke|p2|Incineroar, L50, F|
|poke|p2|Torkoal, L50, M|
|poke|p2|Venusaur, L50, F|
|poke|p2|Scrafty, L50, F|
|teampreview|4
|showteam|p1|Staraptor||ChoiceScarf|Intimidate|FinalGambit,BraveBird,CloseCombat,Uturn|Jolly||M|||50|]Farigiraf||SitrusBerry|ArmorTail|HyperVoice,HelpingHand,TrickRoom,PsychicFangs|Relaxed||F|||50|]Kingambit||LifeOrb|Defiant|KowtowCleave,IronHead,Protect,SuckerPunch|Brave||F|||50|]Vanilluxe||NeverMeltIce|SnowWarning|Blizzard,FreezeDry,Protect,IceShard|Quiet||M|||50|]Blastoise||Blastoisinite|Torrent|DarkPulse,AuraSphere,FakeOut,WaterSpout|Modest||F|||50|]Camerupt||Cameruptite|SolidRock|HeatWave,EarthPower,Protect,AncientPower|Quiet||M|||50|
|showteam|p2|Mawile||Mawilite|HyperCutter|Protect,PlayRough,RockSlide,SuckerPunch|Brave||F|||50|]Farigiraf||SitrusBerry|ArmorTail|TrickRoom,TwinBeam,Thunderbolt,HelpingHand|Quiet||F|||50|]Incineroar||WhiteHerb|Intimidate|FakeOut,CloseCombat,FlareBlitz,DarkestLariat|Brave||F|||50|]Torkoal||Charcoal|Drought|HelpingHand,Eruption,HeatWave,WeatherBall|Quiet||M|||50|]Venusaur||FocusSash|Chlorophyll|SleepPowder,EarthPower,EnergyBall,SludgeBomb|Modest||F|||50|]Scrafty||Scraftinite|Intimidate|FakeOut,CloseCombat,KnockOff,IcePunch|Brave||F|||50|
|inactive|Battle timer is ON: inactive players will automatically lose when time's up. (requested by Promesus)
|
|t:|1784907197
|teamsize|p1|4
|teamsize|p2|4
|start
|switch|p1a: Kingambit|Kingambit, L50, F|100/100
|switch|p1b: Farigiraf|Farigiraf, L50, F|100/100
|switch|p2a: Farigiraf|Farigiraf, L50, F|100/100
|switch|p2b: Incineroar|Incineroar, L50, F|100/100
|-ability|p2b: Incineroar|Intimidate|boost
|-unboost|p1a: Kingambit|atk|1
|-ability|p1a: Kingambit|Defiant|boost
|-boost|p1a: Kingambit|atk|2
|-unboost|p1b: Farigiraf|atk|1
|turn|1
|
|t:|1784907217
|switch|p2a: Torkoal|Torkoal, L50, M|100/100
|-weather|SunnyDay|[from] ability: Drought|[of] p2a: Torkoal
|move|p1a: Kingambit|Protect|p1a: Kingambit
|-singleturn|p1a: Kingambit|Protect
|move|p1b: Farigiraf|Hyper Voice|p2b: Incineroar|[spread] p2a,p2b
|-damage|p2a: Torkoal|67/100
|-damage|p2b: Incineroar|76/100
|move|p2b: Incineroar|Flare Blitz|p1a: Kingambit
|-activate|p1a: Kingambit|move: Protect
|
|-weather|SunnyDay|[upkeep]
|upkeep
|turn|2
|
|t:|1784907237
|switch|p1b: Vanilluxe|Vanilluxe, L50, M|100/100
|-weather|Snowscape|[from] ability: Snow Warning|[of] p1b: Vanilluxe
|move|p2b: Incineroar|Flare Blitz|p1a: Kingambit
|-supereffective|p1a: Kingambit|1
|-damage|p1a: Kingambit|1/100
|-damage|p2b: Incineroar|43/100|[from] Recoil
|move|p1a: Kingambit|Kowtow Cleave|p2a: Torkoal
|-damage|p2a: Torkoal|0 fnt
|faint|p2a: Torkoal
|-damage|p1a: Kingambit|0 fnt|[from] item: Life Orb
|faint|p1a: Kingambit
|
|-weather|Snowscape|[upkeep]
|upkeep
|
|t:|1784907257
|switch|p1a: Farigiraf|Farigiraf, L50, F|100/100
|switch|p2a: Scrafty|Scrafty, L50, F|100/100
|-ability|p2a: Scrafty|Intimidate|boost
|-unboost|p1a: Farigiraf|atk|1
|-unboost|p1b: Vanilluxe|atk|1
|turn|3
|
|t:|1784907273
|detailschange|p2a: Scrafty|Scrafty-Mega, L50, F
|-mega|p2a: Scrafty|Scrafty|Scraftinite
|-ability|p2a: Scrafty|Intimidate|boost
|-unboost|p1a: Farigiraf|atk|1
|-unboost|p1b: Vanilluxe|atk|1
|move|p1b: Vanilluxe|Blizzard|p2b: Incineroar|[spread] p2a,p2b
|-resisted|p2b: Incineroar|1
|-damage|p2a: Scrafty|62/100
|-damage|p2b: Incineroar|16/100
|move|p2a: Scrafty|Knock Off|p1a: Farigiraf
|-supereffective|p1a: Farigiraf|1
|-damage|p1a: Farigiraf|18/100
|-enditem|p1a: Farigiraf|Sitrus Berry|[from] move: Knock Off|[of] p2a: Scrafty
|move|p2b: Incineroar|Flare Blitz|p1b: Vanilluxe
|-supereffective|p1b: Vanilluxe|1
|-damage|p1b: Vanilluxe|11/100
|-damage|p2b: Incineroar|0 fnt|[from] Recoil
|faint|p2b: Incineroar
|move|p1a: Farigiraf|Trick Room|p1a: Farigiraf
|-fieldstart|move: Trick Room|[of] p1a: Farigiraf
|
|-weather|Snowscape|[upkeep]
|upkeep
|
|t:|1784907289
|switch|p2b: Farigiraf|Farigiraf, L50, F|100/100
|turn|4
|inactive|Pelosis has 30 seconds left.
|
|t:|1784907320
|move|p2b: Farigiraf|Twin Beam|p1a: Farigiraf
|-resisted|p1a: Farigiraf|1
|-damage|p1a: Farigiraf|11/100
|-resisted|p1a: Farigiraf|1
|-damage|p1a: Farigiraf|3/100
|-hitcount|p1a: Farigiraf|2
|move|p1a: Farigiraf|Hyper Voice|p2b: Farigiraf|[spread] p2a,p2b
|-damage|p2a: Scrafty|41/100
|-damage|p2b: Farigiraf|75/100
|move|p2a: Scrafty|Close Combat|p1a: Farigiraf
|-damage|p1a: Farigiraf|0 fnt
|-unboost|p2a: Scrafty|def|1
|-unboost|p2a: Scrafty|spd|1
|faint|p1a: Farigiraf
|move|p1b: Vanilluxe|Blizzard|p2b: Farigiraf|[spread] p2a,p2b
|-damage|p2a: Scrafty|0 fnt
|-damage|p2b: Farigiraf|31/100
|-enditem|p2b: Farigiraf|Sitrus Berry|[eat]
|-heal|p2b: Farigiraf|56/100|[from] item: Sitrus Berry
|faint|p2a: Scrafty
|
|-weather|Snowscape|[upkeep]
|upkeep
|
|t:|1784907334
|switch|p1a: Camerupt|Camerupt, L50, M, shiny|100/100
|turn|5
|
|t:|1784907341
|detailschange|p1a: Camerupt|Camerupt-Mega, L50, M, shiny
|-mega|p1a: Camerupt|Camerupt|Cameruptite
|move|p1a: Camerupt|Heat Wave|p2b: Farigiraf|[miss]
|-miss|p1a: Camerupt|p2b: Farigiraf
|move|p2b: Farigiraf|Twin Beam|p1a: Camerupt
|-damage|p1a: Camerupt|80/100
|-damage|p1a: Camerupt|63/100
|-hitcount|p1a: Camerupt|2
|move|p1b: Vanilluxe|Blizzard|p2b: Farigiraf
|-damage|p2b: Farigiraf|0 fnt
|faint|p2b: Farigiraf
|
|win|Promesus
||Promesus is ready for game 3.
||Pelosis is ready for game 3.
|uhtml|next|Next: Game 3 of 3
