|j|☆watervgc
|j|☆pressinblades
|html|watervgcpressinblades    
|uhtml|bestof|Game 1 of a best-of-3
|t:|1782398005
|gametype|doubles
|player|p1|watervgc|102|1000
|player|p2|pressinblades|steven|1091
|gen|9
|tier|[Gen 9 Champions] VGC 2026 Reg M-B (Bo3)
|rated|
|rule|Species Clause: Limit one of each Pokémon
|rule|Item Clause: Limit 1 of each item
|clearpoke
|poke|p1|Incineroar, L50, F|
|poke|p1|Whimsicott, L50, M|
|poke|p1|Staraptor, L50, F|
|poke|p1|Metagross, L50|
|poke|p1|Ninetales-Alola, L50, F|
|poke|p1|Basculegion, L50, M|
|poke|p2|Talonflame, L50, M|
|poke|p2|Garchomp, L50, F, shiny|
|poke|p2|Maushold, L50|
|poke|p2|Gardevoir, L50, F, shiny|
|poke|p2|Metagross, L50|
|poke|p2|Torkoal, L50, M|
|teampreview|4
|showteam|p1|Incineroar||ChopleBerry|Intimidate|FakeOut,PartingShot,FlareBlitz,DarkestLariat|Careful||F|||50|]Whimsicott||FocusSash|Prankster|Tailwind,Moonblast,Encore,Charm|Timid||M|||50|]Staraptor||Staraptite|Intimidate|CloseCombat,Roost,DualWingbeat,Protect|Jolly||F|||50|]Metagross||Metagrossite|ClearBody|RockSlide,IronHead,PsychicFangs,Protect|Adamant|||||50|]Ninetales-Alola||LightClay|SnowWarning|Blizzard,Moonblast,AuroraVeil,IcyWind|Timid||F|||50|]Basculegion||ChoiceScarf|Adaptability|LastRespects,AquaJet,WaveCrash,FlipTurn|Jolly||M|||50|
|showteam|p2|Talonflame||LifeOrb|GaleWings|Protect,DualWingbeat,Tailwind,Overheat|Naive||M|||50|]Garchomp||ExpertBelt|RoughSkin|Protect,RockSlide,Earthquake,DragonClaw|Adamant||F|||50|]Maushold||FocusSash|FriendGuard|Protect,SuperFang,PopulationBomb,FollowMe|Adamant|||||50|]Gardevoir||Gardevoirite|Telepathy|Protect,TrickRoom,HyperVoice,Psychic|Modest||F|||50|]Metagross||Metagrossite|ClearBody|Protect,MeteorMash,PsychicFangs,BulletPunch|Adamant|||||50|]Torkoal||Charcoal|Drought|Protect,Overheat,HeatWave,EarthPower|Quiet||M|||50|
|inactive|Battle timer is ON: inactive players will automatically lose when time's up. (requested by pressinblades)
|
|t:|1782398111
|teamsize|p1|4
|teamsize|p2|4
|start
|switch|p1a: Incineroar|Incineroar, L50, F|100/100
|switch|p1b: Staraptor|Staraptor, L50, F|100/100
|switch|p2a: Talonflame|Talonflame, L50, M|100/100
|switch|p2b: Garchomp|Garchomp, L50, F, shiny|100/100
|-ability|p1b: Staraptor|Intimidate|boost
|-unboost|p2a: Talonflame|atk|1
|-unboost|p2b: Garchomp|atk|1
|-ability|p1a: Incineroar|Intimidate|boost
|-unboost|p2a: Talonflame|atk|1
|-unboost|p2b: Garchomp|atk|1
|turn|1
|inactive|watervgc has 30 seconds left.
|inactive|pressinblades has 30 seconds left.
|
|t:|1782398143
|switch|p2b: Gardevoir|Gardevoir, L50, F, shiny|100/100
|detailschange|p1b: Staraptor|Staraptor-Mega, L50, F
|-mega|p1b: Staraptor|Staraptor|Staraptite
|move|p2a: Talonflame|Protect|p2a: Talonflame
|-singleturn|p2a: Talonflame|Protect
|move|p1a: Incineroar|Fake Out|p2a: Talonflame
|-activate|p2a: Talonflame|move: Protect
|move|p1b: Staraptor|Close Combat|p2b: Gardevoir
|-resisted|p2b: Gardevoir|2
|-damage|p2b: Gardevoir|78/100
|-boost|p1b: Staraptor|def|1
|-boost|p1b: Staraptor|spd|1
|
|upkeep
|turn|2
|inactive|watervgc has 30 seconds left.
|inactive|watervgc has 20 seconds left.
|inactive|watervgc has 15 seconds left.
|inactive|watervgc has 10 seconds left.
|inactive|watervgc has 5 seconds left.
|
|t:|1782398198
|detailschange|p2b: Gardevoir|Gardevoir-Mega, L50, F, shiny
|-mega|p2b: Gardevoir|Gardevoir|Gardevoirite
|move|p2a: Talonflame|Tailwind|p2a: Talonflame
|-sidestart|p2: pressinblades|move: Tailwind
|move|p2b: Gardevoir|Hyper Voice|p1b: Staraptor|[spread] p1a,p1b
|-supereffective|p1b: Staraptor|1
|-damage|p1a: Incineroar|64/100
|-damage|p1b: Staraptor|13/100
|move|p1b: Staraptor|Close Combat|p2a: Talonflame
|-resisted|p2a: Talonflame|1
|-damage|p2a: Talonflame|50/100g
|-boost|p1b: Staraptor|def|1
|-boost|p1b: Staraptor|spd|1
|move|p1a: Incineroar|Parting Shot|p2a: Talonflame
|-unboost|p2a: Talonflame|atk|1
|-unboost|p2a: Talonflame|spa|1
|
|t:|1782398216
|switch|p1a: Ninetales|Ninetales-Alola, L50, F|100/100|[from] Parting Shot
|-weather|Snowscape|[from] ability: Snow Warning|[of] p1a: Ninetales
|
|-weather|Snowscape|[upkeep]
|upkeep
|turn|3
|
|t:|1782398232
|move|p1b: Staraptor|Protect|p1b: Staraptor
|-singleturn|p1b: Staraptor|Protect
|move|p2a: Talonflame|Overheat|p1a: Ninetales
|-supereffective|p1a: Ninetales|1
|-damage|p1a: Ninetales|20/100y
|-unboost|p2a: Talonflame|spa|2
|-damage|p2a: Talonflame|41/100|[from] item: Life Orb
|move|p2b: Gardevoir|Hyper Voice|p1b: Staraptor|[spread] p1a
|-activate|p1b: Staraptor|move: Protect
|-damage|p1a: Ninetales|0 fnt
|faint|p1a: Ninetales
|
|-weather|Snowscape|[upkeep]
|upkeep
|
|t:|1782398247
|switch|p1a: Incineroar|Incineroar, L50, F|64/100
|-ability|p1a: Incineroar|Intimidate|boost
|-unboost|p2a: Talonflame|atk|1
|-unboost|p2b: Gardevoir|atk|1
|turn|4
|
|t:|1782398261
|move|p1a: Incineroar|Fake Out|p2b: Gardevoir
|-damage|p2b: Gardevoir|65/100
|move|p2a: Talonflame|Dual Wingbeat|p1b: Staraptor
|-supereffective|p1b: Staraptor|1
|-crit|p1b: Staraptor
|-damage|p1b: Staraptor|0 fnt
|faint|p1b: Staraptor
|-hitcount|p1: Staraptor|1
|-damage|p2a: Talonflame|31/100|[from] item: Life Orb
|cant|p2b: Gardevoir|flinch
|
|-weather|Snowscape|[upkeep]
|upkeep
|
|t:|1782398272
|switch|p1b: Basculegion|Basculegion, L50, M|100/100
|turn|5
|inactive|pressinblades has 30 seconds left.
|
|t:|1782398307
|move|p2a: Talonflame|Dual Wingbeat|p1b: Basculegion
|-damage|p1b: Basculegion|91/100
|-damage|p1b: Basculegion|82/100
|-hitcount|p1b: Basculegion|2
|-damage|p2a: Talonflame|21/100|[from] item: Life Orb
|move|p2b: Gardevoir|Psychic|p1b: Basculegion
|-damage|p1b: Basculegion|14/100
|move|p1b: Basculegion|Last Respects|p2b: Gardevoir
|-supereffective|p2b: Gardevoir|1
|-damage|p2b: Gardevoir|0 fnt
|faint|p2b: Gardevoir
|move|p1a: Incineroar|Darkest Lariat|p2a: Talonflame
|-damage|p2a: Talonflame|0 fnt
|faint|p2a: Talonflame
|
|-weather|Snowscape|[upkeep]
|-sideend|p2: pressinblades|move: Tailwind
|upkeep
|
|t:|1782398316
|switch|p2a: Garchomp|Garchomp, L50, F, shiny|100/100
|switch|p2b: Torkoal|Torkoal, L50, M|100/100
|-weather|SunnyDay|[from] ability: Drought|[of] p2b: Torkoal
|turn|6
|inactive|watervgc has 30 seconds left.
|
|t:|1782398347
|move|p1b: Basculegion|Last Respects|p2a: Garchomp
|-damage|p2a: Garchomp|13/100
|move|p2a: Garchomp|Earthquake|p1a: Incineroar|[spread] p2b,p1a,p1b
|-supereffective|p2b: Torkoal|1
|-supereffective|p1a: Incineroar|1
|-damage|p2b: Torkoal|25/100
|-damage|p1a: Incineroar|0 fnt
|-damage|p1b: Basculegion|0 fnt
|faint|p1a: Incineroar
|faint|p1b: Basculegion
|
|win|pressinblades
