|j|☆frozenflamem4
|j|☆KingDom1992
|html|frozenflamem4KingDom1992    
|uhtml|bestof|Game 1 of a best-of-3
|t:|1757108043
|gametype|doubles
|player|p1|frozenflamem4|266|1221
|player|p2|KingDom1992|brock|1305
|gen|9
|tier|[Gen 9] VGC 2025 Reg H (Bo3)
|rated|
|rule|Species Clause: Limit one of each Pokémon
|rule|Item Clause: Limit 1 of each item
|clearpoke
|poke|p1|Electabuzz, L50, F|
|poke|p1|Volcarona, L50, M|
|poke|p1|Sneasler, L50, M|
|poke|p1|Kingambit, L50, F|
|poke|p1|Dragonite, L50, F|
|poke|p1|Rillaboom, L50, F|
|poke|p2|Gholdengo, L50|
|poke|p2|Sneasler, L50, F|
|poke|p2|Incineroar, L50, F|
|poke|p2|Amoonguss, L50, F|
|poke|p2|Dragonite, L50, F|
|poke|p2|Ursaluna-Bloodmoon, L50, M|
|teampreview|4
|showteam|p1|Electabuzz||Eviolite|VitalSpirit|FollowMe,Taunt,Thunderbolt,Protect|||F|||50|,,,,,Water]Volcarona||Leftovers|FlameBody|HeatWave,QuiverDance,TeraBlast,Protect|||M|||50|,,,,,Fairy]Sneasler||FocusSash|Unburden|Coaching,FakeOut,DireClaw,CloseCombat|||M|||50|,,,,,Stellar]Kingambit||BlackGlasses|Defiant|KowtowCleave,SuckerPunch,Protect,SwordsDance|||F|||50|,,,,,Dark]Dragonite||LoadedDice|Multiscale|ScaleShot,ExtremeSpeed,Tailwind,Protect|||F|||50|,,,,,Steel]Rillaboom||AssaultVest|GrassySurge|FakeOut,GrassyGlide,WoodHammer,HighHorsepower|||F|||50|,,,,,Water
|showteam|p2|Gholdengo||LifeOrb|GoodasGold|MakeItRain,ShadowBall,NastyPlot,Protect||||||50|,,,,,Water]Sneasler||FocusSash|PoisonTouch|FakeOut,CloseCombat,DireClaw,Protect|||F|||50|,,,,,Stellar]Incineroar||SafetyGoggles|Intimidate|FakeOut,FlareBlitz,KnockOff,PartingShot|||F|||50|,,,,,Ghost]Amoonguss||SitrusBerry|Regenerator|Spore,RagePowder,PollenPuff,Protect|||F|||50|,,,,,Water]Dragonite||LoadedDice|Multiscale|ScaleShot,Haze,Tailwind,ExtremeSpeed|||F|||50|,,,,,Fairy]Ursaluna-Bloodmoon||AssaultVest|MindsEye|HyperVoice,BloodMoon,EarthPower,VacuumWave|||M|||50|,,,,,Normal
|inactive|Battle timer is ON: inactive players will automatically lose when time's up. (requested by frozenflamem4)
|inactive|frozenflamem4 has 60 seconds left.
|
|t:|1757108085
|teamsize|p1|4
|teamsize|p2|4
|start
|switch|p1a: Volcarona|Volcarona, L50, M|100/100
|switch|p1b: Electabuzz|Electabuzz, L50, F|100/100
|switch|p2a: Sneasler|Sneasler, L50, F, shiny|100/100
|switch|p2b: Ursaluna|Ursaluna-Bloodmoon, L50, M|100/100
|turn|1
|
|t:|1757108099
|move|p1a: Volcarona|Protect|p1a: Volcarona
|-singleturn|p1a: Volcarona|Protect
|move|p1b: Electabuzz|Protect|p1b: Electabuzz
|-singleturn|p1b: Electabuzz|Protect
|move|p2a: Sneasler|Fake Out|p1b: Electabuzz
|-activate|p1b: Electabuzz|move: Protect
|move|p2b: Ursaluna|Earth Power|p1b: Electabuzz
|-activate|p1b: Electabuzz|move: Protect
|
|upkeep
|turn|2
|
|t:|1757108120
|switch|p2a: Incineroar|Incineroar, L50, F, shiny|100/100
|-ability|p2a: Incineroar|Intimidate|boost
|-unboost|p1a: Volcarona|atk|1
|-unboost|p1b: Electabuzz|atk|1
|-terastallize|p1b: Electabuzz|Water
|move|p1b: Electabuzz|Follow Me|p1b: Electabuzz
|-singleturn|p1b: Electabuzz|move: Follow Me
|move|p1a: Volcarona|Quiver Dance|p1a: Volcarona
|-boost|p1a: Volcarona|spa|1
|-boost|p1a: Volcarona|spd|1
|-boost|p1a: Volcarona|spe|1
|move|p2b: Ursaluna|Hyper Voice|p1a: Volcarona|[spread] p1a,p1b
|-crit|p1a: Volcarona
|-damage|p1a: Volcarona|54/100
|-damage|p1b: Electabuzz|72/100
|
|-heal|p1a: Volcarona|60/100|[from] item: Leftovers
|upkeep
|turn|3
|inactive|frozenflamem4 has 30 seconds left.
|
|t:|1757108146
|switch|p2b: Dragonite|Dragonite, L50, F|100/100
|move|p1a: Volcarona|Protect|p1a: Volcarona
|-singleturn|p1a: Volcarona|Protect
|move|p1b: Electabuzz|Protect|p1b: Electabuzz
|-singleturn|p1b: Electabuzz|Protect
|move|p2a: Incineroar|Fake Out|p1a: Volcarona
|-activate|p1a: Volcarona|move: Protect
|
|-heal|p1a: Volcarona|66/100|[from] item: Leftovers
|upkeep
|turn|4
|
|t:|1757108169
|move|p1a: Volcarona|Heat Wave|p2b: Dragonite|[spread] p2a,p2b
|-resisted|p2a: Incineroar
|-resisted|p2b: Dragonite
|-damage|p2a: Incineroar|83/100
|-damage|p2b: Dragonite|86/100
|move|p1b: Electabuzz|Taunt|p2a: Incineroar
|-start|p2a: Incineroar|move: Taunt
|move|p2b: Dragonite|Haze|p2b: Dragonite
|-clearallboost
|cant|p2a: Incineroar|move: Taunt|Parting Shot
|
|-heal|p1a: Volcarona|72/100|[from] item: Leftovers
|upkeep
|turn|5
|inactive|frozenflamem4 has 30 seconds left.
|
|t:|1757108197
|move|p1b: Electabuzz|Follow Me|p1b: Electabuzz
|-singleturn|p1b: Electabuzz|move: Follow Me
|move|p1a: Volcarona|Quiver Dance|p1a: Volcarona
|-boost|p1a: Volcarona|spa|1
|-boost|p1a: Volcarona|spd|1
|-boost|p1a: Volcarona|spe|1
|move|p2b: Dragonite|Scale Shot|p1b: Electabuzz
|-damage|p1b: Electabuzz|61/100
|-damage|p1b: Electabuzz|50/100
|-damage|p1b: Electabuzz|38/100
|-damage|p1b: Electabuzz|27/100
|-hitcount|p1b: Electabuzz|4
|-unboost|p2b: Dragonite|def|1
|-boost|p2b: Dragonite|spe|1
|move|p2a: Incineroar|Knock Off|p1b: Electabuzz
|-damage|p1b: Electabuzz|0 fnt
|-enditem|p1b: Electabuzz|Eviolite|[from] move: Knock Off|[of] p2a: Incineroar
|faint|p1b: Electabuzz
|
|-heal|p1a: Volcarona|79/100|[from] item: Leftovers
|upkeep
|
|t:|1757108210
|switch|p1b: Sneasler|Sneasler, L50, M|100/100
|turn|6
|
|t:|1757108234
|switch|p2b: Ursaluna|Ursaluna-Bloodmoon, L50, M|100/100
|move|p1b: Sneasler|Fake Out|p2b: Ursaluna
|-damage|p2b: Ursaluna|89/100
|move|p1a: Volcarona|Tera Blast|p2b: Ursaluna
|-damage|p2b: Ursaluna|63/100
|move|p2a: Incineroar|Flare Blitz|p1a: Volcarona
|-damage|p1a: Volcarona|24/100
|-damage|p2a: Incineroar|65/100|[from] Recoil
|
|-heal|p1a: Volcarona|30/100|[from] item: Leftovers
|-end|p2a: Incineroar|move: Taunt
|upkeep
|turn|7
|
|t:|1757108254
|switch|p2b: Sneasler|Sneasler, L50, F, shiny|100/100
|move|p1a: Volcarona|Heat Wave|p2b: Sneasler|[spread] p2a,p2b
|-resisted|p2a: Incineroar
|-damage|p2a: Incineroar|46/100
|-damage|p2b: Sneasler|30/100
|move|p1b: Sneasler|Close Combat|p2a: Incineroar
|-supereffective|p2a: Incineroar
|-damage|p2a: Incineroar|0 fnt
|-unboost|p1b: Sneasler|def|1
|-unboost|p1b: Sneasler|spd|1
|faint|p2a: Incineroar
|
|-heal|p1a: Volcarona|36/100|[from] item: Leftovers
|upkeep
|
|t:|1757108267
|switch|p2a: Dragonite|Dragonite, L50, F|86/100
|turn|8
|
|t:|1757108283
|move|p2b: Sneasler|Fake Out|p1b: Sneasler
|-damage|p1b: Sneasler|63/100
|move|p1a: Volcarona|Heat Wave|p2a: Dragonite|[spread] p2a,p2b
|-resisted|p2a: Dragonite
|-damage|p2a: Dragonite|55/100
|-damage|p2b: Sneasler|0 fnt
|faint|p2b: Sneasler
|cant|p1b: Sneasler|flinch
|move|p2a: Dragonite|Tailwind|p2a: Dragonite
|-sidestart|p2: KingDom1992|move: Tailwind
|
|-heal|p1a: Volcarona|43/100|[from] item: Leftovers
|upkeep
|
|t:|1757108288
|switch|p2b: Ursaluna|Ursaluna-Bloodmoon, L50, M|63/100
|turn|9
|
|t:|1757108296
|switch|p1b: Dragonite|Dragonite, L50, F|100/100
|-terastallize|p2b: Ursaluna|Normal
|move|p1a: Volcarona|Protect|p1a: Volcarona
|-singleturn|p1a: Volcarona|Protect
|move|p2a: Dragonite|Haze|p2a: Dragonite
|-clearallboost
|move|p2b: Ursaluna|Hyper Voice|p1b: Dragonite|[spread] p1b
|-activate|p1a: Volcarona|move: Protect
|-damage|p1b: Dragonite|76/100
|
|-heal|p1a: Volcarona|49/100|[from] item: Leftovers
|upkeep
|turn|10
|
|t:|1757108310
|move|p1b: Dragonite|Protect|p1b: Dragonite
|-singleturn|p1b: Dragonite|Protect
|move|p2a: Dragonite|Scale Shot|p1b: Dragonite
|-activate|p1b: Dragonite|move: Protect
|move|p2b: Ursaluna|Blood Moon|p1a: Volcarona
|-damage|p1a: Volcarona|0 fnt
|faint|p1a: Volcarona
|
|upkeep
|
|t:|1757108317
|switch|p1a: Sneasler|Sneasler, L50, M|63/100
|turn|11
|inactive|KingDom1992 has 30 seconds left.
|
|t:|1757108348
|move|p1a: Sneasler|Fake Out|p2a: Dragonite
|-damage|p2a: Dragonite|40/100
|cant|p2a: Dragonite|flinch
|move|p2b: Ursaluna|Hyper Voice|p1a: Sneasler|[spread] p1a,p1b
|-damage|p1a: Sneasler|0 fnt
|-damage|p1b: Dragonite|22/100
|faint|p1a: Sneasler
|move|p1b: Dragonite|Scale Shot|p2a: Dragonite
|-supereffective|p2a: Dragonite
|-damage|p2a: Dragonite|8/100
|-supereffective|p2a: Dragonite
|-damage|p2a: Dragonite|0 fnt
|faint|p2a: Dragonite
|-hitcount|p2: Dragonite|2
|-unboost|p1b: Dragonite|def|1
|-boost|p1b: Dragonite|spe|1
|
|-sideend|p2: KingDom1992|move: Tailwind
|upkeep
|turn|12
|
|t:|1757108357
|move|p1b: Dragonite|Scale Shot|p2b: Ursaluna
|-crit|p2b: Ursaluna
|-damage|p2b: Ursaluna|44/100
|-damage|p2b: Ursaluna|33/100
|-damage|p2b: Ursaluna|20/100
|-damage|p2b: Ursaluna|9/100
|-hitcount|p2b: Ursaluna|4
|-unboost|p1b: Dragonite|def|1
|-boost|p1b: Dragonite|spe|1
|move|p2b: Ursaluna|Blood Moon|p1b: Dragonite
|-damage|p1b: Dragonite|0 fnt
|faint|p1b: Dragonite
|
|win|KingDom1992
||KingDom1992 is ready for game 2.
||frozenflamem4 is ready for game 2.
|uhtml|next|Next: Game 2 of 3
|l|☆frozenflamem4
|player|p1|
