|j|☆Jimcarona
|j|☆Qicide
|html|JimcaronaQicide    
|uhtml|bestof|Game 3 of a best-of-3
|t:|1757731702
|gametype|doubles
|player|p1|Jimcarona|266|1206
|player|p2|Qicide|red|1276
|gen|9
|tier|[Gen 9] VGC 2025 Reg H (Bo3)
|rated|
|rule|Species Clause: Limit one of each Pokémon
|rule|Item Clause: Limit 1 of each item
|clearpoke
|poke|p1|Indeedee-F, L50, F|
|poke|p1|Armarouge, L50, M|
|poke|p1|Torkoal, L50, F|
|poke|p1|Ursaluna, L50, F|
|poke|p1|Gallade, L50, M|
|poke|p1|Lilligant-Hisui, L50, F|
|poke|p2|Porygon2, L50|
|poke|p2|Incineroar, L50, F|
|poke|p2|Ursaluna, L50, F|
|poke|p2|Jumpluff, L50, M|
|poke|p2|Charizard, L50, F|
|poke|p2|Torkoal, L50, F|
|teampreview|4
|showteam|p1|Indeedee-F||PsychicSeed|PsychicSurge|Psychic,HelpingHand,FollowMe,TrickRoom|||F|||50|,,,,,Grass]Armarouge||LifeOrb|FlashFire|ExpandingForce,ArmorCannon,TrickRoom,Protect|||M|||50|,,,,,Grass]Torkoal||Charcoal|Drought|Eruption,WeatherBall,HeatWave,Protect|||F|||50|,,,,,Fire]Ursaluna||FlameOrb|Guts|Facade,HeadlongRush,Earthquake,Protect|||F|||50|,,,,,Ghost]Gallade||ClearAmulet|Sharpness|SacredSword,PsychoCut,TrickRoom,Protect|||M|||50|,,,,,Grass]Lilligant-Hisui||FocusSash|Chlorophyll|CloseCombat,TripleAxel,SleepPowder,AfterYou|||F|||50|,,,,,Ghost
|showteam|p2|Porygon2||Eviolite|Download|TeraBlast,IceBeam,TrickRoom,Recover||||||50|,,,,,Fighting]Incineroar||SitrusBerry|Intimidate|FakeOut,KnockOff,FlareBlitz,PartingShot|||F|||50|,,,,,Ghost]Ursaluna||FlameOrb|Guts|HeadlongRush,Facade,Earthquake,Protect|||F|||50|,,,,,Ghost]Jumpluff||CovertCloak|Chlorophyll|RagePowder,SunnyDay,Tailwind,SleepPowder|||M|||50|,,,,,Water]Charizard||ChoiceSpecs|SolarPower|HeatWave,Overheat,WeatherBall,SolarBeam|||F|||50|,,,,,Ghost]Torkoal||EjectPack|Drought|Overheat,Eruption,HelpingHand,Protect|||F|||50|,,,,,Fire
|inactive|Battle timer is ON: inactive players will automatically lose when time's up. (requested by Qicide)
|
|t:|1757731729
|teamsize|p1|4
|teamsize|p2|4
|start
|switch|p1a: Torkoal|Torkoal, L50, F|100/100
|switch|p1b: Lilligant|Lilligant-Hisui, L50, F|100/100
|switch|p2a: Jumpluff|Jumpluff, L50, M|100/100
|switch|p2b: Incineroar|Incineroar, L50, F|100/100
|-ability|p2b: Incineroar|Intimidate|boost
|-unboost|p1a: Torkoal|atk|1
|-unboost|p1b: Lilligant|atk|1
|-weather|SunnyDay|[from] ability: Drought|[of] p1a: Torkoal
|turn|1
|
|t:|1757731750
|-terastallize|p2a: Jumpluff|Water
|move|p2a: Jumpluff|Tailwind|p2a: Jumpluff
|-sidestart|p2: Qicide|move: Tailwind
|move|p1b: Lilligant|After You|p1a: Torkoal
|-activate|p1a: Torkoal|move: After You
|move|p1a: Torkoal|Eruption|p2a: Jumpluff|[spread] p2a,p2b
|-resisted|p2a: Jumpluff
|-resisted|p2b: Incineroar
|-damage|p2a: Jumpluff|54/100
|-damage|p2b: Incineroar|61/100
|move|p2b: Incineroar|Knock Off|p1b: Lilligant
|-resisted|p1b: Lilligant
|-damage|p1b: Lilligant|59/100
|-enditem|p1b: Lilligant|Focus Sash|[from] move: Knock Off|[of] p2b: Incineroar
|
|-weather|SunnyDay|[upkeep]
|upkeep
|turn|2
|inactive|Jimcarona has 30 seconds left.
|
|t:|1757731783
|move|p1a: Torkoal|Protect|p1a: Torkoal
|-singleturn|p1a: Torkoal|Protect
|move|p2a: Jumpluff|Sleep Powder|p1a: Torkoal
|-activate|p1a: Torkoal|move: Protect
|move|p1b: Lilligant|Close Combat|p2b: Incineroar
|-supereffective|p2b: Incineroar
|-damage|p2b: Incineroar|0 fnt
|-unboost|p1b: Lilligant|def|1
|-unboost|p1b: Lilligant|spd|1
|faint|p2b: Incineroar
|
|-weather|SunnyDay|[upkeep]
|upkeep
|
|t:|1757731794
|switch|p2b: Ursaluna|Ursaluna, L50, F|100/100
|turn|3
|
|t:|1757731802
|move|p2a: Jumpluff|Sleep Powder|p1a: Torkoal
|-status|p1a: Torkoal|slp|[from] move: Sleep Powder
|move|p1b: Lilligant|Close Combat|p2b: Ursaluna
|-supereffective|p2b: Ursaluna
|-damage|p2b: Ursaluna|48/100
|-unboost|p1b: Lilligant|def|1
|-unboost|p1b: Lilligant|spd|1
|move|p2b: Ursaluna|Earthquake|p1b: Lilligant|[spread] p2a,p1a,p1b
|-supereffective|p1a: Torkoal
|-resisted|p1b: Lilligant
|-damage|p2a: Jumpluff|0 fnt
|-damage|p1a: Torkoal|35/100 slp
|-damage|p1b: Lilligant|0 fnt
|faint|p2a: Jumpluff
|faint|p1b: Lilligant
|cant|p1a: Torkoal|slp
|
|-weather|SunnyDay|[upkeep]
|-status|p2b: Ursaluna|brn|[from] item: Flame Orb
|upkeep
|
|t:|1757731818
|switch|p2a: Torkoal|Torkoal, L50, F|100/100
|switch|p1b: Gallade|Gallade, L50, M|100/100
|turn|4
|
|t:|1757731828
|move|p1b: Gallade|Protect|p1b: Gallade
|-singleturn|p1b: Gallade|Protect
|move|p2b: Ursaluna|Facade|p1b: Gallade
|-activate|p1b: Gallade|move: Protect
|move|p2a: Torkoal|Eruption|p1b: Gallade|[spread] p1a
|-activate|p1b: Gallade|move: Protect
|-resisted|p1a: Torkoal
|-damage|p1a: Torkoal|0 fnt
|faint|p1a: Torkoal
|
|-weather|SunnyDay|[upkeep]
|-damage|p2b: Ursaluna|43/100 brn|[from] brn
|-sideend|p2: Qicide|move: Tailwind
|upkeep
|
|t:|1757731839
|switch|p1a: Indeedee|Indeedee-F, L50, F|100/100
|-fieldstart|move: Psychic Terrain|[from] ability: Psychic Surge|[of] p1a: Indeedee
|-enditem|p1a: Indeedee|Psychic Seed
|-boost|p1a: Indeedee|spd|1|[from] item: Psychic Seed
|turn|5
|
|t:|1757731860
|move|p1b: Gallade|Psycho Cut|p2b: Ursaluna
|-damage|p2b: Ursaluna|0 fnt
|faint|p2b: Ursaluna
|move|p1a: Indeedee|Psychic|p2a: Torkoal
|-crit|p2a: Torkoal
|-damage|p2a: Torkoal|17/100
|move|p2a: Torkoal|Eruption|p1a: Indeedee|[spread] p1a,p1b
|-damage|p1a: Indeedee|94/100
|-damage|p1b: Gallade|90/100
|
|-weather|none
|upkeep
|turn|6
|
|t:|1757731869
|move|p1b: Gallade|Sacred Sword|p2a: Torkoal
|-damage|p2a: Torkoal|0 fnt
|faint|p2a: Torkoal
|
|win|Jimcarona
|raw|Jimcarona's rating: 1206 → 1236(+30 for winning)
|raw|Qicide's rating: 1276 → 1246(-30 for losing)
