|j|☆Linkmasterjr
|j|☆jonathan53332
|html|Linkmasterjrjonathan53332    
|uhtml|bestof|Game 2 of a best-of-3
|t:|1782461681
|gametype|doubles
|player|p1|Linkmasterjr|265|
|player|p2|jonathan53332|266|
|gen|9
|tier|[Gen 9 Champions] VGC 2026 Reg M-B (Bo3)
|rule|Species Clause: Limit one of each Pokémon
|rule|Item Clause: Limit 1 of each item
|clearpoke
|poke|p1|Raichu, L50, F|
|poke|p1|Staraptor, L50, M|
|poke|p1|Grimmsnarl, L50, M|
|poke|p1|Scizor, L50, F|
|poke|p1|Archaludon, L50, F|
|poke|p1|Gengar, L50, F|
|poke|p2|Primarina, L50, F|
|poke|p2|Sinistcha-Masterpiece, L50, shiny|
|poke|p2|Pelipper, L50, F|
|poke|p2|Meganium, L50, F, shiny|
|poke|p2|Excadrill, L50, M|
|poke|p2|Golurk, L50|
|teampreview|4
|showteam|p1|Raichu||RaichuniteY|LightningRod|ZapCannon,FocusBlast,AlluringVoice,FakeOut|Hasty||F|||50|]Staraptor||Staraptite|Intimidate|CloseCombat,Tailwind,BraveBird,Protect|Jolly||M|||50|]Grimmsnarl||LightClay|Prankster|LightScreen,Reflect,PartingShot,SpiritBreak|Careful||M|||50|]Scizor||MuscleBand|Technician|BulletPunch,DualWingbeat,Tailwind,CloseCombat|Adamant||F|||50|]Archaludon||SitrusBerry|Stamina|FlashCannon,ElectroShot,AuraSphere,Protect|Timid||F|||50|]Gengar||Gengarite|CursedBody|SludgeWave,ShadowBall,Thunderbolt,Protect|Timid||F|||50|
|showteam|p2|Primarina||Leftovers|LiquidVoice|HyperVoice,Blizzard,EnergyBall,ShadowBall|Modest||F|||50|]Sinistcha-Masterpiece||SitrusBerry|Hospitality|MatchaGotcha,StrengthSap,ShadowBall,Scald|Modest|||||50|]Pelipper||FocusSash|Drizzle|Hurricane,WideGuard,IcyWind,Tailwind|Modest||F|||50|]Meganium||Meganiumite|LeafGuard|WeatherBall,SolarBeam,DazzlingGleam,Synthesis|Timid||F|||50|]Excadrill||Excadrite|SandRush|Earthquake,IronHead,BrickBreak,Protect|Jolly||M|||50|]Golurk||Golurkite|NoGuard|DynamicPunch,ThunderPunch,RockSlide,Poltergeist|Adamant|||||50|
|
|t:|1782461704
|teamsize|p1|4
|teamsize|p2|4
|start
|switch|p1a: Gengar|Gengar, L50, F|100/100
|switch|p1b: Staraptor|Staraptor, L50, M|100/100
|switch|p2a: Golurk|Golurk, L50|100/100
|switch|p2b: Sinistcha|Sinistcha-Masterpiece, L50, shiny|100/100
|-ability|p1b: Staraptor|Intimidate|boost
|-unboost|p2a: Golurk|atk|1
|-unboost|p2b: Sinistcha|atk|1
|turn|1
|
|t:|1782461718
|switch|p2b: Pelipper|Pelipper, L50, F|100/100
|-weather|RainDance|[from] ability: Drizzle|[of] p2b: Pelipper
|detailschange|p1a: Gengar|Gengar-Mega, L50, F
|-mega|p1a: Gengar|Gengar|Gengarite
|move|p1a: Gengar|Shadow Ball|p2b: Pelipper
|-damage|p2b: Pelipper|19/100
|move|p1b: Staraptor|Tailwind|p1b: Staraptor
|-sidestart|p1: Linkmasterjr|move: Tailwind
|move|p2a: Golurk|Poltergeist|p1a: Gengar
|-activate|p1a: Gengar|move: Poltergeist|Gengarite
|-supereffective|p1a: Gengar|1
|-damage|p1a: Gengar|0 fnt
|faint|p1a: Gengar
|
|-weather|RainDance|[upkeep]
|upkeep
|
|t:|1782461740
|switch|p1a: Grimmsnarl|Grimmsnarl, L50, M|100/100
|turn|2
|
|t:|1782461751
|move|p1b: Staraptor|Protect|p1b: Staraptor
|-singleturn|p1b: Staraptor|Protect
|move|p1a: Grimmsnarl|Spirit Break|p2b: Pelipper
|-damage|p2b: Pelipper|0 fnt
|faint|p2b: Pelipper
|move|p2a: Golurk|Dynamic Punch|p1b: Staraptor
|-activate|p1b: Staraptor|move: Protect
|
|-weather|RainDance|[upkeep]
|upkeep
|
|t:|1782461758
|switch|p2b: Excadrill|Excadrill, L50, M|100/100
|turn|3
|
|t:|1782461765
|move|p1a: Grimmsnarl|Reflect|p1a: Grimmsnarl
|-sidestart|p1: Linkmasterjr|Reflect
|move|p1b: Staraptor|Close Combat|p2b: Excadrill
|-supereffective|p2b: Excadrill|1
|-damage|p2b: Excadrill|0 fnt
|-unboost|p1b: Staraptor|def|1
|-unboost|p1b: Staraptor|spd|1
|faint|p2b: Excadrill
|move|p2a: Golurk|Dynamic Punch|p1b: Staraptor
|-damage|p1b: Staraptor|60/100
|-start|p1b: Staraptor|confusion
|
|-weather|RainDance|[upkeep]
|upkeep
|
|t:|1782461776
|switch|p2b: Sinistcha|Sinistcha-Masterpiece, L50, shiny|100/100
|turn|4
|
|t:|1782461793
|switch|p1b: Scizor|Scizor, L50, F|100/100
|detailschange|p2a: Golurk|Golurk-Mega, L50
|-mega|p2a: Golurk|Golurk|Golurkite
|move|p1a: Grimmsnarl|Parting Shot|p2b: Sinistcha
|-unboost|p2b: Sinistcha|atk|1
|-unboost|p2b: Sinistcha|spa|1
|
|t:|1782461800
|switch|p1a: Staraptor|Staraptor, L50, M|60/100|[from] Parting Shot
|-ability|p1a: Staraptor|Intimidate|boost
|-unboost|p2a: Golurk|atk|1
|-unboost|p2b: Sinistcha|atk|1
|move|p2b: Sinistcha|Matcha Gotcha|p1a: Staraptor|[spread] p1a,p1b
|-resisted|p1a: Staraptor|1
|-resisted|p1b: Scizor|2
|-damage|p1a: Staraptor|42/100
|-damage|p1b: Scizor|94/100
|-status|p1a: Staraptor|brn
|-status|p1b: Scizor|brn
|move|p2a: Golurk|Rock Slide|p1b: Scizor|[spread] p1a,p1b
|-supereffective|p1a: Staraptor|1
|-damage|p1a: Staraptor|16/100 brn
|-damage|p1b: Scizor|85/100 brn
|
|-weather|RainDance|[upkeep]
|-damage|p1a: Staraptor|10/100 brn|[from] brn
|-damage|p1b: Scizor|79/100 brn|[from] brn
|-sideend|p1: Linkmasterjr|move: Tailwind
|upkeep
|turn|5
|
|t:|1782461834
|move|p1a: Staraptor|Brave Bird|p2b: Sinistcha
|-supereffective|p2b: Sinistcha|1
|-damage|p2b: Sinistcha|41/100
|-enditem|p2b: Sinistcha|Sitrus Berry|[eat]
|-heal|p2b: Sinistcha|65/100|[from] item: Sitrus Berry
|-damage|p1a: Staraptor|0 fnt|[from] Recoil
|faint|p1a: Staraptor
|move|p2b: Sinistcha|Strength Sap|p1b: Scizor
|-unboost|p1b: Scizor|atk|1
|-heal|p2b: Sinistcha|100/100
|move|p1b: Scizor|Dual Wingbeat|p2b: Sinistcha
|-supereffective|p2b: Sinistcha|1
|-damage|p2b: Sinistcha|84/100
|-supereffective|p2b: Sinistcha|1
|-damage|p2b: Sinistcha|69/100
|-hitcount|p2b: Sinistcha|2
|move|p2a: Golurk|Thunder Punch|p1b: Scizor
|-damage|p1b: Scizor|67/100 brn
|
|-weather|none
|-damage|p1b: Scizor|61/100 brn|[from] brn
|upkeep
|
|t:|1782461848
|switch|p1a: Grimmsnarl|Grimmsnarl, L50, M|100/100
|turn|6
|
|t:|1782461861
|move|p2b: Sinistcha|Strength Sap|p1b: Scizor
|-unboost|p1b: Scizor|atk|1
|-heal|p2b: Sinistcha|100/100
|move|p1b: Scizor|Dual Wingbeat|p2a: Golurk
|-damage|p2a: Golurk|93/100
|-damage|p2a: Golurk|88/100
|-hitcount|p2a: Golurk|2
|move|p1a: Grimmsnarl|Spirit Break|p2b: Sinistcha
|-damage|p2b: Sinistcha|72/100
|-unboost|p2b: Sinistcha|spa|1
|move|p2a: Golurk|Thunder Punch|p1b: Scizor
|-damage|p1b: Scizor|49/100 brn
|
|-damage|p1b: Scizor|43/100 brn|[from] brn
|upkeep
|turn|7
|
|t:|1782461881
|move|p2b: Sinistcha|Matcha Gotcha|p1a: Grimmsnarl|[spread] p1a,p1b
|-resisted|p1b: Scizor|2
|-damage|p1a: Grimmsnarl|86/100
|-heal|p2b: Sinistcha|80/100|[from] drain|[of] p1a: Grimmsnarl
|-damage|p1b: Scizor|38/100 brn
|-heal|p2b: Sinistcha|83/100|[from] drain|[of] p1b: Scizor
|move|p1b: Scizor|Dual Wingbeat|p2b: Sinistcha
|-supereffective|p2b: Sinistcha|1
|-damage|p2b: Sinistcha|69/100
|-supereffective|p2b: Sinistcha|1
|-damage|p2b: Sinistcha|57/100
|-hitcount|p2b: Sinistcha|2
|move|p1a: Grimmsnarl|Spirit Break|p2b: Sinistcha
|-damage|p2b: Sinistcha|30/100
|-unboost|p2b: Sinistcha|spa|1
|move|p2a: Golurk|Thunder Punch|p1b: Scizor
|-damage|p1b: Scizor|27/100 brn
|
|-damage|p1b: Scizor|21/100 brn|[from] brn
|upkeep
|turn|8
|
|t:|1782461903
|move|p2b: Sinistcha|Strength Sap|p1a: Grimmsnarl
|-unboost|p1a: Grimmsnarl|atk|1
|-heal|p2b: Sinistcha|100/100
|move|p1b: Scizor|Tailwind|p1b: Scizor
|-sidestart|p1: Linkmasterjr|move: Tailwind
|move|p1a: Grimmsnarl|Spirit Break|p2b: Sinistcha
|-damage|p2b: Sinistcha|78/100
|-unboost|p2b: Sinistcha|spa|1
|move|p2a: Golurk|Thunder Punch|p1b: Scizor
|-damage|p1b: Scizor|10/100 brn
|
|-damage|p1b: Scizor|4/100 brn|[from] brn
|upkeep
|turn|9
|
|t:|1782461927
|move|p1b: Scizor|Bullet Punch|p2b: Sinistcha
|-damage|p2b: Sinistcha|69/100
|move|p1a: Grimmsnarl|Spirit Break|p2b: Sinistcha
|-damage|p2b: Sinistcha|48/100
|-unboost|p2b: Sinistcha|spa|1
|move|p2b: Sinistcha|Matcha Gotcha|p1b: Scizor|[spread] p1a,p1b
|-resisted|p1b: Scizor|2
|-damage|p1a: Grimmsnarl|80/100
|-heal|p2b: Sinistcha|52/100|[from] drain|[of] p1a: Grimmsnarl
|-damage|p1b: Scizor|2/100 brn
|-heal|p2b: Sinistcha|53/100|[from] drain|[of] p1b: Scizor
|-status|p1a: Grimmsnarl|brn
|move|p2a: Golurk|Thunder Punch|p1a: Grimmsnarl
|-damage|p1a: Grimmsnarl|65/100 brn
|
|-damage|p1b: Scizor|0 fnt|[from] brn
|faint|p1b: Scizor
|-damage|p1a: Grimmsnarl|59/100 brn|[from] brn
|upkeep
|turn|10
|
|t:|1782461944
|move|p1a: Grimmsnarl|Spirit Break|p2b: Sinistcha
|-damage|p2b: Sinistcha|44/100
|-unboost|p2b: Sinistcha|spa|1
|move|p2b: Sinistcha|Strength Sap|p1a: Grimmsnarl
|-unboost|p1a: Grimmsnarl|atk|1
|-heal|p2b: Sinistcha|97/100
|move|p2a: Golurk|Thunder Punch|p1a: Grimmsnarl
|-damage|p1a: Grimmsnarl|46/100 brn
|
|-damage|p1a: Grimmsnarl|40/100 brn|[from] brn
|-sideend|p1: Linkmasterjr|Reflect
|upkeep
|turn|11
|
|t:|1782461952
|move|p1a: Grimmsnarl|Spirit Break|p2a: Golurk
|-damage|p2a: Golurk|81/100
|-unboost|p2a: Golurk|spa|1
|move|p2b: Sinistcha|Matcha Gotcha|p1a: Grimmsnarl
|-damage|p1a: Grimmsnarl|31/100 brn
|-heal|p2b: Sinistcha|100/100|[from] drain|[of] p1a: Grimmsnarl
|move|p2a: Golurk|Thunder Punch|p1a: Grimmsnarl
|-damage|p1a: Grimmsnarl|9/100 brn
|
|-damage|p1a: Grimmsnarl|3/100 brn|[from] brn
|-sideend|p1: Linkmasterjr|move: Tailwind
|upkeep
|turn|12
|
|t:|1782461968
|move|p2b: Sinistcha|Matcha Gotcha|p1a: Grimmsnarl
|-damage|p1a: Grimmsnarl|0 fnt
|faint|p1a: Grimmsnarl
|
|win|jonathan53332
||Linkmasterjr is ready for game 3.
|inactive|jonathan53332 has 30 seconds to confirm battle start!
|inactive|jonathan53332 has 20 seconds to confirm battle start!
