|j|☆sun goes wrong
|j|☆AndreFra
|html|sun goes wrongAndreFra    
|uhtml|bestof|Game 1 of a best-of-3
|t:|1783715939
|gametype|doubles
|player|p1|sun goes wrong|169|
|player|p2|AndreFra|170|
|gen|9
|tier|[Gen 9 Champions] VGC 2026 Reg M-B (Bo3)
|rule|Species Clause: Limit one of each Pokémon
|rule|Item Clause: Limit 1 of each item
|clearpoke
|poke|p1|Sharpedo, L50, F|
|poke|p1|Glalie, L50, F|
|poke|p1|Sylveon, L50, F|
|poke|p1|Primarina, L50, M|
|poke|p1|Sableye, L50, F|
|poke|p1|Farigiraf, L50, M|
|poke|p2|Floette-Eternal, L50, F|
|poke|p2|Charizard, L50, M|
|poke|p2|Kingambit, L50, F|
|poke|p2|Whimsicott, L50, F|
|poke|p2|Basculegion, L50, M|
|poke|p2|Garchomp, L50, F|
|teampreview|4
|showteam|p1|Sharpedo||FocusSash|SpeedBoost|Protect,Round,Waterfall,Crunch|Jolly||F|||50|]Glalie||Glalitite|Moody|Protect,Round,Explosion,IceBeam|Quiet||F|||50|]Sylveon||FairyFeather|Pixilate|Round,HyperVoice,QuickAttack,Protect|Modest||F|||50|]Primarina||MysticWater|LiquidVoice|AquaJet,Round,HyperVoice,Protect|Modest||M|||50|]Sableye||Sablenite|Prankster|Quash,RainDance,Round,FakeOut|Sassy||F|||50|]Farigiraf||SitrusBerry|ArmorTail|HyperVoice,TrickRoom,TwinBeam,HelpingHand|Bold||M|||50|
|showteam|p2|Floette-Eternal||Floettite|FlowerVeil|Moonblast,DazzlingGleam,LightofRuin,Protect|Timid||F|||50|]Charizard||CharizarditeY|Blaze|HeatWave,WeatherBall,SolarBeam,Protect|Modest||M|||50|]Kingambit||BlackGlasses|Defiant|KowtowCleave,IronHead,SuckerPunch,Protect|Adamant||F|||50|]Whimsicott||FocusSash|Prankster|Moonblast,Tailwind,Encore,Protect|Timid||F|||50|]Basculegion||MysticWater|Adaptability|WaveCrash,LastRespects,AquaJet,Protect|Adamant||M|||50|]Garchomp||LifeOrb|RoughSkin|DragonClaw,Earthquake,RockSlide,Protect|Jolly||F|||50|
|c|☆AndreFra|mi sento male
|
|t:|1783715983
|teamsize|p1|4
|teamsize|p2|4
|start
|switch|p1a: Sharpedo|Sharpedo, L50, F|100/100
|switch|p1b: Glalie|Glalie, L50, F|100/100
|switch|p2a: Whimsicott|Whimsicott, L50, F|100/100
|switch|p2b: Charizard|Charizard, L50, M|100/100
|turn|1
|
|t:|1783716013
|detailschange|p1b: Glalie|Glalie-Mega, L50, F
|-mega|p1b: Glalie|Glalie|Glalitite
|move|p2b: Charizard|Protect|p2b: Charizard
|-singleturn|p2b: Charizard|Protect
|move|p1b: Glalie|Protect|p1b: Glalie
|-singleturn|p1b: Glalie|Protect
|move|p2a: Whimsicott|Tailwind|p2a: Whimsicott
|-sidestart|p2: AndreFra|move: Tailwind
|move|p1a: Sharpedo|Waterfall|p2b: Charizard
|-activate|p2b: Charizard|move: Protect
|
|-ability|p1a: Sharpedo|Speed Boost|boost
|-boost|p1a: Sharpedo|spe|1
|upkeep
|turn|2
|
|t:|1783716048
|detailschange|p2b: Charizard|Charizard-Mega-Y, L50, M
|-mega|p2b: Charizard|Charizard|Charizardite Y
|-weather|SunnyDay|[from] ability: Drought|[of] p2b: Charizard
|move|p1a: Sharpedo|Protect|p1a: Sharpedo
|-singleturn|p1a: Sharpedo|Protect
|move|p2a: Whimsicott|Encore|p1b: Glalie
|-start|p1b: Glalie|Encore
|move|p1b: Glalie|Protect||[still]
|-fail|p1b: Glalie
|move|p2b: Charizard|Heat Wave|p1b: Glalie|[spread] p1b
|-activate|p1a: Sharpedo|move: Protect
|-supereffective|p1b: Glalie|1
|-damage|p1b: Glalie|0 fnt
|faint|p1b: Glalie
|
|-weather|SunnyDay|[upkeep]
|-ability|p1a: Sharpedo|Speed Boost|boost
|-boost|p1a: Sharpedo|spe|1
|upkeep
|
|t:|1783716063
|switch|p1b: Sylveon|Sylveon, L50, F|100/100
|turn|3
|
|t:|1783716080
|move|p2a: Whimsicott|Moonblast|p1a: Sharpedo
|-supereffective|p1a: Sharpedo|1
|-enditem|p1a: Sharpedo|Focus Sash
|-damage|p1a: Sharpedo|1/100
|move|p1a: Sharpedo|Round|p2a: Whimsicott
|-damage|p2a: Whimsicott|77/100
|move|p1b: Sylveon|Round|p2a: Whimsicott|[from] move: Round
|-damage|p2a: Whimsicott|0 fnt
|faint|p2a: Whimsicott
|move|p2b: Charizard|Heat Wave|p1b: Sylveon|[spread] p1a
|-miss|p2b: Charizard|p1b: Sylveon
|-resisted|p1a: Sharpedo|1
|-damage|p1a: Sharpedo|0 fnt
|faint|p1a: Sharpedo
|
|-weather|SunnyDay|[upkeep]
|upkeep
|
|t:|1783716098
|switch|p2a: Kingambit|Kingambit, L50, F|100/100
|switch|p1a: Farigiraf|Farigiraf, L50, M|100/100
|turn|4
|
|t:|1783716112
|move|p2b: Charizard|Weather Ball|p1a: Farigiraf
|-damage|p1a: Farigiraf|5/100
|-enditem|p1a: Farigiraf|Sitrus Berry|[eat]
|-heal|p1a: Farigiraf|30/100|[from] item: Sitrus Berry
|move|p2a: Kingambit|Kowtow Cleave|p1a: Farigiraf
|-supereffective|p1a: Farigiraf|1
|-damage|p1a: Farigiraf|0 fnt
|faint|p1a: Farigiraf
|move|p1b: Sylveon|Hyper Voice|p2a: Kingambit|[spread] p2a,p2b
|-resisted|p2b: Charizard|1
|-damage|p2a: Kingambit|50/100g
|-damage|p2b: Charizard|73/100
|
|-weather|SunnyDay|[upkeep]
|-sideend|p2: AndreFra|move: Tailwind
|upkeep
|turn|5
|
|t:|1783716123
|move|p2b: Charizard|Weather Ball|p1b: Sylveon
|-damage|p1b: Sylveon|14/100
|move|p1b: Sylveon|Hyper Voice|p2a: Kingambit|[spread] p2a,p2b
|-resisted|p2b: Charizard|1
|-damage|p2a: Kingambit|1/100
|-damage|p2b: Charizard|48/100
|move|p2a: Kingambit|Iron Head|p1b: Sylveon
|-supereffective|p1b: Sylveon|1
|-damage|p1b: Sylveon|0 fnt
|faint|p1b: Sylveon
|
|win|AndreFra
||sun goes wrong is ready for game 2.
|inactive|AndreFra has 30 seconds to confirm battle start!
|inactive|AndreFra has 20 seconds to confirm battle start!
||AndreFra is ready for game 2.
|uhtml|next|Next: Game 2 of 3
|l|☆sun goes wrong
|player|p1|
