|j|☆StarblastVGC
|j|‽Maybe ALTcom
|html|StarblastVGCMaybe ALTcom    
|uhtml|bestof|Game 1 of a best-of-3
|t:|1756486442
|gametype|doubles
|player|p1|StarblastVGC|2|1097
|player|p2|Maybe ALTcom|101|1113
|gen|9
|tier|[Gen 9] VGC 2025 Reg H (Bo3)
|rated|
|rule|Species Clause: Limit one of each Pokémon
|rule|Item Clause: Limit 1 of each item
|clearpoke
|poke|p1|Indeedee, L50, M|
|poke|p1|Sneasler, L50, F|
|poke|p1|Greninja-*, L50, F|
|poke|p1|Sinistcha, L50|
|poke|p1|Archaludon, L50, M|
|poke|p1|Pelipper, L50, F|
|poke|p2|Magmar, L50, F|
|poke|p2|Rillaboom, L50, F|
|poke|p2|Ninetales-Alola, L50, F|
|poke|p2|Kommo-o, L50, F|
|poke|p2|Kingambit, L50, M|
|poke|p2|Basculegion, L50, M|
|teampreview|4
|showteam|p1|Indeedee||ChoiceScarf|PsychicSurge|ExpandingForce,HyperVoice,Trick,TeraBlast|||M|||50|,,,,,Psychic]Sneasler||PsychicSeed|Unburden|ThroatChop,CloseCombat,DireClaw,Protect|||F|||50|,,,,,Dark]Greninja||LoadedDice|Torrent|WaterShuriken,Haze,DarkPulse,RainDance|||F|||50|,,,,,Ghost]Sinistcha||RockyHelmet|Hospitality|RagePowder,MatchaGotcha,LifeDew,TrickRoom||||||50|,,,,,Fairy]Archaludon||AssaultVest|Stamina|ElectroShot,BodyPress,DracoMeteor,FlashCannon|||M|||50|,,,,,Bug]Pelipper||FocusSash|Drizzle|WeatherBall,Hurricane,WideGuard,Protect|||F|||50|,,,,,Stellar
|showteam|p2|Magmar||Eviolite|VitalSpirit|FollowMe,ClearSmog,Protect,Flamethrower|||F|||50|,,,,,Ghost]Rillaboom||AssaultVest|GrassySurge|WoodHammer,GrassyGlide,FakeOut,HighHorsepower|||F|||50|,,,,,Fire]Ninetales-Alola||FocusSash|SnowWarning|IcyWind,Blizzard,Encore,Protect|||F|||50|,,,,,Ghost]Kommo-o||ThroatSpray|Soundproof|ClangingScales,ClangorousSoul,AuraSphere,Protect|||F|||50|,,,,,Fairy]Kingambit||BlackGlasses|Defiant|KowtowCleave,SuckerPunch,SwordsDance,Protect|||M|||50|,,,,,Dark]Basculegion||ChoiceScarf|Adaptability|WaveCrash,LastRespects,FlipTurn,TeraBlast|||M|||50|,,,,,Fighting
|
|t:|1756486480
|teamsize|p1|4
|teamsize|p2|4
|start
|switch|p1a: Archaludon|Archaludon, L50, M|100/100
|switch|p1b: Greninja|Greninja, L50, F|100/100
|switch|p2a: Kommo-o|Kommo-o, L50, F|100/100
|switch|p2b: Rillaboom|Rillaboom, L50, F|100/100
|-fieldstart|move: Grassy Terrain|[from] ability: Grassy Surge|[of] p2b: Rillaboom
|turn|1
|inactive|Battle timer is ON: inactive players will automatically lose when time's up. (requested by Maybe ALTcom)
|inactive|StarblastVGC has 60 seconds left.
|
|t:|1756486531
|-terastallize|p1b: Greninja|Ghost
|move|p2b: Rillaboom|Fake Out|p1a: Archaludon
|-resisted|p1a: Archaludon
|-damage|p1a: Archaludon|95/100
|-ability|p1a: Archaludon|Stamina|boost
|-boost|p1a: Archaludon|def|1
|move|p1b: Greninja|Water Shuriken|p1a: Archaludon
|-resisted|p1a: Archaludon
|-damage|p1a: Archaludon|93/100
|-ability|p1a: Archaludon|Stamina|boost
|-boost|p1a: Archaludon|def|1
|-resisted|p1a: Archaludon
|-damage|p1a: Archaludon|91/100
|-ability|p1a: Archaludon|Stamina|boost
|-boost|p1a: Archaludon|def|1
|-resisted|p1a: Archaludon
|-damage|p1a: Archaludon|89/100
|-ability|p1a: Archaludon|Stamina|boost
|-boost|p1a: Archaludon|def|1
|-resisted|p1a: Archaludon
|-damage|p1a: Archaludon|86/100
|-ability|p1a: Archaludon|Stamina|boost
|-boost|p1a: Archaludon|def|1
|-hitcount|p1a: Archaludon|4
|move|p2a: Kommo-o|Clangorous Soul|p2a: Kommo-o
|-boost|p2a: Kommo-o|atk|1
|-boost|p2a: Kommo-o|def|1
|-boost|p2a: Kommo-o|spa|1
|-boost|p2a: Kommo-o|spd|1
|-boost|p2a: Kommo-o|spe|1
|-damage|p2a: Kommo-o|68/100
|-enditem|p2a: Kommo-o|Throat Spray
|-boost|p2a: Kommo-o|spa|1|[from] item: Throat Spray
|cant|p1a: Archaludon|flinch
|
|-heal|p2a: Kommo-o|74/100|[from] Grassy Terrain
|-heal|p1a: Archaludon|92/100|[from] Grassy Terrain
|upkeep
|turn|2
|inactive|StarblastVGC has 30 seconds left.
|inactive|StarblastVGC has 20 seconds left.
|inactive|StarblastVGC has 15 seconds left.
|inactive|StarblastVGC has 10 seconds left.
|
|t:|1756486579
|-terastallize|p2a: Kommo-o|Fairy
|move|p2b: Rillaboom|Grassy Glide|p1b: Greninja
|-damage|p1b: Greninja|37/100
|move|p2a: Kommo-o|Clanging Scales|p1a: Archaludon|[spread] p1a,p1b
|-damage|p1a: Archaludon|39/100
|-damage|p1b: Greninja|0 fnt
|-ability|p1a: Archaludon|Stamina|boost
|-boost|p1a: Archaludon|def|1
|faint|p1b: Greninja
|-unboost|p2a: Kommo-o|def|1
|move|p1a: Archaludon|Draco Meteor|p2a: Kommo-o
|-immune|p2a: Kommo-o
|
|-heal|p2a: Kommo-o|80/100|[from] Grassy Terrain
|-heal|p1a: Archaludon|45/100|[from] Grassy Terrain
|upkeep
|
|t:|1756486598
|switch|p1b: Indeedee|Indeedee, L50, M|100/100
|-fieldstart|move: Psychic Terrain|[from] ability: Psychic Surge|[of] p1b: Indeedee
|turn|3
|inactive|StarblastVGC has 30 seconds left.
|inactive|StarblastVGC has 20 seconds left.
|inactive|StarblastVGC has 15 seconds left.
|
|t:|1756486638
|move|p1b: Indeedee|Expanding Force|p2b: Rillaboom|[spread] p2a,p2b
|-damage|p2a: Kommo-o|44/100
|-damage|p2b: Rillaboom|57/100
|move|p2a: Kommo-o|Clanging Scales|p1b: Indeedee|[spread] p1a,p1b
|-damage|p1a: Archaludon|0 fnt
|-damage|p1b: Indeedee|5/100
|faint|p1a: Archaludon
|-unboost|p2a: Kommo-o|def|1
|move|p2b: Rillaboom|Wood Hammer|p1b: Indeedee
|-damage|p1b: Indeedee|0 fnt
|faint|p1b: Indeedee
|-damage|p2b: Rillaboom|56/100|[from] Recoil
|
|upkeep
|
|t:|1756486652
|switch|p1b: Sneasler|Sneasler, L50, F|100/100
|-enditem|p1b: Sneasler|Psychic Seed
|-boost|p1b: Sneasler|spd|1|[from] item: Psychic Seed
|turn|4
|inactive|Maybe ALTcom has 30 seconds left.
|inactive|Maybe ALTcom has 20 seconds left.
|inactive|Maybe ALTcom has 15 seconds left.
|
|t:|1756486693
|switch|p2b: Basculegion|Basculegion, L50, M|100/100
|move|p2a: Kommo-o|Protect|p2a: Kommo-o
|-singleturn|p2a: Kommo-o|Protect
|move|p1b: Sneasler|Dire Claw|p2a: Kommo-o
|-activate|p2a: Kommo-o|move: Protect
|
|upkeep
|turn|5
|
|t:|1756486702
|move|p1b: Sneasler|Dire Claw|p2a: Kommo-o
|-supereffective|p2a: Kommo-o
|-damage|p2a: Kommo-o|0 fnt
|faint|p2a: Kommo-o
|move|p2b: Basculegion|Wave Crash|p1b: Sneasler
|-damage|p1b: Sneasler|0 fnt
|faint|p1b: Sneasler
|-damage|p2b: Basculegion|75/100|[from] Recoil
|
|win|Maybe ALTcom
||Maybe ALTcom is ready for game 2.
