|j|☆Le P VGC
|j|☆fosa25
|html|Le P VGCfosa25    
|uhtml|bestof|Game 1 of a best-of-3
|t:|1756485214
|gametype|doubles
|player|p1|Le P VGC|lucian|1037
|player|p2|fosa25|psychicf|1053
|gen|9
|tier|[Gen 9] VGC 2025 Reg H (Bo3)
|rated|
|rule|Species Clause: Limit one of each Pokémon
|rule|Item Clause: Limit 1 of each item
|clearpoke
|poke|p1|Hitmontop, L50, M|
|poke|p1|Rillaboom, L50, F|
|poke|p1|Gholdengo, L50|
|poke|p1|Ursaluna-Bloodmoon, L50, M|
|poke|p1|Incineroar, L50, M|
|poke|p1|Farigiraf, L50, F|
|poke|p2|Hatterene, L50, F|
|poke|p2|Torkoal, L50, F|
|poke|p2|Armarouge, L50, M|
|poke|p2|Gallade, L50, M|
|poke|p2|Indeedee-F, L50, F|
|poke|p2|Ursaluna, L50, F|
|teampreview|4
|showteam|p1|Hitmontop||SitrusBerry|Intimidate|FakeOut,WideGuard,CloseCombat,Coaching|||M|||50|,,,,,Ghost]Rillaboom||MiracleSeed|GrassySurge|FakeOut,GrassyGlide,WoodHammer,Uturn|||F|||50|,,,,,Fire]Gholdengo||LifeOrb|GoodasGold|MakeItRain,ShadowBall,NastyPlot,Protect||||||50|,,,,,Water]Ursaluna-Bloodmoon||AssaultVest|MindsEye|BloodMoon,EarthPower,HyperVoice,VacuumWave|||M|||50|,,,,,Water]Incineroar||SafetyGoggles|Intimidate|FakeOut,FlareBlitz,PartingShot,KnockOff|||M|||50|,,,,,Water]Farigiraf||ThroatSpray|ArmorTail|TrickRoom,Psychic,HyperVoice,HelpingHand|||F|||50|,,,,,Fairy
|showteam|p2|Hatterene||LifeOrb|MagicBounce|ExpandingForce,DazzlingGleam,TrickRoom,Psychic|||F|||50|,,,,,Psychic]Torkoal||Charcoal|Drought|Eruption,WeatherBall,Protect,Yawn|||F|||50|,,,,,Fire]Armarouge||PowerHerb|FlashFire|MeteorBeam,TrickRoom,ExpandingForce,ArmorCannon|||M|||50|,,,,,Grass]Gallade||ClearAmulet|Sharpness|SacredSword,PsychoCut,WideGuard,TrickRoom|||M|||50|,,,,,Fire]Indeedee-F||SafetyGoggles|PsychicSurge|FollowMe,HelpingHand,TrickRoom,AlluringVoice|||F|||50|,,,,,Fairy]Ursaluna||FlameOrb|Guts|Facade,HeadlongRush,Roar,Protect|||F|||50|,,,,,Fairy
|inactive|Battle timer is ON: inactive players will automatically lose when time's up. (requested by fosa25)
|
|t:|1756485233
|teamsize|p1|4
|teamsize|p2|4
|start
|switch|p1a: Gholdengo|Gholdengo, L50|100/100
|switch|p1b: Incineroar|Incineroar, L50, M|100/100
|switch|p2a: Indeedee|Indeedee-F, L50, F|100/100
|switch|p2b: Armarouge|Armarouge, L50, M|100/100
|-fieldstart|move: Psychic Terrain|[from] ability: Psychic Surge|[of] p2a: Indeedee
|-ability|p1b: Incineroar|Intimidate|boost
|-unboost|p2a: Indeedee|atk|1
|-unboost|p2b: Armarouge|atk|1
|turn|1
|
|t:|1756485246
|switch|p1a: Rillaboom|Rillaboom, L50, F|100/100
|-fieldstart|move: Grassy Terrain|[from] ability: Grassy Surge|[of] p1a: Rillaboom
|switch|p2a: Torkoal|Torkoal, L50, F|100/100
|-weather|SunnyDay|[from] ability: Drought|[of] p2a: Torkoal
|move|p1b: Incineroar|Fake Out|p2b: Armarouge
|-damage|p2b: Armarouge|90/100
|cant|p2b: Armarouge|flinch
|
|-weather|SunnyDay|[upkeep]
|-heal|p2b: Armarouge|96/100|[from] Grassy Terrain
|upkeep
|turn|2
|
|t:|1756485269
|-terastallize|p2a: Torkoal|Fire
|move|p1a: Rillaboom|Fake Out|p2b: Armarouge
|-damage|p2b: Armarouge|83/100
|move|p1b: Incineroar|Parting Shot|p2a: Torkoal
|-unboost|p2a: Torkoal|atk|1
|-unboost|p2a: Torkoal|spa|1
|
|t:|1756485277
|switch|p1b: Ursaluna|Ursaluna-Bloodmoon, L50, M|100/100|[from] Parting Shot
|move|p2a: Torkoal|Eruption|p1a: Rillaboom|[spread] p1a,p1b
|-supereffective|p1a: Rillaboom
|-damage|p1a: Rillaboom|0 fnt
|-damage|p1b: Ursaluna|36/100
|faint|p1a: Rillaboom
|cant|p2b: Armarouge|flinch
|
|-weather|SunnyDay|[upkeep]
|-heal|p1b: Ursaluna|42/100|[from] Grassy Terrain
|-heal|p2b: Armarouge|88/100|[from] Grassy Terrain
|upkeep
|
|t:|1756485285
|switch|p1a: Incineroar|Incineroar, L50, M|100/100
|-ability|p1a: Incineroar|Intimidate|boost
|-unboost|p2a: Torkoal|atk|1
|-unboost|p2b: Armarouge|atk|1
|turn|3
|
|t:|1756485295
|switch|p2a: Indeedee|Indeedee-F, L50, F|100/100
|-fieldstart|move: Psychic Terrain|[from] ability: Psychic Surge|[of] p2a: Indeedee
|move|p1b: Ursaluna|Earth Power|p2b: Armarouge
|-supereffective|p2b: Armarouge
|-damage|p2b: Armarouge|0 fnt
|faint|p2b: Armarouge
|move|p1a: Incineroar|Parting Shot|p2a: Indeedee
|-unboost|p2a: Indeedee|atk|1
|-unboost|p2a: Indeedee|spa|1
|
|t:|1756485306
|switch|p1a: Gholdengo|Gholdengo, L50|100/100|[from] Parting Shot
|
|-weather|SunnyDay|[upkeep]
|upkeep
|
|t:|1756485313
|switch|p2b: Torkoal|Torkoal, L50, F, tera:Fire|100/100
|turn|4
|
|t:|1756485324
|-terastallize|p1a: Gholdengo|Water
|move|p2a: Indeedee|Follow Me|p2a: Indeedee
|-singleturn|p2a: Indeedee|move: Follow Me
|move|p1a: Gholdengo|Make It Rain|p2a: Indeedee|[spread] p2a,p2b
|-resisted|p2b: Torkoal
|-damage|p2a: Indeedee|46/100
|-damage|p2b: Torkoal|63/100
|-unboost|p1a: Gholdengo|spa|1
|-damage|p1a: Gholdengo|91/100|[from] item: Life Orb
|move|p1b: Ursaluna|Hyper Voice|p2a: Indeedee|[spread] p2a,p2b
|-damage|p2a: Indeedee|8/100
|-damage|p2b: Torkoal|13/100
|move|p2b: Torkoal|Weather Ball|p1a: Gholdengo
|-resisted|p1a: Gholdengo
|-damage|p1a: Gholdengo|39/100
|
|-weather|SunnyDay|[upkeep]
|upkeep
|turn|5
|-message|fosa25 forfeited.
|
|win|Le P VGC
|l|☆fosa25
|player|p2|
||fosa25 is ready for game 2.
|inactive|Le P VGC has 30 seconds to confirm battle start!
||Le P VGC is ready for game 2.
|uhtml|next|Next: Game 2 of 3
|j|☆fosa25
|player|p2|fosa25|psychicf|
