|j|☆seattlebandit
|j|☆Im_Neutro
|html|seattlebanditIm_Neutro    
|uhtml|bestof|Game 1 of a best-of-3
|t:|1782494115
|gametype|doubles
|player|p1|seattlebandit|roughneck-gen4|1107
|player|p2|Im_Neutro|noland|1207
|gen|9
|tier|[Gen 9 Champions] VGC 2026 Reg M-B (Bo3)
|rated|
|rule|Species Clause: Limit one of each Pokémon
|rule|Item Clause: Limit 1 of each item
|clearpoke
|poke|p1|Basculegion, L50, M|
|poke|p1|Charizard, L50, F|
|poke|p1|Garchomp, L50, F|
|poke|p1|Kingambit, L50, M|
|poke|p1|Sylveon, L50, M|
|poke|p1|Aerodactyl, L50, M|
|poke|p2|Gengar, L50, F|
|poke|p2|Sneasler, L50, M|
|poke|p2|Incineroar, L50, F|
|poke|p2|Aerodactyl, L50, F|
|poke|p2|Milotic, L50, F|
|poke|p2|Kommo-o, L50, F|
|teampreview|4
|showteam|p1|Basculegion||FocusSash|Adaptability|Protect,LastRespects,AquaJet,Liquidation|Adamant||M|||50|]Charizard||CharizarditeY|Blaze|HeatWave,SolarBeam,WeatherBall,Protect|Modest||F|||50|]Garchomp||SitrusBerry|RoughSkin|RockTomb,Earthquake,DragonClaw,Protect|Jolly||F|||50|]Kingambit||ChopleBerry|Defiant|SuckerPunch,KowtowCleave,LowKick,IronHead|Adamant||M|||50|]Sylveon||FairyFeather|Pixilate|Detect,HyperVoice,Yawn,QuickAttack|Modest||M|||50|]Aerodactyl||Aerodactylite|Unnerve|Tailwind,DualWingbeat,RockSlide,WideGuard|Jolly||M|||50|
|showteam|p2|Gengar||Gengarite|CursedBody|PerishSong,Protect,ShadowBall,Disable|Timid||F|||50|]Sneasler||FocusSash|Unburden|CloseCombat,DireClaw,FakeOut,Coaching|Jolly||M|||50|]Incineroar||PasshoBerry|Intimidate|FlareBlitz,FakeOut,PartingShot,Protect|Relaxed||F|||50|]Aerodactyl||Aerodactylite|Unnerve|Protect,DualWingbeat,RockSlide,IceFang|Jolly||F|||50|]Milotic||SitrusBerry|Competitive|Coil,MuddyWater,Recover,Hypnosis|Calm||F|||50|]Kommo-o||Leftovers|Soundproof|ClangorousSoul,ClangingScales,AuraSphere,Protect|Modest||F|||50|
|inactive|Battle timer is ON: inactive players will automatically lose when time's up. (requested by Im_Neutro)
|
|t:|1782494139
|teamsize|p1|4
|teamsize|p2|4
|start
|switch|p1a: Kingambit|Kingambit, L50, M|100/100
|switch|p1b: Sylveon|Sylveon, L50, M|100/100
|switch|p2a: Gengar|Gengar, L50, F|100/100
|switch|p2b: Incineroar|Incineroar, L50, F|100/100
|-ability|p2b: Incineroar|Intimidate|boost
|-unboost|p1a: Kingambit|atk|1
|-ability|p1a: Kingambit|Defiant|boost
|-boost|p1a: Kingambit|atk|2
|-unboost|p1b: Sylveon|atk|1
|turn|1
|inactive|seattlebandit has 30 seconds left.
|
|t:|1782494164
|detailschange|p2a: Gengar|Gengar-Mega, L50, F
|-mega|p2a: Gengar|Gengar|Gengarite
|move|p2b: Incineroar|Fake Out|p1a: Kingambit
|-resisted|p1a: Kingambit|1
|-damage|p1a: Kingambit|96/100
|move|p2a: Gengar|Perish Song|p2a: Gengar
|-start|p1a: Kingambit|perish3|[silent]
|-start|p1b: Sylveon|perish3|[silent]
|-start|p2a: Gengar|perish3|[silent]
|-start|p2b: Incineroar|perish3|[silent]
|-fieldactivate|move: Perish Song
|move|p1b: Sylveon|Yawn|p2a: Gengar
|-start|p2a: Gengar|move: Yawn|[of] p1b: Sylveon
|cant|p1a: Kingambit|flinch
|
|-start|p2a: Gengar|perish3
|-start|p1b: Sylveon|perish3
|-start|p1a: Kingambit|perish3
|-start|p2b: Incineroar|perish3
|upkeep
|turn|2
|inactive|Im_Neutro has 30 seconds left.
|
|t:|1782494198
|switch|p2a: Kommo-o|Kommo-o, L50, F|100/100
|move|p1b: Sylveon|Hyper Voice|p2a: Kommo-o|[spread] p2b
|-immune|p2a: Kommo-o|[from] ability: Soundproof
|-damage|p2b: Incineroar|55/100
|move|p1a: Kingambit|Low Kick|p2b: Incineroar
|-supereffective|p2b: Incineroar|1
|-damage|p2b: Incineroar|0 fnt
|faint|p2b: Incineroar
|
|-start|p1b: Sylveon|perish2
|-start|p1a: Kingambit|perish2
|upkeep
|
|t:|1782494202
|switch|p2b: Gengar|Gengar-Mega, L50, F|100/100
|turn|3
|inactive|Im_Neutro has 30 seconds left.
|
|t:|1782494227
|move|p2b: Gengar|Protect|p2b: Gengar
|-singleturn|p2b: Gengar|Protect
|move|p2a: Kommo-o|Protect|p2a: Kommo-o
|-singleturn|p2a: Kommo-o|Protect
|move|p1b: Sylveon|Quick Attack|p2a: Kommo-o
|-activate|p2a: Kommo-o|move: Protect
|move|p1a: Kingambit|Sucker Punch||[still]
|-fail|p1a: Kingambit
|
|-start|p1b: Sylveon|perish1
|-start|p1a: Kingambit|perish1
|upkeep
|turn|4
|
|t:|1782494239
|switch|p2b: Milotic|Milotic, L50, F|100/100
|move|p1b: Sylveon|Quick Attack|p2a: Kommo-o
|-supereffective|p2a: Kommo-o|2
|-damage|p2a: Kommo-o|67/100
|move|p2a: Kommo-o|Clangorous Soul|p2a: Kommo-o
|-boost|p2a: Kommo-o|atk|1
|-boost|p2a: Kommo-o|def|1
|-boost|p2a: Kommo-o|spa|1
|-boost|p2a: Kommo-o|spd|1
|-boost|p2a: Kommo-o|spe|1
|-damage|p2a: Kommo-o|35/100
|move|p1a: Kingambit|Kowtow Cleave|p2b: Milotic
|-damage|p2b: Milotic|27/100
|-enditem|p2b: Milotic|Sitrus Berry|[eat]
|-heal|p2b: Milotic|52/100|[from] item: Sitrus Berry
|
|-heal|p2a: Kommo-o|41/100|[from] item: Leftovers
|-start|p1b: Sylveon|perish0
|-start|p1a: Kingambit|perish0
|upkeep
|faint|p1b: Sylveon
|faint|p1a: Kingambit
|
|t:|1782494248
|switch|p1b: Basculegion|Basculegion, L50, M|100/100
|switch|p1a: Charizard|Charizard, L50, F|100/100
|turn|5
|
|t:|1782494264
|detailschange|p1a: Charizard|Charizard-Mega-Y, L50, F
|-mega|p1a: Charizard|Charizard|Charizardite Y
|-weather|SunnyDay|[from] ability: Drought|[of] p1a: Charizard
|move|p2a: Kommo-o|Clanging Scales|p1a: Charizard|[spread] p1a,p1b
|-damage|p1a: Charizard|47/100
|-damage|p1b: Basculegion|39/100
|-unboost|p2a: Kommo-o|def|1
|move|p1a: Charizard|Solar Beam||[still]
|-prepare|p1a: Charizard|Solar Beam
|-anim|p1a: Charizard|Solar Beam|p2b: Milotic
|-supereffective|p2b: Milotic|1
|-damage|p2b: Milotic|0 fnt
|faint|p2b: Milotic
|move|p1b: Basculegion|Last Respects|p2a: Kommo-o
|-damage|p2a: Kommo-o|0 fnt
|faint|p2a: Kommo-o
|
|-weather|SunnyDay|[upkeep]
|upkeep
|
|t:|1782494267
|switch|p2b: Gengar|Gengar-Mega, L50, F|100/100
|turn|6
|
|t:|1782494288
|move|p1b: Basculegion|Aqua Jet|p2b: Gengar
|-damage|p2b: Gengar|82/100
|move|p2b: Gengar|Shadow Ball|p1b: Basculegion
|-supereffective|p1b: Basculegion|1
|-damage|p1b: Basculegion|0 fnt
|faint|p1b: Basculegion
|move|p1a: Charizard|Weather Ball|p2b: Gengar
|-damage|p2b: Gengar|0 fnt
|faint|p2b: Gengar
|
|win|seattlebandit
||Im_Neutro is ready for game 2.
|inactive|seattlebandit has 30 seconds to confirm battle start!
||seattlebandit is ready for game 2.
|uhtml|next|Next: Game 2 of 3
|l|☆Im_Neutro
|player|p2|
