|j|☆2BStellar
|j|☆rustychair13
|html|2BStellarrustychair13    
|uhtml|bestof|Game 2 of a best-of-3
|t:|1785973031
|gametype|doubles
|player|p1|2BStellar|hilbert-wonderlauncher|1194
|player|p2|rustychair13|1|1324
|gen|9
|tier|[Gen 9 Champions] VGC 2026 Reg M-B (Bo3)
|rated|
|rule|Species Clause: Limit one of each Pokémon
|rule|Item Clause: Limit 1 of each item
|clearpoke
|poke|p1|Sylveon, L50, F, shiny|
|poke|p1|Garchomp, L50, M, shiny|
|poke|p1|Kingambit, L50, M, shiny|
|poke|p1|Charizard, L50, M, shiny|
|poke|p1|Aerodactyl, L50, M, shiny|
|poke|p1|Farigiraf, L50, F, shiny|
|poke|p2|Glimmora, L50, F, shiny|
|poke|p2|Whimsicott, L50, F|
|poke|p2|Gholdengo, L50|
|poke|p2|Raichu, L50, M|
|poke|p2|Scovillain, L50, F|
|poke|p2|Pelipper, L50, F|
|teampreview|4
|showteam|p1|Sylveon||FairyFeather|Pixilate|Detect,HyperVoice,QuickAttack,HyperBeam|Modest||F|||50|]Garchomp||LifeOrb|RoughSkin|Protect,Earthquake,DragonClaw,StoneEdge|Jolly||M|||50|]Kingambit||FocusSash|Defiant|SuckerPunch,KowtowCleave,IronHead,BrickBreak|Jolly||M|||50|]Charizard||CharizarditeY|Blaze|Protect,HeatWave,SolarBeam,WeatherBall|Modest||M|||50|]Aerodactyl||Aerodactylite|Unnerve|Tailwind,RockSlide,IceFang,DualWingbeat|Jolly||M|||50|]Farigiraf||SitrusBerry|ArmorTail|Protect,Thunderbolt,TwinBeam,TrickRoom|Bold||F|||50|
|showteam|p2|Glimmora||FocusSash|ToxicDebris|SludgeBomb,PowerGem,EarthPower,SpikyShield|Modest||F|||50|]Whimsicott||FairyFeather|Prankster|Moonblast,Tailwind,Encore,Protect|Modest||F|||50|]Gholdengo||Leftovers|GoodasGold|MakeItRain,Hex,NastyPlot,Protect|Modest|||||50|]Raichu||RaichuniteY|LightningRod|ZapCannon,FocusBlast,FakeOut,Protect|Timid||M|||50|]Scovillain||Scovillainite|Moody|Flamethrower,LeechSeed,RagePowder,Protect|Calm||F|||50|]Pelipper||LifeOrb|Drizzle|WeatherBall,Hurricane,WideGuard,Protect|Modest||F|||50|
|inactive|Battle timer is ON: inactive players will automatically lose when time's up. (requested by rustychair13)
|inactive|2BStellar has 60 seconds left.
|
|t:|1785973086
|teamsize|p1|4
|teamsize|p2|4
|start
|switch|p1a: giraf|Farigiraf, L50, F, shiny|100/100
|switch|p1b: zzzzzz|Charizard, L50, M, shiny|100/100
|switch|p2a: Scovillain|Scovillain, L50, F|100/100
|switch|p2b: Glimmora|Glimmora, L50, F, shiny|100/100
|turn|1
|inactive|2BStellar has 30 seconds left.
|inactive|2BStellar has 20 seconds left.
|
|t:|1785973126
|switch|p1b: piano|Garchomp, L50, M, shiny|100/100
|move|p2b: Glimmora|Spiky Shield|p2b: Glimmora
|-singleturn|p2b: Glimmora|move: Protect
|move|p2a: Scovillain|Leech Seed|p1a: giraf
|-start|p1a: giraf|move: Leech Seed
|move|p1a: giraf|Thunderbolt|p1b: piano
|-immune|p1b: piano
|
|-damage|p1a: giraf|87/100|[from] Leech Seed|[of] p2a: Scovillain
|-ability|p2a: Scovillain|Moody|boost
|-boost|p2a: Scovillain|spe|2
|-unboost|p2a: Scovillain|spa|1
|upkeep
|turn|2
|inactive|2BStellar has 30 seconds left.
|inactive|rustychair13 has 30 seconds left.
|
|t:|1785973151
|switch|p2b: Whimsicott|Whimsicott, L50, F|100/100
|move|p2a: Scovillain|Protect|p2a: Scovillain
|-singleturn|p2a: Scovillain|Protect
|move|p1b: piano|Earthquake|p2a: Scovillain|[spread] p1a,p2b
|-activate|p2a: Scovillain|move: Protect
|-crit|p1a: giraf
|-resisted|p2b: Whimsicott|1
|-damage|p1a: giraf|26/100
|-damage|p2b: Whimsicott|64/100
|-enditem|p1a: giraf|Sitrus Berry|[eat]
|-heal|p1a: giraf|51/100|[from] item: Sitrus Berry
|-damage|p1b: piano|90/100|[from] item: Life Orb
|move|p1a: giraf|Twin Beam|p2b: Whimsicott
|-damage|p2b: Whimsicott|41/100
|-damage|p2b: Whimsicott|18/100
|-hitcount|p2b: Whimsicott|2
|
|-damage|p1a: giraf|39/100|[from] Leech Seed|[of] p2a: Scovillain
|-ability|p2a: Scovillain|Moody|boost
|-boost|p2a: Scovillain|spd|2
|-unboost|p2a: Scovillain|atk|1
|upkeep
|turn|3
|inactive|2BStellar has 30 seconds left.
|inactive|rustychair13 has 30 seconds left.
|
|t:|1785973179
|detailschange|p2a: Scovillain|Scovillain-Mega, L50, F
|-mega|p2a: Scovillain|Scovillain|Scovillainite
|move|p2b: Whimsicott|Protect|p2b: Whimsicott
|-singleturn|p2b: Whimsicott|Protect
|move|p1a: giraf|Protect|p1a: giraf
|-singleturn|p1a: giraf|Protect
|move|p2a: Scovillain|Leech Seed|p1b: piano
|-start|p1b: piano|move: Leech Seed
|move|p1b: piano|Earthquake|p2b: Whimsicott|[spread] p2a
|-activate|p1a: giraf|move: Protect
|-activate|p2b: Whimsicott|move: Protect
|-damage|p2a: Scovillain|49/100
|-status|p1b: piano|brn|[from] ability: Spicy Spray|[of] p2a: Scovillain
|-damage|p1b: piano|80/100 brn|[from] item: Life Orb
|
|-damage|p1b: piano|68/100 brn|[from] Leech Seed|[of] p2a: Scovillain
|-heal|p2a: Scovillain|62/100|[silent]
|-damage|p1a: giraf|27/100|[from] Leech Seed|[of] p2a: Scovillain
|-heal|p2a: Scovillain|78/100|[silent]
|-damage|p1b: piano|62/100 brn|[from] brn
|upkeep
|turn|4
|inactive|2BStellar has 30 seconds left.
|inactive|rustychair13 has 30 seconds left.
|inactive|2BStellar has 20 seconds left.
|inactive|rustychair13 has 20 seconds left.
|inactive|2BStellar has 15 seconds left.
|
|t:|1785973222
|move|p1a: giraf|Protect|p1a: giraf
|-singleturn|p1a: giraf|Protect
|move|p2a: Scovillain|Flamethrower|p1a: giraf
|-activate|p1a: giraf|move: Protect
|move|p1b: piano|Earthquake|p2b: Whimsicott|[spread] p2a,p2b
|-activate|p1a: giraf|move: Protect
|-resisted|p2b: Whimsicott|1
|-damage|p2a: Scovillain|50/100g
|-damage|p2b: Whimsicott|1/100
|-damage|p1b: piano|52/100 brn|[from] item: Life Orb
|move|p2b: Whimsicott|Moonblast|p1b: piano
|-supereffective|p1b: piano|1
|-damage|p1b: piano|0 fnt
|faint|p1b: piano
|
|-damage|p1a: giraf|14/100|[from] Leech Seed|[of] p2a: Scovillain
|-heal|p2a: Scovillain|66/100|[silent]
|upkeep
|
|t:|1785973241
|switch|p1b: zzzzzz|Charizard, L50, M, shiny|100/100
|turn|5
|
|t:|1785973250
|detailschange|p1b: zzzzzz|Charizard-Mega-Y, L50, M, shiny
|-mega|p1b: zzzzzz|Charizard|Charizardite Y
|-weather|SunnyDay|[from] ability: Drought|[of] p1b: zzzzzz
|move|p2b: Whimsicott|Protect|p2b: Whimsicott
|-singleturn|p2b: Whimsicott|Protect
|move|p2a: Scovillain|Leech Seed|p1b: zzzzzz|[miss]
|-miss|p2a: Scovillain|p1b: zzzzzz
|move|p1b: zzzzzz|Heat Wave|p2b: Whimsicott|[spread] p2a
|-activate|p2b: Whimsicott|move: Protect
|-damage|p2a: Scovillain|38/100
|-immune|p1b: zzzzzz
|move|p1a: giraf|Twin Beam|p2b: Whimsicott
|-activate|p2b: Whimsicott|move: Protect
|
|-weather|SunnyDay|[upkeep]
|-damage|p1a: giraf|2/100|[from] Leech Seed|[of] p2a: Scovillain
|-heal|p2a: Scovillain|54/100|[silent]
|upkeep
|turn|6
|
|t:|1785973268
|switch|p2b: Pelipper|Pelipper, L50, F|100/100
|-weather|RainDance|[from] ability: Drizzle|[of] p2b: Pelipper
|move|p2a: Scovillain|Leech Seed|p1b: zzzzzz
|-start|p1b: zzzzzz|move: Leech Seed
|move|p1b: zzzzzz|Heat Wave|p2b: Pelipper|[spread] p2a,p2b
|-resisted|p2b: Pelipper|1
|-damage|p2a: Scovillain|44/100
|-damage|p2b: Pelipper|84/100
|-immune|p1b: zzzzzz
|move|p1a: giraf|Twin Beam|p2b: Pelipper
|-damage|p2b: Pelipper|61/100
|-damage|p2b: Pelipper|38/100
|-hitcount|p2b: Pelipper|2
|
|-weather|RainDance|[upkeep]
|-damage|p1b: zzzzzz|87/100|[from] Leech Seed|[of] p2a: Scovillain
|-heal|p2a: Scovillain|57/100|[silent]
|-damage|p1a: giraf|0 fnt|[from] Leech Seed|[of] p2a: Scovillain
|-heal|p2a: Scovillain|61/100|[silent]
|faint|p1a: giraf
|upkeep
|
|t:|1785973276
|switch|p1a: AAAAAA|Aerodactyl, L50, M, shiny|100/100
|-ability|p1a: AAAAAA|Unnerve
|turn|7
|inactive|2BStellar has 30 seconds left.
|
|t:|1785973305
|move|p2b: Pelipper|Wide Guard|p2b: Pelipper
|-singleturn|p2b: Pelipper|Wide Guard
|move|p1a: AAAAAA|Dual Wingbeat|p2b: Pelipper
|-damage|p2b: Pelipper|20/100y
|-damage|p2b: Pelipper|0 fnt
|faint|p2b: Pelipper
|-hitcount|p2: Pelipper|2
|move|p2a: Scovillain|Leech Seed|p1a: AAAAAA
|-start|p1a: AAAAAA|move: Leech Seed
|move|p1b: zzzzzz|Weather Ball|p2a: Scovillain
|-damage|p2a: Scovillain|31/100
|-immune|p1b: zzzzzz
|
|-weather|RainDance|[upkeep]
|-damage|p1a: AAAAAA|87/100|[from] Leech Seed|[of] p2a: Scovillain
|-heal|p2a: Scovillain|42/100|[silent]
|-damage|p1b: zzzzzz|75/100|[from] Leech Seed|[of] p2a: Scovillain
|-heal|p2a: Scovillain|55/100|[silent]
|upkeep
|
|t:|1785973323
|switch|p2b: Whimsicott|Whimsicott, L50, F|1/100
|turn|8
|inactive|2BStellar has 30 seconds left.
|
|t:|1785973355
|move|p2b: Whimsicott|Protect|p2b: Whimsicott
|-singleturn|p2b: Whimsicott|Protect
|move|p2a: Scovillain|Protect|p2a: Scovillain
|-singleturn|p2a: Scovillain|Protect
|move|p1a: AAAAAA|Tailwind|p1a: AAAAAA
|-sidestart|p1: 2BStellar|move: Tailwind
|move|p1b: zzzzzz|Heat Wave|p2a: Scovillain|[spread] 
|-activate|p2a: Scovillain|move: Protect
|-activate|p2b: Whimsicott|move: Protect
|
|-weather|RainDance|[upkeep]
|-damage|p1a: AAAAAA|75/100|[from] Leech Seed|[of] p2a: Scovillain
|-heal|p2a: Scovillain|66/100|[silent]
|-damage|p1b: zzzzzz|63/100|[from] Leech Seed|[of] p2a: Scovillain
|-heal|p2a: Scovillain|79/100|[silent]
|upkeep
|turn|9
|
|t:|1785973375
|move|p2b: Whimsicott|Encore|p1a: AAAAAA
|-start|p1a: AAAAAA|Encore
|move|p1a: AAAAAA|Tailwind||[still]
|-fail|p1a: AAAAAA
|move|p1b: zzzzzz|Heat Wave|p2b: Whimsicott|[spread] p2a,p2b
|-supereffective|p2b: Whimsicott|1
|-damage|p2a: Scovillain|70/100
|-damage|p2b: Whimsicott|0 fnt
|-immune|p1b: zzzzzz
|faint|p2b: Whimsicott
|move|p2a: Scovillain|Flamethrower|p1a: AAAAAA
|-resisted|p1a: AAAAAA|1
|-damage|p1a: AAAAAA|65/100
|
|-weather|RainDance|[upkeep]
|-damage|p1a: AAAAAA|53/100|[from] Leech Seed|[of] p2a: Scovillain
|-heal|p2a: Scovillain|81/100|[silent]
|-damage|p1b: zzzzzz|51/100|[from] Leech Seed|[of] p2a: Scovillain
|-heal|p2a: Scovillain|94/100|[silent]
|upkeep
|
|t:|1785973390
|switch|p2b: Glimmora|Glimmora, L50, F, shiny|100/100
|turn|10
|inactive|2BStellar has 30 seconds left.
|inactive|rustychair13 has 30 seconds left.
|
|t:|1785973421
|move|p1a: AAAAAA|Tailwind||[still]
|-fail|p1a: AAAAAA
|move|p1b: zzzzzz|Weather Ball|p2b: Glimmora
|-supereffective|p2b: Glimmora|1
|-enditem|p2b: Glimmora|Focus Sash
|-damage|p2b: Glimmora|1/100
|move|p2a: Scovillain|Flamethrower|p1a: AAAAAA
|-resisted|p1a: AAAAAA|1
|-damage|p1a: AAAAAA|43/100
|move|p2b: Glimmora|Power Gem|p1b: zzzzzz
|-supereffective|p1b: zzzzzz|2
|-damage|p1b: zzzzzz|0 fnt
|faint|p1b: zzzzzz
|
|-weather|none
|-damage|p1a: AAAAAA|31/100|[from] Leech Seed|[of] p2a: Scovillain
|-heal|p2a: Scovillain|100/100|[silent]
|upkeep
|turn|11
|
|t:|1785973439
|move|p1a: AAAAAA|Tailwind||[still]
|-fail|p1a: AAAAAA
|move|p2a: Scovillain|Flamethrower|p1a: AAAAAA
|-resisted|p1a: AAAAAA|1
|-damage|p1a: AAAAAA|12/100
|move|p2b: Glimmora|Power Gem|p1a: AAAAAA
|-supereffective|p1a: AAAAAA|1
|-damage|p1a: AAAAAA|0 fnt
|faint|p1a: AAAAAA
|
|win|rustychair13
|raw|2BStellar's rating: 1194 → 1178(-16 for losing)
|raw|rustychair13's rating: 1324 → 1337(+13 for winning)
|c|☆2BStellar|ggs
