|j|☆eklyst
|j|☆powerstar7
|html|eklystpowerstar7    
|uhtml|bestof|Game 1 of a best-of-3
|t:|1783717230
|gametype|doubles
|player|p1|eklyst|pokemaniac|1167
|player|p2|powerstar7|169|1160
|gen|9
|tier|[Gen 9 Champions] VGC 2026 Reg M-B (Bo3)
|rated|
|rule|Species Clause: Limit one of each Pokémon
|rule|Item Clause: Limit 1 of each item
|clearpoke
|poke|p1|Metagross, L50|
|poke|p1|Floette-Eternal, L50, F|
|poke|p1|Garchomp, L50, F|
|poke|p1|Aerodactyl, L50, M|
|poke|p1|Sinistcha, L50|
|poke|p1|Incineroar, L50, M|
|poke|p2|Garchomp, L50, F|
|poke|p2|Venusaur, L50, M|
|poke|p2|Ninetales-Alola, L50, M|
|poke|p2|Araquanid, L50, F|
|poke|p2|Incineroar, L50, M|
|poke|p2|Farigiraf, L50, F|
|teampreview|4
|showteam|p1|Metagross||Metagrossite|ClearBody|IronHead,BulletPunch,PsychicFangs,Protect|Adamant|||||50|]Floette-Eternal||Floettite|FlowerVeil|Moonblast,DazzlingGleam,CalmMind,Protect|Modest||F|||50|]Garchomp||LifeOrb|RoughSkin|RockSlide,StompingTantrum,DragonClaw,Protect|Jolly||F|||50|]Aerodactyl||FocusSash|Unnerve|RockSlide,DualWingbeat,Tailwind,Protect|Jolly||M|||50|]Sinistcha||KasibBerry|Hospitality|MatchaGotcha,TrickRoom,RagePowder,Protect|Relaxed|||||50|]Incineroar||SitrusBerry|Intimidate|FakeOut,FlareBlitz,ThroatChop,PartingShot|Adamant||M|||50|
|showteam|p2|Garchomp||Garchompite|RoughSkin|EarthPower,DracoMeteor,RockSlide,Protect|Quiet||F|||50|]Venusaur||Venusaurite|Chlorophyll|GigaDrain,SludgeBomb,EarthPower,Protect|Modest||M|||50|]Ninetales-Alola||NeverMeltIce|SnowWarning|AuroraVeil,FreezeDry,Moonblast,Blizzard|Timid||M|||50|]Araquanid||MysticWater|WaterBubble|Liquidation,Infestation,WideGuard,Protect|Adamant||F|||50|]Incineroar||Charcoal|Intimidate|FakeOut,ThroatChop,FlareBlitz,PartingShot|Brave||M|||50|]Farigiraf||LifeOrb|ArmorTail|TrickRoom,CalmMind,HyperVoice,Psychic|Modest||F|||50|
|inactive|Battle timer is ON: inactive players will automatically lose when time's up. (requested by eklyst)
|inactive|eklyst has 60 seconds left.
|inactive|powerstar7 has 60 seconds left.
|inactive|eklyst has 30 seconds left.
|inactive|powerstar7 has 30 seconds left.
|inactive|eklyst has 20 seconds left.
|inactive|eklyst has 15 seconds left.
|
|t:|1783717308
|teamsize|p1|4
|teamsize|p2|4
|start
|switch|p1a: Metagross|Metagross, L50|100/100
|switch|p1b: Aerodactyl|Aerodactyl, L50, M|100/100
|switch|p2a: Farigiraf|Farigiraf, L50, F|100/100
|switch|p2b: Ninetales|Ninetales-Alola, L50, M|100/100
|-ability|p1b: Aerodactyl|Unnerve
|-weather|Snowscape|[from] ability: Snow Warning|[of] p2b: Ninetales
|turn|1
|
|t:|1783717321
|switch|p1b: Incineroar|Incineroar, L50, M|100/100
|-ability|p1b: Incineroar|Intimidate|boost
|-unboost|p2a: Farigiraf|atk|1
|-unboost|p2b: Ninetales|atk|1
|detailschange|p1a: Metagross|Metagross-Mega, L50
|-mega|p1a: Metagross|Metagross|Metagrossite
|move|p2b: Ninetales|Aurora Veil|p2b: Ninetales
|-sidestart|p2: powerstar7|move: Aurora Veil
|move|p1a: Metagross|Iron Head|p2b: Ninetales
|-supereffective|p2b: Ninetales|2
|-damage|p2b: Ninetales|0 fnt
|faint|p2b: Ninetales
|move|p2a: Farigiraf|Trick Room|p2a: Farigiraf
|-fieldstart|move: Trick Room|[of] p2a: Farigiraf
|
|-weather|Snowscape|[upkeep]
|upkeep
|
|t:|1783717330
|switch|p2b: Garchomp|Garchomp, L50, F|100/100
|turn|2
|
|t:|1783717344
|detailschange|p2b: Garchomp|Garchomp-Mega, L50, F
|-mega|p2b: Garchomp|Garchomp|Garchompite
|move|p1a: Metagross|Protect|p1a: Metagross
|-singleturn|p1a: Metagross|Protect
|move|p2a: Farigiraf|Hyper Voice|p1b: Incineroar|[spread] p1b
|-activate|p1a: Metagross|move: Protect
|-damage|p1b: Incineroar|66/100
|-damage|p2a: Farigiraf|90/100|[from] item: Life Orb
|move|p1b: Incineroar|Parting Shot|p2b: Garchomp
|-unboost|p2b: Garchomp|atk|1
|-unboost|p2b: Garchomp|spa|1
|
|t:|1783717356
|switch|p1b: Aerodactyl|Aerodactyl, L50, M|100/100|[from] Parting Shot
|-ability|p1b: Aerodactyl|Unnerve
|move|p2b: Garchomp|Earth Power|p1b: Aerodactyl
|-immune|p1b: Aerodactyl
|
|-weather|Snowscape|[upkeep]
|upkeep
|turn|3
|
|t:|1783717371
|switch|p2a: Incineroar|Incineroar, L50, M|100/100
|-ability|p2a: Incineroar|Intimidate|boost
|-unboost|p1a: Metagross|atk|1
|-unboost|p1b: Aerodactyl|atk|1
|switch|p1a: Incineroar|Incineroar, L50, M|66/100
|-ability|p1a: Incineroar|Intimidate|boost
|-unboost|p2a: Incineroar|atk|1
|-unboost|p2b: Garchomp|atk|1
|move|p2b: Garchomp|Rock Slide|p1b: Aerodactyl|[spread] p1a
|-miss|p2b: Garchomp|p1b: Aerodactyl
|-supereffective|p1a: Incineroar|1
|-damage|p1a: Incineroar|46/100
|-enditem|p1a: Incineroar|Sitrus Berry|[eat]
|-heal|p1a: Incineroar|71/100|[from] item: Sitrus Berry
|move|p1b: Aerodactyl|Dual Wingbeat|p2a: Incineroar
|-damage|p2a: Incineroar|91/100
|-damage|p2a: Incineroar|82/100
|-hitcount|p2a: Incineroar|2
|
|-weather|Snowscape|[upkeep]
|upkeep
|turn|4
|
|t:|1783717394
|switch|p2a: Farigiraf|Farigiraf, L50, F|90/100
|move|p1a: Incineroar|Fake Out||[still]
|cant|p2a: Farigiraf|ability: Armor Tail|Fake Out|[of] p1a: Incineroar
|move|p2b: Garchomp|Earth Power|p1a: Incineroar
|-supereffective|p1a: Incineroar|1
|-damage|p1a: Incineroar|8/100
|move|p1b: Aerodactyl|Rock Slide|p2a: Farigiraf|[spread] p2a,p2b
|-resisted|p2b: Garchomp|1
|-damage|p2a: Farigiraf|79/100
|-damage|p2b: Garchomp|95/100
|
|-weather|Snowscape|[upkeep]
|upkeep
|turn|5
|
|t:|1783717414
|switch|p1a: Garchomp|Garchomp, L50, F|100/100
|switch|p2b: Incineroar|Incineroar, L50, M|82/100
|-ability|p2b: Incineroar|Intimidate|boost
|-unboost|p1a: Garchomp|atk|1
|-unboost|p1b: Aerodactyl|atk|1
|move|p2a: Farigiraf|Hyper Voice|p1a: Garchomp|[spread] p1a,p1b
|-resisted|p1b: Aerodactyl|1
|-damage|p1a: Garchomp|62/100
|-damage|p1b: Aerodactyl|74/100
|-damage|p2a: Farigiraf|69/100|[from] item: Life Orb
|move|p1b: Aerodactyl|Tailwind|p1b: Aerodactyl
|-sidestart|p1: eklyst|move: Tailwind
|
|-weather|none
|-sideend|p2: powerstar7|move: Aurora Veil
|-fieldend|move: Trick Room
|upkeep
|turn|6
|inactive|eklyst has 30 seconds left.
|
|t:|1783717441
|move|p2b: Incineroar|Fake Out|p1a: Garchomp
|-damage|p1a: Garchomp|48/100
|-damage|p2b: Incineroar|70/100|[from] ability: Rough Skin|[of] p1a: Garchomp
|move|p1b: Aerodactyl|Rock Slide|p2a: Farigiraf|[spread] p2a,p2b
|-supereffective|p2b: Incineroar|1
|-damage|p2a: Farigiraf|57/100
|-damage|p2b: Incineroar|46/100
|cant|p1a: Garchomp|flinch
|move|p2a: Farigiraf|Trick Room|p2a: Farigiraf
|-fieldstart|move: Trick Room|[of] p2a: Farigiraf
|
|upkeep
|turn|7
|
|t:|1783717460
|switch|p1b: Metagross|Metagross-Mega, L50|100/100
|move|p2b: Incineroar|Parting Shot|p1b: Metagross
|-unboost|p1b: Metagross|atk|1
|-unboost|p1b: Metagross|spa|1
|
|t:|1783717465
|switch|p2b: Garchomp|Garchomp-Mega, L50, F|95/100|[from] Parting Shot
|move|p2a: Farigiraf|Psychic|p1a: Garchomp
|-damage|p1a: Garchomp|0 fnt
|faint|p1a: Garchomp
|-damage|p2a: Farigiraf|47/100|[from] item: Life Orb
|
|upkeep
|
|t:|1783717475
|switch|p1a: Incineroar|Incineroar, L50, M|8/100
|-ability|p1a: Incineroar|Intimidate|boost
|-unboost|p2a: Farigiraf|atk|1
|-unboost|p2b: Garchomp|atk|1
|turn|8
|
|t:|1783717485
|switch|p1b: Aerodactyl|Aerodactyl, L50, M|74/100
|-ability|p1b: Aerodactyl|Unnerve
|move|p2a: Farigiraf|Hyper Voice|p1b: Aerodactyl|[spread] p1a,p1b
|-resisted|p1b: Aerodactyl|1
|-damage|p1a: Incineroar|0 fnt
|-damage|p1b: Aerodactyl|47/100
|faint|p1a: Incineroar
|-damage|p2a: Farigiraf|37/100|[from] item: Life Orb
|move|p2b: Garchomp|Draco Meteor|p1b: Aerodactyl
|-damage|p1b: Aerodactyl|0 fnt
|-unboost|p2b: Garchomp|spa|2
|faint|p1b: Aerodactyl
|
|-sideend|p1: eklyst|move: Tailwind
|upkeep
|
|t:|1783717497
|switch|p1a: Metagross|Metagross-Mega, L50|100/100
|turn|9
|
|t:|1783717508
|switch|p2b: Incineroar|Incineroar, L50, M|46/100
|-ability|p2b: Incineroar|Intimidate|boost
|-unboost|p1a: Metagross|atk|1
|move|p2a: Farigiraf|Hyper Voice|p1a: Metagross
|-resisted|p1a: Metagross|1
|-damage|p1a: Metagross|74/100
|-damage|p2a: Farigiraf|27/100|[from] item: Life Orb
|move|p1a: Metagross|Iron Head|p2a: Farigiraf
|-damage|p2a: Farigiraf|0 fnt
|faint|p2a: Farigiraf
|
|upkeep
|
|t:|1783717514
|switch|p2a: Garchomp|Garchomp-Mega, L50, F|95/100
|turn|10
|
|t:|1783717519
|move|p1a: Metagross|Protect|p1a: Metagross
|-singleturn|p1a: Metagross|Protect
|move|p2b: Incineroar|Fake Out|p1a: Metagross
|-activate|p1a: Metagross|move: Protect
|move|p2a: Garchomp|Earth Power|p1a: Metagross
|-activate|p1a: Metagross|move: Protect
|
|-fieldend|move: Trick Room
|upkeep
|turn|11
|
|t:|1783717525
|move|p1a: Metagross|Iron Head|p2a: Garchomp
|-damage|p2a: Garchomp|59/100
|move|p2a: Garchomp|Earth Power|p1a: Metagross
|-supereffective|p1a: Metagross|1
|-damage|p1a: Metagross|0 fnt
|faint|p1a: Metagross
|
|win|powerstar7
||eklyst is ready for game 2.
||powerstar7 is ready for game 2.
|uhtml|next|Next: Game 2 of 3
