|j|â˜†ahamedsan34
|j|â˜†starling01
|html|ahamedsan34starling01    
|uhtml|bestof|Game 1 of a best-of-3
|t:|1757631534
|gametype|doubles
|player|p1|ahamedsan34|dawn|1036
|player|p2|starling01|miku-flying|1190
|gen|9
|tier|[Gen 9] VGC 2025 Reg H (Bo3)
|rated|
|rule|Species Clause: Limit one of each PokÃ©mon
|rule|Item Clause: Limit 1 of each item
|clearpoke
|poke|p1|Metagross, L50|
|poke|p1|Ursaluna, L50, M|
|poke|p1|Whimsicott, L50, F|
|poke|p1|Indeedee-F, L50, F|
|poke|p1|Gardevoir, L50, M|
|poke|p1|Banette, L50, M|
|poke|p2|Incineroar, L50, M|
|poke|p2|Rillaboom, L50, F|
|poke|p2|Ursaluna-Bloodmoon, L50, M|
|poke|p2|Sneasler, L50, F|
|poke|p2|Dragonite, L50, M|
|poke|p2|Gholdengo, L50|
|teampreview|4
|showteam|p1|Metagross||WeaknessPolicy|ClearBody|HeavySlam,PsychicFangs,KnockOff,Protect||||||50|,,,,,Psychic]Ursaluna||FlameOrb|Guts|HeadlongRush,Earthquake,Facade,Protect|||M|||50|,,,,,Ground]Whimsicott||FocusSash|Prankster|Endeavor,TrickRoom,Tailwind,Moonblast|||F|||50|,,,,,Grass]Indeedee-F||MentalHerb|PsychicSurge|FollowMe,DazzlingGleam,Psybeam,EnergyBall|||F|||50|,,,,,Psychic]Gardevoir||ChoiceSpecs|Telepathy|ExpandingForce,DazzlingGleam,MysticalFire,ShadowBall|||M|||50|,,,,,Psychic]Banette||ChoiceBand|Insomnia|ShadowSneak,Fling,KnockOff,DestinyBond|||M|||50|,,,,,Ghost
|showteam|p2|Incineroar||SafetyGoggles|Intimidate|FlareBlitz,KnockOff,FakeOut,PartingShot|||M|||50|,,,,,Ghost]Rillaboom||AssaultVest|GrassySurge|WoodHammer,HighHorsepower,GrassyGlide,FakeOut|||F|||50|,,,,,Fire]Ursaluna-Bloodmoon||Leftovers|MindsEye|BloodMoon,EarthPower,CalmMind,Protect|||M|||50|,,,,,Electric]Sneasler||FocusSash|PoisonTouch|CloseCombat,DireClaw,FakeOut,Coaching|||F|||50|,,,,,Ghost]Dragonite||LoadedDice|Multiscale|ScaleShot,Tailwind,Haze,Protect|||M|||50|,,,,,Steel]Gholdengo||LifeOrb|GoodasGold|MakeItRain,ShadowBall,NastyPlot,Protect||||||50|,,,,,Water
|inactive|Battle timer is ON: inactive players will automatically lose when time's up. (requested by starling01)
|inactive|starling01 has 60 seconds left.
|c|â˜†ahamedsan34|Banette is good member of the team
|c|â˜†ahamedsan34|Leave her out of it
|
|t:|1757631591
|teamsize|p1|4
|teamsize|p2|4
|start
|switch|p1a: Banette|Banette, L50, M|100/100
|switch|p1b: Metagross|Metagross, L50|100/100
|switch|p2a: Incineroar|Incineroar, L50, M|100/100
|switch|p2b: Ursaluna|Ursaluna-Bloodmoon, L50, M|100/100
|-ability|p2a: Incineroar|Intimidate|boost
|-unboost|p1a: Banette|atk|1
|-fail|p1b: Metagross|unboost|[from] ability: Clear Body|[of] p1b: Metagross
|turn|1
|
|t:|1757631611
|-terastallize|p1b: Metagross|Psychic
|move|p2a: Incineroar|Fake Out|p1b: Metagross
|-damage|p1b: Metagross|93/100
|move|p1a: Banette|Shadow Sneak|p1b: Metagross
|-supereffective|p1b: Metagross
|-damage|p1b: Metagross|59/100
|-enditem|p1b: Metagross|Weakness Policy
|-boost|p1b: Metagross|atk|2|[from] item: Weakness Policy
|-boost|p1b: Metagross|spa|2|[from] item: Weakness Policy
|cant|p1b: Metagross|flinch
|move|p2b: Ursaluna|Calm Mind|p2b: Ursaluna
|-boost|p2b: Ursaluna|spa|1
|-boost|p2b: Ursaluna|spd|1
|
|upkeep
|turn|2
|
|t:|1757631627
|move|p2b: Ursaluna|Protect|p2b: Ursaluna
|-singleturn|p2b: Ursaluna|Protect
|move|p1a: Banette|Shadow Sneak|p2b: Ursaluna
|-activate|p2b: Ursaluna|move: Protect
|move|p2a: Incineroar|Parting Shot|p1a: Banette
|-unboost|p1a: Banette|atk|1
|-unboost|p1a: Banette|spa|1
|
|t:|1757631640
|switch|p2a: Rillaboom|Rillaboom, L50, F|100/100|[from] Parting Shot
|-fieldstart|move: Grassy Terrain|[from] ability: Grassy Surge|[of] p2a: Rillaboom
|move|p1b: Metagross|Heavy Slam|p1a: Banette
|-damage|p1a: Banette|0 fnt
|faint|p1a: Banette
|
|-heal|p1b: Metagross|65/100|[from] Grassy Terrain
|upkeep
|
|t:|1757631648
|switch|p1a: Indeedee|Indeedee-F, L50, F|100/100
|-fieldstart|move: Psychic Terrain|[from] ability: Psychic Surge|[of] p1a: Indeedee
|turn|3
|inactive|starling01 has 30 seconds left.
|
|t:|1757631677
|move|p1a: Indeedee|Follow Me|p1a: Indeedee
|-singleturn|p1a: Indeedee|move: Follow Me
|move|p2a: Rillaboom|Wood Hammer|p1a: Indeedee
|-damage|p1a: Indeedee|29/100
|-damage|p2a: Rillaboom|82/100|[from] Recoil
|move|p1b: Metagross|Psychic Fangs|p2b: Ursaluna
|-damage|p2b: Ursaluna|0 fnt
|faint|p2b: Ursaluna
|
|upkeep
|
|t:|1757631682
|switch|p2b: Incineroar|Incineroar, L50, M|100/100
|-ability|p2b: Incineroar|Intimidate|boost
|-unboost|p1a: Indeedee|atk|1
|-fail|p1b: Metagross|unboost|[from] ability: Clear Body|[of] p1b: Metagross
|turn|4
|
|t:|1757631691
|move|p1a: Indeedee|Follow Me|p1a: Indeedee
|-singleturn|p1a: Indeedee|move: Follow Me
|move|p2a: Rillaboom|Wood Hammer|p1a: Indeedee
|-damage|p1a: Indeedee|0 fnt
|faint|p1a: Indeedee
|-damage|p2a: Rillaboom|74/100|[from] Recoil
|move|p2b: Incineroar|Knock Off|p1b: Metagross
|-supereffective|p1b: Metagross
|-damage|p1b: Metagross|26/100
|move|p1b: Metagross|Heavy Slam|p2a: Rillaboom
|-damage|p2a: Rillaboom|0 fnt
|faint|p2a: Rillaboom
|
|upkeep
|
|t:|1757631703
|switch|p2a: Sneasler|Sneasler, L50, F|100/100
|switch|p1a: Gardevoir|Gardevoir, L50, M|100/100
|turn|5
|
|t:|1757631724
|move|p2a: Sneasler|Dire Claw|p1a: Gardevoir
|-supereffective|p1a: Gardevoir
|-damage|p1a: Gardevoir|0 fnt
|faint|p1a: Gardevoir
|move|p2b: Incineroar|Knock Off|p1b: Metagross
|-supereffective|p1b: Metagross
|-damage|p1b: Metagross|0 fnt
|faint|p1b: Metagross
|
|win|starling01
||starling01 is ready for game 2.
||ahamedsan34 is ready for game 2.
|uhtml|next|Next: Game 2 of 3
|l|â˜†starling01
|player|p2|
|l|â˜†ahamedsan34
|player|p1|
