|j|☆reshiee
|j|☆james897_yt
|html|reshieejames897_yt    
|uhtml|bestof|Game 2 of a best-of-3
|t:|1785253925
|gametype|doubles
|player|p1|reshiee|gwynn|1185
|player|p2|james897_yt|169|1075
|gen|9
|tier|[Gen 9 Champions] VGC 2026 Reg M-B (Bo3)
|rated|
|rule|Species Clause: Limit one of each Pokémon
|rule|Item Clause: Limit 1 of each item
|clearpoke
|poke|p1|Charizard, L50, M|
|poke|p1|Venusaur, L50, F|
|poke|p1|Pelipper, L50, F|
|poke|p1|Grimmsnarl, L50, M|
|poke|p1|Basculegion, L50, M|
|poke|p1|Archaludon, L50, M|
|poke|p2|Gengar, L50, M, shiny|
|poke|p2|Kingambit, L50, M|
|poke|p2|Sneasler, L50, M|
|poke|p2|Kommo-o, L50, M|
|poke|p2|Floette-Eternal, L50, F|
|poke|p2|Incineroar, L50, F|
|teampreview|4
|showteam|p1|Charizard||CharizarditeY|Blaze|HeatWave,WeatherBall,SolarBeam,Protect|Modest||M|||50|]Venusaur||FocusSash|Chlorophyll|SludgeBomb,EarthPower,SleepPowder,Protect|Modest||F|||50|]Pelipper||SitrusBerry|Drizzle|Hurricane,WeatherBall,Tailwind,WideGuard|Modest||F|||50|]Grimmsnarl||LightClay|Prankster|SpiritBreak,Reflect,LightScreen,PartingShot|Sassy||M|||50|]Basculegion||ChoiceScarf|Adaptability|WaveCrash,LastRespects,FlipTurn,AquaJet|Jolly||M|||50|]Archaludon||Leftovers|Stamina|DragonPulse,FlashCannon,ElectroShot,Protect|Calm||M|||50|
|showteam|p2|Gengar||Gengarite|CursedBody|Protect,PerishSong,Disable,ShadowBall|Timid||M|||50|]Kingambit||BlackGlasses|Defiant|Protect,SuckerPunch,KowtowCleave,SwordsDance|Adamant||M|||50|]Sneasler||WhiteHerb|Unburden|FakeOut,Protect,DireClaw,CloseCombat|Adamant||M|||50|]Kommo-o||Leftovers|Bulletproof|ClangingScales,ClangorousSoul,Protect,AuraSphere|Timid||M|||50|]Floette-Eternal||Floettite|FlowerVeil|Protect,Moonblast,DazzlingGleam,LightofRuin|Timid||F|||50|]Incineroar||PasshoBerry|Intimidate|FakeOut,PartingShot,FlareBlitz,Protect|Careful||F|||50|
|inactive|Battle timer is ON: inactive players will automatically lose when time's up. (requested by james897_yt)
|inactive|reshiee has 60 seconds left.
|
|t:|1785253970
|teamsize|p1|4
|teamsize|p2|4
|start
|switch|p1a: Grimmsnarl|Grimmsnarl, L50, M|100/100
|switch|p1b: Basculegion|Basculegion, L50, M|100/100
|switch|p2a: Kommo-o|Kommo-o, L50, M|100/100
|switch|p2b: Incineroar|Incineroar, L50, F|100/100
|-ability|p2b: Incineroar|Intimidate|boost
|-unboost|p1a: Grimmsnarl|atk|1
|-unboost|p1b: Basculegion|atk|1
|turn|1
|
|t:|1785253994
|move|p1a: Grimmsnarl|Reflect|p1a: Grimmsnarl
|-sidestart|p1: reshiee|Reflect
|move|p1b: Basculegion|Flip Turn|p2b: Incineroar
|-supereffective|p2b: Incineroar|1
|-enditem|p2b: Incineroar|Passho Berry|[eat]
|-enditem|p2b: Incineroar|Passho Berry|[weaken]
|-damage|p2b: Incineroar|78/100
|
|t:|1785254002
|switch|p1b: Pelipper|Pelipper, L50, F|100/100|[from] Flip Turn
|-weather|RainDance|[from] ability: Drizzle|[of] p1b: Pelipper
|move|p2a: Kommo-o|Clangorous Soul|p2a: Kommo-o
|-boost|p2a: Kommo-o|atk|1
|-boost|p2a: Kommo-o|def|1
|-boost|p2a: Kommo-o|spa|1
|-boost|p2a: Kommo-o|spd|1
|-boost|p2a: Kommo-o|spe|1
|-damage|p2a: Kommo-o|67/100
|move|p2b: Incineroar|Parting Shot|p1b: Pelipper
|-unboost|p1b: Pelipper|atk|1
|-unboost|p1b: Pelipper|spa|1
|
|t:|1785254005
|switch|p2b: Gengar|Gengar, L50, M, shiny|100/100|[from] Parting Shot
|
|-weather|RainDance|[upkeep]
|-heal|p2a: Kommo-o|73/100|[from] item: Leftovers
|upkeep
|turn|2
|inactive|james897_yt has 30 seconds left.
|
|t:|1785254035
|detailschange|p2b: Gengar|Gengar-Mega, L50, M, shiny
|-mega|p2b: Gengar|Gengar|Gengarite
|move|p2a: Kommo-o|Protect|p2a: Kommo-o
|-singleturn|p2a: Kommo-o|Protect
|move|p1b: Pelipper|Wide Guard|p1b: Pelipper
|-singleturn|p1b: Pelipper|Wide Guard
|move|p2b: Gengar|Shadow Ball|p1b: Pelipper
|-damage|p1b: Pelipper|37/100
|-enditem|p1b: Pelipper|Sitrus Berry|[eat]
|-heal|p1b: Pelipper|61/100|[from] item: Sitrus Berry
|move|p1a: Grimmsnarl|Spirit Break|p2a: Kommo-o
|-activate|p2a: Kommo-o|move: Protect
|
|-weather|RainDance|[upkeep]
|-heal|p2a: Kommo-o|78/100|[from] item: Leftovers
|upkeep
|turn|3
|inactive|reshiee has 30 seconds left.
|
|t:|1785254065
|move|p1a: Grimmsnarl|Parting Shot|p2a: Kommo-o
|-unboost|p2a: Kommo-o|atk|1
|-unboost|p2a: Kommo-o|spa|1
|
|t:|1785254073
|switch|p1a: Archaludon|Archaludon, L50, M|100/100|[from] Parting Shot
|move|p2a: Kommo-o|Clanging Scales|p1a: Archaludon|[spread] p1a,p1b
|-damage|p1a: Archaludon|69/100
|-damage|p1b: Pelipper|18/100
|-ability|p1a: Archaludon|Stamina|boost
|-boost|p1a: Archaludon|def|1
|-unboost|p2a: Kommo-o|def|1
|move|p2b: Gengar|Disable||[still]
|-fail|p2b: Gengar
|move|p1b: Pelipper|Hurricane|p2a: Kommo-o
|-supereffective|p2a: Kommo-o|1
|-damage|p2a: Kommo-o|34/100
|
|-weather|RainDance|[upkeep]
|-heal|p2a: Kommo-o|40/100|[from] item: Leftovers
|-heal|p1a: Archaludon|75/100|[from] item: Leftovers
|upkeep
|turn|4
|inactive|reshiee has 30 seconds left.
|inactive|reshiee has 20 seconds left.
|inactive|reshiee has 15 seconds left.
|
|t:|1785254117
|move|p2a: Kommo-o|Aura Sphere|p1a: Archaludon
|-supereffective|p1a: Archaludon|1
|-damage|p1a: Archaludon|19/100
|-ability|p1a: Archaludon|Stamina|boost
|-boost|p1a: Archaludon|def|1
|move|p2b: Gengar|Shadow Ball|p1a: Archaludon
|-damage|p1a: Archaludon|0 fnt
|faint|p1a: Archaludon
|move|p1b: Pelipper|Hurricane|p2a: Kommo-o
|-supereffective|p2a: Kommo-o|1
|-damage|p2a: Kommo-o|0 fnt
|faint|p2a: Kommo-o
|
|-weather|RainDance|[upkeep]
|upkeep
|
|t:|1785254136
|switch|p2a: Kingambit|Kingambit, L50, M|100/100
|switch|p1a: Grimmsnarl|Grimmsnarl, L50, M|100/100
|turn|5
|inactive|reshiee has 30 seconds left.
|
|t:|1785254163
|move|p1a: Grimmsnarl|Light Screen|p1a: Grimmsnarl
|-sidestart|p1: reshiee|move: Light Screen
|move|p2b: Gengar|Shadow Ball|p1b: Pelipper
|-damage|p1b: Pelipper|0 fnt
|faint|p1b: Pelipper
|move|p2a: Kingambit|Swords Dance|p2a: Kingambit
|-boost|p2a: Kingambit|atk|2
|
|-weather|none
|upkeep
|
|t:|1785254171
|switch|p1b: Basculegion|Basculegion, L50, M|100/100
|turn|6
|c|☆reshiee|gg
|
|t:|1785254194
|move|p2a: Kingambit|Sucker Punch|p1b: Basculegion
|-supereffective|p1b: Basculegion|1
|-crit|p1b: Basculegion
|-damage|p1b: Basculegion|0 fnt
|faint|p1b: Basculegion
|move|p2b: Gengar|Shadow Ball|p1a: Grimmsnarl
|-resisted|p1a: Grimmsnarl|1
|-crit|p1a: Grimmsnarl
|-damage|p1a: Grimmsnarl|63/100
|move|p1a: Grimmsnarl|Spirit Break|p2b: Gengar
|-resisted|p2b: Gengar|1
|-damage|p2b: Gengar|75/100
|-unboost|p2b: Gengar|spa|1
|
|upkeep
|turn|7
|c|☆james897_yt|gg bro
|c|☆james897_yt|well played
|
|t:|1785254207
|move|p2b: Gengar|Disable|p1a: Grimmsnarl
|-start|p1a: Grimmsnarl|Disable|Spirit Break
|cant|p1a: Grimmsnarl|Disable|Spirit Break
|move|p2a: Kingambit|Kowtow Cleave|p1a: Grimmsnarl
|-resisted|p1a: Grimmsnarl|2
|-damage|p1a: Grimmsnarl|42/100
|
|upkeep
|turn|8
|
|t:|1785254220
|move|p1a: Grimmsnarl|Parting Shot|p2a: Kingambit
|-hint|Since gen 7, Dark is immune to Prankster moves.
|-immune|p2a: Kingambit
|move|p2b: Gengar|Shadow Ball|p1a: Grimmsnarl
|-resisted|p1a: Grimmsnarl|1
|-damage|p1a: Grimmsnarl|32/100
|move|p2a: Kingambit|Kowtow Cleave|p1a: Grimmsnarl
|-resisted|p1a: Grimmsnarl|2
|-damage|p1a: Grimmsnarl|13/100
|
|-sideend|p1: reshiee|Reflect
|upkeep
|turn|9
|c|☆reshiee|ngl why is this grim surviving im just waiting to get the replay for this
|inactive|reshiee has 30 seconds left.
|
|t:|1785254248
|move|p1a: Grimmsnarl|Parting Shot|p2b: Gengar
|-unboost|p2b: Gengar|atk|1
|-unboost|p2b: Gengar|spa|1
|move|p2b: Gengar|Shadow Ball|p1a: Grimmsnarl
|-resisted|p1a: Grimmsnarl|1
|-damage|p1a: Grimmsnarl|6/100
|move|p2a: Kingambit|Kowtow Cleave|p1a: Grimmsnarl
|-resisted|p1a: Grimmsnarl|2
|-damage|p1a: Grimmsnarl|0 fnt
|faint|p1a: Grimmsnarl
|
|win|james897_yt
|raw|reshiee's rating: 1185 → 1152(-33 for losing)
|raw|james897_yt's rating: 1075 → 1113(+38 for winning)
