|j|☆Vishalsankhla2205
|j|☆Pokeventurer
|html|Vishalsankhla2205Pokeventurer    
|uhtml|bestof|Game 1 of a best-of-3
|t:|1757105325
|gametype|doubles
|player|p1|Vishalsankhla2205|steven|1079
|player|p2|Pokeventurer|2|1176
|gen|9
|tier|[Gen 9] VGC 2025 Reg H (Bo3)
|rated|
|rule|Species Clause: Limit one of each Pokémon
|rule|Item Clause: Limit 1 of each item
|clearpoke
|poke|p1|Cinderace, L50, M|
|poke|p1|Amoonguss, L50, M|
|poke|p1|Whimsicott, L50, F|
|poke|p1|Ursaluna-Bloodmoon, L50, M|
|poke|p1|Armarouge, L50, F|
|poke|p1|Indeedee-F, L50, F|
|poke|p2|Basculegion, L50, M|
|poke|p2|Pelipper, L50, M|
|poke|p2|Archaludon, L50, F|
|poke|p2|Rillaboom, L50, M|
|poke|p2|Maushold, L50|
|poke|p2|Annihilape, L50, F|
|teampreview|4
|showteam|p1|Cinderace||WideLens|Libero|QuickAttack,Protect,HighJumpKick,PyroBall|||M|||50|,,,,,Fire]Amoonguss||SitrusBerry|Regenerator|RagePowder,SludgeBomb,Protect,Spore|||M|||50|,,,,,Dark]Whimsicott||CovertCloak|Prankster|Taunt,Moonblast,Encore,Tailwind|||F|||50|,,,,,Grass]Ursaluna-Bloodmoon||LifeOrb|MindsEye|Protect,BloodMoon,CalmMind,EarthPower|||M|||50|,,,,,Fairy]Armarouge||FocusSash|WeakArmor|TrickRoom,ExpandingForce,Protect,ArmorCannon|||F|||50|,,,,,Fire]Indeedee-F||PsychicSeed|PsychicSurge|Protect,DazzlingGleam,FollowMe,TrickRoom|||F|||50|,,,,,Psychic
|showteam|p2|Basculegion||ChoiceBand|SwiftSwim|WaveCrash,FlipTurn,LastRespects,AquaJet|||M|||50|,,,,,Water]Pelipper||FocusSash|Drizzle|WeatherBall,Hurricane,Tailwind,Protect|||M|||50|,,,,,Stellar]Archaludon||AssaultVest|Stamina|ElectroShot,FlashCannon,Snarl,BodyPress|||F|||50|,,,,,Grass]Rillaboom||CobaBerry|GrassySurge|FakeOut,GrassyGlide,WoodHammer,Uturn|||M|||50|,,,,,Steel]Maushold||CovertCloak|FriendGuard|FollowMe,BeatUp,SuperFang,Taunt||||||50|,,,,,Ghost]Annihilape||SafetyGoggles|Defiant|DrainPunch,RageFist,BulkUp,Protect|||F|||50|,,,,,Fire
|inactive|Battle timer is ON: inactive players will automatically lose when time's up. (requested by Pokeventurer)
|l|☆Vishalsankhla2205
|inactive|Vishalsankhla2205 disconnected and has a minute to reconnect!
|player|p1|
|j|☆Vishalsankhla2205
|inactive|Vishalsankhla2205 reconnected and has 70 seconds left.
|player|p1|Vishalsankhla2205|steven|
|inactive|Vishalsankhla2205 has 60 seconds left.
|inactive|Pokeventurer has 60 seconds left.
|
|t:|1757105386
|teamsize|p1|4
|teamsize|p2|4
|start
|switch|p1a: Indeedee|Indeedee-F, L50, F|100/100
|switch|p1b: Amoonguss|Amoonguss, L50, M, shiny|100/100
|switch|p2a: MouseySee|Maushold, L50|100/100
|switch|p2b: London Paris&Tokyo|Archaludon, L50, F|100/100
|-fieldstart|move: Psychic Terrain|[from] ability: Psychic Surge|[of] p1a: Indeedee
|-enditem|p1a: Indeedee|Psychic Seed
|-boost|p1a: Indeedee|spd|1|[from] item: Psychic Seed
|turn|1
|inactive|Pokeventurer has 30 seconds left.
|inactive|Pokeventurer has 20 seconds left.
|
|t:|1757105424
|-terastallize|p2b: London Paris&Tokyo|Grass
|move|p1a: Indeedee|Follow Me|p1a: Indeedee
|-singleturn|p1a: Indeedee|move: Follow Me
|move|p2a: MouseySee|Beat Up|p1a: Indeedee
|-supereffective|p1a: Indeedee
|-damage|p1a: Indeedee|95/100
|-supereffective|p1a: Indeedee
|-crit|p1a: Indeedee
|-damage|p1a: Indeedee|86/100
|-supereffective|p1a: Indeedee
|-damage|p1a: Indeedee|79/100
|-supereffective|p1a: Indeedee
|-damage|p1a: Indeedee|75/100
|-hitcount|p1a: Indeedee|4
|move|p2b: London Paris&Tokyo|Body Press|p1a: Indeedee
|-damage|p1a: Indeedee|47/100
|move|p1b: Amoonguss|Spore|p2b: London Paris&Tokyo
|-immune|p2b: London Paris&Tokyo
|
|upkeep
|turn|2
|
|t:|1757105445
|switch|p1b: Armarouge|Armarouge, L50, F|100/100
|move|p1a: Indeedee|Follow Me|p1a: Indeedee
|-singleturn|p1a: Indeedee|move: Follow Me
|move|p2a: MouseySee|Taunt|p1a: Indeedee
|-start|p1a: Indeedee|move: Taunt
|move|p2b: London Paris&Tokyo|Snarl|p1b: Armarouge|[spread] p1a
|-miss|p2b: London Paris&Tokyo|p1b: Armarouge
|-supereffective|p1a: Indeedee
|-damage|p1a: Indeedee|30/100
|-unboost|p1a: Indeedee|spa|1
|
|upkeep
|turn|3
|inactive|Vishalsankhla2205 has 30 seconds left.
|inactive|Pokeventurer has 30 seconds left.
|
|t:|1757105480
|switch|p2b: BigMouth|Pelipper, L50, M|100/100
|-weather|RainDance|[from] ability: Drizzle|[of] p2b: BigMouth
|move|p2a: MouseySee|Super Fang|p1b: Armarouge
|-damage|p1b: Armarouge|50/100
|-ability|p1b: Armarouge|Weak Armor|boost
|-unboost|p1b: Armarouge|def|1
|-boost|p1b: Armarouge|spe|2
|move|p1b: Armarouge|Expanding Force|p2a: MouseySee|[spread] p2a,p2b
|-damage|p2a: MouseySee|20/100
|-damage|p2b: BigMouth|17/100
|move|p1a: Indeedee|Dazzling Gleam|p2a: MouseySee|[spread] p2a,p2b
|-damage|p2a: MouseySee|9/100
|-damage|p2b: BigMouth|6/100
|
|-weather|RainDance|[upkeep]
|upkeep
|turn|4
|inactive|Vishalsankhla2205 has 30 seconds left.
|
|t:|1757105506
|switch|p2a: MonkeyDo2|Rillaboom, L50, M|100/100
|-fieldstart|move: Grassy Terrain|[from] ability: Grassy Surge|[of] p2a: MonkeyDo2
|switch|p1a: Amoonguss|Amoonguss, L50, M, shiny|100/100
|move|p2b: BigMouth|Protect|p2b: BigMouth
|-singleturn|p2b: BigMouth|Protect
|move|p1b: Armarouge|Expanding Force|p2a: MonkeyDo2
|-damage|p2a: MonkeyDo2|59/100
|
|-weather|RainDance|[upkeep]
|-heal|p1b: Armarouge|57/100|[from] Grassy Terrain
|-heal|p2a: MonkeyDo2|65/100|[from] Grassy Terrain
|upkeep
|turn|5
|
|t:|1757105528
|switch|p1a: Indeedee|Indeedee-F, L50, F|30/100
|-fieldstart|move: Psychic Terrain|[from] ability: Psychic Surge|[of] p1a: Indeedee
|move|p2a: MonkeyDo2|Fake Out|p1a: Indeedee
|-activate|p1a: Indeedee|move: Psychic Terrain
|move|p1b: Armarouge|Expanding Force|p2a: MonkeyDo2|[spread] p2a,p2b
|-crit|p2b: BigMouth
|-damage|p2a: MonkeyDo2|6/100
|-damage|p2b: BigMouth|0 fnt
|faint|p2b: BigMouth
|
|-weather|RainDance|[upkeep]
|upkeep
|
|t:|1757105533
|switch|p2b: London Paris&Tokyo|Archaludon, L50, F, tera:Grass|100/100
|turn|6
|
|t:|1757105553
|switch|p2a: MouseySee|Maushold, L50|9/100
|switch|p1a: Amoonguss|Amoonguss, L50, M, shiny|100/100
|move|p1b: Armarouge|Expanding Force|p2a: MouseySee|[spread] p2a,p2b
|-damage|p2a: MouseySee|0 fnt
|-damage|p2b: London Paris&Tokyo|53/100
|-ability|p2b: London Paris&Tokyo|Stamina|boost
|-boost|p2b: London Paris&Tokyo|def|1
|faint|p2a: MouseySee
|move|p2b: London Paris&Tokyo|Snarl|p1b: Armarouge|[spread] p1a
|-miss|p2b: London Paris&Tokyo|p1b: Armarouge
|-damage|p1a: Amoonguss|90/100
|-unboost|p1a: Amoonguss|spa|1
|
|-weather|RainDance|[upkeep]
|upkeep
|
|t:|1757105566
|switch|p2a: MonkeyDo2|Rillaboom, L50, M|6/100
|-fieldstart|move: Grassy Terrain|[from] ability: Grassy Surge|[of] p2a: MonkeyDo2
|turn|7
|
|t:|1757105587
|move|p1b: Armarouge|Protect|p1b: Armarouge
|-singleturn|p1b: Armarouge|Protect
|move|p1a: Amoonguss|Protect|p1a: Amoonguss
|-singleturn|p1a: Amoonguss|Protect
|move|p2b: London Paris&Tokyo|Snarl|p1a: Amoonguss|[spread] 
|-activate|p1a: Amoonguss|move: Protect
|-activate|p1b: Armarouge|move: Protect
|move|p2a: MonkeyDo2|Wood Hammer|p1a: Amoonguss
|-activate|p1a: Amoonguss|move: Protect
|
|-weather|none
|-heal|p1b: Armarouge|63/100|[from] Grassy Terrain
|-heal|p2b: London Paris&Tokyo|59/100|[from] Grassy Terrain
|-heal|p2a: MonkeyDo2|12/100|[from] Grassy Terrain
|-heal|p1a: Amoonguss|96/100|[from] Grassy Terrain
|upkeep
|turn|8
|
|t:|1757105602
|switch|p1a: Indeedee|Indeedee-F, L50, F|30/100
|-fieldstart|move: Psychic Terrain|[from] ability: Psychic Surge|[of] p1a: Indeedee
|move|p1b: Armarouge|Armor Cannon|p2b: London Paris&Tokyo
|-supereffective|p2b: London Paris&Tokyo
|-damage|p2b: London Paris&Tokyo|0 fnt
|-unboost|p1b: Armarouge|def|1
|-unboost|p1b: Armarouge|spd|1
|faint|p2b: London Paris&Tokyo
|move|p2a: MonkeyDo2|Grassy Glide|p1b: Armarouge
|-resisted|p1b: Armarouge
|-damage|p1b: Armarouge|35/100
|-ability|p1b: Armarouge|Weak Armor|boost
|-unboost|p1b: Armarouge|def|1
|-boost|p1b: Armarouge|spe|2
|
|upkeep
|turn|9
|-message|Pokeventurer forfeited.
|
|win|Vishalsankhla2205
|l|☆Pokeventurer
|player|p2|
||Pokeventurer is ready for game 2.
|inactive|Vishalsankhla2205 has 30 seconds to confirm battle start!
||Vishalsankhla2205 is ready for game 2.
|uhtml|next|Next: Game 2 of 3
|j|☆Pokeventurer
|player|p2|Pokeventurer|2|
