|j|☆toxicwofl
|j|☆NegaiFreak
|html|toxicwoflNegaiFreak    
|uhtml|bestof|Game 2 of a best-of-3
|t:|1756297302
|gametype|doubles
|player|p1|toxicwofl|cynthia|1077
|player|p2|NegaiFreak|265|1145
|gen|9
|tier|[Gen 9] VGC 2025 Reg H (Bo3)
|rated|
|rule|Species Clause: Limit one of each Pokémon
|rule|Item Clause: Limit 1 of each item
|clearpoke
|poke|p1|Sneasler, L50, F|
|poke|p1|Indeedee, L50, M|
|poke|p1|Ursaluna-Bloodmoon, L50, M|
|poke|p1|Annihilape, L50, F|
|poke|p1|Tyranitar, L50, M|
|poke|p1|Maushold-Four, L50|
|poke|p2|Ceruledge, L50, F|
|poke|p2|Sneasler, L50, F|
|poke|p2|Rillaboom, L50, M|
|poke|p2|Salamence, L50, M|
|poke|p2|Milotic, L50, F|
|poke|p2|Ninetales-Alola, L50, M|
|teampreview|4
|showteam|p1|Sneasler||PsychicSeed|Unburden|CloseCombat,DireClaw,ThroatChop,Protect|||F|||50|,,,,,Dark]Indeedee||ChoiceScarf|PsychicSurge|ExpandingForce,TeraBlast,Trick,Protect|||M|||50|,,,,,Psychic]Ursaluna-Bloodmoon||LifeOrb|MindsEye|BloodMoon,HyperVoice,EarthPower,Protect|||M|||50|,,,,,Normal]Annihilape||SafetyGoggles|Defiant|DrainPunch,RageFist,BulkUp,FinalGambit|||F|||50|,,,,,Fairy]Tyranitar||AssaultVest|SandStream|RockSlide,KnockOff,TeraBlast,LowKick|||M|||50|,,,,,Flying]Maushold-Four||CovertCloak|FriendGuard|FollowMe,Taunt,Protect,PopulationBomb||||||50|,,,,,Normal
|showteam|p2|Ceruledge||ClearAmulet|FlashFire|BitterBlade,ShadowSneak,BulkUp,Protect|||F|||50|,,,,,Grass]Sneasler||GrassySeed|Unburden|DireClaw,CloseCombat,Coaching,Protect|||F|||50|,,,,,Stellar]Rillaboom||AssaultVest|GrassySurge|FakeOut,GrassyGlide,WoodHammer,HighHorsepower|||M|||50|,,,,,Fire]Salamence||LifeOrb|Intimidate|AirSlash,DracoMeteor,Tailwind,Protect|||M|||50|,,,,,Steel]Milotic||Leftovers|Competitive|Scald,IceBeam,Haze,Protect|||F|||50|,,,,,Dragon]Ninetales-Alola||FocusSash|SnowWarning|FreezeDry,Moonblast,AuroraVeil,Protect|||M|||50|,,,,,Ice
|c|☆toxicwofl|gg
|inactive|Battle timer is ON: inactive players will automatically lose when time's up. (requested by toxicwofl)
|c|☆NegaiFreak|GLHF
|
|t:|1756297343
|teamsize|p1|4
|teamsize|p2|4
|start
|switch|p1a: Maushold|Maushold-Four, L50, shiny|100/100
|switch|p1b: Sneasler|Sneasler, L50, F|100/100
|switch|p2a: Sneasler|Sneasler, L50, F|100/100
|switch|p2b: Ninetales|Ninetales-Alola, L50, M|100/100
|-weather|Snowscape|[from] ability: Snow Warning|[of] p2b: Ninetales
|turn|1
|
|t:|1756297363
|switch|p1a: Indeedee|Indeedee, L50, M|100/100
|-fieldstart|move: Psychic Terrain|[from] ability: Psychic Surge|[of] p1a: Indeedee
|-enditem|p1b: Sneasler|Psychic Seed
|-boost|p1b: Sneasler|spd|1|[from] item: Psychic Seed
|move|p2b: Ninetales|Protect|p2b: Ninetales
|-singleturn|p2b: Ninetales|Protect
|move|p1b: Sneasler|Dire Claw|p2b: Ninetales
|-activate|p2b: Ninetales|move: Protect
|move|p2a: Sneasler|Dire Claw|p1a: Indeedee
|-damage|p1a: Indeedee|0 fnt
|faint|p1a: Indeedee
|
|-weather|Snowscape|[upkeep]
|upkeep
|c|☆toxicwofl|damn
|
|t:|1756297385
|switch|p1a: Maushold|Maushold-Four, L50, shiny|100/100
|turn|2
|c|☆NegaiFreak|Damage rolls can be wild
|inactive|NegaiFreak has 30 seconds left.
|
|t:|1756297415
|switch|p2b: Rillaboom|Rillaboom, L50, M|100/100
|-fieldstart|move: Grassy Terrain|[from] ability: Grassy Surge|[of] p2b: Rillaboom
|-enditem|p2a: Sneasler|Grassy Seed
|-boost|p2a: Sneasler|def|1|[from] item: Grassy Seed
|move|p1b: Sneasler|Dire Claw|p2b: Rillaboom
|-supereffective|p2b: Rillaboom
|-damage|p2b: Rillaboom|11/100
|move|p2a: Sneasler|Dire Claw|p1a: Maushold
|-damage|p1a: Maushold|41/100
|move|p1a: Maushold|Population Bomb|p2a: Sneasler
|-damage|p2a: Sneasler|95/100
|-damage|p2a: Sneasler|88/100
|-crit|p2a: Sneasler
|-damage|p2a: Sneasler|76/100
|-hitcount|p2a: Sneasler|3
|
|-weather|Snowscape|[upkeep]
|-heal|p2a: Sneasler|82/100|[from] Grassy Terrain
|-heal|p1a: Maushold|47/100|[from] Grassy Terrain
|-heal|p2b: Rillaboom|17/100|[from] Grassy Terrain
|upkeep
|turn|3
|inactive|toxicwofl has 30 seconds left.
|inactive|NegaiFreak has 30 seconds left.
|inactive|toxicwofl has 20 seconds left.
|inactive|toxicwofl has 15 seconds left.
|
|t:|1756297456
|move|p2b: Rillaboom|Fake Out|p1b: Sneasler
|-damage|p1b: Sneasler|82/100
|move|p1a: Maushold|Follow Me|p1a: Maushold
|-singleturn|p1a: Maushold|move: Follow Me
|cant|p1b: Sneasler|flinch
|move|p2a: Sneasler|Coaching|p2b: Rillaboom
|-boost|p2b: Rillaboom|atk|1
|-boost|p2b: Rillaboom|def|1
|
|-weather|Snowscape|[upkeep]
|-heal|p1b: Sneasler|88/100|[from] Grassy Terrain
|-heal|p2a: Sneasler|88/100|[from] Grassy Terrain
|-heal|p1a: Maushold|53/100|[from] Grassy Terrain
|-heal|p2b: Rillaboom|24/100|[from] Grassy Terrain
|upkeep
|turn|4
|
|t:|1756297473
|move|p1a: Maushold|Follow Me|p1a: Maushold
|-singleturn|p1a: Maushold|move: Follow Me
|move|p2b: Rillaboom|Grassy Glide|p1a: Maushold
|-damage|p1a: Maushold|0 fnt
|faint|p1a: Maushold
|move|p1b: Sneasler|Dire Claw|p2b: Rillaboom
|-supereffective|p2b: Rillaboom
|-damage|p2b: Rillaboom|0 fnt
|faint|p2b: Rillaboom
|move|p2a: Sneasler|Dire Claw|p1b: Sneasler
|-resisted|p1b: Sneasler
|-damage|p1b: Sneasler|49/100
|
|-weather|Snowscape|[upkeep]
|-heal|p1b: Sneasler|55/100|[from] Grassy Terrain
|-heal|p2a: Sneasler|93/100|[from] Grassy Terrain
|upkeep
|
|t:|1756297490
|switch|p1a: Annihilape|Annihilape, L50, F|100/100
|switch|p2b: Milotic|Milotic, L50, F|100/100
|turn|5
|inactive|toxicwofl has 30 seconds left.
|inactive|NegaiFreak has 30 seconds left.
|
|t:|1756297518
|move|p1b: Sneasler|Protect|p1b: Sneasler
|-singleturn|p1b: Sneasler|Protect
|move|p2a: Sneasler|Dire Claw|p1a: Annihilape
|-resisted|p1a: Annihilape
|-damage|p1a: Annihilape|77/100
|-status|p1a: Annihilape|par
|move|p2b: Milotic|Scald|p1a: Annihilape
|-damage|p1a: Annihilape|46/100 par
|move|p1a: Annihilape|Bulk Up|p1a: Annihilape
|-boost|p1a: Annihilape|atk|1
|-boost|p1a: Annihilape|def|1
|
|-weather|none
|-heal|p1b: Sneasler|60/100|[from] Grassy Terrain
|-heal|p2a: Sneasler|99/100|[from] Grassy Terrain
|-heal|p1a: Annihilape|53/100 par|[from] Grassy Terrain
|upkeep
|turn|6
|
|t:|1756297541
|move|p1b: Sneasler|Dire Claw|p2a: Sneasler
|-resisted|p2a: Sneasler
|-damage|p2a: Sneasler|76/100
|-status|p2a: Sneasler|slp
|cant|p2a: Sneasler|slp
|move|p2b: Milotic|Haze|p2b: Milotic
|-clearallboost
|move|p1a: Annihilape|Drain Punch|p2b: Milotic
|-damage|p2b: Milotic|73/100
|-heal|p1a: Annihilape|65/100 par|[from] drain|[of] p2b: Milotic
|
|-heal|p1b: Sneasler|66/100|[from] Grassy Terrain
|-heal|p2a: Sneasler|82/100 slp|[from] Grassy Terrain
|-heal|p2b: Milotic|79/100|[from] Grassy Terrain
|-heal|p2b: Milotic|85/100|[from] item: Leftovers
|-heal|p1a: Annihilape|71/100 par|[from] Grassy Terrain
|-fieldend|move: Grassy Terrain
|upkeep
|turn|7
|
|t:|1756297565
|move|p2b: Milotic|Protect|p2b: Milotic
|-singleturn|p2b: Milotic|Protect
|move|p1b: Sneasler|Dire Claw|p2b: Milotic
|-activate|p2b: Milotic|move: Protect
|cant|p2a: Sneasler|slp
|cant|p1a: Annihilape|par
|
|-heal|p2b: Milotic|91/100|[from] item: Leftovers
|upkeep
|turn|8
|
|t:|1756297581
|move|p1b: Sneasler|Dire Claw|p2a: Sneasler
|-resisted|p2a: Sneasler
|-damage|p2a: Sneasler|45/100 slp
|cant|p2a: Sneasler|slp
|move|p2b: Milotic|Scald|p1a: Annihilape
|-damage|p1a: Annihilape|40/100 par
|move|p1a: Annihilape|Rage Fist|p2a: Sneasler
|-damage|p2a: Sneasler|0 fnt
|faint|p2a: Sneasler
|
|-heal|p2b: Milotic|98/100|[from] item: Leftovers
|upkeep
|
|t:|1756297598
|switch|p2a: Ninetales|Ninetales-Alola, L50, M|100/100
|-weather|Snowscape|[from] ability: Snow Warning|[of] p2a: Ninetales
|turn|9
|
|t:|1756297615
|-terastallize|p1a: Annihilape|Fairy
|move|p1b: Sneasler|Dire Claw|p2a: Ninetales
|-supereffective|p2a: Ninetales
|-enditem|p2a: Ninetales|Focus Sash
|-damage|p2a: Ninetales|1/100
|-status|p2a: Ninetales|psn
|move|p2a: Ninetales|Moonblast|p1a: Annihilape
|-damage|p1a: Annihilape|5/100 par
|-unboost|p1a: Annihilape|spa|1
|-ability|p1a: Annihilape|Defiant|boost
|-boost|p1a: Annihilape|atk|2
|move|p2b: Milotic|Scald|p1b: Sneasler
|-damage|p1b: Sneasler|22/100
|move|p1a: Annihilape|Rage Fist|p2b: Milotic
|-damage|p2b: Milotic|0 fnt
|faint|p2b: Milotic
|
|-weather|Snowscape|[upkeep]
|-damage|p2a: Ninetales|0 fnt|[from] psn
|faint|p2a: Ninetales
|
|win|toxicwofl
|raw|toxicwofl's rating: 1077 → 1111(+34 for winning)
|raw|NegaiFreak's rating: 1145 → 1115(-30 for losing)
|c|☆NegaiFreak|GG, WP
|c|☆toxicwofl|gg
|c|☆toxicwofl|wait
|c|☆toxicwofl|do you think my team is good ?
|c|☆NegaiFreak|Better than mine, sure
|c|☆toxicwofl|i am new to pokémon
|c|☆toxicwofl|and i am trying to create a team to compete in the online tournament
