|j|☆gunkqing
|j|☆Capravolante97
|html|gunkqingCapravolante97    
|uhtml|bestof|Game 3 of a best-of-3
|t:|1756930586
|gametype|doubles
|player|p1|gunkqing|striker|
|player|p2|Capravolante97|fantina|
|gen|9
|tier|[Gen 9] VGC 2025 Reg H (Bo3)
|rule|Species Clause: Limit one of each Pokémon
|rule|Item Clause: Limit 1 of each item
|clearpoke
|poke|p1|Rillaboom, L50, F|
|poke|p1|Electabuzz, L50, F|
|poke|p1|Kommo-o, L50, M|
|poke|p1|Incineroar, L50, F|
|poke|p1|Basculegion, L50, M|
|poke|p1|Sylveon, L50, F|
|poke|p2|Whimsicott, L50, F|
|poke|p2|Corviknight, L50, M|
|poke|p2|Indeedee, L50, M|
|poke|p2|Sneasler, L50, F|
|poke|p2|Ursaluna-Bloodmoon, L50, M|
|poke|p2|Archaludon, L50, F|
|teampreview|4
|showteam|p1|Rillaboom||MeadowPlate|GrassySurge|FakeOut,WoodHammer,GrassyGlide,Uturn|||F|||50|,,,,,Fire]Electabuzz||Eviolite|VitalSpirit|FollowMe,Thunderbolt,Taunt,Protect|||F|||50|,,,,,Dragon]Kommo-o||Leftovers|Soundproof|ClangingScales,ClangorousSoul,Flamethrower,Protect|||M|||50|,,,,,Fire]Incineroar||AssaultVest|Intimidate|FakeOut,FlareBlitz,KnockOff,Uturn|||F|||50|,,,,,Ghost]Basculegion||ChoiceScarf|Adaptability|WaveCrash,AquaJet,LastRespects,FlipTurn|||M|||50|,,,,,Grass]Sylveon||LifeOrb|Pixilate|HyperVoice,Moonblast,Reflect,Detect|||F|||50|,,,,,Fairy
|showteam|p2|Whimsicott||CovertCloak|Prankster|Moonblast,Taunt,Tailwind,FakeTears|||F|||50|,,,,,Water]Corviknight||Leftovers|MirrorArmor|BraveBird,BulkUp,Tailwind,Roost|||M|||50|,,,,,Dragon]Indeedee||FocusSash|PsychicSurge|ExpandingForce,TeraBlast,Imprison,TrickRoom|||M|||50|,,,,,Psychic]Sneasler||PsychicSeed|Unburden|CloseCombat,DireClaw,ThroatChop,Protect|||F|||50|,,,,,Dark]Ursaluna-Bloodmoon||LifeOrb|MindsEye|HyperVoice,BloodMoon,EarthPower,Protect|||M|||50|,,,,,Normal]Archaludon||PowerHerb|Stalwart|ElectroShot,DragonPulse,Thunderbolt,Protect|||F|||50|,,,,,Electric
|inactive|Battle timer is ON: inactive players will automatically lose when time's up. (requested by gunkqing)
|inactive|Capravolante97 also wants the timer to be on.
|inactive|gunkqing has 60 seconds left.
|
|t:|1756930618
|teamsize|p1|4
|teamsize|p2|4
|start
|switch|p1a: Electabuzz|Electabuzz, L50, F|100/100
|switch|p1b: Sylveon|Sylveon, L50, F|100/100
|switch|p2a: Whimsicott|Whimsicott, L50, F|100/100
|switch|p2b: Ursaluna|Ursaluna-Bloodmoon, L50, M|100/100
|turn|1
|inactive|Capravolante97 has 30 seconds left.
|
|t:|1756930651
|-terastallize|p1b: Sylveon|Fairy
|move|p1a: Electabuzz|Follow Me|p1a: Electabuzz
|-singleturn|p1a: Electabuzz|move: Follow Me
|move|p2a: Whimsicott|Tailwind|p2a: Whimsicott
|-sidestart|p2: Capravolante97|move: Tailwind
|move|p2b: Ursaluna|Earth Power|p1a: Electabuzz
|-supereffective|p1a: Electabuzz
|-damage|p1a: Electabuzz|0 fnt
|faint|p1a: Electabuzz
|-damage|p2b: Ursaluna|91/100|[from] item: Life Orb
|move|p1b: Sylveon|Hyper Voice|p2a: Whimsicott|[spread] p2a,p2b
|-damage|p2a: Whimsicott|16/100
|-damage|p2b: Ursaluna|0 fnt
|faint|p2b: Ursaluna
|-damage|p1b: Sylveon|91/100|[from] item: Life Orb
|
|upkeep
|
|t:|1756930674
|switch|p1a: Basculegion|Basculegion, L50, M|100/100
|switch|p2b: Corviknight|Corviknight, L50, M|100/100
|turn|2
|
|t:|1756930693
|move|p2a: Whimsicott|Moonblast|p1a: Basculegion
|-damage|p1a: Basculegion|72/100
|move|p2b: Corviknight|Bulk Up|p2b: Corviknight
|-boost|p2b: Corviknight|atk|1
|-boost|p2b: Corviknight|def|1
|move|p1a: Basculegion|Flip Turn|p2b: Corviknight
|-damage|p2b: Corviknight|76/100
|
|t:|1756930696
|switch|p1a: Rillaboom|Rillaboom, L50, F|100/100|[from] Flip Turn
|-fieldstart|move: Grassy Terrain|[from] ability: Grassy Surge|[of] p1a: Rillaboom
|move|p1b: Sylveon|Hyper Voice|p2a: Whimsicott|[spread] p2a,p2b
|-resisted|p2b: Corviknight
|-damage|p2a: Whimsicott|0 fnt
|-damage|p2b: Corviknight|50/100
|faint|p2a: Whimsicott
|-damage|p1b: Sylveon|81/100|[from] item: Life Orb
|
|-heal|p2b: Corviknight|56/100|[from] item: Leftovers
|-heal|p1b: Sylveon|87/100|[from] Grassy Terrain
|upkeep
|
|t:|1756930704
|switch|p2a: Sneasler|Sneasler, L50, F|100/100
|turn|3
|
|t:|1756930720
|move|p2a: Sneasler|Protect|p2a: Sneasler
|-singleturn|p2a: Sneasler|Protect
|move|p1a: Rillaboom|Fake Out|p2a: Sneasler
|-activate|p2a: Sneasler|move: Protect
|move|p2b: Corviknight|Roost|p2b: Corviknight
|-heal|p2b: Corviknight|100/100
|-singleturn|p2b: Corviknight|move: Roost
|move|p1b: Sylveon|Hyper Voice|p2b: Corviknight|[spread] p2b
|-activate|p2a: Sneasler|move: Protect
|-resisted|p2b: Corviknight
|-damage|p2b: Corviknight|71/100
|-damage|p1b: Sylveon|78/100|[from] item: Life Orb
|
|-heal|p2b: Corviknight|77/100|[from] Grassy Terrain
|-heal|p2b: Corviknight|83/100|[from] item: Leftovers
|-heal|p1b: Sylveon|83/100|[from] Grassy Terrain
|upkeep
|turn|4
|
|t:|1756930744
|move|p1b: Sylveon|Detect|p1b: Sylveon
|-singleturn|p1b: Sylveon|Protect
|move|p2a: Sneasler|Dire Claw|p1b: Sylveon
|-activate|p1b: Sylveon|move: Protect
|move|p2b: Corviknight|Brave Bird|p1a: Rillaboom
|-supereffective|p1a: Rillaboom
|-damage|p1a: Rillaboom|2/100
|-damage|p2b: Corviknight|50/100|[from] Recoil
|move|p1a: Rillaboom|U-turn|p2b: Corviknight
|-resisted|p2b: Corviknight
|-damage|p2b: Corviknight|47/100
|
|t:|1756930756
|switch|p1a: Basculegion|Basculegion, L50, M|72/100|[from] U-turn
|
|-heal|p2b: Corviknight|53/100|[from] item: Leftovers
|-heal|p1a: Basculegion|78/100|[from] Grassy Terrain
|-heal|p1b: Sylveon|89/100|[from] Grassy Terrain
|-sideend|p2: Capravolante97|move: Tailwind
|upkeep
|turn|5
|inactive|gunkqing has 30 seconds left.
|inactive|gunkqing has 20 seconds left.
|inactive|gunkqing has 15 seconds left.
|
|t:|1756930801
|-terastallize|p2a: Sneasler|Dark
|move|p1a: Basculegion|Wave Crash|p2a: Sneasler
|-damage|p2a: Sneasler|0 fnt
|faint|p2a: Sneasler
|-damage|p1a: Basculegion|52/100|[from] Recoil
|move|p2b: Corviknight|Roost|p2b: Corviknight
|-heal|p2b: Corviknight|100/100
|-singleturn|p2b: Corviknight|move: Roost
|move|p1b: Sylveon|Hyper Voice|p2b: Corviknight
|-resisted|p2b: Corviknight
|-damage|p2b: Corviknight|64/100
|-damage|p1b: Sylveon|80/100|[from] item: Life Orb
|
|-heal|p1a: Basculegion|58/100|[from] Grassy Terrain
|-heal|p2b: Corviknight|70/100|[from] Grassy Terrain
|-heal|p2b: Corviknight|76/100|[from] item: Leftovers
|-heal|p1b: Sylveon|86/100|[from] Grassy Terrain
|upkeep
|turn|6
|inactive|Capravolante97 has 30 seconds left.
|inactive|Capravolante97 has 20 seconds left.
|inactive|gunkqing has 30 seconds left.
|inactive|Capravolante97 has 15 seconds left.
|inactive|Capravolante97 has 10 seconds left.
|inactive|Capravolante97 has 5 seconds left.
|
|t:|1756930853
|move|p1a: Basculegion|Wave Crash|p2b: Corviknight
|-damage|p2b: Corviknight|29/100
|-damage|p1a: Basculegion|42/100|[from] Recoil
|move|p2b: Corviknight|Bulk Up|p2b: Corviknight
|-boost|p2b: Corviknight|atk|1
|-boost|p2b: Corviknight|def|1
|move|p1b: Sylveon|Hyper Voice|p2b: Corviknight
|-resisted|p2b: Corviknight
|-crit|p2b: Corviknight
|-damage|p2b: Corviknight|0 fnt
|faint|p2b: Corviknight
|-damage|p1b: Sylveon|76/100|[from] item: Life Orb
|
|win|gunkqing
|c|☆gunkqing|ggs
|c|☆Capravolante97|ggs
