|j|☆whymustwe
|j|☆Azraelyne
|html|whymustweAzraelyne    
|uhtml|bestof|Game 3 of a best-of-3
|t:|1784928485
|gametype|doubles
|player|p1|whymustwe|skyla|1004
|player|p2|Azraelyne|266|1000
|gen|9
|tier|[Gen 9 Champions] VGC 2026 Reg M-B (Bo3)
|rated|
|rule|Species Clause: Limit one of each Pokémon
|rule|Item Clause: Limit 1 of each item
|clearpoke
|poke|p1|Hawlucha, L50, F, shiny|
|poke|p1|Snorlax, L50, F, shiny|
|poke|p1|Kingambit, L50, F, shiny|
|poke|p1|Gengar, L50, F, shiny|
|poke|p1|Gyarados, L50, F, shiny|
|poke|p1|Mr. Rime, L50, F, shiny|
|poke|p2|Alakazam, L50, M|
|poke|p2|Farigiraf, L50, F|
|poke|p2|Sneasler, L50, F|
|poke|p2|Aggron, L50, F|
|poke|p2|Incineroar, L50, F|
|poke|p2|Mamoswine, L50, F|
|teampreview|4
|showteam|p1|Hawlucha||Hawluchanite|MoldBreaker|Entrainment,CloseCombat,Detect,Uturn|Relaxed||F|||50|]Snorlax||Leftovers|ThickFat|Fissure,Protect,BodySlam,GunkShot|Careful||F|||50|]Kingambit||ChopleBerry|Defiant|SuckerPunch,Guillotine,Protect,IronHead|Adamant||F|||50|]Gengar||Gengarite|CursedBody|Protect,SludgeWave,PerishSong,ShadowBall|Timid||F|||50|]Gyarados||SitrusBerry|Intimidate|Waterfall,Bounce,Protect,DragonTail|Impish||F|||50|]Mr. Rime||ChartiBerry|IceBody|TrickRoom,SheerCold,DazzlingGleam,FreezeDry|Quiet||F|||50|
|showteam|p2|Alakazam||Alakazite|InnerFocus|ExpandingForce,Protect,DazzlingGleam,ShadowBall|Modest||M|||50|]Farigiraf||SitrusBerry|ArmorTail|PsychicTerrain,TrickRoom,ExpandingForce,LowKick|Relaxed||F|||50|]Sneasler||FocusSash|Unburden|FakeOut,QuickGuard,DireClaw,CloseCombat|Adamant||F|||50|]Aggron||Aggronite|Sturdy|IronDefense,BodyPress,HeavySlam,Protect|Relaxed||F|||50|]Incineroar||PasshoBerry|Intimidate|FakeOut,PartingShot,WillOWisp,DarkestLariat|Impish||F|||50|]Mamoswine||ChoiceScarf|Oblivious|IcicleSpear,HighHorsepower,RockSlide,IronHead|Jolly||F|||50|
|inactive|Battle timer is ON: inactive players will automatically lose when time's up. (requested by whymustwe)
|inactive|whymustwe has 60 seconds left.
|
|t:|1784928523
|teamsize|p1|4
|teamsize|p2|4
|start
|switch|p1a: Mr. Rime|Mr. Rime, L50, F, shiny|100/100
|switch|p1b: Hawlucha|Hawlucha, L50, F, shiny|100/100
|switch|p2a: Incineroar|Incineroar, L50, F|100/100
|switch|p2b: Farigiraf|Farigiraf, L50, F|100/100
|-ability|p1b: Hawlucha|Mold Breaker
|-ability|p2a: Incineroar|Intimidate|boost
|-unboost|p1a: Mr. Rime|atk|1
|-unboost|p1b: Hawlucha|atk|1
|turn|1
|
|t:|1784928542
|detailschange|p1b: Hawlucha|Hawlucha-Mega, L50, F, shiny
|-mega|p1b: Hawlucha|Hawlucha|Hawluchanite
|move|p1b: Hawlucha|Detect|p1b: Hawlucha
|-singleturn|p1b: Hawlucha|Protect
|move|p2a: Incineroar|Fake Out|p1b: Hawlucha
|-activate|p1b: Hawlucha|move: Protect
|move|p1a: Mr. Rime|Trick Room|p1a: Mr. Rime
|-fieldstart|move: Trick Room|[of] p1a: Mr. Rime
|move|p2b: Farigiraf|Trick Room|p2b: Farigiraf
|-fieldend|move: Trick Room
|
|upkeep
|turn|2
|
|t:|1784928565
|move|p1b: Hawlucha|Entrainment|p1a: Mr. Rime
|-ability|p1a: Mr. Rime|No Guard|Ice Body|[from] move: Entrainment|[of] p1b: Hawlucha
|move|p1a: Mr. Rime|Sheer Cold|p2b: Farigiraf
|-damage|p2b: Farigiraf|0 fnt
|faint|p2b: Farigiraf
|-ohko
|move|p2a: Incineroar|Parting Shot|p1b: Hawlucha
|-unboost|p1b: Hawlucha|atk|1
|-unboost|p1b: Hawlucha|spa|1
|
|t:|1784928577
|switch|p2a: Mamoswine|Mamoswine, L50, F|100/100|[from] Parting Shot
|
|upkeep
|
|t:|1784928582
|switch|p2b: Incineroar|Incineroar, L50, F|100/100
|-ability|p2b: Incineroar|Intimidate|boost
|-unboost|p1a: Mr. Rime|atk|1
|-unboost|p1b: Hawlucha|atk|1
|turn|3
|
|t:|1784928599
|switch|p1b: Kingambit|Kingambit, L50, F, shiny|100/100
|move|p2b: Incineroar|Fake Out|p1a: Mr. Rime
|-damage|p1a: Mr. Rime|87/100
|move|p2a: Mamoswine|Iron Head|p1a: Mr. Rime
|-supereffective|p1a: Mr. Rime|1
|-damage|p1a: Mr. Rime|22/100
|cant|p1a: Mr. Rime|flinch
|
|upkeep
|turn|4
|
|t:|1784928614
|move|p2a: Mamoswine|Iron Head|p1a: Mr. Rime
|-supereffective|p1a: Mr. Rime|1
|-damage|p1a: Mr. Rime|0 fnt
|faint|p1a: Mr. Rime
|move|p2b: Incineroar|Will-O-Wisp|p1b: Kingambit|[miss]
|-miss|p2b: Incineroar|p1b: Kingambit
|move|p1b: Kingambit|Iron Head|p2a: Mamoswine
|-supereffective|p2a: Mamoswine|1
|-damage|p2a: Mamoswine|0 fnt
|faint|p2a: Mamoswine
|
|upkeep
|
|t:|1784928626
|switch|p2a: Aggron|Aggron, L50, F|100/100
|switch|p1a: Hawlucha|Hawlucha-Mega, L50, F, shiny|100/100
|turn|5
|
|t:|1784928640
|detailschange|p2a: Aggron|Aggron-Mega, L50, F
|-mega|p2a: Aggron|Aggron|Aggronite
|move|p1a: Hawlucha|Entrainment|p1b: Kingambit
|-ability|p1b: Kingambit|No Guard|Defiant|[from] move: Entrainment|[of] p1a: Hawlucha
|move|p2b: Incineroar|Will-O-Wisp|p1a: Hawlucha
|-status|p1a: Hawlucha|brn
|move|p1b: Kingambit|Guillotine|p2a: Aggron
|-damage|p2a: Aggron|0 fnt
|faint|p2a: Aggron
|-ohko
|
|-damage|p1a: Hawlucha|94/100 brn|[from] brn
|upkeep
|turn|6
|
|t:|1784928657
|move|p1a: Hawlucha|Close Combat|p2b: Incineroar
|-supereffective|p2b: Incineroar|1
|-damage|p2b: Incineroar|60/100
|-unboost|p1a: Hawlucha|def|1
|-unboost|p1a: Hawlucha|spd|1
|move|p2b: Incineroar|Will-O-Wisp|p1b: Kingambit
|-status|p1b: Kingambit|brn
|move|p1b: Kingambit|Guillotine|p2b: Incineroar
|-damage|p2b: Incineroar|0 fnt
|faint|p2b: Incineroar
|-ohko
|
|win|whymustwe
|raw|whymustwe's rating: 1004 → 1043(+39 for winning)
|raw|Azraelyne's rating: 1000 → 1000(+0 for losing)
|l|☆Azraelyne
|player|p2|
