|j|☆olive19907
|j|☆lancerh
|html|olive19907lancerh    
|uhtml|bestof|Game 1 of a best-of-3
|t:|1757724521
|gametype|doubles
|player|p1|olive19907|102|1000
|player|p2|lancerh|169|1185
|gen|9
|tier|[Gen 9] VGC 2025 Reg H (Bo3)
|rated|
|rule|Species Clause: Limit one of each Pokémon
|rule|Item Clause: Limit 1 of each item
|clearpoke
|poke|p1|Talonflame, L50, F|
|poke|p1|Sylveon, L50, M|
|poke|p1|Amoonguss, L50, F|
|poke|p1|Klefki, L50, M|
|poke|p1|Gastrodon-East, L50, F|
|poke|p1|Garchomp, L50, F|
|poke|p2|Indeedee, L50, M|
|poke|p2|Torkoal, L50, M|
|poke|p2|Ursaluna-Bloodmoon, L50, M|
|poke|p2|Talonflame, L50, M|
|poke|p2|Armarouge, L50, F|
|poke|p2|Sneasler, L50, F|
|teampreview|4
|showteam|p1|Talonflame||CovertCloak|GaleWings|Fly,Taunt,Feint,Tailwind|||F|||50|,,,,,Ghost]Sylveon||ThroatSpray|Pixilate|HyperVoice,TeraBlast,QuickAttack,Protect|||M|||50|,,,,,Fire]Amoonguss||WikiBerry|Regenerator|PollenPuff,Spore,RagePowder,Protect|||F|||50|,,,,,Water]Klefki||LightClay|Prankster|FoulPlay,TrickRoom,LightScreen,Reflect|||M|||50|,,,,,Dark]Gastrodon-East||Leftovers|StormDrain|EarthPower,IceBeam,Snowscape,Protect|||F|||50|,,,,,Fire]Garchomp||ClearAmulet|RoughSkin|Earthquake,RockSlide,SwordsDance,Protect|||F|||50|,,,,,Steel
|showteam|p2|Indeedee||FocusSash|PsychicSurge|TrickRoom,ExpandingForce,TeraBlast,Protect|||M|||50|,,,,,Fighting]Torkoal||ChoiceSpecs|Drought|Eruption,HeatWave,ClearSmog,WeatherBall|||M|||50|,,,,,Fire]Ursaluna-Bloodmoon||AssaultVest|MindsEye|BloodMoon,HyperVoice,VacuumWave,EarthPower|||M|||50|,,,,,Ghost]Talonflame||CovertCloak|GaleWings|WillOWisp,DualWingbeat,FlareBlitz,Tailwind|||M|||50|,,,,,Fairy]Armarouge||PowerHerb|FlashFire|ExpandingForce,HeatWave,MeteorBeam,Protect|||F|||50|,,,,,Grass]Sneasler||PsychicSeed|Unburden|DireClaw,CloseCombat,ThroatChop,Protect|||F|||50|,,,,,Dark
|
|t:|1757724555
|teamsize|p1|4
|teamsize|p2|4
|start
|switch|p1a: Klefki|Klefki, L50, M|100/100
|switch|p1b: Gastrodon|Gastrodon-East, L50, F|100/100
|switch|p2a: Talonflame|Talonflame, L50, M|100/100
|switch|p2b: Ursaluna|Ursaluna-Bloodmoon, L50, M|100/100
|turn|1
|
|t:|1757724599
|switch|p1b: Sylveon|Sylveon, L50, M|100/100
|move|p1a: Klefki|Light Screen|p1a: Klefki
|-sidestart|p1: olive19907|move: Light Screen
|move|p2a: Talonflame|Flare Blitz|p1a: Klefki
|-supereffective|p1a: Klefki
|-damage|p1a: Klefki|15/100
|-damage|p2a: Talonflame|79/100|[from] Recoil
|move|p2b: Ursaluna|Blood Moon|p1b: Sylveon
|-damage|p1b: Sylveon|54/100
|
|upkeep
|turn|2
|inactive|Battle timer is ON: inactive players will automatically lose when time's up. (requested by olive19907)
|
|t:|1757724638
|move|p1a: Klefki|Reflect|p1a: Klefki
|-sidestart|p1: olive19907|Reflect
|move|p2a: Talonflame|Flare Blitz|p1a: Klefki
|-supereffective|p1a: Klefki
|-damage|p1a: Klefki|0 fnt
|faint|p1a: Klefki
|-damage|p2a: Talonflame|75/100|[from] Recoil
|move|p2b: Ursaluna|Hyper Voice|p1b: Sylveon
|-damage|p1b: Sylveon|27/100
|move|p1b: Sylveon|Hyper Voice|p2a: Talonflame|[spread] p2a,p2b
|-resisted|p2a: Talonflame
|-damage|p2a: Talonflame|52/100
|-damage|p2b: Ursaluna|67/100
|-enditem|p1b: Sylveon|Throat Spray
|-boost|p1b: Sylveon|spa|1|[from] item: Throat Spray
|
|upkeep
|
|t:|1757724653
|switch|p1a: Garchomp|Garchomp, L50, F|100/100
|turn|3
|
|t:|1757724665
|move|p1b: Sylveon|Protect|p1b: Sylveon
|-singleturn|p1b: Sylveon|Protect
|move|p2a: Talonflame|Will-O-Wisp|p1a: Garchomp
|-status|p1a: Garchomp|brn
|move|p1a: Garchomp|Rock Slide|p2b: Ursaluna|[spread] p2b
|-miss|p1a: Garchomp|p2a: Talonflame
|-resisted|p2b: Ursaluna
|-damage|p2b: Ursaluna|63/100
|move|p2b: Ursaluna|Blood Moon|p1b: Sylveon
|-activate|p1b: Sylveon|move: Protect
|
|-damage|p1a: Garchomp|94/100 brn|[from] brn
|upkeep
|turn|4
|inactive|olive19907 has 30 seconds left.
|
|t:|1757724694
|move|p2a: Talonflame|Dual Wingbeat|p1b: Sylveon
|-damage|p1b: Sylveon|17/100
|-damage|p1b: Sylveon|9/100
|-hitcount|p1b: Sylveon|2
|move|p1a: Garchomp|Swords Dance|p1a: Garchomp
|-boost|p1a: Garchomp|atk|2
|move|p2b: Ursaluna|Hyper Voice|p1b: Sylveon|[spread] p1a,p1b
|-damage|p1a: Garchomp|63/100 brn
|-damage|p1b: Sylveon|0 fnt
|faint|p1b: Sylveon
|
|-damage|p1a: Garchomp|57/100 brn|[from] brn
|upkeep
|
|t:|1757724705
|switch|p1b: Gastrodon|Gastrodon-East, L50, F|100/100
|turn|5
|
|t:|1757724711
|move|p2a: Talonflame|Tailwind|p2a: Talonflame
|-sidestart|p2: lancerh|move: Tailwind
|move|p2b: Ursaluna|Blood Moon|p1a: Garchomp
|-damage|p1a: Garchomp|0 fnt
|faint|p1a: Garchomp
|move|p1b: Gastrodon|Ice Beam|p2b: Ursaluna
|-supereffective|p2b: Ursaluna
|-damage|p2b: Ursaluna|30/100
|
|upkeep
|turn|6
|-message|olive19907 forfeited.
|
|win|lancerh
|l|☆olive19907
|player|p1|
