|j|☆I am the Sweeper
|j|☆pinkey569
|html|I am the Sweeperpinkey569    
|uhtml|bestof|Game 3 of a best-of-3
|t:|1756755372
|gametype|doubles
|player|p1|I am the Sweeper|janitor|
|player|p2|pinkey569|170|
|gen|9
|tier|[Gen 9] VGC 2025 Reg H (Bo3)
|rule|Species Clause: Limit one of each Pokémon
|rule|Item Clause: Limit 1 of each item
|clearpoke
|poke|p1|Maushold, L50|
|poke|p1|Annihilape, L50, F|
|poke|p1|Grimmsnarl, L50, M|
|poke|p1|Gholdengo, L50|
|poke|p1|Dragonite, L50, M|
|poke|p1|Garchomp, L50, F|
|poke|p2|Tyranitar, L50, F|
|poke|p2|Corviknight, L50, F|
|poke|p2|Excadrill, L50, M|
|poke|p2|Volcarona, L50, M|
|poke|p2|Kilowattrel, L50, M|
|poke|p2|Indeedee, L50, M|
|teampreview|4
|showteam|p1|Maushold||WideLens|FriendGuard|PopulationBomb,BeatUp,Protect,FollowMe||||||50|,,,,,Ghost]Annihilape||SafetyGoggles|Defiant|RageFist,DrainPunch,Protect,BulkUp|||F|||50|,,,,,Fire]Grimmsnarl||LightClay|Prankster|ThunderWave,LightScreen,SpiritBreak,Reflect|||M|||50|,,,,,Ghost]Gholdengo||Leftovers|GoodasGold|MakeItRain,ShadowBall,Protect,NastyPlot||||||50|,,,,,Water]Dragonite||LoadedDice|Multiscale|ScaleShot,Tailwind,Protect,Haze|||M|||50|,,,,,Fairy]Garchomp||LifeOrb|RoughSkin|StompingTantrum,Earthquake,Protect,DragonClaw|||F|||50|,,,,,Ground
|showteam|p2|Tyranitar||AssaultVest|SandStream|RockSlide,KnockOff,TeraBlast,LowKick|||F|||50|,,,,,Flying]Corviknight||Leftovers|MirrorArmor|Tailwind,Roost,BraveBird,IronHead|||F|||50|,,,,,Fire]Excadrill||LifeOrb|SandRush|Protect,Earthquake,IronHead,TeraBlast|||M|||50|,,,,,Fairy]Volcarona||SitrusBerry|FlameBody|Tailwind,RagePowder,Overheat,StruggleBug|||M|||50|,,,,,Grass]Kilowattrel||ChoiceSpecs|Competitive|Thunderbolt,Discharge,AirSlash,WeatherBall|||M|||50|,,,,,Ghost]Indeedee||FocusSash|PsychicSurge|TrickRoom,Imprison,ExpandingForce,TeraBlast|||M|||50|,,,,,Fighting
|
|t:|1756755476
|teamsize|p1|4
|teamsize|p2|4
|start
|switch|p1a: Dragonite|Dragonite, L50, M|100/100
|switch|p1b: Maushold|Maushold, L50|100/100
|switch|p2a: Volcarona|Volcarona, L50, M|100/100
|switch|p2b: Corviknight|Corviknight, L50, F|100/100
|turn|1
|
|t:|1756755509
|move|p1b: Maushold|Protect|p1b: Maushold
|-singleturn|p1b: Maushold|Protect
|move|p2a: Volcarona|Rage Powder|p2a: Volcarona
|-singleturn|p2a: Volcarona|move: Rage Powder
|move|p1a: Dragonite|Tailwind|p1a: Dragonite
|-sidestart|p1: I am the Sweeper|move: Tailwind
|move|p2b: Corviknight|Tailwind|p2b: Corviknight
|-sidestart|p2: pinkey569|move: Tailwind
|
|upkeep
|turn|2
|
|t:|1756755581
|switch|p1b: Garchomp|Garchomp, L50, F|100/100
|move|p2a: Volcarona|Rage Powder|p2a: Volcarona
|-singleturn|p2a: Volcarona|move: Rage Powder
|move|p1a: Dragonite|Scale Shot|p2a: Volcarona
|-crit|p2a: Volcarona
|-damage|p2a: Volcarona|75/100
|-damage|p2a: Volcarona|57/100
|-damage|p2a: Volcarona|38/100
|-enditem|p2a: Volcarona|Sitrus Berry|[eat]
|-heal|p2a: Volcarona|63/100|[from] item: Sitrus Berry
|-damage|p2a: Volcarona|47/100
|-hitcount|p2a: Volcarona|4
|-unboost|p1a: Dragonite|def|1
|-boost|p1a: Dragonite|spe|1
|move|p2b: Corviknight|Iron Head|p1b: Garchomp
|-damage|p1b: Garchomp|70/100
|-damage|p2b: Corviknight|88/100|[from] ability: Rough Skin|[of] p1b: Garchomp
|
|-heal|p2b: Corviknight|94/100|[from] item: Leftovers
|upkeep
|turn|3
|
|t:|1756755626
|move|p1a: Dragonite|Scale Shot|p2a: Volcarona
|-damage|p2a: Volcarona|31/100
|-damage|p2a: Volcarona|15/100
|-damage|p2a: Volcarona|0 fnt
|faint|p2a: Volcarona
|-hitcount|p2: Volcarona|3
|-unboost|p1a: Dragonite|def|1
|-boost|p1a: Dragonite|spe|1
|move|p1b: Garchomp|Dragon Claw|p2b: Corviknight
|-resisted|p2b: Corviknight
|-damage|p2b: Corviknight|73/100
|-damage|p1b: Garchomp|61/100|[from] item: Life Orb
|move|p2b: Corviknight|Iron Head|p1a: Dragonite
|-damage|p1a: Dragonite|70/100
|
|-heal|p2b: Corviknight|79/100|[from] item: Leftovers
|upkeep
|
|t:|1756755643
|switch|p2a: Excadrill|Excadrill, L50, M|100/100
|turn|4
|
|t:|1756755705
|-terastallize|p1b: Garchomp|Ground
|move|p2a: Excadrill|Protect|p2a: Excadrill
|-singleturn|p2a: Excadrill|Protect
|move|p1a: Dragonite|Scale Shot|p2b: Corviknight
|-resisted|p2b: Corviknight
|-damage|p2b: Corviknight|72/100
|-resisted|p2b: Corviknight
|-damage|p2b: Corviknight|66/100
|-resisted|p2b: Corviknight
|-damage|p2b: Corviknight|60/100
|-resisted|p2b: Corviknight
|-damage|p2b: Corviknight|55/100
|-hitcount|p2b: Corviknight|4
|-unboost|p1a: Dragonite|def|1
|-boost|p1a: Dragonite|spe|1
|move|p1b: Garchomp|Earthquake|p2a: Excadrill|[spread] 
|-activate|p2a: Excadrill|move: Protect
|-immune|p1a: Dragonite
|-immune|p2b: Corviknight
|move|p2b: Corviknight|Brave Bird|p1a: Dragonite
|-damage|p1a: Dragonite|0 fnt
|faint|p1a: Dragonite
|-damage|p2b: Corviknight|36/100|[from] Recoil
|
|-heal|p2b: Corviknight|42/100|[from] item: Leftovers
|-sideend|p2: pinkey569|move: Tailwind
|-sideend|p1: I am the Sweeper|move: Tailwind
|upkeep
|
|t:|1756755734
|switch|p1a: Maushold|Maushold, L50|100/100
|turn|5
|
|t:|1756755794
|switch|p2a: Tyranitar|Tyranitar, L50, F|100/100
|-weather|Sandstorm|[from] ability: Sand Stream|[of] p2a: Tyranitar
|move|p1a: Maushold|Population Bomb|p2a: Tyranitar
|-resisted|p2a: Tyranitar
|-damage|p2a: Tyranitar|97/100
|-resisted|p2a: Tyranitar
|-damage|p2a: Tyranitar|94/100
|-resisted|p2a: Tyranitar
|-damage|p2a: Tyranitar|91/100
|-resisted|p2a: Tyranitar
|-damage|p2a: Tyranitar|88/100
|-resisted|p2a: Tyranitar
|-damage|p2a: Tyranitar|85/100
|-resisted|p2a: Tyranitar
|-damage|p2a: Tyranitar|82/100
|-resisted|p2a: Tyranitar
|-damage|p2a: Tyranitar|79/100
|-resisted|p2a: Tyranitar
|-damage|p2a: Tyranitar|76/100
|-resisted|p2a: Tyranitar
|-damage|p2a: Tyranitar|73/100
|-resisted|p2a: Tyranitar
|-damage|p2a: Tyranitar|70/100
|-hitcount|p2a: Tyranitar|10
|move|p1b: Garchomp|Stomping Tantrum|p2a: Tyranitar
|-supereffective|p2a: Tyranitar
|-damage|p2a: Tyranitar|0 fnt
|faint|p2a: Tyranitar
|-damage|p1b: Garchomp|51/100|[from] item: Life Orb
|move|p2b: Corviknight|Tailwind|p2b: Corviknight
|-sidestart|p2: pinkey569|move: Tailwind
|
|-weather|Sandstorm|[upkeep]
|-damage|p1a: Maushold|94/100|[from] Sandstorm
|-heal|p2b: Corviknight|48/100|[from] item: Leftovers
|upkeep
|
|t:|1756755820
|switch|p2a: Excadrill|Excadrill, L50, M|100/100
|turn|6
|
|t:|1756755836
|move|p1b: Garchomp|Protect|p1b: Garchomp
|-singleturn|p1b: Garchomp|Protect
|move|p2a: Excadrill|Earthquake|p1a: Maushold|[spread] p1a
|-activate|p1b: Garchomp|move: Protect
|-immune|p2b: Corviknight
|-damage|p1a: Maushold|6/100
|-damage|p2a: Excadrill|91/100|[from] item: Life Orb
|move|p2b: Corviknight|Iron Head|p1a: Maushold
|-damage|p1a: Maushold|0 fnt
|faint|p1a: Maushold
|
|-weather|Sandstorm|[upkeep]
|-heal|p2b: Corviknight|54/100|[from] item: Leftovers
|upkeep
|
|t:|1756755850
|switch|p1a: Annihilape|Annihilape, L50, F|100/100
|turn|7
|
|t:|1756755880
|move|p1b: Garchomp|Protect|p1b: Garchomp
|-singleturn|p1b: Garchomp|Protect
|move|p2a: Excadrill|Earthquake|p1a: Annihilape|[spread] p1a
|-activate|p1b: Garchomp|move: Protect
|-immune|p2b: Corviknight
|-damage|p1a: Annihilape|45/100
|-damage|p2a: Excadrill|81/100|[from] item: Life Orb
|move|p2b: Corviknight|Brave Bird|p1a: Annihilape
|-supereffective|p1a: Annihilape
|-damage|p1a: Annihilape|0 fnt
|faint|p1a: Annihilape
|-damage|p2b: Corviknight|38/100|[from] Recoil
|
|-weather|Sandstorm|[upkeep]
|-heal|p2b: Corviknight|44/100|[from] item: Leftovers
|upkeep
|turn|8
|
|t:|1756755895
|move|p2a: Excadrill|Earthquake|p1b: Garchomp|[spread] p1b
|-immune|p2b: Corviknight
|-damage|p1b: Garchomp|0 fnt
|faint|p1b: Garchomp
|-damage|p2a: Excadrill|71/100|[from] item: Life Orb
|
|win|pinkey569
