|j|☆IamaTire
|j|☆That1Morpecko
|html|IamaTireThat1Morpecko    
|uhtml|bestof|Game 3 of a best-of-3
|t:|1782513589
|gametype|doubles
|player|p1|IamaTire|1|1090
|player|p2|That1Morpecko|hiker-gen4|1104
|gen|9
|tier|[Gen 9 Champions] VGC 2026 Reg M-B (Bo3)
|rated|
|rule|Species Clause: Limit one of each Pokémon
|rule|Item Clause: Limit 1 of each item
|clearpoke
|poke|p1|Raichu, L50, M|
|poke|p1|Pelipper, L50, M|
|poke|p1|Charizard, L50, M|
|poke|p1|Corviknight, L50, F|
|poke|p1|Garchomp, L50, F|
|poke|p1|Scrafty, L50, F|
|poke|p2|Archaludon, L50, F|
|poke|p2|Pelipper, L50, F|
|poke|p2|Grimmsnarl, L50, M|
|poke|p2|Metagross, L50|
|poke|p2|Sinistcha, L50|
|poke|p2|Swampert, L50, F|
|teampreview|4
|showteam|p1|Raichu||RaichuniteY|LightningRod|ZapCannon,FocusBlast,Encore,RainDance|Timid||M|||50|]Pelipper||SitrusBerry|Drizzle|Hurricane,WideGuard,WeatherBall,Protect|Bold||M|||50|]Charizard||CharizarditeY|SolarPower|HeatWave,SolarBeam,WeatherBall,Protect|Timid||M|||50|]Corviknight||Leftovers|MirrorArmor|IronDefense,BodyPress,BraveBird,Roost|Careful||F|||50|]Garchomp||ChoiceScarf|RoughSkin|Earthquake,DragonClaw,RockSlide,IronHead|Adamant||F|||50|]Scrafty||RoseliBerry|Intimidate|DrainPunch,KnockOff,Detect,FakeOut|Careful||F|||50|
|showteam|p2|Archaludon||Leftovers|Stamina|Protect,ElectroShot,FlashCannon,DragonPulse|Modest||F|||50|]Pelipper||SitrusBerry|Drizzle|WideGuard,Tailwind,WeatherBall,Hurricane|Modest||F|||50|]Grimmsnarl||LightClay|Prankster|FoulPlay,PartingShot,LightScreen,Reflect|Calm||M|||50|]Metagross||Metagrossite|ClearBody|IronHead,Protect,BodyPress,PsychicFangs|Jolly|||||50|]Sinistcha||CobaBerry|Hospitality|Protect,TrickRoom,MatchaGotcha,RagePowder|Relaxed|||||50|]Swampert||Swampertite|Damp|Protect,IcePunch,WaveCrash,Earthquake|Adamant||F|||50|
|inactive|Battle timer is ON: inactive players will automatically lose when time's up. (requested by That1Morpecko)
|inactive|IamaTire has 60 seconds left.
|
|t:|1782513642
|teamsize|p1|4
|teamsize|p2|4
|start
|switch|p1a: Scrafty|Scrafty, L50, F|100/100
|switch|p1b: Pelipper|Pelipper, L50, M|100/100
|switch|p2a: Swampert|Swampert, L50, F|100/100
|switch|p2b: Grimmsnarl|Grimmsnarl, L50, M|100/100
|-weather|RainDance|[from] ability: Drizzle|[of] p1b: Pelipper
|-ability|p1a: Scrafty|Intimidate|boost
|-unboost|p2a: Swampert|atk|1
|-unboost|p2b: Grimmsnarl|atk|1
|turn|1
|inactive|IamaTire has 30 seconds left.
|inactive|That1Morpecko has 30 seconds left.
|
|t:|1782513669
|detailschange|p2a: Swampert|Swampert-Mega, L50, F
|-mega|p2a: Swampert|Swampert|Swampertite
|move|p1a: Scrafty|Fake Out|p2b: Grimmsnarl
|-damage|p2b: Grimmsnarl|90/100
|cant|p2b: Grimmsnarl|flinch
|move|p2a: Swampert|Wave Crash|p1a: Scrafty
|-damage|p1a: Scrafty|31/100
|-damage|p2a: Swampert|79/100|[from] Recoil
|move|p1b: Pelipper|Weather Ball|p2a: Swampert
|-damage|p2a: Swampert|32/100
|
|-weather|RainDance|[upkeep]
|upkeep
|turn|2
|inactive|IamaTire has 30 seconds left.
|
|t:|1782513701
|switch|p2a: Pelipper|Pelipper, L50, F|100/100
|move|p1a: Scrafty|Detect|p1a: Scrafty
|-singleturn|p1a: Scrafty|Protect
|move|p2b: Grimmsnarl|Parting Shot|p1b: Pelipper
|-unboost|p1b: Pelipper|atk|1
|-unboost|p1b: Pelipper|spa|1
|
|t:|1782513714
|switch|p2b: Archaludon|Archaludon, L50, F|100/100|[from] Parting Shot
|move|p1b: Pelipper|Weather Ball|p2a: Pelipper
|-resisted|p2a: Pelipper|1
|-damage|p2a: Pelipper|79/100
|
|-weather|RainDance|[upkeep]
|upkeep
|turn|3
|
|t:|1782513727
|switch|p1b: Raichu|Raichu, L50, M|100/100
|move|p2b: Archaludon|Electro Shot||[still]
|-prepare|p2b: Archaludon|Electro Shot
|-boost|p2b: Archaludon|spa|1
|-anim|p2b: Archaludon|Electro Shot|p1b: Raichu
|-ability|p1b: Raichu|Lightning Rod|boost
|-boost|p1b: Raichu|spa|1
|move|p2a: Pelipper|Weather Ball|p1a: Scrafty
|-damage|p1a: Scrafty|0 fnt
|faint|p1a: Scrafty
|
|-weather|RainDance|[upkeep]
|upkeep
|
|t:|1782513746
|switch|p1a: Corviknight|Corviknight, L50, F|100/100
|turn|4
|
|t:|1782513766
|switch|p2a: Grimmsnarl|Grimmsnarl, L50, M|90/100
|move|p1b: Raichu|Zap Cannon|p2a: Grimmsnarl|[miss]
|-miss|p1b: Raichu|p2a: Grimmsnarl
|move|p2b: Archaludon|Electro Shot||[still]
|-activate|p1b: Raichu|ability: Lightning Rod
|-prepare|p2b: Archaludon|Electro Shot
|-boost|p2b: Archaludon|spa|1
|-anim|p2b: Archaludon|Electro Shot|p1b: Raichu
|-ability|p1b: Raichu|Lightning Rod|boost
|-boost|p1b: Raichu|spa|1
|move|p1a: Corviknight|Iron Defense|p1a: Corviknight
|-boost|p1a: Corviknight|def|2
|
|-weather|RainDance|[upkeep]
|upkeep
|turn|5
|
|t:|1782513786
|move|p2a: Grimmsnarl|Parting Shot|p1b: Raichu
|-unboost|p1b: Raichu|atk|1
|-unboost|p1b: Raichu|spa|1
|
|t:|1782513792
|switch|p2a: Pelipper|Pelipper, L50, F|79/100|[from] Parting Shot
|move|p1b: Raichu|Encore|p2b: Archaludon
|-start|p2b: Archaludon|Encore
|move|p2b: Archaludon|Electro Shot||[still]
|-activate|p1b: Raichu|ability: Lightning Rod
|-prepare|p2b: Archaludon|Electro Shot
|-boost|p2b: Archaludon|spa|1
|-anim|p2b: Archaludon|Electro Shot|p1b: Raichu
|-ability|p1b: Raichu|Lightning Rod|boost
|-boost|p1b: Raichu|spa|1
|move|p1a: Corviknight|Body Press|p2b: Archaludon
|-supereffective|p2b: Archaludon|1
|-damage|p2b: Archaludon|35/100
|-ability|p2b: Archaludon|Stamina|boost
|-boost|p2b: Archaludon|def|1
|
|-weather|none
|-heal|p2b: Archaludon|41/100|[from] item: Leftovers
|upkeep
|turn|6
|inactive|IamaTire has 30 seconds left.
|
|t:|1782513821
|switch|p2a: Grimmsnarl|Grimmsnarl, L50, M|90/100
|move|p1b: Raichu|Zap Cannon|p2a: Grimmsnarl|[miss]
|-miss|p1b: Raichu|p2a: Grimmsnarl
|move|p2b: Archaludon|Electro Shot||[still]
|-prepare|p2b: Archaludon|Electro Shot
|-boost|p2b: Archaludon|spa|1
|move|p1a: Corviknight|Iron Defense|p1a: Corviknight
|-boost|p1a: Corviknight|def|2
|
|-heal|p2b: Archaludon|47/100|[from] item: Leftovers
|upkeep
|turn|7
|inactive|IamaTire has 30 seconds left.
|inactive|IamaTire has 20 seconds left.
|
|t:|1782513856
|move|p2a: Grimmsnarl|Parting Shot|p1b: Raichu
|-unboost|p1b: Raichu|atk|1
|-unboost|p1b: Raichu|spa|1
|
|t:|1782513859
|switch|p2a: Pelipper|Pelipper, L50, F|79/100|[from] Parting Shot
|-weather|RainDance|[from] ability: Drizzle|[of] p2a: Pelipper
|move|p1b: Raichu|Zap Cannon|p2a: Pelipper|[miss]
|-miss|p1b: Raichu|p2a: Pelipper
|move|p2b: Archaludon|Electro Shot|p1b: Raichu|[from] lockedmove
|-activate|p1b: Raichu|ability: Lightning Rod
|-ability|p1b: Raichu|Lightning Rod|boost
|-boost|p1b: Raichu|spa|1
|move|p1a: Corviknight|Body Press|p2b: Archaludon
|-supereffective|p2b: Archaludon|1
|-damage|p2b: Archaludon|0 fnt
|faint|p2b: Archaludon
|
|-weather|RainDance|[upkeep]
|upkeep
|
|t:|1782513863
|switch|p2b: Swampert|Swampert-Mega, L50, F|32/100
|turn|8
|inactive|IamaTire has 30 seconds left.
|inactive|IamaTire has 20 seconds left.
|inactive|IamaTire has 15 seconds left.
|inactive|IamaTire has 10 seconds left.
|
|t:|1782513912
|switch|p1b: Pelipper|Pelipper, L50, M|100/100
|move|p2b: Swampert|Earthquake|p1a: Corviknight|[spread] 
|-immune|p2a: Pelipper
|-immune|p1a: Corviknight
|-immune|p1b: Pelipper
|move|p2a: Pelipper|Weather Ball|p1a: Corviknight
|-damage|p1a: Corviknight|61/100
|move|p1a: Corviknight|Roost|p1a: Corviknight
|-heal|p1a: Corviknight|100/100
|-singleturn|p1a: Corviknight|move: Roost
|
|-weather|RainDance|[upkeep]
|upkeep
|turn|9
|
|t:|1782513934
|move|p2b: Swampert|Wave Crash|p1a: Corviknight
|-damage|p1a: Corviknight|72/100
|-damage|p2b: Swampert|22/100|[from] Recoil
|move|p2a: Pelipper|Weather Ball|p1a: Corviknight
|-damage|p1a: Corviknight|33/100
|move|p1a: Corviknight|Body Press|p2a: Pelipper
|-resisted|p2a: Pelipper|1
|-damage|p2a: Pelipper|46/100
|-enditem|p2a: Pelipper|Sitrus Berry|[eat]
|-heal|p2a: Pelipper|70/100|[from] item: Sitrus Berry
|move|p1b: Pelipper|Weather Ball|p2b: Swampert
|-damage|p2b: Swampert|0 fnt
|faint|p2b: Swampert
|
|-weather|RainDance|[upkeep]
|-heal|p1a: Corviknight|39/100|[from] item: Leftovers
|upkeep
|
|t:|1782513944
|switch|p2b: Grimmsnarl|Grimmsnarl, L50, M|90/100
|turn|10
|
|t:|1782513968
|move|p2b: Grimmsnarl|Parting Shot|p1b: Pelipper
|-unboost|p1b: Pelipper|atk|1
|-unboost|p1b: Pelipper|spa|1
|move|p2a: Pelipper|Weather Ball|p1a: Corviknight
|-damage|p1a: Corviknight|0 fnt
|faint|p1a: Corviknight
|move|p1b: Pelipper|Weather Ball|p2b: Grimmsnarl
|-damage|p2b: Grimmsnarl|60/100
|
|-weather|RainDance|[upkeep]
|upkeep
|
|t:|1782513978
|switch|p1a: Raichu|Raichu, L50, M|100/100
|turn|11
|
|t:|1782513996
|detailschange|p1a: Raichu|Raichu-Mega-Y, L50, M
|-mega|p1a: Raichu|Raichu|Raichunite Y
|move|p2b: Grimmsnarl|Parting Shot|p1a: Raichu
|-unboost|p1a: Raichu|atk|1
|-unboost|p1a: Raichu|spa|1
|move|p1a: Raichu|Zap Cannon|p2a: Pelipper
|-supereffective|p2a: Pelipper|2
|-damage|p2a: Pelipper|0 fnt
|faint|p2a: Pelipper
|move|p1b: Pelipper|Weather Ball|p2b: Grimmsnarl
|-damage|p2b: Grimmsnarl|30/100
|
|-weather|none
|upkeep
|turn|12
|inactive|IamaTire has 30 seconds left.
|inactive|That1Morpecko has 30 seconds left.
|
|t:|1782514024
|move|p1a: Raichu|Zap Cannon|p2b: Grimmsnarl
|-damage|p2b: Grimmsnarl|0 fnt
|faint|p2b: Grimmsnarl
|
|win|IamaTire
|raw|IamaTire's rating: 1090 → 1118(+28 for winning)
|raw|That1Morpecko's rating: 1104 → 1078(-26 for losing)
