|j|☆nyakugan
|j|☆Giocostorto
|html|nyakuganGiocostorto    
|uhtml|bestof|Game 1 of a best-of-3
|t:|1756537744
|gametype|doubles
|player|p1|nyakugan|psychic|1155
|player|p2|Giocostorto|266|1184
|gen|9
|tier|[Gen 9] VGC 2025 Reg H (Bo3)
|rated|
|rule|Species Clause: Limit one of each Pokémon
|rule|Item Clause: Limit 1 of each item
|clearpoke
|poke|p1|Dragapult, L50, M|
|poke|p1|Sneasler, L50, M|
|poke|p1|Volcarona, L50, F|
|poke|p1|Incineroar, L50, M|
|poke|p1|Rillaboom, L50, M|
|poke|p1|Kingambit, L50, M|
|poke|p2|Misdreavus, L50, M|
|poke|p2|Gothitelle, L50, F|
|poke|p2|Amoonguss, L50, M|
|poke|p2|Incineroar, L50, M|
|poke|p2|Primarina, L50, F|
|poke|p2|Ursaluna, L50, M|
|teampreview|4
|showteam|p1|Dragapult||ChoiceBand|ClearBody|DragonDarts,Outrage,PhantomForce,Uturn|||M|||50|,,,,,Dragon]Sneasler||FocusSash|Unburden|CloseCombat,DireClaw,Coaching,Protect|||M|||50|,,,,,Stellar]Volcarona||GrassySeed|FlameBody|FieryDance,TeraBlast,QuiverDance,Protect|||F|||50|,,,,,Fairy]Incineroar||SafetyGoggles|Intimidate|KnockOff,FakeOut,Taunt,PartingShot|||M|||50|,,,,,Ghost]Rillaboom||AssaultVest|GrassySurge|WoodHammer,GrassyGlide,Uturn,FakeOut|||M|||50|,,,,,Fire]Kingambit||BlackGlasses|Defiant|KowtowCleave,SuckerPunch,SwordsDance,Protect|||M|||50|,,,,,Dark
|showteam|p2|Misdreavus||Eviolite|Levitate|FoulPlay,PerishSong,TrickRoom,Protect|||M|||50|,,,,,Fire]Gothitelle||SafetyGoggles|ShadowTag|FakeOut,HealPulse,TrickRoom,Protect|||F|||50|,,,,,Water]Amoonguss||MentalHerb|Regenerator|PollenPuff,Spore,RagePowder,Protect|||M|||50|,,,,,Water]Incineroar||RockyHelmet|Intimidate|FlareBlitz,ThroatChop,FakeOut,PartingShot|||M|||50|,,,,,Grass]Primarina||SitrusBerry|LiquidVoice|HyperVoice,Moonblast,PerishSong,Protect|||F|||50|,,,,,Steel]Ursaluna||FlameOrb|Guts|Facade,HeadlongRush,Earthquake,Protect|||M|||50|,,,,,Ghost
|inactive|Battle timer is ON: inactive players will automatically lose when time's up. (requested by Giocostorto)
|inactive|nyakugan has 60 seconds left.
|inactive|Giocostorto has 60 seconds left.
|inactive|Giocostorto has 30 seconds left.
|inactive|Giocostorto has 20 seconds left.
|inactive|Giocostorto has 15 seconds left.
|
|t:|1756537820
|teamsize|p1|4
|teamsize|p2|4
|start
|switch|p1a: Rillaboom|Rillaboom, L50, M, shiny|100/100
|switch|p1b: Volcarona|Volcarona, L50, F, shiny|100/100
|switch|p2a: Misdreavus|Misdreavus, L50, M|100/100
|switch|p2b: Amoonguss|Amoonguss, L50, M|100/100
|-fieldstart|move: Grassy Terrain|[from] ability: Grassy Surge|[of] p1a: Rillaboom
|-enditem|p1b: Volcarona|Grassy Seed
|-boost|p1b: Volcarona|def|1|[from] item: Grassy Seed
|turn|1
|inactive|nyakugan has 30 seconds left.
|inactive|Giocostorto has 30 seconds left.
|inactive|nyakugan has 20 seconds left.
|inactive|Giocostorto has 20 seconds left.
|inactive|Giocostorto has 15 seconds left.
|inactive|Giocostorto has 10 seconds left.
|
|t:|1756537867
|switch|p2b: Ursaluna|Ursaluna, L50, M|100/100
|move|p1b: Volcarona|Fiery Dance|p2b: Ursaluna
|-damage|p2b: Ursaluna|61/100
|move|p1a: Rillaboom|Wood Hammer|p2a: Misdreavus
|-crit|p2a: Misdreavus
|-damage|p2a: Misdreavus|14/100
|-damage|p1a: Rillaboom|76/100|[from] Recoil
|move|p2a: Misdreavus|Trick Room|p2a: Misdreavus
|-fieldstart|move: Trick Room|[of] p2a: Misdreavus
|
|-heal|p2b: Ursaluna|67/100|[from] Grassy Terrain
|-heal|p1a: Rillaboom|82/100|[from] Grassy Terrain
|-status|p2b: Ursaluna|brn|[from] item: Flame Orb
|upkeep
|turn|2
|inactive|nyakugan has 30 seconds left.
|inactive|Giocostorto has 30 seconds left.
|inactive|Giocostorto has 20 seconds left.
|
|t:|1756537902
|switch|p2a: Amoonguss|Amoonguss, L50, M|100/100
|-terastallize|p2b: Ursaluna|Ghost
|move|p1a: Rillaboom|Grassy Glide|p2b: Ursaluna
|-damage|p2b: Ursaluna|38/100 brn
|move|p2b: Ursaluna|Facade|p1a: Rillaboom
|-damage|p1a: Rillaboom|0 fnt
|faint|p1a: Rillaboom
|move|p1b: Volcarona|Fiery Dance|p2b: Ursaluna
|-damage|p2b: Ursaluna|3/100 brn
|
|-heal|p2b: Ursaluna|9/100 brn|[from] Grassy Terrain
|-damage|p2b: Ursaluna|3/100 brn|[from] brn
|upkeep
|
|t:|1756537923
|switch|p1a: Incineroar|Incineroar, L50, M, shiny|100/100
|-ability|p1a: Incineroar|Intimidate|boost
|-unboost|p2a: Amoonguss|atk|1
|-unboost|p2b: Ursaluna|atk|1
|turn|3
|inactive|nyakugan has 30 seconds left.
|inactive|Giocostorto has 30 seconds left.
|inactive|nyakugan has 20 seconds left.
|
|t:|1756537963
|switch|p1a: Dragapult|Dragapult, L50, M, shiny|100/100
|move|p2b: Ursaluna|Protect|p2b: Ursaluna
|-singleturn|p2b: Ursaluna|Protect
|move|p1b: Volcarona|Protect|p1b: Volcarona
|-singleturn|p1b: Volcarona|Protect
|move|p2a: Amoonguss|Pollen Puff|p2b: Ursaluna
|-activate|p2b: Ursaluna|move: Protect
|
|-heal|p2b: Ursaluna|9/100 brn|[from] Grassy Terrain
|-damage|p2b: Ursaluna|3/100 brn|[from] brn
|upkeep
|turn|4
|inactive|Giocostorto has 30 seconds left.
|
|t:|1756537989
|move|p2a: Amoonguss|Pollen Puff|p2b: Ursaluna
|-heal|p2b: Ursaluna|53/100 brn
|move|p2b: Ursaluna|Headlong Rush|p1a: Dragapult
|-damage|p1a: Dragapult|9/100
|-unboost|p2b: Ursaluna|def|1
|-unboost|p2b: Ursaluna|spd|1
|move|p1b: Volcarona|Fiery Dance|p2b: Ursaluna
|-damage|p2b: Ursaluna|0 fnt
|faint|p2b: Ursaluna
|move|p1a: Dragapult|Dragon Darts|p2a: Amoonguss
|-damage|p2a: Amoonguss|66/100
|-anim|p1a: Dragapult|Dragon Darts|p2a: Amoonguss
|-damage|p2a: Amoonguss|33/100
|
|-heal|p2a: Amoonguss|39/100|[from] Grassy Terrain
|-heal|p1a: Dragapult|15/100|[from] Grassy Terrain
|upkeep
|
|t:|1756538003
|switch|p2b: Misdreavus|Misdreavus, L50, M|14/100
|turn|5
|
|t:|1756538016
|switch|p1a: Incineroar|Incineroar, L50, M, shiny|100/100
|-ability|p1a: Incineroar|Intimidate|boost
|-unboost|p2a: Amoonguss|atk|1
|-unboost|p2b: Misdreavus|atk|1
|move|p1b: Volcarona|Protect|p1b: Volcarona
|-singleturn|p1b: Volcarona|Protect
|move|p2a: Amoonguss|Pollen Puff|p2b: Misdreavus
|-heal|p2b: Misdreavus|64/100
|move|p2b: Misdreavus|Foul Play|p1a: Incineroar
|-resisted|p1a: Incineroar
|-damage|p1a: Incineroar|89/100
|
|-heal|p2a: Amoonguss|45/100|[from] Grassy Terrain
|-heal|p1a: Incineroar|95/100|[from] Grassy Terrain
|-fieldend|move: Trick Room
|-fieldend|move: Grassy Terrain
|upkeep
|turn|6
|inactive|nyakugan has 30 seconds left.
|
|t:|1756538043
|switch|p2a: Gothitelle|Gothitelle, L50, F|100/100
|move|p1a: Incineroar|Fake Out|p2a: Gothitelle
|-damage|p2a: Gothitelle|90/100
|move|p1b: Volcarona|Fiery Dance|p2b: Misdreavus
|-damage|p2b: Misdreavus|33/100
|move|p2b: Misdreavus|Perish Song|p2b: Misdreavus
|-start|p1a: Incineroar|perish3|[silent]
|-start|p1b: Volcarona|perish3|[silent]
|-start|p2a: Gothitelle|perish3|[silent]
|-start|p2b: Misdreavus|perish3|[silent]
|-fieldactivate|move: Perish Song
|
|-start|p1b: Volcarona|perish3
|-start|p2b: Misdreavus|perish3
|-start|p1a: Incineroar|perish3
|-start|p2a: Gothitelle|perish3
|upkeep
|turn|7
|inactive|nyakugan has 30 seconds left.
|
|t:|1756538076
|move|p2a: Gothitelle|Fake Out|p1b: Volcarona
|-damage|p1b: Volcarona|96/100
|cant|p1b: Volcarona|flinch
|move|p1a: Incineroar|Parting Shot|p2a: Gothitelle
|-unboost|p2a: Gothitelle|atk|1
|-unboost|p2a: Gothitelle|spa|1
|
|t:|1756538084
|switch|p1a: Dragapult|Dragapult, L50, M, shiny|15/100|[from] Parting Shot
|move|p2b: Misdreavus|Trick Room|p2b: Misdreavus
|-fieldstart|move: Trick Room|[of] p2b: Misdreavus
|
|-start|p2a: Gothitelle|perish2
|-start|p2b: Misdreavus|perish2
|-start|p1b: Volcarona|perish2
|upkeep
|turn|8
|inactive|nyakugan has 30 seconds left.
|
|t:|1756538113
|switch|p2a: Amoonguss|Amoonguss, L50, M|78/100
|switch|p1a: Incineroar|Incineroar, L50, M, shiny|95/100
|-ability|p1a: Incineroar|Intimidate|boost
|-unboost|p2a: Amoonguss|atk|1
|-unboost|p2b: Misdreavus|atk|1
|move|p2b: Misdreavus|Foul Play|p1a: Incineroar
|-resisted|p1a: Incineroar
|-damage|p1a: Incineroar|84/100
|move|p1b: Volcarona|Fiery Dance|p2b: Misdreavus
|-damage|p2b: Misdreavus|0 fnt
|faint|p2b: Misdreavus
|
|-start|p1b: Volcarona|perish1
|upkeep
|
|t:|1756538128
|switch|p2b: Gothitelle|Gothitelle, L50, F|90/100
|turn|9
|-message|Giocostorto forfeited.
|
|win|nyakugan
||Giocostorto is ready for game 2.
|inactive|nyakugan has 30 seconds to confirm battle start!
||nyakugan is ready for game 2.
|uhtml|next|Next: Game 2 of 3
