|j|☆RouletteRegional
|j|☆OrbitStabilizer
|html|RouletteRegionalOrbitStabilizer    
|uhtml|bestof|Game 1 of a best-of-3
|t:|1784396974
|gametype|doubles
|player|p1|RouletteRegional|lance|1472
|player|p2|OrbitStabilizer|psychic-gen2|1480
|gen|9
|tier|[Gen 9 Champions] VGC 2026 Reg M-B (Bo3)
|rated|
|rule|Species Clause: Limit one of each Pokémon
|rule|Item Clause: Limit 1 of each item
|clearpoke
|poke|p1|Froslass, L50, F|
|poke|p1|Blaziken, L50, F|
|poke|p1|Dragonite, L50, M|
|poke|p1|Toxapex, L50, F|
|poke|p1|Sneasler, L50, F|
|poke|p1|Kingambit, L50, F|
|poke|p2|Charizard, L50, F|
|poke|p2|Grimmsnarl, L50, M|
|poke|p2|Pelipper, L50, F|
|poke|p2|Archaludon, L50, M|
|poke|p2|Basculegion, L50, M|
|poke|p2|Venusaur, L50, M|
|teampreview|4
|showteam|p1|Froslass||Froslassite|CursedBody|Blizzard,ShadowBall,AuroraVeil,Protect|Timid||F|||50|]Blaziken||Blazikenite|SpeedBoost|CloseCombat,FlareBlitz,RockSlide,Protect|Adamant||F|||50|]Dragonite||LifeOrb|InnerFocus|DragonClaw,ExtremeSpeed,LowKick,Protect|Adamant||M|||50|]Toxapex||Leftovers|Regenerator|Infestation,Toxic,WideGuard,BanefulBunker|Bold||F|||50|]Sneasler||FocusSash|PoisonTouch|CloseCombat,PoisonJab,FakeOut,Protect|Jolly||F|||50|]Kingambit||BlackGlasses|Defiant|KowtowCleave,SuckerPunch,IronHead,Protect|Adamant||F|||50|
|showteam|p2|Charizard||CharizarditeY|Blaze|Protect,HeatWave,WeatherBall,SolarBeam|Modest||F|||50|]Grimmsnarl||LightClay|Prankster|SpiritBreak,Reflect,LightScreen,PartingShot|Sassy||M|||50|]Pelipper||SitrusBerry|Drizzle|Hurricane,WeatherBall,Tailwind,WideGuard|Modest||F|||50|]Archaludon||Leftovers|Stamina|Protect,ElectroShot,DragonPulse,FlashCannon|Calm||M|||50|]Basculegion||ChoiceScarf|Adaptability|FlipTurn,WaveCrash,AquaJet,LastRespects|Jolly||M|||50|]Venusaur||FocusSash|Chlorophyll|Protect,SleepPowder,SludgeBomb,EarthPower|Modest||M|||50|
|inactive|Battle timer is ON: inactive players will automatically lose when time's up. (requested by OrbitStabilizer)
|
|t:|1784397039
|teamsize|p1|4
|teamsize|p2|4
|start
|switch|p1a: Sneasler|Sneasler, L50, F|100/100
|switch|p1b: Toxapex|Toxapex, L50, F|100/100
|switch|p2a: Grimmsnarl|Grimmsnarl, L50, M|100/100
|switch|p2b: Archaludon|Archaludon, L50, M|100/100
|turn|1
|inactive|OrbitStabilizer has 30 seconds left.
|inactive|RouletteRegional has 30 seconds left.
|
|t:|1784397072
|move|p2b: Archaludon|Protect|p2b: Archaludon
|-singleturn|p2b: Archaludon|Protect
|move|p2a: Grimmsnarl|Reflect|p2a: Grimmsnarl
|-sidestart|p2: OrbitStabilizer|Reflect
|move|p1a: Sneasler|Poison Jab|p2a: Grimmsnarl
|-supereffective|p2a: Grimmsnarl|1
|-damage|p2a: Grimmsnarl|40/100
|move|p1b: Toxapex|Toxic|p2a: Grimmsnarl
|-status|p2a: Grimmsnarl|tox
|
|-damage|p2a: Grimmsnarl|34/100 tox|[from] psn
|upkeep
|turn|2
|
|t:|1784397086
|switch|p2a: Pelipper|Pelipper, L50, F|100/100
|-weather|RainDance|[from] ability: Drizzle|[of] p2a: Pelipper
|move|p1a: Sneasler|Close Combat|p2b: Archaludon
|-supereffective|p2b: Archaludon|1
|-damage|p2b: Archaludon|43/100
|-unboost|p1a: Sneasler|def|1
|-unboost|p1a: Sneasler|spd|1
|-ability|p2b: Archaludon|Stamina|boost
|-boost|p2b: Archaludon|def|1
|move|p2b: Archaludon|Electro Shot||[still]
|-prepare|p2b: Archaludon|Electro Shot
|-boost|p2b: Archaludon|spa|1
|-anim|p2b: Archaludon|Electro Shot|p1b: Toxapex
|-supereffective|p1b: Toxapex|1
|-damage|p1b: Toxapex|23/100
|move|p1b: Toxapex|Infestation|p2b: Archaludon
|-resisted|p2b: Archaludon|1
|-crit|p2b: Archaludon
|-damage|p2b: Archaludon|41/100
|-activate|p2b: Archaludon|move: Infestation|[of] p1b: Toxapex
|-ability|p2b: Archaludon|Stamina|boost
|-boost|p2b: Archaludon|def|1
|
|-weather|RainDance|[upkeep]
|-heal|p2b: Archaludon|47/100|[from] item: Leftovers
|-heal|p1b: Toxapex|29/100|[from] item: Leftovers
|-damage|p2b: Archaludon|35/100|[from] move: Infestation|[partiallytrapped]
|upkeep
|turn|3
|inactive|RouletteRegional has 30 seconds left.
|inactive|OrbitStabilizer has 30 seconds left.
|inactive|RouletteRegional has 20 seconds left.
|
|t:|1784397123
|move|p1b: Toxapex|Baneful Bunker|p1b: Toxapex
|-singleturn|p1b: Toxapex|move: Protect
|move|p1a: Sneasler|Poison Jab|p2a: Pelipper
|-damage|p2a: Pelipper|59/100
|-status|p2a: Pelipper|psn
|move|p2b: Archaludon|Electro Shot||[still]
|-prepare|p2b: Archaludon|Electro Shot
|-boost|p2b: Archaludon|spa|1
|-anim|p2b: Archaludon|Electro Shot|p1a: Sneasler
|-enditem|p1a: Sneasler|Focus Sash
|-damage|p1a: Sneasler|1/100
|move|p2a: Pelipper|Tailwind|p2a: Pelipper
|-sidestart|p2: OrbitStabilizer|move: Tailwind
|
|-weather|RainDance|[upkeep]
|-heal|p2b: Archaludon|41/100|[from] item: Leftovers
|-heal|p1b: Toxapex|35/100|[from] item: Leftovers
|-damage|p2a: Pelipper|47/100 psn|[from] psn
|-damage|p2b: Archaludon|28/100|[from] move: Infestation|[partiallytrapped]
|upkeep
|-enditem|p2a: Pelipper|Sitrus Berry|[eat]
|-heal|p2a: Pelipper|72/100 psn|[from] item: Sitrus Berry
|turn|4
|
|t:|1784397136
|switch|p1a: Dragonite|Dragonite, L50, M|100/100
|move|p1b: Toxapex|Baneful Bunker|p1b: Toxapex
|-singleturn|p1b: Toxapex|move: Protect
|move|p2b: Archaludon|Electro Shot||[still]
|-prepare|p2b: Archaludon|Electro Shot
|-boost|p2b: Archaludon|spa|1
|-anim|p2b: Archaludon|Electro Shot|p1b: Toxapex
|-activate|p1b: Toxapex|move: Protect
|move|p2a: Pelipper|Weather Ball|p1a: Dragonite
|-resisted|p1a: Dragonite|1
|-damage|p1a: Dragonite|67/100
|
|-weather|RainDance|[upkeep]
|-heal|p2b: Archaludon|35/100|[from] item: Leftovers
|-heal|p1b: Toxapex|40/100|[from] item: Leftovers
|-damage|p2a: Pelipper|59/100 psn|[from] psn
|-damage|p2b: Archaludon|22/100|[from] move: Infestation|[partiallytrapped]
|upkeep
|turn|5
|inactive|RouletteRegional has 30 seconds left.
|
|t:|1784397164
|move|p1a: Dragonite|Protect|p1a: Dragonite
|-singleturn|p1a: Dragonite|Protect
|move|p2b: Archaludon|Dragon Pulse|p1a: Dragonite
|-activate|p1a: Dragonite|move: Protect
|move|p2a: Pelipper|Hurricane|p1b: Toxapex
|-damage|p1b: Toxapex|4/100
|move|p1b: Toxapex|Infestation|p2a: Pelipper
|-resisted|p2a: Pelipper|1
|-damage|p2a: Pelipper|56/100 psn
|-activate|p2a: Pelipper|move: Infestation|[of] p1b: Toxapex
|
|-weather|RainDance|[upkeep]
|-heal|p2b: Archaludon|28/100|[from] item: Leftovers
|-heal|p1b: Toxapex|10/100|[from] item: Leftovers
|-damage|p2a: Pelipper|44/100 psn|[from] psn
|-damage|p2b: Archaludon|16/100|[from] move: Infestation|[partiallytrapped]
|-damage|p2a: Pelipper|32/100 psn|[from] move: Infestation|[partiallytrapped]
|upkeep
|turn|6
|
|t:|1784397180
|move|p1b: Toxapex|Baneful Bunker|p1b: Toxapex
|-singleturn|p1b: Toxapex|move: Protect
|move|p1a: Dragonite|Extreme Speed|p2a: Pelipper
|-damage|p2a: Pelipper|0 fnt
|faint|p2a: Pelipper
|-damage|p1a: Dragonite|57/100|[from] item: Life Orb
|move|p2b: Archaludon|Dragon Pulse|p1a: Dragonite
|-supereffective|p1a: Dragonite|1
|-damage|p1a: Dragonite|0 fnt
|faint|p1a: Dragonite
|
|-weather|none
|-heal|p2b: Archaludon|22/100|[from] item: Leftovers
|-heal|p1b: Toxapex|15/100|[from] item: Leftovers
|-damage|p2b: Archaludon|10/100|[from] move: Infestation|[partiallytrapped]
|-sideend|p2: OrbitStabilizer|move: Tailwind
|upkeep
|
|t:|1784397198
|switch|p1a: Sneasler|Sneasler, L50, F|1/100
|switch|p2a: Charizard|Charizard, L50, F|100/100
|turn|7
|
|t:|1784397219
|detailschange|p2a: Charizard|Charizard-Mega-Y, L50, F
|-mega|p2a: Charizard|Charizard|Charizardite Y
|-weather|SunnyDay|[from] ability: Drought|[of] p2a: Charizard
|move|p1a: Sneasler|Protect|p1a: Sneasler
|-singleturn|p1a: Sneasler|Protect
|move|p1b: Toxapex|Wide Guard|p1b: Toxapex
|-singleturn|p1b: Toxapex|Wide Guard
|move|p2a: Charizard|Heat Wave|p1b: Toxapex|[spread] 
|-activate|p1a: Sneasler|move: Wide Guard
|-activate|p1b: Toxapex|move: Wide Guard
|move|p2b: Archaludon|Dragon Pulse|p1a: Sneasler
|-activate|p1a: Sneasler|move: Protect
|
|-weather|SunnyDay|[upkeep]
|-heal|p2b: Archaludon|16/100|[from] item: Leftovers
|-heal|p1b: Toxapex|21/100|[from] item: Leftovers
|-end|p2b: Archaludon|Infestation|[partiallytrapped]
|upkeep
|turn|8
|
|t:|1784397242
|move|p2b: Archaludon|Protect|p2b: Archaludon
|-singleturn|p2b: Archaludon|Protect
|move|p1b: Toxapex|Baneful Bunker||[still]
|-fail|p1b: Toxapex
|move|p1a: Sneasler|Close Combat|p2b: Archaludon
|-activate|p2b: Archaludon|move: Protect
|move|p2a: Charizard|Heat Wave|p1b: Toxapex|[spread] p1a,p1b
|-resisted|p1b: Toxapex|1
|-damage|p1a: Sneasler|0 fnt
|-damage|p1b: Toxapex|0 fnt
|faint|p1a: Sneasler
|faint|p1b: Toxapex
|
|-weather|SunnyDay|[upkeep]
|-heal|p2b: Archaludon|22/100|[from] item: Leftovers
|-sideend|p2: OrbitStabilizer|Reflect
|upkeep
|
|t:|1784397247
|switch|p1b: Blaziken|Blaziken, L50, F|100/100
|turn|9
|
|t:|1784397254
|detailschange|p1b: Blaziken|Blaziken-Mega, L50, F
|-mega|p1b: Blaziken|Blaziken|Blazikenite
|move|p1b: Blaziken|Flare Blitz|p2b: Archaludon
|-damage|p2b: Archaludon|0 fnt
|faint|p2b: Archaludon
|-damage|p1b: Blaziken|90/100|[from] Recoil
|move|p2a: Charizard|Weather Ball|p1b: Blaziken
|-resisted|p1b: Blaziken|1
|-damage|p1b: Blaziken|33/100
|
|-weather|SunnyDay|[upkeep]
|-ability|p1b: Blaziken|Speed Boost|boost
|-boost|p1b: Blaziken|spe|1
|upkeep
|
|t:|1784397258
|switch|p2b: Grimmsnarl|Grimmsnarl, L50, M|34/100 tox
|turn|10
|inactive|OrbitStabilizer has 30 seconds left.
|
|t:|1784397288
|move|p2b: Grimmsnarl|Parting Shot|p1b: Blaziken
|-unboost|p1b: Blaziken|atk|1
|-unboost|p1b: Blaziken|spa|1
|move|p1b: Blaziken|Rock Slide|p2a: Charizard|[spread] p2a,p2b
|-supereffective|p2a: Charizard|2
|-damage|p2a: Charizard|34/100
|-damage|p2b: Grimmsnarl|17/100 tox
|move|p2a: Charizard|Weather Ball|p1b: Blaziken
|-resisted|p1b: Blaziken|1
|-damage|p1b: Blaziken|0 fnt
|faint|p1b: Blaziken
|
|win|OrbitStabilizer
