|j|☆lilacq
|j|☆imaarboliva
|html|lilacqimaarboliva    
|uhtml|bestof|Game 1 of a best-of-3
|t:|1785834281
|gametype|doubles
|player|p1|lilacq|shauntal|1120
|player|p2|imaarboliva|steven|1000
|gen|9
|tier|[Gen 9 Champions] VGC 2026 Reg M-B (Bo3)
|rated|
|rule|Species Clause: Limit one of each Pokémon
|rule|Item Clause: Limit 1 of each item
|clearpoke
|poke|p1|Garchomp, L50, F|
|poke|p1|Staraptor, L50, F|
|poke|p1|Glimmora, L50, M|
|poke|p1|Farigiraf, L50, F|
|poke|p1|Sinistcha, L50|
|poke|p1|Scrafty, L50, M|
|poke|p2|Staraptor, L50, M|
|poke|p2|Arcanine-Hisui, L50, M|
|poke|p2|Kingambit, L50, M|
|poke|p2|Raichu, L50, M|
|poke|p2|Farigiraf, L50, M|
|poke|p2|Sylveon, L50, M|
|teampreview|4
|showteam|p1|Garchomp||SoftSand|RoughSkin|DragonClaw,Earthquake,RockSlide,Protect|Jolly||F|||50|]Staraptor||Staraptite|Intimidate|CloseCombat,Tailwind,BraveBird,Roost|Adamant||F|||50|]Glimmora||FocusSash|ToxicDebris|SludgeBomb,PowerGem,SpikyShield,EarthPower|Timid||M|||50|]Farigiraf||SitrusBerry|ArmorTail|TrickRoom,Psychic,HyperVoice,HelpingHand|Calm||F|||50|]Sinistcha||Leftovers|Hospitality|LifeDew,ShadowBall,MatchaGotcha,RagePowder|Bold|||||50|]Scrafty||Scraftinite|Intimidate|FakeOut,BulkUp,DrainPunch,KnockOff|Brave||M|||50|
|showteam|p2|Staraptor||Staraptite|Intimidate|CloseCombat,DualWingbeat,Tailwind,Protect|Jolly||M|||50|]Arcanine-Hisui||FocusSash|RockHead|FlareBlitz,HeadSmash,ExtremeSpeed,Protect|Jolly||M|||50|]Kingambit||LifeOrb|Defiant|KowtowCleave,SuckerPunch,SwordsDance,Protect|Adamant||M|||50|]Raichu||RaichuniteY|LightningRod|ZapCannon,FocusBlast,FakeOut,Protect|Timid||M|||50|]Farigiraf||SitrusBerry|ArmorTail|Psychic,HelpingHand,TrickRoom,Protect|Calm||M|||50|]Sylveon||FairyFeather|Pixilate|HyperVoice,HyperBeam,QuickAttack,Detect|Modest||M|||50|
|inactive|Battle timer is ON: inactive players will automatically lose when time's up. (requested by lilacq)
|inactive|imaarboliva has 60 seconds left.
|inactiveoff|Battle timer is now OFF.
|
|t:|1785834393
|teamsize|p1|4
|teamsize|p2|4
|start
|switch|p1a: Staraptor|Staraptor, L50, F|100/100
|switch|p1b: Glimmora|Glimmora, L50, M|100/100
|switch|p2a: Staraptor|Staraptor, L50, M|100/100
|switch|p2b: Sylveon|Sylveon, L50, M|100/100
|-ability|p2a: Staraptor|Intimidate|boost
|-unboost|p1a: Staraptor|atk|1
|-unboost|p1b: Glimmora|atk|1
|-ability|p1a: Staraptor|Intimidate|boost
|-unboost|p2a: Staraptor|atk|1
|-unboost|p2b: Sylveon|atk|1
|turn|1
|inactive|Battle timer is ON: inactive players will automatically lose when time's up. (requested by lilacq)
|inactive|imaarboliva has 30 seconds left.
|
|t:|1785834432
|detailschange|p2a: Staraptor|Staraptor-Mega, L50, M
|-mega|p2a: Staraptor|Staraptor|Staraptite
|move|p2a: Staraptor|Tailwind|p2a: Staraptor
|-sidestart|p2: imaarboliva|move: Tailwind
|move|p2b: Sylveon|Hyper Voice|p1b: Glimmora|[spread] p1a,p1b
|-crit|p1a: Staraptor
|-resisted|p1b: Glimmora|1
|-damage|p1a: Staraptor|1/100
|-damage|p1b: Glimmora|66/100
|move|p1b: Glimmora|Sludge Bomb|p2b: Sylveon
|-supereffective|p2b: Sylveon|1
|-damage|p2b: Sylveon|26/100
|move|p1a: Staraptor|Tailwind|p1a: Staraptor
|-sidestart|p1: lilacq|move: Tailwind
|
|upkeep
|turn|2
|inactive|imaarboliva has 30 seconds left.
|
|t:|1785834463
|detailschange|p1a: Staraptor|Staraptor-Mega, L50, F
|-mega|p1a: Staraptor|Staraptor|Staraptite
|move|p2b: Sylveon|Detect|p2b: Sylveon
|-singleturn|p2b: Sylveon|Protect
|move|p2a: Staraptor|Close Combat|p1a: Staraptor
|-resisted|p1a: Staraptor|1
|-damage|p1a: Staraptor|0 fnt
|-boost|p2a: Staraptor|def|1
|-boost|p2a: Staraptor|spd|1
|faint|p1a: Staraptor
|move|p1b: Glimmora|Sludge Bomb|p2b: Sylveon
|-activate|p2b: Sylveon|move: Protect
|
|upkeep
|
|t:|1785834480
|switch|p1a: Garchomp|Garchomp, L50, F|100/100
|turn|3
|inactive|imaarboliva has 30 seconds left.
|inactive|imaarboliva has 20 seconds left.
|
|t:|1785834517
|switch|p2b: Farigiraf|Farigiraf, L50, M|100/100
|move|p2a: Staraptor|Close Combat|p1a: Garchomp
|-damage|p1a: Garchomp|59/100
|-boost|p2a: Staraptor|def|1
|-boost|p2a: Staraptor|spd|1
|-damage|p2a: Staraptor|87/100|[from] ability: Rough Skin|[of] p1a: Garchomp
|move|p1a: Garchomp|Dragon Claw|p2a: Staraptor
|-damage|p2a: Staraptor|67/100
|move|p1b: Glimmora|Sludge Bomb|p2b: Farigiraf
|-damage|p2b: Farigiraf|66/100
|
|upkeep
|turn|4
|
|t:|1785834535
|move|p2a: Staraptor|Close Combat|p1a: Garchomp
|-damage|p1a: Garchomp|18/100
|-boost|p2a: Staraptor|def|1
|-boost|p2a: Staraptor|spd|1
|-damage|p2a: Staraptor|55/100|[from] ability: Rough Skin|[of] p1a: Garchomp
|move|p1a: Garchomp|Dragon Claw|p2a: Staraptor
|-damage|p2a: Staraptor|40/100
|move|p1b: Glimmora|Sludge Bomb|p2a: Staraptor
|-damage|p2a: Staraptor|22/100
|move|p2b: Farigiraf|Psychic|p1b: Glimmora
|-supereffective|p1b: Glimmora|1
|-damage|p1b: Glimmora|0 fnt
|faint|p1b: Glimmora
|
|-sideend|p1: lilacq|move: Tailwind
|-sideend|p2: imaarboliva|move: Tailwind
|upkeep
|
|t:|1785834549
|switch|p1b: Sinistcha|Sinistcha, L50|100/100
|-heal|p1a: Garchomp|43/100|[from] ability: Hospitality|[of] p1b: Sinistcha
|turn|5
|inactive|imaarboliva has 30 seconds left.
|
|t:|1785834576
|move|p1b: Sinistcha|Rage Powder|p1b: Sinistcha
|-singleturn|p1b: Sinistcha|move: Rage Powder
|move|p2a: Staraptor|Dual Wingbeat|p1b: Sinistcha
|-supereffective|p1b: Sinistcha|1
|-damage|p1b: Sinistcha|82/100
|-supereffective|p1b: Sinistcha|1
|-damage|p1b: Sinistcha|61/100
|-hitcount|p1b: Sinistcha|2
|move|p1a: Garchomp|Dragon Claw|p2a: Staraptor
|-damage|p2a: Staraptor|5/100
|move|p2b: Farigiraf|Psychic|p1b: Sinistcha
|-damage|p1b: Sinistcha|24/100
|
|-heal|p1b: Sinistcha|30/100|[from] item: Leftovers
|upkeep
|turn|6
|
|t:|1785834596
|move|p1b: Sinistcha|Rage Powder|p1b: Sinistcha
|-singleturn|p1b: Sinistcha|move: Rage Powder
|move|p2a: Staraptor|Dual Wingbeat|p1b: Sinistcha
|-supereffective|p1b: Sinistcha|1
|-damage|p1b: Sinistcha|12/100
|-supereffective|p1b: Sinistcha|1
|-damage|p1b: Sinistcha|0 fnt
|faint|p1b: Sinistcha
|-hitcount|p1: Sinistcha|2
|move|p1a: Garchomp|Rock Slide|p2b: Farigiraf|[spread] p2a
|-miss|p1a: Garchomp|p2b: Farigiraf
|-damage|p2a: Staraptor|0 fnt
|faint|p2a: Staraptor
|move|p2b: Farigiraf|Psychic|p1a: Garchomp
|-damage|p1a: Garchomp|8/100
|
|upkeep
|
|t:|1785834603
|switch|p2a: Kingambit|Kingambit, L50, M|100/100
|turn|7
|
|t:|1785834608
|move|p2a: Kingambit|Sucker Punch|p1a: Garchomp
|-damage|p1a: Garchomp|0 fnt
|-damage|p2a: Kingambit|87/100|[from] ability: Rough Skin|[of] p1a: Garchomp
|faint|p1a: Garchomp
|-damage|p2a: Kingambit|78/100|[from] item: Life Orb
|
|win|imaarboliva
|l|☆lilacq
|player|p1|
||lilacq is ready for game 2.
||imaarboliva is ready for game 2.
|uhtml|next|Next: Game 2 of 3
