|j|☆Gurrasnurra5
|j|☆barri deagol
|html|Gurrasnurra5barri deagol    
|uhtml|bestof|Game 2 of a best-of-3
|t:|1756398157
|gametype|doubles
|player|p1|Gurrasnurra5|wattson|1204
|player|p2|barri deagol|collector|1108
|gen|9
|tier|[Gen 9] VGC 2025 Reg H (Bo3)
|rated|
|rule|Species Clause: Limit one of each Pokémon
|rule|Item Clause: Limit 1 of each item
|clearpoke
|poke|p1|Incineroar, L50, M|
|poke|p1|Amoonguss, L50, M|
|poke|p1|Kingambit, L50, M|
|poke|p1|Dragonite, L50, F|
|poke|p1|Basculegion, L50, M|
|poke|p1|Ninetales-Alola, L50, F|
|poke|p2|Garchomp, L50, F|
|poke|p2|Weezing-Galar, L50, F|
|poke|p2|Archaludon, L50, M|
|poke|p2|Gholdengo, L50|
|poke|p2|Talonflame, L50, M|
|poke|p2|Annihilape, L50, F|
|teampreview|4
|showteam|p1|Incineroar||SafetyGoggles|Intimidate|FakeOut,FlareBlitz,KnockOff,PartingShot|||M|||50|,,,,,Ghost]Amoonguss||CovertCloak|Regenerator|Spore,RagePowder,PollenPuff,Protect|||M|||50|,,,,,Water]Kingambit||BlackGlasses|Defiant|KowtowCleave,SuckerPunch,SwordsDance,Protect|||M|||50|,,,,,Dark]Dragonite||LoadedDice|Multiscale|ScaleShot,Protect,ExtremeSpeed,StompingTantrum|||F|||50|,,,,,Ground]Basculegion||ChoiceScarf|Adaptability|WaveCrash,LastRespects,FlipTurn,TeraBlast|||M|||50|,,,,,Fighting]Ninetales-Alola||FocusSash|SnowWarning|Blizzard,AuroraVeil,Encore,Protect|||F|||50|,,,,,Ghost
|showteam|p2|Garchomp||LifeOrb|RoughSkin|DragonClaw,Earthquake,StompingTantrum,Protect|||F|||50|,,,,,Ground]Weezing-Galar||FocusSash|NeutralizingGas|Protect,SludgeBomb,Taunt,StrangeSteam|||F|||50|,,,,,Flying]Archaludon||PowerHerb|Sturdy|ElectroShot,Thunderbolt,DracoMeteor,Protect|||M|||50|,,,,,Electric]Gholdengo||ChoiceSpecs|GoodasGold|ShadowBall,DazzlingGleam,PowerGem,MakeItRain||||||50|,,,,,Fairy]Talonflame||CovertCloak|GaleWings|Tailwind,DualWingbeat,WillOWisp,FlareBlitz|||M|||50|,,,,,Stellar]Annihilape||AssaultVest|Defiant|CloseCombat,RageFist,FinalGambit,IcePunch|||F|||50|,,,,,Grass
|
|t:|1756398190
|teamsize|p1|4
|teamsize|p2|4
|start
|switch|p1a: Dragonite|Dragonite, L50, F|100/100
|switch|p1b: Amoonguss|Amoonguss, L50, M|100/100
|switch|p2a: Talonflame|Talonflame, L50, M|100/100
|switch|p2b: Archaludon|Archaludon, L50, M|100/100
|turn|1
|
|t:|1756398218
|move|p1b: Amoonguss|Rage Powder|p1b: Amoonguss
|-singleturn|p1b: Amoonguss|move: Rage Powder
|move|p2a: Talonflame|Tailwind|p2a: Talonflame
|-sidestart|p2: barri deagol|move: Tailwind
|move|p2b: Archaludon|Electro Shot||[still]
|-prepare|p2b: Archaludon|Electro Shot
|-boost|p2b: Archaludon|spa|1
|-enditem|p2b: Archaludon|Power Herb
|-anim|p2b: Archaludon|Electro Shot|p1b: Amoonguss
|-resisted|p1b: Amoonguss
|-damage|p1b: Amoonguss|75/100
|move|p1a: Dragonite|Scale Shot|p2a: Talonflame
|-damage|p2a: Talonflame|77/100
|-damage|p2a: Talonflame|55/100
|-damage|p2a: Talonflame|33/100
|-damage|p2a: Talonflame|10/100
|-damage|p2a: Talonflame|0 fnt
|faint|p2a: Talonflame
|-hitcount|p2: Talonflame|5
|-unboost|p1a: Dragonite|def|1
|-boost|p1a: Dragonite|spe|1
|
|upkeep
|
|t:|1756398243
|switch|p2a: Gholdengo|Gholdengo, L50|100/100
|turn|2
|inactive|Battle timer is ON: inactive players will automatically lose when time's up. (requested by Gurrasnurra5)
|inactive|barri deagol has 60 seconds left.
|
|t:|1756398342
|-terastallize|p2a: Gholdengo|Fairy
|move|p1a: Dragonite|Protect|p1a: Dragonite
|-singleturn|p1a: Dragonite|Protect
|move|p2b: Archaludon|Thunderbolt|p1a: Dragonite
|-activate|p1a: Dragonite|move: Protect
|move|p2a: Gholdengo|Dazzling Gleam|p1b: Amoonguss|[spread] p1b
|-activate|p1a: Dragonite|move: Protect
|-resisted|p1b: Amoonguss
|-damage|p1b: Amoonguss|55/100
|move|p1b: Amoonguss|Spore|p2b: Archaludon
|-status|p2b: Archaludon|slp|[from] move: Spore
|
|upkeep
|turn|3
|
|t:|1756398366
|move|p1b: Amoonguss|Rage Powder|p1b: Amoonguss
|-singleturn|p1b: Amoonguss|move: Rage Powder
|cant|p2b: Archaludon|slp
|move|p2a: Gholdengo|Dazzling Gleam|p1a: Dragonite|[spread] p1a,p1b
|-supereffective|p1a: Dragonite
|-resisted|p1b: Amoonguss
|-damage|p1a: Dragonite|46/100
|-damage|p1b: Amoonguss|34/100
|move|p1a: Dragonite|Stomping Tantrum|p2b: Archaludon
|-supereffective|p2b: Archaludon
|-damage|p2b: Archaludon|46/100 slp
|
|upkeep
|turn|4
|inactive|Gurrasnurra5 has 30 seconds left.
|
|t:|1756398394
|move|p1a: Dragonite|Protect|p1a: Dragonite
|-singleturn|p1a: Dragonite|Protect
|-curestatus|p2b: Archaludon|slp|[msg]
|move|p2b: Archaludon|Thunderbolt|p1b: Amoonguss
|-resisted|p1b: Amoonguss
|-damage|p1b: Amoonguss|15/100
|move|p2a: Gholdengo|Dazzling Gleam|p1a: Dragonite|[spread] p1b
|-activate|p1a: Dragonite|move: Protect
|-resisted|p1b: Amoonguss
|-damage|p1b: Amoonguss|0 fnt
|faint|p1b: Amoonguss
|
|-sideend|p2: barri deagol|move: Tailwind
|upkeep
|inactive|Gurrasnurra5 has 30 seconds left.
|
|t:|1756398421
|switch|p1b: Basculegion|Basculegion, L50, M|100/100
|turn|5
|
|t:|1756398440
|move|p2b: Archaludon|Protect|p2b: Archaludon
|-singleturn|p2b: Archaludon|Protect
|move|p1a: Dragonite|Extreme Speed|p2a: Gholdengo
|-damage|p2a: Gholdengo|69/100
|move|p1b: Basculegion|Wave Crash|p2a: Gholdengo
|-damage|p2a: Gholdengo|0 fnt
|faint|p2a: Gholdengo
|-damage|p1b: Basculegion|80/100|[from] Recoil
|
|upkeep
|
|t:|1756398452
|switch|p2a: Annihilape|Annihilape, L50, F|100/100
|turn|6
|
|t:|1756398467
|move|p1a: Dragonite|Stomping Tantrum|p2b: Archaludon
|-supereffective|p2b: Archaludon
|-damage|p2b: Archaludon|0 fnt
|faint|p2b: Archaludon
|move|p1b: Basculegion|Wave Crash|p2a: Annihilape
|-damage|p2a: Annihilape|9/100
|-damage|p1b: Basculegion|51/100|[from] Recoil
|move|p2a: Annihilape|Rage Fist|p1b: Basculegion
|-supereffective|p1b: Basculegion
|-damage|p1b: Basculegion|0 fnt
|faint|p1b: Basculegion
|
|upkeep
|
|t:|1756398474
|switch|p1b: Kingambit|Kingambit, L50, M|100/100
|turn|7
|
|t:|1756398490
|move|p1b: Kingambit|Sucker Punch|p2a: Annihilape
|-damage|p2a: Annihilape|0 fnt
|faint|p2a: Annihilape
|
|win|Gurrasnurra5
|raw|Gurrasnurra5's rating: 1204 → 1222(+18 for winning)
|raw|barri deagol's rating: 1108 → 1090(-18 for losing)
