|j|☆testy accounty 2
|j|☆Awesome Person III
|html|testy accounty 2Awesome Person III    
|uhtml|bestof|Game 1 of a best-of-3
|t:|1785987149
|gametype|doubles
|player|p1|testy accounty 2|169|
|player|p2|Awesome Person III|fisherman-gen4|
|gen|9
|tier|[Gen 9 Champions] VGC 2026 Reg M-B (Bo3)
|rule|Species Clause: Limit one of each Pokémon
|rule|Item Clause: Limit 1 of each item
|clearpoke
|poke|p1|Staraptor, L50, M|
|poke|p1|Raichu, L50, M|
|poke|p1|Farigiraf, L50, F|
|poke|p1|Arcanine-Hisui, L50, M|
|poke|p1|Sylveon, L50, F|
|poke|p1|Kingambit, L50, M|
|poke|p2|Garchomp, L50, M|
|poke|p2|Delphox, L50, F|
|poke|p2|Floette-Eternal, L50, F|
|poke|p2|Incineroar, L50, M|
|poke|p2|Sneasler, L50, F|
|poke|p2|Sinistcha, L50|
|teampreview|4
|showteam|p1|Staraptor||Staraptite|Intimidate|CloseCombat,DualWingbeat,Tailwind,Protect|Jolly||M|||50|]Raichu||RaichuniteY|LightningRod|ZapCannon,FocusBlast,FakeOut,Protect|Timid||M|||50|]Farigiraf||SitrusBerry|ArmorTail|Psychic,HelpingHand,TrickRoom,Protect|Calm||F|||50|]Arcanine-Hisui||FocusSash|RockHead|FlareBlitz,HeadSmash,ExtremeSpeed,Protect|Jolly||M|||50|]Sylveon||FairyFeather|Pixilate|HyperVoice,HyperBeam,QuickAttack,Detect|Modest||F|||50|]Kingambit||LifeOrb|Defiant|KowtowCleave,SuckerPunch,SwordsDance,Protect|Adamant||M|||50|
|showteam|p2|Garchomp||ChoiceScarf|RoughSkin|DragonClaw,StompingTantrum,Earthquake,RockSlide|Adamant||M|||50|]Delphox||Delphoxite|Blaze|Psychic,HeatWave,Protect,NastyPlot|Timid||F|||50|]Floette-Eternal||Floettite|FlowerVeil|DazzlingGleam,DrainingKiss,Protect,CalmMind|Timid||F|||50|]Incineroar||Leftovers|Intimidate|FlareBlitz,FakeOut,PartingShot,HelpingHand|Impish||M|||50|]Sneasler||FocusSash|PoisonTouch|CloseCombat,PoisonJab,FakeOut,QuickGuard|Jolly||F|||50|]Sinistcha||SitrusBerry|Hospitality|MatchaGotcha,Protect,LifeDew,RagePowder|Impish|||||50|
|inactive|Battle timer is ON: inactive players will automatically lose when time's up. (requested by Awesome Person III)
|l|☆testy accounty 2
|inactive|testy accounty 2 disconnected and has 300 seconds to reconnect!
|player|p1|
|inactiveoff|Battle timer is now OFF.
|j| Energiesole
|j|☆testy accounty 2
|player|p1|testy accounty 2|169|
|j| Tindall64
|inactive|Battle timer is ON: inactive players will automatically lose when time's up. (requested by Awesome Person III)
|j| Plopy14
|
|t:|1785987228
|teamsize|p1|4
|teamsize|p2|4
|start
|switch|p1a: Staraptor|Staraptor, L50, M|100/100
|switch|p1b: Sylveon|Sylveon, L50, F|100/100
|switch|p2a: Floette|Floette-Eternal, L50, F|100/100
|switch|p2b: Sneasler|Sneasler, L50, F|100/100
|-ability|p1a: Staraptor|Intimidate|boost
|-unboost|p2a: Floette|atk|1
|-unboost|p2b: Sneasler|atk|1
|turn|1
|c| Plopy14|Unoriginal vs Unoriginal V2
|inactive|testy accounty 2 has 30 seconds left.
|inactive|Awesome Person III has 30 seconds left.
|inactive|Awesome Person III has 20 seconds left.
|inactive|Awesome Person III has 15 seconds left.
|inactive|Awesome Person III has 10 seconds left.
|inactive|testy accounty 2 has 20 seconds left.
|
|t:|1785987280
|switch|p1b: Arcanine|Arcanine-Hisui, L50, M|100/100
|move|p1a: Staraptor|Protect|p1a: Staraptor
|-singleturn|p1a: Staraptor|Protect
|move|p2b: Sneasler|Fake Out|p1a: Staraptor
|-activate|p1a: Staraptor|move: Protect
|move|p2a: Floette|Calm Mind|p2a: Floette
|-boost|p2a: Floette|spa|1
|-boost|p2a: Floette|spd|1
|
|upkeep
|turn|2
|inactive|testy accounty 2 has 30 seconds left.
|
|t:|1785987307
|switch|p2b: Incineroar|Incineroar, L50, M|100/100
|-ability|p2b: Incineroar|Intimidate|boost
|-unboost|p1a: Staraptor|atk|1
|-unboost|p1b: Arcanine|atk|1
|detailschange|p1a: Staraptor|Staraptor-Mega, L50, M
|-mega|p1a: Staraptor|Staraptor|Staraptite
|detailschange|p2a: Floette|Floette-Mega, L50, F
|-mega|p2a: Floette|Floette|Floettite
|-ability|p2a: Floette|Fairy Aura
|move|p1a: Staraptor|Tailwind|p1a: Staraptor
|-sidestart|p1: testy accounty 2|move: Tailwind
|move|p1b: Arcanine|Head Smash|p2a: Floette
|-damage|p2a: Floette|54/100
|move|p2a: Floette|Draining Kiss|p1a: Staraptor
|-supereffective|p1a: Staraptor|1
|-damage|p1a: Staraptor|0 fnt
|-heal|p2a: Floette|100/100|[from] drain|[of] p1a: Staraptor
|faint|p1a: Staraptor
|
|upkeep
|inactive|testy accounty 2 has 30 seconds left.
|
|t:|1785987333
|switch|p1a: Sylveon|Sylveon, L50, F|100/100
|turn|3
|
|t:|1785987344
|switch|p1a: Farigiraf|Farigiraf, L50, F|100/100
|move|p2b: Incineroar|Fake Out||[still]
|cant|p1a: Farigiraf|ability: Armor Tail|Fake Out|[of] p2b: Incineroar
|move|p1b: Arcanine|Head Smash|p2a: Floette
|-damage|p2a: Floette|50/100g
|move|p2a: Floette|Calm Mind|p2a: Floette
|-boost|p2a: Floette|spa|1
|-boost|p2a: Floette|spd|1
|
|upkeep
|turn|4
|inactive|testy accounty 2 has 30 seconds left.
|
|t:|1785987371
|switch|p2b: Sinistcha|Sinistcha, L50|100/100
|-heal|p2a: Floette|75/100|[from] ability: Hospitality|[of] p2b: Sinistcha
|move|p1a: Farigiraf|Helping Hand|p1b: Arcanine
|-singleturn|p1b: Arcanine|Helping Hand|[of] p1a: Farigiraf
|move|p2a: Floette|Protect|p2a: Floette
|-singleturn|p2a: Floette|Protect
|move|p1b: Arcanine|Flare Blitz|p2b: Sinistcha
|-supereffective|p2b: Sinistcha|1
|-damage|p2b: Sinistcha|10/100
|-status|p2b: Sinistcha|brn
|-enditem|p2b: Sinistcha|Sitrus Berry|[eat]
|-heal|p2b: Sinistcha|35/100 brn|[from] item: Sitrus Berry
|
|-damage|p2b: Sinistcha|29/100 brn|[from] brn
|upkeep
|turn|5
|
|t:|1785987396
|switch|p2b: Incineroar|Incineroar, L50, M|100/100
|-ability|p2b: Incineroar|Intimidate|boost
|-unboost|p1a: Farigiraf|atk|1
|-unboost|p1b: Arcanine|atk|1
|move|p1b: Arcanine|Flare Blitz|p2b: Incineroar
|-resisted|p2b: Incineroar|1
|-damage|p2b: Incineroar|89/100
|move|p2a: Floette|Draining Kiss|p1a: Farigiraf
|-damage|p1a: Farigiraf|40/100
|-heal|p2a: Floette|100/100|[from] drain|[of] p1a: Farigiraf
|-enditem|p1a: Farigiraf|Sitrus Berry|[eat]
|-heal|p1a: Farigiraf|65/100|[from] item: Sitrus Berry
|move|p1a: Farigiraf|Trick Room|p1a: Farigiraf
|-fieldstart|move: Trick Room|[of] p1a: Farigiraf
|
|-heal|p2b: Incineroar|95/100|[from] item: Leftovers
|-sideend|p1: testy accounty 2|move: Tailwind
|upkeep
|turn|6
|
|t:|1785987407
|move|p1a: Farigiraf|Helping Hand|p1b: Arcanine
|-singleturn|p1b: Arcanine|Helping Hand|[of] p1a: Farigiraf
|move|p2b: Incineroar|Parting Shot|p1b: Arcanine
|-unboost|p1b: Arcanine|atk|1
|-unboost|p1b: Arcanine|spa|1
|
|t:|1785987409
|switch|p2b: Sneasler|Sneasler, L50, F|100/100|[from] Parting Shot
|move|p1b: Arcanine|Head Smash|p2a: Floette
|-damage|p2a: Floette|57/100
|move|p2a: Floette|Dazzling Gleam|p1b: Arcanine|[spread] p1a,p1b
|-resisted|p1b: Arcanine|1
|-damage|p1a: Farigiraf|0 fnt
|-damage|p1b: Arcanine|49/100
|faint|p1a: Farigiraf
|
|upkeep
|
|t:|1785987418
|switch|p1a: Sylveon|Sylveon, L50, F|100/100
|turn|7
|l| Energiesole
|
|t:|1785987428
|move|p1a: Sylveon|Detect|p1a: Sylveon
|-singleturn|p1a: Sylveon|Protect
|move|p2b: Sneasler|Fake Out|p1a: Sylveon
|-activate|p1a: Sylveon|move: Protect
|move|p1b: Arcanine|Flare Blitz|p2a: Floette
|-damage|p2a: Floette|35/100
|move|p2a: Floette|Dazzling Gleam|p1b: Arcanine|[spread] p1b
|-activate|p1a: Sylveon|move: Protect
|-resisted|p1b: Arcanine|1
|-damage|p1b: Arcanine|0 fnt
|faint|p1b: Arcanine
|
|upkeep
|turn|8
|
|t:|1785987438
|switch|p2b: Sinistcha|Sinistcha, L50|29/100 brn
|-heal|p2a: Floette|60/100|[from] ability: Hospitality|[of] p2b: Sinistcha
|move|p2a: Floette|Protect|p2a: Floette
|-singleturn|p2a: Floette|Protect
|move|p1a: Sylveon|Hyper Voice|p2a: Floette|[spread] p2b
|-activate|p2a: Floette|move: Protect
|-damage|p2b: Sinistcha|0 fnt
|faint|p2b: Sinistcha
|
|upkeep
|
|t:|1785987440
|switch|p2b: Incineroar|Incineroar, L50, M|95/100
|-ability|p2b: Incineroar|Intimidate|boost
|-unboost|p1a: Sylveon|atk|1
|turn|9
|
|t:|1785987453
|move|p2b: Incineroar|Fake Out|p1a: Sylveon
|-damage|p1a: Sylveon|88/100
|cant|p1a: Sylveon|flinch
|move|p2a: Floette|Dazzling Gleam|p1a: Sylveon
|-damage|p1a: Sylveon|0 fnt
|faint|p1a: Sylveon
|
|win|Awesome Person III
||Awesome Person III is ready for game 2.
||testy accounty 2 is ready for game 2.
|uhtml|next|Next: Game 2 of 3
|l|☆Awesome Person III
|player|p2|
|l| Tindall64
