|j|☆reuman
|j|☆ghjk09
|html|reumanghjk09    
|uhtml|bestof|Game 1 of a best-of-3
|t:|1784192430
|gametype|doubles
|player|p1|reuman|lucas|1096
|player|p2|ghjk09|red|1046
|gen|9
|tier|[Gen 9 Champions] VGC 2026 Reg M-B (Bo3)
|rated|
|rule|Species Clause: Limit one of each Pokémon
|rule|Item Clause: Limit 1 of each item
|clearpoke
|poke|p1|Garchomp, L50, F|
|poke|p1|Basculegion, L50, M|
|poke|p1|Tyranitar, L50, F|
|poke|p1|Incineroar, L50, F|
|poke|p1|Gengar, L50, M, shiny|
|poke|p1|Dragapult, L50, M|
|poke|p2|Qwilfish, L50, M|
|poke|p2|Malamar, L50, F|
|poke|p2|Audino, L50, M|
|poke|p2|Chandelure, L50, M|
|poke|p2|Zoroark-Hisui, L50, F|
|poke|p2|Whimsicott, L50, F|
|teampreview|4
|showteam|p1|Garchomp||LifeOrb|SandVeil|RockSlide,DragonClaw,StompingTantrum,Protect|Jolly||F|||50|]Basculegion||ChoiceScarf|Adaptability|AquaJet,WaveCrash,LastRespects,FlipTurn|Jolly||M|||50|]Tyranitar||Tyranitarite|SandStream|Crunch,RockSlide,Protect,ThunderPunch|Adamant||F|||50|]Incineroar||SitrusBerry|Intimidate|ThroatChop,FlareBlitz,FakeOut,PartingShot|Careful||F|||50|]Gengar||Gengarite|CursedBody|ShadowBall,SludgeWave,PerishSong,Protect|Timid||M|||50|]Dragapult||FocusSash|ClearBody|ShadowBall,Protect,DragonPulse,Thunderbolt|Timid||M|||50|
|showteam|p2|Qwilfish||Leftovers|Intimidate|Minimize,SwordsDance,ThroatChop,Stockpile|Impish||M|||50|]Malamar||Malamarite|Contrary|ThroatChop,PsychUp,Rest,Superpower|Impish||F|||50|]Audino||MentalHerb|Healer|SimpleBeam,HealPulse,Protect,TrickRoom|Serious||M|||50|]Chandelure||SitrusBerry|FlashFire|AcidArmor,CalmMind,Flamethrower,Minimize|Bold||M|||50|]Zoroark-Hisui||ChoiceScarf|Illusion|WillOWisp,Memento,RainDance,Taunt|Jolly||F|||50|]Whimsicott||LifeOrb|Prankster|Memento,GrassKnot,LightScreen,SunnyDay|Modest||F|||50|
|inactive|Battle timer is ON: inactive players will automatically lose when time's up. (requested by reuman)
|
|t:|1784192449
|teamsize|p1|4
|teamsize|p2|4
|start
|switch|p1a: Gengar|Gengar, L50, M, shiny|100/100
|switch|p1b: Basculegion|Basculegion, L50, M|100/100
|switch|p2a: Whimsicott|Whimsicott, L50, F|100/100
|switch|p2b: Audino|Audino, L50, M|100/100
|turn|1
|
|t:|1784192471
|detailschange|p1a: Gengar|Gengar-Mega, L50, M, shiny
|-mega|p1a: Gengar|Gengar|Gengarite
|move|p2a: Whimsicott|Memento|p1b: Basculegion
|-unboost|p1b: Basculegion|atk|2
|-unboost|p1b: Basculegion|spa|2
|faint|p2a: Whimsicott
|move|p1b: Basculegion|Flip Turn|p2b: Audino
|-damage|p2b: Audino|80/100
|
|t:|1784192480
|switch|p1b: Tyranitar|Tyranitar, L50, F|100/100|[from] Flip Turn
|-weather|Sandstorm|[from] ability: Sand Stream|[of] p1b: Tyranitar
|move|p1a: Gengar|Sludge Wave|p2b: Audino|[spread] p1b,p2b
|-resisted|p1b: Tyranitar|1
|-damage|p1b: Tyranitar|87/100
|-damage|p2b: Audino|39/100
|move|p2b: Audino|Trick Room|p2b: Audino
|-fieldstart|move: Trick Room|[of] p2b: Audino
|
|-weather|Sandstorm|[upkeep]
|-damage|p2b: Audino|33/100|[from] Sandstorm
|-damage|p1a: Gengar|94/100|[from] Sandstorm
|upkeep
|
|t:|1784192494
|switch|p2a: Qwilfish|Qwilfish, L50, M|100/100
|-ability|p2a: Qwilfish|Intimidate|boost
|-unboost|p1a: Gengar|atk|1
|-unboost|p1b: Tyranitar|atk|1
|turn|2
|
|t:|1784192509
|move|p2b: Audino|Simple Beam|p2a: Qwilfish
|-ability|p2a: Qwilfish|Simple|Intimidate|[from] move: Simple Beam
|move|p1b: Tyranitar|Rock Slide|p2a: Qwilfish|[spread] p2a
|-miss|p1b: Tyranitar|p2b: Audino
|-damage|p2a: Qwilfish|78/100
|move|p2a: Qwilfish|Minimize|p2a: Qwilfish
|-boost|p2a: Qwilfish|evasion|4
|move|p1a: Gengar|Perish Song|p1a: Gengar
|-start|p1a: Gengar|perish3|[silent]
|-start|p1b: Tyranitar|perish3|[silent]
|-start|p2a: Qwilfish|perish3|[silent]
|-start|p2b: Audino|perish3|[silent]
|-fieldactivate|move: Perish Song
|
|-weather|Sandstorm|[upkeep]
|-damage|p2b: Audino|27/100|[from] Sandstorm
|-damage|p2a: Qwilfish|72/100|[from] Sandstorm
|-damage|p1a: Gengar|88/100|[from] Sandstorm
|-heal|p2a: Qwilfish|78/100|[from] item: Leftovers
|-start|p2b: Audino|perish3
|-start|p1b: Tyranitar|perish3
|-start|p2a: Qwilfish|perish3
|-start|p1a: Gengar|perish3
|upkeep
|turn|3
|inactive|reuman has 30 seconds left.
|inactive|ghjk09 has 30 seconds left.
|
|t:|1784192542
|move|p1a: Gengar|Protect|p1a: Gengar
|-singleturn|p1a: Gengar|Protect
|move|p2b: Audino|Simple Beam|p1a: Gengar
|-activate|p1a: Gengar|move: Protect
|move|p1b: Tyranitar|Rock Slide|p2b: Audino|[spread] p2b
|-miss|p1b: Tyranitar|p2a: Qwilfish
|-damage|p2b: Audino|4/100
|move|p2a: Qwilfish|Swords Dance|p2a: Qwilfish
|-boost|p2a: Qwilfish|atk|4
|
|-weather|Sandstorm|[upkeep]
|-damage|p2b: Audino|0 fnt|[from] Sandstorm
|-damage|p2a: Qwilfish|72/100|[from] Sandstorm
|-damage|p1a: Gengar|82/100|[from] Sandstorm
|faint|p2b: Audino
|-heal|p2a: Qwilfish|78/100|[from] item: Leftovers
|-start|p1b: Tyranitar|perish2
|-start|p2a: Qwilfish|perish2
|-start|p1a: Gengar|perish2
|upkeep
|
|t:|1784192563
|switch|p2b: Malamar|Malamar, L50, F|100/100
|turn|4
|
|t:|1784192583
|switch|p1a: Basculegion|Basculegion, L50, M|100/100
|detailschange|p2b: Malamar|Malamar-Mega, L50, F
|-mega|p2b: Malamar|Malamar|Malamarite
|move|p1b: Tyranitar|Protect|p1b: Tyranitar
|-singleturn|p1b: Tyranitar|Protect
|move|p2a: Qwilfish|Throat Chop|p1a: Basculegion
|-supereffective|p1a: Basculegion|1
|-damage|p1a: Basculegion|0 fnt
|faint|p1a: Basculegion
|move|p2b: Malamar|Psych Up|p2a: Qwilfish
|-copyboost|p2b: Malamar|p2a: Qwilfish|[from] move: Psych Up
|
|-weather|Sandstorm|[upkeep]
|-damage|p2a: Qwilfish|72/100|[from] Sandstorm
|-damage|p2b: Malamar|93/100|[from] Sandstorm
|-heal|p2a: Qwilfish|78/100|[from] item: Leftovers
|-start|p1b: Tyranitar|perish1
|-start|p2a: Qwilfish|perish1
|upkeep
|
|t:|1784192595
|switch|p1a: Gengar|Gengar-Mega, L50, M, shiny|82/100
|turn|5
|
|t:|1784192613
|move|p1b: Tyranitar|Protect|p1b: Tyranitar
|-singleturn|p1b: Tyranitar|Protect
|move|p1a: Gengar|Protect|p1a: Gengar
|-singleturn|p1a: Gengar|Protect
|move|p2a: Qwilfish|Throat Chop|p1a: Gengar
|-activate|p1a: Gengar|move: Protect
|move|p2b: Malamar|Superpower|p1b: Tyranitar
|-activate|p1b: Tyranitar|move: Protect
|
|-weather|none
|-heal|p2a: Qwilfish|84/100|[from] item: Leftovers
|-start|p1b: Tyranitar|perish0
|-start|p2a: Qwilfish|perish0
|-fieldend|move: Trick Room
|faint|p1b: Tyranitar
|faint|p2a: Qwilfish
|upkeep
|
|t:|1784192625
|switch|p1b: Garchomp|Garchomp, L50, F|100/100
|turn|6
|
|t:|1784192638
|move|p1a: Gengar|Shadow Ball|p2b: Malamar|[miss]
|-miss|p1a: Gengar|p2b: Malamar
|move|p1b: Garchomp|Dragon Claw|p2b: Malamar|[miss]
|-miss|p1b: Garchomp|p2b: Malamar
|move|p2b: Malamar|Throat Chop|p1a: Gengar
|-supereffective|p1a: Gengar|1
|-damage|p1a: Gengar|0 fnt
|faint|p1a: Gengar
|
|upkeep
|turn|7
|
|t:|1784192652
|move|p1b: Garchomp|Dragon Claw|p2b: Malamar
|-damage|p2b: Malamar|50/100g
|-damage|p1b: Garchomp|90/100|[from] item: Life Orb
|move|p2b: Malamar|Superpower|p1b: Garchomp
|-damage|p1b: Garchomp|7/100
|-boost|p2b: Malamar|atk|1
|-boost|p2b: Malamar|def|1
|
|upkeep
|turn|8
|
|t:|1784192664
|move|p1b: Garchomp|Stomping Tantrum|p2b: Malamar
|-damage|p2b: Malamar|22/100
|-damage|p1b: Garchomp|0 fnt|[from] item: Life Orb
|faint|p1b: Garchomp
|
|win|ghjk09
||reuman is ready for game 2.
