|j|☆bahia ducati
|j|☆Jakobtc
|html|bahia ducatiJakobtc    
|uhtml|bestof|Game 2 of a best-of-3
|t:|1756832119
|gametype|doubles
|player|p1|bahia ducati|skier|1125
|player|p2|Jakobtc|riley|1146
|gen|9
|tier|[Gen 9] VGC 2025 Reg H (Bo3)
|rated|
|rule|Species Clause: Limit one of each Pokémon
|rule|Item Clause: Limit 1 of each item
|clearpoke
|poke|p1|Dragonite, L50, M|
|poke|p1|Gholdengo, L50|
|poke|p1|Ursaluna-Bloodmoon, L50, M|
|poke|p1|Annihilape, L50, M|
|poke|p1|Maushold-Four, L50|
|poke|p1|Rillaboom, L50, M|
|poke|p2|Gholdengo, L50|
|poke|p2|Incineroar, L50, F|
|poke|p2|Porygon2, L50|
|poke|p2|Ursaluna, L50, M|
|poke|p2|Kilowattrel, L50, F|
|poke|p2|Amoonguss, L50, M|
|teampreview|4
|showteam|p1|Dragonite||LoadedDice|Multiscale|ScaleShot,Tailwind,Haze,Protect|||M|||50|,,,,,Fairy]Gholdengo||LifeOrb|GoodasGold|MakeItRain,ShadowBall,NastyPlot,Protect||||||50|,,,,,Water]Ursaluna-Bloodmoon||AssaultVest|MindsEye|BloodMoon,EarthPower,HyperVoice,VacuumWave|||M|||50|,,,,,Water]Annihilape||SitrusBerry|Defiant|DrainPunch,RageFist,BulkUp,Protect|||M|||50|,,,,,Fire]Maushold-Four||FocusSash|FriendGuard|SuperFang,BeatUp,FollowMe,Protect||||||50|,,,,,Ghost]Rillaboom||MiracleSeed|GrassySurge|WoodHammer,GrassyGlide,HighHorsepower,FakeOut|||M|||50|,,,,,Fire
|showteam|p2|Gholdengo||LifeOrb|GoodasGold|MakeItRain,ShadowBall,NastyPlot,Protect||||||50|,,,,,Water]Incineroar||SafetyGoggles|Intimidate|FakeOut,FlareBlitz,KnockOff,PartingShot|||F|||50|,,,,,Bug]Porygon2||Eviolite|Download|TeraBlast,IceBeam,TrickRoom,Recover||||||50|,,,,,Fighting]Ursaluna||FlameOrb|Guts|Facade,HeadlongRush,Earthquake,Protect|||M|||50|,,,,,Ghost]Kilowattrel||FocusSash|Competitive|AirSlash,Thunderbolt,Tailwind,Protect|||F|||50|,,,,,Ghost]Amoonguss||SitrusBerry|Regenerator|Spore,RagePowder,PollenPuff,Protect|||M|||50|,,,,,Water
|inactive|Battle timer is ON: inactive players will automatically lose when time's up. (requested by bahia ducati)
|inactive|bahia ducati has 60 seconds left.
|inactive|Jakobtc has 60 seconds left.
|inactive|bahia ducati has 30 seconds left.
|
|t:|1756832184
|teamsize|p1|4
|teamsize|p2|4
|start
|switch|p1a: Ursaluna|Ursaluna-Bloodmoon, L50, M|100/100
|switch|p1b: Rillaboom|Rillaboom, L50, M|100/100
|switch|p2a: Gholdengo|Gholdengo, L50|100/100
|switch|p2b: Amoonguss|Amoonguss, L50, M|100/100
|-fieldstart|move: Grassy Terrain|[from] ability: Grassy Surge|[of] p1b: Rillaboom
|turn|1
|inactive|Jakobtc has 30 seconds left.
|
|t:|1756832215
|move|p2a: Gholdengo|Protect|p2a: Gholdengo
|-singleturn|p2a: Gholdengo|Protect
|move|p2b: Amoonguss|Protect|p2b: Amoonguss
|-singleturn|p2b: Amoonguss|Protect
|move|p1b: Rillaboom|Fake Out|p2b: Amoonguss
|-activate|p2b: Amoonguss|move: Protect
|move|p1a: Ursaluna|Blood Moon|p2a: Gholdengo
|-activate|p2a: Gholdengo|move: Protect
|
|upkeep
|turn|2
|inactive|bahia ducati has 30 seconds left.
|
|t:|1756832241
|switch|p2a: Ursaluna|Ursaluna, L50, M|100/100
|move|p1b: Rillaboom|High Horsepower|p2a: Ursaluna
|-damage|p2a: Ursaluna|76/100
|move|p1a: Ursaluna|Earth Power|p2a: Ursaluna
|-damage|p2a: Ursaluna|27/100
|-unboost|p2a: Ursaluna|spd|1
|move|p2b: Amoonguss|Spore|p1a: Ursaluna
|-status|p1a: Ursaluna|slp|[from] move: Spore
|
|-heal|p2a: Ursaluna|33/100|[from] Grassy Terrain
|-status|p2a: Ursaluna|brn|[from] item: Flame Orb
|upkeep
|turn|3
|inactive|bahia ducati has 30 seconds left.
|
|t:|1756832266
|switch|p2a: Porygon2|Porygon2, L50, shiny|100/100
|-ability|p2a: Porygon2|Download|boost
|-boost|p2a: Porygon2|spa|1
|switch|p2b: Gholdengo|Gholdengo, L50|100/100
|move|p1b: Rillaboom|Grassy Glide|p2a: Porygon2
|-damage|p2a: Porygon2|72/100
|cant|p1a: Ursaluna|slp
|
|-heal|p2a: Porygon2|78/100|[from] Grassy Terrain
|upkeep
|turn|4
|
|t:|1756832289
|move|p2b: Gholdengo|Make It Rain|p1a: Ursaluna|[spread] p1a,p1b
|-damage|p1a: Ursaluna|64/100 slp
|-damage|p1b: Rillaboom|35/100
|-unboost|p2b: Gholdengo|spa|1
|-damage|p2b: Gholdengo|91/100|[from] item: Life Orb
|move|p1b: Rillaboom|Wood Hammer|p2a: Porygon2
|-damage|p2a: Porygon2|20/100
|-damage|p1b: Rillaboom|17/100|[from] Recoil
|move|p2a: Porygon2|Ice Beam|p1a: Ursaluna
|-supereffective|p1a: Ursaluna
|-damage|p1a: Ursaluna|11/100 slp
|cant|p1a: Ursaluna|slp
|
|-heal|p2b: Gholdengo|97/100|[from] Grassy Terrain
|-heal|p1b: Rillaboom|23/100|[from] Grassy Terrain
|-heal|p2a: Porygon2|26/100|[from] Grassy Terrain
|-heal|p1a: Ursaluna|17/100 slp|[from] Grassy Terrain
|upkeep
|turn|5
|
|t:|1756832312
|switch|p2a: Amoonguss|Amoonguss, L50, M|100/100
|move|p1b: Rillaboom|Grassy Glide|p2a: Amoonguss
|-resisted|p2a: Amoonguss
|-damage|p2a: Amoonguss|91/100
|cant|p1a: Ursaluna|slp
|move|p2b: Gholdengo|Make It Rain|p1b: Rillaboom|[spread] p1a,p1b
|-damage|p1a: Ursaluna|0 fnt
|-damage|p1b: Rillaboom|0 fnt
|-unboost|p2b: Gholdengo|spa|1
|faint|p1a: Ursaluna
|faint|p1b: Rillaboom
|-damage|p2b: Gholdengo|88/100|[from] item: Life Orb
|
|-heal|p2b: Gholdengo|94/100|[from] Grassy Terrain
|-heal|p2a: Amoonguss|97/100|[from] Grassy Terrain
|-fieldend|move: Grassy Terrain
|upkeep
|
|t:|1756832323
|switch|p1b: Maushold|Maushold-Four, L50|100/100
|switch|p1a: Annihilape|Annihilape, L50, M|100/100
|turn|6
|
|t:|1756832343
|switch|p2b: Porygon2|Porygon2, L50, shiny|26/100
|-ability|p2b: Porygon2|Download|boost
|-boost|p2b: Porygon2|atk|1
|move|p1b: Maushold|Follow Me|p1b: Maushold
|-singleturn|p1b: Maushold|move: Follow Me
|move|p1a: Annihilape|Bulk Up|p1a: Annihilape
|-boost|p1a: Annihilape|atk|1
|-boost|p1a: Annihilape|def|1
|move|p2a: Amoonguss|Spore|p1b: Maushold
|-status|p1b: Maushold|slp|[from] move: Spore
|
|upkeep
|turn|7
|
|t:|1756832357
|cant|p1b: Maushold|slp
|move|p1a: Annihilape|Drain Punch|p2b: Porygon2
|-supereffective|p2b: Porygon2
|-damage|p2b: Porygon2|0 fnt
|faint|p2b: Porygon2
|move|p2a: Amoonguss|Spore|p1a: Annihilape
|-status|p1a: Annihilape|slp|[from] move: Spore
|
|upkeep
|
|t:|1756832365
|switch|p2b: Gholdengo|Gholdengo, L50|94/100
|turn|8
|
|t:|1756832373
|cant|p1a: Annihilape|slp
|-curestatus|p1b: Maushold|slp|[msg]
|move|p1b: Maushold|Follow Me|p1b: Maushold
|-singleturn|p1b: Maushold|move: Follow Me
|move|p2a: Amoonguss|Rage Powder|p2a: Amoonguss
|-singleturn|p2a: Amoonguss|move: Rage Powder
|move|p2b: Gholdengo|Nasty Plot|p2b: Gholdengo
|-boost|p2b: Gholdengo|spa|2
|
|upkeep
|turn|9
|inactive|bahia ducati has 30 seconds left.
|
|t:|1756832404
|-terastallize|p1a: Annihilape|Fire
|move|p2a: Amoonguss|Rage Powder|p2a: Amoonguss
|-singleturn|p2a: Amoonguss|move: Rage Powder
|move|p1b: Maushold|Super Fang|p2a: Amoonguss
|-damage|p2a: Amoonguss|49/100
|-enditem|p2a: Amoonguss|Sitrus Berry|[eat]
|-heal|p2a: Amoonguss|74/100|[from] item: Sitrus Berry
|cant|p1a: Annihilape|slp
|move|p2b: Gholdengo|Make It Rain|p1a: Annihilape|[spread] p1a,p1b
|-resisted|p1a: Annihilape
|-damage|p1a: Annihilape|60/100 slp
|-enditem|p1b: Maushold|Focus Sash
|-damage|p1b: Maushold|1/100
|-unboost|p2b: Gholdengo|spa|1
|-damage|p2b: Gholdengo|84/100|[from] item: Life Orb
|
|upkeep
|turn|10
|
|t:|1756832425
|-terastallize|p2b: Gholdengo|Water
|move|p2a: Amoonguss|Protect|p2a: Amoonguss
|-singleturn|p2a: Amoonguss|Protect
|move|p1b: Maushold|Super Fang|p2a: Amoonguss
|-activate|p2a: Amoonguss|move: Protect
|-curestatus|p1a: Annihilape|slp|[msg]
|move|p1a: Annihilape|Rage Fist|p2a: Amoonguss
|-activate|p2a: Amoonguss|move: Protect
|move|p2b: Gholdengo|Make It Rain|p1b: Maushold|[spread] p1a,p1b
|-resisted|p1a: Annihilape
|-damage|p1a: Annihilape|33/100
|-damage|p1b: Maushold|0 fnt
|-unboost|p2b: Gholdengo|spa|1
|-enditem|p1a: Annihilape|Sitrus Berry|[eat]
|-heal|p1a: Annihilape|58/100|[from] item: Sitrus Berry
|faint|p1b: Maushold
|-damage|p2b: Gholdengo|75/100|[from] item: Life Orb
|
|upkeep
|turn|11
|
|t:|1756832447
|move|p2a: Amoonguss|Rage Powder|p2a: Amoonguss
|-singleturn|p2a: Amoonguss|move: Rage Powder
|move|p1a: Annihilape|Rage Fist|p2a: Amoonguss
|-damage|p2a: Amoonguss|0 fnt
|faint|p2a: Amoonguss
|move|p2b: Gholdengo|Shadow Ball|p1a: Annihilape
|-damage|p1a: Annihilape|9/100
|-damage|p2b: Gholdengo|65/100|[from] item: Life Orb
|
|upkeep
|
|t:|1756832456
|switch|p2a: Ursaluna|Ursaluna, L50, M|33/100 brn
|turn|12
|
|t:|1756832473
|move|p1a: Annihilape|Protect|p1a: Annihilape
|-singleturn|p1a: Annihilape|Protect
|move|p2b: Gholdengo|Shadow Ball|p1a: Annihilape
|-activate|p1a: Annihilape|move: Protect
|move|p2a: Ursaluna|Facade|p1a: Annihilape
|-activate|p1a: Annihilape|move: Protect
|
|-damage|p2a: Ursaluna|27/100 brn|[from] brn
|upkeep
|turn|13
|
|t:|1756832489
|move|p1a: Annihilape|Drain Punch|p2b: Gholdengo
|-damage|p2b: Gholdengo|16/100
|-heal|p1a: Annihilape|30/100|[from] drain|[of] p2b: Gholdengo
|move|p2b: Gholdengo|Shadow Ball|p1a: Annihilape
|-damage|p1a: Annihilape|0 fnt
|faint|p1a: Annihilape
|-damage|p2b: Gholdengo|7/100|[from] item: Life Orb
|
|win|Jakobtc
||bahia ducati is ready for game 3.
