|j|☆XavyXavy
|j|☆marcosdeltasena31
|html|XavyXavymarcosdeltasena31    
|uhtml|bestof|Game 3 of a best-of-3
|t:|1754699990
|gametype|doubles
|player|p1|XavyXavy|caitlin|1322
|player|p2|marcosdeltasena31|hilbert|1262
|gen|9
|tier|[Gen 9] VGC 2025 Reg H (Bo3)
|rated|
|rule|Species Clause: Limit one of each Pokémon
|rule|Item Clause: Limit 1 of each item
|clearpoke
|poke|p1|Primarina, L50, M|
|poke|p1|Kingambit, L50, M|
|poke|p1|Dragapult, L50, M|
|poke|p1|Sneasler, L50, F|
|poke|p1|Rillaboom, L50, F|
|poke|p1|Magmar, L50, F|
|poke|p2|Dragonite, L50, F|
|poke|p2|Sneasler, L50, F|
|poke|p2|Volcarona, L50, F|
|poke|p2|Rillaboom, L50, M|
|poke|p2|Kingambit, L50, F|
|poke|p2|Electabuzz, L50, F|
|teampreview|4
|showteam|p1|Primarina||SitrusBerry|LiquidVoice|HyperVoice,Moonblast,Haze,Protect|||M|||50|,,,,,Poison]Kingambit||DreadPlate|Defiant|KowtowCleave,SuckerPunch,Protect,SwordsDance|||M|||50|,,,,,Ghost]Dragapult||ChoiceBand|ClearBody|DragonDarts,Outrage,PhantomForce,Uturn|||M|||50|,,,,,Dragon]Sneasler||FocusSash|PoisonTouch|FakeOut,CloseCombat,DireClaw,Protect|||F|||50|,,,,,Stellar]Rillaboom||AssaultVest|GrassySurge|WoodHammer,GrassyGlide,FakeOut,HighHorsepower|||F|||50|,,,,,Fire]Magmar||Eviolite|VitalSpirit|WillOWisp,Overheat,FollowMe,Protect|||F|||50|,,,,,Ghost
|showteam|p2|Dragonite||LoadedDice|Multiscale|ScaleShot,ExtremeSpeed,Haze,Protect|||F|||50|,,,,,Fairy]Sneasler||FocusSash|PoisonTouch|DireClaw,CloseCombat,FakeOut,Coaching|||F|||50|,,,,,Ghost]Volcarona||CovertCloak|FlameBody|HeatWave,TeraBlast,QuiverDance,Protect|||F|||50|,,,,,Fairy]Rillaboom||AssaultVest|GrassySurge|WoodHammer,FakeOut,GrassyGlide,HighHorsepower|||M|||50|,,,,,Fire]Kingambit||BlackGlasses|Defiant|KowtowCleave,SwordsDance,SuckerPunch,Protect|||F|||50|,,,,,Dark]Electabuzz||Eviolite|VitalSpirit|Electroweb,FollowMe,Taunt,Protect|||F|||50|,,,,,Ghost
|inactive|Battle timer is ON: inactive players will automatically lose when time's up. (requested by XavyXavy)
|inactive|XavyXavy has 60 seconds left.
|
|t:|1754700031
|teamsize|p1|4
|teamsize|p2|4
|start
|switch|p1a: Kingambit|Kingambit, L50, M|100/100
|switch|p1b: Sneasler|Sneasler, L50, F|100/100
|switch|p2a: Volcarona|Volcarona, L50, F|100/100
|switch|p2b: Electabuzz|Electabuzz, L50, F|100/100
|turn|1
|
|t:|1754700048
|-terastallize|p2a: Volcarona|Fairy
|move|p2b: Electabuzz|Follow Me|p2b: Electabuzz
|-singleturn|p2b: Electabuzz|move: Follow Me
|move|p1b: Sneasler|Dire Claw|p2b: Electabuzz
|-damage|p2b: Electabuzz|63/100
|move|p2a: Volcarona|Quiver Dance|p2a: Volcarona
|-boost|p2a: Volcarona|spa|1
|-boost|p2a: Volcarona|spd|1
|-boost|p2a: Volcarona|spe|1
|move|p1a: Kingambit|Swords Dance|p1a: Kingambit
|-boost|p1a: Kingambit|atk|2
|
|upkeep
|turn|2
|inactive|XavyXavy has 30 seconds left.
|
|t:|1754700078
|switch|p1b: Magmar|Magmar, L50, F|100/100
|-terastallize|p1a: Kingambit|Ghost
|move|p2b: Electabuzz|Follow Me|p2b: Electabuzz
|-singleturn|p2b: Electabuzz|move: Follow Me
|move|p2a: Volcarona|Heat Wave|p1b: Magmar|[spread] p1a,p1b
|-crit|p1a: Kingambit
|-resisted|p1b: Magmar
|-damage|p1a: Kingambit|25/100
|-damage|p1b: Magmar|80/100
|-status|p1a: Kingambit|brn
|move|p1a: Kingambit|Kowtow Cleave|p2b: Electabuzz
|-damage|p2b: Electabuzz|21/100
|
|-damage|p1a: Kingambit|19/100 brn|[from] brn
|upkeep
|turn|3
|inactive|XavyXavy has 30 seconds left.
|
|t:|1754700110
|move|p1a: Kingambit|Protect|p1a: Kingambit
|-singleturn|p1a: Kingambit|Protect
|move|p2b: Electabuzz|Follow Me|p2b: Electabuzz
|-singleturn|p2b: Electabuzz|move: Follow Me
|move|p2a: Volcarona|Heat Wave|p1a: Kingambit|[spread] p1b
|-activate|p1a: Kingambit|move: Protect
|-resisted|p1b: Magmar
|-damage|p1b: Magmar|59/100
|move|p1b: Magmar|Overheat|p2b: Electabuzz
|-damage|p2b: Electabuzz|0 fnt
|-unboost|p1b: Magmar|spa|2
|faint|p2b: Electabuzz
|
|-damage|p1a: Kingambit|14/100 brn|[from] brn
|upkeep
|
|t:|1754700124
|switch|p2b: Sneasler|Sneasler, L50, F|100/100
|turn|4
|
|t:|1754700129
|move|p1b: Magmar|Protect|p1b: Magmar
|-singleturn|p1b: Magmar|Protect
|move|p1a: Kingambit|Sucker Punch|p2b: Sneasler
|-resisted|p2b: Sneasler
|-damage|p2b: Sneasler|62/100
|move|p2a: Volcarona|Heat Wave|p1b: Magmar|[spread] 
|-activate|p1b: Magmar|move: Protect
|-miss|p2a: Volcarona|p1a: Kingambit
|move|p2b: Sneasler|Close Combat|p1b: Magmar
|-activate|p1b: Magmar|move: Protect
|
|-damage|p1a: Kingambit|8/100 brn|[from] brn
|upkeep
|turn|5
|
|t:|1754700150
|switch|p1b: Primarina|Primarina, L50, M|100/100
|move|p1a: Kingambit|Sucker Punch|p2b: Sneasler
|-resisted|p2b: Sneasler
|-damage|p2b: Sneasler|20/100
|move|p2a: Volcarona|Heat Wave|p1a: Kingambit|[spread] p1a
|-miss|p2a: Volcarona|p1b: Primarina
|-damage|p1a: Kingambit|0 fnt
|faint|p1a: Kingambit
|move|p2b: Sneasler|Close Combat|p1b: Primarina
|-resisted|p1b: Primarina
|-damage|p1b: Primarina|67/100
|-unboost|p2b: Sneasler|def|1
|-unboost|p2b: Sneasler|spd|1
|-status|p1b: Primarina|psn|[from] ability: Poison Touch|[of] p2b: Sneasler
|
|-damage|p1b: Primarina|55/100 psn|[from] psn
|upkeep
|
|t:|1754700165
|switch|p1a: Magmar|Magmar, L50, F|59/100
|turn|6
|
|t:|1754700173
|move|p1a: Magmar|Follow Me|p1a: Magmar
|-singleturn|p1a: Magmar|move: Follow Me
|move|p2a: Volcarona|Tera Blast|p1a: Magmar|[anim] Tera Blast Fairy
|-resisted|p1a: Magmar
|-damage|p1a: Magmar|37/100
|move|p2b: Sneasler|Close Combat|p1a: Magmar
|-damage|p1a: Magmar|0 fnt
|-unboost|p2b: Sneasler|def|1
|-unboost|p2b: Sneasler|spd|1
|faint|p1a: Magmar
|move|p1b: Primarina|Hyper Voice|p2b: Sneasler|[spread] p2a,p2b
|-crit|p2a: Volcarona
|-damage|p2a: Volcarona|52/100
|-damage|p2b: Sneasler|0 fnt
|faint|p2b: Sneasler
|
|-damage|p1b: Primarina|42/100 psn|[from] psn
|upkeep
|-enditem|p1b: Primarina|Sitrus Berry|[eat]
|-heal|p1b: Primarina|67/100 psn|[from] item: Sitrus Berry
|
|t:|1754700185
|switch|p2b: Dragonite|Dragonite, L50, F|100/100
|switch|p1a: Sneasler|Sneasler, L50, F|100/100
|turn|7
|inactive|XavyXavy has 30 seconds left.
|
|t:|1754700217
|move|p2a: Volcarona|Protect|p2a: Volcarona
|-singleturn|p2a: Volcarona|Protect
|move|p2b: Dragonite|Protect|p2b: Dragonite
|-singleturn|p2b: Dragonite|Protect
|move|p1a: Sneasler|Fake Out|p2b: Dragonite
|-activate|p2b: Dragonite|move: Protect
|move|p1b: Primarina|Moonblast|p2b: Dragonite
|-activate|p2b: Dragonite|move: Protect
|
|-damage|p1b: Primarina|55/100 psn|[from] psn
|upkeep
|turn|8
|
|t:|1754700240
|move|p2b: Dragonite|Extreme Speed|p1a: Sneasler
|-damage|p1a: Sneasler|50/100
|move|p2a: Volcarona|Tera Blast|p1a: Sneasler|[anim] Tera Blast Fairy
|-damage|p1a: Sneasler|0 fnt
|faint|p1a: Sneasler
|move|p1b: Primarina|Moonblast|p2b: Dragonite
|-supereffective|p2b: Dragonite
|-damage|p2b: Dragonite|48/100
|-unboost|p2b: Dragonite|spa|1
|
|-damage|p1b: Primarina|42/100 psn|[from] psn
|upkeep
|turn|9
|
|t:|1754700251
|move|p2b: Dragonite|Extreme Speed|p1b: Primarina
|-damage|p1b: Primarina|10/100 psn
|move|p2a: Volcarona|Tera Blast|p1b: Primarina|[anim] Tera Blast Fairy
|-damage|p1b: Primarina|0 fnt
|faint|p1b: Primarina
|
|win|marcosdeltasena31
|raw|XavyXavy's rating: 1322 → 1299(-23 for losing)
|raw|marcosdeltasena31's rating: 1262 → 1291(+29 for winning)
