|j|☆f Night Ladder
|j|☆aox93
|html|f Night Ladderaox93    
|uhtml|bestof|Game 2 of a best-of-3
|t:|1756771241
|gametype|doubles
|player|p1|f Night Ladder|miku-ghost|1126
|player|p2|aox93|n|1299
|gen|9
|tier|[Gen 9] VGC 2025 Reg H (Bo3)
|rated|
|rule|Species Clause: Limit one of each Pokémon
|rule|Item Clause: Limit 1 of each item
|clearpoke
|poke|p1|Dugtrio, L50, F|
|poke|p1|Electrode-Hisui, L50|
|poke|p1|Archaludon, L50, F|
|poke|p1|Dragonite, L50, F|
|poke|p1|Milotic, L50, F|
|poke|p1|Chandelure, L50, M|
|poke|p2|Basculegion, L50, M|
|poke|p2|Archaludon, L50, M|
|poke|p2|Pelipper, L50, M|
|poke|p2|Incineroar, L50, M|
|poke|p2|Gholdengo, L50|
|poke|p2|Amoonguss, L50, F|
|teampreview|4
|showteam|p1|Dugtrio||FocusSash|ArenaTrap|SuckerPunch,Endeavor,Earthquake,Protect|||F|||50|,,,,,Dark]Electrode-Hisui||SharpBeak|Static|Taunt,TeraBlast,Electroweb,Protect||||||50|,,,,,Flying]Archaludon||PowerHerb|Stalwart|ElectroShot,FlashCannon,DracoMeteor,Protect|||F|||50|,,,,,Electric]Dragonite||LoadedDice|Multiscale|ScaleShot,ExtremeSpeed,LowKick,Protect|||F|||50|,,,,,Fairy]Milotic||SafetyGoggles|Competitive|Scald,Protect,IceBeam,Haze|||F|||50|,,,,,Dragon]Chandelure||AirBalloon|FlashFire|HeatWave,ShadowBall,TrickRoom,Protect|||M|||50|,,,,,Grass
|showteam|p2|Basculegion||ChoiceBand|SwiftSwim|FlipTurn,WaveCrash,AquaJet,LastRespects|||M|||50|,,,,,Water]Archaludon||AssaultVest|Stamina|ElectroShot,DracoMeteor,FlashCannon,BodyPress|||M|||50|,,,,,Grass]Pelipper||FocusSash|Drizzle|Protect,Tailwind,Hurricane,WeatherBall|||M|||50|,,,,,Ghost]Incineroar||SafetyGoggles|Intimidate|FakeOut,KnockOff,PartingShot,Taunt|||M|||50|,,,,,Ghost]Gholdengo||LifeOrb|GoodasGold|Protect,NastyPlot,MakeItRain,ShadowBall||||||50|,,,,,Water]Amoonguss||RockyHelmet|Regenerator|Protect,RagePowder,Spore,PollenPuff|||F|||50|,,,,,Dark
|
|t:|1756771277
|teamsize|p1|4
|teamsize|p2|4
|start
|switch|p1a: Electrode|Electrode-Hisui, L50|100/100
|switch|p1b: Dugtrio|Dugtrio, L50, F|100/100
|switch|p2a: Pelipper|Pelipper, L50, M, shiny|100/100
|switch|p2b: Basculegion|Basculegion, L50, M, shiny|100/100
|-weather|RainDance|[from] ability: Drizzle|[of] p2a: Pelipper
|turn|1
|
|t:|1756771310
|-terastallize|p2b: Basculegion|Water
|-terastallize|p1b: Dugtrio|Dark
|move|p1b: Dugtrio|Sucker Punch|p2b: Basculegion
|-damage|p2b: Basculegion|61/100
|move|p2b: Basculegion|Wave Crash|p1a: Electrode
|-resisted|p1a: Electrode
|-damage|p1a: Electrode|0 fnt
|faint|p1a: Electrode
|-damage|p2b: Basculegion|38/100|[from] Recoil
|move|p2a: Pelipper|Tailwind|p2a: Pelipper
|-sidestart|p2: aox93|move: Tailwind
|
|-weather|RainDance|[upkeep]
|upkeep
|
|t:|1756771322
|switch|p1a: Dragonite|Dragonite, L50, F|100/100
|turn|2
|
|t:|1756771341
|move|p1b: Dugtrio|Sucker Punch|p2b: Basculegion
|-damage|p2b: Basculegion|0 fnt
|faint|p2b: Basculegion
|move|p2a: Pelipper|Hurricane|p1a: Dragonite
|-damage|p1a: Dragonite|74/100
|move|p1a: Dragonite|Scale Shot|p2a: Pelipper|[miss]
|-miss|p1a: Dragonite|p2a: Pelipper
|
|-weather|RainDance|[upkeep]
|upkeep
|
|t:|1756771355
|switch|p2b: Gholdengo|Gholdengo, L50|100/100
|turn|3
|
|t:|1756771374
|move|p1b: Dugtrio|Sucker Punch|p2a: Pelipper
|-damage|p2a: Pelipper|55/100
|move|p2b: Gholdengo|Make It Rain|p1b: Dugtrio|[spread] p1a,p1b
|-damage|p1a: Dragonite|1/100
|-enditem|p1b: Dugtrio|Focus Sash
|-damage|p1b: Dugtrio|1/100
|-unboost|p2b: Gholdengo|spa|1
|-damage|p2b: Gholdengo|91/100|[from] item: Life Orb
|move|p2a: Pelipper|Hurricane|p1b: Dugtrio
|-damage|p1b: Dugtrio|0 fnt
|faint|p1b: Dugtrio
|move|p1a: Dragonite|Scale Shot|p2b: Gholdengo|[miss]
|-miss|p1a: Dragonite|p2b: Gholdengo
|
|-weather|RainDance|[upkeep]
|upkeep
|
|t:|1756771391
|switch|p1b: Archaludon|Archaludon, L50, F|100/100
|turn|4
|c|☆aox93|Holy rng
|c|☆aox93|I am so sorry lol
|
|t:|1756771412
|switch|p2a: Archaludon|Archaludon, L50, M, shiny|100/100
|move|p1a: Dragonite|Protect|p1a: Dragonite
|-singleturn|p1a: Dragonite|Protect
|move|p2b: Gholdengo|Nasty Plot|p2b: Gholdengo
|-boost|p2b: Gholdengo|spa|2
|move|p1b: Archaludon|Electro Shot||[still]
|-prepare|p1b: Archaludon|Electro Shot
|-boost|p1b: Archaludon|spa|1
|-anim|p1b: Archaludon|Electro Shot|p2b: Gholdengo
|-damage|p2b: Gholdengo|4/100
|
|-weather|RainDance|[upkeep]
|-sideend|p2: aox93|move: Tailwind
|upkeep
|turn|5
|
|t:|1756771456
|move|p1b: Archaludon|Electro Shot||[still]
|-prepare|p1b: Archaludon|Electro Shot
|-boost|p1b: Archaludon|spa|1
|-anim|p1b: Archaludon|Electro Shot|p2b: Gholdengo
|-damage|p2b: Gholdengo|0 fnt
|faint|p2b: Gholdengo
|move|p1a: Dragonite|Low Kick|p2a: Archaludon
|-supereffective|p2a: Archaludon
|-crit|p2a: Archaludon
|-damage|p2a: Archaludon|34/100
|-ability|p2a: Archaludon|Stamina|boost
|-boost|p2a: Archaludon|def|1
|move|p2a: Archaludon|Electro Shot||[still]
|-prepare|p2a: Archaludon|Electro Shot
|-boost|p2a: Archaludon|spa|1
|-anim|p2a: Archaludon|Electro Shot|p1a: Dragonite
|-damage|p1a: Dragonite|0 fnt
|faint|p1a: Dragonite
|
|-weather|none
|upkeep
|
|t:|1756771474
|switch|p2b: Pelipper|Pelipper, L50, M, shiny|55/100
|-weather|RainDance|[from] ability: Drizzle|[of] p2b: Pelipper
|turn|6
|
|t:|1756771482
|move|p2b: Pelipper|Protect|p2b: Pelipper
|-singleturn|p2b: Pelipper|Protect
|move|p1b: Archaludon|Draco Meteor|p2a: Archaludon
|-damage|p2a: Archaludon|0 fnt
|-unboost|p1b: Archaludon|spa|2
|faint|p2a: Archaludon
|
|-weather|RainDance|[upkeep]
|upkeep
|turn|7
|
|t:|1756771493
|move|p1b: Archaludon|Electro Shot||[still]
|-prepare|p1b: Archaludon|Electro Shot
|-boost|p1b: Archaludon|spa|1
|-anim|p1b: Archaludon|Electro Shot|p2b: Pelipper
|-supereffective|p2b: Pelipper
|-damage|p2b: Pelipper|0 fnt
|faint|p2b: Pelipper
|
|win|f Night Ladder
|raw|f Night Ladder's rating: 1126 → 1163(+37 for winning)
|raw|aox93's rating: 1299 → 1262(-37 for losing)
|l|☆aox93
|player|p2|
