|j|☆zampe96
|j|☆chefbenboyrd
|html|zampe96chefbenboyrd    
|uhtml|bestof|Game 3 of a best-of-3
|t:|1757700908
|gametype|doubles
|player|p1|zampe96|101|1084
|player|p2|chefbenboyrd|brawly|1163
|gen|9
|tier|[Gen 9] VGC 2025 Reg H (Bo3)
|rated|
|rule|Species Clause: Limit one of each Pokémon
|rule|Item Clause: Limit 1 of each item
|clearpoke
|poke|p1|Dragapult, L50, F|
|poke|p1|Kingambit, L50, F|
|poke|p1|Gholdengo, L50|
|poke|p1|Talonflame, L50, M|
|poke|p1|Ursaluna-Bloodmoon, L50, M|
|poke|p1|Sneasler, L50, M|
|poke|p2|Whimsicott, L50, M|
|poke|p2|Indeedee, L50, M|
|poke|p2|Ursaluna-Bloodmoon, L50, M|
|poke|p2|Incineroar, L50, F|
|poke|p2|Sneasler, L50, M|
|poke|p2|Garchomp, L50, M|
|teampreview|4
|showteam|p1|Dragapult||ChoiceBand|ClearBody|Outrage,Uturn,DragonDarts,PhantomForce|||F|||50|,,,,,Dragon]Kingambit||AssaultVest|Defiant|Snarl,SuckerPunch,IronHead,KowtowCleave|||F|||50|,,,,,Fairy]Gholdengo||MetalCoat|GoodasGold|NastyPlot,Protect,MakeItRain,ShadowBall||||||50|,,,,,Steel]Talonflame||CovertCloak|GaleWings|Tailwind,DualWingbeat,Protect,FlareBlitz|||M|||50|,,,,,Dark]Ursaluna-Bloodmoon||LifeOrb|MindsEye|BloodMoon,HyperVoice,EarthPower,VacuumWave|||M|||50|,,,,,Normal]Sneasler||FocusSash|Unburden|ThroatChop,Protect,CloseCombat,DireClaw|||M|||50|,,,,,Stellar
|showteam|p2|Whimsicott||CovertCloak|Prankster|SunnyDay,Encore,Tailwind,Moonblast|||M|||50|,,,,,Ghost]Indeedee||FocusSash|PsychicSurge|ExpandingForce,TrickRoom,HelpingHand,Protect|||M|||50|,,,,,Psychic]Ursaluna-Bloodmoon||LifeOrb|MindsEye|BloodMoon,HyperVoice,EarthPower,Protect|||M|||50|,,,,,Normal]Incineroar||SafetyGoggles|Intimidate|FlareBlitz,KnockOff,PartingShot,FakeOut|||F|||50|,,,,,Ghost]Sneasler||PsychicSeed|Unburden|DireClaw,CloseCombat,ThroatChop,Protect|||M|||50|,,,,,Dark]Garchomp||ClearAmulet|RoughSkin|StompingTantrum,Earthquake,Protect,DragonClaw|||M|||50|,,,,,Steel
|
|t:|1757700937
|teamsize|p1|4
|teamsize|p2|4
|start
|switch|p1a: Dragapult|Dragapult, L50, F|100/100
|switch|p1b: Talonflame|Talonflame, L50, M|100/100
|switch|p2a: Incineroar|Incineroar, L50, F|100/100
|switch|p2b: Sneasler|Sneasler, L50, M|100/100
|-ability|p2a: Incineroar|Intimidate|boost
|-fail|p1a: Dragapult|unboost|[from] ability: Clear Body|[of] p1a: Dragapult
|-unboost|p1b: Talonflame|atk|1
|turn|1
|inactive|Battle timer is ON: inactive players will automatically lose when time's up. (requested by chefbenboyrd)
|inactive|zampe96 has 60 seconds left.
|inactive|zampe96 has 30 seconds left.
|
|t:|1757701002
|move|p2b: Sneasler|Protect|p2b: Sneasler
|-singleturn|p2b: Sneasler|Protect
|move|p1b: Talonflame|Dual Wingbeat|p2b: Sneasler
|-activate|p2b: Sneasler|move: Protect
|move|p1a: Dragapult|U-turn|p2a: Incineroar
|-crit|p2a: Incineroar
|-damage|p2a: Incineroar|44/100
|
|t:|1757701006
|switch|p1a: Kingambit|Kingambit, L50, F|100/100|[from] U-turn
|move|p2a: Incineroar|Parting Shot|p1b: Talonflame
|-unboost|p1b: Talonflame|atk|1
|-unboost|p1b: Talonflame|spa|1
|
|t:|1757701014
|switch|p2a: Indeedee|Indeedee, L50, M|100/100|[from] Parting Shot
|-fieldstart|move: Psychic Terrain|[from] ability: Psychic Surge|[of] p2a: Indeedee
|-enditem|p2b: Sneasler|Psychic Seed
|-boost|p2b: Sneasler|spd|1|[from] item: Psychic Seed
|
|upkeep
|turn|2
|inactive|zampe96 has 30 seconds left.
|inactive|zampe96 has 20 seconds left.
|
|t:|1757701051
|-terastallize|p2b: Sneasler|Dark
|-terastallize|p1a: Kingambit|Fairy
|move|p2b: Sneasler|Close Combat|p1a: Kingambit
|-resisted|p1a: Kingambit
|-damage|p1a: Kingambit|73/100
|-unboost|p2b: Sneasler|def|1
|-unboost|p2b: Sneasler|spd|1
|move|p1b: Talonflame|Flare Blitz|p2a: Indeedee
|-damage|p2a: Indeedee|52/100
|-status|p2a: Indeedee|brn
|-damage|p1b: Talonflame|86/100|[from] Recoil
|move|p2a: Indeedee|Expanding Force|p1a: Kingambit|[spread] p1a,p1b
|-crit|p1a: Kingambit
|-damage|p1a: Kingambit|25/100
|-damage|p1b: Talonflame|11/100
|move|p1a: Kingambit|Snarl|p2a: Indeedee|[spread] p2a,p2b
|-supereffective|p2a: Indeedee
|-resisted|p2b: Sneasler
|-damage|p2a: Indeedee|25/100 brn
|-damage|p2b: Sneasler|95/100
|-unboost|p2a: Indeedee|spa|1
|-unboost|p2b: Sneasler|spa|1
|
|-damage|p2a: Indeedee|20/100 brn|[from] brn
|upkeep
|turn|3
|inactive|zampe96 has 30 seconds left.
|inactive|chefbenboyrd has 30 seconds left.
|inactive|zampe96 has 20 seconds left.
|inactive|zampe96 has 15 seconds left.
|inactive|zampe96 has 10 seconds left.
|
|t:|1757701099
|switch|p1a: Gholdengo|Gholdengo, L50|100/100
|move|p2b: Sneasler|Throat Chop|p1b: Talonflame
|-damage|p1b: Talonflame|0 fnt
|faint|p1b: Talonflame
|move|p2a: Indeedee|Expanding Force|p1a: Gholdengo
|-resisted|p1a: Gholdengo
|-damage|p1a: Gholdengo|77/100
|
|-damage|p2a: Indeedee|14/100 brn|[from] brn
|upkeep
|
|t:|1757701107
|switch|p1b: Dragapult|Dragapult, L50, F|100/100
|turn|4
|
|t:|1757701129
|move|p2a: Indeedee|Helping Hand|p2b: Sneasler
|-singleturn|p2b: Sneasler|Helping Hand|[of] p2a: Indeedee
|move|p2b: Sneasler|Throat Chop|p1b: Dragapult
|-supereffective|p1b: Dragapult
|-damage|p1b: Dragapult|0 fnt
|faint|p1b: Dragapult
|move|p1a: Gholdengo|Nasty Plot|p1a: Gholdengo
|-boost|p1a: Gholdengo|spa|2
|
|-damage|p2a: Indeedee|8/100 brn|[from] brn
|upkeep
|
|t:|1757701150
|switch|p1b: Kingambit|Kingambit, L50, F, tera:Fairy|25/100
|turn|5
|
|t:|1757701158
|move|p1a: Gholdengo|Protect|p1a: Gholdengo
|-singleturn|p1a: Gholdengo|Protect
|move|p2b: Sneasler|Throat Chop|p1a: Gholdengo
|-activate|p1a: Gholdengo|move: Protect
|move|p2a: Indeedee|Expanding Force|p1b: Kingambit|[spread] p1b
|-activate|p1a: Gholdengo|move: Protect
|-damage|p1b: Kingambit|7/100
|move|p1b: Kingambit|Kowtow Cleave|p2a: Indeedee
|-supereffective|p2a: Indeedee
|-damage|p2a: Indeedee|0 fnt
|faint|p2a: Indeedee
|
|-fieldend|move: Psychic Terrain
|upkeep
|
|t:|1757701168
|switch|p2a: Garchomp|Garchomp, L50, M|100/100
|turn|6
|
|t:|1757701180
|move|p2b: Sneasler|Protect|p2b: Sneasler
|-singleturn|p2b: Sneasler|Protect
|move|p2a: Garchomp|Earthquake|p1a: Gholdengo|[spread] p1a,p1b
|-activate|p2b: Sneasler|move: Protect
|-supereffective|p1a: Gholdengo
|-damage|p1a: Gholdengo|6/100
|-damage|p1b: Kingambit|0 fnt
|faint|p1b: Kingambit
|move|p1a: Gholdengo|Make It Rain|p2a: Garchomp|[spread] p2a
|-activate|p2b: Sneasler|move: Protect
|-damage|p2a: Garchomp|0 fnt
|-unboost|p1a: Gholdengo|spa|1
|faint|p2a: Garchomp
|
|upkeep
|
|t:|1757701191
|switch|p2a: Incineroar|Incineroar, L50, F|44/100
|-ability|p2a: Incineroar|Intimidate|boost
|-unboost|p1a: Gholdengo|atk|1
|turn|7
|
|t:|1757701211
|move|p2b: Sneasler|Throat Chop|p1a: Gholdengo
|-supereffective|p1a: Gholdengo
|-damage|p1a: Gholdengo|0 fnt
|faint|p1a: Gholdengo
|
|win|chefbenboyrd
|raw|zampe96's rating: 1084 → 1066(-18 for losing)
|raw|chefbenboyrd's rating: 1163 → 1182(+19 for winning)
