|j|☆enyelvgc
|j|☆mcgiah
|html|enyelvgcmcgiah    
|uhtml|bestof|Game 1 of a best-of-3
|t:|1757723469
|gametype|doubles
|player|p1|enyelvgc|266|1118
|player|p2|mcgiah|gentleman-gen4|1016
|gen|9
|tier|[Gen 9] VGC 2025 Reg H (Bo3)
|rated|
|rule|Species Clause: Limit one of each Pokémon
|rule|Item Clause: Limit 1 of each item
|clearpoke
|poke|p1|Pelipper, L50, F|
|poke|p1|Basculegion, L50, M|
|poke|p1|Archaludon, L50, F|
|poke|p1|Dragonite, L50, F|
|poke|p1|Indeedee, L50, M|
|poke|p1|Sneasler, L50, F|
|poke|p2|Rillaboom, L50, M|
|poke|p2|Talonflame, L50, M|
|poke|p2|Excadrill, L50, M|
|poke|p2|Gastrodon, L50, F|
|poke|p2|Mismagius, L50, F|
|poke|p2|Azumarill, L50, F|
|teampreview|4
|showteam|p1|Pelipper||FocusSash|Drizzle|Hurricane,WeatherBall,Tailwind,Protect|||F|||50|,,,,,Ghost]Basculegion||ClearAmulet|SwiftSwim|Protect,WaveCrash,AquaJet,LastRespects|||M|||50|,,,,,Water]Archaludon||AssaultVest|Stamina|ElectroShot,DragonPulse,FlashCannon,BodyPress|||F|||50|,,,,,Bug]Dragonite||LoadedDice|Multiscale|ScaleShot,Tailwind,ExtremeSpeed,Protect|||F|||50|,,,,,Dragon]Indeedee||ChoiceScarf|PsychicSurge|ExpandingForce,TeraBlast,TrickRoom,Imprison|||M|||50|,,,,,Water]Sneasler||PsychicSeed|Unburden|CloseCombat,DireClaw,ThroatChop,Protect|||F|||50|,,,,,Stellar
|showteam|p2|Rillaboom||AssaultVest|GrassySurge|WoodHammer,FakeOut,Uturn,HighHorsepower|||M|||50|,,,,,Fire]Talonflame||SafetyGoggles|GaleWings|BraveBird,Tailwind,WillOWisp,Protect|||M|||50|,,,,,Ghost]Excadrill||LifeOrb|MoldBreaker|IronHead,HighHorsepower,RockSlide,Protect|||M|||50|,,,,,Flying]Gastrodon||Leftovers|StormDrain|EarthPower,IceBeam,Recover,Protect|||F|||50|,,,,,Grass]Mismagius||FocusSash|Levitate|Taunt,ShadowBall,DestinyBond,IcyWind|||F|||50|,,,,,Dark]Azumarill||SitrusBerry|HugePower|AquaJet,PlayRough,BellyDrum,Protect|||F|||50|,,,,,Water
|inactive|Battle timer is ON: inactive players will automatically lose when time's up. (requested by mcgiah)
|inactive|enyelvgc has 60 seconds left.
|inactive|enyelvgc has 30 seconds left.
|inactive|enyelvgc has 20 seconds left.
|inactive|enyelvgc has 15 seconds left.
|inactive|enyelvgc has 10 seconds left.
|inactive|enyelvgc has 5 seconds left.
|
|t:|1757723633
|teamsize|p1|4
|teamsize|p2|4
|start
|switch|p1a: Pelipper|Pelipper, L50, F|100/100
|switch|p1b: Sneasler|Sneasler, L50, F|100/100
|switch|p2a: Mismagius|Mismagius, L50, F|100/100
|switch|p2b: Talonflame|Talonflame, L50, M|100/100
|-weather|RainDance|[from] ability: Drizzle|[of] p1a: Pelipper
|turn|1
|
|t:|1757723653
|move|p2b: Talonflame|Brave Bird|p1b: Sneasler
|-supereffective|p1b: Sneasler
|-damage|p1b: Sneasler|0 fnt
|faint|p1b: Sneasler
|-damage|p2b: Talonflame|73/100|[from] Recoil
|move|p2a: Mismagius|Icy Wind|p1a: Pelipper
|-damage|p1a: Pelipper|77/100
|-unboost|p1a: Pelipper|spe|1
|move|p1a: Pelipper|Tailwind|p1a: Pelipper
|-sidestart|p1: enyelvgc|move: Tailwind
|
|-weather|RainDance|[upkeep]
|upkeep
|
|t:|1757723669
|switch|p1b: Archaludon|Archaludon, L50, F|100/100
|turn|2
|
|t:|1757723679
|move|p1b: Archaludon|Electro Shot||[still]
|-prepare|p1b: Archaludon|Electro Shot
|-boost|p1b: Archaludon|spa|1
|-anim|p1b: Archaludon|Electro Shot|p2a: Mismagius
|-damage|p2a: Mismagius|6/100
|move|p2b: Talonflame|Tailwind|p2b: Talonflame
|-sidestart|p2: mcgiah|move: Tailwind
|move|p2a: Mismagius|Destiny Bond|p2a: Mismagius
|-singlemove|p2a: Mismagius|Destiny Bond
|move|p1a: Pelipper|Weather Ball|p2b: Talonflame
|-supereffective|p2b: Talonflame
|-damage|p2b: Talonflame|0 fnt
|faint|p2b: Talonflame
|
|-weather|RainDance|[upkeep]
|upkeep
|
|t:|1757723692
|switch|p2b: Excadrill|Excadrill, L50, M|100/100
|-ability|p2b: Excadrill|Mold Breaker
|turn|3
|
|t:|1757723709
|-terastallize|p1b: Archaludon|Bug
|move|p1a: Pelipper|Protect|p1a: Pelipper
|-singleturn|p1a: Pelipper|Protect
|move|p2a: Mismagius|Shadow Ball|p1a: Pelipper
|-activate|p1a: Pelipper|move: Protect
|move|p2b: Excadrill|High Horsepower|p1b: Archaludon
|-resisted|p1b: Archaludon
|-damage|p1b: Archaludon|77/100
|-ability|p1b: Archaludon|Stamina|boost
|-boost|p1b: Archaludon|def|1
|-damage|p2b: Excadrill|91/100|[from] item: Life Orb
|move|p1b: Archaludon|Dragon Pulse|p2b: Excadrill
|-resisted|p2b: Excadrill
|-damage|p2b: Excadrill|43/100
|
|-weather|RainDance|[upkeep]
|upkeep
|turn|4
|inactive|mcgiah has 30 seconds left.
|
|t:|1757723738
|switch|p1a: Indeedee|Indeedee, L50, M|100/100
|-fieldstart|move: Psychic Terrain|[from] ability: Psychic Surge|[of] p1a: Indeedee
|move|p2a: Mismagius|Icy Wind|p1a: Indeedee|[spread] p1a,p1b
|-damage|p1a: Indeedee|83/100
|-damage|p1b: Archaludon|66/100
|-unboost|p1a: Indeedee|spe|1
|-unboost|p1b: Archaludon|spe|1
|-ability|p1b: Archaludon|Stamina|boost
|-boost|p1b: Archaludon|def|1
|move|p2b: Excadrill|Iron Head|p1b: Archaludon
|-damage|p1b: Archaludon|45/100
|-ability|p1b: Archaludon|Stamina|boost
|-boost|p1b: Archaludon|def|1
|-damage|p2b: Excadrill|33/100|[from] item: Life Orb
|move|p1b: Archaludon|Body Press|p2b: Excadrill
|-supereffective|p2b: Excadrill
|-damage|p2b: Excadrill|0 fnt
|faint|p2b: Excadrill
|
|-weather|RainDance|[upkeep]
|-sideend|p1: enyelvgc|move: Tailwind
|upkeep
|
|t:|1757723756
|switch|p2b: Rillaboom|Rillaboom, L50, M|100/100
|-fieldstart|move: Grassy Terrain|[from] ability: Grassy Surge|[of] p2b: Rillaboom
|turn|5
|
|t:|1757723781
|switch|p1a: Pelipper|Pelipper, L50, F|77/100
|move|p2b: Rillaboom|Fake Out|p1b: Archaludon
|-damage|p1b: Archaludon|40/100
|-ability|p1b: Archaludon|Stamina|boost
|-boost|p1b: Archaludon|def|1
|move|p2a: Mismagius|Shadow Ball|p1a: Pelipper
|-damage|p1a: Pelipper|22/100
|cant|p1b: Archaludon|flinch
|
|-weather|none
|-heal|p1b: Archaludon|46/100|[from] Grassy Terrain
|-sideend|p2: mcgiah|move: Tailwind
|upkeep
|turn|6
|inactive|enyelvgc has 30 seconds left.
|inactive|mcgiah has 30 seconds left.
|inactive|enyelvgc has 20 seconds left.
|inactive|enyelvgc has 15 seconds left.
|inactive|enyelvgc has 10 seconds left.
|inactive|enyelvgc has 5 seconds left.
|
|t:|1757723836
|move|p2a: Mismagius|Shadow Ball|p1b: Archaludon
|-damage|p1b: Archaludon|12/100
|-ability|p1b: Archaludon|Stamina|boost
|-boost|p1b: Archaludon|def|1
|move|p1a: Pelipper|Hurricane|p2b: Rillaboom
|-supereffective|p2b: Rillaboom
|-damage|p2b: Rillaboom|48/100
|move|p2b: Rillaboom|High Horsepower|p1b: Archaludon
|-resisted|p1b: Archaludon
|-damage|p1b: Archaludon|8/100
|-ability|p1b: Archaludon|Stamina|boost
|-boost|p1b: Archaludon|def|1
|move|p1b: Archaludon|Electro Shot||[still]
|-prepare|p1b: Archaludon|Electro Shot
|-boost|p1b: Archaludon|spa|1
|
|-heal|p2b: Rillaboom|54/100|[from] Grassy Terrain
|-heal|p1b: Archaludon|14/100|[from] Grassy Terrain
|upkeep
|turn|7
|inactive|enyelvgc has 30 seconds left.
|inactive|enyelvgc has 20 seconds left.
|inactive|enyelvgc has 15 seconds left.
|inactive|enyelvgc has 10 seconds left.
|inactive|enyelvgc has 5 seconds left.
|
|t:|1757723891
|move|p2a: Mismagius|Icy Wind|p1a: Pelipper|[spread] p1a,p1b
|-crit|p1b: Archaludon
|-damage|p1a: Pelipper|3/100
|-damage|p1b: Archaludon|0 fnt
|-unboost|p1a: Pelipper|spe|1
|faint|p1b: Archaludon
|move|p2b: Rillaboom|High Horsepower|p1a: Pelipper
|-immune|p1a: Pelipper
|move|p1a: Pelipper|Hurricane|p2a: Mismagius|[miss]
|-miss|p1a: Pelipper|p2a: Mismagius
|
|-heal|p2b: Rillaboom|60/100|[from] Grassy Terrain
|upkeep
|inactive|enyelvgc has 30 seconds left.
|inactive|enyelvgc has 20 seconds left.
|inactive|enyelvgc has 15 seconds left.
|inactive|enyelvgc has 10 seconds left.
|inactive|enyelvgc has 5 seconds left.
|
|t:|1757723946
|switch|p1b: Indeedee|Indeedee, L50, M|83/100
|-fieldstart|move: Psychic Terrain|[from] ability: Psychic Surge|[of] p1b: Indeedee
|turn|8
|inactive|enyelvgc has 30 seconds left.
|inactive|enyelvgc has 20 seconds left.
|inactive|enyelvgc has 15 seconds left.
|inactive|enyelvgc has 10 seconds left.
|inactive|enyelvgc has 5 seconds left.
|
|t:|1757724001
|move|p1b: Indeedee|Expanding Force|p2a: Mismagius|[spread] p2a,p2b
|-crit|p2b: Rillaboom
|-damage|p2a: Mismagius|0 fnt
|-damage|p2b: Rillaboom|0 fnt
|faint|p2a: Mismagius
|faint|p2b: Rillaboom
|
|win|enyelvgc
||mcgiah is ready for game 2.
|inactive|enyelvgc has 30 seconds to confirm battle start!
|inactive|enyelvgc has 20 seconds to confirm battle start!
|inactive|enyelvgc has 10 seconds to confirm battle start!
|uhtml|next|Next: Game 2 of 3
