|j|☆Tajinvgc3
|j|☆TetheredAvian74
|html|Tajinvgc3TetheredAvian74    
|uhtml|bestof|Game 1 of a best-of-3
|t:|1783994300
|gametype|doubles
|player|p1|Tajinvgc3|265|1040
|player|p2|TetheredAvian74|170|1156
|gen|9
|tier|[Gen 9 Champions] VGC 2026 Reg M-B (Bo3)
|rated|
|rule|Species Clause: Limit one of each Pokémon
|rule|Item Clause: Limit 1 of each item
|clearpoke
|poke|p1|Venusaur, L50, M, shiny|
|poke|p1|Charizard, L50, M, shiny|
|poke|p1|Pelipper, L50, F, shiny|
|poke|p1|Grimmsnarl, L50, M, shiny|
|poke|p1|Archaludon, L50, M, shiny|
|poke|p1|Basculegion, L50, M|
|poke|p2|Tyranitar, L50, M|
|poke|p2|Excadrill, L50, F|
|poke|p2|Aerodactyl, L50, F|
|poke|p2|Alakazam, L50, F|
|poke|p2|Corviknight, L50, M|
|poke|p2|Steelix, L50, M|
|teampreview|4
|showteam|p1|Venusaur||FocusSash|Chlorophyll|Protect,SludgeBomb,EarthPower,SleepPowder|Modest||M|||50|]Charizard||CharizarditeY|Blaze|Protect,HeatWave,WeatherBall,SolarBeam|Modest||M|||50|]Pelipper||SitrusBerry|Drizzle|Hurricane,Tailwind,WeatherBall,WideGuard|Modest||F|||50|]Grimmsnarl||LightClay|Prankster|SpiritBreak,Reflect,LightScreen,PartingShot|Sassy||M|||50|]Archaludon||Leftovers|Stamina|ElectroShot,Protect,DragonPulse,FlashCannon|Calm||M|||50|]Basculegion||ChoiceScarf|Adaptability|WaveCrash,AquaJet,FlipTurn,LastRespects|Jolly||M|||50|
|showteam|p2|Tyranitar||SmoothRock|SandStream|Protect,BodyPress,RockSlide,KnockOff|Impish||M|||50|]Excadrill||KingsRock|SandRush|Earthquake,RapidSpin,RockSlide,Protect|Adamant||F|||50|]Aerodactyl||Aerodactylite|Pressure|RockSlide,DualWingbeat,Tailwind,IceFang|Adamant||F|||50|]Alakazam||FocusSash|MagicGuard|NastyPlot,Psychic,EnergyBall,DazzlingGleam|Timid||F|||50|]Corviknight||SitrusBerry|MirrorArmor|BodyPress,IronDefense,Roost,Tailwind|Careful||M|||50|]Steelix||Steelixite|Sturdy|HeavySlam,Earthquake,BodyPress,RockSlide|Brave||M|||50|
|inactive|Battle timer is ON: inactive players will automatically lose when time's up. (requested by TetheredAvian74)
|inactive|Tajinvgc3 has 60 seconds left.
|inactive|TetheredAvian74 has 60 seconds left.
|
|t:|1783994339
|teamsize|p1|4
|teamsize|p2|4
|start
|switch|p1a: Grimmsnarl|Grimmsnarl, L50, M, shiny|100/100
|switch|p1b: Archaludon|Archaludon, L50, M, shiny|100/100
|switch|p2a: Aerodactyl|Aerodactyl, L50, F|100/100
|switch|p2b: Excadrill|Excadrill, L50, F|100/100
|-ability|p2a: Aerodactyl|Pressure
|turn|1
|
|t:|1783994357
|detailschange|p2a: Aerodactyl|Aerodactyl-Mega, L50, F
|-mega|p2a: Aerodactyl|Aerodactyl|Aerodactylite
|move|p1b: Archaludon|Protect|p1b: Archaludon
|-singleturn|p1b: Archaludon|Protect
|move|p1a: Grimmsnarl|Reflect|p1a: Grimmsnarl
|-sidestart|p1: Tajinvgc3|Reflect
|move|p2a: Aerodactyl|Tailwind|p2a: Aerodactyl
|-sidestart|p2: TetheredAvian74|move: Tailwind
|move|p2b: Excadrill|Earthquake|p1a: Grimmsnarl|[spread] p1a
|-activate|p1b: Archaludon|move: Protect
|-immune|p2a: Aerodactyl
|-damage|p1a: Grimmsnarl|71/100
|
|upkeep
|turn|2
|
|t:|1783994378
|move|p1a: Grimmsnarl|Parting Shot|p2b: Excadrill
|-unboost|p2b: Excadrill|atk|1
|-unboost|p2b: Excadrill|spa|1
|
|t:|1783994382
|switch|p1a: Pelipper|Pelipper, L50, F, shiny|100/100|[from] Parting Shot
|-weather|RainDance|[from] ability: Drizzle|[of] p1a: Pelipper
|move|p2a: Aerodactyl|Rock Slide|p1a: Pelipper|[spread] p1b
|-miss|p2a: Aerodactyl|p1a: Pelipper
|-resisted|p1b: Archaludon|1
|-damage|p1b: Archaludon|92/100
|-ability|p1b: Archaludon|Stamina|boost
|-boost|p1b: Archaludon|def|1
|move|p2b: Excadrill|Earthquake|p1b: Archaludon|[spread] p1b
|-immune|p2a: Aerodactyl
|-immune|p1a: Pelipper
|-supereffective|p1b: Archaludon|1
|-damage|p1b: Archaludon|71/100
|-ability|p1b: Archaludon|Stamina|boost
|-boost|p1b: Archaludon|def|1
|move|p1b: Archaludon|Electro Shot||[still]
|-prepare|p1b: Archaludon|Electro Shot
|-boost|p1b: Archaludon|spa|1
|-anim|p1b: Archaludon|Electro Shot|p2a: Aerodactyl
|-supereffective|p2a: Aerodactyl|1
|-damage|p2a: Aerodactyl|0 fnt
|faint|p2a: Aerodactyl
|
|-weather|RainDance|[upkeep]
|-heal|p1b: Archaludon|77/100|[from] item: Leftovers
|upkeep
|
|t:|1783994390
|switch|p2a: Tyranitar|Tyranitar, L50, M|100/100
|-weather|Sandstorm|[from] ability: Sand Stream|[of] p2a: Tyranitar
|turn|3
|inactive|Tajinvgc3 has 30 seconds left.
|
|t:|1783994422
|switch|p1a: Grimmsnarl|Grimmsnarl, L50, M, shiny|71/100
|move|p1b: Archaludon|Protect|p1b: Archaludon
|-singleturn|p1b: Archaludon|Protect
|move|p2b: Excadrill|Rock Slide|p1a: Grimmsnarl|[spread] p1a
|-activate|p1b: Archaludon|move: Protect
|-damage|p1a: Grimmsnarl|60/100
|move|p2a: Tyranitar|Knock Off|p1a: Grimmsnarl
|-resisted|p1a: Grimmsnarl|2
|-damage|p1a: Grimmsnarl|53/100
|-enditem|p1a: Grimmsnarl|Light Clay|[from] move: Knock Off|[of] p2a: Tyranitar
|
|-weather|Sandstorm|[upkeep]
|-damage|p1a: Grimmsnarl|47/100|[from] Sandstorm
|-heal|p1b: Archaludon|83/100|[from] item: Leftovers
|upkeep
|turn|4
|inactive|TetheredAvian74 has 30 seconds left.
|
|t:|1783994448
|switch|p2b: Alakazam|Alakazam, L50, F|100/100
|switch|p1a: Pelipper|Pelipper, L50, F, shiny|100/100
|-weather|RainDance|[from] ability: Drizzle|[of] p1a: Pelipper
|move|p2a: Tyranitar|Body Press|p1b: Archaludon
|-supereffective|p1b: Archaludon|1
|-damage|p1b: Archaludon|70/100
|-ability|p1b: Archaludon|Stamina|boost
|-boost|p1b: Archaludon|def|1
|move|p1b: Archaludon|Flash Cannon|p2a: Tyranitar
|-supereffective|p2a: Tyranitar|1
|-damage|p2a: Tyranitar|10/100
|
|-weather|RainDance|[upkeep]
|-heal|p1b: Archaludon|77/100|[from] item: Leftovers
|-sideend|p2: TetheredAvian74|move: Tailwind
|upkeep
|turn|5
|inactive|Tajinvgc3 has 30 seconds left.
|
|t:|1783994482
|switch|p2a: Excadrill|Excadrill, L50, F|100/100
|move|p2b: Alakazam|Dazzling Gleam|p1b: Archaludon|[spread] p1a,p1b
|-damage|p1a: Pelipper|73/100
|-damage|p1b: Archaludon|57/100
|-ability|p1b: Archaludon|Stamina|boost
|-boost|p1b: Archaludon|def|1
|move|p1b: Archaludon|Dragon Pulse|p2b: Alakazam
|-damage|p2b: Alakazam|21/100
|move|p1a: Pelipper|Tailwind|p1a: Pelipper
|-sidestart|p1: Tajinvgc3|move: Tailwind
|
|-weather|RainDance|[upkeep]
|-heal|p1b: Archaludon|63/100|[from] item: Leftovers
|upkeep
|turn|6
|inactive|TetheredAvian74 has 30 seconds left.
|
|t:|1783994516
|switch|p2b: Tyranitar|Tyranitar, L50, M|10/100
|-weather|Sandstorm|[from] ability: Sand Stream|[of] p2b: Tyranitar
|move|p1a: Pelipper|Wide Guard|p1a: Pelipper
|-singleturn|p1a: Pelipper|Wide Guard
|move|p2a: Excadrill|Earthquake|p1a: Pelipper|[spread] p2b
|-activate|p1a: Pelipper|move: Wide Guard
|-activate|p1b: Archaludon|move: Wide Guard
|-supereffective|p2b: Tyranitar|1
|-damage|p2b: Tyranitar|0 fnt
|faint|p2b: Tyranitar
|move|p1b: Archaludon|Flash Cannon|p2a: Excadrill
|-resisted|p2a: Excadrill|1
|-damage|p2a: Excadrill|65/100
|
|-weather|Sandstorm|[upkeep]
|-damage|p1a: Pelipper|67/100|[from] Sandstorm
|-heal|p1b: Archaludon|69/100|[from] item: Leftovers
|upkeep
|
|t:|1783994519
|switch|p2b: Alakazam|Alakazam, L50, F|21/100
|turn|7
|-message|TetheredAvian74 forfeited.
|raw|Tajinvgc3's rating: 1040 → 1085(+45 for winning)
|raw|TetheredAvian74's rating: 1156 → 1123(-33 for losing)
|
|win|Tajinvgc3
|l|☆TetheredAvian74
|player|p2|
