|j|☆AlwayzAloneGX85
|j|☆sooupp
|html|AlwayzAloneGX85sooupp    
|uhtml|bestof|Game 2 of a best-of-3
|t:|1784247043
|gametype|doubles
|player|p1|AlwayzAloneGX85|hilbert|1071
|player|p2|sooupp|170|1013
|gen|9
|tier|[Gen 9 Champions] VGC 2026 Reg M-B (Bo3)
|rated|
|rule|Species Clause: Limit one of each Pokémon
|rule|Item Clause: Limit 1 of each item
|clearpoke
|poke|p1|Mamoswine, L50, F|
|poke|p1|Froslass, L50, F|
|poke|p1|Incineroar, L50, F|
|poke|p1|Sinistcha, L50|
|poke|p1|Sneasler, L50, M|
|poke|p1|Milotic, L50, F|
|poke|p2|Metagross, L50|
|poke|p2|Primarina, L50, F|
|poke|p2|Pangoro, L50, F|
|poke|p2|Dragapult, L50, F|
|poke|p2|Hawlucha, L50, F|
|poke|p2|Delphox, L50, F|
|teampreview|4
|showteam|p1|Mamoswine||ChoiceScarf|ThickFat|HighHorsepower,IceShard,IcicleSpear,RockSlide|Jolly||F|||50|]Froslass||Froslassite|CursedBody|Blizzard,ShadowBall,AuroraVeil,DestinyBond|Timid||F|||50|]Incineroar||ShucaBerry|Intimidate|FakeOut,Taunt,DarkestLariat,FlareBlitz|Impish||F|||50|]Sinistcha||SitrusBerry|Hospitality|MatchaGotcha,ShadowBall,LifeDew,RagePowder|Bold|||||50|]Sneasler||WhiteHerb|Unburden|CloseCombat,DireClaw,FakeOut,Protect|Jolly||M|||50|]Milotic||Leftovers|Competitive|MuddyWater,Coil,IcyWind,Hypnosis|Bold||F|||50|
|showteam|p2|Metagross||Metagrossite|ClearBody|Protect,PsychicFangs,IronHead,BulletPunch|Adamant|||||50|]Primarina||Leftovers|LiquidVoice|HyperVoice,Protect,Moonblast,CalmMind|Modest||F|||50|]Pangoro||ExpertBelt|Scrappy|BrickBreak,CloseCombat,PoisonJab,DarkestLariat|Brave||F|||50|]Dragapult||LifeOrb|ClearBody|Protect,DracoMeteor,DragonDarts,Flamethrower|Naive||F|||50|]Hawlucha||Hawluchanite|MoldBreaker|Entrainment,Detect,CloseCombat,DualWingbeat|Jolly||F|||50|]Delphox||Delphoxite|Blaze|Protect,HeatWave,NastyPlot,Psychic|Timid||F|||50|
|
|t:|1784247083
|teamsize|p1|4
|teamsize|p2|4
|start
|switch|p1a: Incineroar|Incineroar, L50, F|100/100
|switch|p1b: Milotic|Milotic, L50, F|100/100
|switch|p2a: Dragapult|Dragapult, L50, F|100/100
|switch|p2b: Pangoro|Pangoro, L50, F|100/100
|-ability|p1a: Incineroar|Intimidate|boost
|-fail|p2a: Dragapult|unboost|[from] ability: Clear Body|[of] p2a: Dragapult
|-fail|p2b: Pangoro|unboost|Attack|[from] ability: Scrappy|[of] p2b: Pangoro
|turn|1
|
|t:|1784247112
|move|p1a: Incineroar|Fake Out|p2b: Pangoro
|-damage|p2b: Pangoro|88/100
|move|p2a: Dragapult|Dragon Darts|p1a: Incineroar
|-damage|p1a: Incineroar|69/100
|-anim|p2a: Dragapult|Dragon Darts|p1b: Milotic
|-damage|p1b: Milotic|76/100
|-damage|p2a: Dragapult|90/100|[from] item: Life Orb
|move|p1b: Milotic|Coil|p1b: Milotic
|-boost|p1b: Milotic|atk|1
|-boost|p1b: Milotic|def|1
|-boost|p1b: Milotic|accuracy|1
|cant|p2b: Pangoro|flinch
|
|-heal|p1b: Milotic|82/100|[from] item: Leftovers
|upkeep
|turn|2
|
|t:|1784247141
|move|p2a: Dragapult|Dragon Darts|p1b: Milotic
|-damage|p1b: Milotic|66/100
|-anim|p2a: Dragapult|Dragon Darts|p1a: Incineroar
|-damage|p1a: Incineroar|40/100
|-damage|p2a: Dragapult|80/100|[from] item: Life Orb
|move|p1b: Milotic|Coil|p1b: Milotic
|-boost|p1b: Milotic|atk|1
|-boost|p1b: Milotic|def|1
|-boost|p1b: Milotic|accuracy|1
|move|p1a: Incineroar|Darkest Lariat|p2a: Dragapult
|-supereffective|p2a: Dragapult|1
|-damage|p2a: Dragapult|0 fnt
|faint|p2a: Dragapult
|move|p2b: Pangoro|Brick Break|p1a: Incineroar
|-supereffective|p1a: Incineroar|1
|-damage|p1a: Incineroar|0 fnt
|faint|p1a: Incineroar
|
|-heal|p1b: Milotic|72/100|[from] item: Leftovers
|upkeep
|
|t:|1784247164
|switch|p2a: Delphox|Delphox, L50, F|100/100
|switch|p1a: Mamoswine|Mamoswine, L50, F|100/100
|turn|3
|
|t:|1784247193
|detailschange|p2a: Delphox|Delphox-Mega, L50, F
|-mega|p2a: Delphox|Delphox|Delphoxite
|move|p1a: Mamoswine|Rock Slide|p2a: Delphox|[spread] p2b
|-miss|p1a: Mamoswine|p2a: Delphox
|-resisted|p2b: Pangoro|1
|-damage|p2b: Pangoro|79/100
|move|p2a: Delphox|Nasty Plot|p2a: Delphox
|-boost|p2a: Delphox|spa|2
|move|p1b: Milotic|Hypnosis|p2b: Pangoro
|-status|p2b: Pangoro|slp|[from] move: Hypnosis
|cant|p2b: Pangoro|slp
|
|-heal|p1b: Milotic|78/100|[from] item: Leftovers
|upkeep
|turn|4
|inactive|Battle timer is ON: inactive players will automatically lose when time's up. (requested by AlwayzAloneGX85)
|
|t:|1784247215
|move|p1a: Mamoswine|Rock Slide|p2a: Delphox|[spread] p2a,p2b
|-supereffective|p2a: Delphox|1
|-resisted|p2b: Pangoro|1
|-damage|p2a: Delphox|36/100
|-damage|p2b: Pangoro|68/100 slp
|move|p2a: Delphox|Psychic|p1b: Milotic
|-damage|p1b: Milotic|0 fnt
|faint|p1b: Milotic
|cant|p2b: Pangoro|slp
|
|upkeep
|
|t:|1784247224
|switch|p1b: Froslass|Froslass, L50, F|100/100
|turn|5
|
|t:|1784247234
|detailschange|p1b: Froslass|Froslass-Mega, L50, F
|-mega|p1b: Froslass|Froslass|Froslassite
|-weather|Snowscape|[from] ability: Snow Warning|[of] p1b: Froslass
|move|p1a: Mamoswine|Rock Slide|p2b: Pangoro|[spread] p2a,p2b
|-supereffective|p2a: Delphox|1
|-crit|p2a: Delphox
|-resisted|p2b: Pangoro|1
|-damage|p2a: Delphox|0 fnt
|-damage|p2b: Pangoro|59/100 slp
|faint|p2a: Delphox
|move|p1b: Froslass|Aurora Veil|p1b: Froslass
|-sidestart|p1: AlwayzAloneGX85|move: Aurora Veil
|-curestatus|p2b: Pangoro|slp|[msg]
|cant|p2b: Pangoro|flinch
|
|-weather|Snowscape|[upkeep]
|upkeep
|
|t:|1784247246
|switch|p2a: Primarina|Primarina, L50, F|100/100
|turn|6
|
|t:|1784247262
|move|p1a: Mamoswine|Rock Slide|p2a: Primarina|[spread] p2a,p2b
|-resisted|p2b: Pangoro|1
|-damage|p2a: Primarina|74/100
|-damage|p2b: Pangoro|50/100y
|move|p1b: Froslass|Blizzard|p2b: Pangoro|[spread] p2a,p2b
|-resisted|p2a: Primarina|1
|-damage|p2a: Primarina|54/100
|-damage|p2b: Pangoro|1/100
|cant|p2a: Primarina|flinch
|move|p2b: Pangoro|Brick Break|p1b: Froslass
|-sideend|p1: AlwayzAloneGX85|move: Aurora Veil
|-supereffective|p1b: Froslass|1
|-damage|p1b: Froslass|5/100
|
|-weather|Snowscape|[upkeep]
|-heal|p2a: Primarina|59/100|[from] item: Leftovers
|upkeep
|turn|7
|inactive|sooupp has 30 seconds left.
|
|t:|1784247288
|move|p1a: Mamoswine|Rock Slide|p2a: Primarina|[spread] p2a
|-miss|p1a: Mamoswine|p2b: Pangoro
|-damage|p2a: Primarina|34/100
|move|p1b: Froslass|Blizzard|p2b: Pangoro|[spread] p2a,p2b
|-resisted|p2a: Primarina|1
|-damage|p2a: Primarina|16/100
|-damage|p2b: Pangoro|0 fnt
|faint|p2b: Pangoro
|move|p2a: Primarina|Hyper Voice|p1b: Froslass|[spread] p1a,p1b
|-supereffective|p1a: Mamoswine|1
|-damage|p1a: Mamoswine|0 fnt
|-damage|p1b: Froslass|0 fnt
|faint|p1a: Mamoswine
|faint|p1b: Froslass
|
|win|sooupp
|raw|AlwayzAloneGX85's rating: 1071 → 1047(-24 for losing)
|raw|sooupp's rating: 1013 → 1057(+44 for winning)
|l|☆AlwayzAloneGX85
|player|p1|
