|j|☆ablizzardis1
|j|☆Zephrhills
|html|ablizzardis1Zephrhills    
|uhtml|bestof|Game 1 of a best-of-3
|t:|1785891395
|gametype|doubles
|player|p1|ablizzardis1|101|
|player|p2|Zephrhills|miku-ghost|
|gen|9
|tier|[Gen 9 Champions] VGC 2026 Reg M-B (Bo3)
|rule|Species Clause: Limit one of each Pokémon
|rule|Item Clause: Limit 1 of each item
|clearpoke
|poke|p1|Pyroar, L50, M, shiny|
|poke|p1|Ninetales, L50, M, shiny|
|poke|p1|Garchomp, L50, M|
|poke|p1|Talonflame, L50, F|
|poke|p1|Gardevoir, L50, F|
|poke|p1|Tsareena, L50, F|
|poke|p2|Meowstic, L50, M|
|poke|p2|Dragapult, L50, F|
|poke|p2|Rotom-Wash, L50|
|poke|p2|Tyranitar, L50, M, shiny|
|poke|p2|Greninja, L50, M, shiny|
|poke|p2|Blaziken, L50, M|
|teampreview|4
|showteam|p1|Pyroar||Pyroarite|Unnerve|HeatWave,Overheat,SolarBeam,Protect|Timid||M|||50|]Ninetales||LifeOrb|Drought|HeatWave,Overheat,SolarBeam,Protect|Timid||M|||50|]Garchomp||RoseliBerry|SandVeil|Earthquake,DragonClaw,PoisonJab,RockSlide|Jolly||M|||50|]Talonflame||SharpBeak|GaleWings|BraveBird,Overheat,Protect,Tailwind|Naive||F|||50|]Gardevoir||Gardevoirite|Trace|HyperBeam,HyperVoice,Protect,Psyshock|Timid||F|||50|]Tsareena||WideLens|QueenlyMajesty|TripleAxel,HighJumpKick,PowerWhip,Protect|Adamant||F|||50|
|showteam|p2|Meowstic||Meowsticite|Prankster|Protect,Yawn,Wish,FakeOut|Modest||M|||50|]Dragapult||LifeOrb|ClearBody|DracoMeteor,ShadowBall,Surf,WillOWisp|Hasty||F|||50|]Rotom-Wash||Leftovers|Levitate|HydroPump,Protect,ShadowBall,Reflect|Bold|||||50|]Tyranitar||SitrusBerry|SandStream|RockSlide,ThunderWave,Protect,IceFang|Adamant||M|||50|]Greninja||ExpertBelt|Protean|Surf,GunkShot,IceBeam,ShadowSneak|Rash||M|||50|]Blaziken||Blazikenite|SpeedBoost|CloseCombat,RockSlide,FeatherDance,Detect|Adamant||M|||50|
|
|t:|1785891449
|teamsize|p1|4
|teamsize|p2|4
|start
|switch|p1a: Foidmon|Gardevoir, L50, F|100/100
|switch|p1b: The One|Talonflame, L50, F|100/100
|switch|p2a: Meowstic|Meowstic, L50, M|100/100
|switch|p2b: Dragapult|Dragapult, L50, F|100/100
|-ability|p1a: Foidmon|Prankster|Trace|[from] ability: Trace|[of] p2a: Meowstic
|turn|1
|
|t:|1785891485
|detailschange|p1a: Foidmon|Gardevoir-Mega, L50, F
|-mega|p1a: Foidmon|Gardevoir|Gardevoirite
|move|p2a: Meowstic|Fake Out|p1b: The One
|-damage|p1b: The One|93/100
|cant|p1b: The One|flinch
|move|p2b: Dragapult|Surf|p1a: Foidmon|[spread] p2a,p1a,p1b
|-supereffective|p1b: The One|1
|-damage|p2a: Meowstic|69/100
|-damage|p1a: Foidmon|75/100
|-damage|p1b: The One|20/100y
|-damage|p2b: Dragapult|90/100|[from] item: Life Orb
|move|p1a: Foidmon|Hyper Voice|p2a: Meowstic|[spread] p2a,p2b
|-supereffective|p2b: Dragapult|1
|-damage|p2a: Meowstic|14/100
|-damage|p2b: Dragapult|0 fnt
|faint|p2b: Dragapult
|
|upkeep
|
|t:|1785891504
|switch|p2b: Tyranitar|Tyranitar, L50, M, shiny|100/100
|-weather|Sandstorm|[from] ability: Sand Stream|[of] p2b: Tyranitar
|turn|2
|
|t:|1785891514
|move|p2a: Meowstic|Protect|p2a: Meowstic
|-singleturn|p2a: Meowstic|Protect
|move|p1b: The One|Tailwind|p1b: The One
|-sidestart|p1: ablizzardis1|move: Tailwind
|move|p1a: Foidmon|Hyper Voice|p2a: Meowstic|[spread] p2b
|-activate|p2a: Meowstic|move: Protect
|-supereffective|p2b: Tyranitar|1
|-damage|p2b: Tyranitar|44/100
|-enditem|p2b: Tyranitar|Sitrus Berry|[eat]
|-heal|p2b: Tyranitar|69/100|[from] item: Sitrus Berry
|move|p2b: Tyranitar|Thunder Wave|p1a: Foidmon
|-status|p1a: Foidmon|par
|
|-weather|Sandstorm|[upkeep]
|-damage|p1b: The One|14/100|[from] Sandstorm
|-damage|p1a: Foidmon|69/100 par|[from] Sandstorm
|-damage|p2a: Meowstic|8/100|[from] Sandstorm
|upkeep
|turn|3
|
|t:|1785891540
|move|p2a: Meowstic|Wish|p2a: Meowstic
|move|p1b: The One|Brave Bird|p2b: Tyranitar
|-resisted|p2b: Tyranitar|1
|-damage|p2b: Tyranitar|56/100
|-damage|p1b: The One|9/100|[from] Recoil
|move|p1a: Foidmon|Hyper Voice|p2a: Meowstic|[spread] p2a,p2b
|-supereffective|p2b: Tyranitar|1
|-damage|p2a: Meowstic|0 fnt
|-damage|p2b: Tyranitar|1/100
|faint|p2a: Meowstic
|move|p2b: Tyranitar|Rock Slide|p1b: The One|[spread] p1a,p1b
|-supereffective|p1b: The One|2
|-damage|p1a: Foidmon|19/100 par
|-damage|p1b: The One|0 fnt
|faint|p1b: The One
|
|-weather|Sandstorm|[upkeep]
|-damage|p1a: Foidmon|13/100 par|[from] Sandstorm
|upkeep
|
|t:|1785891556
|switch|p1b: Fire/Flying Chuds|Garchomp, L50, M|100/100
|switch|p2a: Blaziken|Blaziken, L50, M|100/100
|turn|4
|
|t:|1785891576
|detailschange|p2a: Blaziken|Blaziken-Mega, L50, M
|-mega|p2a: Blaziken|Blaziken|Blazikenite
|move|p1b: Fire/Flying Chuds|Rock Slide|p2a: Blaziken|[spread] p2b
|-miss|p1b: Fire/Flying Chuds|p2a: Blaziken
|-damage|p2b: Tyranitar|0 fnt
|faint|p2b: Tyranitar
|cant|p1a: Foidmon|par
|move|p2a: Blaziken|Rock Slide|p1b: Fire/Flying Chuds|[spread] p1a,p1b
|-resisted|p1b: Fire/Flying Chuds|1
|-damage|p1a: Foidmon|0 fnt
|-damage|p1b: Fire/Flying Chuds|88/100
|faint|p1a: Foidmon
|
|-weather|Sandstorm|[upkeep]
|-damage|p2a: Blaziken|94/100|[from] Sandstorm
|-heal|p2a: Blaziken|100/100|[from] move: Wish|[wisher] Meowstic
|-ability|p2a: Blaziken|Speed Boost|boost
|-boost|p2a: Blaziken|spe|1
|upkeep
|
|t:|1785891592
|switch|p1a: BADDIE|Tsareena, L50, F|100/100
|turn|5
|
|t:|1785891603
|move|p1b: Fire/Flying Chuds|Earthquake|p2a: Blaziken|[spread] p1a,p2a
|-resisted|p1a: BADDIE|1
|-supereffective|p2a: Blaziken|1
|-damage|p1a: BADDIE|80/100
|-damage|p2a: Blaziken|28/100
|move|p1a: BADDIE|High Jump Kick|p2a: Blaziken
|-damage|p2a: Blaziken|0 fnt
|faint|p2a: Blaziken
|
|win|ablizzardis1
||Zephrhills is ready for game 2.
||ablizzardis1 is ready for game 2.
|uhtml|next|Next: Game 2 of 3
