|j|☆eklyst
|j|☆powerstar7
|html|eklystpowerstar7    
|uhtml|bestof|Game 2 of a best-of-3
|t:|1783717531
|gametype|doubles
|player|p1|eklyst|pokemaniac|1167
|player|p2|powerstar7|169|1160
|gen|9
|tier|[Gen 9 Champions] VGC 2026 Reg M-B (Bo3)
|rated|
|rule|Species Clause: Limit one of each Pokémon
|rule|Item Clause: Limit 1 of each item
|clearpoke
|poke|p1|Metagross, L50|
|poke|p1|Floette-Eternal, L50, F|
|poke|p1|Garchomp, L50, F|
|poke|p1|Aerodactyl, L50, M|
|poke|p1|Sinistcha, L50|
|poke|p1|Incineroar, L50, F|
|poke|p2|Garchomp, L50, M|
|poke|p2|Venusaur, L50, F|
|poke|p2|Ninetales-Alola, L50, M|
|poke|p2|Araquanid, L50, M|
|poke|p2|Incineroar, L50, M|
|poke|p2|Farigiraf, L50, F|
|teampreview|4
|showteam|p1|Metagross||Metagrossite|ClearBody|IronHead,BulletPunch,PsychicFangs,Protect|Adamant|||||50|]Floette-Eternal||Floettite|FlowerVeil|Moonblast,DazzlingGleam,CalmMind,Protect|Modest||F|||50|]Garchomp||LifeOrb|RoughSkin|RockSlide,StompingTantrum,DragonClaw,Protect|Jolly||F|||50|]Aerodactyl||FocusSash|Unnerve|RockSlide,DualWingbeat,Tailwind,Protect|Jolly||M|||50|]Sinistcha||KasibBerry|Hospitality|MatchaGotcha,TrickRoom,RagePowder,Protect|Relaxed|||||50|]Incineroar||SitrusBerry|Intimidate|FakeOut,FlareBlitz,ThroatChop,PartingShot|Adamant||F|||50|
|showteam|p2|Garchomp||Garchompite|RoughSkin|EarthPower,DracoMeteor,RockSlide,Protect|Quiet||M|||50|]Venusaur||Venusaurite|Chlorophyll|GigaDrain,SludgeBomb,EarthPower,Protect|Modest||F|||50|]Ninetales-Alola||NeverMeltIce|SnowWarning|AuroraVeil,FreezeDry,Moonblast,Blizzard|Timid||M|||50|]Araquanid||MysticWater|WaterBubble|Liquidation,Infestation,WideGuard,Protect|Adamant||M|||50|]Incineroar||Charcoal|Intimidate|FakeOut,ThroatChop,FlareBlitz,PartingShot|Brave||M|||50|]Farigiraf||LifeOrb|ArmorTail|TrickRoom,CalmMind,HyperVoice,Psychic|Modest||F|||50|
|inactive|Battle timer is ON: inactive players will automatically lose when time's up. (requested by eklyst)
|inactive|powerstar7 has 60 seconds left.
|inactive|powerstar7 has 30 seconds left.
|inactive|powerstar7 has 20 seconds left.
|inactive|powerstar7 has 15 seconds left.
|
|t:|1783717609
|teamsize|p1|4
|teamsize|p2|4
|start
|switch|p1a: Sinistcha|Sinistcha, L50|100/100
|switch|p1b: Garchomp|Garchomp, L50, F|100/100
|switch|p2a: Ninetales|Ninetales-Alola, L50, M|100/100
|switch|p2b: Farigiraf|Farigiraf, L50, F|100/100
|-weather|Snowscape|[from] ability: Snow Warning|[of] p2a: Ninetales
|turn|1
|
|t:|1783717631
|switch|p1b: Incineroar|Incineroar, L50, F|100/100
|-ability|p1b: Incineroar|Intimidate|boost
|-unboost|p2a: Ninetales|atk|1
|-unboost|p2b: Farigiraf|atk|1
|move|p2a: Ninetales|Blizzard|p1b: Incineroar|[spread] p1a,p1b
|-supereffective|p1a: Sinistcha|1
|-resisted|p1b: Incineroar|1
|-damage|p1a: Sinistcha|29/100
|-damage|p1b: Incineroar|84/100
|move|p1a: Sinistcha|Matcha Gotcha|p2a: Ninetales|[spread] p2a,p2b
|-damage|p2a: Ninetales|70/100
|-heal|p1a: Sinistcha|42/100|[from] drain|[of] p2a: Ninetales
|-damage|p2b: Farigiraf|78/100
|-heal|p1a: Sinistcha|55/100|[from] drain|[of] p2b: Farigiraf
|move|p2b: Farigiraf|Psychic|p1a: Sinistcha
|-damage|p1a: Sinistcha|3/100
|-damage|p2b: Farigiraf|68/100|[from] item: Life Orb
|
|-weather|Snowscape|[upkeep]
|upkeep
|turn|2
|
|t:|1783717649
|switch|p1a: Metagross|Metagross, L50|100/100
|move|p2a: Ninetales|Aurora Veil|p2a: Ninetales
|-sidestart|p2: powerstar7|move: Aurora Veil
|move|p1b: Incineroar|Throat Chop|p2b: Farigiraf
|-supereffective|p2b: Farigiraf|1
|-damage|p2b: Farigiraf|24/100
|-start|p2b: Farigiraf|Throat Chop|[silent]
|move|p2b: Farigiraf|Trick Room|p2b: Farigiraf
|-fieldstart|move: Trick Room|[of] p2b: Farigiraf
|
|-weather|Snowscape|[upkeep]
|upkeep
|turn|3
|
|t:|1783717667
|switch|p2a: Incineroar|Incineroar, L50, M|100/100
|-ability|p2a: Incineroar|Intimidate|boost
|-fail|p1a: Metagross|unboost|[from] ability: Clear Body|[of] p1a: Metagross
|-unboost|p1b: Incineroar|atk|1
|detailschange|p1a: Metagross|Metagross-Mega, L50
|-mega|p1a: Metagross|Metagross|Metagrossite
|move|p2b: Farigiraf|Psychic|p1a: Metagross
|-resisted|p1a: Metagross|2
|-damage|p1a: Metagross|87/100
|-damage|p2b: Farigiraf|14/100|[from] item: Life Orb
|move|p1b: Incineroar|Flare Blitz|p2a: Incineroar
|-resisted|p2a: Incineroar|1
|-damage|p2a: Incineroar|86/100
|-damage|p1b: Incineroar|80/100|[from] Recoil
|move|p1a: Metagross|Iron Head|p2b: Farigiraf
|-damage|p2b: Farigiraf|0 fnt
|faint|p2b: Farigiraf
|
|-weather|Snowscape|[upkeep]
|upkeep
|
|t:|1783717670
|switch|p2b: Garchomp|Garchomp, L50, M|100/100
|turn|4
|
|t:|1783717685
|detailschange|p2b: Garchomp|Garchomp-Mega, L50, M
|-mega|p2b: Garchomp|Garchomp|Garchompite
|move|p1a: Metagross|Protect|p1a: Metagross
|-singleturn|p1a: Metagross|Protect
|move|p2a: Incineroar|Throat Chop|p1b: Incineroar
|-resisted|p1b: Incineroar|1
|-damage|p1b: Incineroar|58/100
|-start|p1b: Incineroar|Throat Chop|[silent]
|cant|p1b: Incineroar|move: Throat Chop
|move|p2b: Garchomp|Earth Power|p1a: Metagross
|-activate|p1a: Metagross|move: Protect
|
|-weather|Snowscape|[upkeep]
|upkeep
|turn|5
|
|t:|1783717705
|switch|p1b: Garchomp|Garchomp, L50, F|100/100
|switch|p1a: Sinistcha|Sinistcha, L50|3/100
|move|p2a: Incineroar|Flare Blitz|p1a: Sinistcha
|-supereffective|p1a: Sinistcha|1
|-damage|p1a: Sinistcha|0 fnt
|faint|p1a: Sinistcha
|-damage|p2a: Incineroar|85/100|[from] Recoil
|move|p2b: Garchomp|Draco Meteor|p1b: Garchomp
|-supereffective|p1b: Garchomp|1
|-damage|p1b: Garchomp|0 fnt
|-unboost|p2b: Garchomp|spa|2
|faint|p1b: Garchomp
|
|-weather|none
|upkeep
|
|t:|1783717717
|switch|p1a: Metagross|Metagross-Mega, L50|87/100
|switch|p1b: Incineroar|Incineroar, L50, F|58/100
|-ability|p1b: Incineroar|Intimidate|boost
|-unboost|p2a: Incineroar|atk|1
|-unboost|p2b: Garchomp|atk|1
|turn|6
|
|t:|1783717738
|switch|p2b: Ninetales|Ninetales-Alola, L50, M|70/100
|-weather|Snowscape|[from] ability: Snow Warning|[of] p2b: Ninetales
|move|p1b: Incineroar|Fake Out|p2a: Incineroar
|-damage|p2a: Incineroar|76/100
|cant|p2a: Incineroar|flinch
|move|p1a: Metagross|Iron Head|p2b: Ninetales
|-supereffective|p2b: Ninetales|2
|-damage|p2b: Ninetales|0 fnt
|faint|p2b: Ninetales
|
|-weather|Snowscape|[upkeep]
|-sideend|p2: powerstar7|move: Aurora Veil
|-fieldend|move: Trick Room
|upkeep
|
|t:|1783717740
|switch|p2b: Garchomp|Garchomp-Mega, L50, M|100/100
|turn|7
|
|t:|1783717753
|move|p1a: Metagross|Iron Head|p2b: Garchomp
|-damage|p2b: Garchomp|52/100
|move|p2b: Garchomp|Earth Power|p1b: Incineroar
|-supereffective|p1b: Incineroar|1
|-damage|p1b: Incineroar|0 fnt
|faint|p1b: Incineroar
|move|p2a: Incineroar|Flare Blitz|p1a: Metagross
|-supereffective|p1a: Metagross|1
|-damage|p1a: Metagross|19/100
|-damage|p2a: Incineroar|55/100|[from] Recoil
|
|-weather|Snowscape|[upkeep]
|upkeep
|turn|8
|
|t:|1783717763
|move|p1a: Metagross|Iron Head|p2b: Garchomp
|-damage|p2b: Garchomp|5/100
|cant|p2b: Garchomp|flinch
|move|p2a: Incineroar|Flare Blitz|p1a: Metagross
|-supereffective|p1a: Metagross|1
|-damage|p1a: Metagross|0 fnt
|faint|p1a: Metagross
|-damage|p2a: Incineroar|49/100|[from] Recoil
|
|win|powerstar7
|raw|eklyst's rating: 1167 → 1141(-26 for losing)
|raw|powerstar7's rating: 1160 → 1186(+26 for winning)
