|j|☆lox1sm
|j|☆Superduperdrag
|html|lox1smSuperduperdrag    
|uhtml|bestof|Game 1 of a best-of-3
|t:|1782579410
|gametype|doubles
|player|p1|lox1sm|veteran|1179
|player|p2|Superduperdrag|170|1086
|gen|9
|tier|[Gen 9 Champions] VGC 2026 Reg M-B (Bo3)
|rated|
|rule|Species Clause: Limit one of each Pokémon
|rule|Item Clause: Limit 1 of each item
|clearpoke
|poke|p1|Charizard, L50, M|
|poke|p1|Metagross, L50|
|poke|p1|Aerodactyl, L50, F|
|poke|p1|Garchomp, L50, M|
|poke|p1|Kingambit, L50, F|
|poke|p1|Farigiraf, L50, F|
|poke|p2|Pelipper, L50, M|
|poke|p2|Gholdengo, L50|
|poke|p2|Grimmsnarl, L50, M, shiny|
|poke|p2|Incineroar, L50, M|
|poke|p2|Sinistcha, L50|
|poke|p2|Swampert, L50, F, shiny|
|teampreview|4
|showteam|p1|Charizard||CharizarditeY|Blaze|HeatWave,WeatherBall,SolarBeam,Protect|Modest||M|||50|]Metagross||Metagrossite|ClearBody|IronHead,PsychicFangs,StompingTantrum,Protect|Jolly|||||50|]Aerodactyl||SitrusBerry|Unnerve|RockSlide,IceFang,Tailwind,Protect|Jolly||F|||50|]Garchomp||LifeOrb|RoughSkin|DragonClaw,Earthquake,RockSlide,Protect|Jolly||M|||50|]Kingambit||FocusSash|Defiant|KowtowCleave,SuckerPunch,IronHead,LowKick|Adamant||F|||50|]Farigiraf||ExpertBelt|ArmorTail|Psychic,DazzlingGleam,Thunderbolt,TrickRoom|Modest||F|||50|
|showteam|p2|Pelipper||FocusSash|Drizzle|Tailwind,Hurricane,WeatherBall,Protect|Modest||M|||50|]Gholdengo||KasibBerry|GoodasGold|NastyPlot,MakeItRain,ShadowBall,Protect|Timid|||||50|]Grimmsnarl||LifeOrb|Prankster|PartingShot,SpiritBreak,ThroatChop,LightScreen|Adamant||M|||50|]Incineroar||Leftovers|Intimidate|FakeOut,FlareBlitz,PartingShot,Snarl|Sassy||M|||50|]Sinistcha||SitrusBerry|Hospitality|TrickRoom,MatchaGotcha,RagePowder,LifeDew|Modest|||||50|]Swampert||Swampertite|Damp|HighHorsepower,IcePunch,WaveCrash,Protect|Adamant||F|||50|
|
|t:|1782579474
|teamsize|p1|4
|teamsize|p2|4
|start
|switch|p1a: Aerodactyl|Aerodactyl, L50, F|100/100
|switch|p1b: Charizard|Charizard, L50, M|100/100
|switch|p2a: Grimmsnarl|Grimmsnarl, L50, M, shiny|100/100
|switch|p2b: Swampert|Swampert, L50, F, shiny|100/100
|-ability|p1a: Aerodactyl|Unnerve
|turn|1
|inactive|Battle timer is ON: inactive players will automatically lose when time's up. (requested by lox1sm)
|inactive|lox1sm has 60 seconds left.
|inactive|Superduperdrag has 60 seconds left.
|inactive|lox1sm has 30 seconds left.
|inactive|lox1sm has 20 seconds left.
|
|t:|1782579547
|switch|p1b: Kingambit|Kingambit, L50, F|100/100
|switch|p2b: Incineroar|Incineroar, L50, M|100/100
|-ability|p2b: Incineroar|Intimidate|boost
|-unboost|p1a: Aerodactyl|atk|1
|-unboost|p1b: Kingambit|atk|1
|-ability|p1b: Kingambit|Defiant|boost
|-boost|p1b: Kingambit|atk|2
|move|p1a: Aerodactyl|Protect|p1a: Aerodactyl
|-singleturn|p1a: Aerodactyl|Protect
|move|p2a: Grimmsnarl|Light Screen|p2a: Grimmsnarl
|-sidestart|p2: Superduperdrag|move: Light Screen
|
|upkeep
|turn|2
|inactive|lox1sm has 30 seconds left.
|inactive|Superduperdrag has 30 seconds left.
|inactive|lox1sm has 20 seconds left.
|inactive|Superduperdrag has 20 seconds left.
|inactive|lox1sm has 15 seconds left.
|inactive|Superduperdrag has 15 seconds left.
|inactive|lox1sm has 10 seconds left.
|inactive|Superduperdrag has 10 seconds left.
|inactive|lox1sm has 5 seconds left.
|inactive|Superduperdrag has 5 seconds left.
|
|t:|1782579601
|move|p2a: Grimmsnarl|Parting Shot|p1a: Aerodactyl
|-unboost|p1a: Aerodactyl|atk|1
|-unboost|p1a: Aerodactyl|spa|1
|
|t:|1782579607
|switch|p2a: Swampert|Swampert, L50, F, shiny|100/100|[from] Parting Shot
|move|p1a: Aerodactyl|Tailwind|p1a: Aerodactyl
|-sidestart|p1: lox1sm|move: Tailwind
|move|p1b: Kingambit|Iron Head|p2a: Swampert
|-resisted|p2a: Swampert|1
|-damage|p2a: Swampert|65/100
|move|p2b: Incineroar|Flare Blitz|p1b: Kingambit
|-supereffective|p1b: Kingambit|1
|-damage|p1b: Kingambit|17/100
|-damage|p2b: Incineroar|76/100|[from] Recoil
|
|-heal|p2b: Incineroar|82/100|[from] item: Leftovers
|upkeep
|turn|3
|
|t:|1782579632
|switch|p1a: Charizard|Charizard, L50, M|100/100
|move|p2a: Swampert|Protect|p2a: Swampert
|-singleturn|p2a: Swampert|Protect
|move|p1b: Kingambit|Sucker Punch||[still]
|-fail|p1b: Kingambit
|move|p2b: Incineroar|Flare Blitz|p1b: Kingambit
|-supereffective|p1b: Kingambit|1
|-damage|p1b: Kingambit|0 fnt
|faint|p1b: Kingambit
|-damage|p2b: Incineroar|77/100|[from] Recoil
|
|-heal|p2b: Incineroar|83/100|[from] item: Leftovers
|upkeep
|inactive|lox1sm has 30 seconds left.
|
|t:|1782579658
|switch|p1b: Garchomp|Garchomp, L50, M|100/100
|turn|4
|
|t:|1782579668
|switch|p2a: Grimmsnarl|Grimmsnarl, L50, M, shiny|100/100
|detailschange|p1a: Charizard|Charizard-Mega-Y, L50, M
|-mega|p1a: Charizard|Charizard|Charizardite Y
|-weather|SunnyDay|[from] ability: Drought|[of] p1a: Charizard
|move|p1b: Garchomp|Earthquake|p2b: Incineroar|[spread] p2a,p2b
|-immune|p1a: Charizard
|-supereffective|p2b: Incineroar|1
|-damage|p2a: Grimmsnarl|33/100
|-damage|p2b: Incineroar|0 fnt
|faint|p2b: Incineroar
|-damage|p1b: Garchomp|90/100|[from] item: Life Orb
|move|p1a: Charizard|Solar Beam||[still]
|-prepare|p1a: Charizard|Solar Beam
|-anim|p1a: Charizard|Solar Beam|p2a: Grimmsnarl
|-damage|p2a: Grimmsnarl|0 fnt
|faint|p2a: Grimmsnarl
|
|-weather|SunnyDay|[upkeep]
|upkeep
|
|t:|1782579679
|switch|p2a: Swampert|Swampert, L50, F, shiny|65/100
|switch|p2b: Pelipper|Pelipper, L50, M|100/100
|-weather|RainDance|[from] ability: Drizzle|[of] p2b: Pelipper
|turn|5
|inactive|lox1sm has 30 seconds left.
|inactive|lox1sm has 20 seconds left.
|inactive|lox1sm has 15 seconds left.
|
|t:|1782579719
|switch|p1a: Aerodactyl|Aerodactyl, L50, F|100/100
|-ability|p1a: Aerodactyl|Unnerve
|detailschange|p2a: Swampert|Swampert-Mega, L50, F, shiny
|-mega|p2a: Swampert|Swampert|Swampertite
|move|p1b: Garchomp|Rock Slide|p2a: Swampert|[spread] p2a,p2b
|-resisted|p2a: Swampert|1
|-supereffective|p2b: Pelipper|1
|-damage|p2a: Swampert|56/100
|-damage|p2b: Pelipper|37/100
|-damage|p1b: Garchomp|80/100|[from] item: Life Orb
|cant|p2a: Swampert|flinch
|move|p2b: Pelipper|Tailwind|p2b: Pelipper
|-sidestart|p2: Superduperdrag|move: Tailwind
|
|-weather|RainDance|[upkeep]
|-sideend|p2: Superduperdrag|move: Light Screen
|-sideend|p1: lox1sm|move: Tailwind
|upkeep
|turn|6
|inactive|lox1sm has 30 seconds left.
|inactive|Superduperdrag has 30 seconds left.
|inactive|Superduperdrag has 20 seconds left.
|inactive|Superduperdrag has 15 seconds left.
|inactive|Superduperdrag has 10 seconds left.
|
|t:|1782579768
|move|p1b: Garchomp|Protect|p1b: Garchomp
|-singleturn|p1b: Garchomp|Protect
|move|p2a: Swampert|Ice Punch|p1b: Garchomp
|-activate|p1b: Garchomp|move: Protect
|move|p2b: Pelipper|Weather Ball|p1a: Aerodactyl
|-supereffective|p1a: Aerodactyl|1
|-damage|p1a: Aerodactyl|0 fnt
|faint|p1a: Aerodactyl
|
|-weather|RainDance|[upkeep]
|upkeep
|
|t:|1782579778
|switch|p1a: Charizard|Charizard-Mega-Y, L50, M|100/100
|-weather|SunnyDay|[from] ability: Drought|[of] p1a: Charizard
|turn|7
|
|t:|1782579794
|move|p2b: Pelipper|Hurricane|p1a: Charizard
|-damage|p1a: Charizard|54/100
|-start|p1a: Charizard|confusion
|move|p2a: Swampert|Ice Punch|p1b: Garchomp
|-supereffective|p1b: Garchomp|2
|-damage|p1b: Garchomp|0 fnt
|-damage|p2a: Swampert|44/100|[from] ability: Rough Skin|[of] p1b: Garchomp
|faint|p1b: Garchomp
|-activate|p1a: Charizard|confusion
|move|p1a: Charizard|Solar Beam||[still]
|-prepare|p1a: Charizard|Solar Beam
|-anim|p1a: Charizard|Solar Beam|p2a: Swampert
|-supereffective|p2a: Swampert|2
|-damage|p2a: Swampert|0 fnt
|faint|p2a: Swampert
|
|-weather|SunnyDay|[upkeep]
|upkeep
|turn|8
|inactive|Superduperdrag has 30 seconds left.
|inactive|Superduperdrag has 20 seconds left.
|
|t:|1782579833
|-activate|p1a: Charizard|confusion
|move|p1a: Charizard|Protect|p1a: Charizard
|-singleturn|p1a: Charizard|Protect
|move|p2b: Pelipper|Hurricane|p1a: Charizard
|-activate|p1a: Charizard|move: Protect
|
|-weather|SunnyDay|[upkeep]
|-sideend|p2: Superduperdrag|move: Tailwind
|upkeep
|turn|9
|
|t:|1782579841
|move|p2b: Pelipper|Protect|p2b: Pelipper
|-singleturn|p2b: Pelipper|Protect
|-activate|p1a: Charizard|confusion
|-damage|p1a: Charizard|44/100|[from] confusion
|
|-weather|SunnyDay|[upkeep]
|upkeep
|turn|10
|
|t:|1782579849
|-activate|p1a: Charizard|confusion
|move|p1a: Charizard|Weather Ball|p2b: Pelipper
|-resisted|p2b: Pelipper|1
|-damage|p2b: Pelipper|0 fnt
|faint|p2b: Pelipper
|
|win|lox1sm
||lox1sm is ready for game 2.
||Superduperdrag is ready for game 2.
|uhtml|next|Next: Game 2 of 3
|l|☆Superduperdrag
|player|p2|
