|j|☆colemarcusvgc
|j|☆zaher birgir
|html|colemarcusvgczaher birgir    
|uhtml|bestof|Game 3 of a best-of-3
|t:|1756590998
|gametype|doubles
|player|p1|colemarcusvgc|n|1096
|player|p2|zaher birgir|wallace|1100
|gen|9
|tier|[Gen 9] VGC 2025 Reg H (Bo3)
|rated|
|rule|Species Clause: Limit one of each Pokémon
|rule|Item Clause: Limit 1 of each item
|clearpoke
|poke|p1|Indeedee-F, L50, F|
|poke|p1|Hatterene, L50, F|
|poke|p1|Ursaluna, L50, F|
|poke|p1|Amoonguss, L50, M|
|poke|p1|Porygon2, L50|
|poke|p1|Tyranitar, L50, M|
|poke|p2|Rillaboom, L50, M|
|poke|p2|Sneasler, L50, F|
|poke|p2|Incineroar, L50, M|
|poke|p2|Hydreigon, L50, M|
|poke|p2|Whimsicott, L50, M|
|poke|p2|Metagross, L50|
|teampreview|4
|showteam|p1|Indeedee-F||RockyHelmet|PsychicSurge|FollowMe,HelpingHand,TrickRoom,DazzlingGleam|||F|||50|,,,,,Steel]Hatterene||LifeOrb|MagicBounce|TrickRoom,ExpandingForce,MysticalFire,DazzlingGleam|||F|||50|,,,,,Ghost]Ursaluna||FlameOrb|Guts|Facade,HeadlongRush,Earthquake,Protect|||F|||50|,,,,,Ghost]Amoonguss||SitrusBerry|Regenerator|Spore,RagePowder,PollenPuff,SludgeBomb|||M|||50|,,,,,Water]Porygon2||Eviolite|Download|IceBeam,TeraBlast,Recover,TrickRoom||||||50|,,,,,Grass]Tyranitar||SafetyGoggles|SandStream|RockSlide,Crunch,LowKick,IcePunch|||M|||50|,,,,,Fairy
|showteam|p2|Rillaboom||AssaultVest|GrassySurge|FakeOut,WoodHammer,HighHorsepower,Uturn|||M|||50|,,,,,Fire]Sneasler||GrassySeed|Unburden|DireClaw,CloseCombat,Protect,Coaching|||F|||50|,,,,,Flying]Incineroar||SafetyGoggles|Intimidate|FakeOut,PartingShot,FlareBlitz,KnockOff|||M|||50|,,,,,Ghost]Hydreigon||ChoiceSpecs|Levitate|DarkPulse,Snarl,DracoMeteor,HeatWave|||M|||50|,,,,,Poison]Whimsicott||CovertCloak|Prankster|Tailwind,Protect,Moonblast,Encore|||M|||50|,,,,,Water]Metagross||WeaknessPolicy|ClearBody|HeavySlam,BulletPunch,Protect,Earthquake||||||50|,,,,,Fire
|inactive|Battle timer is ON: inactive players will automatically lose when time's up. (requested by zaher birgir)
|inactive|zaher birgir has 60 seconds left.
|
|t:|1756591043
|teamsize|p1|4
|teamsize|p2|4
|start
|switch|p1a: Porygon2|Porygon2, L50|100/100
|switch|p1b: Amoonguss|Amoonguss, L50, M|100/100
|switch|p2a: Hydreigon|Hydreigon, L50, M|100/100
|switch|p2b: Sneasler|Sneasler, L50, F|100/100
|-ability|p1a: Porygon2|Download|boost
|-boost|p1a: Porygon2|atk|1
|turn|1
|
|t:|1756591063
|-terastallize|p1a: Porygon2|Grass
|move|p2a: Hydreigon|Heat Wave|p1a: Porygon2|[spread] p1b
|-miss|p2a: Hydreigon|p1a: Porygon2
|-supereffective|p1b: Amoonguss
|-damage|p1b: Amoonguss|43/100
|-enditem|p1b: Amoonguss|Sitrus Berry|[eat]
|-heal|p1b: Amoonguss|68/100|[from] item: Sitrus Berry
|move|p2b: Sneasler|Dire Claw|p1a: Porygon2
|-supereffective|p1a: Porygon2
|-damage|p1a: Porygon2|41/100
|move|p1b: Amoonguss|Spore|p2b: Sneasler
|-status|p2b: Sneasler|slp|[from] move: Spore
|move|p1a: Porygon2|Trick Room|p1a: Porygon2
|-fieldstart|move: Trick Room|[of] p1a: Porygon2
|
|upkeep
|turn|2
|
|t:|1756591087
|switch|p1b: Ursaluna|Ursaluna, L50, F|100/100
|switch|p2a: Incineroar|Incineroar, L50, M|100/100
|-ability|p2a: Incineroar|Intimidate|boost
|-unboost|p1a: Porygon2|atk|1
|-unboost|p1b: Ursaluna|atk|1
|move|p1a: Porygon2|Recover|p1a: Porygon2
|-heal|p1a: Porygon2|91/100
|cant|p2b: Sneasler|slp
|
|-status|p1b: Ursaluna|brn|[from] item: Flame Orb
|upkeep
|turn|3
|
|t:|1756591100
|cant|p2b: Sneasler|slp
|move|p1b: Ursaluna|Earthquake|p2b: Sneasler|[spread] p1a,p2a,p2b
|-resisted|p1a: Porygon2
|-supereffective|p2a: Incineroar
|-supereffective|p2b: Sneasler
|-damage|p1a: Porygon2|78/100
|-damage|p2a: Incineroar|12/100
|-damage|p2b: Sneasler|0 fnt
|faint|p2b: Sneasler
|move|p1a: Porygon2|Recover|p1a: Porygon2
|-heal|p1a: Porygon2|100/100
|move|p2a: Incineroar|Parting Shot|p1b: Ursaluna
|-unboost|p1b: Ursaluna|atk|1
|-unboost|p1b: Ursaluna|spa|1
|
|t:|1756591111
|switch|p2a: Hydreigon|Hydreigon, L50, M|100/100|[from] Parting Shot
|
|-damage|p1b: Ursaluna|95/100 brn|[from] brn
|upkeep
|
|t:|1756591113
|switch|p2b: Incineroar|Incineroar, L50, M|12/100
|-ability|p2b: Incineroar|Intimidate|boost
|-unboost|p1a: Porygon2|atk|1
|-unboost|p1b: Ursaluna|atk|1
|turn|4
|
|t:|1756591123
|switch|p1b: Tyranitar|Tyranitar, L50, M|100/100
|-weather|Sandstorm|[from] ability: Sand Stream|[of] p1b: Tyranitar
|move|p2b: Incineroar|Fake Out|p1b: Tyranitar
|-resisted|p1b: Tyranitar
|-damage|p1b: Tyranitar|96/100
|move|p1a: Porygon2|Ice Beam|p2b: Incineroar
|-resisted|p2b: Incineroar
|-damage|p2b: Incineroar|1/100
|move|p2a: Hydreigon|Heat Wave|p1b: Tyranitar|[spread] p1b
|-miss|p2a: Hydreigon|p1a: Porygon2
|-resisted|p1b: Tyranitar
|-damage|p1b: Tyranitar|86/100
|
|-weather|Sandstorm|[upkeep]
|-damage|p1a: Porygon2|95/100|[from] Sandstorm
|-damage|p2a: Hydreigon|94/100|[from] Sandstorm
|upkeep
|turn|5
|
|t:|1756591143
|switch|p2b: Metagross|Metagross, L50|100/100
|move|p1a: Porygon2|Ice Beam|p2a: Hydreigon
|-supereffective|p2a: Hydreigon
|-damage|p2a: Hydreigon|42/100
|move|p1b: Tyranitar|Rock Slide|p2b: Metagross|[spread] p2a
|-miss|p1b: Tyranitar|p2b: Metagross
|-damage|p2a: Hydreigon|7/100
|move|p2a: Hydreigon|Heat Wave|p1a: Porygon2|[spread] p1a,p1b
|-supereffective|p1a: Porygon2
|-resisted|p1b: Tyranitar
|-damage|p1a: Porygon2|49/100
|-damage|p1b: Tyranitar|76/100
|
|-weather|Sandstorm|[upkeep]
|-damage|p1a: Porygon2|43/100|[from] Sandstorm
|-damage|p2a: Hydreigon|0 fnt|[from] Sandstorm
|faint|p2a: Hydreigon
|-fieldend|move: Trick Room
|upkeep
|
|t:|1756591149
|switch|p2a: Incineroar|Incineroar, L50, M|1/100
|-ability|p2a: Incineroar|Intimidate|boost
|-unboost|p1a: Porygon2|atk|1
|-unboost|p1b: Tyranitar|atk|1
|turn|6
|-message|zaher birgir forfeited.
|
|win|colemarcusvgc
|raw|colemarcusvgc's rating: 1096 → 1122(+26 for winning)
|raw|zaher birgir's rating: 1100 → 1075(-25 for losing)
|l|☆zaher birgir
|player|p2|
|c|☆colemarcusvgc|GG!
