|j|☆Keith Jones
|j|☆pink spoon
|html|Keith Jonespink spoon    
|uhtml|bestof|Game 1 of a best-of-3
|t:|1783446495
|gametype|doubles
|player|p1|Keith Jones|benga|1466
|player|p2|pink spoon|parasollady|1387
|gen|9
|tier|[Gen 9 Champions] VGC 2026 Reg M-B (Bo3)
|rated|
|rule|Species Clause: Limit one of each Pokémon
|rule|Item Clause: Limit 1 of each item
|clearpoke
|poke|p1|Vivillon, L50, F|
|poke|p1|Lopunny, L50, F|
|poke|p1|Ceruledge, L50, M|
|poke|p1|Floette-Eternal, L50, F|
|poke|p1|Sneasler, L50, M|
|poke|p1|Ninetales-Alola, L50, M|
|poke|p2|Mawile, L50, F|
|poke|p2|Whimsicott, L50, F|
|poke|p2|Primarina, L50, M|
|poke|p2|Incineroar, L50, F|
|poke|p2|Farigiraf, L50, F|
|poke|p2|Delphox, L50, M|
|teampreview|4
|showteam|p1|Vivillon||FocusSash|CompoundEyes|Hurricane,SleepPowder,Tailwind,Protect|Timid||F|||50|]Lopunny||Lopunnite|CuteCharm|CloseCombat,GigaImpact,Encore,FakeOut|Jolly||F|||50|]Ceruledge||Leftovers|FlashFire|BitterBlade,ShadowSneak,BulkUp,Protect|Adamant||M|||50|]Floette-Eternal||Floettite|FlowerVeil|Moonblast,DazzlingGleam,CalmMind,Protect|Timid||F|||50|]Sneasler||WhiteHerb|Unburden|CloseCombat,DireClaw,FakeOut,Protect|Adamant||M|||50|]Ninetales-Alola||LightClay|SnowWarning|Blizzard,FreezeDry,AuroraVeil,Protect|Timid||M|||50|
|showteam|p2|Mawile||Mawilite|HyperCutter|PlayRough,SuckerPunch,SwordsDance,Protect|Brave||F|||50|]Whimsicott||FocusSash|Prankster|Moonblast,Tailwind,Encore,Protect|Timid||F|||50|]Primarina||MysticWater|LiquidVoice|HyperVoice,Moonblast,CalmMind,Protect|Modest||M|||50|]Incineroar||WhiteHerb|Intimidate|FlareBlitz,ThroatChop,CloseCombat,FakeOut|Adamant||F|||50|]Farigiraf||SitrusBerry|ArmorTail|Psychic,RainDance,TrickRoom,Protect|Bold||F|||50|]Delphox||Delphoxite|Blaze|HeatWave,Psyshock,NastyPlot,Protect|Timid||M|||50|
|
|t:|1783446534
|teamsize|p1|4
|teamsize|p2|4
|start
|switch|p1a: Vivillon|Vivillon, L50, F|100/100
|switch|p1b: Ceruledge|Ceruledge, L50, M|100/100
|switch|p2a: Delphox|Delphox, L50, M|100/100
|switch|p2b: Incineroar|Incineroar, L50, F|100/100
|-ability|p2b: Incineroar|Intimidate|boost
|-unboost|p1a: Vivillon|atk|1
|-unboost|p1b: Ceruledge|atk|1
|turn|1
|
|t:|1783446554
|detailschange|p2a: Delphox|Delphox-Mega, L50, M
|-mega|p2a: Delphox|Delphox|Delphoxite
|move|p1a: Vivillon|Protect|p1a: Vivillon
|-singleturn|p1a: Vivillon|Protect
|move|p2b: Incineroar|Fake Out|p1a: Vivillon
|-activate|p1a: Vivillon|move: Protect
|move|p2a: Delphox|Nasty Plot|p2a: Delphox
|-boost|p2a: Delphox|spa|2
|move|p1b: Ceruledge|Bulk Up|p1b: Ceruledge
|-boost|p1b: Ceruledge|atk|1
|-boost|p1b: Ceruledge|def|1
|
|upkeep
|turn|2
|
|t:|1783446575
|move|p2a: Delphox|Psyshock|p1a: Vivillon
|-enditem|p1a: Vivillon|Focus Sash
|-damage|p1a: Vivillon|1/100
|move|p1a: Vivillon|Sleep Powder|p2b: Incineroar
|-status|p2b: Incineroar|slp|[from] move: Sleep Powder
|move|p1b: Ceruledge|Bulk Up|p1b: Ceruledge
|-boost|p1b: Ceruledge|atk|1
|-boost|p1b: Ceruledge|def|1
|cant|p2b: Incineroar|slp
|
|upkeep
|turn|3
|
|t:|1783446590
|switch|p2b: Farigiraf|Farigiraf, L50, F|100/100
|move|p2a: Delphox|Psyshock|p1a: Vivillon
|-crit|p1a: Vivillon
|-damage|p1a: Vivillon|0 fnt
|faint|p1a: Vivillon
|move|p1b: Ceruledge|Bulk Up|p1b: Ceruledge
|-boost|p1b: Ceruledge|atk|1
|-boost|p1b: Ceruledge|def|1
|
|upkeep
|
|t:|1783446592
|switch|p1a: Lopunny|Lopunny, L50, F|100/100
|turn|4
|
|t:|1783446609
|detailschange|p1a: Lopunny|Lopunny-Mega, L50, F
|-mega|p1a: Lopunny|Lopunny|Lopunnite
|move|p1a: Lopunny|Giga Impact|p2a: Delphox
|-damage|p2a: Delphox|0 fnt
|-mustrecharge|p1a: Lopunny
|faint|p2a: Delphox
|move|p1b: Ceruledge|Bitter Blade|p2b: Farigiraf
|-damage|p2b: Farigiraf|9/100
|-enditem|p2b: Farigiraf|Sitrus Berry|[eat]
|-heal|p2b: Farigiraf|34/100|[from] item: Sitrus Berry
|move|p2b: Farigiraf|Psychic|p1b: Ceruledge
|-damage|p1b: Ceruledge|69/100
|
|-heal|p1b: Ceruledge|75/100|[from] item: Leftovers
|upkeep
|
|t:|1783446615
|switch|p2a: Primarina|Primarina, L50, M|100/100
|turn|5
|
|t:|1783446625
|move|p1b: Ceruledge|Protect|p1b: Ceruledge
|-singleturn|p1b: Ceruledge|Protect
|cant|p1a: Lopunny|recharge
|move|p2a: Primarina|Hyper Voice|p1a: Lopunny|[spread] p1a
|-activate|p1b: Ceruledge|move: Protect
|-damage|p1a: Lopunny|46/100
|move|p2b: Farigiraf|Rain Dance|p2b: Farigiraf
|-weather|RainDance
|
|-weather|RainDance|[upkeep]
|-heal|p1b: Ceruledge|81/100|[from] item: Leftovers
|upkeep
|turn|6
|
|t:|1783446638
|move|p2a: Primarina|Protect|p2a: Primarina
|-singleturn|p2a: Primarina|Protect
|move|p1a: Lopunny|Giga Impact|p2a: Primarina
|-activate|p2a: Primarina|move: Protect
|move|p1b: Ceruledge|Bitter Blade|p2b: Farigiraf
|-damage|p2b: Farigiraf|0 fnt
|-heal|p1b: Ceruledge|100/100|[from] drain|[of] p2b: Farigiraf
|faint|p2b: Farigiraf
|
|-weather|RainDance|[upkeep]
|upkeep
|
|t:|1783446644
|switch|p2b: Incineroar|Incineroar, L50, F|100/100 slp
|-ability|p2b: Incineroar|Intimidate|boost
|-fail|p1a: Lopunny|unboost|Attack|[from] ability: Scrappy|[of] p1a: Lopunny
|-unboost|p1b: Ceruledge|atk|1
|turn|7
|
|t:|1783446669
|move|p1b: Ceruledge|Protect|p1b: Ceruledge
|-singleturn|p1b: Ceruledge|Protect
|-curestatus|p2b: Incineroar|slp|[msg]
|move|p2b: Incineroar|Fake Out|p1a: Lopunny
|-damage|p1a: Lopunny|27/100
|cant|p1a: Lopunny|flinch
|move|p2a: Primarina|Hyper Voice|p1a: Lopunny|[spread] p1a
|-activate|p1b: Ceruledge|move: Protect
|-damage|p1a: Lopunny|0 fnt
|faint|p1a: Lopunny
|
|-weather|RainDance|[upkeep]
|upkeep
|
|t:|1783446671
|switch|p1a: Sneasler|Sneasler, L50, M|100/100
|turn|8
|
|t:|1783446681
|move|p2a: Primarina|Protect|p2a: Primarina
|-singleturn|p2a: Primarina|Protect
|move|p1a: Sneasler|Fake Out|p2a: Primarina
|-activate|p2a: Primarina|move: Protect
|move|p1b: Ceruledge|Bulk Up|p1b: Ceruledge
|-boost|p1b: Ceruledge|atk|1
|-boost|p1b: Ceruledge|def|1
|move|p2b: Incineroar|Throat Chop|p1b: Ceruledge
|-supereffective|p1b: Ceruledge|1
|-crit|p1b: Ceruledge
|-damage|p1b: Ceruledge|0 fnt
|faint|p1b: Ceruledge
|
|-weather|RainDance|[upkeep]
|upkeep
|turn|9
|
|t:|1783446701
|move|p1a: Sneasler|Dire Claw|p2a: Primarina
|-supereffective|p2a: Primarina|1
|-damage|p2a: Primarina|0 fnt
|faint|p2a: Primarina
|move|p2b: Incineroar|Flare Blitz|p1a: Sneasler
|-damage|p1a: Sneasler|57/100
|-damage|p2b: Incineroar|86/100|[from] Recoil
|
|-weather|none
|upkeep
|turn|10
|
|t:|1783446704
|move|p1a: Sneasler|Close Combat|p2b: Incineroar
|-supereffective|p2b: Incineroar|1
|-damage|p2b: Incineroar|0 fnt
|-unboost|p1a: Sneasler|def|1
|-unboost|p1a: Sneasler|spd|1
|faint|p2b: Incineroar
|
|win|Keith Jones
||pink spoon is ready for game 2.
||Keith Jones is ready for game 2.
|uhtml|next|Next: Game 2 of 3
|l|☆pink spoon
|player|p2|
