|j|☆gordon1357924681
|j|☆KodeBeast0526
|html|gordon1357924681KodeBeast0526    
|uhtml|bestof|Game 2 of a best-of-3
|t:|1784816383
|gametype|doubles
|player|p1|gordon1357924681|idol|1094
|player|p2|KodeBeast0526|hiker|1186
|gen|9
|tier|[Gen 9 Champions] VGC 2026 Reg M-B (Bo3)
|rated|
|rule|Species Clause: Limit one of each Pokémon
|rule|Item Clause: Limit 1 of each item
|clearpoke
|poke|p1|Politoed, L50, M|
|poke|p1|Gengar, L50, M|
|poke|p1|Incineroar, L50, F|
|poke|p1|Sinistcha, L50|
|poke|p1|Blastoise, L50, M|
|poke|p1|Sneasler, L50, M, shiny|
|poke|p2|Tyranitar, L50, F|
|poke|p2|Excadrill, L50, M|
|poke|p2|Milotic, L50, M|
|poke|p2|Sinistcha, L50|
|poke|p2|Staraptor, L50, M|
|poke|p2|Gholdengo, L50|
|teampreview|4
|showteam|p1|Politoed||SitrusBerry|Drizzle|Protect,PerishSong,WeatherBall,Encore|Bold||M|||50|]Gengar||Gengarite|CursedBody|PerishSong,Protect,ShadowBall,Disable|Timid||M|||50|]Incineroar||PasshoBerry|Intimidate|Protect,PartingShot,DarkestLariat,FakeOut|Bold||F|||50|]Sinistcha||ColburBerry|Hospitality|MatchaGotcha,Protect,RagePowder,TrickRoom|Calm|||||50|]Blastoise||Blastoisinite|RainDish|WaterSpout,DarkPulse,ShellSmash,Protect|Modest||M|||50|]Sneasler||FocusSash|PoisonTouch|CloseCombat,PoisonJab,FakeOut,Protect|Jolly||M|||50|
|showteam|p2|Tyranitar||Tyranitarite|SandStream|KnockOff,RockSlide,HighHorsepower,Protect|Jolly||F|||50|]Excadrill||FocusSash|SandRush|Earthquake,IronHead,RockSlide,Protect|Adamant||M|||50|]Milotic||SitrusBerry|Competitive|Scald,IcyWind,Haze,Protect|Calm||M|||50|]Sinistcha||ColburBerry|Hospitality|MatchaGotcha,ShadowBall,Protect,RagePowder|Bold|||||50|]Staraptor||Staraptite|Intimidate|CloseCombat,BraveBird,Tailwind,Protect|Jolly||M|||50|]Gholdengo||LifeOrb|GoodasGold|MakeItRain,ShadowBall,NastyPlot,Protect|Modest|||||50|
|inactive|Battle timer is ON: inactive players will automatically lose when time's up. (requested by gordon1357924681)
|
|t:|1784816426
|teamsize|p1|4
|teamsize|p2|4
|start
|switch|p1a: Blastoise|Blastoise, L50, M|100/100
|switch|p1b: Incineroar|Incineroar, L50, F|100/100
|switch|p2a: Staraptor|Staraptor, L50, M|100/100
|switch|p2b: Milotic|Milotic, L50, M|100/100
|-ability|p2a: Staraptor|Intimidate|boost
|-unboost|p1a: Blastoise|atk|1
|-unboost|p1b: Incineroar|atk|1
|-ability|p1b: Incineroar|Intimidate|boost
|-unboost|p2a: Staraptor|atk|1
|-unboost|p2b: Milotic|atk|1
|-ability|p2b: Milotic|Competitive|boost
|-boost|p2b: Milotic|spa|2
|turn|1
|inactive|gordon1357924681 has 30 seconds left.
|inactive|gordon1357924681 has 20 seconds left.
|
|t:|1784816461
|switch|p1b: Sinistcha|Sinistcha, L50|100/100
|detailschange|p2a: Staraptor|Staraptor-Mega, L50, M
|-mega|p2a: Staraptor|Staraptor|Staraptite
|detailschange|p1a: Blastoise|Blastoise-Mega, L50, M
|-mega|p1a: Blastoise|Blastoise|Blastoisinite
|move|p1a: Blastoise|Protect|p1a: Blastoise
|-singleturn|p1a: Blastoise|Protect
|move|p2a: Staraptor|Close Combat|p1a: Blastoise
|-activate|p1a: Blastoise|move: Protect
|move|p2b: Milotic|Scald|p1b: Sinistcha
|-resisted|p1b: Sinistcha|1
|-damage|p1b: Sinistcha|71/100
|-status|p1b: Sinistcha|brn
|
|-damage|p1b: Sinistcha|65/100 brn|[from] brn
|upkeep
|turn|2
|inactive|gordon1357924681 has 30 seconds left.
|
|t:|1784816486
|switch|p2a: Tyranitar|Tyranitar, L50, F|100/100
|-weather|Sandstorm|[from] ability: Sand Stream|[of] p2a: Tyranitar
|move|p1b: Sinistcha|Rage Powder|p1b: Sinistcha
|-singleturn|p1b: Sinistcha|move: Rage Powder
|move|p1a: Blastoise|Shell Smash|p1a: Blastoise
|-unboost|p1a: Blastoise|def|1
|-unboost|p1a: Blastoise|spd|1
|-boost|p1a: Blastoise|atk|2
|-boost|p1a: Blastoise|spa|2
|-boost|p1a: Blastoise|spe|2
|move|p2b: Milotic|Icy Wind|p1a: Blastoise|[spread] p1a,p1b
|-resisted|p1a: Blastoise|1
|-supereffective|p1b: Sinistcha|1
|-damage|p1a: Blastoise|84/100
|-damage|p1b: Sinistcha|25/100 brn
|-unboost|p1a: Blastoise|spe|1
|-unboost|p1b: Sinistcha|spe|1
|
|-weather|Sandstorm|[upkeep]
|-damage|p1a: Blastoise|78/100|[from] Sandstorm
|-damage|p2b: Milotic|94/100|[from] Sandstorm
|-damage|p1b: Sinistcha|19/100 brn|[from] Sandstorm
|-damage|p1b: Sinistcha|13/100 brn|[from] brn
|upkeep
|turn|3
|inactive|gordon1357924681 has 30 seconds left.
|inactive|gordon1357924681 has 20 seconds left.
|
|t:|1784816523
|switch|p1b: Sneasler|Sneasler, L50, M, shiny|100/100
|move|p1a: Blastoise|Water Spout|p2a: Tyranitar|[spread] p2a,p2b
|-supereffective|p2a: Tyranitar|1
|-resisted|p2b: Milotic|1
|-damage|p2a: Tyranitar|0 fnt
|-damage|p2b: Milotic|61/100
|faint|p2a: Tyranitar
|move|p2b: Milotic|Icy Wind|p1b: Sneasler|[spread] p1a,p1b
|-resisted|p1a: Blastoise|1
|-damage|p1a: Blastoise|65/100
|-damage|p1b: Sneasler|72/100
|-unboost|p1a: Blastoise|spe|1
|-unboost|p1b: Sneasler|spe|1
|
|-weather|Sandstorm|[upkeep]
|-damage|p1a: Blastoise|59/100|[from] Sandstorm
|-damage|p1b: Sneasler|66/100|[from] Sandstorm
|-damage|p2b: Milotic|55/100|[from] Sandstorm
|upkeep
|
|t:|1784816535
|switch|p2a: Sinistcha|Sinistcha, L50|100/100
|-heal|p2b: Milotic|80/100|[from] ability: Hospitality|[of] p2a: Sinistcha
|turn|4
|
|t:|1784816552
|move|p1b: Sneasler|Fake Out|p2b: Milotic
|-damage|p2b: Milotic|66/100
|move|p1a: Blastoise|Dark Pulse|p2a: Sinistcha
|-supereffective|p2a: Sinistcha|1
|-enditem|p2a: Sinistcha|Colbur Berry|[eat]
|-enditem|p2a: Sinistcha|Colbur Berry|[weaken]
|-damage|p2a: Sinistcha|7/100
|cant|p2b: Milotic|flinch
|move|p2a: Sinistcha|Matcha Gotcha|p1b: Sneasler|[spread] p1a,p1b
|-supereffective|p1a: Blastoise|1
|-resisted|p1b: Sneasler|1
|-damage|p1a: Blastoise|0 fnt
|-heal|p2a: Sinistcha|34/100|[from] drain|[of] p1a: Blastoise
|-damage|p1b: Sneasler|50/100g
|-heal|p2a: Sinistcha|41/100|[from] drain|[of] p1b: Sneasler
|faint|p1a: Blastoise
|
|-weather|Sandstorm|[upkeep]
|-damage|p1b: Sneasler|45/100|[from] Sandstorm
|-damage|p2b: Milotic|61/100|[from] Sandstorm
|-damage|p2a: Sinistcha|36/100|[from] Sandstorm
|upkeep
|inactive|gordon1357924681 has 30 seconds left.
|
|t:|1784816580
|switch|p1a: Incineroar|Incineroar, L50, F|100/100
|-ability|p1a: Incineroar|Intimidate|boost
|-unboost|p2a: Sinistcha|atk|1
|-unboost|p2b: Milotic|atk|1
|-ability|p2b: Milotic|Competitive|boost
|-boost|p2b: Milotic|spa|2
|turn|5
|
|t:|1784816590
|move|p2b: Milotic|Protect|p2b: Milotic
|-singleturn|p2b: Milotic|Protect
|move|p1a: Incineroar|Fake Out|p2b: Milotic
|-activate|p2b: Milotic|move: Protect
|move|p1b: Sneasler|Poison Jab|p2a: Sinistcha
|-damage|p2a: Sinistcha|4/100
|-status|p2a: Sinistcha|psn|[from] ability: Poison Touch|[of] p1b: Sneasler
|move|p2a: Sinistcha|Matcha Gotcha|p1a: Incineroar|[spread] p1a,p1b
|-resisted|p1a: Incineroar|1
|-resisted|p1b: Sneasler|1
|-damage|p1a: Incineroar|90/100
|-heal|p2a: Sinistcha|10/100 psn|[from] drain|[of] p1a: Incineroar
|-damage|p1b: Sneasler|27/100
|-heal|p2a: Sinistcha|18/100 psn|[from] drain|[of] p1b: Sneasler
|
|-weather|Sandstorm|[upkeep]
|-damage|p1b: Sneasler|21/100|[from] Sandstorm
|-damage|p2b: Milotic|55/100|[from] Sandstorm
|-damage|p2a: Sinistcha|12/100 psn|[from] Sandstorm
|-damage|p1a: Incineroar|84/100|[from] Sandstorm
|-damage|p2a: Sinistcha|1/100 psn|[from] psn
|upkeep
|turn|6
|inactive|gordon1357924681 has 30 seconds left.
|
|t:|1784816616
|move|p1b: Sneasler|Protect|p1b: Sneasler
|-singleturn|p1b: Sneasler|Protect
|move|p1a: Incineroar|Protect|p1a: Incineroar
|-singleturn|p1a: Incineroar|Protect
|move|p2b: Milotic|Scald|p1a: Incineroar
|-activate|p1a: Incineroar|move: Protect
|move|p2a: Sinistcha|Matcha Gotcha|p1a: Incineroar|[spread] 
|-activate|p1a: Incineroar|move: Protect
|-activate|p1b: Sneasler|move: Protect
|
|-weather|none
|-damage|p2a: Sinistcha|0 fnt|[from] psn
|faint|p2a: Sinistcha
|upkeep
|
|t:|1784816621
|switch|p2a: Staraptor|Staraptor-Mega, L50, M|100/100
|turn|7
|inactive|gordon1357924681 has 30 seconds left.
|
|t:|1784816649
|move|p2a: Staraptor|Brave Bird|p1a: Incineroar
|-damage|p1a: Incineroar|40/100
|-damage|p2a: Staraptor|84/100|[from] Recoil
|move|p1b: Sneasler|Poison Jab|p2a: Staraptor
|-damage|p2a: Staraptor|46/100
|move|p2b: Milotic|Scald|p1b: Sneasler
|-damage|p1b: Sneasler|0 fnt
|faint|p1b: Sneasler
|move|p1a: Incineroar|Darkest Lariat|p2b: Milotic
|-damage|p2b: Milotic|24/100
|-enditem|p2b: Milotic|Sitrus Berry|[eat]
|-heal|p2b: Milotic|49/100|[from] item: Sitrus Berry
|
|upkeep
|
|t:|1784816666
|switch|p1b: Sinistcha|Sinistcha, L50|13/100 brn
|-heal|p1a: Incineroar|64/100|[from] ability: Hospitality|[of] p1b: Sinistcha
|turn|8
|
|t:|1784816684
|move|p1b: Sinistcha|Rage Powder|p1b: Sinistcha
|-singleturn|p1b: Sinistcha|move: Rage Powder
|move|p2a: Staraptor|Brave Bird|p1b: Sinistcha
|-supereffective|p1b: Sinistcha|1
|-damage|p1b: Sinistcha|0 fnt
|faint|p1b: Sinistcha
|-damage|p2a: Staraptor|42/100|[from] Recoil
|move|p2b: Milotic|Scald|p1a: Incineroar
|-supereffective|p1a: Incineroar|1
|-enditem|p1a: Incineroar|Passho Berry|[eat]
|-enditem|p1a: Incineroar|Passho Berry|[weaken]
|-damage|p1a: Incineroar|1/100
|move|p1a: Incineroar|Darkest Lariat|p2a: Staraptor
|-resisted|p2a: Staraptor|1
|-damage|p2a: Staraptor|28/100
|
|upkeep
|turn|9
|
|t:|1784816701
|move|p2a: Staraptor|Close Combat|p1a: Incineroar
|-supereffective|p1a: Incineroar|1
|-damage|p1a: Incineroar|0 fnt
|-boost|p2a: Staraptor|def|1
|-boost|p2a: Staraptor|spd|1
|faint|p1a: Incineroar
|
|win|KodeBeast0526
|raw|gordon1357924681's rating: 1094 → 1076(-18 for losing)
|raw|KodeBeast0526's rating: 1186 → 1205(+19 for winning)
