|j|☆Zero_BlazeVGC
|j|☆laufey#1fan
|html|Zero_BlazeVGClaufey#1fan    
|uhtml|bestof|Game 2 of a best-of-3
|t:|1756702556
|gametype|doubles
|player|p1|Zero_BlazeVGC|flint|1184
|player|p2|laufey#1fan|lady|1299
|gen|9
|tier|[Gen 9] VGC 2025 Reg H (Bo3)
|rated|
|rule|Species Clause: Limit one of each Pokémon
|rule|Item Clause: Limit 1 of each item
|clearpoke
|poke|p1|Gholdengo, L50|
|poke|p1|Pelipper, L50, M|
|poke|p1|Basculegion, L50, M|
|poke|p1|Amoonguss, L50, F|
|poke|p1|Archaludon, L50, M|
|poke|p1|Incineroar, L50, M|
|poke|p2|Kingambit, L50, M|
|poke|p2|Rillaboom, L50, M|
|poke|p2|Electabuzz, L50, M|
|poke|p2|Sneasler, L50, F|
|poke|p2|Dragonite, L50, M|
|poke|p2|Ninetales-Alola, L50, F|
|teampreview|4
|showteam|p1|Gholdengo||LifeOrb|GoodasGold|Protect,NastyPlot,MakeItRain,ShadowBall||||||50|,,,,,Water]Pelipper||FocusSash|Drizzle|Protect,Tailwind,WeatherBall,Hurricane|||M|||50|,,,,,Stellar]Basculegion||ChoiceBand|SwiftSwim|AquaJet,WaveCrash,FlipTurn,LastRespects|||M|||50|,,,,,Fairy]Amoonguss||SitrusBerry|Regenerator|PollenPuff,Spore,RagePowder,Protect|||F|||50|,,,,,Fairy]Archaludon||AssaultVest|Stamina|ElectroShot,Snarl,FlashCannon,BodyPress|||M|||50|,,,,,Bug]Incineroar||SafetyGoggles|Intimidate|FakeOut,KnockOff,PartingShot,Taunt|||M|||50|,,,,,Ghost
|showteam|p2|Kingambit||BlackGlasses|Defiant|Protect,KowtowCleave,SuckerPunch,SwordsDance|||M|||50|,,,,,Dark]Rillaboom||AssaultVest|GrassySurge|WoodHammer,GrassyGlide,HighHorsepower,FakeOut|||M|||50|,,,,,Fire]Electabuzz||Eviolite|VitalSpirit|Protect,Thunderbolt,HelpingHand,FollowMe|||M|||50|,,,,,Ghost]Sneasler||FocusSash|Unburden|CloseCombat,DireClaw,Coaching,FakeOut|||F|||50|,,,,,Stellar]Dragonite||LoadedDice|Multiscale|ScaleShot,Haze,ExtremeSpeed,Protect|||M|||50|,,,,,Fairy]Ninetales-Alola||LifeOrb|SnowWarning|Blizzard,Encore,FreezeDry,Protect|||F|||50|,,,,,Ice
|
|t:|1756702662
|teamsize|p1|4
|teamsize|p2|4
|start
|switch|p1a: Omega|Gholdengo, L50|100/100
|switch|p1b: Incineroar|Incineroar, L50, M|100/100
|switch|p2a: Sabotage|Sneasler, L50, F|100/100
|switch|p2b: JOYBOY|Dragonite, L50, M|100/100
|-ability|p1b: Incineroar|Intimidate|boost
|-unboost|p2a: Sabotage|atk|1
|-unboost|p2b: JOYBOY|atk|1
|turn|1
|
|t:|1756702761
|switch|p2a: Kingambit|Kingambit, L50, M, shiny|100/100
|move|p2b: JOYBOY|Protect|p2b: JOYBOY
|-singleturn|p2b: JOYBOY|Protect
|move|p1b: Incineroar|Fake Out|p2b: JOYBOY
|-activate|p2b: JOYBOY|move: Protect
|move|p1a: Omega|Make It Rain|p2a: Kingambit|[spread] p2a
|-activate|p2b: JOYBOY|move: Protect
|-resisted|p2a: Kingambit
|-damage|p2a: Kingambit|70/100
|-unboost|p1a: Omega|spa|1
|-damage|p1a: Omega|91/100|[from] item: Life Orb
|
|upkeep
|turn|2
|
|t:|1756702886
|move|p1a: Omega|Shadow Ball|p2b: JOYBOY
|-damage|p2b: JOYBOY|82/100
|-damage|p1a: Omega|81/100|[from] item: Life Orb
|move|p2b: JOYBOY|Scale Shot|p1a: Omega
|-resisted|p1a: Omega
|-damage|p1a: Omega|76/100
|-resisted|p1a: Omega
|-damage|p1a: Omega|70/100
|-resisted|p1a: Omega
|-damage|p1a: Omega|65/100
|-resisted|p1a: Omega
|-damage|p1a: Omega|59/100
|-resisted|p1a: Omega
|-damage|p1a: Omega|54/100
|-hitcount|p1a: Omega|5
|-unboost|p2b: JOYBOY|def|1
|-boost|p2b: JOYBOY|spe|1
|move|p1b: Incineroar|Parting Shot|p2b: JOYBOY
|-unboost|p2b: JOYBOY|atk|1
|-unboost|p2b: JOYBOY|spa|1
|
|t:|1756702895
|switch|p1b: Metalman|Archaludon, L50, M|100/100|[from] Parting Shot
|move|p2a: Kingambit|Kowtow Cleave|p1a: Omega
|-supereffective|p1a: Omega
|-damage|p1a: Omega|0 fnt
|faint|p1a: Omega
|
|upkeep
|
|t:|1756702903
|switch|p1a: Benadryl|Amoonguss, L50, F|100/100
|turn|3
|
|t:|1756703031
|-terastallize|p1a: Benadryl|Fairy
|move|p2a: Kingambit|Protect|p2a: Kingambit
|-singleturn|p2a: Kingambit|Protect
|move|p2b: JOYBOY|Extreme Speed|p1a: Benadryl
|-damage|p1a: Benadryl|86/100
|move|p1b: Metalman|Flash Cannon|p2b: JOYBOY
|-damage|p2b: JOYBOY|46/100
|move|p1a: Benadryl|Spore|p2a: Kingambit
|-activate|p2a: Kingambit|move: Protect
|
|upkeep
|turn|4
|
|t:|1756703064
|-terastallize|p2a: Kingambit|Dark
|move|p2b: JOYBOY|Haze|p2b: JOYBOY
|-clearallboost
|move|p1b: Metalman|Flash Cannon|p2b: JOYBOY
|-damage|p2b: JOYBOY|11/100
|move|p2a: Kingambit|Kowtow Cleave|p1b: Metalman
|-damage|p1b: Metalman|36/100
|-ability|p1b: Metalman|Stamina|boost
|-boost|p1b: Metalman|def|1
|move|p1a: Benadryl|Spore|p2a: Kingambit
|-status|p2a: Kingambit|slp|[from] move: Spore
|
|upkeep
|turn|5
|
|t:|1756703101
|cant|p2a: Kingambit|slp
|move|p1b: Metalman|Flash Cannon|p2b: JOYBOY
|-damage|p2b: JOYBOY|0 fnt
|faint|p2b: JOYBOY
|move|p1a: Benadryl|Pollen Puff|p1b: Metalman
|-heal|p1b: Metalman|86/100
|
|upkeep
|
|t:|1756703107
|switch|p2b: Sabotage|Sneasler, L50, F|100/100
|turn|6
|
|t:|1756703146
|move|p2b: Sabotage|Coaching|p2a: Kingambit
|-boost|p2a: Kingambit|atk|1
|-boost|p2a: Kingambit|def|1
|move|p1b: Metalman|Body Press|p2a: Kingambit
|-supereffective|p2a: Kingambit
|-damage|p2a: Kingambit|35/100 slp
|cant|p2a: Kingambit|slp
|move|p1a: Benadryl|Spore|p2b: Sabotage
|-status|p2b: Sabotage|slp|[from] move: Spore
|
|upkeep
|turn|7
|
|t:|1756703211
|cant|p2b: Sabotage|slp
|move|p1b: Metalman|Body Press|p2a: Kingambit
|-supereffective|p2a: Kingambit
|-damage|p2a: Kingambit|0 fnt
|faint|p2a: Kingambit
|move|p1a: Benadryl|Pollen Puff|p2b: Sabotage
|-resisted|p2b: Sabotage
|-damage|p2b: Sabotage|95/100 slp
|
|upkeep
|
|t:|1756703215
|switch|p2a: Laufey|Ninetales-Alola, L50, F, shiny|100/100
|-weather|Snowscape|[from] ability: Snow Warning|[of] p2a: Laufey
|turn|8
|-message|laufey#1fan forfeited.
|
|win|Zero_BlazeVGC
|raw|Zero_BlazeVGC's rating: 1184 → 1217(+33 for winning)
|raw|laufey#1fan's rating: 1299 → 1266(-33 for losing)
|l|☆laufey#1fan
|player|p2|
