|j|☆Mcn35
|j|☆Little_Otaku
|html|Mcn35Little_Otaku    
|uhtml|bestof|Game 1 of a best-of-3
|t:|1757909806
|gametype|doubles
|player|p1|Mcn35|hilda|1105
|player|p2|Little_Otaku|maid|1039
|gen|9
|tier|[Gen 9] VGC 2025 Reg H (Bo3)
|rated|
|rule|Species Clause: Limit one of each Pokémon
|rule|Item Clause: Limit 1 of each item
|clearpoke
|poke|p1|Sneasler, L50, F|
|poke|p1|Corviknight, L50, M|
|poke|p1|Ursaluna-Bloodmoon, L50, M|
|poke|p1|Comfey, L50, F|
|poke|p1|Goodra, L50, M|
|poke|p1|Electabuzz, L50, M|
|poke|p2|Torkoal, L50, M|
|poke|p2|Farigiraf, L50, M|
|poke|p2|Maushold, L50|
|poke|p2|Hydreigon, L50, F|
|poke|p2|Clodsire, L50, F|
|poke|p2|Lilligant-Hisui, L50, F|
|teampreview|4
|showteam|p1|Sneasler||FocusSash|PoisonTouch|CloseCombat,DireClaw,Protect,ThroatChop|||F|||50|,,,,,Dark]Corviknight||RockyHelmet|MirrorArmor|Roost,BraveBird,BodyPress,Tailwind|||M|||50|,,,,,Dragon]Ursaluna-Bloodmoon||ThroatSpray|MindsEye|HyperVoice,EarthPower,VacuumWave,Protect|||M|||50|,,,,,Normal]Comfey||Leftovers|Triage|DrainingKiss,LeechSeed,Protect,FloralHealing|||F|||50|,,,,,Steel]Goodra||AssaultVest|SapSipper|DragonPulse,Thunderbolt,SludgeWave,Flamethrower|||M|||50|,,,,,Ghost]Electabuzz||Eviolite|VitalSpirit|FollowMe,Psychic,Thunderbolt,ThunderWave|||M|||50|,,,,,Bug
|showteam|p2|Torkoal||Charcoal|Drought|Eruption,HeatWave,EarthPower,Protect|||M|||50|,,,,,Fire]Farigiraf||ThroatSpray|ArmorTail|HyperVoice,PsychicNoise,TrickRoom,Imprison|||M|||50|,,,,,Fairy]Maushold||WideLens|Technician|PopulationBomb,Bite,Encore,Protect||||||50|,,,,,Ghost]Hydreigon||ChoiceScarf|Levitate|DracoMeteor,DarkPulse,HeatWave,TeraBlast|||F|||50|,,,,,Electric]Clodsire||Leftovers|WaterAbsorb|GunkShot,Yawn,Haze,Protect|||F|||50|,,,,,Steel]Lilligant-Hisui||FocusSash|Chlorophyll|AxeKick,LeafBlade,SleepPowder,AfterYou|||F|||50|,,,,,Dark
|
|t:|1757909846
|teamsize|p1|4
|teamsize|p2|4
|start
|switch|p1a: Ursaluna|Ursaluna-Bloodmoon, L50, M|100/100
|switch|p1b: Sneasler|Sneasler, L50, F|100/100
|switch|p2a: Lilligant|Lilligant-Hisui, L50, F|100/100
|switch|p2b: Torkoal|Torkoal, L50, M|100/100
|-weather|SunnyDay|[from] ability: Drought|[of] p2b: Torkoal
|turn|1
|inactive|Battle timer is ON: inactive players will automatically lose when time's up. (requested by Mcn35)
|
|t:|1757909874
|move|p1a: Ursaluna|Protect|p1a: Ursaluna
|-singleturn|p1a: Ursaluna|Protect
|move|p2a: Lilligant|After You|p2b: Torkoal
|-activate|p2b: Torkoal|move: After You
|move|p2b: Torkoal|Eruption|p1b: Sneasler|[spread] p1b
|-activate|p1a: Ursaluna|move: Protect
|-enditem|p1b: Sneasler|Focus Sash
|-damage|p1b: Sneasler|1/100
|move|p1b: Sneasler|Dire Claw|p2b: Torkoal
|-crit|p2b: Torkoal
|-damage|p2b: Torkoal|43/100
|-status|p2b: Torkoal|psn|[from] ability: Poison Touch|[of] p1b: Sneasler
|
|-weather|SunnyDay|[upkeep]
|-damage|p2b: Torkoal|31/100 psn|[from] psn
|upkeep
|turn|2
|inactive|Mcn35 has 30 seconds left.
|inactive|Mcn35 has 20 seconds left.
|
|t:|1757909909
|-terastallize|p1a: Ursaluna|Normal
|move|p1b: Sneasler|Protect|p1b: Sneasler
|-singleturn|p1b: Sneasler|Protect
|move|p2a: Lilligant|After You|p2b: Torkoal
|-activate|p2b: Torkoal|move: After You
|move|p2b: Torkoal|Heat Wave|p1b: Sneasler|[spread] p1a
|-activate|p1b: Sneasler|move: Protect
|-damage|p1a: Ursaluna|40/100
|move|p1a: Ursaluna|Hyper Voice|p2a: Lilligant|[spread] p2a,p2b
|-damage|p2a: Lilligant|14/100
|-damage|p2b: Torkoal|0 fnt
|faint|p2b: Torkoal
|-enditem|p1a: Ursaluna|Throat Spray
|-boost|p1a: Ursaluna|spa|1|[from] item: Throat Spray
|
|-weather|SunnyDay|[upkeep]
|upkeep
|
|t:|1757909924
|switch|p2b: Hydreigon|Hydreigon, L50, F|100/100
|turn|3
|inactive|Mcn35 has 30 seconds left.
|
|t:|1757909955
|switch|p1b: Comfey|Comfey, L50, F|100/100
|move|p1a: Ursaluna|Vacuum Wave|p2a: Lilligant
|-damage|p2a: Lilligant|0 fnt
|faint|p2a: Lilligant
|move|p2b: Hydreigon|Heat Wave|p1a: Ursaluna|[spread] p1a,p1b
|-crit|p1b: Comfey
|-damage|p1a: Ursaluna|0 fnt
|-damage|p1b: Comfey|50/100
|faint|p1a: Ursaluna
|
|-weather|SunnyDay|[upkeep]
|-heal|p1b: Comfey|56/100|[from] item: Leftovers
|upkeep
|
|t:|1757909972
|switch|p2a: Farigiraf|Farigiraf, L50, M|100/100
|switch|p1a: Sneasler|Sneasler, L50, F|1/100
|turn|4
|
|t:|1757909986
|-terastallize|p2b: Hydreigon|Electric
|move|p1b: Comfey|Draining Kiss||[still]
|cant|p2a: Farigiraf|ability: Armor Tail|Draining Kiss|[of] p1b: Comfey
|move|p2b: Hydreigon|Heat Wave|p1b: Comfey|[spread] p1a,p1b
|-damage|p1a: Sneasler|0 fnt
|-damage|p1b: Comfey|20/100
|faint|p1a: Sneasler
|move|p2a: Farigiraf|Psychic Noise|p1b: Comfey
|-damage|p1b: Comfey|0 fnt
|faint|p1b: Comfey
|-enditem|p2a: Farigiraf|Throat Spray
|-boost|p2a: Farigiraf|spa|1|[from] item: Throat Spray
|
|-weather|SunnyDay|[upkeep]
|upkeep
|
|t:|1757909995
|switch|p1b: Corviknight|Corviknight, L50, M|100/100
|turn|5
|-message|Mcn35 forfeited.
|
|win|Little_Otaku
|l|☆Mcn35
|player|p1|
||Little_Otaku is ready for game 2.
||Mcn35 is ready for game 2.
|uhtml|next|Next: Game 2 of 3
