|j|☆lctrem
|j|☆OreburghRanger
|html|lctremOreburghRanger    
|uhtml|bestof|Game 2 of a best-of-3
|t:|1756316340
|gametype|doubles
|player|p1|lctrem|2|
|player|p2|OreburghRanger|pokemonranger-gen4|
|gen|9
|tier|[Gen 9] VGC 2025 Reg H (Bo3)
|rule|Species Clause: Limit one of each Pokémon
|rule|Item Clause: Limit 1 of each item
|clearpoke
|poke|p1|Baxcalibur, L50, F|
|poke|p1|Kingambit, L50, M|
|poke|p1|Volcarona, L50, F|
|poke|p1|Dondozo, L50, M|
|poke|p1|Sneasler, L50, F|
|poke|p1|Rillaboom, L50, F|
|poke|p2|Charizard, L50, M|
|poke|p2|Torkoal, L50, F|
|poke|p2|Porygon2, L50|
|poke|p2|Incineroar, L50, M|
|poke|p2|Jumpluff, L50, F|
|poke|p2|Ursaluna, L50, M|
|teampreview|4
|showteam|p1|Baxcalibur||LoadedDice|ThermalExchange|ScaleShot,IcicleSpear,IceShard,Protect|||F|||50|,,,,,Ghost]Kingambit||SafetyGoggles|Defiant|KowtowCleave,SuckerPunch,SwordsDance,Protect|||M|||50|,,,,,Ghost]Volcarona||CovertCloak|FlameBody|HeatWave,TeraBlast,QuiverDance,Protect|||F|||50|,,,,,Fairy]Dondozo||Leftovers|Unaware|Liquidation,Fissure,Yawn,Protect|||M|||50|,,,,,Poison]Sneasler||FocusSash|Unburden|CloseCombat,DireClaw,Coaching,Protect|||F|||50|,,,,,Stellar]Rillaboom||AssaultVest|GrassySurge|WoodHammer,GrassyGlide,HighHorsepower,FakeOut|||F|||50|,,,,,Water
|showteam|p2|Charizard||ChoiceSpecs|SolarPower|HeatWave,Overheat,WeatherBall,AirSlash|||M|||50|,,,,,Ghost]Torkoal||EjectPack|Drought|Eruption,Overheat,HelpingHand,Protect|||F|||50|,,,,,Fire]Porygon2||Eviolite|Download|TeraBlast,IceBeam,Recover,TrickRoom||||||50|,,,,,Fighting]Incineroar||SafetyGoggles|Intimidate|FlareBlitz,KnockOff,FakeOut,PartingShot|||M|||50|,,,,,Ghost]Jumpluff||CovertCloak|Chlorophyll|SleepPowder,SunnyDay,RagePowder,Tailwind|||F|||50|,,,,,Water]Ursaluna||FlameOrb|Guts|HeadlongRush,Facade,Earthquake,Protect|||M|||50|,,,,,Ghost
|inactive|Battle timer is ON: inactive players will automatically lose when time's up. (requested by OreburghRanger)
|
|t:|1756316379
|teamsize|p1|4
|teamsize|p2|4
|start
|switch|p1a: Baxcalibur|Baxcalibur, L50, F|100/100
|switch|p1b: Volcarona|Volcarona, L50, F|100/100
|switch|p2a: Kenshin|Charizard, L50, M, shiny|100/100
|switch|p2b: Ryo the Stern|Torkoal, L50, F|100/100
|-weather|SunnyDay|[from] ability: Drought|[of] p2b: Ryo the Stern
|turn|1
|inactive|lctrem has 30 seconds left.
|inactive|OreburghRanger has 30 seconds left.
|inactive|lctrem has 20 seconds left.
|inactive|OreburghRanger has 20 seconds left.
|inactive|lctrem has 15 seconds left.
|inactive|OreburghRanger has 15 seconds left.
|inactive|OreburghRanger has 10 seconds left.
|
|t:|1756316426
|move|p1b: Volcarona|Protect|p1b: Volcarona
|-singleturn|p1b: Volcarona|Protect
|move|p2a: Kenshin|Weather Ball|p1a: Baxcalibur
|-damage|p1a: Baxcalibur|0 fnt
|faint|p1a: Baxcalibur
|move|p2b: Ryo the Stern|Overheat|p1b: Volcarona
|-activate|p1b: Volcarona|move: Protect
|
|-weather|SunnyDay|[upkeep]
|-damage|p2a: Kenshin|88/100|[from] ability: Solar Power|[of] p2a: Kenshin
|upkeep
|
|t:|1756316436
|switch|p1a: Sneasler|Sneasler, L50, F|100/100
|turn|2
|
|t:|1756316449
|-terastallize|p2a: Kenshin|Ghost
|move|p1a: Sneasler|Dire Claw|p2a: Kenshin
|-resisted|p2a: Kenshin
|-damage|p2a: Kenshin|53/100
|-status|p2a: Kenshin|slp
|cant|p2a: Kenshin|slp
|move|p1b: Volcarona|Quiver Dance|p1b: Volcarona
|-boost|p1b: Volcarona|spa|1
|-boost|p1b: Volcarona|spd|1
|-boost|p1b: Volcarona|spe|1
|move|p2b: Ryo the Stern|Overheat|p1a: Sneasler|[miss]
|-miss|p2b: Ryo the Stern|p1a: Sneasler
|
|-weather|SunnyDay|[upkeep]
|-damage|p2a: Kenshin|40/100 slp|[from] ability: Solar Power|[of] p2a: Kenshin
|upkeep
|turn|3
|
|t:|1756316469
|move|p1b: Volcarona|Quiver Dance|p1b: Volcarona
|-boost|p1b: Volcarona|spa|1
|-boost|p1b: Volcarona|spd|1
|-boost|p1b: Volcarona|spe|1
|move|p1a: Sneasler|Dire Claw|p2b: Ryo the Stern
|-damage|p2b: Ryo the Stern|66/100
|-curestatus|p2a: Kenshin|slp|[msg]
|move|p2a: Kenshin|Weather Ball|p1b: Volcarona
|-damage|p1b: Volcarona|36/100
|move|p2b: Ryo the Stern|Overheat|p1b: Volcarona
|-damage|p1b: Volcarona|0 fnt
|-unboost|p2b: Ryo the Stern|spa|2
|faint|p1b: Volcarona
|-enditem|p2b: Ryo the Stern|Eject Pack
|
|t:|1756316483
|switch|p2b: Shōnagon|Jumpluff, L50, F|100/100
|
|-weather|SunnyDay|[upkeep]
|-damage|p2a: Kenshin|28/100|[from] ability: Solar Power|[of] p2a: Kenshin
|upkeep
|
|t:|1756316487
|switch|p1b: Rillaboom|Rillaboom, L50, F|100/100
|-fieldstart|move: Grassy Terrain|[from] ability: Grassy Surge|[of] p1b: Rillaboom
|turn|4
|
|t:|1756316502
|-terastallize|p1b: Rillaboom|Water
|move|p1b: Rillaboom|Grassy Glide|p2a: Kenshin
|-damage|p2a: Kenshin|0 fnt
|faint|p2a: Kenshin
|move|p2b: Shōnagon|Sleep Powder|p1a: Sneasler
|-status|p1a: Sneasler|slp|[from] move: Sleep Powder
|cant|p1a: Sneasler|slp
|
|-weather|SunnyDay|[upkeep]
|upkeep
|
|t:|1756316509
|switch|p2a: Koshamain|Ursaluna, L50, M|100/100
|turn|5
|
|t:|1756316522
|move|p2b: Shōnagon|Rage Powder|p2b: Shōnagon
|-singleturn|p2b: Shōnagon|move: Rage Powder
|move|p1b: Rillaboom|Grassy Glide|p2b: Shōnagon
|-resisted|p2b: Shōnagon
|-damage|p2b: Shōnagon|89/100
|cant|p1a: Sneasler|slp
|move|p2a: Koshamain|Facade|p1b: Rillaboom
|-damage|p1b: Rillaboom|57/100
|
|-weather|none
|-heal|p1b: Rillaboom|63/100|[from] Grassy Terrain
|-status|p2a: Koshamain|brn|[from] item: Flame Orb
|upkeep
|turn|6
|inactive|OreburghRanger has 30 seconds left.
|
|t:|1756316549
|move|p2b: Shōnagon|Rage Powder|p2b: Shōnagon
|-singleturn|p2b: Shōnagon|move: Rage Powder
|-curestatus|p1a: Sneasler|slp|[msg]
|move|p1a: Sneasler|Dire Claw|p2b: Shōnagon
|-supereffective|p2b: Shōnagon
|-damage|p2b: Shōnagon|0 fnt
|faint|p2b: Shōnagon
|move|p1b: Rillaboom|Wood Hammer|p2a: Koshamain
|-supereffective|p2a: Koshamain
|-damage|p2a: Koshamain|0 fnt
|faint|p2a: Koshamain
|-damage|p1b: Rillaboom|26/100|[from] Recoil
|
|-heal|p1b: Rillaboom|32/100|[from] Grassy Terrain
|upkeep
|
|t:|1756316559
|switch|p2b: Ryo the Stern|Torkoal, L50, F|66/100
|-weather|SunnyDay|[from] ability: Drought|[of] p2b: Ryo the Stern
|turn|7
|
|t:|1756316573
|move|p1a: Sneasler|Dire Claw|p2b: Ryo the Stern
|-damage|p2b: Ryo the Stern|33/100
|-status|p2b: Ryo the Stern|par
|move|p1b: Rillaboom|High Horsepower|p2b: Ryo the Stern
|-supereffective|p2b: Ryo the Stern
|-damage|p2b: Ryo the Stern|0 fnt
|faint|p2b: Ryo the Stern
|
|win|lctrem
