|j|☆Welosethose!
|j|☆redg1827
|html|Welosethose!redg1827    
|uhtml|bestof|Game 3 of a best-of-3
|t:|1757033048
|gametype|doubles
|player|p1|Welosethose!|hilbert|1116
|player|p2|redg1827|170|1051
|gen|9
|tier|[Gen 9] VGC 2025 Reg H (Bo3)
|rated|
|rule|Species Clause: Limit one of each Pokémon
|rule|Item Clause: Limit 1 of each item
|clearpoke
|poke|p1|Porygon2, L50|
|poke|p1|Ursaluna, L50, F|
|poke|p1|Incineroar, L50, F|
|poke|p1|Ninetales-Alola, L50, F|
|poke|p1|Dragapult, L50, M|
|poke|p1|Gholdengo, L50|
|poke|p2|Archaludon, L50, M|
|poke|p2|Politoed, L50, F|
|poke|p2|Gothitelle, L50, M|
|poke|p2|Basculegion, L50, M|
|poke|p2|Sinistcha-Masterpiece, L50|
|poke|p2|Incineroar, L50, F|
|teampreview|4
|showteam|p1|Porygon2||Eviolite|Download|TeraBlast,IceBeam,Recover,TrickRoom||||||50|,,,,,Fighting]Ursaluna||FlameOrb|Guts|Facade,HeadlongRush,EarthPower,Protect|||F|||50|,,,,,Ghost]Incineroar||SafetyGoggles|Intimidate|FakeOut,KnockOff,Taunt,PartingShot|||F|||50|,,,,,Ghost]Ninetales-Alola||FocusSash|SnowWarning|Blizzard,Moonblast,Encore,Protect|||F|||50|,,,,,Ghost]Dragapult||ChoiceBand|ClearBody|DragonDarts,Outrage,PhantomForce,Uturn|||M|||50|,,,,,Dragon]Gholdengo||LifeOrb|GoodasGold|MakeItRain,ShadowBall,NastyPlot,Protect||||||50|,,,,,Water
|showteam|p2|Archaludon||AssaultVest|Stamina|ElectroShot,FlashCannon,DracoMeteor,BodyPress|||M|||50|,,,,,Fairy]Politoed||DampRock|Drizzle|WeatherBall,PerishSong,Encore,HelpingHand|||F|||50|,,,,,Steel]Gothitelle||AguavBerry|ShadowTag|FakeOut,Protect,ThunderWave,PsychicNoise|||M|||50|,,,,,Psychic]Basculegion||ChoiceBand|SwiftSwim|FlipTurn,LastRespects,WaveCrash,Crunch|||M|||50|,,,,,Water]Sinistcha-Masterpiece||Leftovers|Hospitality|RagePowder,MatchaGotcha,TrickRoom,LifeDew||||||50|,,,,,Water]Incineroar||SafetyGoggles|Intimidate|KnockOff,WillOWisp,FakeOut,PartingShot|||F|||50|,,,,,Ghost
|inactive|Battle timer is ON: inactive players will automatically lose when time's up. (requested by redg1827)
|
|t:|1757033062
|teamsize|p1|4
|teamsize|p2|4
|start
|switch|p1a: Dragapult|Dragapult, L50, M|100/100
|switch|p1b: Incineroar|Incineroar, L50, F|100/100
|switch|p2a: Incineroar|Incineroar, L50, F|100/100
|switch|p2b: Archaludon|Archaludon, L50, M|100/100
|-ability|p2a: Incineroar|Intimidate|boost
|-fail|p1a: Dragapult|unboost|[from] ability: Clear Body|[of] p1a: Dragapult
|-unboost|p1b: Incineroar|atk|1
|-ability|p1b: Incineroar|Intimidate|boost
|-unboost|p2a: Incineroar|atk|1
|-unboost|p2b: Archaludon|atk|1
|turn|1
|inactive|Welosethose! has 30 seconds left.
|inactive|Welosethose! has 20 seconds left.
|inactive|Welosethose! has 15 seconds left.
|inactive|Welosethose! has 10 seconds left.
|
|t:|1757033109
|switch|p2a: Politoed|Politoed, L50, F|100/100
|-weather|RainDance|[from] ability: Drizzle|[of] p2a: Politoed
|move|p1a: Dragapult|Phantom Force||[still]
|-prepare|p1a: Dragapult|Phantom Force
|move|p2b: Archaludon|Electro Shot||[still]
|-prepare|p2b: Archaludon|Electro Shot
|-boost|p2b: Archaludon|spa|1
|-anim|p2b: Archaludon|Electro Shot|p1b: Incineroar
|-damage|p1b: Incineroar|36/100
|move|p1b: Incineroar|Parting Shot|p2b: Archaludon
|-unboost|p2b: Archaludon|atk|1
|-unboost|p2b: Archaludon|spa|1
|
|t:|1757033122
|switch|p1b: Ninetales|Ninetales-Alola, L50, F|100/100|[from] Parting Shot
|-weather|Snowscape|[from] ability: Snow Warning|[of] p1b: Ninetales
|
|-weather|Snowscape|[upkeep]
|upkeep
|turn|2
|
|t:|1757033149
|move|p1a: Dragapult|Phantom Force|p2b: Archaludon|[from] lockedmove
|-damage|p2b: Archaludon|38/100
|-ability|p2b: Archaludon|Stamina|boost
|-boost|p2b: Archaludon|def|1
|move|p1b: Ninetales|Blizzard|p2a: Politoed|[spread] p2a,p2b
|-resisted|p2a: Politoed
|-damage|p2a: Politoed|86/100
|-damage|p2b: Archaludon|7/100
|-ability|p2b: Archaludon|Stamina|boost
|-boost|p2b: Archaludon|def|1
|move|p2b: Archaludon|Draco Meteor|p1a: Dragapult
|-supereffective|p1a: Dragapult
|-damage|p1a: Dragapult|0 fnt
|-unboost|p2b: Archaludon|spa|2
|faint|p1a: Dragapult
|move|p2a: Politoed|Encore|p1b: Ninetales
|-start|p1b: Ninetales|Encore
|
|-weather|Snowscape|[upkeep]
|upkeep
|
|t:|1757033161
|switch|p1a: Golden sins|Gholdengo, L50, shiny|100/100
|turn|3
|
|t:|1757033178
|switch|p1b: Incineroar|Incineroar, L50, F|36/100
|-ability|p1b: Incineroar|Intimidate|boost
|-unboost|p2a: Politoed|atk|1
|-unboost|p2b: Archaludon|atk|1
|switch|p2b: Incineroar|Incineroar, L50, F|100/100
|-ability|p2b: Incineroar|Intimidate|boost
|-unboost|p1a: Golden sins|atk|1
|-unboost|p1b: Incineroar|atk|1
|switch|p2a: Gothitelle|Gothitelle, L50, M|100/100
|move|p1a: Golden sins|Nasty Plot|p1a: Golden sins
|-boost|p1a: Golden sins|spa|2
|
|-weather|Snowscape|[upkeep]
|upkeep
|turn|4
|inactive|Welosethose! has 30 seconds left.
|inactive|Welosethose! has 20 seconds left.
|inactive|Welosethose! has 15 seconds left.
|inactive|Welosethose! has 10 seconds left.
|
|t:|1757033223
|move|p1a: Golden sins|Protect|p1a: Golden sins
|-singleturn|p1a: Golden sins|Protect
|move|p1b: Incineroar|Fake Out|p2a: Gothitelle
|-damage|p2a: Gothitelle|94/100
|move|p2b: Incineroar|Knock Off|p1a: Golden sins
|-activate|p1a: Golden sins|move: Protect
|cant|p2a: Gothitelle|flinch
|
|-weather|Snowscape|[upkeep]
|upkeep
|turn|5
|inactive|Welosethose! has 30 seconds left.
|inactive|Welosethose! has 20 seconds left.
|inactive|Welosethose! has 15 seconds left.
|
|t:|1757033265
|-terastallize|p1a: Golden sins|Water
|move|p1a: Golden sins|Shadow Ball|p2a: Gothitelle
|-supereffective|p2a: Gothitelle
|-damage|p2a: Gothitelle|0 fnt
|faint|p2a: Gothitelle
|-damage|p1a: Golden sins|91/100|[from] item: Life Orb
|move|p2b: Incineroar|Knock Off|p1a: Golden sins
|-damage|p1a: Golden sins|48/100
|-enditem|p1a: Golden sins|Life Orb|[from] move: Knock Off|[of] p2b: Incineroar
|move|p1b: Incineroar|Parting Shot|p2b: Incineroar
|-unboost|p2b: Incineroar|atk|1
|-unboost|p2b: Incineroar|spa|1
|
|t:|1757033276
|switch|p1b: Ninetales|Ninetales-Alola, L50, F|100/100|[from] Parting Shot
|
|-weather|none
|upkeep
|
|t:|1757033282
|switch|p2a: Politoed|Politoed, L50, F|86/100
|-weather|RainDance|[from] ability: Drizzle|[of] p2a: Politoed
|turn|6
|
|t:|1757033307
|switch|p1b: Incineroar|Incineroar, L50, F|36/100
|-ability|p1b: Incineroar|Intimidate|boost
|-unboost|p2a: Politoed|atk|1
|-unboost|p2b: Incineroar|atk|1
|move|p1a: Golden sins|Shadow Ball|p2a: Politoed
|-crit|p2a: Politoed
|-damage|p2a: Politoed|0 fnt
|faint|p2a: Politoed
|move|p2b: Incineroar|Parting Shot|p1b: Incineroar
|-unboost|p1b: Incineroar|atk|1
|-unboost|p1b: Incineroar|spa|1
|
|t:|1757033308
|switch|p2b: Archaludon|Archaludon, L50, M|7/100|[from] Parting Shot
|
|-weather|RainDance|[upkeep]
|upkeep
|
|t:|1757033310
|switch|p2a: Incineroar|Incineroar, L50, F|100/100
|-ability|p2a: Incineroar|Intimidate|boost
|-unboost|p1a: Golden sins|atk|1
|-unboost|p1b: Incineroar|atk|1
|turn|7
|
|t:|1757033323
|move|p1a: Golden sins|Protect|p1a: Golden sins
|-singleturn|p1a: Golden sins|Protect
|move|p2a: Incineroar|Fake Out|p1a: Golden sins
|-activate|p1a: Golden sins|move: Protect
|move|p2b: Archaludon|Electro Shot||[still]
|-prepare|p2b: Archaludon|Electro Shot
|-boost|p2b: Archaludon|spa|1
|-anim|p2b: Archaludon|Electro Shot|p1a: Golden sins
|-activate|p1a: Golden sins|move: Protect
|move|p1b: Incineroar|Parting Shot|p2b: Archaludon
|-unboost|p2b: Archaludon|atk|1
|-unboost|p2b: Archaludon|spa|1
|
|t:|1757033336
|switch|p1b: Ninetales|Ninetales-Alola, L50, F|100/100|[from] Parting Shot
|-weather|Snowscape|[from] ability: Snow Warning|[of] p1b: Ninetales
|
|-weather|Snowscape|[upkeep]
|upkeep
|turn|8
|-message|redg1827 forfeited.
|
|win|Welosethose!
|raw|Welosethose!'s rating: 1116 → 1136(+20 for winning)
|raw|redg1827's rating: 1051 → 1037(-14 for losing)
|l|☆redg1827
|player|p2|
