|j|☆SpeedRacer1
|j|☆chefbenboyrd
|html|SpeedRacer1chefbenboyrd    
|uhtml|bestof|Game 2 of a best-of-3
|t:|1757126661
|gametype|doubles
|player|p1|SpeedRacer1|ingo|1087
|player|p2|chefbenboyrd|brawly|1129
|gen|9
|tier|[Gen 9] VGC 2025 Reg H (Bo3)
|rated|
|rule|Species Clause: Limit one of each Pokémon
|rule|Item Clause: Limit 1 of each item
|clearpoke
|poke|p1|Charizard, L50, M|
|poke|p1|Torkoal, L50, M|
|poke|p1|Porygon2, L50|
|poke|p1|Incineroar, L50, M|
|poke|p1|Jumpluff, L50, F|
|poke|p1|Ursaluna, L50, F|
|poke|p2|Whimsicott, L50, F|
|poke|p2|Hydreigon, L50, M|
|poke|p2|Incineroar, L50, M|
|poke|p2|Gholdengo, L50|
|poke|p2|Basculegion, L50, M|
|poke|p2|Dragonite, L50, M|
|teampreview|4
|showteam|p1|Charizard||ChoiceSpecs|SolarPower|HeatWave,Overheat,WeatherBall,AirSlash|||M|||50|,,,,,Ghost]Torkoal||EjectPack|Drought|Eruption,Overheat,HelpingHand,Protect|||M|||50|,,,,,Fire]Porygon2||Eviolite|Download|TeraBlast,IceBeam,Recover,TrickRoom||||||50|,,,,,Fighting]Incineroar||SitrusBerry|Intimidate|FlareBlitz,KnockOff,FakeOut,PartingShot|||M|||50|,,,,,Ghost]Jumpluff||CovertCloak|Chlorophyll|SleepPowder,SunnyDay,RagePowder,Tailwind|||F|||50|,,,,,Water]Ursaluna||FlameOrb|Guts|HeadlongRush,Facade,Earthquake,Protect|||F|||50|,,,,,Ghost
|showteam|p2|Whimsicott||FocusSash|Prankster|SunnyDay,Encore,Tailwind,Moonblast|||F|||50|,,,,,Ghost]Hydreigon||ChoiceSpecs|Levitate|HeatWave,DracoMeteor,Snarl,DarkPulse|||M|||50|,,,,,Fire]Incineroar||SafetyGoggles|Intimidate|KnockOff,FakeOut,PartingShot,FlareBlitz|||M|||50|,,,,,Ghost]Gholdengo||LifeOrb|GoodasGold|Protect,MakeItRain,ShadowBall,NastyPlot||||||50|,,,,,Water]Basculegion||ChoiceScarf|Adaptability|LastRespects,WaveCrash,AquaJet,FlipTurn|||M|||50|,,,,,Water]Dragonite||LoadedDice|Multiscale|ScaleShot,Protect,ExtremeSpeed,Haze|||M|||50|,,,,,Fairy
|inactive|Battle timer is ON: inactive players will automatically lose when time's up. (requested by SpeedRacer1)
|inactive|chefbenboyrd has 60 seconds left.
|
|t:|1757126708
|teamsize|p1|4
|teamsize|p2|4
|start
|switch|p1a: Jumpluff|Jumpluff, L50, F|100/100
|switch|p1b: Ursaluna|Ursaluna, L50, F|100/100
|switch|p2a: Basculegion|Basculegion, L50, M|100/100
|switch|p2b: Incineroar|Incineroar, L50, M|100/100
|-ability|p2b: Incineroar|Intimidate|boost
|-unboost|p1a: Jumpluff|atk|1
|-unboost|p1b: Ursaluna|atk|1
|turn|1
|inactive|SpeedRacer1 has 30 seconds left.
|
|t:|1757126735
|-terastallize|p2a: Basculegion|Water
|move|p1b: Ursaluna|Protect|p1b: Ursaluna
|-singleturn|p1b: Ursaluna|Protect
|move|p2a: Basculegion|Flip Turn|p1b: Ursaluna
|-activate|p1b: Ursaluna|move: Protect
|move|p1a: Jumpluff|Sleep Powder|p2a: Basculegion
|-status|p2a: Basculegion|slp|[from] move: Sleep Powder
|move|p2b: Incineroar|Flare Blitz|p1a: Jumpluff
|-supereffective|p1a: Jumpluff
|-damage|p1a: Jumpluff|0 fnt
|faint|p1a: Jumpluff
|-damage|p2b: Incineroar|71/100|[from] Recoil
|
|-status|p1b: Ursaluna|brn|[from] item: Flame Orb
|upkeep
|
|t:|1757126749
|switch|p1a: Porygon2|Porygon2, L50|100/100
|-ability|p1a: Porygon2|Download|boost
|-boost|p1a: Porygon2|atk|1
|turn|2
|
|t:|1757126764
|cant|p2a: Basculegion|slp
|move|p2b: Incineroar|Parting Shot|p1b: Ursaluna
|-unboost|p1b: Ursaluna|atk|1
|-unboost|p1b: Ursaluna|spa|1
|
|t:|1757126773
|switch|p2b: Hydreigon|Hydreigon, L50, M|100/100|[from] Parting Shot
|move|p1b: Ursaluna|Headlong Rush|p2b: Hydreigon
|-immune|p2b: Hydreigon|[from] ability: Levitate
|move|p1a: Porygon2|Trick Room|p1a: Porygon2
|-fieldstart|move: Trick Room|[of] p1a: Porygon2
|
|-damage|p1b: Ursaluna|95/100 brn|[from] brn
|upkeep
|turn|3
|
|t:|1757126790
|switch|p1b: Incineroar|Incineroar, L50, M|100/100
|-ability|p1b: Incineroar|Intimidate|boost
|-unboost|p2a: Basculegion|atk|1
|-unboost|p2b: Hydreigon|atk|1
|switch|p2a: Incineroar|Incineroar, L50, M|71/100
|-ability|p2a: Incineroar|Intimidate|boost
|-unboost|p1a: Porygon2|atk|1
|-unboost|p1b: Incineroar|atk|1
|-terastallize|p1a: Porygon2|Fighting
|move|p1a: Porygon2|Tera Blast|p2a: Incineroar|[anim] Tera Blast Fighting
|-supereffective|p2a: Incineroar
|-damage|p2a: Incineroar|0 fnt
|faint|p2a: Incineroar
|move|p2b: Hydreigon|Heat Wave|p1a: Porygon2|[spread] p1a,p1b
|-resisted|p1b: Incineroar
|-damage|p1a: Porygon2|74/100
|-damage|p1b: Incineroar|83/100
|-status|p1a: Porygon2|brn
|
|-damage|p1a: Porygon2|68/100 brn|[from] brn
|upkeep
|
|t:|1757126812
|switch|p2a: Dragonite|Dragonite, L50, M|100/100
|turn|4
|
|t:|1757126836
|switch|p2b: Basculegion|Basculegion, L50, M, tera:Water|100/100 slp
|move|p1b: Incineroar|Fake Out|p2b: Basculegion
|-damage|p2b: Basculegion|89/100 slp
|move|p1a: Porygon2|Tera Blast|p2b: Basculegion|[anim] Tera Blast Fighting
|-damage|p2b: Basculegion|46/100 slp
|move|p2a: Dragonite|Scale Shot|p1b: Incineroar
|-damage|p1b: Incineroar|69/100
|-damage|p1b: Incineroar|55/100
|-damage|p1b: Incineroar|41/100
|-enditem|p1b: Incineroar|Sitrus Berry|[eat]
|-heal|p1b: Incineroar|66/100|[from] item: Sitrus Berry
|-crit|p1b: Incineroar
|-damage|p1b: Incineroar|44/100
|-hitcount|p1b: Incineroar|4
|-unboost|p2a: Dragonite|def|1
|-boost|p2a: Dragonite|spe|1
|
|-damage|p1a: Porygon2|62/100 brn|[from] brn
|upkeep
|turn|5
|inactive|chefbenboyrd has 30 seconds left.
|
|t:|1757126865
|switch|p1b: Ursaluna|Ursaluna, L50, F|95/100 brn
|cant|p2b: Basculegion|slp
|move|p1a: Porygon2|Tera Blast|p2b: Basculegion|[anim] Tera Blast Fighting
|-damage|p2b: Basculegion|5/100 slp
|move|p2a: Dragonite|Scale Shot|p1a: Porygon2
|-damage|p1a: Porygon2|50/100 brn
|-damage|p1a: Porygon2|40/100 brn
|-damage|p1a: Porygon2|30/100 brn
|-damage|p1a: Porygon2|20/100 brn
|-damage|p1a: Porygon2|10/100 brn
|-hitcount|p1a: Porygon2|5
|-unboost|p2a: Dragonite|def|1
|-boost|p2a: Dragonite|spe|1
|
|-damage|p1a: Porygon2|4/100 brn|[from] brn
|-damage|p1b: Ursaluna|89/100 brn|[from] brn
|upkeep
|turn|6
|inactive|SpeedRacer1 has 30 seconds left.
|
|t:|1757126893
|switch|p2b: Hydreigon|Hydreigon, L50, M|100/100
|move|p2a: Dragonite|Protect|p2a: Dragonite
|-singleturn|p2a: Dragonite|Protect
|move|p1a: Porygon2|Ice Beam|p2a: Dragonite
|-activate|p2a: Dragonite|move: Protect
|move|p1b: Ursaluna|Earthquake|p2b: Hydreigon|[spread] p1a
|-activate|p2a: Dragonite|move: Protect
|-immune|p2b: Hydreigon|[from] ability: Levitate
|-damage|p1a: Porygon2|0 fnt
|faint|p1a: Porygon2
|
|-damage|p1b: Ursaluna|83/100 brn|[from] brn
|-fieldend|move: Trick Room
|upkeep
|
|t:|1757126905
|switch|p1a: Incineroar|Incineroar, L50, M|44/100
|-ability|p1a: Incineroar|Intimidate|boost
|-unboost|p2a: Dragonite|atk|1
|-unboost|p2b: Hydreigon|atk|1
|turn|7
|
|t:|1757126925
|move|p1a: Incineroar|Fake Out|p2a: Dragonite
|-damage|p2a: Dragonite|88/100
|cant|p2a: Dragonite|flinch
|move|p2b: Hydreigon|Draco Meteor|p1b: Ursaluna
|-damage|p1b: Ursaluna|0 fnt
|-unboost|p2b: Hydreigon|spa|2
|faint|p1b: Ursaluna
|
|upkeep
|turn|8
|-message|SpeedRacer1 forfeited.
|
|win|chefbenboyrd
||SpeedRacer1 is ready for game 3.
