|j|☆Slackermaru
|j|☆ScaleMiss
|html|SlackermaruScaleMiss    
|uhtml|bestof|Game 3 of a best-of-3
|t:|1756725048
|gametype|doubles
|player|p1|Slackermaru|workerice|1497
|player|p2|ScaleMiss|harmony|1345
|gen|9
|tier|[Gen 9] VGC 2025 Reg H (Bo3)
|rated|
|rule|Species Clause: Limit one of each Pokémon
|rule|Item Clause: Limit 1 of each item
|clearpoke
|poke|p1|Rillaboom, L50, F|
|poke|p1|Dragonite, L50, F|
|poke|p1|Sneasler, L50, M|
|poke|p1|Kingambit, L50, M|
|poke|p1|Electabuzz, L50, M|
|poke|p1|Volcarona, L50, M|
|poke|p2|Volcarona, L50, F|
|poke|p2|Rillaboom, L50, F|
|poke|p2|Gholdengo, L50|
|poke|p2|Sneasler, L50, M|
|poke|p2|Primarina, L50, F|
|poke|p2|Sinistcha-Masterpiece, L50|
|teampreview|4
|showteam|p1|Rillaboom||AssaultVest|GrassySurge|FakeOut,HighHorsepower,WoodHammer,GrassyGlide|||F|||50|,,,,,Fire]Dragonite||LoadedDice|Multiscale|ExtremeSpeed,ScaleShot,Protect,Haze|||F|||50|,,,,,Steel]Sneasler||FocusSash|Unburden|DireClaw,CloseCombat,FakeOut,Protect|||M|||50|,,,,,Stellar]Kingambit||SafetyGoggles|Defiant|KowtowCleave,SuckerPunch,SwordsDance,Protect|||M|||50|,,,,,Dark]Electabuzz||Eviolite|VitalSpirit|Thunderbolt,Taunt,FollowMe,Protect|||M|||50|,,,,,Ghost]Volcarona||Leftovers|FlameBody|HeatWave,TeraBlast,QuiverDance,Protect|||M|||50|,,,,,Fairy
|showteam|p2|Volcarona||CovertCloak|FlameBody|QuiverDance,HeatWave,TeraBlast,Protect|||F|||50|,,,,,Fairy]Rillaboom||AssaultVest|GrassySurge|Uturn,WoodHammer,GrassyGlide,FakeOut|||F|||50|,,,,,Fire]Gholdengo||MetalCoat|GoodasGold|MakeItRain,ShadowBall,NastyPlot,Protect||||||50|,,,,,Dragon]Sneasler||FocusSash|Unburden|DireClaw,CloseCombat,FakeOut,Protect|||M|||50|,,,,,Stellar]Primarina||SitrusBerry|LiquidVoice|HyperVoice,Moonblast,Haze,Protect|||F|||50|,,,,,Poison]Sinistcha-Masterpiece||RockyHelmet|Hospitality|MatchaGotcha,RagePowder,TrickRoom,Imprison||||||50|,,,,,Dark
|inactive|Battle timer is ON: inactive players will automatically lose when time's up. (requested by ScaleMiss)
|
|t:|1756725068
|teamsize|p1|4
|teamsize|p2|4
|start
|switch|p1a: Volcarona|Volcarona, L50, M|100/100
|switch|p1b: Electabuzz|Electabuzz, L50, M|100/100
|switch|p2a: Sneasler|Sneasler, L50, M|100/100
|switch|p2b: Volcarona|Volcarona, L50, F, shiny|100/100
|turn|1
|
|t:|1756725078
|move|p2a: Sneasler|Dire Claw|p1a: Volcarona
|-damage|p1a: Volcarona|51/100
|move|p1a: Volcarona|Quiver Dance|p1a: Volcarona
|-boost|p1a: Volcarona|spa|1
|-boost|p1a: Volcarona|spd|1
|-boost|p1a: Volcarona|spe|1
|move|p2b: Volcarona|Heat Wave|p1a: Volcarona|[spread] p1a,p1b
|-damage|p1a: Volcarona|27/100
|-damage|p1b: Electabuzz|70/100
|move|p1b: Electabuzz|Taunt|p2b: Volcarona
|-start|p2b: Volcarona|move: Taunt
|
|-heal|p1a: Volcarona|33/100|[from] item: Leftovers
|upkeep
|turn|2
|
|t:|1756725098
|switch|p2a: Primarina|Primarina, L50, F|100/100
|move|p1b: Electabuzz|Follow Me|p1b: Electabuzz
|-singleturn|p1b: Electabuzz|move: Follow Me
|move|p1a: Volcarona|Quiver Dance|p1a: Volcarona
|-boost|p1a: Volcarona|spa|1
|-boost|p1a: Volcarona|spd|1
|-boost|p1a: Volcarona|spe|1
|move|p2b: Volcarona|Heat Wave|p1a: Volcarona|[spread] p1b
|-miss|p2b: Volcarona|p1a: Volcarona
|-damage|p1b: Electabuzz|41/100
|
|-heal|p1a: Volcarona|40/100|[from] item: Leftovers
|upkeep
|turn|3
|inactive|Slackermaru has 30 seconds left.
|
|t:|1756725125
|switch|p2b: Sneasler|Sneasler, L50, M|100/100
|-terastallize|p1a: Volcarona|Fairy
|move|p1a: Volcarona|Heat Wave|p2b: Sneasler|[spread] p2a,p2b
|-resisted|p2a: Primarina
|-damage|p2a: Primarina|71/100
|-damage|p2b: Sneasler|8/100
|-status|p2b: Sneasler|brn
|move|p1b: Electabuzz|Taunt|p2a: Primarina
|-start|p2a: Primarina|move: Taunt
|cant|p2a: Primarina|move: Taunt|Haze
|
|-heal|p1a: Volcarona|46/100|[from] item: Leftovers
|-damage|p2b: Sneasler|2/100 brn|[from] brn
|upkeep
|turn|4
|c|☆ScaleMiss|bruh
|
|t:|1756725145
|switch|p2b: Sinistcha|Sinistcha-Masterpiece, L50|100/100
|-heal|p2a: Primarina|96/100|[from] ability: Hospitality|[of] p2b: Sinistcha
|move|p1a: Volcarona|Protect|p1a: Volcarona
|-singleturn|p1a: Volcarona|Protect
|move|p1b: Electabuzz|Protect|p1b: Electabuzz
|-singleturn|p1b: Electabuzz|Protect
|move|p2a: Primarina|Hyper Voice|p1a: Volcarona|[spread] 
|-activate|p1a: Volcarona|move: Protect
|-activate|p1b: Electabuzz|move: Protect
|
|-heal|p1a: Volcarona|52/100|[from] item: Leftovers
|upkeep
|turn|5
|
|t:|1756725160
|-terastallize|p2b: Sinistcha|Dark
|move|p1a: Volcarona|Heat Wave|p2b: Sinistcha|[spread] p2a
|-miss|p1a: Volcarona|p2b: Sinistcha
|-resisted|p2a: Primarina
|-damage|p2a: Primarina|68/100
|move|p1b: Electabuzz|Thunderbolt|p2a: Primarina
|-supereffective|p2a: Primarina
|-damage|p2a: Primarina|18/100
|-status|p2a: Primarina|par
|-enditem|p2a: Primarina|Sitrus Berry|[eat]
|-heal|p2a: Primarina|43/100 par|[from] item: Sitrus Berry
|move|p2b: Sinistcha|Matcha Gotcha|p1b: Electabuzz|[spread] p1a,p1b
|-damage|p1a: Volcarona|41/100
|-damage|p1b: Electabuzz|20/100
|cant|p2a: Primarina|par
|
|-heal|p1a: Volcarona|48/100|[from] item: Leftovers
|-end|p2a: Primarina|move: Taunt
|upkeep
|turn|6
|c|☆ScaleMiss|k
|c|☆ScaleMiss|gg
|-message|ScaleMiss forfeited.
|
|win|Slackermaru
|raw|Slackermaru's rating: 1497 → 1509(+12 for winning)
|raw|ScaleMiss's rating: 1345 → 1333(-12 for losing)
|l|☆ScaleMiss
|player|p2|
