|j|☆LookBackInBanger
|j|☆duggan1000
|html|LookBackInBangerduggan1000    
|uhtml|bestof|Game 3 of a best-of-3
|t:|1756160998
|gametype|doubles
|player|p1|LookBackInBanger|roxie|1084
|player|p2|duggan1000|rocketgruntf|1056
|gen|9
|tier|[Gen 9] VGC 2025 Reg H (Bo3)
|rated|
|rule|Species Clause: Limit one of each Pokémon
|rule|Item Clause: Limit 1 of each item
|clearpoke
|poke|p1|Amoonguss, L50, F|
|poke|p1|Incineroar, L50, M|
|poke|p1|Kingambit, L50, M|
|poke|p1|Ninetales-Alola, L50, M|
|poke|p1|Garchomp, L50, M|
|poke|p1|Dragonite, L50, F|
|poke|p2|Excadrill, L50, M|
|poke|p2|Tyranitar, L50, M|
|poke|p2|Hippowdon, L50, M|
|poke|p2|Bronzong, L50|
|poke|p2|Gastrodon, L50, F|
|poke|p2|Garchomp, L50, F|
|teampreview|4
|showteam|p1|Amoonguss||SitrusBerry|Regenerator|Protect,PollenPuff,Spore,RagePowder|||F|||50|,,,,,Fairy]Incineroar||RockyHelmet|Intimidate|FakeOut,FlareBlitz,KnockOff,PartingShot|||M|||50|,,,,,Grass]Kingambit||SafetyGoggles|Defiant|KowtowCleave,SuckerPunch,SwordsDance,Protect|||M|||50|,,,,,Dark]Ninetales-Alola||ChoiceSpecs|SnowWarning|Blizzard,DazzlingGleam,FreezeDry,Moonblast|||M|||50|,,,,,Ice]Garchomp||ChoiceBand|RoughSkin|DragonClaw,Earthquake,StompingTantrum,RockSlide|||M|||50|,,,,,Steel]Dragonite||AssaultVest|Multiscale|TeraBlast,ExtremeSpeed,IceSpinner,LowKick|||F|||50|,,,,,Flying
|showteam|p2|Excadrill||LifeOrb|SandRush|ThroatChop,Protect,IronHead,HighHorsepower|||M|||50|,,,,,Dragon]Tyranitar||CovertCloak|SandStream|KnockOff,RockSlide,TeraBlast,Protect|||M|||50|,,,,,Flying]Hippowdon||RockyHelmet|SandStream|Earthquake,Protect,Bulldoze,Yawn|||M|||50|,,,,,Ghost]Bronzong||SafetyGoggles|Levitate|TrickRoom,IronDefense,BodyPress,GyroBall||||||50|,,,,,Fairy]Gastrodon||AssaultVest|StormDrain|MuddyWater,EarthPower,SludgeBomb,ClearSmog|||F|||50|,,,,,Poison]Garchomp||ChoiceBand|SandVeil|StompingTantrum,Earthquake,DragonClaw,Protect|||F|||50|,,,,,Ground
|inactive|Battle timer is ON: inactive players will automatically lose when time's up. (requested by duggan1000)
|
|t:|1756161039
|teamsize|p1|4
|teamsize|p2|4
|start
|switch|p1a: Gouda|Kingambit, L50, M|100/100
|switch|p1b: Roquefort|Garchomp, L50, M|100/100
|switch|p2a: Bronzong|Bronzong, L50|100/100
|switch|p2b: Hippowdon|Hippowdon, L50, M|100/100
|-weather|Sandstorm|[from] ability: Sand Stream|[of] p2b: Hippowdon
|turn|1
|inactive|LookBackInBanger has 30 seconds left.
|inactive|LookBackInBanger has 20 seconds left.
|inactive|LookBackInBanger has 15 seconds left.
|inactive|LookBackInBanger has 10 seconds left.
|inactive|LookBackInBanger has 5 seconds left.
|
|t:|1756161091
|move|p1b: Roquefort|Stomping Tantrum|p2a: Bronzong
|-immune|p2a: Bronzong|[from] ability: Levitate
|move|p1a: Gouda|Kowtow Cleave|p2a: Bronzong
|-supereffective|p2a: Bronzong
|-damage|p2a: Bronzong|29/100
|move|p2b: Hippowdon|Yawn|p1b: Roquefort
|-start|p1b: Roquefort|move: Yawn|[of] p2b: Hippowdon
|move|p2a: Bronzong|Trick Room|p2a: Bronzong
|-fieldstart|move: Trick Room|[of] p2a: Bronzong
|
|-weather|Sandstorm|[upkeep]
|upkeep
|turn|2
|inactive|LookBackInBanger has 30 seconds left.
|inactive|duggan1000 has 30 seconds left.
|
|t:|1756161121
|switch|p1b: Cheddar|Incineroar, L50, M|100/100
|-ability|p1b: Cheddar|Intimidate|boost
|-unboost|p2a: Bronzong|atk|1
|-unboost|p2b: Hippowdon|atk|1
|move|p1a: Gouda|Sucker Punch|p2a: Bronzong
|-supereffective|p2a: Bronzong
|-damage|p2a: Bronzong|0 fnt
|faint|p2a: Bronzong
|move|p2b: Hippowdon|Earthquake|p1b: Cheddar|[spread] p1a,p1b
|-supereffective|p1a: Gouda
|-supereffective|p1b: Cheddar
|-damage|p1a: Gouda|73/100
|-damage|p1b: Cheddar|69/100
|
|-weather|Sandstorm|[upkeep]
|-damage|p1b: Cheddar|63/100|[from] Sandstorm
|upkeep
|
|t:|1756161137
|switch|p2a: Gastrodon|Gastrodon, L50, F|100/100
|turn|3
|inactive|LookBackInBanger has 30 seconds left.
|inactive|LookBackInBanger has 20 seconds left.
|inactive|LookBackInBanger has 15 seconds left.
|inactive|LookBackInBanger has 10 seconds left.
|
|t:|1756161183
|-terastallize|p1a: Gouda|Dark
|move|p1b: Cheddar|Fake Out|p2b: Hippowdon
|-damage|p2b: Hippowdon|94/100
|-damage|p1b: Cheddar|47/100|[from] item: Rocky Helmet|[of] p2b: Hippowdon
|cant|p2b: Hippowdon|flinch
|move|p2a: Gastrodon|Earth Power|p1a: Gouda
|-damage|p1a: Gouda|44/100
|move|p1a: Gouda|Kowtow Cleave|p2b: Hippowdon
|-damage|p2b: Hippowdon|59/100
|-damage|p1a: Gouda|27/100|[from] item: Rocky Helmet|[of] p2b: Hippowdon
|
|-weather|Sandstorm|[upkeep]
|-damage|p1b: Cheddar|41/100|[from] Sandstorm
|upkeep
|turn|4
|inactive|LookBackInBanger has 30 seconds left.
|inactive|duggan1000 has 30 seconds left.
|inactive|duggan1000 has 20 seconds left.
|
|t:|1756161223
|move|p1a: Gouda|Protect|p1a: Gouda
|-singleturn|p1a: Gouda|Protect
|move|p2b: Hippowdon|Yawn|p1b: Cheddar
|-start|p1b: Cheddar|move: Yawn|[of] p2b: Hippowdon
|move|p2a: Gastrodon|Muddy Water|p1a: Gouda|[spread] p1b
|-activate|p1a: Gouda|move: Protect
|-supereffective|p1b: Cheddar
|-damage|p1b: Cheddar|7/100
|move|p1b: Cheddar|Parting Shot|p2a: Gastrodon
|-unboost|p2a: Gastrodon|atk|1
|-unboost|p2a: Gastrodon|spa|1
|
|t:|1756161236
|switch|p1b: Roquefort|Garchomp, L50, M|100/100|[from] Parting Shot
|
|-weather|Sandstorm|[upkeep]
|upkeep
|turn|5
|inactive|LookBackInBanger has 30 seconds left.
|
|t:|1756161269
|switch|p2a: Excadrill|Excadrill, L50, M|100/100
|move|p2b: Hippowdon|Yawn|p1b: Roquefort
|-start|p1b: Roquefort|move: Yawn|[of] p2b: Hippowdon
|move|p1a: Gouda|Kowtow Cleave|p2b: Hippowdon
|-damage|p2b: Hippowdon|23/100
|-damage|p1a: Gouda|11/100|[from] item: Rocky Helmet|[of] p2b: Hippowdon
|move|p1b: Roquefort|Earthquake|p2a: Excadrill|[spread] p1a,p2a,p2b
|-supereffective|p2a: Excadrill
|-damage|p1a: Gouda|0 fnt
|-damage|p2a: Excadrill|0 fnt
|-damage|p2b: Hippowdon|0 fnt
|faint|p1a: Gouda
|faint|p2a: Excadrill
|faint|p2b: Hippowdon
|
|-weather|none
|-fieldend|move: Trick Room
|upkeep
|
|t:|1756161294
|switch|p2a: Gastrodon|Gastrodon, L50, F|100/100
|switch|p1a: Brie|Ninetales-Alola, L50, M|100/100
|-weather|Snowscape|[from] ability: Snow Warning|[of] p1a: Brie
|turn|6
|
|t:|1756161308
|switch|p1b: Cheddar|Incineroar, L50, M|7/100
|-ability|p1b: Cheddar|Intimidate|boost
|-unboost|p2a: Gastrodon|atk|1
|-terastallize|p2a: Gastrodon|Poison
|move|p1a: Brie|Freeze-Dry|p2a: Gastrodon
|-damage|p2a: Gastrodon|83/100
|move|p2a: Gastrodon|Muddy Water|p1a: Brie|[spread] p1a,p1b
|-supereffective|p1b: Cheddar
|-damage|p1a: Brie|76/100
|-damage|p1b: Cheddar|0 fnt
|-unboost|p1a: Brie|accuracy|1
|faint|p1b: Cheddar
|
|-weather|Snowscape|[upkeep]
|upkeep
|
|t:|1756161322
|switch|p1b: Roquefort|Garchomp, L50, M|100/100
|turn|7
|
|t:|1756161330
|move|p1a: Brie|Freeze-Dry|p2a: Gastrodon
|-damage|p2a: Gastrodon|65/100
|move|p1b: Roquefort|Stomping Tantrum|p2a: Gastrodon
|-supereffective|p2a: Gastrodon
|-damage|p2a: Gastrodon|0 fnt
|faint|p2a: Gastrodon
|
|win|LookBackInBanger
|raw|LookBackInBanger's rating: 1084 → 1109(+25 for winning)
|raw|duggan1000's rating: 1056 → 1039(-17 for losing)
|c|☆LookBackInBanger|ggs!
|c|☆duggan1000|GG
