|j|☆lukashz
|j|☆marcosdeltasena31
|html|lukashzmarcosdeltasena31    
|uhtml|bestof|Game 2 of a best-of-3
|t:|1782438690
|gametype|doubles
|player|p1|lukashz|elesa|1266
|player|p2|marcosdeltasena31|hilbert|1405
|gen|9
|tier|[Gen 9 Champions] VGC 2026 Reg M-B (Bo3)
|rated|
|rule|Species Clause: Limit one of each Pokémon
|rule|Item Clause: Limit 1 of each item
|clearpoke
|poke|p1|Chandelure, L50, M|
|poke|p1|Kangaskhan, L50, F|
|poke|p1|Basculegion, L50, M|
|poke|p1|Sylveon, L50, M|
|poke|p1|Kingambit, L50, M|
|poke|p1|Machamp, L50, F|
|poke|p2|Delphox, L50, F|
|poke|p2|Floette-Eternal, L50, F|
|poke|p2|Sneasler, L50, F|
|poke|p2|Sinistcha, L50|
|poke|p2|Incineroar, L50, F|
|poke|p2|Kingambit, L50, F|
|teampreview|4
|showteam|p1|Chandelure||FocusSash|FlashFire|HeatWave,ShadowBall,TrickRoom,Taunt|Quiet||M|||50|]Kangaskhan||Kangaskhanite|InnerFocus|FakeOut,Facade,DoubleEdge,SuckerPunch|Brave||F|||50|]Basculegion||MysticWater|Adaptability|HeadSmash,WaveCrash,LastRespects,AquaJet|Brave||M|||50|]Sylveon||FairyFeather|Pixilate|HyperVoice,Protect,HyperBeam,QuickAttack|Quiet||M|||50|]Kingambit||ChopleBerry|Defiant|KowtowCleave,SuckerPunch,IronHead,Protect|Adamant||M|||50|]Machamp||ChoiceScarf|NoGuard|DynamicPunch,StoneEdge,IcePunch,BulletPunch|Jolly||F|||50|
|showteam|p2|Delphox||Delphoxite|Blaze|HeatWave,Psychic,NastyPlot,Protect|Timid||F|||50|]Floette-Eternal||Floettite|FlowerVeil|Moonblast,DrainingKiss,CalmMind,Protect|Modest||F|||50|]Sneasler||FocusSash|Unburden|DireClaw,CloseCombat,FakeOut,QuickGuard|Jolly||F|||50|]Sinistcha||KasibBerry|Hospitality|MatchaGotcha,RagePowder,LifeDew,Protect|Bold|||||50|]Incineroar||SitrusBerry|Intimidate|FlareBlitz,FakeOut,PartingShot,ThroatChop|Careful||F|||50|]Kingambit||BlackGlasses|Defiant|KowtowCleave,SwordsDance,SuckerPunch,Protect|Adamant||F|||50|
|inactive|Battle timer is ON: inactive players will automatically lose when time's up. (requested by lukashz)
|
|t:|1782438732
|teamsize|p1|4
|teamsize|p2|4
|start
|switch|p1a: Chandelure|Chandelure, L50, M|100/100
|switch|p1b: Kangaskhan|Kangaskhan, L50, F|100/100
|switch|p2a: Kingambit|Kingambit, L50, F|100/100
|switch|p2b: Incineroar|Incineroar, L50, F|100/100
|-ability|p2b: Incineroar|Intimidate|boost
|-unboost|p1a: Chandelure|atk|1
|-fail|p1b: Kangaskhan|unboost|Attack|[from] ability: Inner Focus|[of] p1b: Kangaskhan
|turn|1
|inactive|lukashz has 30 seconds left.
|
|t:|1782438760
|move|p2a: Kingambit|Protect|p2a: Kingambit
|-singleturn|p2a: Kingambit|Protect
|move|p1b: Kangaskhan|Fake Out|p2b: Incineroar
|-damage|p2b: Incineroar|84/100
|move|p1a: Chandelure|Heat Wave|p2a: Kingambit|[spread] 
|-activate|p2a: Kingambit|move: Protect
|-miss|p1a: Chandelure|p2b: Incineroar
|cant|p2b: Incineroar|flinch
|
|upkeep
|turn|2
|
|t:|1782438773
|switch|p2a: Sinistcha|Sinistcha, L50|100/100
|-heal|p2b: Incineroar|100/100|[from] ability: Hospitality|[of] p2a: Sinistcha
|detailschange|p1b: Kangaskhan|Kangaskhan-Mega, L50, F
|-mega|p1b: Kangaskhan|Kangaskhan|Kangaskhanite
|move|p1b: Kangaskhan|Double-Edge|p2b: Incineroar
|-damage|p2b: Incineroar|37/100
|-enditem|p2b: Incineroar|Sitrus Berry|[eat]
|-heal|p2b: Incineroar|62/100|[from] item: Sitrus Berry
|-damage|p2b: Incineroar|47/100
|-hitcount|p2b: Incineroar|2
|-damage|p1b: Kangaskhan|75/100|[from] Recoil
|move|p1a: Chandelure|Heat Wave|p2a: Sinistcha|[spread] p2a,p2b
|-supereffective|p2a: Sinistcha|1
|-resisted|p2b: Incineroar|1
|-damage|p2a: Sinistcha|7/100
|-damage|p2b: Incineroar|32/100
|move|p2b: Incineroar|Throat Chop|p1a: Chandelure
|-supereffective|p1a: Chandelure|1
|-damage|p1a: Chandelure|30/100
|-start|p1a: Chandelure|Throat Chop|[silent]
|
|upkeep
|turn|3
|
|t:|1782438798
|switch|p1b: Machamp|Machamp, L50, F|100/100
|move|p2a: Sinistcha|Protect|p2a: Sinistcha
|-singleturn|p2a: Sinistcha|Protect
|move|p1a: Chandelure|Heat Wave|p2b: Incineroar|[spread] p2b
|-activate|p2a: Sinistcha|move: Protect
|-resisted|p2b: Incineroar|1
|-damage|p2b: Incineroar|16/100
|move|p2b: Incineroar|Flare Blitz|p1b: Machamp
|-damage|p1b: Machamp|37/100
|-damage|p2b: Incineroar|0 fnt|[from] Recoil
|faint|p2b: Incineroar
|
|-end|p1a: Chandelure|Throat Chop|[silent]
|upkeep
|
|t:|1782438813
|switch|p2b: Floette|Floette-Eternal, L50, F|100/100
|turn|4
|
|t:|1782438822
|switch|p1b: Kangaskhan|Kangaskhan-Mega, L50, F|75/100
|detailschange|p2b: Floette|Floette-Mega, L50, F
|-mega|p2b: Floette|Floette|Floettite
|-ability|p2b: Floette|Fairy Aura
|move|p2a: Sinistcha|Rage Powder|p2a: Sinistcha
|-singleturn|p2a: Sinistcha|move: Rage Powder
|move|p2b: Floette|Moonblast|p1a: Chandelure
|-resisted|p1a: Chandelure|1
|-crit|p1a: Chandelure
|-damage|p1a: Chandelure|0 fnt
|faint|p1a: Chandelure
|
|upkeep
|inactive|lukashz has 30 seconds left.
|
|t:|1782438852
|switch|p1a: Basculegion|Basculegion, L50, M|100/100
|turn|5
|
|t:|1782438863
|switch|p1b: Machamp|Machamp, L50, F|37/100
|move|p2b: Floette|Protect|p2b: Floette
|-singleturn|p2b: Floette|Protect
|move|p2a: Sinistcha|Protect|p2a: Sinistcha
|-singleturn|p2a: Sinistcha|Protect
|move|p1a: Basculegion|Aqua Jet|p2a: Sinistcha
|-activate|p2a: Sinistcha|move: Protect
|
|upkeep
|turn|6
|inactive|lukashz has 30 seconds left.
|
|t:|1782438892
|move|p2a: Sinistcha|Rage Powder|p2a: Sinistcha
|-singleturn|p2a: Sinistcha|move: Rage Powder
|move|p1b: Machamp|Ice Punch|p2a: Sinistcha
|-supereffective|p2a: Sinistcha|1
|-damage|p2a: Sinistcha|0 fnt
|faint|p2a: Sinistcha
|move|p2b: Floette|Moonblast|p1a: Basculegion
|-damage|p1a: Basculegion|25/100
|move|p1a: Basculegion|Wave Crash|p2b: Floette
|-damage|p2b: Floette|0 fnt
|faint|p2b: Floette
|-damage|p1a: Basculegion|3/100|[from] Recoil
|
|upkeep
|
|t:|1782438902
|switch|p2b: Kingambit|Kingambit, L50, F|100/100
|turn|7
|
|t:|1782438910
|switch|p1b: Kangaskhan|Kangaskhan-Mega, L50, F|75/100
|move|p1a: Basculegion|Wave Crash|p2b: Kingambit
|-damage|p2b: Kingambit|29/100
|-damage|p1a: Basculegion|0 fnt|[from] Recoil
|faint|p1a: Basculegion
|move|p2b: Kingambit|Kowtow Cleave|p1b: Kangaskhan
|-damage|p1b: Kangaskhan|32/100
|
|upkeep
|
|t:|1782438928
|switch|p1a: Machamp|Machamp, L50, F|37/100
|turn|8
|
|t:|1782438935
|move|p2b: Kingambit|Protect|p2b: Kingambit
|-singleturn|p2b: Kingambit|Protect
|move|p1a: Machamp|Dynamic Punch|p2b: Kingambit
|-activate|p2b: Kingambit|move: Protect
|move|p1b: Kangaskhan|Double-Edge|p2b: Kingambit
|-activate|p2b: Kingambit|move: Protect
|
|upkeep
|turn|9
|
|t:|1782438941
|move|p2b: Kingambit|Sucker Punch|p1a: Machamp
|-resisted|p1a: Machamp|1
|-damage|p1a: Machamp|6/100
|move|p1a: Machamp|Dynamic Punch|p2b: Kingambit
|-supereffective|p2b: Kingambit|2
|-damage|p2b: Kingambit|0 fnt
|faint|p2b: Kingambit
|
|win|lukashz
|raw|lukashz's rating: 1266 → 1301(+35 for winning)
|raw|marcosdeltasena31's rating: 1405 → 1377(-28 for losing)
|l|☆marcosdeltasena31
|player|p2|
