|j|☆PabloZH24
|j|☆Eldrazii
|html|PabloZH24Eldrazii    
|uhtml|bestof|Game 2 of a best-of-3
|t:|1757779352
|gametype|doubles
|player|p1|PabloZH24|pokemaniac|
|player|p2|Eldrazii|blue-masters2|
|gen|9
|tier|[Gen 9] VGC 2025 Reg H (Bo3)
|rule|Species Clause: Limit one of each Pokémon
|rule|Item Clause: Limit 1 of each item
|clearpoke
|poke|p1|Archaludon, L50, F|
|poke|p1|Sinistcha, L50|
|poke|p1|Pelipper, L50, F|
|poke|p1|Ursaluna, L50, F|
|poke|p1|Kingambit, L50, F|
|poke|p1|Basculegion, L50, M|
|poke|p2|Ninetales-Alola, L50, M|
|poke|p2|Sneasler, L50, F|
|poke|p2|Ceruledge, L50, F|
|poke|p2|Rillaboom, L50, F|
|poke|p2|Primarina, L50, M|
|poke|p2|Hydreigon, L50, M|
|teampreview|4
|showteam|p1|Archaludon||AssaultVest|Stamina|DracoMeteor,ElectroShot,Snarl,BodyPress|||F|||50|,,,,,Bug]Sinistcha||SitrusBerry|Hospitality|MatchaGotcha,RagePowder,LifeDew,Protect||||||50|,,,,,Water]Pelipper||FocusSash|Drizzle|WeatherBall,Protect,Tailwind,Hurricane|||F|||50|,,,,,Ghost]Ursaluna||FlameOrb|Guts|Facade,HeadlongRush,Earthquake,Protect|||F|||50|,,,,,Ghost]Kingambit||BlackGlasses|Defiant|TeraBlast,SuckerPunch,IronHead,SwordsDance|||F|||50|,,,,,Fairy]Basculegion||LifeOrb|SwiftSwim|WaveCrash,LastRespects,AquaJet,Protect|||M|||50|,,,,,Water
|showteam|p2|Ninetales-Alola||CovertCloak|SnowWarning|Blizzard,AuroraVeil,Encore,Protect|||M|||50|,,,,,Poison]Sneasler||FocusSash|Unburden|DireClaw,CloseCombat,Coaching,Protect|||F|||50|,,,,,Ghost]Ceruledge||ClearAmulet|FlashFire|BitterBlade,Poltergeist,BulkUp,Protect|||F|||50|,,,,,Grass]Rillaboom||AssaultVest|GrassySurge|FakeOut,GrassyGlide,DrumBeating,HighHorsepower|||F|||50|,,,,,Fire]Primarina||ThroatSpray|LiquidVoice|HyperVoice,Moonblast,Haze,Protect|||M|||50|,,,,,Steel]Hydreigon||LifeOrb|Levitate|DracoMeteor,EarthPower,Tailwind,DarkPulse|||M|||50|,,,,,Ghost
|inactive|Battle timer is ON: inactive players will automatically lose when time's up. (requested by Eldrazii)
|inactive|PabloZH24 has 60 seconds left.
|inactive|PabloZH24 has 30 seconds left.
|inactive|PabloZH24 has 20 seconds left.
|inactive|PabloZH24 has 15 seconds left.
|inactive|PabloZH24 has 10 seconds left.
|inactive|PabloZH24 has 5 seconds left.
|
|t:|1757779441
|teamsize|p1|4
|teamsize|p2|4
|start
|switch|p1a: Archaludon|Archaludon, L50, F|100/100
|switch|p1b: Pelipper|Pelipper, L50, F|100/100
|switch|p2a: Hydreigon|Hydreigon, L50, M|100/100
|switch|p2b: Primarina|Primarina, L50, M|100/100
|-weather|RainDance|[from] ability: Drizzle|[of] p1b: Pelipper
|turn|1
|
|t:|1757779465
|-terastallize|p1a: Archaludon|Bug
|move|p2a: Hydreigon|Draco Meteor|p1a: Archaludon
|-damage|p1a: Archaludon|36/100
|-unboost|p2a: Hydreigon|spa|2
|-ability|p1a: Archaludon|Stamina|boost
|-boost|p1a: Archaludon|def|1
|-damage|p2a: Hydreigon|91/100|[from] item: Life Orb
|move|p1a: Archaludon|Body Press|p2a: Hydreigon
|-supereffective|p2a: Hydreigon
|-damage|p2a: Hydreigon|15/100
|move|p1b: Pelipper|Tailwind|p1b: Pelipper
|-sidestart|p1: PabloZH24|move: Tailwind
|move|p2b: Primarina|Hyper Voice|p1b: Pelipper|[spread] p1a,p1b
|-resisted|p1b: Pelipper
|-damage|p1a: Archaludon|0 fnt
|-damage|p1b: Pelipper|54/100
|faint|p1a: Archaludon
|-enditem|p2b: Primarina|Throat Spray
|-boost|p2b: Primarina|spa|1|[from] item: Throat Spray
|
|-weather|RainDance|[upkeep]
|upkeep
|
|t:|1757779483
|switch|p1a: Sinistcha|Sinistcha, L50|100/100
|-heal|p1b: Pelipper|79/100|[from] ability: Hospitality|[of] p1a: Sinistcha
|turn|2
|
|t:|1757779506
|switch|p2a: Ninetales|Ninetales-Alola, L50, M|100/100
|-weather|Snowscape|[from] ability: Snow Warning|[of] p2a: Ninetales
|-terastallize|p2b: Primarina|Steel
|move|p1b: Pelipper|Hurricane|p2a: Ninetales
|-damage|p2a: Ninetales|45/100
|move|p1a: Sinistcha|Matcha Gotcha|p2b: Primarina|[spread] p2a,p2b
|-resisted|p2b: Primarina
|-damage|p2a: Ninetales|16/100
|-damage|p2b: Primarina|91/100
|move|p2b: Primarina|Moonblast|p1a: Sinistcha
|-damage|p1a: Sinistcha|15/100
|-enditem|p1a: Sinistcha|Sitrus Berry|[eat]
|-heal|p1a: Sinistcha|40/100|[from] item: Sitrus Berry
|
|-weather|Snowscape|[upkeep]
|upkeep
|turn|3
|inactive|PabloZH24 has 30 seconds left.
|inactive|Eldrazii has 30 seconds left.
|
|t:|1757779541
|move|p2a: Ninetales|Protect|p2a: Ninetales
|-singleturn|p2a: Ninetales|Protect
|move|p2b: Primarina|Protect|p2b: Primarina
|-singleturn|p2b: Primarina|Protect
|move|p1b: Pelipper|Hurricane|p2b: Primarina
|-activate|p2b: Primarina|move: Protect
|move|p1a: Sinistcha|Matcha Gotcha|p2a: Ninetales|[spread] 
|-activate|p2a: Ninetales|move: Protect
|-activate|p2b: Primarina|move: Protect
|
|-weather|Snowscape|[upkeep]
|upkeep
|turn|4
|inactive|Eldrazii has 30 seconds left.
|inactive|Eldrazii has 20 seconds left.
|inactive|Eldrazii has 15 seconds left.
|inactive|Eldrazii has 10 seconds left.
|
|t:|1757779590
|switch|p2a: Sneasler|Sneasler, L50, F|100/100
|move|p1b: Pelipper|Hurricane|p2b: Primarina|[miss]
|-miss|p1b: Pelipper|p2b: Primarina
|move|p1a: Sinistcha|Matcha Gotcha|p2b: Primarina|[spread] p2a,p2b
|-resisted|p2a: Sneasler
|-resisted|p2b: Primarina
|-damage|p2a: Sneasler|85/100
|-heal|p1a: Sinistcha|47/100|[from] drain|[of] p2a: Sneasler
|-damage|p2b: Primarina|81/100
|-heal|p1a: Sinistcha|52/100|[from] drain|[of] p2b: Primarina
|-status|p2a: Sneasler|brn
|move|p2b: Primarina|Moonblast|p1a: Sinistcha
|-damage|p1a: Sinistcha|0 fnt
|faint|p1a: Sinistcha
|
|-weather|Snowscape|[upkeep]
|-damage|p2a: Sneasler|79/100 brn|[from] brn
|-sideend|p1: PabloZH24|move: Tailwind
|upkeep
|
|t:|1757779606
|switch|p1a: Basculegion|Basculegion, L50, M|100/100
|turn|5
|inactive|PabloZH24 has 30 seconds left.
|inactive|Eldrazii has 30 seconds left.
|inactive|PabloZH24 has 20 seconds left.
|inactive|PabloZH24 has 15 seconds left.
|inactive|PabloZH24 has 10 seconds left.
|inactive|PabloZH24 has 5 seconds left.
|
|t:|1757779657
|move|p2b: Primarina|Protect|p2b: Primarina
|-singleturn|p2b: Primarina|Protect
|move|p2a: Sneasler|Dire Claw|p1a: Basculegion
|-resisted|p1a: Basculegion
|-damage|p1a: Basculegion|88/100
|-status|p1a: Basculegion|psn
|move|p1a: Basculegion|Last Respects|p2b: Primarina
|-activate|p2b: Primarina|move: Protect
|move|p1b: Pelipper|Hurricane|p2a: Sneasler|[miss]
|-miss|p1b: Pelipper|p2a: Sneasler
|
|-weather|Snowscape|[upkeep]
|-damage|p1a: Basculegion|76/100 psn|[from] psn
|-damage|p2a: Sneasler|74/100 brn|[from] brn
|upkeep
|turn|6
|
|t:|1757779676
|move|p2a: Sneasler|Dire Claw|p1b: Pelipper
|-damage|p1b: Pelipper|53/100
|move|p1a: Basculegion|Last Respects|p2b: Primarina
|-damage|p2b: Primarina|0 fnt
|faint|p2b: Primarina
|-damage|p1a: Basculegion|66/100 psn|[from] item: Life Orb
|move|p1b: Pelipper|Hurricane|p2a: Sneasler
|-supereffective|p2a: Sneasler
|-damage|p2a: Sneasler|0 fnt
|faint|p2a: Sneasler
|
|-weather|none
|-damage|p1a: Basculegion|54/100 psn|[from] psn
|upkeep
|
|t:|1757779685
|switch|p2a: Hydreigon|Hydreigon, L50, M|15/100
|switch|p2b: Ninetales|Ninetales-Alola, L50, M|16/100
|-weather|Snowscape|[from] ability: Snow Warning|[of] p2b: Ninetales
|turn|7
|inactive|PabloZH24 has 30 seconds left.
|
|t:|1757779716
|move|p2b: Ninetales|Blizzard|p1b: Pelipper|[spread] p1a,p1b
|-resisted|p1a: Basculegion
|-damage|p1a: Basculegion|35/100 psn
|-damage|p1b: Pelipper|3/100
|move|p2a: Hydreigon|Dark Pulse|p1a: Basculegion
|-supereffective|p1a: Basculegion
|-damage|p1a: Basculegion|0 fnt
|faint|p1a: Basculegion
|-damage|p2a: Hydreigon|5/100|[from] item: Life Orb
|move|p1b: Pelipper|Weather Ball|p2a: Hydreigon
|-supereffective|p2a: Hydreigon
|-damage|p2a: Hydreigon|0 fnt
|faint|p2a: Hydreigon
|
|-weather|Snowscape|[upkeep]
|upkeep
|turn|8
|
|t:|1757779733
|move|p1b: Pelipper|Protect|p1b: Pelipper
|-singleturn|p1b: Pelipper|Protect
|move|p2b: Ninetales|Blizzard|p1b: Pelipper
|-activate|p1b: Pelipper|move: Protect
|
|-weather|Snowscape|[upkeep]
|upkeep
|turn|9
|
|t:|1757779738
|move|p2b: Ninetales|Blizzard|p1b: Pelipper
|-damage|p1b: Pelipper|0 fnt
|faint|p1b: Pelipper
|
|win|Eldrazii
||PabloZH24 is ready for game 3.
||Eldrazii is ready for game 3.
|uhtml|next|Next: Game 3 of 3
