|j|☆Alysonz
|j|☆cocobennyy
|html|Alysonzcocobennyy    
|uhtml|bestof|Game 2 of a best-of-3
|t:|1784815557
|gametype|doubles
|player|p1|Alysonz|steven|1126
|player|p2|cocobennyy|medium|1197
|gen|9
|tier|[Gen 9 Champions] VGC 2026 Reg M-B (Bo3)
|rated|
|rule|Species Clause: Limit one of each Pokémon
|rule|Item Clause: Limit 1 of each item
|clearpoke
|poke|p1|Gardevoir, L50, F, shiny|
|poke|p1|Garchomp, L50, M|
|poke|p1|Whimsicott, L50, F|
|poke|p1|Gholdengo, L50|
|poke|p1|Farigiraf, L50, F|
|poke|p1|Tyranitar, L50, F|
|poke|p2|Charizard, L50, M|
|poke|p2|Mimikyu, L50, F|
|poke|p2|Politoed, L50, M|
|poke|p2|Venusaur, L50, M|
|poke|p2|Archaludon, L50, M|
|poke|p2|Sableye, L50, M|
|teampreview|4
|showteam|p1|Gardevoir||Gardevoirite|Telepathy|HyperVoice,Psychic,VacuumWave,Protect|Modest||F|||50|]Garchomp||LifeOrb|RoughSkin|DragonTail,Earthquake,RockSlide,Protect|Adamant||M|||50|]Whimsicott||FocusSash|Prankster|EnergyBall,Encore,Tailwind,Protect|Timid||F|||50|]Gholdengo||Leftovers|GoodasGold|MakeItRain,NastyPlot,ShadowBall,Protect|Modest|||||50|]Farigiraf||SitrusBerry|ArmorTail|Psychic,Thunderbolt,Roar,Protect|Calm||F|||50|]Tyranitar||Tyranitarite|SandStream|KnockOff,RockSlide,Earthquake,Protect|Adamant||F|||50|
|showteam|p2|Charizard||CharizarditeY|Blaze|Protect,HeatWave,WeatherBall,SolarBeam|Modest||M|||50|]Mimikyu||LifeOrb|Disguise|Protect,PlayRough,ShadowClaw,TrickRoom|Adamant||F|||50|]Politoed||SitrusBerry|Drizzle|Protect,PerishSong,IceBeam,WeatherBall|Calm||M|||50|]Venusaur||Venusaurite|Chlorophyll|Protect,SludgeBomb,GigaDrain,EarthPower|Modest||M|||50|]Archaludon||Leftovers|Stamina|Protect,ElectroShot,FlashCannon,DragonPulse|Timid||M|||50|]Sableye||LightClay|Prankster|Quash,RainDance,LightScreen,Reflect|Careful||M|||50|
|inactive|Battle timer is ON: inactive players will automatically lose when time's up. (requested by Alysonz)
|inactive|Alysonz has 60 seconds left.
|
|t:|1784815594
|teamsize|p1|4
|teamsize|p2|4
|start
|switch|p1a: Farigiraf|Farigiraf, L50, F|100/100
|switch|p1b: Garchomp|Garchomp, L50, M|100/100
|switch|p2a: Archaludon|Archaludon, L50, M|100/100
|switch|p2b: Sableye|Sableye, L50, M|100/100
|turn|1
|inactive|cocobennyy has 30 seconds left.
|
|t:|1784815619
|move|p2a: Archaludon|Protect|p2a: Archaludon
|-singleturn|p2a: Archaludon|Protect
|move|p2b: Sableye|Reflect|p2b: Sableye
|-sidestart|p2: cocobennyy|Reflect
|move|p1b: Garchomp|Earthquake|p2b: Sableye|[spread] p1a,p2b
|-activate|p2a: Archaludon|move: Protect
|-damage|p1a: Farigiraf|53/100
|-damage|p2b: Sableye|46/100
|-damage|p1b: Garchomp|90/100|[from] item: Life Orb
|move|p1a: Farigiraf|Roar|p2a: Archaludon
|drag|p2a: Venusaur|Venusaur, L50, M|100/100
|
|upkeep
|turn|2
|inactive|cocobennyy has 30 seconds left.
|
|t:|1784815649
|switch|p2a: Archaludon|Archaludon, L50, M|100/100
|switch|p2b: Politoed|Politoed, L50, M|100/100
|-weather|RainDance|[from] ability: Drizzle|[of] p2b: Politoed
|move|p1a: Farigiraf|Psychic|p2a: Archaludon
|-resisted|p2a: Archaludon|1
|-damage|p2a: Archaludon|81/100
|-unboost|p2a: Archaludon|spd|1
|-ability|p2a: Archaludon|Stamina|boost
|-boost|p2a: Archaludon|def|1
|move|p1b: Garchomp|Dragon Tail|p2b: Politoed
|-damage|p2b: Politoed|68/100
|-damage|p1b: Garchomp|80/100|[from] item: Life Orb
|drag|p2b: Venusaur|Venusaur, L50, M|100/100
|
|-weather|RainDance|[upkeep]
|-heal|p2a: Archaludon|87/100|[from] item: Leftovers
|upkeep
|turn|3
|inactive|Alysonz has 30 seconds left.
|inactive|cocobennyy has 30 seconds left.
|inactive|cocobennyy has 20 seconds left.
|
|t:|1784815688
|switch|p1a: Tyranitar|Tyranitar, L50, F|100/100
|-weather|Sandstorm|[from] ability: Sand Stream|[of] p1a: Tyranitar
|detailschange|p2b: Venusaur|Venusaur-Mega, L50, M
|-mega|p2b: Venusaur|Venusaur|Venusaurite
|move|p2b: Venusaur|Giga Drain|p1a: Tyranitar
|-supereffective|p1a: Tyranitar|1
|-damage|p1a: Tyranitar|41/100
|move|p2a: Archaludon|Flash Cannon|p1a: Tyranitar
|-supereffective|p1a: Tyranitar|1
|-damage|p1a: Tyranitar|0 fnt
|faint|p1a: Tyranitar
|move|p1b: Garchomp|Dragon Tail|p2a: Archaludon
|-damage|p2a: Archaludon|74/100
|-ability|p2a: Archaludon|Stamina|boost
|-boost|p2a: Archaludon|def|1
|-damage|p1b: Garchomp|70/100|[from] item: Life Orb
|drag|p2a: Sableye|Sableye, L50, M|46/100
|
|-weather|Sandstorm|[upkeep]
|-damage|p2b: Venusaur|94/100|[from] Sandstorm
|-damage|p2a: Sableye|40/100|[from] Sandstorm
|upkeep
|
|t:|1784815706
|switch|p1a: Whimsicott|Whimsicott, L50, F|100/100
|turn|4
|
|t:|1784815722
|switch|p2a: Archaludon|Archaludon, L50, M|74/100
|move|p1a: Whimsicott|Tailwind|p1a: Whimsicott
|-sidestart|p1: Alysonz|move: Tailwind
|move|p1b: Garchomp|Earthquake|p2a: Archaludon|[spread] p1a,p2a,p2b
|-resisted|p1a: Whimsicott|1
|-supereffective|p2a: Archaludon|1
|-damage|p1a: Whimsicott|68/100
|-damage|p2a: Archaludon|19/100
|-damage|p2b: Venusaur|56/100
|-ability|p2a: Archaludon|Stamina|boost
|-boost|p2a: Archaludon|def|1
|-damage|p1b: Garchomp|61/100|[from] item: Life Orb
|move|p2b: Venusaur|Giga Drain|p1b: Garchomp
|-damage|p1b: Garchomp|15/100
|-heal|p2b: Venusaur|83/100|[from] drain|[of] p1b: Garchomp
|
|-weather|Sandstorm|[upkeep]
|-damage|p1a: Whimsicott|62/100|[from] Sandstorm
|-damage|p2b: Venusaur|77/100|[from] Sandstorm
|-heal|p2a: Archaludon|25/100|[from] item: Leftovers
|upkeep
|turn|5
|inactive|cocobennyy has 30 seconds left.
|
|t:|1784815753
|move|p1a: Whimsicott|Protect|p1a: Whimsicott
|-singleturn|p1a: Whimsicott|Protect
|move|p2a: Archaludon|Protect|p2a: Archaludon
|-singleturn|p2a: Archaludon|Protect
|move|p1b: Garchomp|Earthquake|p2b: Venusaur|[spread] p2b
|-activate|p1a: Whimsicott|move: Protect
|-activate|p2a: Archaludon|move: Protect
|-damage|p2b: Venusaur|44/100
|-damage|p1b: Garchomp|5/100|[from] item: Life Orb
|move|p2b: Venusaur|Sludge Bomb|p1a: Whimsicott
|-activate|p1a: Whimsicott|move: Protect
|
|-weather|Sandstorm|[upkeep]
|-damage|p1a: Whimsicott|56/100|[from] Sandstorm
|-damage|p2b: Venusaur|38/100|[from] Sandstorm
|-heal|p2a: Archaludon|31/100|[from] item: Leftovers
|upkeep
|turn|6
|inactive|cocobennyy has 30 seconds left.
|
|t:|1784815784
|switch|p2a: Sableye|Sableye, L50, M|40/100
|move|p1a: Whimsicott|Energy Ball|p2b: Venusaur
|-resisted|p2b: Venusaur|2
|-damage|p2b: Venusaur|33/100
|move|p1b: Garchomp|Earthquake|p2a: Sableye|[spread] p1a,p2a,p2b
|-resisted|p1a: Whimsicott|1
|-damage|p1a: Whimsicott|24/100
|-damage|p2a: Sableye|0 fnt
|-damage|p2b: Venusaur|0 fnt
|faint|p2a: Sableye
|faint|p2b: Venusaur
|-damage|p1b: Garchomp|0 fnt|[from] item: Life Orb
|faint|p1b: Garchomp
|
|-weather|Sandstorm|[upkeep]
|-damage|p1a: Whimsicott|18/100|[from] Sandstorm
|upkeep
|
|t:|1784815801
|switch|p1b: Farigiraf|Farigiraf, L50, F|53/100
|switch|p2b: Archaludon|Archaludon, L50, M|31/100
|switch|p2a: Politoed|Politoed, L50, M|68/100
|-weather|RainDance|[from] ability: Drizzle|[of] p2a: Politoed
|turn|7
|inactive|cocobennyy has 30 seconds left.
|inactive|cocobennyy has 20 seconds left.
|
|t:|1784815838
|move|p1a: Whimsicott|Protect|p1a: Whimsicott
|-singleturn|p1a: Whimsicott|Protect
|move|p1b: Farigiraf|Protect|p1b: Farigiraf
|-singleturn|p1b: Farigiraf|Protect
|move|p2a: Politoed|Protect|p2a: Politoed
|-singleturn|p2a: Politoed|Protect
|move|p2b: Archaludon|Electro Shot||[still]
|-prepare|p2b: Archaludon|Electro Shot
|-boost|p2b: Archaludon|spa|1
|-anim|p2b: Archaludon|Electro Shot|p1a: Whimsicott
|-activate|p1a: Whimsicott|move: Protect
|
|-weather|RainDance|[upkeep]
|-heal|p2b: Archaludon|37/100|[from] item: Leftovers
|-sideend|p1: Alysonz|move: Tailwind
|upkeep
|turn|8
|inactive|cocobennyy has 30 seconds left.
|inactive|cocobennyy has 20 seconds left.
|
|t:|1784815877
|move|p2a: Politoed|Protect||[still]
|-fail|p2a: Politoed
|move|p1a: Whimsicott|Encore|p2a: Politoed
|-start|p2a: Politoed|Encore
|move|p2b: Archaludon|Electro Shot||[still]
|-prepare|p2b: Archaludon|Electro Shot
|-boost|p2b: Archaludon|spa|1
|-anim|p2b: Archaludon|Electro Shot|p1b: Farigiraf
|-damage|p1b: Farigiraf|0 fnt
|faint|p1b: Farigiraf
|
|-weather|RainDance|[upkeep]
|-heal|p2b: Archaludon|43/100|[from] item: Leftovers
|-sideend|p2: cocobennyy|Reflect
|upkeep
|turn|9
|
|t:|1784815892
|move|p2a: Politoed|Protect|p2a: Politoed
|-singleturn|p2a: Politoed|Protect
|move|p1a: Whimsicott|Energy Ball|p2b: Archaludon
|-resisted|p2b: Archaludon|2
|-damage|p2b: Archaludon|37/100
|-ability|p2b: Archaludon|Stamina|boost
|-boost|p2b: Archaludon|def|1
|move|p2b: Archaludon|Flash Cannon|p1a: Whimsicott
|-supereffective|p1a: Whimsicott|1
|-damage|p1a: Whimsicott|0 fnt
|faint|p1a: Whimsicott
|
|win|cocobennyy
||Alysonz is ready for game 3.
|inactive|cocobennyy has 30 seconds to confirm battle start!
||cocobennyy is ready for game 3.
|uhtml|next|Next: Game 3 of 3
|l|☆Alysonz
|player|p1|
|l|☆cocobennyy
|player|p2|
|j|☆cocobennyy
|player|p2|cocobennyy|medium|
