|j|☆MakeIt(C)RAIn
|j|☆Der_Satz
|html|MakeIt(C)RAInDer_Satz    
|uhtml|bestof|Game 2 of a best-of-3
|t:|1757164385
|gametype|doubles
|player|p1|MakeIt(C)RAIn|elesa|
|player|p2|Der_Satz|unknown|
|gen|9
|tier|[Gen 9] VGC 2025 Reg H (Bo3)
|rule|Species Clause: Limit one of each Pokémon
|rule|Item Clause: Limit 1 of each item
|clearpoke
|poke|p1|Whimsicott, L50, M|
|poke|p1|Archaludon, L50, F|
|poke|p1|Pelipper, L50, M|
|poke|p1|Basculegion, L50, M|
|poke|p1|Annihilape, L50, M|
|poke|p1|Grimmsnarl, L50, M|
|poke|p2|Sneasler, L50, M|
|poke|p2|Kingambit, L50, M|
|poke|p2|Amoonguss, L50, F|
|poke|p2|Hydreigon, L50, F|
|poke|p2|Basculegion, L50, M|
|poke|p2|Ninetales-Alola, L50, F|
|teampreview|4
|showteam|p1|Whimsicott||FocusSash|Prankster|BeatUp,Endeavor,Encore,Tailwind|||M|||50|,,,,,Ghost]Archaludon||AssaultVest|Stamina|BodyPress,ElectroShot,DragonPulse,Snarl|||F|||50|,,,,,Grass]Pelipper||LifeOrb|Drizzle|WeatherBall,Hurricane,WideGuard,Protect|||M|||50|,,,,,Grass]Basculegion||ChoiceScarf|SwiftSwim|LastRespects,FlipTurn,AquaJet,WaveCrash|||M|||50|,,,,,Water]Annihilape||Leftovers|Defiant|DrainPunch,RageFist,Taunt,Protect|||M|||50|,,,,,Dark]Grimmsnarl||LightClay|Prankster|PlayRough,Reflect,LightScreen,ThunderWave|||M|||50|,,,,,Ghost
|showteam|p2|Sneasler||FocusSash|Unburden|FakeOut,CloseCombat,DireClaw,Protect|||M|||50|,,,,,Stellar]Kingambit||BlackGlasses|Defiant|KowtowCleave,SuckerPunch,SwordsDance,Protect|||M|||50|,,,,,Dark]Amoonguss||SitrusBerry|Regenerator|Spore,RagePowder,PollenPuff,Protect|||F|||50|,,,,,Water]Hydreigon||ChoiceSpecs|Levitate|DarkPulse,Snarl,DracoMeteor,HeatWave|||F|||50|,,,,,Fire]Basculegion||ChoiceScarf|Adaptability|WaveCrash,FlipTurn,AquaJet,LastRespects|||M|||50|,,,,,Water]Ninetales-Alola||LifeOrb|SnowWarning|Blizzard,FreezeDry,AuroraVeil,Protect|||F|||50|,,,,,Ice
|inactive|Battle timer is ON: inactive players will automatically lose when time's up. (requested by Der_Satz)
|inactive|MakeIt(C)RAIn has 60 seconds left.
|inactive|Der_Satz has 60 seconds left.
|inactive|MakeIt(C)RAIn has 30 seconds left.
|inactive|MakeIt(C)RAIn has 20 seconds left.
|inactive|MakeIt(C)RAIn has 15 seconds left.
|inactive|MakeIt(C)RAIn has 10 seconds left.
|inactive|MakeIt(C)RAIn has 5 seconds left.
|
|t:|1757164472
|teamsize|p1|4
|teamsize|p2|4
|start
|switch|p1a: Archaludon|Archaludon, L50, F|100/100
|switch|p1b: Grimmsnarl|Grimmsnarl, L50, M|100/100
|switch|p2a: Sneasler|Sneasler, L50, M|100/100
|switch|p2b: Kingambit|Kingambit, L50, M|100/100
|turn|1
|inactive|MakeIt(C)RAIn has 30 seconds left.
|inactive|MakeIt(C)RAIn has 20 seconds left.
|inactive|MakeIt(C)RAIn has 15 seconds left.
|
|t:|1757164514
|-terastallize|p1b: Grimmsnarl|Ghost
|-terastallize|p2b: Kingambit|Dark
|move|p2a: Sneasler|Fake Out|p1b: Grimmsnarl
|-immune|p1b: Grimmsnarl
|move|p1b: Grimmsnarl|Thunder Wave|p2a: Sneasler
|-status|p2a: Sneasler|par
|move|p1a: Archaludon|Body Press|p2b: Kingambit
|-supereffective|p2b: Kingambit
|-damage|p2b: Kingambit|63/100
|move|p2b: Kingambit|Swords Dance|p2b: Kingambit
|-boost|p2b: Kingambit|atk|2
|
|upkeep
|turn|2
|inactive|MakeIt(C)RAIn has 30 seconds left.
|
|t:|1757164549
|move|p1b: Grimmsnarl|Reflect|p1b: Grimmsnarl
|-sidestart|p1: MakeIt(C)RAIn|Reflect
|move|p2b: Kingambit|Sucker Punch||[still]
|-fail|p2b: Kingambit
|move|p1a: Archaludon|Body Press|p2b: Kingambit
|-supereffective|p2b: Kingambit
|-damage|p2b: Kingambit|29/100
|move|p2a: Sneasler|Close Combat|p1a: Archaludon
|-supereffective|p1a: Archaludon
|-damage|p1a: Archaludon|45/100
|-unboost|p2a: Sneasler|def|1
|-unboost|p2a: Sneasler|spd|1
|-ability|p1a: Archaludon|Stamina|boost
|-boost|p1a: Archaludon|def|1
|
|upkeep
|turn|3
|inactive|MakeIt(C)RAIn has 30 seconds left.
|
|t:|1757164576
|move|p2b: Kingambit|Sucker Punch|p1a: Archaludon
|-damage|p1a: Archaludon|5/100
|-ability|p1a: Archaludon|Stamina|boost
|-boost|p1a: Archaludon|def|1
|move|p1a: Archaludon|Body Press|p2a: Sneasler
|-resisted|p2a: Sneasler
|-damage|p2a: Sneasler|35/100 par
|cant|p2a: Sneasler|par
|move|p1b: Grimmsnarl|Play Rough|p2b: Kingambit
|-supereffective|p2b: Kingambit
|-damage|p2b: Kingambit|0 fnt
|faint|p2b: Kingambit
|
|upkeep
|
|t:|1757164589
|switch|p2b: Hydreigon|Hydreigon, L50, F|100/100
|turn|4
|
|t:|1757164614
|switch|p1a: Whimsicott|Whimsicott, L50, M, shiny|100/100
|move|p2b: Hydreigon|Dark Pulse|p1b: Grimmsnarl
|-supereffective|p1b: Grimmsnarl
|-damage|p1b: Grimmsnarl|0 fnt
|faint|p1b: Grimmsnarl
|cant|p2a: Sneasler|par
|
|upkeep
|
|t:|1757164626
|switch|p1b: Archaludon|Archaludon, L50, F|5/100
|turn|5
|
|t:|1757164639
|move|p1a: Whimsicott|Tailwind|p1a: Whimsicott
|-sidestart|p1: MakeIt(C)RAIn|move: Tailwind
|move|p1b: Archaludon|Dragon Pulse|p2b: Hydreigon
|-supereffective|p2b: Hydreigon
|-damage|p2b: Hydreigon|0 fnt
|faint|p2b: Hydreigon
|move|p2a: Sneasler|Close Combat|p1b: Archaludon
|-supereffective|p1b: Archaludon
|-damage|p1b: Archaludon|0 fnt
|-unboost|p2a: Sneasler|def|1
|-unboost|p2a: Sneasler|spd|1
|faint|p1b: Archaludon
|
|upkeep
|
|t:|1757164647
|switch|p2b: Ninetales|Ninetales-Alola, L50, F|100/100
|switch|p1b: Pelipper|Pelipper, L50, M|100/100
|-weather|RainDance|[from] ability: Drizzle|[of] p1b: Pelipper
|-weather|Snowscape|[from] ability: Snow Warning|[of] p2b: Ninetales
|turn|6
|inactive|MakeIt(C)RAIn has 30 seconds left.
|inactive|MakeIt(C)RAIn has 20 seconds left.
|inactive|MakeIt(C)RAIn has 15 seconds left.
|inactive|MakeIt(C)RAIn has 10 seconds left.
|
|t:|1757164696
|move|p1a: Whimsicott|Beat Up|p2b: Ninetales
|-resisted|p2b: Ninetales
|-damage|p2b: Ninetales|99/100
|-resisted|p2b: Ninetales
|-damage|p2b: Ninetales|99/100
|-hitcount|p2b: Ninetales|2
|move|p1b: Pelipper|Hurricane|p2a: Sneasler
|-supereffective|p2a: Sneasler
|-damage|p2a: Sneasler|0 fnt
|faint|p2a: Sneasler
|-damage|p1b: Pelipper|91/100|[from] item: Life Orb
|move|p2b: Ninetales|Freeze-Dry|p1b: Pelipper
|-supereffective|p1b: Pelipper
|-damage|p1b: Pelipper|0 fnt
|faint|p1b: Pelipper
|-damage|p2b: Ninetales|90/100|[from] item: Life Orb
|
|-weather|Snowscape|[upkeep]
|upkeep
|turn|7
|inactive|MakeIt(C)RAIn has 30 seconds left.
|inactive|MakeIt(C)RAIn has 20 seconds left.
|inactive|MakeIt(C)RAIn has 15 seconds left.
|inactive|MakeIt(C)RAIn has 10 seconds left.
|
|t:|1757164745
|move|p1a: Whimsicott|Beat Up|p2b: Ninetales
|-resisted|p2b: Ninetales
|-damage|p2b: Ninetales|89/100
|-hitcount|p2b: Ninetales|1
|move|p2b: Ninetales|Blizzard|p1a: Whimsicott
|-supereffective|p1a: Whimsicott
|-enditem|p1a: Whimsicott|Focus Sash
|-damage|p1a: Whimsicott|1/100
|-damage|p2b: Ninetales|80/100|[from] item: Life Orb
|
|-weather|Snowscape|[upkeep]
|upkeep
|turn|8
|
|t:|1757164758
|move|p1a: Whimsicott|Endeavor|p2b: Ninetales
|-damage|p2b: Ninetales|1/100
|move|p2b: Ninetales|Freeze-Dry|p1a: Whimsicott
|-supereffective|p1a: Whimsicott
|-damage|p1a: Whimsicott|0 fnt
|faint|p1a: Whimsicott
|-damage|p2b: Ninetales|0 fnt|[from] item: Life Orb
|faint|p2b: Ninetales
|
|win|Der_Satz
|c|☆Der_Satz|gg
|c|☆MakeIt(C)RAIn|gg
