|j|☆new mental
|j|☆Testingdeez
|html|new mentalTestingdeez    
|uhtml|bestof|Game 2 of a best-of-3
|t:|1785160600
|gametype|doubles
|player|p1|new mental|volkner|1271
|player|p2|Testingdeez|102|1309
|gen|9
|tier|[Gen 9 Champions] VGC 2026 Reg M-B (Bo3)
|rated|
|rule|Species Clause: Limit one of each Pokémon
|rule|Item Clause: Limit 1 of each item
|clearpoke
|poke|p1|Charizard, L50, M|
|poke|p1|Garchomp, L50, M|
|poke|p1|Incineroar, L50, F|
|poke|p1|Venusaur, L50, F|
|poke|p1|Toxapex, L50, M|
|poke|p1|Sylveon, L50, M|
|poke|p2|Tyranitar, L50, F|
|poke|p2|Excadrill, L50, M|
|poke|p2|Milotic, L50, F|
|poke|p2|Sinistcha, L50|
|poke|p2|Staraptor, L50, F|
|poke|p2|Gholdengo, L50|
|teampreview|4
|showteam|p1|Charizard||CharizarditeY|SolarPower|WeatherBall,HeatWave,AncientPower,Protect|Modest||M|||50|]Garchomp||ChoiceScarf|RoughSkin|RockSlide,DragonClaw,Earthquake,StompingTantrum|Adamant||M|||50|]Incineroar||SitrusBerry|Intimidate|FlareBlitz,FakeOut,DarkestLariat,PartingShot|Impish||F|||50|]Venusaur||LifeOrb|Chlorophyll|SludgeBomb,LeafStorm,EarthPower,Protect|Modest||F|||50|]Toxapex||Leftovers|Regenerator|Infestation,Toxic,WideGuard,BanefulBunker|Bold||M|||50|]Sylveon||FairyFeather|Pixilate|HyperVoice,QuickAttack,Yawn,Detect|Modest||M|||50|
|showteam|p2|Tyranitar||Tyranitarite|SandStream|KnockOff,RockSlide,LowKick,Protect|Jolly||F|||50|]Excadrill||FocusSash|SandRush|HighHorsepower,IronHead,RockSlide,Protect|Adamant||M|||50|]Milotic||Leftovers|Competitive|Scald,IceBeam,Recover,Protect|Calm||F|||50|]Sinistcha||KasibBerry|Hospitality|MatchaGotcha,ShadowBall,Protect,RagePowder|Calm|||||50|]Staraptor||Staraptite|Intimidate|CloseCombat,DualWingbeat,Tailwind,Protect|Jolly||F|||50|]Gholdengo||LifeOrb|GoodasGold|MakeItRain,ShadowBall,NastyPlot,Protect|Modest|||||50|
|inactive|Battle timer is ON: inactive players will automatically lose when time's up. (requested by new mental)
|inactive|Testingdeez has 60 seconds left.
|
|t:|1785160675
|teamsize|p1|4
|teamsize|p2|4
|start
|switch|p1a: Charizard|Charizard, L50, M|100/100
|switch|p1b: Sylveon|Sylveon, L50, M|100/100
|switch|p2a: Tyranitar|Tyranitar, L50, F|100/100
|switch|p2b: Staraptor|Staraptor, L50, F|100/100
|-ability|p2b: Staraptor|Intimidate|boost
|-unboost|p1a: Charizard|atk|1
|-unboost|p1b: Sylveon|atk|1
|-weather|Sandstorm|[from] ability: Sand Stream|[of] p2a: Tyranitar
|turn|1
|
|t:|1785160699
|switch|p2b: Excadrill|Excadrill, L50, M|100/100
|move|p2a: Tyranitar|Protect|p2a: Tyranitar
|-singleturn|p2a: Tyranitar|Protect
|move|p1a: Charizard|Protect|p1a: Charizard
|-singleturn|p1a: Charizard|Protect
|move|p1b: Sylveon|Hyper Voice|p2b: Excadrill|[spread] p2b
|-activate|p2a: Tyranitar|move: Protect
|-resisted|p2b: Excadrill|1
|-damage|p2b: Excadrill|68/100
|
|-weather|Sandstorm|[upkeep]
|-damage|p1a: Charizard|94/100|[from] Sandstorm
|-damage|p1b: Sylveon|94/100|[from] Sandstorm
|upkeep
|turn|2
|inactive|Testingdeez has 30 seconds left.
|
|t:|1785160733
|switch|p1a: Toxapex|Toxapex, L50, M|100/100
|detailschange|p2a: Tyranitar|Tyranitar-Mega, L50, F
|-mega|p2a: Tyranitar|Tyranitar|Tyranitarite
|move|p1b: Sylveon|Detect|p1b: Sylveon
|-singleturn|p1b: Sylveon|Protect
|move|p2b: Excadrill|Iron Head|p1b: Sylveon
|-activate|p1b: Sylveon|move: Protect
|move|p2a: Tyranitar|Rock Slide|p1a: Toxapex|[spread] 
|-activate|p1b: Sylveon|move: Protect
|-miss|p2a: Tyranitar|p1a: Toxapex
|
|-weather|Sandstorm|[upkeep]
|-damage|p1b: Sylveon|88/100|[from] Sandstorm
|-damage|p1a: Toxapex|94/100|[from] Sandstorm
|-heal|p1a: Toxapex|100/100|[from] item: Leftovers
|upkeep
|turn|3
|
|t:|1785160754
|switch|p1b: Venusaur|Venusaur, L50, F|100/100
|move|p2b: Excadrill|High Horsepower|p1a: Toxapex
|-supereffective|p1a: Toxapex|1
|-damage|p1a: Toxapex|29/100
|move|p2a: Tyranitar|Knock Off|p1a: Toxapex
|-damage|p1a: Toxapex|0 fnt
|-enditem|p1a: Toxapex|Leftovers|[from] move: Knock Off|[of] p2a: Tyranitar
|faint|p1a: Toxapex
|
|-weather|Sandstorm|[upkeep]
|-damage|p1b: Venusaur|94/100|[from] Sandstorm
|upkeep
|
|t:|1785160761
|switch|p1a: Charizard|Charizard, L50, M|94/100
|turn|4
|
|t:|1785160773
|switch|p2a: Milotic|Milotic, L50, F|100/100
|detailschange|p1a: Charizard|Charizard-Mega-Y, L50, M
|-mega|p1a: Charizard|Charizard|Charizardite Y
|-weather|SunnyDay|[from] ability: Drought|[of] p1a: Charizard
|move|p2b: Excadrill|Protect|p2b: Excadrill
|-singleturn|p2b: Excadrill|Protect
|move|p1b: Venusaur|Earth Power|p2a: Milotic
|-damage|p2a: Milotic|75/100
|-damage|p1b: Venusaur|84/100|[from] item: Life Orb
|move|p1a: Charizard|Heat Wave|p2a: Milotic|[spread] p2a
|-activate|p2b: Excadrill|move: Protect
|-resisted|p2a: Milotic|1
|-damage|p2a: Milotic|54/100
|
|-weather|SunnyDay|[upkeep]
|-heal|p2a: Milotic|60/100|[from] item: Leftovers
|upkeep
|turn|5
|inactive|Testingdeez has 30 seconds left.
|inactive|Testingdeez has 20 seconds left.
|inactive|Testingdeez has 15 seconds left.
|
|t:|1785160816
|switch|p1a: Sylveon|Sylveon, L50, M|88/100
|switch|p2a: Tyranitar|Tyranitar-Mega, L50, F|100/100
|-weather|Sandstorm|[from] ability: Sand Stream|[of] p2a: Tyranitar
|move|p1b: Venusaur|Protect|p1b: Venusaur
|-singleturn|p1b: Venusaur|Protect
|move|p2b: Excadrill|Rock Slide|p1a: Sylveon|[spread] p1a
|-activate|p1b: Venusaur|move: Protect
|-damage|p1a: Sylveon|67/100
|
|-weather|Sandstorm|[upkeep]
|-damage|p1b: Venusaur|79/100|[from] Sandstorm
|-damage|p1a: Sylveon|61/100|[from] Sandstorm
|upkeep
|turn|6
|
|t:|1785160841
|switch|p2a: Staraptor|Staraptor, L50, F|100/100
|-ability|p2a: Staraptor|Intimidate|boost
|-unboost|p1a: Sylveon|atk|1
|-unboost|p1b: Venusaur|atk|1
|move|p2b: Excadrill|Iron Head|p1a: Sylveon
|-supereffective|p1a: Sylveon|1
|-damage|p1a: Sylveon|0 fnt
|faint|p1a: Sylveon
|move|p1b: Venusaur|Earth Power|p2a: Staraptor
|-immune|p2a: Staraptor
|
|-weather|Sandstorm|[upkeep]
|-damage|p2a: Staraptor|94/100|[from] Sandstorm
|-damage|p1b: Venusaur|73/100|[from] Sandstorm
|upkeep
|
|t:|1785160843
|switch|p1a: Charizard|Charizard-Mega-Y, L50, M|94/100
|-weather|SunnyDay|[from] ability: Drought|[of] p1a: Charizard
|turn|7
|inactive|Testingdeez has 30 seconds left.
|inactive|Testingdeez has 20 seconds left.
|
|t:|1785160879
|move|p1b: Venusaur|Protect|p1b: Venusaur
|-singleturn|p1b: Venusaur|Protect
|move|p2b: Excadrill|Protect|p2b: Excadrill
|-singleturn|p2b: Excadrill|Protect
|move|p2a: Staraptor|Dual Wingbeat|p1b: Venusaur
|-activate|p1b: Venusaur|move: Protect
|move|p1a: Charizard|Heat Wave|p2b: Excadrill|[spread] p2a
|-activate|p2b: Excadrill|move: Protect
|-damage|p2a: Staraptor|8/100
|-status|p2a: Staraptor|brn
|
|-weather|SunnyDay|[upkeep]
|-damage|p2a: Staraptor|2/100 brn|[from] brn
|upkeep
|turn|8
|
|t:|1785160899
|switch|p2a: Tyranitar|Tyranitar-Mega, L50, F|100/100
|-weather|Sandstorm|[from] ability: Sand Stream|[of] p2a: Tyranitar
|move|p1a: Charizard|Protect|p1a: Charizard
|-singleturn|p1a: Charizard|Protect
|move|p2b: Excadrill|Rock Slide|p1a: Charizard|[spread] p1b
|-activate|p1a: Charizard|move: Protect
|-damage|p1b: Venusaur|47/100
|cant|p1b: Venusaur|flinch
|
|-weather|Sandstorm|[upkeep]
|-damage|p1a: Charizard|88/100|[from] Sandstorm
|-damage|p1b: Venusaur|42/100|[from] Sandstorm
|upkeep
|turn|9
|
|t:|1785160914
|move|p2b: Excadrill|Rock Slide|p1b: Venusaur|[spread] p1a,p1b
|-supereffective|p1a: Charizard|2
|-damage|p1a: Charizard|8/100
|-damage|p1b: Venusaur|16/100
|move|p2a: Tyranitar|Rock Slide|p1b: Venusaur|[spread] p1a,p1b
|-supereffective|p1a: Charizard|2
|-damage|p1a: Charizard|0 fnt
|-damage|p1b: Venusaur|0 fnt
|faint|p1a: Charizard
|faint|p1b: Venusaur
|
|win|Testingdeez
|raw|new mental's rating: 1271 → 1249(-22 for losing)
|raw|Testingdeez's rating: 1309 → 1327(+18 for winning)
