|j|☆HeatInSeven14
|j|☆DanielSantosgg
|html|HeatInSeven14DanielSantosgg    
|uhtml|bestof|Game 2 of a best-of-3
|t:|1783024328
|gametype|doubles
|player|p1|HeatInSeven14|169|1048
|player|p2|DanielSantosgg|skier|1054
|gen|9
|tier|[Gen 9 Champions] VGC 2026 Reg M-B (Bo3)
|rated|
|rule|Species Clause: Limit one of each Pokémon
|rule|Item Clause: Limit 1 of each item
|clearpoke
|poke|p1|Gallade, L50, M|
|poke|p1|Farigiraf, L50, F|
|poke|p1|Kangaskhan, L50, F, shiny|
|poke|p1|Hydrapple, L50, F|
|poke|p1|Torkoal, L50, M|
|poke|p1|Mawile, L50, F|
|poke|p2|Blastoise, L50, F|
|poke|p2|Incineroar, L50, M|
|poke|p2|Kingambit, L50, M|
|poke|p2|Sneasler, L50, M|
|poke|p2|Delphox, L50, F|
|poke|p2|Sinistcha-Masterpiece, L50|
|teampreview|4
|showteam|p1|Gallade||FocusSash|Sharpness|SacredSword,PsychoCut,LeafBlade,WillOWisp|Adamant||M|||50|]Farigiraf||SitrusBerry|ArmorTail|TwinBeam,Thunderbolt,TrickRoom,Protect|Bold||F|||50|]Kangaskhan||Kangaskhanite|Scrappy|FakeOut,DoubleEdge,HammerArm,RockSlide|Brave||F|||50|]Hydrapple||LifeOrb|SupersweetSyrup|DracoMeteor,EnergyBall,EarthPower,Protect|Quiet||F|||50|]Torkoal||Charcoal|Drought|Eruption,WeatherBall,EarthPower,WillOWisp|Quiet||M|||50|]Mawile||Mawilite|HyperCutter|PlayRough,IronHead,SuckerPunch,Protect|Adamant||F|||50|
|showteam|p2|Blastoise||Blastoisinite|Torrent|WaterSpout,ShellSmash,DarkPulse,Protect|Modest||F|||50|]Incineroar||SitrusBerry|Intimidate|FlareBlitz,PartingShot,HelpingHand,FakeOut|Impish||M|||50|]Kingambit||BlackGlasses|Defiant|Protect,SwordsDance,KowtowCleave,SuckerPunch|Adamant||M|||50|]Sneasler||FocusSash|PoisonTouch|DireClaw,CloseCombat,FakeOut,QuickGuard|Jolly||M|||50|]Delphox||Delphoxite|Blaze|NastyPlot,HeatWave,Psyshock,Protect|Timid||F|||50|]Sinistcha-Masterpiece||OccaBerry|Hospitality|Protect,RagePowder,TrickRoom,MatchaGotcha|Bold|||||50|
|
|t:|1783024363
|teamsize|p1|4
|teamsize|p2|4
|start
|switch|p1a: Kangaskhan|Kangaskhan, L50, F, shiny|100/100
|switch|p1b: Farigiraf|Farigiraf, L50, F|100/100
|switch|p2a: Blastoise|Blastoise, L50, F|100/100
|switch|p2b: Incineroar|Incineroar, L50, M|100/100
|-ability|p2b: Incineroar|Intimidate|boost
|-fail|p1a: Kangaskhan|unboost|Attack|[from] ability: Scrappy|[of] p1a: Kangaskhan
|-unboost|p1b: Farigiraf|atk|1
|turn|1
|inactive|Battle timer is ON: inactive players will automatically lose when time's up. (requested by HeatInSeven14)
|
|t:|1783024417
|move|p2b: Incineroar|Helping Hand|p2a: Blastoise
|-singleturn|p2a: Blastoise|Helping Hand|[of] p2b: Incineroar
|move|p1a: Kangaskhan|Fake Out|p2b: Incineroar
|-damage|p2b: Incineroar|84/100
|move|p2a: Blastoise|Water Spout|p1b: Farigiraf|[spread] p1a,p1b
|-crit|p1a: Kangaskhan
|-damage|p1a: Kangaskhan|0 fnt
|-damage|p1b: Farigiraf|29/100
|-enditem|p1b: Farigiraf|Sitrus Berry|[eat]
|-heal|p1b: Farigiraf|54/100|[from] item: Sitrus Berry
|faint|p1a: Kangaskhan
|move|p1b: Farigiraf|Trick Room|p1b: Farigiraf
|-fieldstart|move: Trick Room|[of] p1b: Farigiraf
|
|upkeep
|
|t:|1783024429
|switch|p1a: Torkoal|Torkoal, L50, M|100/100
|-weather|SunnyDay|[from] ability: Drought|[of] p1a: Torkoal
|turn|2
|inactive|DanielSantosgg has 30 seconds left.
|inactive|DanielSantosgg has 20 seconds left.
|inactive|HeatInSeven14 has 30 seconds left.
|inactive|DanielSantosgg has 15 seconds left.
|inactive|HeatInSeven14 has 20 seconds left.
|
|t:|1783024479
|switch|p1b: Mawile|Mawile, L50, F|100/100
|switch|p2a: Sinistcha|Sinistcha-Masterpiece, L50|100/100
|-heal|p2b: Incineroar|100/100|[from] ability: Hospitality|[of] p2a: Sinistcha
|move|p1a: Torkoal|Eruption|p2b: Incineroar|[spread] p2a,p2b
|-supereffective|p2a: Sinistcha|1
|-enditem|p2a: Sinistcha|Occa Berry|[eat]
|-enditem|p2a: Sinistcha|Occa Berry|[weaken]
|-resisted|p2b: Incineroar|1
|-damage|p2a: Sinistcha|16/100
|-damage|p2b: Incineroar|54/100
|move|p2b: Incineroar|Parting Shot|p1a: Torkoal
|-unboost|p1a: Torkoal|atk|1
|-unboost|p1a: Torkoal|spa|1
|
|t:|1783024501
|switch|p2b: Blastoise|Blastoise, L50, F|100/100|[from] Parting Shot
|
|-weather|SunnyDay|[upkeep]
|upkeep
|turn|3
|inactive|DanielSantosgg has 30 seconds left.
|inactive|DanielSantosgg has 20 seconds left.
|inactive|DanielSantosgg has 15 seconds left.
|
|t:|1783024545
|detailschange|p1b: Mawile|Mawile-Mega, L50, F
|-mega|p1b: Mawile|Mawile|Mawilite
|detailschange|p2b: Blastoise|Blastoise-Mega, L50, F
|-mega|p2b: Blastoise|Blastoise|Blastoisinite
|move|p1a: Torkoal|Eruption|p2b: Blastoise|[spread] p2a,p2b
|-supereffective|p2a: Sinistcha|1
|-resisted|p2b: Blastoise|1
|-damage|p2a: Sinistcha|0 fnt
|-damage|p2b: Blastoise|69/100
|faint|p2a: Sinistcha
|move|p1b: Mawile|Play Rough|p2b: Blastoise
|-damage|p2b: Blastoise|0 fnt
|faint|p2b: Blastoise
|
|-weather|SunnyDay|[upkeep]
|upkeep
|
|t:|1783024560
|switch|p2a: Incineroar|Incineroar, L50, M|54/100
|switch|p2b: Sneasler|Sneasler, L50, M|100/100
|-ability|p2a: Incineroar|Intimidate|boost
|-unboost|p1a: Torkoal|atk|1
|-unboost|p1b: Mawile|atk|1
|turn|4
|inactive|HeatInSeven14 has 30 seconds left.
|
|t:|1783024588
|switch|p1b: Farigiraf|Farigiraf, L50, F|54/100
|move|p2a: Incineroar|Helping Hand|p2b: Sneasler
|-singleturn|p2b: Sneasler|Helping Hand|[of] p2a: Incineroar
|move|p1a: Torkoal|Weather Ball|p2b: Sneasler
|-damage|p2b: Sneasler|25/100
|move|p2b: Sneasler|Close Combat|p1b: Farigiraf
|-damage|p1b: Farigiraf|0 fnt
|-unboost|p2b: Sneasler|def|1
|-unboost|p2b: Sneasler|spd|1
|faint|p1b: Farigiraf
|
|-weather|SunnyDay|[upkeep]
|upkeep
|
|t:|1783024601
|switch|p1b: Mawile|Mawile-Mega, L50, F|100/100
|turn|5
|
|t:|1783024619
|move|p2b: Sneasler|Quick Guard|p2b: Sneasler
|-singleturn|p2b: Sneasler|Quick Guard
|move|p1a: Torkoal|Eruption|p2b: Sneasler|[spread] p2a,p2b
|-resisted|p2a: Incineroar|1
|-damage|p2a: Incineroar|26/100
|-damage|p2b: Sneasler|0 fnt
|-enditem|p2a: Incineroar|Sitrus Berry|[eat]
|-heal|p2a: Incineroar|51/100|[from] item: Sitrus Berry
|faint|p2b: Sneasler
|move|p1b: Mawile|Play Rough|p2a: Incineroar|[miss]
|-miss|p1b: Mawile|p2a: Incineroar
|move|p2a: Incineroar|Flare Blitz|p1b: Mawile
|-supereffective|p1b: Mawile|1
|-damage|p1b: Mawile|0 fnt
|faint|p1b: Mawile
|-damage|p2a: Incineroar|25/100|[from] Recoil
|
|-weather|SunnyDay|[upkeep]
|-fieldend|move: Trick Room
|upkeep
|turn|6
|c|☆HeatInSeven14|gg
|
|t:|1783024642
|move|p2a: Incineroar|Flare Blitz|p1a: Torkoal
|-resisted|p1a: Torkoal|1
|-damage|p1a: Torkoal|72/100
|-damage|p2a: Incineroar|17/100|[from] Recoil
|move|p1a: Torkoal|Earth Power|p2a: Incineroar
|-supereffective|p2a: Incineroar|1
|-damage|p2a: Incineroar|0 fnt
|faint|p2a: Incineroar
|
|win|HeatInSeven14
|raw|HeatInSeven14's rating: 1048 → 1081(+33 for winning)
|raw|DanielSantosgg's rating: 1054 → 1036(-18 for losing)
