|badge|p1|silver|gen9ou|30-6
|uhtml|medal-msg|Curious what those medals under the avatar are? PS now has Ladder Seasons! For more information, check out the thread on Smogon.
|j|☆JackRG1
|j|☆Gentlefish
|html|JackRG1Gentlefish    
|uhtml|bestof|Game 2 of a best-of-3
|t:|1757723771
|gametype|doubles
|player|p1|JackRG1|dawn-gen4pt|1145
|player|p2|Gentlefish|burglar-gen1rb|1165
|gen|9
|tier|[Gen 9] VGC 2025 Reg H (Bo3)
|rated|
|rule|Species Clause: Limit one of each Pokémon
|rule|Item Clause: Limit 1 of each item
|clearpoke
|poke|p1|Tyranitar, L50, M|
|poke|p1|Excadrill, L50, F|
|poke|p1|Gastrodon-East, L50, M|
|poke|p1|Annihilape, L50, M|
|poke|p1|Grimmsnarl, L50, M|
|poke|p1|Corviknight, L50, M|
|poke|p2|Garchomp, L50, M|
|poke|p2|Gholdengo, L50|
|poke|p2|Talonflame, L50, F|
|poke|p2|Annihilape, L50, F|
|poke|p2|Weezing-Galar, L50, M|
|poke|p2|Archaludon, L50, M|
|teampreview|4
|showteam|p1|Tyranitar||AssaultVest|SandStream|RockSlide,KnockOff,TeraBlast,LowKick|||M|||50|,,,,,Flying]Excadrill||FocusSash|SandRush|Earthquake,HighHorsepower,IronHead,Protect|||F|||50|,,,,,Ground]Gastrodon-East||Leftovers|StormDrain|EarthPower,IcyWind,ClearSmog,Protect|||M|||50|,,,,,Poison]Annihilape||ChoiceScarf|Defiant|CloseCombat,Uturn,Coaching,FinalGambit|||M|||50|,,,,,Grass]Grimmsnarl||LightClay|Prankster|SpiritBreak,Reflect,LightScreen,MistyTerrain|||M|||50|,,,,,Ghost]Corviknight||SitrusBerry|MirrorArmor|BraveBird,PowerTrip,BulkUp,Roost|||M|||50|,,,,,Dragon
|showteam|p2|Garchomp||LifeOrb|RoughSkin|StompingTantrum,Earthquake,DragonClaw,Protect|||M|||50|,,,,,Ground]Gholdengo||ChoiceSpecs|GoodasGold|MakeItRain,ShadowBall,DazzlingGleam,PowerGem||||||50|,,,,,Fairy]Talonflame||CovertCloak|GaleWings|DualWingbeat,FlareBlitz,Tailwind,Taunt|||F|||50|,,,,,Grass]Annihilape||AssaultVest|Defiant|CloseCombat,RageFist,FinalGambit,IcePunch|||F|||50|,,,,,Grass]Weezing-Galar||FocusSash|NeutralizingGas|SludgeBomb,StrangeSteam,Taunt,Protect|||M|||50|,,,,,Flying]Archaludon||PowerHerb|Sturdy|Thunderbolt,ElectroShot,DracoMeteor,Protect|||M|||50|,,,,,Electric
|inactive|Battle timer is ON: inactive players will automatically lose when time's up. (requested by JackRG1)
|inactive|JackRG1 has 60 seconds left.
|inactive|Gentlefish has 60 seconds left.
|inactive|Gentlefish has 30 seconds left.
|inactive|Gentlefish has 20 seconds left.
|
|t:|1757723846
|teamsize|p1|4
|teamsize|p2|4
|start
|switch|p1a: Tyranitar|Tyranitar, L50, M|100/100
|switch|p1b: Corviknight|Corviknight, L50, M|100/100
|switch|p2a: Weezing|Weezing-Galar, L50, M|100/100
|switch|p2b: Talonflame|Talonflame, L50, F|100/100
|-ability|p2a: Weezing|Neutralizing Gas
|turn|1
|inactive|Gentlefish has 30 seconds left.
|
|t:|1757723875
|switch|p1b: Gastrodon|Gastrodon-East, L50, M|100/100
|move|p2b: Talonflame|Tailwind|p2b: Talonflame
|-sidestart|p2: Gentlefish|move: Tailwind
|move|p2a: Weezing|Strange Steam|p1a: Tyranitar
|-supereffective|p1a: Tyranitar
|-damage|p1a: Tyranitar|49/100
|move|p1a: Tyranitar|Rock Slide|p2a: Weezing|[spread] p2a
|-miss|p1a: Tyranitar|p2b: Talonflame
|-damage|p2a: Weezing|64/100
|
|upkeep
|turn|2
|
|t:|1757723895
|move|p2b: Talonflame|Dual Wingbeat|p1b: Gastrodon
|-damage|p1b: Gastrodon|85/100
|-damage|p1b: Gastrodon|67/100
|-hitcount|p1b: Gastrodon|2
|move|p2a: Weezing|Strange Steam|p1b: Gastrodon|[miss]
|-miss|p2a: Weezing|p1b: Gastrodon
|move|p1a: Tyranitar|Rock Slide|p2b: Talonflame|[spread] p2a,p2b
|-supereffective|p2b: Talonflame
|-damage|p2a: Weezing|30/100
|-damage|p2b: Talonflame|0 fnt
|faint|p2b: Talonflame
|move|p1b: Gastrodon|Earth Power|p2a: Weezing
|-supereffective|p2a: Weezing
|-damage|p2a: Weezing|0 fnt
|faint|p2a: Weezing
|-end|p2a: Weezing|ability: Neutralizing Gas
|-weather|Sandstorm|[from] ability: Sand Stream|[of] p1a: Tyranitar
|
|-weather|Sandstorm|[upkeep]
|-heal|p1b: Gastrodon|73/100|[from] item: Leftovers
|upkeep
|
|t:|1757723907
|switch|p2b: Archaludon|Archaludon, L50, M|100/100
|switch|p2a: Gholdengo|Gholdengo, L50|100/100
|turn|3
|
|t:|1757723932
|switch|p1a: Corviknight|Corviknight, L50, M|100/100
|move|p2b: Archaludon|Electro Shot||[still]
|-prepare|p2b: Archaludon|Electro Shot
|-boost|p2b: Archaludon|spa|1
|-enditem|p2b: Archaludon|Power Herb
|-anim|p2b: Archaludon|Electro Shot|p1a: Corviknight
|-supereffective|p1a: Corviknight
|-damage|p1a: Corviknight|0 fnt
|faint|p1a: Corviknight
|move|p2a: Gholdengo|Shadow Ball|p1b: Gastrodon
|-damage|p1b: Gastrodon|7/100
|move|p1b: Gastrodon|Earth Power|p2a: Gholdengo
|-supereffective|p2a: Gholdengo
|-damage|p2a: Gholdengo|4/100
|
|-weather|Sandstorm|[upkeep]
|-heal|p1b: Gastrodon|13/100|[from] item: Leftovers
|upkeep
|
|t:|1757723942
|switch|p1a: Tyranitar|Tyranitar, L50, M|49/100
|turn|4
|inactive|Gentlefish has 30 seconds left.
|inactive|Gentlefish has 20 seconds left.
|
|t:|1757723979
|switch|p1a: Grimmsnarl|Grimmsnarl, L50, M|100/100
|move|p2b: Archaludon|Thunderbolt|p1a: Grimmsnarl
|-damage|p1a: Grimmsnarl|63/100
|move|p2a: Gholdengo|Shadow Ball|p1a: Grimmsnarl
|-resisted|p1a: Grimmsnarl
|-damage|p1a: Grimmsnarl|32/100
|move|p1b: Gastrodon|Earth Power|p2a: Gholdengo
|-supereffective|p2a: Gholdengo
|-damage|p2a: Gholdengo|0 fnt
|faint|p2a: Gholdengo
|
|-weather|Sandstorm|[upkeep]
|-damage|p1a: Grimmsnarl|26/100|[from] Sandstorm
|-heal|p1b: Gastrodon|19/100|[from] item: Leftovers
|-sideend|p2: Gentlefish|move: Tailwind
|upkeep
|turn|5
|inactive|Gentlefish has 30 seconds left.
|
|t:|1757724014
|move|p1a: Grimmsnarl|Light Screen|p1a: Grimmsnarl
|-sidestart|p1: JackRG1|move: Light Screen
|move|p2b: Archaludon|Thunderbolt|p1a: Grimmsnarl
|-damage|p1a: Grimmsnarl|0 fnt
|faint|p1a: Grimmsnarl
|move|p1b: Gastrodon|Earth Power|p2b: Archaludon
|-supereffective|p2b: Archaludon
|-ability|p2b: Archaludon|Sturdy
|-damage|p2b: Archaludon|1/100
|-unboost|p2b: Archaludon|spd|1
|
|-weather|Sandstorm|[upkeep]
|-heal|p1b: Gastrodon|25/100|[from] item: Leftovers
|upkeep
|
|t:|1757724017
|switch|p1a: Tyranitar|Tyranitar, L50, M|49/100
|turn|6
|
|t:|1757724029
|move|p2b: Archaludon|Draco Meteor|p1a: Tyranitar
|-damage|p1a: Tyranitar|23/100
|-unboost|p2b: Archaludon|spa|2
|move|p1a: Tyranitar|Knock Off|p2b: Archaludon
|-damage|p2b: Archaludon|0 fnt
|faint|p2b: Archaludon
|
|win|JackRG1
|raw|JackRG1's rating: 1145 → 1171(+26 for winning)
|raw|Gentlefish's rating: 1165 → 1139(-26 for losing)
|l|☆JackRG1
|player|p1|
