|j|☆Mkellyvgc
|j|☆dfdfdfgdfdt
|html|Mkellyvgcdfdfdfgdfdt    
|uhtml|bestof|Game 1 of a best-of-3
|t:|1756332301
|gametype|doubles
|player|p1|Mkellyvgc|1|1176
|player|p2|dfdfdfgdfdt|1|1194
|gen|9
|tier|[Gen 9] VGC 2025 Reg H (Bo3)
|rated|
|rule|Species Clause: Limit one of each Pokémon
|rule|Item Clause: Limit 1 of each item
|clearpoke
|poke|p1|Garchomp, L50, M|
|poke|p1|Sneasler, L50, F|
|poke|p1|Gholdengo, L50|
|poke|p1|Incineroar, L50, F|
|poke|p1|Porygon2, L50|
|poke|p1|Amoonguss, L50, M|
|poke|p2|Sneasler, L50, M|
|poke|p2|Dragapult, L50, M|
|poke|p2|Primarina, L50, F|
|poke|p2|Rillaboom, L50, M|
|poke|p2|Kingambit, L50, M|
|poke|p2|Magmar, L50, F|
|teampreview|4
|showteam|p1|Garchomp||LifeOrb|RoughSkin|Earthquake,StompingTantrum,DragonClaw,Protect|||M|||50|,,,,,Ground]Sneasler||FocusSash|PoisonTouch|DireClaw,CloseCombat,Coaching,Protect|||F|||50|,,,,,Stellar]Gholdengo||MetalCoat|GoodasGold|MakeItRain,ShadowBall,NastyPlot,Protect||||||50|,,,,,Water]Incineroar||SafetyGoggles|Intimidate|FakeOut,FlareBlitz,KnockOff,PartingShot|||F|||50|,,,,,Ghost]Porygon2||Eviolite|Download|TeraBlast,IceBeam,TrickRoom,Recover||||||50|,,,,,Fighting]Amoonguss||SitrusBerry|EffectSpore|PollenPuff,Spore,RagePowder,Protect|||M|||50|,,,,,Water
|showteam|p2|Sneasler||FocusSash|PoisonTouch|CloseCombat,DireClaw,FakeOut,Protect|||M|||50|,,,,,Stellar]Dragapult||ChoiceBand|ClearBody|DragonDarts,TeraBlast,PhantomForce,Uturn|||M|||50|,,,,,Ghost]Primarina||SitrusBerry|LiquidVoice|HyperVoice,Moonblast,Haze,Protect|||F|||50|,,,,,Water]Rillaboom||AssaultVest|GrassySurge|WoodHammer,GrassyGlide,HighHorsepower,FakeOut|||M|||50|,,,,,Fire]Kingambit||BlackGlasses|Defiant|KowtowCleave,SuckerPunch,SwordsDance,Protect|||M|||50|,,,,,Ghost]Magmar||Eviolite|VitalSpirit|Overheat,WillOWisp,FollowMe,Protect|||F|||50|,,,,,Ghost
|
|t:|1756332352
|teamsize|p1|4
|teamsize|p2|4
|start
|switch|p1a: Sneasler|Sneasler, L50, F|100/100
|switch|p1b: Incineroar|Incineroar, L50, F|100/100
|switch|p2a: Sneasler|Sneasler, L50, M|100/100
|switch|p2b: Dragapult|Dragapult, L50, M|100/100
|-ability|p1b: Incineroar|Intimidate|boost
|-unboost|p2a: Sneasler|atk|1
|-fail|p2b: Dragapult|unboost|[from] ability: Clear Body|[of] p2b: Dragapult
|turn|1
|
|t:|1756332376
|switch|p1a: Amoonguss|Amoonguss, L50, M|100/100
|move|p2a: Sneasler|Fake Out|p1b: Incineroar
|-damage|p1b: Incineroar|91/100
|move|p2b: Dragapult|Phantom Force||[still]
|-prepare|p2b: Dragapult|Phantom Force
|cant|p1b: Incineroar|flinch
|
|upkeep
|turn|2
|
|t:|1756332397
|move|p2b: Dragapult|Phantom Force|p1b: Incineroar|[from] lockedmove
|-resisted|p1b: Incineroar
|-damage|p1b: Incineroar|59/100
|move|p2a: Sneasler|Close Combat|p1b: Incineroar
|-supereffective|p1b: Incineroar
|-damage|p1b: Incineroar|0 fnt
|-unboost|p2a: Sneasler|def|1
|-unboost|p2a: Sneasler|spd|1
|faint|p1b: Incineroar
|move|p1a: Amoonguss|Spore|p2b: Dragapult
|-status|p2b: Dragapult|slp|[from] move: Spore
|
|upkeep
|
|t:|1756332409
|switch|p1b: Garchomp|Garchomp, L50, M|100/100
|turn|3
|
|t:|1756332421
|switch|p2a: Rillaboom|Rillaboom, L50, M|100/100
|-fieldstart|move: Grassy Terrain|[from] ability: Grassy Surge|[of] p2a: Rillaboom
|switch|p1a: Sneasler|Sneasler, L50, F|100/100
|cant|p2b: Dragapult|slp
|move|p1b: Garchomp|Stomping Tantrum|p2a: Rillaboom
|-resisted|p2a: Rillaboom
|-damage|p2a: Rillaboom|74/100
|-damage|p1b: Garchomp|91/100|[from] item: Life Orb
|
|-heal|p1b: Garchomp|97/100|[from] Grassy Terrain
|-heal|p2a: Rillaboom|80/100|[from] Grassy Terrain
|upkeep
|turn|4
|
|t:|1756332446
|switch|p1a: Amoonguss|Amoonguss, L50, M|100/100
|-terastallize|p2b: Dragapult|Ghost
|move|p2a: Rillaboom|Fake Out|p1a: Amoonguss
|-damage|p1a: Amoonguss|90/100
|-curestatus|p2b: Dragapult|slp|[msg]
|move|p2b: Dragapult|Phantom Force||[still]
|-prepare|p2b: Dragapult|Phantom Force
|move|p1b: Garchomp|Dragon Claw|p2a: Rillaboom
|-crit|p2a: Rillaboom
|-damage|p2a: Rillaboom|0 fnt
|faint|p2a: Rillaboom
|-damage|p1b: Garchomp|87/100|[from] item: Life Orb
|
|-heal|p1b: Garchomp|93/100|[from] Grassy Terrain
|-heal|p1a: Amoonguss|95/100|[from] Grassy Terrain
|upkeep
|
|t:|1756332463
|switch|p2a: Primarina|Primarina, L50, F|100/100
|turn|5
|
|t:|1756332483
|move|p1a: Amoonguss|Rage Powder|p1a: Amoonguss
|-singleturn|p1a: Amoonguss|move: Rage Powder
|move|p2b: Dragapult|Phantom Force|p1a: Amoonguss|[from] lockedmove
|-damage|p1a: Amoonguss|26/100
|-enditem|p1a: Amoonguss|Sitrus Berry|[eat]
|-heal|p1a: Amoonguss|51/100|[from] item: Sitrus Berry
|move|p1b: Garchomp|Dragon Claw|p2b: Dragapult
|-damage|p2b: Dragapult|26/100
|-damage|p1b: Garchomp|83/100|[from] item: Life Orb
|move|p2a: Primarina|Hyper Voice|p1a: Amoonguss|[spread] p1a,p1b
|-resisted|p1a: Amoonguss
|-damage|p1a: Amoonguss|37/100
|-damage|p1b: Garchomp|51/100
|
|-heal|p2b: Dragapult|32/100|[from] Grassy Terrain
|-heal|p1b: Garchomp|57/100|[from] Grassy Terrain
|-heal|p1a: Amoonguss|43/100|[from] Grassy Terrain
|upkeep
|turn|6
|
|t:|1756332501
|move|p1b: Garchomp|Protect|p1b: Garchomp
|-singleturn|p1b: Garchomp|Protect
|move|p2a: Primarina|Protect|p2a: Primarina
|-singleturn|p2a: Primarina|Protect
|move|p2b: Dragapult|Phantom Force||[still]
|-prepare|p2b: Dragapult|Phantom Force
|move|p1a: Amoonguss|Spore|p2a: Primarina
|-activate|p2a: Primarina|move: Protect
|
|-heal|p1b: Garchomp|63/100|[from] Grassy Terrain
|-heal|p1a: Amoonguss|49/100|[from] Grassy Terrain
|upkeep
|turn|7
|
|t:|1756332524
|move|p2b: Dragapult|Phantom Force|p1a: Amoonguss|[from] lockedmove
|-damage|p1a: Amoonguss|0 fnt
|faint|p1a: Amoonguss
|move|p1b: Garchomp|Dragon Claw|p2b: Dragapult
|-damage|p2b: Dragapult|0 fnt
|faint|p2b: Dragapult
|-damage|p1b: Garchomp|53/100|[from] item: Life Orb
|move|p2a: Primarina|Moonblast|p1b: Garchomp
|-supereffective|p1b: Garchomp
|-damage|p1b: Garchomp|0 fnt
|faint|p1b: Garchomp
|
|-fieldend|move: Grassy Terrain
|upkeep
|
|t:|1756332537
|switch|p2b: Sneasler|Sneasler, L50, M|100/100
|switch|p1a: Sneasler|Sneasler, L50, F|100/100
|turn|8
|
|t:|1756332547
|move|p1a: Sneasler|Protect|p1a: Sneasler
|-singleturn|p1a: Sneasler|Protect
|move|p2b: Sneasler|Fake Out|p1a: Sneasler
|-activate|p1a: Sneasler|move: Protect
|move|p2a: Primarina|Hyper Voice|p1a: Sneasler
|-activate|p1a: Sneasler|move: Protect
|
|upkeep
|turn|9
|
|t:|1756332557
|move|p2a: Primarina|Protect|p2a: Primarina
|-singleturn|p2a: Primarina|Protect
|move|p1a: Sneasler|Dire Claw|p2b: Sneasler
|-resisted|p2b: Sneasler
|-damage|p2b: Sneasler|62/100
|-status|p2b: Sneasler|par
|move|p2b: Sneasler|Close Combat|p1a: Sneasler
|-resisted|p1a: Sneasler
|-damage|p1a: Sneasler|49/100
|-unboost|p2b: Sneasler|def|1
|-unboost|p2b: Sneasler|spd|1
|
|upkeep
|turn|10
|
|t:|1756332575
|-terastallize|p1a: Sneasler|Stellar
|move|p1a: Sneasler|Dire Claw|p2a: Primarina
|-supereffective|p2a: Primarina
|-damage|p2a: Primarina|0 fnt
|faint|p2a: Primarina
|move|p2b: Sneasler|Close Combat|p1a: Sneasler
|-resisted|p1a: Sneasler
|-damage|p1a: Sneasler|0 fnt
|-unboost|p2b: Sneasler|def|1
|-unboost|p2b: Sneasler|spd|1
|faint|p1a: Sneasler
|
|win|dfdfdfgdfdt
||dfdfdfgdfdt is ready for game 2.
||Mkellyvgc is ready for game 2.
|uhtml|next|Next: Game 2 of 3
|l|☆Mkellyvgc
|player|p1|
