|j|☆SimonStork
|j|☆abcmaster11
|html|SimonStorkabcmaster11    
|uhtml|bestof|Game 1 of a best-of-3
|t:|1783429899
|gametype|doubles
|player|p1|SimonStork|1|1020
|player|p2|abcmaster11|2|1128
|gen|9
|tier|[Gen 9 Champions] VGC 2026 Reg M-B (Bo3)
|rated|
|rule|Species Clause: Limit one of each Pokémon
|rule|Item Clause: Limit 1 of each item
|clearpoke
|poke|p1|Staraptor, L50, M|
|poke|p1|Grimmsnarl, L50, M|
|poke|p1|Pelipper, L50, M|
|poke|p1|Sinistcha, L50|
|poke|p1|Milotic, L50, M|
|poke|p1|Swampert, L50, M|
|poke|p2|Grimmsnarl, L50, M|
|poke|p2|Swampert, L50, M|
|poke|p2|Pelipper, L50, F|
|poke|p2|Archaludon, L50, M|
|poke|p2|Sinistcha, L50|
|poke|p2|Gholdengo, L50|
|teampreview|4
|showteam|p1|Staraptor||Staraptite|Intimidate|DualWingbeat,CloseCombat,FinalGambit,Protect|Jolly||M|||50|]Grimmsnarl||LightClay|Prankster|LightScreen,Reflect,PartingShot,SpiritBreak|Impish||M|||50|]Pelipper||DampRock|Drizzle|Hurricane,Protect,WeatherBall,ChillingWater|Modest||M|||50|]Sinistcha||ColburBerry|Hospitality|RagePowder,Protect,LifeDew,MatchaGotcha|Calm|||||50|]Milotic||Leftovers|Competitive|Coil,Hypnosis,MuddyWater,Protect|Bold||M|||50|]Swampert||Swampertite|Torrent|WaveCrash,Earthquake,Protect,Substitute|Jolly||M|||50|
|showteam|p2|Grimmsnarl||LightClay|Prankster|PartingShot,Reflect,LightScreen,SpiritBreak|Careful||M|||50|]Swampert||Swampertite|Torrent|Protect,WaveCrash,Earthquake,IcePunch|Adamant||M|||50|]Pelipper||FocusSash|Drizzle|HelpingHand,Tailwind,Hurricane,Protect|Modest||F|||50|]Archaludon||Leftovers|Stamina|Protect,ElectroShot,DragonPulse,FlashCannon|Modest||M|||50|]Sinistcha||SitrusBerry|Hospitality|Protect,MatchaGotcha,LifeDew,RagePowder|Modest|||||50|]Gholdengo||ChoiceScarf|GoodasGold|MakeItRain,ShadowBall,PowerGem,DazzlingGleam|Timid|||||50|
|inactive|Battle timer is ON: inactive players will automatically lose when time's up. (requested by SimonStork)
|
|t:|1783429952
|teamsize|p1|4
|teamsize|p2|4
|start
|switch|p1a: Swampert|Swampert, L50, M|100/100
|switch|p1b: Milotic|Milotic, L50, M|100/100
|switch|p2a: Archaludon|Archaludon, L50, M|100/100
|switch|p2b: Gholdengo|Gholdengo, L50|100/100
|turn|1
|inactive|abcmaster11 has 30 seconds left.
|inactive|SimonStork has 30 seconds left.
|inactive|abcmaster11 has 20 seconds left.
|inactive|abcmaster11 has 15 seconds left.
|
|t:|1783429993
|switch|p2b: Pelipper|Pelipper, L50, F|100/100
|-weather|RainDance|[from] ability: Drizzle|[of] p2b: Pelipper
|detailschange|p1a: Swampert|Swampert-Mega, L50, M
|-mega|p1a: Swampert|Swampert|Swampertite
|move|p1a: Swampert|Earthquake|p2a: Archaludon|[spread] p1b,p2a
|-immune|p2b: Pelipper
|-supereffective|p2a: Archaludon|1
|-damage|p1b: Milotic|67/100
|-damage|p2a: Archaludon|33/100
|-ability|p2a: Archaludon|Stamina|boost
|-boost|p2a: Archaludon|def|1
|move|p2a: Archaludon|Electro Shot||[still]
|-prepare|p2a: Archaludon|Electro Shot
|-boost|p2a: Archaludon|spa|1
|-anim|p2a: Archaludon|Electro Shot|p1b: Milotic
|-supereffective|p1b: Milotic|1
|-damage|p1b: Milotic|0 fnt
|faint|p1b: Milotic
|
|-weather|RainDance|[upkeep]
|-heal|p2a: Archaludon|39/100|[from] item: Leftovers
|upkeep
|
|t:|1783430011
|switch|p1b: Staraptor|Staraptor, L50, M|100/100
|-ability|p1b: Staraptor|Intimidate|boost
|-unboost|p2a: Archaludon|atk|1
|-unboost|p2b: Pelipper|atk|1
|turn|2
|
|t:|1783430025
|move|p2a: Archaludon|Protect|p2a: Archaludon
|-singleturn|p2a: Archaludon|Protect
|move|p1a: Swampert|Substitute|p1a: Swampert
|-start|p1a: Swampert|Substitute
|-damage|p1a: Swampert|75/100
|move|p1b: Staraptor|Final Gambit|p2a: Archaludon
|-activate|p2a: Archaludon|move: Protect
|move|p2b: Pelipper|Tailwind|p2b: Pelipper
|-sidestart|p2: abcmaster11|move: Tailwind
|
|-weather|RainDance|[upkeep]
|-heal|p2a: Archaludon|45/100|[from] item: Leftovers
|upkeep
|turn|3
|
|t:|1783430044
|move|p1a: Swampert|Wave Crash|p2b: Pelipper
|-resisted|p2b: Pelipper|1
|-damage|p2b: Pelipper|29/100
|-damage|p1a: Swampert|57/100|[from] Recoil
|move|p2b: Pelipper|Hurricane|p1a: Swampert
|-end|p1a: Swampert|Substitute
|move|p2a: Archaludon|Electro Shot||[still]
|-prepare|p2a: Archaludon|Electro Shot
|-boost|p2a: Archaludon|spa|1
|-anim|p2a: Archaludon|Electro Shot|p1b: Staraptor
|-supereffective|p1b: Staraptor|1
|-damage|p1b: Staraptor|0 fnt
|faint|p1b: Staraptor
|
|-weather|RainDance|[upkeep]
|-heal|p2a: Archaludon|52/100|[from] item: Leftovers
|upkeep
|
|t:|1783430059
|switch|p1b: Sinistcha|Sinistcha, L50|100/100
|-heal|p1a: Swampert|81/100|[from] ability: Hospitality|[of] p1b: Sinistcha
|turn|4
|
|t:|1783430070
|move|p1b: Sinistcha|Protect|p1b: Sinistcha
|-singleturn|p1b: Sinistcha|Protect
|move|p1a: Swampert|Wave Crash|p2b: Pelipper
|-resisted|p2b: Pelipper|1
|-damage|p2b: Pelipper|0 fnt
|faint|p2b: Pelipper
|-damage|p1a: Swampert|74/100|[from] Recoil
|move|p2a: Archaludon|Dragon Pulse|p1b: Sinistcha
|-activate|p1b: Sinistcha|move: Protect
|
|-weather|RainDance|[upkeep]
|-heal|p2a: Archaludon|58/100|[from] item: Leftovers
|upkeep
|
|t:|1783430077
|switch|p2b: Swampert|Swampert, L50, M|100/100
|turn|5
|
|t:|1783430086
|detailschange|p2b: Swampert|Swampert-Mega, L50, M
|-mega|p2b: Swampert|Swampert|Swampertite
|move|p2b: Swampert|Ice Punch|p1b: Sinistcha
|-supereffective|p1b: Sinistcha|1
|-damage|p1b: Sinistcha|35/100
|move|p1a: Swampert|Earthquake|p2b: Swampert|[spread] p1b,p2a,p2b
|-resisted|p1b: Sinistcha|1
|-supereffective|p2a: Archaludon|1
|-damage|p1b: Sinistcha|15/100
|-damage|p2a: Archaludon|13/100
|-damage|p2b: Swampert|62/100
|-ability|p2a: Archaludon|Stamina|boost
|-boost|p2a: Archaludon|def|1
|move|p2a: Archaludon|Dragon Pulse|p1b: Sinistcha
|-damage|p1b: Sinistcha|0 fnt
|faint|p1b: Sinistcha
|
|-weather|none
|-heal|p2a: Archaludon|19/100|[from] item: Leftovers
|-sideend|p2: abcmaster11|move: Tailwind
|upkeep
|turn|6
|
|t:|1783430106
|move|p1a: Swampert|Earthquake|p2b: Swampert|[spread] p2a,p2b
|-supereffective|p2a: Archaludon|1
|-damage|p2a: Archaludon|0 fnt
|-damage|p2b: Swampert|29/100
|faint|p2a: Archaludon
|move|p2b: Swampert|Wave Crash|p1a: Swampert
|-damage|p1a: Swampert|5/100
|-damage|p2b: Swampert|8/100|[from] Recoil
|
|upkeep
|
|t:|1783430112
|switch|p2a: Gholdengo|Gholdengo, L50|100/100
|turn|7
|
|t:|1783430115
|move|p2a: Gholdengo|Shadow Ball|p1a: Swampert
|-damage|p1a: Swampert|0 fnt
|faint|p1a: Swampert
|
|win|abcmaster11
||SimonStork is ready for game 2.
||abcmaster11 is ready for game 2.
|uhtml|next|Next: Game 2 of 3
