|j|☆ronzthebonz
|j|☆failandimprove5
|html|ronzthebonzfailandimprove5    
|uhtml|bestof|Game 1 of a best-of-3
|t:|1782654845
|gametype|doubles
|player|p1|ronzthebonz|169|1286
|player|p2|failandimprove5|101|1414
|gen|9
|tier|[Gen 9 Champions] VGC 2026 Reg M-B (Bo3)
|rated|
|rule|Species Clause: Limit one of each Pokémon
|rule|Item Clause: Limit 1 of each item
|clearpoke
|poke|p1|Sylveon, L50, M|
|poke|p1|Incineroar, L50, M|
|poke|p1|Charizard, L50, M|
|poke|p1|Garchomp, L50, F|
|poke|p1|Aerodactyl, L50, F|
|poke|p1|Farigiraf, L50, F|
|poke|p2|Charizard, L50, F|
|poke|p2|Floette-Eternal, L50, F|
|poke|p2|Whimsicott, L50, M|
|poke|p2|Basculegion, L50, M|
|poke|p2|Incineroar, L50, F|
|poke|p2|Garchomp, L50, M|
|teampreview|4
|showteam|p1|Sylveon||FairyFeather|Pixilate|HyperVoice,QuickAttack,Yawn,Protect|Modest||M|||50|]Incineroar||Charcoal|Intimidate|FakeOut,FlareBlitz,ThroatChop,PartingShot|Brave||M|||50|]Charizard||CharizarditeY|Blaze|HeatWave,WeatherBall,SolarBeam,Protect|Modest||M|||50|]Garchomp||RoseliBerry|RoughSkin|Earthquake,RockTomb,DragonClaw,Protect|Adamant||F|||50|]Aerodactyl||Aerodactylite|RockHead|RockSlide,DualWingbeat,WideGuard,Tailwind|Jolly||F|||50|]Farigiraf||SitrusBerry|ArmorTail|TrickRoom,HelpingHand,TwinBeam,Thunderbolt|Bold||F|||50|
|showteam|p2|Charizard||CharizarditeY|Blaze|HeatWave,WeatherBall,SolarBeam,Protect|Modest||F|||50|]Floette-Eternal||Floettite|FlowerVeil|Moonblast,DazzlingGleam,LightofRuin,Protect|Timid||F|||50|]Whimsicott||FocusSash|Prankster|Moonblast,Tailwind,Encore,Protect|Timid||M|||50|]Basculegion||MysticWater|Adaptability|WaveCrash,LastRespects,AquaJet,Protect|Adamant||M|||50|]Incineroar||SitrusBerry|Intimidate|FlareBlitz,ThroatChop,PartingShot,FakeOut|Careful||F|||50|]Garchomp||LifeOrb|RoughSkin|Earthquake,RockSlide,DragonClaw,Protect|Jolly||M|||50|
|inactive|Battle timer is ON: inactive players will automatically lose when time's up. (requested by ronzthebonz)
|inactive|failandimprove5 has 60 seconds left.
|
|t:|1782654909
|teamsize|p1|4
|teamsize|p2|4
|start
|switch|p1a: Sylveon|Sylveon, L50, M|100/100
|switch|p1b: Incineroar|Incineroar, L50, M|100/100
|switch|p2a: Floette|Floette-Eternal, L50, F|100/100
|switch|p2b: Whimsicott|Whimsicott, L50, M|100/100
|-ability|p1b: Incineroar|Intimidate|boost
|-unboost|p2a: Floette|atk|1
|-block|p2b: Whimsicott|ability: Flower Veil|[of] p2a: Floette
|turn|1
|
|t:|1782654929
|switch|p2b: Incineroar|Incineroar, L50, F|100/100
|-ability|p2b: Incineroar|Intimidate|boost
|-unboost|p1a: Sylveon|atk|1
|-unboost|p1b: Incineroar|atk|1
|move|p2a: Floette|Protect|p2a: Floette
|-singleturn|p2a: Floette|Protect
|move|p1b: Incineroar|Fake Out|p2a: Floette
|-activate|p2a: Floette|move: Protect
|move|p1a: Sylveon|Hyper Voice|p2b: Incineroar|[spread] p2b
|-activate|p2a: Floette|move: Protect
|-damage|p2b: Incineroar|65/100
|
|upkeep
|turn|2
|inactive|failandimprove5 has 30 seconds left.
|
|t:|1782654962
|detailschange|p2a: Floette|Floette-Mega, L50, F
|-mega|p2a: Floette|Floette|Floettite
|-ability|p2a: Floette|Fairy Aura
|move|p2a: Floette|Dazzling Gleam|p1a: Sylveon|[spread] p1a,p1b
|-crit|p1b: Incineroar
|-damage|p1a: Sylveon|68/100
|-damage|p1b: Incineroar|36/100
|move|p2b: Incineroar|Flare Blitz|p1a: Sylveon
|-damage|p1a: Sylveon|16/100
|-status|p1a: Sylveon|brn
|-damage|p2b: Incineroar|48/100|[from] Recoil
|-enditem|p2b: Incineroar|Sitrus Berry|[eat]
|-heal|p2b: Incineroar|73/100|[from] item: Sitrus Berry
|move|p1a: Sylveon|Yawn|p2a: Floette
|-start|p2a: Floette|move: Yawn|[of] p1a: Sylveon
|move|p1b: Incineroar|Parting Shot|p2a: Floette
|-unboost|p2a: Floette|atk|1
|-unboost|p2a: Floette|spa|1
|
|t:|1782654984
|switch|p1b: Garchomp|Garchomp, L50, F|100/100|[from] Parting Shot
|
|-damage|p1a: Sylveon|10/100 brn|[from] brn
|upkeep
|turn|3
|
|t:|1782654994
|switch|p2a: Whimsicott|Whimsicott, L50, M|100/100
|switch|p1a: Charizard|Charizard, L50, M|100/100
|move|p1b: Garchomp|Earthquake|p2a: Whimsicott|[spread] p2a,p2b
|-immune|p1a: Charizard
|-resisted|p2a: Whimsicott|1
|-supereffective|p2b: Incineroar|1
|-damage|p2a: Whimsicott|66/100
|-damage|p2b: Incineroar|0 fnt
|faint|p2b: Incineroar
|
|upkeep
|
|t:|1782655005
|switch|p2b: Basculegion|Basculegion, L50, M|100/100
|turn|4
|inactive|ronzthebonz has 30 seconds left.
|
|t:|1782655031
|switch|p1b: Incineroar|Incineroar, L50, M|36/100
|-ability|p1b: Incineroar|Intimidate|boost
|-unboost|p2a: Whimsicott|atk|1
|-unboost|p2b: Basculegion|atk|1
|detailschange|p1a: Charizard|Charizard-Mega-Y, L50, M
|-mega|p1a: Charizard|Charizard|Charizardite Y
|-weather|SunnyDay|[from] ability: Drought|[of] p1a: Charizard
|move|p2b: Basculegion|Protect|p2b: Basculegion
|-singleturn|p2b: Basculegion|Protect
|move|p2a: Whimsicott|Tailwind|p2a: Whimsicott
|-sidestart|p2: failandimprove5|move: Tailwind
|move|p1a: Charizard|Solar Beam||[still]
|-prepare|p1a: Charizard|Solar Beam
|-anim|p1a: Charizard|Solar Beam|p2b: Basculegion
|-activate|p2b: Basculegion|move: Protect
|
|-weather|SunnyDay|[upkeep]
|upkeep
|turn|5
|inactive|ronzthebonz has 30 seconds left.
|inactive|failandimprove5 has 30 seconds left.
|inactive|ronzthebonz has 20 seconds left.
|inactive|failandimprove5 has 20 seconds left.
|inactive|failandimprove5 has 15 seconds left.
|
|t:|1782655072
|switch|p2b: Floette|Floette-Mega, L50, F|100/100
|-ability|p2b: Floette|Fairy Aura
|move|p2a: Whimsicott|Moonblast|p1b: Incineroar
|-damage|p1b: Incineroar|0 fnt
|faint|p1b: Incineroar
|move|p1a: Charizard|Solar Beam||[still]
|-prepare|p1a: Charizard|Solar Beam
|-anim|p1a: Charizard|Solar Beam|p2b: Floette
|-damage|p2b: Floette|58/100
|
|-weather|SunnyDay|[upkeep]
|upkeep
|
|t:|1782655085
|switch|p1b: Sylveon|Sylveon, L50, M|10/100 brn
|turn|6
|
|t:|1782655098
|move|p2a: Whimsicott|Encore|p1a: Charizard
|-start|p1a: Charizard|Encore
|move|p2b: Floette|Dazzling Gleam|p1a: Charizard|[spread] p1a,p1b
|-resisted|p1a: Charizard|1
|-damage|p1a: Charizard|77/100
|-damage|p1b: Sylveon|0 fnt
|faint|p1b: Sylveon
|move|p1a: Charizard|Solar Beam||[still]
|-prepare|p1a: Charizard|Solar Beam
|-anim|p1a: Charizard|Solar Beam|p2a: Whimsicott
|-resisted|p2a: Whimsicott|1
|-damage|p2a: Whimsicott|29/100
|
|-weather|SunnyDay|[upkeep]
|upkeep
|
|t:|1782655104
|switch|p1b: Garchomp|Garchomp, L50, F|100/100
|turn|7
|
|t:|1782655117
|move|p2a: Whimsicott|Protect|p2a: Whimsicott
|-singleturn|p2a: Whimsicott|Protect
|move|p2b: Floette|Protect|p2b: Floette
|-singleturn|p2b: Floette|Protect
|move|p1b: Garchomp|Earthquake|p2b: Floette|[spread] 
|-activate|p2a: Whimsicott|move: Protect
|-activate|p2b: Floette|move: Protect
|-immune|p1a: Charizard
|move|p1a: Charizard|Solar Beam||[still]
|-prepare|p1a: Charizard|Solar Beam
|-anim|p1a: Charizard|Solar Beam|p2b: Floette
|-activate|p2b: Floette|move: Protect
|
|-weather|SunnyDay|[upkeep]
|-sideend|p2: failandimprove5|move: Tailwind
|upkeep
|turn|8
|
|t:|1782655129
|move|p2a: Whimsicott|Moonblast|p1b: Garchomp
|-supereffective|p1b: Garchomp|1
|-enditem|p1b: Garchomp|Roseli Berry|[eat]
|-enditem|p1b: Garchomp|Roseli Berry|[weaken]
|-damage|p1b: Garchomp|46/100
|move|p2b: Floette|Dazzling Gleam|p1a: Charizard|[spread] p1a,p1b
|-resisted|p1a: Charizard|1
|-supereffective|p1b: Garchomp|1
|-damage|p1a: Charizard|56/100
|-damage|p1b: Garchomp|0 fnt
|faint|p1b: Garchomp
|move|p1a: Charizard|Solar Beam||[still]
|-prepare|p1a: Charizard|Solar Beam
|-anim|p1a: Charizard|Solar Beam|p2b: Floette
|-damage|p2b: Floette|17/100
|
|-weather|none
|-end|p1a: Charizard|Encore
|upkeep
|turn|9
|
|t:|1782655140
|move|p2a: Whimsicott|Encore|p1a: Charizard
|-start|p1a: Charizard|Encore
|move|p2b: Floette|Moonblast|p1a: Charizard
|-resisted|p1a: Charizard|1
|-damage|p1a: Charizard|19/100
|move|p1a: Charizard|Solar Beam||[still]
|-prepare|p1a: Charizard|Solar Beam
|
|upkeep
|turn|10
|
|t:|1782655145
|move|p2a: Whimsicott|Moonblast|p1a: Charizard
|-resisted|p1a: Charizard|1
|-damage|p1a: Charizard|0 fnt
|faint|p1a: Charizard
|
|win|failandimprove5
