|j|☆new mental
|j|☆NemoAK
|html|new mentalNemoAK    
|uhtml|bestof|Game 1 of a best-of-3
|t:|1784373107
|gametype|doubles
|player|p1|new mental|volkner|1219
|player|p2|NemoAK|102|1232
|gen|9
|tier|[Gen 9 Champions] VGC 2026 Reg M-B (Bo3)
|rated|
|rule|Species Clause: Limit one of each Pokémon
|rule|Item Clause: Limit 1 of each item
|clearpoke
|poke|p1|Charizard, L50, F|
|poke|p1|Kingambit, L50, F|
|poke|p1|Sylveon, L50, F|
|poke|p1|Garchomp, L50, F|
|poke|p1|Aerodactyl, L50, F|
|poke|p1|Farigiraf, L50, M|
|poke|p2|Charizard, L50, M|
|poke|p2|Whimsicott, L50, M|
|poke|p2|Basculegion, L50, M|
|poke|p2|Farigiraf, L50, M|
|poke|p2|Garchomp, L50, M|
|poke|p2|Kingambit, L50, M|
|teampreview|4
|showteam|p1|Charizard||CharizarditeY|SolarPower|Protect,HeatWave,SolarBeam,WeatherBall|Modest||F|||50|]Kingambit||FocusSash|Defiant|IronHead,SuckerPunch,KowtowCleave,LowKick|Adamant||F|||50|]Sylveon||FairyFeather|Pixilate|Detect,HyperVoice,HyperBeam,QuickAttack|Modest||F|||50|]Garchomp||LifeOrb|RoughSkin|Protect,DragonClaw,Earthquake,RockSlide|Jolly||F|||50|]Aerodactyl||Aerodactylite|Unnerve|IceFang,RockSlide,Tailwind,DualWingbeat|Jolly||F|||50|]Farigiraf||SitrusBerry|ArmorTail|TrickRoom,Psychic,Thunderbolt,Roar|Bold||M|||50|
|showteam|p2|Charizard||CharizarditeY|Blaze|HeatWave,WeatherBall,SolarBeam,Protect|Modest||M|||50|]Whimsicott||MentalHerb|Prankster|Moonblast,Tailwind,Protect,Encore|Timid||M|||50|]Basculegion||ChoiceScarf|Adaptability|LastRespects,WaveCrash,AquaJet,FlipTurn|Adamant||M|||50|]Farigiraf||SitrusBerry|ArmorTail|Psychic,HyperVoice,TrickRoom,HelpingHand|Quiet||M|||50|]Garchomp||LifeOrb|RoughSkin|Earthquake,RockSlide,ScaleShot,Protect|Jolly||M|||50|]Kingambit||FocusSash|Defiant|LowKick,SuckerPunch,IronHead,KowtowCleave|Brave||M|||50|
|inactive|Battle timer is ON: inactive players will automatically lose when time's up. (requested by new mental)
|
|t:|1784373147
|teamsize|p1|4
|teamsize|p2|4
|start
|switch|p1a: Kingambit|Kingambit, L50, F|100/100
|switch|p1b: Farigiraf|Farigiraf, L50, M|100/100
|switch|p2a: Fluffy|Whimsicott, L50, M|100/100
|switch|p2b: Checkmate|Kingambit, L50, M|100/100
|turn|1
|
|t:|1784373159
|move|p2a: Fluffy|Moonblast|p1a: Kingambit
|-damage|p1a: Kingambit|71/100
|move|p1a: Kingambit|Low Kick|p2b: Checkmate
|-supereffective|p2b: Checkmate|2
|-enditem|p2b: Checkmate|Focus Sash
|-damage|p2b: Checkmate|1/100
|move|p2b: Checkmate|Low Kick|p1a: Kingambit
|-supereffective|p1a: Kingambit|2
|-damage|p1a: Kingambit|0 fnt
|faint|p1a: Kingambit
|move|p1b: Farigiraf|Trick Room|p1b: Farigiraf
|-fieldstart|move: Trick Room|[of] p1b: Farigiraf
|
|upkeep
|
|t:|1784373166
|switch|p1a: Sylveon|Sylveon, L50, F|100/100
|turn|2
|
|t:|1784373182
|move|p1a: Sylveon|Detect|p1a: Sylveon
|-singleturn|p1a: Sylveon|Protect
|move|p2b: Checkmate|Iron Head|p1a: Sylveon
|-activate|p1a: Sylveon|move: Protect
|move|p1b: Farigiraf|Thunderbolt|p2b: Checkmate
|-damage|p2b: Checkmate|0 fnt
|faint|p2b: Checkmate
|move|p2a: Fluffy|Moonblast|p1b: Farigiraf
|-damage|p1b: Farigiraf|75/100
|
|upkeep
|
|t:|1784373184
|switch|p2b: Dracarys|Charizard, L50, M|100/100
|turn|3
|
|t:|1784373192
|detailschange|p2b: Dracarys|Charizard-Mega-Y, L50, M
|-mega|p2b: Dracarys|Charizard|Charizardite Y
|-weather|SunnyDay|[from] ability: Drought|[of] p2b: Dracarys
|move|p1b: Farigiraf|Thunderbolt|p2b: Dracarys
|-supereffective|p2b: Dracarys|1
|-damage|p2b: Dracarys|53/100
|move|p1a: Sylveon|Hyper Voice|p2a: Fluffy|[spread] p2a,p2b
|-resisted|p2b: Dracarys|1
|-damage|p2a: Fluffy|34/100
|-damage|p2b: Dracarys|32/100
|move|p2b: Dracarys|Heat Wave|p1b: Farigiraf|[spread] p1a,p1b
|-damage|p1a: Sylveon|53/100
|-damage|p1b: Farigiraf|20/100y
|-enditem|p1b: Farigiraf|Sitrus Berry|[eat]
|-heal|p1b: Farigiraf|45/100|[from] item: Sitrus Berry
|move|p2a: Fluffy|Moonblast|p1a: Sylveon
|-damage|p1a: Sylveon|29/100
|
|-weather|SunnyDay|[upkeep]
|upkeep
|turn|4
|
|t:|1784373207
|move|p2a: Fluffy|Protect|p2a: Fluffy
|-singleturn|p2a: Fluffy|Protect
|move|p2b: Dracarys|Protect|p2b: Dracarys
|-singleturn|p2b: Dracarys|Protect
|move|p1b: Farigiraf|Thunderbolt|p2b: Dracarys
|-activate|p2b: Dracarys|move: Protect
|move|p1a: Sylveon|Hyper Voice|p2b: Dracarys|[spread] 
|-activate|p2a: Fluffy|move: Protect
|-activate|p2b: Dracarys|move: Protect
|
|-weather|SunnyDay|[upkeep]
|upkeep
|turn|5
|
|t:|1784373218
|switch|p2b: Toothless|Garchomp, L50, M|100/100
|move|p2a: Fluffy|Tailwind|p2a: Fluffy
|-sidestart|p2: NemoAK|move: Tailwind
|move|p1b: Farigiraf|Thunderbolt|p2b: Toothless
|-immune|p2b: Toothless
|move|p1a: Sylveon|Hyper Voice|p2a: Fluffy|[spread] p2a,p2b
|-supereffective|p2b: Toothless|1
|-damage|p2a: Fluffy|0 fnt
|-damage|p2b: Toothless|1/100
|faint|p2a: Fluffy
|
|-weather|SunnyDay|[upkeep]
|-fieldend|move: Trick Room
|upkeep
|
|t:|1784373220
|switch|p2a: Dracarys|Charizard-Mega-Y, L50, M|32/100
|turn|6
|
|t:|1784373233
|move|p2b: Toothless|Protect|p2b: Toothless
|-singleturn|p2b: Toothless|Protect
|move|p1a: Sylveon|Quick Attack|p2b: Toothless
|-activate|p2b: Toothless|move: Protect
|move|p2a: Dracarys|Heat Wave|p1b: Farigiraf|[spread] p1a,p1b
|-damage|p1a: Sylveon|0 fnt
|-damage|p1b: Farigiraf|0 fnt
|faint|p1a: Sylveon
|faint|p1b: Farigiraf
|
|-weather|SunnyDay|[upkeep]
|upkeep
|
|t:|1784373239
|switch|p1b: Charizard|Charizard, L50, F|100/100
|turn|7
|
|t:|1784373245
|detailschange|p1b: Charizard|Charizard-Mega-Y, L50, F
|-mega|p1b: Charizard|Charizard|Charizardite Y
|move|p2b: Toothless|Rock Slide|p1b: Charizard
|-supereffective|p1b: Charizard|2
|-damage|p1b: Charizard|0 fnt
|faint|p1b: Charizard
|-damage|p2b: Toothless|0 fnt|[from] item: Life Orb
|faint|p2b: Toothless
|
|win|NemoAK
