|j|☆noexperiencesorry
|j|☆luizhsouza3
|html|noexperiencesorryluizhsouza3    
|uhtml|bestof|Game 3 of a best-of-3
|t:|1757848552
|gametype|doubles
|player|p1|noexperiencesorry|266|1122
|player|p2|luizhsouza3|striker|1193
|gen|9
|tier|[Gen 9] VGC 2025 Reg H (Bo3)
|rated|
|rule|Species Clause: Limit one of each Pokémon
|rule|Item Clause: Limit 1 of each item
|clearpoke
|poke|p1|Magmar, L50, M|
|poke|p1|Salamence, L50, F|
|poke|p1|Primarina, L50, F|
|poke|p1|Rillaboom, L50, M|
|poke|p1|Sneasler, L50, M|
|poke|p1|Kingambit, L50, M|
|poke|p2|Typhlosion-Hisui, L50, F|
|poke|p2|Torkoal, L50, F|
|poke|p2|Whimsicott, L50, F|
|poke|p2|Lilligant-Hisui, L50, F|
|poke|p2|Garchomp, L50, M|
|poke|p2|Indeedee-F, L50, F|
|teampreview|4
|showteam|p1|Magmar||Eviolite|VitalSpirit|WillOWisp,Overheat,FollowMe,Protect|||M|||50|,,,,,Ghost]Salamence||ChoiceSpecs|Intimidate|DragonPulse,DracoMeteor,HeatWave,AirSlash|||F|||50|,,,,,Fire]Primarina||SitrusBerry|LiquidVoice|Moonblast,HyperVoice,Haze,Protect|||F|||50|,,,,,Poison]Rillaboom||AssaultVest|GrassySurge|WoodHammer,Uturn,GrassyGlide,FakeOut|||M|||50|,,,,,Fire]Sneasler||FocusSash|Unburden|CloseCombat,Protect,FakeOut,DireClaw|||M|||50|,,,,,Stellar]Kingambit||BlackGlasses|Defiant|KowtowCleave,SwordsDance,SuckerPunch,Protect|||M|||50|,,,,,Dark
|showteam|p2|Typhlosion-Hisui||ChoiceScarf|Blaze|Eruption,ShadowBall,Flamethrower,SolarBeam|||F|||50|,,,,,Fire]Torkoal||HeatRock|Drought|HeatWave,BodyPress,HelpingHand,WillOWisp|||F|||50|,,,,,Fighting]Whimsicott||CovertCloak|Prankster|Tailwind,Moonblast,Taunt,FakeTears|||F|||50|,,,,,Grass]Lilligant-Hisui||FocusSash|Chlorophyll|SolarBlade,CloseCombat,SleepPowder,TripleAxel|||F|||50|,,,,,Ice]Garchomp||LoadedDice|RoughSkin|ScaleShot,StompingTantrum,Earthquake,SwordsDance|||M|||50|,,,,,Steel]Indeedee-F||PsychicSeed|PsychicSurge|Psychic,FollowMe,HealPulse,Protect|||F|||50|,,,,,Fairy
|inactive|Battle timer is ON: inactive players will automatically lose when time's up. (requested by luizhsouza3)
|inactive|luizhsouza3 has 60 seconds left.
|
|t:|1757848588
|teamsize|p1|4
|teamsize|p2|4
|start
|switch|p1a: Magmar|Magmar, L50, M|100/100
|switch|p1b: Sneasler|Sneasler, L50, M|100/100
|switch|p2a: Garchomp|Garchomp, L50, M|100/100
|switch|p2b: Whimsicott|Whimsicott, L50, F|100/100
|turn|1
|
|t:|1757848612
|move|p1b: Sneasler|Fake Out|p2a: Garchomp
|-damage|p2a: Garchomp|87/100
|-damage|p1b: Sneasler|88/100|[from] ability: Rough Skin|[of] p2a: Garchomp
|move|p2b: Whimsicott|Tailwind|p2b: Whimsicott
|-sidestart|p2: luizhsouza3|move: Tailwind
|cant|p2a: Garchomp|flinch
|move|p1a: Magmar|Overheat|p2b: Whimsicott|[miss]
|-miss|p1a: Magmar|p2b: Whimsicott
|
|upkeep
|turn|2
|
|t:|1757848633
|switch|p1b: Primarina|Primarina, L50, F|100/100
|switch|p1a: Salamence|Salamence, L50, F|100/100
|-ability|p1a: Salamence|Intimidate|boost
|-unboost|p2a: Garchomp|atk|1
|-unboost|p2b: Whimsicott|atk|1
|move|p2b: Whimsicott|Taunt|p1a: Salamence
|-start|p1a: Salamence|move: Taunt
|move|p2a: Garchomp|Swords Dance|p2a: Garchomp
|-boost|p2a: Garchomp|atk|2
|
|upkeep
|turn|3
|inactive|noexperiencesorry has 30 seconds left.
|
|t:|1757848663
|switch|p2b: Torkoal|Torkoal, L50, F|100/100
|-weather|SunnyDay|[from] ability: Drought|[of] p2b: Torkoal
|switch|p1a: Magmar|Magmar, L50, M|100/100
|move|p2a: Garchomp|Scale Shot|p1a: Magmar
|-damage|p1a: Magmar|85/100
|-damage|p1a: Magmar|69/100
|-damage|p1a: Magmar|53/100
|-damage|p1a: Magmar|36/100
|-damage|p1a: Magmar|20/100
|-hitcount|p1a: Magmar|5
|-unboost|p2a: Garchomp|def|1
|-boost|p2a: Garchomp|spe|1
|move|p1b: Primarina|Moonblast|p2a: Garchomp
|-supereffective|p2a: Garchomp
|-damage|p2a: Garchomp|0 fnt
|faint|p2a: Garchomp
|
|-weather|SunnyDay|[upkeep]
|upkeep
|
|t:|1757848683
|switch|p2a: Lilligant|Lilligant-Hisui, L50, F|100/100
|turn|4
|
|t:|1757848695
|move|p1a: Magmar|Follow Me|p1a: Magmar
|-singleturn|p1a: Magmar|move: Follow Me
|move|p2a: Lilligant|Solar Blade||[still]
|-prepare|p2a: Lilligant|Solar Blade
|-anim|p2a: Lilligant|Solar Blade|p1a: Magmar
|-resisted|p1a: Magmar
|-damage|p1a: Magmar|0 fnt
|faint|p1a: Magmar
|move|p1b: Primarina|Moonblast|p2a: Lilligant
|-supereffective|p2a: Lilligant
|-enditem|p2a: Lilligant|Focus Sash
|-damage|p2a: Lilligant|1/100
|move|p2b: Torkoal|Body Press|p1b: Primarina
|-resisted|p1b: Primarina
|-damage|p1b: Primarina|81/100
|
|-weather|SunnyDay|[upkeep]
|-sideend|p2: luizhsouza3|move: Tailwind
|upkeep
|
|t:|1757848715
|switch|p1a: Sneasler|Sneasler, L50, M|88/100
|turn|5
|
|t:|1757848731
|switch|p2a: Whimsicott|Whimsicott, L50, F|100/100
|move|p1a: Sneasler|Fake Out|p2a: Whimsicott
|-damage|p2a: Whimsicott|89/100
|move|p1b: Primarina|Moonblast|p2a: Whimsicott
|-damage|p2a: Whimsicott|20/100
|move|p2b: Torkoal|Will-O-Wisp|p1a: Sneasler
|-status|p1a: Sneasler|brn
|
|-weather|SunnyDay|[upkeep]
|-damage|p1a: Sneasler|83/100 brn|[from] brn
|upkeep
|turn|6
|
|t:|1757848746
|switch|p1a: Salamence|Salamence, L50, F|100/100
|-ability|p1a: Salamence|Intimidate|boost
|-unboost|p2a: Whimsicott|atk|1
|-unboost|p2b: Torkoal|atk|1
|move|p2a: Whimsicott|Tailwind|p2a: Whimsicott
|-sidestart|p2: luizhsouza3|move: Tailwind
|move|p1b: Primarina|Hyper Voice|p2b: Torkoal|[spread] p2a,p2b
|-resisted|p2a: Whimsicott
|-supereffective|p2b: Torkoal
|-damage|p2a: Whimsicott|9/100
|-damage|p2b: Torkoal|52/100
|move|p2b: Torkoal|Heat Wave|p1a: Salamence|[spread] p1a,p1b
|-resisted|p1a: Salamence
|-resisted|p1b: Primarina
|-crit|p1b: Primarina
|-damage|p1a: Salamence|80/100
|-damage|p1b: Primarina|60/100
|
|-weather|SunnyDay|[upkeep]
|upkeep
|turn|7
|
|t:|1757848769
|-terastallize|p1a: Salamence|Fire
|move|p2a: Whimsicott|Fake Tears|p1a: Salamence
|-unboost|p1a: Salamence|spd|2
|move|p1a: Salamence|Dragon Pulse|p2b: Torkoal
|-damage|p2b: Torkoal|0 fnt
|faint|p2b: Torkoal
|move|p1b: Primarina|Hyper Voice|p2a: Whimsicott
|-resisted|p2a: Whimsicott
|-damage|p2a: Whimsicott|0 fnt
|faint|p2a: Whimsicott
|
|-weather|SunnyDay|[upkeep]
|upkeep
|
|t:|1757848776
|switch|p2b: Lilligant|Lilligant-Hisui, L50, F|1/100
|turn|8
|
|t:|1757848783
|switch|p1a: Sneasler|Sneasler, L50, M|83/100 brn
|move|p1b: Primarina|Protect|p1b: Primarina
|-singleturn|p1b: Primarina|Protect
|move|p2b: Lilligant|Close Combat|p1a: Sneasler
|-resisted|p1a: Sneasler
|-damage|p1a: Sneasler|33/100 brn
|-unboost|p2b: Lilligant|def|1
|-unboost|p2b: Lilligant|spd|1
|
|-weather|SunnyDay|[upkeep]
|-damage|p1a: Sneasler|27/100 brn|[from] brn
|upkeep
|turn|9
|c|☆noexperiencesorry|gg
|
|t:|1757848793
|switch|p1b: Salamence|Salamence, L50, F, tera:Fire|80/100
|-ability|p1b: Salamence|Intimidate|boost
|-unboost|p2b: Lilligant|atk|1
|move|p1a: Sneasler|Fake Out|p2b: Lilligant
|-damage|p2b: Lilligant|0 fnt
|faint|p2b: Lilligant
|
|win|noexperiencesorry
|raw|noexperiencesorry's rating: 1122 → 1152(+30 for winning)
|raw|luizhsouza3's rating: 1193 → 1163(-30 for losing)
|l|☆luizhsouza3
|player|p2|
