|j|☆minasdevilcrobats
|j|☆eddie1192
|html|minasdevilcrobatseddie1192    
|uhtml|bestof|Game 3 of a best-of-3
|t:|1755891471
|gametype|doubles
|player|p1|minasdevilcrobats|darach-caitlin|1158
|player|p2|eddie1192|1|1200
|gen|9
|tier|[Gen 9] VGC 2025 Reg H (Bo3)
|rated|
|rule|Species Clause: Limit one of each Pokémon
|rule|Item Clause: Limit 1 of each item
|clearpoke
|poke|p1|Dragapult, L50, M|
|poke|p1|Electabuzz, L50, F|
|poke|p1|Sneasler, L50, F|
|poke|p1|Primarina, L50, F|
|poke|p1|Gholdengo, L50|
|poke|p1|Whimsicott, L50, M|
|poke|p2|Dachsbun, L50, F|
|poke|p2|Torkoal, L50, M|
|poke|p2|Typhlosion-Hisui, L50, F|
|poke|p2|Kingambit, L50, M|
|poke|p2|Rillaboom, L50, M|
|poke|p2|Zoroark-Hisui, L50, M|
|teampreview|4
|showteam|p1|Dragapult||ChoiceBand|ClearBody|DragonDarts,PhantomForce,Outrage,Uturn|||M|||50|,,,,,Dragon]Electabuzz||Eviolite|VitalSpirit|Electroweb,FollowMe,Taunt,Protect|||F|||50|,,,,,Ghost]Sneasler||FocusSash|Unburden|DireClaw,CloseCombat,FakeOut,Protect|||F|||50|,,,,,Stellar]Primarina||ThroatSpray|LiquidVoice|HyperVoice,Moonblast,Haze,Protect|||F|||50|,,,,,Poison]Gholdengo||LifeOrb|GoodasGold|MakeItRain,ShadowBall,NastyPlot,Protect||||||50|,,,,,Water]Whimsicott||CovertCloak|Prankster|Tailwind,Moonblast,Encore,Uturn|||M|||50|,,,,,Water
|showteam|p2|Dachsbun||Leftovers|WellBakedBody|BodyPress,Snarl,Rest,Yawn|||F|||50|,,,,,Steel]Torkoal||SitrusBerry|Drought|WeatherBall,Eruption,LavaPlume,Protect|||M|||50|,,,,,Dragon]Typhlosion-Hisui||ChoiceScarf|Blaze|Eruption,ShadowBall,LavaPlume,Overheat|||F|||50|,,,,,Dark]Kingambit||BlackGlasses|Defiant|SuckerPunch,Assurance,Protect,SwordsDance|||M|||50|,,,,,Dark]Rillaboom||AssaultVest|GrassySurge|FakeOut,GrassyGlide,WoodHammer,Uturn|||M|||50|,,,,,Water]Zoroark-Hisui||ChoiceSpecs|Illusion|Snarl,BitterMalice,HyperVoice,HyperBeam|||M|||50|,,,,,Normal
|inactive|Battle timer is ON: inactive players will automatically lose when time's up. (requested by minasdevilcrobats)
|
|t:|1755891496
|teamsize|p1|4
|teamsize|p2|4
|start
|switch|p1a: Whimsicott|Whimsicott, L50, M|100/100
|switch|p1b: Primarina|Primarina, L50, F|100/100
|switch|p2a: Typhlosion|Typhlosion-Hisui, L50, F|100/100
|switch|p2b: Rillaboom|Rillaboom, L50, M, shiny|100/100
|-fieldstart|move: Grassy Terrain|[from] ability: Grassy Surge|[of] p2b: Rillaboom
|turn|1
|
|t:|1755891511
|-terastallize|p2a: Typhlosion|Dark
|-terastallize|p1a: Whimsicott|Water
|move|p1b: Primarina|Protect|p1b: Primarina
|-singleturn|p1b: Primarina|Protect
|move|p1a: Whimsicott|Tailwind|p1a: Whimsicott
|-sidestart|p1: minasdevilcrobats|move: Tailwind
|move|p2b: Rillaboom|Grassy Glide|p1b: Primarina
|-activate|p1b: Primarina|move: Protect
|move|p2a: Typhlosion|Eruption|p1a: Whimsicott|[spread] p1a
|-activate|p1b: Primarina|move: Protect
|-resisted|p1a: Whimsicott
|-damage|p1a: Whimsicott|47/100
|
|-heal|p1a: Whimsicott|53/100|[from] Grassy Terrain
|upkeep
|turn|2
|inactive|minasdevilcrobats has 30 seconds left.
|
|t:|1755891541
|move|p2b: Rillaboom|Grassy Glide|p1b: Primarina
|-supereffective|p1b: Primarina
|-damage|p1b: Primarina|13/100
|move|p1a: Whimsicott|Moonblast|p2a: Typhlosion
|-supereffective|p2a: Typhlosion
|-damage|p2a: Typhlosion|19/100
|move|p2a: Typhlosion|Eruption|p1a: Whimsicott|[spread] p1a,p1b
|-resisted|p1a: Whimsicott
|-resisted|p1b: Primarina
|-damage|p1a: Whimsicott|40/100
|-damage|p1b: Primarina|5/100
|move|p1b: Primarina|Moonblast|p2a: Typhlosion
|-supereffective|p2a: Typhlosion
|-damage|p2a: Typhlosion|0 fnt
|faint|p2a: Typhlosion
|
|-heal|p1a: Whimsicott|46/100|[from] Grassy Terrain
|-heal|p1b: Primarina|11/100|[from] Grassy Terrain
|upkeep
|
|t:|1755891560
|switch|p2a: Kingambit|Kingambit, L50, M, shiny|100/100
|turn|3
|
|t:|1755891582
|move|p1b: Primarina|Protect|p1b: Primarina
|-singleturn|p1b: Primarina|Protect
|move|p2b: Rillaboom|Grassy Glide|p1a: Whimsicott
|-supereffective|p1a: Whimsicott
|-damage|p1a: Whimsicott|0 fnt
|faint|p1a: Whimsicott
|move|p2a: Kingambit|Hyper Voice|p1b: Primarina
|-activate|p1b: Primarina|move: Protect
|
|-heal|p1b: Primarina|17/100|[from] Grassy Terrain
|upkeep
|
|t:|1755891597
|switch|p1a: Sneasler|Sneasler, L50, F|100/100
|turn|4
|
|t:|1755891622
|switch|p1b: Gholdengo|Gholdengo, L50|100/100
|move|p2b: Rillaboom|Grassy Glide|p1b: Gholdengo
|-resisted|p1b: Gholdengo
|-damage|p1b: Gholdengo|82/100
|move|p1a: Sneasler|Dire Claw|p2b: Rillaboom
|-supereffective|p2b: Rillaboom
|-damage|p2b: Rillaboom|24/100
|-status|p2b: Rillaboom|slp
|move|p2a: Kingambit|Hyper Voice|p1a: Sneasler|[spread] p1a
|-immune|p1b: Gholdengo
|-damage|p1a: Sneasler|36/100
|
|-heal|p1a: Sneasler|42/100|[from] Grassy Terrain
|-heal|p1b: Gholdengo|88/100|[from] Grassy Terrain
|-heal|p2b: Rillaboom|30/100 slp|[from] Grassy Terrain
|-sideend|p1: minasdevilcrobats|move: Tailwind
|upkeep
|turn|5
|inactive|minasdevilcrobats has 30 seconds left.
|
|t:|1755891651
|move|p1a: Sneasler|Protect|p1a: Sneasler
|-singleturn|p1a: Sneasler|Protect
|cant|p2b: Rillaboom|slp
|move|p2a: Kingambit|Hyper Voice|p1a: Sneasler|[spread] 
|-activate|p1a: Sneasler|move: Protect
|-immune|p1b: Gholdengo
|move|p1b: Gholdengo|Nasty Plot|p1b: Gholdengo
|-boost|p1b: Gholdengo|spa|2
|
|-heal|p1a: Sneasler|48/100|[from] Grassy Terrain
|-heal|p1b: Gholdengo|94/100|[from] Grassy Terrain
|-heal|p2b: Rillaboom|35/100 slp|[from] Grassy Terrain
|-fieldend|move: Grassy Terrain
|upkeep
|turn|6
|
|t:|1755891674
|switch|p1a: Primarina|Primarina, L50, F|17/100
|move|p2a: Kingambit|Hyper Voice|p1b: Gholdengo|[spread] p1a
|-immune|p1b: Gholdengo
|-damage|p1a: Primarina|0 fnt
|faint|p1a: Primarina
|move|p1b: Gholdengo|Make It Rain|p2b: Rillaboom|[spread] p2a,p2b
|-damage|p2a: Kingambit|0 fnt
|-damage|p2b: Rillaboom|0 fnt
|-unboost|p1b: Gholdengo|spa|1
|replace|p2a: Zoroark|Zoroark-Hisui, L50, M, shiny
|-end|p2a: Zoroark|Illusion
|faint|p2a: Zoroark
|faint|p2b: Rillaboom
|-damage|p1b: Gholdengo|84/100|[from] item: Life Orb
|
|upkeep
|
|t:|1755891692
|switch|p2b: Kingambit|Kingambit, L50, M, shiny|100/100
|switch|p1a: Sneasler|Sneasler, L50, F|48/100
|turn|7
|
|t:|1755891704
|move|p2b: Kingambit|Protect|p2b: Kingambit
|-singleturn|p2b: Kingambit|Protect
|move|p1a: Sneasler|Fake Out|p2b: Kingambit
|-activate|p2b: Kingambit|move: Protect
|move|p1b: Gholdengo|Nasty Plot|p1b: Gholdengo
|-boost|p1b: Gholdengo|spa|2
|
|upkeep
|turn|8
|
|t:|1755891712
|move|p2b: Kingambit|Sucker Punch|p1a: Sneasler
|-resisted|p1a: Sneasler
|-damage|p1a: Sneasler|8/100
|move|p1a: Sneasler|Close Combat|p2b: Kingambit
|-supereffective|p2b: Kingambit
|-damage|p2b: Kingambit|0 fnt
|-unboost|p1a: Sneasler|def|1
|-unboost|p1a: Sneasler|spd|1
|faint|p2b: Kingambit
|
|win|minasdevilcrobats
|raw|minasdevilcrobats's rating: 1158 → 1186(+28 for winning)
|raw|eddie1192's rating: 1200 → 1172(-28 for losing)
|l|☆eddie1192
|player|p2|
