|j|☆mysteriousmothman
|j|☆MinasDevilCrobats
|html|mysteriousmothmanMinasDevilCrobats    
|uhtml|bestof|Game 1 of a best-of-3
|t:|1756153974
|gametype|doubles
|player|p1|mysteriousmothman|skier|1179
|player|p2|MinasDevilCrobats|darach-caitlin|1155
|gen|9
|tier|[Gen 9] VGC 2025 Reg H (Bo3)
|rated|
|rule|Species Clause: Limit one of each Pokémon
|rule|Item Clause: Limit 1 of each item
|clearpoke
|poke|p1|Porygon2, L50|
|poke|p1|Hydreigon, L50, M|
|poke|p1|Incineroar, L50, F|
|poke|p1|Garchomp, L50, F|
|poke|p1|Amoonguss, L50, F|
|poke|p1|Gholdengo, L50|
|poke|p2|Dragapult, L50, F|
|poke|p2|Electabuzz, L50, F|
|poke|p2|Sneasler, L50, F|
|poke|p2|Primarina, L50, M|
|poke|p2|Gholdengo, L50|
|poke|p2|Whimsicott, L50, F|
|teampreview|4
|showteam|p1|Porygon2||Eviolite|Download|TeraBlast,IceBeam,TrickRoom,Recover||||||50|,,,,,Fighting]Hydreigon||SafetyGoggles|Levitate|Snarl,DracoMeteor,Tailwind,Protect|||M|||50|,,,,,Ghost]Incineroar||SitrusBerry|Intimidate|FlareBlitz,KnockOff,PartingShot,FakeOut|||F|||50|,,,,,Grass]Garchomp||LoadedDice|RoughSkin|ScaleShot,Earthquake,StompingTantrum,Protect|||F|||50|,,,,,Fire]Amoonguss||CovertCloak|Regenerator|PollenPuff,Spore,RagePowder,Protect|||F|||50|,,,,,Fire]Gholdengo||MetalCoat|GoodasGold|MakeItRain,ShadowBall,NastyPlot,Protect||||||50|,,,,,Flying
|showteam|p2|Dragapult||ChoiceBand|ClearBody|DragonDarts,PhantomForce,Outrage,Uturn|||F|||50|,,,,,Dragon]Electabuzz||Eviolite|VitalSpirit|Electroweb,FollowMe,Taunt,Protect|||F|||50|,,,,,Ghost]Sneasler||FocusSash|Unburden|DireClaw,CloseCombat,FakeOut,Protect|||F|||50|,,,,,Stellar]Primarina||ThroatSpray|LiquidVoice|HyperVoice,Moonblast,Haze,Protect|||M|||50|,,,,,Poison]Gholdengo||LifeOrb|GoodasGold|MakeItRain,ShadowBall,NastyPlot,Protect||||||50|,,,,,Water]Whimsicott||CovertCloak|Prankster|Tailwind,Moonblast,Taunt,FakeTears|||F|||50|,,,,,Water
|
|t:|1756154047
|teamsize|p1|4
|teamsize|p2|4
|start
|switch|p1a: Incineroar|Incineroar, L50, F, shiny|100/100
|switch|p1b: Gholdengo|Gholdengo, L50, shiny|100/100
|switch|p2a: Whimsicott|Whimsicott, L50, F|100/100
|switch|p2b: Dragapult|Dragapult, L50, F|100/100
|-ability|p1a: Incineroar|Intimidate|boost
|-unboost|p2a: Whimsicott|atk|1
|-fail|p2b: Dragapult|unboost|[from] ability: Clear Body|[of] p2b: Dragapult
|turn|1
|
|t:|1756154080
|switch|p1b: Porygon2|Porygon2, L50, shiny|100/100
|-ability|p1b: Porygon2|Download|boost
|-boost|p1b: Porygon2|spa|1
|move|p2a: Whimsicott|Taunt|p1a: Incineroar
|-hint|Since gen 7, Dark is immune to Prankster moves.
|-immune|p1a: Incineroar
|move|p2b: Dragapult|Phantom Force||[still]
|-prepare|p2b: Dragapult|Phantom Force
|move|p1a: Incineroar|Flare Blitz|p2a: Whimsicott
|-supereffective|p2a: Whimsicott
|-damage|p2a: Whimsicott|0 fnt
|faint|p2a: Whimsicott
|-damage|p1a: Incineroar|73/100|[from] Recoil
|
|upkeep
|
|t:|1756154090
|switch|p2a: Gholdengo|Gholdengo, L50|100/100
|turn|2
|
|t:|1756154103
|-terastallize|p2a: Gholdengo|Water
|move|p2b: Dragapult|Phantom Force|p1b: Porygon2|[from] lockedmove
|-immune|p1b: Porygon2
|move|p2a: Gholdengo|Nasty Plot|p2a: Gholdengo
|-boost|p2a: Gholdengo|spa|2
|move|p1a: Incineroar|Knock Off|p2b: Dragapult
|-supereffective|p2b: Dragapult
|-crit|p2b: Dragapult
|-damage|p2b: Dragapult|0 fnt
|-enditem|p2b: Dragapult|Choice Band|[from] move: Knock Off|[of] p1a: Incineroar
|faint|p2b: Dragapult
|move|p1b: Porygon2|Trick Room|p1b: Porygon2
|-fieldstart|move: Trick Room|[of] p1b: Porygon2
|
|upkeep
|
|t:|1756154112
|switch|p2b: Primarina|Primarina, L50, M|100/100
|turn|3
|
|t:|1756154121
|-terastallize|p1b: Porygon2|Fighting
|move|p1b: Porygon2|Tera Blast|p2a: Gholdengo|[anim] Tera Blast Fighting
|-damage|p2a: Gholdengo|46/100
|move|p2b: Primarina|Hyper Voice|p1b: Porygon2|[spread] p1a,p1b
|-supereffective|p1a: Incineroar
|-damage|p1a: Incineroar|12/100
|-damage|p1b: Porygon2|80/100
|-enditem|p1a: Incineroar|Sitrus Berry|[eat]
|-heal|p1a: Incineroar|37/100|[from] item: Sitrus Berry
|-enditem|p2b: Primarina|Throat Spray
|-boost|p2b: Primarina|spa|1|[from] item: Throat Spray
|move|p1a: Incineroar|Knock Off|p2a: Gholdengo
|-damage|p2a: Gholdengo|7/100
|-enditem|p2a: Gholdengo|Life Orb|[from] move: Knock Off|[of] p1a: Incineroar
|move|p2a: Gholdengo|Make It Rain|p1a: Incineroar|[spread] p1a,p1b
|-resisted|p1a: Incineroar
|-damage|p1a: Incineroar|0 fnt
|-damage|p1b: Porygon2|23/100
|-unboost|p2a: Gholdengo|spa|1
|faint|p1a: Incineroar
|
|upkeep
|
|t:|1756154141
|switch|p1a: Gholdengo|Gholdengo, L50, shiny|100/100
|turn|4
|
|t:|1756154153
|move|p1b: Porygon2|Recover|p1b: Porygon2
|-heal|p1b: Porygon2|73/100
|move|p2b: Primarina|Hyper Voice|p1a: Gholdengo|[spread] p1a,p1b
|-damage|p1a: Gholdengo|48/100
|-damage|p1b: Porygon2|43/100
|move|p1a: Gholdengo|Make It Rain|p2b: Primarina|[spread] p2a,p2b
|-resisted|p2a: Gholdengo
|-damage|p2a: Gholdengo|0 fnt
|-damage|p2b: Primarina|48/100
|-unboost|p1a: Gholdengo|spa|1
|faint|p2a: Gholdengo
|
|upkeep
|turn|5
|
|t:|1756154170
|move|p2b: Primarina|Hyper Voice|p1b: Porygon2|[spread] p1a,p1b
|-damage|p1a: Gholdengo|0 fnt
|-damage|p1b: Porygon2|11/100
|faint|p1a: Gholdengo
|move|p1b: Porygon2|Trick Room|p1b: Porygon2
|-fieldend|move: Trick Room
|
|upkeep
|
|t:|1756154174
|switch|p1a: Garchomp|Garchomp, L50, F, shiny|100/100
|turn|6
|
|t:|1756154187
|move|p1a: Garchomp|Earthquake|p2b: Primarina|[spread] p1b,p2b
|-damage|p1b: Porygon2|0 fnt
|-damage|p2b: Primarina|0 fnt
|faint|p1b: Porygon2
|faint|p2b: Primarina
|
|win|mysteriousmothman
||MinasDevilCrobats is ready for game 2.
||mysteriousmothman is ready for game 2.
|uhtml|next|Next: Game 2 of 3
