|j|☆NiloVGC
|j|☆PidoveQ
|html|NiloVGCPidoveQ    
|uhtml|bestof|Game 3 of a best-of-3
|t:|1754338836
|gametype|doubles
|player|p1|NiloVGC|170|1131
|player|p2|PidoveQ|akari|1208
|gen|9
|tier|[Gen 9] VGC 2025 Reg H (Bo3)
|rated|
|rule|Species Clause: Limit one of each Pokémon
|rule|Item Clause: Limit 1 of each item
|clearpoke
|poke|p1|Rillaboom, L50, F|
|poke|p1|Electabuzz, L50, M|
|poke|p1|Dragonite, L50, F|
|poke|p1|Annihilape, L50, M|
|poke|p1|Incineroar, L50, F|
|poke|p1|Gholdengo, L50|
|poke|p2|Incineroar, L50, F|
|poke|p2|Farigiraf, L50, F|
|poke|p2|Ursaluna, L50, M|
|poke|p2|Sneasler, L50, M|
|poke|p2|Dragapult, L50, M|
|poke|p2|Gholdengo, L50|
|teampreview|4
|showteam|p1|Rillaboom||AssaultVest|GrassySurge|FakeOut,WoodHammer,HighHorsepower,GrassyGlide|||F|||50|,,,,,Fire]Electabuzz||Eviolite|VitalSpirit|Electroweb,Taunt,Protect,FollowMe|||M|||50|,,,,,Dragon]Dragonite||LoadedDice|Multiscale|Protect,ScaleShot,Haze,ExtremeSpeed|||F|||50|,,,,,Fairy]Annihilape||FocusSash|Defiant|Taunt,CloseCombat,RageFist,Coaching|||M|||50|,,,,,Stellar]Incineroar||MirrorHerb|Intimidate|FakeOut,PartingShot,FlareBlitz,KnockOff|||F|||50|,,,,,Ghost]Gholdengo||SitrusBerry|GoodasGold|MakeItRain,ShadowBall,Protect,NastyPlot||||||50|,,,,,Water
|showteam|p2|Incineroar||AssaultVest|Intimidate|FlareBlitz,KnockOff,FakeOut,Uturn|||F|||50|,,,,,Grass]Farigiraf||ThroatSpray|ArmorTail|HyperVoice,Psychic,TrickRoom,Protect|||F|||50|,,,,,Fairy]Ursaluna||FlameOrb|Guts|Facade,HeadlongRush,Substitute,Protect|||M|||50|,,,,,Poison]Sneasler||FocusSash|Unburden|DireClaw,CloseCombat,ThroatChop,Protect|||M|||50|,,,,,Stellar]Dragapult||ChoiceBand|ClearBody|DragonDarts,PhantomForce,Outrage,Uturn|||M|||50|,,,,,Dragon]Gholdengo||Leftovers|GoodasGold|MakeItRain,ShadowBall,NastyPlot,Protect||||||50|,,,,,Water
|inactive|Battle timer is ON: inactive players will automatically lose when time's up. (requested by PidoveQ)
|inactive|NiloVGC has 60 seconds left.
|inactive|PidoveQ has 60 seconds left.
|
|t:|1754338898
|teamsize|p1|4
|teamsize|p2|4
|start
|switch|p1a: Incineroar|Incineroar, L50, F|100/100
|switch|p1b: Dragonite|Dragonite, L50, F|100/100
|switch|p2a: Dragapult|Dragapult, L50, M, shiny|100/100
|switch|p2b: Sassy|Sneasler, L50, M, shiny|100/100
|-ability|p1a: Incineroar|Intimidate|boost
|-fail|p2a: Dragapult|unboost|[from] ability: Clear Body|[of] p2a: Dragapult
|-unboost|p2b: Sassy|atk|1
|turn|1
|inactive|NiloVGC has 30 seconds left.
|inactive|NiloVGC has 20 seconds left.
|
|t:|1754338936
|switch|p1a: Gholdengo|Gholdengo, L50|100/100
|-terastallize|p1b: Dragonite|Fairy
|move|p2b: Sassy|Protect|p2b: Sassy
|-singleturn|p2b: Sassy|Protect
|move|p2a: Dragapult|Phantom Force||[still]
|-prepare|p2a: Dragapult|Phantom Force
|move|p1b: Dragonite|Scale Shot|p2a: Dragapult|[miss]
|-miss|p1b: Dragonite|p2a: Dragapult
|
|upkeep
|turn|2
|inactive|NiloVGC has 30 seconds left.
|inactive|PidoveQ has 30 seconds left.
|inactive|PidoveQ has 20 seconds left.
|inactive|PidoveQ has 15 seconds left.
|
|t:|1754338977
|switch|p2b: Gholdengo|Gholdengo, L50|100/100
|switch|p1a: Incineroar|Incineroar, L50, F|100/100
|-ability|p1a: Incineroar|Intimidate|boost
|-fail|p2a: Dragapult|unboost|[from] ability: Clear Body|[of] p2a: Dragapult
|-unboost|p2b: Gholdengo|atk|1
|move|p2a: Dragapult|Phantom Force|p1b: Dragonite|[from] lockedmove
|-damage|p1b: Dragonite|60/100
|move|p1b: Dragonite|Scale Shot|p2b: Gholdengo
|-resisted|p2b: Gholdengo
|-damage|p2b: Gholdengo|94/100
|-resisted|p2b: Gholdengo
|-damage|p2b: Gholdengo|88/100
|-resisted|p2b: Gholdengo
|-damage|p2b: Gholdengo|82/100
|-resisted|p2b: Gholdengo
|-damage|p2b: Gholdengo|75/100
|-hitcount|p2b: Gholdengo|4
|-unboost|p1b: Dragonite|def|1
|-boost|p1b: Dragonite|spe|1
|
|-heal|p2b: Gholdengo|82/100|[from] item: Leftovers
|upkeep
|turn|3
|inactive|NiloVGC has 30 seconds left.
|inactive|NiloVGC has 20 seconds left.
|inactive|NiloVGC has 15 seconds left.
|inactive|NiloVGC has 10 seconds left.
|
|t:|1754339026
|-terastallize|p2b: Gholdengo|Water
|move|p1b: Dragonite|Protect|p1b: Dragonite
|-singleturn|p1b: Dragonite|Protect
|move|p2a: Dragapult|Phantom Force||[still]
|-prepare|p2a: Dragapult|Phantom Force
|move|p2b: Gholdengo|Make It Rain|p1a: Incineroar|[spread] p1a
|-activate|p1b: Dragonite|move: Protect
|-resisted|p1a: Incineroar
|-damage|p1a: Incineroar|80/100
|-unboost|p2b: Gholdengo|spa|1
|move|p1a: Incineroar|Knock Off|p2b: Gholdengo
|-damage|p2b: Gholdengo|44/100
|-enditem|p2b: Gholdengo|Leftovers|[from] move: Knock Off|[of] p1a: Incineroar
|
|upkeep
|turn|4
|inactive|NiloVGC has 30 seconds left.
|
|t:|1754339056
|move|p2b: Gholdengo|Protect|p2b: Gholdengo
|-singleturn|p2b: Gholdengo|Protect
|move|p1b: Dragonite|Scale Shot|p2b: Gholdengo
|-activate|p2b: Gholdengo|move: Protect
|move|p2a: Dragapult|Phantom Force|p1b: Dragonite|[from] lockedmove
|-damage|p1b: Dragonite|0 fnt
|faint|p1b: Dragonite
|move|p1a: Incineroar|Knock Off|p2a: Dragapult
|-supereffective|p2a: Dragapult
|-damage|p2a: Dragapult|0 fnt
|-enditem|p2a: Dragapult|Choice Band|[from] move: Knock Off|[of] p1a: Incineroar
|faint|p2a: Dragapult
|
|upkeep
|
|t:|1754339072
|switch|p2a: Sassy|Sneasler, L50, M, shiny|100/100
|switch|p1b: Gholdengo|Gholdengo, L50|100/100
|turn|5
|inactive|NiloVGC has 30 seconds left.
|
|t:|1754339104
|move|p1b: Gholdengo|Protect|p1b: Gholdengo
|-singleturn|p1b: Gholdengo|Protect
|move|p2a: Sassy|Close Combat|p1a: Incineroar
|-supereffective|p1a: Incineroar
|-damage|p1a: Incineroar|0 fnt
|-unboost|p2a: Sassy|def|1
|-unboost|p2a: Sassy|spd|1
|faint|p1a: Incineroar
|move|p2b: Gholdengo|Shadow Ball|p1b: Gholdengo
|-activate|p1b: Gholdengo|move: Protect
|
|upkeep
|
|t:|1754339116
|switch|p1a: Electabuzz|Electabuzz, L50, M|100/100
|turn|6
|
|t:|1754339130
|move|p2a: Sassy|Protect|p2a: Sassy
|-singleturn|p2a: Sassy|Protect
|move|p1a: Electabuzz|Electroweb|p2a: Sassy|[spread] p2b
|-activate|p2a: Sassy|move: Protect
|-supereffective|p2b: Gholdengo
|-damage|p2b: Gholdengo|16/100
|-unboost|p2b: Gholdengo|spe|1
|move|p1b: Gholdengo|Make It Rain|p2a: Sassy|[spread] p2b
|-activate|p2a: Sassy|move: Protect
|-resisted|p2b: Gholdengo
|-damage|p2b: Gholdengo|0 fnt
|-unboost|p1b: Gholdengo|spa|1
|faint|p2b: Gholdengo
|
|upkeep
|
|t:|1754339135
|switch|p2b: Safety car|Farigiraf, L50, F, shiny|100/100
|turn|7
|inactive|NiloVGC has 30 seconds left.
|inactive|NiloVGC has 20 seconds left.
|inactive|NiloVGC has 15 seconds left.
|inactive|NiloVGC has 10 seconds left.
|
|t:|1754339184
|move|p1b: Gholdengo|Protect|p1b: Gholdengo
|-singleturn|p1b: Gholdengo|Protect
|move|p2a: Sassy|Throat Chop|p1b: Gholdengo
|-activate|p1b: Gholdengo|move: Protect
|move|p1a: Electabuzz|Electroweb|p2a: Sassy|[spread] p2a,p2b
|-damage|p2a: Sassy|74/100
|-damage|p2b: Safety car|86/100
|-unboost|p2a: Sassy|spe|1
|-unboost|p2b: Safety car|spe|1
|move|p2b: Safety car|Psychic|p1b: Gholdengo
|-activate|p1b: Gholdengo|move: Protect
|
|upkeep
|turn|8
|
|t:|1754339203
|move|p2a: Sassy|Protect|p2a: Sassy
|-singleturn|p2a: Sassy|Protect
|move|p1a: Electabuzz|Electroweb|p2b: Safety car|[spread] p2b
|-activate|p2a: Sassy|move: Protect
|-damage|p2b: Safety car|72/100
|-unboost|p2b: Safety car|spe|1
|move|p1b: Gholdengo|Make It Rain|p2b: Safety car|[spread] p2b
|-activate|p2a: Sassy|move: Protect
|-damage|p2b: Safety car|43/100
|-unboost|p1b: Gholdengo|spa|1
|move|p2b: Safety car|Trick Room|p2b: Safety car
|-fieldstart|move: Trick Room|[of] p2b: Safety car
|
|upkeep
|turn|9
|inactive|NiloVGC has 30 seconds left.
|inactive|NiloVGC has 20 seconds left.
|inactive|NiloVGC has 15 seconds left.
|inactive|NiloVGC has 10 seconds left.
|inactive|NiloVGC has 5 seconds left.
|
|t:|1754339257
|move|p2b: Safety car|Psychic|p1b: Gholdengo
|-resisted|p1b: Gholdengo
|-damage|p1b: Gholdengo|77/100
|move|p2a: Sassy|Throat Chop|p1b: Gholdengo
|-supereffective|p1b: Gholdengo
|-damage|p1b: Gholdengo|14/100
|-start|p1b: Gholdengo|Throat Chop|[silent]
|-enditem|p1b: Gholdengo|Sitrus Berry|[eat]
|-heal|p1b: Gholdengo|39/100|[from] item: Sitrus Berry
|move|p1b: Gholdengo|Make It Rain|p2b: Safety car|[spread] p2a,p2b
|-damage|p2a: Sassy|29/100
|-damage|p2b: Safety car|22/100
|-unboost|p1b: Gholdengo|spa|1
|move|p1a: Electabuzz|Electroweb|p2a: Sassy|[spread] p2a,p2b
|-crit|p2a: Sassy
|-damage|p2a: Sassy|0 fnt
|-damage|p2b: Safety car|8/100
|-unboost|p2b: Safety car|spe|1
|faint|p2a: Sassy
|
|upkeep
|turn|10
|-message|PidoveQ forfeited.
|
|win|NiloVGC
|raw|NiloVGC's rating: 1131 → 1161(+30 for winning)
|raw|PidoveQ's rating: 1208 → 1178(-30 for losing)
|l|☆PidoveQ
|player|p2|
