|j|☆weejx
|j|☆bobovile
|html|weejxbobovile    
|uhtml|bestof|Game 3 of a best-of-3
|t:|1756301917
|gametype|doubles
|player|p1|weejx|alder|1239
|player|p2|bobovile|ruinmaniac|1162
|gen|9
|tier|[Gen 9] VGC 2025 Reg H (Bo3)
|rated|
|rule|Species Clause: Limit one of each Pokémon
|rule|Item Clause: Limit 1 of each item
|clearpoke
|poke|p1|Volcarona, L50, F|
|poke|p1|Rillaboom, L50, F|
|poke|p1|Kingambit, L50, F|
|poke|p1|Electabuzz, L50, F|
|poke|p1|Sneasler, L50, M|
|poke|p1|Dragonite, L50, M|
|poke|p2|Tyranitar, L50, M|
|poke|p2|Excadrill, L50, M|
|poke|p2|Tsareena, L50, F|
|poke|p2|Gastrodon-East, L50, F|
|poke|p2|Talonflame, L50, F|
|poke|p2|Gallade, L50, M|
|teampreview|4
|showteam|p1|Volcarona||CovertCloak|FlameBody|Protect,FieryDance,TeraBlast,QuiverDance|||F|||50|,,,,,Fairy]Rillaboom||AssaultVest|GrassySurge|WoodHammer,GrassyGlide,HighHorsepower,FakeOut|||F|||50|,,,,,Fire]Kingambit||BlackGlasses|Defiant|Protect,KowtowCleave,SuckerPunch,SwordsDance|||F|||50|,,,,,Dark]Electabuzz||Eviolite|VitalSpirit|Protect,Thunderbolt,HelpingHand,FollowMe|||F|||50|,,,,,Ghost]Sneasler||FocusSash|Unburden|CloseCombat,DireClaw,Coaching,FakeOut|||M|||50|,,,,,Stellar]Dragonite||LoadedDice|Multiscale|ScaleShot,Haze,ExtremeSpeed,Protect|||M|||50|,,,,,Fairy
|showteam|p2|Tyranitar||AssaultVest|SandStream|TeraBlast,RockSlide,KnockOff,LowKick|||M|||50|,,,,,Flying]Excadrill||LifeOrb|SandRush|Protect,HighHorsepower,IronHead,Earthquake|||M|||50|,,,,,Flying]Tsareena||WideLens|QueenlyMajesty|Protect,PowerWhip,TripleAxel,Taunt|||F|||50|,,,,,Fire]Gastrodon-East||SitrusBerry|StormDrain|ClearSmog,Protect,MuddyWater,EarthPower|||F|||50|,,,,,Fire]Talonflame||SafetyGoggles|GaleWings|Tailwind,Taunt,FlareBlitz,DualWingbeat|||F|||50|,,,,,Ghost]Gallade||ClearAmulet|Sharpness|Protect,SacredSword,PsychoCut,TrickRoom|||M|||50|,,,,,Steel
|
|t:|1756301955
|teamsize|p1|4
|teamsize|p2|4
|start
|switch|p1a: Chopsticks|Rillaboom, L50, F|100/100
|switch|p1b: Slap Chop|Sneasler, L50, M|100/100
|switch|p2a: Tsareena|Tsareena, L50, F|100/100
|switch|p2b: Excadrill|Excadrill, L50, M|100/100
|-fieldstart|move: Grassy Terrain|[from] ability: Grassy Surge|[of] p1a: Chopsticks
|turn|1
|
|t:|1756301988
|switch|p2a: Talonflame|Talonflame, L50, F|100/100
|move|p2b: Excadrill|Protect|p2b: Excadrill
|-singleturn|p2b: Excadrill|Protect
|move|p1b: Slap Chop|Dire Claw|p2a: Talonflame
|-damage|p2a: Talonflame|32/100
|-status|p2a: Talonflame|par
|move|p1a: Chopsticks|Wood Hammer|p2b: Excadrill
|-activate|p2b: Excadrill|move: Protect
|
|upkeep
|turn|2
|
|t:|1756302027
|move|p1a: Chopsticks|Grassy Glide|p2a: Talonflame
|-resisted|p2a: Talonflame
|-damage|p2a: Talonflame|18/100 par
|move|p1b: Slap Chop|Close Combat|p2b: Excadrill
|-supereffective|p2b: Excadrill
|-crit|p2b: Excadrill
|-damage|p2b: Excadrill|0 fnt
|-unboost|p1b: Slap Chop|def|1
|-unboost|p1b: Slap Chop|spd|1
|faint|p2b: Excadrill
|move|p2a: Talonflame|Tailwind|p2a: Talonflame
|-sidestart|p2: bobovile|move: Tailwind
|
|upkeep
|
|t:|1756302039
|switch|p2b: Tsareena|Tsareena, L50, F|100/100
|turn|3
|
|t:|1756302059
|switch|p1a: Drying Rack|Dragonite, L50, M|100/100
|move|p2b: Tsareena|Triple Axel|p1b: Slap Chop
|-damage|p1b: Slap Chop|86/100
|-damage|p1b: Slap Chop|52/100
|-damage|p1b: Slap Chop|2/100
|-hitcount|p1b: Slap Chop|3
|move|p1b: Slap Chop|Dire Claw|p2b: Tsareena
|-supereffective|p2b: Tsareena
|-damage|p2b: Tsareena|20/100
|-status|p2b: Tsareena|par
|move|p2a: Talonflame|Flare Blitz|p1a: Drying Rack
|-resisted|p1a: Drying Rack
|-damage|p1a: Drying Rack|88/100
|-damage|p2a: Talonflame|13/100 par|[from] Recoil
|
|-heal|p1b: Slap Chop|8/100|[from] Grassy Terrain
|-heal|p2b: Tsareena|26/100 par|[from] Grassy Terrain
|upkeep
|turn|4
|
|t:|1756302084
|move|p1b: Slap Chop|Dire Claw|p2a: Talonflame
|-damage|p2a: Talonflame|0 fnt
|faint|p2a: Talonflame
|move|p1a: Drying Rack|Scale Shot|p2b: Tsareena
|-damage|p2b: Tsareena|11/100 par
|-damage|p2b: Tsareena|0 fnt
|faint|p2b: Tsareena
|-hitcount|p2: Tsareena|2
|-unboost|p1a: Drying Rack|def|1
|-boost|p1a: Drying Rack|spe|1
|
|-heal|p1b: Slap Chop|13/100|[from] Grassy Terrain
|upkeep
|
|t:|1756302101
|switch|p2b: Tyranitar|Tyranitar, L50, M|100/100
|-weather|Sandstorm|[from] ability: Sand Stream|[of] p2b: Tyranitar
|turn|5
|
|t:|1756302111
|switch|p1b: Chopsticks|Rillaboom, L50, F|100/100
|-terastallize|p2b: Tyranitar|Flying
|move|p1a: Drying Rack|Protect|p1a: Drying Rack
|-singleturn|p1a: Drying Rack|Protect
|move|p2b: Tyranitar|Rock Slide|p1b: Chopsticks|[spread] p1b
|-activate|p1a: Drying Rack|move: Protect
|-damage|p1b: Chopsticks|68/100
|
|-weather|Sandstorm|[upkeep]
|-damage|p1a: Drying Rack|82/100|[from] Sandstorm
|-damage|p2b: Tyranitar|95/100|[from] Sandstorm
|-damage|p1b: Chopsticks|62/100|[from] Sandstorm
|-heal|p1b: Chopsticks|68/100|[from] Grassy Terrain
|-sideend|p2: bobovile|move: Tailwind
|-fieldend|move: Grassy Terrain
|upkeep
|turn|6
|
|t:|1756302125
|move|p1b: Chopsticks|Fake Out|p2b: Tyranitar
|-damage|p2b: Tyranitar|84/100
|move|p1a: Drying Rack|Extreme Speed|p2b: Tyranitar
|-damage|p2b: Tyranitar|59/100
|cant|p2b: Tyranitar|flinch
|
|-weather|Sandstorm|[upkeep]
|-damage|p1a: Drying Rack|76/100|[from] Sandstorm
|-damage|p1b: Chopsticks|62/100|[from] Sandstorm
|-damage|p2b: Tyranitar|53/100|[from] Sandstorm
|upkeep
|turn|7
|
|t:|1756302136
|move|p1a: Drying Rack|Extreme Speed|p2b: Tyranitar
|-damage|p2b: Tyranitar|31/100
|move|p1b: Chopsticks|Wood Hammer|p2b: Tyranitar
|-resisted|p2b: Tyranitar
|-damage|p2b: Tyranitar|6/100
|-damage|p1b: Chopsticks|54/100|[from] Recoil
|move|p2b: Tyranitar|Rock Slide|p1b: Chopsticks|[spread] p1a
|-miss|p2b: Tyranitar|p1b: Chopsticks
|-supereffective|p1a: Drying Rack
|-damage|p1a: Drying Rack|0 fnt
|faint|p1a: Drying Rack
|
|-weather|Sandstorm|[upkeep]
|-damage|p1b: Chopsticks|48/100|[from] Sandstorm
|-damage|p2b: Tyranitar|0 fnt|[from] Sandstorm
|faint|p2b: Tyranitar
|
|win|weejx
|raw|weejx's rating: 1239 → 1259(+20 for winning)
|raw|bobovile's rating: 1162 → 1142(-20 for losing)
