|j|☆INKevin
|j|☆VenuDaAscoInRain
|html|INKevinVenuDaAscoInRain    
|uhtml|bestof|Game 2 of a best-of-3
|t:|1783282546
|gametype|doubles
|player|p1|INKevin|2|1163
|player|p2|VenuDaAscoInRain|li|1263
|gen|9
|tier|[Gen 9 Champions] VGC 2026 Reg M-B (Bo3)
|rated|
|rule|Species Clause: Limit one of each Pokémon
|rule|Item Clause: Limit 1 of each item
|clearpoke
|poke|p1|Blaziken, L50, F, shiny|
|poke|p1|Ninetales-Alola, L50, M, shiny|
|poke|p1|Aerodactyl, L50, F, shiny|
|poke|p1|Sylveon, L50, F, shiny|
|poke|p1|Garchomp, L50, F|
|poke|p1|Sinistcha, L50|
|poke|p2|Charizard, L50, M, shiny|
|poke|p2|Farigiraf, L50, M, shiny|
|poke|p2|Kingambit, L50, M, shiny|
|poke|p2|Sylveon, L50, M, shiny|
|poke|p2|Aerodactyl, L50, M, shiny|
|poke|p2|Garchomp, L50, M, shiny|
|teampreview|4
|showteam|p1|Blaziken||Blazikenite|SpeedBoost|CloseCombat,FlareBlitz,RockSlide,Protect|Adamant||F|||50|]Ninetales-Alola||NeverMeltIce|SnowWarning|Blizzard,Protect,FreezeDry,AuroraVeil|Timid||M|||50|]Aerodactyl||Aerodactylite|RockHead|RockSlide,Tailwind,DualWingbeat,Protect|Jolly||F|||50|]Sylveon||FairyFeather|Pixilate|HyperVoice,QuickAttack,HyperBeam,Protect|Modest||F|||50|]Garchomp||LifeOrb|RoughSkin|DragonClaw,Protect,Earthquake,RockSlide|Jolly||F|||50|]Sinistcha||KasibBerry|Hospitality|MatchaGotcha,RagePowder,Protect,TrickRoom|Bold|||||50|
|showteam|p2|Charizard||CharizarditeY|SolarPower|Protect,WeatherBall,HeatWave,SolarBeam|Modest||M|||50|]Farigiraf||ExpertBelt|ArmorTail|HelpingHand,TwinBeam,Thunderbolt,TrickRoom|Bold||M|||50|]Kingambit||FocusSash|Defiant|KowtowCleave,SuckerPunch,IronHead,LowKick|Adamant||M|||50|]Sylveon||FairyFeather|Pixilate|Detect,HyperVoice,HyperBeam,QuickAttack|Modest||M|||50|]Aerodactyl||Aerodactylite|Unnerve|IceFang,RockSlide,DualWingbeat,Tailwind|Jolly||M|||50|]Garchomp||LifeOrb|RoughSkin|Protect,RockSlide,DragonClaw,Earthquake|Adamant||M|||50|
|inactive|Battle timer is ON: inactive players will automatically lose when time's up. (requested by INKevin)
|inactive|VenuDaAscoInRain also wants the timer to be on.
|inactive|VenuDaAscoInRain has 60 seconds left.
|
|t:|1783282600
|teamsize|p1|4
|teamsize|p2|4
|start
|switch|p1a: Sylveon|Sylveon, L50, F, shiny|100/100
|switch|p1b: Sinistcha|Sinistcha, L50|100/100
|switch|p2a: Aerodactyl|Aerodactyl, L50, M, shiny|100/100
|switch|p2b: Sylveon|Sylveon, L50, M, shiny|100/100
|-ability|p2a: Aerodactyl|Unnerve
|turn|1
|
|t:|1783282624
|detailschange|p2a: Aerodactyl|Aerodactyl-Mega, L50, M, shiny
|-mega|p2a: Aerodactyl|Aerodactyl|Aerodactylite
|move|p2a: Aerodactyl|Dual Wingbeat|p1b: Sinistcha
|-supereffective|p1b: Sinistcha|1
|-damage|p1b: Sinistcha|65/100
|-supereffective|p1b: Sinistcha|1
|-damage|p1b: Sinistcha|24/100
|-hitcount|p1b: Sinistcha|2
|move|p2b: Sylveon|Hyper Voice|p1b: Sinistcha|[spread] p1a,p1b
|-damage|p1a: Sylveon|62/100
|-damage|p1b: Sinistcha|0 fnt
|faint|p1b: Sinistcha
|move|p1a: Sylveon|Hyper Voice|p2a: Aerodactyl|[spread] p2a,p2b
|-crit|p2a: Aerodactyl
|-damage|p2a: Aerodactyl|27/100
|-damage|p2b: Sylveon|64/100
|
|upkeep
|
|t:|1783282638
|switch|p1b: Ninetales|Ninetales-Alola, L50, M, shiny|100/100
|-weather|Snowscape|[from] ability: Snow Warning|[of] p1b: Ninetales
|turn|2
|
|t:|1783282660
|move|p1a: Sylveon|Quick Attack|p2a: Aerodactyl
|-damage|p2a: Aerodactyl|14/100
|move|p2a: Aerodactyl|Rock Slide|p1b: Ninetales|[spread] p1a,p1b
|-supereffective|p1b: Ninetales|1
|-damage|p1a: Sylveon|32/100
|-damage|p1b: Ninetales|43/100
|move|p1b: Ninetales|Aurora Veil|p1b: Ninetales
|-sidestart|p1: INKevin|move: Aurora Veil
|move|p2b: Sylveon|Hyper Voice|p1b: Ninetales|[spread] p1a,p1b
|-damage|p1a: Sylveon|5/100
|-damage|p1b: Ninetales|2/100
|
|-weather|Snowscape|[upkeep]
|upkeep
|turn|3
|
|t:|1783282683
|move|p1a: Sylveon|Quick Attack|p2a: Aerodactyl
|-damage|p2a: Aerodactyl|0 fnt
|faint|p2a: Aerodactyl
|move|p2b: Sylveon|Quick Attack|p1a: Sylveon
|-damage|p1a: Sylveon|0 fnt
|faint|p1a: Sylveon
|move|p1b: Ninetales|Blizzard|p2b: Sylveon
|-damage|p2b: Sylveon|18/100
|
|-weather|Snowscape|[upkeep]
|upkeep
|
|t:|1783282692
|switch|p2a: Garchomp|Garchomp, L50, M, shiny|100/100
|switch|p1a: Blaziken|Blaziken, L50, F, shiny|100/100
|turn|4
|
|t:|1783282712
|detailschange|p1a: Blaziken|Blaziken-Mega, L50, F, shiny
|-mega|p1a: Blaziken|Blaziken|Blazikenite
|move|p1b: Ninetales|Protect|p1b: Ninetales
|-singleturn|p1b: Ninetales|Protect
|move|p1a: Blaziken|Protect|p1a: Blaziken
|-singleturn|p1a: Blaziken|Protect
|move|p2a: Garchomp|Protect|p2a: Garchomp
|-singleturn|p2a: Garchomp|Protect
|move|p2b: Sylveon|Detect||[still]
|-fail|p2b: Sylveon
|
|-weather|Snowscape|[upkeep]
|-ability|p1a: Blaziken|Speed Boost|boost
|-boost|p1a: Blaziken|spe|1
|upkeep
|turn|5
|
|t:|1783282731
|move|p2b: Sylveon|Quick Attack|p1b: Ninetales
|-damage|p1b: Ninetales|0 fnt
|faint|p1b: Ninetales
|move|p1a: Blaziken|Close Combat|p2a: Garchomp
|-damage|p2a: Garchomp|26/100
|-unboost|p1a: Blaziken|def|1
|-unboost|p1a: Blaziken|spd|1
|-damage|p1a: Blaziken|87/100|[from] ability: Rough Skin|[of] p2a: Garchomp
|move|p2a: Garchomp|Earthquake|p1a: Blaziken|[spread] p2b,p1a
|-crit|p2b: Sylveon
|-supereffective|p1a: Blaziken|1
|-damage|p2b: Sylveon|0 fnt
|-damage|p1a: Blaziken|0 fnt
|faint|p2b: Sylveon
|faint|p1a: Blaziken
|-damage|p2a: Garchomp|16/100|[from] item: Life Orb
|
|win|VenuDaAscoInRain
|raw|INKevin's rating: 1163 → 1145(-18 for losing)
|raw|VenuDaAscoInRain's rating: 1263 → 1281(+18 for winning)
