|j|☆yassineVGC
|j|☆younesyuki
|html|yassineVGCyounesyuki    
|uhtml|bestof|Game 1 of a best-of-3
|t:|1757777295
|gametype|doubles
|player|p1|yassineVGC|hilbert|
|player|p2|younesyuki|red|
|gen|9
|tier|[Gen 9] VGC 2025 Reg H (Bo3)
|rule|Species Clause: Limit one of each Pokémon
|rule|Item Clause: Limit 1 of each item
|clearpoke
|poke|p1|Espathra, L50, F|
|poke|p1|Indeedee-F, L50, F|
|poke|p1|Gholdengo, L50|
|poke|p1|Sneasler, L50, M|
|poke|p1|Ursaluna, L50, F|
|poke|p1|Dragonite, L50, M|
|poke|p2|Decidueye-Hisui, L50, M|
|poke|p2|Indeedee-F, L50, F|
|poke|p2|Incineroar, L50, F|
|poke|p2|Primarina, L50, M|
|poke|p2|Talonflame, L50, F|
|poke|p2|Ursaluna-Bloodmoon, L50, M|
|teampreview|4
|showteam|p1|Espathra||FocusSash|SpeedBoost|ExpandingForce,LuminaCrash,Protect,DazzlingGleam|||F|||50|,,,,,Psychic]Indeedee-F||SafetyGoggles|PsychicSurge|FollowMe,Psychic,TrickRoom,HelpingHand|||F|||50|,,,,,Fairy]Gholdengo||ChoiceScarf|GoodasGold|MakeItRain,ShadowBall,PowerGem,Trick||||||50|,,,,,Flying]Sneasler||WhiteHerb|Unburden|DireClaw,CloseCombat,Protect,ThroatChop|||M|||50|,,,,,Flying]Ursaluna||FlameOrb|Guts|Earthquake,Protect,Facade,HeadlongRush|||F|||50|,,,,,Ghost]Dragonite||LoadedDice|Multiscale|Tailwind,ScaleShot,Protect,Haze|||M|||50|,,,,,Fairy
|showteam|p2|Decidueye-Hisui||RazorClaw|Scrappy|TripleArrows,BraveBird,Protect,LeafBlade|||M|||50|,,,,,Flying]Indeedee-F||PsychicSeed|PsychicSurge|FollowMe,HelpingHand,Psychic,Protect|||F|||50|,,,,,Fairy]Incineroar||SafetyGoggles|Intimidate|FakeOut,PartingShot,FlareBlitz,KnockOff|||F|||50|,,,,,Bug]Primarina||AssaultVest|LiquidVoice|HyperVoice,Moonblast,IceBeam,DazzlingGleam|||M|||50|,,,,,Grass]Talonflame||FocusSash|GaleWings|Tailwind,BraveBird,FlareBlitz,Taunt|||F|||50|,,,,,Ghost]Ursaluna-Bloodmoon||LifeOrb|MindsEye|BloodMoon,HyperVoice,EarthPower,Protect|||M|||50|,,,,,Water
|inactive|Battle timer is ON: inactive players will automatically lose when time's up. (requested by yassineVGC)
|inactiveoff|Battle timer is now OFF.
|
|t:|1757777367
|teamsize|p1|4
|teamsize|p2|4
|start
|switch|p1a: Espathra|Espathra, L50, F|100/100
|switch|p1b: Sneasler|Sneasler, L50, M|100/100
|switch|p2a: Incineroar|Incineroar, L50, F|100/100
|switch|p2b: Primarina|Primarina, L50, M|100/100
|-ability|p2a: Incineroar|Intimidate|boost
|-unboost|p1a: Espathra|atk|1
|-unboost|p1b: Sneasler|atk|1
|-enditem|p1b: Sneasler|White Herb
|-clearnegativeboost|p1b: Sneasler|[silent]
|turn|1
|inactive|Battle timer is ON: inactive players will automatically lose when time's up. (requested by yassineVGC)
|inactive|yassineVGC has 30 seconds left.
|inactive|younesyuki has 30 seconds left.
|inactive|younesyuki has 20 seconds left.
|inactive|younesyuki has 15 seconds left.
|
|t:|1757777412
|switch|p1a: Indeedee|Indeedee-F, L50, F|100/100
|-fieldstart|move: Psychic Terrain|[from] ability: Psychic Surge|[of] p1a: Indeedee
|move|p2a: Incineroar|Fake Out|p1b: Sneasler
|-activate|p1b: Sneasler|move: Psychic Terrain
|move|p1b: Sneasler|Dire Claw|p2b: Primarina
|-supereffective|p2b: Primarina
|-damage|p2b: Primarina|16/100
|move|p2b: Primarina|Hyper Voice|p1a: Indeedee|[spread] p1a,p1b
|-damage|p1a: Indeedee|66/100
|-damage|p1b: Sneasler|51/100
|
|upkeep
|turn|2
|inactive|yassineVGC has 30 seconds left.
|inactive|younesyuki has 30 seconds left.
|
|t:|1757777442
|-terastallize|p1a: Indeedee|Fairy
|move|p1a: Indeedee|Follow Me|p1a: Indeedee
|-singleturn|p1a: Indeedee|move: Follow Me
|move|p1b: Sneasler|Dire Claw|p2b: Primarina
|-supereffective|p2b: Primarina
|-damage|p2b: Primarina|0 fnt
|faint|p2b: Primarina
|move|p2a: Incineroar|Knock Off|p1a: Indeedee
|-resisted|p1a: Indeedee
|-damage|p1a: Indeedee|48/100
|-enditem|p1a: Indeedee|Safety Goggles|[from] move: Knock Off|[of] p2a: Incineroar
|
|upkeep
|inactive|younesyuki has 30 seconds left.
|
|t:|1757777476
|switch|p2b: Ursaluna|Ursaluna-Bloodmoon, L50, M|100/100
|turn|3
|
|t:|1757777497
|switch|p2a: Decidueye|Decidueye-Hisui, L50, M|100/100
|-terastallize|p2b: Ursaluna|Water
|move|p1a: Indeedee|Follow Me|p1a: Indeedee
|-singleturn|p1a: Indeedee|move: Follow Me
|move|p1b: Sneasler|Close Combat|p2a: Decidueye
|-damage|p2a: Decidueye|25/100
|-unboost|p1b: Sneasler|def|1
|-unboost|p1b: Sneasler|spd|1
|move|p2b: Ursaluna|Hyper Voice|p1b: Sneasler|[spread] p1a,p1b
|-damage|p1a: Indeedee|0 fnt
|-damage|p1b: Sneasler|0 fnt
|faint|p1a: Indeedee
|faint|p1b: Sneasler
|-damage|p2b: Ursaluna|91/100|[from] item: Life Orb
|
|upkeep
|
|t:|1757777509
|switch|p1b: Dragonite|Dragonite, L50, M|100/100
|switch|p1a: Espathra|Espathra, L50, F|100/100
|turn|4
|
|t:|1757777531
|switch|p2a: Incineroar|Incineroar, L50, F|100/100
|-ability|p2a: Incineroar|Intimidate|boost
|-unboost|p1a: Espathra|atk|1
|-unboost|p1b: Dragonite|atk|1
|move|p1a: Espathra|Lumina Crash|p2b: Ursaluna
|-damage|p2b: Ursaluna|37/100
|-unboost|p2b: Ursaluna|spd|2
|move|p1b: Dragonite|Scale Shot|p2a: Incineroar
|-damage|p2a: Incineroar|92/100
|-damage|p2a: Incineroar|84/100
|-damage|p2a: Incineroar|74/100
|-damage|p2a: Incineroar|65/100
|-damage|p2a: Incineroar|56/100
|-hitcount|p2a: Incineroar|5
|-unboost|p1b: Dragonite|def|1
|-boost|p1b: Dragonite|spe|1
|move|p2b: Ursaluna|Hyper Voice|p1b: Dragonite|[spread] p1a,p1b
|-damage|p1a: Espathra|25/100
|-damage|p1b: Dragonite|72/100
|-damage|p2b: Ursaluna|28/100|[from] item: Life Orb
|
|-ability|p1a: Espathra|Speed Boost|boost
|-boost|p1a: Espathra|spe|1
|upkeep
|turn|5
|inactive|yassineVGC has 30 seconds left.
|inactive|younesyuki has 30 seconds left.
|inactive|yassineVGC has 20 seconds left.
|inactive|younesyuki has 20 seconds left.
|inactive|younesyuki has 15 seconds left.
|inactive|younesyuki has 10 seconds left.
|
|t:|1757777577
|move|p1a: Espathra|Protect|p1a: Espathra
|-singleturn|p1a: Espathra|Protect
|move|p2b: Ursaluna|Protect|p2b: Ursaluna
|-singleturn|p2b: Ursaluna|Protect
|move|p1b: Dragonite|Scale Shot|p2b: Ursaluna
|-activate|p2b: Ursaluna|move: Protect
|move|p2a: Incineroar|Knock Off|p1a: Espathra
|-activate|p1a: Espathra|move: Protect
|
|-fieldend|move: Psychic Terrain
|-ability|p1a: Espathra|Speed Boost|boost
|-boost|p1a: Espathra|spe|1
|upkeep
|turn|6
|inactive|younesyuki has 30 seconds left.
|inactive|younesyuki has 20 seconds left.
|inactive|yassineVGC has 30 seconds left.
|inactive|younesyuki has 15 seconds left.
|inactive|younesyuki has 10 seconds left.
|
|t:|1757777624
|switch|p2b: Decidueye|Decidueye-Hisui, L50, M|25/100
|move|p1a: Espathra|Lumina Crash|p2b: Decidueye
|-supereffective|p2b: Decidueye
|-damage|p2b: Decidueye|0 fnt
|faint|p2b: Decidueye
|move|p1b: Dragonite|Scale Shot|p2a: Incineroar
|-damage|p2a: Incineroar|47/100
|-damage|p2a: Incineroar|39/100
|-damage|p2a: Incineroar|30/100
|-damage|p2a: Incineroar|20/100
|-hitcount|p2a: Incineroar|4
|-unboost|p1b: Dragonite|def|1
|-boost|p1b: Dragonite|spe|1
|move|p2a: Incineroar|Knock Off|p1a: Espathra
|-supereffective|p1a: Espathra
|-damage|p1a: Espathra|0 fnt
|-enditem|p1a: Espathra|Focus Sash|[from] move: Knock Off|[of] p2a: Incineroar
|faint|p1a: Espathra
|
|upkeep
|
|t:|1757777642
|switch|p2b: Ursaluna|Ursaluna-Bloodmoon, L50, M, tera:Water|28/100
|turn|7
|
|t:|1757777657
|move|p2a: Incineroar|Fake Out||[still]
|-hint|Fake Out only works on your first turn out.
|-fail|p2a: Incineroar
|move|p1b: Dragonite|Scale Shot|p2b: Ursaluna
|-damage|p2b: Ursaluna|21/100
|-damage|p2b: Ursaluna|14/100
|-crit|p2b: Ursaluna
|-damage|p2b: Ursaluna|0 fnt
|faint|p2b: Ursaluna
|-hitcount|p2: Ursaluna|3
|-unboost|p1b: Dragonite|def|1
|-boost|p1b: Dragonite|spe|1
|
|upkeep
|turn|8
|inactive|younesyuki has 30 seconds left.
|
|t:|1757777687
|move|p1b: Dragonite|Scale Shot|p2a: Incineroar
|-damage|p2a: Incineroar|11/100
|-damage|p2a: Incineroar|1/100
|-damage|p2a: Incineroar|0 fnt
|faint|p2a: Incineroar
|-hitcount|p2: Incineroar|3
|
|win|yassineVGC
||yassineVGC is ready for game 2.
||younesyuki is ready for game 2.
|uhtml|next|Next: Game 2 of 3
