|j|☆Notbad4first
|j|☆viatles
|html|Notbad4firstviatles    
|uhtml|bestof|Game 2 of a best-of-3
|t:|1757630294
|gametype|doubles
|player|p1|Notbad4first|2|1009
|player|p2|viatles|hiker|1017
|gen|9
|tier|[Gen 9] VGC 2025 Reg H (Bo3)
|rated|
|rule|Species Clause: Limit one of each Pokémon
|rule|Item Clause: Limit 1 of each item
|clearpoke
|poke|p1|Weezing, L50, F|
|poke|p1|Kilowattrel, L50, M|
|poke|p1|Mamoswine, L50, F|
|poke|p1|Slaking, L50, F|
|poke|p1|Dondozo, L50, F|
|poke|p1|Tatsugiri-Droopy, L50, M|
|poke|p2|Scizor, L50, F|
|poke|p2|Talonflame, L50, F|
|poke|p2|Rillaboom, L50, F|
|poke|p2|Garchomp, L50, F|
|poke|p2|Kilowattrel, L50, M|
|poke|p2|Garganacl, L50, M|
|teampreview|4
|showteam|p1|Weezing||CovertCloak|NeutralizingGas|Protect,SludgeBomb,WillOWisp,ToxicSpikes|||F|||50|,,,,,Fairy]Kilowattrel||ChoiceSpecs|Competitive|AirSlash,Discharge,VoltSwitch,Thunderbolt|||M|||50|,,,,,Ghost]Mamoswine||FocusSash|Oblivious|HighHorsepower,IcicleCrash,IceShard,Protect|||F|||50|,,,,,Ghost]Slaking||LifeOrb|Truant|HighHorsepower,Protect,SuckerPunch,DoubleEdge|||F|||50|,,,,,Ghost]Dondozo||Leftovers|Unaware|Earthquake,Protect,Substitute,WaveCrash|||F|||50|,,,,,Ground]Tatsugiri-Droopy||AssaultVest|Commander|DracoMeteor,MirrorCoat,IcyWind,MuddyWater|||M|||50|,,,,,Steel
|showteam|p2|Scizor||LifeOrb|Technician|BulletPunch,BugBite,DualWingbeat,Protect|||F|||50|,,,,,Fire]Talonflame||CovertCloak|GaleWings|DualWingbeat,Tailwind,Taunt,FlareBlitz|||F|||50|,,,,,Flying]Rillaboom||AssaultVest|GrassySurge|FakeOut,GrassyGlide,Uturn,WoodHammer|||F|||50|,,,,,Fairy]Garchomp||ClearAmulet|RoughSkin|IronHead,Earthquake,DragonClaw,Protect|||F|||50|,,,,,Steel]Kilowattrel||FocusSash|Competitive|Discharge,AirSlash,Tailwind,Protect|||M|||50|,,,,,Fairy]Garganacl||Leftovers|PurifyingSalt|SaltCure,Recover,Protect,RockSlide|||M|||50|,,,,,Grass
|inactive|Battle timer is ON: inactive players will automatically lose when time's up. (requested by viatles)
|
|t:|1757630325
|teamsize|p1|4
|teamsize|p2|4
|start
|switch|p1a: Kilowattrel|Kilowattrel, L50, M|100/100
|switch|p1b: Dondozo|Dondozo, L50, F|100/100
|switch|p2a: Talonflame|Talonflame, L50, F|100/100
|switch|p2b: Garganacl|Garganacl, L50, M|100/100
|turn|1
|
|t:|1757630341
|move|p2a: Talonflame|Tailwind|p2a: Talonflame
|-sidestart|p2: viatles|move: Tailwind
|move|p1a: Kilowattrel|Volt Switch|p2a: Talonflame
|-supereffective|p2a: Talonflame
|-damage|p2a: Talonflame|0 fnt
|faint|p2a: Talonflame
|
|t:|1757630348
|switch|p1a: Tatsugiri|Tatsugiri-Droopy, L50, M|100/100|[from] Volt Switch
|-activate|p1a: Tatsugiri|ability: Commander|[of] p1b: Dondozo
|-boost|p1b: Dondozo|atk|2
|-boost|p1b: Dondozo|spa|2
|-boost|p1b: Dondozo|spe|2
|-boost|p1b: Dondozo|def|2
|-boost|p1b: Dondozo|spd|2
|move|p1b: Dondozo|Wave Crash|p2b: Garganacl
|-supereffective|p2b: Garganacl
|-damage|p2b: Garganacl|0 fnt
|faint|p2b: Garganacl
|-damage|p1b: Dondozo|70/100|[from] Recoil
|
|-heal|p1b: Dondozo|77/100|[from] item: Leftovers
|upkeep
|
|t:|1757630361
|switch|p2a: Scizor|Scizor, L50, F|100/100
|switch|p2b: Garchomp|Garchomp, L50, F|100/100
|turn|2
|
|t:|1757630376
|-terastallize|p1b: Dondozo|Ground
|move|p2b: Garchomp|Iron Head|p1b: Dondozo
|-damage|p1b: Dondozo|66/100
|move|p1b: Dondozo|Earthquake|p2b: Garchomp|[spread] p2a,p2b
|-miss|p1b: Dondozo|p1a: Tatsugiri
|-damage|p2a: Scizor|32/100
|-damage|p2b: Garchomp|28/100
|move|p2a: Scizor|Dual Wingbeat|p1b: Dondozo
|-damage|p1b: Dondozo|56/100
|-crit|p1b: Dondozo
|-damage|p1b: Dondozo|26/100
|-hitcount|p1b: Dondozo|2
|-damage|p2a: Scizor|23/100|[from] item: Life Orb
|
|-heal|p1b: Dondozo|32/100|[from] item: Leftovers
|upkeep
|turn|3
|
|t:|1757630396
|move|p2a: Scizor|Bullet Punch|p1b: Dondozo
|-damage|p1b: Dondozo|15/100
|-damage|p2a: Scizor|13/100|[from] item: Life Orb
|move|p2b: Garchomp|Dragon Claw|p1b: Dondozo
|-damage|p1b: Dondozo|0 fnt
|faint|p1b: Dondozo
|
|upkeep
|
|t:|1757630406
|switch|p1b: Kilowattrel|Kilowattrel, L50, M|100/100
|turn|4
|
|t:|1757630425
|move|p2b: Garchomp|Protect|p2b: Garchomp
|-singleturn|p2b: Garchomp|Protect
|move|p2a: Scizor|Bullet Punch|p1a: Tatsugiri
|-resisted|p1a: Tatsugiri
|-damage|p1a: Tatsugiri|54/100
|-damage|p2a: Scizor|3/100|[from] item: Life Orb
|move|p1b: Kilowattrel|Air Slash|p2a: Scizor
|-damage|p2a: Scizor|0 fnt
|faint|p2a: Scizor
|move|p1a: Tatsugiri|Icy Wind|p2b: Garchomp
|-activate|p2b: Garchomp|move: Protect
|
|-sideend|p2: viatles|move: Tailwind
|upkeep
|turn|5
|
|t:|1757630447
|-terastallize|p2b: Garchomp|Steel
|move|p1b: Kilowattrel|Air Slash|p2b: Garchomp
|-resisted|p2b: Garchomp
|-damage|p2b: Garchomp|0 fnt
|faint|p2b: Garchomp
|
|win|Notbad4first
