|j|☆Atlanta Rat
|j|☆buggy es el rey
|html|Atlanta Ratbuggy es el rey    
|uhtml|bestof|Game 2 of a best-of-3
|t:|1784996457
|gametype|doubles
|player|p1|Atlanta Rat|rood|1195
|player|p2|buggy es el rey|gambler|1156
|gen|9
|tier|[Gen 9 Champions] VGC 2026 Reg M-B (Bo3)
|rated|
|rule|Species Clause: Limit one of each Pokémon
|rule|Item Clause: Limit 1 of each item
|clearpoke
|poke|p1|Raichu, L50, F|
|poke|p1|Sinistcha, L50|
|poke|p1|Incineroar, L50, M|
|poke|p1|Sylveon, L50, F|
|poke|p1|Metagross, L50|
|poke|p1|Hydreigon, L50, F|
|poke|p2|Froslass, L50, F|
|poke|p2|Delphox, L50, M|
|poke|p2|Incineroar, L50, M|
|poke|p2|Sneasler, L50, F|
|poke|p2|Basculegion, L50, M|
|poke|p2|Whimsicott, L50, M|
|teampreview|4
|showteam|p1|Raichu||RaichuniteY|LightningRod|ZapCannon,FocusBlast,FakeOut,Protect|Timid||F|||50|]Sinistcha||SitrusBerry|Hospitality|MatchaGotcha,RagePowder,LifeDew,Protect|Bold|||||50|]Incineroar||LumBerry|Intimidate|FlareBlitz,DarkestLariat,PartingShot,FakeOut|Impish||M|||50|]Sylveon||FairyFeather|Pixilate|HyperVoice,Moonblast,CalmMind,Protect|Modest||F|||50|]Metagross||Metagrossite|ClearBody|BulletPunch,PsychicFangs,BodyPress,Protect|Adamant|||||50|]Hydreigon||ChoiceScarf|Levitate|DracoMeteor,DarkPulse,EarthPower,Snarl|Modest||F|||50|
|showteam|p2|Froslass||Froslassite|CursedBody|Protect,AuroraVeil,Blizzard,ShadowBall|Timid||F|||50|]Delphox||Delphoxite|Blaze|Protect,NastyPlot,HeatWave,Psychic|Timid||M|||50|]Incineroar||SitrusBerry|Intimidate|FakeOut,FlareBlitz,PartingShot,DarkestLariat|Adamant||M|||50|]Sneasler||WhiteHerb|Unburden|FakeOut,CloseCombat,DireClaw,Protect|Jolly||F|||50|]Basculegion||LifeOrb|Adaptability|Protect,AquaJet,WaveCrash,LastRespects|Adamant||M|||50|]Whimsicott||FocusSash|Prankster|Tailwind,Encore,HelpingHand,Moonblast|Careful||M|||50|
|
|t:|1784996512
|teamsize|p1|4
|teamsize|p2|4
|start
|switch|p1a: Rat with a Gun|Metagross, L50|100/100
|switch|p1b: 3 headed Rat|Hydreigon, L50, F|100/100
|switch|p2a: Froslass|Froslass, L50, F|100/100
|switch|p2b: Incineroar|Incineroar, L50, M|100/100
|-ability|p2b: Incineroar|Intimidate|boost
|-fail|p1a: Rat with a Gun|unboost|[from] ability: Clear Body|[of] p1a: Rat with a Gun
|-unboost|p1b: 3 headed Rat|atk|1
|turn|1
|
|t:|1784996568
|detailschange|p2a: Froslass|Froslass-Mega, L50, F
|-mega|p2a: Froslass|Froslass|Froslassite
|-weather|Snowscape|[from] ability: Snow Warning|[of] p2a: Froslass
|detailschange|p1a: Rat with a Gun|Metagross-Mega, L50
|-mega|p1a: Rat with a Gun|Metagross|Metagrossite
|move|p2a: Froslass|Protect|p2a: Froslass
|-singleturn|p2a: Froslass|Protect
|move|p1b: 3 headed Rat|Earth Power|p2b: Incineroar
|-supereffective|p2b: Incineroar|1
|-damage|p2b: Incineroar|45/100
|-enditem|p2b: Incineroar|Sitrus Berry|[eat]
|-heal|p2b: Incineroar|70/100|[from] item: Sitrus Berry
|move|p1a: Rat with a Gun|Body Press|p2b: Incineroar
|-supereffective|p2b: Incineroar|1
|-damage|p2b: Incineroar|5/100
|move|p2b: Incineroar|Parting Shot|p1b: 3 headed Rat
|-unboost|p1b: 3 headed Rat|atk|1
|-unboost|p1b: 3 headed Rat|spa|1
|
|t:|1784996584
|switch|p2b: Sneasler|Sneasler, L50, F|100/100|[from] Parting Shot
|
|-weather|Snowscape|[upkeep]
|upkeep
|turn|2
|
|t:|1784996600
|switch|p1b: Kitty Rat|Incineroar, L50, M|100/100
|-ability|p1b: Kitty Rat|Intimidate|boost
|-unboost|p2a: Froslass|atk|1
|-unboost|p2b: Sneasler|atk|1
|-enditem|p2b: Sneasler|White Herb
|-clearnegativeboost|p2b: Sneasler|[silent]
|move|p2b: Sneasler|Fake Out|p1b: Kitty Rat
|-damage|p1b: Kitty Rat|89/100
|move|p2a: Froslass|Shadow Ball|p1a: Rat with a Gun
|-supereffective|p1a: Rat with a Gun|1
|-damage|p1a: Rat with a Gun|18/100
|-unboost|p1a: Rat with a Gun|spd|1
|move|p1a: Rat with a Gun|Psychic Fangs|p2b: Sneasler
|-supereffective|p2b: Sneasler|2
|-damage|p2b: Sneasler|0 fnt
|faint|p2b: Sneasler
|
|-weather|Snowscape|[upkeep]
|upkeep
|
|t:|1784996616
|switch|p2b: Incineroar|Incineroar, L50, M|5/100
|-ability|p2b: Incineroar|Intimidate|boost
|-unboost|p1a: Rat with a Gun|atk|1
|-unboost|p1b: Kitty Rat|atk|1
|turn|3
|
|t:|1784996644
|move|p1a: Rat with a Gun|Protect|p1a: Rat with a Gun
|-singleturn|p1a: Rat with a Gun|Protect
|move|p2b: Incineroar|Fake Out|p1b: Kitty Rat
|-damage|p1b: Kitty Rat|80/100
|cant|p1b: Kitty Rat|flinch
|move|p2a: Froslass|Shadow Ball|p1a: Rat with a Gun
|-activate|p1a: Rat with a Gun|move: Protect
|
|-weather|Snowscape|[upkeep]
|upkeep
|turn|4
|
|t:|1784996663
|switch|p1a: 3 headed Rat|Hydreigon, L50, F|100/100
|move|p2a: Froslass|Blizzard|p1a: 3 headed Rat|[spread] p1a,p1b
|-supereffective|p1a: 3 headed Rat|1
|-resisted|p1b: Kitty Rat|1
|-damage|p1a: 3 headed Rat|0 fnt
|-damage|p1b: Kitty Rat|61/100
|faint|p1a: 3 headed Rat
|move|p2b: Incineroar|Parting Shot|p1b: Kitty Rat
|-unboost|p1b: Kitty Rat|atk|1
|-unboost|p1b: Kitty Rat|spa|1
|
|t:|1784996677
|switch|p2b: Basculegion|Basculegion, L50, M|100/100|[from] Parting Shot
|move|p1b: Kitty Rat|Parting Shot|p2a: Froslass
|-unboost|p2a: Froslass|atk|1
|-unboost|p2a: Froslass|spa|1
|
|t:|1784996690
|switch|p1b: Rat with a Gun|Metagross-Mega, L50|18/100|[from] Parting Shot
|
|-weather|Snowscape|[upkeep]
|upkeep
|
|t:|1784996700
|switch|p1a: Kitty Rat|Incineroar, L50, M|61/100
|-ability|p1a: Kitty Rat|Intimidate|boost
|-unboost|p2a: Froslass|atk|1
|-unboost|p2b: Basculegion|atk|1
|turn|5
|
|t:|1784996719
|switch|p1a: Smiley Rat|Sinistcha, L50|100/100
|-heal|p1b: Rat with a Gun|42/100|[from] ability: Hospitality|[of] p1a: Smiley Rat
|move|p1b: Rat with a Gun|Bullet Punch|p2a: Froslass
|-supereffective|p2a: Froslass|1
|-damage|p2a: Froslass|29/100
|move|p2a: Froslass|Shadow Ball|p1b: Rat with a Gun
|-supereffective|p1b: Rat with a Gun|1
|-damage|p1b: Rat with a Gun|0 fnt
|faint|p1b: Rat with a Gun
|move|p2b: Basculegion|Wave Crash|p1a: Smiley Rat
|-resisted|p1a: Smiley Rat|1
|-damage|p1a: Smiley Rat|69/100
|-damage|p2b: Basculegion|90/100|[from] Recoil
|-damage|p2b: Basculegion|81/100|[from] item: Life Orb
|
|-weather|none
|upkeep
|
|t:|1784996726
|switch|p1b: Kitty Rat|Incineroar, L50, M|61/100
|-ability|p1b: Kitty Rat|Intimidate|boost
|-unboost|p2a: Froslass|atk|1
|-unboost|p2b: Basculegion|atk|1
|turn|6
|
|t:|1784996740
|switch|p2b: Incineroar|Incineroar, L50, M|5/100
|-ability|p2b: Incineroar|Intimidate|boost
|-unboost|p1a: Smiley Rat|atk|1
|-unboost|p1b: Kitty Rat|atk|1
|move|p2a: Froslass|Protect|p2a: Froslass
|-singleturn|p2a: Froslass|Protect
|move|p1b: Kitty Rat|Flare Blitz|p2a: Froslass
|-activate|p2a: Froslass|move: Protect
|move|p1a: Smiley Rat|Matcha Gotcha|p2b: Incineroar|[spread] p2b
|-activate|p2a: Froslass|move: Protect
|-resisted|p2b: Incineroar|1
|-damage|p2b: Incineroar|0 fnt
|-heal|p1a: Smiley Rat|72/100|[from] drain|[of] p2b: Incineroar
|faint|p2b: Incineroar
|
|upkeep
|
|t:|1784996755
|switch|p2b: Basculegion|Basculegion, L50, M|81/100
|turn|7
|
|t:|1784996765
|move|p2a: Froslass|Shadow Ball|p1a: Smiley Rat
|-supereffective|p1a: Smiley Rat|1
|-damage|p1a: Smiley Rat|24/100
|-enditem|p1a: Smiley Rat|Sitrus Berry|[eat]
|-heal|p1a: Smiley Rat|48/100|[from] item: Sitrus Berry
|move|p2b: Basculegion|Wave Crash|p1b: Kitty Rat
|-supereffective|p1b: Kitty Rat|1
|-damage|p1b: Kitty Rat|0 fnt
|faint|p1b: Kitty Rat
|-damage|p2b: Basculegion|60/100|[from] Recoil
|-damage|p2b: Basculegion|51/100|[from] item: Life Orb
|move|p1a: Smiley Rat|Matcha Gotcha|p2b: Basculegion|[spread] p2a,p2b
|-supereffective|p2b: Basculegion|1
|-damage|p2a: Froslass|4/100
|-heal|p1a: Smiley Rat|60/100|[from] drain|[of] p2a: Froslass
|-damage|p2b: Basculegion|0 fnt
|-heal|p1a: Smiley Rat|88/100|[from] drain|[of] p2b: Basculegion
|faint|p2b: Basculegion
|
|upkeep
|turn|8
|
|t:|1784996786
|move|p2a: Froslass|Blizzard|p1a: Smiley Rat
|-supereffective|p1a: Smiley Rat|1
|-damage|p1a: Smiley Rat|16/100
|move|p1a: Smiley Rat|Matcha Gotcha|p2a: Froslass
|-damage|p2a: Froslass|0 fnt
|-heal|p1a: Smiley Rat|19/100|[from] drain|[of] p2a: Froslass
|faint|p2a: Froslass
|
|win|Atlanta Rat
