|j|☆ChimcharBot
|j|☆blizzardspamming
|html|ChimcharBotblizzardspamming    
|uhtml|bestof|Game 3 of a best-of-3
|t:|1783611600
|gametype|doubles
|player|p1|ChimcharBot|koga|1196
|player|p2|blizzardspamming|clair|1228
|gen|9
|tier|[Gen 9 Champions] VGC 2026 Reg M-B (Bo3)
|rated|
|rule|Species Clause: Limit one of each Pokémon
|rule|Item Clause: Limit 1 of each item
|clearpoke
|poke|p1|Grimmsnarl, L50, M|
|poke|p1|Staraptor, L50, M|
|poke|p1|Toxapex, L50, F|
|poke|p1|Garchomp, L50, M|
|poke|p1|Delphox, L50, M|
|poke|p1|Kingambit, L50, M|
|poke|p2|Gengar, L50, M|
|poke|p2|Ninetales-Alola, L50, M|
|poke|p2|Incineroar, L50, M|
|poke|p2|Gholdengo, L50|
|poke|p2|Sneasler, L50, F|
|poke|p2|Hydreigon, L50, M|
|teampreview|4
|showteam|p1|Grimmsnarl||RoseliBerry|Prankster|SpiritBreak,PartingShot,ScaryFace,FakeOut|Careful||M|||50|]Staraptor||Staraptite|Intimidate|Protect,BraveBird,CloseCombat,Roost|Careful||M|||50|]Toxapex||Leftovers|Regenerator|BanefulBunker,Toxic,Infestation,WideGuard|Bold||F|||50|]Garchomp||LifeOrb|RoughSkin|Protect,Earthquake,RockSlide,DragonClaw|Jolly||M|||50|]Delphox||Delphoxite|Blaze|Protect,Psychic,HeatWave,NastyPlot|Timid||M|||50|]Kingambit||BlackGlasses|Defiant|Protect,SwordsDance,KowtowCleave,SuckerPunch|Adamant||M|||50|
|showteam|p2|Gengar||Gengarite|CursedBody|ShadowBall,SludgeBomb,Disable,Protect|Modest||M|||50|]Ninetales-Alola||NeverMeltIce|SnowWarning|Blizzard,FreezeDry,Encore,Protect|Timid||M|||50|]Incineroar||SitrusBerry|Intimidate|FakeOut,FlareBlitz,DarkestLariat,PartingShot|Sassy||M|||50|]Gholdengo||Leftovers|GoodasGold|MakeItRain,ShadowBall,NastyPlot,Protect|Modest|||||50|]Sneasler||FocusSash|PoisonTouch|FakeOut,CloseCombat,DireClaw,Protect|Jolly||F|||50|]Hydreigon||LifeOrb|Levitate|DracoMeteor,DarkPulse,EarthPower,Protect|Modest||M|||50|
|inactive|Battle timer is ON: inactive players will automatically lose when time's up. (requested by ChimcharBot)
|inactive|ChimcharBot has 60 seconds left.
|inactive|blizzardspamming has 60 seconds left.
|inactive|blizzardspamming has 30 seconds left.
|inactive|blizzardspamming has 20 seconds left.
|inactive|blizzardspamming has 15 seconds left.
|
|t:|1783611682
|teamsize|p1|4
|teamsize|p2|4
|start
|switch|p1a: Garchomp|Garchomp, L50, M|100/100
|switch|p1b: Kingambit|Kingambit, L50, M|100/100
|switch|p2a: Sneasler|Sneasler, L50, F|100/100
|switch|p2b: Gengar|Gengar, L50, M|100/100
|turn|1
|
|t:|1783611698
|switch|p2b: Ninetales|Ninetales-Alola, L50, M|100/100
|-weather|Snowscape|[from] ability: Snow Warning|[of] p2b: Ninetales
|switch|p1b: Delphox|Delphox, L50, M|100/100
|move|p1a: Garchomp|Protect|p1a: Garchomp
|-singleturn|p1a: Garchomp|Protect
|move|p2a: Sneasler|Fake Out|p1a: Garchomp
|-activate|p1a: Garchomp|move: Protect
|
|-weather|Snowscape|[upkeep]
|upkeep
|turn|2
|inactive|blizzardspamming has 30 seconds left.
|
|t:|1783611730
|switch|p2a: Hydreigon|Hydreigon, L50, M|100/100
|detailschange|p1b: Delphox|Delphox-Mega, L50, M
|-mega|p1b: Delphox|Delphox|Delphoxite
|move|p1b: Delphox|Heat Wave|p2a: Hydreigon|[spread] p2a
|-miss|p1b: Delphox|p2b: Ninetales
|-resisted|p2a: Hydreigon|1
|-damage|p2a: Hydreigon|75/100
|move|p2b: Ninetales|Blizzard|p1a: Garchomp|[spread] p1a,p1b
|-supereffective|p1a: Garchomp|2
|-resisted|p1b: Delphox|1
|-damage|p1a: Garchomp|0 fnt
|-damage|p1b: Delphox|86/100
|faint|p1a: Garchomp
|
|-weather|Snowscape|[upkeep]
|upkeep
|inactive|ChimcharBot has 30 seconds left.
|inactive|ChimcharBot has 20 seconds left.
|inactive|ChimcharBot has 15 seconds left.
|inactive|ChimcharBot has 10 seconds left.
|
|t:|1783611780
|switch|p1a: Kingambit|Kingambit, L50, M|100/100
|turn|3
|
|t:|1783611797
|switch|p2b: Sneasler|Sneasler, L50, F|100/100
|move|p1b: Delphox|Protect|p1b: Delphox
|-singleturn|p1b: Delphox|Protect
|move|p2a: Hydreigon|Dark Pulse|p1b: Delphox
|-activate|p1b: Delphox|move: Protect
|move|p1a: Kingambit|Kowtow Cleave|p2a: Hydreigon
|-resisted|p2a: Hydreigon|1
|-damage|p2a: Hydreigon|43/100
|
|-weather|Snowscape|[upkeep]
|upkeep
|turn|4
|inactive|blizzardspamming has 30 seconds left.
|
|t:|1783611825
|switch|p1b: Toxapex|Toxapex, L50, F|100/100
|switch|p2a: Ninetales|Ninetales-Alola, L50, M|100/100
|move|p1a: Kingambit|Protect|p1a: Kingambit
|-singleturn|p1a: Kingambit|Protect
|move|p2b: Sneasler|Close Combat|p1a: Kingambit
|-activate|p1a: Kingambit|move: Protect
|
|-weather|Snowscape|[upkeep]
|upkeep
|turn|5
|
|t:|1783611844
|switch|p2b: Gengar|Gengar, L50, M|100/100
|switch|p1a: Delphox|Delphox-Mega, L50, M|86/100
|move|p2a: Ninetales|Encore||[still]
|-fail|p2a: Ninetales
|move|p1b: Toxapex|Infestation|p2b: Gengar
|-resisted|p2b: Gengar|2
|-damage|p2b: Gengar|99/100
|-activate|p2b: Gengar|move: Infestation|[of] p1b: Toxapex
|-start|p1b: Toxapex|Disable|Infestation|[from] ability: Cursed Body|[of] p2b: Gengar
|
|-weather|none
|-damage|p2b: Gengar|87/100|[from] move: Infestation|[partiallytrapped]
|upkeep
|turn|6
|inactive|ChimcharBot has 30 seconds left.
|inactive|blizzardspamming has 30 seconds left.
|inactive|ChimcharBot has 20 seconds left.
|inactive|ChimcharBot has 15 seconds left.
|inactive|ChimcharBot has 10 seconds left.
|inactive|ChimcharBot has 5 seconds left.
|
|t:|1783611896
|switch|p2a: Sneasler|Sneasler, L50, F|100/100
|switch|p1b: Kingambit|Kingambit, L50, M|100/100
|detailschange|p2b: Gengar|Gengar-Mega, L50, M
|-mega|p2b: Gengar|Gengar|Gengarite
|move|p1a: Delphox|Psychic|p2b: Gengar
|-supereffective|p2b: Gengar|1
|-damage|p2b: Gengar|0 fnt
|faint|p2b: Gengar
|
|upkeep
|
|t:|1783611904
|switch|p2b: Hydreigon|Hydreigon, L50, M|43/100
|turn|7
|
|t:|1783611916
|move|p1a: Delphox|Protect|p1a: Delphox
|-singleturn|p1a: Delphox|Protect
|move|p1b: Kingambit|Protect|p1b: Kingambit
|-singleturn|p1b: Kingambit|Protect
|move|p2a: Sneasler|Fake Out|p1b: Kingambit
|-activate|p1b: Kingambit|move: Protect
|move|p2b: Hydreigon|Earth Power|p1b: Kingambit
|-activate|p1b: Kingambit|move: Protect
|
|upkeep
|turn|8
|
|t:|1783611931
|move|p1b: Kingambit|Sucker Punch|p2b: Hydreigon
|-resisted|p2b: Hydreigon|1
|-damage|p2b: Hydreigon|16/100
|move|p1a: Delphox|Heat Wave|p2a: Sneasler|[spread] p2a,p2b
|-crit|p2a: Sneasler
|-resisted|p2b: Hydreigon|1
|-damage|p2a: Sneasler|23/100
|-damage|p2b: Hydreigon|0 fnt
|faint|p2b: Hydreigon
|move|p2a: Sneasler|Close Combat|p1b: Kingambit
|-supereffective|p1b: Kingambit|2
|-damage|p1b: Kingambit|0 fnt
|-unboost|p2a: Sneasler|def|1
|-unboost|p2a: Sneasler|spd|1
|faint|p1b: Kingambit
|
|upkeep
|-message|blizzardspamming forfeited.
|raw|ChimcharBot's rating: 1196 → 1223(+27 for winning)
|raw|blizzardspamming's rating: 1228 → 1201(-27 for losing)
|
|win|ChimcharBot
|l|☆blizzardspamming
|player|p2|
