|j|☆Mr.FreakingStevens
|j|☆Cyllage Cyclones
|html|Mr.FreakingStevensCyllage Cyclones    
|uhtml|bestof|Game 3 of a best-of-3
|t:|1756248070
|gametype|doubles
|player|p1|Mr.FreakingStevens|gentleman-gen4dp|1000
|player|p2|Cyllage Cyclones|101|1026
|gen|9
|tier|[Gen 9] VGC 2025 Reg H (Bo3)
|rated|
|rule|Species Clause: Limit one of each Pokémon
|rule|Item Clause: Limit 1 of each item
|clearpoke
|poke|p1|Torkoal, L50, F|
|poke|p1|Farigiraf, L50, F|
|poke|p1|Jumpluff, L50, F|
|poke|p1|Charizard, L50, F|
|poke|p1|Ursaluna, L50, M|
|poke|p1|Garganacl, L50, F|
|poke|p2|Electabuzz, L50, M|
|poke|p2|Pelipper, L50, M|
|poke|p2|Rillaboom, L50, M|
|poke|p2|Basculegion, L50, M|
|poke|p2|Kingambit, L50, M|
|poke|p2|Archaludon, L50, M|
|teampreview|4
|showteam|p1|Torkoal||SitrusBerry|Drought|Eruption,Protect,Flamethrower,EarthPower|||F|||50|,,,,,Fire]Farigiraf||SafetyGoggles|ArmorTail|TrickRoom,DazzlingGleam,HelpingHand,Psychic|||F|||50|,,,,,Fairy]Jumpluff||FocusSash|Chlorophyll|Tailwind,Encore,PollenPuff,SleepPowder|||F|||50|,,,,,Grass]Charizard||LifeOrb|SolarPower|HeatWave,AirSlash,SolarBeam,Protect|||F|||50|,,,,,Fire]Ursaluna||FlameOrb|Guts|Facade,HighHorsepower,Protect,PlayRough|||M|||50|,,,,,Ghost]Garganacl||Leftovers|PurifyingSalt|BodyPress,Protect,SaltCure,Recover|||F|||50|,,,,,Water
|showteam|p2|Electabuzz||Eviolite|VitalSpirit|Electroweb,Protect,FollowMe,Taunt|||M|||50|,,,,,Ghost]Pelipper||FocusSash|Drizzle|WeatherBall,Hurricane,Tailwind,Protect|||M|||50|,,,,,Ghost]Rillaboom||LoadedDice|GrassySurge|BulletSeed,GrassyGlide,FakeOut,HighHorsepower|||M|||50|,,,,,Fire]Basculegion||ChoiceBand|SwiftSwim|WaveCrash,LastRespects,FlipTurn,AquaJet|||M|||50|,,,,,Grass]Kingambit||BlackGlasses|Defiant|KowtowCleave,SuckerPunch,Protect,SwordsDance|||M|||50|,,,,,Dark]Archaludon||AssaultVest|Stamina|DracoMeteor,ElectroShot,FlashCannon,BodyPress|||M|||50|,,,,,Fairy
|inactive|Battle timer is ON: inactive players will automatically lose when time's up. (requested by Cyllage Cyclones)
|inactive|Mr.FreakingStevens has 60 seconds left.
|
|t:|1756248114
|teamsize|p1|4
|teamsize|p2|4
|start
|switch|p1a: Charizard|Charizard, L50, F|100/100
|switch|p1b: Torkoal|Torkoal, L50, F|100/100
|switch|p2a: Electabuzz|Electabuzz, L50, M|100/100
|switch|p2b: Rillaboom|Rillaboom, L50, M|100/100
|-fieldstart|move: Grassy Terrain|[from] ability: Grassy Surge|[of] p2b: Rillaboom
|-weather|SunnyDay|[from] ability: Drought|[of] p1b: Torkoal
|turn|1
|inactive|Cyllage Cyclones has 30 seconds left.
|
|t:|1756248146
|switch|p2b: Pelipper|Pelipper, L50, M|100/100
|-weather|RainDance|[from] ability: Drizzle|[of] p2b: Pelipper
|move|p1a: Charizard|Protect|p1a: Charizard
|-singleturn|p1a: Charizard|Protect
|move|p2a: Electabuzz|Electroweb|p1b: Torkoal|[spread] 
|-activate|p1a: Charizard|move: Protect
|-miss|p2a: Electabuzz|p1b: Torkoal
|move|p1b: Torkoal|Eruption|p2a: Electabuzz|[spread] p2a,p2b
|-resisted|p2b: Pelipper
|-damage|p2a: Electabuzz|84/100
|-damage|p2b: Pelipper|81/100
|
|-weather|RainDance|[upkeep]
|-heal|p2a: Electabuzz|90/100|[from] Grassy Terrain
|upkeep
|turn|2
|inactive|Cyllage Cyclones has 30 seconds left.
|
|t:|1756248176
|switch|p1a: Farigiraf|Farigiraf, L50, F|100/100
|switch|p2b: Rillaboom|Rillaboom, L50, M|100/100
|switch|p1b: Jumpluff|Jumpluff, L50, F|100/100
|move|p2a: Electabuzz|Electroweb|p1b: Jumpluff|[spread] p1a,p1b
|-damage|p1a: Farigiraf|86/100
|-damage|p1b: Jumpluff|87/100
|-unboost|p1a: Farigiraf|spe|1
|-unboost|p1b: Jumpluff|spe|1
|
|-weather|RainDance|[upkeep]
|-heal|p2a: Electabuzz|96/100|[from] Grassy Terrain
|-heal|p1a: Farigiraf|92/100|[from] Grassy Terrain
|upkeep
|turn|3
|inactive|Mr.FreakingStevens has 30 seconds left.
|inactive|Cyllage Cyclones has 30 seconds left.
|inactive|Mr.FreakingStevens has 20 seconds left.
|inactive|Mr.FreakingStevens has 15 seconds left.
|inactive|Mr.FreakingStevens has 10 seconds left.
|
|t:|1756248222
|move|p2a: Electabuzz|Taunt|p1a: Farigiraf
|-start|p1a: Farigiraf|move: Taunt
|move|p2b: Rillaboom|High Horsepower|p1b: Jumpluff
|-immune|p1b: Jumpluff
|move|p1b: Jumpluff|Tailwind|p1b: Jumpluff
|-sidestart|p1: Mr.FreakingStevens|move: Tailwind
|move|p1a: Farigiraf|Psychic|p2a: Electabuzz
|-damage|p2a: Electabuzz|60/100
|
|-weather|RainDance|[upkeep]
|-heal|p2a: Electabuzz|66/100|[from] Grassy Terrain
|-heal|p1a: Farigiraf|98/100|[from] Grassy Terrain
|upkeep
|turn|4
|inactive|Mr.FreakingStevens has 30 seconds left.
|inactive|Cyllage Cyclones has 30 seconds left.
|
|t:|1756248253
|move|p1b: Jumpluff|Encore|p2b: Rillaboom
|-start|p2b: Rillaboom|Encore
|move|p2a: Electabuzz|Electroweb|p1a: Farigiraf|[spread] p1a,p1b
|-damage|p1a: Farigiraf|85/100
|-damage|p1b: Jumpluff|72/100
|-unboost|p1a: Farigiraf|spe|1
|-unboost|p1b: Jumpluff|spe|1
|move|p2b: Rillaboom|High Horsepower|p1b: Jumpluff
|-immune|p1b: Jumpluff
|move|p1a: Farigiraf|Psychic|p2a: Electabuzz
|-damage|p2a: Electabuzz|27/100
|
|-weather|RainDance|[upkeep]
|-heal|p2a: Electabuzz|33/100|[from] Grassy Terrain
|-heal|p1a: Farigiraf|91/100|[from] Grassy Terrain
|upkeep
|turn|5
|inactive|Cyllage Cyclones has 30 seconds left.
|
|t:|1756248279
|move|p2a: Electabuzz|Protect|p2a: Electabuzz
|-singleturn|p2a: Electabuzz|Protect
|move|p1b: Jumpluff|Sleep Powder|p2b: Rillaboom
|-immune|p2b: Rillaboom
|move|p2b: Rillaboom|High Horsepower|p1a: Farigiraf
|-damage|p1a: Farigiraf|55/100
|move|p1a: Farigiraf|Psychic|p2a: Electabuzz
|-activate|p2a: Electabuzz|move: Protect
|
|-weather|none
|-heal|p2a: Electabuzz|39/100|[from] Grassy Terrain
|-heal|p1a: Farigiraf|61/100|[from] Grassy Terrain
|-end|p1a: Farigiraf|move: Taunt
|-fieldend|move: Grassy Terrain
|upkeep
|turn|6
|inactive|Cyllage Cyclones has 30 seconds left.
|
|t:|1756248311
|move|p1b: Jumpluff|Pollen Puff|p2a: Electabuzz
|-damage|p2a: Electabuzz|29/100
|move|p2a: Electabuzz|Taunt|p1a: Farigiraf
|-start|p1a: Farigiraf|move: Taunt
|move|p2b: Rillaboom|High Horsepower|p1a: Farigiraf
|-damage|p1a: Farigiraf|27/100
|move|p1a: Farigiraf|Psychic|p2a: Electabuzz
|-damage|p2a: Electabuzz|0 fnt
|faint|p2a: Electabuzz
|
|-end|p2b: Rillaboom|Encore
|-sideend|p1: Mr.FreakingStevens|move: Tailwind
|upkeep
|
|t:|1756248328
|switch|p2a: Pelipper|Pelipper, L50, M|81/100
|-weather|RainDance|[from] ability: Drizzle|[of] p2a: Pelipper
|turn|7
|
|t:|1756248349
|switch|p2a: Archaludon|Archaludon, L50, M|100/100
|move|p2b: Rillaboom|High Horsepower|p1a: Farigiraf
|-damage|p1a: Farigiraf|0 fnt
|faint|p1a: Farigiraf
|move|p1b: Jumpluff|Sleep Powder|p2a: Archaludon
|-status|p2a: Archaludon|slp|[from] move: Sleep Powder
|
|-weather|RainDance|[upkeep]
|upkeep
|
|t:|1756248359
|switch|p1a: Charizard|Charizard, L50, F|100/100
|turn|8
|inactive|Cyllage Cyclones has 30 seconds left.
|
|t:|1756248391
|-terastallize|p2b: Rillaboom|Fire
|move|p1a: Charizard|Protect|p1a: Charizard
|-singleturn|p1a: Charizard|Protect
|move|p2b: Rillaboom|High Horsepower|p1b: Jumpluff
|-immune|p1b: Jumpluff
|cant|p2a: Archaludon|slp
|move|p1b: Jumpluff|Tailwind|p1b: Jumpluff
|-sidestart|p1: Mr.FreakingStevens|move: Tailwind
|
|-weather|RainDance|[upkeep]
|upkeep
|turn|9
|inactive|Mr.FreakingStevens has 30 seconds left.
|inactive|Cyllage Cyclones has 30 seconds left.
|inactive|Mr.FreakingStevens has 20 seconds left.
|
|t:|1756248427
|switch|p1a: Torkoal|Torkoal, L50, F|100/100
|-weather|SunnyDay|[from] ability: Drought|[of] p1a: Torkoal
|move|p1b: Jumpluff|Sleep Powder|p2b: Rillaboom
|-status|p2b: Rillaboom|slp|[from] move: Sleep Powder
|cant|p2b: Rillaboom|slp
|cant|p2a: Archaludon|slp
|
|-weather|SunnyDay|[upkeep]
|upkeep
|turn|10
|
|t:|1756248445
|switch|p1b: Charizard|Charizard, L50, F|100/100
|switch|p2a: Pelipper|Pelipper, L50, M|81/100
|-weather|RainDance|[from] ability: Drizzle|[of] p2a: Pelipper
|cant|p2b: Rillaboom|slp
|move|p1a: Torkoal|Eruption|p2a: Pelipper|[spread] p2a,p2b
|-resisted|p2a: Pelipper
|-resisted|p2b: Rillaboom
|-damage|p2a: Pelipper|59/100
|-damage|p2b: Rillaboom|87/100 slp
|
|-weather|RainDance|[upkeep]
|upkeep
|turn|11
|
|t:|1756248466
|switch|p2a: Archaludon|Archaludon, L50, M|100/100 slp
|switch|p1a: Jumpluff|Jumpluff, L50, F|72/100
|move|p1b: Charizard|Protect|p1b: Charizard
|-singleturn|p1b: Charizard|Protect
|cant|p2b: Rillaboom|slp
|
|-weather|RainDance|[upkeep]
|-sideend|p1: Mr.FreakingStevens|move: Tailwind
|upkeep
|turn|12
|inactive|Mr.FreakingStevens has 30 seconds left.
|
|t:|1756248497
|-terastallize|p1b: Charizard|Fire
|move|p1a: Jumpluff|Tailwind|p1a: Jumpluff
|-sidestart|p1: Mr.FreakingStevens|move: Tailwind
|move|p1b: Charizard|Air Slash|p2b: Rillaboom
|-damage|p2b: Rillaboom|37/100 slp
|-damage|p1b: Charizard|91/100|[from] item: Life Orb
|-curestatus|p2b: Rillaboom|slp|[msg]
|move|p2b: Rillaboom|Bullet Seed|p1a: Jumpluff
|-resisted|p1a: Jumpluff
|-damage|p1a: Jumpluff|68/100
|-resisted|p1a: Jumpluff
|-damage|p1a: Jumpluff|64/100
|-resisted|p1a: Jumpluff
|-damage|p1a: Jumpluff|60/100
|-resisted|p1a: Jumpluff
|-damage|p1a: Jumpluff|56/100
|-resisted|p1a: Jumpluff
|-damage|p1a: Jumpluff|52/100
|-hitcount|p1a: Jumpluff|5
|cant|p2a: Archaludon|slp
|
|-weather|RainDance|[upkeep]
|upkeep
|turn|13
|inactive|Mr.FreakingStevens has 30 seconds left.
|inactive|Cyllage Cyclones has 30 seconds left.
|inactive|Mr.FreakingStevens has 20 seconds left.
|inactive|Cyllage Cyclones has 20 seconds left.
|inactive|Cyllage Cyclones has 15 seconds left.
|inactive|Cyllage Cyclones has 10 seconds left.
|
|t:|1756248544
|switch|p1a: Torkoal|Torkoal, L50, F|100/100
|-weather|SunnyDay|[from] ability: Drought|[of] p1a: Torkoal
|move|p1b: Charizard|Heat Wave|p2a: Archaludon|[spread] p2a,p2b
|-resisted|p2b: Rillaboom
|-damage|p2a: Archaludon|8/100 slp
|-damage|p2b: Rillaboom|0 fnt
|-ability|p2a: Archaludon|Stamina|boost
|-boost|p2a: Archaludon|def|1
|faint|p2b: Rillaboom
|-damage|p1b: Charizard|81/100|[from] item: Life Orb
|-curestatus|p2a: Archaludon|slp|[msg]
|move|p2a: Archaludon|Electro Shot||[still]
|-prepare|p2a: Archaludon|Electro Shot
|-boost|p2a: Archaludon|spa|1
|
|-weather|SunnyDay|[upkeep]
|-damage|p1b: Charizard|68/100|[from] ability: Solar Power|[of] p1b: Charizard
|upkeep
|
|t:|1756248559
|switch|p2b: Pelipper|Pelipper, L50, M|59/100
|-weather|RainDance|[from] ability: Drizzle|[of] p2b: Pelipper
|turn|14
|
|t:|1756248568
|switch|p1a: Jumpluff|Jumpluff, L50, F|52/100
|move|p1b: Charizard|Protect|p1b: Charizard
|-singleturn|p1b: Charizard|Protect
|move|p2b: Pelipper|Weather Ball|p1b: Charizard
|-activate|p1b: Charizard|move: Protect
|move|p2a: Archaludon|Electro Shot|p1a: Jumpluff|[from] lockedmove
|-damage|p1a: Jumpluff|0 fnt
|faint|p1a: Jumpluff
|
|-weather|RainDance|[upkeep]
|upkeep
|
|t:|1756248582
|switch|p1a: Torkoal|Torkoal, L50, F|100/100
|-weather|SunnyDay|[from] ability: Drought|[of] p1a: Torkoal
|turn|15
|inactive|Cyllage Cyclones has 30 seconds left.
|
|t:|1756248600
|move|p1b: Charizard|Heat Wave|p2b: Pelipper|[spread] p2a,p2b
|-resisted|p2b: Pelipper
|-damage|p2a: Archaludon|0 fnt
|-damage|p2b: Pelipper|0 fnt
|faint|p2a: Archaludon
|faint|p2b: Pelipper
|-damage|p1b: Charizard|59/100|[from] item: Life Orb
|
|win|Mr.FreakingStevens
|raw|Mr.FreakingStevens's rating: 1000 → 1043(+43 for winning)
|raw|Cyllage Cyclones's rating: 1026 → 1011(-15 for losing)
