|j|☆Isam_26011
|j|☆BardBard056
|html|Isam_26011BardBard056    
|uhtml|bestof|Game 3 of a best-of-3
|t:|1757096884
|gametype|doubles
|player|p1|Isam_26011|n|1112
|player|p2|BardBard056|preschooler|1135
|gen|9
|tier|[Gen 9] VGC 2025 Reg H (Bo3)
|rated|
|rule|Species Clause: Limit one of each Pokémon
|rule|Item Clause: Limit 1 of each item
|clearpoke
|poke|p1|Indeedee-F, L50, F|
|poke|p1|Hatterene, L50, F|
|poke|p1|Gallade, L50, M|
|poke|p1|Ursaluna, L50, M|
|poke|p1|Sunflora, L50, M|
|poke|p1|Torkoal, L50, M|
|poke|p2|Gholdengo, L50|
|poke|p2|Amoonguss, L50, M|
|poke|p2|Basculegion, L50, M|
|poke|p2|Pelipper, L50, F|
|poke|p2|Incineroar, L50, M|
|poke|p2|Archaludon, L50, M|
|teampreview|4
|showteam|p1|Indeedee-F||PsychicSeed|PsychicSurge|TrickRoom,FollowMe,HelpingHand,DazzlingGleam|||F|||50|,,,,,Fire]Hatterene||LifeOrb|MagicBounce|ExpandingForce,TrickRoom,DazzlingGleam,Protect|||F|||50|,,,,,Psychic]Gallade||ClearAmulet|Sharpness|PsychoCut,TrickRoom,SacredSword,WideGuard|||M|||50|,,,,,Grass]Ursaluna||FlameOrb|Guts|HeadlongRush,Facade,SwordsDance,Protect|||M|||50|,,,,,Ghost]Sunflora||ChoiceSpecs|SolarPower|LeafStorm,WeatherBall,SludgeBomb,EarthPower|||M|||50|,,,,,Fire]Torkoal||Charcoal|Drought|Eruption,EarthPower,WeatherBall,Protect|||M|||50|,,,,,Fire
|showteam|p2|Gholdengo||LifeOrb|GoodasGold|MakeItRain,ShadowBall,NastyPlot,Protect||||||50|,,,,,Water]Amoonguss||SitrusBerry|Regenerator|Spore,RagePowder,PollenPuff,Protect|||M|||50|,,,,,Psychic]Basculegion||ChoiceBand|SwiftSwim|WaveCrash,FlipTurn,LastRespects,AquaJet|||M|||50|,,,,,Water]Pelipper||FocusSash|Drizzle|WeatherBall,Hurricane,Tailwind,Protect|||F|||50|,,,,,Ground]Incineroar||SafetyGoggles|Intimidate|FlareBlitz,KnockOff,PartingShot,FakeOut|||M|||50|,,,,,Ghost]Archaludon||AssaultVest|Stamina|ElectroShot,FlashCannon,DracoMeteor,BodyPress|||M|||50|,,,,,Bug
|inactive|Battle timer is ON: inactive players will automatically lose when time's up. (requested by BardBard056)
|inactive|BardBard056 has 60 seconds left.
|
|t:|1757096930
|teamsize|p1|4
|teamsize|p2|4
|start
|switch|p1a: Paty|Indeedee-F, L50, F, shiny|100/100
|switch|p1b: Acelga|Hatterene, L50, F, shiny|100/100
|switch|p2a: Gholdengo|Gholdengo, L50|100/100
|switch|p2b: Archaludon|Archaludon, L50, M|100/100
|-fieldstart|move: Psychic Terrain|[from] ability: Psychic Surge|[of] p1a: Paty
|-enditem|p1a: Paty|Psychic Seed
|-boost|p1a: Paty|spd|1|[from] item: Psychic Seed
|turn|1
|inactive|Isam_26011 has 30 seconds left.
|inactive|BardBard056 has 30 seconds left.
|inactive|Isam_26011 has 20 seconds left.
|
|t:|1757096968
|-terastallize|p1b: Acelga|Psychic
|move|p2a: Gholdengo|Nasty Plot|p2a: Gholdengo
|-boost|p2a: Gholdengo|spa|2
|move|p2b: Archaludon|Body Press|p1a: Paty
|-damage|p1a: Paty|79/100
|move|p1b: Acelga|Expanding Force|p2a: Gholdengo|[spread] p2a,p2b
|-resisted|p2a: Gholdengo
|-resisted|p2b: Archaludon
|-damage|p2a: Gholdengo|34/100
|-damage|p2b: Archaludon|59/100
|-ability|p2b: Archaludon|Stamina|boost
|-boost|p2b: Archaludon|def|1
|-damage|p1b: Acelga|91/100|[from] item: Life Orb
|move|p1a: Paty|Trick Room|p1a: Paty
|-fieldstart|move: Trick Room|[of] p1a: Paty
|
|upkeep
|turn|2
|inactive|BardBard056 has 30 seconds left.
|
|t:|1757096995
|move|p1a: Paty|Helping Hand|p1b: Acelga
|-singleturn|p1b: Acelga|Helping Hand|[of] p1a: Paty
|move|p2a: Gholdengo|Protect|p2a: Gholdengo
|-singleturn|p2a: Gholdengo|Protect
|move|p1b: Acelga|Expanding Force|p2b: Archaludon|[spread] p2b
|-activate|p2a: Gholdengo|move: Protect
|-resisted|p2b: Archaludon
|-damage|p2b: Archaludon|0 fnt
|faint|p2b: Archaludon
|-damage|p1b: Acelga|82/100|[from] item: Life Orb
|
|upkeep
|
|t:|1757097004
|switch|p2b: Incineroar|Incineroar, L50, M|100/100
|-ability|p2b: Incineroar|Intimidate|boost
|-unboost|p1a: Paty|atk|1
|-unboost|p1b: Acelga|atk|1
|turn|3
|inactive|Isam_26011 has 30 seconds left.
|
|t:|1757097030
|move|p2a: Gholdengo|Protect|p2a: Gholdengo
|-singleturn|p2a: Gholdengo|Protect
|move|p1a: Paty|Follow Me|p1a: Paty
|-singleturn|p1a: Paty|move: Follow Me
|move|p1b: Acelga|Expanding Force|p2b: Incineroar|[spread] 
|-activate|p2a: Gholdengo|move: Protect
|-immune|p2b: Incineroar
|move|p2b: Incineroar|Parting Shot|p1a: Paty
|-unboost|p1a: Paty|atk|1
|-unboost|p1a: Paty|spa|1
|
|t:|1757097037
|switch|p2b: Pelipper|Pelipper, L50, F|100/100|[from] Parting Shot
|-weather|RainDance|[from] ability: Drizzle|[of] p2b: Pelipper
|
|-weather|RainDance|[upkeep]
|upkeep
|turn|4
|
|t:|1757097059
|switch|p2a: Incineroar|Incineroar, L50, M|100/100
|-ability|p2a: Incineroar|Intimidate|boost
|-unboost|p1a: Paty|atk|1
|-unboost|p1b: Acelga|atk|1
|move|p1a: Paty|Helping Hand|p1b: Acelga
|-singleturn|p1b: Acelga|Helping Hand|[of] p1a: Paty
|move|p1b: Acelga|Expanding Force|p2a: Incineroar|[spread] p2b
|-immune|p2a: Incineroar
|-enditem|p2b: Pelipper|Focus Sash
|-damage|p2b: Pelipper|1/100
|-damage|p1b: Acelga|72/100|[from] item: Life Orb
|move|p2b: Pelipper|Weather Ball|p1b: Acelga
|-damage|p1b: Acelga|0 fnt
|faint|p1b: Acelga
|
|-weather|RainDance|[upkeep]
|upkeep
|
|t:|1757097068
|switch|p1b: Mbappe|Torkoal, L50, M, shiny|100/100
|-weather|SunnyDay|[from] ability: Drought|[of] p1b: Mbappe
|turn|5
|inactive|Isam_26011 has 30 seconds left.
|inactive|BardBard056 has 30 seconds left.
|inactive|Isam_26011 has 20 seconds left.
|inactive|BardBard056 has 20 seconds left.
|inactive|BardBard056 has 15 seconds left.
|inactive|BardBard056 has 10 seconds left.
|
|t:|1757097114
|move|p2b: Pelipper|Protect|p2b: Pelipper
|-singleturn|p2b: Pelipper|Protect
|move|p1a: Paty|Follow Me|p1a: Paty
|-singleturn|p1a: Paty|move: Follow Me
|move|p1b: Mbappe|Eruption|p2a: Incineroar|[spread] p2a
|-activate|p2b: Pelipper|move: Protect
|-resisted|p2a: Incineroar
|-damage|p2a: Incineroar|64/100
|move|p2a: Incineroar|Parting Shot|p1a: Paty
|-unboost|p1a: Paty|atk|1
|-unboost|p1a: Paty|spa|1
|
|t:|1757097117
|switch|p2a: Gholdengo|Gholdengo, L50|34/100|[from] Parting Shot
|
|-weather|SunnyDay|[upkeep]
|-fieldend|move: Trick Room
|-fieldend|move: Psychic Terrain
|upkeep
|turn|6
|
|t:|1757097132
|switch|p2b: Incineroar|Incineroar, L50, M|64/100
|-ability|p2b: Incineroar|Intimidate|boost
|-unboost|p1a: Paty|atk|1
|-unboost|p1b: Mbappe|atk|1
|move|p2a: Gholdengo|Protect|p2a: Gholdengo
|-singleturn|p2a: Gholdengo|Protect
|move|p1b: Mbappe|Protect|p1b: Mbappe
|-singleturn|p1b: Mbappe|Protect
|move|p1a: Paty|Trick Room|p1a: Paty
|-fieldstart|move: Trick Room|[of] p1a: Paty
|
|-weather|SunnyDay|[upkeep]
|upkeep
|turn|7
|inactive|Isam_26011 has 30 seconds left.
|inactive|Isam_26011 has 20 seconds left.
|inactive|Isam_26011 has 15 seconds left.
|
|t:|1757097174
|move|p2b: Incineroar|Fake Out|p1b: Mbappe
|-damage|p1b: Mbappe|92/100
|move|p1a: Paty|Follow Me|p1a: Paty
|-singleturn|p1a: Paty|move: Follow Me
|cant|p1b: Mbappe|flinch
|move|p2a: Gholdengo|Make It Rain|p1b: Mbappe|[spread] p1a,p1b
|-resisted|p1b: Mbappe
|-damage|p1a: Paty|44/100
|-damage|p1b: Mbappe|51/100
|-unboost|p2a: Gholdengo|spa|1
|-damage|p2a: Gholdengo|25/100|[from] item: Life Orb
|
|-weather|SunnyDay|[upkeep]
|upkeep
|turn|8
|inactive|Isam_26011 has 30 seconds left.
|
|t:|1757097202
|move|p1a: Paty|Helping Hand|p1b: Mbappe
|-singleturn|p1b: Mbappe|Helping Hand|[of] p1a: Paty
|move|p2a: Gholdengo|Protect|p2a: Gholdengo
|-singleturn|p2a: Gholdengo|Protect
|move|p1b: Mbappe|Earth Power|p2b: Incineroar
|-supereffective|p2b: Incineroar
|-damage|p2b: Incineroar|2/100
|move|p2b: Incineroar|Knock Off|p1a: Paty
|-supereffective|p1a: Paty
|-damage|p1a: Paty|0 fnt
|faint|p1a: Paty
|
|-weather|SunnyDay|[upkeep]
|upkeep
|
|t:|1757097210
|switch|p1a: GOD|Sunflora, L50, M|100/100
|turn|9
|inactive|Isam_26011 has 30 seconds left.
|inactive|Isam_26011 has 20 seconds left.
|
|t:|1757097249
|switch|p2b: Pelipper|Pelipper, L50, F|1/100
|-weather|RainDance|[from] ability: Drizzle|[of] p2b: Pelipper
|move|p2a: Gholdengo|Protect||[still]
|-fail|p2a: Gholdengo
|move|p1b: Mbappe|Eruption|p2a: Gholdengo|[spread] p2a,p2b
|-supereffective|p2a: Gholdengo
|-resisted|p2b: Pelipper
|-damage|p2a: Gholdengo|0 fnt
|-damage|p2b: Pelipper|0 fnt
|faint|p2a: Gholdengo
|faint|p2b: Pelipper
|move|p1a: GOD|Weather Ball|p2: Gholdengo|[notarget]
|-fail|p1a: GOD
|
|-weather|RainDance|[upkeep]
|upkeep
|-message|BardBard056 forfeited.
|raw|Isam_26011's rating: 1112 → 1139(+27 for winning)
|raw|BardBard056's rating: 1135 → 1108(-27 for losing)
|
|win|Isam_26011
|l|☆BardBard056
|player|p2|
