|j|☆Pawah
|j|☆crudo de fava
|html|Pawahcrudo de fava    
|uhtml|bestof|Game 3 of a best-of-3
|t:|1756560996
|gametype|doubles
|player|p1|Pawah|ethan|1196
|player|p2|crudo de fava|cyclist-gen4|1275
|gen|9
|tier|[Gen 9] VGC 2025 Reg H (Bo3)
|rated|
|rule|Species Clause: Limit one of each Pokémon
|rule|Item Clause: Limit 1 of each item
|clearpoke
|poke|p1|Ursaluna, L50, F|
|poke|p1|Sinistcha, L50|
|poke|p1|Pelipper, L50, M|
|poke|p1|Archaludon, L50, M|
|poke|p1|Gholdengo, L50|
|poke|p1|Dragonite, L50, F|
|poke|p2|Charizard, L50, M|
|poke|p2|Torkoal, L50, M|
|poke|p2|Porygon2, L50|
|poke|p2|Incineroar, L50, M|
|poke|p2|Jumpluff, L50, F|
|poke|p2|Ursaluna, L50, F|
|teampreview|4
|showteam|p1|Ursaluna||FlameOrb|Guts|HeadlongRush,Facade,Protect,Earthquake|||F|||50|,,,,,Ghost]Sinistcha||SitrusBerry|Hospitality|RagePowder,TrickRoom,LifeDew,MatchaGotcha||||||50|,,,,,Dark]Pelipper||FocusSash|Drizzle|Hurricane,Protect,WeatherBall,WideGuard|||M|||50|,,,,,Ghost]Archaludon||AssaultVest|Stamina|ElectroShot,FlashCannon,BodyPress,DracoMeteor|||M|||50|,,,,,Bug]Gholdengo||LifeOrb|GoodasGold|MakeItRain,ShadowBall,NastyPlot,Protect||||||50|,,,,,Water]Dragonite||LoadedDice|Multiscale|Protect,ScaleShot,Tailwind,Haze|||F|||50|,,,,,Fairy
|showteam|p2|Charizard||ChoiceSpecs|SolarPower|HeatWave,Overheat,WeatherBall,AirSlash|||M|||50|,,,,,Ghost]Torkoal||EjectPack|Drought|Eruption,Overheat,HelpingHand,Protect|||M|||50|,,,,,Fire]Porygon2||Eviolite|Download|TeraBlast,IceBeam,Recover,TrickRoom||||||50|,,,,,Fighting]Incineroar||SitrusBerry|Intimidate|FlareBlitz,KnockOff,FakeOut,PartingShot|||M|||50|,,,,,Ghost]Jumpluff||CovertCloak|Chlorophyll|SleepPowder,SunnyDay,RagePowder,Tailwind|||F|||50|,,,,,Water]Ursaluna||FlameOrb|Guts|HeadlongRush,Facade,Earthquake,Protect|||F|||50|,,,,,Ghost
|inactive|Battle timer is ON: inactive players will automatically lose when time's up. (requested by Pawah)
|inactive|crudo de fava has 60 seconds left.
|inactive|crudo de fava has 30 seconds left.
|inactive|crudo de fava has 20 seconds left.
|
|t:|1756561071
|teamsize|p1|4
|teamsize|p2|4
|start
|switch|p1a: Gholdengo|Gholdengo, L50|100/100
|switch|p1b: Dragonite|Dragonite, L50, F|100/100
|switch|p2a: Jumpluff|Jumpluff, L50, F|100/100
|switch|p2b: Charizard|Charizard, L50, M|100/100
|turn|1
|inactive|crudo de fava has 30 seconds left.
|inactive|crudo de fava has 20 seconds left.
|
|t:|1756561106
|-terastallize|p1a: Gholdengo|Water
|move|p1b: Dragonite|Protect|p1b: Dragonite
|-singleturn|p1b: Dragonite|Protect
|move|p2a: Jumpluff|Sleep Powder|p1b: Dragonite
|-activate|p1b: Dragonite|move: Protect
|move|p2b: Charizard|Heat Wave|p1a: Gholdengo|[spread] p1a
|-activate|p1b: Dragonite|move: Protect
|-resisted|p1a: Gholdengo
|-damage|p1a: Gholdengo|74/100
|move|p1a: Gholdengo|Shadow Ball|p2a: Jumpluff
|-damage|p2a: Jumpluff|46/100
|-damage|p1a: Gholdengo|65/100|[from] item: Life Orb
|
|upkeep
|turn|2
|inactive|crudo de fava has 30 seconds left.
|
|t:|1756561136
|move|p2a: Jumpluff|Sunny Day|p2a: Jumpluff
|-weather|SunnyDay
|move|p2b: Charizard|Heat Wave|p1b: Dragonite|[spread] p1a,p1b
|-resisted|p1a: Gholdengo
|-resisted|p1b: Dragonite
|-damage|p1a: Gholdengo|0 fnt
|-damage|p1b: Dragonite|68/100
|faint|p1a: Gholdengo
|move|p1b: Dragonite|Tailwind|p1b: Dragonite
|-sidestart|p1: Pawah|move: Tailwind
|
|-weather|SunnyDay|[upkeep]
|-damage|p2b: Charizard|88/100|[from] ability: Solar Power|[of] p2b: Charizard
|upkeep
|
|t:|1756561143
|switch|p1a: Pelipper|Pelipper, L50, M|100/100
|-weather|RainDance|[from] ability: Drizzle|[of] p1a: Pelipper
|turn|3
|inactive|crudo de fava has 30 seconds left.
|inactive|crudo de fava has 20 seconds left.
|inactive|crudo de fava has 15 seconds left.
|
|t:|1756561184
|switch|p2b: Torkoal|Torkoal, L50, M|100/100
|-weather|SunnyDay|[from] ability: Drought|[of] p2b: Torkoal
|move|p2a: Jumpluff|Sleep Powder|p1b: Dragonite
|-status|p1b: Dragonite|slp|[from] move: Sleep Powder
|cant|p1b: Dragonite|slp
|move|p1a: Pelipper|Weather Ball|p2a: Jumpluff
|-supereffective|p2a: Jumpluff
|-damage|p2a: Jumpluff|0 fnt
|faint|p2a: Jumpluff
|
|-weather|SunnyDay|[upkeep]
|upkeep
|
|t:|1756561192
|switch|p2a: Porygon2|Porygon2, L50|100/100
|-ability|p2a: Porygon2|Download|boost
|-boost|p2a: Porygon2|spa|1
|turn|4
|
|t:|1756561214
|move|p1a: Pelipper|Wide Guard|p1a: Pelipper
|-singleturn|p1a: Pelipper|Wide Guard
|-curestatus|p1b: Dragonite|slp|[msg]
|move|p1b: Dragonite|Scale Shot|p2b: Torkoal
|-damage|p2b: Torkoal|90/100
|-damage|p2b: Torkoal|78/100
|-damage|p2b: Torkoal|68/100
|-damage|p2b: Torkoal|57/100
|-damage|p2b: Torkoal|46/100
|-hitcount|p2b: Torkoal|5
|-unboost|p1b: Dragonite|def|1
|-boost|p1b: Dragonite|spe|1
|move|p2b: Torkoal|Eruption|p1b: Dragonite|[spread] 
|-activate|p1a: Pelipper|move: Wide Guard
|-activate|p1b: Dragonite|move: Wide Guard
|move|p2a: Porygon2|Trick Room|p2a: Porygon2
|-fieldstart|move: Trick Room|[of] p2a: Porygon2
|
|-weather|SunnyDay|[upkeep]
|upkeep
|turn|5
|inactive|crudo de fava has 30 seconds left.
|inactive|Pawah has 30 seconds left.
|
|t:|1756561249
|switch|p1a: Ursaluna|Ursaluna, L50, F|100/100
|move|p1b: Dragonite|Protect|p1b: Dragonite
|-singleturn|p1b: Dragonite|Protect
|move|p2b: Torkoal|Overheat|p1a: Ursaluna
|-damage|p1a: Ursaluna|32/100
|-unboost|p2b: Torkoal|spa|2
|-enditem|p2b: Torkoal|Eject Pack
|
|t:|1756561253
|switch|p2b: Charizard|Charizard, L50, M|88/100
|move|p2a: Porygon2|Ice Beam|p1b: Dragonite
|-activate|p1b: Dragonite|move: Protect
|
|-weather|SunnyDay|[upkeep]
|-damage|p2b: Charizard|76/100|[from] ability: Solar Power|[of] p2b: Charizard
|-sideend|p1: Pawah|move: Tailwind
|-status|p1a: Ursaluna|brn|[from] item: Flame Orb
|upkeep
|turn|6
|
|t:|1756561272
|switch|p1b: Pelipper|Pelipper, L50, M|100/100
|-weather|RainDance|[from] ability: Drizzle|[of] p1b: Pelipper
|-terastallize|p2b: Charizard|Ghost
|move|p2a: Porygon2|Ice Beam|p1b: Pelipper
|-damage|p1b: Pelipper|25/100
|move|p1a: Ursaluna|Facade|p2b: Charizard
|-immune|p2b: Charizard
|move|p2b: Charizard|Weather Ball|p1a: Ursaluna
|-supereffective|p1a: Ursaluna
|-damage|p1a: Ursaluna|0 fnt
|faint|p1a: Ursaluna
|
|-weather|RainDance|[upkeep]
|upkeep
|
|t:|1756561279
|switch|p1a: Dragonite|Dragonite, L50, F|68/100
|turn|7
|inactive|crudo de fava has 30 seconds left.
|
|t:|1756561313
|move|p1a: Dragonite|Protect|p1a: Dragonite
|-singleturn|p1a: Dragonite|Protect
|move|p2a: Porygon2|Ice Beam|p1a: Dragonite
|-activate|p1a: Dragonite|move: Protect
|move|p1b: Pelipper|Weather Ball|p2b: Charizard
|-damage|p2b: Charizard|0 fnt
|faint|p2b: Charizard
|
|-weather|RainDance|[upkeep]
|upkeep
|
|t:|1756561315
|switch|p2b: Torkoal|Torkoal, L50, M|46/100
|-weather|SunnyDay|[from] ability: Drought|[of] p2b: Torkoal
|turn|8
|
|t:|1756561326
|move|p1b: Pelipper|Protect|p1b: Pelipper
|-singleturn|p1b: Pelipper|Protect
|move|p1a: Dragonite|Protect||[still]
|-fail|p1a: Dragonite
|move|p2b: Torkoal|Overheat|p1b: Pelipper
|-activate|p1b: Pelipper|move: Protect
|move|p2a: Porygon2|Ice Beam|p1a: Dragonite
|-supereffective|p1a: Dragonite
|-damage|p1a: Dragonite|0 fnt
|faint|p1a: Dragonite
|
|-weather|SunnyDay|[upkeep]
|-fieldend|move: Trick Room
|upkeep
|turn|9
|
|t:|1756561348
|move|p1b: Pelipper|Weather Ball|p2b: Torkoal
|-resisted|p2b: Torkoal
|-damage|p2b: Torkoal|13/100
|move|p2a: Porygon2|Ice Beam|p1b: Pelipper
|-damage|p1b: Pelipper|0 fnt
|faint|p1b: Pelipper
|
|win|crudo de fava
|raw|Pawah's rating: 1196 → 1174(-22 for losing)
|raw|crudo de fava's rating: 1243 → 1265(+22 for winning)
|l|☆crudo de fava
|player|p2|
