|j|☆ManBunVGC
|j|☆d1mo22
|html|ManBunVGCd1mo22    
|uhtml|bestof|Game 3 of a best-of-3
|t:|1785180504
|gametype|doubles
|player|p1|ManBunVGC|hilbert-masters|1284
|player|p2|d1mo22|skier|1309
|gen|9
|tier|[Gen 9 Champions] VGC 2026 Reg M-B (Bo3)
|rated|
|rule|Species Clause: Limit one of each Pokémon
|rule|Item Clause: Limit 1 of each item
|clearpoke
|poke|p1|Sneasler, L50, M, shiny|
|poke|p1|Garchomp, L50, F, shiny|
|poke|p1|Charizard, L50, M, shiny|
|poke|p1|Incineroar, L50, M, shiny|
|poke|p1|Kingambit, L50, M, shiny|
|poke|p1|Whimsicott, L50, M, shiny|
|poke|p2|Raichu, L50, M|
|poke|p2|Gyarados, L50, F, shiny|
|poke|p2|Mamoswine, L50, F|
|poke|p2|Ceruledge, L50, F|
|poke|p2|Sinistcha, L50|
|poke|p2|Kingambit, L50, F, shiny|
|teampreview|4
|showteam|p1|Sneasler||WhiteHerb|Unburden|CloseCombat,DireClaw,FakeOut,Protect|Adamant||M|||50|]Garchomp||LifeOrb|RoughSkin|Earthquake,RockSlide,DragonClaw,Protect|Jolly||F|||50|]Charizard||CharizarditeY|Blaze|HeatWave,SolarBeam,Overheat,Protect|Timid||M|||50|]Incineroar||SitrusBerry|Intimidate|FlareBlitz,ThroatChop,FakeOut,PartingShot|Careful||M|||50|]Kingambit||BlackGlasses|Defiant|SuckerPunch,KowtowCleave,SwordsDance,Protect|Adamant||M|||50|]Whimsicott||FocusSash|Prankster|Moonblast,Tailwind,Encore,Protect|Timid||M|||50|
|showteam|p2|Raichu||RaichuniteY|LightningRod|FakeOut,Encore,ZapCannon,FocusBlast|Timid||M|||50|]Gyarados||Gyaradosite|Intimidate|LashOut,Waterfall,DragonDance,Protect|Adamant||F|||50|]Mamoswine||LifeOrb|Oblivious|Protect,IcicleCrash,IceShard,HighHorsepower|Jolly||F|||50|]Ceruledge||ColburBerry|FlashFire|BitterBlade,ShadowSneak,BulkUp,Protect|Adamant||F|||50|]Sinistcha||SitrusBerry|Hospitality|Protect,RagePowder,MatchaGotcha,LifeDew|Bold|||||50|]Kingambit||FocusSash|Defiant|Protect,SuckerPunch,KowtowCleave,IronHead|Adamant||F|||50|
|inactive|Battle timer is ON: inactive players will automatically lose when time's up. (requested by d1mo22)
|inactive|ManBunVGC also wants the timer to be on.
|
|t:|1785180530
|teamsize|p1|4
|teamsize|p2|4
|start
|switch|p1a: Dawnbreaker|Charizard, L50, M, shiny|100/100
|switch|p1b: Grimsever|Sneasler, L50, M, shiny|100/100
|switch|p2a: Mamoswine|Mamoswine, L50, F|100/100
|switch|p2b: Raichu|Raichu, L50, M|100/100
|turn|1
|inactive|d1mo22 has 30 seconds left.
|inactive|d1mo22 has 20 seconds left.
|inactive|d1mo22 has 15 seconds left.
|inactive|d1mo22 has 10 seconds left.
|
|t:|1785180578
|switch|p2a: Ceruledge|Ceruledge, L50, F|100/100
|detailschange|p2b: Raichu|Raichu-Mega-Y, L50, M
|-mega|p2b: Raichu|Raichu|Raichunite Y
|detailschange|p1a: Dawnbreaker|Charizard-Mega-Y, L50, M, shiny
|-mega|p1a: Dawnbreaker|Charizard|Charizardite Y
|-weather|SunnyDay|[from] ability: Drought|[of] p1a: Dawnbreaker
|move|p2b: Raichu|Fake Out|p1a: Dawnbreaker
|-damage|p1a: Dawnbreaker|86/100
|move|p1b: Grimsever|Fake Out|p2a: Ceruledge
|-immune|p2a: Ceruledge
|cant|p1a: Dawnbreaker|flinch
|
|-weather|SunnyDay|[upkeep]
|upkeep
|turn|2
|
|t:|1785180595
|switch|p1a: Windshear|Whimsicott, L50, M, shiny|100/100
|move|p2b: Raichu|Zap Cannon|p1b: Grimsever
|-damage|p1b: Grimsever|15/100
|-status|p1b: Grimsever|par
|move|p2a: Ceruledge|Bulk Up|p2a: Ceruledge
|-boost|p2a: Ceruledge|atk|1
|-boost|p2a: Ceruledge|def|1
|move|p1b: Grimsever|Close Combat|p2b: Raichu
|-damage|p2b: Raichu|0 fnt
|-unboost|p1b: Grimsever|def|1
|-unboost|p1b: Grimsever|spd|1
|faint|p2b: Raichu
|-enditem|p1b: Grimsever|White Herb
|-clearnegativeboost|p1b: Grimsever|[silent]
|
|-weather|SunnyDay|[upkeep]
|upkeep
|
|t:|1785180615
|switch|p2b: Mamoswine|Mamoswine, L50, F|100/100
|turn|3
|
|t:|1785180624
|switch|p1b: Dragonbane|Kingambit, L50, M, shiny|100/100
|move|p1a: Windshear|Encore|p2a: Ceruledge
|-start|p2a: Ceruledge|Encore
|move|p2b: Mamoswine|Ice Shard|p1b: Dragonbane
|-resisted|p1b: Dragonbane|1
|-damage|p1b: Dragonbane|90/100
|-damage|p2b: Mamoswine|90/100|[from] item: Life Orb
|move|p2a: Ceruledge|Bulk Up|p2a: Ceruledge
|-boost|p2a: Ceruledge|atk|1
|-boost|p2a: Ceruledge|def|1
|
|-weather|SunnyDay|[upkeep]
|upkeep
|turn|4
|
|t:|1785180638
|move|p1a: Windshear|Encore|p2b: Mamoswine
|-start|p2b: Mamoswine|Encore
|move|p2b: Mamoswine|Ice Shard|p1b: Dragonbane
|-resisted|p1b: Dragonbane|1
|-damage|p1b: Dragonbane|80/100
|-damage|p2b: Mamoswine|80/100|[from] item: Life Orb
|move|p2a: Ceruledge|Bulk Up|p2a: Ceruledge
|-boost|p2a: Ceruledge|atk|1
|-boost|p2a: Ceruledge|def|1
|move|p1b: Dragonbane|Kowtow Cleave|p2a: Ceruledge
|-supereffective|p2a: Ceruledge|1
|-enditem|p2a: Ceruledge|Colbur Berry|[eat]
|-enditem|p2a: Ceruledge|Colbur Berry|[weaken]
|-damage|p2a: Ceruledge|68/100
|
|-weather|SunnyDay|[upkeep]
|upkeep
|turn|5
|
|t:|1785180650
|move|p2b: Mamoswine|Ice Shard|p1a: Windshear
|-supereffective|p1a: Windshear|1
|-damage|p1a: Windshear|8/100
|-damage|p2b: Mamoswine|71/100|[from] item: Life Orb
|move|p1a: Windshear|Moonblast|p2a: Ceruledge
|-resisted|p2a: Ceruledge|1
|-damage|p2a: Ceruledge|53/100
|move|p2a: Ceruledge|Bulk Up|p2a: Ceruledge
|-boost|p2a: Ceruledge|atk|1
|-boost|p2a: Ceruledge|def|1
|move|p1b: Dragonbane|Kowtow Cleave|p2a: Ceruledge
|-supereffective|p2a: Ceruledge|1
|-damage|p2a: Ceruledge|6/100
|
|-weather|none
|-end|p2a: Ceruledge|Encore
|upkeep
|turn|6
|
|t:|1785180673
|move|p1a: Windshear|Encore|p2a: Ceruledge
|-start|p2a: Ceruledge|Encore
|move|p2b: Mamoswine|Ice Shard|p1a: Windshear
|-supereffective|p1a: Windshear|1
|-damage|p1a: Windshear|0 fnt
|faint|p1a: Windshear
|-damage|p2b: Mamoswine|61/100|[from] item: Life Orb
|move|p1b: Dragonbane|Sucker Punch||[still]
|-fail|p1b: Dragonbane
|move|p2a: Ceruledge|Bulk Up|p2a: Ceruledge
|-boost|p2a: Ceruledge|atk|1
|-boost|p2a: Ceruledge|def|1
|
|-end|p2b: Mamoswine|Encore
|upkeep
|
|t:|1785180680
|switch|p1a: Dawnbreaker|Charizard-Mega-Y, L50, M, shiny|86/100
|-weather|SunnyDay|[from] ability: Drought|[of] p1a: Dawnbreaker
|turn|7
|
|t:|1785180693
|move|p1a: Dawnbreaker|Heat Wave|p2b: Mamoswine|[spread] p2b
|-start|p2a: Ceruledge|ability: Flash Fire
|-supereffective|p2b: Mamoswine|1
|-damage|p2b: Mamoswine|0 fnt
|faint|p2b: Mamoswine
|move|p2a: Ceruledge|Bulk Up|p2a: Ceruledge
|-boost|p2a: Ceruledge|atk|1
|-boost|p2a: Ceruledge|def|1
|move|p1b: Dragonbane|Kowtow Cleave|p2a: Ceruledge
|-supereffective|p2a: Ceruledge|1
|-damage|p2a: Ceruledge|0 fnt
|faint|p2a: Ceruledge
|
|-weather|SunnyDay|[upkeep]
|upkeep
|c|☆ManBunVGC|encore goes brrrrr
|c|☆d1mo22|gg
|c|☆ManBunVGC|ggwp!
|
|t:|1785180710
|switch|p2a: Gyarados|Gyarados, L50, F, shiny|100/100
|-ability|p2a: Gyarados|Intimidate|boost
|-unboost|p1a: Dawnbreaker|atk|1
|-unboost|p1b: Dragonbane|atk|1
|-ability|p1b: Dragonbane|Defiant|boost
|-boost|p1b: Dragonbane|atk|2
|turn|8
|c|☆ManBunVGC|thanks for the game!
|
|t:|1785180724
|move|p1a: Dawnbreaker|Heat Wave|p2a: Gyarados
|-resisted|p2a: Gyarados|1
|-damage|p2a: Gyarados|61/100
|move|p2a: Gyarados|Dragon Dance|p2a: Gyarados
|-boost|p2a: Gyarados|atk|1
|-boost|p2a: Gyarados|spe|1
|move|p1b: Dragonbane|Kowtow Cleave|p2a: Gyarados
|-damage|p2a: Gyarados|0 fnt
|faint|p2a: Gyarados
|
|win|ManBunVGC
|raw|ManBunVGC's rating: 1284 → 1311(+27 for winning)
|raw|d1mo22's rating: 1309 → 1288(-21 for losing)
