|j|☆bagunks
|j|☆Marvcolor
|html|bagunksMarvcolor    
|uhtml|bestof|Game 1 of a best-of-3
|t:|1784183137
|gametype|doubles
|player|p1|bagunks|ingo|1146
|player|p2|Marvcolor|giovanni|1345
|gen|9
|tier|[Gen 9 Champions] VGC 2026 Reg M-B (Bo3)
|rated|
|rule|Species Clause: Limit one of each Pokémon
|rule|Item Clause: Limit 1 of each item
|clearpoke
|poke|p1|Basculegion, L50, M|
|poke|p1|Eelektross, L50, M, shiny|
|poke|p1|Garchomp, L50, M|
|poke|p1|Hydreigon, L50, M, shiny|
|poke|p1|Metagross, L50|
|poke|p1|Whimsicott, L50, F|
|poke|p2|Gengar, L50, M, shiny|
|poke|p2|Politoed, L50, M, shiny|
|poke|p2|Archaludon, L50, F, shiny|
|poke|p2|Swampert, L50, M, shiny|
|poke|p2|Incineroar, L50, F, shiny|
|poke|p2|Vivillon, L50, F, shiny|
|teampreview|4
|showteam|p1|Basculegion||MysticWater|Adaptability|AquaJet,LastRespects,Protect,WaveCrash|Adamant||M|||50|]Eelektross||Eelektrossite|Levitate|Flamethrower,GrassKnot,Protect,Thunderbolt|Timid||M|||50|]Garchomp||LifeOrb|RoughSkin|DragonClaw,Earthquake,Protect,RockSlide|Jolly||M|||50|]Hydreigon||ChoiceScarf|Levitate|DarkPulse,DracoMeteor,Flamethrower,Snarl|Modest||M|||50|]Metagross||Metagrossite|ClearBody|IcePunch,IronHead,Protect,PsychicFangs|Jolly|||||50|]Whimsicott||FocusSash|Prankster|Encore,Moonblast,Protect,Tailwind|Timid||F|||50|
|showteam|p2|Gengar||Gengarite|CursedBody|ShadowBall,SludgeBomb,PerishSong,Protect|Modest||M|||50|]Politoed||SitrusBerry|Drizzle|WeatherBall,PerishSong,Encore,Protect|Calm||M|||50|]Archaludon||Leftovers|Stamina|ElectroShot,DragonPulse,FlashCannon,Protect|Bold||F|||50|]Swampert||Swampertite|Damp|WaveCrash,Earthquake,IcePunch,Protect|Adamant||M|||50|]Incineroar||PasshoBerry|Intimidate|ThroatChop,PartingShot,Protect,FakeOut|Sassy||F|||50|]Vivillon||FocusSash|CompoundEyes|Hurricane,SleepPowder,RagePowder,Protect|Timid||F|||50|
|inactive|Battle timer is ON: inactive players will automatically lose when time's up. (requested by Marvcolor)
|inactive|Marvcolor has 60 seconds left.
|
|t:|1784183179
|teamsize|p1|4
|teamsize|p2|4
|start
|switch|p1a: Eelektross|Eelektross, L50, M, shiny|100/100
|switch|p1b: Whimsicott|Whimsicott, L50, F|100/100
|switch|p2a: 3R|Swampert, L50, M, shiny|100/100
|switch|p2b: Time Walk|Vivillon, L50, F, shiny|100/100
|turn|1
|c|☆bagunks|gachiakuta?!
|inactive|bagunks has 30 seconds left.
|
|t:|1784183206
|switch|p2a: Centralian|Archaludon, L50, F, shiny|100/100
|detailschange|p1a: Eelektross|Eelektross-Mega, L50, M, shiny
|-mega|p1a: Eelektross|Eelektross|Eelektrossite
|move|p1b: Whimsicott|Tailwind|p1b: Whimsicott
|-sidestart|p1: bagunks|move: Tailwind
|move|p1a: Eelektross|Grass Knot|p2a: Centralian
|-resisted|p2a: Centralian|2
|-damage|p2a: Centralian|93/100
|-ability|p2a: Centralian|Stamina|boost
|-boost|p2a: Centralian|def|1
|move|p2b: Time Walk|Sleep Powder|p1a: Eelektross
|-status|p1a: Eelektross|slp|[from] move: Sleep Powder
|
|-heal|p2a: Centralian|99/100|[from] item: Leftovers
|upkeep
|turn|2
|c|☆Marvcolor|yea
|inactive|Marvcolor has 30 seconds left.
|
|t:|1784183234
|switch|p2b: Connect|Politoed, L50, M, shiny|100/100
|-weather|RainDance|[from] ability: Drizzle|[of] p2b: Connect
|move|p1b: Whimsicott|Moonblast|p2a: Centralian
|-damage|p2a: Centralian|61/100
|-unboost|p2a: Centralian|spa|1
|-ability|p2a: Centralian|Stamina|boost
|-boost|p2a: Centralian|def|1
|cant|p1a: Eelektross|slp
|move|p2a: Centralian|Electro Shot||[still]
|-prepare|p2a: Centralian|Electro Shot
|-boost|p2a: Centralian|spa|1
|-anim|p2a: Centralian|Electro Shot|p1b: Whimsicott
|-resisted|p1b: Whimsicott|1
|-damage|p1b: Whimsicott|70/100
|
|-weather|RainDance|[upkeep]
|-heal|p2a: Centralian|68/100|[from] item: Leftovers
|upkeep
|turn|3
|
|t:|1784183257
|move|p1b: Whimsicott|Moonblast|p2a: Centralian
|-damage|p2a: Centralian|30/100
|-ability|p2a: Centralian|Stamina|boost
|-boost|p2a: Centralian|def|1
|-curestatus|p1a: Eelektross|slp|[msg]
|move|p1a: Eelektross|Thunderbolt|p2b: Connect
|-supereffective|p2b: Connect|1
|-damage|p2b: Connect|25/100
|-enditem|p2b: Connect|Sitrus Berry|[eat]
|-heal|p2b: Connect|50/100g|[from] item: Sitrus Berry
|move|p2a: Centralian|Flash Cannon|p1b: Whimsicott
|-supereffective|p1b: Whimsicott|1
|-damage|p1b: Whimsicott|0 fnt
|faint|p1b: Whimsicott
|move|p2b: Connect|Encore|p1a: Eelektross
|-start|p1a: Eelektross|Encore
|
|-weather|RainDance|[upkeep]
|-heal|p2a: Centralian|36/100|[from] item: Leftovers
|upkeep
|
|t:|1784183276
|switch|p1b: Hydreigon|Hydreigon, L50, M, shiny|100/100
|turn|4
|
|t:|1784183284
|switch|p2b: 3R|Swampert, L50, M, shiny|100/100
|move|p2a: Centralian|Protect|p2a: Centralian
|-singleturn|p2a: Centralian|Protect
|move|p1b: Hydreigon|Draco Meteor|p2a: Centralian
|-activate|p2a: Centralian|move: Protect
|move|p1a: Eelektross|Thunderbolt|p2b: 3R
|-immune|p2b: 3R
|
|-weather|RainDance|[upkeep]
|-heal|p2a: Centralian|43/100|[from] item: Leftovers
|-sideend|p1: bagunks|move: Tailwind
|upkeep
|turn|5
|inactive|Marvcolor has 30 seconds left.
|inactive|Marvcolor has 20 seconds left.
|inactive|Marvcolor has 15 seconds left.
|
|t:|1784183327
|switch|p1a: Basculegion|Basculegion, L50, M|100/100
|switch|p2a: Connect|Politoed, L50, M, shiny|50/100g
|detailschange|p2b: 3R|Swampert-Mega, L50, M, shiny
|-mega|p2b: 3R|Swampert|Swampertite
|move|p2b: 3R|Wave Crash|p1a: Basculegion
|-resisted|p1a: Basculegion|1
|-damage|p1a: Basculegion|23/100
|-damage|p2b: 3R|72/100|[from] Recoil
|move|p1b: Hydreigon|Draco Meteor|p2a: Connect
|-damage|p2a: Connect|0 fnt
|-unboost|p1b: Hydreigon|spa|2
|faint|p2a: Connect
|
|-weather|RainDance|[upkeep]
|upkeep
|
|t:|1784183339
|switch|p2a: Time Walk|Vivillon, L50, F, shiny|100/100
|turn|6
|
|t:|1784183353
|switch|p1b: Eelektross|Eelektross-Mega, L50, M, shiny|100/100
|move|p1a: Basculegion|Aqua Jet|p2b: 3R
|-damage|p2b: 3R|27/100
|move|p2b: 3R|Wave Crash|p1a: Basculegion
|-resisted|p1a: Basculegion|1
|-damage|p1a: Basculegion|0 fnt
|faint|p1a: Basculegion
|-damage|p2b: 3R|18/100|[from] Recoil
|move|p2a: Time Walk|Sleep Powder|p1b: Eelektross
|-status|p1b: Eelektross|slp|[from] move: Sleep Powder
|
|-weather|none
|upkeep
|
|t:|1784183361
|switch|p1a: Hydreigon|Hydreigon, L50, M, shiny|100/100
|turn|7
|
|t:|1784183374
|move|p2b: 3R|Protect|p2b: 3R
|-singleturn|p2b: 3R|Protect
|move|p1a: Hydreigon|Dark Pulse|p2b: 3R
|-activate|p2b: 3R|move: Protect
|move|p2a: Time Walk|Sleep Powder|p1a: Hydreigon
|-status|p1a: Hydreigon|slp|[from] move: Sleep Powder
|cant|p1b: Eelektross|slp
|
|upkeep
|turn|8
|
|t:|1784183385
|cant|p1a: Hydreigon|slp
|move|p2a: Time Walk|Hurricane|p1a: Hydreigon
|-damage|p1a: Hydreigon|52/100 slp
|cant|p1b: Eelektross|slp
|move|p2b: 3R|Ice Punch|p1a: Hydreigon
|-supereffective|p1a: Hydreigon|1
|-damage|p1a: Hydreigon|0 fnt
|faint|p1a: Hydreigon
|
|upkeep
|turn|9
|
|t:|1784183395
|move|p2a: Time Walk|Protect|p2a: Time Walk
|-singleturn|p2a: Time Walk|Protect
|move|p2b: 3R|Protect|p2b: 3R
|-singleturn|p2b: 3R|Protect
|-curestatus|p1b: Eelektross|slp|[msg]
|move|p1b: Eelektross|Grass Knot|p2b: 3R
|-activate|p2b: 3R|move: Protect
|
|upkeep
|turn|10
|
|t:|1784183402
|move|p2a: Time Walk|Sleep Powder|p1b: Eelektross
|-status|p1b: Eelektross|slp|[from] move: Sleep Powder
|cant|p1b: Eelektross|slp
|move|p2b: 3R|Ice Punch|p1b: Eelektross
|-damage|p1b: Eelektross|61/100 slp
|
|upkeep
|turn|11
|inactive|bagunks has 30 seconds left.
|inactive|bagunks has 20 seconds left.
|inactive|bagunks has 15 seconds left.
|inactive|bagunks has 10 seconds left.
|inactive|bagunks has 5 seconds left.
|
|t:|1784183457
|move|p2a: Time Walk|Hurricane|p1b: Eelektross
|-resisted|p1b: Eelektross|1
|-damage|p1b: Eelektross|32/100 slp
|cant|p1b: Eelektross|slp
|move|p2b: 3R|Wave Crash|p1b: Eelektross
|-damage|p1b: Eelektross|0 fnt
|faint|p1b: Eelektross
|-damage|p2b: 3R|9/100|[from] Recoil
|
|win|Marvcolor
||Marvcolor is ready for game 2.
|inactive|bagunks has 30 seconds to confirm battle start!
|inactive|bagunks has 20 seconds to confirm battle start!
|inactive|bagunks has 10 seconds to confirm battle start!
|uhtml|next|Next: Game 2 of 3
