|j|☆Andrea Pirlo 2
|j|☆goba3007
|html|Andrea Pirlo 2goba3007    
|uhtml|bestof|Game 1 of a best-of-3
|t:|1782406853
|gametype|doubles
|player|p1|Andrea Pirlo 2|volkner|1363
|player|p2|goba3007|266|1286
|gen|9
|tier|[Gen 9 Champions] VGC 2026 Reg M-B (Bo3)
|rated|
|rule|Species Clause: Limit one of each Pokémon
|rule|Item Clause: Limit 1 of each item
|clearpoke
|poke|p1|Swampert, L50, F|
|poke|p1|Pelipper, L50, M|
|poke|p1|Archaludon, L50, M|
|poke|p1|Sinistcha, L50|
|poke|p1|Gholdengo, L50|
|poke|p1|Dragonite, L50, F|
|poke|p2|Grimmsnarl, L50, M|
|poke|p2|Swampert, L50, M|
|poke|p2|Pelipper, L50, M|
|poke|p2|Archaludon, L50, M|
|poke|p2|Sinistcha, L50|
|poke|p2|Metagross, L50|
|teampreview|4
|showteam|p1|Swampert||Swampertite|Torrent|HighHorsepower,WaveCrash,IcePunch,Protect|Adamant||F|||50|]Pelipper||ExpertBelt|Drizzle|WeatherBall,Hurricane,Tailwind,Protect|Modest||M|||50|]Archaludon||Leftovers|Stamina|ElectroShot,DragonPulse,FlashCannon,Protect|Modest||M|||50|]Sinistcha||SitrusBerry|Hospitality|MatchaGotcha,RagePowder,TrickRoom,Protect|Calm|||||50|]Gholdengo||LifeOrb|GoodasGold|MakeItRain,ShadowBall,NastyPlot,Protect|Timid|||||50|]Dragonite||Dragoninite|Multiscale|DragonPulse,Flamethrower,Tailwind,Protect|Jolly||F|||50|
|showteam|p2|Grimmsnarl||LightClay|Prankster|FoulPlay,PartingShot,Reflect,LightScreen|Calm||M|||50|]Swampert||Swampertite|Damp|WaveCrash,Earthquake,IcePunch,Protect|Adamant||M|||50|]Pelipper||SitrusBerry|Drizzle|Hurricane,WeatherBall,Tailwind,WideGuard|Modest||M|||50|]Archaludon||Leftovers|Stamina|ElectroShot,DragonPulse,FlashCannon,Protect|Modest||M|||50|]Sinistcha||CobaBerry|Hospitality|MatchaGotcha,RagePowder,TrickRoom,Protect|Relaxed|||||50|]Metagross||Metagrossite|ClearBody|IronHead,PsychicFangs,BodyPress,Protect|Jolly|||||50|
|inactive|Battle timer is ON: inactive players will automatically lose when time's up. (requested by Andrea Pirlo 2)
|inactive|Andrea Pirlo 2 has 60 seconds left.
|
|t:|1782406893
|teamsize|p1|4
|teamsize|p2|4
|start
|switch|p1a: Gholdengo|Gholdengo, L50|100/100
|switch|p1b: Swampert|Swampert, L50, F|100/100
|switch|p2a: Grimmsnarl|Grimmsnarl, L50, M|100/100
|switch|p2b: Swampert|Swampert, L50, M|100/100
|turn|1
|
|t:|1782406903
|detailschange|p1b: Swampert|Swampert-Mega, L50, F
|-mega|p1b: Swampert|Swampert|Swampertite
|detailschange|p2b: Swampert|Swampert-Mega, L50, M
|-mega|p2b: Swampert|Swampert|Swampertite
|move|p2a: Grimmsnarl|Light Screen|p2a: Grimmsnarl
|-sidestart|p2: goba3007|move: Light Screen
|move|p1a: Gholdengo|Make It Rain|p2b: Swampert|[spread] p2a,p2b
|-supereffective|p2a: Grimmsnarl|1
|-resisted|p2b: Swampert|1
|-damage|p2a: Grimmsnarl|29/100
|-damage|p2b: Swampert|83/100
|-unboost|p1a: Gholdengo|spa|2
|-damage|p1a: Gholdengo|90/100|[from] item: Life Orb
|move|p1b: Swampert|High Horsepower|p2a: Grimmsnarl
|-damage|p2a: Grimmsnarl|0 fnt
|faint|p2a: Grimmsnarl
|move|p2b: Swampert|Earthquake|p1b: Swampert|[spread] p1a,p1b
|-supereffective|p1a: Gholdengo|1
|-damage|p1a: Gholdengo|0 fnt
|-damage|p1b: Swampert|59/100
|faint|p1a: Gholdengo
|
|upkeep
|
|t:|1782406925
|switch|p1a: Sinistcha|Sinistcha, L50|100/100
|switch|p2a: Sinistcha|Sinistcha, L50|100/100
|-heal|p1b: Swampert|83/100|[from] ability: Hospitality|[of] p1a: Sinistcha
|-heal|p2b: Swampert|100/100|[from] ability: Hospitality|[of] p2a: Sinistcha
|turn|2
|
|t:|1782406936
|switch|p1b: Archaludon|Archaludon, L50, M|100/100
|switch|p2b: Archaludon|Archaludon, L50, M|100/100
|move|p1a: Sinistcha|Matcha Gotcha|p2b: Archaludon|[spread] p2a,p2b
|-resisted|p2a: Sinistcha|1
|-resisted|p2b: Archaludon|2
|-damage|p2a: Sinistcha|92/100
|-damage|p2b: Archaludon|96/100
|-ability|p2b: Archaludon|Stamina|boost
|-boost|p2b: Archaludon|def|1
|move|p2a: Sinistcha|Matcha Gotcha|p1a: Sinistcha|[spread] p1a,p1b
|-resisted|p1a: Sinistcha|1
|-resisted|p1b: Archaludon|2
|-damage|p1a: Sinistcha|89/100
|-heal|p2a: Sinistcha|98/100|[from] drain|[of] p1a: Sinistcha
|-damage|p1b: Archaludon|93/100
|-heal|p2a: Sinistcha|100/100|[from] drain|[of] p1b: Archaludon
|-ability|p1b: Archaludon|Stamina|boost
|-boost|p1b: Archaludon|def|1
|
|-heal|p1b: Archaludon|99/100|[from] item: Leftovers
|-heal|p2b: Archaludon|100/100|[from] item: Leftovers
|upkeep
|turn|3
|
|t:|1782406955
|move|p2a: Sinistcha|Rage Powder|p2a: Sinistcha
|-singleturn|p2a: Sinistcha|move: Rage Powder
|move|p1b: Archaludon|Electro Shot||[still]
|-prepare|p1b: Archaludon|Electro Shot
|-boost|p1b: Archaludon|spa|1
|move|p2b: Archaludon|Dragon Pulse|p1b: Archaludon
|-crit|p1b: Archaludon
|-damage|p1b: Archaludon|34/100
|-ability|p1b: Archaludon|Stamina|boost
|-boost|p1b: Archaludon|def|1
|move|p1a: Sinistcha|Matcha Gotcha|p2b: Archaludon|[spread] p2a,p2b
|-resisted|p2a: Sinistcha|1
|-resisted|p2b: Archaludon|2
|-damage|p2a: Sinistcha|92/100
|-heal|p1a: Sinistcha|93/100|[from] drain|[of] p2a: Sinistcha
|-damage|p2b: Archaludon|96/100
|-heal|p1a: Sinistcha|95/100|[from] drain|[of] p2b: Archaludon
|-ability|p2b: Archaludon|Stamina|boost
|-boost|p2b: Archaludon|def|1
|
|-heal|p1b: Archaludon|41/100|[from] item: Leftovers
|-heal|p2b: Archaludon|100/100|[from] item: Leftovers
|upkeep
|turn|4
|
|t:|1782406968
|move|p1a: Sinistcha|Rage Powder|p1a: Sinistcha
|-singleturn|p1a: Sinistcha|move: Rage Powder
|move|p2a: Sinistcha|Rage Powder|p2a: Sinistcha
|-singleturn|p2a: Sinistcha|move: Rage Powder
|move|p1b: Archaludon|Electro Shot|p2a: Sinistcha|[from] lockedmove
|-resisted|p2a: Sinistcha|1
|-damage|p2a: Sinistcha|73/100
|move|p2b: Archaludon|Dragon Pulse|p1a: Sinistcha
|-damage|p1a: Sinistcha|60/100
|
|-heal|p1b: Archaludon|47/100|[from] item: Leftovers
|upkeep
|turn|5
|
|t:|1782406982
|move|p1a: Sinistcha|Rage Powder|p1a: Sinistcha
|-singleturn|p1a: Sinistcha|move: Rage Powder
|move|p1b: Archaludon|Dragon Pulse|p2b: Archaludon
|-damage|p2b: Archaludon|61/100
|-ability|p2b: Archaludon|Stamina|boost
|-boost|p2b: Archaludon|def|1
|move|p2b: Archaludon|Dragon Pulse|p1a: Sinistcha
|-damage|p1a: Sinistcha|20/100y
|-enditem|p1a: Sinistcha|Sitrus Berry|[eat]
|-heal|p1a: Sinistcha|45/100|[from] item: Sitrus Berry
|move|p2a: Sinistcha|Matcha Gotcha|p1a: Sinistcha|[spread] p1a,p1b
|-resisted|p1a: Sinistcha|1
|-resisted|p1b: Archaludon|2
|-damage|p1a: Sinistcha|34/100
|-heal|p2a: Sinistcha|78/100|[from] drain|[of] p1a: Sinistcha
|-damage|p1b: Archaludon|40/100
|-heal|p2a: Sinistcha|82/100|[from] drain|[of] p1b: Archaludon
|-ability|p1b: Archaludon|Stamina|boost
|-boost|p1b: Archaludon|def|1
|
|-heal|p1b: Archaludon|46/100|[from] item: Leftovers
|-heal|p2b: Archaludon|67/100|[from] item: Leftovers
|upkeep
|turn|6
|
|t:|1782406994
|switch|p2a: Swampert|Swampert-Mega, L50, M|100/100
|move|p2b: Archaludon|Protect|p2b: Archaludon
|-singleturn|p2b: Archaludon|Protect
|move|p1a: Sinistcha|Rage Powder|p1a: Sinistcha
|-singleturn|p1a: Sinistcha|move: Rage Powder
|move|p1b: Archaludon|Dragon Pulse|p2a: Swampert
|-damage|p2a: Swampert|63/100
|
|-heal|p1b: Archaludon|52/100|[from] item: Leftovers
|-heal|p2b: Archaludon|73/100|[from] item: Leftovers
|upkeep
|turn|7
|
|t:|1782407015
|move|p1a: Sinistcha|Protect|p1a: Sinistcha
|-singleturn|p1a: Sinistcha|Protect
|move|p1b: Archaludon|Dragon Pulse|p2b: Archaludon
|-damage|p2b: Archaludon|35/100
|-ability|p2b: Archaludon|Stamina|boost
|-boost|p2b: Archaludon|def|1
|move|p2b: Archaludon|Dragon Pulse|p1b: Archaludon
|-damage|p1b: Archaludon|11/100
|-ability|p1b: Archaludon|Stamina|boost
|-boost|p1b: Archaludon|def|1
|move|p2a: Swampert|Ice Punch|p1a: Sinistcha
|-activate|p1a: Sinistcha|move: Protect
|
|-heal|p1b: Archaludon|17/100|[from] item: Leftovers
|-heal|p2b: Archaludon|41/100|[from] item: Leftovers
|upkeep
|turn|8
|
|t:|1782407027
|switch|p1a: Swampert|Swampert-Mega, L50, F|83/100
|move|p1b: Archaludon|Protect|p1b: Archaludon
|-singleturn|p1b: Archaludon|Protect
|move|p2b: Archaludon|Protect|p2b: Archaludon
|-singleturn|p2b: Archaludon|Protect
|move|p2a: Swampert|Ice Punch|p1a: Swampert
|-damage|p1a: Swampert|54/100
|
|-heal|p1b: Archaludon|23/100|[from] item: Leftovers
|-heal|p2b: Archaludon|47/100|[from] item: Leftovers
|-sideend|p2: goba3007|move: Light Screen
|upkeep
|turn|9
|
|t:|1782407040
|switch|p2a: Sinistcha|Sinistcha, L50|82/100
|-heal|p2b: Archaludon|72/100|[from] ability: Hospitality|[of] p2a: Sinistcha
|move|p2b: Archaludon|Protect||[still]
|-fail|p2b: Archaludon
|move|p1b: Archaludon|Dragon Pulse|p2b: Archaludon
|-damage|p2b: Archaludon|13/100
|-ability|p2b: Archaludon|Stamina|boost
|-boost|p2b: Archaludon|def|1
|move|p1a: Swampert|High Horsepower|p2b: Archaludon
|-supereffective|p2b: Archaludon|1
|-damage|p2b: Archaludon|0 fnt
|faint|p2b: Archaludon
|
|-heal|p1b: Archaludon|29/100|[from] item: Leftovers
|upkeep
|
|t:|1782407055
|switch|p2b: Swampert|Swampert-Mega, L50, M|63/100
|turn|10
|
|t:|1782407058
|switch|p1a: Sinistcha|Sinistcha, L50|34/100
|-heal|p1b: Archaludon|54/100|[from] ability: Hospitality|[of] p1a: Sinistcha
|move|p1b: Archaludon|Protect|p1b: Archaludon
|-singleturn|p1b: Archaludon|Protect
|move|p2b: Swampert|Earthquake|p1a: Sinistcha|[spread] p2a,p1a
|-activate|p1b: Archaludon|move: Protect
|-resisted|p2a: Sinistcha|1
|-resisted|p1a: Sinistcha|1
|-damage|p2a: Sinistcha|64/100
|-damage|p1a: Sinistcha|15/100
|move|p2a: Sinistcha|Matcha Gotcha|p1b: Archaludon|[spread] p1a
|-activate|p1b: Archaludon|move: Protect
|-resisted|p1a: Sinistcha|1
|-damage|p1a: Sinistcha|5/100
|-heal|p2a: Sinistcha|69/100|[from] drain|[of] p1a: Sinistcha
|
|-heal|p1b: Archaludon|60/100|[from] item: Leftovers
|upkeep
|turn|11
|
|t:|1782407078
|move|p1a: Sinistcha|Rage Powder|p1a: Sinistcha
|-singleturn|p1a: Sinistcha|move: Rage Powder
|move|p1b: Archaludon|Dragon Pulse|p2b: Swampert
|-damage|p2b: Swampert|12/100
|move|p2b: Swampert|Earthquake|p1b: Archaludon|[spread] p2a,p1a,p1b
|-resisted|p2a: Sinistcha|1
|-resisted|p1a: Sinistcha|1
|-supereffective|p1b: Archaludon|1
|-damage|p2a: Sinistcha|48/100
|-damage|p1a: Sinistcha|0 fnt
|-damage|p1b: Archaludon|37/100
|-ability|p1b: Archaludon|Stamina|boost
|-boost|p1b: Archaludon|def|1
|faint|p1a: Sinistcha
|move|p2a: Sinistcha|Matcha Gotcha|p1b: Archaludon
|-resisted|p1b: Archaludon|2
|-damage|p1b: Archaludon|30/100
|-heal|p2a: Sinistcha|53/100|[from] drain|[of] p1b: Archaludon
|-ability|p1b: Archaludon|Stamina|boost
|-boost|p1b: Archaludon|def|1
|
|-heal|p1b: Archaludon|36/100|[from] item: Leftovers
|upkeep
|
|t:|1782407082
|switch|p1a: Swampert|Swampert-Mega, L50, F|54/100
|turn|12
|
|t:|1782407091
|move|p2b: Swampert|Protect|p2b: Swampert
|-singleturn|p2b: Swampert|Protect
|move|p1b: Archaludon|Dragon Pulse|p2b: Swampert
|-activate|p2b: Swampert|move: Protect
|move|p1a: Swampert|Ice Punch|p2a: Sinistcha
|-supereffective|p2a: Sinistcha|1
|-damage|p2a: Sinistcha|0 fnt
|faint|p2a: Sinistcha
|
|-heal|p1b: Archaludon|42/100|[from] item: Leftovers
|upkeep
|turn|13
|
|t:|1782407101
|move|p1b: Archaludon|Dragon Pulse|p2b: Swampert
|-damage|p2b: Swampert|0 fnt
|faint|p2b: Swampert
|
|win|Andrea Pirlo 2
