|j|‚ėÜShibuVGC
|j|‚ėÜCopyOfUntitled1111
|html|ShibuVGCCopyOfUntitled1111    
|uhtml|bestof|Game 1 of a best-of-3
|t:|1756345417
|gametype|doubles
|player|p1|ShibuVGC|caitlin|1050
|player|p2|CopyOfUntitled1111|steven|1000
|gen|9
|tier|[Gen 9] VGC 2025 Reg H (Bo3)
|rated|
|rule|Species Clause: Limit one of each Pok√©mon
|rule|Item Clause: Limit 1 of each item
|clearpoke
|poke|p1|Incineroar, L50, M|
|poke|p1|Pelipper, L50, M|
|poke|p1|Basculegion, L50, M|
|poke|p1|Amoonguss, L50, M|
|poke|p1|Maushold-Four, L50|
|poke|p1|Archaludon, L50, M|
|poke|p2|Noivern, L50, M|
|poke|p2|Weezing-Galar, L50, M|
|poke|p2|Gholdengo, L50|
|poke|p2|Garchomp, L50, M|
|poke|p2|Annihilape, L50, M|
|poke|p2|Incineroar, L50, F|
|teampreview|4
|showteam|p1|Incineroar||SafetyGoggles|Intimidate|FakeOut,FlareBlitz,KnockOff,PartingShot|||M|||50|,,,,,Ghost]Pelipper||FocusSash|Drizzle|Hurricane,WeatherBall,Tailwind,Protect|||M|||50|,,,,,Ghost]Basculegion||MysticWater|SwiftSwim|Protect,WaveCrash,AquaJet,LastRespects|||M|||50|,,,,,Water]Amoonguss||RockyHelmet|Regenerator|Spore,RagePowder,PollenPuff,ClearSmog|||M|||50|,,,,,Water]Maushold-Four||WideLens|Technician|PopulationBomb,FollowMe,Taunt,Protect||||||50|,,,,,Grass]Archaludon||AssaultVest|Stamina|ElectroShot,DragonPulse,FlashCannon,BodyPress|||M|||50|,,,,,Electric
|showteam|p2|Noivern||CovertCloak|Telepathy|AirSlash,SuperFang,Tailwind,Taunt|||M|||50|,,,,,Steel]Weezing-Galar||ChoiceSpecs|NeutralizingGas|DazzlingGleam,SludgeBomb,StrangeSteam,Flamethrower|||M|||50|,,,,,Flying]Gholdengo||MetalCoat|GoodasGold|MakeItRain,ShadowBall,NastyPlot,Protect||||||50|,,,,,Flying]Garchomp||LifeOrb|RoughSkin|DragonClaw,Earthquake,StompingTantrum,Protect|||M|||50|,,,,,Ground]Annihilape||SafetyGoggles|Defiant|CloseCombat,ShadowClaw,FinalGambit,Taunt|||M|||50|,,,,,Stellar]Incineroar||AssaultVest|Intimidate|FlareBlitz,KnockOff,FakeOut,Uturn|||F|||50|,,,,,Bug
|inactive|Battle timer is ON: inactive players will automatically lose when time's up. (requested by CopyOfUntitled1111)
|inactive|ShibuVGC has 60 seconds left.
|inactive|CopyOfUntitled1111 has 60 seconds left.
|inactive|ShibuVGC has 30 seconds left.
|inactive|ShibuVGC has 20 seconds left.
|inactive|ShibuVGC has 15 seconds left.
|inactive|ShibuVGC has 10 seconds left.
|inactive|ShibuVGC has 5 seconds left.
|
|t:|1756345504
|teamsize|p1|4
|teamsize|p2|4
|start
|switch|p1a: Maushold|Maushold-Four, L50|100/100
|switch|p1b: Archaludon|Archaludon, L50, M|100/100
|switch|p2a: Ozzy|Noivern, L50, M|100/100
|switch|p2b: PurpleūüíúHaze|Weezing-Galar, L50, M|100/100
|-ability|p2b: PurpleūüíúHaze|Neutralizing Gas
|turn|1
|
|t:|1756345523
|move|p2a: Ozzy|Tailwind|p2a: Ozzy
|-sidestart|p2: CopyOfUntitled1111|move: Tailwind
|move|p2b: PurpleūüíúHaze|Dazzling Gleam|p1b: Archaludon|[spread] p1a,p1b
|-damage|p1a: Maushold|42/100
|-damage|p1b: Archaludon|78/100
|move|p1a: Maushold|Population Bomb|p2b: PurpleūüíúHaze
|-damage|p2b: PurpleūüíúHaze|93/100
|-damage|p2b: PurpleūüíúHaze|85/100
|-damage|p2b: PurpleūüíúHaze|77/100
|-damage|p2b: PurpleūüíúHaze|71/100
|-damage|p2b: PurpleūüíúHaze|63/100
|-damage|p2b: PurpleūüíúHaze|56/100
|-damage|p2b: PurpleūüíúHaze|49/100
|-damage|p2b: PurpleūüíúHaze|42/100
|-damage|p2b: PurpleūüíúHaze|34/100
|-damage|p2b: PurpleūüíúHaze|26/100
|-hitcount|p2b: PurpleūüíúHaze|10
|move|p1b: Archaludon|Dragon Pulse|p2a: Ozzy
|-supereffective|p2a: Ozzy
|-damage|p2a: Ozzy|8/100
|
|upkeep
|turn|2
|inactive|ShibuVGC has 30 seconds left.
|
|t:|1756345548
|switch|p2a: Steely Dan|Gholdengo, L50|100/100
|move|p1a: Maushold|Protect|p1a: Maushold
|-singleturn|p1a: Maushold|Protect
|move|p2b: PurpleūüíúHaze|Dazzling Gleam|p1a: Maushold|[spread] p1b
|-activate|p1a: Maushold|move: Protect
|-damage|p1b: Archaludon|54/100
|move|p1b: Archaludon|Flash Cannon|p2b: PurpleūüíúHaze
|-supereffective|p2b: PurpleūüíúHaze
|-damage|p2b: PurpleūüíúHaze|0 fnt
|faint|p2b: PurpleūüíúHaze
|-end|p2b: PurpleūüíúHaze|ability: Neutralizing Gas
|
|upkeep
|
|t:|1756345553
|switch|p2b: Bl√•haj|Garchomp, L50, M|100/100
|turn|3
|inactive|ShibuVGC has 30 seconds left.
|
|t:|1756345587
|switch|p2a: Ozzy|Noivern, L50, M|8/100
|-terastallize|p2b: Bl√•haj|Ground
|move|p2b: Bl√•haj|Earthquake|p1b: Archaludon|[spread] p1a,p1b
|-activate|p2a: Ozzy|ability: Telepathy
|-supereffective|p1b: Archaludon
|-damage|p1a: Maushold|0 fnt
|-damage|p1b: Archaludon|0 fnt
|faint|p1a: Maushold
|faint|p1b: Archaludon
|-damage|p2b: Bl√•haj|91/100|[from] item: Life Orb
|
|upkeep
|
|t:|1756345599
|switch|p1a: Pelipper|Pelipper, L50, M|100/100
|switch|p1b: Basculegion|Basculegion, L50, M|100/100
|-weather|RainDance|[from] ability: Drizzle|[of] p1a: Pelipper
|turn|4
|inactive|ShibuVGC has 30 seconds left.
|
|t:|1756345630
|move|p1b: Basculegion|Protect|p1b: Basculegion
|-singleturn|p1b: Basculegion|Protect
|move|p2a: Ozzy|Taunt|p1a: Pelipper
|-start|p1a: Pelipper|move: Taunt
|move|p2b: Bl√•haj|Stomping Tantrum|p1b: Basculegion
|-activate|p1b: Basculegion|move: Protect
|move|p1a: Pelipper|Weather Ball|p2b: Bl√•haj
|-supereffective|p2b: Bl√•haj
|-damage|p2b: Bl√•haj|0 fnt
|faint|p2b: Bl√•haj
|
|-weather|RainDance|[upkeep]
|-sideend|p2: CopyOfUntitled1111|move: Tailwind
|upkeep
|
|t:|1756345633
|switch|p2b: Steely Dan|Gholdengo, L50|100/100
|turn|5
|
|t:|1756345658
|-terastallize|p1b: Basculegion|Water
|move|p1b: Basculegion|Wave Crash|p2b: Steely Dan
|-damage|p2b: Steely Dan|0 fnt
|faint|p2b: Steely Dan
|-damage|p1b: Basculegion|70/100|[from] Recoil
|move|p2a: Ozzy|Air Slash|p1a: Pelipper
|-damage|p1a: Pelipper|58/100
|move|p1a: Pelipper|Weather Ball|p2a: Ozzy
|-resisted|p2a: Ozzy
|-crit|p2a: Ozzy
|-damage|p2a: Ozzy|0 fnt
|faint|p2a: Ozzy
|
|win|ShibuVGC
