|j|☆Curebo
|j|☆Lachusa143
|html|CureboLachusa143    
|uhtml|bestof|Game 1 of a best-of-3
|t:|1782331665
|gametype|doubles
|player|p1|Curebo|clay|1102
|player|p2|Lachusa143|swimmerf|1034
|gen|9
|tier|[Gen 9 Champions] VGC 2026 Reg M-B (Bo3)
|rated|
|rule|Species Clause: Limit one of each Pokémon
|rule|Item Clause: Limit 1 of each item
|clearpoke
|poke|p1|Excadrill, L50, M, shiny|
|poke|p1|Tyranitar, L50, M, shiny|
|poke|p1|Corviknight, L50, F, shiny|
|poke|p1|Hydreigon, L50, M, shiny|
|poke|p1|Scovillain, L50, F, shiny|
|poke|p1|Houndstone, L50, M, shiny|
|poke|p2|Abomasnow, L50, M|
|poke|p2|Toxapex, L50, F|
|poke|p2|Oranguru, L50, M|
|poke|p2|Aegislash, L50, F|
|poke|p2|Garchomp, L50, F|
|poke|p2|Talonflame, L50, F|
|teampreview|4
|showteam|p1|Excadrill||FocusSash|SandRush|Earthquake,IronHead,RockSlide,Protect|Adamant||M|||50|]Tyranitar||Tyranitarite|SandStream|RockSlide,KnockOff,LowKick,Protect|Adamant||M|||50|]Corviknight||Leftovers|MirrorArmor|BraveBird,BulkUp,Roost,Tailwind|Careful||F|||50|]Hydreigon||ChoiceScarf|Levitate|DracoMeteor,DarkPulse,HeatWave,Snarl|Modest||M|||50|]Scovillain||Scovillainite|Moody|Overheat,GigaDrain,RagePowder,Protect|Calm||F|||50|]Houndstone||SitrusBerry|SandRush|LastRespects,WillOWisp,BodyPress,Protect|Adamant||M|||50|
|showteam|p2|Abomasnow||Abomasite|SnowWarning|Blizzard,EnergyBall,Protect,EarthPower|Quiet||M|||50|]Toxapex||Leftovers|Regenerator|Infestation,Toxic,BanefulBunker,WideGuard|Bold||F|||50|]Oranguru||SitrusBerry|InnerFocus|TrickRoom,Instruct,Protect,Psychic|Relaxed||M|||50|]Aegislash||SpellTag|StanceChange|Poltergeist,KingsShield,ShadowSneak,IronHead|Adamant||F|||50|]Garchomp||LifeOrb|RoughSkin|DragonClaw,RockSlide,Earthquake,Protect|Jolly||F|||50|]Talonflame||FocusBand|GaleWings|Protect,FlareBlitz,BraveBird,WillOWisp|Jolly||F|||50|
|inactive|Battle timer is ON: inactive players will automatically lose when time's up. (requested by Curebo)
|
|t:|1782331695
|teamsize|p1|4
|teamsize|p2|4
|start
|switch|p1a: Trinacria|Hydreigon, L50, M, shiny|100/100
|switch|p1b: Corvo della notte|Corviknight, L50, F, shiny|100/100
|switch|p2a: Abomasnow|Abomasnow, L50, M|100/100
|switch|p2b: Oranguru|Oranguru, L50, M|100/100
|-weather|Snowscape|[from] ability: Snow Warning|[of] p2a: Abomasnow
|turn|1
|inactive|Curebo has 30 seconds left.
|inactive|Curebo has 20 seconds left.
|inactive|Lachusa143 has 30 seconds left.
|inactive|Curebo has 15 seconds left.
|
|t:|1782331739
|switch|p1b: Tormentilla|Tyranitar, L50, M, shiny|100/100
|-weather|Sandstorm|[from] ability: Sand Stream|[of] p1b: Tormentilla
|move|p2a: Abomasnow|Protect|p2a: Abomasnow
|-singleturn|p2a: Abomasnow|Protect
|move|p1a: Trinacria|Heat Wave|p2b: Oranguru|[spread] p2b
|-activate|p2a: Abomasnow|move: Protect
|-damage|p2b: Oranguru|76/100
|move|p2b: Oranguru|Trick Room|p2b: Oranguru
|-fieldstart|move: Trick Room|[of] p2b: Oranguru
|
|-weather|Sandstorm|[upkeep]
|-damage|p2a: Abomasnow|93/100|[from] Sandstorm
|-damage|p2b: Oranguru|70/100|[from] Sandstorm
|-damage|p1a: Trinacria|94/100|[from] Sandstorm
|upkeep
|turn|2
|
|t:|1782331762
|switch|p1b: Corvo della notte|Corviknight, L50, F, shiny|100/100
|detailschange|p2a: Abomasnow|Abomasnow-Mega, L50, M
|-mega|p2a: Abomasnow|Abomasnow|Abomasite
|-weather|Snowscape|[from] ability: Snow Warning|[of] p2a: Abomasnow
|move|p2a: Abomasnow|Blizzard|p1b: Corvo della notte|[spread] p1a,p1b
|-supereffective|p1a: Trinacria|1
|-damage|p1a: Trinacria|0 fnt
|-damage|p1b: Corvo della notte|56/100
|faint|p1a: Trinacria
|move|p2b: Oranguru|Instruct|p2a: Abomasnow
|-singleturn|p2a: Abomasnow|move: Instruct|[of] p2b: Oranguru
|move|p2a: Abomasnow|Blizzard|p1b: Corvo della notte
|-damage|p1b: Corvo della notte|1/100
|
|-weather|Snowscape|[upkeep]
|-heal|p1b: Corvo della notte|6/100|[from] item: Leftovers
|upkeep
|
|t:|1782331770
|switch|p1a: Tormentilla|Tyranitar, L50, M, shiny|100/100
|-weather|Sandstorm|[from] ability: Sand Stream|[of] p1a: Tormentilla
|turn|3
|inactive|Curebo has 30 seconds left.
|inactive|Curebo has 20 seconds left.
|
|t:|1782331809
|move|p2a: Abomasnow|Blizzard|p1b: Corvo della notte|[spread] p1a
|-miss|p2a: Abomasnow|p1b: Corvo della notte
|-damage|p1a: Tormentilla|70/100
|move|p2b: Oranguru|Instruct|p2a: Abomasnow
|-singleturn|p2a: Abomasnow|move: Instruct|[of] p2b: Oranguru
|move|p2a: Abomasnow|Blizzard|p1a: Tormentilla|[spread] 
|-miss|p2a: Abomasnow|p1a: Tormentilla
|-miss|p2a: Abomasnow|p1b: Corvo della notte
|move|p1a: Tormentilla|Knock Off|p2b: Oranguru
|-supereffective|p2b: Oranguru|1
|-damage|p2b: Oranguru|0 fnt
|-enditem|p2b: Oranguru|Sitrus Berry|[from] move: Knock Off|[of] p1a: Tormentilla
|faint|p2b: Oranguru
|move|p1b: Corvo della notte|Tailwind|p1b: Corvo della notte
|-sidestart|p1: Curebo|move: Tailwind
|
|-weather|Sandstorm|[upkeep]
|-damage|p2a: Abomasnow|87/100|[from] Sandstorm
|-heal|p1b: Corvo della notte|12/100|[from] item: Leftovers
|upkeep
|
|t:|1782331828
|switch|p2b: Aegislash|Aegislash, L50, F|100/100
|turn|4
|inactive|Curebo has 30 seconds left.
|inactive|Curebo has 20 seconds left.
|inactive|Curebo has 15 seconds left.
|inactive|Curebo has 10 seconds left.
|inactive|Curebo has 5 seconds left.
|
|t:|1782331881
|switch|p1b: o7|Houndstone, L50, M, shiny|100/100
|detailschange|p1a: Tormentilla|Tyranitar-Mega, L50, M, shiny
|-mega|p1a: Tormentilla|Tyranitar|Tyranitarite
|move|p2a: Abomasnow|Energy Ball|p1a: Tormentilla
|-supereffective|p1a: Tormentilla|1
|-damage|p1a: Tormentilla|17/100
|-formechange|p2b: Aegislash|Aegislash-Blade|
|move|p2b: Aegislash|Poltergeist|p1b: o7
|-activate|p1b: o7|move: Poltergeist|Sitrus Berry
|-supereffective|p1b: o7|1
|-damage|p1b: o7|0 fnt
|faint|p1b: o7
|move|p1a: Tormentilla|Knock Off|p2b: Aegislash
|-supereffective|p2b: Aegislash|1
|-damage|p2b: Aegislash|0 fnt
|-enditem|p2b: Aegislash|Spell Tag|[from] move: Knock Off|[of] p1a: Tormentilla
|faint|p2b: Aegislash
|
|-weather|Sandstorm|[upkeep]
|-damage|p2a: Abomasnow|81/100|[from] Sandstorm
|upkeep
|
|t:|1782331900
|switch|p2b: Garchomp|Garchomp, L50, F|100/100
|switch|p1b: Corvo della notte|Corviknight, L50, F, shiny|12/100
|turn|5
|
|t:|1782331909
|move|p1a: Tormentilla|Protect|p1a: Tormentilla
|-singleturn|p1a: Tormentilla|Protect
|move|p2a: Abomasnow|Earth Power|p1a: Tormentilla
|-activate|p1a: Tormentilla|move: Protect
|move|p2b: Garchomp|Rock Slide|p1b: Corvo della notte|[spread] p1b
|-activate|p1a: Tormentilla|move: Protect
|-damage|p1b: Corvo della notte|0 fnt
|faint|p1b: Corvo della notte
|-damage|p2b: Garchomp|90/100|[from] item: Life Orb
|
|-weather|Sandstorm|[upkeep]
|-damage|p2a: Abomasnow|75/100|[from] Sandstorm
|-fieldend|move: Trick Room
|upkeep
|turn|6
|-message|Curebo forfeited.
|
|win|Lachusa143
||Curebo is ready for game 2.
|l|☆Lachusa143
|player|p2|
||Lachusa143 is ready for game 2.
|uhtml|next|Next: Game 2 of 3
