|j|☆Pinoitaliano
|j|☆Xodroont
|html|PinoitalianoXodroont    
|uhtml|bestof|Game 1 of a best-of-3
|t:|1756756201
|gametype|doubles
|player|p1|Pinoitaliano|allister|1082
|player|p2|Xodroont|rocketgrunt|1099
|gen|9
|tier|[Gen 9] VGC 2025 Reg H (Bo3)
|rated|
|rule|Species Clause: Limit one of each Pokémon
|rule|Item Clause: Limit 1 of each item
|clearpoke
|poke|p1|Archaludon, L50, M|
|poke|p1|Typhlosion-Hisui, L50, M|
|poke|p1|Volbeat, L50, M|
|poke|p1|Espathra, L50, M|
|poke|p1|Indeedee-F, L50, F|
|poke|p1|Primarina, L50, F|
|poke|p2|Incineroar, L50, F|
|poke|p2|Pelipper, L50, F|
|poke|p2|Basculegion, L50, M|
|poke|p2|Amoonguss, L50, M|
|poke|p2|Maushold-Four, L50|
|poke|p2|Archaludon, L50, F|
|teampreview|4
|showteam|p1|Archaludon||PowerHerb|Stamina|Protect,ElectroShot,AuraSphere,DragonPulse|||M|||50|,,,,,Grass]Typhlosion-Hisui||Charcoal|Blaze|Flamethrower,Eruption,ShadowBall,Protect|||M|||50|,,,,,Fire]Volbeat||CobaBerry|Prankster|Tailwind,RainDance,SunnyDay,Encore|||M|||50|,,,,,Dark]Espathra||FocusSash|SpeedBoost|LuminaCrash,ExpandingForce,Protect,DazzlingGleam|||M|||50|,,,,,Psychic]Indeedee-F||SafetyGoggles|PsychicSurge|FollowMe,HyperVoice,Imprison,TrickRoom|||F|||50|,,,,,Fairy]Primarina||ChoiceSpecs|LiquidVoice|HyperVoice,WeatherBall,Moonblast,DazzlingGleam|||F|||50|,,,,,Steel
|showteam|p2|Incineroar||SafetyGoggles|Intimidate|FakeOut,FlareBlitz,KnockOff,PartingShot|||F|||50|,,,,,Ghost]Pelipper||FocusSash|Drizzle|Hurricane,WeatherBall,Tailwind,Protect|||F|||50|,,,,,Ghost]Basculegion||MysticWater|SwiftSwim|Protect,WaveCrash,AquaJet,LastRespects|||M|||50|,,,,,Water]Amoonguss||SitrusBerry|Regenerator|Spore,RagePowder,PollenPuff,ClearSmog|||M|||50|,,,,,Water]Maushold-Four||WideLens|Technician|PopulationBomb,FollowMe,Taunt,Protect||||||50|,,,,,Grass]Archaludon||AssaultVest|Stamina|ElectroShot,DragonPulse,FlashCannon,BodyPress|||F|||50|,,,,,Grass
|inactive|Battle timer is ON: inactive players will automatically lose when time's up. (requested by Pinoitaliano)
|
|t:|1756756228
|teamsize|p1|4
|teamsize|p2|4
|start
|switch|p1a: Volbeat|Volbeat, L50, M|100/100
|switch|p1b: Primarina|Primarina, L50, F|100/100
|switch|p2a: Archaludon|Archaludon, L50, F|100/100
|switch|p2b: Maushold|Maushold-Four, L50|100/100
|turn|1
|
|t:|1756756245
|-terastallize|p1b: Primarina|Steel
|move|p1a: Volbeat|Sunny Day|p1a: Volbeat
|-weather|SunnyDay
|move|p2b: Maushold|Population Bomb|p2a: Archaludon
|-resisted|p2a: Archaludon
|-damage|p2a: Archaludon|96/100
|-ability|p2a: Archaludon|Stamina|boost
|-boost|p2a: Archaludon|def|1
|-resisted|p2a: Archaludon
|-damage|p2a: Archaludon|93/100
|-ability|p2a: Archaludon|Stamina|boost
|-boost|p2a: Archaludon|def|1
|-resisted|p2a: Archaludon
|-damage|p2a: Archaludon|91/100
|-ability|p2a: Archaludon|Stamina|boost
|-boost|p2a: Archaludon|def|1
|-resisted|p2a: Archaludon
|-damage|p2a: Archaludon|89/100
|-ability|p2a: Archaludon|Stamina|boost
|-boost|p2a: Archaludon|def|1
|-resisted|p2a: Archaludon
|-damage|p2a: Archaludon|88/100
|-ability|p2a: Archaludon|Stamina|boost
|-boost|p2a: Archaludon|def|1
|-resisted|p2a: Archaludon
|-damage|p2a: Archaludon|86/100
|-ability|p2a: Archaludon|Stamina|boost
|-boost|p2a: Archaludon|def|1
|-resisted|p2a: Archaludon
|-damage|p2a: Archaludon|85/100
|-resisted|p2a: Archaludon
|-damage|p2a: Archaludon|84/100
|-resisted|p2a: Archaludon
|-damage|p2a: Archaludon|83/100
|-resisted|p2a: Archaludon
|-damage|p2a: Archaludon|82/100
|-hitcount|p2a: Archaludon|10
|move|p1b: Primarina|Weather Ball|p2a: Archaludon
|-damage|p2a: Archaludon|33/100
|move|p2a: Archaludon|Flash Cannon|p1b: Primarina
|-resisted|p1b: Primarina
|-damage|p1b: Primarina|79/100
|
|-weather|SunnyDay|[upkeep]
|upkeep
|turn|2
|inactive|Pinoitaliano has 30 seconds left.
|inactive|Xodroont has 30 seconds left.
|inactive|Pinoitaliano has 20 seconds left.
|inactive|Xodroont has 20 seconds left.
|inactive|Pinoitaliano has 15 seconds left.
|
|t:|1756756286
|switch|p2b: Pelipper|Pelipper, L50, F|100/100
|-weather|RainDance|[from] ability: Drizzle|[of] p2b: Pelipper
|move|p1a: Volbeat|Tailwind|p1a: Volbeat
|-sidestart|p1: Pinoitaliano|move: Tailwind
|move|p1b: Primarina|Weather Ball|p2a: Archaludon
|-resisted|p2a: Archaludon
|-damage|p2a: Archaludon|0 fnt
|faint|p2a: Archaludon
|
|-weather|RainDance|[upkeep]
|upkeep
|
|t:|1756756296
|switch|p2a: Basculegion|Basculegion, L50, M|100/100
|turn|3
|inactive|Pinoitaliano has 30 seconds left.
|
|t:|1756756322
|switch|p1b: Archaludon|Archaludon, L50, M|100/100
|-terastallize|p2a: Basculegion|Water
|move|p1a: Volbeat|Sunny Day|p1a: Volbeat
|-weather|SunnyDay
|move|p2a: Basculegion|Wave Crash|p1a: Volbeat
|-damage|p1a: Volbeat|42/100
|-damage|p2a: Basculegion|84/100|[from] Recoil
|move|p2b: Pelipper|Tailwind|p2b: Pelipper
|-sidestart|p2: Xodroont|move: Tailwind
|
|-weather|SunnyDay|[upkeep]
|upkeep
|turn|4
|
|t:|1756756341
|switch|p2b: Maushold|Maushold-Four, L50|100/100
|move|p2a: Basculegion|Protect|p2a: Basculegion
|-singleturn|p2a: Basculegion|Protect
|move|p1a: Volbeat|Encore||[still]
|-fail|p1a: Volbeat
|move|p1b: Archaludon|Electro Shot||[still]
|-prepare|p1b: Archaludon|Electro Shot
|-boost|p1b: Archaludon|spa|1
|-enditem|p1b: Archaludon|Power Herb
|-anim|p1b: Archaludon|Electro Shot|p2a: Basculegion
|-activate|p2a: Basculegion|move: Protect
|
|-weather|SunnyDay|[upkeep]
|upkeep
|turn|5
|inactive|Pinoitaliano has 30 seconds left.
|inactive|Pinoitaliano has 20 seconds left.
|
|t:|1756756379
|switch|p2a: Pelipper|Pelipper, L50, F|100/100
|-weather|RainDance|[from] ability: Drizzle|[of] p2a: Pelipper
|move|p1a: Volbeat|Rain Dance||[still]
|-fail|p1a: Volbeat
|move|p2b: Maushold|Population Bomb|p1a: Volbeat
|-damage|p1a: Volbeat|28/100
|-damage|p1a: Volbeat|15/100
|-damage|p1a: Volbeat|1/100
|-damage|p1a: Volbeat|0 fnt
|faint|p1a: Volbeat
|-hitcount|p1: Volbeat|4
|move|p1b: Archaludon|Electro Shot||[still]
|-prepare|p1b: Archaludon|Electro Shot
|-boost|p1b: Archaludon|spa|1
|-anim|p1b: Archaludon|Electro Shot|p2a: Pelipper
|-supereffective|p2a: Pelipper
|-enditem|p2a: Pelipper|Focus Sash
|-damage|p2a: Pelipper|1/100
|
|-weather|RainDance|[upkeep]
|-sideend|p1: Pinoitaliano|move: Tailwind
|upkeep
|
|t:|1756756403
|switch|p1a: Primarina|Primarina, L50, F, tera:Steel|79/100
|turn|6
|
|t:|1756756421
|move|p2a: Pelipper|Protect|p2a: Pelipper
|-singleturn|p2a: Pelipper|Protect
|move|p2b: Maushold|Population Bomb|p1a: Primarina
|-resisted|p1a: Primarina
|-damage|p1a: Primarina|71/100
|-resisted|p1a: Primarina
|-damage|p1a: Primarina|63/100
|-resisted|p1a: Primarina
|-damage|p1a: Primarina|55/100
|-resisted|p1a: Primarina
|-damage|p1a: Primarina|47/100
|-resisted|p1a: Primarina
|-damage|p1a: Primarina|39/100
|-resisted|p1a: Primarina
|-damage|p1a: Primarina|31/100
|-resisted|p1a: Primarina
|-damage|p1a: Primarina|23/100
|-resisted|p1a: Primarina
|-damage|p1a: Primarina|15/100
|-resisted|p1a: Primarina
|-damage|p1a: Primarina|7/100
|-resisted|p1a: Primarina
|-damage|p1a: Primarina|0 fnt
|faint|p1a: Primarina
|-hitcount|p1: Primarina|10
|move|p1b: Archaludon|Electro Shot||[still]
|-prepare|p1b: Archaludon|Electro Shot
|-boost|p1b: Archaludon|spa|1
|-anim|p1b: Archaludon|Electro Shot|p2b: Maushold
|-damage|p2b: Maushold|0 fnt
|faint|p2b: Maushold
|
|-weather|RainDance|[upkeep]
|-sideend|p2: Xodroont|move: Tailwind
|upkeep
|inactive|Pinoitaliano has 30 seconds left.
|inactive|Xodroont has 30 seconds left.
|
|t:|1756756452
|switch|p2b: Basculegion|Basculegion, L50, M, tera:Water|84/100
|switch|p1a: Typhlosion|Typhlosion-Hisui, L50, M|100/100
|turn|7
|inactive|Xodroont has 30 seconds left.
|
|t:|1756756483
|move|p1a: Typhlosion|Protect|p1a: Typhlosion
|-singleturn|p1a: Typhlosion|Protect
|move|p2b: Basculegion|Wave Crash|p1b: Archaludon
|-resisted|p1b: Archaludon
|-damage|p1b: Archaludon|36/100
|-ability|p1b: Archaludon|Stamina|boost
|-boost|p1b: Archaludon|def|1
|-damage|p2b: Basculegion|66/100|[from] Recoil
|move|p1b: Archaludon|Aura Sphere|p2a: Pelipper
|-resisted|p2a: Pelipper
|-damage|p2a: Pelipper|0 fnt
|faint|p2a: Pelipper
|
|-weather|RainDance|[upkeep]
|upkeep
|turn|8
|
|t:|1756756505
|move|p2b: Basculegion|Wave Crash|p1b: Archaludon
|-resisted|p1b: Archaludon
|-damage|p1b: Archaludon|0 fnt
|faint|p1b: Archaludon
|-damage|p2b: Basculegion|56/100|[from] Recoil
|move|p1a: Typhlosion|Shadow Ball|p2b: Basculegion
|-damage|p2b: Basculegion|11/100
|
|-weather|RainDance|[upkeep]
|upkeep
|turn|9
|
|t:|1756756518
|move|p2b: Basculegion|Wave Crash|p1a: Typhlosion
|-supereffective|p1a: Typhlosion
|-damage|p1a: Typhlosion|0 fnt
|faint|p1a: Typhlosion
|-damage|p2b: Basculegion|0 fnt|[from] Recoil
|faint|p2b: Basculegion
|
|win|Xodroont
||Pinoitaliano is ready for game 2.
|inactive|Xodroont has 30 seconds to confirm battle start!
|c|☆Xodroont|ero sicuro di perdere
||Xodroont is ready for game 2.
|uhtml|next|Next: Game 2 of 3
|c|☆Pinoitaliano|E invece
