|j|☆Hariyamamomma
|j|☆Ameliaaa12
|html|HariyamamommaAmeliaaa12    
|uhtml|bestof|Game 2 of a best-of-3
|t:|1757101383
|gametype|doubles
|player|p1|Hariyamamomma|waiter-gen4|1097
|player|p2|Ameliaaa12|2|1142
|gen|9
|tier|[Gen 9] VGC 2025 Reg H (Bo3)
|rated|
|rule|Species Clause: Limit one of each Pokémon
|rule|Item Clause: Limit 1 of each item
|clearpoke
|poke|p1|Garchomp, L50, M|
|poke|p1|Tyranitar, L50, M|
|poke|p1|Gholdengo, L50|
|poke|p1|Rotom-Mow, L50|
|poke|p1|Grimmsnarl, L50, M|
|poke|p1|Gyarados, L50, M|
|poke|p2|Frosmoth, L50, F|
|poke|p2|Volcarona, L50, F|
|poke|p2|Ninetales-Alola, L50, M|
|poke|p2|Garchomp, L50, M|
|poke|p2|Incineroar, L50, M|
|poke|p2|Rillaboom, L50, F|
|teampreview|4
|showteam|p1|Garchomp||LifeOrb|RoughSkin|StompingTantrum,Earthquake,DragonClaw,Protect|||M|||50|,,,,,Fire]Tyranitar||AssaultVest|SandStream|KnockOff,RockSlide,TeraBlast,Earthquake|||M|||50|,,,,,Flying]Gholdengo||Leftovers|GoodasGold|MakeItRain,ShadowBall,NastyPlot,Protect||||||50|,,,,,Steel]Rotom-Mow||SitrusBerry|Levitate|LeafStorm,Discharge,WillOWisp,Protect||||||50|,,,,,Electric]Grimmsnarl||LightClay|Prankster|Reflect,LightScreen,SpiritBreak,PartingShot|||M|||50|,,,,,Ghost]Gyarados||RockyHelmet|Intimidate|Waterfall,Taunt,ThunderWave,HelpingHand|||M|||50|,,,,,Ground
|showteam|p2|Frosmoth||Leftovers|IceScales|Blizzard,TeraBlast,QuiverDance,Protect|||F|||50|,,,,,Water]Volcarona||RockyHelmet|FlameBody|HeatWave,Protect,RagePowder,StruggleBug|||F|||50|,,,,,Steel]Ninetales-Alola||LightClay|SnowWarning|Blizzard,Moonblast,AuroraVeil,Encore|||M|||50|,,,,,Ghost]Garchomp||ClearAmulet|RoughSkin|StompingTantrum,Protect,RockSlide,BreakingSwipe|||M|||50|,,,,,Fire]Incineroar||SafetyGoggles|Intimidate|Taunt,KnockOff,FakeOut,PartingShot|||M|||50|,,,,,Ghost]Rillaboom||AssaultVest|GrassySurge|FakeOut,WoodHammer,GrassyGlide,Uturn|||F|||50|,,,,,Fire
|inactive|Battle timer is ON: inactive players will automatically lose when time's up. (requested by Ameliaaa12)
|
|t:|1757101422
|teamsize|p1|4
|teamsize|p2|4
|start
|switch|p1a: Garchomp|Garchomp, L50, M|100/100
|switch|p1b: Rotom|Rotom-Mow, L50|100/100
|switch|p2a: Incineroar|Incineroar, L50, M, shiny|100/100
|switch|p2b: Garchomp|Garchomp, L50, M|100/100
|-ability|p2a: Incineroar|Intimidate|boost
|-unboost|p1a: Garchomp|atk|1
|-unboost|p1b: Rotom|atk|1
|turn|1
|inactive|Ameliaaa12 has 30 seconds left.
|inactive|Ameliaaa12 has 20 seconds left.
|
|t:|1757101460
|switch|p1a: Gyarados|Gyarados, L50, M|100/100
|-ability|p1a: Gyarados|Intimidate|boost
|-unboost|p2a: Incineroar|atk|1
|-fail|p2b: Garchomp|unboost|[from] item: Clear Amulet|[of] p2b: Garchomp
|move|p2a: Incineroar|Fake Out|p1b: Rotom
|-damage|p1b: Rotom|93/100
|move|p2b: Garchomp|Breaking Swipe|p1a: Gyarados|[spread] p1a,p1b
|-damage|p1a: Gyarados|76/100
|-damage|p1b: Rotom|68/100
|-unboost|p1a: Gyarados|atk|1
|-unboost|p1b: Rotom|atk|1
|-damage|p2b: Garchomp|84/100|[from] item: Rocky Helmet|[of] p1a: Gyarados
|cant|p1b: Rotom|flinch
|
|upkeep
|turn|2
|
|t:|1757101484
|move|p2b: Garchomp|Protect|p2b: Garchomp
|-singleturn|p2b: Garchomp|Protect
|move|p2a: Incineroar|Parting Shot|p1a: Gyarados
|-unboost|p1a: Gyarados|atk|1
|-unboost|p1a: Gyarados|spa|1
|
|t:|1757101490
|switch|p2a: Rillaboom|Rillaboom, L50, F|100/100|[from] Parting Shot
|-fieldstart|move: Grassy Terrain|[from] ability: Grassy Surge|[of] p2a: Rillaboom
|move|p1b: Rotom|Will-O-Wisp|p2b: Garchomp
|-activate|p2b: Garchomp|move: Protect
|move|p1a: Gyarados|Thunder Wave|p2a: Rillaboom
|-status|p2a: Rillaboom|par
|
|-heal|p2b: Garchomp|90/100|[from] Grassy Terrain
|upkeep
|turn|3
|
|t:|1757101503
|cant|p2a: Rillaboom|par
|move|p2b: Garchomp|Rock Slide|p1b: Rotom|[spread] p1a,p1b
|-supereffective|p1a: Gyarados
|-damage|p1a: Gyarados|36/100
|-damage|p1b: Rotom|47/100
|-enditem|p1b: Rotom|Sitrus Berry|[eat]
|-heal|p1b: Rotom|72/100|[from] item: Sitrus Berry
|move|p1b: Rotom|Will-O-Wisp|p2b: Garchomp
|-status|p2b: Garchomp|brn
|cant|p1a: Gyarados|flinch
|
|-heal|p2b: Garchomp|96/100 brn|[from] Grassy Terrain
|-damage|p2b: Garchomp|90/100 brn|[from] brn
|upkeep
|turn|4
|
|t:|1757101521
|switch|p1a: Garchomp|Garchomp, L50, M|100/100
|move|p2b: Garchomp|Breaking Swipe|p1b: Rotom|[spread] p1a,p1b
|-supereffective|p1a: Garchomp
|-damage|p1a: Garchomp|75/100
|-damage|p1b: Rotom|60/100
|-unboost|p1a: Garchomp|atk|1
|-unboost|p1b: Rotom|atk|1
|-damage|p2b: Garchomp|78/100 brn|[from] ability: Rough Skin|[of] p1a: Garchomp
|move|p1b: Rotom|Leaf Storm|p2b: Garchomp
|-damage|p2b: Garchomp|12/100 brn
|-unboost|p1b: Rotom|spa|2
|move|p2a: Rillaboom|U-turn|p1b: Rotom
|-supereffective|p1b: Rotom
|-damage|p1b: Rotom|11/100
|
|t:|1757101540
|switch|p2a: Incineroar|Incineroar, L50, M, shiny|100/100|[from] U-turn
|-ability|p2a: Incineroar|Intimidate|boost
|-unboost|p1a: Garchomp|atk|1
|-unboost|p1b: Rotom|atk|1
|
|-heal|p2b: Garchomp|18/100 brn|[from] Grassy Terrain
|-heal|p1a: Garchomp|81/100|[from] Grassy Terrain
|-damage|p2b: Garchomp|12/100 brn|[from] brn
|upkeep
|turn|5
|
|t:|1757101560
|move|p2a: Incineroar|Fake Out|p1a: Garchomp
|-damage|p1a: Garchomp|70/100
|-damage|p2a: Incineroar|88/100|[from] ability: Rough Skin|[of] p1a: Garchomp
|move|p2b: Garchomp|Breaking Swipe|p1a: Garchomp|[spread] p1a,p1b
|-supereffective|p1a: Garchomp
|-damage|p1a: Garchomp|45/100
|-damage|p1b: Rotom|0 fnt
|-unboost|p1a: Garchomp|atk|1
|-damage|p2b: Garchomp|0 fnt|[from] ability: Rough Skin|[of] p1a: Garchomp
|faint|p1b: Rotom
|faint|p2b: Garchomp
|cant|p1a: Garchomp|flinch
|
|-heal|p1a: Garchomp|51/100|[from] Grassy Terrain
|-heal|p2a: Incineroar|94/100|[from] Grassy Terrain
|upkeep
|
|t:|1757101574
|switch|p2b: Rillaboom|Rillaboom, L50, F|100/100 par
|switch|p1b: Tyranitar|Tyranitar, L50, M|100/100
|-weather|Sandstorm|[from] ability: Sand Stream|[of] p1b: Tyranitar
|turn|6
|
|t:|1757101588
|switch|p1a: Gyarados|Gyarados, L50, M|36/100
|-ability|p1a: Gyarados|Intimidate|boost
|-unboost|p2a: Incineroar|atk|1
|-unboost|p2b: Rillaboom|atk|1
|-terastallize|p1b: Tyranitar|Flying
|move|p2b: Rillaboom|Fake Out|p1b: Tyranitar
|-damage|p1b: Tyranitar|93/100
|move|p2a: Incineroar|Parting Shot|p1b: Tyranitar
|-unboost|p1b: Tyranitar|atk|1
|-unboost|p1b: Tyranitar|spa|1
|
|t:|1757101599
|switch|p2a: Ninetales|Ninetales-Alola, L50, M|100/100|[from] Parting Shot
|-weather|Snowscape|[from] ability: Snow Warning|[of] p2a: Ninetales
|cant|p1b: Tyranitar|flinch
|
|-weather|Snowscape|[upkeep]
|-fieldend|move: Grassy Terrain
|upkeep
|turn|7
|
|t:|1757101617
|switch|p1b: Garchomp|Garchomp, L50, M|51/100
|-terastallize|p2a: Ninetales|Ghost
|move|p2a: Ninetales|Blizzard|p1a: Gyarados|[spread] p1a,p1b
|-supereffective|p1b: Garchomp
|-damage|p1a: Gyarados|18/100
|-damage|p1b: Garchomp|0 fnt
|faint|p1b: Garchomp
|move|p1a: Gyarados|Taunt|p2a: Ninetales
|-start|p2a: Ninetales|move: Taunt
|move|p2b: Rillaboom|U-turn|p1a: Gyarados
|-resisted|p1a: Gyarados
|-damage|p1a: Gyarados|10/100
|-damage|p2b: Rillaboom|84/100 par|[from] item: Rocky Helmet|[of] p1a: Gyarados
|
|t:|1757101630
|switch|p2b: Incineroar|Incineroar, L50, M, shiny|94/100|[from] U-turn
|-ability|p2b: Incineroar|Intimidate|boost
|-unboost|p1a: Gyarados|atk|1
|
|-weather|Snowscape|[upkeep]
|upkeep
|
|t:|1757101633
|switch|p1b: Tyranitar|Tyranitar, L50, M, tera:Flying|93/100
|-weather|Sandstorm|[from] ability: Sand Stream|[of] p1b: Tyranitar
|turn|8
|
|t:|1757101646
|switch|p2a: Rillaboom|Rillaboom, L50, F|84/100 par
|-fieldstart|move: Grassy Terrain|[from] ability: Grassy Surge|[of] p2a: Rillaboom
|move|p2b: Incineroar|Parting Shot|p1b: Tyranitar
|-unboost|p1b: Tyranitar|atk|1
|-unboost|p1b: Tyranitar|spa|1
|
|t:|1757101652
|switch|p2b: Ninetales|Ninetales-Alola, L50, M, tera:Ghost|100/100|[from] Parting Shot
|-weather|Snowscape|[from] ability: Snow Warning|[of] p2b: Ninetales
|move|p1a: Gyarados|Waterfall|p2b: Ninetales
|-damage|p2b: Ninetales|73/100
|move|p1b: Tyranitar|Knock Off|p2a: Rillaboom
|-damage|p2a: Rillaboom|49/100 par
|-enditem|p2a: Rillaboom|Assault Vest|[from] move: Knock Off|[of] p1b: Tyranitar
|
|-weather|Snowscape|[upkeep]
|-heal|p2b: Ninetales|79/100|[from] Grassy Terrain
|-heal|p2a: Rillaboom|54/100 par|[from] Grassy Terrain
|upkeep
|turn|9
|c|☆Ameliaaa12|what now?
|inactive|Hariyamamomma has 30 seconds left.
|inactive|Hariyamamomma has 20 seconds left.
|inactive|Hariyamamomma has 15 seconds left.
|inactive|Hariyamamomma has 10 seconds left.
|inactive|Hariyamamomma has 5 seconds left.
|c|☆Hariyamamomma|sorry
|c|☆Hariyamamomma|gg
|-message|Hariyamamomma forfeited.
|raw|Hariyamamomma's rating: 1097 → 1076(-21 for losing)
|raw|Ameliaaa12's rating: 1142 → 1164(+22 for winning)
|
|win|Ameliaaa12
