|j|☆HelgitheLean
|j|☆homerj71
|html|HelgitheLeanhomerj71    
|uhtml|bestof|Game 1 of a best-of-3
|t:|1783277325
|gametype|doubles
|player|p1|HelgitheLean|brawly|1252
|player|p2|homerj71|169|1203
|gen|9
|tier|[Gen 9 Champions] VGC 2026 Reg M-B (Bo3)
|rated|
|rule|Species Clause: Limit one of each Pokémon
|rule|Item Clause: Limit 1 of each item
|clearpoke
|poke|p1|Swampert, L50, F|
|poke|p1|Archaludon, L50, F|
|poke|p1|Sinistcha-Masterpiece, L50|
|poke|p1|Grimmsnarl, L50, M|
|poke|p1|Pelipper, L50, M|
|poke|p1|Basculegion, L50, M|
|poke|p2|Delphox, L50, F|
|poke|p2|Sneasler, L50, M|
|poke|p2|Floette-Eternal, L50, F|
|poke|p2|Incineroar, L50, M|
|poke|p2|Kingambit, L50, M|
|poke|p2|Sinistcha, L50|
|teampreview|4
|showteam|p1|Swampert||Swampertite|Damp|IcePunch,WaveCrash,Earthquake,Protect|Adamant||F|||50|]Archaludon||Leftovers|Stamina|Snarl,ElectroShot,FlashCannon,Protect|Calm||F|||50|]Sinistcha-Masterpiece||KasibBerry|Hospitality|MatchaGotcha,LifeDew,RagePowder,StrengthSap|Bold|||||50|]Grimmsnarl||LightClay|Prankster|PartingShot,Reflect,LightScreen,SpiritBreak|Careful||M|||50|]Pelipper||DampRock|Drizzle|Hurricane,WeatherBall,Tailwind,Protect|Modest||M|||50|]Basculegion||ChoiceScarf|Adaptability|FlipTurn,LastRespects,WaveCrash,PsychicFangs|Jolly||M|||50|
|showteam|p2|Delphox||Delphoxite|Blaze|Protect,Psyshock,HeatWave,NastyPlot|Timid||F|||50|]Sneasler||FocusSash|PoisonTouch|QuickGuard,CloseCombat,FakeOut,DireClaw|Jolly||M|||50|]Floette-Eternal||Floettite|FlowerVeil|Protect,DazzlingGleam,CalmMind,Moonblast|Timid||F|||50|]Incineroar||SitrusBerry|Intimidate|ThroatChop,FlareBlitz,PartingShot,FakeOut|Impish||M|||50|]Kingambit||BlackGlasses|Defiant|Protect,KowtowCleave,SuckerPunch,SwordsDance|Adamant||M|||50|]Sinistcha||KasibBerry|Hospitality|Protect,TrickRoom,MatchaGotcha,RagePowder|Relaxed|||||50|
|inactive|Battle timer is ON: inactive players will automatically lose when time's up. (requested by homerj71)
|inactive|HelgitheLean has 60 seconds left.
|
|t:|1783277364
|teamsize|p1|4
|teamsize|p2|4
|start
|switch|p1a: Grimmsnarl|Grimmsnarl, L50, M|100/100
|switch|p1b: Archaludon|Archaludon, L50, F|100/100
|switch|p2a: Floette|Floette-Eternal, L50, F|100/100
|switch|p2b: Incineroar|Incineroar, L50, M|100/100
|-ability|p2b: Incineroar|Intimidate|boost
|-unboost|p1a: Grimmsnarl|atk|1
|-unboost|p1b: Archaludon|atk|1
|turn|1
|
|t:|1783277377
|detailschange|p2a: Floette|Floette-Mega, L50, F
|-mega|p2a: Floette|Floette|Floettite
|-ability|p2a: Floette|Fairy Aura
|move|p2b: Incineroar|Fake Out|p1b: Archaludon
|-resisted|p1b: Archaludon|1
|-damage|p1b: Archaludon|96/100
|-ability|p1b: Archaludon|Stamina|boost
|-boost|p1b: Archaludon|def|1
|move|p1a: Grimmsnarl|Light Screen|p1a: Grimmsnarl
|-sidestart|p1: HelgitheLean|move: Light Screen
|move|p2a: Floette|Calm Mind|p2a: Floette
|-boost|p2a: Floette|spa|1
|-boost|p2a: Floette|spd|1
|cant|p1b: Archaludon|flinch
|
|-heal|p1b: Archaludon|100/100|[from] item: Leftovers
|upkeep
|turn|2
|
|t:|1783277397
|move|p2a: Floette|Protect|p2a: Floette
|-singleturn|p2a: Floette|Protect
|move|p1a: Grimmsnarl|Parting Shot|p2a: Floette
|-activate|p2a: Floette|move: Protect
|move|p1b: Archaludon|Snarl|p2b: Incineroar|[spread] p2b
|-activate|p2a: Floette|move: Protect
|-resisted|p2b: Incineroar|1
|-damage|p2b: Incineroar|95/100
|-unboost|p2b: Incineroar|spa|1
|move|p2b: Incineroar|Parting Shot|p1b: Archaludon
|-unboost|p1b: Archaludon|atk|1
|-unboost|p1b: Archaludon|spa|1
|
|t:|1783277418
|switch|p2b: Sinistcha|Sinistcha, L50|100/100|[from] Parting Shot
|
|upkeep
|turn|3
|
|t:|1783277426
|move|p2b: Sinistcha|Rage Powder|p2b: Sinistcha
|-singleturn|p2b: Sinistcha|move: Rage Powder
|move|p1a: Grimmsnarl|Parting Shot|p2b: Sinistcha
|-unboost|p2b: Sinistcha|atk|1
|-unboost|p2b: Sinistcha|spa|1
|
|t:|1783277429
|switch|p1a: Swampert|Swampert, L50, F|100/100|[from] Parting Shot
|move|p2a: Floette|Dazzling Gleam|p1a: Swampert|[spread] p1a,p1b
|-damage|p1a: Swampert|57/100
|-damage|p1b: Archaludon|62/100
|-ability|p1b: Archaludon|Stamina|boost
|-boost|p1b: Archaludon|def|1
|move|p1b: Archaludon|Snarl|p2a: Floette|[spread] p2a,p2b
|-resisted|p2a: Floette|1
|-supereffective|p2b: Sinistcha|1
|-damage|p2a: Floette|98/100
|-damage|p2b: Sinistcha|83/100
|-unboost|p2a: Floette|spa|1
|-unboost|p2b: Sinistcha|spa|1
|
|-heal|p1b: Archaludon|69/100|[from] item: Leftovers
|upkeep
|turn|4
|
|t:|1783277450
|switch|p2b: Incineroar|Incineroar, L50, M|95/100
|-ability|p2b: Incineroar|Intimidate|boost
|-unboost|p1a: Swampert|atk|1
|-unboost|p1b: Archaludon|atk|1
|detailschange|p1a: Swampert|Swampert-Mega, L50, F
|-mega|p1a: Swampert|Swampert|Swampertite
|move|p2a: Floette|Protect|p2a: Floette
|-singleturn|p2a: Floette|Protect
|move|p1a: Swampert|Ice Punch|p2b: Incineroar
|-resisted|p2b: Incineroar|1
|-damage|p2b: Incineroar|87/100
|-status|p2b: Incineroar|frz
|move|p1b: Archaludon|Snarl|p2b: Incineroar|[spread] p2b
|-activate|p2a: Floette|move: Protect
|-resisted|p2b: Incineroar|1
|-damage|p2b: Incineroar|84/100 frz
|-unboost|p2b: Incineroar|spa|1
|
|-heal|p1b: Archaludon|75/100|[from] item: Leftovers
|upkeep
|turn|5
|inactive|homerj71 has 30 seconds left.
|
|t:|1783277476
|switch|p1a: Pelipper|Pelipper, L50, M|100/100
|-weather|RainDance|[from] ability: Drizzle|[of] p1a: Pelipper
|switch|p2b: Sinistcha|Sinistcha, L50|83/100
|-heal|p2a: Floette|100/100|[from] ability: Hospitality|[of] p2b: Sinistcha
|move|p2a: Floette|Moonblast|p1b: Archaludon
|-damage|p1b: Archaludon|38/100
|-ability|p1b: Archaludon|Stamina|boost
|-boost|p1b: Archaludon|def|1
|move|p1b: Archaludon|Electro Shot||[still]
|-prepare|p1b: Archaludon|Electro Shot
|-boost|p1b: Archaludon|spa|1
|-anim|p1b: Archaludon|Electro Shot|p2b: Sinistcha
|-resisted|p2b: Sinistcha|1
|-damage|p2b: Sinistcha|65/100
|
|-weather|RainDance|[upkeep]
|-heal|p1b: Archaludon|44/100|[from] item: Leftovers
|upkeep
|turn|6
|
|t:|1783277492
|move|p2b: Sinistcha|Rage Powder|p2b: Sinistcha
|-singleturn|p2b: Sinistcha|move: Rage Powder
|move|p2a: Floette|Dazzling Gleam|p1a: Pelipper|[spread] p1a,p1b
|-damage|p1a: Pelipper|52/100
|-damage|p1b: Archaludon|21/100
|-ability|p1b: Archaludon|Stamina|boost
|-boost|p1b: Archaludon|def|1
|move|p1a: Pelipper|Hurricane|p2b: Sinistcha
|-supereffective|p2b: Sinistcha|1
|-damage|p2b: Sinistcha|0 fnt
|faint|p2b: Sinistcha
|move|p1b: Archaludon|Snarl|p2a: Floette
|-resisted|p2a: Floette|1
|-damage|p2a: Floette|96/100
|-unboost|p2a: Floette|spa|1
|
|-weather|RainDance|[upkeep]
|-heal|p1b: Archaludon|27/100|[from] item: Leftovers
|upkeep
|
|t:|1783277497
|switch|p2b: Incineroar|Incineroar, L50, M|84/100 frz
|-ability|p2b: Incineroar|Intimidate|boost
|-unboost|p1a: Pelipper|atk|1
|-unboost|p1b: Archaludon|atk|1
|turn|7
|
|t:|1783277505
|cant|p2b: Incineroar|frz
|move|p2a: Floette|Moonblast|p1b: Archaludon
|-damage|p1b: Archaludon|1/100
|-ability|p1b: Archaludon|Stamina|boost
|-boost|p1b: Archaludon|def|1
|move|p1a: Pelipper|Weather Ball|p2b: Incineroar
|-supereffective|p2b: Incineroar|1
|-damage|p2b: Incineroar|0 fnt
|faint|p2b: Incineroar
|move|p1b: Archaludon|Electro Shot||[still]
|-prepare|p1b: Archaludon|Electro Shot
|-boost|p1b: Archaludon|spa|1
|-anim|p1b: Archaludon|Electro Shot|p2a: Floette
|-damage|p2a: Floette|66/100
|
|-weather|RainDance|[upkeep]
|-heal|p1b: Archaludon|6/100|[from] item: Leftovers
|upkeep
|
|t:|1783277513
|switch|p2b: Kingambit|Kingambit, L50, M|100/100
|turn|8
|
|t:|1783277535
|switch|p1a: Grimmsnarl|Grimmsnarl, L50, M|100/100
|move|p1b: Archaludon|Protect|p1b: Archaludon
|-singleturn|p1b: Archaludon|Protect
|move|p2a: Floette|Dazzling Gleam|p1b: Archaludon|[spread] p1a
|-activate|p1b: Archaludon|move: Protect
|-supereffective|p1a: Grimmsnarl|1
|-damage|p1a: Grimmsnarl|68/100
|move|p2b: Kingambit|Swords Dance|p2b: Kingambit
|-boost|p2b: Kingambit|atk|2
|
|-weather|RainDance|[upkeep]
|-heal|p1b: Archaludon|12/100|[from] item: Leftovers
|-sideend|p1: HelgitheLean|move: Light Screen
|upkeep
|turn|9
|
|t:|1783277554
|move|p1a: Grimmsnarl|Reflect|p1a: Grimmsnarl
|-sidestart|p1: HelgitheLean|Reflect
|move|p2b: Kingambit|Sucker Punch|p1b: Archaludon
|-damage|p1b: Archaludon|0 fnt
|faint|p1b: Archaludon
|move|p2a: Floette|Moonblast|p1a: Grimmsnarl
|-supereffective|p1a: Grimmsnarl|1
|-damage|p1a: Grimmsnarl|0 fnt
|faint|p1a: Grimmsnarl
|
|-weather|RainDance|[upkeep]
|upkeep
|
|t:|1783277557
|switch|p1b: Pelipper|Pelipper, L50, M|52/100
|switch|p1a: Swampert|Swampert-Mega, L50, F|57/100
|turn|10
|
|t:|1783277574
|move|p1a: Swampert|Protect|p1a: Swampert
|-singleturn|p1a: Swampert|Protect
|move|p2b: Kingambit|Sucker Punch||[still]
|-fail|p2b: Kingambit
|move|p2a: Floette|Dazzling Gleam|p1b: Pelipper|[spread] p1b
|-activate|p1a: Swampert|move: Protect
|-damage|p1b: Pelipper|7/100
|move|p1b: Pelipper|Weather Ball|p2b: Kingambit
|-damage|p2b: Kingambit|40/100
|
|-weather|RainDance|[upkeep]
|upkeep
|turn|11
|
|t:|1783277589
|move|p2b: Kingambit|Sucker Punch|p1a: Swampert
|-damage|p1a: Swampert|1/100
|move|p1a: Swampert|Earthquake|p2b: Kingambit|[spread] p2a,p2b
|-immune|p1b: Pelipper
|-supereffective|p2b: Kingambit|1
|-damage|p2a: Floette|14/100
|-damage|p2b: Kingambit|0 fnt
|faint|p2b: Kingambit
|move|p2a: Floette|Dazzling Gleam|p1b: Pelipper|[spread] p1a,p1b
|-damage|p1a: Swampert|0 fnt
|-damage|p1b: Pelipper|0 fnt
|faint|p1a: Swampert
|faint|p1b: Pelipper
|
|win|homerj71
