|j|☆raksbach
|j|☆julietestaccount
|html|raksbachjulietestaccount    
|uhtml|bestof|Game 1 of a best-of-3
|t:|1783681709
|gametype|doubles
|player|p1|raksbach|169|1118
|player|p2|julietestaccount|waitress|1125
|gen|9
|tier|[Gen 9 Champions] VGC 2026 Reg M-B (Bo3)
|rated|
|rule|Species Clause: Limit one of each Pokémon
|rule|Item Clause: Limit 1 of each item
|clearpoke
|poke|p1|Incineroar, L50, M|
|poke|p1|Maushold, L50|
|poke|p1|Sinistcha, L50|
|poke|p1|Sneasler, L50, M|
|poke|p1|Blastoise, L50, F|
|poke|p1|Delphox, L50, F|
|poke|p2|Whimsicott, L50, M|
|poke|p2|Garchomp, L50, F|
|poke|p2|Kingambit, L50, M|
|poke|p2|Froslass, L50, F, shiny|
|poke|p2|Toxapex, L50, F|
|poke|p2|Incineroar, L50, M|
|teampreview|4
|showteam|p1|Incineroar||SitrusBerry|Intimidate|FakeOut,FlareBlitz,DarkestLariat,PartingShot|Impish||M|||50|]Maushold||ChopleBerry|FriendGuard|SuperFang,FollowMe,Protect,Feint|Impish|||||50|]Sinistcha||OccaBerry|Hospitality|MatchaGotcha,LifeDew,RagePowder,Protect|Bold|||||50|]Sneasler||FocusSash|PoisonTouch|FakeOut,CloseCombat,DireClaw,QuickGuard|Jolly||M|||50|]Blastoise||Blastoisinite|Torrent|WaterSpout,DarkPulse,ShellSmash,Protect|Modest||F|||50|]Delphox||Delphoxite|Blaze|HeatWave,Psychic,NastyPlot,Protect|Timid||F|||50|
|showteam|p2|Whimsicott||OccaBerry|Prankster|Protect,Encore,Tailwind,Moonblast|Bold||M|||50|]Garchomp||LifeOrb|RoughSkin|DragonClaw,StompingTantrum,RockSlide,Protect|Adamant||F|||50|]Kingambit||BlackGlasses|Defiant|KowtowCleave,IronHead,SuckerPunch,Protect|Adamant||M|||50|]Froslass||Froslassite|SnowCloak|Blizzard,ShadowBall,AuroraVeil,Protect|Modest||F|||50|]Toxapex||Leftovers|Regenerator|Infestation,Toxic,WideGuard,BanefulBunker|Impish||F|||50|]Incineroar||SitrusBerry|Intimidate|FakeOut,FlareBlitz,ThroatChop,PartingShot|Impish||M|||50|
|inactive|Battle timer is ON: inactive players will automatically lose when time's up. (requested by raksbach)
|inactive|raksbach has 60 seconds left.
|inactive|julietestaccount has 60 seconds left.
|inactive|julietestaccount has 30 seconds left.
|
|t:|1783681771
|teamsize|p1|4
|teamsize|p2|4
|start
|switch|p1a: Delphox|Delphox, L50, F|100/100
|switch|p1b: Maushold|Maushold, L50|100/100
|switch|p2a: Garchomp|Garchomp, L50, F|100/100
|switch|p2b: Whimsicott|Whimsicott, L50, M|100/100
|turn|1
|
|t:|1783681791
|detailschange|p1a: Delphox|Delphox-Mega, L50, F
|-mega|p1a: Delphox|Delphox|Delphoxite
|move|p1a: Delphox|Protect|p1a: Delphox
|-singleturn|p1a: Delphox|Protect
|move|p2b: Whimsicott|Tailwind|p2b: Whimsicott
|-sidestart|p2: julietestaccount|move: Tailwind
|move|p2a: Garchomp|Rock Slide|p1b: Maushold|[spread] p1b
|-activate|p1a: Delphox|move: Protect
|-damage|p1b: Maushold|72/100
|-damage|p2a: Garchomp|90/100|[from] item: Life Orb
|move|p1b: Maushold|Super Fang|p2a: Garchomp
|-damage|p2a: Garchomp|45/100
|-damage|p1b: Maushold|60/100|[from] ability: Rough Skin|[of] p2a: Garchomp
|
|upkeep
|turn|2
|
|t:|1783681813
|move|p1b: Maushold|Follow Me|p1b: Maushold
|-singleturn|p1b: Maushold|move: Follow Me
|move|p2a: Garchomp|Rock Slide|p1b: Maushold|[spread] p1a,p1b
|-supereffective|p1a: Delphox|1
|-damage|p1a: Delphox|55/100
|-damage|p1b: Maushold|33/100
|-damage|p2a: Garchomp|35/100|[from] item: Life Orb
|move|p2b: Whimsicott|Moonblast|p1b: Maushold
|-damage|p1b: Maushold|4/100
|-unboost|p1b: Maushold|spa|1
|cant|p1a: Delphox|flinch
|
|upkeep
|turn|3
|inactive|raksbach has 30 seconds left.
|
|t:|1783681839
|move|p1a: Delphox|Protect|p1a: Delphox
|-singleturn|p1a: Delphox|Protect
|move|p2a: Garchomp|Rock Slide|p1b: Maushold|[spread] p1b
|-activate|p1a: Delphox|move: Protect
|-damage|p1b: Maushold|0 fnt
|faint|p1b: Maushold
|-damage|p2a: Garchomp|25/100|[from] item: Life Orb
|move|p2b: Whimsicott|Moonblast|p1a: Delphox
|-activate|p1a: Delphox|move: Protect
|
|upkeep
|
|t:|1783681850
|switch|p1b: Sinistcha|Sinistcha, L50|100/100
|-heal|p1a: Delphox|80/100|[from] ability: Hospitality|[of] p1b: Sinistcha
|turn|4
|
|t:|1783681858
|switch|p1a: Sneasler|Sneasler, L50, M|100/100
|move|p2b: Whimsicott|Encore||[still]
|-fail|p2b: Whimsicott
|move|p2a: Garchomp|Rock Slide|p1a: Sneasler|[spread] p1a,p1b
|-resisted|p1a: Sneasler|1
|-damage|p1a: Sneasler|76/100
|-damage|p1b: Sinistcha|78/100
|-damage|p2a: Garchomp|15/100|[from] item: Life Orb
|cant|p1b: Sinistcha|flinch
|
|-sideend|p2: julietestaccount|move: Tailwind
|upkeep
|turn|5
|
|t:|1783681872
|move|p2b: Whimsicott|Protect|p2b: Whimsicott
|-singleturn|p2b: Whimsicott|Protect
|move|p2a: Garchomp|Protect|p2a: Garchomp
|-singleturn|p2a: Garchomp|Protect
|move|p1a: Sneasler|Dire Claw|p2b: Whimsicott
|-activate|p2b: Whimsicott|move: Protect
|move|p1b: Sinistcha|Matcha Gotcha|p2a: Garchomp|[spread] 
|-activate|p2a: Garchomp|move: Protect
|-activate|p2b: Whimsicott|move: Protect
|
|upkeep
|turn|6
|inactive|raksbach has 30 seconds left.
|
|t:|1783681899
|move|p2b: Whimsicott|Tailwind|p2b: Whimsicott
|-sidestart|p2: julietestaccount|move: Tailwind
|move|p2a: Garchomp|Stomping Tantrum|p1a: Sneasler
|-supereffective|p1a: Sneasler|1
|-damage|p1a: Sneasler|0 fnt
|faint|p1a: Sneasler
|-damage|p2a: Garchomp|6/100|[from] item: Life Orb
|move|p1b: Sinistcha|Matcha Gotcha|p2a: Garchomp|[spread] p2a,p2b
|-resisted|p2b: Whimsicott|1
|-crit|p2b: Whimsicott
|-damage|p2a: Garchomp|0 fnt
|-heal|p1b: Sinistcha|82/100|[from] drain|[of] p2a: Garchomp
|-damage|p2b: Whimsicott|78/100
|-heal|p1b: Sinistcha|92/100|[from] drain|[of] p2b: Whimsicott
|faint|p2a: Garchomp
|
|upkeep
|
|t:|1783681915
|switch|p1a: Delphox|Delphox-Mega, L50, F|80/100
|switch|p2a: Incineroar|Incineroar, L50, M|100/100
|-ability|p2a: Incineroar|Intimidate|boost
|-unboost|p1a: Delphox|atk|1
|-unboost|p1b: Sinistcha|atk|1
|turn|7
|
|t:|1783681929
|move|p1a: Delphox|Protect|p1a: Delphox
|-singleturn|p1a: Delphox|Protect
|move|p2b: Whimsicott|Moonblast|p1b: Sinistcha
|-damage|p1b: Sinistcha|67/100
|move|p2a: Incineroar|Throat Chop|p1b: Sinistcha
|-supereffective|p1b: Sinistcha|1
|-damage|p1b: Sinistcha|16/100
|-start|p1b: Sinistcha|Throat Chop|[silent]
|move|p1b: Sinistcha|Life Dew|p1b: Sinistcha|[spread] p1a,p1b
|-heal|p1a: Delphox|100/100
|-heal|p1b: Sinistcha|41/100
|
|upkeep
|turn|8
|
|t:|1783681942
|move|p1b: Sinistcha|Protect|p1b: Sinistcha
|-singleturn|p1b: Sinistcha|Protect
|move|p2b: Whimsicott|Encore|p1a: Delphox
|-start|p1a: Delphox|Encore
|move|p1a: Delphox|Protect||[still]
|-fail|p1a: Delphox
|move|p2a: Incineroar|Throat Chop|p1b: Sinistcha
|-activate|p1b: Sinistcha|move: Protect
|
|-end|p1b: Sinistcha|Throat Chop|[silent]
|upkeep
|turn|9
|-message|raksbach forfeited.
|
|win|julietestaccount
