|j|☆temp10
|j|☆dirt_goop
|html|temp10dirt_goop    
|uhtml|bestof|Game 2 of a best-of-3
|t:|1757911630
|gametype|doubles
|player|p1|temp10|lucas|
|player|p2|dirt_goop|2|
|gen|9
|tier|[Gen 9] VGC 2025 Reg H (Bo3)
|rule|Species Clause: Limit one of each Pokémon
|rule|Item Clause: Limit 1 of each item
|clearpoke
|poke|p1|Gothitelle, L50, F|
|poke|p1|Politoed, L50, M|
|poke|p1|Incineroar, L50, F|
|poke|p1|Amoonguss, L50, M|
|poke|p1|Kingdra, L50, F|
|poke|p1|Archaludon, L50, F|
|poke|p2|Typhlosion-Hisui, L50, F|
|poke|p2|Whimsicott, L50, F|
|poke|p2|Indeedee-F, L50, F|
|poke|p2|Garchomp, L50, M|
|poke|p2|Incineroar, L50, M|
|poke|p2|Venusaur, L50, F|
|teampreview|4
|showteam|p1|Gothitelle||SitrusBerry|ShadowTag|Protect,FakeOut,Psychic,TrickRoom|||F|||50|,,,,,Dark]Politoed||Leftovers|Drizzle|Protect,WeatherBall,Encore,PerishSong|||M|||50|,,,,,Grass]Incineroar||SafetyGoggles|Intimidate|FakeOut,KnockOff,PartingShot,Protect|||F|||50|,,,,,Ghost]Amoonguss||EjectButton|Regenerator|Protect,Spore,PollenPuff,RagePowder|||M|||50|,,,,,Fairy]Kingdra||LifeOrb|SwiftSwim|MuddyWater,DracoMeteor,WeatherBall,Protect|||F|||50|,,,,,Stellar]Archaludon||PowerHerb|Sturdy|ElectroShot,DragonPulse,Protect,FlashCannon|||F|||50|,,,,,Electric
|showteam|p2|Typhlosion-Hisui||ChoiceSpecs|Frisk|Eruption,HeatWave,ShadowBall,Flamethrower|||F|||50|,,,,,Fire]Whimsicott||CovertCloak|Prankster|HelpingHand,Moonblast,Tailwind,SunnyDay|||F|||50|,,,,,Dark]Indeedee-F||SafetyGoggles|PsychicSurge|TrickRoom,FollowMe,Psychic,HelpingHand|||F|||50|,,,,,Grass]Garchomp||RockyHelmet|RoughSkin|RockSlide,Earthquake,Protect,DragonClaw|||M|||50|,,,,,Steel]Incineroar||SitrusBerry|Intimidate|FakeOut,PartingShot,FlareBlitz,KnockOff|||M|||50|,,,,,Grass]Venusaur||Leftovers|Chlorophyll|GigaDrain,EarthPower,SleepPowder,Protect|||F|||50|,,,,,Water
|inactive|Battle timer is ON: inactive players will automatically lose when time's up. (requested by dirt_goop)
|inactive|temp10 also wants the timer to be on.
|inactive|temp10 has 60 seconds left.
|inactive|dirt_goop has 60 seconds left.
|
|t:|1757911673
|teamsize|p1|4
|teamsize|p2|4
|start
|switch|p1a: Incineroar|Incineroar, L50, F|100/100
|switch|p1b: Gothitelle|Gothitelle, L50, F|100/100
|switch|p2a: Whimsicott|Whimsicott, L50, F|100/100
|switch|p2b: Typhlosion|Typhlosion-Hisui, L50, F|100/100
|-item|p1a: Incineroar|Safety Goggles|[from] ability: Frisk|[of] p2b: Typhlosion
|-item|p1b: Gothitelle|Sitrus Berry|[from] ability: Frisk|[of] p2b: Typhlosion
|-ability|p1a: Incineroar|Intimidate|boost
|-unboost|p2a: Whimsicott|atk|1
|-unboost|p2b: Typhlosion|atk|1
|turn|1
|inactive|dirt_goop has 30 seconds left.
|
|t:|1757911705
|switch|p2b: Incineroar|Incineroar, L50, M|100/100
|-ability|p2b: Incineroar|Intimidate|boost
|-unboost|p1a: Incineroar|atk|1
|-unboost|p1b: Gothitelle|atk|1
|move|p1a: Incineroar|Protect|p1a: Incineroar
|-singleturn|p1a: Incineroar|Protect
|move|p1b: Gothitelle|Protect|p1b: Gothitelle
|-singleturn|p1b: Gothitelle|Protect
|move|p2a: Whimsicott|Sunny Day|p2a: Whimsicott
|-weather|SunnyDay
|
|-weather|SunnyDay|[upkeep]
|upkeep
|turn|2
|
|t:|1757911728
|move|p2a: Whimsicott|Moonblast|p1b: Gothitelle
|-damage|p1b: Gothitelle|77/100
|-unboost|p1b: Gothitelle|spa|1
|move|p2b: Incineroar|Knock Off|p1b: Gothitelle
|-supereffective|p1b: Gothitelle
|-damage|p1b: Gothitelle|0 fnt
|-enditem|p1b: Gothitelle|Sitrus Berry|[from] move: Knock Off|[of] p2b: Incineroar
|faint|p1b: Gothitelle
|move|p1a: Incineroar|Parting Shot|p2b: Incineroar
|-unboost|p2b: Incineroar|atk|1
|-unboost|p2b: Incineroar|spa|1
|
|t:|1757911742
|switch|p1a: Archaludon|Archaludon, L50, F|100/100|[from] Parting Shot
|
|-weather|SunnyDay|[upkeep]
|upkeep
|
|t:|1757911748
|switch|p1b: Incineroar|Incineroar, L50, F|100/100
|-ability|p1b: Incineroar|Intimidate|boost
|-unboost|p2a: Whimsicott|atk|1
|-unboost|p2b: Incineroar|atk|1
|turn|3
|
|t:|1757911757
|-terastallize|p1a: Archaludon|Electric
|move|p2a: Whimsicott|Moonblast|p1a: Archaludon
|-damage|p1a: Archaludon|69/100
|move|p1a: Archaludon|Electro Shot||[still]
|-prepare|p1a: Archaludon|Electro Shot
|-boost|p1a: Archaludon|spa|1
|-enditem|p1a: Archaludon|Power Herb
|-anim|p1a: Archaludon|Electro Shot|p2b: Incineroar
|-damage|p2b: Incineroar|10/100
|-enditem|p2b: Incineroar|Sitrus Berry|[eat]
|-heal|p2b: Incineroar|35/100|[from] item: Sitrus Berry
|move|p2b: Incineroar|Parting Shot|p1a: Archaludon
|-unboost|p1a: Archaludon|atk|1
|-unboost|p1a: Archaludon|spa|1
|
|t:|1757911773
|switch|p2b: Garchomp|Garchomp, L50, M|100/100|[from] Parting Shot
|move|p1b: Incineroar|Parting Shot|p2a: Whimsicott
|-unboost|p2a: Whimsicott|atk|1
|-unboost|p2a: Whimsicott|spa|1
|
|t:|1757911776
|switch|p1b: Politoed|Politoed, L50, M|100/100|[from] Parting Shot
|-weather|RainDance|[from] ability: Drizzle|[of] p1b: Politoed
|
|-weather|RainDance|[upkeep]
|upkeep
|turn|4
|
|t:|1757911795
|move|p1a: Archaludon|Protect|p1a: Archaludon
|-singleturn|p1a: Archaludon|Protect
|move|p2a: Whimsicott|Sunny Day|p2a: Whimsicott
|-weather|SunnyDay
|move|p2b: Garchomp|Earthquake|p1a: Archaludon|[spread] p2a,p1b
|-activate|p1a: Archaludon|move: Protect
|-resisted|p2a: Whimsicott
|-crit|p1b: Politoed
|-damage|p2a: Whimsicott|74/100
|-damage|p1b: Politoed|21/100
|move|p1b: Politoed|Weather Ball|p2b: Garchomp
|-resisted|p2b: Garchomp
|-damage|p2b: Garchomp|81/100
|
|-weather|SunnyDay|[upkeep]
|-heal|p1b: Politoed|27/100|[from] item: Leftovers
|upkeep
|turn|5
|inactive|temp10 has 30 seconds left.
|
|t:|1757911827
|switch|p1a: Incineroar|Incineroar, L50, F|100/100
|-ability|p1a: Incineroar|Intimidate|boost
|-unboost|p2a: Whimsicott|atk|1
|-unboost|p2b: Garchomp|atk|1
|move|p2a: Whimsicott|Moonblast|p1a: Incineroar
|-damage|p1a: Incineroar|88/100
|move|p2b: Garchomp|Earthquake|p1a: Incineroar|[spread] p2a,p1a,p1b
|-resisted|p2a: Whimsicott
|-supereffective|p1a: Incineroar
|-damage|p2a: Whimsicott|58/100
|-damage|p1a: Incineroar|32/100
|-damage|p1b: Politoed|0 fnt
|faint|p1b: Politoed
|
|-weather|SunnyDay|[upkeep]
|upkeep
|
|t:|1757911834
|switch|p1b: Archaludon|Archaludon, L50, F, tera:Electric|69/100
|turn|6
|
|t:|1757911850
|switch|p2b: Typhlosion|Typhlosion-Hisui, L50, F|100/100
|-item|p1a: Incineroar|Safety Goggles|[from] ability: Frisk|[of] p2b: Typhlosion
|move|p1a: Incineroar|Fake Out|p2b: Typhlosion
|-immune|p2b: Typhlosion
|move|p2a: Whimsicott|Moonblast|p1b: Archaludon
|-crit|p1b: Archaludon
|-damage|p1b: Archaludon|24/100
|-unboost|p1b: Archaludon|spa|1
|move|p1b: Archaludon|Dragon Pulse|p2b: Typhlosion
|-damage|p2b: Typhlosion|62/100
|
|-weather|SunnyDay|[upkeep]
|upkeep
|turn|7
|-message|temp10 forfeited.
|
|win|dirt_goop
|l|☆temp10
|player|p1|
||temp10 is ready for game 3.
||dirt_goop is ready for game 3.
|uhtml|next|Next: Game 3 of 3
