|j|☆Leafeon Enjoyer
|j|☆gamma_90
|html|Leafeon Enjoyergamma_90    
|uhtml|bestof|Game 1 of a best-of-3
|t:|1783031062
|gametype|doubles
|player|p1|Leafeon Enjoyer|shauntal|1271
|player|p2|gamma_90|2|1220
|gen|9
|tier|[Gen 9 Champions] VGC 2026 Reg M-B (Bo3)
|rated|
|rule|Species Clause: Limit one of each Pokémon
|rule|Item Clause: Limit 1 of each item
|clearpoke
|poke|p1|Charizard, L50, F|
|poke|p1|Aerodactyl, L50, F, shiny|
|poke|p1|Kingambit, L50, F|
|poke|p1|Farigiraf, L50, F|
|poke|p1|Sylveon, L50, F, shiny|
|poke|p1|Garchomp, L50, F|
|poke|p2|Annihilape, L50, F|
|poke|p2|Incineroar, L50, M|
|poke|p2|Maushold-Four, L50|
|poke|p2|Froslass, L50, F|
|poke|p2|Gholdengo, L50|
|poke|p2|Aerodactyl, L50, M|
|teampreview|4
|showteam|p1|Charizard||CharizarditeY|Blaze|HeatWave,WeatherBall,SolarBeam,Protect|Modest||F|||50|]Aerodactyl||Aerodactylite|Unnerve|RockSlide,IceFang,DualWingbeat,Tailwind|Jolly||F|||50|]Kingambit||FocusSash|Defiant|KowtowCleave,SuckerPunch,IronHead,LowKick|Adamant||F|||50|]Farigiraf||SitrusBerry|ArmorTail|Psychic,TrickRoom,Thunderbolt,Protect|Bold||F|||50|]Sylveon||FairyFeather|Pixilate|HyperVoice,HyperBeam,QuickAttack,Detect|Modest||F|||50|]Garchomp||LifeOrb|RoughSkin|Earthquake,DragonClaw,StompingTantrum,Protect|Jolly||F|||50|
|showteam|p2|Annihilape||Leftovers|Defiant|DrainPunch,RageFist,BulkUp,Protect|Adamant||F|||50|]Incineroar||PasshoBerry|Intimidate|PartingShot,DarkestLariat,WillOWisp,FakeOut|Careful||M|||50|]Maushold-Four||SitrusBerry|FriendGuard|BeatUp,FollowMe,Taunt,Protect|Timid|||||50|]Froslass||Froslassite|SnowCloak|Blizzard,ShadowBall,AuroraVeil,Protect|Timid||F|||50|]Gholdengo||ChoiceScarf|GoodasGold|MakeItRain,ShadowBall,FlashCannon,PowerGem|Timid|||||50|]Aerodactyl||Aerodactylite|RockHead|RockSlide,Tailwind,IceFang,Protect|Jolly||M|||50|
|inactive|Battle timer is ON: inactive players will automatically lose when time's up. (requested by Leafeon Enjoyer)
|inactive|Leafeon Enjoyer has 60 seconds left.
|inactive|gamma_90 has 60 seconds left.
|inactive|Leafeon Enjoyer has 30 seconds left.
|
|t:|1783031125
|teamsize|p1|4
|teamsize|p2|4
|start
|switch|p1a: astroemeria|Farigiraf, L50, F|100/100
|switch|p1b: mizuiro|Sylveon, L50, F, shiny|100/100
|switch|p2a: Aerodactyl|Aerodactyl, L50, M|100/100
|switch|p2b: Maushold|Maushold-Four, L50|100/100
|turn|1
|
|t:|1783031135
|detailschange|p2a: Aerodactyl|Aerodactyl-Mega, L50, M
|-mega|p2a: Aerodactyl|Aerodactyl|Aerodactylite
|move|p2a: Aerodactyl|Protect|p2a: Aerodactyl
|-singleturn|p2a: Aerodactyl|Protect
|move|p2b: Maushold|Taunt|p1a: astroemeria
|-start|p1a: astroemeria|move: Taunt
|move|p1b: mizuiro|Hyper Voice|p2a: Aerodactyl|[spread] p2b
|-activate|p2a: Aerodactyl|move: Protect
|-damage|p2b: Maushold|37/100
|-enditem|p2b: Maushold|Sitrus Berry|[eat]
|-heal|p2b: Maushold|61/100|[from] item: Sitrus Berry
|cant|p1a: astroemeria|move: Taunt|Trick Room
|
|upkeep
|turn|2
|inactive|gamma_90 has 30 seconds left.
|
|t:|1783031160
|switch|p1a: Hypervelocity|Kingambit, L50, F|100/100
|move|p2b: Maushold|Follow Me|p2b: Maushold
|-singleturn|p2b: Maushold|move: Follow Me
|move|p2a: Aerodactyl|Rock Slide|p1b: mizuiro|[spread] p1a
|-miss|p2a: Aerodactyl|p1b: mizuiro
|-resisted|p1a: Hypervelocity|1
|-damage|p1a: Hypervelocity|86/100
|move|p1b: mizuiro|Hyper Voice|p2b: Maushold|[spread] p2a,p2b
|-damage|p2a: Aerodactyl|52/100
|-damage|p2b: Maushold|5/100
|
|upkeep
|turn|3
|
|t:|1783031180
|switch|p2a: Annihilape|Annihilape, L50, F|100/100
|switch|p1a: astroemeria|Farigiraf, L50, F|100/100
|move|p2b: Maushold|Protect|p2b: Maushold
|-singleturn|p2b: Maushold|Protect
|move|p1b: mizuiro|Hyper Voice|p2b: Maushold|[spread] p2a
|-activate|p2b: Maushold|move: Protect
|-supereffective|p2a: Annihilape|1
|-damage|p2a: Annihilape|35/100
|
|-heal|p2a: Annihilape|41/100|[from] item: Leftovers
|upkeep
|turn|4
|
|t:|1783031193
|move|p1b: mizuiro|Quick Attack|p2b: Maushold
|-damage|p2b: Maushold|0 fnt
|faint|p2b: Maushold
|move|p2a: Annihilape|Rage Fist|p1b: mizuiro
|-damage|p1b: mizuiro|41/100
|move|p1a: astroemeria|Trick Room|p1a: astroemeria
|-fieldstart|move: Trick Room|[of] p1a: astroemeria
|
|-heal|p2a: Annihilape|47/100|[from] item: Leftovers
|upkeep
|
|t:|1783031198
|switch|p2b: Incineroar|Incineroar, L50, M|100/100
|-ability|p2b: Incineroar|Intimidate|boost
|-unboost|p1a: astroemeria|atk|1
|-unboost|p1b: mizuiro|atk|1
|turn|5
|
|t:|1783031211
|move|p2a: Annihilape|Protect|p2a: Annihilape
|-singleturn|p2a: Annihilape|Protect
|move|p1a: astroemeria|Psychic|p2a: Annihilape
|-activate|p2a: Annihilape|move: Protect
|move|p2b: Incineroar|Darkest Lariat|p1b: mizuiro
|-resisted|p1b: mizuiro|1
|-damage|p1b: mizuiro|23/100
|move|p1b: mizuiro|Hyper Voice|p2b: Incineroar|[spread] p2b
|-activate|p2a: Annihilape|move: Protect
|-damage|p2b: Incineroar|63/100
|
|-heal|p2a: Annihilape|53/100|[from] item: Leftovers
|upkeep
|turn|6
|inactive|gamma_90 has 30 seconds left.
|
|t:|1783031241
|move|p1a: astroemeria|Psychic|p2a: Annihilape
|-supereffective|p2a: Annihilape|1
|-damage|p2a: Annihilape|0 fnt
|faint|p2a: Annihilape
|move|p2b: Incineroar|Darkest Lariat|p1b: mizuiro
|-resisted|p1b: mizuiro|1
|-damage|p1b: mizuiro|2/100
|move|p1b: mizuiro|Hyper Beam|p2b: Incineroar
|-damage|p2b: Incineroar|0 fnt
|-mustrecharge|p1b: mizuiro
|faint|p2b: Incineroar
|
|upkeep
|
|t:|1783031245
|switch|p2b: Aerodactyl|Aerodactyl-Mega, L50, M|52/100
|turn|7
|-message|gamma_90 forfeited.
|
|win|Leafeon Enjoyer
||gamma_90 is ready for game 2.
|inactive|Leafeon Enjoyer has 30 seconds to confirm battle start!
|l|☆Leafeon Enjoyer
|player|p1|
||Leafeon Enjoyer is ready for game 2.
|uhtml|next|Next: Game 2 of 3
