|j|☆cns14774
|j|☆reallove85tw
|html|cns14774reallove85tw    
|uhtml|bestof|Game 1 of a best-of-3
|t:|1786104038
|gametype|doubles
|player|p1|cns14774|red|
|player|p2|reallove85tw|acerola|
|gen|9
|tier|[Gen 9 Champions] VGC 2026 Reg M-B (Bo3)
|rule|Species Clause: Limit one of each Pokémon
|rule|Item Clause: Limit 1 of each item
|clearpoke
|poke|p1|Raichu, L50, F|
|poke|p1|Staraptor, L50, F|
|poke|p1|Arcanine-Hisui, L50, M|
|poke|p1|Farigiraf, L50, M|
|poke|p1|Sylveon, L50, F|
|poke|p1|Kingambit, L50, M|
|poke|p2|Raichu, L50, F|
|poke|p2|Staraptor, L50, F|
|poke|p2|Arcanine-Hisui, L50, M|
|poke|p2|Farigiraf, L50, M|
|poke|p2|Sylveon, L50, F|
|poke|p2|Kingambit, L50, M|
|teampreview|4
|showteam|p1|Raichu||RaichuniteY|LightningRod|ZapCannon,FocusBlast,FakeOut,Protect|Timid||F|||50|]Staraptor||Staraptite|Intimidate|CloseCombat,DualWingbeat,Tailwind,Protect|Jolly||F|||50|]Arcanine-Hisui||FocusSash|RockHead|FlareBlitz,HeadSmash,ExtremeSpeed,Protect|Jolly||M|||50|]Farigiraf||SitrusBerry|ArmorTail|Psychic,HelpingHand,TrickRoom,Protect|Calm||M|||50|]Sylveon||FairyFeather|Pixilate|HyperVoice,QuickAttack,HyperBeam,Detect|Modest||F|||50|]Kingambit||LifeOrb|Defiant|KowtowCleave,SuckerPunch,SwordsDance,Protect|Adamant||M|||50|
|showteam|p2|Raichu||RaichuniteY|LightningRod|ZapCannon,FocusBlast,FakeOut,Protect|Timid||F|||50|]Staraptor||Staraptite|Intimidate|CloseCombat,DualWingbeat,Tailwind,Protect|Jolly||F|||50|]Arcanine-Hisui||FocusSash|RockHead|FlareBlitz,HeadSmash,ExtremeSpeed,Protect|Jolly||M|||50|]Farigiraf||SitrusBerry|ArmorTail|Psychic,HelpingHand,TrickRoom,Protect|Calm||M|||50|]Sylveon||FairyFeather|Pixilate|HyperVoice,QuickAttack,HyperBeam,Detect|Modest||F|||50|]Kingambit||LifeOrb|Defiant|KowtowCleave,SuckerPunch,SwordsDance,Protect|Adamant||M|||50|
|inactive|Battle timer is ON: inactive players will automatically lose when time's up. (requested by cns14774)
|inactive|cns14774 has 60 seconds left.
|inactive|reallove85tw has 60 seconds left.
|c|☆reallove85tw|請多指教
|j| aim1995
|inactive|cns14774 has 30 seconds left.
|inactive|reallove85tw has 30 seconds left.
|
|t:|1786104109
|teamsize|p1|4
|teamsize|p2|4
|start
|switch|p1a: Raichu|Raichu, L50, F|100/100
|switch|p1b: Sylveon|Sylveon, L50, F|100/100
|switch|p2a: Raichu|Raichu, L50, F|100/100
|switch|p2b: Arcanine|Arcanine-Hisui, L50, M|100/100
|turn|1
|inactive|cns14774 has 30 seconds left.
|inactive|cns14774 has 20 seconds left.
|
|t:|1786104147
|switch|p1b: Staraptor|Staraptor, L50, F|100/100
|-ability|p1b: Staraptor|Intimidate|boost
|-unboost|p2a: Raichu|atk|1
|-unboost|p2b: Arcanine|atk|1
|move|p2a: Raichu|Fake Out|p1b: Staraptor
|-damage|p1b: Staraptor|93/100
|move|p1a: Raichu|Fake Out|p2b: Arcanine
|-resisted|p2b: Arcanine|1
|-damage|p2b: Arcanine|95/100
|cant|p2b: Arcanine|flinch
|
|upkeep
|turn|2
|inactive|cns14774 has 30 seconds left.
|inactive|reallove85tw has 30 seconds left.
|inactive|cns14774 has 20 seconds left.
|inactive|reallove85tw has 20 seconds left.
|inactive|cns14774 has 15 seconds left.
|inactive|cns14774 has 10 seconds left.
|
|t:|1786104194
|switch|p2a: Staraptor|Staraptor, L50, F|100/100
|-ability|p2a: Staraptor|Intimidate|boost
|-unboost|p1a: Raichu|atk|1
|-unboost|p1b: Staraptor|atk|1
|detailschange|p1b: Staraptor|Staraptor-Mega, L50, F
|-mega|p1b: Staraptor|Staraptor|Staraptite
|move|p2b: Arcanine|Protect|p2b: Arcanine
|-singleturn|p2b: Arcanine|Protect
|move|p1a: Raichu|Focus Blast|p2b: Arcanine
|-activate|p2b: Arcanine|move: Protect
|move|p1b: Staraptor|Tailwind|p1b: Staraptor
|-sidestart|p1: cns14774|move: Tailwind
|
|upkeep
|turn|3
|inactive|cns14774 has 30 seconds left.
|inactive|reallove85tw has 30 seconds left.
|
|t:|1786104228
|switch|p2b: Raichu|Raichu, L50, F|100/100
|move|p1b: Staraptor|Close Combat|p2a: Staraptor
|-damage|p2a: Staraptor|44/100
|-boost|p1b: Staraptor|def|1
|-boost|p1b: Staraptor|spd|1
|move|p1a: Raichu|Focus Blast|p2b: Raichu
|-damage|p2b: Raichu|64/100
|move|p2a: Staraptor|Close Combat|p1a: Raichu
|-damage|p1a: Raichu|34/100
|-unboost|p2a: Staraptor|def|1
|-unboost|p2a: Staraptor|spd|1
|
|upkeep
|turn|4
|j| E10tsetingteam
|l| E10tsetingteam
|inactive|cns14774 has 30 seconds left.
|inactive|cns14774 has 20 seconds left.
|
|t:|1786104269
|switch|p2a: Arcanine|Arcanine-Hisui, L50, M|95/100
|move|p2b: Raichu|Fake Out|p1b: Staraptor
|-damage|p1b: Staraptor|87/100
|move|p1a: Raichu|Focus Blast|p2a: Arcanine|[miss]
|-miss|p1a: Raichu|p2a: Arcanine
|cant|p1b: Staraptor|flinch
|
|upkeep
|turn|5
|inactive|cns14774 has 30 seconds left.
|
|t:|1786104302
|detailschange|p2b: Raichu|Raichu-Mega-Y, L50, F
|-mega|p2b: Raichu|Raichu|Raichunite Y
|move|p1a: Raichu|Protect|p1a: Raichu
|-singleturn|p1a: Raichu|Protect
|move|p2a: Arcanine|Extreme Speed|p1a: Raichu
|-activate|p1a: Raichu|move: Protect
|move|p1b: Staraptor|Close Combat|p2b: Raichu
|-damage|p2b: Raichu|0 fnt
|-boost|p1b: Staraptor|def|1
|-boost|p1b: Staraptor|spd|1
|faint|p2b: Raichu
|
|-sideend|p1: cns14774|move: Tailwind
|upkeep
|
|t:|1786104307
|switch|p2b: Sylveon|Sylveon, L50, F|100/100
|turn|6
|inactive|cns14774 has 30 seconds left.
|inactive|cns14774 has 20 seconds left.
|inactive|cns14774 has 15 seconds left.
|inactive|cns14774 has 10 seconds left.
|
|t:|1786104354
|switch|p1a: Arcanine|Arcanine-Hisui, L50, M|100/100
|move|p2a: Arcanine|Extreme Speed|p1a: Arcanine
|-resisted|p1a: Arcanine|1
|-damage|p1a: Arcanine|82/100
|move|p1b: Staraptor|Close Combat|p2b: Sylveon
|-resisted|p2b: Sylveon|1
|-damage|p2b: Sylveon|79/100
|-boost|p1b: Staraptor|def|1
|-boost|p1b: Staraptor|spd|1
|move|p2b: Sylveon|Hyper Beam|p1b: Staraptor
|-supereffective|p1b: Staraptor|1
|-damage|p1b: Staraptor|0 fnt
|-mustrecharge|p2b: Sylveon
|faint|p1b: Staraptor
|
|upkeep
|
|t:|1786104375
|switch|p1b: Raichu|Raichu, L50, F|34/100
|turn|7
|
|t:|1786104393
|switch|p2a: Staraptor|Staraptor, L50, F|44/100
|-ability|p2a: Staraptor|Intimidate|boost
|-unboost|p1a: Arcanine|atk|1
|-unboost|p1b: Raichu|atk|1
|move|p1b: Raichu|Fake Out|p2a: Staraptor
|-damage|p2a: Staraptor|36/100
|move|p1a: Arcanine|Flare Blitz|p2b: Sylveon
|-damage|p2b: Sylveon|36/100
|cant|p2b: Sylveon|recharge
|
|upkeep
|turn|8
|inactive|cns14774 has 30 seconds left.
|inactive|cns14774 has 20 seconds left.
|inactive|cns14774 has 15 seconds left.
|
|t:|1786104433
|move|p1b: Raichu|Zap Cannon|p2a: Staraptor
|-supereffective|p2a: Staraptor|1
|-damage|p2a: Staraptor|0 fnt
|faint|p2a: Staraptor
|move|p1a: Arcanine|Flare Blitz|p2b: Sylveon
|-damage|p2b: Sylveon|0 fnt
|faint|p2b: Sylveon
|
|upkeep
|j| kuoli00021
|
|t:|1786104441
|switch|p2b: Arcanine|Arcanine-Hisui, L50, M|95/100
|turn|9
|
|t:|1786104463
|switch|p1b: Sylveon|Sylveon, L50, F|100/100
|move|p1a: Arcanine|Protect|p1a: Arcanine
|-singleturn|p1a: Arcanine|Protect
|move|p2b: Arcanine|Head Smash|p1a: Arcanine
|-activate|p1a: Arcanine|move: Protect
|
|upkeep
|turn|10
|
|t:|1786104487
|switch|p1a: Raichu|Raichu, L50, F|34/100
|move|p2b: Arcanine|Head Smash|p1a: Raichu|[miss]
|-miss|p2b: Arcanine|p1a: Raichu
|move|p1b: Sylveon|Hyper Beam|p2b: Arcanine
|-resisted|p2b: Arcanine|1
|-damage|p2b: Arcanine|29/100
|-mustrecharge|p1b: Sylveon
|
|upkeep
|turn|11
|
|t:|1786104497
|move|p2b: Arcanine|Protect|p2b: Arcanine
|-singleturn|p2b: Arcanine|Protect
|move|p1a: Raichu|Fake Out|p2b: Arcanine
|-activate|p2b: Arcanine|move: Protect
|cant|p1b: Sylveon|recharge
|
|upkeep
|turn|12
|
|t:|1786104514
|move|p1a: Raichu|Focus Blast|p2b: Arcanine
|-supereffective|p2b: Arcanine|1
|-damage|p2b: Arcanine|0 fnt
|faint|p2b: Arcanine
|
|win|cns14774
||reallove85tw is ready for game 2.
||cns14774 is ready for game 2.
|uhtml|next|Next: Game 2 of 3
|j| E10tsetingteam
|j| ChienX2
|j| zuutokei2
|l| zuutokei2
|j| zuutokei2
|l| E10tsetingteam
|l|☆cns14774
|player|p1|
|l| ChienX2
