|j|☆FroslassYES!
|j|☆axolotlwooper
|html|FroslassYES!axolotlwooper    
|uhtml|bestof|Game 3 of a best-of-3
|t:|1786098226
|gametype|doubles
|player|p1|FroslassYES!|li|1188
|player|p2|axolotlwooper|linebacker|1131
|gen|9
|tier|[Gen 9 Champions] VGC 2026 Reg M-B (Bo3)
|rated|
|rule|Species Clause: Limit one of each Pokémon
|rule|Item Clause: Limit 1 of each item
|clearpoke
|poke|p1|Scovillain, L50, M, shiny|
|poke|p1|Basculegion, L50, M|
|poke|p1|Kingambit, L50, M, shiny|
|poke|p1|Sneasler, L50, M|
|poke|p1|Lycanroc-Dusk, L50, M, shiny|
|poke|p1|Froslass, L50, F, shiny|
|poke|p2|Gardevoir, L50, M, shiny|
|poke|p2|Maushold-Four, L50|
|poke|p2|Kingambit, L50, F, shiny|
|poke|p2|Garchomp, L50, F|
|poke|p2|Talonflame, L50, M, shiny|
|poke|p2|Basculegion, L50, M|
|teampreview|4
|showteam|p1|Scovillain||Scovillainite|Moody|GigaDrain,Overheat,RagePowder,Protect|Bold||M|||50|]Basculegion||SitrusBerry|Adaptability|WaveCrash,LastRespects,AquaJet,Protect|Adamant||M|||50|]Kingambit||LifeOrb|Defiant|KowtowCleave,SuckerPunch,SwordsDance,Protect|Adamant||M|||50|]Sneasler||WhiteHerb|Unburden|CloseCombat,DireClaw,Protect,FakeOut|Adamant||M|||50|]Lycanroc-Dusk||FocusSash|ToughClaws|CloseCombat,Accelerock,RockSlide,Protect|Adamant||M|||50|]Froslass||Froslassite|CursedBody|Blizzard,ShadowBall,AuroraVeil,Protect|Timid||F|||50|
|showteam|p2|Gardevoir||Gardevoirite|Trace|HyperVoice,Psyshock,VacuumWave,Protect|Modest||M|||50|]Maushold-Four||FocusSash|FriendGuard|SuperFang,Taunt,FollowMe,Protect|Timid|||||50|]Kingambit||BlackGlasses|Defiant|KowtowCleave,Protect,SuckerPunch,IronHead|Adamant||F|||50|]Garchomp||LifeOrb|RoughSkin|DragonClaw,Earthquake,RockSlide,Protect|Jolly||F|||50|]Talonflame||SharpBeak|GaleWings|QuickGuard,Protect,Tailwind,BraveBird|Jolly||M|||50|]Basculegion||ChoiceScarf|Adaptability|WaveCrash,AquaJet,FlipTurn,LastRespects|Jolly||M|||50|
|inactive|Battle timer is ON: inactive players will automatically lose when time's up. (requested by axolotlwooper)
|inactive|FroslassYES! also wants the timer to be on.
|inactive|axolotlwooper has 60 seconds left.
|
|t:|1786098266
|teamsize|p1|4
|teamsize|p2|4
|start
|switch|p1a: Scovillain|Scovillain, L50, M, shiny|100/100
|switch|p1b: Basculegion|Basculegion, L50, M|100/100
|switch|p2a: Gardevoir|Gardevoir, L50, M, shiny|100/100
|switch|p2b: Talonflame|Talonflame, L50, M, shiny|100/100
|-ability|p2a: Gardevoir|Adaptability|Trace|[from] ability: Trace|[of] p1b: Basculegion
|turn|1
|
|t:|1786098289
|detailschange|p2a: Gardevoir|Gardevoir-Mega, L50, M, shiny
|-mega|p2a: Gardevoir|Gardevoir|Gardevoirite
|detailschange|p1a: Scovillain|Scovillain-Mega, L50, M, shiny
|-mega|p1a: Scovillain|Scovillain|Scovillainite
|move|p1a: Scovillain|Protect|p1a: Scovillain
|-singleturn|p1a: Scovillain|Protect
|move|p2b: Talonflame|Brave Bird|p1a: Scovillain
|-activate|p1a: Scovillain|move: Protect
|move|p2a: Gardevoir|Hyper Voice|p1b: Basculegion|[spread] p1b
|-activate|p1a: Scovillain|move: Protect
|-damage|p1b: Basculegion|39/100
|-enditem|p1b: Basculegion|Sitrus Berry|[eat]
|-heal|p1b: Basculegion|64/100|[from] item: Sitrus Berry
|move|p1b: Basculegion|Wave Crash|p2b: Talonflame
|-supereffective|p2b: Talonflame|1
|-crit|p2b: Talonflame
|-damage|p2b: Talonflame|0 fnt
|faint|p2b: Talonflame
|-damage|p1b: Basculegion|40/100|[from] Recoil
|
|upkeep
|
|t:|1786098313
|switch|p2b: Garchomp|Garchomp, L50, F|100/100
|turn|2
|
|t:|1786098320
|move|p1b: Basculegion|Aqua Jet|p2a: Gardevoir
|-crit|p2a: Gardevoir
|-damage|p2a: Gardevoir|31/100
|move|p2b: Garchomp|Rock Slide|p1b: Basculegion|[spread] p1a,p1b
|-supereffective|p1a: Scovillain|1
|-damage|p1a: Scovillain|51/100
|-damage|p1b: Basculegion|13/100
|-status|p2b: Garchomp|brn|[from] ability: Spicy Spray|[of] p1a: Scovillain
|-damage|p2b: Garchomp|90/100 brn|[from] item: Life Orb
|move|p2a: Gardevoir|Hyper Voice|p1a: Scovillain|[spread] p1a,p1b
|-resisted|p1a: Scovillain|1
|-damage|p1a: Scovillain|21/100
|-damage|p1b: Basculegion|0 fnt
|-status|p2a: Gardevoir|brn|[from] ability: Spicy Spray|[of] p1a: Scovillain
|faint|p1b: Basculegion
|move|p1a: Scovillain|Giga Drain|p2a: Gardevoir
|-damage|p2a: Gardevoir|0 fnt
|-heal|p1a: Scovillain|35/100|[from] drain|[of] p2a: Gardevoir
|faint|p2a: Gardevoir
|
|-damage|p2b: Garchomp|84/100 brn|[from] brn
|upkeep
|
|t:|1786098338
|switch|p2a: Kingambit|Kingambit, L50, F, shiny|100/100
|switch|p1b: Kingambit|Kingambit, L50, M, shiny|100/100
|turn|3
|
|t:|1786098353
|move|p1a: Scovillain|Protect|p1a: Scovillain
|-singleturn|p1a: Scovillain|Protect
|move|p1b: Kingambit|Protect|p1b: Kingambit
|-singleturn|p1b: Kingambit|Protect
|move|p2a: Kingambit|Sucker Punch||[still]
|-fail|p2a: Kingambit
|move|p2b: Garchomp|Earthquake|p1a: Scovillain|[spread] p2a
|-activate|p1a: Scovillain|move: Protect
|-activate|p1b: Kingambit|move: Protect
|-supereffective|p2a: Kingambit|1
|-damage|p2a: Kingambit|59/100
|-damage|p2b: Garchomp|74/100 brn|[from] item: Life Orb
|
|-damage|p2b: Garchomp|68/100 brn|[from] brn
|upkeep
|turn|4
|
|t:|1786098371
|move|p2a: Kingambit|Sucker Punch|p1a: Scovillain
|-damage|p1a: Scovillain|0 fnt
|-status|p2a: Kingambit|brn|[from] ability: Spicy Spray|[of] p1a: Scovillain
|faint|p1a: Scovillain
|move|p2b: Garchomp|Earthquake|p1b: Kingambit|[spread] p2a,p1b
|-supereffective|p2a: Kingambit|1
|-supereffective|p1b: Kingambit|1
|-damage|p2a: Kingambit|23/100 brn
|-damage|p1b: Kingambit|58/100
|-damage|p2b: Garchomp|58/100 brn|[from] item: Life Orb
|move|p1b: Kingambit|Kowtow Cleave|p2b: Garchomp
|-damage|p2b: Garchomp|0 fnt
|-damage|p1b: Kingambit|46/100|[from] ability: Rough Skin|[of] p2b: Garchomp
|faint|p2b: Garchomp
|-damage|p1b: Kingambit|37/100|[from] item: Life Orb
|
|-damage|p2a: Kingambit|17/100 brn|[from] brn
|upkeep
|
|t:|1786098375
|switch|p1a: Sneasler|Sneasler, L50, M|100/100
|turn|5
|-message|axolotlwooper forfeited.
|
|win|FroslassYES!
|raw|FroslassYES!'s rating: 1188 → 1209(+21 for winning)
|raw|axolotlwooper's rating: 1131 → 1110(-21 for losing)
|l|☆axolotlwooper
|player|p2|
