|j|☆GetaJobApplication
|j|☆Orion11Vgc
|html|GetaJobApplicationOrion11Vgc    
|uhtml|bestof|Game 1 of a best-of-3
|t:|1782241423
|gametype|doubles
|player|p1|GetaJobApplication|cynthia|1161
|player|p2|Orion11Vgc|lucas|1159
|gen|9
|tier|[Gen 9 Champions] VGC 2026 Reg M-B (Bo3)
|rated|
|rule|Species Clause: Limit one of each Pokémon
|rule|Item Clause: Limit 1 of each item
|clearpoke
|poke|p1|Maushold-Four, L50|
|poke|p1|Pelipper, L50, F|
|poke|p1|Farigiraf, L50, F, shiny|
|poke|p1|Archaludon, L50, F|
|poke|p1|Swampert, L50, M|
|poke|p1|Mawile, L50, F|
|poke|p2|Raichu, L50, F|
|poke|p2|Floette-Eternal, L50, F|
|poke|p2|Incineroar, L50, M|
|poke|p2|Sinistcha, L50|
|poke|p2|Milotic, L50, M|
|poke|p2|Ceruledge, L50, M|
|teampreview|4
|showteam|p1|Maushold-Four||ChopleBerry|FriendGuard|FollowMe,Protect,RainDance,SuperFang|Timid|||||50|]Pelipper||FocusSash|Drizzle|Tailwind,Hurricane,Protect,WeatherBall|Modest||F|||50|]Farigiraf||SitrusBerry|ArmorTail|Psychic,TrickRoom,Protect,Thunderbolt|Modest||F|||50|]Archaludon||Leftovers|Stamina|FlashCannon,DragonPulse,ElectroShot,Protect|Modest||F|||50|]Swampert||Swampertite|Torrent|IcePunch,WaveCrash,HighHorsepower,Protect|Adamant||M|||50|]Mawile||Mawilite|HyperCutter|SuckerPunch,IronHead,PlayRough,Protect|Adamant||F|||50|
|showteam|p2|Raichu||RaichuniteY|LightningRod|ZapCannon,FocusBlast,FakeOut,Protect|Timid||F|||50|]Floette-Eternal||Floettite|FlowerVeil|DazzlingGleam,DrainingKiss,CalmMind,Protect|Timid||F|||50|]Incineroar||SitrusBerry|Intimidate|FakeOut,FlareBlitz,ThroatChop,PartingShot|Impish||M|||50|]Sinistcha||KasibBerry|Hospitality|MatchaGotcha,RagePowder,LifeDew,Protect|Relaxed|||||50|]Milotic||Leftovers|Competitive|MuddyWater,Coil,Hypnosis,Protect|Calm||M|||50|]Ceruledge||ColburBerry|FlashFire|BitterBlade,ShadowSneak,BulkUp,Protect|Adamant||M|||50|
|inactive|Battle timer is ON: inactive players will automatically lose when time's up. (requested by Orion11Vgc)
|inactive|Orion11Vgc has 60 seconds left.
|
|t:|1782241461
|teamsize|p1|4
|teamsize|p2|4
|start
|switch|p1a: Swampert|Swampert, L50, M|100/100
|switch|p1b: Pelipper|Pelipper, L50, F|100/100
|switch|p2a: Milotic|Milotic, L50, M|100/100
|switch|p2b: Raichu|Raichu, L50, F|100/100
|-weather|RainDance|[from] ability: Drizzle|[of] p1b: Pelipper
|turn|1
|inactive|Orion11Vgc has 30 seconds left.
|inactive|Orion11Vgc has 20 seconds left.
|
|t:|1782241497
|switch|p2b: Sinistcha|Sinistcha, L50|100/100
|switch|p1b: Farigiraf|Farigiraf, L50, F, shiny|100/100
|detailschange|p1a: Swampert|Swampert-Mega, L50, M
|-mega|p1a: Swampert|Swampert|Swampertite
|move|p1a: Swampert|High Horsepower|p2b: Sinistcha|[miss]
|-miss|p1a: Swampert|p2b: Sinistcha
|move|p2a: Milotic|Coil|p2a: Milotic
|-boost|p2a: Milotic|atk|1
|-boost|p2a: Milotic|def|1
|-boost|p2a: Milotic|accuracy|1
|
|-weather|RainDance|[upkeep]
|upkeep
|turn|2
|inactive|Orion11Vgc has 30 seconds left.
|
|t:|1782241528
|switch|p1a: Archaludon|Archaludon, L50, F|100/100
|move|p2a: Milotic|Hypnosis|p1b: Farigiraf
|-status|p1b: Farigiraf|slp|[from] move: Hypnosis
|move|p2b: Sinistcha|Matcha Gotcha|p1a: Archaludon|[spread] p1a,p1b
|-resisted|p1a: Archaludon|2
|-damage|p1a: Archaludon|93/100
|-damage|p1b: Farigiraf|75/100 slp
|-ability|p1a: Archaludon|Stamina|boost
|-boost|p1a: Archaludon|def|1
|cant|p1b: Farigiraf|slp
|
|-weather|RainDance|[upkeep]
|-heal|p1a: Archaludon|100/100|[from] item: Leftovers
|upkeep
|turn|3
|inactive|Orion11Vgc has 30 seconds left.
|inactive|Orion11Vgc has 20 seconds left.
|
|t:|1782241567
|switch|p2b: Raichu|Raichu, L50, F|100/100
|move|p1a: Archaludon|Electro Shot||[still]
|-activate|p2b: Raichu|ability: Lightning Rod
|-prepare|p1a: Archaludon|Electro Shot
|-boost|p1a: Archaludon|spa|1
|-anim|p1a: Archaludon|Electro Shot|p2b: Raichu
|-ability|p2b: Raichu|Lightning Rod|boost
|-boost|p2b: Raichu|spa|1
|move|p2a: Milotic|Coil|p2a: Milotic
|-boost|p2a: Milotic|atk|1
|-boost|p2a: Milotic|def|1
|-boost|p2a: Milotic|accuracy|1
|-curestatus|p1b: Farigiraf|slp|[msg]
|move|p1b: Farigiraf|Psychic|p2a: Milotic
|-damage|p2a: Milotic|72/100
|
|-weather|RainDance|[upkeep]
|-heal|p2a: Milotic|78/100|[from] item: Leftovers
|upkeep
|turn|4
|inactive|Orion11Vgc has 30 seconds left.
|inactive|Orion11Vgc has 20 seconds left.
|
|t:|1782241605
|switch|p2b: Sinistcha|Sinistcha, L50|100/100
|-heal|p2a: Milotic|100/100|[from] ability: Hospitality|[of] p2b: Sinistcha
|move|p1a: Archaludon|Dragon Pulse|p2b: Sinistcha
|-damage|p2b: Sinistcha|45/100
|move|p2a: Milotic|Coil|p2a: Milotic
|-boost|p2a: Milotic|atk|1
|-boost|p2a: Milotic|def|1
|-boost|p2a: Milotic|accuracy|1
|move|p1b: Farigiraf|Psychic|p2b: Sinistcha
|-damage|p2b: Sinistcha|6/100
|-unboost|p2b: Sinistcha|spd|1
|
|-weather|RainDance|[upkeep]
|upkeep
|turn|5
|inactive|Orion11Vgc has 30 seconds left.
|
|t:|1782241635
|move|p1a: Archaludon|Dragon Pulse|p2b: Sinistcha
|-damage|p2b: Sinistcha|0 fnt
|faint|p2b: Sinistcha
|move|p2a: Milotic|Hypnosis|p1a: Archaludon
|-status|p1a: Archaludon|slp|[from] move: Hypnosis
|move|p1b: Farigiraf|Trick Room|p1b: Farigiraf
|-fieldstart|move: Trick Room|[of] p1b: Farigiraf
|
|-weather|none
|upkeep
|
|t:|1782241646
|switch|p2b: Incineroar|Incineroar, L50, M|100/100
|-ability|p2b: Incineroar|Intimidate|boost
|-unboost|p1a: Archaludon|atk|1
|-unboost|p1b: Farigiraf|atk|1
|turn|6
|
|t:|1782241659
|move|p1b: Farigiraf|Protect|p1b: Farigiraf
|-singleturn|p1b: Farigiraf|Protect
|move|p2b: Incineroar|Parting Shot|p1a: Archaludon
|-unboost|p1a: Archaludon|atk|1
|-unboost|p1a: Archaludon|spa|1
|
|t:|1782241664
|switch|p2b: Raichu|Raichu, L50, F|100/100|[from] Parting Shot
|move|p2a: Milotic|Coil|p2a: Milotic
|-boost|p2a: Milotic|atk|1
|-boost|p2a: Milotic|def|1
|-boost|p2a: Milotic|accuracy|1
|cant|p1a: Archaludon|slp
|
|upkeep
|turn|7
|
|t:|1782241683
|switch|p2b: Incineroar|Incineroar, L50, M|100/100
|-ability|p2b: Incineroar|Intimidate|boost
|-unboost|p1a: Archaludon|atk|1
|-unboost|p1b: Farigiraf|atk|1
|move|p1b: Farigiraf|Thunderbolt|p2a: Milotic
|-supereffective|p2a: Milotic|1
|-damage|p2a: Milotic|64/100
|move|p2a: Milotic|Hypnosis|p1b: Farigiraf
|-status|p1b: Farigiraf|slp|[from] move: Hypnosis
|-curestatus|p1a: Archaludon|slp|[msg]
|move|p1a: Archaludon|Dragon Pulse|p2a: Milotic
|-damage|p2a: Milotic|40/100
|
|-heal|p2a: Milotic|46/100|[from] item: Leftovers
|upkeep
|turn|8
|
|t:|1782241705
|switch|p1b: Pelipper|Pelipper, L50, F|100/100
|-weather|RainDance|[from] ability: Drizzle|[of] p1b: Pelipper
|move|p2b: Incineroar|Fake Out|p1a: Archaludon
|-resisted|p1a: Archaludon|1
|-damage|p1a: Archaludon|97/100
|-ability|p1a: Archaludon|Stamina|boost
|-boost|p1a: Archaludon|def|1
|move|p2a: Milotic|Muddy Water|p1b: Pelipper|[spread] p1a,p1b
|-resisted|p1a: Archaludon|1
|-resisted|p1b: Pelipper|1
|-damage|p1a: Archaludon|79/100
|-damage|p1b: Pelipper|71/100
|-ability|p1a: Archaludon|Stamina|boost
|-boost|p1a: Archaludon|def|1
|cant|p1a: Archaludon|flinch
|
|-weather|RainDance|[upkeep]
|-heal|p2a: Milotic|51/100|[from] item: Leftovers
|-heal|p1a: Archaludon|85/100|[from] item: Leftovers
|upkeep
|turn|9
|inactive|Orion11Vgc has 30 seconds left.
|
|t:|1782241737
|move|p2b: Incineroar|Parting Shot|p1a: Archaludon
|-unboost|p1a: Archaludon|atk|1
|-unboost|p1a: Archaludon|spa|1
|
|t:|1782241740
|switch|p2b: Raichu|Raichu, L50, F|100/100|[from] Parting Shot
|move|p2a: Milotic|Hypnosis|p1b: Pelipper
|-status|p1b: Pelipper|slp|[from] move: Hypnosis
|move|p1a: Archaludon|Dragon Pulse|p2b: Raichu
|-damage|p2b: Raichu|68/100
|cant|p1b: Pelipper|slp
|
|-weather|RainDance|[upkeep]
|-heal|p2a: Milotic|57/100|[from] item: Leftovers
|-heal|p1a: Archaludon|91/100|[from] item: Leftovers
|-fieldend|move: Trick Room
|upkeep
|turn|10
|
|t:|1782241757
|detailschange|p2b: Raichu|Raichu-Mega-Y, L50, F
|-mega|p2b: Raichu|Raichu|Raichunite Y
|move|p2b: Raichu|Focus Blast|p1a: Archaludon
|-supereffective|p1a: Archaludon|1
|-damage|p1a: Archaludon|5/100
|-ability|p1a: Archaludon|Stamina|boost
|-boost|p1a: Archaludon|def|1
|cant|p1b: Pelipper|slp
|move|p1a: Archaludon|Dragon Pulse|p2b: Raichu
|-damage|p2b: Raichu|33/100
|move|p2a: Milotic|Muddy Water|p1a: Archaludon|[spread] p1a,p1b
|-resisted|p1a: Archaludon|1
|-resisted|p1b: Pelipper|1
|-damage|p1a: Archaludon|0 fnt
|-damage|p1b: Pelipper|41/100 slp
|faint|p1a: Archaludon
|
|-weather|RainDance|[upkeep]
|-heal|p2a: Milotic|63/100|[from] item: Leftovers
|upkeep
|
|t:|1782241770
|switch|p1a: Swampert|Swampert-Mega, L50, M|100/100
|turn|11
|
|t:|1782241782
|switch|p2b: Incineroar|Incineroar, L50, M|100/100
|-ability|p2b: Incineroar|Intimidate|boost
|-unboost|p1a: Swampert|atk|1
|-unboost|p1b: Pelipper|atk|1
|move|p2a: Milotic|Protect|p2a: Milotic
|-singleturn|p2a: Milotic|Protect
|move|p1a: Swampert|High Horsepower|p2a: Milotic
|-activate|p2a: Milotic|move: Protect
|-curestatus|p1b: Pelipper|slp|[msg]
|move|p1b: Pelipper|Hurricane|p2a: Milotic
|-activate|p2a: Milotic|move: Protect
|
|-weather|RainDance|[upkeep]
|-heal|p2a: Milotic|69/100|[from] item: Leftovers
|upkeep
|turn|12
|inactive|Orion11Vgc has 30 seconds left.
|inactive|Orion11Vgc has 20 seconds left.
|
|t:|1782241820
|switch|p1a: Farigiraf|Farigiraf, L50, F, shiny|75/100 slp
|move|p1b: Pelipper|Hurricane|p2a: Milotic
|-crit|p2a: Milotic
|-damage|p2a: Milotic|15/100
|move|p2a: Milotic|Muddy Water|p1b: Pelipper|[spread] p1a,p1b
|-resisted|p1b: Pelipper|1
|-damage|p1a: Farigiraf|43/100 slp
|-damage|p1b: Pelipper|13/100
|-unboost|p1b: Pelipper|accuracy|1
|-enditem|p1a: Farigiraf|Sitrus Berry|[eat]
|-heal|p1a: Farigiraf|68/100 slp|[from] item: Sitrus Berry
|move|p2b: Incineroar|Throat Chop|p1b: Pelipper
|-damage|p1b: Pelipper|0 fnt
|faint|p1b: Pelipper
|
|-weather|none
|-heal|p2a: Milotic|21/100|[from] item: Leftovers
|upkeep
|
|t:|1782241828
|switch|p1b: Swampert|Swampert-Mega, L50, M|100/100
|turn|13
|
|t:|1782241845
|move|p2a: Milotic|Protect|p2a: Milotic
|-singleturn|p2a: Milotic|Protect
|move|p1b: Swampert|Wave Crash|p2b: Incineroar
|-supereffective|p2b: Incineroar|1
|-crit|p2b: Incineroar
|-damage|p2b: Incineroar|0 fnt
|faint|p2b: Incineroar
|-damage|p1b: Swampert|62/100|[from] Recoil
|cant|p1a: Farigiraf|slp
|
|-heal|p2a: Milotic|27/100|[from] item: Leftovers
|upkeep
|
|t:|1782241858
|switch|p2b: Raichu|Raichu-Mega-Y, L50, F|33/100
|turn|14
|
|t:|1782241867
|cant|p1a: Farigiraf|slp
|move|p2b: Raichu|Focus Blast|p1a: Farigiraf
|-damage|p1a: Farigiraf|30/100 slp
|move|p1b: Swampert|High Horsepower|p2b: Raichu
|-supereffective|p2b: Raichu|1
|-damage|p2b: Raichu|0 fnt
|faint|p2b: Raichu
|move|p2a: Milotic|Hypnosis|p1b: Swampert
|-status|p1b: Swampert|slp|[from] move: Hypnosis
|
|-heal|p2a: Milotic|33/100|[from] item: Leftovers
|upkeep
|turn|15
|
|t:|1782241888
|cant|p1b: Swampert|slp
|move|p2a: Milotic|Muddy Water|p1a: Farigiraf|[spread] p1a,p1b
|-damage|p1a: Farigiraf|8/100 slp
|-damage|p1b: Swampert|42/100 slp
|-unboost|p1a: Farigiraf|accuracy|1
|-curestatus|p1a: Farigiraf|slp|[msg]
|move|p1a: Farigiraf|Thunderbolt|p2a: Milotic
|-supereffective|p2a: Milotic|1
|-damage|p2a: Milotic|1/100
|
|-heal|p2a: Milotic|6/100|[from] item: Leftovers
|upkeep
|turn|16
|
|t:|1782241902
|cant|p1b: Swampert|slp
|move|p2a: Milotic|Muddy Water|p1b: Swampert|[spread] p1a,p1b
|-damage|p1a: Farigiraf|0 fnt
|-damage|p1b: Swampert|22/100 slp
|faint|p1a: Farigiraf
|
|-heal|p2a: Milotic|12/100|[from] item: Leftovers
|upkeep
|turn|17
|
|t:|1782241912
|move|p2a: Milotic|Protect|p2a: Milotic
|-singleturn|p2a: Milotic|Protect
|-curestatus|p1b: Swampert|slp|[msg]
|move|p1b: Swampert|High Horsepower|p2a: Milotic
|-activate|p2a: Milotic|move: Protect
|
|-heal|p2a: Milotic|18/100|[from] item: Leftovers
|upkeep
|turn|18
|
|t:|1782241922
|move|p1b: Swampert|High Horsepower|p2a: Milotic
|-crit|p2a: Milotic
|-damage|p2a: Milotic|0 fnt
|faint|p2a: Milotic
|
|win|GetaJobApplication
||GetaJobApplication is ready for game 2.
||Orion11Vgc is ready for game 2.
|uhtml|next|Next: Game 2 of 3
|l|☆Orion11Vgc
|player|p2|
