|j|☆G3N13
|j|☆mrhendawgy
|html|G3N13mrhendawgy    
|uhtml|bestof|Game 1 of a best-of-3
|t:|1784703935
|gametype|doubles
|player|p1|G3N13|n|1207
|player|p2|mrhendawgy|169|1081
|gen|9
|tier|[Gen 9 Champions] VGC 2026 Reg M-B (Bo3)
|rated|
|rule|Species Clause: Limit one of each Pokémon
|rule|Item Clause: Limit 1 of each item
|clearpoke
|poke|p1|Ninetales-Alola, L50, F|
|poke|p1|Gholdengo, L50|
|poke|p1|Garchomp, L50, M|
|poke|p1|Scovillain, L50, F|
|poke|p1|Sneasler, L50, M|
|poke|p1|Aerodactyl, L50, F|
|poke|p2|Sneasler, L50, M|
|poke|p2|Blastoise, L50, M|
|poke|p2|Kingambit, L50, M|
|poke|p2|Incineroar, L50, M|
|poke|p2|Delphox, L50, F|
|poke|p2|Sinistcha, L50|
|teampreview|4
|showteam|p1|Ninetales-Alola||LightClay|SnowWarning|Moonblast,Protect,FreezeDry,AuroraVeil|Modest||F|||50|]Gholdengo||LifeOrb|GoodasGold|MakeItRain,ShadowBall,NastyPlot,Protect|Modest|||||50|]Garchomp||HabanBerry|RoughSkin|Earthquake,DragonClaw,Protect,RockSlide|Jolly||M|||50|]Scovillain||Scovillainite|Moody|Overheat,RagePowder,Protect,GigaDrain|Bold||F|||50|]Sneasler||WhiteHerb|Unburden|CloseCombat,DireClaw,FakeOut,Protect|Adamant||M|||50|]Aerodactyl||Aerodactylite|RockHead|Tailwind,RockSlide,DualWingbeat,Protect|Jolly||F|||50|
|showteam|p2|Sneasler||FocusSash|PoisonTouch|PoisonJab,CloseCombat,FakeOut,QuickGuard|Jolly||M|||50|]Blastoise||Blastoisinite|RainDish|DarkPulse,WaterSpout,ShellSmash,Protect|Modest||M|||50|]Kingambit||BlackGlasses|Defiant|KowtowCleave,SuckerPunch,SwordsDance,Protect|Adamant||M|||50|]Incineroar||SitrusBerry|Intimidate|FlareBlitz,HelpingHand,PartingShot,FakeOut|Careful||M|||50|]Delphox||Delphoxite|Blaze|HeatWave,NastyPlot,Psyshock,Protect|Modest||F|||50|]Sinistcha||KasibBerry|Hospitality|MatchaGotcha,RagePowder,TrickRoom,Protect|Bold|||||50|
|
|t:|1784703984
|teamsize|p1|4
|teamsize|p2|4
|start
|switch|p1a: Ninetales|Ninetales-Alola, L50, F|100/100
|switch|p1b: Gholdengo|Gholdengo, L50|100/100
|switch|p2a: Sneasler|Sneasler, L50, M|100/100
|switch|p2b: Kingambit|Kingambit, L50, M|100/100
|-weather|Snowscape|[from] ability: Snow Warning|[of] p1a: Ninetales
|turn|1
|
|t:|1784704043
|move|p1a: Ninetales|Protect|p1a: Ninetales
|-singleturn|p1a: Ninetales|Protect
|move|p2a: Sneasler|Fake Out|p1a: Ninetales
|-activate|p1a: Ninetales|move: Protect
|move|p1b: Gholdengo|Shadow Ball|p2a: Sneasler
|-damage|p2a: Sneasler|17/100
|-damage|p1b: Gholdengo|90/100|[from] item: Life Orb
|move|p2b: Kingambit|Swords Dance|p2b: Kingambit
|-boost|p2b: Kingambit|atk|2
|
|-weather|Snowscape|[upkeep]
|upkeep
|turn|2
|
|t:|1784704074
|switch|p1a: Garchomp|Garchomp, L50, M|100/100
|move|p2b: Kingambit|Sucker Punch|p1b: Gholdengo
|-supereffective|p1b: Gholdengo|1
|-damage|p1b: Gholdengo|0 fnt
|faint|p1b: Gholdengo
|move|p2a: Sneasler|Poison Jab|p1a: Garchomp
|-resisted|p1a: Garchomp|1
|-damage|p1a: Garchomp|79/100
|-damage|p2a: Sneasler|5/100|[from] ability: Rough Skin|[of] p1a: Garchomp
|
|-weather|Snowscape|[upkeep]
|upkeep
|
|t:|1784704084
|switch|p1b: Ninetales|Ninetales-Alola, L50, F|100/100
|turn|3
|
|t:|1784704119
|move|p1b: Ninetales|Protect|p1b: Ninetales
|-singleturn|p1b: Ninetales|Protect
|move|p2b: Kingambit|Protect|p2b: Kingambit
|-singleturn|p2b: Kingambit|Protect
|move|p2a: Sneasler|Close Combat|p1a: Garchomp
|-damage|p1a: Garchomp|19/100
|-unboost|p2a: Sneasler|def|1
|-unboost|p2a: Sneasler|spd|1
|-damage|p2a: Sneasler|0 fnt|[from] ability: Rough Skin|[of] p1a: Garchomp
|faint|p2a: Sneasler
|move|p1a: Garchomp|Earthquake|p2b: Kingambit|[spread] 
|-activate|p1b: Ninetales|move: Protect
|-activate|p2b: Kingambit|move: Protect
|
|-weather|Snowscape|[upkeep]
|upkeep
|
|t:|1784704139
|switch|p2a: Delphox|Delphox, L50, F|100/100
|turn|4
|
|t:|1784704161
|detailschange|p2a: Delphox|Delphox-Mega, L50, F
|-mega|p2a: Delphox|Delphox|Delphoxite
|move|p2a: Delphox|Heat Wave|p1a: Garchomp|[spread] p1a,p1b
|-resisted|p1a: Garchomp|1
|-supereffective|p1b: Ninetales|1
|-damage|p1a: Garchomp|0 fnt
|-damage|p1b: Ninetales|15/100
|faint|p1a: Garchomp
|move|p1b: Ninetales|Aurora Veil|p1b: Ninetales
|-sidestart|p1: G3N13|move: Aurora Veil
|move|p2b: Kingambit|Swords Dance|p2b: Kingambit
|-boost|p2b: Kingambit|atk|2
|
|-weather|Snowscape|[upkeep]
|upkeep
|
|t:|1784704179
|switch|p1a: Scovillain|Scovillain, L50, F|100/100
|turn|5
|
|t:|1784704196
|detailschange|p1a: Scovillain|Scovillain-Mega, L50, F
|-mega|p1a: Scovillain|Scovillain|Scovillainite
|move|p2b: Kingambit|Sucker Punch|p1a: Scovillain
|-damage|p1a: Scovillain|16/100
|-status|p2b: Kingambit|brn|[from] ability: Spicy Spray|[of] p1a: Scovillain
|move|p2a: Delphox|Heat Wave|p1b: Ninetales|[spread] p1a,p1b
|-supereffective|p1b: Ninetales|1
|-damage|p1a: Scovillain|0 fnt
|-damage|p1b: Ninetales|0 fnt
|-immune|p2a: Delphox
|faint|p1a: Scovillain
|faint|p1b: Ninetales
|
|win|mrhendawgy
|inactive|G3N13 has 30 seconds to confirm battle start!
|inactive|mrhendawgy has 30 seconds to confirm battle start!
||mrhendawgy is ready for game 2.
|inactive|G3N13 has 20 seconds to confirm battle start!
||G3N13 is ready for game 2.
|uhtml|next|Next: Game 2 of 3
