|j|☆spellbreakvgc
|j|☆DoubleBad17
|html|spellbreakvgcDoubleBad17    
|uhtml|bestof|Game 2 of a best-of-3
|t:|1756933801
|gametype|doubles
|player|p1|spellbreakvgc|lance|1221
|player|p2|DoubleBad17|102|1188
|gen|9
|tier|[Gen 9] VGC 2025 Reg H (Bo3)
|rated|
|rule|Species Clause: Limit one of each Pokémon
|rule|Item Clause: Limit 1 of each item
|clearpoke
|poke|p1|Glimmora, L50, F|
|poke|p1|Dondozo, L50, F|
|poke|p1|Tatsugiri-Droopy, L50, M|
|poke|p1|Archaludon, L50, F|
|poke|p1|Gholdengo, L50|
|poke|p1|Maushold, L50|
|poke|p2|Sneasler, L50, M|
|poke|p2|Electabuzz, L50, F|
|poke|p2|Rillaboom, L50, F|
|poke|p2|Basculegion, L50, M|
|poke|p2|Volcarona, L50, M|
|poke|p2|Kingambit, L50, M|
|teampreview|4
|showteam|p1|Glimmora||CovertCloak|ToxicDebris|MortalSpin,PowerGem,EarthPower,SpikyShield|||F|||50|,,,,,Bug]Dondozo||Leftovers|Unaware|Earthquake,OrderUp,BodyPress,Protect|||F|||50|,,,,,Grass]Tatsugiri-Droopy||FocusSash|Commander|DracoMeteor,MuddyWater,HelpingHand,Protect|||M|||50|,,,,,Stellar]Archaludon||AssaultVest|Stamina|ElectroShot,FlashCannon,DragonPulse,BodyPress|||F|||50|,,,,,Bug]Gholdengo||ChoiceScarf|GoodasGold|MakeItRain,ShadowBall,DazzlingGleam,Trick||||||50|,,,,,Fairy]Maushold||SafetyGoggles|FriendGuard|BeatUp,Taunt,FollowMe,Protect||||||50|,,,,,Ghost
|showteam|p2|Sneasler||FocusSash|Unburden|CloseCombat,DireClaw,Protect,Coaching|||M|||50|,,,,,Stellar]Electabuzz||Eviolite|VitalSpirit|FollowMe,Electroweb,Taunt,Thunderbolt|||F|||50|,,,,,Ghost]Rillaboom||SitrusBerry|GrassySurge|Protect,DrainPunch,LeechSeed,FakeOut|||F|||50|,,,,,Fire]Basculegion||ChoiceScarf|Adaptability|WaveCrash,FlipTurn,LastRespects,AquaJet|||M|||50|,,,,,Water]Volcarona||Leftovers|FlameBody|HeatWave,TeraBlast,QuiverDance,Protect|||M|||50|,,,,,Fairy]Kingambit||SafetyGoggles|Defiant|KowtowCleave,SuckerPunch,SwordsDance,Protect|||M|||50|,,,,,Dark
|inactive|Battle timer is ON: inactive players will automatically lose when time's up. (requested by spellbreakvgc)
|
|t:|1756933863
|teamsize|p1|4
|teamsize|p2|4
|start
|switch|p1a: Dondozo|Dondozo, L50, F|100/100
|switch|p1b: Maushold|Maushold, L50|100/100
|switch|p2a: Rillaboom|Rillaboom, L50, F|100/100
|switch|p2b: Basculegion|Basculegion, L50, M|100/100
|-fieldstart|move: Grassy Terrain|[from] ability: Grassy Surge|[of] p2a: Rillaboom
|turn|1
|inactive|DoubleBad17 has 30 seconds left.
|
|t:|1756933891
|switch|p1a: Archaludon|Archaludon, L50, F|100/100
|move|p2a: Rillaboom|Fake Out|p1b: Maushold
|-damage|p1b: Maushold|84/100
|move|p2b: Basculegion|Last Respects|p1b: Maushold
|-immune|p1b: Maushold
|cant|p1b: Maushold|flinch
|
|-heal|p1b: Maushold|90/100|[from] Grassy Terrain
|upkeep
|turn|2
|inactive|spellbreakvgc has 30 seconds left.
|
|t:|1756933925
|switch|p2b: Volcarona|Volcarona, L50, M|100/100
|move|p1b: Maushold|Beat Up|p1a: Archaludon
|-damage|p1a: Archaludon|99/100
|-ability|p1a: Archaludon|Stamina|boost
|-boost|p1a: Archaludon|def|1
|-damage|p1a: Archaludon|98/100
|-ability|p1a: Archaludon|Stamina|boost
|-boost|p1a: Archaludon|def|1
|-damage|p1a: Archaludon|98/100
|-ability|p1a: Archaludon|Stamina|boost
|-boost|p1a: Archaludon|def|1
|-damage|p1a: Archaludon|97/100
|-ability|p1a: Archaludon|Stamina|boost
|-boost|p1a: Archaludon|def|1
|-hitcount|p1a: Archaludon|4
|move|p1a: Archaludon|Dragon Pulse|p2b: Volcarona
|-damage|p2b: Volcarona|66/100
|move|p2a: Rillaboom|Leech Seed|p1a: Archaludon
|-start|p1a: Archaludon|move: Leech Seed
|
|-heal|p1b: Maushold|96/100|[from] Grassy Terrain
|-heal|p2b: Volcarona|72/100|[from] Grassy Terrain
|-heal|p2b: Volcarona|79/100|[from] item: Leftovers
|-heal|p1a: Archaludon|100/100|[from] Grassy Terrain
|-damage|p1a: Archaludon|88/100|[from] Leech Seed|[of] p2a: Rillaboom
|upkeep
|turn|3
|inactive|spellbreakvgc has 30 seconds left.
|inactive|DoubleBad17 has 30 seconds left.
|inactive|spellbreakvgc has 20 seconds left.
|
|t:|1756933963
|move|p1b: Maushold|Taunt|p2b: Volcarona
|-start|p2b: Volcarona|move: Taunt
|cant|p2b: Volcarona|move: Taunt|Quiver Dance
|move|p1a: Archaludon|Body Press|p2a: Rillaboom
|-damage|p2a: Rillaboom|34/100
|-enditem|p2a: Rillaboom|Sitrus Berry|[eat]
|-heal|p2a: Rillaboom|59/100|[from] item: Sitrus Berry
|move|p2a: Rillaboom|Drain Punch|p1b: Maushold
|-supereffective|p1b: Maushold
|-damage|p1b: Maushold|32/100
|-heal|p2a: Rillaboom|87/100|[from] drain|[of] p1b: Maushold
|
|-heal|p1b: Maushold|38/100|[from] Grassy Terrain
|-heal|p2b: Volcarona|85/100|[from] Grassy Terrain
|-heal|p2b: Volcarona|91/100|[from] item: Leftovers
|-heal|p1a: Archaludon|94/100|[from] Grassy Terrain
|-heal|p2a: Rillaboom|93/100|[from] Grassy Terrain
|-damage|p1a: Archaludon|82/100|[from] Leech Seed|[of] p2a: Rillaboom
|-heal|p2a: Rillaboom|100/100|[silent]
|upkeep
|turn|4
|inactive|spellbreakvgc has 30 seconds left.
|inactive|DoubleBad17 has 30 seconds left.
|
|t:|1756933988
|move|p1b: Maushold|Protect|p1b: Maushold
|-singleturn|p1b: Maushold|Protect
|move|p2b: Volcarona|Heat Wave|p1a: Archaludon|[spread] p1a
|-activate|p1b: Maushold|move: Protect
|-damage|p1a: Archaludon|63/100
|-ability|p1a: Archaludon|Stamina|boost
|-boost|p1a: Archaludon|def|1
|move|p1a: Archaludon|Body Press|p2a: Rillaboom
|-damage|p2a: Rillaboom|28/100
|move|p2a: Rillaboom|Drain Punch|p1b: Maushold
|-activate|p1b: Maushold|move: Protect
|
|-heal|p1b: Maushold|44/100|[from] Grassy Terrain
|-heal|p2b: Volcarona|97/100|[from] Grassy Terrain
|-heal|p2b: Volcarona|100/100|[from] item: Leftovers
|-heal|p1a: Archaludon|69/100|[from] Grassy Terrain
|-heal|p2a: Rillaboom|34/100|[from] Grassy Terrain
|-damage|p1a: Archaludon|57/100|[from] Leech Seed|[of] p2a: Rillaboom
|-heal|p2a: Rillaboom|44/100|[silent]
|upkeep
|turn|5
|inactive|spellbreakvgc has 30 seconds left.
|inactive|DoubleBad17 has 30 seconds left.
|inactive|spellbreakvgc has 20 seconds left.
|
|t:|1756934024
|switch|p1b: Tatsugiri|Tatsugiri-Droopy, L50, M, shiny|100/100
|-terastallize|p2b: Volcarona|Fairy
|move|p2b: Volcarona|Tera Blast|p1a: Archaludon|[anim] Tera Blast Fairy
|-damage|p1a: Archaludon|30/100
|-ability|p1a: Archaludon|Stamina|boost
|-boost|p1a: Archaludon|def|1
|move|p1a: Archaludon|Body Press|p2a: Rillaboom
|-damage|p2a: Rillaboom|0 fnt
|faint|p2a: Rillaboom
|
|-heal|p1a: Archaludon|36/100|[from] Grassy Terrain
|-end|p2b: Volcarona|move: Taunt
|-fieldend|move: Grassy Terrain
|upkeep
|
|t:|1756934044
|switch|p2a: Sneasler|Sneasler, L50, M|100/100
|turn|6
|
|t:|1756934062
|move|p1b: Tatsugiri|Protect|p1b: Tatsugiri
|-singleturn|p1b: Tatsugiri|Protect
|move|p2a: Sneasler|Close Combat|p1a: Archaludon
|-supereffective|p1a: Archaludon
|-damage|p1a: Archaludon|9/100
|-unboost|p2a: Sneasler|def|1
|-unboost|p2a: Sneasler|spd|1
|move|p2b: Volcarona|Tera Blast|p1a: Archaludon|[anim] Tera Blast Fairy
|-damage|p1a: Archaludon|0 fnt
|faint|p1a: Archaludon
|
|upkeep
|
|t:|1756934074
|switch|p1a: Dondozo|Dondozo, L50, F|100/100
|-activate|p1b: Tatsugiri|ability: Commander|[of] p1a: Dondozo
|-boost|p1a: Dondozo|atk|2
|-boost|p1a: Dondozo|spa|2
|-boost|p1a: Dondozo|spe|2
|-boost|p1a: Dondozo|def|2
|-boost|p1a: Dondozo|spd|2
|turn|7
|
|t:|1756934094
|move|p2a: Sneasler|Dire Claw|p1a: Dondozo
|-damage|p1a: Dondozo|88/100
|move|p2b: Volcarona|Tera Blast|p1a: Dondozo|[anim] Tera Blast Fairy
|-damage|p1a: Dondozo|71/100
|move|p1a: Dondozo|Earthquake|p2b: Volcarona|[spread] p2a,p2b
|-miss|p1a: Dondozo|p1b: Tatsugiri
|-supereffective|p2a: Sneasler
|-enditem|p2a: Sneasler|Focus Sash
|-damage|p2a: Sneasler|1/100
|-damage|p2b: Volcarona|65/100
|
|-heal|p2b: Volcarona|71/100|[from] item: Leftovers
|-heal|p1a: Dondozo|78/100|[from] item: Leftovers
|upkeep
|turn|8
|
|t:|1756934111
|move|p1a: Dondozo|Protect|p1a: Dondozo
|-singleturn|p1a: Dondozo|Protect
|move|p2a: Sneasler|Dire Claw|p1a: Dondozo
|-activate|p1a: Dondozo|move: Protect
|move|p2b: Volcarona|Tera Blast|p1a: Dondozo|[anim] Tera Blast Fairy
|-activate|p1a: Dondozo|move: Protect
|
|-heal|p2b: Volcarona|77/100|[from] item: Leftovers
|-heal|p1a: Dondozo|84/100|[from] item: Leftovers
|upkeep
|turn|9
|
|t:|1756934129
|move|p2a: Sneasler|Dire Claw|p1a: Dondozo
|-damage|p1a: Dondozo|73/100
|-status|p1a: Dondozo|psn
|move|p2b: Volcarona|Tera Blast|p1a: Dondozo|[anim] Tera Blast Fairy
|-damage|p1a: Dondozo|56/100 psn
|move|p1a: Dondozo|Earthquake|p2a: Sneasler|[spread] p2a,p2b
|-miss|p1a: Dondozo|p1b: Tatsugiri
|-supereffective|p2a: Sneasler
|-damage|p2a: Sneasler|0 fnt
|-damage|p2b: Volcarona|37/100
|faint|p2a: Sneasler
|
|-heal|p2b: Volcarona|43/100|[from] item: Leftovers
|-heal|p1a: Dondozo|63/100 psn|[from] item: Leftovers
|-damage|p1a: Dondozo|50/100 psn|[from] psn
|upkeep
|
|t:|1756934143
|switch|p2a: Basculegion|Basculegion, L50, M|100/100
|turn|10
|
|t:|1756934151
|move|p2a: Basculegion|Last Respects|p1a: Dondozo
|-damage|p1a: Dondozo|23/100 psn
|move|p2b: Volcarona|Tera Blast|p1a: Dondozo|[anim] Tera Blast Fairy
|-damage|p1a: Dondozo|6/100 psn
|move|p1a: Dondozo|Earthquake|p2b: Volcarona|[spread] p2a,p2b
|-miss|p1a: Dondozo|p1b: Tatsugiri
|-damage|p2a: Basculegion|59/100
|-damage|p2b: Volcarona|5/100
|
|-heal|p2b: Volcarona|11/100|[from] item: Leftovers
|-heal|p1a: Dondozo|12/100 psn|[from] item: Leftovers
|-damage|p1a: Dondozo|0 fnt|[from] psn
|faint|p1a: Dondozo
|upkeep
|
|t:|1756934166
|switch|p1a: Maushold|Maushold, L50|44/100
|turn|11
|
|t:|1756934189
|-terastallize|p1b: Tatsugiri|Stellar
|move|p1a: Maushold|Follow Me|p1a: Maushold
|-singleturn|p1a: Maushold|move: Follow Me
|move|p2a: Basculegion|Last Respects|p1a: Maushold
|-immune|p1a: Maushold
|move|p1b: Tatsugiri|Muddy Water|p2b: Volcarona|[spread] p2a
|-miss|p1b: Tatsugiri|p2b: Volcarona
|-resisted|p2a: Basculegion
|-damage|p2a: Basculegion|32/100
|-unboost|p2a: Basculegion|accuracy|1
|move|p2b: Volcarona|Heat Wave|p1a: Maushold|[spread] p1a,p1b
|-resisted|p1b: Tatsugiri
|-crit|p1b: Tatsugiri
|-damage|p1a: Maushold|0 fnt
|-damage|p1b: Tatsugiri|87/100
|faint|p1a: Maushold
|
|-heal|p2b: Volcarona|17/100|[from] item: Leftovers
|upkeep
|turn|12
|
|t:|1756934207
|move|p2a: Basculegion|Last Respects|p1b: Tatsugiri
|-damage|p1b: Tatsugiri|0 fnt
|faint|p1b: Tatsugiri
|
|win|DoubleBad17
