|j|☆JBClodsireYT
|j|☆Darkan33
|html|JBClodsireYTDarkan33    
|uhtml|bestof|Game 1 of a best-of-3
|t:|1756218934
|gametype|doubles
|player|p1|JBClodsireYT|iris-gen5bw2|1101
|player|p2|Darkan33|veteran|1000
|gen|9
|tier|[Gen 9] VGC 2025 Reg H (Bo3)
|rated|
|rule|Species Clause: Limit one of each Pokémon
|rule|Item Clause: Limit 1 of each item
|clearpoke
|poke|p1|Maushold, L50|
|poke|p1|Archaludon, L50, F|
|poke|p1|Pelipper, L50, M|
|poke|p1|Amoonguss, L50, F|
|poke|p1|Zoroark-Hisui, L50, F|
|poke|p1|Annihilape, L50, M|
|poke|p2|Kingdra, L50, F|
|poke|p2|Pelipper, L50, M|
|poke|p2|Garchomp, L50, F|
|poke|p2|Breloom, L50, F|
|poke|p2|Archaludon, L50, F|
|poke|p2|Grimmsnarl, L50, M|
|teampreview|4
|showteam|p1|Maushold||WideLens|FriendGuard|PopulationBomb,FollowMe,HelpingHand,Taunt||||||50|,,,,,Grass]Archaludon||AssaultVest|Stamina|ElectroShot,DragonPulse,FlashCannon,BodyPress|||F|||50|,,,,,Bug]Pelipper||FocusSash|Drizzle|Hurricane,WideGuard,Tailwind,WeatherBall|||M|||50|,,,,,Ghost]Amoonguss||SitrusBerry|Regenerator|ClearSmog,PollenPuff,RagePowder,Spore|||F|||50|,,,,,Dark]Zoroark-Hisui||ChoiceScarf|Illusion|HyperVoice,ShadowBall,Uturn,IcyWind|||F|||50|,,,,,Stellar]Annihilape||SafetyGoggles|Defiant|RageFist,DrainPunch,BulkUp,Protect|||M|||50|,,,,,Steel
|showteam|p2|Kingdra||LifeOrb|SwiftSwim|MuddyWater,DracoMeteor,Hurricane,Protect|||F|||50|,,,,,Stellar]Pelipper||CovertCloak|Drizzle|WeatherBall,Hurricane,WideGuard,Tailwind|||M|||50|,,,,,Ghost]Garchomp||LoadedDice|RoughSkin|ScaleShot,Protect,StompingTantrum,Earthquake|||F|||50|,,,,,Steel]Breloom||FocusSash|Technician|MachPunch,BulletSeed,Spore,Protect|||F|||50|,,,,,Steel]Archaludon||AssaultVest|Stamina|BodyPress,FlashCannon,ElectroShot,DragonPulse|||F|||50|,,,,,Grass]Grimmsnarl||LightClay|Prankster|LightScreen,Reflect,SpiritBreak,ThunderWave|||M|||50|,,,,,Ghost
|inactive|Battle timer is ON: inactive players will automatically lose when time's up. (requested by JBClodsireYT)
|inactive|JBClodsireYT has 60 seconds left.
|inactive|Darkan33 has 60 seconds left.
|inactive|Darkan33 has 30 seconds left.
|inactive|Darkan33 has 20 seconds left.
|inactive|Darkan33 has 15 seconds left.
|inactive|Darkan33 has 10 seconds left.
|
|t:|1756219016
|teamsize|p1|4
|teamsize|p2|4
|start
|switch|p1a: Annihilape|Annihilape, L50, M|100/100
|switch|p1b: Amoonguss|Amoonguss, L50, F|100/100
|switch|p2a: Garchomp|Garchomp, L50, F|100/100
|switch|p2b: Breloom|Breloom, L50, F, shiny|100/100
|turn|1
|inactive|Darkan33 has 30 seconds left.
|inactive|JBClodsireYT has 30 seconds left.
|
|t:|1756219056
|-terastallize|p1a: Annihilape|Steel
|move|p2a: Garchomp|Protect|p2a: Garchomp
|-singleturn|p2a: Garchomp|Protect
|move|p2b: Breloom|Spore|p1a: Annihilape
|-activate|p1a: Annihilape|item: Safety Goggles|Spore
|move|p1a: Annihilape|Drain Punch|p2b: Breloom
|-damage|p2b: Breloom|38/100
|move|p1b: Amoonguss|Spore|p2a: Garchomp
|-activate|p2a: Garchomp|move: Protect
|
|upkeep
|turn|2
|inactive|Darkan33 has 30 seconds left.
|
|t:|1756219091
|switch|p2b: Pelipper|Pelipper, L50, M, shiny|100/100
|-weather|RainDance|[from] ability: Drizzle|[of] p2b: Pelipper
|move|p1a: Annihilape|Protect|p1a: Annihilape
|-singleturn|p1a: Annihilape|Protect
|move|p2a: Garchomp|Earthquake|p1a: Annihilape|[spread] p1b
|-activate|p1a: Annihilape|move: Protect
|-immune|p2b: Pelipper
|-damage|p1b: Amoonguss|71/100
|move|p1b: Amoonguss|Spore|p2a: Garchomp
|-status|p2a: Garchomp|slp|[from] move: Spore
|
|-weather|RainDance|[upkeep]
|upkeep
|turn|3
|inactive|Darkan33 has 30 seconds left.
|
|t:|1756219122
|cant|p2a: Garchomp|slp
|move|p1a: Annihilape|Bulk Up|p1a: Annihilape
|-boost|p1a: Annihilape|atk|1
|-boost|p1a: Annihilape|def|1
|move|p2b: Pelipper|Hurricane|p1b: Amoonguss
|-supereffective|p1b: Amoonguss
|-damage|p1b: Amoonguss|0 fnt
|faint|p1b: Amoonguss
|
|-weather|RainDance|[upkeep]
|upkeep
|
|t:|1756219134
|switch|p1b: Archaludon|Archaludon, L50, F, shiny|100/100
|turn|4
|
|t:|1756219157
|cant|p2a: Garchomp|slp
|move|p1a: Annihilape|Drain Punch|p2a: Garchomp
|-damage|p2a: Garchomp|43/100 slp
|-damage|p1a: Annihilape|88/100|[from] ability: Rough Skin|[of] p2a: Garchomp
|move|p1b: Archaludon|Electro Shot||[still]
|-prepare|p1b: Archaludon|Electro Shot
|-boost|p1b: Archaludon|spa|1
|-anim|p1b: Archaludon|Electro Shot|p2b: Pelipper
|-supereffective|p2b: Pelipper
|-damage|p2b: Pelipper|0 fnt
|faint|p2b: Pelipper
|
|-weather|RainDance|[upkeep]
|upkeep
|
|t:|1756219175
|switch|p2b: Kingdra|Kingdra, L50, F|100/100
|turn|5
|
|t:|1756219192
|move|p2b: Kingdra|Protect|p2b: Kingdra
|-singleturn|p2b: Kingdra|Protect
|cant|p2a: Garchomp|slp
|move|p1a: Annihilape|Drain Punch|p2a: Garchomp
|-damage|p2a: Garchomp|0 fnt
|-heal|p1a: Annihilape|100/100|[from] drain|[of] p2a: Garchomp
|-damage|p1a: Annihilape|88/100|[from] ability: Rough Skin|[of] p2a: Garchomp
|faint|p2a: Garchomp
|move|p1b: Archaludon|Dragon Pulse|p2b: Kingdra
|-activate|p2b: Kingdra|move: Protect
|
|-weather|RainDance|[upkeep]
|upkeep
|
|t:|1756219204
|switch|p2a: Breloom|Breloom, L50, F, shiny|38/100
|turn|6
|inactive|Darkan33 has 30 seconds left.
|
|t:|1756219231
|move|p1a: Annihilape|Protect|p1a: Annihilape
|-singleturn|p1a: Annihilape|Protect
|move|p2a: Breloom|Mach Punch|p1a: Annihilape
|-activate|p1a: Annihilape|move: Protect
|move|p2b: Kingdra|Draco Meteor|p1b: Archaludon
|-damage|p1b: Archaludon|50/100
|-unboost|p2b: Kingdra|spa|2
|-ability|p1b: Archaludon|Stamina|boost
|-boost|p1b: Archaludon|def|1
|-damage|p2b: Kingdra|91/100|[from] item: Life Orb
|move|p1b: Archaludon|Dragon Pulse|p2b: Kingdra
|-supereffective|p2b: Kingdra
|-damage|p2b: Kingdra|0 fnt
|faint|p2b: Kingdra
|
|-weather|none
|upkeep
|turn|7
|
|t:|1756219251
|move|p2a: Breloom|Mach Punch|p1b: Archaludon
|-supereffective|p1b: Archaludon
|-damage|p1b: Archaludon|22/100
|-ability|p1b: Archaludon|Stamina|boost
|-boost|p1b: Archaludon|def|1
|move|p1a: Annihilape|Drain Punch|p2a: Breloom
|-damage|p2a: Breloom|0 fnt
|-heal|p1a: Annihilape|100/100|[from] drain|[of] p2a: Breloom
|faint|p2a: Breloom
|
|win|JBClodsireYT
||JBClodsireYT is ready for game 2.
