|j|☆sum1dum
|j|☆Tempyies
|html|sum1dumTempyies    
|uhtml|bestof|Game 1 of a best-of-3
|t:|1782508336
|gametype|doubles
|player|p1|sum1dum|rosa|1099
|player|p2|Tempyies|169|1009
|gen|9
|tier|[Gen 9 Champions] VGC 2026 Reg M-B (Bo3)
|rated|
|rule|Species Clause: Limit one of each Pokémon
|rule|Item Clause: Limit 1 of each item
|clearpoke
|poke|p1|Gliscor, L50, F|
|poke|p1|Primarina, L50, M|
|poke|p1|Metagross, L50|
|poke|p1|Ninetales-Alola, L50, M|
|poke|p1|Incineroar, L50, M|
|poke|p1|Sinistcha, L50|
|poke|p2|Mawile, L50, F|
|poke|p2|Torkoal, L50, F|
|poke|p2|Incineroar, L50, F|
|poke|p2|Farigiraf, L50, M|
|poke|p2|Charizard, L50, M|
|poke|p2|Milotic, L50, M|
|teampreview|4
|showteam|p1|Gliscor||LifeOrb|HyperCutter|DualWingbeat,HighHorsepower,RockSlide,Protect|Jolly||F|||50|]Primarina||Leftovers|LiquidVoice|CalmMind,HyperVoice,Moonblast,Protect|Modest||M|||50|]Metagross||Metagrossite|ClearBody|BulletPunch,IronHead,Protect,PsychicFangs|Jolly|||||50|]Ninetales-Alola||LightClay|SnowWarning|AuroraVeil,FreezeDry,Moonblast,Protect|Timid||M|||50|]Incineroar||ChopleBerry|Intimidate|FakeOut,FlareBlitz,DarkestLariat,PartingShot|Impish||M|||50|]Sinistcha||SitrusBerry|Hospitality|MatchaGotcha,Protect,LifeDew,RagePowder|Bold|||||50|
|showteam|p2|Mawile||Mawilite|Intimidate|RockSlide,PlayRough,SuckerPunch,Protect|Brave||F|||50|]Torkoal||Charcoal|Drought|Eruption,HeatWave,SolarBeam,Protect|Quiet||F|||50|]Incineroar||ChopleBerry|Intimidate|FlareBlitz,FakeOut,DarkestLariat,PartingShot|Brave||F|||50|]Farigiraf||SitrusBerry|ArmorTail|Protect,TrickRoom,Psychic,HyperVoice|Sassy||M|||50|]Charizard||CharizarditeY|Blaze|WeatherBall,HeatWave,SolarBeam,Protect|Modest||M|||50|]Milotic||Leftovers|Competitive|Scald,Recover,Coil,Hypnosis|Bold||M|||50|
|inactive|Battle timer is ON: inactive players will automatically lose when time's up. (requested by sum1dum)
|inactive|sum1dum has 60 seconds left.
|inactive|Tempyies has 60 seconds left.
|
|t:|1782508383
|teamsize|p1|4
|teamsize|p2|4
|start
|switch|p1a: Bravery|Gliscor, L50, F|100/100
|switch|p1b: Justice|Incineroar, L50, M|100/100
|switch|p2a: Farigiraf|Farigiraf, L50, M|100/100
|switch|p2b: Incineroar|Incineroar, L50, F|100/100
|-ability|p1b: Justice|Intimidate|boost
|-unboost|p2a: Farigiraf|atk|1
|-unboost|p2b: Incineroar|atk|1
|-ability|p2b: Incineroar|Intimidate|boost
|-fail|p1a: Bravery|unboost|Attack|[from] ability: Hyper Cutter|[of] p1a: Bravery
|-unboost|p1b: Justice|atk|1
|turn|1
|
|t:|1782508404
|move|p1a: Bravery|Rock Slide|p2a: Farigiraf|[spread] p2a,p2b
|-supereffective|p2b: Incineroar|1
|-damage|p2a: Farigiraf|84/100
|-damage|p2b: Incineroar|61/100
|-damage|p1a: Bravery|90/100|[from] item: Life Orb
|move|p1b: Justice|Darkest Lariat|p2a: Farigiraf
|-supereffective|p2a: Farigiraf|1
|-damage|p2a: Farigiraf|46/100
|-enditem|p2a: Farigiraf|Sitrus Berry|[eat]
|-heal|p2a: Farigiraf|70/100|[from] item: Sitrus Berry
|move|p2b: Incineroar|Parting Shot|p1b: Justice
|-unboost|p1b: Justice|atk|1
|-unboost|p1b: Justice|spa|1
|
|t:|1782508425
|switch|p2b: Mawile|Mawile, L50, F|100/100|[from] Parting Shot
|-ability|p2b: Mawile|Intimidate|boost
|-fail|p1a: Bravery|unboost|Attack|[from] ability: Hyper Cutter|[of] p1a: Bravery
|-unboost|p1b: Justice|atk|1
|move|p2a: Farigiraf|Trick Room|p2a: Farigiraf
|-fieldstart|move: Trick Room|[of] p2a: Farigiraf
|
|upkeep
|turn|2
|
|t:|1782508446
|detailschange|p2b: Mawile|Mawile-Mega, L50, F
|-mega|p2b: Mawile|Mawile|Mawilite
|move|p1a: Bravery|Protect|p1a: Bravery
|-singleturn|p1a: Bravery|Protect
|move|p2b: Mawile|Play Rough|p1b: Justice
|-damage|p1b: Justice|29/100
|move|p2a: Farigiraf|Hyper Voice|p1b: Justice|[spread] p1b
|-activate|p1a: Bravery|move: Protect
|-damage|p1b: Justice|8/100
|move|p1b: Justice|Parting Shot|p2b: Mawile
|-unboost|p2b: Mawile|atk|1
|-unboost|p2b: Mawile|spa|1
|
|t:|1782508453
|switch|p1b: Patience|Primarina, L50, M|100/100|[from] Parting Shot
|
|upkeep
|turn|3
|
|t:|1782508475
|move|p2b: Mawile|Play Rough|p1b: Patience
|-damage|p1b: Patience|42/100
|move|p2a: Farigiraf|Hyper Voice|p1b: Patience|[spread] p1a,p1b
|-damage|p1a: Bravery|53/100
|-damage|p1b: Patience|19/100
|move|p1b: Patience|Hyper Voice|p2b: Mawile|[spread] p2a,p2b
|-damage|p2a: Farigiraf|40/100
|-damage|p2b: Mawile|61/100
|move|p1a: Bravery|High Horsepower|p2b: Mawile
|-supereffective|p2b: Mawile|1
|-damage|p2b: Mawile|0 fnt
|faint|p2b: Mawile
|-damage|p1a: Bravery|43/100|[from] item: Life Orb
|
|-heal|p1b: Patience|25/100|[from] item: Leftovers
|upkeep
|
|t:|1782508479
|switch|p2b: Torkoal|Torkoal, L50, F|100/100
|-weather|SunnyDay|[from] ability: Drought|[of] p2b: Torkoal
|turn|4
|
|t:|1782508492
|switch|p1b: Justice|Incineroar, L50, M|8/100
|-ability|p1b: Justice|Intimidate|boost
|-unboost|p2a: Farigiraf|atk|1
|-unboost|p2b: Torkoal|atk|1
|move|p1a: Bravery|Protect|p1a: Bravery
|-singleturn|p1a: Bravery|Protect
|move|p2b: Torkoal|Eruption|p1a: Bravery|[spread] p1b
|-activate|p1a: Bravery|move: Protect
|-resisted|p1b: Justice|1
|-damage|p1b: Justice|0 fnt
|faint|p1b: Justice
|move|p2a: Farigiraf|Hyper Voice|p1a: Bravery
|-activate|p1a: Bravery|move: Protect
|
|-weather|SunnyDay|[upkeep]
|upkeep
|
|t:|1782508497
|switch|p1b: Integrity|Ninetales-Alola, L50, M|100/100
|-weather|Snowscape|[from] ability: Snow Warning|[of] p1b: Integrity
|turn|5
|
|t:|1782508506
|move|p1a: Bravery|Protect|p1a: Bravery
|-singleturn|p1a: Bravery|Protect
|move|p1b: Integrity|Protect|p1b: Integrity
|-singleturn|p1b: Integrity|Protect
|move|p2b: Torkoal|Eruption|p1b: Integrity|[spread] 
|-activate|p1a: Bravery|move: Protect
|-activate|p1b: Integrity|move: Protect
|move|p2a: Farigiraf|Hyper Voice|p1a: Bravery|[spread] 
|-activate|p1a: Bravery|move: Protect
|-activate|p1b: Integrity|move: Protect
|
|-weather|Snowscape|[upkeep]
|-fieldend|move: Trick Room
|upkeep
|turn|6
|
|t:|1782508516
|move|p1b: Integrity|Moonblast|p2a: Farigiraf
|-damage|p2a: Farigiraf|11/100
|move|p1a: Bravery|Rock Slide|p2b: Torkoal|[spread] p2a,p2b
|-supereffective|p2b: Torkoal|1
|-damage|p2a: Farigiraf|0 fnt
|-damage|p2b: Torkoal|68/100
|faint|p2a: Farigiraf
|-damage|p1a: Bravery|33/100|[from] item: Life Orb
|cant|p2b: Torkoal|flinch
|
|-weather|Snowscape|[upkeep]
|upkeep
|
|t:|1782508522
|switch|p2a: Incineroar|Incineroar, L50, F|61/100
|-ability|p2a: Incineroar|Intimidate|boost
|-fail|p1a: Bravery|unboost|Attack|[from] ability: Hyper Cutter|[of] p1a: Bravery
|-unboost|p1b: Integrity|atk|1
|turn|7
|
|t:|1782508537
|move|p2a: Incineroar|Fake Out|p1b: Integrity
|-damage|p1b: Integrity|85/100
|cant|p1b: Integrity|flinch
|move|p1a: Bravery|High Horsepower|p2b: Torkoal
|-supereffective|p2b: Torkoal|1
|-damage|p2b: Torkoal|0 fnt
|faint|p2b: Torkoal
|-damage|p1a: Bravery|23/100|[from] item: Life Orb
|
|-weather|Snowscape|[upkeep]
|upkeep
|turn|8
|-message|Tempyies forfeited.
|
|win|sum1dum
