|j|☆baileygoodstuffs
|j|☆memeberserk
|html|baileygoodstuffsmemeberserk    
|uhtml|bestof|Game 2 of a best-of-3
|t:|1784951671
|gametype|doubles
|player|p1|baileygoodstuffs|169|1062
|player|p2|memeberserk|lance|1184
|gen|9
|tier|[Gen 9 Champions] VGC 2026 Reg M-B (Bo3)
|rated|
|rule|Species Clause: Limit one of each Pokémon
|rule|Item Clause: Limit 1 of each item
|clearpoke
|poke|p1|Scrafty, L50, M, shiny|
|poke|p1|Rotom-Wash, L50, shiny|
|poke|p1|Arcanine, L50, M, shiny|
|poke|p1|Gholdengo, L50, shiny|
|poke|p1|Mimikyu, L50, F, shiny|
|poke|p1|Mamoswine, L50, M, shiny|
|poke|p2|Raichu, L50, M|
|poke|p2|Corviknight, L50, M|
|poke|p2|Sylveon, L50, M|
|poke|p2|Basculegion, L50, M|
|poke|p2|Mamoswine, L50, F|
|poke|p2|Tyranitar, L50, M|
|teampreview|4
|showteam|p1|Scrafty||Scraftinite|Intimidate|CloseCombat,KnockOff,FakeOut,Substitute|Brave||M|||50|]Rotom-Wash||SitrusBerry|Levitate|Thunderbolt,HydroPump,Electroweb,VoltSwitch|Calm|||||50|]Arcanine||PasshoBerry|Intimidate|ExtremeSpeed,FlareBlitz,Howl,Protect|Jolly||M|||50|]Gholdengo||Leftovers|GoodasGold|MakeItRain,ShadowBall,NastyPlot,Protect|Modest|||||50|]Mimikyu||SpellTag|Disguise|ShadowSneak,PlayRough,TrickRoom,Protect|Brave||F|||50|]Mamoswine||LifeOrb|Oblivious|IcicleSpear,IceShard,StompingTantrum,RockTomb|Adamant||M|||50|
|showteam|p2|Raichu||RaichuniteY|LightningRod|ZapCannon,FocusBlast,FakeOut,Protect|Timid||M|||50|]Corviknight||Leftovers|Unnerve|BraveBird,IronHead,Tailwind,Protect|Careful||M|||50|]Sylveon||FairyFeather|Pixilate|HyperVoice,QuickAttack,Protect,Yawn|Modest||M|||50|]Basculegion||MysticWater|SwiftSwim|WaveCrash,LastRespects,AquaJet,Protect|Adamant||M|||50|]Mamoswine||LifeOrb|Oblivious|HighHorsepower,IceShard,IcicleCrash,Protect|Adamant||F|||50|]Tyranitar||FocusSash|SandStream|RockSlide,KnockOff,Superpower,Protect|Adamant||M|||50|
|inactive|Battle timer is ON: inactive players will automatically lose when time's up. (requested by memeberserk)
|inactive|baileygoodstuffs has 60 seconds left.
|
|t:|1784951760
|teamsize|p1|4
|teamsize|p2|4
|start
|switch|p1a: Scrafty|Scrafty, L50, M, shiny|100/100
|switch|p1b: Mimikyu|Mimikyu, L50, F, shiny|100/100
|switch|p2a: Raichu|Raichu, L50, M|100/100
|switch|p2b: Sylveon|Sylveon, L50, M|100/100
|-ability|p1a: Scrafty|Intimidate|boost
|-unboost|p2a: Raichu|atk|1
|-unboost|p2b: Sylveon|atk|1
|turn|1
|inactive|baileygoodstuffs has 30 seconds left.
|
|t:|1784951794
|switch|p1a: Gholdengo|Gholdengo, L50, shiny|100/100
|move|p2a: Raichu|Zap Cannon|p1b: Mimikyu
|-activate|p1b: Mimikyu|ability: Disguise
|-damage|p1b: Mimikyu|100/100
|-status|p1b: Mimikyu|par
|detailschange|p1b: Mimikyu|Mimikyu-Busted, L50, F, shiny
|-damage|p1b: Mimikyu|87/100 par|[from] pokemon: Mimikyu-Busted
|move|p2b: Sylveon|Hyper Voice|p1b: Mimikyu|[spread] p1a,p1b
|-resisted|p1a: Gholdengo|1
|-crit|p1a: Gholdengo
|-damage|p1a: Gholdengo|63/100
|-damage|p1b: Mimikyu|42/100 par
|move|p1b: Mimikyu|Trick Room|p1b: Mimikyu
|-fieldstart|move: Trick Room|[of] p1b: Mimikyu
|
|-heal|p1a: Gholdengo|70/100|[from] item: Leftovers
|upkeep
|turn|2
|inactive|baileygoodstuffs has 30 seconds left.
|inactive|baileygoodstuffs has 20 seconds left.
|inactive|baileygoodstuffs has 15 seconds left.
|inactive|baileygoodstuffs has 10 seconds left.
|inactive|baileygoodstuffs has 5 seconds left.
|
|t:|1784951849
|switch|p1b: Rotom|Rotom-Wash, L50, shiny|100/100
|switch|p2b: Corviknight|Corviknight, L50, M|100/100
|-ability|p2b: Corviknight|Unnerve
|detailschange|p2a: Raichu|Raichu-Mega-Y, L50, M
|-mega|p2a: Raichu|Raichu|Raichunite Y
|move|p1a: Gholdengo|Nasty Plot|p1a: Gholdengo
|-boost|p1a: Gholdengo|spa|2
|move|p2a: Raichu|Zap Cannon|p1a: Gholdengo
|-damage|p1a: Gholdengo|3/100
|-status|p1a: Gholdengo|par
|
|-heal|p1a: Gholdengo|9/100 par|[from] item: Leftovers
|upkeep
|turn|3
|inactive|baileygoodstuffs has 30 seconds left.
|inactive|baileygoodstuffs has 20 seconds left.
|inactive|baileygoodstuffs has 15 seconds left.
|inactive|baileygoodstuffs has 10 seconds left.
|inactive|baileygoodstuffs has 5 seconds left.
|
|t:|1784951902
|move|p1a: Gholdengo|Protect|p1a: Gholdengo
|-singleturn|p1a: Gholdengo|Protect
|move|p2a: Raichu|Protect|p2a: Raichu
|-singleturn|p2a: Raichu|Protect
|move|p2b: Corviknight|Brave Bird|p1a: Gholdengo
|-activate|p1a: Gholdengo|move: Protect
|move|p1b: Rotom|Thunderbolt|p2b: Corviknight
|-supereffective|p2b: Corviknight|1
|-damage|p2b: Corviknight|39/100
|
|-heal|p1a: Gholdengo|15/100 par|[from] item: Leftovers
|-heal|p2b: Corviknight|45/100|[from] item: Leftovers
|upkeep
|turn|4
|
|t:|1784951926
|switch|p2b: Mamoswine|Mamoswine, L50, F|100/100
|switch|p2a: Sylveon|Sylveon, L50, M|100/100
|move|p1a: Gholdengo|Shadow Ball|p2a: Sylveon
|-damage|p2a: Sylveon|30/100
|move|p1b: Rotom|Thunderbolt|p2b: Mamoswine
|-immune|p2b: Mamoswine
|
|-heal|p1a: Gholdengo|22/100 par|[from] item: Leftovers
|upkeep
|turn|5
|inactive|baileygoodstuffs has 30 seconds left.
|inactive|memeberserk has 30 seconds left.
|inactive|baileygoodstuffs has 20 seconds left.
|inactive|baileygoodstuffs has 15 seconds left.
|inactive|baileygoodstuffs has 10 seconds left.
|
|t:|1784951975
|move|p2a: Sylveon|Protect|p2a: Sylveon
|-singleturn|p2a: Sylveon|Protect
|move|p2b: Mamoswine|Protect|p2b: Mamoswine
|-singleturn|p2b: Mamoswine|Protect
|move|p1a: Gholdengo|Make It Rain|p2b: Mamoswine|[spread] 
|-activate|p2a: Sylveon|move: Protect
|-activate|p2b: Mamoswine|move: Protect
|move|p1b: Rotom|Thunderbolt|p2a: Sylveon
|-activate|p2a: Sylveon|move: Protect
|
|-heal|p1a: Gholdengo|28/100 par|[from] item: Leftovers
|-fieldend|move: Trick Room
|upkeep
|turn|6
|inactive|baileygoodstuffs has 30 seconds left.
|inactive|baileygoodstuffs has 20 seconds left.
|inactive|baileygoodstuffs has 15 seconds left.
|inactive|baileygoodstuffs has 10 seconds left.
|inactive|baileygoodstuffs has 5 seconds left.
|
|t:|1784952037
|switch|p2a: Raichu|Raichu-Mega-Y, L50, M|100/100
|move|p2b: Mamoswine|High Horsepower|p1a: Gholdengo
|-supereffective|p1a: Gholdengo|1
|-damage|p1a: Gholdengo|0 fnt
|faint|p1a: Gholdengo
|-damage|p2b: Mamoswine|90/100|[from] item: Life Orb
|move|p1b: Rotom|Thunderbolt|p2a: Raichu
|-resisted|p2a: Raichu|1
|-damage|p2a: Raichu|72/100
|
|upkeep
|inactive|baileygoodstuffs has 30 seconds left.
|inactive|baileygoodstuffs has 20 seconds left.
|inactive|baileygoodstuffs has 15 seconds left.
|inactive|baileygoodstuffs has 10 seconds left.
|inactive|baileygoodstuffs has 5 seconds left.
|
|t:|1784952090
|switch|p1a: Scrafty|Scrafty, L50, M, shiny|100/100
|-ability|p1a: Scrafty|Intimidate|boost
|-unboost|p2a: Raichu|atk|1
|-fail|p2b: Mamoswine|unboost|Attack|[from] ability: Oblivious|[of] p2b: Mamoswine
|turn|7
|inactive|baileygoodstuffs has 30 seconds left.
|inactive|baileygoodstuffs has 20 seconds left.
|inactive|baileygoodstuffs has 15 seconds left.
|inactive|baileygoodstuffs has 10 seconds left.
|
|t:|1784952140
|detailschange|p1a: Scrafty|Scrafty-Mega, L50, M, shiny
|-mega|p1a: Scrafty|Scrafty|Scraftinite
|-ability|p1a: Scrafty|Intimidate|boost
|-unboost|p2a: Raichu|atk|1
|-fail|p2b: Mamoswine|unboost|Attack|[from] ability: Oblivious|[of] p2b: Mamoswine
|move|p1a: Scrafty|Fake Out|p2a: Raichu
|-damage|p2a: Raichu|45/100
|cant|p2a: Raichu|flinch
|move|p2b: Mamoswine|High Horsepower|p1a: Scrafty
|-damage|p1a: Scrafty|37/100
|-damage|p2b: Mamoswine|80/100|[from] item: Life Orb
|move|p1b: Rotom|Hydro Pump|p2b: Mamoswine
|-supereffective|p2b: Mamoswine|1
|-damage|p2b: Mamoswine|0 fnt
|faint|p2b: Mamoswine
|
|upkeep
|
|t:|1784952155
|switch|p2b: Sylveon|Sylveon, L50, M|30/100
|turn|8
|inactive|baileygoodstuffs has 30 seconds left.
|inactive|baileygoodstuffs has 20 seconds left.
|inactive|baileygoodstuffs has 15 seconds left.
|inactive|baileygoodstuffs has 10 seconds left.
|inactive|baileygoodstuffs has 5 seconds left.
|
|t:|1784952210
|switch|p1a: Mimikyu|Mimikyu-Busted, L50, F, shiny|42/100 par
|move|p2a: Raichu|Zap Cannon|p1b: Rotom
|-damage|p1b: Rotom|40/100
|-enditem|p1b: Rotom|Sitrus Berry|[eat]
|-heal|p1b: Rotom|65/100|[from] item: Sitrus Berry
|move|p1b: Rotom|Hydro Pump|p2a: Raichu
|-damage|p2a: Raichu|0 fnt
|faint|p2a: Raichu
|move|p2b: Sylveon|Hyper Voice|p1a: Mimikyu|[spread] p1a,p1b
|-damage|p1a: Mimikyu|0 fnt
|-damage|p1b: Rotom|24/100
|faint|p1a: Mimikyu
|
|upkeep
|inactive|baileygoodstuffs has 30 seconds left this turn.
|inactive|baileygoodstuffs has 20 seconds left.
|inactive|baileygoodstuffs has 15 seconds left.
|
|t:|1784952225
|switch|p2a: Corviknight|Corviknight, L50, M|45/100
|switch|p1a: Scrafty|Scrafty-Mega, L50, M, shiny|37/100
|-ability|p2a: Corviknight|Unnerve
|-ability|p1a: Scrafty|Intimidate|boost
|-unboost|p2a: Corviknight|atk|1
|-unboost|p2b: Sylveon|atk|1
|turn|9
|inactive|baileygoodstuffs has 15 seconds left this turn.
|inactive|baileygoodstuffs has 10 seconds left.
|inactive|baileygoodstuffs has 5 seconds left.
|-message|baileygoodstuffs lost due to inactivity.
|
|win|memeberserk
||memeberserk is ready for game 3.
||baileygoodstuffs is ready for game 3.
|uhtml|next|Next: Game 3 of 3
|l|☆memeberserk
|player|p2|
