|j|☆prithalt67
|j|☆Eggy’sDad
|html|prithalt67Eggy’sDad    
|uhtml|bestof|Game 1 of a best-of-3
|t:|1785312977
|gametype|doubles
|player|p1|prithalt67|n|1046
|player|p2|Eggy’sDad|265|1092
|gen|9
|tier|[Gen 9 Champions] VGC 2026 Reg M-B (Bo3)
|rated|
|rule|Species Clause: Limit one of each Pokémon
|rule|Item Clause: Limit 1 of each item
|clearpoke
|poke|p1|Sharpedo, L50, F|
|poke|p1|Ceruledge, L50, M|
|poke|p1|Milotic, L50, M|
|poke|p1|Incineroar, L50, F|
|poke|p1|Sinistcha-Masterpiece, L50|
|poke|p1|Pelipper, L50, F|
|poke|p2|Pyroar, L50, M|
|poke|p2|Whimsicott, L50, M|
|poke|p2|Ninetales, L50, M|
|poke|p2|Farigiraf, L50, M|
|poke|p2|Basculegion, L50, M|
|poke|p2|Floette-Eternal, L50, F|
|teampreview|4
|showteam|p1|Sharpedo||Sharpedonite|SpeedBoost|Crunch,CloseCombat,Liquidation,Protect|Adamant||F|||50|]Ceruledge||ColburBerry|FlashFire|BulkUp,BitterBlade,ShadowSneak,Protect|Adamant||M|||50|]Milotic||Leftovers|Competitive|MuddyWater,IceBeam,Protect,IcyWind|Calm||M|||50|]Incineroar||ChopleBerry|Intimidate|FakeOut,PartingShot,DarkestLariat,FlareBlitz|Impish||F|||50|]Sinistcha-Masterpiece||OccaBerry|Hospitality|RagePowder,LifeDew,MatchaGotcha,TrickRoom|Relaxed|||||50|]Pelipper||FocusSash|Drizzle|Tailwind,Hurricane,Protect,WeatherBall|Modest||F|||50|
|showteam|p2|Pyroar||Pyroarite|Unnerve|HeatWave,SolarBeam,Overheat,Protect|Timid||M|||50|]Whimsicott||FocusSash|Prankster|Moonblast,Tailwind,SunnyDay,Protect|Timid||M|||50|]Ninetales||ChoiceScarf|Drought|Overheat,HeatWave,SolarBeam,FakeTears|Modest||M|||50|]Farigiraf||SitrusBerry|ArmorTail|Thunderbolt,TwinBeam,TrickRoom,HelpingHand|Bold||M|||50|]Basculegion||LifeOrb|Adaptability|WaveCrash,LastRespects,AquaJet,Protect|Adamant||M|||50|]Floette-Eternal||Floettite|FlowerVeil|Moonblast,DazzlingGleam,LightofRuin,Protect|Timid||F|||50|
|inactive|Battle timer is ON: inactive players will automatically lose when time's up. (requested by prithalt67)
|inactive|Eggy’sDad has 60 seconds left.
|inactive|Eggy’sDad has 30 seconds left.
|inactive|Eggy’sDad has 20 seconds left.
|inactive|Eggy’sDad has 15 seconds left.
|
|t:|1785313058
|teamsize|p1|4
|teamsize|p2|4
|start
|switch|p1a: Sharpedo|Sharpedo, L50, F|100/100
|switch|p1b: Incineroar|Incineroar, L50, F|100/100
|switch|p2a: Whimsicott|Whimsicott, L50, M|100/100
|switch|p2b: Pyroar|Pyroar, L50, M|100/100
|-ability|p2b: Pyroar|Unnerve
|-ability|p1b: Incineroar|Intimidate|boost
|-unboost|p2a: Whimsicott|atk|1
|-unboost|p2b: Pyroar|atk|1
|turn|1
|inactive|Eggy’sDad has 30 seconds left.
|
|t:|1785313086
|switch|p2a: Farigiraf|Farigiraf, L50, M|100/100
|move|p2b: Pyroar|Protect|p2b: Pyroar
|-singleturn|p2b: Pyroar|Protect
|move|p1b: Incineroar|Fake Out||[still]
|cant|p2a: Farigiraf|ability: Armor Tail|Fake Out|[of] p1b: Incineroar
|move|p1a: Sharpedo|Liquidation|p2b: Pyroar
|-activate|p2b: Pyroar|move: Protect
|
|-ability|p1a: Sharpedo|Speed Boost|boost
|-boost|p1a: Sharpedo|spe|1
|upkeep
|turn|2
|inactive|prithalt67 has 30 seconds left.
|inactive|Eggy’sDad has 30 seconds left.
|
|t:|1785313117
|switch|p2b: Whimsicott|Whimsicott, L50, M|100/100
|detailschange|p1a: Sharpedo|Sharpedo-Mega, L50, F
|-mega|p1a: Sharpedo|Sharpedo|Sharpedonite
|move|p1a: Sharpedo|Crunch|p2a: Farigiraf
|-supereffective|p2a: Farigiraf|1
|-damage|p2a: Farigiraf|0 fnt
|faint|p2a: Farigiraf
|move|p1b: Incineroar|Darkest Lariat|p2b: Whimsicott
|-resisted|p2b: Whimsicott|1
|-damage|p2b: Whimsicott|74/100
|
|upkeep
|
|t:|1785313130
|switch|p2a: Basculegion|Basculegion, L50, M|100/100
|turn|3
|
|t:|1785313155
|move|p2b: Whimsicott|Tailwind|p2b: Whimsicott
|-sidestart|p2: Eggy’sDad|move: Tailwind
|move|p2a: Basculegion|Wave Crash|p1b: Incineroar
|-supereffective|p1b: Incineroar|1
|-damage|p1b: Incineroar|0 fnt
|faint|p1b: Incineroar
|-damage|p2a: Basculegion|65/100|[from] Recoil
|-damage|p2a: Basculegion|55/100|[from] item: Life Orb
|move|p1a: Sharpedo|Crunch|p2a: Basculegion
|-supereffective|p2a: Basculegion|1
|-damage|p2a: Basculegion|0 fnt
|faint|p2a: Basculegion
|
|upkeep
|
|t:|1785313170
|switch|p2a: Pyroar|Pyroar, L50, M|100/100
|switch|p1b: Pelipper|Pelipper, L50, F|100/100
|-ability|p2a: Pyroar|Unnerve
|-weather|RainDance|[from] ability: Drizzle|[of] p1b: Pelipper
|turn|4
|inactive|Eggy’sDad has 30 seconds left.
|
|t:|1785313202
|detailschange|p2a: Pyroar|Pyroar-Mega, L50, M
|-mega|p2a: Pyroar|Pyroar|Pyroarite
|move|p1a: Sharpedo|Protect|p1a: Sharpedo
|-singleturn|p1a: Sharpedo|Protect
|move|p2b: Whimsicott|Sunny Day|p2b: Whimsicott
|-weather|SunnyDay
|move|p2a: Pyroar|Solar Beam||[still]
|-prepare|p2a: Pyroar|Solar Beam
|-anim|p2a: Pyroar|Solar Beam|p1a: Sharpedo
|-activate|p1a: Sharpedo|move: Protect
|move|p1b: Pelipper|Tailwind|p1b: Pelipper
|-sidestart|p1: prithalt67|move: Tailwind
|
|-weather|SunnyDay|[upkeep]
|upkeep
|turn|5
|inactive|prithalt67 has 30 seconds left.
|
|t:|1785313235
|move|p2a: Pyroar|Protect|p2a: Pyroar
|-singleturn|p2a: Pyroar|Protect
|move|p1a: Sharpedo|Close Combat|p2a: Pyroar
|-activate|p2a: Pyroar|move: Protect
|move|p2b: Whimsicott|Moonblast|p1a: Sharpedo
|-supereffective|p1a: Sharpedo|1
|-damage|p1a: Sharpedo|0 fnt
|faint|p1a: Sharpedo
|move|p1b: Pelipper|Weather Ball|p2b: Whimsicott
|-supereffective|p2b: Whimsicott|1
|-damage|p2b: Whimsicott|0 fnt
|faint|p2b: Whimsicott
|
|-weather|SunnyDay|[upkeep]
|upkeep
|
|t:|1785313243
|switch|p1a: Ceruledge|Ceruledge, L50, M|100/100
|turn|6
|c|☆prithalt67|ez
|
|t:|1785313260
|move|p2a: Pyroar|Heat Wave|p1a: Ceruledge|[spread] p1b
|-start|p1a: Ceruledge|ability: Flash Fire
|-resisted|p1b: Pelipper|1
|-damage|p1b: Pelipper|40/100
|move|p1a: Ceruledge|Bulk Up|p1a: Ceruledge
|-boost|p1a: Ceruledge|atk|1
|-boost|p1a: Ceruledge|def|1
|move|p1b: Pelipper|Weather Ball|p2a: Pyroar
|-resisted|p2a: Pyroar|1
|-damage|p2a: Pyroar|70/100
|
|-weather|SunnyDay|[upkeep]
|-sideend|p2: Eggy’sDad|move: Tailwind
|upkeep
|turn|7
|inactive|prithalt67 has 30 seconds left.
|inactive|prithalt67 has 20 seconds left.
|
|t:|1785313295
|move|p1a: Ceruledge|Bitter Blade|p2a: Pyroar
|-resisted|p2a: Pyroar|1
|-damage|p2a: Pyroar|0 fnt
|faint|p2a: Pyroar
|
|win|prithalt67
