|j|☆YungDung Beetle
|j|☆jANMxRin
|html|YungDung BeetlejANMxRin    
|uhtml|bestof|Game 2 of a best-of-3
|t:|1756853957
|gametype|doubles
|player|p1|YungDung Beetle|101|1089
|player|p2|jANMxRin|acerola-masters|1128
|gen|9
|tier|[Gen 9] VGC 2025 Reg H (Bo3)
|rated|
|rule|Species Clause: Limit one of each Pokémon
|rule|Item Clause: Limit 1 of each item
|clearpoke
|poke|p1|Rillaboom, L50, F|
|poke|p1|Baxcalibur, L50, F|
|poke|p1|Volcarona, L50, M|
|poke|p1|Annihilape, L50, M|
|poke|p1|Kingambit, L50, M|
|poke|p1|Dondozo, L50, M|
|poke|p2|Corviknight, L50, F|
|poke|p2|Tyranitar, L50, F|
|poke|p2|Garchomp, L50, F|
|poke|p2|Gholdengo, L50|
|poke|p2|Primarina, L50, F|
|poke|p2|Annihilape, L50, F|
|teampreview|4
|showteam|p1|Rillaboom||AssaultVest|GrassySurge|WoodHammer,GrassyGlide,HighHorsepower,FakeOut|||F|||50|,,,,,Fire]Baxcalibur||LoadedDice|ThermalExchange|ScaleShot,IcicleSpear,IceShard,Protect|||F|||50|,,,,,Ghost]Volcarona||GrassySeed|FlameBody|HeatWave,QuiverDance,Protect,GigaDrain|||M|||50|,,,,,Grass]Annihilape||FocusSash|Defiant|CloseCombat,RageFist,Coaching,Taunt|||M|||50|,,,,,Water]Kingambit||BlackGlasses|Defiant|KowtowCleave,SuckerPunch,SwordsDance,Protect|||M|||50|,,,,,Ghost]Dondozo||Leftovers|Unaware|WaveCrash,Fissure,Yawn,Protect|||M|||50|,,,,,Bug
|showteam|p2|Corviknight||Leftovers|MirrorArmor|BraveBird,BulkUp,Roost,Tailwind|||F|||50|,,,,,Dragon]Tyranitar||AssaultVest|SandStream|RockSlide,KnockOff,LowKick,TeraBlast|||F|||50|,,,,,Flying]Garchomp||LifeOrb|RoughSkin|Protect,DragonClaw,StompingTantrum,Earthquake|||F|||50|,,,,,Ground]Gholdengo||MetalCoat|GoodasGold|MakeItRain,ShadowBall,NastyPlot,Protect||||||50|,,,,,Water]Primarina||SitrusBerry|LiquidVoice|HyperVoice,Moonblast,Haze,Protect|||F|||50|,,,,,Grass]Annihilape||SafetyGoggles|Defiant|CloseCombat,FinalGambit,RageFist,Taunt|||F|||50|,,,,,Water
|inactive|Battle timer is ON: inactive players will automatically lose when time's up. (requested by jANMxRin)
|
|t:|1756854002
|teamsize|p1|4
|teamsize|p2|4
|start
|switch|p1a: BIG BODY BENZ|Baxcalibur, L50, F|100/100
|switch|p1b: Annihilape|Annihilape, L50, M|100/100
|switch|p2a: Tyranitar|Tyranitar, L50, F|100/100
|switch|p2b: Garchomp|Garchomp, L50, F|100/100
|-weather|Sandstorm|[from] ability: Sand Stream|[of] p2a: Tyranitar
|turn|1
|inactive|jANMxRin has 30 seconds left.
|inactive|jANMxRin has 20 seconds left.
|inactive|jANMxRin has 15 seconds left.
|inactive|jANMxRin has 10 seconds left.
|inactive|jANMxRin has 5 seconds left.
|
|t:|1756854055
|switch|p2a: Corviknight|Corviknight, L50, F|100/100
|-terastallize|p2b: Garchomp|Ground
|-terastallize|p1a: BIG BODY BENZ|Ghost
|move|p2b: Garchomp|Earthquake|p1b: Annihilape|[spread] p1a,p1b
|-immune|p2a: Corviknight
|-damage|p1a: BIG BODY BENZ|31/100
|-damage|p1b: Annihilape|29/100
|-damage|p2b: Garchomp|91/100|[from] item: Life Orb
|move|p1b: Annihilape|Close Combat|p2a: Corviknight
|-damage|p2a: Corviknight|52/100
|-unboost|p1b: Annihilape|def|1
|-unboost|p1b: Annihilape|spd|1
|move|p1a: BIG BODY BENZ|Icicle Spear|p2a: Corviknight
|-damage|p2a: Corviknight|40/100
|-damage|p2a: Corviknight|27/100
|-damage|p2a: Corviknight|12/100
|-damage|p2a: Corviknight|0 fnt
|faint|p2a: Corviknight
|-hitcount|p2: Corviknight|4
|
|-weather|Sandstorm|[upkeep]
|-damage|p1b: Annihilape|23/100|[from] Sandstorm
|-damage|p1a: BIG BODY BENZ|25/100|[from] Sandstorm
|upkeep
|inactive|jANMxRin has 30 seconds left.
|inactive|jANMxRin has 20 seconds left.
|
|t:|1756854090
|switch|p2a: Annihilape|Annihilape, L50, F|100/100
|turn|2
|
|t:|1756854104
|switch|p1b: Rillaboom|Rillaboom, L50, F|100/100
|-fieldstart|move: Grassy Terrain|[from] ability: Grassy Surge|[of] p1b: Rillaboom
|move|p1a: BIG BODY BENZ|Ice Shard|p2b: Garchomp
|-supereffective|p2b: Garchomp
|-damage|p2b: Garchomp|35/100
|move|p2b: Garchomp|Dragon Claw|p1b: Rillaboom
|-damage|p1b: Rillaboom|45/100
|-damage|p2b: Garchomp|25/100|[from] item: Life Orb
|move|p2a: Annihilape|Rage Fist|p1a: BIG BODY BENZ
|-supereffective|p1a: BIG BODY BENZ
|-damage|p1a: BIG BODY BENZ|0 fnt
|faint|p1a: BIG BODY BENZ
|
|-weather|Sandstorm|[upkeep]
|-damage|p1b: Rillaboom|39/100|[from] Sandstorm
|-heal|p2b: Garchomp|31/100|[from] Grassy Terrain
|-heal|p1b: Rillaboom|45/100|[from] Grassy Terrain
|upkeep
|
|t:|1756854122
|switch|p1a: Six Wing Steppa|Volcarona, L50, M|100/100
|-enditem|p1a: Six Wing Steppa|Grassy Seed
|-boost|p1a: Six Wing Steppa|def|1|[from] item: Grassy Seed
|turn|3
|inactive|jANMxRin has 30 seconds left.
|inactive|jANMxRin has 20 seconds left.
|inactive|jANMxRin has 15 seconds left.
|inactive|jANMxRin has 10 seconds left.
|inactive|jANMxRin has 5 seconds left.
|
|t:|1756854173
|move|p2b: Garchomp|Protect|p2b: Garchomp
|-singleturn|p2b: Garchomp|Protect
|move|p1b: Rillaboom|Grassy Glide|p2b: Garchomp
|-activate|p2b: Garchomp|move: Protect
|move|p2a: Annihilape|Rage Fist|p1a: Six Wing Steppa
|-damage|p1a: Six Wing Steppa|84/100
|-status|p2a: Annihilape|brn|[from] ability: Flame Body|[of] p1a: Six Wing Steppa
|move|p1a: Six Wing Steppa|Quiver Dance|p1a: Six Wing Steppa
|-boost|p1a: Six Wing Steppa|spa|1
|-boost|p1a: Six Wing Steppa|spd|1
|-boost|p1a: Six Wing Steppa|spe|1
|
|-weather|Sandstorm|[upkeep]
|-damage|p1a: Six Wing Steppa|78/100|[from] Sandstorm
|-damage|p1b: Rillaboom|39/100|[from] Sandstorm
|-heal|p1a: Six Wing Steppa|84/100|[from] Grassy Terrain
|-heal|p2b: Garchomp|37/100|[from] Grassy Terrain
|-heal|p1b: Rillaboom|45/100|[from] Grassy Terrain
|-damage|p2a: Annihilape|95/100 brn|[from] brn
|upkeep
|turn|4
|inactive|jANMxRin has 30 seconds left.
|inactive|jANMxRin has 20 seconds left.
|inactive|jANMxRin has 15 seconds left.
|inactive|jANMxRin has 10 seconds left.
|inactive|jANMxRin has 5 seconds left.
|
|t:|1756854228
|move|p2b: Garchomp|Protect|p2b: Garchomp
|-singleturn|p2b: Garchomp|Protect
|move|p1b: Rillaboom|Grassy Glide|p2b: Garchomp
|-activate|p2b: Garchomp|move: Protect
|move|p1a: Six Wing Steppa|Heat Wave|p2a: Annihilape|[spread] p2a
|-activate|p2b: Garchomp|move: Protect
|-damage|p2a: Annihilape|50/100 brn
|move|p2a: Annihilape|Close Combat|p1b: Rillaboom
|-damage|p1b: Rillaboom|22/100
|-unboost|p2a: Annihilape|def|1
|-unboost|p2a: Annihilape|spd|1
|
|-weather|Sandstorm|[upkeep]
|-damage|p1a: Six Wing Steppa|78/100|[from] Sandstorm
|-damage|p1b: Rillaboom|16/100|[from] Sandstorm
|-heal|p1a: Six Wing Steppa|84/100|[from] Grassy Terrain
|-heal|p2b: Garchomp|43/100|[from] Grassy Terrain
|-heal|p2a: Annihilape|56/100 brn|[from] Grassy Terrain
|-heal|p1b: Rillaboom|22/100|[from] Grassy Terrain
|-damage|p2a: Annihilape|50/100 brn|[from] brn
|upkeep
|turn|5
|inactive|jANMxRin has 30 seconds left.
|inactive|jANMxRin has 20 seconds left.
|inactive|jANMxRin has 15 seconds left.
|
|t:|1756854269
|move|p2b: Garchomp|Protect||[still]
|-fail|p2b: Garchomp
|move|p1b: Rillaboom|Grassy Glide|p2b: Garchomp
|-supereffective|p2b: Garchomp
|-damage|p2b: Garchomp|0 fnt
|-damage|p1b: Rillaboom|10/100|[from] ability: Rough Skin|[of] p2b: Garchomp
|faint|p2b: Garchomp
|move|p1a: Six Wing Steppa|Heat Wave|p2a: Annihilape
|-damage|p2a: Annihilape|0 fnt
|faint|p2a: Annihilape
|
|-weather|none
|-heal|p1a: Six Wing Steppa|90/100|[from] Grassy Terrain
|-heal|p1b: Rillaboom|16/100|[from] Grassy Terrain
|upkeep
|
|t:|1756854281
|switch|p2a: Tyranitar|Tyranitar, L50, F|100/100
|-weather|Sandstorm|[from] ability: Sand Stream|[of] p2a: Tyranitar
|turn|6
|
|t:|1756854293
|move|p1a: Six Wing Steppa|Giga Drain|p2a: Tyranitar
|-supereffective|p2a: Tyranitar
|-damage|p2a: Tyranitar|61/100
|-heal|p1a: Six Wing Steppa|100/100|[from] drain|[of] p2a: Tyranitar
|move|p1b: Rillaboom|Wood Hammer|p2a: Tyranitar
|-supereffective|p2a: Tyranitar
|-damage|p2a: Tyranitar|0 fnt
|faint|p2a: Tyranitar
|-damage|p1b: Rillaboom|0 fnt|[from] Recoil
|faint|p1b: Rillaboom
|
|win|YungDung Beetle
