|j|☆ChocoHammy
|j|☆InfiniKnight
|html|ChocoHammyInfiniKnight    
|uhtml|bestof|Game 1 of a best-of-3
|t:|1784233430
|gametype|doubles
|player|p1|ChocoHammy|101|
|player|p2|InfiniKnight|gambler|
|gen|9
|tier|[Gen 9 Champions] VGC 2026 Reg M-B (Bo3)
|rule|Species Clause: Limit one of each Pokémon
|rule|Item Clause: Limit 1 of each item
|clearpoke
|poke|p1|Aurorus, L50, F|
|poke|p1|Ceruledge, L50, F|
|poke|p1|Clefable, L50, M|
|poke|p1|Tauros-Paldea-Blaze, L50, M|
|poke|p1|Garchomp, L50, M|
|poke|p1|Golurk, L50|
|poke|p2|Staraptor, L50, M, shiny|
|poke|p2|Kommo-o, L50, F, shiny|
|poke|p2|Oranguru, L50, M, shiny|
|poke|p2|Floette-Eternal, L50, F|
|poke|p2|Garganacl, L50, M, shiny|
|poke|p2|Annihilape, L50, F, shiny|
|teampreview|4
|showteam|p1|Aurorus||ChopleBerry|SnowWarning|Blizzard,AncientPower,EarthPower,Protect|Modest||F|||50|]Ceruledge||ColburBerry|FlashFire|BitterBlade,ShadowSneak,BulkUp,Protect|Adamant||F|||50|]Clefable||Clefablite|Unaware|Moonblast,Encore,FollowMe,Protect|Bold||M|||50|]Tauros-Paldea-Blaze||FocusSash|Intimidate|CloseCombat,FlareBlitz,WillOWisp,Protect|Adamant||M|||50|]Garchomp||ChoiceScarf|RoughSkin|Earthquake,DragonClaw,RockSlide,StompingTantrum|Jolly||M|||50|]Golurk||Golurkite|IronFist|HeadlongRush,Poltergeist,IcePunch,Protect|Adamant|||||50|
|showteam|p2|Staraptor||ChoiceScarf|Intimidate|Tailwind,DualWingbeat,FinalGambit,Uturn|Jolly||M|||50|]Kommo-o||DragonFang|Soundproof|AuraSphere,ClangingScales,ClangorousSoul,Protect|Bold||F|||50|]Oranguru||MentalHerb|InnerFocus|Instruct,Psychic,TrickRoom,Protect|Sassy||M|||50|]Floette-Eternal||Floettite|FlowerVeil|Protect,DazzlingGleam,Moonblast,LightofRuin|Timid||F|||50|]Garganacl||Leftovers|PurifyingSalt|SaltCure,Recover,Protect,HeavySlam|Impish||M|||50|]Annihilape||SitrusBerry|Defiant|RageFist,Protect,DrainPunch,BulkUp|Adamant||F|||50|
|j| budster16
|c| budster16|UPPER FINALS TIME!
|
|t:|1784233509
|teamsize|p1|4
|teamsize|p2|4
|start
|switch|p1a: Aurorus|Aurorus, L50, F|100/100
|switch|p1b: Clefable|Clefable, L50, M|100/100
|switch|p2a: Garganacl|Garganacl, L50, M, shiny|100/100
|switch|p2b: komodor 64|Kommo-o, L50, F, shiny|100/100
|-weather|Snowscape|[from] ability: Snow Warning|[of] p1a: Aurorus
|turn|1
|
|t:|1784233562
|switch|p2b: Floette|Floette-Eternal, L50, F|100/100
|move|p1a: Aurorus|Protect|p1a: Aurorus
|-singleturn|p1a: Aurorus|Protect
|move|p1b: Clefable|Moonblast|p2b: Floette
|-damage|p2b: Floette|70/100
|move|p2a: Garganacl|Heavy Slam|p1a: Aurorus
|-activate|p1a: Aurorus|move: Protect
|
|-weather|Snowscape|[upkeep]
|upkeep
|turn|2
|
|t:|1784233610
|switch|p1a: Ceruledge|Ceruledge, L50, F|100/100
|detailschange|p2b: Floette|Floette-Mega, L50, F
|-mega|p2b: Floette|Floette|Floettite
|-ability|p2b: Floette|Fairy Aura
|detailschange|p1b: Clefable|Clefable-Mega, L50, M
|-mega|p1b: Clefable|Clefable|Clefablite
|move|p2b: Floette|Dazzling Gleam|p1b: Clefable|[spread] p1a,p1b
|-resisted|p1a: Ceruledge|1
|-crit|p1b: Clefable
|-damage|p1a: Ceruledge|77/100
|-damage|p1b: Clefable|47/100
|move|p1b: Clefable|Encore|p2a: Garganacl
|-start|p2a: Garganacl|Encore
|move|p2a: Garganacl|Heavy Slam|p1a: Ceruledge
|-resisted|p1a: Ceruledge|1
|-damage|p1a: Ceruledge|65/100
|
|-weather|Snowscape|[upkeep]
|upkeep
|turn|3
|
|t:|1784233675
|move|p2b: Floette|Light of Ruin|p1a: Ceruledge
|-resisted|p1a: Ceruledge|1
|-damage|p1a: Ceruledge|12/100
|-damage|p2b: Floette|37/100|[from] Recoil
|move|p1a: Ceruledge|Bulk Up|p1a: Ceruledge
|-boost|p1a: Ceruledge|atk|1
|-boost|p1a: Ceruledge|def|1
|move|p1b: Clefable|Moonblast|p2b: Floette
|-damage|p2b: Floette|0 fnt
|faint|p2b: Floette
|move|p2a: Garganacl|Heavy Slam|p1b: Clefable
|-supereffective|p1b: Clefable|1
|-damage|p1b: Clefable|9/100
|
|-weather|Snowscape|[upkeep]
|upkeep
|
|t:|1784233702
|switch|p2b: Annihilape|Annihilape, L50, F, shiny|100/100
|turn|4
|
|t:|1784233722
|move|p1a: Ceruledge|Shadow Sneak|p2b: Annihilape
|-supereffective|p2b: Annihilape|1
|-damage|p2b: Annihilape|36/100
|-enditem|p2b: Annihilape|Sitrus Berry|[eat]
|-heal|p2b: Annihilape|61/100|[from] item: Sitrus Berry
|move|p2b: Annihilape|Rage Fist|p1a: Ceruledge
|-supereffective|p1a: Ceruledge|1
|-damage|p1a: Ceruledge|0 fnt
|faint|p1a: Ceruledge
|move|p1b: Clefable|Moonblast|p2b: Annihilape
|-supereffective|p2b: Annihilape|1
|-damage|p2b: Annihilape|0 fnt
|faint|p2b: Annihilape
|move|p2a: Garganacl|Heavy Slam|p1b: Clefable
|-supereffective|p1b: Clefable|1
|-damage|p1b: Clefable|0 fnt
|faint|p1b: Clefable
|
|-weather|Snowscape|[upkeep]
|-end|p2a: Garganacl|Encore
|upkeep
|
|t:|1784233741
|switch|p2b: komodor 64|Kommo-o, L50, F, shiny|100/100
|switch|p1a: Aurorus|Aurorus, L50, F|100/100
|switch|p1b: Tauros|Tauros-Paldea-Blaze, L50, M|100/100
|-ability|p1b: Tauros|Intimidate|boost
|-unboost|p2a: Garganacl|atk|1
|-unboost|p2b: komodor 64|atk|1
|turn|5
|
|t:|1784233805
|move|p1b: Tauros|Close Combat|p2b: komodor 64
|-damage|p2b: komodor 64|48/100
|-unboost|p1b: Tauros|def|1
|-unboost|p1b: Tauros|spd|1
|move|p2b: komodor 64|Clangorous Soul|p2b: komodor 64
|-boost|p2b: komodor 64|atk|1
|-boost|p2b: komodor 64|def|1
|-boost|p2b: komodor 64|spa|1
|-boost|p2b: komodor 64|spd|1
|-boost|p2b: komodor 64|spe|1
|-damage|p2b: komodor 64|15/100
|move|p1a: Aurorus|Blizzard|p2b: komodor 64|[spread] p2a,p2b
|-supereffective|p2b: komodor 64|1
|-damage|p2a: Garganacl|66/100
|-damage|p2b: komodor 64|0 fnt
|faint|p2b: komodor 64
|move|p2a: Garganacl|Heavy Slam|p1a: Aurorus
|-supereffective|p1a: Aurorus|2
|-crit|p1a: Aurorus
|-damage|p1a: Aurorus|63/100
|
|-weather|none
|-heal|p2a: Garganacl|71/100|[from] item: Leftovers
|upkeep
|turn|6
|
|t:|1784233828
|move|p1b: Tauros|Close Combat|p2a: Garganacl
|-supereffective|p2a: Garganacl|1
|-damage|p2a: Garganacl|4/100
|-unboost|p1b: Tauros|def|1
|-unboost|p1b: Tauros|spd|1
|move|p1a: Aurorus|Earth Power|p2a: Garganacl
|-supereffective|p2a: Garganacl|1
|-damage|p2a: Garganacl|0 fnt
|faint|p2a: Garganacl
|
|win|ChocoHammy
||InfiniKnight is ready for game 2.
||ChocoHammy is ready for game 2.
|uhtml|next|Next: Game 2 of 3
