|j|☆kyromax777
|j|☆yzuii
|html|kyromax777yzuii    
|uhtml|bestof|Game 1 of a best-of-3
|t:|1785499261
|gametype|doubles
|player|p1|kyromax777|101|
|player|p2|yzuii|kimonogirl|
|gen|9
|tier|[Gen 9 Champions] VGC 2026 Reg M-B (Bo3)
|rule|Species Clause: Limit one of each Pokémon
|rule|Item Clause: Limit 1 of each item
|clearpoke
|poke|p1|Ninetales, L50, M|
|poke|p1|Venusaur, L50, F|
|poke|p1|Pyroar, L50, M|
|poke|p1|Rhyperior, L50, M|
|poke|p1|Oranguru, L50, M|
|poke|p1|Eelektross, L50, F|
|poke|p2|Gengar, L50, M, shiny|
|poke|p2|Gallade, L50, M|
|poke|p2|Scrafty, L50, F|
|poke|p2|Arcanine-Hisui, L50, M|
|poke|p2|Corviknight, L50, F, shiny|
|poke|p2|Rotom-Wash, L50, shiny|
|teampreview|4
|showteam|p1|Ninetales||Charcoal|Drought|WeatherBall,Encore,HelpingHand,Protect|Timid||M|||50|]Venusaur||FocusSash|Chlorophyll|SludgeBomb,GigaDrain,SleepPowder,Protect|Modest||F|||50|]Pyroar||Pyroarite|Rivalry|HeatWave,Overheat,SolarBeam,Protect|Timid||M|||50|]Rhyperior||LifeOrb|SolidRock|Earthquake,RockSlide,HeavySlam,Protect|Brave||M|||50|]Oranguru||MentalHerb|Telepathy|Psychic,Instruct,TrickRoom,Protect|Relaxed||M|||50|]Eelektross||Eelektrossite|Levitate|Discharge,Flamethrower,DragonPulse,Protect|Modest||F|||50|
|showteam|p2|Gengar||Gengarite|CursedBody|ShadowBall,SludgeBomb,Protect,NastyPlot|Modest||M|||50|]Gallade||SitrusBerry|Sharpness|TrickRoom,SacredSword,PsychoCut,WideGuard|Brave||M|||50|]Scrafty||Scraftinite|Intimidate|FakeOut,KnockOff,DrainPunch,SwordsDance|Adamant||F|||50|]Arcanine-Hisui||FocusSash|RockHead|FlareBlitz,HeadSmash,RockSlide,Protect|Adamant||M|||50|]Corviknight||Leftovers|MirrorArmor|Tailwind,BulkUp,IronHead,BraveBird|Adamant||F|||50|]Rotom-Wash||LifeOrb|Levitate|HydroPump,Thunderbolt,VoltSwitch,Protect|Modest|||||50|
|
|t:|1785499309
|teamsize|p1|4
|teamsize|p2|4
|start
|switch|p1a: Ninetales|Ninetales, L50, M|100/100
|switch|p1b: Pyroar|Pyroar, L50, M|100/100
|switch|p2a: $crafty|Scrafty, L50, F|100/100
|switch|p2b: Bladey Gaga|Gallade, L50, M|100/100
|-weather|SunnyDay|[from] ability: Drought|[of] p1a: Ninetales
|-ability|p2a: $crafty|Intimidate|boost
|-unboost|p1a: Ninetales|atk|1
|-unboost|p1b: Pyroar|atk|1
|turn|1
|
|t:|1785499352
|detailschange|p1b: Pyroar|Pyroar-Mega, L50, M
|-mega|p1b: Pyroar|Pyroar|Pyroarite
|detailschange|p2a: $crafty|Scrafty-Mega, L50, F
|-mega|p2a: $crafty|Scrafty|Scraftinite
|-ability|p2a: $crafty|Intimidate|boost
|-unboost|p1a: Ninetales|atk|1
|-unboost|p1b: Pyroar|atk|1
|move|p2a: $crafty|Fake Out|p1b: Pyroar
|-damage|p1b: Pyroar|82/100
|cant|p1b: Pyroar|flinch
|move|p1a: Ninetales|Weather Ball|p2b: Bladey Gaga
|-damage|p2b: Bladey Gaga|53/100
|move|p2b: Bladey Gaga|Trick Room|p2b: Bladey Gaga
|-fieldstart|move: Trick Room|[of] p2b: Bladey Gaga
|
|-weather|SunnyDay|[upkeep]
|upkeep
|turn|2
|
|t:|1785499380
|move|p2a: $crafty|Knock Off|p1a: Ninetales
|-damage|p1a: Ninetales|30/100
|-enditem|p1a: Ninetales|Charcoal|[from] move: Knock Off|[of] p2a: $crafty
|move|p2b: Bladey Gaga|Psycho Cut|p1a: Ninetales
|-damage|p1a: Ninetales|0 fnt
|faint|p1a: Ninetales
|move|p1b: Pyroar|Heat Wave|p2b: Bladey Gaga|[spread] p2b
|-miss|p1b: Pyroar|p2a: $crafty
|-crit|p2b: Bladey Gaga
|-damage|p2b: Bladey Gaga|0 fnt
|faint|p2b: Bladey Gaga
|
|-weather|SunnyDay|[upkeep]
|upkeep
|
|t:|1785499395
|switch|p2b: Bark Obama|Arcanine-Hisui, L50, M|100/100
|switch|p1a: Rhyperior|Rhyperior, L50, M|100/100
|turn|3
|
|t:|1785499414
|move|p1b: Pyroar|Protect|p1b: Pyroar
|-singleturn|p1b: Pyroar|Protect
|move|p1a: Rhyperior|Earthquake|p2b: Bark Obama|[spread] p2a,p2b
|-activate|p1b: Pyroar|move: Protect
|-supereffective|p2b: Bark Obama|2
|-damage|p2a: $crafty|54/100
|-enditem|p2b: Bark Obama|Focus Sash
|-damage|p2b: Bark Obama|1/100
|-damage|p1a: Rhyperior|90/100|[from] item: Life Orb
|move|p2a: $crafty|Drain Punch|p1a: Rhyperior
|-supereffective|p1a: Rhyperior|1
|-damage|p1a: Rhyperior|50/100g
|-heal|p2a: $crafty|80/100|[from] drain|[of] p1a: Rhyperior
|move|p2b: Bark Obama|Head Smash|p1b: Pyroar
|-activate|p1b: Pyroar|move: Protect
|
|-weather|SunnyDay|[upkeep]
|upkeep
|turn|4
|
|t:|1785499450
|switch|p2b: Mighty Eagle|Corviknight, L50, F, shiny|100/100
|move|p1a: Rhyperior|Rock Slide|p2a: $crafty|[spread] p2a,p2b
|-resisted|p2a: $crafty|1
|-damage|p2a: $crafty|62/100
|-damage|p2b: Mighty Eagle|65/100
|-damage|p1a: Rhyperior|40/100|[from] item: Life Orb
|cant|p2a: $crafty|flinch
|move|p1b: Pyroar|Overheat|p2a: $crafty
|-damage|p2a: $crafty|0 fnt
|-unboost|p1b: Pyroar|spa|2
|faint|p2a: $crafty
|
|-weather|SunnyDay|[upkeep]
|-heal|p2b: Mighty Eagle|71/100|[from] item: Leftovers
|upkeep
|
|t:|1785499461
|switch|p2a: Bark Obama|Arcanine-Hisui, L50, M|1/100
|turn|5
|
|t:|1785499478
|move|p2a: Bark Obama|Protect|p2a: Bark Obama
|-singleturn|p2a: Bark Obama|Protect
|move|p1a: Rhyperior|Rock Slide|p2b: Mighty Eagle|[spread] p2b
|-activate|p2a: Bark Obama|move: Protect
|-crit|p2b: Mighty Eagle
|-damage|p2b: Mighty Eagle|19/100
|-damage|p1a: Rhyperior|31/100|[from] item: Life Orb
|move|p2b: Mighty Eagle|Tailwind|p2b: Mighty Eagle
|-sidestart|p2: yzuii|move: Tailwind
|move|p1b: Pyroar|Heat Wave|p2b: Mighty Eagle|[spread] p2b
|-activate|p2a: Bark Obama|move: Protect
|-supereffective|p2b: Mighty Eagle|1
|-damage|p2b: Mighty Eagle|0 fnt
|faint|p2b: Mighty Eagle
|
|-weather|none
|-fieldend|move: Trick Room
|upkeep
|turn|6
|
|t:|1785499498
|move|p2a: Bark Obama|Rock Slide|p1a: Rhyperior|[spread] p1a,p1b
|-resisted|p1a: Rhyperior|1
|-supereffective|p1b: Pyroar|1
|-damage|p1a: Rhyperior|22/100
|-damage|p1b: Pyroar|16/100
|cant|p1b: Pyroar|flinch
|move|p1a: Rhyperior|Rock Slide|p2a: Bark Obama
|-supereffective|p2a: Bark Obama|1
|-damage|p2a: Bark Obama|0 fnt
|faint|p2a: Bark Obama
|-damage|p1a: Rhyperior|12/100|[from] item: Life Orb
|
|win|kyromax777
||yzuii is ready for game 2.
|inactive|kyromax777 has 30 seconds to confirm battle start!
||kyromax777 is ready for game 2.
|uhtml|next|Next: Game 2 of 3
