|j|☆sigyps
|j|☆AntonioCartana
|html|sigypsAntonioCartana    
|uhtml|bestof|Game 3 of a best-of-3
|t:|1756928839
|gametype|doubles
|player|p1|sigyps|birdkeeper|1046
|player|p2|AntonioCartana|bruno|1000
|gen|9
|tier|[Gen 9] VGC 2025 Reg H (Bo3)
|rated|
|rule|Species Clause: Limit one of each Pokémon
|rule|Item Clause: Limit 1 of each item
|clearpoke
|poke|p1|Dragonite, L50, F|
|poke|p1|Kingambit, L50, F|
|poke|p1|Rillaboom, L50, M|
|poke|p1|Primarina, L50, M|
|poke|p1|Magmar, L50, F|
|poke|p1|Sneasler, L50, F|
|poke|p2|Ursaluna, L50, M|
|poke|p2|Indeedee-F, L50, F|
|poke|p2|Torkoal, L50, F|
|poke|p2|Armarouge, L50, M|
|poke|p2|Lilligant-Hisui, L50, F|
|poke|p2|Tauros-Paldea-Aqua, L50, M|
|teampreview|4
|showteam|p1|Dragonite||LumBerry|Multiscale|TeraBlast,DragonDance,StompingTantrum,Protect|||F|||50|,,,,,Flying]Kingambit||SafetyGoggles|Defiant|KowtowCleave,SuckerPunch,Protect,SwordsDance|||F|||50|,,,,,Dark]Rillaboom||AssaultVest|GrassySurge|GrassyGlide,Uturn,WoodHammer,FakeOut|||M|||50|,,,,,Fire]Primarina||ThroatSpray|LiquidVoice|Haze,HyperVoice,Moonblast,Protect|||M|||50|,,,,,Poison]Magmar||Eviolite|VitalSpirit|WillOWisp,HeatWave,Protect,FollowMe|||F|||50|,,,,,Dragon]Sneasler||FocusSash|PoisonTouch|DireClaw,Coaching,CloseCombat,FakeOut|||F|||50|,,,,,Ghost
|showteam|p2|Ursaluna||FlameOrb|Guts|Facade,HeadlongRush,Earthquake,Protect|||M|||50|,,,,,Ghost]Indeedee-F||PsychicSeed|PsychicSurge|Psychic,FollowMe,HelpingHand,TrickRoom|||F|||50|,,,,,Grass]Torkoal||AssaultVest|Drought|Eruption,BodyPress,WeatherBall,StompingTantrum|||F|||50|,,,,,Fire]Armarouge||LifeOrb|FlashFire|ArmorCannon,ExpandingForce,AuraSphere,TrickRoom|||M|||50|,,,,,Bug]Lilligant-Hisui||FocusSash|Chlorophyll|CloseCombat,LeafBlade,SleepPowder,Protect|||F|||50|,,,,,Ghost]Tauros-Paldea-Aqua||MirrorHerb|Intimidate|AquaJet,RagingBull,CloseCombat,Protect|||M|||50|,,,,,Water
|inactive|Battle timer is ON: inactive players will automatically lose when time's up. (requested by AntonioCartana)
|
|t:|1756928857
|teamsize|p1|4
|teamsize|p2|4
|start
|switch|p1a: Sneasler|Sneasler, L50, F|100/100
|switch|p1b: Kingambit|Kingambit, L50, F|100/100
|switch|p2a: Indeedee|Indeedee-F, L50, F|100/100
|switch|p2b: Armarouge|Armarouge, L50, M|100/100
|-fieldstart|move: Psychic Terrain|[from] ability: Psychic Surge|[of] p2a: Indeedee
|-enditem|p2a: Indeedee|Psychic Seed
|-boost|p2a: Indeedee|spd|1|[from] item: Psychic Seed
|turn|1
|inactive|sigyps has 30 seconds left.
|inactive|sigyps has 20 seconds left.
|inactive|AntonioCartana has 30 seconds left.
|inactive|AntonioCartana has 20 seconds left.
|inactive|AntonioCartana has 15 seconds left.
|inactive|AntonioCartana has 10 seconds left.
|
|t:|1756928920
|-terastallize|p1b: Kingambit|Dark
|move|p1a: Sneasler|Dire Claw|p2a: Indeedee
|-damage|p2a: Indeedee|62/100
|-status|p2a: Indeedee|psn
|move|p2b: Armarouge|Aura Sphere|p1b: Kingambit
|-supereffective|p1b: Kingambit
|-damage|p1b: Kingambit|22/100
|-damage|p2b: Armarouge|91/100|[from] item: Life Orb
|move|p1b: Kingambit|Kowtow Cleave|p2b: Armarouge
|-supereffective|p2b: Armarouge
|-damage|p2b: Armarouge|0 fnt
|faint|p2b: Armarouge
|move|p2a: Indeedee|Trick Room|p2a: Indeedee
|-fieldstart|move: Trick Room|[of] p2a: Indeedee
|
|-damage|p2a: Indeedee|49/100 psn|[from] psn
|upkeep
|
|t:|1756928931
|switch|p2b: Torkoal|Torkoal, L50, F|100/100
|-weather|SunnyDay|[from] ability: Drought|[of] p2b: Torkoal
|turn|2
|
|t:|1756928955
|move|p1b: Kingambit|Sucker Punch|p2b: Torkoal
|-activate|p2b: Torkoal|move: Psychic Terrain
|move|p2b: Torkoal|Eruption|p1a: Sneasler|[spread] p1a,p1b
|-enditem|p1a: Sneasler|Focus Sash
|-damage|p1a: Sneasler|1/100
|-damage|p1b: Kingambit|0 fnt
|faint|p1b: Kingambit
|move|p2a: Indeedee|Psychic|p1a: Sneasler
|-supereffective|p1a: Sneasler
|-damage|p1a: Sneasler|0 fnt
|faint|p1a: Sneasler
|
|-weather|SunnyDay|[upkeep]
|-damage|p2a: Indeedee|37/100 psn|[from] psn
|upkeep
|
|t:|1756928964
|switch|p1b: Dragonite|Dragonite, L50, F|100/100
|switch|p1a: Rillaboom|Rillaboom, L50, M|100/100
|-fieldstart|move: Grassy Terrain|[from] ability: Grassy Surge|[of] p1a: Rillaboom
|turn|3
|inactive|sigyps has 30 seconds left.
|inactive|AntonioCartana has 30 seconds left.
|
|t:|1756928995
|switch|p2a: Ursaluna|Ursaluna, L50, M|100/100
|move|p2b: Torkoal|Weather Ball|p1b: Dragonite
|-resisted|p1b: Dragonite
|-damage|p1b: Dragonite|87/100
|move|p1b: Dragonite|Stomping Tantrum|p2b: Torkoal
|-supereffective|p2b: Torkoal
|-damage|p2b: Torkoal|61/100
|move|p1a: Rillaboom|U-turn|p2a: Ursaluna
|-damage|p2a: Ursaluna|80/100
|
|-weather|SunnyDay|[upkeep]
|-heal|p2b: Torkoal|67/100|[from] Grassy Terrain
|-heal|p2a: Ursaluna|86/100|[from] Grassy Terrain
|-status|p2a: Ursaluna|brn|[from] item: Flame Orb
|upkeep
|turn|4
|inactive|AntonioCartana has 30 seconds left.
|
|t:|1756929028
|switch|p2a: Indeedee|Indeedee-F, L50, F|37/100 psn
|-fieldstart|move: Psychic Terrain|[from] ability: Psychic Surge|[of] p2a: Indeedee
|-terastallize|p2b: Torkoal|Fire
|move|p2b: Torkoal|Weather Ball|p1a: Rillaboom
|-supereffective|p1a: Rillaboom
|-damage|p1a: Rillaboom|0 fnt
|faint|p1a: Rillaboom
|move|p1b: Dragonite|Stomping Tantrum|p2b: Torkoal
|-supereffective|p2b: Torkoal
|-damage|p2b: Torkoal|30/100
|
|-weather|SunnyDay|[upkeep]
|-damage|p2a: Indeedee|24/100 psn|[from] psn
|upkeep
|turn|5
|
|t:|1756929047
|move|p2a: Indeedee|Helping Hand|p2b: Torkoal
|-singleturn|p2b: Torkoal|Helping Hand|[of] p2a: Indeedee
|move|p2b: Torkoal|Weather Ball|p1b: Dragonite
|-resisted|p1b: Dragonite
|-damage|p1b: Dragonite|29/100
|move|p1b: Dragonite|Dragon Dance|p1b: Dragonite
|-boost|p1b: Dragonite|atk|1
|-boost|p1b: Dragonite|spe|1
|
|-weather|SunnyDay|[upkeep]
|-damage|p2a: Indeedee|12/100 psn|[from] psn
|-fieldend|move: Trick Room
|upkeep
|turn|6
|
|t:|1756929057
|move|p2a: Indeedee|Follow Me|p2a: Indeedee
|-singleturn|p2a: Indeedee|move: Follow Me
|move|p1b: Dragonite|Stomping Tantrum|p2a: Indeedee
|-damage|p2a: Indeedee|0 fnt
|faint|p2a: Indeedee
|move|p2b: Torkoal|Weather Ball|p1b: Dragonite
|-resisted|p1b: Dragonite
|-damage|p1b: Dragonite|0 fnt
|faint|p1b: Dragonite
|
|win|AntonioCartana
|raw|sigyps's rating: 1046 → 1027(-19 for losing)
|raw|AntonioCartana's rating: 1000 → 1045(+45 for winning)
