|j|☆friesejung
|j|☆R4ka
|html|friesejungR4ka    
|uhtml|bestof|Game 1 of a best-of-3
|t:|1756882682
|gametype|doubles
|player|p1|friesejung|crasherwake|1212
|player|p2|R4ka|riley|1191
|gen|9
|tier|[Gen 9] VGC 2025 Reg H (Bo3)
|rated|
|rule|Species Clause: Limit one of each Pokémon
|rule|Item Clause: Limit 1 of each item
|clearpoke
|poke|p1|Gholdengo, L50|
|poke|p1|Sneasler, L50, M|
|poke|p1|Rillaboom, L50, M|
|poke|p1|Dragonite, L50, F|
|poke|p1|Ninetales-Alola, L50, F|
|poke|p1|Arcanine-Hisui, L50, F|
|poke|p2|Volcarona, L50, M|
|poke|p2|Kingambit, L50, M|
|poke|p2|Dragonite, L50, F|
|poke|p2|Sneasler, L50, M|
|poke|p2|Rillaboom, L50, M|
|poke|p2|Electabuzz, L50, M|
|teampreview|4
|showteam|p1|Gholdengo||GrassySeed|GoodasGold|NastyPlot,MakeItRain,ShadowBall,Protect||||||50|,,,,,Water]Sneasler||WhiteHerb|Unburden|CloseCombat,DireClaw,Coaching,Protect|||M|||50|,,,,,Ghost]Rillaboom||AssaultVest|GrassySurge|FakeOut,GrassyGlide,DrumBeating,HighHorsepower|||M|||50|,,,,,Fire]Dragonite||LoadedDice|Multiscale|ScaleShot,StompingTantrum,Tailwind,Protect|||F|||50|,,,,,Ground]Ninetales-Alola||FocusSash|SnowWarning|Blizzard,IcyWind,Encore,AuroraVeil|||F|||50|,,,,,Ghost]Arcanine-Hisui||ClearAmulet|Intimidate|RockSlide,FlareBlitz,ExtremeSpeed,Protect|||F|||50|,,,,,Water
|showteam|p2|Volcarona||Leftovers|FlameBody|HeatWave,TeraBlast,QuiverDance,Protect|||M|||50|,,,,,Fairy]Kingambit||BlackGlasses|Defiant|KowtowCleave,SuckerPunch,SwordsDance,Protect|||M|||50|,,,,,Dark]Dragonite||LoadedDice|Multiscale|ScaleShot,ExtremeSpeed,Haze,Protect|||F|||50|,,,,,Steel]Sneasler||FocusSash|PoisonTouch|CloseCombat,DireClaw,FakeOut,Coaching|||M|||50|,,,,,Stellar]Rillaboom||AssaultVest|GrassySurge|WoodHammer,GrassyGlide,HighHorsepower,FakeOut|||M|||50|,,,,,Fire]Electabuzz||Eviolite|VitalSpirit|Thunderbolt,Taunt,FollowMe,Protect|||M|||50|,,,,,Ghost
|inactive|Battle timer is ON: inactive players will automatically lose when time's up. (requested by R4ka)
|
|t:|1756882776
|teamsize|p1|4
|teamsize|p2|4
|start
|switch|p1a: Ninetales|Ninetales-Alola, L50, F|100/100
|switch|p1b: Rillaboom|Rillaboom, L50, M|100/100
|switch|p2a: Kingambit|Kingambit, L50, M|100/100
|switch|p2b: Electabuzz|Electabuzz, L50, M|100/100
|-weather|Snowscape|[from] ability: Snow Warning|[of] p1a: Ninetales
|-fieldstart|move: Grassy Terrain|[from] ability: Grassy Surge|[of] p1b: Rillaboom
|turn|1
|inactive|R4ka has 30 seconds left.
|inactive|friesejung has 30 seconds left.
|
|t:|1756882808
|switch|p2a: Volcarona|Volcarona, L50, M|100/100
|move|p1a: Ninetales|Blizzard|p2a: Volcarona|[spread] p2a,p2b
|-resisted|p2a: Volcarona
|-damage|p2a: Volcarona|85/100
|-damage|p2b: Electabuzz|76/100
|move|p1b: Rillaboom|High Horsepower|p2a: Volcarona
|-damage|p2a: Volcarona|48/100
|move|p2b: Electabuzz|Thunderbolt|p1a: Ninetales
|-damage|p1a: Ninetales|64/100
|
|-weather|Snowscape|[upkeep]
|-heal|p1a: Ninetales|70/100|[from] Grassy Terrain
|-heal|p2a: Volcarona|54/100|[from] Grassy Terrain
|-heal|p2a: Volcarona|61/100|[from] item: Leftovers
|-heal|p2b: Electabuzz|82/100|[from] Grassy Terrain
|upkeep
|turn|2
|inactive|friesejung has 30 seconds left.
|
|t:|1756882840
|-terastallize|p1b: Rillaboom|Fire
|move|p2b: Electabuzz|Follow Me|p2b: Electabuzz
|-singleturn|p2b: Electabuzz|move: Follow Me
|move|p1a: Ninetales|Aurora Veil|p1a: Ninetales
|-sidestart|p1: friesejung|move: Aurora Veil
|move|p1b: Rillaboom|High Horsepower|p2b: Electabuzz
|-supereffective|p2b: Electabuzz
|-damage|p2b: Electabuzz|39/100
|move|p2a: Volcarona|Quiver Dance|p2a: Volcarona
|-boost|p2a: Volcarona|spa|1
|-boost|p2a: Volcarona|spd|1
|-boost|p2a: Volcarona|spe|1
|
|-weather|Snowscape|[upkeep]
|-heal|p2a: Volcarona|67/100|[from] Grassy Terrain
|-heal|p2a: Volcarona|73/100|[from] item: Leftovers
|-heal|p1a: Ninetales|76/100|[from] Grassy Terrain
|-heal|p2b: Electabuzz|44/100|[from] Grassy Terrain
|upkeep
|turn|3
|inactive|friesejung has 30 seconds left.
|inactive|R4ka has 30 seconds left.
|
|t:|1756882872
|move|p2a: Volcarona|Heat Wave|p1a: Ninetales|[spread] p1a,p1b
|-supereffective|p1a: Ninetales
|-resisted|p1b: Rillaboom
|-damage|p1a: Ninetales|0 fnt
|-damage|p1b: Rillaboom|86/100
|faint|p1a: Ninetales
|move|p1b: Rillaboom|Drum Beating|p2a: Volcarona
|-resisted|p2a: Volcarona
|-damage|p2a: Volcarona|58/100
|-unboost|p2a: Volcarona|spe|1
|move|p2b: Electabuzz|Thunderbolt|p1b: Rillaboom
|-damage|p1b: Rillaboom|68/100
|
|-weather|Snowscape|[upkeep]
|-heal|p1b: Rillaboom|74/100|[from] Grassy Terrain
|-heal|p2a: Volcarona|64/100|[from] Grassy Terrain
|-heal|p2a: Volcarona|70/100|[from] item: Leftovers
|-heal|p2b: Electabuzz|50/100|[from] Grassy Terrain
|upkeep
|
|t:|1756882878
|switch|p1a: Sneasler|Sneasler, L50, M|100/100
|turn|4
|
|t:|1756882902
|move|p1a: Sneasler|Dire Claw|p2b: Electabuzz
|-damage|p2b: Electabuzz|20/100
|move|p1b: Rillaboom|High Horsepower|p2a: Volcarona
|-damage|p2a: Volcarona|34/100
|move|p2a: Volcarona|Heat Wave|p1a: Sneasler|[spread] p1a,p1b
|-resisted|p1b: Rillaboom
|-damage|p1a: Sneasler|56/100
|-damage|p1b: Rillaboom|59/100
|move|p2b: Electabuzz|Thunderbolt|p1a: Sneasler
|-damage|p1a: Sneasler|32/100
|-status|p1a: Sneasler|par
|
|-weather|Snowscape|[upkeep]
|-heal|p1b: Rillaboom|65/100|[from] Grassy Terrain
|-heal|p2a: Volcarona|40/100|[from] Grassy Terrain
|-heal|p2a: Volcarona|47/100|[from] item: Leftovers
|-heal|p2b: Electabuzz|26/100|[from] Grassy Terrain
|-heal|p1a: Sneasler|38/100 par|[from] Grassy Terrain
|upkeep
|turn|5
|inactive|R4ka has 30 seconds left.
|inactive|R4ka has 20 seconds left.
|inactive|R4ka has 15 seconds left.
|inactive|R4ka has 10 seconds left.
|inactive|R4ka has 5 seconds left.
|
|t:|1756882954
|move|p2a: Volcarona|Protect|p2a: Volcarona
|-singleturn|p2a: Volcarona|Protect
|move|p1b: Rillaboom|Grassy Glide|p2b: Electabuzz
|-damage|p2b: Electabuzz|0 fnt
|faint|p2b: Electabuzz
|move|p1a: Sneasler|Dire Claw|p2a: Volcarona
|-activate|p2a: Volcarona|move: Protect
|
|-weather|none
|-heal|p1b: Rillaboom|70/100|[from] Grassy Terrain
|-heal|p2a: Volcarona|53/100|[from] Grassy Terrain
|-heal|p2a: Volcarona|59/100|[from] item: Leftovers
|-heal|p1a: Sneasler|45/100 par|[from] Grassy Terrain
|-fieldend|move: Grassy Terrain
|upkeep
|inactive|R4ka has 30 seconds left.
|
|t:|1756882979
|switch|p2b: Rillaboom|Rillaboom, L50, M|100/100
|-fieldstart|move: Grassy Terrain|[from] ability: Grassy Surge|[of] p2b: Rillaboom
|turn|6
|
|t:|1756882990
|move|p2b: Rillaboom|Fake Out|p1b: Rillaboom
|-damage|p1b: Rillaboom|60/100
|cant|p1b: Rillaboom|flinch
|move|p2a: Volcarona|Quiver Dance|p2a: Volcarona
|-boost|p2a: Volcarona|spa|1
|-boost|p2a: Volcarona|spd|1
|-boost|p2a: Volcarona|spe|1
|move|p1a: Sneasler|Dire Claw|p2a: Volcarona
|-damage|p2a: Volcarona|13/100
|-status|p2a: Volcarona|psn
|
|-heal|p2a: Volcarona|19/100 psn|[from] Grassy Terrain
|-heal|p2a: Volcarona|25/100 psn|[from] item: Leftovers
|-heal|p1b: Rillaboom|66/100|[from] Grassy Terrain
|-heal|p1a: Sneasler|51/100 par|[from] Grassy Terrain
|-damage|p2a: Volcarona|13/100 psn|[from] psn
|-sideend|p1: friesejung|move: Aurora Veil
|upkeep
|turn|7
|
|t:|1756883013
|move|p1b: Rillaboom|Grassy Glide|p2a: Volcarona
|-resisted|p2a: Volcarona
|-damage|p2a: Volcarona|4/100 psn
|move|p2a: Volcarona|Heat Wave|p1a: Sneasler|[spread] p1a,p1b
|-resisted|p1b: Rillaboom
|-damage|p1a: Sneasler|0 fnt
|-damage|p1b: Rillaboom|37/100
|faint|p1a: Sneasler
|move|p2b: Rillaboom|High Horsepower|p1b: Rillaboom
|-supereffective|p1b: Rillaboom
|-damage|p1b: Rillaboom|0 fnt
|faint|p1b: Rillaboom
|
|-heal|p2a: Volcarona|10/100 psn|[from] Grassy Terrain
|-heal|p2a: Volcarona|16/100 psn|[from] item: Leftovers
|-damage|p2a: Volcarona|4/100 psn|[from] psn
|upkeep
|
|t:|1756883021
|switch|p1a: Gholdengo|Gholdengo, L50|100/100
|-enditem|p1a: Gholdengo|Grassy Seed
|-boost|p1a: Gholdengo|def|1|[from] item: Grassy Seed
|turn|8
|
|t:|1756883041
|move|p1a: Gholdengo|Protect|p1a: Gholdengo
|-singleturn|p1a: Gholdengo|Protect
|move|p2a: Volcarona|Heat Wave|p1a: Gholdengo
|-activate|p1a: Gholdengo|move: Protect
|move|p2b: Rillaboom|High Horsepower|p1a: Gholdengo
|-activate|p1a: Gholdengo|move: Protect
|
|-heal|p2a: Volcarona|10/100 psn|[from] Grassy Terrain
|-heal|p2a: Volcarona|16/100 psn|[from] item: Leftovers
|-damage|p2a: Volcarona|4/100 psn|[from] psn
|upkeep
|turn|9
|
|t:|1756883056
|move|p2a: Volcarona|Heat Wave|p1a: Gholdengo
|-supereffective|p1a: Gholdengo
|-damage|p1a: Gholdengo|0 fnt
|faint|p1a: Gholdengo
|
|win|R4ka
||friesejung is ready for game 2.
|inactive|R4ka has 30 seconds to confirm battle start!
|inactive|R4ka has 20 seconds to confirm battle start!
||R4ka is ready for game 2.
|uhtml|next|Next: Game 2 of 3
|l|☆friesejung
|player|p1|
