|j|☆mrhendawgy
|j|☆marillrag1
|html|mrhendawgymarillrag1    
|uhtml|bestof|Game 3 of a best-of-3
|t:|1785140424
|gametype|doubles
|player|p1|mrhendawgy|2|1122
|player|p2|marillrag1|2|1189
|gen|9
|tier|[Gen 9 Champions] VGC 2026 Reg M-B (Bo3)
|rated|
|rule|Species Clause: Limit one of each Pokémon
|rule|Item Clause: Limit 1 of each item
|clearpoke
|poke|p1|Sneasler, L50, M|
|poke|p1|Blastoise, L50, M|
|poke|p1|Kingambit, L50, M|
|poke|p1|Incineroar, L50, M|
|poke|p1|Delphox, L50, F|
|poke|p1|Sinistcha, L50|
|poke|p2|Delphox, L50, M|
|poke|p2|Sneasler, L50, F|
|poke|p2|Incineroar, L50, F|
|poke|p2|Sinistcha, L50|
|poke|p2|Kingambit, L50, M|
|poke|p2|Blastoise, L50, M|
|teampreview|4
|showteam|p1|Sneasler||FocusSash|PoisonTouch|PoisonJab,CloseCombat,FakeOut,QuickGuard|Jolly||M|||50|]Blastoise||Blastoisinite|RainDish|DarkPulse,WaterSpout,ShellSmash,Protect|Modest||M|||50|]Kingambit||BlackGlasses|Defiant|KowtowCleave,SuckerPunch,SwordsDance,Protect|Adamant||M|||50|]Incineroar||SitrusBerry|Intimidate|FlareBlitz,HelpingHand,PartingShot,FakeOut|Careful||M|||50|]Delphox||Delphoxite|Blaze|HeatWave,NastyPlot,Psyshock,Protect|Modest||F|||50|]Sinistcha||KasibBerry|Hospitality|MatchaGotcha,RagePowder,TrickRoom,Protect|Bold|||||50|
|showteam|p2|Delphox||Delphoxite|Blaze|Protect,HeatWave,Psyshock,NastyPlot|Modest||M|||50|]Sneasler||FocusSash|PoisonTouch|PoisonJab,CloseCombat,FakeOut,QuickGuard|Jolly||F|||50|]Incineroar||SitrusBerry|Intimidate|FlareBlitz,FakeOut,PartingShot,HelpingHand|Careful||F|||50|]Sinistcha||ColburBerry|Hospitality|Protect,MatchaGotcha,RagePowder,TrickRoom|Bold|||||50|]Kingambit||LifeOrb|Defiant|Protect,KowtowCleave,SwordsDance,SuckerPunch|Adamant||M|||50|]Blastoise||Blastoisinite|Torrent|Protect,WaterSpout,DarkPulse,ShellSmash|Modest||M|||50|
|
|t:|1785140451
|teamsize|p1|4
|teamsize|p2|4
|start
|switch|p1a: Kingambit|Kingambit, L50, M|100/100
|switch|p1b: Sneasler|Sneasler, L50, M|100/100
|switch|p2a: Sneasler|Sneasler, L50, F|100/100
|switch|p2b: Blastoise|Blastoise, L50, M|100/100
|turn|1
|
|t:|1785140497
|switch|p1a: Sinistcha|Sinistcha, L50|100/100
|move|p2a: Sneasler|Quick Guard|p2a: Sneasler
|-singleturn|p2a: Sneasler|Quick Guard
|move|p1b: Sneasler|Fake Out|p2b: Blastoise
|-activate|p2b: Blastoise|move: Quick Guard
|move|p2b: Blastoise|Water Spout|p1a: Sinistcha|[spread] p1a,p1b
|-resisted|p1a: Sinistcha|1
|-damage|p1a: Sinistcha|76/100
|-damage|p1b: Sneasler|35/100
|
|upkeep
|turn|2
|
|t:|1785140517
|switch|p2b: Delphox|Delphox, L50, M|100/100
|move|p2a: Sneasler|Poison Jab|p1b: Sneasler
|-resisted|p1b: Sneasler|1
|-damage|p1b: Sneasler|0 fnt
|faint|p1b: Sneasler
|move|p1a: Sinistcha|Matcha Gotcha|p2b: Delphox|[spread] p2a,p2b
|-resisted|p2a: Sneasler|1
|-resisted|p2b: Delphox|1
|-damage|p2a: Sneasler|84/100
|-heal|p1a: Sinistcha|83/100|[from] drain|[of] p2a: Sneasler
|-damage|p2b: Delphox|87/100
|-heal|p1a: Sinistcha|88/100|[from] drain|[of] p2b: Delphox
|-status|p2a: Sneasler|brn
|
|-damage|p2a: Sneasler|78/100 brn|[from] brn
|upkeep
|
|t:|1785140536
|switch|p1b: Blastoise|Blastoise, L50, M|100/100
|turn|3
|
|t:|1785140568
|detailschange|p1b: Blastoise|Blastoise-Mega, L50, M
|-mega|p1b: Blastoise|Blastoise|Blastoisinite
|move|p2a: Sneasler|Poison Jab|p1a: Sinistcha
|-damage|p1a: Sinistcha|71/100
|move|p2b: Delphox|Heat Wave|p1a: Sinistcha|[spread] p1b
|-miss|p2b: Delphox|p1a: Sinistcha
|-resisted|p1b: Blastoise|1
|-damage|p1b: Blastoise|85/100
|move|p1b: Blastoise|Shell Smash|p1b: Blastoise
|-unboost|p1b: Blastoise|def|1
|-unboost|p1b: Blastoise|spd|1
|-boost|p1b: Blastoise|atk|2
|-boost|p1b: Blastoise|spa|2
|-boost|p1b: Blastoise|spe|2
|move|p1a: Sinistcha|Matcha Gotcha|p2b: Delphox|[spread] p2a,p2b
|-resisted|p2a: Sneasler|1
|-resisted|p2b: Delphox|1
|-damage|p2a: Sneasler|61/100 brn
|-heal|p1a: Sinistcha|79/100|[from] drain|[of] p2a: Sneasler
|-damage|p2b: Delphox|74/100
|-heal|p1a: Sinistcha|85/100|[from] drain|[of] p2b: Delphox
|
|-damage|p2a: Sneasler|55/100 brn|[from] brn
|upkeep
|turn|4
|
|t:|1785140593
|switch|p2a: Sinistcha|Sinistcha, L50|100/100
|-heal|p2b: Delphox|99/100|[from] ability: Hospitality|[of] p2a: Sinistcha
|switch|p1a: Kingambit|Kingambit, L50, M|100/100
|move|p1b: Blastoise|Water Spout|p2a: Sinistcha|[spread] p2a,p2b
|-resisted|p2a: Sinistcha|1
|-supereffective|p2b: Delphox|1
|-damage|p2a: Sinistcha|39/100
|-damage|p2b: Delphox|0 fnt
|faint|p2b: Delphox
|
|upkeep
|
|t:|1785140599
|switch|p2b: Sneasler|Sneasler, L50, F|55/100 brn
|turn|5
|
|t:|1785140622
|move|p1b: Blastoise|Protect|p1b: Blastoise
|-singleturn|p1b: Blastoise|Protect
|move|p1a: Kingambit|Protect|p1a: Kingambit
|-singleturn|p1a: Kingambit|Protect
|move|p2b: Sneasler|Fake Out|p1a: Kingambit
|-activate|p1a: Kingambit|move: Protect
|move|p2a: Sinistcha|Trick Room|p2a: Sinistcha
|-fieldstart|move: Trick Room|[of] p2a: Sinistcha
|
|-damage|p2b: Sneasler|49/100 brn|[from] brn
|upkeep
|turn|6
|
|t:|1785140648
|move|p2a: Sinistcha|Protect|p2a: Sinistcha
|-singleturn|p2a: Sinistcha|Protect
|move|p1a: Kingambit|Sucker Punch||[still]
|-fail|p1a: Kingambit
|move|p2b: Sneasler|Close Combat|p1a: Kingambit
|-supereffective|p1a: Kingambit|2
|-damage|p1a: Kingambit|1/100
|-unboost|p2b: Sneasler|def|1
|-unboost|p2b: Sneasler|spd|1
|move|p1b: Blastoise|Water Spout|p2a: Sinistcha|[spread] p2b
|-activate|p2a: Sinistcha|move: Protect
|-damage|p2b: Sneasler|0 fnt
|faint|p2b: Sneasler
|
|upkeep
|
|t:|1785140656
|switch|p2b: Blastoise|Blastoise, L50, M|100/100
|turn|7
|
|t:|1785140688
|detailschange|p2b: Blastoise|Blastoise-Mega, L50, M
|-mega|p2b: Blastoise|Blastoise|Blastoisinite
|move|p2a: Sinistcha|Rage Powder|p2a: Sinistcha
|-singleturn|p2a: Sinistcha|move: Rage Powder
|move|p1a: Kingambit|Kowtow Cleave|p2a: Sinistcha
|-supereffective|p2a: Sinistcha|1
|-enditem|p2a: Sinistcha|Colbur Berry|[eat]
|-enditem|p2a: Sinistcha|Colbur Berry|[weaken]
|-damage|p2a: Sinistcha|0 fnt
|faint|p2a: Sinistcha
|move|p2b: Blastoise|Water Spout|p1a: Kingambit|[spread] p1a,p1b
|-resisted|p1b: Blastoise|1
|-damage|p1a: Kingambit|0 fnt
|-damage|p1b: Blastoise|32/100
|faint|p1a: Kingambit
|move|p1b: Blastoise|Dark Pulse|p2b: Blastoise
|-damage|p2b: Blastoise|0 fnt
|faint|p2b: Blastoise
|
|win|mrhendawgy
|raw|mrhendawgy's rating: 1122 → 1152(+30 for winning)
|raw|marillrag1's rating: 1189 → 1159(-30 for losing)
|l|☆mrhendawgy
|player|p1|
