|j|☆Sylviana GL
|j|☆Tracansao
|html|Sylviana GLTracansao    
|uhtml|bestof|Game 1 of a best-of-3
|t:|1782758553
|gametype|doubles
|player|p1|Sylviana GL|caitlin|1040
|player|p2|Tracansao|flannery|1000
|gen|9
|tier|[Gen 9 Champions] VGC 2026 Reg M-B (Bo3)
|rated|
|rule|Species Clause: Limit one of each Pokémon
|rule|Item Clause: Limit 1 of each item
|clearpoke
|poke|p1|Metagross, L50, shiny|
|poke|p1|Incineroar, L50, F, shiny|
|poke|p1|Hydreigon, L50, F, shiny|
|poke|p1|Sneasler, L50, M|
|poke|p1|Pelipper, L50, M|
|poke|p1|Grimmsnarl, L50, M|
|poke|p2|Pelipper, L50, M, shiny|
|poke|p2|Sinistcha, L50|
|poke|p2|Archaludon, L50, M, shiny|
|poke|p2|Sableye, L50, M, shiny|
|poke|p2|Raichu, L50, F|
|poke|p2|Palafin, L50, F|
|teampreview|4
|showteam|p1|Metagross||Metagrossite|ClearBody|PsychicFangs,IronHead,StompingTantrum,Protect|Jolly|||||50|]Incineroar||PasshoBerry|Intimidate|FakeOut,PartingShot,FlareBlitz,ThroatChop|Impish||F|||50|]Hydreigon||ChoiceScarf|Levitate|DracoMeteor,DarkPulse,Snarl,EarthPower|Modest||F|||50|]Sneasler||FocusSash|Unburden|CloseCombat,DireClaw,FakeOut,Coaching|Jolly||M|||50|]Pelipper||SitrusBerry|Drizzle|WeatherBall,Hurricane,Tailwind,Protect|Bold||M|||50|]Grimmsnarl||LightClay|Prankster|SpiritBreak,Reflect,LightScreen,PartingShot|Sassy||M|||50|
|showteam|p2|Pelipper||FocusSash|Drizzle|WeatherBall,Hurricane,Tailwind,WideGuard|Modest||M|||50|]Sinistcha||KasibBerry|Hospitality|MatchaGotcha,RagePowder,LifeDew,TrickRoom|Bold|||||50|]Archaludon||Leftovers|Stamina|ElectroShot,FlashCannon,DragonPulse,Protect|Modest||M|||50|]Sableye||RoseliBerry|Prankster|Encore,Reflect,LightScreen,RainDance|Sassy||M|||50|]Raichu||RaichuniteY|LightningRod|FakeOut,Protect,ZapCannon,FocusBlast|Hasty||F|||50|]Palafin||MysticWater|ZerotoHero|WaveCrash,JetPunch,CloseCombat,Protect|Jolly||F|||50|
|inactive|Battle timer is ON: inactive players will automatically lose when time's up. (requested by Tracansao)
|inactive|Sylviana GL has 60 seconds left.
|inactive|Tracansao has 60 seconds left.
|inactive|Sylviana GL has 30 seconds left.
|inactive|Sylviana GL has 20 seconds left.
|inactive|Sylviana GL has 15 seconds left.
|inactive|Sylviana GL has 10 seconds left.
|
|t:|1782758638
|teamsize|p1|4
|teamsize|p2|4
|start
|switch|p1a: Incineroar|Incineroar, L50, F, shiny|100/100
|switch|p1b: Grimmsnarl|Grimmsnarl, L50, M|100/100
|switch|p2a: Sableye|Sableye, L50, M, shiny|100/100
|switch|p2b: Raichu|Raichu, L50, F|100/100
|-ability|p1a: Incineroar|Intimidate|boost
|-unboost|p2a: Sableye|atk|1
|-unboost|p2b: Raichu|atk|1
|turn|1
|
|t:|1782758653
|move|p2b: Raichu|Fake Out|p1b: Grimmsnarl
|-damage|p1b: Grimmsnarl|93/100
|move|p1a: Incineroar|Fake Out|p2b: Raichu
|-damage|p2b: Raichu|74/100
|cant|p1b: Grimmsnarl|flinch
|move|p2a: Sableye|Reflect|p2a: Sableye
|-sidestart|p2: Tracansao|Reflect
|
|upkeep
|turn|2
|
|t:|1782758667
|detailschange|p2b: Raichu|Raichu-Mega-Y, L50, F
|-mega|p2b: Raichu|Raichu|Raichunite Y
|move|p1b: Grimmsnarl|Light Screen|p1b: Grimmsnarl
|-sidestart|p1: Sylviana GL|move: Light Screen
|move|p2a: Sableye|Light Screen|p2a: Sableye
|-sidestart|p2: Tracansao|move: Light Screen
|move|p2b: Raichu|Zap Cannon|p1a: Incineroar
|-damage|p1a: Incineroar|60/100
|-status|p1a: Incineroar|par
|move|p1a: Incineroar|Throat Chop|p2b: Raichu
|-damage|p2b: Raichu|28/100
|-start|p2b: Raichu|Throat Chop|[silent]
|
|upkeep
|turn|3
|inactive|Sylviana GL has 30 seconds left.
|
|t:|1782758699
|switch|p2a: Palafin|Palafin, L50, F|100/100
|switch|p1a: Sneasler|Sneasler, L50, M|100/100
|move|p1b: Grimmsnarl|Parting Shot|p2b: Raichu
|-unboost|p2b: Raichu|atk|1
|-unboost|p2b: Raichu|spa|1
|
|t:|1782758706
|switch|p1b: Incineroar|Incineroar, L50, F, shiny|60/100 par|[from] Parting Shot
|-ability|p1b: Incineroar|Intimidate|boost
|-unboost|p2a: Palafin|atk|1
|-unboost|p2b: Raichu|atk|1
|move|p2b: Raichu|Zap Cannon|p1b: Incineroar
|-damage|p1b: Incineroar|31/100 par
|
|-end|p2b: Raichu|Throat Chop|[silent]
|upkeep
|turn|4
|inactive|Sylviana GL has 30 seconds left.
|
|t:|1782758735
|switch|p2b: Sableye|Sableye, L50, M, shiny|100/100
|switch|p1a: Hydreigon|Hydreigon, L50, F, shiny|100/100
|cant|p1b: Incineroar|par
|move|p2a: Palafin|Wave Crash|p1b: Incineroar
|-supereffective|p1b: Incineroar|1
|-enditem|p1b: Incineroar|Passho Berry|[eat]
|-enditem|p1b: Incineroar|Passho Berry|[weaken]
|-damage|p1b: Incineroar|6/100 par
|-damage|p2a: Palafin|90/100|[from] Recoil
|
|upkeep
|turn|5
|inactive|Sylviana GL has 30 seconds left.
|inactive|Sylviana GL has 20 seconds left.
|
|t:|1782758775
|switch|p2b: Archaludon|Archaludon, L50, M, shiny|100/100
|switch|p1b: Grimmsnarl|Grimmsnarl, L50, M|93/100
|move|p2a: Palafin|Jet Punch|p1b: Grimmsnarl
|-damage|p1b: Grimmsnarl|77/100
|move|p1a: Hydreigon|Dark Pulse|p2a: Palafin
|-damage|p2a: Palafin|44/100
|
|-sideend|p2: Tracansao|Reflect
|upkeep
|turn|6
|
|t:|1782758792
|detailschange|p2a: Palafin|Palafin-Hero, L50, F
|switch|p2a: Sableye|Sableye, L50, M, shiny|100/100
|move|p1b: Grimmsnarl|Parting Shot|p2b: Archaludon
|-unboost|p2b: Archaludon|atk|1
|-unboost|p2b: Archaludon|spa|1
|
|t:|1782758797
|switch|p1b: Incineroar|Incineroar, L50, F, shiny|6/100 par|[from] Parting Shot
|-ability|p1b: Incineroar|Intimidate|boost
|-unboost|p2a: Sableye|atk|1
|-unboost|p2b: Archaludon|atk|1
|move|p1a: Hydreigon|Dark Pulse|p2a: Sableye
|-damage|p2a: Sableye|68/100
|move|p2b: Archaludon|Dragon Pulse|p1a: Hydreigon
|-supereffective|p1a: Hydreigon|1
|-damage|p1a: Hydreigon|61/100
|
|-sideend|p2: Tracansao|move: Light Screen
|upkeep
|turn|7
|inactive|Sylviana GL has 30 seconds left.
|
|t:|1782758822
|switch|p1a: Grimmsnarl|Grimmsnarl, L50, M|77/100
|move|p2a: Sableye|Light Screen|p2a: Sableye
|-sidestart|p2: Tracansao|move: Light Screen
|move|p2b: Archaludon|Dragon Pulse|p1a: Grimmsnarl
|-immune|p1a: Grimmsnarl
|move|p1b: Incineroar|Flare Blitz|p2a: Sableye
|-damage|p2a: Sableye|8/100
|-damage|p1b: Incineroar|0 fnt|[from] Recoil
|faint|p1b: Incineroar
|
|upkeep
|
|t:|1782758831
|switch|p1b: Sneasler|Sneasler, L50, M|100/100
|turn|8
|
|t:|1782758846
|move|p2a: Sableye|Reflect|p2a: Sableye
|-sidestart|p2: Tracansao|Reflect
|move|p1b: Sneasler|Close Combat|p2b: Archaludon
|-supereffective|p2b: Archaludon|1
|-damage|p2b: Archaludon|43/100
|-unboost|p1b: Sneasler|def|1
|-unboost|p1b: Sneasler|spd|1
|-ability|p2b: Archaludon|Stamina|boost
|-boost|p2b: Archaludon|def|1
|move|p2b: Archaludon|Flash Cannon|p1a: Grimmsnarl
|-supereffective|p1a: Grimmsnarl|1
|-damage|p1a: Grimmsnarl|49/100
|move|p1a: Grimmsnarl|Spirit Break|p2a: Sableye
|-supereffective|p2a: Sableye|1
|-enditem|p2a: Sableye|Roseli Berry|[eat]
|-enditem|p2a: Sableye|Roseli Berry|[weaken]
|-damage|p2a: Sableye|0 fnt
|faint|p2a: Sableye
|
|-heal|p2b: Archaludon|50/100y|[from] item: Leftovers
|upkeep
|
|t:|1782758866
|switch|p2a: Raichu|Raichu-Mega-Y, L50, F|28/100
|turn|9
|
|t:|1782758870
|switch|p1b: Hydreigon|Hydreigon, L50, F, shiny|61/100
|move|p2a: Raichu|Zap Cannon|p1b: Hydreigon
|-resisted|p1b: Hydreigon|1
|-damage|p1b: Hydreigon|32/100
|-status|p1b: Hydreigon|par
|move|p2b: Archaludon|Flash Cannon|p1a: Grimmsnarl
|-supereffective|p1a: Grimmsnarl|1
|-damage|p1a: Grimmsnarl|21/100
|move|p1a: Grimmsnarl|Spirit Break|p2a: Raichu
|-damage|p2a: Raichu|0 fnt
|faint|p2a: Raichu
|
|-heal|p2b: Archaludon|56/100|[from] item: Leftovers
|-sideend|p1: Sylviana GL|move: Light Screen
|upkeep
|
|t:|1782758880
|switch|p2a: Palafin|Palafin-Hero, L50, F|44/100
|-activate|p2a: Palafin|ability: Zero to Hero
|turn|10
|
|t:|1782758902
|move|p2a: Palafin|Jet Punch|p1a: Grimmsnarl
|-damage|p1a: Grimmsnarl|0 fnt
|faint|p1a: Grimmsnarl
|move|p1b: Hydreigon|Earth Power|p2b: Archaludon
|-supereffective|p2b: Archaludon|1
|-damage|p2b: Archaludon|12/100
|-unboost|p2b: Archaludon|spd|1
|-ability|p2b: Archaludon|Stamina|boost
|-boost|p2b: Archaludon|def|1
|move|p2b: Archaludon|Dragon Pulse|p1b: Hydreigon
|-supereffective|p1b: Hydreigon|1
|-damage|p1b: Hydreigon|0 fnt
|faint|p1b: Hydreigon
|
|-heal|p2b: Archaludon|18/100|[from] item: Leftovers
|upkeep
|
|t:|1782758908
|switch|p1b: Sneasler|Sneasler, L50, M|100/100
|turn|11
|
|t:|1782758928
|move|p1b: Sneasler|Close Combat|p2a: Palafin
|-damage|p2a: Palafin|0 fnt
|-unboost|p1b: Sneasler|def|1
|-unboost|p1b: Sneasler|spd|1
|faint|p2a: Palafin
|move|p2b: Archaludon|Dragon Pulse|p1b: Sneasler
|-damage|p1b: Sneasler|46/100
|
|-heal|p2b: Archaludon|25/100|[from] item: Leftovers
|-sideend|p2: Tracansao|move: Light Screen
|upkeep
|turn|12
|
|t:|1782758935
|move|p1b: Sneasler|Close Combat|p2b: Archaludon
|-supereffective|p2b: Archaludon|1
|-damage|p2b: Archaludon|0 fnt
|-unboost|p1b: Sneasler|def|1
|-unboost|p1b: Sneasler|spd|1
|faint|p2b: Archaludon
|
|win|Sylviana GL
||Tracansao is ready for game 2.
|inactive|Sylviana GL has 30 seconds to confirm battle start!
|inactive|Sylviana GL has 20 seconds to confirm battle start!
||Sylviana GL is ready for game 2.
|uhtml|next|Next: Game 2 of 3
|l|☆Tracansao
|player|p2|
