|j|☆anon.mp4
|j|☆JusteBaka
|html|anon.mp4JusteBaka    
|uhtml|bestof|Game 1 of a best-of-3
|t:|1784771955
|gametype|doubles
|player|p1|anon.mp4|caitlin|
|player|p2|JusteBaka|flannery|
|gen|9
|tier|[Gen 9 Champions] VGC 2026 Reg M-B (Bo3)
|rule|Species Clause: Limit one of each Pokémon
|rule|Item Clause: Limit 1 of each item
|clearpoke
|poke|p1|Araquanid, L50, F|
|poke|p1|Sinistcha-Masterpiece, L50|
|poke|p1|Kingambit, L50, F|
|poke|p1|Sneasler, L50, F|
|poke|p1|Sceptile, L50, F|
|poke|p1|Sylveon, L50, F|
|poke|p2|Meganium, L50, F|
|poke|p2|Swampert, L50, F|
|poke|p2|Farigiraf, L50, F|
|poke|p2|Pelipper, L50, M|
|poke|p2|Sneasler, L50, F|
|poke|p2|Garchomp, L50, M|
|teampreview|4
|showteam|p1|Araquanid||MysticWater|WaterBubble|WideGuard,HydroPump,Surf,Protect|Quiet||F|||50|]Sinistcha-Masterpiece||SitrusBerry|Hospitality|MatchaGotcha,TrickRoom,RagePowder,Protect|Relaxed|||||50|]Kingambit||ChopleBerry|Defiant|KowtowCleave,SuckerPunch,IronHead,Protect|Adamant||F|||50|]Sneasler||FocusSash|Unburden|FakeOut,CloseCombat,DireClaw,Protect|Jolly||F|||50|]Sceptile||Sceptilite|Overgrow|LeafStorm,EarthPower,VacuumWave,DragonPulse|Timid||F|||50|]Sylveon||FairyFeather|Pixilate|HyperVoice,HyperBeam,QuickAttack,Detect|Modest||F|||50|
|showteam|p2|Meganium||Meganiumite|Overgrow|SolarBeam,Protect,WeatherBall,DazzlingGleam|Modest||F|||50|]Swampert||Swampertite|Damp|WaveCrash,Earthquake,RockSlide,Protect|Adamant||F|||50|]Farigiraf||SitrusBerry|ArmorTail|TwinBeam,HyperVoice,HelpingHand,TrickRoom|Bold||F|||50|]Pelipper||FocusSash|Drizzle|Protect,WeatherBall,Tailwind,Hurricane|Timid||M|||50|]Sneasler||WhiteHerb|Unburden|CloseCombat,DireClaw,Uturn,FakeOut|Adamant||F|||50|]Garchomp||LifeOrb|RoughSkin|DragonClaw,Earthquake,RockSlide,Protect|Jolly||M|||50|
|inactive|Battle timer is ON: inactive players will automatically lose when time's up. (requested by anon.mp4)
|c|☆anon.mp4|I WAS GONNA DO RAIN TOO
|inactive|anon.mp4 has 60 seconds left.
|inactive|JusteBaka has 60 seconds left.
|inactive|JusteBaka has 30 seconds left.
|
|t:|1784772022
|teamsize|p1|4
|teamsize|p2|4
|start
|switch|p1a: Sinistcha|Sinistcha-Masterpiece, L50|100/100
|switch|p1b: Sneasler|Sneasler, L50, F|100/100
|switch|p2a: Cucumber|Meganium, L50, F|100/100
|switch|p2b: Pelipper|Pelipper, L50, M|100/100
|-weather|RainDance|[from] ability: Drizzle|[of] p2b: Pelipper
|turn|1
|inactive|anon.mp4 has 30 seconds left.
|
|t:|1784772048
|detailschange|p2a: Cucumber|Meganium-Mega, L50, F
|-mega|p2a: Cucumber|Meganium|Meganiumite
|move|p2b: Pelipper|Protect|p2b: Pelipper
|-singleturn|p2b: Pelipper|Protect
|move|p2a: Cucumber|Protect|p2a: Cucumber
|-singleturn|p2a: Cucumber|Protect
|move|p1a: Sinistcha|Protect|p1a: Sinistcha
|-singleturn|p1a: Sinistcha|Protect
|move|p1b: Sneasler|Dire Claw|p2a: Cucumber
|-activate|p2a: Cucumber|move: Protect
|
|-weather|RainDance|[upkeep]
|upkeep
|turn|2
|
|t:|1784772066
|switch|p2a: Garchomp|Garchomp, L50, M|100/100
|move|p1b: Sneasler|Dire Claw|p2a: Garchomp
|-resisted|p2a: Garchomp|1
|-damage|p2a: Garchomp|80/100
|-damage|p1b: Sneasler|87/100|[from] ability: Rough Skin|[of] p2a: Garchomp
|move|p2b: Pelipper|Tailwind|p2b: Pelipper
|-sidestart|p2: JusteBaka|move: Tailwind
|move|p1a: Sinistcha|Trick Room|p1a: Sinistcha
|-fieldstart|move: Trick Room|[of] p1a: Sinistcha
|
|-weather|RainDance|[upkeep]
|upkeep
|turn|3
|
|t:|1784772083
|move|p1a: Sinistcha|Matcha Gotcha|p2b: Pelipper|[spread] p2a,p2b
|-damage|p2a: Garchomp|52/100
|-damage|p2b: Pelipper|53/100
|-status|p2a: Garchomp|brn
|move|p1b: Sneasler|Dire Claw|p2b: Pelipper
|-damage|p2b: Pelipper|0 fnt
|faint|p2b: Pelipper
|move|p2a: Garchomp|Earthquake|p1b: Sneasler|[spread] p1a,p1b
|-resisted|p1a: Sinistcha|1
|-supereffective|p1b: Sneasler|1
|-damage|p1a: Sinistcha|90/100
|-damage|p1b: Sneasler|0 fnt
|faint|p1b: Sneasler
|-damage|p2a: Garchomp|42/100 brn|[from] item: Life Orb
|
|-weather|RainDance|[upkeep]
|-damage|p2a: Garchomp|36/100 brn|[from] brn
|upkeep
|inactive|JusteBaka has 30 seconds left.
|
|t:|1784772110
|switch|p2b: Sneasler|Sneasler, L50, F|100/100
|switch|p1b: Sylveon|Sylveon, L50, F|100/100
|turn|4
|
|t:|1784772130
|move|p2b: Sneasler|Fake Out|p1b: Sylveon
|-damage|p1b: Sylveon|83/100
|move|p1a: Sinistcha|Rage Powder|p1a: Sinistcha
|-singleturn|p1a: Sinistcha|move: Rage Powder
|cant|p1b: Sylveon|flinch
|move|p2a: Garchomp|Rock Slide|p1b: Sylveon|[spread] p1a,p1b
|-damage|p1a: Sinistcha|81/100
|-damage|p1b: Sylveon|71/100
|-damage|p2a: Garchomp|26/100 brn|[from] item: Life Orb
|
|-weather|RainDance|[upkeep]
|-damage|p2a: Garchomp|20/100y brn|[from] brn
|upkeep
|turn|5
|
|t:|1784772149
|move|p1a: Sinistcha|Rage Powder|p1a: Sinistcha
|-singleturn|p1a: Sinistcha|move: Rage Powder
|move|p1b: Sylveon|Hyper Voice|p2b: Sneasler|[spread] p2a,p2b
|-supereffective|p2a: Garchomp|1
|-crit|p2b: Sneasler
|-damage|p2a: Garchomp|0 fnt
|-damage|p2b: Sneasler|5/100
|faint|p2a: Garchomp
|move|p2b: Sneasler|U-turn|p1a: Sinistcha
|-damage|p1a: Sinistcha|61/100
|
|t:|1784772157
|switch|p2b: Cucumber|Meganium-Mega, L50, F|100/100|[from] U-turn
|
|-weather|none
|-sideend|p2: JusteBaka|move: Tailwind
|upkeep
|
|t:|1784772162
|switch|p2a: Sneasler|Sneasler, L50, F|5/100
|turn|6
|
|t:|1784772170
|move|p2a: Sneasler|Fake Out|p1b: Sylveon
|-damage|p1b: Sylveon|55/100
|move|p1a: Sinistcha|Rage Powder|p1a: Sinistcha
|-singleturn|p1a: Sinistcha|move: Rage Powder
|cant|p1b: Sylveon|flinch
|move|p2b: Cucumber|Solar Beam||[still]
|-prepare|p2b: Cucumber|Solar Beam
|-activate|p2b: Cucumber|ability: Mega Sol
|-anim|p2b: Cucumber|Solar Beam|p1b: Sylveon
|-damage|p1b: Sylveon|5/100
|
|-fieldend|move: Trick Room
|upkeep
|turn|7
|
|t:|1784772188
|move|p1b: Sylveon|Detect|p1b: Sylveon
|-singleturn|p1b: Sylveon|Protect
|move|p2a: Sneasler|Dire Claw|p1a: Sinistcha
|-damage|p1a: Sinistcha|30/100
|-status|p1a: Sinistcha|par
|-enditem|p1a: Sinistcha|Sitrus Berry|[eat]
|-heal|p1a: Sinistcha|55/100 par|[from] item: Sitrus Berry
|move|p2b: Cucumber|Dazzling Gleam|p1a: Sinistcha|[spread] p1a
|-activate|p1b: Sylveon|move: Protect
|-damage|p1a: Sinistcha|9/100 par
|move|p1a: Sinistcha|Trick Room|p1a: Sinistcha
|-fieldstart|move: Trick Room|[of] p1a: Sinistcha
|
|upkeep
|turn|8
|
|t:|1784772204
|move|p1b: Sylveon|Quick Attack|p2a: Sneasler
|-damage|p2a: Sneasler|0 fnt
|faint|p2a: Sneasler
|cant|p1a: Sinistcha|par
|move|p2b: Cucumber|Dazzling Gleam|p1b: Sylveon|[spread] p1a,p1b
|-damage|p1a: Sinistcha|0 fnt
|-damage|p1b: Sylveon|0 fnt
|faint|p1a: Sinistcha
|faint|p1b: Sylveon
|
|upkeep
|
|t:|1784772216
|switch|p1a: Araquanid|Araquanid, L50, F|100/100
|turn|9
|
|t:|1784772224
|move|p1a: Araquanid|Hydro Pump|p2b: Cucumber|[miss]
|-miss|p1a: Araquanid|p2b: Cucumber
|move|p2b: Cucumber|Dazzling Gleam|p1a: Araquanid
|-damage|p1a: Araquanid|60/100
|
|upkeep
|turn|10
|
|t:|1784772238
|move|p1a: Araquanid|Hydro Pump|p2b: Cucumber
|-resisted|p2b: Cucumber|1
|-damage|p2b: Cucumber|63/100
|move|p2b: Cucumber|Solar Beam||[still]
|-prepare|p2b: Cucumber|Solar Beam
|-activate|p2b: Cucumber|ability: Mega Sol
|-anim|p2b: Cucumber|Solar Beam|p1a: Araquanid
|-damage|p1a: Araquanid|4/100
|
|upkeep
|turn|11
|c|☆anon.mp4|*cries
|inactive|JusteBaka has 30 seconds left.
|inactive|JusteBaka has 20 seconds left.
|inactive|JusteBaka has 15 seconds left.
|
|t:|1784772282
|move|p1a: Araquanid|Hydro Pump|p2b: Cucumber
|-resisted|p2b: Cucumber|1
|-damage|p2b: Cucumber|28/100
|move|p2b: Cucumber|Solar Beam||[still]
|-prepare|p2b: Cucumber|Solar Beam
|-activate|p2b: Cucumber|ability: Mega Sol
|-anim|p2b: Cucumber|Solar Beam|p1a: Araquanid
|-damage|p1a: Araquanid|0 fnt
|faint|p1a: Araquanid
|
|win|JusteBaka
||anon.mp4 is ready for game 2.
|inactive|JusteBaka has 30 seconds to confirm battle start!
|c|☆JusteBaka|I always forget to target
