|j|☆thebossadry
|j|☆Voltage Gaming101
|html|thebossadryVoltage Gaming101    
|uhtml|bestof|Game 1 of a best-of-3
|t:|1756654144
|gametype|doubles
|player|p1|thebossadry|pryce|1042
|player|p2|Voltage Gaming101|red|1048
|gen|9
|tier|[Gen 9] VGC 2025 Reg H (Bo3)
|rated|
|rule|Species Clause: Limit one of each Pokémon
|rule|Item Clause: Limit 1 of each item
|clearpoke
|poke|p1|Incineroar, L50, M|
|poke|p1|Rillaboom, L50, M|
|poke|p1|Grimmsnarl, L50, M|
|poke|p1|Gholdengo, L50|
|poke|p1|Archaludon, L50, F|
|poke|p1|Pelipper, L50, F|
|poke|p2|Mienshao, L50, F|
|poke|p2|Slowking-Galar, L50, M|
|poke|p2|Baxcalibur, L50, F|
|poke|p2|Rillaboom, L50, F|
|poke|p2|Cinderace, L50, F|
|poke|p2|Pelipper, L50, M|
|teampreview|4
|showteam|p1|Incineroar||AssaultVest|Intimidate|FakeOut,Uturn,FlareBlitz,KnockOff|||M|||50|,,,,,Ghost]Rillaboom||CovertCloak|GrassySurge|FakeOut,Uturn,GrassyGlide,WoodHammer|||M|||50|,,,,,Fire]Grimmsnarl|||Prankster|Reflect,LightScreen,Taunt,SpiritBreak|||M|||50|,,,,,Dark]Gholdengo||LifeOrb|GoodasGold|MakeItRain,ShadowBall,Protect,NastyPlot||||||50|,,,,,Steel]Archaludon||PowerHerb|Stamina|ElectroShot,DracoMeteor,Protect,BodyPress|||F|||50|,,,,,Dragon]Pelipper||FocusSash|Drizzle|Protect,Tailwind,Hurricane,WeatherBall|||F|||50|,,,,,Fighting
|showteam|p2|Mienshao||LifeOrb|Regenerator|CloseCombat,KnockOff,PoisonJab,Uturn|||F|||50|,,,,,Steel]Slowking-Galar||BlackSludge|Regenerator|ChillyReception,ThunderWave,SludgeBomb,FutureSight|||M|||50|,,,,,Flying]Baxcalibur||LoadedDice|ThermalExchange|Protect,DragonDance,IcicleSpear,ScaleShot|||F|||50|,,,,,Fairy]Rillaboom||AssaultVest|GrassySurge|GrassyGlide,KnockOff,Uturn,FakeOut|||F|||50|,,,,,Ground]Cinderace||CovertCloak|Libero|FlareBlitz,HighJumpKick,Taunt,Coaching|||F|||50|,,,,,Fighting]Pelipper||DampRock|Drizzle|Hurricane,WeatherBall,Tailwind,Uturn|||M|||50|,,,,,Electric
|
|t:|1756654182
|teamsize|p1|4
|teamsize|p2|4
|start
|switch|p1a: Grimmsnarl|Grimmsnarl, L50, M|100/100
|switch|p1b: Pelipper|Pelipper, L50, F|100/100
|switch|p2a: Slowking|Slowking-Galar, L50, M, shiny|100/100
|switch|p2b: Cinderace|Cinderace, L50, F, shiny|100/100
|-weather|RainDance|[from] ability: Drizzle|[of] p1b: Pelipper
|turn|1
|
|t:|1756654199
|switch|p2b: Baxcalibur|Baxcalibur, L50, F|100/100
|move|p1a: Grimmsnarl|Taunt|p2a: Slowking
|-start|p2a: Slowking|move: Taunt
|move|p1b: Pelipper|Weather Ball|p2b: Baxcalibur
|-resisted|p2b: Baxcalibur
|-damage|p2b: Baxcalibur|67/100
|move|p2a: Slowking|Sludge Bomb|p1a: Grimmsnarl
|-supereffective|p1a: Grimmsnarl
|-damage|p1a: Grimmsnarl|23/100
|
|-weather|RainDance|[upkeep]
|upkeep
|turn|2
|
|t:|1756654225
|-terastallize|p2b: Baxcalibur|Fairy
|move|p2b: Baxcalibur|Dragon Dance|p2b: Baxcalibur
|-boost|p2b: Baxcalibur|atk|1
|-boost|p2b: Baxcalibur|spe|1
|move|p1b: Pelipper|Tailwind|p1b: Pelipper
|-sidestart|p1: thebossadry|move: Tailwind
|move|p1a: Grimmsnarl|Spirit Break|p2b: Baxcalibur
|-damage|p2b: Baxcalibur|37/100
|-unboost|p2b: Baxcalibur|spa|1
|move|p2a: Slowking|Sludge Bomb|p1a: Grimmsnarl
|-supereffective|p1a: Grimmsnarl
|-damage|p1a: Grimmsnarl|0 fnt
|faint|p1a: Grimmsnarl
|
|-weather|RainDance|[upkeep]
|upkeep
|
|t:|1756654239
|switch|p1a: Gholdengo|Gholdengo, L50|100/100
|turn|3
|
|t:|1756654247
|move|p2b: Baxcalibur|Protect|p2b: Baxcalibur
|-singleturn|p2b: Baxcalibur|Protect
|move|p1a: Gholdengo|Shadow Ball|p2a: Slowking
|-supereffective|p2a: Slowking
|-damage|p2a: Slowking|29/100
|-damage|p1a: Gholdengo|91/100|[from] item: Life Orb
|move|p1b: Pelipper|Weather Ball|p2b: Baxcalibur
|-activate|p2b: Baxcalibur|move: Protect
|move|p2a: Slowking|Future Sight|p1a: Gholdengo
|-start|p2a: Slowking|move: Future Sight
|
|-weather|RainDance|[upkeep]
|-heal|p2a: Slowking|35/100|[from] item: Black Sludge
|-end|p2a: Slowking|move: Taunt
|upkeep
|turn|4
|
|t:|1756654272
|move|p1a: Gholdengo|Shadow Ball|p2a: Slowking
|-supereffective|p2a: Slowking
|-damage|p2a: Slowking|0 fnt
|faint|p2a: Slowking
|-damage|p1a: Gholdengo|81/100|[from] item: Life Orb
|move|p1b: Pelipper|Weather Ball|p2b: Baxcalibur
|-damage|p2b: Baxcalibur|0 fnt
|faint|p2b: Baxcalibur
|
|-weather|RainDance|[upkeep]
|upkeep
|
|t:|1756654276
|switch|p2b: Mienshao|Mienshao, L50, F, shiny|100/100
|switch|p2a: Cinderace|Cinderace, L50, F, shiny|100/100
|turn|5
|
|t:|1756654300
|move|p1a: Gholdengo|Make It Rain|p2b: Mienshao|[spread] p2a,p2b
|-resisted|p2a: Cinderace
|-damage|p2a: Cinderace|55/100
|-damage|p2b: Mienshao|0 fnt
|-unboost|p1a: Gholdengo|spa|1
|faint|p2b: Mienshao
|-damage|p1a: Gholdengo|71/100|[from] item: Life Orb
|move|p1b: Pelipper|Hurricane|p2a: Cinderace
|-crit|p2a: Cinderace
|-damage|p2a: Cinderace|0 fnt
|faint|p2a: Cinderace
|
|win|thebossadry
||Voltage Gaming101 is ready for game 2.
|inactive|thebossadry has 30 seconds to confirm battle start!
||thebossadry is ready for game 2.
|uhtml|next|Next: Game 2 of 3
