|j|☆adrinhoo
|j|☆Dragonite miss
|html|adrinhooDragonite miss    
|uhtml|bestof|Game 2 of a best-of-3
|t:|1755461506
|gametype|doubles
|player|p1|adrinhoo|pokekid|1327
|player|p2|Dragonite miss|170|1450
|gen|9
|tier|[Gen 9] VGC 2025 Reg H (Bo3)
|rated|
|rule|Species Clause: Limit one of each Pokémon
|rule|Item Clause: Limit 1 of each item
|clearpoke
|poke|p1|Archaludon, L50, M|
|poke|p1|Gholdengo, L50|
|poke|p1|Sinistcha, L50|
|poke|p1|Pelipper, L50, M|
|poke|p1|Ursaluna, L50, M|
|poke|p1|Dragonite, L50, F|
|poke|p2|Ursaluna-Bloodmoon, L50, M|
|poke|p2|Gholdengo, L50|
|poke|p2|Incineroar, L50, F|
|poke|p2|Clefable, L50, F|
|poke|p2|Dragonite, L50, M|
|poke|p2|Annihilape, L50, M|
|teampreview|4
|showteam|p1|Archaludon||AssaultVest|Stamina|FlashCannon,BodyPress,ElectroShot,Snarl|||M|||50|,,,,,Bug]Gholdengo||ChoiceScarf|GoodasGold|MakeItRain,ShadowBall,Trick,Protect||||||50|,,,,,Flying]Sinistcha||SitrusBerry|Hospitality|MatchaGotcha,LifeDew,RagePowder,TrickRoom||||||50|,,,,,Dark]Pelipper||FocusSash|Drizzle|Tailwind,Hurricane,WeatherBall,Protect|||M|||50|,,,,,Ghost]Ursaluna||FlameOrb|Guts|Facade,Earthquake,HeadlongRush,Protect|||M|||50|,,,,,Fairy]Dragonite||LoadedDice|Multiscale|ScaleShot,Tailwind,Haze,Protect|||F|||50|,,,,,Fairy
|showteam|p2|Ursaluna-Bloodmoon||AssaultVest|MindsEye|HyperVoice,EarthPower,BloodMoon,VacuumWave|||M|||50|,,,,,Water]Gholdengo||LifeOrb|GoodasGold|MakeItRain,ShadowBall,NastyPlot,Protect||||||50|,,,,,Water]Incineroar||SafetyGoggles|Intimidate|FlareBlitz,KnockOff,PartingShot,FakeOut|||F|||50|,,,,,Ghost]Clefable||SitrusBerry|Unaware|Moonblast,MistyTerrain,FollowMe,Protect|||F|||50|,,,,,Water]Dragonite||LoadedDice|Multiscale|ScaleShot,Tailwind,Haze,Protect|||M|||50|,,,,,Steel]Annihilape||FocusSash|Defiant|CloseCombat,RageFist,Coaching,FinalGambit|||M|||50|,,,,,Grass
|inactive|Battle timer is ON: inactive players will automatically lose when time's up. (requested by adrinhoo)
|
|t:|1755461532
|teamsize|p1|4
|teamsize|p2|4
|start
|switch|p1a: Pelipper|Pelipper, L50, M, shiny|100/100
|switch|p1b: Gholdengo|Gholdengo, L50|100/100
|switch|p2a: Annihilape|Annihilape, L50, M|100/100
|switch|p2b: Dragonite|Dragonite, L50, M|100/100
|-weather|RainDance|[from] ability: Drizzle|[of] p1a: Pelipper
|turn|1
|
|t:|1755461543
|move|p1b: Gholdengo|Trick|p2b: Dragonite
|-activate|p1b: Gholdengo|move: Trick|[of] p2b: Dragonite
|-item|p2b: Dragonite|Choice Scarf|[from] move: Trick
|-item|p1b: Gholdengo|Loaded Dice|[from] move: Trick
|move|p2b: Dragonite|Scale Shot|p1a: Pelipper
|-damage|p1a: Pelipper|82/100
|-damage|p1a: Pelipper|62/100
|-damage|p1a: Pelipper|42/100
|-damage|p1a: Pelipper|22/100
|-crit|p1a: Pelipper
|-damage|p1a: Pelipper|0 fnt
|faint|p1a: Pelipper
|-hitcount|p1: Pelipper|5
|-unboost|p2b: Dragonite|def|1
|-boost|p2b: Dragonite|spe|1
|move|p2a: Annihilape|Coaching|p2b: Dragonite
|-boost|p2b: Dragonite|atk|1
|-boost|p2b: Dragonite|def|1
|
|-weather|RainDance|[upkeep]
|upkeep
|
|t:|1755461567
|switch|p1a: Sinistcha|Sinistcha, L50|100/100
|turn|2
|
|t:|1755461588
|move|p2b: Dragonite|Scale Shot|p1a: Sinistcha
|-damage|p1a: Sinistcha|80/100
|-damage|p1a: Sinistcha|59/100
|-damage|p1a: Sinistcha|40/100
|-enditem|p1a: Sinistcha|Sitrus Berry|[eat]
|-heal|p1a: Sinistcha|65/100|[from] item: Sitrus Berry
|-hitcount|p1a: Sinistcha|3
|-unboost|p2b: Dragonite|def|1
|-boost|p2b: Dragonite|spe|1
|move|p2a: Annihilape|Rage Fist|p1a: Sinistcha
|-supereffective|p1a: Sinistcha
|-damage|p1a: Sinistcha|30/100
|move|p1b: Gholdengo|Trick|p2a: Annihilape
|-activate|p1b: Gholdengo|move: Trick|[of] p2a: Annihilape
|-item|p2a: Annihilape|Loaded Dice|[from] move: Trick
|-item|p1b: Gholdengo|Focus Sash|[from] move: Trick
|move|p1a: Sinistcha|Trick Room|p1a: Sinistcha
|-fieldstart|move: Trick Room|[of] p1a: Sinistcha
|
|-weather|RainDance|[upkeep]
|upkeep
|turn|3
|inactive|Dragonite miss has 30 seconds left.
|
|t:|1755461617
|move|p1a: Sinistcha|Life Dew|p1a: Sinistcha|[spread] p1a
|-immune|p1b: Gholdengo|[from] ability: Good as Gold
|-heal|p1a: Sinistcha|55/100
|move|p1b: Gholdengo|Shadow Ball|p2a: Annihilape
|-supereffective|p2a: Annihilape
|-damage|p2a: Annihilape|25/100
|move|p2a: Annihilape|Rage Fist|p1b: Gholdengo
|-supereffective|p1b: Gholdengo
|-crit|p1b: Gholdengo
|-enditem|p1b: Gholdengo|Focus Sash
|-damage|p1b: Gholdengo|1/100
|move|p2b: Dragonite|Scale Shot|p1a: Sinistcha
|-damage|p1a: Sinistcha|36/100
|-damage|p1a: Sinistcha|16/100
|-hitcount|p1a: Sinistcha|2
|-unboost|p2b: Dragonite|def|1
|-boost|p2b: Dragonite|spe|1
|
|-weather|RainDance|[upkeep]
|upkeep
|turn|4
|
|t:|1755461631
|switch|p1a: Ursaluna|Ursaluna, L50, M, shiny|100/100
|move|p1b: Gholdengo|Make It Rain|p2a: Annihilape|[spread] p2a,p2b
|-crit|p2a: Annihilape
|-damage|p2a: Annihilape|0 fnt
|-damage|p2b: Dragonite|78/100
|-unboost|p1b: Gholdengo|spa|1
|faint|p2a: Annihilape
|move|p2b: Dragonite|Scale Shot|p1a: Ursaluna
|-damage|p1a: Ursaluna|80/100
|-damage|p1a: Ursaluna|63/100
|-hitcount|p1a: Ursaluna|2
|-unboost|p2b: Dragonite|def|1
|-boost|p2b: Dragonite|spe|1
|
|-weather|RainDance|[upkeep]
|-status|p1a: Ursaluna|brn|[from] item: Flame Orb
|upkeep
|
|t:|1755461637
|switch|p2a: Ursaluna|Ursaluna-Bloodmoon, L50, M|100/100
|turn|5
|
|t:|1755461650
|switch|p1b: Sinistcha|Sinistcha, L50|16/100
|-heal|p1a: Ursaluna|88/100 brn|[from] ability: Hospitality|[of] p1b: Sinistcha
|-terastallize|p1a: Ursaluna|Fairy
|move|p2a: Ursaluna|Hyper Voice|p1b: Sinistcha|[spread] p1a,p1b
|-damage|p1a: Ursaluna|51/100 brn
|-damage|p1b: Sinistcha|0 fnt
|faint|p1b: Sinistcha
|move|p1a: Ursaluna|Facade|p2a: Ursaluna
|-damage|p2a: Ursaluna|8/100
|move|p2b: Dragonite|Scale Shot|p1a: Ursaluna
|-immune|p1a: Ursaluna
|
|-weather|none
|-damage|p1a: Ursaluna|45/100 brn|[from] brn
|upkeep
|
|t:|1755461660
|switch|p1b: Gholdengo|Gholdengo, L50|1/100
|turn|6
|
|t:|1755461675
|move|p2a: Ursaluna|Hyper Voice|p1a: Ursaluna|[spread] p1a,p1b
|-resisted|p1b: Gholdengo
|-damage|p1a: Ursaluna|10/100 brn
|-damage|p1b: Gholdengo|0 fnt
|faint|p1b: Gholdengo
|move|p1a: Ursaluna|Facade|p2a: Ursaluna
|-damage|p2a: Ursaluna|0 fnt
|faint|p2a: Ursaluna
|move|p2b: Dragonite|Scale Shot|p1a: Ursaluna
|-immune|p1a: Ursaluna
|
|-damage|p1a: Ursaluna|3/100 brn|[from] brn
|-fieldend|move: Trick Room
|upkeep
|
|t:|1755461678
|switch|p2a: Gholdengo|Gholdengo, L50|100/100
|turn|7
|
|t:|1755461682
|move|p2b: Dragonite|Scale Shot|p1a: Ursaluna
|-immune|p1a: Ursaluna
|move|p2a: Gholdengo|Make It Rain|p1a: Ursaluna
|-supereffective|p1a: Ursaluna
|-damage|p1a: Ursaluna|0 fnt
|-unboost|p2a: Gholdengo|spa|1
|faint|p1a: Ursaluna
|-damage|p2a: Gholdengo|91/100|[from] item: Life Orb
|
|win|Dragonite miss
|raw|adrinhoo's rating: 1327 → 1314(-13 for losing)
|raw|Dragonite miss's rating: 1450 → 1463(+13 for winning)
|l|☆adrinhoo
|player|p1|
