|j|☆Chelicerate1
|j|‽jacobeiro
|html|Chelicerate1jacobeiro    
|uhtml|bestof|Game 2 of a best-of-3
|t:|1784639027
|gametype|doubles
|player|p1|Chelicerate1|ethan|1338
|player|p2|jacobeiro|265|1228
|gen|9
|tier|[Gen 9 Champions] VGC 2026 Reg M-B (Bo3)
|rated|
|rule|Species Clause: Limit one of each Pokémon
|rule|Item Clause: Limit 1 of each item
|clearpoke
|poke|p1|Aerodactyl, L50, M|
|poke|p1|Charizard, L50, M|
|poke|p1|Incineroar, L50, M|
|poke|p1|Kingambit, L50, F|
|poke|p1|Sylveon, L50, M|
|poke|p1|Garchomp, L50, M|
|poke|p2|Sylveon, L50, F|
|poke|p2|Garchomp, L50, M|
|poke|p2|Aerodactyl, L50, F|
|poke|p2|Charizard, L50, M|
|poke|p2|Farigiraf, L50, M|
|poke|p2|Kingambit, L50, M|
|teampreview|4
|showteam|p1|Aerodactyl||Aerodactylite|Unnerve|RockSlide,DualWingbeat,WideGuard,Tailwind|Jolly||M|||50|]Charizard||CharizarditeY|Blaze|HeatWave,WeatherBall,SolarBeam,Protect|Modest||M|||50|]Incineroar||SitrusBerry|Intimidate|FlareBlitz,DarkestLariat,FakeOut,PartingShot|Impish||M|||50|]Kingambit||FocusSash|Defiant|KowtowCleave,IronHead,SuckerPunch,LowKick|Adamant||F|||50|]Sylveon||FairyFeather|Pixilate|HyperVoice,HyperBeam,QuickAttack,Detect|Modest||M|||50|]Garchomp||LifeOrb|RoughSkin|Earthquake,DragonClaw,RockSlide,Protect|Jolly||M|||50|
|showteam|p2|Sylveon||FairyFeather|Pixilate|HyperVoice,QuickAttack,Protect,HyperBeam|Quiet||F|||50|]Garchomp||LifeOrb|RoughSkin|DragonClaw,Earthquake,StompingTantrum,RockSlide|Jolly||M|||50|]Aerodactyl||Aerodactylite|Unnerve|RockSlide,Tailwind,DualWingbeat,IceFang|Jolly||F|||50|]Charizard||CharizarditeY|Blaze|HeatWave,WeatherBall,SolarBeam,Protect|Modest||M|||50|]Farigiraf||SitrusBerry|ArmorTail|Thunderbolt,Psychic,GrassKnot,TrickRoom|Quiet||M|||50|]Kingambit||ChopleBerry|Defiant|KowtowCleave,SuckerPunch,IronHead,LowKick|Adamant||M|||50|
|inactive|Battle timer is ON: inactive players will automatically lose when time's up. (requested by Chelicerate1)
|
|t:|1784639038
|teamsize|p1|4
|teamsize|p2|4
|start
|switch|p1a: Aerodactyl|Aerodactyl, L50, M|100/100
|switch|p1b: Kingambit|Kingambit, L50, F|100/100
|switch|p2a: Kingambit|Kingambit, L50, M|100/100
|switch|p2b: Aerodactyl|Aerodactyl, L50, F|100/100
|-ability|p1a: Aerodactyl|Unnerve
|-ability|p2b: Aerodactyl|Unnerve
|turn|1
|
|t:|1784639057
|switch|p1a: Garchomp|Garchomp, L50, M|100/100
|detailschange|p2b: Aerodactyl|Aerodactyl-Mega, L50, F
|-mega|p2b: Aerodactyl|Aerodactyl|Aerodactylite
|move|p2b: Aerodactyl|Tailwind|p2b: Aerodactyl
|-sidestart|p2: jacobeiro|move: Tailwind
|move|p2a: Kingambit|Iron Head|p1a: Garchomp
|-damage|p1a: Garchomp|49/100
|-damage|p2a: Kingambit|87/100|[from] ability: Rough Skin|[of] p1a: Garchomp
|move|p1b: Kingambit|Iron Head|p2b: Aerodactyl
|-supereffective|p2b: Aerodactyl|1
|-damage|p2b: Aerodactyl|0 fnt
|faint|p2b: Aerodactyl
|
|upkeep
|
|t:|1784639062
|switch|p2b: Sylveon|Sylveon, L50, F|100/100
|turn|2
|inactive|Chelicerate1 has 30 seconds left.
|
|t:|1784639087
|move|p1a: Garchomp|Protect|p1a: Garchomp
|-singleturn|p1a: Garchomp|Protect
|move|p2b: Sylveon|Hyper Voice|p1b: Kingambit|[spread] p1b
|-activate|p1a: Garchomp|move: Protect
|-damage|p1b: Kingambit|54/100
|move|p2a: Kingambit|Low Kick|p1b: Kingambit
|-supereffective|p1b: Kingambit|2
|-damage|p1b: Kingambit|0 fnt
|faint|p1b: Kingambit
|
|upkeep
|
|t:|1784639101
|switch|p1b: Aerodactyl|Aerodactyl, L50, M|100/100
|-ability|p1b: Aerodactyl|Unnerve
|turn|3
|
|t:|1784639112
|detailschange|p1b: Aerodactyl|Aerodactyl-Mega, L50, M
|-mega|p1b: Aerodactyl|Aerodactyl|Aerodactylite
|move|p1b: Aerodactyl|Tailwind|p1b: Aerodactyl
|-sidestart|p1: Chelicerate1|move: Tailwind
|move|p1a: Garchomp|Earthquake|p2b: Sylveon|[spread] p2a,p2b
|-immune|p1b: Aerodactyl
|-supereffective|p2a: Kingambit|1
|-damage|p2a: Kingambit|18/100
|-damage|p2b: Sylveon|42/100
|-damage|p1a: Garchomp|39/100|[from] item: Life Orb
|move|p2b: Sylveon|Hyper Voice|p1a: Garchomp|[spread] p1a,p1b
|-supereffective|p1a: Garchomp|1
|-damage|p1a: Garchomp|0 fnt
|-damage|p1b: Aerodactyl|46/100
|faint|p1a: Garchomp
|move|p2a: Kingambit|Iron Head|p1b: Aerodactyl
|-supereffective|p1b: Aerodactyl|1
|-damage|p1b: Aerodactyl|0 fnt
|faint|p1b: Aerodactyl
|
|upkeep
|
|t:|1784639119
|switch|p1b: Sylveon|Sylveon, L50, M|100/100
|turn|4
|
|t:|1784639130
|move|p1b: Sylveon|Detect|p1b: Sylveon
|-singleturn|p1b: Sylveon|Protect
|move|p2b: Sylveon|Hyper Voice|p1b: Sylveon
|-activate|p1b: Sylveon|move: Protect
|move|p2a: Kingambit|Iron Head|p1b: Sylveon
|-activate|p1b: Sylveon|move: Protect
|
|-sideend|p2: jacobeiro|move: Tailwind
|upkeep
|turn|5
|
|t:|1784639152
|move|p2b: Sylveon|Protect|p2b: Sylveon
|-singleturn|p2b: Sylveon|Protect
|move|p2a: Kingambit|Sucker Punch|p1b: Sylveon
|-resisted|p1b: Sylveon|1
|-damage|p1b: Sylveon|77/100
|move|p1b: Sylveon|Hyper Voice|p2a: Kingambit|[spread] p2a
|-activate|p2b: Sylveon|move: Protect
|-damage|p2a: Kingambit|0 fnt
|faint|p2a: Kingambit
|
|upkeep
|
|t:|1784639157
|switch|p2a: Garchomp|Garchomp, L50, M|100/100
|turn|6
|
|t:|1784639169
|move|p2b: Sylveon|Quick Attack|p1b: Sylveon
|-damage|p1b: Sylveon|61/100
|move|p1b: Sylveon|Hyper Voice|p2a: Garchomp|[spread] p2a,p2b
|-supereffective|p2a: Garchomp|1
|-damage|p2a: Garchomp|1/100
|-damage|p2b: Sylveon|9/100
|move|p2a: Garchomp|Earthquake|p1b: Sylveon|[spread] p2b,p1b
|-damage|p2b: Sylveon|0 fnt
|-damage|p1b: Sylveon|1/100
|faint|p2b: Sylveon
|-damage|p2a: Garchomp|0 fnt|[from] item: Life Orb
|faint|p2a: Garchomp
|
|win|Chelicerate1
|inactive|Chelicerate1 has 30 seconds to confirm battle start!
|inactive|jacobeiro has 30 seconds to confirm battle start!
