|j|☆rusted warrior
|j|☆ChinoTV
|html|rusted warriorChinoTV    
|uhtml|bestof|Game 1 of a best-of-3
|t:|1757630390
|gametype|doubles
|player|p1|rusted warrior|miku-ghost|1242
|player|p2|ChinoTV|red|1186
|gen|9
|tier|[Gen 9] VGC 2025 Reg H (Bo3)
|rated|
|rule|Species Clause: Limit one of each Pokémon
|rule|Item Clause: Limit 1 of each item
|clearpoke
|poke|p1|Gholdengo, L50|
|poke|p1|Incineroar, L50, M|
|poke|p1|Amoonguss, L50, F|
|poke|p1|Porygon2, L50|
|poke|p1|Ursaluna, L50, M|
|poke|p1|Dragonite, L50, M|
|poke|p2|Murkrow, L50, F|
|poke|p2|Sneasler, L50, F|
|poke|p2|Indeedee, L50, M|
|poke|p2|Tyranitar, L50, M|
|poke|p2|Volcarona, L50, F|
|poke|p2|Ursaluna-Bloodmoon, L50, M|
|teampreview|4
|showteam|p1|Gholdengo||LifeOrb|GoodasGold|MakeItRain,ShadowBall,NastyPlot,Protect||||||50|,,,,,Water]Incineroar||SafetyGoggles|Intimidate|KnockOff,FlareBlitz,FakeOut,PartingShot|||M|||50|,,,,,Ghost]Amoonguss||CovertCloak|Regenerator|RagePowder,PollenPuff,Protect,Spore|||F|||50|,,,,,Dark]Porygon2||Eviolite|Download|TeraBlast,IceBeam,TrickRoom,Recover||||||50|,,,,,Fighting]Ursaluna||FlameOrb|Guts|Facade,Earthquake,HeadlongRush,Protect|||M|||50|,,,,,Ghost]Dragonite||LoadedDice|Multiscale|ScaleShot,Tailwind,Protect,Haze|||M|||50|,,,,,Fairy
|showteam|p2|Murkrow||Eviolite|Prankster|FoulPlay,Haze,Tailwind,Taunt|||F|||50|,,,,,Ghost]Sneasler||WhiteHerb|Unburden|CloseCombat,Protect,DireClaw,ThroatChop|||F|||50|,,,,,Dark]Indeedee||FocusSash|PsychicSurge|ExpandingForce,Imprison,Protect,TrickRoom|||M|||50|,,,,,Fairy]Tyranitar||AssaultVest|SandStream|RockSlide,KnockOff,LowKick,TeraBlast|||M|||50|,,,,,Flying]Volcarona||SitrusBerry|FlameBody|RagePowder,StruggleBug,HeatWave,Tailwind|||F|||50|,,,,,Fairy]Ursaluna-Bloodmoon||LifeOrb|MindsEye|BloodMoon,EarthPower,Protect,HyperVoice|||M|||50|,,,,,Normal
|
|t:|1757630421
|teamsize|p1|4
|teamsize|p2|4
|start
|switch|p1a: Ursaluna|Ursaluna, L50, M|100/100
|switch|p1b: Dragonite|Dragonite, L50, M, shiny|100/100
|switch|p2a: Sneasler|Sneasler, L50, F, shiny|100/100
|switch|p2b: Indeedee|Indeedee, L50, M, shiny|100/100
|-fieldstart|move: Psychic Terrain|[from] ability: Psychic Surge|[of] p2b: Indeedee
|turn|1
|
|t:|1757630437
|switch|p1a: Incineroar|Incineroar, L50, M, shiny|100/100
|-ability|p1a: Incineroar|Intimidate|boost
|-unboost|p2a: Sneasler|atk|1
|-unboost|p2b: Indeedee|atk|1
|-enditem|p2a: Sneasler|White Herb
|-clearnegativeboost|p2a: Sneasler|[silent]
|move|p2a: Sneasler|Dire Claw|p1b: Dragonite
|-damage|p1b: Dragonite|75/100
|-status|p1b: Dragonite|par
|move|p2b: Indeedee|Expanding Force|p1a: Incineroar|[spread] p1b
|-immune|p1a: Incineroar
|-damage|p1b: Dragonite|23/100 par
|move|p1b: Dragonite|Tailwind|p1b: Dragonite
|-sidestart|p1: rusted warrior|move: Tailwind
|
|upkeep
|turn|2
|
|t:|1757630458
|move|p2b: Indeedee|Protect|p2b: Indeedee
|-singleturn|p2b: Indeedee|Protect
|move|p2a: Sneasler|Dire Claw|p1b: Dragonite
|-damage|p1b: Dragonite|0 fnt
|faint|p1b: Dragonite
|move|p1a: Incineroar|Knock Off|p2b: Indeedee
|-activate|p2b: Indeedee|move: Protect
|
|upkeep
|
|t:|1757630466
|switch|p1b: Ursaluna|Ursaluna, L50, M|100/100
|turn|3
|
|t:|1757630477
|move|p2a: Sneasler|Close Combat|p1a: Incineroar
|-supereffective|p1a: Incineroar
|-damage|p1a: Incineroar|0 fnt
|-unboost|p2a: Sneasler|def|1
|-unboost|p2a: Sneasler|spd|1
|faint|p1a: Incineroar
|move|p1b: Ursaluna|Headlong Rush|p2a: Sneasler
|-supereffective|p2a: Sneasler
|-damage|p2a: Sneasler|0 fnt
|-unboost|p1b: Ursaluna|def|1
|-unboost|p1b: Ursaluna|spd|1
|faint|p2a: Sneasler
|move|p2b: Indeedee|Expanding Force|p1b: Ursaluna
|-damage|p1b: Ursaluna|6/100
|
|-status|p1b: Ursaluna|brn|[from] item: Flame Orb
|upkeep
|
|t:|1757630492
|switch|p2a: Volcarona|Volcarona, L50, F, shiny|100/100
|switch|p1a: Gholdengo|Gholdengo, L50|100/100
|turn|4
|
|t:|1757630514
|switch|p2a: Ursaluna|Ursaluna-Bloodmoon, L50, M|100/100
|-terastallize|p1a: Gholdengo|Water
|move|p2b: Indeedee|Protect|p2b: Indeedee
|-singleturn|p2b: Indeedee|Protect
|move|p1a: Gholdengo|Nasty Plot|p1a: Gholdengo
|-boost|p1a: Gholdengo|spa|2
|move|p1b: Ursaluna|Headlong Rush|p2a: Ursaluna
|-damage|p2a: Ursaluna|18/100
|-unboost|p1b: Ursaluna|def|1
|-unboost|p1b: Ursaluna|spd|1
|
|-damage|p1b: Ursaluna|0 fnt|[from] brn
|faint|p1b: Ursaluna
|-sideend|p1: rusted warrior|move: Tailwind
|upkeep
|turn|5
|j| Arkhept
|l| Arkhept
|
|t:|1757630537
|switch|p2a: Volcarona|Volcarona, L50, F, shiny|100/100
|move|p2b: Indeedee|Expanding Force|p1a: Gholdengo
|-damage|p1a: Gholdengo|19/100
|move|p1a: Gholdengo|Make It Rain|p2b: Indeedee|[spread] p2a,p2b
|-resisted|p2a: Volcarona
|-damage|p2a: Volcarona|45/100
|-enditem|p2b: Indeedee|Focus Sash
|-damage|p2b: Indeedee|1/100
|-unboost|p1a: Gholdengo|spa|1
|-enditem|p2a: Volcarona|Sitrus Berry|[eat]
|-heal|p2a: Volcarona|70/100|[from] item: Sitrus Berry
|-damage|p1a: Gholdengo|10/100|[from] item: Life Orb
|
|-fieldend|move: Psychic Terrain
|upkeep
|turn|6
|
|t:|1757630554
|move|p2a: Volcarona|Struggle Bug|p1a: Gholdengo
|-damage|p1a: Gholdengo|0 fnt
|faint|p1a: Gholdengo
|
|win|ChinoTV
||rusted warrior is ready for game 2.
||ChinoTV is ready for game 2.
|uhtml|next|Next: Game 2 of 3
|l|☆ChinoTV
|player|p2|
