|j|☆walaye
|j|☆Ferran Tiburon
|html|walayeFerran Tiburon    
|uhtml|bestof|Game 1 of a best-of-3
|t:|1784713092
|gametype|doubles
|player|p1|walaye|chuck|1220
|player|p2|Ferran Tiburon|2|1268
|gen|9
|tier|[Gen 9 Champions] VGC 2026 Reg M-B (Bo3)
|rated|
|rule|Species Clause: Limit one of each Pokémon
|rule|Item Clause: Limit 1 of each item
|clearpoke
|poke|p1|Garchomp, L50, F|
|poke|p1|Sneasler, L50, M|
|poke|p1|Tyranitar, L50, M|
|poke|p1|Sinistcha, L50|
|poke|p1|Whimsicott, L50, M|
|poke|p1|Glimmora, L50, M|
|poke|p2|Charizard, L50, F|
|poke|p2|Garchomp, L50, M|
|poke|p2|Incineroar, L50, F|
|poke|p2|Venusaur, L50, F|
|poke|p2|Toxapex, L50, F|
|poke|p2|Sylveon, L50, F|
|teampreview|4
|showteam|p1|Garchomp||Garchompite|SandVeil|StompingTantrum,Protect,SwordsDance,RockSlide|Adamant||F|||50|]Sneasler||FocusSash|PoisonTouch|FakeOut,PoisonJab,Coaching,CloseCombat|Jolly||M|||50|]Tyranitar||ChoiceScarf|SandStream|RockSlide,KnockOff,LowKick,IcePunch|Jolly||M|||50|]Sinistcha||SitrusBerry|Hospitality|MatchaGotcha,LifeDew,RagePowder,Protect|Bold|||||50|]Whimsicott||FairyFeather|Prankster|Moonblast,Tailwind,Encore,Protect|Timid||M|||50|]Glimmora||Glimmoranite|ToxicDebris|EarthPower,PowerGem,SpikyShield,SludgeBomb|Timid||M|||50|
|showteam|p2|Charizard||CharizarditeY|SolarPower|WeatherBall,HeatWave,AncientPower,Protect|Modest||F|||50|]Garchomp||ChoiceScarf|RoughSkin|RockSlide,DragonClaw,Earthquake,StompingTantrum|Adamant||M|||50|]Incineroar||SitrusBerry|Intimidate|FlareBlitz,FakeOut,DarkestLariat,PartingShot|Impish||F|||50|]Venusaur||LifeOrb|Chlorophyll|SludgeBomb,LeafStorm,EarthPower,Protect|Modest||F|||50|]Toxapex||Leftovers|Regenerator|Infestation,Toxic,WideGuard,BanefulBunker|Bold||F|||50|]Sylveon||FairyFeather|Pixilate|HyperVoice,QuickAttack,Yawn,Detect|Modest||F|||50|
|inactive|Battle timer is ON: inactive players will automatically lose when time's up. (requested by Ferran Tiburon)
|inactive|Ferran Tiburon has 60 seconds left.
|inactive|Ferran Tiburon has 30 seconds left.
|inactive|Ferran Tiburon has 20 seconds left.
|inactive|Ferran Tiburon has 15 seconds left.
|inactive|Ferran Tiburon has 10 seconds left.
|inactive|Ferran Tiburon has 5 seconds left.
|
|t:|1784713181
|teamsize|p1|4
|teamsize|p2|4
|start
|switch|p1a: Garchomp|Garchomp, L50, F|100/100
|switch|p1b: Whimsicott|Whimsicott, L50, M|100/100
|switch|p2a: Toxapex|Toxapex, L50, F|100/100
|switch|p2b: Incineroar|Incineroar, L50, F|100/100
|-ability|p2b: Incineroar|Intimidate|boost
|-unboost|p1a: Garchomp|atk|1
|-unboost|p1b: Whimsicott|atk|1
|turn|1
|inactive|walaye has 30 seconds left.
|
|t:|1784713208
|detailschange|p1a: Garchomp|Garchomp-Mega, L50, F
|-mega|p1a: Garchomp|Garchomp|Garchompite
|move|p1b: Whimsicott|Protect|p1b: Whimsicott
|-singleturn|p1b: Whimsicott|Protect
|move|p1a: Garchomp|Protect|p1a: Garchomp
|-singleturn|p1a: Garchomp|Protect
|move|p2b: Incineroar|Fake Out|p1a: Garchomp
|-activate|p1a: Garchomp|move: Protect
|move|p2a: Toxapex|Toxic|p1b: Whimsicott
|-activate|p1b: Whimsicott|move: Protect
|
|upkeep
|turn|2
|
|t:|1784713228
|switch|p1b: Tyranitar|Tyranitar, L50, M|100/100
|-weather|Sandstorm|[from] ability: Sand Stream|[of] p1b: Tyranitar
|move|p1a: Garchomp|Swords Dance|p1a: Garchomp
|-boost|p1a: Garchomp|atk|2
|move|p2b: Incineroar|Flare Blitz|p1b: Tyranitar
|-resisted|p1b: Tyranitar|1
|-damage|p1b: Tyranitar|79/100
|-damage|p2b: Incineroar|94/100|[from] Recoil
|move|p2a: Toxapex|Toxic|p1b: Tyranitar
|-status|p1b: Tyranitar|tox
|
|-weather|Sandstorm|[upkeep]
|-damage|p2b: Incineroar|88/100|[from] Sandstorm
|-damage|p2a: Toxapex|94/100|[from] Sandstorm
|-heal|p2a: Toxapex|100/100|[from] item: Leftovers
|-damage|p1b: Tyranitar|73/100 tox|[from] psn
|upkeep
|turn|3
|
|t:|1784713249
|move|p1b: Tyranitar|Rock Slide|p2b: Incineroar|[spread] p2a,p2b
|-supereffective|p2b: Incineroar|1
|-damage|p2a: Toxapex|80/100
|-damage|p2b: Incineroar|43/100
|-enditem|p2b: Incineroar|Sitrus Berry|[eat]
|-heal|p2b: Incineroar|68/100|[from] item: Sitrus Berry
|move|p1a: Garchomp|Rock Slide|p2b: Incineroar|[spread] p2a
|-miss|p1a: Garchomp|p2b: Incineroar
|-damage|p2a: Toxapex|49/100
|move|p2b: Incineroar|Parting Shot|p1a: Garchomp
|-unboost|p1a: Garchomp|atk|1
|-unboost|p1a: Garchomp|spa|1
|
|t:|1784713262
|switch|p2b: Garchomp|Garchomp, L50, M|100/100|[from] Parting Shot
|cant|p2a: Toxapex|flinch
|
|-weather|Sandstorm|[upkeep]
|-damage|p2a: Toxapex|43/100|[from] Sandstorm
|-heal|p2a: Toxapex|49/100|[from] item: Leftovers
|-damage|p1b: Tyranitar|61/100 tox|[from] psn
|upkeep
|turn|4
|
|t:|1784713271
|switch|p1b: Sinistcha|Sinistcha, L50|100/100
|move|p1a: Garchomp|Protect|p1a: Garchomp
|-singleturn|p1a: Garchomp|Protect
|move|p2a: Toxapex|Wide Guard|p2a: Toxapex
|-singleturn|p2a: Toxapex|Wide Guard
|move|p2b: Garchomp|Earthquake|p1a: Garchomp|[spread] p1b
|-activate|p2a: Toxapex|move: Wide Guard
|-activate|p1a: Garchomp|move: Protect
|-resisted|p1b: Sinistcha|1
|-damage|p1b: Sinistcha|83/100
|
|-weather|Sandstorm|[upkeep]
|-damage|p1b: Sinistcha|76/100|[from] Sandstorm
|-damage|p2a: Toxapex|43/100|[from] Sandstorm
|-heal|p2a: Toxapex|49/100|[from] item: Leftovers
|upkeep
|turn|5
|inactive|walaye has 30 seconds left.
|
|t:|1784713299
|switch|p2b: Incineroar|Incineroar, L50, F|68/100
|-ability|p2b: Incineroar|Intimidate|boost
|-unboost|p1a: Garchomp|atk|1
|-unboost|p1b: Sinistcha|atk|1
|switch|p1b: Whimsicott|Whimsicott, L50, M|100/100
|move|p1a: Garchomp|Swords Dance|p1a: Garchomp
|-boost|p1a: Garchomp|atk|2
|move|p2a: Toxapex|Toxic|p1b: Whimsicott
|-status|p1b: Whimsicott|tox
|
|-weather|Sandstorm|[upkeep]
|-damage|p1b: Whimsicott|94/100 tox|[from] Sandstorm
|-damage|p2b: Incineroar|62/100|[from] Sandstorm
|-damage|p2a: Toxapex|43/100|[from] Sandstorm
|-heal|p2a: Toxapex|49/100|[from] item: Leftovers
|-damage|p1b: Whimsicott|88/100 tox|[from] psn
|upkeep
|turn|6
|
|t:|1784713317
|move|p2a: Toxapex|Baneful Bunker|p2a: Toxapex
|-singleturn|p2a: Toxapex|move: Protect
|move|p1b: Whimsicott|Tailwind|p1b: Whimsicott
|-sidestart|p1: walaye|move: Tailwind
|move|p1a: Garchomp|Swords Dance|p1a: Garchomp
|-boost|p1a: Garchomp|atk|2
|move|p2b: Incineroar|Parting Shot|p1a: Garchomp
|-unboost|p1a: Garchomp|atk|1
|-unboost|p1a: Garchomp|spa|1
|
|t:|1784713341
|switch|p2b: Charizard|Charizard, L50, F|100/100|[from] Parting Shot
|
|-weather|none
|-heal|p2a: Toxapex|54/100|[from] item: Leftovers
|-damage|p1b: Whimsicott|76/100 tox|[from] psn
|upkeep
|turn|7
|
|t:|1784713352
|move|p2a: Toxapex|Wide Guard|p2a: Toxapex
|-singleturn|p2a: Toxapex|Wide Guard
|move|p1b: Whimsicott|Encore|p2a: Toxapex
|-start|p2a: Toxapex|Encore
|move|p1a: Garchomp|Rock Slide|p2b: Charizard|[spread] 
|-activate|p2a: Toxapex|move: Wide Guard
|-activate|p2b: Charizard|move: Wide Guard
|move|p2b: Charizard|Heat Wave|p1a: Garchomp|[spread] p1a,p1b
|-resisted|p1a: Garchomp|1
|-supereffective|p1b: Whimsicott|1
|-damage|p1a: Garchomp|87/100
|-damage|p1b: Whimsicott|0 fnt
|faint|p1b: Whimsicott
|
|-heal|p2a: Toxapex|60/100|[from] item: Leftovers
|upkeep
|
|t:|1784713366
|switch|p1b: Tyranitar|Tyranitar, L50, M|61/100 tox
|-weather|Sandstorm|[from] ability: Sand Stream|[of] p1b: Tyranitar
|turn|8
|
|t:|1784713383
|detailschange|p2b: Charizard|Charizard-Mega-Y, L50, F
|-mega|p2b: Charizard|Charizard|Charizardite Y
|-weather|SunnyDay|[from] ability: Drought|[of] p2b: Charizard
|move|p2a: Toxapex|Wide Guard|p2a: Toxapex
|-singleturn|p2a: Toxapex|Wide Guard
|move|p1b: Tyranitar|Knock Off|p2b: Charizard
|-damage|p2b: Charizard|69/100
|move|p1a: Garchomp|Stomping Tantrum|p2a: Toxapex
|-supereffective|p2a: Toxapex|1
|-damage|p2a: Toxapex|0 fnt
|faint|p2a: Toxapex
|move|p2b: Charizard|Heat Wave|p1b: Tyranitar|[spread] p1a,p1b
|-resisted|p1a: Garchomp|1
|-resisted|p1b: Tyranitar|1
|-damage|p1a: Garchomp|60/100
|-damage|p1b: Tyranitar|33/100 tox
|
|-weather|SunnyDay|[upkeep]
|-damage|p1b: Tyranitar|27/100 tox|[from] psn
|upkeep
|
|t:|1784713402
|switch|p2a: Incineroar|Incineroar, L50, F|62/100
|-ability|p2a: Incineroar|Intimidate|boost
|-unboost|p1a: Garchomp|atk|1
|-unboost|p1b: Tyranitar|atk|1
|turn|9
|
|t:|1784713412
|switch|p1b: Sinistcha|Sinistcha, L50|76/100
|-heal|p1a: Garchomp|85/100|[from] ability: Hospitality|[of] p1b: Sinistcha
|move|p2b: Charizard|Protect|p2b: Charizard
|-singleturn|p2b: Charizard|Protect
|move|p1a: Garchomp|Rock Slide|p2a: Incineroar|[spread] 
|-activate|p2b: Charizard|move: Protect
|-miss|p1a: Garchomp|p2a: Incineroar
|move|p2a: Incineroar|Parting Shot|p1b: Sinistcha
|-unboost|p1b: Sinistcha|atk|1
|-unboost|p1b: Sinistcha|spa|1
|
|t:|1784713417
|switch|p2a: Garchomp|Garchomp, L50, M|100/100|[from] Parting Shot
|
|-weather|SunnyDay|[upkeep]
|-sideend|p1: walaye|move: Tailwind
|upkeep
|turn|10
|
|t:|1784713440
|switch|p2b: Incineroar|Incineroar, L50, F|62/100
|-ability|p2b: Incineroar|Intimidate|boost
|-unboost|p1a: Garchomp|atk|1
|-unboost|p1b: Sinistcha|atk|1
|move|p1b: Sinistcha|Rage Powder|p1b: Sinistcha
|-singleturn|p1b: Sinistcha|move: Rage Powder
|move|p2a: Garchomp|Dragon Claw|p1b: Sinistcha
|-crit|p1b: Sinistcha
|-damage|p1b: Sinistcha|26/100
|-enditem|p1b: Sinistcha|Sitrus Berry|[eat]
|-heal|p1b: Sinistcha|51/100|[from] item: Sitrus Berry
|move|p1a: Garchomp|Rock Slide|p2b: Incineroar|[spread] p2a,p2b
|-resisted|p2a: Garchomp|1
|-supereffective|p2b: Incineroar|1
|-damage|p2a: Garchomp|87/100
|-damage|p2b: Incineroar|23/100
|
|-weather|SunnyDay|[upkeep]
|upkeep
|turn|11
|
|t:|1784713459
|move|p1a: Garchomp|Protect|p1a: Garchomp
|-singleturn|p1a: Garchomp|Protect
|move|p1b: Sinistcha|Protect|p1b: Sinistcha
|-singleturn|p1b: Sinistcha|Protect
|move|p2b: Incineroar|Fake Out|p1a: Garchomp
|-activate|p1a: Garchomp|move: Protect
|move|p2a: Garchomp|Dragon Claw|p1b: Sinistcha
|-activate|p1b: Sinistcha|move: Protect
|
|-weather|SunnyDay|[upkeep]
|upkeep
|turn|12
|
|t:|1784713473
|move|p1b: Sinistcha|Rage Powder|p1b: Sinistcha
|-singleturn|p1b: Sinistcha|move: Rage Powder
|move|p2a: Garchomp|Dragon Claw|p1b: Sinistcha
|-damage|p1b: Sinistcha|15/100
|move|p1a: Garchomp|Rock Slide|p2b: Incineroar|[spread] p2a
|-miss|p1a: Garchomp|p2b: Incineroar
|-resisted|p2a: Garchomp|1
|-damage|p2a: Garchomp|77/100
|move|p2b: Incineroar|Flare Blitz|p1b: Sinistcha
|-supereffective|p1b: Sinistcha|1
|-damage|p1b: Sinistcha|0 fnt
|faint|p1b: Sinistcha
|-damage|p2b: Incineroar|19/100|[from] Recoil
|
|-weather|none
|upkeep
|
|t:|1784713486
|switch|p1b: Tyranitar|Tyranitar, L50, M|27/100 tox
|-weather|Sandstorm|[from] ability: Sand Stream|[of] p1b: Tyranitar
|turn|13
|inactive|Ferran Tiburon has 30 seconds left.
|
|t:|1784713515
|switch|p2a: Charizard|Charizard-Mega-Y, L50, F|69/100
|-weather|SunnyDay|[from] ability: Drought|[of] p2a: Charizard
|move|p1b: Tyranitar|Ice Punch|p2a: Charizard
|-crit|p2a: Charizard
|-damage|p2a: Charizard|34/100
|move|p1a: Garchomp|Rock Slide|p2b: Incineroar|[spread] p2a,p2b
|-supereffective|p2a: Charizard|2
|-supereffective|p2b: Incineroar|1
|-damage|p2a: Charizard|0 fnt
|-damage|p2b: Incineroar|0 fnt
|faint|p2a: Charizard
|faint|p2b: Incineroar
|
|-weather|SunnyDay|[upkeep]
|-damage|p1b: Tyranitar|20/100y tox|[from] psn
|upkeep
|
|t:|1784713524
|switch|p2b: Garchomp|Garchomp, L50, M|77/100
|turn|14
|
|t:|1784713532
|move|p2b: Garchomp|Earthquake|p1b: Tyranitar|[spread] p1a,p1b
|-supereffective|p1b: Tyranitar|1
|-damage|p1a: Garchomp|56/100
|-damage|p1b: Tyranitar|0 fnt
|faint|p1b: Tyranitar
|move|p1a: Garchomp|Rock Slide|p2b: Garchomp
|-resisted|p2b: Garchomp|1
|-damage|p2b: Garchomp|61/100
|
|-weather|SunnyDay|[upkeep]
|upkeep
|turn|15
|
|t:|1784713543
|move|p2b: Garchomp|Earthquake|p1a: Garchomp
|-damage|p1a: Garchomp|15/100
|move|p1a: Garchomp|Swords Dance|p1a: Garchomp
|-boost|p1a: Garchomp|atk|2
|
|-weather|SunnyDay|[upkeep]
|upkeep
|turn|16
|-message|walaye forfeited.
|
|win|Ferran Tiburon
|l|☆walaye
|player|p1|
||Ferran Tiburon is ready for game 2.
||walaye is ready for game 2.
|uhtml|next|Next: Game 2 of 3
