|j|☆PerishingSongVGC
|j|☆ChimpDoppio
|html|PerishingSongVGCChimpDoppio    
|uhtml|bestof|Game 2 of a best-of-3
|t:|1756893226
|gametype|doubles
|player|p1|PerishingSongVGC|1|1072
|player|p2|ChimpDoppio|ingo|1000
|gen|9
|tier|[Gen 9] VGC 2025 Reg H (Bo3)
|rated|
|rule|Species Clause: Limit one of each Pokémon
|rule|Item Clause: Limit 1 of each item
|clearpoke
|poke|p1|Gothitelle, L50, F|
|poke|p1|Politoed, L50, M|
|poke|p1|Rillaboom, L50, M|
|poke|p1|Incineroar, L50, F|
|poke|p1|Flamigo, L50, M|
|poke|p1|Gholdengo, L50|
|poke|p2|Porygon2, L50|
|poke|p2|Ursaluna, L50, F|
|poke|p2|Volcarona, L50, F|
|poke|p2|Grimmsnarl, L50, M|
|poke|p2|Annihilape, L50, M|
|poke|p2|Hydreigon, L50, F|
|teampreview|4
|showteam|p1|Gothitelle||SitrusBerry|ShadowTag|Psychic,Hypnosis,FakeOut,Protect|||F|||50|,,,,,Dragon]Politoed||MentalHerb|Drizzle|MuddyWater,Haze,PerishSong,Protect|||M|||50|,,,,,Grass]Rillaboom||AssaultVest|GrassySurge|WoodHammer,GrassyGlide,Uturn,FakeOut|||M|||50|,,,,,Fire]Incineroar||SafetyGoggles|Intimidate|FakeOut,PartingShot,KnockOff,FlareBlitz|||F|||50|,,,,,Ghost]Flamigo||LifeOrb|Scrappy|CloseCombat,BraveBird,ThroatChop,Protect|||M|||50|,,,,,Steel]Gholdengo||ChoiceSpecs|GoodasGold|MakeItRain,ShadowBall,PowerGem,SteelBeam||||||50|,,,,,Steel
|showteam|p2|Porygon2||Eviolite|Download|IceBeam,TeraBlast,Recover,TrickRoom||||||50|,,,,,Flying]Ursaluna||FlameOrb|Guts|Facade,Earthquake,HeadlongRush,Protect|||F|||50|,,,,,Ghost]Volcarona||SitrusBerry|FlameBody|GigaDrain,HeatWave,QuiverDance,RagePowder|||F|||50|,,,,,Dragon]Grimmsnarl||LightClay|Prankster|SpiritBreak,Reflect,LightScreen,PartingShot|||M|||50|,,,,,Ghost]Annihilape||SafetyGoggles|Defiant|Protect,BulkUp,DrainPunch,RageFist|||M|||50|,,,,,Water]Hydreigon||AssaultVest|Levitate|DracoMeteor,DarkPulse,EarthPower,FlashCannon|||F|||50|,,,,,Steel
|inactive|Battle timer is ON: inactive players will automatically lose when time's up. (requested by ChimpDoppio)
|inactive|ChimpDoppio has 60 seconds left.
|inactive|ChimpDoppio has 30 seconds left.
|
|t:|1756893295
|teamsize|p1|4
|teamsize|p2|4
|start
|switch|p1a: Politoed|Politoed, L50, M|100/100
|switch|p1b: Gothitelle|Gothitelle, L50, F|100/100
|switch|p2a: Annihilape|Annihilape, L50, M, shiny|100/100
|switch|p2b: Volcarona|Volcarona, L50, F, shiny|100/100
|-weather|RainDance|[from] ability: Drizzle|[of] p1a: Politoed
|turn|1
|
|t:|1756893320
|move|p2b: Volcarona|Quiver Dance|p2b: Volcarona
|-boost|p2b: Volcarona|spa|1
|-boost|p2b: Volcarona|spd|1
|-boost|p2b: Volcarona|spe|1
|move|p2a: Annihilape|Rage Fist|p1b: Gothitelle
|-supereffective|p1b: Gothitelle
|-crit|p1b: Gothitelle
|-damage|p1b: Gothitelle|43/100
|-enditem|p1b: Gothitelle|Sitrus Berry|[eat]
|-heal|p1b: Gothitelle|68/100|[from] item: Sitrus Berry
|move|p1a: Politoed|Perish Song|p1a: Politoed
|-start|p1a: Politoed|perish3|[silent]
|-start|p1b: Gothitelle|perish3|[silent]
|-start|p2a: Annihilape|perish3|[silent]
|-start|p2b: Volcarona|perish3|[silent]
|-fieldactivate|move: Perish Song
|move|p1b: Gothitelle|Psychic|p2a: Annihilape
|-supereffective|p2a: Annihilape
|-damage|p2a: Annihilape|59/100
|
|-weather|RainDance|[upkeep]
|-start|p2b: Volcarona|perish3
|-start|p2a: Annihilape|perish3
|-start|p1a: Politoed|perish3
|-start|p1b: Gothitelle|perish3
|upkeep
|turn|2
|
|t:|1756893342
|switch|p1b: Incineroar|Incineroar, L50, F|100/100
|-ability|p1b: Incineroar|Intimidate|boost
|-unboost|p2a: Annihilape|atk|1
|-ability|p2a: Annihilape|Defiant|boost
|-boost|p2a: Annihilape|atk|2
|-unboost|p2b: Volcarona|atk|1
|move|p2b: Volcarona|Giga Drain|p1a: Politoed
|-supereffective|p1a: Politoed
|-damage|p1a: Politoed|38/100
|move|p2a: Annihilape|Rage Fist|p1b: Incineroar
|-resisted|p1b: Incineroar
|-damage|p1b: Incineroar|71/100
|move|p1a: Politoed|Muddy Water|p2a: Annihilape|[spread] p2a,p2b
|-supereffective|p2b: Volcarona
|-damage|p2a: Annihilape|36/100
|-damage|p2b: Volcarona|65/100
|-unboost|p2a: Annihilape|accuracy|1
|-ability|p2a: Annihilape|Defiant|boost
|-boost|p2a: Annihilape|atk|2
|
|-weather|RainDance|[upkeep]
|-start|p2b: Volcarona|perish2
|-start|p2a: Annihilape|perish2
|-start|p1a: Politoed|perish2
|upkeep
|turn|3
|
|t:|1756893365
|switch|p1a: Gothitelle|Gothitelle, L50, F|68/100
|move|p1b: Incineroar|Fake Out|p2b: Volcarona
|-damage|p2b: Volcarona|55/100
|cant|p2b: Volcarona|flinch
|move|p2a: Annihilape|Drain Punch|p1b: Incineroar|[miss]
|-miss|p2a: Annihilape|p1b: Incineroar
|
|-weather|RainDance|[upkeep]
|-start|p2b: Volcarona|perish1
|-start|p2a: Annihilape|perish1
|upkeep
|turn|4
|
|t:|1756893390
|switch|p2a: Ursaluna|Ursaluna, L50, F|100/100
|switch|p1b: Politoed|Politoed, L50, M|38/100
|move|p1a: Gothitelle|Protect|p1a: Gothitelle
|-singleturn|p1a: Gothitelle|Protect
|move|p2b: Volcarona|Rage Powder|p2b: Volcarona
|-singleturn|p2b: Volcarona|move: Rage Powder
|
|-weather|RainDance|[upkeep]
|-start|p2b: Volcarona|perish0
|-status|p2a: Ursaluna|brn|[from] item: Flame Orb
|faint|p2b: Volcarona
|upkeep
|
|t:|1756893400
|switch|p2b: Annihilape|Annihilape, L50, M, shiny|36/100
|turn|5
|
|t:|1756893410
|move|p2b: Annihilape|Rage Fist|p1b: Politoed
|-damage|p1b: Politoed|0 fnt
|faint|p1b: Politoed
|move|p1a: Gothitelle|Psychic|p2b: Annihilape
|-supereffective|p2b: Annihilape
|-damage|p2b: Annihilape|0 fnt
|faint|p2b: Annihilape
|move|p2a: Ursaluna|Facade|p1a: Gothitelle
|-damage|p1a: Gothitelle|0 fnt
|faint|p1a: Gothitelle
|
|-weather|none
|-damage|p2a: Ursaluna|95/100 brn|[from] brn
|upkeep
|
|t:|1756893419
|switch|p2b: Hydreigon|Hydreigon, L50, F|100/100
|switch|p1b: Flamigo|Flamigo, L50, M|100/100
|switch|p1a: Incineroar|Incineroar, L50, F|71/100
|-ability|p1a: Incineroar|Intimidate|boost
|-unboost|p2a: Ursaluna|atk|1
|-unboost|p2b: Hydreigon|atk|1
|turn|6
|inactive|ChimpDoppio has 30 seconds left.
|
|t:|1756893447
|-terastallize|p2a: Ursaluna|Ghost
|move|p1a: Incineroar|Fake Out|p2a: Ursaluna
|-immune|p2a: Ursaluna
|move|p1b: Flamigo|Close Combat|p2b: Hydreigon
|-supereffective|p2b: Hydreigon
|-damage|p2b: Hydreigon|0 fnt
|-unboost|p1b: Flamigo|def|1
|-unboost|p1b: Flamigo|spd|1
|faint|p2b: Hydreigon
|-damage|p1b: Flamigo|91/100|[from] item: Life Orb
|move|p2a: Ursaluna|Headlong Rush|p1a: Incineroar
|-supereffective|p1a: Incineroar
|-damage|p1a: Incineroar|0 fnt
|-unboost|p2a: Ursaluna|def|1
|-unboost|p2a: Ursaluna|spd|1
|faint|p1a: Incineroar
|
|-damage|p2a: Ursaluna|89/100 brn|[from] brn
|upkeep
|turn|7
|
|t:|1756893461
|move|p1b: Flamigo|Throat Chop|p2a: Ursaluna
|-supereffective|p2a: Ursaluna
|-damage|p2a: Ursaluna|26/100 brn
|-start|p2a: Ursaluna|Throat Chop|[silent]
|-damage|p1b: Flamigo|81/100|[from] item: Life Orb
|move|p2a: Ursaluna|Facade|p1b: Flamigo
|-damage|p1b: Flamigo|0 fnt
|faint|p1b: Flamigo
|
|win|ChimpDoppio
||PerishingSongVGC is ready for game 3.
|inactive|ChimpDoppio has 30 seconds to confirm battle start!
|inactive|ChimpDoppio has 20 seconds to confirm battle start!
||ChimpDoppio is ready for game 3.
|uhtml|next|Next: Game 3 of 3
|l|☆PerishingSongVGC
|player|p1|
