|j|☆r4ka
|j|☆gimunino
|html|r4kagimunino    
|uhtml|bestof|Game 3 of a best-of-3
|t:|1755426049
|gametype|doubles
|player|p1|r4ka|265|1122
|player|p2|gimunino|blue|1212
|gen|9
|tier|[Gen 9] VGC 2025 Reg H (Bo3)
|rated|
|rule|Species Clause: Limit one of each Pokémon
|rule|Item Clause: Limit 1 of each item
|clearpoke
|poke|p1|Rillaboom, L50, M|
|poke|p1|Dragonite, L50, M|
|poke|p1|Sneasler, L50, M|
|poke|p1|Kingambit, L50, F|
|poke|p1|Electabuzz, L50, M|
|poke|p1|Volcarona, L50, F|
|poke|p2|Primarina, L50, F|
|poke|p2|Tyranitar, L50, F|
|poke|p2|Talonflame, L50, M|
|poke|p2|Garchomp, L50, M|
|poke|p2|Amoonguss, L50, M|
|poke|p2|Gholdengo, L50|
|teampreview|4
|showteam|p1|Rillaboom||AssaultVest|GrassySurge|FakeOut,Uturn,WoodHammer,GrassyGlide|||M|||50|,,,,,Fire]Dragonite||LoadedDice|Multiscale|ExtremeSpeed,ScaleShot,Protect,Haze|||M|||50|,,,,,Fairy]Sneasler||FocusSash|PoisonTouch|DireClaw,CloseCombat,FakeOut,Coaching|||M|||50|,,,,,Stellar]Kingambit||BlackGlasses|Defiant|KowtowCleave,SuckerPunch,SwordsDance,Protect|||F|||50|,,,,,Dark]Electabuzz||Eviolite|VitalSpirit|Thunderbolt,Taunt,Protect,FollowMe|||M|||50|,,,,,Ghost]Volcarona||Leftovers|FlameBody|HeatWave,TeraBlast,QuiverDance,Protect|||F|||50|,,,,,Fairy
|showteam|p2|Primarina||MysticWater|LiquidVoice|HyperVoice,Moonblast,Haze,Protect|||F|||50|,,,,,Poison]Tyranitar||AssaultVest|SandStream|RockSlide,KnockOff,LowKick,TeraBlast|||F|||50|,,,,,Flying]Talonflame||CovertCloak|GaleWings|BraveBird,Tailwind,WillOWisp,Taunt|||M|||50|,,,,,Ghost]Garchomp||LifeOrb|RoughSkin|StompingTantrum,Earthquake,DragonClaw,Protect|||M|||50|,,,,,Steel]Amoonguss||SitrusBerry|Regenerator|PollenPuff,Spore,RagePowder,Protect|||M|||50|,,,,,Water]Gholdengo||MetalCoat|GoodasGold|MakeItRain,ShadowBall,NastyPlot,Protect||||||50|,,,,,Flying
|
|t:|1755426111
|teamsize|p1|4
|teamsize|p2|4
|start
|switch|p1a: Electabuzz|Electabuzz, L50, M|100/100
|switch|p1b: Kingambit|Kingambit, L50, F|100/100
|switch|p2a: Tyranitar|Tyranitar, L50, F|100/100
|switch|p2b: Talonflame|Talonflame, L50, M|100/100
|-weather|Sandstorm|[from] ability: Sand Stream|[of] p2a: Tyranitar
|turn|1
|
|t:|1755426142
|switch|p2a: Garchomp|Garchomp, L50, M|100/100
|move|p1a: Electabuzz|Follow Me|p1a: Electabuzz
|-singleturn|p1a: Electabuzz|move: Follow Me
|move|p2b: Talonflame|Taunt|p1a: Electabuzz
|-start|p1a: Electabuzz|move: Taunt
|move|p1b: Kingambit|Swords Dance|p1b: Kingambit
|-boost|p1b: Kingambit|atk|2
|
|-weather|Sandstorm|[upkeep]
|-damage|p2b: Talonflame|95/100|[from] Sandstorm
|-damage|p1a: Electabuzz|94/100|[from] Sandstorm
|upkeep
|turn|2
|
|t:|1755426215
|switch|p1a: Rillaboom|Rillaboom, L50, M|100/100
|-fieldstart|move: Grassy Terrain|[from] ability: Grassy Surge|[of] p1a: Rillaboom
|move|p1b: Kingambit|Protect|p1b: Kingambit
|-singleturn|p1b: Kingambit|Protect
|move|p2b: Talonflame|Brave Bird|p1a: Rillaboom
|-supereffective|p1a: Rillaboom
|-damage|p1a: Rillaboom|10/100
|-damage|p2b: Talonflame|55/100|[from] Recoil
|move|p2a: Garchomp|Earthquake|p1a: Rillaboom|[spread] p1a
|-activate|p1b: Kingambit|move: Protect
|-immune|p2b: Talonflame
|-resisted|p1a: Rillaboom
|-damage|p1a: Rillaboom|0 fnt
|faint|p1a: Rillaboom
|-damage|p2a: Garchomp|91/100|[from] item: Life Orb
|
|-weather|Sandstorm|[upkeep]
|-damage|p2b: Talonflame|49/100|[from] Sandstorm
|-heal|p2a: Garchomp|97/100|[from] Grassy Terrain
|upkeep
|
|t:|1755426233
|switch|p1a: Sneasler|Sneasler, L50, M|100/100
|turn|3
|
|t:|1755426279
|switch|p2a: Tyranitar|Tyranitar, L50, F|100/100
|-terastallize|p1b: Kingambit|Dark
|move|p1b: Kingambit|Sucker Punch||[still]
|-fail|p1b: Kingambit
|move|p2b: Talonflame|Will-O-Wisp|p1b: Kingambit
|-status|p1b: Kingambit|brn
|move|p1a: Sneasler|Dire Claw|p2b: Talonflame
|-damage|p2b: Talonflame|0 fnt
|faint|p2b: Talonflame
|
|-weather|Sandstorm|[upkeep]
|-damage|p1a: Sneasler|95/100|[from] Sandstorm
|-damage|p1b: Kingambit|95/100 brn|[from] Sandstorm
|-heal|p1a: Sneasler|100/100|[from] Grassy Terrain
|-heal|p1b: Kingambit|100/100 brn|[from] Grassy Terrain
|-damage|p1b: Kingambit|95/100 brn|[from] brn
|upkeep
|
|t:|1755426340
|switch|p2b: Garchomp|Garchomp, L50, M|97/100
|turn|4
|
|t:|1755426370
|-terastallize|p2a: Tyranitar|Flying
|move|p2b: Garchomp|Protect|p2b: Garchomp
|-singleturn|p2b: Garchomp|Protect
|move|p1a: Sneasler|Coaching|p1b: Kingambit
|-boost|p1b: Kingambit|atk|1
|-boost|p1b: Kingambit|def|1
|move|p2a: Tyranitar|Tera Blast|p1a: Sneasler|[anim] Tera Blast Flying
|-supereffective|p1a: Sneasler
|-enditem|p1a: Sneasler|Focus Sash
|-damage|p1a: Sneasler|1/100
|move|p1b: Kingambit|Swords Dance|p1b: Kingambit
|-boost|p1b: Kingambit|atk|2
|
|-weather|Sandstorm|[upkeep]
|-damage|p1a: Sneasler|0 fnt|[from] Sandstorm
|-damage|p2a: Tyranitar|95/100|[from] Sandstorm
|-damage|p1b: Kingambit|89/100 brn|[from] Sandstorm
|faint|p1a: Sneasler
|-heal|p2b: Garchomp|100/100|[from] Grassy Terrain
|-heal|p1b: Kingambit|95/100 brn|[from] Grassy Terrain
|-damage|p1b: Kingambit|89/100 brn|[from] brn
|upkeep
|
|t:|1755426388
|switch|p1a: Electabuzz|Electabuzz, L50, M|94/100
|turn|5
|
|t:|1755426411
|switch|p2b: Amoonguss|Amoonguss, L50, M|100/100
|move|p1b: Kingambit|Sucker Punch||[still]
|-fail|p1b: Kingambit
|move|p1a: Electabuzz|Thunderbolt|p2a: Tyranitar
|-supereffective|p2a: Tyranitar
|-damage|p2a: Tyranitar|59/100
|-status|p2a: Tyranitar|par
|move|p2a: Tyranitar|Knock Off|p1a: Electabuzz
|-damage|p1a: Electabuzz|37/100
|-enditem|p1a: Electabuzz|Eviolite|[from] move: Knock Off|[of] p2a: Tyranitar
|
|-weather|none
|-heal|p1a: Electabuzz|43/100|[from] Grassy Terrain
|-heal|p1b: Kingambit|95/100 brn|[from] Grassy Terrain
|-damage|p1b: Kingambit|89/100 brn|[from] brn
|upkeep
|turn|6
|
|t:|1755426438
|move|p2b: Amoonguss|Protect|p2b: Amoonguss
|-singleturn|p2b: Amoonguss|Protect
|move|p1a: Electabuzz|Taunt|p2b: Amoonguss
|-activate|p2b: Amoonguss|move: Protect
|move|p1b: Kingambit|Kowtow Cleave|p2a: Tyranitar
|-damage|p2a: Tyranitar|0 fnt
|faint|p2a: Tyranitar
|
|-heal|p1a: Electabuzz|49/100|[from] Grassy Terrain
|-heal|p1b: Kingambit|95/100 brn|[from] Grassy Terrain
|-damage|p1b: Kingambit|89/100 brn|[from] brn
|-fieldend|move: Grassy Terrain
|upkeep
|
|t:|1755426446
|switch|p2a: Garchomp|Garchomp, L50, M|100/100
|turn|7
|
|t:|1755426491
|move|p1a: Electabuzz|Protect|p1a: Electabuzz
|-singleturn|p1a: Electabuzz|Protect
|move|p2b: Amoonguss|Rage Powder|p2b: Amoonguss
|-singleturn|p2b: Amoonguss|move: Rage Powder
|move|p2a: Garchomp|Earthquake|p1a: Electabuzz|[spread] p2b,p1b
|-activate|p1a: Electabuzz|move: Protect
|-damage|p2b: Amoonguss|61/100
|-damage|p1b: Kingambit|63/100 brn
|-damage|p2a: Garchomp|91/100|[from] item: Life Orb
|move|p1b: Kingambit|Kowtow Cleave|p2b: Amoonguss
|-damage|p2b: Amoonguss|0 fnt
|faint|p2b: Amoonguss
|
|-damage|p1b: Kingambit|57/100 brn|[from] brn
|upkeep
|turn|8
|
|t:|1755426510
|move|p1a: Electabuzz|Follow Me|p1a: Electabuzz
|-singleturn|p1a: Electabuzz|move: Follow Me
|move|p1b: Kingambit|Sucker Punch|p2a: Garchomp
|-damage|p2a: Garchomp|0 fnt
|-damage|p1b: Kingambit|45/100 brn|[from] ability: Rough Skin|[of] p2a: Garchomp
|faint|p2a: Garchomp
|
|win|r4ka
|raw|r4ka's rating: 1122 → 1153(+31 for winning)
|raw|gimunino's rating: 1212 → 1181(-31 for losing)
|l|☆gimunino
|player|p2|
