|j|☆hunterdrago
|j|☆lucia_tortuga
|html|hunterdragolucia_tortuga    
|uhtml|bestof|Game 1 of a best-of-3
|t:|1757780691
|gametype|doubles
|player|p1|hunterdrago|rosa|
|player|p2|lucia_tortuga|veteranf|
|gen|9
|tier|[Gen 9] VGC 2025 Reg H (Bo3)
|rule|Tera Type Preview: Tera Types are shown at Team Preview
|rule|Species Clause: Limit one of each Pokémon
|rule|Item Clause: Limit 1 of each item
|raw|2 custom rules: Tera Type Preview, !Force Open Team Sheets
|clearpoke
|poke|p1|Basculegion-F, L50, F|
|poke|p1|Illumise, L50, F|
|poke|p1|Ursaluna-Bloodmoon, L50, M|
|poke|p1|Hariyama, L50, F|
|poke|p1|Sinistcha-Masterpiece, L50|
|poke|p1|Magmortar, L50, M|
|poke|p2|Meowstic, L50, M|
|poke|p2|Lurantis, L50, F|
|poke|p2|Lanturn, L50, F|
|poke|p2|Baxcalibur, L50, F|
|poke|p2|Scrafty, L50, M|
|poke|p2|Houndoom, L50, F|
|raw|hunterdrago's Tera Types: /  /  /  /  / 
|raw|lucia_tortuga's Tera Types: /  /  /  /  / 
|teampreview|4
|c|☆hunterdrago|GL HF!!!
|c|☆hunterdrago|timer or no timer?
|j| Criee
|c|☆lucia_tortuga|no timer
|c|☆lucia_tortuga|and glhf
|c|☆hunterdrago|kk
|c|☆hunterdrago|r!
|
|t:|1757780750
|teamsize|p1|4
|teamsize|p2|4
|start
|switch|p1a: da fis|Basculegion-F, L50, F|100/100
|switch|p1b: Big Hands|Hariyama, L50, F|100/100
|switch|p2a: Meowstic|Meowstic, L50, M, shiny|100/100
|switch|p2b: Lurantis|Lurantis, L50, F, shiny|100/100
|turn|1
|
|t:|1757780778
|move|p1b: Big Hands|Fake Out|p2b: Lurantis
|-damage|p2b: Lurantis|82/100
|-damage|p1b: Big Hands|84/100|[from] item: Rocky Helmet|[of] p2b: Lurantis
|move|p2a: Meowstic|Psychic Terrain|p2a: Meowstic
|-fieldstart|move: Psychic Terrain
|move|p1a: da fis|Shadow Ball|p2a: Meowstic
|-supereffective|p2a: Meowstic
|-damage|p2a: Meowstic|20/100
|cant|p2b: Lurantis|flinch
|
|-status|p1b: Big Hands|brn|[from] item: Flame Orb
|upkeep
|turn|2
|
|t:|1757780798
|move|p2a: Meowstic|Fake Tears|p1b: Big Hands
|-activate|p1b: Big Hands|move: Psychic Terrain
|move|p1a: da fis|Shadow Ball|p2a: Meowstic
|-supereffective|p2a: Meowstic
|-damage|p2a: Meowstic|0 fnt
|faint|p2a: Meowstic
|move|p1b: Big Hands|Close Combat|p2b: Lurantis
|-damage|p2b: Lurantis|0 fnt
|-unboost|p1b: Big Hands|def|1
|-unboost|p1b: Big Hands|spd|1
|-damage|p1b: Big Hands|68/100 brn|[from] item: Rocky Helmet|[of] p2b: Lurantis
|faint|p2b: Lurantis
|
|-damage|p1b: Big Hands|61/100 brn|[from] brn
|upkeep
|c|☆lucia_tortuga|im so dumb
|c|☆hunterdrago|LOL
|c|☆hunterdrago|its ok ive done the same before
|
|t:|1757780816
|switch|p2a: Lanturn|Lanturn, L50, F, shiny|100/100
|switch|p2b: Scrafty|Scrafty, L50, M, shiny|100/100
|-ability|p2b: Scrafty|Intimidate|boost
|-unboost|p1a: da fis|atk|1
|-unboost|p1b: Big Hands|atk|1
|turn|3
|
|t:|1757780830
|switch|p1b: LMAO RAGEBAITED|Illumise, L50, F|100/100
|move|p1a: da fis|Shadow Ball|p2a: Lanturn
|-damage|p2a: Lanturn|68/100
|move|p2a: Lanturn|Thunderbolt|p1b: LMAO RAGEBAITED
|-damage|p1b: LMAO RAGEBAITED|73/100
|move|p2b: Scrafty|Drain Punch|p1b: LMAO RAGEBAITED
|-resisted|p1b: LMAO RAGEBAITED
|-damage|p1b: LMAO RAGEBAITED|59/100
|
|-heal|p2a: Lanturn|74/100|[from] item: Leftovers
|upkeep
|turn|4
|
|t:|1757780848
|switch|p1a: MOOOON|Ursaluna-Bloodmoon, L50, M|100/100
|move|p1b: LMAO RAGEBAITED|Encore|p2b: Scrafty
|-activate|p2b: Scrafty|move: Psychic Terrain
|move|p2a: Lanturn|Thunderbolt|p1a: MOOOON
|-immune|p1a: MOOOON
|move|p2b: Scrafty|Knock Off|p1a: MOOOON
|-damage|p1a: MOOOON|76/100
|-enditem|p1a: MOOOON|Life Orb|[from] move: Knock Off|[of] p2b: Scrafty
|
|-heal|p2a: Lanturn|80/100|[from] item: Leftovers
|upkeep
|turn|5
|c|☆hunterdrago|ERMMMMMM
|c|☆lucia_tortuga|bro
|c|☆hunterdrago|LMFAO
|
|t:|1757780881
|-terastallize|p1a: MOOOON|Poison
|move|p1b: LMAO RAGEBAITED|Tailwind|p1b: LMAO RAGEBAITED
|-sidestart|p1: hunterdrago|move: Tailwind
|move|p1a: MOOOON|Blood Moon|p2a: Lanturn
|-damage|p2a: Lanturn|24/100
|move|p2a: Lanturn|Ice Beam|p1a: MOOOON
|-damage|p1a: MOOOON|57/100
|move|p2b: Scrafty|Drain Punch|p1a: MOOOON
|-resisted|p1a: MOOOON
|-damage|p1a: MOOOON|47/100
|
|-heal|p2a: Lanturn|30/100|[from] item: Leftovers
|-fieldend|move: Psychic Terrain
|upkeep
|turn|6
|
|t:|1757780902
|move|p1b: LMAO RAGEBAITED|Fake Tears|p2a: Lanturn
|-unboost|p2a: Lanturn|spd|2
|move|p1a: MOOOON|Hyper Voice|p2a: Lanturn|[spread] p2a,p2b
|-damage|p2a: Lanturn|0 fnt
|-damage|p2b: Scrafty|80/100
|faint|p2a: Lanturn
|move|p2b: Scrafty|Knock Off|p1a: MOOOON
|-damage|p1a: MOOOON|28/100
|
|upkeep
|turn|7
|
|t:|1757780909
|move|p1b: LMAO RAGEBAITED|Fake Tears|p2b: Scrafty
|-hint|Since gen 7, Dark is immune to Prankster moves.
|-immune|p2b: Scrafty
|move|p1a: MOOOON|Blood Moon|p2b: Scrafty
|-damage|p2b: Scrafty|34/100
|move|p2b: Scrafty|Knock Off|p1b: LMAO RAGEBAITED
|-damage|p1b: LMAO RAGEBAITED|25/100
|-enditem|p1b: LMAO RAGEBAITED|Occa Berry|[from] move: Knock Off|[of] p2b: Scrafty
|
|upkeep
|turn|8
|
|t:|1757780925
|move|p1b: LMAO RAGEBAITED|Struggle Bug|p2b: Scrafty
|-damage|p2b: Scrafty|25/100
|-unboost|p2b: Scrafty|spa|1
|move|p1a: MOOOON|Earth Power|p2b: Scrafty
|-damage|p2b: Scrafty|0 fnt
|faint|p2b: Scrafty
|
|win|hunterdrago
||lucia_tortuga is ready for game 2.
||hunterdrago is ready for game 2.
|uhtml|next|Next: Game 2 of 3
|l| Criee
