|j|☆superG195
|j|☆plsbringregi
|html|superG195plsbringregi    
|uhtml|bestof|Game 2 of a best-of-3
|t:|1785111065
|gametype|doubles
|player|p1|superG195|brawly|1251
|player|p2|plsbringregi|2|1416
|gen|9
|tier|[Gen 9 Champions] VGC 2026 Reg M-B (Bo3)
|rated|
|rule|Species Clause: Limit one of each Pokémon
|rule|Item Clause: Limit 1 of each item
|clearpoke
|poke|p1|Sceptile, L50, F|
|poke|p1|Garchomp, L50, M|
|poke|p1|Corviknight, L50, F|
|poke|p1|Metagross, L50|
|poke|p1|Rotom-Heat, L50|
|poke|p1|Tyranitar, L50, F|
|poke|p2|Garchomp, L50, F|
|poke|p2|Gholdengo, L50|
|poke|p2|Sinistcha, L50|
|poke|p2|Incineroar, L50, M|
|poke|p2|Charizard, L50, M|
|poke|p2|Floette-Eternal, L50, F|
|teampreview|4
|showteam|p1|Sceptile||Sceptilite|Overgrow|EarthPower,DragonPulse,EnergyBall,Protect|Timid||F|||50|]Garchomp||LifeOrb|RoughSkin|Earthquake,DragonClaw,Protect,RockSlide|Jolly||M|||50|]Corviknight||Leftovers|MirrorArmor|Tailwind,IronHead,BraveBird,Protect|Adamant||F|||50|]Metagross||Metagrossite|ClearBody|Protect,PsychicFangs,IronHead,IcePunch|Jolly|||||50|]Rotom-Heat||ChoiceScarf|Levitate|Discharge,Overheat,VoltSwitch,Electroweb|Timid|||||50|]Tyranitar||FocusSash|SandStream|RockSlide,KnockOff,LowKick,Protect|Adamant||F|||50|
|showteam|p2|Garchomp||ChoiceScarf|RoughSkin|RockSlide,DragonClaw,Earthquake,StompingTantrum|Adamant||F|||50|]Gholdengo||FocusSash|GoodasGold|Protect,PowerGem,MakeItRain,ShadowBall|Timid|||||50|]Sinistcha||KasibBerry|Hospitality|MatchaGotcha,RagePowder,TrickRoom,Protect|Bold|||||50|]Incineroar||SitrusBerry|Intimidate|FlareBlitz,ThroatChop,PartingShot,FakeOut|Careful||M|||50|]Charizard||CharizarditeY|Blaze|HeatWave,WeatherBall,SolarBeam,Protect|Modest||M|||50|]Floette-Eternal||Floettite|FlowerVeil|DazzlingGleam,DrainingKiss,CalmMind,Protect|Modest||F|||50|
|
|t:|1785111099
|teamsize|p1|4
|teamsize|p2|4
|start
|switch|p1a: Rotom|Rotom-Heat, L50|100/100
|switch|p1b: Sceptile|Sceptile, L50, F|100/100
|switch|p2a: Floette|Floette-Eternal, L50, F|100/100
|switch|p2b: Incineroar|Incineroar, L50, M|100/100
|-ability|p2b: Incineroar|Intimidate|boost
|-unboost|p1a: Rotom|atk|1
|-unboost|p1b: Sceptile|atk|1
|turn|1
|
|t:|1785111112
|detailschange|p1b: Sceptile|Sceptile-Mega, L50, F
|-mega|p1b: Sceptile|Sceptile|Sceptilite
|detailschange|p2a: Floette|Floette-Mega, L50, F
|-mega|p2a: Floette|Floette|Floettite
|-ability|p2a: Floette|Fairy Aura
|move|p1b: Sceptile|Protect|p1b: Sceptile
|-singleturn|p1b: Sceptile|Protect
|move|p2b: Incineroar|Fake Out|p1a: Rotom
|-damage|p1a: Rotom|85/100
|cant|p1a: Rotom|flinch
|move|p2a: Floette|Calm Mind|p2a: Floette
|-boost|p2a: Floette|spa|1
|-boost|p2a: Floette|spd|1
|
|upkeep
|turn|2
|
|t:|1785111128
|move|p1a: Rotom|Discharge|p2a: Floette|[spread] p2a,p2b
|-ability|p1b: Sceptile|Lightning Rod|boost
|-boost|p1b: Sceptile|spa|1
|-damage|p2a: Floette|85/100
|-damage|p2b: Incineroar|80/100
|-status|p2a: Floette|par
|move|p1b: Sceptile|Energy Ball|p2a: Floette
|-damage|p2a: Floette|46/100 par
|move|p2b: Incineroar|Parting Shot|p1b: Sceptile
|-unboost|p1b: Sceptile|atk|1
|-unboost|p1b: Sceptile|spa|1
|
|t:|1785111138
|switch|p2b: Garchomp|Garchomp, L50, F|100/100|[from] Parting Shot
|move|p2a: Floette|Dazzling Gleam|p1a: Rotom|[spread] p1a,p1b
|-resisted|p1a: Rotom|1
|-supereffective|p1b: Sceptile|1
|-damage|p1a: Rotom|42/100
|-damage|p1b: Sceptile|0 fnt
|faint|p1b: Sceptile
|
|upkeep
|
|t:|1785111149
|switch|p1b: Garchomp|Garchomp, L50, M|100/100
|turn|3
|
|t:|1785111158
|switch|p2b: Incineroar|Incineroar, L50, M|80/100
|-ability|p2b: Incineroar|Intimidate|boost
|-unboost|p1a: Rotom|atk|1
|-unboost|p1b: Garchomp|atk|1
|move|p1b: Garchomp|Protect|p1b: Garchomp
|-singleturn|p1b: Garchomp|Protect
|move|p2a: Floette|Protect|p2a: Floette
|-singleturn|p2a: Floette|Protect
|move|p1a: Rotom|Discharge|p2b: Incineroar|[spread] p2b
|-activate|p1b: Garchomp|move: Protect
|-activate|p2a: Floette|move: Protect
|-damage|p2b: Incineroar|60/100
|
|upkeep
|turn|4
|
|t:|1785111182
|move|p2b: Incineroar|Fake Out|p1b: Garchomp
|-damage|p1b: Garchomp|88/100
|-damage|p2b: Incineroar|48/100|[from] ability: Rough Skin|[of] p1b: Garchomp
|-enditem|p2b: Incineroar|Sitrus Berry|[eat]
|-heal|p2b: Incineroar|72/100|[from] item: Sitrus Berry
|move|p1a: Rotom|Discharge|p2b: Incineroar|[spread] p2a,p2b
|-immune|p1b: Garchomp
|-damage|p2a: Floette|34/100 par
|-damage|p2b: Incineroar|52/100
|-status|p2b: Incineroar|par
|cant|p1b: Garchomp|flinch
|move|p2a: Floette|Dazzling Gleam|p1a: Rotom|[spread] p1a,p1b
|-resisted|p1a: Rotom|1
|-supereffective|p1b: Garchomp|1
|-damage|p1a: Rotom|0 fnt
|-damage|p1b: Garchomp|0 fnt
|faint|p1a: Rotom
|faint|p1b: Garchomp
|
|upkeep
|
|t:|1785111199
|switch|p1b: Tyranitar|Tyranitar, L50, F|100/100
|-weather|Sandstorm|[from] ability: Sand Stream|[of] p1b: Tyranitar
|turn|5
|
|t:|1785111204
|move|p1b: Tyranitar|Rock Slide|p2b: Incineroar|[spread] p2a,p2b
|-supereffective|p2b: Incineroar|1
|-damage|p2a: Floette|0 fnt
|-damage|p2b: Incineroar|0 fnt
|faint|p2a: Floette
|faint|p2b: Incineroar
|
|-weather|Sandstorm|[upkeep]
|upkeep
|
|t:|1785111208
|switch|p2a: Garchomp|Garchomp, L50, F|100/100
|switch|p2b: WeCanMakeItBetter|Sinistcha, L50|100/100
|turn|6
|
|t:|1785111215
|move|p2a: Garchomp|Stomping Tantrum|p1b: Tyranitar
|-supereffective|p1b: Tyranitar|1
|-damage|p1b: Tyranitar|31/100
|move|p1b: Tyranitar|Knock Off|p2b: WeCanMakeItBetter
|-supereffective|p2b: WeCanMakeItBetter|1
|-damage|p2b: WeCanMakeItBetter|17/100
|-enditem|p2b: WeCanMakeItBetter|Kasib Berry|[from] move: Knock Off|[of] p1b: Tyranitar
|move|p2b: WeCanMakeItBetter|Matcha Gotcha|p1b: Tyranitar|[miss]
|-miss|p2b: WeCanMakeItBetter|p1b: Tyranitar
|
|-weather|Sandstorm|[upkeep]
|-damage|p2b: WeCanMakeItBetter|11/100|[from] Sandstorm
|upkeep
|turn|7
|-message|superG195 forfeited.
|
|win|plsbringregi
|l|☆superG195
|player|p1|
||superG195 is ready for game 3.
|inactive|plsbringregi has 30 seconds to confirm battle start!
||plsbringregi is ready for game 3.
|uhtml|next|Next: Game 3 of 3
|j| guccirain2006
