|j|☆realslim19
|j|☆no_dupes
|html|realslim19no_dupes    
|uhtml|bestof|Game 1 of a best-of-3
|t:|1757190519
|gametype|doubles
|player|p1|realslim19|richboy-gen4|1376
|player|p2|no_dupes|brock-gen2|1322
|gen|9
|tier|[Gen 9] VGC 2025 Reg H (Bo3)
|rated|
|rule|Species Clause: Limit one of each Pokémon
|rule|Item Clause: Limit 1 of each item
|clearpoke
|poke|p1|Charizard, L50, F|
|poke|p1|Torkoal, L50, F|
|poke|p1|Porygon2, L50|
|poke|p1|Incineroar, L50, F|
|poke|p1|Jumpluff, L50, F|
|poke|p1|Ursaluna, L50, F|
|poke|p2|Sneasler, L50, M|
|poke|p2|Indeedee, L50, M|
|poke|p2|Volcarona, L50, F|
|poke|p2|Ursaluna-Bloodmoon, L50, M|
|poke|p2|Annihilape, L50, F|
|poke|p2|Tyranitar, L50, M|
|teampreview|4
|showteam|p1|Charizard||ChoiceSpecs|SolarPower|HeatWave,Overheat,WeatherBall,AirSlash|||F|||50|,,,,,Ghost]Torkoal||EjectPack|Drought|Eruption,Overheat,HelpingHand,Protect|||F|||50|,,,,,Fire]Porygon2||Eviolite|Download|TeraBlast,IceBeam,Recover,TrickRoom||||||50|,,,,,Fighting]Incineroar||SitrusBerry|Intimidate|FlareBlitz,KnockOff,FakeOut,PartingShot|||F|||50|,,,,,Ghost]Jumpluff||CovertCloak|Chlorophyll|SleepPowder,SunnyDay,RagePowder,Tailwind|||F|||50|,,,,,Water]Ursaluna||FlameOrb|Guts|HeadlongRush,Facade,Earthquake,Protect|||F|||50|,,,,,Ghost
|showteam|p2|Sneasler||PsychicSeed|Unburden|CloseCombat,DireClaw,ThroatChop,Protect|||M|||50|,,,,,Dark]Indeedee||ChoiceScarf|PsychicSurge|ExpandingForce,TeraBlast,Trick,Protect|||M|||50|,,,,,Psychic]Volcarona||SitrusBerry|FlameBody|Overheat,StruggleBug,RagePowder,Tailwind|||F|||50|,,,,,Grass]Ursaluna-Bloodmoon||LifeOrb|MindsEye|BloodMoon,HyperVoice,EarthPower,Protect|||M|||50|,,,,,Normal]Annihilape||SafetyGoggles|Defiant|CloseCombat,RageFist,Taunt,FinalGambit|||F|||50|,,,,,Fairy]Tyranitar||AssaultVest|SandStream|RockSlide,KnockOff,TeraBlast,LowKick|||M|||50|,,,,,Flying
|inactive|Battle timer is ON: inactive players will automatically lose when time's up. (requested by realslim19)
|inactive|realslim19 has 60 seconds left.
|inactive|no_dupes has 60 seconds left.
|inactive|realslim19 has 30 seconds left.
|
|t:|1757190591
|teamsize|p1|4
|teamsize|p2|4
|start
|switch|p1a: Incineroar|Incineroar, L50, F|100/100
|switch|p1b: Porygon2|Porygon2, L50|100/100
|switch|p2a: Sneasler|Sneasler, L50, M, shiny|100/100
|switch|p2b: Indeedee|Indeedee, L50, M|100/100
|-fieldstart|move: Psychic Terrain|[from] ability: Psychic Surge|[of] p2b: Indeedee
|-enditem|p2a: Sneasler|Psychic Seed
|-boost|p2a: Sneasler|spd|1|[from] item: Psychic Seed
|-ability|p1a: Incineroar|Intimidate|boost
|-unboost|p2a: Sneasler|atk|1
|-unboost|p2b: Indeedee|atk|1
|-ability|p1b: Porygon2|Download|boost
|-boost|p1b: Porygon2|atk|1
|turn|1
|inactive|realslim19 has 30 seconds left.
|inactive|realslim19 has 20 seconds left.
|inactive|realslim19 has 15 seconds left.
|inactive|realslim19 has 10 seconds left.
|inactive|realslim19 has 5 seconds left.
|
|t:|1757190644
|move|p2a: Sneasler|Close Combat|p1b: Porygon2
|-supereffective|p1b: Porygon2
|-damage|p1b: Porygon2|35/100
|-unboost|p2a: Sneasler|def|1
|-unboost|p2a: Sneasler|spd|1
|move|p2b: Indeedee|Expanding Force|p1a: Incineroar|[spread] p1b
|-immune|p1a: Incineroar
|-damage|p1b: Porygon2|0 fnt
|faint|p1b: Porygon2
|move|p1a: Incineroar|Knock Off|p2b: Indeedee
|-supereffective|p2b: Indeedee
|-crit|p2b: Indeedee
|-damage|p2b: Indeedee|0 fnt
|-enditem|p2b: Indeedee|Choice Scarf|[from] move: Knock Off|[of] p1a: Incineroar
|faint|p2b: Indeedee
|
|upkeep
|
|t:|1757190659
|switch|p2b: Caesar|Annihilape, L50, F, shiny|100/100
|switch|p1b: Torkoal|Torkoal, L50, F|100/100
|-weather|SunnyDay|[from] ability: Drought|[of] p1b: Torkoal
|turn|2
|inactive|realslim19 has 30 seconds left.
|
|t:|1757190688
|-terastallize|p1a: Incineroar|Ghost
|move|p2a: Sneasler|Close Combat|p1b: Torkoal
|-damage|p1b: Torkoal|64/100
|-unboost|p2a: Sneasler|def|1
|-unboost|p2a: Sneasler|spd|1
|move|p2b: Caesar|Close Combat|p1b: Torkoal
|-damage|p1b: Torkoal|29/100
|-unboost|p2b: Caesar|def|1
|-unboost|p2b: Caesar|spd|1
|move|p1a: Incineroar|Flare Blitz|p2b: Caesar
|-damage|p2b: Caesar|0 fnt
|faint|p2b: Caesar
|-damage|p1a: Incineroar|66/100|[from] Recoil
|move|p1b: Torkoal|Overheat|p2a: Sneasler|[miss]
|-miss|p1b: Torkoal|p2a: Sneasler
|
|-weather|SunnyDay|[upkeep]
|upkeep
|
|t:|1757190694
|switch|p2b: Tyranitar|Tyranitar, L50, M|100/100
|-weather|Sandstorm|[from] ability: Sand Stream|[of] p2b: Tyranitar
|turn|3
|inactive|realslim19 has 30 seconds left.
|inactive|realslim19 has 20 seconds left.
|inactive|realslim19 has 15 seconds left.
|inactive|realslim19 has 10 seconds left.
|
|t:|1757190740
|switch|p1b: Charizard|Charizard, L50, F|100/100
|move|p2a: Sneasler|Close Combat|p1b: Charizard
|-resisted|p1b: Charizard
|-damage|p1b: Charizard|65/100
|-unboost|p2a: Sneasler|def|1
|-unboost|p2a: Sneasler|spd|1
|move|p1a: Incineroar|Parting Shot|p2b: Tyranitar
|-unboost|p2b: Tyranitar|atk|1
|-unboost|p2b: Tyranitar|spa|1
|
|t:|1757190750
|switch|p1a: Torkoal|Torkoal, L50, F|29/100|[from] Parting Shot
|-weather|SunnyDay|[from] ability: Drought|[of] p1a: Torkoal
|move|p2b: Tyranitar|Knock Off|p1a: Torkoal
|-damage|p1a: Torkoal|2/100
|-enditem|p1a: Torkoal|Eject Pack|[from] move: Knock Off|[of] p2b: Tyranitar
|
|-weather|SunnyDay|[upkeep]
|-damage|p1b: Charizard|53/100|[from] ability: Solar Power|[of] p1b: Charizard
|upkeep
|turn|4
|inactive|realslim19 has 30 seconds left.
|inactive|realslim19 has 20 seconds left.
|
|t:|1757190789
|switch|p1a: Incineroar|Incineroar, L50, F, tera:Ghost|66/100
|-ability|p1a: Incineroar|Intimidate|boost
|-unboost|p2a: Sneasler|atk|1
|-unboost|p2b: Tyranitar|atk|1
|move|p2a: Sneasler|Protect|p2a: Sneasler
|-singleturn|p2a: Sneasler|Protect
|move|p1b: Charizard|Heat Wave|p2b: Tyranitar|[spread] p2b
|-activate|p2a: Sneasler|move: Protect
|-resisted|p2b: Tyranitar
|-damage|p2b: Tyranitar|63/100
|move|p2b: Tyranitar|Rock Slide|p1a: Incineroar|[spread] p1a,p1b
|-supereffective|p1b: Charizard
|-crit|p1b: Charizard
|-damage|p1a: Incineroar|52/100
|-damage|p1b: Charizard|0 fnt
|faint|p1b: Charizard
|
|-weather|SunnyDay|[upkeep]
|upkeep
|
|t:|1757190802
|switch|p1b: Torkoal|Torkoal, L50, F|2/100
|turn|5
|inactive|realslim19 has 30 seconds left.
|inactive|realslim19 has 20 seconds left.
|inactive|realslim19 has 15 seconds left.
|
|t:|1757190842
|move|p1b: Torkoal|Helping Hand|p1a: Incineroar
|-singleturn|p1a: Incineroar|Helping Hand|[of] p1b: Torkoal
|move|p2a: Sneasler|Dire Claw|p1b: Torkoal
|-damage|p1b: Torkoal|0 fnt
|faint|p1b: Torkoal
|move|p1a: Incineroar|Flare Blitz|p2b: Tyranitar
|-resisted|p2b: Tyranitar
|-damage|p2b: Tyranitar|13/100
|-damage|p1a: Incineroar|37/100|[from] Recoil
|-enditem|p1a: Incineroar|Sitrus Berry|[eat]
|-heal|p1a: Incineroar|62/100|[from] item: Sitrus Berry
|move|p2b: Tyranitar|Knock Off|p1a: Incineroar
|-supereffective|p1a: Incineroar
|-damage|p1a: Incineroar|28/100
|
|-weather|SunnyDay|[upkeep]
|-fieldend|move: Psychic Terrain
|upkeep
|turn|6
|
|t:|1757190860
|-terastallize|p2a: Sneasler|Dark
|move|p2a: Sneasler|Throat Chop|p1a: Incineroar
|-supereffective|p1a: Incineroar
|-damage|p1a: Incineroar|0 fnt
|faint|p1a: Incineroar
|
|win|no_dupes
||realslim19 is ready for game 2.
