|j|☆guligliugug
|j|☆asefito
|html|guligliugugasefito    
|uhtml|bestof|Game 1 of a best-of-3
|t:|1783451508
|gametype|doubles
|player|p1|guligliugug|266|1082
|player|p2|asefito|169|1090
|gen|9
|tier|[Gen 9 Champions] VGC 2026 Reg M-B (Bo3)
|rated|
|rule|Species Clause: Limit one of each Pokémon
|rule|Item Clause: Limit 1 of each item
|clearpoke
|poke|p1|Incineroar, L50, F|
|poke|p1|Torkoal, L50, M|
|poke|p1|Sinistcha, L50|
|poke|p1|Staraptor, L50, M|
|poke|p1|Raichu, L50, M|
|poke|p1|Oranguru, L50, F|
|poke|p2|Incineroar, L50, F|
|poke|p2|Basculegion, L50, M|
|poke|p2|Tinkaton, L50, F|
|poke|p2|Floette-Eternal, L50, F|
|poke|p2|Kingambit, L50, F|
|poke|p2|Sneasler, L50, F|
|teampreview|4
|showteam|p1|Incineroar||SitrusBerry|Intimidate|FakeOut,FlareBlitz,DarkestLariat,PartingShot|Careful||F|||50|]Torkoal||FocusSash|Drought|Eruption,WeatherBall,SolarBeam,ShellSmash|Quiet||M|||50|]Sinistcha||KasibBerry|Hospitality|LifeDew,ShadowBall,StrengthSap,RagePowder|Bold|||||50|]Staraptor||Staraptite|Intimidate|CloseCombat,Roost,DualWingbeat,Swagger|Jolly||M|||50|]Raichu||RaichuniteY|LightningRod|FakeTears,ZapCannon,SweetKiss,Thunderbolt|Timid||M|||50|]Oranguru||Leftovers|Telepathy|Instruct,Protect,StoredPower,PsychUp|Calm||F|||50|
|showteam|p2|Incineroar||SitrusBerry|Intimidate|FlareBlitz,DarkestLariat,PartingShot,FakeOut|Careful||F|||50|]Basculegion||ChoiceScarf|Adaptability|WaveCrash,LastRespects,FlipTurn,AquaJet|Jolly||M|||50|]Tinkaton||Leftovers|MoldBreaker|GigatonHammer,PlayRough,BrickBreak,FakeOut|Adamant||F|||50|]Floette-Eternal||Floettite|FlowerVeil|Moonblast,DazzlingGleam,CalmMind,Protect|Modest||F|||50|]Kingambit||LifeOrb|Defiant|KowtowCleave,SuckerPunch,SwordsDance,Protect|Adamant||F|||50|]Sneasler||FocusSash|PoisonTouch|CloseCombat,DireClaw,Feint,FakeOut|Jolly||F|||50|
|inactive|Battle timer is ON: inactive players will automatically lose when time's up. (requested by asefito)
|inactive|asefito has 60 seconds left.
|
|t:|1783451555
|teamsize|p1|4
|teamsize|p2|4
|start
|switch|p1a: Staraptor|Staraptor, L50, M|100/100
|switch|p1b: Oranguru|Oranguru, L50, F|100/100
|switch|p2a: Incineroar|Incineroar, L50, F|100/100
|switch|p2b: Floette|Floette-Eternal, L50, F|100/100
|-ability|p1a: Staraptor|Intimidate|boost
|-unboost|p2a: Incineroar|atk|1
|-unboost|p2b: Floette|atk|1
|-ability|p2a: Incineroar|Intimidate|boost
|-unboost|p1a: Staraptor|atk|1
|-unboost|p1b: Oranguru|atk|1
|turn|1
|
|t:|1783451574
|detailschange|p1a: Staraptor|Staraptor-Mega, L50, M
|-mega|p1a: Staraptor|Staraptor|Staraptite
|detailschange|p2b: Floette|Floette-Mega, L50, F
|-mega|p2b: Floette|Floette|Floettite
|-ability|p2b: Floette|Fairy Aura
|move|p2a: Incineroar|Fake Out|p1a: Staraptor
|-damage|p1a: Staraptor|92/100
|cant|p1a: Staraptor|flinch
|move|p2b: Floette|Dazzling Gleam|p1b: Oranguru|[spread] p1a,p1b
|-supereffective|p1a: Staraptor|1
|-damage|p1a: Staraptor|4/100
|-damage|p1b: Oranguru|69/100
|move|p1b: Oranguru|Instruct||[still]
|-fail|p1b: Oranguru
|
|-heal|p1b: Oranguru|75/100|[from] item: Leftovers
|upkeep
|turn|2
|
|t:|1783451597
|switch|p2a: Basculegion|Basculegion, L50, M|100/100
|move|p1b: Oranguru|Protect|p1b: Oranguru
|-singleturn|p1b: Oranguru|Protect
|move|p1a: Staraptor|Swagger|p2b: Floette
|-boost|p2b: Floette|atk|2
|-start|p2b: Floette|confusion
|-activate|p2b: Floette|confusion
|-damage|p2b: Floette|89/100|[from] confusion
|
|-heal|p1b: Oranguru|81/100|[from] item: Leftovers
|upkeep
|turn|3
|
|t:|1783451616
|switch|p2b: Sneasler|Sneasler, L50, F|100/100
|move|p2a: Basculegion|Flip Turn|p1a: Staraptor
|-damage|p1a: Staraptor|0 fnt
|faint|p1a: Staraptor
|
|t:|1783451623
|switch|p2a: Floette|Floette-Mega, L50, F|89/100|[from] Flip Turn
|-ability|p2a: Floette|Fairy Aura
|move|p1b: Oranguru|Psych Up|p2b: Sneasler
|-copyboost|p1b: Oranguru|p2b: Sneasler|[from] move: Psych Up
|
|-heal|p1b: Oranguru|87/100|[from] item: Leftovers
|upkeep
|
|t:|1783451632
|switch|p1a: Torkoal|Torkoal, L50, M|100/100
|-weather|SunnyDay|[from] ability: Drought|[of] p1a: Torkoal
|turn|4
|
|t:|1783451646
|move|p2b: Sneasler|Fake Out|p1a: Torkoal
|-damage|p1a: Torkoal|89/100
|move|p2a: Floette|Moonblast|p1b: Oranguru
|-damage|p1b: Oranguru|40/100
|move|p1b: Oranguru|Instruct||[still]
|-fail|p1b: Oranguru
|cant|p1a: Torkoal|flinch
|
|-weather|SunnyDay|[upkeep]
|-heal|p1b: Oranguru|46/100|[from] item: Leftovers
|upkeep
|turn|5
|
|t:|1783451657
|move|p1b: Oranguru|Protect|p1b: Oranguru
|-singleturn|p1b: Oranguru|Protect
|move|p2b: Sneasler|Dire Claw|p1a: Torkoal
|-damage|p1a: Torkoal|56/100
|move|p2a: Floette|Dazzling Gleam|p1b: Oranguru|[spread] p1a
|-activate|p1b: Oranguru|move: Protect
|-resisted|p1a: Torkoal|1
|-damage|p1a: Torkoal|25/100
|move|p1a: Torkoal|Weather Ball|p2a: Floette
|-damage|p2a: Floette|36/100
|
|-weather|SunnyDay|[upkeep]
|-heal|p1b: Oranguru|52/100|[from] item: Leftovers
|upkeep
|turn|6
|
|t:|1783451681
|switch|p1b: Sinistcha|Sinistcha, L50|100/100
|-heal|p1a: Torkoal|50/100g|[from] ability: Hospitality|[of] p1b: Sinistcha
|move|p2b: Sneasler|Feint|p1a: Torkoal
|-damage|p1a: Torkoal|42/100
|move|p2a: Floette|Dazzling Gleam|p1b: Sinistcha|[spread] p1a,p1b
|-resisted|p1a: Torkoal|1
|-damage|p1a: Torkoal|7/100
|-damage|p1b: Sinistcha|54/100
|move|p1a: Torkoal|Weather Ball|p2a: Floette
|-damage|p2a: Floette|0 fnt
|faint|p2a: Floette
|
|-weather|SunnyDay|[upkeep]
|upkeep
|
|t:|1783451690
|switch|p2a: Basculegion|Basculegion, L50, M|100/100
|turn|7
|
|t:|1783451714
|switch|p1a: Oranguru|Oranguru, L50, F|52/100
|move|p2a: Basculegion|Flip Turn|p1a: Oranguru
|-damage|p1a: Oranguru|30/100
|
|t:|1783451720
|switch|p2a: Incineroar|Incineroar, L50, F|100/100|[from] Flip Turn
|-ability|p2a: Incineroar|Intimidate|boost
|-unboost|p1a: Oranguru|atk|1
|-unboost|p1b: Sinistcha|atk|1
|move|p2b: Sneasler|Dire Claw|p1b: Sinistcha
|-damage|p1b: Sinistcha|24/100
|-status|p1b: Sinistcha|psn|[from] ability: Poison Touch|[of] p2b: Sneasler
|move|p1b: Sinistcha|Strength Sap|p2a: Incineroar
|-unboost|p2a: Incineroar|atk|1
|-heal|p1b: Sinistcha|100/100 psn
|
|-weather|SunnyDay|[upkeep]
|-heal|p1a: Oranguru|37/100|[from] item: Leftovers
|-damage|p1b: Sinistcha|87/100 psn|[from] psn
|upkeep
|turn|8
|inactive|guligliugug has 30 seconds left.
|
|t:|1783451752
|move|p1a: Oranguru|Protect|p1a: Oranguru
|-singleturn|p1a: Oranguru|Protect
|move|p2b: Sneasler|Feint|p1a: Oranguru
|-activate|p1a: Oranguru|move: Feint
|-damage|p1a: Oranguru|25/100
|move|p1b: Sinistcha|Strength Sap|p2b: Sneasler
|-unboost|p2b: Sneasler|atk|1
|-heal|p1b: Sinistcha|100/100 psn
|move|p2a: Incineroar|Darkest Lariat|p1a: Oranguru
|-supereffective|p1a: Oranguru|1
|-damage|p1a: Oranguru|0 fnt
|faint|p1a: Oranguru
|
|-weather|none
|-damage|p1b: Sinistcha|87/100 psn|[from] psn
|upkeep
|
|t:|1783451763
|switch|p1a: Torkoal|Torkoal, L50, M|7/100
|-weather|SunnyDay|[from] ability: Drought|[of] p1a: Torkoal
|turn|9
|inactive|asefito has 30 seconds left.
|
|t:|1783451795
|move|p2b: Sneasler|Dire Claw|p1b: Sinistcha
|-damage|p1b: Sinistcha|66/100 psn
|move|p1b: Sinistcha|Life Dew|p1b: Sinistcha|[spread] p1a,p1b
|-heal|p1a: Torkoal|32/100
|-heal|p1b: Sinistcha|92/100 psn
|move|p2a: Incineroar|Flare Blitz|p1b: Sinistcha
|-supereffective|p1b: Sinistcha|1
|-damage|p1b: Sinistcha|17/100 psn
|-damage|p2a: Incineroar|78/100|[from] Recoil
|move|p1a: Torkoal|Shell Smash|p1a: Torkoal
|-unboost|p1a: Torkoal|def|1
|-unboost|p1a: Torkoal|spd|1
|-boost|p1a: Torkoal|atk|2
|-boost|p1a: Torkoal|spa|2
|-boost|p1a: Torkoal|spe|2
|
|-weather|SunnyDay|[upkeep]
|-damage|p1b: Sinistcha|5/100 psn|[from] psn
|upkeep
|turn|10
|inactive|guligliugug has 30 seconds left.
|
|t:|1783451829
|move|p2b: Sneasler|Feint|p1a: Torkoal
|-damage|p1a: Torkoal|23/100
|move|p1b: Sinistcha|Life Dew|p1b: Sinistcha|[spread] p1a,p1b
|-heal|p1a: Torkoal|48/100
|-heal|p1b: Sinistcha|30/100 psn
|move|p2a: Incineroar|Darkest Lariat|p1a: Torkoal
|-damage|p1a: Torkoal|29/100
|move|p1a: Torkoal|Weather Ball|p2b: Sneasler
|-enditem|p2b: Sneasler|Focus Sash
|-damage|p2b: Sneasler|1/100
|
|-weather|SunnyDay|[upkeep]
|-damage|p1b: Sinistcha|18/100 psn|[from] psn
|upkeep
|turn|11
|
|t:|1783451848
|switch|p2a: Basculegion|Basculegion, L50, M|100/100
|move|p2b: Sneasler|Close Combat|p1a: Torkoal
|-damage|p1a: Torkoal|0 fnt
|-unboost|p2b: Sneasler|def|1
|-unboost|p2b: Sneasler|spd|1
|faint|p1a: Torkoal
|move|p1b: Sinistcha|Strength Sap|p1: Torkoal|[notarget]
|-fail|p1b: Sinistcha
|
|-weather|SunnyDay|[upkeep]
|-damage|p1b: Sinistcha|6/100 psn|[from] psn
|upkeep
|turn|12
|
|t:|1783451860
|move|p2a: Basculegion|Last Respects|p1b: Sinistcha
|-supereffective|p1b: Sinistcha|1
|-enditem|p1b: Sinistcha|Kasib Berry|[eat]
|-enditem|p1b: Sinistcha|Kasib Berry|[weaken]
|-damage|p1b: Sinistcha|0 fnt
|faint|p1b: Sinistcha
|
|win|asefito
||asefito is ready for game 2.
||guligliugug is ready for game 2.
|uhtml|next|Next: Game 2 of 3
|l|☆guligliugug
|player|p1|
