|j|☆FR45
|j|☆junky00
|html|FR45junky00    
|uhtml|bestof|Game 1 of a best-of-3
|t:|1782435971
|gametype|doubles
|player|p1|FR45|ethan|1149
|player|p2|junky00|266|1067
|gen|9
|tier|[Gen 9 Champions] VGC 2026 Reg M-B (Bo3)
|rated|
|rule|Species Clause: Limit one of each Pokémon
|rule|Item Clause: Limit 1 of each item
|clearpoke
|poke|p1|Garchomp, L50, M|
|poke|p1|Mawile, L50, M, shiny|
|poke|p1|Charizard, L50, M, shiny|
|poke|p1|Sneasler, L50, F|
|poke|p1|Farigiraf, L50, M|
|poke|p1|Milotic, L50, M|
|poke|p2|Eelektross, L50, F|
|poke|p2|Garchomp, L50, F|
|poke|p2|Whimsicott, L50, M|
|poke|p2|Ninetales-Alola, L50, F|
|poke|p2|Delphox, L50, F|
|poke|p2|Torkoal, L50, F|
|teampreview|4
|showteam|p1|Garchomp||LifeOrb|RoughSkin|DragonClaw,StompingTantrum,RockSlide,Protect|Jolly||M|||50|]Mawile||Mawilite|Intimidate|IronHead,SuckerPunch,PlayRough,Protect|Adamant||M|||50|]Charizard||CharizarditeY|SolarPower|HeatWave,SolarBeam,WeatherBall,Protect|Timid||M|||50|]Sneasler||WhiteHerb|Unburden|FakeOut,DireClaw,CloseCombat,Protect|Jolly||F|||50|]Farigiraf||SitrusBerry|ArmorTail|Psychic,Thunderbolt,Roar,TrickRoom|Quiet||M|||50|]Milotic||Leftovers|Competitive|Scald,IceBeam,PsychUp,Protect|Modest||M|||50|
|showteam|p2|Eelektross||Eelektrossite|Levitate|Discharge,GigaDrain,FlashCannon,Protect|Modest||F|||50|]Garchomp||LifeOrb|RoughSkin|Earthquake,RockSlide,DragonClaw,Protect|Jolly||F|||50|]Whimsicott||FocusSash|Prankster|FakeTears,Tailwind,Moonblast,SunnyDay|Timid||M|||50|]Ninetales-Alola||LightClay|SnowWarning|Moonblast,Blizzard,AuroraVeil,Encore|Modest||F|||50|]Delphox||Delphoxite|Blaze|HeatWave,Psychic,DazzlingGleam,Protect|Timid||F|||50|]Torkoal||Leftovers|Drought|WeatherBall,WillOWisp,HelpingHand,Protect|Modest||F|||50|
|inactive|Battle timer is ON: inactive players will automatically lose when time's up. (requested by FR45)
|inactive|FR45 has 60 seconds left.
|inactive|junky00 has 60 seconds left.
|inactive|junky00 has 30 seconds left.
|
|t:|1782436041
|teamsize|p1|4
|teamsize|p2|4
|start
|switch|p1a: Sneasler|Sneasler, L50, F|100/100
|switch|p1b: Mawile|Mawile, L50, M, shiny|100/100
|switch|p2a: Eelektross|Eelektross, L50, F|100/100
|switch|p2b: Whimsicott|Whimsicott, L50, M|100/100
|-ability|p1b: Mawile|Intimidate|boost
|-unboost|p2a: Eelektross|atk|1
|-unboost|p2b: Whimsicott|atk|1
|turn|1
|
|t:|1782436066
|detailschange|p2a: Eelektross|Eelektross-Mega, L50, F
|-mega|p2a: Eelektross|Eelektross|Eelektrossite
|detailschange|p1b: Mawile|Mawile-Mega, L50, M, shiny
|-mega|p1b: Mawile|Mawile|Mawilite
|move|p2a: Eelektross|Protect|p2a: Eelektross
|-singleturn|p2a: Eelektross|Protect
|move|p1a: Sneasler|Fake Out|p2b: Whimsicott
|-damage|p2b: Whimsicott|81/100
|cant|p2b: Whimsicott|flinch
|move|p1b: Mawile|Iron Head|p2b: Whimsicott
|-supereffective|p2b: Whimsicott|1
|-damage|p2b: Whimsicott|0 fnt
|faint|p2b: Whimsicott
|
|upkeep
|
|t:|1782436077
|switch|p2b: Garchomp|Garchomp, L50, F|100/100
|turn|2
|inactive|FR45 has 30 seconds left.
|inactive|FR45 has 20 seconds left.
|
|t:|1782436115
|move|p1b: Mawile|Sucker Punch|p2b: Garchomp
|-damage|p2b: Garchomp|55/100
|-damage|p1b: Mawile|87/100|[from] ability: Rough Skin|[of] p2b: Garchomp
|move|p1a: Sneasler|Close Combat|p2b: Garchomp
|-damage|p2b: Garchomp|0 fnt
|-unboost|p1a: Sneasler|def|1
|-unboost|p1a: Sneasler|spd|1
|-damage|p1a: Sneasler|87/100|[from] ability: Rough Skin|[of] p2b: Garchomp
|faint|p2b: Garchomp
|-enditem|p1a: Sneasler|White Herb
|-clearnegativeboost|p1a: Sneasler|[silent]
|move|p2a: Eelektross|Discharge|p1a: Sneasler|[spread] p1a,p1b
|-damage|p1a: Sneasler|46/100
|-damage|p1b: Mawile|49/100
|
|upkeep
|
|t:|1782436130
|switch|p2b: Ninetales|Ninetales-Alola, L50, F|100/100
|-weather|Snowscape|[from] ability: Snow Warning|[of] p2b: Ninetales
|turn|3
|
|t:|1782436150
|switch|p1b: Farigiraf|Farigiraf, L50, M|100/100
|move|p2a: Eelektross|Protect|p2a: Eelektross
|-singleturn|p2a: Eelektross|Protect
|move|p1a: Sneasler|Close Combat|p2a: Eelektross
|-activate|p2a: Eelektross|move: Protect
|move|p2b: Ninetales|Aurora Veil|p2b: Ninetales
|-sidestart|p2: junky00|move: Aurora Veil
|
|-weather|Snowscape|[upkeep]
|upkeep
|turn|4
|
|t:|1782436174
|move|p1a: Sneasler|Close Combat|p2a: Eelektross
|-damage|p2a: Eelektross|50/100y
|-unboost|p1a: Sneasler|def|1
|-unboost|p1a: Sneasler|spd|1
|move|p2b: Ninetales|Moonblast|p1b: Farigiraf
|-damage|p1b: Farigiraf|66/100
|move|p2a: Eelektross|Discharge|p1b: Farigiraf|[spread] p2b,p1a,p1b
|-damage|p2b: Ninetales|74/100
|-damage|p1a: Sneasler|0 fnt
|-damage|p1b: Farigiraf|38/100
|-enditem|p1b: Farigiraf|Sitrus Berry|[eat]
|-heal|p1b: Farigiraf|63/100|[from] item: Sitrus Berry
|faint|p1a: Sneasler
|-ability|p2a: Eelektross|Eelevate|boost
|-boost|p2a: Eelektross|spa|1
|move|p1b: Farigiraf|Trick Room|p1b: Farigiraf
|-fieldstart|move: Trick Room|[of] p1b: Farigiraf
|
|-weather|Snowscape|[upkeep]
|upkeep
|
|t:|1782436191
|switch|p1a: Mawile|Mawile-Mega, L50, M, shiny|49/100
|turn|5
|
|t:|1782436208
|move|p2a: Eelektross|Protect|p2a: Eelektross
|-singleturn|p2a: Eelektross|Protect
|move|p1a: Mawile|Iron Head|p2b: Ninetales
|-supereffective|p2b: Ninetales|2
|-damage|p2b: Ninetales|0 fnt
|faint|p2b: Ninetales
|move|p1b: Farigiraf|Psychic|p2a: Eelektross
|-activate|p2a: Eelektross|move: Protect
|
|-weather|Snowscape|[upkeep]
|upkeep
|turn|6
|
|t:|1782436221
|move|p1a: Mawile|Sucker Punch|p2a: Eelektross
|-damage|p2a: Eelektross|11/100
|move|p1b: Farigiraf|Psychic|p2a: Eelektross
|-damage|p2a: Eelektross|0 fnt
|faint|p2a: Eelektross
|
|win|FR45
