|j|☆LuckBoundLuxrays
|j|☆demonofrune
|html|LuckBoundLuxraysdemonofrune    
|uhtml|bestof|Game 1 of a best-of-3
|t:|1785199363
|gametype|doubles
|player|p1|LuckBoundLuxrays|volkner|
|player|p2|demonofrune|raihan-masters|
|gen|9
|tier|[Gen 9 Champions] VGC 2026 Reg M-B (Bo3)
|rule|Species Clause: Limit one of each Pokémon
|rule|Item Clause: Limit 1 of each item
|raw|1 custom rule: !Force Open Team Sheets
|clearpoke
|poke|p1|Archaludon, L50, F|
|poke|p1|Golurk, L50, shiny|
|poke|p1|Oranguru, L50, M|
|poke|p1|Pelipper, L50, M|
|poke|p1|Primarina, L50, M|
|poke|p1|Sneasler, L50, F|
|poke|p2|Aerodactyl, L50, F, shiny|
|poke|p2|Charizard, L50, M, shiny|
|poke|p2|Garchomp, L50, M|
|poke|p2|Sylveon, L50, F, shiny|
|poke|p2|Sableye, L50, M, shiny|
|poke|p2|Victreebel, L50, F|
|teampreview|4
|inactive|Battle timer is ON: inactive players will automatically lose when time's up. (requested by LuckBoundLuxrays)
|inactive|LuckBoundLuxrays has 60 seconds left.
|inactive|LuckBoundLuxrays has 30 seconds left.
|inactive|LuckBoundLuxrays has 20 seconds left.
|
|t:|1785199470
|teamsize|p1|4
|teamsize|p2|4
|start
|switch|p1a: Primarina|Primarina, L50, M|100/100
|switch|p1b: Oranguru|Oranguru, L50, M|100/100
|switch|p2a: Aerodactyl|Aerodactyl, L50, F, shiny|100/100
|switch|p2b: Charizard|Charizard, L50, M, shiny|100/100
|-ability|p2a: Aerodactyl|Unnerve
|turn|1
|inactive|LuckBoundLuxrays has 30 seconds left.
|inactive|demonofrune has 30 seconds left.
|inactive|LuckBoundLuxrays has 20 seconds left.
|inactive|demonofrune has 20 seconds left.
|inactive|demonofrune has 15 seconds left.
|inactive|demonofrune has 10 seconds left.
|
|t:|1785199520
|detailschange|p2b: Charizard|Charizard-Mega-Y, L50, M, shiny
|-mega|p2b: Charizard|Charizard|Charizardite Y
|-weather|SunnyDay|[from] ability: Drought|[of] p2b: Charizard
|move|p2a: Aerodactyl|Tailwind|p2a: Aerodactyl
|-sidestart|p2: demonofrune|move: Tailwind
|move|p2b: Charizard|Heat Wave|p1b: Oranguru|[spread] p1a,p1b
|-resisted|p1a: Primarina|1
|-damage|p1a: Primarina|75/100
|-damage|p1b: Oranguru|49/100
|move|p1a: Primarina|Hyper Voice|p2b: Charizard|[spread] p2a,p2b
|-supereffective|p2a: Aerodactyl|1
|-supereffective|p2b: Charizard|1
|-damage|p2a: Aerodactyl|60/100
|-damage|p2b: Charizard|72/100
|move|p1b: Oranguru|Trick Room|p1b: Oranguru
|-fieldstart|move: Trick Room|[of] p1b: Oranguru
|
|-weather|SunnyDay|[upkeep]
|upkeep
|turn|2
|
|t:|1785199542
|switch|p1b: Pelipper|Pelipper, L50, M|100/100
|-weather|RainDance|[from] ability: Drizzle|[of] p1b: Pelipper
|move|p2a: Aerodactyl|Wide Guard|p2a: Aerodactyl
|-singleturn|p2a: Aerodactyl|Wide Guard
|move|p1a: Primarina|Hyper Voice|p2b: Charizard|[spread] 
|-activate|p2a: Aerodactyl|move: Wide Guard
|-activate|p2b: Charizard|move: Wide Guard
|move|p2b: Charizard|Heat Wave|p1b: Pelipper|[spread] p1a,p1b
|-resisted|p1a: Primarina|1
|-resisted|p1b: Pelipper|1
|-damage|p1a: Primarina|66/100
|-damage|p1b: Pelipper|86/100
|
|-weather|RainDance|[upkeep]
|upkeep
|turn|3
|inactive|LuckBoundLuxrays has 30 seconds left.
|inactive|LuckBoundLuxrays has 20 seconds left.
|
|t:|1785199578
|move|p2b: Charizard|Protect|p2b: Charizard
|-singleturn|p2b: Charizard|Protect
|move|p2a: Aerodactyl|Protect|p2a: Aerodactyl
|-singleturn|p2a: Aerodactyl|Protect
|move|p1a: Primarina|Life Dew|p1a: Primarina|[spread] p1a,p1b
|-heal|p1a: Primarina|91/100
|-heal|p1b: Pelipper|100/100
|move|p1b: Pelipper|Weather Ball|p2a: Aerodactyl
|-activate|p2a: Aerodactyl|move: Protect
|
|-weather|RainDance|[upkeep]
|upkeep
|turn|4
|inactive|demonofrune has 30 seconds left.
|inactive|demonofrune has 20 seconds left.
|inactive|demonofrune has 15 seconds left.
|inactive|demonofrune has 10 seconds left.
|
|t:|1785199626
|switch|p2b: Garchomp|Garchomp, L50, M|100/100
|switch|p2a: Sableye|Sableye, L50, M, shiny|100/100
|move|p1a: Primarina|Moonblast|p2a: Sableye
|-supereffective|p2a: Sableye|1
|-damage|p2a: Sableye|4/100
|move|p1b: Pelipper|Weather Ball|p2b: Garchomp
|-damage|p2b: Garchomp|42/100
|
|-weather|RainDance|[upkeep]
|-sideend|p2: demonofrune|move: Tailwind
|upkeep
|turn|5
|inactive|LuckBoundLuxrays has 30 seconds left.
|inactive|demonofrune has 30 seconds left.
|inactive|LuckBoundLuxrays has 20 seconds left.
|inactive|demonofrune has 20 seconds left.
|inactive|LuckBoundLuxrays has 15 seconds left.
|inactive|demonofrune has 15 seconds left.
|inactive|demonofrune has 10 seconds left.
|
|t:|1785199673
|switch|p1b: Oranguru|Oranguru, L50, M|49/100
|move|p2a: Sableye|Fake Out|p1a: Primarina
|-damage|p1a: Primarina|82/100
|cant|p1a: Primarina|flinch
|move|p2b: Garchomp|Rock Slide|p1b: Oranguru|[spread] p1a,p1b
|-damage|p1a: Primarina|60/100
|-damage|p1b: Oranguru|32/100
|
|-weather|RainDance|[upkeep]
|-fieldend|move: Trick Room
|upkeep
|turn|6
|
|t:|1785199689
|move|p1b: Oranguru|Protect|p1b: Oranguru
|-singleturn|p1b: Oranguru|Protect
|move|p2a: Sableye|Taunt|p1b: Oranguru
|-activate|p1b: Oranguru|move: Protect
|move|p2b: Garchomp|Rock Slide|p1a: Primarina|[spread] p1a
|-activate|p1b: Oranguru|move: Protect
|-crit|p1a: Primarina
|-damage|p1a: Primarina|26/100
|-enditem|p1a: Primarina|Sitrus Berry|[eat]
|-heal|p1a: Primarina|50/100g|[from] item: Sitrus Berry
|move|p1a: Primarina|Life Dew|p1a: Primarina|[spread] p1a,p1b
|-heal|p1a: Primarina|76/100
|-heal|p1b: Oranguru|57/100
|
|-weather|none
|upkeep
|turn|7
|
|t:|1785199711
|move|p2a: Sableye|Encore|p1b: Oranguru
|-start|p1b: Oranguru|Encore
|-enditem|p1b: Oranguru|Mental Herb
|-end|p1b: Oranguru|Encore
|move|p2b: Garchomp|Rock Slide|p1a: Primarina|[spread] p1a,p1b
|-damage|p1a: Primarina|54/100
|-damage|p1b: Oranguru|41/100
|cant|p1a: Primarina|flinch
|move|p1b: Oranguru|Trick Room|p1b: Oranguru
|-fieldstart|move: Trick Room|[of] p1b: Oranguru
|
|upkeep
|turn|8
|
|t:|1785199729
|move|p2a: Sableye|Encore|p1b: Oranguru
|-start|p1b: Oranguru|Encore
|move|p1a: Primarina|Life Dew|p1a: Primarina|[spread] p1a,p1b
|-heal|p1a: Primarina|79/100
|-heal|p1b: Oranguru|66/100
|move|p2b: Garchomp|Rock Slide|p1a: Primarina|[spread] p1a,p1b
|-damage|p1a: Primarina|59/100
|-damage|p1b: Oranguru|48/100
|move|p1b: Oranguru|Trick Room|p1b: Oranguru
|-fieldend|move: Trick Room
|
|upkeep
|turn|9
|inactive|demonofrune has 30 seconds left.
|
|t:|1785199762
|switch|p2b: Aerodactyl|Aerodactyl, L50, F, shiny|60/100
|-ability|p2b: Aerodactyl|Unnerve
|switch|p1b: Pelipper|Pelipper, L50, M|100/100
|-weather|RainDance|[from] ability: Drizzle|[of] p1b: Pelipper
|move|p2a: Sableye|Encore|p1a: Primarina
|-start|p1a: Primarina|Encore
|move|p1a: Primarina|Life Dew||[still]|[spread] p1a,p1b
|-heal|p1a: Primarina|84/100
|-fail|p1b: Pelipper|heal
|
|-weather|RainDance|[upkeep]
|upkeep
|turn|10
|inactive|LuckBoundLuxrays has 30 seconds left.
|inactive|demonofrune has 30 seconds left.
|inactive|LuckBoundLuxrays has 20 seconds left.
|
|t:|1785199801
|switch|p2a: Charizard|Charizard-Mega-Y, L50, M, shiny|72/100
|-weather|SunnyDay|[from] ability: Drought|[of] p2a: Charizard
|move|p2b: Aerodactyl|Protect|p2b: Aerodactyl
|-singleturn|p2b: Aerodactyl|Protect
|move|p1b: Pelipper|Weather Ball|p2a: Charizard
|-resisted|p2a: Charizard|1
|-damage|p2a: Charizard|57/100
|move|p1a: Primarina|Life Dew||[still]|[spread] p1a,p1b
|-heal|p1a: Primarina|100/100
|-fail|p1b: Pelipper|heal
|
|-weather|SunnyDay|[upkeep]
|upkeep
|turn|11
|inactive|LuckBoundLuxrays has 30 seconds left.
|
|t:|1785199830
|move|p1b: Pelipper|Wide Guard|p1b: Pelipper
|-singleturn|p1b: Pelipper|Wide Guard
|move|p2b: Aerodactyl|Dual Wingbeat|p1b: Pelipper
|-crit|p1b: Pelipper
|-damage|p1b: Pelipper|81/100
|-damage|p1b: Pelipper|68/100
|-hitcount|p1b: Pelipper|2
|move|p2a: Charizard|Weather Ball|p1b: Pelipper
|-resisted|p1b: Pelipper|1
|-damage|p1b: Pelipper|0 fnt
|faint|p1b: Pelipper
|move|p1a: Primarina|Life Dew||[still]
|-fail|p1a: Primarina|heal
|
|-weather|SunnyDay|[upkeep]
|-end|p1a: Primarina|Encore
|upkeep
|
|t:|1785199850
|switch|p1b: Golurk|Golurk, L50, shiny|100/100
|turn|12
|inactive|LuckBoundLuxrays has 30 seconds left.
|inactive|demonofrune has 30 seconds left.
|
|t:|1785199881
|detailschange|p1b: Golurk|Golurk-Mega, L50, shiny
|-mega|p1b: Golurk|Golurk|Golurkite
|move|p2b: Aerodactyl|Dual Wingbeat|p1b: Golurk
|-damage|p1b: Golurk|85/100
|-damage|p1b: Golurk|72/100
|-hitcount|p1b: Golurk|2
|move|p2a: Charizard|Solar Beam||[still]
|-prepare|p2a: Charizard|Solar Beam
|-anim|p2a: Charizard|Solar Beam|p1b: Golurk
|-supereffective|p1b: Golurk|1
|-damage|p1b: Golurk|0 fnt
|faint|p1b: Golurk
|move|p1a: Primarina|Hyper Voice|p2b: Aerodactyl|[spread] p2a,p2b
|-supereffective|p2a: Charizard|1
|-crit|p2a: Charizard
|-supereffective|p2b: Aerodactyl|1
|-damage|p2a: Charizard|21/100
|-damage|p2b: Aerodactyl|17/100
|
|-weather|SunnyDay|[upkeep]
|upkeep
|
|t:|1785199896
|switch|p1b: Oranguru|Oranguru, L50, M|48/100
|turn|13
|inactive|LuckBoundLuxrays has 30 seconds left.
|inactive|demonofrune has 30 seconds left.
|inactive|LuckBoundLuxrays has 20 seconds left.
|
|t:|1785199935
|move|p1a: Primarina|Protect|p1a: Primarina
|-singleturn|p1a: Primarina|Protect
|move|p2b: Aerodactyl|Dual Wingbeat|p1a: Primarina
|-activate|p1a: Primarina|move: Protect
|move|p2a: Charizard|Solar Beam||[still]
|-prepare|p2a: Charizard|Solar Beam
|-anim|p2a: Charizard|Solar Beam|p1a: Primarina
|-activate|p1a: Primarina|move: Protect
|move|p1b: Oranguru|Psychic|p2a: Charizard
|-damage|p2a: Charizard|0 fnt
|faint|p2a: Charizard
|
|-weather|SunnyDay|[upkeep]
|upkeep
|
|t:|1785199958
|switch|p2a: Sableye|Sableye, L50, M, shiny|4/100
|turn|14
|inactive|LuckBoundLuxrays has 30 seconds left.
|inactive|LuckBoundLuxrays has 20 seconds left.
|
|t:|1785199983
|move|p2b: Aerodactyl|Protect|p2b: Aerodactyl
|-singleturn|p2b: Aerodactyl|Protect
|move|p2a: Sableye|Encore|p1a: Primarina
|-start|p1a: Primarina|Encore
|move|p1a: Primarina|Protect||[still]
|-fail|p1a: Primarina
|move|p1b: Oranguru|Psychic|p2b: Aerodactyl
|-activate|p2b: Aerodactyl|move: Protect
|
|-weather|none
|upkeep
|turn|15
|inactive|LuckBoundLuxrays has 20 seconds left this turn.
|inactive|LuckBoundLuxrays has 15 seconds left.
|inactive|LuckBoundLuxrays has 10 seconds left.
|inactive|LuckBoundLuxrays has 5 seconds left.
|-message|LuckBoundLuxrays lost due to inactivity.
|
|win|demonofrune
|inactive|LuckBoundLuxrays has 30 seconds to confirm battle start!
|inactive|demonofrune has 30 seconds to confirm battle start!
|inactive|LuckBoundLuxrays has 20 seconds to confirm battle start!
|inactive|demonofrune has 20 seconds to confirm battle start!
||demonofrune is ready for game 2.
||LuckBoundLuxrays is ready for game 2.
|uhtml|next|Next: Game 2 of 3
