|j|☆zootvgc
|j|☆aldishh
|html|zootvgcaldishh    
|uhtml|bestof|Game 3 of a best-of-3
|t:|1757036978
|gametype|doubles
|player|p1|zootvgc|1|1000
|player|p2|aldishh|169|1093
|gen|9
|tier|[Gen 9] VGC 2025 Reg H (Bo3)
|rated|
|rule|Species Clause: Limit one of each Pokémon
|rule|Item Clause: Limit 1 of each item
|clearpoke
|poke|p1|Archaludon, L50, M|
|poke|p1|Dragonite, L50, F|
|poke|p1|Pelipper, L50, F|
|poke|p1|Ursaluna, L50, F|
|poke|p1|Sinistcha, L50|
|poke|p1|Gholdengo, L50|
|poke|p2|Tyranitar, L50, M|
|poke|p2|Incineroar, L50, M|
|poke|p2|Rillaboom, L50, M|
|poke|p2|Gholdengo, L50|
|poke|p2|Sneasler, L50, F|
|poke|p2|Garchomp, L50, M|
|teampreview|4
|showteam|p1|Archaludon||AssaultVest|Stamina|ElectroShot,BodyPress,FlashCannon,Snarl|||M|||50|,,,,,Fairy]Dragonite||LoadedDice|Multiscale|ScaleShot,Tailwind,Haze,Protect|||F|||50|,,,,,Steel]Pelipper||FocusSash|Drizzle|WeatherBall,Hurricane,Tailwind,Protect|||F|||50|,,,,,Ghost]Ursaluna||FlameOrb|Guts|Earthquake,Facade,Protect,HeadlongRush|||F|||50|,,,,,Ghost]Sinistcha||SitrusBerry|Hospitality|MatchaGotcha,TrickRoom,RagePowder,LifeDew||||||50|,,,,,Dark]Gholdengo||LifeOrb|GoodasGold|MakeItRain,ShadowBall,NastyPlot,Protect||||||50|,,,,,Water
|showteam|p2|Tyranitar||AssaultVest|SandStream|KnockOff,LowKick,RockSlide,IcePunch|||M|||50|,,,,,Bug]Incineroar||SafetyGoggles|Intimidate|FakeOut,PartingShot,KnockOff,FlareBlitz|||M|||50|,,,,,Ghost]Rillaboom||MiracleSeed|GrassySurge|GrassyGlide,WoodHammer,FakeOut,Protect|||M|||50|,,,,,Grass]Gholdengo||MetalCoat|GoodasGold|NastyPlot,Protect,MakeItRain,ShadowBall||||||50|,,,,,Water]Sneasler||LifeOrb|PoisonTouch|Coaching,CloseCombat,DireClaw,FakeOut|||F|||50|,,,,,Flying]Garchomp||ClearAmulet|SandVeil|Earthquake,StompingTantrum,DragonClaw,Protect|||M|||50|,,,,,Ground
|inactive|Battle timer is ON: inactive players will automatically lose when time's up. (requested by aldishh)
|inactive|zootvgc has 60 seconds left.
|
|t:|1757037070
|teamsize|p1|4
|teamsize|p2|4
|start
|switch|p1a: Gholdengo|Gholdengo, L50|100/100
|switch|p1b: Sinistcha|Sinistcha, L50|100/100
|switch|p2a: Incineroar|Incineroar, L50, M, shiny|100/100
|switch|p2b: Tyranitar|Tyranitar, L50, M, shiny|100/100
|-weather|Sandstorm|[from] ability: Sand Stream|[of] p2b: Tyranitar
|-ability|p2a: Incineroar|Intimidate|boost
|-unboost|p1a: Gholdengo|atk|1
|-unboost|p1b: Sinistcha|atk|1
|turn|1
|inactive|zootvgc has 30 seconds left.
|
|t:|1757037098
|-terastallize|p1b: Sinistcha|Dark
|move|p1a: Gholdengo|Make It Rain|p2a: Incineroar|[spread] p2a,p2b
|-resisted|p2a: Incineroar
|-supereffective|p2b: Tyranitar
|-damage|p2a: Incineroar|79/100
|-damage|p2b: Tyranitar|59/100
|-unboost|p1a: Gholdengo|spa|1
|-damage|p1a: Gholdengo|91/100|[from] item: Life Orb
|move|p2b: Tyranitar|Knock Off|p1b: Sinistcha
|-resisted|p1b: Sinistcha
|-damage|p1b: Sinistcha|77/100
|-enditem|p1b: Sinistcha|Sitrus Berry|[from] move: Knock Off|[of] p2b: Tyranitar
|move|p2a: Incineroar|Knock Off|p1a: Gholdengo
|-supereffective|p1a: Gholdengo
|-damage|p1a: Gholdengo|0 fnt
|-enditem|p1a: Gholdengo|Life Orb|[from] move: Knock Off|[of] p2a: Incineroar
|faint|p1a: Gholdengo
|move|p1b: Sinistcha|Trick Room|p1b: Sinistcha
|-fieldstart|move: Trick Room|[of] p1b: Sinistcha
|
|-weather|Sandstorm|[upkeep]
|-damage|p1b: Sinistcha|71/100|[from] Sandstorm
|upkeep
|
|t:|1757037116
|switch|p1a: Ursaluna|Ursaluna, L50, F|100/100
|turn|2
|inactive|zootvgc has 30 seconds left.
|
|t:|1757037143
|switch|p2b: Rillaboom|Rillaboom, L50, M|100/100
|-fieldstart|move: Grassy Terrain|[from] ability: Grassy Surge|[of] p2b: Rillaboom
|move|p1a: Ursaluna|Protect|p1a: Ursaluna
|-singleturn|p1a: Ursaluna|Protect
|move|p2a: Incineroar|Parting Shot|p1b: Sinistcha
|-unboost|p1b: Sinistcha|atk|1
|-unboost|p1b: Sinistcha|spa|1
|
|t:|1757037165
|switch|p2a: Gholdengo|Gholdengo, L50|100/100|[from] Parting Shot
|move|p1b: Sinistcha|Matcha Gotcha|p2a: Gholdengo|[spread] p2a,p2b
|-resisted|p2a: Gholdengo
|-resisted|p2b: Rillaboom
|-damage|p2a: Gholdengo|90/100
|-heal|p1b: Sinistcha|77/100|[from] drain|[of] p2a: Gholdengo
|-damage|p2b: Rillaboom|87/100
|-heal|p1b: Sinistcha|85/100|[from] drain|[of] p2b: Rillaboom
|
|-weather|Sandstorm|[upkeep]
|-damage|p1b: Sinistcha|79/100|[from] Sandstorm
|-damage|p2b: Rillaboom|82/100|[from] Sandstorm
|-heal|p1b: Sinistcha|85/100|[from] Grassy Terrain
|-heal|p2b: Rillaboom|87/100|[from] Grassy Terrain
|-heal|p2a: Gholdengo|96/100|[from] Grassy Terrain
|-status|p1a: Ursaluna|brn|[from] item: Flame Orb
|upkeep
|turn|3
|
|t:|1757037189
|switch|p1b: Archaludon|Archaludon, L50, M|100/100
|switch|p2a: Incineroar|Incineroar, L50, M, shiny|79/100
|-ability|p2a: Incineroar|Intimidate|boost
|-unboost|p1a: Ursaluna|atk|1
|-unboost|p1b: Archaludon|atk|1
|move|p2b: Rillaboom|Grassy Glide|p1a: Ursaluna
|-supereffective|p1a: Ursaluna
|-damage|p1a: Ursaluna|23/100 brn
|move|p1a: Ursaluna|Facade|p2b: Rillaboom
|-damage|p2b: Rillaboom|9/100
|
|-weather|Sandstorm|[upkeep]
|-damage|p2b: Rillaboom|3/100|[from] Sandstorm
|-heal|p2a: Incineroar|85/100|[from] Grassy Terrain
|-heal|p1a: Ursaluna|29/100 brn|[from] Grassy Terrain
|-heal|p2b: Rillaboom|9/100|[from] Grassy Terrain
|-damage|p1a: Ursaluna|23/100 brn|[from] brn
|upkeep
|turn|4
|inactive|zootvgc has 30 seconds left.
|inactive|zootvgc has 20 seconds left.
|inactive|zootvgc has 15 seconds left.
|
|t:|1757037233
|move|p1a: Ursaluna|Protect|p1a: Ursaluna
|-singleturn|p1a: Ursaluna|Protect
|move|p2a: Incineroar|Fake Out|p1b: Archaludon
|-resisted|p1b: Archaludon
|-damage|p1b: Archaludon|97/100
|-ability|p1b: Archaludon|Stamina|boost
|-boost|p1b: Archaludon|def|1
|move|p2b: Rillaboom|Grassy Glide|p1a: Ursaluna
|-activate|p1a: Ursaluna|move: Protect
|cant|p1b: Archaludon|flinch
|
|-weather|Sandstorm|[upkeep]
|-damage|p2b: Rillaboom|3/100|[from] Sandstorm
|-heal|p2a: Incineroar|91/100|[from] Grassy Terrain
|-heal|p1a: Ursaluna|29/100 brn|[from] Grassy Terrain
|-heal|p2b: Rillaboom|9/100|[from] Grassy Terrain
|-heal|p1b: Archaludon|100/100|[from] Grassy Terrain
|-damage|p1a: Ursaluna|23/100 brn|[from] brn
|upkeep
|turn|5
|inactive|zootvgc has 30 seconds left.
|
|t:|1757037267
|switch|p1a: Sinistcha|Sinistcha, L50, tera:Dark|85/100
|move|p2b: Rillaboom|Grassy Glide|p1a: Sinistcha
|-damage|p1a: Sinistcha|42/100
|move|p2a: Incineroar|Parting Shot|p1b: Archaludon
|-unboost|p1b: Archaludon|atk|1
|-unboost|p1b: Archaludon|spa|1
|
|t:|1757037282
|switch|p2a: Gholdengo|Gholdengo, L50|96/100|[from] Parting Shot
|move|p1b: Archaludon|Body Press|p2b: Rillaboom
|-damage|p2b: Rillaboom|0 fnt
|faint|p2b: Rillaboom
|
|-weather|none
|-heal|p1a: Sinistcha|48/100|[from] Grassy Terrain
|-heal|p2a: Gholdengo|100/100|[from] Grassy Terrain
|-fieldend|move: Trick Room
|upkeep
|
|t:|1757037292
|switch|p2b: Incineroar|Incineroar, L50, M, shiny|91/100
|-ability|p2b: Incineroar|Intimidate|boost
|-unboost|p1a: Sinistcha|atk|1
|-unboost|p1b: Archaludon|atk|1
|turn|6
|inactive|zootvgc has 30 seconds left.
|
|t:|1757037319
|move|p2a: Gholdengo|Nasty Plot|p2a: Gholdengo
|-boost|p2a: Gholdengo|spa|2
|move|p1b: Archaludon|Body Press|p2b: Incineroar
|-supereffective|p2b: Incineroar
|-damage|p2b: Incineroar|15/100
|move|p2b: Incineroar|Parting Shot|p1b: Archaludon
|-unboost|p1b: Archaludon|atk|1
|-unboost|p1b: Archaludon|spa|1
|
|t:|1757037326
|switch|p2b: Tyranitar|Tyranitar, L50, M, shiny|59/100|[from] Parting Shot
|-weather|Sandstorm|[from] ability: Sand Stream|[of] p2b: Tyranitar
|move|p1a: Sinistcha|Trick Room|p1a: Sinistcha
|-fieldstart|move: Trick Room|[of] p1a: Sinistcha
|
|-weather|Sandstorm|[upkeep]
|-damage|p1a: Sinistcha|42/100|[from] Sandstorm
|-heal|p2b: Tyranitar|65/100|[from] Grassy Terrain
|-heal|p1a: Sinistcha|48/100|[from] Grassy Terrain
|-fieldend|move: Grassy Terrain
|upkeep
|turn|7
|inactive|aldishh has 30 seconds left.
|inactive|aldishh has 20 seconds left.
|inactive|aldishh has 15 seconds left.
|
|t:|1757037367
|move|p2b: Tyranitar|Knock Off|p1b: Archaludon
|-damage|p1b: Archaludon|78/100
|-ability|p1b: Archaludon|Stamina|boost
|-boost|p1b: Archaludon|def|1
|-enditem|p1b: Archaludon|Assault Vest|[from] move: Knock Off|[of] p2b: Tyranitar
|move|p1a: Sinistcha|Life Dew|p1a: Sinistcha|[spread] p1a,p1b
|-heal|p1a: Sinistcha|74/100
|-heal|p1b: Archaludon|100/100
|move|p1b: Archaludon|Body Press|p2b: Tyranitar
|-supereffective|p2b: Tyranitar
|-damage|p2b: Tyranitar|0 fnt
|faint|p2b: Tyranitar
|move|p2a: Gholdengo|Shadow Ball|p1b: Archaludon
|-damage|p1b: Archaludon|15/100
|-ability|p1b: Archaludon|Stamina|boost
|-boost|p1b: Archaludon|def|1
|
|-weather|Sandstorm|[upkeep]
|-damage|p1a: Sinistcha|67/100|[from] Sandstorm
|upkeep
|
|t:|1757037384
|switch|p2b: Incineroar|Incineroar, L50, M, shiny|15/100
|-ability|p2b: Incineroar|Intimidate|boost
|-unboost|p1a: Sinistcha|atk|1
|-unboost|p1b: Archaludon|atk|1
|turn|8
|
|t:|1757037408
|move|p2b: Incineroar|Fake Out|p1b: Archaludon
|-resisted|p1b: Archaludon
|-damage|p1b: Archaludon|14/100
|-ability|p1b: Archaludon|Stamina|boost
|-boost|p1b: Archaludon|def|1
|move|p1a: Sinistcha|Matcha Gotcha|p2b: Incineroar|[spread] p2a,p2b
|-resisted|p2a: Gholdengo
|-resisted|p2b: Incineroar
|-damage|p2a: Gholdengo|89/100
|-heal|p1a: Sinistcha|74/100|[from] drain|[of] p2a: Gholdengo
|-damage|p2b: Incineroar|7/100
|-heal|p1a: Sinistcha|78/100|[from] drain|[of] p2b: Incineroar
|cant|p1b: Archaludon|flinch
|move|p2a: Gholdengo|Make It Rain|p1b: Archaludon|[spread] p1a,p1b
|-resisted|p1b: Archaludon
|-damage|p1a: Sinistcha|0 fnt
|-damage|p1b: Archaludon|0 fnt
|-unboost|p2a: Gholdengo|spa|1
|faint|p1a: Sinistcha
|faint|p1b: Archaludon
|
|-weather|Sandstorm|[upkeep]
|upkeep
|
|t:|1757037431
|switch|p1b: Ursaluna|Ursaluna, L50, F|23/100 brn
|turn|9
|
|t:|1757037448
|-terastallize|p2a: Gholdengo|Water
|move|p2b: Incineroar|Flare Blitz|p1b: Ursaluna
|-damage|p1b: Ursaluna|0 fnt
|faint|p1b: Ursaluna
|-damage|p2b: Incineroar|0 fnt|[from] Recoil
|faint|p2b: Incineroar
|
|win|aldishh
|raw|zootvgc's rating: 1000 → 1000(+0 for losing)
|raw|aldishh's rating: 1093 → 1112(+19 for winning)
|c|☆zootvgc|gg
|c|☆aldishh|gg
