|j|☆lexema
|j|☆Gayangos
|html|lexemaGayangos    
|uhtml|bestof|Game 1 of a best-of-3
|t:|1782380777
|gametype|doubles
|player|p1|lexema|buck|1143
|player|p2|Gayangos|266|1195
|gen|9
|tier|[Gen 9 Champions] VGC 2026 Reg M-B (Bo3)
|rated|
|rule|Species Clause: Limit one of each Pokémon
|rule|Item Clause: Limit 1 of each item
|clearpoke
|poke|p1|Whimsicott, L50, F|
|poke|p1|Swampert, L50, M|
|poke|p1|Pelipper, L50, M|
|poke|p1|Archaludon, L50, F|
|poke|p1|Basculegion, L50, M|
|poke|p1|Floette-Eternal, L50, F|
|poke|p2|Metagross, L50|
|poke|p2|Froslass, L50, F|
|poke|p2|Lycanroc-Dusk, L50, F|
|poke|p2|Sneasler, L50, M|
|poke|p2|Hydreigon, L50, F|
|poke|p2|Milotic, L50, M|
|teampreview|4
|showteam|p1|Whimsicott||CobaBerry|Prankster|Moonblast,Tailwind,Encore,Protect|Bold||F|||50|]Swampert||Swampertite|Damp|Liquidation,Earthquake,IcePunch,Protect|Serious||M|||50|]Pelipper||SitrusBerry|Drizzle|Hurricane,WeatherBall,Tailwind,Protect|Modest||M|||50|]Archaludon||Leftovers|Stamina|DracoMeteor,FlashCannon,ElectroShot,Protect|Modest||F|||50|]Basculegion||FocusSash|Adaptability|WaveCrash,LastRespects,AquaJet,Protect|Adamant||M|||50|]Floette-Eternal||Floettite|FlowerVeil|Moonblast,DazzlingGleam,Protect,LightofRuin|Modest||F|||50|
|showteam|p2|Metagross||Metagrossite|ClearBody|IronHead,StompingTantrum,ThunderPunch,Protect|Jolly|||||50|]Froslass||Froslassite|CursedBody|Blizzard,ShadowBall,AuroraVeil,Protect|Modest||F|||50|]Lycanroc-Dusk||FocusSash|ToughClaws|RockSlide,CloseCombat,Accelerock,Protect|Adamant||F|||50|]Sneasler||WhiteHerb|Unburden|FakeOut,DireClaw,CloseCombat,Coaching|Jolly||M|||50|]Hydreigon||ChoiceScarf|Levitate|DracoMeteor,DarkPulse,Snarl,HeatWave|Modest||F|||50|]Milotic||Leftovers|Competitive|MuddyWater,Hypnosis,Coil,Recover|Calm||M|||50|
|inactive|Battle timer is ON: inactive players will automatically lose when time's up. (requested by lexema)
|inactive|Gayangos has 60 seconds left.
|
|t:|1782380842
|teamsize|p1|4
|teamsize|p2|4
|start
|switch|p1a: Swampert|Swampert, L50, M|100/100
|switch|p1b: Pelipper|Pelipper, L50, M|100/100
|switch|p2a: Froslass|Froslass, L50, F|100/100
|switch|p2b: Sneasler|Sneasler, L50, M|100/100
|-weather|RainDance|[from] ability: Drizzle|[of] p1b: Pelipper
|turn|1
|inactive|lexema has 30 seconds left.
|inactive|lexema has 20 seconds left.
|inactive|lexema has 15 seconds left.
|inactive|lexema has 10 seconds left.
|inactive|lexema has 5 seconds left.
|
|t:|1782380893
|detailschange|p2a: Froslass|Froslass-Mega, L50, F
|-mega|p2a: Froslass|Froslass|Froslassite
|-weather|Snowscape|[from] ability: Snow Warning|[of] p2a: Froslass
|detailschange|p1a: Swampert|Swampert-Mega, L50, M
|-mega|p1a: Swampert|Swampert|Swampertite
|move|p2b: Sneasler|Close Combat|p1a: Swampert
|-damage|p1a: Swampert|46/100
|-unboost|p2b: Sneasler|def|1
|-unboost|p2b: Sneasler|spd|1
|-enditem|p2b: Sneasler|White Herb
|-clearnegativeboost|p2b: Sneasler|[silent]
|move|p2a: Froslass|Blizzard|p1b: Pelipper|[spread] p1a,p1b
|-damage|p1a: Swampert|5/100
|-damage|p1b: Pelipper|20/100y
|-enditem|p1b: Pelipper|Sitrus Berry|[eat]
|-heal|p1b: Pelipper|45/100|[from] item: Sitrus Berry
|move|p1b: Pelipper|Tailwind|p1b: Pelipper
|-sidestart|p1: lexema|move: Tailwind
|move|p1a: Swampert|Liquidation|p2b: Sneasler
|-damage|p2b: Sneasler|16/100
|
|-weather|Snowscape|[upkeep]
|upkeep
|turn|2
|inactive|lexema has 30 seconds left.
|inactive|Gayangos has 30 seconds left.
|inactive|Gayangos has 20 seconds left.
|
|t:|1782380933
|move|p2b: Sneasler|Dire Claw|p1b: Pelipper
|-damage|p1b: Pelipper|0 fnt
|faint|p1b: Pelipper
|move|p1a: Swampert|Earthquake|p2b: Sneasler|[spread] p2a,p2b
|-supereffective|p2b: Sneasler|1
|-damage|p2a: Froslass|53/100
|-damage|p2b: Sneasler|0 fnt
|faint|p2b: Sneasler
|move|p2a: Froslass|Blizzard|p1a: Swampert
|-damage|p1a: Swampert|0 fnt
|faint|p1a: Swampert
|
|-weather|Snowscape|[upkeep]
|upkeep
|
|t:|1782380957
|switch|p2b: Lycanroc|Lycanroc-Dusk, L50, F|100/100
|switch|p1b: Basculegion|Basculegion, L50, M|100/100
|switch|p1a: Archaludon|Archaludon, L50, F|100/100
|turn|3
|
|t:|1782380976
|move|p2a: Froslass|Protect|p2a: Froslass
|-singleturn|p2a: Froslass|Protect
|move|p2b: Lycanroc|Protect|p2b: Lycanroc
|-singleturn|p2b: Lycanroc|Protect
|move|p1b: Basculegion|Wave Crash|p2b: Lycanroc
|-activate|p2b: Lycanroc|move: Protect
|move|p1a: Archaludon|Flash Cannon|p2a: Froslass
|-activate|p2a: Froslass|move: Protect
|
|-weather|Snowscape|[upkeep]
|upkeep
|turn|4
|
|t:|1782380991
|switch|p2a: Hydreigon|Hydreigon, L50, F|100/100
|move|p2b: Lycanroc|Accelerock|p1b: Basculegion
|-damage|p1b: Basculegion|63/100
|move|p1b: Basculegion|Last Respects|p2a: Hydreigon
|-resisted|p2a: Hydreigon|1
|-damage|p2a: Hydreigon|37/100
|move|p1a: Archaludon|Flash Cannon|p2b: Lycanroc
|-supereffective|p2b: Lycanroc|1
|-enditem|p2b: Lycanroc|Focus Sash
|-damage|p2b: Lycanroc|1/100
|
|-weather|Snowscape|[upkeep]
|-sideend|p1: lexema|move: Tailwind
|upkeep
|turn|5
|inactive|lexema has 30 seconds left.
|
|t:|1782381019
|move|p1b: Basculegion|Protect|p1b: Basculegion
|-singleturn|p1b: Basculegion|Protect
|move|p2b: Lycanroc|Accelerock|p1b: Basculegion
|-activate|p1b: Basculegion|move: Protect
|move|p2a: Hydreigon|Snarl|p1a: Archaludon|[spread] p1a
|-activate|p1b: Basculegion|move: Protect
|-damage|p1a: Archaludon|79/100
|-unboost|p1a: Archaludon|spa|1
|-ability|p1a: Archaludon|Stamina|boost
|-boost|p1a: Archaludon|def|1
|move|p1a: Archaludon|Flash Cannon|p2a: Hydreigon
|-damage|p2a: Hydreigon|11/100
|
|-weather|none
|-heal|p1a: Archaludon|85/100|[from] item: Leftovers
|upkeep
|turn|6
|
|t:|1782381041
|move|p1b: Basculegion|Aqua Jet|p2a: Hydreigon
|-resisted|p2a: Hydreigon|1
|-damage|p2a: Hydreigon|0 fnt
|faint|p2a: Hydreigon
|move|p2b: Lycanroc|Close Combat|p1a: Archaludon
|-supereffective|p1a: Archaludon|1
|-damage|p1a: Archaludon|26/100
|-unboost|p2b: Lycanroc|def|1
|-unboost|p2b: Lycanroc|spd|1
|-ability|p1a: Archaludon|Stamina|boost
|-boost|p1a: Archaludon|def|1
|move|p1a: Archaludon|Flash Cannon|p2b: Lycanroc
|-supereffective|p2b: Lycanroc|1
|-crit|p2b: Lycanroc
|-damage|p2b: Lycanroc|0 fnt
|faint|p2b: Lycanroc
|
|-heal|p1a: Archaludon|32/100|[from] item: Leftovers
|upkeep
|
|t:|1782381049
|switch|p2b: Froslass|Froslass-Mega, L50, F|53/100
|-weather|Snowscape|[from] ability: Snow Warning|[of] p2b: Froslass
|turn|7
|
|t:|1782381066
|move|p2b: Froslass|Blizzard|p1b: Basculegion|[spread] p1a,p1b
|-resisted|p1b: Basculegion|1
|-damage|p1a: Archaludon|0 fnt
|-damage|p1b: Basculegion|36/100
|faint|p1a: Archaludon
|move|p1b: Basculegion|Last Respects|p2b: Froslass
|-supereffective|p2b: Froslass|1
|-damage|p2b: Froslass|0 fnt
|faint|p2b: Froslass
|
|win|lexema
||lexema is ready for game 2.
||Gayangos is ready for game 2.
|uhtml|next|Next: Game 2 of 3
