|j|☆Prizical
|j|☆tilremo
|html|Prizicaltilremo    
|uhtml|bestof|Game 1 of a best-of-3
|t:|1784935678
|gametype|doubles
|player|p1|Prizical|youngster-gen4dp|
|player|p2|tilremo|169|
|gen|9
|tier|[Gen 9 Champions] VGC 2026 Reg M-B (Bo3)
|rule|Species Clause: Limit one of each Pokémon
|rule|Item Clause: Limit 1 of each item
|clearpoke
|poke|p1|Floette-Eternal, L50, F|
|poke|p1|Talonflame, L50, F|
|poke|p1|Kangaskhan, L50, F|
|poke|p1|Espathra, L50, M|
|poke|p1|Rotom-Wash, L50|
|poke|p1|Ceruledge, L50, F|
|poke|p2|Lopunny, L50, F|
|poke|p2|Garchomp, L50, M|
|poke|p2|Sableye, L50, M|
|poke|p2|Ariados, L50, F|
|poke|p2|Skarmory, L50, M|
|poke|p2|Eelektross, L50, F|
|teampreview|4
|showteam|p1|Floette-Eternal||Floettite|FlowerVeil|LightofRuin,DazzlingGleam,Moonblast,Protect|Modest||F|||50|]Talonflame||FocusSash|GaleWings|BraveBird,Protect,WillOWisp,Tailwind|Adamant||F|||50|]Kangaskhan||Kangaskhanite|Scrappy|FakeOut,Protect,DoubleEdge,BrickBreak|Adamant||F|||50|]Espathra||MentalHerb|SpeedBoost|CalmMind,BatonPass,Protect,LuminaCrash|Calm||M|||50|]Rotom-Wash||ChoiceScarf|Levitate|Electroweb,WillOWisp,HydroPump,Thunderbolt|Modest|||||50|]Ceruledge||SitrusBerry|FlashFire|BitterBlade,CloseCombat,Protect,Taunt|Adamant||F|||50|
|showteam|p2|Lopunny||Lopunnite|Limber|CloseCombat,FakeOut,Facade,Protect|Jolly||F|||50|]Garchomp||LifeOrb|RoughSkin|RockSlide,Earthquake,ScaleShot,Protect|Jolly||M|||50|]Sableye||Leftovers|Prankster|FakeOut,Quash,Encore,Taunt|Impish||M|||50|]Ariados||SitrusBerry|Swarm|PoisonJab,StringShot,FirstImpression,RagePowder|Adamant||F|||50|]Skarmory||MetalCoat|Sturdy|IronHead,RockSlide,BodyPress,Tailwind|Adamant||M|||50|]Eelektross||Eelektrossite|Levitate|ThunderPunch,BrickBreak,Crunch,IronTail|Adamant||F|||50|
|
|t:|1784935779
|teamsize|p1|4
|teamsize|p2|4
|start
|switch|p1a: Talonflame|Talonflame, L50, F|100/100
|switch|p1b: Espathra|Espathra, L50, M|100/100
|switch|p2a: Neil|Sableye, L50, M|100/100
|switch|p2b: Marcos|Skarmory, L50, M|100/100
|turn|1
|
|t:|1784935803
|move|p2a: Neil|Fake Out|p1a: Talonflame
|-damage|p1a: Talonflame|88/100
|cant|p1a: Talonflame|flinch
|move|p1b: Espathra|Calm Mind|p1b: Espathra
|-boost|p1b: Espathra|spa|1
|-boost|p1b: Espathra|spd|1
|move|p2b: Marcos|Tailwind|p2b: Marcos
|-sidestart|p2: tilremo|move: Tailwind
|
|-ability|p1b: Espathra|Speed Boost|boost
|-boost|p1b: Espathra|spe|1
|upkeep
|turn|2
|
|t:|1784935835
|move|p2a: Neil|Encore|p1b: Espathra
|-start|p1b: Espathra|Encore
|-enditem|p1b: Espathra|Mental Herb
|-end|p1b: Espathra|Encore
|move|p2b: Marcos|Rock Slide|p1b: Espathra|[spread] p1a,p1b
|-supereffective|p1a: Talonflame|2
|-damage|p1a: Talonflame|0 fnt
|-damage|p1b: Espathra|82/100
|faint|p1a: Talonflame
|move|p1b: Espathra|Calm Mind|p1b: Espathra
|-boost|p1b: Espathra|spa|1
|-boost|p1b: Espathra|spd|1
|
|-ability|p1b: Espathra|Speed Boost|boost
|-boost|p1b: Espathra|spe|1
|upkeep
|
|t:|1784935847
|switch|p1a: Rotom|Rotom-Wash, L50|100/100
|turn|3
|
|t:|1784935894
|move|p1b: Espathra|Protect|p1b: Espathra
|-singleturn|p1b: Espathra|Protect
|move|p2a: Neil|Encore|p1b: Espathra
|-activate|p1b: Espathra|move: Protect
|move|p1a: Rotom|Thunderbolt|p2b: Marcos
|-supereffective|p2b: Marcos|1
|-ability|p2b: Marcos|Sturdy
|-damage|p2b: Marcos|1/100
|move|p2b: Marcos|Body Press|p1a: Rotom
|-damage|p1a: Rotom|71/100
|
|-ability|p1b: Espathra|Speed Boost|boost
|-boost|p1b: Espathra|spe|1
|upkeep
|turn|4
|
|t:|1784935932
|move|p2a: Neil|Encore|p1b: Espathra
|-start|p1b: Espathra|Encore
|move|p1b: Espathra|Protect||[still]
|-fail|p1b: Espathra
|move|p1a: Rotom|Thunderbolt|p2b: Marcos
|-supereffective|p2b: Marcos|1
|-damage|p2b: Marcos|0 fnt
|faint|p2b: Marcos
|
|-sideend|p2: tilremo|move: Tailwind
|-ability|p1b: Espathra|Speed Boost|boost
|-boost|p1b: Espathra|spe|1
|upkeep
|
|t:|1784935942
|switch|p2b: Lola|Lopunny, L50, F|100/100
|turn|5
|
|t:|1784936000
|detailschange|p2b: Lola|Lopunny-Mega, L50, F
|-mega|p2b: Lola|Lopunny|Lopunnite
|move|p1b: Espathra|Protect|p1b: Espathra
|-singleturn|p1b: Espathra|Protect
|move|p2b: Lola|Fake Out|p1a: Rotom
|-damage|p1a: Rotom|47/100
|move|p2a: Neil|Taunt|p1b: Espathra
|-activate|p1b: Espathra|move: Protect
|cant|p1a: Rotom|flinch
|
|-ability|p1b: Espathra|Speed Boost|boost
|-boost|p1b: Espathra|spe|1
|upkeep
|turn|6
|
|t:|1784936043
|switch|p1a: Floette|Floette-Eternal, L50, F|100/100
|move|p1b: Espathra|Protect|p1b: Espathra
|-singleturn|p1b: Espathra|Protect
|move|p2a: Neil|Taunt|p1b: Espathra
|-activate|p1b: Espathra|move: Protect
|move|p2b: Lola|Close Combat|p1a: Floette
|-resisted|p1a: Floette|1
|-damage|p1a: Floette|49/100
|-unboost|p2b: Lola|def|1
|-unboost|p2b: Lola|spd|1
|
|-end|p1b: Espathra|Encore
|-ability|p1b: Espathra|Speed Boost|boost
|-boost|p1b: Espathra|spe|1
|upkeep
|turn|7
|
|t:|1784936106
|detailschange|p1a: Floette|Floette-Mega, L50, F
|-mega|p1a: Floette|Floette|Floettite
|-ability|p1a: Floette|Fairy Aura
|move|p2a: Neil|Encore|p1b: Espathra
|-start|p1b: Espathra|Encore
|move|p1b: Espathra|Protect||[still]
|-fail|p1b: Espathra
|move|p2b: Lola|Facade|p1a: Floette
|-damage|p1a: Floette|0 fnt
|faint|p1a: Floette
|
|upkeep
|
|t:|1784936122
|switch|p1a: Rotom|Rotom-Wash, L50|47/100
|turn|8
|
|t:|1784936139
|move|p1b: Espathra|Protect|p1b: Espathra
|-singleturn|p1b: Espathra|Protect
|move|p2a: Neil|Quash|p1a: Rotom
|-activate|p1a: Rotom|move: Quash
|move|p2b: Lola|Close Combat|p1a: Rotom
|-damage|p1a: Rotom|0 fnt
|-unboost|p2b: Lola|def|1
|-unboost|p2b: Lola|spd|1
|faint|p1a: Rotom
|
|upkeep
|turn|9
|
|t:|1784936153
|move|p1b: Espathra|Protect|p1b: Espathra
|-singleturn|p1b: Espathra|Protect
|move|p2a: Neil|Taunt|p1b: Espathra
|-activate|p1b: Espathra|move: Protect
|move|p2b: Lola|Facade|p1b: Espathra
|-activate|p1b: Espathra|move: Protect
|
|-end|p1b: Espathra|Encore
|upkeep
|turn|10
|
|t:|1784936167
|move|p2a: Neil|Encore|p1b: Espathra
|-start|p1b: Espathra|Encore
|move|p1b: Espathra|Protect||[still]
|-fail|p1b: Espathra
|move|p2b: Lola|Facade|p1b: Espathra
|-damage|p1b: Espathra|28/100
|
|-end|p1b: Espathra|Encore
|upkeep
|turn|11
|
|t:|1784936189
|move|p2a: Neil|Quash|p1b: Espathra
|-activate|p1b: Espathra|move: Quash
|move|p2b: Lola|Facade|p1b: Espathra
|-damage|p1b: Espathra|0 fnt
|faint|p1b: Espathra
|
|win|tilremo
|inactive|Prizical has 30 seconds to confirm battle start!
|inactive|tilremo has 30 seconds to confirm battle start!
||Prizical is ready for game 2.
||tilremo is ready for game 2.
|uhtml|next|Next: Game 2 of 3
