|j|☆tipolucha
|j|☆SeymoursLeftToeVGC
|html|tipoluchaSeymoursLeftToeVGC    
|uhtml|bestof|Game 1 of a best-of-3
|t:|1782490145
|gametype|doubles
|player|p1|tipolucha|101|1134
|player|p2|SeymoursLeftToeVGC|ninjaboy|1201
|gen|9
|tier|[Gen 9 Champions] VGC 2026 Reg M-B (Bo3)
|rated|
|rule|Species Clause: Limit one of each Pokémon
|rule|Item Clause: Limit 1 of each item
|clearpoke
|poke|p1|Sableye, L50, F|
|poke|p1|Kingambit, L50, M|
|poke|p1|Pelipper, L50, M|
|poke|p1|Milotic, L50, M|
|poke|p1|Swampert, L50, M|
|poke|p1|Scizor, L50, F|
|poke|p2|Whimsicott, L50, M, shiny|
|poke|p2|Typhlosion-Hisui, L50, F, shiny|
|poke|p2|Farigiraf, L50, M|
|poke|p2|Sceptile, L50, F, shiny|
|poke|p2|Rotom-Wash, L50, shiny|
|poke|p2|Gardevoir, L50, M, shiny|
|teampreview|4
|showteam|p1|Sableye||SitrusBerry|Prankster|RainDance,Encore,FakeOut,WillOWisp|Careful||F|||50|]Kingambit||BlackGlasses|Defiant|KowtowCleave,LowKick,SuckerPunch,Protect|Adamant||M|||50|]Pelipper||FocusSash|Drizzle|WideGuard,Tailwind,Hurricane,WeatherBall|Modest||M|||50|]Milotic||LifeOrb|Competitive|Scald,IcyWind,AlluringVoice,Protect|Timid||M|||50|]Swampert||Swampertite|Torrent|IcePunch,WaveCrash,RockSlide,Protect|Adamant||M|||50|]Scizor||Scizorite|Technician|BulletPunch,BugBite,BrickBreak,DualWingbeat|Adamant||F|||50|
|showteam|p2|Whimsicott||FocusSash|Prankster|Moonblast,FakeTears,SunnyDay,Tailwind|Modest||M|||50|]Typhlosion-Hisui||Charcoal|Blaze|Eruption,Protect,ShadowBall,HeatWave|Modest||F|||50|]Farigiraf||LifeOrb|ArmorTail|HyperVoice,TwinBeam,Protect,HelpingHand|Modest||M|||50|]Sceptile||Sceptilite|Overgrow|EarthPower,DragonPulse,Detect,EnergyBall|Timid||F|||50|]Rotom-Wash||ChoiceScarf|Levitate|HydroPump,Discharge,VoltSwitch,Thunderbolt|Timid|||||50|]Gardevoir||Gardevoirite|Telepathy|HyperVoice,HyperBeam,Protect,Psychic|Timid||M|||50|
|inactive|Battle timer is ON: inactive players will automatically lose when time's up. (requested by SeymoursLeftToeVGC)
|inactive|tipolucha has 60 seconds left.
|inactive|SeymoursLeftToeVGC has 60 seconds left.
|inactive|tipolucha has 30 seconds left.
|inactive|tipolucha has 20 seconds left.
|inactive|tipolucha has 15 seconds left.
|inactive|tipolucha has 10 seconds left.
|inactive|tipolucha has 5 seconds left.
|
|t:|1782490240
|teamsize|p1|4
|teamsize|p2|4
|start
|switch|p1a: Sableye|Sableye, L50, F|100/100
|switch|p1b: Kingambit|Kingambit, L50, M|100/100
|switch|p2a: Whimsicott|Whimsicott, L50, M, shiny|100/100
|switch|p2b: Farigiraf|Farigiraf, L50, M|100/100
|turn|1
|
|t:|1782490256
|switch|p1a: Pelipper|Pelipper, L50, M|100/100
|-weather|RainDance|[from] ability: Drizzle|[of] p1a: Pelipper
|move|p2b: Farigiraf|Protect|p2b: Farigiraf
|-singleturn|p2b: Farigiraf|Protect
|move|p2a: Whimsicott|Tailwind|p2a: Whimsicott
|-sidestart|p2: SeymoursLeftToeVGC|move: Tailwind
|move|p1b: Kingambit|Kowtow Cleave|p2a: Whimsicott
|-resisted|p2a: Whimsicott|1
|-damage|p2a: Whimsicott|57/100
|
|-weather|RainDance|[upkeep]
|upkeep
|turn|2
|
|t:|1782490273
|move|p2a: Whimsicott|Sunny Day|p2a: Whimsicott
|-weather|SunnyDay
|move|p2b: Farigiraf|Hyper Voice|p1a: Pelipper|[spread] p1a,p1b
|-resisted|p1b: Kingambit|1
|-damage|p1a: Pelipper|35/100
|-damage|p1b: Kingambit|78/100
|-damage|p2b: Farigiraf|90/100|[from] item: Life Orb
|move|p1a: Pelipper|Tailwind|p1a: Pelipper
|-sidestart|p1: tipolucha|move: Tailwind
|move|p1b: Kingambit|Kowtow Cleave|p2b: Farigiraf
|-supereffective|p2b: Farigiraf|1
|-damage|p2b: Farigiraf|0 fnt
|faint|p2b: Farigiraf
|
|-weather|SunnyDay|[upkeep]
|upkeep
|
|t:|1782490285
|switch|p2b: Sceptile|Sceptile, L50, F, shiny|100/100
|turn|3
|
|t:|1782490305
|detailschange|p2b: Sceptile|Sceptile-Mega, L50, F, shiny
|-mega|p2b: Sceptile|Sceptile|Sceptilite
|move|p1b: Kingambit|Sucker Punch|p2b: Sceptile
|-damage|p2b: Sceptile|27/100
|move|p2b: Sceptile|Earth Power|p1b: Kingambit
|-supereffective|p1b: Kingambit|1
|-damage|p1b: Kingambit|6/100
|move|p2a: Whimsicott|Moonblast|p1a: Pelipper
|-damage|p1a: Pelipper|0 fnt
|faint|p1a: Pelipper
|
|-weather|SunnyDay|[upkeep]
|upkeep
|
|t:|1782490315
|switch|p1a: Milotic|Milotic, L50, M|100/100
|turn|4
|
|t:|1782490325
|move|p2b: Sceptile|Detect|p2b: Sceptile
|-singleturn|p2b: Sceptile|Protect
|move|p1b: Kingambit|Sucker Punch||[still]
|-fail|p1b: Kingambit
|move|p2a: Whimsicott|Moonblast|p1b: Kingambit
|-damage|p1b: Kingambit|0 fnt
|faint|p1b: Kingambit
|move|p1a: Milotic|Icy Wind|p2b: Sceptile|[spread] p2a
|-activate|p2b: Sceptile|move: Protect
|-supereffective|p2a: Whimsicott|1
|-damage|p2a: Whimsicott|6/100
|-unboost|p2a: Whimsicott|spe|1
|-damage|p1a: Milotic|90/100|[from] item: Life Orb
|
|-weather|SunnyDay|[upkeep]
|-sideend|p2: SeymoursLeftToeVGC|move: Tailwind
|upkeep
|
|t:|1782490328
|switch|p1b: Sableye|Sableye, L50, F|100/100
|turn|5
|
|t:|1782490346
|switch|p2a: Rotom|Rotom-Wash, L50, shiny|100/100
|move|p1b: Sableye|Fake Out|p2a: Rotom
|-crit|p2a: Rotom
|-damage|p2a: Rotom|85/100
|move|p1a: Milotic|Icy Wind|p2a: Rotom|[spread] p2a,p2b
|-resisted|p2a: Rotom|1
|-supereffective|p2b: Sceptile|2
|-damage|p2a: Rotom|75/100
|-damage|p2b: Sceptile|0 fnt
|-unboost|p2a: Rotom|spe|1
|faint|p2b: Sceptile
|-damage|p1a: Milotic|80/100|[from] item: Life Orb
|
|-weather|SunnyDay|[upkeep]
|-sideend|p1: tipolucha|move: Tailwind
|upkeep
|
|t:|1782490358
|switch|p2b: Whimsicott|Whimsicott, L50, M, shiny|6/100
|turn|6
|
|t:|1782490378
|move|p2b: Whimsicott|Tailwind|p2b: Whimsicott
|-sidestart|p2: SeymoursLeftToeVGC|move: Tailwind
|move|p1b: Sableye|Will-O-Wisp|p2a: Rotom
|-status|p2a: Rotom|brn
|move|p2a: Rotom|Thunderbolt|p1a: Milotic
|-supereffective|p1a: Milotic|1
|-damage|p1a: Milotic|2/100
|move|p1a: Milotic|Icy Wind|p2a: Rotom|[spread] p2a,p2b
|-resisted|p2a: Rotom|1
|-supereffective|p2b: Whimsicott|1
|-damage|p2a: Rotom|65/100 brn
|-damage|p2b: Whimsicott|0 fnt
|-unboost|p2a: Rotom|spe|1
|faint|p2b: Whimsicott
|-damage|p1a: Milotic|0 fnt|[from] item: Life Orb
|faint|p1a: Milotic
|
|-weather|none
|-damage|p2a: Rotom|59/100 brn|[from] brn
|upkeep
|turn|7
|
|t:|1782490396
|move|p1b: Sableye|Encore|p2a: Rotom
|-start|p2a: Rotom|Encore
|move|p2a: Rotom|Thunderbolt|p1b: Sableye
|-damage|p1b: Sableye|55/100
|
|-damage|p2a: Rotom|53/100 brn|[from] brn
|upkeep
|turn|8
|-message|tipolucha forfeited.
|
|win|SeymoursLeftToeVGC
