|j|☆Siegfried_TV
|j|☆ThetaB
|html|Siegfried_TVThetaB    
|uhtml|bestof|Game 2 of a best-of-3
|t:|1757192659
|gametype|doubles
|player|p1|Siegfried_TV|lance|1114
|player|p2|ThetaB|palmer|1108
|gen|9
|tier|[Gen 9] VGC 2025 Reg H (Bo3)
|rated|
|rule|Species Clause: Limit one of each Pokémon
|rule|Item Clause: Limit 1 of each item
|clearpoke
|poke|p1|Indeedee-F, L50, F|
|poke|p1|Hatterene, L50, F|
|poke|p1|Gallade, L50, M|
|poke|p1|Ursaluna, L50, M|
|poke|p1|Lilligant-Hisui, L50, F|
|poke|p1|Torkoal, L50, M|
|poke|p2|Excadrill, L50, F|
|poke|p2|Tyranitar, L50, M|
|poke|p2|Sneasler, L50, F|
|poke|p2|Indeedee, L50, M|
|poke|p2|Corviknight, L50, M|
|poke|p2|Annihilape, L50, M|
|teampreview|4
|showteam|p1|Indeedee-F||PsychicSeed|PsychicSurge|TrickRoom,FollowMe,HelpingHand,DazzlingGleam|||F|||50|,,,,,Fire]Hatterene||LifeOrb|MagicBounce|ExpandingForce,TrickRoom,DazzlingGleam,Protect|||F|||50|,,,,,Psychic]Gallade||ClearAmulet|Sharpness|PsychoCut,TrickRoom,SacredSword,WideGuard|||M|||50|,,,,,Grass]Ursaluna||FlameOrb|Guts|HeadlongRush,Facade,SwordsDance,Protect|||M|||50|,,,,,Ghost]Lilligant-Hisui||FocusSash|Chlorophyll|SolarBlade,SleepPowder,CloseCombat,AfterYou|||F|||50|,,,,,Ghost]Torkoal||ChoiceSpecs|Drought|Eruption,HeatWave,WeatherBall,EarthPower|||M|||50|,,,,,Fire
|showteam|p2|Excadrill||FocusSash|SandRush|IronHead,HighHorsepower,Earthquake,Protect|||F|||50|,,,,,Stellar]Tyranitar||AssaultVest|SandStream|RockSlide,KnockOff,TeraBlast,LowKick|||M|||50|,,,,,Flying]Sneasler||PsychicSeed|Unburden|DireClaw,CloseCombat,ThroatChop,Protect|||F|||50|,,,,,Dark]Indeedee||ChoiceScarf|PsychicSurge|ExpandingForce,TeraBlast,Protect,Trick|||M|||50|,,,,,Psychic]Corviknight||Leftovers|MirrorArmor|BraveBird,BulkUp,Roost,Tailwind|||M|||50|,,,,,Dragon]Annihilape||SafetyGoggles|Defiant|CloseCombat,FinalGambit,RageFist,Taunt|||M|||50|,,,,,Water
|
|t:|1757192682
|teamsize|p1|4
|teamsize|p2|4
|start
|switch|p1a: MOIN|Indeedee-F, L50, F, shiny|100/100
|switch|p1b: Was|Gallade, L50, M, shiny|100/100
|switch|p2a: Excadrill|Excadrill, L50, F, shiny|100/100
|switch|p2b: Annihilape|Annihilape, L50, M|100/100
|-fieldstart|move: Psychic Terrain|[from] ability: Psychic Surge|[of] p1a: MOIN
|-enditem|p1a: MOIN|Psychic Seed
|-boost|p1a: MOIN|spd|1|[from] item: Psychic Seed
|turn|1
|
|t:|1757192716
|move|p1a: MOIN|Follow Me|p1a: MOIN
|-singleturn|p1a: MOIN|move: Follow Me
|move|p2b: Annihilape|Taunt|p1a: MOIN
|-start|p1a: MOIN|move: Taunt
|move|p2a: Excadrill|High Horsepower|p1a: MOIN
|-damage|p1a: MOIN|51/100
|move|p1b: Was|Trick Room|p1b: Was
|-fieldstart|move: Trick Room|[of] p1b: Was
|
|upkeep
|turn|2
|
|t:|1757192740
|-terastallize|p2b: Annihilape|Water
|move|p2a: Excadrill|Protect|p2a: Excadrill
|-singleturn|p2a: Excadrill|Protect
|move|p1b: Was|Sacred Sword|p2a: Excadrill
|-activate|p2a: Excadrill|move: Protect
|move|p1a: MOIN|Dazzling Gleam|p2a: Excadrill|[spread] p2b
|-activate|p2a: Excadrill|move: Protect
|-damage|p2b: Annihilape|89/100
|move|p2b: Annihilape|Rage Fist|p1b: Was
|-supereffective|p1b: Was
|-damage|p1b: Was|0 fnt
|faint|p1b: Was
|
|upkeep
|
|t:|1757192769
|switch|p1b: Bruder?|Torkoal, L50, M, shiny|100/100
|-weather|SunnyDay|[from] ability: Drought|[of] p1b: Bruder?
|turn|3
|
|t:|1757192781
|switch|p1a: ist|Ursaluna, L50, M, shiny|100/100
|switch|p2a: Tyranitar|Tyranitar, L50, M, shiny|100/100
|-weather|Sandstorm|[from] ability: Sand Stream|[of] p2a: Tyranitar
|-terastallize|p1b: Bruder?|Fire
|move|p1b: Bruder?|Eruption|p2a: Tyranitar|[spread] p2a,p2b
|-resisted|p2a: Tyranitar
|-resisted|p2b: Annihilape
|-damage|p2a: Tyranitar|79/100
|-damage|p2b: Annihilape|41/100
|move|p2b: Annihilape|Rage Fist|p1b: Bruder?
|-damage|p1b: Bruder?|51/100
|
|-weather|Sandstorm|[upkeep]
|-damage|p1b: Bruder?|45/100|[from] Sandstorm
|-status|p1a: ist|brn|[from] item: Flame Orb
|upkeep
|turn|4
|
|t:|1757192824
|switch|p2b: Corviknight|Corviknight, L50, M|100/100
|move|p1b: Bruder?|Eruption|p2a: Tyranitar|[spread] p2a,p2b
|-resisted|p2a: Tyranitar
|-supereffective|p2b: Corviknight
|-damage|p2a: Tyranitar|69/100
|-damage|p2b: Corviknight|9/100
|move|p1a: ist|Headlong Rush|p2a: Tyranitar
|-supereffective|p2a: Tyranitar
|-damage|p2a: Tyranitar|0 fnt
|-unboost|p1a: ist|def|1
|-unboost|p1a: ist|spd|1
|faint|p2a: Tyranitar
|
|-weather|Sandstorm|[upkeep]
|-damage|p1b: Bruder?|38/100|[from] Sandstorm
|-heal|p2b: Corviknight|15/100|[from] item: Leftovers
|-damage|p1a: ist|95/100 brn|[from] brn
|upkeep
|
|t:|1757192835
|switch|p2a: Excadrill|Excadrill, L50, F, shiny|100/100
|turn|5
|
|t:|1757192850
|switch|p1a: MOIN|Indeedee-F, L50, F, shiny|51/100
|move|p2a: Excadrill|Protect|p2a: Excadrill
|-singleturn|p2a: Excadrill|Protect
|move|p1b: Bruder?|Eruption|p2a: Excadrill|[spread] p2b
|-activate|p2a: Excadrill|move: Protect
|-supereffective|p2b: Corviknight
|-damage|p2b: Corviknight|0 fnt
|faint|p2b: Corviknight
|
|-weather|Sandstorm|[upkeep]
|-damage|p1b: Bruder?|32/100|[from] Sandstorm
|-damage|p1a: MOIN|45/100|[from] Sandstorm
|-fieldend|move: Trick Room
|-fieldend|move: Psychic Terrain
|upkeep
|
|t:|1757192853
|switch|p2b: Annihilape|Annihilape, L50, M, tera:Water|41/100
|turn|6
|
|t:|1757192887
|move|p1a: MOIN|Follow Me|p1a: MOIN
|-singleturn|p1a: MOIN|move: Follow Me
|move|p2a: Excadrill|High Horsepower|p1a: MOIN
|-damage|p1a: MOIN|0 fnt
|faint|p1a: MOIN
|move|p2b: Annihilape|Close Combat|p1b: Bruder?
|-damage|p1b: Bruder?|0 fnt
|-unboost|p2b: Annihilape|def|1
|-unboost|p2b: Annihilape|spd|1
|faint|p1b: Bruder?
|
|-weather|Sandstorm|[upkeep]
|upkeep
|c|☆Siegfried_TV|gg
|
|t:|1757192901
|switch|p1a: ist|Ursaluna, L50, M, shiny|95/100 brn
|turn|7
|
|t:|1757192911
|move|p1a: ist|Protect|p1a: ist
|-singleturn|p1a: ist|Protect
|move|p2a: Excadrill|Iron Head|p1a: ist
|-activate|p1a: ist|move: Protect
|move|p2b: Annihilape|Close Combat|p1a: ist
|-activate|p1a: ist|move: Protect
|
|-weather|none
|-damage|p1a: ist|89/100 brn|[from] brn
|upkeep
|turn|8
|
|t:|1757192922
|move|p2b: Annihilape|Close Combat|p1a: ist
|-supereffective|p1a: ist
|-damage|p1a: ist|20/100 brn
|-unboost|p2b: Annihilape|def|1
|-unboost|p2b: Annihilape|spd|1
|move|p2a: Excadrill|Iron Head|p1a: ist
|-damage|p1a: ist|0 fnt
|faint|p1a: ist
|
|win|ThetaB
|raw|Siegfried_TV's rating: 1114 → 1089(-25 for losing)
|raw|ThetaB's rating: 1108 → 1133(+25 for winning)
|l|☆Siegfried_TV
|player|p1|
