|j|☆Jj18697
|j|☆NathanaelW19
|html|Jj18697NathanaelW19    
|uhtml|bestof|Game 3 of a best-of-3
|t:|1756719443
|gametype|doubles
|player|p1|Jj18697|2|1044
|player|p2|NathanaelW19|scientist|1073
|gen|9
|tier|[Gen 9] VGC 2025 Reg H (Bo3)
|rated|
|rule|Species Clause: Limit one of each Pokémon
|rule|Item Clause: Limit 1 of each item
|clearpoke
|poke|p1|Gholdengo, L50|
|poke|p1|Dragonite, L50, F|
|poke|p1|Ninetales-Alola, L50, F|
|poke|p1|Rillaboom, L50, F|
|poke|p1|Arcanine-Hisui, L50, F|
|poke|p1|Sneasler, L50, M|
|poke|p2|Amoonguss, L50, M|
|poke|p2|Politoed, L50, F|
|poke|p2|Gothitelle, L50, M|
|poke|p2|Archaludon, L50, M|
|poke|p2|Rillaboom, L50, F|
|poke|p2|Incineroar, L50, M|
|teampreview|4
|showteam|p1|Gholdengo||GrassySeed|GoodasGold|MakeItRain,ShadowBall,NastyPlot,Protect||||||50|,,,,,Water]Dragonite||LoadedDice|Multiscale|ScaleShot,Tailwind,Haze,Protect|||F|||50|,,,,,Fairy]Ninetales-Alola||FocusSash|SnowWarning|AuroraVeil,IcyWind,FreezeDry,Encore|||F|||50|,,,,,Ghost]Rillaboom||AssaultVest|GrassySurge|FakeOut,WoodHammer,GrassyGlide,Uturn|||F|||50|,,,,,Fire]Arcanine-Hisui||ClearAmulet|Intimidate|RockSlide,FlareBlitz,ExtremeSpeed,Protect|||F|||50|,,,,,Water]Sneasler||WhiteHerb|Unburden|DireClaw,CloseCombat,Coaching,Protect|||M|||50|,,,,,Stellar
|showteam|p2|Amoonguss||EjectButton|Regenerator|Spore,RagePowder,PollenPuff,Protect|||M|||50|,,,,,Dark]Politoed||Leftovers|Drizzle|PerishSong,WeatherBall,Encore,Protect|||F|||50|,,,,,Grass]Gothitelle||SitrusBerry|ShadowTag|FakeOut,Psychic,Protect,TrickRoom|||M|||50|,,,,,Water]Archaludon||PowerHerb|Sturdy|ElectroShot,Protect,FlashCannon,DragonPulse|||M|||50|,,,,,Electric]Rillaboom||AssaultVest|GrassySurge|FakeOut,Uturn,WoodHammer,KnockOff|||F|||50|,,,,,Poison]Incineroar||SafetyGoggles|Intimidate|FlareBlitz,Protect,PartingShot,FakeOut|||M|||50|,,,,,Ghost
|inactive|Battle timer is ON: inactive players will automatically lose when time's up. (requested by NathanaelW19)
|inactive|Jj18697 also wants the timer to be on.
|j| future wolfey
|c| future wolfey|just win this game. i believe in you
|
|t:|1756719474
|teamsize|p1|4
|teamsize|p2|4
|start
|switch|p1a: Rillaboom|Rillaboom, L50, F, shiny|100/100
|switch|p1b: Gholdengo|Gholdengo, L50|100/100
|switch|p2a: Wednesday|Gothitelle, L50, M|100/100
|switch|p2b: Boom? Boom. BOOM!|Rillaboom, L50, F, shiny|100/100
|-fieldstart|move: Grassy Terrain|[from] ability: Grassy Surge|[of] p1a: Rillaboom
|-enditem|p1b: Gholdengo|Grassy Seed
|-boost|p1b: Gholdengo|def|1|[from] item: Grassy Seed
|turn|1
|
|t:|1756719495
|move|p1a: Rillaboom|Fake Out|p2b: Boom? Boom. BOOM!
|-damage|p2b: Boom? Boom. BOOM!|87/100
|cant|p2b: Boom? Boom. BOOM!|flinch
|move|p1b: Gholdengo|Nasty Plot|p1b: Gholdengo
|-boost|p1b: Gholdengo|spa|2
|move|p2a: Wednesday|Trick Room|p2a: Wednesday
|-fieldstart|move: Trick Room|[of] p2a: Wednesday
|
|-heal|p2b: Boom? Boom. BOOM!|93/100|[from] Grassy Terrain
|upkeep
|turn|2
|
|t:|1756719509
|-terastallize|p2a: Wednesday|Water
|move|p1b: Gholdengo|Protect|p1b: Gholdengo
|-singleturn|p1b: Gholdengo|Protect
|move|p2a: Wednesday|Psychic|p1b: Gholdengo
|-activate|p1b: Gholdengo|move: Protect
|move|p2b: Boom? Boom. BOOM!|Knock Off|p1b: Gholdengo
|-activate|p1b: Gholdengo|move: Protect
|move|p1a: Rillaboom|U-turn|p2b: Boom? Boom. BOOM!
|-supereffective|p2b: Boom? Boom. BOOM!
|-damage|p2b: Boom? Boom. BOOM!|48/100
|
|t:|1756719521
|switch|p1a: Arcanine|Arcanine-Hisui, L50, F, shiny|100/100|[from] U-turn
|-ability|p1a: Arcanine|Intimidate|boost
|-unboost|p2a: Wednesday|atk|1
|-unboost|p2b: Boom? Boom. BOOM!|atk|1
|
|-heal|p2b: Boom? Boom. BOOM!|54/100|[from] Grassy Terrain
|upkeep
|turn|3
|
|t:|1756719538
|switch|p2b: S P O R E|Amoonguss, L50, M, shiny|100/100
|move|p2a: Wednesday|Psychic|p1a: Arcanine
|-damage|p1a: Arcanine|60/100
|move|p1b: Gholdengo|Shadow Ball|p2b: S P O R E
|-damage|p2b: S P O R E|25/100
|-enditem|p2b: S P O R E|Eject Button
|
|t:|1756719545
|switch|p2b: Boom? Boom. BOOM!|Rillaboom, L50, F, shiny|54/100
|move|p1a: Arcanine|Rock Slide|p2a: Wednesday|[spread] p2a,p2b
|-damage|p2a: Wednesday|78/100
|-damage|p2b: Boom? Boom. BOOM!|29/100
|
|-heal|p2a: Wednesday|85/100|[from] Grassy Terrain
|-heal|p2b: Boom? Boom. BOOM!|34/100|[from] Grassy Terrain
|-heal|p1a: Arcanine|66/100|[from] Grassy Terrain
|upkeep
|turn|4
|
|t:|1756719555
|move|p1b: Gholdengo|Protect|p1b: Gholdengo
|-singleturn|p1b: Gholdengo|Protect
|move|p1a: Arcanine|Protect|p1a: Arcanine
|-singleturn|p1a: Arcanine|Protect
|move|p2a: Wednesday|Psychic|p1a: Arcanine
|-activate|p1a: Arcanine|move: Protect
|move|p2b: Boom? Boom. BOOM!|Knock Off|p1b: Gholdengo
|-activate|p1b: Gholdengo|move: Protect
|
|-heal|p2a: Wednesday|91/100|[from] Grassy Terrain
|-heal|p2b: Boom? Boom. BOOM!|40/100|[from] Grassy Terrain
|-heal|p1a: Arcanine|72/100|[from] Grassy Terrain
|upkeep
|turn|5
|
|t:|1756719569
|move|p1a: Arcanine|Extreme Speed|p2b: Boom? Boom. BOOM!
|-damage|p2b: Boom? Boom. BOOM!|18/100
|move|p2a: Wednesday|Psychic|p1a: Arcanine
|-damage|p1a: Arcanine|34/100
|move|p2b: Boom? Boom. BOOM!|Knock Off|p1b: Gholdengo
|-supereffective|p1b: Gholdengo
|-damage|p1b: Gholdengo|69/100
|move|p1b: Gholdengo|Shadow Ball|p2a: Wednesday
|-damage|p2a: Wednesday|25/100
|-enditem|p2a: Wednesday|Sitrus Berry|[eat]
|-heal|p2a: Wednesday|50/100|[from] item: Sitrus Berry
|
|-heal|p2a: Wednesday|57/100|[from] Grassy Terrain
|-heal|p2b: Boom? Boom. BOOM!|24/100|[from] Grassy Terrain
|-heal|p1b: Gholdengo|75/100|[from] Grassy Terrain
|-heal|p1a: Arcanine|40/100|[from] Grassy Terrain
|-fieldend|move: Trick Room
|-fieldend|move: Grassy Terrain
|upkeep
|turn|6
|
|t:|1756719591
|move|p2a: Wednesday|Protect|p2a: Wednesday
|-singleturn|p2a: Wednesday|Protect
|move|p1a: Arcanine|Rock Slide|p2b: Boom? Boom. BOOM!|[spread] p2b
|-activate|p2a: Wednesday|move: Protect
|-damage|p2b: Boom? Boom. BOOM!|0 fnt
|faint|p2b: Boom? Boom. BOOM!
|move|p1b: Gholdengo|Nasty Plot|p1b: Gholdengo
|-boost|p1b: Gholdengo|spa|2
|
|upkeep
|
|t:|1756719594
|switch|p2b: Hello There|Archaludon, L50, M, shiny|100/100
|turn|7
|
|t:|1756719603
|move|p1a: Arcanine|Rock Slide|p2b: Hello There|[spread] p2a,p2b
|-resisted|p2b: Hello There
|-damage|p2a: Wednesday|34/100
|-damage|p2b: Hello There|88/100
|move|p2b: Hello There|Electro Shot||[still]
|-prepare|p2b: Hello There|Electro Shot
|-boost|p2b: Hello There|spa|1
|-enditem|p2b: Hello There|Power Herb
|-anim|p2b: Hello There|Electro Shot|p1b: Gholdengo
|-damage|p1b: Gholdengo|0 fnt
|faint|p1b: Gholdengo
|move|p2a: Wednesday|Psychic|p1a: Arcanine
|-damage|p1a: Arcanine|0 fnt
|faint|p1a: Arcanine
|
|upkeep
|
|t:|1756719613
|switch|p1a: Dragonite|Dragonite, L50, F|100/100
|switch|p1b: Rillaboom|Rillaboom, L50, F, shiny|100/100
|-fieldstart|move: Grassy Terrain|[from] ability: Grassy Surge|[of] p1b: Rillaboom
|turn|8
|
|t:|1756719635
|switch|p2a: S P O R E|Amoonguss, L50, M, shiny|58/100
|move|p1b: Rillaboom|Fake Out|p2a: S P O R E
|-damage|p2a: S P O R E|47/100
|move|p2b: Hello There|Dragon Pulse|p1a: Dragonite
|-supereffective|p1a: Dragonite
|-damage|p1a: Dragonite|34/100
|move|p1a: Dragonite|Scale Shot|p2b: Hello There
|-damage|p2b: Hello There|76/100
|-crit|p2b: Hello There
|-damage|p2b: Hello There|57/100
|-damage|p2b: Hello There|44/100
|-crit|p2b: Hello There
|-damage|p2b: Hello There|23/100
|-hitcount|p2b: Hello There|4
|-unboost|p1a: Dragonite|def|1
|-boost|p1a: Dragonite|spe|1
|
|-heal|p2b: Hello There|29/100|[from] Grassy Terrain
|-heal|p2a: S P O R E|53/100|[from] Grassy Terrain
|upkeep
|turn|9
|
|t:|1756719656
|move|p1a: Dragonite|Protect|p1a: Dragonite
|-singleturn|p1a: Dragonite|Protect
|move|p2b: Hello There|Dragon Pulse|p1b: Rillaboom
|-crit|p1b: Rillaboom
|-damage|p1b: Rillaboom|28/100
|move|p1b: Rillaboom|Wood Hammer|p2b: Hello There
|-resisted|p2b: Hello There
|-damage|p2b: Hello There|13/100
|-damage|p1b: Rillaboom|23/100|[from] Recoil
|move|p2a: S P O R E|Pollen Puff|p2b: Hello There
|-heal|p2b: Hello There|63/100
|
|-heal|p2b: Hello There|69/100|[from] Grassy Terrain
|-heal|p1b: Rillaboom|29/100|[from] Grassy Terrain
|-heal|p2a: S P O R E|59/100|[from] Grassy Terrain
|upkeep
|turn|10
|
|t:|1756719668
|move|p2a: S P O R E|Rage Powder|p2a: S P O R E
|-singleturn|p2a: S P O R E|move: Rage Powder
|move|p1b: Rillaboom|Grassy Glide|p2b: Hello There
|-resisted|p2b: Hello There
|-damage|p2b: Hello There|61/100
|move|p1a: Dragonite|Scale Shot|p2a: S P O R E
|-damage|p2a: S P O R E|47/100
|-damage|p2a: S P O R E|34/100
|-damage|p2a: S P O R E|22/100
|-damage|p2a: S P O R E|10/100
|-damage|p2a: S P O R E|0 fnt
|faint|p2a: S P O R E
|-hitcount|p2: S P O R E|5
|-unboost|p1a: Dragonite|def|1
|-boost|p1a: Dragonite|spe|1
|move|p2b: Hello There|Dragon Pulse|p1a: Dragonite
|-supereffective|p1a: Dragonite
|-damage|p1a: Dragonite|0 fnt
|faint|p1a: Dragonite
|
|-heal|p2b: Hello There|67/100|[from] Grassy Terrain
|-heal|p1b: Rillaboom|35/100|[from] Grassy Terrain
|upkeep
|
|t:|1756719675
|switch|p2a: Wednesday|Gothitelle, L50, M, tera:Water|34/100
|turn|11
|c|☆NathanaelW19|Ggs
|
|t:|1756719682
|-terastallize|p1b: Rillaboom|Fire
|move|p2a: Wednesday|Fake Out|p1b: Rillaboom
|-damage|p1b: Rillaboom|30/100
|move|p2b: Hello There|Dragon Pulse|p1b: Rillaboom
|-damage|p1b: Rillaboom|0 fnt
|faint|p1b: Rillaboom
|
|win|NathanaelW19
|raw|Jj18697's rating: 1044 → 1029(-15 for losing)
|raw|NathanaelW19's rating: 1073 → 1100(+27 for winning)
|c|☆Jj18697|Gg
|c|☆NathanaelW19|wp
|l|☆Jj18697
|player|p1|
