|j|☆Eelecgoood
|j|☆ad_blake
|html|Eelecgooodad_blake    
|uhtml|bestof|Game 1 of a best-of-3
|t:|1782410061
|gametype|doubles
|player|p1|Eelecgoood|266|1000
|player|p2|ad_blake|rosa|1001
|gen|9
|tier|[Gen 9 Champions] VGC 2026 Reg M-B (Bo3)
|rated|
|rule|Species Clause: Limit one of each Pokémon
|rule|Item Clause: Limit 1 of each item
|clearpoke
|poke|p1|Eelektross, L50, M|
|poke|p1|Sinistcha, L50|
|poke|p1|Garchomp, L50, F|
|poke|p1|Incineroar, L50, M|
|poke|p1|Sylveon, L50, F|
|poke|p1|Aerodactyl, L50, M|
|poke|p2|Raichu, L50, M|
|poke|p2|Whimsicott, L50, F|
|poke|p2|Garchomp, L50, M|
|poke|p2|Ninetales-Alola, L50, M|
|poke|p2|Incineroar, L50, M|
|poke|p2|Corviknight, L50, M|
|teampreview|4
|showteam|p1|Eelektross||Eelektrossite|Levitate|SupercellSlam,Liquidation,RockSlide,Coil|Jolly||M|||50|]Sinistcha||SitrusBerry|Hospitality|MatchaGotcha,ShadowBall,RagePowder,StrengthSap|Modest|||||50|]Garchomp||LifeOrb|RoughSkin|RockSlide,Earthquake,DragonClaw,PoisonJab|Jolly||F|||50|]Incineroar||Leftovers|Intimidate|FlareBlitz,DarkestLariat,PartingShot,FakeOut|Adamant||M|||50|]Sylveon||FairyFeather|Pixilate|HyperBeam,DrainingKiss,CalmMind,MysticalFire|Modest||F|||50|]Aerodactyl||KingsRock|Pressure|RockSlide,DualWingbeat,Tailwind,StealthRock|Jolly||M|||50|
|showteam|p2|Raichu||RaichuniteY|LightningRod|FakeOut,ZapCannon,Protect,FocusBlast|Timid||M|||50|]Whimsicott||FocusSash|Prankster|Tailwind,Encore,Taunt,Moonblast|Timid||F|||50|]Garchomp||LifeOrb|RoughSkin|Protect,DragonClaw,RockSlide,StompingTantrum|Jolly||M|||50|]Ninetales-Alola||LightClay|SnowWarning|AuroraVeil,Blizzard,IcyWind,Protect|Timid||M|||50|]Incineroar||SitrusBerry|Intimidate|FakeOut,PartingShot,ThroatChop,FlareBlitz|Relaxed||M|||50|]Corviknight||Leftovers|MirrorArmor|BodyPress,HeavySlam,Protect,IronDefense|Impish||M|||50|
|inactive|Battle timer is ON: inactive players will automatically lose when time's up. (requested by Eelecgoood)
|
|t:|1782410109
|teamsize|p1|4
|teamsize|p2|4
|start
|switch|p1a: Aerodactyl|Aerodactyl, L50, M|100/100
|switch|p1b: Incineroar|Incineroar, L50, M|100/100
|switch|p2a: Whimsicott|Whimsicott, L50, F|100/100
|switch|p2b: Raichu|Raichu, L50, M|100/100
|-ability|p1a: Aerodactyl|Pressure
|-ability|p1b: Incineroar|Intimidate|boost
|-unboost|p2a: Whimsicott|atk|1
|-unboost|p2b: Raichu|atk|1
|turn|1
|
|t:|1782410132
|detailschange|p2b: Raichu|Raichu-Mega-Y, L50, M
|-mega|p2b: Raichu|Raichu|Raichunite Y
|move|p2b: Raichu|Fake Out|p1a: Aerodactyl
|-resisted|p1a: Aerodactyl|1
|-damage|p1a: Aerodactyl|95/100
|move|p1b: Incineroar|Fake Out|p2b: Raichu
|-damage|p2b: Raichu|72/100
|move|p2a: Whimsicott|Tailwind|p2a: Whimsicott
|-sidestart|p2: ad_blake|move: Tailwind
|cant|p1a: Aerodactyl|flinch
|
|upkeep
|turn|2
|
|t:|1782410149
|switch|p1a: Eelektross|Eelektross, L50, M|100/100
|move|p2b: Raichu|Focus Blast|p1b: Incineroar
|-supereffective|p1b: Incineroar|1
|-damage|p1b: Incineroar|15/100
|move|p2a: Whimsicott|Moonblast|p1a: Eelektross
|-damage|p1a: Eelektross|62/100
|move|p1b: Incineroar|Flare Blitz|p2b: Raichu
|-damage|p2b: Raichu|0 fnt
|faint|p2b: Raichu
|-damage|p1b: Incineroar|0 fnt|[from] Recoil
|faint|p1b: Incineroar
|
|upkeep
|
|t:|1782410165
|switch|p2b: Ninetales|Ninetales-Alola, L50, M|100/100
|switch|p1b: Aerodactyl|Aerodactyl, L50, M|95/100
|-weather|Snowscape|[from] ability: Snow Warning|[of] p2b: Ninetales
|-ability|p1b: Aerodactyl|Pressure
|turn|3
|
|t:|1782410183
|detailschange|p1a: Eelektross|Eelektross-Mega, L50, M
|-mega|p1a: Eelektross|Eelektross|Eelektrossite
|move|p2a: Whimsicott|Moonblast|p1a: Eelektross
|-damage|p1a: Eelektross|32/100
|move|p2b: Ninetales|Blizzard|p1b: Aerodactyl|[spread] p1a,p1b
|-supereffective|p1b: Aerodactyl|1
|-damage|p1a: Eelektross|3/100
|-damage|p1b: Aerodactyl|30/100
|move|p1b: Aerodactyl|Tailwind|p1b: Aerodactyl
|-sidestart|p1: Eelecgoood|move: Tailwind
|move|p1a: Eelektross|Coil|p1a: Eelektross
|-boost|p1a: Eelektross|atk|1
|-boost|p1a: Eelektross|def|1
|-boost|p1a: Eelektross|accuracy|1
|
|-weather|Snowscape|[upkeep]
|upkeep
|turn|4
|
|t:|1782410202
|move|p2a: Whimsicott|Encore|p1a: Eelektross
|-start|p1a: Eelektross|Encore
|move|p1b: Aerodactyl|Dual Wingbeat|p2a: Whimsicott
|-supereffective|p2a: Whimsicott|1
|-damage|p2a: Whimsicott|53/100
|-supereffective|p2a: Whimsicott|1
|-damage|p2a: Whimsicott|6/100
|-hitcount|p2a: Whimsicott|2
|move|p2b: Ninetales|Blizzard|p1a: Eelektross|[spread] p1a,p1b
|-supereffective|p1b: Aerodactyl|1
|-damage|p1a: Eelektross|0 fnt
|-damage|p1b: Aerodactyl|0 fnt
|faint|p1a: Eelektross
|faint|p1b: Aerodactyl
|
|-weather|Snowscape|[upkeep]
|-sideend|p2: ad_blake|move: Tailwind
|upkeep
|
|t:|1782410216
|switch|p1a: Sylveon|Sylveon, L50, F|100/100
|turn|5
|
|t:|1782410222
|move|p2a: Whimsicott|Moonblast|p1a: Sylveon
|-damage|p1a: Sylveon|82/100
|move|p2b: Ninetales|Blizzard|p1a: Sylveon
|-damage|p1a: Sylveon|59/100
|move|p1a: Sylveon|Mystical Fire|p2a: Whimsicott
|-supereffective|p2a: Whimsicott|1
|-damage|p2a: Whimsicott|0 fnt
|faint|p2a: Whimsicott
|
|-weather|Snowscape|[upkeep]
|upkeep
|
|t:|1782410232
|switch|p2a: Garchomp|Garchomp, L50, M|100/100
|turn|6
|
|t:|1782410241
|move|p2a: Garchomp|Stomping Tantrum|p1a: Sylveon
|-damage|p1a: Sylveon|0 fnt
|faint|p1a: Sylveon
|-damage|p2a: Garchomp|90/100|[from] item: Life Orb
|
|win|ad_blake
|l|☆Eelecgoood
|player|p1|
||Eelecgoood is ready for game 2.
