|j|☆Lucario Palworld
|j|☆bodhidelbarrio
|html|Lucario Palworldbodhidelbarrio    
|uhtml|bestof|Game 3 of a best-of-3
|t:|1754714508
|gametype|doubles
|player|p1|Lucario Palworld|266|1254
|player|p2|bodhidelbarrio|drayton|1318
|gen|9
|tier|[Gen 9] VGC 2025 Reg H (Bo3)
|rated|
|rule|Species Clause: Limit one of each Pokémon
|rule|Item Clause: Limit 1 of each item
|clearpoke
|poke|p1|Whimsicott, L50, M|
|poke|p1|Pelipper, L50, F|
|poke|p1|Tatsugiri, L50, M|
|poke|p1|Dondozo, L50, F|
|poke|p1|Gholdengo, L50|
|poke|p1|Perrserker, L50, M|
|poke|p2|Gholdengo, L50|
|poke|p2|Dragonite, L50, M|
|poke|p2|Archaludon, L50, M|
|poke|p2|Sinistcha, L50|
|poke|p2|Ursaluna, L50, M|
|poke|p2|Pelipper, L50, M|
|teampreview|4
|showteam|p1|Whimsicott||CovertCloak|Prankster|Encore,Tailwind,Endeavor,Moonblast|||M|||50|,,,,,Ghost]Pelipper||FocusSash|Drizzle|Tailwind,Hurricane,WeatherBall,WideGuard|||F|||50|,,,,,Flying]Tatsugiri||ChoiceScarf|Commander|MuddyWater,DracoMeteor,DragonPulse,IcyWind|||M|||50|,,,,,Steel]Dondozo||ClearAmulet|Unaware|Earthquake,WaveCrash,OrderUp,Protect|||F|||50|,,,,,Grass]Gholdengo||ChoiceSpecs|GoodasGold|ShadowBall,MakeItRain,FocusBlast,Thunderbolt||||||50|,,,,,Steel]Perrserker||ChopleBerry|SteelySpirit|FakeOut,IronHead,Taunt,KnockOff|||M|||50|,,,,,Steel
|showteam|p2|Gholdengo||ChoiceScarf|GoodasGold|MakeItRain,ShadowBall,ThunderWave,Trick||||||50|,,,,,Flying]Dragonite||LoadedDice|Multiscale|ScaleShot,Tailwind,Haze,Protect|||M|||50|,,,,,Fairy]Archaludon||AssaultVest|Stamina|FlashCannon,ElectroShot,BodyPress,Snarl|||M|||50|,,,,,Fighting]Sinistcha||CovertCloak|Hospitality|MatchaGotcha,LifeDew,RagePowder,TrickRoom||||||50|,,,,,Fire]Ursaluna||FlameOrb|Guts|Facade,HeadlongRush,Earthquake,Protect|||M|||50|,,,,,Fairy]Pelipper||FocusSash|Drizzle|WeatherBall,Hurricane,WideGuard,Protect|||M|||50|,,,,,Steel
|inactive|Battle timer is ON: inactive players will automatically lose when time's up. (requested by bodhidelbarrio)
|
|t:|1754714546
|teamsize|p1|4
|teamsize|p2|4
|start
|switch|p1a: Whimsicott|Whimsicott, L50, M|100/100
|switch|p1b: Gholdengo|Gholdengo, L50|100/100
|switch|p2a: Archaludon|Archaludon, L50, M|100/100
|switch|p2b: Pelipper|Pelipper, L50, M|100/100
|-weather|RainDance|[from] ability: Drizzle|[of] p2b: Pelipper
|turn|1
|inactive|bodhidelbarrio has 30 seconds left.
|inactive|bodhidelbarrio has 20 seconds left.
|inactive|bodhidelbarrio has 15 seconds left.
|
|t:|1754714588
|switch|p1a: Perrserker|Perrserker, L50, M|100/100
|switch|p2a: Sinistcha|Sinistcha, L50|100/100
|-terastallize|p1b: Gholdengo|Steel
|move|p2b: Pelipper|Wide Guard|p2b: Pelipper
|-singleturn|p2b: Pelipper|Wide Guard
|move|p1b: Gholdengo|Make It Rain|p2a: Sinistcha|[spread] 
|-activate|p2a: Sinistcha|move: Wide Guard
|-activate|p2b: Pelipper|move: Wide Guard
|
|-weather|RainDance|[upkeep]
|upkeep
|turn|2
|inactive|bodhidelbarrio has 30 seconds left.
|inactive|bodhidelbarrio has 20 seconds left.
|inactive|bodhidelbarrio has 15 seconds left.
|
|t:|1754714631
|move|p1a: Perrserker|Fake Out|p2b: Pelipper
|-damage|p2b: Pelipper|89/100
|cant|p2b: Pelipper|flinch
|move|p1b: Gholdengo|Make It Rain|p2b: Pelipper|[spread] p2a,p2b
|-resisted|p2b: Pelipper
|-damage|p2a: Sinistcha|0 fnt
|-damage|p2b: Pelipper|10/100
|-unboost|p1b: Gholdengo|spa|1
|faint|p2a: Sinistcha
|
|-weather|RainDance|[upkeep]
|upkeep
|
|t:|1754714644
|switch|p2a: Archaludon|Archaludon, L50, M|100/100
|turn|3
|
|t:|1754714667
|switch|p1b: Whimsicott|Whimsicott, L50, M|100/100
|move|p2b: Pelipper|Protect|p2b: Pelipper
|-singleturn|p2b: Pelipper|Protect
|move|p2a: Archaludon|Electro Shot||[still]
|-prepare|p2a: Archaludon|Electro Shot
|-boost|p2a: Archaludon|spa|1
|-anim|p2a: Archaludon|Electro Shot|p1a: Perrserker
|-damage|p1a: Perrserker|17/100
|move|p1a: Perrserker|Iron Head|p2b: Pelipper
|-activate|p2b: Pelipper|move: Protect
|
|-weather|RainDance|[upkeep]
|upkeep
|turn|4
|inactive|bodhidelbarrio has 30 seconds left.
|
|t:|1754714695
|switch|p2b: Dragonite|Dragonite, L50, M|100/100
|move|p1b: Whimsicott|Tailwind|p1b: Whimsicott
|-sidestart|p1: Lucario Palworld|move: Tailwind
|move|p1a: Perrserker|Iron Head|p2b: Dragonite
|-damage|p2b: Dragonite|76/100
|move|p2a: Archaludon|Flash Cannon|p1b: Whimsicott
|-supereffective|p1b: Whimsicott
|-damage|p1b: Whimsicott|0 fnt
|faint|p1b: Whimsicott
|
|-weather|RainDance|[upkeep]
|upkeep
|
|t:|1754714712
|switch|p1b: Tatsugiri|Tatsugiri, L50, M|100/100
|turn|5
|inactive|bodhidelbarrio has 30 seconds left.
|inactive|bodhidelbarrio has 20 seconds left.
|inactive|Lucario Palworld has 30 seconds left.
|inactive|bodhidelbarrio has 15 seconds left.
|inactive|bodhidelbarrio has 10 seconds left.
|
|t:|1754714758
|move|p2b: Dragonite|Protect|p2b: Dragonite
|-singleturn|p2b: Dragonite|Protect
|move|p1b: Tatsugiri|Icy Wind|p2b: Dragonite|[spread] p2a
|-activate|p2b: Dragonite|move: Protect
|-damage|p2a: Archaludon|90/100
|-unboost|p2a: Archaludon|spe|1
|-ability|p2a: Archaludon|Stamina|boost
|-boost|p2a: Archaludon|def|1
|move|p1a: Perrserker|Knock Off|p2a: Archaludon
|-crit|p2a: Archaludon
|-damage|p2a: Archaludon|67/100
|-ability|p2a: Archaludon|Stamina|boost
|-boost|p2a: Archaludon|def|1
|-enditem|p2a: Archaludon|Assault Vest|[from] move: Knock Off|[of] p1a: Perrserker
|move|p2a: Archaludon|Electro Shot||[still]
|-prepare|p2a: Archaludon|Electro Shot
|-boost|p2a: Archaludon|spa|1
|-anim|p2a: Archaludon|Electro Shot|p1a: Perrserker
|-damage|p1a: Perrserker|0 fnt
|faint|p1a: Perrserker
|
|-weather|none
|upkeep
|
|t:|1754714776
|switch|p1a: Gholdengo|Gholdengo, L50, tera:Steel|100/100
|turn|6
|inactive|bodhidelbarrio has 30 seconds left.
|inactive|Lucario Palworld has 30 seconds left.
|
|t:|1754714820
|move|p1b: Tatsugiri|Icy Wind|p2b: Dragonite|[spread] p2a,p2b
|-supereffective|p2b: Dragonite
|-damage|p2a: Archaludon|52/100
|-damage|p2b: Dragonite|9/100
|-unboost|p2a: Archaludon|spe|1
|-unboost|p2b: Dragonite|spe|1
|-ability|p2a: Archaludon|Stamina|boost
|-boost|p2a: Archaludon|def|1
|move|p1a: Gholdengo|Make It Rain|p2b: Dragonite|[spread] p2a,p2b
|-resisted|p2a: Archaludon
|-damage|p2a: Archaludon|0 fnt
|-damage|p2b: Dragonite|0 fnt
|-unboost|p1a: Gholdengo|spa|1
|faint|p2a: Archaludon
|faint|p2b: Dragonite
|
|upkeep
|
|t:|1754714834
|switch|p2b: Pelipper|Pelipper, L50, M|10/100
|-weather|RainDance|[from] ability: Drizzle|[of] p2b: Pelipper
|turn|7
|
|t:|1754714838
|move|p2b: Pelipper|Wide Guard|p2b: Pelipper
|-singleturn|p2b: Pelipper|Wide Guard
|move|p1b: Tatsugiri|Icy Wind|p2b: Pelipper
|-activate|p2b: Pelipper|move: Wide Guard
|move|p1a: Gholdengo|Make It Rain|p2b: Pelipper
|-activate|p2b: Pelipper|move: Wide Guard
|
|-weather|RainDance|[upkeep]
|-sideend|p1: Lucario Palworld|move: Tailwind
|upkeep
|turn|8
|
|t:|1754714843
|move|p2b: Pelipper|Wide Guard|p2b: Pelipper
|-singleturn|p2b: Pelipper|Wide Guard
|move|p1b: Tatsugiri|Icy Wind|p2b: Pelipper
|-activate|p2b: Pelipper|move: Wide Guard
|move|p1a: Gholdengo|Make It Rain|p2b: Pelipper
|-activate|p2b: Pelipper|move: Wide Guard
|
|-weather|RainDance|[upkeep]
|upkeep
|turn|9
|
|t:|1754714846
|move|p2b: Pelipper|Wide Guard|p2b: Pelipper
|-singleturn|p2b: Pelipper|Wide Guard
|move|p1b: Tatsugiri|Icy Wind|p2b: Pelipper
|-activate|p2b: Pelipper|move: Wide Guard
|move|p1a: Gholdengo|Make It Rain|p2b: Pelipper
|-activate|p2b: Pelipper|move: Wide Guard
|
|-weather|RainDance|[upkeep]
|upkeep
|turn|10
|
|t:|1754714858
|-terastallize|p2b: Pelipper|Steel
|move|p1b: Tatsugiri|Icy Wind|p2b: Pelipper
|-resisted|p2b: Pelipper
|-damage|p2b: Pelipper|0 fnt
|faint|p2b: Pelipper
|
|win|Lucario Palworld
|raw|Lucario Palworld's rating: 1254 → 1284(+30 for winning)
|raw|bodhidelbarrio's rating: 1318 → 1294(-24 for losing)
