|j|☆caevz027
|j|☆ZephyrBreezy
|html|caevz027ZephyrBreezy    
|uhtml|bestof|Game 1 of a best-of-3
|t:|1756934311
|gametype|doubles
|player|p1|caevz027|101|1151
|player|p2|ZephyrBreezy|1|1107
|gen|9
|tier|[Gen 9] VGC 2025 Reg H (Bo3)
|rated|
|rule|Species Clause: Limit one of each Pokémon
|rule|Item Clause: Limit 1 of each item
|clearpoke
|poke|p1|Ninetales-Alola, L50, F|
|poke|p1|Annihilape, L50, M|
|poke|p1|Sinistcha-Masterpiece, L50|
|poke|p1|Klefki, L50, F|
|poke|p1|Ursaluna-Bloodmoon, L50, M|
|poke|p1|Maushold-Four, L50|
|poke|p2|Lilligant-Hisui, L50, F|
|poke|p2|Torkoal, L50, F|
|poke|p2|Delphox, L50, F|
|poke|p2|Ursaluna-Bloodmoon, L50, M|
|poke|p2|Indeedee-F, L50, F|
|poke|p2|Annihilape, L50, M|
|teampreview|4
|showteam|p1|Ninetales-Alola||FocusSash|SnowWarning|IcyWind,Encore,Protect,FreezeDry|||F|||50|,,,,,Ghost]Annihilape||Leftovers|Defiant|Protect,DrainPunch,RageFist,BulkUp|||M|||50|,,,,,Fire]Sinistcha-Masterpiece||SitrusBerry|Hospitality|MatchaGotcha,RagePowder,LifeDew,TrickRoom||||||50|,,,,,Water]Klefki||LightClay|Prankster|DazzlingGleam,Reflect,LightScreen,MistyTerrain|||F|||50|,,,,,Ghost]Ursaluna-Bloodmoon||AssaultVest|MindsEye|HyperVoice,BloodMoon,EarthPower,VacuumWave|||M|||50|,,,,,Normal]Maushold-Four||WideLens|Technician|PopulationBomb,FollowMe,Protect,BeatUp||||||50|,,,,,Ghost
|showteam|p2|Lilligant-Hisui||FocusSash|Chlorophyll|AfterYou,SleepPowder,Protect,Coaching|||F|||50|,,,,,Ghost]Torkoal||EjectPack|Drought|Eruption,Overheat,EarthPower,Protect|||F|||50|,,,,,Fire]Delphox||LifeOrb|Blaze|ExpandingForce,HeatWave,Protect,TeraBlast|||F|||50|,,,,,Fighting]Ursaluna-Bloodmoon||AssaultVest|MindsEye|HyperVoice,BloodMoon,EarthPower,VacuumWave|||M|||50|,,,,,Water]Indeedee-F||SafetyGoggles|PsychicSurge|FollowMe,HelpingHand,TrickRoom,Psychic|||F|||50|,,,,,Water]Annihilape||ChoiceScarf|Defiant|FinalGambit,CloseCombat,ShadowClaw,Uturn|||M|||50|,,,,,Fighting
|inactive|Battle timer is ON: inactive players will automatically lose when time's up. (requested by ZephyrBreezy)
|
|t:|1756934334
|teamsize|p1|4
|teamsize|p2|4
|start
|switch|p1a: Klefki|Klefki, L50, F|100/100
|switch|p1b: Annihilape|Annihilape, L50, M, shiny|100/100
|switch|p2a: Indeedee|Indeedee-F, L50, F|100/100
|switch|p2b: Delphox|Delphox, L50, F|100/100
|-fieldstart|move: Psychic Terrain|[from] ability: Psychic Surge|[of] p2a: Indeedee
|turn|1
|inactive|caevz027 has 30 seconds left.
|inactive|ZephyrBreezy has 30 seconds left.
|inactive|ZephyrBreezy has 20 seconds left.
|
|t:|1756934371
|-terastallize|p1b: Annihilape|Fire
|move|p1a: Klefki|Light Screen|p1a: Klefki
|-sidestart|p1: caevz027|move: Light Screen
|move|p2b: Delphox|Expanding Force|p1b: Annihilape|[spread] p1a,p1b
|-resisted|p1a: Klefki
|-damage|p1a: Klefki|72/100
|-damage|p1b: Annihilape|56/100
|-damage|p2b: Delphox|90/100|[from] item: Life Orb
|move|p1b: Annihilape|Drain Punch|p2a: Indeedee
|-damage|p2a: Indeedee|67/100
|-heal|p1b: Annihilape|69/100|[from] drain|[of] p2a: Indeedee
|move|p2a: Indeedee|Trick Room|p2a: Indeedee
|-fieldstart|move: Trick Room|[of] p2a: Indeedee
|
|-heal|p1b: Annihilape|75/100|[from] item: Leftovers
|upkeep
|turn|2
|
|t:|1756934396
|switch|p2a: Torkoal|Torkoal, L50, F|100/100
|-weather|SunnyDay|[from] ability: Drought|[of] p2a: Torkoal
|move|p1a: Klefki|Misty Terrain|p1a: Klefki
|-fieldstart|move: Misty Terrain
|move|p1b: Annihilape|Rage Fist|p2b: Delphox
|-supereffective|p2b: Delphox
|-damage|p2b: Delphox|0 fnt
|faint|p2b: Delphox
|
|-weather|SunnyDay|[upkeep]
|-heal|p1b: Annihilape|81/100|[from] item: Leftovers
|upkeep
|
|t:|1756934405
|switch|p2b: Ursaluna|Ursaluna-Bloodmoon, L50, M|100/100
|turn|3
|
|t:|1756934421
|switch|p1a: Ninetales|Ninetales-Alola, L50, F|100/100
|-weather|Snowscape|[from] ability: Snow Warning|[of] p1a: Ninetales
|-terastallize|p2a: Torkoal|Fire
|move|p2a: Torkoal|Eruption|p1a: Ninetales|[spread] p1a,p1b
|-supereffective|p1a: Ninetales
|-resisted|p1b: Annihilape
|-damage|p1a: Ninetales|6/100
|-damage|p1b: Annihilape|63/100
|move|p2b: Ursaluna|Earth Power|p1a: Ninetales
|-damage|p1a: Ninetales|0 fnt
|faint|p1a: Ninetales
|move|p1b: Annihilape|Drain Punch|p2b: Ursaluna
|-supereffective|p2b: Ursaluna
|-damage|p2b: Ursaluna|59/100
|-heal|p1b: Annihilape|84/100|[from] drain|[of] p2b: Ursaluna
|
|-weather|Snowscape|[upkeep]
|-heal|p1b: Annihilape|90/100|[from] item: Leftovers
|upkeep
|
|t:|1756934438
|switch|p1a: Klefki|Klefki, L50, F|72/100
|turn|4
|
|t:|1756934452
|move|p2a: Torkoal|Eruption|p1a: Klefki|[spread] p1a,p1b
|-supereffective|p1a: Klefki
|-resisted|p1b: Annihilape
|-damage|p1a: Klefki|0 fnt
|-damage|p1b: Annihilape|71/100
|faint|p1a: Klefki
|move|p2b: Ursaluna|Earth Power|p1b: Annihilape
|-supereffective|p1b: Annihilape
|-damage|p1b: Annihilape|8/100
|move|p1b: Annihilape|Rage Fist|p2a: Torkoal
|-damage|p2a: Torkoal|25/100
|
|-weather|Snowscape|[upkeep]
|-heal|p1b: Annihilape|14/100|[from] item: Leftovers
|upkeep
|
|t:|1756934467
|switch|p1a: Sinistcha|Sinistcha-Masterpiece, L50|100/100
|-heal|p1b: Annihilape|39/100|[from] ability: Hospitality|[of] p1a: Sinistcha
|turn|5
|
|t:|1756934480
|move|p1b: Annihilape|Protect|p1b: Annihilape
|-singleturn|p1b: Annihilape|Protect
|move|p2a: Torkoal|Overheat|p1a: Sinistcha
|-supereffective|p1a: Sinistcha
|-damage|p1a: Sinistcha|0 fnt
|-unboost|p2a: Torkoal|spa|2
|faint|p1a: Sinistcha
|-enditem|p2a: Torkoal|Eject Pack
|
|t:|1756934485
|switch|p2a: Indeedee|Indeedee-F, L50, F|67/100
|-fieldstart|move: Psychic Terrain|[from] ability: Psychic Surge|[of] p2a: Indeedee
|move|p2b: Ursaluna|Hyper Voice|p1b: Annihilape
|-activate|p1b: Annihilape|move: Protect
|
|-weather|Snowscape|[upkeep]
|-heal|p1b: Annihilape|45/100|[from] item: Leftovers
|-fieldend|move: Trick Room
|upkeep
|turn|6
|
|t:|1756934498
|move|p2a: Indeedee|Helping Hand|p2b: Ursaluna
|-singleturn|p2b: Ursaluna|Helping Hand|[of] p2a: Indeedee
|move|p1b: Annihilape|Drain Punch|p2a: Indeedee
|-damage|p2a: Indeedee|36/100
|-heal|p1b: Annihilape|56/100|[from] drain|[of] p2a: Indeedee
|move|p2b: Ursaluna|Blood Moon|p1b: Annihilape
|-damage|p1b: Annihilape|0 fnt
|faint|p1b: Annihilape
|
|win|ZephyrBreezy
||caevz027 is ready for game 2.
||ZephyrBreezy is ready for game 2.
|uhtml|next|Next: Game 2 of 3
|l|☆caevz027
|player|p1|
