|j|☆thewanderer55
|j|☆ThierryVGC
|html|thewanderer55ThierryVGC    
|uhtml|bestof|Game 1 of a best-of-3
|t:|1756225639
|gametype|doubles
|player|p1|thewanderer55|flannery|1105
|player|p2|ThierryVGC|266|1116
|gen|9
|tier|[Gen 9] VGC 2025 Reg H (Bo3)
|rated|
|rule|Species Clause: Limit one of each Pokémon
|rule|Item Clause: Limit 1 of each item
|clearpoke
|poke|p1|Typhlosion-Hisui, L50, F|
|poke|p1|Ursaluna, L50, F|
|poke|p1|Whimsicott, L50, F|
|poke|p1|Farigiraf, L50, F|
|poke|p1|Incineroar, L50, F|
|poke|p1|Torkoal, L50, F|
|poke|p2|Ursaluna, L50, M|
|poke|p2|Porygon2, L50|
|poke|p2|Incineroar, L50, F|
|poke|p2|Amoonguss, L50, F|
|poke|p2|Sinistcha-Masterpiece, L50|
|poke|p2|Mienshao, L50, F|
|teampreview|4
|showteam|p1|Typhlosion-Hisui||ChoiceScarf|Blaze|Eruption,HeatWave,ShadowBall,FocusBlast|||F|||50|,,,,,Fire]Ursaluna||FlameOrb|Guts|Facade,HeadlongRush,Earthquake,Protect|||F|||50|,,,,,Ghost]Whimsicott||FocusSash|Prankster|Moonblast,Tailwind,Taunt,SunnyDay|||F|||50|,,,,,Ghost]Farigiraf||ThroatSpray|ArmorTail|HyperVoice,Psychic,TrickRoom,Protect|||F|||50|,,,,,Fairy]Incineroar||FigyBerry|Intimidate|FakeOut,PartingShot,KnockOff,FlareBlitz|||F|||50|,,,,,Grass]Torkoal||RockyHelmet|Drought|HeatWave,Yawn,EarthPower,Protect|||F|||50|,,,,,Fire
|showteam|p2|Ursaluna||FlameOrb|Guts|Facade,Earthquake,HeadlongRush,Protect|||M|||50|,,,,,Ghost]Porygon2||Eviolite|Download|TrickRoom,Recover,ShadowBall,TeraBlast||||||50|,,,,,Electric]Incineroar||SafetyGoggles|Intimidate|KnockOff,FlareBlitz,PartingShot,FakeOut|||F|||50|,,,,,Ghost]Amoonguss||CovertCloak|Regenerator|Spore,RagePowder,ClearSmog,PollenPuff|||F|||50|,,,,,Water]Sinistcha-Masterpiece||SitrusBerry|Hospitality|MatchaGotcha,LifeDew,RagePowder,TrickRoom||||||50|,,,,,Water]Mienshao||FocusSash|InnerFocus|WideGuard,CloseCombat,IceSpinner,KnockOff|||F|||50|,,,,,Stellar
|
|t:|1756225668
|teamsize|p1|4
|teamsize|p2|4
|start
|switch|p1a: Whimsicott|Whimsicott, L50, F, shiny|100/100
|switch|p1b: Typhlosion|Typhlosion-Hisui, L50, F, shiny|100/100
|switch|p2a: Incineroar|Incineroar, L50, F|100/100
|switch|p2b: Amoonguss|Amoonguss, L50, F|100/100
|-ability|p2a: Incineroar|Intimidate|boost
|-unboost|p1a: Whimsicott|atk|1
|-unboost|p1b: Typhlosion|atk|1
|turn|1
|
|t:|1756225702
|switch|p1b: Incineroar|Incineroar, L50, F|100/100
|-ability|p1b: Incineroar|Intimidate|boost
|-unboost|p2a: Incineroar|atk|1
|-unboost|p2b: Amoonguss|atk|1
|-terastallize|p2b: Amoonguss|Water
|move|p1a: Whimsicott|Taunt|p2b: Amoonguss
|-start|p2b: Amoonguss|move: Taunt
|move|p2a: Incineroar|Knock Off|p1b: Incineroar
|-resisted|p1b: Incineroar
|-damage|p1b: Incineroar|90/100
|-enditem|p1b: Incineroar|Figy Berry|[from] move: Knock Off|[of] p2a: Incineroar
|move|p2b: Amoonguss|Pollen Puff|p2a: Incineroar
|
|upkeep
|turn|2
|j| Raihan khan22556
|j| MADRE SANGUE
|l| MADRE SANGUE
|
|t:|1756225729
|move|p1a: Whimsicott|Moonblast|p2b: Amoonguss
|-damage|p2b: Amoonguss|68/100
|move|p2a: Incineroar|Flare Blitz|p1a: Whimsicott
|-supereffective|p1a: Whimsicott
|-damage|p1a: Whimsicott|6/100
|-damage|p2a: Incineroar|80/100|[from] Recoil
|move|p1b: Incineroar|Knock Off|p2b: Amoonguss
|-damage|p2b: Amoonguss|30/100
|-enditem|p2b: Amoonguss|Covert Cloak|[from] move: Knock Off|[of] p1b: Incineroar
|move|p2b: Amoonguss|Pollen Puff|p1a: Whimsicott
|-damage|p1a: Whimsicott|0 fnt
|faint|p1a: Whimsicott
|
|upkeep
|
|t:|1756225744
|switch|p1a: Farigiraf|Farigiraf, L50, F, shiny|100/100
|turn|3
|
|t:|1756225763
|switch|p2b: Ursaluna|Ursaluna, L50, M|100/100
|move|p2a: Incineroar|Parting Shot|p1a: Farigiraf
|-unboost|p1a: Farigiraf|atk|1
|-unboost|p1a: Farigiraf|spa|1
|
|t:|1756225772
|switch|p2a: Amoonguss|Amoonguss, L50, F, tera:Water|63/100|[from] Parting Shot
|move|p1b: Incineroar|Parting Shot|p2a: Amoonguss
|-unboost|p2a: Amoonguss|atk|1
|-unboost|p2a: Amoonguss|spa|1
|
|t:|1756225778
|switch|p1b: Typhlosion|Typhlosion-Hisui, L50, F, shiny|100/100|[from] Parting Shot
|move|p1a: Farigiraf|Hyper Voice|p2a: Amoonguss|[spread] p2a,p2b
|-damage|p2a: Amoonguss|47/100
|-damage|p2b: Ursaluna|85/100
|-enditem|p1a: Farigiraf|Throat Spray
|-boost|p1a: Farigiraf|spa|1|[from] item: Throat Spray
|
|-status|p2b: Ursaluna|brn|[from] item: Flame Orb
|upkeep
|turn|4
|
|t:|1756225800
|-terastallize|p1b: Typhlosion|Fire
|move|p2b: Ursaluna|Protect|p2b: Ursaluna
|-singleturn|p2b: Ursaluna|Protect
|move|p1b: Typhlosion|Eruption|p2a: Amoonguss|[spread] p2a
|-activate|p2b: Ursaluna|move: Protect
|-resisted|p2a: Amoonguss
|-damage|p2a: Amoonguss|10/100
|move|p1a: Farigiraf|Psychic|p2a: Amoonguss
|-damage|p2a: Amoonguss|0 fnt
|faint|p2a: Amoonguss
|
|-damage|p2b: Ursaluna|79/100 brn|[from] brn
|upkeep
|
|t:|1756225811
|switch|p2a: Incineroar|Incineroar, L50, F|80/100
|-ability|p2a: Incineroar|Intimidate|boost
|-unboost|p1a: Farigiraf|atk|1
|-unboost|p1b: Typhlosion|atk|1
|turn|5
|
|t:|1756225831
|move|p1b: Typhlosion|Eruption|p2a: Incineroar|[spread] p2a,p2b
|-resisted|p2a: Incineroar
|-damage|p2a: Incineroar|50/100
|-damage|p2b: Ursaluna|6/100 brn
|move|p2a: Incineroar|Knock Off|p1b: Typhlosion
|-damage|p1b: Typhlosion|40/100
|-enditem|p1b: Typhlosion|Choice Scarf|[from] move: Knock Off|[of] p2a: Incineroar
|move|p1a: Farigiraf|Psychic|p2b: Ursaluna
|-damage|p2b: Ursaluna|0 fnt
|faint|p2b: Ursaluna
|
|upkeep
|
|t:|1756225841
|switch|p2b: Porygon2|Porygon2, L50|100/100
|-ability|p2b: Porygon2|Download|boost
|-boost|p2b: Porygon2|atk|1
|turn|6
|
|t:|1756225862
|move|p1b: Typhlosion|Heat Wave|p2a: Incineroar|[spread] p2a,p2b
|-resisted|p2a: Incineroar
|-damage|p2a: Incineroar|30/100
|-damage|p2b: Porygon2|68/100
|move|p2a: Incineroar|Knock Off|p1a: Farigiraf
|-supereffective|p1a: Farigiraf
|-damage|p1a: Farigiraf|55/100
|move|p1a: Farigiraf|Hyper Voice|p2b: Porygon2|[spread] p2a,p2b
|-damage|p2a: Incineroar|8/100
|-damage|p2b: Porygon2|53/100
|move|p2b: Porygon2|Trick Room|p2b: Porygon2
|-fieldstart|move: Trick Room|[of] p2b: Porygon2
|
|upkeep
|turn|7
|
|t:|1756225884
|switch|p1b: Incineroar|Incineroar, L50, F|90/100
|-ability|p1b: Incineroar|Intimidate|boost
|-unboost|p2a: Incineroar|atk|1
|-unboost|p2b: Porygon2|atk|1
|move|p1a: Farigiraf|Hyper Voice|p2b: Porygon2|[spread] p2a,p2b
|-damage|p2a: Incineroar|0 fnt
|-damage|p2b: Porygon2|36/100
|faint|p2a: Incineroar
|move|p2b: Porygon2|Tera Blast|p1b: Incineroar
|-damage|p1b: Incineroar|61/100
|
|upkeep
|turn|8
|j| Trestkon
|
|t:|1756225898
|move|p1b: Incineroar|Fake Out|p2b: Porygon2
|-damage|p2b: Porygon2|30/100
|move|p1a: Farigiraf|Psychic|p2b: Porygon2
|-damage|p2b: Porygon2|6/100
|cant|p2b: Porygon2|flinch
|
|upkeep
|turn|9
|l| Trestkon
|
|t:|1756225908
|move|p1a: Farigiraf|Hyper Voice|p2b: Porygon2
|-damage|p2b: Porygon2|0 fnt
|faint|p2b: Porygon2
|
|win|thewanderer55
||thewanderer55 is ready for game 2.
||ThierryVGC is ready for game 2.
|uhtml|next|Next: Game 2 of 3
