|j|☆HeroLinik
|j|☆M00ncell
|html|HeroLinikM00ncell    
|uhtml|bestof|Game 3 of a best-of-3
|t:|1783356292
|gametype|doubles
|player|p1|HeroLinik|gambler|
|player|p2|M00ncell|plasmagrunt|
|gen|9
|tier|[Gen 9 Champions] VGC 2026 Reg M-B (Bo3)
|rule|Species Clause: Limit one of each Pokémon
|rule|Item Clause: Limit 1 of each item
|clearpoke
|poke|p1|Pyroar, L50, M|
|poke|p1|Farigiraf, L50, F|
|poke|p1|Venusaur, L50, F|
|poke|p1|Primarina, L50, F|
|poke|p1|Torkoal, L50, M|
|poke|p1|Gholdengo, L50|
|poke|p2|Staraptor, L50, M|
|poke|p2|Whimsicott, L50, F|
|poke|p2|Garchomp, L50, M|
|poke|p2|Basculegion, L50, M|
|poke|p2|Incineroar, L50, M|
|poke|p2|Charizard, L50, M|
|teampreview|4
|showteam|p1|Pyroar||Pyroarite|Unnerve|Overheat,HeatWave,SolarBeam,Protect|Timid||M|||50|]Farigiraf||ColburBerry|ArmorTail|Protect,SunnyDay,TrickRoom,Psychic|Bold||F|||50|]Venusaur||FocusSash|Chlorophyll|SleepPowder,SludgeBomb,EarthPower,Protect|Timid||F|||50|]Primarina||LifeOrb|LiquidVoice|HyperVoice,Moonblast,DazzlingGleam,Protect|Quiet||F|||50|]Torkoal||Charcoal|Drought|Eruption,WeatherBall,HelpingHand,Yawn|Quiet||M|||50|]Gholdengo||ChoiceScarf|GoodasGold|MakeItRain,ShadowBall,FocusBlast,Thunderbolt|Timid|||||50|
|showteam|p2|Staraptor||Staraptite|Intimidate|CloseCombat,BraveBird,Protect,Roost|Jolly||M|||50|]Whimsicott||FocusSash|Prankster|Moonblast,Tailwind,Encore,Protect|Timid||F|||50|]Garchomp||LifeOrb|RoughSkin|DragonClaw,Protect,Earthquake,RockSlide|Jolly||M|||50|]Basculegion||ChoiceScarf|Adaptability|LastRespects,AquaJet,WaveCrash,FlipTurn|Adamant||M|||50|]Incineroar||SitrusBerry|Intimidate|FakeOut,PartingShot,FlareBlitz,ThroatChop|Careful||M|||50|]Charizard||CharizarditeY|Blaze|Protect,HeatWave,SolarBeam,WeatherBall|Modest||M|||50|
|inactive|Battle timer is ON: inactive players will automatically lose when time's up. (requested by HeroLinik)
|inactive|M00ncell has 60 seconds left.
|
|t:|1783356345
|teamsize|p1|4
|teamsize|p2|4
|start
|switch|p1a: Farigiraf|Farigiraf, L50, F|100/100
|switch|p1b: Primarina|Primarina, L50, F|100/100
|switch|p2a: Whimsicott|Whimsicott, L50, F|100/100
|switch|p2b: Staraptor|Staraptor, L50, M|100/100
|-ability|p2b: Staraptor|Intimidate|boost
|-unboost|p1a: Farigiraf|atk|1
|-unboost|p1b: Primarina|atk|1
|turn|1
|inactive|M00ncell has 30 seconds left.
|inactive|M00ncell has 20 seconds left.
|
|t:|1783356382
|move|p2a: Whimsicott|Protect|p2a: Whimsicott
|-singleturn|p2a: Whimsicott|Protect
|move|p2b: Staraptor|Protect|p2b: Staraptor
|-singleturn|p2b: Staraptor|Protect
|move|p1b: Primarina|Dazzling Gleam|p2a: Whimsicott|[spread] 
|-activate|p2a: Whimsicott|move: Protect
|-activate|p2b: Staraptor|move: Protect
|move|p1a: Farigiraf|Trick Room|p1a: Farigiraf
|-fieldstart|move: Trick Room|[of] p1a: Farigiraf
|
|upkeep
|turn|2
|inactive|M00ncell has 30 seconds left.
|inactive|M00ncell has 20 seconds left.
|inactive|M00ncell has 15 seconds left.
|inactive|M00ncell has 10 seconds left.
|
|t:|1783356431
|detailschange|p2b: Staraptor|Staraptor-Mega, L50, M
|-mega|p2b: Staraptor|Staraptor|Staraptite
|move|p1b: Primarina|Dazzling Gleam|p2b: Staraptor|[spread] p2a,p2b
|-supereffective|p2b: Staraptor|1
|-damage|p2a: Whimsicott|27/100
|-damage|p2b: Staraptor|3/100
|-damage|p1b: Primarina|90/100|[from] item: Life Orb
|move|p1a: Farigiraf|Psychic|p2b: Staraptor
|-supereffective|p2b: Staraptor|1
|-damage|p2b: Staraptor|0 fnt
|faint|p2b: Staraptor
|move|p2a: Whimsicott|Moonblast|p1b: Primarina
|-damage|p1b: Primarina|60/100
|
|upkeep
|
|t:|1783356446
|switch|p2b: Basculegion|Basculegion, L50, M|100/100
|turn|3
|
|t:|1783356471
|move|p2a: Whimsicott|Protect|p2a: Whimsicott
|-singleturn|p2a: Whimsicott|Protect
|move|p1b: Primarina|Moonblast|p2b: Basculegion
|-damage|p2b: Basculegion|14/100
|-damage|p1b: Primarina|51/100|[from] item: Life Orb
|move|p1a: Farigiraf|Psychic|p2b: Basculegion
|-damage|p2b: Basculegion|0 fnt
|faint|p2b: Basculegion
|
|upkeep
|
|t:|1783356478
|switch|p2b: Garchomp|Garchomp, L50, M|100/100
|turn|4
|
|t:|1783356485
|move|p2a: Whimsicott|Protect||[still]
|-fail|p2a: Whimsicott
|move|p2b: Garchomp|Protect|p2b: Garchomp
|-singleturn|p2b: Garchomp|Protect
|move|p1b: Primarina|Dazzling Gleam|p2a: Whimsicott|[spread] p2a
|-activate|p2b: Garchomp|move: Protect
|-damage|p2a: Whimsicott|0 fnt
|faint|p2a: Whimsicott
|-damage|p1b: Primarina|41/100|[from] item: Life Orb
|move|p1a: Farigiraf|Psychic|p2b: Garchomp
|-activate|p2b: Garchomp|move: Protect
|
|upkeep
|turn|5
|c|☆HeroLinik|gg
|
|t:|1783356498
|move|p2b: Garchomp|Protect|p2b: Garchomp
|-singleturn|p2b: Garchomp|Protect
|move|p1b: Primarina|Moonblast|p2b: Garchomp
|-activate|p2b: Garchomp|move: Protect
|move|p1a: Farigiraf|Psychic|p2b: Garchomp
|-activate|p2b: Garchomp|move: Protect
|
|-fieldend|move: Trick Room
|upkeep
|turn|6
|
|t:|1783356510
|move|p1b: Primarina|Protect|p1b: Primarina
|-singleturn|p1b: Primarina|Protect
|move|p2b: Garchomp|Earthquake|p1a: Farigiraf|[spread] p1a
|-activate|p1b: Primarina|move: Protect
|-damage|p1a: Farigiraf|61/100
|-damage|p2b: Garchomp|90/100|[from] item: Life Orb
|move|p1a: Farigiraf|Trick Room|p1a: Farigiraf
|-fieldstart|move: Trick Room|[of] p1a: Farigiraf
|
|upkeep
|turn|7
|c|☆M00ncell|gg
|
|t:|1783356521
|move|p1b: Primarina|Moonblast|p2b: Garchomp
|-supereffective|p2b: Garchomp|1
|-damage|p2b: Garchomp|0 fnt
|faint|p2b: Garchomp
|-damage|p1b: Primarina|32/100|[from] item: Life Orb
|
|win|HeroLinik
