|j|☆arts and stuff
|j|☆PM77Switch
|html|arts and stuffPM77Switch    
|uhtml|bestof|Game 1 of a best-of-3
|t:|1783721101
|gametype|doubles
|player|p1|arts and stuff|169|1000
|player|p2|PM77Switch|may-masters3|1116
|gen|9
|tier|[Gen 9 Champions] VGC 2026 Reg M-B (Bo3)
|rated|
|rule|Species Clause: Limit one of each Pokémon
|rule|Item Clause: Limit 1 of each item
|clearpoke
|poke|p1|Scolipede, L50, M, shiny|
|poke|p1|Maushold-Four, L50, shiny|
|poke|p1|Incineroar, L50, F, shiny|
|poke|p1|Raichu, L50, M, shiny|
|poke|p1|Whimsicott, L50, M, shiny|
|poke|p1|Sylveon, L50, M, shiny|
|poke|p2|Staraptor, L50, M, shiny|
|poke|p2|Farigiraf, L50, F, shiny|
|poke|p2|Charizard, L50, F, shiny|
|poke|p2|Whimsicott, L50, M, shiny|
|poke|p2|Garchomp, L50, F, shiny|
|poke|p2|Gholdengo, L50, shiny|
|teampreview|4
|showteam|p1|Scolipede||Scolipite|PoisonPoint|Protect,LeechLife,PoisonJab,SwordsDance|Adamant||M|||50|]Maushold-Four||WideLens|FriendGuard|PopulationBomb,FollowMe,LowKick,Protect|Jolly|||||50|]Incineroar||Leftovers|Intimidate|FlareBlitz,FakeOut,PartingShot,Protect|Careful||F|||50|]Raichu||RaichuniteY|LightningRod|VoltSwitch,FocusBlast,Thunderbolt,Protect|Timid||M|||50|]Whimsicott||FocusSash|Prankster|Moonblast,Encore,Protect,Tailwind|Bold||M|||50|]Sylveon||LifeOrb|Pixilate|HyperBeam,HyperVoice,Detect,MysticalFire|Modest||M|||50|
|showteam|p2|Staraptor||Staraptite|Intimidate|DualWingbeat,CloseCombat,BlazeKick,Protect|Jolly||M|||50|]Farigiraf||SitrusBerry|ArmorTail|Psychic,HelpingHand,TrickRoom,Imprison|Bold||F|||50|]Charizard||CharizarditeY|SolarPower|HeatWave,WeatherBall,SolarBeam,Protect|Modest||F|||50|]Whimsicott||FairyFeather|Prankster|Moonblast,Tailwind,SunnyDay,Taunt|Timid||M|||50|]Garchomp||LifeOrb|RoughSkin|StompingTantrum,DragonClaw,RockSlide,Protect|Jolly||F|||50|]Gholdengo||ChoiceScarf|GoodasGold|MakeItRain,ShadowBall,PowerGem,Thunderbolt|Timid|||||50|
|inactive|Battle timer is ON: inactive players will automatically lose when time's up. (requested by PM77Switch)
|inactive|arts and stuff has 60 seconds left.
|inactive|PM77Switch has 60 seconds left.
|
|t:|1783721149
|teamsize|p1|4
|teamsize|p2|4
|start
|switch|p1a: Nikola|Raichu, L50, M, shiny|100/100
|switch|p1b: Meeska & Mooska|Maushold-Four, L50, shiny|100/100
|switch|p2a: Charizard|Charizard, L50, F, shiny|100/100
|switch|p2b: Whimsicott|Whimsicott, L50, M, shiny|100/100
|turn|1
|
|t:|1783721172
|switch|p2b: Gholdengo|Gholdengo, L50, shiny|100/100
|detailschange|p1a: Nikola|Raichu-Mega-Y, L50, M, shiny
|-mega|p1a: Nikola|Raichu|Raichunite Y
|move|p2a: Charizard|Protect|p2a: Charizard
|-singleturn|p2a: Charizard|Protect
|move|p1a: Nikola|Volt Switch|p2a: Charizard
|-activate|p2a: Charizard|move: Protect
|move|p1b: Meeska & Mooska|Population Bomb|p2b: Gholdengo
|-immune|p2b: Gholdengo
|
|upkeep
|turn|2
|inactive|PM77Switch has 30 seconds left.
|
|t:|1783721207
|switch|p2a: Garchomp|Garchomp, L50, F, shiny|100/100
|move|p1b: Meeska & Mooska|Protect|p1b: Meeska & Mooska
|-singleturn|p1b: Meeska & Mooska|Protect
|move|p2b: Gholdengo|Make It Rain|p1a: Nikola|[spread] p1a
|-activate|p1b: Meeska & Mooska|move: Protect
|-resisted|p1a: Nikola|1
|-crit|p1a: Nikola
|-damage|p1a: Nikola|59/100
|-unboost|p2b: Gholdengo|spa|2
|move|p1a: Nikola|Volt Switch|p2a: Garchomp
|-immune|p2a: Garchomp
|
|upkeep
|turn|3
|inactive|PM77Switch has 30 seconds left.
|
|t:|1783721235
|switch|p2b: Whimsicott|Whimsicott, L50, M, shiny|100/100
|switch|p1b: Rupaul|Sylveon, L50, M, shiny|100/100
|move|p1a: Nikola|Volt Switch|p2b: Whimsicott
|-resisted|p2b: Whimsicott|1
|-damage|p2b: Whimsicott|65/100
|
|t:|1783721245
|switch|p1a: Meeska & Mooska|Maushold-Four, L50, shiny|100/100|[from] Volt Switch
|move|p2a: Garchomp|Dragon Claw|p1b: Rupaul
|-immune|p1b: Rupaul
|
|upkeep
|turn|4
|
|t:|1783721260
|move|p2a: Garchomp|Protect|p2a: Garchomp
|-singleturn|p2a: Garchomp|Protect
|move|p1a: Meeska & Mooska|Follow Me|p1a: Meeska & Mooska
|-singleturn|p1a: Meeska & Mooska|move: Follow Me
|move|p2b: Whimsicott|Moonblast|p1a: Meeska & Mooska
|-damage|p1a: Meeska & Mooska|30/100
|move|p1b: Rupaul|Hyper Voice|p2a: Garchomp|[spread] p2b
|-activate|p2a: Garchomp|move: Protect
|-damage|p2b: Whimsicott|0 fnt
|faint|p2b: Whimsicott
|-damage|p1b: Rupaul|90/100|[from] item: Life Orb
|
|upkeep
|
|t:|1783721272
|switch|p2b: Gholdengo|Gholdengo, L50, shiny|100/100
|turn|5
|
|t:|1783721281
|switch|p2a: Charizard|Charizard, L50, F, shiny|100/100
|move|p1a: Meeska & Mooska|Protect|p1a: Meeska & Mooska
|-singleturn|p1a: Meeska & Mooska|Protect
|move|p1b: Rupaul|Detect|p1b: Rupaul
|-singleturn|p1b: Rupaul|Protect
|move|p2b: Gholdengo|Make It Rain|p1a: Meeska & Mooska|[spread] 
|-activate|p1a: Meeska & Mooska|move: Protect
|-activate|p1b: Rupaul|move: Protect
|
|upkeep
|turn|6
|
|t:|1783721290
|detailschange|p2a: Charizard|Charizard-Mega-Y, L50, F, shiny
|-mega|p2a: Charizard|Charizard|Charizardite Y
|-weather|SunnyDay|[from] ability: Drought|[of] p2a: Charizard
|move|p2b: Gholdengo|Make It Rain|p1b: Rupaul|[spread] p1a,p1b
|-supereffective|p1b: Rupaul|1
|-damage|p1a: Meeska & Mooska|0 fnt
|-damage|p1b: Rupaul|40/100
|-unboost|p2b: Gholdengo|spa|2
|faint|p1a: Meeska & Mooska
|move|p2a: Charizard|Heat Wave|p1b: Rupaul
|-damage|p1b: Rupaul|0 fnt
|faint|p1b: Rupaul
|
|-weather|SunnyDay|[upkeep]
|upkeep
|
|t:|1783721303
|switch|p1a: Nikola|Raichu-Mega-Y, L50, M, shiny|59/100
|switch|p1b: El Tigre|Incineroar, L50, F, shiny|100/100
|-ability|p1b: El Tigre|Intimidate|boost
|-unboost|p2a: Charizard|atk|1
|-unboost|p2b: Gholdengo|atk|1
|turn|7
|
|t:|1783721316
|switch|p2b: Garchomp|Garchomp, L50, F, shiny|100/100
|move|p2a: Charizard|Protect|p2a: Charizard
|-singleturn|p2a: Charizard|Protect
|move|p1a: Nikola|Thunderbolt|p2a: Charizard
|-activate|p2a: Charizard|move: Protect
|move|p1b: El Tigre|Flare Blitz|p2b: Garchomp
|-resisted|p2b: Garchomp|1
|-damage|p2b: Garchomp|67/100
|-status|p2b: Garchomp|brn
|-damage|p1b: El Tigre|87/100|[from] ability: Rough Skin|[of] p2b: Garchomp
|-damage|p1b: El Tigre|77/100|[from] Recoil
|
|-weather|SunnyDay|[upkeep]
|-heal|p1b: El Tigre|83/100|[from] item: Leftovers
|-damage|p2b: Garchomp|61/100 brn|[from] brn
|upkeep
|turn|8
|inactive|PM77Switch has 30 seconds left.
|
|t:|1783721343
|move|p1a: Nikola|Thunderbolt|p2a: Charizard
|-supereffective|p2a: Charizard|1
|-damage|p2a: Charizard|0 fnt
|faint|p2a: Charizard
|move|p2b: Garchomp|Stomping Tantrum|p1a: Nikola
|-supereffective|p1a: Nikola|1
|-damage|p1a: Nikola|0 fnt
|faint|p1a: Nikola
|-damage|p2b: Garchomp|51/100 brn|[from] item: Life Orb
|move|p1b: El Tigre|Parting Shot|p2b: Garchomp
|-unboost|p2b: Garchomp|atk|1
|-unboost|p2b: Garchomp|spa|1
|
|-weather|SunnyDay|[upkeep]
|-heal|p1b: El Tigre|89/100|[from] item: Leftovers
|-damage|p2b: Garchomp|45/100 brn|[from] brn
|upkeep
|
|t:|1783721350
|switch|p2a: Gholdengo|Gholdengo, L50, shiny|100/100
|turn|9
|
|t:|1783721354
|move|p2a: Gholdengo|Power Gem|p1b: El Tigre
|-supereffective|p1b: El Tigre|1
|-damage|p1b: El Tigre|50/100g
|move|p2b: Garchomp|Stomping Tantrum|p1b: El Tigre
|-supereffective|p1b: El Tigre|1
|-damage|p1b: El Tigre|19/100
|-damage|p2b: Garchomp|35/100 brn|[from] item: Life Orb
|move|p1b: El Tigre|Flare Blitz|p2b: Garchomp
|-resisted|p2b: Garchomp|1
|-damage|p2b: Garchomp|0 fnt
|-damage|p1b: El Tigre|6/100|[from] ability: Rough Skin|[of] p2b: Garchomp
|faint|p2b: Garchomp
|-damage|p1b: El Tigre|0 fnt|[from] Recoil
|faint|p1b: El Tigre
|
|win|PM77Switch
|l|☆arts and stuff
|player|p1|
|inactive|arts and stuff has 30 seconds to confirm battle start!
|inactive|PM77Switch has 30 seconds to confirm battle start!
|j|☆arts and stuff
|player|p1|arts and stuff|169|
