|j|☆cagosullapizza
|j|☆Surwiival
|html|cagosullapizzaSurwiival    
|uhtml|bestof|Game 3 of a best-of-3
|t:|1756386001
|gametype|doubles
|player|p1|cagosullapizza|101|1136
|player|p2|Surwiival|169|1112
|gen|9
|tier|[Gen 9] VGC 2025 Reg H (Bo3)
|rated|
|rule|Species Clause: Limit one of each Pokémon
|rule|Item Clause: Limit 1 of each item
|clearpoke
|poke|p1|Espeon, L50, M|
|poke|p1|Indeedee-F, L50, F|
|poke|p1|Conkeldurr, L50, M|
|poke|p1|Porygon2, L50|
|poke|p1|Magnezone, L50|
|poke|p1|Ursaluna-Bloodmoon, L50, M|
|poke|p2|Incineroar, L50, M|
|poke|p2|Sneasler, L50, M|
|poke|p2|Kingambit, L50, M|
|poke|p2|Electabuzz, L50, M|
|poke|p2|Baxcalibur, L50, M|
|poke|p2|Primarina, L50, M|
|teampreview|4
|showteam|p1|Espeon||FocusSash|MagicBounce|PowerGem,ExpandingForce,GrassKnot,Protect|||M|||50|,,,,,Psychic]Indeedee-F||RockyHelmet|PsychicSurge|Psychic,TrickRoom,FollowMe,HelpingHand|||F|||50|,,,,,Psychic]Conkeldurr||FlameOrb|Guts|DrainPunch,IcePunch,MachPunch,Protect|||M|||50|,,,,,Psychic]Porygon2||Eviolite|Download|TrickRoom,TeraBlast,IceBeam,Recover||||||50|,,,,,Ground]Magnezone||ChoiceScarf|Sturdy|VoltSwitch,Thunderbolt,FlashCannon,Discharge||||||50|,,,,,Electric]Ursaluna-Bloodmoon||LifeOrb|MindsEye|BloodMoon,EarthPower,HyperVoice,Protect|||M|||50|,,,,,Normal
|showteam|p2|Incineroar||SitrusBerry|Intimidate|FakeOut,PartingShot,FlareBlitz,KnockOff|||M|||50|,,,,,Grass]Sneasler||FocusSash|Unburden|FakeOut,CloseCombat,DireClaw,Coaching|||M|||50|,,,,,Stellar]Kingambit||SafetyGoggles|Defiant|KowtowCleave,SuckerPunch,SwordsDance,Protect|||M|||50|,,,,,Ghost]Electabuzz||Eviolite|VitalSpirit|VoltSwitch,Taunt,FollowMe,Protect|||M|||50|,,,,,Ghost]Baxcalibur||LoadedDice|ThermalExchange|ScaleShot,IcicleSpear,IceShard,Protect|||M|||50|,,,,,Poison]Primarina||ThroatSpray|LiquidVoice|HyperVoice,Moonblast,Haze,Protect|||M|||50|,,,,,Water
|inactive|Battle timer is ON: inactive players will automatically lose when time's up. (requested by cagosullapizza)
|inactive|Surwiival has 60 seconds left.
|inactive|Surwiival has 30 seconds left.
|
|t:|1756386076
|teamsize|p1|4
|teamsize|p2|4
|start
|switch|p1a: Indeedee|Indeedee-F, L50, F|100/100
|switch|p1b: Ursaluna|Ursaluna-Bloodmoon, L50, M|100/100
|switch|p2a: Sneasler|Sneasler, L50, M|100/100
|switch|p2b: Incineroar|Incineroar, L50, M, shiny|100/100
|-fieldstart|move: Psychic Terrain|[from] ability: Psychic Surge|[of] p1a: Indeedee
|-ability|p2b: Incineroar|Intimidate|boost
|-unboost|p1a: Indeedee|atk|1
|-unboost|p1b: Ursaluna|atk|1
|turn|1
|inactive|Surwiival has 30 seconds left.
|inactive|Surwiival has 20 seconds left.
|inactive|Surwiival has 15 seconds left.
|
|t:|1756386120
|move|p1b: Ursaluna|Protect|p1b: Ursaluna
|-singleturn|p1b: Ursaluna|Protect
|move|p2a: Sneasler|Close Combat|p1b: Ursaluna
|-activate|p1b: Ursaluna|move: Protect
|move|p1a: Indeedee|Psychic|p2a: Sneasler
|-supereffective|p2a: Sneasler
|-enditem|p2a: Sneasler|Focus Sash
|-damage|p2a: Sneasler|1/100
|move|p2b: Incineroar|Knock Off|p1a: Indeedee
|-supereffective|p1a: Indeedee
|-damage|p1a: Indeedee|15/100
|-damage|p2b: Incineroar|84/100|[from] item: Rocky Helmet|[of] p1a: Indeedee
|-enditem|p1a: Indeedee|Rocky Helmet|[from] move: Knock Off|[of] p2b: Incineroar
|
|upkeep
|turn|2
|inactive|cagosullapizza has 30 seconds left.
|inactive|Surwiival has 30 seconds left.
|inactive|Surwiival has 20 seconds left.
|inactive|Surwiival has 15 seconds left.
|inactive|Surwiival has 10 seconds left.
|
|t:|1756386168
|switch|p2a: Kingambit|Kingambit, L50, M|100/100
|-terastallize|p1b: Ursaluna|Normal
|-terastallize|p2b: Incineroar|Grass
|move|p1a: Indeedee|Follow Me|p1a: Indeedee
|-singleturn|p1a: Indeedee|move: Follow Me
|move|p1b: Ursaluna|Hyper Voice|p2b: Incineroar|[spread] p2a,p2b
|-resisted|p2a: Kingambit
|-damage|p2a: Kingambit|70/100
|-damage|p2b: Incineroar|28/100
|-enditem|p2b: Incineroar|Sitrus Berry|[eat]
|-heal|p2b: Incineroar|53/100|[from] item: Sitrus Berry
|-damage|p1b: Ursaluna|91/100|[from] item: Life Orb
|move|p2b: Incineroar|Parting Shot|p1a: Indeedee
|-unboost|p1a: Indeedee|atk|1
|-unboost|p1a: Indeedee|spa|1
|inactive|Surwiival has 30 seconds left.
|
|t:|1756386196
|switch|p2b: Electabuzz|Electabuzz, L50, M|100/100|[from] Parting Shot
|
|upkeep
|turn|3
|inactive|Surwiival has 30 seconds left.
|
|t:|1756386223
|move|p1a: Indeedee|Helping Hand|p1b: Ursaluna
|-singleturn|p1b: Ursaluna|Helping Hand|[of] p1a: Indeedee
|move|p2a: Kingambit|Protect|p2a: Kingambit
|-singleturn|p2a: Kingambit|Protect
|move|p2b: Electabuzz|Volt Switch|p1a: Indeedee
|-damage|p1a: Indeedee|0 fnt
|faint|p1a: Indeedee
|
|t:|1756386235
|switch|p2b: Incineroar|Incineroar, L50, M, shiny, tera:Grass|53/100|[from] Volt Switch
|-ability|p2b: Incineroar|Intimidate|boost
|-unboost|p1b: Ursaluna|atk|1
|move|p1b: Ursaluna|Earth Power|p2a: Kingambit
|-activate|p2a: Kingambit|move: Protect
|
|upkeep
|
|t:|1756386239
|switch|p1a: Espeon|Espeon, L50, M|100/100
|turn|4
|inactive|Surwiival has 30 seconds left.
|inactive|Surwiival has 20 seconds left.
|inactive|Surwiival has 15 seconds left.
|
|t:|1756386279
|switch|p2a: Electabuzz|Electabuzz, L50, M|100/100
|move|p1a: Espeon|Expanding Force|p2b: Incineroar|[spread] p2a,p2b
|-damage|p2a: Electabuzz|53/100
|-damage|p2b: Incineroar|0 fnt
|faint|p2b: Incineroar
|move|p1b: Ursaluna|Earth Power|p2a: Electabuzz
|-supereffective|p2a: Electabuzz
|-damage|p2a: Electabuzz|0 fnt
|faint|p2a: Electabuzz
|-damage|p1b: Ursaluna|81/100|[from] item: Life Orb
|
|upkeep
|
|t:|1756386302
|switch|p2a: Sneasler|Sneasler, L50, M|1/100
|switch|p2b: Kingambit|Kingambit, L50, M|70/100
|turn|5
|inactive|Surwiival has 30 seconds left.
|inactive|Surwiival has 20 seconds left.
|inactive|Surwiival has 15 seconds left.
|
|t:|1756386347
|move|p1b: Ursaluna|Protect|p1b: Ursaluna
|-singleturn|p1b: Ursaluna|Protect
|move|p2a: Sneasler|Dire Claw|p1a: Espeon
|-damage|p1a: Espeon|15/100
|move|p1a: Espeon|Expanding Force|p2b: Kingambit|[spread] p2a
|-immune|p2b: Kingambit
|-supereffective|p2a: Sneasler
|-damage|p2a: Sneasler|0 fnt
|faint|p2a: Sneasler
|move|p2b: Kingambit|Kowtow Cleave|p1a: Espeon
|-supereffective|p1a: Espeon
|-damage|p1a: Espeon|0 fnt
|faint|p1a: Espeon
|
|-fieldend|move: Psychic Terrain
|upkeep
|
|t:|1756386354
|switch|p1a: Magnezone|Magnezone, L50|100/100
|turn|6
|
|t:|1756386366
|move|p2b: Kingambit|Sucker Punch|p1b: Ursaluna
|-damage|p1b: Ursaluna|48/100
|move|p1a: Magnezone|Thunderbolt|p2b: Kingambit
|-damage|p2b: Kingambit|22/100
|move|p1b: Ursaluna|Earth Power|p2b: Kingambit
|-supereffective|p2b: Kingambit
|-damage|p2b: Kingambit|0 fnt
|faint|p2b: Kingambit
|-damage|p1b: Ursaluna|38/100|[from] item: Life Orb
|
|win|cagosullapizza
|raw|cagosullapizza's rating: 1136 → 1159(+23 for winning)
|raw|Surwiival's rating: 1112 → 1089(-23 for losing)
|l|☆cagosullapizza
|player|p1|
