|j|☆theminesoftagawa
|j|☆karma74
|html|theminesoftagawakarma74    
|uhtml|bestof|Game 2 of a best-of-3
|t:|1757776016
|gametype|doubles
|player|p1|theminesoftagawa|101|
|player|p2|karma74|1|
|gen|9
|tier|[Gen 9] VGC 2025 Reg H (Bo3)
|rule|Species Clause: Limit one of each Pokémon
|rule|Item Clause: Limit 1 of each item
|clearpoke
|poke|p1|Dondozo, L50, F|
|poke|p1|Tatsugiri, L50, F|
|poke|p1|Whimsicott, L50, M|
|poke|p1|Ursaluna-Bloodmoon, L50, M|
|poke|p1|Indeedee, L50, M|
|poke|p1|Sneasler, L50, M|
|poke|p2|Kingambit, L50, M|
|poke|p2|Volcarona, L50, M|
|poke|p2|Salamence, L50, M|
|poke|p2|Basculegion, L50, M|
|poke|p2|Sneasler, L50, M|
|poke|p2|Rillaboom, L50, M|
|teampreview|4
|showteam|p1|Dondozo||Leftovers|Unaware|Protect,HeavySlam,WaveCrash,OrderUp|||F|||50|,,,,,Steel]Tatsugiri||FocusSash|Commander|MuddyWater,DracoMeteor,IcyWind,Protect|||F|||50|,,,,,Fairy]Whimsicott||CovertCloak|Prankster|Moonblast,Tailwind,HelpingHand,LightScreen|||M|||50|,,,,,Water]Ursaluna-Bloodmoon||LifeOrb|MindsEye|Protect,HyperVoice,BloodMoon,EarthPower|||M|||50|,,,,,Normal]Indeedee||ChoiceScarf|PsychicSurge|SkillSwap,Trick,ExpandingForce,TeraBlast|||M|||50|,,,,,Psychic]Sneasler||PsychicSeed|Unburden|Protect,DireClaw,CloseCombat,ThroatChop|||M|||50|,,,,,Dark
|showteam|p2|Kingambit||SafetyGoggles|Defiant|KowtowCleave,SuckerPunch,Protect,SwordsDance|||M|||50|,,,,,Dark]Volcarona||CovertCloak|FlameBody|RagePowder,HeatWave,QuiverDance,TeraBlast|||M|||50|,,,,,Fairy]Salamence||LifeOrb|Intimidate|Tailwind,DracoMeteor,AirSlash,SunnyDay|||M|||50|,,,,,Steel]Basculegion||ChoiceScarf|Adaptability|WaveCrash,LastRespects,FlipTurn,AquaJet|||M|||50|,,,,,Water]Sneasler||GrassySeed|Unburden|Taunt,Protect,CloseCombat,DireClaw|||M|||50|,,,,,Stellar]Rillaboom||AssaultVest|GrassySurge|WoodHammer,FakeOut,GrassyGlide,Uturn|||M|||50|,,,,,Fire
|
|t:|1757776050
|teamsize|p1|4
|teamsize|p2|4
|start
|switch|p1a: Indeedee|Indeedee, L50, M|100/100
|switch|p1b: Sneasler|Sneasler, L50, M|100/100
|switch|p2a: Sneasler|Sneasler, L50, M|100/100
|switch|p2b: Rillaboom|Rillaboom, L50, M|100/100
|-fieldstart|move: Psychic Terrain|[from] ability: Psychic Surge|[of] p1a: Indeedee
|-enditem|p1b: Sneasler|Psychic Seed
|-boost|p1b: Sneasler|spd|1|[from] item: Psychic Seed
|-fieldstart|move: Grassy Terrain|[from] ability: Grassy Surge|[of] p2b: Rillaboom
|-enditem|p2a: Sneasler|Grassy Seed
|-boost|p2a: Sneasler|def|1|[from] item: Grassy Seed
|turn|1
|inactive|Battle timer is ON: inactive players will automatically lose when time's up. (requested by theminesoftagawa)
|
|t:|1757776127
|move|p2a: Sneasler|Protect|p2a: Sneasler
|-singleturn|p2a: Sneasler|Protect
|move|p1b: Sneasler|Dire Claw|p2b: Rillaboom
|-supereffective|p2b: Rillaboom
|-damage|p2b: Rillaboom|6/100
|-status|p2b: Rillaboom|slp
|move|p1a: Indeedee|Expanding Force|p2a: Sneasler
|-activate|p2a: Sneasler|move: Protect
|cant|p2b: Rillaboom|slp
|
|-heal|p2b: Rillaboom|12/100 slp|[from] Grassy Terrain
|upkeep
|turn|2
|c|☆karma74|of course
|
|t:|1757776147
|switch|p2b: Salamence|Salamence, L50, M|100/100
|-ability|p2b: Salamence|Intimidate|boost
|-unboost|p1a: Indeedee|atk|1
|-unboost|p1b: Sneasler|atk|1
|-terastallize|p2a: Sneasler|Stellar
|move|p1b: Sneasler|Close Combat|p2b: Salamence
|-resisted|p2b: Salamence
|-damage|p2b: Salamence|77/100
|-unboost|p1b: Sneasler|def|1
|-unboost|p1b: Sneasler|spd|1
|move|p2a: Sneasler|Dire Claw|p1a: Indeedee
|-damage|p1a: Indeedee|0 fnt
|faint|p1a: Indeedee
|
|upkeep
|
|t:|1757776153
|switch|p1a: Dondozo|Dondozo, L50, F|100/100
|turn|3
|
|t:|1757776166
|switch|p1b: Tatsugiri|Tatsugiri, L50, F|100/100
|-activate|p1b: Tatsugiri|ability: Commander|[of] p1a: Dondozo
|-boost|p1a: Dondozo|atk|2
|-boost|p1a: Dondozo|spa|2
|-boost|p1a: Dondozo|spe|2
|-boost|p1a: Dondozo|def|2
|-boost|p1a: Dondozo|spd|2
|-terastallize|p1a: Dondozo|Steel
|move|p2a: Sneasler|Close Combat|p1a: Dondozo
|-supereffective|p1a: Dondozo
|-damage|p1a: Dondozo|37/100
|-unboost|p2a: Sneasler|def|1
|-unboost|p2a: Sneasler|spd|1
|move|p1a: Dondozo|Wave Crash|p2a: Sneasler
|-crit|p2a: Sneasler
|-damage|p2a: Sneasler|0 fnt
|faint|p2a: Sneasler
|-damage|p1a: Dondozo|14/100|[from] Recoil
|move|p2b: Salamence|Draco Meteor|p1a: Dondozo
|-resisted|p1a: Dondozo
|-damage|p1a: Dondozo|0 fnt
|-unboost|p2b: Salamence|spa|2
|faint|p1a: Dondozo
|-damage|p2b: Salamence|67/100|[from] item: Life Orb
|
|upkeep
|
|t:|1757776187
|switch|p2a: Volcarona|Volcarona, L50, M|100/100
|switch|p1a: Sneasler|Sneasler, L50, M|100/100
|turn|4
|inactive|theminesoftagawa has 30 seconds left.
|
|t:|1757776221
|switch|p2b: Rillaboom|Rillaboom, L50, M|12/100 slp
|move|p1a: Sneasler|Dire Claw|p2a: Volcarona
|-damage|p2a: Volcarona|40/100
|move|p2a: Volcarona|Heat Wave|p1b: Tatsugiri|[spread] p1b
|-miss|p2a: Volcarona|p1a: Sneasler
|-resisted|p1b: Tatsugiri
|-damage|p1b: Tatsugiri|90/100
|move|p1b: Tatsugiri|Muddy Water|p2b: Rillaboom|[spread] p2a,p2b
|-supereffective|p2a: Volcarona
|-resisted|p2b: Rillaboom
|-damage|p2a: Volcarona|0 fnt
|-damage|p2b: Rillaboom|0 fnt
|faint|p2a: Volcarona
|faint|p2b: Rillaboom
|
|-heal|p1b: Tatsugiri|96/100|[from] Grassy Terrain
|upkeep
|c|☆karma74|gg bro
|c|☆karma74|i want your luck
|c|☆theminesoftagawa|gg gthe rng was in my favor
|
|t:|1757776242
|switch|p2b: Salamence|Salamence, L50, M|67/100
|-ability|p2b: Salamence|Intimidate|boost
|-unboost|p1a: Sneasler|atk|1
|-unboost|p1b: Tatsugiri|atk|1
|turn|5
|
|t:|1757776270
|move|p1a: Sneasler|Dire Claw|p2b: Salamence
|-damage|p2b: Salamence|35/100
|-status|p2b: Salamence|slp
|cant|p2b: Salamence|slp
|move|p1b: Tatsugiri|Icy Wind|p2b: Salamence
|-supereffective|p2b: Salamence
|-damage|p2b: Salamence|0 fnt
|faint|p2b: Salamence
|
|win|theminesoftagawa
