|j|☆chang21
|j|☆Chapignon286
|html|chang21Chapignon286    
|uhtml|bestof|Game 2 of a best-of-3
|t:|1757651192
|gametype|doubles
|player|p1|chang21|veteran-gen4|1298
|player|p2|Chapignon286|265|1179
|gen|9
|tier|[Gen 9] VGC 2025 Reg H (Bo3)
|rated|
|rule|Species Clause: Limit one of each Pokémon
|rule|Item Clause: Limit 1 of each item
|clearpoke
|poke|p1|Sneasler, L50, F|
|poke|p1|Indeedee, L50, M|
|poke|p1|Volcarona, L50, M|
|poke|p1|Ursaluna-Bloodmoon, L50, M|
|poke|p1|Annihilape, L50, M|
|poke|p1|Tyranitar, L50, M|
|poke|p2|Dondozo, L50, M|
|poke|p2|Tatsugiri, L50, F|
|poke|p2|Kingambit, L50, F|
|poke|p2|Sneasler, L50, M|
|poke|p2|Volcarona, L50, M|
|poke|p2|Dragonite, L50, F|
|teampreview|4
|showteam|p1|Sneasler||PsychicSeed|Unburden|CloseCombat,DireClaw,ThroatChop,Protect|||F|||50|,,,,,Dark]Indeedee||ChoiceScarf|PsychicSurge|ExpandingForce,TeraBlast,Trick,Protect|||M|||50|,,,,,Psychic]Volcarona||SitrusBerry|FlameBody|Overheat,StruggleBug,RagePowder,Tailwind|||M|||50|,,,,,Grass]Ursaluna-Bloodmoon||LifeOrb|MindsEye|BloodMoon,HyperVoice,EarthPower,Protect|||M|||50|,,,,,Normal]Annihilape||SafetyGoggles|Defiant|CloseCombat,RageFist,Taunt,FinalGambit|||M|||50|,,,,,Fairy]Tyranitar||AssaultVest|SandStream|RockSlide,KnockOff,TeraBlast,LowKick|||M|||50|,,,,,Flying
|showteam|p2|Dondozo||Leftovers|Unaware|WaveCrash,OrderUp,Yawn,Protect|||M|||50|,,,,,Grass]Tatsugiri||ChoiceScarf|Commander|IcyWind,DracoMeteor,MuddyWater,TeraBlast|||F|||50|,,,,,Steel]Kingambit||SafetyGoggles|Defiant|KowtowCleave,SuckerPunch,SwordsDance,Protect|||F|||50|,,,,,Ghost]Sneasler||FocusSash|Unburden|CloseCombat,DireClaw,Coaching,Protect|||M|||50|,,,,,Stellar]Volcarona||CovertCloak|FlameBody|HeatWave,TeraBlast,QuiverDance,Protect|||M|||50|,,,,,Fairy]Dragonite||LoadedDice|Multiscale|ScaleShot,Protect,Tailwind,StompingTantrum|||F|||50|,,,,,Fairy
|inactive|Battle timer is ON: inactive players will automatically lose when time's up. (requested by Chapignon286)
|
|t:|1757651212
|teamsize|p1|4
|teamsize|p2|4
|start
|switch|p1a: Sneasler|Sneasler, L50, F|100/100
|switch|p1b: Indeedee|Indeedee, L50, M|100/100
|switch|p2a: Dragonite|Dragonite, L50, F|100/100
|switch|p2b: Sneasler|Sneasler, L50, M|100/100
|-fieldstart|move: Psychic Terrain|[from] ability: Psychic Surge|[of] p1b: Indeedee
|-enditem|p1a: Sneasler|Psychic Seed
|-boost|p1a: Sneasler|spd|1|[from] item: Psychic Seed
|turn|1
|
|t:|1757651236
|-terastallize|p1b: Indeedee|Psychic
|move|p2b: Sneasler|Protect|p2b: Sneasler
|-singleturn|p2b: Sneasler|Protect
|move|p1a: Sneasler|Dire Claw|p2a: Dragonite
|-crit|p2a: Dragonite
|-damage|p2a: Dragonite|63/100
|move|p1b: Indeedee|Expanding Force|p2a: Dragonite|[spread] p2a
|-activate|p2b: Sneasler|move: Protect
|-damage|p2a: Dragonite|0 fnt
|faint|p2a: Dragonite
|
|upkeep
|
|t:|1757651247
|switch|p2a: Dondozo|Dondozo, L50, M|100/100
|turn|2
|
|t:|1757651261
|switch|p2b: Tatsugiri|Tatsugiri, L50, F|100/100
|-activate|p2b: Tatsugiri|ability: Commander|[of] p2a: Dondozo
|-boost|p2a: Dondozo|atk|2
|-boost|p2a: Dondozo|spa|2
|-boost|p2a: Dondozo|spe|2
|-boost|p2a: Dondozo|def|2
|-boost|p2a: Dondozo|spd|2
|move|p1a: Sneasler|Dire Claw|p2b: Tatsugiri|[miss]
|-miss|p1a: Sneasler|p2b: Tatsugiri
|move|p1b: Indeedee|Expanding Force|p2b: Tatsugiri|[spread] p2a
|-miss|p1b: Indeedee|p2b: Tatsugiri
|-damage|p2a: Dondozo|66/100
|move|p2a: Dondozo|Wave Crash|p1a: Sneasler
|-damage|p1a: Sneasler|0 fnt
|faint|p1a: Sneasler
|-damage|p2a: Dondozo|43/100|[from] Recoil
|
|-heal|p2a: Dondozo|50/100|[from] item: Leftovers
|upkeep
|
|t:|1757651274
|switch|p1a: Ursaluna|Ursaluna-Bloodmoon, L50, M|100/100
|turn|3
|
|t:|1757651298
|move|p1b: Indeedee|Expanding Force|p2b: Tatsugiri|[spread] p2a
|-miss|p1b: Indeedee|p2b: Tatsugiri
|-damage|p2a: Dondozo|16/100
|move|p2a: Dondozo|Wave Crash|p1b: Indeedee
|-damage|p1b: Indeedee|0 fnt
|faint|p1b: Indeedee
|-damage|p2a: Dondozo|0 fnt|[from] Recoil
|faint|p2a: Dondozo
|move|p1a: Ursaluna|Blood Moon|p2b: Tatsugiri
|-damage|p2b: Tatsugiri|0 fnt
|faint|p2b: Tatsugiri
|-damage|p1a: Ursaluna|91/100|[from] item: Life Orb
|
|upkeep
|
|t:|1757651303
|switch|p1b: Annihilape|Annihilape, L50, M|100/100
|switch|p2a: Sneasler|Sneasler, L50, M|100/100
|turn|4
|
|t:|1757651312
|move|p2a: Sneasler|Protect|p2a: Sneasler
|-singleturn|p2a: Sneasler|Protect
|move|p1b: Annihilape|Rage Fist|p2a: Sneasler
|-activate|p2a: Sneasler|move: Protect
|move|p1a: Ursaluna|Hyper Voice|p2a: Sneasler
|-activate|p2a: Sneasler|move: Protect
|
|upkeep
|turn|5
|
|t:|1757651319
|move|p2a: Sneasler|Dire Claw|p1b: Annihilape
|-resisted|p1b: Annihilape
|-damage|p1b: Annihilape|78/100
|-status|p1b: Annihilape|slp
|cant|p1b: Annihilape|slp
|move|p1a: Ursaluna|Hyper Voice|p2a: Sneasler
|-damage|p2a: Sneasler|3/100
|-damage|p1a: Ursaluna|81/100|[from] item: Life Orb
|
|-fieldend|move: Psychic Terrain
|upkeep
|turn|6
|
|t:|1757651343
|-terastallize|p2a: Sneasler|Stellar
|move|p2a: Sneasler|Dire Claw|p1b: Annihilape
|-resisted|p1b: Annihilape
|-damage|p1b: Annihilape|50/100 slp
|-curestatus|p1b: Annihilape|slp|[msg]
|move|p1b: Annihilape|Rage Fist|p2a: Sneasler
|-damage|p2a: Sneasler|0 fnt
|faint|p2a: Sneasler
|
|win|chang21
||chang21 is ready for game 3.
|inactive|Chapignon286 has 30 seconds to confirm battle start!
|inactive|Chapignon286 has 20 seconds to confirm battle start!
|inactive|Chapignon286 has 10 seconds to confirm battle start!
||Chapignon286 is ready for game 3.
|uhtml|next|Next: Game 3 of 3
