|j|☆crosseczek
|j|☆Belinvgc
|html|crosseczekBelinvgc    
|uhtml|bestof|Game 2 of a best-of-3
|t:|1784140571
|gametype|doubles
|player|p1|crosseczek|101|
|player|p2|Belinvgc|265|
|gen|9
|tier|[Gen 9 Champions] VGC 2026 Reg M-B (Bo3)
|rule|Species Clause: Limit one of each Pokémon
|rule|Item Clause: Limit 1 of each item
|clearpoke
|poke|p1|Mawile, L50, M|
|poke|p1|Garchomp, L50, M|
|poke|p1|Whimsicott, L50, M|
|poke|p1|Raichu, L50, M|
|poke|p1|Incineroar, L50, F|
|poke|p1|Farigiraf, L50, F|
|poke|p2|Blastoise, L50, F|
|poke|p2|Incineroar, L50, M|
|poke|p2|Sinistcha, L50|
|poke|p2|Floette-Eternal, L50, F|
|poke|p2|Sneasler, L50, F|
|poke|p2|Maushold, L50|
|teampreview|4
|showteam|p1|Mawile||Mawilite|HyperCutter|PlayRough,SuckerPunch,SwordsDance,Protect|Brave||M|||50|]Garchomp||SitrusBerry|RoughSkin|DragonClaw,StompingTantrum,RockSlide,Protect|Adamant||M|||50|]Whimsicott||FocusSash|Prankster|Moonblast,Encore,Tailwind,Protect|Modest||M|||50|]Raichu||RaichuniteY|LightningRod|ZapCannon,FocusBlast,GrassKnot,Protect|Modest||M|||50|]Incineroar||Charcoal|Intimidate|FlareBlitz,ThroatChop,PartingShot,FakeOut|Adamant||F|||50|]Farigiraf||ColburBerry|ArmorTail|Psychic,Imprison,TrickRoom,Protect|Modest||F|||50|
|showteam|p2|Blastoise||Blastoisinite|RainDish|WaterSpout,DarkPulse,ShellSmash,Protect|Modest||F|||50|]Incineroar||SitrusBerry|Intimidate|FlareBlitz,FakeOut,PartingShot,HelpingHand|Impish||M|||50|]Sinistcha||OccaBerry|Hospitality|MatchaGotcha,RagePowder,TrickRoom,Protect|Relaxed|||||50|]Floette-Eternal||Floettite|FlowerVeil|DazzlingGleam,DrainingKiss,CalmMind,Protect|Modest||F|||50|]Sneasler||FocusSash|PoisonTouch|DireClaw,CloseCombat,FakeOut,QuickGuard|Jolly||F|||50|]Maushold||LumBerry|FriendGuard|SuperFang,FollowMe,Feint,Protect|Timid|||||50|
|inactive|Battle timer is ON: inactive players will automatically lose when time's up. (requested by crosseczek)
|inactive|crosseczek has 60 seconds left.
|inactive|Belinvgc has 60 seconds left.
|inactive|crosseczek has 30 seconds left.
|
|t:|1784140702
|teamsize|p1|4
|teamsize|p2|4
|start
|switch|p1a: Farigiraf|Farigiraf, L50, F|100/100
|switch|p1b: Incineroar|Incineroar, L50, F|100/100
|switch|p2a: Maushold|Maushold, L50|100/100
|switch|p2b: Floette|Floette-Eternal, L50, F|100/100
|-ability|p1b: Incineroar|Intimidate|boost
|-unboost|p2a: Maushold|atk|1
|-unboost|p2b: Floette|atk|1
|turn|1
|inactive|Belinvgc has 30 seconds left.
|inactive|Belinvgc has 20 seconds left.
|
|t:|1784140741
|detailschange|p2b: Floette|Floette-Mega, L50, F
|-mega|p2b: Floette|Floette|Floettite
|-ability|p2b: Floette|Fairy Aura
|move|p2b: Floette|Protect|p2b: Floette
|-singleturn|p2b: Floette|Protect
|move|p1b: Incineroar|Fake Out|p2b: Floette
|-activate|p2b: Floette|move: Protect
|move|p2a: Maushold|Super Fang|p1a: Farigiraf
|-damage|p1a: Farigiraf|50/100g
|move|p1a: Farigiraf|Trick Room|p1a: Farigiraf
|-fieldstart|move: Trick Room|[of] p1a: Farigiraf
|
|upkeep
|turn|2
|
|t:|1784140756
|move|p1b: Incineroar|Flare Blitz|p2b: Floette
|-damage|p2b: Floette|43/100
|-damage|p1b: Incineroar|84/100|[from] Recoil
|move|p1a: Farigiraf|Psychic|p2b: Floette
|-damage|p2b: Floette|21/100
|-unboost|p2b: Floette|spd|1
|move|p2b: Floette|Calm Mind|p2b: Floette
|-boost|p2b: Floette|spa|1
|-boost|p2b: Floette|spd|1
|move|p2a: Maushold|Super Fang|p1b: Incineroar
|-damage|p1b: Incineroar|42/100
|
|upkeep
|turn|3
|
|t:|1784140778
|move|p2a: Maushold|Follow Me|p2a: Maushold
|-singleturn|p2a: Maushold|move: Follow Me
|move|p1b: Incineroar|Flare Blitz|p2a: Maushold
|-damage|p2a: Maushold|0 fnt
|faint|p2a: Maushold
|-damage|p1b: Incineroar|12/100|[from] Recoil
|move|p1a: Farigiraf|Psychic|p2b: Floette
|-damage|p2b: Floette|0 fnt
|faint|p2b: Floette
|
|upkeep
|
|t:|1784140791
|switch|p2b: Sinistcha|Sinistcha, L50|100/100
|switch|p2a: Incineroar|Incineroar, L50, M|100/100
|-ability|p2a: Incineroar|Intimidate|boost
|-unboost|p1a: Farigiraf|atk|1
|-unboost|p1b: Incineroar|atk|1
|turn|4
|
|t:|1784140809
|move|p2b: Sinistcha|Protect|p2b: Sinistcha
|-singleturn|p2b: Sinistcha|Protect
|move|p1a: Farigiraf|Imprison|p1a: Farigiraf
|-start|p1a: Farigiraf|move: Imprison
|move|p1b: Incineroar|Parting Shot|p2a: Incineroar
|-unboost|p2a: Incineroar|atk|1
|-unboost|p2a: Incineroar|spa|1
|
|t:|1784140816
|switch|p1b: Whimsicott|Whimsicott, L50, M|100/100|[from] Parting Shot
|move|p2a: Incineroar|Flare Blitz|p1b: Whimsicott
|-supereffective|p1b: Whimsicott|1
|-damage|p1b: Whimsicott|20/100y
|-damage|p2a: Incineroar|78/100|[from] Recoil
|
|upkeep
|turn|5
|
|t:|1784140829
|move|p2b: Sinistcha|Matcha Gotcha|p1b: Whimsicott|[spread] p1a,p1b
|-resisted|p1b: Whimsicott|1
|-damage|p1a: Farigiraf|25/100
|-damage|p1b: Whimsicott|4/100
|move|p1a: Farigiraf|Psychic|p2b: Sinistcha
|-damage|p2b: Sinistcha|58/100
|move|p2a: Incineroar|Flare Blitz|p1a: Farigiraf
|-damage|p1a: Farigiraf|0 fnt
|faint|p1a: Farigiraf
|-damage|p2a: Incineroar|68/100|[from] Recoil
|move|p1b: Whimsicott|Moonblast|p2b: Sinistcha
|-damage|p2b: Sinistcha|21/100
|-unboost|p2b: Sinistcha|spa|1
|
|-fieldend|move: Trick Room
|upkeep
|
|t:|1784140835
|switch|p1a: Incineroar|Incineroar, L50, F|12/100
|-ability|p1a: Incineroar|Intimidate|boost
|-unboost|p2a: Incineroar|atk|1
|-unboost|p2b: Sinistcha|atk|1
|turn|6
|
|t:|1784140858
|move|p2b: Sinistcha|Protect|p2b: Sinistcha
|-singleturn|p2b: Sinistcha|Protect
|move|p1a: Incineroar|Fake Out|p2a: Incineroar
|-damage|p2a: Incineroar|58/100
|move|p1b: Whimsicott|Moonblast|p2b: Sinistcha
|-activate|p2b: Sinistcha|move: Protect
|cant|p2a: Incineroar|flinch
|
|upkeep
|turn|7
|
|t:|1784140872
|move|p2b: Sinistcha|Protect||[still]
|-fail|p2b: Sinistcha
|move|p1b: Whimsicott|Tailwind|p1b: Whimsicott
|-sidestart|p1: crosseczek|move: Tailwind
|move|p1a: Incineroar|Throat Chop|p2b: Sinistcha
|-supereffective|p2b: Sinistcha|1
|-damage|p2b: Sinistcha|0 fnt
|faint|p2b: Sinistcha
|move|p2a: Incineroar|Flare Blitz|p1a: Incineroar
|-resisted|p1a: Incineroar|1
|-damage|p1a: Incineroar|1/100
|-damage|p2a: Incineroar|54/100|[from] Recoil
|
|upkeep
|turn|8
|-message|Belinvgc forfeited.
|
|win|crosseczek
||Belinvgc is ready for game 3.
||crosseczek is ready for game 3.
|uhtml|next|Next: Game 3 of 3
|l|☆crosseczek
|player|p1|
|l|☆Belinvgc
|player|p2|
|j|☆crosseczek
|player|p1|crosseczek|101|
