|j|☆ondawhim
|j|‽purplesty
|html|ondawhimpurplesty    
|uhtml|bestof|Game 2 of a best-of-3
|t:|1785013522
|gametype|doubles
|player|p1|ondawhim|n|
|player|p2|purplesty|blackbelt-gen4dp|
|gen|9
|tier|[Gen 9 Champions] VGC 2026 Reg M-B (Bo3)
|rule|Species Clause: Limit one of each Pokémon
|rule|Item Clause: Limit 1 of each item
|clearpoke
|poke|p1|Staraptor, L50, F|
|poke|p1|Whimsicott, L50, F, shiny|
|poke|p1|Basculegion, L50, M|
|poke|p1|Toucannon, L50, F|
|poke|p1|Pelipper, L50, F|
|poke|p1|Gourgeist-Small, L50, M|
|poke|p2|Pelipper, L50, F|
|poke|p2|Basculegion, L50, M|
|poke|p2|Dragonite, L50, M|
|poke|p2|Metagross, L50, shiny|
|poke|p2|Sinistcha, L50|
|poke|p2|Clawitzer, L50, M|
|teampreview|4
|showteam|p1|Staraptor||Staraptite|Intimidate|CloseCombat,Protect,DualWingbeat,Tailwind|Jolly||F|||50|]Whimsicott||FocusSash|Prankster|Tailwind,Endeavor,Moonblast,Encore|Timid||F|||50|]Basculegion||ChoiceScarf|SwiftSwim|WaveCrash,IceFang,PsychicFangs,AquaJet|Adamant||M|||50|]Toucannon||KingsRock|SkillLink|RockBlast,BraveBird,Protect,KnockOff|Adamant||F|||50|]Pelipper||DampRock|Drizzle|Hurricane,WideGuard,Protect,Uturn|Timid||F|||50|]Gourgeist-Small||SilkScarf|Insomnia|SelfDestruct,ShadowSneak,Protect,Substitute|Adamant||M|||50|
|showteam|p2|Pelipper||DampRock|Drizzle|Tailwind,Hurricane,WideGuard,WeatherBall|Modest||F|||50|]Basculegion||ChoiceScarf|Adaptability|LastRespects,Liquidation,FlipTurn,IceFang|Adamant||M|||50|]Dragonite||KingsRock|Multiscale|ExtremeSpeed,Earthquake,DragonClaw,Protect|Jolly||M|||50|]Metagross||Metagrossite|ClearBody|Earthquake,PsychicFangs,MeteorMash,Protect|Adamant|||||50|]Sinistcha||Leftovers|Hospitality|MatchaGotcha,ShadowBall,StrengthSap,RagePowder|Calm|||||50|]Clawitzer||ExpertBelt|MegaLauncher|WaterPulse,DarkPulse,AuraSphere,IceBeam|Modest||M|||50|
|inactive|Battle timer is ON: inactive players will automatically lose when time's up. (requested by purplesty)
|inactive|purplesty has 60 seconds left.
|
|t:|1785013562
|teamsize|p1|4
|teamsize|p2|4
|start
|switch|p1a: Cash M0ney|Whimsicott, L50, F, shiny|100/100
|switch|p1b: Toucannon|Toucannon, L50, F|100/100
|switch|p2a: Pelipper|Pelipper, L50, F|100/100
|switch|p2b: Basculegion|Basculegion, L50, M|100/100
|-weather|RainDance|[from] ability: Drizzle|[of] p2a: Pelipper
|turn|1
|
|t:|1785013580
|move|p1a: Cash M0ney|Tailwind|p1a: Cash M0ney
|-sidestart|p1: ondawhim|move: Tailwind
|move|p2b: Basculegion|Ice Fang|p1b: Toucannon
|-supereffective|p1b: Toucannon|1
|-crit|p1b: Toucannon
|-damage|p1b: Toucannon|21/100
|-status|p1b: Toucannon|frz
|-curestatus|p1b: Toucannon|frz|[msg]
|move|p1b: Toucannon|Rock Blast|p2b: Basculegion|[miss]
|-miss|p1b: Toucannon|p2b: Basculegion
|move|p2a: Pelipper|Tailwind|p2a: Pelipper
|-sidestart|p2: purplesty|move: Tailwind
|
|-weather|RainDance|[upkeep]
|upkeep
|turn|2
|
|t:|1785013600
|move|p1b: Toucannon|Protect|p1b: Toucannon
|-singleturn|p1b: Toucannon|Protect
|move|p1a: Cash M0ney|Encore|p2a: Pelipper
|-start|p2a: Pelipper|Encore
|move|p2b: Basculegion|Ice Fang|p1a: Cash M0ney
|-supereffective|p1a: Cash M0ney|1
|-damage|p1a: Cash M0ney|44/100
|move|p2a: Pelipper|Tailwind||[still]
|-fail|p2a: Pelipper
|
|-weather|RainDance|[upkeep]
|upkeep
|turn|3
|
|t:|1785013618
|switch|p2a: Sinistcha|Sinistcha, L50|100/100
|move|p2b: Basculegion|Ice Fang|p1b: Toucannon
|-supereffective|p1b: Toucannon|1
|-damage|p1b: Toucannon|0 fnt
|faint|p1b: Toucannon
|move|p1a: Cash M0ney|Endeavor|p2b: Basculegion
|-immune|p2b: Basculegion
|
|-weather|RainDance|[upkeep]
|upkeep
|
|t:|1785013629
|switch|p1b: Pelipper|Pelipper, L50, F|100/100
|turn|4
|
|t:|1785013646
|move|p1b: Pelipper|Wide Guard|p1b: Pelipper
|-singleturn|p1b: Pelipper|Wide Guard
|move|p2b: Basculegion|Ice Fang|p1a: Cash M0ney
|-supereffective|p1a: Cash M0ney|1
|-damage|p1a: Cash M0ney|0 fnt
|faint|p1a: Cash M0ney
|move|p2a: Sinistcha|Matcha Gotcha|p1b: Pelipper
|-activate|p1b: Pelipper|move: Wide Guard
|
|-weather|RainDance|[upkeep]
|-sideend|p2: purplesty|move: Tailwind
|-sideend|p1: ondawhim|move: Tailwind
|upkeep
|
|t:|1785013657
|switch|p1a: Staraptor|Staraptor, L50, F|100/100
|-ability|p1a: Staraptor|Intimidate|boost
|-unboost|p2a: Sinistcha|atk|1
|-unboost|p2b: Basculegion|atk|1
|turn|5
|
|t:|1785013672
|detailschange|p1a: Staraptor|Staraptor-Mega, L50, F
|-mega|p1a: Staraptor|Staraptor|Staraptite
|move|p1b: Pelipper|Wide Guard|p1b: Pelipper
|-singleturn|p1b: Pelipper|Wide Guard
|move|p2b: Basculegion|Ice Fang|p1a: Staraptor|[miss]
|-miss|p2b: Basculegion|p1a: Staraptor
|move|p1a: Staraptor|Dual Wingbeat|p2b: Basculegion
|-damage|p2b: Basculegion|70/100
|-damage|p2b: Basculegion|41/100
|-hitcount|p2b: Basculegion|2
|move|p2a: Sinistcha|Strength Sap|p1a: Staraptor
|-boost|p1a: Staraptor|atk|1
|
|-weather|RainDance|[upkeep]
|upkeep
|turn|6
|inactive|purplesty has 30 seconds left.
|
|t:|1785013705
|move|p2b: Basculegion|Ice Fang|p1a: Staraptor
|-supereffective|p1a: Staraptor|1
|-damage|p1a: Staraptor|68/100
|move|p1a: Staraptor|Dual Wingbeat|p2b: Basculegion
|-damage|p2b: Basculegion|0 fnt
|faint|p2b: Basculegion
|-hitcount|p2: Basculegion|1
|move|p1b: Pelipper|Hurricane|p2a: Sinistcha
|-supereffective|p2a: Sinistcha|1
|-damage|p2a: Sinistcha|20/100y
|move|p2a: Sinistcha|Shadow Ball|p1a: Staraptor
|-damage|p1a: Staraptor|25/100
|
|-weather|RainDance|[upkeep]
|-heal|p2a: Sinistcha|26/100|[from] item: Leftovers
|upkeep
|
|t:|1785013712
|switch|p2b: Metagross|Metagross, L50, shiny|100/100
|turn|7
|
|t:|1785013729
|detailschange|p2b: Metagross|Metagross-Mega, L50, shiny
|-mega|p2b: Metagross|Metagross|Metagrossite
|move|p2a: Sinistcha|Rage Powder|p2a: Sinistcha
|-singleturn|p2a: Sinistcha|move: Rage Powder
|move|p1a: Staraptor|Close Combat|p2a: Sinistcha
|-immune|p2a: Sinistcha
|move|p2b: Metagross|Psychic Fangs|p1a: Staraptor
|-supereffective|p1a: Staraptor|1
|-damage|p1a: Staraptor|0 fnt
|faint|p1a: Staraptor
|move|p1b: Pelipper|Hurricane|p2a: Sinistcha
|-supereffective|p2a: Sinistcha|1
|-damage|p2a: Sinistcha|0 fnt
|faint|p2a: Sinistcha
|
|-weather|RainDance|[upkeep]
|upkeep
|
|t:|1785013738
|switch|p2a: Pelipper|Pelipper, L50, F|100/100
|turn|8
|
|t:|1785013747
|move|p2b: Metagross|Psychic Fangs|p1b: Pelipper
|-damage|p1b: Pelipper|44/100
|move|p2a: Pelipper|Hurricane|p1b: Pelipper
|-damage|p1b: Pelipper|0 fnt
|faint|p1b: Pelipper
|
|win|purplesty
