|j|☆wingblade33
|j|☆the doctor rock
|html|wingblade33the doctor rock    
|uhtml|bestof|Game 2 of a best-of-3
|t:|1783363197
|gametype|doubles
|player|p1|wingblade33|101|1169
|player|p2|the doctor rock|marlon|1062
|gen|9
|tier|[Gen 9 Champions] VGC 2026 Reg M-B (Bo3)
|rated|
|rule|Species Clause: Limit one of each Pokémon
|rule|Item Clause: Limit 1 of each item
|clearpoke
|poke|p1|Staraptor, L50, F|
|poke|p1|Whimsicott, L50, F|
|poke|p1|Garchomp, L50, M|
|poke|p1|Charizard, L50, F|
|poke|p1|Gholdengo, L50|
|poke|p1|Basculegion, L50, M|
|poke|p2|Malamar, L50, F|
|poke|p2|Sylveon, L50, F|
|poke|p2|Grimmsnarl, L50, M|
|poke|p2|Sinistcha, L50|
|poke|p2|Rotom-Wash, L50|
|poke|p2|Volcarona, L50, F|
|teampreview|4
|showteam|p1|Staraptor||Staraptite|Intimidate|BraveBird,CloseCombat,Protect,Roost|Jolly||F|||50|]Whimsicott||FocusSash|Prankster|Moonblast,Tailwind,Charm,Encore|Timid||F|||50|]Garchomp||LifeOrb|RoughSkin|Protect,Earthquake,DragonClaw,RockSlide|Jolly||M|||50|]Charizard||CharizarditeY|Blaze|HeatWave,WeatherBall,SolarBeam,Protect|Modest||F|||50|]Gholdengo||Leftovers|GoodasGold|MakeItRain,ShadowBall,NastyPlot,Protect|Modest|||||50|]Basculegion||MysticWater|Adaptability|WaveCrash,AquaJet,LastRespects,Protect|Adamant||M|||50|
|showteam|p2|Malamar||Malamarite|Contrary|KnockOff,PsychoCut,Superpower,Protect|Adamant||F|||50|]Sylveon||FairyFeather|Pixilate|HyperVoice,QuickAttack,Yawn,Detect|Modest||F|||50|]Grimmsnarl||RoseliBerry|Prankster|FoulPlay,FakeTears,Taunt,PartingShot|Bold||M|||50|]Sinistcha||SitrusBerry|Hospitality|MatchaGotcha,LifeDew,RagePowder,TrickRoom|Bold|||||50|]Rotom-Wash||ChoiceScarf|Levitate|VoltSwitch,Thunderbolt,HydroPump,WillOWisp|Timid|||||50|]Volcarona||Leftovers|FlameBody|BugBuzz,HeatWave,QuiverDance,Protect|Calm||F|||50|
|inactive|Battle timer is ON: inactive players will automatically lose when time's up. (requested by the doctor rock)
|inactive|wingblade33 has 60 seconds left.
|inactive|the doctor rock has 60 seconds left.
|
|t:|1783363236
|teamsize|p1|4
|teamsize|p2|4
|start
|switch|p1a: Whimsicott|Whimsicott, L50, F|100/100
|switch|p1b: Gholdengo|Gholdengo, L50|100/100
|switch|p2a: Malamar|Malamar, L50, F|100/100
|switch|p2b: Grimmsnarl|Grimmsnarl, L50, M|100/100
|turn|1
|inactive|wingblade33 has 30 seconds left.
|
|t:|1783363266
|detailschange|p2a: Malamar|Malamar-Mega, L50, F
|-mega|p2a: Malamar|Malamar|Malamarite
|move|p1a: Whimsicott|Tailwind|p1a: Whimsicott
|-sidestart|p1: wingblade33|move: Tailwind
|move|p2b: Grimmsnarl|Fake Tears|p2a: Malamar
|-boost|p2a: Malamar|spd|2
|move|p1b: Gholdengo|Make It Rain|p2a: Malamar|[spread] p2a,p2b
|-supereffective|p2b: Grimmsnarl|1
|-damage|p2a: Malamar|82/100
|-damage|p2b: Grimmsnarl|12/100
|-unboost|p1b: Gholdengo|spa|2
|move|p2a: Malamar|Superpower|p1a: Whimsicott
|-resisted|p1a: Whimsicott|1
|-damage|p1a: Whimsicott|70/100
|-boost|p2a: Malamar|atk|1
|-boost|p2a: Malamar|def|1
|
|upkeep
|turn|2
|inactive|wingblade33 has 30 seconds left.
|inactive|the doctor rock has 30 seconds left.
|
|t:|1783363301
|move|p1a: Whimsicott|Encore|p2a: Malamar
|-hint|Since gen 7, Dark is immune to Prankster moves.
|-immune|p2a: Malamar
|move|p2b: Grimmsnarl|Fake Tears|p2a: Malamar
|-boost|p2a: Malamar|spd|2
|move|p1b: Gholdengo|Make It Rain|p2a: Malamar|[spread] p2a,p2b
|-supereffective|p2b: Grimmsnarl|1
|-damage|p2a: Malamar|76/100
|-damage|p2b: Grimmsnarl|0 fnt
|-unboost|p1b: Gholdengo|spa|2
|faint|p2b: Grimmsnarl
|move|p2a: Malamar|Superpower|p1a: Whimsicott
|-resisted|p1a: Whimsicott|1
|-damage|p1a: Whimsicott|24/100
|-boost|p2a: Malamar|atk|1
|-boost|p2a: Malamar|def|1
|
|upkeep
|
|t:|1783363312
|switch|p2b: Sinistcha|Sinistcha, L50|100/100
|-heal|p2a: Malamar|100/100|[from] ability: Hospitality|[of] p2b: Sinistcha
|turn|3
|
|t:|1783363326
|switch|p1a: Basculegion|Basculegion, L50, M|100/100
|switch|p1b: Charizard|Charizard, L50, F|100/100
|move|p2a: Malamar|Superpower|p1a: Basculegion
|-immune|p1a: Basculegion
|move|p2b: Sinistcha|Trick Room|p2b: Sinistcha
|-fieldstart|move: Trick Room|[of] p2b: Sinistcha
|
|upkeep
|turn|4
|inactive|wingblade33 has 30 seconds left.
|
|t:|1783363351
|switch|p2b: Rotom|Rotom-Wash, L50|100/100
|detailschange|p1b: Charizard|Charizard-Mega-Y, L50, F
|-mega|p1b: Charizard|Charizard|Charizardite Y
|-weather|SunnyDay|[from] ability: Drought|[of] p1b: Charizard
|move|p1a: Basculegion|Protect|p1a: Basculegion
|-singleturn|p1a: Basculegion|Protect
|move|p1b: Charizard|Protect|p1b: Charizard
|-singleturn|p1b: Charizard|Protect
|move|p2a: Malamar|Knock Off|p1a: Basculegion
|-activate|p1a: Basculegion|move: Protect
|
|-weather|SunnyDay|[upkeep]
|-sideend|p1: wingblade33|move: Tailwind
|upkeep
|turn|5
|inactive|the doctor rock has 30 seconds left.
|inactive|the doctor rock has 20 seconds left.
|
|t:|1783363386
|switch|p1a: Whimsicott|Whimsicott, L50, F|24/100
|move|p2a: Malamar|Knock Off|p1b: Charizard
|-crit|p1b: Charizard
|-damage|p1b: Charizard|0 fnt
|faint|p1b: Charizard
|move|p2b: Rotom|Thunderbolt|p1a: Whimsicott
|-resisted|p1a: Whimsicott|1
|-damage|p1a: Whimsicott|0 fnt
|faint|p1a: Whimsicott
|
|-weather|SunnyDay|[upkeep]
|upkeep
|-message|wingblade33 forfeited.
|
|win|the doctor rock
