|j|â˜†Julituk
|j|â˜†AzureTheTimeblind
|html|JulitukAzureTheTimeblind    
|uhtml|bestof|Game 3 of a best-of-3
|t:|1783015451
|gametype|doubles
|player|p1|Julituk|veteran|1180
|player|p2|AzureTheTimeblind|265|1306
|gen|9
|tier|[Gen 9 Champions] VGC 2026 Reg M-B (Bo3)
|rated|
|rule|Species Clause: Limit one of each PokÃ©mon
|rule|Item Clause: Limit 1 of each item
|clearpoke
|poke|p1|Kingambit, L50, M|
|poke|p1|Sylveon, L50, M|
|poke|p1|Garchomp, L50, F|
|poke|p1|Aerodactyl, L50, M|
|poke|p1|Farigiraf, L50, F|
|poke|p1|Charizard, L50, M|
|poke|p2|Metagross, L50|
|poke|p2|Gyarados, L50, F|
|poke|p2|Blaziken, L50, M|
|poke|p2|Sableye, L50, F|
|poke|p2|Whimsicott, L50, M|
|poke|p2|Hatterene, L50, F|
|teampreview|4
|showteam|p1|Kingambit||FocusSash|Defiant|IronHead,SuckerPunch,KowtowCleave,LowKick|Adamant||M|||50|]Sylveon||FairyFeather|Pixilate|Detect,HyperVoice,HyperBeam,QuickAttack|Modest||M|||50|]Garchomp||LifeOrb|RoughSkin|Protect,DragonClaw,Earthquake,StompingTantrum|Jolly||F|||50|]Aerodactyl||Aerodactylite|RockHead|IceFang,RockSlide,Tailwind,DualWingbeat|Jolly||M|||50|]Farigiraf||SitrusBerry|ArmorTail|TrickRoom,Psychic,Thunderbolt,Roar|Bold||F|||50|]Charizard||CharizarditeY|Blaze|Protect,SolarBeam,WeatherBall,HeatWave|Modest||M|||50|
|showteam|p2|Metagross||Metagrossite|ClearBody|IronHead,PsychicFangs,ThunderPunch,Protect|Adamant|||||50|]Gyarados||Gyaradosite|Intimidate|Waterfall,LashOut,DragonDance,Protect|Adamant||F|||50|]Blaziken||FocusSash|SpeedBoost|HeatWave,AuraSphere,Coaching,Protect|Modest||M|||50|]Sableye||Leftovers|Prankster|FoulPlay,LightScreen,RainDance,FakeOut|Bold||F|||50|]Whimsicott||FairyFeather|Prankster|Moonblast,EnergyBall,Tailwind,Protect|Timid||M|||50|]Hatterene||LifeOrb|MagicBounce|Psychic,DazzlingGleam,MysticalFire,TrickRoom|Quiet||F|||50|
|inactive|Battle timer is ON: inactive players will automatically lose when time's up. (requested by Julituk)
|
|t:|1783015482
|teamsize|p1|4
|teamsize|p2|4
|start
|switch|p1a: Charizard|Charizard, L50, M|100/100
|switch|p1b: Aerodactyl|Aerodactyl, L50, M|100/100
|switch|p2a: Blaziken|Blaziken, L50, M|100/100
|switch|p2b: Gyarados|Gyarados, L50, F|100/100
|-ability|p2b: Gyarados|Intimidate|boost
|-unboost|p1a: Charizard|atk|1
|-unboost|p1b: Aerodactyl|atk|1
|turn|1
|inactive|Julituk has 30 seconds left.
|inactive|AzureTheTimeblind has 30 seconds left.
|
|t:|1783015513
|detailschange|p1a: Charizard|Charizard-Mega-Y, L50, M
|-mega|p1a: Charizard|Charizard|Charizardite Y
|-weather|SunnyDay|[from] ability: Drought|[of] p1a: Charizard
|detailschange|p2b: Gyarados|Gyarados-Mega, L50, F
|-mega|p2b: Gyarados|Gyarados|Gyaradosite
|-ability|p2b: Gyarados|Mold Breaker
|move|p1b: Aerodactyl|Rock Slide|p2a: Blaziken|[spread] p2a
|-miss|p1b: Aerodactyl|p2b: Gyarados
|-damage|p2a: Blaziken|78/100
|move|p1a: Charizard|Weather Ball|p2a: Blaziken
|-resisted|p2a: Blaziken|1
|-damage|p2a: Blaziken|9/100
|move|p2a: Blaziken|Coaching|p2b: Gyarados
|-boost|p2b: Gyarados|atk|1
|-boost|p2b: Gyarados|def|1
|move|p2b: Gyarados|Waterfall|p1b: Aerodactyl
|-supereffective|p1b: Aerodactyl|1
|-damage|p1b: Aerodactyl|0 fnt
|faint|p1b: Aerodactyl
|
|-weather|SunnyDay|[upkeep]
|-ability|p2a: Blaziken|Speed Boost|boost
|-boost|p2a: Blaziken|spe|1
|upkeep
|
|t:|1783015534
|switch|p1b: Sylveon|Sylveon, L50, M|100/100
|turn|2
|
|t:|1783015550
|move|p2b: Gyarados|Protect|p2b: Gyarados
|-singleturn|p2b: Gyarados|Protect
|move|p2a: Blaziken|Coaching|p2b: Gyarados
|-boost|p2b: Gyarados|atk|1
|-boost|p2b: Gyarados|def|1
|move|p1a: Charizard|Heat Wave|p2a: Blaziken|[spread] p2a
|-activate|p2b: Gyarados|move: Protect
|-resisted|p2a: Blaziken|1
|-damage|p2a: Blaziken|0 fnt
|faint|p2a: Blaziken
|move|p1b: Sylveon|Hyper Voice|p2b: Gyarados
|-activate|p2b: Gyarados|move: Protect
|
|-weather|SunnyDay|[upkeep]
|upkeep
|
|t:|1783015563
|switch|p2a: Sableye|Sableye, L50, F|100/100
|turn|3
|inactive|Julituk has 30 seconds left.
|
|t:|1783015590
|switch|p1a: Kingambit|Kingambit, L50, M|100/100
|move|p2a: Sableye|Fake Out|p1b: Sylveon
|-damage|p1b: Sylveon|92/100
|move|p2b: Gyarados|Dragon Dance|p2b: Gyarados
|-boost|p2b: Gyarados|atk|1
|-boost|p2b: Gyarados|spe|1
|cant|p1b: Sylveon|flinch
|
|-weather|SunnyDay|[upkeep]
|upkeep
|turn|4
|inactive|AzureTheTimeblind has 30 seconds left.
|
|t:|1783015619
|move|p1b: Sylveon|Detect|p1b: Sylveon
|-singleturn|p1b: Sylveon|Protect
|move|p2a: Sableye|Rain Dance|p2a: Sableye
|-weather|RainDance
|move|p2b: Gyarados|Waterfall|p1b: Sylveon
|-activate|p1b: Sylveon|move: Protect
|move|p1a: Kingambit|Kowtow Cleave|p2a: Sableye
|-damage|p2a: Sableye|42/100
|
|-weather|RainDance|[upkeep]
|-heal|p2a: Sableye|47/100|[from] item: Leftovers
|upkeep
|turn|5
|
|t:|1783015639
|switch|p1b: Charizard|Charizard-Mega-Y, L50, M|100/100
|-weather|SunnyDay|[from] ability: Drought|[of] p1b: Charizard
|move|p2a: Sableye|Rain Dance|p2a: Sableye
|-weather|RainDance
|move|p2b: Gyarados|Waterfall|p1b: Charizard
|-supereffective|p1b: Charizard|1
|-damage|p1b: Charizard|0 fnt
|faint|p1b: Charizard
|move|p1a: Kingambit|Kowtow Cleave|p2a: Sableye
|-damage|p2a: Sableye|0 fnt
|faint|p2a: Sableye
|
|-weather|RainDance|[upkeep]
|upkeep
|
|t:|1783015647
|switch|p1b: Sylveon|Sylveon, L50, M|92/100
|switch|p2a: Hatterene|Hatterene, L50, F|100/100
|turn|6
|
|t:|1783015665
|move|p1b: Sylveon|Detect|p1b: Sylveon
|-singleturn|p1b: Sylveon|Protect
|move|p2b: Gyarados|Waterfall|p1a: Kingambit
|-enditem|p1a: Kingambit|Focus Sash
|-damage|p1a: Kingambit|1/100
|move|p1a: Kingambit|Low Kick|p2b: Gyarados
|-supereffective|p2b: Gyarados|1
|-damage|p2b: Gyarados|61/100
|move|p2a: Hatterene|Dazzling Gleam|p1b: Sylveon|[spread] p1a
|-activate|p1b: Sylveon|move: Protect
|-damage|p1a: Kingambit|0 fnt
|faint|p1a: Kingambit
|-damage|p2a: Hatterene|90/100|[from] item: Life Orb
|
|-weather|RainDance|[upkeep]
|upkeep
|turn|7
|c|â˜†AzureTheTimeblind|gg
|
|t:|1783015685
|move|p1b: Sylveon|Quick Attack|p2b: Gyarados
|-supereffective|p2b: Gyarados|1
|-damage|p2b: Gyarados|49/100
|move|p2b: Gyarados|Waterfall|p1b: Sylveon
|-damage|p1b: Sylveon|0 fnt
|faint|p1b: Sylveon
|
|win|AzureTheTimeblind
|raw|Julituk's rating: 1180 → 1164(-16 for losing)
|raw|AzureTheTimeblind's rating: 1306 → 1319(+13 for winning)
|l|â˜†Julituk
|player|p1|
