|j|☆pakaan64
|j|☆freudianbreath
|html|pakaan64freudianbreath    
|uhtml|bestof|Game 2 of a best-of-3
|t:|1756320371
|gametype|doubles
|player|p1|pakaan64|1|1147
|player|p2|freudianbreath|170|1045
|gen|9
|tier|[Gen 9] VGC 2025 Reg H (Bo3)
|rated|
|rule|Species Clause: Limit one of each Pokémon
|rule|Item Clause: Limit 1 of each item
|clearpoke
|poke|p1|Ursaluna, L50, F|
|poke|p1|Farigiraf, L50, M|
|poke|p1|Torkoal, L50, F|
|poke|p1|Dragapult, L50, F|
|poke|p1|Whimsicott, L50, F|
|poke|p1|Amoonguss, L50, M|
|poke|p2|Incineroar, L50, M|
|poke|p2|Dragonite, L50, M|
|poke|p2|Gholdengo, L50|
|poke|p2|Breloom, L50, F|
|poke|p2|Arcanine-Hisui, L50, F|
|poke|p2|Rillaboom, L50, M|
|teampreview|4
|showteam|p1|Ursaluna||FlameOrb|Guts|Facade,Protect,HeadlongRush,Earthquake|||F|||50|,,,,,Ghost]Farigiraf||ColburBerry|ArmorTail|TrickRoom,Protect,HyperVoice,Psychic|||M|||50|,,,,,Grass]Torkoal||EjectButton|Drought|Eruption,Protect,HeatWave,ClearSmog|||F|||50|,,,,,Fire]Dragapult||FocusSash|ClearBody|DragonDarts,Uturn,PhantomForce,Protect|||F|||50|,,,,,Dragon]Whimsicott||CovertCloak|Prankster|Tailwind,Encore,Moonblast,Protect|||F|||50|,,,,,Water]Amoonguss||Leftovers|Regenerator|Protect,Spore,RagePowder,PollenPuff|||M|||50|,,,,,Fairy
|showteam|p2|Incineroar||SafetyGoggles|Intimidate|FakeOut,KnockOff,WillOWisp,PartingShot|||M|||50|,,,,,Ghost]Dragonite||SilkScarf|Multiscale|Protect,ExtremeSpeed,Tailwind,StompingTantrum|||M|||50|,,,,,Fairy]Gholdengo||LifeOrb|GoodasGold|MakeItRain,ShadowBall,NastyPlot,Protect||||||50|,,,,,Dragon]Breloom||LoadedDice|Technician|BulletSeed,MachPunch,Protect,Spore|||F|||50|,,,,,Fire]Arcanine-Hisui||ChoiceBand|Intimidate|ExtremeSpeed,FlareBlitz,RockSlide,HeadSmash|||F|||50|,,,,,Normal]Rillaboom||AssaultVest|GrassySurge|WoodHammer,GrassyGlide,FakeOut,HighHorsepower|||M|||50|,,,,,Fire
|
|t:|1756320424
|teamsize|p1|4
|teamsize|p2|4
|start
|switch|p1a: Dragapult|Dragapult, L50, F|100/100
|switch|p1b: Farigiraf|Farigiraf, L50, M|100/100
|switch|p2a: Rillaboom|Rillaboom, L50, M|100/100
|switch|p2b: Breloom|Breloom, L50, F|100/100
|-fieldstart|move: Grassy Terrain|[from] ability: Grassy Surge|[of] p2a: Rillaboom
|turn|1
|
|t:|1756320458
|-terastallize|p1a: Dragapult|Dragon
|move|p1a: Dragapult|Dragon Darts|p2a: Rillaboom
|-crit|p2a: Rillaboom
|-damage|p2a: Rillaboom|52/100
|-anim|p1a: Dragapult|Dragon Darts|p2b: Breloom
|-damage|p2b: Breloom|49/100
|move|p2b: Breloom|Bullet Seed|p1a: Dragapult
|-resisted|p1a: Dragapult
|-damage|p1a: Dragapult|80/100
|-resisted|p1a: Dragapult
|-damage|p1a: Dragapult|61/100
|-resisted|p1a: Dragapult
|-damage|p1a: Dragapult|40/100
|-resisted|p1a: Dragapult
|-damage|p1a: Dragapult|22/100
|-resisted|p1a: Dragapult
|-damage|p1a: Dragapult|2/100
|-hitcount|p1a: Dragapult|5
|move|p2a: Rillaboom|Wood Hammer|p1b: Farigiraf
|-damage|p1b: Farigiraf|19/100
|-damage|p2a: Rillaboom|23/100|[from] Recoil
|move|p1b: Farigiraf|Hyper Voice|p2a: Rillaboom|[spread] p2a,p2b
|-damage|p2a: Rillaboom|4/100
|-damage|p2b: Breloom|0 fnt
|faint|p2b: Breloom
|
|-heal|p1a: Dragapult|8/100|[from] Grassy Terrain
|-heal|p2a: Rillaboom|10/100|[from] Grassy Terrain
|-heal|p1b: Farigiraf|26/100|[from] Grassy Terrain
|upkeep
|
|t:|1756320494
|switch|p2b: Dragonite|Dragonite, L50, M|100/100
|turn|2
|
|t:|1756320507
|switch|p2a: Incineroar|Incineroar, L50, M|100/100
|-ability|p2a: Incineroar|Intimidate|boost
|-fail|p1a: Dragapult|unboost|[from] ability: Clear Body|[of] p1a: Dragapult
|-unboost|p1b: Farigiraf|atk|1
|-terastallize|p2b: Dragonite|Fairy
|move|p1a: Dragapult|U-turn|p2a: Incineroar
|-damage|p2a: Incineroar|79/100
|
|t:|1756320516
|switch|p1a: Whimsicott|Whimsicott, L50, F|100/100|[from] U-turn
|move|p2b: Dragonite|Stomping Tantrum|p1b: Farigiraf
|-damage|p1b: Farigiraf|0 fnt
|faint|p1b: Farigiraf
|
|-heal|p2a: Incineroar|85/100|[from] Grassy Terrain
|upkeep
|
|t:|1756320519
|switch|p1b: Ursaluna|Ursaluna, L50, F|100/100
|turn|3
|
|t:|1756320585
|move|p1b: Ursaluna|Protect|p1b: Ursaluna
|-singleturn|p1b: Ursaluna|Protect
|move|p1a: Whimsicott|Tailwind|p1a: Whimsicott
|-sidestart|p1: pakaan64|move: Tailwind
|move|p2b: Dragonite|Stomping Tantrum|p1a: Whimsicott
|-resisted|p1a: Whimsicott
|-damage|p1a: Whimsicott|89/100
|move|p2a: Incineroar|Knock Off|p1a: Whimsicott
|-resisted|p1a: Whimsicott
|-damage|p1a: Whimsicott|73/100
|-enditem|p1a: Whimsicott|Covert Cloak|[from] move: Knock Off|[of] p2a: Incineroar
|
|-heal|p1a: Whimsicott|79/100|[from] Grassy Terrain
|-heal|p2a: Incineroar|91/100|[from] Grassy Terrain
|-status|p1b: Ursaluna|brn|[from] item: Flame Orb
|upkeep
|turn|4
|
|t:|1756320710
|move|p1a: Whimsicott|Moonblast|p2b: Dragonite
|-damage|p2b: Dragonite|88/100
|move|p1b: Ursaluna|Facade|p2b: Dragonite
|-damage|p2b: Dragonite|0 fnt
|faint|p2b: Dragonite
|move|p2a: Incineroar|Knock Off|p1b: Ursaluna
|-damage|p1b: Ursaluna|71/100 brn
|-enditem|p1b: Ursaluna|Flame Orb|[from] move: Knock Off|[of] p2a: Incineroar
|
|-heal|p1a: Whimsicott|85/100|[from] Grassy Terrain
|-heal|p1b: Ursaluna|77/100 brn|[from] Grassy Terrain
|-heal|p2a: Incineroar|97/100|[from] Grassy Terrain
|-damage|p1b: Ursaluna|71/100 brn|[from] brn
|upkeep
|
|t:|1756320721
|switch|p2b: Rillaboom|Rillaboom, L50, M|10/100
|turn|5
|
|t:|1756320755
|move|p1a: Whimsicott|Protect|p1a: Whimsicott
|-singleturn|p1a: Whimsicott|Protect
|move|p1b: Ursaluna|Protect|p1b: Ursaluna
|-singleturn|p1b: Ursaluna|Protect
|move|p2b: Rillaboom|Grassy Glide|p1b: Ursaluna
|-activate|p1b: Ursaluna|move: Protect
|move|p2a: Incineroar|Knock Off|p1a: Whimsicott
|-activate|p1a: Whimsicott|move: Protect
|
|-heal|p1a: Whimsicott|91/100|[from] Grassy Terrain
|-heal|p1b: Ursaluna|77/100 brn|[from] Grassy Terrain
|-heal|p2b: Rillaboom|15/100|[from] Grassy Terrain
|-heal|p2a: Incineroar|100/100|[from] Grassy Terrain
|-damage|p1b: Ursaluna|71/100 brn|[from] brn
|-fieldend|move: Grassy Terrain
|upkeep
|turn|6
|
|t:|1756320773
|move|p1a: Whimsicott|Moonblast|p2a: Incineroar
|-damage|p2a: Incineroar|79/100
|move|p1b: Ursaluna|Earthquake|p2b: Rillaboom|[spread] p1a,p2a,p2b
|-resisted|p1a: Whimsicott
|-supereffective|p2a: Incineroar
|-resisted|p2b: Rillaboom
|-damage|p1a: Whimsicott|64/100
|-damage|p2a: Incineroar|0 fnt
|-damage|p2b: Rillaboom|0 fnt
|faint|p2a: Incineroar
|faint|p2b: Rillaboom
|
|win|pakaan64
|raw|pakaan64's rating: 1147 → 1165(+18 for winning)
|raw|freudianbreath's rating: 1045 → 1033(-12 for losing)
