|j|☆subert
|j|☆hamlessmel
|html|suberthamlessmel    
|uhtml|bestof|Game 1 of a best-of-3
|t:|1757686022
|gametype|doubles
|player|p1|subert|2|1050
|player|p2|hamlessmel|dawn-gen4pt|1122
|gen|9
|tier|[Gen 9] VGC 2025 Reg H (Bo3)
|rated|
|rule|Species Clause: Limit one of each Pokémon
|rule|Item Clause: Limit 1 of each item
|clearpoke
|poke|p1|Hatterene, L50, F|
|poke|p1|Indeedee-F, L50, F|
|poke|p1|Armarouge, L50, F|
|poke|p1|Luvdisc, L50, F|
|poke|p1|Ursaluna, L50, F|
|poke|p1|Sneasler, L50, M|
|poke|p2|Excadrill, L50, F|
|poke|p2|Tyranitar, L50, F|
|poke|p2|Sneasler, L50, F|
|poke|p2|Indeedee, L50, M|
|poke|p2|Annihilape, L50, M|
|poke|p2|Corviknight, L50, F|
|teampreview|4
|showteam|p1|Hatterene||Leftovers|MagicBounce|DazzlingGleam,TrickRoom,ExpandingForce,Protect|||F|||50|,,,,,Psychic]Indeedee-F||MentalHerb|PsychicSurge|FollowMe,HelpingHand,Psychic,Protect|||F|||50|,,,,,Psychic]Armarouge||WeaknessPolicy|WeakArmor|ArmorCannon,ExpandingForce,ScorchingSands,Protect|||F|||50|,,,,,Ground]Luvdisc||FocusSash|SwiftSwim|FlipTurn,IcyWind,Endeavor,Protect|||F|||50|,,,,,Fire]Ursaluna||FlameOrb|Guts|Earthquake,Facade,ShadowClaw,Protect|||F|||50|,,,,,Ghost]Sneasler||PsychicSeed|Unburden|DireClaw,CloseCombat,RockSlide,Protect|||M|||50|,,,,,Rock
|showteam|p2|Excadrill||FocusSash|SandRush|Protect,IronHead,HighHorsepower,Earthquake|||F|||50|,,,,,Stellar]Tyranitar||AssaultVest|SandStream|KnockOff,RockSlide,TeraBlast,LowKick|||F|||50|,,,,,Flying]Sneasler||PsychicSeed|Unburden|ThroatChop,CloseCombat,Protect,DireClaw|||F|||50|,,,,,Dark]Indeedee||ChoiceScarf|PsychicSurge|TeraBlast,ExpandingForce,Protect,Trick|||M|||50|,,,,,Fighting]Annihilape||SafetyGoggles|Defiant|Taunt,RageFist,CloseCombat,FinalGambit|||M|||50|,,,,,Water]Corviknight||Leftovers|MirrorArmor|Tailwind,BraveBird,Roost,BulkUp|||F|||50|,,,,,Dragon
|j| gggguuuu
|l| gggguuuu
|inactive|Battle timer is ON: inactive players will automatically lose when time's up. (requested by subert)
|
|t:|1757686065
|teamsize|p1|4
|teamsize|p2|4
|start
|switch|p1a: Armarouge|Armarouge, L50, F|100/100
|switch|p1b: Luvdisc|Luvdisc, L50, F|100/100
|switch|p2a: Indeedee|Indeedee, L50, M|100/100
|switch|p2b: Annihilape|Annihilape, L50, M, shiny|100/100
|-fieldstart|move: Psychic Terrain|[from] ability: Psychic Surge|[of] p2a: Indeedee
|turn|1
|inactive|subert has 30 seconds left.
|inactive|hamlessmel has 30 seconds left.
|inactive|hamlessmel has 20 seconds left.
|
|t:|1757686102
|move|p2a: Indeedee|Trick|p1b: Luvdisc
|-activate|p2a: Indeedee|move: Trick|[of] p1b: Luvdisc
|-item|p1b: Luvdisc|Choice Scarf|[from] move: Trick
|-item|p2a: Indeedee|Focus Sash|[from] move: Trick
|move|p1b: Luvdisc|Flip Turn|p1a: Armarouge
|-supereffective|p1a: Armarouge
|-damage|p1a: Armarouge|87/100
|-ability|p1a: Armarouge|Weak Armor|boost
|-unboost|p1a: Armarouge|def|1
|-boost|p1a: Armarouge|spe|2
|-enditem|p1a: Armarouge|Weakness Policy
|-boost|p1a: Armarouge|atk|2|[from] item: Weakness Policy
|-boost|p1a: Armarouge|spa|2|[from] item: Weakness Policy
|
|t:|1757686112
|switch|p1b: Sneasler|Sneasler, L50, M|100/100|[from] Flip Turn
|-enditem|p1b: Sneasler|Psychic Seed
|-boost|p1b: Sneasler|spd|1|[from] item: Psychic Seed
|move|p1a: Armarouge|Expanding Force|p2a: Indeedee|[spread] p2a,p2b
|-resisted|p2a: Indeedee
|-supereffective|p2b: Annihilape
|-damage|p2a: Indeedee|18/100
|-damage|p2b: Annihilape|0 fnt
|faint|p2b: Annihilape
|
|upkeep
|
|t:|1757686121
|switch|p2b: Sneasler|Sneasler, L50, F|100/100
|-enditem|p2b: Sneasler|Psychic Seed
|-boost|p2b: Sneasler|spd|1|[from] item: Psychic Seed
|turn|2
|
|t:|1757686136
|-terastallize|p2b: Sneasler|Dark
|move|p2a: Indeedee|Protect|p2a: Indeedee
|-singleturn|p2a: Indeedee|Protect
|move|p2b: Sneasler|Throat Chop|p1a: Armarouge
|-supereffective|p1a: Armarouge
|-damage|p1a: Armarouge|0 fnt
|faint|p1a: Armarouge
|move|p1b: Sneasler|Close Combat|p2b: Sneasler
|-supereffective|p2b: Sneasler
|-damage|p2b: Sneasler|0 fnt
|-unboost|p1b: Sneasler|def|1
|-unboost|p1b: Sneasler|spd|1
|faint|p2b: Sneasler
|
|upkeep
|
|t:|1757686148
|switch|p2b: Corviknight|Corviknight, L50, F, shiny|100/100
|switch|p1a: Indeedee|Indeedee-F, L50, F|100/100
|turn|3
|
|t:|1757686170
|move|p1a: Indeedee|Follow Me|p1a: Indeedee
|-singleturn|p1a: Indeedee|move: Follow Me
|move|p1b: Sneasler|Close Combat|p2b: Corviknight
|-damage|p2b: Corviknight|35/100
|-unboost|p1b: Sneasler|def|1
|-unboost|p1b: Sneasler|spd|1
|move|p2a: Indeedee|Expanding Force|p1a: Indeedee|[spread] p1a,p1b
|-resisted|p1a: Indeedee
|-supereffective|p1b: Sneasler
|-damage|p1a: Indeedee|75/100
|-damage|p1b: Sneasler|0 fnt
|faint|p1b: Sneasler
|move|p2b: Corviknight|Bulk Up|p2b: Corviknight
|-boost|p2b: Corviknight|atk|1
|-boost|p2b: Corviknight|def|1
|
|-heal|p2b: Corviknight|41/100|[from] item: Leftovers
|upkeep
|
|t:|1757686184
|switch|p1b: Luvdisc|Luvdisc, L50, F|100/100
|turn|4
|
|t:|1757686196
|move|p1b: Luvdisc|Icy Wind|p2a: Indeedee|[spread] p2a,p2b
|-crit|p2a: Indeedee
|-damage|p2a: Indeedee|6/100
|-damage|p2b: Corviknight|36/100
|-unboost|p2a: Indeedee|spe|1
|-ability|p2b: Corviknight|Mirror Armor
|-unboost|p1b: Luvdisc|spe|1
|move|p1a: Indeedee|Psychic|p2b: Corviknight
|-resisted|p2b: Corviknight
|-damage|p2b: Corviknight|18/100
|-ability|p2b: Corviknight|Mirror Armor
|-unboost|p1a: Indeedee|spd|1
|move|p2a: Indeedee|Expanding Force|p1b: Luvdisc|[spread] p1a,p1b
|-resisted|p1a: Indeedee
|-damage|p1a: Indeedee|36/100
|-damage|p1b: Luvdisc|12/100
|move|p2b: Corviknight|Roost|p2b: Corviknight
|-heal|p2b: Corviknight|68/100
|-singleturn|p2b: Corviknight|move: Roost
|
|-heal|p2b: Corviknight|74/100|[from] item: Leftovers
|upkeep
|turn|5
|
|t:|1757686217
|move|p1b: Luvdisc|Icy Wind|p2b: Corviknight|[spread] p2a,p2b
|-damage|p2a: Indeedee|0 fnt
|-damage|p2b: Corviknight|69/100
|-ability|p2b: Corviknight|Mirror Armor
|-unboost|p1b: Luvdisc|spe|1
|faint|p2a: Indeedee
|move|p1a: Indeedee|Psychic|p2b: Corviknight
|-resisted|p2b: Corviknight
|-damage|p2b: Corviknight|52/100
|move|p2b: Corviknight|Roost|p2b: Corviknight
|-heal|p2b: Corviknight|100/100
|-singleturn|p2b: Corviknight|move: Roost
|
|-fieldend|move: Psychic Terrain
|upkeep
|turn|6
|
|t:|1757686232
|move|p1a: Indeedee|Psychic|p2b: Corviknight
|-resisted|p2b: Corviknight
|-damage|p2b: Corviknight|86/100
|move|p1b: Luvdisc|Icy Wind|p2b: Corviknight
|-damage|p2b: Corviknight|80/100
|-ability|p2b: Corviknight|Mirror Armor
|-unboost|p1b: Luvdisc|spe|1
|move|p2b: Corviknight|Brave Bird|p1a: Indeedee
|-damage|p1a: Indeedee|0 fnt
|faint|p1a: Indeedee
|-damage|p2b: Corviknight|68/100|[from] Recoil
|
|-heal|p2b: Corviknight|73/100|[from] item: Leftovers
|upkeep
|turn|7
|
|t:|1757686247
|move|p1b: Luvdisc|Icy Wind|p2b: Corviknight
|-damage|p2b: Corviknight|68/100
|-ability|p2b: Corviknight|Mirror Armor
|-unboost|p1b: Luvdisc|spe|1
|move|p2b: Corviknight|Brave Bird|p1b: Luvdisc
|-damage|p1b: Luvdisc|0 fnt
|faint|p1b: Luvdisc
|-damage|p2b: Corviknight|64/100|[from] Recoil
|
|win|hamlessmel
||hamlessmel is ready for game 2.
||subert is ready for game 2.
|uhtml|next|Next: Game 2 of 3
|l|☆hamlessmel
|player|p2|
