|j|☆stormyrat
|j|☆Hol H0rse
|html|stormyratHol H0rse    
|uhtml|bestof|Game 1 of a best-of-3
|t:|1782251103
|gametype|doubles
|player|p1|stormyrat|101|1162
|player|p2|Hol H0rse|pokemonranger|1202
|gen|9
|tier|[Gen 9 Champions] VGC 2026 Reg M-B (Bo3)
|rated|
|rule|Species Clause: Limit one of each Pokémon
|rule|Item Clause: Limit 1 of each item
|clearpoke
|poke|p1|Floette-Eternal, L50, F|
|poke|p1|Gholdengo, L50|
|poke|p1|Aerodactyl, L50, M|
|poke|p1|Incineroar, L50, M|
|poke|p1|Basculegion, L50, M|
|poke|p1|Rotom-Mow, L50|
|poke|p2|Froslass, L50, F|
|poke|p2|Garchomp, L50, F|
|poke|p2|Whimsicott, L50, F|
|poke|p2|Sneasler, L50, F|
|poke|p2|Araquanid, L50, F|
|poke|p2|Arcanine-Hisui, L50, F|
|teampreview|4
|showteam|p1|Floette-Eternal||Floettite|FlowerVeil|Moonblast,LightofRuin,DazzlingGleam,Protect|Modest||F|||50|]Gholdengo||LifeOrb|GoodasGold|NastyPlot,ShadowBall,MakeItRain,Protect|Modest|||||50|]Aerodactyl||FocusSash|Unnerve|DualWingbeat,RockSlide,Tailwind,WideGuard|Jolly||M|||50|]Incineroar||SitrusBerry|Intimidate|FakeOut,PartingShot,DarkestLariat,FlareBlitz|Impish||M|||50|]Basculegion||MysticWater|Adaptability|Protect,WaveCrash,LastRespects,AquaJet|Jolly||M|||50|]Rotom-Mow||WideLens|Levitate|LeafStorm,Electroweb,VoltSwitch,Protect|Timid|||||50|
|showteam|p2|Froslass||Froslassite|SnowCloak|Blizzard,ShadowBall,AuroraVeil,Protect|Timid||F|||50|]Garchomp||LifeOrb|RoughSkin|StompingTantrum,RockSlide,SwordsDance,Protect|Jolly||F|||50|]Whimsicott||FocusSash|Prankster|Moonblast,Protect,Tailwind,Encore|Timid||F|||50|]Sneasler||WhiteHerb|Unburden|DireClaw,CloseCombat,FakeOut,Protect|Jolly||F|||50|]Araquanid||SitrusBerry|WaterBubble|Liquidation,IcyWind,WideGuard,Protect|Careful||F|||50|]Arcanine-Hisui||ChoiceScarf|Intimidate|FlareBlitz,RockSlide,ExtremeSpeed,PsychicFangs|Adamant||F|||50|
|inactive|Battle timer is ON: inactive players will automatically lose when time's up. (requested by stormyrat)
|inactive|stormyrat has 60 seconds left.
|inactive|Hol H0rse has 60 seconds left.
|inactive|Hol H0rse has 30 seconds left.
|inactive|stormyrat has 30 seconds left.
|inactive|Hol H0rse has 20 seconds left.
|inactive|stormyrat has 20 seconds left.
|inactive|Hol H0rse has 15 seconds left.
|inactive|stormyrat has 15 seconds left.
|inactive|stormyrat has 10 seconds left.
|inactive|stormyrat has 5 seconds left.
|
|t:|1782251196
|teamsize|p1|4
|teamsize|p2|4
|start
|switch|p1a: Gholdengo|Gholdengo, L50|100/100
|switch|p1b: Aerodactyl|Aerodactyl, L50, M|100/100
|switch|p2a: Garchomp|Garchomp, L50, F|100/100
|switch|p2b: Sneasler|Sneasler, L50, F|100/100
|-ability|p1b: Aerodactyl|Unnerve
|turn|1
|inactive|stormyrat has 30 seconds left.
|
|t:|1782251228
|move|p1a: Gholdengo|Protect|p1a: Gholdengo
|-singleturn|p1a: Gholdengo|Protect
|move|p2b: Sneasler|Fake Out|p1b: Aerodactyl
|-resisted|p1b: Aerodactyl|1
|-damage|p1b: Aerodactyl|89/100
|cant|p1b: Aerodactyl|flinch
|move|p2a: Garchomp|Stomping Tantrum|p1a: Gholdengo
|-activate|p1a: Gholdengo|move: Protect
|
|upkeep
|turn|2
|
|t:|1782251253
|switch|p2b: Whimsicott|Whimsicott, L50, F|100/100
|move|p1b: Aerodactyl|Tailwind|p1b: Aerodactyl
|-sidestart|p1: stormyrat|move: Tailwind
|move|p1a: Gholdengo|Shadow Ball|p2a: Garchomp
|-damage|p2a: Garchomp|34/100
|-damage|p1a: Gholdengo|90/100|[from] item: Life Orb
|move|p2a: Garchomp|Stomping Tantrum|p1a: Gholdengo
|-supereffective|p1a: Gholdengo|1
|-damage|p1a: Gholdengo|0 fnt
|faint|p1a: Gholdengo
|-damage|p2a: Garchomp|24/100|[from] item: Life Orb
|
|upkeep
|
|t:|1782251260
|switch|p1a: Incineroar|Incineroar, L50, M|100/100
|-ability|p1a: Incineroar|Intimidate|boost
|-unboost|p2a: Garchomp|atk|1
|-unboost|p2b: Whimsicott|atk|1
|turn|3
|
|t:|1782251271
|move|p2b: Whimsicott|Protect|p2b: Whimsicott
|-singleturn|p2b: Whimsicott|Protect
|move|p1a: Incineroar|Fake Out|p2b: Whimsicott
|-activate|p2b: Whimsicott|move: Protect
|move|p1b: Aerodactyl|Rock Slide|p2b: Whimsicott|[spread] p2a
|-activate|p2b: Whimsicott|move: Protect
|-resisted|p2a: Garchomp|1
|-damage|p2a: Garchomp|12/100
|move|p2a: Garchomp|Swords Dance|p2a: Garchomp
|-boost|p2a: Garchomp|atk|2
|
|upkeep
|turn|4
|
|t:|1782251290
|move|p2b: Whimsicott|Tailwind|p2b: Whimsicott
|-sidestart|p2: Hol H0rse|move: Tailwind
|move|p1b: Aerodactyl|Rock Slide|p2a: Garchomp|[spread] p2a,p2b
|-resisted|p2a: Garchomp|1
|-crit|p2b: Whimsicott
|-damage|p2a: Garchomp|0 fnt
|-damage|p2b: Whimsicott|45/100
|faint|p2a: Garchomp
|move|p1a: Incineroar|Flare Blitz|p2b: Whimsicott
|-supereffective|p2b: Whimsicott|1
|-damage|p2b: Whimsicott|0 fnt
|faint|p2b: Whimsicott
|-damage|p1a: Incineroar|90/100|[from] Recoil
|
|upkeep
|
|t:|1782251302
|switch|p2b: Froslass|Froslass, L50, F|100/100
|switch|p2a: Sneasler|Sneasler, L50, F|100/100
|turn|5
|
|t:|1782251315
|detailschange|p2b: Froslass|Froslass-Mega, L50, F
|-mega|p2b: Froslass|Froslass|Froslassite
|-weather|Snowscape|[from] ability: Snow Warning|[of] p2b: Froslass
|move|p1b: Aerodactyl|Dual Wingbeat|p2a: Sneasler|[miss]
|-miss|p1b: Aerodactyl|p2a: Sneasler
|move|p2b: Froslass|Blizzard|p1a: Incineroar|[spread] p1a,p1b
|-resisted|p1a: Incineroar|1
|-supereffective|p1b: Aerodactyl|1
|-damage|p1a: Incineroar|72/100
|-damage|p1b: Aerodactyl|0 fnt
|faint|p1b: Aerodactyl
|move|p2a: Sneasler|Close Combat|p1a: Incineroar
|-supereffective|p1a: Incineroar|1
|-damage|p1a: Incineroar|0 fnt
|-unboost|p2a: Sneasler|def|1
|-unboost|p2a: Sneasler|spd|1
|faint|p1a: Incineroar
|-enditem|p2a: Sneasler|White Herb
|-clearnegativeboost|p2a: Sneasler|[silent]
|
|-weather|Snowscape|[upkeep]
|-sideend|p1: stormyrat|move: Tailwind
|upkeep
|
|t:|1782251323
|switch|p1b: Floette|Floette-Eternal, L50, F|100/100
|turn|6
|
|t:|1782251336
|detailschange|p1b: Floette|Floette-Mega, L50, F
|-mega|p1b: Floette|Floette|Floettite
|-ability|p1b: Floette|Fairy Aura
|move|p2a: Sneasler|Dire Claw|p1b: Floette
|-supereffective|p1b: Floette|1
|-damage|p1b: Floette|5/100
|-status|p1b: Floette|slp
|move|p2b: Froslass|Blizzard|p1b: Floette
|-crit|p1b: Floette
|-damage|p1b: Floette|0 fnt
|faint|p1b: Floette
|
|win|Hol H0rse
