|j|☆sinbad37
|j|☆jANMxRin
|html|sinbad37jANMxRin    
|uhtml|bestof|Game 2 of a best-of-3
|t:|1756472617
|gametype|doubles
|player|p1|sinbad37|volkner|1056
|player|p2|jANMxRin|acerola-masters|1040
|gen|9
|tier|[Gen 9] VGC 2025 Reg H (Bo3)
|rated|
|rule|Species Clause: Limit one of each Pokémon
|rule|Item Clause: Limit 1 of each item
|clearpoke
|poke|p1|Gholdengo, L50|
|poke|p1|Rillaboom, L50, M|
|poke|p1|Pelipper, L50, M|
|poke|p1|Archaludon, L50, F|
|poke|p1|Basculegion, L50, M|
|poke|p1|Incineroar, L50, M|
|poke|p2|Sneasler, L50, F|
|poke|p2|Indeedee, L50, M|
|poke|p2|Ursaluna-Bloodmoon, L50, M|
|poke|p2|Electabuzz, L50, F|
|poke|p2|Incineroar, L50, M|
|poke|p2|Talonflame, L50, F|
|teampreview|4
|showteam|p1|Gholdengo||LifeOrb|GoodasGold|MakeItRain,ShadowBall,NastyPlot,Protect||||||50|,,,,,Water]Rillaboom||MiracleSeed|GrassySurge|GrassyGlide,WoodHammer,FakeOut,HighHorsepower|||M|||50|,,,,,Fire]Pelipper||FocusSash|Drizzle|Hurricane,Protect,WeatherBall,Tailwind|||M|||50|,,,,,Ghost]Archaludon||AssaultVest|Stamina|ElectroShot,FlashCannon,BodyPress,DragonPulse|||F|||50|,,,,,Water]Basculegion||ChoiceBand|SwiftSwim|LastRespects,WaveCrash,AquaJet,FlipTurn|||M|||50|,,,,,Water]Incineroar||SafetyGoggles|Intimidate|FakeOut,PartingShot,KnockOff,WillOWisp|||M|||50|,,,,,Ghost
|showteam|p2|Sneasler||PsychicSeed|Unburden|CloseCombat,DireClaw,ThroatChop,Protect|||F|||50|,,,,,Dark]Indeedee||FocusSash|PsychicSurge|ExpandingForce,TrickRoom,HelpingHand,Protect|||M|||50|,,,,,Psychic]Ursaluna-Bloodmoon||LifeOrb|MindsEye|BloodMoon,HyperVoice,EarthPower,Protect|||M|||50|,,,,,Normal]Electabuzz||Eviolite|VitalSpirit|Electroweb,FollowMe,Taunt,Protect|||F|||50|,,,,,Dragon]Incineroar||SafetyGoggles|Intimidate|FlareBlitz,KnockOff,PartingShot,FakeOut|||M|||50|,,,,,Ghost]Talonflame||CovertCloak|GaleWings|FlareBlitz,DualWingbeat,WillOWisp,Tailwind|||F|||50|,,,,,Fairy
|inactive|Battle timer is ON: inactive players will automatically lose when time's up. (requested by sinbad37)
|inactive|jANMxRin has 60 seconds left.
|
|t:|1756472661
|teamsize|p1|4
|teamsize|p2|4
|start
|switch|p1a: Pelipper|Pelipper, L50, M|100/100
|switch|p1b: Basculegion|Basculegion, L50, M, shiny|100/100
|switch|p2a: Sneasler|Sneasler, L50, F|100/100
|switch|p2b: Indeedee|Indeedee, L50, M|100/100
|-fieldstart|move: Psychic Terrain|[from] ability: Psychic Surge|[of] p2b: Indeedee
|-enditem|p2a: Sneasler|Psychic Seed
|-boost|p2a: Sneasler|spd|1|[from] item: Psychic Seed
|-weather|RainDance|[from] ability: Drizzle|[of] p1a: Pelipper
|turn|1
|inactive|sinbad37 has 30 seconds left.
|inactive|jANMxRin has 30 seconds left.
|inactive|sinbad37 has 20 seconds left.
|inactive|sinbad37 has 15 seconds left.
|
|t:|1756472705
|switch|p1a: Rillaboom|Rillaboom, L50, M|100/100
|-fieldstart|move: Grassy Terrain|[from] ability: Grassy Surge|[of] p1a: Rillaboom
|-terastallize|p2a: Sneasler|Dark
|move|p2b: Indeedee|Helping Hand|p2a: Sneasler
|-singleturn|p2a: Sneasler|Helping Hand|[of] p2b: Indeedee
|move|p2a: Sneasler|Throat Chop|p1b: Basculegion
|-supereffective|p1b: Basculegion
|-damage|p1b: Basculegion|0 fnt
|faint|p1b: Basculegion
|
|-weather|RainDance|[upkeep]
|upkeep
|
|t:|1756472717
|switch|p1b: Gholdengo|Gholdengo, L50|100/100
|turn|2
|inactive|jANMxRin has 30 seconds left.
|inactive|jANMxRin has 20 seconds left.
|
|t:|1756472752
|move|p2a: Sneasler|Protect|p2a: Sneasler
|-singleturn|p2a: Sneasler|Protect
|move|p1a: Rillaboom|Fake Out|p2a: Sneasler
|-activate|p2a: Sneasler|move: Protect
|move|p2b: Indeedee|Expanding Force|p1b: Gholdengo
|-resisted|p1b: Gholdengo
|-damage|p1b: Gholdengo|80/100
|move|p1b: Gholdengo|Nasty Plot|p1b: Gholdengo
|-boost|p1b: Gholdengo|spa|2
|
|-weather|RainDance|[upkeep]
|-heal|p1b: Gholdengo|87/100|[from] Grassy Terrain
|upkeep
|turn|3
|inactive|sinbad37 has 30 seconds left.
|
|t:|1756472780
|move|p2b: Indeedee|Helping Hand|p2a: Sneasler
|-singleturn|p2a: Sneasler|Helping Hand|[of] p2b: Indeedee
|move|p1b: Gholdengo|Protect|p1b: Gholdengo
|-singleturn|p1b: Gholdengo|Protect
|move|p2a: Sneasler|Throat Chop|p1b: Gholdengo
|-activate|p1b: Gholdengo|move: Protect
|move|p1a: Rillaboom|Wood Hammer|p2a: Sneasler
|-damage|p2a: Sneasler|0 fnt
|faint|p2a: Sneasler
|-damage|p1a: Rillaboom|76/100|[from] Recoil
|
|-weather|RainDance|[upkeep]
|-heal|p1b: Gholdengo|93/100|[from] Grassy Terrain
|-heal|p1a: Rillaboom|81/100|[from] Grassy Terrain
|upkeep
|
|t:|1756472802
|switch|p2a: Incineroar|Incineroar, L50, M|100/100
|-ability|p2a: Incineroar|Intimidate|boost
|-unboost|p1a: Rillaboom|atk|1
|-unboost|p1b: Gholdengo|atk|1
|turn|4
|
|t:|1756472814
|switch|p1a: Pelipper|Pelipper, L50, M|100/100
|move|p2b: Indeedee|Helping Hand|p2a: Incineroar
|-singleturn|p2a: Incineroar|Helping Hand|[of] p2b: Indeedee
|move|p1b: Gholdengo|Make It Rain|p2a: Incineroar|[spread] p2a,p2b
|-resisted|p2a: Incineroar
|-damage|p2a: Incineroar|43/100
|-enditem|p2b: Indeedee|Focus Sash
|-damage|p2b: Indeedee|1/100
|-unboost|p1b: Gholdengo|spa|1
|-damage|p1b: Gholdengo|83/100|[from] item: Life Orb
|move|p2a: Incineroar|Knock Off|p1b: Gholdengo
|-supereffective|p1b: Gholdengo
|-damage|p1b: Gholdengo|0 fnt
|-enditem|p1b: Gholdengo|Life Orb|[from] move: Knock Off|[of] p2a: Incineroar
|faint|p1b: Gholdengo
|
|-weather|RainDance|[upkeep]
|-heal|p2b: Indeedee|7/100|[from] Grassy Terrain
|-heal|p2a: Incineroar|49/100|[from] Grassy Terrain
|upkeep
|
|t:|1756472823
|switch|p1b: Rillaboom|Rillaboom, L50, M|81/100
|turn|5
|
|t:|1756472839
|switch|p2a: Electabuzz|Electabuzz, L50, F|100/100
|move|p2b: Indeedee|Protect|p2b: Indeedee
|-singleturn|p2b: Indeedee|Protect
|move|p1a: Pelipper|Weather Ball|p2a: Electabuzz
|-damage|p2a: Electabuzz|42/100
|move|p1b: Rillaboom|Wood Hammer|p2b: Indeedee
|-activate|p2b: Indeedee|move: Protect
|
|-weather|none
|-heal|p2a: Electabuzz|48/100|[from] Grassy Terrain
|-heal|p2b: Indeedee|13/100|[from] Grassy Terrain
|-heal|p1b: Rillaboom|87/100|[from] Grassy Terrain
|-fieldend|move: Grassy Terrain
|upkeep
|turn|6
|
|t:|1756472856
|switch|p2b: Incineroar|Incineroar, L50, M|49/100
|-ability|p2b: Incineroar|Intimidate|boost
|-unboost|p1a: Pelipper|atk|1
|-unboost|p1b: Rillaboom|atk|1
|move|p2a: Electabuzz|Protect|p2a: Electabuzz
|-singleturn|p2a: Electabuzz|Protect
|move|p1a: Pelipper|Weather Ball|p2b: Incineroar
|-damage|p2b: Incineroar|34/100
|move|p1b: Rillaboom|Wood Hammer|p2a: Electabuzz
|-activate|p2a: Electabuzz|move: Protect
|
|upkeep
|turn|7
|inactive|jANMxRin has 30 seconds left.
|
|t:|1756472888
|move|p2b: Incineroar|Fake Out|p1b: Rillaboom
|-crit|p1b: Rillaboom
|-damage|p1b: Rillaboom|68/100
|move|p2a: Electabuzz|Electroweb|p1a: Pelipper|[spread] p1a,p1b
|-supereffective|p1a: Pelipper
|-resisted|p1b: Rillaboom
|-damage|p1a: Pelipper|3/100
|-damage|p1b: Rillaboom|61/100
|-unboost|p1a: Pelipper|spe|1
|-unboost|p1b: Rillaboom|spe|1
|move|p1a: Pelipper|Tailwind|p1a: Pelipper
|-sidestart|p1: sinbad37|move: Tailwind
|cant|p1b: Rillaboom|flinch
|
|upkeep
|turn|8
|inactive|jANMxRin has 30 seconds left.
|inactive|jANMxRin has 20 seconds left.
|inactive|jANMxRin has 15 seconds left.
|
|t:|1756472931
|move|p2a: Electabuzz|Electroweb|p1b: Rillaboom|[spread] p1a,p1b
|-supereffective|p1a: Pelipper
|-resisted|p1b: Rillaboom
|-damage|p1a: Pelipper|0 fnt
|-damage|p1b: Rillaboom|54/100
|-unboost|p1b: Rillaboom|spe|1
|faint|p1a: Pelipper
|move|p2b: Incineroar|Flare Blitz|p1b: Rillaboom
|-supereffective|p1b: Rillaboom
|-damage|p1b: Rillaboom|0 fnt
|faint|p1b: Rillaboom
|-damage|p2b: Incineroar|16/100|[from] Recoil
|
|win|jANMxRin
