|j|☆tintinnabulation
|j|☆nefifi
|html|tintinnabulationnefifi    
|uhtml|bestof|Game 1 of a best-of-3
|t:|1785270506
|gametype|doubles
|player|p1|tintinnabulation|cogita|1000
|player|p2|nefifi|burglar|1128
|gen|9
|tier|[Gen 9 Champions] VGC 2026 Reg M-B (Bo3)
|rated|
|rule|Species Clause: Limit one of each Pokémon
|rule|Item Clause: Limit 1 of each item
|clearpoke
|poke|p1|Farigiraf, L50, F|
|poke|p1|Blastoise, L50, F|
|poke|p1|Camerupt, L50, F|
|poke|p1|Vanilluxe, L50, F|
|poke|p1|Kingambit, L50, M|
|poke|p1|Staraptor, L50, M|
|poke|p2|Umbreon, L50, M, shiny|
|poke|p2|Primarina, L50, F|
|poke|p2|Meowstic, L50, M|
|poke|p2|Froslass, L50, F|
|poke|p2|Volcarona, L50, M|
|poke|p2|Garchomp, L50, F|
|teampreview|4
|showteam|p1|Farigiraf||SitrusBerry|ArmorTail|Psychic,Thunderbolt,HelpingHand,TrickRoom|Relaxed||F|||50|]Blastoise||Blastoisinite|Torrent|FakeOut,WaterSpout,AuraSphere,DarkPulse|Quiet||F|||50|]Camerupt||Cameruptite|SolidRock|HeatWave,EarthPower,AncientPower,Protect|Quiet||F|||50|]Vanilluxe||NeverMeltIce|SnowWarning|Blizzard,FreezeDry,IceShard,Protect|Quiet||F|||50|]Kingambit||LifeOrb|Defiant|KowtowCleave,SuckerPunch,IronHead,Protect|Brave||M|||50|]Staraptor||ChoiceScarf|Intimidate|FinalGambit,BraveBird,CloseCombat,Uturn|Jolly||M|||50|
|showteam|p2|Umbreon||Leftovers|InnerFocus|Toxic,Protect,Wish,Crunch|Bold||M|||50|]Primarina||Metronome|LiquidVoice|HyperVoice,Protect,Moonblast,EnergyBall|Calm||F|||50|]Meowstic||FocusSash|Prankster|Psychic,ThunderWave,Protect,FakeOut|Timid||M|||50|]Froslass||Froslassite|CursedBody|Blizzard,AuroraVeil,ShadowBall,Protect|Modest||F|||50|]Volcarona||ExpertBelt|FlameBody|QuiverDance,FieryDance,GigaDrain,Protect|Serious||M|||50|]Garchomp||Garchompite|RoughSkin|DragonClaw,Earthquake,Protect,RockSlide|Jolly||F|||50|
|inactive|Battle timer is ON: inactive players will automatically lose when time's up. (requested by nefifi)
|
|t:|1785270528
|teamsize|p1|4
|teamsize|p2|4
|start
|switch|p1a: Farigiraf|Farigiraf, L50, F|100/100
|switch|p1b: Staraptor|Staraptor, L50, M|100/100
|switch|p2a: Umbreon|Umbreon, L50, M, shiny|100/100
|switch|p2b: Primarina|Primarina, L50, F|100/100
|-ability|p1b: Staraptor|Intimidate|boost
|-fail|p2a: Umbreon|unboost|Attack|[from] ability: Inner Focus|[of] p2a: Umbreon
|-unboost|p2b: Primarina|atk|1
|turn|1
|l|☆nefifi
|inactive|nefifi disconnected and has a minute to reconnect!
|player|p2|
|j|☆nefifi
|inactive|nefifi reconnected and has 40 seconds left.
|player|p2|nefifi|burglar|
|l|☆tintinnabulation
|inactive|tintinnabulation disconnected and has a minute to reconnect!
|player|p1|
|j|☆tintinnabulation
|inactive|tintinnabulation reconnected and has 35 seconds left.
|player|p1|tintinnabulation|cogita|
|inactive|tintinnabulation has 30 seconds left.
|inactive|nefifi has 30 seconds left.
|
|t:|1785270558
|move|p1b: Staraptor|Final Gambit|p2b: Primarina
|-damage|p2b: Primarina|0 fnt
|faint|p1b: Staraptor
|faint|p2b: Primarina
|move|p2a: Umbreon|Crunch|p1a: Farigiraf
|-supereffective|p1a: Farigiraf|1
|-damage|p1a: Farigiraf|68/100
|move|p1a: Farigiraf|Trick Room|p1a: Farigiraf
|-fieldstart|move: Trick Room|[of] p1a: Farigiraf
|
|upkeep
|
|t:|1785270569
|switch|p2b: Garchomp|Garchomp, L50, F|100/100
|switch|p1b: Blastoise|Blastoise, L50, F|100/100
|turn|2
|
|t:|1785270579
|detailschange|p1b: Blastoise|Blastoise-Mega, L50, F
|-mega|p1b: Blastoise|Blastoise|Blastoisinite
|move|p1a: Farigiraf|Helping Hand|p1b: Blastoise
|-singleturn|p1b: Blastoise|Helping Hand|[of] p1a: Farigiraf
|move|p2b: Garchomp|Protect|p2b: Garchomp
|-singleturn|p2b: Garchomp|Protect
|move|p2a: Umbreon|Toxic|p1b: Blastoise
|-status|p1b: Blastoise|tox
|move|p1b: Blastoise|Water Spout|p2a: Umbreon|[spread] p2a
|-activate|p2b: Garchomp|move: Protect
|-crit|p2a: Umbreon
|-damage|p2a: Umbreon|0 fnt
|faint|p2a: Umbreon
|
|-damage|p1b: Blastoise|94/100 tox|[from] psn
|upkeep
|
|t:|1785270597
|switch|p2a: Volcarona|Volcarona, L50, M|100/100
|turn|3
|
|t:|1785270606
|detailschange|p2b: Garchomp|Garchomp-Mega, L50, F
|-mega|p2b: Garchomp|Garchomp|Garchompite
|move|p1a: Farigiraf|Helping Hand|p1b: Blastoise
|-singleturn|p1b: Blastoise|Helping Hand|[of] p1a: Farigiraf
|move|p2a: Volcarona|Protect|p2a: Volcarona
|-singleturn|p2a: Volcarona|Protect
|move|p1b: Blastoise|Water Spout|p2a: Volcarona|[spread] p2b
|-activate|p2a: Volcarona|move: Protect
|-damage|p2b: Garchomp|4/100
|move|p2b: Garchomp|Dragon Claw|p1b: Blastoise
|-damage|p1b: Blastoise|52/100 tox
|
|-damage|p1b: Blastoise|40/100 tox|[from] psn
|upkeep
|turn|4
|
|t:|1785270629
|move|p1a: Farigiraf|Psychic|p2a: Volcarona
|-damage|p2a: Volcarona|61/100
|move|p1b: Blastoise|Water Spout|p2b: Garchomp|[spread] p2a,p2b
|-supereffective|p2a: Volcarona|1
|-damage|p2a: Volcarona|4/100
|-damage|p2b: Garchomp|0 fnt
|faint|p2b: Garchomp
|move|p2a: Volcarona|Giga Drain|p1b: Blastoise
|-supereffective|p1b: Blastoise|1
|-damage|p1b: Blastoise|0 fnt
|-heal|p2a: Volcarona|28/100|[from] drain|[of] p1b: Blastoise
|faint|p1b: Blastoise
|
|upkeep
|
|t:|1785270633
|switch|p1b: Vanilluxe|Vanilluxe, L50, F|100/100
|-weather|Snowscape|[from] ability: Snow Warning|[of] p1b: Vanilluxe
|turn|5
|
|t:|1785270646
|move|p2a: Volcarona|Protect|p2a: Volcarona
|-singleturn|p2a: Volcarona|Protect
|move|p1a: Farigiraf|Psychic|p2a: Volcarona
|-activate|p2a: Volcarona|move: Protect
|move|p1b: Vanilluxe|Blizzard|p2a: Volcarona
|-activate|p2a: Volcarona|move: Protect
|
|-weather|Snowscape|[upkeep]
|-fieldend|move: Trick Room
|upkeep
|turn|6
|j| soulmoonvgc
|
|t:|1785270657
|move|p2a: Volcarona|Fiery Dance|p1b: Vanilluxe
|-supereffective|p1b: Vanilluxe|1
|-damage|p1b: Vanilluxe|0 fnt
|faint|p1b: Vanilluxe
|move|p1a: Farigiraf|Trick Room|p1a: Farigiraf
|-fieldstart|move: Trick Room|[of] p1a: Farigiraf
|
|-weather|Snowscape|[upkeep]
|upkeep
|turn|7
|
|t:|1785270667
|move|p1a: Farigiraf|Psychic|p2a: Volcarona
|-damage|p2a: Volcarona|0 fnt
|faint|p2a: Volcarona
|
|win|tintinnabulation
