|j|☆tryson69
|j|☆PeDr0zz
|html|tryson69PeDr0zz    
|uhtml|bestof|Game 1 of a best-of-3
|t:|1757838083
|gametype|doubles
|player|p1|tryson69|crasherwake|1163
|player|p2|PeDr0zz|volkner|1087
|gen|9
|tier|[Gen 9] VGC 2025 Reg H (Bo3)
|rated|
|rule|Species Clause: Limit one of each Pokémon
|rule|Item Clause: Limit 1 of each item
|clearpoke
|poke|p1|Orthworm, L50, F|
|poke|p1|Garchomp, L50, F|
|poke|p1|Tyranitar, L50, M|
|poke|p1|Amoonguss, L50, F|
|poke|p1|Palafin, L50, F|
|poke|p1|Incineroar, L50, F|
|poke|p2|Incineroar, L50, M|
|poke|p2|Sneasler, L50, M|
|poke|p2|Ninetales-Alola, L50, M|
|poke|p2|Gholdengo, L50|
|poke|p2|Ursaluna-Bloodmoon, L50, M|
|poke|p2|Rillaboom, L50, F|
|teampreview|4
|showteam|p1|Orthworm!! :)||SitrusBerry|EarthEater|ShedTail,BodyPress,IronDefense,HeavySlam|||F|||50|,,,,,Fire]Garchomp||LifeOrb|SandVeil|RockSlide,Earthquake,DragonClaw,Protect|||F|||50|,,,,,Steel]Tyranitar||AssaultVest|SandStream|KnockOff,RockSlide,TeraBlast,LowKick|||M|||50|,,,,,Flying]Amoonguss||Leftovers|Regenerator|Spore,ClearSmog,RagePowder,PollenPuff|||F|||50|,,,,,Dark]Palafin||MysticWater|ZerotoHero|JetPunch,WaveCrash,Protect,CloseCombat|||F|||50|,,,,,Water]Incineroar||SafetyGoggles|Intimidate|FlareBlitz,FakeOut,KnockOff,PartingShot|||F|||50|,,,,,Ghost
|showteam|p2|Incineroar||SitrusBerry|Blaze|FakeOut,FlareBlitz,KnockOff,PartingShot|||M|||50|,,,,,Grass]Sneasler||GrassySeed|Pressure|Protect,CloseCombat,Acrobatics,SwordsDance|||M|||50|,,,,,Flying]Ninetales-Alola||FocusSash|SnowWarning|Blizzard,TeraBlast,AuroraVeil,Protect|||M|||50|,,,,,Ground]Gholdengo||ChoiceSpecs|GoodasGold|MakeItRain,ShadowBall,FocusBlast,Trick||||||50|,,,,,Water]Ursaluna-Bloodmoon||Leftovers|MindsEye|Protect,Yawn,BloodMoon,EarthPower|||M|||50|,,,,,Water]Rillaboom||AssaultVest|Overgrow|FakeOut,GrassyGlide,WoodHammer,HighHorsepower|||F|||50|,,,,,Fire
|inactive|Battle timer is ON: inactive players will automatically lose when time's up. (requested by PeDr0zz)
|inactive|tryson69 has 60 seconds left.
|
|t:|1757838121
|teamsize|p1|4
|teamsize|p2|4
|start
|switch|p1a: Orthworm|Orthworm, L50, F|100/100
|switch|p1b: Incineroar|Incineroar, L50, F|100/100
|switch|p2a: Sneasler|Sneasler, L50, M|100/100
|switch|p2b: Incineroar|Incineroar, L50, M, shiny|100/100
|-ability|p2a: Sneasler|Pressure
|-ability|p1b: Incineroar|Intimidate|boost
|-unboost|p2a: Sneasler|atk|1
|-unboost|p2b: Incineroar|atk|1
|turn|1
|
|t:|1757838142
|switch|p2a: Ursaluna|Ursaluna-Bloodmoon, L50, M|100/100
|move|p1b: Incineroar|Fake Out|p2a: Ursaluna
|-damage|p2a: Ursaluna|95/100
|move|p1a: Orthworm|Shed Tail|p1a: Orthworm
|-start|p1a: Orthworm|Substitute|[from] move: Shed Tail
|-damage|p1a: Orthworm|50/100
|-enditem|p1a: Orthworm|Sitrus Berry|[eat]
|-heal|p1a: Orthworm|75/100|[from] item: Sitrus Berry
|
|t:|1757838152
|switch|p1a: Garchomp|Garchomp, L50, F|100/100|[from] Shed Tail
|move|p2b: Incineroar|Flare Blitz|p1a: Garchomp
|-resisted|p1a: Garchomp
|-activate|p1a: Garchomp|move: Substitute|[damage]
|-damage|p2b: Incineroar|94/100|[from] Recoil|[of] p1a: Garchomp
|
|-heal|p2a: Ursaluna|100/100|[from] item: Leftovers
|upkeep
|turn|2
|
|t:|1757838168
|switch|p1b: Orthworm|Orthworm, L50, F|75/100
|move|p1a: Garchomp|Earthquake|p2b: Incineroar|[spread] p2a,p2b
|-heal|p1b: Orthworm|100/100|[from] ability: Earth Eater|[of] p1a: Garchomp
|-supereffective|p2b: Incineroar
|-damage|p2a: Ursaluna|75/100
|-damage|p2b: Incineroar|0 fnt
|faint|p2b: Incineroar
|-damage|p1a: Garchomp|91/100|[from] item: Life Orb
|move|p2a: Ursaluna|Earth Power|p1b: Orthworm
|-immune|p1b: Orthworm|[from] ability: Earth Eater
|
|-heal|p2a: Ursaluna|81/100|[from] item: Leftovers
|upkeep
|
|t:|1757838184
|switch|p2b: Sneasler|Sneasler, L50, M|100/100
|-ability|p2b: Sneasler|Pressure
|turn|3
|
|t:|1757838199
|-terastallize|p2b: Sneasler|Flying
|move|p2a: Ursaluna|Protect|p2a: Ursaluna
|-singleturn|p2a: Ursaluna|Protect
|move|p2b: Sneasler|Close Combat|p1b: Orthworm
|-supereffective|p1b: Orthworm
|-damage|p1b: Orthworm|12/100
|-unboost|p2b: Sneasler|def|1
|-unboost|p2b: Sneasler|spd|1
|move|p1a: Garchomp|Earthquake|p2a: Ursaluna|[spread] 
|-activate|p2a: Ursaluna|move: Protect
|-heal|p1b: Orthworm|37/100|[from] ability: Earth Eater|[of] p1a: Garchomp
|-immune|p2b: Sneasler
|move|p1b: Orthworm|Body Press|p2b: Sneasler
|-resisted|p2b: Sneasler
|-damage|p2b: Sneasler|64/100
|
|-heal|p2a: Ursaluna|87/100|[from] item: Leftovers
|upkeep
|turn|4
|
|t:|1757838220
|switch|p1b: Tyranitar|Tyranitar, L50, M|100/100
|-weather|Sandstorm|[from] ability: Sand Stream|[of] p1b: Tyranitar
|move|p2b: Sneasler|Close Combat|p1b: Tyranitar
|-supereffective|p1b: Tyranitar
|-damage|p1b: Tyranitar|0 fnt
|-unboost|p2b: Sneasler|def|1
|-unboost|p2b: Sneasler|spd|1
|faint|p1b: Tyranitar
|move|p1a: Garchomp|Rock Slide|p2a: Ursaluna|[spread] p2a,p2b
|-resisted|p2a: Ursaluna
|-supereffective|p2b: Sneasler
|-damage|p2a: Ursaluna|81/100
|-damage|p2b: Sneasler|0 fnt
|faint|p2b: Sneasler
|-damage|p1a: Garchomp|81/100|[from] item: Life Orb
|move|p2a: Ursaluna|Earth Power|p1a: Garchomp
|-end|p1a: Garchomp|Substitute
|
|-weather|Sandstorm|[upkeep]
|-heal|p2a: Ursaluna|87/100|[from] item: Leftovers
|upkeep
|
|t:|1757838238
|switch|p2b: Ninetales|Ninetales-Alola, L50, M, shiny|100/100
|switch|p1b: Incineroar|Incineroar, L50, F|100/100
|-weather|Snowscape|[from] ability: Snow Warning|[of] p2b: Ninetales
|-ability|p1b: Incineroar|Intimidate|boost
|-unboost|p2a: Ursaluna|atk|1
|-unboost|p2b: Ninetales|atk|1
|turn|5
|
|t:|1757838252
|switch|p1b: Orthworm|Orthworm, L50, F|37/100
|-terastallize|p1a: Garchomp|Steel
|move|p2b: Ninetales|Blizzard|p1a: Garchomp|[spread] p1a,p1b
|-resisted|p1a: Garchomp
|-resisted|p1b: Orthworm
|-damage|p1a: Garchomp|64/100
|-damage|p1b: Orthworm|18/100
|move|p1a: Garchomp|Earthquake|p2a: Ursaluna|[spread] p2a,p2b
|-heal|p1b: Orthworm|43/100|[from] ability: Earth Eater|[of] p1a: Garchomp
|-damage|p2a: Ursaluna|62/100
|-damage|p2b: Ninetales|47/100
|-damage|p1a: Garchomp|54/100|[from] item: Life Orb
|move|p2a: Ursaluna|Earth Power|p1b: Orthworm
|-heal|p1b: Orthworm|68/100|[from] ability: Earth Eater|[of] p2a: Ursaluna
|
|-weather|Snowscape|[upkeep]
|-heal|p2a: Ursaluna|68/100|[from] item: Leftovers
|upkeep
|turn|6
|
|t:|1757838274
|move|p2b: Ninetales|Protect|p2b: Ninetales
|-singleturn|p2b: Ninetales|Protect
|move|p1a: Garchomp|Earthquake|p2a: Ursaluna|[spread] p2a
|-activate|p2b: Ninetales|move: Protect
|-heal|p1b: Orthworm|93/100|[from] ability: Earth Eater|[of] p1a: Garchomp
|-damage|p2a: Ursaluna|43/100
|-damage|p1a: Garchomp|44/100|[from] item: Life Orb
|move|p1b: Orthworm|Body Press|p2a: Ursaluna
|-supereffective|p2a: Ursaluna
|-damage|p2a: Ursaluna|11/100
|move|p2a: Ursaluna|Earth Power|p1a: Garchomp
|-supereffective|p1a: Garchomp
|-damage|p1a: Garchomp|0 fnt
|faint|p1a: Garchomp
|
|-weather|Snowscape|[upkeep]
|-heal|p2a: Ursaluna|17/100|[from] item: Leftovers
|upkeep
|
|t:|1757838284
|switch|p1a: Incineroar|Incineroar, L50, F|100/100
|-ability|p1a: Incineroar|Intimidate|boost
|-unboost|p2a: Ursaluna|atk|1
|-unboost|p2b: Ninetales|atk|1
|turn|7
|
|t:|1757838295
|move|p1a: Incineroar|Fake Out|p2a: Ursaluna
|-damage|p2a: Ursaluna|11/100
|move|p2b: Ninetales|Tera Blast|p1b: Orthworm
|-resisted|p1b: Orthworm
|-damage|p1b: Orthworm|81/100
|move|p1b: Orthworm|Heavy Slam|p2b: Ninetales
|-supereffective|p2b: Ninetales
|-damage|p2b: Ninetales|0 fnt
|faint|p2b: Ninetales
|cant|p2a: Ursaluna|flinch
|
|-weather|Snowscape|[upkeep]
|-heal|p2a: Ursaluna|17/100|[from] item: Leftovers
|upkeep
|turn|8
|
|t:|1757838305
|move|p1b: Orthworm|Body Press|p2a: Ursaluna
|-supereffective|p2a: Ursaluna
|-damage|p2a: Ursaluna|0 fnt
|faint|p2a: Ursaluna
|
|win|tryson69
||tryson69 is ready for game 2.
|l|☆PeDr0zz
|player|p2|
||PeDr0zz is ready for game 2.
|uhtml|next|Next: Game 2 of 3
|l|☆tryson69
|player|p1|
