|j|☆N0rin
|j|☆jANMxRin
|html|N0rinjANMxRin    
|uhtml|bestof|Game 1 of a best-of-3
|t:|1784135040
|gametype|doubles
|player|p1|N0rin|psychic-gen4|
|player|p2|jANMxRin|102|
|gen|9
|tier|[Gen 9 Champions] VGC 2026 Reg M-B (Bo3)
|rule|Species Clause: Limit one of each Pokémon
|rule|Item Clause: Limit 1 of each item
|clearpoke
|poke|p1|Swampert, L50, M|
|poke|p1|Metagross, L50|
|poke|p1|Pelipper, L50, M|
|poke|p1|Grimmsnarl, L50, M|
|poke|p1|Archaludon, L50, F|
|poke|p1|Sinistcha, L50|
|poke|p2|Froslass, L50, F|
|poke|p2|Dragonite, L50, M|
|poke|p2|Toxapex, L50, F|
|poke|p2|Sneasler, L50, F|
|poke|p2|Kingambit, L50, F|
|poke|p2|Blaziken, L50, F|
|teampreview|4
|showteam|p1|Swampert||Swampertite|Damp|WaveCrash,Earthquake,IcePunch,Protect|Adamant||M|||50|]Metagross||Metagrossite|ClearBody|IronHead,PsychicFangs,BodyPress,Protect|Jolly|||||50|]Pelipper||FocusSash|Drizzle|Hurricane,WeatherBall,Tailwind,WideGuard|Timid||M|||50|]Grimmsnarl||LightClay|Prankster|FoulPlay,PartingShot,Reflect,LightScreen|Calm||M|||50|]Archaludon||Leftovers|Stamina|ElectroShot,FlashCannon,DragonPulse,Protect|Modest||F|||50|]Sinistcha||SitrusBerry|Hospitality|MatchaGotcha,RagePowder,TrickRoom,Protect|Bold|||||50|
|showteam|p2|Froslass||Froslassite|CursedBody|Blizzard,ShadowBall,AuroraVeil,Protect|Timid||F|||50|]Dragonite||LifeOrb|InnerFocus|DragonClaw,ExtremeSpeed,LowKick,Protect|Adamant||M|||50|]Toxapex||Leftovers|Regenerator|Infestation,Toxic,WideGuard,BanefulBunker|Bold||F|||50|]Sneasler||FocusSash|PoisonTouch|CloseCombat,PoisonJab,FakeOut,Protect|Jolly||F|||50|]Kingambit||BlackGlasses|Defiant|KowtowCleave,IronHead,SuckerPunch,Protect|Adamant||F|||50|]Blaziken||Blazikenite|SpeedBoost|CloseCombat,FlareBlitz,RockSlide,Protect|Adamant||F|||50|
|c|☆N0rin|glhf
|c|☆jANMxRin|glhf
|
|t:|1784135119
|teamsize|p1|4
|teamsize|p2|4
|start
|switch|p1a: Swampert|Swampert, L50, M|100/100
|switch|p1b: Grimmsnarl|Grimmsnarl, L50, M|100/100
|switch|p2a: Dragonite|Dragonite, L50, M|100/100
|switch|p2b: Froslass|Froslass, L50, F|100/100
|turn|1
|
|t:|1784135167
|switch|p2a: Toxapex|Toxapex, L50, F|100/100
|detailschange|p1a: Swampert|Swampert-Mega, L50, M
|-mega|p1a: Swampert|Swampert|Swampertite
|move|p2b: Froslass|Protect|p2b: Froslass
|-singleturn|p2b: Froslass|Protect
|move|p1b: Grimmsnarl|Parting Shot|p2b: Froslass
|-activate|p2b: Froslass|move: Protect
|move|p1a: Swampert|Ice Punch|p2a: Toxapex
|-resisted|p2a: Toxapex|1
|-damage|p2a: Toxapex|90/100
|
|-heal|p2a: Toxapex|96/100|[from] item: Leftovers
|upkeep
|turn|2
|inactive|Battle timer is ON: inactive players will automatically lose when time's up. (requested by jANMxRin)
|inactive|N0rin has 60 seconds left.
|inactive|jANMxRin has 60 seconds left.
|
|t:|1784135214
|switch|p2b: Dragonite|Dragonite, L50, M|100/100
|move|p1b: Grimmsnarl|Light Screen|p1b: Grimmsnarl
|-sidestart|p1: N0rin|move: Light Screen
|move|p1a: Swampert|Wave Crash|p2b: Dragonite
|-resisted|p2b: Dragonite|1
|-damage|p2b: Dragonite|63/100
|-damage|p1a: Swampert|87/100|[from] Recoil
|move|p2a: Toxapex|Toxic|p1a: Swampert
|-status|p1a: Swampert|tox
|
|-heal|p2a: Toxapex|100/100|[from] item: Leftovers
|-damage|p1a: Swampert|81/100 tox|[from] psn
|upkeep
|turn|3
|inactive|N0rin has 30 seconds left.
|
|t:|1784135240
|switch|p1a: Archaludon|Archaludon, L50, F|100/100
|move|p2b: Dragonite|Protect|p2b: Dragonite
|-singleturn|p2b: Dragonite|Protect
|move|p1b: Grimmsnarl|Reflect|p1b: Grimmsnarl
|-sidestart|p1: N0rin|Reflect
|move|p2a: Toxapex|Infestation|p1b: Grimmsnarl
|-damage|p1b: Grimmsnarl|98/100
|-activate|p1b: Grimmsnarl|move: Infestation|[of] p2a: Toxapex
|
|-damage|p1b: Grimmsnarl|85/100|[from] move: Infestation|[partiallytrapped]
|upkeep
|turn|4
|
|t:|1784135262
|switch|p2a: Froslass|Froslass, L50, F|100/100
|move|p1b: Grimmsnarl|Parting Shot|p2b: Dragonite
|-unboost|p2b: Dragonite|atk|1
|-unboost|p2b: Dragonite|spa|1
|
|t:|1784135268
|switch|p1b: Pelipper|Pelipper, L50, M|100/100|[from] Parting Shot
|-weather|RainDance|[from] ability: Drizzle|[of] p1b: Pelipper
|move|p1a: Archaludon|Electro Shot||[still]
|-prepare|p1a: Archaludon|Electro Shot
|-boost|p1a: Archaludon|spa|1
|-anim|p1a: Archaludon|Electro Shot|p2a: Froslass
|-damage|p2a: Froslass|18/100
|move|p2b: Dragonite|Low Kick|p1a: Archaludon
|-supereffective|p1a: Archaludon|1
|-damage|p1a: Archaludon|74/100
|-ability|p1a: Archaludon|Stamina|boost
|-boost|p1a: Archaludon|def|1
|-damage|p2b: Dragonite|53/100|[from] item: Life Orb
|
|-weather|RainDance|[upkeep]
|-heal|p1a: Archaludon|80/100|[from] item: Leftovers
|upkeep
|turn|5
|inactive|N0rin has 30 seconds left.
|
|t:|1784135297
|switch|p1b: Grimmsnarl|Grimmsnarl, L50, M|85/100
|detailschange|p2a: Froslass|Froslass-Mega, L50, F
|-mega|p2a: Froslass|Froslass|Froslassite
|-weather|Snowscape|[from] ability: Snow Warning|[of] p2a: Froslass
|move|p2a: Froslass|Aurora Veil|p2a: Froslass
|-sidestart|p2: jANMxRin|move: Aurora Veil
|move|p1a: Archaludon|Flash Cannon|p2a: Froslass
|-supereffective|p2a: Froslass|1
|-damage|p2a: Froslass|0 fnt
|faint|p2a: Froslass
|move|p2b: Dragonite|Dragon Claw|p1b: Grimmsnarl
|-immune|p1b: Grimmsnarl
|
|-weather|Snowscape|[upkeep]
|-heal|p1a: Archaludon|86/100|[from] item: Leftovers
|upkeep
|
|t:|1784135306
|switch|p2a: Sneasler|Sneasler, L50, F|100/100
|turn|6
|
|t:|1784135331
|switch|p2a: Toxapex|Toxapex, L50, F|100/100
|switch|p1b: Pelipper|Pelipper, L50, M|100/100
|-weather|RainDance|[from] ability: Drizzle|[of] p1b: Pelipper
|move|p2b: Dragonite|Extreme Speed|p1b: Pelipper
|-damage|p1b: Pelipper|73/100
|-damage|p2b: Dragonite|44/100|[from] item: Life Orb
|move|p1a: Archaludon|Electro Shot||[still]
|-prepare|p1a: Archaludon|Electro Shot
|-boost|p1a: Archaludon|spa|1
|-anim|p1a: Archaludon|Electro Shot|p2b: Dragonite
|-damage|p2b: Dragonite|0 fnt
|faint|p2b: Dragonite
|
|-weather|RainDance|[upkeep]
|-heal|p1a: Archaludon|92/100|[from] item: Leftovers
|upkeep
|
|t:|1784135342
|switch|p2b: Sneasler|Sneasler, L50, F|100/100
|turn|7
|
|t:|1784135358
|move|p2b: Sneasler|Fake Out|p1b: Pelipper
|-damage|p1b: Pelipper|60/100
|-status|p1b: Pelipper|psn|[from] ability: Poison Touch|[of] p2b: Sneasler
|cant|p1b: Pelipper|flinch
|move|p1a: Archaludon|Electro Shot||[still]
|-prepare|p1a: Archaludon|Electro Shot
|-boost|p1a: Archaludon|spa|1
|-anim|p1a: Archaludon|Electro Shot|p2a: Toxapex
|-supereffective|p2a: Toxapex|1
|-damage|p2a: Toxapex|0 fnt
|faint|p2a: Toxapex
|
|-weather|RainDance|[upkeep]
|-heal|p1a: Archaludon|98/100|[from] item: Leftovers
|-damage|p1b: Pelipper|48/100 psn|[from] psn
|upkeep
|turn|8
|-message|jANMxRin forfeited.
|
|win|N0rin
