|j|☆mumu2
|j|☆UtsuruK
|html|mumu2UtsuruK    
|uhtml|bestof|Game 3 of a best-of-3
|t:|1784684084
|gametype|doubles
|player|p1|mumu2|cyclistf|
|player|p2|UtsuruK|depotagent|
|gen|9
|tier|[Gen 9 Champions] VGC 2026 Reg M-B (Bo3)
|rule|Species Clause: Limit one of each Pokémon
|rule|Item Clause: Limit 1 of each item
|clearpoke
|poke|p1|Charizard, L50, M|
|poke|p1|Venusaur, L50, M|
|poke|p1|Garchomp, L50, M|
|poke|p1|Annihilape, L50, F|
|poke|p1|Incineroar, L50, F|
|poke|p1|Toxapex, L50, F|
|poke|p2|Swampert, L50, F|
|poke|p2|Metagross, L50|
|poke|p2|Sableye, L50, F|
|poke|p2|Pelipper, L50, M|
|poke|p2|Sinistcha, L50|
|poke|p2|Archaludon, L50, M|
|teampreview|4
|showteam|p1|Charizard||CharizarditeY|Blaze|HeatWave,WeatherBall,HelpingHand,Protect|Modest||M|||50|]Venusaur||LifeOrb|Chlorophyll|SludgeBomb,SolarBeam,EarthPower,Protect|Modest||M|||50|]Garchomp||ChoiceScarf|RoughSkin|DragonClaw,Earthquake,RockSlide,StompingTantrum|Adamant||M|||50|]Annihilape||FocusSash|Defiant|PhantomForce,CloseCombat,Protect,RockTomb|Jolly||F|||50|]Incineroar||SitrusBerry|Intimidate|FlareBlitz,ThroatChop,PartingShot,FakeOut|Impish||F|||50|]Toxapex||Leftovers|Regenerator|Toxic,Infestation,WideGuard,BanefulBunker|Bold||F|||50|
|showteam|p2|Swampert||Swampertite|Damp|Earthquake,Protect,IcePunch,WaveCrash|Adamant||F|||50|]Metagross||Metagrossite|ClearBody|BulletPunch,PsychicFangs,IronHead,Protect|Jolly|||||50|]Sableye||LightClay|Prankster|RainDance,LightScreen,Reflect,FoulPlay|Relaxed||F|||50|]Pelipper||SitrusBerry|Drizzle|Hurricane,WeatherBall,Tailwind,Protect|Modest||M|||50|]Sinistcha||ColburBerry|Hospitality|MatchaGotcha,LifeDew,RagePowder,Protect|Bold|||||50|]Archaludon||Leftovers|Stamina|AuraSphere,ElectroShot,DracoMeteor,Protect|Modest||M|||50|
|
|t:|1784684127
|teamsize|p1|4
|teamsize|p2|4
|start
|switch|p1a: Charizard|Charizard, L50, M|100/100
|switch|p1b: Venusaur|Venusaur, L50, M|100/100
|switch|p2a: Sableye|Sableye, L50, F|100/100
|switch|p2b: Swampert|Swampert, L50, F|100/100
|turn|1
|
|t:|1784684167
|detailschange|p1a: Charizard|Charizard-Mega-Y, L50, M
|-mega|p1a: Charizard|Charizard|Charizardite Y
|-weather|SunnyDay|[from] ability: Drought|[of] p1a: Charizard
|move|p1a: Charizard|Helping Hand|p1b: Venusaur
|-singleturn|p1b: Venusaur|Helping Hand|[of] p1a: Charizard
|move|p2a: Sableye|Rain Dance|p2a: Sableye
|-weather|RainDance
|move|p1b: Venusaur|Sludge Bomb|p2a: Sableye
|-resisted|p2a: Sableye|1
|-damage|p2a: Sableye|45/100
|-damage|p1b: Venusaur|90/100|[from] item: Life Orb
|move|p2b: Swampert|Ice Punch|p1b: Venusaur
|-supereffective|p1b: Venusaur|1
|-damage|p1b: Venusaur|28/100
|-status|p1b: Venusaur|frz
|
|-weather|RainDance|[upkeep]
|upkeep
|turn|2
|
|t:|1784684198
|switch|p1a: Incineroar|Incineroar, L50, F|100/100
|-ability|p1a: Incineroar|Intimidate|boost
|-unboost|p2a: Sableye|atk|1
|-unboost|p2b: Swampert|atk|1
|cant|p1b: Venusaur|frz
|move|p2a: Sableye|Light Screen|p2a: Sableye
|-sidestart|p2: UtsuruK|move: Light Screen
|move|p2b: Swampert|Wave Crash|p1a: Incineroar
|-supereffective|p1a: Incineroar|1
|-damage|p1a: Incineroar|3/100
|-enditem|p1a: Incineroar|Sitrus Berry|[eat]
|-heal|p1a: Incineroar|28/100|[from] item: Sitrus Berry
|-damage|p2b: Swampert|69/100|[from] Recoil
|
|-weather|RainDance|[upkeep]
|upkeep
|turn|3
|
|t:|1784684217
|switch|p1b: Charizard|Charizard-Mega-Y, L50, M|100/100
|-weather|SunnyDay|[from] ability: Drought|[of] p1b: Charizard
|move|p1a: Incineroar|Fake Out|p2b: Swampert
|-damage|p2b: Swampert|58/100
|move|p2a: Sableye|Reflect|p2a: Sableye
|-sidestart|p2: UtsuruK|Reflect
|cant|p2b: Swampert|flinch
|
|-weather|SunnyDay|[upkeep]
|upkeep
|turn|4
|
|t:|1784684231
|switch|p1a: Toxapex|Toxapex, L50, F|100/100
|switch|p2a: Pelipper|Pelipper, L50, M|100/100
|-weather|RainDance|[from] ability: Drizzle|[of] p2a: Pelipper
|move|p1b: Charizard|Protect|p1b: Charizard
|-singleturn|p1b: Charizard|Protect
|move|p2b: Swampert|Wave Crash|p1b: Charizard
|-activate|p1b: Charizard|move: Protect
|
|-weather|RainDance|[upkeep]
|upkeep
|turn|5
|
|t:|1784684252
|switch|p1b: Venusaur|Venusaur, L50, M|28/100 frz
|move|p2a: Pelipper|Weather Ball|p1b: Venusaur
|-resisted|p1b: Venusaur|1
|-crit|p1b: Venusaur
|-damage|p1b: Venusaur|0 fnt
|faint|p1b: Venusaur
|move|p2b: Swampert|Earthquake|p1a: Toxapex|[spread] p1a
|-immune|p2a: Pelipper
|-supereffective|p1a: Toxapex|1
|-damage|p1a: Toxapex|64/100
|move|p1a: Toxapex|Toxic|p2a: Pelipper
|-status|p2a: Pelipper|tox
|
|-weather|RainDance|[upkeep]
|-heal|p1a: Toxapex|70/100|[from] item: Leftovers
|-damage|p2a: Pelipper|94/100 tox|[from] psn
|upkeep
|
|t:|1784684259
|switch|p1b: Charizard|Charizard-Mega-Y, L50, M|100/100
|-weather|SunnyDay|[from] ability: Drought|[of] p1b: Charizard
|turn|6
|
|t:|1784684276
|switch|p2b: Sableye|Sableye, L50, F|45/100
|move|p1b: Charizard|Heat Wave|p2a: Pelipper|[spread] p2a,p2b
|-resisted|p2a: Pelipper|1
|-damage|p2a: Pelipper|60/100 tox
|-damage|p2b: Sableye|0 fnt
|faint|p2b: Sableye
|move|p2a: Pelipper|Tailwind|p2a: Pelipper
|-sidestart|p2: UtsuruK|move: Tailwind
|move|p1a: Toxapex|Infestation|p2a: Pelipper
|-resisted|p2a: Pelipper|1
|-damage|p2a: Pelipper|59/100 tox
|-activate|p2a: Pelipper|move: Infestation|[of] p1a: Toxapex
|
|-weather|SunnyDay|[upkeep]
|-heal|p1a: Toxapex|75/100|[from] item: Leftovers
|-damage|p2a: Pelipper|47/100 tox|[from] psn
|-damage|p2a: Pelipper|35/100 tox|[from] move: Infestation|[partiallytrapped]
|upkeep
|-enditem|p2a: Pelipper|Sitrus Berry|[eat]
|-heal|p2a: Pelipper|59/100 tox|[from] item: Sitrus Berry
|
|t:|1784684297
|switch|p2b: Swampert|Swampert, L50, F|58/100
|turn|7
|
|t:|1784684334
|move|p1a: Toxapex|Wide Guard|p1a: Toxapex
|-singleturn|p1a: Toxapex|Wide Guard
|move|p2a: Pelipper|Hurricane|p1a: Toxapex
|-damage|p1a: Toxapex|38/100
|move|p2b: Swampert|Wave Crash|p1b: Charizard
|-supereffective|p1b: Charizard|1
|-damage|p1b: Charizard|40/100
|-damage|p2b: Swampert|41/100|[from] Recoil
|move|p1b: Charizard|Weather Ball|p2b: Swampert
|-resisted|p2b: Swampert|1
|-damage|p2b: Swampert|12/100
|
|-weather|SunnyDay|[upkeep]
|-heal|p1a: Toxapex|44/100|[from] item: Leftovers
|-damage|p2a: Pelipper|42/100 tox|[from] psn
|-damage|p2a: Pelipper|29/100 tox|[from] move: Infestation|[partiallytrapped]
|upkeep
|turn|8
|
|t:|1784684362
|move|p1b: Charizard|Protect|p1b: Charizard
|-singleturn|p1b: Charizard|Protect
|move|p1a: Toxapex|Baneful Bunker|p1a: Toxapex
|-singleturn|p1a: Toxapex|move: Protect
|move|p2a: Pelipper|Hurricane|p1b: Charizard
|-activate|p1b: Charizard|move: Protect
|move|p2b: Swampert|Wave Crash|p1a: Toxapex
|-activate|p1a: Toxapex|move: Protect
|-status|p2b: Swampert|psn
|
|-weather|SunnyDay|[upkeep]
|-heal|p1a: Toxapex|50/100g|[from] item: Leftovers
|-damage|p2a: Pelipper|6/100 tox|[from] psn
|-damage|p2b: Swampert|1/100 psn|[from] psn
|-damage|p2a: Pelipper|0 fnt|[from] move: Infestation|[partiallytrapped]
|faint|p2a: Pelipper
|upkeep
|
|t:|1784684377
|switch|p2a: Metagross|Metagross, L50|100/100
|turn|9
|
|t:|1784684397
|switch|p1b: Incineroar|Incineroar, L50, F|28/100
|-ability|p1b: Incineroar|Intimidate|boost
|-fail|p2a: Metagross|unboost|[from] ability: Clear Body|[of] p2a: Metagross
|-unboost|p2b: Swampert|atk|1
|move|p2a: Metagross|Psychic Fangs|p1a: Toxapex
|-supereffective|p1a: Toxapex|1
|-damage|p1a: Toxapex|0 fnt
|faint|p1a: Toxapex
|move|p2b: Swampert|Wave Crash|p1b: Incineroar
|-supereffective|p1b: Incineroar|1
|-damage|p1b: Incineroar|0 fnt
|faint|p1b: Incineroar
|-damage|p2b: Swampert|0 fnt|[from] Recoil
|faint|p2b: Swampert
|
|-weather|SunnyDay|[upkeep]
|-sideend|p2: UtsuruK|move: Light Screen
|-sideend|p2: UtsuruK|move: Tailwind
|upkeep
|
|t:|1784684402
|switch|p1b: Charizard|Charizard-Mega-Y, L50, M|40/100
|turn|10
|
|t:|1784684416
|detailschange|p2a: Metagross|Metagross-Mega, L50
|-mega|p2a: Metagross|Metagross|Metagrossite
|move|p2a: Metagross|Protect|p2a: Metagross
|-singleturn|p2a: Metagross|Protect
|move|p1b: Charizard|Weather Ball|p2a: Metagross
|-activate|p2a: Metagross|move: Protect
|
|-weather|none
|-sideend|p2: UtsuruK|Reflect
|upkeep
|turn|11
|
|t:|1784684456
|move|p2a: Metagross|Psychic Fangs|p1b: Charizard
|-damage|p1b: Charizard|0 fnt
|faint|p1b: Charizard
|
|win|UtsuruK
|c|☆mumu2|gg
|c|☆UtsuruK|gg
|l|☆UtsuruK
|player|p2|
