|j|☆Rthm
|j|☆Gayangos
|html|RthmGayangos    
|uhtml|bestof|Game 1 of a best-of-3
|t:|1785057550
|gametype|doubles
|player|p1|Rthm|cynthia-gen4|1132
|player|p2|Gayangos|266|1272
|gen|9
|tier|[Gen 9 Champions] VGC 2026 Reg M-B (Bo3)
|rated|
|rule|Species Clause: Limit one of each Pokémon
|rule|Item Clause: Limit 1 of each item
|clearpoke
|poke|p1|Rotom-Wash, L50|
|poke|p1|Aerodactyl, L50, F|
|poke|p1|Garchomp, L50, F|
|poke|p1|Farigiraf, L50, M|
|poke|p1|Kingambit, L50, F|
|poke|p1|Floette-Eternal, L50, F|
|poke|p2|Tyranitar, L50, M|
|poke|p2|Excadrill, L50, M|
|poke|p2|Milotic, L50, F|
|poke|p2|Sinistcha, L50|
|poke|p2|Staraptor, L50, M|
|poke|p2|Gholdengo, L50|
|teampreview|4
|showteam|p1|Rotom-Wash||ChoiceScarf|Levitate|Thunderbolt,VoltSwitch,Electroweb,HydroPump|Timid|||||50|]Aerodactyl||Aerodactylite|Unnerve|DualWingbeat,RockSlide,Tailwind,Protect|Jolly||F|||50|]Garchomp||LifeOrb|RoughSkin|DragonClaw,StompingTantrum,RockSlide,Protect|Jolly||F|||50|]Farigiraf||SitrusBerry|ArmorTail|TrickRoom,Psychic,HelpingHand,Roar|Sassy||M|||50|]Kingambit||ChopleBerry|Defiant|KowtowCleave,IronHead,SuckerPunch,Protect|Adamant||F|||50|]Floette-Eternal||Floettite|Symbiosis|Moonblast,DazzlingGleam,CalmMind,Protect|Timid||F|||50|
|showteam|p2|Tyranitar||Tyranitarite|SandStream|KnockOff,RockSlide,LowKick,Protect|Jolly||M|||50|]Excadrill||FocusSash|SandRush|HighHorsepower,IronHead,RockSlide,Protect|Adamant||M|||50|]Milotic||SitrusBerry|Competitive|Scald,IcyWind,Haze,Protect|Calm||F|||50|]Sinistcha||ColburBerry|Hospitality|MatchaGotcha,ShadowBall,Protect,RagePowder|Bold|||||50|]Staraptor||Staraptite|Intimidate|CloseCombat,BraveBird,Tailwind,Protect|Jolly||M|||50|]Gholdengo||LifeOrb|GoodasGold|MakeItRain,ShadowBall,NastyPlot,Protect|Modest|||||50|
|
|t:|1785057588
|teamsize|p1|4
|teamsize|p2|4
|start
|switch|p1a: Floette|Floette-Eternal, L50, F|100/100
|switch|p1b: Farigiraf|Farigiraf, L50, M|100/100
|switch|p2a: Sinistcha|Sinistcha, L50|100/100
|switch|p2b: Staraptor|Staraptor, L50, M|100/100
|-ability|p2b: Staraptor|Intimidate|boost
|-unboost|p1a: Floette|atk|1
|-unboost|p1b: Farigiraf|atk|1
|turn|1
|
|t:|1785057600
|detailschange|p1a: Floette|Floette-Mega, L50, F
|-mega|p1a: Floette|Floette|Floettite
|-ability|p1a: Floette|Fairy Aura
|move|p1b: Farigiraf|Helping Hand|p1a: Floette
|-singleturn|p1a: Floette|Helping Hand|[of] p1b: Farigiraf
|move|p1a: Floette|Dazzling Gleam|p2b: Staraptor|[spread] p2a,p2b
|-damage|p2a: Sinistcha|29/100
|-damage|p2b: Staraptor|0 fnt
|faint|p2b: Staraptor
|move|p2a: Sinistcha|Matcha Gotcha|p1a: Floette|[spread] p1a,p1b
|-damage|p1a: Floette|79/100
|-heal|p2a: Sinistcha|38/100|[from] drain|[of] p1a: Floette
|-damage|p1b: Farigiraf|82/100
|-heal|p2a: Sinistcha|49/100|[from] drain|[of] p1b: Farigiraf
|
|upkeep
|
|t:|1785057617
|switch|p2b: Excadrill|Excadrill, L50, M|100/100
|turn|2
|
|t:|1785057628
|move|p1a: Floette|Protect|p1a: Floette
|-singleturn|p1a: Floette|Protect
|move|p2b: Excadrill|High Horsepower|p1b: Farigiraf
|-damage|p1b: Farigiraf|28/100
|-enditem|p1b: Farigiraf|Sitrus Berry|[eat]
|-heal|p1b: Farigiraf|53/100|[from] item: Sitrus Berry
|move|p2a: Sinistcha|Matcha Gotcha|p1a: Floette|[spread] p1b
|-activate|p1a: Floette|move: Protect
|-damage|p1b: Farigiraf|34/100
|-heal|p2a: Sinistcha|61/100|[from] drain|[of] p1b: Farigiraf
|move|p1b: Farigiraf|Trick Room|p1b: Farigiraf
|-fieldstart|move: Trick Room|[of] p1b: Farigiraf
|
|upkeep
|turn|3
|
|t:|1785057653
|switch|p1a: Kingambit|Kingambit, L50, F|100/100
|move|p1b: Farigiraf|Psychic|p2a: Sinistcha
|-damage|p2a: Sinistcha|29/100
|move|p2a: Sinistcha|Matcha Gotcha|p1b: Farigiraf|[spread] p1a
|-miss|p2a: Sinistcha|p1b: Farigiraf
|-resisted|p1a: Kingambit|1
|-damage|p1a: Kingambit|87/100
|-heal|p2a: Sinistcha|36/100|[from] drain|[of] p1a: Kingambit
|-status|p1a: Kingambit|brn
|move|p2b: Excadrill|Iron Head|p1a: Kingambit
|-resisted|p1a: Kingambit|1
|-damage|p1a: Kingambit|67/100 brn
|
|-damage|p1a: Kingambit|60/100 brn|[from] brn
|upkeep
|turn|4
|inactive|Battle timer is ON: inactive players will automatically lose when time's up. (requested by Gayangos)
|inactive|Gayangos has 60 seconds left.
|
|t:|1785057685
|move|p2a: Sinistcha|Protect|p2a: Sinistcha
|-singleturn|p2a: Sinistcha|Protect
|move|p1b: Farigiraf|Psychic|p2a: Sinistcha
|-activate|p2a: Sinistcha|move: Protect
|move|p1a: Kingambit|Kowtow Cleave|p2b: Excadrill
|-damage|p2b: Excadrill|65/100
|move|p2b: Excadrill|High Horsepower|p1a: Kingambit
|-supereffective|p1a: Kingambit|1
|-damage|p1a: Kingambit|0 fnt
|faint|p1a: Kingambit
|
|upkeep
|
|t:|1785057694
|switch|p1a: Rotom|Rotom-Wash, L50|100/100
|turn|5
|
|t:|1785057704
|move|p2b: Excadrill|Protect|p2b: Excadrill
|-singleturn|p2b: Excadrill|Protect
|move|p1b: Farigiraf|Psychic|p2a: Sinistcha
|-damage|p2a: Sinistcha|5/100
|move|p2a: Sinistcha|Matcha Gotcha|p1b: Farigiraf|[spread] p1a,p1b
|-supereffective|p1a: Rotom|1
|-damage|p1a: Rotom|33/100
|-heal|p2a: Sinistcha|29/100|[from] drain|[of] p1a: Rotom
|-damage|p1b: Farigiraf|18/100
|-heal|p2a: Sinistcha|40/100|[from] drain|[of] p1b: Farigiraf
|move|p1a: Rotom|Hydro Pump|p2b: Excadrill
|-activate|p2b: Excadrill|move: Protect
|
|upkeep
|turn|6
|
|t:|1785057721
|switch|p2b: Tyranitar|Tyranitar, L50, M|100/100
|-weather|Sandstorm|[from] ability: Sand Stream|[of] p2b: Tyranitar
|switch|p1a: Floette|Floette-Mega, L50, F|79/100
|-ability|p1a: Floette|Fairy Aura
|move|p1b: Farigiraf|Psychic|p2a: Sinistcha
|-damage|p2a: Sinistcha|5/100
|move|p2a: Sinistcha|Matcha Gotcha|p1b: Farigiraf|[spread] p1a,p1b
|-damage|p1a: Floette|58/100
|-heal|p2a: Sinistcha|14/100|[from] drain|[of] p1a: Floette
|-damage|p1b: Farigiraf|0 fnt
|-heal|p2a: Sinistcha|26/100|[from] drain|[of] p1b: Farigiraf
|faint|p1b: Farigiraf
|
|-weather|Sandstorm|[upkeep]
|-damage|p2a: Sinistcha|21/100|[from] Sandstorm
|-damage|p1a: Floette|52/100|[from] Sandstorm
|-fieldend|move: Trick Room
|upkeep
|
|t:|1785057731
|switch|p1b: Rotom|Rotom-Wash, L50|33/100
|turn|7
|
|t:|1785057745
|detailschange|p2b: Tyranitar|Tyranitar-Mega, L50, M
|-mega|p2b: Tyranitar|Tyranitar|Tyranitarite
|move|p2a: Sinistcha|Rage Powder|p2a: Sinistcha
|-singleturn|p2a: Sinistcha|move: Rage Powder
|move|p1b: Rotom|Hydro Pump|p2a: Sinistcha
|-resisted|p2a: Sinistcha|1
|-damage|p2a: Sinistcha|0 fnt
|faint|p2a: Sinistcha
|move|p1a: Floette|Dazzling Gleam|p2b: Tyranitar
|-supereffective|p2b: Tyranitar|1
|-damage|p2b: Tyranitar|33/100
|move|p2b: Tyranitar|Rock Slide|p1a: Floette|[spread] p1a
|-miss|p2b: Tyranitar|p1b: Rotom
|-damage|p1a: Floette|8/100
|
|-weather|Sandstorm|[upkeep]
|-damage|p1b: Rotom|28/100|[from] Sandstorm
|-damage|p1a: Floette|2/100|[from] Sandstorm
|upkeep
|
|t:|1785057763
|switch|p2a: Excadrill|Excadrill, L50, M|65/100
|turn|8
|
|t:|1785057770
|move|p2a: Excadrill|Protect|p2a: Excadrill
|-singleturn|p2a: Excadrill|Protect
|move|p2b: Tyranitar|Protect|p2b: Tyranitar
|-singleturn|p2b: Tyranitar|Protect
|move|p1b: Rotom|Hydro Pump|p2a: Excadrill
|-activate|p2a: Excadrill|move: Protect
|move|p1a: Floette|Dazzling Gleam|p2b: Tyranitar|[spread] 
|-activate|p2a: Excadrill|move: Protect
|-activate|p2b: Tyranitar|move: Protect
|
|-weather|Sandstorm|[upkeep]
|-damage|p1b: Rotom|22/100|[from] Sandstorm
|-damage|p1a: Floette|0 fnt|[from] Sandstorm
|faint|p1a: Floette
|upkeep
|turn|9
|
|t:|1785057779
|move|p2a: Excadrill|Iron Head|p1b: Rotom
|-resisted|p1b: Rotom|2
|-damage|p1b: Rotom|7/100
|move|p1b: Rotom|Hydro Pump|p2a: Excadrill
|-supereffective|p2a: Excadrill|1
|-damage|p2a: Excadrill|0 fnt
|faint|p2a: Excadrill
|move|p2b: Tyranitar|Knock Off|p1b: Rotom
|-damage|p1b: Rotom|0 fnt
|-enditem|p1b: Rotom|Choice Scarf|[from] move: Knock Off|[of] p2b: Tyranitar
|faint|p1b: Rotom
|
|win|Gayangos
||Rthm is ready for game 2.
|inactive|Gayangos has 30 seconds to confirm battle start!
|inactive|Gayangos has 20 seconds to confirm battle start!
||Gayangos is ready for game 2.
|uhtml|next|Next: Game 2 of 3
