|j|Ōśåmunchie2ff
|j|Ōśåmonsoonisbest
|html|munchie2ffmonsoonisbest    
|uhtml|bestof|Game 1 of a best-of-3
|t:|1785353751
|gametype|doubles
|player|p1|munchie2ff|ethan|
|player|p2|monsoonisbest|1|
|gen|9
|tier|[Gen 9 Champions] VGC 2026 Reg M-B (Bo3)
|rule|Species Clause: Limit one of each Pok├®mon
|rule|Item Clause: Limit 1 of each item
|clearpoke
|poke|p1|Tyranitar, L50, M|
|poke|p1|Excadrill, L50, M|
|poke|p1|Milotic, L50, F|
|poke|p1|Sinistcha, L50|
|poke|p1|Staraptor, L50, F|
|poke|p1|Gholdengo, L50|
|poke|p2|Venusaur, L50, F|
|poke|p2|Grimmsnarl, L50, M|
|poke|p2|Pelipper, L50, F|
|poke|p2|Archaludon, L50, M|
|poke|p2|Charizard, L50, F|
|poke|p2|Basculegion, L50, M|
|teampreview|4
|showteam|p1|Tyranitar||Tyranitarite|SandStream|KnockOff,RockSlide,HighHorsepower,Protect|Jolly||M|||50|]Excadrill||FocusSash|SandRush|HighHorsepower,IronHead,RockSlide,Protect|Adamant||M|||50|]Milotic||SitrusBerry|Competitive|Scald,IcyWind,Haze,Protect|Calm||F|||50|]Sinistcha||ColburBerry|Hospitality|MatchaGotcha,ShadowBall,Protect,RagePowder|Bold|||||50|]Staraptor||Staraptite|Intimidate|CloseCombat,BraveBird,Tailwind,Protect|Jolly||F|||50|]Gholdengo||LifeOrb|GoodasGold|MakeItRain,ShadowBall,NastyPlot,Protect|Modest|||||50|
|showteam|p2|Venusaur||Venusaurite|Chlorophyll|SludgeBomb,EarthPower,SleepPowder,Protect|Modest||F|||50|]Grimmsnarl||LightClay|Prankster|SpiritBreak,Reflect,LightScreen,PartingShot|Careful||M|||50|]Pelipper||SitrusBerry|Drizzle|Hurricane,WeatherBall,Tailwind,WideGuard|Modest||F|||50|]Archaludon||Leftovers|Stamina|DragonPulse,FlashCannon,ElectroShot,Protect|Modest||M|||50|]Charizard||CharizarditeY|Blaze|HeatWave,SolarBeam,WeatherBall,Protect|Modest||F|||50|]Basculegion||ChoiceScarf|Adaptability|WaveCrash,FlipTurn,LastRespects,AquaJet|Jolly||M|||50|
|inactive|Battle timer is ON: inactive players will automatically lose when time's up. (requested by munchie2ff)
|c|Ōśåmunchie2ff|i have put timer on
|inactive|monsoonisbest has 60 seconds left.
|
|t:|1785353805
|teamsize|p1|4
|teamsize|p2|4
|start
|switch|p1a: Sinischachacha|Sinistcha, L50|100/100
|switch|p1b: unpopular opinion|Staraptor, L50, F|100/100
|switch|p2a: Grimmsnarl|Grimmsnarl, L50, M|100/100
|switch|p2b: Pelipper|Pelipper, L50, F|100/100
|-ability|p1b: unpopular opinion|Intimidate|boost
|-unboost|p2a: Grimmsnarl|atk|1
|-unboost|p2b: Pelipper|atk|1
|-weather|RainDance|[from] ability: Drizzle|[of] p2b: Pelipper
|turn|1
|inactive|munchie2ff has 30 seconds left.
|inactive|monsoonisbest has 30 seconds left.
|inactive|munchie2ff has 20 seconds left.
|inactive|monsoonisbest has 20 seconds left.
|inactive|monsoonisbest has 15 seconds left.
|inactive|monsoonisbest has 10 seconds left.
|
|t:|1785353851
|move|p1b: unpopular opinion|Protect|p1b: unpopular opinion
|-singleturn|p1b: unpopular opinion|Protect
|move|p1a: Sinischachacha|Protect|p1a: Sinischachacha
|-singleturn|p1a: Sinischachacha|Protect
|move|p2b: Pelipper|Hurricane|p1a: Sinischachacha
|-activate|p1a: Sinischachacha|move: Protect
|move|p2a: Grimmsnarl|Spirit Break|p1b: unpopular opinion
|-activate|p1b: unpopular opinion|move: Protect
|
|-weather|RainDance|[upkeep]
|upkeep
|turn|2
|inactive|munchie2ff has 30 seconds left.
|inactive|monsoonisbest has 30 seconds left.
|inactive|monsoonisbest has 20 seconds left.
|inactive|munchie2ff has 20 seconds left.
|inactive|monsoonisbest has 15 seconds left.
|inactive|monsoonisbest has 10 seconds left.
|
|t:|1785353900
|move|p1b: unpopular opinion|Protect||[still]
|-fail|p1b: unpopular opinion
|move|p1a: Sinischachacha|Protect|p1a: Sinischachacha
|-singleturn|p1a: Sinischachacha|Protect
|move|p2a: Grimmsnarl|Light Screen|p2a: Grimmsnarl
|-sidestart|p2: monsoonisbest|move: Light Screen
|move|p2b: Pelipper|Hurricane|p1a: Sinischachacha
|-activate|p1a: Sinischachacha|move: Protect
|
|-weather|RainDance|[upkeep]
|upkeep
|turn|3
|inactive|monsoonisbest has 30 seconds left.
|inactive|monsoonisbest has 20 seconds left.
|inactive|monsoonisbest has 15 seconds left.
|inactive|monsoonisbest has 10 seconds left.
|inactive|monsoonisbest has 5 seconds left.
|
|t:|1785353950
|switch|p1a: Gholdielocks|Gholdengo, L50|100/100
|move|p1b: unpopular opinion|Protect|p1b: unpopular opinion
|-singleturn|p1b: unpopular opinion|Protect
|move|p2b: Pelipper|Wide Guard|p2b: Pelipper
|-singleturn|p2b: Pelipper|Wide Guard
|move|p2a: Grimmsnarl|Reflect|p2a: Grimmsnarl
|-sidestart|p2: monsoonisbest|Reflect
|
|-weather|RainDance|[upkeep]
|upkeep
|turn|4
|inactive|monsoonisbest has 30 seconds left.
|inactive|monsoonisbest has 20 seconds left.
|inactive|monsoonisbest has 15 seconds left.
|inactive|monsoonisbest has 10 seconds left.
|
|t:|1785353999
|move|p1b: unpopular opinion|Protect||[still]
|-fail|p1b: unpopular opinion
|move|p1a: Gholdielocks|Protect|p1a: Gholdielocks
|-singleturn|p1a: Gholdielocks|Protect
|move|p2b: Pelipper|Wide Guard|p2b: Pelipper
|-singleturn|p2b: Pelipper|Wide Guard
|move|p2a: Grimmsnarl|Parting Shot|p1a: Gholdielocks
|-activate|p1a: Gholdielocks|move: Protect
|
|-weather|RainDance|[upkeep]
|upkeep
|turn|5
|inactive|monsoonisbest has 30 seconds left.
|inactive|monsoonisbest has 20 seconds left.
|inactive|monsoonisbest has 15 seconds left.
|inactive|monsoonisbest has 10 seconds left.
|inactive|monsoonisbest has 5 seconds left.
|
|t:|1785354050
|switch|p1b: Sinischachacha|Sinistcha, L50|100/100
|move|p1a: Gholdielocks|Protect||[still]
|-fail|p1a: Gholdielocks
|move|p2b: Pelipper|Wide Guard|p2b: Pelipper
|-singleturn|p2b: Pelipper|Wide Guard
|move|p2a: Grimmsnarl|Parting Shot|p1a: Gholdielocks
|-immune|p1a: Gholdielocks|[from] ability: Good as Gold
|
|-weather|none
|upkeep
|turn|6
|inactive|monsoonisbest has 30 seconds left.
|inactive|monsoonisbest has 20 seconds left.
|inactive|monsoonisbest has 15 seconds left.
|inactive|monsoonisbest has 10 seconds left.
|
|t:|1785354098
|move|p1a: Gholdielocks|Protect|p1a: Gholdielocks
|-singleturn|p1a: Gholdielocks|Protect
|move|p1b: Sinischachacha|Protect|p1b: Sinischachacha
|-singleturn|p1b: Sinischachacha|Protect
|move|p2b: Pelipper|Wide Guard|p2b: Pelipper
|-singleturn|p2b: Pelipper|Wide Guard
|move|p2a: Grimmsnarl|Parting Shot|p1a: Gholdielocks
|-activate|p1a: Gholdielocks|move: Protect
|
|upkeep
|turn|7
|inactive|monsoonisbest has 30 seconds left.
|inactive|monsoonisbest has 20 seconds left.
|inactive|monsoonisbest has 15 seconds left.
|inactive|monsoonisbest has 10 seconds left.
|inactive|monsoonisbest has 5 seconds left.
|
|t:|1785354149
|move|p2b: Pelipper|Wide Guard|p2b: Pelipper
|-singleturn|p2b: Pelipper|Wide Guard
|move|p1b: Sinischachacha|Rage Powder|p1b: Sinischachacha
|-singleturn|p1b: Sinischachacha|move: Rage Powder
|move|p2a: Grimmsnarl|Parting Shot|p1b: Sinischachacha
|-unboost|p1b: Sinischachacha|atk|1
|-unboost|p1b: Sinischachacha|spa|1
|
|t:|1785354162
|switch|p2a: Archaludon|Archaludon, L50, M|100/100|[from] Parting Shot
|move|p1a: Gholdielocks|Nasty Plot|p1a: Gholdielocks
|-boost|p1a: Gholdielocks|spa|2
|
|upkeep
|turn|8
|inactive|monsoonisbest has 30 seconds left.
|c|Ōśåmunchie2ff|its starting at 30 each turn isnt it
|inactive|monsoonisbest has 20 seconds left.
|c|Ōśåmonsoonisbest|yep
|
|t:|1785354199
|move|p1a: Gholdielocks|Protect|p1a: Gholdielocks
|-singleturn|p1a: Gholdielocks|Protect
|move|p2b: Pelipper|Wide Guard|p2b: Pelipper
|-singleturn|p2b: Pelipper|Wide Guard
|move|p1b: Sinischachacha|Rage Powder|p1b: Sinischachacha
|-singleturn|p1b: Sinischachacha|move: Rage Powder
|move|p2a: Archaludon|Flash Cannon|p1b: Sinischachacha
|-damage|p1b: Sinischachacha|62/100
|
|upkeep
|turn|9
|c|Ōśåmunchie2ff|so the fact it started from 5 would mean they defo only had 5s left
|c|Ōśåmonsoonisbest|yep
|inactive|monsoonisbest has 30 seconds left.
|c|Ōśåmonsoonisbest|let me prove it though
|inactive|monsoonisbest has 20 seconds left.
|inactive|monsoonisbest has 15 seconds left.
|
|t:|1785354231
|move|p2b: Pelipper|Wide Guard|p2b: Pelipper
|-singleturn|p2b: Pelipper|Wide Guard
|move|p1b: Sinischachacha|Rage Powder|p1b: Sinischachacha
|-singleturn|p1b: Sinischachacha|move: Rage Powder
|move|p1a: Gholdielocks|Nasty Plot|p1a: Gholdielocks
|-boost|p1a: Gholdielocks|spa|2
|move|p2a: Archaludon|Electro Shot||[still]
|-prepare|p2a: Archaludon|Electro Shot
|-boost|p2a: Archaludon|spa|1
|
|-sideend|p2: monsoonisbest|move: Light Screen
|upkeep
|turn|10
|inactive|monsoonisbest has 15 seconds left this turn.
|inactive|monsoonisbest has 10 seconds left.
|inactive|monsoonisbest has 5 seconds left.
|
|t:|1785354252
|move|p1a: Gholdielocks|Protect|p1a: Gholdielocks
|-singleturn|p1a: Gholdielocks|Protect
|move|p1b: Sinischachacha|Protect|p1b: Sinischachacha
|-singleturn|p1b: Sinischachacha|Protect
|move|p2b: Pelipper|Wide Guard|p2b: Pelipper
|-singleturn|p2b: Pelipper|Wide Guard
|move|p2a: Archaludon|Electro Shot|p1a: Gholdielocks|[from] lockedmove
|-activate|p1a: Gholdielocks|move: Protect
|
|-sideend|p2: monsoonisbest|Reflect
|upkeep
|turn|11
|inactive|monsoonisbest has 5 seconds left this turn.
|-message|monsoonisbest lost due to inactivity.
|
|win|munchie2ff
