|j|☆Yung Dung Beetle
|j|☆ga sneasler
|html|Yung Dung Beetlega sneasler    
|uhtml|bestof|Game 2 of a best-of-3
|t:|1756430413
|gametype|doubles
|player|p1|Yung Dung Beetle|170|1125
|player|p2|ga sneasler|265|1176
|gen|9
|tier|[Gen 9] VGC 2025 Reg H (Bo3)
|rated|
|rule|Species Clause: Limit one of each Pokémon
|rule|Item Clause: Limit 1 of each item
|clearpoke
|poke|p1|Rillaboom, L50, F|
|poke|p1|Baxcalibur, L50, M|
|poke|p1|Volcarona, L50, M|
|poke|p1|Annihilape, L50, M|
|poke|p1|Ursaluna-Bloodmoon, L50, M|
|poke|p1|Amoonguss, L50, F|
|poke|p2|Dragapult, L50, F|
|poke|p2|Kingambit, L50, F|
|poke|p2|Electabuzz, L50, F|
|poke|p2|Blaziken, L50, M|
|poke|p2|Primarina, L50, F|
|poke|p2|Rillaboom, L50, M|
|teampreview|4
|showteam|p1|Rillaboom||CovertCloak|GrassySurge|FakeOut,GrassyGlide,DrumBeating,HighHorsepower|||F|||50|,,,,,Fire]Baxcalibur||LoadedDice|ThermalExchange|ScaleShot,IcicleSpear,IceShard,Protect|||M|||50|,,,,,Ghost]Volcarona||GrassySeed|FlameBody|HeatWave,QuiverDance,Protect,GigaDrain|||M|||50|,,,,,Grass]Annihilape||FocusSash|Defiant|CloseCombat,RageFist,Coaching,Taunt|||M|||50|,,,,,Water]Ursaluna-Bloodmoon||AssaultVest|MindsEye|BloodMoon,HyperVoice,VacuumWave,EarthPower|||M|||50|,,,,,Normal]Amoonguss||RockyHelmet|Regenerator|Spore,Protect,PollenPuff,RagePowder|||F|||50|,,,,,Psychic
|showteam|p2|Dragapult||ChoiceBand|ClearBody|Outrage,DragonDarts,PhantomForce,Uturn|||F|||50|,,,,,Dragon]Kingambit||SafetyGoggles|Defiant|KowtowCleave,SuckerPunch,SwordsDance,Protect|||F|||50|,,,,,Dark]Electabuzz||Eviolite|VitalSpirit|Thunderbolt,HelpingHand,FollowMe,Protect|||F|||50|,,,,,Ghost]Blaziken||FocusSash|SpeedBoost|HeatWave,AuraSphere,Coaching,Detect|||M|||50|,,,,,Ghost]Primarina||SitrusBerry|LiquidVoice|Moonblast,HyperVoice,Haze,Protect|||F|||50|,,,,,Water]Rillaboom||AssaultVest|GrassySurge|WoodHammer,GrassyGlide,FakeOut,Uturn|||M|||50|,,,,,Fire
|inactive|Battle timer is ON: inactive players will automatically lose when time's up. (requested by ga sneasler)
|
|t:|1756430428
|teamsize|p1|4
|teamsize|p2|4
|start
|switch|p1a: BIG BODY BENZ|Baxcalibur, L50, M|100/100
|switch|p1b: Annihilape|Annihilape, L50, M|100/100
|switch|p2a: Blaziken|Blaziken, L50, M|100/100
|switch|p2b: Dragapult|Dragapult, L50, F|100/100
|turn|1
|inactive|ga sneasler has 30 seconds left.
|
|t:|1756430458
|-terastallize|p2b: Dragapult|Dragon
|-terastallize|p1a: BIG BODY BENZ|Ghost
|move|p2a: Blaziken|Detect|p2a: Blaziken
|-singleturn|p2a: Blaziken|Protect
|move|p2b: Dragapult|Phantom Force||[still]
|-prepare|p2b: Dragapult|Phantom Force
|move|p1b: Annihilape|Coaching|p1a: BIG BODY BENZ
|-boost|p1a: BIG BODY BENZ|atk|1
|-boost|p1a: BIG BODY BENZ|def|1
|move|p1a: BIG BODY BENZ|Scale Shot|p2b: Dragapult|[miss]
|-miss|p1a: BIG BODY BENZ|p2b: Dragapult
|
|-ability|p2a: Blaziken|Speed Boost|boost
|-boost|p2a: Blaziken|spe|1
|upkeep
|turn|2
|
|t:|1756430476
|move|p2a: Blaziken|Coaching|p2b: Dragapult|[miss]
|-miss|p2a: Blaziken|p2b: Dragapult
|move|p2b: Dragapult|Phantom Force|p1a: BIG BODY BENZ|[from] lockedmove
|-supereffective|p1a: BIG BODY BENZ
|-damage|p1a: BIG BODY BENZ|6/100
|move|p1b: Annihilape|Coaching|p1a: BIG BODY BENZ
|-boost|p1a: BIG BODY BENZ|atk|1
|-boost|p1a: BIG BODY BENZ|def|1
|move|p1a: BIG BODY BENZ|Scale Shot|p2b: Dragapult
|-supereffective|p2b: Dragapult
|-damage|p2b: Dragapult|15/100
|-supereffective|p2b: Dragapult
|-crit|p2b: Dragapult
|-damage|p2b: Dragapult|0 fnt
|faint|p2b: Dragapult
|-hitcount|p2: Dragapult|2
|-unboost|p1a: BIG BODY BENZ|def|1
|-boost|p1a: BIG BODY BENZ|spe|1
|
|-ability|p2a: Blaziken|Speed Boost|boost
|-boost|p2a: Blaziken|spe|1
|upkeep
|
|t:|1756430481
|switch|p2b: Kingambit|Kingambit, L50, F|100/100
|turn|3
|
|t:|1756430493
|move|p1a: BIG BODY BENZ|Protect|p1a: BIG BODY BENZ
|-singleturn|p1a: BIG BODY BENZ|Protect
|move|p2b: Kingambit|Protect|p2b: Kingambit
|-singleturn|p2b: Kingambit|Protect
|move|p2a: Blaziken|Coaching|p2b: Kingambit
|-boost|p2b: Kingambit|atk|1
|-boost|p2b: Kingambit|def|1
|move|p1b: Annihilape|Close Combat|p2b: Kingambit
|-activate|p2b: Kingambit|move: Protect
|
|-ability|p2a: Blaziken|Speed Boost|boost
|-boost|p2a: Blaziken|spe|1
|upkeep
|turn|4
|
|t:|1756430516
|move|p1a: BIG BODY BENZ|Ice Shard|p2b: Kingambit
|-resisted|p2b: Kingambit
|-damage|p2b: Kingambit|87/100
|move|p2b: Kingambit|Sucker Punch||[still]
|-fail|p2b: Kingambit
|move|p2a: Blaziken|Coaching|p2b: Kingambit
|-boost|p2b: Kingambit|atk|1
|-boost|p2b: Kingambit|def|1
|move|p1b: Annihilape|Close Combat|p2b: Kingambit
|-supereffective|p2b: Kingambit
|-damage|p2b: Kingambit|0 fnt
|-unboost|p1b: Annihilape|def|1
|-unboost|p1b: Annihilape|spd|1
|faint|p2b: Kingambit
|
|-ability|p2a: Blaziken|Speed Boost|boost
|-boost|p2a: Blaziken|spe|1
|upkeep
|
|t:|1756430520
|switch|p2b: Electabuzz|Electabuzz, L50, F|100/100
|turn|5
|-message|ga sneasler forfeited.
|
|win|Yung Dung Beetle
||ga sneasler is ready for game 3.
||Yung Dung Beetle is ready for game 3.
|uhtml|next|Next: Game 3 of 3
