|j|☆Chessnuts VGC
|j|☆peter mutton
|html|Chessnuts VGCpeter mutton    
|uhtml|bestof|Game 1 of a best-of-3
|t:|1756729918
|gametype|doubles
|player|p1|Chessnuts VGC|acetrainerf-gen4dp|
|player|p2|peter mutton|170|
|gen|9
|tier|[Gen 9] VGC 2025 Reg H (Bo3)
|rule|Species Clause: Limit one of each Pokémon
|rule|Item Clause: Limit 1 of each item
|clearpoke
|poke|p1|Dragonite, L50, F|
|poke|p1|Tyranitar, L50, M|
|poke|p1|Arcanine-Hisui, L50, M|
|poke|p1|Indeedee, L50, M|
|poke|p1|Electabuzz, L50, F|
|poke|p1|Sneasler, L50, F|
|poke|p2|Gholdengo, L50|
|poke|p2|Dragonite, L50, F|
|poke|p2|Ursaluna-Bloodmoon, L50, M|
|poke|p2|Incineroar, L50, M|
|poke|p2|Tyranitar, L50, M|
|poke|p2|Rillaboom, L50, M|
|teampreview|4
|showteam|p1|Dragonite||LoadedDice|InnerFocus|ScaleShot,StompingTantrum,Tailwind,Protect|||F|||50|,,,,,Ground]Tyranitar||AssaultVest|SandStream|LowKick,KnockOff,RockSlide,TeraBlast|||M|||50|,,,,,Flying]Arcanine-Hisui||SitrusBerry|Intimidate|FlareBlitz,WillOWisp,RockSlide,Protect|||M|||50|,,,,,Grass]Indeedee||FocusSash|PsychicSurge|ExpandingForce,TeraBlast,Trick,HelpingHand|||M|||50|,,,,,Psychic]Electabuzz||Eviolite|VitalSpirit|Electroweb,FollowMe,Taunt,Protect|||F|||50|,,,,,Dragon]Sneasler||PsychicSeed|Unburden|CloseCombat,DireClaw,ThroatChop,Protect|||F|||50|,,,,,Dark
|showteam|p2|Gholdengo||ChoiceScarf|GoodasGold|MakeItRain,ShadowBall,Protect,NastyPlot||||||50|,,,,,Steel]Dragonite||LoadedDice|InnerFocus|ExtremeSpeed,StompingTantrum,ScaleShot,Haze|||F|||50|,,,,,Normal]Ursaluna-Bloodmoon||LifeOrb|MindsEye|BloodMoon,EarthPower,HyperVoice,Protect|||M|||50|,,,,,Normal]Incineroar||SafetyGoggles|Intimidate|FakeOut,PartingShot,FlareBlitz,KnockOff|||M|||50|,,,,,Bug]Tyranitar||AssaultVest|SandStream|RockSlide,Earthquake,LowKick,TeraBlast|||M|||50|,,,,,Flying]Rillaboom||ClearAmulet|GrassySurge|GrassyGlide,FakeOut,WoodHammer,Uturn|||M|||50|,,,,,Grass
|
|t:|1756729957
|teamsize|p1|4
|teamsize|p2|4
|start
|switch|p1a: Electabuzz|Electabuzz, L50, F|100/100
|switch|p1b: Arcanine|Arcanine-Hisui, L50, M|100/100
|switch|p2a: Rillaboom|Rillaboom, L50, M|100/100
|switch|p2b: Ursaluna|Ursaluna-Bloodmoon, L50, M|100/100
|-ability|p1b: Arcanine|Intimidate|boost
|-fail|p2a: Rillaboom|unboost|[from] item: Clear Amulet|[of] p2a: Rillaboom
|-unboost|p2b: Ursaluna|atk|1
|-fieldstart|move: Grassy Terrain|[from] ability: Grassy Surge|[of] p2a: Rillaboom
|turn|1
|
|t:|1756730022
|switch|p1a: Dragonite|Dragonite, L50, F|100/100
|move|p1b: Arcanine|Protect|p1b: Arcanine
|-singleturn|p1b: Arcanine|Protect
|move|p2a: Rillaboom|Fake Out|p1b: Arcanine
|-activate|p1b: Arcanine|move: Protect
|move|p2b: Ursaluna|Blood Moon|p1b: Arcanine
|-activate|p1b: Arcanine|move: Protect
|
|upkeep
|turn|2
|
|t:|1756730081
|move|p1b: Arcanine|Flare Blitz|p2a: Rillaboom
|-supereffective|p2a: Rillaboom
|-damage|p2a: Rillaboom|0 fnt
|faint|p2a: Rillaboom
|-damage|p1b: Arcanine|63/100|[from] Recoil
|move|p1a: Dragonite|Tailwind|p1a: Dragonite
|-sidestart|p1: Chessnuts VGC|move: Tailwind
|move|p2b: Ursaluna|Hyper Voice|p1a: Dragonite|[spread] p1a,p1b
|-resisted|p1b: Arcanine
|-damage|p1a: Dragonite|48/100
|-damage|p1b: Arcanine|32/100
|-enditem|p1b: Arcanine|Sitrus Berry|[eat]
|-heal|p1b: Arcanine|57/100|[from] item: Sitrus Berry
|-damage|p2b: Ursaluna|91/100|[from] item: Life Orb
|
|-heal|p1b: Arcanine|63/100|[from] Grassy Terrain
|-heal|p2b: Ursaluna|97/100|[from] Grassy Terrain
|upkeep
|
|t:|1756730100
|switch|p2a: Gholdengo|Gholdengo, L50, shiny|100/100
|turn|3
|
|t:|1756730118
|-terastallize|p2a: Gholdengo|Steel
|move|p1a: Dragonite|Protect|p1a: Dragonite
|-singleturn|p1a: Dragonite|Protect
|move|p2b: Ursaluna|Protect|p2b: Ursaluna
|-singleturn|p2b: Ursaluna|Protect
|move|p1b: Arcanine|Flare Blitz|p2a: Gholdengo
|-supereffective|p2a: Gholdengo
|-damage|p2a: Gholdengo|0 fnt
|faint|p2a: Gholdengo
|-damage|p1b: Arcanine|33/100|[from] Recoil
|
|-heal|p1b: Arcanine|39/100|[from] Grassy Terrain
|-heal|p2b: Ursaluna|100/100|[from] Grassy Terrain
|upkeep
|
|t:|1756730131
|switch|p2a: Incineroar|Incineroar, L50, M|100/100
|-ability|p2a: Incineroar|Intimidate|boost
|-fail|p1a: Dragonite|unboost|Attack|[from] ability: Inner Focus|[of] p1a: Dragonite
|-unboost|p1b: Arcanine|atk|1
|turn|4
|
|t:|1756730183
|move|p2a: Incineroar|Fake Out|p1b: Arcanine
|-resisted|p1b: Arcanine
|-damage|p1b: Arcanine|32/100
|cant|p1b: Arcanine|flinch
|move|p1a: Dragonite|Stomping Tantrum|p2a: Incineroar
|-supereffective|p2a: Incineroar
|-damage|p2a: Incineroar|54/100
|move|p2b: Ursaluna|Hyper Voice|p1b: Arcanine|[spread] p1a,p1b
|-resisted|p1b: Arcanine
|-damage|p1a: Dragonite|0 fnt
|-damage|p1b: Arcanine|4/100
|faint|p1a: Dragonite
|-damage|p2b: Ursaluna|91/100|[from] item: Life Orb
|
|-heal|p1b: Arcanine|10/100|[from] Grassy Terrain
|-heal|p2b: Ursaluna|97/100|[from] Grassy Terrain
|-heal|p2a: Incineroar|60/100|[from] Grassy Terrain
|upkeep
|
|t:|1756730200
|switch|p1a: Tyranitar|Tyranitar, L50, M|100/100
|-weather|Sandstorm|[from] ability: Sand Stream|[of] p1a: Tyranitar
|turn|5
|
|t:|1756730233
|-terastallize|p1a: Tyranitar|Flying
|move|p1b: Arcanine|Rock Slide|p2b: Ursaluna|[spread] p2a,p2b
|-supereffective|p2a: Incineroar
|-resisted|p2b: Ursaluna
|-damage|p2a: Incineroar|30/100
|-damage|p2b: Ursaluna|89/100
|move|p1a: Tyranitar|Rock Slide|p2b: Ursaluna|[spread] p2a,p2b
|-supereffective|p2a: Incineroar
|-resisted|p2b: Ursaluna
|-damage|p2a: Incineroar|0 fnt
|-damage|p2b: Ursaluna|77/100
|faint|p2a: Incineroar
|cant|p2b: Ursaluna|flinch
|
|-weather|Sandstorm|[upkeep]
|-damage|p1a: Tyranitar|94/100|[from] Sandstorm
|-heal|p1b: Arcanine|16/100|[from] Grassy Terrain
|-heal|p2b: Ursaluna|83/100|[from] Grassy Terrain
|-sideend|p1: Chessnuts VGC|move: Tailwind
|-fieldend|move: Grassy Terrain
|upkeep
|turn|6
|
|t:|1756730251
|move|p1b: Arcanine|Rock Slide|p2b: Ursaluna
|-resisted|p2b: Ursaluna
|-damage|p2b: Ursaluna|71/100
|move|p1a: Tyranitar|Rock Slide|p2b: Ursaluna
|-resisted|p2b: Ursaluna
|-damage|p2b: Ursaluna|52/100
|cant|p2b: Ursaluna|flinch
|
|-weather|Sandstorm|[upkeep]
|-damage|p1a: Tyranitar|88/100|[from] Sandstorm
|upkeep
|turn|7
|
|t:|1756730265
|move|p1b: Arcanine|Rock Slide|p2b: Ursaluna
|-resisted|p2b: Ursaluna
|-damage|p2b: Ursaluna|43/100
|move|p1a: Tyranitar|Rock Slide|p2b: Ursaluna
|-resisted|p2b: Ursaluna
|-damage|p2b: Ursaluna|26/100
|cant|p2b: Ursaluna|flinch
|
|-weather|Sandstorm|[upkeep]
|-damage|p1a: Tyranitar|82/100|[from] Sandstorm
|upkeep
|turn|8
|
|t:|1756730281
|move|p1b: Arcanine|Rock Slide|p2b: Ursaluna
|-resisted|p2b: Ursaluna
|-damage|p2b: Ursaluna|17/100
|move|p1a: Tyranitar|Rock Slide|p2b: Ursaluna
|-resisted|p2b: Ursaluna
|-damage|p2b: Ursaluna|0 fnt
|faint|p2b: Ursaluna
|
|win|Chessnuts VGC
|inactive|Chessnuts VGC has 30 seconds to confirm battle start!
|inactive|peter mutton has 30 seconds to confirm battle start!
