|j|☆itssobeak
|j|☆Gastrosophilipp
|html|itssobeakGastrosophilipp    
|uhtml|bestof|Game 1 of a best-of-3
|t:|1784740250
|gametype|doubles
|player|p1|itssobeak|birdkeeper|1355
|player|p2|Gastrosophilipp|juan|1253
|gen|9
|tier|[Gen 9 Champions] VGC 2026 Reg M-B (Bo3)
|rated|
|rule|Species Clause: Limit one of each Pokémon
|rule|Item Clause: Limit 1 of each item
|clearpoke
|poke|p1|Staraptor, L50, M|
|poke|p1|Weavile, L50, M|
|poke|p1|Whimsicott, L50, F|
|poke|p1|Glimmora, L50, F|
|poke|p1|Kingambit, L50, M|
|poke|p1|Sinistcha, L50|
|poke|p2|Espathra, L50, F|
|poke|p2|Ninetales-Alola, L50, M|
|poke|p2|Raichu, L50, M|
|poke|p2|Vaporeon, L50, M|
|poke|p2|Sinistcha, L50|
|poke|p2|Incineroar, L50, M|
|teampreview|4
|showteam|p1|Staraptor||Staraptite|Intimidate|BraveBird,CloseCombat,Uturn,Protect|Jolly||M|||50|]Weavile||WideLens|Pressure|KnockOff,TripleAxel,Taunt,FakeOut|Jolly||M|||50|]Whimsicott||FocusSash|Prankster|Moonblast,Tailwind,Encore,Tickle|Timid||F|||50|]Glimmora||Glimmoranite|ToxicDebris|PowerGem,SludgeBomb,EarthPower,SpikyShield|Timid||F|||50|]Kingambit||BlackGlasses|Defiant|KowtowCleave,SuckerPunch,SwordsDance,Protect|Adamant||M|||50|]Sinistcha||CobaBerry|Hospitality|MatchaGotcha,RagePowder,LifeDew,Protect|Bold|||||50|
|showteam|p2|Espathra||LifeOrb|SpeedBoost|LuminaCrash,EnergyBall,LightScreen,Protect|Timid||F|||50|]Ninetales-Alola||SitrusBerry|SnowWarning|Blizzard,FreezeDry,AuroraVeil,Protect|Timid||M|||50|]Raichu||RaichuniteY|LightningRod|ZapCannon,FocusBlast,FakeOut,Protect|Timid||M|||50|]Vaporeon||Leftovers|WaterAbsorb|Scald,IceBeam,CalmMind,Protect|Modest||M|||50|]Sinistcha||OccaBerry|Hospitality|MatchaGotcha,LifeDew,TrickRoom,RagePowder|Bold|||||50|]Incineroar||PasshoBerry|Intimidate|FlareBlitz,DarkestLariat,FakeOut,PartingShot|Careful||M|||50|
|inactive|Battle timer is ON: inactive players will automatically lose when time's up. (requested by Gastrosophilipp)
|inactive|itssobeak has 60 seconds left.
|inactive|Gastrosophilipp has 60 seconds left.
|inactive|Gastrosophilipp has 30 seconds left.
|inactive|Gastrosophilipp has 20 seconds left.
|inactive|Gastrosophilipp has 15 seconds left.
|inactive|Gastrosophilipp has 10 seconds left.
|inactive|Gastrosophilipp has 5 seconds left.
|
|t:|1784740338
|teamsize|p1|4
|teamsize|p2|4
|start
|switch|p1a: Weavile|Weavile, L50, M|100/100
|switch|p1b: Kingambit|Kingambit, L50, M|100/100
|switch|p2a: Raichu|Raichu, L50, M|100/100
|switch|p2b: Vaporeon|Vaporeon, L50, M|100/100
|-ability|p1a: Weavile|Pressure
|turn|1
|inactive|Gastrosophilipp has 30 seconds left.
|inactive|Gastrosophilipp has 20 seconds left.
|
|t:|1784740374
|move|p2a: Raichu|Protect|p2a: Raichu
|-singleturn|p2a: Raichu|Protect
|move|p1a: Weavile|Fake Out|p2a: Raichu
|-activate|p2a: Raichu|move: Protect
|move|p2b: Vaporeon|Scald|p1b: Kingambit
|-damage|p1b: Kingambit|64/100
|-status|p1b: Kingambit|brn
|move|p1b: Kingambit|Swords Dance|p1b: Kingambit
|-boost|p1b: Kingambit|atk|2
|
|-damage|p1b: Kingambit|58/100 brn|[from] brn
|upkeep
|turn|2
|inactive|Gastrosophilipp has 30 seconds left.
|
|t:|1784740406
|detailschange|p2a: Raichu|Raichu-Mega-Y, L50, M
|-mega|p2a: Raichu|Raichu|Raichunite Y
|move|p1b: Kingambit|Sucker Punch|p2a: Raichu
|-damage|p2a: Raichu|34/100
|move|p1a: Weavile|Triple Axel|p2a: Raichu
|-damage|p2a: Raichu|20/100r
|-damage|p2a: Raichu|0 fnt
|faint|p2a: Raichu
|-hitcount|p2: Raichu|2
|move|p2b: Vaporeon|Scald|p1b: Kingambit
|-damage|p1b: Kingambit|22/100 brn
|
|-damage|p1b: Kingambit|16/100 brn|[from] brn
|upkeep
|inactive|Gastrosophilipp has 30 seconds left.
|
|t:|1784740436
|switch|p2a: Incineroar|Incineroar, L50, M|100/100
|-ability|p2a: Incineroar|Intimidate|boost
|-unboost|p1a: Weavile|atk|1
|-unboost|p1b: Kingambit|atk|1
|-ability|p1b: Kingambit|Defiant|boost
|-boost|p1b: Kingambit|atk|2
|turn|3
|inactive|Gastrosophilipp has 30 seconds left.
|
|t:|1784740462
|switch|p1a: Sinistcha|Sinistcha, L50|100/100
|-heal|p1b: Kingambit|41/100 brn|[from] ability: Hospitality|[of] p1a: Sinistcha
|move|p1b: Kingambit|Protect|p1b: Kingambit
|-singleturn|p1b: Kingambit|Protect
|move|p2a: Incineroar|Fake Out|p1b: Kingambit
|-activate|p1b: Kingambit|move: Protect
|move|p2b: Vaporeon|Calm Mind|p2b: Vaporeon
|-boost|p2b: Vaporeon|spa|1
|-boost|p2b: Vaporeon|spd|1
|
|-damage|p1b: Kingambit|35/100 brn|[from] brn
|upkeep
|turn|4
|inactive|Gastrosophilipp has 30 seconds left.
|
|t:|1784740493
|move|p1b: Kingambit|Sucker Punch|p2b: Vaporeon
|-damage|p2b: Vaporeon|39/100
|move|p1a: Sinistcha|Matcha Gotcha|p2a: Incineroar|[spread] p2a,p2b
|-resisted|p2a: Incineroar|1
|-supereffective|p2b: Vaporeon|1
|-damage|p2a: Incineroar|92/100
|-damage|p2b: Vaporeon|14/100
|-status|p2b: Vaporeon|brn
|move|p2b: Vaporeon|Scald|p1b: Kingambit
|-damage|p1b: Kingambit|0 fnt
|faint|p1b: Kingambit
|move|p2a: Incineroar|Flare Blitz|p1a: Sinistcha
|-supereffective|p1a: Sinistcha|1
|-damage|p1a: Sinistcha|22/100
|-damage|p2a: Incineroar|69/100|[from] Recoil
|
|-heal|p2b: Vaporeon|20/100y brn|[from] item: Leftovers
|-damage|p2b: Vaporeon|14/100 brn|[from] brn
|upkeep
|
|t:|1784740506
|switch|p1b: Glimmora|Glimmora, L50, F|100/100
|turn|5
|inactive|Gastrosophilipp has 30 seconds left.
|inactive|Gastrosophilipp has 20 seconds left.
|
|t:|1784740550
|detailschange|p1b: Glimmora|Glimmora-Mega, L50, F
|-mega|p1b: Glimmora|Glimmora|Glimmoranite
|move|p1a: Sinistcha|Rage Powder|p1a: Sinistcha
|-singleturn|p1a: Sinistcha|move: Rage Powder
|move|p1b: Glimmora|Sludge Bomb|p2b: Vaporeon
|-damage|p2b: Vaporeon|0 fnt
|faint|p2b: Vaporeon
|move|p2a: Incineroar|Parting Shot|p1a: Sinistcha
|-unboost|p1a: Sinistcha|atk|1
|-unboost|p1a: Sinistcha|spa|1
|
|t:|1784740558
|switch|p2a: Espathra|Espathra, L50, F|100/100|[from] Parting Shot
|
|upkeep
|
|t:|1784740561
|switch|p2b: Incineroar|Incineroar, L50, M|69/100
|-ability|p2b: Incineroar|Intimidate|boost
|-unboost|p1a: Sinistcha|atk|1
|-unboost|p1b: Glimmora|atk|1
|turn|6
|
|t:|1784740574
|switch|p1a: Weavile|Weavile, L50, M|100/100
|-ability|p1a: Weavile|Pressure
|move|p1b: Glimmora|Spiky Shield|p1b: Glimmora
|-singleturn|p1b: Glimmora|move: Protect
|move|p2b: Incineroar|Fake Out|p1b: Glimmora
|-activate|p1b: Glimmora|move: Protect
|-damage|p2b: Incineroar|56/100|[from] Spiky Shield|[of] p1b: Glimmora
|move|p2a: Espathra|Lumina Crash|p1a: Weavile
|-immune|p1a: Weavile
|
|-ability|p2a: Espathra|Speed Boost|boost
|-boost|p2a: Espathra|spe|1
|upkeep
|turn|7
|
|t:|1784740597
|move|p2a: Espathra|Protect|p2a: Espathra
|-singleturn|p2a: Espathra|Protect
|move|p1a: Weavile|Fake Out|p2a: Espathra
|-activate|p2a: Espathra|move: Protect
|move|p1b: Glimmora|Power Gem|p2b: Incineroar
|-supereffective|p2b: Incineroar|1
|-damage|p2b: Incineroar|0 fnt
|faint|p2b: Incineroar
|
|-ability|p2a: Espathra|Speed Boost|boost
|-boost|p2a: Espathra|spe|1
|upkeep
|turn|8
|
|t:|1784740612
|move|p2a: Espathra|Lumina Crash|p1b: Glimmora
|-supereffective|p1b: Glimmora|1
|-damage|p1b: Glimmora|0 fnt
|faint|p1b: Glimmora
|-damage|p2a: Espathra|90/100|[from] item: Life Orb
|move|p1a: Weavile|Knock Off|p2a: Espathra
|-supereffective|p2a: Espathra|1
|-damage|p2a: Espathra|0 fnt
|-enditem|p2a: Espathra|Life Orb|[from] move: Knock Off|[of] p1a: Weavile
|faint|p2a: Espathra
|
|win|itssobeak
