|j|☆Professor_J93
|j|☆raylof
|html|Professor_J93raylof    
|uhtml|bestof|Game 3 of a best-of-3
|t:|1757743208
|gametype|doubles
|player|p1|Professor_J93|n|1195
|player|p2|raylof|170|1293
|gen|9
|tier|[Gen 9] VGC 2025 Reg H (Bo3)
|rated|
|rule|Species Clause: Limit one of each Pokémon
|rule|Item Clause: Limit 1 of each item
|clearpoke
|poke|p1|Decidueye-Hisui, L50, M|
|poke|p1|Electabuzz, L50, M|
|poke|p1|Yanmega, L50, M|
|poke|p1|Chandelure, L50, M|
|poke|p1|Metagross, L50|
|poke|p1|Palafin, L50, F|
|poke|p2|Sneasler, L50, F|
|poke|p2|Dragapult, L50, M|
|poke|p2|Primarina, L50, F|
|poke|p2|Kingambit, L50, F|
|poke|p2|Magmar, L50, F|
|poke|p2|Rillaboom, L50, M|
|teampreview|4
|showteam|p1|Decidueye-Hisui||ScopeLens|Scrappy|TripleArrows,LeafBlade,Haze,Protect|||M|||50|,,,,,Fire]Electabuzz||Eviolite|VitalSpirit|Electroweb,FollowMe,Taunt,Thunderbolt|||M|||50|,,,,,Dragon]Yanmega||FocusSash|SpeedBoost|AirSlash,BugBuzz,Tailwind,Protect|||M|||50|,,,,,Ghost]Chandelure||FlamePlate|FlashFire|ShadowBall,HeatWave,TrickRoom,Protect|||M|||50|,,,,,Grass]Metagross||AssaultVest|ClearBody|HeavySlam,PsychicFangs,KnockOff,BulletPunch||||||50|,,,,,Dark]Palafin||LifeOrb|ZerotoHero|JetPunch,WaveCrash,Encore,Protect|||F|||50|,,,,,Water
|showteam|p2|Sneasler||FocusSash|Unburden|CloseCombat,DireClaw,FakeOut,Protect|||F|||50|,,,,,Stellar]Dragapult||ChoiceBand|ClearBody|DragonDarts,TeraBlast,PhantomForce,Uturn|||M|||50|,,,,,Ghost]Primarina||SitrusBerry|LiquidVoice|HyperVoice,Moonblast,Haze,Protect|||F|||50|,,,,,Poison]Kingambit||BlackGlasses|Defiant|KowtowCleave,SuckerPunch,SwordsDance,Protect|||F|||50|,,,,,Dark]Magmar||Eviolite|VitalSpirit|Overheat,WillOWisp,FollowMe,Protect|||F|||50|,,,,,Ghost]Rillaboom||AssaultVest|GrassySurge|WoodHammer,GrassyGlide,HighHorsepower,FakeOut|||M|||50|,,,,,Fire
|inactive|Battle timer is ON: inactive players will automatically lose when time's up. (requested by Professor_J93)
|j| sam smithy
|inactive|raylof has 60 seconds left.
|l| sam smithy
|
|t:|1757743257
|teamsize|p1|4
|teamsize|p2|4
|start
|switch|p1a: Chandelure|Chandelure, L50, M, shiny|100/100
|switch|p1b: Palafin|Palafin, L50, F|100/100
|switch|p2a: Dragapult|Dragapult, L50, M|100/100
|switch|p2b: Magmar|Magmar, L50, F|100/100
|turn|1
|inactive|raylof has 30 seconds left.
|
|t:|1757743283
|detailschange|p1b: Palafin|Palafin-Hero, L50, F
|switch|p1b: Metagross|Metagross, L50, shiny|100/100
|switch|p2b: Primarina|Primarina, L50, F|100/100
|move|p2a: Dragapult|Dragon Darts|p1a: Chandelure
|-damage|p1a: Chandelure|50/100
|-anim|p2a: Dragapult|Dragon Darts|p1b: Metagross
|-resisted|p1b: Metagross
|-damage|p1b: Metagross|85/100
|move|p1a: Chandelure|Trick Room|p1a: Chandelure
|-fieldstart|move: Trick Room|[of] p1a: Chandelure
|
|upkeep
|turn|2
|inactive|raylof has 30 seconds left.
|
|t:|1757743310
|switch|p1a: ElectaGOAT|Electabuzz, L50, M, shiny|100/100
|switch|p2a: Magmar|Magmar, L50, F|100/100
|move|p2b: Primarina|Hyper Voice|p1b: Metagross|[spread] p1a,p1b
|-damage|p1a: ElectaGOAT|72/100
|-damage|p1b: Metagross|62/100
|move|p1b: Metagross|Heavy Slam|p2b: Primarina
|-damage|p2b: Primarina|37/100
|-enditem|p2b: Primarina|Sitrus Berry|[eat]
|-heal|p2b: Primarina|62/100|[from] item: Sitrus Berry
|
|upkeep
|turn|3
|inactive|raylof has 30 seconds left.
|inactive|raylof has 20 seconds left.
|
|t:|1757743348
|move|p2a: Magmar|Follow Me|p2a: Magmar
|-singleturn|p2a: Magmar|move: Follow Me
|move|p1a: ElectaGOAT|Follow Me|p1a: ElectaGOAT
|-singleturn|p1a: ElectaGOAT|move: Follow Me
|move|p2b: Primarina|Hyper Voice|p1a: ElectaGOAT|[spread] p1a,p1b
|-damage|p1a: ElectaGOAT|46/100
|-damage|p1b: Metagross|40/100
|move|p1b: Metagross|Psychic Fangs|p2a: Magmar
|-damage|p2a: Magmar|58/100
|
|upkeep
|turn|4
|
|t:|1757743366
|move|p2a: Magmar|Follow Me|p2a: Magmar
|-singleturn|p2a: Magmar|move: Follow Me
|move|p2b: Primarina|Hyper Voice|p1a: ElectaGOAT|[spread] p1a,p1b
|-damage|p1a: ElectaGOAT|18/100
|-damage|p1b: Metagross|14/100
|move|p1b: Metagross|Heavy Slam|p2a: Magmar
|-resisted|p2a: Magmar
|-damage|p2a: Magmar|32/100
|move|p1a: ElectaGOAT|Taunt|p2a: Magmar
|-start|p2a: Magmar|move: Taunt
|
|upkeep
|turn|5
|
|t:|1757743387
|switch|p2a: Rillaboom|Rillaboom, L50, M|100/100
|-fieldstart|move: Grassy Terrain|[from] ability: Grassy Surge|[of] p2a: Rillaboom
|move|p1b: Metagross|Bullet Punch|p2b: Primarina
|-damage|p2b: Primarina|39/100
|move|p2b: Primarina|Hyper Voice|p1a: ElectaGOAT|[spread] p1a,p1b
|-crit|p1b: Metagross
|-damage|p1a: ElectaGOAT|0 fnt
|-damage|p1b: Metagross|0 fnt
|faint|p1a: ElectaGOAT
|faint|p1b: Metagross
|
|-heal|p2b: Primarina|45/100|[from] Grassy Terrain
|-fieldend|move: Trick Room
|upkeep
|
|t:|1757743400
|switch|p1a: Chandelure|Chandelure, L50, M, shiny|50/100
|switch|p1b: Palafin|Palafin-Hero, L50, F|100/100
|-activate|p1b: Palafin|ability: Zero to Hero
|turn|6
|inactive|raylof has 30 seconds left.
|inactive|raylof has 20 seconds left.
|inactive|raylof has 15 seconds left.
|
|t:|1757743444
|-terastallize|p2a: Rillaboom|Fire
|-terastallize|p1a: Chandelure|Grass
|move|p1b: Palafin|Protect|p1b: Palafin
|-singleturn|p1b: Palafin|Protect
|move|p2a: Rillaboom|High Horsepower|p1a: Chandelure
|-resisted|p1a: Chandelure
|-damage|p1a: Chandelure|29/100
|move|p1a: Chandelure|Heat Wave|p2a: Rillaboom|[spread] p2a
|-miss|p1a: Chandelure|p2b: Primarina
|-resisted|p2a: Rillaboom
|-damage|p2a: Rillaboom|83/100
|move|p2b: Primarina|Hyper Voice|p1b: Palafin|[spread] p1a
|-activate|p1b: Palafin|move: Protect
|-resisted|p1a: Chandelure
|-damage|p1a: Chandelure|8/100
|
|-heal|p2a: Rillaboom|88/100|[from] Grassy Terrain
|-heal|p1a: Chandelure|14/100|[from] Grassy Terrain
|-heal|p2b: Primarina|51/100|[from] Grassy Terrain
|upkeep
|turn|7
|
|t:|1757743465
|move|p1b: Palafin|Jet Punch|p2a: Rillaboom
|-supereffective|p2a: Rillaboom
|-crit|p2a: Rillaboom
|-damage|p2a: Rillaboom|0 fnt
|faint|p2a: Rillaboom
|-damage|p1b: Palafin|91/100|[from] item: Life Orb
|move|p1a: Chandelure|Shadow Ball|p2b: Primarina
|-damage|p2b: Primarina|7/100
|move|p2b: Primarina|Moonblast|p1a: Chandelure
|-damage|p1a: Chandelure|0 fnt
|faint|p1a: Chandelure
|
|-heal|p1b: Palafin|96/100|[from] Grassy Terrain
|-heal|p2b: Primarina|13/100|[from] Grassy Terrain
|upkeep
|
|t:|1757743479
|switch|p2a: Dragapult|Dragapult, L50, M|100/100
|turn|8
|
|t:|1757743487
|move|p2b: Primarina|Protect|p2b: Primarina
|-singleturn|p2b: Primarina|Protect
|move|p1b: Palafin|Jet Punch|p2a: Dragapult
|-resisted|p2a: Dragapult
|-damage|p2a: Dragapult|66/100
|-damage|p1b: Palafin|87/100|[from] item: Life Orb
|move|p2a: Dragapult|Dragon Darts|p1b: Palafin
|-damage|p1b: Palafin|42/100
|-anim|p2a: Dragapult|Dragon Darts|p1b: Palafin
|-damage|p1b: Palafin|0 fnt
|faint|p1b: Palafin
|
|win|raylof
|raw|Professor_J93's rating: 1195 → 1177(-18 for losing)
|raw|raylof's rating: 1293 → 1311(+18 for winning)
|l|☆Professor_J93
|player|p1|
|l|☆raylof
|player|p2|
