|j|☆marcusquinn
|j|☆Recadeco
|html|marcusquinnRecadeco    
|uhtml|bestof|Game 2 of a best-of-3
|t:|1755665771
|gametype|doubles
|player|p1|marcusquinn|hilbert-wonderlauncher|1364
|player|p2|Recadeco|lucas|1381
|gen|9
|tier|[Gen 9] VGC 2025 Reg H (Bo3)
|rated|
|rule|Species Clause: Limit one of each Pokémon
|rule|Item Clause: Limit 1 of each item
|clearpoke
|poke|p1|Archaludon, L50, F|
|poke|p1|Porygon2, L50|
|poke|p1|Incineroar, L50, F|
|poke|p1|Ursaluna, L50, M|
|poke|p1|Sneasler, L50, M|
|poke|p1|Dragonite, L50, F|
|poke|p2|Kingambit, L50, M|
|poke|p2|Maushold-Four, L50|
|poke|p2|Talonflame, L50, M|
|poke|p2|Primarina, L50, F|
|poke|p2|Rillaboom, L50, F|
|poke|p2|Gholdengo, L50|
|teampreview|4
|showteam|p1|Archaludon||PowerHerb|Sturdy|Protect,ElectroShot,DracoMeteor,FlashCannon|||F|||50|,,,,,Electric]Porygon2||Eviolite|Download|TeraBlast,IceBeam,Recover,TrickRoom||||||50|,,,,,Fighting]Incineroar||SitrusBerry|Intimidate|FlareBlitz,KnockOff,FakeOut,PartingShot|||F|||50|,,,,,Ghost]Ursaluna||FlameOrb|Guts|HeadlongRush,Facade,Earthquake,Protect|||M|||50|,,,,,Ghost]Sneasler||FocusSash|Unburden|Protect,CloseCombat,DireClaw,ThroatChop|||M|||50|,,,,,Stellar]Dragonite||LoadedDice|Multiscale|ScaleShot,Tailwind,Haze,Protect|||F|||50|,,,,,Steel
|showteam|p2|Kingambit||BlackGlasses|Defiant|KowtowCleave,SuckerPunch,SwordsDance,Protect|||M|||50|,,,,,Dark]Maushold-Four||SafetyGoggles|FriendGuard|SuperFang,HelpingHand,FollowMe,Taunt||||||50|,,,,,Ghost]Talonflame||CovertCloak|GaleWings|BraveBird,FlareBlitz,WillOWisp,Tailwind|||M|||50|,,,,,Stellar]Primarina||LifeOrb|LiquidVoice|HyperVoice,Moonblast,Haze,Protect|||F|||50|,,,,,Poison]Rillaboom||AssaultVest|GrassySurge|WoodHammer,HighHorsepower,Uturn,FakeOut|||F|||50|,,,,,Fire]Gholdengo||ChoiceSpecs|GoodasGold|MakeItRain,ShadowBall,Thunderbolt,PowerGem||||||50|,,,,,Steel
|inactive|Battle timer is ON: inactive players will automatically lose when time's up. (requested by marcusquinn)
|
|t:|1755665794
|teamsize|p1|4
|teamsize|p2|4
|start
|switch|p1a: Archaludon|Archaludon, L50, F|100/100
|switch|p1b: Dragonite|Dragonite, L50, F, shiny|100/100
|switch|p2a: Eugine|Gholdengo, L50|100/100
|switch|p2b: Shreder|Kingambit, L50, M, shiny|100/100
|turn|1
|inactive|Recadeco has 30 seconds left.
|inactive|Recadeco has 20 seconds left.
|inactive|Recadeco has 15 seconds left.
|inactive|Recadeco has 10 seconds left.
|inactive|Recadeco has 5 seconds left.
|
|t:|1755665845
|switch|p2a: Flying Gorilla|Rillaboom, L50, F|100/100
|-fieldstart|move: Grassy Terrain|[from] ability: Grassy Surge|[of] p2a: Flying Gorilla
|-terastallize|p1a: Archaludon|Electric
|move|p2b: Shreder|Sucker Punch|p1a: Archaludon
|-damage|p1a: Archaludon|57/100
|move|p1a: Archaludon|Electro Shot||[still]
|-prepare|p1a: Archaludon|Electro Shot
|-boost|p1a: Archaludon|spa|1
|-enditem|p1a: Archaludon|Power Herb
|-anim|p1a: Archaludon|Electro Shot|p2b: Shreder
|-damage|p2b: Shreder|0 fnt
|faint|p2b: Shreder
|move|p1b: Dragonite|Scale Shot|p2a: Flying Gorilla
|-damage|p2a: Flying Gorilla|88/100
|-damage|p2a: Flying Gorilla|74/100
|-damage|p2a: Flying Gorilla|61/100
|-damage|p2a: Flying Gorilla|47/100
|-hitcount|p2a: Flying Gorilla|4
|-unboost|p1b: Dragonite|def|1
|-boost|p1b: Dragonite|spe|1
|
|-heal|p1a: Archaludon|63/100|[from] Grassy Terrain
|-heal|p2a: Flying Gorilla|53/100|[from] Grassy Terrain
|upkeep
|inactive|Recadeco has 30 seconds left.
|
|t:|1755665880
|switch|p2b: Ariel|Primarina, L50, F|100/100
|turn|2
|
|t:|1755665899
|switch|p2a: Eugine|Gholdengo, L50|100/100
|move|p1b: Dragonite|Scale Shot|p2a: Eugine
|-resisted|p2a: Eugine
|-damage|p2a: Eugine|93/100
|-resisted|p2a: Eugine
|-damage|p2a: Eugine|86/100
|-resisted|p2a: Eugine
|-damage|p2a: Eugine|79/100
|-resisted|p2a: Eugine
|-damage|p2a: Eugine|72/100
|-hitcount|p2a: Eugine|4
|-unboost|p1b: Dragonite|def|1
|-boost|p1b: Dragonite|spe|1
|move|p1a: Archaludon|Flash Cannon|p2a: Eugine
|-resisted|p2a: Eugine
|-damage|p2a: Eugine|34/100
|move|p2b: Ariel|Moonblast|p1a: Archaludon
|-damage|p1a: Archaludon|0 fnt
|faint|p1a: Archaludon
|-damage|p2b: Ariel|90/100|[from] item: Life Orb
|
|-heal|p2a: Eugine|40/100|[from] Grassy Terrain
|-heal|p2b: Ariel|97/100|[from] Grassy Terrain
|upkeep
|inactive|marcusquinn has 30 seconds left.
|
|t:|1755665924
|switch|p1a: Ursaluna|Ursaluna, L50, M|100/100
|turn|3
|inactive|Recadeco has 30 seconds left.
|inactive|Recadeco has 20 seconds left.
|inactive|Recadeco has 15 seconds left.
|inactive|Recadeco has 10 seconds left.
|inactive|Recadeco has 5 seconds left.
|
|t:|1755665975
|-terastallize|p2a: Eugine|Steel
|move|p1a: Ursaluna|Protect|p1a: Ursaluna
|-singleturn|p1a: Ursaluna|Protect
|move|p1b: Dragonite|Tailwind|p1b: Dragonite
|-sidestart|p1: marcusquinn|move: Tailwind
|move|p2a: Eugine|Make It Rain|p1b: Dragonite|[spread] p1b
|-activate|p1a: Ursaluna|move: Protect
|-damage|p1b: Dragonite|50/100
|-unboost|p2a: Eugine|spa|1
|move|p2b: Ariel|Hyper Voice|p1b: Dragonite|[spread] p1b
|-activate|p1a: Ursaluna|move: Protect
|-resisted|p1b: Dragonite
|-damage|p1b: Dragonite|26/100
|-damage|p2b: Ariel|87/100|[from] item: Life Orb
|
|-heal|p2a: Eugine|46/100|[from] Grassy Terrain
|-heal|p2b: Ariel|93/100|[from] Grassy Terrain
|-status|p1a: Ursaluna|brn|[from] item: Flame Orb
|upkeep
|turn|4
|inactive|Recadeco has 30 seconds left.
|inactive|Recadeco has 20 seconds left.
|
|t:|1755666013
|move|p1b: Dragonite|Scale Shot|p2a: Eugine
|-resisted|p2a: Eugine
|-damage|p2a: Eugine|38/100
|-resisted|p2a: Eugine
|-damage|p2a: Eugine|31/100
|-resisted|p2a: Eugine
|-damage|p2a: Eugine|24/100
|-resisted|p2a: Eugine
|-damage|p2a: Eugine|16/100
|-resisted|p2a: Eugine
|-damage|p2a: Eugine|9/100
|-hitcount|p2a: Eugine|5
|-unboost|p1b: Dragonite|def|1
|-boost|p1b: Dragonite|spe|1
|move|p1a: Ursaluna|Facade|p2b: Ariel
|-damage|p2b: Ariel|0 fnt
|faint|p2b: Ariel
|move|p2a: Eugine|Make It Rain|p1b: Dragonite|[spread] p1a,p1b
|-damage|p1a: Ursaluna|37/100 brn
|-damage|p1b: Dragonite|0 fnt
|-unboost|p2a: Eugine|spa|1
|faint|p1b: Dragonite
|
|-heal|p1a: Ursaluna|43/100 brn|[from] Grassy Terrain
|-heal|p2a: Eugine|15/100|[from] Grassy Terrain
|-damage|p1a: Ursaluna|37/100 brn|[from] brn
|upkeep
|
|t:|1755666035
|switch|p1b: Sneasler|Sneasler, L50, M|100/100
|switch|p2b: Flying Gorilla|Rillaboom, L50, F|53/100
|turn|5
|
|t:|1755666050
|move|p1b: Sneasler|Protect|p1b: Sneasler
|-singleturn|p1b: Sneasler|Protect
|move|p1a: Ursaluna|Protect|p1a: Ursaluna
|-singleturn|p1a: Ursaluna|Protect
|move|p2b: Flying Gorilla|Fake Out|p1b: Sneasler
|-activate|p1b: Sneasler|move: Protect
|move|p2a: Eugine|Make It Rain|p1b: Sneasler|[spread] 
|-activate|p1a: Ursaluna|move: Protect
|-activate|p1b: Sneasler|move: Protect
|
|-heal|p1a: Ursaluna|43/100 brn|[from] Grassy Terrain
|-heal|p2a: Eugine|21/100|[from] Grassy Terrain
|-heal|p2b: Flying Gorilla|59/100|[from] Grassy Terrain
|-damage|p1a: Ursaluna|37/100 brn|[from] brn
|-fieldend|move: Grassy Terrain
|upkeep
|turn|6
|
|t:|1755666067
|move|p1b: Sneasler|Close Combat|p2a: Eugine
|-supereffective|p2a: Eugine
|-damage|p2a: Eugine|0 fnt
|-unboost|p1b: Sneasler|def|1
|-unboost|p1b: Sneasler|spd|1
|faint|p2a: Eugine
|move|p1a: Ursaluna|Facade|p2b: Flying Gorilla
|-damage|p2b: Flying Gorilla|0 fnt
|faint|p2b: Flying Gorilla
|
|win|marcusquinn
|raw|marcusquinn's rating: 1364 → 1385(+21 for winning)
|raw|Recadeco's rating: 1381 → 1360(-21 for losing)
|l|☆Recadeco
|player|p2|
