|j|☆Dawsonschris
|j|☆Nearshort
|html|DawsonschrisNearshort    
|uhtml|bestof|Game 1 of a best-of-3
|t:|1756955362
|gametype|doubles
|player|p1|Dawsonschris|artist-gen4|1103
|player|p2|Nearshort|birdkeeper-gen4dp|1056
|gen|9
|tier|[Gen 9] VGC 2025 Reg H (Bo3)
|rated|
|rule|Species Clause: Limit one of each Pokémon
|rule|Item Clause: Limit 1 of each item
|clearpoke
|poke|p1|Ursaluna-Bloodmoon, L50, M|
|poke|p1|Electabuzz, L50, F|
|poke|p1|Sneasler, L50, F|
|poke|p1|Indeedee, L50, M|
|poke|p1|Whimsicott, L50, F|
|poke|p1|Typhlosion-Hisui, L50, F|
|poke|p2|Tyranitar, L50, M|
|poke|p2|Amoonguss, L50, F|
|poke|p2|Kommo-o, L50, M|
|poke|p2|Excadrill, L50, F|
|poke|p2|Indeedee-F, L50, F|
|poke|p2|Hatterene, L50, F|
|teampreview|4
|showteam|p1|Ursaluna-Bloodmoon||LifeOrb|MindsEye|Protect,BloodMoon,EarthPower,HyperVoice|||M|||50|,,,,,Normal]Electabuzz||Eviolite|VitalSpirit|FollowMe,Taunt,Electroweb,Protect|||F|||50|,,,,,Dragon]Sneasler||PsychicSeed|Unburden|ThroatChop,DireClaw,CloseCombat,Protect|||F|||50|,,,,,Dark]Indeedee||FocusSash|PsychicSurge|ExpandingForce,TrickRoom,HelpingHand,Protect|||M|||50|,,,,,Psychic]Whimsicott||CovertCloak|Prankster|Tailwind,Moonblast,Encore,SunnyDay|||F|||50|,,,,,Ghost]Typhlosion-Hisui||ChoiceSpecs|Blaze|Eruption,HeatWave,ShadowBall,Flamethrower|||F|||50|,,,,,Fire
|showteam|p2|Tyranitar||AssaultVest|SandStream|TeraBlast,LowKick,RockSlide,KnockOff|||M|||50|,,,,,Flying]Amoonguss||RockyHelmet|Regenerator|RagePowder,SludgeBomb,Protect,Spore|||F|||50|,,,,,Water]Kommo-o||Leftovers|Overcoat|AuraSphere,ClangingScales,ClangorousSoul,Protect|||M|||50|,,,,,Bug]Excadrill||FocusSash|SandForce|Earthquake,Protect,RockSlide,IronHead|||F|||50|,,,,,Stellar]Indeedee-F||SafetyGoggles|PsychicSurge|FollowMe,Psychic,Protect,TrickRoom|||F|||50|,,,,,Fairy]Hatterene||LifeOrb|MagicBounce|ShadowBall,ExpandingForce,DazzlingGleam,Protect|||F|||50|,,,,,Fairy
|inactive|Battle timer is ON: inactive players will automatically lose when time's up. (requested by Dawsonschris)
|inactive|Dawsonschris has 60 seconds left.
|
|t:|1756955404
|teamsize|p1|4
|teamsize|p2|4
|start
|switch|p1a: Whimsicott|Whimsicott, L50, F|100/100
|switch|p1b: Typhlosion|Typhlosion-Hisui, L50, F|100/100
|switch|p2a: Amoonguss|Amoonguss, L50, F, shiny|100/100
|switch|p2b: Kommo-o|Kommo-o, L50, M|100/100
|turn|1
|inactive|Dawsonschris has 30 seconds left.
|
|t:|1756955434
|-terastallize|p1b: Typhlosion|Fire
|-terastallize|p2a: Amoonguss|Water
|move|p1a: Whimsicott|Sunny Day|p1a: Whimsicott
|-weather|SunnyDay
|move|p1b: Typhlosion|Eruption|p2b: Kommo-o|[spread] p2a,p2b
|-resisted|p2a: Amoonguss
|-resisted|p2b: Kommo-o
|-damage|p2a: Amoonguss|34/100
|-damage|p2b: Kommo-o|11/100
|move|p2b: Kommo-o|Clangorous Soul||[still]
|-fail|p2b: Kommo-o
|move|p2a: Amoonguss|Sludge Bomb|p1a: Whimsicott
|-supereffective|p1a: Whimsicott
|-damage|p1a: Whimsicott|0 fnt
|faint|p1a: Whimsicott
|
|-weather|SunnyDay|[upkeep]
|-heal|p2b: Kommo-o|17/100|[from] item: Leftovers
|upkeep
|inactive|Dawsonschris has 30 seconds left.
|
|t:|1756955461
|switch|p1a: Electabuzz|Electabuzz, L50, F|100/100
|turn|2
|
|t:|1756955466
|switch|p2a: Tyranitar|Tyranitar, L50, M, shiny|100/100
|-weather|Sandstorm|[from] ability: Sand Stream|[of] p2a: Tyranitar
|move|p2b: Kommo-o|Protect|p2b: Kommo-o
|-singleturn|p2b: Kommo-o|Protect
|move|p1a: Electabuzz|Electroweb|p2a: Tyranitar|[spread] 
|-activate|p2b: Kommo-o|move: Protect
|-miss|p1a: Electabuzz|p2a: Tyranitar
|move|p1b: Typhlosion|Eruption|p2a: Tyranitar|[spread] p2a
|-activate|p2b: Kommo-o|move: Protect
|-resisted|p2a: Tyranitar
|-damage|p2a: Tyranitar|77/100
|
|-weather|Sandstorm|[upkeep]
|-damage|p1a: Electabuzz|95/100|[from] Sandstorm
|-damage|p1b: Typhlosion|94/100|[from] Sandstorm
|-heal|p2b: Kommo-o|23/100|[from] item: Leftovers
|upkeep
|turn|3
|
|t:|1756955487
|switch|p1b: Ursaluna|Ursaluna-Bloodmoon, L50, M|100/100
|switch|p2b: Amoonguss|Amoonguss, L50, F, shiny, tera:Water|67/100
|move|p1a: Electabuzz|Electroweb|p2a: Tyranitar|[spread] p2a,p2b
|-supereffective|p2b: Amoonguss
|-damage|p2a: Tyranitar|70/100
|-damage|p2b: Amoonguss|47/100
|-unboost|p2a: Tyranitar|spe|1
|-unboost|p2b: Amoonguss|spe|1
|move|p2a: Tyranitar|Rock Slide|p1a: Electabuzz|[spread] p1b
|-miss|p2a: Tyranitar|p1a: Electabuzz
|-resisted|p1b: Ursaluna
|-damage|p1b: Ursaluna|88/100
|
|-weather|Sandstorm|[upkeep]
|-damage|p1a: Electabuzz|89/100|[from] Sandstorm
|-damage|p2b: Amoonguss|41/100|[from] Sandstorm
|upkeep
|turn|4
|
|t:|1756955511
|move|p1a: Electabuzz|Follow Me|p1a: Electabuzz
|-singleturn|p1a: Electabuzz|move: Follow Me
|move|p2b: Amoonguss|Rage Powder|p2b: Amoonguss
|-singleturn|p2b: Amoonguss|move: Rage Powder
|move|p1b: Ursaluna|Earth Power|p2b: Amoonguss
|-damage|p2b: Amoonguss|0 fnt
|faint|p2b: Amoonguss
|-damage|p1b: Ursaluna|78/100|[from] item: Life Orb
|move|p2a: Tyranitar|Knock Off|p1a: Electabuzz
|-damage|p1a: Electabuzz|29/100
|-enditem|p1a: Electabuzz|Eviolite|[from] move: Knock Off|[of] p2a: Tyranitar
|
|-weather|Sandstorm|[upkeep]
|-damage|p1a: Electabuzz|23/100|[from] Sandstorm
|upkeep
|
|t:|1756955524
|switch|p2b: Indeedee|Indeedee-F, L50, F, shiny|100/100
|-fieldstart|move: Psychic Terrain|[from] ability: Psychic Surge|[of] p2b: Indeedee
|turn|5
|
|t:|1756955537
|move|p2b: Indeedee|Follow Me|p2b: Indeedee
|-singleturn|p2b: Indeedee|move: Follow Me
|move|p1a: Electabuzz|Electroweb|p2b: Indeedee|[spread] p2a,p2b
|-damage|p2a: Tyranitar|64/100
|-damage|p2b: Indeedee|86/100
|-unboost|p2a: Tyranitar|spe|1
|-unboost|p2b: Indeedee|spe|1
|move|p1b: Ursaluna|Blood Moon|p2b: Indeedee
|-damage|p2b: Indeedee|0 fnt
|faint|p2b: Indeedee
|-damage|p1b: Ursaluna|69/100|[from] item: Life Orb
|move|p2a: Tyranitar|Rock Slide|p1a: Electabuzz|[spread] p1a,p1b
|-resisted|p1b: Ursaluna
|-damage|p1a: Electabuzz|0 fnt
|-damage|p1b: Ursaluna|56/100
|faint|p1a: Electabuzz
|
|-weather|Sandstorm|[upkeep]
|upkeep
|
|t:|1756955557
|switch|p1a: Typhlosion|Typhlosion-Hisui, L50, F, tera:Fire|94/100
|switch|p2b: Kommo-o|Kommo-o, L50, M|23/100
|turn|6
|
|t:|1756955579
|move|p2b: Kommo-o|Protect|p2b: Kommo-o
|-singleturn|p2b: Kommo-o|Protect
|move|p1a: Typhlosion|Heat Wave|p2a: Tyranitar|[spread] p2a
|-activate|p2b: Kommo-o|move: Protect
|-resisted|p2a: Tyranitar
|-damage|p2a: Tyranitar|48/100
|move|p1b: Ursaluna|Hyper Voice|p2a: Tyranitar|[spread] p2a
|-activate|p2b: Kommo-o|move: Protect
|-resisted|p2a: Tyranitar
|-damage|p2a: Tyranitar|36/100
|-damage|p1b: Ursaluna|46/100|[from] item: Life Orb
|move|p2a: Tyranitar|Knock Off|p1b: Ursaluna
|-damage|p1b: Ursaluna|1/100
|-enditem|p1b: Ursaluna|Life Orb|[from] move: Knock Off|[of] p2a: Tyranitar
|
|-weather|none
|-heal|p2b: Kommo-o|29/100|[from] item: Leftovers
|upkeep
|turn|7
|
|t:|1756955603
|move|p1a: Typhlosion|Heat Wave|p2b: Kommo-o|[spread] p2a,p2b
|-resisted|p2a: Tyranitar
|-resisted|p2b: Kommo-o
|-damage|p2a: Tyranitar|14/100
|-damage|p2b: Kommo-o|0 fnt
|faint|p2b: Kommo-o
|move|p1b: Ursaluna|Earth Power|p2a: Tyranitar
|-supereffective|p2a: Tyranitar
|-damage|p2a: Tyranitar|0 fnt
|faint|p2a: Tyranitar
|
|win|Dawsonschris
||Nearshort is ready for game 2.
|inactive|Dawsonschris has 29 seconds to confirm battle start!
