|j|☆is_katabo
|j|☆huezinhu
|html|is_katabohuezinhu    
|uhtml|bestof|Game 2 of a best-of-3
|t:|1757202849
|gametype|doubles
|player|p1|is_katabo|barry|
|player|p2|huezinhu|170|
|gen|9
|tier|[Gen 9] VGC 2025 Reg H (Bo3)
|rule|Species Clause: Limit one of each Pokémon
|rule|Item Clause: Limit 1 of each item
|clearpoke
|poke|p1|Milotic, L50, M|
|poke|p1|Incineroar, L50, F|
|poke|p1|Amoonguss, L50, F|
|poke|p1|Gholdengo, L50|
|poke|p1|Ursaluna-Bloodmoon, L50, M|
|poke|p1|Dragonite, L50, F|
|poke|p2|Indeedee-F, L50, F|
|poke|p2|Gallade, L50, M|
|poke|p2|Hatterene, L50, F|
|poke|p2|Ursaluna, L50, F|
|poke|p2|Torkoal, L50, M|
|poke|p2|Lilligant-Hisui, L50, F|
|teampreview|4
|showteam|p1|Milotic||SafetyGoggles|Competitive|Scald,IcyWind,Haze,Protect|||M|||50|,,,,,Dragon]Incineroar||SitrusBerry|Intimidate|FakeOut,KnockOff,FlareBlitz,PartingShot|||F|||50|,,,,,Ghost]Amoonguss||CovertCloak|Regenerator|PollenPuff,RagePowder,Spore,Protect|||F|||50|,,,,,Electric]Gholdengo||LifeOrb|GoodasGold|MakeItRain,ShadowBall,NastyPlot,Protect||||||50|,,,,,Water]Ursaluna-Bloodmoon||AssaultVest|MindsEye|BloodMoon,HyperVoice,EarthPower,VacuumWave|||M|||50|,,,,,Water]Dragonite||LoadedDice|Multiscale|ScaleShot,ExtremeSpeed,Tailwind,Protect|||F|||50|,,,,,Steel
|showteam|p2|Indeedee-F||PsychicSeed|PsychicSurge|Psychic,FollowMe,HelpingHand,TrickRoom|||F|||50|,,,,,Water]Gallade||ClearAmulet|Sharpness|PsychoCut,SacredSword,TrickRoom,WideGuard|||M|||50|,,,,,Grass]Hatterene||LifeOrb|MagicBounce|ExpandingForce,DazzlingGleam,TrickRoom,Protect|||F|||50|,,,,,Psychic]Ursaluna||FlameOrb|Guts|Facade,HeadlongRush,SwordsDance,Protect|||F|||50|,,,,,Ghost]Torkoal||ChoiceSpecs|Drought|Eruption,HeatWave,WeatherBall,EarthPower|||M|||50|,,,,,Fire]Lilligant-Hisui||FocusSash|Chlorophyll|SleepPowder,CloseCombat,SolarBlade,AfterYou|||F|||50|,,,,,Ghost
|inactive|Battle timer is ON: inactive players will automatically lose when time's up. (requested by huezinhu)
|
|t:|1757202880
|teamsize|p1|4
|teamsize|p2|4
|start
|switch|p1a: Party People|Gholdengo, L50|100/100
|switch|p1b: SAMO|Amoonguss, L50, F|100/100
|switch|p2a: Hatterene|Hatterene, L50, F|100/100
|switch|p2b: Indeedee|Indeedee-F, L50, F|100/100
|-fieldstart|move: Psychic Terrain|[from] ability: Psychic Surge|[of] p2b: Indeedee
|-enditem|p2b: Indeedee|Psychic Seed
|-boost|p2b: Indeedee|spd|1|[from] item: Psychic Seed
|turn|1
|inactive|huezinhu has 30 seconds left.
|inactive|huezinhu has 20 seconds left.
|
|t:|1757202918
|-terastallize|p1b: SAMO|Electric
|-terastallize|p2a: Hatterene|Psychic
|move|p2b: Indeedee|Follow Me|p2b: Indeedee
|-singleturn|p2b: Indeedee|move: Follow Me
|move|p1a: Party People|Nasty Plot|p1a: Party People
|-boost|p1a: Party People|spa|2
|move|p1b: SAMO|Spore|p2b: Indeedee
|-status|p2b: Indeedee|slp|[from] move: Spore
|move|p2a: Hatterene|Trick Room|p2a: Hatterene
|-fieldstart|move: Trick Room|[of] p2a: Hatterene
|
|upkeep
|turn|2
|inactive|is_katabo has 30 seconds left.
|
|t:|1757202947
|cant|p2b: Indeedee|slp
|move|p2a: Hatterene|Expanding Force|p1b: SAMO|[spread] p1a,p1b
|-resisted|p1a: Party People
|-damage|p1a: Party People|41/100
|-damage|p1b: SAMO|21/100
|-damage|p2a: Hatterene|91/100|[from] item: Life Orb
|move|p1b: SAMO|Pollen Puff|p1a: Party People
|-heal|p1a: Party People|91/100
|move|p1a: Party People|Make It Rain|p2a: Hatterene|[spread] p2a,p2b
|-damage|p2a: Hatterene|0 fnt
|-damage|p2b: Indeedee|28/100 slp
|-unboost|p1a: Party People|spa|1
|faint|p2a: Hatterene
|-damage|p1a: Party People|81/100|[from] item: Life Orb
|
|upkeep
|
|t:|1757202963
|switch|p2a: Torkoal|Torkoal, L50, M|100/100
|-weather|SunnyDay|[from] ability: Drought|[of] p2a: Torkoal
|turn|3
|
|t:|1757202980
|switch|p1b: Big Fish|Milotic, L50, M|100/100
|cant|p2b: Indeedee|slp
|move|p1a: Party People|Protect|p1a: Party People
|-singleturn|p1a: Party People|Protect
|move|p2a: Torkoal|Eruption|p1a: Party People|[spread] p1b
|-activate|p1a: Party People|move: Protect
|-resisted|p1b: Big Fish
|-damage|p1b: Big Fish|66/100
|
|-weather|SunnyDay|[upkeep]
|upkeep
|turn|4
|
|t:|1757202996
|switch|p1a: Yeah Right|Incineroar, L50, F|100/100
|-ability|p1a: Yeah Right|Intimidate|boost
|-unboost|p2a: Torkoal|atk|1
|-unboost|p2b: Indeedee|atk|1
|-curestatus|p2b: Indeedee|slp|[msg]
|move|p2b: Indeedee|Helping Hand|p2a: Torkoal
|-singleturn|p2a: Torkoal|Helping Hand|[of] p2b: Indeedee
|move|p2a: Torkoal|Eruption|p1b: Big Fish|[spread] p1a,p1b
|-resisted|p1a: Yeah Right
|-resisted|p1b: Big Fish
|-damage|p1a: Yeah Right|29/100
|-damage|p1b: Big Fish|9/100
|-enditem|p1a: Yeah Right|Sitrus Berry|[eat]
|-heal|p1a: Yeah Right|54/100|[from] item: Sitrus Berry
|move|p1b: Big Fish|Scald|p2a: Torkoal
|-supereffective|p2a: Torkoal
|-damage|p2a: Torkoal|65/100
|
|-weather|SunnyDay|[upkeep]
|upkeep
|turn|5
|
|t:|1757203020
|move|p1b: Big Fish|Protect|p1b: Big Fish
|-singleturn|p1b: Big Fish|Protect
|move|p2a: Torkoal|Eruption|p1a: Yeah Right|[spread] p1a
|-activate|p1b: Big Fish|move: Protect
|-resisted|p1a: Yeah Right
|-damage|p1a: Yeah Right|24/100
|move|p2b: Indeedee|Psychic|p1b: Big Fish
|-activate|p1b: Big Fish|move: Protect
|move|p1a: Yeah Right|Knock Off|p2a: Torkoal
|-damage|p2a: Torkoal|33/100
|-enditem|p2a: Torkoal|Choice Specs|[from] move: Knock Off|[of] p1a: Yeah Right
|
|-weather|SunnyDay|[upkeep]
|-fieldend|move: Trick Room
|-fieldend|move: Psychic Terrain
|upkeep
|turn|6
|inactive|huezinhu has 30 seconds left.
|
|t:|1757203050
|move|p2b: Indeedee|Follow Me|p2b: Indeedee
|-singleturn|p2b: Indeedee|move: Follow Me
|move|p1b: Big Fish|Scald|p2b: Indeedee
|-damage|p2b: Indeedee|19/100
|move|p1a: Yeah Right|Knock Off|p2b: Indeedee
|-supereffective|p2b: Indeedee
|-damage|p2b: Indeedee|0 fnt
|faint|p2b: Indeedee
|move|p2a: Torkoal|Heat Wave|p1a: Yeah Right|[spread] p1a,p1b
|-resisted|p1a: Yeah Right
|-resisted|p1b: Big Fish
|-damage|p1a: Yeah Right|3/100
|-damage|p1b: Big Fish|0 fnt
|faint|p1b: Big Fish
|
|-weather|SunnyDay|[upkeep]
|upkeep
|
|t:|1757203062
|switch|p1b: Party People|Gholdengo, L50|81/100
|switch|p2b: Gallade|Gallade, L50, M|100/100
|turn|7
|
|t:|1757203072
|move|p2b: Gallade|Wide Guard|p2b: Gallade
|-singleturn|p2b: Gallade|Wide Guard
|move|p1b: Party People|Shadow Ball|p2a: Torkoal
|-damage|p2a: Torkoal|0 fnt
|faint|p2a: Torkoal
|-damage|p1b: Party People|72/100|[from] item: Life Orb
|move|p1a: Yeah Right|Knock Off|p2b: Gallade
|-damage|p2b: Gallade|39/100
|-enditem|p2b: Gallade|Clear Amulet|[from] move: Knock Off|[of] p1a: Yeah Right
|
|-weather|none
|upkeep
|turn|8
|
|t:|1757203085
|move|p1b: Party People|Shadow Ball|p2b: Gallade
|-supereffective|p2b: Gallade
|-damage|p2b: Gallade|0 fnt
|faint|p2b: Gallade
|-damage|p1b: Party People|62/100|[from] item: Life Orb
|
|win|is_katabo
||huezinhu is ready for game 3.
||is_katabo is ready for game 3.
|uhtml|next|Next: Game 3 of 3
