|j|☆avalanche766
|j|☆lunekike98
|html|avalanche766lunekike98    
|uhtml|bestof|Game 1 of a best-of-3
|t:|1785117424
|gametype|doubles
|player|p1|avalanche766|petrel|
|player|p2|lunekike98|266|
|gen|9
|tier|[Gen 9 Champions] VGC 2026 Reg M-B (Bo3)
|rule|Species Clause: Limit one of each Pokémon
|rule|Item Clause: Limit 1 of each item
|clearpoke
|poke|p1|Staraptor, L50, M|
|poke|p1|Gholdengo, L50|
|poke|p1|Torkoal, L50, F|
|poke|p1|Corviknight, L50, F, shiny|
|poke|p1|Excadrill, L50, F|
|poke|p1|Mimikyu, L50, F|
|poke|p2|Metagross, L50|
|poke|p2|Whimsicott, L50, F|
|poke|p2|Aerodactyl, L50, F|
|poke|p2|Arcanine, L50, F|
|poke|p2|Greninja, L50, F|
|poke|p2|Raichu, L50, F|
|teampreview|4
|showteam|p1|Staraptor||Staraptite|Intimidate|CloseCombat,BraveBird,Protect,Roost|Jolly||M|||50|]Gholdengo||LifeOrb|GoodasGold|MakeItRain,ShadowBall,DazzlingGleam,Protect|Modest|||||50|]Torkoal||Charcoal|Drought|Eruption,HeatWave,EarthPower,Protect|Quiet||F|||50|]Corviknight||Leftovers|Pressure|Tailwind,Roost,BodyPress,Taunt|Impish||F|||50|]Excadrill||FocusSash|MoldBreaker|Earthquake,IronHead,RockSlide,Protect|Adamant||F|||50|]Mimikyu||MentalHerb|Disguise|TrickRoom,ShadowSneak,PlayRough,WillOWisp|Brave||F|||50|
|showteam|p2|Metagross||Metagrossite|ClearBody|BodyPress,IcePunch,IronHead,Protect|Jolly|||||50|]Whimsicott||FocusSash|Prankster|Moonblast,SunnyDay,Tailwind,Tickle|Timid||F|||50|]Aerodactyl||WideLens|RockHead|RockSlide,Protect,Tailwind,WideGuard|Jolly||F|||50|]Arcanine||SitrusBerry|Intimidate|FlareBlitz,Protect,Snarl,WillOWisp|Adamant||F|||50|]Greninja||LifeOrb|Torrent|DarkPulse,HydroPump,IceBeam,Protect|Timid||F|||50|]Raichu||ShucaBerry|Static|FakeOut,VoltSwitch,Protect,ZapCannon|Timid||F|||50|
|j| PorygonTheBot
|c| PorygonTheBot|y'all are stupid
|j| EGG_dude
|
|t:|1785117541
|teamsize|p1|4
|teamsize|p2|4
|start
|switch|p1a: Staraptor|Staraptor, L50, M|100/100
|switch|p1b: Corviknight|Corviknight, L50, F, shiny|100/100
|switch|p2a: Arcanine|Arcanine, L50, F|100/100
|switch|p2b: Whimsicott|Whimsicott, L50, F|100/100
|-ability|p1a: Staraptor|Intimidate|boost
|-unboost|p2a: Arcanine|atk|1
|-unboost|p2b: Whimsicott|atk|1
|-ability|p2a: Arcanine|Intimidate|boost
|-unboost|p1a: Staraptor|atk|1
|-unboost|p1b: Corviknight|atk|1
|-ability|p1b: Corviknight|Pressure
|turn|1
|
|t:|1785117578
|detailschange|p1a: Staraptor|Staraptor-Mega, L50, M
|-mega|p1a: Staraptor|Staraptor|Staraptite
|move|p2b: Whimsicott|Tailwind|p2b: Whimsicott
|-sidestart|p2: lunekike98|move: Tailwind
|move|p2a: Arcanine|Flare Blitz|p1b: Corviknight
|-supereffective|p1b: Corviknight|1
|-damage|p1b: Corviknight|44/100
|-damage|p2a: Arcanine|80/100|[from] Recoil
|move|p1a: Staraptor|Close Combat|p2a: Arcanine
|-damage|p2a: Arcanine|35/100
|-boost|p1a: Staraptor|def|1
|-boost|p1a: Staraptor|spd|1
|-enditem|p2a: Arcanine|Sitrus Berry|[eat]
|-heal|p2a: Arcanine|59/100|[from] item: Sitrus Berry
|move|p1b: Corviknight|Tailwind|p1b: Corviknight
|-sidestart|p1: avalanche766|move: Tailwind
|
|-heal|p1b: Corviknight|50/100g|[from] item: Leftovers
|upkeep
|turn|2
|
|t:|1785117615
|move|p1a: Staraptor|Protect|p1a: Staraptor
|-singleturn|p1a: Staraptor|Protect
|move|p2b: Whimsicott|Moonblast|p1a: Staraptor
|-activate|p1a: Staraptor|move: Protect
|move|p2a: Arcanine|Flare Blitz|p1b: Corviknight
|-supereffective|p1b: Corviknight|1
|-damage|p1b: Corviknight|1/100
|-damage|p2a: Arcanine|42/100|[from] Recoil
|move|p1b: Corviknight|Body Press|p2a: Arcanine
|-crit|p2a: Arcanine
|-damage|p2a: Arcanine|1/100
|
|-heal|p1b: Corviknight|6/100|[from] item: Leftovers
|upkeep
|turn|3
|
|t:|1785117655
|move|p2b: Whimsicott|Moonblast|p1a: Staraptor
|-supereffective|p1a: Staraptor|1
|-damage|p1a: Staraptor|38/100
|move|p1a: Staraptor|Brave Bird|p2b: Whimsicott
|-supereffective|p2b: Whimsicott|1
|-enditem|p2b: Whimsicott|Focus Sash
|-damage|p2b: Whimsicott|1/100
|-damage|p1a: Staraptor|10/100|[from] Recoil
|move|p2a: Arcanine|Flare Blitz|p1b: Corviknight
|-supereffective|p1b: Corviknight|1
|-damage|p1b: Corviknight|0 fnt
|faint|p1b: Corviknight
|-damage|p2a: Arcanine|0 fnt|[from] Recoil
|faint|p2a: Arcanine
|
|upkeep
|
|t:|1785117678
|switch|p2a: Metagross|Metagross, L50|100/100
|switch|p1b: Excadrill|Excadrill, L50, F|100/100
|-ability|p1b: Excadrill|Mold Breaker
|turn|4
|
|t:|1785117723
|detailschange|p2a: Metagross|Metagross-Mega, L50
|-mega|p2a: Metagross|Metagross|Metagrossite
|move|p1a: Staraptor|Protect|p1a: Staraptor
|-singleturn|p1a: Staraptor|Protect
|move|p2b: Whimsicott|Tailwind||[still]
|-fail|p2b: Whimsicott
|move|p2a: Metagross|Ice Punch|p1a: Staraptor
|-activate|p1a: Staraptor|move: Protect
|move|p1b: Excadrill|Earthquake|p2a: Metagross|[spread] p2a,p2b
|-activate|p1a: Staraptor|move: Protect
|-supereffective|p2a: Metagross|1
|-resisted|p2b: Whimsicott|1
|-damage|p2a: Metagross|55/100
|-damage|p2b: Whimsicott|0 fnt
|faint|p2b: Whimsicott
|
|-sideend|p2: lunekike98|move: Tailwind
|-sideend|p1: avalanche766|move: Tailwind
|upkeep
|
|t:|1785117737
|switch|p2b: Greninja|Greninja, L50, F|100/100
|turn|5
|
|t:|1785117752
|move|p2b: Greninja|Ice Beam|p1b: Excadrill
|-damage|p1b: Excadrill|53/100
|-damage|p2b: Greninja|90/100|[from] item: Life Orb
|move|p1a: Staraptor|Roost|p1a: Staraptor
|-heal|p1a: Staraptor|60/100
|-singleturn|p1a: Staraptor|move: Roost
|move|p2a: Metagross|Ice Punch|p1a: Staraptor
|-damage|p1a: Staraptor|36/100
|move|p1b: Excadrill|Earthquake|p2a: Metagross|[spread] p1a,p2a,p2b
|-supereffective|p2a: Metagross|1
|-damage|p1a: Staraptor|0 fnt
|-damage|p2a: Metagross|6/100
|-damage|p2b: Greninja|17/100
|faint|p1a: Staraptor
|
|upkeep
|
|t:|1785117769
|switch|p1a: Gholdengo|Gholdengo, L50|100/100
|turn|6
|
|t:|1785117807
|move|p2b: Greninja|Hydro Pump|p1b: Excadrill
|-supereffective|p1b: Excadrill|1
|-damage|p1b: Excadrill|0 fnt
|faint|p1b: Excadrill
|-damage|p2b: Greninja|8/100|[from] item: Life Orb
|move|p2a: Metagross|Body Press|p1a: Gholdengo
|-immune|p1a: Gholdengo
|move|p1a: Gholdengo|Shadow Ball|p2a: Metagross
|-supereffective|p2a: Metagross|1
|-damage|p2a: Metagross|0 fnt
|faint|p2a: Metagross
|-damage|p1a: Gholdengo|90/100|[from] item: Life Orb
|
|upkeep
|turn|7
|
|t:|1785117824
|move|p2b: Greninja|Dark Pulse|p1a: Gholdengo
|-supereffective|p1a: Gholdengo|1
|-damage|p1a: Gholdengo|0 fnt
|faint|p1a: Gholdengo
|-damage|p2b: Greninja|0 fnt|[from] item: Life Orb
|faint|p2b: Greninja
|
|win|lunekike98
