|j|☆HeatInSeven14
|j|☆Darklest
|html|HeatInSeven14Darklest    
|uhtml|bestof|Game 2 of a best-of-3
|t:|1783153682
|gametype|doubles
|player|p1|HeatInSeven14|170|1082
|player|p2|Darklest|102|1000
|gen|9
|tier|[Gen 9 Champions] VGC 2026 Reg M-B (Bo3)
|rated|
|rule|Species Clause: Limit one of each Pokémon
|rule|Item Clause: Limit 1 of each item
|clearpoke
|poke|p1|Farigiraf, L50, M, shiny|
|poke|p1|Kangaskhan, L50, F, shiny|
|poke|p1|Hydrapple, L50, M, shiny|
|poke|p1|Torkoal, L50, M, shiny|
|poke|p1|Mawile, L50, M|
|poke|p1|Vivillon-Pokeball, L50, M|
|poke|p2|Floette-Eternal, L50, F|
|poke|p2|Charizard, L50, M|
|poke|p2|Whimsicott, L50, M, shiny|
|poke|p2|Garchomp, L50, F|
|poke|p2|Kingambit, L50, M, shiny|
|poke|p2|Basculegion, L50, M|
|teampreview|4
|showteam|p1|Farigiraf||SitrusBerry|ArmorTail|TwinBeam,Thunderbolt,TrickRoom,Protect|Bold||M|||50|]Kangaskhan||Kangaskhanite|Scrappy|FakeOut,DoubleEdge,HammerArm,RockSlide|Brave||F|||50|]Hydrapple||LifeOrb|Regenerator|DracoMeteor,EnergyBall,EarthPower,Protect|Quiet||M|||50|]Torkoal||Charcoal|Drought|Eruption,WeatherBall,EarthPower,WillOWisp|Quiet||M|||50|]Mawile||Mawilite|HyperCutter|PlayRough,IronHead,SuckerPunch,Protect|Adamant||M|||50|]Vivillon-Pokeball||FocusSash|CompoundEyes|RagePowder,Hurricane,SleepPowder,Protect|Timid||M|||50|
|showteam|p2|Floette-Eternal||Floettite|FlowerVeil|Moonblast,DazzlingGleam,LightofRuin,Protect|Timid||F|||50|]Charizard||CharizarditeY|Blaze|HeatWave,WeatherBall,SolarBeam,Protect|Modest||M|||50|]Whimsicott||FocusSash|Prankster|Moonblast,Tailwind,Encore,Protect|Timid||M|||50|]Garchomp||LifeOrb|RoughSkin|DragonClaw,Earthquake,RockSlide,Protect|Jolly||F|||50|]Kingambit||ChopleBerry|Defiant|KowtowCleave,SuckerPunch,IronHead,LowKick|Adamant||M|||50|]Basculegion||MysticWater|Adaptability|WaveCrash,LastRespects,AquaJet,Protect|Adamant||M|||50|
|
|t:|1783153725
|teamsize|p1|4
|teamsize|p2|4
|start
|switch|p1a: Farigiraf|Farigiraf, L50, M, shiny|100/100
|switch|p1b: Kangaskhan|Kangaskhan, L50, F, shiny|100/100
|switch|p2a: Charizard|Charizard, L50, M|100/100
|switch|p2b: Garchomp|Garchomp, L50, F|100/100
|turn|1
|
|t:|1783153756
|switch|p2a: Kingambit|Kingambit, L50, M, shiny|100/100
|move|p1b: Kangaskhan|Fake Out|p2a: Kingambit
|-resisted|p2a: Kingambit|1
|-damage|p2a: Kingambit|93/100
|move|p2b: Garchomp|Rock Slide|p1a: Farigiraf|[spread] p1a
|-miss|p2b: Garchomp|p1b: Kangaskhan
|-crit|p1a: Farigiraf
|-damage|p1a: Farigiraf|71/100
|-damage|p2b: Garchomp|90/100|[from] item: Life Orb
|move|p1a: Farigiraf|Trick Room|p1a: Farigiraf
|-fieldstart|move: Trick Room|[of] p1a: Farigiraf
|
|upkeep
|turn|2
|
|t:|1783153781
|move|p2a: Kingambit|Kowtow Cleave|p1a: Farigiraf
|-supereffective|p1a: Farigiraf|1
|-crit|p1a: Farigiraf
|-damage|p1a: Farigiraf|0 fnt
|faint|p1a: Farigiraf
|move|p1b: Kangaskhan|Hammer Arm|p2a: Kingambit
|-supereffective|p2a: Kingambit|2
|-enditem|p2a: Kingambit|Chople Berry|[eat]
|-enditem|p2a: Kingambit|Chople Berry|[weaken]
|-damage|p2a: Kingambit|49/100
|-unboost|p1b: Kangaskhan|spe|1
|move|p2b: Garchomp|Dragon Claw|p1b: Kangaskhan
|-damage|p1b: Kangaskhan|45/100
|-damage|p2b: Garchomp|80/100|[from] item: Life Orb
|
|upkeep
|
|t:|1783153795
|switch|p1a: Hydrapple|Hydrapple, L50, M, shiny|100/100
|turn|3
|
|t:|1783153808
|switch|p1b: Mawile|Mawile, L50, M|100/100
|switch|p2a: Charizard|Charizard, L50, M|100/100
|move|p2b: Garchomp|Protect|p2b: Garchomp
|-singleturn|p2b: Garchomp|Protect
|move|p1a: Hydrapple|Draco Meteor|p2b: Garchomp
|-activate|p2b: Garchomp|move: Protect
|
|upkeep
|turn|4
|
|t:|1783153833
|switch|p2b: Kingambit|Kingambit, L50, M, shiny|49/100
|detailschange|p1b: Mawile|Mawile-Mega, L50, M
|-mega|p1b: Mawile|Mawile|Mawilite
|detailschange|p2a: Charizard|Charizard-Mega-Y, L50, M
|-mega|p2a: Charizard|Charizard|Charizardite Y
|-weather|SunnyDay|[from] ability: Drought|[of] p2a: Charizard
|move|p1a: Hydrapple|Draco Meteor|p2a: Charizard
|-crit|p2a: Charizard
|-damage|p2a: Charizard|0 fnt
|-unboost|p1a: Hydrapple|spa|2
|faint|p2a: Charizard
|-damage|p1a: Hydrapple|90/100|[from] item: Life Orb
|move|p1b: Mawile|Play Rough|p2b: Kingambit
|-damage|p2b: Kingambit|0 fnt
|faint|p2b: Kingambit
|
|-weather|SunnyDay|[upkeep]
|upkeep
|
|t:|1783153856
|switch|p2b: Basculegion|Basculegion, L50, M|100/100
|switch|p2a: Garchomp|Garchomp, L50, F|80/100
|turn|5
|
|t:|1783153882
|-heal|p1a: Hydrapple|100/100|[from] ability: Regenerator|[silent]
|switch|p1a: Kangaskhan|Kangaskhan, L50, F, shiny|45/100
|move|p1b: Mawile|Protect|p1b: Mawile
|-singleturn|p1b: Mawile|Protect
|move|p2b: Basculegion|Protect|p2b: Basculegion
|-singleturn|p2b: Basculegion|Protect
|move|p2a: Garchomp|Earthquake|p1b: Mawile|[spread] p1a
|-activate|p2b: Basculegion|move: Protect
|-activate|p1b: Mawile|move: Protect
|-damage|p1a: Kangaskhan|0 fnt
|faint|p1a: Kangaskhan
|-damage|p2a: Garchomp|70/100|[from] item: Life Orb
|
|-weather|SunnyDay|[upkeep]
|-fieldend|move: Trick Room
|upkeep
|
|t:|1783153893
|switch|p1a: Hydrapple|Hydrapple, L50, M, shiny|100/100
|turn|6
|
|t:|1783153923
|move|p2a: Garchomp|Dragon Claw|p1a: Hydrapple
|-supereffective|p1a: Hydrapple|1
|-damage|p1a: Hydrapple|14/100
|-damage|p2a: Garchomp|61/100|[from] item: Life Orb
|move|p2b: Basculegion|Last Respects|p1b: Mawile
|-damage|p1b: Mawile|1/100
|move|p1b: Mawile|Play Rough|p2a: Garchomp
|-supereffective|p2a: Garchomp|1
|-damage|p2a: Garchomp|0 fnt
|-damage|p1b: Mawile|0 fnt|[from] ability: Rough Skin|[of] p2a: Garchomp
|faint|p2a: Garchomp
|faint|p1b: Mawile
|move|p1a: Hydrapple|Energy Ball|p2b: Basculegion
|-supereffective|p2b: Basculegion|1
|-damage|p2b: Basculegion|0 fnt
|faint|p2b: Basculegion
|-damage|p1a: Hydrapple|4/100|[from] item: Life Orb
|
|win|HeatInSeven14
|raw|HeatInSeven14's rating: 1082 → 1103(+21 for winning)
|raw|Darklest's rating: 1000 → 1000(+0 for losing)
