|j|☆CasuallyOverC
|j|☆new mental
|html|CasuallyOverCnew mental    
|uhtml|bestof|Game 1 of a best-of-3
|t:|1784921241
|gametype|doubles
|player|p1|CasuallyOverC|silver|1227
|player|p2|new mental|volkner|1329
|gen|9
|tier|[Gen 9 Champions] VGC 2026 Reg M-B (Bo3)
|rated|
|rule|Species Clause: Limit one of each Pokémon
|rule|Item Clause: Limit 1 of each item
|clearpoke
|poke|p1|Whimsicott, L50, F|
|poke|p1|Farigiraf, L50, M|
|poke|p1|Charizard, L50, F|
|poke|p1|Garchomp, L50, F|
|poke|p1|Basculegion, L50, M|
|poke|p1|Kingambit, L50, M|
|poke|p2|Charizard, L50, M|
|poke|p2|Garchomp, L50, F|
|poke|p2|Incineroar, L50, M|
|poke|p2|Venusaur, L50, M|
|poke|p2|Toxapex, L50, M|
|poke|p2|Sylveon, L50, M|
|teampreview|4
|showteam|p1|Whimsicott||KebiaBerry|Prankster|Moonblast,Tailwind,Encore,Taunt|Timid||F|||50|]Farigiraf||SitrusBerry|ArmorTail|TrickRoom,TwinBeam,Thunderbolt,Protect|Bold||M|||50|]Charizard||CharizarditeY|Blaze|HeatWave,AirSlash,SolarBeam,Protect|Modest||F|||50|]Garchomp||LifeOrb|RoughSkin|DragonClaw,RockSlide,Earthquake,Protect|Jolly||F|||50|]Basculegion||FocusSash|Adaptability|WaveCrash,LastRespects,AquaJet,Protect|Adamant||M|||50|]Kingambit||ChopleBerry|Defiant|KowtowCleave,SuckerPunch,IronHead,LowKick|Adamant||M|||50|
|showteam|p2|Charizard||CharizarditeY|SolarPower|WeatherBall,HeatWave,AncientPower,Protect|Modest||M|||50|]Garchomp||ChoiceScarf|RoughSkin|RockSlide,DragonClaw,Earthquake,StompingTantrum|Adamant||F|||50|]Incineroar||SitrusBerry|Intimidate|FlareBlitz,FakeOut,DarkestLariat,PartingShot|Impish||M|||50|]Venusaur||LifeOrb|Chlorophyll|SludgeBomb,LeafStorm,EarthPower,Protect|Modest||M|||50|]Toxapex||Leftovers|Regenerator|Infestation,Toxic,WideGuard,BanefulBunker|Bold||M|||50|]Sylveon||FairyFeather|Pixilate|HyperVoice,QuickAttack,Yawn,Detect|Modest||M|||50|
|c|☆CasuallyOverC|gl
|inactive|Battle timer is ON: inactive players will automatically lose when time's up. (requested by CasuallyOverC)
|
|t:|1784921270
|teamsize|p1|4
|teamsize|p2|4
|start
|switch|p1a: Whimsicott|Whimsicott, L50, F|100/100
|switch|p1b: Charizard|Charizard, L50, F|100/100
|switch|p2a: Charizard|Charizard, L50, M|100/100
|switch|p2b: Venusaur|Venusaur, L50, M|100/100
|turn|1
|
|t:|1784921278
|detailschange|p1b: Charizard|Charizard-Mega-Y, L50, F
|-mega|p1b: Charizard|Charizard|Charizardite Y
|-weather|SunnyDay|[from] ability: Drought|[of] p1b: Charizard
|detailschange|p2a: Charizard|Charizard-Mega-Y, L50, M
|-mega|p2a: Charizard|Charizard|Charizardite Y
|move|p1a: Whimsicott|Tailwind|p1a: Whimsicott
|-sidestart|p1: CasuallyOverC|move: Tailwind
|move|p1b: Charizard|Heat Wave|p2b: Venusaur|[spread] p2a,p2b
|-resisted|p2a: Charizard|1
|-supereffective|p2b: Venusaur|1
|-damage|p2a: Charizard|70/100
|-damage|p2b: Venusaur|0 fnt
|faint|p2b: Venusaur
|move|p2a: Charizard|Ancient Power|p1b: Charizard
|-supereffective|p1b: Charizard|2
|-damage|p1b: Charizard|4/100
|
|-weather|SunnyDay|[upkeep]
|upkeep
|
|t:|1784921291
|switch|p2b: Incineroar|Incineroar, L50, M|100/100
|-ability|p2b: Incineroar|Intimidate|boost
|-unboost|p1a: Whimsicott|atk|1
|-unboost|p1b: Charizard|atk|1
|turn|2
|
|t:|1784921298
|switch|p1a: Garchomp|Garchomp, L50, F|100/100
|move|p1b: Charizard|Protect|p1b: Charizard
|-singleturn|p1b: Charizard|Protect
|move|p2b: Incineroar|Fake Out|p1a: Garchomp
|-damage|p1a: Garchomp|88/100
|-damage|p2b: Incineroar|87/100|[from] ability: Rough Skin|[of] p1a: Garchomp
|move|p2a: Charizard|Heat Wave|p1a: Garchomp|[spread] p1a
|-activate|p1b: Charizard|move: Protect
|-resisted|p1a: Garchomp|1
|-damage|p1a: Garchomp|55/100
|
|-weather|SunnyDay|[upkeep]
|upkeep
|turn|3
|
|t:|1784921306
|move|p2a: Charizard|Protect|p2a: Charizard
|-singleturn|p2a: Charizard|Protect
|move|p1a: Garchomp|Rock Slide|p2a: Charizard|[spread] p2b
|-activate|p2a: Charizard|move: Protect
|-supereffective|p2b: Incineroar|1
|-damage|p2b: Incineroar|51/100
|-damage|p1a: Garchomp|45/100|[from] item: Life Orb
|move|p1b: Charizard|Air Slash|p2b: Incineroar
|-damage|p2b: Incineroar|6/100
|-enditem|p2b: Incineroar|Sitrus Berry|[eat]
|-heal|p2b: Incineroar|31/100|[from] item: Sitrus Berry
|move|p2b: Incineroar|Parting Shot|p1a: Garchomp
|-unboost|p1a: Garchomp|atk|1
|-unboost|p1a: Garchomp|spa|1
|
|t:|1784921310
|switch|p2b: Toxapex|Toxapex, L50, M|100/100|[from] Parting Shot
|
|-weather|SunnyDay|[upkeep]
|upkeep
|turn|4
|
|t:|1784921322
|switch|p1b: Whimsicott|Whimsicott, L50, F|100/100
|switch|p2a: Incineroar|Incineroar, L50, M|31/100
|-ability|p2a: Incineroar|Intimidate|boost
|-unboost|p1a: Garchomp|atk|1
|-unboost|p1b: Whimsicott|atk|1
|move|p1a: Garchomp|Rock Slide|p2b: Toxapex|[spread] p2a,p2b
|-supereffective|p2a: Incineroar|1
|-damage|p2a: Incineroar|10/100
|-damage|p2b: Toxapex|91/100
|-damage|p1a: Garchomp|36/100|[from] item: Life Orb
|move|p2b: Toxapex|Infestation|p1a: Garchomp
|-damage|p1a: Garchomp|32/100
|-activate|p1a: Garchomp|move: Infestation|[of] p2b: Toxapex
|-damage|p2b: Toxapex|78/100|[from] ability: Rough Skin|[of] p1a: Garchomp
|
|-weather|SunnyDay|[upkeep]
|-heal|p2b: Toxapex|84/100|[from] item: Leftovers
|-damage|p1a: Garchomp|20/100r|[from] move: Infestation|[partiallytrapped]
|-sideend|p1: CasuallyOverC|move: Tailwind
|upkeep
|turn|5
|
|t:|1784921340
|switch|p2a: Charizard|Charizard-Mega-Y, L50, M|70/100
|move|p1b: Whimsicott|Tailwind|p1b: Whimsicott
|-sidestart|p1: CasuallyOverC|move: Tailwind
|move|p1a: Garchomp|Earthquake|p2b: Toxapex|[spread] p1b,p2b
|-immune|p2a: Charizard
|-resisted|p1b: Whimsicott|1
|-supereffective|p2b: Toxapex|1
|-damage|p1b: Whimsicott|80/100
|-damage|p2b: Toxapex|48/100
|-damage|p1a: Garchomp|10/100|[from] item: Life Orb
|move|p2b: Toxapex|Infestation|p1b: Whimsicott
|-damage|p1b: Whimsicott|75/100
|-activate|p1b: Whimsicott|move: Infestation|[of] p2b: Toxapex
|
|-weather|none
|-heal|p2b: Toxapex|54/100|[from] item: Leftovers
|-damage|p1b: Whimsicott|62/100|[from] move: Infestation|[partiallytrapped]
|-damage|p1a: Garchomp|0 fnt|[from] move: Infestation|[partiallytrapped]
|faint|p1a: Garchomp
|upkeep
|
|t:|1784921362
|switch|p1a: Charizard|Charizard-Mega-Y, L50, F|4/100
|-weather|SunnyDay|[from] ability: Drought|[of] p1a: Charizard
|turn|6
|
|t:|1784921379
|move|p1a: Charizard|Protect|p1a: Charizard
|-singleturn|p1a: Charizard|Protect
|move|p1b: Whimsicott|Taunt|p2b: Toxapex
|-start|p2b: Toxapex|move: Taunt
|move|p2a: Charizard|Heat Wave|p1a: Charizard|[spread] p1b
|-activate|p1a: Charizard|move: Protect
|-supereffective|p1b: Whimsicott|1
|-damage|p1b: Whimsicott|0 fnt
|faint|p1b: Whimsicott
|cant|p2b: Toxapex|move: Taunt|Toxic
|
|-weather|SunnyDay|[upkeep]
|-heal|p2b: Toxapex|59/100|[from] item: Leftovers
|upkeep
|
|t:|1784921386
|switch|p1b: Kingambit|Kingambit, L50, M|100/100
|turn|7
|
|t:|1784921395
|move|p1b: Kingambit|Sucker Punch|p2a: Charizard
|-damage|p2a: Charizard|36/100
|move|p1a: Charizard|Heat Wave|p2b: Toxapex|[spread] p2a,p2b
|-resisted|p2a: Charizard|1
|-resisted|p2b: Toxapex|1
|-damage|p2a: Charizard|4/100
|-damage|p2b: Toxapex|33/100
|move|p2a: Charizard|Heat Wave|p1b: Kingambit|[spread] p1a,p1b
|-resisted|p1a: Charizard|1
|-supereffective|p1b: Kingambit|1
|-damage|p1a: Charizard|0 fnt
|-damage|p1b: Kingambit|0 fnt
|faint|p1a: Charizard
|faint|p1b: Kingambit
|
|win|new mental
