|j|☆Nussloni
|j|☆DragonBlood7707
|html|NussloniDragonBlood7707    
|uhtml|bestof|Game 1 of a best-of-3
|t:|1756538780
|gametype|doubles
|player|p1|Nussloni|169|1148
|player|p2|DragonBlood7707|roxie|1120
|gen|9
|tier|[Gen 9] VGC 2025 Reg H (Bo3)
|rated|
|rule|Species Clause: Limit one of each Pokémon
|rule|Item Clause: Limit 1 of each item
|clearpoke
|poke|p1|Sneasler, L50, M|
|poke|p1|Indeedee, L50, M|
|poke|p1|Ursaluna-Bloodmoon, L50, M|
|poke|p1|Gholdengo, L50|
|poke|p1|Incineroar, L50, M|
|poke|p1|Dragonite, L50, F|
|poke|p2|Garganacl, L50, F|
|poke|p2|Baxcalibur, L50, F|
|poke|p2|Ninetales-Alola, L50, F|
|poke|p2|Tauros-Paldea-Aqua, L50, M|
|poke|p2|Meowscarada, L50, F|
|poke|p2|Gholdengo, L50|
|teampreview|4
|showteam|p1|Sneasler||PsychicSeed|Unburden|DireClaw,CloseCombat,LashOut,Protect|||M|||50|,,,,,Dark]Indeedee||FocusSash|PsychicSurge|ExpandingForce,TrickRoom,Encore,Protect|||M|||50|,,,,,Psychic]Ursaluna-Bloodmoon||LifeOrb|MindsEye|BloodMoon,EarthPower,HyperVoice,Protect|||M|||50|,,,,,Normal]Gholdengo||MetalCoat|GoodasGold|NastyPlot,MakeItRain,ShadowBall,Protect||||||50|,,,,,Fairy]Incineroar||SafetyGoggles|Intimidate|FlareBlitz,KnockOff,PartingShot,FakeOut|||M|||50|,,,,,Ghost]Dragonite||CovertCloak|Multiscale|Tailwind,Encore,ScaleShot,Protect|||F|||50|,,,,,Fairy
|showteam|p2|Garganacl||Leftovers|PurifyingSalt|SaltCure,Recover,WideGuard,Protect|||F|||50|,,,,,Poison]Baxcalibur||LoadedDice|ThermalExchange|IceShard,GlaiveRush,IcicleSpear,Protect|||F|||50|,,,,,Water]Ninetales-Alola||LightClay|SnowWarning|Blizzard,Moonblast,Encore,AuroraVeil|||F|||50|,,,,,Fire]Tauros-Paldea-Aqua||SafetyGoggles|Intimidate|AquaJet,CloseCombat,WaveCrash,Protect|||M|||50|,,,,,Water]Meowscarada||FocusSash|Overgrow|SuckerPunch,FlowerTrick,KnockOff,Protect|||F|||50|,,,,,Grass]Gholdengo||ChoiceSpecs|GoodasGold|MakeItRain,FocusBlast,ShadowBall,PowerGem||||||50|,,,,,Steel
|inactive|Battle timer is ON: inactive players will automatically lose when time's up. (requested by DragonBlood7707)
|inactive|Nussloni has 60 seconds left.
|inactive|Nussloni has 30 seconds left.
|inactive|Nussloni has 20 seconds left.
|inactive|Nussloni has 15 seconds left.
|
|t:|1756538857
|teamsize|p1|4
|teamsize|p2|4
|start
|switch|p1a: Incineroar|Incineroar, L50, M|100/100
|switch|p1b: Gholdengo|Gholdengo, L50|100/100
|switch|p2a: Garganacl|Garganacl, L50, F, shiny|100/100
|switch|p2b: Meowscarada|Meowscarada, L50, F, shiny|100/100
|-ability|p1a: Incineroar|Intimidate|boost
|-unboost|p2a: Garganacl|atk|1
|-unboost|p2b: Meowscarada|atk|1
|turn|1
|inactive|Nussloni has 30 seconds left.
|
|t:|1756538884
|move|p2b: Meowscarada|Protect|p2b: Meowscarada
|-singleturn|p2b: Meowscarada|Protect
|move|p1a: Incineroar|Fake Out|p2b: Meowscarada
|-activate|p2b: Meowscarada|move: Protect
|move|p1b: Gholdengo|Nasty Plot|p1b: Gholdengo
|-boost|p1b: Gholdengo|spa|2
|move|p2a: Garganacl|Salt Cure|p1b: Gholdengo
|-resisted|p1b: Gholdengo
|-damage|p1b: Gholdengo|95/100
|-start|p1b: Gholdengo|Salt Cure
|
|-damage|p1b: Gholdengo|71/100|[from] Salt Cure
|upkeep
|turn|2
|
|t:|1756538901
|-terastallize|p1b: Gholdengo|Fairy
|move|p2b: Meowscarada|Knock Off|p1b: Gholdengo
|-resisted|p1b: Gholdengo
|-damage|p1b: Gholdengo|53/100
|-enditem|p1b: Gholdengo|Metal Coat|[from] move: Knock Off|[of] p2b: Meowscarada
|move|p1b: Gholdengo|Make It Rain|p2a: Garganacl|[spread] p2a,p2b
|-supereffective|p2a: Garganacl
|-damage|p2a: Garganacl|0 fnt
|-enditem|p2b: Meowscarada|Focus Sash
|-damage|p2b: Meowscarada|1/100
|-unboost|p1b: Gholdengo|spa|1
|faint|p2a: Garganacl
|move|p1a: Incineroar|Knock Off|p2b: Meowscarada
|-resisted|p2b: Meowscarada
|-damage|p2b: Meowscarada|0 fnt
|faint|p2b: Meowscarada
|
|-damage|p1b: Gholdengo|41/100|[from] Salt Cure
|upkeep
|
|t:|1756538911
|switch|p2b: Baxcalibur|Baxcalibur, L50, F, shiny|100/100
|switch|p2a: Ninetales|Ninetales-Alola, L50, F, shiny|100/100
|-weather|Snowscape|[from] ability: Snow Warning|[of] p2a: Ninetales
|turn|3
|inactive|Nussloni has 30 seconds left.
|inactive|Nussloni has 20 seconds left.
|
|t:|1756538947
|move|p1b: Gholdengo|Protect|p1b: Gholdengo
|-singleturn|p1b: Gholdengo|Protect
|move|p2a: Ninetales|Aurora Veil|p2a: Ninetales
|-sidestart|p2: DragonBlood7707|move: Aurora Veil
|move|p2b: Baxcalibur|Icicle Spear|p1b: Gholdengo
|-activate|p1b: Gholdengo|move: Protect
|move|p1a: Incineroar|Parting Shot|p2b: Baxcalibur
|-unboost|p2b: Baxcalibur|atk|1
|-unboost|p2b: Baxcalibur|spa|1
|
|t:|1756538969
|switch|p1a: Indeedee|Indeedee, L50, M|100/100|[from] Parting Shot
|-fieldstart|move: Psychic Terrain|[from] ability: Psychic Surge|[of] p1a: Indeedee
|
|-weather|Snowscape|[upkeep]
|-damage|p1b: Gholdengo|28/100|[from] Salt Cure
|upkeep
|turn|4
|inactive|Nussloni has 30 seconds left.
|inactive|DragonBlood7707 has 30 seconds left.
|
|t:|1756539003
|-terastallize|p2b: Baxcalibur|Water
|move|p1b: Gholdengo|Protect|p1b: Gholdengo
|-singleturn|p1b: Gholdengo|Protect
|move|p2a: Ninetales|Blizzard|p1a: Indeedee|[spread] p1a
|-activate|p1b: Gholdengo|move: Protect
|-crit|p1a: Indeedee
|-damage|p1a: Indeedee|45/100
|move|p2b: Baxcalibur|Icicle Spear|p1b: Gholdengo
|-activate|p1b: Gholdengo|move: Protect
|move|p1a: Indeedee|Trick Room|p1a: Indeedee
|-fieldstart|move: Trick Room|[of] p1a: Indeedee
|
|-weather|Snowscape|[upkeep]
|-damage|p1b: Gholdengo|16/100|[from] Salt Cure
|upkeep
|turn|5
|inactive|DragonBlood7707 has 30 seconds left.
|
|t:|1756539032
|move|p2b: Baxcalibur|Icicle Spear|p1a: Indeedee
|-damage|p1a: Indeedee|23/100
|-damage|p1a: Indeedee|2/100
|-damage|p1a: Indeedee|0 fnt
|faint|p1a: Indeedee
|-hitcount|p1: Indeedee|3
|move|p1b: Gholdengo|Make It Rain|p2b: Baxcalibur|[spread] p2a,p2b
|-supereffective|p2a: Ninetales
|-resisted|p2b: Baxcalibur
|-damage|p2a: Ninetales|0 fnt
|-damage|p2b: Baxcalibur|79/100
|-unboost|p1b: Gholdengo|spa|1
|faint|p2a: Ninetales
|
|-weather|Snowscape|[upkeep]
|-damage|p1b: Gholdengo|4/100|[from] Salt Cure
|upkeep
|
|t:|1756539046
|switch|p1a: Ursaluna|Ursaluna-Bloodmoon, L50, M|100/100
|turn|6
|
|t:|1756539055
|switch|p1b: Incineroar|Incineroar, L50, M|100/100
|-ability|p1b: Incineroar|Intimidate|boost
|-unboost|p2b: Baxcalibur|atk|1
|move|p2b: Baxcalibur|Protect|p2b: Baxcalibur
|-singleturn|p2b: Baxcalibur|Protect
|move|p1a: Ursaluna|Blood Moon|p2b: Baxcalibur
|-activate|p2b: Baxcalibur|move: Protect
|
|-weather|Snowscape|[upkeep]
|upkeep
|turn|7
|
|t:|1756539068
|move|p1b: Incineroar|Knock Off|p2b: Baxcalibur
|-damage|p2b: Baxcalibur|54/100
|-enditem|p2b: Baxcalibur|Loaded Dice|[from] move: Knock Off|[of] p1b: Incineroar
|move|p1a: Ursaluna|Hyper Voice|p2b: Baxcalibur
|-damage|p2b: Baxcalibur|10/100
|-damage|p1a: Ursaluna|91/100|[from] item: Life Orb
|move|p2b: Baxcalibur|Icicle Spear|p1a: Ursaluna
|-supereffective|p1a: Ursaluna
|-damage|p1a: Ursaluna|78/100
|-supereffective|p1a: Ursaluna
|-damage|p1a: Ursaluna|65/100
|-supereffective|p1a: Ursaluna
|-damage|p1a: Ursaluna|53/100
|-supereffective|p1a: Ursaluna
|-damage|p1a: Ursaluna|39/100
|-supereffective|p1a: Ursaluna
|-damage|p1a: Ursaluna|24/100
|-hitcount|p1a: Ursaluna|5
|
|-weather|none
|-fieldend|move: Psychic Terrain
|upkeep
|turn|8
|
|t:|1756539088
|switch|p1b: Gholdengo|Gholdengo, L50, tera:Fairy|4/100
|move|p2b: Baxcalibur|Ice Shard|p1a: Ursaluna
|-supereffective|p1a: Ursaluna
|-crit|p1a: Ursaluna
|-damage|p1a: Ursaluna|0 fnt
|faint|p1a: Ursaluna
|
|-fieldend|move: Trick Room
|upkeep
|
|t:|1756539095
|switch|p1a: Incineroar|Incineroar, L50, M|100/100
|-ability|p1a: Incineroar|Intimidate|boost
|-unboost|p2b: Baxcalibur|atk|1
|turn|9
|
|t:|1756539102
|move|p2b: Baxcalibur|Protect|p2b: Baxcalibur
|-singleturn|p2b: Baxcalibur|Protect
|move|p1b: Gholdengo|Shadow Ball|p2b: Baxcalibur
|-activate|p2b: Baxcalibur|move: Protect
|move|p1a: Incineroar|Knock Off|p2b: Baxcalibur
|-activate|p2b: Baxcalibur|move: Protect
|
|upkeep
|turn|10
|
|t:|1756539114
|move|p2b: Baxcalibur|Ice Shard|p1b: Gholdengo
|-damage|p1b: Gholdengo|0 fnt
|faint|p1b: Gholdengo
|move|p1a: Incineroar|Knock Off|p2b: Baxcalibur
|-damage|p2b: Baxcalibur|0 fnt
|faint|p2b: Baxcalibur
|
|win|Nussloni
||DragonBlood7707 is ready for game 2.
||Nussloni is ready for game 2.
|uhtml|next|Next: Game 2 of 3
|l|☆DragonBlood7707
|player|p2|
