|j|☆Turtlenator6
|j|☆Govek314
|html|Turtlenator6Govek314    
|uhtml|bestof|Game 2 of a best-of-3
|t:|1757632277
|gametype|doubles
|player|p1|Turtlenator6|grimsley|
|player|p2|Govek314|2|
|gen|9
|tier|[Gen 9] VGC 2025 Reg H (Bo3)
|rule|Species Clause: Limit one of each Pokémon
|rule|Item Clause: Limit 1 of each item
|clearpoke
|poke|p1|Archaludon, L50, M|
|poke|p1|Pelipper, L50, M|
|poke|p1|Basculegion, L50, M|
|poke|p1|Decidueye-Hisui, L50, M|
|poke|p1|Sinistcha-Masterpiece, L50|
|poke|p1|Ursaluna, L50, M|
|poke|p2|Volcarona, L50, F|
|poke|p2|Tyranitar, L50, F|
|poke|p2|Excadrill, L50, M|
|poke|p2|Basculegion, L50, M|
|poke|p2|Indeedee-F, L50, F|
|poke|p2|Kommo-o, L50, M|
|teampreview|4
|showteam|p1|Archaludon||AssaultVest|Stamina|FlashCannon,BodyPress,ElectroShot,Snarl|||M|||50|,,,,,Grass]Pelipper||FocusSash|Drizzle|WeatherBall,Hurricane,Tailwind,WideGuard|||M|||50|,,,,,Ghost]Basculegion||LifeOrb|SwiftSwim|WaveCrash,LastRespects,AquaJet,Protect|||M|||50|,,,,,Stellar]Decidueye-Hisui||CovertCloak|Scrappy|TripleArrows,Trailblaze,Haze,Protect|||M|||50|,,,,,Fighting]Sinistcha-Masterpiece||Leftovers|Hospitality|MatchaGotcha,RagePowder,LifeDew,TrickRoom||||||50|,,,,,Dark]Ursaluna||FlameOrb|Guts|HeadlongRush,Facade,Earthquake,Protect|||M|||50|,,,,,Normal
|showteam|p2|Volcarona||Leftovers|FlameBody|Flamethrower,GigaDrain,QuiverDance,Protect|||F|||50|,,,,,Dragon]Tyranitar||AssaultVest|SandStream|RockSlide,KnockOff,LowKick,TeraBlast|||F|||50|,,,,,Flying]Excadrill||FocusSash|SandRush|IronHead,HighHorsepower,TeraBlast,Protect|||M|||50|,,,,,Grass]Basculegion||ChoiceScarf|Adaptability|WaveCrash,LastRespects,FlipTurn,TeraBlast|||M|||50|,,,,,Fairy]Indeedee-F||PsychicSeed|PsychicSurge|TrickRoom,Psychic,FollowMe,HelpingHand|||F|||50|,,,,,Grass]Kommo-o||ThroatSpray|Overcoat|ClangingScales,ClangorousSoul,AuraSphere,Protect|||M|||50|,,,,,Steel
|
|t:|1757632344
|teamsize|p1|4
|teamsize|p2|4
|start
|switch|p1a: Sinistcha|Sinistcha-Masterpiece, L50, shiny|100/100
|switch|p1b: Heavy|Ursaluna, L50, M, shiny|100/100
|switch|p2a: Basculegion|Basculegion, L50, M|100/100
|switch|p2b: Kommo-o|Kommo-o, L50, M, shiny|100/100
|turn|1
|
|t:|1757632390
|move|p1b: Heavy|Protect|p1b: Heavy
|-singleturn|p1b: Heavy|Protect
|move|p2a: Basculegion|Flip Turn|p1a: Sinistcha
|-resisted|p1a: Sinistcha
|-damage|p1a: Sinistcha|82/100
|
|t:|1757632402
|switch|p2a: Indeedee|Indeedee-F, L50, F|100/100|[from] Flip Turn
|-fieldstart|move: Psychic Terrain|[from] ability: Psychic Surge|[of] p2a: Indeedee
|-enditem|p2a: Indeedee|Psychic Seed
|-boost|p2a: Indeedee|spd|1|[from] item: Psychic Seed
|move|p2b: Kommo-o|Clangorous Soul|p2b: Kommo-o
|-boost|p2b: Kommo-o|atk|1
|-boost|p2b: Kommo-o|def|1
|-boost|p2b: Kommo-o|spa|1
|-boost|p2b: Kommo-o|spd|1
|-boost|p2b: Kommo-o|spe|1
|-damage|p2b: Kommo-o|68/100
|-enditem|p2b: Kommo-o|Throat Spray
|-boost|p2b: Kommo-o|spa|1|[from] item: Throat Spray
|move|p1a: Sinistcha|Trick Room|p1a: Sinistcha
|-fieldstart|move: Trick Room|[of] p1a: Sinistcha
|
|-heal|p1a: Sinistcha|88/100|[from] item: Leftovers
|-status|p1b: Heavy|brn|[from] item: Flame Orb
|upkeep
|turn|2
|
|t:|1757632435
|-terastallize|p2b: Kommo-o|Steel
|move|p2a: Indeedee|Helping Hand|p2b: Kommo-o
|-singleturn|p2b: Kommo-o|Helping Hand|[of] p2a: Indeedee
|move|p1a: Sinistcha|Rage Powder|p1a: Sinistcha
|-singleturn|p1a: Sinistcha|move: Rage Powder
|move|p1b: Heavy|Facade|p2a: Indeedee
|-damage|p2a: Indeedee|0 fnt
|faint|p2a: Indeedee
|move|p2b: Kommo-o|Clanging Scales|p1b: Heavy|[spread] p1a,p1b
|-damage|p1a: Sinistcha|0 fnt
|-damage|p1b: Heavy|0 fnt
|faint|p1a: Sinistcha
|faint|p1b: Heavy
|-unboost|p2b: Kommo-o|def|1
|
|upkeep
|
|t:|1757632452
|switch|p1a: Vanoss|Decidueye-Hisui, L50, M, shiny|100/100
|switch|p2a: Tyranitar|Tyranitar, L50, F, shiny|100/100
|switch|p1b: Florida Man|Pelipper, L50, M, shiny|100/100
|-weather|Sandstorm|[from] ability: Sand Stream|[of] p2a: Tyranitar
|-weather|RainDance|[from] ability: Drizzle|[of] p1b: Florida Man
|turn|3
|
|t:|1757632478
|switch|p2a: Basculegion|Basculegion, L50, M|100/100
|move|p2b: Kommo-o|Protect|p2b: Kommo-o
|-singleturn|p2b: Kommo-o|Protect
|move|p1a: Vanoss|Haze|p1a: Vanoss
|-clearallboost
|move|p1b: Florida Man|Hurricane|p2a: Basculegion
|-damage|p2a: Basculegion|43/100
|-start|p2a: Basculegion|confusion
|
|-weather|RainDance|[upkeep]
|upkeep
|turn|4
|
|t:|1757632499
|switch|p2a: Tyranitar|Tyranitar, L50, F, shiny|100/100
|-weather|Sandstorm|[from] ability: Sand Stream|[of] p2a: Tyranitar
|-terastallize|p1a: Vanoss|Fighting
|move|p1a: Vanoss|Triple Arrows|p2b: Kommo-o
|-supereffective|p2b: Kommo-o
|-damage|p2b: Kommo-o|0 fnt
|faint|p2b: Kommo-o
|move|p1b: Florida Man|Weather Ball|p2a: Tyranitar
|-damage|p2a: Tyranitar|89/100
|
|-weather|Sandstorm|[upkeep]
|-damage|p1a: Vanoss|94/100|[from] Sandstorm
|-damage|p1b: Florida Man|95/100|[from] Sandstorm
|upkeep
|
|t:|1757632512
|switch|p2b: Basculegion|Basculegion, L50, M|43/100
|turn|5
|
|t:|1757632537
|move|p2a: Tyranitar|Rock Slide|p1b: Florida Man|[spread] p1a,p1b
|-resisted|p1a: Vanoss
|-supereffective|p1b: Florida Man
|-damage|p1a: Vanoss|73/100
|-damage|p1b: Florida Man|10/100
|move|p1a: Vanoss|Triple Arrows|p2b: Basculegion
|-damage|p2b: Basculegion|0 fnt
|faint|p2b: Basculegion
|move|p1b: Florida Man|Weather Ball|p2a: Tyranitar
|-damage|p2a: Tyranitar|77/100
|
|-weather|Sandstorm|[upkeep]
|-damage|p1a: Vanoss|66/100|[from] Sandstorm
|-damage|p1b: Florida Man|4/100|[from] Sandstorm
|-fieldend|move: Trick Room
|-fieldend|move: Psychic Terrain
|upkeep
|turn|6
|
|t:|1757632553
|move|p1b: Florida Man|Wide Guard|p1b: Florida Man
|-singleturn|p1b: Florida Man|Wide Guard
|move|p1a: Vanoss|Triple Arrows|p2a: Tyranitar
|-supereffective|p2a: Tyranitar
|-crit|p2a: Tyranitar
|-damage|p2a: Tyranitar|0 fnt
|faint|p2a: Tyranitar
|
|win|Turtlenator6
||Turtlenator6 is ready for game 3.
|inactive|Govek314 has 30 seconds to confirm battle start!
|inactive|Govek314 has 20 seconds to confirm battle start!
