|j|☆cm3112
|j|☆timmytheglueeater
|html|cm3112timmytheglueeater    
|uhtml|bestof|Game 1 of a best-of-3
|t:|1757776172
|gametype|doubles
|player|p1|cm3112|1|1355
|player|p2|timmytheglueeater|265|1426
|gen|9
|tier|[Gen 9] VGC 2025 Reg H (Bo3)
|rated|
|rule|Species Clause: Limit one of each Pokémon
|rule|Item Clause: Limit 1 of each item
|clearpoke
|poke|p1|Archaludon, L50, F|
|poke|p1|Maushold-Four, L50|
|poke|p1|Pelipper, L50, M|
|poke|p1|Basculegion, L50, M|
|poke|p1|Hydreigon, L50, M|
|poke|p1|Incineroar, L50, M|
|poke|p2|Excadrill, L50, F|
|poke|p2|Tyranitar, L50, F|
|poke|p2|Kommo-o, L50, M|
|poke|p2|Sinistcha, L50|
|poke|p2|Incineroar, L50, F|
|poke|p2|Basculegion, L50, M|
|teampreview|4
|showteam|p1|Archaludon||AssaultVest|Stamina|FlashCannon,ElectroShot,DracoMeteor,BodyPress|||F|||50|,,,,,Fairy]Maushold-Four||WideLens|Technician|PopulationBomb,BeatUp,FollowMe,Protect||||||50|,,,,,Ghost]Pelipper||FocusSash|Drizzle|MuddyWater,Hurricane,WideGuard,Protect|||M|||50|,,,,,Grass]Basculegion||ChoiceBand|SwiftSwim|WaveCrash,FlipTurn,AquaJet,LastRespects|||M|||50|,,,,,Grass]Hydreigon||CovertCloak|Levitate|Snarl,DracoMeteor,Tailwind,Protect|||M|||50|,,,,,Steel]Incineroar||SafetyGoggles|Intimidate|FakeOut,PartingShot,KnockOff,WillOWisp|||M|||50|,,,,,Bug
|showteam|p2|Excadrill||FocusSash|SandRush|Protect,HighHorsepower,Earthquake,IronHead|||F|||50|,,,,,Ghost]Tyranitar||AssaultVest|SandStream|RockSlide,KnockOff,LowKick,TeraBlast|||F|||50|,,,,,Flying]Kommo-o||ThroatSpray|Overcoat|ClangingScales,ClangorousSoul,AuraSphere,Protect|||M|||50|,,,,,Steel]Sinistcha||SitrusBerry|Hospitality|MatchaGotcha,RagePowder,LifeDew,TrickRoom||||||50|,,,,,Water]Incineroar||SafetyGoggles|Intimidate|KnockOff,FakeOut,FlareBlitz,PartingShot|||F|||50|,,,,,Ghost]Basculegion||ChoiceScarf|Adaptability|WaveCrash,FlipTurn,LastRespects,TeraBlast|||M|||50|,,,,,Grass
|inactive|Battle timer is ON: inactive players will automatically lose when time's up. (requested by timmytheglueeater)
|inactive|cm3112 has 60 seconds left.
|inactive|timmytheglueeater has 60 seconds left.
|inactive|cm3112 has 30 seconds left.
|inactive|timmytheglueeater has 30 seconds left.
|inactive|timmytheglueeater has 20 seconds left.
|inactive|timmytheglueeater has 15 seconds left.
|
|t:|1757776250
|teamsize|p1|4
|teamsize|p2|4
|start
|switch|p1a: Maushold|Maushold-Four, L50|100/100
|switch|p1b: Basculegion|Basculegion, L50, M|100/100
|switch|p2a: Basculegion|Basculegion, L50, M|100/100
|switch|p2b: Excadrill|Excadrill, L50, F|100/100
|turn|1
|
|t:|1757776264
|move|p1a: Maushold|Protect|p1a: Maushold
|-singleturn|p1a: Maushold|Protect
|move|p2a: Basculegion|Flip Turn|p1a: Maushold
|-activate|p1a: Maushold|move: Protect
|move|p2b: Excadrill|High Horsepower|p1b: Basculegion
|-damage|p1b: Basculegion|27/100
|move|p1b: Basculegion|Flip Turn|p2a: Basculegion
|-resisted|p2a: Basculegion
|-damage|p2a: Basculegion|70/100
|
|t:|1757776276
|switch|p1b: Incineroar|Incineroar, L50, M|100/100|[from] Flip Turn
|-ability|p1b: Incineroar|Intimidate|boost
|-unboost|p2a: Basculegion|atk|1
|-unboost|p2b: Excadrill|atk|1
|
|upkeep
|turn|2
|inactive|cm3112 has 30 seconds left.
|
|t:|1757776311
|move|p2b: Excadrill|Protect|p2b: Excadrill
|-singleturn|p2b: Excadrill|Protect
|move|p1b: Incineroar|Fake Out|p2b: Excadrill
|-activate|p2b: Excadrill|move: Protect
|move|p2a: Basculegion|Flip Turn|p1a: Maushold
|-damage|p1a: Maushold|58/100
|
|t:|1757776318
|switch|p2a: Tyranitar|Tyranitar, L50, F|100/100|[from] Flip Turn
|-weather|Sandstorm|[from] ability: Sand Stream|[of] p2a: Tyranitar
|move|p1a: Maushold|Population Bomb|p2a: Tyranitar
|-resisted|p2a: Tyranitar
|-damage|p2a: Tyranitar|96/100
|-resisted|p2a: Tyranitar
|-damage|p2a: Tyranitar|91/100
|-resisted|p2a: Tyranitar
|-damage|p2a: Tyranitar|87/100
|-resisted|p2a: Tyranitar
|-crit|p2a: Tyranitar
|-damage|p2a: Tyranitar|80/100
|-resisted|p2a: Tyranitar
|-damage|p2a: Tyranitar|76/100
|-resisted|p2a: Tyranitar
|-damage|p2a: Tyranitar|71/100
|-hitcount|p2a: Tyranitar|6
|
|-weather|Sandstorm|[upkeep]
|-damage|p1a: Maushold|52/100|[from] Sandstorm
|upkeep
|turn|3
|inactive|cm3112 has 30 seconds left.
|
|t:|1757776348
|switch|p1b: Pelipper|Pelipper, L50, M|100/100
|-weather|RainDance|[from] ability: Drizzle|[of] p1b: Pelipper
|move|p1a: Maushold|Population Bomb|p2a: Tyranitar
|-resisted|p2a: Tyranitar
|-damage|p2a: Tyranitar|67/100
|-resisted|p2a: Tyranitar
|-damage|p2a: Tyranitar|62/100
|-resisted|p2a: Tyranitar
|-damage|p2a: Tyranitar|58/100
|-resisted|p2a: Tyranitar
|-damage|p2a: Tyranitar|53/100
|-resisted|p2a: Tyranitar
|-damage|p2a: Tyranitar|48/100
|-resisted|p2a: Tyranitar
|-damage|p2a: Tyranitar|44/100
|-resisted|p2a: Tyranitar
|-damage|p2a: Tyranitar|40/100
|-resisted|p2a: Tyranitar
|-damage|p2a: Tyranitar|35/100
|-hitcount|p2a: Tyranitar|8
|move|p2b: Excadrill|High Horsepower|p1b: Pelipper
|-immune|p1b: Pelipper
|move|p2a: Tyranitar|Rock Slide|p1b: Pelipper|[spread] p1a,p1b
|-supereffective|p1b: Pelipper
|-damage|p1a: Maushold|0 fnt
|-damage|p1b: Pelipper|11/100
|faint|p1a: Maushold
|
|-weather|RainDance|[upkeep]
|upkeep
|
|t:|1757776372
|switch|p1a: Incineroar|Incineroar, L50, M|100/100
|-ability|p1a: Incineroar|Intimidate|boost
|-unboost|p2a: Tyranitar|atk|1
|-unboost|p2b: Excadrill|atk|1
|turn|4
|
|t:|1757776386
|switch|p2b: Incineroar|Incineroar, L50, F|100/100
|-ability|p2b: Incineroar|Intimidate|boost
|-unboost|p1a: Incineroar|atk|1
|-unboost|p1b: Pelipper|atk|1
|switch|p2a: Basculegion|Basculegion, L50, M|70/100
|move|p1b: Pelipper|Muddy Water|p2b: Incineroar|[spread] p2a,p2b
|-resisted|p2a: Basculegion
|-supereffective|p2b: Incineroar
|-damage|p2a: Basculegion|43/100
|-damage|p2b: Incineroar|22/100
|move|p1a: Incineroar|Parting Shot|p2a: Basculegion
|-unboost|p2a: Basculegion|atk|1
|-unboost|p2a: Basculegion|spa|1
|
|t:|1757776399
|switch|p1a: Basculegion|Basculegion, L50, M|27/100|[from] Parting Shot
|
|-weather|RainDance|[upkeep]
|upkeep
|turn|5
|inactive|cm3112 has 30 seconds left.
|
|t:|1757776427
|switch|p2b: Tyranitar|Tyranitar, L50, F|35/100
|-weather|Sandstorm|[from] ability: Sand Stream|[of] p2b: Tyranitar
|move|p2a: Basculegion|Last Respects|p1a: Basculegion
|-supereffective|p1a: Basculegion
|-damage|p1a: Basculegion|0 fnt
|faint|p1a: Basculegion
|move|p1b: Pelipper|Muddy Water|p2b: Tyranitar|[spread] p2b
|-miss|p1b: Pelipper|p2a: Basculegion
|-supereffective|p2b: Tyranitar
|-damage|p2b: Tyranitar|8/100
|-unboost|p2b: Tyranitar|accuracy|1
|
|-weather|Sandstorm|[upkeep]
|-damage|p2a: Basculegion|36/100|[from] Sandstorm
|-damage|p1b: Pelipper|5/100|[from] Sandstorm
|upkeep
|
|t:|1757776434
|switch|p1a: Incineroar|Incineroar, L50, M|100/100
|-ability|p1a: Incineroar|Intimidate|boost
|-unboost|p2a: Basculegion|atk|1
|-unboost|p2b: Tyranitar|atk|1
|turn|6
|
|t:|1757776451
|move|p2a: Basculegion|Last Respects|p1b: Pelipper
|-damage|p1b: Pelipper|0 fnt
|faint|p1b: Pelipper
|move|p2b: Tyranitar|Rock Slide|p1a: Incineroar|[miss]
|-miss|p2b: Tyranitar|p1a: Incineroar
|move|p1a: Incineroar|Knock Off|p2a: Basculegion
|-supereffective|p2a: Basculegion
|-damage|p2a: Basculegion|0 fnt
|-enditem|p2a: Basculegion|Choice Scarf|[from] move: Knock Off|[of] p1a: Incineroar
|faint|p2a: Basculegion
|
|-weather|Sandstorm|[upkeep]
|upkeep
|-message|cm3112 forfeited.
|
|win|timmytheglueeater
|l|☆cm3112
|player|p1|
||cm3112 is ready for game 2.
||timmytheglueeater is ready for game 2.
|uhtml|next|Next: Game 2 of 3
