|j|☆Lewis94
|j|☆oporrinovgc
|html|Lewis94oporrinovgc    
|uhtml|bestof|Game 2 of a best-of-3
|t:|1756392132
|gametype|doubles
|player|p1|Lewis94|ethan-gen2|1118
|player|p2|oporrinovgc|benga|1132
|gen|9
|tier|[Gen 9] VGC 2025 Reg H (Bo3)
|rated|
|rule|Species Clause: Limit one of each Pokémon
|rule|Item Clause: Limit 1 of each item
|clearpoke
|poke|p1|Garchomp, L50, M|
|poke|p1|Whimsicott, L50, F|
|poke|p1|Dragonite, L50, F|
|poke|p1|Typhlosion-Hisui, L50, F|
|poke|p1|Torkoal, L50, F|
|poke|p1|Kingambit, L50, M|
|poke|p2|Ninetales-Alola, L50, M|
|poke|p2|Glaceon, L50, M|
|poke|p2|Dragonite, L50, M|
|poke|p2|Incineroar, L50, M|
|poke|p2|Sneasler, L50, M|
|poke|p2|Araquanid, L50, F|
|teampreview|4
|showteam|p1|Garchomp||LifeOrb|RoughSkin|DragonClaw,StompingTantrum,Earthquake,Protect|||M|||50|,,,,,Ground]Whimsicott||CovertCloak|Prankster|Tailwind,SunnyDay,Moonblast,Encore|||F|||50|,,,,,Dark]Dragonite||LoadedDice|Multiscale|ExtremeSpeed,ScaleShot,IceSpinner,Protect|||F|||50|,,,,,Normal]Typhlosion-Hisui||ChoiceSpecs|Blaze|Eruption,ShadowBall,HeatWave,Protect|||F|||50|,,,,,Fire]Torkoal||EjectPack|Drought|Overheat,Eruption,HelpingHand,Protect|||F|||50|,,,,,Flying]Kingambit||AssaultVest|Defiant|IronHead,Assurance,SuckerPunch,LowKick|||M|||50|,,,,,Flying
|showteam|p2|Ninetales-Alola||LightClay|SnowWarning|Blizzard,AuroraVeil,Protect,FreezeDry|||M|||50|,,,,,Ghost]Glaceon||AssaultVest|SnowCloak|Blizzard,TeraBlast,FreezeDry,ShadowBall|||M|||50|,,,,,Ground]Dragonite||LoadedDice|Multiscale|ScaleShot,Protect,Haze,ExtremeSpeed|||M|||50|,,,,,Fairy]Incineroar||SafetyGoggles|Intimidate|FakeOut,KnockOff,PartingShot,FlareBlitz|||M|||50|,,,,,Ghost]Sneasler||FocusSash|Unburden|CloseCombat,DireClaw,Coaching,FakeOut|||M|||50|,,,,,Stellar]Araquanid||MysticWater|WaterBubble|Liquidation,WideGuard,Protect,LeechLife|||F|||50|,,,,,Water
|inactive|Battle timer is ON: inactive players will automatically lose when time's up. (requested by Lewis94)
|inactive|oporrinovgc also wants the timer to be on.
|inactive|Lewis94 has 60 seconds left.
|
|t:|1756392170
|teamsize|p1|4
|teamsize|p2|4
|start
|switch|p1a: Dragonite|Dragonite, L50, F|100/100
|switch|p1b: Kingambit|Kingambit, L50, M|100/100
|switch|p2a: Sneasler|Sneasler, L50, M|100/100
|switch|p2b: Araquanid|Araquanid, L50, F|100/100
|turn|1
|inactive|oporrinovgc has 30 seconds left.
|
|t:|1756392199
|move|p2a: Sneasler|Coaching|p2b: Araquanid
|-boost|p2b: Araquanid|atk|1
|-boost|p2b: Araquanid|def|1
|move|p1a: Dragonite|Scale Shot|p2b: Araquanid
|-damage|p2b: Araquanid|90/100
|-damage|p2b: Araquanid|79/100
|-damage|p2b: Araquanid|68/100
|-damage|p2b: Araquanid|58/100
|-damage|p2b: Araquanid|48/100
|-hitcount|p2b: Araquanid|5
|-unboost|p1a: Dragonite|def|1
|-boost|p1a: Dragonite|spe|1
|move|p1b: Kingambit|Assurance|p2b: Araquanid
|-damage|p2b: Araquanid|0 fnt
|faint|p2b: Araquanid
|
|upkeep
|inactive|oporrinovgc has 30 seconds left.
|
|t:|1756392230
|switch|p2b: Glaceon|Glaceon, L50, M|100/100
|turn|2
|
|t:|1756392247
|move|p1b: Kingambit|Sucker Punch||[still]
|-fail|p1b: Kingambit
|move|p1a: Dragonite|Scale Shot|p2a: Sneasler
|-damage|p2a: Sneasler|75/100
|-damage|p2a: Sneasler|48/100
|-damage|p2a: Sneasler|24/100
|-damage|p2a: Sneasler|0 fnt
|faint|p2a: Sneasler
|-hitcount|p2: Sneasler|4
|-unboost|p1a: Dragonite|def|1
|-boost|p1a: Dragonite|spe|1
|move|p2b: Glaceon|Blizzard|p1a: Dragonite|[spread] p1a,p1b
|-supereffective|p1a: Dragonite
|-resisted|p1b: Kingambit
|-damage|p1a: Dragonite|0 fnt
|-damage|p1b: Kingambit|84/100
|-status|p1b: Kingambit|frz
|faint|p1a: Dragonite
|
|upkeep
|inactive|Lewis94 has 30 seconds left.
|inactive|Lewis94 has 20 seconds left.
|inactive|Lewis94 has 15 seconds left.
|
|t:|1756392288
|switch|p2a: Ninetales|Ninetales-Alola, L50, M|100/100
|switch|p1a: Typhlosion|Typhlosion-Hisui, L50, F|100/100
|-weather|Snowscape|[from] ability: Snow Warning|[of] p2a: Ninetales
|turn|3
|inactive|Lewis94 has 30 seconds left.
|
|t:|1756392314
|switch|p1a: Whimsicott|Whimsicott, L50, F|100/100
|-terastallize|p2b: Glaceon|Ground
|move|p2a: Ninetales|Protect|p2a: Ninetales
|-singleturn|p2a: Ninetales|Protect
|move|p2b: Glaceon|Tera Blast|p1a: Whimsicott|[anim] Tera Blast Ground
|-resisted|p1a: Whimsicott
|-damage|p1a: Whimsicott|59/100
|cant|p1b: Kingambit|frz
|
|-weather|Snowscape|[upkeep]
|upkeep
|turn|4
|
|t:|1756392337
|-terastallize|p1a: Whimsicott|Dark
|move|p1a: Whimsicott|Tailwind|p1a: Whimsicott
|-sidestart|p1: Lewis94|move: Tailwind
|move|p2a: Ninetales|Blizzard|p1a: Whimsicott|[spread] p1a,p1b
|-resisted|p1b: Kingambit
|-damage|p1a: Whimsicott|10/100
|-damage|p1b: Kingambit|75/100 frz
|cant|p1b: Kingambit|frz
|move|p2b: Glaceon|Tera Blast|p1b: Kingambit|[anim] Tera Blast Ground
|-supereffective|p1b: Kingambit
|-damage|p1b: Kingambit|17/100 frz
|
|-weather|Snowscape|[upkeep]
|upkeep
|turn|5
|
|t:|1756392357
|move|p1a: Whimsicott|Sunny Day|p1a: Whimsicott
|-weather|SunnyDay
|move|p2a: Ninetales|Blizzard|p1a: Whimsicott|[spread] p1a,p1b
|-resisted|p1b: Kingambit
|-damage|p1a: Whimsicott|0 fnt
|-damage|p1b: Kingambit|7/100 frz
|faint|p1a: Whimsicott
|cant|p1b: Kingambit|frz
|move|p2b: Glaceon|Blizzard|p1b: Kingambit|[miss]
|-miss|p2b: Glaceon|p1b: Kingambit
|
|-weather|SunnyDay|[upkeep]
|upkeep
|
|t:|1756392367
|switch|p1a: Typhlosion|Typhlosion-Hisui, L50, F|100/100
|turn|6
|
|t:|1756392381
|move|p2a: Ninetales|Protect|p2a: Ninetales
|-singleturn|p2a: Ninetales|Protect
|move|p1a: Typhlosion|Eruption|p2b: Glaceon|[spread] p2b
|-activate|p2a: Ninetales|move: Protect
|-damage|p2b: Glaceon|8/100
|cant|p1b: Kingambit|frz
|move|p2b: Glaceon|Tera Blast|p1a: Typhlosion|[anim] Tera Blast Ground
|-supereffective|p1a: Typhlosion
|-damage|p1a: Typhlosion|0 fnt
|faint|p1a: Typhlosion
|
|-weather|SunnyDay|[upkeep]
|upkeep
|turn|7
|
|t:|1756392395
|cant|p1b: Kingambit|frz
|move|p2a: Ninetales|Freeze-Dry|p1b: Kingambit
|-resisted|p1b: Kingambit
|-crit|p1b: Kingambit
|-damage|p1b: Kingambit|0 fnt
|faint|p1b: Kingambit
|
|win|oporrinovgc
|raw|Lewis94's rating: 1118 → 1094(-24 for losing)
|raw|oporrinovgc's rating: 1132 → 1156(+24 for winning)
|l|☆oporrinovgc
|player|p2|
