|j|☆G3N13
|j|☆bendixxjmw
|html|G3N13bendixxjmw    
|uhtml|bestof|Game 2 of a best-of-3
|t:|1784703389
|gametype|doubles
|player|p1|G3N13|n|1220
|player|p2|bendixxjmw|169|1398
|gen|9
|tier|[Gen 9 Champions] VGC 2026 Reg M-B (Bo3)
|rated|
|rule|Species Clause: Limit one of each Pokémon
|rule|Item Clause: Limit 1 of each item
|clearpoke
|poke|p1|Ninetales-Alola, L50, F|
|poke|p1|Gholdengo, L50|
|poke|p1|Garchomp, L50, M|
|poke|p1|Scovillain, L50, F|
|poke|p1|Sneasler, L50, M|
|poke|p1|Aerodactyl, L50, M|
|poke|p2|Annihilape, L50, M|
|poke|p2|Mawile, L50, F|
|poke|p2|Archaludon, L50, M|
|poke|p2|Pelipper, L50, F|
|poke|p2|Grimmsnarl, L50, M|
|poke|p2|Sinistcha, L50|
|teampreview|4
|showteam|p1|Ninetales-Alola||LightClay|SnowWarning|Moonblast,Protect,FreezeDry,AuroraVeil|Modest||F|||50|]Gholdengo||LifeOrb|GoodasGold|MakeItRain,ShadowBall,NastyPlot,Protect|Modest|||||50|]Garchomp||HabanBerry|RoughSkin|Earthquake,DragonClaw,Protect,RockSlide|Jolly||M|||50|]Scovillain||Scovillainite|Moody|Overheat,RagePowder,Protect,GigaDrain|Bold||F|||50|]Sneasler||WhiteHerb|Unburden|CloseCombat,DireClaw,FakeOut,Protect|Adamant||M|||50|]Aerodactyl||Aerodactylite|RockHead|Tailwind,RockSlide,DualWingbeat,Protect|Jolly||M|||50|
|showteam|p2|Annihilape||SitrusBerry|Defiant|Protect,DrainPunch,RageFist,BulkUp|Adamant||M|||50|]Mawile||Mawilite|Intimidate|PlayRough,RockSlide,SuckerPunch,Protect|Adamant||F|||50|]Archaludon||Leftovers|Stamina|ElectroShot,Protect,DragonPulse,FlashCannon|Modest||M|||50|]Pelipper||FocusSash|Drizzle|WideGuard,Protect,WeatherBall,Hurricane|Modest||F|||50|]Grimmsnarl||LightClay|Prankster|FakeOut,LightScreen,Reflect,PartingShot|Impish||M|||50|]Sinistcha||CobaBerry|Hospitality|TrickRoom,MatchaGotcha,Protect,RagePowder|Bold|||||50|
|inactive|Battle timer is ON: inactive players will automatically lose when time's up. (requested by bendixxjmw)
|
|t:|1784703419
|teamsize|p1|4
|teamsize|p2|4
|start
|switch|p1a: Garchomp|Garchomp, L50, M|100/100
|switch|p1b: Aerodactyl|Aerodactyl, L50, M|100/100
|switch|p2a: Grimmsnarl|Grimmsnarl, L50, M|100/100
|switch|p2b: Archaludon|Archaludon, L50, M|100/100
|turn|1
|inactive|G3N13 has 30 seconds left.
|
|t:|1784703444
|detailschange|p1b: Aerodactyl|Aerodactyl-Mega, L50, M
|-mega|p1b: Aerodactyl|Aerodactyl|Aerodactylite
|move|p2b: Archaludon|Protect|p2b: Archaludon
|-singleturn|p2b: Archaludon|Protect
|move|p2a: Grimmsnarl|Reflect|p2a: Grimmsnarl
|-sidestart|p2: bendixxjmw|Reflect
|move|p1b: Aerodactyl|Tailwind|p1b: Aerodactyl
|-sidestart|p1: G3N13|move: Tailwind
|move|p1a: Garchomp|Earthquake|p2a: Grimmsnarl|[spread] p2a
|-activate|p2b: Archaludon|move: Protect
|-immune|p1b: Aerodactyl
|-damage|p2a: Grimmsnarl|76/100
|
|upkeep
|turn|2
|inactive|G3N13 has 30 seconds left.
|
|t:|1784703473
|move|p2a: Grimmsnarl|Parting Shot|p1a: Garchomp
|-unboost|p1a: Garchomp|atk|1
|-unboost|p1a: Garchomp|spa|1
|
|t:|1784703476
|switch|p2a: Pelipper|Pelipper, L50, F|100/100|[from] Parting Shot
|-weather|RainDance|[from] ability: Drizzle|[of] p2a: Pelipper
|move|p1b: Aerodactyl|Dual Wingbeat|p2a: Pelipper
|-damage|p2a: Pelipper|73/100
|-damage|p2a: Pelipper|47/100
|-hitcount|p2a: Pelipper|2
|move|p1a: Garchomp|Earthquake|p2a: Pelipper|[spread] p2b
|-immune|p1b: Aerodactyl
|-immune|p2a: Pelipper
|-supereffective|p2b: Archaludon|1
|-crit|p2b: Archaludon
|-damage|p2b: Archaludon|10/100
|-ability|p2b: Archaludon|Stamina|boost
|-boost|p2b: Archaludon|def|1
|move|p2b: Archaludon|Electro Shot||[still]
|-prepare|p2b: Archaludon|Electro Shot
|-boost|p2b: Archaludon|spa|1
|-anim|p2b: Archaludon|Electro Shot|p1b: Aerodactyl
|-supereffective|p1b: Aerodactyl|1
|-crit|p1b: Aerodactyl
|-damage|p1b: Aerodactyl|0 fnt
|faint|p1b: Aerodactyl
|
|-weather|RainDance|[upkeep]
|-heal|p2b: Archaludon|16/100|[from] item: Leftovers
|upkeep
|inactive|G3N13 has 30 seconds left.
|
|t:|1784703509
|switch|p1b: Gholdengo|Gholdengo, L50|100/100
|turn|3
|
|t:|1784703527
|switch|p2b: Grimmsnarl|Grimmsnarl, L50, M|76/100
|move|p1a: Garchomp|Dragon Claw|p2a: Pelipper
|-damage|p2a: Pelipper|21/100
|move|p1b: Gholdengo|Shadow Ball|p2b: Grimmsnarl
|-resisted|p2b: Grimmsnarl|1
|-damage|p2b: Grimmsnarl|48/100
|-unboost|p2b: Grimmsnarl|spd|1
|-damage|p1b: Gholdengo|90/100|[from] item: Life Orb
|move|p2a: Pelipper|Weather Ball|p1b: Gholdengo
|-damage|p1b: Gholdengo|25/100
|
|-weather|RainDance|[upkeep]
|upkeep
|turn|4
|
|t:|1784703548
|switch|p2a: Mawile|Mawile, L50, F|100/100
|-ability|p2a: Mawile|Intimidate|boost
|-unboost|p1a: Garchomp|atk|1
|-unboost|p1b: Gholdengo|atk|1
|move|p2b: Grimmsnarl|Light Screen|p2b: Grimmsnarl
|-sidestart|p2: bendixxjmw|move: Light Screen
|move|p1a: Garchomp|Dragon Claw|p2a: Mawile
|-immune|p2a: Mawile
|move|p1b: Gholdengo|Make It Rain|p2b: Grimmsnarl|[spread] p2a,p2b
|-supereffective|p2b: Grimmsnarl|1
|-damage|p2a: Mawile|11/100
|-damage|p2b: Grimmsnarl|0 fnt
|-unboost|p1b: Gholdengo|spa|2
|faint|p2b: Grimmsnarl
|-damage|p1b: Gholdengo|15/100|[from] item: Life Orb
|
|-weather|RainDance|[upkeep]
|-sideend|p1: G3N13|move: Tailwind
|upkeep
|
|t:|1784703572
|switch|p2b: Archaludon|Archaludon, L50, M|16/100
|turn|5
|
|t:|1784703584
|switch|p2b: Pelipper|Pelipper, L50, F|21/100
|detailschange|p2a: Mawile|Mawile-Mega, L50, F
|-mega|p2a: Mawile|Mawile|Mawilite
|move|p1b: Gholdengo|Protect|p1b: Gholdengo
|-singleturn|p1b: Gholdengo|Protect
|move|p2a: Mawile|Protect|p2a: Mawile
|-singleturn|p2a: Mawile|Protect
|move|p1a: Garchomp|Earthquake|p2a: Mawile|[spread] 
|-activate|p1b: Gholdengo|move: Protect
|-activate|p2a: Mawile|move: Protect
|-immune|p2b: Pelipper
|
|-weather|RainDance|[upkeep]
|upkeep
|turn|6
|
|t:|1784703602
|switch|p1b: Ninetales|Ninetales-Alola, L50, F|100/100
|-weather|Snowscape|[from] ability: Snow Warning|[of] p1b: Ninetales
|move|p2b: Pelipper|Wide Guard|p2b: Pelipper
|-singleturn|p2b: Pelipper|Wide Guard
|move|p1a: Garchomp|Earthquake|p2b: Pelipper|[spread] p1b
|-activate|p2a: Mawile|move: Wide Guard
|-activate|p2b: Pelipper|move: Wide Guard
|-damage|p1b: Ninetales|85/100
|move|p2a: Mawile|Play Rough|p1a: Garchomp
|-supereffective|p1a: Garchomp|1
|-damage|p1a: Garchomp|0 fnt
|-damage|p2a: Mawile|0 fnt|[from] ability: Rough Skin|[of] p1a: Garchomp
|faint|p1a: Garchomp
|faint|p2a: Mawile
|
|-weather|Snowscape|[upkeep]
|upkeep
|
|t:|1784703619
|switch|p1a: Gholdengo|Gholdengo, L50|15/100
|switch|p2a: Archaludon|Archaludon, L50, M|16/100
|turn|7
|
|t:|1784703632
|move|p2b: Pelipper|Wide Guard|p2b: Pelipper
|-singleturn|p2b: Pelipper|Wide Guard
|move|p1b: Ninetales|Freeze-Dry|p2b: Pelipper
|-supereffective|p2b: Pelipper|2
|-damage|p2b: Pelipper|0 fnt
|faint|p2b: Pelipper
|move|p2a: Archaludon|Flash Cannon|p1b: Ninetales
|-supereffective|p1b: Ninetales|2
|-damage|p1b: Ninetales|0 fnt
|faint|p1b: Ninetales
|move|p1a: Gholdengo|Shadow Ball|p2a: Archaludon
|-damage|p2a: Archaludon|0 fnt
|faint|p2a: Archaludon
|-damage|p1a: Gholdengo|5/100|[from] item: Life Orb
|
|win|G3N13
||bendixxjmw is ready for game 3.
|inactive|G3N13 has 30 seconds to confirm battle start!
||G3N13 is ready for game 3.
|uhtml|next|Next: Game 3 of 3
|l|☆bendixxjmw
|player|p2|
