|j|☆don zaloog is real
|j|‽25Yuting
|html|don zaloog is real25Yuting    
|uhtml|bestof|Game 2 of a best-of-3
|t:|1756131250
|gametype|doubles
|player|p1|don zaloog is real|collector|1197
|player|p2|25Yuting|102|1172
|gen|9
|tier|[Gen 9] VGC 2025 Reg H (Bo3)
|rated|
|rule|Species Clause: Limit one of each Pokémon
|rule|Item Clause: Limit 1 of each item
|clearpoke
|poke|p1|Rillaboom, L50, M|
|poke|p1|Volcarona, L50, F|
|poke|p1|Kingambit, L50, M|
|poke|p1|Ninetales-Alola, L50, F|
|poke|p1|Basculegion, L50, M|
|poke|p1|Electabuzz, L50, F|
|poke|p2|Dragonite, L50, F|
|poke|p2|Annihilape, L50, M|
|poke|p2|Porygon2, L50|
|poke|p2|Gholdengo, L50|
|poke|p2|Ursaluna, L50, M|
|poke|p2|Incineroar, L50, M|
|teampreview|4
|showteam|p1|Rillaboom||AssaultVest|GrassySurge|WoodHammer,GrassyGlide,HighHorsepower,FakeOut|||M|||50|,,,,,Fire]Volcarona||GrassySeed|FlameBody|HeatWave,GigaDrain,QuiverDance,Protect|||F|||50|,,,,,Grass]Kingambit||SafetyGoggles|Defiant|KowtowCleave,SuckerPunch,SwordsDance,Protect|||M|||50|,,,,,Dark]Ninetales-Alola||FocusSash|SnowWarning|Blizzard,Encore,Disable,Protect|||F|||50|,,,,,Ghost]Basculegion||ChoiceScarf|Adaptability|WaveCrash,LastRespects,FlipTurn,AquaJet|||M|||50|,,,,,Dragon]Electabuzz||Eviolite|VitalSpirit|Thunderbolt,FollowMe,Taunt,HelpingHand|||F|||50|,,,,,Fairy
|showteam|p2|Dragonite||LoadedDice|Multiscale|ScaleShot,Haze,Tailwind,Protect|||F|||50|,,,,,Steel]Annihilape||SitrusBerry|Defiant|CloseCombat,FinalGambit,RageFist,Coaching|||M|||50|,,,,,Steel]Porygon2||Eviolite|Download|TeraBlast,IceBeam,Recover,TrickRoom||||||50|,,,,,Flying]Gholdengo||LifeOrb|GoodasGold|MakeItRain,ShadowBall,NastyPlot,Protect||||||50|,,,,,Water]Ursaluna||FlameOrb|Guts|Facade,Earthquake,HeadlongRush,Protect|||M|||50|,,,,,Ghost]Incineroar||AssaultVest|Intimidate|FakeOut,FlareBlitz,KnockOff,Uturn|||M|||50|,,,,,Grass
|
|t:|1756131311
|teamsize|p1|4
|teamsize|p2|4
|start
|switch|p1a: Rillaboom|Rillaboom, L50, M|100/100
|switch|p1b: Volcarona|Volcarona, L50, F|100/100
|switch|p2a: Dragonite|Dragonite, L50, F|100/100
|switch|p2b: Annihilape|Annihilape, L50, M|100/100
|-fieldstart|move: Grassy Terrain|[from] ability: Grassy Surge|[of] p1a: Rillaboom
|-enditem|p1b: Volcarona|Grassy Seed
|-boost|p1b: Volcarona|def|1|[from] item: Grassy Seed
|turn|1
|
|t:|1756131337
|move|p1a: Rillaboom|Grassy Glide|p2b: Annihilape
|-damage|p2b: Annihilape|66/100
|move|p2b: Annihilape|Coaching|p2a: Dragonite
|-boost|p2a: Dragonite|atk|1
|-boost|p2a: Dragonite|def|1
|move|p2a: Dragonite|Scale Shot|p1a: Rillaboom
|-damage|p1a: Rillaboom|80/100
|-damage|p1a: Rillaboom|61/100
|-damage|p1a: Rillaboom|41/100
|-damage|p1a: Rillaboom|20/100
|-damage|p1a: Rillaboom|0 fnt
|faint|p1a: Rillaboom
|-hitcount|p1: Rillaboom|5
|-unboost|p2a: Dragonite|def|1
|-boost|p2a: Dragonite|spe|1
|move|p1b: Volcarona|Heat Wave|p2b: Annihilape|[spread] p2a,p2b
|-resisted|p2a: Dragonite
|-damage|p2a: Dragonite|92/100
|-damage|p2b: Annihilape|34/100
|-status|p2a: Dragonite|brn
|-enditem|p2b: Annihilape|Sitrus Berry|[eat]
|-heal|p2b: Annihilape|59/100|[from] item: Sitrus Berry
|
|-heal|p2b: Annihilape|65/100|[from] Grassy Terrain
|-damage|p2a: Dragonite|86/100 brn|[from] brn
|upkeep
|
|t:|1756131357
|switch|p1a: Basculegion|Basculegion, L50, M|100/100
|turn|2
|
|t:|1756131366
|move|p2a: Dragonite|Tailwind|p2a: Dragonite
|-sidestart|p2: 25Yuting|move: Tailwind
|move|p2b: Annihilape|Rage Fist|p1a: Basculegion
|-supereffective|p1a: Basculegion
|-damage|p1a: Basculegion|0 fnt
|faint|p1a: Basculegion
|move|p1b: Volcarona|Quiver Dance|p1b: Volcarona
|-boost|p1b: Volcarona|spa|1
|-boost|p1b: Volcarona|spd|1
|-boost|p1b: Volcarona|spe|1
|
|-heal|p2b: Annihilape|71/100|[from] Grassy Terrain
|-damage|p2a: Dragonite|80/100 brn|[from] brn
|upkeep
|
|t:|1756131372
|switch|p1a: Ninetales|Ninetales-Alola, L50, F|100/100
|-weather|Snowscape|[from] ability: Snow Warning|[of] p1a: Ninetales
|turn|3
|
|t:|1756131382
|switch|p2b: Incineroar|Incineroar, L50, M|100/100
|-ability|p2b: Incineroar|Intimidate|boost
|-unboost|p1a: Ninetales|atk|1
|-unboost|p1b: Volcarona|atk|1
|-terastallize|p1a: Ninetales|Ghost
|move|p2a: Dragonite|Haze|p2a: Dragonite
|-clearallboost
|move|p1a: Ninetales|Blizzard|p2b: Incineroar|[spread] p2a,p2b
|-supereffective|p2a: Dragonite
|-resisted|p2b: Incineroar
|-damage|p2a: Dragonite|0 fnt
|-damage|p2b: Incineroar|91/100
|-status|p2b: Incineroar|frz
|faint|p2a: Dragonite
|move|p1b: Volcarona|Quiver Dance|p1b: Volcarona
|-boost|p1b: Volcarona|spa|1
|-boost|p1b: Volcarona|spd|1
|-boost|p1b: Volcarona|spe|1
|
|-weather|Snowscape|[upkeep]
|-heal|p2b: Incineroar|97/100 frz|[from] Grassy Terrain
|upkeep
|
|t:|1756131393
|switch|p2a: Annihilape|Annihilape, L50, M|71/100
|turn|4
|
|t:|1756131411
|move|p2a: Annihilape|Final Gambit|p1b: Volcarona
|-damage|p1b: Volcarona|17/100
|faint|p2a: Annihilape
|move|p1b: Volcarona|Giga Drain|p2b: Incineroar
|-resisted|p2b: Incineroar
|-damage|p2b: Incineroar|82/100 frz
|-heal|p1b: Volcarona|26/100|[from] drain|[of] p2b: Incineroar
|-curestatus|p2b: Incineroar|frz|[from] move: Flare Blitz
|move|p2b: Incineroar|Flare Blitz|p1a: Ninetales
|-damage|p1a: Ninetales|20/100
|-damage|p2b: Incineroar|62/100|[from] Recoil
|move|p1a: Ninetales|Blizzard|p2b: Incineroar
|-resisted|p2b: Incineroar
|-damage|p2b: Incineroar|50/100
|
|-weather|Snowscape|[upkeep]
|-heal|p1b: Volcarona|32/100|[from] Grassy Terrain
|-heal|p2b: Incineroar|56/100|[from] Grassy Terrain
|-heal|p1a: Ninetales|26/100|[from] Grassy Terrain
|upkeep
|
|t:|1756131417
|switch|p2a: Ursaluna|Ursaluna, L50, M|100/100
|turn|5
|
|t:|1756131426
|move|p1b: Volcarona|Protect|p1b: Volcarona
|-singleturn|p1b: Volcarona|Protect
|move|p1a: Ninetales|Protect|p1a: Ninetales
|-singleturn|p1a: Ninetales|Protect
|move|p2a: Ursaluna|Headlong Rush|p1a: Ninetales
|-activate|p1a: Ninetales|move: Protect
|move|p2b: Incineroar|Flare Blitz|p1b: Volcarona
|-activate|p1b: Volcarona|move: Protect
|
|-weather|Snowscape|[upkeep]
|-heal|p1b: Volcarona|38/100|[from] Grassy Terrain
|-heal|p2b: Incineroar|62/100|[from] Grassy Terrain
|-heal|p1a: Ninetales|32/100|[from] Grassy Terrain
|-sideend|p2: 25Yuting|move: Tailwind
|-fieldend|move: Grassy Terrain
|-status|p2a: Ursaluna|brn|[from] item: Flame Orb
|upkeep
|turn|6
|
|t:|1756131444
|-terastallize|p2a: Ursaluna|Ghost
|move|p1b: Volcarona|Giga Drain|p2a: Ursaluna
|-damage|p2a: Ursaluna|64/100 brn
|-heal|p1b: Volcarona|58/100|[from] drain|[of] p2a: Ursaluna
|move|p1a: Ninetales|Disable|p2b: Incineroar
|-start|p2b: Incineroar|Disable|Flare Blitz
|move|p2a: Ursaluna|Headlong Rush|p1a: Ninetales
|-damage|p1a: Ninetales|0 fnt
|-unboost|p2a: Ursaluna|def|1
|-unboost|p2a: Ursaluna|spd|1
|faint|p1a: Ninetales
|cant|p2b: Incineroar|Disable|Flare Blitz
|
|-weather|Snowscape|[upkeep]
|-damage|p2a: Ursaluna|58/100 brn|[from] brn
|upkeep
|turn|7
|
|t:|1756131462
|move|p1b: Volcarona|Heat Wave|p2a: Ursaluna|[spread] p2a,p2b
|-resisted|p2b: Incineroar
|-damage|p2a: Ursaluna|0 fnt
|-damage|p2b: Incineroar|44/100
|faint|p2a: Ursaluna
|move|p2b: Incineroar|Knock Off|p1b: Volcarona
|-damage|p1b: Volcarona|27/100
|
|-weather|none
|upkeep
|turn|8
|
|t:|1756131474
|move|p1b: Volcarona|Giga Drain|p2b: Incineroar
|-resisted|p2b: Incineroar
|-damage|p2b: Incineroar|33/100
|-heal|p1b: Volcarona|33/100|[from] drain|[of] p2b: Incineroar
|move|p2b: Incineroar|Knock Off|p1b: Volcarona
|-damage|p1b: Volcarona|0 fnt
|faint|p1b: Volcarona
|
|win|25Yuting
|raw|don zaloog is real's rating: 1197 → 1170(-27 for losing)
|raw|25Yuting's rating: 1172 → 1199(+27 for winning)
|l|‽25Yuting
|player|p2|
