|j|☆razorsharp01
|j|☆CallMeDG
|html|razorsharp01CallMeDG    
|uhtml|bestof|Game 2 of a best-of-3
|t:|1756987065
|gametype|doubles
|player|p1|razorsharp01|falkner|1105
|player|p2|CallMeDG|byron|1100
|gen|9
|tier|[Gen 9] VGC 2025 Reg H (Bo3)
|rated|
|rule|Species Clause: Limit one of each Pokémon
|rule|Item Clause: Limit 1 of each item
|clearpoke
|poke|p1|Gothitelle, L50, M|
|poke|p1|Incineroar, L50, F|
|poke|p1|Amoonguss, L50, F|
|poke|p1|Politoed, L50, M|
|poke|p1|Archaludon, L50, M|
|poke|p1|Kingdra, L50, F|
|poke|p2|Hitmontop, L50, M|
|poke|p2|Clefable, L50, F|
|poke|p2|Pawmot, L50, F|
|poke|p2|Talonflame, L50, F|
|poke|p2|Hydreigon, L50, F|
|poke|p2|Gholdengo, L50|
|teampreview|4
|showteam|p1|Gothitelle||SitrusBerry|ShadowTag|FakeOut,Protect,Psychic,TrickRoom|||M|||50|,,,,,Dark]Incineroar||SafetyGoggles|Intimidate|Protect,KnockOff,FakeOut,PartingShot|||F|||50|,,,,,Ghost]Amoonguss||EjectButton|Regenerator|Spore,SludgeBomb,RagePowder,Protect|||F|||50|,,,,,Dark]Politoed||Leftovers|Drizzle|PerishSong,Encore,Protect,WeatherBall|||M|||50|,,,,,Water]Archaludon||PowerHerb|Stalwart|ElectroShot,FlashCannon,DracoMeteor,Protect|||M|||50|,,,,,Electric]Kingdra||LifeOrb|SwiftSwim|DracoMeteor,MuddyWater,Protect,WeatherBall|||F|||50|,,,,,Stellar
|showteam|p2|Hitmontop||AssaultVest|Intimidate|CloseCombat,FakeOut,IceSpinner,Earthquake|||M|||50|,,,,,Rock]Clefable||SafetyGoggles|Unaware|Moonblast,FollowMe,Protect,ThunderWave|||F|||50|,,,,,Poison]Pawmot||ClearAmulet|VoltAbsorb|DoubleShock,CloseCombat,FakeOut,RevivalBlessing|||F|||50|,,,,,Electric]Talonflame||CovertCloak|GaleWings|FlareBlitz,WillOWisp,Tailwind,Uturn|||F|||50|,,,,,Fire]Hydreigon||LifeOrb|Levitate|DracoMeteor,DarkPulse,EarthPower,Protect|||F|||50|,,,,,Ground]Gholdengo||ChoiceSpecs|GoodasGold|MakeItRain,ShadowBall,PowerGem,Thunderbolt||||||50|,,,,,Steel
|inactive|Battle timer is ON: inactive players will automatically lose when time's up. (requested by CallMeDG)
|inactive|CallMeDG has 60 seconds left.
|
|t:|1756987102
|teamsize|p1|4
|teamsize|p2|4
|start
|switch|p1a: Politoed|Politoed, L50, M|100/100
|switch|p1b: Gothitelle|Gothitelle, L50, M|100/100
|switch|p2a: Pawmot|Pawmot, L50, F, shiny|100/100
|switch|p2b: Gholdengo|Gholdengo, L50|100/100
|-weather|RainDance|[from] ability: Drizzle|[of] p1a: Politoed
|turn|1
|inactive|razorsharp01 has 30 seconds left.
|inactive|CallMeDG has 30 seconds left.
|
|t:|1756987132
|switch|p1a: Amoonguss|Amoonguss, L50, F|100/100
|move|p1b: Gothitelle|Protect|p1b: Gothitelle
|-singleturn|p1b: Gothitelle|Protect
|move|p2a: Pawmot|Fake Out|p1b: Gothitelle
|-activate|p1b: Gothitelle|move: Protect
|move|p2b: Gholdengo|Shadow Ball|p1b: Gothitelle
|-activate|p1b: Gothitelle|move: Protect
|
|-weather|RainDance|[upkeep]
|upkeep
|turn|2
|inactive|CallMeDG has 30 seconds left.
|inactive|CallMeDG has 20 seconds left.
|
|t:|1756987167
|switch|p1b: Incineroar|Incineroar, L50, F|100/100
|-ability|p1b: Incineroar|Intimidate|boost
|-fail|p2a: Pawmot|unboost|[from] item: Clear Amulet|[of] p2a: Pawmot
|-unboost|p2b: Gholdengo|atk|1
|move|p2a: Pawmot|Close Combat|p1b: Incineroar
|-supereffective|p1b: Incineroar
|-damage|p1b: Incineroar|0 fnt
|-unboost|p2a: Pawmot|def|1
|-unboost|p2a: Pawmot|spd|1
|faint|p1b: Incineroar
|move|p2b: Gholdengo|Shadow Ball|p1a: Amoonguss
|-damage|p1a: Amoonguss|44/100
|-enditem|p1a: Amoonguss|Eject Button
|
|t:|1756987181
|switch|p1a: Politoed|Politoed, L50, M|100/100
|
|-weather|RainDance|[upkeep]
|upkeep
|
|t:|1756987186
|switch|p1b: Gothitelle|Gothitelle, L50, M|100/100
|turn|3
|
|t:|1756987202
|-terastallize|p1b: Gothitelle|Dark
|move|p1b: Gothitelle|Fake Out|p2a: Pawmot
|-damage|p2a: Pawmot|86/100
|cant|p2a: Pawmot|flinch
|move|p2b: Gholdengo|Shadow Ball|p1b: Gothitelle
|-resisted|p1b: Gothitelle
|-damage|p1b: Gothitelle|72/100
|move|p1a: Politoed|Weather Ball|p2a: Pawmot
|-damage|p2a: Pawmot|0 fnt
|faint|p2a: Pawmot
|
|-weather|RainDance|[upkeep]
|upkeep
|
|t:|1756987217
|switch|p2a: Clefable|Clefable, L50, F, shiny|100/100
|turn|4
|
|t:|1756987232
|move|p2b: Gholdengo|Shadow Ball|p1a: Politoed
|-damage|p1a: Politoed|48/100
|move|p1a: Politoed|Weather Ball|p2b: Gholdengo
|-damage|p2b: Gholdengo|43/100
|move|p2a: Clefable|Thunder Wave|p1b: Gothitelle
|-status|p1b: Gothitelle|par
|move|p1b: Gothitelle|Trick Room|p1b: Gothitelle
|-fieldstart|move: Trick Room|[of] p1b: Gothitelle
|
|-weather|RainDance|[upkeep]
|-heal|p1a: Politoed|54/100|[from] item: Leftovers
|upkeep
|turn|5
|
|t:|1756987255
|switch|p1b: Amoonguss|Amoonguss, L50, F|77/100
|move|p2a: Clefable|Follow Me|p2a: Clefable
|-singleturn|p2a: Clefable|move: Follow Me
|move|p1a: Politoed|Weather Ball|p2a: Clefable
|-damage|p2a: Clefable|59/100
|move|p2b: Gholdengo|Shadow Ball|p1a: Politoed
|-damage|p1a: Politoed|6/100
|
|-weather|none
|-heal|p1a: Politoed|12/100|[from] item: Leftovers
|upkeep
|turn|6
|
|t:|1756987272
|switch|p1a: Gothitelle|Gothitelle, L50, M, tera:Dark|72/100 par
|move|p2a: Clefable|Follow Me|p2a: Clefable
|-singleturn|p2a: Clefable|move: Follow Me
|move|p1b: Amoonguss|Spore|p2a: Clefable
|-activate|p2a: Clefable|item: Safety Goggles|Spore
|move|p2b: Gholdengo|Shadow Ball|p1b: Amoonguss
|-damage|p1b: Amoonguss|24/100
|
|upkeep
|turn|7
|
|t:|1756987284
|move|p2a: Clefable|Follow Me|p2a: Clefable
|-singleturn|p2a: Clefable|move: Follow Me
|move|p1b: Amoonguss|Sludge Bomb|p2a: Clefable
|-supereffective|p2a: Clefable
|-damage|p2a: Clefable|11/100
|-status|p2a: Clefable|psn
|cant|p1a: Gothitelle|par
|move|p2b: Gholdengo|Shadow Ball|p1b: Amoonguss
|-damage|p1b: Amoonguss|0 fnt
|faint|p1b: Amoonguss
|
|-damage|p2a: Clefable|0 fnt|[from] psn
|faint|p2a: Clefable
|upkeep
|
|t:|1756987294
|switch|p1b: Politoed|Politoed, L50, M|12/100
|switch|p2a: Hydreigon|Hydreigon, L50, F, shiny|100/100
|-weather|RainDance|[from] ability: Drizzle|[of] p1b: Politoed
|turn|8
|
|t:|1756987301
|move|p2a: Hydreigon|Protect|p2a: Hydreigon
|-singleturn|p2a: Hydreigon|Protect
|move|p1a: Gothitelle|Fake Out||[still]
|-hint|Fake Out only works on your first turn out.
|-fail|p1a: Gothitelle
|move|p1b: Politoed|Weather Ball|p2b: Gholdengo
|-damage|p2b: Gholdengo|0 fnt
|faint|p2b: Gholdengo
|
|-weather|RainDance|[upkeep]
|-heal|p1b: Politoed|18/100|[from] item: Leftovers
|-fieldend|move: Trick Room
|upkeep
|turn|9
|
|t:|1756987318
|move|p2a: Hydreigon|Earth Power|p1a: Gothitelle
|-damage|p1a: Gothitelle|38/100 par
|-enditem|p1a: Gothitelle|Sitrus Berry|[eat]
|-heal|p1a: Gothitelle|63/100 par|[from] item: Sitrus Berry
|-damage|p2a: Hydreigon|91/100|[from] item: Life Orb
|move|p1b: Politoed|Perish Song|p1b: Politoed
|-start|p1a: Gothitelle|perish3|[silent]
|-start|p1b: Politoed|perish3|[silent]
|-start|p2a: Hydreigon|perish3|[silent]
|-fieldactivate|move: Perish Song
|move|p1a: Gothitelle|Trick Room|p1a: Gothitelle
|-fieldstart|move: Trick Room|[of] p1a: Gothitelle
|
|-weather|RainDance|[upkeep]
|-heal|p1b: Politoed|24/100|[from] item: Leftovers
|-start|p1a: Gothitelle|perish3
|-start|p1b: Politoed|perish3
|-start|p2a: Hydreigon|perish3
|upkeep
|turn|10
|
|t:|1756987336
|move|p1b: Politoed|Protect|p1b: Politoed
|-singleturn|p1b: Politoed|Protect
|move|p2a: Hydreigon|Earth Power|p1b: Politoed
|-activate|p1b: Politoed|move: Protect
|move|p1a: Gothitelle|Trick Room|p1a: Gothitelle
|-fieldend|move: Trick Room
|
|-weather|RainDance|[upkeep]
|-heal|p1b: Politoed|30/100|[from] item: Leftovers
|-start|p2a: Hydreigon|perish2
|-start|p1b: Politoed|perish2
|-start|p1a: Gothitelle|perish2
|upkeep
|turn|11
|
|t:|1756987347
|cant|p1a: Gothitelle|par
|move|p2a: Hydreigon|Dark Pulse|p1b: Politoed
|-damage|p1b: Politoed|0 fnt
|faint|p1b: Politoed
|-damage|p2a: Hydreigon|81/100|[from] item: Life Orb
|
|-weather|RainDance|[upkeep]
|-start|p2a: Hydreigon|perish1
|-start|p1a: Gothitelle|perish1
|upkeep
|turn|12
|
|t:|1756987354
|move|p1a: Gothitelle|Protect|p1a: Gothitelle
|-singleturn|p1a: Gothitelle|Protect
|move|p2a: Hydreigon|Draco Meteor|p1a: Gothitelle
|-activate|p1a: Gothitelle|move: Protect
|
|-weather|none
|-start|p2a: Hydreigon|perish0
|-start|p1a: Gothitelle|perish0
|faint|p2a: Hydreigon
|faint|p1a: Gothitelle
|
|win|razorsharp01
||CallMeDG is ready for game 3.
|inactive|razorsharp01 has 30 seconds to confirm battle start!
||razorsharp01 is ready for game 3.
|uhtml|next|Next: Game 3 of 3
|l|☆CallMeDG
|player|p2|
