|j|ŌśåBVSelf
|j|Ōśånew mental
|html|BVSelfnew mental    
|uhtml|bestof|Game 3 of a best-of-3
|t:|1783870032
|gametype|doubles
|player|p1|BVSelf|juan|1410
|player|p2|new mental|volkner|1289
|gen|9
|tier|[Gen 9 Champions] VGC 2026 Reg M-B (Bo3)
|rated|
|rule|Species Clause: Limit one of each Pok├®mon
|rule|Item Clause: Limit 1 of each item
|clearpoke
|poke|p1|Delphox, L50, F|
|poke|p1|Incineroar, L50, M|
|poke|p1|Maushold-Four, L50|
|poke|p1|Sinistcha, L50|
|poke|p1|Sneasler, L50, M|
|poke|p1|Blastoise, L50, F|
|poke|p2|Charizard, L50, M|
|poke|p2|Kingambit, L50, M|
|poke|p2|Sylveon, L50, M|
|poke|p2|Garchomp, L50, M|
|poke|p2|Aerodactyl, L50, F|
|poke|p2|Farigiraf, L50, F|
|teampreview|4
|showteam|p1|Delphox||Delphoxite|Blaze|HeatWave,Psyshock,NastyPlot,Protect|Timid||F|||50|]Incineroar||SitrusBerry|Intimidate|FlareBlitz,FakeOut,ThroatChop,PartingShot|Impish||M|||50|]Maushold-Four||ChopleBerry|FriendGuard|Feint,HelpingHand,FollowMe,Protect|Impish|||||50|]Sinistcha||KasibBerry|Hospitality|Protect,MatchaGotcha,RagePowder,TrickRoom|Relaxed|||||50|]Sneasler||FocusSash|PoisonTouch|CloseCombat,DireClaw,QuickGuard,FakeOut|Jolly||M|||50|]Blastoise||Blastoisinite|RainDish|Protect,ShellSmash,WaterSpout,DarkPulse|Modest||F|||50|
|showteam|p2|Charizard||CharizarditeY|SolarPower|Protect,HeatWave,SolarBeam,WeatherBall|Modest||M|||50|]Kingambit||FocusSash|Defiant|IronHead,SuckerPunch,KowtowCleave,LowKick|Adamant||M|||50|]Sylveon||FairyFeather|Pixilate|Detect,HyperVoice,HyperBeam,QuickAttack|Modest||M|||50|]Garchomp||LifeOrb|RoughSkin|Protect,DragonClaw,Earthquake,RockSlide|Jolly||M|||50|]Aerodactyl||Aerodactylite|Unnerve|IceFang,RockSlide,Tailwind,DualWingbeat|Jolly||F|||50|]Farigiraf||SitrusBerry|ArmorTail|TrickRoom,Psychic,Thunderbolt,Roar|Bold||F|||50|
|
|t:|1783870054
|teamsize|p1|4
|teamsize|p2|4
|start
|switch|p1a: Sneasler|Sneasler, L50, M|100/100
|switch|p1b: Blastoise|Blastoise, L50, F|100/100
|switch|p2a: Aerodactyl|Aerodactyl, L50, F|100/100
|switch|p2b: Kingambit|Kingambit, L50, M|100/100
|-ability|p2a: Aerodactyl|Unnerve
|turn|1
|
|t:|1783870064
|detailschange|p2a: Aerodactyl|Aerodactyl-Mega, L50, F
|-mega|p2a: Aerodactyl|Aerodactyl|Aerodactylite
|detailschange|p1b: Blastoise|Blastoise-Mega, L50, F
|-mega|p1b: Blastoise|Blastoise|Blastoisinite
|move|p2b: Kingambit|Sucker Punch|p1b: Blastoise
|-damage|p1b: Blastoise|61/100
|move|p2a: Aerodactyl|Rock Slide|p1b: Blastoise|[spread] p1a,p1b
|-resisted|p1a: Sneasler|1
|-damage|p1a: Sneasler|78/100
|-damage|p1b: Blastoise|35/100
|move|p1a: Sneasler|Close Combat|p2b: Kingambit
|-supereffective|p2b: Kingambit|2
|-enditem|p2b: Kingambit|Focus Sash
|-damage|p2b: Kingambit|1/100
|-unboost|p1a: Sneasler|def|1
|-unboost|p1a: Sneasler|spd|1
|move|p1b: Blastoise|Water Spout|p2a: Aerodactyl|[spread] p2a,p2b
|-supereffective|p2a: Aerodactyl|1
|-damage|p2a: Aerodactyl|50/100g
|-damage|p2b: Kingambit|0 fnt
|faint|p2b: Kingambit
|
|upkeep
|
|t:|1783870079
|switch|p2b: Sylveon|Sylveon, L50, M|100/100
|turn|2
|
|t:|1783870091
|switch|p1a: Sinistcha|Sinistcha, L50|100/100
|-heal|p1b: Blastoise|60/100|[from] ability: Hospitality|[of] p1a: Sinistcha
|move|p1b: Blastoise|Protect|p1b: Blastoise
|-singleturn|p1b: Blastoise|Protect
|move|p2a: Aerodactyl|Dual Wingbeat|p1a: Sinistcha
|-supereffective|p1a: Sinistcha|1
|-damage|p1a: Sinistcha|58/100
|-supereffective|p1a: Sinistcha|1
|-damage|p1a: Sinistcha|16/100
|-hitcount|p1a: Sinistcha|2
|move|p2b: Sylveon|Hyper Voice|p1a: Sinistcha|[spread] p1a
|-activate|p1b: Blastoise|move: Protect
|-damage|p1a: Sinistcha|0 fnt
|faint|p1a: Sinistcha
|
|upkeep
|
|t:|1783870103
|switch|p1a: Incineroar|Incineroar, L50, M|100/100
|-ability|p1a: Incineroar|Intimidate|boost
|-unboost|p2a: Aerodactyl|atk|1
|-unboost|p2b: Sylveon|atk|1
|turn|3
|
|t:|1783870117
|switch|p2a: Farigiraf|Farigiraf, L50, F|100/100
|move|p1a: Incineroar|Fake Out||[still]
|cant|p2a: Farigiraf|ability: Armor Tail|Fake Out|[of] p1a: Incineroar
|move|p1b: Blastoise|Dark Pulse|p2a: Farigiraf
|-supereffective|p2a: Farigiraf|1
|-damage|p2a: Farigiraf|7/100
|-enditem|p2a: Farigiraf|Sitrus Berry|[eat]
|-heal|p2a: Farigiraf|32/100|[from] item: Sitrus Berry
|move|p2b: Sylveon|Hyper Voice|p1a: Incineroar|[spread] p1a,p1b
|-damage|p1a: Incineroar|56/100
|-damage|p1b: Blastoise|12/100
|
|upkeep
|turn|4
|
|t:|1783870164
|move|p1b: Blastoise|Dark Pulse|p2a: Farigiraf
|-supereffective|p2a: Farigiraf|1
|-damage|p2a: Farigiraf|0 fnt
|faint|p2a: Farigiraf
|move|p1a: Incineroar|Throat Chop|p2b: Sylveon
|-resisted|p2b: Sylveon|1
|-damage|p2b: Sylveon|82/100
|-start|p2b: Sylveon|Throat Chop|[silent]
|move|p2b: Sylveon|Hyper Beam|p1a: Incineroar
|-damage|p1a: Incineroar|0 fnt
|-mustrecharge|p2b: Sylveon
|faint|p1a: Incineroar
|
|upkeep
|
|t:|1783870173
|switch|p1a: Sneasler|Sneasler, L50, M|78/100
|switch|p2a: Aerodactyl|Aerodactyl-Mega, L50, F|50/100g
|turn|5
|
|t:|1783870181
|move|p1a: Sneasler|Fake Out|p2a: Aerodactyl
|-resisted|p2a: Aerodactyl|1
|-damage|p2a: Aerodactyl|43/100
|cant|p2a: Aerodactyl|flinch
|move|p1b: Blastoise|Dark Pulse|p2a: Aerodactyl
|-damage|p2a: Aerodactyl|0 fnt
|faint|p2a: Aerodactyl
|cant|p2b: Sylveon|recharge
|
|-end|p2b: Sylveon|Throat Chop|[silent]
|upkeep
|turn|6
|c|ŌśåBVSelf|ggs
|c|Ōśånew mental|gg
|
|t:|1783870199
|move|p1a: Sneasler|Dire Claw|p2b: Sylveon
|-supereffective|p2b: Sylveon|1
|-damage|p2b: Sylveon|0 fnt
|faint|p2b: Sylveon
|
|win|BVSelf
|raw|BVSelf's rating: 1410 → 1423(+13 for winning)
|raw|new mental's rating: 1289 → 1272(-17 for losing)
|c|ŌśåBVSelf|that was close
|c|Ōśånew mental|it was on blast
|c|Ōśånew mental|not on inc
|c|ŌśåBVSelf|oh shoot
|c|ŌśåBVSelf|you misclicked ?
|c|Ōśånew mental|no no
|c|ŌśåBVSelf|oh you're saying what you should have done
|c|Ōśånew mental|yeah yeah
|c|Ōśånew mental|hyperbeam on blast and aero wins i guess
|c|ŌśåBVSelf|maybe fake out + throat chop is enough
|c|Ōśånew mental|maybe yes
|c|Ōśånew mental|im not sure the damages
|c|ŌśåBVSelf|idk your spreads
|c|ŌśåBVSelf|inci is 0 atk
|c|Ōśånew mental|aero is 16 hp
|c|Ōśånew mental|16 def
|c|Ōśånew mental|he probably tanks
|c|ŌśåBVSelf|BVSelf
|c|ŌśåBVSelf|0 Atk Incineroar Throat Chop vs. 2 HP / 0 Def Mega Aerodactyl: 58-70 (36.9 - 44.5%) -- guaranteed 3HKO
|c|ŌśåBVSelf|0 Atk Incineroar Throat Chop vs. 16 HP / 16 Def Mega Aerodactyl: 51-61 (29.8 - 35.6%) -- 30.22% chance to 3HKO
|c|Ōśånew mental|yeah it was win
|c|ŌśåBVSelf|yeah hyper on blastoise was definitely better
|c|Ōśånew mental|the hyper beam there
|c|ŌśåBVSelf|next time you know what to do
|c|Ōśånew mental|yep yep
|c|Ōśånew mental|gg
|c|ŌśåBVSelf|ggs
|c|Ōśånew mental|you are really good
