|j|☆oofperson420
|j|☆Ribombees believer
|html|oofperson420Ribombees believer    
|uhtml|bestof|Game 2 of a best-of-3
|t:|1755900791
|gametype|doubles
|player|p1|oofperson420|medium|1229
|player|p2|Ribombees believer|skier|1285
|gen|9
|tier|[Gen 9] VGC 2025 Reg H (Bo3)
|rated|
|rule|Species Clause: Limit one of each Pokémon
|rule|Item Clause: Limit 1 of each item
|clearpoke
|poke|p1|Gholdengo, L50|
|poke|p1|Sneasler, L50, M|
|poke|p1|Rillaboom, L50, F|
|poke|p1|Dragonite, L50, M|
|poke|p1|Ninetales-Alola, L50, M|
|poke|p1|Arcanine-Hisui, L50, F|
|poke|p2|Dondozo, L50, M|
|poke|p2|Tatsugiri, L50, M|
|poke|p2|Indeedee, L50, M|
|poke|p2|Dragapult, L50, M|
|poke|p2|Hydreigon, L50, F|
|poke|p2|Ribombee, L50, F|
|teampreview|4
|showteam|p1|Gholdengo||GrassySeed|GoodasGold|NastyPlot,MakeItRain,ShadowBall,Protect||||||50|,,,,,Water]Sneasler||WhiteHerb|Unburden|CloseCombat,DireClaw,Coaching,Protect|||M|||50|,,,,,Ghost]Rillaboom||AssaultVest|GrassySurge|FakeOut,GrassyGlide,DrumBeating,HighHorsepower|||F|||50|,,,,,Fire]Dragonite||LoadedDice|Multiscale|ScaleShot,StompingTantrum,Tailwind,Protect|||M|||50|,,,,,Ground]Ninetales-Alola||FocusSash|SnowWarning|Blizzard,IcyWind,Encore,AuroraVeil|||M|||50|,,,,,Ghost]Arcanine-Hisui||ClearAmulet|Intimidate|RockSlide,FlareBlitz,ExtremeSpeed,Protect|||F|||50|,,,,,Water
|showteam|p2|Dondozo||Leftovers|Unaware|WaveCrash,Earthquake,OrderUp,Protect|||M|||50|,,,,,Grass]Tatsugiri||ChoiceScarf|Commander|MuddyWater,DracoMeteor,DragonPulse,TeraBlast|||M|||50|,,,,,Fairy]Indeedee||FocusSash|PsychicSurge|ExpandingForce,TeraBlast,HyperVoice,Protect|||M|||50|,,,,,Fighting]Dragapult||ChoiceBand|ClearBody|DragonDarts,Outrage,PhantomForce,Uturn|||M|||50|,,,,,Dragon]Hydreigon||AssaultVest|Levitate|EarthPower,Snarl,DarkPulse,DracoMeteor|||F|||50|,,,,,Steel]Ribombee||ChoiceSpecs|ShieldDust|Moonblast,PollenPuff,DazzlingGleam,TeraBlast|||F|||50|,,,,,Ground
|inactive|Battle timer is ON: inactive players will automatically lose when time's up. (requested by oofperson420)
|inactive|Ribombees believer also wants the timer to be on.
|inactive|oofperson420 has 60 seconds left.
|inactive|Ribombees believer has 60 seconds left.
|inactive|oofperson420 has 30 seconds left.
|
|t:|1755900860
|teamsize|p1|4
|teamsize|p2|4
|start
|switch|p1a: Arcanine|Arcanine-Hisui, L50, F|100/100
|switch|p1b: Rillaboom|Rillaboom, L50, F|100/100
|switch|p2a: Hydreigon|Hydreigon, L50, F|100/100
|switch|p2b: Indeedee|Indeedee, L50, M|100/100
|-ability|p1a: Arcanine|Intimidate|boost
|-unboost|p2a: Hydreigon|atk|1
|-unboost|p2b: Indeedee|atk|1
|-fieldstart|move: Grassy Terrain|[from] ability: Grassy Surge|[of] p1b: Rillaboom
|-fieldstart|move: Psychic Terrain|[from] ability: Psychic Surge|[of] p2b: Indeedee
|turn|1
|
|t:|1755900884
|switch|p1b: Ninetales|Ninetales-Alola, L50, M|100/100
|-weather|Snowscape|[from] ability: Snow Warning|[of] p1b: Ninetales
|move|p1a: Arcanine|Rock Slide|p2b: Indeedee|[spread] p2a,p2b
|-crit|p2a: Hydreigon
|-damage|p2a: Hydreigon|60/100
|-damage|p2b: Indeedee|41/100
|cant|p2b: Indeedee|flinch
|move|p2a: Hydreigon|Dark Pulse|p1a: Arcanine
|-damage|p1a: Arcanine|48/100
|
|-weather|Snowscape|[upkeep]
|upkeep
|turn|2
|inactive|Ribombees believer has 30 seconds left.
|inactive|Ribombees believer has 20 seconds left.
|
|t:|1755900919
|switch|p2b: Dragapult|Dragapult, L50, M|100/100
|-terastallize|p2a: Hydreigon|Steel
|move|p1b: Ninetales|Blizzard|p2b: Dragapult|[spread] p2a,p2b
|-resisted|p2a: Hydreigon
|-supereffective|p2b: Dragapult
|-damage|p2a: Hydreigon|50/100
|-damage|p2b: Dragapult|11/100
|move|p1a: Arcanine|Rock Slide|p2b: Dragapult|[spread] p2a,p2b
|-resisted|p2a: Hydreigon
|-damage|p2a: Hydreigon|36/100
|-damage|p2b: Dragapult|0 fnt
|faint|p2b: Dragapult
|cant|p2a: Hydreigon|flinch
|
|-weather|Snowscape|[upkeep]
|upkeep
|
|t:|1755900937
|switch|p2b: Ribombee|Ribombee, L50, F|100/100
|turn|3
|
|t:|1755900960
|switch|p1b: Rillaboom|Rillaboom, L50, F|100/100
|-fieldstart|move: Grassy Terrain|[from] ability: Grassy Surge|[of] p1b: Rillaboom
|move|p1a: Arcanine|Extreme Speed|p2b: Ribombee
|-damage|p2b: Ribombee|47/100
|move|p2b: Ribombee|Moonblast|p1a: Arcanine
|-resisted|p1a: Arcanine
|-damage|p1a: Arcanine|13/100
|move|p2a: Hydreigon|Earth Power|p1b: Rillaboom
|-resisted|p1b: Rillaboom
|-damage|p1b: Rillaboom|87/100
|
|-weather|Snowscape|[upkeep]
|-heal|p2b: Ribombee|53/100|[from] Grassy Terrain
|-heal|p1a: Arcanine|19/100|[from] Grassy Terrain
|-heal|p1b: Rillaboom|93/100|[from] Grassy Terrain
|upkeep
|turn|4
|inactive|oofperson420 has 30 seconds left.
|inactive|Ribombees believer has 30 seconds left.
|inactive|Ribombees believer has 20 seconds left.
|
|t:|1755901004
|move|p2b: Ribombee|Moonblast|p1a: Arcanine
|-resisted|p1a: Arcanine
|-crit|p1a: Arcanine
|-damage|p1a: Arcanine|0 fnt
|faint|p1a: Arcanine
|move|p1b: Rillaboom|Drum Beating|p2b: Ribombee
|-resisted|p2b: Ribombee
|-damage|p2b: Ribombee|3/100
|move|p2a: Hydreigon|Dark Pulse|p1b: Rillaboom
|-damage|p1b: Rillaboom|56/100
|
|-weather|Snowscape|[upkeep]
|-heal|p2b: Ribombee|8/100|[from] Grassy Terrain
|-heal|p1b: Rillaboom|62/100|[from] Grassy Terrain
|upkeep
|
|t:|1755901018
|switch|p1a: Ninetales|Ninetales-Alola, L50, M|100/100
|turn|5
|
|t:|1755901025
|switch|p1b: Sneasler|Sneasler, L50, M|100/100
|switch|p2a: Indeedee|Indeedee, L50, M|41/100
|-fieldstart|move: Psychic Terrain|[from] ability: Psychic Surge|[of] p2a: Indeedee
|move|p2b: Ribombee|Moonblast|p1b: Sneasler
|-damage|p1b: Sneasler|24/100
|-unboost|p1b: Sneasler|spa|1
|-enditem|p1b: Sneasler|White Herb
|-clearnegativeboost|p1b: Sneasler|[silent]
|move|p1a: Ninetales|Blizzard|p2a: Indeedee|[spread] p2a,p2b
|-damage|p2a: Indeedee|0 fnt
|-damage|p2b: Ribombee|0 fnt
|faint|p2a: Indeedee
|faint|p2b: Ribombee
|
|-weather|none
|upkeep
|
|t:|1755901030
|switch|p2b: Hydreigon|Hydreigon, L50, F, tera:Steel|36/100
|turn|6
|c|☆Ribombees believer|ggs
|
|t:|1755901038
|move|p1b: Sneasler|Close Combat|p2b: Hydreigon
|-supereffective|p2b: Hydreigon
|-damage|p2b: Hydreigon|0 fnt
|-unboost|p1b: Sneasler|def|1
|-unboost|p1b: Sneasler|spd|1
|faint|p2b: Hydreigon
|
|win|oofperson420
|raw|oofperson420's rating: 1229 → 1258(+29 for winning)
|raw|Ribombees believer's rating: 1285 → 1256(-29 for losing)
|l|☆oofperson420
|player|p1|
