|j|☆sampsonwildbeast
|j|☆AyushXD
|html|sampsonwildbeastAyushXD    
|uhtml|bestof|Game 2 of a best-of-3
|t:|1784392322
|gametype|doubles
|player|p1|sampsonwildbeast|169|1040
|player|p2|AyushXD|lucas-gen4pt|1085
|gen|9
|tier|[Gen 9 Champions] VGC 2026 Reg M-B (Bo3)
|rated|
|rule|Species Clause: Limit one of each Pokémon
|rule|Item Clause: Limit 1 of each item
|clearpoke
|poke|p1|Gengar, L50, M|
|poke|p1|Incineroar, L50, M|
|poke|p1|Politoed, L50, M|
|poke|p1|Meganium, L50, M|
|poke|p1|Basculegion, L50, M|
|poke|p1|Maushold, L50|
|poke|p2|Blastoise, L50, M|
|poke|p2|Delphox, L50, M|
|poke|p2|Sneasler, L50, F|
|poke|p2|Incineroar, L50, M|
|poke|p2|Kingambit, L50, F|
|poke|p2|Sinistcha, L50|
|teampreview|4
|showteam|p1|Gengar||Gengarite|CursedBody|Protect,PerishSong,ShadowBall,SludgeBomb|Timid||M|||50|]Incineroar||SitrusBerry|Intimidate|FakeOut,Protect,PartingShot,FlareBlitz|Careful||M|||50|]Politoed||DampRock|Drizzle|PerishSong,Protect,IceBeam,WeatherBall|Calm||M|||50|]Meganium||Meganiumite|Overgrow|Protect,DazzlingGleam,WeatherBall,SolarBeam|Timid||M|||50|]Basculegion||LifeOrb|SwiftSwim|Protect,LastRespects,AquaJet,Liquidation|Adamant||M|||50|]Maushold||WideLens|FriendGuard|PopulationBomb,FollowMe,Protect,Encore|Jolly|||||50|
|showteam|p2|Blastoise||Blastoisinite|RainDish|DarkPulse,WaterSpout,ShellSmash,Protect|Modest||M|||50|]Delphox||Delphoxite|Blaze|HeatWave,Psyshock,NastyPlot,Protect|Modest||M|||50|]Sneasler||FocusSash|PoisonTouch|PoisonJab,CloseCombat,FakeOut,QuickGuard|Jolly||F|||50|]Incineroar||SitrusBerry|Intimidate|FlareBlitz,FakeOut,PartingShot,HelpingHand|Careful||M|||50|]Kingambit||BlackGlasses|Defiant|KowtowCleave,SuckerPunch,SwordsDance,Protect|Adamant||F|||50|]Sinistcha||KasibBerry|Hospitality|MatchaGotcha,RagePowder,TrickRoom,Protect|Bold|||||50|
|inactive|Battle timer is ON: inactive players will automatically lose when time's up. (requested by AyushXD)
|
|t:|1784392352
|teamsize|p1|4
|teamsize|p2|4
|start
|switch|p1a: Politoed|Politoed, L50, M|100/100
|switch|p1b: Basculegion|Basculegion, L50, M|100/100
|switch|p2a: Blastoise|Blastoise, L50, M|100/100
|switch|p2b: Incineroar|Incineroar, L50, M|100/100
|-ability|p2b: Incineroar|Intimidate|boost
|-unboost|p1a: Politoed|atk|1
|-unboost|p1b: Basculegion|atk|1
|-weather|RainDance|[from] ability: Drizzle|[of] p1a: Politoed
|turn|1
|
|t:|1784392375
|switch|p1a: Incineroar|Incineroar, L50, M|100/100
|-ability|p1a: Incineroar|Intimidate|boost
|-unboost|p2a: Blastoise|atk|1
|-unboost|p2b: Incineroar|atk|1
|detailschange|p2a: Blastoise|Blastoise-Mega, L50, M
|-mega|p2a: Blastoise|Blastoise|Blastoisinite
|move|p2b: Incineroar|Fake Out|p1a: Incineroar
|-damage|p1a: Incineroar|92/100
|move|p1b: Basculegion|Liquidation|p2b: Incineroar
|-supereffective|p2b: Incineroar|1
|-damage|p2b: Incineroar|0 fnt
|faint|p2b: Incineroar
|-damage|p1b: Basculegion|90/100|[from] item: Life Orb
|move|p2a: Blastoise|Shell Smash|p2a: Blastoise
|-unboost|p2a: Blastoise|def|1
|-unboost|p2a: Blastoise|spd|1
|-boost|p2a: Blastoise|atk|2
|-boost|p2a: Blastoise|spa|2
|-boost|p2a: Blastoise|spe|2
|
|-weather|RainDance|[upkeep]
|upkeep
|
|t:|1784392389
|switch|p2b: Sinistcha|Sinistcha, L50|100/100
|turn|2
|
|t:|1784392406
|switch|p1b: Meganium|Meganium, L50, M|100/100
|move|p2a: Blastoise|Protect|p2a: Blastoise
|-singleturn|p2a: Blastoise|Protect
|move|p2b: Sinistcha|Protect|p2b: Sinistcha
|-singleturn|p2b: Sinistcha|Protect
|move|p1a: Incineroar|Fake Out|p2a: Blastoise
|-activate|p2a: Blastoise|move: Protect
|
|-weather|RainDance|[upkeep]
|upkeep
|turn|3
|inactive|sampsonwildbeast has 30 seconds left.
|
|t:|1784392436
|detailschange|p1b: Meganium|Meganium-Mega, L50, M
|-mega|p1b: Meganium|Meganium|Meganiumite
|move|p2a: Blastoise|Water Spout|p1a: Incineroar|[spread] p1a,p1b
|-supereffective|p1a: Incineroar|1
|-resisted|p1b: Meganium|1
|-damage|p1a: Incineroar|0 fnt
|-damage|p1b: Meganium|0 fnt
|faint|p1a: Incineroar
|faint|p1b: Meganium
|move|p2b: Sinistcha|Trick Room|p2b: Sinistcha
|-fieldstart|move: Trick Room|[of] p2b: Sinistcha
|
|-weather|RainDance|[upkeep]
|upkeep
|
|t:|1784392445
|switch|p1a: Politoed|Politoed, L50, M|100/100
|switch|p1b: Basculegion|Basculegion, L50, M|90/100
|turn|4
|
|t:|1784392458
|move|p2a: Blastoise|Protect|p2a: Blastoise
|-singleturn|p2a: Blastoise|Protect
|move|p1a: Politoed|Ice Beam|p2b: Sinistcha
|-supereffective|p2b: Sinistcha|1
|-damage|p2b: Sinistcha|64/100
|move|p2b: Sinistcha|Matcha Gotcha|p1b: Basculegion|[spread] p1a,p1b
|-supereffective|p1a: Politoed|1
|-supereffective|p1b: Basculegion|1
|-damage|p1a: Politoed|66/100
|-heal|p2b: Sinistcha|82/100|[from] drain|[of] p1a: Politoed
|-damage|p1b: Basculegion|35/100
|-heal|p2b: Sinistcha|100/100|[from] drain|[of] p1b: Basculegion
|move|p1b: Basculegion|Last Respects|p2a: Blastoise
|-activate|p2a: Blastoise|move: Protect
|
|-weather|RainDance|[upkeep]
|upkeep
|turn|5
|inactive|AyushXD has 30 seconds left.
|
|t:|1784392485
|move|p1a: Politoed|Ice Beam|p2b: Sinistcha
|-supereffective|p2b: Sinistcha|1
|-damage|p2b: Sinistcha|64/100
|move|p2b: Sinistcha|Matcha Gotcha|p1a: Politoed|[spread] p1a,p1b
|-supereffective|p1a: Politoed|1
|-supereffective|p1b: Basculegion|1
|-crit|p1b: Basculegion
|-damage|p1a: Politoed|35/100
|-heal|p2b: Sinistcha|81/100|[from] drain|[of] p1a: Politoed
|-damage|p1b: Basculegion|0 fnt
|-heal|p2b: Sinistcha|100/100|[from] drain|[of] p1b: Basculegion
|faint|p1b: Basculegion
|move|p2a: Blastoise|Dark Pulse|p1a: Politoed
|-damage|p1a: Politoed|0 fnt
|faint|p1a: Politoed
|
|win|AyushXD
|raw|sampsonwildbeast's rating: 1040 → 1026(-14 for losing)
|raw|AyushXD's rating: 1085 → 1109(+24 for winning)
