|j|☆tipolucha
|j|☆exessvgc
|html|tipoluchaexessvgc    
|uhtml|bestof|Game 1 of a best-of-3
|t:|1782377362
|gametype|doubles
|player|p1|tipolucha|169|1185
|player|p2|exessvgc|lucas|1144
|gen|9
|tier|[Gen 9 Champions] VGC 2026 Reg M-B (Bo3)
|rated|
|rule|Species Clause: Limit one of each Pokémon
|rule|Item Clause: Limit 1 of each item
|clearpoke
|poke|p1|Banette, L50, M|
|poke|p1|Swampert, L50, M|
|poke|p1|Pelipper, L50, F|
|poke|p1|Milotic, L50, F|
|poke|p1|Sneasler, L50, M|
|poke|p1|Sinistcha-Masterpiece, L50|
|poke|p2|Charizard, L50, M|
|poke|p2|Sneasler, L50, F|
|poke|p2|Farigiraf, L50, M|
|poke|p2|Aerodactyl, L50, F|
|poke|p2|Kingambit, L50, F|
|poke|p2|Sylveon, L50, F|
|teampreview|4
|showteam|p1|Banette||Banettite|Insomnia|KnockOff,RainDance,ShadowSneak,WillOWisp|Serious||M|||50|]Swampert||Swampertite|Torrent|WaveCrash,Protect,IcePunch,FlipTurn|Adamant||M|||50|]Pelipper||SitrusBerry|Drizzle|WideGuard,Tailwind,Hurricane,WeatherBall|Modest||F|||50|]Milotic||LifeOrb|Competitive|Scald,IcyWind,AlluringVoice,Protect|Modest||F|||50|]Sneasler||WhiteHerb|Unburden|FakeOut,ThroatChop,DireClaw,CloseCombat|Adamant||M|||50|]Sinistcha-Masterpiece||KasibBerry|Hospitality|RagePowder,MatchaGotcha,ShadowBall,StrengthSap|Modest|||||50|
|showteam|p2|Charizard||CharizarditeX|Blaze|DragonDance,DragonClaw,FlareBlitz,Protect|Jolly||M|||50|]Sneasler||WhiteHerb|Unburden|FakeOut,Protect,CloseCombat,DireClaw|Jolly||F|||50|]Farigiraf||SitrusBerry|ArmorTail|TrickRoom,Thunderbolt,HelpingHand,TwinBeam|Calm||M|||50|]Aerodactyl||FocusSash|Unnerve|RockSlide,Tailwind,DualWingbeat,Protect|Jolly||F|||50|]Kingambit||LifeOrb|Defiant|KowtowCleave,SuckerPunch,IronHead,Protect|Brave||F|||50|]Sylveon||FairyFeather|Pixilate|HyperVoice,HyperBeam,Protect,QuickAttack|Quiet||F|||50|
|inactive|Battle timer is ON: inactive players will automatically lose when time's up. (requested by exessvgc)
|
|t:|1782377425
|teamsize|p1|4
|teamsize|p2|4
|start
|switch|p1a: Banette|Banette, L50, M|100/100
|switch|p1b: Pelipper|Pelipper, L50, F|100/100
|switch|p2a: DINOSAUVO|Aerodactyl, L50, F|100/100
|switch|p2b: LA GIRAFFA|Farigiraf, L50, M|100/100
|-ability|p2a: DINOSAUVO|Unnerve
|-weather|RainDance|[from] ability: Drizzle|[of] p1b: Pelipper
|turn|1
|
|t:|1782377448
|move|p1b: Pelipper|Wide Guard|p1b: Pelipper
|-singleturn|p1b: Pelipper|Wide Guard
|move|p2a: DINOSAUVO|Tailwind|p2a: DINOSAUVO
|-sidestart|p2: exessvgc|move: Tailwind
|move|p2b: LA GIRAFFA|Thunderbolt|p1b: Pelipper
|-supereffective|p1b: Pelipper|2
|-damage|p1b: Pelipper|0 fnt
|faint|p1b: Pelipper
|move|p1a: Banette|Will-O-Wisp|p2a: DINOSAUVO
|-status|p2a: DINOSAUVO|brn
|
|-weather|RainDance|[upkeep]
|-damage|p2a: DINOSAUVO|94/100 brn|[from] brn
|upkeep
|
|t:|1782377465
|switch|p1b: Swampert|Swampert, L50, M|100/100
|turn|2
|inactive|exessvgc has 30 seconds left.
|inactive|exessvgc has 20 seconds left.
|
|t:|1782377504
|detailschange|p1a: Banette|Banette-Mega, L50, M
|-mega|p1a: Banette|Banette|Banettite
|move|p2a: DINOSAUVO|Dual Wingbeat|p1b: Swampert
|-damage|p1b: Swampert|90/100
|-damage|p1b: Swampert|82/100
|-hitcount|p1b: Swampert|2
|move|p2b: LA GIRAFFA|Twin Beam|p1b: Swampert
|-damage|p1b: Swampert|67/100
|-damage|p1b: Swampert|54/100
|-hitcount|p1b: Swampert|2
|move|p1a: Banette|Knock Off|p2b: LA GIRAFFA
|-supereffective|p2b: LA GIRAFFA|1
|-crit|p2b: LA GIRAFFA
|-damage|p2b: LA GIRAFFA|1/100
|-enditem|p2b: LA GIRAFFA|Sitrus Berry|[from] move: Knock Off|[of] p1a: Banette
|move|p1b: Swampert|Wave Crash|p2a: DINOSAUVO
|-supereffective|p2a: DINOSAUVO|1
|-damage|p2a: DINOSAUVO|0 fnt
|faint|p2a: DINOSAUVO
|-damage|p1b: Swampert|30/100|[from] Recoil
|
|-weather|RainDance|[upkeep]
|upkeep
|
|t:|1782377526
|switch|p2a: Kingambit|Kingambit, L50, F|100/100
|turn|3
|
|t:|1782377538
|switch|p1a: Milotic|Milotic, L50, F|100/100
|move|p2b: LA GIRAFFA|Twin Beam|p1b: Swampert
|-damage|p1b: Swampert|15/100
|-damage|p1b: Swampert|2/100
|-hitcount|p1b: Swampert|2
|move|p2a: Kingambit|Kowtow Cleave|p1a: Milotic
|-damage|p1a: Milotic|30/100
|-damage|p2a: Kingambit|90/100|[from] item: Life Orb
|move|p1b: Swampert|Wave Crash|p2a: Kingambit
|-damage|p2a: Kingambit|0 fnt
|faint|p2a: Kingambit
|-damage|p1b: Swampert|0 fnt|[from] Recoil
|faint|p1b: Swampert
|
|-weather|RainDance|[upkeep]
|upkeep
|
|t:|1782377552
|switch|p1b: Banette|Banette-Mega, L50, M|100/100
|switch|p2a: Sylveon|Sylveon, L50, F|100/100
|turn|4
|
|t:|1782377571
|move|p1a: Milotic|Protect|p1a: Milotic
|-singleturn|p1a: Milotic|Protect
|move|p2b: LA GIRAFFA|Thunderbolt|p1a: Milotic
|-activate|p1a: Milotic|move: Protect
|move|p2a: Sylveon|Hyper Beam|p1b: Banette
|-damage|p1b: Banette|0 fnt
|-mustrecharge|p2a: Sylveon
|faint|p1b: Banette
|
|-weather|RainDance|[upkeep]
|-sideend|p2: exessvgc|move: Tailwind
|upkeep
|turn|5
|
|t:|1782377581
|move|p1a: Milotic|Icy Wind|p2a: Sylveon|[spread] p2a,p2b
|-damage|p2a: Sylveon|85/100
|-damage|p2b: LA GIRAFFA|0 fnt
|-unboost|p2a: Sylveon|spe|1
|faint|p2b: LA GIRAFFA
|-damage|p1a: Milotic|20/100y|[from] item: Life Orb
|cant|p2a: Sylveon|recharge
|
|-weather|none
|upkeep
|turn|6
|
|t:|1782377590
|move|p1a: Milotic|Scald|p2a: Sylveon
|-crit|p2a: Sylveon
|-damage|p2a: Sylveon|22/100
|-status|p2a: Sylveon|brn
|-damage|p1a: Milotic|10/100|[from] item: Life Orb
|move|p2a: Sylveon|Hyper Voice|p1a: Milotic
|-damage|p1a: Milotic|0 fnt
|faint|p1a: Milotic
|
|win|exessvgc
||tipolucha is ready for game 2.
||exessvgc is ready for game 2.
|uhtml|next|Next: Game 2 of 3
|l|☆tipolucha
|player|p1|
