|j|☆gundojuan8
|j|☆PablixXHD
|html|gundojuan8PablixXHD    
|uhtml|bestof|Game 3 of a best-of-3
|t:|1757769940
|gametype|doubles
|player|p1|gundojuan8|ethan-gen2|
|player|p2|PablixXHD|clair|
|gen|9
|tier|[Gen 9] VGC 2025 Reg H (Bo3)
|rule|Species Clause: Limit one of each Pokémon
|rule|Item Clause: Limit 1 of each item
|clearpoke
|poke|p1|Talonflame, L50, M|
|poke|p1|Gholdengo, L50|
|poke|p1|Tyranitar, L50, M|
|poke|p1|Garchomp, L50, M|
|poke|p1|Primarina, L50, F|
|poke|p1|Rillaboom, L50, M|
|poke|p2|Volcarona, L50, M|
|poke|p2|Kingambit, L50, M|
|poke|p2|Dragonite, L50, F|
|poke|p2|Sneasler, L50, M|
|poke|p2|Rillaboom, L50, M|
|poke|p2|Electabuzz, L50, M|
|teampreview|4
|showteam|p1|Talonflame||CovertCloak|GaleWings|Tailwind,DualWingbeat,FlareBlitz,Taunt|||M|||50|,,,,,Ghost]Gholdengo||ChoiceSpecs|GoodasGold|MakeItRain,ShadowBall,Thunderbolt,FocusBlast||||||50|,,,,,Steel]Tyranitar||AssaultVest|SandStream|RockSlide,KnockOff,LowKick,TeraBlast|||M|||50|,,,,,Flying]Garchomp||LifeOrb|RoughSkin|Protect,DragonClaw,Earthquake,StompingTantrum|||M|||50|,,,,,Steel]Primarina||SitrusBerry|LiquidVoice|Protect,Moonblast,HyperVoice,Haze|||F|||50|,,,,,Poison]Rillaboom||MiracleSeed|GrassySurge|FakeOut,GrassyGlide,HighHorsepower,WoodHammer|||M|||50|,,,,,Fire
|showteam|p2|Volcarona||Leftovers|FlameBody|HeatWave,TeraBlast,QuiverDance,Protect|||M|||50|,,,,,Fairy]Kingambit||BlackGlasses|Defiant|KowtowCleave,SuckerPunch,IronHead,Assurance|||M|||50|,,,,,Dark]Dragonite||LoadedDice|Multiscale|ScaleShot,ExtremeSpeed,Haze,Protect|||F|||50|,,,,,Normal]Sneasler||FocusSash|PoisonTouch|CloseCombat,DireClaw,FakeOut,Coaching|||M|||50|,,,,,Stellar]Rillaboom||AssaultVest|GrassySurge|WoodHammer,GrassyGlide,HighHorsepower,FakeOut|||M|||50|,,,,,Fire]Electabuzz||Eviolite|VitalSpirit|Thunderbolt,Taunt,FollowMe,Protect|||M|||50|,,,,,Ghost
|inactive|Battle timer is ON: inactive players will automatically lose when time's up. (requested by PablixXHD)
|inactive|gundojuan8 also wants the timer to be on.
|inactive|gundojuan8 has 60 seconds left.
|inactive|PablixXHD has 60 seconds left.
|
|t:|1757769990
|teamsize|p1|4
|teamsize|p2|4
|start
|switch|p1a: Talonflame|Talonflame, L50, M, shiny|100/100
|switch|p1b: Garchomp|Garchomp, L50, M|100/100
|switch|p2a: Volcarona|Volcarona, L50, M|100/100
|switch|p2b: Electabuzz|Electabuzz, L50, M|100/100
|turn|1
|
|t:|1757770010
|-terastallize|p2a: Volcarona|Fairy
|move|p1b: Garchomp|Protect|p1b: Garchomp
|-singleturn|p1b: Garchomp|Protect
|move|p1a: Talonflame|Taunt|p2b: Electabuzz
|-start|p2b: Electabuzz|move: Taunt
|move|p2a: Volcarona|Tera Blast|p1b: Garchomp|[anim] Tera Blast Fairy
|-activate|p1b: Garchomp|move: Protect
|move|p2b: Electabuzz|Thunderbolt|p1a: Talonflame
|-supereffective|p1a: Talonflame
|-damage|p1a: Talonflame|15/100
|
|upkeep
|turn|2
|
|t:|1757770030
|-terastallize|p1b: Garchomp|Steel
|move|p1a: Talonflame|Tailwind|p1a: Talonflame
|-sidestart|p1: gundojuan8|move: Tailwind
|move|p1b: Garchomp|Earthquake|p2a: Volcarona|[spread] p2a,p2b
|-immune|p1a: Talonflame
|-supereffective|p2b: Electabuzz
|-damage|p2a: Volcarona|47/100
|-damage|p2b: Electabuzz|27/100
|-damage|p1b: Garchomp|91/100|[from] item: Life Orb
|move|p2a: Volcarona|Tera Blast|p1b: Garchomp|[anim] Tera Blast Fairy
|-resisted|p1b: Garchomp
|-damage|p1b: Garchomp|67/100
|move|p2b: Electabuzz|Thunderbolt|p1a: Talonflame
|-supereffective|p1a: Talonflame
|-damage|p1a: Talonflame|0 fnt
|faint|p1a: Talonflame
|
|-heal|p2a: Volcarona|53/100|[from] item: Leftovers
|upkeep
|
|t:|1757770047
|switch|p1a: Gholdengo|Gholdengo, L50, shiny|100/100
|turn|3
|
|t:|1757770059
|move|p1b: Garchomp|Stomping Tantrum|p2b: Electabuzz
|-supereffective|p2b: Electabuzz
|-damage|p2b: Electabuzz|0 fnt
|faint|p2b: Electabuzz
|-damage|p1b: Garchomp|58/100|[from] item: Life Orb
|move|p1a: Gholdengo|Make It Rain|p2a: Volcarona
|-supereffective|p2a: Volcarona
|-damage|p2a: Volcarona|0 fnt
|-unboost|p1a: Gholdengo|spa|1
|faint|p2a: Volcarona
|
|upkeep
|
|t:|1757770063
|switch|p2a: Kingambit|Kingambit, L50, M|100/100
|switch|p2b: Sneasler|Sneasler, L50, M|100/100
|turn|4
|inactive|PablixXHD has 30 seconds left.
|
|t:|1757770090
|switch|p1a: Primarina|Primarina, L50, F|100/100
|move|p2b: Sneasler|Fake Out|p1b: Garchomp
|-resisted|p1b: Garchomp
|-damage|p1b: Garchomp|51/100
|-damage|p2b: Sneasler|88/100|[from] ability: Rough Skin|[of] p1b: Garchomp
|cant|p1b: Garchomp|flinch
|move|p2a: Kingambit|Iron Head|p1a: Primarina
|-damage|p1a: Primarina|51/100
|
|upkeep
|turn|5
|inactive|gundojuan8 has 30 seconds left.
|inactive|PablixXHD has 30 seconds left.
|
|t:|1757770120
|move|p1a: Primarina|Protect|p1a: Primarina
|-singleturn|p1a: Primarina|Protect
|move|p2a: Kingambit|Sucker Punch|p1b: Garchomp
|-damage|p1b: Garchomp|1/100
|-damage|p2a: Kingambit|88/100|[from] ability: Rough Skin|[of] p1b: Garchomp
|move|p1b: Garchomp|Earthquake|p2a: Kingambit|[spread] p2a,p2b
|-activate|p1a: Primarina|move: Protect
|-supereffective|p2a: Kingambit
|-supereffective|p2b: Sneasler
|-damage|p2a: Kingambit|13/100
|-damage|p2b: Sneasler|0 fnt
|faint|p2b: Sneasler
|-damage|p1b: Garchomp|0 fnt|[from] item: Life Orb
|faint|p1b: Garchomp
|
|-sideend|p1: gundojuan8|move: Tailwind
|upkeep
|
|t:|1757770133
|switch|p1b: Gholdengo|Gholdengo, L50, shiny|100/100
|turn|6
|
|t:|1757770139
|move|p2a: Kingambit|Sucker Punch|p1b: Gholdengo
|-supereffective|p1b: Gholdengo
|-damage|p1b: Gholdengo|0 fnt
|faint|p1b: Gholdengo
|move|p1a: Primarina|Moonblast|p2a: Kingambit
|-damage|p2a: Kingambit|0 fnt
|faint|p2a: Kingambit
|
|win|gundojuan8
