|j|☆KingDom1992
|j|☆Zeclos
|html|KingDom1992Zeclos    
|uhtml|bestof|Game 2 of a best-of-3
|t:|1756476074
|gametype|doubles
|player|p1|KingDom1992|brock|1196
|player|p2|Zeclos|juan|1139
|gen|9
|tier|[Gen 9] VGC 2025 Reg H (Bo3)
|rated|
|rule|Species Clause: Limit one of each Pokémon
|rule|Item Clause: Limit 1 of each item
|clearpoke
|poke|p1|Gholdengo, L50|
|poke|p1|Sneasler, L50, F|
|poke|p1|Incineroar, L50, F|
|poke|p1|Amoonguss, L50, M|
|poke|p1|Dragonite, L50, M|
|poke|p1|Ursaluna-Bloodmoon, L50, M|
|poke|p2|Torkoal, L50, M|
|poke|p2|Lilligant-Hisui, L50, F|
|poke|p2|Raichu, L50, F|
|poke|p2|Hydreigon, L50, M|
|poke|p2|Braviary, L50, M|
|poke|p2|Goodra-Hisui, L50, F|
|teampreview|4
|showteam|p1|Gholdengo||LifeOrb|GoodasGold|MakeItRain,ShadowBall,NastyPlot,Protect||||||50|,,,,,Water]Sneasler||FocusSash|PoisonTouch|FakeOut,CloseCombat,DireClaw,Protect|||F|||50|,,,,,Stellar]Incineroar||SafetyGoggles|Intimidate|FakeOut,FlareBlitz,KnockOff,PartingShot|||F|||50|,,,,,Ghost]Amoonguss||SitrusBerry|Regenerator|Spore,RagePowder,PollenPuff,Protect|||M|||50|,,,,,Water]Dragonite||LoadedDice|Multiscale|ScaleShot,Haze,Tailwind,ExtremeSpeed|||M|||50|,,,,,Fairy]Ursaluna-Bloodmoon||AssaultVest|MindsEye|HyperVoice,BloodMoon,EarthPower,VacuumWave|||M|||50|,,,,,Normal
|showteam|p2|Torkoal||Charcoal|Drought|Eruption,Yawn,Protect,HeatWave|||M|||50|,,,,,Fire]Lilligant-Hisui||FocusSash|Chlorophyll|AfterYou,CloseCombat,Protect,SleepPowder|||F|||50|,,,,,Ghost]Raichu||SitrusBerry|LightningRod|FakeOut,Nuzzle,Thunderbolt,Electroweb|||F|||50|,,,,,Ghost]Hydreigon||ChoiceSpecs|Levitate|DracoMeteor,DarkPulse,HeatWave,FlashCannon|||M|||50|,,,,,Fire]Braviary||CovertCloak|Defiant|Tailwind,BraveBird,DoubleEdge,Protect|||M|||50|,,,,,Flying]Goodra-Hisui||Leftovers|ShellArmor|AcidArmor,BodyPress,Protect,LifeDew|||F|||50|,,,,,Steel
|inactive|Battle timer is ON: inactive players will automatically lose when time's up. (requested by Zeclos)
|
|t:|1756476095
|teamsize|p1|4
|teamsize|p2|4
|start
|switch|p1a: Dragonite|Dragonite, L50, M|100/100
|switch|p1b: Sneasler|Sneasler, L50, F, shiny|100/100
|switch|p2a: Raichu|Raichu, L50, F|100/100
|switch|p2b: Braviary|Braviary, L50, M|100/100
|turn|1
|
|t:|1756476108
|-terastallize|p2a: Raichu|Ghost
|move|p1b: Sneasler|Fake Out|p2a: Raichu
|-immune|p2a: Raichu
|move|p2a: Raichu|Fake Out|p1a: Dragonite
|-damage|p1a: Dragonite|96/100
|move|p2b: Braviary|Tailwind|p2b: Braviary
|-sidestart|p2: Zeclos|move: Tailwind
|cant|p1a: Dragonite|flinch
|
|upkeep
|turn|2
|
|t:|1756476119
|move|p1b: Sneasler|Protect|p1b: Sneasler
|-singleturn|p1b: Sneasler|Protect
|move|p2a: Raichu|Thunderbolt|p1a: Dragonite
|-damage|p1a: Dragonite|56/100
|move|p2b: Braviary|Brave Bird|p1a: Dragonite
|-damage|p1a: Dragonite|0 fnt
|faint|p1a: Dragonite
|-damage|p2b: Braviary|83/100|[from] Recoil
|
|upkeep
|
|t:|1756476130
|switch|p1a: Ursaluna|Ursaluna-Bloodmoon, L50, M|100/100
|turn|3
|
|t:|1756476143
|switch|p1b: Incineroar|Incineroar, L50, F, shiny|100/100
|-ability|p1b: Incineroar|Intimidate|boost
|-unboost|p2a: Raichu|atk|1
|-unboost|p2b: Braviary|atk|1
|-ability|p2b: Braviary|Defiant|boost
|-boost|p2b: Braviary|atk|2
|-terastallize|p1a: Ursaluna|Normal
|move|p2a: Raichu|Nuzzle|p1b: Incineroar
|-damage|p1b: Incineroar|96/100
|-status|p1b: Incineroar|par
|move|p2b: Braviary|Brave Bird|p1a: Ursaluna
|-damage|p1a: Ursaluna|24/100
|-damage|p2b: Braviary|55/100|[from] Recoil
|move|p1a: Ursaluna|Blood Moon|p2b: Braviary
|-damage|p2b: Braviary|0 fnt
|faint|p2b: Braviary
|
|upkeep
|
|t:|1756476149
|switch|p2b: Hydreigon|Hydreigon, L50, M|100/100
|turn|4
|
|t:|1756476157
|cant|p1b: Incineroar|par
|move|p2a: Raichu|Thunderbolt|p1a: Ursaluna
|-damage|p1a: Ursaluna|0 fnt
|faint|p1a: Ursaluna
|move|p2b: Hydreigon|Dark Pulse|p1b: Incineroar
|-resisted|p1b: Incineroar
|-damage|p1b: Incineroar|72/100 par
|
|-sideend|p2: Zeclos|move: Tailwind
|upkeep
|
|t:|1756476161
|switch|p1a: Sneasler|Sneasler, L50, F, shiny|100/100
|turn|5
|
|t:|1756476174
|move|p1a: Sneasler|Fake Out|p2b: Hydreigon
|-damage|p2b: Hydreigon|83/100
|move|p2a: Raichu|Nuzzle|p1a: Sneasler
|-damage|p1a: Sneasler|94/100
|-status|p1a: Sneasler|par
|cant|p2b: Hydreigon|flinch
|move|p1b: Incineroar|Knock Off|p2a: Raichu
|-supereffective|p2a: Raichu
|-damage|p2a: Raichu|0 fnt
|-enditem|p2a: Raichu|Sitrus Berry|[from] move: Knock Off|[of] p1b: Incineroar
|faint|p2a: Raichu
|
|upkeep
|
|t:|1756476175
|switch|p2a: Torkoal|Torkoal, L50, M|100/100
|-weather|SunnyDay|[from] ability: Drought|[of] p2a: Torkoal
|turn|6
|
|t:|1756476186
|move|p2b: Hydreigon|Dark Pulse|p1b: Incineroar
|-resisted|p1b: Incineroar
|-damage|p1b: Incineroar|51/100 par
|move|p1a: Sneasler|Close Combat|p2b: Hydreigon
|-supereffective|p2b: Hydreigon
|-damage|p2b: Hydreigon|0 fnt
|-unboost|p1a: Sneasler|def|1
|-unboost|p1a: Sneasler|spd|1
|faint|p2b: Hydreigon
|move|p1b: Incineroar|Knock Off|p2a: Torkoal
|-damage|p2a: Torkoal|71/100
|-enditem|p2a: Torkoal|Charcoal|[from] move: Knock Off|[of] p1b: Incineroar
|move|p2a: Torkoal|Eruption|p1b: Incineroar|[spread] p1a,p1b
|-resisted|p1b: Incineroar
|-damage|p1a: Sneasler|0 fnt
|-damage|p1b: Incineroar|34/100 par
|faint|p1a: Sneasler
|
|-weather|SunnyDay|[upkeep]
|upkeep
|turn|7
|
|t:|1756476197
|move|p1b: Incineroar|Knock Off|p2a: Torkoal
|-damage|p2a: Torkoal|51/100
|move|p2a: Torkoal|Eruption|p1b: Incineroar
|-resisted|p1b: Incineroar
|-damage|p1b: Incineroar|19/100 par
|
|-weather|SunnyDay|[upkeep]
|upkeep
|turn|8
|
|t:|1756476204
|move|p1b: Incineroar|Knock Off|p2a: Torkoal
|-damage|p2a: Torkoal|30/100
|move|p2a: Torkoal|Heat Wave|p1b: Incineroar
|-resisted|p1b: Incineroar
|-damage|p1b: Incineroar|0 fnt
|faint|p1b: Incineroar
|
|win|Zeclos
||Zeclos is ready for game 3.
||KingDom1992 is ready for game 3.
|uhtml|next|Next: Game 3 of 3
|l|☆Zeclos
|player|p2|
|l|☆KingDom1992
|player|p1|
|j|☆KingDom1992
|player|p1|KingDom1992|brock|
