|j|☆Pacek_Panama
|j|☆dambro222
|html|Pacek_Panamadambro222    
|uhtml|bestof|Game 2 of a best-of-3
|t:|1756841559
|gametype|doubles
|player|p1|Pacek_Panama|hiker-gen4|1000
|player|p2|dambro222|ethan|1080
|gen|9
|tier|[Gen 9] VGC 2025 Reg H (Bo3)
|rated|
|rule|Species Clause: Limit one of each Pokémon
|rule|Item Clause: Limit 1 of each item
|clearpoke
|poke|p1|Ursaluna-Bloodmoon, L50, M|
|poke|p1|Porygon2, L50|
|poke|p1|Incineroar, L50, F|
|poke|p1|Amoonguss, L50, M|
|poke|p1|Talonflame, L50, F|
|poke|p1|Gholdengo, L50|
|poke|p2|Dragonite, L50, M|
|poke|p2|Volcarona, L50, F|
|poke|p2|Sneasler, L50, M|
|poke|p2|Rillaboom, L50, M|
|poke|p2|Electabuzz, L50, M|
|poke|p2|Kingambit, L50, M|
|teampreview|4
|showteam|p1|Ursaluna-Bloodmoon||ThroatSpray|MindsEye|HyperVoice,BloodMoon,Protect,EarthPower|||M|||50|,,,,,Normal]Porygon2||Eviolite|Download|TrickRoom,Protect,Recover,IceBeam||||||50|,,,,,Ghost]Incineroar||SafetyGoggles|Intimidate|FakeOut,PartingShot,KnockOff,FlareBlitz|||F|||50|,,,,,Ghost]Amoonguss||SitrusBerry|Regenerator|RagePowder,SludgeBomb,Protect,Spore|||M|||50|,,,,,Dark]Talonflame||CovertCloak|GaleWings|Tailwind,WillOWisp,Protect,BraveBird|||F|||50|,,,,,Water]Gholdengo||LifeOrb|GoodasGold|NastyPlot,MakeItRain,ShadowBall,Protect||||||50|,,,,,Dragon
|showteam|p2|Dragonite||LoadedDice|Multiscale|ScaleShot,ExtremeSpeed,Haze,Protect|||M|||50|,,,,,Fairy]Volcarona||CovertCloak|FlameBody|HeatWave,TeraBlast,QuiverDance,Protect|||F|||50|,,,,,Fairy]Sneasler||FocusSash|Unburden|CloseCombat,DireClaw,RockSlide,Protect|||M|||50|,,,,,Stellar]Rillaboom||AssaultVest|GrassySurge|WoodHammer,GrassyGlide,HighHorsepower,FakeOut|||M|||50|,,,,,Water]Electabuzz||Eviolite|VitalSpirit|Electroweb,FollowMe,Taunt,Protect|||M|||50|,,,,,Ghost]Kingambit||BlackGlasses|Defiant|KowtowCleave,SuckerPunch,SwordsDance,Protect|||M|||50|,,,,,Dark
|inactive|Battle timer is ON: inactive players will automatically lose when time's up. (requested by dambro222)
|inactive|Pacek_Panama has 60 seconds left.
|inactive|dambro222 has 60 seconds left.
|
|t:|1756841623
|teamsize|p1|4
|teamsize|p2|4
|start
|switch|p1a: Gholdengo|Gholdengo, L50|100/100
|switch|p1b: Incineroar|Incineroar, L50, F|100/100
|switch|p2a: Volcarona|Volcarona, L50, F|100/100
|switch|p2b: Electabuzz|Electabuzz, L50, M|100/100
|-ability|p1b: Incineroar|Intimidate|boost
|-unboost|p2a: Volcarona|atk|1
|-unboost|p2b: Electabuzz|atk|1
|turn|1
|inactive|Pacek_Panama has 30 seconds left.
|inactive|Pacek_Panama has 20 seconds left.
|
|t:|1756841661
|-terastallize|p1a: Gholdengo|Dragon
|move|p2b: Electabuzz|Follow Me|p2b: Electabuzz
|-singleturn|p2b: Electabuzz|move: Follow Me
|move|p2a: Volcarona|Quiver Dance|p2a: Volcarona
|-boost|p2a: Volcarona|spa|1
|-boost|p2a: Volcarona|spd|1
|-boost|p2a: Volcarona|spe|1
|move|p1a: Gholdengo|Nasty Plot|p1a: Gholdengo
|-boost|p1a: Gholdengo|spa|2
|move|p1b: Incineroar|Knock Off|p2b: Electabuzz
|-damage|p2b: Electabuzz|72/100
|-enditem|p2b: Electabuzz|Eviolite|[from] move: Knock Off|[of] p1b: Incineroar
|
|upkeep
|turn|2
|inactive|Pacek_Panama has 30 seconds left.
|inactive|dambro222 has 30 seconds left.
|inactive|Pacek_Panama has 20 seconds left.
|inactive|Pacek_Panama has 15 seconds left.
|
|t:|1756841702
|move|p1a: Gholdengo|Protect|p1a: Gholdengo
|-singleturn|p1a: Gholdengo|Protect
|move|p2b: Electabuzz|Follow Me|p2b: Electabuzz
|-singleturn|p2b: Electabuzz|move: Follow Me
|move|p2a: Volcarona|Heat Wave|p1b: Incineroar|[spread] p1b
|-activate|p1a: Gholdengo|move: Protect
|-resisted|p1b: Incineroar
|-damage|p1b: Incineroar|80/100
|move|p1b: Incineroar|Flare Blitz|p2b: Electabuzz
|-damage|p2b: Electabuzz|19/100
|-damage|p1b: Incineroar|65/100|[from] Recoil
|
|upkeep
|turn|3
|inactive|dambro222 has 30 seconds left.
|inactive|Pacek_Panama has 30 seconds left.
|inactive|dambro222 has 20 seconds left.
|
|t:|1756841740
|move|p2a: Volcarona|Protect|p2a: Volcarona
|-singleturn|p2a: Volcarona|Protect
|move|p2b: Electabuzz|Electroweb|p1a: Gholdengo|[spread] p1a,p1b
|-resisted|p1a: Gholdengo
|-damage|p1a: Gholdengo|94/100
|-damage|p1b: Incineroar|54/100
|-unboost|p1a: Gholdengo|spe|1
|-unboost|p1b: Incineroar|spe|1
|move|p1a: Gholdengo|Shadow Ball|p2a: Volcarona
|-activate|p2a: Volcarona|move: Protect
|move|p1b: Incineroar|Knock Off|p2a: Volcarona
|-activate|p2a: Volcarona|move: Protect
|
|upkeep
|turn|4
|inactive|dambro222 has 30 seconds left.
|inactive|dambro222 has 20 seconds left.
|inactive|dambro222 has 15 seconds left.
|inactive|dambro222 has 10 seconds left.
|inactive|dambro222 has 5 seconds left.
|
|t:|1756841794
|-terastallize|p2a: Volcarona|Fairy
|move|p1a: Gholdengo|Protect|p1a: Gholdengo
|-singleturn|p1a: Gholdengo|Protect
|move|p2b: Electabuzz|Follow Me|p2b: Electabuzz
|-singleturn|p2b: Electabuzz|move: Follow Me
|move|p2a: Volcarona|Quiver Dance|p2a: Volcarona
|-boost|p2a: Volcarona|spa|1
|-boost|p2a: Volcarona|spd|1
|-boost|p2a: Volcarona|spe|1
|move|p1b: Incineroar|Parting Shot|p2b: Electabuzz
|-unboost|p2b: Electabuzz|atk|1
|-unboost|p2b: Electabuzz|spa|1
|
|t:|1756841806
|switch|p1b: Talonflame|Talonflame, L50, F|100/100|[from] Parting Shot
|
|upkeep
|turn|5
|
|t:|1756841830
|move|p1b: Talonflame|Tailwind|p1b: Talonflame
|-sidestart|p1: Pacek_Panama|move: Tailwind
|move|p2a: Volcarona|Tera Blast|p1a: Gholdengo|[anim] Tera Blast Fairy
|-supereffective|p1a: Gholdengo
|-damage|p1a: Gholdengo|0 fnt
|faint|p1a: Gholdengo
|move|p2b: Electabuzz|Taunt|p1b: Talonflame
|-start|p1b: Talonflame|move: Taunt
|
|upkeep
|
|t:|1756841843
|switch|p1a: Ursaluna|Ursaluna-Bloodmoon, L50, M|100/100
|turn|6
|
|t:|1756841850
|move|p2b: Electabuzz|Follow Me|p2b: Electabuzz
|-singleturn|p2b: Electabuzz|move: Follow Me
|move|p1b: Talonflame|Brave Bird|p2b: Electabuzz
|-resisted|p2b: Electabuzz
|-damage|p2b: Electabuzz|0 fnt
|faint|p2b: Electabuzz
|-damage|p1b: Talonflame|93/100|[from] Recoil
|move|p2a: Volcarona|Tera Blast|p1a: Ursaluna|[anim] Tera Blast Fairy
|-damage|p1a: Ursaluna|4/100
|move|p1a: Ursaluna|Hyper Voice|p2a: Volcarona
|-damage|p2a: Volcarona|77/100
|-enditem|p1a: Ursaluna|Throat Spray
|-boost|p1a: Ursaluna|spa|1|[from] item: Throat Spray
|
|upkeep
|
|t:|1756841868
|switch|p2b: Kingambit|Kingambit, L50, M, shiny|100/100
|turn|7
|
|t:|1756841883
|move|p1a: Ursaluna|Protect|p1a: Ursaluna
|-singleturn|p1a: Ursaluna|Protect
|move|p1b: Talonflame|Brave Bird|p2a: Volcarona
|-damage|p2a: Volcarona|19/100
|-damage|p1b: Talonflame|72/100|[from] Recoil
|move|p2a: Volcarona|Tera Blast|p1a: Ursaluna|[anim] Tera Blast Fairy
|-activate|p1a: Ursaluna|move: Protect
|move|p2b: Kingambit|Kowtow Cleave|p1b: Talonflame
|-damage|p1b: Talonflame|0 fnt
|faint|p1b: Talonflame
|
|upkeep
|
|t:|1756841894
|switch|p1b: Incineroar|Incineroar, L50, F|54/100
|-ability|p1b: Incineroar|Intimidate|boost
|-unboost|p2a: Volcarona|atk|1
|-unboost|p2b: Kingambit|atk|1
|-ability|p2b: Kingambit|Defiant|boost
|-boost|p2b: Kingambit|atk|2
|turn|8
|inactive|dambro222 has 30 seconds left.
|
|t:|1756841925
|move|p1b: Incineroar|Fake Out|p2a: Volcarona
|-damage|p2a: Volcarona|3/100
|move|p2b: Kingambit|Sucker Punch||[still]
|-fail|p2b: Kingambit
|move|p2a: Volcarona|Tera Blast|p1a: Ursaluna|[anim] Tera Blast Fairy
|-damage|p1a: Ursaluna|0 fnt
|faint|p1a: Ursaluna
|
|-sideend|p1: Pacek_Panama|move: Tailwind
|upkeep
|turn|9
|
|t:|1756841938
|move|p2a: Volcarona|Tera Blast|p1b: Incineroar|[anim] Tera Blast Fairy
|-damage|p1b: Incineroar|0 fnt
|faint|p1b: Incineroar
|
|win|dambro222
||Pacek_Panama is ready for game 3.
||dambro222 is ready for game 3.
|uhtml|next|Next: Game 3 of 3
