|j|â˜†Pengy
|j|â˜†PinkSylvie
|html|PengyPinkSylvie    
|uhtml|bestof|Game 1 of a best-of-3
|t:|1783640855
|gametype|doubles
|player|p1|Pengy|#smogonxnpa2024draftee|
|player|p2|PinkSylvie|#vgcpliiizoruas|
|gen|9
|tier|[Gen 9 Champions] VGC 2026 Reg M-B (Bo3)
|rule|Species Clause: Limit one of each PokÃ©mon
|rule|Item Clause: Limit 1 of each item
|clearpoke
|poke|p1|Swampert, L50, M|
|poke|p1|Pelipper, L50, M|
|poke|p1|Archaludon, L50, F|
|poke|p1|Sinistcha, L50|
|poke|p1|Grimmsnarl, L50, M|
|poke|p1|Dragonite, L50, M|
|poke|p2|Gengar, L50, F|
|poke|p2|Swampert, L50, F|
|poke|p2|Incineroar, L50, F|
|poke|p2|Politoed, L50, M|
|poke|p2|Archaludon, L50, F|
|poke|p2|Vivillon-Savanna, L50, F|
|teampreview|4
|showteam|p1|Swampert||Swampertite|Damp|WaveCrash,Earthquake,IcePunch,Protect|Adamant||M|||50|]Pelipper||SitrusBerry|Drizzle|Hurricane,WeatherBall,Tailwind,WideGuard|Modest||M|||50|]Archaludon||Leftovers|Stamina|ElectroShot,DragonPulse,FlashCannon,Protect|Modest||F|||50|]Sinistcha||KasibBerry|Hospitality|MatchaGotcha,RagePowder,LifeDew,TrickRoom|Bold|||||50|]Grimmsnarl||LightClay|Prankster|SpiritBreak,Reflect,LightScreen,PartingShot|Careful||M|||50|]Dragonite||Dragoninite|Multiscale|Hurricane,DragonPulse,Thunderbolt,Protect|Modest||M|||50|
|showteam|p2|Gengar||Gengarite|CursedBody|ShadowBall,PerishSong,SludgeBomb,Protect|Timid||F|||50|]Swampert||Swampertite|Torrent|WaveCrash,Earthquake,IcePunch,Protect|Adamant||F|||50|]Incineroar||PasshoBerry|Intimidate|ThroatChop,PartingShot,FakeOut,Protect|Sassy||F|||50|]Politoed||SitrusBerry|Drizzle|WeatherBall,PerishSong,Encore,Protect|Calm||M|||50|]Archaludon||Leftovers|Stamina|DragonPulse,FlashCannon,ElectroShot,Protect|Bold||F|||50|]Vivillon-Savanna||FocusSash|CompoundEyes|Hurricane,SleepPowder,RagePowder,Protect|Timid||F|||50|
|c|â˜†Pengy|lemme send link
|c|â˜†Pengy|are you ok with timer after leads?
|c|â˜†PinkSylvie|yea
|c|â˜†Pengy|ok cool
|j| LogIce
|c| LogIce|go pinksylvie
|
|t:|1783640983
|teamsize|p1|4
|teamsize|p2|4
|start
|switch|p1a: Grimmsnarl|Grimmsnarl, L50, M|100/100
|switch|p1b: Sinistcha|Sinistcha, L50|100/100
|switch|p2a: Archaludon|Archaludon, L50, F|100/100
|switch|p2b: Vivillon|Vivillon-Savanna, L50, F|100/100
|turn|1
|inactive|Battle timer is ON: inactive players will automatically lose when time's up. (requested by Pengy)
|c|â˜†Pengy|gl hf
|j| pls be kind to me
|c|â˜†PinkSylvie|hf
|inactive|PinkSylvie has 60 seconds left.
|inactive|Pengy has 60 seconds left.
|
|t:|1783641032
|move|p2b: Vivillon|Hurricane|p1b: Sinistcha
|-supereffective|p1b: Sinistcha|1
|-damage|p1b: Sinistcha|8/100
|move|p2a: Archaludon|Electro Shot||[still]
|-prepare|p2a: Archaludon|Electro Shot
|-boost|p2a: Archaludon|spa|1
|move|p1a: Grimmsnarl|Spirit Break|p2b: Vivillon
|-damage|p2b: Vivillon|45/100
|-unboost|p2b: Vivillon|spa|1
|move|p1b: Sinistcha|Trick Room|p1b: Sinistcha
|-fieldstart|move: Trick Room|[of] p1b: Sinistcha
|
|upkeep
|turn|2
|
|t:|1783641052
|switch|p1b: Swampert|Swampert, L50, M|100/100
|move|p2b: Vivillon|Protect|p2b: Vivillon
|-singleturn|p2b: Vivillon|Protect
|move|p1a: Grimmsnarl|Spirit Break|p2b: Vivillon
|-activate|p2b: Vivillon|move: Protect
|move|p2a: Archaludon|Electro Shot|p1a: Grimmsnarl|[from] lockedmove
|-damage|p1a: Grimmsnarl|48/100
|
|upkeep
|turn|3
|inactive|PinkSylvie has 30 seconds left.
|inactive|PinkSylvie has 20 seconds left.
|inactive|Pengy has 30 seconds left.
|
|t:|1783641096
|switch|p2b: Swampert|Swampert, L50, F|100/100
|detailschange|p1b: Swampert|Swampert-Mega, L50, M
|-mega|p1b: Swampert|Swampert|Swampertite
|move|p1a: Grimmsnarl|Parting Shot|p2a: Archaludon
|-unboost|p2a: Archaludon|atk|1
|-unboost|p2a: Archaludon|spa|1
|
|t:|1783641101
|switch|p1a: Dragonite|Dragonite, L50, M|100/100|[from] Parting Shot
|move|p2a: Archaludon|Flash Cannon|p1a: Dragonite
|-damage|p1a: Dragonite|85/100
|move|p1b: Swampert|Ice Punch|p2b: Swampert
|-damage|p2b: Swampert|71/100
|
|upkeep
|turn|4
|inactive|Pengy has 30 seconds left.
|inactive|PinkSylvie has 30 seconds left.
|
|t:|1783641132
|detailschange|p2b: Swampert|Swampert-Mega, L50, F
|-mega|p2b: Swampert|Swampert|Swampertite
|move|p2a: Archaludon|Dragon Pulse|p1a: Dragonite
|-supereffective|p1a: Dragonite|1
|-damage|p1a: Dragonite|12/100
|move|p2b: Swampert|Ice Punch|p1a: Dragonite
|-supereffective|p1a: Dragonite|2
|-damage|p1a: Dragonite|0 fnt
|faint|p1a: Dragonite
|move|p1b: Swampert|Earthquake|p2b: Swampert|[spread] p2a,p2b
|-supereffective|p2a: Archaludon|1
|-damage|p2a: Archaludon|36/100
|-damage|p2b: Swampert|29/100
|-ability|p2a: Archaludon|Stamina|boost
|-boost|p2a: Archaludon|def|1
|
|-heal|p2a: Archaludon|43/100|[from] item: Leftovers
|upkeep
|
|t:|1783641139
|switch|p1a: Grimmsnarl|Grimmsnarl, L50, M|48/100
|turn|5
|inactive|PinkSylvie has 30 seconds left.
|
|t:|1783641168
|move|p2a: Archaludon|Protect|p2a: Archaludon
|-singleturn|p2a: Archaludon|Protect
|move|p1a: Grimmsnarl|Reflect|p1a: Grimmsnarl
|-sidestart|p1: Pengy|Reflect
|move|p2b: Swampert|Earthquake|p1a: Grimmsnarl|[spread] p1a,p1b
|-activate|p2a: Archaludon|move: Protect
|-damage|p1a: Grimmsnarl|16/100
|-damage|p1b: Swampert|75/100
|move|p1b: Swampert|Wave Crash|p2b: Swampert
|-damage|p2b: Swampert|0 fnt
|faint|p2b: Swampert
|-damage|p1b: Swampert|64/100|[from] Recoil
|
|-heal|p2a: Archaludon|49/100|[from] item: Leftovers
|-fieldend|move: Trick Room
|upkeep
|
|t:|1783641178
|switch|p2b: Vivillon|Vivillon-Savanna, L50, F|45/100
|turn|6
|j| gretchen grundler
|j| Kojay
|
|t:|1783641194
|switch|p1b: Sinistcha|Sinistcha, L50|8/100
|-heal|p1a: Grimmsnarl|41/100|[from] ability: Hospitality|[of] p1b: Sinistcha
|move|p1a: Grimmsnarl|Parting Shot|p2a: Archaludon
|-unboost|p2a: Archaludon|atk|1
|-unboost|p2a: Archaludon|spa|1
|
|t:|1783641197
|switch|p1a: Swampert|Swampert-Mega, L50, M|64/100|[from] Parting Shot
|move|p2b: Vivillon|Sleep Powder|p1b: Sinistcha
|-immune|p1b: Sinistcha
|move|p2a: Archaludon|Flash Cannon|p1a: Swampert
|-resisted|p1a: Swampert|1
|-damage|p1a: Swampert|52/100
|
|-heal|p2a: Archaludon|55/100|[from] item: Leftovers
|upkeep
|turn|7
|j| Hiiya Papaya
|inactive|Pengy has 30 seconds left.
|l| Hiiya Papaya
|j| Gehtgutdigga
|j| nexmind
|
|t:|1783641229
|switch|p1b: Grimmsnarl|Grimmsnarl, L50, M|41/100
|move|p2b: Vivillon|Protect|p2b: Vivillon
|-singleturn|p2b: Vivillon|Protect
|move|p1a: Swampert|Protect|p1a: Swampert
|-singleturn|p1a: Swampert|Protect
|move|p2a: Archaludon|Flash Cannon|p1b: Grimmsnarl
|-supereffective|p1b: Grimmsnarl|1
|-damage|p1b: Grimmsnarl|2/100
|
|-heal|p2a: Archaludon|61/100|[from] item: Leftovers
|upkeep
|turn|8
|inactive|PinkSylvie has 30 seconds left.
|
|t:|1783641257
|move|p1b: Grimmsnarl|Parting Shot|p2b: Vivillon
|-unboost|p2b: Vivillon|atk|1
|-unboost|p2b: Vivillon|spa|1
|
|t:|1783641259
|switch|p1b: Sinistcha|Sinistcha, L50|8/100|[from] Parting Shot
|-heal|p1a: Swampert|77/100|[from] ability: Hospitality|[of] p1b: Sinistcha
|move|p2b: Vivillon|Sleep Powder|p1a: Swampert
|-status|p1a: Swampert|slp|[from] move: Sleep Powder
|cant|p1a: Swampert|slp
|move|p2a: Archaludon|Flash Cannon|p1b: Sinistcha
|-damage|p1b: Sinistcha|0 fnt
|faint|p1b: Sinistcha
|
|-heal|p2a: Archaludon|67/100|[from] item: Leftovers
|upkeep
|
|t:|1783641264
|switch|p1b: Grimmsnarl|Grimmsnarl, L50, M|2/100
|turn|9
|
|t:|1783641275
|switch|p2b: Politoed|Politoed, L50, M|100/100
|-weather|RainDance|[from] ability: Drizzle|[of] p2b: Politoed
|move|p1b: Grimmsnarl|Light Screen|p1b: Grimmsnarl
|-sidestart|p1: Pengy|move: Light Screen
|-curestatus|p1a: Swampert|slp|[msg]
|move|p1a: Swampert|Ice Punch|p2b: Politoed
|-resisted|p2b: Politoed|1
|-damage|p2b: Politoed|87/100
|move|p2a: Archaludon|Electro Shot||[still]
|-prepare|p2a: Archaludon|Electro Shot
|-boost|p2a: Archaludon|spa|1
|-anim|p2a: Archaludon|Electro Shot|p1b: Grimmsnarl
|-damage|p1b: Grimmsnarl|0 fnt
|faint|p1b: Grimmsnarl
|
|-weather|RainDance|[upkeep]
|-heal|p2a: Archaludon|74/100|[from] item: Leftovers
|upkeep
|turn|10
|
|t:|1783641284
|move|p2a: Archaludon|Protect|p2a: Archaludon
|-singleturn|p2a: Archaludon|Protect
|move|p1a: Swampert|Earthquake|p2a: Archaludon|[spread] p2b
|-activate|p2a: Archaludon|move: Protect
|-damage|p2b: Politoed|47/100
|-enditem|p2b: Politoed|Sitrus Berry|[eat]
|-heal|p2b: Politoed|72/100|[from] item: Sitrus Berry
|move|p2b: Politoed|Perish Song|p2b: Politoed
|-start|p1a: Swampert|perish3|[silent]
|-start|p2a: Archaludon|perish3|[silent]
|-start|p2b: Politoed|perish3|[silent]
|-fieldactivate|move: Perish Song
|
|-weather|RainDance|[upkeep]
|-heal|p2a: Archaludon|80/100|[from] item: Leftovers
|-start|p1a: Swampert|perish3
|-start|p2a: Archaludon|perish3
|-start|p2b: Politoed|perish3
|upkeep
|turn|11
|-message|Pengy forfeited.
|
|win|PinkSylvie
||Pengy is ready for game 2.
|inactive|PinkSylvie has 30 seconds to confirm battle start!
||PinkSylvie is ready for game 2.
|uhtml|next|Next: Game 2 of 3
|l| nexmind
|l| gretchen grundler
|j| gretchen grundler
|j| nexmind
|l| LogIce
|l| gretchen grundler
|l| Gehtgutdigga
|l| nexmind
|l|â˜†Pengy
|player|p1|
|l|â˜†PinkSylvie
|player|p2|
|j| KeanuVGC
|l| pls be kind to me
|j| pls be kind to me
