|j|☆Cage92
|j|☆incartamene2etti
|html|Cage92incartamene2etti    
|uhtml|bestof|Game 3 of a best-of-3
|t:|1754681993
|gametype|doubles
|player|p1|Cage92|101|1194
|player|p2|incartamene2etti|plasmagrunt|1247
|gen|9
|tier|[Gen 9] VGC 2025 Reg H (Bo3)
|rated|
|rule|Species Clause: Limit one of each Pokémon
|rule|Item Clause: Limit 1 of each item
|clearpoke
|poke|p1|Annihilape, L50, F|
|poke|p1|Ninetales-Alola, L50, M|
|poke|p1|Ursaluna-Bloodmoon, L50, M|
|poke|p1|Dragonite, L50, M|
|poke|p1|Magmar, L50, M|
|poke|p1|Gholdengo, L50|
|poke|p2|Pelipper, L50, F|
|poke|p2|Archaludon, L50, M|
|poke|p2|Basculegion, L50, M|
|poke|p2|Amoonguss, L50, M|
|poke|p2|Incineroar, L50, F|
|poke|p2|Gholdengo, L50|
|teampreview|4
|showteam|p1|Annihilape||SafetyGoggles|Defiant|DrainPunch,RageFist,BulkUp,Protect|||F|||50|,,,,,Water]Ninetales-Alola||LightClay|SnowWarning|Blizzard,Encore,IcyWind,AuroraVeil|||M|||50|,,,,,Ghost]Ursaluna-Bloodmoon||AssaultVest|MindsEye|BloodMoon,EarthPower,HyperVoice,VacuumWave|||M|||50|,,,,,Water]Dragonite||LoadedDice|Multiscale|ScaleShot,ExtremeSpeed,IceSpinner,Protect|||M|||50|,,,,,Steel]Magmar||Eviolite|FlameBody|Overheat,FollowMe,Protect,ClearSmog|||M|||50|,,,,,Ghost]Gholdengo||MetalCoat|GoodasGold|MakeItRain,ShadowBall,NastyPlot,Protect||||||50|,,,,,Dragon
|showteam|p2|Pelipper||FocusSash|Drizzle|WeatherBall,Hurricane,Tailwind,Protect|||F|||50|,,,,,Ghost]Archaludon||AssaultVest|Stamina|ElectroShot,DragonPulse,BodyPress,FlashCannon|||M|||50|,,,,,Grass]Basculegion||ChoiceBand|SwiftSwim|WaveCrash,AquaJet,LastRespects,FlipTurn|||M|||50|,,,,,Water]Amoonguss||SitrusBerry|Regenerator|Spore,Protect,RagePowder,PollenPuff|||M|||50|,,,,,Fairy]Incineroar||SafetyGoggles|Intimidate|FakeOut,Taunt,PartingShot,KnockOff|||F|||50|,,,,,Ghost]Gholdengo||LifeOrb|GoodasGold|MakeItRain,ShadowBall,NastyPlot,Protect||||||50|,,,,,Water
|inactive|Battle timer is ON: inactive players will automatically lose when time's up. (requested by incartamene2etti)
|inactive|incartamene2etti has 60 seconds left.
|inactive|incartamene2etti has 30 seconds left.
|inactive|incartamene2etti has 20 seconds left.
|inactive|incartamene2etti has 15 seconds left.
|
|t:|1754682076
|teamsize|p1|4
|teamsize|p2|4
|start
|switch|p1a: Magmar|Magmar, L50, M|100/100
|switch|p1b: Gholdengo|Gholdengo, L50|100/100
|switch|p2a: Basculegion|Basculegion, L50, M|100/100
|switch|p2b: Amoonguss|Amoonguss, L50, M|100/100
|turn|1
|inactive|incartamene2etti has 30 seconds left.
|
|t:|1754682106
|move|p1a: Magmar|Follow Me|p1a: Magmar
|-singleturn|p1a: Magmar|move: Follow Me
|move|p2b: Amoonguss|Rage Powder|p2b: Amoonguss
|-singleturn|p2b: Amoonguss|move: Rage Powder
|move|p1b: Gholdengo|Nasty Plot|p1b: Gholdengo
|-boost|p1b: Gholdengo|spa|2
|move|p2a: Basculegion|Flip Turn|p1a: Magmar
|-supereffective|p1a: Magmar
|-damage|p1a: Magmar|27/100
|
|t:|1754682120
|switch|p2a: Pelipper|Pelipper, L50, F|100/100|[from] Flip Turn
|-weather|RainDance|[from] ability: Drizzle|[of] p2a: Pelipper
|
|-weather|RainDance|[upkeep]
|upkeep
|turn|2
|
|t:|1754682136
|move|p2b: Amoonguss|Rage Powder|p2b: Amoonguss
|-singleturn|p2b: Amoonguss|move: Rage Powder
|move|p1b: Gholdengo|Shadow Ball|p2b: Amoonguss
|-damage|p2b: Amoonguss|43/100
|-unboost|p2b: Amoonguss|spd|1
|-enditem|p2b: Amoonguss|Sitrus Berry|[eat]
|-heal|p2b: Amoonguss|68/100|[from] item: Sitrus Berry
|move|p2a: Pelipper|Tailwind|p2a: Pelipper
|-sidestart|p2: incartamene2etti|move: Tailwind
|move|p1a: Magmar|Clear Smog|p2b: Amoonguss
|-damage|p2b: Amoonguss|55/100
|-clearboost|p2b: Amoonguss
|
|-weather|RainDance|[upkeep]
|upkeep
|turn|3
|inactive|incartamene2etti has 30 seconds left.
|inactive|incartamene2etti has 20 seconds left.
|
|t:|1754682176
|switch|p2a: Archaludon|Archaludon, L50, M|100/100
|move|p1a: Magmar|Follow Me|p1a: Magmar
|-singleturn|p1a: Magmar|move: Follow Me
|move|p2b: Amoonguss|Rage Powder|p2b: Amoonguss
|-singleturn|p2b: Amoonguss|move: Rage Powder
|move|p1b: Gholdengo|Nasty Plot|p1b: Gholdengo
|-boost|p1b: Gholdengo|spa|2
|
|-weather|RainDance|[upkeep]
|upkeep
|turn|4
|inactive|incartamene2etti has 30 seconds left.
|
|t:|1754682208
|move|p1a: Magmar|Follow Me|p1a: Magmar
|-singleturn|p1a: Magmar|move: Follow Me
|move|p2b: Amoonguss|Rage Powder|p2b: Amoonguss
|-singleturn|p2b: Amoonguss|move: Rage Powder
|move|p2a: Archaludon|Flash Cannon|p1a: Magmar
|-resisted|p1a: Magmar
|-damage|p1a: Magmar|11/100
|move|p1b: Gholdengo|Shadow Ball|p2b: Amoonguss
|-damage|p2b: Amoonguss|0 fnt
|faint|p2b: Amoonguss
|
|-weather|RainDance|[upkeep]
|upkeep
|
|t:|1754682221
|switch|p2b: Basculegion|Basculegion, L50, M|100/100
|turn|5
|
|t:|1754682243
|move|p1a: Magmar|Follow Me|p1a: Magmar
|-singleturn|p1a: Magmar|move: Follow Me
|move|p2b: Basculegion|Flip Turn|p1a: Magmar
|-supereffective|p1a: Magmar
|-damage|p1a: Magmar|0 fnt
|faint|p1a: Magmar
|
|t:|1754682249
|switch|p2b: Pelipper|Pelipper, L50, F|100/100|[from] Flip Turn
|move|p2a: Archaludon|Electro Shot||[still]
|-prepare|p2a: Archaludon|Electro Shot
|-boost|p2a: Archaludon|spa|1
|-anim|p2a: Archaludon|Electro Shot|p1b: Gholdengo
|-damage|p1b: Gholdengo|43/100
|move|p1b: Gholdengo|Shadow Ball|p2a: Archaludon
|-damage|p2a: Archaludon|14/100
|-ability|p2a: Archaludon|Stamina|boost
|-boost|p2a: Archaludon|def|1
|
|-weather|none
|-sideend|p2: incartamene2etti|move: Tailwind
|upkeep
|
|t:|1754682261
|switch|p1a: Ninetales|Ninetales-Alola, L50, M|100/100
|-weather|Snowscape|[from] ability: Snow Warning|[of] p1a: Ninetales
|turn|6
|inactive|incartamene2etti has 30 seconds left.
|inactive|incartamene2etti has 20 seconds left.
|
|t:|1754682299
|move|p2b: Pelipper|Protect|p2b: Pelipper
|-singleturn|p2b: Pelipper|Protect
|move|p1a: Ninetales|Blizzard|p2b: Pelipper|[spread] p2a
|-activate|p2b: Pelipper|move: Protect
|-damage|p2a: Archaludon|0 fnt
|faint|p2a: Archaludon
|move|p1b: Gholdengo|Shadow Ball|p2b: Pelipper
|-activate|p2b: Pelipper|move: Protect
|
|-weather|Snowscape|[upkeep]
|upkeep
|
|t:|1754682308
|switch|p2a: Basculegion|Basculegion, L50, M|100/100
|turn|7
|inactive|incartamene2etti has 30 seconds left.
|
|t:|1754682340
|-terastallize|p1b: Gholdengo|Dragon
|-terastallize|p2a: Basculegion|Water
|move|p2a: Basculegion|Aqua Jet|p1b: Gholdengo
|-resisted|p1b: Gholdengo
|-damage|p1b: Gholdengo|24/100
|move|p1a: Ninetales|Encore|p2b: Pelipper
|-start|p2b: Pelipper|Encore
|move|p1b: Gholdengo|Shadow Ball|p2a: Basculegion
|-damage|p2a: Basculegion|0 fnt
|faint|p2a: Basculegion
|move|p2b: Pelipper|Protect||[still]
|-fail|p2b: Pelipper
|
|-weather|Snowscape|[upkeep]
|upkeep
|turn|8
|c|☆incartamene2etti|scusa per le sculate
|c|☆incartamene2etti|gg
|-message|incartamene2etti forfeited.
|
|win|Cage92
|raw|Cage92's rating: 1194 → 1223(+29 for winning)
|raw|incartamene2etti's rating: 1247 → 1218(-29 for losing)
|c|☆Cage92|tranquillo gg
|l|☆incartamene2etti
|player|p2|
|j|☆incartamene2etti
|player|p2|incartamene2etti|plasmagrunt|
