|j|☆A Regu1ar Guy
|j|☆new mental
|html|A Regu1ar Guynew mental    
|uhtml|bestof|Game 1 of a best-of-3
|t:|1786130800
|gametype|doubles
|player|p1|A Regu1ar Guy|elesa|1217
|player|p2|new mental|volkner|1139
|gen|9
|tier|[Gen 9 Champions] VGC 2026 Reg M-B (Bo3)
|rated|
|rule|Species Clause: Limit one of each Pokémon
|rule|Item Clause: Limit 1 of each item
|clearpoke
|poke|p1|Froslass, L50, F|
|poke|p1|Kingambit, L50, F|
|poke|p1|Sneasler, L50, M|
|poke|p1|Lycanroc-Dusk, L50, F|
|poke|p1|Scovillain, L50, M|
|poke|p1|Swampert, L50, F|
|poke|p2|Charizard, L50, F|
|poke|p2|Garchomp, L50, M|
|poke|p2|Incineroar, L50, M|
|poke|p2|Venusaur, L50, F|
|poke|p2|Toxapex, L50, F|
|poke|p2|Sylveon, L50, F|
|teampreview|4
|showteam|p1|Froslass||Froslassite|CursedBody|Blizzard,ShadowBall,Thunderbolt,Protect|Timid||F|||50|]Kingambit||LifeOrb|Defiant|KowtowCleave,SuckerPunch,SwordsDance,Protect|Adamant||F|||50|]Sneasler||WhiteHerb|Unburden|CloseCombat,GunkShot,FakeOut,Protect|Adamant||M|||50|]Lycanroc-Dusk||FocusSash|ToughClaws|RockSlide,CloseCombat,Accelerock,Protect|Adamant||F|||50|]Scovillain||Scovillainite|Moody|Overheat,GigaDrain,RagePowder,Protect|Bold||M|||50|]Swampert||SitrusBerry|Torrent|HydroPump,IceBeam,EarthPower,Protect|Modest||F|||50|
|showteam|p2|Charizard||CharizarditeY|Blaze|WeatherBall,HeatWave,AncientPower,Protect|Modest||F|||50|]Garchomp||ChoiceScarf|RoughSkin|RockSlide,DragonClaw,Earthquake,StompingTantrum|Adamant||M|||50|]Incineroar||SitrusBerry|Intimidate|FlareBlitz,FakeOut,DarkestLariat,PartingShot|Impish||M|||50|]Venusaur||LifeOrb|Chlorophyll|SludgeBomb,LeafStorm,EarthPower,Protect|Modest||F|||50|]Toxapex||Leftovers|Regenerator|Infestation,Toxic,WideGuard,BanefulBunker|Bold||F|||50|]Sylveon||FairyFeather|Pixilate|HyperVoice,QuickAttack,Yawn,Detect|Modest||F|||50|
|inactive|Battle timer is ON: inactive players will automatically lose when time's up. (requested by A Regu1ar Guy)
|
|t:|1786130822
|teamsize|p1|4
|teamsize|p2|4
|start
|switch|p1a: Froslass|Froslass, L50, F|100/100
|switch|p1b: Lycanroc|Lycanroc-Dusk, L50, F|100/100
|switch|p2a: Charizard|Charizard, L50, F|100/100
|switch|p2b: Incineroar|Incineroar, L50, M|100/100
|-ability|p2b: Incineroar|Intimidate|boost
|-unboost|p1a: Froslass|atk|1
|-unboost|p1b: Lycanroc|atk|1
|turn|1
|
|t:|1786130829
|detailschange|p2a: Charizard|Charizard-Mega-Y, L50, F
|-mega|p2a: Charizard|Charizard|Charizardite Y
|-weather|SunnyDay|[from] ability: Drought|[of] p2a: Charizard
|move|p1a: Froslass|Protect|p1a: Froslass
|-singleturn|p1a: Froslass|Protect
|move|p1b: Lycanroc|Protect|p1b: Lycanroc
|-singleturn|p1b: Lycanroc|Protect
|move|p2b: Incineroar|Fake Out|p1b: Lycanroc
|-activate|p1b: Lycanroc|move: Protect
|move|p2a: Charizard|Heat Wave|p1b: Lycanroc|[spread] 
|-activate|p1a: Froslass|move: Protect
|-activate|p1b: Lycanroc|move: Protect
|
|-weather|SunnyDay|[upkeep]
|upkeep
|turn|2
|
|t:|1786130839
|detailschange|p1a: Froslass|Froslass-Mega, L50, F
|-mega|p1a: Froslass|Froslass|Froslassite
|-weather|Snowscape|[from] ability: Snow Warning|[of] p1a: Froslass
|move|p2a: Charizard|Protect|p2a: Charizard
|-singleturn|p2a: Charizard|Protect
|move|p1a: Froslass|Thunderbolt|p2b: Incineroar
|-damage|p2b: Incineroar|75/100
|move|p1b: Lycanroc|Rock Slide|p2a: Charizard|[spread] p2b
|-activate|p2a: Charizard|move: Protect
|-supereffective|p2b: Incineroar|1
|-damage|p2b: Incineroar|46/100
|-enditem|p2b: Incineroar|Sitrus Berry|[eat]
|-heal|p2b: Incineroar|70/100|[from] item: Sitrus Berry
|move|p2b: Incineroar|Parting Shot|p1b: Lycanroc
|-unboost|p1b: Lycanroc|atk|1
|-unboost|p1b: Lycanroc|spa|1
|
|t:|1786130851
|switch|p2b: Toxapex|Toxapex, L50, F|100/100|[from] Parting Shot
|
|-weather|Snowscape|[upkeep]
|upkeep
|turn|3
|
|t:|1786130860
|switch|p2a: Incineroar|Incineroar, L50, M|70/100
|-ability|p2a: Incineroar|Intimidate|boost
|-unboost|p1a: Froslass|atk|1
|-unboost|p1b: Lycanroc|atk|1
|move|p1b: Lycanroc|Accelerock|p2a: Incineroar
|-supereffective|p2a: Incineroar|1
|-damage|p2a: Incineroar|54/100
|move|p1a: Froslass|Thunderbolt|p2a: Incineroar
|-damage|p2a: Incineroar|29/100
|-status|p2a: Incineroar|par
|move|p2b: Toxapex|Infestation|p1b: Lycanroc
|-damage|p1b: Lycanroc|94/100
|-activate|p1b: Lycanroc|move: Infestation|[of] p2b: Toxapex
|
|-weather|Snowscape|[upkeep]
|-damage|p1b: Lycanroc|82/100|[from] move: Infestation|[partiallytrapped]
|upkeep
|turn|4
|
|t:|1786130881
|switch|p1a: Swampert|Swampert, L50, F|100/100
|move|p1b: Lycanroc|Protect|p1b: Lycanroc
|-singleturn|p1b: Lycanroc|Protect
|move|p2a: Incineroar|Fake Out|p1b: Lycanroc
|-activate|p1b: Lycanroc|move: Protect
|move|p2b: Toxapex|Toxic|p1a: Swampert
|-status|p1a: Swampert|tox
|
|-weather|Snowscape|[upkeep]
|-damage|p1a: Swampert|94/100 tox|[from] psn
|-damage|p1b: Lycanroc|70/100|[from] move: Infestation|[partiallytrapped]
|upkeep
|turn|5
|
|t:|1786130890
|move|p2b: Toxapex|Wide Guard|p2b: Toxapex
|-singleturn|p2b: Toxapex|Wide Guard
|move|p1b: Lycanroc|Rock Slide|p2a: Incineroar|[spread] 
|-activate|p2a: Incineroar|move: Wide Guard
|-activate|p2b: Toxapex|move: Wide Guard
|move|p1a: Swampert|Earth Power|p2a: Incineroar
|-supereffective|p2a: Incineroar|1
|-damage|p2a: Incineroar|0 fnt
|faint|p2a: Incineroar
|
|-weather|Snowscape|[upkeep]
|-damage|p1a: Swampert|82/100 tox|[from] psn
|-damage|p1b: Lycanroc|58/100|[from] move: Infestation|[partiallytrapped]
|upkeep
|
|t:|1786130901
|switch|p2a: Charizard|Charizard-Mega-Y, L50, F|100/100
|-weather|SunnyDay|[from] ability: Drought|[of] p2a: Charizard
|turn|6
|
|t:|1786130908
|move|p2b: Toxapex|Wide Guard|p2b: Toxapex
|-singleturn|p2b: Toxapex|Wide Guard
|move|p1b: Lycanroc|Accelerock|p2a: Charizard
|-supereffective|p2a: Charizard|2
|-damage|p2a: Charizard|47/100
|move|p2a: Charizard|Heat Wave|p1a: Swampert|[spread] p1a,p1b
|-resisted|p1a: Swampert|1
|-resisted|p1b: Lycanroc|1
|-damage|p1a: Swampert|55/100 tox
|-damage|p1b: Lycanroc|6/100
|move|p1a: Swampert|Hydro Pump|p2a: Charizard
|-supereffective|p2a: Charizard|1
|-damage|p2a: Charizard|7/100
|
|-weather|SunnyDay|[upkeep]
|-damage|p1a: Swampert|37/100 tox|[from] psn
|-damage|p1b: Lycanroc|0 fnt|[from] move: Infestation|[partiallytrapped]
|faint|p1b: Lycanroc
|upkeep
|-enditem|p1a: Swampert|Sitrus Berry|[eat]
|-heal|p1a: Swampert|62/100 tox|[from] item: Sitrus Berry
|
|t:|1786130917
|switch|p1b: Froslass|Froslass-Mega, L50, F|100/100
|-weather|Snowscape|[from] ability: Snow Warning|[of] p1b: Froslass
|turn|7
|
|t:|1786130922
|move|p2a: Charizard|Protect|p2a: Charizard
|-singleturn|p2a: Charizard|Protect
|move|p1b: Froslass|Shadow Ball|p2a: Charizard
|-activate|p2a: Charizard|move: Protect
|move|p1a: Swampert|Earth Power|p2b: Toxapex
|-supereffective|p2b: Toxapex|1
|-damage|p2b: Toxapex|41/100
|-unboost|p2b: Toxapex|spd|1
|move|p2b: Toxapex|Toxic|p1b: Froslass
|-status|p1b: Froslass|tox
|
|-weather|Snowscape|[upkeep]
|-heal|p2b: Toxapex|47/100|[from] item: Leftovers
|-damage|p1b: Froslass|94/100 tox|[from] psn
|-damage|p1a: Swampert|39/100 tox|[from] psn
|upkeep
|turn|8
|
|t:|1786130937
|-heal|p2b: Toxapex|80/100|[from] ability: Regenerator|[silent]
|switch|p2b: Garchomp|Garchomp, L50, M|100/100
|move|p1b: Froslass|Blizzard|p2a: Charizard|[spread] p2a,p2b
|-supereffective|p2b: Garchomp|2
|-damage|p2a: Charizard|0 fnt
|-damage|p2b: Garchomp|0 fnt
|faint|p2a: Charizard
|faint|p2b: Garchomp
|move|p1a: Swampert|Earth Power|p2: Charizard|[notarget]
|-fail|p1a: Swampert
|
|-weather|Snowscape|[upkeep]
|-damage|p1b: Froslass|82/100 tox|[from] psn
|-damage|p1a: Swampert|10/100 tox|[from] psn
|upkeep
|
|t:|1786130949
|switch|p2b: Toxapex|Toxapex, L50, F|80/100
|turn|9
|
|t:|1786130952
|switch|p1b: Kingambit|Kingambit, L50, F|100/100
|move|p2b: Toxapex|Baneful Bunker|p2b: Toxapex
|-singleturn|p2b: Toxapex|move: Protect
|move|p1a: Swampert|Earth Power|p2b: Toxapex
|-activate|p2b: Toxapex|move: Protect
|
|-weather|Snowscape|[upkeep]
|-heal|p2b: Toxapex|85/100|[from] item: Leftovers
|-damage|p1a: Swampert|0 fnt|[from] psn
|faint|p1a: Swampert
|upkeep
|
|t:|1786130954
|switch|p1a: Froslass|Froslass-Mega, L50, F|82/100 tox
|turn|10
|
|t:|1786130956
|move|p1a: Froslass|Thunderbolt|p2b: Toxapex
|-supereffective|p2b: Toxapex|1
|-damage|p2b: Toxapex|41/100
|move|p1b: Kingambit|Kowtow Cleave|p2b: Toxapex
|-damage|p2b: Toxapex|1/100
|-damage|p1b: Kingambit|90/100|[from] item: Life Orb
|move|p2b: Toxapex|Infestation|p1b: Kingambit
|-damage|p1b: Kingambit|86/100
|-activate|p1b: Kingambit|move: Infestation|[of] p2b: Toxapex
|
|-weather|Snowscape|[upkeep]
|-heal|p2b: Toxapex|6/100|[from] item: Leftovers
|-damage|p1a: Froslass|77/100 tox|[from] psn
|-damage|p1b: Kingambit|74/100|[from] move: Infestation|[partiallytrapped]
|upkeep
|turn|11
|
|t:|1786130960
|move|p2b: Toxapex|Baneful Bunker|p2b: Toxapex
|-singleturn|p2b: Toxapex|move: Protect
|move|p1a: Froslass|Thunderbolt|p2b: Toxapex
|-activate|p2b: Toxapex|move: Protect
|move|p1b: Kingambit|Kowtow Cleave|p2b: Toxapex
|-activate|p2b: Toxapex|move: Protect
|
|-weather|none
|-heal|p2b: Toxapex|12/100|[from] item: Leftovers
|-damage|p1a: Froslass|65/100 tox|[from] psn
|-damage|p1b: Kingambit|62/100|[from] move: Infestation|[partiallytrapped]
|upkeep
|turn|12
|
|t:|1786130970
|move|p2b: Toxapex|Baneful Bunker||[still]
|-fail|p2b: Toxapex
|move|p1a: Froslass|Thunderbolt|p2b: Toxapex
|-supereffective|p2b: Toxapex|1
|-damage|p2b: Toxapex|0 fnt
|faint|p2b: Toxapex
|
|win|A Regu1ar Guy
