|j|☆jacobeiro
|j|☆Av3z
|html|jacobeiroAv3z    
|uhtml|bestof|Game 1 of a best-of-3
|t:|1756555907
|gametype|doubles
|player|p1|jacobeiro|266|1108
|player|p2|Av3z|steven|1020
|gen|9
|tier|[Gen 9] VGC 2025 Reg H (Bo3)
|rated|
|rule|Species Clause: Limit one of each Pokémon
|rule|Item Clause: Limit 1 of each item
|clearpoke
|poke|p1|Incineroar, L50, M|
|poke|p1|Amoonguss, L50, M|
|poke|p1|Gholdengo, L50|
|poke|p1|Dragonite, L50, M|
|poke|p1|Ursaluna-Bloodmoon, L50, M|
|poke|p1|Sneasler, L50, F|
|poke|p2|Weezing-Galar, L50, F|
|poke|p2|Toedscruel, L50, F|
|poke|p2|Pawmot, L50, F|
|poke|p2|Corviknight, L50, F|
|poke|p2|Typhlosion-Hisui, L50, F|
|poke|p2|Garchomp, L50, F|
|teampreview|4
|showteam|p1|Incineroar||SafetyGoggles|Intimidate|FlareBlitz,KnockOff,PartingShot,FakeOut|||M|||50|,,,,,Ghost]Amoonguss||SitrusBerry|Regenerator|Spore,RagePowder,PollenPuff,Protect|||M|||50|,,,,,Fire]Gholdengo||LifeOrb|GoodasGold|MakeItRain,ShadowBall,NastyPlot,Protect||||||50|,,,,,Water]Dragonite||LoadedDice|Multiscale|ScaleShot,Tailwind,Haze,Protect|||M|||50|,,,,,Fairy]Ursaluna-Bloodmoon||AssaultVest|MindsEye|HyperVoice,BloodMoon,EarthPower,VacuumWave|||M|||50|,,,,,Water]Sneasler||FocusSash|Unburden|CloseCombat,DireClaw,ThroatChop,Protect|||F|||50|,,,,,Stellar
|showteam|p2|Weezing-Galar||ChoiceSpecs|NeutralizingGas|StrangeSteam,SludgeBomb,DazzlingGleam,Flamethrower|||F|||50|,,,,,Fire]Toedscruel||CovertCloak|MyceliumMight|RagePowder,Spore,EarthPower,AcidSpray|||F|||50|,,,,,Water]Pawmot||FocusSash|NaturalCure|CloseCombat,DoubleShock,Protect,FakeOut|||F|||50|,,,,,Electric]Corviknight||SitrusBerry|MirrorArmor|Roost,Tailwind,BraveBird,Protect|||F|||50|,,,,,Dragon]Typhlosion-Hisui||ChoiceScarf|Blaze|Eruption,HeatWave,ShadowBall,SleepTalk|||F|||50|,,,,,Fire]Garchomp||LifeOrb|RoughSkin|Earthquake,StompingTantrum,DragonClaw,Protect|||F|||50|,,,,,Ground
|inactive|Battle timer is ON: inactive players will automatically lose when time's up. (requested by jacobeiro)
|
|t:|1756555955
|teamsize|p1|4
|teamsize|p2|4
|start
|switch|p1a: Incineroar|Incineroar, L50, M|100/100
|switch|p1b: Ursaluna|Ursaluna-Bloodmoon, L50, M|100/100
|switch|p2a: Paul Heyman|Weezing-Galar, L50, F|100/100
|switch|p2b: Darby Alin|Corviknight, L50, F|100/100
|-ability|p2a: Paul Heyman|Neutralizing Gas
|turn|1
|inactive|jacobeiro has 30 seconds left.
|inactive|Av3z has 30 seconds left.
|inactive|jacobeiro has 20 seconds left.
|inactive|jacobeiro has 15 seconds left.
|inactive|jacobeiro has 10 seconds left.
|inactive|jacobeiro has 5 seconds left.
|
|t:|1756556010
|-terastallize|p2b: Darby Alin|Dragon
|move|p2b: Darby Alin|Tailwind|p2b: Darby Alin
|-sidestart|p2: Av3z|move: Tailwind
|move|p2a: Paul Heyman|Dazzling Gleam|p1b: Ursaluna|[spread] p1a,p1b
|-damage|p1a: Incineroar|72/100
|-damage|p1b: Ursaluna|77/100
|move|p1a: Incineroar|Flare Blitz|p2b: Darby Alin
|-resisted|p2b: Darby Alin
|-damage|p2b: Darby Alin|80/100
|-damage|p1a: Incineroar|65/100|[from] Recoil
|move|p1b: Ursaluna|Hyper Voice|p2a: Paul Heyman|[spread] p2a,p2b
|-crit|p2a: Paul Heyman
|-damage|p2a: Paul Heyman|35/100
|-damage|p2b: Darby Alin|50/100
|-enditem|p2b: Darby Alin|Sitrus Berry|[eat]
|-heal|p2b: Darby Alin|75/100|[from] item: Sitrus Berry
|
|upkeep
|turn|2
|inactive|jacobeiro has 30 seconds left.
|
|t:|1756556041
|move|p2b: Darby Alin|Brave Bird|p1b: Ursaluna
|-damage|p1b: Ursaluna|46/100
|-damage|p2b: Darby Alin|64/100|[from] Recoil
|move|p2a: Paul Heyman|Dazzling Gleam|p1a: Incineroar|[spread] p1a,p1b
|-damage|p1a: Incineroar|35/100
|-damage|p1b: Ursaluna|22/100
|move|p1a: Incineroar|Parting Shot|p2a: Paul Heyman
|-unboost|p2a: Paul Heyman|atk|1
|-unboost|p2a: Paul Heyman|spa|1
|
|t:|1756556051
|switch|p1a: Sneasler|Sneasler, L50, F|100/100|[from] Parting Shot
|move|p1b: Ursaluna|Hyper Voice|p2a: Paul Heyman|[spread] p2a,p2b
|-damage|p2a: Paul Heyman|0 fnt
|-damage|p2b: Darby Alin|31/100
|faint|p2a: Paul Heyman
|-end|p2a: Paul Heyman|ability: Neutralizing Gas
|
|upkeep
|
|t:|1756556062
|switch|p2a: CM Punk|Pawmot, L50, F|100/100
|turn|3
|
|t:|1756556075
|move|p1a: Sneasler|Protect|p1a: Sneasler
|-singleturn|p1a: Sneasler|Protect
|move|p2a: CM Punk|Close Combat|p1b: Ursaluna
|-supereffective|p1b: Ursaluna
|-damage|p1b: Ursaluna|0 fnt
|-unboost|p2a: CM Punk|def|1
|-unboost|p2a: CM Punk|spd|1
|faint|p1b: Ursaluna
|move|p2b: Darby Alin|Roost|p2b: Darby Alin
|-heal|p2b: Darby Alin|81/100
|
|upkeep
|
|t:|1756556085
|switch|p1b: Amoonguss|Amoonguss, L50, M|100/100
|turn|4
|
|t:|1756556098
|move|p2a: CM Punk|Protect|p2a: CM Punk
|-singleturn|p2a: CM Punk|Protect
|move|p1b: Amoonguss|Rage Powder|p1b: Amoonguss
|-singleturn|p1b: Amoonguss|move: Rage Powder
|move|p2b: Darby Alin|Brave Bird|p1b: Amoonguss
|-supereffective|p1b: Amoonguss
|-damage|p1b: Amoonguss|24/100
|-enditem|p1b: Amoonguss|Sitrus Berry|[eat]
|-heal|p1b: Amoonguss|49/100|[from] item: Sitrus Berry
|-damage|p2b: Darby Alin|54/100|[from] Recoil
|move|p1a: Sneasler|Dire Claw|p2a: CM Punk
|-activate|p2a: CM Punk|move: Protect
|
|-sideend|p2: Av3z|move: Tailwind
|upkeep
|turn|5
|
|t:|1756556121
|switch|p2a: John Cena|Garchomp, L50, F|100/100
|-terastallize|p1a: Sneasler|Stellar
|move|p1b: Amoonguss|Protect|p1b: Amoonguss
|-singleturn|p1b: Amoonguss|Protect
|move|p1a: Sneasler|Dire Claw|p2a: John Cena
|-resisted|p2a: John Cena
|-damage|p2a: John Cena|74/100
|-damage|p1a: Sneasler|88/100|[from] ability: Rough Skin|[of] p2a: John Cena
|move|p2b: Darby Alin|Tailwind|p2b: Darby Alin
|-sidestart|p2: Av3z|move: Tailwind
|
|upkeep
|turn|6
|
|t:|1756556145
|switch|p1b: Incineroar|Incineroar, L50, M|35/100
|-ability|p1b: Incineroar|Intimidate|boost
|-unboost|p2a: John Cena|atk|1
|-ability|p2b: Darby Alin|Mirror Armor
|-unboost|p1b: Incineroar|atk|1
|move|p1a: Sneasler|Protect|p1a: Sneasler
|-singleturn|p1a: Sneasler|Protect
|move|p2a: John Cena|Earthquake|p1b: Incineroar|[spread] p2b,p1b
|-activate|p1a: Sneasler|move: Protect
|-supereffective|p1b: Incineroar
|-damage|p2b: Darby Alin|26/100
|-damage|p1b: Incineroar|0 fnt
|faint|p1b: Incineroar
|-damage|p2a: John Cena|64/100|[from] item: Life Orb
|move|p2b: Darby Alin|Brave Bird|p1a: Sneasler
|-activate|p1a: Sneasler|move: Protect
|
|upkeep
|
|t:|1756556160
|switch|p1b: Amoonguss|Amoonguss, L50, M|82/100
|turn|7
|
|t:|1756556180
|switch|p2b: CM Punk|Pawmot, L50, F|100/100
|move|p2a: John Cena|Stomping Tantrum|p1a: Sneasler
|-supereffective|p1a: Sneasler
|-damage|p1a: Sneasler|0 fnt
|faint|p1a: Sneasler
|-damage|p2a: John Cena|54/100|[from] item: Life Orb
|move|p1b: Amoonguss|Spore|p2a: John Cena
|-status|p2a: John Cena|slp|[from] move: Spore
|
|upkeep
|turn|8
|-message|jacobeiro forfeited.
|
|win|Av3z
|l|☆jacobeiro
|player|p1|
||jacobeiro is ready for game 2.
