|j|☆joguisolo
|j|☆Way2Manly
|html|joguisoloWay2Manly    
|uhtml|bestof|Game 2 of a best-of-3
|t:|1785089166
|gametype|doubles
|player|p1|joguisolo|koga|
|player|p2|Way2Manly|170|
|gen|9
|tier|[Gen 9 Champions] VGC 2026 Reg M-B (Bo3)
|rule|Species Clause: Limit one of each Pokémon
|rule|Item Clause: Limit 1 of each item
|clearpoke
|poke|p1|Oranguru, L50, F|
|poke|p1|Rhyperior, L50, M|
|poke|p1|Primarina, L50, F|
|poke|p1|Tyranitar, L50, M|
|poke|p1|Armarouge, L50, M|
|poke|p1|Gardevoir, L50, M|
|poke|p2|Tyranitar, L50, F|
|poke|p2|Metagross, L50|
|poke|p2|Talonflame, L50, M|
|poke|p2|Gyarados, L50, M|
|poke|p2|Crabominable, L50, M|
|poke|p2|Hawlucha, L50, M|
|teampreview|4
|showteam|p1|Oranguru||MentalHerb|Telepathy|TrickRoom,Instruct,Psychic,Protect|Sassy||F|||50|]Rhyperior||MuscleBand|SolidRock|RockSlide,HighHorsepower,IcePunch,Protect|Brave||M|||50|]Primarina||MysticWater|LiquidVoice|HyperVoice,Moonblast,EnergyBall,Protect|Quiet||F|||50|]Tyranitar||Tyranitarite|SandStream|RockSlide,KnockOff,LowKick,Protect|Brave||M|||50|]Armarouge||TwistedSpoon|FlashFire|ArmorCannon,Psychic,TrickRoom,Protect|Quiet||M|||50|]Gardevoir||Gardevoirite|Trace|HyperVoice,Psychic,Protect,MysticalFire|Quiet||M|||50|
|showteam|p2|Tyranitar||ExpertBelt|SandStream|KnockOff,ShadowClaw,Protect,IronTail|Adamant||F|||50|]Metagross||LifeOrb|ClearBody|Protect,BodySlam,IronHead,ShadowClaw|Jolly|||||50|]Talonflame||SharpBeak|GaleWings|Thief,Protect,Uturn,BraveBird|Jolly||M|||50|]Gyarados||SitrusBerry|Intimidate|Waterfall,Crunch,PowerWhip,Protect|Adamant||M|||50|]Crabominable||Crabominite|IronFist|KnockOff,DrainPunch,IronHead,Protect|Brave||M|||50|]Hawlucha||Hawluchanite|Limber|Lunge,Trailblaze,PoisonJab,Detect|Jolly||M|||50|
|j| PorygonTheBot
|c| PorygonTheBot|y'all are stupid
|
|t:|1785089261
|teamsize|p1|4
|teamsize|p2|4
|start
|switch|p1a: Oranguru|Oranguru, L50, F|100/100
|switch|p1b: Primarina|Primarina, L50, F|100/100
|switch|p2a: Hawlucha|Hawlucha, L50, M|100/100
|switch|p2b: Metagross|Metagross, L50|100/100
|turn|1
|
|t:|1785089319
|detailschange|p2a: Hawlucha|Hawlucha-Mega, L50, M
|-mega|p2a: Hawlucha|Hawlucha|Hawluchanite
|move|p2a: Hawlucha|Poison Jab|p1b: Primarina
|-supereffective|p1b: Primarina|1
|-damage|p1b: Primarina|26/100
|move|p2b: Metagross|Body Slam|p1a: Oranguru
|-damage|p1a: Oranguru|67/100
|-damage|p2b: Metagross|90/100|[from] item: Life Orb
|move|p1b: Primarina|Moonblast|p2a: Hawlucha
|-supereffective|p2a: Hawlucha|1
|-damage|p2a: Hawlucha|0 fnt
|faint|p2a: Hawlucha
|move|p1a: Oranguru|Trick Room|p1a: Oranguru
|-fieldstart|move: Trick Room|[of] p1a: Oranguru
|
|upkeep
|
|t:|1785089332
|switch|p2a: Talonflame|Talonflame, L50, M|100/100
|turn|2
|
|t:|1785089359
|move|p2a: Talonflame|Brave Bird|p1b: Primarina
|-damage|p1b: Primarina|0 fnt
|faint|p1b: Primarina
|-damage|p2a: Talonflame|89/100|[from] Recoil
|move|p1a: Oranguru|Instruct|p1: Primarina|[notarget]
|-fail|p1a: Oranguru
|move|p2b: Metagross|Body Slam|p1a: Oranguru
|-damage|p1a: Oranguru|34/100
|-damage|p2b: Metagross|80/100|[from] item: Life Orb
|
|upkeep
|
|t:|1785089396
|switch|p1b: Rhyperior|Rhyperior, L50, M|100/100
|turn|3
|
|t:|1785089420
|move|p1b: Rhyperior|Rock Slide|p2b: Metagross|[spread] p2b
|-miss|p1b: Rhyperior|p2a: Talonflame
|-resisted|p2b: Metagross|1
|-damage|p2b: Metagross|63/100
|move|p1a: Oranguru|Instruct|p1b: Rhyperior
|-singleturn|p1b: Rhyperior|move: Instruct|[of] p1a: Oranguru
|move|p1b: Rhyperior|Rock Slide|p2b: Metagross|[spread] p2a,p2b
|-supereffective|p2a: Talonflame|2
|-resisted|p2b: Metagross|1
|-damage|p2a: Talonflame|0 fnt
|-damage|p2b: Metagross|47/100
|faint|p2a: Talonflame
|move|p2b: Metagross|Iron Head|p1b: Rhyperior
|-supereffective|p1b: Rhyperior|1
|-damage|p1b: Rhyperior|50/100y
|-damage|p2b: Metagross|37/100|[from] item: Life Orb
|
|upkeep
|
|t:|1785089434
|switch|p2a: Gyarados|Gyarados, L50, M|100/100
|-ability|p2a: Gyarados|Intimidate|boost
|-unboost|p1a: Oranguru|atk|1
|-unboost|p1b: Rhyperior|atk|1
|turn|4
|
|t:|1785089479
|move|p1b: Rhyperior|High Horsepower|p2b: Metagross
|-supereffective|p2b: Metagross|1
|-damage|p2b: Metagross|0 fnt
|faint|p2b: Metagross
|move|p1a: Oranguru|Instruct|p1b: Rhyperior
|-singleturn|p1b: Rhyperior|move: Instruct|[of] p1a: Oranguru
|move|p1b: Rhyperior|High Horsepower|p2a: Gyarados
|-immune|p2a: Gyarados
|move|p2a: Gyarados|Waterfall|p1b: Rhyperior
|-supereffective|p1b: Rhyperior|2
|-damage|p1b: Rhyperior|0 fnt
|faint|p1b: Rhyperior
|
|upkeep
|
|t:|1785089491
|switch|p1b: Gardevoir|Gardevoir, L50, M|100/100
|-ability|p1b: Gardevoir|Intimidate|Trace|[from] ability: Trace|[of] p2a: Gyarados
|-ability|p1b: Gardevoir|Intimidate|boost
|-unboost|p2a: Gyarados|atk|1
|turn|5
|
|t:|1785089521
|detailschange|p1b: Gardevoir|Gardevoir-Mega, L50, M
|-mega|p1b: Gardevoir|Gardevoir|Gardevoirite
|move|p1a: Oranguru|Instruct||[still]
|-fail|p1a: Oranguru
|move|p1b: Gardevoir|Hyper Voice|p2a: Gyarados
|-damage|p2a: Gyarados|16/100
|-enditem|p2a: Gyarados|Sitrus Berry|[eat]
|-heal|p2a: Gyarados|41/100|[from] item: Sitrus Berry
|move|p2a: Gyarados|Crunch|p1a: Oranguru
|-supereffective|p1a: Oranguru|1
|-crit|p1a: Oranguru
|-damage|p1a: Oranguru|0 fnt
|faint|p1a: Oranguru
|
|-fieldend|move: Trick Room
|upkeep
|turn|6
|
|t:|1785089549
|move|p2a: Gyarados|Protect|p2a: Gyarados
|-singleturn|p2a: Gyarados|Protect
|move|p1b: Gardevoir|Hyper Voice|p2a: Gyarados
|-activate|p2a: Gyarados|move: Protect
|
|upkeep
|turn|7
|
|t:|1785089557
|move|p2a: Gyarados|Waterfall|p1b: Gardevoir
|-damage|p1b: Gardevoir|60/100
|move|p1b: Gardevoir|Hyper Voice|p2a: Gyarados
|-damage|p2a: Gyarados|0 fnt
|faint|p2a: Gyarados
|
|win|joguisolo
