|j|☆Schimmli
|j|☆the winking dol
|html|Schimmlithe winking dol    
|uhtml|bestof|Game 2 of a best-of-3
|t:|1756332701
|gametype|doubles
|player|p1|Schimmli|169|1083
|player|p2|the winking dol|dawn|1053
|gen|9
|tier|[Gen 9] VGC 2025 Reg H (Bo3)
|rated|
|rule|Species Clause: Limit one of each Pokémon
|rule|Item Clause: Limit 1 of each item
|clearpoke
|poke|p1|Weezing-Galar, L50, M|
|poke|p1|Typhlosion-Hisui, L50, M|
|poke|p1|Whimsicott, L50, F|
|poke|p1|Decidueye-Hisui, L50, F|
|poke|p1|Palafin, L50, F|
|poke|p1|Dragapult, L50, F|
|poke|p2|Rillaboom, L50, F|
|poke|p2|Glimmora, L50, M|
|poke|p2|Farigiraf, L50, F|
|poke|p2|Tyranitar, L50, F|
|poke|p2|Kommo-o, L50, M|
|poke|p2|Gholdengo, L50|
|teampreview|4
|showteam|p1|Weezing-Galar||SitrusBerry|NeutralizingGas|Taunt,WillOWisp,SludgeBomb,Protect|||M|||50|,,,,,Ghost]Typhlosion-Hisui||ChoiceSpecs|Blaze|Eruption,Overheat,ShadowBall,Flamethrower|||M|||50|,,,,,Fire]Whimsicott||CovertCloak|Prankster|Tailwind,SunnyDay,Moonblast,Tickle|||F|||50|,,,,,Dark]Decidueye-Hisui||ScopeLens|Scrappy|LeafBlade,TripleArrows,CloseCombat,Protect|||F|||50|,,,,,Electric]Palafin||MysticWater|ZerotoHero|JetPunch,Protect,WaveCrash,Haze|||F|||50|,,,,,Water]Dragapult||ChoiceBand|ClearBody|DragonDarts,PhantomForce,Outrage,Uturn|||F|||50|,,,,,Dragon
|showteam|p2|Rillaboom||MiracleSeed|GrassySurge|WoodHammer,GrassyGlide,HighHorsepower,FakeOut|||F|||50|,,,,,Poison]Glimmora||LifeOrb|ToxicDebris|PowerGem,EarthPower,SludgeWave,SpikyShield|||M|||50|,,,,,Ghost]Farigiraf||SitrusBerry|ArmorTail|Psychic,HyperVoice,FoulPlay,TrickRoom|||F|||50|,,,,,Dark]Tyranitar||AssaultVest|SandStream|RockSlide,KnockOff,LowKick,TeraBlast|||F|||50|,,,,,Ghost]Kommo-o||Leftovers|Overcoat|ClangingScales,AuraSphere,Flamethrower,ClangorousSoul|||M|||50|,,,,,Steel]Gholdengo||ChoiceScarf|GoodasGold|MakeItRain,ShadowBall,Trick,Protect||||||50|,,,,,Steel
|
|t:|1756332745
|teamsize|p1|4
|teamsize|p2|4
|start
|switch|p1a: Typhlosion|Typhlosion-Hisui, L50, M|100/100
|switch|p1b: Whimsicott|Whimsicott, L50, F|100/100
|switch|p2a: Gholdengo|Gholdengo, L50|100/100
|switch|p2b: Kommo-o|Kommo-o, L50, M|100/100
|turn|1
|
|t:|1756332781
|switch|p2b: Tyranitar|Tyranitar, L50, F|100/100
|-weather|Sandstorm|[from] ability: Sand Stream|[of] p2b: Tyranitar
|move|p1b: Whimsicott|Tailwind|p1b: Whimsicott
|-sidestart|p1: Schimmli|move: Tailwind
|move|p1a: Typhlosion|Eruption|p2b: Tyranitar|[spread] p2a,p2b
|-supereffective|p2a: Gholdengo
|-resisted|p2b: Tyranitar
|-damage|p2a: Gholdengo|0 fnt
|-damage|p2b: Tyranitar|83/100
|faint|p2a: Gholdengo
|
|-weather|Sandstorm|[upkeep]
|-damage|p1b: Whimsicott|95/100|[from] Sandstorm
|-damage|p1a: Typhlosion|94/100|[from] Sandstorm
|upkeep
|
|t:|1756332809
|switch|p2a: Kommo-o|Kommo-o, L50, M|100/100
|turn|2
|
|t:|1756332819
|move|p1b: Whimsicott|Moonblast|p2a: Kommo-o
|-supereffective|p2a: Kommo-o
|-damage|p2a: Kommo-o|0 fnt
|faint|p2a: Kommo-o
|move|p1a: Typhlosion|Eruption|p2b: Tyranitar
|-resisted|p2b: Tyranitar
|-damage|p2b: Tyranitar|61/100
|move|p2b: Tyranitar|Rock Slide|p1a: Typhlosion|[spread] p1a,p1b
|-supereffective|p1a: Typhlosion
|-damage|p1a: Typhlosion|2/100
|-damage|p1b: Whimsicott|42/100
|
|-weather|Sandstorm|[upkeep]
|-damage|p1b: Whimsicott|36/100|[from] Sandstorm
|-damage|p1a: Typhlosion|0 fnt|[from] Sandstorm
|faint|p1a: Typhlosion
|upkeep
|
|t:|1756332833
|switch|p1a: Decidueye|Decidueye-Hisui, L50, F|100/100
|switch|p2a: Rillaboom|Rillaboom, L50, F|100/100
|-fieldstart|move: Grassy Terrain|[from] ability: Grassy Surge|[of] p2a: Rillaboom
|turn|3
|
|t:|1756332853
|move|p2a: Rillaboom|Fake Out|p1a: Decidueye
|-damage|p1a: Decidueye|81/100
|move|p1b: Whimsicott|Sunny Day|p1b: Whimsicott
|-weather|SunnyDay
|cant|p1a: Decidueye|flinch
|move|p2b: Tyranitar|Rock Slide|p1a: Decidueye|[spread] p1a,p1b
|-resisted|p1a: Decidueye
|-damage|p1a: Decidueye|59/100
|-damage|p1b: Whimsicott|0 fnt
|faint|p1b: Whimsicott
|
|-weather|SunnyDay|[upkeep]
|-heal|p1a: Decidueye|65/100|[from] Grassy Terrain
|-heal|p2b: Tyranitar|67/100|[from] Grassy Terrain
|upkeep
|
|t:|1756332864
|switch|p1b: Dragapult|Dragapult, L50, F|100/100
|turn|4
|
|t:|1756332885
|-terastallize|p1b: Dragapult|Dragon
|-terastallize|p2b: Tyranitar|Ghost
|move|p1b: Dragapult|Dragon Darts|p2b: Tyranitar
|-damage|p2b: Tyranitar|24/100
|-anim|p1b: Dragapult|Dragon Darts|p2a: Rillaboom
|-damage|p2a: Rillaboom|51/100
|move|p1a: Decidueye|Triple Arrows|p2b: Tyranitar
|-crit|p2b: Tyranitar
|-damage|p2b: Tyranitar|0 fnt
|faint|p2b: Tyranitar
|move|p2a: Rillaboom|Wood Hammer|p1a: Decidueye
|-resisted|p1a: Decidueye
|-damage|p1a: Decidueye|0 fnt
|faint|p1a: Decidueye
|-damage|p2a: Rillaboom|33/100|[from] Recoil
|
|-weather|SunnyDay|[upkeep]
|-heal|p2a: Rillaboom|39/100|[from] Grassy Terrain
|-sideend|p1: Schimmli|move: Tailwind
|upkeep
|turn|5
|
|t:|1756332903
|move|p2a: Rillaboom|Grassy Glide|p1b: Dragapult
|-resisted|p1b: Dragapult
|-damage|p1b: Dragapult|70/100
|move|p1b: Dragapult|Dragon Darts|p2a: Rillaboom
|-damage|p2a: Rillaboom|0 fnt
|faint|p2a: Rillaboom
|
|win|Schimmli
|raw|Schimmli's rating: 1083 → 1108(+25 for winning)
|raw|the winking dol's rating: 1053 → 1037(-16 for losing)
|c|☆Schimmli|gg
|c|☆the winking dol|gg
|l|☆the winking dol
|player|p2|
|l|☆Schimmli
|player|p1|
|j|☆the winking dol
|player|p2|the winking dol|dawn|
