|j|☆ethnol1816
|j|☆akabaki
|html|ethnol1816akabaki    
|uhtml|bestof|Game 2 of a best-of-3
|t:|1756041389
|gametype|doubles
|player|p1|ethnol1816|boarder|1157
|player|p2|akabaki|266|1213
|gen|9
|tier|[Gen 9] VGC 2025 Reg H (Bo3)
|rated|
|rule|Species Clause: Limit one of each Pokémon
|rule|Item Clause: Limit 1 of each item
|clearpoke
|poke|p1|Gholdengo, L50|
|poke|p1|Samurott-Hisui, L50, M|
|poke|p1|Hydreigon, L50, M|
|poke|p1|Whimsicott, L50, F|
|poke|p1|Garchomp, L50, F|
|poke|p1|Clefable, L50, F|
|poke|p2|Gholdengo, L50|
|poke|p2|Hydreigon, L50, M|
|poke|p2|Talonflame, L50, M|
|poke|p2|Sneasler, L50, M|
|poke|p2|Clefable, L50, F|
|poke|p2|Garchomp, L50, M|
|teampreview|4
|showteam|p1|Gholdengo||Leftovers|GoodasGold|NastyPlot,ShadowBall,MakeItRain,Protect||||||50|,,,,,Dragon]Samurott-Hisui||AssaultVest|Sharpness|CeaselessEdge,SuckerPunch,SacredSword,AquaCutter|||M|||50|,,,,,Ghost]Hydreigon||ChoiceSpecs|Levitate|DarkPulse,DracoMeteor,HeatWave,FlashCannon|||M|||50|,,,,,Fire]Whimsicott||FocusSash|Prankster|Moonblast,Tailwind,SunnyDay,Encore|||F|||50|,,,,,Ghost]Garchomp||LifeOrb|RoughSkin|Protect,StompingTantrum,Earthquake,DragonClaw|||F|||50|,,,,,Steel]Clefable||SitrusBerry|Unaware|Moonblast,MistyTerrain,FollowMe,Protect|||F|||50|,,,,,Water
|showteam|p2|Gholdengo||Leftovers|GoodasGold|MakeItRain,ShadowBall,NastyPlot,Protect||||||50|,,,,,Water]Hydreigon||ChoiceSpecs|Levitate|DracoMeteor,DarkPulse,Snarl,HeatWave|||M|||50|,,,,,Fire]Talonflame||CovertCloak|GaleWings|DualWingbeat,Tailwind,Taunt,WillOWisp|||M|||50|,,,,,Grass]Sneasler||WhiteHerb|Unburden|DireClaw,CloseCombat,ThroatChop,Protect|||M|||50|,,,,,Dark]Clefable||SitrusBerry|Unaware|Moonblast,Protect,FollowMe,SunnyDay|||F|||50|,,,,,Water]Garchomp||LifeOrb|RoughSkin|DragonClaw,StompingTantrum,Earthquake,Protect|||M|||50|,,,,,Steel
|inactive|Battle timer is ON: inactive players will automatically lose when time's up. (requested by ethnol1816)
|inactive|akabaki also wants the timer to be on.
|inactive|akabaki has 60 seconds left.
|inactive|akabaki has 30 seconds left.
|inactive|akabaki has 20 seconds left.
|inactive|akabaki has 15 seconds left.
|inactive|akabaki has 10 seconds left.
|inactive|akabaki has 5 seconds left.
|
|t:|1756041478
|teamsize|p1|4
|teamsize|p2|4
|start
|switch|p1a: hyculese|Hydreigon, L50, M, shiny|100/100
|switch|p1b: carson|Samurott-Hisui, L50, M|100/100
|switch|p2a: Sneasler|Sneasler, L50, M|100/100
|switch|p2b: Clefable|Clefable, L50, F|100/100
|turn|1
|inactive|ethnol1816 has 30 seconds left.
|
|t:|1756041513
|switch|p1b: nsdr trdng|Gholdengo, L50|100/100
|-terastallize|p1a: hyculese|Fire
|move|p2a: Sneasler|Protect|p2a: Sneasler
|-singleturn|p2a: Sneasler|Protect
|move|p2b: Clefable|Protect|p2b: Clefable
|-singleturn|p2b: Clefable|Protect
|move|p1a: hyculese|Heat Wave|p2a: Sneasler|[spread] 
|-activate|p2a: Sneasler|move: Protect
|-activate|p2b: Clefable|move: Protect
|
|upkeep
|turn|2
|
|t:|1756041536
|-terastallize|p2a: Sneasler|Dark
|move|p2a: Sneasler|Throat Chop|p1b: nsdr trdng
|-supereffective|p1b: nsdr trdng
|-damage|p1b: nsdr trdng|10/100
|-start|p1b: nsdr trdng|Throat Chop|[silent]
|move|p1a: hyculese|Heat Wave|p2a: Sneasler|[spread] p2a,p2b
|-damage|p2a: Sneasler|19/100
|-damage|p2b: Clefable|59/100
|move|p1b: nsdr trdng|Make It Rain|p2b: Clefable|[spread] p2a,p2b
|-supereffective|p2b: Clefable
|-crit|p2b: Clefable
|-damage|p2a: Sneasler|0 fnt
|-damage|p2b: Clefable|0 fnt
|-unboost|p1b: nsdr trdng|spa|1
|faint|p2a: Sneasler
|faint|p2b: Clefable
|
|-heal|p1b: nsdr trdng|16/100|[from] item: Leftovers
|upkeep
|
|t:|1756041553
|switch|p2a: Talonflame|Talonflame, L50, M|100/100
|switch|p2b: Hydreigon|Hydreigon, L50, M|100/100
|turn|3
|
|t:|1756041570
|switch|p1a: carson|Samurott-Hisui, L50, M|100/100
|move|p2a: Talonflame|Dual Wingbeat|p1a: carson
|-damage|p1a: carson|84/100
|-damage|p1a: carson|67/100
|-hitcount|p1a: carson|2
|move|p2b: Hydreigon|Snarl|p1b: nsdr trdng|[spread] p1a,p1b
|-resisted|p1a: carson
|-crit|p1a: carson
|-supereffective|p1b: nsdr trdng
|-damage|p1a: carson|43/100
|-damage|p1b: nsdr trdng|0 fnt
|-unboost|p1a: carson|spa|1
|faint|p1b: nsdr trdng
|
|upkeep
|
|t:|1756041574
|switch|p1b: scott|Whimsicott, L50, F|100/100
|turn|4
|
|t:|1756041592
|move|p2a: Talonflame|Dual Wingbeat|p1b: scott
|-supereffective|p1b: scott
|-damage|p1b: scott|50/100
|-supereffective|p1b: scott
|-damage|p1b: scott|0 fnt
|faint|p1b: scott
|-hitcount|p1: scott|2
|move|p2b: Hydreigon|Snarl|p1a: carson
|-resisted|p1a: carson
|-damage|p1a: carson|23/100
|-unboost|p1a: carson|spa|1
|move|p1a: carson|Sacred Sword|p2b: Hydreigon
|-supereffective|p2b: Hydreigon
|-damage|p2b: Hydreigon|11/100
|
|upkeep
|
|t:|1756041604
|switch|p1b: hyculese|Hydreigon, L50, M, shiny, tera:Fire|100/100
|turn|5
|
|t:|1756041614
|move|p2a: Talonflame|Dual Wingbeat|p1a: carson
|-damage|p1a: carson|4/100
|-damage|p1a: carson|0 fnt
|faint|p1a: carson
|-hitcount|p1: carson|2
|move|p1b: hyculese|Draco Meteor|p2a: Talonflame
|-damage|p2a: Talonflame|0 fnt
|-unboost|p1b: hyculese|spa|2
|faint|p2a: Talonflame
|move|p2b: Hydreigon|Snarl|p1b: hyculese|[miss]
|-miss|p2b: Hydreigon|p1b: hyculese
|
|upkeep
|turn|6
|-message|akabaki forfeited.
|
|win|ethnol1816
|raw|ethnol1816's rating: 1157 → 1186(+29 for winning)
|raw|akabaki's rating: 1213 → 1184(-29 for losing)
|l|☆akabaki
|player|p2|
