|j|☆curfy27
|j|☆EvioExess
|html|curfy27EvioExess    
|uhtml|bestof|Game 2 of a best-of-3
|t:|1784897195
|gametype|doubles
|player|p1|curfy27|265|1130
|player|p2|EvioExess|266|1100
|gen|9
|tier|[Gen 9 Champions] VGC 2026 Reg M-B (Bo3)
|rated|
|rule|Species Clause: Limit one of each Pokémon
|rule|Item Clause: Limit 1 of each item
|clearpoke
|poke|p1|Grimmsnarl, L50, M|
|poke|p1|Swampert, L50, M, shiny|
|poke|p1|Pelipper, L50, F, shiny|
|poke|p1|Archaludon, L50, F|
|poke|p1|Scovillain, L50, M, shiny|
|poke|p1|Basculegion, L50, M|
|poke|p2|Farigiraf, L50, F|
|poke|p2|Aerodactyl, L50, M|
|poke|p2|Kingambit, L50, F|
|poke|p2|Garchomp, L50, F|
|poke|p2|Charizard, L50, F|
|poke|p2|Ninetales-Alola, L50, F|
|teampreview|4
|showteam|p1|Grimmsnarl||LightClay|Prankster|FoulPlay,Reflect,LightScreen,PartingShot|Calm||M|||50|]Swampert||Swampertite|Damp|WaveCrash,Earthquake,Protect,IcePunch|Adamant||M|||50|]Pelipper||SitrusBerry|Drizzle|WeatherBall,Hurricane,WideGuard,Tailwind|Modest||F|||50|]Archaludon||Leftovers|Stamina|ElectroShot,DragonPulse,FlashCannon,Protect|Modest||F|||50|]Scovillain||Scovillainite|Chlorophyll|RagePowder,Protect,LeechSeed,Flamethrower|Calm||M|||50|]Basculegion||LifeOrb|SwiftSwim|WaveCrash,AquaJet,LastRespects,Protect|Adamant||M|||50|
|showteam|p2|Farigiraf||SitrusBerry|ArmorTail|TrickRoom,TwinBeam,HelpingHand,Thunderbolt|Bold||F|||50|]Aerodactyl||Aerodactylite|Unnerve|RockSlide,Protect,Tailwind,Taunt|Jolly||M|||50|]Kingambit||FocusSash|Defiant|IronHead,SuckerPunch,LowKick,Protect|Adamant||F|||50|]Garchomp||LifeOrb|RoughSkin|DragonClaw,Earthquake,StompingTantrum,Protect|Adamant||F|||50|]Charizard||CharizarditeY|Blaze|WeatherBall,HeatWave,SolarBeam,Protect|Modest||F|||50|]Ninetales-Alola||ExpertBelt|SnowWarning|Blizzard,FreezeDry,AuroraVeil,Protect|Timid||F|||50|
|inactive|Battle timer is ON: inactive players will automatically lose when time's up. (requested by curfy27)
|inactive|curfy27 has 60 seconds left.
|
|t:|1784897231
|teamsize|p1|4
|teamsize|p2|4
|start
|switch|p1a: Grimmsnarl|Grimmsnarl, L50, M|100/100
|switch|p1b: Archaludon|Archaludon, L50, F|100/100
|switch|p2a: Uscorp|Kingambit, L50, F|100/100
|switch|p2b: Ninetales|Ninetales-Alola, L50, F|100/100
|-weather|Snowscape|[from] ability: Snow Warning|[of] p2b: Ninetales
|turn|1
|
|t:|1784897242
|switch|p1a: Pelipper|Pelipper, L50, F, shiny|100/100
|-weather|RainDance|[from] ability: Drizzle|[of] p1a: Pelipper
|move|p2b: Ninetales|Aurora Veil||[still]
|-fail|p2b: Ninetales
|move|p1b: Archaludon|Electro Shot||[still]
|-prepare|p1b: Archaludon|Electro Shot
|-boost|p1b: Archaludon|spa|1
|-anim|p1b: Archaludon|Electro Shot|p2a: Uscorp
|-damage|p2a: Uscorp|29/100
|move|p2a: Uscorp|Iron Head|p1a: Pelipper
|-resisted|p1a: Pelipper|1
|-damage|p1a: Pelipper|76/100
|
|-weather|RainDance|[upkeep]
|upkeep
|turn|2
|
|t:|1784897261
|move|p2b: Ninetales|Freeze-Dry|p1a: Pelipper
|-supereffective|p1a: Pelipper|2
|-damage|p1a: Pelipper|0 fnt
|faint|p1a: Pelipper
|move|p1b: Archaludon|Flash Cannon|p2b: Ninetales
|-supereffective|p2b: Ninetales|2
|-damage|p2b: Ninetales|0 fnt
|faint|p2b: Ninetales
|move|p2a: Uscorp|Low Kick|p1b: Archaludon
|-supereffective|p1b: Archaludon|1
|-damage|p1b: Archaludon|55/100
|-ability|p1b: Archaludon|Stamina|boost
|-boost|p1b: Archaludon|def|1
|
|-weather|RainDance|[upkeep]
|-heal|p1b: Archaludon|61/100|[from] item: Leftovers
|upkeep
|
|t:|1784897275
|switch|p2b: Charizard|Charizard, L50, F|100/100
|switch|p1a: Grimmsnarl|Grimmsnarl, L50, M|100/100
|turn|3
|
|t:|1784897292
|switch|p2a: LA GIRAFFA|Farigiraf, L50, F|100/100
|detailschange|p2b: Charizard|Charizard-Mega-Y, L50, F
|-mega|p2b: Charizard|Charizard|Charizardite Y
|-weather|SunnyDay|[from] ability: Drought|[of] p2b: Charizard
|move|p1a: Grimmsnarl|Light Screen|p1a: Grimmsnarl
|-sidestart|p1: curfy27|move: Light Screen
|move|p2b: Charizard|Heat Wave|p1a: Grimmsnarl|[spread] p1a,p1b
|-damage|p1a: Grimmsnarl|64/100
|-damage|p1b: Archaludon|19/100
|-ability|p1b: Archaludon|Stamina|boost
|-boost|p1b: Archaludon|def|1
|move|p1b: Archaludon|Dragon Pulse|p2a: LA GIRAFFA
|-damage|p2a: LA GIRAFFA|41/100
|-enditem|p2a: LA GIRAFFA|Sitrus Berry|[eat]
|-heal|p2a: LA GIRAFFA|66/100|[from] item: Sitrus Berry
|
|-weather|SunnyDay|[upkeep]
|-heal|p1b: Archaludon|25/100|[from] item: Leftovers
|upkeep
|turn|4
|
|t:|1784897314
|move|p2a: LA GIRAFFA|Helping Hand|p2b: Charizard
|-singleturn|p2b: Charizard|Helping Hand|[of] p2a: LA GIRAFFA
|move|p2b: Charizard|Heat Wave|p1a: Grimmsnarl|[spread] p1a
|-miss|p2b: Charizard|p1b: Archaludon
|-damage|p1a: Grimmsnarl|13/100
|move|p1b: Archaludon|Dragon Pulse|p2b: Charizard
|-damage|p2b: Charizard|41/100
|move|p1a: Grimmsnarl|Foul Play|p2b: Charizard
|-damage|p2b: Charizard|9/100
|
|-weather|SunnyDay|[upkeep]
|-heal|p1b: Archaludon|31/100|[from] item: Leftovers
|upkeep
|turn|5
|
|t:|1784897329
|switch|p1a: Swampert|Swampert, L50, M, shiny|100/100
|move|p2a: LA GIRAFFA|Helping Hand|p2b: Charizard
|-singleturn|p2b: Charizard|Helping Hand|[of] p2a: LA GIRAFFA
|move|p1b: Archaludon|Protect|p1b: Archaludon
|-singleturn|p1b: Archaludon|Protect
|move|p2b: Charizard|Heat Wave|p1b: Archaludon|[spread] p1a
|-activate|p1b: Archaludon|move: Protect
|-resisted|p1a: Swampert|1
|-damage|p1a: Swampert|67/100
|
|-weather|SunnyDay|[upkeep]
|-heal|p1b: Archaludon|37/100|[from] item: Leftovers
|upkeep
|turn|6
|inactive|EvioExess has 30 seconds left.
|
|t:|1784897357
|detailschange|p1a: Swampert|Swampert-Mega, L50, M, shiny
|-mega|p1a: Swampert|Swampert|Swampertite
|move|p2a: LA GIRAFFA|Helping Hand|p2b: Charizard
|-singleturn|p2b: Charizard|Helping Hand|[of] p2a: LA GIRAFFA
|move|p2b: Charizard|Solar Beam||[still]
|-prepare|p2b: Charizard|Solar Beam
|-anim|p2b: Charizard|Solar Beam|p1a: Swampert
|-supereffective|p1a: Swampert|2
|-damage|p1a: Swampert|0 fnt
|faint|p1a: Swampert
|move|p1b: Archaludon|Dragon Pulse|p2b: Charizard
|-damage|p2b: Charizard|0 fnt
|faint|p2b: Charizard
|
|-weather|SunnyDay|[upkeep]
|-heal|p1b: Archaludon|44/100|[from] item: Leftovers
|upkeep
|
|t:|1784897369
|switch|p2b: Uscorp|Kingambit, L50, F|29/100
|switch|p1a: Grimmsnarl|Grimmsnarl, L50, M|13/100
|turn|7
|
|t:|1784897390
|move|p2b: Uscorp|Protect|p2b: Uscorp
|-singleturn|p2b: Uscorp|Protect
|move|p1a: Grimmsnarl|Reflect|p1a: Grimmsnarl
|-sidestart|p1: curfy27|Reflect
|move|p1b: Archaludon|Electro Shot||[still]
|-prepare|p1b: Archaludon|Electro Shot
|-boost|p1b: Archaludon|spa|1
|move|p2a: LA GIRAFFA|Trick Room|p2a: LA GIRAFFA
|-fieldstart|move: Trick Room|[of] p2a: LA GIRAFFA
|
|-weather|none
|-heal|p1b: Archaludon|50/100g|[from] item: Leftovers
|upkeep
|turn|8
|
|t:|1784897407
|move|p2a: LA GIRAFFA|Helping Hand|p2b: Uscorp
|-singleturn|p2b: Uscorp|Helping Hand|[of] p2a: LA GIRAFFA
|move|p1a: Grimmsnarl|Foul Play|p2a: LA GIRAFFA
|-supereffective|p2a: LA GIRAFFA|1
|-damage|p2a: LA GIRAFFA|19/100
|move|p2b: Uscorp|Low Kick|p1b: Archaludon
|-supereffective|p1b: Archaludon|1
|-damage|p1b: Archaludon|24/100
|-ability|p1b: Archaludon|Stamina|boost
|-boost|p1b: Archaludon|def|1
|move|p1b: Archaludon|Electro Shot|p2a: LA GIRAFFA|[from] lockedmove
|-damage|p2a: LA GIRAFFA|0 fnt
|faint|p2a: LA GIRAFFA
|
|-heal|p1b: Archaludon|31/100|[from] item: Leftovers
|upkeep
|turn|9
|
|t:|1784897427
|move|p1a: Grimmsnarl|Foul Play|p2b: Uscorp
|-resisted|p2b: Uscorp|1
|-damage|p2b: Uscorp|7/100
|move|p2b: Uscorp|Iron Head|p1a: Grimmsnarl
|-supereffective|p1a: Grimmsnarl|1
|-damage|p1a: Grimmsnarl|0 fnt
|faint|p1a: Grimmsnarl
|move|p1b: Archaludon|Dragon Pulse|p2b: Uscorp
|-resisted|p2b: Uscorp|1
|-damage|p2b: Uscorp|0 fnt
|faint|p2b: Uscorp
|
|win|curfy27
|raw|curfy27's rating: 1130 → 1153(+23 for winning)
|raw|EvioExess's rating: 1100 → 1077(-23 for losing)
|l|☆curfy27
|player|p1|
