|j|☆Chelicerate1
|j|☆xxbawsestmanxx1
|html|Chelicerate1xxbawsestmanxx1    
|uhtml|bestof|Game 2 of a best-of-3
|t:|1783337909
|gametype|doubles
|player|p1|Chelicerate1|ethan|1153
|player|p2|xxbawsestmanxx1|ryuki|1135
|gen|9
|tier|[Gen 9 Champions] VGC 2026 Reg M-B (Bo3)
|rated|
|rule|Species Clause: Limit one of each Pokémon
|rule|Item Clause: Limit 1 of each item
|clearpoke
|poke|p1|Charizard, L50, M, shiny|
|poke|p1|Gholdengo, L50, shiny|
|poke|p1|Incineroar, L50, M, shiny|
|poke|p1|Floette-Eternal, L50, F|
|poke|p1|Sinistcha-Masterpiece, L50, shiny|
|poke|p1|Garchomp, L50, M, shiny|
|poke|p2|Gholdengo, L50, shiny|
|poke|p2|Tinkaton, L50, F, shiny|
|poke|p2|Glimmora, L50, F|
|poke|p2|Runerigus, L50, F|
|poke|p2|Incineroar, L50, M|
|poke|p2|Staraptor, L50, F|
|teampreview|4
|showteam|p1|Charizard||CharizarditeY|SolarPower|HeatWave,WeatherBall,SolarBeam,Protect|Modest||M|||50|]Gholdengo||ChoiceScarf|GoodasGold|MakeItRain,Psychic,ShadowBall,Trick|Timid|||||50|]Incineroar||SitrusBerry|Intimidate|FakeOut,ThroatChop,PartingShot,FlareBlitz|Careful||M|||50|]Floette-Eternal||Floettite|FlowerVeil|Moonblast,DazzlingGleam,CalmMind,Protect|Modest||F|||50|]Sinistcha-Masterpiece||KasibBerry|Hospitality|MatchaGotcha,RagePowder,LifeDew,Protect|Bold|||||50|]Garchomp||LifeOrb|RoughSkin|DragonClaw,RockSlide,Earthquake,Protect|Adamant||M|||50|
|showteam|p2|Gholdengo||ChoiceScarf|GoodasGold|ShadowBall,MakeItRain,Thunderbolt,PowerGem|Timid|||||50|]Tinkaton||OccaBerry|MoldBreaker|SkillSwap,BabyDollEyes,FakeOut,Encore|Jolly||F|||50|]Glimmora||FocusSash|ToxicDebris|EarthPower,SludgeBomb,SpikyShield,EnergyBall|Modest||F|||50|]Runerigus||SitrusBerry|WanderingSpirit|Poltergeist,TrickRoom,WillOWisp,Protect|Sassy||F|||50|]Incineroar||ChopleBerry|Intimidate|CloseCombat,FlareBlitz,PartingShot,FakeOut|Adamant||M|||50|]Staraptor||Staraptite|Intimidate|CloseCombat,BraveBird,Roost,Protect|Adamant||F|||50|
|inactive|Battle timer is ON: inactive players will automatically lose when time's up. (requested by Chelicerate1)
|inactive|xxbawsestmanxx1 has 60 seconds left.
|
|t:|1783337960
|teamsize|p1|4
|teamsize|p2|4
|start
|switch|p1a: Floette|Floette-Eternal, L50, F|100/100
|switch|p1b: Gholdengo|Gholdengo, L50, shiny|100/100
|switch|p2a: Runerigus|Runerigus, L50, F|100/100
|switch|p2b: Gholdengo|Gholdengo, L50, shiny|100/100
|turn|1
|
|t:|1783337977
|detailschange|p1a: Floette|Floette-Mega, L50, F
|-mega|p1a: Floette|Floette|Floettite
|-ability|p1a: Floette|Fairy Aura
|move|p1a: Floette|Protect|p1a: Floette
|-singleturn|p1a: Floette|Protect
|move|p2b: Gholdengo|Make It Rain|p1b: Gholdengo|[spread] p1b
|-activate|p1a: Floette|move: Protect
|-resisted|p1b: Gholdengo|1
|-damage|p1b: Gholdengo|74/100
|-unboost|p2b: Gholdengo|spa|2
|move|p1b: Gholdengo|Shadow Ball|p2b: Gholdengo
|-supereffective|p2b: Gholdengo|1
|-damage|p2b: Gholdengo|0 fnt
|faint|p2b: Gholdengo
|move|p2a: Runerigus|Poltergeist|p1b: Gholdengo
|-activate|p1b: Gholdengo|move: Poltergeist|Choice Scarf
|-supereffective|p1b: Gholdengo|1
|-damage|p1b: Gholdengo|0 fnt
|faint|p1b: Gholdengo
|
|upkeep
|inactive|Chelicerate1 has 30 seconds left.
|
|t:|1783338003
|switch|p2b: Incineroar|Incineroar, L50, M|100/100
|switch|p1b: Garchomp|Garchomp, L50, M, shiny|100/100
|-ability|p2b: Incineroar|Intimidate|boost
|-unboost|p1a: Floette|atk|1
|-unboost|p1b: Garchomp|atk|1
|turn|2
|
|t:|1783338017
|move|p2b: Incineroar|Fake Out|p1b: Garchomp
|-damage|p1b: Garchomp|85/100
|-damage|p2b: Incineroar|87/100|[from] ability: Rough Skin|[of] p1b: Garchomp
|cant|p1b: Garchomp|flinch
|move|p1a: Floette|Calm Mind|p1a: Floette
|-boost|p1a: Floette|spa|1
|-boost|p1a: Floette|spd|1
|move|p2a: Runerigus|Trick Room|p2a: Runerigus
|-fieldstart|move: Trick Room|[of] p2a: Runerigus
|
|upkeep
|turn|3
|
|t:|1783338034
|switch|p1b: Sinistcha|Sinistcha-Masterpiece, L50, shiny|100/100
|move|p2a: Runerigus|Will-O-Wisp|p1b: Sinistcha
|-status|p1b: Sinistcha|brn
|move|p2b: Incineroar|Flare Blitz|p1a: Floette
|-damage|p1a: Floette|33/100
|-damage|p2b: Incineroar|67/100|[from] Recoil
|move|p1a: Floette|Calm Mind|p1a: Floette
|-boost|p1a: Floette|spa|1
|-boost|p1a: Floette|spd|1
|
|-damage|p1b: Sinistcha|93/100 brn|[from] brn
|upkeep
|turn|4
|inactive|Chelicerate1 has 30 seconds left.
|
|t:|1783338060
|move|p1b: Sinistcha|Rage Powder|p1b: Sinistcha
|-singleturn|p1b: Sinistcha|move: Rage Powder
|move|p2a: Runerigus|Poltergeist|p1b: Sinistcha
|-activate|p1b: Sinistcha|move: Poltergeist|Kasib Berry
|-supereffective|p1b: Sinistcha|1
|-enditem|p1b: Sinistcha|Kasib Berry|[eat]
|-enditem|p1b: Sinistcha|Kasib Berry|[weaken]
|-damage|p1b: Sinistcha|61/100 brn
|move|p2b: Incineroar|Flare Blitz|p1b: Sinistcha
|-supereffective|p1b: Sinistcha|1
|-damage|p1b: Sinistcha|0 fnt
|faint|p1b: Sinistcha
|-damage|p2b: Incineroar|50/100y|[from] Recoil
|move|p1a: Floette|Dazzling Gleam|p2b: Incineroar|[spread] p2a,p2b
|-crit|p2a: Runerigus
|-damage|p2a: Runerigus|0 fnt
|-damage|p2b: Incineroar|0 fnt
|faint|p2a: Runerigus
|faint|p2b: Incineroar
|
|upkeep
|
|t:|1783338077
|switch|p2b: Staraptor|Staraptor, L50, F|100/100
|switch|p1b: Garchomp|Garchomp, L50, M, shiny|85/100
|-ability|p2b: Staraptor|Intimidate|boost
|-unboost|p1a: Floette|atk|1
|-unboost|p1b: Garchomp|atk|1
|turn|5
|c|☆xxbawsestmanxx1|crit :(
|
|t:|1783338099
|detailschange|p2b: Staraptor|Staraptor-Mega, L50, F
|-mega|p2b: Staraptor|Staraptor|Staraptite
|move|p1a: Floette|Protect|p1a: Floette
|-singleturn|p1a: Floette|Protect
|move|p1b: Garchomp|Protect|p1b: Garchomp
|-singleturn|p1b: Garchomp|Protect
|move|p2b: Staraptor|Close Combat|p1a: Floette
|-activate|p1a: Floette|move: Protect
|
|upkeep
|turn|6
|
|t:|1783338111
|move|p2b: Staraptor|Brave Bird|p1a: Floette
|-damage|p1a: Floette|0 fnt
|faint|p1a: Floette
|-damage|p2b: Staraptor|89/100|[from] Recoil
|move|p1b: Garchomp|Dragon Claw|p2b: Staraptor
|-damage|p2b: Staraptor|52/100
|-damage|p1b: Garchomp|75/100|[from] item: Life Orb
|
|-fieldend|move: Trick Room
|upkeep
|turn|7
|
|t:|1783338118
|move|p1b: Garchomp|Dragon Claw|p2b: Staraptor
|-damage|p2b: Staraptor|13/100
|-damage|p1b: Garchomp|66/100|[from] item: Life Orb
|move|p2b: Staraptor|Roost|p2b: Staraptor
|-heal|p2b: Staraptor|63/100
|-singleturn|p2b: Staraptor|move: Roost
|
|upkeep
|turn|8
|
|t:|1783338128
|move|p1b: Garchomp|Dragon Claw|p2b: Staraptor
|-damage|p2b: Staraptor|24/100
|-damage|p1b: Garchomp|56/100|[from] item: Life Orb
|move|p2b: Staraptor|Roost|p2b: Staraptor
|-heal|p2b: Staraptor|74/100
|-singleturn|p2b: Staraptor|move: Roost
|
|upkeep
|turn|9
|
|t:|1783338133
|move|p1b: Garchomp|Dragon Claw|p2b: Staraptor
|-damage|p2b: Staraptor|37/100
|-damage|p1b: Garchomp|47/100|[from] item: Life Orb
|move|p2b: Staraptor|Roost|p2b: Staraptor
|-heal|p2b: Staraptor|87/100
|-singleturn|p2b: Staraptor|move: Roost
|
|upkeep
|turn|10
|
|t:|1783338138
|move|p1b: Garchomp|Dragon Claw|p2b: Staraptor
|-damage|p2b: Staraptor|49/100
|-damage|p1b: Garchomp|37/100|[from] item: Life Orb
|move|p2b: Staraptor|Roost|p2b: Staraptor
|-heal|p2b: Staraptor|99/100
|-singleturn|p2b: Staraptor|move: Roost
|
|upkeep
|turn|11
|
|t:|1783338145
|move|p1b: Garchomp|Rock Slide|p2b: Staraptor
|-damage|p2b: Staraptor|75/100
|-damage|p1b: Garchomp|27/100|[from] item: Life Orb
|move|p2b: Staraptor|Close Combat|p1b: Garchomp
|-damage|p1b: Garchomp|0 fnt
|-boost|p2b: Staraptor|def|1
|-boost|p2b: Staraptor|spd|1
|-damage|p2b: Staraptor|63/100|[from] ability: Rough Skin|[of] p1b: Garchomp
|faint|p1b: Garchomp
|
|win|xxbawsestmanxx1
