|j|☆pokemontrainerAris
|j|☆39acits
|html|pokemontrainerAris39acits    
|uhtml|bestof|Game 3 of a best-of-3
|t:|1786012324
|gametype|doubles
|player|p1|pokemontrainerAris|hilbert|1088
|player|p2|39acits|biker|1159
|gen|9
|tier|[Gen 9 Champions] VGC 2026 Reg M-B (Bo3)
|rated|
|rule|Species Clause: Limit one of each Pokémon
|rule|Item Clause: Limit 1 of each item
|clearpoke
|poke|p1|Raichu, L50, F|
|poke|p1|Staraptor, L50, F|
|poke|p1|Arcanine-Hisui, L50, M|
|poke|p1|Farigiraf, L50, M|
|poke|p1|Sylveon, L50, F|
|poke|p1|Kingambit, L50, M|
|poke|p2|Staraptor, L50, M|
|poke|p2|Gholdengo, L50|
|poke|p2|Whimsicott, L50, M|
|poke|p2|Tyranitar, L50, M|
|poke|p2|Lycanroc, L50, M|
|poke|p2|Milotic, L50, F|
|teampreview|4
|showteam|p1|Raichu||RaichuniteY|LightningRod|ZapCannon,FocusBlast,FakeOut,Protect|Timid||F|||50|]Staraptor||Staraptite|Intimidate|CloseCombat,DualWingbeat,Tailwind,Protect|Jolly||F|||50|]Arcanine-Hisui||FocusSash|RockHead|FlareBlitz,HeadSmash,ExtremeSpeed,Protect|Jolly||M|||50|]Farigiraf||SitrusBerry|ArmorTail|Psychic,HelpingHand,TrickRoom,Protect|Calm||M|||50|]Sylveon||FairyFeather|Pixilate|HyperVoice,QuickAttack,HyperBeam,Detect|Modest||F|||50|]Kingambit||LifeOrb|Defiant|KowtowCleave,SuckerPunch,SwordsDance,Protect|Adamant||M|||50|
|showteam|p2|Staraptor||Staraptite|Intimidate|BraveBird,CloseCombat,Roost,Protect|Jolly||M|||50|]Gholdengo||ChoiceScarf|GoodasGold|MakeItRain,ShadowBall,PowerGem,Trick|Modest|||||50|]Whimsicott||FocusSash|Prankster|Moonblast,Tailwind,Encore,Charm|Timid||M|||50|]Tyranitar||Tyranitarite|SandStream|RockSlide,KnockOff,Protect,DragonDance|Adamant||M|||50|]Lycanroc||LifeOrb|SandRush|RockSlide,Crunch,StompingTantrum,Protect|Adamant||M|||50|]Milotic||Leftovers|Competitive|MuddyWater,IceBeam,Protect,Haze|Bold||F|||50|
|inactive|Battle timer is ON: inactive players will automatically lose when time's up. (requested by pokemontrainerAris)
|inactive|pokemontrainerAris has 60 seconds left.
|
|t:|1786012356
|teamsize|p1|4
|teamsize|p2|4
|start
|switch|p1a: Raichu|Raichu, L50, F|100/100
|switch|p1b: Farigiraf|Farigiraf, L50, M|100/100
|switch|p2a: Staraptor|Staraptor, L50, M|100/100
|switch|p2b: Whimsicott|Whimsicott, L50, M|100/100
|-ability|p2a: Staraptor|Intimidate|boost
|-unboost|p1a: Raichu|atk|1
|-unboost|p1b: Farigiraf|atk|1
|turn|1
|
|t:|1786012380
|detailschange|p1a: Raichu|Raichu-Mega-Y, L50, F
|-mega|p1a: Raichu|Raichu|Raichunite Y
|detailschange|p2a: Staraptor|Staraptor-Mega, L50, M
|-mega|p2a: Staraptor|Staraptor|Staraptite
|move|p2a: Staraptor|Protect|p2a: Staraptor
|-singleturn|p2a: Staraptor|Protect
|move|p1a: Raichu|Fake Out|p2a: Staraptor
|-activate|p2a: Staraptor|move: Protect
|move|p2b: Whimsicott|Moonblast|p1a: Raichu
|-damage|p1a: Raichu|55/100
|move|p1b: Farigiraf|Trick Room|p1b: Farigiraf
|-fieldstart|move: Trick Room|[of] p1b: Farigiraf
|
|upkeep
|turn|2
|
|t:|1786012403
|move|p1a: Raichu|Protect|p1a: Raichu
|-singleturn|p1a: Raichu|Protect
|move|p2b: Whimsicott|Charm|p2a: Staraptor
|-boost|p2a: Staraptor|atk|2
|move|p1b: Farigiraf|Psychic|p2a: Staraptor
|-supereffective|p2a: Staraptor|1
|-damage|p2a: Staraptor|30/100
|move|p2a: Staraptor|Close Combat|p1b: Farigiraf
|-damage|p1b: Farigiraf|11/100
|-boost|p2a: Staraptor|def|1
|-boost|p2a: Staraptor|spd|1
|-enditem|p1b: Farigiraf|Sitrus Berry|[eat]
|-heal|p1b: Farigiraf|36/100|[from] item: Sitrus Berry
|
|upkeep
|turn|3
|
|t:|1786012423
|switch|p1a: Sylveon|Sylveon, L50, F|100/100
|move|p2a: Staraptor|Protect|p2a: Staraptor
|-singleturn|p2a: Staraptor|Protect
|move|p1b: Farigiraf|Psychic|p2a: Staraptor
|-activate|p2a: Staraptor|move: Protect
|move|p2b: Whimsicott|Moonblast|p1b: Farigiraf
|-damage|p1b: Farigiraf|6/100
|
|upkeep
|turn|4
|
|t:|1786012445
|switch|p2a: Milotic|Milotic, L50, F|100/100
|move|p1b: Farigiraf|Helping Hand|p1a: Sylveon
|-singleturn|p1a: Sylveon|Helping Hand|[of] p1b: Farigiraf
|move|p1a: Sylveon|Hyper Voice|p2b: Whimsicott|[spread] p2a,p2b
|-damage|p2a: Milotic|50/100g
|-enditem|p2b: Whimsicott|Focus Sash
|-damage|p2b: Whimsicott|1/100
|move|p2b: Whimsicott|Moonblast|p1b: Farigiraf
|-damage|p1b: Farigiraf|0 fnt
|faint|p1b: Farigiraf
|
|-heal|p2a: Milotic|56/100|[from] item: Leftovers
|upkeep
|
|t:|1786012456
|switch|p1b: Kingambit|Kingambit, L50, M|100/100
|turn|5
|
|t:|1786012476
|move|p2a: Milotic|Protect|p2a: Milotic
|-singleturn|p2a: Milotic|Protect
|move|p2b: Whimsicott|Tailwind|p2b: Whimsicott
|-sidestart|p2: 39acits|move: Tailwind
|move|p1b: Kingambit|Swords Dance|p1b: Kingambit
|-boost|p1b: Kingambit|atk|2
|move|p1a: Sylveon|Hyper Voice|p2b: Whimsicott|[spread] p2b
|-activate|p2a: Milotic|move: Protect
|-damage|p2b: Whimsicott|0 fnt
|faint|p2b: Whimsicott
|
|-heal|p2a: Milotic|62/100|[from] item: Leftovers
|-fieldend|move: Trick Room
|upkeep
|
|t:|1786012490
|switch|p2b: Staraptor|Staraptor-Mega, L50, M|30/100
|turn|6
|
|t:|1786012498
|move|p2b: Staraptor|Protect|p2b: Staraptor
|-singleturn|p2b: Staraptor|Protect
|move|p1a: Sylveon|Quick Attack|p2b: Staraptor
|-activate|p2b: Staraptor|move: Protect
|move|p1b: Kingambit|Sucker Punch||[still]
|-fail|p1b: Kingambit
|move|p2a: Milotic|Haze|p2a: Milotic
|-clearallboost
|
|-heal|p2a: Milotic|68/100|[from] item: Leftovers
|upkeep
|turn|7
|
|t:|1786012517
|move|p1b: Kingambit|Protect|p1b: Kingambit
|-singleturn|p1b: Kingambit|Protect
|move|p2b: Staraptor|Close Combat|p1b: Kingambit
|-activate|p1b: Kingambit|move: Protect
|move|p2a: Milotic|Muddy Water|p1a: Sylveon|[spread] p1a
|-activate|p1b: Kingambit|move: Protect
|-damage|p1a: Sylveon|81/100
|-unboost|p1a: Sylveon|accuracy|1
|move|p1a: Sylveon|Hyper Voice|p2a: Milotic|[spread] p2a,p2b
|-supereffective|p2b: Staraptor|1
|-damage|p2a: Milotic|34/100
|-damage|p2b: Staraptor|0 fnt
|faint|p2b: Staraptor
|
|-heal|p2a: Milotic|40/100|[from] item: Leftovers
|upkeep
|
|t:|1786012520
|switch|p2b: Gholdengo|Gholdengo, L50|100/100
|turn|8
|inactive|39acits has 30 seconds left.
|
|t:|1786012545
|move|p1a: Sylveon|Detect|p1a: Sylveon
|-singleturn|p1a: Sylveon|Protect
|move|p2b: Gholdengo|Make It Rain|p1a: Sylveon|[spread] p1b
|-activate|p1a: Sylveon|move: Protect
|-resisted|p1b: Kingambit|1
|-damage|p1b: Kingambit|74/100
|-unboost|p2b: Gholdengo|spa|2
|move|p2a: Milotic|Haze|p2a: Milotic
|-clearallboost
|move|p1b: Kingambit|Kowtow Cleave|p2b: Gholdengo
|-supereffective|p2b: Gholdengo|1
|-damage|p2b: Gholdengo|0 fnt
|faint|p2b: Gholdengo
|-damage|p1b: Kingambit|65/100|[from] item: Life Orb
|
|-heal|p2a: Milotic|46/100|[from] item: Leftovers
|-sideend|p2: 39acits|move: Tailwind
|upkeep
|turn|9
|l|☆39acits
|inactive|39acits disconnected and has a minute to reconnect!
|player|p2|
|inactive|39acits has 30 seconds left.
|c|☆pokemontrainerAris|lol
|inactive|39acits has 20 seconds left.
|inactive|39acits has 15 seconds left.
|inactive|39acits has 10 seconds left.
|inactive|39acits has 5 seconds left.
|-message|39acits lost due to inactivity.
|
|win|pokemontrainerAris
|raw|pokemontrainerAris's rating: 1088 → 1120(+32 for winning)
|raw|39acits's rating: 1159 → 1129(-30 for losing)
