|j|☆imsavusnic
|j|☆natsukivgc
|html|imsavusnicnatsukivgc    
|uhtml|bestof|Game 2 of a best-of-3
|t:|1785023653
|gametype|doubles
|player|p1|imsavusnic|170|1109
|player|p2|natsukivgc|265|1147
|gen|9
|tier|[Gen 9 Champions] VGC 2026 Reg M-B (Bo3)
|rated|
|rule|Species Clause: Limit one of each Pokémon
|rule|Item Clause: Limit 1 of each item
|clearpoke
|poke|p1|Charizard, L50, M|
|poke|p1|Grimmsnarl, L50, M|
|poke|p1|Pelipper, L50, F|
|poke|p1|Venusaur, L50, M|
|poke|p1|Archaludon, L50, F|
|poke|p1|Basculegion, L50, M|
|poke|p2|Garchomp, L50, M|
|poke|p2|Venusaur, L50, M|
|poke|p2|Incineroar, L50, F|
|poke|p2|Charizard, L50, F|
|poke|p2|Toxapex, L50, F|
|poke|p2|Annihilape, L50, M|
|teampreview|4
|showteam|p1|Charizard||CharizarditeY|Blaze|HeatWave,SolarBeam,AncientPower,Protect|Modest||M|||50|]Grimmsnarl||LightClay|Prankster|FoulPlay,Reflect,LightScreen,PartingShot|Bold||M|||50|]Pelipper||SitrusBerry|Drizzle|WideGuard,Tailwind,WeatherBall,Hurricane|Calm||F|||50|]Venusaur||FocusSash|Overgrow|SleepPowder,EarthPower,SludgeBomb,Protect|Timid||M|||50|]Archaludon||Leftovers|Stamina|DragonPulse,Protect,ElectroShot,FlashCannon|Modest||F|||50|]Basculegion||ChoiceScarf|Adaptability|WaveCrash,FlipTurn,LastRespects,AquaJet|Jolly||M|||50|
|showteam|p2|Garchomp||ChoiceScarf|RoughSkin|Earthquake,DragonClaw,StompingTantrum,RockSlide|Adamant||M|||50|]Venusaur||LifeOrb|Chlorophyll|SolarBeam,SludgeBomb,EarthPower,Protect|Modest||M|||50|]Incineroar||SitrusBerry|Intimidate|FlareBlitz,ThroatChop,FakeOut,PartingShot|Impish||F|||50|]Charizard||CharizarditeY|Blaze|HeatWave,WeatherBall,HelpingHand,Protect|Modest||F|||50|]Toxapex||Leftovers|Regenerator|Infestation,Toxic,WideGuard,BanefulBunker|Bold||F|||50|]Annihilape||FocusSash|Defiant|CloseCombat,PhantomForce,RockTomb,Protect|Jolly||M|||50|
|
|t:|1785023705
|teamsize|p1|4
|teamsize|p2|4
|start
|switch|p1a: Pelipper|Pelipper, L50, F|100/100
|switch|p1b: Basculegion|Basculegion, L50, M|100/100
|switch|p2a: Charizard|Charizard, L50, F|100/100
|switch|p2b: Annihilape|Annihilape, L50, M|100/100
|-weather|RainDance|[from] ability: Drizzle|[of] p1a: Pelipper
|turn|1
|
|t:|1785023743
|switch|p1a: Archaludon|Archaludon, L50, F|100/100
|detailschange|p2a: Charizard|Charizard-Mega-Y, L50, F
|-mega|p2a: Charizard|Charizard|Charizardite Y
|-weather|SunnyDay|[from] ability: Drought|[of] p2a: Charizard
|move|p2a: Charizard|Protect|p2a: Charizard
|-singleturn|p2a: Charizard|Protect
|move|p1b: Basculegion|Flip Turn|p2b: Annihilape
|-damage|p2b: Annihilape|78/100
|
|t:|1785023754
|switch|p1b: Pelipper|Pelipper, L50, F|100/100|[from] Flip Turn
|-weather|RainDance|[from] ability: Drizzle|[of] p1b: Pelipper
|move|p2b: Annihilape|Rock Tomb|p1a: Archaludon
|-resisted|p1a: Archaludon|1
|-damage|p1a: Archaludon|92/100
|-unboost|p1a: Archaludon|spe|1
|-ability|p1a: Archaludon|Stamina|boost
|-boost|p1a: Archaludon|def|1
|
|-weather|RainDance|[upkeep]
|-heal|p1a: Archaludon|98/100|[from] item: Leftovers
|upkeep
|turn|2
|
|t:|1785023782
|switch|p2a: Incineroar|Incineroar, L50, F|100/100
|-ability|p2a: Incineroar|Intimidate|boost
|-unboost|p1a: Archaludon|atk|1
|-unboost|p1b: Pelipper|atk|1
|move|p2b: Annihilape|Close Combat|p1a: Archaludon
|-supereffective|p1a: Archaludon|1
|-damage|p1a: Archaludon|37/100
|-unboost|p2b: Annihilape|def|1
|-unboost|p2b: Annihilape|spd|1
|-ability|p1a: Archaludon|Stamina|boost
|-boost|p1a: Archaludon|def|1
|move|p1b: Pelipper|Hurricane|p2b: Annihilape
|-supereffective|p2b: Annihilape|1
|-damage|p2b: Annihilape|0 fnt
|faint|p2b: Annihilape
|move|p1a: Archaludon|Electro Shot||[still]
|-prepare|p1a: Archaludon|Electro Shot
|-boost|p1a: Archaludon|spa|1
|-anim|p1a: Archaludon|Electro Shot|p2a: Incineroar
|-damage|p2a: Incineroar|48/100
|-enditem|p2a: Incineroar|Sitrus Berry|[eat]
|-heal|p2a: Incineroar|73/100|[from] item: Sitrus Berry
|
|-weather|RainDance|[upkeep]
|-heal|p1a: Archaludon|43/100|[from] item: Leftovers
|upkeep
|
|t:|1785023806
|switch|p2b: Charizard|Charizard-Mega-Y, L50, F|100/100
|-weather|SunnyDay|[from] ability: Drought|[of] p2b: Charizard
|turn|3
|
|t:|1785023830
|switch|p1b: Grimmsnarl|Grimmsnarl, L50, M|100/100
|move|p1a: Archaludon|Protect|p1a: Archaludon
|-singleturn|p1a: Archaludon|Protect
|move|p2a: Incineroar|Fake Out|p1b: Grimmsnarl
|-crit|p1b: Grimmsnarl
|-damage|p1b: Grimmsnarl|85/100
|move|p2b: Charizard|Weather Ball|p1b: Grimmsnarl
|-damage|p1b: Grimmsnarl|0 fnt
|faint|p1b: Grimmsnarl
|
|-weather|SunnyDay|[upkeep]
|-heal|p1a: Archaludon|49/100|[from] item: Leftovers
|upkeep
|
|t:|1785023869
|switch|p1b: Pelipper|Pelipper, L50, F|100/100
|-weather|RainDance|[from] ability: Drizzle|[of] p1b: Pelipper
|turn|4
|
|t:|1785023887
|move|p2b: Charizard|Protect|p2b: Charizard
|-singleturn|p2b: Charizard|Protect
|move|p1b: Pelipper|Tailwind|p1b: Pelipper
|-sidestart|p1: imsavusnic|move: Tailwind
|move|p1a: Archaludon|Electro Shot||[still]
|-prepare|p1a: Archaludon|Electro Shot
|-boost|p1a: Archaludon|spa|1
|-anim|p1a: Archaludon|Electro Shot|p2b: Charizard
|-activate|p2b: Charizard|move: Protect
|move|p2a: Incineroar|Parting Shot|p1a: Archaludon
|-unboost|p1a: Archaludon|atk|1
|-unboost|p1a: Archaludon|spa|1
|
|t:|1785023899
|switch|p2a: Toxapex|Toxapex, L50, F|100/100|[from] Parting Shot
|
|-weather|RainDance|[upkeep]
|-heal|p1a: Archaludon|55/100|[from] item: Leftovers
|upkeep
|turn|5
|
|t:|1785023917
|switch|p2b: Incineroar|Incineroar, L50, F|73/100
|-ability|p2b: Incineroar|Intimidate|boost
|-unboost|p1a: Archaludon|atk|1
|-unboost|p1b: Pelipper|atk|1
|move|p1b: Pelipper|Hurricane|p2a: Toxapex
|-damage|p2a: Toxapex|71/100
|-start|p2a: Toxapex|confusion
|move|p1a: Archaludon|Electro Shot||[still]
|-prepare|p1a: Archaludon|Electro Shot
|-boost|p1a: Archaludon|spa|1
|-anim|p1a: Archaludon|Electro Shot|p2b: Incineroar
|-damage|p2b: Incineroar|0 fnt
|faint|p2b: Incineroar
|-activate|p2a: Toxapex|confusion
|move|p2a: Toxapex|Infestation|p1b: Pelipper
|-resisted|p1b: Pelipper|1
|-damage|p1b: Pelipper|98/100
|-activate|p1b: Pelipper|move: Infestation|[of] p2a: Toxapex
|
|-weather|RainDance|[upkeep]
|-heal|p1a: Archaludon|61/100|[from] item: Leftovers
|-heal|p2a: Toxapex|77/100|[from] item: Leftovers
|-damage|p1b: Pelipper|86/100|[from] move: Infestation|[partiallytrapped]
|upkeep
|
|t:|1785023935
|switch|p2b: Charizard|Charizard-Mega-Y, L50, F|100/100
|-weather|SunnyDay|[from] ability: Drought|[of] p2b: Charizard
|turn|6
|
|t:|1785024014
|move|p1b: Pelipper|Wide Guard|p1b: Pelipper
|-singleturn|p1b: Pelipper|Wide Guard
|move|p1a: Archaludon|Dragon Pulse|p2b: Charizard
|-damage|p2b: Charizard|33/100
|move|p2b: Charizard|Heat Wave|p1a: Archaludon|[spread] 
|-activate|p1a: Archaludon|move: Wide Guard
|-activate|p1b: Pelipper|move: Wide Guard
|-activate|p2a: Toxapex|confusion
|move|p2a: Toxapex|Infestation|p1a: Archaludon
|-resisted|p1a: Archaludon|1
|-damage|p1a: Archaludon|59/100
|-activate|p1a: Archaludon|move: Infestation|[of] p2a: Toxapex
|-ability|p1a: Archaludon|Stamina|boost
|-boost|p1a: Archaludon|def|1
|
|-weather|SunnyDay|[upkeep]
|-heal|p1a: Archaludon|65/100|[from] item: Leftovers
|-heal|p2a: Toxapex|82/100|[from] item: Leftovers
|-damage|p1b: Pelipper|74/100|[from] move: Infestation|[partiallytrapped]
|-damage|p1a: Archaludon|53/100|[from] move: Infestation|[partiallytrapped]
|upkeep
|turn|7
|
|t:|1785024037
|move|p1b: Pelipper|Wide Guard|p1b: Pelipper
|-singleturn|p1b: Pelipper|Wide Guard
|move|p1a: Archaludon|Dragon Pulse|p2b: Charizard
|-damage|p2b: Charizard|0 fnt
|faint|p2b: Charizard
|-activate|p2a: Toxapex|confusion
|move|p2a: Toxapex|Toxic|p1b: Pelipper
|-status|p1b: Pelipper|tox
|
|-weather|SunnyDay|[upkeep]
|-heal|p1a: Archaludon|59/100|[from] item: Leftovers
|-heal|p2a: Toxapex|88/100|[from] item: Leftovers
|-damage|p1b: Pelipper|68/100 tox|[from] psn
|-damage|p1b: Pelipper|56/100 tox|[from] move: Infestation|[partiallytrapped]
|-damage|p1a: Archaludon|47/100|[from] move: Infestation|[partiallytrapped]
|-sideend|p1: imsavusnic|move: Tailwind
|upkeep
|turn|8
|
|t:|1785024057
|-end|p2a: Toxapex|confusion
|move|p2a: Toxapex|Baneful Bunker|p2a: Toxapex
|-singleturn|p2a: Toxapex|move: Protect
|move|p1b: Pelipper|Hurricane|p2a: Toxapex
|-activate|p2a: Toxapex|move: Protect
|move|p1a: Archaludon|Dragon Pulse|p2a: Toxapex
|-activate|p2a: Toxapex|move: Protect
|
|-weather|SunnyDay|[upkeep]
|-heal|p1a: Archaludon|53/100|[from] item: Leftovers
|-heal|p2a: Toxapex|94/100|[from] item: Leftovers
|-damage|p1b: Pelipper|44/100 tox|[from] psn
|-damage|p1b: Pelipper|32/100 tox|[from] move: Infestation|[partiallytrapped]
|-damage|p1a: Archaludon|41/100|[from] move: Infestation|[partiallytrapped]
|upkeep
|-enditem|p1b: Pelipper|Sitrus Berry|[eat]
|-heal|p1b: Pelipper|56/100 tox|[from] item: Sitrus Berry
|turn|9
|
|t:|1785024086
|move|p1b: Pelipper|Hurricane|p2a: Toxapex
|-damage|p2a: Toxapex|67/100
|move|p1a: Archaludon|Dragon Pulse|p2a: Toxapex
|-damage|p2a: Toxapex|9/100
|move|p2a: Toxapex|Infestation|p1a: Archaludon
|-resisted|p1a: Archaludon|1
|-damage|p1a: Archaludon|40/100
|-ability|p1a: Archaludon|Stamina|boost
|-boost|p1a: Archaludon|def|1
|
|-weather|SunnyDay|[upkeep]
|-heal|p1a: Archaludon|46/100|[from] item: Leftovers
|-heal|p2a: Toxapex|15/100|[from] item: Leftovers
|-damage|p1b: Pelipper|38/100 tox|[from] psn
|-damage|p1b: Pelipper|26/100 tox|[from] move: Infestation|[partiallytrapped]
|-damage|p1a: Archaludon|34/100|[from] move: Infestation|[partiallytrapped]
|upkeep
|turn|10
|c|☆imsavusnic|Gg twin
|
|t:|1785024132
|move|p2a: Toxapex|Baneful Bunker|p2a: Toxapex
|-singleturn|p2a: Toxapex|move: Protect
|move|p1b: Pelipper|Hurricane|p2a: Toxapex
|-activate|p2a: Toxapex|move: Protect
|move|p1a: Archaludon|Dragon Pulse|p2a: Toxapex
|-activate|p2a: Toxapex|move: Protect
|
|-weather|none
|-heal|p1a: Archaludon|40/100|[from] item: Leftovers
|-heal|p2a: Toxapex|21/100|[from] item: Leftovers
|-damage|p1b: Pelipper|2/100 tox|[from] psn
|-end|p1b: Pelipper|Infestation|[partiallytrapped]
|-end|p1a: Archaludon|Infestation|[partiallytrapped]
|upkeep
|turn|11
|inactive|Battle timer is ON: inactive players will automatically lose when time's up. (requested by imsavusnic)
|
|t:|1785024151
|move|p1b: Pelipper|Hurricane|p2a: Toxapex|[miss]
|-miss|p1b: Pelipper|p2a: Toxapex
|move|p1a: Archaludon|Dragon Pulse|p2a: Toxapex
|-damage|p2a: Toxapex|0 fnt
|faint|p2a: Toxapex
|
|win|imsavusnic
|raw|imsavusnic's rating: 1109 → 1137(+28 for winning)
|raw|natsukivgc's rating: 1147 → 1119(-28 for losing)
|l|☆natsukivgc
|player|p2|
|l|☆imsavusnic
|player|p1|
|j|☆imsavusnic
|player|p1|imsavusnic|170|
|l|☆imsavusnic
|player|p1|
|j|☆imsavusnic
|player|p1|imsavusnic|170|
