|j|☆failandimprove3
|j|☆kheld
|html|failandimprove3kheld    
|uhtml|bestof|Game 1 of a best-of-3
|t:|1784226414
|gametype|doubles
|player|p1|failandimprove3|265|1428
|player|p2|kheld|170|1363
|gen|9
|tier|[Gen 9 Champions] VGC 2026 Reg M-B (Bo3)
|rated|
|rule|Species Clause: Limit one of each Pokémon
|rule|Item Clause: Limit 1 of each item
|clearpoke
|poke|p1|Tyranitar, L50, F|
|poke|p1|Staraptor, L50, M|
|poke|p1|Excadrill, L50, F|
|poke|p1|Sinistcha, L50|
|poke|p1|Gholdengo, L50|
|poke|p1|Milotic, L50, F|
|poke|p2|Gardevoir, L50, M, shiny|
|poke|p2|Basculegion, L50, M|
|poke|p2|Talonflame, L50, F|
|poke|p2|Kingambit, L50, F|
|poke|p2|Kommo-o, L50, F|
|poke|p2|Maushold, L50|
|teampreview|4
|showteam|p1|Tyranitar||Tyranitarite|SandStream|KnockOff,RockSlide,LowKick,Protect|Adamant||F|||50|]Staraptor||Staraptite|Intimidate|BraveBird,CloseCombat,Tailwind,Protect|Jolly||M|||50|]Excadrill||FocusSash|SandRush|HighHorsepower,IronHead,RockSlide,Protect|Adamant||F|||50|]Sinistcha||ColburBerry|Hospitality|MatchaGotcha,RagePowder,TrickRoom,Protect|Calm|||||50|]Gholdengo||LifeOrb|GoodasGold|MakeItRain,ShadowBall,NastyPlot,Protect|Timid|||||50|]Milotic||SitrusBerry|Competitive|Scald,Haze,IcyWind,Protect|Modest||F|||50|
|showteam|p2|Gardevoir||Gardevoirite|Trace|HyperVoice,Psychic,Thunderbolt,Protect|Modest||M|||50|]Basculegion||ChoiceScarf|Adaptability|WaveCrash,LastRespects,FlipTurn,AquaJet|Jolly||M|||50|]Talonflame||SharpBeak|GaleWings|DualWingbeat,FlareBlitz,Tailwind,Protect|Jolly||F|||50|]Kingambit||ExpertBelt|Defiant|KowtowCleave,SuckerPunch,IronHead,LowKick|Jolly||F|||50|]Kommo-o||LifeOrb|Soundproof|ClangingScales,DracoMeteor,AuraSphere,Protect|Modest||F|||50|]Maushold||FocusSash|FriendGuard|SuperFang,Feint,FollowMe,Protect|Jolly|||||50|
|inactive|Battle timer is ON: inactive players will automatically lose when time's up. (requested by failandimprove3)
|inactive|failandimprove3 has 60 seconds left.
|inactive|kheld has 60 seconds left.
|inactive|failandimprove3 has 30 seconds left.
|inactive|kheld has 30 seconds left.
|inactive|kheld has 20 seconds left.
|inactive|kheld has 15 seconds left.
|inactive|kheld has 10 seconds left.
|
|t:|1784226497
|teamsize|p1|4
|teamsize|p2|4
|start
|switch|p1a: Staraptor|Staraptor, L50, M|100/100
|switch|p1b: Excadrill|Excadrill, L50, F|100/100
|switch|p2a: Kommo-o|Kommo-o, L50, F|100/100
|switch|p2b: Talonflame|Talonflame, L50, F|100/100
|-ability|p1a: Staraptor|Intimidate|boost
|-unboost|p2a: Kommo-o|atk|1
|-unboost|p2b: Talonflame|atk|1
|turn|1
|inactive|failandimprove3 has 30 seconds left.
|inactive|failandimprove3 has 20 seconds left.
|inactive|failandimprove3 has 15 seconds left.
|inactive|failandimprove3 has 10 seconds left.
|
|t:|1784226547
|detailschange|p1a: Staraptor|Staraptor-Mega, L50, M
|-mega|p1a: Staraptor|Staraptor|Staraptite
|move|p2b: Talonflame|Tailwind|p2b: Talonflame
|-sidestart|p2: kheld|move: Tailwind
|move|p2a: Kommo-o|Clanging Scales|p1a: Staraptor|[spread] p1a,p1b
|-resisted|p1b: Excadrill|1
|-damage|p1a: Staraptor|42/100
|-damage|p1b: Excadrill|66/100
|-unboost|p2a: Kommo-o|def|1
|-damage|p2a: Kommo-o|90/100|[from] item: Life Orb
|move|p1a: Staraptor|Tailwind|p1a: Staraptor
|-sidestart|p1: failandimprove3|move: Tailwind
|move|p1b: Excadrill|Rock Slide|p2a: Kommo-o|[spread] p2a,p2b
|-resisted|p2a: Kommo-o|1
|-supereffective|p2b: Talonflame|2
|-damage|p2a: Kommo-o|74/100
|-damage|p2b: Talonflame|0 fnt
|faint|p2b: Talonflame
|
|upkeep
|inactive|kheld has 30 seconds left.
|
|t:|1784226580
|switch|p2b: Gardevoir|Gardevoir, L50, M, shiny|100/100
|-ability|p2b: Gardevoir|Sand Rush|Trace|[from] ability: Trace|[of] p1b: Excadrill
|turn|2
|inactive|failandimprove3 has 30 seconds left.
|
|t:|1784226609
|switch|p2b: Kingambit|Kingambit, L50, F|100/100
|move|p1a: Staraptor|Protect|p1a: Staraptor
|-singleturn|p1a: Staraptor|Protect
|move|p1b: Excadrill|Iron Head|p2b: Kingambit
|-resisted|p2b: Kingambit|1
|-damage|p2b: Kingambit|79/100
|move|p2a: Kommo-o|Aura Sphere|p1b: Excadrill
|-supereffective|p1b: Excadrill|1
|-damage|p1b: Excadrill|0 fnt
|faint|p1b: Excadrill
|-damage|p2a: Kommo-o|65/100|[from] item: Life Orb
|
|upkeep
|
|t:|1784226614
|switch|p1b: Sinistcha|Sinistcha, L50|100/100
|-heal|p1a: Staraptor|66/100|[from] ability: Hospitality|[of] p1b: Sinistcha
|turn|3
|
|t:|1784226627
|switch|p2b: Gardevoir|Gardevoir, L50, M, shiny|100/100
|-ability|p2b: Gardevoir|Contrary|Trace|[from] ability: Trace|[of] p1a: Staraptor
|switch|p1b: Tyranitar|Tyranitar, L50, F|100/100
|-weather|Sandstorm|[from] ability: Sand Stream|[of] p1b: Tyranitar
|move|p1a: Staraptor|Close Combat|p2a: Kommo-o
|-damage|p2a: Kommo-o|0 fnt
|-boost|p1a: Staraptor|def|1
|-boost|p1a: Staraptor|spd|1
|faint|p2a: Kommo-o
|
|-weather|Sandstorm|[upkeep]
|-damage|p1a: Staraptor|60/100|[from] Sandstorm
|-damage|p2b: Gardevoir|94/100|[from] Sandstorm
|upkeep
|
|t:|1784226637
|switch|p2a: Kingambit|Kingambit, L50, F|79/100
|turn|4
|
|t:|1784226643
|switch|p1b: Sinistcha|Sinistcha, L50|100/100
|-heal|p1a: Staraptor|85/100|[from] ability: Hospitality|[of] p1b: Sinistcha
|detailschange|p2b: Gardevoir|Gardevoir-Mega, L50, M, shiny
|-mega|p2b: Gardevoir|Gardevoir|Gardevoirite
|move|p1a: Staraptor|Close Combat|p2a: Kingambit
|-supereffective|p2a: Kingambit|2
|-damage|p2a: Kingambit|0 fnt
|-boost|p1a: Staraptor|def|1
|-boost|p1a: Staraptor|spd|1
|faint|p2a: Kingambit
|move|p2b: Gardevoir|Hyper Voice|p1a: Staraptor|[spread] p1a,p1b
|-supereffective|p1a: Staraptor|1
|-damage|p1a: Staraptor|21/100
|-damage|p1b: Sinistcha|52/100
|
|-weather|Sandstorm|[upkeep]
|-damage|p1a: Staraptor|15/100|[from] Sandstorm
|-damage|p2b: Gardevoir|88/100|[from] Sandstorm
|-damage|p1b: Sinistcha|46/100|[from] Sandstorm
|-sideend|p1: failandimprove3|move: Tailwind
|-sideend|p2: kheld|move: Tailwind
|upkeep
|turn|5
|inactive|failandimprove3 has 30 seconds left.
|
|t:|1784226676
|move|p1b: Sinistcha|Protect|p1b: Sinistcha
|-singleturn|p1b: Sinistcha|Protect
|move|p1a: Staraptor|Brave Bird|p2b: Gardevoir
|-damage|p2b: Gardevoir|0 fnt
|faint|p2b: Gardevoir
|-damage|p1a: Staraptor|0 fnt|[from] Recoil
|faint|p1a: Staraptor
|
|win|failandimprove3
