|j|☆Drakengor
|j|☆Eidrius
|html|DrakengorEidrius    
|uhtml|bestof|Game 2 of a best-of-3
|t:|1785175484
|gametype|doubles
|player|p1|Drakengor|ethan|
|player|p2|Eidrius|firebreather|
|gen|9
|tier|[Gen 9 Champions] VGC 2026 Reg M-B (Bo3)
|rule|Species Clause: Limit one of each Pokémon
|rule|Item Clause: Limit 1 of each item
|clearpoke
|poke|p1|Charizard, L50, M|
|poke|p1|Archaludon, L50, F, shiny|
|poke|p1|Swampert, L50, F, shiny|
|poke|p1|Venusaur, L50, F, shiny|
|poke|p1|Pelipper, L50, F, shiny|
|poke|p1|Grimmsnarl, L50, M, shiny|
|poke|p2|Archaludon, L50, F|
|poke|p2|Pelipper, L50, F|
|poke|p2|Swampert, L50, F|
|poke|p2|Grimmsnarl, L50, M|
|poke|p2|Charizard, L50, M|
|poke|p2|Venusaur, L50, M|
|teampreview|4
|showteam|p1|Charizard||CharizarditeY|Blaze|Protect,HeatWave,WeatherBall,SolarBeam|Modest||M|||50|]Archaludon||Leftovers|Stamina|Protect,DragonPulse,FlashCannon,ElectroShot|Modest||F|||50|]Swampert||Swampertite|Torrent|Protect,WaveCrash,Earthquake,IcePunch|Adamant||F|||50|]Venusaur||FocusSash|Chlorophyll|Protect,SleepPowder,SludgeBomb,EarthPower|Modest||F|||50|]Pelipper||SitrusBerry|Drizzle|WideGuard,Tailwind,WeatherBall,Hurricane|Modest||F|||50|]Grimmsnarl||LightClay|Prankster|PartingShot,Reflect,LightScreen,FoulPlay|Sassy||M|||50|
|showteam|p2|Archaludon||Leftovers|Stamina|Protect,DragonPulse,FlashCannon,ElectroShot|Modest||F|||50|]Pelipper||SitrusBerry|Drizzle|WeatherBall,Hurricane,WideGuard,Tailwind|Modest||F|||50|]Swampert||Swampertite|Damp|Protect,WaveCrash,Earthquake,IcePunch|Adamant||F|||50|]Grimmsnarl||LightClay|Prankster|SpiritBreak,PartingShot,Reflect,LightScreen|Sassy||M|||50|]Charizard||CharizarditeY|Blaze|Protect,WeatherBall,HeatWave,SolarBeam|Modest||M|||50|]Venusaur||FocusSash|Chlorophyll|SleepPowder,SludgeBomb,EarthPower,Protect|Modest||M|||50|
|inactive|Battle timer is ON: inactive players will automatically lose when time's up. (requested by Eidrius)
|inactive|Drakengor also wants the timer to be on.
|inactive|Eidrius has 60 seconds left.
|
|t:|1785175533
|teamsize|p1|4
|teamsize|p2|4
|start
|switch|p1a: Grimmsnarl|Grimmsnarl, L50, M, shiny|100/100
|switch|p1b: Archaludon|Archaludon, L50, F, shiny|100/100
|switch|p2a: Grimmsnarl|Grimmsnarl, L50, M|100/100
|switch|p2b: Swampert|Swampert, L50, F|100/100
|turn|1
|j| MrSidi
|inactive|Eidrius has 30 seconds left.
|
|t:|1785175563
|detailschange|p2b: Swampert|Swampert-Mega, L50, F
|-mega|p2b: Swampert|Swampert|Swampertite
|move|p1a: Grimmsnarl|Reflect|p1a: Grimmsnarl
|-sidestart|p1: Drakengor|Reflect
|move|p2a: Grimmsnarl|Parting Shot|p1b: Archaludon
|-unboost|p1b: Archaludon|atk|1
|-unboost|p1b: Archaludon|spa|1
|
|t:|1785175569
|switch|p2a: Pelipper|Pelipper, L50, F|100/100|[from] Parting Shot
|-weather|RainDance|[from] ability: Drizzle|[of] p2a: Pelipper
|move|p2b: Swampert|Earthquake|p1a: Grimmsnarl|[spread] p1a,p1b
|-immune|p2a: Pelipper
|-supereffective|p1b: Archaludon|1
|-damage|p1a: Grimmsnarl|69/100
|-damage|p1b: Archaludon|53/100
|-ability|p1b: Archaludon|Stamina|boost
|-boost|p1b: Archaludon|def|1
|move|p1b: Archaludon|Flash Cannon|p2a: Pelipper
|-resisted|p2a: Pelipper|1
|-damage|p2a: Pelipper|85/100
|
|-weather|RainDance|[upkeep]
|-heal|p1b: Archaludon|59/100|[from] item: Leftovers
|upkeep
|turn|2
|inactive|Eidrius has 30 seconds left.
|inactive|Eidrius has 20 seconds left.
|inactive|Eidrius has 15 seconds left.
|inactive|Eidrius has 10 seconds left.
|
|t:|1785175615
|switch|p2a: Grimmsnarl|Grimmsnarl, L50, M|100/100
|move|p1a: Grimmsnarl|Parting Shot|p2b: Swampert
|-unboost|p2b: Swampert|atk|1
|-unboost|p2b: Swampert|spa|1
|
|t:|1785175627
|switch|p1a: Pelipper|Pelipper, L50, F, shiny|100/100|[from] Parting Shot
|move|p2b: Swampert|Wave Crash|p1a: Pelipper
|-resisted|p1a: Pelipper|1
|-damage|p1a: Pelipper|76/100
|-damage|p2b: Swampert|93/100|[from] Recoil
|move|p1b: Archaludon|Electro Shot||[still]
|-prepare|p1b: Archaludon|Electro Shot
|-boost|p1b: Archaludon|spa|1
|-anim|p1b: Archaludon|Electro Shot|p2a: Grimmsnarl
|-damage|p2a: Grimmsnarl|65/100
|
|-weather|RainDance|[upkeep]
|-heal|p1b: Archaludon|65/100|[from] item: Leftovers
|upkeep
|turn|3
|inactive|Drakengor has 30 seconds left.
|inactive|Drakengor has 20 seconds left.
|inactive|Drakengor has 15 seconds left.
|
|t:|1785175668
|switch|p2b: Archaludon|Archaludon, L50, F|100/100
|move|p2a: Grimmsnarl|Light Screen|p2a: Grimmsnarl
|-sidestart|p2: Eidrius|move: Light Screen
|move|p1b: Archaludon|Dragon Pulse|p2b: Archaludon
|-damage|p2b: Archaludon|75/100
|-ability|p2b: Archaludon|Stamina|boost
|-boost|p2b: Archaludon|def|1
|move|p1a: Pelipper|Hurricane|p2a: Grimmsnarl
|-damage|p2a: Grimmsnarl|43/100
|
|-weather|RainDance|[upkeep]
|-heal|p1b: Archaludon|71/100|[from] item: Leftovers
|-heal|p2b: Archaludon|81/100|[from] item: Leftovers
|upkeep
|turn|4
|inactive|Drakengor has 30 seconds left.
|inactive|Eidrius has 30 seconds left.
|inactive|Eidrius has 20 seconds left.
|inactive|Eidrius has 15 seconds left.
|
|t:|1785175712
|switch|p1a: Swampert|Swampert, L50, F, shiny|100/100
|move|p2a: Grimmsnarl|Parting Shot|p1b: Archaludon
|-unboost|p1b: Archaludon|atk|1
|-unboost|p1b: Archaludon|spa|1
|
|t:|1785175721
|switch|p2a: Swampert|Swampert-Mega, L50, F|93/100|[from] Parting Shot
|move|p2b: Archaludon|Electro Shot||[still]
|-prepare|p2b: Archaludon|Electro Shot
|-boost|p2b: Archaludon|spa|1
|-anim|p2b: Archaludon|Electro Shot|p1b: Archaludon
|-resisted|p1b: Archaludon|1
|-damage|p1b: Archaludon|40/100
|-ability|p1b: Archaludon|Stamina|boost
|-boost|p1b: Archaludon|def|1
|move|p1b: Archaludon|Dragon Pulse|p2b: Archaludon
|-damage|p2b: Archaludon|64/100
|-ability|p2b: Archaludon|Stamina|boost
|-boost|p2b: Archaludon|def|1
|
|-weather|RainDance|[upkeep]
|-heal|p1b: Archaludon|46/100|[from] item: Leftovers
|-heal|p2b: Archaludon|70/100|[from] item: Leftovers
|upkeep
|turn|5
|inactive|Eidrius has 30 seconds left.
|inactive|Eidrius has 20 seconds left.
|
|t:|1785175758
|switch|p1b: Pelipper|Pelipper, L50, F, shiny|76/100
|detailschange|p1a: Swampert|Swampert-Mega, L50, F, shiny
|-mega|p1a: Swampert|Swampert|Swampertite
|move|p2b: Archaludon|Protect|p2b: Archaludon
|-singleturn|p2b: Archaludon|Protect
|move|p1a: Swampert|Earthquake|p2b: Archaludon|[spread] p2a
|-activate|p2b: Archaludon|move: Protect
|-immune|p1b: Pelipper
|-damage|p2a: Swampert|55/100
|move|p2a: Swampert|Earthquake|p1b: Pelipper|[spread] p1a
|-activate|p2b: Archaludon|move: Protect
|-immune|p1b: Pelipper
|-damage|p1a: Swampert|74/100
|
|-weather|none
|-heal|p2b: Archaludon|76/100|[from] item: Leftovers
|upkeep
|turn|6
|inactive|Drakengor has 30 seconds left.
|inactive|Eidrius has 30 seconds left.
|inactive|Drakengor has 20 seconds left.
|inactive|Eidrius has 20 seconds left.
|inactive|Drakengor has 15 seconds left.
|inactive|Eidrius has 15 seconds left.
|inactive|Drakengor has 10 seconds left.
|inactive|Drakengor has 5 seconds left.
|inactive|Eidrius has 10 seconds left.
|inactive|Eidrius has 5 seconds left.
|
|t:|1785175814
|switch|p2a: Grimmsnarl|Grimmsnarl, L50, M|43/100
|switch|p1b: Grimmsnarl|Grimmsnarl, L50, M, shiny|69/100
|move|p1a: Swampert|Wave Crash|p2a: Grimmsnarl
|-damage|p2a: Grimmsnarl|0 fnt
|faint|p2a: Grimmsnarl
|-damage|p1a: Swampert|58/100|[from] Recoil
|move|p2b: Archaludon|Dragon Pulse|p1a: Swampert
|-damage|p1a: Swampert|10/100
|
|-heal|p2b: Archaludon|82/100|[from] item: Leftovers
|upkeep
|inactive|Eidrius has 30 seconds left.
|
|t:|1785175841
|switch|p2a: Pelipper|Pelipper, L50, F|85/100
|-weather|RainDance|[from] ability: Drizzle|[of] p2a: Pelipper
|turn|7
|
|t:|1785175862
|move|p1a: Swampert|Protect|p1a: Swampert
|-singleturn|p1a: Swampert|Protect
|move|p2b: Archaludon|Protect|p2b: Archaludon
|-singleturn|p2b: Archaludon|Protect
|move|p1b: Grimmsnarl|Light Screen|p1b: Grimmsnarl
|-sidestart|p1: Drakengor|move: Light Screen
|move|p2a: Pelipper|Tailwind|p2a: Pelipper
|-sidestart|p2: Eidrius|move: Tailwind
|
|-weather|RainDance|[upkeep]
|-heal|p2b: Archaludon|88/100|[from] item: Leftovers
|upkeep
|turn|8
|inactive|Eidrius has 30 seconds left.
|
|t:|1785175894
|move|p1b: Grimmsnarl|Parting Shot|p2b: Archaludon
|-unboost|p2b: Archaludon|atk|1
|-unboost|p2b: Archaludon|spa|1
|
|t:|1785175898
|switch|p1b: Pelipper|Pelipper, L50, F, shiny|76/100|[from] Parting Shot
|move|p1a: Swampert|Earthquake|p2a: Pelipper|[spread] p2b
|-immune|p1b: Pelipper
|-immune|p2a: Pelipper
|-supereffective|p2b: Archaludon|1
|-damage|p2b: Archaludon|57/100
|-ability|p2b: Archaludon|Stamina|boost
|-boost|p2b: Archaludon|def|1
|move|p2b: Archaludon|Dragon Pulse|p1a: Swampert
|-damage|p1a: Swampert|0 fnt
|faint|p1a: Swampert
|move|p2a: Pelipper|Hurricane|p1b: Pelipper
|-damage|p1b: Pelipper|45/100
|-enditem|p1b: Pelipper|Sitrus Berry|[eat]
|-heal|p1b: Pelipper|70/100|[from] item: Sitrus Berry
|
|-weather|RainDance|[upkeep]
|-heal|p2b: Archaludon|63/100|[from] item: Leftovers
|-sideend|p1: Drakengor|Reflect
|upkeep
|
|t:|1785175912
|switch|p1a: Archaludon|Archaludon, L50, F, shiny|46/100
|turn|9
|
|t:|1785175929
|switch|p2a: Swampert|Swampert-Mega, L50, F|55/100
|switch|p1b: Grimmsnarl|Grimmsnarl, L50, M, shiny|69/100
|move|p2b: Archaludon|Electro Shot||[still]
|-prepare|p2b: Archaludon|Electro Shot
|-boost|p2b: Archaludon|spa|1
|-anim|p2b: Archaludon|Electro Shot|p1b: Grimmsnarl
|-damage|p1b: Grimmsnarl|38/100
|move|p1a: Archaludon|Electro Shot||[still]
|-prepare|p1a: Archaludon|Electro Shot
|-boost|p1a: Archaludon|spa|1
|-anim|p1a: Archaludon|Electro Shot|p2a: Swampert
|-immune|p2a: Swampert
|
|-weather|RainDance|[upkeep]
|-heal|p2b: Archaludon|69/100|[from] item: Leftovers
|-heal|p1a: Archaludon|52/100|[from] item: Leftovers
|upkeep
|turn|10
|inactive|Eidrius has 30 seconds left.
|
|t:|1785175961
|move|p1b: Grimmsnarl|Parting Shot|p2a: Swampert
|-unboost|p2a: Swampert|atk|1
|-unboost|p2a: Swampert|spa|1
|
|t:|1785175964
|switch|p1b: Pelipper|Pelipper, L50, F, shiny|70/100|[from] Parting Shot
|move|p2a: Swampert|Wave Crash|p1b: Pelipper
|-resisted|p1b: Pelipper|1
|-damage|p1b: Pelipper|30/100
|-damage|p2a: Swampert|43/100|[from] Recoil
|move|p2b: Archaludon|Electro Shot||[still]
|-prepare|p2b: Archaludon|Electro Shot
|-boost|p2b: Archaludon|spa|1
|-anim|p2b: Archaludon|Electro Shot|p1b: Pelipper
|-supereffective|p1b: Pelipper|2
|-damage|p1b: Pelipper|0 fnt
|faint|p1b: Pelipper
|move|p1a: Archaludon|Dragon Pulse|p2a: Swampert
|-damage|p2a: Swampert|11/100
|
|-weather|RainDance|[upkeep]
|-heal|p2b: Archaludon|75/100|[from] item: Leftovers
|-heal|p1a: Archaludon|58/100|[from] item: Leftovers
|-sideend|p2: Eidrius|move: Light Screen
|-sideend|p2: Eidrius|move: Tailwind
|upkeep
|
|t:|1785175978
|switch|p1b: Grimmsnarl|Grimmsnarl, L50, M, shiny|38/100
|turn|11
|
|t:|1785175997
|move|p1a: Archaludon|Protect|p1a: Archaludon
|-singleturn|p1a: Archaludon|Protect
|move|p2a: Swampert|Wave Crash|p1b: Grimmsnarl
|-damage|p1b: Grimmsnarl|0 fnt
|faint|p1b: Grimmsnarl
|-damage|p2a: Swampert|0 fnt|[from] Recoil
|faint|p2a: Swampert
|move|p2b: Archaludon|Flash Cannon|p1a: Archaludon
|-activate|p1a: Archaludon|move: Protect
|
|-weather|none
|-heal|p2b: Archaludon|81/100|[from] item: Leftovers
|-heal|p1a: Archaludon|64/100|[from] item: Leftovers
|upkeep
|
|t:|1785176009
|switch|p2a: Pelipper|Pelipper, L50, F|85/100
|-weather|RainDance|[from] ability: Drizzle|[of] p2a: Pelipper
|turn|12
|
|t:|1785176023
|move|p2b: Archaludon|Dragon Pulse|p1a: Archaludon
|-damage|p1a: Archaludon|11/100
|-ability|p1a: Archaludon|Stamina|boost
|-boost|p1a: Archaludon|def|1
|move|p1a: Archaludon|Electro Shot||[still]
|-prepare|p1a: Archaludon|Electro Shot
|-boost|p1a: Archaludon|spa|1
|-anim|p1a: Archaludon|Electro Shot|p2a: Pelipper
|-supereffective|p2a: Pelipper|2
|-damage|p2a: Pelipper|0 fnt
|faint|p2a: Pelipper
|
|-weather|RainDance|[upkeep]
|-heal|p2b: Archaludon|87/100|[from] item: Leftovers
|-heal|p1a: Archaludon|17/100|[from] item: Leftovers
|upkeep
|turn|13
|inactive|Eidrius has 30 seconds left.
|
|t:|1785176035
|move|p1a: Archaludon|Dragon Pulse|p2b: Archaludon
|-damage|p2b: Archaludon|9/100
|-ability|p2b: Archaludon|Stamina|boost
|-boost|p2b: Archaludon|def|1
|move|p2b: Archaludon|Dragon Pulse|p1a: Archaludon
|-damage|p1a: Archaludon|0 fnt
|faint|p1a: Archaludon
|
|win|Eidrius
||Drakengor is ready for game 3.
||Eidrius is ready for game 3.
|uhtml|next|Next: Game 3 of 3
|l|☆Drakengor
|player|p1|
|l| MrSidi
