|j|☆matrod
|j|☆KarmaPoliceVGC
|html|matrodKarmaPoliceVGC    
|uhtml|bestof|Game 3 of a best-of-3
|t:|1757811410
|gametype|doubles
|player|p1|matrod|steven|1172
|player|p2|KarmaPoliceVGC|scientist-gen4|1115
|gen|9
|tier|[Gen 9] VGC 2025 Reg H (Bo3)
|rated|
|rule|Species Clause: Limit one of each Pokémon
|rule|Item Clause: Limit 1 of each item
|clearpoke
|poke|p1|Volcarona, L50, M|
|poke|p1|Rillaboom, L50, F|
|poke|p1|Ninetales-Alola, L50, M|
|poke|p1|Magmar, L50, F|
|poke|p1|Avalugg-Hisui, L50, F|
|poke|p1|Basculegion, L50, M|
|poke|p2|Garchomp, L50, F|
|poke|p2|Murkrow, L50, M|
|poke|p2|Bellossom, L50, F|
|poke|p2|Oricorio-Pom-Pom, L50, F|
|poke|p2|Ninetales-Alola, L50, F|
|poke|p2|Volcarona, L50, M|
|teampreview|4
|showteam|p1|Volcarona||GrassySeed|FlameBody|HeatWave,TeraBlast,QuiverDance,Protect|||M|||50|,,,,,Fairy]Rillaboom||MiracleSeed|GrassySurge|WoodHammer,GrassyGlide,HighHorsepower,FakeOut|||F|||50|,,,,,Ghost]Ninetales-Alola||FocusSash|SnowWarning|AuroraVeil,Blizzard,FreezeDry,Protect|||M|||50|,,,,,Ice]Magmar||Eviolite|FlameBody|FollowMe,ScorchingSands,WillOWisp,Protect|||F|||50|,,,,,Ghost]Avalugg-Hisui||Leftovers|IceBody|IronDefense,BodyPress,Curse,Protect|||F|||50|,,,,,Ghost]Basculegion||ChoiceScarf|Adaptability|WaveCrash,LastRespects,FlipTurn,TeraBlast|||M|||50|,,,,,Fighting
|showteam|p2|Garchomp||ChoiceScarf|RoughSkin|Earthquake,Outrage,RockSlide,StompingTantrum|||F|||50|,,,,,Ground]Murkrow||Eviolite|Prankster|Protect,Tailwind,FeatherDance,FoulPlay|||M|||50|,,,,,Ghost]Bellossom||KebiaBerry|Healer|Protect,SleepPowder,QuiverDance,PetalDance|||F|||50|,,,,,Ghost]Oricorio-Pom-Pom||SitrusBerry|Dancer|Protect,QuiverDance,RevelationDance,AirSlash|||F|||50|,,,,,Ghost]Ninetales-Alola||LightClay|SnowWarning|AuroraVeil,Encore,Blizzard,Moonblast|||F|||50|,,,,,Ice]Volcarona||Leftovers|FlameBody|Protect,QuiverDance,FieryDance,GigaDrain|||M|||50|,,,,,Grass
|inactive|Battle timer is ON: inactive players will automatically lose when time's up. (requested by matrod)
|inactive|matrod has 60 seconds left.
|inactive|KarmaPoliceVGC has 60 seconds left.
|
|t:|1757811472
|teamsize|p1|4
|teamsize|p2|4
|start
|switch|p1a: Avalugg|Avalugg-Hisui, L50, F|100/100
|switch|p1b: Ninetales|Ninetales-Alola, L50, M|100/100
|switch|p2a: Garchomp|Garchomp, L50, F|100/100
|switch|p2b: Ninetales|Ninetales-Alola, L50, F|100/100
|-weather|Snowscape|[from] ability: Snow Warning|[of] p2b: Ninetales
|turn|1
|inactive|matrod has 30 seconds left.
|inactive|KarmaPoliceVGC has 30 seconds left.
|
|t:|1757811507
|move|p2a: Garchomp|Rock Slide|p1b: Ninetales|[spread] p1b
|-miss|p2a: Garchomp|p1a: Avalugg
|-supereffective|p1b: Ninetales
|-damage|p1b: Ninetales|58/100
|move|p2b: Ninetales|Aurora Veil|p2b: Ninetales
|-sidestart|p2: KarmaPoliceVGC|move: Aurora Veil
|move|p1b: Ninetales|Aurora Veil|p1b: Ninetales
|-sidestart|p1: matrod|move: Aurora Veil
|move|p1a: Avalugg|Iron Defense|p1a: Avalugg
|-boost|p1a: Avalugg|def|2
|
|-weather|Snowscape|[upkeep]
|upkeep
|turn|2
|
|t:|1757811521
|switch|p1b: Magmar|Magmar, L50, F|100/100
|switch|p2b: Volcarona|Volcarona, L50, M|100/100
|move|p1a: Avalugg|Protect|p1a: Avalugg
|-singleturn|p1a: Avalugg|Protect
|move|p2a: Garchomp|Rock Slide|p1a: Avalugg|[spread] p1b
|-activate|p1a: Avalugg|move: Protect
|-supereffective|p1b: Magmar
|-damage|p1b: Magmar|79/100
|
|-weather|Snowscape|[upkeep]
|upkeep
|turn|3
|
|t:|1757811535
|switch|p2a: Oricorio|Oricorio-Pom-Pom, L50, F|100/100
|move|p1b: Magmar|Protect|p1b: Magmar
|-singleturn|p1b: Magmar|Protect
|move|p2b: Volcarona|Quiver Dance|p2b: Volcarona
|-boost|p2b: Volcarona|spa|1
|-boost|p2b: Volcarona|spd|1
|-boost|p2b: Volcarona|spe|1
|-activate|p2a: Oricorio|ability: Dancer
|move|p2a: Oricorio|Quiver Dance|p2a: Oricorio|[from] ability: Dancer
|-boost|p2a: Oricorio|spa|1
|-boost|p2a: Oricorio|spd|1
|-boost|p2a: Oricorio|spe|1
|move|p1a: Avalugg|Iron Defense|p1a: Avalugg
|-boost|p1a: Avalugg|def|2
|
|-weather|Snowscape|[upkeep]
|upkeep
|turn|4
|
|t:|1757811545
|move|p1b: Magmar|Follow Me|p1b: Magmar
|-singleturn|p1b: Magmar|move: Follow Me
|move|p2b: Volcarona|Quiver Dance|p2b: Volcarona
|-boost|p2b: Volcarona|spa|1
|-boost|p2b: Volcarona|spd|1
|-boost|p2b: Volcarona|spe|1
|-activate|p2a: Oricorio|ability: Dancer
|move|p2a: Oricorio|Quiver Dance|p2a: Oricorio|[from] ability: Dancer
|-boost|p2a: Oricorio|spa|1
|-boost|p2a: Oricorio|spd|1
|-boost|p2a: Oricorio|spe|1
|move|p2a: Oricorio|Quiver Dance|p2a: Oricorio
|-boost|p2a: Oricorio|spa|1
|-boost|p2a: Oricorio|spd|1
|-boost|p2a: Oricorio|spe|1
|move|p1a: Avalugg|Iron Defense|p1a: Avalugg
|-boost|p1a: Avalugg|def|2
|
|-weather|Snowscape|[upkeep]
|upkeep
|turn|5
|inactive|matrod has 30 seconds left.
|inactive|KarmaPoliceVGC has 30 seconds left.
|
|t:|1757811579
|move|p1b: Magmar|Follow Me|p1b: Magmar
|-singleturn|p1b: Magmar|move: Follow Me
|move|p2a: Oricorio|Revelation Dance|p1b: Magmar
|-damage|p1b: Magmar|37/100
|move|p2b: Volcarona|Fiery Dance|p1b: Magmar
|-resisted|p1b: Magmar
|-damage|p1b: Magmar|15/100
|-activate|p2a: Oricorio|ability: Dancer
|move|p2a: Oricorio|Fiery Dance|p1b: Magmar|[from] ability: Dancer
|-resisted|p1b: Magmar
|-damage|p1b: Magmar|2/100
|-boost|p2a: Oricorio|spa|1
|move|p1a: Avalugg|Body Press|p2a: Oricorio
|-resisted|p2a: Oricorio
|-damage|p2a: Oricorio|52/100
|
|-weather|none
|-sideend|p1: matrod|move: Aurora Veil
|upkeep
|turn|6
|inactive|matrod has 30 seconds left.
|
|t:|1757811606
|move|p1b: Magmar|Follow Me|p1b: Magmar
|-singleturn|p1b: Magmar|move: Follow Me
|move|p2a: Oricorio|Revelation Dance|p1b: Magmar
|-damage|p1b: Magmar|0 fnt
|faint|p1b: Magmar
|move|p2b: Volcarona|Fiery Dance|p1a: Avalugg
|-damage|p1a: Avalugg|12/100
|-activate|p2a: Oricorio|ability: Dancer
|move|p2a: Oricorio|Fiery Dance|p1a: Avalugg|[from] ability: Dancer
|-damage|p1a: Avalugg|0 fnt
|faint|p1a: Avalugg
|
|upkeep
|
|t:|1757811624
|switch|p1b: Rillaboom|Rillaboom, L50, F|100/100
|switch|p1a: Ninetales|Ninetales-Alola, L50, M|58/100
|-weather|Snowscape|[from] ability: Snow Warning|[of] p1a: Ninetales
|-fieldstart|move: Grassy Terrain|[from] ability: Grassy Surge|[of] p1b: Rillaboom
|turn|7
|-message|matrod forfeited.
|
|win|KarmaPoliceVGC
|raw|matrod's rating: 1172 → 1143(-29 for losing)
|raw|KarmaPoliceVGC's rating: 1115 → 1144(+29 for winning)
|l|☆KarmaPoliceVGC
|player|p2|
|c|☆matrod|Anddd
|l|☆matrod
|player|p1|
