|j|☆bujero
|j|☆Akuma_0o
|html|bujeroAkuma_0o    
|uhtml|bestof|Game 2 of a best-of-3
|t:|1756507283
|gametype|doubles
|player|p1|bujero|265|
|player|p2|Akuma_0o|red|
|gen|9
|tier|[Gen 9] VGC 2025 Reg H (Bo3)
|rule|Species Clause: Limit one of each Pokémon
|rule|Item Clause: Limit 1 of each item
|clearpoke
|poke|p1|Rillaboom, L50, M|
|poke|p1|Kingambit, L50, M|
|poke|p1|Sneasler, L50, M|
|poke|p1|Electabuzz, L50, M|
|poke|p1|Dragonite, L50, M|
|poke|p1|Volcarona, L50, M|
|poke|p2|Indeedee, L50, M|
|poke|p2|Sneasler, L50, M|
|poke|p2|Ninetales-Alola, L50, M|
|poke|p2|Basculegion, L50, M|
|poke|p2|Kilowattrel, L50, M|
|poke|p2|Ursaluna-Bloodmoon, L50, M|
|teampreview|4
|showteam|p1|Rillaboom||AssaultVest|GrassySurge|FakeOut,WoodHammer,HighHorsepower,GrassyGlide|||M|||50|,,,,,Fire]Kingambit||BlackGlasses|Defiant|KowtowCleave,SuckerPunch,SwordsDance,Protect|||M|||50|,,,,,Dark]Sneasler||GrassySeed|Unburden|CloseCombat,DireClaw,Protect,Coaching|||M|||50|,,,,,Stellar]Electabuzz||Eviolite|VitalSpirit|Electroweb,Taunt,FollowMe,Protect|||M|||50|,,,,,Dragon]Dragonite||LoadedDice|Multiscale|ScaleShot,Tailwind,Protect,Haze|||M|||50|,,,,,Fairy]Volcarona||CovertCloak|FlameBody|QuiverDance,TeraBlast,HeatWave,Protect|||M|||50|,,,,,Fairy
|showteam|p2|Indeedee||TwistedSpoon|PsychicSurge|ExpandingForce,DazzlingGleam,Imprison,TrickRoom|||M|||50|,,,,,Fairy]Sneasler||PsychicSeed|Unburden|DireClaw,CloseCombat,ThroatChop,Protect|||M|||50|,,,,,Dark]Ninetales-Alola||LifeOrb|SnowWarning|Blizzard,FreezeDry,Encore,Protect|||M|||50|,,,,,Ghost]Basculegion||ChoiceScarf|Adaptability|WaveCrash,LastRespects,AquaJet,FlipTurn|||M|||50|,,,,,Grass]Kilowattrel||FocusSash|Competitive|Thunderbolt,AirSlash,Tailwind,Protect|||M|||50|,,,,,Ghost]Ursaluna-Bloodmoon||AssaultVest|MindsEye|BloodMoon,HyperVoice,EarthPower,VacuumWave|||M|||50|,,,,,Water
|inactive|Battle timer is ON: inactive players will automatically lose when time's up. (requested by bujero)
|
|t:|1756507317
|teamsize|p1|4
|teamsize|p2|4
|start
|switch|p1a: Kingambit|Kingambit, L50, M, shiny|100/100
|switch|p1b: Electabuzz|Electabuzz, L50, M, shiny|100/100
|switch|p2a: Kilowattrel|Kilowattrel, L50, M|100/100
|switch|p2b: Basculegion|Basculegion, L50, M, shiny|100/100
|turn|1
|c|☆bujero|Suerte
|c|☆Akuma_0o|igualmente
|
|t:|1756507339
|move|p1a: Kingambit|Protect|p1a: Kingambit
|-singleturn|p1a: Kingambit|Protect
|move|p2b: Basculegion|Flip Turn|p1b: Electabuzz
|-damage|p1b: Electabuzz|63/100
|
|t:|1756507345
|switch|p2b: Indeedee|Indeedee, L50, M|100/100|[from] Flip Turn
|-fieldstart|move: Psychic Terrain|[from] ability: Psychic Surge|[of] p2b: Indeedee
|move|p2a: Kilowattrel|Tailwind|p2a: Kilowattrel
|-sidestart|p2: Akuma_0o|move: Tailwind
|move|p1b: Electabuzz|Electroweb|p2b: Indeedee|[spread] p2a,p2b
|-damage|p2a: Kilowattrel|76/100
|-damage|p2b: Indeedee|80/100
|-unboost|p2a: Kilowattrel|spe|1
|-ability|p2a: Kilowattrel|Competitive|boost
|-boost|p2a: Kilowattrel|spa|2
|-unboost|p2b: Indeedee|spe|1
|
|upkeep
|turn|2
|inactive|bujero has 30 seconds left.
|
|t:|1756507380
|switch|p2b: Basculegion|Basculegion, L50, M, shiny|100/100
|switch|p1b: Rillaboom|Rillaboom, L50, M, shiny|100/100
|-fieldstart|move: Grassy Terrain|[from] ability: Grassy Surge|[of] p1b: Rillaboom
|move|p1a: Kingambit|Sucker Punch|p2a: Kilowattrel
|-damage|p2a: Kilowattrel|0 fnt
|faint|p2a: Kilowattrel
|
|upkeep
|
|t:|1756507391
|switch|p2a: Indeedee|Indeedee, L50, M|80/100
|-fieldstart|move: Psychic Terrain|[from] ability: Psychic Surge|[of] p2a: Indeedee
|turn|3
|
|t:|1756507410
|switch|p1b: Electabuzz|Electabuzz, L50, M, shiny|63/100
|move|p1a: Kingambit|Protect|p1a: Kingambit
|-singleturn|p1a: Kingambit|Protect
|move|p2b: Basculegion|Flip Turn|p1b: Electabuzz
|-damage|p1b: Electabuzz|28/100
|
|t:|1756507432
|switch|p2b: Sneasler|Sneasler, L50, M|100/100|[from] Flip Turn
|-enditem|p2b: Sneasler|Psychic Seed
|-boost|p2b: Sneasler|spd|1|[from] item: Psychic Seed
|move|p2a: Indeedee|Expanding Force|p1a: Kingambit|[spread] p1b
|-activate|p1a: Kingambit|move: Protect
|-damage|p1b: Electabuzz|0 fnt
|faint|p1b: Electabuzz
|
|upkeep
|
|t:|1756507439
|switch|p1b: Rillaboom|Rillaboom, L50, M, shiny|100/100
|-fieldstart|move: Grassy Terrain|[from] ability: Grassy Surge|[of] p1b: Rillaboom
|turn|4
|inactive|Akuma_0o has 30 seconds left.
|
|t:|1756507469
|-terastallize|p1a: Kingambit|Dark
|move|p1b: Rillaboom|Fake Out|p2b: Sneasler
|-damage|p2b: Sneasler|77/100
|cant|p2b: Sneasler|flinch
|move|p2a: Indeedee|Dazzling Gleam|p1a: Kingambit|[spread] p1a,p1b
|-supereffective|p1a: Kingambit
|-damage|p1a: Kingambit|61/100
|-damage|p1b: Rillaboom|88/100
|move|p1a: Kingambit|Kowtow Cleave|p2a: Indeedee
|-supereffective|p2a: Indeedee
|-damage|p2a: Indeedee|0 fnt
|faint|p2a: Indeedee
|
|-heal|p2b: Sneasler|83/100|[from] Grassy Terrain
|-heal|p1b: Rillaboom|94/100|[from] Grassy Terrain
|-heal|p1a: Kingambit|68/100|[from] Grassy Terrain
|-sideend|p2: Akuma_0o|move: Tailwind
|upkeep
|
|t:|1756507480
|switch|p2a: Basculegion|Basculegion, L50, M, shiny|100/100
|turn|5
|
|t:|1756507499
|switch|p1b: Volcarona|Volcarona, L50, M|100/100
|move|p1a: Kingambit|Protect|p1a: Kingambit
|-singleturn|p1a: Kingambit|Protect
|move|p2b: Sneasler|Dire Claw|p1b: Volcarona
|-damage|p1b: Volcarona|53/100
|move|p2a: Basculegion|Wave Crash|p1b: Volcarona
|-supereffective|p1b: Volcarona
|-damage|p1b: Volcarona|0 fnt
|-status|p2a: Basculegion|brn|[from] ability: Flame Body|[of] p1b: Volcarona
|faint|p1b: Volcarona
|-damage|p2a: Basculegion|84/100 brn|[from] Recoil
|
|-heal|p2b: Sneasler|89/100|[from] Grassy Terrain
|-heal|p2a: Basculegion|90/100 brn|[from] Grassy Terrain
|-heal|p1a: Kingambit|74/100|[from] Grassy Terrain
|-damage|p2a: Basculegion|84/100 brn|[from] brn
|upkeep
|
|t:|1756507510
|switch|p1b: Rillaboom|Rillaboom, L50, M, shiny|94/100
|turn|6
|
|t:|1756507526
|move|p1b: Rillaboom|Fake Out|p2b: Sneasler
|-damage|p2b: Sneasler|66/100
|cant|p2b: Sneasler|flinch
|move|p2a: Basculegion|Wave Crash|p1a: Kingambit
|-damage|p1a: Kingambit|43/100
|-damage|p2a: Basculegion|73/100 brn|[from] Recoil
|move|p1a: Kingambit|Kowtow Cleave|p2a: Basculegion
|-supereffective|p2a: Basculegion
|-damage|p2a: Basculegion|0 fnt
|faint|p2a: Basculegion
|
|-heal|p2b: Sneasler|71/100|[from] Grassy Terrain
|-heal|p1b: Rillaboom|100/100|[from] Grassy Terrain
|-heal|p1a: Kingambit|49/100|[from] Grassy Terrain
|upkeep
|turn|7
|
|t:|1756507535
|move|p1a: Kingambit|Sucker Punch|p2b: Sneasler
|-resisted|p2b: Sneasler
|-crit|p2b: Sneasler
|-damage|p2b: Sneasler|0 fnt
|faint|p2b: Sneasler
|
|win|bujero
|c|☆Akuma_0o|gg
