|j|☆pundeh_1001
|j|☆sweetlysunny
|html|pundeh_1001sweetlysunny    
|uhtml|bestof|Game 1 of a best-of-3
|t:|1783476021
|gametype|doubles
|player|p1|pundeh_1001|102|1153
|player|p2|sweetlysunny|serena|1136
|gen|9
|tier|[Gen 9 Champions] VGC 2026 Reg M-B (Bo3)
|rated|
|rule|Species Clause: Limit one of each Pokémon
|rule|Item Clause: Limit 1 of each item
|clearpoke
|poke|p1|Glimmora, L50, M, shiny|
|poke|p1|Mamoswine, L50, M|
|poke|p1|Whimsicott, L50, F|
|poke|p1|Charizard, L50, F|
|poke|p1|Basculegion, L50, M|
|poke|p1|Kingambit, L50, F|
|poke|p2|Torkoal, L50, M|
|poke|p2|Pyroar, L50, F|
|poke|p2|Vileplume, L50, F|
|poke|p2|Scrafty, L50, M|
|poke|p2|Farigiraf, L50, M|
|poke|p2|Sylveon, L50, M|
|teampreview|4
|showteam|p1|Glimmora||Glimmoranite|ToxicDebris|SpikyShield,SludgeBomb,PowerGem,EarthPower|Timid||M|||50|]Mamoswine||LifeOrb|Oblivious|Protect,IceShard,HighHorsepower,IcicleCrash|Adamant||M|||50|]Whimsicott||FocusSash|Prankster|Moonblast,Tailwind,Encore,Protect|Timid||F|||50|]Charizard||CharizarditeY|Blaze|Protect,HeatWave,SolarBeam,WeatherBall|Modest||F|||50|]Basculegion||MysticWater|Adaptability|Protect,WaveCrash,LastRespects,AquaJet|Adamant||M|||50|]Kingambit||ChopleBerry|Defiant|Protect,KowtowCleave,SuckerPunch,LowKick|Adamant||F|||50|
|showteam|p2|Torkoal||Charcoal|Drought|HeatWave,Eruption,HelpingHand,Protect|Quiet||M|||50|]Pyroar||Pyroarite|Unnerve|HeatWave,Overheat,ScorchingSands,Protect|Timid||F|||50|]Vileplume||FocusSash|Chlorophyll|EnergyBall,SludgeBomb,SleepPowder,AfterYou|Timid||F|||50|]Scrafty||Scraftinite|Intimidate|FakeOut,CloseCombat,PoisonJab,KnockOff|Brave||M|||50|]Farigiraf||SitrusBerry|ArmorTail|HyperVoice,Psychic,HelpingHand,TrickRoom|Bold||M|||50|]Sylveon||FairyFeather|Pixilate|HyperVoice,HyperBeam,QuickAttack,Protect|Quiet||M|||50|
|inactive|Battle timer is ON: inactive players will automatically lose when time's up. (requested by sweetlysunny)
|inactive|pundeh_1001 has 60 seconds left.
|inactive|pundeh_1001 has 30 seconds left.
|
|t:|1783476090
|teamsize|p1|4
|teamsize|p2|4
|start
|switch|p1a: Whimsicott|Whimsicott, L50, F|100/100
|switch|p1b: Glimmora|Glimmora, L50, M, shiny|100/100
|switch|p2a: Farigiraf|Farigiraf, L50, M|100/100
|switch|p2b: Scrafty|Scrafty, L50, M|100/100
|-ability|p2b: Scrafty|Intimidate|boost
|-unboost|p1a: Whimsicott|atk|1
|-unboost|p1b: Glimmora|atk|1
|turn|1
|inactive|pundeh_1001 has 30 seconds left.
|inactive|sweetlysunny has 30 seconds left.
|inactive|pundeh_1001 has 20 seconds left.
|inactive|pundeh_1001 has 15 seconds left.
|inactive|pundeh_1001 has 10 seconds left.
|inactive|pundeh_1001 has 5 seconds left.
|
|t:|1783476143
|move|p2b: Scrafty|Fake Out|p1a: Whimsicott
|-damage|p1a: Whimsicott|82/100
|cant|p1a: Whimsicott|flinch
|move|p1b: Glimmora|Sludge Bomb|p2a: Farigiraf
|-damage|p2a: Farigiraf|52/100
|move|p2a: Farigiraf|Trick Room|p2a: Farigiraf
|-fieldstart|move: Trick Room|[of] p2a: Farigiraf
|
|upkeep
|turn|2
|
|t:|1783476162
|switch|p1b: Kingambit|Kingambit, L50, F|100/100
|detailschange|p2b: Scrafty|Scrafty-Mega, L50, M
|-mega|p2b: Scrafty|Scrafty|Scraftinite
|-ability|p2b: Scrafty|Intimidate|boost
|-unboost|p1a: Whimsicott|atk|1
|-unboost|p1b: Kingambit|atk|1
|-ability|p1b: Kingambit|Defiant|boost
|-boost|p1b: Kingambit|atk|2
|move|p1a: Whimsicott|Protect|p1a: Whimsicott
|-singleturn|p1a: Whimsicott|Protect
|move|p2b: Scrafty|Poison Jab|p1a: Whimsicott
|-activate|p1a: Whimsicott|move: Protect
|move|p2a: Farigiraf|Psychic|p1b: Kingambit
|-immune|p1b: Kingambit
|
|upkeep
|turn|3
|inactive|pundeh_1001 has 30 seconds left.
|inactive|sweetlysunny has 30 seconds left.
|inactive|pundeh_1001 has 20 seconds left.
|
|t:|1783476199
|switch|p1a: Glimmora|Glimmora, L50, M, shiny|100/100
|move|p1b: Kingambit|Kowtow Cleave|p2a: Farigiraf
|-supereffective|p2a: Farigiraf|1
|-damage|p2a: Farigiraf|0 fnt
|faint|p2a: Farigiraf
|move|p2b: Scrafty|Poison Jab|p1a: Glimmora
|-resisted|p1a: Glimmora|2
|-damage|p1a: Glimmora|91/100
|-activate|p1a: Glimmora|ability: Toxic Debris
|-sidestart|p2: sweetlysunny|move: Toxic Spikes
|
|upkeep
|
|t:|1783476205
|switch|p2a: Torkoal|Torkoal, L50, M|100/100
|-status|p2a: Torkoal|psn
|-weather|SunnyDay|[from] ability: Drought|[of] p2a: Torkoal
|turn|4
|
|t:|1783476220
|detailschange|p1a: Glimmora|Glimmora-Mega, L50, M, shiny
|-mega|p1a: Glimmora|Glimmora|Glimmoranite
|move|p1b: Kingambit|Protect|p1b: Kingambit
|-singleturn|p1b: Kingambit|Protect
|move|p2a: Torkoal|Heat Wave|p1b: Kingambit|[spread] p1a
|-activate|p1b: Kingambit|move: Protect
|-resisted|p1a: Glimmora|1
|-damage|p1a: Glimmora|59/100
|move|p2b: Scrafty|Close Combat|p1b: Kingambit
|-activate|p1b: Kingambit|move: Protect
|move|p1a: Glimmora|Earth Power|p2a: Torkoal
|-supereffective|p2a: Torkoal|1
|-damage|p2a: Torkoal|8/100 psn
|
|-weather|SunnyDay|[upkeep]
|-damage|p2a: Torkoal|0 fnt|[from] psn
|faint|p2a: Torkoal
|upkeep
|
|t:|1783476224
|switch|p2a: Sylveon|Sylveon, L50, M|100/100
|-status|p2a: Sylveon|psn
|turn|5
|inactive|pundeh_1001 has 30 seconds left.
|
|t:|1783476250
|move|p1a: Glimmora|Spiky Shield|p1a: Glimmora
|-singleturn|p1a: Glimmora|move: Protect
|move|p1b: Kingambit|Sucker Punch|p2b: Scrafty
|-resisted|p2b: Scrafty|2
|-damage|p2b: Scrafty|88/100
|move|p2a: Sylveon|Hyper Voice|p1b: Kingambit|[spread] p1b
|-activate|p1a: Glimmora|move: Protect
|-damage|p1b: Kingambit|51/100
|move|p2b: Scrafty|Close Combat|p1b: Kingambit
|-supereffective|p1b: Kingambit|2
|-enditem|p1b: Kingambit|Chople Berry|[eat]
|-enditem|p1b: Kingambit|Chople Berry|[weaken]
|-damage|p1b: Kingambit|0 fnt
|-unboost|p2b: Scrafty|def|1
|-unboost|p2b: Scrafty|spd|1
|faint|p1b: Kingambit
|
|-weather|SunnyDay|[upkeep]
|-damage|p2a: Sylveon|87/100 psn|[from] psn
|-fieldend|move: Trick Room
|upkeep
|
|t:|1783476274
|switch|p1b: Whimsicott|Whimsicott, L50, F|82/100
|turn|6
|
|t:|1783476297
|move|p1b: Whimsicott|Moonblast|p2b: Scrafty
|-supereffective|p2b: Scrafty|2
|-damage|p2b: Scrafty|0 fnt
|faint|p2b: Scrafty
|move|p1a: Glimmora|Sludge Bomb|p2a: Sylveon
|-supereffective|p2a: Sylveon|1
|-damage|p2a: Sylveon|0 fnt
|faint|p2a: Sylveon
|
|win|pundeh_1001
||sweetlysunny is ready for game 2.
