|j|☆Giocostorto
|j|☆MoodyMukVGC
|html|GiocostortoMoodyMukVGC    
|uhtml|bestof|Game 2 of a best-of-3
|t:|1756932599
|gametype|doubles
|player|p1|Giocostorto|palmer|1198
|player|p2|MoodyMukVGC|101|1283
|gen|9
|tier|[Gen 9] VGC 2025 Reg H (Bo3)
|rated|
|rule|Species Clause: Limit one of each Pokémon
|rule|Item Clause: Limit 1 of each item
|clearpoke
|poke|p1|Misdreavus, L50, M|
|poke|p1|Gothitelle, L50, F|
|poke|p1|Amoonguss, L50, F|
|poke|p1|Incineroar, L50, M|
|poke|p1|Primarina, L50, F|
|poke|p1|Ursaluna, L50, M|
|poke|p2|Muk-Alola, L50, M|
|poke|p2|Smeargle, L50, M|
|poke|p2|Flamigo, L50, M|
|poke|p2|Indeedee, L50, M|
|poke|p2|Weezing-Galar, L50, M|
|poke|p2|Drifblim, L50, M|
|teampreview|4
|showteam|p1|Misdreavus||Eviolite|Levitate|Protect,PerishSong,TrickRoom,ShadowBall|||M|||50|,,,,,Fire]Gothitelle||SafetyGoggles|ShadowTag|Protect,Psychic,TrickRoom,FakeOut|||F|||50|,,,,,Water]Amoonguss||MentalHerb|Regenerator|Protect,Spore,RagePowder,PollenPuff|||F|||50|,,,,,Dark]Incineroar||MirrorHerb|Intimidate|Protect,FlareBlitz,FakeOut,PartingShot|||M|||50|,,,,,Grass]Primarina||SitrusBerry|LiquidVoice|Protect,Moonblast,PerishSong,HyperVoice|||F|||50|,,,,,Steel]Ursaluna||FlameOrb|Guts|Protect,HeadlongRush,Earthquake,Facade|||M|||50|,,,,,Ghost
|showteam|p2|Muk-Alola||Leftovers|PowerofAlchemy|KnockOff,Minimize,Substitute,Protect|||M|||50|,,,,,Water]Smeargle||FocusSash|Moody|Minimize,Spore,FollowMe,SpikyShield|||M|||50|,,,,,Dark]Flamigo||WhiteHerb|Costar|CloseCombat,Acrobatics,Substitute,WideGuard|||M|||50|,,,,,Steel]Indeedee||ChoiceSpecs|PsychicSurge|ExpandingForce,TeraBlast,Trick,DazzlingGleam|||M|||50|,,,,,Psychic]Weezing-Galar||SitrusBerry|NeutralizingGas|StrangeSteam,SludgeBomb,Taunt,Protect|||M|||50|,,,,,Flying]Drifblim||PsychicSeed|Unburden|Tailwind,Acrobatics,Minimize,WillOWisp|||M|||50|,,,,,Grass
|inactive|Battle timer is ON: inactive players will automatically lose when time's up. (requested by Giocostorto)
|
|t:|1756932622
|teamsize|p1|4
|teamsize|p2|4
|start
|switch|p1a: Misdreavus|Misdreavus, L50, M|100/100
|switch|p1b: Incineroar|Incineroar, L50, M|100/100
|switch|p2a: Smeargle|Smeargle, L50, M, shiny|100/100
|switch|p2b: Drifblim|Drifblim, L50, M, shiny|100/100
|-ability|p1b: Incineroar|Intimidate|boost
|-unboost|p2a: Smeargle|atk|1
|-unboost|p2b: Drifblim|atk|1
|turn|1
|inactive|Giocostorto has 30 seconds left.
|inactive|MoodyMukVGC has 30 seconds left.
|inactive|MoodyMukVGC has 20 seconds left.
|inactive|Giocostorto has 20 seconds left.
|
|t:|1756932669
|switch|p1b: Gothitelle|Gothitelle, L50, F|100/100
|move|p2a: Smeargle|Spiky Shield|p2a: Smeargle
|-singleturn|p2a: Smeargle|move: Protect
|move|p2b: Drifblim|Acrobatics|p1a: Misdreavus
|-damage|p1a: Misdreavus|93/100
|move|p1a: Misdreavus|Perish Song|p1a: Misdreavus
|-start|p1a: Misdreavus|perish3|[silent]
|-start|p1b: Gothitelle|perish3|[silent]
|-start|p2a: Smeargle|perish3|[silent]
|-start|p2b: Drifblim|perish3|[silent]
|-fieldactivate|move: Perish Song
|
|-start|p2b: Drifblim|perish3
|-start|p2a: Smeargle|perish3
|-start|p1a: Misdreavus|perish3
|-start|p1b: Gothitelle|perish3
|-ability|p2a: Smeargle|Moody|boost
|-boost|p2a: Smeargle|spd|2
|-unboost|p2a: Smeargle|def|1
|upkeep
|turn|2
|inactive|Giocostorto has 30 seconds left.
|
|t:|1756932699
|switch|p2b: Weezing|Weezing-Galar, L50, M, shiny|100/100
|-ability|p2b: Weezing|Neutralizing Gas
|switch|p1a: Amoonguss|Amoonguss, L50, F|100/100
|move|p1b: Gothitelle|Fake Out|p2a: Smeargle
|-damage|p2a: Smeargle|81/100
|cant|p2a: Smeargle|flinch
|
|-start|p2a: Smeargle|perish2
|-start|p1b: Gothitelle|perish2
|upkeep
|turn|3
|
|t:|1756932713
|move|p2a: Smeargle|Spore|p1b: Gothitelle
|-activate|p1b: Gothitelle|item: Safety Goggles|Spore
|move|p1b: Gothitelle|Psychic|p2b: Weezing
|-supereffective|p2b: Weezing
|-damage|p2b: Weezing|38/100
|-enditem|p2b: Weezing|Sitrus Berry|[eat]
|-heal|p2b: Weezing|63/100|[from] item: Sitrus Berry
|move|p2b: Weezing|Taunt|p1a: Amoonguss
|-start|p1a: Amoonguss|move: Taunt
|-enditem|p1a: Amoonguss|Mental Herb
|-end|p1a: Amoonguss|move: Taunt
|move|p1a: Amoonguss|Spore|p2a: Smeargle
|-status|p2a: Smeargle|slp|[from] move: Spore
|
|-start|p2a: Smeargle|perish1
|-start|p1b: Gothitelle|perish1
|upkeep
|turn|4
|inactive|Giocostorto has 30 seconds left.
|
|t:|1756932742
|switch|p2a: Drifblim|Drifblim, L50, M, shiny|100/100
|switch|p1b: Misdreavus|Misdreavus, L50, M|93/100
|move|p2b: Weezing|Protect|p2b: Weezing
|-singleturn|p2b: Weezing|Protect
|move|p1a: Amoonguss|Spore|p2a: Drifblim
|-status|p2a: Drifblim|slp|[from] move: Spore
|
|upkeep
|turn|5
|
|t:|1756932759
|cant|p2a: Drifblim|slp
|move|p1b: Misdreavus|Shadow Ball|p2a: Drifblim
|-supereffective|p2a: Drifblim
|-damage|p2a: Drifblim|44/100 slp
|move|p2b: Weezing|Taunt|p1a: Amoonguss
|-start|p1a: Amoonguss|move: Taunt
|cant|p1a: Amoonguss|move: Taunt|Spore
|
|upkeep
|turn|6
|inactive|Giocostorto has 30 seconds left.
|
|t:|1756932790
|switch|p1a: Gothitelle|Gothitelle, L50, F|100/100
|cant|p2a: Drifblim|slp
|move|p1b: Misdreavus|Shadow Ball|p2b: Weezing
|-damage|p2b: Weezing|37/100
|move|p2b: Weezing|Sludge Bomb|p1a: Gothitelle
|-damage|p1a: Gothitelle|80/100
|
|upkeep
|turn|7
|
|t:|1756932806
|move|p2b: Weezing|Protect|p2b: Weezing
|-singleturn|p2b: Weezing|Protect
|-curestatus|p2a: Drifblim|slp|[msg]
|move|p2a: Drifblim|Minimize|p2a: Drifblim
|-boost|p2a: Drifblim|evasion|2
|move|p1b: Misdreavus|Shadow Ball|p2a: Drifblim
|-supereffective|p2a: Drifblim
|-damage|p2a: Drifblim|0 fnt
|faint|p2a: Drifblim
|move|p1a: Gothitelle|Psychic|p2b: Weezing
|-activate|p2b: Weezing|move: Protect
|
|upkeep
|
|t:|1756932815
|switch|p2a: Smeargle|Smeargle, L50, M, shiny|81/100 slp
|turn|8
|j| Olmo78
|
|t:|1756932836
|-terastallize|p2b: Weezing|Flying
|cant|p2a: Smeargle|slp
|move|p1b: Misdreavus|Shadow Ball|p2b: Weezing
|-damage|p2b: Weezing|9/100
|move|p1a: Gothitelle|Psychic|p2a: Smeargle
|-damage|p2a: Smeargle|20/100 slp
|move|p2b: Weezing|Sludge Bomb|p1b: Misdreavus
|-resisted|p1b: Misdreavus
|-damage|p1b: Misdreavus|81/100
|-status|p1b: Misdreavus|psn
|
|-damage|p1b: Misdreavus|69/100 psn|[from] psn
|upkeep
|turn|9
|
|t:|1756932856
|move|p2b: Weezing|Protect|p2b: Weezing
|-singleturn|p2b: Weezing|Protect
|cant|p2a: Smeargle|slp
|move|p1b: Misdreavus|Shadow Ball|p2b: Weezing
|-activate|p2b: Weezing|move: Protect
|move|p1a: Gothitelle|Psychic|p2a: Smeargle
|-damage|p2a: Smeargle|0 fnt
|faint|p2a: Smeargle
|
|-damage|p1b: Misdreavus|57/100 psn|[from] psn
|upkeep
|c|☆Giocostorto|gg
|-message|MoodyMukVGC forfeited.
|raw|Giocostorto's rating: 1198 → 1229(+31 for winning)
|raw|MoodyMukVGC's rating: 1283 → 1252(-31 for losing)
|
|win|Giocostorto
