|j|☆TheMrAfro
|j|☆Mishitu631
|html|TheMrAfroMishitu631    
|uhtml|bestof|Game 1 of a best-of-3
|t:|1757035903
|gametype|doubles
|player|p1|TheMrAfro|cynthia|
|player|p2|Mishitu631|rosa|
|gen|9
|tier|[Gen 9] VGC 2025 Reg H (Bo3)
|rule|Species Clause: Limit one of each Pokémon
|rule|Item Clause: Limit 1 of each item
|clearpoke
|poke|p1|Dragonite, L50, M|
|poke|p1|Gholdengo, L50|
|poke|p1|Ursaluna-Bloodmoon, L50, M|
|poke|p1|Annihilape, L50, M|
|poke|p1|Maushold-Four, L50|
|poke|p1|Rillaboom, L50, F|
|poke|p2|Arcanine-Hisui, L50, M|
|poke|p2|Gastrodon-East, L50, F|
|poke|p2|Ursaluna-Bloodmoon, L50, M|
|poke|p2|Farigiraf, L50, F|
|poke|p2|Dragapult, L50, F|
|poke|p2|Sneasler, L50, F|
|teampreview|4
|showteam|p1|Dragonite||LoadedDice|Multiscale|ScaleShot,Tailwind,Haze,Protect|||M|||50|,,,,,Fairy]Gholdengo||LifeOrb|GoodasGold|MakeItRain,ShadowBall,NastyPlot,Protect||||||50|,,,,,Water]Ursaluna-Bloodmoon||AssaultVest|MindsEye|BloodMoon,EarthPower,HyperVoice,VacuumWave|||M|||50|,,,,,Normal]Annihilape||SafetyGoggles|Defiant|RageFist,CloseCombat,FinalGambit,Taunt|||M|||50|,,,,,Water]Maushold-Four||FocusSash|FriendGuard|SuperFang,BeatUp,FollowMe,Protect||||||50|,,,,,Ghost]Rillaboom||MiracleSeed|GrassySurge|WoodHammer,GrassyGlide,HighHorsepower,FakeOut|||F|||50|,,,,,Fire
|showteam|p2|Arcanine-Hisui||ClearAmulet|Intimidate|RockSlide,ExtremeSpeed,FlareBlitz,Protect|||M|||50|,,,,,Normal]Gastrodon-East||Leftovers|StormDrain|MuddyWater,EarthPower,IcyWind,Protect|||F|||50|,,,,,Poison]Ursaluna-Bloodmoon||LifeOrb|MindsEye|HyperVoice,BloodMoon,EarthPower,Protect|||M|||50|,,,,,Normal]Farigiraf||LumBerry|ArmorTail|DazzlingGleam,TeraBlast,TrickRoom,HelpingHand|||F|||50|,,,,,Fire]Dragapult||ChoiceBand|ClearBody|DragonDarts,Uturn,PhantomForce,PsychicFangs|||F|||50|,,,,,Dragon]Sneasler||FocusSash|Unburden|DireClaw,CloseCombat,ThroatChop,RockSlide|||F|||50|,,,,,Ghost
|c|☆Mishitu631|Suerte!
|c|☆TheMrAfro|Suerte, glhf
|inactive|Battle timer is ON: inactive players will automatically lose when time's up. (requested by TheMrAfro)
|j| FelicidadesPolo8-0
|inactive|TheMrAfro has 60 seconds left.
|inactive|Mishitu631 has 60 seconds left.
|j| zeepel
|l|☆TheMrAfro
|inactive|TheMrAfro disconnected and has 300 seconds to reconnect!
|player|p1|
|l| zeepel
|j|☆TheMrAfro
|inactive|TheMrAfro reconnected and has 60 seconds left.
|player|p1|TheMrAfro|cynthia|
|j| zeepel
|
|t:|1757036022
|teamsize|p1|4
|teamsize|p2|4
|start
|switch|p1a: Dragonite|Dragonite, L50, M|100/100
|switch|p1b: Maushold|Maushold-Four, L50|100/100
|switch|p2a: Sneasler|Sneasler, L50, F|100/100
|switch|p2b: Arcanine|Arcanine-Hisui, L50, M|100/100
|-ability|p2b: Arcanine|Intimidate|boost
|-unboost|p1a: Dragonite|atk|1
|-unboost|p1b: Maushold|atk|1
|turn|1
|j| Masi912
|inactive|TheMrAfro has 30 seconds left.
|inactive|Mishitu631 has 30 seconds left.
|inactive|TheMrAfro has 20 seconds left.
|inactive|Mishitu631 has 20 seconds left.
|inactive|TheMrAfro has 15 seconds left.
|inactive|Mishitu631 has 15 seconds left.
|inactive|TheMrAfro has 10 seconds left.
|inactive|TheMrAfro has 5 seconds left.
|
|t:|1757036074
|-terastallize|p2a: Sneasler|Ghost
|move|p1b: Maushold|Follow Me|p1b: Maushold
|-singleturn|p1b: Maushold|move: Follow Me
|move|p2a: Sneasler|Dire Claw|p1b: Maushold
|-damage|p1b: Maushold|41/100
|move|p2b: Arcanine|Rock Slide|p1a: Dragonite|[spread] p1a,p1b
|-supereffective|p1a: Dragonite
|-damage|p1a: Dragonite|81/100
|-damage|p1b: Maushold|9/100
|move|p1a: Dragonite|Scale Shot|p2a: Sneasler
|-damage|p2a: Sneasler|84/100
|-damage|p2a: Sneasler|68/100
|-damage|p2a: Sneasler|51/100
|-damage|p2a: Sneasler|35/100
|-damage|p2a: Sneasler|19/100
|-hitcount|p2a: Sneasler|5
|-unboost|p1a: Dragonite|def|1
|-boost|p1a: Dragonite|spe|1
|
|upkeep
|turn|2
|inactive|TheMrAfro has 30 seconds left.
|inactive|Mishitu631 has 30 seconds left.
|inactive|TheMrAfro has 20 seconds left.
|
|t:|1757036113
|move|p1b: Maushold|Protect|p1b: Maushold
|-singleturn|p1b: Maushold|Protect
|move|p1a: Dragonite|Scale Shot|p2b: Arcanine|[miss]
|-miss|p1a: Dragonite|p2b: Arcanine
|move|p2a: Sneasler|Rock Slide|p1a: Dragonite|[spread] p1a
|-activate|p1b: Maushold|move: Protect
|-supereffective|p1a: Dragonite
|-damage|p1a: Dragonite|24/100
|move|p2b: Arcanine|Rock Slide|p1a: Dragonite|[spread] 
|-activate|p1b: Maushold|move: Protect
|-miss|p2b: Arcanine|p1a: Dragonite
|
|upkeep
|turn|3
|l| Masi912
|inactive|Mishitu631 has 30 seconds left.
|j| Masi912
|
|t:|1757036148
|move|p2b: Arcanine|Extreme Speed|p1b: Maushold
|-damage|p1b: Maushold|0 fnt
|faint|p1b: Maushold
|move|p1a: Dragonite|Tailwind|p1a: Dragonite
|-sidestart|p1: TheMrAfro|move: Tailwind
|move|p2a: Sneasler|Dire Claw|p1a: Dragonite
|-damage|p1a: Dragonite|0 fnt
|faint|p1a: Dragonite
|
|upkeep
|
|t:|1757036154
|switch|p1b: Rillaboom|Rillaboom, L50, F|100/100
|switch|p1a: Annihilape|Annihilape, L50, M|100/100
|-fieldstart|move: Grassy Terrain|[from] ability: Grassy Surge|[of] p1b: Rillaboom
|turn|4
|inactive|TheMrAfro has 30 seconds left.
|inactive|TheMrAfro has 20 seconds left.
|inactive|TheMrAfro has 15 seconds left.
|inactive|Mishitu631 has 30 seconds left.
|inactive|TheMrAfro has 10 seconds left.
|
|t:|1757036202
|switch|p2a: Farigiraf|Farigiraf, L50, F|100/100
|move|p2b: Arcanine|Protect|p2b: Arcanine
|-singleturn|p2b: Arcanine|Protect
|move|p1b: Rillaboom|Fake Out||[still]
|cant|p2a: Farigiraf|ability: Armor Tail|Fake Out|[of] p1b: Rillaboom
|move|p1a: Annihilape|Rage Fist|p2a: Farigiraf
|-immune|p2a: Farigiraf
|
|upkeep
|turn|5
|inactive|TheMrAfro has 30 seconds left.
|inactive|Mishitu631 has 30 seconds left.
|inactive|TheMrAfro has 20 seconds left.
|inactive|Mishitu631 has 20 seconds left.
|inactive|TheMrAfro has 15 seconds left.
|inactive|Mishitu631 has 15 seconds left.
|
|t:|1757036245
|switch|p2b: Sneasler|Sneasler, L50, F, tera:Ghost|19/100
|move|p1a: Annihilape|Close Combat|p2a: Farigiraf
|-damage|p2a: Farigiraf|47/100
|-unboost|p1a: Annihilape|def|1
|-unboost|p1a: Annihilape|spd|1
|move|p1b: Rillaboom|Wood Hammer|p2a: Farigiraf
|-damage|p2a: Farigiraf|0 fnt
|faint|p2a: Farigiraf
|-damage|p1b: Rillaboom|84/100|[from] Recoil
|
|-heal|p1b: Rillaboom|90/100|[from] Grassy Terrain
|-heal|p2b: Sneasler|25/100|[from] Grassy Terrain
|upkeep
|
|t:|1757036259
|switch|p2a: Arcanine|Arcanine-Hisui, L50, M|100/100
|-ability|p2a: Arcanine|Intimidate|boost
|-unboost|p1a: Annihilape|atk|1
|-ability|p1a: Annihilape|Defiant|boost
|-boost|p1a: Annihilape|atk|2
|-unboost|p1b: Rillaboom|atk|1
|turn|6
|
|t:|1757036284
|switch|p2b: Ursaluna|Ursaluna-Bloodmoon, L50, M|100/100
|move|p2a: Arcanine|Protect|p2a: Arcanine
|-singleturn|p2a: Arcanine|Protect
|move|p1b: Rillaboom|Grassy Glide|p2b: Ursaluna
|-supereffective|p2b: Ursaluna
|-damage|p2b: Ursaluna|53/100
|move|p1a: Annihilape|Close Combat|p2a: Arcanine
|-activate|p2a: Arcanine|move: Protect
|
|-heal|p1b: Rillaboom|96/100|[from] Grassy Terrain
|-heal|p2b: Ursaluna|59/100|[from] Grassy Terrain
|-sideend|p1: TheMrAfro|move: Tailwind
|upkeep
|turn|7
|inactive|TheMrAfro has 30 seconds left.
|inactive|Mishitu631 has 30 seconds left.
|inactive|TheMrAfro has 20 seconds left.
|
|t:|1757036323
|move|p2b: Ursaluna|Protect|p2b: Ursaluna
|-singleturn|p2b: Ursaluna|Protect
|move|p2a: Arcanine|Flare Blitz|p1a: Annihilape
|-damage|p1a: Annihilape|7/100
|-damage|p2a: Arcanine|62/100|[from] Recoil
|move|p1a: Annihilape|Close Combat|p2b: Ursaluna
|-activate|p2b: Ursaluna|move: Protect
|move|p1b: Rillaboom|High Horsepower|p2a: Arcanine
|-supereffective|p2a: Arcanine
|-damage|p2a: Arcanine|0 fnt
|faint|p2a: Arcanine
|
|-heal|p1a: Annihilape|13/100|[from] Grassy Terrain
|-heal|p1b: Rillaboom|100/100|[from] Grassy Terrain
|-heal|p2b: Ursaluna|64/100|[from] Grassy Terrain
|upkeep
|
|t:|1757036338
|switch|p2a: Sneasler|Sneasler, L50, F, tera:Ghost|25/100
|turn|8
|j| scalonetapibe
|
|t:|1757036344
|move|p1b: Rillaboom|Grassy Glide|p2a: Sneasler
|-damage|p2a: Sneasler|0 fnt
|faint|p2a: Sneasler
|move|p1a: Annihilape|Close Combat|p2b: Ursaluna
|-supereffective|p2b: Ursaluna
|-damage|p2b: Ursaluna|0 fnt
|-unboost|p1a: Annihilape|def|1
|-unboost|p1a: Annihilape|spd|1
|faint|p2b: Ursaluna
|
|win|TheMrAfro
|j| crunchy sprigatito
||TheMrAfro is ready for game 2.
||Mishitu631 is ready for game 2.
|uhtml|next|Next: Game 2 of 3
|l| crunchysprigatito
|j| Ryzen5500 G
|l| scalonetapibe
|j| KhaiWings
|j| plastocyanin
|l| plastocyanin
|l|☆TheMrAfro
|player|p1|
|j|☆TheMrAfro
|player|p1|TheMrAfro|cynthia|
|l| KhaiWings
|j| matyel2030
|l| FelicidadesPolo8-0
|l|☆TheMrAfro
|player|p1|
|l| zeepel
|l| matyel2030
|j| zeepel
