|j|☆InTheTemple
|j|☆endK649
|html|InTheTempleendK649    
|uhtml|bestof|Game 2 of a best-of-3
|t:|1757699560
|gametype|doubles
|player|p1|InTheTemple|pokemonranger-gen4|1219
|player|p2|endK649|gambler|1169
|gen|9
|tier|[Gen 9] VGC 2025 Reg H (Bo3)
|rated|
|rule|Species Clause: Limit one of each Pokémon
|rule|Item Clause: Limit 1 of each item
|clearpoke
|poke|p1|Amoonguss, L50, F|
|poke|p1|Incineroar, L50, F|
|poke|p1|Porygon2, L50|
|poke|p1|Ursaluna, L50, F|
|poke|p1|Hydreigon, L50, M|
|poke|p1|Annihilape, L50, F|
|poke|p2|Feraligatr, L50, F|
|poke|p2|Volcarona, L50, M|
|poke|p2|Electabuzz, L50, M|
|poke|p2|Rillaboom, L50, F|
|poke|p2|Sneasler, L50, F|
|poke|p2|Kingambit, L50, M|
|teampreview|4
|showteam|p1|Amoonguss||SitrusBerry|Regenerator|ClearSmog,PollenPuff,Spore,RagePowder|||F|||50|,,,,,Water]Incineroar||AssaultVest|Intimidate|FakeOut,KnockOff,FlareBlitz,Uturn|||F|||50|,,,,,Grass]Porygon2||Eviolite|Download|TeraBlast,IceBeam,Recover,TrickRoom||||||50|,,,,,Fighting]Ursaluna||FlameOrb|Guts|Facade,HeadlongRush,Earthquake,Protect|||F|||50|,,,,,Fairy]Hydreigon||SafetyGoggles|Levitate|DracoMeteor,Snarl,Taunt,Protect|||M|||50|,,,,,Ghost]Annihilape||FocusSash|Defiant|CloseCombat,RageFist,BrickBreak,Coaching|||F|||50|,,,,,Fire
|showteam|p2|Feraligatr||LifeOrb|SheerForce|Liquidation,IcePunch,DragonDance,Protect|||F|||50|,,,,,Poison]Volcarona||CovertCloak|FlameBody|HeatWave,TeraBlast,QuiverDance,Protect|||M|||50|,,,,,Fairy]Electabuzz||Eviolite|VitalSpirit|Thunderbolt,Taunt,FollowMe,Protect|||M|||50|,,,,,Ghost]Rillaboom||AssaultVest|GrassySurge|WoodHammer,GrassyGlide,HighHorsepower,FakeOut|||F|||50|,,,,,Water]Sneasler||FocusSash|Unburden|DireClaw,CloseCombat,Coaching,FakeOut|||F|||50|,,,,,Ghost]Kingambit||SafetyGoggles|Defiant|KowtowCleave,SuckerPunch,SwordsDance,Protect|||M|||50|,,,,,Fire
|inactive|Battle timer is ON: inactive players will automatically lose when time's up. (requested by endK649)
|
|t:|1757699582
|teamsize|p1|4
|teamsize|p2|4
|start
|switch|p1a: Annihilape|Annihilape, L50, F|100/100
|switch|p1b: Ursaluna|Ursaluna, L50, F|100/100
|switch|p2a: Volcarona|Volcarona, L50, M, shiny|100/100
|switch|p2b: Electabuzz|Electabuzz, L50, M, shiny|100/100
|turn|1
|
|t:|1757699600
|move|p1a: Annihilape|Coaching|p1b: Ursaluna
|-boost|p1b: Ursaluna|atk|1
|-boost|p1b: Ursaluna|def|1
|move|p2b: Electabuzz|Taunt|p1a: Annihilape
|-start|p1a: Annihilape|move: Taunt
|move|p2a: Volcarona|Quiver Dance|p2a: Volcarona
|-boost|p2a: Volcarona|spa|1
|-boost|p2a: Volcarona|spd|1
|-boost|p2a: Volcarona|spe|1
|move|p1b: Ursaluna|Headlong Rush|p2a: Volcarona
|-damage|p2a: Volcarona|0 fnt
|-unboost|p1b: Ursaluna|def|1
|-unboost|p1b: Ursaluna|spd|1
|-status|p1b: Ursaluna|brn|[from] ability: Flame Body|[of] p2a: Volcarona
|faint|p2a: Volcarona
|
|-damage|p1b: Ursaluna|94/100 brn|[from] brn
|upkeep
|
|t:|1757699612
|switch|p2a: Rillaboom|Rillaboom, L50, F, shiny|100/100
|-fieldstart|move: Grassy Terrain|[from] ability: Grassy Surge|[of] p2a: Rillaboom
|turn|2
|
|t:|1757699635
|switch|p1a: Incineroar|Incineroar, L50, F|100/100
|-ability|p1a: Incineroar|Intimidate|boost
|-unboost|p2a: Rillaboom|atk|1
|-unboost|p2b: Electabuzz|atk|1
|move|p2b: Electabuzz|Protect|p2b: Electabuzz
|-singleturn|p2b: Electabuzz|Protect
|move|p1b: Ursaluna|Protect|p1b: Ursaluna
|-singleturn|p1b: Ursaluna|Protect
|move|p2a: Rillaboom|Wood Hammer|p1b: Ursaluna
|-activate|p1b: Ursaluna|move: Protect
|
|-heal|p1b: Ursaluna|100/100 brn|[from] Grassy Terrain
|-damage|p1b: Ursaluna|94/100 brn|[from] brn
|upkeep
|turn|3
|
|t:|1757699651
|switch|p2a: Sneasler|Sneasler, L50, F, shiny|100/100
|-terastallize|p2b: Electabuzz|Ghost
|-terastallize|p1b: Ursaluna|Fairy
|move|p2b: Electabuzz|Taunt|p1b: Ursaluna
|-start|p1b: Ursaluna|move: Taunt
|move|p1a: Incineroar|U-turn|p2a: Sneasler
|-resisted|p2a: Sneasler
|-damage|p2a: Sneasler|92/100
|
|t:|1757699661
|switch|p1a: Annihilape|Annihilape, L50, F|100/100|[from] U-turn
|move|p1b: Ursaluna|Headlong Rush|p2b: Electabuzz
|-damage|p2b: Electabuzz|0 fnt
|-unboost|p1b: Ursaluna|def|1
|-unboost|p1b: Ursaluna|spd|1
|faint|p2b: Electabuzz
|
|-heal|p2a: Sneasler|98/100|[from] Grassy Terrain
|-heal|p1b: Ursaluna|100/100 brn|[from] Grassy Terrain
|-damage|p1b: Ursaluna|94/100 brn|[from] brn
|upkeep
|
|t:|1757699663
|switch|p2b: Rillaboom|Rillaboom, L50, F, shiny|100/100
|turn|4
|
|t:|1757699673
|switch|p1b: Incineroar|Incineroar, L50, F|100/100
|-ability|p1b: Incineroar|Intimidate|boost
|-unboost|p2a: Sneasler|atk|1
|-unboost|p2b: Rillaboom|atk|1
|move|p2a: Sneasler|Dire Claw|p1b: Incineroar
|-damage|p1b: Incineroar|70/100
|move|p1a: Annihilape|Rage Fist|p2a: Sneasler
|-damage|p2a: Sneasler|63/100
|move|p2b: Rillaboom|Wood Hammer|p1a: Annihilape
|-crit|p1a: Annihilape
|-enditem|p1a: Annihilape|Focus Sash
|-damage|p1a: Annihilape|1/100
|-damage|p2b: Rillaboom|68/100|[from] Recoil
|
|-heal|p2a: Sneasler|68/100|[from] Grassy Terrain
|-heal|p1a: Annihilape|7/100|[from] Grassy Terrain
|-heal|p2b: Rillaboom|73/100|[from] Grassy Terrain
|-heal|p1b: Incineroar|76/100|[from] Grassy Terrain
|upkeep
|turn|5
|
|t:|1757699691
|move|p2b: Rillaboom|Grassy Glide|p1a: Annihilape
|-damage|p1a: Annihilape|0 fnt
|faint|p1a: Annihilape
|move|p2a: Sneasler|Coaching|p2b: Rillaboom
|-boost|p2b: Rillaboom|atk|1
|-boost|p2b: Rillaboom|def|1
|move|p1b: Incineroar|U-turn|p2b: Rillaboom
|-supereffective|p2b: Rillaboom
|-damage|p2b: Rillaboom|49/100
|
|t:|1757699697
|switch|p1b: Porygon2|Porygon2, L50|100/100|[from] U-turn
|-ability|p1b: Porygon2|Download|boost
|-boost|p1b: Porygon2|spa|1
|
|-heal|p2a: Sneasler|74/100|[from] Grassy Terrain
|-heal|p2b: Rillaboom|55/100|[from] Grassy Terrain
|upkeep
|
|t:|1757699700
|switch|p1a: Incineroar|Incineroar, L50, F|76/100
|-ability|p1a: Incineroar|Intimidate|boost
|-unboost|p2a: Sneasler|atk|1
|-unboost|p2b: Rillaboom|atk|1
|turn|6
|
|t:|1757699713
|move|p1a: Incineroar|Fake Out|p2a: Sneasler
|-damage|p2a: Sneasler|53/100
|cant|p2a: Sneasler|flinch
|move|p2b: Rillaboom|High Horsepower|p1a: Incineroar
|-supereffective|p1a: Incineroar
|-damage|p1a: Incineroar|35/100
|move|p1b: Porygon2|Trick Room|p1b: Porygon2
|-fieldstart|move: Trick Room|[of] p1b: Porygon2
|
|-heal|p1a: Incineroar|41/100|[from] Grassy Terrain
|-heal|p2b: Rillaboom|61/100|[from] Grassy Terrain
|-heal|p2a: Sneasler|59/100|[from] Grassy Terrain
|-fieldend|move: Grassy Terrain
|upkeep
|turn|7
|
|t:|1757699727
|move|p1b: Porygon2|Ice Beam|p2b: Rillaboom
|-supereffective|p2b: Rillaboom
|-damage|p2b: Rillaboom|8/100
|move|p1a: Incineroar|U-turn|p2b: Rillaboom
|-supereffective|p2b: Rillaboom
|-damage|p2b: Rillaboom|0 fnt
|faint|p2b: Rillaboom
|
|t:|1757699732
|switch|p1a: Ursaluna|Ursaluna, L50, F, tera:Fairy|94/100 brn|[from] U-turn
|move|p2a: Sneasler|Close Combat|p1a: Ursaluna
|-resisted|p1a: Ursaluna
|-damage|p1a: Ursaluna|82/100 brn
|-unboost|p2a: Sneasler|def|1
|-unboost|p2a: Sneasler|spd|1
|
|-damage|p1a: Ursaluna|76/100 brn|[from] brn
|upkeep
|turn|8
|-message|endK649 forfeited.
|
|win|InTheTemple
||endK649 is ready for game 3.
||InTheTemple is ready for game 3.
|uhtml|next|Next: Game 3 of 3
|l|☆InTheTemple
|player|p1|
|l|☆endK649
|player|p2|
