|j|☆saboyita
|j|☆stn_augustine
|html|saboyitastn_augustine    
|uhtml|bestof|Game 2 of a best-of-3
|t:|1756348658
|gametype|doubles
|player|p1|saboyita|grimsley|1098
|player|p2|stn_augustine|265|1146
|gen|9
|tier|[Gen 9] VGC 2025 Reg H (Bo3)
|rated|
|rule|Species Clause: Limit one of each Pokémon
|rule|Item Clause: Limit 1 of each item
|clearpoke
|poke|p1|Amoonguss, L50, F|
|poke|p1|Hydreigon, L50, F|
|poke|p1|Whimsicott, L50, F|
|poke|p1|Maushold-Four, L50|
|poke|p1|Annihilape, L50, M|
|poke|p1|Ursaluna-Bloodmoon, L50, M|
|poke|p2|Porygon2, L50|
|poke|p2|Incineroar, L50, F|
|poke|p2|Ursaluna, L50, M|
|poke|p2|Jumpluff, L50, M|
|poke|p2|Charizard, L50, M|
|poke|p2|Torkoal, L50, M|
|teampreview|4
|showteam|p1|Amoonguss||MentalHerb|Regenerator|ClearSmog,Spore,RagePowder,Protect|||F|||50|,,,,,Water]Hydreigon||ChoiceSpecs|Levitate|Snarl,HeatWave,DarkPulse,DracoMeteor|||F|||50|,,,,,Ghost]Whimsicott||CovertCloak|Prankster|BeatUp,Encore,HelpingHand,Tailwind|||F|||50|,,,,,Dark]Maushold-Four||WideLens|Technician|PopulationBomb,Taunt,FollowMe,Protect||||||50|,,,,,Ghost]Annihilape||Leftovers|Defiant|RageFist,CloseCombat,FinalGambit,Protect|||M|||50|,,,,,Water]Ursaluna-Bloodmoon||LifeOrb|MindsEye|HyperVoice,EarthPower,BloodMoon,Protect|||M|||50|,,,,,Water
|showteam|p2|Porygon2||Eviolite|Download|TeraBlast,IceBeam,TrickRoom,Recover||||||50|,,,,,Fighting]Incineroar||SitrusBerry|Intimidate|FakeOut,KnockOff,FlareBlitz,PartingShot|||F|||50|,,,,,Ghost]Ursaluna||FlameOrb|Guts|HeadlongRush,Facade,Earthquake,Protect|||M|||50|,,,,,Ghost]Jumpluff||CovertCloak|Chlorophyll|RagePowder,SunnyDay,Tailwind,SleepPowder|||M|||50|,,,,,Fire]Charizard||ChoiceSpecs|SolarPower|HeatWave,Overheat,WeatherBall,DragonPulse|||M|||50|,,,,,Ghost]Torkoal||EjectPack|Drought|Overheat,Eruption,HelpingHand,Protect|||M|||50|,,,,,Fire
|inactive|Battle timer is ON: inactive players will automatically lose when time's up. (requested by saboyita)
|inactive|stn_augustine has 60 seconds left.
|
|t:|1756348718
|teamsize|p1|4
|teamsize|p2|4
|start
|switch|p1a: Hydreigon|Hydreigon, L50, F|100/100
|switch|p1b: Maushold|Maushold-Four, L50|100/100
|switch|p2a: Porygon2|Porygon2, L50|100/100
|switch|p2b: Incineroar|Incineroar, L50, F|100/100
|-ability|p2b: Incineroar|Intimidate|boost
|-unboost|p1a: Hydreigon|atk|1
|-unboost|p1b: Maushold|atk|1
|-ability|p2a: Porygon2|Download|boost
|-boost|p2a: Porygon2|atk|1
|turn|1
|inactive|stn_augustine has 30 seconds left.
|inactive|stn_augustine has 20 seconds left.
|inactive|stn_augustine has 15 seconds left.
|inactive|stn_augustine has 10 seconds left.
|
|t:|1756348764
|switch|p1a: Ursaluna|Ursaluna-Bloodmoon, L50, M|100/100
|switch|p2a: Torkoal|Torkoal, L50, M|100/100
|-weather|SunnyDay|[from] ability: Drought|[of] p2a: Torkoal
|-terastallize|p1b: Maushold|Ghost
|-terastallize|p2b: Incineroar|Ghost
|move|p1b: Maushold|Taunt|p2a: Torkoal
|-start|p2a: Torkoal|move: Taunt
|move|p2b: Incineroar|Flare Blitz|p1b: Maushold
|-damage|p1b: Maushold|0 fnt
|faint|p1b: Maushold
|-damage|p2b: Incineroar|76/100|[from] Recoil
|
|-weather|SunnyDay|[upkeep]
|upkeep
|
|t:|1756348782
|switch|p1b: Whimsicott|Whimsicott, L50, F|100/100
|turn|2
|inactive|stn_augustine has 30 seconds left.
|inactive|stn_augustine has 20 seconds left.
|inactive|stn_augustine has 15 seconds left.
|inactive|saboyita has 30 seconds left.
|inactive|stn_augustine has 10 seconds left.
|inactive|stn_augustine has 5 seconds left.
|inactive|saboyita has 20 seconds left.
|inactive|saboyita has 15 seconds left.
|inactive|saboyita has 10 seconds left.
|
|t:|1756348855
|move|p1b: Whimsicott|Helping Hand|p1a: Ursaluna
|-singleturn|p1a: Ursaluna|Helping Hand|[of] p1b: Whimsicott
|move|p1a: Ursaluna|Hyper Voice|p2a: Torkoal|[spread] p2a,p2b
|-damage|p2a: Torkoal|0 fnt
|-damage|p2b: Incineroar|5/100
|-enditem|p2b: Incineroar|Sitrus Berry|[eat]
|-heal|p2b: Incineroar|30/100|[from] item: Sitrus Berry
|faint|p2a: Torkoal
|-damage|p1a: Ursaluna|91/100|[from] item: Life Orb
|move|p2b: Incineroar|Parting Shot|p1a: Ursaluna
|-unboost|p1a: Ursaluna|atk|1
|-unboost|p1a: Ursaluna|spa|1
|
|t:|1756348872
|switch|p2b: Ursaluna|Ursaluna, L50, M|100/100|[from] Parting Shot
|
|-weather|SunnyDay|[upkeep]
|-status|p2b: Ursaluna|brn|[from] item: Flame Orb
|upkeep
|
|t:|1756348882
|switch|p2a: Incineroar|Incineroar, L50, F, tera:Ghost|30/100
|-ability|p2a: Incineroar|Intimidate|boost
|-unboost|p1a: Ursaluna|atk|1
|-unboost|p1b: Whimsicott|atk|1
|turn|3
|inactive|stn_augustine has 30 seconds left.
|
|t:|1756348909
|switch|p1a: Hydreigon|Hydreigon, L50, F|100/100
|move|p2a: Incineroar|Fake Out|p1a: Hydreigon
|-damage|p1a: Hydreigon|84/100
|move|p1b: Whimsicott|Beat Up|p2a: Incineroar
|-supereffective|p2a: Incineroar
|-damage|p2a: Incineroar|26/100
|-supereffective|p2a: Incineroar
|-damage|p2a: Incineroar|23/100
|-supereffective|p2a: Incineroar
|-damage|p2a: Incineroar|20/100
|-hitcount|p2a: Incineroar|3
|move|p2b: Ursaluna|Facade|p1b: Whimsicott
|-damage|p1b: Whimsicott|0 fnt
|faint|p1b: Whimsicott
|
|-weather|SunnyDay|[upkeep]
|-damage|p2b: Ursaluna|95/100 brn|[from] brn
|upkeep
|
|t:|1756348924
|switch|p1b: Ursaluna|Ursaluna-Bloodmoon, L50, M|91/100
|turn|4
|inactive|stn_augustine has 30 seconds left.
|
|t:|1756348951
|move|p2b: Ursaluna|Protect|p2b: Ursaluna
|-singleturn|p2b: Ursaluna|Protect
|move|p1a: Hydreigon|Dark Pulse|p2b: Ursaluna
|-activate|p2b: Ursaluna|move: Protect
|move|p1b: Ursaluna|Hyper Voice|p2a: Incineroar|[spread] p2a
|-activate|p2b: Ursaluna|move: Protect
|-damage|p2a: Incineroar|0 fnt
|faint|p2a: Incineroar
|-damage|p1b: Ursaluna|81/100|[from] item: Life Orb
|
|-weather|SunnyDay|[upkeep]
|-damage|p2b: Ursaluna|89/100 brn|[from] brn
|upkeep
|
|t:|1756348963
|switch|p2a: Porygon2|Porygon2, L50|100/100
|-ability|p2a: Porygon2|Download|boost
|-boost|p2a: Porygon2|spa|1
|turn|5
|
|t:|1756348974
|move|p1a: Hydreigon|Dark Pulse|p2b: Ursaluna
|-damage|p2b: Ursaluna|22/100 brn
|move|p1b: Ursaluna|Hyper Voice|p2b: Ursaluna|[spread] p2a,p2b
|-damage|p2a: Porygon2|65/100
|-damage|p2b: Ursaluna|0 fnt
|faint|p2b: Ursaluna
|-damage|p1b: Ursaluna|72/100|[from] item: Life Orb
|move|p2a: Porygon2|Trick Room|p2a: Porygon2
|-fieldstart|move: Trick Room|[of] p2a: Porygon2
|
|-weather|none
|upkeep
|turn|6
|
|t:|1756348993
|move|p2a: Porygon2|Ice Beam|p1a: Hydreigon
|-supereffective|p1a: Hydreigon
|-damage|p1a: Hydreigon|0 fnt
|faint|p1a: Hydreigon
|move|p1b: Ursaluna|Blood Moon|p2a: Porygon2
|-damage|p2a: Porygon2|0 fnt
|faint|p2a: Porygon2
|-damage|p1b: Ursaluna|62/100|[from] item: Life Orb
|
|win|saboyita
|raw|saboyita's rating: 1098 → 1127(+29 for winning)
|raw|stn_augustine's rating: 1146 → 1118(-28 for losing)
