|j|☆PTP_VGC
|j|☆Jasondddd
|html|PTP_VGCJasondddd    
|uhtml|bestof|Game 3 of a best-of-3
|t:|1754942129
|gametype|doubles
|player|p1|PTP_VGC|102|1352
|player|p2|Jasondddd|169|1323
|gen|9
|tier|[Gen 9] VGC 2025 Reg H (Bo3)
|rated|
|rule|Species Clause: Limit one of each Pokémon
|rule|Item Clause: Limit 1 of each item
|clearpoke
|poke|p1|Arcanine-Hisui, L50, M|
|poke|p1|Weezing, L50, M|
|poke|p1|Porygon2, L50|
|poke|p1|Weavile, L50, F|
|poke|p1|Pawmot, L50, M|
|poke|p1|Toedscruel, L50, F|
|poke|p2|Volcarona, L50, M|
|poke|p2|Electabuzz, L50, M|
|poke|p2|Kingambit, L50, M|
|poke|p2|Sneasler, L50, M|
|poke|p2|Rillaboom, L50, F|
|poke|p2|Basculegion, L50, M|
|teampreview|4
|showteam|p1|Arcanine-Hisui||AbilityShield|Intimidate|FlareBlitz,RockSlide,ExtremeSpeed,Protect|||M|||50|,,,,,Ghost]Weezing||SitrusBerry|NeutralizingGas|SludgeBomb,WillOWisp,Taunt,Protect|||M|||50|,,,,,Grass]Porygon2||Eviolite|Download|TeraBlast,IceBeam,Recover,TrickRoom||||||50|,,,,,Water]Weavile||WideLens|Pressure|KnockOff,TripleAxel,FakeOut,Protect|||F|||50|,,,,,Stellar]Pawmot||FocusSash|NaturalCure|DoubleShock,CloseCombat,RevivalBlessing,Protect|||M|||50|,,,,,Stellar]Toedscruel||LifeOrb|MyceliumMight|EarthPower,EnergyBall,Spore,RagePowder|||F|||50|,,,,,Water
|showteam|p2|Volcarona||CovertCloak|FlameBody|Protect,QuiverDance,HeatWave,TeraBlast|||M|||50|,,,,,Fairy]Electabuzz||Eviolite|VitalSpirit|Protect,Thunderbolt,Taunt,FollowMe|||M|||50|,,,,,Dragon]Kingambit||SafetyGoggles|Defiant|Protect,SwordsDance,SuckerPunch,KowtowCleave|||M|||50|,,,,,Dark]Sneasler||FocusSash|Unburden|FakeOut,DireClaw,Protect,CloseCombat|||M|||50|,,,,,Ghost]Rillaboom||AssaultVest|GrassySurge|FakeOut,GrassyGlide,WoodHammer,Uturn|||F|||50|,,,,,Fire]Basculegion||ChoiceScarf|Adaptability|FlipTurn,AquaJet,LastRespects,WaveCrash|||M|||50|,,,,,Fairy
|inactive|Battle timer is ON: inactive players will automatically lose when time's up. (requested by PTP_VGC)
|inactive|Jasondddd has 60 seconds left.
|
|t:|1754942164
|teamsize|p1|4
|teamsize|p2|4
|start
|switch|p1a: Speedwalker|Weavile, L50, F|100/100
|switch|p1b: Adr. & Adr.|Weezing, L50, M|100/100
|switch|p2a: Basculegion|Basculegion, L50, M|100/100
|switch|p2b: Volcarona|Volcarona, L50, M|100/100
|-ability|p1b: Adr. & Adr.|Neutralizing Gas
|turn|1
|
|t:|1754942181
|move|p2a: Basculegion|Wave Crash|p1a: Speedwalker
|-damage|p1a: Speedwalker|0 fnt
|faint|p1a: Speedwalker
|-damage|p2a: Basculegion|76/100|[from] Recoil
|move|p2b: Volcarona|Quiver Dance|p2b: Volcarona
|-boost|p2b: Volcarona|spa|1
|-boost|p2b: Volcarona|spd|1
|-boost|p2b: Volcarona|spe|1
|move|p1b: Adr. & Adr.|Taunt|p2b: Volcarona
|-start|p2b: Volcarona|move: Taunt
|
|upkeep
|
|t:|1754942185
|switch|p1a: Vulfmon|Arcanine-Hisui, L50, M|100/100
|-ability|p1a: Vulfmon|Intimidate|boost
|-unboost|p2a: Basculegion|atk|1
|-unboost|p2b: Volcarona|atk|1
|turn|2
|
|t:|1754942203
|move|p1a: Vulfmon|Protect|p1a: Vulfmon
|-singleturn|p1a: Vulfmon|Protect
|move|p2b: Volcarona|Heat Wave|p1b: Adr. & Adr.|[spread] p1b
|-activate|p1a: Vulfmon|move: Protect
|-damage|p1b: Adr. & Adr.|37/100
|-enditem|p1b: Adr. & Adr.|Sitrus Berry|[eat]
|-heal|p1b: Adr. & Adr.|62/100|[from] item: Sitrus Berry
|move|p2a: Basculegion|Wave Crash|p1a: Vulfmon
|-activate|p1a: Vulfmon|move: Protect
|move|p1b: Adr. & Adr.|Will-O-Wisp|p2a: Basculegion
|-status|p2a: Basculegion|brn
|
|-damage|p2a: Basculegion|70/100 brn|[from] brn
|upkeep
|turn|3
|
|t:|1754942220
|-terastallize|p1a: Vulfmon|Ghost
|move|p2b: Volcarona|Heat Wave|p1b: Adr. & Adr.|[spread] p1b
|-miss|p2b: Volcarona|p1a: Vulfmon
|-damage|p1b: Adr. & Adr.|5/100
|move|p2a: Basculegion|Wave Crash|p1a: Vulfmon
|-damage|p1a: Vulfmon|79/100
|-damage|p2a: Basculegion|63/100 brn|[from] Recoil
|move|p1a: Vulfmon|Rock Slide|p2b: Volcarona|[spread] p2a,p2b
|-supereffective|p2b: Volcarona
|-damage|p2a: Basculegion|30/100 brn
|-damage|p2b: Volcarona|0 fnt
|faint|p2b: Volcarona
|move|p1b: Adr. & Adr.|Sludge Bomb|p2a: Basculegion
|-resisted|p2a: Basculegion
|-damage|p2a: Basculegion|13/100 brn
|
|-damage|p2a: Basculegion|7/100 brn|[from] brn
|upkeep
|
|t:|1754942243
|switch|p2b: Electabuzz|Electabuzz, L50, M|100/100
|turn|4
|
|t:|1754942269
|switch|p2a: Rillaboom|Rillaboom, L50, F|100/100
|move|p1b: Adr. & Adr.|Protect|p1b: Adr. & Adr.
|-singleturn|p1b: Adr. & Adr.|Protect
|move|p2b: Electabuzz|Thunderbolt|p1b: Adr. & Adr.
|-activate|p1b: Adr. & Adr.|move: Protect
|move|p1a: Vulfmon|Rock Slide|p2a: Rillaboom|[spread] p2b
|-miss|p1a: Vulfmon|p2a: Rillaboom
|-damage|p2b: Electabuzz|79/100
|
|upkeep
|turn|5
|
|t:|1754942288
|-terastallize|p2a: Rillaboom|Fire
|move|p2b: Electabuzz|Thunderbolt|p1b: Adr. & Adr.
|-damage|p1b: Adr. & Adr.|0 fnt
|faint|p1b: Adr. & Adr.
|-end|p1b: Adr. & Adr.|ability: Neutralizing Gas
|-fieldstart|move: Grassy Terrain|[from] ability: Grassy Surge|[of] p2a: Rillaboom
|move|p1a: Vulfmon|Flare Blitz|p2a: Rillaboom
|-resisted|p2a: Rillaboom
|-damage|p2a: Rillaboom|74/100
|-damage|p1a: Vulfmon|70/100|[from] Recoil
|move|p2a: Rillaboom|Wood Hammer|p1a: Vulfmon
|-damage|p1a: Vulfmon|0 fnt
|faint|p1a: Vulfmon
|-damage|p2a: Rillaboom|52/100|[from] Recoil
|
|-heal|p2b: Electabuzz|85/100|[from] Grassy Terrain
|-heal|p2a: Rillaboom|58/100|[from] Grassy Terrain
|upkeep
|
|t:|1754942292
|switch|p1b: Back Pocket|Pawmot, L50, M|100/100
|turn|6
|inactive|Jasondddd has 30 seconds left.
|
|t:|1754942321
|move|p1b: Back Pocket|Revival Blessing|p1b: Back Pocket
|
|t:|1754942326
|-heal|p1: Vulfmon|50/100|[from] move: Revival Blessing
|switch|p1a: Vulfmon|Arcanine-Hisui, L50, M|50/100
|-ability|p1a: Vulfmon|Intimidate|boost
|-unboost|p2a: Rillaboom|atk|1
|-unboost|p2b: Electabuzz|atk|1
|move|p2b: Electabuzz|Thunderbolt|p1b: Back Pocket
|-resisted|p1b: Back Pocket
|-damage|p1b: Back Pocket|75/100
|move|p2a: Rillaboom|U-turn|p1b: Back Pocket
|-resisted|p1b: Back Pocket
|-damage|p1b: Back Pocket|63/100
|
|t:|1754942338
|switch|p2a: Basculegion|Basculegion, L50, M|7/100 brn|[from] U-turn
|
|-heal|p2a: Basculegion|13/100 brn|[from] Grassy Terrain
|-heal|p1b: Back Pocket|69/100|[from] Grassy Terrain
|-heal|p2b: Electabuzz|92/100|[from] Grassy Terrain
|-heal|p1a: Vulfmon|56/100|[from] Grassy Terrain
|-damage|p2a: Basculegion|7/100 brn|[from] brn
|upkeep
|turn|7
|
|t:|1754942351
|move|p1a: Vulfmon|Protect|p1a: Vulfmon
|-singleturn|p1a: Vulfmon|Protect
|move|p2a: Basculegion|Wave Crash|p1a: Vulfmon
|-activate|p1a: Vulfmon|move: Protect
|move|p1b: Back Pocket|Close Combat|p2b: Electabuzz
|-damage|p2b: Electabuzz|42/100
|-unboost|p1b: Back Pocket|def|1
|-unboost|p1b: Back Pocket|spd|1
|move|p2b: Electabuzz|Thunderbolt|p1a: Vulfmon
|-activate|p1a: Vulfmon|move: Protect
|
|-heal|p2a: Basculegion|13/100 brn|[from] Grassy Terrain
|-heal|p1b: Back Pocket|75/100|[from] Grassy Terrain
|-heal|p2b: Electabuzz|49/100|[from] Grassy Terrain
|-heal|p1a: Vulfmon|62/100|[from] Grassy Terrain
|-damage|p2a: Basculegion|7/100 brn|[from] brn
|upkeep
|turn|8
|
|t:|1754942373
|move|p2b: Electabuzz|Protect|p2b: Electabuzz
|-singleturn|p2b: Electabuzz|Protect
|move|p1a: Vulfmon|Extreme Speed|p2b: Electabuzz
|-activate|p2b: Electabuzz|move: Protect
|move|p2a: Basculegion|Wave Crash|p1a: Vulfmon
|-supereffective|p1a: Vulfmon
|-damage|p1a: Vulfmon|0 fnt
|faint|p1a: Vulfmon
|-damage|p2a: Basculegion|0 fnt|[from] Recoil
|faint|p2a: Basculegion
|move|p1b: Back Pocket|Close Combat|p2b: Electabuzz
|-activate|p2b: Electabuzz|move: Protect
|
|-heal|p1b: Back Pocket|81/100|[from] Grassy Terrain
|-heal|p2b: Electabuzz|55/100|[from] Grassy Terrain
|upkeep
|-message|PTP_VGC forfeited.
|
|win|Jasondddd
|raw|PTP_VGC's rating: 1352 → 1330(-22 for losing)
|raw|Jasondddd's rating: 1323 → 1345(+22 for winning)
|l|☆PTP_VGC
|player|p1|
|c|☆Jasondddd|Gg
