|j|☆reginaldgtest
|html|reginaldgtestdxmxim    
|uhtml|bestof|Game 2 of a best-of-3
|t:|1757846923
|gametype|doubles
|player|p1|reginaldgtest|169|1155
|player|p2|dxmxim|265|1099
|gen|9
|tier|[Gen 9] VGC 2025 Reg H (Bo3)
|rated|
|rule|Species Clause: Limit one of each Pokémon
|rule|Item Clause: Limit 1 of each item
|clearpoke
|poke|p1|Annihilape, L50, F|
|poke|p1|Maushold, L50|
|poke|p1|Dragonite, L50, M|
|poke|p1|Sneasler, L50, M|
|poke|p1|Rillaboom, L50, F|
|poke|p1|Ursaluna-Bloodmoon, L50, M|
|poke|p2|Incineroar, L50, F|
|poke|p2|Rotom-Wash, L50|
|poke|p2|Rillaboom, L50, M|
|poke|p2|Venonat, L50, F|
|poke|p2|Gholdengo, L50|
|poke|p2|Dragonite, L50, F|
|teampreview|4
|showteam|p1|Annihilape||SitrusBerry|Defiant|Protect,BulkUp,RageFist,DrainPunch|||F|||50|,,,,,Fire]Maushold||FocusSash|FriendGuard|Protect,BeatUp,FollowMe,Taunt||||||50|,,,,,Ghost]Dragonite||LoadedDice|Multiscale|Protect,Tailwind,ScaleShot,BreakingSwipe|||M|||50|,,,,,Steel]Sneasler||ChoiceScarf|PoisonTouch|Coaching,DireClaw,CloseCombat,Uturn|||M|||50|,,,,,Ghost]Rillaboom||AssaultVest|GrassySurge|FakeOut,Uturn,GrassyGlide,DrumBeating|||F|||50|,,,,,Fire]Ursaluna-Bloodmoon||LifeOrb|MindsEye|Protect,BloodMoon,HyperVoice,EarthPower|||M|||50|,,,,,Normal
|showteam|p2|Incineroar||SafetyGoggles|Intimidate|FakeOut,PartingShot,FlareBlitz,Protect|||F|||50|,,,,,Ghost]Rotom-Wash||AssaultVest|Levitate|HydroPump,VoltSwitch,Thunderbolt,Electroweb||||||50|,,,,,Dragon]Rillaboom||MiracleSeed|GrassySurge|Protect,GrassyGlide,WoodHammer,FakeOut|||M|||50|,,,,,Fire]Venonat||Eviolite|CompoundEyes|RagePowder,SleepPowder,Toxic,MorningSun|||F|||50|,,,,,Grass]Gholdengo||LifeOrb|GoodasGold|ShadowBall,Protect,NastyPlot,MakeItRain||||||50|,,,,,Water]Dragonite||LoadedDice|Multiscale|ExtremeSpeed,ScaleShot,Haze,Tailwind|||F|||50|,,,,,Normal
|inactive|Battle timer is ON: inactive players will automatically lose when time's up. (requested by reginaldgtest)
|inactive|dxmxim disconnected and has a minute to reconnect!
|inactive|dxmxim has 30 seconds to reconnect!
|j|☆dxmxim
|inactive|dxmxim reconnected and has 55 seconds left.
|player|p2|dxmxim|265|
|
|t:|1757846979
|teamsize|p1|4
|teamsize|p2|4
|start
|switch|p1a: Annihilape|Annihilape, L50, F|100/100
|switch|p1b: Maushold|Maushold, L50|100/100
|switch|p2a: Rotom|Rotom-Wash, L50|100/100
|switch|p2b: Dragonite|Dragonite, L50, F|100/100
|turn|1
|
|t:|1757846998
|move|p1b: Maushold|Follow Me|p1b: Maushold
|-singleturn|p1b: Maushold|move: Follow Me
|move|p1a: Annihilape|Bulk Up|p1a: Annihilape
|-boost|p1a: Annihilape|atk|1
|-boost|p1a: Annihilape|def|1
|move|p2b: Dragonite|Scale Shot|p1b: Maushold
|-damage|p1b: Maushold|82/100
|-damage|p1b: Maushold|64/100
|-damage|p1b: Maushold|44/100
|-damage|p1b: Maushold|27/100
|-hitcount|p1b: Maushold|4
|-unboost|p2b: Dragonite|def|1
|-boost|p2b: Dragonite|spe|1
|move|p2a: Rotom|Volt Switch|p1b: Maushold
|-damage|p1b: Maushold|0 fnt
|faint|p1b: Maushold
|
|t:|1757847008
|switch|p2a: Gholdengo|Gholdengo, L50|100/100|[from] Volt Switch
|
|upkeep
|
|t:|1757847024
|switch|p1b: Dragonite|Dragonite, L50, M|100/100
|turn|2
|
|t:|1757847045
|-terastallize|p1a: Annihilape|Fire
|move|p2b: Dragonite|Tailwind|p2b: Dragonite
|-sidestart|p2: dxmxim|move: Tailwind
|move|p2a: Gholdengo|Shadow Ball|p1a: Annihilape
|-damage|p1a: Annihilape|59/100
|-damage|p2a: Gholdengo|91/100|[from] item: Life Orb
|move|p1a: Annihilape|Rage Fist|p2b: Dragonite
|-damage|p2b: Dragonite|56/100
|move|p1b: Dragonite|Tailwind|p1b: Dragonite
|-sidestart|p1: reginaldgtest|move: Tailwind
|
|upkeep
|turn|3
|inactive|dxmxim has 30 seconds left.
|
|t:|1757847071
|-terastallize|p2a: Gholdengo|Water
|move|p2b: Dragonite|Haze|p2b: Dragonite
|-clearallboost
|move|p1a: Annihilape|Rage Fist|p2a: Gholdengo
|-damage|p2a: Gholdengo|49/100
|move|p2a: Gholdengo|Nasty Plot|p2a: Gholdengo
|-boost|p2a: Gholdengo|spa|2
|move|p1b: Dragonite|Scale Shot|p2b: Dragonite
|-supereffective|p2b: Dragonite
|-damage|p2b: Dragonite|29/100
|-supereffective|p2b: Dragonite
|-damage|p2b: Dragonite|3/100
|-supereffective|p2b: Dragonite
|-damage|p2b: Dragonite|0 fnt
|faint|p2b: Dragonite
|-hitcount|p2: Dragonite|3
|-unboost|p1b: Dragonite|def|1
|-boost|p1b: Dragonite|spe|1
|
|upkeep
|
|t:|1757847093
|switch|p2b: Rotom|Rotom-Wash, L50|100/100
|turn|4
|
|t:|1757847112
|move|p2a: Gholdengo|Protect|p2a: Gholdengo
|-singleturn|p2a: Gholdengo|Protect
|move|p1b: Dragonite|Scale Shot|p2b: Rotom
|-damage|p2b: Rotom|87/100
|-damage|p2b: Rotom|74/100
|-crit|p2b: Rotom
|-damage|p2b: Rotom|54/100
|-damage|p2b: Rotom|42/100
|-hitcount|p2b: Rotom|4
|-unboost|p1b: Dragonite|def|1
|-boost|p1b: Dragonite|spe|1
|move|p1a: Annihilape|Drain Punch|p2b: Rotom
|-damage|p2b: Rotom|8/100
|-heal|p1a: Annihilape|72/100|[from] drain|[of] p2b: Rotom
|move|p2b: Rotom|Electroweb|p1b: Dragonite|[spread] 
|-miss|p2b: Rotom|p1a: Annihilape
|-miss|p2b: Rotom|p1b: Dragonite
|
|upkeep
|turn|5
|
|t:|1757847137
|move|p1b: Dragonite|Breaking Swipe|p2a: Gholdengo|[spread] p2a,p2b
|-damage|p2a: Gholdengo|24/100
|-damage|p2b: Rotom|0 fnt
|-unboost|p2a: Gholdengo|atk|1
|faint|p2b: Rotom
|move|p1a: Annihilape|Rage Fist|p2a: Gholdengo
|-damage|p2a: Gholdengo|0 fnt
|faint|p2a: Gholdengo
|
|-sideend|p2: dxmxim|move: Tailwind
|-sideend|p1: reginaldgtest|move: Tailwind
|upkeep
|
|t:|1757847146
|switch|p2b: Rillaboom|Rillaboom, L50, M|100/100
|-fieldstart|move: Grassy Terrain|[from] ability: Grassy Surge|[of] p2b: Rillaboom
|turn|6
|
|t:|1757847154
|move|p2b: Rillaboom|Fake Out|p1b: Dragonite
|-damage|p1b: Dragonite|90/100
|cant|p1b: Dragonite|flinch
|move|p1a: Annihilape|Rage Fist|p2b: Rillaboom
|-crit|p2b: Rillaboom
|-damage|p2b: Rillaboom|39/100
|
|-heal|p1a: Annihilape|78/100|[from] Grassy Terrain
|-heal|p2b: Rillaboom|45/100|[from] Grassy Terrain
|upkeep
|turn|7
|
|t:|1757847165
|move|p1b: Dragonite|Scale Shot|p2b: Rillaboom
|-damage|p2b: Rillaboom|31/100
|-crit|p2b: Rillaboom
|-damage|p2b: Rillaboom|8/100
|-damage|p2b: Rillaboom|0 fnt
|faint|p2b: Rillaboom
|-hitcount|p2: Rillaboom|3
|
|win|reginaldgtest
|l|☆dxmxim
|player|p2|
||dxmxim is ready for game 3.
||reginaldgtest is ready for game 3.
|uhtml|next|Next: Game 3 of 3
