|j|☆StosMac11
|j|☆R1ply
|html|StosMac11R1ply    
|uhtml|bestof|Game 1 of a best-of-3
|t:|1756928641
|gametype|doubles
|player|p1|StosMac11|265|
|player|p2|R1ply|acetrainer-gen4dp|
|gen|9
|tier|[Gen 9] VGC 2025 Reg H (Bo3)
|rule|Species Clause: Limit one of each Pokémon
|rule|Item Clause: Limit 1 of each item
|clearpoke
|poke|p1|Sinistcha, L50|
|poke|p1|Gholdengo, L50|
|poke|p1|Maushold, L50|
|poke|p1|Archaludon, L50, M|
|poke|p1|Armarouge, L50, F|
|poke|p1|Mimikyu, L50, M|
|poke|p2|Gholdengo, L50|
|poke|p2|Sneasler, L50, M|
|poke|p2|Rillaboom, L50, M|
|poke|p2|Dragonite, L50, F|
|poke|p2|Ninetales-Alola, L50, M|
|poke|p2|Arcanine-Hisui, L50, F|
|teampreview|4
|showteam|p1|Sinistcha||SitrusBerry|Hospitality|RagePowder,MatchaGotcha,TrickRoom,Imprison||||||50|,,,,,Normal]Gholdengo||FocusSash|GoodasGold|MakeItRain,Protect,NastyPlot,MetalSound||||||50|,,,,,Fairy]Maushold||WideLens|Technician|PopulationBomb,Protect,FollowMe,BeatUp||||||50|,,,,,Normal]Archaludon||Leftovers|Stamina|Protect,BodyPress,DragonPulse,Snarl|||M|||50|,,,,,Water]Armarouge||WeaknessPolicy|WeakArmor|HeatWave,Taunt,Endure,WideGuard|||F|||50|,,,,,Fire]Mimikyu||MentalHerb|Disguise|TrickRoom,MistyTerrain,ShadowSneak,PlayRough|||M|||50|,,,,,Fairy
|showteam|p2|Gholdengo||GrassySeed|GoodasGold|NastyPlot,MakeItRain,ShadowBall,Protect||||||50|,,,,,Water]Sneasler||WhiteHerb|Unburden|CloseCombat,DireClaw,Coaching,Protect|||M|||50|,,,,,Ghost]Rillaboom||AssaultVest|GrassySurge|FakeOut,GrassyGlide,DrumBeating,HighHorsepower|||M|||50|,,,,,Fire]Dragonite||LoadedDice|Multiscale|ScaleShot,StompingTantrum,Tailwind,Protect|||F|||50|,,,,,Ground]Ninetales-Alola||FocusSash|SnowWarning|Blizzard,IcyWind,Encore,AuroraVeil|||M|||50|,,,,,Ghost]Arcanine-Hisui||ClearAmulet|Intimidate|RockSlide,FlareBlitz,ExtremeSpeed,Protect|||F|||50|,,,,,Water
|inactive|Battle timer is ON: inactive players will automatically lose when time's up. (requested by R1ply)
|inactive|R1ply has 60 seconds left.
|
|t:|1756928687
|teamsize|p1|4
|teamsize|p2|4
|start
|switch|p1a: Mimikyu|Mimikyu, L50, M|100/100
|switch|p1b: Armarouge|Armarouge, L50, F|100/100
|switch|p2a: Sneasler|Sneasler, L50, M|100/100
|switch|p2b: Rillaboom|Rillaboom, L50, M|100/100
|-fieldstart|move: Grassy Terrain|[from] ability: Grassy Surge|[of] p2b: Rillaboom
|turn|1
|inactive|R1ply has 30 seconds left.
|
|t:|1756928722
|move|p1b: Armarouge|Endure|p1b: Armarouge
|-singleturn|p1b: Armarouge|move: Endure
|move|p2b: Rillaboom|Grassy Glide|p1a: Mimikyu
|-activate|p1a: Mimikyu|ability: Disguise
|-damage|p1a: Mimikyu|100/100
|detailschange|p1a: Mimikyu|Mimikyu-Busted, L50, M
|-damage|p1a: Mimikyu|88/100|[from] pokemon: Mimikyu-Busted
|move|p2a: Sneasler|Dire Claw|p1a: Mimikyu
|-damage|p1a: Mimikyu|34/100
|-status|p1a: Mimikyu|psn
|move|p1a: Mimikyu|Misty Terrain|p1a: Mimikyu
|-fieldstart|move: Misty Terrain
|
|-damage|p1a: Mimikyu|22/100 psn|[from] psn
|upkeep
|turn|2
|inactive|R1ply has 30 seconds left.
|inactive|R1ply has 20 seconds left.
|inactive|R1ply has 15 seconds left.
|
|t:|1756928763
|switch|p2a: Arcanine|Arcanine-Hisui, L50, F|100/100
|-ability|p2a: Arcanine|Intimidate|boost
|-unboost|p1a: Mimikyu|atk|1
|-unboost|p1b: Armarouge|atk|1
|-terastallize|p2b: Rillaboom|Fire
|-terastallize|p1b: Armarouge|Fire
|move|p1a: Mimikyu|Shadow Sneak|p1b: Armarouge
|-damage|p1b: Armarouge|90/100
|-ability|p1b: Armarouge|Weak Armor|boost
|-unboost|p1b: Armarouge|def|1
|-boost|p1b: Armarouge|spe|2
|move|p1b: Armarouge|Heat Wave|p2b: Rillaboom|[spread] p2a,p2b
|-resisted|p2a: Arcanine
|-resisted|p2b: Rillaboom
|-damage|p2a: Arcanine|85/100
|-damage|p2b: Rillaboom|84/100
|move|p2b: Rillaboom|Grassy Glide|p1a: Mimikyu
|-damage|p1a: Mimikyu|0 fnt
|faint|p1a: Mimikyu
|
|upkeep
|
|t:|1756928782
|switch|p1a: Archaludon|Archaludon, L50, M|100/100
|turn|3
|inactive|R1ply has 30 seconds left.
|inactive|R1ply has 20 seconds left.
|inactive|R1ply has 15 seconds left.
|
|t:|1756928823
|move|p2a: Arcanine|Protect|p2a: Arcanine
|-singleturn|p2a: Arcanine|Protect
|move|p1a: Archaludon|Protect|p1a: Archaludon
|-singleturn|p1a: Archaludon|Protect
|move|p1b: Armarouge|Heat Wave|p2b: Rillaboom|[spread] p2b
|-activate|p2a: Arcanine|move: Protect
|-resisted|p2b: Rillaboom
|-damage|p2b: Rillaboom|67/100
|move|p2b: Rillaboom|High Horsepower|p1b: Armarouge
|-supereffective|p1b: Armarouge
|-damage|p1b: Armarouge|0 fnt
|faint|p1b: Armarouge
|
|upkeep
|
|t:|1756928835
|switch|p1b: Sinistcha|Sinistcha, L50|100/100
|turn|4
|inactive|StosMac11 has 30 seconds left.
|
|t:|1756928862
|switch|p2b: Sneasler|Sneasler, L50, M|100/100
|move|p2a: Arcanine|Flare Blitz|p1b: Sinistcha
|-supereffective|p1b: Sinistcha
|-damage|p1b: Sinistcha|0 fnt
|faint|p1b: Sinistcha
|-damage|p2a: Arcanine|52/100|[from] Recoil
|move|p1a: Archaludon|Body Press|p2b: Sneasler
|-resisted|p2b: Sneasler
|-damage|p2b: Sneasler|80/100
|
|upkeep
|turn|5
|
|t:|1756928878
|move|p2a: Arcanine|Protect|p2a: Arcanine
|-singleturn|p2a: Arcanine|Protect
|move|p1a: Archaludon|Protect|p1a: Archaludon
|-singleturn|p1a: Archaludon|Protect
|move|p2b: Sneasler|Coaching|p2a: Arcanine
|-boost|p2a: Arcanine|atk|1
|-boost|p2a: Arcanine|def|1
|
|-fieldend|Misty Terrain
|upkeep
|turn|6
|
|t:|1756928898
|switch|p2b: Rillaboom|Rillaboom, L50, M, tera:Fire|67/100
|-fieldstart|move: Grassy Terrain|[from] ability: Grassy Surge|[of] p2b: Rillaboom
|move|p2a: Arcanine|Flare Blitz|p1a: Archaludon
|-damage|p1a: Archaludon|41/100
|-ability|p1a: Archaludon|Stamina|boost
|-boost|p1a: Archaludon|def|1
|-damage|p2a: Arcanine|29/100|[from] Recoil
|move|p1a: Archaludon|Body Press|p2a: Arcanine
|-supereffective|p2a: Arcanine
|-damage|p2a: Arcanine|0 fnt
|faint|p2a: Arcanine
|
|-heal|p2b: Rillaboom|73/100|[from] Grassy Terrain
|-heal|p1a: Archaludon|47/100|[from] Grassy Terrain
|-heal|p1a: Archaludon|53/100|[from] item: Leftovers
|upkeep
|
|t:|1756928914
|switch|p2a: Gholdengo|Gholdengo, L50|100/100
|-enditem|p2a: Gholdengo|Grassy Seed
|-boost|p2a: Gholdengo|def|1|[from] item: Grassy Seed
|turn|7
|
|t:|1756928934
|move|p2a: Gholdengo|Nasty Plot|p2a: Gholdengo
|-boost|p2a: Gholdengo|spa|2
|move|p2b: Rillaboom|Drum Beating|p1a: Archaludon
|-resisted|p1a: Archaludon
|-damage|p1a: Archaludon|46/100
|-unboost|p1a: Archaludon|spe|1
|-ability|p1a: Archaludon|Stamina|boost
|-boost|p1a: Archaludon|def|1
|move|p1a: Archaludon|Snarl|p2a: Gholdengo|[spread] p2a,p2b
|-supereffective|p2a: Gholdengo
|-damage|p2a: Gholdengo|78/100
|-damage|p2b: Rillaboom|66/100
|-unboost|p2a: Gholdengo|spa|1
|-unboost|p2b: Rillaboom|spa|1
|
|-heal|p2a: Gholdengo|84/100|[from] Grassy Terrain
|-heal|p2b: Rillaboom|72/100|[from] Grassy Terrain
|-heal|p1a: Archaludon|52/100|[from] Grassy Terrain
|-heal|p1a: Archaludon|58/100|[from] item: Leftovers
|upkeep
|turn|8
|
|t:|1756928956
|move|p1a: Archaludon|Protect|p1a: Archaludon
|-singleturn|p1a: Archaludon|Protect
|move|p2a: Gholdengo|Nasty Plot|p2a: Gholdengo
|-boost|p2a: Gholdengo|spa|2
|move|p2b: Rillaboom|High Horsepower|p1a: Archaludon
|-activate|p1a: Archaludon|move: Protect
|
|-heal|p2a: Gholdengo|90/100|[from] Grassy Terrain
|-heal|p2b: Rillaboom|78/100|[from] Grassy Terrain
|-heal|p1a: Archaludon|64/100|[from] Grassy Terrain
|-heal|p1a: Archaludon|71/100|[from] item: Leftovers
|upkeep
|turn|9
|
|t:|1756928973
|move|p2a: Gholdengo|Shadow Ball|p1a: Archaludon
|-damage|p1a: Archaludon|0 fnt
|faint|p1a: Archaludon
|
|win|R1ply
||R1ply is ready for game 2.
|l|☆StosMac11
|player|p1|
|inactive|StosMac11 has 30 seconds to confirm battle start!
|inactive|StosMac11 has 20 seconds to confirm battle start!
|inactive|StosMac11 has 10 seconds to confirm battle start!
|inactive|StosMac11 has 0 seconds to confirm battle start!
|uhtml|next|Next: Game 2 of 3
