|j|☆emogss
|j|☆Mauricio0609!
|html|emogssMauricio0609!    
|uhtml|bestof|Game 2 of a best-of-3
|t:|1784754256
|gametype|doubles
|player|p1|emogss|boarder|1047
|player|p2|Mauricio0609!|102|1014
|gen|9
|tier|[Gen 9 Champions] VGC 2026 Reg M-B (Bo3)
|rated|
|rule|Species Clause: Limit one of each Pokémon
|rule|Item Clause: Limit 1 of each item
|clearpoke
|poke|p1|Noivern, L50, M|
|poke|p1|Typhlosion-Hisui, L50, M|
|poke|p1|Mr. Rime, L50, M|
|poke|p1|Sableye, L50, M|
|poke|p1|Eelektross, L50, M|
|poke|p1|Barbaracle, L50, F|
|poke|p2|Annihilape, L50, M, shiny|
|poke|p2|Whimsicott, L50, M|
|poke|p2|Raichu, L50, M|
|poke|p2|Maushold-Four, L50|
|poke|p2|Hydreigon, L50, F|
|poke|p2|Gardevoir, L50, F|
|teampreview|4
|showteam|p1|Noivern||Leftovers|Telepathy|Boomburst,Tailwind,Whirlwind,DragonPulse|Timid||M|||50|]Typhlosion-Hisui||ChoiceScarf|Blaze|Eruption,Earthquake,RockSlide,Extrasensory|Hasty||M|||50|]Mr. Rime||NeverMeltIce|ScreenCleaner|FreezeDry,IceBeam,FakeOut,SuckerPunch|Quiet||M|||50|]Sableye||FocusSash|Prankster|FakeOut,WillOWisp,PainSplit,Hex|Sassy||M|||50|]Eelektross||Eelektrossite|Levitate|Discharge,DragonPulse,GigaDrain,Thunderbolt|Timid||M|||50|]Barbaracle||Barbaracite|ToughClaws|DragonClaw,RazorShell,RockSlide,ShellSmash|Adamant||F|||50|
|showteam|p2|Annihilape||Leftovers|Defiant|Protect,BulkUp,DrainPunch,RageFist|Adamant||M|||50|]Whimsicott||FocusSash|Prankster|Encore,Tailwind,Moonblast,WorrySeed|Timid||M|||50|]Raichu||RaichuniteY|LightningRod|GrassKnot,ZapCannon,FocusBlast,Protect|Timid||M|||50|]Maushold-Four||KingsRock|FriendGuard|PopulationBomb,BeatUp,FollowMe,Protect|Jolly|||||50|]Hydreigon||LifeOrb|Levitate|DarkPulse,EarthPower,DracoMeteor,Protect|Modest||F|||50|]Gardevoir||Gardevoirite|Trace|TrickRoom,CalmMind,HyperVoice,Psychic|Modest||F|||50|
|inactive|Battle timer is ON: inactive players will automatically lose when time's up. (requested by Mauricio0609!)
|
|t:|1784754287
|teamsize|p1|4
|teamsize|p2|4
|start
|switch|p1a: Typhlosion|Typhlosion-Hisui, L50, M|100/100
|switch|p1b: Barbaracle|Barbaracle, L50, F|100/100
|switch|p2a: Gardevoir|Gardevoir, L50, F|100/100
|switch|p2b: Maushold|Maushold-Four, L50|100/100
|-ability|p2a: Gardevoir|Blaze|Trace|[from] ability: Trace|[of] p1a: Typhlosion
|turn|1
|
|t:|1784754305
|detailschange|p1b: Barbaracle|Barbaracle-Mega, L50, F
|-mega|p1b: Barbaracle|Barbaracle|Barbaracite
|detailschange|p2a: Gardevoir|Gardevoir-Mega, L50, F
|-mega|p2a: Gardevoir|Gardevoir|Gardevoirite
|move|p2b: Maushold|Follow Me|p2b: Maushold
|-singleturn|p2b: Maushold|move: Follow Me
|move|p1a: Typhlosion|Eruption|p2a: Gardevoir|[spread] p2a,p2b
|-damage|p2a: Gardevoir|65/100
|-damage|p2b: Maushold|22/100
|move|p1b: Barbaracle|Shell Smash|p1b: Barbaracle
|-unboost|p1b: Barbaracle|def|1
|-unboost|p1b: Barbaracle|spd|1
|-boost|p1b: Barbaracle|atk|2
|-boost|p1b: Barbaracle|spa|2
|-boost|p1b: Barbaracle|spe|2
|move|p2a: Gardevoir|Psychic|p1b: Barbaracle
|-supereffective|p1b: Barbaracle|1
|-damage|p1b: Barbaracle|0 fnt
|faint|p1b: Barbaracle
|
|upkeep
|
|t:|1784754326
|switch|p1b: Mr. Rime|Mr. Rime, L50, M|100/100
|turn|2
|inactive|Mauricio0609! has 30 seconds left.
|inactive|Mauricio0609! has 20 seconds left.
|inactive|Mauricio0609! has 15 seconds left.
|inactive|Mauricio0609! has 10 seconds left.
|
|t:|1784754375
|move|p2b: Maushold|Protect|p2b: Maushold
|-singleturn|p2b: Maushold|Protect
|move|p1b: Mr. Rime|Fake Out|p2a: Gardevoir
|-damage|p2a: Gardevoir|56/100
|move|p1a: Typhlosion|Eruption|p2a: Gardevoir|[spread] p2a
|-activate|p2b: Maushold|move: Protect
|-damage|p2a: Gardevoir|22/100
|cant|p2a: Gardevoir|flinch
|
|upkeep
|turn|3
|
|t:|1784754399
|move|p2b: Maushold|Follow Me|p2b: Maushold
|-singleturn|p2b: Maushold|move: Follow Me
|move|p1a: Typhlosion|Eruption|p2b: Maushold|[spread] p2a,p2b
|-damage|p2a: Gardevoir|0 fnt
|-damage|p2b: Maushold|0 fnt
|faint|p2a: Gardevoir
|faint|p2b: Maushold
|move|p1b: Mr. Rime|Ice Beam|p2: Gardevoir|[notarget]
|-fail|p1b: Mr. Rime
|
|upkeep
|
|t:|1784754408
|switch|p2b: Whimsicott|Whimsicott, L50, M|100/100
|switch|p2a: Annihilape|Annihilape, L50, M, shiny|100/100
|turn|4
|
|t:|1784754423
|move|p2b: Whimsicott|Tailwind|p2b: Whimsicott
|-sidestart|p2: Mauricio0609!|move: Tailwind
|move|p1a: Typhlosion|Eruption|p2a: Annihilape|[spread] p2a,p2b
|-supereffective|p2b: Whimsicott|1
|-damage|p2a: Annihilape|58/100
|-enditem|p2b: Whimsicott|Focus Sash
|-damage|p2b: Whimsicott|1/100
|move|p2a: Annihilape|Rage Fist|p1a: Typhlosion
|-supereffective|p1a: Typhlosion|1
|-crit|p1a: Typhlosion
|-damage|p1a: Typhlosion|0 fnt
|faint|p1a: Typhlosion
|move|p1b: Mr. Rime|Ice Beam|p2a: Annihilape
|-damage|p2a: Annihilape|12/100
|
|-heal|p2a: Annihilape|18/100|[from] item: Leftovers
|upkeep
|
|t:|1784754440
|switch|p1a: Sableye|Sableye, L50, M|100/100
|turn|5
|
|t:|1784754451
|move|p1a: Sableye|Fake Out|p2b: Whimsicott
|-damage|p2b: Whimsicott|0 fnt
|faint|p2b: Whimsicott
|move|p1b: Mr. Rime|Sucker Punch|p2a: Annihilape
|-damage|p2a: Annihilape|3/100
|move|p2a: Annihilape|Drain Punch|p1b: Mr. Rime
|-damage|p1b: Mr. Rime|53/100
|-heal|p2a: Annihilape|23/100|[from] drain|[of] p1b: Mr. Rime
|
|-heal|p2a: Annihilape|29/100|[from] item: Leftovers
|upkeep
|turn|6
|
|t:|1784754472
|move|p1b: Mr. Rime|Sucker Punch|p2a: Annihilape
|-damage|p2a: Annihilape|15/100
|move|p1a: Sableye|Will-O-Wisp|p2a: Annihilape
|-status|p2a: Annihilape|brn
|move|p2a: Annihilape|Rage Fist|p1a: Sableye
|-damage|p1a: Sableye|21/100
|
|-heal|p2a: Annihilape|21/100 brn|[from] item: Leftovers
|-damage|p2a: Annihilape|15/100 brn|[from] brn
|upkeep
|turn|7
|
|t:|1784754494
|move|p2a: Annihilape|Drain Punch|p1b: Mr. Rime
|-damage|p1b: Mr. Rime|32/100
|-heal|p2a: Annihilape|24/100 brn|[from] drain|[of] p1b: Mr. Rime
|move|p1b: Mr. Rime|Ice Beam|p2a: Annihilape
|-damage|p2a: Annihilape|0 fnt
|faint|p2a: Annihilape
|
|win|emogss
|raw|emogss's rating: 1047 → 1077(+30 for winning)
|raw|Mauricio0609!'s rating: 1014 → 1003(-11 for losing)
|l|☆Mauricio0609!
|player|p2|
