|j|☆1700 for rogue
|j|☆AN555GEL
|html|1700 for rogueAN555GEL    
|uhtml|bestof|Game 2 of a best-of-3
|t:|1756592635
|gametype|doubles
|player|p1|1700 for rogue|scientist-gen4|1221
|player|p2|AN555GEL|169|1250
|gen|9
|tier|[Gen 9] VGC 2025 Reg H (Bo3)
|rated|
|rule|Species Clause: Limit one of each Pokémon
|rule|Item Clause: Limit 1 of each item
|clearpoke
|poke|p1|Goodra-Hisui, L50, M|
|poke|p1|Gengar, L50, M|
|poke|p1|Hitmontop, L50, M|
|poke|p1|Rillaboom, L50, F|
|poke|p1|Gothitelle, L50, M|
|poke|p1|Primarina, L50, F|
|poke|p2|Dragonite, L50, M|
|poke|p2|Ursaluna, L50, M|
|poke|p2|Archaludon, L50, M|
|poke|p2|Sinistcha-Masterpiece, L50|
|poke|p2|Pelipper, L50, F|
|poke|p2|Gholdengo, L50|
|teampreview|4
|showteam|p1|Goodra-Hisui||Leftovers|ShellArmor|BodyPress,AcidArmor,DracoMeteor,Protect|||M|||50|,,,,,Fairy]Gengar||FocusSash|CursedBody|SludgeBomb,ShadowBall,PerishSong,Protect|||M|||50|,,,,,Normal]Hitmontop||CovertCloak|Intimidate|FakeOut,CloseCombat,SuckerPunch,WideGuard|||M|||50|,,,,,Steel]Rillaboom||AssaultVest|GrassySurge|WoodHammer,FakeOut,Uturn,GrassyGlide|||F|||50|,,,,,Grass]Gothitelle||SitrusBerry|ShadowTag|FakeOut,Protect,TrickRoom,Psychic|||M|||50|,,,,,Dark]Primarina||ThroatSpray|LiquidVoice|HyperVoice,Moonblast,PerishSong,Protect|||F|||50|,,,,,Poison
|showteam|p2|Dragonite||LoadedDice|Multiscale|ScaleShot,Protect,Tailwind,Haze|||M|||50|,,,,,Fairy]Ursaluna||FlameOrb|Guts|Facade,HeadlongRush,Earthquake,Protect|||M|||50|,,,,,Ghost]Archaludon||AssaultVest|Stamina|BodyPress,Snarl,ElectroShot,FlashCannon|||M|||50|,,,,,Fighting]Sinistcha-Masterpiece||SitrusBerry|Hospitality|MatchaGotcha,RagePowder,TrickRoom,LifeDew||||||50|,,,,,Dark]Pelipper||FocusSash|Drizzle|MuddyWater,Hurricane,Tailwind,Protect|||F|||50|,,,,,Ghost]Gholdengo||ChoiceScarf|GoodasGold|MakeItRain,TeraBlast,ShadowBall,Trick||||||50|,,,,,Water
|inactive|Battle timer is ON: inactive players will automatically lose when time's up. (requested by 1700 for rogue)
|inactive|AN555GEL has 60 seconds left.
|
|t:|1756592671
|teamsize|p1|4
|teamsize|p2|4
|start
|switch|p1a: Primarina|Primarina, L50, F|100/100
|switch|p1b: monke oooo|Rillaboom, L50, F|100/100
|switch|p2a: Pelipper|Pelipper, L50, F, shiny|100/100
|switch|p2b: Archaludon|Archaludon, L50, M|100/100
|-weather|RainDance|[from] ability: Drizzle|[of] p2a: Pelipper
|-fieldstart|move: Grassy Terrain|[from] ability: Grassy Surge|[of] p1b: monke oooo
|turn|1
|
|t:|1756592685
|-terastallize|p2a: Pelipper|Ghost
|move|p1b: monke oooo|Fake Out|p2a: Pelipper
|-immune|p2a: Pelipper
|move|p2a: Pelipper|Tailwind|p2a: Pelipper
|-sidestart|p2: AN555GEL|move: Tailwind
|move|p2b: Archaludon|Electro Shot||[still]
|-prepare|p2b: Archaludon|Electro Shot
|-boost|p2b: Archaludon|spa|1
|-anim|p2b: Archaludon|Electro Shot|p1a: Primarina
|-supereffective|p1a: Primarina
|-damage|p1a: Primarina|13/100
|move|p1a: Primarina|Perish Song|p1a: Primarina
|-start|p1a: Primarina|perish3|[silent]
|-start|p1b: monke oooo|perish3|[silent]
|-start|p2a: Pelipper|perish3|[silent]
|-start|p2b: Archaludon|perish3|[silent]
|-fieldactivate|move: Perish Song
|-enditem|p1a: Primarina|Throat Spray
|-boost|p1a: Primarina|spa|1|[from] item: Throat Spray
|
|-weather|RainDance|[upkeep]
|-heal|p1a: Primarina|19/100|[from] Grassy Terrain
|-start|p2a: Pelipper|perish3
|-start|p2b: Archaludon|perish3
|-start|p1b: monke oooo|perish3
|-start|p1a: Primarina|perish3
|upkeep
|turn|2
|inactive|AN555GEL has 30 seconds left.
|inactive|AN555GEL has 20 seconds left.
|inactive|AN555GEL has 15 seconds left.
|inactive|AN555GEL has 10 seconds left.
|
|t:|1756592733
|move|p2a: Pelipper|Hurricane|p1b: monke oooo
|-supereffective|p1b: monke oooo
|-damage|p1b: monke oooo|24/100
|move|p2b: Archaludon|Electro Shot||[still]
|-prepare|p2b: Archaludon|Electro Shot
|-boost|p2b: Archaludon|spa|1
|-anim|p2b: Archaludon|Electro Shot|p1b: monke oooo
|-resisted|p1b: monke oooo
|-damage|p1b: monke oooo|0 fnt
|faint|p1b: monke oooo
|move|p1a: Primarina|Hyper Voice|p2a: Pelipper|[spread] p2a,p2b
|-resisted|p2b: Archaludon
|-enditem|p2a: Pelipper|Focus Sash
|-damage|p2a: Pelipper|1/100
|-damage|p2b: Archaludon|71/100
|-ability|p2b: Archaludon|Stamina|boost
|-boost|p2b: Archaludon|def|1
|
|-weather|RainDance|[upkeep]
|-heal|p2a: Pelipper|7/100|[from] Grassy Terrain
|-heal|p2b: Archaludon|78/100|[from] Grassy Terrain
|-heal|p1a: Primarina|25/100|[from] Grassy Terrain
|-start|p2a: Pelipper|perish2
|-start|p2b: Archaludon|perish2
|-start|p1a: Primarina|perish2
|upkeep
|
|t:|1756592751
|switch|p1b: Hitmontop|Hitmontop, L50, M|100/100
|-ability|p1b: Hitmontop|Intimidate|boost
|-unboost|p2a: Pelipper|atk|1
|-unboost|p2b: Archaludon|atk|1
|turn|3
|
|t:|1756592765
|switch|p2a: Sinistcha|Sinistcha-Masterpiece, L50|100/100
|-heal|p2b: Archaludon|100/100|[from] ability: Hospitality|[of] p2a: Sinistcha
|move|p1b: Hitmontop|Fake Out|p2b: Archaludon
|-resisted|p2b: Archaludon
|-damage|p2b: Archaludon|98/100
|-ability|p2b: Archaludon|Stamina|boost
|-boost|p2b: Archaludon|def|1
|cant|p2b: Archaludon|flinch
|move|p1a: Primarina|Hyper Voice|p2b: Archaludon|[spread] p2a,p2b
|-resisted|p2a: Sinistcha
|-resisted|p2b: Archaludon
|-damage|p2a: Sinistcha|65/100
|-damage|p2b: Archaludon|72/100
|-ability|p2b: Archaludon|Stamina|boost
|-boost|p2b: Archaludon|def|1
|
|-weather|RainDance|[upkeep]
|-heal|p2b: Archaludon|79/100|[from] Grassy Terrain
|-heal|p2a: Sinistcha|71/100|[from] Grassy Terrain
|-heal|p1a: Primarina|30/100|[from] Grassy Terrain
|-start|p2b: Archaludon|perish1
|-start|p1a: Primarina|perish1
|upkeep
|turn|4
|inactive|AN555GEL has 30 seconds left.
|inactive|AN555GEL has 20 seconds left.
|inactive|AN555GEL has 15 seconds left.
|
|t:|1756592808
|switch|p1a: Gengar|Gengar, L50, M|100/100
|move|p2b: Archaludon|Electro Shot||[still]
|-prepare|p2b: Archaludon|Electro Shot
|-boost|p2b: Archaludon|spa|1
|-anim|p2b: Archaludon|Electro Shot|p1b: Hitmontop
|-damage|p1b: Hitmontop|18/100
|move|p2a: Sinistcha|Matcha Gotcha|p1b: Hitmontop|[spread] p1a,p1b
|-resisted|p1a: Gengar
|-crit|p1b: Hitmontop
|-damage|p1a: Gengar|72/100
|-heal|p2a: Sinistcha|82/100|[from] drain|[of] p1a: Gengar
|-damage|p1b: Hitmontop|0 fnt
|-heal|p2a: Sinistcha|90/100|[from] drain|[of] p1b: Hitmontop
|-start|p2a: Sinistcha|Disable|Matcha Gotcha|[from] ability: Cursed Body|[of] p1a: Gengar
|faint|p1b: Hitmontop
|
|-weather|RainDance|[upkeep]
|-heal|p2b: Archaludon|85/100|[from] Grassy Terrain
|-heal|p2a: Sinistcha|96/100|[from] Grassy Terrain
|-heal|p1a: Gengar|78/100|[from] Grassy Terrain
|-start|p2b: Archaludon|perish0
|-sideend|p2: AN555GEL|move: Tailwind
|faint|p2b: Archaludon
|upkeep
|
|t:|1756592825
|switch|p2b: Gholdengo|Gholdengo, L50|100/100
|switch|p1b: Primarina|Primarina, L50, F|30/100
|turn|5
|c|☆AN555GEL|gg
|
|t:|1756592847
|-terastallize|p1a: Gengar|Normal
|move|p2a: Sinistcha|Rage Powder|p2a: Sinistcha
|-singleturn|p2a: Sinistcha|move: Rage Powder
|move|p2b: Gholdengo|Make It Rain|p1b: Primarina|[spread] p1a,p1b
|-damage|p1a: Gengar|0 fnt
|-damage|p1b: Primarina|0 fnt
|-unboost|p2b: Gholdengo|spa|1
|faint|p1a: Gengar
|faint|p1b: Primarina
|
|win|AN555GEL
|raw|1700 for rogue's rating: 1221 → 1198(-23 for losing)
|raw|AN555GEL's rating: 1250 → 1273(+23 for winning)
|c|☆1700 for rogue|gg
|l|☆1700 for rogue
|player|p1|
