|j|☆f81malla
|j|☆Gayangos
|html|f81mallaGayangos    
|uhtml|bestof|Game 1 of a best-of-3
|t:|1785236415
|gametype|doubles
|player|p1|f81malla|grimsley|1411
|player|p2|Gayangos|169|1468
|gen|9
|tier|[Gen 9 Champions] VGC 2026 Reg M-B (Bo3)
|rated|
|rule|Species Clause: Limit one of each Pokémon
|rule|Item Clause: Limit 1 of each item
|clearpoke
|poke|p1|Gardevoir, L50, F|
|poke|p1|Basculegion, L50, M|
|poke|p1|Talonflame, L50, F|
|poke|p1|Maushold, L50|
|poke|p1|Kingambit, L50, F|
|poke|p1|Kommo-o, L50, F|
|poke|p2|Tyranitar, L50, M|
|poke|p2|Excadrill, L50, M|
|poke|p2|Milotic, L50, F|
|poke|p2|Sinistcha, L50|
|poke|p2|Staraptor, L50, M|
|poke|p2|Gholdengo, L50|
|teampreview|4
|showteam|p1|Gardevoir||Gardevoirite|Synchronize|HyperVoice,Psychic,Thunderbolt,Protect|Modest||F|||50|]Basculegion||ChoiceScarf|Adaptability|WaveCrash,LastRespects,FlipTurn,AquaJet|Jolly||M|||50|]Talonflame||SharpBeak|GaleWings|DualWingbeat,FlareBlitz,Tailwind,Protect|Jolly||F|||50|]Maushold||ChopleBerry|FriendGuard|SuperFang,Feint,FollowMe,Protect|Jolly|||||50|]Kingambit||FocusSash|Defiant|KowtowCleave,SuckerPunch,IronHead,LowKick|Adamant||F|||50|]Kommo-o||LifeOrb|Soundproof|ClangingScales,AuraSphere,VacuumWave,Protect|Modest||F|||50|
|showteam|p2|Tyranitar||Tyranitarite|SandStream|KnockOff,RockSlide,LowKick,Protect|Jolly||M|||50|]Excadrill||FocusSash|SandRush|HighHorsepower,IronHead,RockSlide,Protect|Adamant||M|||50|]Milotic||Leftovers|Competitive|Scald,IceBeam,Recover,Protect|Calm||F|||50|]Sinistcha||ColburBerry|Hospitality|MatchaGotcha,ShadowBall,Protect,RagePowder|Bold|||||50|]Staraptor||Staraptite|Intimidate|CloseCombat,BraveBird,Tailwind,Protect|Jolly||M|||50|]Gholdengo||LifeOrb|GoodasGold|MakeItRain,ShadowBall,NastyPlot,Protect|Modest|||||50|
|inactive|Battle timer is ON: inactive players will automatically lose when time's up. (requested by f81malla)
|inactive|f81malla has 60 seconds left.
|
|t:|1785236447
|teamsize|p1|4
|teamsize|p2|4
|start
|switch|p1a: Talonflame|Talonflame, L50, F|100/100
|switch|p1b: Kommo-o|Kommo-o, L50, F|100/100
|switch|p2a: Staraptor|Staraptor, L50, M|100/100
|switch|p2b: Gholdengo|Gholdengo, L50|100/100
|-ability|p2a: Staraptor|Intimidate|boost
|-unboost|p1a: Talonflame|atk|1
|-unboost|p1b: Kommo-o|atk|1
|turn|1
|
|t:|1785236467
|detailschange|p2a: Staraptor|Staraptor-Mega, L50, M
|-mega|p2a: Staraptor|Staraptor|Staraptite
|move|p1b: Kommo-o|Protect|p1b: Kommo-o
|-singleturn|p1b: Kommo-o|Protect
|move|p1a: Talonflame|Flare Blitz|p2b: Gholdengo
|-supereffective|p2b: Gholdengo|1
|-damage|p2b: Gholdengo|49/100
|-damage|p1a: Talonflame|79/100|[from] Recoil
|move|p2a: Staraptor|Brave Bird|p1b: Kommo-o
|-activate|p1b: Kommo-o|move: Protect
|move|p2b: Gholdengo|Nasty Plot|p2b: Gholdengo
|-boost|p2b: Gholdengo|spa|2
|
|upkeep
|turn|2
|
|t:|1785236489
|switch|p1b: Maushold|Maushold, L50|100/100
|move|p2b: Gholdengo|Protect|p2b: Gholdengo
|-singleturn|p2b: Gholdengo|Protect
|move|p1a: Talonflame|Flare Blitz|p2b: Gholdengo
|-activate|p2b: Gholdengo|move: Protect
|move|p2a: Staraptor|Tailwind|p2a: Staraptor
|-sidestart|p2: Gayangos|move: Tailwind
|
|upkeep
|turn|3
|
|t:|1785236501
|move|p1b: Maushold|Follow Me|p1b: Maushold
|-singleturn|p1b: Maushold|move: Follow Me
|move|p2a: Staraptor|Close Combat|p1b: Maushold
|-supereffective|p1b: Maushold|1
|-enditem|p1b: Maushold|Chople Berry|[eat]
|-enditem|p1b: Maushold|Chople Berry|[weaken]
|-damage|p1b: Maushold|26/100
|-boost|p2a: Staraptor|def|1
|-boost|p2a: Staraptor|spd|1
|move|p2b: Gholdengo|Make It Rain|p1a: Talonflame|[spread] p1b
|-miss|p2b: Gholdengo|p1a: Talonflame
|-damage|p1b: Maushold|0 fnt
|-unboost|p2b: Gholdengo|spa|2
|faint|p1b: Maushold
|-damage|p2b: Gholdengo|39/100|[from] item: Life Orb
|move|p1a: Talonflame|Tailwind|p1a: Talonflame
|-sidestart|p1: f81malla|move: Tailwind
|
|upkeep
|
|t:|1785236516
|switch|p1b: Gardevoir|Gardevoir, L50, F|100/100
|turn|4
|
|t:|1785236527
|switch|p2b: Milotic|Milotic, L50, F|100/100
|detailschange|p1b: Gardevoir|Gardevoir-Mega, L50, F
|-mega|p1b: Gardevoir|Gardevoir|Gardevoirite
|move|p1a: Talonflame|Flare Blitz|p2b: Milotic
|-resisted|p2b: Milotic|1
|-damage|p2b: Milotic|86/100
|-damage|p1a: Talonflame|73/100|[from] Recoil
|move|p2a: Staraptor|Close Combat|p1b: Gardevoir
|-resisted|p1b: Gardevoir|2
|-damage|p1b: Gardevoir|75/100
|-boost|p2a: Staraptor|def|1
|-boost|p2a: Staraptor|spd|1
|move|p1b: Gardevoir|Hyper Voice|p2a: Staraptor|[spread] p2a,p2b
|-supereffective|p2a: Staraptor|1
|-damage|p2a: Staraptor|48/100
|-damage|p2b: Milotic|45/100
|
|-heal|p2b: Milotic|51/100|[from] item: Leftovers
|upkeep
|turn|5
|inactive|f81malla has 30 seconds left.
|
|t:|1785236555
|move|p1b: Gardevoir|Protect|p1b: Gardevoir
|-singleturn|p1b: Gardevoir|Protect
|move|p1a: Talonflame|Dual Wingbeat|p2a: Staraptor
|-supereffective|p2a: Staraptor|1
|-damage|p2a: Staraptor|35/100
|-supereffective|p2a: Staraptor|1
|-damage|p2a: Staraptor|24/100
|-hitcount|p2a: Staraptor|2
|move|p2a: Staraptor|Brave Bird|p1b: Gardevoir
|-activate|p1b: Gardevoir|move: Protect
|move|p2b: Milotic|Scald|p1a: Talonflame
|-supereffective|p1a: Talonflame|1
|-damage|p1a: Talonflame|0 fnt
|faint|p1a: Talonflame
|
|-heal|p2b: Milotic|56/100|[from] item: Leftovers
|-sideend|p2: Gayangos|move: Tailwind
|upkeep
|
|t:|1785236566
|switch|p1a: Kommo-o|Kommo-o, L50, F|100/100
|turn|6
|
|t:|1785236574
|move|p2a: Staraptor|Protect|p2a: Staraptor
|-singleturn|p2a: Staraptor|Protect
|move|p1b: Gardevoir|Hyper Voice|p2a: Staraptor|[spread] p2b
|-activate|p2a: Staraptor|move: Protect
|-damage|p2b: Milotic|20/100r
|move|p1a: Kommo-o|Clanging Scales|p2b: Milotic|[spread] p2b
|-activate|p2a: Staraptor|move: Protect
|-damage|p2b: Milotic|0 fnt
|faint|p2b: Milotic
|-unboost|p1a: Kommo-o|def|1
|-damage|p1a: Kommo-o|90/100|[from] item: Life Orb
|
|-sideend|p1: f81malla|move: Tailwind
|upkeep
|
|t:|1785236587
|switch|p2b: Gholdengo|Gholdengo, L50|39/100
|turn|7
|
|t:|1785236600
|move|p2a: Staraptor|Brave Bird|p1a: Kommo-o
|-supereffective|p1a: Kommo-o|1
|-damage|p1a: Kommo-o|0 fnt
|faint|p1a: Kommo-o
|-damage|p2a: Staraptor|0 fnt|[from] Recoil
|faint|p2a: Staraptor
|move|p1b: Gardevoir|Hyper Voice|p2b: Gholdengo
|-resisted|p2b: Gholdengo|1
|-damage|p2b: Gholdengo|7/100
|move|p2b: Gholdengo|Make It Rain|p1b: Gardevoir
|-supereffective|p1b: Gardevoir|1
|-damage|p1b: Gardevoir|0 fnt
|-unboost|p2b: Gholdengo|spa|2
|faint|p1b: Gardevoir
|-damage|p2b: Gholdengo|0 fnt|[from] item: Life Orb
|faint|p2b: Gholdengo
|
|win|Gayangos
||Gayangos is ready for game 2.
||f81malla is ready for game 2.
|uhtml|next|Next: Game 2 of 3
|l|☆f81malla
|player|p1|
