|j|☆Acerolatoespread
|j|☆church of booty
|html|Acerolatoespreadchurch of booty    
|uhtml|bestof|Game 1 of a best-of-3
|t:|1783483586
|gametype|doubles
|player|p1|Acerolatoespread|102|
|player|p2|church of booty|cynthia|
|gen|9
|tier|[Gen 9 Champions] VGC 2026 Reg M-B (Bo3)
|rule|Species Clause: Limit one of each Pokémon
|rule|Item Clause: Limit 1 of each item
|clearpoke
|poke|p1|Sceptile, L50, M|
|poke|p1|Primarina, L50, F|
|poke|p1|Jolteon, L50, F|
|poke|p1|Aegislash, L50, M|
|poke|p1|Musharna, L50, F|
|poke|p1|Ditto, L50, shiny|
|poke|p2|Scovillain, L50, M|
|poke|p2|Mimikyu, L50, M|
|poke|p2|Clefable, L50, F|
|poke|p2|Kleavor, L50, M|
|poke|p2|Samurott-Hisui, L50, M|
|poke|p2|Snorlax, L50, M|
|teampreview|4
|showteam|p1|Sceptile||Sceptilite|Overgrow|DragonPulse,Detect,GigaDrain,Round|Serious||M|||50|]Primarina||Leftovers|LiquidVoice|Round,DrainingKiss,Protect,CalmMind|Modest||F|||50|]Jolteon||FocusSash|QuickFeet|Round,Discharge,Substitute,Protect|Mild||F|||50|]Aegislash||LifeOrb|StanceChange|ShadowSneak,SwordsDance,KingsShield,SacredSword|Impish||M|||50|]Musharna||LumBerry|Telepathy|Moonblast,Round,Rest,Psychic|Serious||F|||50|]Ditto||ChoiceScarf|Imposter|Transform|Careful|||||50|
|showteam|p2|Scovillain||Scovillainite|Chlorophyll|Flamethrower,RagePowder,LeechSeed,Protect|Calm||M|||50|]Mimikyu||LumBerry|Disguise|PlayRough,SwordsDance,ShadowSneak,LeechLife|Jolly||M|||50|]Clefable||SitrusBerry|Unaware|FollowMe,LifeDew,CalmMind,Moonblast|Bold||F|||50|]Kleavor||ChoiceScarf|Sharpness|StoneAxe,XScissor,Uturn,CloseCombat|Adamant||M|||50|]Samurott-Hisui||FocusSash|Sharpness|CeaselessEdge,AquaCutter,SuckerPunch,SacredSword|Adamant||M|||50|]Snorlax||Leftovers|ThickFat|BodySlam,Rest,Curse,SleepTalk|Serious||M|||50|
|inactive|Battle timer is ON: inactive players will automatically lose when time's up. (requested by church of booty)
|
|t:|1783483607
|teamsize|p1|4
|teamsize|p2|4
|start
|switch|p1a: Ditto|Ditto, L50, shiny|100/100
|switch|p1b: Aegislash|Aegislash, L50, M|100/100
|switch|p2a: Kleavor|Kleavor, L50, M|100/100
|switch|p2b: Samurott|Samurott-Hisui, L50, M|100/100
|-transform|p1a: Ditto|p2b: Samurott|[from] ability: Imposter
|turn|1
|inactive|Acerolatoespread has 30 seconds left.
|
|t:|1783483634
|move|p1b: Aegislash|King's Shield|p1b: Aegislash
|-singleturn|p1b: Aegislash|Protect
|move|p1a: Ditto|Aqua Cutter|p2a: Kleavor
|-supereffective|p2a: Kleavor|1
|-crit|p2a: Kleavor
|-damage|p2a: Kleavor|0 fnt
|faint|p2a: Kleavor
|move|p2b: Samurott|Ceaseless Edge|p1b: Aegislash
|-activate|p1b: Aegislash|move: Protect
|-unboost|p2b: Samurott|atk|1
|
|upkeep
|
|t:|1783483648
|switch|p2a: Mimikyu|Mimikyu, L50, M|100/100
|turn|2
|
|t:|1783483659
|move|p1a: Ditto|Aqua Cutter|p2a: Mimikyu
|-activate|p2a: Mimikyu|ability: Disguise
|-damage|p2a: Mimikyu|100/100
|detailschange|p2a: Mimikyu|Mimikyu-Busted, L50, M
|-damage|p2a: Mimikyu|87/100|[from] pokemon: Mimikyu-Busted
|move|p2a: Mimikyu|Swords Dance|p2a: Mimikyu
|-boost|p2a: Mimikyu|atk|2
|move|p2b: Samurott|Sacred Sword|p1a: Ditto
|-supereffective|p1a: Ditto|1
|-damage|p1a: Ditto|0 fnt
|faint|p1a: Ditto
|-formechange|p1b: Aegislash|Aegislash-Blade|
|move|p1b: Aegislash|Sacred Sword|p2b: Samurott
|-supereffective|p2b: Samurott|1
|-enditem|p2b: Samurott|Focus Sash
|-damage|p2b: Samurott|1/100
|-damage|p1b: Aegislash|90/100|[from] item: Life Orb
|
|upkeep
|
|t:|1783483680
|switch|p1a: Sceptile|Sceptile, L50, M|100/100
|turn|3
|
|t:|1783483703
|move|p1a: Sceptile|Detect|p1a: Sceptile
|-singleturn|p1a: Sceptile|Protect
|move|p2b: Samurott|Sucker Punch|p1b: Aegislash
|-supereffective|p1b: Aegislash|1
|-damage|p1b: Aegislash|19/100
|move|p1b: Aegislash|Shadow Sneak|p2b: Samurott
|-resisted|p2b: Samurott|1
|-damage|p2b: Samurott|0 fnt
|faint|p2b: Samurott
|-damage|p1b: Aegislash|9/100|[from] item: Life Orb
|move|p2a: Mimikyu|Leech Life|p1a: Sceptile
|-activate|p1a: Sceptile|move: Protect
|
|upkeep
|
|t:|1783483717
|switch|p2b: Scovillain|Scovillain, L50, M|100/100
|turn|4
|
|t:|1783483738
|detailschange|p2b: Scovillain|Scovillain-Mega, L50, M
|-mega|p2b: Scovillain|Scovillain|Scovillainite
|-formechange|p1b: Aegislash|Aegislash|
|move|p1b: Aegislash|King's Shield|p1b: Aegislash
|-singleturn|p1b: Aegislash|Protect
|move|p2b: Scovillain|Rage Powder|p2b: Scovillain
|-singleturn|p2b: Scovillain|move: Rage Powder
|move|p1a: Sceptile|Dragon Pulse|p2b: Scovillain
|-crit|p2b: Scovillain
|-damage|p2b: Scovillain|70/100
|-status|p1a: Sceptile|brn|[from] ability: Spicy Spray|[of] p2b: Scovillain
|move|p2a: Mimikyu|Leech Life|p1a: Sceptile
|-supereffective|p1a: Sceptile|1
|-damage|p1a: Sceptile|0 fnt
|-heal|p2a: Mimikyu|100/100|[from] drain|[of] p1a: Sceptile
|faint|p1a: Sceptile
|
|upkeep
|
|t:|1783483753
|switch|p1a: Primarina|Primarina, L50, F|100/100
|turn|5
|
|t:|1783483775
|-formechange|p1b: Aegislash|Aegislash-Blade|
|move|p1b: Aegislash|Shadow Sneak|p2a: Mimikyu
|-supereffective|p2a: Mimikyu|1
|-damage|p2a: Mimikyu|9/100
|-damage|p1b: Aegislash|0 fnt|[from] item: Life Orb
|faint|p1b: Aegislash
|move|p2a: Mimikyu|Play Rough|p1a: Primarina
|-damage|p1a: Primarina|8/100
|move|p2b: Scovillain|Leech Seed|p1a: Primarina
|-start|p1a: Primarina|move: Leech Seed
|move|p1a: Primarina|Calm Mind|p1a: Primarina
|-boost|p1a: Primarina|spa|1
|-boost|p1a: Primarina|spd|1
|
|-heal|p1a: Primarina|14/100|[from] item: Leftovers
|-damage|p1a: Primarina|2/100|[from] Leech Seed|[of] p2b: Scovillain
|-heal|p2b: Scovillain|83/100|[silent]
|upkeep
|turn|6
|
|t:|1783483796
|move|p2a: Mimikyu|Shadow Sneak|p1a: Primarina
|-damage|p1a: Primarina|0 fnt
|faint|p1a: Primarina
|
|win|church of booty
||Acerolatoespread is ready for game 2.
