|j|☆thodor
|j|‽CaratroncoSun
|html|thodorCaratroncoSun    
|uhtml|bestof|Game 2 of a best-of-3
|t:|1784028213
|gametype|doubles
|player|p1|thodor|2|1110
|player|p2|CaratroncoSun|juan|1276
|gen|9
|tier|[Gen 9 Champions] VGC 2026 Reg M-B (Bo3)
|rated|
|rule|Species Clause: Limit one of each Pokémon
|rule|Item Clause: Limit 1 of each item
|clearpoke
|poke|p1|Hippowdon, L50, F, shiny|
|poke|p1|Barbaracle, L50, F, shiny|
|poke|p1|Incineroar, L50, F, shiny|
|poke|p1|Gholdengo, L50, shiny|
|poke|p1|Aerodactyl, L50, F, shiny|
|poke|p1|Meowscarada, L50, F, shiny|
|poke|p2|Charizard, L50, F, shiny|
|poke|p2|Venusaur, L50, F, shiny|
|poke|p2|Whimsicott, L50, M, shiny|
|poke|p2|Basculegion, L50, M|
|poke|p2|Garchomp, L50, M, shiny|
|poke|p2|Tyranitar, L50, M|
|teampreview|4
|showteam|p1|Hippowdon||Leftovers|SandStream|Yawn,Earthquake,Whirlwind,Protect|Adamant||F|||50|]Barbaracle||Barbaracite|ToughClaws|ShellSmash,RockSlide,CloseCombat,Protect|Jolly||F|||50|]Incineroar||SitrusBerry|Intimidate|FakeOut,FlareBlitz,PartingShot,DarkestLariat|Adamant||F|||50|]Gholdengo||LifeOrb|GoodasGold|NastyPlot,MakeItRain,ShadowBall,Protect|Timid|||||50|]Aerodactyl||FocusSash|Unnerve|WideGuard,Tailwind,RockSlide,DualWingbeat|Jolly||F|||50|]Meowscarada||ChoiceScarf|Protean|FlowerTrick,LowKick,TripleAxel,KnockOff|Adamant||F|||50|
|showteam|p2|Charizard||CharizarditeY|Blaze|Protect,SolarBeam,HeatWave,AirSlash|Modest||F|||50|]Venusaur||WideLens|Chlorophyll|Protect,GigaDrain,EarthPower,SleepPowder|Modest||F|||50|]Whimsicott||FocusSash|Prankster|Protect,Moonblast,Tailwind,Encore|Timid||M|||50|]Basculegion||MysticWater|Adaptability|Protect,AquaJet,WaveCrash,LastRespects|Adamant||M|||50|]Garchomp||RoseliBerry|RoughSkin|Protect,PoisonJab,StompingTantrum,StoneEdge|Jolly||M|||50|]Tyranitar||Tyranitarite|SandStream|Protect,RockSlide,KnockOff,LowKick|Adamant||M|||50|
|inactive|Battle timer is ON: inactive players will automatically lose when time's up. (requested by thodor)
|
|t:|1784028234
|teamsize|p1|4
|teamsize|p2|4
|start
|switch|p1a: The Hand-Man|Barbaracle, L50, F, shiny|100/100
|switch|p1b: The Milf Cat|Meowscarada, L50, F, shiny|100/100
|switch|p2a: Garchomp|Garchomp, L50, M, shiny|100/100
|switch|p2b: Whimsicott|Whimsicott, L50, M, shiny|100/100
|turn|1
|inactive|thodor has 30 seconds left.
|inactive|CaratroncoSun has 30 seconds left.
|inactive|CaratroncoSun has 20 seconds left.
|inactive|CaratroncoSun has 15 seconds left.
|inactive|CaratroncoSun has 10 seconds left.
|inactive|CaratroncoSun has 5 seconds left.
|
|t:|1784028289
|detailschange|p1a: The Hand-Man|Barbaracle-Mega, L50, F, shiny
|-mega|p1a: The Hand-Man|Barbaracle|Barbaracite
|move|p2b: Whimsicott|Protect|p2b: Whimsicott
|-singleturn|p2b: Whimsicott|Protect
|move|p2a: Garchomp|Protect|p2a: Garchomp
|-singleturn|p2a: Garchomp|Protect
|move|p1b: The Milf Cat|Triple Axel|p2a: Garchomp
|-start|p1b: The Milf Cat|typechange|Ice|[from] ability: Protean
|-activate|p2a: Garchomp|move: Protect
|move|p1a: The Hand-Man|Shell Smash|p1a: The Hand-Man
|-unboost|p1a: The Hand-Man|def|1
|-unboost|p1a: The Hand-Man|spd|1
|-boost|p1a: The Hand-Man|atk|2
|-boost|p1a: The Hand-Man|spa|2
|-boost|p1a: The Hand-Man|spe|2
|
|upkeep
|turn|2
|inactive|CaratroncoSun has 30 seconds left.
|
|t:|1784028322
|move|p1a: The Hand-Man|Protect|p1a: The Hand-Man
|-singleturn|p1a: The Hand-Man|Protect
|move|p2b: Whimsicott|Tailwind|p2b: Whimsicott
|-sidestart|p2: CaratroncoSun|move: Tailwind
|move|p2a: Garchomp|Stone Edge|p1b: The Milf Cat
|-supereffective|p1b: The Milf Cat|1
|-damage|p1b: The Milf Cat|1/100
|move|p1b: The Milf Cat|Triple Axel|p2b: Whimsicott
|-supereffective|p2b: Whimsicott|1
|-damage|p2b: Whimsicott|68/100
|-supereffective|p2b: Whimsicott|1
|-damage|p2b: Whimsicott|9/100
|-supereffective|p2b: Whimsicott|1
|-damage|p2b: Whimsicott|0 fnt
|faint|p2b: Whimsicott
|-hitcount|p2: Whimsicott|3
|
|upkeep
|
|t:|1784028341
|switch|p2b: Charizard|Charizard, L50, F, shiny|100/100
|turn|3
|
|t:|1784028362
|switch|p1b: The Easy Jet|Aerodactyl, L50, F, shiny|100/100
|-ability|p1b: The Easy Jet|Unnerve
|move|p2a: Garchomp|Stomping Tantrum|p1a: The Hand-Man
|-supereffective|p1a: The Hand-Man|1
|-damage|p1a: The Hand-Man|0 fnt
|faint|p1a: The Hand-Man
|move|p2b: Charizard|Heat Wave|p1b: The Easy Jet
|-resisted|p1b: The Easy Jet|1
|-damage|p1b: The Easy Jet|68/100
|
|upkeep
|
|t:|1784028381
|switch|p1a: The Woman|Hippowdon, L50, F, shiny|100/100
|-weather|Sandstorm|[from] ability: Sand Stream|[of] p1a: The Woman
|turn|4
|
|t:|1784028390
|detailschange|p2b: Charizard|Charizard-Mega-Y, L50, F, shiny
|-mega|p2b: Charizard|Charizard|Charizardite Y
|-weather|SunnyDay|[from] ability: Drought|[of] p2b: Charizard
|move|p1b: The Easy Jet|Wide Guard|p1b: The Easy Jet
|-singleturn|p1b: The Easy Jet|Wide Guard
|move|p2a: Garchomp|Stone Edge|p1b: The Easy Jet
|-supereffective|p1b: The Easy Jet|1
|-damage|p1b: The Easy Jet|0 fnt
|faint|p1b: The Easy Jet
|move|p2b: Charizard|Solar Beam||[still]
|-prepare|p2b: Charizard|Solar Beam
|-anim|p2b: Charizard|Solar Beam|p1a: The Woman
|-supereffective|p1a: The Woman|1
|-damage|p1a: The Woman|18/100
|move|p1a: The Woman|Yawn|p2a: Garchomp
|-start|p2a: Garchomp|move: Yawn|[of] p1a: The Woman
|
|-weather|SunnyDay|[upkeep]
|-heal|p1a: The Woman|24/100|[from] item: Leftovers
|upkeep
|
|t:|1784028407
|switch|p1b: The Milf Cat|Meowscarada, L50, F, shiny|1/100
|turn|5
|
|t:|1784028430
|switch|p2a: Venusaur|Venusaur, L50, F, shiny|100/100
|move|p1a: The Woman|Protect|p1a: The Woman
|-singleturn|p1a: The Woman|Protect
|move|p2b: Charizard|Solar Beam||[still]
|-prepare|p2b: Charizard|Solar Beam
|-anim|p2b: Charizard|Solar Beam|p1b: The Milf Cat
|-resisted|p1b: The Milf Cat|1
|-damage|p1b: The Milf Cat|0 fnt
|faint|p1b: The Milf Cat
|
|-weather|SunnyDay|[upkeep]
|-heal|p1a: The Woman|30/100|[from] item: Leftovers
|-sideend|p2: CaratroncoSun|move: Tailwind
|upkeep
|turn|6
|-message|thodor forfeited.
|
|win|CaratroncoSun
|raw|thodor's rating: 1110 → 1096(-14 for losing)
|raw|CaratroncoSun's rating: 1276 → 1290(+14 for winning)
