|j|☆mertering
|j|☆Gozante
|html|merteringGozante    
|uhtml|bestof|Game 3 of a best-of-3
|t:|1783603325
|gametype|doubles
|player|p1|mertering|steven|1363
|player|p2|Gozante|170|1420
|gen|9
|tier|[Gen 9 Champions] VGC 2026 Reg M-B (Bo3)
|rated|
|rule|Species Clause: Limit one of each Pokémon
|rule|Item Clause: Limit 1 of each item
|clearpoke
|poke|p1|Charizard, L50, F|
|poke|p1|Grimmsnarl, L50, M|
|poke|p1|Venusaur, L50, F|
|poke|p1|Aegislash, L50, F|
|poke|p1|Farigiraf, L50, F|
|poke|p1|Garchomp, L50, F|
|poke|p2|Sinistcha, L50|
|poke|p2|Sneasler, L50, M|
|poke|p2|Incineroar, L50, F|
|poke|p2|Blastoise, L50, F|
|poke|p2|Kingambit, L50, F|
|poke|p2|Floette-Eternal, L50, F|
|teampreview|4
|showteam|p1|Charizard||CharizarditeY|Blaze|WeatherBall,HeatWave,HelpingHand,Protect|Modest||F|||50|]Grimmsnarl||LightClay|Prankster|LightScreen,Reflect,ScaryFace,SpiritBreak|Adamant||M|||50|]Venusaur||LifeOrb|Chlorophyll|SludgeBomb,LeafStorm,SleepPowder,Protect|Modest||F|||50|]Aegislash||FocusSash|StanceChange|Poltergeist,CloseCombat,ShadowSneak,WideGuard|Adamant||F|||50|]Farigiraf||SitrusBerry|ArmorTail|TwinBeam,Thunderbolt,HelpingHand,TrickRoom|Bold||F|||50|]Garchomp||ChoiceScarf|RoughSkin|Earthquake,StompingTantrum,DragonClaw,RockSlide|Adamant||F|||50|
|showteam|p2|Sinistcha||OccaBerry|Hospitality|MatchaGotcha,TrickRoom,RagePowder,Protect|Bold|||||50|]Sneasler||FocusSash|PoisonTouch|CloseCombat,PoisonJab,FakeOut,RockTomb|Jolly||M|||50|]Incineroar||SitrusBerry|Intimidate|FlareBlitz,FakeOut,HelpingHand,PartingShot|Careful||F|||50|]Blastoise||Blastoisinite|RainDish|WaterSpout,DarkPulse,ShellSmash,Protect|Modest||F|||50|]Kingambit||LifeOrb|Defiant|KowtowCleave,SuckerPunch,SwordsDance,Protect|Adamant||F|||50|]Floette-Eternal||Floettite|FlowerVeil|Protect,CalmMind,DazzlingGleam,Moonblast|Modest||F|||50|
|inactive|Battle timer is ON: inactive players will automatically lose when time's up. (requested by mertering)
|inactive|mertering has 60 seconds left.
|inactive|Gozante has 60 seconds left.
|inactive|Gozante has 30 seconds left.
|
|t:|1783603392
|teamsize|p1|4
|teamsize|p2|4
|start
|switch|p1a: drool|Charizard, L50, F|100/100
|switch|p1b: Garchomp|Garchomp, L50, F|100/100
|switch|p2a: Incineroar|Incineroar, L50, F|100/100
|switch|p2b: Sneasler|Sneasler, L50, M|100/100
|-ability|p2a: Incineroar|Intimidate|boost
|-unboost|p1a: drool|atk|1
|-unboost|p1b: Garchomp|atk|1
|turn|1
|inactive|mertering has 30 seconds left.
|
|t:|1783603423
|switch|p2b: Blastoise|Blastoise, L50, F|100/100
|detailschange|p1a: drool|Charizard-Mega-Y, L50, F
|-mega|p1a: drool|Charizard|Charizardite Y
|-weather|SunnyDay|[from] ability: Drought|[of] p1a: drool
|move|p1b: Garchomp|Earthquake|p2b: Blastoise|[spread] p2a,p2b
|-immune|p1a: drool
|-supereffective|p2a: Incineroar|1
|-damage|p2a: Incineroar|43/100
|-damage|p2b: Blastoise|65/100
|-enditem|p2a: Incineroar|Sitrus Berry|[eat]
|-heal|p2a: Incineroar|68/100|[from] item: Sitrus Berry
|move|p1a: drool|Heat Wave|p2a: Incineroar|[spread] p2b
|-miss|p1a: drool|p2a: Incineroar
|-resisted|p2b: Blastoise|1
|-damage|p2b: Blastoise|28/100
|move|p2a: Incineroar|Parting Shot|p1b: Garchomp
|-unboost|p1b: Garchomp|atk|1
|-unboost|p1b: Garchomp|spa|1
|
|t:|1783603433
|switch|p2a: Sneasler|Sneasler, L50, M|100/100|[from] Parting Shot
|
|-weather|SunnyDay|[upkeep]
|upkeep
|turn|2
|
|t:|1783603444
|switch|p1a: helpson|Farigiraf, L50, F|100/100
|switch|p2b: Incineroar|Incineroar, L50, F|68/100
|-ability|p2b: Incineroar|Intimidate|boost
|-unboost|p1a: helpson|atk|1
|-unboost|p1b: Garchomp|atk|1
|move|p1b: Garchomp|Earthquake|p2a: Sneasler|[spread] p1a,p2a,p2b
|-supereffective|p2a: Sneasler|1
|-supereffective|p2b: Incineroar|1
|-damage|p1a: helpson|85/100
|-damage|p2a: Sneasler|41/100
|-damage|p2b: Incineroar|37/100
|move|p2a: Sneasler|Rock Tomb|p1a: helpson
|-damage|p1a: helpson|70/100
|-unboost|p1a: helpson|spe|1
|
|-weather|SunnyDay|[upkeep]
|upkeep
|turn|3
|
|t:|1783603460
|switch|p2a: Blastoise|Blastoise, L50, F|28/100
|switch|p2b: Sinistcha|Sinistcha, L50|100/100
|-heal|p2a: Blastoise|52/100|[from] ability: Hospitality|[of] p2b: Sinistcha
|move|p1a: helpson|Helping Hand|p1b: Garchomp
|-singleturn|p1b: Garchomp|Helping Hand|[of] p1a: helpson
|move|p1b: Garchomp|Earthquake|p2b: Sinistcha|[spread] p1a,p2a,p2b
|-crit|p2a: Blastoise
|-resisted|p2b: Sinistcha|1
|-damage|p1a: helpson|50/100g
|-damage|p2a: Blastoise|0 fnt
|-damage|p2b: Sinistcha|89/100
|faint|p2a: Blastoise
|
|-weather|SunnyDay|[upkeep]
|upkeep
|
|t:|1783603471
|switch|p2a: Incineroar|Incineroar, L50, F|37/100
|-ability|p2a: Incineroar|Intimidate|boost
|-unboost|p1a: helpson|atk|1
|-unboost|p1b: Garchomp|atk|1
|turn|4
|
|t:|1783603488
|move|p1b: Garchomp|Earthquake|p2a: Incineroar|[spread] p1a,p2a,p2b
|-supereffective|p2a: Incineroar|1
|-resisted|p2b: Sinistcha|1
|-damage|p1a: helpson|39/100
|-damage|p2a: Incineroar|10/100
|-damage|p2b: Sinistcha|83/100
|-enditem|p1a: helpson|Sitrus Berry|[eat]
|-heal|p1a: helpson|63/100|[from] item: Sitrus Berry
|move|p2a: Incineroar|Flare Blitz|p1a: helpson
|-damage|p1a: helpson|11/100
|-damage|p2a: Incineroar|0 fnt|[from] Recoil
|faint|p2a: Incineroar
|move|p2b: Sinistcha|Matcha Gotcha|p1a: helpson|[spread] p1a,p1b
|-damage|p1a: helpson|0 fnt
|-heal|p2b: Sinistcha|91/100|[from] drain|[of] p1a: helpson
|-damage|p1b: Garchomp|72/100
|-heal|p2b: Sinistcha|100/100|[from] drain|[of] p1b: Garchomp
|faint|p1a: helpson
|
|-weather|SunnyDay|[upkeep]
|upkeep
|
|t:|1783603510
|switch|p2a: Sneasler|Sneasler, L50, M|41/100
|switch|p1a: drool|Charizard-Mega-Y, L50, F|100/100
|turn|5
|
|t:|1783603533
|switch|p1a: kelpson|Venusaur, L50, F|100/100
|move|p1b: Garchomp|Earthquake|p2b: Sinistcha|[spread] p1a,p2a,p2b
|-supereffective|p2a: Sneasler|1
|-resisted|p2b: Sinistcha|1
|-damage|p1a: kelpson|80/100
|-damage|p2a: Sneasler|0 fnt
|-damage|p2b: Sinistcha|94/100
|faint|p2a: Sneasler
|move|p2b: Sinistcha|Matcha Gotcha|p1b: Garchomp|[spread] p1a
|-miss|p2b: Sinistcha|p1b: Garchomp
|-resisted|p1a: kelpson|2
|-damage|p1a: kelpson|73/100
|-heal|p2b: Sinistcha|97/100|[from] drain|[of] p1a: kelpson
|
|-weather|none
|upkeep
|turn|6
|-message|Gozante forfeited.
|
|win|mertering
|raw|mertering's rating: 1363 → 1386(+23 for winning)
|raw|Gozante's rating: 1420 → 1397(-23 for losing)
|c|☆mertering|dam your ground weak
|l|☆Gozante
|player|p2|
|c|☆mertering|gg
