|j|☆Tfam39
|j|☆root2iris
|html|Tfam39root2iris    
|uhtml|bestof|Game 2 of a best-of-3
|t:|1756235487
|gametype|doubles
|player|p1|Tfam39|101|1108
|player|p2|root2iris|guitarist|1207
|gen|9
|tier|[Gen 9] VGC 2025 Reg H (Bo3)
|rated|
|rule|Species Clause: Limit one of each Pokémon
|rule|Item Clause: Limit 1 of each item
|clearpoke
|poke|p1|Gallade, L50, M|
|poke|p1|Torkoal, L50, M|
|poke|p1|Ursaluna, L50, M|
|poke|p1|Indeedee-F, L50, F|
|poke|p1|Armarouge, L50, F|
|poke|p1|Lilligant-Hisui, L50, F|
|poke|p2|Archaludon, L50, F|
|poke|p2|Pelipper, L50, F|
|poke|p2|Amoonguss, L50, F|
|poke|p2|Incineroar, L50, F|
|poke|p2|Baxcalibur, L50, F|
|poke|p2|Annihilape, L50, M|
|teampreview|4
|showteam|p1|Gallade||ScopeLens|Sharpness|SacredSword,PsychoCut,TrickRoom,WideGuard|||M|||50|,,,,,Grass]Torkoal||Charcoal|Drought|Eruption,WeatherBall,ClearSmog,Protect|||M|||50|,,,,,Fire]Ursaluna||FlameOrb|Guts|Facade,HeadlongRush,Earthquake,Protect|||M|||50|,,,,,Ghost]Indeedee-F||RockyHelmet|PsychicSurge|Psychic,HelpingHand,FollowMe,TrickRoom|||F|||50|,,,,,Grass]Armarouge||LifeOrb|FlashFire|ArmorCannon,ExpandingForce,TrickRoom,Protect|||F|||50|,,,,,Grass]Lilligant-Hisui||FocusSash|Chlorophyll|LeafBlade,CloseCombat,AfterYou,SleepPowder|||F|||50|,,,,,Ghost
|showteam|p2|Archaludon||AssaultVest|Stamina|DragonPulse,ElectroShot,BodyPress,Thunderbolt|||F|||50|,,,,,Bug]Pelipper||FocusSash|Drizzle|MuddyWater,Hurricane,Tailwind,Protect|||F|||50|,,,,,Ghost]Amoonguss||CovertCloak|Regenerator|PollenPuff,RagePowder,Spore,Protect|||F|||50|,,,,,Fairy]Incineroar||SafetyGoggles|Intimidate|KnockOff,BurningJealousy,PartingShot,FakeOut|||F|||50|,,,,,Ghost]Baxcalibur||LoadedDice|ThermalExchange|IcicleSpear,ScaleShot,HighHorsepower,Protect|||F|||50|,,,,,Ghost]Annihilape||SitrusBerry|Defiant|RageFist,FinalGambit,Coaching,Taunt|||M|||50|,,,,,Fire
|inactive|Battle timer is ON: inactive players will automatically lose when time's up. (requested by root2iris)
|inactive|Tfam39 has 60 seconds left.
|
|t:|1756235518
|teamsize|p1|4
|teamsize|p2|4
|start
|switch|p1a: Armarouge|Armarouge, L50, F|100/100
|switch|p1b: Indeedee|Indeedee-F, L50, F|100/100
|switch|p2a: Mikael Mouse|Amoonguss, L50, F|100/100
|switch|p2b: RC|Incineroar, L50, F|100/100
|-ability|p2b: RC|Intimidate|boost
|-unboost|p1a: Armarouge|atk|1
|-unboost|p1b: Indeedee|atk|1
|-fieldstart|move: Psychic Terrain|[from] ability: Psychic Surge|[of] p1b: Indeedee
|turn|1
|inactive|root2iris has 30 seconds left.
|inactive|Tfam39 has 30 seconds left.
|inactive|Tfam39 has 20 seconds left.
|
|t:|1756235565
|-terastallize|p1a: Armarouge|Grass
|move|p1b: Indeedee|Follow Me|p1b: Indeedee
|-singleturn|p1b: Indeedee|move: Follow Me
|move|p2b: RC|Knock Off|p1b: Indeedee
|-supereffective|p1b: Indeedee
|-damage|p1b: Indeedee|33/100
|-damage|p2b: RC|84/100|[from] item: Rocky Helmet|[of] p1b: Indeedee
|-enditem|p1b: Indeedee|Rocky Helmet|[from] move: Knock Off|[of] p2b: RC
|move|p1a: Armarouge|Expanding Force|p2a: Mikael Mouse|[spread] p2a
|-immune|p2b: RC
|-supereffective|p2a: Mikael Mouse
|-damage|p2a: Mikael Mouse|0 fnt
|faint|p2a: Mikael Mouse
|-damage|p1a: Armarouge|91/100|[from] item: Life Orb
|
|upkeep
|
|t:|1756235582
|switch|p2a: Oathkeeper|Pelipper, L50, F, shiny|100/100
|-weather|RainDance|[from] ability: Drizzle|[of] p2a: Oathkeeper
|turn|2
|
|t:|1756235601
|move|p1b: Indeedee|Follow Me|p1b: Indeedee
|-singleturn|p1b: Indeedee|move: Follow Me
|move|p2b: RC|Knock Off|p1b: Indeedee
|-supereffective|p1b: Indeedee
|-damage|p1b: Indeedee|0 fnt
|faint|p1b: Indeedee
|move|p2a: Oathkeeper|Hurricane|p1a: Armarouge
|-supereffective|p1a: Armarouge
|-crit|p1a: Armarouge
|-damage|p1a: Armarouge|0 fnt
|faint|p1a: Armarouge
|
|-weather|RainDance|[upkeep]
|upkeep
|
|t:|1756235609
|switch|p1a: Torkoal|Torkoal, L50, M|100/100
|switch|p1b: Lilligant|Lilligant-Hisui, L50, F|100/100
|-weather|SunnyDay|[from] ability: Drought|[of] p1a: Torkoal
|turn|3
|inactive|root2iris has 30 seconds left.
|inactive|root2iris has 20 seconds left.
|inactive|root2iris has 15 seconds left.
|
|t:|1756235654
|-terastallize|p2b: RC|Ghost
|move|p1b: Lilligant|Sleep Powder|p2a: Oathkeeper
|-status|p2a: Oathkeeper|slp|[from] move: Sleep Powder
|move|p2b: RC|Knock Off|p1a: Torkoal
|-damage|p1a: Torkoal|72/100
|-enditem|p1a: Torkoal|Charcoal|[from] move: Knock Off|[of] p2b: RC
|cant|p2a: Oathkeeper|slp
|move|p1a: Torkoal|Eruption|p2a: Oathkeeper|[spread] p2a,p2b
|-resisted|p2a: Oathkeeper
|-damage|p2a: Oathkeeper|58/100 slp
|-damage|p2b: RC|36/100
|
|-weather|SunnyDay|[upkeep]
|upkeep
|turn|4
|inactive|root2iris has 30 seconds left.
|inactive|root2iris has 20 seconds left.
|inactive|root2iris has 15 seconds left.
|inactive|root2iris has 10 seconds left.
|inactive|root2iris has 5 seconds left.
|
|t:|1756235705
|move|p1b: Lilligant|Leaf Blade|p2b: RC
|-damage|p2b: RC|0 fnt
|faint|p2b: RC
|-curestatus|p2a: Oathkeeper|slp|[msg]
|move|p2a: Oathkeeper|Muddy Water|p1b: Lilligant|[spread] p1a,p1b
|-supereffective|p1a: Torkoal
|-resisted|p1b: Lilligant
|-damage|p1a: Torkoal|31/100
|-damage|p1b: Lilligant|89/100
|-unboost|p1a: Torkoal|accuracy|1
|move|p1a: Torkoal|Eruption|p2a: Oathkeeper|[miss]
|-miss|p1a: Torkoal|p2a: Oathkeeper
|
|-weather|SunnyDay|[upkeep]
|upkeep
|
|t:|1756235717
|switch|p2b: Air Combo++|Baxcalibur, L50, F|100/100
|turn|5
|
|t:|1756235737
|move|p1b: Lilligant|Sleep Powder|p2a: Oathkeeper
|-status|p2a: Oathkeeper|slp|[from] move: Sleep Powder
|move|p2b: Air Combo++|High Horsepower|p1a: Torkoal
|-supereffective|p1a: Torkoal
|-damage|p1a: Torkoal|0 fnt
|faint|p1a: Torkoal
|cant|p2a: Oathkeeper|slp
|
|-weather|SunnyDay|[upkeep]
|-fieldend|move: Psychic Terrain
|upkeep
|turn|6
|
|t:|1756235745
|move|p2b: Air Combo++|Protect|p2b: Air Combo++
|-singleturn|p2b: Air Combo++|Protect
|move|p1b: Lilligant|Sleep Powder|p2b: Air Combo++
|-activate|p2b: Air Combo++|move: Protect
|-curestatus|p2a: Oathkeeper|slp|[msg]
|move|p2a: Oathkeeper|Tailwind|p2a: Oathkeeper
|-sidestart|p2: root2iris|move: Tailwind
|
|-weather|SunnyDay|[upkeep]
|upkeep
|turn|7
|
|t:|1756235751
|move|p1b: Lilligant|Sleep Powder|p2a: Oathkeeper
|-status|p2a: Oathkeeper|slp|[from] move: Sleep Powder
|move|p2b: Air Combo++|Icicle Spear|p1b: Lilligant
|-supereffective|p1b: Lilligant
|-damage|p1b: Lilligant|46/100
|-supereffective|p1b: Lilligant
|-damage|p1b: Lilligant|0 fnt
|faint|p1b: Lilligant
|-hitcount|p1: Lilligant|2
|
|win|root2iris
||root2iris is ready for game 3.
||Tfam39 is ready for game 3.
|uhtml|next|Next: Game 3 of 3
|l|☆Tfam39
|player|p1|
