|j|☆jiaco5
|j|☆araragi koyomy
|html|jiaco5araragi koyomy    
|uhtml|bestof|Game 3 of a best-of-3
|t:|1784070254
|gametype|doubles
|player|p1|jiaco5|265|1318
|player|p2|araragi koyomy|169|1240
|gen|9
|tier|[Gen 9 Champions] VGC 2026 Reg M-B (Bo3)
|rated|
|rule|Species Clause: Limit one of each Pokémon
|rule|Item Clause: Limit 1 of each item
|clearpoke
|poke|p1|Blastoise, L50, M|
|poke|p1|Sinistcha, L50|
|poke|p1|Delphox, L50, M|
|poke|p1|Sneasler, L50, F|
|poke|p1|Incineroar, L50, F|
|poke|p1|Kingambit, L50, F|
|poke|p2|Whimsicott, L50, F|
|poke|p2|Staraptor, L50, F|
|poke|p2|Charizard, L50, F|
|poke|p2|Basculegion, L50, M|
|poke|p2|Garchomp, L50, M|
|poke|p2|Sylveon, L50, M|
|teampreview|4
|showteam|p1|Blastoise||Blastoisinite|RainDish|WaterSpout,DarkPulse,ShellSmash,Protect|Modest||M|||50|]Sinistcha||OccaBerry|Hospitality|MatchaGotcha,TrickRoom,RagePowder,Protect|Relaxed|||||50|]Delphox||Delphoxite|Blaze|HeatWave,Psychic,NastyPlot,Protect|Timid||M|||50|]Sneasler||FocusSash|PoisonTouch|CloseCombat,PoisonJab,FakeOut,QuickGuard|Jolly||F|||50|]Incineroar||SitrusBerry|Intimidate|FlareBlitz,FakeOut,ThroatChop,PartingShot|Impish||F|||50|]Kingambit||BlackGlasses|Defiant|KowtowCleave,SuckerPunch,SwordsDance,Protect|Adamant||F|||50|
|showteam|p2|Whimsicott||FocusSash|Prankster|Moonblast,Tailwind,Encore,Charm|Timid||F|||50|]Staraptor||Staraptite|Intimidate|Protect,CloseCombat,BraveBird,Roost|Jolly||F|||50|]Charizard||CharizarditeY|Blaze|HeatWave,SolarBeam,WeatherBall,Protect|Timid||F|||50|]Basculegion||ChoiceScarf|SwiftSwim|LastRespects,FlipTurn,WaveCrash,AquaJet|Jolly||M|||50|]Garchomp||LifeOrb|RoughSkin|DragonClaw,Protect,RockSlide,Earthquake|Jolly||M|||50|]Sylveon||FairyFeather|Pixilate|HyperVoice,QuickAttack,HyperBeam,Protect|Modest||M|||50|
|inactive|Battle timer is ON: inactive players will automatically lose when time's up. (requested by araragi koyomy)
|
|t:|1784070274
|teamsize|p1|4
|teamsize|p2|4
|start
|switch|p1a: Delphox|Delphox, L50, M|100/100
|switch|p1b: Sneasler|Sneasler, L50, F|100/100
|switch|p2a: Whimsicott|Whimsicott, L50, F|100/100
|switch|p2b: Staraptor|Staraptor, L50, F|100/100
|-ability|p2b: Staraptor|Intimidate|boost
|-unboost|p1a: Delphox|atk|1
|-unboost|p1b: Sneasler|atk|1
|turn|1
|
|t:|1784070289
|detailschange|p1a: Delphox|Delphox-Mega, L50, M
|-mega|p1a: Delphox|Delphox|Delphoxite
|move|p2b: Staraptor|Protect|p2b: Staraptor
|-singleturn|p2b: Staraptor|Protect
|move|p1b: Sneasler|Fake Out|p2a: Whimsicott
|-damage|p2a: Whimsicott|84/100
|-status|p2a: Whimsicott|psn|[from] ability: Poison Touch|[of] p1b: Sneasler
|cant|p2a: Whimsicott|flinch
|move|p1a: Delphox|Psychic|p2b: Staraptor
|-activate|p2b: Staraptor|move: Protect
|
|-damage|p2a: Whimsicott|72/100 psn|[from] psn
|upkeep
|turn|2
|inactive|araragi koyomy has 30 seconds left.
|inactive|araragi koyomy has 20 seconds left.
|inactive|araragi koyomy has 15 seconds left.
|inactive|araragi koyomy has 10 seconds left.
|
|t:|1784070339
|switch|p1b: Incineroar|Incineroar, L50, F|100/100
|-ability|p1b: Incineroar|Intimidate|boost
|-unboost|p2a: Whimsicott|atk|1
|-unboost|p2b: Staraptor|atk|1
|detailschange|p2b: Staraptor|Staraptor-Mega, L50, F
|-mega|p2b: Staraptor|Staraptor|Staraptite
|move|p2a: Whimsicott|Tailwind|p2a: Whimsicott
|-sidestart|p2: araragi koyomy|move: Tailwind
|move|p2b: Staraptor|Brave Bird|p1a: Delphox
|-damage|p1a: Delphox|48/100
|-damage|p2b: Staraptor|84/100|[from] Recoil
|move|p1a: Delphox|Psychic|p2b: Staraptor
|-supereffective|p2b: Staraptor|1
|-damage|p2b: Staraptor|0 fnt
|faint|p2b: Staraptor
|
|-damage|p2a: Whimsicott|59/100 psn|[from] psn
|upkeep
|
|t:|1784070354
|switch|p2b: Basculegion|Basculegion, L50, M|100/100
|turn|3
|
|t:|1784070367
|switch|p2a: Sylveon|Sylveon, L50, M|100/100
|switch|p1b: Sinistcha|Sinistcha, L50|100/100
|-heal|p1a: Delphox|73/100|[from] ability: Hospitality|[of] p1b: Sinistcha
|move|p1a: Delphox|Protect|p1a: Delphox
|-singleturn|p1a: Delphox|Protect
|move|p2b: Basculegion|Flip Turn|p1a: Delphox
|-activate|p1a: Delphox|move: Protect
|
|upkeep
|turn|4
|
|t:|1784070385
|switch|p1a: Incineroar|Incineroar, L50, F|100/100
|-ability|p1a: Incineroar|Intimidate|boost
|-unboost|p2a: Sylveon|atk|1
|-unboost|p2b: Basculegion|atk|1
|move|p1b: Sinistcha|Protect|p1b: Sinistcha
|-singleturn|p1b: Sinistcha|Protect
|move|p2b: Basculegion|Flip Turn|p1a: Incineroar
|-supereffective|p1a: Incineroar|1
|-damage|p1a: Incineroar|75/100
|
|t:|1784070393
|switch|p2b: Whimsicott|Whimsicott, L50, F|59/100 psn|[from] Flip Turn
|move|p2a: Sylveon|Hyper Beam|p1b: Sinistcha
|-activate|p1b: Sinistcha|move: Protect
|
|-damage|p2b: Whimsicott|47/100 psn|[from] psn
|upkeep
|turn|5
|
|t:|1784070411
|move|p2b: Whimsicott|Moonblast|p1b: Sinistcha
|-damage|p1b: Sinistcha|66/100
|-unboost|p1b: Sinistcha|spa|1
|move|p2a: Sylveon|Hyper Beam|p1a: Incineroar|[miss]
|-miss|p2a: Sylveon|p1a: Incineroar
|move|p1a: Incineroar|Flare Blitz|p2b: Whimsicott
|-supereffective|p2b: Whimsicott|1
|-damage|p2b: Whimsicott|0 fnt
|faint|p2b: Whimsicott
|-damage|p1a: Incineroar|64/100|[from] Recoil
|move|p1b: Sinistcha|Matcha Gotcha|p2a: Sylveon
|-damage|p2a: Sylveon|81/100
|-heal|p1b: Sinistcha|75/100|[from] drain|[of] p2a: Sylveon
|
|-sideend|p2: araragi koyomy|move: Tailwind
|upkeep
|
|t:|1784070419
|switch|p2b: Basculegion|Basculegion, L50, M|100/100
|turn|6
|
|t:|1784070439
|switch|p1a: Delphox|Delphox-Mega, L50, M|73/100
|move|p1b: Sinistcha|Protect|p1b: Sinistcha
|-singleturn|p1b: Sinistcha|Protect
|move|p2b: Basculegion|Last Respects|p1b: Sinistcha
|-activate|p1b: Sinistcha|move: Protect
|move|p2a: Sylveon|Hyper Beam|p1a: Delphox
|-resisted|p1a: Delphox|1
|-damage|p1a: Delphox|26/100
|-mustrecharge|p2a: Sylveon
|
|upkeep
|turn|7
|
|t:|1784070454
|move|p1b: Sinistcha|Rage Powder|p1b: Sinistcha
|-singleturn|p1b: Sinistcha|move: Rage Powder
|move|p2b: Basculegion|Last Respects|p1b: Sinistcha
|-supereffective|p1b: Sinistcha|1
|-damage|p1b: Sinistcha|0 fnt
|faint|p1b: Sinistcha
|move|p1a: Delphox|Psychic|p2b: Basculegion
|-damage|p2b: Basculegion|39/100
|-unboost|p2b: Basculegion|spd|1
|cant|p2a: Sylveon|recharge
|
|upkeep
|
|t:|1784070467
|switch|p1b: Incineroar|Incineroar, L50, F|64/100
|-ability|p1b: Incineroar|Intimidate|boost
|-unboost|p2a: Sylveon|atk|1
|-unboost|p2b: Basculegion|atk|1
|turn|8
|
|t:|1784070481
|move|p1a: Delphox|Protect|p1a: Delphox
|-singleturn|p1a: Delphox|Protect
|move|p2b: Basculegion|Last Respects|p1a: Delphox
|-activate|p1a: Delphox|move: Protect
|move|p2a: Sylveon|Hyper Beam|p1b: Incineroar
|-damage|p1b: Incineroar|0 fnt
|-mustrecharge|p2a: Sylveon
|faint|p1b: Incineroar
|
|upkeep
|
|t:|1784070489
|switch|p1b: Sneasler|Sneasler, L50, F|100/100
|turn|9
|
|t:|1784070500
|move|p2b: Basculegion|Last Respects|p1a: Delphox
|-supereffective|p1a: Delphox|1
|-damage|p1a: Delphox|0 fnt
|faint|p1a: Delphox
|move|p1b: Sneasler|Poison Jab|p2b: Basculegion
|-resisted|p2b: Basculegion|1
|-damage|p2b: Basculegion|13/100
|cant|p2a: Sylveon|recharge
|
|upkeep
|turn|10
|
|t:|1784070512
|move|p2b: Basculegion|Last Respects|p1b: Sneasler
|-damage|p1b: Sneasler|22/100
|move|p1b: Sneasler|Poison Jab|p2a: Sylveon
|-supereffective|p2a: Sylveon|1
|-damage|p2a: Sylveon|0 fnt
|faint|p2a: Sylveon
|
|upkeep
|turn|11
|
|t:|1784070519
|move|p2b: Basculegion|Last Respects|p1b: Sneasler
|-damage|p1b: Sneasler|0 fnt
|faint|p1b: Sneasler
|
|win|araragi koyomy
|raw|jiaco5's rating: 1318 → 1294(-24 for losing)
|raw|araragi koyomy's rating: 1240 → 1271(+31 for winning)
|c|☆araragi koyomy|que malo
|c|☆araragi koyomy|your so bad bro
|n|!jiaco5|jiaco5
|c|☆araragi koyomy|your do not have hand
|l|!jiaco5
|player|p1|
|l|☆araragi koyomy
|player|p2|
|j|!jiaco5
|player|p1|jiaco5|265|
|n|☆jiaco5|jiaco5
