|j|☆vilan333
|j|‽Habeebt
|html|vilan333Habeebt    
|uhtml|bestof|Game 2 of a best-of-3
|t:|1756251678
|gametype|doubles
|player|p1|vilan333|marshal|1064
|player|p2|Habeebt|lucas|1018
|gen|9
|tier|[Gen 9] VGC 2025 Reg H (Bo3)
|rated|
|rule|Species Clause: Limit one of each Pokémon
|rule|Item Clause: Limit 1 of each item
|clearpoke
|poke|p1|Sneasler, L50, M|
|poke|p1|Indeedee, L50, M|
|poke|p1|Ursaluna-Bloodmoon, L50, M|
|poke|p1|Electabuzz, L50, M|
|poke|p1|Talonflame, L50, F|
|poke|p1|Incineroar, L50, M|
|poke|p2|Rillaboom, L50, F|
|poke|p2|Volcarona, L50, M|
|poke|p2|Ninetales, L50, M|
|poke|p2|Greninja-*, L50, F|
|poke|p2|Clefable, L50, M|
|poke|p2|Dragonite, L50, F|
|teampreview|4
|showteam|p1|Sneasler||PsychicSeed|Unburden|Protect,CloseCombat,DireClaw,ThroatChop|||M|||50|,,,,,Dark]Indeedee||FocusSash|PsychicSurge|Imprison,TrickRoom,ExpandingForce,TeraBlast|||M|||50|,,,,,Fighting]Ursaluna-Bloodmoon||LifeOrb|MindsEye|Protect,HyperVoice,BloodMoon,EarthPower|||M|||50|,,,,,Normal]Electabuzz||Eviolite|VitalSpirit|Electroweb,Protect,Taunt,FollowMe|||M|||50|,,,,,Ghost]Talonflame||CovertCloak|GaleWings|Tailwind,WillOWisp,DualWingbeat,FlareBlitz|||F|||50|,,,,,Fairy]Incineroar||SafetyGoggles|Intimidate|FakeOut,KnockOff,PartingShot,FlareBlitz|||M|||50|,,,,,Ghost
|showteam|p2|Rillaboom||AssaultVest|GrassySurge|FakeOut,GrassyGlide,HighHorsepower,WoodHammer|||F|||50|,,,,,Fire]Volcarona||GrassySeed|FlameBody|Protect,QuiverDance,TeraBlast,HeatWave|||M|||50|,,,,,Fairy]Ninetales||EjectPack|Drought|Protect,HelpingHand,SunnyDay,Overheat|||M|||50|,,,,,Ghost]Greninja||ChoiceSpecs|Protean|Taunt,IcyWind,DarkPulse,HydroPump|||F|||50|,,,,,Stellar]Clefable||SitrusBerry|Unaware|Protect,FollowMe,LifeDew,IcyWind|||M|||50|,,,,,Ghost]Dragonite||LoadedDice|Multiscale|Tailwind,ExtremeSpeed,Haze,ScaleShot|||F|||50|,,,,,Fairy
|inactive|Battle timer is ON: inactive players will automatically lose when time's up. (requested by Habeebt)
|inactive|Habeebt has 60 seconds left.
|
|t:|1756251712
|teamsize|p1|4
|teamsize|p2|4
|start
|switch|p1a: Sneasler|Sneasler, L50, M|100/100
|switch|p1b: Talonflame|Talonflame, L50, F, shiny|100/100
|switch|p2a: Dragonite|Dragonite, L50, F|100/100
|switch|p2b: Volcarona|Volcarona, L50, M|100/100
|turn|1
|inactive|vilan333 has 30 seconds left.
|
|t:|1756251746
|switch|p1a: Ryo|Incineroar, L50, M|100/100
|-ability|p1a: Ryo|Intimidate|boost
|-unboost|p2a: Dragonite|atk|1
|-unboost|p2b: Volcarona|atk|1
|move|p1b: Talonflame|Tailwind|p1b: Talonflame
|-sidestart|p1: vilan333|move: Tailwind
|move|p2a: Dragonite|Scale Shot|p1b: Talonflame
|-damage|p1b: Talonflame|86/100
|-damage|p1b: Talonflame|72/100
|-damage|p1b: Talonflame|58/100
|-damage|p1b: Talonflame|44/100
|-hitcount|p1b: Talonflame|4
|-unboost|p2a: Dragonite|def|1
|-boost|p2a: Dragonite|spe|1
|move|p2b: Volcarona|Quiver Dance|p2b: Volcarona
|-boost|p2b: Volcarona|spa|1
|-boost|p2b: Volcarona|spd|1
|-boost|p2b: Volcarona|spe|1
|
|upkeep
|turn|2
|inactive|Habeebt has 30 seconds left.
|inactive|Habeebt has 20 seconds left.
|inactive|Habeebt has 15 seconds left.
|inactive|Habeebt has 10 seconds left.
|
|t:|1756251792
|move|p1a: Ryo|Fake Out|p2b: Volcarona
|-damage|p2b: Volcarona|87/100
|move|p1b: Talonflame|Will-O-Wisp|p2a: Dragonite
|-status|p2a: Dragonite|brn
|move|p2a: Dragonite|Tailwind|p2a: Dragonite
|-sidestart|p2: Habeebt|move: Tailwind
|cant|p2b: Volcarona|flinch
|
|-damage|p2a: Dragonite|95/100 brn|[from] brn
|upkeep
|turn|3
|
|t:|1756251809
|move|p2b: Volcarona|Protect|p2b: Volcarona
|-singleturn|p2b: Volcarona|Protect
|move|p2a: Dragonite|Scale Shot|p1a: Ryo
|-damage|p1a: Ryo|96/100
|-damage|p1a: Ryo|92/100
|-damage|p1a: Ryo|87/100
|-damage|p1a: Ryo|82/100
|-damage|p1a: Ryo|78/100
|-hitcount|p1a: Ryo|5
|-unboost|p2a: Dragonite|def|1
|-boost|p2a: Dragonite|spe|1
|move|p1b: Talonflame|Flare Blitz|p2b: Volcarona
|-activate|p2b: Volcarona|move: Protect
|move|p1a: Ryo|Knock Off|p2b: Volcarona
|-activate|p2b: Volcarona|move: Protect
|
|-damage|p2a: Dragonite|89/100 brn|[from] brn
|upkeep
|turn|4
|inactive|vilan333 has 30 seconds left.
|inactive|Habeebt has 30 seconds left.
|
|t:|1756251853
|switch|p2a: Rillaboom|Rillaboom, L50, F|100/100
|-fieldstart|move: Grassy Terrain|[from] ability: Grassy Surge|[of] p2a: Rillaboom
|-enditem|p2b: Volcarona|Grassy Seed
|-boost|p2b: Volcarona|def|1|[from] item: Grassy Seed
|move|p1b: Talonflame|Flare Blitz|p2b: Volcarona
|-damage|p2b: Volcarona|53/100
|-damage|p1b: Talonflame|31/100|[from] Recoil
|move|p2b: Volcarona|Heat Wave|p1a: Ryo|[spread] p1a
|-miss|p2b: Volcarona|p1b: Talonflame
|-resisted|p1a: Ryo
|-damage|p1a: Ryo|51/100
|move|p1a: Ryo|Knock Off|p2a: Rillaboom
|-damage|p2a: Rillaboom|67/100
|-enditem|p2a: Rillaboom|Assault Vest|[from] move: Knock Off|[of] p1a: Ryo
|
|-heal|p2b: Volcarona|59/100|[from] Grassy Terrain
|-heal|p2a: Rillaboom|72/100|[from] Grassy Terrain
|-heal|p1a: Ryo|57/100|[from] Grassy Terrain
|-sideend|p1: vilan333|move: Tailwind
|upkeep
|turn|5
|inactive|vilan333 has 30 seconds left.
|inactive|vilan333 has 20 seconds left.
|
|t:|1756251891
|switch|p1b: Sneasler|Sneasler, L50, M|100/100
|move|p2b: Volcarona|Tera Blast|p1b: Sneasler
|-damage|p1b: Sneasler|47/100
|move|p2a: Rillaboom|High Horsepower|p1a: Ryo
|-supereffective|p1a: Ryo
|-damage|p1a: Ryo|0 fnt
|faint|p1a: Ryo
|
|-heal|p2b: Volcarona|65/100|[from] Grassy Terrain
|-heal|p2a: Rillaboom|78/100|[from] Grassy Terrain
|-heal|p1b: Sneasler|53/100|[from] Grassy Terrain
|-sideend|p2: Habeebt|move: Tailwind
|upkeep
|
|t:|1756251906
|switch|p1a: Ursaluna|Ursaluna-Bloodmoon, L50, M|100/100
|turn|6
|
|t:|1756251929
|-terastallize|p2a: Rillaboom|Fire
|-terastallize|p1a: Ursaluna|Normal
|move|p2b: Volcarona|Protect|p2b: Volcarona
|-singleturn|p2b: Volcarona|Protect
|move|p1b: Sneasler|Dire Claw|p2b: Volcarona
|-activate|p2b: Volcarona|move: Protect
|move|p2a: Rillaboom|Wood Hammer|p1a: Ursaluna
|-damage|p1a: Ursaluna|43/100
|-damage|p2a: Rillaboom|61/100|[from] Recoil
|move|p1a: Ursaluna|Blood Moon|p2a: Rillaboom
|-damage|p2a: Rillaboom|0 fnt
|faint|p2a: Rillaboom
|-damage|p1a: Ursaluna|33/100|[from] item: Life Orb
|
|-heal|p2b: Volcarona|71/100|[from] Grassy Terrain
|-heal|p1b: Sneasler|58/100|[from] Grassy Terrain
|-heal|p1a: Ursaluna|39/100|[from] Grassy Terrain
|upkeep
|
|t:|1756251932
|switch|p2a: Dragonite|Dragonite, L50, F|89/100 brn
|turn|7
|inactive|vilan333 has 30 seconds left.
|
|t:|1756251960
|move|p2b: Volcarona|Tera Blast|p1a: Ursaluna
|-damage|p1a: Ursaluna|0 fnt
|faint|p1a: Ursaluna
|move|p1b: Sneasler|Dire Claw|p2b: Volcarona
|-damage|p2b: Volcarona|36/100
|-status|p1b: Sneasler|brn|[from] ability: Flame Body|[of] p2b: Volcarona
|move|p2a: Dragonite|Tailwind|p2a: Dragonite
|-sidestart|p2: Habeebt|move: Tailwind
|
|-heal|p2b: Volcarona|42/100|[from] Grassy Terrain
|-heal|p1b: Sneasler|64/100 brn|[from] Grassy Terrain
|-damage|p2a: Dragonite|83/100 brn|[from] brn
|-damage|p1b: Sneasler|58/100 brn|[from] brn
|upkeep
|-message|vilan333 forfeited.
|
|win|Habeebt
|raw|vilan333's rating: 1064 → 1042(-22 for losing)
|raw|Habeebt's rating: 1018 → 1060(+42 for winning)
|l|☆vilan333
|player|p1|
|l|‽Habeebt
|player|p2|
|j|☆vilan333
|player|p1|vilan333|marshal|
