|j|☆langschlong
|j|☆JZ21
|html|langschlongJZ21    
|uhtml|bestof|Game 2 of a best-of-3
|t:|1757626432
|gametype|doubles
|player|p1|langschlong|steven|
|player|p2|JZ21|brendan-rs|
|gen|9
|tier|[Gen 9] VGC 2025 Reg H (Bo3)
|rule|Species Clause: Limit one of each Pokémon
|rule|Item Clause: Limit 1 of each item
|clearpoke
|poke|p1|Archaludon, L50, M|
|poke|p1|Gholdengo, L50|
|poke|p1|Whimsicott, L50, M|
|poke|p1|Dragonite, L50, M|
|poke|p1|Ursaluna-Bloodmoon, L50, M|
|poke|p1|Incineroar, L50, M|
|poke|p2|Dondozo, L50, F|
|poke|p2|Tatsugiri-Stretchy, L50, M|
|poke|p2|Dragonite, L50, M|
|poke|p2|Volcarona, L50, F|
|poke|p2|Rillaboom, L50, M|
|poke|p2|Annihilape, L50, M|
|teampreview|4
|showteam|p1|Archaludon||PowerHerb|Stalwart|ElectroShot,Thunderbolt,DragonPulse,Protect|||M|||50|,,,,,Electric]Gholdengo||MetalCoat|GoodasGold|MakeItRain,ShadowBall,NastyPlot,Protect||||||50|,,,,,Steel]Whimsicott||FocusSash|Prankster|Moonblast,FakeTears,Encore,Tailwind|||M|||50|,,,,,Ghost]Dragonite||LoadedDice|InnerFocus|ScaleShot,ExtremeSpeed,IceSpinner,Protect|||M|||50|,,,,,Steel]Ursaluna-Bloodmoon||AssaultVest|MindsEye|BloodMoon,HyperVoice,EarthPower,VacuumWave|||M|||50|,,,,,Water]Incineroar||MirrorHerb|Intimidate|FakeOut,FlareBlitz,KnockOff,PartingShot|||M|||50|,,,,,Grass
|showteam|p2|Dondozo||Leftovers|Unaware|Protect,WaveCrash,Fissure,Yawn|||F|||50|,,,,,Electric]Tatsugiri-Stretchy||SafetyGoggles|Commander|DracoMeteor,MuddyWater,IcyWind,Taunt|||M|||50|,,,,,Dark]Dragonite||LoadedDice|Multiscale|ScaleShot,ExtremeSpeed,FireSpin,Protect|||M|||50|,,,,,Normal]Volcarona||SitrusBerry|FlameBody|HeatWave,TeraBlast,QuiverDance,Protect|||F|||50|,,,,,Fairy]Rillaboom||AssaultVest|GrassySurge|WoodHammer,Uturn,GrassyGlide,FakeOut|||M|||50|,,,,,Fire]Annihilape||FocusSash|Defiant|RageFist,CloseCombat,StealthRock,Coaching|||M|||50|,,,,,Fire
|
|t:|1757626462
|teamsize|p1|4
|teamsize|p2|4
|start
|switch|p1a: tilted towers|Whimsicott, L50, M, shiny|100/100
|switch|p1b: salty springs|Gholdengo, L50|100/100
|switch|p2a: Volcarona|Volcarona, L50, F|100/100
|switch|p2b: Rillaboom|Rillaboom, L50, M|100/100
|-fieldstart|move: Grassy Terrain|[from] ability: Grassy Surge|[of] p2b: Rillaboom
|turn|1
|j| Arkhept
|l| Arkhept
|
|t:|1757626522
|switch|p1a: tomato town|Incineroar, L50, M, shiny|100/100
|-ability|p1a: tomato town|Intimidate|boost
|-unboost|p2a: Volcarona|atk|1
|-unboost|p2b: Rillaboom|atk|1
|move|p1b: salty springs|Nasty Plot|p1b: salty springs
|-boost|p1b: salty springs|spa|2
|move|p2a: Volcarona|Heat Wave|p1b: salty springs|[spread] p1a,p1b
|-resisted|p1a: tomato town
|-supereffective|p1b: salty springs
|-damage|p1a: tomato town|87/100
|-damage|p1b: salty springs|32/100
|move|p2b: Rillaboom|U-turn|p1a: tomato town
|-damage|p1a: tomato town|70/100
|
|t:|1757626571
|switch|p2b: Dondozo|Dondozo, L50, F|100/100|[from] U-turn
|
|-heal|p1b: salty springs|38/100|[from] Grassy Terrain
|-heal|p1a: tomato town|76/100|[from] Grassy Terrain
|upkeep
|turn|2
|inactive|Battle timer is ON: inactive players will automatically lose when time's up. (requested by JZ21)
|inactive|langschlong has 60 seconds left.
|
|t:|1757626642
|-terastallize|p1a: tomato town|Grass
|move|p2a: Volcarona|Protect|p2a: Volcarona
|-singleturn|p2a: Volcarona|Protect
|move|p1b: salty springs|Make It Rain|p2a: Volcarona|[spread] p2b
|-activate|p2a: Volcarona|move: Protect
|-resisted|p2b: Dondozo
|-damage|p2b: Dondozo|80/100
|-unboost|p1b: salty springs|spa|1
|move|p1a: tomato town|Knock Off|p2a: Volcarona
|-activate|p2a: Volcarona|move: Protect
|move|p2b: Dondozo|Wave Crash|p1b: salty springs
|-damage|p1b: salty springs|0 fnt
|faint|p1b: salty springs
|-damage|p2b: Dondozo|72/100|[from] Recoil
|
|-heal|p1a: tomato town|83/100|[from] Grassy Terrain
|-heal|p2b: Dondozo|78/100|[from] Grassy Terrain
|-heal|p2b: Dondozo|85/100|[from] item: Leftovers
|upkeep
|
|t:|1757626666
|switch|p1b: tilted towers|Whimsicott, L50, M, shiny|100/100
|turn|3
|
|t:|1757626680
|switch|p2a: Tatsugiri|Tatsugiri-Stretchy, L50, M|100/100
|-activate|p2a: Tatsugiri|ability: Commander|[of] p2b: Dondozo
|-boost|p2b: Dondozo|atk|2
|-boost|p2b: Dondozo|spa|2
|-boost|p2b: Dondozo|spe|2
|-boost|p2b: Dondozo|def|2
|-boost|p2b: Dondozo|spd|2
|-enditem|p1a: tomato town|Mirror Herb
|-boost|p1a: tomato town|atk|2|[from] item: Mirror Herb
|-boost|p1a: tomato town|spa|2|[from] item: Mirror Herb
|-boost|p1a: tomato town|spe|2|[from] item: Mirror Herb
|-boost|p1a: tomato town|def|2|[from] item: Mirror Herb
|-boost|p1a: tomato town|spd|2|[from] item: Mirror Herb
|move|p1b: tilted towers|Encore|p2a: Tatsugiri|[miss]
|-miss|p1b: tilted towers|p2a: Tatsugiri
|move|p1a: tomato town|Knock Off|p2a: Tatsugiri|[miss]
|-miss|p1a: tomato town|p2a: Tatsugiri
|move|p2b: Dondozo|Yawn|p1b: tilted towers
|-start|p1b: tilted towers|move: Yawn|[of] p2b: Dondozo
|
|-heal|p1a: tomato town|89/100|[from] Grassy Terrain
|-heal|p2b: Dondozo|91/100|[from] Grassy Terrain
|-heal|p2b: Dondozo|97/100|[from] item: Leftovers
|upkeep
|turn|4
|inactive|langschlong has 30 seconds left.
|inactive|JZ21 has 30 seconds left.
|inactive|langschlong has 20 seconds left.
|inactive|JZ21 has 20 seconds left.
|inactive|langschlong has 15 seconds left.
|inactive|JZ21 has 15 seconds left.
|inactive|langschlong has 10 seconds left.
|inactive|JZ21 has 10 seconds left.
|
|t:|1757626732
|move|p2b: Dondozo|Protect|p2b: Dondozo
|-singleturn|p2b: Dondozo|Protect
|move|p1b: tilted towers|Fake Tears|p2b: Dondozo
|-activate|p2b: Dondozo|move: Protect
|move|p1a: tomato town|Knock Off|p2b: Dondozo
|-activate|p2b: Dondozo|move: Protect
|
|-heal|p1a: tomato town|95/100|[from] Grassy Terrain
|-heal|p2b: Dondozo|100/100|[from] Grassy Terrain
|-end|p1b: tilted towers|move: Yawn|[silent]
|-status|p1b: tilted towers|slp
|upkeep
|turn|5
|
|t:|1757626755
|cant|p1b: tilted towers|slp
|move|p1a: tomato town|Knock Off|p2b: Dondozo
|-crit|p2b: Dondozo
|-damage|p2b: Dondozo|62/100
|-enditem|p2b: Dondozo|Leftovers|[from] move: Knock Off|[of] p1a: tomato town
|move|p2b: Dondozo|Wave Crash|p1a: tomato town
|-resisted|p1a: tomato town
|-damage|p1a: tomato town|55/100
|-damage|p2b: Dondozo|52/100|[from] Recoil
|
|-heal|p1a: tomato town|62/100|[from] Grassy Terrain
|-heal|p2b: Dondozo|58/100|[from] Grassy Terrain
|-fieldend|move: Grassy Terrain
|upkeep
|turn|6
|inactive|langschlong has 30 seconds left.
|
|t:|1757626785
|switch|p1b: retail row|Archaludon, L50, M|100/100
|move|p1a: tomato town|Knock Off|p2b: Dondozo
|-damage|p2b: Dondozo|51/100
|move|p2b: Dondozo|Wave Crash|p1a: tomato town
|-resisted|p1a: tomato town
|-damage|p1a: tomato town|18/100
|-damage|p2b: Dondozo|40/100|[from] Recoil
|
|upkeep
|turn|7
|inactive|langschlong has 30 seconds left.
|inactive|JZ21 has 30 seconds left.
|inactive|JZ21 has 20 seconds left.
|
|t:|1757626822
|-terastallize|p2b: Dondozo|Electric
|move|p1a: tomato town|Knock Off|p2a: Tatsugiri|[miss]
|-miss|p1a: tomato town|p2a: Tatsugiri
|move|p1b: retail row|Thunderbolt|p2b: Dondozo
|-resisted|p2b: Dondozo
|-damage|p2b: Dondozo|35/100
|move|p2b: Dondozo|Yawn|p1b: retail row
|-start|p1b: retail row|move: Yawn|[of] p2b: Dondozo
|
|upkeep
|turn|8
|
|t:|1757626847
|move|p2b: Dondozo|Protect|p2b: Dondozo
|-singleturn|p2b: Dondozo|Protect
|move|p1a: tomato town|Knock Off|p2a: Tatsugiri|[miss]
|-miss|p1a: tomato town|p2a: Tatsugiri
|move|p1b: retail row|Electro Shot||[still]
|-prepare|p1b: retail row|Electro Shot
|-boost|p1b: retail row|spa|1
|-enditem|p1b: retail row|Power Herb
|-anim|p1b: retail row|Electro Shot|p2b: Dondozo
|-activate|p2b: Dondozo|move: Protect
|
|-end|p1b: retail row|move: Yawn|[silent]
|-status|p1b: retail row|slp
|upkeep
|turn|9
|
|t:|1757626866
|cant|p1b: retail row|slp
|move|p1a: tomato town|Knock Off|p2a: Tatsugiri|[miss]
|-miss|p1a: tomato town|p2a: Tatsugiri
|move|p2b: Dondozo|Wave Crash|p1a: tomato town
|-resisted|p1a: tomato town
|-damage|p1a: tomato town|0 fnt
|faint|p1a: tomato town
|-damage|p2b: Dondozo|30/100|[from] Recoil
|
|upkeep
|
|t:|1757626875
|switch|p1a: tilted towers|Whimsicott, L50, M, shiny|100/100 slp
|turn|10
|inactive|JZ21 has 30 seconds left.
|inactive|JZ21 has 20 seconds left.
|
|t:|1757626915
|cant|p1a: tilted towers|slp
|-curestatus|p1b: retail row|slp|[msg]
|move|p1b: retail row|Thunderbolt|p2b: Dondozo
|-resisted|p2b: Dondozo
|-damage|p2b: Dondozo|25/100
|move|p2b: Dondozo|Fissure|p1b: retail row|[miss]
|-miss|p2b: Dondozo|p1b: retail row
|
|upkeep
|turn|11
|inactive|langschlong has 30 seconds left.
|inactive|langschlong has 20 seconds left.
|inactive|langschlong has 15 seconds left.
|inactive|langschlong has 10 seconds left.
|
|t:|1757626962
|-curestatus|p1a: tilted towers|slp|[msg]
|move|p1a: tilted towers|Fake Tears|p2b: Dondozo
|-unboost|p2b: Dondozo|spd|2
|move|p1b: retail row|Dragon Pulse|p2b: Dondozo
|-damage|p2b: Dondozo|0 fnt
|faint|p2b: Dondozo
|
|upkeep
|
|t:|1757626978
|switch|p2b: Rillaboom|Rillaboom, L50, M|100/100
|-fieldstart|move: Grassy Terrain|[from] ability: Grassy Surge|[of] p2b: Rillaboom
|turn|12
|inactive|langschlong has 30 seconds left.
|inactive|langschlong has 20 seconds left.
|inactive|langschlong has 15 seconds left.
|inactive|langschlong has 10 seconds left.
|
|t:|1757627028
|move|p2b: Rillaboom|Fake Out|p1b: retail row
|-resisted|p1b: retail row
|-damage|p1b: retail row|94/100
|move|p1a: tilted towers|Fake Tears|p2b: Rillaboom
|-unboost|p2b: Rillaboom|spd|2
|cant|p1b: retail row|flinch
|move|p2a: Tatsugiri|Taunt|p1a: tilted towers
|-start|p1a: tilted towers|move: Taunt
|
|-heal|p1b: retail row|100/100|[from] Grassy Terrain
|upkeep
|turn|13
|inactive|JZ21 has 30 seconds left.
|inactive|JZ21 has 20 seconds left.
|inactive|JZ21 has 15 seconds left.
|
|t:|1757627073
|switch|p2b: Volcarona|Volcarona, L50, F|100/100
|move|p1a: tilted towers|Moonblast|p2a: Tatsugiri
|-supereffective|p2a: Tatsugiri
|-damage|p2a: Tatsugiri|5/100
|move|p1b: retail row|Dragon Pulse|p2b: Volcarona
|-damage|p2b: Volcarona|44/100
|-enditem|p2b: Volcarona|Sitrus Berry|[eat]
|-heal|p2b: Volcarona|69/100|[from] item: Sitrus Berry
|move|p2a: Tatsugiri|Icy Wind|p1a: tilted towers|[spread] p1a,p1b
|-supereffective|p1a: tilted towers
|-damage|p1a: tilted towers|46/100
|-damage|p1b: retail row|77/100
|-unboost|p1a: tilted towers|spe|1
|-unboost|p1b: retail row|spe|1
|
|-heal|p2b: Volcarona|75/100|[from] Grassy Terrain
|-heal|p2a: Tatsugiri|11/100|[from] Grassy Terrain
|-heal|p1a: tilted towers|52/100|[from] Grassy Terrain
|-heal|p1b: retail row|83/100|[from] Grassy Terrain
|upkeep
|turn|14
|inactive|langschlong has 30 seconds left.
|inactive|JZ21 has 30 seconds left.
|inactive|langschlong has 20 seconds left.
|inactive|JZ21 has 20 seconds left.
|inactive|langschlong has 15 seconds left.
|inactive|JZ21 has 15 seconds left.
|inactive|langschlong has 10 seconds left.
|inactive|JZ21 has 10 seconds left.
|inactive|langschlong has 5 seconds left.
|
|t:|1757627125
|move|p2b: Volcarona|Heat Wave|p1b: retail row|[spread] p1a,p1b
|-supereffective|p1a: tilted towers
|-damage|p1a: tilted towers|0 fnt
|-damage|p1b: retail row|32/100
|faint|p1a: tilted towers
|move|p2a: Tatsugiri|Draco Meteor|p1b: retail row
|-damage|p1b: retail row|0 fnt
|-unboost|p2a: Tatsugiri|spa|2
|faint|p1b: retail row
|
|win|JZ21
|l|☆langschlong
|player|p1|
