|j|☆satandagiii2005
|j|☆McPootisCakes
|html|satandagiii2005McPootisCakes    
|uhtml|bestof|Game 1 of a best-of-3
|t:|1782413705
|gametype|doubles
|player|p1|satandagiii2005|byron|1075
|player|p2|McPootisCakes|ethan|1104
|gen|9
|tier|[Gen 9 Champions] VGC 2026 Reg M-B (Bo3)
|rated|
|rule|Species Clause: Limit one of each Pokémon
|rule|Item Clause: Limit 1 of each item
|clearpoke
|poke|p1|Metagross, L50, shiny|
|poke|p1|Sneasler, L50, F|
|poke|p1|Hydreigon, L50, F|
|poke|p1|Incineroar, L50, F, shiny|
|poke|p1|Aerodactyl, L50, M, shiny|
|poke|p1|Floette-Eternal, L50, F, shiny|
|poke|p2|Pelipper, L50, F|
|poke|p2|Swampert, L50, F|
|poke|p2|Archaludon, L50, F|
|poke|p2|Sinistcha, L50|
|poke|p2|Grimmsnarl, L50, M|
|poke|p2|Floette-Eternal, L50, F|
|teampreview|4
|showteam|p1|Metagross||Metagrossite|ClearBody|PsychicFangs,BodyPress,IronHead,Protect|Jolly|||||50|]Sneasler||WhiteHerb|Unburden|DireClaw,FakeOut,CloseCombat,Coaching|Jolly||F|||50|]Hydreigon||ChoiceScarf|Levitate|DracoMeteor,DarkPulse,Snarl,EarthPower|Modest||F|||50|]Incineroar||PasshoBerry|Intimidate|PartingShot,FakeOut,FlareBlitz,DarkestLariat|Careful||F|||50|]Aerodactyl||FocusSash|Unnerve|RockSlide,DualWingbeat,Tailwind,WideGuard|Jolly||M|||50|]Floette-Eternal||Floettite|FlowerVeil|DrainingKiss,DazzlingGleam,CalmMind,Protect|Modest||F|||50|
|showteam|p2|Pelipper||SitrusBerry|Drizzle|Tailwind,Hurricane,WeatherBall,Protect|Bold||F|||50|]Swampert||Swampertite|Damp|WaveCrash,Earthquake,IcePunch,Protect|Adamant||F|||50|]Archaludon||Leftovers|Stamina|DracoMeteor,FlashCannon,ElectroShot,Protect|Modest||F|||50|]Sinistcha||KasibBerry|Hospitality|MatchaGotcha,LifeDew,RagePowder,TrickRoom|Calm|||||50|]Grimmsnarl||LightClay|Prankster|SpiritBreak,Reflect,LightScreen,PartingShot|Careful||M|||50|]Floette-Eternal||Floettite|FlowerVeil|Moonblast,DazzlingGleam,CalmMind,Protect|Modest||F|||50|
|j| Void_Tierra
|inactive|Battle timer is ON: inactive players will automatically lose when time's up. (requested by satandagiii2005)
|inactive|satandagiii2005 has 30 seconds left.
|inactive|McPootisCakes has 60 seconds left.
|inactive|satandagiii2005 has 20 seconds left.
|inactive|satandagiii2005 has 15 seconds left.
|inactive|McPootisCakes has 30 seconds left.
|inactive|McPootisCakes has 20 seconds left.
|inactive|McPootisCakes has 15 seconds left.
|inactive|McPootisCakes has 10 seconds left.
|
|t:|1782413815
|teamsize|p1|4
|teamsize|p2|4
|start
|switch|p1a: Incineroar|Incineroar, L50, F, shiny|100/100
|switch|p1b: Aerodactyl|Aerodactyl, L50, M, shiny|100/100
|switch|p2a: Pelipper|Pelipper, L50, F|100/100
|switch|p2b: Archaludon|Archaludon, L50, F|100/100
|-ability|p1b: Aerodactyl|Unnerve
|-weather|RainDance|[from] ability: Drizzle|[of] p2a: Pelipper
|-ability|p1a: Incineroar|Intimidate|boost
|-unboost|p2a: Pelipper|atk|1
|-unboost|p2b: Archaludon|atk|1
|turn|1
|inactive|McPootisCakes has 30 seconds left.
|inactive|McPootisCakes has 20 seconds left.
|inactive|McPootisCakes has 15 seconds left.
|
|t:|1782413856
|switch|p2a: Swampert|Swampert, L50, F|100/100
|move|p1a: Incineroar|Fake Out|p2a: Swampert
|-damage|p2a: Swampert|88/100
|move|p1b: Aerodactyl|Tailwind|p1b: Aerodactyl
|-sidestart|p1: satandagiii2005|move: Tailwind
|move|p2b: Archaludon|Electro Shot||[still]
|-prepare|p2b: Archaludon|Electro Shot
|-boost|p2b: Archaludon|spa|1
|-anim|p2b: Archaludon|Electro Shot|p1b: Aerodactyl
|-supereffective|p1b: Aerodactyl|1
|-enditem|p1b: Aerodactyl|Focus Sash
|-damage|p1b: Aerodactyl|1/100
|
|-weather|RainDance|[upkeep]
|upkeep
|turn|2
|inactive|satandagiii2005 has 30 seconds left.
|inactive|McPootisCakes has 30 seconds left.
|inactive|McPootisCakes has 20 seconds left.
|inactive|McPootisCakes has 15 seconds left.
|inactive|satandagiii2005 has 20 seconds left.
|inactive|McPootisCakes has 10 seconds left.
|inactive|satandagiii2005 has 15 seconds left.
|inactive|McPootisCakes has 5 seconds left.
|inactive|satandagiii2005 has 10 seconds left.
|
|t:|1782413914
|switch|p1a: Hydreigon|Hydreigon, L50, F|100/100
|detailschange|p2a: Swampert|Swampert-Mega, L50, F
|-mega|p2a: Swampert|Swampert|Swampertite
|move|p1b: Aerodactyl|Dual Wingbeat|p2a: Swampert
|-damage|p2a: Swampert|70/100
|-damage|p2a: Swampert|55/100
|-hitcount|p2a: Swampert|2
|move|p2a: Swampert|Wave Crash|p1b: Aerodactyl
|-supereffective|p1b: Aerodactyl|1
|-damage|p1b: Aerodactyl|0 fnt
|faint|p1b: Aerodactyl
|-damage|p2a: Swampert|54/100|[from] Recoil
|move|p2b: Archaludon|Electro Shot||[still]
|-prepare|p2b: Archaludon|Electro Shot
|-boost|p2b: Archaludon|spa|1
|-anim|p2b: Archaludon|Electro Shot|p1a: Hydreigon
|-resisted|p1a: Hydreigon|1
|-damage|p1a: Hydreigon|49/100
|
|-weather|RainDance|[upkeep]
|upkeep
|inactive|satandagiii2005 has 30 seconds left.
|inactive|satandagiii2005 has 20 seconds left.
|inactive|satandagiii2005 has 15 seconds left.
|inactive|satandagiii2005 has 10 seconds left.
|
|t:|1782413964
|switch|p1b: Floette|Floette-Eternal, L50, F, shiny|100/100
|turn|3
|inactive|satandagiii2005 has 30 seconds left.
|inactive|McPootisCakes has 30 seconds left.
|inactive|satandagiii2005 has 20 seconds left.
|inactive|McPootisCakes has 20 seconds left.
|inactive|satandagiii2005 has 15 seconds left.
|inactive|satandagiii2005 has 10 seconds left.
|inactive|satandagiii2005 has 5 seconds left.
|
|t:|1782414017
|detailschange|p1b: Floette|Floette-Mega, L50, F, shiny
|-mega|p1b: Floette|Floette|Floettite
|-ability|p1b: Floette|Fairy Aura
|move|p1a: Hydreigon|Earth Power|p2b: Archaludon
|-supereffective|p2b: Archaludon|1
|-damage|p2b: Archaludon|38/100
|-ability|p2b: Archaludon|Stamina|boost
|-boost|p2b: Archaludon|def|1
|move|p1b: Floette|Dazzling Gleam|p2b: Archaludon|[spread] p2a,p2b
|-damage|p2a: Swampert|17/100
|-damage|p2b: Archaludon|0 fnt
|faint|p2b: Archaludon
|move|p2a: Swampert|Wave Crash|p1b: Floette
|-damage|p1b: Floette|0 fnt
|faint|p1b: Floette
|-damage|p2a: Swampert|0 fnt|[from] Recoil
|faint|p2a: Swampert
|
|-weather|RainDance|[upkeep]
|upkeep
|inactive|McPootisCakes has 30 seconds left.
|
|t:|1782414047
|switch|p1b: Incineroar|Incineroar, L50, F, shiny|100/100
|switch|p2a: Grimmsnarl|Grimmsnarl, L50, M|100/100
|switch|p2b: Pelipper|Pelipper, L50, F|100/100
|-ability|p1b: Incineroar|Intimidate|boost
|-unboost|p2a: Grimmsnarl|atk|1
|-unboost|p2b: Pelipper|atk|1
|turn|4
|inactive|satandagiii2005 has 30 seconds left.
|inactive|McPootisCakes has 30 seconds left.
|
|t:|1782414078
|move|p1b: Incineroar|Fake Out|p2b: Pelipper
|-damage|p2b: Pelipper|90/100
|move|p1a: Hydreigon|Earth Power|p2a: Grimmsnarl
|-damage|p2a: Grimmsnarl|68/100
|cant|p2b: Pelipper|flinch
|move|p2a: Grimmsnarl|Spirit Break|p1b: Incineroar
|-damage|p1b: Incineroar|83/100
|-unboost|p1b: Incineroar|spa|1
|
|-weather|RainDance|[upkeep]
|-sideend|p1: satandagiii2005|move: Tailwind
|upkeep
|turn|5
|inactive|satandagiii2005 has 30 seconds left.
|
|t:|1782414106
|move|p2a: Grimmsnarl|Reflect|p2a: Grimmsnarl
|-sidestart|p2: McPootisCakes|Reflect
|move|p1a: Hydreigon|Earth Power|p2a: Grimmsnarl
|-damage|p2a: Grimmsnarl|36/100
|move|p2b: Pelipper|Weather Ball|p1b: Incineroar
|-supereffective|p1b: Incineroar|1
|-crit|p1b: Incineroar
|-enditem|p1b: Incineroar|Passho Berry|[eat]
|-enditem|p1b: Incineroar|Passho Berry|[weaken]
|-damage|p1b: Incineroar|12/100
|move|p1b: Incineroar|Darkest Lariat|p2b: Pelipper
|-damage|p2b: Pelipper|69/100
|
|-weather|none
|upkeep
|turn|6
|
|t:|1782414129
|move|p1a: Hydreigon|Earth Power|p2a: Grimmsnarl
|-damage|p2a: Grimmsnarl|6/100
|move|p2b: Pelipper|Weather Ball|p1b: Incineroar
|-damage|p1b: Incineroar|2/100
|move|p1b: Incineroar|Darkest Lariat|p2b: Pelipper
|-damage|p2b: Pelipper|48/100
|-enditem|p2b: Pelipper|Sitrus Berry|[eat]
|-heal|p2b: Pelipper|73/100|[from] item: Sitrus Berry
|move|p2a: Grimmsnarl|Spirit Break|p1b: Incineroar
|-damage|p1b: Incineroar|0 fnt
|faint|p1b: Incineroar
|
|upkeep
|turn|7
|
|t:|1782414147
|move|p1a: Hydreigon|Earth Power|p2a: Grimmsnarl
|-damage|p2a: Grimmsnarl|0 fnt
|faint|p2a: Grimmsnarl
|move|p2b: Pelipper|Weather Ball|p1a: Hydreigon
|-damage|p1a: Hydreigon|34/100
|
|upkeep
|turn|8
|
|t:|1782414157
|move|p1a: Hydreigon|Earth Power|p2b: Pelipper
|-immune|p2b: Pelipper
|move|p2b: Pelipper|Weather Ball|p1a: Hydreigon
|-damage|p1a: Hydreigon|20/100y
|
|upkeep
|turn|9
|
|t:|1782414167
|move|p1a: Hydreigon|Earth Power|p2b: Pelipper
|-immune|p2b: Pelipper
|move|p2b: Pelipper|Weather Ball|p1a: Hydreigon
|-damage|p1a: Hydreigon|5/100
|
|upkeep
|turn|10
|
|t:|1782414175
|move|p1a: Hydreigon|Earth Power|p2b: Pelipper
|-immune|p2b: Pelipper
|move|p2b: Pelipper|Weather Ball|p1a: Hydreigon
|-damage|p1a: Hydreigon|0 fnt
|faint|p1a: Hydreigon
|
|win|McPootisCakes
||satandagiii2005 is ready for game 2.
||McPootisCakes is ready for game 2.
|uhtml|next|Next: Game 2 of 3
|l|☆McPootisCakes
|player|p2|
