|j|☆iamflorete
|j|☆testdigi
|html|iamfloretetestdigi    
|uhtml|bestof|Game 1 of a best-of-3
|t:|1784918477
|gametype|doubles
|player|p1|iamflorete|266|1112
|player|p2|testdigi|101|1137
|gen|9
|tier|[Gen 9 Champions] VGC 2026 Reg M-B (Bo3)
|rated|
|rule|Species Clause: Limit one of each Pokémon
|rule|Item Clause: Limit 1 of each item
|clearpoke
|poke|p1|Hatterene, L50, F|
|poke|p1|Tsareena, L50, F, shiny|
|poke|p1|Incineroar, L50, M|
|poke|p1|Scizor, L50, M, shiny|
|poke|p1|Typhlosion-Hisui, L50, M, shiny|
|poke|p1|Meowstic, L50, M, shiny|
|poke|p2|Raichu, L50, F|
|poke|p2|Sinistcha, L50|
|poke|p2|Corviknight, L50, F|
|poke|p2|Sylveon, L50, M|
|poke|p2|Garchomp, L50, M|
|poke|p2|Tyranitar, L50, F|
|teampreview|4
|showteam|p1|Hatterene||LifeOrb|MagicBounce|TrickRoom,DazzlingGleam,Psychic,Protect|Serious||F|||50|]Tsareena||WideLens|QueenlyMajesty|TripleAxel,PowerWhip,Protect,Taunt|Brave||F|||50|]Incineroar||SitrusBerry|Intimidate|FakeOut,PartingShot,FlareBlitz,Protect|Impish||M|||50|]Scizor||Scizorite|Technician|Protect,SwordsDance,BugBite,BulletPunch|Serious||M|||50|]Typhlosion-Hisui||ChoiceScarf|Frisk|Eruption,HeatWave,ShadowBall,FocusBlast|Timid||M|||50|]Meowstic||LightClay|Prankster|FakeOut,LightScreen,Reflect,PsychicNoise|Bold||M|||50|
|showteam|p2|Raichu||RaichuniteY|LightningRod|ZapCannon,FocusBlast,FakeOut,Protect|Timid||F|||50|]Sinistcha||KasibBerry|Hospitality|MatchaGotcha,LifeDew,RagePowder,Protect|Modest|||||50|]Corviknight||OccaBerry|MirrorArmor|IronHead,BraveBird,Tailwind,Protect|Adamant||F|||50|]Sylveon||FairyFeather|Pixilate|HyperVoice,QuickAttack,Yawn,Detect|Modest||M|||50|]Garchomp||LifeOrb|RoughSkin|DragonClaw,StompingTantrum,RockSlide,Protect|Adamant||M|||50|]Tyranitar||FocusSash|SandStream|RockSlide,KnockOff,Superpower,Protect|Adamant||F|||50|
|
|t:|1784918517
|teamsize|p1|4
|teamsize|p2|4
|start
|switch|p1a: Meowstic|Meowstic, L50, M, shiny|100/100
|switch|p1b: Scizor|Scizor, L50, M, shiny|100/100
|switch|p2a: Raichu|Raichu, L50, F|100/100
|switch|p2b: Corviknight|Corviknight, L50, F|100/100
|turn|1
|inactive|Battle timer is ON: inactive players will automatically lose when time's up. (requested by testdigi)
|inactive|testdigi has 30 seconds left.
|
|t:|1784918565
|detailschange|p2a: Raichu|Raichu-Mega-Y, L50, F
|-mega|p2a: Raichu|Raichu|Raichunite Y
|detailschange|p1b: Scizor|Scizor-Mega, L50, M, shiny
|-mega|p1b: Scizor|Scizor|Scizorite
|move|p1a: Meowstic|Fake Out|p2a: Raichu
|-damage|p2a: Raichu|91/100
|cant|p2a: Raichu|flinch
|move|p2b: Corviknight|Brave Bird|p1a: Meowstic
|-damage|p1a: Meowstic|51/100
|-damage|p2b: Corviknight|84/100|[from] Recoil
|move|p1b: Scizor|Swords Dance|p1b: Scizor
|-boost|p1b: Scizor|atk|2
|
|upkeep
|turn|2
|inactive|iamflorete has 30 seconds left.
|inactive|testdigi has 30 seconds left.
|inactive|iamflorete has 20 seconds left.
|inactive|testdigi has 20 seconds left.
|inactive|iamflorete has 15 seconds left.
|inactive|testdigi has 15 seconds left.
|inactive|iamflorete has 10 seconds left.
|
|t:|1784918612
|move|p1a: Meowstic|Light Screen|p1a: Meowstic
|-sidestart|p1: iamflorete|move: Light Screen
|move|p2a: Raichu|Zap Cannon|p1b: Scizor
|-damage|p1b: Scizor|55/100
|-status|p1b: Scizor|par
|move|p2b: Corviknight|Tailwind|p2b: Corviknight
|-sidestart|p2: testdigi|move: Tailwind
|move|p1b: Scizor|Bug Bite|p2a: Raichu
|-crit|p2a: Raichu
|-damage|p2a: Raichu|0 fnt
|faint|p2a: Raichu
|
|upkeep
|
|t:|1784918625
|switch|p2a: Garchomp|Garchomp, L50, M|100/100
|turn|3
|
|t:|1784918641
|move|p1b: Scizor|Protect|p1b: Scizor
|-singleturn|p1b: Scizor|Protect
|move|p1a: Meowstic|Reflect|p1a: Meowstic
|-sidestart|p1: iamflorete|Reflect
|move|p2a: Garchomp|Stomping Tantrum|p1b: Scizor
|-activate|p1b: Scizor|move: Protect
|move|p2b: Corviknight|Brave Bird|p1b: Scizor
|-activate|p1b: Scizor|move: Protect
|
|upkeep
|turn|4
|
|t:|1784918662
|switch|p1a: Incineroar|Incineroar, L50, M|100/100
|-ability|p1a: Incineroar|Intimidate|boost
|-unboost|p2a: Garchomp|atk|1
|-ability|p2b: Corviknight|Mirror Armor
|-unboost|p1a: Incineroar|atk|1
|move|p2a: Garchomp|Stomping Tantrum|p1b: Scizor
|-damage|p1b: Scizor|39/100 par
|-damage|p2a: Garchomp|90/100|[from] item: Life Orb
|move|p2b: Corviknight|Brave Bird|p1b: Scizor
|-damage|p1b: Scizor|14/100 par
|-damage|p2b: Corviknight|76/100|[from] Recoil
|cant|p1b: Scizor|par
|
|upkeep
|turn|5
|inactive|iamflorete has 30 seconds left.
|
|t:|1784918693
|move|p1a: Incineroar|Fake Out|p2a: Garchomp
|-damage|p2a: Garchomp|83/100
|-damage|p1a: Incineroar|87/100|[from] ability: Rough Skin|[of] p2a: Garchomp
|move|p1b: Scizor|Bullet Punch|p2a: Garchomp
|-damage|p2a: Garchomp|28/100
|-damage|p1b: Scizor|1/100 par|[from] ability: Rough Skin|[of] p2a: Garchomp
|cant|p2a: Garchomp|flinch
|move|p2b: Corviknight|Brave Bird|p1b: Scizor
|-damage|p1b: Scizor|0 fnt
|faint|p1b: Scizor
|-damage|p2b: Corviknight|76/100|[from] Recoil
|
|-sideend|p2: testdigi|move: Tailwind
|upkeep
|j| 1itchynahuel
|
|t:|1784918711
|switch|p1b: Meowstic|Meowstic, L50, M, shiny|51/100
|turn|6
|
|t:|1784918729
|switch|p2a: Sylveon|Sylveon, L50, M|100/100
|move|p1b: Meowstic|Fake Out|p2a: Sylveon
|-damage|p2a: Sylveon|94/100
|move|p2b: Corviknight|Tailwind|p2b: Corviknight
|-sidestart|p2: testdigi|move: Tailwind
|move|p1a: Incineroar|Flare Blitz|p2b: Corviknight
|-supereffective|p2b: Corviknight|1
|-enditem|p2b: Corviknight|Occa Berry|[eat]
|-enditem|p2b: Corviknight|Occa Berry|[weaken]
|-damage|p2b: Corviknight|46/100
|-damage|p1a: Incineroar|78/100|[from] Recoil
|
|upkeep
|turn|7
|inactive|iamflorete has 30 seconds left.
|inactive|testdigi has 30 seconds left.
|inactive|iamflorete has 20 seconds left.
|inactive|iamflorete has 15 seconds left.
|inactive|testdigi has 20 seconds left.
|
|t:|1784918774
|move|p1a: Incineroar|Protect|p1a: Incineroar
|-singleturn|p1a: Incineroar|Protect
|move|p2b: Corviknight|Iron Head|p1a: Incineroar
|-activate|p1a: Incineroar|move: Protect
|move|p2a: Sylveon|Hyper Voice|p1a: Incineroar|[spread] p1b
|-activate|p1a: Incineroar|move: Protect
|-damage|p1b: Meowstic|21/100
|move|p1b: Meowstic|Psychic Noise|p2a: Sylveon
|-damage|p2a: Sylveon|78/100
|-start|p2a: Sylveon|move: Heal Block
|
|upkeep
|turn|8
|l| 1itchynahuel
|inactive|iamflorete has 30 seconds left.
|
|t:|1784918801
|move|p2b: Corviknight|Protect|p2b: Corviknight
|-singleturn|p2b: Corviknight|Protect
|move|p2a: Sylveon|Yawn|p1a: Incineroar
|-start|p1a: Incineroar|move: Yawn|[of] p2a: Sylveon
|move|p1b: Meowstic|Psychic Noise|p2a: Sylveon
|-damage|p2a: Sylveon|61/100
|move|p1a: Incineroar|Flare Blitz|p2b: Corviknight
|-activate|p2b: Corviknight|move: Protect
|
|-end|p2a: Sylveon|move: Heal Block
|upkeep
|turn|9
|inactive|iamflorete has 30 seconds left.
|inactive|testdigi has 30 seconds left.
|
|t:|1784918829
|switch|p1b: Hatterene|Hatterene, L50, F|100/100
|move|p2b: Corviknight|Iron Head|p1b: Hatterene
|-supereffective|p1b: Hatterene|1
|-damage|p1b: Hatterene|45/100
|move|p2a: Sylveon|Hyper Voice|p1a: Incineroar|[spread] p1a,p1b
|-crit|p1b: Hatterene
|-damage|p1a: Incineroar|50/100g
|-damage|p1b: Hatterene|0 fnt
|faint|p1b: Hatterene
|move|p1a: Incineroar|Flare Blitz|p2b: Corviknight
|-supereffective|p2b: Corviknight|1
|-damage|p2b: Corviknight|0 fnt
|faint|p2b: Corviknight
|-damage|p1a: Incineroar|36/100|[from] Recoil
|-enditem|p1a: Incineroar|Sitrus Berry|[eat]
|-heal|p1a: Incineroar|61/100|[from] item: Sitrus Berry
|
|-end|p1a: Incineroar|move: Yawn|[silent]
|-status|p1a: Incineroar|slp
|-sideend|p1: iamflorete|move: Light Screen
|-sideend|p2: testdigi|move: Tailwind
|upkeep
|
|t:|1784918847
|switch|p2b: Garchomp|Garchomp, L50, M|28/100
|switch|p1b: Meowstic|Meowstic, L50, M, shiny|21/100
|turn|10
|
|t:|1784918866
|move|p1b: Meowstic|Fake Out|p2a: Sylveon
|-damage|p2a: Sylveon|56/100
|move|p2b: Garchomp|Stomping Tantrum|p1a: Incineroar
|-supereffective|p1a: Incineroar|1
|-damage|p1a: Incineroar|9/100 slp
|-damage|p2b: Garchomp|18/100|[from] item: Life Orb
|cant|p2a: Sylveon|flinch
|cant|p1a: Incineroar|slp
|
|-sideend|p1: iamflorete|Reflect
|upkeep
|turn|11
|
|t:|1784918890
|cant|p1a: Incineroar|slp
|move|p2a: Sylveon|Quick Attack|p1a: Incineroar
|-damage|p1a: Incineroar|1/100 slp
|move|p2b: Garchomp|Rock Slide|p1a: Incineroar|[spread] p1a,p1b
|-supereffective|p1a: Incineroar|1
|-damage|p1a: Incineroar|0 fnt
|-damage|p1b: Meowstic|0 fnt
|faint|p1a: Incineroar
|faint|p1b: Meowstic
|-damage|p2b: Garchomp|8/100|[from] item: Life Orb
|
|win|testdigi
