|j|☆Abhi504
|j|☆25th_mang
|html|Abhi50425th_mang    
|uhtml|bestof|Game 3 of a best-of-3
|t:|1785486813
|gametype|doubles
|player|p1|Abhi504|169|1118
|player|p2|25th_mang|ballguy|1211
|gen|9
|tier|[Gen 9 Champions] VGC 2026 Reg M-B (Bo3)
|rated|
|rule|Species Clause: Limit one of each Pokémon
|rule|Item Clause: Limit 1 of each item
|clearpoke
|poke|p1|Sableye, L50, F|
|poke|p1|Pelipper, L50, M|
|poke|p1|Swampert, L50, F|
|poke|p1|Archaludon, L50, M|
|poke|p1|Ditto, L50|
|poke|p1|Staraptor, L50, M|
|poke|p2|Blastoise, L50, F|
|poke|p2|Camerupt, L50, F|
|poke|p2|Farigiraf, L50, M|
|poke|p2|Kingambit, L50, F|
|poke|p2|Vanilluxe, L50, M|
|poke|p2|Staraptor, L50, M|
|teampreview|4
|showteam|p1|Sableye||RoseliBerry|Prankster|Gravity,Quash,FakeOut,RainDance|Impish||F|||50|]Pelipper||FocusSash|Drizzle|Hurricane,WeatherBall,Protect,WideGuard|Bold||M|||50|]Swampert||Swampertite|Torrent|WaveCrash,IcePunch,Earthquake,Protect|Adamant||F|||50|]Archaludon||LifeOrb|Stamina|ElectroShot,FlashCannon,Protect,DragonPulse|Timid||M|||50|]Ditto||SitrusBerry|Imposter|Transform|Bold|||||50|]Staraptor||Staraptite|Intimidate|Protect,Tailwind,CloseCombat,BraveBird|Jolly||M|||50|
|showteam|p2|Blastoise||Blastoisinite|RainDish|WaterSpout,DarkPulse,AuraSphere,FakeOut|Quiet||F|||50|]Camerupt||Cameruptite|SolidRock|AncientPower,EarthPower,HeatWave,Protect|Quiet||F|||50|]Farigiraf||SitrusBerry|ArmorTail|PsychicFangs,HyperVoice,HelpingHand,TrickRoom|Relaxed||M|||50|]Kingambit||LifeOrb|Defiant|KowtowCleave,IronHead,Protect,SuckerPunch|Brave||F|||50|]Vanilluxe||NeverMeltIce|SnowWarning|Blizzard,FreezeDry,Protect,IceShard|Quiet||M|||50|]Staraptor||ChoiceScarf|Intimidate|FinalGambit,CloseCombat,BraveBird,Uturn|Jolly||M|||50|
|inactive|Battle timer is ON: inactive players will automatically lose when time's up. (requested by 25th_mang)
|
|t:|1785486833
|teamsize|p1|4
|teamsize|p2|4
|start
|switch|p1a: Sableye|Sableye, L50, F|100/100
|switch|p1b: Staraptor|Staraptor, L50, M|100/100
|switch|p2a: Blind Spot|Farigiraf, L50, M|100/100
|switch|p2b: Haven|Blastoise, L50, F|100/100
|-ability|p1b: Staraptor|Intimidate|boost
|-unboost|p2a: Blind Spot|atk|1
|-unboost|p2b: Haven|atk|1
|turn|1
|
|t:|1785486853
|detailschange|p1b: Staraptor|Staraptor-Mega, L50, M
|-mega|p1b: Staraptor|Staraptor|Staraptite
|move|p2b: Haven|Fake Out|p1b: Staraptor
|-damage|p1b: Staraptor|93/100
|move|p1a: Sableye|Rain Dance|p1a: Sableye
|-weather|RainDance
|cant|p1b: Staraptor|flinch
|move|p2a: Blind Spot|Trick Room|p2a: Blind Spot
|-fieldstart|move: Trick Room|[of] p2a: Blind Spot
|
|-weather|RainDance|[upkeep]
|upkeep
|turn|2
|
|t:|1785486872
|switch|p1a: Ditto|Ditto, L50|100/100
|-transform|p1a: Ditto|p2b: Haven|[from] ability: Imposter
|detailschange|p2b: Haven|Blastoise-Mega, L50, F
|-mega|p2b: Haven|Blastoise|Blastoisinite
|move|p2a: Blind Spot|Helping Hand|p2b: Haven
|-singleturn|p2b: Haven|Helping Hand|[of] p2a: Blind Spot
|move|p1b: Staraptor|Protect|p1b: Staraptor
|-singleturn|p1b: Staraptor|Protect
|move|p2b: Haven|Water Spout|p1b: Staraptor|[spread] p1a
|-activate|p1b: Staraptor|move: Protect
|-resisted|p1a: Ditto|1
|-damage|p1a: Ditto|17/100
|-enditem|p1a: Ditto|Sitrus Berry|[eat]
|-heal|p1a: Ditto|41/100|[from] item: Sitrus Berry
|
|-weather|RainDance|[upkeep]
|-heal|p1a: Ditto|47/100|[from] ability: Rain Dish
|upkeep
|turn|3
|inactive|Abhi504 has 30 seconds left.
|
|t:|1785486899
|switch|p1a: Swampert|Swampert, L50, F|100/100
|move|p2a: Blind Spot|Helping Hand|p2b: Haven
|-singleturn|p2b: Haven|Helping Hand|[of] p2a: Blind Spot
|move|p2b: Haven|Water Spout|p1b: Staraptor|[spread] p1a,p1b
|-damage|p1a: Swampert|0 fnt
|-damage|p1b: Staraptor|0 fnt
|faint|p1a: Swampert
|faint|p1b: Staraptor
|
|-weather|RainDance|[upkeep]
|upkeep
|
|t:|1785486912
|switch|p1a: Ditto|Ditto, L50|47/100
|switch|p1b: Sableye|Sableye, L50, F|100/100
|-transform|p1a: Ditto|p2b: Haven|[from] ability: Imposter
|turn|4
|inactive|Abhi504 has 30 seconds left.
|
|t:|1785486940
|move|p2a: Blind Spot|Helping Hand|p2b: Haven
|-singleturn|p2b: Haven|Helping Hand|[of] p2a: Blind Spot
|move|p1b: Sableye|Quash||[still]
|cant|p2a: Blind Spot|ability: Armor Tail|Quash|[of] p1b: Sableye
|move|p1a: Ditto|Aura Sphere|p2b: Haven
|-damage|p2b: Haven|55/100
|move|p2b: Haven|Water Spout|p1a: Ditto|[spread] p1a,p1b
|-resisted|p1a: Ditto|1
|-damage|p1a: Ditto|8/100
|-damage|p1b: Sableye|0 fnt
|faint|p1b: Sableye
|
|-weather|RainDance|[upkeep]
|upkeep
|turn|5
|
|t:|1785486955
|move|p2a: Blind Spot|Hyper Voice|p1a: Ditto
|-damage|p1a: Ditto|0 fnt
|faint|p1a: Ditto
|
|win|25th_mang
|raw|Abhi504's rating: 1118 → 1100(-18 for losing)
|raw|25th_mang's rating: 1211 → 1229(+18 for winning)
|l|☆Abhi504
|player|p1|
