|j|☆luisjocr
|j|☆Reynordg
|html|luisjocrReynordg    
|uhtml|bestof|Game 1 of a best-of-3
|t:|1782589679
|gametype|doubles
|player|p1|luisjocr|ghetsis|
|player|p2|Reynordg|265|
|gen|9
|tier|[Gen 9 Champions] VGC 2026 Reg M-B (Bo3)
|rule|Species Clause: Limit one of each Pokémon
|rule|Item Clause: Limit 1 of each item
|clearpoke
|poke|p1|Delphox, L50, F|
|poke|p1|Kingambit, L50, M|
|poke|p1|Garchomp, L50, M|
|poke|p1|Aerodactyl, L50, M|
|poke|p1|Whimsicott, L50, M|
|poke|p1|Sneasler, L50, M|
|poke|p2|Whimsicott, L50, M|
|poke|p2|Swampert, L50, F|
|poke|p2|Pelipper, L50, F|
|poke|p2|Archaludon, L50, M|
|poke|p2|Floette-Eternal, L50, F|
|poke|p2|Basculegion, L50, M|
|teampreview|4
|showteam|p1|Delphox||Delphoxite|Blaze|Psychic,Protect,Flamethrower,DazzlingGleam|Modest||F|||50|]Kingambit||ChopleBerry|Defiant|SuckerPunch,KowtowCleave,IronHead,Protect|Adamant||M|||50|]Garchomp||LifeOrb|RoughSkin|Earthquake,StompingTantrum,DragonClaw,Protect|Jolly||M|||50|]Aerodactyl||Aerodactylite|Pressure|DualWingbeat,RockSlide,IceFang,Protect|Jolly||M|||50|]Whimsicott||FocusSash|Prankster|Tailwind,Encore,Moonblast,GigaDrain|Timid||M|||50|]Sneasler||MentalHerb|PoisonTouch|DireClaw,Protect,CloseCombat,FakeOut|Jolly||M|||50|
|showteam|p2|Whimsicott||CobaBerry|Prankster|Moonblast,Tailwind,Encore,Protect|Bold||M|||50|]Swampert||Swampertite|Torrent|WaveCrash,Earthquake,IcePunch,Protect|Adamant||F|||50|]Pelipper||LifeOrb|Drizzle|WeatherBall,Hurricane,Tailwind,Protect|Modest||F|||50|]Archaludon||Leftovers|Stamina|DracoMeteor,FlashCannon,ElectroShot,Protect|Modest||M|||50|]Floette-Eternal||Floettite|FlowerVeil|Moonblast,DazzlingGleam,LightofRuin,Protect|Modest||F|||50|]Basculegion||FocusSash|Adaptability|Liquidation,LastRespects,AquaJet,Protect|Adamant||M|||50|
|inactive|Battle timer is ON: inactive players will automatically lose when time's up. (requested by Reynordg)
|inactive|Reynordg has 60 seconds left.
|
|t:|1782589727
|teamsize|p1|4
|teamsize|p2|4
|start
|switch|p1a: Whimsicott|Whimsicott, L50, M|100/100
|switch|p1b: Sneasler|Sneasler, L50, M|100/100
|switch|p2a: Whimsicott|Whimsicott, L50, M|100/100
|switch|p2b: Archaludon|Archaludon, L50, M|100/100
|turn|1
|inactive|Reynordg has 30 seconds left.
|inactive|Reynordg has 20 seconds left.
|
|t:|1782589764
|move|p1b: Sneasler|Fake Out|p2a: Whimsicott
|-damage|p2a: Whimsicott|88/100
|-status|p2a: Whimsicott|psn|[from] ability: Poison Touch|[of] p1b: Sneasler
|cant|p2a: Whimsicott|flinch
|move|p1a: Whimsicott|Moonblast|p2b: Archaludon
|-damage|p2b: Archaludon|68/100
|-ability|p2b: Archaludon|Stamina|boost
|-boost|p2b: Archaludon|def|1
|move|p2b: Archaludon|Flash Cannon|p1a: Whimsicott
|-supereffective|p1a: Whimsicott|1
|-enditem|p1a: Whimsicott|Focus Sash
|-damage|p1a: Whimsicott|1/100
|
|-heal|p2b: Archaludon|74/100|[from] item: Leftovers
|-damage|p2a: Whimsicott|76/100 psn|[from] psn
|upkeep
|turn|2
|
|t:|1782589786
|move|p1a: Whimsicott|Encore|p2b: Archaludon
|-start|p2b: Archaludon|Encore
|move|p2a: Whimsicott|Tailwind|p2a: Whimsicott
|-sidestart|p2: Reynordg|move: Tailwind
|move|p2b: Archaludon|Flash Cannon|p1a: Whimsicott
|-supereffective|p1a: Whimsicott|1
|-damage|p1a: Whimsicott|0 fnt
|faint|p1a: Whimsicott
|move|p1b: Sneasler|Dire Claw|p2a: Whimsicott
|-supereffective|p2a: Whimsicott|2
|-damage|p2a: Whimsicott|0 fnt
|faint|p2a: Whimsicott
|
|-heal|p2b: Archaludon|80/100|[from] item: Leftovers
|upkeep
|
|t:|1782589802
|switch|p1a: Garchomp|Garchomp, L50, M|100/100
|switch|p2a: Swampert|Swampert, L50, F|100/100
|turn|3
|
|t:|1782589816
|switch|p2b: Pelipper|Pelipper, L50, F|100/100
|-weather|RainDance|[from] ability: Drizzle|[of] p2b: Pelipper
|detailschange|p2a: Swampert|Swampert-Mega, L50, F
|-mega|p2a: Swampert|Swampert|Swampertite
|move|p1a: Garchomp|Protect|p1a: Garchomp
|-singleturn|p1a: Garchomp|Protect
|move|p2a: Swampert|Earthquake|p1b: Sneasler|[spread] p1b
|-activate|p1a: Garchomp|move: Protect
|-immune|p2b: Pelipper
|-supereffective|p1b: Sneasler|1
|-damage|p1b: Sneasler|0 fnt
|faint|p1b: Sneasler
|
|-weather|RainDance|[upkeep]
|upkeep
|
|t:|1782589832
|switch|p1b: Kingambit|Kingambit, L50, M|100/100
|turn|4
|
|t:|1782589843
|move|p1b: Kingambit|Sucker Punch|p2a: Swampert
|-damage|p2a: Swampert|68/100
|move|p2a: Swampert|Earthquake|p1a: Garchomp|[spread] p1a,p1b
|-immune|p2b: Pelipper
|-supereffective|p1b: Kingambit|1
|-damage|p1a: Garchomp|49/100
|-damage|p1b: Kingambit|26/100
|move|p2b: Pelipper|Weather Ball|p1a: Garchomp
|-damage|p1a: Garchomp|0 fnt
|faint|p1a: Garchomp
|-damage|p2b: Pelipper|90/100|[from] item: Life Orb
|
|-weather|RainDance|[upkeep]
|upkeep
|turn|5
|
|t:|1782589859
|move|p1b: Kingambit|Sucker Punch|p2a: Swampert
|-damage|p2a: Swampert|34/100
|move|p2a: Swampert|Earthquake|p1b: Kingambit|[spread] p1b
|-immune|p2b: Pelipper
|-supereffective|p1b: Kingambit|1
|-damage|p1b: Kingambit|0 fnt
|faint|p1b: Kingambit
|
|win|Reynordg
