|j|☆C0ozer
|j|☆olciax34
|html|C0ozerolciax34    
|uhtml|bestof|Game 2 of a best-of-3
|t:|1782330440
|gametype|doubles
|player|p1|C0ozer|lucas|1117
|player|p2|olciax34|169|1172
|gen|9
|tier|[Gen 9 Champions] VGC 2026 Reg M-B (Bo3)
|rated|
|rule|Species Clause: Limit one of each Pokémon
|rule|Item Clause: Limit 1 of each item
|clearpoke
|poke|p1|Charizard, L50, M|
|poke|p1|Scrafty, L50, M|
|poke|p1|Gholdengo, L50|
|poke|p1|Whimsicott, L50, F|
|poke|p1|Toxapex, L50, M|
|poke|p1|Garchomp, L50, F|
|poke|p2|Garchomp, L50, M|
|poke|p2|Gholdengo, L50|
|poke|p2|Whimsicott, L50, M|
|poke|p2|Incineroar, L50, M|
|poke|p2|Kangaskhan, L50, F|
|poke|p2|Charizard, L50, M|
|teampreview|4
|showteam|p1|Charizard||CharizarditeY|Blaze|HeatWave,WeatherBall,SolarBeam,Protect|Timid||M|||50|]Scrafty||Scraftinite|Intimidate|FakeOut,KnockOff,CloseCombat,Detect|Impish||M|||50|]Gholdengo||LifeOrb|GoodasGold|FlashCannon,ShadowBall,NastyPlot,Protect|Timid|||||50|]Whimsicott||FocusSash|Prankster|Moonblast,Encore,Tailwind,Protect|Timid||F|||50|]Toxapex||Leftovers|Regenerator|Toxic,Haze,Infestation,BanefulBunker|Bold||M|||50|]Garchomp||SitrusBerry|RoughSkin|BreakingSwipe,RockSlide,StompingTantrum,Protect|Adamant||F|||50|
|showteam|p2|Garchomp||LifeOrb|RoughSkin|Earthquake,RockSlide,DragonClaw,Protect|Jolly||M|||50|]Gholdengo||SpellTag|GoodasGold|MakeItRain,ShadowBall,NastyPlot,Protect|Modest|||||50|]Whimsicott||FocusSash|Prankster|Moonblast,Tailwind,Encore,Protect|Timid||M|||50|]Incineroar||SitrusBerry|Intimidate|FakeOut,ThroatChop,FlareBlitz,PartingShot|Careful||M|||50|]Kangaskhan||Kangaskhanite|Scrappy|FakeOut,IcePunch,LowKick,DoubleEdge|Adamant||F|||50|]Charizard||CharizarditeY|SolarPower|HeatWave,WeatherBall,SolarBeam,Protect|Modest||M|||50|
|inactive|Battle timer is ON: inactive players will automatically lose when time's up. (requested by C0ozer)
|
|t:|1782330454
|teamsize|p1|4
|teamsize|p2|4
|start
|switch|p1a: Scrafty|Scrafty, L50, M|100/100
|switch|p1b: Gholdengo|Gholdengo, L50|100/100
|switch|p2a: Garchomp|Garchomp, L50, M|100/100
|switch|p2b: Kangaskhan|Kangaskhan, L50, F|100/100
|-ability|p1a: Scrafty|Intimidate|boost
|-unboost|p2a: Garchomp|atk|1
|-fail|p2b: Kangaskhan|unboost|Attack|[from] ability: Scrappy|[of] p2b: Kangaskhan
|turn|1
|
|t:|1782330477
|detailschange|p1a: Scrafty|Scrafty-Mega, L50, M
|-mega|p1a: Scrafty|Scrafty|Scraftinite
|-ability|p1a: Scrafty|Intimidate|boost
|-unboost|p2a: Garchomp|atk|1
|-fail|p2b: Kangaskhan|unboost|Attack|[from] ability: Scrappy|[of] p2b: Kangaskhan
|move|p2b: Kangaskhan|Fake Out|p1b: Gholdengo
|-resisted|p1b: Gholdengo|1
|-damage|p1b: Gholdengo|91/100
|move|p1a: Scrafty|Fake Out|p2a: Garchomp
|-damage|p2a: Garchomp|88/100
|-damage|p1a: Scrafty|87/100|[from] ability: Rough Skin|[of] p2a: Garchomp
|cant|p2a: Garchomp|flinch
|cant|p1b: Gholdengo|flinch
|
|upkeep
|turn|2
|inactive|olciax34 has 30 seconds left.
|
|t:|1782330506
|switch|p2b: Gholdengo|Gholdengo, L50|100/100
|move|p1b: Gholdengo|Protect|p1b: Gholdengo
|-singleturn|p1b: Gholdengo|Protect
|move|p2a: Garchomp|Dragon Claw|p1a: Scrafty
|-damage|p1a: Scrafty|69/100
|-damage|p2a: Garchomp|78/100|[from] item: Life Orb
|move|p1a: Scrafty|Close Combat|p2b: Gholdengo
|-immune|p2b: Gholdengo
|
|upkeep
|turn|3
|
|t:|1782330526
|move|p2b: Gholdengo|Protect|p2b: Gholdengo
|-singleturn|p2b: Gholdengo|Protect
|move|p2a: Garchomp|Earthquake|p1a: Scrafty|[spread] p1a,p1b
|-activate|p2b: Gholdengo|move: Protect
|-supereffective|p1b: Gholdengo|1
|-damage|p1a: Scrafty|55/100
|-damage|p1b: Gholdengo|40/100
|-damage|p2a: Garchomp|68/100|[from] item: Life Orb
|move|p1b: Gholdengo|Shadow Ball|p2a: Garchomp
|-damage|p2a: Garchomp|15/100
|-damage|p1b: Gholdengo|31/100|[from] item: Life Orb
|move|p1a: Scrafty|Knock Off|p2b: Gholdengo
|-activate|p2b: Gholdengo|move: Protect
|
|upkeep
|turn|4
|
|t:|1782330545
|switch|p2b: Whimsicott|Whimsicott, L50, M|100/100
|move|p1b: Gholdengo|Protect|p1b: Gholdengo
|-singleturn|p1b: Gholdengo|Protect
|move|p2a: Garchomp|Earthquake|p1b: Gholdengo|[spread] p2b,p1a
|-activate|p1b: Gholdengo|move: Protect
|-resisted|p2b: Whimsicott|1
|-damage|p2b: Whimsicott|80/100
|-damage|p1a: Scrafty|38/100
|-damage|p2a: Garchomp|5/100|[from] item: Life Orb
|move|p1a: Scrafty|Knock Off|p2b: Whimsicott
|-resisted|p2b: Whimsicott|1
|-damage|p2b: Whimsicott|45/100
|-enditem|p2b: Whimsicott|Focus Sash|[from] move: Knock Off|[of] p1a: Scrafty
|
|upkeep
|turn|5
|
|t:|1782330563
|switch|p1a: Toxapex|Toxapex, L50, M|100/100
|move|p2b: Whimsicott|Moonblast|p1a: Toxapex
|-resisted|p1a: Toxapex|1
|-damage|p1a: Toxapex|86/100
|move|p2a: Garchomp|Earthquake|p1a: Toxapex|[spread] p2b,p1a,p1b
|-resisted|p2b: Whimsicott|1
|-supereffective|p1a: Toxapex|1
|-supereffective|p1b: Gholdengo|1
|-damage|p2b: Whimsicott|26/100
|-damage|p1a: Toxapex|55/100
|-damage|p1b: Gholdengo|0 fnt
|faint|p1b: Gholdengo
|-damage|p2a: Garchomp|0 fnt|[from] item: Life Orb
|faint|p2a: Garchomp
|
|-heal|p1a: Toxapex|61/100|[from] item: Leftovers
|upkeep
|
|t:|1782330582
|switch|p2a: Kangaskhan|Kangaskhan, L50, F|100/100
|switch|p1b: Scrafty|Scrafty-Mega, L50, M|38/100
|-ability|p1b: Scrafty|Intimidate|boost
|-fail|p2a: Kangaskhan|unboost|Attack|[from] ability: Scrappy|[of] p2a: Kangaskhan
|-unboost|p2b: Whimsicott|atk|1
|turn|6
|
|t:|1782330596
|detailschange|p2a: Kangaskhan|Kangaskhan-Mega, L50, F
|-mega|p2a: Kangaskhan|Kangaskhan|Kangaskhanite
|move|p2a: Kangaskhan|Fake Out|p1a: Toxapex
|-damage|p1a: Toxapex|47/100
|-damage|p1a: Toxapex|45/100
|-hitcount|p1a: Toxapex|2
|move|p1b: Scrafty|Fake Out|p2b: Whimsicott
|-damage|p2b: Whimsicott|8/100
|cant|p2b: Whimsicott|flinch
|cant|p1a: Toxapex|flinch
|
|-heal|p1a: Toxapex|50/100g|[from] item: Leftovers
|upkeep
|turn|7
|
|t:|1782330617
|move|p1b: Scrafty|Detect|p1b: Scrafty
|-singleturn|p1b: Scrafty|Protect
|move|p2b: Whimsicott|Moonblast|p1b: Scrafty
|-activate|p1b: Scrafty|move: Protect
|move|p2a: Kangaskhan|Double-Edge|p1a: Toxapex
|-damage|p1a: Toxapex|8/100
|-damage|p1a: Toxapex|1/100
|-hitcount|p1a: Toxapex|2
|-damage|p2a: Kangaskhan|87/100|[from] Recoil
|move|p1a: Toxapex|Toxic|p2a: Kangaskhan
|-status|p2a: Kangaskhan|tox
|
|-heal|p1a: Toxapex|6/100|[from] item: Leftovers
|-damage|p2a: Kangaskhan|81/100 tox|[from] psn
|upkeep
|turn|8
|inactive|olciax34 has 30 seconds left.
|
|t:|1782330645
|move|p1b: Scrafty|Detect|p1b: Scrafty
|-singleturn|p1b: Scrafty|Protect
|move|p1a: Toxapex|Baneful Bunker|p1a: Toxapex
|-singleturn|p1a: Toxapex|move: Protect
|move|p2b: Whimsicott|Moonblast|p1b: Scrafty
|-activate|p1b: Scrafty|move: Protect
|move|p2a: Kangaskhan|Ice Punch|p1a: Toxapex
|-activate|p1a: Toxapex|move: Protect
|
|-heal|p1a: Toxapex|12/100|[from] item: Leftovers
|-damage|p2a: Kangaskhan|69/100 tox|[from] psn
|upkeep
|turn|9
|
|t:|1782330661
|-heal|p1a: Toxapex|45/100|[from] ability: Regenerator|[silent]
|switch|p1a: Garchomp|Garchomp, L50, F|100/100
|move|p1b: Scrafty|Detect||[still]
|-fail|p1b: Scrafty
|move|p2b: Whimsicott|Moonblast|p1b: Scrafty
|-supereffective|p1b: Scrafty|2
|-crit|p1b: Scrafty
|-damage|p1b: Scrafty|0 fnt
|faint|p1b: Scrafty
|move|p2a: Kangaskhan|Ice Punch|p1a: Garchomp
|-supereffective|p1a: Garchomp|2
|-damage|p1a: Garchomp|16/100
|-damage|p2a: Kangaskhan|57/100 tox|[from] ability: Rough Skin|[of] p1a: Garchomp
|-enditem|p1a: Garchomp|Sitrus Berry|[eat]
|-heal|p1a: Garchomp|40/100|[from] item: Sitrus Berry
|-supereffective|p1a: Garchomp|2
|-damage|p1a: Garchomp|18/100
|-damage|p2a: Kangaskhan|44/100 tox|[from] ability: Rough Skin|[of] p1a: Garchomp
|-hitcount|p1a: Garchomp|2
|
|-damage|p2a: Kangaskhan|26/100 tox|[from] psn
|upkeep
|
|t:|1782330680
|switch|p1b: Toxapex|Toxapex, L50, M|45/100
|turn|10
|
|t:|1782330686
|move|p1a: Garchomp|Protect|p1a: Garchomp
|-singleturn|p1a: Garchomp|Protect
|move|p1b: Toxapex|Baneful Bunker|p1b: Toxapex
|-singleturn|p1b: Toxapex|move: Protect
|move|p2b: Whimsicott|Tailwind|p2b: Whimsicott
|-sidestart|p2: olciax34|move: Tailwind
|move|p2a: Kangaskhan|Ice Punch|p1a: Garchomp
|-activate|p1a: Garchomp|move: Protect
|
|-heal|p1b: Toxapex|50/100g|[from] item: Leftovers
|-damage|p2a: Kangaskhan|1/100 tox|[from] psn
|upkeep
|turn|11
|-message|C0ozer forfeited.
|raw|C0ozer's rating: 1117 → 1096(-21 for losing)
|raw|olciax34's rating: 1172 → 1193(+21 for winning)
|
|win|olciax34
