|j|â˜†MEGA FRAUD
|j|â˜†durugista
|html|MEGA FRAUDdurugista    
|uhtml|bestof|Game 1 of a best-of-3
|t:|1785321292
|gametype|doubles
|player|p1|MEGA FRAUD|266|1289
|player|p2|durugista|2|1296
|gen|9
|tier|[Gen 9 Champions] VGC 2026 Reg M-B (Bo3)
|rated|
|rule|Species Clause: Limit one of each PokÃ©mon
|rule|Item Clause: Limit 1 of each item
|clearpoke
|poke|p1|Tyranitar, L50, M|
|poke|p1|Excadrill, L50, M|
|poke|p1|Milotic, L50, M|
|poke|p1|Sinistcha, L50|
|poke|p1|Staraptor, L50, M|
|poke|p1|Gholdengo, L50|
|poke|p2|Staraptor, L50, F, shiny|
|poke|p2|Whimsicott, L50, F, shiny|
|poke|p2|Basculegion, L50, M|
|poke|p2|Archaludon, L50, F|
|poke|p2|Pelipper, L50, M|
|poke|p2|Kingambit, L50, F|
|teampreview|4
|showteam|p1|Tyranitar||Tyranitarite|SandStream|KnockOff,RockSlide,LowKick,Protect|Jolly||M|||50|]Excadrill||FocusSash|SandRush|HighHorsepower,IronHead,RockSlide,Protect|Adamant||M|||50|]Milotic||SitrusBerry|Competitive|Scald,IcyWind,IceBeam,Protect|Calm||M|||50|]Sinistcha||ColburBerry|Hospitality|MatchaGotcha,ShadowBall,Protect,RagePowder|Bold|||||50|]Staraptor||Staraptite|Intimidate|CloseCombat,BraveBird,Tailwind,Protect|Jolly||M|||50|]Gholdengo||LifeOrb|GoodasGold|MakeItRain,ShadowBall,NastyPlot,Protect|Modest|||||50|
|showteam|p2|Staraptor||Staraptite|Intimidate|CloseCombat,BraveBird,Roost,Protect|Adamant||F|||50|]Whimsicott||OccaBerry|Prankster|Tailwind,Encore,Charm,FakeTears|Calm||F|||50|]Basculegion||ChoiceScarf|Adaptability|LastRespects,WaveCrash,AquaJet,FlipTurn|Jolly||M|||50|]Archaludon||Magnet|Sturdy|ElectroShot,FlashCannon,DracoMeteor,Protect|Modest||F|||50|]Pelipper||FocusSash|Drizzle|WeatherBall,Protect,Hurricane,WideGuard|Modest||M|||50|]Kingambit||LifeOrb|Defiant|SuckerPunch,KowtowCleave,IronHead,LowKick|Adamant||F|||50|
|inactive|Battle timer is ON: inactive players will automatically lose when time's up. (requested by durugista)
|inactive|MEGA FRAUD has 60 seconds left.
|inactive|durugista has 60 seconds left.
|inactive|durugista has 30 seconds left.
|
|t:|1785321353
|teamsize|p1|4
|teamsize|p2|4
|start
|switch|p1a: Milotic|Milotic, L50, M|100/100
|switch|p1b: Staraptor|Staraptor, L50, M|100/100
|switch|p2a: Staraptor|Staraptor, L50, F, shiny|100/100
|switch|p2b: Whimsicott|Whimsicott, L50, F, shiny|100/100
|-ability|p1b: Staraptor|Intimidate|boost
|-unboost|p2a: Staraptor|atk|1
|-unboost|p2b: Whimsicott|atk|1
|-ability|p2a: Staraptor|Intimidate|boost
|-unboost|p1a: Milotic|atk|1
|-ability|p1a: Milotic|Competitive|boost
|-boost|p1a: Milotic|spa|2
|-unboost|p1b: Staraptor|atk|1
|turn|1
|
|t:|1785321373
|detailschange|p1b: Staraptor|Staraptor-Mega, L50, M
|-mega|p1b: Staraptor|Staraptor|Staraptite
|detailschange|p2a: Staraptor|Staraptor-Mega, L50, F, shiny
|-mega|p2a: Staraptor|Staraptor|Staraptite
|move|p2b: Whimsicott|Charm|p2a: Staraptor
|-boost|p2a: Staraptor|atk|2
|move|p1b: Staraptor|Brave Bird|p2a: Staraptor
|-supereffective|p2a: Staraptor|1
|-damage|p2a: Staraptor|34/100
|-damage|p1b: Staraptor|77/100|[from] Recoil
|move|p2a: Staraptor|Close Combat|p1a: Milotic
|-damage|p1a: Milotic|18/100
|-boost|p2a: Staraptor|def|1
|-boost|p2a: Staraptor|spd|1
|-enditem|p1a: Milotic|Sitrus Berry|[eat]
|-heal|p1a: Milotic|43/100|[from] item: Sitrus Berry
|move|p1a: Milotic|Ice Beam|p2a: Staraptor
|-supereffective|p2a: Staraptor|1
|-damage|p2a: Staraptor|0 fnt
|faint|p2a: Staraptor
|
|upkeep
|inactive|durugista has 30 seconds left.
|inactive|durugista has 20 seconds left.
|inactive|durugista has 15 seconds left.
|
|t:|1785321415
|switch|p2a: Kingambit|Kingambit, L50, F|100/100
|turn|2
|
|t:|1785321433
|move|p2b: Whimsicott|Encore|p1b: Staraptor
|-start|p1b: Staraptor|Encore
|move|p1b: Staraptor|Brave Bird|p2a: Kingambit
|-resisted|p2a: Kingambit|1
|-damage|p2a: Kingambit|84/100
|-damage|p1b: Staraptor|73/100|[from] Recoil
|move|p1a: Milotic|Ice Beam|p2b: Whimsicott
|-supereffective|p2b: Whimsicott|1
|-damage|p2b: Whimsicott|20/100y
|move|p2a: Kingambit|Kowtow Cleave|p1a: Milotic
|-crit|p1a: Milotic
|-damage|p1a: Milotic|0 fnt
|faint|p1a: Milotic
|-damage|p2a: Kingambit|75/100|[from] item: Life Orb
|
|upkeep
|
|t:|1785321444
|switch|p1a: Sinistcha|Sinistcha, L50|100/100
|-heal|p1b: Staraptor|97/100|[from] ability: Hospitality|[of] p1a: Sinistcha
|turn|3
|
|t:|1785321455
|move|p1a: Sinistcha|Protect|p1a: Sinistcha
|-singleturn|p1a: Sinistcha|Protect
|move|p2b: Whimsicott|Tailwind|p2b: Whimsicott
|-sidestart|p2: durugista|move: Tailwind
|move|p2a: Kingambit|Kowtow Cleave|p1a: Sinistcha
|-activate|p1a: Sinistcha|move: Protect
|move|p1b: Staraptor|Brave Bird|p2b: Whimsicott
|-supereffective|p2b: Whimsicott|1
|-damage|p2b: Whimsicott|0 fnt
|faint|p2b: Whimsicott
|-damage|p1b: Staraptor|91/100|[from] Recoil
|
|upkeep
|
|t:|1785321466
|switch|p2b: Basculegion|Basculegion, L50, M|100/100
|turn|4
|
|t:|1785321490
|switch|p1b: Tyranitar|Tyranitar, L50, M|100/100
|-weather|Sandstorm|[from] ability: Sand Stream|[of] p1b: Tyranitar
|move|p2b: Basculegion|Last Respects|p1b: Tyranitar
|-resisted|p1b: Tyranitar|1
|-damage|p1b: Tyranitar|58/100
|move|p2a: Kingambit|Iron Head|p1b: Tyranitar
|-supereffective|p1b: Tyranitar|1
|-damage|p1b: Tyranitar|0 fnt
|faint|p1b: Tyranitar
|-damage|p2a: Kingambit|65/100|[from] item: Life Orb
|move|p1a: Sinistcha|Matcha Gotcha|p2a: Kingambit|[spread] p2a,p2b
|-resisted|p2a: Kingambit|1
|-crit|p2a: Kingambit
|-supereffective|p2b: Basculegion|1
|-damage|p2a: Kingambit|44/100
|-damage|p2b: Basculegion|45/100
|-status|p2b: Basculegion|brn
|
|-weather|Sandstorm|[upkeep]
|-damage|p2b: Basculegion|39/100 brn|[from] Sandstorm
|-damage|p1a: Sinistcha|94/100|[from] Sandstorm
|-damage|p2b: Basculegion|32/100 brn|[from] brn
|upkeep
|
|t:|1785321507
|switch|p1b: Staraptor|Staraptor-Mega, L50, M|91/100
|turn|5
|c|â˜†durugista|Sad
|
|t:|1785321524
|move|p1b: Staraptor|Protect|p1b: Staraptor
|-singleturn|p1b: Staraptor|Protect
|move|p1a: Sinistcha|Protect|p1a: Sinistcha
|-singleturn|p1a: Sinistcha|Protect
|move|p2b: Basculegion|Last Respects|p1b: Staraptor
|-activate|p1b: Staraptor|move: Protect
|move|p2a: Kingambit|Kowtow Cleave|p1a: Sinistcha
|-activate|p1a: Sinistcha|move: Protect
|
|-weather|Sandstorm|[upkeep]
|-damage|p2b: Basculegion|26/100 brn|[from] Sandstorm
|-damage|p1b: Staraptor|85/100|[from] Sandstorm
|-damage|p1a: Sinistcha|88/100|[from] Sandstorm
|-damage|p2b: Basculegion|20/100y brn|[from] brn
|upkeep
|turn|6
|c|â˜†durugista|Thought i had it
|inactive|MEGA FRAUD has 30 seconds left.
|
|t:|1785321551
|move|p1a: Sinistcha|Rage Powder|p1a: Sinistcha
|-singleturn|p1a: Sinistcha|move: Rage Powder
|move|p2b: Basculegion|Last Respects|p1a: Sinistcha
|-supereffective|p1a: Sinistcha|1
|-damage|p1a: Sinistcha|13/100
|move|p2a: Kingambit|Kowtow Cleave|p1a: Sinistcha
|-supereffective|p1a: Sinistcha|1
|-enditem|p1a: Sinistcha|Colbur Berry|[eat]
|-enditem|p1a: Sinistcha|Colbur Berry|[weaken]
|-damage|p1a: Sinistcha|0 fnt
|faint|p1a: Sinistcha
|-damage|p2a: Kingambit|35/100|[from] item: Life Orb
|move|p1b: Staraptor|Close Combat|p2a: Kingambit
|-supereffective|p2a: Kingambit|2
|-damage|p2a: Kingambit|0 fnt
|-boost|p1b: Staraptor|def|1
|-boost|p1b: Staraptor|spd|1
|faint|p2a: Kingambit
|
|-weather|Sandstorm|[upkeep]
|-damage|p2b: Basculegion|14/100 brn|[from] Sandstorm
|-damage|p1b: Staraptor|79/100|[from] Sandstorm
|-damage|p2b: Basculegion|8/100 brn|[from] brn
|-sideend|p2: durugista|move: Tailwind
|upkeep
|turn|7
|
|t:|1785321565
|move|p1b: Staraptor|Protect|p1b: Staraptor
|-singleturn|p1b: Staraptor|Protect
|move|p2b: Basculegion|Last Respects|p1b: Staraptor
|-activate|p1b: Staraptor|move: Protect
|
|-weather|Sandstorm|[upkeep]
|-damage|p2b: Basculegion|2/100 brn|[from] Sandstorm
|-damage|p1b: Staraptor|74/100|[from] Sandstorm
|-damage|p2b: Basculegion|0 fnt|[from] brn
|faint|p2b: Basculegion
|
|win|MEGA FRAUD
||MEGA FRAUD is ready for game 2.
||durugista is ready for game 2.
|uhtml|next|Next: Game 2 of 3
