|j|☆KodeBeast0526
|j|☆Serendepityz
|html|KodeBeast0526Serendepityz    
|uhtml|bestof|Game 2 of a best-of-3
|t:|1785468215
|gametype|doubles
|player|p1|KodeBeast0526|hiker|1307
|player|p2|Serendepityz|2|1300
|gen|9
|tier|[Gen 9 Champions] VGC 2026 Reg M-B (Bo3)
|rated|
|rule|Species Clause: Limit one of each Pokémon
|rule|Item Clause: Limit 1 of each item
|clearpoke
|poke|p1|Aerodactyl, L50, M|
|poke|p1|Kingambit, L50, M|
|poke|p1|Sylveon, L50, M|
|poke|p1|Garchomp, L50, M|
|poke|p1|Charizard, L50, M|
|poke|p1|Farigiraf, L50, F, shiny|
|poke|p2|Raichu, L50, M|
|poke|p2|Mudsdale, L50, F|
|poke|p2|Oranguru, L50, F|
|poke|p2|Sylveon, L50, F|
|poke|p2|Staraptor, L50, M|
|poke|p2|Basculegion, L50, M|
|teampreview|4
|showteam|p1|Aerodactyl||Aerodactylite|Unnerve|RockSlide,IceFang,Tailwind,WideGuard|Jolly||M|||50|]Kingambit||FocusSash|Defiant|KowtowCleave,SuckerPunch,IronHead,LowKick|Adamant||M|||50|]Sylveon||FairyFeather|Pixilate|Detect,HyperVoice,HyperBeam,QuickAttack|Modest||M|||50|]Garchomp||LifeOrb|RoughSkin|Earthquake,DragonClaw,StompingTantrum,Protect|Jolly||M|||50|]Charizard||CharizarditeY|Blaze|Protect,HeatWave,SolarBeam,WeatherBall|Modest||M|||50|]Farigiraf||SitrusBerry|ArmorTail|Thunderbolt,PsychicNoise,TrickRoom,HelpingHand|Bold||F|||50|
|showteam|p2|Raichu||RaichuniteY|LightningRod|FakeOut,ZapCannon,FocusBlast,Protect|Timid||M|||50|]Mudsdale||LifeOrb|InnerFocus|Earthquake,HighHorsepower,HeavySlam,RockSlide|Brave||F|||50|]Oranguru||ColburBerry|Telepathy|Reflect,Instruct,TrickRoom,Protect|Relaxed||F|||50|]Sylveon||FairyFeather|Pixilate|HyperVoice,HyperBeam,QuickAttack,Detect|Quiet||F|||50|]Staraptor||ChoiceScarf|Intimidate|FinalGambit,BraveBird,Uturn,Tailwind|Jolly||M|||50|]Basculegion||FocusSash|Adaptability|Liquidation,LastRespects,AquaJet,Protect|Adamant||M|||50|
|inactive|Battle timer is ON: inactive players will automatically lose when time's up. (requested by KodeBeast0526)
|
|t:|1785468240
|teamsize|p1|4
|teamsize|p2|4
|start
|switch|p1a: Farigiraf|Farigiraf, L50, F, shiny|100/100
|switch|p1b: Kingambit|Kingambit, L50, M|100/100
|switch|p2a: Mudsdale|Mudsdale, L50, F|100/100
|switch|p2b: Oranguru|Oranguru, L50, F|100/100
|turn|1
|
|t:|1785468254
|move|p1a: Farigiraf|Helping Hand|p1b: Kingambit
|-singleturn|p1b: Kingambit|Helping Hand|[of] p1a: Farigiraf
|move|p1b: Kingambit|Kowtow Cleave|p2b: Oranguru
|-supereffective|p2b: Oranguru|1
|-enditem|p2b: Oranguru|Colbur Berry|[eat]
|-enditem|p2b: Oranguru|Colbur Berry|[weaken]
|-damage|p2b: Oranguru|40/100
|move|p2a: Mudsdale|Earthquake|p1a: Farigiraf|[spread] p1a,p1b
|-activate|p2b: Oranguru|ability: Telepathy
|-supereffective|p1b: Kingambit|1
|-damage|p1a: Farigiraf|57/100
|-damage|p1b: Kingambit|8/100
|-damage|p2a: Mudsdale|90/100|[from] item: Life Orb
|move|p2b: Oranguru|Trick Room|p2b: Oranguru
|-fieldstart|move: Trick Room|[of] p2b: Oranguru
|
|upkeep
|turn|2
|
|t:|1785468267
|move|p1a: Farigiraf|Helping Hand|p1b: Kingambit
|-singleturn|p1b: Kingambit|Helping Hand|[of] p1a: Farigiraf
|move|p2a: Mudsdale|Earthquake|p1b: Kingambit|[spread] p1a,p1b
|-activate|p2b: Oranguru|ability: Telepathy
|-supereffective|p1b: Kingambit|1
|-damage|p1a: Farigiraf|11/100
|-damage|p1b: Kingambit|0 fnt
|-enditem|p1a: Farigiraf|Sitrus Berry|[eat]
|-heal|p1a: Farigiraf|36/100|[from] item: Sitrus Berry
|faint|p1b: Kingambit
|-damage|p2a: Mudsdale|80/100|[from] item: Life Orb
|move|p2b: Oranguru|Instruct|p2a: Mudsdale
|-singleturn|p2a: Mudsdale|move: Instruct|[of] p2b: Oranguru
|move|p2a: Mudsdale|Earthquake|p1a: Farigiraf|[spread] p1a
|-activate|p2b: Oranguru|ability: Telepathy
|-crit|p1a: Farigiraf
|-damage|p1a: Farigiraf|0 fnt
|faint|p1a: Farigiraf
|-damage|p2a: Mudsdale|71/100|[from] item: Life Orb
|
|upkeep
|
|t:|1785468273
|switch|p1a: Sylveon|Sylveon, L50, M|100/100
|switch|p1b: Charizard|Charizard, L50, M|100/100
|turn|3
|
|t:|1785468296
|detailschange|p1b: Charizard|Charizard-Mega-Y, L50, M
|-mega|p1b: Charizard|Charizard|Charizardite Y
|-weather|SunnyDay|[from] ability: Drought|[of] p1b: Charizard
|move|p2a: Mudsdale|Heavy Slam|p1a: Sylveon
|-supereffective|p1a: Sylveon|1
|-damage|p1a: Sylveon|0 fnt
|faint|p1a: Sylveon
|-damage|p2a: Mudsdale|61/100|[from] item: Life Orb
|move|p2b: Oranguru|Instruct|p2a: Mudsdale
|-singleturn|p2a: Mudsdale|move: Instruct|[of] p2b: Oranguru
|move|p2a: Mudsdale|Heavy Slam|p1b: Charizard
|-resisted|p1b: Charizard|1
|-damage|p1b: Charizard|70/100
|-damage|p2a: Mudsdale|51/100|[from] item: Life Orb
|move|p1b: Charizard|Solar Beam||[still]
|-prepare|p1b: Charizard|Solar Beam
|-anim|p1b: Charizard|Solar Beam|p2a: Mudsdale
|-supereffective|p2a: Mudsdale|1
|-damage|p2a: Mudsdale|0 fnt
|faint|p2a: Mudsdale
|
|-weather|SunnyDay|[upkeep]
|upkeep
|
|t:|1785468300
|switch|p2a: Sylveon|Sylveon, L50, F|100/100
|turn|4
|
|t:|1785468304
|move|p2a: Sylveon|Hyper Voice|p1b: Charizard
|-resisted|p1b: Charizard|1
|-damage|p1b: Charizard|41/100
|move|p2b: Oranguru|Instruct|p2a: Sylveon
|-singleturn|p2a: Sylveon|move: Instruct|[of] p2b: Oranguru
|move|p2a: Sylveon|Hyper Voice|p1b: Charizard
|-resisted|p1b: Charizard|1
|-damage|p1b: Charizard|12/100
|move|p1b: Charizard|Heat Wave|p2b: Oranguru|[spread] p2a,p2b
|-damage|p2a: Sylveon|51/100
|-damage|p2b: Oranguru|0 fnt
|faint|p2b: Oranguru
|
|-weather|SunnyDay|[upkeep]
|upkeep
|
|t:|1785468308
|switch|p2b: Raichu|Raichu, L50, M|100/100
|turn|5
|
|t:|1785468315
|detailschange|p2b: Raichu|Raichu-Mega-Y, L50, M
|-mega|p2b: Raichu|Raichu|Raichunite Y
|move|p2a: Sylveon|Hyper Voice|p1b: Charizard
|-resisted|p1b: Charizard|1
|-crit|p1b: Charizard
|-damage|p1b: Charizard|0 fnt
|faint|p1b: Charizard
|
|win|Serendepityz
||Serendepityz is ready for game 3.
