|j|☆friegg
|j|☆WhiteLightning31
|html|frieggWhiteLightning31    
|uhtml|bestof|Game 1 of a best-of-3
|t:|1785471056
|gametype|doubles
|player|p1|friegg|plasmagrunt|
|player|p2|WhiteLightning31|2|
|gen|9
|tier|[Gen 9 Champions] VGC 2026 Reg M-B (Bo3)
|rule|Species Clause: Limit one of each Pokémon
|rule|Item Clause: Limit 1 of each item
|clearpoke
|poke|p1|Charizard, L50, M|
|poke|p1|Kingambit, L50, M|
|poke|p1|Aerodactyl, L50, F|
|poke|p1|Tinkaton, L50, F|
|poke|p1|Scovillain, L50, M|
|poke|p1|Mamoswine, L50, M|
|poke|p2|Basculegion, L50, M|
|poke|p2|Floette-Eternal, L50, F|
|poke|p2|Farigiraf, L50, F|
|poke|p2|Camerupt, L50, F|
|poke|p2|Vivillon, L50, F|
|poke|p2|Toxapex, L50, M|
|teampreview|4
|showteam|p1|Charizard||CharizarditeY|Blaze|HeatWave,WeatherBall,SolarBeam,Protect|Timid||M|||50|]Kingambit||ExpertBelt|Defiant|KowtowCleave,IronHead,Taunt,Protect|Brave||M|||50|]Aerodactyl||FocusSash|RockHead|RockSlide,Taunt,WideGuard,Tailwind|Adamant||F|||50|]Tinkaton||OccaBerry|OwnTempo|GigatonHammer,FakeOut,HelpingHand,Protect|Jolly||F|||50|]Scovillain||SitrusBerry|Chlorophyll|Overheat,LeafStorm,RagePowder,Protect|Modest||M|||50|]Mamoswine||LifeOrb|Oblivious|HighHorsepower,IronHead,KnockOff,Protect|Adamant||M|||50|
|showteam|p2|Basculegion||ChoiceScarf|Adaptability|WaveCrash,LastRespects,HeadSmash,FlipTurn|Jolly||M|||50|]Floette-Eternal||Floettite|FlowerVeil|DazzlingGleam,DrainingKiss,CalmMind,Protect|Modest||F|||50|]Farigiraf||SitrusBerry|ArmorTail|HyperVoice,HelpingHand,TrickRoom,Protect|Sassy||F|||50|]Camerupt||Cameruptite|SolidRock|Eruption,EarthPower,RockSlide,Protect|Quiet||F|||50|]Vivillon||FocusSash|CompoundEyes|Hurricane,SleepPowder,RagePowder,Protect|Timid||F|||50|]Toxapex||Leftovers|Regenerator|Infestation,AcidSpray,WideGuard,BanefulBunker|Sassy||M|||50|
|
|t:|1785471173
|teamsize|p1|4
|teamsize|p2|4
|start
|switch|p1a: Kingambit|Kingambit, L50, M|100/100
|switch|p1b: Aerodactyl|Aerodactyl, L50, F|100/100
|switch|p2a: Basculegion|Basculegion, L50, M|100/100
|switch|p2b: Farigiraf|Farigiraf, L50, F|100/100
|turn|1
|
|t:|1785471203
|move|p2b: Farigiraf|Protect|p2b: Farigiraf
|-singleturn|p2b: Farigiraf|Protect
|move|p2a: Basculegion|Flip Turn|p1b: Aerodactyl
|-supereffective|p1b: Aerodactyl|1
|-enditem|p1b: Aerodactyl|Focus Sash
|-damage|p1b: Aerodactyl|1/100
|
|t:|1785471211
|switch|p2a: Toxapex|Toxapex, L50, M|100/100|[from] Flip Turn
|move|p1b: Aerodactyl|Taunt|p2b: Farigiraf
|-activate|p2b: Farigiraf|move: Protect
|move|p1a: Kingambit|Kowtow Cleave|p2a: Toxapex
|-damage|p2a: Toxapex|59/100
|
|-heal|p2a: Toxapex|65/100|[from] item: Leftovers
|upkeep
|turn|2
|
|t:|1785471273
|move|p2a: Toxapex|Baneful Bunker|p2a: Toxapex
|-singleturn|p2a: Toxapex|move: Protect
|move|p1b: Aerodactyl|Taunt|p2b: Farigiraf
|-start|p2b: Farigiraf|move: Taunt
|move|p2b: Farigiraf|Hyper Voice|p1a: Kingambit|[spread] p1a,p1b
|-resisted|p1a: Kingambit|1
|-crit|p1a: Kingambit
|-resisted|p1b: Aerodactyl|1
|-damage|p1a: Kingambit|81/100
|-damage|p1b: Aerodactyl|0 fnt
|faint|p1b: Aerodactyl
|move|p1a: Kingambit|Kowtow Cleave|p2a: Toxapex
|-activate|p2a: Toxapex|move: Protect
|
|-heal|p2a: Toxapex|71/100|[from] item: Leftovers
|upkeep
|
|t:|1785471288
|switch|p1b: Charizard|Charizard, L50, M|100/100
|turn|3
|
|t:|1785471323
|detailschange|p1b: Charizard|Charizard-Mega-Y, L50, M
|-mega|p1b: Charizard|Charizard|Charizardite Y
|-weather|SunnyDay|[from] ability: Drought|[of] p1b: Charizard
|move|p2a: Toxapex|Wide Guard|p2a: Toxapex
|-singleturn|p2a: Toxapex|Wide Guard
|move|p1b: Charizard|Heat Wave|p2a: Toxapex|[spread] 
|-activate|p2a: Toxapex|move: Wide Guard
|-activate|p2b: Farigiraf|move: Wide Guard
|move|p2b: Farigiraf|Hyper Voice|p1a: Kingambit|[spread] p1a,p1b
|-resisted|p1a: Kingambit|1
|-damage|p1a: Kingambit|68/100
|-damage|p1b: Charizard|74/100
|move|p1a: Kingambit|Kowtow Cleave|p2b: Farigiraf
|-supereffective|p2b: Farigiraf|1
|-damage|p2b: Farigiraf|0 fnt
|faint|p2b: Farigiraf
|
|-weather|SunnyDay|[upkeep]
|-heal|p2a: Toxapex|77/100|[from] item: Leftovers
|upkeep
|
|t:|1785471351
|switch|p2b: Basculegion|Basculegion, L50, M|100/100
|turn|4
|
|t:|1785471371
|move|p1b: Charizard|Protect|p1b: Charizard
|-singleturn|p1b: Charizard|Protect
|move|p2a: Toxapex|Baneful Bunker|p2a: Toxapex
|-singleturn|p2a: Toxapex|move: Protect
|move|p2b: Basculegion|Wave Crash|p1a: Kingambit
|-damage|p1a: Kingambit|40/100
|-damage|p2b: Basculegion|90/100|[from] Recoil
|move|p1a: Kingambit|Kowtow Cleave|p2b: Basculegion
|-supereffective|p2b: Basculegion|1
|-damage|p2b: Basculegion|0 fnt
|faint|p2b: Basculegion
|
|-weather|SunnyDay|[upkeep]
|-heal|p2a: Toxapex|82/100|[from] item: Leftovers
|upkeep
|
|t:|1785471389
|switch|p2b: Floette|Floette-Eternal, L50, F|100/100
|turn|5
|
|t:|1785471420
|detailschange|p2b: Floette|Floette-Mega, L50, F
|-mega|p2b: Floette|Floette|Floettite
|-ability|p2b: Floette|Fairy Aura
|move|p2a: Toxapex|Wide Guard|p2a: Toxapex
|-singleturn|p2a: Toxapex|Wide Guard
|move|p1b: Charizard|Solar Beam||[still]
|-prepare|p1b: Charizard|Solar Beam
|-anim|p1b: Charizard|Solar Beam|p2a: Toxapex
|-damage|p2a: Toxapex|51/100
|move|p2b: Floette|Dazzling Gleam|p1b: Charizard|[spread] p1a,p1b
|-resisted|p1b: Charizard|1
|-damage|p1a: Kingambit|0 fnt
|-damage|p1b: Charizard|48/100
|faint|p1a: Kingambit
|
|-weather|SunnyDay|[upkeep]
|-heal|p2a: Toxapex|57/100|[from] item: Leftovers
|upkeep
|
|t:|1785471434
|switch|p1a: Scovillain|Scovillain, L50, M|100/100
|turn|6
|
|t:|1785471468
|move|p1a: Scovillain|Overheat|p2b: Floette
|-damage|p2b: Floette|33/100
|-unboost|p1a: Scovillain|spa|2
|move|p1b: Charizard|Weather Ball|p2b: Floette
|-damage|p2b: Floette|0 fnt
|faint|p2b: Floette
|move|p2a: Toxapex|Acid Spray|p1a: Scovillain
|-supereffective|p1a: Scovillain|1
|-damage|p1a: Scovillain|72/100
|-unboost|p1a: Scovillain|spd|2
|
|-weather|SunnyDay|[upkeep]
|-heal|p2a: Toxapex|63/100|[from] item: Leftovers
|upkeep
|turn|7
|
|t:|1785471488
|move|p2a: Toxapex|Baneful Bunker|p2a: Toxapex
|-singleturn|p2a: Toxapex|move: Protect
|move|p1a: Scovillain|Rage Powder|p1a: Scovillain
|-singleturn|p1a: Scovillain|move: Rage Powder
|move|p1b: Charizard|Solar Beam||[still]
|-prepare|p1b: Charizard|Solar Beam
|-anim|p1b: Charizard|Solar Beam|p2a: Toxapex
|-activate|p2a: Toxapex|move: Protect
|
|-weather|none
|-heal|p2a: Toxapex|68/100|[from] item: Leftovers
|upkeep
|turn|8
|
|t:|1785471505
|move|p1a: Scovillain|Rage Powder|p1a: Scovillain
|-singleturn|p1a: Scovillain|move: Rage Powder
|move|p1b: Charizard|Heat Wave|p2a: Toxapex
|-resisted|p2a: Toxapex|1
|-damage|p2a: Toxapex|50/100g
|move|p2a: Toxapex|Acid Spray|p1a: Scovillain
|-supereffective|p1a: Scovillain|1
|-damage|p1a: Scovillain|25/100
|-unboost|p1a: Scovillain|spd|2
|-enditem|p1a: Scovillain|Sitrus Berry|[eat]
|-heal|p1a: Scovillain|50/100g|[from] item: Sitrus Berry
|
|-heal|p2a: Toxapex|56/100|[from] item: Leftovers
|upkeep
|turn|9
|
|t:|1785471521
|move|p2a: Toxapex|Baneful Bunker|p2a: Toxapex
|-singleturn|p2a: Toxapex|move: Protect
|move|p1b: Charizard|Heat Wave|p2a: Toxapex
|-activate|p2a: Toxapex|move: Protect
|move|p1a: Scovillain|Leaf Storm|p2a: Toxapex
|-activate|p2a: Toxapex|move: Protect
|
|-heal|p2a: Toxapex|61/100|[from] item: Leftovers
|upkeep
|turn|10
|
|t:|1785471538
|move|p1b: Charizard|Heat Wave|p2a: Toxapex
|-resisted|p2a: Toxapex|1
|-damage|p2a: Toxapex|43/100
|move|p1a: Scovillain|Leaf Storm|p2a: Toxapex
|-damage|p2a: Toxapex|23/100
|-unboost|p1a: Scovillain|spa|2
|move|p2a: Toxapex|Acid Spray|p1b: Charizard
|-damage|p1b: Charizard|38/100
|-unboost|p1b: Charizard|spd|2
|
|-heal|p2a: Toxapex|29/100|[from] item: Leftovers
|upkeep
|turn|11
|
|t:|1785471559
|move|p2a: Toxapex|Baneful Bunker|p2a: Toxapex
|-singleturn|p2a: Toxapex|move: Protect
|move|p1b: Charizard|Heat Wave|p2a: Toxapex
|-activate|p2a: Toxapex|move: Protect
|move|p1a: Scovillain|Leaf Storm|p2a: Toxapex
|-activate|p2a: Toxapex|move: Protect
|
|-heal|p2a: Toxapex|35/100|[from] item: Leftovers
|upkeep
|turn|12
|
|t:|1785471574
|move|p1b: Charizard|Heat Wave|p2a: Toxapex
|-resisted|p2a: Toxapex|1
|-damage|p2a: Toxapex|17/100
|move|p1a: Scovillain|Leaf Storm|p2a: Toxapex
|-damage|p2a: Toxapex|3/100
|-unboost|p1a: Scovillain|spa|2
|move|p2a: Toxapex|Acid Spray|p1a: Scovillain
|-supereffective|p1a: Scovillain|1
|-damage|p1a: Scovillain|0 fnt
|faint|p1a: Scovillain
|
|-heal|p2a: Toxapex|8/100|[from] item: Leftovers
|upkeep
|turn|13
|
|t:|1785471591
|move|p2a: Toxapex|Baneful Bunker|p2a: Toxapex
|-singleturn|p2a: Toxapex|move: Protect
|move|p1b: Charizard|Heat Wave|p2a: Toxapex
|-activate|p2a: Toxapex|move: Protect
|
|-heal|p2a: Toxapex|14/100|[from] item: Leftovers
|upkeep
|turn|14
|
|t:|1785471602
|move|p2a: Toxapex|Wide Guard|p2a: Toxapex
|-singleturn|p2a: Toxapex|Wide Guard
|move|p1b: Charizard|Heat Wave|p2a: Toxapex
|-activate|p2a: Toxapex|move: Wide Guard
|
|-heal|p2a: Toxapex|20/100y|[from] item: Leftovers
|upkeep
|turn|15
|
|t:|1785471614
|move|p1b: Charizard|Solar Beam||[still]
|-prepare|p1b: Charizard|Solar Beam
|move|p2a: Toxapex|Acid Spray|p1b: Charizard
|-damage|p1b: Charizard|20/100r
|-unboost|p1b: Charizard|spd|2
|
|-heal|p2a: Toxapex|26/100|[from] item: Leftovers
|upkeep
|turn|16
|
|t:|1785471625
|move|p2a: Toxapex|Baneful Bunker|p2a: Toxapex
|-singleturn|p2a: Toxapex|move: Protect
|move|p1b: Charizard|Solar Beam|p2a: Toxapex|[from] lockedmove
|-activate|p2a: Toxapex|move: Protect
|
|-heal|p2a: Toxapex|31/100|[from] item: Leftovers
|upkeep
|turn|17
|
|t:|1785471635
|move|p1b: Charizard|Heat Wave|p2a: Toxapex
|-resisted|p2a: Toxapex|1
|-damage|p2a: Toxapex|14/100
|move|p2a: Toxapex|Acid Spray|p1b: Charizard
|-damage|p1b: Charizard|0 fnt
|faint|p1b: Charizard
|
|win|WhiteLightning31
||friegg is ready for game 2.
||WhiteLightning31 is ready for game 2.
|uhtml|next|Next: Game 2 of 3
