|j|☆Chatter Mane
|j|☆AGreatRobot
|html|Chatter ManeAGreatRobot    
|uhtml|bestof|Game 1 of a best-of-3
|t:|1783202775
|gametype|doubles
|player|p1|Chatter Mane|zinnia|
|player|p2|AGreatRobot|medium|
|gen|9
|tier|[Gen 9 Champions] VGC 2026 Reg M-B (Bo3)
|rule|Species Clause: Limit one of each Pokémon
|rule|Item Clause: Limit 1 of each item
|clearpoke
|poke|p1|Froslass, L50, F, shiny|
|poke|p1|Scovillain, L50, M, shiny|
|poke|p1|Rotom-Wash, L50, shiny|
|poke|p1|Glimmora, L50, M, shiny|
|poke|p1|Aegislash, L50, M, shiny|
|poke|p1|Kommo-o, L50, F|
|poke|p2|Annihilape, L50, M|
|poke|p2|Aerodactyl, L50, F|
|poke|p2|Blaziken, L50, M|
|poke|p2|Roserade, L50, F|
|poke|p2|Rotom-Wash, L50|
|poke|p2|Scizor, L50, F|
|teampreview|4
|showteam|p1|Froslass||Froslassite|CursedBody|Blizzard,ShadowBall,AuroraVeil,Protect|Modest||F|||50|]Scovillain||Scovillainite|Moody|Overheat,GigaDrain,RagePowder,Protect|Calm||M|||50|]Rotom-Wash||ChoiceScarf|Levitate|HydroPump,Thunderbolt,Electroweb,Trick|Timid|||||50|]Glimmora||FocusSash|ToxicDebris|SludgeBomb,PowerGem,EarthPower,SpikyShield|Modest||M|||50|]Aegislash||LifeOrb|StanceChange|Poltergeist,IronHead,ShadowSneak,KingsShield|Adamant||M|||50|]Kommo-o||Leftovers|Bulletproof|ClangingScales,AuraSphere,ClangorousSoul,Protect|Modest||F|||50|
|showteam|p2|Annihilape||SitrusBerry|Defiant|RageFist,DrainPunch,BulkUp,Protect|Careful||M|||50|]Aerodactyl||FocusSash|Pressure|RockSlide,WideGuard,Tailwind,Taunt|Jolly||F|||50|]Blaziken||Blazikenite|SpeedBoost|FlareBlitz,CloseCombat,SwordsDance,Detect|Adamant||M|||50|]Roserade||WideLens|PoisonPoint|PinMissile,SleepPowder,LifeDew,LeafStorm|Timid||F|||50|]Rotom-Wash||ChoiceScarf|Levitate|HydroPump,Electroweb,VoltSwitch,Thunderbolt|Modest|||||50|]Scizor||LifeOrb|Technician|Assurance,BulletPunch,Uturn,Protect|Adamant||F|||50|
|c|☆AGreatRobot|Hf
|
|t:|1783202811
|teamsize|p1|4
|teamsize|p2|4
|start
|switch|p1a: Froslass|Froslass, L50, F, shiny|100/100
|switch|p1b: Rotom|Rotom-Wash, L50, shiny|100/100
|switch|p2a: Aerodactyl|Aerodactyl, L50, F|100/100
|switch|p2b: Rotom|Rotom-Wash, L50|100/100
|-ability|p2a: Aerodactyl|Pressure
|turn|1
|
|t:|1783202849
|move|p1a: Froslass|Protect|p1a: Froslass
|-singleturn|p1a: Froslass|Protect
|move|p1b: Rotom|Electroweb|p2a: Aerodactyl|[spread] p2a,p2b
|-supereffective|p2a: Aerodactyl|1
|-crit|p2a: Aerodactyl
|-damage|p2a: Aerodactyl|22/100
|-damage|p2b: Rotom|78/100
|-unboost|p2a: Aerodactyl|spe|1
|-unboost|p2b: Rotom|spe|1
|move|p2b: Rotom|Volt Switch|p1a: Froslass
|-activate|p1a: Froslass|move: Protect
|move|p2a: Aerodactyl|Rock Slide|p1b: Rotom|[spread] p1b
|-activate|p1a: Froslass|move: Protect
|-damage|p1b: Rotom|66/100
|
|upkeep
|turn|2
|
|t:|1783202860
|switch|p1b: Kommo-o|Kommo-o, L50, F|100/100
|switch|p2a: Blaziken|Blaziken, L50, M|100/100
|detailschange|p1a: Froslass|Froslass-Mega, L50, F, shiny
|-mega|p1a: Froslass|Froslass|Froslassite
|-weather|Snowscape|[from] ability: Snow Warning|[of] p1a: Froslass
|move|p1a: Froslass|Aurora Veil|p1a: Froslass
|-sidestart|p1: Chatter Mane|move: Aurora Veil
|move|p2b: Rotom|Volt Switch|p1a: Froslass
|-damage|p1a: Froslass|82/100
|
|t:|1783202865
|switch|p2b: Annihilape|Annihilape, L50, M|100/100|[from] Volt Switch
|
|-weather|Snowscape|[upkeep]
|upkeep
|turn|3
|
|t:|1783202882
|detailschange|p2a: Blaziken|Blaziken-Mega, L50, M
|-mega|p2a: Blaziken|Blaziken|Blazikenite
|move|p2a: Blaziken|Detect|p2a: Blaziken
|-singleturn|p2a: Blaziken|Protect
|move|p1a: Froslass|Shadow Ball|p2a: Blaziken
|-activate|p2a: Blaziken|move: Protect
|move|p1b: Kommo-o|Clangorous Soul|p1b: Kommo-o
|-boost|p1b: Kommo-o|atk|1
|-boost|p1b: Kommo-o|def|1
|-boost|p1b: Kommo-o|spa|1
|-boost|p1b: Kommo-o|spd|1
|-boost|p1b: Kommo-o|spe|1
|-damage|p1b: Kommo-o|67/100
|move|p2b: Annihilape|Rage Fist|p1b: Kommo-o
|-damage|p1b: Kommo-o|59/100
|
|-weather|Snowscape|[upkeep]
|-heal|p1b: Kommo-o|65/100|[from] item: Leftovers
|-ability|p2a: Blaziken|Speed Boost|boost
|-boost|p2a: Blaziken|spe|1
|upkeep
|turn|4
|
|t:|1783202899
|move|p2a: Blaziken|Flare Blitz|p1a: Froslass
|-supereffective|p1a: Froslass|1
|-crit|p1a: Froslass
|-damage|p1a: Froslass|0 fnt
|faint|p1a: Froslass
|-damage|p2a: Blaziken|69/100|[from] Recoil
|move|p1b: Kommo-o|Clangorous Soul|p1b: Kommo-o
|-boost|p1b: Kommo-o|atk|1
|-boost|p1b: Kommo-o|def|1
|-boost|p1b: Kommo-o|spa|1
|-boost|p1b: Kommo-o|spd|1
|-boost|p1b: Kommo-o|spe|1
|-damage|p1b: Kommo-o|33/100
|move|p2b: Annihilape|Bulk Up|p2b: Annihilape
|-boost|p2b: Annihilape|atk|1
|-boost|p2b: Annihilape|def|1
|
|-weather|Snowscape|[upkeep]
|-heal|p1b: Kommo-o|39/100|[from] item: Leftovers
|-ability|p2a: Blaziken|Speed Boost|boost
|-boost|p2a: Blaziken|spe|1
|upkeep
|
|t:|1783202907
|switch|p1a: Scovillain|Scovillain, L50, M, shiny|100/100
|turn|5
|
|t:|1783202917
|move|p2a: Blaziken|Flare Blitz|p1b: Kommo-o
|-resisted|p1b: Kommo-o|1
|-crit|p1b: Kommo-o
|-damage|p1b: Kommo-o|0 fnt
|faint|p1b: Kommo-o
|-damage|p2a: Blaziken|56/100|[from] Recoil
|move|p2b: Annihilape|Rage Fist|p1a: Scovillain
|-damage|p1a: Scovillain|73/100
|move|p1a: Scovillain|Overheat|p2b: Annihilape
|-damage|p2b: Annihilape|69/100
|-unboost|p1a: Scovillain|spa|2
|
|-weather|Snowscape|[upkeep]
|-ability|p2a: Blaziken|Speed Boost|boost
|-boost|p2a: Blaziken|spe|1
|-ability|p1a: Scovillain|Moody|boost
|-boost|p1a: Scovillain|spe|2
|-unboost|p1a: Scovillain|atk|1
|upkeep
|c|☆AGreatRobot|Mb
|
|t:|1783202927
|switch|p1b: Rotom|Rotom-Wash, L50, shiny|66/100
|turn|6
|c|☆Chatter Mane|Np
|c|☆Chatter Mane|Wait
|c|☆Chatter Mane|How do i ff
|c|☆Chatter Mane|The command doesn't like
|c|☆Chatter Mane|Work
|-message|Chatter Mane forfeited.
|
|win|AGreatRobot
|c|☆Chatter Mane|There
||AGreatRobot is ready for game 2.
|c|☆Chatter Mane|Was just My auto doing weird shit
||Chatter Mane is ready for game 2.
|uhtml|next|Next: Game 2 of 3
