|j|☆PKMNSGaming!
|j|☆Spottedwoot
|html|PKMNSGaming!Spottedwoot    
|uhtml|bestof|Game 1 of a best-of-3
|t:|1785289626
|gametype|doubles
|player|p1|PKMNSGaming!|hilda|
|player|p2|Spottedwoot|169|
|gen|9
|tier|[Gen 9 Champions] VGC 2026 Reg M-B (Bo3)
|rule|Species Clause: Limit one of each Pokémon
|rule|Item Clause: Limit 1 of each item
|clearpoke
|poke|p1|Floette-Eternal, L50, F|
|poke|p1|Aerodactyl, L50, F|
|poke|p1|Kangaskhan, L50, F|
|poke|p1|Clefable, L50, F|
|poke|p1|Scizor, L50, M|
|poke|p1|Milotic, L50, M|
|poke|p2|Blastoise, L50, F|
|poke|p2|Sinistcha, L50|
|poke|p2|Incineroar, L50, M|
|poke|p2|Tsareena, L50, F|
|poke|p2|Bastiodon, L50, F|
|poke|p2|Gardevoir, L50, F|
|teampreview|4
|showteam|p1|Floette-Eternal||Floettite|FlowerVeil|Moonblast,DazzlingGleam,CalmMind,Protect|Timid||F|||50|]Aerodactyl||Aerodactylite|Unnerve|DualWingbeat,RockSlide,Taunt,WideGuard|Adamant||F|||50|]Kangaskhan||SilkScarf|Scrappy|FakeOut,DoubleEdge,LowKick,Protect|Jolly||F|||50|]Clefable||SitrusBerry|Unaware|Moonblast,FollowMe,LifeDew,AfterYou|Calm||F|||50|]Scizor||OccaBerry|Technician|BulletPunch,BugBite,QuickGuard,Protect|Adamant||M|||50|]Milotic||Leftovers|Competitive|MuddyWater,IcyWind,LifeDew,Protect|Modest||M|||50|
|showteam|p2|Blastoise||Blastoisinite|Torrent|WaterSpout,FakeOut,Protect,FlashCannon|Quiet||F|||50|]Sinistcha||Leftovers|Hospitality|MatchaGotcha,TrickRoom,RagePowder,StrengthSap|Relaxed|||||50|]Incineroar||SitrusBerry|Intimidate|FlareBlitz,FakeOut,PartingShot,WillOWisp|Careful||M|||50|]Tsareena||LifeOrb|QueenlyMajesty|Protect,PowerWhip,KnockOff,TripleAxel|Brave||F|||50|]Bastiodon||ChopleBerry|Sturdy|WideGuard,BodyPress,IronDefense,HeavySlam|Careful||F|||50|]Gardevoir||Gardevoirite|Trace|HyperVoice,Protect,MysticalFire,Taunt|Timid||F|||50|
|j| cookiecorner
|j| Donjozo
|
|t:|1785289692
|teamsize|p1|4
|teamsize|p2|4
|start
|switch|p1a: Floette|Floette-Eternal, L50, F|100/100
|switch|p1b: Kangaskhan|Kangaskhan, L50, F|100/100
|switch|p2a: Blastoise|Blastoise, L50, F|100/100
|switch|p2b: Sinistcha|Sinistcha, L50|100/100
|turn|1
|
|t:|1785289714
|detailschange|p1a: Floette|Floette-Mega, L50, F
|-mega|p1a: Floette|Floette|Floettite
|-ability|p1a: Floette|Fairy Aura
|detailschange|p2a: Blastoise|Blastoise-Mega, L50, F
|-mega|p2a: Blastoise|Blastoise|Blastoisinite
|move|p1b: Kangaskhan|Fake Out|p2a: Blastoise
|-damage|p2a: Blastoise|82/100
|cant|p2a: Blastoise|flinch
|move|p1a: Floette|Calm Mind|p1a: Floette
|-boost|p1a: Floette|spa|1
|-boost|p1a: Floette|spd|1
|move|p2b: Sinistcha|Trick Room|p2b: Sinistcha
|-fieldstart|move: Trick Room|[of] p2b: Sinistcha
|
|upkeep
|turn|2
|
|t:|1785289774
|switch|p2b: Bastiodon|Bastiodon, L50, F|100/100
|move|p2a: Blastoise|Water Spout|p1a: Floette|[spread] p1a,p1b
|-damage|p1a: Floette|68/100
|-damage|p1b: Kangaskhan|33/100
|move|p1b: Kangaskhan|Double-Edge|p2a: Blastoise
|-damage|p2a: Blastoise|27/100
|-damage|p1b: Kangaskhan|15/100|[from] Recoil
|move|p1a: Floette|Dazzling Gleam|p2a: Blastoise|[spread] p2a,p2b
|-resisted|p2b: Bastiodon|1
|-damage|p2a: Blastoise|0 fnt
|-damage|p2b: Bastiodon|77/100
|faint|p2a: Blastoise
|
|upkeep
|
|t:|1785289787
|switch|p2a: Incineroar|Incineroar, L50, M|100/100
|-ability|p2a: Incineroar|Intimidate|boost
|-unboost|p1a: Floette|atk|1
|-fail|p1b: Kangaskhan|unboost|Attack|[from] ability: Scrappy|[of] p1b: Kangaskhan
|turn|3
|c|☆PKMNSGaming!|!dt Floette-Mega
|c|☆PKMNSGaming!|/raw OU  Floette-Mega  Fairy AuraHP74 Atk85 Def87 SpA155 SpD148 Spe102 BST651 
|c|☆PKMNSGaming!|/raw Dex#: 670 |  Gen: 9 |  Height: 0.2 m |  Weight: 100.8 kg (100 BP) |  Dex Colour: White |  Egg Group(s): Undiscovered |  Does Not Evolve

|
|t:|1785289836
|move|p1b: Kangaskhan|Protect|p1b: Kangaskhan
|-singleturn|p1b: Kangaskhan|Protect
|move|p2b: Bastiodon|Heavy Slam|p1a: Floette
|-supereffective|p1a: Floette|1
|-damage|p1a: Floette|43/100
|move|p2a: Incineroar|Flare Blitz|p1a: Floette
|-damage|p1a: Floette|0 fnt
|faint|p1a: Floette
|-damage|p2a: Incineroar|89/100|[from] Recoil
|
|upkeep
|
|t:|1785289853
|switch|p1a: Milotic|Milotic, L50, M|100/100
|turn|4
|
|t:|1785289873
|switch|p2a: Sinistcha|Sinistcha, L50|100/100
|-heal|p2b: Bastiodon|100/100|[from] ability: Hospitality|[of] p2a: Sinistcha
|move|p2b: Bastiodon|Body Press|p1b: Kangaskhan
|-supereffective|p1b: Kangaskhan|1
|-crit|p1b: Kangaskhan
|-damage|p1b: Kangaskhan|0 fnt
|faint|p1b: Kangaskhan
|move|p1a: Milotic|Muddy Water|p2a: Sinistcha|[spread] p2a,p2b
|-resisted|p2a: Sinistcha|1
|-supereffective|p2b: Bastiodon|1
|-damage|p2a: Sinistcha|82/100
|-damage|p2b: Bastiodon|56/100
|
|-heal|p2a: Sinistcha|88/100|[from] item: Leftovers
|upkeep
|
|t:|1785289886
|switch|p1b: Scizor|Scizor, L50, M|100/100
|turn|5
|
|t:|1785289943
|move|p2b: Bastiodon|Wide Guard|p2b: Bastiodon
|-singleturn|p2b: Bastiodon|Wide Guard
|move|p2a: Sinistcha|Matcha Gotcha|p1a: Milotic|[spread] p1a,p1b
|-supereffective|p1a: Milotic|1
|-resisted|p1b: Scizor|2
|-damage|p1a: Milotic|63/100
|-heal|p2a: Sinistcha|100/100|[from] drain|[of] p1a: Milotic
|-damage|p1b: Scizor|93/100
|-status|p1b: Scizor|brn
|move|p1b: Scizor|Bug Bite|p2a: Sinistcha
|-damage|p2a: Sinistcha|83/100
|move|p1a: Milotic|Muddy Water|p2b: Bastiodon|[spread] 
|-activate|p2a: Sinistcha|move: Wide Guard
|-activate|p2b: Bastiodon|move: Wide Guard
|
|-heal|p2a: Sinistcha|89/100|[from] item: Leftovers
|-heal|p1a: Milotic|69/100|[from] item: Leftovers
|-damage|p1b: Scizor|87/100 brn|[from] brn
|-fieldend|move: Trick Room
|upkeep
|turn|6
|-message|PKMNSGaming! forfeited.
|
|win|Spottedwoot
||Spottedwoot is ready for game 2.
||PKMNSGaming! is ready for game 2.
|uhtml|next|Next: Game 2 of 3
|l|☆Spottedwoot
|player|p2|
|l| cookiecorner
|l| Donjozo
