|j|☆IsRainingPerish
|j|☆Biff6
|html|IsRainingPerishBiff6    
|uhtml|bestof|Game 1 of a best-of-3
|t:|1785955434
|gametype|doubles
|player|p1|IsRainingPerish|li|1052
|player|p2|Biff6|scientist-gen4dp|1107
|gen|9
|tier|[Gen 9 Champions] VGC 2026 Reg M-B (Bo3)
|rated|
|rule|Species Clause: Limit one of each Pokémon
|rule|Item Clause: Limit 1 of each item
|clearpoke
|poke|p1|Gengar, L50, F|
|poke|p1|Incineroar, L50, F|
|poke|p1|Archaludon, L50, M|
|poke|p1|Grimmsnarl, L50, M|
|poke|p1|Politoed, L50, M|
|poke|p1|Scovillain, L50, M, shiny|
|poke|p2|Maushold-Four, L50|
|poke|p2|Blastoise, L50, F|
|poke|p2|Basculegion, L50, M|
|poke|p2|Sinistcha, L50|
|poke|p2|Kingambit, L50, M|
|poke|p2|Sneasler, L50, M|
|teampreview|4
|showteam|p1|Gengar||Gengarite|CursedBody|ShadowBall,SludgeBomb,PerishSong,Protect|Timid||F|||50|]Incineroar||PasshoBerry|Intimidate|ThroatChop,Protect,FakeOut,PartingShot|Sassy||F|||50|]Archaludon||Leftovers|Stamina|ElectroShot,FlashCannon,DracoMeteor,Protect|Calm||M|||50|]Grimmsnarl||LightClay|Prankster|Reflect,LightScreen,SpiritBreak,PartingShot|Sassy||M|||50|]Politoed||SitrusBerry|Drizzle|WeatherBall,PerishSong,Haze,Protect|Calm||M|||50|]Scovillain||Scovillainite|Moody|GigaDrain,Overheat,RagePowder,Protect|Bold||M|||50|
|showteam|p2|Maushold-Four||WideLens|Technician|PopulationBomb,Feint,Bite,Protect|Jolly|||||50|]Blastoise||Blastoisinite|Torrent|FakeOut,DarkPulse,AuraSphere,IceBeam|Modest||F|||50|]Basculegion||ChoiceScarf|Adaptability|WaveCrash,LastRespects,AquaJet,FlipTurn|Jolly||M|||50|]Sinistcha||SitrusBerry|Hospitality|MatchaGotcha,RagePowder,Imprison,TrickRoom|Bold|||||50|]Kingambit||LifeOrb|Defiant|IronHead,KowtowCleave,SuckerPunch,Protect|Adamant||M|||50|]Sneasler||FocusSash|PoisonTouch|PoisonJab,Protect,CloseCombat,FakeOut|Jolly||M|||50|
|inactive|Battle timer is ON: inactive players will automatically lose when time's up. (requested by IsRainingPerish)
|inactive|IsRainingPerish has 60 seconds left.
|inactive|Biff6 has 60 seconds left.
|
|t:|1785955484
|teamsize|p1|4
|teamsize|p2|4
|start
|switch|p1a: Archaludon|Archaludon, L50, M|100/100
|switch|p1b: Grimmsnarl|Grimmsnarl, L50, M|100/100
|switch|p2a: Blastoise|Blastoise, L50, F|100/100
|switch|p2b: Kingambit|Kingambit, L50, M|100/100
|turn|1
|
|t:|1785955505
|switch|p1b: Politoed|Politoed, L50, M|100/100
|-weather|RainDance|[from] ability: Drizzle|[of] p1b: Politoed
|detailschange|p2a: Blastoise|Blastoise-Mega, L50, F
|-mega|p2a: Blastoise|Blastoise|Blastoisinite
|move|p2a: Blastoise|Aura Sphere|p1a: Archaludon
|-supereffective|p1a: Archaludon|1
|-damage|p1a: Archaludon|18/100
|-ability|p1a: Archaludon|Stamina|boost
|-boost|p1a: Archaludon|def|1
|move|p1a: Archaludon|Electro Shot||[still]
|-prepare|p1a: Archaludon|Electro Shot
|-boost|p1a: Archaludon|spa|1
|-anim|p1a: Archaludon|Electro Shot|p2a: Blastoise
|-supereffective|p2a: Blastoise|1
|-damage|p2a: Blastoise|0 fnt
|faint|p2a: Blastoise
|move|p2b: Kingambit|Iron Head|p1b: Politoed
|-resisted|p1b: Politoed|1
|-damage|p1b: Politoed|70/100
|-damage|p2b: Kingambit|90/100|[from] item: Life Orb
|
|-weather|RainDance|[upkeep]
|-heal|p1a: Archaludon|24/100|[from] item: Leftovers
|upkeep
|
|t:|1785955522
|switch|p2a: Sneasler|Sneasler, L50, M|100/100
|turn|2
|
|t:|1785955541
|switch|p1b: Grimmsnarl|Grimmsnarl, L50, M|100/100
|move|p1a: Archaludon|Protect|p1a: Archaludon
|-singleturn|p1a: Archaludon|Protect
|move|p2a: Sneasler|Close Combat|p1a: Archaludon
|-activate|p1a: Archaludon|move: Protect
|move|p2b: Kingambit|Kowtow Cleave|p1b: Grimmsnarl
|-resisted|p1b: Grimmsnarl|2
|-damage|p1b: Grimmsnarl|84/100
|-damage|p2b: Kingambit|80/100|[from] item: Life Orb
|
|-weather|RainDance|[upkeep]
|-heal|p1a: Archaludon|30/100|[from] item: Leftovers
|upkeep
|turn|3
|inactive|Biff6 has 30 seconds left.
|inactive|Biff6 has 20 seconds left.
|inactive|Biff6 has 15 seconds left.
|inactive|Biff6 has 10 seconds left.
|inactive|Biff6 has 5 seconds left.
|
|t:|1785955596
|switch|p1a: Politoed|Politoed, L50, M|70/100
|move|p1b: Grimmsnarl|Parting Shot|p2a: Sneasler
|-unboost|p2a: Sneasler|atk|1
|-unboost|p2a: Sneasler|spa|1
|
|t:|1785955602
|switch|p1b: Scovillain|Scovillain, L50, M, shiny|100/100|[from] Parting Shot
|move|p2a: Sneasler|Poison Jab|p1a: Politoed
|-damage|p1a: Politoed|44/100
|-enditem|p1a: Politoed|Sitrus Berry|[eat]
|-heal|p1a: Politoed|69/100|[from] item: Sitrus Berry
|move|p2b: Kingambit|Iron Head|p1b: Scovillain
|-resisted|p1b: Scovillain|1
|-crit|p1b: Scovillain
|-damage|p1b: Scovillain|47/100
|-damage|p2b: Kingambit|71/100|[from] item: Life Orb
|
|-weather|RainDance|[upkeep]
|-ability|p1b: Scovillain|Moody|boost
|-boost|p1b: Scovillain|spd|2
|-unboost|p1b: Scovillain|spe|1
|upkeep
|turn|4
|inactive|Biff6 has 30 seconds left.
|inactive|Biff6 has 20 seconds left.
|inactive|Biff6 has 15 seconds left.
|inactive|Biff6 has 10 seconds left.
|inactive|Biff6 has 5 seconds left.
|
|t:|1785955657
|detailschange|p1b: Scovillain|Scovillain-Mega, L50, M, shiny
|-mega|p1b: Scovillain|Scovillain|Scovillainite
|move|p1b: Scovillain|Protect|p1b: Scovillain
|-singleturn|p1b: Scovillain|Protect
|move|p2a: Sneasler|Poison Jab|p1b: Scovillain
|-activate|p1b: Scovillain|move: Protect
|move|p1a: Politoed|Weather Ball|p2a: Sneasler
|-damage|p2a: Sneasler|38/100
|move|p2b: Kingambit|Iron Head|p1a: Politoed
|-resisted|p1a: Politoed|1
|-damage|p1a: Politoed|42/100
|-damage|p2b: Kingambit|61/100|[from] item: Life Orb
|
|-weather|RainDance|[upkeep]
|upkeep
|turn|5
|inactive|Biff6 has 30 seconds left.
|inactive|Biff6 has 20 seconds left.
|inactive|Biff6 has 15 seconds left.
|inactive|Biff6 has 10 seconds left.
|inactive|Biff6 has 5 seconds left.
|
|t:|1785955712
|switch|p1a: Grimmsnarl|Grimmsnarl, L50, M|84/100
|switch|p1b: Archaludon|Archaludon, L50, M|30/100
|move|p2a: Sneasler|Poison Jab|p1b: Archaludon
|-immune|p1b: Archaludon
|move|p2b: Kingambit|Iron Head|p1a: Grimmsnarl
|-supereffective|p1a: Grimmsnarl|1
|-damage|p1a: Grimmsnarl|0 fnt
|faint|p1a: Grimmsnarl
|-damage|p2b: Kingambit|51/100|[from] item: Life Orb
|
|-weather|none
|-heal|p1b: Archaludon|37/100|[from] item: Leftovers
|upkeep
|inactive|IsRainingPerish has 30 seconds left.
|
|t:|1785955745
|switch|p1a: Scovillain|Scovillain-Mega, L50, M, shiny|47/100
|turn|6
|inactive|Biff6 has 30 seconds left.
|inactive|Biff6 has 20 seconds left.
|inactive|Biff6 has 15 seconds left.
|inactive|Biff6 has 10 seconds left.
|inactive|Biff6 has 5 seconds left.
|
|t:|1785955800
|switch|p1b: Politoed|Politoed, L50, M|42/100
|-weather|RainDance|[from] ability: Drizzle|[of] p1b: Politoed
|move|p1a: Scovillain|Protect|p1a: Scovillain
|-singleturn|p1a: Scovillain|Protect
|move|p2a: Sneasler|Poison Jab|p1b: Politoed
|-damage|p1b: Politoed|15/100
|move|p2b: Kingambit|Iron Head|p1b: Politoed
|-resisted|p1b: Politoed|1
|-damage|p1b: Politoed|0 fnt
|faint|p1b: Politoed
|-damage|p2b: Kingambit|42/100|[from] item: Life Orb
|
|-weather|RainDance|[upkeep]
|upkeep
|
|t:|1785955819
|switch|p1b: Archaludon|Archaludon, L50, M|37/100
|turn|7
|inactive|Biff6 has 30 seconds left.
|inactive|Biff6 has 20 seconds left.
|inactive|Biff6 has 15 seconds left.
|inactive|Biff6 has 10 seconds left.
|inactive|Biff6 has 5 seconds left.
|
|t:|1785955874
|move|p1b: Archaludon|Protect|p1b: Archaludon
|-singleturn|p1b: Archaludon|Protect
|move|p2a: Sneasler|Poison Jab|p1a: Scovillain
|-supereffective|p1a: Scovillain|1
|-damage|p1a: Scovillain|0 fnt
|-status|p2a: Sneasler|brn|[from] ability: Spicy Spray|[of] p1a: Scovillain
|faint|p1a: Scovillain
|move|p2b: Kingambit|Iron Head|p1b: Archaludon
|-activate|p1b: Archaludon|move: Protect
|
|-weather|RainDance|[upkeep]
|-heal|p1b: Archaludon|43/100|[from] item: Leftovers
|-damage|p2a: Sneasler|32/100 brn|[from] brn
|upkeep
|turn|8
|inactive|Biff6 has 30 seconds left.
|inactive|Biff6 has 20 seconds left.
|inactive|Biff6 has 15 seconds left.
|inactive|Biff6 has 10 seconds left.
|inactive|Biff6 has 5 seconds left.
|
|t:|1785955929
|move|p2a: Sneasler|Poison Jab|p1b: Archaludon
|-immune|p1b: Archaludon
|move|p1b: Archaludon|Electro Shot||[still]
|-prepare|p1b: Archaludon|Electro Shot
|-boost|p1b: Archaludon|spa|1
|-anim|p1b: Archaludon|Electro Shot|p2b: Kingambit
|-damage|p2b: Kingambit|0 fnt
|faint|p2b: Kingambit
|
|-weather|RainDance|[upkeep]
|-heal|p1b: Archaludon|49/100|[from] item: Leftovers
|-damage|p2a: Sneasler|26/100 brn|[from] brn
|upkeep
|inactive|Biff6 has 30 seconds left.
|inactive|Biff6 has 20 seconds left.
|inactive|Biff6 has 15 seconds left.
|inactive|Biff6 has 10 seconds left.
|inactive|Biff6 has 5 seconds left.
|-message|Biff6 lost due to inactivity.
|
|win|IsRainingPerish
