|j|☆Metaformina500
|j|☆merr123
|html|Metaformina500merr123    
|uhtml|bestof|Game 2 of a best-of-3
|t:|1782546590
|gametype|doubles
|player|p1|Metaformina500|juan|1324
|player|p2|merr123|2|1313
|gen|9
|tier|[Gen 9 Champions] VGC 2026 Reg M-B (Bo3)
|rated|
|rule|Species Clause: Limit one of each Pokémon
|rule|Item Clause: Limit 1 of each item
|clearpoke
|poke|p1|Swampert, L50, M|
|poke|p1|Pelipper, L50, F|
|poke|p1|Archaludon, L50, F|
|poke|p1|Venusaur, L50, M|
|poke|p1|Gholdengo, L50|
|poke|p1|Grimmsnarl, L50, M|
|poke|p2|Sneasler, L50, M|
|poke|p2|Staraptor, L50, M|
|poke|p2|Sinistcha, L50|
|poke|p2|Kingambit, L50, F|
|poke|p2|Excadrill, L50, M|
|poke|p2|Manectric, L50, F|
|teampreview|4
|showteam|p1|Swampert||Swampertite|Torrent|WaveCrash,HighHorsepower,IcePunch,Protect|Adamant||M|||50|]Pelipper||FocusSash|Drizzle|WideGuard,Tailwind,WeatherBall,Hurricane|Modest||F|||50|]Archaludon||Leftovers|Stamina|Protect,FlashCannon,DragonPulse,ElectroShot|Modest||F|||50|]Venusaur||Venusaurite|Chlorophyll|Protect,GigaDrain,SludgeBomb,EarthPower|Modest||M|||50|]Gholdengo||LifeOrb|GoodasGold|Protect,NastyPlot,MakeItRain,ShadowBall|Modest|||||50|]Grimmsnarl||LightClay|Prankster|FoulPlay,LightScreen,FakeOut,PartingShot|Careful||M|||50|
|showteam|p2|Sneasler||FocusSash|PoisonTouch|FakeOut,CloseCombat,DireClaw,Coaching|Adamant||M|||50|]Staraptor||Staraptite|Intimidate|CloseCombat,BraveBird,Tailwind,Protect|Adamant||M|||50|]Sinistcha||SitrusBerry|Hospitality|MatchaGotcha,RagePowder,TrickRoom,Protect|Calm|||||50|]Kingambit||BlackGlasses|Defiant|SwordsDance,KowtowCleave,SuckerPunch,Protect|Adamant||F|||50|]Excadrill||ChoiceScarf|MoldBreaker|Earthquake,IronHead,HighHorsepower,RockSlide|Jolly||M|||50|]Manectric||Manectite|LightningRod|Thunderbolt,Snarl,VoltSwitch,Protect|Timid||F|||50|
|inactive|Battle timer is ON: inactive players will automatically lose when time's up. (requested by merr123)
|
|t:|1782546616
|teamsize|p1|4
|teamsize|p2|4
|start
|switch|p1a: Archaludon|Archaludon, L50, F|100/100
|switch|p1b: Grimmsnarl|Grimmsnarl, L50, M|100/100
|switch|p2a: Sneasler|Sneasler, L50, M|100/100
|switch|p2b: Staraptor|Staraptor, L50, M|100/100
|-ability|p2b: Staraptor|Intimidate|boost
|-unboost|p1a: Archaludon|atk|1
|-unboost|p1b: Grimmsnarl|atk|1
|turn|1
|inactive|Metaformina500 has 30 seconds left.
|inactive|merr123 has 30 seconds left.
|inactive|Metaformina500 has 20 seconds left.
|inactive|Metaformina500 has 15 seconds left.
|inactive|Metaformina500 has 10 seconds left.
|
|t:|1782546664
|move|p2b: Staraptor|Protect|p2b: Staraptor
|-singleturn|p2b: Staraptor|Protect
|move|p1b: Grimmsnarl|Fake Out|p2b: Staraptor
|-activate|p2b: Staraptor|move: Protect
|move|p2a: Sneasler|Coaching|p2b: Staraptor
|-boost|p2b: Staraptor|atk|1
|-boost|p2b: Staraptor|def|1
|move|p1a: Archaludon|Flash Cannon|p2a: Sneasler
|-damage|p2a: Sneasler|51/100
|-unboost|p2a: Sneasler|spd|1
|
|upkeep
|turn|2
|inactive|merr123 has 30 seconds left.
|inactive|merr123 has 20 seconds left.
|
|t:|1782546704
|switch|p2a: Manectric|Manectric, L50, F|100/100
|switch|p1a: Gholdengo|Gholdengo, L50|100/100
|detailschange|p2b: Staraptor|Staraptor-Mega, L50, M
|-mega|p2b: Staraptor|Staraptor|Staraptite
|move|p2b: Staraptor|Close Combat|p1a: Gholdengo
|-immune|p1a: Gholdengo
|move|p1b: Grimmsnarl|Foul Play|p2b: Staraptor
|-resisted|p2b: Staraptor|1
|-damage|p2b: Staraptor|71/100
|
|upkeep
|turn|3
|
|t:|1782546724
|move|p1b: Grimmsnarl|Parting Shot|p2a: Manectric
|-unboost|p2a: Manectric|atk|1
|-unboost|p2a: Manectric|spa|1
|
|t:|1782546728
|switch|p1b: Archaludon|Archaludon, L50, F|100/100|[from] Parting Shot
|move|p2a: Manectric|Snarl|p1a: Gholdengo|[spread] p1b
|-miss|p2a: Manectric|p1a: Gholdengo
|-damage|p1b: Archaludon|91/100
|-unboost|p1b: Archaludon|spa|1
|-ability|p1b: Archaludon|Stamina|boost
|-boost|p1b: Archaludon|def|1
|move|p2b: Staraptor|Close Combat|p1b: Archaludon
|-supereffective|p1b: Archaludon|1
|-damage|p1b: Archaludon|0 fnt
|-boost|p2b: Staraptor|def|1
|-boost|p2b: Staraptor|spd|1
|faint|p1b: Archaludon
|move|p1a: Gholdengo|Nasty Plot|p1a: Gholdengo
|-boost|p1a: Gholdengo|spa|2
|
|upkeep
|
|t:|1782546744
|switch|p1b: Grimmsnarl|Grimmsnarl, L50, M|100/100
|turn|4
|inactive|Metaformina500 has 30 seconds left.
|
|t:|1782546770
|move|p2a: Manectric|Protect|p2a: Manectric
|-singleturn|p2a: Manectric|Protect
|move|p2b: Staraptor|Protect|p2b: Staraptor
|-singleturn|p2b: Staraptor|Protect
|move|p1b: Grimmsnarl|Fake Out|p2b: Staraptor
|-activate|p2b: Staraptor|move: Protect
|move|p1a: Gholdengo|Nasty Plot|p1a: Gholdengo
|-boost|p1a: Gholdengo|spa|2
|
|upkeep
|turn|5
|
|t:|1782546786
|move|p1b: Grimmsnarl|Light Screen|p1b: Grimmsnarl
|-sidestart|p1: Metaformina500|move: Light Screen
|move|p2a: Manectric|Snarl|p1b: Grimmsnarl|[spread] p1a,p1b
|-supereffective|p1a: Gholdengo|1
|-resisted|p1b: Grimmsnarl|2
|-damage|p1a: Gholdengo|87/100
|-damage|p1b: Grimmsnarl|99/100
|-unboost|p1a: Gholdengo|spa|1
|-unboost|p1b: Grimmsnarl|spa|1
|move|p2b: Staraptor|Close Combat|p1b: Grimmsnarl
|-damage|p1b: Grimmsnarl|0 fnt
|-boost|p2b: Staraptor|def|1
|-boost|p2b: Staraptor|spd|1
|faint|p1b: Grimmsnarl
|move|p1a: Gholdengo|Make It Rain|p2a: Manectric|[spread] p2b
|-miss|p1a: Gholdengo|p2a: Manectric
|-damage|p2b: Staraptor|0 fnt
|-unboost|p1a: Gholdengo|spa|2
|faint|p2b: Staraptor
|-damage|p1a: Gholdengo|77/100|[from] item: Life Orb
|
|upkeep
|
|t:|1782546798
|switch|p2b: Kingambit|Kingambit, L50, F|100/100
|switch|p1b: Swampert|Swampert, L50, M|100/100
|turn|6
|
|t:|1782546818
|detailschange|p1b: Swampert|Swampert-Mega, L50, M
|-mega|p1b: Swampert|Swampert|Swampertite
|move|p2b: Kingambit|Protect|p2b: Kingambit
|-singleturn|p2b: Kingambit|Protect
|move|p2a: Manectric|Thunderbolt|p1a: Gholdengo
|-damage|p1a: Gholdengo|58/100
|move|p1a: Gholdengo|Shadow Ball|p2b: Kingambit
|-activate|p2b: Kingambit|move: Protect
|move|p1b: Swampert|High Horsepower|p2b: Kingambit
|-activate|p2b: Kingambit|move: Protect
|
|upkeep
|turn|7
|
|t:|1782546831
|move|p2b: Kingambit|Sucker Punch|p1b: Swampert
|-damage|p1b: Swampert|57/100
|move|p2a: Manectric|Snarl|p1a: Gholdengo|[spread] p1a,p1b
|-supereffective|p1a: Gholdengo|1
|-damage|p1a: Gholdengo|46/100
|-damage|p1b: Swampert|52/100
|-unboost|p1a: Gholdengo|spa|1
|-unboost|p1b: Swampert|spa|1
|move|p1a: Gholdengo|Make It Rain|p2a: Manectric|[spread] p2a,p2b
|-resisted|p2a: Manectric|1
|-resisted|p2b: Kingambit|1
|-damage|p2a: Manectric|38/100
|-damage|p2b: Kingambit|72/100
|-unboost|p1a: Gholdengo|spa|2
|-damage|p1a: Gholdengo|37/100|[from] item: Life Orb
|move|p1b: Swampert|High Horsepower|p2b: Kingambit
|-supereffective|p2b: Kingambit|1
|-damage|p2b: Kingambit|0 fnt
|faint|p2b: Kingambit
|
|upkeep
|
|t:|1782546832
|switch|p2b: Sneasler|Sneasler, L50, M|51/100
|turn|8
|
|t:|1782546853
|move|p1b: Swampert|Protect|p1b: Swampert
|-singleturn|p1b: Swampert|Protect
|move|p2b: Sneasler|Fake Out|p1b: Swampert
|-activate|p1b: Swampert|move: Protect
|move|p2a: Manectric|Thunderbolt|p1a: Gholdengo
|-damage|p1a: Gholdengo|16/100
|-status|p1a: Gholdengo|par
|move|p1a: Gholdengo|Nasty Plot|p1a: Gholdengo
|-boost|p1a: Gholdengo|spa|2
|
|upkeep
|turn|9
|
|t:|1782546868
|move|p1a: Gholdengo|Protect|p1a: Gholdengo
|-singleturn|p1a: Gholdengo|Protect
|move|p2a: Manectric|Thunderbolt|p1a: Gholdengo
|-activate|p1a: Gholdengo|move: Protect
|move|p2b: Sneasler|Close Combat|p1b: Swampert
|-damage|p1b: Swampert|0 fnt
|-unboost|p2b: Sneasler|def|1
|-unboost|p2b: Sneasler|spd|1
|faint|p1b: Swampert
|
|upkeep
|turn|10
|
|t:|1782546878
|move|p2b: Sneasler|Coaching|p2a: Manectric
|-boost|p2a: Manectric|atk|1
|-boost|p2a: Manectric|def|1
|move|p2a: Manectric|Thunderbolt|p1a: Gholdengo
|-damage|p1a: Gholdengo|0 fnt
|faint|p1a: Gholdengo
|
|win|merr123
|raw|Metaformina500's rating: 1324 → 1303(-21 for losing)
|raw|merr123's rating: 1313 → 1334(+21 for winning)
|l|☆merr123
|player|p2|
