|j|☆IcedOutObama
|j|☆CalvosForever
|html|IcedOutObamaCalvosForever    
|uhtml|bestof|Game 2 of a best-of-3
|t:|1757009051
|gametype|doubles
|player|p1|IcedOutObama|skier|1113
|player|p2|CalvosForever|ghetsis|1000
|gen|9
|tier|[Gen 9] VGC 2025 Reg H (Bo3)
|rated|
|rule|Species Clause: Limit one of each Pokémon
|rule|Item Clause: Limit 1 of each item
|clearpoke
|poke|p1|Murkrow, L50, M|
|poke|p1|Abomasnow, L50, F|
|poke|p1|Indeedee, L50, M|
|poke|p1|Sneasler, L50, M|
|poke|p1|Gholdengo, L50|
|poke|p1|Basculegion, L50, M|
|poke|p2|Dragonite, L50, M|
|poke|p2|Ursaluna-Bloodmoon, L50, M|
|poke|p2|Gholdengo, L50|
|poke|p2|Maushold-Four, L50|
|poke|p2|Annihilape, L50, M|
|poke|p2|Rillaboom, L50, F|
|teampreview|4
|showteam|p1|Murkrow||Eviolite|Prankster|FoulPlay,Tailwind,Haze,Protect|||M|||50|,,,,,Ghost]Abomasnow||AssaultVest|SnowWarning|Blizzard,LeafStorm,EarthPower,WeatherBall|||F|||50|,,,,,Fire]Indeedee||FocusSash|PsychicSurge|ExpandingForce,TeraBlast,Imprison,TrickRoom|||M|||50|,,,,,Fighting]Sneasler||PsychicSeed|Unburden|DireClaw,CloseCombat,ThroatChop,Protect|||M|||50|,,,,,Dark]Gholdengo||LifeOrb|GoodasGold|MakeItRain,ShadowBall,NastyPlot,Protect||||||50|,,,,,Steel]Basculegion||ChoiceScarf|Adaptability|WaveCrash,LastRespects,AquaJet,FlipTurn|||M|||50|,,,,,Grass
|showteam|p2|Dragonite||LoadedDice|Multiscale|ScaleShot,Tailwind,Haze,Protect|||M|||50|,,,,,Steel]Ursaluna-Bloodmoon||AssaultVest|MindsEye|BloodMoon,EarthPower,HyperVoice,VacuumWave|||M|||50|,,,,,Water]Gholdengo||LifeOrb|GoodasGold|MakeItRain,ShadowBall,NastyPlot,Protect||||||50|,,,,,Water]Maushold-Four||FocusSash|FriendGuard|SuperFang,FollowMe,BeatUp,Protect||||||50|,,,,,Ghost]Annihilape||SitrusBerry|Defiant|RageFist,DrainPunch,BulkUp,Protect|||M|||50|,,,,,Fire]Rillaboom||MiracleSeed|GrassySurge|WoodHammer,GrassyGlide,HighHorsepower,FakeOut|||F|||50|,,,,,Fire
|inactive|Battle timer is ON: inactive players will automatically lose when time's up. (requested by IcedOutObama)
|inactive|CalvosForever has 60 seconds left.
|inactive|CalvosForever has 30 seconds left.
|
|t:|1757009113
|teamsize|p1|4
|teamsize|p2|4
|start
|switch|p1a: Brynden Rivers|Murkrow, L50, M|100/100
|switch|p1b: Jet Fuel|Gholdengo, L50|100/100
|switch|p2a: Ursaluna|Ursaluna-Bloodmoon, L50, M|100/100
|switch|p2b: Dragonite|Dragonite, L50, M|100/100
|turn|1
|inactive|CalvosForever has 30 seconds left.
|inactive|CalvosForever has 20 seconds left.
|inactive|CalvosForever has 15 seconds left.
|
|t:|1757009154
|-terastallize|p2a: Ursaluna|Water
|move|p1a: Brynden Rivers|Tailwind|p1a: Brynden Rivers
|-sidestart|p1: IcedOutObama|move: Tailwind
|move|p1b: Jet Fuel|Make It Rain|p2a: Ursaluna|[spread] p2a,p2b
|-resisted|p2a: Ursaluna
|-damage|p2a: Ursaluna|80/100
|-damage|p2b: Dragonite|70/100
|-unboost|p1b: Jet Fuel|spa|1
|-damage|p1b: Jet Fuel|91/100|[from] item: Life Orb
|move|p2b: Dragonite|Haze|p2b: Dragonite
|-clearallboost
|move|p2a: Ursaluna|Earth Power|p1b: Jet Fuel
|-supereffective|p1b: Jet Fuel
|-damage|p1b: Jet Fuel|0 fnt
|faint|p1b: Jet Fuel
|
|upkeep
|
|t:|1757009170
|switch|p1b: Houndfish|Basculegion, L50, M, shiny|100/100
|turn|2
|
|t:|1757009193
|switch|p2a: Rillaboom|Rillaboom, L50, F|100/100
|-fieldstart|move: Grassy Terrain|[from] ability: Grassy Surge|[of] p2a: Rillaboom
|move|p1b: Houndfish|Last Respects|p2a: Rillaboom
|-damage|p2a: Rillaboom|33/100
|move|p1a: Brynden Rivers|Foul Play|p2b: Dragonite
|-damage|p2b: Dragonite|5/100
|move|p2b: Dragonite|Tailwind|p2b: Dragonite
|-sidestart|p2: CalvosForever|move: Tailwind
|
|-heal|p2a: Rillaboom|39/100|[from] Grassy Terrain
|upkeep
|turn|3
|inactive|CalvosForever has 30 seconds left.
|inactive|CalvosForever has 20 seconds left.
|inactive|CalvosForever has 15 seconds left.
|inactive|CalvosForever has 10 seconds left.
|inactive|CalvosForever has 5 seconds left.
|
|t:|1757009248
|-terastallize|p1b: Houndfish|Grass
|move|p1b: Houndfish|Last Respects|p2b: Dragonite
|-damage|p2b: Dragonite|0 fnt
|faint|p2b: Dragonite
|move|p2a: Rillaboom|Wood Hammer|p1a: Brynden Rivers
|-resisted|p1a: Brynden Rivers
|-damage|p1a: Brynden Rivers|58/100
|-damage|p2a: Rillaboom|27/100|[from] Recoil
|move|p1a: Brynden Rivers|Foul Play|p2a: Rillaboom
|-damage|p2a: Rillaboom|0 fnt
|faint|p2a: Rillaboom
|
|upkeep
|
|t:|1757009263
|switch|p2b: Annihilape|Annihilape, L50, M|100/100
|switch|p2a: Ursaluna|Ursaluna-Bloodmoon, L50, M, tera:Water|80/100
|turn|4
|inactive|CalvosForever has 30 seconds left.
|
|t:|1757009296
|move|p1b: Houndfish|Last Respects|p2a: Ursaluna
|-damage|p2a: Ursaluna|41/100
|move|p2b: Annihilape|Bulk Up|p2b: Annihilape
|-boost|p2b: Annihilape|atk|1
|-boost|p2b: Annihilape|def|1
|move|p1a: Brynden Rivers|Foul Play|p2a: Ursaluna
|-damage|p2a: Ursaluna|26/100
|move|p2a: Ursaluna|Hyper Voice|p1a: Brynden Rivers|[spread] p1a,p1b
|-damage|p1a: Brynden Rivers|17/100
|-damage|p1b: Houndfish|57/100
|
|-heal|p1b: Houndfish|63/100|[from] Grassy Terrain
|-heal|p2a: Ursaluna|32/100|[from] Grassy Terrain
|-sideend|p1: IcedOutObama|move: Tailwind
|upkeep
|turn|5
|inactive|CalvosForever has 30 seconds left.
|
|t:|1757009323
|move|p1a: Brynden Rivers|Tailwind|p1a: Brynden Rivers
|-sidestart|p1: IcedOutObama|move: Tailwind
|move|p1b: Houndfish|Last Respects|p2a: Ursaluna
|-damage|p2a: Ursaluna|0 fnt
|faint|p2a: Ursaluna
|move|p2b: Annihilape|Drain Punch|p1a: Brynden Rivers
|-damage|p1a: Brynden Rivers|0 fnt
|faint|p1a: Brynden Rivers
|
|-heal|p1b: Houndfish|70/100|[from] Grassy Terrain
|-sideend|p2: CalvosForever|move: Tailwind
|upkeep
|
|t:|1757009326
|switch|p1a: Longclaw|Sneasler, L50, M, shiny|100/100
|turn|6
|
|t:|1757009341
|move|p1b: Houndfish|Last Respects|p2b: Annihilape
|-supereffective|p2b: Annihilape
|-damage|p2b: Annihilape|5/100
|-enditem|p2b: Annihilape|Sitrus Berry|[eat]
|-heal|p2b: Annihilape|30/100|[from] item: Sitrus Berry
|move|p1a: Longclaw|Dire Claw|p2b: Annihilape
|-resisted|p2b: Annihilape
|-damage|p2b: Annihilape|14/100
|-status|p2b: Annihilape|psn
|move|p2b: Annihilape|Drain Punch|p1b: Houndfish
|-damage|p1b: Houndfish|11/100
|-heal|p2b: Annihilape|42/100 psn|[from] drain|[of] p1b: Houndfish
|
|-heal|p1b: Houndfish|17/100|[from] Grassy Terrain
|-heal|p2b: Annihilape|49/100 psn|[from] Grassy Terrain
|-damage|p2b: Annihilape|36/100 psn|[from] psn
|-fieldend|move: Grassy Terrain
|upkeep
|turn|7
|-message|CalvosForever forfeited.
|
|win|IcedOutObama
|raw|IcedOutObama's rating: 1113 → 1130(+17 for winning)
|raw|CalvosForever's rating: 1000 → 1000(+0 for losing)
|l|☆CalvosForever
|player|p2|
