|j|☆Potyxxx30
|j|☆iori696
|html|Potyxxx30iori696    
|uhtml|bestof|Game 1 of a best-of-3
|t:|1783549287
|gametype|doubles
|player|p1|Potyxxx30|170|
|player|p2|iori696|169|
|gen|9
|tier|[Gen 9 Champions] VGC 2026 Reg M-B (Bo3)
|rule|Species Clause: Limit one of each Pokémon
|rule|Item Clause: Limit 1 of each item
|clearpoke
|poke|p1|Whimsicott, L50, F|
|poke|p1|Staraptor, L50, M|
|poke|p1|Garchomp, L50, M|
|poke|p1|Gholdengo, L50|
|poke|p1|Basculegion, L50, M|
|poke|p1|Typhlosion-Hisui, L50, M|
|poke|p2|Swampert, L50, F|
|poke|p2|Pelipper, L50, F|
|poke|p2|Archaludon, L50, M|
|poke|p2|Grimmsnarl, L50, M|
|poke|p2|Gardevoir, L50, F|
|poke|p2|Sinistcha, L50|
|teampreview|4
|showteam|p1|Whimsicott||FocusSash|Prankster|Tickle,Tailwind,Moonblast,FakeTears|Timid||F|||50|]Staraptor||Staraptite|Intimidate|BraveBird,CloseCombat,Roost,Protect|Jolly||M|||50|]Garchomp||RoseliBerry|RoughSkin|DragonClaw,StompingTantrum,RockTomb,PoisonJab|Jolly||M|||50|]Gholdengo||LifeOrb|GoodasGold|MakeItRain,ShadowBall,PowerGem,Protect|Modest|||||50|]Basculegion||MysticWater|Adaptability|WaveCrash,LastRespects,AquaJet,Protect|Adamant||M|||50|]Typhlosion-Hisui||ChoiceScarf|Frisk|Eruption,HeatWave,BurnUp,ShadowBall|Modest||M|||50|
|showteam|p2|Swampert||Swampertite|Torrent|WaveCrash,Earthquake,IcePunch,Protect|Adamant||F|||50|]Pelipper||FocusSash|Drizzle|WeatherBall,Hurricane,Tailwind,Protect|Modest||F|||50|]Archaludon||Leftovers|Stamina|ElectroShot,FlashCannon,DragonPulse,Protect|Modest||M|||50|]Grimmsnarl||LightClay|Prankster|SpiritBreak,LightScreen,Reflect,PartingShot|Careful||M|||50|]Gardevoir||Gardevoirite|Synchronize|HyperVoice,Psyshock,RainDance,Protect|Modest||F|||50|]Sinistcha||CobaBerry|Hospitality|MatchaGotcha,LifeDew,TrickRoom,RagePowder|Bold|||||50|
|inactive|Battle timer is ON: inactive players will automatically lose when time's up. (requested by Potyxxx30)
|
|t:|1783549334
|teamsize|p1|4
|teamsize|p2|4
|start
|switch|p1a: Whimsicott|Whimsicott, L50, F|100/100
|switch|p1b: Staraptor|Staraptor, L50, M|100/100
|switch|p2a: Grimmsnarl|Grimmsnarl, L50, M|100/100
|switch|p2b: Pelipper|Pelipper, L50, F|100/100
|-ability|p1b: Staraptor|Intimidate|boost
|-unboost|p2a: Grimmsnarl|atk|1
|-unboost|p2b: Pelipper|atk|1
|-weather|RainDance|[from] ability: Drizzle|[of] p2b: Pelipper
|turn|1
|inactive|Potyxxx30 has 30 seconds left.
|
|t:|1783549368
|detailschange|p1b: Staraptor|Staraptor-Mega, L50, M
|-mega|p1b: Staraptor|Staraptor|Staraptite
|move|p1a: Whimsicott|Tickle|p1b: Staraptor
|-boost|p1b: Staraptor|atk|1
|-boost|p1b: Staraptor|def|1
|move|p2a: Grimmsnarl|Reflect|p2a: Grimmsnarl
|-sidestart|p2: iori696|Reflect
|move|p1b: Staraptor|Close Combat|p2a: Grimmsnarl
|-damage|p2a: Grimmsnarl|33/100
|-boost|p1b: Staraptor|def|1
|-boost|p1b: Staraptor|spd|1
|move|p2b: Pelipper|Hurricane|p1b: Staraptor
|-supereffective|p1b: Staraptor|1
|-damage|p1b: Staraptor|18/100
|
|-weather|RainDance|[upkeep]
|upkeep
|turn|2
|inactive|iori696 has 30 seconds left.
|
|t:|1783549401
|move|p1a: Whimsicott|Fake Tears|p1b: Staraptor
|-boost|p1b: Staraptor|spd|2
|move|p2a: Grimmsnarl|Parting Shot|p1a: Whimsicott
|-unboost|p1a: Whimsicott|atk|1
|-unboost|p1a: Whimsicott|spa|1
|
|t:|1783549405
|switch|p2a: Gardevoir|Gardevoir, L50, F|100/100|[from] Parting Shot
|move|p1b: Staraptor|Roost|p1b: Staraptor
|-heal|p1b: Staraptor|68/100
|-singleturn|p1b: Staraptor|move: Roost
|move|p2b: Pelipper|Tailwind|p2b: Pelipper
|-sidestart|p2: iori696|move: Tailwind
|
|-weather|RainDance|[upkeep]
|upkeep
|turn|3
|inactive|iori696 has 30 seconds left.
|
|t:|1783549431
|detailschange|p2a: Gardevoir|Gardevoir-Mega, L50, F
|-mega|p2a: Gardevoir|Gardevoir|Gardevoirite
|move|p1a: Whimsicott|Tailwind|p1a: Whimsicott
|-sidestart|p1: Potyxxx30|move: Tailwind
|move|p1b: Staraptor|Close Combat|p2a: Gardevoir
|-resisted|p2a: Gardevoir|2
|-damage|p2a: Gardevoir|77/100
|-boost|p1b: Staraptor|def|1
|-boost|p1b: Staraptor|spd|1
|move|p2a: Gardevoir|Hyper Voice|p1a: Whimsicott|[spread] p1a,p1b
|-supereffective|p1b: Staraptor|1
|-damage|p1a: Whimsicott|14/100
|-damage|p1b: Staraptor|24/100
|move|p2b: Pelipper|Hurricane|p1b: Staraptor
|-supereffective|p1b: Staraptor|1
|-damage|p1b: Staraptor|0 fnt
|faint|p1b: Staraptor
|
|-weather|RainDance|[upkeep]
|upkeep
|
|t:|1783549447
|switch|p1b: Gholdengo|Gholdengo, L50|100/100
|turn|4
|
|t:|1783549453
|switch|p2a: Archaludon|Archaludon, L50, M|100/100
|move|p1a: Whimsicott|Fake Tears|p2a: Archaludon
|-unboost|p2a: Archaludon|spd|2
|move|p1b: Gholdengo|Make It Rain|p2a: Archaludon|[spread] p2a,p2b
|-resisted|p2a: Archaludon|1
|-resisted|p2b: Pelipper|1
|-damage|p2a: Archaludon|31/100
|-damage|p2b: Pelipper|43/100
|-unboost|p1b: Gholdengo|spa|2
|-ability|p2a: Archaludon|Stamina|boost
|-boost|p2a: Archaludon|def|1
|-damage|p1b: Gholdengo|90/100|[from] item: Life Orb
|move|p2b: Pelipper|Weather Ball|p1b: Gholdengo
|-damage|p1b: Gholdengo|12/100
|
|-weather|RainDance|[upkeep]
|-heal|p2a: Archaludon|37/100|[from] item: Leftovers
|upkeep
|turn|5
|inactive|iori696 has 30 seconds left.
|inactive|iori696 has 20 seconds left.
|
|t:|1783549489
|switch|p1b: Basculegion|Basculegion, L50, M|100/100
|move|p1a: Whimsicott|Moonblast|p2a: Archaludon
|-damage|p2a: Archaludon|0 fnt
|faint|p2a: Archaludon
|move|p2b: Pelipper|Weather Ball|p1b: Basculegion
|-resisted|p1b: Basculegion|1
|-damage|p1b: Basculegion|63/100
|
|-weather|none
|-sideend|p2: iori696|move: Tailwind
|upkeep
|inactive|iori696 has 30 seconds left.
|
|t:|1783549515
|switch|p2a: Grimmsnarl|Grimmsnarl, L50, M|33/100
|turn|6
|
|t:|1783549527
|move|p1a: Whimsicott|Moonblast|p2a: Grimmsnarl
|-supereffective|p2a: Grimmsnarl|1
|-damage|p2a: Grimmsnarl|0 fnt
|faint|p2a: Grimmsnarl
|move|p1b: Basculegion|Last Respects|p2b: Pelipper
|-damage|p2b: Pelipper|0 fnt
|faint|p2b: Pelipper
|
|-sideend|p1: Potyxxx30|move: Tailwind
|upkeep
|
|t:|1783549531
|switch|p2b: Gardevoir|Gardevoir-Mega, L50, F|77/100
|turn|7
|
|t:|1783549541
|move|p1a: Whimsicott|Tailwind|p1a: Whimsicott
|-sidestart|p1: Potyxxx30|move: Tailwind
|move|p1b: Basculegion|Last Respects|p2b: Gardevoir
|-supereffective|p2b: Gardevoir|1
|-damage|p2b: Gardevoir|0 fnt
|faint|p2b: Gardevoir
|
|win|Potyxxx30
||iori696 is ready for game 2.
|inactive|Potyxxx30 has 30 seconds to confirm battle start!
||Potyxxx30 is ready for game 2.
|uhtml|next|Next: Game 2 of 3
