|j|☆YinYangM00n
|j|☆ToastedArt
|html|YinYangM00nToastedArt    
|uhtml|bestof|Game 1 of a best-of-3
|t:|1785290393
|gametype|doubles
|player|p1|YinYangM00n|psychic-gen4|1066
|player|p2|ToastedArt|iris|1046
|gen|9
|tier|[Gen 9 Champions] VGC 2026 Reg M-B (Bo3)
|rated|
|rule|Species Clause: Limit one of each Pokémon
|rule|Item Clause: Limit 1 of each item
|clearpoke
|poke|p1|Scizor, L50, F|
|poke|p1|Swampert, L50, M|
|poke|p1|Politoed, L50, F|
|poke|p1|Annihilape, L50, F|
|poke|p1|Sylveon, L50, F|
|poke|p1|Whimsicott, L50, M|
|poke|p2|Falinks, L50, shiny|
|poke|p2|Gholdengo, L50|
|poke|p2|Sinistcha, L50|
|poke|p2|Arcanine-Hisui, L50, F|
|poke|p2|Incineroar, L50, M|
|poke|p2|Ninetales-Alola, L50, F|
|teampreview|4
|showteam|p1|Scizor||Scizorite|Technician|BulletPunch,BugBite,SwordsDance,Protect|Adamant||F|||50|]Swampert||Swampertite|Torrent|WaveCrash,HighHorsepower,BrickBreak,Protect|Adamant||M|||50|]Politoed||SitrusBerry|Drizzle|WeatherBall,Encore,HelpingHand,Protect|Calm||F|||50|]Annihilape||Leftovers|Defiant|DrainPunch,RageFist,BulkUp,Protect|Adamant||F|||50|]Sylveon||FairyFeather|Pixilate|HyperBeam,HyperVoice,QuickAttack,Protect|Modest||F|||50|]Whimsicott||FocusSash|Prankster|Moonblast,BeatUp,Encore,Tailwind|Timid||M|||50|
|showteam|p2|Falinks||Falinksite|Defiant|NoRetreat,CloseCombat,RockSlide,Protect|Adamant|||||50|]Gholdengo||LifeOrb|GoodasGold|MakeItRain,ShadowBall,NastyPlot,Protect|Modest|||||50|]Sinistcha||ColburBerry|Hospitality|MatchaGotcha,RagePowder,TrickRoom,Protect|Relaxed|||||50|]Arcanine-Hisui||FocusSash|RockHead|FlareBlitz,HeadSmash,ExtremeSpeed,Protect|Jolly||F|||50|]Incineroar||SitrusBerry|Intimidate|PartingShot,FlareBlitz,ThroatChop,FakeOut|Careful||M|||50|]Ninetales-Alola||NeverMeltIce|SnowWarning|Blizzard,FreezeDry,Encore,Protect|Timid||F|||50|
|inactive|Battle timer is ON: inactive players will automatically lose when time's up. (requested by ToastedArt)
|inactive|YinYangM00n also wants the timer to be on.
|inactive|ToastedArt has 60 seconds left.
|j| soulmoonvgc
|inactive|ToastedArt has 30 seconds left.
|
|t:|1785290455
|teamsize|p1|4
|teamsize|p2|4
|start
|switch|p1a: Annihilape|Annihilape, L50, F|100/100
|switch|p1b: Whimsicott|Whimsicott, L50, M|100/100
|switch|p2a: Gholdengo|Gholdengo, L50|100/100
|switch|p2b: Sinistcha|Sinistcha, L50|100/100
|turn|1
|
|t:|1785290474
|move|p1a: Annihilape|Protect|p1a: Annihilape
|-singleturn|p1a: Annihilape|Protect
|move|p2b: Sinistcha|Rage Powder|p2b: Sinistcha
|-singleturn|p2b: Sinistcha|move: Rage Powder
|move|p1b: Whimsicott|Tailwind|p1b: Whimsicott
|-sidestart|p1: YinYangM00n|move: Tailwind
|move|p2a: Gholdengo|Shadow Ball|p1a: Annihilape
|-activate|p1a: Annihilape|move: Protect
|
|upkeep
|turn|2
|inactive|YinYangM00n has 30 seconds left.
|
|t:|1785290503
|switch|p1a: Politoed|Politoed, L50, F|100/100
|-weather|RainDance|[from] ability: Drizzle|[of] p1a: Politoed
|move|p2b: Sinistcha|Rage Powder|p2b: Sinistcha
|-singleturn|p2b: Sinistcha|move: Rage Powder
|move|p1b: Whimsicott|Moonblast|p2b: Sinistcha
|-damage|p2b: Sinistcha|74/100
|move|p2a: Gholdengo|Shadow Ball|p1a: Politoed
|-damage|p1a: Politoed|61/100
|-damage|p2a: Gholdengo|90/100|[from] item: Life Orb
|
|-weather|RainDance|[upkeep]
|upkeep
|turn|3
|
|t:|1785290520
|switch|p2b: Ninetales|Ninetales-Alola, L50, F|100/100
|-weather|Snowscape|[from] ability: Snow Warning|[of] p2b: Ninetales
|move|p1b: Whimsicott|Encore||[still]
|-fail|p1b: Whimsicott
|move|p1a: Politoed|Weather Ball|p2a: Gholdengo
|-resisted|p2a: Gholdengo|1
|-damage|p2a: Gholdengo|79/100
|move|p2a: Gholdengo|Nasty Plot|p2a: Gholdengo
|-boost|p2a: Gholdengo|spa|2
|
|-weather|Snowscape|[upkeep]
|upkeep
|turn|4
|
|t:|1785290542
|switch|p1a: Swampert|Swampert, L50, M|100/100
|move|p1b: Whimsicott|Moonblast|p2b: Ninetales
|-damage|p2b: Ninetales|67/100
|move|p2b: Ninetales|Blizzard|p1a: Swampert|[spread] p1a,p1b
|-supereffective|p1b: Whimsicott|1
|-damage|p1a: Swampert|65/100
|-damage|p1b: Whimsicott|8/100
|move|p2a: Gholdengo|Shadow Ball|p1b: Whimsicott
|-crit|p1b: Whimsicott
|-damage|p1b: Whimsicott|0 fnt
|faint|p1b: Whimsicott
|-damage|p2a: Gholdengo|70/100|[from] item: Life Orb
|
|-weather|Snowscape|[upkeep]
|-sideend|p1: YinYangM00n|move: Tailwind
|upkeep
|
|t:|1785290547
|switch|p1b: Annihilape|Annihilape, L50, F|100/100
|turn|5
|l| soulmoonvgc
|
|t:|1785290559
|switch|p2b: Sinistcha|Sinistcha, L50|74/100
|-heal|p2a: Gholdengo|94/100|[from] ability: Hospitality|[of] p2b: Sinistcha
|switch|p1b: Politoed|Politoed, L50, F|61/100
|-weather|RainDance|[from] ability: Drizzle|[of] p1b: Politoed
|detailschange|p1a: Swampert|Swampert-Mega, L50, M
|-mega|p1a: Swampert|Swampert|Swampertite
|move|p2a: Gholdengo|Protect|p2a: Gholdengo
|-singleturn|p2a: Gholdengo|Protect
|move|p1a: Swampert|High Horsepower|p2a: Gholdengo
|-activate|p2a: Gholdengo|move: Protect
|
|-weather|RainDance|[upkeep]
|upkeep
|turn|6
|
|t:|1785290578
|switch|p1a: Annihilape|Annihilape, L50, F|100/100
|move|p2b: Sinistcha|Rage Powder|p2b: Sinistcha
|-singleturn|p2b: Sinistcha|move: Rage Powder
|move|p2a: Gholdengo|Shadow Ball|p1b: Politoed
|-damage|p1b: Politoed|0 fnt
|faint|p1b: Politoed
|-damage|p2a: Gholdengo|85/100|[from] item: Life Orb
|
|-weather|RainDance|[upkeep]
|upkeep
|-message|YinYangM00n forfeited.
|raw|YinYangM00n's rating: 1066 → 1045(-21 for losing)
|raw|ToastedArt's rating: 1046 → 1081(+35 for winning)
|
|win|ToastedArt
