|j|☆HarlHarl
|j|☆Jimma44
|html|HarlHarlJimma44    
|uhtml|bestof|Game 1 of a best-of-3
|t:|1783632137
|gametype|doubles
|player|p1|HarlHarl|1|1044
|player|p2|Jimma44|169|1000
|gen|9
|tier|[Gen 9 Champions] VGC 2026 Reg M-B (Bo3)
|rated|
|rule|Species Clause: Limit one of each Pokémon
|rule|Item Clause: Limit 1 of each item
|clearpoke
|poke|p1|Mawile, L50, M|
|poke|p1|Farigiraf, L50, F|
|poke|p1|Aerodactyl, L50, M|
|poke|p1|Incineroar, L50, M|
|poke|p1|Rotom-Wash, L50|
|poke|p1|Crabominable, L50, F, shiny|
|poke|p2|Froslass, L50, F, shiny|
|poke|p2|Heliolisk, L50, M, shiny|
|poke|p2|Grimmsnarl, L50, M, shiny|
|poke|p2|Sinistcha, L50, shiny|
|poke|p2|Overqwil, L50, F, shiny|
|poke|p2|Archaludon, L50, F, shiny|
|teampreview|4
|showteam|p1|Mawile||Mawilite|HyperCutter|Protect,SuckerPunch,IronHead,PlayRough|Adamant||M|||50|]Farigiraf||ColburBerry|ArmorTail|TrickRoom,Protect,TwinBeam,HelpingHand|Bold||F|||50|]Aerodactyl||FocusSash|RockHead|Protect,RockSlide,DualWingbeat,Tailwind|Jolly||M|||50|]Incineroar||SitrusBerry|Intimidate|FakeOut,DarkestLariat,FlareBlitz,PartingShot|Careful||M|||50|]Rotom-Wash||Leftovers|Levitate|Protect,WillOWisp,VoltSwitch,HydroPump|Bold|||||50|]Crabominable||Crabominite|HyperCutter|Protect,DrainPunch,IceHammer,MachPunch|Serious||F|||50|
|showteam|p2|Froslass||Froslassite|CursedBody|Protect,ShadowBall,Blizzard,AuroraVeil|Timid||F|||50|]Heliolisk||SitrusBerry|DrySkin|ShedTail,GrassKnot,VoltSwitch,FocusBlast|Serious||M|||50|]Grimmsnarl||LightClay|Prankster|LightScreen,Reflect,ThroatChop,FakeOut|Careful||M|||50|]Sinistcha||KasibBerry|Hospitality|MatchaGotcha,RagePowder,Protect,LifeDew|Bold|||||50|]Overqwil||LifeOrb|Intimidate|BarbBarrage,AquaJet,Blizzard,Protect|Serious||F|||50|]Archaludon||Leftovers|Stamina|Protect,ElectroShot,RockSlide,FlashCannon|Calm||F|||50|
|
|t:|1783632159
|teamsize|p1|4
|teamsize|p2|4
|start
|switch|p1a: Incineroar|Incineroar, L50, M|100/100
|switch|p1b: Farigiraf|Farigiraf, L50, F|100/100
|switch|p2a: Grimmsnarl|Grimmsnarl, L50, M, shiny|100/100
|switch|p2b: Heliolisk|Heliolisk, L50, M, shiny|100/100
|-ability|p1a: Incineroar|Intimidate|boost
|-unboost|p2a: Grimmsnarl|atk|1
|-unboost|p2b: Heliolisk|atk|1
|turn|1
|
|t:|1783632181
|move|p1a: Incineroar|Fake Out|p2a: Grimmsnarl
|-damage|p2a: Grimmsnarl|88/100
|cant|p2a: Grimmsnarl|flinch
|move|p2b: Heliolisk|Shed Tail|p2b: Heliolisk
|-start|p2b: Heliolisk|Substitute|[from] move: Shed Tail
|-damage|p2b: Heliolisk|49/100
|-enditem|p2b: Heliolisk|Sitrus Berry|[eat]
|-heal|p2b: Heliolisk|74/100|[from] item: Sitrus Berry
|
|t:|1783632191
|switch|p2b: Froslass|Froslass, L50, F, shiny|100/100|[from] Shed Tail
|move|p1b: Farigiraf|Trick Room|p1b: Farigiraf
|-fieldstart|move: Trick Room|[of] p1b: Farigiraf
|
|upkeep
|turn|2
|
|t:|1783632214
|move|p2b: Froslass|Protect|p2b: Froslass
|-singleturn|p2b: Froslass|Protect
|move|p2a: Grimmsnarl|Light Screen|p2a: Grimmsnarl
|-sidestart|p2: Jimma44|move: Light Screen
|move|p1b: Farigiraf|Twin Beam|p2b: Froslass
|-activate|p2b: Froslass|move: Protect
|move|p1a: Incineroar|Darkest Lariat|p2b: Froslass
|-activate|p2b: Froslass|move: Protect
|
|upkeep
|turn|3
|
|t:|1783632235
|detailschange|p2b: Froslass|Froslass-Mega, L50, F, shiny
|-mega|p2b: Froslass|Froslass|Froslassite
|-weather|Snowscape|[from] ability: Snow Warning|[of] p2b: Froslass
|move|p2a: Grimmsnarl|Reflect|p2a: Grimmsnarl
|-sidestart|p2: Jimma44|Reflect
|move|p1a: Incineroar|Flare Blitz|p2b: Froslass
|-supereffective|p2b: Froslass|1
|-end|p2b: Froslass|Substitute
|-damage|p1a: Incineroar|94/100|[from] Recoil|[of] p2b: Froslass
|move|p1b: Farigiraf|Twin Beam|p2b: Froslass
|-damage|p2b: Froslass|87/100
|-damage|p2b: Froslass|74/100
|-hitcount|p2b: Froslass|2
|move|p2b: Froslass|Blizzard|p1a: Incineroar|[spread] p1a,p1b
|-resisted|p1a: Incineroar|1
|-damage|p1a: Incineroar|75/100
|-damage|p1b: Farigiraf|60/100
|-status|p1a: Incineroar|frz
|
|-weather|Snowscape|[upkeep]
|upkeep
|turn|4
|
|t:|1783632258
|move|p1b: Farigiraf|Helping Hand|p1a: Incineroar
|-singleturn|p1a: Incineroar|Helping Hand|[of] p1b: Farigiraf
|move|p2b: Froslass|Protect|p2b: Froslass
|-singleturn|p2b: Froslass|Protect
|move|p2a: Grimmsnarl|Throat Chop|p1b: Farigiraf
|-supereffective|p1b: Farigiraf|1
|-enditem|p1b: Farigiraf|Colbur Berry|[eat]
|-enditem|p1b: Farigiraf|Colbur Berry|[weaken]
|-damage|p1b: Farigiraf|41/100
|-start|p1b: Farigiraf|Throat Chop|[silent]
|-curestatus|p1a: Incineroar|frz|[from] move: Flare Blitz
|move|p1a: Incineroar|Flare Blitz|p2b: Froslass
|-activate|p2b: Froslass|move: Protect
|
|-weather|Snowscape|[upkeep]
|upkeep
|turn|5
|
|t:|1783632284
|move|p1b: Farigiraf|Helping Hand|p1a: Incineroar
|-singleturn|p1a: Incineroar|Helping Hand|[of] p1b: Farigiraf
|move|p2a: Grimmsnarl|Throat Chop|p1b: Farigiraf
|-supereffective|p1b: Farigiraf|1
|-damage|p1b: Farigiraf|7/100
|move|p1a: Incineroar|Flare Blitz|p2b: Froslass
|-supereffective|p2b: Froslass|1
|-damage|p2b: Froslass|0 fnt
|faint|p2b: Froslass
|-damage|p1a: Incineroar|57/100|[from] Recoil
|
|-weather|Snowscape|[upkeep]
|-end|p1b: Farigiraf|Throat Chop|[silent]
|-fieldend|move: Trick Room
|upkeep
|
|t:|1783632300
|switch|p2b: Heliolisk|Heliolisk, L50, M, shiny|74/100
|turn|6
|
|t:|1783632326
|move|p2b: Heliolisk|Focus Blast|p1a: Incineroar
|-supereffective|p1a: Incineroar|1
|-damage|p1a: Incineroar|0 fnt
|faint|p1a: Incineroar
|move|p2a: Grimmsnarl|Throat Chop|p1b: Farigiraf
|-supereffective|p1b: Farigiraf|1
|-damage|p1b: Farigiraf|0 fnt
|faint|p1b: Farigiraf
|
|-weather|Snowscape|[upkeep]
|upkeep
|
|t:|1783632331
|switch|p1a: Crabominable|Crabominable, L50, F, shiny|100/100
|switch|p1b: Rotom|Rotom-Wash, L50|100/100
|turn|7
|
|t:|1783632350
|detailschange|p1a: Crabominable|Crabominable-Mega, L50, F, shiny
|-mega|p1a: Crabominable|Crabominable|Crabominite
|move|p1a: Crabominable|Mach Punch|p2b: Heliolisk
|-supereffective|p2b: Heliolisk|1
|-damage|p2b: Heliolisk|4/100
|move|p2b: Heliolisk|Grass Knot|p1a: Crabominable
|-damage|p1a: Crabominable|71/100
|move|p1b: Rotom|Will-O-Wisp|p2a: Grimmsnarl
|-status|p2a: Grimmsnarl|brn
|move|p2a: Grimmsnarl|Throat Chop|p1a: Crabominable
|-resisted|p1a: Crabominable|1
|-damage|p1a: Crabominable|69/100
|-start|p1a: Crabominable|Throat Chop|[silent]
|
|-weather|none
|-damage|p2a: Grimmsnarl|82/100 brn|[from] brn
|upkeep
|turn|8
|
|t:|1783632373
|move|p2b: Heliolisk|Focus Blast|p1a: Crabominable|[miss]
|-miss|p2b: Heliolisk|p1a: Crabominable
|move|p1b: Rotom|Volt Switch|p2b: Heliolisk
|-resisted|p2b: Heliolisk|1
|-damage|p2b: Heliolisk|0 fnt
|faint|p2b: Heliolisk
|move|p2a: Grimmsnarl|Throat Chop|p1b: Rotom
|-damage|p1b: Rotom|91/100
|-start|p1b: Rotom|Throat Chop|[silent]
|move|p1a: Crabominable|Drain Punch|p2a: Grimmsnarl
|-damage|p2a: Grimmsnarl|43/100 brn
|-heal|p1a: Crabominable|89/100|[from] drain|[of] p2a: Grimmsnarl
|
|-heal|p1b: Rotom|96/100|[from] item: Leftovers
|-damage|p2a: Grimmsnarl|37/100 brn|[from] brn
|-end|p1a: Crabominable|Throat Chop|[silent]
|upkeep
|
|t:|1783632391
|switch|p2b: Archaludon|Archaludon, L50, F, shiny|100/100
|turn|9
|
|t:|1783632409
|move|p2a: Grimmsnarl|Light Screen||[still]
|-fail|p2a: Grimmsnarl
|move|p1b: Rotom|Will-O-Wisp|p2b: Archaludon
|-status|p2b: Archaludon|brn
|move|p2b: Archaludon|Flash Cannon|p1a: Crabominable
|-supereffective|p1a: Crabominable|1
|-damage|p1a: Crabominable|35/100
|move|p1a: Crabominable|Drain Punch|p2a: Grimmsnarl
|-damage|p2a: Grimmsnarl|0 fnt
|-heal|p1a: Crabominable|53/100|[from] drain|[of] p2a: Grimmsnarl
|faint|p2a: Grimmsnarl
|
|-heal|p1b: Rotom|100/100|[from] item: Leftovers
|-damage|p2b: Archaludon|93/100 brn|[from] brn
|-end|p1b: Rotom|Throat Chop|[silent]
|-sideend|p2: Jimma44|move: Light Screen
|upkeep
|turn|10
|
|t:|1783632437
|move|p1b: Rotom|Hydro Pump|p2b: Archaludon
|-resisted|p2b: Archaludon|1
|-damage|p2b: Archaludon|77/100 brn
|-ability|p2b: Archaludon|Stamina|boost
|-boost|p2b: Archaludon|def|1
|move|p2b: Archaludon|Flash Cannon|p1a: Crabominable
|-supereffective|p1a: Crabominable|1
|-damage|p1a: Crabominable|0 fnt
|faint|p1a: Crabominable
|
|-heal|p2b: Archaludon|83/100 brn|[from] item: Leftovers
|-damage|p2b: Archaludon|77/100 brn|[from] brn
|-sideend|p2: Jimma44|Reflect
|upkeep
|turn|11
|
|t:|1783632455
|move|p1b: Rotom|Hydro Pump|p2b: Archaludon
|-resisted|p2b: Archaludon|1
|-damage|p2b: Archaludon|58/100 brn
|-ability|p2b: Archaludon|Stamina|boost
|-boost|p2b: Archaludon|def|1
|move|p2b: Archaludon|Flash Cannon|p1b: Rotom
|-resisted|p1b: Rotom|2
|-damage|p1b: Rotom|91/100
|
|-heal|p1b: Rotom|97/100|[from] item: Leftovers
|-heal|p2b: Archaludon|64/100 brn|[from] item: Leftovers
|-damage|p2b: Archaludon|58/100 brn|[from] brn
|upkeep
|turn|12
|
|t:|1783632466
|move|p1b: Rotom|Hydro Pump|p2b: Archaludon
|-resisted|p2b: Archaludon|1
|-damage|p2b: Archaludon|39/100 brn
|-ability|p2b: Archaludon|Stamina|boost
|-boost|p2b: Archaludon|def|1
|move|p2b: Archaludon|Rock Slide|p1b: Rotom
|-damage|p1b: Rotom|91/100
|
|-heal|p1b: Rotom|96/100|[from] item: Leftovers
|-heal|p2b: Archaludon|45/100 brn|[from] item: Leftovers
|-damage|p2b: Archaludon|39/100 brn|[from] brn
|upkeep
|turn|13
|
|t:|1783632487
|move|p1b: Rotom|Hydro Pump|p2b: Archaludon
|-resisted|p2b: Archaludon|1
|-damage|p2b: Archaludon|21/100 brn
|-ability|p2b: Archaludon|Stamina|boost
|-boost|p2b: Archaludon|def|1
|move|p2b: Archaludon|Electro Shot||[still]
|-prepare|p2b: Archaludon|Electro Shot
|-boost|p2b: Archaludon|spa|1
|
|-heal|p1b: Rotom|100/100|[from] item: Leftovers
|-heal|p2b: Archaludon|27/100 brn|[from] item: Leftovers
|-damage|p2b: Archaludon|21/100 brn|[from] brn
|upkeep
|turn|14
|
|t:|1783632500
|move|p1b: Rotom|Protect|p1b: Rotom
|-singleturn|p1b: Rotom|Protect
|move|p2b: Archaludon|Electro Shot|p1b: Rotom|[from] lockedmove
|-activate|p1b: Rotom|move: Protect
|
|-heal|p2b: Archaludon|27/100 brn|[from] item: Leftovers
|-damage|p2b: Archaludon|21/100 brn|[from] brn
|upkeep
|turn|15
|
|t:|1783632512
|move|p1b: Rotom|Hydro Pump|p2b: Archaludon
|-resisted|p2b: Archaludon|1
|-damage|p2b: Archaludon|3/100 brn
|-ability|p2b: Archaludon|Stamina|boost
|-boost|p2b: Archaludon|def|1
|move|p2b: Archaludon|Flash Cannon|p1b: Rotom
|-resisted|p1b: Rotom|2
|-damage|p1b: Rotom|87/100
|
|-heal|p1b: Rotom|93/100|[from] item: Leftovers
|-heal|p2b: Archaludon|9/100 brn|[from] item: Leftovers
|-damage|p2b: Archaludon|3/100 brn|[from] brn
|upkeep
|turn|16
|
|t:|1783632541
|move|p1b: Rotom|Volt Switch|p2b: Archaludon
|-resisted|p2b: Archaludon|1
|-damage|p2b: Archaludon|0 fnt
|faint|p2b: Archaludon
|
|win|HarlHarl
||HarlHarl is ready for game 2.
