|j|☆Pumpkinman
|j|☆HgSimone
|html|PumpkinmanHgSimone    
|uhtml|bestof|Game 1 of a best-of-3
|t:|1756750393
|gametype|doubles
|player|p1|Pumpkinman|cyclist-gen4|1058
|player|p2|HgSimone|169|1000
|gen|9
|tier|[Gen 9] VGC 2025 Reg H (Bo3)
|rated|
|rule|Species Clause: Limit one of each Pokémon
|rule|Item Clause: Limit 1 of each item
|clearpoke
|poke|p1|Charizard, L50, M|
|poke|p1|Torkoal, L50, M|
|poke|p1|Porygon2, L50|
|poke|p1|Incineroar, L50, F|
|poke|p1|Jumpluff, L50, M|
|poke|p1|Ursaluna, L50, F|
|poke|p2|Serperior, L50, F|
|poke|p2|Incineroar, L50, M|
|poke|p2|Politoed, L50, M|
|poke|p2|Weezing-Galar, L50, F|
|poke|p2|Garchomp, L50, M|
|poke|p2|Flamigo, L50, M|
|teampreview|4
|showteam|p1|Charizard||ChoiceSpecs|SolarPower|HeatWave,Overheat,WeatherBall,AirSlash|||M|||50|,,,,,Ghost]Torkoal||EjectPack|Drought|Eruption,Overheat,HelpingHand,Protect|||M|||50|,,,,,Fire]Porygon2||Eviolite|Download|TeraBlast,IceBeam,Recover,TrickRoom||||||50|,,,,,Fighting]Incineroar||SitrusBerry|Intimidate|FlareBlitz,KnockOff,FakeOut,PartingShot|||F|||50|,,,,,Ghost]Jumpluff||CovertCloak|Chlorophyll|SleepPowder,SunnyDay,RagePowder,Tailwind|||M|||50|,,,,,Water]Ursaluna||FlameOrb|Guts|HeadlongRush,Facade,Earthquake,Protect|||F|||50|,,,,,Ghost
|showteam|p2|Serperior||WideLens|Contrary|Protect,Glare,TeraBlast,LeafStorm|||F|||50|,,,,,Ground]Incineroar||AssaultVest|Intimidate|FakeOut,KnockOff,FlareBlitz,Uturn|||M|||50|,,,,,Bug]Politoed||SitrusBerry|Drizzle|WeatherBall,IcyWind,Protect,Haze|||M|||50|,,,,,Dragon]Weezing-Galar||RockyHelmet|MistySurge|Protect,DazzlingGleam,Haze,Taunt|||F|||50|,,,,,Dark]Garchomp||LifeOrb|RoughSkin|StompingTantrum,Earthquake,RockSlide,Protect|||M|||50|,,,,,Ground]Flamigo||FocusSash|Scrappy|Protect,Tailwind,CloseCombat,DualWingbeat|||M|||50|,,,,,Fighting
|inactive|Battle timer is ON: inactive players will automatically lose when time's up. (requested by Pumpkinman)
|inactive|Pumpkinman has 60 seconds left.
|
|t:|1756750451
|teamsize|p1|4
|teamsize|p2|4
|start
|switch|p1a: Incineroar|Incineroar, L50, F|100/100
|switch|p1b: Jumpluff|Jumpluff, L50, M|100/100
|switch|p2a: Incineroar|Incineroar, L50, M|100/100
|switch|p2b: Weezing|Weezing-Galar, L50, F|100/100
|-ability|p1a: Incineroar|Intimidate|boost
|-unboost|p2a: Incineroar|atk|1
|-unboost|p2b: Weezing|atk|1
|-ability|p2a: Incineroar|Intimidate|boost
|-unboost|p1a: Incineroar|atk|1
|-unboost|p1b: Jumpluff|atk|1
|-fieldstart|move: Misty Terrain|[from] ability: Misty Surge|[of] p2b: Weezing
|turn|1
|inactive|Pumpkinman has 30 seconds left.
|inactive|Pumpkinman has 20 seconds left.
|
|t:|1756750489
|move|p1a: Incineroar|Fake Out|p2b: Weezing
|-damage|p2b: Weezing|93/100
|-damage|p1a: Incineroar|84/100|[from] item: Rocky Helmet|[of] p2b: Weezing
|move|p1b: Jumpluff|Sleep Powder|p2a: Incineroar
|-activate|p2a: Incineroar|move: Misty Terrain
|move|p2a: Incineroar|U-turn|p1b: Jumpluff
|-damage|p1b: Jumpluff|80/100
|
|t:|1756750506
|switch|p2a: Politoed|Politoed, L50, M|100/100|[from] U-turn
|-weather|RainDance|[from] ability: Drizzle|[of] p2a: Politoed
|cant|p2b: Weezing|flinch
|
|-weather|RainDance|[upkeep]
|upkeep
|turn|2
|inactive|Pumpkinman has 30 seconds left.
|inactive|Pumpkinman has 20 seconds left.
|inactive|Pumpkinman has 15 seconds left.
|
|t:|1756750548
|-terastallize|p1b: Jumpluff|Water
|move|p1b: Jumpluff|Sunny Day|p1b: Jumpluff
|-weather|SunnyDay
|move|p1a: Incineroar|Knock Off|p2a: Politoed
|-damage|p2a: Politoed|68/100
|-enditem|p2a: Politoed|Sitrus Berry|[from] move: Knock Off|[of] p1a: Incineroar
|move|p2a: Politoed|Icy Wind|p1b: Jumpluff|[spread] p1a,p1b
|-resisted|p1a: Incineroar
|-resisted|p1b: Jumpluff
|-damage|p1a: Incineroar|79/100
|-damage|p1b: Jumpluff|75/100
|-unboost|p1a: Incineroar|spe|1
|move|p2b: Weezing|Taunt|p1b: Jumpluff
|-start|p1b: Jumpluff|move: Taunt
|
|-weather|SunnyDay|[upkeep]
|upkeep
|turn|3
|inactive|Pumpkinman has 30 seconds left.
|inactive|HgSimone has 30 seconds left.
|inactive|Pumpkinman has 20 seconds left.
|inactive|Pumpkinman has 15 seconds left.
|inactive|Pumpkinman has 10 seconds left.
|
|t:|1756750593
|switch|p1b: Porygon2|Porygon2, L50|100/100
|-ability|p1b: Porygon2|Download|boost
|-boost|p1b: Porygon2|atk|1
|switch|p2b: Incineroar|Incineroar, L50, M|100/100
|-ability|p2b: Incineroar|Intimidate|boost
|-unboost|p1a: Incineroar|atk|1
|-unboost|p1b: Porygon2|atk|1
|move|p2a: Politoed|Weather Ball|p1b: Porygon2
|-damage|p1b: Porygon2|74/100
|move|p1a: Incineroar|Parting Shot|p2a: Politoed
|-unboost|p2a: Politoed|atk|1
|-unboost|p2a: Politoed|spa|1
|inactive|Pumpkinman has 30 seconds left.
|
|t:|1756750619
|switch|p1a: Jumpluff|Jumpluff, L50, M, tera:Water|75/100|[from] Parting Shot
|
|-weather|SunnyDay|[upkeep]
|upkeep
|turn|4
|inactive|Pumpkinman has 30 seconds left.
|inactive|HgSimone has 30 seconds left.
|inactive|Pumpkinman has 20 seconds left.
|inactive|HgSimone has 20 seconds left.
|inactive|Pumpkinman has 15 seconds left.
|inactive|HgSimone has 15 seconds left.
|inactive|Pumpkinman has 10 seconds left.
|inactive|HgSimone has 10 seconds left.
|inactive|Pumpkinman has 5 seconds left.
|
|t:|1756750669
|switch|p2a: Weezing|Weezing-Galar, L50, F|93/100
|move|p1a: Jumpluff|Tailwind|p1a: Jumpluff
|-sidestart|p1: Pumpkinman|move: Tailwind
|move|p1b: Porygon2|Tera Blast|p2a: Weezing
|-damage|p2a: Weezing|49/100
|move|p2b: Incineroar|Knock Off|p1b: Porygon2
|-damage|p1b: Porygon2|42/100
|-enditem|p1b: Porygon2|Eviolite|[from] move: Knock Off|[of] p2b: Incineroar
|
|-weather|SunnyDay|[upkeep]
|upkeep
|turn|5
|inactive|Pumpkinman has 30 seconds left.
|inactive|HgSimone has 30 seconds left.
|inactive|Pumpkinman has 20 seconds left.
|inactive|Pumpkinman has 15 seconds left.
|
|t:|1756750714
|switch|p1a: Torkoal|Torkoal, L50, M|100/100
|switch|p2a: Flamigo|Flamigo, L50, M|100/100
|move|p1b: Porygon2|Tera Blast|p2a: Flamigo
|-damage|p2a: Flamigo|42/100
|move|p2b: Incineroar|Flare Blitz|p1b: Porygon2
|-damage|p1b: Porygon2|0 fnt
|faint|p1b: Porygon2
|-damage|p2b: Incineroar|88/100|[from] Recoil
|
|-weather|SunnyDay|[upkeep]
|-fieldend|Misty Terrain
|upkeep
|inactive|Pumpkinman has 30 seconds left.
|inactive|Pumpkinman has 20 seconds left.
|inactive|Pumpkinman has 15 seconds left.
|inactive|Pumpkinman has 10 seconds left.
|
|t:|1756750759
|switch|p1b: Jumpluff|Jumpluff, L50, M, tera:Water|75/100
|turn|6
|inactive|HgSimone has 30 seconds left.
|
|t:|1756750793
|switch|p2a: Weezing|Weezing-Galar, L50, F|49/100
|-fieldstart|move: Misty Terrain|[from] ability: Misty Surge|[of] p2a: Weezing
|move|p1b: Jumpluff|Rage Powder|p1b: Jumpluff
|-singleturn|p1b: Jumpluff|move: Rage Powder
|move|p2b: Incineroar|U-turn|p1b: Jumpluff
|-damage|p1b: Jumpluff|45/100
|
|t:|1756750800
|switch|p2b: Politoed|Politoed, L50, M|68/100|[from] U-turn
|-weather|RainDance|[from] ability: Drizzle|[of] p2b: Politoed
|move|p1a: Torkoal|Eruption|p2a: Weezing|[spread] p2a,p2b
|-resisted|p2b: Politoed
|-damage|p2a: Weezing|25/100
|-damage|p2b: Politoed|58/100
|
|-weather|RainDance|[upkeep]
|upkeep
|turn|7
|inactive|HgSimone has 30 seconds left.
|inactive|HgSimone has 20 seconds left.
|inactive|HgSimone has 15 seconds left.
|
|t:|1756750844
|switch|p2a: Incineroar|Incineroar, L50, M|88/100
|-ability|p2a: Incineroar|Intimidate|boost
|-unboost|p1a: Torkoal|atk|1
|-unboost|p1b: Jumpluff|atk|1
|-enditem|p1a: Torkoal|Eject Pack
|
|t:|1756750852
|switch|p1a: Incineroar|Incineroar, L50, F|79/100
|-ability|p1a: Incineroar|Intimidate|boost
|-unboost|p2a: Incineroar|atk|1
|-unboost|p2b: Politoed|atk|1
|move|p1b: Jumpluff|Sunny Day|p1b: Jumpluff
|-weather|SunnyDay
|move|p2b: Politoed|Weather Ball|p1b: Jumpluff
|-resisted|p1b: Jumpluff
|-damage|p1b: Jumpluff|21/100
|
|-weather|SunnyDay|[upkeep]
|-sideend|p1: Pumpkinman|move: Tailwind
|upkeep
|turn|8
|inactive|Pumpkinman has 30 seconds left.
|inactive|HgSimone has 30 seconds left.
|inactive|Pumpkinman has 20 seconds left.
|inactive|Pumpkinman has 15 seconds left.
|
|t:|1756750894
|move|p1b: Jumpluff|Tailwind|p1b: Jumpluff
|-sidestart|p1: Pumpkinman|move: Tailwind
|move|p1a: Incineroar|Knock Off|p2a: Incineroar
|-resisted|p2a: Incineroar
|-damage|p2a: Incineroar|66/100
|-enditem|p2a: Incineroar|Assault Vest|[from] move: Knock Off|[of] p1a: Incineroar
|move|p2b: Politoed|Weather Ball|p1b: Jumpluff
|-resisted|p1b: Jumpluff
|-damage|p1b: Jumpluff|0 fnt
|faint|p1b: Jumpluff
|move|p2a: Incineroar|Knock Off|p1a: Incineroar
|-resisted|p1a: Incineroar
|-damage|p1a: Incineroar|64/100
|-enditem|p1a: Incineroar|Sitrus Berry|[from] move: Knock Off|[of] p2a: Incineroar
|
|-weather|SunnyDay|[upkeep]
|upkeep
|
|t:|1756750907
|switch|p1b: Torkoal|Torkoal, L50, M|100/100
|turn|9
|
|t:|1756750930
|switch|p2b: Weezing|Weezing-Galar, L50, F|25/100
|move|p1a: Incineroar|Flare Blitz|p2b: Weezing
|-damage|p2b: Weezing|0 fnt
|-damage|p1a: Incineroar|48/100|[from] item: Rocky Helmet|[of] p2b: Weezing
|faint|p2b: Weezing
|-damage|p1a: Incineroar|41/100|[from] Recoil
|move|p2a: Incineroar|U-turn|p1a: Incineroar
|-damage|p1a: Incineroar|26/100
|
|t:|1756750940
|switch|p2a: Politoed|Politoed, L50, M|58/100|[from] U-turn
|-weather|RainDance|[from] ability: Drizzle|[of] p2a: Politoed
|move|p1b: Torkoal|Eruption|p2a: Politoed
|-resisted|p2a: Politoed
|-damage|p2a: Politoed|43/100
|
|-weather|RainDance|[upkeep]
|upkeep
|-message|Pumpkinman forfeited.
|
|win|HgSimone
||Pumpkinman is ready for game 2.
||HgSimone is ready for game 2.
|uhtml|next|Next: Game 2 of 3
