|j|☆67ToTheTop
|j|☆lokito777
|html|67ToTheToplokito777    
|uhtml|bestof|Game 2 of a best-of-3
|t:|1783583705
|gametype|doubles
|player|p1|67ToTheTop|serena|1251
|player|p2|lokito777|101|1181
|gen|9
|tier|[Gen 9 Champions] VGC 2026 Reg M-B (Bo3)
|rated|
|rule|Species Clause: Limit one of each Pokémon
|rule|Item Clause: Limit 1 of each item
|clearpoke
|poke|p1|Sneasler, L50, F|
|poke|p1|Blastoise, L50, F|
|poke|p1|Kingambit, L50, F|
|poke|p1|Incineroar, L50, F|
|poke|p1|Delphox, L50, F|
|poke|p1|Sinistcha, L50|
|poke|p2|Floette-Eternal, L50, F|
|poke|p2|Incineroar, L50, F|
|poke|p2|Sinistcha, L50|
|poke|p2|Delphox, L50, F|
|poke|p2|Milotic, L50, M|
|poke|p2|Sneasler, L50, F|
|teampreview|4
|showteam|p1|Sneasler||FocusSash|PoisonTouch|PoisonJab,CloseCombat,FakeOut,QuickGuard|Jolly||F|||50|]Blastoise||Blastoisinite|RainDish|DarkPulse,WaterSpout,ShellSmash,Protect|Modest||F|||50|]Kingambit||BlackGlasses|Defiant|KowtowCleave,SuckerPunch,SwordsDance,Protect|Adamant||F|||50|]Incineroar||SitrusBerry|Intimidate|FlareBlitz,HelpingHand,PartingShot,FakeOut|Careful||F|||50|]Delphox||Delphoxite|Blaze|HeatWave,NastyPlot,Psyshock,Protect|Modest||F|||50|]Sinistcha||KasibBerry|Hospitality|MatchaGotcha,RagePowder,TrickRoom,Protect|Bold|||||50|
|showteam|p2|Floette-Eternal||Floettite|FlowerVeil|CalmMind,DrainingKiss,DazzlingGleam,Protect|Bold||F|||50|]Incineroar||PasshoBerry|Intimidate|PartingShot,FakeOut,HelpingHand,ThroatChop|Careful||F|||50|]Sinistcha||SitrusBerry|Hospitality|RagePowder,TrickRoom,MatchaGotcha,Protect|Bold|||||50|]Delphox||Delphoxite|Blaze|NastyPlot,HeatWave,Psychic,Protect|Timid||F|||50|]Milotic||Leftovers|Competitive|MuddyWater,Hypnosis,Coil,Protect|Calm||M|||50|]Sneasler||FocusSash|PoisonTouch|PoisonJab,FakeOut,CloseCombat,QuickGuard|Jolly||F|||50|
|
|t:|1783583736
|teamsize|p1|4
|teamsize|p2|4
|start
|switch|p1a: Blastoise|Blastoise, L50, F|100/100
|switch|p1b: Sneasler|Sneasler, L50, F|100/100
|switch|p2a: Sneasler|Sneasler, L50, F|100/100
|switch|p2b: Milotic|Milotic, L50, M|100/100
|turn|1
|
|t:|1783583759
|detailschange|p1a: Blastoise|Blastoise-Mega, L50, F
|-mega|p1a: Blastoise|Blastoise|Blastoisinite
|move|p2a: Sneasler|Fake Out|p1a: Blastoise
|-damage|p1a: Blastoise|87/100
|move|p1b: Sneasler|Fake Out|p2a: Sneasler
|-damage|p2a: Sneasler|73/100
|cant|p1a: Blastoise|flinch
|move|p2b: Milotic|Coil|p2b: Milotic
|-boost|p2b: Milotic|atk|1
|-boost|p2b: Milotic|def|1
|-boost|p2b: Milotic|accuracy|1
|
|upkeep
|turn|2
|
|t:|1783583780
|move|p1b: Sneasler|Poison Jab|p2b: Milotic
|-damage|p2b: Milotic|68/100
|-status|p2b: Milotic|psn
|move|p2a: Sneasler|Poison Jab|p1a: Blastoise
|-damage|p1a: Blastoise|46/100
|move|p1a: Blastoise|Shell Smash|p1a: Blastoise
|-unboost|p1a: Blastoise|def|1
|-unboost|p1a: Blastoise|spd|1
|-boost|p1a: Blastoise|atk|2
|-boost|p1a: Blastoise|spa|2
|-boost|p1a: Blastoise|spe|2
|move|p2b: Milotic|Hypnosis|p1b: Sneasler
|-status|p1b: Sneasler|slp|[from] move: Hypnosis
|
|-heal|p2b: Milotic|74/100 psn|[from] item: Leftovers
|-damage|p2b: Milotic|61/100 psn|[from] psn
|upkeep
|turn|3
|
|t:|1783583802
|switch|p1b: Sinistcha|Sinistcha, L50|100/100
|-heal|p1a: Blastoise|70/100|[from] ability: Hospitality|[of] p1b: Sinistcha
|switch|p2a: Sinistcha|Sinistcha, L50|100/100
|-heal|p2b: Milotic|86/100 psn|[from] ability: Hospitality|[of] p2a: Sinistcha
|move|p1a: Blastoise|Protect|p1a: Blastoise
|-singleturn|p1a: Blastoise|Protect
|move|p2b: Milotic|Hypnosis|p1a: Blastoise
|-activate|p1a: Blastoise|move: Protect
|
|-heal|p2b: Milotic|92/100 psn|[from] item: Leftovers
|-damage|p2b: Milotic|80/100 psn|[from] psn
|upkeep
|turn|4
|
|t:|1783583819
|move|p1b: Sinistcha|Rage Powder|p1b: Sinistcha
|-singleturn|p1b: Sinistcha|move: Rage Powder
|move|p1a: Blastoise|Dark Pulse|p2a: Sinistcha
|-supereffective|p2a: Sinistcha|1
|-damage|p2a: Sinistcha|0 fnt
|faint|p2a: Sinistcha
|move|p2b: Milotic|Hypnosis|p1b: Sinistcha
|-status|p1b: Sinistcha|slp|[from] move: Hypnosis
|
|-heal|p2b: Milotic|86/100 psn|[from] item: Leftovers
|-damage|p2b: Milotic|73/100 psn|[from] psn
|upkeep
|
|t:|1783583837
|switch|p2a: Floette|Floette-Eternal, L50, F|100/100
|turn|5
|
|t:|1783583846
|detailschange|p2a: Floette|Floette-Mega, L50, F
|-mega|p2a: Floette|Floette|Floettite
|-ability|p2a: Floette|Fairy Aura
|cant|p1b: Sinistcha|slp
|move|p1a: Blastoise|Water Spout|p2b: Milotic|[spread] p2a,p2b
|-resisted|p2b: Milotic|1
|-damage|p2a: Floette|33/100
|-damage|p2b: Milotic|49/100 psn
|move|p2a: Floette|Calm Mind|p2a: Floette
|-boost|p2a: Floette|spa|1
|-boost|p2a: Floette|spd|1
|move|p2b: Milotic|Hypnosis|p1a: Blastoise
|-status|p1a: Blastoise|slp|[from] move: Hypnosis
|
|-heal|p2b: Milotic|54/100 psn|[from] item: Leftovers
|-damage|p2b: Milotic|42/100 psn|[from] psn
|upkeep
|turn|6
|
|t:|1783583868
|cant|p1a: Blastoise|slp
|move|p2a: Floette|Draining Kiss|p1a: Blastoise
|-damage|p1a: Blastoise|0 fnt
|-heal|p2a: Floette|79/100|[from] drain|[of] p1a: Blastoise
|faint|p1a: Blastoise
|move|p2b: Milotic|Muddy Water|p1b: Sinistcha
|-resisted|p1b: Sinistcha|1
|-damage|p1b: Sinistcha|84/100 slp
|cant|p1b: Sinistcha|slp
|
|-heal|p2b: Milotic|48/100 psn|[from] item: Leftovers
|-damage|p2b: Milotic|36/100 psn|[from] psn
|upkeep
|
|t:|1783583878
|switch|p1a: Sneasler|Sneasler, L50, F|100/100 slp
|turn|7
|
|t:|1783583888
|switch|p2b: Sneasler|Sneasler, L50, F|73/100
|cant|p1a: Sneasler|slp
|move|p2a: Floette|Dazzling Gleam|p1b: Sinistcha|[spread] p1a,p1b
|-damage|p1a: Sneasler|15/100 slp
|-damage|p1b: Sinistcha|26/100 slp
|-curestatus|p1b: Sinistcha|slp|[msg]
|move|p1b: Sinistcha|Matcha Gotcha|p2a: Floette|[spread] p2a,p2b
|-resisted|p2b: Sneasler|1
|-crit|p2b: Sneasler
|-damage|p2a: Floette|67/100
|-heal|p1b: Sinistcha|33/100|[from] drain|[of] p2a: Floette
|-damage|p2b: Sneasler|49/100
|-heal|p1b: Sinistcha|44/100|[from] drain|[of] p2b: Sneasler
|-status|p2a: Floette|brn
|
|-damage|p2a: Floette|61/100 brn|[from] brn
|upkeep
|turn|8
|
|t:|1783583914
|switch|p1a: Incineroar|Incineroar, L50, F|100/100
|-ability|p1a: Incineroar|Intimidate|boost
|-unboost|p2a: Floette|atk|1
|-unboost|p2b: Sneasler|atk|1
|move|p1b: Sinistcha|Protect|p1b: Sinistcha
|-singleturn|p1b: Sinistcha|Protect
|move|p2b: Sneasler|Fake Out|p1a: Incineroar
|-damage|p1a: Incineroar|90/100
|-status|p1a: Incineroar|psn|[from] ability: Poison Touch|[of] p2b: Sneasler
|move|p2a: Floette|Dazzling Gleam|p1b: Sinistcha|[spread] p1a
|-activate|p1b: Sinistcha|move: Protect
|-damage|p1a: Incineroar|37/100 psn
|-enditem|p1a: Incineroar|Sitrus Berry|[eat]
|-heal|p1a: Incineroar|62/100 psn|[from] item: Sitrus Berry
|
|-damage|p1a: Incineroar|50/100y psn|[from] psn
|-damage|p2a: Floette|55/100 brn|[from] brn
|upkeep
|turn|9
|
|t:|1783583945
|move|p2b: Sneasler|Quick Guard|p2b: Sneasler
|-singleturn|p2b: Sneasler|Quick Guard
|move|p1a: Incineroar|Fake Out|p2a: Floette
|-activate|p2a: Floette|move: Quick Guard
|move|p2a: Floette|Dazzling Gleam|p1b: Sinistcha|[spread] p1a,p1b
|-damage|p1a: Incineroar|3/100 psn
|-damage|p1b: Sinistcha|0 fnt
|faint|p1b: Sinistcha
|
|-damage|p1a: Incineroar|0 fnt|[from] psn
|faint|p1a: Incineroar
|-damage|p2a: Floette|48/100 brn|[from] brn
|upkeep
|
|t:|1783583957
|switch|p1b: Sneasler|Sneasler, L50, F|15/100 slp
|turn|10
|
|t:|1783583963
|cant|p1b: Sneasler|slp
|move|p2b: Sneasler|Close Combat|p1b: Sneasler
|-resisted|p1b: Sneasler|1
|-damage|p1b: Sneasler|0 fnt
|-unboost|p2b: Sneasler|def|1
|-unboost|p2b: Sneasler|spd|1
|faint|p1b: Sneasler
|
|win|lokito777
||67ToTheTop is ready for game 3.
||lokito777 is ready for game 3.
|uhtml|next|Next: Game 3 of 3
|l|☆67ToTheTop
|player|p1|
