|j|☆superboy245
|j|☆maintanksux
|html|superboy245maintanksux    
|uhtml|bestof|Game 2 of a best-of-3
|t:|1782257861
|gametype|doubles
|player|p1|superboy245|buck|1088
|player|p2|maintanksux|170|1172
|gen|9
|tier|[Gen 9 Champions] VGC 2026 Reg M-B (Bo3)
|rated|
|rule|Species Clause: Limit one of each Pokémon
|rule|Item Clause: Limit 1 of each item
|clearpoke
|poke|p1|Raichu, L50, M|
|poke|p1|Whimsicott, L50, F|
|poke|p1|Ninetales-Alola, L50, F|
|poke|p1|Scrafty, L50, M|
|poke|p1|Gholdengo, L50|
|poke|p1|Gliscor, L50, M|
|poke|p2|Staraptor, L50, F|
|poke|p2|Whimsicott, L50, F|
|poke|p2|Grimmsnarl, L50, M|
|poke|p2|Farigiraf, L50, F|
|poke|p2|Zoroark-Hisui, L50, F|
|poke|p2|Kingambit, L50, F|
|teampreview|4
|showteam|p1|Raichu||RaichuniteX|LightningRod|FakeOut,AlluringVoice,RisingVoltage,Protect|Timid||M|||50|]Whimsicott||CobaBerry|Prankster|Moonblast,Tailwind,Encore,Protect|Bold||F|||50|]Ninetales-Alola||FocusSash|SnowWarning|Blizzard,AuroraVeil,Moonblast,Protect|Timid||F|||50|]Scrafty||Scraftinite|Intimidate|FakeOut,KnockOff,CloseCombat,Protect|Adamant||M|||50|]Gholdengo||LifeOrb|GoodasGold|MakeItRain,ShadowBall,NastyPlot,Protect|Timid|||||50|]Gliscor||Leftovers|HyperCutter|Tailwind,BreakingSwipe,HighHorsepower,Protect|Jolly||M|||50|
|showteam|p2|Staraptor||Staraptite|Intimidate|CloseCombat,Roost,BraveBird,Protect|Adamant||F|||50|]Whimsicott||FocusSash|Prankster|Charm,Moonblast,Tailwind,Protect|Bold||F|||50|]Grimmsnarl||LightClay|Prankster|LightScreen,Reflect,PartingShot,SpiritBreak|Careful||M|||50|]Farigiraf||SitrusBerry|ArmorTail|HelpingHand,Protect,Psychic,HyperVoice|Calm||F|||50|]Zoroark-Hisui||ChoiceScarf|Illusion|ShadowBall,Psychic,IcyWind,HyperVoice|Timid||F|||50|]Kingambit||BlackGlasses|Defiant|SuckerPunch,KowtowCleave,IronHead,Protect|Adamant||F|||50|
|
|t:|1782257908
|teamsize|p1|4
|teamsize|p2|4
|start
|switch|p1a: Raichu|Raichu, L50, M|100/100
|switch|p1b: Whimsicott|Whimsicott, L50, F|100/100
|switch|p2a: Hali|Whimsicott, L50, F|100/100
|switch|p2b: Siakam|Staraptor, L50, F|100/100
|-ability|p2b: Siakam|Intimidate|boost
|-unboost|p1a: Raichu|atk|1
|-unboost|p1b: Whimsicott|atk|1
|turn|1
|
|t:|1782257943
|detailschange|p2b: Siakam|Staraptor-Mega, L50, F
|-mega|p2b: Siakam|Staraptor|Staraptite
|move|p1b: Whimsicott|Protect|p1b: Whimsicott
|-singleturn|p1b: Whimsicott|Protect
|move|p1a: Raichu|Protect|p1a: Raichu
|-singleturn|p1a: Raichu|Protect
|move|p2b: Siakam|Protect|p2b: Siakam
|-singleturn|p2b: Siakam|Protect
|move|p2a: Hali|Tailwind|p2a: Hali
|-sidestart|p2: maintanksux|move: Tailwind
|
|upkeep
|turn|2
|
|t:|1782257954
|detailschange|p1a: Raichu|Raichu-Mega-X, L50, M
|-mega|p1a: Raichu|Raichu|Raichunite X
|-fieldstart|move: Electric Terrain|[from] ability: Electric Surge|[of] p1a: Raichu
|move|p2a: Hali|Charm|p2b: Siakam
|-boost|p2b: Siakam|atk|2
|move|p1b: Whimsicott|Tailwind|p1b: Whimsicott
|-sidestart|p1: superboy245|move: Tailwind
|move|p1a: Raichu|Rising Voltage|p2b: Siakam
|-supereffective|p2b: Siakam|1
|-damage|p2b: Siakam|18/100
|move|p2b: Siakam|Close Combat|p1a: Raichu
|-damage|p1a: Raichu|0 fnt
|-boost|p2b: Siakam|def|1
|-boost|p2b: Siakam|spd|1
|faint|p1a: Raichu
|
|upkeep
|inactive|Battle timer is ON: inactive players will automatically lose when time's up. (requested by maintanksux)
|
|t:|1782257972
|switch|p1a: Gholdengo|Gholdengo, L50|100/100
|turn|3
|
|t:|1782257993
|switch|p2a: Nesmith|Kingambit, L50, F|100/100
|move|p2b: Siakam|Protect|p2b: Siakam
|-singleturn|p2b: Siakam|Protect
|move|p1b: Whimsicott|Encore|p2b: Siakam
|-activate|p2b: Siakam|move: Protect
|move|p1a: Gholdengo|Nasty Plot|p1a: Gholdengo
|-boost|p1a: Gholdengo|spa|2
|
|upkeep
|turn|4
|
|t:|1782258011
|move|p1b: Whimsicott|Protect|p1b: Whimsicott
|-singleturn|p1b: Whimsicott|Protect
|move|p1a: Gholdengo|Protect|p1a: Gholdengo
|-singleturn|p1a: Gholdengo|Protect
|move|p2a: Nesmith|Sucker Punch||[still]
|-fail|p2a: Nesmith
|move|p2b: Siakam|Roost|p2b: Siakam
|-heal|p2b: Siakam|68/100
|-singleturn|p2b: Siakam|move: Roost
|
|-sideend|p2: maintanksux|move: Tailwind
|upkeep
|turn|5
|
|t:|1782258024
|switch|p1a: Scrafty|Scrafty, L50, M|100/100
|-ability|p1a: Scrafty|Intimidate|boost
|-unboost|p2a: Nesmith|atk|1
|-ability|p2a: Nesmith|Defiant|boost
|-boost|p2a: Nesmith|atk|2
|-boost|p2b: Siakam|atk|1
|move|p2b: Siakam|Protect|p2b: Siakam
|-singleturn|p2b: Siakam|Protect
|move|p1b: Whimsicott|Encore|p2b: Siakam
|-activate|p2b: Siakam|move: Protect
|move|p2a: Nesmith|Sucker Punch||[still]
|-fail|p2a: Nesmith
|
|-sideend|p1: superboy245|move: Tailwind
|upkeep
|turn|6
|
|t:|1782258041
|move|p1b: Whimsicott|Encore|p2b: Siakam
|-start|p2b: Siakam|Encore
|move|p2b: Siakam|Protect||[still]
|-fail|p2b: Siakam
|move|p1a: Scrafty|Close Combat|p2a: Nesmith
|-supereffective|p2a: Nesmith|2
|-damage|p2a: Nesmith|0 fnt
|-unboost|p1a: Scrafty|def|1
|-unboost|p1a: Scrafty|spd|1
|faint|p2a: Nesmith
|
|-fieldend|move: Electric Terrain
|upkeep
|
|t:|1782258050
|switch|p2a: Hali|Whimsicott, L50, F|100/100
|turn|7
|
|t:|1782258061
|switch|p1a: Gholdengo|Gholdengo, L50|100/100
|move|p2b: Siakam|Protect|p2b: Siakam
|-singleturn|p2b: Siakam|Protect
|move|p1b: Whimsicott|Tailwind|p1b: Whimsicott
|-sidestart|p1: superboy245|move: Tailwind
|move|p2a: Hali|Hyper Voice|p1b: Whimsicott|[spread] p1b
|-immune|p1a: Gholdengo
|-damage|p1b: Whimsicott|56/100
|
|upkeep
|turn|8
|
|t:|1782258074
|move|p2b: Siakam|Protect||[still]
|-fail|p2b: Siakam
|move|p1b: Whimsicott|Moonblast|p2b: Siakam
|-supereffective|p2b: Siakam|1
|-damage|p2b: Siakam|34/100
|move|p1a: Gholdengo|Nasty Plot|p1a: Gholdengo
|-boost|p1a: Gholdengo|spa|2
|move|p2a: Hali|Hyper Voice|p1b: Whimsicott|[spread] p1b
|-immune|p1a: Gholdengo
|-damage|p1b: Whimsicott|14/100
|
|-end|p2b: Siakam|Encore
|upkeep
|turn|9
|
|t:|1782258089
|move|p1b: Whimsicott|Protect|p1b: Whimsicott
|-singleturn|p1b: Whimsicott|Protect
|move|p1a: Gholdengo|Shadow Ball|p2b: Siakam
|-damage|p2b: Siakam|0 fnt
|faint|p2b: Siakam
|-damage|p1a: Gholdengo|90/100|[from] item: Life Orb
|move|p2a: Hali|Hyper Voice|p1b: Whimsicott|[spread] 
|-activate|p1b: Whimsicott|move: Protect
|-immune|p1a: Gholdengo
|
|upkeep
|
|t:|1782258095
|switch|p2b: Hali|Whimsicott, L50, F|100/100
|turn|10
|
|t:|1782258115
|switch|p1b: Scrafty|Scrafty, L50, M|100/100
|-ability|p1b: Scrafty|Intimidate|boost
|-unboost|p2a: Hali|atk|1
|-unboost|p2b: Hali|atk|1
|move|p1a: Gholdengo|Shadow Ball|p2b: Hali
|-enditem|p2b: Hali|Focus Sash
|-damage|p2b: Hali|1/100
|-unboost|p2b: Hali|spd|1
|-damage|p1a: Gholdengo|80/100|[from] item: Life Orb
|move|p2a: Hali|Hyper Voice|p1b: Scrafty|[spread] p1b
|-immune|p1a: Gholdengo
|-damage|p1b: Scrafty|66/100
|move|p2b: Hali|Moonblast|p1a: Gholdengo
|-resisted|p1a: Gholdengo|1
|-damage|p1a: Gholdengo|64/100
|
|-sideend|p1: superboy245|move: Tailwind
|upkeep
|turn|11
|
|t:|1782258126
|move|p1b: Scrafty|Fake Out|p2b: Hali
|-damage|p2b: Hali|0 fnt
|faint|p2b: Hali
|move|p2a: Hali|Hyper Voice|p1a: Gholdengo|[spread] p1b
|-immune|p1a: Gholdengo
|-damage|p1b: Scrafty|36/100
|move|p1a: Gholdengo|Make It Rain|p2a: Hali
|-damage|p2a: Hali|0 fnt
|-unboost|p1a: Gholdengo|spa|2
|replace|p2a: McConnell|Zoroark-Hisui, L50, F
|-end|p2a: McConnell|Illusion
|faint|p2a: McConnell
|-damage|p1a: Gholdengo|54/100|[from] item: Life Orb
|
|win|superboy245
||maintanksux is ready for game 3.
||superboy245 is ready for game 3.
|uhtml|next|Next: Game 3 of 3
