|j|☆Brutalandathebozz
|j|☆doingVGCthings
|html|BrutalandathebozzdoingVGCthings    
|uhtml|bestof|Game 2 of a best-of-3
|t:|1756212624
|gametype|doubles
|player|p1|Brutalandathebozz|170|1166
|player|p2|doingVGCthings|swimmer-gen4dp|1269
|gen|9
|tier|[Gen 9] VGC 2025 Reg H (Bo3)
|rated|
|rule|Species Clause: Limit one of each Pokémon
|rule|Item Clause: Limit 1 of each item
|clearpoke
|poke|p1|Salamence, L50, M|
|poke|p1|Sneasler, L50, F|
|poke|p1|Kingambit, L50, F|
|poke|p1|Primarina, L50, M|
|poke|p1|Electabuzz, L50, M|
|poke|p1|Rillaboom, L50, F|
|poke|p2|Volcarona, L50, M|
|poke|p2|Electabuzz, L50, F|
|poke|p2|Tyranitar, L50, F|
|poke|p2|Amoonguss, L50, M|
|poke|p2|Annihilape, L50, M|
|poke|p2|Mamoswine, L50, F|
|teampreview|4
|showteam|p1|Salamence||LifeOrb|Intimidate|DualWingbeat,DracoMeteor,Protect,Tailwind|||M|||50|,,,,,Stellar]Sneasler||FocusSash|PoisonTouch|FakeOut,CloseCombat,DireClaw,Protect|||F|||50|,,,,,Ghost]Kingambit||BlackGlasses|Defiant|KowtowCleave,SuckerPunch,Protect,SwordsDance|||F|||50|,,,,,Dark]Primarina||SitrusBerry|LiquidVoice|HyperVoice,Moonblast,Protect,Haze|||M|||50|,,,,,Poison]Electabuzz||Eviolite|VitalSpirit|Protect,Taunt,FollowMe,Electroweb|||M|||50|,,,,,Ghost]Rillaboom||AssaultVest|GrassySurge|WoodHammer,GrassyGlide,FakeOut,HighHorsepower|||F|||50|,,,,,Fire
|showteam|p2|Volcarona||CovertCloak|FlameBody|Protect,HeatWave,GigaDrain,QuiverDance|||M|||50|,,,,,Grass]Electabuzz||Eviolite|VitalSpirit|Protect,Electroweb,Taunt,FollowMe|||F|||50|,,,,,Ghost]Tyranitar||AssaultVest|SandStream|RockSlide,KnockOff,LowKick,TeraBlast|||F|||50|,,,,,Flying]Amoonguss||SitrusBerry|Regenerator|Protect,PollenPuff,Spore,RagePowder|||M|||50|,,,,,Fairy]Annihilape||SafetyGoggles|Defiant|Protect,RageFist,CloseCombat,Coaching|||M|||50|,,,,,Water]Mamoswine||FocusSash|Oblivious|Protect,IcicleCrash,HighHorsepower,IceShard|||F|||50|,,,,,Stellar
|inactive|Battle timer is ON: inactive players will automatically lose when time's up. (requested by doingVGCthings)
|inactive|doingVGCthings has 60 seconds left.
|l|☆Brutalandathebozz
|inactive|Brutalandathebozz disconnected and has a minute to reconnect!
|player|p1|
|j|☆Brutalandathebozz
|inactive|Brutalandathebozz reconnected.
|player|p1|Brutalandathebozz|170|
|
|t:|1756212683
|teamsize|p1|4
|teamsize|p2|4
|start
|switch|p1a: Electabuzz|Electabuzz, L50, M|100/100
|switch|p1b: Kingambit|Kingambit, L50, F|100/100
|switch|p2a: Tyranitar|Tyranitar, L50, F|100/100
|switch|p2b: Annihilape|Annihilape, L50, M|100/100
|-weather|Sandstorm|[from] ability: Sand Stream|[of] p2a: Tyranitar
|turn|1
|
|t:|1756212705
|move|p1b: Kingambit|Protect|p1b: Kingambit
|-singleturn|p1b: Kingambit|Protect
|move|p1a: Electabuzz|Taunt|p2b: Annihilape
|-start|p2b: Annihilape|move: Taunt
|cant|p2b: Annihilape|move: Taunt|Coaching
|move|p2a: Tyranitar|Rock Slide|p1b: Kingambit|[spread] p1a
|-activate|p1b: Kingambit|move: Protect
|-damage|p1a: Electabuzz|74/100
|
|-weather|Sandstorm|[upkeep]
|-damage|p1a: Electabuzz|68/100|[from] Sandstorm
|upkeep
|turn|2
|
|t:|1756212729
|switch|p2b: Volcarona|Volcarona, L50, M|100/100
|move|p1a: Electabuzz|Follow Me|p1a: Electabuzz
|-singleturn|p1a: Electabuzz|move: Follow Me
|move|p2a: Tyranitar|Knock Off|p1a: Electabuzz
|-damage|p1a: Electabuzz|22/100
|-enditem|p1a: Electabuzz|Eviolite|[from] move: Knock Off|[of] p2a: Tyranitar
|move|p1b: Kingambit|Swords Dance|p1b: Kingambit
|-boost|p1b: Kingambit|atk|2
|
|-weather|Sandstorm|[upkeep]
|-damage|p1a: Electabuzz|16/100|[from] Sandstorm
|-damage|p2b: Volcarona|95/100|[from] Sandstorm
|upkeep
|turn|3
|
|t:|1756212748
|switch|p1a: Salamence|Salamence, L50, M|100/100
|-ability|p1a: Salamence|Intimidate|boost
|-unboost|p2a: Tyranitar|atk|1
|-unboost|p2b: Volcarona|atk|1
|-terastallize|p1b: Kingambit|Dark
|move|p2b: Volcarona|Heat Wave|p1b: Kingambit|[spread] p1a,p1b
|-resisted|p1a: Salamence
|-damage|p1a: Salamence|81/100
|-damage|p1b: Kingambit|64/100
|move|p2a: Tyranitar|Low Kick|p1b: Kingambit
|-supereffective|p1b: Kingambit
|-damage|p1b: Kingambit|29/100
|move|p1b: Kingambit|Kowtow Cleave|p2b: Volcarona
|-damage|p2b: Volcarona|0 fnt
|faint|p2b: Volcarona
|
|-weather|Sandstorm|[upkeep]
|-damage|p1a: Salamence|75/100|[from] Sandstorm
|-damage|p1b: Kingambit|22/100|[from] Sandstorm
|upkeep
|
|t:|1756212765
|switch|p2b: Annihilape|Annihilape, L50, M|100/100
|turn|4
|
|t:|1756212781
|-terastallize|p2b: Annihilape|Water
|move|p1b: Kingambit|Protect|p1b: Kingambit
|-singleturn|p1b: Kingambit|Protect
|move|p2b: Annihilape|Coaching|p2a: Tyranitar
|-boost|p2a: Tyranitar|atk|1
|-boost|p2a: Tyranitar|def|1
|move|p1a: Salamence|Tailwind|p1a: Salamence
|-sidestart|p1: Brutalandathebozz|move: Tailwind
|move|p2a: Tyranitar|Rock Slide|p1b: Kingambit|[spread] p1a
|-activate|p1b: Kingambit|move: Protect
|-supereffective|p1a: Salamence
|-damage|p1a: Salamence|17/100
|
|-weather|Sandstorm|[upkeep]
|-damage|p1a: Salamence|11/100|[from] Sandstorm
|-damage|p1b: Kingambit|16/100|[from] Sandstorm
|upkeep
|turn|5
|
|t:|1756212797
|move|p1a: Salamence|Draco Meteor|p2a: Tyranitar
|-crit|p2a: Tyranitar
|-damage|p2a: Tyranitar|63/100
|-unboost|p1a: Salamence|spa|2
|-damage|p1a: Salamence|1/100|[from] item: Life Orb
|move|p1b: Kingambit|Kowtow Cleave|p2a: Tyranitar
|-resisted|p2a: Tyranitar
|-damage|p2a: Tyranitar|24/100
|move|p2b: Annihilape|Coaching|p2a: Tyranitar
|-boost|p2a: Tyranitar|atk|1
|-boost|p2a: Tyranitar|def|1
|move|p2a: Tyranitar|Rock Slide|p1a: Salamence|[spread] p1a,p1b
|-supereffective|p1a: Salamence
|-damage|p1a: Salamence|0 fnt
|-damage|p1b: Kingambit|0 fnt
|faint|p1a: Salamence
|faint|p1b: Kingambit
|
|-weather|none
|upkeep
|
|t:|1756212802
|switch|p1a: Electabuzz|Electabuzz, L50, M|16/100
|switch|p1b: Primarina|Primarina, L50, M|100/100
|turn|6
|inactive|doingVGCthings has 30 seconds left.
|
|t:|1756212832
|move|p1a: Electabuzz|Taunt|p2b: Annihilape
|-start|p2b: Annihilape|move: Taunt
|move|p1b: Primarina|Moonblast|p2a: Tyranitar
|-supereffective|p2a: Tyranitar
|-damage|p2a: Tyranitar|0 fnt
|faint|p2a: Tyranitar
|move|p2b: Annihilape|Rage Fist|p1b: Primarina
|-damage|p1b: Primarina|78/100
|
|upkeep
|
|t:|1756212842
|switch|p2a: Amoonguss|Amoonguss, L50, M|100/100
|turn|7
|inactive|Brutalandathebozz has 30 seconds left.
|
|t:|1756212874
|move|p1a: Electabuzz|Taunt|p2a: Amoonguss
|-start|p2a: Amoonguss|move: Taunt
|move|p1b: Primarina|Moonblast|p2b: Annihilape
|-damage|p2b: Annihilape|55/100
|-unboost|p2b: Annihilape|spa|1
|-ability|p2b: Annihilape|Defiant|boost
|-boost|p2b: Annihilape|atk|2
|move|p2b: Annihilape|Rage Fist|p1a: Electabuzz
|-damage|p1a: Electabuzz|0 fnt
|faint|p1a: Electabuzz
|cant|p2a: Amoonguss|move: Taunt|Spore
|
|-sideend|p1: Brutalandathebozz|move: Tailwind
|upkeep
|turn|8
|l|☆Brutalandathebozz
|inactive|Brutalandathebozz disconnected and has a minute to reconnect!
|player|p1|
|inactive|Brutalandathebozz has 30 seconds left.
|inactive|Brutalandathebozz has 20 seconds left.
|inactive|Brutalandathebozz has 15 seconds left.
|inactive|Brutalandathebozz has 10 seconds left.
|inactive|Brutalandathebozz has 5 seconds left.
|-message|Brutalandathebozz lost due to inactivity.
|
|win|doingVGCthings
|raw|Brutalandathebozz's rating: 1166 → 1148(-18 for losing)
|raw|doingVGCthings's rating: 1269 → 1287(+18 for winning)
