|j|☆ShadowOfAMan
|j|☆gene takavic
|html|ShadowOfAMangene takavic    
|uhtml|bestof|Game 2 of a best-of-3
|t:|1756597447
|gametype|doubles
|player|p1|ShadowOfAMan|elio-usum|1203
|player|p2|gene takavic|pryce|1135
|gen|9
|tier|[Gen 9] VGC 2025 Reg H (Bo3)
|rated|
|rule|Species Clause: Limit one of each Pokémon
|rule|Item Clause: Limit 1 of each item
|clearpoke
|poke|p1|Politoed, L50, F|
|poke|p1|Gothitelle, L50, M|
|poke|p1|Archaludon, L50, F|
|poke|p1|Incineroar, L50, M|
|poke|p1|Amoonguss, L50, F|
|poke|p1|Kingdra, L50, F|
|poke|p2|Charizard, L50, M|
|poke|p2|Torkoal, L50, F|
|poke|p2|Porygon2, L50|
|poke|p2|Incineroar, L50, F|
|poke|p2|Jumpluff, L50, F|
|poke|p2|Ursaluna, L50, M|
|teampreview|4
|showteam|p1|Politoed||Leftovers|Drizzle|WeatherBall,Encore,PerishSong,Protect|||F|||50|,,,,,Grass]Gothitelle||SitrusBerry|ShadowTag|FakeOut,Psychic,TrickRoom,Protect|||M|||50|,,,,,Dark]Archaludon||PowerHerb|Sturdy|ElectroShot,DragonPulse,FlashCannon,Protect|||F|||50|,,,,,Electric]Incineroar||SafetyGoggles|Intimidate|FakeOut,PartingShot,KnockOff,Protect|||M|||50|,,,,,Ghost]Amoonguss||EjectButton|Regenerator|PollenPuff,Spore,RagePowder,Protect|||F|||50|,,,,,Fairy]Kingdra||LifeOrb|SwiftSwim|MuddyWater,WeatherBall,DracoMeteor,Protect|||F|||50|,,,,,Stellar
|showteam|p2|Charizard||ChoiceSpecs|SolarPower|HeatWave,Overheat,WeatherBall,AirSlash|||M|||50|,,,,,Ghost]Torkoal||EjectPack|Drought|Eruption,Overheat,HelpingHand,Protect|||F|||50|,,,,,Fire]Porygon2||Eviolite|Download|TeraBlast,IceBeam,Recover,TrickRoom||||||50|,,,,,Fighting]Incineroar||SitrusBerry|Intimidate|FlareBlitz,KnockOff,FakeOut,PartingShot|||F|||50|,,,,,Ghost]Jumpluff||CovertCloak|Chlorophyll|SleepPowder,SunnyDay,RagePowder,Tailwind|||F|||50|,,,,,Water]Ursaluna||FlameOrb|Guts|HeadlongRush,Facade,Earthquake,Protect|||M|||50|,,,,,Ghost
|inactive|Battle timer is ON: inactive players will automatically lose when time's up. (requested by gene takavic)
|
|t:|1756597479
|teamsize|p1|4
|teamsize|p2|4
|start
|switch|p1a: Politoed|Politoed, L50, F|100/100
|switch|p1b: Kingdra|Kingdra, L50, F|100/100
|switch|p2a: Jumpluff|Jumpluff, L50, F|100/100
|switch|p2b: Incineroar|Incineroar, L50, F|100/100
|-ability|p2b: Incineroar|Intimidate|boost
|-unboost|p1a: Politoed|atk|1
|-unboost|p1b: Kingdra|atk|1
|-weather|RainDance|[from] ability: Drizzle|[of] p1a: Politoed
|turn|1
|inactive|ShadowOfAMan has 30 seconds left.
|inactive|ShadowOfAMan has 20 seconds left.
|inactive|ShadowOfAMan has 15 seconds left.
|
|t:|1756597521
|-terastallize|p1b: Kingdra|Stellar
|move|p2b: Incineroar|Fake Out|p1b: Kingdra
|-damage|p1b: Kingdra|85/100
|cant|p1b: Kingdra|flinch
|move|p2a: Jumpluff|Sunny Day|p2a: Jumpluff
|-weather|SunnyDay
|move|p1a: Politoed|Encore|p2a: Jumpluff
|-start|p2a: Jumpluff|Encore
|
|-weather|SunnyDay|[upkeep]
|upkeep
|turn|2
|inactive|gene takavic has 30 seconds left.
|
|t:|1756597547
|switch|p2a: Porygon2|Porygon2, L50|100/100
|-ability|p2a: Porygon2|Download|boost
|-boost|p2a: Porygon2|atk|1
|switch|p1a: Incineroar|Incineroar, L50, M|100/100
|-ability|p1a: Incineroar|Intimidate|boost
|-unboost|p2a: Porygon2|atk|1
|-unboost|p2b: Incineroar|atk|1
|move|p1b: Kingdra|Weather Ball|p2a: Porygon2
|-damage|p2a: Porygon2|53/100
|-damage|p1b: Kingdra|75/100|[from] item: Life Orb
|move|p2b: Incineroar|Flare Blitz|p1a: Incineroar
|-resisted|p1a: Incineroar
|-damage|p1a: Incineroar|75/100
|-damage|p2b: Incineroar|92/100|[from] Recoil
|
|-weather|SunnyDay|[upkeep]
|upkeep
|turn|3
|
|t:|1756597567
|move|p1b: Kingdra|Draco Meteor|p2a: Porygon2
|-damage|p2a: Porygon2|0 fnt
|-unboost|p1b: Kingdra|spa|2
|faint|p2a: Porygon2
|-damage|p1b: Kingdra|65/100|[from] item: Life Orb
|move|p2b: Incineroar|Knock Off|p1b: Kingdra
|-damage|p1b: Kingdra|33/100
|-enditem|p1b: Kingdra|Life Orb|[from] move: Knock Off|[of] p2b: Incineroar
|move|p1a: Incineroar|Knock Off|p2b: Incineroar
|-resisted|p2b: Incineroar
|-damage|p2b: Incineroar|76/100
|-enditem|p2b: Incineroar|Sitrus Berry|[from] move: Knock Off|[of] p1a: Incineroar
|
|-weather|SunnyDay|[upkeep]
|upkeep
|
|t:|1756597570
|switch|p2a: Ursaluna|Ursaluna, L50, M|100/100
|turn|4
|
|t:|1756597584
|switch|p1b: Politoed|Politoed, L50, F|100/100
|-weather|RainDance|[from] ability: Drizzle|[of] p1b: Politoed
|move|p2a: Ursaluna|Protect|p2a: Ursaluna
|-singleturn|p2a: Ursaluna|Protect
|move|p2b: Incineroar|Parting Shot|p1a: Incineroar
|-unboost|p1a: Incineroar|atk|1
|-unboost|p1a: Incineroar|spa|1
|
|t:|1756597593
|switch|p2b: Jumpluff|Jumpluff, L50, F|100/100|[from] Parting Shot
|move|p1a: Incineroar|Parting Shot|p2b: Jumpluff
|-unboost|p2b: Jumpluff|atk|1
|-unboost|p2b: Jumpluff|spa|1
|j| go to vr
|
|t:|1756597598
|switch|p1a: Kingdra|Kingdra, L50, F, tera:Stellar|33/100|[from] Parting Shot
|
|-weather|RainDance|[upkeep]
|-status|p2a: Ursaluna|brn|[from] item: Flame Orb
|upkeep
|turn|5
|
|t:|1756597621
|switch|p1b: Incineroar|Incineroar, L50, M|75/100
|-ability|p1b: Incineroar|Intimidate|boost
|-unboost|p2a: Ursaluna|atk|1
|-unboost|p2b: Jumpluff|atk|1
|move|p2a: Ursaluna|Protect||[still]
|-fail|p2a: Ursaluna
|move|p1a: Kingdra|Weather Ball|p2a: Ursaluna
|-supereffective|p2a: Ursaluna
|-damage|p2a: Ursaluna|0 fnt
|faint|p2a: Ursaluna
|move|p2b: Jumpluff|Tailwind|p2b: Jumpluff
|-sidestart|p2: gene takavic|move: Tailwind
|
|-weather|RainDance|[upkeep]
|upkeep
|
|t:|1756597623
|switch|p2a: Incineroar|Incineroar, L50, F|76/100
|-ability|p2a: Incineroar|Intimidate|boost
|-unboost|p1a: Kingdra|atk|1
|-unboost|p1b: Incineroar|atk|1
|turn|6
|inactive|ShadowOfAMan has 30 seconds left.
|inactive|ShadowOfAMan has 20 seconds left.
|
|t:|1756597660
|move|p2a: Incineroar|Fake Out|p1a: Kingdra
|-damage|p1a: Kingdra|17/100
|move|p2b: Jumpluff|Sunny Day|p2b: Jumpluff
|-weather|SunnyDay
|cant|p1a: Kingdra|flinch
|move|p1b: Incineroar|Parting Shot|p2a: Incineroar
|-unboost|p2a: Incineroar|atk|1
|-unboost|p2a: Incineroar|spa|1
|
|t:|1756597671
|switch|p1b: Politoed|Politoed, L50, F|100/100|[from] Parting Shot
|-weather|RainDance|[from] ability: Drizzle|[of] p1b: Politoed
|
|-weather|RainDance|[upkeep]
|upkeep
|turn|7
|inactive|ShadowOfAMan has 30 seconds left.
|inactive|gene takavic has 30 seconds left.
|inactive|ShadowOfAMan has 20 seconds left.
|inactive|ShadowOfAMan has 15 seconds left.
|inactive|ShadowOfAMan has 10 seconds left.
|
|t:|1756597717
|switch|p1a: Incineroar|Incineroar, L50, M|75/100
|-ability|p1a: Incineroar|Intimidate|boost
|-unboost|p2a: Incineroar|atk|1
|-unboost|p2b: Jumpluff|atk|1
|move|p1b: Politoed|Protect|p1b: Politoed
|-singleturn|p1b: Politoed|Protect
|move|p2b: Jumpluff|Sleep Powder|p1b: Politoed
|-activate|p1b: Politoed|move: Protect
|move|p2a: Incineroar|Knock Off|p1b: Politoed
|-activate|p1b: Politoed|move: Protect
|
|-weather|RainDance|[upkeep]
|upkeep
|turn|8
|inactive|ShadowOfAMan has 30 seconds left.
|inactive|gene takavic has 30 seconds left.
|
|t:|1756597748
|switch|p1b: Kingdra|Kingdra, L50, F, tera:Stellar|17/100
|move|p2b: Jumpluff|Sleep Powder|p1b: Kingdra
|-status|p1b: Kingdra|slp|[from] move: Sleep Powder
|move|p2a: Incineroar|Knock Off|p1a: Incineroar
|-resisted|p1a: Incineroar
|-damage|p1a: Incineroar|65/100
|-enditem|p1a: Incineroar|Safety Goggles|[from] move: Knock Off|[of] p2a: Incineroar
|move|p1a: Incineroar|Knock Off|p2b: Jumpluff
|-damage|p2b: Jumpluff|51/100
|-enditem|p2b: Jumpluff|Covert Cloak|[from] move: Knock Off|[of] p1a: Incineroar
|
|-weather|RainDance|[upkeep]
|-sideend|p2: gene takavic|move: Tailwind
|upkeep
|turn|9
|inactive|ShadowOfAMan has 30 seconds left.
|
|t:|1756597780
|cant|p1b: Kingdra|slp
|move|p2b: Jumpluff|Sleep Powder|p1a: Incineroar|[miss]
|-miss|p2b: Jumpluff|p1a: Incineroar
|move|p2a: Incineroar|Flare Blitz|p1b: Kingdra
|-resisted|p1b: Kingdra
|-damage|p1b: Kingdra|13/100 slp
|-damage|p2a: Incineroar|75/100|[from] Recoil
|move|p1a: Incineroar|Parting Shot|p2b: Jumpluff
|-unboost|p2b: Jumpluff|atk|1
|-unboost|p2b: Jumpluff|spa|1
|inactive|ShadowOfAMan has 30 seconds left.
|
|t:|1756597806
|switch|p1a: Politoed|Politoed, L50, F|100/100|[from] Parting Shot
|
|-weather|RainDance|[upkeep]
|upkeep
|turn|10
|
|t:|1756597818
|switch|p1b: Incineroar|Incineroar, L50, M|65/100
|-ability|p1b: Incineroar|Intimidate|boost
|-unboost|p2a: Incineroar|atk|1
|-unboost|p2b: Jumpluff|atk|1
|move|p1a: Politoed|Protect|p1a: Politoed
|-singleturn|p1a: Politoed|Protect
|move|p2b: Jumpluff|Sleep Powder|p1a: Politoed
|-activate|p1a: Politoed|move: Protect
|move|p2a: Incineroar|Knock Off|p1b: Incineroar
|-resisted|p1b: Incineroar
|-damage|p1b: Incineroar|59/100
|
|-weather|none
|upkeep
|turn|11
|
|t:|1756597834
|move|p1b: Incineroar|Fake Out|p2b: Jumpluff
|-damage|p2b: Jumpluff|36/100
|cant|p2b: Jumpluff|flinch
|move|p2a: Incineroar|Knock Off|p1a: Politoed
|-damage|p1a: Politoed|82/100
|-enditem|p1a: Politoed|Leftovers|[from] move: Knock Off|[of] p2a: Incineroar
|move|p1a: Politoed|Perish Song|p1a: Politoed
|-start|p1a: Politoed|perish3|[silent]
|-start|p1b: Incineroar|perish3|[silent]
|-start|p2a: Incineroar|perish3|[silent]
|-start|p2b: Jumpluff|perish3|[silent]
|-fieldactivate|move: Perish Song
|
|-start|p2b: Jumpluff|perish3
|-start|p2a: Incineroar|perish3
|-start|p1a: Politoed|perish3
|-start|p1b: Incineroar|perish3
|upkeep
|turn|12
|-message|gene takavic forfeited.
|
|win|ShadowOfAMan
||gene takavic is ready for game 3.
