|j|☆pinkey569
|j|☆Capitan-N
|html|pinkey569Capitan-N    
|uhtml|bestof|Game 3 of a best-of-3
|t:|1756693758
|gametype|doubles
|player|p1|pinkey569|265|1080
|player|p2|Capitan-N|n|1034
|gen|9
|tier|[Gen 9] VGC 2025 Reg H (Bo3)
|rated|
|rule|Species Clause: Limit one of each Pokémon
|rule|Item Clause: Limit 1 of each item
|clearpoke
|poke|p1|Tyranitar, L50, M|
|poke|p1|Dragonite, L50, F|
|poke|p1|Excadrill, L50, M|
|poke|p1|Volcarona, L50, F|
|poke|p1|Kilowattrel, L50, F|
|poke|p1|Indeedee, L50, M|
|poke|p2|Basculegion, L50, M|
|poke|p2|Incineroar, L50, F|
|poke|p2|Garganacl, L50, M|
|poke|p2|Gliscor, L50, F|
|poke|p2|Tyranitar, L50, F|
|poke|p2|Archaludon, L50, F|
|teampreview|4
|showteam|p1|Tyranitar||AssaultVest|SandStream|RockSlide,KnockOff,TeraBlast,LowKick|||M|||50|,,,,,Flying]Dragonite||LoadedDice|Multiscale|Protect,ThunderWave,Roar,ScaleShot|||F|||50|,,,,,Fairy]Excadrill||LifeOrb|SandRush|Protect,Earthquake,IronHead,TeraBlast|||M|||50|,,,,,Fairy]Volcarona||SitrusBerry|FlameBody|Tailwind,RagePowder,Overheat,StruggleBug|||F|||50|,,,,,Grass]Kilowattrel||ChoiceSpecs|Competitive|Thunderbolt,Discharge,AirSlash,WeatherBall|||F|||50|,,,,,Ghost]Indeedee||FocusSash|PsychicSurge|TrickRoom,Imprison,ExpandingForce,TeraBlast|||M|||50|,,,,,Fighting
|showteam|p2|Basculegion||ChoiceScarf|Adaptability|LastRespects,WaveCrash,FlipTurn,TeraBlast|||M|||50|,,,,,Dragon]Incineroar||SafetyGoggles|Intimidate|FakeOut,Taunt,KnockOff,Uturn|||F|||50|,,,,,Bug]Garganacl||Leftovers|PurifyingSalt|BodyPress,Recover,IronDefense,SaltCure|||M|||50|,,,,,Ghost]Gliscor||ToxicOrb|PoisonHeal|Toxic,HighHorsepower,PoisonJab,Protect|||F|||50|,,,,,Poison]Tyranitar||AssaultVest|SandStream|HighHorsepower,Snarl,Crunch,RockSlide|||F|||50|,,,,,Fairy]Archaludon||PowerHerb|Stamina|BodyPress,ElectroShot,Protect,DracoMeteor|||F|||50|,,,,,Grass
|
|t:|1756693990
|teamsize|p1|4
|teamsize|p2|4
|start
|switch|p1a: Volcarona|Volcarona, L50, F|100/100
|switch|p1b: Indeedee|Indeedee, L50, M|100/100
|switch|p2a: Incineroar|Incineroar, L50, F|100/100
|switch|p2b: Garganacl|Garganacl, L50, M, shiny|100/100
|-fieldstart|move: Psychic Terrain|[from] ability: Psychic Surge|[of] p1b: Indeedee
|-ability|p2a: Incineroar|Intimidate|boost
|-unboost|p1a: Volcarona|atk|1
|-unboost|p1b: Indeedee|atk|1
|turn|1
|
|t:|1756694026
|move|p1a: Volcarona|Rage Powder|p1a: Volcarona
|-singleturn|p1a: Volcarona|move: Rage Powder
|move|p1b: Indeedee|Expanding Force|p2a: Incineroar|[spread] p2b
|-immune|p2a: Incineroar
|-damage|p2b: Garganacl|55/100
|move|p2a: Incineroar|U-turn|p1b: Indeedee
|-supereffective|p1b: Indeedee
|-damage|p1b: Indeedee|13/100
|
|t:|1756694041
|switch|p2a: Gliscor|Gliscor, L50, F|100/100|[from] U-turn
|move|p2b: Garganacl|Salt Cure|p1a: Volcarona
|-supereffective|p1a: Volcarona
|-crit|p1a: Volcarona
|-damage|p1a: Volcarona|11/100
|-start|p1a: Volcarona|Salt Cure
|-enditem|p1a: Volcarona|Sitrus Berry|[eat]
|-heal|p1a: Volcarona|36/100|[from] item: Sitrus Berry
|
|-heal|p2b: Garganacl|61/100|[from] item: Leftovers
|-damage|p1a: Volcarona|23/100|[from] Salt Cure
|-status|p2a: Gliscor|tox|[from] item: Toxic Orb
|upkeep
|turn|2
|
|t:|1756694073
|switch|p2b: Incineroar|Incineroar, L50, F|100/100
|-ability|p2b: Incineroar|Intimidate|boost
|-unboost|p1a: Volcarona|atk|1
|-unboost|p1b: Indeedee|atk|1
|move|p1a: Volcarona|Rage Powder|p1a: Volcarona
|-singleturn|p1a: Volcarona|move: Rage Powder
|move|p1b: Indeedee|Expanding Force|p2b: Incineroar|[spread] p2a
|-immune|p2b: Incineroar
|-damage|p2a: Gliscor|48/100 tox
|move|p2a: Gliscor|Poison Jab|p1a: Volcarona
|-damage|p1a: Volcarona|0 fnt
|faint|p1a: Volcarona
|
|-heal|p2a: Gliscor|60/100 tox|[from] ability: Poison Heal
|upkeep
|
|t:|1756694116
|switch|p1a: Kilowattrel|Kilowattrel, L50, F|100/100
|turn|3
|
|t:|1756694212
|-terastallize|p1b: Indeedee|Fighting
|move|p2a: Gliscor|Protect|p2a: Gliscor
|-singleturn|p2a: Gliscor|Protect
|move|p1a: Kilowattrel|Air Slash|p2a: Gliscor
|-activate|p2a: Gliscor|move: Protect
|move|p1b: Indeedee|Tera Blast|p2b: Incineroar|[anim] Tera Blast Fighting
|-supereffective|p2b: Incineroar
|-damage|p2b: Incineroar|25/100
|move|p2b: Incineroar|U-turn|p1b: Indeedee
|-resisted|p1b: Indeedee
|-damage|p1b: Indeedee|0 fnt
|faint|p1b: Indeedee
|
|t:|1756694251
|switch|p2b: Archaludon|Archaludon, L50, F|100/100|[from] U-turn
|
|-heal|p2a: Gliscor|73/100 tox|[from] ability: Poison Heal
|upkeep
|
|t:|1756694258
|switch|p1b: Tyranitar|Tyranitar, L50, M|100/100
|-weather|Sandstorm|[from] ability: Sand Stream|[of] p1b: Tyranitar
|turn|4
|
|t:|1756694291
|switch|p2b: Incineroar|Incineroar, L50, F|25/100
|-ability|p2b: Incineroar|Intimidate|boost
|-unboost|p1a: Kilowattrel|atk|1
|-ability|p1a: Kilowattrel|Competitive|boost
|-boost|p1a: Kilowattrel|spa|2
|-unboost|p1b: Tyranitar|atk|1
|move|p1a: Kilowattrel|Air Slash|p2a: Gliscor
|-damage|p2a: Gliscor|0 fnt
|faint|p2a: Gliscor
|move|p1b: Tyranitar|Low Kick|p2b: Incineroar
|-supereffective|p2b: Incineroar
|-crit|p2b: Incineroar
|-damage|p2b: Incineroar|0 fnt
|faint|p2b: Incineroar
|
|-weather|Sandstorm|[upkeep]
|-damage|p1a: Kilowattrel|94/100|[from] Sandstorm
|upkeep
|
|t:|1756694337
|switch|p2a: Garganacl|Garganacl, L50, M, shiny|61/100
|switch|p2b: Archaludon|Archaludon, L50, F|100/100
|turn|5
|
|t:|1756694361
|move|p1a: Kilowattrel|Air Slash|p2a: Garganacl
|-resisted|p2a: Garganacl
|-damage|p2a: Garganacl|33/100
|move|p2b: Archaludon|Body Press|p1b: Tyranitar
|-supereffective|p1b: Tyranitar
|-damage|p1b: Tyranitar|14/100
|move|p1b: Tyranitar|Knock Off|p2a: Garganacl
|-damage|p2a: Garganacl|10/100
|-enditem|p2a: Garganacl|Leftovers|[from] move: Knock Off|[of] p1b: Tyranitar
|cant|p2a: Garganacl|flinch
|
|-weather|Sandstorm|[upkeep]
|-damage|p1a: Kilowattrel|88/100|[from] Sandstorm
|-fieldend|move: Psychic Terrain
|upkeep
|turn|6
|
|t:|1756694417
|move|p2b: Archaludon|Protect|p2b: Archaludon
|-singleturn|p2b: Archaludon|Protect
|move|p1a: Kilowattrel|Air Slash|p2b: Archaludon
|-activate|p2b: Archaludon|move: Protect
|move|p1b: Tyranitar|Low Kick|p2a: Garganacl
|-supereffective|p2a: Garganacl
|-damage|p2a: Garganacl|0 fnt
|faint|p2a: Garganacl
|
|-weather|Sandstorm|[upkeep]
|-damage|p1a: Kilowattrel|82/100|[from] Sandstorm
|upkeep
|turn|7
|inactive|Battle timer is ON: inactive players will automatically lose when time's up. (requested by pinkey569)
|inactive|Capitan-N has 60 seconds left.
|inactive|Capitan-N has 30 seconds left.
|inactive|Capitan-N has 20 seconds left.
|inactive|Capitan-N has 15 seconds left.
|inactive|Capitan-N has 10 seconds left.
|inactive|Capitan-N has 5 seconds left.
|
|t:|1756694682
|move|p1a: Kilowattrel|Air Slash|p2b: Archaludon
|-resisted|p2b: Archaludon
|-damage|p2b: Archaludon|35/100
|-ability|p2b: Archaludon|Stamina|boost
|-boost|p2b: Archaludon|def|1
|move|p2b: Archaludon|Body Press|p1b: Tyranitar
|-supereffective|p1b: Tyranitar
|-damage|p1b: Tyranitar|0 fnt
|faint|p1b: Tyranitar
|
|-weather|Sandstorm|[upkeep]
|-damage|p1a: Kilowattrel|76/100|[from] Sandstorm
|upkeep
|turn|8
|inactive|Capitan-N has 30 seconds left.
|inactive|Capitan-N has 20 seconds left.
|inactive|Capitan-N has 15 seconds left.
|inactive|Capitan-N has 10 seconds left.
|inactive|Capitan-N has 5 seconds left.
|
|t:|1756694737
|move|p1a: Kilowattrel|Air Slash|p2b: Archaludon
|-resisted|p2b: Archaludon
|-damage|p2b: Archaludon|0 fnt
|faint|p2b: Archaludon
|
|win|pinkey569
|raw|pinkey569's rating: 1080 → 1104(+24 for winning)
|raw|Capitan-N's rating: 1034 → 1021(-13 for losing)
|c|☆pinkey569|gg
