|j|☆blackstorm games
|j|☆plouifasol
|html|blackstorm gamesplouifasol    
|uhtml|bestof|Game 2 of a best-of-3
|t:|1756843240
|gametype|doubles
|player|p1|blackstorm games|266|1180
|player|p2|plouifasol|hiker-gen4|1083
|gen|9
|tier|[Gen 9] VGC 2025 Reg H (Bo3)
|rated|
|rule|Species Clause: Limit one of each Pokémon
|rule|Item Clause: Limit 1 of each item
|clearpoke
|poke|p1|Dragonite, L50, M|
|poke|p1|Pelipper, L50, M|
|poke|p1|Gholdengo, L50|
|poke|p1|Archaludon, L50, F|
|poke|p1|Sinistcha, L50|
|poke|p1|Ursaluna, L50, M|
|poke|p2|Archaludon, L50, F|
|poke|p2|Pelipper, L50, F|
|poke|p2|Basculegion, L50, M|
|poke|p2|Amoonguss, L50, M|
|poke|p2|Gholdengo, L50|
|poke|p2|Incineroar, L50, F|
|teampreview|4
|showteam|p1|Dragonite||LoadedDice|Multiscale|ScaleShot,Tailwind,Haze,Protect|||M|||50|,,,,,Fairy]Pelipper||FocusSash|Drizzle|Hurricane,Tailwind,WeatherBall,Protect|||M|||50|,,,,,Ghost]Gholdengo||LifeOrb|GoodasGold|MakeItRain,ShadowBall,NastyPlot,Protect||||||50|,,,,,Water]Archaludon||AssaultVest|Stamina|ElectroShot,BodyPress,DracoMeteor,Snarl|||F|||50|,,,,,Fighting]Sinistcha||SitrusBerry|Hospitality|MatchaGotcha,LifeDew,RagePowder,TrickRoom||||||50|,,,,,Dark]Ursaluna||FlameOrb|Guts|HeadlongRush,Earthquake,Facade,Protect|||M|||50|,,,,,Ghost
|showteam|p2|Archaludon||AssaultVest|Stamina|DragonPulse,ElectroShot,FlashCannon,BodyPress|||F|||50|,,,,,Bug]Pelipper||FocusSash|Drizzle|WeatherBall,Hurricane,Tailwind,Protect|||F|||50|,,,,,Ground]Basculegion||ChoiceBand|SwiftSwim|WaveCrash,LastRespects,AquaJet,FlipTurn|||M|||50|,,,,,Water]Amoonguss||SitrusBerry|Regenerator|PollenPuff,Spore,RagePowder,Protect|||M|||50|,,,,,Fairy]Gholdengo||LifeOrb|GoodasGold|MakeItRain,ShadowBall,NastyPlot,Protect||||||50|,,,,,Water]Incineroar||RockyHelmet|Intimidate|KnockOff,Taunt,PartingShot,FakeOut|||F|||50|,,,,,Ghost
|
|t:|1756843266
|teamsize|p1|4
|teamsize|p2|4
|start
|switch|p1a: Dragonite|Dragonite, L50, M|100/100
|switch|p1b: Archaludon|Archaludon, L50, F|100/100
|switch|p2a: Incineroar|Incineroar, L50, F|100/100
|switch|p2b: Gholdengo|Gholdengo, L50|100/100
|-ability|p2a: Incineroar|Intimidate|boost
|-unboost|p1a: Dragonite|atk|1
|-unboost|p1b: Archaludon|atk|1
|turn|1
|
|t:|1756843280
|switch|p1a: Gholdengo|Gholdengo, L50|100/100
|move|p2a: Incineroar|Fake Out|p1a: Gholdengo
|-immune|p1a: Gholdengo
|move|p2b: Gholdengo|Nasty Plot|p2b: Gholdengo
|-boost|p2b: Gholdengo|spa|2
|move|p1b: Archaludon|Body Press|p2a: Incineroar
|-supereffective|p2a: Incineroar
|-damage|p2a: Incineroar|60/100
|-damage|p1b: Archaludon|84/100|[from] item: Rocky Helmet|[of] p2a: Incineroar
|
|upkeep
|turn|2
|
|t:|1756843306
|-terastallize|p2b: Gholdengo|Water
|-terastallize|p1a: Gholdengo|Water
|move|p1a: Gholdengo|Shadow Ball|p2b: Gholdengo
|-damage|p2b: Gholdengo|45/100
|-damage|p1a: Gholdengo|91/100|[from] item: Life Orb
|move|p2b: Gholdengo|Shadow Ball|p1a: Gholdengo
|-damage|p1a: Gholdengo|0 fnt
|faint|p1a: Gholdengo
|-damage|p2b: Gholdengo|35/100|[from] item: Life Orb
|move|p1b: Archaludon|Snarl|p2b: Gholdengo|[spread] p2a,p2b
|-resisted|p2a: Incineroar
|-damage|p2a: Incineroar|55/100
|-damage|p2b: Gholdengo|20/100
|-unboost|p2a: Incineroar|spa|1
|-unboost|p2b: Gholdengo|spa|1
|move|p2a: Incineroar|Parting Shot|p1b: Archaludon
|-unboost|p1b: Archaludon|atk|1
|-unboost|p1b: Archaludon|spa|1
|
|t:|1756843326
|switch|p2a: Amoonguss|Amoonguss, L50, M|100/100|[from] Parting Shot
|
|upkeep
|
|t:|1756843331
|switch|p1a: Dragonite|Dragonite, L50, M|100/100
|turn|3
|
|t:|1756843341
|move|p2a: Amoonguss|Rage Powder|p2a: Amoonguss
|-singleturn|p2a: Amoonguss|move: Rage Powder
|move|p2b: Gholdengo|Nasty Plot|p2b: Gholdengo
|-boost|p2b: Gholdengo|spa|2
|move|p1a: Dragonite|Scale Shot|p2a: Amoonguss
|-damage|p2a: Amoonguss|89/100
|-damage|p2a: Amoonguss|78/100
|-damage|p2a: Amoonguss|66/100
|-damage|p2a: Amoonguss|54/100
|-damage|p2a: Amoonguss|43/100
|-enditem|p2a: Amoonguss|Sitrus Berry|[eat]
|-heal|p2a: Amoonguss|68/100|[from] item: Sitrus Berry
|-hitcount|p2a: Amoonguss|5
|-unboost|p1a: Dragonite|def|1
|-boost|p1a: Dragonite|spe|1
|move|p1b: Archaludon|Snarl|p2a: Amoonguss|[spread] p2a,p2b
|-damage|p2a: Amoonguss|60/100
|-damage|p2b: Gholdengo|10/100
|-unboost|p2a: Amoonguss|spa|1
|-unboost|p2b: Gholdengo|spa|1
|
|upkeep
|turn|4
|
|t:|1756843367
|move|p2a: Amoonguss|Rage Powder|p2a: Amoonguss
|-singleturn|p2a: Amoonguss|move: Rage Powder
|move|p1a: Dragonite|Haze|p1a: Dragonite
|-clearallboost
|move|p2b: Gholdengo|Shadow Ball|p1b: Archaludon
|-damage|p1b: Archaludon|44/100
|-ability|p1b: Archaludon|Stamina|boost
|-boost|p1b: Archaludon|def|1
|-damage|p2b: Gholdengo|0 fnt|[from] item: Life Orb
|faint|p2b: Gholdengo
|move|p1b: Archaludon|Snarl|p2a: Amoonguss
|-damage|p2a: Amoonguss|44/100
|-unboost|p2a: Amoonguss|spa|1
|
|upkeep
|
|t:|1756843381
|switch|p2b: Incineroar|Incineroar, L50, F|55/100
|-ability|p2b: Incineroar|Intimidate|boost
|-unboost|p1a: Dragonite|atk|1
|-unboost|p1b: Archaludon|atk|1
|turn|5
|
|t:|1756843406
|switch|p1a: Sinistcha|Sinistcha, L50|100/100
|-heal|p1b: Archaludon|69/100|[from] ability: Hospitality|[of] p1a: Sinistcha
|move|p2b: Incineroar|Fake Out|p1a: Sinistcha
|-immune|p1a: Sinistcha
|move|p1b: Archaludon|Draco Meteor|p2a: Amoonguss
|-damage|p2a: Amoonguss|0 fnt
|-unboost|p1b: Archaludon|spa|2
|faint|p2a: Amoonguss
|
|upkeep
|
|t:|1756843423
|switch|p2a: Basculegion|Basculegion, L50, M|100/100
|turn|6
|
|t:|1756843455
|move|p1a: Sinistcha|Rage Powder|p1a: Sinistcha
|-singleturn|p1a: Sinistcha|move: Rage Powder
|move|p1b: Archaludon|Body Press|p2b: Incineroar
|-supereffective|p2b: Incineroar
|-damage|p2b: Incineroar|0 fnt
|-damage|p1b: Archaludon|52/100|[from] item: Rocky Helmet|[of] p2b: Incineroar
|faint|p2b: Incineroar
|move|p2a: Basculegion|Last Respects|p1a: Sinistcha
|-supereffective|p1a: Sinistcha
|-damage|p1a: Sinistcha|0 fnt
|faint|p1a: Sinistcha
|
|upkeep
|
|t:|1756843465
|switch|p1a: Dragonite|Dragonite, L50, M|100/100
|turn|7
|
|t:|1756843473
|move|p1a: Dragonite|Scale Shot|p2a: Basculegion
|-damage|p2a: Basculegion|87/100
|-damage|p2a: Basculegion|74/100
|-damage|p2a: Basculegion|60/100
|-damage|p2a: Basculegion|48/100
|-damage|p2a: Basculegion|35/100
|-hitcount|p2a: Basculegion|5
|-unboost|p1a: Dragonite|def|1
|-boost|p1a: Dragonite|spe|1
|move|p1b: Archaludon|Draco Meteor|p2a: Basculegion|[miss]
|-miss|p1b: Archaludon|p2a: Basculegion
|move|p2a: Basculegion|Last Respects|p1a: Dragonite
|-damage|p1a: Dragonite|0 fnt
|faint|p1a: Dragonite
|
|upkeep
|turn|8
|
|t:|1756843494
|move|p1b: Archaludon|Draco Meteor|p2a: Basculegion
|-damage|p2a: Basculegion|0 fnt
|-unboost|p1b: Archaludon|spa|2
|faint|p2a: Basculegion
|
|win|blackstorm games
||blackstorm games is ready for game 3.
||plouifasol is ready for game 3.
|uhtml|next|Next: Game 3 of 3
|l|☆plouifasol
|player|p2|
