|j|☆UnApostrofoRosaVGC
|j|☆Brutalandathebozz
|html|UnApostrofoRosaVGCBrutalandathebozz    
|uhtml|bestof|Game 1 of a best-of-3
|t:|1756196146
|gametype|doubles
|player|p1|UnApostrofoRosaVGC|101|1254
|player|p2|Brutalandathebozz|1|1264
|gen|9
|tier|[Gen 9] VGC 2025 Reg H (Bo3)
|rated|
|rule|Species Clause: Limit one of each Pokémon
|rule|Item Clause: Limit 1 of each item
|clearpoke
|poke|p1|Indeedee-F, L50, F|
|poke|p1|Armarouge, L50, F|
|poke|p1|Kingambit, L50, F|
|poke|p1|Torkoal, L50, M|
|poke|p1|Gallade, L50, M|
|poke|p1|Maushold-Four, L50|
|poke|p2|Salamence, L50, M|
|poke|p2|Sneasler, L50, F|
|poke|p2|Kingambit, L50, M|
|poke|p2|Primarina, L50, M|
|poke|p2|Electabuzz, L50, F|
|poke|p2|Rillaboom, L50, M|
|teampreview|4
|showteam|p1|Indeedee-F||PsychicSeed|PsychicSurge|Psychic,HelpingHand,FollowMe,TrickRoom|||F|||50|,,,,,Grass]Armarouge||LifeOrb|FlashFire|ExpandingForce,ArmorCannon,TrickRoom,Protect|||F|||50|,,,,,Grass]Kingambit||SafetyGoggles|Defiant|KowtowCleave,SuckerPunch,LowKick,SwordsDance|||F|||50|,,,,,Dark]Torkoal||Charcoal|Drought|Eruption,WeatherBall,HeatWave,Protect|||M|||50|,,,,,Fire]Gallade||ClearAmulet|Sharpness|SacredSword,PsychoCut,WideGuard,TrickRoom|||M|||50|,,,,,Grass]Maushold-Four||WideLens|Technician|PopulationBomb,Taunt,FollowMe,Protect||||||50|,,,,,Ghost
|showteam|p2|Salamence||LifeOrb|Intimidate|DualWingbeat,DracoMeteor,Protect,Tailwind|||M|||50|,,,,,Stellar]Sneasler||FocusSash|PoisonTouch|FakeOut,CloseCombat,DireClaw,Protect|||F|||50|,,,,,Ghost]Kingambit||BlackGlasses|Defiant|KowtowCleave,SuckerPunch,Protect,SwordsDance|||M|||50|,,,,,Dark]Primarina||SitrusBerry|LiquidVoice|HyperVoice,Moonblast,Protect,Haze|||M|||50|,,,,,Poison]Electabuzz||Eviolite|VitalSpirit|Protect,Taunt,FollowMe,Electroweb|||F|||50|,,,,,Ghost]Rillaboom||AssaultVest|GrassySurge|WoodHammer,GrassyGlide,FakeOut,HighHorsepower|||M|||50|,,,,,Fire
|inactive|Battle timer is ON: inactive players will automatically lose when time's up. (requested by Brutalandathebozz)
|
|t:|1756196194
|teamsize|p1|4
|teamsize|p2|4
|start
|switch|p1a: Maushold|Maushold-Four, L50|100/100
|switch|p1b: Armarouge|Armarouge, L50, F|100/100
|switch|p2a: Kingambit|Kingambit, L50, M|100/100
|switch|p2b: Sneasler|Sneasler, L50, F|100/100
|turn|1
|inactive|Brutalandathebozz has 30 seconds left.
|inactive|Brutalandathebozz has 20 seconds left.
|
|t:|1756196232
|-terastallize|p2a: Kingambit|Dark
|move|p2b: Sneasler|Dire Claw|p1b: Armarouge
|-damage|p1b: Armarouge|61/100
|move|p1a: Maushold|Population Bomb|p2b: Sneasler
|-damage|p2b: Sneasler|80/100
|-damage|p2b: Sneasler|61/100
|-damage|p2b: Sneasler|42/100
|-damage|p2b: Sneasler|24/100
|-damage|p2b: Sneasler|6/100
|-damage|p2b: Sneasler|0 fnt
|faint|p2b: Sneasler
|-hitcount|p2: Sneasler|6
|move|p2a: Kingambit|Kowtow Cleave|p1b: Armarouge
|-supereffective|p1b: Armarouge
|-damage|p1b: Armarouge|0 fnt
|faint|p1b: Armarouge
|
|upkeep
|
|t:|1756196254
|switch|p2b: Primarina|Primarina, L50, M|100/100
|switch|p1b: Torkoal|Torkoal, L50, M|100/100
|-weather|SunnyDay|[from] ability: Drought|[of] p1b: Torkoal
|turn|2
|inactive|Brutalandathebozz has 30 seconds left.
|
|t:|1756196287
|switch|p1b: Indeedee|Indeedee-F, L50, F|100/100
|-fieldstart|move: Psychic Terrain|[from] ability: Psychic Surge|[of] p1b: Indeedee
|-enditem|p1b: Indeedee|Psychic Seed
|-boost|p1b: Indeedee|spd|1|[from] item: Psychic Seed
|move|p2b: Primarina|Protect|p2b: Primarina
|-singleturn|p2b: Primarina|Protect
|move|p1a: Maushold|Population Bomb|p2a: Kingambit
|-damage|p2a: Kingambit|91/100
|-damage|p2a: Kingambit|82/100
|-damage|p2a: Kingambit|72/100
|-damage|p2a: Kingambit|64/100
|-damage|p2a: Kingambit|56/100
|-damage|p2a: Kingambit|46/100
|-damage|p2a: Kingambit|37/100
|-damage|p2a: Kingambit|28/100
|-damage|p2a: Kingambit|18/100
|-damage|p2a: Kingambit|8/100
|-hitcount|p2a: Kingambit|10
|move|p2a: Kingambit|Kowtow Cleave|p1b: Indeedee
|-supereffective|p1b: Indeedee
|-damage|p1b: Indeedee|0 fnt
|faint|p1b: Indeedee
|
|-weather|SunnyDay|[upkeep]
|upkeep
|
|t:|1756196310
|switch|p1b: Torkoal|Torkoal, L50, M|100/100
|turn|3
|
|t:|1756196326
|-terastallize|p1b: Torkoal|Fire
|move|p1a: Maushold|Population Bomb|p2b: Primarina
|-damage|p2b: Primarina|89/100
|-damage|p2b: Primarina|77/100
|-crit|p2b: Primarina
|-damage|p2b: Primarina|58/100
|-damage|p2b: Primarina|46/100
|-enditem|p2b: Primarina|Sitrus Berry|[eat]
|-heal|p2b: Primarina|71/100|[from] item: Sitrus Berry
|-damage|p2b: Primarina|58/100
|-damage|p2b: Primarina|45/100
|-damage|p2b: Primarina|34/100
|-damage|p2b: Primarina|21/100
|-damage|p2b: Primarina|10/100
|-crit|p2b: Primarina
|-damage|p2b: Primarina|0 fnt
|faint|p2b: Primarina
|-hitcount|p2: Primarina|10
|move|p2a: Kingambit|Kowtow Cleave|p1b: Torkoal
|-damage|p1b: Torkoal|39/100
|move|p1b: Torkoal|Heat Wave|p2a: Kingambit
|-damage|p2a: Kingambit|0 fnt
|faint|p2a: Kingambit
|
|-weather|SunnyDay|[upkeep]
|upkeep
|
|t:|1756196336
|switch|p2a: Rillaboom|Rillaboom, L50, M|100/100
|-fieldstart|move: Grassy Terrain|[from] ability: Grassy Surge|[of] p2a: Rillaboom
|turn|4
|
|t:|1756196353
|move|p1a: Maushold|Protect|p1a: Maushold
|-singleturn|p1a: Maushold|Protect
|move|p1b: Torkoal|Protect|p1b: Torkoal
|-singleturn|p1b: Torkoal|Protect
|move|p2a: Rillaboom|Wood Hammer|p1a: Maushold
|-activate|p1a: Maushold|move: Protect
|
|-weather|SunnyDay|[upkeep]
|-heal|p1b: Torkoal|46/100|[from] Grassy Terrain
|upkeep
|turn|5
|
|t:|1756196367
|move|p1a: Maushold|Population Bomb|p2a: Rillaboom
|-damage|p2a: Rillaboom|89/100
|-damage|p2a: Rillaboom|78/100
|-damage|p2a: Rillaboom|65/100
|-damage|p2a: Rillaboom|53/100
|-damage|p2a: Rillaboom|42/100
|-damage|p2a: Rillaboom|29/100
|-damage|p2a: Rillaboom|18/100
|-damage|p2a: Rillaboom|5/100
|-damage|p2a: Rillaboom|0 fnt
|faint|p2a: Rillaboom
|-hitcount|p2: Rillaboom|9
|
|win|UnApostrofoRosaVGC
