|j|☆Notaplaceofhonor
|j|☆jstestng
|html|Notaplaceofhonorjstestng    
|uhtml|bestof|Game 1 of a best-of-3
|t:|1756275212
|gametype|doubles
|player|p1|Notaplaceofhonor|juan-gen3|1170
|player|p2|jstestng|pokemonbreeder-gen4|1013
|gen|9
|tier|[Gen 9] VGC 2025 Reg H (Bo3)
|rated|
|rule|Species Clause: Limit one of each Pokémon
|rule|Item Clause: Limit 1 of each item
|clearpoke
|poke|p1|Ursaluna, L50, F|
|poke|p1|Incineroar, L50, F|
|poke|p1|Porygon2, L50|
|poke|p1|Jumpluff, L50, M|
|poke|p1|Gholdengo, L50|
|poke|p1|Sneasler, L50, F|
|poke|p2|Dragonite, L50, F|
|poke|p2|Annihilape, L50, M|
|poke|p2|Rillaboom, L50, M|
|poke|p2|Gholdengo, L50|
|poke|p2|Dondozo, L50, M|
|poke|p2|Incineroar, L50, M|
|teampreview|4
|showteam|p1|Ursaluna||FlameOrb|Guts|Protect,Facade,Earthquake,HeadlongRush|||F|||50|,,,,,Ghost]Incineroar||SafetyGoggles|Intimidate|FlareBlitz,FakeOut,KnockOff,PartingShot|||F|||50|,,,,,Ghost]Porygon2||Eviolite|Download|Recover,TeraBlast,IceBeam,TrickRoom||||||50|,,,,,Fighting]Jumpluff||CovertCloak|Chlorophyll|SleepPowder,Tailwind,PollenPuff,RagePowder|||M|||50|,,,,,Water]Gholdengo||LifeOrb|GoodasGold|Protect,NastyPlot,MakeItRain,ShadowBall||||||50|,,,,,Steel]Sneasler||FocusSash|Unburden|Protect,CloseCombat,DireClaw,ThroatChop|||F|||50|,,,,,Stellar
|showteam|p2|Dragonite||LoadedDice|Multiscale|Protect,ScaleShot,ExtremeSpeed,Haze|||F|||50|,,,,,Fairy]Annihilape||FocusSash|Defiant|Protect,Coaching,RageFist,CloseCombat|||M|||50|,,,,,Stellar]Rillaboom||AssaultVest|GrassySurge|FakeOut,GrassyGlide,HighHorsepower,WoodHammer|||M|||50|,,,,,Fire]Gholdengo||SitrusBerry|GoodasGold|Protect,NastyPlot,MakeItRain,ShadowBall||||||50|,,,,,Water]Dondozo||Leftovers|Unaware|Protect,WaveCrash,Yawn,Fissure|||M|||50|,,,,,Grass]Incineroar||SafetyGoggles|Intimidate|FakeOut,KnockOff,FlareBlitz,PartingShot|||M|||50|,,,,,Ghost
|inactive|Battle timer is ON: inactive players will automatically lose when time's up. (requested by jstestng)
|inactive|jstestng has 60 seconds left.
|
|t:|1756275263
|teamsize|p1|4
|teamsize|p2|4
|start
|switch|p1a: Incineroar|Incineroar, L50, F|100/100
|switch|p1b: Porygon2|Porygon2, L50|100/100
|switch|p2a: Annihilape|Annihilape, L50, M, shiny|100/100
|switch|p2b: Dragonite|Dragonite, L50, F, shiny|100/100
|-ability|p1b: Porygon2|Download|boost
|-boost|p1b: Porygon2|atk|1
|-ability|p1a: Incineroar|Intimidate|boost
|-unboost|p2a: Annihilape|atk|1
|-ability|p2a: Annihilape|Defiant|boost
|-boost|p2a: Annihilape|atk|2
|-unboost|p2b: Dragonite|atk|1
|turn|1
|
|t:|1756275287
|switch|p2b: Incineroar|Incineroar, L50, M|100/100
|-ability|p2b: Incineroar|Intimidate|boost
|-unboost|p1a: Incineroar|atk|1
|-unboost|p1b: Porygon2|atk|1
|move|p1a: Incineroar|Fake Out|p2b: Incineroar
|-damage|p2b: Incineroar|94/100
|move|p2a: Annihilape|Close Combat|p1a: Incineroar
|-supereffective|p1a: Incineroar
|-damage|p1a: Incineroar|0 fnt
|-unboost|p2a: Annihilape|def|1
|-unboost|p2a: Annihilape|spd|1
|faint|p1a: Incineroar
|move|p1b: Porygon2|Trick Room|p1b: Porygon2
|-fieldstart|move: Trick Room|[of] p1b: Porygon2
|
|upkeep
|
|t:|1756275297
|switch|p1a: Ursaluna|Ursaluna, L50, F|100/100
|turn|2
|
|t:|1756275315
|switch|p1b: Gholdengo|Gholdengo, L50|100/100
|switch|p2b: Dondozo|Dondozo, L50, M|100/100
|move|p1a: Ursaluna|Protect|p1a: Ursaluna
|-singleturn|p1a: Ursaluna|Protect
|move|p2a: Annihilape|Coaching|p2b: Dondozo
|-boost|p2b: Dondozo|atk|1
|-boost|p2b: Dondozo|def|1
|
|-status|p1a: Ursaluna|brn|[from] item: Flame Orb
|upkeep
|turn|3
|inactive|jstestng has 30 seconds left.
|inactive|jstestng has 20 seconds left.
|inactive|Notaplaceofhonor has 30 seconds left.
|inactive|jstestng has 15 seconds left.
|inactive|jstestng has 10 seconds left.
|inactive|Notaplaceofhonor has 20 seconds left.
|inactive|jstestng has 5 seconds left.
|
|t:|1756275368
|-terastallize|p1a: Ursaluna|Ghost
|move|p2a: Annihilape|Protect|p2a: Annihilape
|-singleturn|p2a: Annihilape|Protect
|move|p2b: Dondozo|Fissure|p1a: Ursaluna|[miss]
|-miss|p2b: Dondozo|p1a: Ursaluna
|move|p1a: Ursaluna|Facade|p2b: Dondozo
|-damage|p2b: Dondozo|53/100
|move|p1b: Gholdengo|Make It Rain|p2a: Annihilape|[spread] p2b
|-activate|p2a: Annihilape|move: Protect
|-resisted|p2b: Dondozo
|-damage|p2b: Dondozo|33/100
|-unboost|p1b: Gholdengo|spa|1
|-damage|p1b: Gholdengo|91/100|[from] item: Life Orb
|
|-heal|p2b: Dondozo|39/100|[from] item: Leftovers
|-damage|p1a: Ursaluna|95/100 brn|[from] brn
|upkeep
|turn|4
|inactive|Notaplaceofhonor has 30 seconds left.
|
|t:|1756275395
|switch|p1b: Porygon2|Porygon2, L50|100/100
|-ability|p1b: Porygon2|Download|boost
|-boost|p1b: Porygon2|spa|1
|switch|p2a: Incineroar|Incineroar, L50, M|94/100
|-ability|p2a: Incineroar|Intimidate|boost
|-unboost|p1a: Ursaluna|atk|1
|-unboost|p1b: Porygon2|atk|1
|move|p2b: Dondozo|Protect|p2b: Dondozo
|-singleturn|p2b: Dondozo|Protect
|move|p1a: Ursaluna|Earthquake|p2a: Incineroar|[spread] p1b,p2a
|-activate|p2b: Dondozo|move: Protect
|-supereffective|p2a: Incineroar
|-damage|p1b: Porygon2|71/100
|-damage|p2a: Incineroar|7/100
|
|-heal|p2b: Dondozo|46/100|[from] item: Leftovers
|-damage|p1a: Ursaluna|89/100 brn|[from] brn
|upkeep
|turn|5
|inactive|jstestng has 30 seconds left.
|
|t:|1756275426
|move|p2a: Incineroar|Fake Out|p1b: Porygon2
|-damage|p1b: Porygon2|62/100
|move|p2b: Dondozo|Fissure|p1a: Ursaluna
|-damage|p1a: Ursaluna|0 fnt
|faint|p1a: Ursaluna
|-ohko
|cant|p1b: Porygon2|flinch
|
|-heal|p2b: Dondozo|52/100|[from] item: Leftovers
|-fieldend|move: Trick Room
|upkeep
|
|t:|1756275432
|switch|p1a: Gholdengo|Gholdengo, L50|91/100
|turn|6
|
|t:|1756275446
|move|p1a: Gholdengo|Shadow Ball|p2a: Incineroar
|-resisted|p2a: Incineroar
|-damage|p2a: Incineroar|0 fnt
|faint|p2a: Incineroar
|-damage|p1a: Gholdengo|81/100|[from] item: Life Orb
|move|p1b: Porygon2|Tera Blast|p2b: Dondozo
|-damage|p2b: Dondozo|32/100
|move|p2b: Dondozo|Yawn|p1b: Porygon2
|-start|p1b: Porygon2|move: Yawn|[of] p2b: Dondozo
|
|-heal|p2b: Dondozo|38/100|[from] item: Leftovers
|upkeep
|
|t:|1756275460
|switch|p2a: Annihilape|Annihilape, L50, M, shiny|100/100
|turn|7
|
|t:|1756275480
|move|p2a: Annihilape|Protect|p2a: Annihilape
|-singleturn|p2a: Annihilape|Protect
|move|p2b: Dondozo|Protect|p2b: Dondozo
|-singleturn|p2b: Dondozo|Protect
|move|p1a: Gholdengo|Nasty Plot|p1a: Gholdengo
|-boost|p1a: Gholdengo|spa|2
|move|p1b: Porygon2|Recover|p1b: Porygon2
|-heal|p1b: Porygon2|100/100
|
|-heal|p2b: Dondozo|44/100|[from] item: Leftovers
|-end|p1b: Porygon2|move: Yawn|[silent]
|-status|p1b: Porygon2|slp
|upkeep
|turn|8
|
|t:|1756275498
|move|p1a: Gholdengo|Protect|p1a: Gholdengo
|-singleturn|p1a: Gholdengo|Protect
|move|p2a: Annihilape|Rage Fist|p1a: Gholdengo
|-activate|p1a: Gholdengo|move: Protect
|cant|p1b: Porygon2|slp
|move|p2b: Dondozo|Fissure|p1b: Porygon2|[miss]
|-miss|p2b: Dondozo|p1b: Porygon2
|
|-heal|p2b: Dondozo|51/100|[from] item: Leftovers
|upkeep
|turn|9
|
|t:|1756275516
|move|p2a: Annihilape|Rage Fist|p1a: Gholdengo
|-supereffective|p1a: Gholdengo
|-damage|p1a: Gholdengo|22/100
|move|p1a: Gholdengo|Make It Rain|p2b: Dondozo|[spread] p2a,p2b
|-resisted|p2b: Dondozo
|-enditem|p2a: Annihilape|Focus Sash
|-damage|p2a: Annihilape|1/100
|-damage|p2b: Dondozo|32/100
|-unboost|p1a: Gholdengo|spa|1
|-damage|p1a: Gholdengo|12/100|[from] item: Life Orb
|cant|p1b: Porygon2|slp
|move|p2b: Dondozo|Fissure|p1b: Porygon2
|-damage|p1b: Porygon2|0 fnt
|faint|p1b: Porygon2
|-ohko
|
|-heal|p2b: Dondozo|38/100|[from] item: Leftovers
|upkeep
|turn|10
|-message|Notaplaceofhonor forfeited.
|
|win|jstestng
