|j|☆superG195
|j|☆Autin Mago
|html|superG195Autin Mago    
|uhtml|bestof|Game 2 of a best-of-3
|t:|1785719200
|gametype|doubles
|player|p1|superG195|brawly|1180
|player|p2|Autin Mago|arezu|1163
|gen|9
|tier|[Gen 9 Champions] VGC 2026 Reg M-B (Bo3)
|rated|
|rule|Species Clause: Limit one of each Pokémon
|rule|Item Clause: Limit 1 of each item
|clearpoke
|poke|p1|Rotom-Heat, L50|
|poke|p1|Tyranitar, L50, M|
|poke|p1|Garchomp, L50, M|
|poke|p1|Corviknight, L50, F|
|poke|p1|Venusaur, L50, F|
|poke|p1|Primarina, L50, M|
|poke|p2|Milotic, L50, F|
|poke|p2|Staraptor, L50, F|
|poke|p2|Tyranitar, L50, F|
|poke|p2|Gholdengo, L50|
|poke|p2|Excadrill, L50, M|
|poke|p2|Sinistcha, L50|
|teampreview|4
|showteam|p1|Rotom-Heat||ChoiceScarf|Levitate|Thunderbolt,VoltSwitch,Electroweb,Overheat|Timid|||||50|]Tyranitar||FocusSash|SandStream|RockSlide,KnockOff,LowKick,Protect|Adamant||M|||50|]Garchomp||LifeOrb|RoughSkin|Earthquake,DragonClaw,Protect,RockSlide|Jolly||M|||50|]Corviknight||Leftovers|MirrorArmor|Tailwind,BraveBird,IronHead,Protect|Adamant||F|||50|]Venusaur||Venusaurite|Chlorophyll|SludgeBomb,GigaDrain,EarthPower,Protect|Modest||F|||50|]Primarina||SitrusBerry|LiquidVoice|HyperVoice,Protect,Moonblast,HydroCannon|Modest||M|||50|
|showteam|p2|Milotic||SitrusBerry|Competitive|Protect,Haze,Scald,IcyWind|Calm||F|||50|]Staraptor||Staraptite|Intimidate|Protect,BraveBird,CloseCombat,Tailwind|Jolly||F|||50|]Tyranitar||Tyranitarite|SandStream|Protect,KnockOff,RockSlide,LowKick|Jolly||F|||50|]Gholdengo||LifeOrb|GoodasGold|Protect,ShadowBall,NastyPlot,MakeItRain|Modest|||||50|]Excadrill||FocusSash|SandRush|Protect,IronHead,RockSlide,HighHorsepower|Jolly||M|||50|]Sinistcha||ColburBerry|Hospitality|Protect,ShadowBall,RagePowder,MatchaGotcha|Bold|||||50|
|
|t:|1785719220
|teamsize|p1|4
|teamsize|p2|4
|start
|switch|p1a: Primarina|Primarina, L50, M|100/100
|switch|p1b: Rotom|Rotom-Heat, L50|100/100
|switch|p2a: Milotic|Milotic, L50, F|100/100
|switch|p2b: Tyranitar|Tyranitar, L50, F|100/100
|-weather|Sandstorm|[from] ability: Sand Stream|[of] p2b: Tyranitar
|turn|1
|
|t:|1785719236
|switch|p2b: Gholdengo|Gholdengo, L50|100/100
|move|p2a: Milotic|Protect|p2a: Milotic
|-singleturn|p2a: Milotic|Protect
|move|p1b: Rotom|Electroweb|p2a: Milotic|[spread] p2b
|-activate|p2a: Milotic|move: Protect
|-damage|p2b: Gholdengo|84/100
|-unboost|p2b: Gholdengo|spe|1
|move|p1a: Primarina|Hydro Cannon|p2b: Gholdengo
|-crit|p2b: Gholdengo
|-damage|p2b: Gholdengo|0 fnt
|-mustrecharge|p1a: Primarina
|faint|p2b: Gholdengo
|
|-weather|Sandstorm|[upkeep]
|-damage|p1b: Rotom|94/100|[from] Sandstorm
|-damage|p2a: Milotic|94/100|[from] Sandstorm
|-damage|p1a: Primarina|94/100|[from] Sandstorm
|upkeep
|
|t:|1785719251
|switch|p2b: Staraptor|Staraptor, L50, F|100/100
|-ability|p2b: Staraptor|Intimidate|boost
|-unboost|p1a: Primarina|atk|1
|-unboost|p1b: Rotom|atk|1
|turn|2
|
|t:|1785719264
|switch|p1b: Garchomp|Garchomp, L50, M|100/100
|detailschange|p2b: Staraptor|Staraptor-Mega, L50, F
|-mega|p2b: Staraptor|Staraptor|Staraptite
|move|p2b: Staraptor|Close Combat|p1b: Garchomp
|-damage|p1b: Garchomp|48/100
|-boost|p2b: Staraptor|def|1
|-boost|p2b: Staraptor|spd|1
|-damage|p2b: Staraptor|87/100|[from] ability: Rough Skin|[of] p1b: Garchomp
|move|p2a: Milotic|Scald|p1b: Garchomp
|-damage|p1b: Garchomp|14/100
|cant|p1a: Primarina|recharge
|
|-weather|Sandstorm|[upkeep]
|-damage|p2b: Staraptor|82/100|[from] Sandstorm
|-damage|p2a: Milotic|88/100|[from] Sandstorm
|-damage|p1a: Primarina|88/100|[from] Sandstorm
|upkeep
|turn|3
|
|t:|1785719298
|move|p1b: Garchomp|Protect|p1b: Garchomp
|-singleturn|p1b: Garchomp|Protect
|move|p2b: Staraptor|Tailwind|p2b: Staraptor
|-sidestart|p2: Autin Mago|move: Tailwind
|move|p2a: Milotic|Icy Wind|p1a: Primarina|[spread] p1a
|-activate|p1b: Garchomp|move: Protect
|-resisted|p1a: Primarina|1
|-damage|p1a: Primarina|83/100
|-unboost|p1a: Primarina|spe|1
|move|p1a: Primarina|Moonblast|p2b: Staraptor
|-supereffective|p2b: Staraptor|1
|-damage|p2b: Staraptor|8/100
|
|-weather|Sandstorm|[upkeep]
|-damage|p2b: Staraptor|3/100|[from] Sandstorm
|-damage|p2a: Milotic|82/100|[from] Sandstorm
|-damage|p1a: Primarina|77/100|[from] Sandstorm
|upkeep
|turn|4
|
|t:|1785719322
|switch|p2b: Tyranitar|Tyranitar, L50, F|100/100
|move|p1a: Primarina|Protect|p1a: Primarina
|-singleturn|p1a: Primarina|Protect
|move|p2a: Milotic|Scald|p1b: Garchomp
|-damage|p1b: Garchomp|0 fnt
|faint|p1b: Garchomp
|
|-weather|Sandstorm|[upkeep]
|-damage|p2a: Milotic|76/100|[from] Sandstorm
|-damage|p1a: Primarina|71/100|[from] Sandstorm
|upkeep
|
|t:|1785719332
|switch|p1b: Venusaur|Venusaur, L50, F|100/100
|turn|5
|
|t:|1785719349
|detailschange|p1b: Venusaur|Venusaur-Mega, L50, F
|-mega|p1b: Venusaur|Venusaur|Venusaurite
|move|p2b: Tyranitar|Knock Off|p1a: Primarina
|-resisted|p1a: Primarina|1
|-damage|p1a: Primarina|47/100
|-enditem|p1a: Primarina|Sitrus Berry|[from] move: Knock Off|[of] p2b: Tyranitar
|move|p2a: Milotic|Icy Wind|p1b: Venusaur|[spread] p1a,p1b
|-resisted|p1a: Primarina|1
|-supereffective|p1b: Venusaur|1
|-damage|p1a: Primarina|43/100
|-damage|p1b: Venusaur|91/100
|-unboost|p1a: Primarina|spe|1
|-unboost|p1b: Venusaur|spe|1
|move|p1b: Venusaur|Giga Drain|p2a: Milotic
|-supereffective|p2a: Milotic|1
|-damage|p2a: Milotic|25/100
|-heal|p1b: Venusaur|100/100|[from] drain|[of] p2a: Milotic
|-enditem|p2a: Milotic|Sitrus Berry|[eat]
|-heal|p2a: Milotic|50/100y|[from] item: Sitrus Berry
|move|p1a: Primarina|Moonblast|p2b: Tyranitar
|-supereffective|p2b: Tyranitar|1
|-damage|p2b: Tyranitar|39/100
|
|-weather|none
|upkeep
|turn|6
|
|t:|1785719371
|move|p2a: Milotic|Protect|p2a: Milotic
|-singleturn|p2a: Milotic|Protect
|move|p2b: Tyranitar|Rock Slide|p1a: Primarina|[spread] p1a,p1b
|-damage|p1a: Primarina|10/100
|-damage|p1b: Venusaur|79/100
|move|p1b: Venusaur|Giga Drain|p2b: Tyranitar
|-supereffective|p2b: Tyranitar|1
|-damage|p2b: Tyranitar|0 fnt
|-heal|p1b: Venusaur|99/100|[from] drain|[of] p2b: Tyranitar
|faint|p2b: Tyranitar
|cant|p1a: Primarina|flinch
|
|-sideend|p2: Autin Mago|move: Tailwind
|upkeep
|
|t:|1785719379
|switch|p2b: Staraptor|Staraptor-Mega, L50, F|3/100
|turn|7
|
|t:|1785719391
|move|p2b: Staraptor|Brave Bird|p1b: Venusaur
|-supereffective|p1b: Venusaur|1
|-damage|p1b: Venusaur|16/100
|-damage|p2b: Staraptor|0 fnt|[from] Recoil
|faint|p2b: Staraptor
|move|p2a: Milotic|Scald|p1a: Primarina
|-resisted|p1a: Primarina|1
|-damage|p1a: Primarina|0 fnt
|faint|p1a: Primarina
|move|p1b: Venusaur|Giga Drain|p2a: Milotic
|-supereffective|p2a: Milotic|1
|-damage|p2a: Milotic|0 fnt
|-heal|p1b: Venusaur|41/100|[from] drain|[of] p2a: Milotic
|faint|p2a: Milotic
|
|win|superG195
|raw|superG195's rating: 1180 → 1204(+24 for winning)
|raw|Autin Mago's rating: 1163 → 1139(-24 for losing)
|c|☆Autin Mago|ggs wp
|l|☆superG195
|player|p1|
