|j|☆videoasaurus
|j|☆redistr
|html|videoasaurusredistr    
|uhtml|bestof|Game 1 of a best-of-3
|t:|1785655428
|gametype|doubles
|player|p1|videoasaurus|265|1105
|player|p2|redistr|chili|1299
|gen|9
|tier|[Gen 9 Champions] VGC 2026 Reg M-B (Bo3)
|rated|
|rule|Species Clause: Limit one of each Pokémon
|rule|Item Clause: Limit 1 of each item
|clearpoke
|poke|p1|Glimmora, L50, F|
|poke|p1|Staraptor, L50, F|
|poke|p1|Sinistcha, L50|
|poke|p1|Incineroar, L50, F|
|poke|p1|Aegislash, L50, F, shiny|
|poke|p1|Rotom-Wash, L50|
|poke|p2|Farigiraf, L50, F|
|poke|p2|Mawile, L50, F|
|poke|p2|Incineroar, L50, F|
|poke|p2|Charizard, L50, F|
|poke|p2|Venusaur, L50, F|
|poke|p2|Garchomp, L50, F|
|teampreview|4
|showteam|p1|Glimmora||Glimmoranite|ToxicDebris|SludgeBomb,PowerGem,EarthPower,SpikyShield|Modest||F|||50|]Staraptor||Staraptite|Intimidate|BraveBird,CloseCombat,Tailwind,Protect|Adamant||F|||50|]Sinistcha||Leftovers|Hospitality|MatchaGotcha,TrickRoom,RagePowder,Protect|Relaxed|||||50|]Incineroar||SitrusBerry|Intimidate|FlareBlitz,FakeOut,PartingShot,Taunt|Impish||F|||50|]Aegislash||LifeOrb|StanceChange|KingsShield,SwordsDance,IronHead,ShadowSneak|Adamant||F|||50|]Rotom-Wash||ChoiceScarf|Levitate|Electroweb,HydroPump,Thunderbolt,VoltSwitch|Timid|||||50|
|showteam|p2|Farigiraf||ColburBerry|ArmorTail|HelpingHand,TrickRoom,Psychic,Thunderbolt|Relaxed||F|||50|]Mawile||Mawilite|HyperCutter|Protect,PlayRough,RockSlide,SuckerPunch|Brave||F|||50|]Incineroar||SitrusBerry|Intimidate|FakeOut,PartingShot,FlareBlitz,DarkestLariat|Relaxed||F|||50|]Charizard||CharizarditeY|Blaze|Protect,HeatWave,WeatherBall,SolarBeam|Modest||F|||50|]Venusaur||FocusSash|Chlorophyll|Protect,SleepPowder,LeafStorm,SludgeBomb|Timid||F|||50|]Garchomp||LifeOrb|RoughSkin|Protect,DragonClaw,Earthquake,RockSlide|Jolly||F|||50|
|inactive|Battle timer is ON: inactive players will automatically lose when time's up. (requested by redistr)
|inactive|videoasaurus has 60 seconds left.
|inactive|redistr has 60 seconds left.
|
|t:|1785655486
|teamsize|p1|4
|teamsize|p2|4
|start
|switch|p1a: Rotom|Rotom-Wash, L50|100/100
|switch|p1b: Glimmora|Glimmora, L50, F|100/100
|switch|p2a: Karma|Incineroar, L50, F|100/100
|switch|p2b: Denied!|Farigiraf, L50, F|100/100
|-ability|p2a: Karma|Intimidate|boost
|-unboost|p1a: Rotom|atk|1
|-unboost|p1b: Glimmora|atk|1
|turn|1
|
|t:|1785655508
|move|p1b: Glimmora|Spiky Shield|p1b: Glimmora
|-singleturn|p1b: Glimmora|move: Protect
|move|p2a: Karma|Fake Out|p1b: Glimmora
|-activate|p1b: Glimmora|move: Protect
|-damage|p2a: Karma|87/100|[from] Spiky Shield|[of] p1b: Glimmora
|move|p1a: Rotom|Volt Switch|p2b: Denied!
|-damage|p2b: Denied!|75/100
|
|t:|1785655522
|switch|p1a: Staraptor|Staraptor, L50, F|100/100|[from] Volt Switch
|-ability|p1a: Staraptor|Intimidate|boost
|-unboost|p2a: Karma|atk|1
|-unboost|p2b: Denied!|atk|1
|move|p2b: Denied!|Trick Room|p2b: Denied!
|-fieldstart|move: Trick Room|[of] p2b: Denied!
|
|upkeep
|turn|2
|
|t:|1785655543
|switch|p1b: Incineroar|Incineroar, L50, F|100/100
|-ability|p1b: Incineroar|Intimidate|boost
|-unboost|p2a: Karma|atk|1
|-unboost|p2b: Denied!|atk|1
|detailschange|p1a: Staraptor|Staraptor-Mega, L50, F
|-mega|p1a: Staraptor|Staraptor|Staraptite
|move|p2b: Denied!|Psychic|p1b: Incineroar
|-immune|p1b: Incineroar
|move|p2a: Karma|Parting Shot|p1a: Staraptor
|-boost|p1a: Staraptor|atk|1
|-boost|p1a: Staraptor|spa|1
|
|t:|1785655561
|switch|p2a: THE SUN!|Venusaur, L50, F|100/100|[from] Parting Shot
|move|p1a: Staraptor|Close Combat|p2a: THE SUN!
|-resisted|p2a: THE SUN!|1
|-damage|p2a: THE SUN!|32/100
|-boost|p1a: Staraptor|def|1
|-boost|p1a: Staraptor|spd|1
|
|upkeep
|turn|3
|
|t:|1785655581
|move|p1a: Staraptor|Protect|p1a: Staraptor
|-singleturn|p1a: Staraptor|Protect
|move|p2b: Denied!|Psychic|p1a: Staraptor
|-activate|p1a: Staraptor|move: Protect
|move|p1b: Incineroar|Flare Blitz|p2b: Denied!
|-damage|p2b: Denied!|39/100
|-damage|p1b: Incineroar|87/100|[from] Recoil
|move|p2a: THE SUN!|Sludge Bomb|p1b: Incineroar
|-damage|p1b: Incineroar|50/100g
|
|upkeep
|turn|4
|
|t:|1785655602
|move|p2b: Denied!|Psychic|p1a: Staraptor
|-supereffective|p1a: Staraptor|1
|-damage|p1a: Staraptor|55/100
|move|p1b: Incineroar|Flare Blitz|p2a: THE SUN!
|-supereffective|p2a: THE SUN!|1
|-damage|p2a: THE SUN!|0 fnt
|faint|p2a: THE SUN!
|-damage|p1b: Incineroar|42/100|[from] Recoil
|-enditem|p1b: Incineroar|Sitrus Berry|[eat]
|-heal|p1b: Incineroar|67/100|[from] item: Sitrus Berry
|move|p1a: Staraptor|Close Combat|p2b: Denied!
|-damage|p2b: Denied!|0 fnt
|-boost|p1a: Staraptor|def|1
|-boost|p1a: Staraptor|spd|1
|faint|p2b: Denied!
|
|upkeep
|
|t:|1785655608
|switch|p2b: Karma|Incineroar, L50, F|87/100
|switch|p2a: Man Eater|Mawile, L50, F|100/100
|-ability|p2b: Karma|Intimidate|boost
|-boost|p1a: Staraptor|atk|1
|-unboost|p1b: Incineroar|atk|1
|turn|5
|
|t:|1785655628
|detailschange|p2a: Man Eater|Mawile-Mega, L50, F
|-mega|p2a: Man Eater|Mawile|Mawilite
|move|p1a: Staraptor|Protect|p1a: Staraptor
|-singleturn|p1a: Staraptor|Protect
|move|p2b: Karma|Fake Out|p1b: Incineroar
|-damage|p1b: Incineroar|59/100
|move|p2a: Man Eater|Rock Slide|p1b: Incineroar|[spread] p1b
|-activate|p1a: Staraptor|move: Protect
|-supereffective|p1b: Incineroar|1
|-damage|p1b: Incineroar|6/100
|cant|p1b: Incineroar|flinch
|
|-fieldend|move: Trick Room
|upkeep
|turn|6
|inactive|videoasaurus has 30 seconds left.
|
|t:|1785655656
|move|p1a: Staraptor|Close Combat|p2a: Man Eater
|-damage|p2a: Man Eater|0 fnt
|-boost|p1a: Staraptor|def|1
|-boost|p1a: Staraptor|spd|1
|faint|p2a: Man Eater
|move|p1b: Incineroar|Parting Shot|p2b: Karma
|-unboost|p2b: Karma|atk|1
|-unboost|p2b: Karma|spa|1
|-message|redistr forfeited.
|
|win|videoasaurus
||redistr is ready for game 2.
|l|☆videoasaurus
|player|p1|
||videoasaurus is ready for game 2.
|uhtml|next|Next: Game 2 of 3
