|j|‽Ghejeue
|j|☆snailboss
|html|Ghejeuesnailboss    
|uhtml|bestof|Game 2 of a best-of-3
|t:|1756444731
|gametype|doubles
|player|p1|Ghejeue|265|1091
|player|p2|snailboss|hilda-wonderlauncher|1179
|gen|9
|tier|[Gen 9] VGC 2025 Reg H (Bo3)
|rated|
|rule|Species Clause: Limit one of each Pokémon
|rule|Item Clause: Limit 1 of each item
|clearpoke
|poke|p1|Dragapult, L50, M|
|poke|p1|Ursaluna, L50, F|
|poke|p1|Porygon2, L50|
|poke|p1|Gastrodon, L50, M|
|poke|p1|Incineroar, L50, F|
|poke|p1|Sinistcha-Masterpiece, L50|
|poke|p2|Tyranitar, L50, F|
|poke|p2|Excadrill, L50, F|
|poke|p2|Indeedee-F, L50, F|
|poke|p2|Zoroark-Hisui, L50, M|
|poke|p2|Corviknight, L50, M|
|poke|p2|Amoonguss, L50, F|
|teampreview|4
|showteam|p1|Dragapult||EjectPack|ClearBody|DracoMeteor,ShadowBall,Surf,Protect|||M|||50|,,,,,Fairy]Ursaluna||FlameOrb|Guts|HeadlongRush,Facade,Earthquake,Protect|||F|||50|,,,,,Ghost]Porygon2||Eviolite|Download|IceBeam,TeraBlast,TrickRoom,Recover||||||50|,,,,,Ghost]Gastrodon||LifeOrb|StormDrain|EarthPower,Recover,Protect,IceBeam|||M|||50|,,,,,Fairy]Incineroar||SafetyGoggles|Intimidate|FakeOut,PartingShot,FlareBlitz,KnockOff|||F|||50|,,,,,Ghost]Sinistcha-Masterpiece||FocusSash|Hospitality|RagePowder,StrengthSap,TrickRoom,MatchaGotcha||||||50|,,,,,Fire
|showteam|p2|Tyranitar||AssaultVest|SandStream|RockSlide,KnockOff,LowKick,TeraBlast|||F|||50|,,,,,Flying]Excadrill||FocusSash|SandRush|IronHead,Protect,SwordsDance,Earthquake|||F|||50|,,,,,Ground]Indeedee-F||SafetyGoggles|PsychicSurge|TrickRoom,FollowMe,Psychic,HelpingHand|||F|||50|,,,,,Fairy]Zoroark-Hisui||ChoiceSpecs|Illusion|HyperVoice,ShadowBall,HyperBeam,Flamethrower|||M|||50|,,,,,Normal]Corviknight||PsychicSeed|MirrorArmor|BraveBird,PowerTrip,BulkUp,Roost|||M|||50|,,,,,Rock]Amoonguss||SitrusBerry|Regenerator|Spore,RagePowder,Protect,ClearSmog|||F|||50|,,,,,Water
|
|t:|1756444793
|teamsize|p1|4
|teamsize|p2|4
|start
|switch|p1a: Dragapult|Dragapult, L50, M|100/100
|switch|p1b: Ursaluna|Ursaluna, L50, F|100/100
|switch|p2a: Excadrill|Excadrill, L50, F|100/100
|switch|p2b: Indeedee|Indeedee-F, L50, F|100/100
|-fieldstart|move: Psychic Terrain|[from] ability: Psychic Surge|[of] p2b: Indeedee
|turn|1
|inactive|Battle timer is ON: inactive players will automatically lose when time's up. (requested by Ghejeue)
|
|t:|1756444819
|move|p1b: Ursaluna|Protect|p1b: Ursaluna
|-singleturn|p1b: Ursaluna|Protect
|move|p2b: Indeedee|Follow Me|p2b: Indeedee
|-singleturn|p2b: Indeedee|move: Follow Me
|move|p1a: Dragapult|Surf|p2a: Excadrill|[spread] p2a,p2b
|-activate|p1b: Ursaluna|move: Protect
|-damage|p2a: Excadrill|58/100
|-damage|p2b: Indeedee|82/100
|replace|p2a: Zoroark|Zoroark-Hisui, L50, M
|-end|p2a: Zoroark|Illusion
|move|p2a: Zoroark|Hyper Voice|p1b: Ursaluna|[spread] 
|-activate|p1b: Ursaluna|move: Protect
|-immune|p1a: Dragapult
|
|-status|p1b: Ursaluna|brn|[from] item: Flame Orb
|upkeep
|turn|2
|inactive|Ghejeue has 30 seconds left.
|inactive|snailboss has 30 seconds left.
|
|t:|1756444854
|switch|p2a: Tyranitar|Tyranitar, L50, F|100/100
|-weather|Sandstorm|[from] ability: Sand Stream|[of] p2a: Tyranitar
|-terastallize|p1b: Ursaluna|Ghost
|move|p1a: Dragapult|Protect|p1a: Dragapult
|-singleturn|p1a: Dragapult|Protect
|move|p2b: Indeedee|Psychic|p1b: Ursaluna
|-damage|p1b: Ursaluna|64/100 brn
|move|p1b: Ursaluna|Earthquake|p2a: Tyranitar|[spread] p2a,p2b
|-activate|p1a: Dragapult|move: Protect
|-supereffective|p2a: Tyranitar
|-damage|p2a: Tyranitar|0 fnt
|-damage|p2b: Indeedee|17/100
|faint|p2a: Tyranitar
|
|-weather|Sandstorm|[upkeep]
|-damage|p1a: Dragapult|94/100|[from] Sandstorm
|-damage|p1b: Ursaluna|58/100 brn|[from] Sandstorm
|-damage|p1b: Ursaluna|52/100 brn|[from] brn
|upkeep
|
|t:|1756444869
|switch|p2a: Excadrill|Excadrill, L50, F|100/100
|turn|3
|
|t:|1756444892
|move|p2b: Indeedee|Helping Hand|p2a: Excadrill
|-singleturn|p2a: Excadrill|Helping Hand|[of] p2b: Indeedee
|move|p1b: Ursaluna|Protect|p1b: Ursaluna
|-singleturn|p1b: Ursaluna|Protect
|move|p2a: Excadrill|Earthquake|p1a: Dragapult|[spread] p2b,p1a
|-activate|p1b: Ursaluna|move: Protect
|-damage|p2b: Indeedee|0 fnt
|-damage|p1a: Dragapult|0 fnt
|faint|p2b: Indeedee
|faint|p1a: Dragapult
|
|-weather|Sandstorm|[upkeep]
|-damage|p1b: Ursaluna|46/100 brn|[from] Sandstorm
|-damage|p1b: Ursaluna|41/100 brn|[from] brn
|upkeep
|
|t:|1756444905
|switch|p1a: Incineroar|Incineroar, L50, F|100/100
|switch|p2b: Zoroark|Zoroark-Hisui, L50, M|58/100
|-ability|p1a: Incineroar|Intimidate|boost
|-unboost|p2a: Excadrill|atk|1
|-unboost|p2b: Zoroark|atk|1
|turn|4
|
|t:|1756444922
|switch|p1b: Porygon2|Porygon2, L50, shiny|100/100
|-ability|p1b: Porygon2|Download|boost
|-boost|p1b: Porygon2|atk|1
|move|p2a: Excadrill|Swords Dance|p2a: Excadrill
|-boost|p2a: Excadrill|atk|2
|move|p2b: Zoroark|Shadow Ball|p1b: Porygon2
|-immune|p1b: Porygon2
|move|p1a: Incineroar|Parting Shot|p2b: Zoroark
|-unboost|p2b: Zoroark|atk|1
|-unboost|p2b: Zoroark|spa|1
|
|t:|1756444931
|switch|p1a: Ursaluna|Ursaluna, L50, F, tera:Ghost|41/100 brn|[from] Parting Shot
|
|-weather|Sandstorm|[upkeep]
|-damage|p2b: Zoroark|52/100|[from] Sandstorm
|-damage|p1a: Ursaluna|35/100 brn|[from] Sandstorm
|-damage|p1b: Porygon2|94/100|[from] Sandstorm
|-damage|p1a: Ursaluna|29/100 brn|[from] brn
|upkeep
|turn|5
|
|t:|1756444942
|switch|p1a: Incineroar|Incineroar, L50, F|100/100
|-ability|p1a: Incineroar|Intimidate|boost
|-unboost|p2a: Excadrill|atk|1
|-unboost|p2b: Zoroark|atk|1
|-terastallize|p2a: Excadrill|Ground
|move|p2a: Excadrill|Earthquake|p1b: Porygon2|[spread] p2b,p1a,p1b
|-supereffective|p1a: Incineroar
|-damage|p2b: Zoroark|0 fnt
|-damage|p1a: Incineroar|1/100
|-damage|p1b: Porygon2|58/100
|faint|p2b: Zoroark
|move|p1b: Porygon2|Trick Room|p1b: Porygon2
|-fieldstart|move: Trick Room|[of] p1b: Porygon2
|
|-weather|Sandstorm|[upkeep]
|-damage|p1b: Porygon2|52/100|[from] Sandstorm
|-fieldend|move: Psychic Terrain
|upkeep
|turn|6
|inactive|Ghejeue has 30 seconds left.
|
|t:|1756444971
|move|p1a: Incineroar|Fake Out|p2a: Excadrill
|-damage|p2a: Excadrill|84/100
|move|p1b: Porygon2|Ice Beam|p2a: Excadrill
|-supereffective|p2a: Excadrill
|-damage|p2a: Excadrill|14/100
|cant|p2a: Excadrill|flinch
|
|-weather|none
|upkeep
|turn|7
|
|t:|1756444980
|switch|p1a: Ursaluna|Ursaluna, L50, F, tera:Ghost|29/100 brn
|move|p2a: Excadrill|Protect|p2a: Excadrill
|-singleturn|p2a: Excadrill|Protect
|move|p1b: Porygon2|Ice Beam|p2a: Excadrill
|-activate|p2a: Excadrill|move: Protect
|
|-damage|p1a: Ursaluna|23/100 brn|[from] brn
|upkeep
|turn|8
|
|t:|1756444988
|move|p2a: Excadrill|Protect|p2a: Excadrill
|-singleturn|p2a: Excadrill|Protect
|move|p1b: Porygon2|Ice Beam|p2a: Excadrill
|-activate|p2a: Excadrill|move: Protect
|move|p1a: Ursaluna|Facade|p2a: Excadrill
|-activate|p2a: Excadrill|move: Protect
|
|-damage|p1a: Ursaluna|17/100 brn|[from] brn
|upkeep
|turn|9
|
|t:|1756444997
|switch|p1a: Incineroar|Incineroar, L50, F|1/100
|-ability|p1a: Incineroar|Intimidate|boost
|-unboost|p2a: Excadrill|atk|1
|move|p2a: Excadrill|Protect||[still]
|-fail|p2a: Excadrill
|move|p1b: Porygon2|Ice Beam|p2a: Excadrill
|-supereffective|p2a: Excadrill
|-damage|p2a: Excadrill|0 fnt
|faint|p2a: Excadrill
|
|win|Ghejeue
|l|‽Ghejeue
|player|p1|
||Ghejeue is ready for game 3.
