|j|鈽唖haboogles
|j|鈽員hatGuyInAMask
|html|shabooglesThatGuyInAMask    
|uhtml|bestof|Game 3 of a best-of-3
|t:|1783527936
|gametype|doubles
|player|p1|shaboogles|rosa|
|player|p2|ThatGuyInAMask|burglar|
|gen|9
|tier|[Gen 9 Champions] VGC 2026 Reg M-B (Bo3)
|rule|Species Clause: Limit one of each Pok茅mon
|rule|Item Clause: Limit 1 of each item
|clearpoke
|poke|p1|Chandelure, L50, F|
|poke|p1|Garganacl, L50, F|
|poke|p1|Greninja, L50, F|
|poke|p1|Rotom-Mow, L50|
|poke|p1|Krookodile, L50, M|
|poke|p1|Ariados, L50, F|
|poke|p2|Swampert, L50, M|
|poke|p2|Drampa, L50, M|
|poke|p2|Gardevoir, L50, M, shiny|
|poke|p2|Rotom-Mow, L50|
|poke|p2|Liepard, L50, F, shiny|
|poke|p2|Pidgeot, L50, F, shiny|
|teampreview|4
|showteam|p1|Chandelure||Chandelurite|Infiltrator|HeatWave,ShadowBall,TrickRoom,Protect|Modest||F|||50|]Garganacl||Leftovers|PurifyingSalt|WideGuard,SaltCure,Recover,Protect|Sassy||F|||50|]Greninja||Greninjite|Torrent|IcyWind,Protect,HydroPump,DarkPulse|Timid||F|||50|]Rotom-Mow||ChoiceScarf|Levitate|Thunderbolt,LeafStorm,Electroweb,Trick|Timid|||||50|]Krookodile||PasshoBerry|Intimidate|Crunch,Taunt,Protect,HighHorsepower|Adamant||M|||50|]Ariados||ScopeLens|Sniper|CrossPoison,Protect,RagePowder,KnockOff|Impish||F|||50|
|showteam|p2|Swampert||RindoBerry|Torrent|WaveCrash,Earthquake,HammerArm,Protect|Adamant||M|||50|]Drampa||SitrusBerry|CloudNine|Protect,DragonPulse,Flamethrower,HyperVoice|Modest||M|||50|]Gardevoir||FairyFeather|Trace|Protect,Psychic,DazzlingGleam,Moonblast|Timid||M|||50|]Rotom-Mow||ChoiceScarf|Levitate|Electroweb,VoltSwitch,LeafStorm,Thunderbolt|Timid|||||50|]Liepard||FocusSash|Prankster|FakeOut,Encore,Taunt,KnockOff|Jolly||F|||50|]Pidgeot||Pidgeotite|KeenEye|Tailwind,Hurricane,HeatWave,Protect|Timid||F|||50|
|
|t:|1783527977
|teamsize|p1|4
|teamsize|p2|4
|start
|switch|p1a: Rotom|Rotom-Mow, L50|100/100
|switch|p1b: Ariados|Ariados, L50, F|100/100
|switch|p2a: Swampert|Swampert, L50, M|100/100
|switch|p2b: Pidgeot|Pidgeot, L50, F, shiny|100/100
|turn|1
|
|t:|1783528014
|detailschange|p2b: Pidgeot|Pidgeot-Mega, L50, F, shiny
|-mega|p2b: Pidgeot|Pidgeot|Pidgeotite
|move|p1a: Rotom|Thunderbolt|p2b: Pidgeot
|-supereffective|p2b: Pidgeot|1
|-damage|p2b: Pidgeot|0 fnt
|faint|p2b: Pidgeot
|move|p2a: Swampert|Hammer Arm|p1a: Rotom
|-crit|p1a: Rotom
|-damage|p1a: Rotom|38/100
|-unboost|p2a: Swampert|spe|1
|move|p1b: Ariados|Cross Poison|p2a: Swampert
|-resisted|p2a: Swampert|1
|-damage|p2a: Swampert|89/100
|
|upkeep
|
|t:|1783528026
|switch|p2b: Liepard|Liepard, L50, F, shiny|100/100
|turn|2
|
|t:|1783528051
|switch|p1a: Chandelure|Chandelure, L50, F|100/100
|move|p2b: Liepard|Fake Out|p1a: Chandelure
|-immune|p1a: Chandelure
|move|p1b: Ariados|Rage Powder|p1b: Ariados
|-singleturn|p1b: Ariados|move: Rage Powder
|move|p2a: Swampert|Hammer Arm|p1b: Ariados
|-resisted|p1b: Ariados|2
|-damage|p1b: Ariados|93/100
|-unboost|p2a: Swampert|spe|1
|
|upkeep
|turn|3
|
|t:|1783528080
|switch|p1a: Rotom|Rotom-Mow, L50|38/100
|move|p1b: Ariados|Rage Powder|p1b: Ariados
|-singleturn|p1b: Ariados|move: Rage Powder
|move|p2b: Liepard|Taunt|p1b: Ariados
|-start|p1b: Ariados|move: Taunt
|move|p2a: Swampert|Wave Crash|p1b: Ariados
|-damage|p1b: Ariados|36/100
|-damage|p2a: Swampert|73/100|[from] Recoil
|
|upkeep
|turn|4
|
|t:|1783528104
|switch|p1a: Krookodile|Krookodile, L50, M|100/100
|-ability|p1a: Krookodile|Intimidate|boost
|-unboost|p2a: Swampert|atk|1
|-unboost|p2b: Liepard|atk|1
|switch|p2a: Gardevoir|Gardevoir, L50, M, shiny|100/100
|-ability|p2a: Gardevoir|Intimidate|Trace|[from] ability: Trace|[of] p1a: Krookodile
|-ability|p2a: Gardevoir|Intimidate|boost
|-unboost|p1a: Krookodile|atk|1
|-unboost|p1b: Ariados|atk|1
|move|p2b: Liepard|Knock Off|p1a: Krookodile
|-resisted|p1a: Krookodile|1
|-crit|p1a: Krookodile
|-damage|p1a: Krookodile|74/100
|-enditem|p1a: Krookodile|Passho Berry|[from] move: Knock Off|[of] p2b: Liepard
|move|p1b: Ariados|Knock Off|p2a: Gardevoir
|-damage|p2a: Gardevoir|74/100
|-enditem|p2a: Gardevoir|Fairy Feather|[from] move: Knock Off|[of] p1b: Ariados
|
|upkeep
|turn|5
|
|t:|1783528130
|move|p1a: Krookodile|Protect|p1a: Krookodile
|-singleturn|p1a: Krookodile|Protect
|move|p2b: Liepard|Knock Off|p1b: Ariados
|-damage|p1b: Ariados|10/100
|-enditem|p1b: Ariados|Scope Lens|[from] move: Knock Off|[of] p2b: Liepard
|move|p2a: Gardevoir|Dazzling Gleam|p1a: Krookodile|[spread] p1b
|-activate|p1a: Krookodile|move: Protect
|-resisted|p1b: Ariados|1
|-damage|p1b: Ariados|0 fnt
|faint|p1b: Ariados
|
|upkeep
|
|t:|1783528135
|switch|p1b: Chandelure|Chandelure, L50, F|100/100
|turn|6
|
|t:|1783528171
|switch|p1a: Rotom|Rotom-Mow, L50|38/100
|detailschange|p1b: Chandelure|Chandelure-Mega, L50, F
|-mega|p1b: Chandelure|Chandelure|Chandelurite
|move|p2a: Gardevoir|Protect|p2a: Gardevoir
|-singleturn|p2a: Gardevoir|Protect
|move|p1b: Chandelure|Protect|p1b: Chandelure
|-singleturn|p1b: Chandelure|Protect
|move|p2b: Liepard|Knock Off|p1b: Chandelure
|-activate|p1b: Chandelure|move: Protect
|
|upkeep
|turn|7
|
|t:|1783528195
|move|p1a: Rotom|Electroweb|p2b: Liepard|[spread] p2a,p2b
|-damage|p2a: Gardevoir|51/100
|-damage|p2b: Liepard|60/100
|-unboost|p2a: Gardevoir|spe|1
|-unboost|p2b: Liepard|spe|1
|move|p2b: Liepard|Knock Off|p1b: Chandelure
|-supereffective|p1b: Chandelure|1
|-damage|p1b: Chandelure|62/100
|move|p1b: Chandelure|Heat Wave|p2b: Liepard|[spread] p2a,p2b
|-damage|p2a: Gardevoir|0 fnt
|-damage|p2b: Liepard|0 fnt
|faint|p2a: Gardevoir
|faint|p2b: Liepard
|
|upkeep
|
|t:|1783528208
|switch|p2a: Swampert|Swampert, L50, M|73/100
|turn|8
|
|t:|1783528217
|switch|p1a: Krookodile|Krookodile, L50, M|74/100
|-ability|p1a: Krookodile|Intimidate|boost
|-unboost|p2a: Swampert|atk|1
|move|p1b: Chandelure|Protect|p1b: Chandelure
|-singleturn|p1b: Chandelure|Protect
|move|p2a: Swampert|Wave Crash|p1b: Chandelure
|-activate|p1b: Chandelure|move: Protect
|
|upkeep
|turn|9
|
|t:|1783528227
|move|p1a: Krookodile|Crunch|p2a: Swampert
|-damage|p2a: Swampert|36/100
|move|p1b: Chandelure|Shadow Ball|p2a: Swampert
|-damage|p2a: Swampert|0 fnt
|faint|p2a: Swampert
|
|win|shaboogles
|c|鈽唖haboogles|ggwp goat!!
