|j|☆AE21
|j|☆SideB33563356
|html|AE21SideB33563356    
|uhtml|bestof|Game 1 of a best-of-3
|t:|1784163572
|gametype|doubles
|player|p1|AE21|265|
|player|p2|SideB33563356|1|
|gen|9
|tier|[Gen 9 Champions] VGC 2026 Reg M-B (Bo3)
|rule|Species Clause: Limit one of each Pokémon
|rule|Item Clause: Limit 1 of each item
|clearpoke
|poke|p1|Tyrantrum, L50, F|
|poke|p1|Archaludon, L50, M|
|poke|p1|Luxray, L50, M|
|poke|p1|Gengar, L50, M|
|poke|p1|Quaquaval, L50, M|
|poke|p1|Staraptor, L50, F|
|poke|p2|Metagross, L50|
|poke|p2|Talonflame, L50, F|
|poke|p2|Basculegion, L50, M|
|poke|p2|Kingambit, L50, M|
|poke|p2|Hydreigon, L50, M|
|poke|p2|Ninetales-Alola, L50, F|
|teampreview|4
|showteam|p1|Tyrantrum||ExpertBelt|StrongJaw|Crunch,IceFang,PsychicFangs,FireFang|Adamant||F|||50|]Archaludon||QuickClaw|Stamina|ElectroShot,FlashCannon,DragonPulse,AuraSphere|Timid||M|||50|]Luxray||Leftovers|Guts|SupercellSlam,PlayRough,Crunch,Facade|Adamant||M|||50|]Gengar||LifeOrb|CursedBody|WillOWisp,DarkPulse,DazzlingGleam,ShadowBall|Timid||M|||50|]Quaquaval||ChoiceScarf|Moxie|AquaStep,CloseCombat,KnockOff,TripleAxel|Jolly||M|||50|]Staraptor||Staraptite|Intimidate|BlazeKick,CloseCombat,Uturn,BraveBird|Jolly||F|||50|
|showteam|p2|Metagross||Metagrossite|ClearBody|MeteorMash,PsychicFangs,BulletPunch,Protect|Jolly|||||50|]Talonflame||SharpBeak|GaleWings|BraveBird,WillOWisp,Tailwind,Protect|Jolly||F|||50|]Basculegion||LifeOrb|Adaptability|WaveCrash,LastRespects,AquaJet,Protect|Jolly||M|||50|]Kingambit||BlackGlasses|Defiant|KowtowCleave,LowKick,SuckerPunch,Protect|Adamant||M|||50|]Hydreigon||ChoiceScarf|Levitate|DarkPulse,DracoMeteor,Snarl,EarthPower|Modest||M|||50|]Ninetales-Alola||FocusSash|SnowWarning|Blizzard,FreezeDry,Encore,Protect|Timid||F|||50|
|
|t:|1784163634
|teamsize|p1|4
|teamsize|p2|4
|start
|switch|p1a: Luxray|Luxray, L50, M|100/100
|switch|p1b: Gengar|Gengar, L50, M|100/100
|switch|p2a: Trae Young|Talonflame, L50, F|100/100
|switch|p2b: Computah|Metagross, L50|100/100
|turn|1
|
|t:|1784163682
|detailschange|p2b: Computah|Metagross-Mega, L50
|-mega|p2b: Computah|Metagross|Metagrossite
|move|p2a: Trae Young|Tailwind|p2a: Trae Young
|-sidestart|p2: SideB33563356|move: Tailwind
|move|p2b: Computah|Psychic Fangs|p1b: Gengar
|-supereffective|p1b: Gengar|1
|-damage|p1b: Gengar|0 fnt
|-start|p2b: Computah|Disable|Psychic Fangs|[from] ability: Cursed Body|[of] p1b: Gengar
|faint|p1b: Gengar
|move|p1a: Luxray|Supercell Slam|p2a: Trae Young|[miss]
|-miss|p1a: Luxray|p2a: Trae Young
|-damage|p1a: Luxray|50/100g|[from] supercellslam
|
|-heal|p1a: Luxray|56/100|[from] item: Leftovers
|upkeep
|
|t:|1784163696
|switch|p1b: Tyrantrum|Tyrantrum, L50, F|100/100
|turn|2
|
|t:|1784163715
|move|p2a: Trae Young|Protect|p2a: Trae Young
|-singleturn|p2a: Trae Young|Protect
|move|p2b: Computah|Meteor Mash|p1b: Tyrantrum
|-supereffective|p1b: Tyrantrum|1
|-damage|p1b: Tyrantrum|1/100
|move|p1b: Tyrantrum|Crunch|p2b: Computah
|-supereffective|p2b: Computah|1
|-damage|p2b: Computah|29/100
|move|p1a: Luxray|Supercell Slam|p2a: Trae Young
|-activate|p2a: Trae Young|move: Protect
|-damage|p1a: Luxray|6/100|[from] supercellslam
|
|-heal|p1a: Luxray|12/100|[from] item: Leftovers
|upkeep
|turn|3
|
|t:|1784163748
|move|p2a: Trae Young|Brave Bird|p1b: Tyrantrum
|-resisted|p1b: Tyrantrum|1
|-damage|p1b: Tyrantrum|0 fnt
|faint|p1b: Tyrantrum
|-damage|p2a: Trae Young|99/100|[from] Recoil
|move|p2b: Computah|Bullet Punch|p1a: Luxray
|-resisted|p1a: Luxray|1
|-damage|p1a: Luxray|0 fnt
|faint|p1a: Luxray
|
|upkeep
|
|t:|1784163760
|switch|p1b: Staraptor|Staraptor, L50, F|100/100
|-ability|p1b: Staraptor|Intimidate|boost
|-unboost|p2a: Trae Young|atk|1
|-unboost|p2b: Computah|atk|1
|turn|4
|
|t:|1784163776
|switch|p2b: Texas Power Crisis|Ninetales-Alola, L50, F|100/100
|-weather|Snowscape|[from] ability: Snow Warning|[of] p2b: Texas Power Crisis
|detailschange|p1b: Staraptor|Staraptor-Mega, L50, F
|-mega|p1b: Staraptor|Staraptor|Staraptite
|move|p2a: Trae Young|Brave Bird|p1b: Staraptor
|-supereffective|p1b: Staraptor|1
|-damage|p1b: Staraptor|16/100
|-damage|p2a: Trae Young|70/100|[from] Recoil
|move|p1b: Staraptor|Close Combat|p2b: Texas Power Crisis
|-damage|p2b: Texas Power Crisis|33/100
|-boost|p1b: Staraptor|def|1
|-boost|p1b: Staraptor|spd|1
|
|-weather|Snowscape|[upkeep]
|-sideend|p2: SideB33563356|move: Tailwind
|upkeep
|turn|5
|
|t:|1784163795
|move|p2a: Trae Young|Brave Bird|p1b: Staraptor
|-supereffective|p1b: Staraptor|1
|-damage|p1b: Staraptor|0 fnt
|faint|p1b: Staraptor
|-damage|p2a: Trae Young|65/100|[from] Recoil
|
|win|SideB33563356
||AE21 is ready for game 2.
|inactive|SideB33563356 has 30 seconds to confirm battle start!
||SideB33563356 is ready for game 2.
|uhtml|next|Next: Game 2 of 3
|l|☆AE21
|player|p1|
