|j|☆hondo civic
|j|☆entei enthusiast
|html|hondo civicentei enthusiast    
|uhtml|bestof|Game 3 of a best-of-3
|t:|1756572863
|gametype|doubles
|player|p1|hondo civic|2|1276
|player|p2|entei enthusiast|265|1371
|gen|9
|tier|[Gen 9] VGC 2025 Reg H (Bo3)
|rated|
|rule|Species Clause: Limit one of each Pokémon
|rule|Item Clause: Limit 1 of each item
|clearpoke
|poke|p1|Ninetales-Alola, L50, F|
|poke|p1|Rillaboom, L50, M|
|poke|p1|Magmar, L50, M|
|poke|p1|Sneasler, L50, M|
|poke|p1|Kingambit, L50, F|
|poke|p1|Basculegion, L50, M|
|poke|p2|Gholdengo, L50|
|poke|p2|Sneasler, L50, M|
|poke|p2|Rillaboom, L50, M|
|poke|p2|Dragonite, L50, F|
|poke|p2|Ninetales-Alola, L50, M|
|poke|p2|Arcanine-Hisui, L50, M|
|teampreview|4
|showteam|p1|Ninetales-Alola||LifeOrb|SnowWarning|Blizzard,FreezeDry,Encore,Protect|||F|||50|,,,,,Ghost]Rillaboom||AssaultVest|GrassySurge|WoodHammer,FakeOut,Uturn,GrassyGlide|||M|||50|,,,,,Ghost]Magmar||Eviolite|VitalSpirit|Protect,HeatWave,Taunt,FollowMe|||M|||50|,,,,,Ghost]Sneasler||FocusSash|PoisonTouch|FakeOut,DireClaw,CloseCombat,Protect|||M|||50|,,,,,Ghost]Kingambit||BlackGlasses|Defiant|KowtowCleave,SwordsDance,SuckerPunch,Protect|||F|||50|,,,,,Fire]Basculegion||ChoiceScarf|Adaptability|WaveCrash,FlipTurn,TeraBlast,LastRespects|||M|||50|,,,,,Fairy
|showteam|p2|Gholdengo||GrassySeed|GoodasGold|NastyPlot,MakeItRain,ShadowBall,Protect||||||50|,,,,,Water]Sneasler||WhiteHerb|Unburden|CloseCombat,DireClaw,Coaching,Protect|||M|||50|,,,,,Ghost]Rillaboom||AssaultVest|GrassySurge|FakeOut,GrassyGlide,DrumBeating,HighHorsepower|||M|||50|,,,,,Fire]Dragonite||LoadedDice|Multiscale|ScaleShot,StompingTantrum,Tailwind,Protect|||F|||50|,,,,,Ground]Ninetales-Alola||FocusSash|SnowWarning|Blizzard,IcyWind,Encore,AuroraVeil|||M|||50|,,,,,Ghost]Arcanine-Hisui||ClearAmulet|Intimidate|RockSlide,FlareBlitz,ExtremeSpeed,Protect|||M|||50|,,,,,Water
|inactive|Battle timer is ON: inactive players will automatically lose when time's up. (requested by hondo civic)
|inactive|hondo civic has 60 seconds left.
|
|t:|1756572906
|teamsize|p1|4
|teamsize|p2|4
|start
|switch|p1a: Kingambit|Kingambit, L50, F, shiny|100/100
|switch|p1b: Ninetales|Ninetales-Alola, L50, F|100/100
|switch|p2a: Sneasler|Sneasler, L50, M, shiny|100/100
|switch|p2b: Dragonite|Dragonite, L50, F|100/100
|-weather|Snowscape|[from] ability: Snow Warning|[of] p1b: Ninetales
|turn|1
|inactive|entei enthusiast has 30 seconds left.
|inactive|entei enthusiast has 20 seconds left.
|inactive|hondo civic has 30 seconds left.
|inactive|entei enthusiast has 15 seconds left.
|
|t:|1756572948
|switch|p2b: Ninetales|Ninetales-Alola, L50, M|100/100
|switch|p1a: Basculegion|Basculegion, L50, M|100/100
|move|p1b: Ninetales|Blizzard|p2b: Ninetales|[spread] p2a,p2b
|-resisted|p2b: Ninetales
|-damage|p2a: Sneasler|51/100
|-damage|p2b: Ninetales|77/100
|-damage|p1b: Ninetales|91/100|[from] item: Life Orb
|move|p2a: Sneasler|Close Combat|p1a: Basculegion
|-immune|p1a: Basculegion
|
|-weather|Snowscape|[upkeep]
|upkeep
|turn|2
|inactive|hondo civic has 30 seconds left.
|inactive|entei enthusiast has 30 seconds left.
|inactive|hondo civic has 20 seconds left.
|inactive|entei enthusiast has 20 seconds left.
|inactive|hondo civic has 15 seconds left.
|inactive|hondo civic has 10 seconds left.
|
|t:|1756572995
|move|p2a: Sneasler|Protect|p2a: Sneasler
|-singleturn|p2a: Sneasler|Protect
|move|p1a: Basculegion|Flip Turn|p2a: Sneasler
|-activate|p2a: Sneasler|move: Protect
|move|p1b: Ninetales|Blizzard|p2b: Ninetales|[spread] p2b
|-activate|p2a: Sneasler|move: Protect
|-resisted|p2b: Ninetales
|-crit|p2b: Ninetales
|-damage|p2b: Ninetales|38/100
|-damage|p1b: Ninetales|82/100|[from] item: Life Orb
|move|p2b: Ninetales|Icy Wind|p1b: Ninetales|[spread] p1a,p1b
|-resisted|p1a: Basculegion
|-resisted|p1b: Ninetales
|-damage|p1a: Basculegion|92/100
|-damage|p1b: Ninetales|72/100
|-unboost|p1a: Basculegion|spe|1
|-unboost|p1b: Ninetales|spe|1
|
|-weather|Snowscape|[upkeep]
|upkeep
|turn|3
|inactive|entei enthusiast has 30 seconds left.
|
|t:|1756573028
|switch|p1b: Kingambit|Kingambit, L50, F, shiny|100/100
|move|p2b: Ninetales|Aurora Veil|p2b: Ninetales
|-sidestart|p2: entei enthusiast|move: Aurora Veil
|move|p2a: Sneasler|Close Combat|p1b: Kingambit
|-supereffective|p1b: Kingambit
|-damage|p1b: Kingambit|0 fnt
|-unboost|p2a: Sneasler|def|1
|-unboost|p2a: Sneasler|spd|1
|faint|p1b: Kingambit
|-enditem|p2a: Sneasler|White Herb
|-clearnegativeboost|p2a: Sneasler|[silent]
|move|p1a: Basculegion|Flip Turn|p2a: Sneasler
|-damage|p2a: Sneasler|22/100
|
|t:|1756573047
|switch|p1a: Rillaboom|Rillaboom, L50, M|100/100|[from] Flip Turn
|-fieldstart|move: Grassy Terrain|[from] ability: Grassy Surge|[of] p1a: Rillaboom
|
|-weather|Snowscape|[upkeep]
|-heal|p2a: Sneasler|28/100|[from] Grassy Terrain
|-heal|p2b: Ninetales|44/100|[from] Grassy Terrain
|upkeep
|
|t:|1756573049
|switch|p1b: Basculegion|Basculegion, L50, M|92/100
|turn|4
|j| T-Soro
|
|t:|1756573063
|move|p2a: Sneasler|Protect|p2a: Sneasler
|-singleturn|p2a: Sneasler|Protect
|move|p1a: Rillaboom|Fake Out|p2a: Sneasler
|-activate|p2a: Sneasler|move: Protect
|move|p1b: Basculegion|Last Respects|p2b: Ninetales
|-damage|p2b: Ninetales|0 fnt
|faint|p2b: Ninetales
|
|-weather|Snowscape|[upkeep]
|-heal|p2a: Sneasler|34/100|[from] Grassy Terrain
|-heal|p1b: Basculegion|98/100|[from] Grassy Terrain
|upkeep
|l| T-Soro
|
|t:|1756573076
|switch|p2b: Dragonite|Dragonite, L50, F|100/100
|turn|5
|
|t:|1756573099
|move|p1a: Rillaboom|Grassy Glide|p2b: Dragonite
|-resisted|p2b: Dragonite
|-damage|p2b: Dragonite|97/100
|move|p2a: Sneasler|Dire Claw|p1a: Rillaboom
|-supereffective|p1a: Rillaboom
|-damage|p1a: Rillaboom|23/100
|move|p1b: Basculegion|Last Respects|p2b: Dragonite
|-damage|p2b: Dragonite|48/100
|move|p2b: Dragonite|Tailwind|p2b: Dragonite
|-sidestart|p2: entei enthusiast|move: Tailwind
|
|-weather|none
|-heal|p2a: Sneasler|41/100|[from] Grassy Terrain
|-heal|p1b: Basculegion|100/100|[from] Grassy Terrain
|-heal|p1a: Rillaboom|29/100|[from] Grassy Terrain
|upkeep
|turn|6
|inactive|hondo civic has 30 seconds left.
|inactive|hondo civic has 20 seconds left.
|inactive|hondo civic has 15 seconds left.
|inactive|hondo civic has 10 seconds left.
|inactive|hondo civic has 5 seconds left.
|
|t:|1756573150
|-terastallize|p1a: Rillaboom|Ghost
|move|p2a: Sneasler|Dire Claw|p1a: Rillaboom
|-resisted|p1a: Rillaboom
|-damage|p1a: Rillaboom|8/100
|move|p2b: Dragonite|Scale Shot|p1a: Rillaboom
|-damage|p1a: Rillaboom|0 fnt
|faint|p1a: Rillaboom
|-hitcount|p1: Rillaboom|1
|-unboost|p2b: Dragonite|def|1
|-boost|p2b: Dragonite|spe|1
|move|p1b: Basculegion|Last Respects|p2a: Sneasler
|-damage|p2a: Sneasler|0 fnt
|faint|p2a: Sneasler
|
|upkeep
|
|t:|1756573158
|switch|p2a: Gholdengo|Gholdengo, L50, shiny|100/100
|switch|p1a: Ninetales|Ninetales-Alola, L50, F|72/100
|-weather|Snowscape|[from] ability: Snow Warning|[of] p1a: Ninetales
|-enditem|p2a: Gholdengo|Grassy Seed
|-boost|p2a: Gholdengo|def|1|[from] item: Grassy Seed
|turn|7
|
|t:|1756573175
|-terastallize|p2b: Dragonite|Ground
|move|p2b: Dragonite|Stomping Tantrum|p1b: Basculegion
|-damage|p1b: Basculegion|47/100
|move|p2a: Gholdengo|Shadow Ball|p1b: Basculegion
|-supereffective|p1b: Basculegion
|-damage|p1b: Basculegion|0 fnt
|faint|p1b: Basculegion
|move|p1a: Ninetales|Freeze-Dry|p2a: Gholdengo
|-resisted|p2a: Gholdengo
|-damage|p2a: Gholdengo|89/100
|-damage|p1a: Ninetales|63/100|[from] item: Life Orb
|
|-weather|Snowscape|[upkeep]
|-heal|p2b: Dragonite|54/100|[from] Grassy Terrain
|-heal|p2a: Gholdengo|95/100|[from] Grassy Terrain
|-heal|p1a: Ninetales|69/100|[from] Grassy Terrain
|-sideend|p2: entei enthusiast|move: Aurora Veil
|-fieldend|move: Grassy Terrain
|upkeep
|turn|8
|-message|hondo civic forfeited.
|raw|hondo civic's rating: 1276 → 1258(-18 for losing)
|raw|entei enthusiast's rating: 1371 → 1386(+15 for winning)
|
|win|entei enthusiast
|l|☆hondo civic
|player|p1|
