|j|☆fanman64
|j|☆smearglehater21
|html|fanman64smearglehater21    
|uhtml|bestof|Game 3 of a best-of-3
|t:|1784762176
|gametype|doubles
|player|p1|fanman64|170|1245
|player|p2|smearglehater21|nate|1282
|gen|9
|tier|[Gen 9 Champions] VGC 2026 Reg M-B (Bo3)
|rated|
|rule|Species Clause: Limit one of each Pokémon
|rule|Item Clause: Limit 1 of each item
|clearpoke
|poke|p1|Sceptile, L50, F|
|poke|p1|Rotom-Heat, L50|
|poke|p1|Whimsicott, L50, M|
|poke|p1|Sinistcha, L50|
|poke|p1|Mamoswine, L50, F|
|poke|p1|Glimmora, L50, F|
|poke|p2|Kingambit, L50, M|
|poke|p2|Whimsicott, L50, F|
|poke|p2|Basculegion, L50, M|
|poke|p2|Garchomp, L50, M|
|poke|p2|Charizard, L50, F|
|poke|p2|Floette-Eternal, L50, F|
|teampreview|4
|showteam|p1|Sceptile||Sceptilite|Unburden|LeafStorm,DragonPulse,EarthPower,Detect|Timid||F|||50|]Rotom-Heat||ChoiceScarf|Levitate|Discharge,VoltSwitch,Overheat,Electroweb|Timid|||||50|]Whimsicott||MentalHerb|Prankster|Moonblast,Tailwind,Encore,Protect|Timid||M|||50|]Sinistcha||SitrusBerry|Hospitality|MatchaGotcha,RagePowder,TrickRoom,Protect|Calm|||||50|]Mamoswine||FocusSash|Oblivious|HighHorsepower,IcicleCrash,IceShard,Protect|Adamant||F|||50|]Glimmora||Glimmoranite|ToxicDebris|SludgeBomb,PowerGem,SpikyShield,EarthPower|Timid||F|||50|
|showteam|p2|Kingambit||ChopleBerry|Defiant|KowtowCleave,LowKick,SuckerPunch,IronHead|Adamant||M|||50|]Whimsicott||FocusSash|Prankster|Moonblast,Tailwind,Encore,Protect|Timid||F|||50|]Basculegion||MysticWater|Adaptability|WaveCrash,LastRespects,AquaJet,Protect|Adamant||M|||50|]Garchomp||LifeOrb|RoughSkin|DragonClaw,RockSlide,Earthquake,Protect|Jolly||M|||50|]Charizard||CharizarditeY|Blaze|WeatherBall,HeatWave,SolarBeam,Protect|Modest||F|||50|]Floette-Eternal||Floettite|FlowerVeil|Moonblast,DazzlingGleam,LightofRuin,Protect|Timid||F|||50|
|inactive|Battle timer is ON: inactive players will automatically lose when time's up. (requested by smearglehater21)
|inactive|fanman64 has 60 seconds left.
|
|t:|1784762213
|teamsize|p1|4
|teamsize|p2|4
|start
|switch|p1a: Whimsicott|Whimsicott, L50, M|100/100
|switch|p1b: Glimmora|Glimmora, L50, F|100/100
|switch|p2a: Floette|Floette-Eternal, L50, F|100/100
|switch|p2b: Whimsicott|Whimsicott, L50, F|100/100
|turn|1
|inactive|fanman64 has 30 seconds left.
|
|t:|1784762239
|detailschange|p2a: Floette|Floette-Mega, L50, F
|-mega|p2a: Floette|Floette|Floettite
|-ability|p2a: Floette|Fairy Aura
|detailschange|p1b: Glimmora|Glimmora-Mega, L50, F
|-mega|p1b: Glimmora|Glimmora|Glimmoranite
|move|p2b: Whimsicott|Tailwind|p2b: Whimsicott
|-sidestart|p2: smearglehater21|move: Tailwind
|move|p1a: Whimsicott|Tailwind|p1a: Whimsicott
|-sidestart|p1: fanman64|move: Tailwind
|move|p2a: Floette|Moonblast|p1a: Whimsicott
|-damage|p1a: Whimsicott|8/100
|-unboost|p1a: Whimsicott|spa|1
|move|p1b: Glimmora|Sludge Bomb|p2b: Whimsicott
|-supereffective|p2b: Whimsicott|2
|-enditem|p2b: Whimsicott|Focus Sash
|-damage|p2b: Whimsicott|1/100
|
|upkeep
|turn|2
|inactive|fanman64 has 30 seconds left.
|
|t:|1784762268
|switch|p2a: Kingambit|Kingambit, L50, M|100/100
|move|p1a: Whimsicott|Protect|p1a: Whimsicott
|-singleturn|p1a: Whimsicott|Protect
|move|p2b: Whimsicott|Encore|p1b: Glimmora
|-start|p1b: Glimmora|Encore
|move|p1b: Glimmora|Sludge Bomb|p2a: Kingambit
|-immune|p2a: Kingambit
|
|upkeep
|turn|3
|inactive|fanman64 has 30 seconds left.
|inactive|fanman64 has 20 seconds left.
|
|t:|1784762307
|switch|p1a: Sinistcha|Sinistcha, L50|100/100
|move|p2b: Whimsicott|Moonblast|p1a: Sinistcha
|-damage|p1a: Sinistcha|67/100
|move|p1b: Glimmora|Sludge Bomb|p2b: Whimsicott
|-supereffective|p2b: Whimsicott|2
|-damage|p2b: Whimsicott|0 fnt
|faint|p2b: Whimsicott
|move|p2a: Kingambit|Iron Head|p1b: Glimmora
|-supereffective|p1b: Glimmora|1
|-damage|p1b: Glimmora|0 fnt
|faint|p1b: Glimmora
|
|upkeep
|
|t:|1784762321
|switch|p2b: Floette|Floette-Mega, L50, F|100/100
|switch|p1b: Mamoswine|Mamoswine, L50, F|100/100
|-ability|p2b: Floette|Fairy Aura
|turn|4
|
|t:|1784762340
|move|p2a: Kingambit|Sucker Punch|p1b: Mamoswine
|-damage|p1b: Mamoswine|53/100
|move|p2b: Floette|Dazzling Gleam|p1a: Sinistcha|[spread] p1a,p1b
|-damage|p1a: Sinistcha|28/100
|-damage|p1b: Mamoswine|0 fnt
|-enditem|p1a: Sinistcha|Sitrus Berry|[eat]
|-heal|p1a: Sinistcha|52/100|[from] item: Sitrus Berry
|faint|p1b: Mamoswine
|move|p1a: Sinistcha|Matcha Gotcha|p2b: Floette|[spread] p2a,p2b
|-resisted|p2a: Kingambit|1
|-damage|p2a: Kingambit|87/100
|-heal|p1a: Sinistcha|60/100|[from] drain|[of] p2a: Kingambit
|-damage|p2b: Floette|81/100
|-heal|p1a: Sinistcha|67/100|[from] drain|[of] p2b: Floette
|
|-sideend|p1: fanman64|move: Tailwind
|-sideend|p2: smearglehater21|move: Tailwind
|upkeep
|
|t:|1784762346
|switch|p1b: Whimsicott|Whimsicott, L50, M|8/100
|turn|5
|
|t:|1784762359
|move|p1a: Sinistcha|Rage Powder|p1a: Sinistcha
|-singleturn|p1a: Sinistcha|move: Rage Powder
|move|p1b: Whimsicott|Moonblast|p2a: Kingambit
|-damage|p2a: Kingambit|49/100
|move|p2b: Floette|Dazzling Gleam|p1b: Whimsicott|[spread] p1a,p1b
|-damage|p1a: Sinistcha|25/100
|-damage|p1b: Whimsicott|0 fnt
|faint|p1b: Whimsicott
|move|p2a: Kingambit|Kowtow Cleave|p1a: Sinistcha
|-supereffective|p1a: Sinistcha|1
|-damage|p1a: Sinistcha|0 fnt
|faint|p1a: Sinistcha
|
|win|smearglehater21
|raw|fanman64's rating: 1245 → 1223(-22 for losing)
|raw|smearglehater21's rating: 1282 → 1304(+22 for winning)
