|j|☆namekzebra
|j|☆lux raimundi
|html|namekzebralux raimundi    
|uhtml|bestof|Game 1 of a best-of-3
|t:|1784317383
|gametype|doubles
|player|p1|namekzebra|artist-gen4|1009
|player|p2|lux raimundi|266|1125
|gen|9
|tier|[Gen 9 Champions] VGC 2026 Reg M-B (Bo3)
|rated|
|rule|Species Clause: Limit one of each Pokémon
|rule|Item Clause: Limit 1 of each item
|clearpoke
|poke|p1|Altaria, L50, F|
|poke|p1|Oranguru, L50, F|
|poke|p1|Torterra, L50, M|
|poke|p1|Machamp, L50, F|
|poke|p1|Morpeko, L50, M|
|poke|p1|Arcanine, L50, F|
|poke|p2|Sneasler, L50, M|
|poke|p2|Blastoise, L50, M|
|poke|p2|Kingambit, L50, M|
|poke|p2|Incineroar, L50, M|
|poke|p2|Delphox, L50, F|
|poke|p2|Sinistcha, L50|
|teampreview|4
|showteam|p1|Altaria||Altarianite|NaturalCure|DragonPulse,HyperBeam,CottonGuard,Roost|Quiet||F|||50|]Oranguru||MentalHerb|Telepathy|HyperVoice,Psychic,CalmMind,TrickRoom|Relaxed||F|||50|]Torterra||Leftovers|Overgrow|SeedBomb,Earthquake,LeechSeed,Endure|Adamant||M|||50|]Machamp||BlackBelt|Guts|CloseCombat,DrainPunch,BulkUp,Protect|Adamant||F|||50|]Morpeko||Metronome|HungerSwitch|AuraWheel,PowerTrip,PartingShot,Protect|Serious||M|||50|]Arcanine||Charcoal|FlashFire|Overheat,FireFang,Howl,Agility|Brave||F|||50|
|showteam|p2|Sneasler||FocusSash|PoisonTouch|PoisonJab,CloseCombat,FakeOut,QuickGuard|Jolly||M|||50|]Blastoise||Blastoisinite|RainDish|DarkPulse,WaterSpout,ShellSmash,Protect|Modest||M|||50|]Kingambit||BlackGlasses|Defiant|KowtowCleave,SuckerPunch,SwordsDance,Protect|Adamant||M|||50|]Incineroar||SitrusBerry|Intimidate|FlareBlitz,HelpingHand,PartingShot,FakeOut|Careful||M|||50|]Delphox||Delphoxite|Blaze|HeatWave,NastyPlot,Psyshock,Protect|Modest||F|||50|]Sinistcha||KasibBerry|Hospitality|MatchaGotcha,RagePowder,TrickRoom,Protect|Bold|||||50|
|inactive|Battle timer is ON: inactive players will automatically lose when time's up. (requested by namekzebra)
|
|t:|1784317417
|teamsize|p1|4
|teamsize|p2|4
|start
|switch|p1a: Gorillo|Oranguru, L50, F|100/100
|switch|p1b: Cloudi|Altaria, L50, F|100/100
|switch|p2a: Sneasler|Sneasler, L50, M|100/100
|switch|p2b: Blastoise|Blastoise, L50, M|100/100
|turn|1
|inactive|namekzebra has 30 seconds left.
|
|t:|1784317443
|detailschange|p2b: Blastoise|Blastoise-Mega, L50, M
|-mega|p2b: Blastoise|Blastoise|Blastoisinite
|move|p2a: Sneasler|Fake Out|p1a: Gorillo
|-damage|p1a: Gorillo|87/100
|-status|p1a: Gorillo|psn|[from] ability: Poison Touch|[of] p2a: Sneasler
|move|p2b: Blastoise|Dark Pulse|p1a: Gorillo
|-supereffective|p1a: Gorillo|1
|-damage|p1a: Gorillo|6/100 psn
|move|p1b: Cloudi|Roost||[still]
|-fail|p1b: Cloudi|heal
|cant|p1a: Gorillo|flinch
|
|-damage|p1a: Gorillo|0 fnt|[from] psn
|faint|p1a: Gorillo
|upkeep
|
|t:|1784317468
|switch|p1a: Ben-10|Machamp, L50, F|100/100
|turn|2
|
|t:|1784317491
|switch|p2a: Incineroar|Incineroar, L50, M|100/100
|-ability|p2a: Incineroar|Intimidate|boost
|-unboost|p1a: Ben-10|atk|1
|-unboost|p1b: Cloudi|atk|1
|move|p2b: Blastoise|Shell Smash|p2b: Blastoise
|-unboost|p2b: Blastoise|def|1
|-unboost|p2b: Blastoise|spd|1
|-boost|p2b: Blastoise|atk|2
|-boost|p2b: Blastoise|spa|2
|-boost|p2b: Blastoise|spe|2
|move|p1b: Cloudi|Dragon Pulse|p2b: Blastoise
|-damage|p2b: Blastoise|59/100
|move|p1a: Ben-10|Drain Punch|p2a: Incineroar
|-supereffective|p2a: Incineroar|1
|-damage|p2a: Incineroar|30/100
|-enditem|p2a: Incineroar|Sitrus Berry|[eat]
|-heal|p2a: Incineroar|55/100|[from] item: Sitrus Berry
|
|upkeep
|turn|3
|
|t:|1784317515
|detailschange|p1b: Cloudi|Altaria-Mega, L50, F
|-mega|p1b: Cloudi|Altaria|Altarianite
|move|p2b: Blastoise|Protect|p2b: Blastoise
|-singleturn|p2b: Blastoise|Protect
|move|p2a: Incineroar|Parting Shot|p1a: Ben-10
|-unboost|p1a: Ben-10|atk|1
|-unboost|p1a: Ben-10|spa|1
|
|t:|1784317521
|switch|p2a: Sinistcha|Sinistcha, L50|100/100|[from] Parting Shot
|-heal|p2b: Blastoise|83/100|[from] ability: Hospitality|[of] p2a: Sinistcha
|move|p1b: Cloudi|Hyper Beam|p2b: Blastoise
|-activate|p2b: Blastoise|move: Protect
|move|p1a: Ben-10|Close Combat|p2a: Sinistcha
|-immune|p2a: Sinistcha
|
|upkeep
|turn|4
|
|t:|1784317532
|move|p1a: Ben-10|Protect|p1a: Ben-10
|-singleturn|p1a: Ben-10|Protect
|move|p2a: Sinistcha|Rage Powder|p2a: Sinistcha
|-singleturn|p2a: Sinistcha|move: Rage Powder
|move|p2b: Blastoise|Water Spout|p1b: Cloudi|[spread] p1b
|-activate|p1a: Ben-10|move: Protect
|-resisted|p1b: Cloudi|1
|-damage|p1b: Cloudi|53/100
|move|p1b: Cloudi|Hyper Beam|p2a: Sinistcha
|-damage|p2a: Sinistcha|32/100
|-mustrecharge|p1b: Cloudi
|
|upkeep
|turn|5
|
|t:|1784317550
|switch|p1a: Ao|Torterra, L50, M|100/100
|move|p2a: Sinistcha|Rage Powder|p2a: Sinistcha
|-singleturn|p2a: Sinistcha|move: Rage Powder
|move|p2b: Blastoise|Water Spout|p1a: Ao|[spread] p1a,p1b
|-resisted|p1b: Cloudi|1
|-damage|p1a: Ao|0 fnt
|-damage|p1b: Cloudi|10/100
|faint|p1a: Ao
|cant|p1b: Cloudi|recharge
|
|upkeep
|
|t:|1784317552
|switch|p1a: Ben-10|Machamp, L50, F|100/100
|turn|6
|-message|namekzebra forfeited.
|
|win|lux raimundi
