|j|☆No.1AnicredibleFan
|j|☆buaa
|html|No.1AnicredibleFanbuaa    
|uhtml|bestof|Game 2 of a best-of-3
|t:|1756423516
|gametype|doubles
|player|p1|No.1AnicredibleFan|hilbert|1067
|player|p2|buaa|1|1124
|gen|9
|tier|[Gen 9] VGC 2025 Reg H (Bo3)
|rated|
|rule|Species Clause: Limit one of each Pokémon
|rule|Item Clause: Limit 1 of each item
|clearpoke
|poke|p1|Baxcalibur, L50, F|
|poke|p1|Ursaluna-Bloodmoon, L50, M|
|poke|p1|Farigiraf, L50, M|
|poke|p1|Murkrow, L50, F|
|poke|p1|Arcanine-Hisui, L50, M|
|poke|p1|Amoonguss, L50, F|
|poke|p2|Vivillon, L50, M|
|poke|p2|Gholdengo, L50|
|poke|p2|Porygon2, L50|
|poke|p2|Primarina, L50, M|
|poke|p2|Garchomp, L50, M|
|poke|p2|Incineroar, L50, M|
|teampreview|4
|showteam|p1|Baxcalibur||LoadedDice|ThermalExchange|Protect,SwordsDance,ScaleShot,IcicleSpear|||F|||50|,,,,,Poison]Ursaluna-Bloodmoon||LifeOrb|MindsEye|Protect,EarthPower,HyperVoice,BloodMoon|||M|||50|,,,,,Normal]Farigiraf||ThroatSpray|ArmorTail|Protect,TrickRoom,HyperVoice,Psychic|||M|||50|,,,,,Grass]Murkrow||Eviolite|Prankster|Protect,Tailwind,Snarl,Haze|||F|||50|,,,,,Ghost]Arcanine-Hisui||ChoiceBand|Intimidate|FlareBlitz,RockSlide,ExtremeSpeed,WildCharge|||M|||50|,,,,,Grass]Amoonguss||SitrusBerry|Regenerator|Protect,RagePowder,PollenPuff,Spore|||F|||50|,,,,,Water
|showteam|p2|Vivillon||FocusSash|CompoundEyes|Hurricane,SleepPowder,Protect,Tailwind|||M|||50|,,,,,Ghost]Gholdengo||MetalCoat|GoodasGold|MakeItRain,ShadowBall,Protect,NastyPlot||||||50|,,,,,Dragon]Porygon2||Eviolite|Download|TeraBlast,IceBeam,TrickRoom,Recover||||||50|,,,,,Fighting]Primarina||ThroatSpray|LiquidVoice|HyperVoice,Moonblast,Protect,Haze|||M|||50|,,,,,Grass]Garchomp||LifeOrb|RoughSkin|DragonClaw,StompingTantrum,Earthquake,Protect|||M|||50|,,,,,Steel]Incineroar||SafetyGoggles|Intimidate|FakeOut,KnockOff,FlareBlitz,PartingShot|||M|||50|,,,,,Water
|
|t:|1756423562
|teamsize|p1|4
|teamsize|p2|4
|start
|switch|p1a: Amoonguss|Amoonguss, L50, F|100/100
|switch|p1b: Baxcalibur|Baxcalibur, L50, F|100/100
|switch|p2a: Incineroar|Incineroar, L50, M|100/100
|switch|p2b: Porygon2|Porygon2, L50|100/100
|-ability|p2a: Incineroar|Intimidate|boost
|-unboost|p1a: Amoonguss|atk|1
|-unboost|p1b: Baxcalibur|atk|1
|-ability|p2b: Porygon2|Download|boost
|-boost|p2b: Porygon2|spa|1
|turn|1
|
|t:|1756423610
|move|p1b: Baxcalibur|Swords Dance|p1b: Baxcalibur
|-boost|p1b: Baxcalibur|atk|2
|move|p2a: Incineroar|Knock Off|p1a: Amoonguss
|-damage|p1a: Amoonguss|72/100
|-enditem|p1a: Amoonguss|Sitrus Berry|[from] move: Knock Off|[of] p2a: Incineroar
|move|p2b: Porygon2|Ice Beam|p1a: Amoonguss
|-supereffective|p1a: Amoonguss
|-damage|p1a: Amoonguss|9/100
|move|p1a: Amoonguss|Spore|p2b: Porygon2
|-status|p2b: Porygon2|slp|[from] move: Spore
|
|upkeep
|turn|2
|inactive|Battle timer is ON: inactive players will automatically lose when time's up. (requested by No.1AnicredibleFan)
|inactive|No.1AnicredibleFan has 60 seconds left.
|
|t:|1756423645
|switch|p1a: Ursaluna|Ursaluna-Bloodmoon, L50, M|100/100
|move|p1b: Baxcalibur|Protect|p1b: Baxcalibur
|-singleturn|p1b: Baxcalibur|Protect
|move|p2a: Incineroar|Parting Shot|p1b: Baxcalibur
|-activate|p1b: Baxcalibur|move: Protect
|cant|p2b: Porygon2|slp
|
|upkeep
|turn|3
|inactive|buaa has 30 seconds left.
|
|t:|1756423670
|move|p1b: Baxcalibur|Scale Shot|p2a: Incineroar
|-damage|p2a: Incineroar|83/100
|-damage|p2a: Incineroar|66/100
|-crit|p2a: Incineroar
|-damage|p2a: Incineroar|40/100
|-damage|p2a: Incineroar|22/100
|-hitcount|p2a: Incineroar|4
|-unboost|p1b: Baxcalibur|def|1
|-boost|p1b: Baxcalibur|spe|1
|move|p2a: Incineroar|Knock Off|p1a: Ursaluna
|-damage|p1a: Ursaluna|74/100
|-enditem|p1a: Ursaluna|Life Orb|[from] move: Knock Off|[of] p2a: Incineroar
|move|p1a: Ursaluna|Hyper Voice|p2b: Porygon2|[spread] p2a,p2b
|-damage|p2a: Incineroar|0 fnt
|-damage|p2b: Porygon2|79/100 slp
|faint|p2a: Incineroar
|cant|p2b: Porygon2|slp
|
|upkeep
|
|t:|1756423695
|switch|p2a: Primarina|Primarina, L50, M|100/100
|turn|4
|j| Arkhept
|l| Arkhept
|inactive|No.1AnicredibleFan has 30 seconds left.
|inactive|buaa has 30 seconds left.
|inactive|No.1AnicredibleFan has 20 seconds left.
|inactive|No.1AnicredibleFan has 15 seconds left.
|
|t:|1756423735
|move|p1b: Baxcalibur|Icicle Spear|p2b: Porygon2
|-damage|p2b: Porygon2|67/100 slp
|-damage|p2b: Porygon2|56/100 slp
|-damage|p2b: Porygon2|44/100 slp
|-damage|p2b: Porygon2|33/100 slp
|-damage|p2b: Porygon2|22/100 slp
|-hitcount|p2b: Porygon2|5
|move|p2a: Primarina|Hyper Voice|p1a: Ursaluna|[spread] p1a,p1b
|-supereffective|p1a: Ursaluna
|-resisted|p1b: Baxcalibur
|-damage|p1a: Ursaluna|0 fnt
|-damage|p1b: Baxcalibur|85/100
|faint|p1a: Ursaluna
|-enditem|p2a: Primarina|Throat Spray
|-boost|p2a: Primarina|spa|1|[from] item: Throat Spray
|-curestatus|p2b: Porygon2|slp|[msg]
|move|p2b: Porygon2|Ice Beam|p1b: Baxcalibur
|-damage|p1b: Baxcalibur|51/100
|
|upkeep
|j| Arkhept
|l| Arkhept
|
|t:|1756423756
|switch|p1a: Amoonguss|Amoonguss, L50, F|42/100
|turn|5
|inactive|No.1AnicredibleFan has 30 seconds left.
|inactive|buaa has 30 seconds left.
|inactive|No.1AnicredibleFan has 20 seconds left.
|inactive|buaa has 20 seconds left.
|inactive|No.1AnicredibleFan has 15 seconds left.
|
|t:|1756423798
|switch|p1a: Murkrow|Murkrow, L50, F|100/100
|-terastallize|p1b: Baxcalibur|Poison
|move|p1b: Baxcalibur|Icicle Spear|p2b: Porygon2
|-damage|p2b: Porygon2|9/100
|-damage|p2b: Porygon2|0 fnt
|faint|p2b: Porygon2
|-hitcount|p2: Porygon2|2
|move|p2a: Primarina|Moonblast|p1a: Murkrow
|-supereffective|p1a: Murkrow
|-damage|p1a: Murkrow|0 fnt
|faint|p1a: Murkrow
|
|upkeep
|
|t:|1756423812
|switch|p1a: Amoonguss|Amoonguss, L50, F|75/100
|switch|p2b: Garchomp|Garchomp, L50, M|100/100
|turn|6
|inactive|buaa has 30 seconds left.
|inactive|buaa has 20 seconds left.
|inactive|No.1AnicredibleFan has 30 seconds left.
|inactive|buaa has 15 seconds left.
|inactive|No.1AnicredibleFan has 20 seconds left.
|
|t:|1756423865
|-terastallize|p2b: Garchomp|Steel
|move|p1b: Baxcalibur|Protect|p1b: Baxcalibur
|-singleturn|p1b: Baxcalibur|Protect
|move|p2b: Garchomp|Dragon Claw|p1a: Amoonguss
|-damage|p1a: Amoonguss|28/100
|-damage|p2b: Garchomp|91/100|[from] item: Life Orb
|move|p2a: Primarina|Moonblast|p1a: Amoonguss
|-resisted|p1a: Amoonguss
|-damage|p1a: Amoonguss|0 fnt
|faint|p1a: Amoonguss
|
|upkeep
|turn|7
|-message|No.1AnicredibleFan forfeited.
|
|win|buaa
||buaa is ready for game 3.
