|j|☆Ethan159
|j|☆LorGhez
|html|Ethan159LorGhez    
|uhtml|bestof|Game 2 of a best-of-3
|t:|1783537963
|gametype|doubles
|player|p1|Ethan159|steven|
|player|p2|LorGhez|170|
|gen|9
|tier|[Gen 9 Champions] VGC 2026 Reg M-B (Bo3)
|rule|Species Clause: Limit one of each Pokémon
|rule|Item Clause: Limit 1 of each item
|clearpoke
|poke|p1|Altaria, L50, M|
|poke|p1|Gengar, L50, M|
|poke|p1|Scrafty, L50, M|
|poke|p1|Whimsicott, L50, F|
|poke|p1|Meowstic, L50, M|
|poke|p1|Bastiodon, L50, M|
|poke|p2|Venusaur, L50, M|
|poke|p2|Incineroar, L50, F|
|poke|p2|Primarina, L50, F|
|poke|p2|Aerodactyl, L50, M|
|poke|p2|Kingambit, L50, F|
|poke|p2|Farigiraf, L50, M|
|teampreview|4
|showteam|p1|Altaria||Altarianite|CloudNine|Protect,HyperVoice,CottonGuard,PerishSong|Modest||M|||50|]Gengar||Gengarite|CursedBody|Protect,ShadowBall,PerishSong,EnergyBall|Timid||M|||50|]Scrafty||RoseliBerry|Moxie|Payback,Detect,DrainPunch,RockSlide|Adamant||M|||50|]Whimsicott||FocusSash|Prankster|Protect,Encore,Tailwind,Moonblast|Timid||F|||50|]Meowstic||ColburBerry|Prankster|FakeTears,PsychicNoise,RainDance,Charm|Calm||M|||50|]Bastiodon||ChopleBerry|Soundproof|BodyPress,HeavySlam,Protect,Roar|Impish||M|||50|
|showteam|p2|Venusaur||Venusaurite|Chlorophyll|Protect,GigaDrain,SludgeBomb,EarthPower|Modest||M|||50|]Incineroar||Charcoal|Intimidate|FakeOut,PartingShot,DarkestLariat,FlareBlitz|Adamant||F|||50|]Primarina||LifeOrb|LiquidVoice|Protect,CalmMind,HyperVoice,Moonblast|Modest||F|||50|]Aerodactyl||Aerodactylite|Unnerve|DualWingbeat,Tailwind,RockSlide,IceFang|Adamant||M|||50|]Kingambit||BlackGlasses|Defiant|Protect,SuckerPunch,KowtowCleave,LowKick|Adamant||F|||50|]Farigiraf||ColburBerry|ArmorTail|TwinBeam,TrickRoom,Thunderbolt,HelpingHand|Sassy||M|||50|
|inactive|Battle timer is ON: inactive players will automatically lose when time's up. (requested by LorGhez)
|
|t:|1783537981
|teamsize|p1|4
|teamsize|p2|4
|start
|switch|p1a: Scrafty|Scrafty, L50, M|100/100
|switch|p1b: Bastiodon|Bastiodon, L50, M|100/100
|switch|p2a: Primarina|Primarina, L50, F|100/100
|switch|p2b: Venusaur|Venusaur, L50, M|100/100
|turn|1
|inactive|Ethan159 has 30 seconds left.
|inactive|LorGhez has 30 seconds left.
|
|t:|1783538011
|detailschange|p2b: Venusaur|Venusaur-Mega, L50, M
|-mega|p2b: Venusaur|Venusaur|Venusaurite
|move|p2b: Venusaur|Earth Power|p1a: Scrafty
|-damage|p1a: Scrafty|67/100
|move|p2a: Primarina|Moonblast|p1a: Scrafty
|-supereffective|p1a: Scrafty|2
|-enditem|p1a: Scrafty|Roseli Berry|[eat]
|-enditem|p1a: Scrafty|Roseli Berry|[weaken]
|-damage|p1a: Scrafty|0 fnt
|faint|p1a: Scrafty
|-damage|p2a: Primarina|90/100|[from] item: Life Orb
|move|p1b: Bastiodon|Roar|p2a: Primarina
|drag|p2a: Kingambit|Kingambit, L50, F|100/100
|
|upkeep
|
|t:|1783538024
|switch|p1a: Meowstic|Meowstic, L50, M|100/100
|turn|2
|
|t:|1783538034
|switch|p2b: Farigiraf|Farigiraf, L50, M|100/100
|move|p1a: Meowstic|Psychic Noise|p2b: Farigiraf
|-resisted|p2b: Farigiraf|1
|-damage|p2b: Farigiraf|91/100
|-start|p2b: Farigiraf|move: Heal Block
|move|p2a: Kingambit|Kowtow Cleave|p1a: Meowstic
|-supereffective|p1a: Meowstic|1
|-enditem|p1a: Meowstic|Colbur Berry|[eat]
|-enditem|p1a: Meowstic|Colbur Berry|[weaken]
|-damage|p1a: Meowstic|30/100
|move|p1b: Bastiodon|Body Press|p2a: Kingambit
|-supereffective|p2a: Kingambit|2
|-damage|p2a: Kingambit|2/100
|
|upkeep
|turn|3
|inactive|Ethan159 has 30 seconds left.
|
|t:|1783538066
|switch|p1a: Gengar|Gengar, L50, M|100/100
|move|p2b: Farigiraf|Twin Beam|p1b: Bastiodon
|-resisted|p1b: Bastiodon|1
|-damage|p1b: Bastiodon|94/100
|-resisted|p1b: Bastiodon|1
|-damage|p1b: Bastiodon|88/100
|-hitcount|p1b: Bastiodon|2
|move|p2a: Kingambit|Kowtow Cleave|p1a: Gengar
|-supereffective|p1a: Gengar|1
|-damage|p1a: Gengar|0 fnt
|faint|p1a: Gengar
|move|p1b: Bastiodon|Body Press|p2a: Kingambit
|-supereffective|p2a: Kingambit|2
|-damage|p2a: Kingambit|0 fnt
|faint|p2a: Kingambit
|
|-end|p2b: Farigiraf|move: Heal Block
|upkeep
|
|t:|1783538082
|switch|p1a: Meowstic|Meowstic, L50, M|30/100
|switch|p2a: Primarina|Primarina, L50, F|90/100
|turn|4
|
|t:|1783538099
|move|p1a: Meowstic|Psychic Noise|p2a: Primarina
|-damage|p2a: Primarina|71/100
|-start|p2a: Primarina|move: Heal Block
|move|p2a: Primarina|Moonblast|p1a: Meowstic
|-damage|p1a: Meowstic|0 fnt
|faint|p1a: Meowstic
|-damage|p2a: Primarina|62/100|[from] item: Life Orb
|move|p2b: Farigiraf|Twin Beam|p1b: Bastiodon
|-resisted|p1b: Bastiodon|1
|-damage|p1b: Bastiodon|83/100
|-resisted|p1b: Bastiodon|1
|-damage|p1b: Bastiodon|77/100
|-hitcount|p1b: Bastiodon|2
|move|p1b: Bastiodon|Heavy Slam|p2a: Primarina
|-damage|p2a: Primarina|46/100
|
|upkeep
|turn|5
|
|t:|1783538122
|move|p2b: Farigiraf|Helping Hand|p2a: Primarina
|-singleturn|p2a: Primarina|Helping Hand|[of] p2b: Farigiraf
|move|p2a: Primarina|Moonblast|p1b: Bastiodon
|-resisted|p1b: Bastiodon|1
|-crit|p1b: Bastiodon
|-damage|p1b: Bastiodon|30/100
|-damage|p2a: Primarina|36/100|[from] item: Life Orb
|move|p1b: Bastiodon|Heavy Slam|p2a: Primarina
|-damage|p2a: Primarina|20/100y
|
|-end|p2a: Primarina|move: Heal Block
|upkeep
|turn|6
|
|t:|1783538144
|move|p2b: Farigiraf|Helping Hand|p2a: Primarina
|-singleturn|p2a: Primarina|Helping Hand|[of] p2b: Farigiraf
|move|p2a: Primarina|Moonblast|p1b: Bastiodon
|-resisted|p1b: Bastiodon|1
|-damage|p1b: Bastiodon|0 fnt
|faint|p1b: Bastiodon
|-damage|p2a: Primarina|10/100|[from] item: Life Orb
|
|win|LorGhez
|c|☆LorGhez|gg
|c|☆Ethan159|gg
|l|☆Ethan159
|player|p1|
