|j|☆HappyDuckJJ
|j|☆Spyro cat
|html|HappyDuckJJSpyro cat    
|uhtml|bestof|Game 3 of a best-of-3
|t:|1754945892
|gametype|doubles
|player|p1|HappyDuckJJ|ash|1303
|player|p2|Spyro cat|102|1451
|gen|9
|tier|[Gen 9] VGC 2025 Reg H (Bo3)
|rated|
|rule|Species Clause: Limit one of each Pokémon
|rule|Item Clause: Limit 1 of each item
|clearpoke
|poke|p1|Porygon2, L50|
|poke|p1|Incineroar, L50, M|
|poke|p1|Ursaluna, L50, F|
|poke|p1|Amoonguss, L50, F|
|poke|p1|Gholdengo, L50|
|poke|p1|Dragonite, L50, M|
|poke|p2|Murkrow, L50, M|
|poke|p2|Ursaluna-Bloodmoon, L50, M|
|poke|p2|Sneasler, L50, M|
|poke|p2|Dragapult, L50, F|
|poke|p2|Armarouge, L50, M|
|poke|p2|Indeedee-F, L50, F|
|teampreview|4
|showteam|p1|Porygon2||Eviolite|Download|TeraBlast,IceBeam,Recover,TrickRoom||||||50|,,,,,Fighting]Incineroar||SafetyGoggles|Intimidate|FakeOut,KnockOff,FlareBlitz,PartingShot|||M|||50|,,,,,Ghost]Ursaluna||FlameOrb|Guts|HeadlongRush,Facade,Earthquake,Protect|||F|||50|,,,,,Ghost]Amoonguss||SitrusBerry|Regenerator|PollenPuff,Spore,RagePowder,Protect|||F|||50|,,,,,Water]Gholdengo||LifeOrb|GoodasGold|MakeItRain,ShadowBall,NastyPlot,Protect||||||50|,,,,,Water]Dragonite||LoadedDice|Multiscale|ScaleShot,Haze,Tailwind,Protect|||M|||50|,,,,,Steel
|showteam|p2|Murkrow||Eviolite|Prankster|Haze,SunnyDay,Tailwind,BraveBird|||M|||50|,,,,,Ghost]Ursaluna-Bloodmoon||LifeOrb|MindsEye|BloodMoon,HyperVoice,Protect,EarthPower|||M|||50|,,,,,Normal]Sneasler||PsychicSeed|Unburden|ThroatChop,DireClaw,CloseCombat,Protect|||M|||50|,,,,,Dark]Dragapult||ChoiceBand|ClearBody|DragonDarts,Outrage,Uturn,PhantomForce|||F|||50|,,,,,Dragon]Armarouge||PowerHerb|FlashFire|HeatWave,MeteorBeam,ExpandingForce,Protect|||M|||50|,,,,,Grass]Indeedee-F||SafetyGoggles|PsychicSurge|DazzlingGleam,FollowMe,HelpingHand,TrickRoom|||F|||50|,,,,,Fairy
|inactive|Battle timer is ON: inactive players will automatically lose when time's up. (requested by Spyro cat)
|inactive|Spyro cat has 60 seconds left.
|
|t:|1754945944
|teamsize|p1|4
|teamsize|p2|4
|start
|switch|p1a: Gholdengo|Gholdengo, L50, shiny|100/100
|switch|p1b: Dragonite|Dragonite, L50, M, shiny|100/100
|switch|p2a: Dragapult|Dragapult, L50, F|100/100
|switch|p2b: Sneasler|Sneasler, L50, M|100/100
|turn|1
|
|t:|1754945969
|-terastallize|p1b: Dragonite|Steel
|move|p2a: Dragapult|Phantom Force||[still]
|-prepare|p2a: Dragapult|Phantom Force
|move|p2b: Sneasler|Dire Claw|p1b: Dragonite
|-immune|p1b: Dragonite
|move|p1a: Gholdengo|Make It Rain|p2a: Dragapult|[spread] p2b
|-miss|p1a: Gholdengo|p2a: Dragapult
|-damage|p2b: Sneasler|15/100
|-unboost|p1a: Gholdengo|spa|1
|-damage|p1a: Gholdengo|91/100|[from] item: Life Orb
|move|p1b: Dragonite|Scale Shot|p2b: Sneasler
|-damage|p2b: Sneasler|0 fnt
|faint|p2b: Sneasler
|-hitcount|p2: Sneasler|1
|-unboost|p1b: Dragonite|def|1
|-boost|p1b: Dragonite|spe|1
|
|upkeep
|c|☆HappyDuckJJ|type shit
|inactive|Spyro cat has 30 seconds left.
|
|t:|1754945998
|switch|p2b: Ursaluna|Ursaluna-Bloodmoon, L50, M|100/100
|turn|2
|inactive|HappyDuckJJ has 30 seconds left.
|inactive|Spyro cat has 30 seconds left.
|
|t:|1754946039
|switch|p1a: Porygon2|Porygon2, L50, shiny|100/100
|-ability|p1a: Porygon2|Download|boost
|-boost|p1a: Porygon2|spa|1
|-terastallize|p2b: Ursaluna|Normal
|move|p2a: Dragapult|Phantom Force|p1b: Dragonite|[from] lockedmove
|-damage|p1b: Dragonite|43/100
|move|p1b: Dragonite|Tailwind|p1b: Dragonite
|-sidestart|p1: HappyDuckJJ|move: Tailwind
|move|p2b: Ursaluna|Blood Moon|p1a: Porygon2
|-damage|p1a: Porygon2|11/100
|-damage|p2b: Ursaluna|91/100|[from] item: Life Orb
|
|upkeep
|turn|3
|
|t:|1754946056
|switch|p2a: Murkrow|Murkrow, L50, M|100/100
|move|p1b: Dragonite|Scale Shot|p2a: Murkrow
|-damage|p2a: Murkrow|81/100
|-damage|p2a: Murkrow|59/100
|-damage|p2a: Murkrow|39/100
|-damage|p2a: Murkrow|17/100
|-hitcount|p2a: Murkrow|4
|-unboost|p1b: Dragonite|def|1
|-boost|p1b: Dragonite|spe|1
|move|p1a: Porygon2|Recover|p1a: Porygon2
|-heal|p1a: Porygon2|61/100
|move|p2b: Ursaluna|Earth Power|p1b: Dragonite
|-supereffective|p1b: Dragonite
|-damage|p1b: Dragonite|0 fnt
|faint|p1b: Dragonite
|-damage|p2b: Ursaluna|81/100|[from] item: Life Orb
|
|upkeep
|
|t:|1754946064
|switch|p1b: Gholdengo|Gholdengo, L50, shiny|91/100
|turn|4
|inactive|HappyDuckJJ has 30 seconds left.
|
|t:|1754946090
|move|p2b: Ursaluna|Protect|p2b: Ursaluna
|-singleturn|p2b: Ursaluna|Protect
|move|p2a: Murkrow|Tailwind|p2a: Murkrow
|-sidestart|p2: Spyro cat|move: Tailwind
|move|p1b: Gholdengo|Make It Rain|p2a: Murkrow|[spread] p2a
|-activate|p2b: Ursaluna|move: Protect
|-damage|p2a: Murkrow|0 fnt
|-unboost|p1b: Gholdengo|spa|1
|faint|p2a: Murkrow
|-damage|p1b: Gholdengo|81/100|[from] item: Life Orb
|move|p1a: Porygon2|Recover|p1a: Porygon2
|-heal|p1a: Porygon2|100/100
|
|upkeep
|
|t:|1754946103
|switch|p2a: Dragapult|Dragapult, L50, F|100/100
|turn|5
|
|t:|1754946119
|move|p2a: Dragapult|Dragon Darts|p1a: Porygon2
|-damage|p1a: Porygon2|78/100
|-anim|p2a: Dragapult|Dragon Darts|p1b: Gholdengo
|-resisted|p1b: Gholdengo
|-damage|p1b: Gholdengo|61/100
|move|p1b: Gholdengo|Shadow Ball|p2a: Dragapult
|-supereffective|p2a: Dragapult
|-damage|p2a: Dragapult|0 fnt
|faint|p2a: Dragapult
|-damage|p1b: Gholdengo|51/100|[from] item: Life Orb
|move|p2b: Ursaluna|Blood Moon|p1a: Porygon2
|-crit|p1a: Porygon2
|-damage|p1a: Porygon2|0 fnt
|faint|p1a: Porygon2
|-damage|p2b: Ursaluna|71/100|[from] item: Life Orb
|
|-sideend|p1: HappyDuckJJ|move: Tailwind
|upkeep
|
|t:|1754946124
|switch|p1a: Ursaluna|Ursaluna, L50, F|100/100
|turn|6
|inactive|HappyDuckJJ has 30 seconds left.
|inactive|Spyro cat has 30 seconds left.
|
|t:|1754946154
|move|p2b: Ursaluna|Earth Power|p1b: Gholdengo
|-supereffective|p1b: Gholdengo
|-damage|p1b: Gholdengo|0 fnt
|faint|p1b: Gholdengo
|-damage|p2b: Ursaluna|61/100|[from] item: Life Orb
|move|p1a: Ursaluna|Headlong Rush|p2b: Ursaluna
|-damage|p2b: Ursaluna|6/100
|-unboost|p1a: Ursaluna|def|1
|-unboost|p1a: Ursaluna|spd|1
|
|-status|p1a: Ursaluna|brn|[from] item: Flame Orb
|upkeep
|turn|7
|
|t:|1754946174
|move|p2b: Ursaluna|Hyper Voice|p1a: Ursaluna
|-damage|p1a: Ursaluna|0 fnt
|faint|p1a: Ursaluna
|-damage|p2b: Ursaluna|0 fnt|[from] item: Life Orb
|faint|p2b: Ursaluna
|
|win|Spyro cat
|raw|HappyDuckJJ's rating: 1303 → 1291(-12 for losing)
|raw|Spyro cat's rating: 1451 → 1463(+12 for winning)
|l|☆HappyDuckJJ
|player|p1|
|l|☆Spyro cat
|player|p2|
|j|☆Spyro cat
|player|p2|Spyro cat|102|
