|j|☆Gentlefish
|j|☆MrTedno
|html|GentlefishMrTedno    
|uhtml|bestof|Game 1 of a best-of-3
|t:|1756847084
|gametype|doubles
|player|p1|Gentlefish|burglar-gen1rb|1140
|player|p2|MrTedno|barry|1154
|gen|9
|tier|[Gen 9] VGC 2025 Reg H (Bo3)
|rated|
|rule|Species Clause: Limit one of each Pokémon
|rule|Item Clause: Limit 1 of each item
|clearpoke
|poke|p1|Garchomp, L50, M|
|poke|p1|Weezing-Galar, L50, M|
|poke|p1|Archaludon, L50, M|
|poke|p1|Gholdengo, L50|
|poke|p1|Talonflame, L50, F|
|poke|p1|Annihilape, L50, F|
|poke|p2|Ninetales-Alola, L50, F|
|poke|p2|Garchomp, L50, F|
|poke|p2|Dragonite, L50, M|
|poke|p2|Incineroar, L50, M|
|poke|p2|Gholdengo, L50|
|poke|p2|Farigiraf, L50, F|
|teampreview|4
|showteam|p1|Garchomp||LifeOrb|RoughSkin|DragonClaw,Earthquake,StompingTantrum,Protect|||M|||50|,,,,,Ground]Weezing-Galar||FocusSash|NeutralizingGas|Protect,SludgeBomb,Taunt,StrangeSteam|||M|||50|,,,,,Flying]Archaludon||PowerHerb|Sturdy|ElectroShot,Thunderbolt,DracoMeteor,Protect|||M|||50|,,,,,Electric]Gholdengo||ChoiceSpecs|GoodasGold|ShadowBall,DazzlingGleam,PowerGem,MakeItRain||||||50|,,,,,Fairy]Talonflame||CovertCloak|GaleWings|Tailwind,DualWingbeat,Taunt,FlareBlitz|||F|||50|,,,,,Stellar]Annihilape||AssaultVest|Defiant|CloseCombat,RageFist,FinalGambit,IcePunch|||F|||50|,,,,,Grass
|showteam|p2|Ninetales-Alola||FocusSash|SnowWarning|Encore,Blizzard,FreezeDry,Protect|||F|||50|,,,,,Ghost]Garchomp||LifeOrb|RoughSkin|Earthquake,DragonClaw,StompingTantrum,Protect|||F|||50|,,,,,Ground]Dragonite||LumBerry|InnerFocus|TeraBlast,LowKick,ExtremeSpeed,Protect|||M|||50|,,,,,Flying]Incineroar||SafetyGoggles|Intimidate|FakeOut,PartingShot,FlareBlitz,KnockOff|||M|||50|,,,,,Ghost]Gholdengo||Leftovers|GoodasGold|ShadowBall,MakeItRain,NastyPlot,Protect||||||50|,,,,,Flying]Farigiraf||SitrusBerry|ArmorTail|TrickRoom,Protect,TeraBlast,Psychic|||F|||50|,,,,,Fighting
|c|☆MrTedno|glhf
|c|☆Gentlefish|glhf
|
|t:|1756847230
|teamsize|p1|4
|teamsize|p2|4
|start
|switch|p1a: Talonflame|Talonflame, L50, F|100/100
|switch|p1b: Archaludon|Archaludon, L50, M|100/100
|switch|p2a: Alex|Garchomp, L50, F|100/100
|switch|p2b: Melman|Farigiraf, L50, F|100/100
|turn|1
|
|t:|1756847261
|move|p1b: Archaludon|Protect|p1b: Archaludon
|-singleturn|p1b: Archaludon|Protect
|move|p1a: Talonflame|Taunt|p2b: Melman
|-start|p2b: Melman|move: Taunt
|move|p2a: Alex|Dragon Claw|p1a: Talonflame
|-damage|p1a: Talonflame|16/100
|-damage|p2a: Alex|91/100|[from] item: Life Orb
|move|p2b: Melman|Psychic|p1a: Talonflame
|-damage|p1a: Talonflame|0 fnt
|faint|p1a: Talonflame
|
|upkeep
|
|t:|1756847280
|switch|p1a: Gholdengo|Gholdengo, L50|100/100
|turn|2
|
|t:|1756847300
|switch|p2b: Julien|Incineroar, L50, M|100/100
|-ability|p2b: Julien|Intimidate|boost
|-unboost|p1a: Gholdengo|atk|1
|-unboost|p1b: Archaludon|atk|1
|-terastallize|p1a: Gholdengo|Fairy
|move|p2a: Alex|Protect|p2a: Alex
|-singleturn|p2a: Alex|Protect
|move|p1b: Archaludon|Electro Shot||[still]
|-prepare|p1b: Archaludon|Electro Shot
|-boost|p1b: Archaludon|spa|1
|-enditem|p1b: Archaludon|Power Herb
|-anim|p1b: Archaludon|Electro Shot|p2b: Julien
|-damage|p2b: Julien|50/100
|move|p1a: Gholdengo|Dazzling Gleam|p2b: Julien|[spread] p2b
|-activate|p2a: Alex|move: Protect
|-damage|p2b: Julien|11/100
|
|upkeep
|turn|3
|
|t:|1756847375
|switch|p1a: Annihilape|Annihilape, L50, F|100/100
|move|p1b: Archaludon|Protect|p1b: Archaludon
|-singleturn|p1b: Archaludon|Protect
|move|p2b: Julien|Fake Out|p1a: Annihilape
|-immune|p1a: Annihilape
|move|p2a: Alex|Stomping Tantrum|p1b: Archaludon
|-activate|p1b: Archaludon|move: Protect
|
|upkeep
|turn|4
|
|t:|1756847432
|move|p2a: Alex|Stomping Tantrum|p1b: Archaludon
|-supereffective|p1b: Archaludon
|-damage|p1b: Archaludon|7/100
|-damage|p2a: Alex|81/100|[from] item: Life Orb
|move|p1a: Annihilape|Ice Punch|p2a: Alex
|-supereffective|p2a: Alex
|-damage|p2a: Alex|0 fnt
|-damage|p1a: Annihilape|88/100|[from] ability: Rough Skin|[of] p2a: Alex
|faint|p2a: Alex
|move|p1b: Archaludon|Thunderbolt|p2b: Julien
|-damage|p2b: Julien|0 fnt
|faint|p2b: Julien
|
|upkeep
|
|t:|1756847439
|switch|p2a: Skipper|Gholdengo, L50|100/100
|switch|p2b: Melman|Farigiraf, L50, F|100/100
|turn|5
|
|t:|1756847497
|move|p2a: Skipper|Protect|p2a: Skipper
|-singleturn|p2a: Skipper|Protect
|move|p1a: Annihilape|Final Gambit|p2b: Melman
|-damage|p2b: Melman|21/100
|-enditem|p2b: Melman|Sitrus Berry|[eat]
|-heal|p2b: Melman|46/100|[from] item: Sitrus Berry
|faint|p1a: Annihilape
|move|p1b: Archaludon|Thunderbolt|p2a: Skipper
|-activate|p2a: Skipper|move: Protect
|move|p2b: Melman|Trick Room|p2b: Melman
|-fieldstart|move: Trick Room|[of] p2b: Melman
|
|upkeep
|
|t:|1756847500
|switch|p1a: Gholdengo|Gholdengo, L50, tera:Fairy|100/100
|turn|6
|
|t:|1756847544
|move|p1b: Archaludon|Protect|p1b: Archaludon
|-singleturn|p1b: Archaludon|Protect
|move|p2b: Melman|Psychic|p1b: Archaludon
|-activate|p1b: Archaludon|move: Protect
|move|p1a: Gholdengo|Make It Rain|p2a: Skipper|[spread] p2a,p2b
|-resisted|p2a: Skipper
|-damage|p2a: Skipper|57/100
|-damage|p2b: Melman|0 fnt
|-unboost|p1a: Gholdengo|spa|1
|faint|p2b: Melman
|move|p2a: Skipper|Nasty Plot|p2a: Skipper
|-boost|p2a: Skipper|spa|2
|
|-heal|p2a: Skipper|63/100|[from] item: Leftovers
|upkeep
|turn|7
|
|t:|1756847555
|move|p1a: Gholdengo|Make It Rain|p2a: Skipper
|-resisted|p2a: Skipper
|-damage|p2a: Skipper|26/100
|-unboost|p1a: Gholdengo|spa|1
|move|p2a: Skipper|Make It Rain|p1b: Archaludon|[spread] p1a,p1b
|-supereffective|p1a: Gholdengo
|-resisted|p1b: Archaludon
|-damage|p1a: Gholdengo|0 fnt
|-damage|p1b: Archaludon|0 fnt
|-unboost|p2a: Skipper|spa|1
|faint|p1a: Gholdengo
|faint|p1b: Archaludon
|
|win|MrTedno
|inactive|Gentlefish has 30 seconds to confirm battle start!
|inactive|MrTedno has 30 seconds to confirm battle start!
||Gentlefish is ready for game 2.
||MrTedno is ready for game 2.
|uhtml|next|Next: Game 2 of 3
|l|☆MrTedno
|player|p2|
