|j|☆Omarro
|j|☆naibot2814
|html|Omarronaibot2814    
|uhtml|bestof|Game 1 of a best-of-3
|t:|1783173846
|gametype|doubles
|player|p1|Omarro|dragontamer|1180
|player|p2|naibot2814|ghetsis|1279
|gen|9
|tier|[Gen 9 Champions] VGC 2026 Reg M-B (Bo3)
|rated|
|rule|Species Clause: Limit one of each Pokémon
|rule|Item Clause: Limit 1 of each item
|clearpoke
|poke|p1|Sneasler, L50, F|
|poke|p1|Talonflame, L50, F|
|poke|p1|Steelix, L50, M|
|poke|p1|Rotom-Wash, L50|
|poke|p1|Tyranitar, L50, F|
|poke|p1|Sinistcha-Masterpiece, L50|
|poke|p2|Incineroar, L50, M|
|poke|p2|Sinistcha, L50, shiny|
|poke|p2|Kingambit, L50, M|
|poke|p2|Delphox, L50, F|
|poke|p2|Sneasler, L50, M|
|poke|p2|Floette-Eternal, L50, F|
|teampreview|4
|showteam|p1|Sneasler||WhiteHerb|Unburden|Protect,FakeOut,DireClaw,CloseCombat|Adamant||F|||50|]Talonflame||SharpBeak|GaleWings|Protect,Tailwind,WillOWisp,BraveBird|Jolly||F|||50|]Steelix||Steelixite|Sturdy|Protect,WideGuard,HeavySlam,HighHorsepower|Impish||M|||50|]Rotom-Wash||Leftovers|Levitate|LightScreen,WillOWisp,Thunderbolt,HydroPump|Timid|||||50|]Tyranitar||Tyranitarite|SandStream|Protect,DragonDance,KnockOff,RockSlide|Adamant||F|||50|]Sinistcha-Masterpiece||SitrusBerry|Hospitality|Protect,RagePowder,TrickRoom,MatchaGotcha|Relaxed|||||50|
|showteam|p2|Incineroar||SitrusBerry|Intimidate|FakeOut,DarkestLariat,FlareBlitz,PartingShot|Careful||M|||50|]Sinistcha||OccaBerry|Hospitality|MatchaGotcha,RagePowder,TrickRoom,Protect|Bold|||||50|]Kingambit||BlackGlasses|Defiant|KowtowCleave,SuckerPunch,SwordsDance,Protect|Adamant||M|||50|]Delphox||Delphoxite|Blaze|HeatWave,Psyshock,NastyPlot,Protect|Timid||F|||50|]Sneasler||FocusSash|PoisonTouch|FakeOut,PoisonJab,CloseCombat,Protect|Jolly||M|||50|]Floette-Eternal||Floettite|FlowerVeil|DrainingKiss,DazzlingGleam,CalmMind,Protect|Modest||F|||50|
|
|t:|1783173879
|teamsize|p1|4
|teamsize|p2|4
|start
|switch|p1a: Sneasler|Sneasler, L50, F|100/100
|switch|p1b: Talonflame|Talonflame, L50, F|100/100
|switch|p2a: Madoka Kaname|Floette-Eternal, L50, F|100/100
|switch|p2b: Sneasler|Sneasler, L50, M|100/100
|turn|1
|
|t:|1783173897
|detailschange|p2a: Madoka Kaname|Floette-Mega, L50, F
|-mega|p2a: Madoka Kaname|Floette|Floettite
|-ability|p2a: Madoka Kaname|Fairy Aura
|move|p1a: Sneasler|Protect|p1a: Sneasler
|-singleturn|p1a: Sneasler|Protect
|move|p2b: Sneasler|Fake Out|p1b: Talonflame
|-damage|p1b: Talonflame|82/100
|cant|p1b: Talonflame|flinch
|move|p2a: Madoka Kaname|Dazzling Gleam|p1a: Sneasler|[spread] p1b
|-activate|p1a: Sneasler|move: Protect
|-resisted|p1b: Talonflame|1
|-damage|p1b: Talonflame|51/100
|
|upkeep
|turn|2
|
|t:|1783173922
|switch|p2a: Gumball|Incineroar, L50, M|100/100
|-ability|p2a: Gumball|Intimidate|boost
|-unboost|p1a: Sneasler|atk|1
|-unboost|p1b: Talonflame|atk|1
|-enditem|p1a: Sneasler|White Herb
|-clearnegativeboost|p1a: Sneasler|[silent]
|move|p2b: Sneasler|Protect|p2b: Sneasler
|-singleturn|p2b: Sneasler|Protect
|move|p1a: Sneasler|Dire Claw|p2a: Gumball
|-damage|p2a: Gumball|60/100
|move|p1b: Talonflame|Tailwind|p1b: Talonflame
|-sidestart|p1: Omarro|move: Tailwind
|
|upkeep
|turn|3
|
|t:|1783173938
|switch|p2b: Sinistcha|Sinistcha, L50, shiny|100/100
|-heal|p2a: Gumball|85/100|[from] ability: Hospitality|[of] p2b: Sinistcha
|move|p1a: Sneasler|Protect|p1a: Sneasler
|-singleturn|p1a: Sneasler|Protect
|move|p2a: Gumball|Fake Out|p1a: Sneasler
|-activate|p1a: Sneasler|move: Protect
|move|p1b: Talonflame|Brave Bird|p2b: Sinistcha
|-supereffective|p2b: Sinistcha|1
|-crit|p2b: Sinistcha
|-damage|p2b: Sinistcha|5/100
|-damage|p1b: Talonflame|22/100|[from] Recoil
|
|upkeep
|turn|4
|
|t:|1783173959
|switch|p2a: Madoka Kaname|Floette-Mega, L50, F|100/100
|-ability|p2a: Madoka Kaname|Fairy Aura
|move|p2b: Sinistcha|Protect|p2b: Sinistcha
|-singleturn|p2b: Sinistcha|Protect
|move|p1a: Sneasler|Close Combat|p2a: Madoka Kaname
|-resisted|p2a: Madoka Kaname|1
|-damage|p2a: Madoka Kaname|67/100
|-unboost|p1a: Sneasler|def|1
|-unboost|p1a: Sneasler|spd|1
|move|p1b: Talonflame|Brave Bird|p2b: Sinistcha
|-activate|p2b: Sinistcha|move: Protect
|
|upkeep
|turn|5
|
|t:|1783173976
|switch|p2b: Gumball|Incineroar, L50, M|85/100
|-ability|p2b: Gumball|Intimidate|boost
|-unboost|p1a: Sneasler|atk|1
|-unboost|p1b: Talonflame|atk|1
|move|p2a: Madoka Kaname|Protect|p2a: Madoka Kaname
|-singleturn|p2a: Madoka Kaname|Protect
|move|p1a: Sneasler|Dire Claw|p2a: Madoka Kaname
|-activate|p2a: Madoka Kaname|move: Protect
|move|p1b: Talonflame|Brave Bird|p2b: Gumball
|-damage|p2b: Gumball|67/100
|-damage|p1b: Talonflame|15/100|[from] Recoil
|
|-sideend|p1: Omarro|move: Tailwind
|upkeep
|turn|6
|
|t:|1783173993
|move|p1a: Sneasler|Protect|p1a: Sneasler
|-singleturn|p1a: Sneasler|Protect
|move|p1b: Talonflame|Protect|p1b: Talonflame
|-singleturn|p1b: Talonflame|Protect
|move|p2b: Gumball|Fake Out|p1a: Sneasler
|-activate|p1a: Sneasler|move: Protect
|move|p2a: Madoka Kaname|Dazzling Gleam|p1b: Talonflame|[spread] 
|-activate|p1a: Sneasler|move: Protect
|-activate|p1b: Talonflame|move: Protect
|
|upkeep
|turn|7
|
|t:|1783174006
|switch|p2b: Sinistcha|Sinistcha, L50, shiny|5/100
|-heal|p2a: Madoka Kaname|92/100|[from] ability: Hospitality|[of] p2b: Sinistcha
|move|p1a: Sneasler|Dire Claw|p2a: Madoka Kaname
|-supereffective|p2a: Madoka Kaname|1
|-damage|p2a: Madoka Kaname|30/100
|-status|p2a: Madoka Kaname|slp
|move|p1b: Talonflame|Tailwind|p1b: Talonflame
|-sidestart|p1: Omarro|move: Tailwind
|cant|p2a: Madoka Kaname|slp
|
|upkeep
|turn|8
|-message|naibot2814 forfeited.
|
|win|Omarro
|l|☆naibot2814
|player|p2|
||naibot2814 is ready for game 2.
|l|☆Omarro
|player|p1|
||Omarro is ready for game 2.
|uhtml|next|Next: Game 2 of 3
|j|☆naibot2814
|player|p2|naibot2814|ghetsis|
