|j|☆Shishio_Ax
|j|☆Bergmann VGC
|html|Shishio_AxBergmann VGC    
|uhtml|bestof|Game 3 of a best-of-3
|t:|1756738381
|gametype|doubles
|player|p1|Shishio_Ax|gambler|1326
|player|p2|Bergmann VGC|volkner|1308
|gen|9
|tier|[Gen 9] VGC 2025 Reg H (Bo3)
|rated|
|rule|Species Clause: Limit one of each Pokémon
|rule|Item Clause: Limit 1 of each item
|clearpoke
|poke|p1|Volcarona, L50, M|
|poke|p1|Ninetales-Alola, L50, F|
|poke|p1|Sneasler, L50, F|
|poke|p1|Garchomp, L50, M|
|poke|p1|Electabuzz, L50, F|
|poke|p1|Rillaboom, L50, M|
|poke|p2|Charizard, L50, M|
|poke|p2|Torkoal, L50, F|
|poke|p2|Porygon2, L50|
|poke|p2|Incineroar, L50, M|
|poke|p2|Jumpluff, L50, F|
|poke|p2|Ursaluna, L50, M|
|teampreview|4
|showteam|p1|Volcarona||CovertCloak|FlameBody|HeatWave,TeraBlast,QuiverDance,Protect|||M|||50|,,,,,Fairy]Ninetales-Alola||LightClay|SnowWarning|Blizzard,Moonblast,AuroraVeil,Protect|||F|||50|,,,,,Poison]Sneasler||FocusSash|Unburden|DireClaw,CloseCombat,ThroatChop,Protect|||F|||50|,,,,,Dark]Garchomp||LifeOrb|RoughSkin|DragonClaw,StompingTantrum,IronHead,Protect|||M|||50|,,,,,Steel]Electabuzz||Eviolite|VitalSpirit|Thunderbolt,FollowMe,Taunt,Protect|||F|||50|,,,,,Ghost]Rillaboom||AssaultVest|GrassySurge|WoodHammer,GrassyGlide,FakeOut,Uturn|||M|||50|,,,,,Fire
|showteam|p2|Charizard||ChoiceSpecs|SolarPower|HeatWave,Overheat,WeatherBall,AirSlash|||M|||50|,,,,,Ghost]Torkoal||EjectPack|Drought|Eruption,Overheat,HelpingHand,Protect|||F|||50|,,,,,Fire]Porygon2||Eviolite|Download|TeraBlast,IceBeam,Recover,TrickRoom||||||50|,,,,,Fighting]Incineroar||SafetyGoggles|Intimidate|FlareBlitz,KnockOff,FakeOut,PartingShot|||M|||50|,,,,,Ghost]Jumpluff||CovertCloak|Chlorophyll|SleepPowder,SunnyDay,RagePowder,Tailwind|||F|||50|,,,,,Water]Ursaluna||FlameOrb|Guts|HeadlongRush,Facade,Earthquake,Protect|||M|||50|,,,,,Ghost
|inactive|Battle timer is ON: inactive players will automatically lose when time's up. (requested by Shishio_Ax)
|
|t:|1756738406
|teamsize|p1|4
|teamsize|p2|4
|start
|switch|p1a: Drake|Garchomp, L50, M|100/100
|switch|p1b: Surge|Electabuzz, L50, F|100/100
|switch|p2a: Shōnagon|Jumpluff, L50, F|100/100
|switch|p2b: Musashi|Incineroar, L50, M|100/100
|-ability|p2b: Musashi|Intimidate|boost
|-unboost|p1a: Drake|atk|1
|-unboost|p1b: Surge|atk|1
|turn|1
|
|t:|1756738424
|switch|p1a: Dante|Volcarona, L50, M|100/100
|move|p2b: Musashi|Fake Out|p1a: Dante
|-damage|p1a: Dante|84/100
|move|p2a: Shōnagon|Tailwind|p2a: Shōnagon
|-sidestart|p2: Bergmann VGC|move: Tailwind
|move|p1b: Surge|Taunt|p2a: Shōnagon
|-start|p2a: Shōnagon|move: Taunt
|
|upkeep
|turn|2
|
|t:|1756738444
|switch|p2a: Koshamain|Ursaluna, L50, M|100/100
|move|p1b: Surge|Follow Me|p1b: Surge
|-singleturn|p1b: Surge|move: Follow Me
|move|p2b: Musashi|Parting Shot|p1b: Surge
|-unboost|p1b: Surge|atk|1
|-unboost|p1b: Surge|spa|1
|
|t:|1756738458
|switch|p2b: Shōnagon|Jumpluff, L50, F|100/100|[from] Parting Shot
|move|p1a: Dante|Quiver Dance|p1a: Dante
|-boost|p1a: Dante|spa|1
|-boost|p1a: Dante|spd|1
|-boost|p1a: Dante|spe|1
|
|-status|p2a: Koshamain|brn|[from] item: Flame Orb
|upkeep
|turn|3
|inactive|Bergmann VGC has 30 seconds left.
|
|t:|1756738488
|move|p1b: Surge|Follow Me|p1b: Surge
|-singleturn|p1b: Surge|move: Follow Me
|move|p2b: Shōnagon|Sleep Powder|p1b: Surge
|-immune|p1b: Surge|[from] ability: Vital Spirit
|move|p1a: Dante|Heat Wave|p2a: Koshamain|[spread] p2a,p2b
|-supereffective|p2b: Shōnagon
|-damage|p2a: Koshamain|54/100 brn
|-damage|p2b: Shōnagon|0 fnt
|faint|p2b: Shōnagon
|move|p2a: Koshamain|Earthquake|p1b: Surge|[spread] p1a,p1b
|-supereffective|p1b: Surge
|-damage|p1a: Dante|0 fnt
|-damage|p1b: Surge|0 fnt
|faint|p1a: Dante
|faint|p1b: Surge
|
|-damage|p2a: Koshamain|48/100 brn|[from] brn
|upkeep
|
|t:|1756738500
|switch|p2b: Kenshin|Charizard, L50, M, shiny|100/100
|switch|p1b: Drake|Garchomp, L50, M|100/100
|switch|p1a: D'oro|Sneasler, L50, F|100/100
|turn|4
|
|t:|1756738521
|switch|p2a: Musashi|Incineroar, L50, M|100/100
|-ability|p2a: Musashi|Intimidate|boost
|-unboost|p1a: D'oro|atk|1
|-unboost|p1b: Drake|atk|1
|move|p1a: D'oro|Protect|p1a: D'oro
|-singleturn|p1a: D'oro|Protect
|move|p2b: Kenshin|Heat Wave|p1a: D'oro|[spread] p1b
|-activate|p1a: D'oro|move: Protect
|-resisted|p1b: Drake
|-damage|p1b: Drake|74/100
|move|p1b: Drake|Dragon Claw|p2b: Kenshin
|-damage|p2b: Kenshin|46/100
|-damage|p1b: Drake|65/100|[from] item: Life Orb
|
|-sideend|p2: Bergmann VGC|move: Tailwind
|upkeep
|turn|5
|inactive|Bergmann VGC has 30 seconds left.
|
|t:|1756738550
|move|p2a: Musashi|Fake Out|p1b: Drake
|-damage|p1b: Drake|52/100
|-damage|p2a: Musashi|88/100|[from] ability: Rough Skin|[of] p1b: Drake
|move|p1a: D'oro|Throat Chop|p2a: Musashi
|-resisted|p2a: Musashi
|-damage|p2a: Musashi|79/100
|-start|p2a: Musashi|Throat Chop|[silent]
|cant|p1b: Drake|flinch
|move|p2b: Kenshin|Heat Wave|p1a: D'oro|[spread] p1a
|-miss|p2b: Kenshin|p1b: Drake
|-damage|p1a: D'oro|38/100
|
|upkeep
|turn|6
|inactive|Shishio_Ax has 30 seconds left.
|inactive|Bergmann VGC has 30 seconds left.
|
|t:|1756738580
|-terastallize|p2a: Musashi|Ghost
|move|p1a: D'oro|Protect|p1a: D'oro
|-singleturn|p1a: D'oro|Protect
|move|p1b: Drake|Dragon Claw|p2b: Kenshin
|-damage|p2b: Kenshin|0 fnt
|faint|p2b: Kenshin
|-damage|p1b: Drake|42/100|[from] item: Life Orb
|move|p2a: Musashi|Knock Off|p1b: Drake
|-damage|p1b: Drake|0 fnt
|-damage|p2a: Musashi|66/100|[from] ability: Rough Skin|[of] p1b: Drake
|-enditem|p1b: Drake|Life Orb|[from] move: Knock Off|[of] p2a: Musashi
|faint|p1b: Drake
|
|-end|p2a: Musashi|Throat Chop|[silent]
|upkeep
|
|t:|1756738590
|switch|p2b: Koshamain|Ursaluna, L50, M|48/100 brn
|turn|7
|-message|Shishio_Ax forfeited.
|raw|Shishio_Ax's rating: 1326 → 1305(-21 for losing)
|raw|Bergmann VGC's rating: 1308 → 1329(+21 for winning)
|
|win|Bergmann VGC
