|j|☆la cabra1
|j|☆al.fo1234
|html|la cabra1al.fo1234    
|uhtml|bestof|Game 2 of a best-of-3
|t:|1783083385
|gametype|doubles
|player|p1|la cabra1|volkner|1293
|player|p2|al.fo1234|acetrainer-gen4dp|1204
|gen|9
|tier|[Gen 9 Champions] VGC 2026 Reg M-B (Bo3)
|rated|
|rule|Species Clause: Limit one of each Pokémon
|rule|Item Clause: Limit 1 of each item
|clearpoke
|poke|p1|Aerodactyl, L50, M|
|poke|p1|Garchomp, L50, F|
|poke|p1|Kingambit, L50, F|
|poke|p1|Charizard, L50, M|
|poke|p1|Sylveon, L50, M|
|poke|p1|Farigiraf, L50, F|
|poke|p2|Swampert, L50, M|
|poke|p2|Pelipper, L50, M|
|poke|p2|Venusaur, L50, F|
|poke|p2|Archaludon, L50, F|
|poke|p2|Basculegion, L50, M|
|poke|p2|Sableye, L50, M|
|teampreview|4
|showteam|p1|Aerodactyl||Aerodactylite|Unnerve|IceFang,RockSlide,Tailwind,DualWingbeat|Jolly||M|||50|]Garchomp||LifeOrb|RoughSkin|DragonClaw,StompingTantrum,Earthquake,Protect|Jolly||F|||50|]Kingambit||FocusSash|Defiant|SuckerPunch,KowtowCleave,IronHead,LowKick|Adamant||F|||50|]Charizard||CharizarditeY|SolarPower|Protect,HeatWave,SolarBeam,WeatherBall|Modest||M|||50|]Sylveon||FairyFeather|Pixilate|Protect,HyperVoice,HyperBeam,QuickAttack|Modest||M|||50|]Farigiraf||SitrusBerry|ArmorTail|TrickRoom,Thunderbolt,Psychic,Roar|Bold||F|||50|
|showteam|p2|Swampert||Swampertite|Torrent|WaveCrash,Protect,Earthquake,IcePunch|Serious||M|||50|]Pelipper||FocusSash|Drizzle|WeatherBall,Protect,Hurricane,Tailwind|Serious||M|||50|]Venusaur||Venusaurite|Overgrow|GigaDrain,SludgeBomb,EarthPower,Protect|Bold||F|||50|]Archaludon||Leftovers|Stamina|ElectroShot,DragonPulse,FlashCannon,Protect|Bold||F|||50|]Basculegion||ChoiceScarf|SwiftSwim|AquaJet,FlipTurn,WaveCrash,LastRespects|Adamant||M|||50|]Sableye||RoseliBerry|Prankster|LightScreen,Reflect,WillOWisp,RainDance|Careful||M|||50|
|
|t:|1783083403
|teamsize|p1|4
|teamsize|p2|4
|start
|switch|p1a: Sylveon|Sylveon, L50, M|100/100
|switch|p1b: Farigiraf|Farigiraf, L50, F|100/100
|switch|p2a: Sableye|Sableye, L50, M|100/100
|switch|p2b: Basculegion|Basculegion, L50, M|100/100
|turn|1
|inactive|Battle timer is ON: inactive players will automatically lose when time's up. (requested by al.fo1234)
|
|t:|1783083426
|move|p1a: Sylveon|Protect|p1a: Sylveon
|-singleturn|p1a: Sylveon|Protect
|move|p2a: Sableye|Rain Dance|p2a: Sableye
|-weather|RainDance
|move|p2b: Basculegion|Wave Crash|p1b: Farigiraf
|-damage|p1b: Farigiraf|36/100
|-enditem|p1b: Farigiraf|Sitrus Berry|[eat]
|-heal|p1b: Farigiraf|61/100|[from] item: Sitrus Berry
|-damage|p2b: Basculegion|76/100|[from] Recoil
|move|p1b: Farigiraf|Trick Room|p1b: Farigiraf
|-fieldstart|move: Trick Room|[of] p1b: Farigiraf
|
|-weather|RainDance|[upkeep]
|upkeep
|turn|2
|
|t:|1783083442
|switch|p2b: Swampert|Swampert, L50, M|100/100
|move|p2a: Sableye|Light Screen|p2a: Sableye
|-sidestart|p2: al.fo1234|move: Light Screen
|move|p1b: Farigiraf|Thunderbolt|p2b: Swampert
|-immune|p2b: Swampert
|move|p1a: Sylveon|Hyper Voice|p2b: Swampert|[spread] p2a,p2b
|-supereffective|p2a: Sableye|1
|-enditem|p2a: Sableye|Roseli Berry|[eat]
|-enditem|p2a: Sableye|Roseli Berry|[weaken]
|-damage|p2a: Sableye|66/100
|-damage|p2b: Swampert|71/100
|
|-weather|RainDance|[upkeep]
|upkeep
|turn|3
|
|t:|1783083456
|move|p2b: Swampert|Protect|p2b: Swampert
|-singleturn|p2b: Swampert|Protect
|move|p2a: Sableye|Reflect|p2a: Sableye
|-sidestart|p2: al.fo1234|Reflect
|move|p1b: Farigiraf|Thunderbolt|p2a: Sableye
|-damage|p2a: Sableye|50/100g
|move|p1a: Sylveon|Hyper Beam|p2a: Sableye
|-supereffective|p2a: Sableye|1
|-damage|p2a: Sableye|0 fnt
|-mustrecharge|p1a: Sylveon
|faint|p2a: Sableye
|
|-weather|RainDance|[upkeep]
|upkeep
|
|t:|1783083468
|switch|p2a: Basculegion|Basculegion, L50, M|76/100
|turn|4
|
|t:|1783083488
|detailschange|p2b: Swampert|Swampert-Mega, L50, M
|-mega|p2b: Swampert|Swampert|Swampertite
|move|p1b: Farigiraf|Thunderbolt|p2a: Basculegion
|-supereffective|p2a: Basculegion|1
|-damage|p2a: Basculegion|40/100
|cant|p1a: Sylveon|recharge
|move|p2b: Swampert|Wave Crash|p1b: Farigiraf
|-damage|p1b: Farigiraf|0 fnt
|faint|p1b: Farigiraf
|-damage|p2b: Swampert|48/100|[from] Recoil
|move|p2a: Basculegion|Wave Crash|p1a: Sylveon
|-damage|p1a: Sylveon|0 fnt
|faint|p1a: Sylveon
|-damage|p2a: Basculegion|9/100|[from] Recoil
|
|-weather|RainDance|[upkeep]
|upkeep
|
|t:|1783083493
|switch|p1b: Charizard|Charizard, L50, M|100/100
|switch|p1a: Kingambit|Kingambit, L50, F|100/100
|turn|5
|inactive|la cabra1 has 30 seconds left.
|inactive|la cabra1 has 20 seconds left.
|
|t:|1783083531
|move|p1b: Charizard|Protect|p1b: Charizard
|-singleturn|p1b: Charizard|Protect
|move|p2b: Swampert|Protect|p2b: Swampert
|-singleturn|p2b: Swampert|Protect
|move|p1a: Kingambit|Kowtow Cleave|p2a: Basculegion
|-supereffective|p2a: Basculegion|1
|-damage|p2a: Basculegion|0 fnt
|faint|p2a: Basculegion
|
|-weather|none
|-fieldend|move: Trick Room
|upkeep
|
|t:|1783083539
|switch|p2a: Pelipper|Pelipper, L50, M|100/100
|-weather|RainDance|[from] ability: Drizzle|[of] p2a: Pelipper
|turn|6
|
|t:|1783083556
|detailschange|p1b: Charizard|Charizard-Mega-Y, L50, M
|-mega|p1b: Charizard|Charizard|Charizardite Y
|-weather|SunnyDay|[from] ability: Drought|[of] p1b: Charizard
|move|p1b: Charizard|Solar Beam||[still]
|-prepare|p1b: Charizard|Solar Beam
|-anim|p1b: Charizard|Solar Beam|p2b: Swampert
|-supereffective|p2b: Swampert|2
|-damage|p2b: Swampert|0 fnt
|faint|p2b: Swampert
|move|p2a: Pelipper|Weather Ball|p1a: Kingambit
|-supereffective|p1a: Kingambit|1
|-enditem|p1a: Kingambit|Focus Sash
|-damage|p1a: Kingambit|1/100
|move|p1a: Kingambit|Kowtow Cleave|p2a: Pelipper
|-damage|p2a: Pelipper|54/100
|
|-weather|SunnyDay|[upkeep]
|-sideend|p2: al.fo1234|move: Light Screen
|upkeep
|turn|7
|
|t:|1783083575
|move|p1a: Kingambit|Sucker Punch|p2a: Pelipper
|-damage|p2a: Pelipper|16/100
|move|p1b: Charizard|Solar Beam||[still]
|-prepare|p1b: Charizard|Solar Beam
|-anim|p1b: Charizard|Solar Beam|p2a: Pelipper
|-damage|p2a: Pelipper|0 fnt
|faint|p2a: Pelipper
|
|win|la cabra1
|raw|la cabra1's rating: 1293 → 1312(+19 for winning)
|raw|al.fo1234's rating: 1204 → 1185(-19 for losing)
