|j|☆Como Se Dice Ben
|j|☆ApolloLou
|html|Como Se Dice BenApolloLou    
|uhtml|bestof|Game 2 of a best-of-3
|t:|1756753220
|gametype|doubles
|player|p1|Como Se Dice Ben|toddsnap2|
|player|p2|ApolloLou|birch|
|gen|9
|tier|[Gen 9] VGC 2025 Reg H (Bo3)
|rule|Species Clause: Limit one of each Pokémon
|rule|Item Clause: Limit 1 of each item
|clearpoke
|poke|p1|Weezing-Galar, L50, F|
|poke|p1|Toedscruel, L50, M|
|poke|p1|Annihilape, L50, M|
|poke|p1|Typhlosion-Hisui, L50, M|
|poke|p1|Corviknight, L50, F|
|poke|p1|Baxcalibur, L50, M|
|poke|p2|Sneasler, L50, F|
|poke|p2|Indeedee, L50, M|
|poke|p2|Annihilape, L50, M|
|poke|p2|Electabuzz, L50, M|
|poke|p2|Armarouge, L50, M|
|poke|p2|Ursaluna, L50, F|
|teampreview|4
|showteam|p1|Weezing-Galar||ChoiceSpecs|NeutralizingGas|DazzlingGleam,SludgeBomb,StrangeSteam,Flamethrower|||F|||50|,,,,,Flying]Toedscruel||CovertCloak|MyceliumMight|Spore,EarthPower,AcidSpray,BulletSeed|||M|||50|,,,,,Water]Annihilape||AssaultVest|Defiant|RageFist,DrainPunch,CloseCombat,FinalGambit|||M|||50|,,,,,Grass]Typhlosion-Hisui||ChoiceScarf|Frisk|Eruption,HeatWave,Overheat,InfernalParade|||M|||50|,,,,,Fire]Corviknight||SitrusBerry|MirrorArmor|BraveBird,Tailwind,Roost,Protect|||F|||50|,,,,,Dragon]Baxcalibur||LifeOrb|ThermalExchange|GlaiveRush,IcicleCrash,IceShard,Protect|||M|||50|,,,,,Water
|showteam|p2|Sneasler||PsychicSeed|Unburden|DireClaw,Protect,ThroatChop,CloseCombat|||F|||50|,,,,,Dark]Indeedee||FocusSash|PsychicSurge|ExpandingForce,TrickRoom,TeraBlast,Protect|||M|||50|,,,,,Ground]Annihilape||SitrusBerry|Defiant|RageFist,DrainPunch,BulkUp,Protect|||M|||50|,,,,,Steel]Electabuzz||Eviolite|VitalSpirit|FollowMe,Electroweb,Protect,Taunt|||M|||50|,,,,,Fairy]Armarouge||CovertCloak|FlashFire|ExpandingForce,WideGuard,Flamethrower,TeraBlast|||M|||50|,,,,,Grass]Ursaluna||FlameOrb|Guts|Facade,HeadlongRush,Earthquake,Protect|||F|||50|,,,,,Normal
|l|☆ApolloLou
|player|p2|
|j|☆ApolloLou
|player|p2|ApolloLou|birch|
|c|☆Como Se Dice Ben|somebody is getting tickled
|
|t:|1756753341
|teamsize|p1|4
|teamsize|p2|4
|start
|switch|p1a: Weezing|Weezing-Galar, L50, F|100/100
|switch|p1b: Corviknight|Corviknight, L50, F, shiny|100/100
|switch|p2a: Armarouge|Armarouge, L50, M|100/100
|switch|p2b: Electabuzz|Electabuzz, L50, M|100/100
|-ability|p1a: Weezing|Neutralizing Gas
|turn|1
|
|t:|1756753357
|move|p2b: Electabuzz|Electroweb|p1b: Corviknight|[spread] p1a,p1b
|-supereffective|p1b: Corviknight
|-damage|p1a: Weezing|81/100
|-damage|p1b: Corviknight|74/100
|-unboost|p1a: Weezing|spe|1
|-unboost|p1b: Corviknight|spe|1
|move|p2a: Armarouge|Expanding Force|p1a: Weezing
|-supereffective|p1a: Weezing
|-damage|p1a: Weezing|0 fnt
|faint|p1a: Weezing
|-end|p1a: Weezing|ability: Neutralizing Gas
|move|p1b: Corviknight|Tailwind|p1b: Corviknight
|-sidestart|p1: Como Se Dice Ben|move: Tailwind
|
|upkeep
|
|t:|1756753367
|switch|p1a: Baxcalibur|Baxcalibur, L50, M|100/100
|turn|2
|
|t:|1756753388
|switch|p2a: Indeedee|Indeedee, L50, M|100/100
|-fieldstart|move: Psychic Terrain|[from] ability: Psychic Surge|[of] p2a: Indeedee
|move|p2b: Electabuzz|Follow Me|p2b: Electabuzz
|-singleturn|p2b: Electabuzz|move: Follow Me
|move|p1a: Baxcalibur|Icicle Crash|p2b: Electabuzz
|-damage|p2b: Electabuzz|32/100
|-damage|p1a: Baxcalibur|91/100|[from] item: Life Orb
|move|p1b: Corviknight|Brave Bird|p2b: Electabuzz
|-resisted|p2b: Electabuzz
|-damage|p2b: Electabuzz|13/100
|-damage|p1b: Corviknight|69/100|[from] Recoil
|
|upkeep
|turn|3
|
|t:|1756753409
|move|p1a: Baxcalibur|Protect|p1a: Baxcalibur
|-singleturn|p1a: Baxcalibur|Protect
|move|p2b: Electabuzz|Follow Me|p2b: Electabuzz
|-singleturn|p2b: Electabuzz|move: Follow Me
|move|p2a: Indeedee|Expanding Force|p1a: Baxcalibur|[spread] p1b
|-activate|p1a: Baxcalibur|move: Protect
|-resisted|p1b: Corviknight
|-damage|p1b: Corviknight|47/100
|-enditem|p1b: Corviknight|Sitrus Berry|[eat]
|-heal|p1b: Corviknight|72/100|[from] item: Sitrus Berry
|move|p1b: Corviknight|Brave Bird|p2b: Electabuzz
|-resisted|p2b: Electabuzz
|-crit|p2b: Electabuzz
|-damage|p2b: Electabuzz|0 fnt
|faint|p2b: Electabuzz
|-damage|p1b: Corviknight|68/100|[from] Recoil
|
|upkeep
|
|t:|1756753423
|switch|p2b: Armarouge|Armarouge, L50, M|100/100
|turn|4
|
|t:|1756753443
|move|p2a: Indeedee|Protect|p2a: Indeedee
|-singleturn|p2a: Indeedee|Protect
|move|p1a: Baxcalibur|Glaive Rush|p2b: Armarouge
|-damage|p2b: Armarouge|0 fnt
|-singlemove|p1a: Baxcalibur|Glaive Rush|[silent]
|faint|p2b: Armarouge
|-damage|p1a: Baxcalibur|81/100|[from] item: Life Orb
|move|p1b: Corviknight|Brave Bird|p2a: Indeedee
|-activate|p2a: Indeedee|move: Protect
|
|-sideend|p1: Como Se Dice Ben|move: Tailwind
|upkeep
|
|t:|1756753448
|switch|p2b: Annihilape|Annihilape, L50, M|100/100
|turn|5
|
|t:|1756753471
|-terastallize|p2b: Annihilape|Steel
|move|p1a: Baxcalibur|Protect|p1a: Baxcalibur
|-singleturn|p1a: Baxcalibur|Protect
|move|p2b: Annihilape|Bulk Up|p2b: Annihilape
|-boost|p2b: Annihilape|atk|1
|-boost|p2b: Annihilape|def|1
|move|p1b: Corviknight|Tailwind|p1b: Corviknight
|-sidestart|p1: Como Se Dice Ben|move: Tailwind
|move|p2a: Indeedee|Trick Room|p2a: Indeedee
|-fieldstart|move: Trick Room|[of] p2a: Indeedee
|
|upkeep
|turn|6
|
|t:|1756753516
|switch|p1a: Typhlosion|Typhlosion-Hisui, L50, M, shiny|100/100
|-item|p2a: Indeedee|Focus Sash|[from] ability: Frisk|[of] p1a: Typhlosion
|-item|p2b: Annihilape|Sitrus Berry|[from] ability: Frisk|[of] p1a: Typhlosion
|move|p2b: Annihilape|Drain Punch|p1b: Corviknight
|-damage|p1b: Corviknight|21/100
|move|p1b: Corviknight|Roost|p1b: Corviknight
|-heal|p1b: Corviknight|71/100
|-singleturn|p1b: Corviknight|move: Roost
|move|p2a: Indeedee|Expanding Force|p1a: Typhlosion|[spread] p1a,p1b
|-resisted|p1b: Corviknight
|-damage|p1a: Typhlosion|27/100
|-damage|p1b: Corviknight|47/100
|
|-fieldend|move: Psychic Terrain
|upkeep
|turn|7
|
|t:|1756753564
|switch|p1a: Baxcalibur|Baxcalibur, L50, M|81/100
|move|p2b: Annihilape|Rage Fist|p1b: Corviknight
|-damage|p1b: Corviknight|16/100
|move|p1b: Corviknight|Roost|p1b: Corviknight
|-heal|p1b: Corviknight|66/100
|-singleturn|p1b: Corviknight|move: Roost
|move|p2a: Indeedee|Expanding Force|p1a: Baxcalibur
|-damage|p1a: Baxcalibur|40/100
|
|upkeep
|turn|8
|
|t:|1756753612
|move|p1a: Baxcalibur|Ice Shard|p2a: Indeedee
|-damage|p2a: Indeedee|35/100
|-damage|p1a: Baxcalibur|31/100|[from] item: Life Orb
|move|p2b: Annihilape|Rage Fist|p1a: Baxcalibur
|-damage|p1a: Baxcalibur|0 fnt
|faint|p1a: Baxcalibur
|move|p1b: Corviknight|Roost|p1b: Corviknight
|-heal|p1b: Corviknight|100/100
|-singleturn|p1b: Corviknight|move: Roost
|move|p2a: Indeedee|Expanding Force|p1b: Corviknight
|-resisted|p1b: Corviknight
|-damage|p1b: Corviknight|84/100
|
|-sideend|p1: Como Se Dice Ben|move: Tailwind
|upkeep
|
|t:|1756753630
|switch|p1a: Typhlosion|Typhlosion-Hisui, L50, M, shiny|27/100
|-item|p2a: Indeedee|Focus Sash|[from] ability: Frisk|[of] p1a: Typhlosion
|-item|p2b: Annihilape|Sitrus Berry|[from] ability: Frisk|[of] p1a: Typhlosion
|turn|9
|c|☆Como Se Dice Ben|I just miscounted turns lol
|c|☆Como Se Dice Ben|Derp
|c|☆Como Se Dice Ben|I had your ass
|
|t:|1756753653
|-terastallize|p1a: Typhlosion|Fire
|move|p1b: Corviknight|Brave Bird|p2a: Indeedee
|-damage|p2a: Indeedee|0 fnt
|faint|p2a: Indeedee
|-damage|p1b: Corviknight|76/100|[from] Recoil
|move|p2b: Annihilape|Rage Fist|p1a: Typhlosion
|-damage|p1a: Typhlosion|0 fnt
|faint|p1a: Typhlosion
|
|-fieldend|move: Trick Room
|upkeep
|turn|10
|-message|Como Se Dice Ben forfeited.
|
|win|ApolloLou
||Como Se Dice Ben is ready for game 3.
|l|☆ApolloLou
|player|p2|
|inactive|ApolloLou has 30 seconds to confirm battle start!
|j|☆ApolloLou
|player|p2|ApolloLou|birch|
|inactive|ApolloLou has 20 seconds to confirm battle start!
||ApolloLou is ready for game 3.
|uhtml|next|Next: Game 3 of 3
|l|☆ApolloLou
|player|p2|
