|j|☆The median voter
|j|☆Blitzball Ace
|html|The median voterBlitzball Ace    
|uhtml|bestof|Game 2 of a best-of-3
|t:|1755872824
|gametype|doubles
|player|p1|The median voter|scientist-gen4dp|1340
|player|p2|Blitzball Ace|kamado-armor|1338
|gen|9
|tier|[Gen 9] VGC 2025 Reg H (Bo3)
|rated|
|rule|Species Clause: Limit one of each Pokémon
|rule|Item Clause: Limit 1 of each item
|clearpoke
|poke|p1|Kommo-o, L50, F|
|poke|p1|Volcarona, L50, M|
|poke|p1|Rillaboom, L50, F|
|poke|p1|Kingambit, L50, M|
|poke|p1|Ninetales-Alola, L50, F|
|poke|p1|Arcanine-Hisui, L50, F|
|poke|p2|Garchomp, L50, M|
|poke|p2|Incineroar, L50, M|
|poke|p2|Gholdengo, L50|
|poke|p2|Vivillon-Polar, L50, F|
|poke|p2|Sneasler, L50, F|
|poke|p2|Dragonite, L50, F|
|teampreview|4
|showteam|p1|Kommo-o||GrassySeed|Overcoat|BodyPress,Taunt,Protect,Flamethrower|||F|||50|,,,,,Fire]Volcarona||SitrusBerry|FlameBody|HeatWave,TeraBlast,QuiverDance,Protect|||M|||50|,,,,,Water]Rillaboom||AssaultVest|GrassySurge|FakeOut,GrassyGlide,WoodHammer,HighHorsepower|||F|||50|,,,,,Fire]Kingambit||BlackGlasses|Defiant|KowtowCleave,SuckerPunch,SwordsDance,Protect|||M|||50|,,,,,Dark]Ninetales-Alola||LifeOrb|SnowWarning|Blizzard,Protect,AuroraVeil,FreezeDry|||F|||50|,,,,,Ghost]Arcanine-Hisui||FocusSash|Intimidate|RockSlide,FlareBlitz,ExtremeSpeed,Protect|||F|||50|,,,,,Ghost
|showteam|p2|Garchomp||ChoiceBand|RoughSkin|Earthquake,DragonClaw,StompingTantrum,PoisonJab|||M|||50|,,,,,Ground]Incineroar||SafetyGoggles|Intimidate|FakeOut,FlareBlitz,KnockOff,PartingShot|||M|||50|,,,,,Ghost]Gholdengo||LifeOrb|GoodasGold|MakeItRain,ShadowBall,NastyPlot,Protect||||||50|,,,,,Dragon]Vivillon-Polar||FocusSash|CompoundEyes|Hurricane,SleepPowder,Protect,RagePowder|||F|||50|,,,,,Ghost]Sneasler||WhiteHerb|Unburden|FakeOut,Protect,DireClaw,CloseCombat|||F|||50|,,,,,Flying]Dragonite||LoadedDice|Multiscale|ScaleShot,Haze,Tailwind,Protect|||F|||50|,,,,,Fairy
|
|t:|1755872848
|teamsize|p1|4
|teamsize|p2|4
|start
|switch|p1a: Volcarona|Volcarona, L50, M|100/100
|switch|p1b: Arcanine|Arcanine-Hisui, L50, F|100/100
|switch|p2a: Sneasler|Sneasler, L50, F|100/100
|switch|p2b: Dragonite|Dragonite, L50, F|100/100
|-ability|p1b: Arcanine|Intimidate|boost
|-unboost|p2a: Sneasler|atk|1
|-unboost|p2b: Dragonite|atk|1
|-enditem|p2a: Sneasler|White Herb
|-clearnegativeboost|p2a: Sneasler|[silent]
|turn|1
|inactive|Battle timer is ON: inactive players will automatically lose when time's up. (requested by The median voter)
|
|t:|1755872873
|move|p2a: Sneasler|Dire Claw|p1a: Volcarona
|-damage|p1a: Volcarona|41/100
|-enditem|p1a: Volcarona|Sitrus Berry|[eat]
|-heal|p1a: Volcarona|66/100|[from] item: Sitrus Berry
|move|p1b: Arcanine|Rock Slide|p2b: Dragonite|[spread] p2a,p2b
|-resisted|p2a: Sneasler
|-supereffective|p2b: Dragonite
|-damage|p2a: Sneasler|77/100
|-damage|p2b: Dragonite|71/100
|move|p1a: Volcarona|Quiver Dance|p1a: Volcarona
|-boost|p1a: Volcarona|spa|1
|-boost|p1a: Volcarona|spd|1
|-boost|p1a: Volcarona|spe|1
|move|p2b: Dragonite|Tailwind|p2b: Dragonite
|-sidestart|p2: Blitzball Ace|move: Tailwind
|
|upkeep
|turn|2
|
|t:|1755872896
|move|p2a: Sneasler|Close Combat|p1b: Arcanine
|-supereffective|p1b: Arcanine
|-crit|p1b: Arcanine
|-enditem|p1b: Arcanine|Focus Sash
|-damage|p1b: Arcanine|1/100
|-unboost|p2a: Sneasler|def|1
|-unboost|p2a: Sneasler|spd|1
|move|p2b: Dragonite|Haze|p2b: Dragonite
|-clearallboost
|move|p1b: Arcanine|Rock Slide|p2b: Dragonite|[spread] p2a
|-miss|p1b: Arcanine|p2b: Dragonite
|-resisted|p2a: Sneasler
|-damage|p2a: Sneasler|55/100
|move|p1a: Volcarona|Heat Wave|p2b: Dragonite|[spread] p2a
|-miss|p1a: Volcarona|p2b: Dragonite
|-damage|p2a: Sneasler|8/100
|
|upkeep
|turn|3
|
|t:|1755872918
|move|p2a: Sneasler|Protect|p2a: Sneasler
|-singleturn|p2a: Sneasler|Protect
|move|p1b: Arcanine|Protect|p1b: Arcanine
|-singleturn|p1b: Arcanine|Protect
|move|p2b: Dragonite|Scale Shot|p1a: Volcarona
|-damage|p1a: Volcarona|49/100
|-damage|p1a: Volcarona|31/100
|-damage|p1a: Volcarona|14/100
|-damage|p1a: Volcarona|0 fnt
|faint|p1a: Volcarona
|-hitcount|p1: Volcarona|4
|-unboost|p2b: Dragonite|def|1
|-boost|p2b: Dragonite|spe|1
|
|upkeep
|
|t:|1755872925
|switch|p1a: Kingambit|Kingambit, L50, M|100/100
|turn|4
|
|t:|1755872946
|move|p1b: Arcanine|Extreme Speed|p2a: Sneasler
|-damage|p2a: Sneasler|0 fnt
|faint|p2a: Sneasler
|move|p2b: Dragonite|Scale Shot|p1b: Arcanine
|-damage|p1b: Arcanine|0 fnt
|faint|p1b: Arcanine
|-hitcount|p1: Arcanine|1
|-unboost|p2b: Dragonite|def|1
|-boost|p2b: Dragonite|spe|1
|move|p1a: Kingambit|Kowtow Cleave|p2b: Dragonite
|-damage|p2b: Dragonite|0 fnt
|faint|p2b: Dragonite
|
|-sideend|p2: Blitzball Ace|move: Tailwind
|upkeep
|
|t:|1755872960
|switch|p2a: Sylphrena|Vivillon-Polar, L50, F|100/100
|switch|p1b: Rillaboom|Rillaboom, L50, F|100/100
|switch|p2b: Kaladin|Garchomp, L50, M, shiny|100/100
|-fieldstart|move: Grassy Terrain|[from] ability: Grassy Surge|[of] p1b: Rillaboom
|turn|5
|
|t:|1755872980
|-terastallize|p2a: Sylphrena|Ghost
|-terastallize|p1a: Kingambit|Dark
|move|p1b: Rillaboom|Grassy Glide|p2b: Kaladin
|-damage|p2b: Kaladin|61/100
|-damage|p1b: Rillaboom|88/100|[from] ability: Rough Skin|[of] p2b: Kaladin
|move|p1a: Kingambit|Sucker Punch|p2b: Kaladin
|-damage|p2b: Kaladin|0 fnt
|-damage|p1a: Kingambit|88/100|[from] ability: Rough Skin|[of] p2b: Kaladin
|faint|p2b: Kaladin
|move|p2a: Sylphrena|Sleep Powder|p1a: Kingambit
|-status|p1a: Kingambit|slp|[from] move: Sleep Powder
|
|-heal|p1b: Rillaboom|94/100|[from] Grassy Terrain
|-heal|p1a: Kingambit|94/100 slp|[from] Grassy Terrain
|upkeep
|turn|6
|
|t:|1755873004
|move|p1b: Rillaboom|Grassy Glide|p2a: Sylphrena
|-damage|p2a: Sylphrena|23/100
|move|p2a: Sylphrena|Hurricane|p1b: Rillaboom
|-supereffective|p1b: Rillaboom
|-damage|p1b: Rillaboom|32/100
|cant|p1a: Kingambit|slp
|
|-heal|p2a: Sylphrena|29/100|[from] Grassy Terrain
|-heal|p1b: Rillaboom|38/100|[from] Grassy Terrain
|-heal|p1a: Kingambit|99/100 slp|[from] Grassy Terrain
|upkeep
|turn|7
|
|t:|1755873009
|move|p1b: Rillaboom|Grassy Glide|p2a: Sylphrena
|-damage|p2a: Sylphrena|0 fnt
|faint|p2a: Sylphrena
|
|win|The median voter
|raw|The median voter's rating: 1340 → 1360(+20 for winning)
|raw|Blitzball Ace's rating: 1338 → 1318(-20 for losing)
