|j|â˜†chuwayo
|j|â˜†Stereofloveeee
|html|chuwayoStereofloveeee    
|uhtml|bestof|Game 2 of a best-of-3
|t:|1785983980
|gametype|doubles
|player|p1|chuwayo|101|1269
|player|p2|Stereofloveeee|2|1244
|gen|9
|tier|[Gen 9 Champions] VGC 2026 Reg M-B (Bo3)
|rated|
|rule|Species Clause: Limit one of each PokÃ©mon
|rule|Item Clause: Limit 1 of each item
|clearpoke
|poke|p1|Raichu, L50, F|
|poke|p1|Staraptor, L50, F|
|poke|p1|Arcanine-Hisui, L50, M|
|poke|p1|Farigiraf, L50, M|
|poke|p1|Sylveon, L50, F|
|poke|p1|Kingambit, L50, M|
|poke|p2|Excadrill, L50, F|
|poke|p2|Tyranitar, L50, M, shiny|
|poke|p2|Sinistcha, L50|
|poke|p2|Milotic, L50, M, shiny|
|poke|p2|Gholdengo, L50|
|poke|p2|Staraptor, L50, M, shiny|
|teampreview|4
|showteam|p1|Raichu||RaichuniteY|LightningRod|ZapCannon,FocusBlast,FakeOut,Protect|Timid||F|||50|]Staraptor||Staraptite|Intimidate|CloseCombat,DualWingbeat,Tailwind,Protect|Jolly||F|||50|]Arcanine-Hisui||FocusSash|RockHead|FlareBlitz,HeadSmash,ExtremeSpeed,Protect|Jolly||M|||50|]Farigiraf||SitrusBerry|ArmorTail|Psychic,HelpingHand,TrickRoom,Protect|Calm||M|||50|]Sylveon||FairyFeather|Pixilate|HyperVoice,QuickAttack,HyperBeam,Detect|Modest||F|||50|]Kingambit||LifeOrb|Defiant|KowtowCleave,SuckerPunch,SwordsDance,Protect|Adamant||M|||50|
|showteam|p2|Excadrill||FocusSash|SandRush|HighHorsepower,Protect,RockSlide,IronHead|Adamant||F|||50|]Tyranitar||Tyranitarite|SandStream|RockSlide,KnockOff,Protect,LowKick|Adamant||M|||50|]Sinistcha||SitrusBerry|Hospitality|MatchaGotcha,LifeDew,RagePowder,ShadowBall|Modest|||||50|]Milotic||Leftovers|Competitive|Scald,IceBeam,IcyWind,Protect|Quiet||M|||50|]Gholdengo||LifeOrb|GoodasGold|MakeItRain,NastyPlot,ShadowBall,Protect|Timid|||||50|]Staraptor||Staraptite|Intimidate|BraveBird,CloseCombat,Tailwind,Protect|Jolly||M|||50|
|
|t:|1785984014
|teamsize|p1|4
|teamsize|p2|4
|start
|switch|p1a: Raichu|Raichu, L50, F|100/100
|switch|p1b: Arcanine|Arcanine-Hisui, L50, M|100/100
|switch|p2a: Milotic|Milotic, L50, M, shiny|100/100
|switch|p2b: Excadrill|Excadrill, L50, F|100/100
|turn|1
|l|â˜†chuwayo
|player|p1|
|j|â˜†chuwayo
|player|p1|chuwayo|101|
|
|t:|1785984036
|detailschange|p1a: Raichu|Raichu-Mega-Y, L50, F
|-mega|p1a: Raichu|Raichu|Raichunite Y
|move|p2b: Excadrill|Protect|p2b: Excadrill
|-singleturn|p2b: Excadrill|Protect
|move|p2a: Milotic|Protect|p2a: Milotic
|-singleturn|p2a: Milotic|Protect
|move|p1a: Raichu|Fake Out|p2b: Excadrill
|-activate|p2b: Excadrill|move: Protect
|move|p1b: Arcanine|Head Smash|p2a: Milotic
|-activate|p2a: Milotic|move: Protect
|
|upkeep
|turn|2
|inactive|Battle timer is ON: inactive players will automatically lose when time's up. (requested by Stereofloveeee)
|
|t:|1785984065
|move|p1a: Raichu|Protect|p1a: Raichu
|-singleturn|p1a: Raichu|Protect
|move|p1b: Arcanine|Flare Blitz|p2b: Excadrill
|-supereffective|p2b: Excadrill|1
|-enditem|p2b: Excadrill|Focus Sash
|-damage|p2b: Excadrill|1/100
|move|p2b: Excadrill|High Horsepower|p1a: Raichu
|-activate|p1a: Raichu|move: Protect
|move|p2a: Milotic|Scald|p1b: Arcanine
|-supereffective|p1b: Arcanine|2
|-enditem|p1b: Arcanine|Focus Sash
|-damage|p1b: Arcanine|1/100
|
|upkeep
|turn|3
|
|t:|1785984082
|switch|p2a: Tyranitar|Tyranitar, L50, M, shiny|100/100
|-weather|Sandstorm|[from] ability: Sand Stream|[of] p2a: Tyranitar
|move|p1b: Arcanine|Extreme Speed|p2b: Excadrill
|-resisted|p2b: Excadrill|1
|-damage|p2b: Excadrill|0 fnt
|faint|p2b: Excadrill
|move|p1a: Raichu|Zap Cannon|p2a: Tyranitar
|-damage|p2a: Tyranitar|57/100
|-status|p2a: Tyranitar|par
|
|-weather|Sandstorm|[upkeep]
|-damage|p1a: Raichu|94/100|[from] Sandstorm
|upkeep
|
|t:|1785984095
|switch|p2b: Gholdengo|Gholdengo, L50|100/100
|turn|4
|
|t:|1785984108
|switch|p2a: Milotic|Milotic, L50, M, shiny|100/100
|move|p1a: Raichu|Focus Blast|p2a: Milotic
|-damage|p2a: Milotic|67/100
|move|p1b: Arcanine|Flare Blitz|p2b: Gholdengo
|-supereffective|p2b: Gholdengo|1
|-damage|p2b: Gholdengo|0 fnt
|faint|p2b: Gholdengo
|
|-weather|Sandstorm|[upkeep]
|-damage|p1a: Raichu|88/100|[from] Sandstorm
|-damage|p2a: Milotic|61/100|[from] Sandstorm
|-heal|p2a: Milotic|67/100|[from] item: Leftovers
|upkeep
|
|t:|1785984117
|switch|p2b: Tyranitar|Tyranitar, L50, M, shiny|57/100 par
|turn|5
|
|t:|1785984123
|detailschange|p2b: Tyranitar|Tyranitar-Mega, L50, M, shiny
|-mega|p2b: Tyranitar|Tyranitar|Tyranitarite
|move|p1a: Raichu|Zap Cannon|p2a: Milotic
|-supereffective|p2a: Milotic|1
|-damage|p2a: Milotic|0 fnt
|faint|p2a: Milotic
|move|p1b: Arcanine|Head Smash|p2b: Tyranitar
|-damage|p2b: Tyranitar|9/100 par
|move|p2b: Tyranitar|Rock Slide|p1b: Arcanine|[spread] p1a,p1b
|-supereffective|p1b: Arcanine|1
|-damage|p1a: Raichu|23/100
|-damage|p1b: Arcanine|0 fnt
|faint|p1b: Arcanine
|
|-weather|Sandstorm|[upkeep]
|-damage|p1a: Raichu|17/100|[from] Sandstorm
|upkeep
|
|t:|1785984128
|switch|p1b: Staraptor|Staraptor, L50, F|100/100
|-ability|p1b: Staraptor|Intimidate|boost
|-unboost|p2b: Tyranitar|atk|1
|turn|6
|
|t:|1785984132
|move|p1a: Raichu|Focus Blast|p2b: Tyranitar
|-supereffective|p2b: Tyranitar|2
|-damage|p2b: Tyranitar|0 fnt
|faint|p2b: Tyranitar
|
|win|chuwayo
|raw|chuwayo's rating: 1269 → 1292(+23 for winning)
|raw|Stereofloveeee's rating: 1244 → 1221(-23 for losing)
|l|â˜†Stereofloveeee
|player|p2|
