|j|☆bl4ckdri
|j|☆eklyst
|html|bl4ckdrieklyst    
|uhtml|bestof|Game 2 of a best-of-3
|t:|1785251405
|gametype|doubles
|player|p1|bl4ckdri|266|1305
|player|p2|eklyst|pokemaniac|1221
|gen|9
|tier|[Gen 9 Champions] VGC 2026 Reg M-B (Bo3)
|rated|
|rule|Species Clause: Limit one of each Pokémon
|rule|Item Clause: Limit 1 of each item
|clearpoke
|poke|p1|Corviknight, L50, M|
|poke|p1|Raichu, L50, M|
|poke|p1|Tyranitar, L50, M|
|poke|p1|Garchomp, L50, F|
|poke|p1|Sylveon, L50, F|
|poke|p1|Sinistcha, L50|
|poke|p2|Metagross, L50|
|poke|p2|Floette-Eternal, L50, F|
|poke|p2|Garchomp, L50, M|
|poke|p2|Aerodactyl, L50, M|
|poke|p2|Sinistcha, L50|
|poke|p2|Incineroar, L50, M|
|teampreview|4
|showteam|p1|Corviknight||Leftovers|MirrorArmor|BraveBird,Protect,Tailwind,IronHead|Adamant||M|||50|]Raichu||RaichuniteY|LightningRod|ZapCannon,FakeOut,FocusBlast,Protect|Timid||M|||50|]Tyranitar||FocusSash|SandStream|RockSlide,KnockOff,Superpower,Protect|Adamant||M|||50|]Garchomp||SitrusBerry|RoughSkin|DragonClaw,RockSlide,StompingTantrum,Protect|Adamant||F|||50|]Sylveon||FairyFeather|Pixilate|HyperVoice,Yawn,QuickAttack,Detect|Modest||F|||50|]Sinistcha||KasibBerry|Hospitality|MatchaGotcha,Protect,ShadowBall,RagePowder|Modest|||||50|
|showteam|p2|Metagross||Metagrossite|ClearBody|PsychicFangs,IronHead,BulletPunch,Protect|Adamant|||||50|]Floette-Eternal||Floettite|FlowerVeil|DazzlingGleam,Moonblast,CalmMind,Protect|Modest||F|||50|]Garchomp||LifeOrb|RoughSkin|RockSlide,StompingTantrum,DragonClaw,Protect|Jolly||M|||50|]Aerodactyl||FocusSash|Unnerve|RockSlide,DualWingbeat,Tailwind,Protect|Jolly||M|||50|]Sinistcha||KasibBerry|Hospitality|MatchaGotcha,TrickRoom,RagePowder,Protect|Relaxed|||||50|]Incineroar||SitrusBerry|Intimidate|FakeOut,FlareBlitz,ThroatChop,PartingShot|Adamant||M|||50|
|inactive|Battle timer is ON: inactive players will automatically lose when time's up. (requested by eklyst)
|
|t:|1785251429
|teamsize|p1|4
|teamsize|p2|4
|start
|switch|p1a: Corviknight|Corviknight, L50, M|100/100
|switch|p1b: Raichu|Raichu, L50, M|100/100
|switch|p2a: Aerodactyl|Aerodactyl, L50, M|100/100
|switch|p2b: Garchomp|Garchomp, L50, M|100/100
|-ability|p2a: Aerodactyl|Unnerve
|turn|1
|inactive|eklyst has 30 seconds left.
|
|t:|1785251457
|switch|p2b: Incineroar|Incineroar, L50, M|100/100
|-ability|p2b: Incineroar|Intimidate|boost
|-ability|p1a: Corviknight|Mirror Armor
|-unboost|p2b: Incineroar|atk|1
|-unboost|p1b: Raichu|atk|1
|detailschange|p1b: Raichu|Raichu-Mega-Y, L50, M
|-mega|p1b: Raichu|Raichu|Raichunite Y
|move|p2a: Aerodactyl|Protect|p2a: Aerodactyl
|-singleturn|p2a: Aerodactyl|Protect
|move|p1b: Raichu|Fake Out|p2b: Incineroar
|-damage|p2b: Incineroar|94/100
|move|p1a: Corviknight|Tailwind|p1a: Corviknight
|-sidestart|p1: bl4ckdri|move: Tailwind
|
|upkeep
|turn|2
|inactive|bl4ckdri has 30 seconds left.
|
|t:|1785251488
|move|p2b: Incineroar|Fake Out|p1b: Raichu
|-crit|p1b: Raichu
|-damage|p1b: Raichu|66/100
|cant|p1b: Raichu|flinch
|move|p1a: Corviknight|Iron Head|p2a: Aerodactyl
|-supereffective|p2a: Aerodactyl|1
|-enditem|p2a: Aerodactyl|Focus Sash
|-damage|p2a: Aerodactyl|1/100
|move|p2a: Aerodactyl|Tailwind|p2a: Aerodactyl
|-sidestart|p2: eklyst|move: Tailwind
|
|upkeep
|turn|3
|inactive|bl4ckdri has 30 seconds left.
|
|t:|1785251519
|switch|p2a: Garchomp|Garchomp, L50, M|100/100
|move|p1b: Raichu|Zap Cannon|p2b: Incineroar
|-damage|p2b: Incineroar|42/100
|-status|p2b: Incineroar|par
|-enditem|p2b: Incineroar|Sitrus Berry|[eat]
|-heal|p2b: Incineroar|67/100 par|[from] item: Sitrus Berry
|move|p1a: Corviknight|Iron Head|p2a: Garchomp
|-damage|p2a: Garchomp|62/100
|-damage|p1a: Corviknight|87/100|[from] ability: Rough Skin|[of] p2a: Garchomp
|move|p2b: Incineroar|Flare Blitz|p1a: Corviknight
|-supereffective|p1a: Corviknight|1
|-damage|p1a: Corviknight|23/100
|-damage|p2b: Incineroar|47/100 par|[from] Recoil
|
|-heal|p1a: Corviknight|30/100|[from] item: Leftovers
|upkeep
|turn|4
|inactive|bl4ckdri has 30 seconds left.
|inactive|bl4ckdri has 20 seconds left.
|inactive|bl4ckdri has 15 seconds left.
|
|t:|1785251564
|move|p2a: Garchomp|Protect|p2a: Garchomp
|-singleturn|p2a: Garchomp|Protect
|move|p1b: Raichu|Focus Blast|p2a: Garchomp
|-activate|p2a: Garchomp|move: Protect
|move|p1a: Corviknight|Brave Bird|p2a: Garchomp
|-activate|p2a: Garchomp|move: Protect
|move|p2b: Incineroar|Flare Blitz|p1a: Corviknight
|-supereffective|p1a: Corviknight|1
|-damage|p1a: Corviknight|0 fnt
|faint|p1a: Corviknight
|-damage|p2b: Incineroar|38/100 par|[from] Recoil
|
|-sideend|p1: bl4ckdri|move: Tailwind
|upkeep
|
|t:|1785251579
|switch|p1a: Sylveon|Sylveon, L50, F|100/100
|turn|5
|
|t:|1785251588
|move|p1b: Raichu|Protect|p1b: Raichu
|-singleturn|p1b: Raichu|Protect
|move|p1a: Sylveon|Detect|p1a: Sylveon
|-singleturn|p1a: Sylveon|Protect
|move|p2a: Garchomp|Stomping Tantrum|p1b: Raichu
|-activate|p1b: Raichu|move: Protect
|move|p2b: Incineroar|Parting Shot|p1a: Sylveon
|-activate|p1a: Sylveon|move: Protect
|
|-sideend|p2: eklyst|move: Tailwind
|upkeep
|turn|6
|
|t:|1785251610
|switch|p1b: Tyranitar|Tyranitar, L50, M|100/100
|-weather|Sandstorm|[from] ability: Sand Stream|[of] p1b: Tyranitar
|move|p2a: Garchomp|Protect|p2a: Garchomp
|-singleturn|p2a: Garchomp|Protect
|move|p1a: Sylveon|Hyper Voice|p2b: Incineroar|[spread] p2b
|-activate|p2a: Garchomp|move: Protect
|-damage|p2b: Incineroar|0 fnt
|faint|p2b: Incineroar
|
|-weather|Sandstorm|[upkeep]
|-damage|p1a: Sylveon|94/100|[from] Sandstorm
|upkeep
|
|t:|1785251621
|switch|p2b: Aerodactyl|Aerodactyl, L50, M|1/100
|-ability|p2b: Aerodactyl|Unnerve
|turn|7
|
|t:|1785251629
|switch|p2a: Floette|Floette-Eternal, L50, F|100/100
|move|p1a: Sylveon|Quick Attack|p2b: Aerodactyl
|-damage|p2b: Aerodactyl|0 fnt
|faint|p2b: Aerodactyl
|move|p1b: Tyranitar|Knock Off|p2a: Floette
|-resisted|p2a: Floette|1
|-damage|p2a: Floette|78/100
|
|-weather|Sandstorm|[upkeep]
|-damage|p2a: Floette|72/100|[from] Sandstorm
|-damage|p1a: Sylveon|88/100|[from] Sandstorm
|upkeep
|
|t:|1785251637
|switch|p2b: Garchomp|Garchomp, L50, M|62/100
|turn|8
|
|t:|1785251650
|detailschange|p2a: Floette|Floette-Mega, L50, F
|-mega|p2a: Floette|Floette|Floettite
|-ability|p2a: Floette|Fairy Aura
|move|p2b: Garchomp|Stomping Tantrum|p1a: Sylveon
|-damage|p1a: Sylveon|32/100
|-damage|p2b: Garchomp|52/100|[from] item: Life Orb
|move|p2a: Floette|Dazzling Gleam|p1b: Tyranitar|[spread] p1a,p1b
|-supereffective|p1b: Tyranitar|1
|-damage|p1a: Sylveon|1/100
|-damage|p1b: Tyranitar|30/100
|move|p1b: Tyranitar|Rock Slide|p2b: Garchomp|[spread] p2a,p2b
|-resisted|p2b: Garchomp|1
|-damage|p2a: Floette|40/100
|-damage|p2b: Garchomp|35/100
|move|p1a: Sylveon|Hyper Voice|p2a: Floette|[spread] p2a,p2b
|-supereffective|p2b: Garchomp|1
|-damage|p2a: Floette|0 fnt
|-damage|p2b: Garchomp|0 fnt
|faint|p2a: Floette
|faint|p2b: Garchomp
|
|win|bl4ckdri
|raw|bl4ckdri's rating: 1305 → 1320(+15 for winning)
|raw|eklyst's rating: 1221 → 1202(-19 for losing)
