|j|☆naM kliM
|j|☆minasdevilcrobats
|html|naM kliMminasdevilcrobats    
|uhtml|bestof|Game 2 of a best-of-3
|t:|1757077140
|gametype|doubles
|player|p1|naM kliM|265|1124
|player|p2|minasdevilcrobats|darach-caitlin|1107
|gen|9
|tier|[Gen 9] VGC 2025 Reg H (Bo3)
|rated|
|rule|Species Clause: Limit one of each Pokémon
|rule|Item Clause: Limit 1 of each item
|clearpoke
|poke|p1|Farigiraf, L50, M|
|poke|p1|Torkoal, L50, F|
|poke|p1|Kingambit, L50, M|
|poke|p1|Incineroar, L50, M|
|poke|p1|Lilligant-Hisui, L50, F|
|poke|p1|Grimmsnarl, L50, M|
|poke|p2|Indeedee, L50, M|
|poke|p2|Sneasler, L50, F|
|poke|p2|Dondozo, L50, M|
|poke|p2|Tatsugiri, L50, F|
|poke|p2|Talonflame, L50, M|
|poke|p2|Glimmora, L50, F|
|teampreview|4
|showteam|p1|Farigiraf||ThroatSpray|ArmorTail|HyperVoice,TrickRoom,Protect,Psychic|||M|||50|,,,,,Dark]Torkoal||ChoiceSpecs|Drought|HeatWave,Eruption,EarthPower,SolarBeam|||F|||50|,,,,,Fire]Kingambit||BlackGlasses|Defiant|SuckerPunch,SwordsDance,KowtowCleave,Protect|||M|||50|,,,,,Ghost]Incineroar||AssaultVest|Intimidate|FakeOut,Uturn,FlareBlitz,KnockOff|||M|||50|,,,,,Grass]Lilligant-Hisui||FocusSash|Chlorophyll|AfterYou,SleepPowder,Protect,CloseCombat|||F|||50|,,,,,Steel]Grimmsnarl||LightClay|Prankster|LightScreen,Reflect,SpiritBreak,PartingShot|||M|||50|,,,,,Steel
|showteam|p2|Indeedee||ChoiceScarf|PsychicSurge|ExpandingForce,DazzlingGleam,Trick,Protect|||M|||50|,,,,,Psychic]Sneasler||PsychicSeed|Unburden|CloseCombat,DireClaw,ThroatChop,Protect|||F|||50|,,,,,Dark]Dondozo||Leftovers|Unaware|WaveCrash,OrderUp,Earthquake,Protect|||M|||50|,,,,,Grass]Tatsugiri||LifeOrb|Commander|MuddyWater,DracoMeteor,DragonPulse,Protect|||F|||50|,,,,,Steel]Talonflame||CovertCloak|GaleWings|FlareBlitz,WillOWisp,Tailwind,Taunt|||M|||50|,,,,,Water]Glimmora||PowerHerb|ToxicDebris|MeteorBeam,SludgeBomb,EarthPower,SpikyShield|||F|||50|,,,,,Grass
|
|t:|1757077167
|teamsize|p1|4
|teamsize|p2|4
|start
|switch|p1a: Farigiraf|Farigiraf, L50, M|100/100
|switch|p1b: Incineroar|Incineroar, L50, M|100/100
|switch|p2a: Talonflame|Talonflame, L50, M|100/100
|switch|p2b: Glimmora|Glimmora, L50, F|100/100
|-ability|p1b: Incineroar|Intimidate|boost
|-unboost|p2a: Talonflame|atk|1
|-unboost|p2b: Glimmora|atk|1
|turn|1
|
|t:|1757077182
|switch|p1b: Kingambit|Kingambit, L50, M|100/100
|move|p2a: Talonflame|Taunt|p1a: Farigiraf
|-start|p1a: Farigiraf|move: Taunt
|move|p2b: Glimmora|Meteor Beam||[still]
|-prepare|p2b: Glimmora|Meteor Beam
|-boost|p2b: Glimmora|spa|1
|-enditem|p2b: Glimmora|Power Herb
|-anim|p2b: Glimmora|Meteor Beam|p1b: Kingambit
|-resisted|p1b: Kingambit
|-damage|p1b: Kingambit|50/100
|cant|p1a: Farigiraf|move: Taunt|Trick Room
|
|upkeep
|turn|2
|
|t:|1757077202
|switch|p1b: Incineroar|Incineroar, L50, M|100/100
|-ability|p1b: Incineroar|Intimidate|boost
|-unboost|p2a: Talonflame|atk|1
|-unboost|p2b: Glimmora|atk|1
|-terastallize|p2b: Glimmora|Grass
|move|p2a: Talonflame|Will-O-Wisp|p1b: Incineroar
|-immune|p1b: Incineroar
|move|p2b: Glimmora|Sludge Bomb|p1a: Farigiraf
|-damage|p1a: Farigiraf|50/100
|move|p1a: Farigiraf|Psychic|p2b: Glimmora
|-damage|p2b: Glimmora|55/100
|
|upkeep
|turn|3
|
|t:|1757077223
|switch|p2a: Dondozo|Dondozo, L50, M|100/100
|move|p2b: Glimmora|Spiky Shield|p2b: Glimmora
|-singleturn|p2b: Glimmora|move: Protect
|move|p1b: Incineroar|U-turn|p2a: Dondozo
|-damage|p2a: Dondozo|83/100
|
|t:|1757077228
|switch|p1b: Grimmsnarl|Grimmsnarl, L50, M|100/100|[from] U-turn
|move|p1a: Farigiraf|Hyper Voice|p2a: Dondozo|[spread] p2a
|-activate|p2b: Glimmora|move: Protect
|-damage|p2a: Dondozo|62/100
|-enditem|p1a: Farigiraf|Throat Spray
|-boost|p1a: Farigiraf|spa|1|[from] item: Throat Spray
|
|-heal|p2a: Dondozo|68/100|[from] item: Leftovers
|-end|p1a: Farigiraf|move: Taunt
|upkeep
|turn|4
|
|t:|1757077242
|move|p2a: Dondozo|Protect|p2a: Dondozo
|-singleturn|p2a: Dondozo|Protect
|move|p1b: Grimmsnarl|Light Screen|p1b: Grimmsnarl
|-sidestart|p1: naM kliM|move: Light Screen
|move|p2b: Glimmora|Sludge Bomb|p1b: Grimmsnarl
|-supereffective|p1b: Grimmsnarl
|-damage|p1b: Grimmsnarl|27/100
|move|p1a: Farigiraf|Hyper Voice|p2a: Dondozo|[spread] p2b
|-activate|p2a: Dondozo|move: Protect
|-damage|p2b: Glimmora|7/100
|
|-heal|p2a: Dondozo|74/100|[from] item: Leftovers
|upkeep
|turn|5
|
|t:|1757077266
|move|p1b: Grimmsnarl|Reflect|p1b: Grimmsnarl
|-sidestart|p1: naM kliM|Reflect
|move|p2b: Glimmora|Sludge Bomb|p1a: Farigiraf
|-crit|p1a: Farigiraf
|-damage|p1a: Farigiraf|0 fnt
|faint|p1a: Farigiraf
|move|p2a: Dondozo|Wave Crash|p1b: Grimmsnarl
|-crit|p1b: Grimmsnarl
|-damage|p1b: Grimmsnarl|0 fnt
|faint|p1b: Grimmsnarl
|-damage|p2a: Dondozo|66/100|[from] Recoil
|
|-heal|p2a: Dondozo|73/100|[from] item: Leftovers
|upkeep
|
|t:|1757077274
|switch|p1b: Kingambit|Kingambit, L50, M|50/100
|switch|p1a: Incineroar|Incineroar, L50, M|100/100
|-ability|p1a: Incineroar|Intimidate|boost
|-unboost|p2a: Dondozo|atk|1
|-unboost|p2b: Glimmora|atk|1
|turn|6
|
|t:|1757077280
|switch|p2a: Talonflame|Talonflame, L50, M|100/100
|move|p2b: Glimmora|Spiky Shield|p2b: Glimmora
|-singleturn|p2b: Glimmora|move: Protect
|move|p1a: Incineroar|Fake Out|p2a: Talonflame
|-damage|p2a: Talonflame|78/100
|move|p1b: Kingambit|Swords Dance|p1b: Kingambit
|-boost|p1b: Kingambit|atk|2
|
|upkeep
|turn|7
|
|t:|1757077293
|move|p2b: Glimmora|Spiky Shield|p2b: Glimmora
|-singleturn|p2b: Glimmora|move: Protect
|move|p1b: Kingambit|Protect|p1b: Kingambit
|-singleturn|p1b: Kingambit|Protect
|move|p2a: Talonflame|Will-O-Wisp|p1b: Kingambit
|-activate|p1b: Kingambit|move: Protect
|move|p1a: Incineroar|Knock Off|p2a: Talonflame
|-damage|p2a: Talonflame|0 fnt
|-enditem|p2a: Talonflame|Covert Cloak|[from] move: Knock Off|[of] p1a: Incineroar
|faint|p2a: Talonflame
|
|upkeep
|
|t:|1757077307
|switch|p2a: Dondozo|Dondozo, L50, M|73/100
|turn|8
|
|t:|1757077313
|move|p2a: Dondozo|Protect|p2a: Dondozo
|-singleturn|p2a: Dondozo|Protect
|move|p1b: Kingambit|Sucker Punch|p2b: Glimmora
|-damage|p2b: Glimmora|0 fnt
|-activate|p2b: Glimmora|ability: Toxic Debris
|-sidestart|p1: naM kliM|move: Toxic Spikes
|faint|p2b: Glimmora
|move|p1a: Incineroar|Flare Blitz|p2a: Dondozo
|-activate|p2a: Dondozo|move: Protect
|
|-heal|p2a: Dondozo|79/100|[from] item: Leftovers
|upkeep
|
|t:|1757077323
|switch|p2b: Tatsugiri|Tatsugiri, L50, F|100/100
|-activate|p2b: Tatsugiri|ability: Commander|[of] p2a: Dondozo
|-boost|p2a: Dondozo|atk|2
|-boost|p2a: Dondozo|spa|2
|-boost|p2a: Dondozo|spe|2
|-boost|p2a: Dondozo|def|2
|-boost|p2a: Dondozo|spd|2
|turn|9
|
|t:|1757077334
|-terastallize|p1a: Incineroar|Grass
|move|p1b: Kingambit|Protect|p1b: Kingambit
|-singleturn|p1b: Kingambit|Protect
|move|p2a: Dondozo|Earthquake|p1b: Kingambit|[spread] p1a
|-miss|p2a: Dondozo|p2b: Tatsugiri
|-activate|p1b: Kingambit|move: Protect
|-resisted|p1a: Incineroar
|-damage|p1a: Incineroar|88/100
|move|p1a: Incineroar|Knock Off|p2a: Dondozo
|-damage|p2a: Dondozo|60/100
|-enditem|p2a: Dondozo|Leftovers|[from] move: Knock Off|[of] p1a: Incineroar
|
|upkeep
|turn|10
|
|t:|1757077349
|move|p2a: Dondozo|Protect|p2a: Dondozo
|-singleturn|p2a: Dondozo|Protect
|move|p1b: Kingambit|Sucker Punch||[still]
|-fail|p1b: Kingambit
|move|p1a: Incineroar|Flare Blitz|p2a: Dondozo
|-activate|p2a: Dondozo|move: Protect
|
|upkeep
|turn|11
|
|t:|1757077353
|move|p1b: Kingambit|Sucker Punch|p2a: Dondozo
|-damage|p2a: Dondozo|41/100
|move|p2a: Dondozo|Earthquake|p1b: Kingambit|[spread] p1a,p1b
|-miss|p2a: Dondozo|p2b: Tatsugiri
|-resisted|p1a: Incineroar
|-supereffective|p1b: Kingambit
|-damage|p1a: Incineroar|75/100
|-damage|p1b: Kingambit|15/100
|move|p1a: Incineroar|Flare Blitz|p2a: Dondozo
|-resisted|p2a: Dondozo
|-damage|p2a: Dondozo|31/100
|-damage|p1a: Incineroar|71/100|[from] Recoil
|
|-sideend|p1: naM kliM|move: Light Screen
|upkeep
|turn|12
|
|t:|1757077367
|move|p1b: Kingambit|Protect|p1b: Kingambit
|-singleturn|p1b: Kingambit|Protect
|move|p2a: Dondozo|Order Up|p1b: Kingambit
|-activate|p1b: Kingambit|move: Protect
|move|p1a: Incineroar|Flare Blitz|p2a: Dondozo
|-resisted|p2a: Dondozo
|-damage|p2a: Dondozo|19/100
|-damage|p1a: Incineroar|67/100|[from] Recoil
|
|-sideend|p1: naM kliM|Reflect
|upkeep
|turn|13
|
|t:|1757077381
|move|p1b: Kingambit|Sucker Punch|p2a: Dondozo
|-damage|p2a: Dondozo|3/100
|move|p2a: Dondozo|Earthquake|p1b: Kingambit|[spread] p1a,p1b
|-miss|p2a: Dondozo|p2b: Tatsugiri
|-resisted|p1a: Incineroar
|-supereffective|p1b: Kingambit
|-damage|p1a: Incineroar|50/100
|-damage|p1b: Kingambit|0 fnt
|faint|p1b: Kingambit
|move|p1a: Incineroar|Knock Off|p2a: Dondozo
|-damage|p2a: Dondozo|0 fnt
|faint|p2a: Dondozo
|
|upkeep
|turn|14
|
|t:|1757077402
|move|p2b: Tatsugiri|Draco Meteor|p1a: Incineroar
|-damage|p1a: Incineroar|0 fnt
|-unboost|p2b: Tatsugiri|spa|2
|faint|p1a: Incineroar
|-damage|p2b: Tatsugiri|91/100|[from] item: Life Orb
|
|win|minasdevilcrobats
||naM kliM is ready for game 3.
|inactive|minasdevilcrobats has 30 seconds to confirm battle start!
|inactive|minasdevilcrobats has 20 seconds to confirm battle start!
||minasdevilcrobats is ready for game 3.
|uhtml|next|Next: Game 3 of 3
|l|☆naM kliM
|player|p1|
