|j|☆B South
|j|☆detoxfilms
|html|B Southdetoxfilms    
|uhtml|bestof|Game 1 of a best-of-3
|t:|1757781517
|gametype|doubles
|player|p1|B South|101|1162
|player|p2|detoxfilms|266|1130
|gen|9
|tier|[Gen 9] VGC 2025 Reg H (Bo3)
|rated|
|rule|Species Clause: Limit one of each Pokémon
|rule|Item Clause: Limit 1 of each item
|clearpoke
|poke|p1|Pelipper, L50, F|
|poke|p1|Archaludon, L50, F|
|poke|p1|Basculegion, L50, M|
|poke|p1|Barraskewda, L50, F|
|poke|p1|Maushold, L50|
|poke|p1|Annihilape, L50, M|
|poke|p2|Gothitelle, L50, F|
|poke|p2|Lapras, L50, M|
|poke|p2|Incineroar, L50, F|
|poke|p2|Dondozo, L50, M|
|poke|p2|Tatsugiri, L50, F|
|poke|p2|Dragapult, L50, M|
|teampreview|4
|showteam|p1|Pelipper||ChoiceScarf|Drizzle|Tailwind,WeatherBall,Hurricane,WideGuard|||F|||50|,,,,,Stellar]Archaludon||AssaultVest|Stamina|ElectroShot,BodyPress,DracoMeteor,FlashCannon|||F|||50|,,,,,Bug]Basculegion||MysticWater|SwiftSwim|AquaJet,FlipTurn,WaveCrash,LastRespects|||M|||50|,,,,,Water]Barraskewda||ChoiceBand|PropellerTail|FlipTurn,Liquidation,CloseCombat,AquaJet|||F|||50|,,,,,Fighting]Maushold||SafetyGoggles|FriendGuard|BeatUp,FollowMe,Taunt,Protect||||||50|,,,,,Ghost]Annihilape||Leftovers|Defiant|BulkUp,RageFist,DrainPunch,Protect|||M|||50|,,,,,Grass
|showteam|p2|Gothitelle||SitrusBerry|ShadowTag|FakeOut,Psychic,TrickRoom,Protect|||F|||50|,,,,,Dark]Lapras||Leftovers|WaterAbsorb|Protect,MuddyWater,HelpingHand,PerishSong|||M|||50|,,,,,Grass]Incineroar||SafetyGoggles|Intimidate|FakeOut,FlareBlitz,PartingShot,Protect|||F|||50|,,,,,Bug]Dondozo||ClearAmulet|Unaware|Protect,WaveCrash,OrderUp,Yawn|||M|||50|,,,,,Grass]Tatsugiri||FocusSash|Commander|Protect,MuddyWater,DracoMeteor,HelpingHand|||F|||50|,,,,,Water]Dragapult||ChoiceBand|ClearBody|TeraBlast,PhantomForce,DragonDarts,Uturn|||M|||50|,,,,,Ghost
|
|t:|1757781554
|teamsize|p1|4
|teamsize|p2|4
|start
|switch|p1a: Maushold|Maushold, L50|100/100
|switch|p1b: Annihilape|Annihilape, L50, M|100/100
|switch|p2a: Gothitelle|Gothitelle, L50, F|100/100
|switch|p2b: Dondozo|Dondozo, L50, M|100/100
|turn|1
|inactive|Battle timer is ON: inactive players will automatically lose when time's up. (requested by B South)
|inactive|detoxfilms has 60 seconds left.
|
|t:|1757781589
|-terastallize|p1a: Maushold|Ghost
|-terastallize|p2a: Gothitelle|Dark
|move|p2a: Gothitelle|Fake Out|p1a: Maushold
|-immune|p1a: Maushold
|move|p1a: Maushold|Beat Up|p1b: Annihilape
|-damage|p1b: Annihilape|99/100
|-damage|p1b: Annihilape|97/100
|-damage|p1b: Annihilape|95/100
|-crit|p1b: Annihilape
|-damage|p1b: Annihilape|93/100
|-hitcount|p1b: Annihilape|4
|move|p1b: Annihilape|Rage Fist|p2a: Gothitelle
|-resisted|p2a: Gothitelle
|-damage|p2a: Gothitelle|51/100
|move|p2b: Dondozo|Yawn|p1b: Annihilape
|-start|p1b: Annihilape|move: Yawn|[of] p2b: Dondozo
|
|-heal|p1b: Annihilape|99/100|[from] item: Leftovers
|upkeep
|turn|2
|inactive|B South has 30 seconds left.
|inactive|detoxfilms has 30 seconds left.
|
|t:|1757781616
|move|p2b: Dondozo|Protect|p2b: Dondozo
|-singleturn|p2b: Dondozo|Protect
|move|p1a: Maushold|Follow Me|p1a: Maushold
|-singleturn|p1a: Maushold|move: Follow Me
|move|p1b: Annihilape|Bulk Up|p1b: Annihilape
|-boost|p1b: Annihilape|atk|1
|-boost|p1b: Annihilape|def|1
|move|p2a: Gothitelle|Psychic|p1a: Maushold
|-damage|p1a: Maushold|60/100
|
|-heal|p1b: Annihilape|100/100|[from] item: Leftovers
|-end|p1b: Annihilape|move: Yawn|[silent]
|-status|p1b: Annihilape|slp
|upkeep
|turn|3
|
|t:|1757781632
|switch|p2a: Tatsugiri|Tatsugiri, L50, F|100/100
|-activate|p2a: Tatsugiri|ability: Commander|[of] p2b: Dondozo
|-boost|p2b: Dondozo|atk|2
|-boost|p2b: Dondozo|spa|2
|-boost|p2b: Dondozo|spe|2
|-boost|p2b: Dondozo|def|2
|-boost|p2b: Dondozo|spd|2
|move|p1a: Maushold|Protect|p1a: Maushold
|-singleturn|p1a: Maushold|Protect
|cant|p1b: Annihilape|slp
|move|p2b: Dondozo|Order Up|p1a: Maushold
|-activate|p1a: Maushold|move: Protect
|
|upkeep
|turn|4
|
|t:|1757781654
|move|p1a: Maushold|Taunt|p2b: Dondozo
|-start|p2b: Dondozo|move: Taunt
|move|p2b: Dondozo|Wave Crash|p1b: Annihilape
|-damage|p1b: Annihilape|27/100 slp
|-damage|p2b: Dondozo|79/100|[from] Recoil
|cant|p1b: Annihilape|slp
|
|-heal|p1b: Annihilape|33/100 slp|[from] item: Leftovers
|upkeep
|turn|5
|
|t:|1757781666
|move|p1a: Maushold|Follow Me|p1a: Maushold
|-singleturn|p1a: Maushold|move: Follow Me
|move|p2b: Dondozo|Wave Crash|p1a: Maushold
|-damage|p1a: Maushold|0 fnt
|faint|p1a: Maushold
|-damage|p2b: Dondozo|64/100|[from] Recoil
|cant|p1b: Annihilape|slp
|
|-heal|p1b: Annihilape|39/100 slp|[from] item: Leftovers
|upkeep
|
|t:|1757781679
|switch|p1a: Archaludon|Archaludon, L50, F|100/100
|turn|6
|
|t:|1757781687
|switch|p1b: Peeko|Pelipper, L50, F, shiny|100/100
|-weather|RainDance|[from] ability: Drizzle|[of] p1b: Peeko
|move|p2b: Dondozo|Order Up|p1a: Archaludon
|-damage|p1a: Archaludon|66/100
|-ability|p1a: Archaludon|Stamina|boost
|-boost|p1a: Archaludon|def|1
|-boost|p2b: Dondozo|atk|1
|move|p1a: Archaludon|Electro Shot||[still]
|-prepare|p1a: Archaludon|Electro Shot
|-boost|p1a: Archaludon|spa|1
|-anim|p1a: Archaludon|Electro Shot|p2b: Dondozo
|-supereffective|p2b: Dondozo
|-damage|p2b: Dondozo|28/100
|
|-weather|RainDance|[upkeep]
|-end|p2b: Dondozo|move: Taunt
|upkeep
|turn|7
|inactive|detoxfilms has 30 seconds left.
|
|t:|1757781722
|move|p1b: Peeko|Tailwind|p1b: Peeko
|-sidestart|p1: B South|move: Tailwind
|move|p1a: Archaludon|Electro Shot||[still]
|-prepare|p1a: Archaludon|Electro Shot
|-boost|p1a: Archaludon|spa|1
|-anim|p1a: Archaludon|Electro Shot|p2b: Dondozo
|-supereffective|p2b: Dondozo
|-damage|p2b: Dondozo|0 fnt
|faint|p2b: Dondozo
|
|-weather|RainDance|[upkeep]
|upkeep
|
|t:|1757781733
|switch|p2b: Gothitelle|Gothitelle, L50, F, tera:Dark|51/100
|turn|8
|
|t:|1757781755
|move|p2b: Gothitelle|Fake Out|p1a: Archaludon
|-resisted|p1a: Archaludon
|-damage|p1a: Archaludon|65/100
|-ability|p1a: Archaludon|Stamina|boost
|-boost|p1a: Archaludon|def|1
|move|p1b: Peeko|Tailwind||[still]
|-fail|p1b: Peeko
|cant|p1a: Archaludon|flinch
|move|p2a: Tatsugiri|Draco Meteor|p1a: Archaludon
|-damage|p1a: Archaludon|28/100
|-unboost|p2a: Tatsugiri|spa|2
|-ability|p1a: Archaludon|Stamina|boost
|-boost|p1a: Archaludon|def|1
|
|-weather|RainDance|[upkeep]
|upkeep
|turn|9
|
|t:|1757781776
|move|p2b: Gothitelle|Protect|p2b: Gothitelle
|-singleturn|p2b: Gothitelle|Protect
|move|p1b: Peeko|Tailwind||[still]
|-fail|p1b: Peeko
|move|p1a: Archaludon|Body Press|p2b: Gothitelle
|-activate|p2b: Gothitelle|move: Protect
|move|p2a: Tatsugiri|Draco Meteor|p1a: Archaludon|[miss]
|-miss|p2a: Tatsugiri|p1a: Archaludon
|
|-weather|RainDance|[upkeep]
|upkeep
|turn|10
|inactive|detoxfilms has 30 seconds left.
|
|t:|1757781802
|move|p1b: Peeko|Tailwind||[still]
|-fail|p1b: Peeko
|move|p1a: Archaludon|Body Press|p2b: Gothitelle
|-supereffective|p2b: Gothitelle
|-damage|p2b: Gothitelle|0 fnt
|faint|p2b: Gothitelle
|move|p2a: Tatsugiri|Draco Meteor|p1a: Archaludon
|-damage|p1a: Archaludon|11/100
|-unboost|p2a: Tatsugiri|spa|2
|-ability|p1a: Archaludon|Stamina|boost
|-boost|p1a: Archaludon|def|1
|
|-weather|none
|-sideend|p1: B South|move: Tailwind
|upkeep
|
|t:|1757781814
|switch|p2b: Lapras|Lapras, L50, M|100/100
|turn|11
|
|t:|1757781822
|move|p2b: Lapras|Protect|p2b: Lapras
|-singleturn|p2b: Lapras|Protect
|move|p1b: Peeko|Tailwind|p1b: Peeko
|-sidestart|p1: B South|move: Tailwind
|move|p1a: Archaludon|Draco Meteor|p2b: Lapras
|-activate|p2b: Lapras|move: Protect
|move|p2a: Tatsugiri|Draco Meteor|p1a: Archaludon
|-damage|p1a: Archaludon|0 fnt
|-unboost|p2a: Tatsugiri|spa|2
|faint|p1a: Archaludon
|
|upkeep
|
|t:|1757781835
|switch|p1a: Annihilape|Annihilape, L50, M|39/100 slp
|turn|12
|
|t:|1757781844
|-curestatus|p1a: Annihilape|slp|[msg]
|move|p1a: Annihilape|Protect|p1a: Annihilape
|-singleturn|p1a: Annihilape|Protect
|move|p1b: Peeko|Tailwind||[still]
|-fail|p1b: Peeko
|move|p2a: Tatsugiri|Muddy Water|p1b: Peeko|[spread] p1b
|-activate|p1a: Annihilape|move: Protect
|-resisted|p1b: Peeko
|-damage|p1b: Peeko|94/100
|move|p2b: Lapras|Muddy Water|p1a: Annihilape|[spread] p1b
|-activate|p1a: Annihilape|move: Protect
|-resisted|p1b: Peeko
|-damage|p1b: Peeko|78/100
|
|-heal|p1a: Annihilape|45/100|[from] item: Leftovers
|upkeep
|turn|13
|
|t:|1757781865
|move|p2b: Lapras|Protect|p2b: Lapras
|-singleturn|p2b: Lapras|Protect
|move|p1b: Peeko|Tailwind||[still]
|-fail|p1b: Peeko
|move|p1a: Annihilape|Rage Fist|p2b: Lapras
|-activate|p2b: Lapras|move: Protect
|move|p2a: Tatsugiri|Draco Meteor|p1a: Annihilape
|-damage|p1a: Annihilape|32/100
|
|-heal|p1a: Annihilape|38/100|[from] item: Leftovers
|upkeep
|turn|14
|
|t:|1757781884
|move|p2b: Lapras|Helping Hand|p2a: Tatsugiri
|-singleturn|p2a: Tatsugiri|Helping Hand|[of] p2b: Lapras
|move|p1b: Peeko|Tailwind||[still]
|-fail|p1b: Peeko
|move|p1a: Annihilape|Rage Fist|p2b: Lapras
|-damage|p2b: Lapras|0 fnt
|faint|p2b: Lapras
|move|p2a: Tatsugiri|Draco Meteor|p1a: Annihilape
|-damage|p1a: Annihilape|20/100
|
|-heal|p1a: Annihilape|26/100|[from] item: Leftovers
|-sideend|p1: B South|move: Tailwind
|upkeep
|turn|15
|
|t:|1757781901
|move|p1a: Annihilape|Protect|p1a: Annihilape
|-singleturn|p1a: Annihilape|Protect
|move|p1b: Peeko|Tailwind|p1b: Peeko
|-sidestart|p1: B South|move: Tailwind
|move|p2a: Tatsugiri|Draco Meteor|p1a: Annihilape
|-activate|p1a: Annihilape|move: Protect
|
|-heal|p1a: Annihilape|32/100|[from] item: Leftovers
|upkeep
|turn|16
|
|t:|1757781916
|move|p1b: Peeko|Tailwind||[still]
|-fail|p1b: Peeko
|move|p1a: Annihilape|Drain Punch|p2a: Tatsugiri
|-damage|p2a: Tatsugiri|44/100
|-heal|p1a: Annihilape|51/100|[from] drain|[of] p2a: Tatsugiri
|move|p2a: Tatsugiri|Draco Meteor|p1a: Annihilape
|-damage|p1a: Annihilape|40/100
|
|-heal|p1a: Annihilape|46/100|[from] item: Leftovers
|upkeep
|turn|17
|
|t:|1757781931
|move|p1b: Peeko|Tailwind||[still]
|-fail|p1b: Peeko
|move|p1a: Annihilape|Drain Punch|p2a: Tatsugiri
|-damage|p2a: Tatsugiri|0 fnt
|-heal|p1a: Annihilape|60/100|[from] drain|[of] p2a: Tatsugiri
|faint|p2a: Tatsugiri
|
|win|B South
||detoxfilms is ready for game 2.
||B South is ready for game 2.
|uhtml|next|Next: Game 2 of 3
|l|☆detoxfilms
|player|p2|
