|j|☆sleepypz
|j|☆B0mb3r6969
|html|sleepypzB0mb3r6969    
|uhtml|bestof|Game 2 of a best-of-3
|t:|1785128027
|gametype|doubles
|player|p1|sleepypz|unknown|1000
|player|p2|B0mb3r6969|cynthia-gen4|1107
|gen|9
|tier|[Gen 9 Champions] VGC 2026 Reg M-B (Bo3)
|rated|
|rule|Species Clause: Limit one of each Pokémon
|rule|Item Clause: Limit 1 of each item
|clearpoke
|poke|p1|Charizard, L50, M, shiny|
|poke|p1|Garchomp, L50, M|
|poke|p1|Incineroar, L50, M, shiny|
|poke|p1|Venusaur, L50, M|
|poke|p1|Toxapex, L50, F|
|poke|p1|Sylveon, L50, F|
|poke|p2|Araquanid, L50, F|
|poke|p2|Sinistcha-Masterpiece, L50|
|poke|p2|Delphox, L50, F|
|poke|p2|Swampert, L50, F|
|poke|p2|Altaria, L50, M|
|poke|p2|Meowstic, L50, M|
|teampreview|4
|showteam|p1|Charizard||CharizarditeY|SolarPower|WeatherBall,HeatWave,AncientPower,Protect|Modest||M|||50|]Garchomp||ChoiceScarf|RoughSkin|RockSlide,DragonClaw,Earthquake,StompingTantrum|Adamant||M|||50|]Incineroar||SitrusBerry|Intimidate|FlareBlitz,FakeOut,DarkestLariat,PartingShot|Impish||M|||50|]Venusaur||LifeOrb|Chlorophyll|SludgeBomb,EnergyBall,EarthPower,Protect|Modest||M|||50|]Toxapex||Leftovers|Regenerator|Infestation,Toxic,WideGuard,BanefulBunker|Bold||F|||50|]Sylveon||FairyFeather|Pixilate|Detect,HyperVoice,HyperBeam,QuickAttack|Modest||F|||50|
|showteam|p2|Araquanid||Leftovers|WaterBubble|SkitterSmack,LeechLife,Liquidation,Protect|Adamant||F|||50|]Sinistcha-Masterpiece||ColburBerry|Hospitality|MatchaGotcha,ShadowBall,StrengthSap,LifeDew|Bold|||||50|]Delphox||Delphoxite|Blaze|Protect,ExpandingForce,NastyPlot,HeatWave|Timid||F|||50|]Swampert||Swampertite|Damp|HighHorsepower,IcePunch,Liquidation,PoisonJab|Adamant||F|||50|]Altaria||RoseliBerry|CloudNine|Protect,DualWingbeat,Tailwind,DracoMeteor|Timid||M|||50|]Meowstic||ScopeLens|Prankster|Reflect,Charm,ExpandingForce,PsychicTerrain|Bold||M|||50|
|inactive|Battle timer is ON: inactive players will automatically lose when time's up. (requested by B0mb3r6969)
|
|t:|1785128046
|teamsize|p1|4
|teamsize|p2|4
|start
|switch|p1a: Sylveon|Sylveon, L50, F|100/100
|switch|p1b: Incineroar|Incineroar, L50, M, shiny|100/100
|switch|p2a: Meowstic|Meowstic, L50, M|100/100
|switch|p2b: Araquanid|Araquanid, L50, F|100/100
|-ability|p1b: Incineroar|Intimidate|boost
|-unboost|p2a: Meowstic|atk|1
|-unboost|p2b: Araquanid|atk|1
|turn|1
|inactive|sleepypz has 30 seconds left.
|
|t:|1785128074
|move|p1b: Incineroar|Fake Out|p2b: Araquanid
|-damage|p2b: Araquanid|88/100
|move|p2a: Meowstic|Psychic Terrain|p2a: Meowstic
|-fieldstart|move: Psychic Terrain
|move|p1a: Sylveon|Hyper Beam|p2a: Meowstic
|-damage|p2a: Meowstic|0 fnt
|-mustrecharge|p1a: Sylveon
|faint|p2a: Meowstic
|cant|p2b: Araquanid|flinch
|
|-heal|p2b: Araquanid|93/100|[from] item: Leftovers
|upkeep
|
|t:|1785128088
|switch|p2a: Swampert|Swampert, L50, F|100/100
|turn|2
|
|t:|1785128096
|move|p2a: Swampert|Liquidation|p1b: Incineroar
|-supereffective|p1b: Incineroar|1
|-damage|p1b: Incineroar|39/100
|-unboost|p1b: Incineroar|def|1
|-enditem|p1b: Incineroar|Sitrus Berry|[eat]
|-heal|p1b: Incineroar|64/100|[from] item: Sitrus Berry
|cant|p1a: Sylveon|recharge
|move|p1b: Incineroar|Parting Shot|p2a: Swampert
|-unboost|p2a: Swampert|atk|1
|-unboost|p2a: Swampert|spa|1
|
|t:|1785128108
|switch|p1b: Garchomp|Garchomp, L50, M|100/100|[from] Parting Shot
|move|p2b: Araquanid|Skitter Smack|p1a: Sylveon|[miss]
|-miss|p2b: Araquanid|p1a: Sylveon
|
|-heal|p2b: Araquanid|99/100|[from] item: Leftovers
|upkeep
|turn|3
|inactive|sleepypz has 30 seconds left.
|
|t:|1785128136
|switch|p1b: Incineroar|Incineroar, L50, M, shiny|64/100
|-ability|p1b: Incineroar|Intimidate|boost
|-unboost|p2a: Swampert|atk|1
|-unboost|p2b: Araquanid|atk|1
|move|p2a: Swampert|Ice Punch|p1b: Incineroar
|-resisted|p1b: Incineroar|1
|-damage|p1b: Incineroar|58/100
|-status|p1b: Incineroar|frz
|move|p1a: Sylveon|Hyper Beam|p2b: Araquanid
|-damage|p2b: Araquanid|13/100
|-mustrecharge|p1a: Sylveon
|move|p2b: Araquanid|Skitter Smack|p1a: Sylveon
|-resisted|p1a: Sylveon|1
|-damage|p1a: Sylveon|94/100
|-unboost|p1a: Sylveon|spa|1
|
|-heal|p2b: Araquanid|18/100|[from] item: Leftovers
|upkeep
|turn|4
|
|t:|1785128157
|switch|p2b: Delphox|Delphox, L50, F|100/100
|move|p2a: Swampert|Liquidation|p1b: Incineroar
|-supereffective|p1b: Incineroar|1
|-damage|p1b: Incineroar|23/100 frz
|-unboost|p1b: Incineroar|def|1
|cant|p1a: Sylveon|recharge
|-curestatus|p1b: Incineroar|frz|[from] move: Flare Blitz
|move|p1b: Incineroar|Flare Blitz|p2b: Delphox
|-resisted|p2b: Delphox|1
|-damage|p2b: Delphox|63/100
|-damage|p1b: Incineroar|14/100|[from] Recoil
|
|upkeep
|turn|5
|inactive|sleepypz has 30 seconds left.
|
|t:|1785128190
|move|p1a: Sylveon|Detect|p1a: Sylveon
|-singleturn|p1a: Sylveon|Protect
|move|p2b: Delphox|Expanding Force|p1a: Sylveon|[spread] 
|-activate|p1a: Sylveon|move: Protect
|-immune|p1b: Incineroar
|move|p2a: Swampert|Liquidation|p1b: Incineroar
|-supereffective|p1b: Incineroar|1
|-damage|p1b: Incineroar|0 fnt
|faint|p1b: Incineroar
|
|-fieldend|move: Psychic Terrain
|upkeep
|
|t:|1785128205
|switch|p1b: Charizard|Charizard, L50, M, shiny|100/100
|turn|6
|
|t:|1785128224
|detailschange|p2b: Delphox|Delphox-Mega, L50, F
|-mega|p2b: Delphox|Delphox|Delphoxite
|detailschange|p1b: Charizard|Charizard-Mega-Y, L50, M, shiny
|-mega|p1b: Charizard|Charizard|Charizardite Y
|-weather|SunnyDay|[from] ability: Drought|[of] p1b: Charizard
|move|p2b: Delphox|Heat Wave|p1a: Sylveon|[spread] p1a,p1b
|-crit|p1a: Sylveon
|-resisted|p1b: Charizard|1
|-damage|p1a: Sylveon|19/100
|-damage|p1b: Charizard|70/100
|move|p1b: Charizard|Ancient Power|p2b: Delphox
|-supereffective|p2b: Delphox|1
|-damage|p2b: Delphox|21/100
|move|p2a: Swampert|Poison Jab|p1a: Sylveon
|-supereffective|p1a: Sylveon|1
|-damage|p1a: Sylveon|0 fnt
|faint|p1a: Sylveon
|
|-weather|SunnyDay|[upkeep]
|upkeep
|
|t:|1785128238
|switch|p1a: Garchomp|Garchomp, L50, M|100/100
|turn|7
|
|t:|1785128252
|move|p2b: Delphox|Protect|p2b: Delphox
|-singleturn|p2b: Delphox|Protect
|move|p1a: Garchomp|Rock Slide|p2b: Delphox|[spread] p2a
|-activate|p2b: Delphox|move: Protect
|-resisted|p2a: Swampert|1
|-damage|p2a: Swampert|87/100
|move|p1b: Charizard|Weather Ball|p2a: Swampert
|-resisted|p2a: Swampert|1
|-damage|p2a: Swampert|39/100
|cant|p2a: Swampert|flinch
|
|-weather|SunnyDay|[upkeep]
|upkeep
|turn|8
|-message|B0mb3r6969 forfeited.
|raw|sleepypz's rating: 1000 → 1052(+52 for winning)
|raw|B0mb3r6969's rating: 1107 → 1075(-32 for losing)
|
|win|sleepypz
|l|☆B0mb3r6969
|player|p2|
