|j|☆signorfog
|j|☆Jojo_Z.ro1015
|html|signorfogJojo_Z.ro1015    
|uhtml|bestof|Game 1 of a best-of-3
|t:|1785176415
|gametype|doubles
|player|p1|signorfog|170|1157
|player|p2|Jojo_Z.ro1015|riley|1062
|gen|9
|tier|[Gen 9 Champions] VGC 2026 Reg M-B (Bo3)
|rated|
|rule|Species Clause: Limit one of each Pokémon
|rule|Item Clause: Limit 1 of each item
|clearpoke
|poke|p1|Incineroar, L50, F|
|poke|p1|Farigiraf, L50, F|
|poke|p1|Gallade, L50, M|
|poke|p1|Torkoal, L50, F|
|poke|p1|Mawile, L50, M|
|poke|p1|Abomasnow, L50, F|
|poke|p2|Mimikyu, L50, M, shiny|
|poke|p2|Hatterene, L50, F, shiny|
|poke|p2|Gallade, L50, M|
|poke|p2|Garchomp, L50, M|
|poke|p2|Lucario, L50, F|
|poke|p2|Greninja, L50, M, shiny|
|teampreview|4
|showteam|p1|Incineroar||LifeOrb|Intimidate|FakeOut,FlareBlitz,DarkestLariat,CloseCombat|Adamant||F|||50|]Farigiraf||ColburBerry|ArmorTail|Psychic,Thunderbolt,TrickRoom,Endeavor|Quiet||F|||50|]Gallade||ScopeLens|Sharpness|SacredSword,PsychoCut,LeafBlade,Feint|Brave||M|||50|]Torkoal||Charcoal|Drought|Eruption,WeatherBall,SolarBeam,StoneEdge|Quiet||F|||50|]Mawile||Mawilite|Intimidate|PlayRough,SuckerPunch,RockSlide,SwordsDance|Adamant||M|||50|]Abomasnow||Abomasite|SnowWarning|Blizzard,EnergyBall,FocusBlast,Substitute|Quiet||F|||50|
|showteam|p2|Mimikyu||ShellBell|Disguise|SwordsDance,ShadowClaw,ShadowSneak,PlayRough|Jolly||M|||50|]Hatterene||Leftovers|MagicBounce|DrainingKiss,Protect,Psychic,DazzlingGleam|Modest||F|||50|]Gallade||FocusSash|Sharpness|SacredSword,PsychoCut,Agility,NightSlash|Adamant||M|||50|]Garchomp||LumBerry|RoughSkin|DragonClaw,Earthquake,RockSlide,SwordsDance|Jolly||M|||50|]Lucario||Lucarionite|InnerFocus|CloseCombat,MeteorMash,BulletPunch,Detect|Jolly||F|||50|]Greninja||Greninjite|Protean|WaterShuriken,SludgeWave,DarkPulse,IceBeam|Timid||M|||50|
|inactive|Battle timer is ON: inactive players will automatically lose when time's up. (requested by Jojo_Z.ro1015)
|
|t:|1785176458
|teamsize|p1|4
|teamsize|p2|4
|start
|switch|p1a: Incineroar|Incineroar, L50, F|100/100
|switch|p1b: Farigiraf|Farigiraf, L50, F|100/100
|switch|p2a: Shadow|Mimikyu, L50, M, shiny|100/100
|switch|p2b: Circe|Hatterene, L50, F, shiny|100/100
|-ability|p1a: Incineroar|Intimidate|boost
|-unboost|p2a: Shadow|atk|1
|-unboost|p2b: Circe|atk|1
|turn|1
|inactive|signorfog has 30 seconds left.
|
|t:|1785176487
|move|p1a: Incineroar|Fake Out|p2b: Circe
|-crit|p2b: Circe
|-damage|p2b: Circe|68/100
|-damage|p1a: Incineroar|90/100|[from] item: Life Orb
|move|p2a: Shadow|Swords Dance|p2a: Shadow
|-boost|p2a: Shadow|atk|2
|cant|p2b: Circe|flinch
|move|p1b: Farigiraf|Trick Room|p1b: Farigiraf
|-fieldstart|move: Trick Room|[of] p1b: Farigiraf
|
|-heal|p2b: Circe|75/100|[from] item: Leftovers
|upkeep
|turn|2
|inactive|signorfog has 30 seconds left.
|inactive|signorfog has 20 seconds left.
|
|t:|1785176524
|move|p2b: Circe|Dazzling Gleam|p1b: Farigiraf|[spread] p1a,p1b
|-damage|p1a: Incineroar|58/100
|-damage|p1b: Farigiraf|67/100
|move|p1b: Farigiraf|Psychic|p2a: Shadow
|-activate|p2a: Shadow|ability: Disguise
|-damage|p2a: Shadow|100/100
|detailschange|p2a: Shadow|Mimikyu-Busted, L50, M, shiny
|-damage|p2a: Shadow|87/100|[from] pokemon: Mimikyu-Busted
|move|p1a: Incineroar|Flare Blitz|p2a: Shadow
|-damage|p2a: Shadow|0 fnt
|faint|p2a: Shadow
|-damage|p1a: Incineroar|39/100|[from] Recoil
|-damage|p1a: Incineroar|29/100|[from] item: Life Orb
|
|-heal|p2b: Circe|81/100|[from] item: Leftovers
|upkeep
|
|t:|1785176547
|switch|p2a: Kaido|Garchomp, L50, M|100/100
|turn|3
|
|t:|1785176562
|move|p2b: Circe|Dazzling Gleam|p1b: Farigiraf|[spread] p1a,p1b
|-damage|p1a: Incineroar|0 fnt
|-damage|p1b: Farigiraf|34/100
|faint|p1a: Incineroar
|move|p1b: Farigiraf|Psychic|p2a: Kaido
|-damage|p2a: Kaido|52/100
|move|p2a: Kaido|Swords Dance|p2a: Kaido
|-boost|p2a: Kaido|atk|2
|
|-heal|p2b: Circe|87/100|[from] item: Leftovers
|upkeep
|
|t:|1785176575
|switch|p1a: Torkoal|Torkoal, L50, F|100/100
|-weather|SunnyDay|[from] ability: Drought|[of] p1a: Torkoal
|turn|4
|
|t:|1785176593
|move|p2b: Circe|Protect|p2b: Circe
|-singleturn|p2b: Circe|Protect
|move|p1a: Torkoal|Eruption|p2b: Circe|[spread] p2a
|-activate|p2b: Circe|move: Protect
|-resisted|p2a: Kaido|1
|-damage|p2a: Kaido|5/100
|move|p1b: Farigiraf|Psychic|p2a: Kaido
|-damage|p2a: Kaido|0 fnt
|faint|p2a: Kaido
|
|-weather|SunnyDay|[upkeep]
|-heal|p2b: Circe|93/100|[from] item: Leftovers
|upkeep
|
|t:|1785176602
|switch|p2a: Ace|Lucario, L50, F|100/100
|turn|5
|
|t:|1785176624
|detailschange|p2a: Ace|Lucario-Mega, L50, F
|-mega|p2a: Ace|Lucario|Lucarionite
|move|p2a: Ace|Detect|p2a: Ace
|-singleturn|p2a: Ace|Protect
|move|p1a: Torkoal|Eruption|p2b: Circe|[spread] p2b
|-activate|p2a: Ace|move: Protect
|-damage|p2b: Circe|0 fnt
|faint|p2b: Circe
|move|p1b: Farigiraf|Thunderbolt|p2a: Ace
|-activate|p2a: Ace|move: Protect
|
|-weather|SunnyDay|[upkeep]
|-fieldend|move: Trick Room
|upkeep
|turn|6
|-message|Jojo_Z.ro1015 forfeited.
|
|win|signorfog
|l|☆Jojo_Z.ro1015
|player|p2|
||Jojo_Z.ro1015 is ready for game 2.
|inactive|signorfog has 30 seconds to confirm battle start!
|inactive|signorfog has 20 seconds to confirm battle start!
|inactive|signorfog has 10 seconds to confirm battle start!
|j| tedidn
