|j|☆GionnyBravo
|j|☆dialghite
|html|GionnyBravodialghite    
|uhtml|bestof|Game 2 of a best-of-3
|t:|1756668103
|gametype|doubles
|player|p1|GionnyBravo|rood|1265
|player|p2|dialghite|volkner|1396
|gen|9
|tier|[Gen 9] VGC 2025 Reg H (Bo3)
|rated|
|rule|Species Clause: Limit one of each Pokémon
|rule|Item Clause: Limit 1 of each item
|clearpoke
|poke|p1|Dragonite, L50, F|
|poke|p1|Gholdengo, L50|
|poke|p1|Rillaboom, L50, M|
|poke|p1|Ursaluna-Bloodmoon, L50, M|
|poke|p1|Maushold-Four, L50|
|poke|p1|Annihilape, L50, F|
|poke|p2|Indeedee, L50, M|
|poke|p2|Sneasler, L50, F|
|poke|p2|Tyranitar, L50, F|
|poke|p2|Excadrill, L50, F|
|poke|p2|Corviknight, L50, M|
|poke|p2|Annihilape, L50, F|
|teampreview|4
|showteam|p1|Dragonite||LoadedDice|Multiscale|Tailwind,Haze,Protect,ScaleShot|||F|||50|,,,,,Fairy]Gholdengo||LifeOrb|GoodasGold|MakeItRain,ShadowBall,NastyPlot,Protect||||||50|,,,,,Water]Rillaboom||MiracleSeed|GrassySurge|WoodHammer,GrassyGlide,FakeOut,HighHorsepower|||M|||50|,,,,,Fire]Ursaluna-Bloodmoon||AssaultVest|MindsEye|BloodMoon,EarthPower,HyperVoice,VacuumWave|||M|||50|,,,,,Water]Maushold-Four||FocusSash|FriendGuard|SuperFang,FollowMe,BeatUp,Protect||||||50|,,,,,Ghost]Annihilape||SitrusBerry|Defiant|RageFist,DrainPunch,BulkUp,Protect|||F|||50|,,,,,Fire
|showteam|p2|Indeedee||ChoiceScarf|PsychicSurge|ExpandingForce,TeraBlast,Trick,Protect|||M|||50|,,,,,Psychic]Sneasler||PsychicSeed|Unburden|CloseCombat,DireClaw,ThroatChop,Protect|||F|||50|,,,,,Dark]Tyranitar||AssaultVest|SandStream|RockSlide,KnockOff,TeraBlast,LowKick|||F|||50|,,,,,Flying]Excadrill||FocusSash|SandRush|Earthquake,IronHead,HighHorsepower,Protect|||F|||50|,,,,,Ground]Corviknight||Leftovers|MirrorArmor|BraveBird,Tailwind,Roost,BulkUp|||M|||50|,,,,,Dragon]Annihilape||SafetyGoggles|Defiant|CloseCombat,RageFist,FinalGambit,Taunt|||F|||50|,,,,,Water
|inactive|Battle timer is ON: inactive players will automatically lose when time's up. (requested by dialghite)
|inactive|GionnyBravo has 60 seconds left.
|
|t:|1756668150
|teamsize|p1|4
|teamsize|p2|4
|start
|switch|p1a: Rillaboom|Rillaboom, L50, M|100/100
|switch|p1b: Ursaluna|Ursaluna-Bloodmoon, L50, M|100/100
|switch|p2a: Corviknight|Corviknight, L50, M|100/100
|switch|p2b: Excadrill|Excadrill, L50, F|100/100
|-fieldstart|move: Grassy Terrain|[from] ability: Grassy Surge|[of] p1a: Rillaboom
|turn|1
|inactive|GionnyBravo has 30 seconds left.
|
|t:|1756668179
|move|p2b: Excadrill|Protect|p2b: Excadrill
|-singleturn|p2b: Excadrill|Protect
|move|p1a: Rillaboom|Wood Hammer|p2b: Excadrill
|-activate|p2b: Excadrill|move: Protect
|move|p2a: Corviknight|Bulk Up|p2a: Corviknight
|-boost|p2a: Corviknight|atk|1
|-boost|p2a: Corviknight|def|1
|move|p1b: Ursaluna|Hyper Voice|p2a: Corviknight|[spread] p2a
|-activate|p2b: Excadrill|move: Protect
|-resisted|p2a: Corviknight
|-damage|p2a: Corviknight|86/100
|
|-heal|p2a: Corviknight|92/100|[from] item: Leftovers
|upkeep
|turn|2
|inactive|GionnyBravo has 30 seconds left.
|inactive|dialghite has 30 seconds left.
|inactive|GionnyBravo has 20 seconds left.
|inactive|dialghite has 20 seconds left.
|inactive|GionnyBravo has 15 seconds left.
|inactive|dialghite has 15 seconds left.
|inactive|GionnyBravo has 10 seconds left.
|inactive|dialghite has 10 seconds left.
|inactive|GionnyBravo has 5 seconds left.
|
|t:|1756668230
|move|p2b: Excadrill|Earthquake|p1a: Rillaboom|[spread] p1a,p1b
|-immune|p2a: Corviknight
|-resisted|p1a: Rillaboom
|-damage|p1a: Rillaboom|91/100
|-damage|p1b: Ursaluna|86/100
|move|p1a: Rillaboom|Wood Hammer|p2b: Excadrill
|-enditem|p2b: Excadrill|Focus Sash
|-damage|p2b: Excadrill|1/100
|-damage|p1a: Rillaboom|61/100|[from] Recoil
|move|p2a: Corviknight|Brave Bird|p1a: Rillaboom
|-supereffective|p1a: Rillaboom
|-damage|p1a: Rillaboom|0 fnt
|faint|p1a: Rillaboom
|-damage|p2a: Corviknight|71/100|[from] Recoil
|move|p1b: Ursaluna|Hyper Voice|p2b: Excadrill|[spread] p2a,p2b
|-resisted|p2a: Corviknight
|-resisted|p2b: Excadrill
|-damage|p2a: Corviknight|57/100
|-damage|p2b: Excadrill|0 fnt
|faint|p2b: Excadrill
|
|-heal|p2a: Corviknight|63/100|[from] item: Leftovers
|-heal|p1b: Ursaluna|92/100|[from] Grassy Terrain
|upkeep
|
|t:|1756668252
|switch|p2b: Tyranitar|Tyranitar, L50, F|100/100
|switch|p1a: Gholdengo|Gholdengo, L50|100/100
|-weather|Sandstorm|[from] ability: Sand Stream|[of] p2b: Tyranitar
|turn|3
|inactive|GionnyBravo has 30 seconds left.
|inactive|GionnyBravo has 20 seconds left.
|inactive|GionnyBravo has 15 seconds left.
|inactive|GionnyBravo has 10 seconds left.
|
|t:|1756668301
|-terastallize|p1a: Gholdengo|Water
|-terastallize|p2b: Tyranitar|Flying
|move|p1a: Gholdengo|Nasty Plot|p1a: Gholdengo
|-boost|p1a: Gholdengo|spa|2
|move|p2a: Corviknight|Tailwind|p2a: Corviknight
|-sidestart|p2: dialghite|move: Tailwind
|move|p2b: Tyranitar|Low Kick|p1b: Ursaluna
|-supereffective|p1b: Ursaluna
|-damage|p1b: Ursaluna|28/100
|move|p1b: Ursaluna|Earth Power|p2b: Tyranitar
|-immune|p2b: Tyranitar
|
|-weather|Sandstorm|[upkeep]
|-damage|p2b: Tyranitar|94/100|[from] Sandstorm
|-damage|p1a: Gholdengo|94/100|[from] Sandstorm
|-heal|p2a: Corviknight|68/100|[from] item: Leftovers
|-heal|p1a: Gholdengo|100/100|[from] Grassy Terrain
|-heal|p1b: Ursaluna|35/100|[from] Grassy Terrain
|upkeep
|turn|4
|inactive|GionnyBravo has 30 seconds left.
|inactive|dialghite has 30 seconds left.
|
|t:|1756668331
|move|p1a: Gholdengo|Protect|p1a: Gholdengo
|-singleturn|p1a: Gholdengo|Protect
|move|p2a: Corviknight|Brave Bird|p1a: Gholdengo
|-activate|p1a: Gholdengo|move: Protect
|move|p2b: Tyranitar|Low Kick|p1b: Ursaluna
|-supereffective|p1b: Ursaluna
|-damage|p1b: Ursaluna|0 fnt
|faint|p1b: Ursaluna
|
|-weather|Sandstorm|[upkeep]
|-damage|p2b: Tyranitar|88/100|[from] Sandstorm
|-damage|p1a: Gholdengo|94/100|[from] Sandstorm
|-heal|p2a: Corviknight|74/100|[from] item: Leftovers
|-heal|p1a: Gholdengo|100/100|[from] Grassy Terrain
|upkeep
|
|t:|1756668342
|switch|p1b: Maushold|Maushold-Four, L50|100/100
|turn|5
|
|t:|1756668350
|move|p1b: Maushold|Protect|p1b: Maushold
|-singleturn|p1b: Maushold|Protect
|move|p2a: Corviknight|Brave Bird|p1a: Gholdengo
|-damage|p1a: Gholdengo|56/100
|-damage|p2a: Corviknight|62/100|[from] Recoil
|move|p2b: Tyranitar|Knock Off|p1a: Gholdengo
|-damage|p1a: Gholdengo|14/100
|-enditem|p1a: Gholdengo|Life Orb|[from] move: Knock Off|[of] p2b: Tyranitar
|move|p1a: Gholdengo|Make It Rain|p2b: Tyranitar|[spread] p2a,p2b
|-resisted|p2a: Corviknight
|-damage|p2a: Corviknight|26/100
|-damage|p2b: Tyranitar|32/100
|-unboost|p1a: Gholdengo|spa|1
|
|-weather|Sandstorm|[upkeep]
|-damage|p1b: Maushold|94/100|[from] Sandstorm
|-damage|p2b: Tyranitar|26/100|[from] Sandstorm
|-damage|p1a: Gholdengo|8/100|[from] Sandstorm
|-heal|p2a: Corviknight|32/100|[from] item: Leftovers
|-heal|p1b: Maushold|100/100|[from] Grassy Terrain
|-heal|p1a: Gholdengo|14/100|[from] Grassy Terrain
|-fieldend|move: Grassy Terrain
|upkeep
|turn|6
|-message|GionnyBravo forfeited.
|
|win|dialghite
