|j|☆15Hugs
|j|☆Reckzz
|html|15HugsReckzz    
|uhtml|bestof|Game 1 of a best-of-3
|t:|1786032881
|gametype|doubles
|player|p1|15Hugs|ingo|1118
|player|p2|Reckzz|265|1130
|gen|9
|tier|[Gen 9 Champions] VGC 2026 Reg M-B (Bo3)
|rated|
|rule|Species Clause: Limit one of each Pokémon
|rule|Item Clause: Limit 1 of each item
|clearpoke
|poke|p1|Mawile, L50, F|
|poke|p1|Sneasler, L50, M|
|poke|p1|Raichu, L50, F|
|poke|p1|Hydreigon, L50, F|
|poke|p1|Farigiraf, L50, F, shiny|
|poke|p1|Sinistcha, L50|
|poke|p2|Tyranitar, L50, F|
|poke|p2|Excadrill, L50, M|
|poke|p2|Milotic, L50, F|
|poke|p2|Sinistcha, L50|
|poke|p2|Staraptor, L50, M|
|poke|p2|Gholdengo, L50|
|teampreview|4
|showteam|p1|Mawile||Mawilite|Intimidate|Protect,PlayRough,IronHead,SuckerPunch|Brave||F|||50|]Sneasler||WhiteHerb|Unburden|FakeOut,RockTomb,CloseCombat,DireClaw|Jolly||M|||50|]Raichu||RaichuniteY|LightningRod|Protect,FakeOut,ZapCannon,FocusBlast|Timid||F|||50|]Hydreigon||ChoiceScarf|Levitate|DracoMeteor,Snarl,DarkPulse,EarthPower|Timid||F|||50|]Farigiraf||SitrusBerry|ArmorTail|TrickRoom,HelpingHand,FoulPlay,Psychic|Quiet||F|||50|]Sinistcha||KasibBerry|Hospitality|TrickRoom,Hex,MatchaGotcha,RagePowder|Modest|||||50|
|showteam|p2|Tyranitar||Tyranitarite|SandStream|KnockOff,RockSlide,LowKick,Protect|Jolly||F|||50|]Excadrill||FocusSash|SandRush|HighHorsepower,IronHead,RockSlide,Protect|Adamant||M|||50|]Milotic||SitrusBerry|Competitive|Scald,IcyWind,IceBeam,Protect|Calm||F|||50|]Sinistcha||ColburBerry|Hospitality|MatchaGotcha,ShadowBall,Protect,RagePowder|Bold|||||50|]Staraptor||Staraptite|Intimidate|CloseCombat,BraveBird,Tailwind,Protect|Jolly||M|||50|]Gholdengo||LifeOrb|GoodasGold|MakeItRain,ShadowBall,NastyPlot,Protect|Modest|||||50|
|inactive|Battle timer is ON: inactive players will automatically lose when time's up. (requested by Reckzz)
|inactive|15Hugs has 60 seconds left.
|
|t:|1786032970
|teamsize|p1|4
|teamsize|p2|4
|start
|switch|p1a: Sneasler|Sneasler, L50, M|100/100
|switch|p1b: Raichu|Raichu, L50, F|100/100
|switch|p2a: Tyranitar|Tyranitar, L50, F|100/100
|switch|p2b: Excadrill|Excadrill, L50, M|100/100
|-weather|Sandstorm|[from] ability: Sand Stream|[of] p2a: Tyranitar
|turn|1
|l|☆Reckzz
|inactive|Reckzz disconnected and has a minute to reconnect!
|player|p2|
|j|☆Reckzz
|inactive|Reckzz reconnected and has 50 seconds left.
|player|p2|Reckzz|265|
|
|t:|1786032996
|switch|p2a: Gholdengo|Gholdengo, L50|100/100
|detailschange|p1b: Raichu|Raichu-Mega-Y, L50, F
|-mega|p1b: Raichu|Raichu|Raichunite Y
|move|p2b: Excadrill|Protect|p2b: Excadrill
|-singleturn|p2b: Excadrill|Protect
|move|p1b: Raichu|Fake Out|p2b: Excadrill
|-activate|p2b: Excadrill|move: Protect
|move|p1a: Sneasler|Close Combat|p2b: Excadrill
|-activate|p2b: Excadrill|move: Protect
|
|-weather|Sandstorm|[upkeep]
|-damage|p1b: Raichu|94/100|[from] Sandstorm
|-damage|p1a: Sneasler|94/100|[from] Sandstorm
|upkeep
|turn|2
|
|t:|1786033014
|switch|p1a: Sinistcha|Sinistcha, L50|100/100
|-heal|p1b: Raichu|100/100|[from] ability: Hospitality|[of] p1a: Sinistcha
|move|p1b: Raichu|Protect|p1b: Raichu
|-singleturn|p1b: Raichu|Protect
|move|p2b: Excadrill|High Horsepower|p1b: Raichu
|-activate|p1b: Raichu|move: Protect
|move|p2a: Gholdengo|Make It Rain|p1a: Sinistcha|[spread] p1a
|-activate|p1b: Raichu|move: Protect
|-damage|p1a: Sinistcha|38/100
|-unboost|p2a: Gholdengo|spa|2
|-damage|p2a: Gholdengo|90/100|[from] item: Life Orb
|
|-weather|Sandstorm|[upkeep]
|-damage|p1b: Raichu|94/100|[from] Sandstorm
|-damage|p1a: Sinistcha|32/100|[from] Sandstorm
|upkeep
|turn|3
|inactive|15Hugs has 30 seconds left.
|inactive|Reckzz has 30 seconds left.
|
|t:|1786033062
|move|p2b: Excadrill|Protect|p2b: Excadrill
|-singleturn|p2b: Excadrill|Protect
|move|p1a: Sinistcha|Rage Powder|p1a: Sinistcha
|-singleturn|p1a: Sinistcha|move: Rage Powder
|move|p1b: Raichu|Focus Blast|p2b: Excadrill
|-activate|p2b: Excadrill|move: Protect
|move|p2a: Gholdengo|Shadow Ball|p1a: Sinistcha
|-supereffective|p1a: Sinistcha|1
|-enditem|p1a: Sinistcha|Kasib Berry|[eat]
|-enditem|p1a: Sinistcha|Kasib Berry|[weaken]
|-damage|p1a: Sinistcha|1/100
|-damage|p2a: Gholdengo|80/100|[from] item: Life Orb
|
|-weather|Sandstorm|[upkeep]
|-damage|p1b: Raichu|88/100|[from] Sandstorm
|-damage|p1a: Sinistcha|0 fnt|[from] Sandstorm
|faint|p1a: Sinistcha
|upkeep
|
|t:|1786033076
|switch|p1a: Sneasler|Sneasler, L50, M|94/100
|turn|4
|
|t:|1786033090
|switch|p2b: Staraptor|Staraptor, L50, M|100/100
|-ability|p2b: Staraptor|Intimidate|boost
|-unboost|p1a: Sneasler|atk|1
|-unboost|p1b: Raichu|atk|1
|-enditem|p1a: Sneasler|White Herb
|-clearnegativeboost|p1a: Sneasler|[silent]
|move|p1a: Sneasler|Fake Out|p2b: Staraptor
|-damage|p2b: Staraptor|83/100
|move|p1b: Raichu|Focus Blast|p2b: Staraptor
|-damage|p2b: Staraptor|21/100
|move|p2a: Gholdengo|Nasty Plot|p2a: Gholdengo
|-boost|p2a: Gholdengo|spa|2
|
|-weather|Sandstorm|[upkeep]
|-damage|p1a: Sneasler|88/100|[from] Sandstorm
|-damage|p1b: Raichu|83/100|[from] Sandstorm
|-damage|p2b: Staraptor|15/100|[from] Sandstorm
|upkeep
|turn|5
|inactive|15Hugs has 30 seconds left.
|
|t:|1786033119
|move|p2b: Staraptor|Protect|p2b: Staraptor
|-singleturn|p2b: Staraptor|Protect
|move|p1a: Sneasler|Rock Tomb|p2b: Staraptor
|-activate|p2b: Staraptor|move: Protect
|move|p1b: Raichu|Zap Cannon|p2a: Gholdengo
|-damage|p2a: Gholdengo|17/100
|-status|p2a: Gholdengo|par
|move|p2a: Gholdengo|Make It Rain|p1a: Sneasler|[spread] p1a,p1b
|-resisted|p1b: Raichu|1
|-damage|p1a: Sneasler|8/100
|-damage|p1b: Raichu|44/100
|-unboost|p2a: Gholdengo|spa|2
|-damage|p2a: Gholdengo|7/100 par|[from] item: Life Orb
|
|-weather|none
|upkeep
|turn|6
|inactive|Reckzz has 30 seconds left.
|
|t:|1786033152
|switch|p2b: Tyranitar|Tyranitar, L50, F|100/100
|-weather|Sandstorm|[from] ability: Sand Stream|[of] p2b: Tyranitar
|move|p1a: Sneasler|Rock Tomb|p2b: Tyranitar
|-damage|p2b: Tyranitar|81/100
|-unboost|p2b: Tyranitar|spe|1
|move|p1b: Raichu|Zap Cannon|p2a: Gholdengo
|-damage|p2a: Gholdengo|0 fnt
|faint|p2a: Gholdengo
|
|-weather|Sandstorm|[upkeep]
|-damage|p1a: Sneasler|2/100|[from] Sandstorm
|-damage|p1b: Raichu|39/100|[from] Sandstorm
|upkeep
|
|t:|1786033163
|switch|p2a: Excadrill|Excadrill, L50, M|100/100
|turn|7
|
|t:|1786033182
|switch|p1b: Hydreigon|Hydreigon, L50, F|100/100
|move|p2a: Excadrill|Protect|p2a: Excadrill
|-singleturn|p2a: Excadrill|Protect
|move|p2b: Tyranitar|Protect|p2b: Tyranitar
|-singleturn|p2b: Tyranitar|Protect
|move|p1a: Sneasler|Close Combat|p2b: Tyranitar
|-activate|p2b: Tyranitar|move: Protect
|
|-weather|Sandstorm|[upkeep]
|-damage|p1a: Sneasler|0 fnt|[from] Sandstorm
|-damage|p1b: Hydreigon|93/100|[from] Sandstorm
|faint|p1a: Sneasler
|upkeep
|
|t:|1786033187
|switch|p1a: Raichu|Raichu-Mega-Y, L50, F|39/100
|turn|8
|inactive|15Hugs has 30 seconds left.
|
|t:|1786033219
|detailschange|p2b: Tyranitar|Tyranitar-Mega, L50, F
|-mega|p2b: Tyranitar|Tyranitar|Tyranitarite
|move|p1a: Raichu|Protect|p1a: Raichu
|-singleturn|p1a: Raichu|Protect
|move|p2a: Excadrill|High Horsepower|p1a: Raichu
|-activate|p1a: Raichu|move: Protect
|move|p1b: Hydreigon|Earth Power|p2a: Excadrill
|-supereffective|p2a: Excadrill|1
|-damage|p2a: Excadrill|21/100
|move|p2b: Tyranitar|Knock Off|p1a: Raichu
|-activate|p1a: Raichu|move: Protect
|
|-weather|Sandstorm|[upkeep]
|-damage|p1b: Hydreigon|87/100|[from] Sandstorm
|-damage|p1a: Raichu|33/100|[from] Sandstorm
|upkeep
|turn|9
|
|t:|1786033239
|move|p2a: Excadrill|High Horsepower|p1a: Raichu
|-supereffective|p1a: Raichu|1
|-damage|p1a: Raichu|0 fnt
|faint|p1a: Raichu
|move|p1b: Hydreigon|Earth Power|p2a: Excadrill
|-supereffective|p2a: Excadrill|1
|-damage|p2a: Excadrill|0 fnt
|faint|p2a: Excadrill
|move|p2b: Tyranitar|Low Kick|p1b: Hydreigon
|-supereffective|p1b: Hydreigon|1
|-damage|p1b: Hydreigon|0 fnt
|faint|p1b: Hydreigon
|
|win|Reckzz
||15Hugs is ready for game 2.
||Reckzz is ready for game 2.
|uhtml|next|Next: Game 2 of 3
