|j|☆reshiee
|j|☆Kattedragen50
|html|reshieeKattedragen50    
|uhtml|bestof|Game 3 of a best-of-3
|t:|1784496657
|gametype|doubles
|player|p1|reshiee|gwynn|1058
|player|p2|Kattedragen50|caitlin|1064
|gen|9
|tier|[Gen 9 Champions] VGC 2026 Reg M-B (Bo3)
|rated|
|rule|Species Clause: Limit one of each Pokémon
|rule|Item Clause: Limit 1 of each item
|clearpoke
|poke|p1|Charizard, L50, M|
|poke|p1|Venusaur, L50, F|
|poke|p1|Pelipper, L50, F|
|poke|p1|Grimmsnarl, L50, M|
|poke|p1|Basculegion, L50, M|
|poke|p1|Archaludon, L50, M|
|poke|p2|Malamar, L50, F, shiny|
|poke|p2|Meowstic, L50, M, shiny|
|poke|p2|Maushold-Four, L50|
|poke|p2|Froslass, L50, F|
|poke|p2|Sylveon, L50, M|
|poke|p2|Kleavor, L50, F|
|teampreview|4
|showteam|p1|Charizard||CharizarditeY|Blaze|HeatWave,WeatherBall,SolarBeam,Protect|Modest||M|||50|]Venusaur||FocusSash|Chlorophyll|SludgeBomb,EarthPower,SleepPowder,Protect|Modest||F|||50|]Pelipper||SitrusBerry|Drizzle|Hurricane,WeatherBall,Tailwind,WideGuard|Modest||F|||50|]Grimmsnarl||LightClay|Prankster|SpiritBreak,Reflect,LightScreen,PartingShot|Sassy||M|||50|]Basculegion||ChoiceScarf|Adaptability|WaveCrash,LastRespects,FlipTurn,AquaJet|Jolly||M|||50|]Archaludon||Leftovers|Stamina|DragonPulse,FlashCannon,ElectroShot,Protect|Calm||M|||50|
|showteam|p2|Malamar||Malamarite|Contrary|Superpower,KnockOff,PsychoCut,Protect|Adamant||F|||50|]Meowstic||FocusSash|Prankster|FakeOut,Gravity,Charm,FakeTears|Timid||M|||50|]Maushold-Four||KingsRock|FriendGuard|PopulationBomb,FollowMe,Taunt,Protect|Jolly|||||50|]Froslass||Froslassite|SnowCloak|Blizzard,ShadowBall,AuroraVeil,Protect|Modest||F|||50|]Sylveon||FairyFeather|Pixilate|HyperBeam,HyperVoice,Moonblast,Protect|Modest||M|||50|]Kleavor||LifeOrb|Sharpness|StoneAxe,XScissor,SwordsDance,CloseCombat|Jolly||F|||50|
|inactive|Battle timer is ON: inactive players will automatically lose when time's up. (requested by Kattedragen50)
|
|t:|1784496674
|teamsize|p1|4
|teamsize|p2|4
|start
|switch|p1a: Grimmsnarl|Grimmsnarl, L50, M|100/100
|switch|p1b: Charizard|Charizard, L50, M|100/100
|switch|p2a: Malamar|Malamar, L50, F, shiny|100/100
|switch|p2b: Meowstic|Meowstic, L50, M, shiny|100/100
|turn|1
|
|t:|1784496696
|detailschange|p1b: Charizard|Charizard-Mega-Y, L50, M
|-mega|p1b: Charizard|Charizard|Charizardite Y
|-weather|SunnyDay|[from] ability: Drought|[of] p1b: Charizard
|detailschange|p2a: Malamar|Malamar-Mega, L50, F, shiny
|-mega|p2a: Malamar|Malamar|Malamarite
|move|p1b: Charizard|Protect|p1b: Charizard
|-singleturn|p1b: Charizard|Protect
|move|p2b: Meowstic|Fake Out|p1b: Charizard
|-activate|p1b: Charizard|move: Protect
|move|p1a: Grimmsnarl|Light Screen|p1a: Grimmsnarl
|-sidestart|p1: reshiee|move: Light Screen
|move|p2a: Malamar|Psycho Cut|p1b: Charizard
|-activate|p1b: Charizard|move: Protect
|
|-weather|SunnyDay|[upkeep]
|upkeep
|turn|2
|inactive|reshiee has 30 seconds left.
|
|t:|1784496721
|move|p2b: Meowstic|Fake Tears|p2a: Malamar
|-boost|p2a: Malamar|spd|2
|move|p1a: Grimmsnarl|Reflect|p1a: Grimmsnarl
|-sidestart|p1: reshiee|Reflect
|move|p2a: Malamar|Superpower|p1a: Grimmsnarl
|-damage|p1a: Grimmsnarl|74/100
|-boost|p2a: Malamar|atk|1
|-boost|p2a: Malamar|def|1
|move|p1b: Charizard|Heat Wave|p2a: Malamar|[spread] p2a,p2b
|-damage|p2a: Malamar|73/100
|-damage|p2b: Meowstic|21/100
|
|-weather|SunnyDay|[upkeep]
|upkeep
|turn|3
|inactive|Kattedragen50 has 30 seconds left.
|
|t:|1784496747
|move|p2b: Meowstic|Fake Tears|p2a: Malamar
|-boost|p2a: Malamar|spd|2
|move|p2a: Malamar|Psycho Cut|p1b: Charizard
|-damage|p1b: Charizard|69/100
|move|p1b: Charizard|Heat Wave|p2a: Malamar|[spread] p2a,p2b
|-damage|p2a: Malamar|54/100
|-damage|p2b: Meowstic|0 fnt
|faint|p2b: Meowstic
|move|p1a: Grimmsnarl|Spirit Break|p2a: Malamar
|-supereffective|p2a: Malamar|1
|-damage|p2a: Malamar|0 fnt
|faint|p2a: Malamar
|
|-weather|SunnyDay|[upkeep]
|upkeep
|
|t:|1784496758
|switch|p2b: Sylveon|Sylveon, L50, M|100/100
|switch|p2a: Maushold|Maushold-Four, L50|100/100
|turn|4
|
|t:|1784496773
|move|p1b: Charizard|Protect|p1b: Charizard
|-singleturn|p1b: Charizard|Protect
|move|p1a: Grimmsnarl|Parting Shot|p2b: Sylveon
|-unboost|p2b: Sylveon|atk|1
|-unboost|p2b: Sylveon|spa|1
|
|t:|1784496782
|switch|p1a: Basculegion|Basculegion, L50, M|100/100|[from] Parting Shot
|move|p2a: Maushold|Population Bomb|p1b: Charizard
|-activate|p1b: Charizard|move: Protect
|move|p2b: Sylveon|Moonblast|p1a: Basculegion
|-damage|p1a: Basculegion|71/100
|
|-weather|SunnyDay|[upkeep]
|upkeep
|turn|5
|inactive|reshiee has 30 seconds left.
|
|t:|1784496808
|move|p2b: Sylveon|Protect|p2b: Sylveon
|-singleturn|p2b: Sylveon|Protect
|move|p1a: Basculegion|Wave Crash|p2b: Sylveon
|-activate|p2b: Sylveon|move: Protect
|move|p2a: Maushold|Population Bomb|p1b: Charizard
|-damage|p1b: Charizard|64/100
|-damage|p1b: Charizard|59/100
|-hitcount|p1b: Charizard|2
|move|p1b: Charizard|Heat Wave|p2a: Maushold|[spread] p2a
|-activate|p2b: Sylveon|move: Protect
|-damage|p2a: Maushold|2/100
|
|-weather|none
|upkeep
|turn|6
|inactive|Kattedragen50 has 30 seconds left.
|
|t:|1784496834
|move|p1a: Basculegion|Wave Crash|p2b: Sylveon
|-damage|p2b: Sylveon|19/100
|-damage|p1a: Basculegion|47/100|[from] Recoil
|move|p2a: Maushold|Population Bomb|p1b: Charizard
|-damage|p1b: Charizard|54/100
|-damage|p1b: Charizard|49/100
|-damage|p1b: Charizard|44/100
|-damage|p1b: Charizard|39/100
|-damage|p1b: Charizard|35/100
|-damage|p1b: Charizard|31/100
|-damage|p1b: Charizard|26/100
|-damage|p1b: Charizard|21/100
|-damage|p1b: Charizard|16/100
|-damage|p1b: Charizard|12/100
|-hitcount|p1b: Charizard|10
|move|p1b: Charizard|Heat Wave|p2b: Sylveon|[spread] p2a,p2b
|-damage|p2a: Maushold|0 fnt
|-damage|p2b: Sylveon|0 fnt
|faint|p2a: Maushold
|faint|p2b: Sylveon
|
|win|reshiee
|raw|reshiee's rating: 1058 → 1090(+32 for winning)
|raw|Kattedragen50's rating: 1064 → 1044(-20 for losing)
|l|☆Kattedragen50
|player|p2|
