|j|☆harrybxrry
|j|☆Alex Blader
|html|harrybxrryAlex Blader    
|uhtml|bestof|Game 2 of a best-of-3
|t:|1784473395
|gametype|doubles
|player|p1|harrybxrry|ingo|
|player|p2|Alex Blader|drayden|
|gen|9
|tier|[Gen 9 Champions] VGC 2026 Reg M-B (Bo3)
|rule|Species Clause: Limit one of each Pokémon
|rule|Item Clause: Limit 1 of each item
|clearpoke
|poke|p1|Blastoise, L50, M|
|poke|p1|Orthworm, L50, F|
|poke|p1|Sylveon, L50, F, shiny|
|poke|p1|Incineroar, L50, M|
|poke|p1|Banette, L50, M|
|poke|p1|Kleavor, L50, M, shiny|
|poke|p2|Sceptile, L50, M|
|poke|p2|Rotom-Heat, L50|
|poke|p2|Scizor, L50, M|
|poke|p2|Liepard, L50, F|
|poke|p2|Sinistcha, L50|
|poke|p2|Krookodile, L50, F|
|teampreview|4
|showteam|p1|Blastoise||Blastoisinite|RainDish|WaterSpout,DarkPulse,FakeOut,ShellSmash|Modest||M|||50|]Orthworm||OccaBerry|EarthEater|BodyPress,ShedTail,HeavySlam,Protect|Careful||F|||50|]Sylveon||FairyFeather|Pixilate|HyperVoice,WeatherBall,HyperBeam,QuickAttack|Modest||F|||50|]Incineroar||SitrusBerry|Intimidate|FakeOut,PartingShot,FlareBlitz,DarkestLariat|Careful||M|||50|]Banette||Banettite|Frisk|RainDance,Encore,TrickRoom,Poltergeist|Adamant||M|||50|]Kleavor||FocusSash|Sharpness|StoneAxe,RainDance,XScissor,Tailwind|Adamant||M|||50|
|showteam|p2|Sceptile||Sceptilite|Overgrow|Protect,FocusBlast,LeafStorm,EarthPower|Modest||M|||50|]Rotom-Heat||ChoiceScarf|Levitate|Discharge,VoltSwitch,Overheat,WillOWisp|Modest|||||50|]Scizor||Scizorite|Technician|BugBite,BulletPunch,Protect,SwordsDance|Adamant||M|||50|]Liepard||FocusSash|Prankster|Taunt,Encore,FakeOut,FoulPlay|Jolly||F|||50|]Sinistcha||SitrusBerry|Hospitality|MatchaGotcha,RagePowder,LifeDew,Protect|Calm|||||50|]Krookodile||RoseliBerry|Intimidate|Earthquake,IronHead,CloseCombat,Protect|Jolly||F|||50|
|
|t:|1784473483
|teamsize|p1|4
|teamsize|p2|4
|start
|switch|p1a: Big Red Button|Sylveon, L50, F, shiny|100/100
|switch|p1b: NEO|Banette, L50, M|100/100
|switch|p2a: Lea|Liepard, L50, F|100/100
|switch|p2b: 1945|Rotom-Heat, L50|100/100
|-item|p2a: Lea|Focus Sash|[from] ability: Frisk|[of] p1b: NEO
|-item|p2b: 1945|Choice Scarf|[from] ability: Frisk|[of] p1b: NEO
|turn|1
|
|t:|1784473584
|detailschange|p1b: NEO|Banette-Mega, L50, M
|-mega|p1b: NEO|Banette|Banettite
|move|p2a: Lea|Fake Out|p1a: Big Red Button
|-damage|p1a: Big Red Button|86/100
|move|p1b: NEO|Encore|p2a: Lea
|-hint|Since gen 7, Dark is immune to Prankster moves.
|-immune|p2a: Lea
|move|p2b: 1945|Volt Switch|p1a: Big Red Button
|-damage|p1a: Big Red Button|63/100
|c|☆harrybxrry|oh right
|
|t:|1784473607
|switch|p2b: Asbel|Sceptile, L50, M|100/100|[from] Volt Switch
|cant|p1a: Big Red Button|flinch
|
|upkeep
|turn|2
|
|t:|1784473655
|switch|p1b: Wolfe|Incineroar, L50, M|100/100
|-ability|p1b: Wolfe|Intimidate|boost
|-unboost|p2a: Lea|atk|1
|-unboost|p2b: Asbel|atk|1
|detailschange|p2b: Asbel|Sceptile-Mega, L50, M
|-mega|p2b: Asbel|Sceptile|Sceptilite
|move|p2b: Asbel|Leaf Storm|p1a: Big Red Button
|-damage|p1a: Big Red Button|2/100
|-unboost|p2b: Asbel|spa|2
|move|p2a: Lea|Foul Play|p1a: Big Red Button
|-resisted|p1a: Big Red Button|1
|-damage|p1a: Big Red Button|0 fnt
|faint|p1a: Big Red Button
|
|upkeep
|
|t:|1784473677
|switch|p1a: NEO|Banette-Mega, L50, M|100/100
|turn|3
|
|t:|1784473755
|switch|p2a: Lipton|Sinistcha, L50|100/100
|move|p2b: Asbel|Protect|p2b: Asbel
|-singleturn|p2b: Asbel|Protect
|move|p1a: NEO|Poltergeist|p2b: Asbel
|-activate|p2b: Asbel|move: Protect
|move|p1b: Wolfe|Flare Blitz|p2a: Lipton
|-supereffective|p2a: Lipton|1
|-damage|p2a: Lipton|29/100
|-enditem|p2a: Lipton|Sitrus Berry|[eat]
|-heal|p2a: Lipton|53/100|[from] item: Sitrus Berry
|-damage|p1b: Wolfe|79/100|[from] Recoil
|
|upkeep
|turn|4
|
|t:|1784473792
|switch|p2b: Lea|Liepard, L50, F|100/100
|switch|p2a: 1945|Rotom-Heat, L50|100/100
|move|p1a: NEO|Poltergeist|p2b: Lea
|-activate|p2b: Lea|move: Poltergeist|Focus Sash
|-resisted|p2b: Lea|1
|-damage|p2b: Lea|17/100
|move|p1b: Wolfe|Darkest Lariat|p2a: 1945
|-damage|p2a: 1945|60/100
|
|upkeep
|turn|5
|
|t:|1784473816
|move|p2a: 1945|Volt Switch|p1b: Wolfe
|-damage|p1b: Wolfe|54/100
|
|t:|1784473820
|switch|p2a: Lipton|Sinistcha, L50|53/100|[from] Volt Switch
|-heal|p2b: Lea|41/100|[from] ability: Hospitality|[of] p2a: Lipton
|move|p2b: Lea|Foul Play|p1a: NEO
|-supereffective|p1a: NEO|1
|-damage|p1a: NEO|0 fnt
|faint|p1a: NEO
|move|p1b: Wolfe|Flare Blitz|p2b: Lea
|-damage|p2b: Lea|0 fnt
|faint|p2b: Lea
|-damage|p1b: Wolfe|45/100|[from] Recoil
|-enditem|p1b: Wolfe|Sitrus Berry|[eat]
|-heal|p1b: Wolfe|70/100|[from] item: Sitrus Berry
|
|upkeep
|
|t:|1784473837
|switch|p2b: Asbel|Sceptile-Mega, L50, M|100/100
|switch|p1a: Sally|Orthworm, L50, F|100/100
|turn|6
|
|t:|1784473869
|move|p2b: Asbel|Focus Blast|p1b: Wolfe|[miss]
|-miss|p2b: Asbel|p1b: Wolfe
|move|p2a: Lipton|Matcha Gotcha|p1b: Wolfe|[spread] p1a,p1b
|-resisted|p1a: Sally|1
|-resisted|p1b: Wolfe|1
|-damage|p1a: Sally|86/100
|-heal|p2a: Lipton|60/100|[from] drain|[of] p1a: Sally
|-damage|p1b: Wolfe|61/100
|-heal|p2a: Lipton|65/100|[from] drain|[of] p1b: Wolfe
|move|p1a: Sally|Heavy Slam|p2b: Asbel
|-damage|p2b: Asbel|42/100
|move|p1b: Wolfe|Flare Blitz|p2a: Lipton
|-supereffective|p2a: Lipton|1
|-crit|p2a: Lipton
|-damage|p2a: Lipton|0 fnt
|faint|p2a: Lipton
|-damage|p1b: Wolfe|42/100|[from] Recoil
|
|upkeep
|
|t:|1784473883
|switch|p2a: 1945|Rotom-Heat, L50|60/100
|turn|7
|
|t:|1784473897
|move|p2b: Asbel|Earth Power|p1b: Wolfe
|-supereffective|p1b: Wolfe|1
|-damage|p1b: Wolfe|0 fnt
|faint|p1b: Wolfe
|move|p2a: 1945|Overheat|p1a: Sally
|-supereffective|p1a: Sally|1
|-enditem|p1a: Sally|Occa Berry|[eat]
|-enditem|p1a: Sally|Occa Berry|[weaken]
|-damage|p1a: Sally|21/100
|-unboost|p2a: 1945|spa|2
|move|p1a: Sally|Heavy Slam|p2b: Asbel
|-crit|p2b: Asbel
|-damage|p2b: Asbel|0 fnt
|faint|p2b: Asbel
|
|upkeep
|turn|8
|
|t:|1784473911
|move|p2a: 1945|Overheat|p1a: Sally
|-supereffective|p1a: Sally|1
|-damage|p1a: Sally|0 fnt
|-unboost|p2a: 1945|spa|2
|faint|p1a: Sally
|
|win|Alex Blader
||Alex Blader is ready for game 3.
