|j|☆b1kope
|j|☆Daniw9
|html|b1kopeDaniw9    
|uhtml|bestof|Game 1 of a best-of-3
|t:|1756517933
|gametype|doubles
|player|p1|b1kope|2|1190
|player|p2|Daniw9|170|1168
|gen|9
|tier|[Gen 9] VGC 2025 Reg H (Bo3)
|rated|
|rule|Species Clause: Limit one of each Pokémon
|rule|Item Clause: Limit 1 of each item
|clearpoke
|poke|p1|Gholdengo, L50|
|poke|p1|Talonflame, L50, F|
|poke|p1|Dragapult, L50, M|
|poke|p1|Annihilape, L50, F|
|poke|p1|Baxcalibur, L50, M|
|poke|p1|Gastrodon, L50, F|
|poke|p2|Garchomp, L50, M|
|poke|p2|Tyranitar, L50, F|
|poke|p2|Delphox, L50, M|
|poke|p2|Indeedee-F, L50, F|
|poke|p2|Gallade, L50, M|
|poke|p2|Whimsicott, L50, M|
|teampreview|4
|showteam|p1|Gholdengo||ChoiceSpecs|GoodasGold|MakeItRain,ShadowBall,Thunderbolt,Trick||||||50|,,,,,Steel]Talonflame||FocusSash|GaleWings|BraveBird,Tailwind,Taunt,WillOWisp|||F|||50|,,,,,Ghost]Dragapult||ChoiceBand|ClearBody|DragonDarts,Outrage,Uturn,TeraBlast|||M|||50|,,,,,Ghost]Annihilape||Leftovers|Defiant|DrainPunch,RageFist,BulkUp,Protect|||F|||50|,,,,,Fire]Baxcalibur||LoadedDice|ThermalExchange|IcicleSpear,ScaleShot,IceShard,Protect|||M|||50|,,,,,Ice]Gastrodon||SitrusBerry|StormDrain|MuddyWater,Yawn,EarthPower,Protect|||F|||50|,,,,,Fire
|showteam|p2|Garchomp||LifeOrb|SandVeil|Earthquake,StompingTantrum,Protect,DragonClaw|||M|||50|,,,,,Steel]Tyranitar||AssaultVest|SandStream|RockSlide,TeraBlast,KnockOff,LowKick|||F|||50|,,,,,Flying]Delphox||PsychicSeed|Magician|ExpandingForce,HeatWave,TeraBlast,Protect|||M|||50|,,,,,Fairy]Indeedee-F||SafetyGoggles|PsychicSurge|DazzlingGleam,TrickRoom,FollowMe,HelpingHand|||F|||50|,,,,,Water]Gallade||ClearAmulet|Sharpness|SacredSword,PsychoCut,TrickRoom,Protect|||M|||50|,,,,,Grass]Whimsicott||CovertCloak|Prankster|Moonblast,Tailwind,Encore,Protect|||M|||50|,,,,,Ghost
|inactive|Battle timer is ON: inactive players will automatically lose when time's up. (requested by b1kope)
|
|t:|1756517966
|teamsize|p1|4
|teamsize|p2|4
|start
|switch|p1a: Talonflame|Talonflame, L50, F|100/100
|switch|p1b: Gholdengo|Gholdengo, L50|100/100
|switch|p2a: Indeedee|Indeedee-F, L50, F|100/100
|switch|p2b: Delphox|Delphox, L50, M|100/100
|-fieldstart|move: Psychic Terrain|[from] ability: Psychic Surge|[of] p2a: Indeedee
|-enditem|p2b: Delphox|Psychic Seed
|-boost|p2b: Delphox|spd|1|[from] item: Psychic Seed
|turn|1
|inactive|b1kope has 30 seconds left.
|inactive|b1kope has 20 seconds left.
|
|t:|1756518005
|-terastallize|p1b: Gholdengo|Steel
|move|p2a: Indeedee|Follow Me|p2a: Indeedee
|-singleturn|p2a: Indeedee|move: Follow Me
|move|p1a: Talonflame|Tailwind|p1a: Talonflame
|-sidestart|p1: b1kope|move: Tailwind
|move|p1b: Gholdengo|Make It Rain|p2b: Delphox|[spread] p2a,p2b
|-resisted|p2b: Delphox
|-damage|p2a: Indeedee|11/100
|-damage|p2b: Delphox|65/100
|-unboost|p1b: Gholdengo|spa|1
|move|p2b: Delphox|Heat Wave|p1a: Talonflame|[spread] p1a,p1b
|-resisted|p1a: Talonflame
|-supereffective|p1b: Gholdengo
|-damage|p1a: Talonflame|75/100
|-damage|p1b: Gholdengo|14/100
|-status|p1b: Gholdengo|brn
|-item|p2b: Delphox|Focus Sash|[from] ability: Magician|[of] p1a: Talonflame
|
|-damage|p1b: Gholdengo|8/100 brn|[from] brn
|upkeep
|turn|2
|inactive|Daniw9 has 30 seconds left.
|inactive|Daniw9 has 20 seconds left.
|inactive|Daniw9 has 15 seconds left.
|inactive|Daniw9 has 10 seconds left.
|inactive|Daniw9 has 5 seconds left.
|
|t:|1756518055
|move|p2a: Indeedee|Follow Me|p2a: Indeedee
|-singleturn|p2a: Indeedee|move: Follow Me
|move|p1a: Talonflame|Brave Bird|p2a: Indeedee
|-damage|p2a: Indeedee|0 fnt
|faint|p2a: Indeedee
|-damage|p1a: Talonflame|71/100|[from] Recoil
|move|p1b: Gholdengo|Make It Rain|p2b: Delphox
|-resisted|p2b: Delphox
|-damage|p2b: Delphox|30/100
|-unboost|p1b: Gholdengo|spa|1
|move|p2b: Delphox|Expanding Force|p1b: Gholdengo|[spread] p1a,p1b
|-resisted|p1b: Gholdengo
|-damage|p1a: Talonflame|0 fnt
|-damage|p1b: Gholdengo|0 fnt
|faint|p1a: Talonflame
|faint|p1b: Gholdengo
|
|upkeep
|
|t:|1756518074
|switch|p1a: Dragapult|Dragapult, L50, M|100/100
|switch|p1b: Baxcalibur|Baxcalibur, L50, M|100/100
|switch|p2a: Gallade|Gallade, L50, M|100/100
|turn|3
|
|t:|1756518091
|switch|p2a: Tyranitar|Tyranitar, L50, F|100/100
|-weather|Sandstorm|[from] ability: Sand Stream|[of] p2a: Tyranitar
|-terastallize|p2b: Delphox|Fairy
|move|p1a: Dragapult|Dragon Darts|p2a: Tyranitar
|-damage|p2a: Tyranitar|66/100
|-anim|p1a: Dragapult|Dragon Darts|p2a: Tyranitar
|-damage|p2a: Tyranitar|36/100
|move|p1b: Baxcalibur|Icicle Spear|p2a: Tyranitar
|-damage|p2a: Tyranitar|26/100
|-crit|p2a: Tyranitar
|-damage|p2a: Tyranitar|8/100
|-damage|p2a: Tyranitar|0 fnt
|faint|p2a: Tyranitar
|-hitcount|p2: Tyranitar|3
|move|p2b: Delphox|Expanding Force|p1a: Dragapult|[spread] p1a,p1b
|-damage|p1a: Dragapult|30/100
|-damage|p1b: Baxcalibur|44/100
|
|-weather|Sandstorm|[upkeep]
|-damage|p1a: Dragapult|24/100|[from] Sandstorm
|-damage|p1b: Baxcalibur|38/100|[from] Sandstorm
|-damage|p2b: Delphox|24/100|[from] Sandstorm
|upkeep
|
|t:|1756518111
|switch|p2a: Gallade|Gallade, L50, M|100/100
|turn|4
|
|t:|1756518120
|move|p2b: Delphox|Protect|p2b: Delphox
|-singleturn|p2b: Delphox|Protect
|move|p2a: Gallade|Protect|p2a: Gallade
|-singleturn|p2a: Gallade|Protect
|move|p1a: Dragapult|Dragon Darts|p2a: Gallade
|-activate|p2b: Delphox|move: Protect
|move|p1b: Baxcalibur|Icicle Spear|p2b: Delphox
|-activate|p2b: Delphox|move: Protect
|
|-weather|Sandstorm|[upkeep]
|-damage|p1a: Dragapult|18/100|[from] Sandstorm
|-damage|p1b: Baxcalibur|32/100|[from] Sandstorm
|-damage|p2b: Delphox|18/100|[from] Sandstorm
|-damage|p2a: Gallade|95/100|[from] Sandstorm
|-sideend|p1: b1kope|move: Tailwind
|upkeep
|turn|5
|
|t:|1756518129
|move|p1a: Dragapult|Dragon Darts|p2a: Gallade
|-damage|p2a: Gallade|40/100
|-anim|p1a: Dragapult|Dragon Darts|p2a: Gallade
|-damage|p2a: Gallade|0 fnt
|faint|p2a: Gallade
|move|p2b: Delphox|Expanding Force|p1b: Baxcalibur|[spread] p1a,p1b
|-damage|p1a: Dragapult|0 fnt
|-damage|p1b: Baxcalibur|0 fnt
|faint|p1a: Dragapult
|faint|p1b: Baxcalibur
|
|win|Daniw9
||Daniw9 is ready for game 2.
|inactive|b1kope has 30 seconds to confirm battle start!
||b1kope is ready for game 2.
|uhtml|next|Next: Game 2 of 3
