|j|☆Hudie EU
|j|☆lysha
|html|Hudie EUlysha    
|uhtml|bestof|Game 1 of a best-of-3
|t:|1782483513
|gametype|doubles
|player|p1|Hudie EU|hilda|
|player|p2|lysha|parasollady|
|gen|9
|tier|[Gen 9 Champions] VGC 2026 Reg M-B (Bo3)
|rule|Species Clause: Limit one of each Pokémon
|rule|Item Clause: Limit 1 of each item
|clearpoke
|poke|p1|Milotic, L50, M, shiny|
|poke|p1|Sinistcha, L50, shiny|
|poke|p1|Delphox, L50, F, shiny|
|poke|p1|Sneasler, L50, F, shiny|
|poke|p1|Kingambit, L50, M, shiny|
|poke|p1|Raichu, L50, M, shiny|
|poke|p2|Gholdengo, L50|
|poke|p2|Floette-Eternal, L50, F|
|poke|p2|Whimsicott, L50, M|
|poke|p2|Farigiraf, L50, F|
|poke|p2|Incineroar, L50, F|
|poke|p2|Swampert, L50, M|
|teampreview|4
|showteam|p1|Milotic||Leftovers|Competitive|Coil,Hypnosis,MuddyWater,LifeDew|Calm||M|||50|]Sinistcha||KasibBerry|Hospitality|Hex,LifeDew,Protect,RagePowder|Bold|||||50|]Delphox||Delphoxite|Blaze|NastyPlot,HeatWave,Psyshock,Protect|Timid||F|||50|]Sneasler||FocusSash|Unburden|FakeOut,CloseCombat,Coaching,DireClaw|Jolly||F|||50|]Kingambit||BlackGlasses|Defiant|KowtowCleave,SuckerPunch,SwordsDance,Protect|Adamant||M|||50|]Raichu||RaichuniteY|LightningRod|ZapCannon,FocusBlast,Protect,FakeOut|Modest||M|||50|
|showteam|p2|Gholdengo||LifeOrb|GoodasGold|MakeItRain,ShadowBall,NastyPlot,Protect|Modest|||||50|]Floette-Eternal||Floettite|FlowerVeil|Moonblast,LightofRuin,DazzlingGleam,Protect|Modest||F|||50|]Whimsicott||FocusSash|Prankster|Moonblast,Tailwind,Encore,Protect|Timid||M|||50|]Farigiraf||ColburBerry|ArmorTail|Psychic,TrickRoom,HelpingHand,Protect|Sassy||F|||50|]Incineroar||Charcoal|Intimidate|FakeOut,FlareBlitz,ThroatChop,PartingShot|Adamant||F|||50|]Swampert||Swampertite|Torrent|WaveCrash,HighHorsepower,Protect,RockSlide|Adamant||M|||50|
|inactive|Battle timer is ON: inactive players will automatically lose when time's up. (requested by Hudie EU)
|inactive|lysha also wants the timer to be on.
|c|☆lysha|glhf!
|c|☆Hudie EU|you too
|j| LunarMageMystia
|j| Autin Mago
|c| Autin Mago|Go team
|inactive|Hudie EU has 60 seconds left.
|inactive|lysha has 60 seconds left.
|
|t:|1782483570
|teamsize|p1|4
|teamsize|p2|4
|start
|switch|p1a: SpD O'Toole|Milotic, L50, M, shiny|100/100
|switch|p1b: Gambling!!!|Sneasler, L50, F, shiny|100/100
|switch|p2a: Farigiraf|Farigiraf, L50, F|100/100
|switch|p2b: Incineroar|Incineroar, L50, F|100/100
|-ability|p2b: Incineroar|Intimidate|boost
|-unboost|p1a: SpD O'Toole|atk|1
|-ability|p1a: SpD O'Toole|Competitive|boost
|-boost|p1a: SpD O'Toole|spa|2
|-unboost|p1b: Gambling!!!|atk|1
|turn|1
|j| Kefastra
|
|t:|1782483588
|move|p2b: Incineroar|Fake Out|p1a: SpD O'Toole
|-damage|p1a: SpD O'Toole|88/100
|move|p1b: Gambling!!!|Coaching|p1a: SpD O'Toole
|-boost|p1a: SpD O'Toole|atk|1
|-boost|p1a: SpD O'Toole|def|1
|cant|p1a: SpD O'Toole|flinch
|move|p2a: Farigiraf|Trick Room|p2a: Farigiraf
|-fieldstart|move: Trick Room|[of] p2a: Farigiraf
|
|-heal|p1a: SpD O'Toole|94/100|[from] item: Leftovers
|upkeep
|turn|2
|
|t:|1782483607
|move|p2a: Farigiraf|Psychic|p1a: SpD O'Toole
|-damage|p1a: SpD O'Toole|70/100
|move|p2b: Incineroar|Parting Shot|p1b: Gambling!!!
|-unboost|p1b: Gambling!!!|atk|1
|-unboost|p1b: Gambling!!!|spa|1
|
|t:|1782483625
|switch|p2b: Gholdengo|Gholdengo, L50|100/100|[from] Parting Shot
|move|p1a: SpD O'Toole|Coil|p1a: SpD O'Toole
|-boost|p1a: SpD O'Toole|atk|1
|-boost|p1a: SpD O'Toole|def|1
|-boost|p1a: SpD O'Toole|accuracy|1
|move|p1b: Gambling!!!|Close Combat|p2b: Gholdengo
|-immune|p2b: Gholdengo
|
|-heal|p1a: SpD O'Toole|76/100|[from] item: Leftovers
|upkeep
|turn|3
|
|t:|1782483646
|switch|p1b: King to G8|Kingambit, L50, M, shiny|100/100
|move|p2a: Farigiraf|Psychic|p1a: SpD O'Toole
|-damage|p1a: SpD O'Toole|52/100
|move|p1a: SpD O'Toole|Life Dew||[still]|[spread] p1a,p1b
|-heal|p1a: SpD O'Toole|77/100
|-fail|p1b: King to G8|heal
|move|p2b: Gholdengo|Shadow Ball|p1a: SpD O'Toole
|-damage|p1a: SpD O'Toole|42/100
|-damage|p2b: Gholdengo|90/100|[from] item: Life Orb
|
|-heal|p1a: SpD O'Toole|48/100|[from] item: Leftovers
|upkeep
|turn|4
|
|t:|1782483671
|move|p1b: King to G8|Kowtow Cleave|p2b: Gholdengo
|-supereffective|p2b: Gholdengo|1
|-damage|p2b: Gholdengo|0 fnt
|faint|p2b: Gholdengo
|move|p2a: Farigiraf|Psychic|p1a: SpD O'Toole
|-damage|p1a: SpD O'Toole|24/100
|-unboost|p1a: SpD O'Toole|spd|1
|-ability|p1a: SpD O'Toole|Competitive|boost
|-boost|p1a: SpD O'Toole|spa|2
|move|p1a: SpD O'Toole|Hypnosis|p2a: Farigiraf
|-status|p2a: Farigiraf|slp|[from] move: Hypnosis
|
|-heal|p1a: SpD O'Toole|30/100|[from] item: Leftovers
|upkeep
|
|t:|1782483683
|switch|p2b: Swampert|Swampert, L50, M|100/100
|turn|5
|
|t:|1782483708
|detailschange|p2b: Swampert|Swampert-Mega, L50, M
|-mega|p2b: Swampert|Swampert|Swampertite
|move|p2b: Swampert|Protect|p2b: Swampert
|-singleturn|p2b: Swampert|Protect
|move|p1b: King to G8|Swords Dance|p1b: King to G8
|-boost|p1b: King to G8|atk|2
|cant|p2a: Farigiraf|slp
|move|p1a: SpD O'Toole|Hypnosis|p2b: Swampert
|-activate|p2b: Swampert|move: Protect
|
|-heal|p1a: SpD O'Toole|36/100|[from] item: Leftovers
|-fieldend|move: Trick Room
|upkeep
|turn|6
|
|t:|1782483726
|cant|p2a: Farigiraf|slp
|move|p1b: King to G8|Protect|p1b: King to G8
|-singleturn|p1b: King to G8|Protect
|move|p2b: Swampert|High Horsepower|p1a: SpD O'Toole
|-damage|p1a: SpD O'Toole|12/100
|move|p1a: SpD O'Toole|Hypnosis|p2b: Swampert
|-status|p2b: Swampert|slp|[from] move: Hypnosis
|
|-heal|p1a: SpD O'Toole|18/100|[from] item: Leftovers
|upkeep
|turn|7
|
|t:|1782483741
|switch|p2b: Incineroar|Incineroar, L50, F|100/100
|-ability|p2b: Incineroar|Intimidate|boost
|-unboost|p1a: SpD O'Toole|atk|1
|-ability|p1a: SpD O'Toole|Competitive|boost
|-boost|p1a: SpD O'Toole|spa|2
|-unboost|p1b: King to G8|atk|1
|-ability|p1b: King to G8|Defiant|boost
|-boost|p1b: King to G8|atk|2
|move|p1a: SpD O'Toole|Life Dew||[still]|[spread] p1a,p1b
|-heal|p1a: SpD O'Toole|44/100
|-fail|p1b: King to G8|heal
|-curestatus|p2a: Farigiraf|slp|[msg]
|move|p2a: Farigiraf|Psychic|p1a: SpD O'Toole
|-damage|p1a: SpD O'Toole|8/100
|move|p1b: King to G8|Kowtow Cleave|p2a: Farigiraf
|-supereffective|p2a: Farigiraf|1
|-enditem|p2a: Farigiraf|Colbur Berry|[eat]
|-enditem|p2a: Farigiraf|Colbur Berry|[weaken]
|-damage|p2a: Farigiraf|0 fnt
|faint|p2a: Farigiraf
|
|-heal|p1a: SpD O'Toole|14/100|[from] item: Leftovers
|upkeep
|
|t:|1782483759
|switch|p2a: Swampert|Swampert-Mega, L50, M|100/100 slp
|turn|8
|inactive|Hudie EU has 30 seconds left.
|
|t:|1782483792
|cant|p2a: Swampert|slp
|move|p2b: Incineroar|Fake Out|p1a: SpD O'Toole
|-damage|p1a: SpD O'Toole|8/100
|cant|p1a: SpD O'Toole|flinch
|move|p1b: King to G8|Kowtow Cleave|p2a: Swampert
|-damage|p2a: Swampert|0 fnt
|faint|p2a: Swampert
|
|-heal|p1a: SpD O'Toole|14/100|[from] item: Leftovers
|upkeep
|turn|9
|
|t:|1782483801
|move|p1a: SpD O'Toole|Muddy Water|p2b: Incineroar
|-supereffective|p2b: Incineroar|1
|-damage|p2b: Incineroar|0 fnt
|faint|p2b: Incineroar
|
|win|Hudie EU
||lysha is ready for game 2.
||Hudie EU is ready for game 2.
|uhtml|next|Next: Game 2 of 3
|j| Muphry
|l| Muphry
|j| Muphry
|l| Autin Mago
|l| Muphry
|l| LunarMageMystia
