|j|☆bpecina03
|j|☆Crying Flurmels
|html|bpecina03Crying Flurmels    
|uhtml|bestof|Game 2 of a best-of-3
|t:|1756592207
|gametype|doubles
|player|p1|bpecina03|170|
|player|p2|Crying Flurmels|102|
|gen|9
|tier|[Gen 9] VGC 2025 Reg H (Bo3)
|rule|Species Clause: Limit one of each Pokémon
|rule|Item Clause: Limit 1 of each item
|clearpoke
|poke|p1|Dragonite, L50, M|
|poke|p1|Kingambit, L50, M|
|poke|p1|Rillaboom, L50, F|
|poke|p1|Clefable, L50, F|
|poke|p1|Archaludon, L50, F|
|poke|p1|Sneasler, L50, F|
|poke|p2|Murkrow, L50, M|
|poke|p2|Volcarona, L50, M|
|poke|p2|Sneasler, L50, M|
|poke|p2|Kingambit, L50, F|
|poke|p2|Dragonite, L50, F|
|poke|p2|Rillaboom, L50, F|
|teampreview|4
|showteam|p1|Dragonite||LoadedDice|InnerFocus|ScaleShot,ExtremeSpeed,Protect,Tailwind|||M|||50|,,,,,Fairy]Kingambit||BlackGlasses|Defiant|Protect,KowtowCleave,SwordsDance,SuckerPunch|||M|||50|,,,,,Dark]Rillaboom||AssaultVest|GrassySurge|FakeOut,WoodHammer,GrassyGlide,Uturn|||F|||50|,,,,,Water]Clefable||SafetyGoggles|MagicGuard|FollowMe,DazzlingGleam,Protect,Encore|||F|||50|,,,,,Psychic]Archaludon||PowerHerb|Stamina|BodyPress,FlashCannon,ElectroShot,Protect|||F|||50|,,,,,Steel]Sneasler||FocusSash|Pressure|FakeOut,CloseCombat,DireClaw,Protect|||F|||50|,,,,,Stellar
|showteam|p2|Murkrow||Eviolite|Prankster|FoulPlay,Tailwind,Haze,SunnyDay|||M|||50|,,,,,Ghost]Volcarona||CovertCloak|FlameBody|HeatWave,TeraBlast,QuiverDance,Protect|||M|||50|,,,,,Water]Sneasler||GrassySeed|Unburden|DireClaw,CloseCombat,Protect,Coaching|||M|||50|,,,,,Stellar]Kingambit||BlackGlasses|Defiant|KowtowCleave,SuckerPunch,SwordsDance,Protect|||F|||50|,,,,,Dark]Dragonite||ChoiceBand|InnerFocus|Outrage,StompingTantrum,LowKick,ExtremeSpeed|||F|||50|,,,,,Normal]Rillaboom||MiracleSeed|GrassySurge|WoodHammer,GrassyGlide,Uturn,FakeOut|||F|||50|,,,,,Fire
|
|t:|1756592246
|teamsize|p1|4
|teamsize|p2|4
|start
|switch|p1a: Clefable|Clefable, L50, F|100/100
|switch|p1b: Sneasler|Sneasler, L50, F|100/100
|switch|p2a: Murkrow|Murkrow, L50, M|100/100
|switch|p2b: Volcarona|Volcarona, L50, M|100/100
|-ability|p1b: Sneasler|Pressure
|turn|1
|
|t:|1756592267
|move|p1b: Sneasler|Dire Claw|p2b: Volcarona
|-damage|p2b: Volcarona|49/100
|move|p2b: Volcarona|Heat Wave|p1a: Clefable|[spread] p1a,p1b
|-damage|p1a: Clefable|68/100
|-damage|p1b: Sneasler|50/100
|move|p2a: Murkrow|Foul Play|p1b: Sneasler
|-resisted|p1b: Sneasler
|-damage|p1b: Sneasler|6/100
|move|p1a: Clefable|Encore|p2b: Volcarona
|-start|p2b: Volcarona|Encore
|
|upkeep
|turn|2
|
|t:|1756592283
|move|p1a: Clefable|Follow Me|p1a: Clefable
|-singleturn|p1a: Clefable|move: Follow Me
|move|p2a: Murkrow|Tailwind|p2a: Murkrow
|-sidestart|p2: Crying Flurmels|move: Tailwind
|move|p2b: Volcarona|Heat Wave|p1a: Clefable|[spread] p1a,p1b
|-damage|p1a: Clefable|36/100
|-damage|p1b: Sneasler|0 fnt
|faint|p1b: Sneasler
|
|upkeep
|
|t:|1756592290
|switch|p1b: Kingambit|Kingambit, L50, M|100/100
|turn|3
|
|t:|1756592311
|switch|p2b: Sneasler|Sneasler, L50, M|100/100
|-terastallize|p1b: Kingambit|Dark
|move|p1a: Clefable|Follow Me|p1a: Clefable
|-singleturn|p1a: Clefable|move: Follow Me
|move|p1b: Kingambit|Sucker Punch||[still]
|-fail|p1b: Kingambit
|move|p2a: Murkrow|Foul Play|p1a: Clefable
|-resisted|p1a: Clefable
|-damage|p1a: Clefable|29/100
|
|upkeep
|turn|4
|
|t:|1756592338
|move|p2b: Sneasler|Close Combat|p1b: Kingambit
|-supereffective|p1b: Kingambit
|-damage|p1b: Kingambit|13/100
|-unboost|p2b: Sneasler|def|1
|-unboost|p2b: Sneasler|spd|1
|move|p2a: Murkrow|Foul Play|p1b: Kingambit
|-resisted|p1b: Kingambit
|-damage|p1b: Kingambit|0 fnt
|faint|p1b: Kingambit
|move|p1a: Clefable|Dazzling Gleam|p2b: Sneasler|[spread] p2a,p2b
|-supereffective|p2a: Murkrow
|-damage|p2a: Murkrow|56/100
|-damage|p2b: Sneasler|58/100
|
|upkeep
|c|☆bpecina03|gg
|
|t:|1756592350
|switch|p1b: Archaludon|Archaludon, L50, F|100/100
|turn|5
|
|t:|1756592359
|move|p2a: Murkrow|Sunny Day|p2a: Murkrow
|-weather|SunnyDay
|move|p2b: Sneasler|Dire Claw|p1a: Clefable
|-supereffective|p1a: Clefable
|-damage|p1a: Clefable|0 fnt
|faint|p1a: Clefable
|move|p1b: Archaludon|Flash Cannon|p2b: Sneasler
|-damage|p2b: Sneasler|0 fnt
|faint|p2b: Sneasler
|
|-weather|SunnyDay|[upkeep]
|-sideend|p2: Crying Flurmels|move: Tailwind
|upkeep
|
|t:|1756592368
|switch|p2b: Volcarona|Volcarona, L50, M|49/100
|turn|6
|
|t:|1756592375
|move|p2a: Murkrow|Tailwind|p2a: Murkrow
|-sidestart|p2: Crying Flurmels|move: Tailwind
|move|p2b: Volcarona|Heat Wave|p1b: Archaludon
|-damage|p1b: Archaludon|11/100
|-ability|p1b: Archaludon|Stamina|boost
|-boost|p1b: Archaludon|def|1
|move|p1b: Archaludon|Electro Shot||[still]
|-prepare|p1b: Archaludon|Electro Shot
|-boost|p1b: Archaludon|spa|1
|-enditem|p1b: Archaludon|Power Herb
|-anim|p1b: Archaludon|Electro Shot|p2b: Volcarona
|-damage|p2b: Volcarona|0 fnt
|faint|p2b: Volcarona
|
|-weather|SunnyDay|[upkeep]
|upkeep
|
|t:|1756592383
|switch|p2b: Kingambit|Kingambit, L50, F|100/100
|turn|7
|
|t:|1756592390
|move|p2b: Kingambit|Sucker Punch|p1b: Archaludon
|-damage|p1b: Archaludon|0 fnt
|faint|p1b: Archaludon
|
|win|Crying Flurmels
|l|☆bpecina03
|player|p1|
