|j|☆alexshyness
|j|☆Victir987
|html|alexshynessVictir987    
|uhtml|bestof|Game 1 of a best-of-3
|t:|1783123648
|gametype|doubles
|player|p1|alexshyness|lass-gen4dp|
|player|p2|Victir987|cynthia|
|gen|9
|tier|[Gen 9 Champions] VGC 2026 Reg M-B (Bo3)
|rule|Species Clause: Limit one of each Pokémon
|rule|Item Clause: Limit 1 of each item
|clearpoke
|poke|p1|Floette-Eternal, L50, F|
|poke|p1|Incineroar, L50, M|
|poke|p1|Sinistcha, L50|
|poke|p1|Sneasler, L50, M|
|poke|p1|Basculegion, L50, M|
|poke|p1|Kingambit, L50, F|
|poke|p2|Charizard, L50, M|
|poke|p2|Farigiraf, L50, M|
|poke|p2|Kingambit, L50, F|
|poke|p2|Aerodactyl, L50, M|
|poke|p2|Sylveon, L50, F|
|poke|p2|Garchomp, L50, M|
|teampreview|4
|showteam|p1|Floette-Eternal||Floettite|FlowerVeil|Protect,DazzlingGleam,DrainingKiss,CalmMind|Timid||F|||50|]Incineroar||SitrusBerry|Intimidate|FakeOut,FlareBlitz,PartingShot,HelpingHand|Careful||M|||50|]Sinistcha||FocusSash|Hospitality|Protect,MatchaGotcha,RagePowder,ShadowBall|Modest|||||50|]Sneasler||WhiteHerb|Unburden|Protect,CloseCombat,DireClaw,FakeOut|Adamant||M|||50|]Basculegion||ChoiceScarf|Adaptability|WaveCrash,LastRespects,FlipTurn,AquaJet|Jolly||M|||50|]Kingambit||BlackGlasses|Defiant|Protect,KowtowCleave,SuckerPunch,SwordsDance|Adamant||F|||50|
|showteam|p2|Charizard||CharizarditeY|Blaze|SolarBeam,HeatWave,Protect,WeatherBall|Modest||M|||50|]Farigiraf||SitrusBerry|ArmorTail|TwinBeam,Thunderbolt,TrickRoom,SunnyDay|Relaxed||M|||50|]Kingambit||FocusSash|Defiant|IronHead,LowKick,SuckerPunch,KowtowCleave|Adamant||F|||50|]Aerodactyl||Aerodactylite|Unnerve|RockSlide,DualWingbeat,IceFang,Tailwind|Jolly||M|||50|]Sylveon||FairyFeather|Pixilate|Detect,QuickAttack,HyperVoice,HyperBeam|Modest||F|||50|]Garchomp||LifeOrb|RoughSkin|Protect,DragonClaw,StompingTantrum,Earthquake|Jolly||M|||50|
|inactive|Battle timer is ON: inactive players will automatically lose when time's up. (requested by Victir987)
|c|☆Victir987|GL HF
|inactive|alexshyness has 60 seconds left.
|inactive|Victir987 has 60 seconds left.
|c|☆alexshyness|glhf
|inactive|Victir987 has 30 seconds left.
|inactive|Victir987 has 20 seconds left.
|inactive|Victir987 has 15 seconds left.
|inactive|Victir987 has 10 seconds left.
|
|t:|1783123734
|teamsize|p1|4
|teamsize|p2|4
|start
|switch|p1a: Floette|Floette-Eternal, L50, F|100/100
|switch|p1b: Sneasler|Sneasler, L50, M|100/100
|switch|p2a: Kingambit|Kingambit, L50, F|100/100
|switch|p2b: Aerodactyl|Aerodactyl, L50, M|100/100
|-ability|p2b: Aerodactyl|Unnerve
|turn|1
|inactive|alexshyness has 30 seconds left.
|inactive|Victir987 has 30 seconds left.
|inactive|alexshyness has 20 seconds left.
|inactive|Victir987 has 20 seconds left.
|
|t:|1783123772
|switch|p2a: Charizard|Charizard, L50, M|100/100
|detailschange|p1a: Floette|Floette-Mega, L50, F
|-mega|p1a: Floette|Floette|Floettite
|-ability|p1a: Floette|Fairy Aura
|move|p1b: Sneasler|Fake Out|p2a: Charizard
|-damage|p2a: Charizard|85/100
|move|p2b: Aerodactyl|Dual Wingbeat|p1b: Sneasler
|-supereffective|p1b: Sneasler|1
|-damage|p1b: Sneasler|49/100
|-supereffective|p1b: Sneasler|1
|-damage|p1b: Sneasler|0 fnt
|faint|p1b: Sneasler
|-hitcount|p1: Sneasler|2
|move|p1a: Floette|Dazzling Gleam|p2a: Charizard|[spread] p2a,p2b
|-resisted|p2a: Charizard|1
|-damage|p2a: Charizard|62/100
|-damage|p2b: Aerodactyl|53/100
|
|upkeep
|
|t:|1783123786
|switch|p1b: Incineroar|Incineroar, L50, M|100/100
|-ability|p1b: Incineroar|Intimidate|boost
|-unboost|p2a: Charizard|atk|1
|-unboost|p2b: Aerodactyl|atk|1
|turn|2
|inactive|Victir987 has 30 seconds left.
|inactive|Victir987 has 20 seconds left.
|
|t:|1783123824
|detailschange|p2a: Charizard|Charizard-Mega-Y, L50, M
|-mega|p2a: Charizard|Charizard|Charizardite Y
|-weather|SunnyDay|[from] ability: Drought|[of] p2a: Charizard
|move|p1b: Incineroar|Fake Out|p2b: Aerodactyl
|-resisted|p2b: Aerodactyl|1
|-crit|p2b: Aerodactyl
|-damage|p2b: Aerodactyl|42/100
|cant|p2b: Aerodactyl|flinch
|move|p1a: Floette|Calm Mind|p1a: Floette
|-boost|p1a: Floette|spa|1
|-boost|p1a: Floette|spd|1
|move|p2a: Charizard|Weather Ball|p1a: Floette
|-damage|p1a: Floette|56/100
|
|-weather|SunnyDay|[upkeep]
|upkeep
|turn|3
|j| triziateam
|
|t:|1783123846
|move|p1a: Floette|Protect|p1a: Floette
|-singleturn|p1a: Floette|Protect
|move|p2b: Aerodactyl|Rock Slide|p1b: Incineroar|[spread] p1b
|-activate|p1a: Floette|move: Protect
|-supereffective|p1b: Incineroar|1
|-damage|p1b: Incineroar|73/100
|move|p2a: Charizard|Weather Ball|p1a: Floette
|-activate|p1a: Floette|move: Protect
|move|p1b: Incineroar|Parting Shot|p2a: Charizard
|-unboost|p2a: Charizard|atk|1
|-unboost|p2a: Charizard|spa|1
|
|t:|1783123848
|switch|p1b: Sinistcha|Sinistcha, L50|100/100|[from] Parting Shot
|-heal|p1a: Floette|81/100|[from] ability: Hospitality|[of] p1b: Sinistcha
|
|-weather|SunnyDay|[upkeep]
|upkeep
|turn|4
|
|t:|1783123860
|switch|p2a: Sylveon|Sylveon, L50, F|100/100
|switch|p1b: Incineroar|Incineroar, L50, M|73/100
|-ability|p1b: Incineroar|Intimidate|boost
|-unboost|p2a: Sylveon|atk|1
|-unboost|p2b: Aerodactyl|atk|1
|move|p2b: Aerodactyl|Dual Wingbeat|p1b: Incineroar
|-damage|p1b: Incineroar|66/100
|-damage|p1b: Incineroar|60/100
|-hitcount|p1b: Incineroar|2
|move|p1a: Floette|Draining Kiss|p2b: Aerodactyl
|-crit|p2b: Aerodactyl
|-damage|p2b: Aerodactyl|0 fnt
|-heal|p1a: Floette|100/100|[from] drain|[of] p2b: Aerodactyl
|faint|p2b: Aerodactyl
|
|-weather|SunnyDay|[upkeep]
|upkeep
|inactive|Victir987 has 30 seconds left.
|
|t:|1783123894
|switch|p2b: Charizard|Charizard-Mega-Y, L50, M|62/100
|turn|5
|inactive|Victir987 has 30 seconds left.
|
|t:|1783123921
|move|p1b: Incineroar|Fake Out|p2a: Sylveon
|-damage|p2a: Sylveon|87/100
|move|p1a: Floette|Dazzling Gleam|p2b: Charizard|[spread] p2a,p2b
|-resisted|p2b: Charizard|1
|-damage|p2a: Sylveon|40/100
|-damage|p2b: Charizard|36/100
|move|p2b: Charizard|Heat Wave|p1b: Incineroar|[spread] p1a,p1b
|-resisted|p1b: Incineroar|1
|-damage|p1a: Floette|73/100
|-damage|p1b: Incineroar|37/100
|-enditem|p1b: Incineroar|Sitrus Berry|[eat]
|-heal|p1b: Incineroar|61/100|[from] item: Sitrus Berry
|cant|p2a: Sylveon|flinch
|
|-weather|SunnyDay|[upkeep]
|upkeep
|turn|6
|inactive|Victir987 has 30 seconds left.
|
|t:|1783123953
|move|p1b: Incineroar|Helping Hand|p1a: Floette
|-singleturn|p1a: Floette|Helping Hand|[of] p1b: Incineroar
|move|p1a: Floette|Dazzling Gleam|p2b: Charizard|[spread] p2a,p2b
|-resisted|p2b: Charizard|1
|-damage|p2a: Sylveon|0 fnt
|-damage|p2b: Charizard|0 fnt
|faint|p2a: Sylveon
|faint|p2b: Charizard
|
|-weather|none
|upkeep
|
|t:|1783123957
|switch|p2a: Kingambit|Kingambit, L50, F|100/100
|turn|7
|
|t:|1783123961
|move|p1a: Floette|Dazzling Gleam|p2a: Kingambit
|-damage|p2a: Kingambit|14/100
|move|p2a: Kingambit|Iron Head|p1a: Floette
|-supereffective|p1a: Floette|1
|-damage|p1a: Floette|0 fnt
|faint|p1a: Floette
|move|p1b: Incineroar|Flare Blitz|p2a: Kingambit
|-supereffective|p2a: Kingambit|1
|-damage|p2a: Kingambit|0 fnt
|faint|p2a: Kingambit
|-damage|p1b: Incineroar|57/100|[from] Recoil
|
|win|alexshyness
||alexshyness is ready for game 2.
|inactive|Victir987 has 30 seconds to confirm battle start!
||Victir987 is ready for game 2.
|uhtml|next|Next: Game 2 of 3
