|j|☆jacre22
|j|☆belinvgc
|html|jacre22belinvgc    
|uhtml|bestof|Game 1 of a best-of-3
|t:|1756680128
|gametype|doubles
|player|p1|jacre22|iris-gen5bw2|1413
|player|p2|belinvgc|2|1318
|gen|9
|tier|[Gen 9] VGC 2025 Reg H (Bo3)
|rated|
|rule|Species Clause: Limit one of each Pokémon
|rule|Item Clause: Limit 1 of each item
|clearpoke
|poke|p1|Whimsicott, L50, M|
|poke|p1|Garchomp, L50, F|
|poke|p1|Gholdengo, L50|
|poke|p1|Incineroar, L50, F|
|poke|p1|Sneasler, L50, F|
|poke|p1|Dragonite, L50, M|
|poke|p2|Ursaluna-Bloodmoon, L50, M|
|poke|p2|Sinistcha, L50|
|poke|p2|Rillaboom, L50, M|
|poke|p2|Incineroar, L50, F|
|poke|p2|Sneasler, L50, M|
|poke|p2|Kingambit, L50, F|
|teampreview|4
|showteam|p1|Whimsicott||FocusSash|Prankster|Moonblast,Tailwind,Encore,Protect|||M|||50|,,,,,Ghost]Garchomp||LifeOrb|RoughSkin|Earthquake,DragonClaw,StompingTantrum,Protect|||F|||50|,,,,,Ground]Gholdengo||ChoiceSpecs|GoodasGold|MakeItRain,ShadowBall,Trick,PowerGem||||||50|,,,,,Steel]Incineroar||AssaultVest|Intimidate|FakeOut,FlareBlitz,KnockOff,Uturn|||F|||50|,,,,,Grass]Sneasler||WhiteHerb|Unburden|FakeOut,DireClaw,CloseCombat,Protect|||F|||50|,,,,,Stellar]Dragonite||ChoiceBand|InnerFocus|ExtremeSpeed,Outrage,IceSpinner,StompingTantrum|||M|||50|,,,,,Normal
|showteam|p2|Ursaluna-Bloodmoon||Leftovers|MindsEye|BloodMoon,EarthPower,CalmMind,Protect|||M|||50|,,,,,Water]Sinistcha||SitrusBerry|Hospitality|MatchaGotcha,RagePowder,LifeDew,TrickRoom||||||50|,,,,,Water]Rillaboom||AssaultVest|GrassySurge|GrassyGlide,DrumBeating,Uturn,FakeOut|||M|||50|,,,,,Fire]Incineroar||FigyBerry|Intimidate|FlareBlitz,KnockOff,PartingShot,FakeOut|||F|||50|,,,,,Grass]Sneasler||GrassySeed|Unburden|DireClaw,CloseCombat,Taunt,Protect|||M|||50|,,,,,Stellar]Kingambit||SafetyGoggles|Defiant|KowtowCleave,SuckerPunch,SwordsDance,Protect|||F|||50|,,,,,Dark
|inactive|Battle timer is ON: inactive players will automatically lose when time's up. (requested by jacre22)
|inactive|belinvgc has 60 seconds left.
|
|t:|1756680249
|teamsize|p1|4
|teamsize|p2|4
|start
|switch|p1a: Sneasler|Sneasler, L50, F|100/100
|switch|p1b: Gholdengo|Gholdengo, L50|100/100
|switch|p2a: Ursaluna|Ursaluna-Bloodmoon, L50, M|100/100
|switch|p2b: Incineroar|Incineroar, L50, F, shiny|100/100
|-ability|p2b: Incineroar|Intimidate|boost
|-unboost|p1a: Sneasler|atk|1
|-unboost|p1b: Gholdengo|atk|1
|-enditem|p1a: Sneasler|White Herb
|-clearnegativeboost|p1a: Sneasler|[silent]
|turn|1
|inactive|jacre22 has 30 seconds left.
|inactive|belinvgc has 30 seconds left.
|
|t:|1756680280
|switch|p1b: Dragonite|Dragonite, L50, M|100/100
|-terastallize|p2a: Ursaluna|Water
|move|p1a: Sneasler|Fake Out|p2a: Ursaluna
|-damage|p2a: Ursaluna|91/100
|move|p2b: Incineroar|Knock Off|p1b: Dragonite
|-damage|p1b: Dragonite|60/100
|-enditem|p1b: Dragonite|Choice Band|[from] move: Knock Off|[of] p2b: Incineroar
|cant|p2a: Ursaluna|flinch
|
|-heal|p2a: Ursaluna|97/100|[from] item: Leftovers
|upkeep
|turn|2
|inactive|belinvgc has 30 seconds left.
|inactive|jacre22 has 30 seconds left.
|inactive|belinvgc has 20 seconds left.
|inactive|belinvgc has 15 seconds left.
|inactive|belinvgc has 10 seconds left.
|inactive|belinvgc has 5 seconds left.
|
|t:|1756680335
|-terastallize|p1b: Dragonite|Normal
|move|p2a: Ursaluna|Protect|p2a: Ursaluna
|-singleturn|p2a: Ursaluna|Protect
|move|p1b: Dragonite|Extreme Speed|p2a: Ursaluna
|-activate|p2a: Ursaluna|move: Protect
|move|p1a: Sneasler|Close Combat|p2a: Ursaluna
|-activate|p2a: Ursaluna|move: Protect
|move|p2b: Incineroar|Knock Off|p1b: Dragonite
|-damage|p1b: Dragonite|34/100
|
|-heal|p2a: Ursaluna|100/100|[from] item: Leftovers
|upkeep
|turn|3
|inactive|jacre22 has 30 seconds left.
|inactive|belinvgc has 30 seconds left.
|
|t:|1756680369
|move|p1a: Sneasler|Close Combat|p2b: Incineroar
|-supereffective|p2b: Incineroar
|-damage|p2b: Incineroar|0 fnt
|-unboost|p1a: Sneasler|def|1
|-unboost|p1a: Sneasler|spd|1
|faint|p2b: Incineroar
|move|p1b: Dragonite|Ice Spinner|p2a: Ursaluna
|-resisted|p2a: Ursaluna
|-damage|p2a: Ursaluna|89/100
|move|p2a: Ursaluna|Blood Moon|p1b: Dragonite
|-damage|p1b: Dragonite|0 fnt
|faint|p1b: Dragonite
|
|-heal|p2a: Ursaluna|96/100|[from] item: Leftovers
|upkeep
|inactive|belinvgc has 30 seconds left.
|
|t:|1756680396
|switch|p1b: Gholdengo|Gholdengo, L50|100/100
|switch|p2b: Rillaboom|Rillaboom, L50, M, shiny|100/100
|-fieldstart|move: Grassy Terrain|[from] ability: Grassy Surge|[of] p2b: Rillaboom
|turn|4
|inactive|jacre22 has 30 seconds left.
|inactive|belinvgc has 30 seconds left.
|inactive|belinvgc has 20 seconds left.
|
|t:|1756680434
|switch|p1a: Garchomp|Garchomp, L50, F|100/100
|move|p1b: Gholdengo|Shadow Ball|p2a: Ursaluna
|-damage|p2a: Ursaluna|31/100
|-unboost|p2a: Ursaluna|spd|1
|move|p2b: Rillaboom|Drum Beating|p1b: Gholdengo
|-resisted|p1b: Gholdengo
|-damage|p1b: Gholdengo|68/100
|-unboost|p1b: Gholdengo|spe|1
|move|p2a: Ursaluna|Earth Power|p1a: Garchomp
|-damage|p1a: Garchomp|51/100
|
|-heal|p1a: Garchomp|57/100|[from] Grassy Terrain
|-heal|p2a: Ursaluna|37/100|[from] Grassy Terrain
|-heal|p2a: Ursaluna|43/100|[from] item: Leftovers
|-heal|p1b: Gholdengo|73/100|[from] Grassy Terrain
|upkeep
|turn|5
|inactive|jacre22 has 30 seconds left.
|
|t:|1756680466
|move|p2a: Ursaluna|Protect|p2a: Ursaluna
|-singleturn|p2a: Ursaluna|Protect
|move|p1a: Garchomp|Dragon Claw|p2a: Ursaluna
|-activate|p2a: Ursaluna|move: Protect
|move|p2b: Rillaboom|Drum Beating|p1a: Garchomp
|-damage|p1a: Garchomp|0 fnt
|faint|p1a: Garchomp
|move|p1b: Gholdengo|Shadow Ball|p2b: Rillaboom
|-damage|p2b: Rillaboom|45/100
|
|-heal|p2b: Rillaboom|52/100|[from] Grassy Terrain
|-heal|p2a: Ursaluna|50/100|[from] Grassy Terrain
|-heal|p2a: Ursaluna|56/100|[from] item: Leftovers
|-heal|p1b: Gholdengo|79/100|[from] Grassy Terrain
|upkeep
|
|t:|1756680480
|switch|p1a: Sneasler|Sneasler, L50, F|100/100
|turn|6
|
|t:|1756680505
|move|p1a: Sneasler|Fake Out|p2a: Ursaluna
|-damage|p2a: Ursaluna|46/100
|move|p2b: Rillaboom|Grassy Glide|p1b: Gholdengo
|-resisted|p1b: Gholdengo
|-damage|p1b: Gholdengo|58/100
|cant|p2a: Ursaluna|flinch
|move|p1b: Gholdengo|Shadow Ball|p2b: Rillaboom
|-damage|p2b: Rillaboom|0 fnt
|faint|p2b: Rillaboom
|
|-heal|p2a: Ursaluna|52/100|[from] Grassy Terrain
|-heal|p2a: Ursaluna|58/100|[from] item: Leftovers
|-heal|p1b: Gholdengo|63/100|[from] Grassy Terrain
|upkeep
|
|t:|1756680508
|switch|p2b: Sneasler|Sneasler, L50, M|100/100
|-enditem|p2b: Sneasler|Grassy Seed
|-boost|p2b: Sneasler|def|1|[from] item: Grassy Seed
|turn|7
|inactive|jacre22 has 30 seconds left.
|inactive|jacre22 has 20 seconds left.
|
|t:|1756680548
|move|p2b: Sneasler|Dire Claw|p1a: Sneasler
|-resisted|p1a: Sneasler
|-damage|p1a: Sneasler|66/100
|move|p1a: Sneasler|Close Combat|p2a: Ursaluna
|-damage|p2a: Ursaluna|14/100
|-unboost|p1a: Sneasler|def|1
|-unboost|p1a: Sneasler|spd|1
|move|p2a: Ursaluna|Earth Power|p1b: Gholdengo
|-supereffective|p1b: Gholdengo
|-damage|p1b: Gholdengo|0 fnt
|faint|p1b: Gholdengo
|
|-heal|p1a: Sneasler|71/100|[from] Grassy Terrain
|-heal|p2a: Ursaluna|21/100|[from] Grassy Terrain
|-heal|p2a: Ursaluna|27/100|[from] item: Leftovers
|upkeep
|turn|8
|
|t:|1756680563
|move|p2b: Sneasler|Dire Claw|p1a: Sneasler
|-resisted|p1a: Sneasler
|-damage|p1a: Sneasler|12/100
|-status|p1a: Sneasler|slp
|cant|p1a: Sneasler|slp
|move|p2a: Ursaluna|Earth Power|p1a: Sneasler
|-supereffective|p1a: Sneasler
|-damage|p1a: Sneasler|0 fnt
|faint|p1a: Sneasler
|
|win|belinvgc
||jacre22 is ready for game 2.
|inactive|belinvgc has 30 seconds to confirm battle start!
|inactive|belinvgc has 20 seconds to confirm battle start!
|inactive|belinvgc has 10 seconds to confirm battle start!
|uhtml|next|Next: Game 2 of 3
|l|☆belinvgc
|player|p2|
