|j|☆berg0123
|j|☆YungLordSavage
|html|berg0123YungLordSavage    
|uhtml|bestof|Game 2 of a best-of-3
|t:|1756846295
|gametype|doubles
|player|p1|berg0123|1|1136
|player|p2|YungLordSavage|hilbert|1000
|gen|9
|tier|[Gen 9] VGC 2025 Reg H (Bo3)
|rated|
|rule|Species Clause: Limit one of each Pokémon
|rule|Item Clause: Limit 1 of each item
|clearpoke
|poke|p1|Kingambit, L50, M|
|poke|p1|Sneasler, L50, F|
|poke|p1|Rillaboom, L50, F|
|poke|p1|Dragapult, L50, M|
|poke|p1|Magmar, L50, M|
|poke|p1|Dragonite, L50, F|
|poke|p2|Salamence, L50, M|
|poke|p2|Volcarona, L50, M|
|poke|p2|Basculegion, L50, M|
|poke|p2|Ursaluna-Bloodmoon, L50, M|
|poke|p2|Archaludon, L50, M|
|poke|p2|Grimmsnarl, L50, M|
|teampreview|4
|showteam|p1|Kingambit||BlackGlasses|Defiant|KowtowCleave,SuckerPunch,SwordsDance,Protect|||M|||50|,,,,,Dark]Sneasler||FocusSash|PoisonTouch|DireClaw,CloseCombat,Coaching,Protect|||F|||50|,,,,,Fighting]Rillaboom||AssaultVest|GrassySurge|WoodHammer,GrassyGlide,FakeOut,HighHorsepower|||F|||50|,,,,,Grass]Dragapult||ChoiceBand|ClearBody|DragonDarts,Outrage,PhantomForce,Uturn|||M|||50|,,,,,Dragon]Magmar||Eviolite|VitalSpirit|Overheat,FollowMe,WillOWisp,Protect|||M|||50|,,,,,Fairy]Dragonite||LoadedDice|Multiscale|ScaleShot,Tailwind,Haze,Protect|||F|||50|,,,,,Fairy
|showteam|p2|Salamence||LumBerry|Intimidate|Tailwind,DualWingbeat,RockSlide,Protect|||M|||50|,,,,,Steel]Volcarona||SafetyGoggles|FlameBody|WillOWisp,HeatWave,Protect,RagePowder|||M|||50|,,,,,Fairy]Basculegion||ChoiceScarf|Adaptability|FlipTurn,WaveCrash,LastRespects,AquaJet|||M|||50|,,,,,Grass]Ursaluna-Bloodmoon||LifeOrb|MindsEye|BloodMoon,HyperVoice,EarthPower,Protect|||M|||50|,,,,,Water]Archaludon||AssaultVest|Stamina|DracoMeteor,FlashCannon,Snarl,BodyPress|||M|||50|,,,,,Water]Grimmsnarl||LightClay|Prankster|Reflect,LightScreen,SpiritBreak,ThunderWave|||M|||50|,,,,,Ghost
|inactive|Battle timer is ON: inactive players will automatically lose when time's up. (requested by berg0123)
|
|t:|1756846321
|teamsize|p1|4
|teamsize|p2|4
|start
|switch|p1a: Dragonite|Dragonite, L50, F|100/100
|switch|p1b: Sneasler|Sneasler, L50, F|100/100
|switch|p2a: Salamence|Salamence, L50, M|100/100
|switch|p2b: Grimmsnarl|Grimmsnarl, L50, M|100/100
|-ability|p2a: Salamence|Intimidate|boost
|-unboost|p1a: Dragonite|atk|1
|-unboost|p1b: Sneasler|atk|1
|turn|1
|inactive|YungLordSavage has 30 seconds left.
|
|t:|1756846350
|-terastallize|p2b: Grimmsnarl|Ghost
|move|p2b: Grimmsnarl|Reflect|p2b: Grimmsnarl
|-sidestart|p2: YungLordSavage|Reflect
|move|p1b: Sneasler|Dire Claw|p2b: Grimmsnarl
|-resisted|p2b: Grimmsnarl
|-damage|p2b: Grimmsnarl|92/100
|-status|p2b: Grimmsnarl|psn
|move|p2a: Salamence|Dual Wingbeat|p1b: Sneasler
|-supereffective|p1b: Sneasler
|-damage|p1b: Sneasler|18/100
|-supereffective|p1b: Sneasler
|-damage|p1b: Sneasler|0 fnt
|faint|p1b: Sneasler
|-hitcount|p1: Sneasler|2
|move|p1a: Dragonite|Scale Shot|p2a: Salamence|[miss]
|-miss|p1a: Dragonite|p2a: Salamence
|
|-damage|p2b: Grimmsnarl|80/100 psn|[from] psn
|upkeep
|
|t:|1756846366
|switch|p1b: Dragapult|Dragapult, L50, M|100/100
|turn|2
|
|t:|1756846376
|switch|p2a: Archaludon|Archaludon, L50, M|100/100
|-terastallize|p1a: Dragonite|Fairy
|move|p2b: Grimmsnarl|Thunder Wave|p1b: Dragapult
|-status|p1b: Dragapult|par
|move|p1a: Dragonite|Scale Shot|p2a: Archaludon
|-damage|p2a: Archaludon|96/100
|-ability|p2a: Archaludon|Stamina|boost
|-boost|p2a: Archaludon|def|1
|-damage|p2a: Archaludon|93/100
|-ability|p2a: Archaludon|Stamina|boost
|-boost|p2a: Archaludon|def|1
|-damage|p2a: Archaludon|90/100
|-ability|p2a: Archaludon|Stamina|boost
|-boost|p2a: Archaludon|def|1
|-damage|p2a: Archaludon|88/100
|-ability|p2a: Archaludon|Stamina|boost
|-boost|p2a: Archaludon|def|1
|-damage|p2a: Archaludon|87/100
|-ability|p2a: Archaludon|Stamina|boost
|-boost|p2a: Archaludon|def|1
|-hitcount|p2a: Archaludon|5
|-unboost|p1a: Dragonite|def|1
|-boost|p1a: Dragonite|spe|1
|move|p1b: Dragapult|Phantom Force||[still]
|-prepare|p1b: Dragapult|Phantom Force
|
|-damage|p2b: Grimmsnarl|67/100 psn|[from] psn
|upkeep
|turn|3
|inactive|YungLordSavage has 30 seconds left.
|inactive|YungLordSavage has 20 seconds left.
|
|t:|1756846416
|move|p2b: Grimmsnarl|Thunder Wave|p1a: Dragonite
|-status|p1a: Dragonite|par
|move|p2a: Archaludon|Body Press|p1a: Dragonite
|-resisted|p1a: Dragonite
|-damage|p1a: Dragonite|75/100 par
|move|p1b: Dragapult|Phantom Force|p2b: Grimmsnarl|[from] lockedmove
|-supereffective|p2b: Grimmsnarl
|-crit|p2b: Grimmsnarl
|-damage|p2b: Grimmsnarl|0 fnt
|faint|p2b: Grimmsnarl
|cant|p1a: Dragonite|par
|
|upkeep
|
|t:|1756846437
|switch|p2b: Salamence|Salamence, L50, M|100/100
|-ability|p2b: Salamence|Intimidate|boost
|-unboost|p1a: Dragonite|atk|1
|-fail|p1b: Dragapult|unboost|[from] ability: Clear Body|[of] p1b: Dragapult
|turn|4
|
|t:|1756846454
|move|p2b: Salamence|Rock Slide|p1a: Dragonite|[spread] p1a,p1b
|-damage|p1a: Dragonite|47/100 par
|-damage|p1b: Dragapult|75/100 par
|move|p2a: Archaludon|Draco Meteor|p1b: Dragapult
|-supereffective|p1b: Dragapult
|-damage|p1b: Dragapult|0 fnt
|-unboost|p2a: Archaludon|spa|2
|faint|p1b: Dragapult
|move|p1a: Dragonite|Haze|p1a: Dragonite
|-clearallboost
|
|upkeep
|
|t:|1756846459
|switch|p1b: Kingambit|Kingambit, L50, M|100/100
|turn|5
|
|t:|1756846475
|move|p2b: Salamence|Dual Wingbeat|p1a: Dragonite
|-damage|p1a: Dragonite|29/100 par
|-damage|p1a: Dragonite|9/100 par
|-hitcount|p1a: Dragonite|2
|move|p2a: Archaludon|Body Press|p1b: Kingambit
|-supereffective|p1b: Kingambit
|-crit|p1b: Kingambit
|-damage|p1b: Kingambit|7/100
|move|p1b: Kingambit|Swords Dance|p1b: Kingambit
|-boost|p1b: Kingambit|atk|2
|move|p1a: Dragonite|Scale Shot|p2b: Salamence
|-supereffective|p2b: Salamence
|-crit|p2b: Salamence
|-damage|p2b: Salamence|52/100
|-supereffective|p2b: Salamence
|-damage|p2b: Salamence|32/100
|-supereffective|p2b: Salamence
|-damage|p2b: Salamence|12/100
|-supereffective|p2b: Salamence
|-damage|p2b: Salamence|0 fnt
|faint|p2b: Salamence
|-hitcount|p2: Salamence|4
|-unboost|p1a: Dragonite|def|1
|-boost|p1a: Dragonite|spe|1
|
|upkeep
|
|t:|1756846498
|switch|p2b: Basculegion|Basculegion, L50, M|100/100
|turn|6
|
|t:|1756846506
|move|p1b: Kingambit|Protect|p1b: Kingambit
|-singleturn|p1b: Kingambit|Protect
|move|p2b: Basculegion|Aqua Jet|p1b: Kingambit
|-activate|p1b: Kingambit|move: Protect
|move|p2a: Archaludon|Body Press|p1b: Kingambit
|-activate|p1b: Kingambit|move: Protect
|move|p1a: Dragonite|Tailwind|p1a: Dragonite
|-sidestart|p1: berg0123|move: Tailwind
|
|upkeep
|turn|7
|
|t:|1756846525
|move|p2b: Basculegion|Aqua Jet|p1b: Kingambit
|-damage|p1b: Kingambit|0 fnt
|faint|p1b: Kingambit
|move|p1a: Dragonite|Scale Shot|p2a: Archaludon
|-damage|p2a: Archaludon|81/100
|-ability|p2a: Archaludon|Stamina|boost
|-boost|p2a: Archaludon|def|1
|-damage|p2a: Archaludon|76/100
|-ability|p2a: Archaludon|Stamina|boost
|-boost|p2a: Archaludon|def|1
|-damage|p2a: Archaludon|73/100
|-ability|p2a: Archaludon|Stamina|boost
|-boost|p2a: Archaludon|def|1
|-damage|p2a: Archaludon|70/100
|-ability|p2a: Archaludon|Stamina|boost
|-boost|p2a: Archaludon|def|1
|-hitcount|p2a: Archaludon|4
|-unboost|p1a: Dragonite|def|1
|-boost|p1a: Dragonite|spe|1
|move|p2a: Archaludon|Body Press|p1a: Dragonite
|-resisted|p1a: Dragonite
|-damage|p1a: Dragonite|0 fnt
|faint|p1a: Dragonite
|
|win|YungLordSavage
|raw|berg0123's rating: 1136 → 1102(-34 for losing)
|raw|YungLordSavage's rating: 1000 → 1055(+55 for winning)
|l|☆berg0123
|player|p1|
