|j|☆Diamondscyther
|j|☆Gen4lover2
|html|DiamondscytherGen4lover2    
|uhtml|bestof|Game 1 of a best-of-3
|t:|1785874408
|gametype|doubles
|player|p1|Diamondscyther|larry|1356
|player|p2|Gen4lover2|wallace|1300
|gen|9
|tier|[Gen 9 Champions] VGC 2026 Reg M-B (Bo3)
|rated|
|rule|Species Clause: Limit one of each Pokémon
|rule|Item Clause: Limit 1 of each item
|clearpoke
|poke|p1|Floette-Eternal, L50, F|
|poke|p1|Maushold-Four, L50|
|poke|p1|Garchomp, L50, F|
|poke|p1|Talonflame, L50, M|
|poke|p1|Raichu, L50, F|
|poke|p1|Kingambit, L50, F|
|poke|p2|Tyranitar, L50, M|
|poke|p2|Excadrill, L50, F|
|poke|p2|Staraptor, L50, F|
|poke|p2|Milotic, L50, F|
|poke|p2|Gholdengo, L50|
|poke|p2|Sinistcha-Masterpiece, L50|
|teampreview|4
|showteam|p1|Floette-Eternal||Floettite|FlowerVeil|LightofRuin,DazzlingGleam,Moonblast,Protect|Timid||F|||50|]Maushold-Four||WideLens|Technician|PopulationBomb,Protect,FollowMe,Feint|Jolly|||||50|]Garchomp||SitrusBerry|RoughSkin|Protect,RockSlide,DragonClaw,Earthquake|Adamant||F|||50|]Talonflame||SharpBeak|GaleWings|DualWingbeat,FlareBlitz,Tailwind,QuickGuard|Jolly||M|||50|]Raichu||RaichuniteY|LightningRod|ZapCannon,FocusBlast,FakeOut,Protect|Timid||F|||50|]Kingambit||FocusSash|Defiant|KowtowCleave,IronHead,SuckerPunch,LowKick|Adamant||F|||50|
|showteam|p2|Tyranitar||Tyranitarite|SandStream|RockSlide,KnockOff,LowKick,Protect|Adamant||M|||50|]Excadrill||FocusSash|SandRush|HighHorsepower,IronHead,RockSlide,Protect|Adamant||F|||50|]Staraptor||Staraptite|Intimidate|BraveBird,CloseCombat,Tailwind,Protect|Jolly||F|||50|]Milotic||SitrusBerry|Competitive|Scald,IceBeam,Recover,Protect|Modest||F|||50|]Gholdengo||LifeOrb|GoodasGold|MakeItRain,ShadowBall,NastyPlot,Protect|Modest|||||50|]Sinistcha-Masterpiece||ColburBerry|Hospitality|MatchaGotcha,RagePowder,TrickRoom,Protect|Relaxed|||||50|
|inactive|Battle timer is ON: inactive players will automatically lose when time's up. (requested by Diamondscyther)
|inactive|Gen4lover2 also wants the timer to be on.
|inactive|Diamondscyther has 60 seconds left.
|inactive|Gen4lover2 has 60 seconds left.
|inactive|Gen4lover2 has 30 seconds left.
|
|t:|1785874472
|teamsize|p1|4
|teamsize|p2|4
|start
|switch|p1a: Talonflame|Talonflame, L50, M|100/100
|switch|p1b: Raichu|Raichu, L50, F|100/100
|switch|p2a: Staraptor|Staraptor, L50, F|100/100
|switch|p2b: Gholdengo|Gholdengo, L50|100/100
|-ability|p2a: Staraptor|Intimidate|boost
|-unboost|p1a: Talonflame|atk|1
|-unboost|p1b: Raichu|atk|1
|turn|1
|inactive|Diamondscyther has 30 seconds left.
|inactive|Gen4lover2 has 30 seconds left.
|inactive|Diamondscyther has 20 seconds left.
|inactive|Diamondscyther has 15 seconds left.
|inactive|Gen4lover2 has 20 seconds left.
|inactive|Gen4lover2 has 15 seconds left.
|
|t:|1785874519
|detailschange|p1b: Raichu|Raichu-Mega-Y, L50, F
|-mega|p1b: Raichu|Raichu|Raichunite Y
|move|p2a: Staraptor|Protect|p2a: Staraptor
|-singleturn|p2a: Staraptor|Protect
|move|p1a: Talonflame|Tailwind|p1a: Talonflame
|-sidestart|p1: Diamondscyther|move: Tailwind
|move|p1b: Raichu|Zap Cannon|p2b: Gholdengo
|-damage|p2b: Gholdengo|29/100
|-status|p2b: Gholdengo|par
|move|p2b: Gholdengo|Shadow Ball|p1b: Raichu
|-damage|p1b: Raichu|25/100
|-damage|p2b: Gholdengo|20/100y par|[from] item: Life Orb
|
|upkeep
|turn|2
|inactive|Diamondscyther has 30 seconds left.
|inactive|Gen4lover2 has 30 seconds left.
|inactive|Diamondscyther has 20 seconds left.
|inactive|Diamondscyther has 15 seconds left.
|
|t:|1785874560
|switch|p2a: Sinistcha|Sinistcha-Masterpiece, L50|100/100
|-heal|p2b: Gholdengo|44/100 par|[from] ability: Hospitality|[of] p2a: Sinistcha
|move|p1a: Talonflame|Flare Blitz|p2a: Sinistcha
|-supereffective|p2a: Sinistcha|1
|-damage|p2a: Sinistcha|51/100
|-status|p2a: Sinistcha|brn
|-damage|p1a: Talonflame|81/100|[from] Recoil
|move|p1b: Raichu|Zap Cannon|p2b: Gholdengo
|-damage|p2b: Gholdengo|0 fnt
|faint|p2b: Gholdengo
|
|-damage|p2a: Sinistcha|45/100 brn|[from] brn
|upkeep
|
|t:|1785874576
|switch|p2b: Milotic|Milotic, L50, F|100/100
|turn|3
|
|t:|1785874589
|move|p2a: Sinistcha|Rage Powder|p2a: Sinistcha
|-singleturn|p2a: Sinistcha|move: Rage Powder
|move|p1a: Talonflame|Flare Blitz|p2a: Sinistcha
|-supereffective|p2a: Sinistcha|1
|-damage|p2a: Sinistcha|0 fnt
|faint|p2a: Sinistcha
|-damage|p1a: Talonflame|65/100|[from] Recoil
|move|p1b: Raichu|Zap Cannon|p2b: Milotic
|-supereffective|p2b: Milotic|1
|-damage|p2b: Milotic|4/100
|-status|p2b: Milotic|par
|-enditem|p2b: Milotic|Sitrus Berry|[eat]
|-heal|p2b: Milotic|29/100 par|[from] item: Sitrus Berry
|move|p2b: Milotic|Scald|p1b: Raichu
|-damage|p1b: Raichu|0 fnt
|faint|p1b: Raichu
|
|upkeep
|
|t:|1785874608
|switch|p1b: Garchomp|Garchomp, L50, F|100/100
|switch|p2a: Staraptor|Staraptor, L50, F|100/100
|-ability|p2a: Staraptor|Intimidate|boost
|-unboost|p1a: Talonflame|atk|1
|-unboost|p1b: Garchomp|atk|1
|turn|4
|
|t:|1785874626
|move|p2b: Milotic|Protect|p2b: Milotic
|-singleturn|p2b: Milotic|Protect
|move|p1a: Talonflame|Dual Wingbeat|p2a: Staraptor
|-damage|p2a: Staraptor|87/100
|-damage|p2a: Staraptor|75/100
|-hitcount|p2a: Staraptor|2
|move|p1b: Garchomp|Dragon Claw|p2b: Milotic
|-activate|p2b: Milotic|move: Protect
|move|p2a: Staraptor|Brave Bird|p1a: Talonflame
|-damage|p1a: Talonflame|0 fnt
|faint|p1a: Talonflame
|-damage|p2a: Staraptor|57/100|[from] Recoil
|
|-sideend|p1: Diamondscyther|move: Tailwind
|upkeep
|
|t:|1785874632
|switch|p1a: Kingambit|Kingambit, L50, F|100/100
|turn|5
|
|t:|1785874651
|detailschange|p2a: Staraptor|Staraptor-Mega, L50, F
|-mega|p2a: Staraptor|Staraptor|Staraptite
|move|p2a: Staraptor|Close Combat|p1a: Kingambit
|-supereffective|p1a: Kingambit|2
|-enditem|p1a: Kingambit|Focus Sash
|-damage|p1a: Kingambit|1/100
|-boost|p2a: Staraptor|def|1
|-boost|p2a: Staraptor|spd|1
|move|p1b: Garchomp|Dragon Claw|p2b: Milotic
|-damage|p2b: Milotic|5/100 par
|move|p1a: Kingambit|Iron Head|p2a: Staraptor
|-damage|p2a: Staraptor|27/100
|move|p2b: Milotic|Ice Beam|p1b: Garchomp
|-supereffective|p1b: Garchomp|2
|-damage|p1b: Garchomp|0 fnt
|faint|p1b: Garchomp
|
|upkeep
|turn|6
|-message|Diamondscyther forfeited.
|
|win|Gen4lover2
||Diamondscyther is ready for game 2.
|inactive|Gen4lover2 has 30 seconds to confirm battle start!
