|j|☆throat chop user
|j|☆MEGA FRAUD
|html|throat chop userMEGA FRAUD    
|uhtml|bestof|Game 1 of a best-of-3
|t:|1785345036
|gametype|doubles
|player|p1|throat chop user|may|1380
|player|p2|MEGA FRAUD|2|1357
|gen|9
|tier|[Gen 9 Champions] VGC 2026 Reg M-B (Bo3)
|rated|
|rule|Species Clause: Limit one of each Pokémon
|rule|Item Clause: Limit 1 of each item
|clearpoke
|poke|p1|Incineroar, L50, F|
|poke|p1|Sneasler, L50, M|
|poke|p1|Staraptor, L50, F|
|poke|p1|Sinistcha, L50|
|poke|p1|Delphox, L50, M, shiny|
|poke|p1|Kingambit, L50, M, shiny|
|poke|p2|Tyranitar, L50, M|
|poke|p2|Excadrill, L50, F|
|poke|p2|Milotic, L50, M|
|poke|p2|Sinistcha, L50|
|poke|p2|Staraptor, L50, F|
|poke|p2|Gholdengo, L50|
|teampreview|4
|showteam|p1|Incineroar||SitrusBerry|Intimidate|FakeOut,FlareBlitz,ThroatChop,PartingShot|Careful||F|||50|]Sneasler||FocusSash|PoisonTouch|FakeOut,CloseCombat,PoisonJab,Protect|Adamant||M|||50|]Staraptor||Staraptite|Intimidate|CloseCombat,DualWingbeat,Roost,Protect|Adamant||F|||50|]Sinistcha||ColburBerry|Hospitality|RagePowder,TrickRoom,MatchaGotcha,Protect|Bold|||||50|]Delphox||Delphoxite|Blaze|NastyPlot,HeatWave,Psychic,Protect|Modest||M|||50|]Kingambit||BlackGlasses|Defiant|SwordsDance,KowtowCleave,SuckerPunch,Protect|Adamant||M|||50|
|showteam|p2|Tyranitar||Tyranitarite|SandStream|KnockOff,RockSlide,LowKick,Protect|Jolly||M|||50|]Excadrill||FocusSash|SandRush|HighHorsepower,IronHead,RockSlide,Protect|Adamant||F|||50|]Milotic||SitrusBerry|Competitive|Scald,IcyWind,IceBeam,Protect|Calm||M|||50|]Sinistcha||ColburBerry|Hospitality|MatchaGotcha,ShadowBall,Protect,RagePowder|Bold|||||50|]Staraptor||Staraptite|Intimidate|CloseCombat,BraveBird,Tailwind,Protect|Jolly||F|||50|]Gholdengo||LifeOrb|GoodasGold|MakeItRain,ShadowBall,NastyPlot,Protect|Modest|||||50|
|inactive|Battle timer is ON: inactive players will automatically lose when time's up. (requested by MEGA FRAUD)
|inactive|throat chop user has 60 seconds left.
|
|t:|1785345133
|teamsize|p1|4
|teamsize|p2|4
|start
|switch|p1a: Sneasler|Sneasler, L50, M|100/100
|switch|p1b: Delphox|Delphox, L50, M, shiny|100/100
|switch|p2a: Milotic|Milotic, L50, M|100/100
|switch|p2b: Staraptor|Staraptor, L50, F|100/100
|-ability|p2b: Staraptor|Intimidate|boost
|-unboost|p1a: Sneasler|atk|1
|-unboost|p1b: Delphox|atk|1
|turn|1
|inactive|throat chop user has 30 seconds left.
|inactive|MEGA FRAUD has 30 seconds left.
|
|t:|1785345163
|detailschange|p1b: Delphox|Delphox-Mega, L50, M, shiny
|-mega|p1b: Delphox|Delphox|Delphoxite
|move|p1a: Sneasler|Fake Out|p2a: Milotic
|-damage|p2a: Milotic|90/100
|move|p1b: Delphox|Nasty Plot|p1b: Delphox
|-boost|p1b: Delphox|spa|2
|move|p2b: Staraptor|Tailwind|p2b: Staraptor
|-sidestart|p2: MEGA FRAUD|move: Tailwind
|cant|p2a: Milotic|flinch
|
|upkeep
|turn|2
|
|t:|1785345184
|switch|p1a: Sinistcha|Sinistcha, L50|100/100
|detailschange|p2b: Staraptor|Staraptor-Mega, L50, F
|-mega|p2b: Staraptor|Staraptor|Staraptite
|move|p1b: Delphox|Protect|p1b: Delphox
|-singleturn|p1b: Delphox|Protect
|move|p2b: Staraptor|Close Combat|p1a: Sinistcha
|-immune|p1a: Sinistcha
|move|p2a: Milotic|Scald|p1b: Delphox
|-activate|p1b: Delphox|move: Protect
|
|upkeep
|turn|3
|
|t:|1785345197
|move|p1a: Sinistcha|Rage Powder|p1a: Sinistcha
|-singleturn|p1a: Sinistcha|move: Rage Powder
|move|p2b: Staraptor|Brave Bird|p1a: Sinistcha
|-supereffective|p1a: Sinistcha|1
|-damage|p1a: Sinistcha|4/100
|-damage|p2b: Staraptor|70/100|[from] Recoil
|move|p2a: Milotic|Icy Wind|p1b: Delphox|[spread] p1a
|-miss|p2a: Milotic|p1b: Delphox
|-supereffective|p1a: Sinistcha|1
|-damage|p1a: Sinistcha|0 fnt
|faint|p1a: Sinistcha
|move|p1b: Delphox|Heat Wave|p2a: Milotic|[spread] p2a,p2b
|-resisted|p2a: Milotic|1
|-damage|p2a: Milotic|55/100
|-damage|p2b: Staraptor|0 fnt
|faint|p2b: Staraptor
|
|upkeep
|
|t:|1785345215
|switch|p2b: Tyranitar|Tyranitar, L50, M|100/100
|switch|p1a: Sneasler|Sneasler, L50, M|100/100
|-weather|Sandstorm|[from] ability: Sand Stream|[of] p2b: Tyranitar
|turn|4
|
|t:|1785345232
|switch|p2b: Excadrill|Excadrill, L50, F|100/100
|move|p1b: Delphox|Protect|p1b: Delphox
|-singleturn|p1b: Delphox|Protect
|move|p1a: Sneasler|Protect|p1a: Sneasler
|-singleturn|p1a: Sneasler|Protect
|move|p2a: Milotic|Icy Wind|p1a: Sneasler|[spread] 
|-activate|p1a: Sneasler|move: Protect
|-activate|p1b: Delphox|move: Protect
|
|-weather|Sandstorm|[upkeep]
|-damage|p2a: Milotic|50/100y|[from] Sandstorm
|-damage|p1b: Delphox|94/100|[from] Sandstorm
|-damage|p1a: Sneasler|94/100|[from] Sandstorm
|-enditem|p2a: Milotic|Sitrus Berry|[eat]
|-heal|p2a: Milotic|74/100|[from] item: Sitrus Berry
|-sideend|p2: MEGA FRAUD|move: Tailwind
|upkeep
|turn|5
|inactive|throat chop user has 30 seconds left.
|
|t:|1785345264
|move|p2b: Excadrill|High Horsepower|p1a: Sneasler
|-supereffective|p1a: Sneasler|1
|-damage|p1a: Sneasler|0 fnt
|faint|p1a: Sneasler
|move|p1b: Delphox|Heat Wave|p2b: Excadrill|[spread] p2a,p2b
|-resisted|p2a: Milotic|1
|-supereffective|p2b: Excadrill|1
|-damage|p2a: Milotic|40/100
|-enditem|p2b: Excadrill|Focus Sash
|-damage|p2b: Excadrill|1/100
|move|p2a: Milotic|Scald|p1b: Delphox
|-supereffective|p1b: Delphox|1
|-damage|p1b: Delphox|41/100
|
|-weather|Sandstorm|[upkeep]
|-damage|p1b: Delphox|35/100|[from] Sandstorm
|-damage|p2a: Milotic|34/100|[from] Sandstorm
|upkeep
|
|t:|1785345272
|switch|p1a: Kingambit|Kingambit, L50, M, shiny|100/100
|turn|6
|
|t:|1785345292
|move|p2a: Milotic|Protect|p2a: Milotic
|-singleturn|p2a: Milotic|Protect
|move|p1a: Kingambit|Sucker Punch|p2b: Excadrill
|-damage|p2b: Excadrill|0 fnt
|faint|p2b: Excadrill
|move|p1b: Delphox|Heat Wave|p2a: Milotic
|-activate|p2a: Milotic|move: Protect
|
|-weather|Sandstorm|[upkeep]
|-damage|p1b: Delphox|29/100|[from] Sandstorm
|-damage|p2a: Milotic|28/100|[from] Sandstorm
|upkeep
|
|t:|1785345295
|switch|p2b: Tyranitar|Tyranitar, L50, M|100/100
|turn|7
|
|t:|1785345309
|move|p2a: Milotic|Protect||[still]
|-fail|p2a: Milotic
|move|p1a: Kingambit|Sucker Punch|p2b: Tyranitar
|-resisted|p2b: Tyranitar|1
|-damage|p2b: Tyranitar|77/100
|move|p1b: Delphox|Heat Wave|p2a: Milotic|[spread] p2a,p2b
|-resisted|p2a: Milotic|1
|-resisted|p2b: Tyranitar|1
|-damage|p2a: Milotic|0 fnt
|-damage|p2b: Tyranitar|50/100g
|faint|p2a: Milotic
|move|p2b: Tyranitar|Low Kick|p1a: Kingambit
|-supereffective|p1a: Kingambit|2
|-damage|p1a: Kingambit|1/100
|
|-weather|Sandstorm|[upkeep]
|-damage|p1b: Delphox|24/100|[from] Sandstorm
|upkeep
|turn|8
|
|t:|1785345328
|move|p1b: Delphox|Protect|p1b: Delphox
|-singleturn|p1b: Delphox|Protect
|move|p1a: Kingambit|Protect|p1a: Kingambit
|-singleturn|p1a: Kingambit|Protect
|move|p2b: Tyranitar|Rock Slide|p1a: Kingambit|[spread] 
|-activate|p1a: Kingambit|move: Protect
|-activate|p1b: Delphox|move: Protect
|
|-weather|none
|upkeep
|turn|9
|
|t:|1785345337
|move|p1a: Kingambit|Sucker Punch|p2b: Tyranitar
|-resisted|p2b: Tyranitar|1
|-damage|p2b: Tyranitar|30/100
|move|p1b: Delphox|Heat Wave|p2b: Tyranitar
|-resisted|p2b: Tyranitar|1
|-damage|p2b: Tyranitar|0 fnt
|faint|p2b: Tyranitar
|
|win|throat chop user
||MEGA FRAUD is ready for game 2.
||throat chop user is ready for game 2.
|uhtml|next|Next: Game 2 of 3
|l|☆throat chop user
|player|p1|
