|j|☆owbd
|j|☆leg pres
|html|owbdleg pres    
|uhtml|bestof|Game 1 of a best-of-3
|t:|1756714292
|gametype|doubles
|player|p1|owbd|cynthia-gen4|1142
|player|p2|leg pres|cyclist|1101
|gen|9
|tier|[Gen 9] VGC 2025 Reg H (Bo3)
|rated|
|rule|Species Clause: Limit one of each Pokémon
|rule|Item Clause: Limit 1 of each item
|clearpoke
|poke|p1|Gholdengo, L50|
|poke|p1|Incineroar, L50, M|
|poke|p1|Ursaluna-Bloodmoon, L50, M|
|poke|p1|Indeedee, L50, M|
|poke|p1|Sneasler, L50, F|
|poke|p1|Murkrow, L50, F|
|poke|p2|Porygon2, L50|
|poke|p2|Hydreigon, L50, M|
|poke|p2|Incineroar, L50, M|
|poke|p2|Ursaluna, L50, M|
|poke|p2|Amoonguss, L50, F|
|poke|p2|Gholdengo, L50|
|teampreview|4
|showteam|p1|Gholdengo||ChoiceSpecs|GoodasGold|MakeItRain,ShadowBall,Thunderbolt,Trick||||||50|,,,,,Steel]Incineroar||SafetyGoggles|Intimidate|FlareBlitz,PartingShot,FakeOut,KnockOff|||M|||50|,,,,,Ghost]Ursaluna-Bloodmoon||AssaultVest|MindsEye|BloodMoon,EarthPower,HyperVoice,Moonblast|||M|||50|,,,,,Normal]Indeedee||FocusSash|PsychicSurge|ExpandingForce,Protect,TrickRoom,Imprison|||M|||50|,,,,,Psychic]Sneasler||PsychicSeed|Unburden|CloseCombat,DireClaw,FakeOut,ThroatChop|||F|||50|,,,,,Stellar]Murkrow||CovertCloak|Prankster|FoulPlay,Haze,SunnyDay,Tailwind|||F|||50|,,,,,Dark
|showteam|p2|Porygon2||Eviolite|Download|TeraBlast,IceBeam,TrickRoom,Recover||||||50|,,,,,Fighting]Hydreigon||SafetyGoggles|Levitate|Snarl,DracoMeteor,Tailwind,Protect|||M|||50|,,,,,Ghost]Incineroar||SitrusBerry|Intimidate|FlareBlitz,KnockOff,PartingShot,FakeOut|||M|||50|,,,,,Grass]Ursaluna||FlameOrb|Guts|Facade,HeadlongRush,Earthquake,Protect|||M|||50|,,,,,Ghost]Amoonguss||CovertCloak|Regenerator|PollenPuff,Spore,RagePowder,Protect|||F|||50|,,,,,Fire]Gholdengo||MetalCoat|GoodasGold|MakeItRain,ShadowBall,NastyPlot,Protect||||||50|,,,,,Flying
|
|t:|1756714325
|teamsize|p1|4
|teamsize|p2|4
|start
|switch|p1a: Ursaluna|Ursaluna-Bloodmoon, L50, M|100/100
|switch|p1b: Murkrow|Murkrow, L50, F|100/100
|switch|p2a: Porygon2|Porygon2, L50, shiny|100/100
|switch|p2b: Incineroar|Incineroar, L50, M, shiny|100/100
|-ability|p2b: Incineroar|Intimidate|boost
|-unboost|p1a: Ursaluna|atk|1
|-unboost|p1b: Murkrow|atk|1
|-ability|p2a: Porygon2|Download|boost
|-boost|p2a: Porygon2|spa|1
|turn|1
|
|t:|1756714360
|move|p1a: Ursaluna|Hyper Voice|p2a: Porygon2|[spread] p2a,p2b
|-damage|p2a: Porygon2|80/100
|-damage|p2b: Incineroar|65/100
|move|p1b: Murkrow|Foul Play|p2b: Incineroar
|-resisted|p2b: Incineroar
|-damage|p2b: Incineroar|45/100
|-enditem|p2b: Incineroar|Sitrus Berry|[eat]
|-heal|p2b: Incineroar|70/100|[from] item: Sitrus Berry
|move|p2b: Incineroar|Parting Shot|p1a: Ursaluna
|-unboost|p1a: Ursaluna|atk|1
|-unboost|p1a: Ursaluna|spa|1
|
|t:|1756714363
|switch|p2b: Ursaluna|Ursaluna, L50, M|100/100|[from] Parting Shot
|move|p2a: Porygon2|Trick Room|p2a: Porygon2
|-fieldstart|move: Trick Room|[of] p2a: Porygon2
|
|-status|p2b: Ursaluna|brn|[from] item: Flame Orb
|upkeep
|turn|2
|
|t:|1756714379
|-terastallize|p1a: Ursaluna|Normal
|move|p1b: Murkrow|Haze|p1b: Murkrow
|-clearallboost
|move|p2b: Ursaluna|Facade|p1a: Ursaluna
|-damage|p1a: Ursaluna|2/100
|move|p2a: Porygon2|Ice Beam|p1b: Murkrow
|-supereffective|p1b: Murkrow
|-damage|p1b: Murkrow|8/100
|move|p1a: Ursaluna|Hyper Voice|p2a: Porygon2|[spread] p2a,p2b
|-damage|p2a: Porygon2|52/100
|-damage|p2b: Ursaluna|57/100 brn
|
|-damage|p2b: Ursaluna|52/100 brn|[from] brn
|upkeep
|turn|3
|
|t:|1756714410
|move|p2b: Ursaluna|Facade|p1b: Murkrow
|-damage|p1b: Murkrow|0 fnt
|faint|p1b: Murkrow
|move|p2a: Porygon2|Ice Beam|p1a: Ursaluna
|-damage|p1a: Ursaluna|0 fnt
|faint|p1a: Ursaluna
|
|-damage|p2b: Ursaluna|46/100 brn|[from] brn
|upkeep
|
|t:|1756714419
|switch|p1b: Indeedee|Indeedee, L50, M|100/100
|switch|p1a: Gholdengo|Gholdengo, L50|100/100
|-fieldstart|move: Psychic Terrain|[from] ability: Psychic Surge|[of] p1b: Indeedee
|turn|4
|
|t:|1756714430
|switch|p2a: Hydreigon|Hydreigon, L50, M, shiny|100/100
|move|p2b: Ursaluna|Earthquake|p1a: Gholdengo|[spread] p1a,p1b
|-immune|p2a: Hydreigon|[from] ability: Levitate
|-supereffective|p1a: Gholdengo
|-damage|p1a: Gholdengo|0 fnt
|-enditem|p1b: Indeedee|Focus Sash
|-damage|p1b: Indeedee|1/100
|faint|p1a: Gholdengo
|move|p1b: Indeedee|Expanding Force|p2b: Ursaluna|[spread] p2b
|-immune|p2a: Hydreigon
|-crit|p2b: Ursaluna
|-damage|p2b: Ursaluna|0 fnt
|faint|p2b: Ursaluna
|
|upkeep
|
|t:|1756714433
|switch|p2b: Incineroar|Incineroar, L50, M, shiny|70/100
|-ability|p2b: Incineroar|Intimidate|boost
|-unboost|p1b: Indeedee|atk|1
|turn|5
|l|☆leg pres
|player|p2|
|
|t:|1756714456
|move|p2b: Incineroar|Knock Off|p1b: Indeedee
|-supereffective|p1b: Indeedee
|-damage|p1b: Indeedee|0 fnt
|faint|p1b: Indeedee
|
|win|leg pres
||owbd is ready for game 2.
|j|☆leg pres
|player|p2|leg pres|cyclist|
||leg pres is ready for game 2.
|uhtml|next|Next: Game 2 of 3
|l|☆leg pres
|player|p2|
