|j|☆pikatrod
|j|☆Darth Floette
|html|pikatrodDarth Floette    
|uhtml|bestof|Game 3 of a best-of-3
|t:|1784091138
|gametype|doubles
|player|p1|pikatrod|102|1361
|player|p2|Darth Floette|unknown|1398
|gen|9
|tier|[Gen 9 Champions] VGC 2026 Reg M-B (Bo3)
|rated|
|rule|Species Clause: Limit one of each Pokémon
|rule|Item Clause: Limit 1 of each item
|clearpoke
|poke|p1|Kingambit, L50, F|
|poke|p1|Charizard, L50, M|
|poke|p1|Aerodactyl, L50, M|
|poke|p1|Farigiraf, L50, F|
|poke|p1|Garchomp, L50, F|
|poke|p1|Sylveon, L50, M|
|poke|p2|Whimsicott, L50, M|
|poke|p2|Gholdengo, L50|
|poke|p2|Basculegion, L50, M|
|poke|p2|Charizard, L50, M|
|poke|p2|Garchomp, L50, M|
|poke|p2|Incineroar, L50, M|
|teampreview|4
|showteam|p1|Kingambit||FocusSash|Defiant|KowtowCleave,IronHead,SuckerPunch,LowKick|Adamant||F|||50|]Charizard||CharizarditeY|Blaze|HeatWave,SolarBeam,WeatherBall,Protect|Modest||M|||50|]Aerodactyl||Aerodactylite|Unnerve|RockSlide,DualWingbeat,IceFang,Tailwind|Jolly||M|||50|]Farigiraf||SitrusBerry|ArmorTail|TwinBeam,Thunderbolt,TrickRoom,Roar|Bold||F|||50|]Garchomp||LifeOrb|RoughSkin|Earthquake,DragonClaw,StompingTantrum,Protect|Jolly||F|||50|]Sylveon||FairyFeather|Pixilate|HyperVoice,HyperBeam,QuickAttack,Protect|Modest||M|||50|
|showteam|p2|Whimsicott||FocusSash|Prankster|Encore,Protect,Tailwind,Moonblast|Timid||M|||50|]Gholdengo||SpellTag|GoodasGold|Protect,NastyPlot,ShadowBall,MakeItRain|Modest|||||50|]Basculegion||ChoiceScarf|Adaptability|FlipTurn,AquaJet,WaveCrash,LastRespects|Jolly||M|||50|]Charizard||CharizarditeY|Blaze|Protect,HeatWave,SolarBeam,WeatherBall|Modest||M|||50|]Garchomp||LifeOrb|RoughSkin|Protect,StompingTantrum,RockSlide,DragonClaw|Jolly||M|||50|]Incineroar||SitrusBerry|Intimidate|FakeOut,FlareBlitz,ThroatChop,PartingShot|Impish||M|||50|
|inactive|Battle timer is ON: inactive players will automatically lose when time's up. (requested by pikatrod)
|inactive|Darth Floette has 60 seconds left.
|
|t:|1784091204
|teamsize|p1|4
|teamsize|p2|4
|start
|switch|p1a: Aerodactyl|Aerodactyl, L50, M|100/100
|switch|p1b: Kingambit|Kingambit, L50, F|100/100
|switch|p2a: Whimsicott|Whimsicott, L50, M|100/100
|switch|p2b: Basculegion|Basculegion, L50, M|100/100
|-ability|p1a: Aerodactyl|Unnerve
|turn|1
|
|t:|1784091228
|switch|p1a: Farigiraf|Farigiraf, L50, F|100/100
|move|p2a: Whimsicott|Tailwind|p2a: Whimsicott
|-sidestart|p2: Darth Floette|move: Tailwind
|move|p1b: Kingambit|Sucker Punch|p2b: Basculegion
|-supereffective|p2b: Basculegion|1
|-damage|p2b: Basculegion|13/100
|move|p2b: Basculegion|Flip Turn|p1a: Farigiraf
|-damage|p1a: Farigiraf|70/100
|
|t:|1784091240
|switch|p2b: Charizard|Charizard, L50, M|100/100|[from] Flip Turn
|
|upkeep
|turn|2
|inactive|pikatrod has 30 seconds left.
|inactive|Darth Floette has 30 seconds left.
|inactive|pikatrod has 20 seconds left.
|
|t:|1784091280
|detailschange|p2b: Charizard|Charizard-Mega-Y, L50, M
|-mega|p2b: Charizard|Charizard|Charizardite Y
|-weather|SunnyDay|[from] ability: Drought|[of] p2b: Charizard
|move|p1b: Kingambit|Sucker Punch|p2a: Whimsicott
|-resisted|p2a: Whimsicott|1
|-damage|p2a: Whimsicott|69/100
|move|p2a: Whimsicott|Moonblast|p1b: Kingambit
|-damage|p1b: Kingambit|55/100
|-unboost|p1b: Kingambit|spa|1
|-ability|p1b: Kingambit|Defiant|boost
|-boost|p1b: Kingambit|atk|2
|move|p2b: Charizard|Heat Wave|p1b: Kingambit|[spread] p1a,p1b
|-supereffective|p1b: Kingambit|1
|-damage|p1a: Farigiraf|16/100
|-damage|p1b: Kingambit|0 fnt
|-enditem|p1a: Farigiraf|Sitrus Berry|[eat]
|-heal|p1a: Farigiraf|41/100|[from] item: Sitrus Berry
|faint|p1b: Kingambit
|move|p1a: Farigiraf|Trick Room|p1a: Farigiraf
|-fieldstart|move: Trick Room|[of] p1a: Farigiraf
|
|-weather|SunnyDay|[upkeep]
|upkeep
|
|t:|1784091304
|switch|p1b: Aerodactyl|Aerodactyl, L50, M|100/100
|-ability|p1b: Aerodactyl|Unnerve
|turn|3
|inactive|Darth Floette has 30 seconds left.
|
|t:|1784091330
|switch|p2b: Garchomp|Garchomp, L50, M|100/100
|detailschange|p1b: Aerodactyl|Aerodactyl-Mega, L50, M
|-mega|p1b: Aerodactyl|Aerodactyl|Aerodactylite
|move|p2a: Whimsicott|Protect|p2a: Whimsicott
|-singleturn|p2a: Whimsicott|Protect
|move|p1a: Farigiraf|Twin Beam|p2a: Whimsicott
|-activate|p2a: Whimsicott|move: Protect
|move|p1b: Aerodactyl|Rock Slide|p2b: Garchomp|[spread] p2b
|-activate|p2a: Whimsicott|move: Protect
|-resisted|p2b: Garchomp|1
|-damage|p2b: Garchomp|84/100
|
|-weather|SunnyDay|[upkeep]
|upkeep
|turn|4
|inactive|pikatrod has 30 seconds left.
|
|t:|1784091361
|switch|p2a: Charizard|Charizard-Mega-Y, L50, M|100/100
|move|p2b: Garchomp|Protect|p2b: Garchomp
|-singleturn|p2b: Garchomp|Protect
|move|p1b: Aerodactyl|Dual Wingbeat|p2a: Charizard
|-damage|p2a: Charizard|69/100
|-damage|p2a: Charizard|37/100
|-hitcount|p2a: Charizard|2
|move|p1a: Farigiraf|Trick Room|p1a: Farigiraf
|-fieldend|move: Trick Room
|
|-weather|SunnyDay|[upkeep]
|-sideend|p2: Darth Floette|move: Tailwind
|upkeep
|turn|5
|inactive|pikatrod has 30 seconds left.
|inactive|Darth Floette has 30 seconds left.
|inactive|pikatrod has 20 seconds left.
|inactive|Darth Floette has 20 seconds left.
|inactive|pikatrod has 15 seconds left.
|inactive|Darth Floette has 15 seconds left.
|inactive|pikatrod has 10 seconds left.
|inactive|Darth Floette has 10 seconds left.
|
|t:|1784091408
|move|p1b: Aerodactyl|Rock Slide|p2a: Charizard|[spread] p2a,p2b
|-supereffective|p2a: Charizard|2
|-resisted|p2b: Garchomp|1
|-damage|p2a: Charizard|0 fnt
|-damage|p2b: Garchomp|68/100
|faint|p2a: Charizard
|cant|p2b: Garchomp|flinch
|move|p1a: Farigiraf|Twin Beam|p2b: Garchomp
|-damage|p2b: Garchomp|51/100
|-damage|p2b: Garchomp|35/100
|-hitcount|p2b: Garchomp|2
|
|-weather|SunnyDay|[upkeep]
|upkeep
|
|t:|1784091415
|switch|p2a: Whimsicott|Whimsicott, L50, M|69/100
|turn|6
|inactive|pikatrod has 30 seconds left.
|inactive|pikatrod has 20 seconds left.
|inactive|pikatrod has 15 seconds left.
|inactive|pikatrod has 10 seconds left.
|
|t:|1784091462
|move|p2a: Whimsicott|Tailwind|p2a: Whimsicott
|-sidestart|p2: Darth Floette|move: Tailwind
|move|p2b: Garchomp|Dragon Claw|p1a: Farigiraf
|-damage|p1a: Farigiraf|0 fnt
|faint|p1a: Farigiraf
|-damage|p2b: Garchomp|25/100|[from] item: Life Orb
|move|p1b: Aerodactyl|Ice Fang|p2b: Garchomp
|-supereffective|p2b: Garchomp|2
|-damage|p2b: Garchomp|0 fnt
|-damage|p1b: Aerodactyl|87/100|[from] ability: Rough Skin|[of] p2b: Garchomp
|faint|p2b: Garchomp
|
|-weather|none
|upkeep
|
|t:|1784091472
|switch|p2b: Basculegion|Basculegion, L50, M|13/100
|switch|p1a: Garchomp|Garchomp, L50, F|100/100
|turn|7
|inactive|Darth Floette has 30 seconds left.
|
|t:|1784091505
|move|p2b: Basculegion|Wave Crash|p1b: Aerodactyl
|-supereffective|p1b: Aerodactyl|1
|-damage|p1b: Aerodactyl|0 fnt
|faint|p1b: Aerodactyl
|-damage|p2b: Basculegion|0 fnt|[from] Recoil
|faint|p2b: Basculegion
|move|p2a: Whimsicott|Moonblast|p1a: Garchomp
|-supereffective|p1a: Garchomp|1
|-damage|p1a: Garchomp|25/100
|-unboost|p1a: Garchomp|spa|1
|move|p1a: Garchomp|Earthquake|p2a: Whimsicott
|-resisted|p2a: Whimsicott|1
|-damage|p2a: Whimsicott|14/100
|-damage|p1a: Garchomp|15/100|[from] item: Life Orb
|
|upkeep
|turn|8
|
|t:|1784091512
|move|p2a: Whimsicott|Moonblast|p1a: Garchomp
|-supereffective|p1a: Garchomp|1
|-damage|p1a: Garchomp|0 fnt
|faint|p1a: Garchomp
|
|win|Darth Floette
|raw|pikatrod's rating: 1361 → 1343(-18 for losing)
|raw|Darth Floette's rating: 1398 → 1416(+18 for winning)
|c|☆Darth Floette|Gg
|c|☆pikatrod|gg
