|j|☆plaidhaxx
|j|☆KingNoahC17
|html|plaidhaxxKingNoahC17    
|uhtml|bestof|Game 1 of a best-of-3
|t:|1785955962
|gametype|doubles
|player|p1|plaidhaxx|grimsley|
|player|p2|KingNoahC17|alec-anime|
|gen|9
|tier|[Gen 9 Champions] VGC 2026 Reg M-B (Bo3)
|rule|Species Clause: Limit one of each Pokémon
|rule|Item Clause: Limit 1 of each item
|clearpoke
|poke|p1|Kommo-o, L50, F|
|poke|p1|Excadrill, L50, F|
|poke|p1|Tyranitar, L50, M|
|poke|p1|Grimmsnarl, L50, M|
|poke|p1|Scovillain, L50, M|
|poke|p1|Basculegion, L50, M|
|poke|p2|Garchomp, L50, F|
|poke|p2|Floette-Eternal, L50, F|
|poke|p2|Grimmsnarl, L50, M|
|poke|p2|Incineroar, L50, F|
|poke|p2|Metagross, L50|
|poke|p2|Hydreigon, L50, F|
|teampreview|4
|showteam|p1|Kommo-o||Leftovers|Overcoat|ClangingScales,ClangorousSoul,AuraSphere,Protect|Modest||F|||50|]Excadrill||LifeOrb|SandRush|HighHorsepower,RockSlide,IronHead,Protect|Adamant||F|||50|]Tyranitar||Tyranitarite|SandStream|DragonDance,RockSlide,KnockOff,Protect|Jolly||M|||50|]Grimmsnarl||LightClay|Prankster|SpiritBreak,LightScreen,Reflect,FakeOut|Impish||M|||50|]Scovillain||Scovillainite|Moody|Protect,RagePowder,Overheat,EnergyBall|Bold||M|||50|]Basculegion||ChoiceScarf|Adaptability|WaveCrash,LastRespects,AquaJet,FlipTurn|Adamant||M|||50|
|showteam|p2|Garchomp||SitrusBerry|RoughSkin|Earthquake,DragonClaw,RockSlide,Protect|Adamant||F|||50|]Floette-Eternal||Floettite|FlowerVeil|DrainingKiss,DazzlingGleam,CalmMind,Protect|Modest||F|||50|]Grimmsnarl||LightClay|Prankster|SpiritBreak,Reflect,LightScreen,PartingShot|Careful||M|||50|]Incineroar||Charcoal|Intimidate|FlareBlitz,ThroatChop,FakeOut,PartingShot|Adamant||F|||50|]Metagross||Metagrossite|ClearBody|Protect,PsychicFangs,IronHead,StompingTantrum|Jolly|||||50|]Hydreigon||ChoiceScarf|Levitate|DarkPulse,DracoMeteor,Snarl,EarthPower|Modest||F|||50|
|
|t:|1785956043
|teamsize|p1|4
|teamsize|p2|4
|start
|switch|p1a: Tyranitar|Tyranitar, L50, M|100/100
|switch|p1b: Scovillain|Scovillain, L50, M|100/100
|switch|p2a: Grimmsnarl|Grimmsnarl, L50, M|100/100
|switch|p2b: Incineroar|Incineroar, L50, F|100/100
|-weather|Sandstorm|[from] ability: Sand Stream|[of] p1a: Tyranitar
|-ability|p2b: Incineroar|Intimidate|boost
|-unboost|p1a: Tyranitar|atk|1
|-unboost|p1b: Scovillain|atk|1
|turn|1
|
|t:|1785956059
|move|p1a: Tyranitar|Protect|p1a: Tyranitar
|-singleturn|p1a: Tyranitar|Protect
|move|p1b: Scovillain|Protect|p1b: Scovillain
|-singleturn|p1b: Scovillain|Protect
|move|p2b: Incineroar|Fake Out|p1a: Tyranitar
|-activate|p1a: Tyranitar|move: Protect
|move|p2a: Grimmsnarl|Reflect|p2a: Grimmsnarl
|-sidestart|p2: KingNoahC17|Reflect
|
|-weather|Sandstorm|[upkeep]
|-damage|p2b: Incineroar|94/100|[from] Sandstorm
|-damage|p1b: Scovillain|94/100|[from] Sandstorm
|-damage|p2a: Grimmsnarl|94/100|[from] Sandstorm
|-ability|p1b: Scovillain|Moody|boost
|-boost|p1b: Scovillain|spd|2
|-unboost|p1b: Scovillain|def|1
|upkeep
|turn|2
|
|t:|1785956097
|move|p2a: Grimmsnarl|Parting Shot|p1b: Scovillain
|-unboost|p1b: Scovillain|atk|1
|-unboost|p1b: Scovillain|spa|1
|
|t:|1785956104
|switch|p2a: Floette|Floette-Eternal, L50, F|100/100|[from] Parting Shot
|move|p1a: Tyranitar|Rock Slide|p2a: Floette|[spread] p2a,p2b
|-supereffective|p2b: Incineroar|1
|-damage|p2a: Floette|84/100
|-damage|p2b: Incineroar|69/100
|move|p2b: Incineroar|Flare Blitz|p1b: Scovillain
|-damage|p1b: Scovillain|0 fnt
|faint|p1b: Scovillain
|-damage|p2b: Incineroar|43/100|[from] Recoil
|
|-weather|Sandstorm|[upkeep]
|-damage|p2a: Floette|78/100|[from] Sandstorm
|-damage|p2b: Incineroar|37/100|[from] Sandstorm
|upkeep
|
|t:|1785956150
|switch|p1b: Excadrill|Excadrill, L50, F|100/100
|turn|3
|
|t:|1785956180
|switch|p2b: Grimmsnarl|Grimmsnarl, L50, M|94/100
|detailschange|p2a: Floette|Floette-Mega, L50, F
|-mega|p2a: Floette|Floette|Floettite
|-ability|p2a: Floette|Fairy Aura
|move|p2a: Floette|Protect|p2a: Floette
|-singleturn|p2a: Floette|Protect
|move|p1b: Excadrill|High Horsepower|p2b: Grimmsnarl
|-damage|p2b: Grimmsnarl|47/100
|-damage|p1b: Excadrill|90/100|[from] item: Life Orb
|move|p1a: Tyranitar|Dragon Dance|p1a: Tyranitar
|-boost|p1a: Tyranitar|atk|1
|-boost|p1a: Tyranitar|spe|1
|
|-weather|Sandstorm|[upkeep]
|-damage|p2a: Floette|72/100|[from] Sandstorm
|-damage|p2b: Grimmsnarl|41/100|[from] Sandstorm
|upkeep
|turn|4
|
|t:|1785956205
|move|p2b: Grimmsnarl|Parting Shot|p1b: Excadrill
|-unboost|p1b: Excadrill|atk|1
|-unboost|p1b: Excadrill|spa|1
|
|t:|1785956208
|switch|p2b: Incineroar|Incineroar, L50, F|37/100|[from] Parting Shot
|-ability|p2b: Incineroar|Intimidate|boost
|-unboost|p1a: Tyranitar|atk|1
|-unboost|p1b: Excadrill|atk|1
|move|p1b: Excadrill|Iron Head|p2a: Floette
|-supereffective|p2a: Floette|1
|-damage|p2a: Floette|30/100
|-damage|p1b: Excadrill|80/100|[from] item: Life Orb
|move|p1a: Tyranitar|Rock Slide|p2b: Incineroar|[spread] p2b
|-miss|p1a: Tyranitar|p2a: Floette
|-supereffective|p2b: Incineroar|1
|-damage|p2b: Incineroar|15/100
|move|p2a: Floette|Draining Kiss|p1a: Tyranitar
|-supereffective|p1a: Tyranitar|1
|-damage|p1a: Tyranitar|48/100
|-heal|p2a: Floette|70/100|[from] drain|[of] p1a: Tyranitar
|
|-weather|Sandstorm|[upkeep]
|-damage|p2a: Floette|64/100|[from] Sandstorm
|-damage|p2b: Incineroar|9/100|[from] Sandstorm
|upkeep
|turn|5
|
|t:|1785956238
|switch|p2b: Hydreigon|Hydreigon, L50, F|100/100
|move|p1b: Excadrill|Protect|p1b: Excadrill
|-singleturn|p1b: Excadrill|Protect
|move|p1a: Tyranitar|Protect|p1a: Tyranitar
|-singleturn|p1a: Tyranitar|Protect
|move|p2a: Floette|Protect||[still]
|-fail|p2a: Floette
|
|-weather|none
|upkeep
|turn|6
|
|t:|1785956252
|detailschange|p1a: Tyranitar|Tyranitar-Mega, L50, M
|-mega|p1a: Tyranitar|Tyranitar|Tyranitarite
|-weather|Sandstorm|[from] ability: Sand Stream|[of] p1a: Tyranitar
|move|p1b: Excadrill|Iron Head|p2a: Floette
|-supereffective|p2a: Floette|1
|-damage|p2a: Floette|23/100
|-damage|p1b: Excadrill|71/100|[from] item: Life Orb
|move|p2b: Hydreigon|Earth Power|p1b: Excadrill
|-supereffective|p1b: Excadrill|1
|-damage|p1b: Excadrill|0 fnt
|faint|p1b: Excadrill
|move|p1a: Tyranitar|Rock Slide|p2a: Floette|[spread] p2b
|-miss|p1a: Tyranitar|p2a: Floette
|-damage|p2b: Hydreigon|84/100
|move|p2a: Floette|Draining Kiss|p1a: Tyranitar
|-supereffective|p1a: Tyranitar|1
|-damage|p1a: Tyranitar|8/100
|-heal|p2a: Floette|54/100|[from] drain|[of] p1a: Tyranitar
|
|-weather|Sandstorm|[upkeep]
|-damage|p2b: Hydreigon|78/100|[from] Sandstorm
|-damage|p2a: Floette|48/100|[from] Sandstorm
|upkeep
|c|☆KingNoahC17|mb
|
|t:|1785956270
|switch|p1b: Basculegion|Basculegion, L50, M|100/100
|turn|7
|c|☆KingNoahC17|2 is really rough
|
|t:|1785956288
|switch|p2a: Incineroar|Incineroar, L50, F|9/100
|-ability|p2a: Incineroar|Intimidate|boost
|-unboost|p1a: Tyranitar|atk|1
|-unboost|p1b: Basculegion|atk|1
|move|p2b: Hydreigon|Earth Power|p1a: Tyranitar
|-supereffective|p1a: Tyranitar|1
|-damage|p1a: Tyranitar|0 fnt
|faint|p1a: Tyranitar
|move|p1b: Basculegion|Last Respects|p2a: Incineroar
|-resisted|p2a: Incineroar|1
|-damage|p2a: Incineroar|0 fnt
|faint|p2a: Incineroar
|
|-weather|Sandstorm|[upkeep]
|-damage|p2b: Hydreigon|73/100|[from] Sandstorm
|-damage|p1b: Basculegion|93/100|[from] Sandstorm
|upkeep
|
|t:|1785956297
|switch|p2a: Grimmsnarl|Grimmsnarl, L50, M|41/100
|turn|8
|
|t:|1785956303
|switch|p2b: Floette|Floette-Mega, L50, F|48/100
|-ability|p2b: Floette|Fairy Aura
|move|p1b: Basculegion|Last Respects|p2b: Floette
|-damage|p2b: Floette|0 fnt
|faint|p2b: Floette
|move|p2a: Grimmsnarl|Spirit Break|p1b: Basculegion
|-damage|p1b: Basculegion|53/100
|-unboost|p1b: Basculegion|spa|1
|
|-weather|Sandstorm|[upkeep]
|-damage|p1b: Basculegion|47/100|[from] Sandstorm
|-damage|p2a: Grimmsnarl|35/100|[from] Sandstorm
|-sideend|p2: KingNoahC17|Reflect
|upkeep
|
|t:|1785956315
|switch|p2b: Hydreigon|Hydreigon, L50, F|73/100
|turn|9
|
|t:|1785956321
|move|p2b: Hydreigon|Dark Pulse|p1b: Basculegion
|-supereffective|p1b: Basculegion|1
|-damage|p1b: Basculegion|0 fnt
|faint|p1b: Basculegion
|
|win|KingNoahC17
