|j|☆LorGhez
|j|☆Al caruso
|html|LorGhezAl caruso    
|uhtml|bestof|Game 2 of a best-of-3
|t:|1782512228
|gametype|doubles
|player|p1|LorGhez|2|1145
|player|p2|Al caruso|102|1045
|gen|9
|tier|[Gen 9 Champions] VGC 2026 Reg M-B (Bo3)
|rated|
|rule|Species Clause: Limit one of each Pokémon
|rule|Item Clause: Limit 1 of each item
|clearpoke
|poke|p1|Sceptile, L50, M|
|poke|p1|Sylveon, L50, M|
|poke|p1|Rotom-Wash, L50|
|poke|p1|Aerodactyl, L50, F|
|poke|p1|Gyarados, L50, F|
|poke|p1|Kingambit, L50, M|
|poke|p2|Charizard, L50, M|
|poke|p2|Garchomp, L50, F|
|poke|p2|Basculegion, L50, M|
|poke|p2|Whimsicott, L50, M|
|poke|p2|Dragonite, L50, M|
|poke|p2|Gholdengo, L50|
|teampreview|4
|showteam|p1|Sceptile||Sceptilite|Overgrow|Protect,EnergyBall,DragonPulse,EarthPower|Timid||M|||50|]Sylveon||FairyFeather|Pixilate|Protect,HyperBeam,HyperVoice,Yawn|Modest||M|||50|]Rotom-Wash||Leftovers|Levitate|WillOWisp,Discharge,ThunderWave,LightScreen|Modest|||||50|]Aerodactyl||Aerodactylite|RockHead|WideGuard,Tailwind,RockSlide,DualWingbeat|Jolly||F|||50|]Gyarados||ExpertBelt|Intimidate|Protect,ThunderWave,Waterfall,TemperFlare|Adamant||F|||50|]Kingambit||ChopleBerry|Defiant|Protect,SuckerPunch,KowtowCleave,IronHead|Adamant||M|||50|
|showteam|p2|Charizard||CharizarditeY|Blaze|HeatWave,Protect,SolarBeam,WeatherBall|Modest||M|||50|]Garchomp||LifeOrb|RoughSkin|Earthquake,DragonClaw,Protect,RockSlide|Jolly||F|||50|]Basculegion||MysticWater|Adaptability|LastRespects,WaveCrash,Protect,AquaJet|Adamant||M|||50|]Whimsicott||FocusSash|Prankster|Tailwind,Moonblast,Protect,Encore|Timid||M|||50|]Dragonite||Dragoninite|Multiscale|DragonPulse,Thunderbolt,Flamethrower,Protect|Modest||M|||50|]Gholdengo||MetalCoat|GoodasGold|MakeItRain,ShadowBall,NastyPlot,Protect|Timid|||||50|
|inactive|Battle timer is ON: inactive players will automatically lose when time's up. (requested by LorGhez)
|inactive|LorGhez has 60 seconds left.
|inactive|LorGhez has 30 seconds left.
|inactive|LorGhez has 20 seconds left.
|inactive|LorGhez has 15 seconds left.
|inactive|LorGhez has 10 seconds left.
|inactive|LorGhez has 5 seconds left.
|
|t:|1782512319
|teamsize|p1|4
|teamsize|p2|4
|start
|switch|p1a: Rotom|Rotom-Wash, L50|100/100
|switch|p1b: Sceptile|Sceptile, L50, M|100/100
|switch|p2a: Garchomp|Garchomp, L50, F|100/100
|switch|p2b: Dragonite|Dragonite, L50, M|100/100
|turn|1
|inactive|LorGhez has 30 seconds left.
|inactive|Al caruso has 30 seconds left.
|inactive|LorGhez has 20 seconds left.
|inactive|LorGhez has 15 seconds left.
|inactive|LorGhez has 10 seconds left.
|inactive|LorGhez has 5 seconds left.
|
|t:|1782512374
|detailschange|p1b: Sceptile|Sceptile-Mega, L50, M
|-mega|p1b: Sceptile|Sceptile|Sceptilite
|detailschange|p2b: Dragonite|Dragonite-Mega, L50, M
|-mega|p2b: Dragonite|Dragonite|Dragoninite
|move|p1b: Sceptile|Protect|p1b: Sceptile
|-singleturn|p1b: Sceptile|Protect
|move|p2a: Garchomp|Protect|p2a: Garchomp
|-singleturn|p2a: Garchomp|Protect
|move|p2b: Dragonite|Dragon Pulse|p1b: Sceptile
|-activate|p1b: Sceptile|move: Protect
|move|p1a: Rotom|Discharge|p2b: Dragonite|[spread] p2b
|-activate|p1b: Sceptile|move: Protect
|-activate|p2a: Garchomp|move: Protect
|-damage|p2b: Dragonite|87/100
|
|upkeep
|turn|2
|inactive|LorGhez has 30 seconds left.
|inactive|LorGhez has 20 seconds left.
|
|t:|1782512410
|move|p2b: Dragonite|Protect|p2b: Dragonite
|-singleturn|p2b: Dragonite|Protect
|move|p1b: Sceptile|Dragon Pulse|p2b: Dragonite
|-activate|p2b: Dragonite|move: Protect
|move|p2a: Garchomp|Dragon Claw|p1b: Sceptile
|-supereffective|p1b: Sceptile|1
|-damage|p1b: Sceptile|0 fnt
|faint|p1b: Sceptile
|-damage|p2a: Garchomp|90/100|[from] item: Life Orb
|move|p1a: Rotom|Will-O-Wisp|p2a: Garchomp
|-status|p2a: Garchomp|brn
|
|-damage|p2a: Garchomp|84/100 brn|[from] brn
|upkeep
|
|t:|1782512424
|switch|p1b: Sylveon|Sylveon, L50, M|100/100
|turn|3
|
|t:|1782512447
|move|p2a: Garchomp|Protect|p2a: Garchomp
|-singleturn|p2a: Garchomp|Protect
|move|p2b: Dragonite|Thunderbolt|p1b: Sylveon
|-damage|p1b: Sylveon|70/100
|move|p1a: Rotom|Light Screen|p1a: Rotom
|-sidestart|p1: LorGhez|move: Light Screen
|move|p1b: Sylveon|Hyper Voice|p2a: Garchomp|[spread] p2b
|-activate|p2a: Garchomp|move: Protect
|-supereffective|p2b: Dragonite|1
|-damage|p2b: Dragonite|0 fnt
|faint|p2b: Dragonite
|
|-damage|p2a: Garchomp|78/100 brn|[from] brn
|upkeep
|
|t:|1782512466
|switch|p2b: Whimsicott|Whimsicott, L50, M|100/100
|turn|4
|inactive|LorGhez has 30 seconds left.
|inactive|LorGhez has 20 seconds left.
|
|t:|1782512502
|move|p2b: Whimsicott|Encore|p1a: Rotom
|-start|p1a: Rotom|Encore
|move|p2a: Garchomp|Rock Slide|p1b: Sylveon|[spread] p1a,p1b
|-damage|p1a: Rotom|88/100
|-damage|p1b: Sylveon|58/100
|-damage|p2a: Garchomp|69/100 brn|[from] item: Life Orb
|move|p1a: Rotom|Light Screen||[still]
|-fail|p1a: Rotom
|cant|p1b: Sylveon|flinch
|
|-heal|p1a: Rotom|94/100|[from] item: Leftovers
|-damage|p2a: Garchomp|63/100 brn|[from] brn
|upkeep
|turn|5
|
|t:|1782512526
|switch|p1a: Gyarados|Gyarados, L50, F|100/100
|-ability|p1a: Gyarados|Intimidate|boost
|-unboost|p2a: Garchomp|atk|1
|-unboost|p2b: Whimsicott|atk|1
|move|p2b: Whimsicott|Protect|p2b: Whimsicott
|-singleturn|p2b: Whimsicott|Protect
|move|p2a: Garchomp|Rock Slide|p1b: Sylveon|[spread] p1a,p1b
|-supereffective|p1a: Gyarados|1
|-damage|p1a: Gyarados|82/100
|-damage|p1b: Sylveon|48/100
|-damage|p2a: Garchomp|53/100 brn|[from] item: Life Orb
|cant|p1b: Sylveon|flinch
|
|-damage|p2a: Garchomp|47/100 brn|[from] brn
|upkeep
|turn|6
|inactive|LorGhez has 30 seconds left.
|inactive|Al caruso has 30 seconds left.
|inactive|LorGhez has 20 seconds left.
|
|t:|1782512564
|move|p2b: Whimsicott|Tailwind|p2b: Whimsicott
|-sidestart|p2: Al caruso|move: Tailwind
|move|p2a: Garchomp|Rock Slide|p1a: Gyarados|[spread] p1a,p1b
|-supereffective|p1a: Gyarados|1
|-crit|p1b: Sylveon
|-damage|p1a: Gyarados|65/100
|-damage|p1b: Sylveon|29/100
|-damage|p2a: Garchomp|38/100 brn|[from] item: Life Orb
|cant|p1a: Gyarados|flinch
|move|p1b: Sylveon|Hyper Voice|p2b: Whimsicott|[spread] p2a,p2b
|-supereffective|p2a: Garchomp|1
|-damage|p2a: Garchomp|0 fnt
|-damage|p2b: Whimsicott|21/100
|faint|p2a: Garchomp
|
|upkeep
|
|t:|1782512579
|switch|p2a: Basculegion|Basculegion, L50, M|100/100
|turn|7
|
|t:|1782512603
|switch|p1a: Rotom|Rotom-Wash, L50|94/100
|move|p2b: Whimsicott|Moonblast|p1b: Sylveon
|-damage|p1b: Sylveon|11/100
|move|p2a: Basculegion|Last Respects|p1a: Rotom
|-damage|p1a: Rotom|0 fnt
|faint|p1a: Rotom
|move|p1b: Sylveon|Hyper Voice|p2b: Whimsicott|[spread] p2a,p2b
|-damage|p2a: Basculegion|42/100
|-damage|p2b: Whimsicott|0 fnt
|faint|p2b: Whimsicott
|
|-sideend|p1: LorGhez|move: Light Screen
|upkeep
|
|t:|1782512616
|switch|p1a: Gyarados|Gyarados, L50, F|65/100
|-ability|p1a: Gyarados|Intimidate|boost
|-unboost|p2a: Basculegion|atk|1
|turn|8
|
|t:|1782512639
|move|p2a: Basculegion|Protect|p2a: Basculegion
|-singleturn|p2a: Basculegion|Protect
|move|p1a: Gyarados|Protect|p1a: Gyarados
|-singleturn|p1a: Gyarados|Protect
|move|p1b: Sylveon|Protect||[still]
|-fail|p1b: Sylveon
|
|upkeep
|turn|9
|inactive|Al caruso has 30 seconds left.
|
|t:|1782512665
|move|p2a: Basculegion|Aqua Jet|p1b: Sylveon
|-damage|p1b: Sylveon|0 fnt
|faint|p1b: Sylveon
|move|p1a: Gyarados|Thunder Wave|p2a: Basculegion
|-status|p2a: Basculegion|par
|
|-sideend|p2: Al caruso|move: Tailwind
|upkeep
|turn|10
|
|t:|1782512677
|move|p1a: Gyarados|Waterfall|p2a: Basculegion
|-resisted|p2a: Basculegion|1
|-damage|p2a: Basculegion|17/100 par
|move|p2a: Basculegion|Last Respects|p1a: Gyarados
|-damage|p1a: Gyarados|0 fnt
|faint|p1a: Gyarados
|
|win|Al caruso
|raw|LorGhez's rating: 1145 → 1113(-32 for losing)
|raw|Al caruso's rating: 1045 → 1088(+43 for winning)
|l|☆Al caruso
|player|p2|
