|j|☆SuperPokeVGC
|j|☆Xthaipe
|html|SuperPokeVGCXthaipe    
|uhtml|bestof|Game 3 of a best-of-3
|t:|1756313994
|gametype|doubles
|player|p1|SuperPokeVGC|ltsurge|1135
|player|p2|Xthaipe|266|1091
|gen|9
|tier|[Gen 9] VGC 2025 Reg H (Bo3)
|rated|
|rule|Species Clause: Limit one of each Pokémon
|rule|Item Clause: Limit 1 of each item
|clearpoke
|poke|p1|Tyranitar, L50, M|
|poke|p1|Garchomp, L50, F|
|poke|p1|Gholdengo, L50|
|poke|p1|Sinistcha, L50|
|poke|p1|Yanmega, L50, F|
|poke|p1|Arcanine, L50, M|
|poke|p2|Tyranitar, L50, F|
|poke|p2|Hitmontop, L50, M|
|poke|p2|Tinkaton, L50, F|
|poke|p2|Gastrodon, L50, F|
|poke|p2|Excadrill, L50, M|
|poke|p2|Kilowattrel, L50, F|
|teampreview|4
|showteam|p1|Tyranitar||LifeOrb|SandStream|KnockOff,RockSlide,TeraBlast,Protect|||M|||50|,,,,,Flying]Garchomp||ClearAmulet|SandVeil|DragonClaw,StompingTantrum,Earthquake,Protect|||F|||50|,,,,,Fire]Gholdengo||Leftovers|GoodasGold|MakeItRain,ShadowBall,NastyPlot,Protect||||||50|,,,,,Water]Sinistcha||SitrusBerry|Hospitality|RagePowder,MatchaGotcha,TrickRoom,Protect||||||50|,,,,,Water]Yanmega||FocusSash|SpeedBoost|Tailwind,AirSlash,BugBuzz,Detect|||F|||50|,,,,,Ghost]Arcanine||MirrorHerb|Intimidate|ExtremeSpeed,FlareBlitz,WillOWisp,Protect|||M|||50|,,,,,Normal
|showteam|p2|Tyranitar||WeaknessPolicy|SandStream|Protect,RockSlide,Crunch,DragonDance|||F|||50|,,,,,Fire]Hitmontop||ClearAmulet|Intimidate|QuickGuard,FakeOut,CloseCombat,WideGuard|||M|||50|,,,,,Fighting]Tinkaton||AssaultVest|MoldBreaker|FakeOut,PlayRough,KnockOff,GigatonHammer|||F|||50|,,,,,Fairy]Gastrodon||RindoBerry|StormDrain|MuddyWater,ClearSmog,IcyWind,Yawn|||F|||50|,,,,,Poison]Excadrill||FocusSash|SandRush|Protect,RockSlide,HighHorsepower,IronHead|||M|||50|,,,,,Steel]Kilowattrel||SafetyGoggles|Competitive|Tailwind,WeatherBall,ElectroBall,AirSlash|||F|||50|,,,,,Electric
|inactive|Battle timer is ON: inactive players will automatically lose when time's up. (requested by SuperPokeVGC)
|inactive|Xthaipe has 60 seconds left.
|
|t:|1756314031
|teamsize|p1|4
|teamsize|p2|4
|start
|switch|p1a: Yanmega|Yanmega, L50, F, shiny|100/100
|switch|p1b: Gholdengo|Gholdengo, L50|100/100
|switch|p2a: Tyranitar|Tyranitar, L50, F|100/100
|switch|p2b: Excadrill|Excadrill, L50, M|100/100
|-weather|Sandstorm|[from] ability: Sand Stream|[of] p2a: Tyranitar
|turn|1
|
|t:|1756314048
|-terastallize|p2a: Tyranitar|Fire
|move|p1b: Gholdengo|Protect|p1b: Gholdengo
|-singleturn|p1b: Gholdengo|Protect
|move|p2b: Excadrill|Rock Slide|p1a: Yanmega|[spread] p1a
|-activate|p1b: Gholdengo|move: Protect
|-supereffective|p1a: Yanmega
|-enditem|p1a: Yanmega|Focus Sash
|-damage|p1a: Yanmega|1/100
|cant|p1a: Yanmega|flinch
|move|p2a: Tyranitar|Crunch|p1b: Gholdengo
|-activate|p1b: Gholdengo|move: Protect
|
|-weather|Sandstorm|[upkeep]
|-damage|p1a: Yanmega|0 fnt|[from] Sandstorm
|-damage|p2a: Tyranitar|94/100|[from] Sandstorm
|faint|p1a: Yanmega
|upkeep
|
|t:|1756314064
|switch|p1a: Garchomp|Garchomp, L50, F|100/100
|turn|2
|inactive|SuperPokeVGC has 30 seconds left.
|inactive|SuperPokeVGC has 20 seconds left.
|
|t:|1756314100
|-terastallize|p1b: Gholdengo|Water
|move|p2b: Excadrill|High Horsepower|p1a: Garchomp|[miss]
|-miss|p2b: Excadrill|p1a: Garchomp
|move|p1a: Garchomp|Earthquake|p2a: Tyranitar|[spread] p1b,p2a,p2b
|-supereffective|p2a: Tyranitar
|-supereffective|p2b: Excadrill
|-damage|p1b: Gholdengo|59/100
|-damage|p2a: Tyranitar|24/100
|-enditem|p2b: Excadrill|Focus Sash
|-damage|p2b: Excadrill|1/100
|-enditem|p2a: Tyranitar|Weakness Policy
|-boost|p2a: Tyranitar|atk|2|[from] item: Weakness Policy
|-boost|p2a: Tyranitar|spa|2|[from] item: Weakness Policy
|move|p1b: Gholdengo|Shadow Ball|p2b: Excadrill
|-damage|p2b: Excadrill|0 fnt
|faint|p2b: Excadrill
|move|p2a: Tyranitar|Crunch|p1b: Gholdengo
|-damage|p1b: Gholdengo|0 fnt
|faint|p1b: Gholdengo
|
|-weather|Sandstorm|[upkeep]
|-damage|p2a: Tyranitar|18/100|[from] Sandstorm
|upkeep
|
|t:|1756314125
|switch|p2b: Tinkaton|Tinkaton, L50, F|100/100
|switch|p1b: Arcanine|Arcanine, L50, M|100/100
|-ability|p2b: Tinkaton|Mold Breaker
|-ability|p1b: Arcanine|Intimidate|boost
|-unboost|p2a: Tyranitar|atk|1
|-unboost|p2b: Tinkaton|atk|1
|turn|3
|
|t:|1756314142
|move|p2b: Tinkaton|Fake Out|p1b: Arcanine
|-damage|p1b: Arcanine|92/100
|move|p1a: Garchomp|Stomping Tantrum|p2a: Tyranitar
|-supereffective|p2a: Tyranitar
|-crit|p2a: Tyranitar
|-damage|p2a: Tyranitar|0 fnt
|faint|p2a: Tyranitar
|cant|p1b: Arcanine|flinch
|
|-weather|Sandstorm|[upkeep]
|-damage|p1b: Arcanine|86/100|[from] Sandstorm
|upkeep
|
|t:|1756314154
|switch|p2a: Gastrodon|Gastrodon, L50, F|100/100
|turn|4
|inactive|SuperPokeVGC has 30 seconds left.
|inactive|SuperPokeVGC has 20 seconds left.
|
|t:|1756314191
|move|p1b: Arcanine|Protect|p1b: Arcanine
|-singleturn|p1b: Arcanine|Protect
|move|p1a: Garchomp|Earthquake|p2a: Gastrodon|[spread] p2a,p2b
|-activate|p1b: Arcanine|move: Protect
|-supereffective|p2b: Tinkaton
|-damage|p2a: Gastrodon|58/100
|-damage|p2b: Tinkaton|0 fnt
|faint|p2b: Tinkaton
|move|p2a: Gastrodon|Muddy Water|p1b: Arcanine|[spread] p1a
|-activate|p1b: Arcanine|move: Protect
|-damage|p1a: Garchomp|66/100
|
|-weather|Sandstorm|[upkeep]
|-damage|p1b: Arcanine|80/100|[from] Sandstorm
|upkeep
|turn|5
|c|☆Xthaipe|Gg I was kinda distracted. Good team though. Have a nice day.
|
|t:|1756314211
|move|p1b: Arcanine|Extreme Speed|p2a: Gastrodon
|-damage|p2a: Gastrodon|29/100
|move|p1a: Garchomp|Dragon Claw|p2a: Gastrodon
|-damage|p2a: Gastrodon|0 fnt
|faint|p2a: Gastrodon
|
|win|SuperPokeVGC
|raw|SuperPokeVGC's rating: 1135 → 1157(+22 for winning)
|raw|Xthaipe's rating: 1091 → 1070(-21 for losing)
|c|☆SuperPokeVGC|ggs thx all good
|l|☆Xthaipe
|player|p2|
