|j|☆Schroombert
|j|☆Bread248
|html|SchroombertBread248    
|uhtml|bestof|Game 1 of a best-of-3
|t:|1756493023
|gametype|doubles
|player|p1|Schroombert|rancher|1335
|player|p2|Bread248|266|1325
|gen|9
|tier|[Gen 9] VGC 2025 Reg H (Bo3)
|rated|
|rule|Species Clause: Limit one of each Pokémon
|rule|Item Clause: Limit 1 of each item
|clearpoke
|poke|p1|Whimsicott, L50, M|
|poke|p1|Garchomp, L50, M|
|poke|p1|Gholdengo, L50|
|poke|p1|Incineroar, L50, M|
|poke|p1|Annihilape, L50, F|
|poke|p1|Dragonite, L50, F|
|poke|p2|Gholdengo, L50|
|poke|p2|Sneasler, L50, F|
|poke|p2|Incineroar, L50, F|
|poke|p2|Amoonguss, L50, F|
|poke|p2|Dragonite, L50, M|
|poke|p2|Ursaluna-Bloodmoon, L50, M|
|teampreview|4
|showteam|p1|Whimsicott||FocusSash|Prankster|Moonblast,Tailwind,Encore,Protect|||M|||50|,,,,,Ghost]Garchomp||LifeOrb|RoughSkin|Earthquake,DragonClaw,StompingTantrum,Protect|||M|||50|,,,,,Steel]Gholdengo||ChoiceSpecs|GoodasGold|MakeItRain,ShadowBall,Trick,Protect||||||50|,,,,,Steel]Incineroar||AssaultVest|Intimidate|FakeOut,FlareBlitz,KnockOff,Uturn|||M|||50|,,,,,Grass]Annihilape||PowerHerb|Defiant|CloseCombat,PhantomForce,Coaching,Protect|||F|||50|,,,,,Stellar]Dragonite||LoadedDice|Multiscale|ScaleShot,Tailwind,Haze,Protect|||F|||50|,,,,,Fairy
|showteam|p2|Gholdengo||LifeOrb|GoodasGold|MakeItRain,ShadowBall,NastyPlot,Protect||||||50|,,,,,Steel]Sneasler||FocusSash|PoisonTouch|FakeOut,CloseCombat,DireClaw,Protect|||F|||50|,,,,,Stellar]Incineroar||SafetyGoggles|Intimidate|FakeOut,FlareBlitz,KnockOff,PartingShot|||F|||50|,,,,,Ghost]Amoonguss||SitrusBerry|Regenerator|Spore,RagePowder,SludgeBomb,Protect|||F|||50|,,,,,Psychic]Dragonite||LoadedDice|Multiscale|ScaleShot,Haze,Tailwind,Protect|||M|||50|,,,,,Fairy]Ursaluna-Bloodmoon||AssaultVest|MindsEye|HyperVoice,BloodMoon,EarthPower,VacuumWave|||M|||50|,,,,,Water
|inactive|Battle timer is ON: inactive players will automatically lose when time's up. (requested by Bread248)
|inactive|Schroombert also wants the timer to be on.
|inactive|Schroombert has 60 seconds left.
|inactive|Bread248 has 60 seconds left.
|inactive|Bread248 has 30 seconds left.
|
|t:|1756493091
|teamsize|p1|4
|teamsize|p2|4
|start
|switch|p1a: Incineroar|Incineroar, L50, M, shiny|100/100
|switch|p1b: Annihilape|Annihilape, L50, F, shiny|100/100
|switch|p2a: Ursaluna|Ursaluna-Bloodmoon, L50, M|100/100
|switch|p2b: Amoonguss|Amoonguss, L50, F|100/100
|-ability|p1a: Incineroar|Intimidate|boost
|-unboost|p2a: Ursaluna|atk|1
|-unboost|p2b: Amoonguss|atk|1
|turn|1
|inactive|Bread248 has 30 seconds left.
|
|t:|1756493121
|-terastallize|p2a: Ursaluna|Water
|move|p1a: Incineroar|Fake Out|p2b: Amoonguss
|-damage|p2b: Amoonguss|90/100
|move|p1b: Annihilape|Close Combat|p2a: Ursaluna
|-damage|p2a: Ursaluna|52/100
|-unboost|p1b: Annihilape|def|1
|-unboost|p1b: Annihilape|spd|1
|move|p2a: Ursaluna|Blood Moon|p1b: Annihilape
|-damage|p1b: Annihilape|0 fnt
|faint|p1b: Annihilape
|cant|p2b: Amoonguss|flinch
|
|upkeep
|
|t:|1756493131
|switch|p1b: Dragonite|Dragonite, L50, F, shiny|100/100
|turn|2
|
|t:|1756493141
|switch|p2a: Incineroar|Incineroar, L50, F, shiny|100/100
|-ability|p2a: Incineroar|Intimidate|boost
|-unboost|p1a: Incineroar|atk|1
|-unboost|p1b: Dragonite|atk|1
|move|p2b: Amoonguss|Protect|p2b: Amoonguss
|-singleturn|p2b: Amoonguss|Protect
|move|p1b: Dragonite|Scale Shot|p2b: Amoonguss
|-activate|p2b: Amoonguss|move: Protect
|move|p1a: Incineroar|Flare Blitz|p2b: Amoonguss
|-activate|p2b: Amoonguss|move: Protect
|
|upkeep
|turn|3
|
|t:|1756493155
|switch|p1b: Garchomp|Garchomp, L50, M, shiny|100/100
|move|p2a: Incineroar|Fake Out|p1a: Incineroar
|-damage|p1a: Incineroar|89/100
|cant|p1a: Incineroar|flinch
|move|p2b: Amoonguss|Spore|p1b: Garchomp
|-status|p1b: Garchomp|slp|[from] move: Spore
|
|upkeep
|turn|4
|
|t:|1756493167
|cant|p1b: Garchomp|slp
|move|p1a: Incineroar|Knock Off|p2b: Amoonguss
|-damage|p2b: Amoonguss|61/100
|-enditem|p2b: Amoonguss|Sitrus Berry|[from] move: Knock Off|[of] p1a: Incineroar
|move|p2a: Incineroar|Knock Off|p1a: Incineroar
|-resisted|p1a: Incineroar
|-damage|p1a: Incineroar|70/100
|-enditem|p1a: Incineroar|Assault Vest|[from] move: Knock Off|[of] p2a: Incineroar
|move|p2b: Amoonguss|Spore|p1a: Incineroar
|-status|p1a: Incineroar|slp|[from] move: Spore
|
|upkeep
|turn|5
|
|t:|1756493182
|cant|p1b: Garchomp|slp
|cant|p1a: Incineroar|slp
|move|p2a: Incineroar|Parting Shot|p1b: Garchomp
|-unboost|p1b: Garchomp|atk|1
|-unboost|p1b: Garchomp|spa|1
|
|t:|1756493190
|switch|p2a: Ursaluna|Ursaluna-Bloodmoon, L50, M, tera:Water|52/100|[from] Parting Shot
|move|p2b: Amoonguss|Sludge Bomb|p1a: Incineroar
|-damage|p1a: Incineroar|40/100 slp
|
|upkeep
|turn|6
|
|t:|1756493206
|switch|p2b: Incineroar|Incineroar, L50, F, shiny|100/100
|-ability|p2b: Incineroar|Intimidate|boost
|-unboost|p1a: Incineroar|atk|1
|-unboost|p1b: Garchomp|atk|1
|cant|p1b: Garchomp|slp
|cant|p1a: Incineroar|slp
|move|p2a: Ursaluna|Blood Moon|p1b: Garchomp
|-damage|p1b: Garchomp|17/100 slp
|
|upkeep
|turn|7
|
|t:|1756493219
|move|p2b: Incineroar|Fake Out|p1a: Incineroar
|-damage|p1a: Incineroar|28/100 slp
|-curestatus|p1b: Garchomp|slp|[msg]
|move|p1b: Garchomp|Stomping Tantrum|p2a: Ursaluna
|-damage|p2a: Ursaluna|13/100
|-damage|p1b: Garchomp|7/100|[from] item: Life Orb
|cant|p1a: Incineroar|slp
|move|p2a: Ursaluna|Hyper Voice|p1b: Garchomp|[spread] p1a,p1b
|-damage|p1a: Incineroar|0 fnt
|-damage|p1b: Garchomp|0 fnt
|faint|p1a: Incineroar
|faint|p1b: Garchomp
|
|upkeep
|
|t:|1756493227
|switch|p1a: Dragonite|Dragonite, L50, F, shiny|100/100
|turn|8
|
|t:|1756493232
|move|p2a: Ursaluna|Vacuum Wave|p1a: Dragonite
|-resisted|p1a: Dragonite
|-damage|p1a: Dragonite|96/100
|move|p1a: Dragonite|Scale Shot|p2a: Ursaluna
|-damage|p2a: Ursaluna|1/100
|-damage|p2a: Ursaluna|0 fnt
|faint|p2a: Ursaluna
|-hitcount|p2: Ursaluna|2
|-unboost|p1a: Dragonite|def|1
|-boost|p1a: Dragonite|spe|1
|move|p2b: Incineroar|Knock Off|p1a: Dragonite
|-damage|p1a: Dragonite|37/100
|-enditem|p1a: Dragonite|Loaded Dice|[from] move: Knock Off|[of] p2b: Incineroar
|
|upkeep
|
|t:|1756493235
|switch|p2a: Amoonguss|Amoonguss, L50, F|95/100
|turn|9
|-message|Schroombert forfeited.
|
|win|Bread248
|l|☆Schroombert
|player|p1|
||Schroombert is ready for game 2.
||Bread248 is ready for game 2.
|uhtml|next|Next: Game 2 of 3
