|j|‽Giraldo567
|j|☆browe
|html|Giraldo567browe    
|uhtml|bestof|Game 1 of a best-of-3
|t:|1757798913
|gametype|doubles
|player|p1|Giraldo567|169|1097
|player|p2|browe|shadowtriad|1131
|gen|9
|tier|[Gen 9] VGC 2025 Reg H (Bo3)
|rated|
|rule|Species Clause: Limit one of each Pokémon
|rule|Item Clause: Limit 1 of each item
|clearpoke
|poke|p1|Dragapult, L50, F|
|poke|p1|Pelipper, L50, M|
|poke|p1|Incineroar, L50, F|
|poke|p1|Rillaboom, L50, M|
|poke|p1|Archaludon, L50, M|
|poke|p1|Electabuzz, L50, F|
|poke|p2|Indeedee-F, L50, F|
|poke|p2|Hatterene, L50, F|
|poke|p2|Gallade, L50, M|
|poke|p2|Ursaluna, L50, M|
|poke|p2|Lilligant-Hisui, L50, F|
|poke|p2|Torkoal, L50, M|
|teampreview|4
|showteam|p1|Dragapult||FocusSash|ClearBody|DragonDance,DragonDarts,PhantomForce,Protect|||F|||50|,,,,,Fire]Pelipper||DampRock|Drizzle|Protect,Tailwind,WeatherBall,Hurricane|||M|||50|,,,,,Dragon]Incineroar||SafetyGoggles|Intimidate|FakeOut,PartingShot,KnockOff,FlareBlitz|||F|||50|,,,,,Bug]Rillaboom||ChoiceBand|GrassySurge|Uturn,GrassyGlide,WoodHammer,HighHorsepower|||M|||50|,,,,,Grass]Archaludon||PowerHerb|Stalwart|ElectroShot,Protect,FlashCannon,DracoMeteor|||M|||50|,,,,,Grass]Electabuzz||Eviolite|VitalSpirit|FollowMe,Electroweb,Thunderbolt,KnockOff|||F|||50|,,,,,Ghost
|showteam|p2|Indeedee-F||PsychicSeed|PsychicSurge|TrickRoom,FollowMe,HelpingHand,DazzlingGleam|||F|||50|,,,,,Fire]Hatterene||LifeOrb|MagicBounce|ExpandingForce,TrickRoom,DazzlingGleam,Protect|||F|||50|,,,,,Psychic]Gallade||ClearAmulet|Sharpness|PsychoCut,TrickRoom,SacredSword,WideGuard|||M|||50|,,,,,Grass]Ursaluna||FlameOrb|Guts|HeadlongRush,Facade,SwordsDance,Protect|||M|||50|,,,,,Ghost]Lilligant-Hisui||FocusSash|Chlorophyll|SolarBlade,SleepPowder,CloseCombat,AfterYou|||F|||50|,,,,,Ghost]Torkoal||ChoiceSpecs|Drought|Eruption,HeatWave,WeatherBall,EarthPower|||M|||50|,,,,,Fire
|
|t:|1757798942
|teamsize|p1|4
|teamsize|p2|4
|start
|switch|p1a: Incineroar|Incineroar, L50, F|100/100
|switch|p1b: Rillaboom|Rillaboom, L50, M|100/100
|switch|p2a: 紫竽超可愛|Indeedee-F, L50, F, shiny|100/100
|switch|p2b: 紫竽親衛隊|Gallade, L50, M, shiny|100/100
|-fieldstart|move: Grassy Terrain|[from] ability: Grassy Surge|[of] p1b: Rillaboom
|-ability|p1a: Incineroar|Intimidate|boost
|-unboost|p2a: 紫竽超可愛|atk|1
|-fail|p2b: 紫竽親衛隊|unboost|[from] item: Clear Amulet|[of] p2b: 紫竽親衛隊
|-fieldstart|move: Psychic Terrain|[from] ability: Psychic Surge|[of] p2a: 紫竽超可愛
|-enditem|p2a: 紫竽超可愛|Psychic Seed
|-boost|p2a: 紫竽超可愛|spd|1|[from] item: Psychic Seed
|turn|1
|
|t:|1757798974
|-terastallize|p1a: Incineroar|Bug
|move|p2a: 紫竽超可愛|Helping Hand|p2b: 紫竽親衛隊
|-singleturn|p2b: 紫竽親衛隊|Helping Hand|[of] p2a: 紫竽超可愛
|move|p1b: Rillaboom|U-turn|p2a: 紫竽超可愛
|-supereffective|p2a: 紫竽超可愛
|-damage|p2a: 紫竽超可愛|30/100
|
|t:|1757798983
|switch|p1b: Pelipper|Pelipper, L50, M|100/100|[from] U-turn
|-weather|RainDance|[from] ability: Drizzle|[of] p1b: Pelipper
|move|p2b: 紫竽親衛隊|Psycho Cut|p1b: Pelipper
|-crit|p1b: Pelipper
|-damage|p1b: Pelipper|0 fnt
|faint|p1b: Pelipper
|move|p1a: Incineroar|Knock Off|p2a: 紫竽超可愛
|-supereffective|p2a: 紫竽超可愛
|-damage|p2a: 紫竽超可愛|0 fnt
|faint|p2a: 紫竽超可愛
|
|-weather|RainDance|[upkeep]
|upkeep
|
|t:|1757798998
|switch|p1b: Rillaboom|Rillaboom, L50, M|100/100
|switch|p2a: 一拳月月熊|Ursaluna, L50, M, shiny|100/100
|-fieldstart|move: Grassy Terrain|[from] ability: Grassy Surge|[of] p1b: Rillaboom
|turn|2
|
|t:|1757799024
|move|p2a: 一拳月月熊|Protect|p2a: 一拳月月熊
|-singleturn|p2a: 一拳月月熊|Protect
|move|p1b: Rillaboom|Wood Hammer|p2b: 紫竽親衛隊
|-damage|p2b: 紫竽親衛隊|0 fnt
|faint|p2b: 紫竽親衛隊
|-damage|p1b: Rillaboom|68/100|[from] Recoil
|move|p1a: Incineroar|Knock Off|p2a: 一拳月月熊
|-activate|p2a: 一拳月月熊|move: Protect
|
|-weather|RainDance|[upkeep]
|-heal|p1b: Rillaboom|74/100|[from] Grassy Terrain
|-status|p2a: 一拳月月熊|brn|[from] item: Flame Orb
|upkeep
|
|t:|1757799028
|switch|p2b: 紫竽敲可愛|Hatterene, L50, F, shiny|100/100
|turn|3
|
|t:|1757799053
|-terastallize|p2a: 一拳月月熊|Ghost
|move|p1b: Rillaboom|Wood Hammer|p2a: 一拳月月熊
|-damage|p2a: 一拳月月熊|11/100 brn
|-damage|p1b: Rillaboom|34/100|[from] Recoil
|move|p1a: Incineroar|Knock Off|p2b: 紫竽敲可愛
|-damage|p2b: 紫竽敲可愛|51/100
|-enditem|p2b: 紫竽敲可愛|Life Orb|[from] move: Knock Off|[of] p1a: Incineroar
|move|p2a: 一拳月月熊|Facade|p1b: Rillaboom
|-damage|p1b: Rillaboom|0 fnt
|faint|p1b: Rillaboom
|move|p2b: 紫竽敲可愛|Trick Room|p2b: 紫竽敲可愛
|-fieldstart|move: Trick Room|[of] p2b: 紫竽敲可愛
|
|-weather|RainDance|[upkeep]
|-heal|p2b: 紫竽敲可愛|57/100|[from] Grassy Terrain
|-heal|p2a: 一拳月月熊|17/100 brn|[from] Grassy Terrain
|-damage|p2a: 一拳月月熊|11/100 brn|[from] brn
|upkeep
|
|t:|1757799066
|switch|p1b: Archaludon|Archaludon, L50, M|100/100
|turn|4
|
|t:|1757799087
|move|p2b: 紫竽敲可愛|Dazzling Gleam|p1a: Incineroar|[spread] p1a,p1b
|-damage|p1a: Incineroar|69/100
|-damage|p1b: Archaludon|58/100
|move|p2a: 一拳月月熊|Headlong Rush|p1b: Archaludon
|-supereffective|p1b: Archaludon
|-damage|p1b: Archaludon|0 fnt
|-unboost|p2a: 一拳月月熊|def|1
|-unboost|p2a: 一拳月月熊|spd|1
|faint|p1b: Archaludon
|move|p1a: Incineroar|Knock Off|p2a: 一拳月月熊
|-supereffective|p2a: 一拳月月熊
|-damage|p2a: 一拳月月熊|0 fnt
|-enditem|p2a: 一拳月月熊|Flame Orb|[from] move: Knock Off|[of] p1a: Incineroar
|faint|p2a: 一拳月月熊
|
|-weather|RainDance|[upkeep]
|-heal|p2b: 紫竽敲可愛|63/100|[from] Grassy Terrain
|-heal|p1a: Incineroar|75/100|[from] Grassy Terrain
|upkeep
|turn|5
|
|t:|1757799108
|move|p2b: 紫竽敲可愛|Dazzling Gleam|p1a: Incineroar
|-damage|p1a: Incineroar|36/100
|move|p1a: Incineroar|Knock Off|p2b: 紫竽敲可愛
|-damage|p2b: 紫竽敲可愛|26/100
|
|-weather|RainDance|[upkeep]
|-heal|p2b: 紫竽敲可愛|32/100|[from] Grassy Terrain
|-heal|p1a: Incineroar|42/100|[from] Grassy Terrain
|upkeep
|turn|6
|
|t:|1757799125
|move|p2b: 紫竽敲可愛|Protect|p2b: 紫竽敲可愛
|-singleturn|p2b: 紫竽敲可愛|Protect
|move|p1a: Incineroar|Knock Off|p2b: 紫竽敲可愛
|-activate|p2b: 紫竽敲可愛|move: Protect
|
|-weather|RainDance|[upkeep]
|-heal|p2b: 紫竽敲可愛|38/100|[from] Grassy Terrain
|-heal|p1a: Incineroar|48/100|[from] Grassy Terrain
|-fieldend|move: Grassy Terrain
|upkeep
|turn|7
|
|t:|1757799132
|move|p2b: 紫竽敲可愛|Dazzling Gleam|p1a: Incineroar
|-damage|p1a: Incineroar|5/100
|move|p1a: Incineroar|Knock Off|p2b: 紫竽敲可愛
|-damage|p2b: 紫竽敲可愛|0 fnt
|faint|p2b: 紫竽敲可愛
|
|win|Giraldo567
||browe is ready for game 2.
|inactive|Giraldo567 has 30 seconds to confirm battle start!
||Giraldo567 is ready for game 2.
|uhtml|next|Next: Game 2 of 3
