|j|☆TheLambasEffigy
|j|☆0001110101k
|html|TheLambasEffigy0001110101k    
|uhtml|bestof|Game 1 of a best-of-3
|t:|1782703740
|gametype|doubles
|player|p1|TheLambasEffigy|101|1103
|player|p2|0001110101k|janitor|1222
|gen|9
|tier|[Gen 9 Champions] VGC 2026 Reg M-B (Bo3)
|rated|
|rule|Species Clause: Limit one of each Pokémon
|rule|Item Clause: Limit 1 of each item
|clearpoke
|poke|p1|Floette-Eternal, L50, F|
|poke|p1|Tinkaton, L50, F|
|poke|p1|Sinistcha, L50|
|poke|p1|Sneasler, L50, M|
|poke|p1|Kingambit, L50, M|
|poke|p1|Garchomp, L50, M|
|poke|p2|Metagross, L50|
|poke|p2|Hydreigon, L50, M|
|poke|p2|Ninetales-Alola, L50, F|
|poke|p2|Talonflame, L50, M|
|poke|p2|Kleavor, L50, M|
|poke|p2|Milotic, L50, F|
|teampreview|4
|showteam|p1|Floette-Eternal||Floettite|FlowerVeil|DazzlingGleam,DrainingKiss,Protect,LightofRuin|Modest||F|||50|]Tinkaton||OccaBerry|MoldBreaker|FakeOut,HelpingHand,Protect,GigatonHammer|Careful||F|||50|]Sinistcha||ColburBerry|Hospitality|MatchaGotcha,Imprison,Protect,TrickRoom|Sassy|||||50|]Sneasler||FocusSash|PoisonTouch|FakeOut,DireClaw,Protect,CloseCombat|Jolly||M|||50|]Kingambit||LifeOrb|Defiant|KowtowCleave,SuckerPunch,Protect,IronHead|Adamant||M|||50|]Garchomp||SitrusBerry|RoughSkin|RockSlide,StompingTantrum,Protect,SwordsDance|Jolly||M|||50|
|showteam|p2|Metagross||Metagrossite|ClearBody|IronHead,PsychicFangs,BodyPress,Protect|Jolly|||||50|]Hydreigon||ChoiceScarf|Levitate|DarkPulse,Snarl,DracoMeteor,FlashCannon|Timid||M|||50|]Ninetales-Alola||LightClay|SnowWarning|Blizzard,AuroraVeil,Encore,Protect|Timid||F|||50|]Talonflame||ChartiBerry|GaleWings|Tailwind,Taunt,QuickGuard,BraveBird|Jolly||M|||50|]Kleavor||FocusSash|Sharpness|StoneAxe,CloseCombat,Feint,Protect|Jolly||M|||50|]Milotic||Leftovers|Competitive|MuddyWater,Coil,Hypnosis,Protect|Bold||F|||50|
|inactive|Battle timer is ON: inactive players will automatically lose when time's up. (requested by TheLambasEffigy)
|inactive|0001110101k has 60 seconds left.
|
|t:|1782703812
|teamsize|p1|4
|teamsize|p2|4
|start
|switch|p1a: Garchomp|Garchomp, L50, M|100/100
|switch|p1b: Floette|Floette-Eternal, L50, F|100/100
|switch|p2a: Talonflame|Talonflame, L50, M|100/100
|switch|p2b: Milotic|Milotic, L50, F|100/100
|turn|1
|
|t:|1782703834
|detailschange|p1b: Floette|Floette-Mega, L50, F
|-mega|p1b: Floette|Floette|Floettite
|-ability|p1b: Floette|Fairy Aura
|move|p2a: Talonflame|Tailwind|p2a: Talonflame
|-sidestart|p2: 0001110101k|move: Tailwind
|move|p2b: Milotic|Coil|p2b: Milotic
|-boost|p2b: Milotic|atk|1
|-boost|p2b: Milotic|def|1
|-boost|p2b: Milotic|accuracy|1
|move|p1a: Garchomp|Rock Slide|p2a: Talonflame|[spread] 
|-miss|p1a: Garchomp|p2a: Talonflame
|-miss|p1a: Garchomp|p2b: Milotic
|move|p1b: Floette|Light of Ruin|p2b: Milotic
|-damage|p2b: Milotic|18/100
|-damage|p1b: Floette|45/100|[from] Recoil
|
|-heal|p2b: Milotic|24/100|[from] item: Leftovers
|upkeep
|turn|2
|inactive|0001110101k has 30 seconds left.
|
|t:|1782703859
|move|p1b: Floette|Protect|p1b: Floette
|-singleturn|p1b: Floette|Protect
|move|p2a: Talonflame|Brave Bird|p1b: Floette
|-activate|p1b: Floette|move: Protect
|move|p2b: Milotic|Hypnosis|p1a: Garchomp
|-status|p1a: Garchomp|slp|[from] move: Hypnosis
|cant|p1a: Garchomp|slp
|
|-heal|p2b: Milotic|30/100|[from] item: Leftovers
|upkeep
|turn|3
|inactive|TheLambasEffigy has 30 seconds left.
|
|t:|1782703895
|switch|p1a: Sinistcha|Sinistcha, L50|100/100
|-heal|p1b: Floette|69/100|[from] ability: Hospitality|[of] p1a: Sinistcha
|move|p2a: Talonflame|Brave Bird|p1b: Floette
|-damage|p1b: Floette|25/100
|-damage|p2a: Talonflame|87/100|[from] Recoil
|move|p2b: Milotic|Muddy Water|p1b: Floette|[spread] p1a,p1b
|-resisted|p1a: Sinistcha|1
|-damage|p1a: Sinistcha|91/100
|-damage|p1b: Floette|5/100
|-unboost|p1a: Sinistcha|accuracy|1
|move|p1b: Floette|Dazzling Gleam|p2b: Milotic|[spread] p2a,p2b
|-resisted|p2a: Talonflame|1
|-damage|p2a: Talonflame|55/100
|-damage|p2b: Milotic|0 fnt
|faint|p2b: Milotic
|
|upkeep
|
|t:|1782703909
|switch|p2b: Ninetales|Ninetales-Alola, L50, F|100/100
|-weather|Snowscape|[from] ability: Snow Warning|[of] p2b: Ninetales
|turn|4
|
|t:|1782703920
|switch|p1b: Kingambit|Kingambit, L50, M|100/100
|move|p2a: Talonflame|Taunt|p1a: Sinistcha
|-start|p1a: Sinistcha|move: Taunt
|move|p2b: Ninetales|Blizzard|p1b: Kingambit|[spread] p1a,p1b
|-supereffective|p1a: Sinistcha|1
|-resisted|p1b: Kingambit|1
|-damage|p1a: Sinistcha|49/100
|-damage|p1b: Kingambit|88/100
|cant|p1a: Sinistcha|move: Taunt|Trick Room
|
|-weather|Snowscape|[upkeep]
|-sideend|p2: 0001110101k|move: Tailwind
|upkeep
|turn|5
|
|t:|1782703941
|switch|p1a: Garchomp|Garchomp, L50, M|100/100 slp
|move|p2a: Talonflame|Brave Bird|p1a: Garchomp
|-damage|p1a: Garchomp|65/100 slp
|-damage|p2a: Talonflame|43/100|[from] ability: Rough Skin|[of] p1a: Garchomp
|-damage|p2a: Talonflame|31/100|[from] Recoil
|move|p2b: Ninetales|Aurora Veil|p2b: Ninetales
|-sidestart|p2: 0001110101k|move: Aurora Veil
|move|p1b: Kingambit|Iron Head|p2b: Ninetales
|-supereffective|p2b: Ninetales|2
|-crit|p2b: Ninetales
|-damage|p2b: Ninetales|0 fnt
|faint|p2b: Ninetales
|-damage|p1b: Kingambit|79/100|[from] item: Life Orb
|
|-weather|Snowscape|[upkeep]
|upkeep
|
|t:|1782703952
|switch|p2b: Metagross|Metagross, L50|100/100
|turn|6
|inactive|TheLambasEffigy has 30 seconds left.
|inactive|TheLambasEffigy has 20 seconds left.
|
|t:|1782703988
|detailschange|p2b: Metagross|Metagross-Mega, L50
|-mega|p2b: Metagross|Metagross|Metagrossite
|move|p2a: Talonflame|Quick Guard|p2a: Talonflame
|-singleturn|p2a: Talonflame|Quick Guard
|move|p1b: Kingambit|Sucker Punch|p2b: Metagross
|-activate|p2b: Metagross|move: Quick Guard
|move|p2b: Metagross|Psychic Fangs|p1a: Garchomp
|-damage|p1a: Garchomp|10/100 slp
|-damage|p2b: Metagross|87/100|[from] ability: Rough Skin|[of] p1a: Garchomp
|-enditem|p1a: Garchomp|Sitrus Berry|[eat]
|-heal|p1a: Garchomp|35/100 slp|[from] item: Sitrus Berry
|cant|p1a: Garchomp|slp
|
|-weather|Snowscape|[upkeep]
|upkeep
|turn|7
|
|t:|1782704004
|switch|p1b: Sinistcha|Sinistcha, L50|49/100
|-heal|p1a: Garchomp|60/100 slp|[from] ability: Hospitality|[of] p1b: Sinistcha
|move|p2a: Talonflame|Quick Guard|p2a: Talonflame
|-singleturn|p2a: Talonflame|Quick Guard
|move|p2b: Metagross|Body Press|p1b: Sinistcha
|-immune|p1b: Sinistcha
|-curestatus|p1a: Garchomp|slp|[msg]
|move|p1a: Garchomp|Stomping Tantrum|p2b: Metagross
|-supereffective|p2b: Metagross|1
|-damage|p2b: Metagross|21/100
|
|-weather|Snowscape|[upkeep]
|upkeep
|turn|8
|
|t:|1782704025
|move|p2a: Talonflame|Taunt|p1b: Sinistcha
|-start|p1b: Sinistcha|move: Taunt
|move|p2b: Metagross|Psychic Fangs|p1a: Garchomp
|-crit|p1a: Garchomp
|-damage|p1a: Garchomp|0 fnt
|-damage|p2b: Metagross|9/100|[from] ability: Rough Skin|[of] p1a: Garchomp
|faint|p1a: Garchomp
|move|p1b: Sinistcha|Matcha Gotcha|p2b: Metagross|[spread] p2a,p2b
|-resisted|p2a: Talonflame|2
|-resisted|p2b: Metagross|1
|-crit|p2b: Metagross
|-damage|p2a: Talonflame|26/100
|-heal|p1b: Sinistcha|52/100|[from] drain|[of] p2a: Talonflame
|-damage|p2b: Metagross|0 fnt
|-heal|p1b: Sinistcha|56/100|[from] drain|[of] p2b: Metagross
|faint|p2b: Metagross
|
|-weather|none
|upkeep
|
|t:|1782704041
|switch|p1a: Kingambit|Kingambit, L50, M|79/100
|turn|9
|c|☆0001110101k|bruh these crits are crazy
|
|t:|1782704052
|move|p2a: Talonflame|Brave Bird|p1a: Kingambit
|-resisted|p1a: Kingambit|1
|-damage|p1a: Kingambit|63/100
|-damage|p2a: Talonflame|21/100|[from] Recoil
|move|p1b: Sinistcha|Matcha Gotcha|p2a: Talonflame
|-resisted|p2a: Talonflame|2
|-damage|p2a: Talonflame|14/100
|-heal|p1b: Sinistcha|60/100|[from] drain|[of] p2a: Talonflame
|move|p1a: Kingambit|Kowtow Cleave|p2a: Talonflame
|-damage|p2a: Talonflame|0 fnt
|faint|p2a: Talonflame
|-damage|p1a: Kingambit|54/100|[from] item: Life Orb
|
|win|TheLambasEffigy
||0001110101k is ready for game 2.
|inactive|TheLambasEffigy has 30 seconds to confirm battle start!
|c|☆TheLambasEffigy|tbf you got that first turn double rock slide miss lol
||TheLambasEffigy is ready for game 2.
|uhtml|next|Next: Game 2 of 3
