|j|☆aqueousbloop
|j|☆Xeb41
|html|aqueousbloopXeb41    
|uhtml|bestof|Game 2 of a best-of-3
|t:|1757228918
|gametype|doubles
|player|p1|aqueousbloop|swimmer-gen4dp|
|player|p2|Xeb41|2|
|gen|9
|tier|[Gen 9] VGC 2025 Reg H (Bo3)
|rule|Species Clause: Limit one of each Pokémon
|rule|Item Clause: Limit 1 of each item
|clearpoke
|poke|p1|Sneasler, L50, F|
|poke|p1|Basculegion, L50, M|
|poke|p1|Pelipper, L50, M|
|poke|p1|Indeedee-F, L50, F|
|poke|p1|Lurantis, L50, F|
|poke|p1|Hatterene, L50, F|
|poke|p2|Gholdengo, L50|
|poke|p2|Amoonguss, L50, M|
|poke|p2|Pelipper, L50, F|
|poke|p2|Basculegion, L50, M|
|poke|p2|Archaludon, L50, M|
|poke|p2|Greninja-*, L50, F|
|teampreview|4
|showteam|p1|Sneasler||SafetyGoggles|PoisonTouch|ThroatChop,CloseCombat,DireClaw,FakeOut|||F|||50|,,,,,Dark]Basculegion||ChoiceBand|SwiftSwim|FlipTurn,WaveCrash,LastRespects,AquaJet|||M|||50|,,,,,Grass]Pelipper||FocusSash|Drizzle|Hurricane,WeatherBall,WideGuard,Protect|||M|||50|,,,,,Ghost]Indeedee-F||PsychicSeed|PsychicSurge|TrickRoom,FollowMe,HelpingHand,Psychic|||F|||50|,,,,,Fairy]Lurantis||AssaultVest|Contrary|Superpower,LeafBlade,KnockOff,LeechLife|||F|||50|,,,,,Poison]Hatterene||LifeOrb|MagicBounce|TrickRoom,ExpandingForce,DazzlingGleam,Protect|||F|||50|,,,,,Psychic
|showteam|p2|Gholdengo||LifeOrb|GoodasGold|MakeItRain,ShadowBall,NastyPlot,Protect||||||50|,,,,,Water]Amoonguss||SitrusBerry|Regenerator|Spore,RagePowder,PollenPuff,Protect|||M|||50|,,,,,Fire]Pelipper||FocusSash|Drizzle|Hurricane,WeatherBall,Tailwind,Protect|||F|||50|,,,,,Steel]Basculegion||ChoiceBand|SwiftSwim|AquaJet,LastRespects,FlipTurn,WaveCrash|||M|||50|,,,,,Water]Archaludon||AssaultVest|Stamina|ElectroShot,DracoMeteor,FlashCannon,BodyPress|||M|||50|,,,,,Bug]Greninja||LoadedDice|Torrent|DarkPulse,WaterShuriken,Taunt,Protect|||F|||50|,,,,,Ghost
|
|t:|1757229041
|teamsize|p1|4
|teamsize|p2|4
|start
|switch|p1a: Sneasler|Sneasler, L50, F|100/100
|switch|p1b: Indeedee|Indeedee-F, L50, F|100/100
|switch|p2a: Greninja|Greninja, L50, F|100/100
|switch|p2b: Archaludon|Archaludon, L50, M|100/100
|-fieldstart|move: Psychic Terrain|[from] ability: Psychic Surge|[of] p1b: Indeedee
|-enditem|p1b: Indeedee|Psychic Seed
|-boost|p1b: Indeedee|spd|1|[from] item: Psychic Seed
|turn|1
|
|t:|1757229076
|-terastallize|p2b: Archaludon|Bug
|move|p2a: Greninja|Taunt|p1b: Indeedee
|-start|p1b: Indeedee|move: Taunt
|move|p1a: Sneasler|Dire Claw|p2a: Greninja
|-damage|p2a: Greninja|25/100
|-status|p2a: Greninja|psn|[from] ability: Poison Touch|[of] p1a: Sneasler
|move|p2b: Archaludon|Draco Meteor|p1a: Sneasler
|-damage|p1a: Sneasler|20/100
|-unboost|p2b: Archaludon|spa|2
|cant|p1b: Indeedee|move: Taunt|Trick Room
|
|-damage|p2a: Greninja|13/100 psn|[from] psn
|upkeep
|turn|2
|
|t:|1757229106
|move|p2a: Greninja|Water Shuriken|p2b: Archaludon
|-damage|p2b: Archaludon|91/100
|-ability|p2b: Archaludon|Stamina|boost
|-boost|p2b: Archaludon|def|1
|-damage|p2b: Archaludon|82/100
|-ability|p2b: Archaludon|Stamina|boost
|-boost|p2b: Archaludon|def|1
|-crit|p2b: Archaludon
|-damage|p2b: Archaludon|69/100
|-ability|p2b: Archaludon|Stamina|boost
|-boost|p2b: Archaludon|def|1
|-damage|p2b: Archaludon|61/100
|-ability|p2b: Archaludon|Stamina|boost
|-boost|p2b: Archaludon|def|1
|-hitcount|p2b: Archaludon|4
|move|p1a: Sneasler|Dire Claw|p2b: Archaludon
|-damage|p2b: Archaludon|50/100
|-status|p2b: Archaludon|par
|-ability|p2b: Archaludon|Stamina|boost
|-boost|p2b: Archaludon|def|1
|move|p1b: Indeedee|Psychic|p2b: Archaludon
|-damage|p2b: Archaludon|22/100 par
|-ability|p2b: Archaludon|Stamina|boost
|-boost|p2b: Archaludon|def|1
|move|p2b: Archaludon|Body Press|p1a: Sneasler
|-resisted|p1a: Sneasler
|-damage|p1a: Sneasler|0 fnt
|faint|p1a: Sneasler
|
|-damage|p2a: Greninja|1/100 psn|[from] psn
|upkeep
|
|t:|1757229135
|switch|p1a: Hatterene|Hatterene, L50, F|100/100
|turn|3
|
|t:|1757229166
|move|p2a: Greninja|Dark Pulse|p1a: Hatterene
|-damage|p1a: Hatterene|61/100
|move|p1b: Indeedee|Psychic|p2b: Archaludon
|-damage|p2b: Archaludon|0 fnt
|faint|p2b: Archaludon
|move|p1a: Hatterene|Trick Room|p1a: Hatterene
|-fieldstart|move: Trick Room|[of] p1a: Hatterene
|
|-damage|p2a: Greninja|0 fnt|[from] psn
|faint|p2a: Greninja
|-end|p1b: Indeedee|move: Taunt
|upkeep
|
|t:|1757229176
|switch|p2b: Gholdengo|Gholdengo, L50|100/100
|switch|p2a: Amoonguss|Amoonguss, L50, M|100/100
|turn|4
|
|t:|1757229199
|move|p1b: Indeedee|Helping Hand|p1a: Hatterene
|-singleturn|p1a: Hatterene|Helping Hand|[of] p1b: Indeedee
|move|p2a: Amoonguss|Protect|p2a: Amoonguss
|-singleturn|p2a: Amoonguss|Protect
|move|p1a: Hatterene|Expanding Force|p2a: Amoonguss|[spread] p2b
|-activate|p2a: Amoonguss|move: Protect
|-resisted|p2b: Gholdengo
|-damage|p2b: Gholdengo|30/100
|-damage|p1a: Hatterene|52/100|[from] item: Life Orb
|move|p2b: Gholdengo|Make It Rain|p1a: Hatterene|[spread] p1a,p1b
|-supereffective|p1a: Hatterene
|-damage|p1a: Hatterene|0 fnt
|-damage|p1b: Indeedee|65/100
|-unboost|p2b: Gholdengo|spa|1
|faint|p1a: Hatterene
|-damage|p2b: Gholdengo|20/100|[from] item: Life Orb
|
|upkeep
|
|t:|1757229218
|switch|p1a: Lurantis|Lurantis, L50, F|100/100
|turn|5
|
|t:|1757229245
|move|p2b: Gholdengo|Protect|p2b: Gholdengo
|-singleturn|p2b: Gholdengo|Protect
|move|p1a: Lurantis|Knock Off|p2b: Gholdengo
|-activate|p2b: Gholdengo|move: Protect
|move|p2a: Amoonguss|Spore|p1b: Indeedee
|-status|p1b: Indeedee|slp|[from] move: Spore
|cant|p1b: Indeedee|slp
|
|-fieldend|move: Psychic Terrain
|upkeep
|turn|6
|
|t:|1757229262
|move|p1a: Lurantis|Knock Off|p2b: Gholdengo
|-supereffective|p2b: Gholdengo
|-damage|p2b: Gholdengo|0 fnt
|-enditem|p2b: Gholdengo|Life Orb|[from] move: Knock Off|[of] p1a: Lurantis
|faint|p2b: Gholdengo
|move|p2a: Amoonguss|Pollen Puff|p2: Gholdengo|[notarget]
|-fail|p2a: Amoonguss
|cant|p1b: Indeedee|slp
|
|upkeep
|turn|7
|
|t:|1757229285
|-terastallize|p1a: Lurantis|Poison
|move|p1a: Lurantis|Superpower|p2a: Amoonguss
|-resisted|p2a: Amoonguss
|-damage|p2a: Amoonguss|82/100
|-boost|p1a: Lurantis|atk|1
|-boost|p1a: Lurantis|def|1
|move|p2a: Amoonguss|Pollen Puff|p1a: Lurantis
|-resisted|p1a: Lurantis
|-damage|p1a: Lurantis|94/100
|cant|p1b: Indeedee|slp
|
|-fieldend|move: Trick Room
|upkeep
|turn|8
|
|t:|1757229306
|-curestatus|p1b: Indeedee|slp|[msg]
|move|p1b: Indeedee|Psychic|p2a: Amoonguss
|-supereffective|p2a: Amoonguss
|-damage|p2a: Amoonguss|36/100
|-enditem|p2a: Amoonguss|Sitrus Berry|[eat]
|-heal|p2a: Amoonguss|61/100|[from] item: Sitrus Berry
|move|p2a: Amoonguss|Spore|p1a: Lurantis
|-status|p1a: Lurantis|slp|[from] move: Spore
|cant|p1a: Lurantis|slp
|
|upkeep
|turn|9
|
|t:|1757229322
|move|p1b: Indeedee|Psychic|p2a: Amoonguss
|-supereffective|p2a: Amoonguss
|-damage|p2a: Amoonguss|20/100
|move|p2a: Amoonguss|Spore|p1b: Indeedee
|-status|p1b: Indeedee|slp|[from] move: Spore
|-curestatus|p1a: Lurantis|slp|[msg]
|move|p1a: Lurantis|Leech Life|p2a: Amoonguss
|-damage|p2a: Amoonguss|0 fnt
|-heal|p1a: Lurantis|100/100|[from] drain|[of] p2a: Amoonguss
|faint|p2a: Amoonguss
|
|win|aqueousbloop
|inactive|aqueousbloop has 30 seconds to confirm battle start!
|inactive|Xeb41 has 30 seconds to confirm battle start!
||Xeb41 is ready for game 3.
|inactive|aqueousbloop has 20 seconds to confirm battle start!
||aqueousbloop is ready for game 3.
|uhtml|next|Next: Game 3 of 3
|l|☆aqueousbloop
|player|p1|
