|j|☆ThePrinceofNT
|j|☆axcoquette
|html|ThePrinceofNTaxcoquette    
|uhtml|bestof|Game 3 of a best-of-3
|t:|1783478718
|gametype|doubles
|player|p1|ThePrinceofNT|265|1177
|player|p2|axcoquette|maid|1170
|gen|9
|tier|[Gen 9 Champions] VGC 2026 Reg M-B (Bo3)
|rated|
|rule|Species Clause: Limit one of each Pokémon
|rule|Item Clause: Limit 1 of each item
|clearpoke
|poke|p1|Tyranitar, L50, M|
|poke|p1|Excadrill, L50, M|
|poke|p1|Sneasler, L50, M|
|poke|p1|Hydreigon, L50, M|
|poke|p1|Gardevoir, L50, M|
|poke|p1|Whimsicott, L50, M|
|poke|p2|Delphox, L50, F|
|poke|p2|Sneasler, L50, F|
|poke|p2|Sinistcha, L50|
|poke|p2|Incineroar, L50, M|
|poke|p2|Kingambit, L50, F|
|poke|p2|Floette-Eternal, L50, F|
|teampreview|4
|showteam|p1|Tyranitar||Tyranitarite|SandStream|DragonDance,RockSlide,KnockOff,Protect|Jolly||M|||50|]Excadrill||LifeOrb|SandRush|RockSlide,HighHorsepower,IronHead,Protect|Adamant||M|||50|]Sneasler||FocusSash|PoisonTouch|PoisonJab,CloseCombat,Protect,FakeOut|Jolly||M|||50|]Hydreigon||ChoiceScarf|Levitate|DarkPulse,EarthPower,DracoMeteor,FireBlast|Modest||M|||50|]Gardevoir||Gardevoirite|Synchronize|HyperVoice,Protect,Psychic,CalmMind|Timid||M|||50|]Whimsicott||FairyFeather|Prankster|Moonblast,Encore,Tailwind,HelpingHand|Timid||M|||50|
|showteam|p2|Delphox||Delphoxite|Blaze|Protect,NastyPlot,HeatWave,Psychic|Timid||F|||50|]Sneasler||FocusSash|PoisonTouch|Protect,FakeOut,PoisonJab,CloseCombat|Jolly||F|||50|]Sinistcha||KasibBerry|Hospitality|Protect,RagePowder,MatchaGotcha,LifeDew|Bold|||||50|]Incineroar||SitrusBerry|Intimidate|FakeOut,FlareBlitz,HelpingHand,PartingShot|Careful||M|||50|]Kingambit||BlackGlasses|Defiant|KowtowCleave,SwordsDance,SuckerPunch,Protect|Adamant||F|||50|]Floette-Eternal||Floettite|FlowerVeil|Moonblast,DazzlingGleam,CalmMind,Protect|Modest||F|||50|
|inactive|Battle timer is ON: inactive players will automatically lose when time's up. (requested by axcoquette)
|j| Tyho45
|
|t:|1783478737
|teamsize|p1|4
|teamsize|p2|4
|start
|switch|p1a: Tyranitar|Tyranitar, L50, M|100/100
|switch|p1b: Sneasler|Sneasler, L50, M|100/100
|switch|p2a: Delphox|Delphox, L50, F|100/100
|switch|p2b: Sneasler|Sneasler, L50, F|100/100
|-weather|Sandstorm|[from] ability: Sand Stream|[of] p1a: Tyranitar
|turn|1
|
|t:|1783478749
|switch|p2a: Incineroar|Incineroar, L50, M|100/100
|-ability|p2a: Incineroar|Intimidate|boost
|-unboost|p1a: Tyranitar|atk|1
|-unboost|p1b: Sneasler|atk|1
|detailschange|p1a: Tyranitar|Tyranitar-Mega, L50, M
|-mega|p1a: Tyranitar|Tyranitar|Tyranitarite
|move|p2b: Sneasler|Protect|p2b: Sneasler
|-singleturn|p2b: Sneasler|Protect
|move|p1b: Sneasler|Fake Out|p2b: Sneasler
|-activate|p2b: Sneasler|move: Protect
|move|p1a: Tyranitar|Dragon Dance|p1a: Tyranitar
|-boost|p1a: Tyranitar|atk|1
|-boost|p1a: Tyranitar|spe|1
|
|-weather|Sandstorm|[upkeep]
|-damage|p2b: Sneasler|94/100|[from] Sandstorm
|-damage|p1b: Sneasler|94/100|[from] Sandstorm
|-damage|p2a: Incineroar|94/100|[from] Sandstorm
|upkeep
|turn|2
|j| iPKMiX_VGC
|l| iPKMiX_VGC
|inactive|axcoquette has 30 seconds left.
|
|t:|1783478776
|move|p1a: Tyranitar|Protect|p1a: Tyranitar
|-singleturn|p1a: Tyranitar|Protect
|move|p2a: Incineroar|Fake Out|p1a: Tyranitar
|-activate|p1a: Tyranitar|move: Protect
|move|p2b: Sneasler|Close Combat|p1b: Sneasler
|-resisted|p1b: Sneasler|1
|-damage|p1b: Sneasler|42/100
|-unboost|p2b: Sneasler|def|1
|-unboost|p2b: Sneasler|spd|1
|move|p1b: Sneasler|Close Combat|p2a: Incineroar
|-supereffective|p2a: Incineroar|1
|-damage|p2a: Incineroar|25/100
|-unboost|p1b: Sneasler|def|1
|-unboost|p1b: Sneasler|spd|1
|-enditem|p2a: Incineroar|Sitrus Berry|[eat]
|-heal|p2a: Incineroar|50/100g|[from] item: Sitrus Berry
|
|-weather|Sandstorm|[upkeep]
|-damage|p2b: Sneasler|88/100|[from] Sandstorm
|-damage|p1b: Sneasler|36/100|[from] Sandstorm
|-damage|p2a: Incineroar|44/100|[from] Sandstorm
|upkeep
|turn|3
|
|t:|1783478795
|switch|p2a: Sinistcha|Sinistcha, L50|100/100
|-heal|p2b: Sneasler|100/100|[from] ability: Hospitality|[of] p2a: Sinistcha
|move|p1a: Tyranitar|Rock Slide|p2b: Sneasler|[spread] p2a,p2b
|-resisted|p2b: Sneasler|1
|-damage|p2a: Sinistcha|77/100
|-damage|p2b: Sneasler|61/100
|move|p1b: Sneasler|Close Combat|p2b: Sneasler
|-resisted|p2b: Sneasler|1
|-damage|p2b: Sneasler|10/100
|-unboost|p1b: Sneasler|def|1
|-unboost|p1b: Sneasler|spd|1
|cant|p2b: Sneasler|flinch
|
|-weather|Sandstorm|[upkeep]
|-damage|p2b: Sneasler|4/100|[from] Sandstorm
|-damage|p1b: Sneasler|31/100|[from] Sandstorm
|-damage|p2a: Sinistcha|71/100|[from] Sandstorm
|upkeep
|turn|4
|
|t:|1783478811
|switch|p2b: Incineroar|Incineroar, L50, M|44/100
|-ability|p2b: Incineroar|Intimidate|boost
|-unboost|p1a: Tyranitar|atk|1
|-unboost|p1b: Sneasler|atk|1
|move|p1a: Tyranitar|Rock Slide|p2a: Sinistcha|[spread] p2a,p2b
|-supereffective|p2b: Incineroar|1
|-damage|p2a: Sinistcha|54/100
|-damage|p2b: Incineroar|8/100
|move|p1b: Sneasler|Poison Jab|p2a: Sinistcha
|-damage|p2a: Sinistcha|38/100
|cant|p2a: Sinistcha|flinch
|
|-weather|Sandstorm|[upkeep]
|-damage|p1b: Sneasler|25/100|[from] Sandstorm
|-damage|p2a: Sinistcha|32/100|[from] Sandstorm
|-damage|p2b: Incineroar|2/100|[from] Sandstorm
|upkeep
|turn|5
|inactive|axcoquette has 30 seconds left.
|
|t:|1783478838
|move|p2b: Incineroar|Fake Out|p1a: Tyranitar
|-resisted|p1a: Tyranitar|1
|-damage|p1a: Tyranitar|96/100
|cant|p1a: Tyranitar|flinch
|move|p1b: Sneasler|Poison Jab|p2a: Sinistcha
|-damage|p2a: Sinistcha|15/100
|move|p2a: Sinistcha|Matcha Gotcha|p1b: Sneasler|[spread] p1a,p1b
|-supereffective|p1a: Tyranitar|1
|-resisted|p1b: Sneasler|1
|-damage|p1a: Tyranitar|71/100
|-heal|p2a: Sinistcha|29/100|[from] drain|[of] p1a: Tyranitar
|-damage|p1b: Sneasler|0 fnt
|-heal|p2a: Sinistcha|40/100|[from] drain|[of] p1b: Sneasler
|-status|p1a: Tyranitar|brn
|faint|p1b: Sneasler
|
|-weather|none
|-damage|p1a: Tyranitar|65/100 brn|[from] brn
|upkeep
|
|t:|1783478856
|switch|p1b: Excadrill|Excadrill, L50, M|100/100
|turn|6
|inactive|axcoquette has 30 seconds left.
|inactive|axcoquette has 20 seconds left.
|inactive|axcoquette has 15 seconds left.
|
|t:|1783478897
|switch|p2b: Sneasler|Sneasler, L50, F|4/100
|move|p2a: Sinistcha|Protect|p2a: Sinistcha
|-singleturn|p2a: Sinistcha|Protect
|move|p1a: Tyranitar|Rock Slide|p2b: Sneasler|[spread] p2b
|-activate|p2a: Sinistcha|move: Protect
|-resisted|p2b: Sneasler|1
|-damage|p2b: Sneasler|0 fnt
|faint|p2b: Sneasler
|move|p1b: Excadrill|Iron Head|p2a: Sinistcha
|-activate|p2a: Sinistcha|move: Protect
|
|-damage|p1a: Tyranitar|59/100 brn|[from] brn
|upkeep
|
|t:|1783478909
|switch|p2b: Incineroar|Incineroar, L50, M|2/100
|-ability|p2b: Incineroar|Intimidate|boost
|-unboost|p1a: Tyranitar|atk|1
|-unboost|p1b: Excadrill|atk|1
|turn|7
|
|t:|1783478914
|switch|p1a: Whimsicott|Whimsicott, L50, M|100/100
|move|p1b: Excadrill|Protect|p1b: Excadrill
|-singleturn|p1b: Excadrill|Protect
|move|p2b: Incineroar|Fake Out|p1b: Excadrill
|-activate|p1b: Excadrill|move: Protect
|move|p2a: Sinistcha|Matcha Gotcha|p1a: Whimsicott|[spread] 
|-activate|p1b: Excadrill|move: Protect
|-miss|p2a: Sinistcha|p1a: Whimsicott
|
|upkeep
|turn|8
|
|t:|1783478933
|move|p1a: Whimsicott|Moonblast|p2a: Sinistcha
|-damage|p2a: Sinistcha|8/100
|move|p1b: Excadrill|Rock Slide|p2a: Sinistcha|[spread] p2a,p2b
|-supereffective|p2b: Incineroar|1
|-damage|p2a: Sinistcha|0 fnt
|-damage|p2b: Incineroar|0 fnt
|faint|p2a: Sinistcha
|faint|p2b: Incineroar
|-damage|p1b: Excadrill|90/100|[from] item: Life Orb
|
|upkeep
|-message|axcoquette forfeited.
|raw|ThePrinceofNT's rating: 1177 → 1201(+24 for winning)
|raw|axcoquette's rating: 1170 → 1146(-24 for losing)
|
|win|ThePrinceofNT
