|j|☆YungLearner
|j|☆presidentperssson
|html|YungLearnerpresidentperssson    
|uhtml|bestof|Game 2 of a best-of-3
|t:|1783637049
|gametype|doubles
|player|p1|YungLearner|juggler|
|player|p2|presidentperssson|bruno|
|gen|9
|tier|[Gen 9 Champions] VGC 2026 Reg M-B (Bo3)
|rule|Species Clause: Limit one of each Pokémon
|rule|Item Clause: Limit 1 of each item
|clearpoke
|poke|p1|Gengar, L50, M|
|poke|p1|Kommo-o, L50, M|
|poke|p1|Incineroar, L50, M|
|poke|p1|Ninetales-Alola, L50, F|
|poke|p1|Maushold, L50|
|poke|p1|Clawitzer, L50, M|
|poke|p2|Orthworm, L50, F|
|poke|p2|Quaquaval, L50, F|
|poke|p2|Camerupt, L50, F|
|poke|p2|Farigiraf, L50, F|
|poke|p2|Hatterene, L50, F|
|poke|p2|Kingambit, L50, M|
|teampreview|4
|showteam|p1|Gengar||Gengarite|CursedBody|PerishSong,Protect,SludgeBomb,ShadowBall|Timid||M|||50|]Kommo-o||Leftovers|Soundproof|ClangingScales,StealthRock,ClangorousSoul,Protect|Bold||M|||50|]Incineroar||SitrusBerry|Intimidate|FakeOut,PartingShot,CloseCombat,Protect|Careful||M|||50|]Ninetales-Alola||LightClay|SnowWarning|Blizzard,AuroraVeil,Disable,Protect|Timid||F|||50|]Maushold||FocusSash|FriendGuard|Protect,FollowMe,PopulationBomb,BatonPass|Jolly|||||50|]Clawitzer||LifeOrb|MegaLauncher|HealPulse,WaterPulse,DarkPulse,DragonPulse|Modest||M|||50|
|showteam|p2|Orthworm||SitrusBerry|EarthEater|ShedTail,BodyPress,HeavySlam,Protect|Impish||F|||50|]Quaquaval||FocusSash|Moxie|CloseCombat,FlipTurn,AquaJet,Protect|Adamant||F|||50|]Camerupt||Cameruptite|MagmaArmor|StompingTantrum,Earthquake,FlareBlitz,Protect|Adamant||F|||50|]Farigiraf||MentalHerb|ArmorTail|PsychicTerrain,Psychic,HelpingHand,TrickRoom|Sassy||F|||50|]Hatterene||LifeOrb|MagicBounce|ExpandingForce,DazzlingGleam,CalmMind,Protect|Modest||F|||50|]Kingambit||ExpertBelt|Defiant|KowtowCleave,BrickBreak,SuckerPunch,Protect|Adamant||M|||50|
|j| NyuuJirando
|j| RunningRad
|j| aro1904
|
|t:|1783637098
|teamsize|p1|4
|teamsize|p2|4
|start
|switch|p1a: close ya ears|Gengar, L50, M|100/100
|switch|p1b: What?|Kommo-o, L50, M|100/100
|switch|p2a: Orthworm|Orthworm, L50, F|100/100
|switch|p2b: Farigiraf|Farigiraf, L50, F|100/100
|turn|1
|n| quasmosis|quasmosis
|c| quasmosis|holy open team sheets
|j| Sungwhoops
|
|t:|1783637129
|detailschange|p1a: close ya ears|Gengar-Mega, L50, M
|-mega|p1a: close ya ears|Gengar|Gengarite
|move|p1a: close ya ears|Perish Song|p1a: close ya ears
|-start|p1a: close ya ears|perish3|[silent]
|-immune|p1b: What?|[from] ability: Soundproof
|-start|p2a: Orthworm|perish3|[silent]
|-start|p2b: Farigiraf|perish3|[silent]
|-fieldactivate|move: Perish Song
|move|p1b: What?|Clanging Scales|p2a: Orthworm|[spread] p2a,p2b
|-resisted|p2a: Orthworm|1
|-damage|p2a: Orthworm|77/100
|-damage|p2b: Farigiraf|79/100
|-unboost|p1b: What?|def|1
|move|p2a: Orthworm|Shed Tail|p2a: Orthworm
|-start|p2a: Orthworm|Substitute|[from] move: Shed Tail
|-damage|p2a: Orthworm|27/100
|-enditem|p2a: Orthworm|Sitrus Berry|[eat]
|-heal|p2a: Orthworm|52/100|[from] item: Sitrus Berry
|c| aro1904|I haven't open the sheets but Im pretty sure pres has mewtwo
|
|t:|1783637147
|switch|p2a: Camerupt|Camerupt, L50, F|100/100|[from] Shed Tail
|move|p2b: Farigiraf|Psychic|p1a: close ya ears
|-supereffective|p1a: close ya ears|1
|-damage|p1a: close ya ears|12/100
|
|-start|p1a: close ya ears|perish3
|-start|p2b: Farigiraf|perish3
|upkeep
|turn|2
|
|t:|1783637168
|detailschange|p2a: Camerupt|Camerupt-Mega, L50, F
|-mega|p2a: Camerupt|Camerupt|Cameruptite
|move|p2b: Farigiraf|Helping Hand|p2a: Camerupt
|-singleturn|p2a: Camerupt|Helping Hand|[of] p2b: Farigiraf
|move|p1a: close ya ears|Protect|p1a: close ya ears
|-singleturn|p1a: close ya ears|Protect
|move|p1b: What?|Clangorous Soul|p1b: What?
|-boost|p1b: What?|atk|1
|-boost|p1b: What?|def|1
|-boost|p1b: What?|spa|1
|-boost|p1b: What?|spd|1
|-boost|p1b: What?|spe|1
|-damage|p1b: What?|67/100
|move|p2a: Camerupt|Earthquake|p1a: close ya ears|[spread] p2b,p1b
|-activate|p1a: close ya ears|move: Protect
|-crit|p1b: What?
|-damage|p2b: Farigiraf|16/100
|-damage|p1b: What?|12/100
|
|-heal|p1b: What?|18/100|[from] item: Leftovers
|-start|p1a: close ya ears|perish2
|-start|p2b: Farigiraf|perish2
|upkeep
|turn|3
|
|t:|1783637208
|move|p2b: Farigiraf|Helping Hand|p2a: Camerupt
|-singleturn|p2a: Camerupt|Helping Hand|[of] p2b: Farigiraf
|move|p1a: close ya ears|Shadow Ball|p2b: Farigiraf
|-immune|p2b: Farigiraf
|move|p1b: What?|Clanging Scales|p2a: Camerupt|[spread] p2a,p2b
|-crit|p2a: Camerupt
|-damage|p2a: Camerupt|33/100
|-damage|p2b: Farigiraf|0 fnt
|faint|p2b: Farigiraf
|-unboost|p1b: What?|def|1
|move|p2a: Camerupt|Earthquake|p1a: close ya ears|[spread] p1a,p1b
|-supereffective|p1a: close ya ears|1
|-damage|p1a: close ya ears|0 fnt
|-damage|p1b: What?|0 fnt
|faint|p1a: close ya ears
|faint|p1b: What?
|
|upkeep
|
|t:|1783637228
|switch|p1a: RAWRXD!!!|Incineroar, L50, M|100/100
|switch|p1b: FREEEEEZE|Ninetales-Alola, L50, F|100/100
|switch|p2b: Orthworm|Orthworm, L50, F|52/100
|-weather|Snowscape|[from] ability: Snow Warning|[of] p1b: FREEEEEZE
|-ability|p1a: RAWRXD!!!|Intimidate|boost
|-immune|p2a: Camerupt
|-unboost|p2b: Orthworm|atk|1
|turn|4
|
|t:|1783637244
|move|p2b: Orthworm|Protect|p2b: Orthworm
|-singleturn|p2b: Orthworm|Protect
|move|p1b: FREEEEEZE|Aurora Veil|p1b: FREEEEEZE
|-sidestart|p1: YungLearner|move: Aurora Veil
|move|p1a: RAWRXD!!!|Close Combat|p2b: Orthworm
|-activate|p2b: Orthworm|move: Protect
|move|p2a: Camerupt|Earthquake|p1b: FREEEEEZE|[spread] p1a,p1b
|-activate|p2b: Orthworm|move: Protect
|-supereffective|p1a: RAWRXD!!!|1
|-damage|p1a: RAWRXD!!!|44/100
|-damage|p1b: FREEEEEZE|77/100
|-enditem|p1a: RAWRXD!!!|Sitrus Berry|[eat]
|-heal|p1a: RAWRXD!!!|68/100|[from] item: Sitrus Berry
|
|-weather|Snowscape|[upkeep]
|upkeep
|turn|5
|
|t:|1783637282
|move|p1b: FREEEEEZE|Blizzard|p2a: Camerupt|[spread] p2a,p2b
|-end|p2a: Camerupt|Substitute
|-resisted|p2b: Orthworm|1
|-damage|p2b: Orthworm|30/100
|-status|p2b: Orthworm|frz
|cant|p2b: Orthworm|frz
|move|p1a: RAWRXD!!!|Close Combat|p2a: Camerupt
|-damage|p2a: Camerupt|1/100
|-unboost|p1a: RAWRXD!!!|def|1
|-unboost|p1a: RAWRXD!!!|spd|1
|move|p2a: Camerupt|Earthquake|p1b: FREEEEEZE|[spread] p1a,p1b
|-heal|p2b: Orthworm|55/100 frz|[from] ability: Earth Eater|[of] p2a: Camerupt
|-supereffective|p1a: RAWRXD!!!|1
|-damage|p1a: RAWRXD!!!|0 fnt
|-damage|p1b: FREEEEEZE|53/100
|faint|p1a: RAWRXD!!!
|
|-weather|Snowscape|[upkeep]
|upkeep
|turn|6
|
|t:|1783637303
|move|p2a: Camerupt|Protect|p2a: Camerupt
|-singleturn|p2a: Camerupt|Protect
|move|p1b: FREEEEEZE|Blizzard|p2a: Camerupt|[spread] p2b
|-activate|p2a: Camerupt|move: Protect
|-resisted|p2b: Orthworm|1
|-damage|p2b: Orthworm|33/100 frz
|cant|p2b: Orthworm|frz
|
|-weather|Snowscape|[upkeep]
|upkeep
|turn|7
|
|t:|1783637322
|move|p2a: Camerupt|Protect||[still]
|-fail|p2a: Camerupt
|move|p1b: FREEEEEZE|Disable|p2a: Camerupt
|-start|p2a: Camerupt|Disable|Protect
|-curestatus|p2b: Orthworm|frz|[msg]
|move|p2b: Orthworm|Heavy Slam|p1b: FREEEEEZE
|-supereffective|p1b: FREEEEEZE|2
|-damage|p1b: FREEEEEZE|0 fnt
|faint|p1b: FREEEEEZE
|
|win|presidentperssson
|l| Sungwhoops
|c| aro1904|disable shockat
|c|☆presidentperssson|gg
|l| quasmosis
