|j|☆pastao
|j|☆Seteshy
|html|pastaoSeteshy    
|uhtml|bestof|Game 1 of a best-of-3
|t:|1785426779
|gametype|doubles
|player|p1|pastao|1|
|player|p2|Seteshy|1|
|gen|9
|tier|[Gen 9 Champions] VGC 2026 Reg M-B (Bo3)
|rule|Species Clause: Limit one of each Pokémon
|rule|Item Clause: Limit 1 of each item
|clearpoke
|poke|p1|Tsareena, L50, F|
|poke|p1|Venusaur, L50, M|
|poke|p1|Sceptile, L50, F|
|poke|p1|Meowscarada, L50, F|
|poke|p1|Whimsicott, L50, M|
|poke|p1|Scovillain, L50, F|
|poke|p2|Tyranitar, L50, F|
|poke|p2|Glimmora, L50, F|
|poke|p2|Garganacl, L50, M|
|poke|p2|Kleavor, L50, M|
|poke|p2|Arcanine-Hisui, L50, M|
|poke|p2|Aerodactyl, L50, M|
|teampreview|4
|showteam|p1|Tsareena||WideLens|QueenlyMajesty|TripleAxel,Protect,TropKick,LowKick|Adamant||F|||50|]Venusaur||Venusaurite|Overgrow|SludgeBomb,Protect,EarthPower,GigaDrain|Modest||M|||50|]Sceptile||Sceptilite|Overgrow|DragonPulse,EarthPower,Detect,EnergyBall|Timid||F|||50|]Meowscarada||ChoiceScarf|Protean|FlowerTrick,TripleAxel,KnockOff,Uturn|Jolly||F|||50|]Whimsicott||FocusSash|Prankster|Moonblast,Tailwind,Encore,Endeavor|Timid||M|||50|]Scovillain||QuickClaw|Chlorophyll|RagePowder,Protect,GigaDrain,Flamethrower|Bold||F|||50|
|showteam|p2|Tyranitar||Tyranitarite|SandStream|RockSlide,KnockOff,Protect,HighHorsepower|Adamant||F|||50|]Glimmora||FocusSash|ToxicDebris|PowerGem,SpikyShield,EarthPower,MortalSpin|Modest||F|||50|]Garganacl||Leftovers|PurifyingSalt|SaltCure,BodyPress,IronDefense,Recover|Careful||M|||50|]Kleavor||ChoiceScarf|Sharpness|StoneAxe,XScissor,Uturn,CloseCombat|Adamant||M|||50|]Arcanine-Hisui||LifeOrb|RockHead|FlareBlitz,HeadSmash,WildCharge,ExtremeSpeed|Adamant||M|||50|]Aerodactyl||Aerodactylite|Unnerve|RockSlide,Tailwind,DualWingbeat,Protect|Jolly||M|||50|
|
|t:|1785426817
|teamsize|p1|4
|teamsize|p2|4
|start
|switch|p1a: Whimsicott|Whimsicott, L50, M|100/100
|switch|p1b: Meowscarada|Meowscarada, L50, F|100/100
|switch|p2a: Aerodactyl|Aerodactyl, L50, M|100/100
|switch|p2b: Arcanine|Arcanine-Hisui, L50, M|100/100
|-ability|p2a: Aerodactyl|Unnerve
|turn|1
|
|t:|1785426843
|move|p1a: Whimsicott|Tailwind|p1a: Whimsicott
|-sidestart|p1: pastao|move: Tailwind
|move|p1b: Meowscarada|Knock Off|p2b: Arcanine
|-start|p1b: Meowscarada|typechange|Dark|[from] ability: Protean
|-damage|p2b: Arcanine|40/100
|-enditem|p2b: Arcanine|Life Orb|[from] move: Knock Off|[of] p1b: Meowscarada
|move|p2a: Aerodactyl|Tailwind|p2a: Aerodactyl
|-sidestart|p2: Seteshy|move: Tailwind
|move|p2b: Arcanine|Flare Blitz|p1a: Whimsicott
|-supereffective|p1a: Whimsicott|1
|-enditem|p1a: Whimsicott|Focus Sash
|-damage|p1a: Whimsicott|1/100
|
|upkeep
|turn|2
|
|t:|1785426873
|switch|p2a: Tyranitar|Tyranitar, L50, F|100/100
|-weather|Sandstorm|[from] ability: Sand Stream|[of] p2a: Tyranitar
|move|p2b: Arcanine|Extreme Speed|p1b: Meowscarada
|-damage|p1b: Meowscarada|55/100
|move|p1b: Meowscarada|Knock Off|p2a: Tyranitar
|-resisted|p2a: Tyranitar|1
|-damage|p2a: Tyranitar|87/100
|move|p1a: Whimsicott|Endeavor|p2a: Tyranitar
|-damage|p2a: Tyranitar|1/100
|
|-weather|Sandstorm|[upkeep]
|-damage|p1b: Meowscarada|49/100|[from] Sandstorm
|-damage|p1a: Whimsicott|0 fnt|[from] Sandstorm
|faint|p1a: Whimsicott
|upkeep
|l|☆pastao
|player|p1|
|j|☆pastao
|player|p1|pastao|1|
|
|t:|1785426927
|switch|p1a: Sceptile|Sceptile, L50, F|100/100
|turn|3
|
|t:|1785426947
|detailschange|p1a: Sceptile|Sceptile-Mega, L50, F
|-mega|p1a: Sceptile|Sceptile|Sceptilite
|move|p2a: Tyranitar|Protect|p2a: Tyranitar
|-singleturn|p2a: Tyranitar|Protect
|move|p2b: Arcanine|Extreme Speed|p1b: Meowscarada
|-damage|p1b: Meowscarada|3/100
|move|p1b: Meowscarada|Knock Off|p2a: Tyranitar
|-activate|p2a: Tyranitar|move: Protect
|move|p1a: Sceptile|Energy Ball|p2b: Arcanine
|-damage|p2b: Arcanine|0 fnt
|faint|p2b: Arcanine
|
|-weather|Sandstorm|[upkeep]
|-damage|p1b: Meowscarada|0 fnt|[from] Sandstorm
|-damage|p1a: Sceptile|93/100|[from] Sandstorm
|faint|p1b: Meowscarada
|upkeep
|
|t:|1785426964
|switch|p1b: Scovillain|Scovillain, L50, F|100/100
|switch|p2b: Kleavor|Kleavor, L50, M|100/100
|turn|4
|
|t:|1785426984
|move|p1b: Scovillain|Rage Powder|p1b: Scovillain
|-singleturn|p1b: Scovillain|move: Rage Powder
|move|p1a: Sceptile|Earth Power|p2b: Kleavor
|-damage|p2b: Kleavor|65/100
|move|p2b: Kleavor|X-Scissor|p1b: Scovillain
|-damage|p1b: Scovillain|22/100
|move|p2a: Tyranitar|Knock Off|p1b: Scovillain
|-damage|p1b: Scovillain|0 fnt
|-enditem|p1b: Scovillain|Quick Claw|[from] move: Knock Off|[of] p2a: Tyranitar
|faint|p1b: Scovillain
|
|-weather|Sandstorm|[upkeep]
|-damage|p1a: Sceptile|87/100|[from] Sandstorm
|-sideend|p1: pastao|move: Tailwind
|-sideend|p2: Seteshy|move: Tailwind
|upkeep
|turn|5
|
|t:|1785427005
|move|p1a: Sceptile|Detect|p1a: Sceptile
|-singleturn|p1a: Sceptile|Protect
|move|p2b: Kleavor|X-Scissor|p1a: Sceptile
|-activate|p1a: Sceptile|move: Protect
|move|p2a: Tyranitar|Knock Off|p1a: Sceptile
|-activate|p1a: Sceptile|move: Protect
|
|-weather|Sandstorm|[upkeep]
|-damage|p1a: Sceptile|81/100|[from] Sandstorm
|upkeep
|turn|6
|
|t:|1785427021
|switch|p2a: Aerodactyl|Aerodactyl, L50, M|100/100
|-ability|p2a: Aerodactyl|Unnerve
|move|p1a: Sceptile|Dragon Pulse|p2b: Kleavor
|-damage|p2b: Kleavor|8/100
|move|p2b: Kleavor|X-Scissor|p1a: Sceptile
|-supereffective|p1a: Sceptile|1
|-damage|p1a: Sceptile|0 fnt
|faint|p1a: Sceptile
|
|win|Seteshy
|inactive|pastao has 30 seconds to confirm battle start!
|inactive|Seteshy has 30 seconds to confirm battle start!
||Seteshy is ready for game 2.
|inactive|pastao has 20 seconds to confirm battle start!
||pastao is ready for game 2.
|uhtml|next|Next: Game 2 of 3
