|j|☆vpandur
|j|☆Misaple
|html|vpandurMisaple    
|uhtml|bestof|Game 1 of a best-of-3
|t:|1785208994
|gametype|doubles
|player|p1|vpandur|101|
|player|p2|Misaple|pilot|
|gen|9
|tier|[Gen 9 Champions] VGC 2026 Reg M-B (Bo3)
|rule|Species Clause: Limit one of each Pokémon
|rule|Item Clause: Limit 1 of each item
|clearpoke
|poke|p1|Gardevoir, L50, M|
|poke|p1|Talonflame, L50, M|
|poke|p1|Maushold, L50|
|poke|p1|Kommo-o, L50, F|
|poke|p1|Weavile, L50, F|
|poke|p1|Gengar, L50, F|
|poke|p2|Camerupt, L50, M|
|poke|p2|Mawile, L50, M|
|poke|p2|Farigiraf, L50, F|
|poke|p2|Mimikyu, L50, M|
|poke|p2|Araquanid, L50, F|
|poke|p2|Vileplume, L50, F|
|teampreview|4
|showteam|p1|Gardevoir||Gardevoirite|Trace|HyperVoice,Protect,Psychic,VacuumWave|Timid||M|||50|]Talonflame||SharpBeak|GaleWings|BraveBird,FlareBlitz,Protect,Tailwind|Adamant||M|||50|]Maushold||SitrusBerry|FriendGuard|FollowMe,Protect,SuperFang,Encore|Timid|||||50|]Kommo-o||Leftovers|Overcoat|AuraSphere,ClangingScales,ClangorousSoul,Protect|Timid||F|||50|]Weavile||FocusSash|Pickpocket|FakeOut,Protect,TripleAxel,KnockOff|Jolly||F|||50|]Gengar||LifeOrb|CursedBody|ShadowBall,Protect,SludgeBomb,Disable|Timid||F|||50|
|showteam|p2|Camerupt||Cameruptite|SolidRock|HeatWave,EarthPower,AncientPower,Protect|Quiet||M|||50|]Mawile||Mawilite|Intimidate|PlayRough,IronHead,SuckerPunch,Protect|Brave||M|||50|]Farigiraf||MentalHerb|ArmorTail|TrickRoom,HelpingHand,PsychicNoise,Protect|Sassy||F|||50|]Mimikyu||SpellTag|Disguise|TrickRoom,PlayRough,ShadowSneak,Taunt|Brave||M|||50|]Araquanid||MysticWater|WaterBubble|Liquidation,LeechLife,WideGuard,Protect|Brave||F|||50|]Vileplume||FocusSash|EffectSpore|SleepPowder,SludgeBomb,GigaDrain,Protect|Quiet||F|||50|
|
|t:|1785209063
|teamsize|p1|4
|teamsize|p2|4
|start
|switch|p1a: Kommo-o|Kommo-o, L50, F|100/100
|switch|p1b: Weavile|Weavile, L50, F|100/100
|switch|p2a: Mimikyu|Mimikyu, L50, M|100/100
|switch|p2b: Araquanid|Araquanid, L50, F|100/100
|turn|1
|
|t:|1785209083
|move|p1b: Weavile|Fake Out|p2b: Araquanid
|-damage|p2b: Araquanid|84/100
|move|p1a: Kommo-o|Clangorous Soul|p1a: Kommo-o
|-boost|p1a: Kommo-o|atk|1
|-boost|p1a: Kommo-o|def|1
|-boost|p1a: Kommo-o|spa|1
|-boost|p1a: Kommo-o|spd|1
|-boost|p1a: Kommo-o|spe|1
|-damage|p1a: Kommo-o|67/100
|cant|p2b: Araquanid|flinch
|move|p2a: Mimikyu|Trick Room|p2a: Mimikyu
|-fieldstart|move: Trick Room|[of] p2a: Mimikyu
|
|-heal|p1a: Kommo-o|73/100|[from] item: Leftovers
|upkeep
|turn|2
|
|t:|1785209119
|move|p2b: Araquanid|Leech Life|p1b: Weavile
|-supereffective|p1b: Weavile|1
|-damage|p1b: Weavile|1/100
|-heal|p2b: Araquanid|100/100|[from] drain|[of] p1b: Weavile
|move|p2a: Mimikyu|Play Rough|p1a: Kommo-o|[miss]
|-miss|p2a: Mimikyu|p1a: Kommo-o
|move|p1b: Weavile|Triple Axel|p2a: Mimikyu
|-activate|p2a: Mimikyu|ability: Disguise
|-damage|p2a: Mimikyu|100/100
|detailschange|p2a: Mimikyu|Mimikyu-Busted, L50, M
|-damage|p2a: Mimikyu|87/100|[from] pokemon: Mimikyu-Busted
|-damage|p2a: Mimikyu|63/100
|-damage|p2a: Mimikyu|24/100
|-hitcount|p2a: Mimikyu|3
|move|p1a: Kommo-o|Clanging Scales|p2a: Mimikyu|[spread] p2b
|-immune|p2a: Mimikyu
|-damage|p2b: Araquanid|57/100
|-unboost|p1a: Kommo-o|def|1
|
|-heal|p1a: Kommo-o|78/100|[from] item: Leftovers
|upkeep
|turn|3
|
|t:|1785209152
|move|p1b: Weavile|Protect|p1b: Weavile
|-singleturn|p1b: Weavile|Protect
|move|p1a: Kommo-o|Protect|p1a: Kommo-o
|-singleturn|p1a: Kommo-o|Protect
|move|p2a: Mimikyu|Shadow Sneak|p1b: Weavile
|-activate|p1b: Weavile|move: Protect
|move|p2b: Araquanid|Liquidation|p1a: Kommo-o
|-activate|p1a: Kommo-o|move: Protect
|
|-heal|p1a: Kommo-o|84/100|[from] item: Leftovers
|upkeep
|turn|4
|
|t:|1785209171
|move|p2b: Araquanid|Leech Life|p1b: Weavile
|-supereffective|p1b: Weavile|1
|-crit|p1b: Weavile
|-damage|p1b: Weavile|0 fnt
|-heal|p2b: Araquanid|57/100|[from] drain|[of] p1b: Weavile
|faint|p1b: Weavile
|move|p2a: Mimikyu|Play Rough|p1a: Kommo-o
|-supereffective|p1a: Kommo-o|2
|-damage|p1a: Kommo-o|0 fnt
|faint|p1a: Kommo-o
|
|upkeep
|
|t:|1785209179
|switch|p1a: Talonflame|Talonflame, L50, M|100/100
|switch|p1b: Gardevoir|Gardevoir, L50, M|100/100
|-ability|p1b: Gardevoir|Water Bubble|Trace|[from] ability: Trace|[of] p2b: Araquanid
|turn|5
|
|t:|1785209201
|detailschange|p1b: Gardevoir|Gardevoir-Mega, L50, M
|-mega|p1b: Gardevoir|Gardevoir|Gardevoirite
|move|p1b: Gardevoir|Protect|p1b: Gardevoir
|-singleturn|p1b: Gardevoir|Protect
|move|p1a: Talonflame|Tailwind|p1a: Talonflame
|-sidestart|p1: vpandur|move: Tailwind
|move|p2b: Araquanid|Liquidation|p1a: Talonflame
|-supereffective|p1a: Talonflame|1
|-damage|p1a: Talonflame|0 fnt
|faint|p1a: Talonflame
|move|p2a: Mimikyu|Play Rough|p1b: Gardevoir
|-activate|p1b: Gardevoir|move: Protect
|
|-fieldend|move: Trick Room
|upkeep
|turn|6
|
|t:|1785209217
|move|p2b: Araquanid|Wide Guard|p2b: Araquanid
|-singleturn|p2b: Araquanid|Wide Guard
|move|p1b: Gardevoir|Hyper Voice|p2a: Mimikyu|[spread] 
|-activate|p2a: Mimikyu|move: Wide Guard
|-activate|p2b: Araquanid|move: Wide Guard
|move|p2a: Mimikyu|Taunt|p1b: Gardevoir
|-start|p1b: Gardevoir|move: Taunt
|
|upkeep
|turn|7
|
|t:|1785209232
|move|p2a: Mimikyu|Shadow Sneak|p1b: Gardevoir
|-supereffective|p1b: Gardevoir|1
|-damage|p1b: Gardevoir|29/100
|move|p1b: Gardevoir|Psychic|p2a: Mimikyu
|-damage|p2a: Mimikyu|0 fnt
|faint|p2a: Mimikyu
|move|p2b: Araquanid|Liquidation|p1b: Gardevoir
|-damage|p1b: Gardevoir|0 fnt
|faint|p1b: Gardevoir
|
|win|Misaple
||Misaple is ready for game 2.
||vpandur is ready for game 2.
|uhtml|next|Next: Game 2 of 3
