|j|鈽咲rLuca935
|j|鈽唃reedy Ass Hole
|html|DrLuca935greedy Ass Hole    
|uhtml|bestof|Game 2 of a best-of-3
|t:|1785636400
|gametype|doubles
|player|p1|DrLuca935|hilbert|1136
|player|p2|greedy Ass Hole|265|1036
|gen|9
|tier|[Gen 9 Champions] VGC 2026 Reg M-B (Bo3)
|rated|
|rule|Species Clause: Limit one of each Pok茅mon
|rule|Item Clause: Limit 1 of each item
|clearpoke
|poke|p1|Farigiraf, L50, F|
|poke|p1|Scovillain, L50, M|
|poke|p1|Snorlax, L50, F|
|poke|p1|Annihilape, L50, M|
|poke|p1|Blastoise, L50, F|
|poke|p1|Hydreigon, L50, M|
|poke|p2|Audino, L50, M, shiny|
|poke|p2|Meowscarada, L50, M|
|poke|p2|Toxapex, L50, M|
|poke|p2|Hatterene, L50, F|
|poke|p2|Empoleon, L50, M|
|poke|p2|Kleavor, L50, M|
|teampreview|4
|showteam|p1|Farigiraf||SitrusBerry|ArmorTail|HelpingHand,Psychic,Thunderbolt,TrickRoom|Calm||F|||50|]Scovillain||Scovillainite|Chlorophyll|Protect,GigaDrain,Overheat,RagePowder|Bold||M|||50|]Snorlax||MentalHerb|ThickFat|Curse,HammerArm,BodySlam,Encore|Brave||F|||50|]Annihilape||Leftovers|Defiant|Protect,BulkUp,RageFist,DrainPunch|Jolly||M|||50|]Blastoise||Blastoisinite|RainDish|FakeOut,WaterSpout,IceBeam,Protect|Quiet||F|||50|]Hydreigon||ChoiceScarf|Levitate|Snarl,DarkPulse,DracoMeteor,Flamethrower|Timid||M|||50|
|showteam|p2|Audino||Audinite|Healer|SimpleBeam,CalmMind,DazzlingGleam,Psyshock|Modest||M|||50|]Meowscarada||ChoiceScarf|Protean|FlowerTrick,ThunderPunch,ShadowClaw,SuckerPunch|Jolly||M|||50|]Toxapex||ExpertBelt|Merciless|BanefulBunker,PoisonJab,Hex,ToxicSpikes|Relaxed||M|||50|]Hatterene||Leftovers|MagicBounce|PlayRough,Reflect,LightScreen,ShadowBall|Sassy||F|||50|]Empoleon||WhiteHerb|Competitive|HydroPump,IceBeam,VacuumWave,AirSlash|Modest||M|||50|]Kleavor||LifeOrb|SheerForce|Lunge,RockSlide,Protect,CloseCombat|Jolly||M|||50|
|inactive|Battle timer is ON: inactive players will automatically lose when time's up. (requested by DrLuca935)
|inactive|DrLuca935 has 60 seconds left.
|
|t:|1785636448
|teamsize|p1|4
|teamsize|p2|4
|start
|switch|p1a: Fat lady|Snorlax, L50, F|100/100
|switch|p1b: Angry guy|Annihilape, L50, M|100/100
|switch|p2a: Audino|Audino, L50, M, shiny|100/100
|switch|p2b: Hatterene|Hatterene, L50, F|100/100
|turn|1
|c|鈽唃reedy Ass Hole|馃グ馃グ馃檮馃敟馃敟馃槩馃槱馃毇馃グ馃槩馃槝馃グ馃グ馃槩鉂わ笍馃槝馃ぃ馃グ鉂わ笍鉂わ笍馃槝
|
|t:|1785636463
|detailschange|p2a: Audino|Audino-Mega, L50, M, shiny
|-mega|p2a: Audino|Audino|Audinite
|move|p1b: Angry guy|Bulk Up|p1b: Angry guy
|-boost|p1b: Angry guy|atk|1
|-boost|p1b: Angry guy|def|1
|move|p2a: Audino|Simple Beam|p2b: Hatterene
|move|p2b: Hatterene|Simple Beam|p2a: Audino|[from] ability: Magic Bounce
|-ability|p2a: Audino|Simple|Healer|[from] move: Simple Beam
|move|p1a: Fat lady|Encore|p2a: Audino
|-start|p2a: Audino|Encore
|move|p2b: Hatterene|Reflect|p2b: Hatterene
|-sidestart|p2: greedy Ass Hole|Reflect
|
|upkeep
|turn|2
|inactive|DrLuca935 has 30 seconds left.
|
|t:|1785636490
|move|p1b: Angry guy|Rage Fist|p2b: Hatterene
|-supereffective|p2b: Hatterene|1
|-damage|p2b: Hatterene|46/100
|move|p2a: Audino|Simple Beam|p1a: Fat lady
|-ability|p1a: Fat lady|Simple|Thick Fat|[from] move: Simple Beam
|move|p1a: Fat lady|Curse|p1a: Fat lady
|-unboost|p1a: Fat lady|spe|2
|-boost|p1a: Fat lady|atk|2
|-boost|p1a: Fat lady|def|2
|move|p2b: Hatterene|Light Screen|p2b: Hatterene
|-sidestart|p2: greedy Ass Hole|move: Light Screen
|
|-heal|p2b: Hatterene|52/100|[from] item: Leftovers
|upkeep
|turn|3
|
|t:|1785636509
|move|p1b: Angry guy|Rage Fist|p2b: Hatterene
|-supereffective|p2b: Hatterene|1
|-damage|p2b: Hatterene|3/100
|move|p2a: Audino|Simple Beam||[still]
|-fail|p2a: Audino
|move|p2b: Hatterene|Play Rough|p1b: Angry guy|[miss]
|-miss|p2b: Hatterene|p1b: Angry guy
|move|p1a: Fat lady|Curse|p1a: Fat lady
|-unboost|p1a: Fat lady|spe|2
|-boost|p1a: Fat lady|atk|2
|-boost|p1a: Fat lady|def|2
|
|-heal|p2b: Hatterene|9/100|[from] item: Leftovers
|upkeep
|turn|4
|
|t:|1785636528
|move|p1b: Angry guy|Rage Fist|p2b: Hatterene
|-supereffective|p2b: Hatterene|1
|-damage|p2b: Hatterene|0 fnt
|faint|p2b: Hatterene
|move|p2a: Audino|Simple Beam|p2: Hatterene|[notarget]
|-fail|p2a: Audino
|move|p1a: Fat lady|Body Slam|p2a: Audino
|-damage|p2a: Audino|35/100
|
|-end|p2a: Audino|Encore
|upkeep
|
|t:|1785636539
|switch|p2b: Kleavor|Kleavor, L50, M|100/100
|turn|5
|
|t:|1785636552
|move|p1b: Angry guy|Drain Punch|p2b: Kleavor
|-damage|p2b: Kleavor|55/100
|move|p2b: Kleavor|Close Combat|p1a: Fat lady
|-supereffective|p1a: Fat lady|1
|-damage|p1a: Fat lady|64/100
|-unboost|p2b: Kleavor|def|1
|-unboost|p2b: Kleavor|spd|1
|-damage|p2b: Kleavor|45/100|[from] item: Life Orb
|move|p2a: Audino|Calm Mind|p2a: Audino
|-boost|p2a: Audino|spa|2
|-boost|p2a: Audino|spd|2
|move|p1a: Fat lady|Body Slam|p2a: Audino
|-damage|p2a: Audino|0 fnt
|faint|p2a: Audino
|
|-sideend|p2: greedy Ass Hole|Reflect
|upkeep
|
|t:|1785636567
|switch|p2a: Meowscarada|Meowscarada, L50, M|100/100
|turn|6
|
|t:|1785636585
|move|p2a: Meowscarada|Shadow Claw|p1b: Angry guy
|-start|p2a: Meowscarada|typechange|Ghost|[from] ability: Protean
|-supereffective|p1b: Angry guy|1
|-damage|p1b: Angry guy|49/100
|move|p1b: Angry guy|Drain Punch|p2b: Kleavor
|-damage|p2b: Kleavor|0 fnt
|-heal|p1b: Angry guy|66/100|[from] drain|[of] p2b: Kleavor
|faint|p2b: Kleavor
|move|p1a: Fat lady|Body Slam|p2a: Meowscarada
|-immune|p2a: Meowscarada
|
|-heal|p1b: Angry guy|72/100|[from] item: Leftovers
|-sideend|p2: greedy Ass Hole|move: Light Screen
|upkeep
|turn|7
|inactive|DrLuca935 has 30 seconds left.
|
|t:|1785636612
|move|p2a: Meowscarada|Shadow Claw|p1b: Angry guy
|-supereffective|p1b: Angry guy|1
|-damage|p1b: Angry guy|24/100
|move|p1b: Angry guy|Rage Fist|p2a: Meowscarada
|-supereffective|p2a: Meowscarada|1
|-damage|p2a: Meowscarada|0 fnt
|faint|p2a: Meowscarada
|
|win|DrLuca935
|raw|DrLuca935's rating: 1136 → 1154(+18 for winning)
|raw|greedy Ass Hole's rating: 1036 → 1025(-11 for losing)
