|j|☆We_Are_Toasted
|j|☆CrazyyBoi
|html|We_Are_ToastedCrazyyBoi    
|uhtml|bestof|Game 2 of a best-of-3
|t:|1757205518
|gametype|doubles
|player|p1|We_Are_Toasted|larry|1200
|player|p2|CrazyyBoi|102|1252
|gen|9
|tier|[Gen 9] VGC 2025 Reg H (Bo3)
|rated|
|rule|Species Clause: Limit one of each Pokémon
|rule|Item Clause: Limit 1 of each item
|clearpoke
|poke|p1|Gholdengo, L50|
|poke|p1|Sneasler, L50, M|
|poke|p1|Rillaboom, L50, F|
|poke|p1|Dragonite, L50, M|
|poke|p1|Ninetales-Alola, L50, F|
|poke|p1|Arcanine-Hisui, L50, F|
|poke|p2|Maushold-Four, L50|
|poke|p2|Sableye, L50, M|
|poke|p2|Sinistcha, L50|
|poke|p2|Kommo-o, L50, F|
|poke|p2|Incineroar, L50, F|
|poke|p2|Primarina, L50, M|
|teampreview|4
|showteam|p1|Gholdengo||GrassySeed|GoodasGold|NastyPlot,MakeItRain,ShadowBall,Protect||||||50|,,,,,Water]Sneasler||WhiteHerb|Unburden|CloseCombat,DireClaw,Coaching,Protect|||M|||50|,,,,,Ghost]Rillaboom||AssaultVest|GrassySurge|FakeOut,GrassyGlide,DrumBeating,HighHorsepower|||F|||50|,,,,,Fire]Dragonite||LoadedDice|Multiscale|ScaleShot,StompingTantrum,Tailwind,Protect|||M|||50|,,,,,Ground]Ninetales-Alola||FocusSash|SnowWarning|Blizzard,IcyWind,Encore,AuroraVeil|||F|||50|,,,,,Ghost]Arcanine-Hisui||ClearAmulet|Intimidate|RockSlide,FlareBlitz,ExtremeSpeed,Protect|||F|||50|,,,,,Water
|showteam|p2|Maushold-Four||WideLens|Technician|Protect,PopulationBomb,Bite,FollowMe||||||50|,,,,,Poison]Sableye||FocusSash|Prankster|FakeOut,Quash,Disable,Encore|||M|||50|,,,,,Grass]Sinistcha||MentalHerb|Hospitality|RagePowder,MatchaGotcha,LifeDew,Protect||||||50|,,,,,Fire]Kommo-o||ThroatSpray|Overcoat|ClangorousSoul,ClangingScales,Protect,AuraSphere|||F|||50|,,,,,Steel]Incineroar||SafetyGoggles|Intimidate|FakeOut,PartingShot,KnockOff,Taunt|||F|||50|,,,,,Ghost]Primarina||LifeOrb|LiquidVoice|HyperVoice,Moonblast,PerishSong,Protect|||M|||50|,,,,,Dragon
|inactive|Battle timer is ON: inactive players will automatically lose when time's up. (requested by We_Are_Toasted)
|inactive|We_Are_Toasted has 60 seconds left.
|
|t:|1757205584
|teamsize|p1|4
|teamsize|p2|4
|start
|switch|p1a: Arcanine|Arcanine-Hisui, L50, F|100/100
|switch|p1b: Sneasler|Sneasler, L50, M, shiny|100/100
|switch|p2a: Incineroar|Incineroar, L50, F|100/100
|switch|p2b: Primarina|Primarina, L50, M|100/100
|-ability|p1a: Arcanine|Intimidate|boost
|-unboost|p2a: Incineroar|atk|1
|-unboost|p2b: Primarina|atk|1
|-ability|p2a: Incineroar|Intimidate|boost
|-fail|p1a: Arcanine|unboost|[from] item: Clear Amulet|[of] p1a: Arcanine
|-unboost|p1b: Sneasler|atk|1
|-enditem|p1b: Sneasler|White Herb
|-clearnegativeboost|p1b: Sneasler|[silent]
|turn|1
|inactive|We_Are_Toasted has 30 seconds left.
|inactive|CrazyyBoi has 30 seconds left.
|inactive|We_Are_Toasted has 20 seconds left.
|inactive|We_Are_Toasted has 15 seconds left.
|inactive|We_Are_Toasted has 10 seconds left.
|
|t:|1757205631
|move|p1a: Arcanine|Protect|p1a: Arcanine
|-singleturn|p1a: Arcanine|Protect
|move|p2b: Primarina|Protect|p2b: Primarina
|-singleturn|p2b: Primarina|Protect
|move|p1b: Sneasler|Coaching|p1a: Arcanine
|-boost|p1a: Arcanine|atk|1
|-boost|p1a: Arcanine|def|1
|move|p2a: Incineroar|Parting Shot|p1b: Sneasler
|-unboost|p1b: Sneasler|atk|1
|-unboost|p1b: Sneasler|spa|1
|
|t:|1757205652
|switch|p2a: Maushold|Maushold-Four, L50|100/100|[from] Parting Shot
|
|upkeep
|turn|2
|inactive|We_Are_Toasted has 30 seconds left.
|inactive|We_Are_Toasted has 20 seconds left.
|inactive|We_Are_Toasted has 15 seconds left.
|inactive|We_Are_Toasted has 10 seconds left.
|inactive|We_Are_Toasted has 5 seconds left.
|
|t:|1757205702
|-terastallize|p1b: Sneasler|Ghost
|-terastallize|p2a: Maushold|Poison
|move|p2a: Maushold|Follow Me|p2a: Maushold
|-singleturn|p2a: Maushold|move: Follow Me
|move|p1b: Sneasler|Dire Claw|p2a: Maushold
|-resisted|p2a: Maushold
|-damage|p2a: Maushold|80/100
|move|p1a: Arcanine|Rock Slide|p2a: Maushold|[spread] p2a,p2b
|-damage|p2a: Maushold|11/100
|-damage|p2b: Primarina|51/100
|move|p2b: Primarina|Hyper Voice|p1a: Arcanine|[spread] p1a,p1b
|-supereffective|p1a: Arcanine
|-damage|p1a: Arcanine|0 fnt
|-damage|p1b: Sneasler|42/100
|faint|p1a: Arcanine
|-damage|p2b: Primarina|41/100|[from] item: Life Orb
|
|upkeep
|
|t:|1757205726
|switch|p1a: Gholdengo|Gholdengo, L50|100/100
|turn|3
|inactive|We_Are_Toasted has 30 seconds left.
|inactive|CrazyyBoi has 30 seconds left.
|inactive|We_Are_Toasted has 20 seconds left.
|inactive|We_Are_Toasted has 15 seconds left.
|inactive|We_Are_Toasted has 10 seconds left.
|
|t:|1757205773
|switch|p1b: Ninetales|Ninetales-Alola, L50, F|100/100
|-weather|Snowscape|[from] ability: Snow Warning|[of] p1b: Ninetales
|move|p2b: Primarina|Protect|p2b: Primarina
|-singleturn|p2b: Primarina|Protect
|move|p2a: Maushold|Bite|p1a: Gholdengo
|-supereffective|p1a: Gholdengo
|-damage|p1a: Gholdengo|58/100
|move|p1a: Gholdengo|Nasty Plot|p1a: Gholdengo
|-boost|p1a: Gholdengo|spa|2
|
|-weather|Snowscape|[upkeep]
|upkeep
|turn|4
|inactive|CrazyyBoi has 30 seconds left.
|
|t:|1757205802
|switch|p2b: Incineroar|Incineroar, L50, F|100/100
|-ability|p2b: Incineroar|Intimidate|boost
|-unboost|p1a: Gholdengo|atk|1
|-unboost|p1b: Ninetales|atk|1
|move|p2a: Maushold|Population Bomb|p1b: Ninetales
|-damage|p1b: Ninetales|88/100
|-damage|p1b: Ninetales|78/100
|-damage|p1b: Ninetales|67/100
|-damage|p1b: Ninetales|56/100
|-damage|p1b: Ninetales|44/100
|-damage|p1b: Ninetales|33/100
|-damage|p1b: Ninetales|23/100
|-damage|p1b: Ninetales|12/100
|-damage|p1b: Ninetales|0 fnt
|faint|p1b: Ninetales
|-hitcount|p1: Ninetales|9
|move|p1a: Gholdengo|Make It Rain|p2a: Maushold|[spread] p2a,p2b
|-resisted|p2b: Incineroar
|-crit|p2b: Incineroar
|-damage|p2a: Maushold|0 fnt
|-damage|p2b: Incineroar|51/100
|-unboost|p1a: Gholdengo|spa|1
|faint|p2a: Maushold
|
|-weather|Snowscape|[upkeep]
|upkeep
|
|t:|1757205826
|switch|p2a: Sinistcha|Sinistcha, L50|100/100
|switch|p1b: Sneasler|Sneasler, L50, M, shiny, tera:Ghost|42/100
|-heal|p2b: Incineroar|76/100|[from] ability: Hospitality|[of] p2a: Sinistcha
|turn|5
|inactive|We_Are_Toasted has 30 seconds left.
|inactive|CrazyyBoi has 30 seconds left.
|inactive|We_Are_Toasted has 20 seconds left.
|inactive|We_Are_Toasted has 15 seconds left.
|
|t:|1757205867
|move|p1a: Gholdengo|Protect|p1a: Gholdengo
|-singleturn|p1a: Gholdengo|Protect
|move|p2a: Sinistcha|Protect|p2a: Sinistcha
|-singleturn|p2a: Sinistcha|Protect
|move|p1b: Sneasler|Dire Claw|p2a: Sinistcha
|-activate|p2a: Sinistcha|move: Protect
|move|p2b: Incineroar|Knock Off|p1b: Sneasler
|-supereffective|p1b: Sneasler
|-damage|p1b: Sneasler|0 fnt
|faint|p1b: Sneasler
|
|-weather|Snowscape|[upkeep]
|upkeep
|turn|6
|-message|We_Are_Toasted forfeited.
|
|win|CrazyyBoi
||We_Are_Toasted is ready for game 3.
||CrazyyBoi is ready for game 3.
|uhtml|next|Next: Game 3 of 3
|l|☆CrazyyBoi
|player|p2|
