|j|☆lettitripppp
|j|☆thecrazur
|html|lettitrippppthecrazur    
|uhtml|bestof|Game 3 of a best-of-3
|t:|1784766439
|gametype|doubles
|player|p1|lettitripppp|lucas|1278
|player|p2|thecrazur|2|1247
|gen|9
|tier|[Gen 9 Champions] VGC 2026 Reg M-B (Bo3)
|rated|
|rule|Species Clause: Limit one of each Pokémon
|rule|Item Clause: Limit 1 of each item
|clearpoke
|poke|p1|Charizard, L50, M, shiny|
|poke|p1|Basculegion, L50, M, shiny|
|poke|p1|Pelipper, L50, F|
|poke|p1|Venusaur, L50, M|
|poke|p1|Archaludon, L50, M|
|poke|p1|Grimmsnarl, L50, M, shiny|
|poke|p2|Blaziken, L50, M|
|poke|p2|Ninetales-Alola, L50, F|
|poke|p2|Sinistcha, L50|
|poke|p2|Aerodactyl, L50, M|
|poke|p2|Kingambit, L50, M|
|poke|p2|Basculegion, L50, M|
|teampreview|4
|showteam|p1|Charizard||CharizarditeY|Blaze|WeatherBall,SolarBeam,HeatWave,Protect|Modest||M|||50|]Basculegion||ChoiceScarf|Adaptability|LastRespects,WaveCrash,FlipTurn,AquaJet|Jolly||M|||50|]Pelipper||SitrusBerry|Drizzle|WeatherBall,WideGuard,Hurricane,Tailwind|Modest||F|||50|]Venusaur||FocusSash|Chlorophyll|SleepPowder,SludgeBomb,EarthPower,Protect|Modest||M|||50|]Archaludon||Leftovers|Stamina|FlashCannon,DragonPulse,ElectroShot,Protect|Calm||M|||50|]Grimmsnarl||LightClay|Prankster|PartingShot,LightScreen,SpiritBreak,Reflect|Relaxed||M|||50|
|showteam|p2|Blaziken||Blazikenite|SpeedBoost|AuraSphere,HeatWave,ScorchingSands,Detect|Modest||M|||50|]Ninetales-Alola||LifeOrb|SnowWarning|Blizzard,FreezeDry,Moonblast,Protect|Timid||F|||50|]Sinistcha||ColburBerry|Hospitality|MatchaGotcha,Protect,TrickRoom,RagePowder|Bold|||||50|]Aerodactyl||Aerodactylite|Unnerve|RockSlide,DualWingbeat,Protect,Tailwind|Jolly||M|||50|]Kingambit||FocusSash|Defiant|SuckerPunch,IronHead,LowKick,KowtowCleave|Adamant||M|||50|]Basculegion||ChoiceScarf|Adaptability|LastRespects,WaveCrash,AquaJet,FlipTurn|Jolly||M|||50|
|inactive|Battle timer is ON: inactive players will automatically lose when time's up. (requested by lettitripppp)
|inactive|thecrazur has 60 seconds left.
|inactive|thecrazur has 30 seconds left.
|
|t:|1784766506
|teamsize|p1|4
|teamsize|p2|4
|start
|switch|p1a: GHOSTWAVE|Basculegion, L50, M, shiny|100/100
|switch|p1b: WET-BEAK|Pelipper, L50, F|100/100
|switch|p2a: Basculegion|Basculegion, L50, M|100/100
|switch|p2b: Kingambit|Kingambit, L50, M|100/100
|-weather|RainDance|[from] ability: Drizzle|[of] p1b: WET-BEAK
|turn|1
|
|t:|1784766525
|move|p2b: Kingambit|Sucker Punch|p1a: GHOSTWAVE
|-supereffective|p1a: GHOSTWAVE|1
|-damage|p1a: GHOSTWAVE|1/100
|move|p2a: Basculegion|Wave Crash|p1b: WET-BEAK
|-resisted|p1b: WET-BEAK|1
|-damage|p1b: WET-BEAK|34/100
|-enditem|p1b: WET-BEAK|Sitrus Berry|[eat]
|-heal|p1b: WET-BEAK|59/100|[from] item: Sitrus Berry
|-damage|p2a: Basculegion|81/100|[from] Recoil
|move|p1a: GHOSTWAVE|Flip Turn|p2b: Kingambit
|-damage|p2b: Kingambit|54/100
|
|t:|1784766535
|switch|p1a: GO JOHAN|Grimmsnarl, L50, M, shiny|100/100|[from] Flip Turn
|move|p1b: WET-BEAK|Weather Ball|p2b: Kingambit
|-crit|p2b: Kingambit
|-damage|p2b: Kingambit|0 fnt
|faint|p2b: Kingambit
|
|-weather|RainDance|[upkeep]
|upkeep
|
|t:|1784766546
|switch|p2b: Aerodactyl|Aerodactyl, L50, M|100/100
|-ability|p2b: Aerodactyl|Unnerve
|turn|2
|inactive|thecrazur has 30 seconds left.
|
|t:|1784766574
|detailschange|p2b: Aerodactyl|Aerodactyl-Mega, L50, M
|-mega|p2b: Aerodactyl|Aerodactyl|Aerodactylite
|move|p1a: GO JOHAN|Reflect|p1a: GO JOHAN
|-sidestart|p1: lettitripppp|Reflect
|move|p2b: Aerodactyl|Rock Slide|p1a: GO JOHAN|[spread] p1a
|-miss|p2b: Aerodactyl|p1b: WET-BEAK
|-damage|p1a: GO JOHAN|80/100
|move|p2a: Basculegion|Wave Crash|p1b: WET-BEAK
|-resisted|p1b: WET-BEAK|1
|-damage|p1b: WET-BEAK|20/100y
|-damage|p2a: Basculegion|71/100|[from] Recoil
|move|p1b: WET-BEAK|Tailwind|p1b: WET-BEAK
|-sidestart|p1: lettitripppp|move: Tailwind
|
|-weather|RainDance|[upkeep]
|upkeep
|turn|3
|
|t:|1784766592
|move|p2b: Aerodactyl|Protect|p2b: Aerodactyl
|-singleturn|p2b: Aerodactyl|Protect
|move|p1a: GO JOHAN|Parting Shot|p2a: Basculegion
|-unboost|p2a: Basculegion|atk|1
|-unboost|p2a: Basculegion|spa|1
|
|t:|1784766597
|switch|p1a: GHOSTWAVE|Basculegion, L50, M, shiny|1/100|[from] Parting Shot
|move|p2a: Basculegion|Wave Crash|p1b: WET-BEAK
|-resisted|p1b: WET-BEAK|1
|-damage|p1b: WET-BEAK|0 fnt
|faint|p1b: WET-BEAK
|-damage|p2a: Basculegion|64/100|[from] Recoil
|
|-weather|RainDance|[upkeep]
|upkeep
|
|t:|1784766603
|switch|p1b: AGNI|Charizard, L50, M, shiny|100/100
|turn|4
|inactive|thecrazur has 30 seconds left.
|
|t:|1784766631
|switch|p2a: Blaziken|Blaziken, L50, M|100/100
|move|p1b: AGNI|Protect|p1b: AGNI
|-singleturn|p1b: AGNI|Protect
|move|p1a: GHOSTWAVE|Flip Turn|p2b: Aerodactyl
|-supereffective|p2b: Aerodactyl|1
|-damage|p2b: Aerodactyl|0 fnt
|faint|p2b: Aerodactyl
|
|t:|1784766639
|switch|p1a: GO JOHAN|Grimmsnarl, L50, M, shiny|80/100|[from] Flip Turn
|
|-weather|RainDance|[upkeep]
|upkeep
|
|t:|1784766644
|switch|p2b: Basculegion|Basculegion, L50, M|64/100
|turn|5
|c|☆lettitripppp|gg
|inactive|thecrazur has 30 seconds left.
|
|t:|1784766679
|detailschange|p1b: AGNI|Charizard-Mega-Y, L50, M, shiny
|-mega|p1b: AGNI|Charizard|Charizardite Y
|-weather|SunnyDay|[from] ability: Drought|[of] p1b: AGNI
|move|p1a: GO JOHAN|Light Screen|p1a: GO JOHAN
|-sidestart|p1: lettitripppp|move: Light Screen
|move|p1b: AGNI|Solar Beam||[still]
|-prepare|p1b: AGNI|Solar Beam
|-anim|p1b: AGNI|Solar Beam|p2b: Basculegion
|-supereffective|p2b: Basculegion|1
|-damage|p2b: Basculegion|0 fnt
|faint|p2b: Basculegion
|move|p2a: Blaziken|Scorching Sands|p1a: GO JOHAN
|-crit|p1a: GO JOHAN
|-damage|p1a: GO JOHAN|47/100
|-status|p1a: GO JOHAN|brn
|
|-weather|SunnyDay|[upkeep]
|-damage|p1a: GO JOHAN|41/100 brn|[from] brn
|-sideend|p1: lettitripppp|move: Tailwind
|-ability|p2a: Blaziken|Speed Boost|boost
|-boost|p2a: Blaziken|spe|1
|upkeep
|turn|6
|c|☆thecrazur|gg
|l|☆thecrazur
|inactive|thecrazur disconnected and has a minute to reconnect!
|player|p2|
|inactive|thecrazur has 30 seconds left.
|inactive|thecrazur has 20 seconds left.
|inactive|thecrazur has 15 seconds left.
|inactive|thecrazur has 10 seconds left.
|inactive|thecrazur has 5 seconds left.
|-message|thecrazur lost due to inactivity.
|
|win|lettitripppp
|raw|lettitripppp's rating: 1278 → 1301(+23 for winning)
|raw|thecrazur's rating: 1247 → 1224(-23 for losing)
