|j|☆iiFWM
|j|☆huntr/x rumi
|html|iiFWMhuntr/x rumi    
|uhtml|bestof|Game 2 of a best-of-3
|t:|1755048690
|gametype|doubles
|player|p1|iiFWM|cyrus|1312
|player|p2|huntr/x rumi|guitarist|1239
|gen|9
|tier|[Gen 9] VGC 2025 Reg H (Bo3)
|rated|
|rule|Species Clause: Limit one of each Pokémon
|rule|Item Clause: Limit 1 of each item
|clearpoke
|poke|p1|Sneasler, L50, M|
|poke|p1|Dragapult, L50, F|
|poke|p1|Primarina, L50, M|
|poke|p1|Rillaboom, L50, M|
|poke|p1|Kingambit, L50, F|
|poke|p1|Magmar, L50, M|
|poke|p2|Whimsicott, L50, M|
|poke|p2|Ditto, L50|
|poke|p2|Incineroar, L50, M|
|poke|p2|Farigiraf, L50, M|
|poke|p2|Gholdengo, L50|
|poke|p2|Samurott-Hisui, L50, F|
|teampreview|4
|showteam|p1|Sneasler||FocusSash|PoisonTouch|CloseCombat,DireClaw,FakeOut,Protect|||M|||50|,,,,,Stellar]Dragapult||ChoiceBand|ClearBody|DragonDarts,TeraBlast,PhantomForce,Uturn|||F|||50|,,,,,Ghost]Primarina||SitrusBerry|LiquidVoice|HyperVoice,Moonblast,Haze,Protect|||M|||50|,,,,,Water]Rillaboom||AssaultVest|GrassySurge|WoodHammer,GrassyGlide,HighHorsepower,FakeOut|||M|||50|,,,,,Fire]Kingambit||DreadPlate|Defiant|KowtowCleave,SuckerPunch,SwordsDance,Protect|||F|||50|,,,,,Ghost]Magmar||Eviolite|VitalSpirit|Overheat,WillOWisp,FollowMe,Protect|||M|||50|,,,,,Ghost
|showteam|p2|Whimsicott||FocusSash|Prankster|Protect,Moonblast,Tailwind,Encore|||M|||50|,,,,,Ghost]Ditto||CovertCloak|Imposter|Transform||||||50|,,,,,Grass]Incineroar||SafetyGoggles|Intimidate|FakeOut,FlareBlitz,KnockOff,PartingShot|||M|||50|,,,,,Ghost]Farigiraf||ThroatSpray|ArmorTail|Protect,TrickRoom,HyperVoice,Psychic|||M|||50|,,,,,Fairy]Gholdengo||ChoiceSpecs|GoodasGold|MakeItRain,ShadowBall,Protect,Trick||||||50|,,,,,Steel]Samurott-Hisui||AssaultVest|Sharpness|AquaCutter,SacredSword,NightSlash,SuckerPunch|||F|||50|,,,,,Poison
|inactive|Battle timer is ON: inactive players will automatically lose when time's up. (requested by iiFWM)
|inactive|iiFWM has 60 seconds left.
|inactive|huntr/x rumi has 60 seconds left.
|
|t:|1755048734
|teamsize|p1|4
|teamsize|p2|4
|start
|switch|p1a: Kingambit|Kingambit, L50, F, shiny|100/100
|switch|p1b: Magmar|Magmar, L50, M, shiny|100/100
|switch|p2a: Whimsicott|Whimsicott, L50, M, shiny|100/100
|switch|p2b: Gholdengo|Gholdengo, L50|100/100
|turn|1
|
|t:|1755048758
|move|p2a: Whimsicott|Protect|p2a: Whimsicott
|-singleturn|p2a: Whimsicott|Protect
|move|p2b: Gholdengo|Trick|p1a: Kingambit
|-activate|p2b: Gholdengo|move: Trick|[of] p1a: Kingambit
|-item|p1a: Kingambit|Choice Specs|[from] move: Trick
|-item|p2b: Gholdengo|Dread Plate|[from] move: Trick
|move|p1b: Magmar|Will-O-Wisp|p2b: Gholdengo
|-immune|p2b: Gholdengo|[from] ability: Good as Gold
|move|p1a: Kingambit|Swords Dance|p1a: Kingambit
|-boost|p1a: Kingambit|atk|2
|
|upkeep
|turn|2
|
|t:|1755048772
|switch|p1a: Primarina|Primarina, L50, M|100/100
|move|p2a: Whimsicott|Encore|p1b: Magmar
|-start|p1b: Magmar|Encore
|move|p2b: Gholdengo|Shadow Ball|p1b: Magmar
|-damage|p1b: Magmar|62/100
|move|p1b: Magmar|Will-O-Wisp|p2a: Whimsicott
|-status|p2a: Whimsicott|brn
|
|-damage|p2a: Whimsicott|95/100 brn|[from] brn
|upkeep
|turn|3
|
|t:|1755048783
|switch|p1b: Kingambit|Kingambit, L50, F, shiny|100/100
|-terastallize|p2b: Gholdengo|Steel
|move|p2a: Whimsicott|Moonblast|p1b: Kingambit
|-crit|p1b: Kingambit
|-damage|p1b: Kingambit|51/100
|move|p2b: Gholdengo|Make It Rain|p1a: Primarina|[spread] p1a,p1b
|-resisted|p1b: Kingambit
|-damage|p1a: Primarina|39/100
|-damage|p1b: Kingambit|20/100
|-unboost|p2b: Gholdengo|spa|1
|-enditem|p1a: Primarina|Sitrus Berry|[eat]
|-heal|p1a: Primarina|64/100|[from] item: Sitrus Berry
|move|p1a: Primarina|Hyper Voice|p2a: Whimsicott|[spread] p2a,p2b
|-resisted|p2a: Whimsicott
|-damage|p2a: Whimsicott|68/100 brn
|-damage|p2b: Gholdengo|61/100
|
|-damage|p2a: Whimsicott|62/100 brn|[from] brn
|upkeep
|turn|4
|
|t:|1755048807
|move|p1b: Kingambit|Sucker Punch|p2b: Gholdengo
|-damage|p2b: Gholdengo|18/100
|move|p2a: Whimsicott|Moonblast|p1a: Primarina
|-damage|p1a: Primarina|36/100
|move|p2b: Gholdengo|Make It Rain|p1b: Kingambit|[spread] p1a,p1b
|-resisted|p1b: Kingambit
|-damage|p1a: Primarina|0 fnt
|-damage|p1b: Kingambit|0 fnt
|-unboost|p2b: Gholdengo|spa|1
|faint|p1a: Primarina
|faint|p1b: Kingambit
|
|-damage|p2a: Whimsicott|56/100 brn|[from] brn
|upkeep
|
|t:|1755048814
|switch|p1a: Magmar|Magmar, L50, M, shiny|62/100
|switch|p1b: Rillaboom|Rillaboom, L50, M|100/100
|-fieldstart|move: Grassy Terrain|[from] ability: Grassy Surge|[of] p1b: Rillaboom
|turn|5
|
|t:|1755048819
|switch|p2b: Ditto|Ditto, L50, shiny|100/100
|-transform|p2b: Ditto|p1a: Magmar|[from] ability: Imposter
|move|p2a: Whimsicott|Protect|p2a: Whimsicott
|-singleturn|p2a: Whimsicott|Protect
|move|p1b: Rillaboom|Grassy Glide|p2b: Ditto
|-resisted|p2b: Ditto
|-damage|p2b: Ditto|75/100
|move|p1a: Magmar|Overheat|p2a: Whimsicott
|-activate|p2a: Whimsicott|move: Protect
|
|-heal|p2a: Whimsicott|62/100 brn|[from] Grassy Terrain
|-heal|p1a: Magmar|68/100|[from] Grassy Terrain
|-heal|p2b: Ditto|80/100|[from] Grassy Terrain
|-damage|p2a: Whimsicott|56/100 brn|[from] brn
|upkeep
|turn|6
|
|t:|1755048834
|-terastallize|p1b: Rillaboom|Fire
|move|p2b: Ditto|Protect|p2b: Ditto
|-singleturn|p2b: Ditto|Protect
|move|p2a: Whimsicott|Moonblast|p1a: Magmar
|-resisted|p1a: Magmar
|-damage|p1a: Magmar|55/100
|-unboost|p1a: Magmar|spa|1
|move|p1a: Magmar|Overheat|p2a: Whimsicott
|-supereffective|p2a: Whimsicott
|-damage|p2a: Whimsicott|0 fnt
|-unboost|p1a: Magmar|spa|2
|faint|p2a: Whimsicott
|move|p1b: Rillaboom|High Horsepower|p2b: Ditto
|-activate|p2b: Ditto|move: Protect
|
|-heal|p2b: Ditto|86/100|[from] Grassy Terrain
|-heal|p1a: Magmar|61/100|[from] Grassy Terrain
|upkeep
|
|t:|1755048836
|switch|p2a: Samurott|Samurott-Hisui, L50, F|100/100
|turn|7
|
|t:|1755048855
|move|p1a: Magmar|Follow Me|p1a: Magmar
|-singleturn|p1a: Magmar|move: Follow Me
|move|p2b: Ditto|Follow Me|p2b: Ditto
|-singleturn|p2b: Ditto|move: Follow Me
|move|p1b: Rillaboom|Wood Hammer|p2b: Ditto
|-resisted|p2b: Ditto
|-damage|p2b: Ditto|26/100
|-damage|p1b: Rillaboom|85/100|[from] Recoil
|move|p2a: Samurott|Aqua Cutter|p1a: Magmar
|-supereffective|p1a: Magmar
|-damage|p1a: Magmar|0 fnt
|faint|p1a: Magmar
|
|-heal|p2b: Ditto|32/100|[from] Grassy Terrain
|-heal|p1b: Rillaboom|91/100|[from] Grassy Terrain
|upkeep
|turn|8
|-message|iiFWM forfeited.
|
|win|huntr/x rumi
|raw|iiFWM's rating: 1312 → 1288(-24 for losing)
|raw|huntr/x rumi's rating: 1239 → 1269(+30 for winning)
|l|☆iiFWM
|player|p1|
|l|☆huntr/x rumi
|player|p2|
|j|☆huntr/x rumi
|player|p2|huntr/x rumi|guitarist|
