|j|☆FPG_thunder12
|j|☆ancientson
|html|FPG_thunder12ancientson    
|uhtml|bestof|Game 3 of a best-of-3
|t:|1757171498
|gametype|doubles
|player|p1|FPG_thunder12|drake-gen3|1099
|player|p2|ancientson|n|1065
|gen|9
|tier|[Gen 9] VGC 2025 Reg H (Bo3)
|rated|
|rule|Species Clause: Limit one of each Pokémon
|rule|Item Clause: Limit 1 of each item
|clearpoke
|poke|p1|Incineroar, L50, M|
|poke|p1|Gothitelle, L50, F|
|poke|p1|Politoed, L50, M|
|poke|p1|Kingdra, L50, M|
|poke|p1|Archaludon, L50, M|
|poke|p1|Amoonguss, L50, F|
|poke|p2|Dragapult, L50, F|
|poke|p2|Gholdengo, L50|
|poke|p2|Murkrow, L50, M|
|poke|p2|Sneasler, L50, M|
|poke|p2|Armarouge, L50, M|
|poke|p2|Indeedee-F, L50, F|
|teampreview|4
|showteam|p1|Incineroar||SafetyGoggles|Intimidate|FakeOut,KnockOff,PartingShot,Protect|||M|||50|,,,,,Ghost]Gothitelle||SitrusBerry|ShadowTag|FakeOut,Psychic,TrickRoom,Protect|||F|||50|,,,,,Dark]Politoed||Leftovers|Drizzle|WeatherBall,Encore,PerishSong,Protect|||M|||50|,,,,,Grass]Kingdra||LifeOrb|SwiftSwim|DracoMeteor,WeatherBall,MuddyWater,Protect|||M|||50|,,,,,Stellar]Archaludon||PowerHerb|Sturdy|ElectroShot,FlashCannon,DragonPulse,Protect|||M|||50|,,,,,Electric]Amoonguss||EjectButton|Regenerator|PollenPuff,Spore,RagePowder,Protect|||F|||50|,,,,,Fairy
|showteam|p2|Dragapult||LifeOrb|ClearBody|DragonDarts,Uturn,PhantomForce,SuckerPunch|||F|||50|,,,,,Dragon]Gholdengo||Leftovers|GoodasGold|Protect,ShadowBall,MakeItRain,NastyPlot||||||50|,,,,,Fighting]Murkrow||Eviolite|Prankster|FoulPlay,Tailwind,Haze,SunnyDay|||M|||50|,,,,,Dark]Sneasler||PsychicSeed|Unburden|DireClaw,CloseCombat,Protect,ThroatChop|||M|||50|,,,,,Dark]Armarouge||CovertCloak|FlashFire|ExpandingForce,HeatWave,Protect,TeraBlast|||M|||50|,,,,,Fighting]Indeedee-F||RockyHelmet|PsychicSurge|FollowMe,HelpingHand,TrickRoom,Psychic|||F|||50|,,,,,Dark
|inactive|Battle timer is ON: inactive players will automatically lose when time's up. (requested by ancientson)
|
|t:|1757171527
|teamsize|p1|4
|teamsize|p2|4
|start
|switch|p1a: Incineroar|Incineroar, L50, M|100/100
|switch|p1b: Kingdra|Kingdra, L50, M, shiny|100/100
|switch|p2a: Murkrow|Murkrow, L50, M|100/100
|switch|p2b: Aurelios|Gholdengo, L50|100/100
|-ability|p1a: Incineroar|Intimidate|boost
|-unboost|p2a: Murkrow|atk|1
|-unboost|p2b: Aurelios|atk|1
|turn|1
|inactive|FPG_thunder12 has 30 seconds left.
|inactive|FPG_thunder12 has 20 seconds left.
|
|t:|1757171562
|-terastallize|p2b: Aurelios|Fighting
|move|p1a: Incineroar|Fake Out|p2a: Murkrow
|-damage|p2a: Murkrow|87/100
|cant|p2a: Murkrow|flinch
|move|p2b: Aurelios|Nasty Plot|p2b: Aurelios
|-boost|p2b: Aurelios|spa|2
|move|p1b: Kingdra|Muddy Water|p2a: Murkrow|[spread] p2a,p2b
|-crit|p2a: Murkrow
|-damage|p2a: Murkrow|26/100
|-damage|p2b: Aurelios|56/100
|-damage|p1b: Kingdra|91/100|[from] item: Life Orb
|
|-heal|p2b: Aurelios|62/100|[from] item: Leftovers
|upkeep
|turn|2
|inactive|ancientson has 30 seconds left.
|
|t:|1757171588
|switch|p1a: Politoed|Politoed, L50, M, shiny|100/100
|-weather|RainDance|[from] ability: Drizzle|[of] p1a: Politoed
|move|p2a: Murkrow|Sunny Day|p2a: Murkrow
|-weather|SunnyDay
|move|p2b: Aurelios|Make It Rain|p1a: Politoed|[spread] p1a,p1b
|-resisted|p1a: Politoed
|-resisted|p1b: Kingdra
|-damage|p1a: Politoed|65/100
|-damage|p1b: Kingdra|40/100
|-unboost|p2b: Aurelios|spa|1
|move|p1b: Kingdra|Weather Ball|p2b: Aurelios
|-damage|p2b: Aurelios|0 fnt
|faint|p2b: Aurelios
|-damage|p1b: Kingdra|30/100|[from] item: Life Orb
|
|-weather|SunnyDay|[upkeep]
|-heal|p1a: Politoed|71/100|[from] item: Leftovers
|upkeep
|
|t:|1757171603
|switch|p2b: Dragapult|Dragapult, L50, F|100/100
|turn|3
|
|t:|1757171625
|switch|p1b: Gothitelle|Gothitelle, L50, F|100/100
|move|p2a: Murkrow|Tailwind|p2a: Murkrow
|-sidestart|p2: ancientson|move: Tailwind
|move|p2b: Dragapult|Dragon Darts|p1b: Gothitelle
|-damage|p1b: Gothitelle|65/100
|-anim|p2b: Dragapult|Dragon Darts|p1a: Politoed
|-damage|p1a: Politoed|33/100
|-damage|p2b: Dragapult|91/100|[from] item: Life Orb
|move|p1a: Politoed|Weather Ball|p2a: Murkrow
|-damage|p2a: Murkrow|0 fnt
|faint|p2a: Murkrow
|
|-weather|SunnyDay|[upkeep]
|-heal|p1a: Politoed|40/100|[from] item: Leftovers
|upkeep
|
|t:|1757171628
|switch|p2a: Sneasler|Sneasler, L50, M|100/100
|turn|4
|inactive|ancientson has 30 seconds left.
|inactive|ancientson has 20 seconds left.
|
|t:|1757171665
|move|p2b: Dragapult|Sucker Punch||[still]
|-fail|p2b: Dragapult
|move|p2a: Sneasler|Dire Claw|p1a: Politoed
|-damage|p1a: Politoed|0 fnt
|faint|p1a: Politoed
|move|p1b: Gothitelle|Trick Room|p1b: Gothitelle
|-fieldstart|move: Trick Room|[of] p1b: Gothitelle
|
|-weather|SunnyDay|[upkeep]
|upkeep
|
|t:|1757171676
|switch|p1a: Incineroar|Incineroar, L50, M|100/100
|-ability|p1a: Incineroar|Intimidate|boost
|-unboost|p2a: Sneasler|atk|1
|-fail|p2b: Dragapult|unboost|[from] ability: Clear Body|[of] p2b: Dragapult
|turn|5
|inactive|FPG_thunder12 has 30 seconds left.
|
|t:|1757171705
|move|p1a: Incineroar|Protect|p1a: Incineroar
|-singleturn|p1a: Incineroar|Protect
|move|p1b: Gothitelle|Protect|p1b: Gothitelle
|-singleturn|p1b: Gothitelle|Protect
|move|p2a: Sneasler|Close Combat|p1a: Incineroar
|-activate|p1a: Incineroar|move: Protect
|move|p2b: Dragapult|Dragon Darts|p1b: Gothitelle
|-activate|p1a: Incineroar|move: Protect
|
|-weather|SunnyDay|[upkeep]
|upkeep
|turn|6
|
|t:|1757171727
|move|p2a: Sneasler|Protect|p2a: Sneasler
|-singleturn|p2a: Sneasler|Protect
|move|p1a: Incineroar|Knock Off|p2b: Dragapult
|-supereffective|p2b: Dragapult
|-damage|p2b: Dragapult|0 fnt
|-enditem|p2b: Dragapult|Life Orb|[from] move: Knock Off|[of] p1a: Incineroar
|faint|p2b: Dragapult
|move|p1b: Gothitelle|Psychic|p2a: Sneasler
|-activate|p2a: Sneasler|move: Protect
|
|-weather|none
|-sideend|p2: ancientson|move: Tailwind
|upkeep
|turn|7
|c|☆FPG_thunder12|Why id dragapult so frail??
|inactive|FPG_thunder12 has 30 seconds left.
|
|t:|1757171761
|move|p1a: Incineroar|Parting Shot|p2a: Sneasler
|-unboost|p2a: Sneasler|atk|1
|-unboost|p2a: Sneasler|spa|1
|
|t:|1757171765
|switch|p1a: Kingdra|Kingdra, L50, M, shiny|30/100|[from] Parting Shot
|move|p1b: Gothitelle|Psychic|p2a: Sneasler
|-supereffective|p2a: Sneasler
|-damage|p2a: Sneasler|0 fnt
|faint|p2a: Sneasler
|
|win|FPG_thunder12
|raw|FPG_thunder12's rating: 1099 → 1122(+23 for winning)
|raw|ancientson's rating: 1065 → 1047(-18 for losing)
|c|☆ancientson|I made a few bad calls tbh
