|j|☆dondozo ate my son
|j|☆It'sJustKen VGC
|html|dondozo ate my sonIt'sJustKen VGC    
|uhtml|bestof|Game 2 of a best-of-3
|t:|1783642474
|gametype|doubles
|player|p1|dondozo ate my son|102|1263
|player|p2|It'sJustKen VGC|266|1241
|gen|9
|tier|[Gen 9 Champions] VGC 2026 Reg M-B (Bo3)
|rated|
|rule|Species Clause: Limit one of each Pokémon
|rule|Item Clause: Limit 1 of each item
|clearpoke
|poke|p1|Floette-Eternal, L50, F|
|poke|p1|Sneasler, L50, M|
|poke|p1|Incineroar, L50, F|
|poke|p1|Sinistcha, L50|
|poke|p1|Garchomp, L50, M|
|poke|p1|Charizard, L50, F|
|poke|p2|Staraptor, L50, M|
|poke|p2|Sneasler, L50, F|
|poke|p2|Whimsicott, L50, F|
|poke|p2|Gholdengo, L50|
|poke|p2|Toxapex, L50, F, shiny|
|poke|p2|Incineroar, L50, M|
|teampreview|4
|showteam|p1|Floette-Eternal||Floettite|FlowerVeil|DazzlingGleam,DrainingKiss,Protect,CalmMind|Bold||F|||50|]Sneasler||FocusSash|PoisonTouch|FakeOut,PoisonJab,CloseCombat,Protect|Jolly||M|||50|]Incineroar||SitrusBerry|Intimidate|FakeOut,FlareBlitz,PartingShot,DarkestLariat|Careful||F|||50|]Sinistcha||Leftovers|Hospitality|MatchaGotcha,Protect,TrickRoom,RagePowder|Bold|||||50|]Garchomp||ChoiceScarf|RoughSkin|Earthquake,StompingTantrum,RockSlide,DragonClaw|Adamant||M|||50|]Charizard||CharizarditeY|Blaze|WeatherBall,HeatWave,SolarBeam,Protect|Modest||F|||50|
|showteam|p2|Staraptor||Staraptite|Intimidate|Protect,BraveBird,CloseCombat,Roost|Jolly||M|||50|]Sneasler||WhiteHerb|Unburden|Protect,DireClaw,CloseCombat,FakeOut|Jolly||F|||50|]Whimsicott||FocusSash|Prankster|Tailwind,Encore,Tickle,Moonblast|Timid||F|||50|]Gholdengo||LifeOrb|GoodasGold|Protect,ShadowBall,MakeItRain,NastyPlot|Modest|||||50|]Toxapex||Leftovers|Regenerator|BanefulBunker,Infestation,Toxic,WideGuard|Bold||F|||50|]Incineroar||SitrusBerry|Intimidate|FakeOut,PartingShot,FlareBlitz,ThroatChop|Impish||M|||50|
|inactive|Battle timer is ON: inactive players will automatically lose when time's up. (requested by It'sJustKen VGC)
|
|t:|1783642504
|teamsize|p1|4
|teamsize|p2|4
|start
|switch|p1a: Charizard|Charizard, L50, F|100/100
|switch|p1b: Incineroar|Incineroar, L50, F|100/100
|switch|p2a: Staraptor|Staraptor, L50, M|100/100
|switch|p2b: Whimsicott|Whimsicott, L50, F|100/100
|-ability|p2a: Staraptor|Intimidate|boost
|-unboost|p1a: Charizard|atk|1
|-unboost|p1b: Incineroar|atk|1
|-ability|p1b: Incineroar|Intimidate|boost
|-unboost|p2a: Staraptor|atk|1
|-unboost|p2b: Whimsicott|atk|1
|turn|1
|inactive|dondozo ate my son has 30 seconds left.
|
|t:|1783642532
|switch|p2b: Toxapex|Toxapex, L50, F, shiny|100/100
|detailschange|p2a: Staraptor|Staraptor-Mega, L50, M
|-mega|p2a: Staraptor|Staraptor|Staraptite
|detailschange|p1a: Charizard|Charizard-Mega-Y, L50, F
|-mega|p1a: Charizard|Charizard|Charizardite Y
|-weather|SunnyDay|[from] ability: Drought|[of] p1a: Charizard
|move|p2a: Staraptor|Protect|p2a: Staraptor
|-singleturn|p2a: Staraptor|Protect
|move|p1b: Incineroar|Fake Out|p2b: Toxapex
|-damage|p2b: Toxapex|94/100
|move|p1a: Charizard|Heat Wave|p2a: Staraptor|[spread] p2b
|-activate|p2a: Staraptor|move: Protect
|-resisted|p2b: Toxapex|1
|-damage|p2b: Toxapex|70/100
|
|-weather|SunnyDay|[upkeep]
|-heal|p2b: Toxapex|76/100|[from] item: Leftovers
|upkeep
|turn|2
|
|t:|1783642545
|switch|p1b: Sneasler|Sneasler, L50, M|100/100
|move|p2a: Staraptor|Close Combat|p1b: Sneasler
|-resisted|p1b: Sneasler|1
|-damage|p1b: Sneasler|65/100
|-boost|p2a: Staraptor|def|1
|-boost|p2a: Staraptor|spd|1
|move|p1a: Charizard|Weather Ball|p2a: Staraptor
|-damage|p2a: Staraptor|25/100
|move|p2b: Toxapex|Toxic|p1a: Charizard
|-status|p1a: Charizard|tox
|
|-weather|SunnyDay|[upkeep]
|-heal|p2b: Toxapex|82/100|[from] item: Leftovers
|-damage|p1a: Charizard|93/100 tox|[from] psn
|upkeep
|turn|3
|
|t:|1783642568
|move|p2a: Staraptor|Protect|p2a: Staraptor
|-singleturn|p2a: Staraptor|Protect
|move|p2b: Toxapex|Baneful Bunker|p2b: Toxapex
|-singleturn|p2b: Toxapex|move: Protect
|move|p1b: Sneasler|Poison Jab|p2b: Toxapex
|-activate|p2b: Toxapex|move: Protect
|move|p1a: Charizard|Weather Ball|p2b: Toxapex
|-activate|p2b: Toxapex|move: Protect
|
|-weather|SunnyDay|[upkeep]
|-heal|p2b: Toxapex|87/100|[from] item: Leftovers
|-damage|p1a: Charizard|81/100 tox|[from] psn
|upkeep
|turn|4
|
|t:|1783642579
|move|p1b: Sneasler|Poison Jab|p2a: Staraptor
|-damage|p2a: Staraptor|0 fnt
|faint|p2a: Staraptor
|move|p1a: Charizard|Solar Beam||[still]
|-prepare|p1a: Charizard|Solar Beam
|-anim|p1a: Charizard|Solar Beam|p2b: Toxapex
|-damage|p2b: Toxapex|50/100g
|move|p2b: Toxapex|Infestation|p1a: Charizard
|-resisted|p1a: Charizard|2
|-damage|p1a: Charizard|81/100 tox
|-activate|p1a: Charizard|move: Infestation|[of] p2b: Toxapex
|
|-weather|SunnyDay|[upkeep]
|-heal|p2b: Toxapex|56/100|[from] item: Leftovers
|-damage|p1a: Charizard|63/100 tox|[from] psn
|-damage|p1a: Charizard|51/100 tox|[from] move: Infestation|[partiallytrapped]
|upkeep
|
|t:|1783642586
|switch|p2a: Whimsicott|Whimsicott, L50, F|100/100
|turn|5
|
|t:|1783642603
|move|p2a: Whimsicott|Encore|p1a: Charizard
|-start|p1a: Charizard|Encore
|move|p1b: Sneasler|Poison Jab|p2a: Whimsicott
|-supereffective|p2a: Whimsicott|2
|-enditem|p2a: Whimsicott|Focus Sash
|-damage|p2a: Whimsicott|1/100
|-status|p2a: Whimsicott|psn
|move|p1a: Charizard|Solar Beam||[still]
|-prepare|p1a: Charizard|Solar Beam
|-anim|p1a: Charizard|Solar Beam|p2b: Toxapex
|-damage|p2b: Toxapex|22/100
|move|p2b: Toxapex|Infestation|p1b: Sneasler
|-resisted|p1b: Sneasler|2
|-damage|p1b: Sneasler|64/100
|-activate|p1b: Sneasler|move: Infestation|[of] p2b: Toxapex
|
|-weather|none
|-heal|p2b: Toxapex|28/100|[from] item: Leftovers
|-damage|p2a: Whimsicott|0 fnt|[from] psn
|faint|p2a: Whimsicott
|-damage|p1a: Charizard|27/100 tox|[from] psn
|-damage|p1b: Sneasler|52/100|[from] move: Infestation|[partiallytrapped]
|-damage|p1a: Charizard|15/100 tox|[from] move: Infestation|[partiallytrapped]
|upkeep
|
|t:|1783642606
|switch|p2a: Gholdengo|Gholdengo, L50|100/100
|turn|6
|
|t:|1783642627
|move|p2b: Toxapex|Baneful Bunker|p2b: Toxapex
|-singleturn|p2b: Toxapex|move: Protect
|move|p1b: Sneasler|Close Combat|p2b: Toxapex
|-activate|p2b: Toxapex|move: Protect
|move|p1a: Charizard|Solar Beam||[still]
|-prepare|p1a: Charizard|Solar Beam
|move|p2a: Gholdengo|Nasty Plot|p2a: Gholdengo
|-boost|p2a: Gholdengo|spa|2
|
|-heal|p2b: Toxapex|34/100|[from] item: Leftovers
|-damage|p1a: Charizard|0 fnt|[from] psn
|faint|p1a: Charizard
|-damage|p1b: Sneasler|40/100|[from] move: Infestation|[partiallytrapped]
|upkeep
|
|t:|1783642630
|switch|p1a: Garchomp|Garchomp, L50, M|100/100
|turn|7
|
|t:|1783642640
|move|p2b: Toxapex|Wide Guard|p2b: Toxapex
|-singleturn|p2b: Toxapex|Wide Guard
|move|p1a: Garchomp|Stomping Tantrum|p2a: Gholdengo
|-supereffective|p2a: Gholdengo|1
|-damage|p2a: Gholdengo|16/100
|move|p1b: Sneasler|Close Combat|p2b: Toxapex
|-resisted|p2b: Toxapex|1
|-damage|p2b: Toxapex|12/100
|-unboost|p1b: Sneasler|def|1
|-unboost|p1b: Sneasler|spd|1
|move|p2a: Gholdengo|Make It Rain|p1b: Sneasler|[spread] p1a,p1b
|-damage|p1a: Garchomp|0 fnt
|-damage|p1b: Sneasler|0 fnt
|-unboost|p2a: Gholdengo|spa|2
|faint|p1a: Garchomp
|faint|p1b: Sneasler
|-damage|p2a: Gholdengo|6/100|[from] item: Life Orb
|
|-heal|p2b: Toxapex|17/100|[from] item: Leftovers
|upkeep
|
|t:|1783642649
|switch|p1b: Incineroar|Incineroar, L50, F|100/100
|-ability|p1b: Incineroar|Intimidate|boost
|-unboost|p2a: Gholdengo|atk|1
|-unboost|p2b: Toxapex|atk|1
|turn|8
|
|t:|1783642660
|move|p2a: Gholdengo|Nasty Plot|p2a: Gholdengo
|-boost|p2a: Gholdengo|spa|2
|move|p1b: Incineroar|Darkest Lariat|p2a: Gholdengo
|-supereffective|p2a: Gholdengo|1
|-damage|p2a: Gholdengo|0 fnt
|faint|p2a: Gholdengo
|move|p2b: Toxapex|Toxic|p1b: Incineroar
|-status|p1b: Incineroar|tox
|
|-heal|p2b: Toxapex|23/100|[from] item: Leftovers
|-damage|p1b: Incineroar|94/100 tox|[from] psn
|upkeep
|turn|9
|
|t:|1783642670
|move|p2b: Toxapex|Baneful Bunker|p2b: Toxapex
|-singleturn|p2b: Toxapex|move: Protect
|move|p1b: Incineroar|Darkest Lariat|p2b: Toxapex
|-activate|p2b: Toxapex|move: Protect
|
|-heal|p2b: Toxapex|29/100|[from] item: Leftovers
|-damage|p1b: Incineroar|82/100 tox|[from] psn
|upkeep
|turn|10
|
|t:|1783642680
|move|p1b: Incineroar|Darkest Lariat|p2b: Toxapex
|-damage|p2b: Toxapex|8/100
|move|p2b: Toxapex|Infestation|p1b: Incineroar
|-damage|p1b: Incineroar|79/100 tox
|-activate|p1b: Incineroar|move: Infestation|[of] p2b: Toxapex
|
|-heal|p2b: Toxapex|14/100|[from] item: Leftovers
|-damage|p1b: Incineroar|61/100 tox|[from] psn
|-damage|p1b: Incineroar|49/100 tox|[from] move: Infestation|[partiallytrapped]
|upkeep
|-enditem|p1b: Incineroar|Sitrus Berry|[eat]
|-heal|p1b: Incineroar|74/100 tox|[from] item: Sitrus Berry
|turn|11
|
|t:|1783642689
|move|p2b: Toxapex|Baneful Bunker|p2b: Toxapex
|-singleturn|p2b: Toxapex|move: Protect
|move|p1b: Incineroar|Darkest Lariat|p2b: Toxapex
|-activate|p2b: Toxapex|move: Protect
|
|-heal|p2b: Toxapex|19/100|[from] item: Leftovers
|-damage|p1b: Incineroar|50/100y tox|[from] psn
|-damage|p1b: Incineroar|37/100 tox|[from] move: Infestation|[partiallytrapped]
|upkeep
|turn|12
|
|t:|1783642698
|move|p2b: Toxapex|Baneful Bunker||[still]
|-fail|p2b: Toxapex
|move|p1b: Incineroar|Darkest Lariat|p2b: Toxapex
|-damage|p2b: Toxapex|0 fnt
|faint|p2b: Toxapex
|
|win|dondozo ate my son
