|j|☆bushidobayleef
|j|☆QuickClawExplosion
|html|bushidobayleefQuickClawExplosion    
|uhtml|bestof|Game 1 of a best-of-3
|t:|1783905310
|gametype|doubles
|player|p1|bushidobayleef|acetrainercouple|
|player|p2|QuickClawExplosion|juggler-gen2|
|gen|9
|tier|[Gen 9 Champions] VGC 2026 Reg M-B (Bo3)
|rule|Species Clause: Limit one of each Pokémon
|rule|Item Clause: Limit 1 of each item
|clearpoke
|poke|p1|Chesnaught, L50, M|
|poke|p1|Gyarados, L50, F|
|poke|p1|Weavile, L50, M, shiny|
|poke|p1|Gengar, L50, F, shiny|
|poke|p1|Floette-Eternal, L50, F|
|poke|p1|Mamoswine, L50, M, shiny|
|poke|p2|Floette-Eternal, L50, F|
|poke|p2|Gliscor, L50, F|
|poke|p2|Medicham, L50, M|
|poke|p2|Tyranitar, L50, M|
|poke|p2|Excadrill, L50, F|
|poke|p2|Espathra, L50, M, shiny|
|teampreview|4
|showteam|p1|Chesnaught||Chesnaughtite|Bulletproof|BodyPress,IronDefense,WoodHammer,SpikyShield|Careful||M|||50|]Gyarados||SitrusBerry|Intimidate|Waterfall,IronHead,ThunderWave,RainDance|Careful||F|||50|]Weavile||FocusSash|Pickpocket|KnockOff,FakeOut,IceSpinner,Protect|Jolly||M|||50|]Gengar||ChoiceScarf|CursedBody|ShadowBall,SludgeBomb,FocusBlast,TrickRoom|Timid||F|||50|]Floette-Eternal||KebiaBerry|FlowerVeil|Moonblast,PollenPuff,Psychic,HelpingHand|Bold||F|||50|]Mamoswine||LifeOrb|Oblivious|Earthquake,IcicleCrash,IceShard,Protect|Jolly||M|||50|
|showteam|p2|Floette-Eternal||Floettite|FlowerVeil|CalmMind,Moonblast,DazzlingGleam,Protect|Timid||F|||50|]Gliscor||MentalHerb|HyperCutter|Tailwind,HighHorsepower,DualWingbeat,Protect|Jolly||F|||50|]Medicham||ExpertBelt|PurePower|CloseCombat,FakeOut,ZenHeadbutt,Protect|Jolly||M|||50|]Tyranitar||ChoiceScarf|SandStream|RockSlide,LowKick,KnockOff,AerialAce|Jolly||M|||50|]Excadrill||LifeOrb|SandRush|RockSlide,HighHorsepower,RockTomb,IronHead|Jolly||F|||50|]Espathra||SitrusBerry|SpeedBoost|LuminaCrash,LowKick,FeatherDance,Protect|Naive||M|||50|
|j| walshy608
|j| Moose32
|j| P3VX
|j| I AM SPEED PASS
|c| I AM SPEED PASS|that Weavile's sunburnt!
|j| mundie mudsnapper
|
|t:|1783905886
|teamsize|p1|4
|teamsize|p2|4
|start
|switch|p1a: SUPER SHADOW|Weavile, L50, M, shiny|100/100
|switch|p1b: SIMIDOS|Gyarados, L50, F|100/100
|switch|p2a: AZ's Pet Flower|Floette-Eternal, L50, F|100/100
|switch|p2b: Herb Muncher|Gliscor, L50, F|100/100
|-ability|p1b: SIMIDOS|Intimidate|boost
|-unboost|p2a: AZ's Pet Flower|atk|1
|-fail|p2b: Herb Muncher|unboost|Attack|[from] ability: Hyper Cutter|[of] p2b: Herb Muncher
|turn|1
|c| Moose32|w simipour
|c|☆bushidobayleef|simipour is here
|c|☆bushidobayleef|he gets helping hand bc he used to have hands
|c| Moose32|tru
|c| I AM SPEED PASS|get ready for a scalding hot take
|
|t:|1783905999
|detailschange|p2a: AZ's Pet Flower|Floette-Mega, L50, F
|-mega|p2a: AZ's Pet Flower|Floette|Floettite
|-ability|p2a: AZ's Pet Flower|Fairy Aura
|move|p2a: AZ's Pet Flower|Protect|p2a: AZ's Pet Flower
|-singleturn|p2a: AZ's Pet Flower|Protect
|move|p2b: Herb Muncher|Protect|p2b: Herb Muncher
|-singleturn|p2b: Herb Muncher|Protect
|move|p1a: SUPER SHADOW|Ice Spinner|p2b: Herb Muncher
|-activate|p2b: Herb Muncher|move: Protect
|move|p1b: SIMIDOS|Thunder Wave|p2a: AZ's Pet Flower
|-activate|p2a: AZ's Pet Flower|move: Protect
|
|upkeep
|turn|2
|
|t:|1783906191
|switch|p2b: Forehead Dongle|Medicham, L50, M|100/100
|move|p1a: SUPER SHADOW|Ice Spinner|p2b: Forehead Dongle
|-damage|p2b: Forehead Dongle|32/100
|move|p2a: AZ's Pet Flower|Dazzling Gleam|p1a: SUPER SHADOW|[spread] p1a,p1b
|-supereffective|p1a: SUPER SHADOW|1
|-enditem|p1a: SUPER SHADOW|Focus Sash
|-damage|p1a: SUPER SHADOW|1/100
|-damage|p1b: SIMIDOS|70/100
|move|p1b: SIMIDOS|Thunder Wave|p2b: Forehead Dongle
|-status|p2b: Forehead Dongle|par
|
|upkeep
|turn|3
|
|t:|1783906279
|move|p1a: SUPER SHADOW|Protect|p1a: SUPER SHADOW
|-singleturn|p1a: SUPER SHADOW|Protect
|move|p2b: Forehead Dongle|Fake Out|p1b: SIMIDOS
|-damage|p1b: SIMIDOS|52/100
|move|p2a: AZ's Pet Flower|Dazzling Gleam|p1a: SUPER SHADOW|[spread] p1b
|-activate|p1a: SUPER SHADOW|move: Protect
|-damage|p1b: SIMIDOS|20/100y
|-enditem|p1b: SIMIDOS|Sitrus Berry|[eat]
|-heal|p1b: SIMIDOS|45/100|[from] item: Sitrus Berry
|cant|p1b: SIMIDOS|flinch
|
|upkeep
|turn|4
|
|t:|1783906405
|move|p2b: Forehead Dongle|Protect|p2b: Forehead Dongle
|-singleturn|p2b: Forehead Dongle|Protect
|move|p1a: SUPER SHADOW|Knock Off|p2b: Forehead Dongle
|-activate|p2b: Forehead Dongle|move: Protect
|move|p2a: AZ's Pet Flower|Dazzling Gleam|p1b: SIMIDOS|[spread] p1a,p1b
|-supereffective|p1a: SUPER SHADOW|1
|-damage|p1a: SUPER SHADOW|0 fnt
|-damage|p1b: SIMIDOS|15/100
|faint|p1a: SUPER SHADOW
|move|p1b: SIMIDOS|Iron Head|p2a: AZ's Pet Flower
|-supereffective|p2a: AZ's Pet Flower|1
|-damage|p2a: AZ's Pet Flower|36/100
|
|upkeep
|
|t:|1783906428
|switch|p1a: VIKTOR ARCANE|Gengar, L50, F, shiny|100/100
|turn|5
|
|t:|1783906565
|move|p2a: AZ's Pet Flower|Protect|p2a: AZ's Pet Flower
|-singleturn|p2a: AZ's Pet Flower|Protect
|move|p1a: VIKTOR ARCANE|Sludge Bomb|p2a: AZ's Pet Flower
|-activate|p2a: AZ's Pet Flower|move: Protect
|move|p1b: SIMIDOS|Waterfall|p2b: Forehead Dongle
|-damage|p2b: Forehead Dongle|0 fnt
|faint|p2b: Forehead Dongle
|
|upkeep
|
|t:|1783906580
|switch|p2b: Chocoball|Espathra, L50, M, shiny|100/100
|turn|6
|
|t:|1783906792
|switch|p2a: Herb Muncher|Gliscor, L50, F|100/100
|move|p1a: VIKTOR ARCANE|Sludge Bomb|p2a: Herb Muncher
|-resisted|p2a: Herb Muncher|1
|-damage|p2a: Herb Muncher|64/100
|move|p2b: Chocoball|Lumina Crash|p1b: SIMIDOS
|-damage|p1b: SIMIDOS|0 fnt
|faint|p1b: SIMIDOS
|
|-ability|p2b: Chocoball|Speed Boost|boost
|-boost|p2b: Chocoball|spe|1
|upkeep
|
|t:|1783906803
|switch|p1b: MARLON!!!|Chesnaught, L50, M|100/100
|turn|7
|
|t:|1783906951
|detailschange|p1b: MARLON!!!|Chesnaught-Mega, L50, M
|-mega|p1b: MARLON!!!|Chesnaught|Chesnaughtite
|move|p2b: Chocoball|Protect|p2b: Chocoball
|-singleturn|p2b: Chocoball|Protect
|move|p1a: VIKTOR ARCANE|Sludge Bomb|p2b: Chocoball
|-activate|p2b: Chocoball|move: Protect
|move|p2a: Herb Muncher|Tailwind|p2a: Herb Muncher
|-sidestart|p2: QuickClawExplosion|move: Tailwind
|move|p1b: MARLON!!!|Wood Hammer|p2b: Chocoball
|-activate|p2b: Chocoball|move: Protect
|
|-ability|p2b: Chocoball|Speed Boost|boost
|-boost|p2b: Chocoball|spe|1
|upkeep
|turn|8
|c| walshy608|buzz lightyear walking sadly gif
|
|t:|1783907003
|move|p2b: Chocoball|Lumina Crash|p1a: VIKTOR ARCANE
|-supereffective|p1a: VIKTOR ARCANE|1
|-damage|p1a: VIKTOR ARCANE|18/100
|-unboost|p1a: VIKTOR ARCANE|spd|2
|move|p2a: Herb Muncher|High Horsepower|p1a: VIKTOR ARCANE
|-supereffective|p1a: VIKTOR ARCANE|1
|-damage|p1a: VIKTOR ARCANE|0 fnt
|faint|p1a: VIKTOR ARCANE
|move|p1b: MARLON!!!|Wood Hammer|p2a: Herb Muncher
|-damage|p2a: Herb Muncher|13/100
|-damage|p1b: MARLON!!!|87/100|[from] Recoil
|
|-ability|p2b: Chocoball|Speed Boost|boost
|-boost|p2b: Chocoball|spe|1
|upkeep
|turn|9
|
|t:|1783907023
|move|p1b: MARLON!!!|Spiky Shield|p1b: MARLON!!!
|-singleturn|p1b: MARLON!!!|move: Protect
|move|p2b: Chocoball|Lumina Crash|p1b: MARLON!!!
|-activate|p1b: MARLON!!!|move: Protect
|move|p2a: Herb Muncher|Dual Wingbeat|p1b: MARLON!!!
|-activate|p1b: MARLON!!!|move: Protect
|-damage|p2a: Herb Muncher|1/100|[from] Spiky Shield|[of] p1b: MARLON!!!
|
|-ability|p2b: Chocoball|Speed Boost|boost
|-boost|p2b: Chocoball|spe|1
|upkeep
|turn|10
|c|☆bushidobayleef|No hit #2?????
|c|☆bushidobayleef|fucked up.....
|c|☆bushidobayleef|no kill for mega marlon
|
|t:|1783907073
|move|p1b: MARLON!!!|Spiky Shield||[still]
|-fail|p1b: MARLON!!!
|move|p2b: Chocoball|Lumina Crash|p1b: MARLON!!!
|-supereffective|p1b: MARLON!!!|1
|-damage|p1b: MARLON!!!|55/100
|-unboost|p1b: MARLON!!!|spd|2
|move|p2a: Herb Muncher|Dual Wingbeat|p1b: MARLON!!!
|-supereffective|p1b: MARLON!!!|2
|-damage|p1b: MARLON!!!|16/100
|-supereffective|p1b: MARLON!!!|2
|-damage|p1b: MARLON!!!|0 fnt
|faint|p1b: MARLON!!!
|-hitcount|p1: MARLON!!!|2
|
|win|QuickClawExplosion
|inactive|bushidobayleef has 30 seconds to confirm battle start!
|inactive|QuickClawExplosion has 30 seconds to confirm battle start!
||bushidobayleef is ready for game 2.
|c|☆QuickClawExplosion|gg
