|j|☆Kravell
|j|☆TeyVgc
|html|KravellTeyVgc    
|uhtml|bestof|Game 1 of a best-of-3
|t:|1783299426
|gametype|doubles
|player|p1|Kravell|backersf|1316
|player|p2|TeyVgc|rood|1299
|gen|9
|tier|[Gen 9 Champions] VGC 2026 Reg M-B (Bo3)
|rated|
|rule|Species Clause: Limit one of each Pokémon
|rule|Item Clause: Limit 1 of each item
|clearpoke
|poke|p1|Blastoise, L50, F|
|poke|p1|Sinistcha, L50|
|poke|p1|Incineroar, L50, M|
|poke|p1|Sneasler, L50, M|
|poke|p1|Delphox, L50, M|
|poke|p1|Rotom-Wash, L50|
|poke|p2|Excadrill, L50, M|
|poke|p2|Tyranitar, L50, F|
|poke|p2|Staraptor, L50, F|
|poke|p2|Sinistcha, L50|
|poke|p2|Milotic, L50, F|
|poke|p2|Gholdengo, L50|
|teampreview|4
|showteam|p1|Blastoise||Blastoisinite|RainDish|WaterSpout,DarkPulse,ShellSmash,Protect|Modest||F|||50|]Sinistcha||KasibBerry|Hospitality|MatchaGotcha,RagePowder,TrickRoom,Protect|Relaxed|||||50|]Incineroar||SitrusBerry|Intimidate|FlareBlitz,FakeOut,PartingShot,HelpingHand|Impish||M|||50|]Sneasler||FocusSash|Unburden|DireClaw,CloseCombat,FakeOut,QuickGuard|Jolly||M|||50|]Delphox||Delphoxite|Blaze|HeatWave,Psyshock,NastyPlot,Protect|Timid||M|||50|]Rotom-Wash||ChoiceScarf|Levitate|Thunderbolt,Electroweb,HydroPump,VoltSwitch|Timid|||||50|
|showteam|p2|Excadrill||FocusSash|SandRush|Earthquake,IronHead,RockSlide,Protect|Adamant||M|||50|]Tyranitar||Tyranitarite|SandStream|RockSlide,KnockOff,DragonDance,Protect|Adamant||F|||50|]Staraptor||Staraptite|Intimidate|BraveBird,CloseCombat,Tailwind,Protect|Jolly||F|||50|]Sinistcha||SitrusBerry|Hospitality|MatchaGotcha,RagePowder,LifeDew,TrickRoom|Calm|||||50|]Milotic||Leftovers|Competitive|Scald,IceBeam,Recover,Protect|Modest||F|||50|]Gholdengo||LifeOrb|GoodasGold|MakeItRain,ShadowBall,NastyPlot,Protect|Modest|||||50|
|
|t:|1783299495
|teamsize|p1|4
|teamsize|p2|4
|start
|switch|p1a: Rotom|Rotom-Wash, L50|100/100
|switch|p1b: Blastoise|Blastoise, L50, F|100/100
|switch|p2a: Staraptor|Staraptor, L50, F|100/100
|switch|p2b: Tyranitar|Tyranitar, L50, F|100/100
|-ability|p2a: Staraptor|Intimidate|boost
|-unboost|p1a: Rotom|atk|1
|-unboost|p1b: Blastoise|atk|1
|-weather|Sandstorm|[from] ability: Sand Stream|[of] p2b: Tyranitar
|turn|1
|
|t:|1783299554
|switch|p2a: Excadrill|Excadrill, L50, M|100/100
|detailschange|p1b: Blastoise|Blastoise-Mega, L50, F
|-mega|p1b: Blastoise|Blastoise|Blastoisinite
|move|p1a: Rotom|Hydro Pump|p2a: Excadrill
|-supereffective|p2a: Excadrill|1
|-enditem|p2a: Excadrill|Focus Sash
|-damage|p2a: Excadrill|1/100
|move|p1b: Blastoise|Shell Smash|p1b: Blastoise
|-unboost|p1b: Blastoise|def|1
|-unboost|p1b: Blastoise|spd|1
|-boost|p1b: Blastoise|atk|2
|-boost|p1b: Blastoise|spa|2
|-boost|p1b: Blastoise|spe|2
|move|p2b: Tyranitar|Knock Off|p1b: Blastoise
|-damage|p1b: Blastoise|41/100
|
|-weather|Sandstorm|[upkeep]
|-damage|p1b: Blastoise|36/100|[from] Sandstorm
|-damage|p1a: Rotom|94/100|[from] Sandstorm
|upkeep
|turn|2
|
|t:|1783299605
|switch|p2a: Milotic|Milotic, L50, F|100/100
|detailschange|p2b: Tyranitar|Tyranitar-Mega, L50, F
|-mega|p2b: Tyranitar|Tyranitar|Tyranitarite
|move|p1b: Blastoise|Protect|p1b: Blastoise
|-singleturn|p1b: Blastoise|Protect
|move|p1a: Rotom|Hydro Pump|p2b: Tyranitar
|-supereffective|p2b: Tyranitar|1
|-damage|p2b: Tyranitar|52/100
|move|p2b: Tyranitar|Rock Slide|p1b: Blastoise|[spread] p1a
|-activate|p1b: Blastoise|move: Protect
|-damage|p1a: Rotom|44/100
|
|-weather|Sandstorm|[upkeep]
|-damage|p1b: Blastoise|30/100|[from] Sandstorm
|-damage|p1a: Rotom|38/100|[from] Sandstorm
|-damage|p2a: Milotic|94/100|[from] Sandstorm
|-heal|p2a: Milotic|100/100|[from] item: Leftovers
|upkeep
|turn|3
|
|t:|1783299636
|switch|p1a: Sinistcha|Sinistcha, L50|100/100
|-heal|p1b: Blastoise|54/100|[from] ability: Hospitality|[of] p1a: Sinistcha
|move|p2b: Tyranitar|Protect|p2b: Tyranitar
|-singleturn|p2b: Tyranitar|Protect
|move|p1b: Blastoise|Water Spout|p2a: Milotic|[spread] p2a
|-activate|p2b: Tyranitar|move: Protect
|-resisted|p2a: Milotic|1
|-damage|p2a: Milotic|76/100
|move|p2a: Milotic|Scald|p1b: Blastoise
|-resisted|p1b: Blastoise|1
|-damage|p1b: Blastoise|29/100
|-status|p1b: Blastoise|brn
|
|-weather|Sandstorm|[upkeep]
|-damage|p1b: Blastoise|23/100 brn|[from] Sandstorm
|-damage|p2a: Milotic|70/100|[from] Sandstorm
|-damage|p1a: Sinistcha|93/100|[from] Sandstorm
|-heal|p2a: Milotic|76/100|[from] item: Leftovers
|-damage|p1b: Blastoise|18/100 brn|[from] brn
|upkeep
|turn|4
|
|t:|1783299672
|switch|p1a: Sneasler|Sneasler, L50, M|100/100
|move|p1b: Blastoise|Protect|p1b: Blastoise
|-singleturn|p1b: Blastoise|Protect
|move|p2b: Tyranitar|Knock Off|p1a: Sneasler
|-resisted|p1a: Sneasler|1
|-damage|p1a: Sneasler|43/100
|-enditem|p1a: Sneasler|Focus Sash|[from] move: Knock Off|[of] p2b: Tyranitar
|move|p2a: Milotic|Scald|p1b: Blastoise
|-activate|p1b: Blastoise|move: Protect
|
|-weather|Sandstorm|[upkeep]
|-damage|p1a: Sneasler|38/100|[from] Sandstorm
|-damage|p1b: Blastoise|12/100 brn|[from] Sandstorm
|-damage|p2a: Milotic|70/100|[from] Sandstorm
|-heal|p2a: Milotic|76/100|[from] item: Leftovers
|-damage|p1b: Blastoise|6/100 brn|[from] brn
|upkeep
|turn|5
|
|t:|1783299710
|switch|p1a: Sinistcha|Sinistcha, L50|93/100
|-heal|p1b: Blastoise|30/100 brn|[from] ability: Hospitality|[of] p1a: Sinistcha
|switch|p2b: Excadrill|Excadrill, L50, M|1/100
|move|p1b: Blastoise|Shell Smash|p1b: Blastoise
|-unboost|p1b: Blastoise|def|1
|-unboost|p1b: Blastoise|spd|1
|-boost|p1b: Blastoise|atk|2
|-boost|p1b: Blastoise|spa|2
|-boost|p1b: Blastoise|spe|2
|move|p2a: Milotic|Scald|p1a: Sinistcha
|-resisted|p1a: Sinistcha|1
|-damage|p1a: Sinistcha|78/100
|-status|p1a: Sinistcha|brn
|
|-weather|none
|-heal|p2a: Milotic|82/100|[from] item: Leftovers
|-damage|p1b: Blastoise|25/100 brn|[from] brn
|-damage|p1a: Sinistcha|72/100 brn|[from] brn
|upkeep
|turn|6
|
|t:|1783299737
|switch|p2a: Tyranitar|Tyranitar-Mega, L50, F|52/100
|-weather|Sandstorm|[from] ability: Sand Stream|[of] p2a: Tyranitar
|switch|p1a: Rotom|Rotom-Wash, L50|38/100
|move|p1b: Blastoise|Protect|p1b: Blastoise
|-singleturn|p1b: Blastoise|Protect
|move|p2b: Excadrill|Protect||[still]
|-fail|p2b: Excadrill
|
|-weather|Sandstorm|[upkeep]
|-damage|p1b: Blastoise|19/100 brn|[from] Sandstorm
|-damage|p1a: Rotom|32/100|[from] Sandstorm
|-damage|p1b: Blastoise|13/100 brn|[from] brn
|upkeep
|turn|7
|
|t:|1783299757
|switch|p2b: Milotic|Milotic, L50, F|82/100
|switch|p1a: Sinistcha|Sinistcha, L50|72/100 brn
|-heal|p1b: Blastoise|38/100 brn|[from] ability: Hospitality|[of] p1a: Sinistcha
|move|p1b: Blastoise|Water Spout|p2a: Tyranitar|[spread] p2a,p2b
|-supereffective|p2a: Tyranitar|1
|-resisted|p2b: Milotic|1
|-damage|p2a: Tyranitar|0 fnt
|-damage|p2b: Milotic|53/100
|faint|p2a: Tyranitar
|
|-weather|Sandstorm|[upkeep]
|-damage|p1b: Blastoise|32/100 brn|[from] Sandstorm
|-damage|p2b: Milotic|48/100|[from] Sandstorm
|-damage|p1a: Sinistcha|66/100 brn|[from] Sandstorm
|-heal|p2b: Milotic|53/100|[from] item: Leftovers
|-damage|p1b: Blastoise|26/100 brn|[from] brn
|-damage|p1a: Sinistcha|60/100 brn|[from] brn
|upkeep
|
|t:|1783299766
|switch|p2a: Excadrill|Excadrill, L50, M|1/100
|turn|8
|-message|TeyVgc forfeited.
|
|win|Kravell
