|j|☆lox1sm
|j|☆jikada2
|html|lox1smjikada2    
|uhtml|bestof|Game 3 of a best-of-3
|t:|1783076239
|gametype|doubles
|player|p1|lox1sm|veteran|1294
|player|p2|jikada2|2|1288
|gen|9
|tier|[Gen 9 Champions] VGC 2026 Reg M-B (Bo3)
|rated|
|rule|Species Clause: Limit one of each Pokémon
|rule|Item Clause: Limit 1 of each item
|clearpoke
|poke|p1|Charizard, L50, F|
|poke|p1|Aerodactyl, L50, F|
|poke|p1|Garchomp, L50, F|
|poke|p1|Kingambit, L50, F|
|poke|p1|Farigiraf, L50, F|
|poke|p1|Primarina, L50, M|
|poke|p2|Blastoise, L50, M|
|poke|p2|Delphox, L50, F|
|poke|p2|Incineroar, L50, F|
|poke|p2|Sneasler, L50, F|
|poke|p2|Sinistcha, L50|
|poke|p2|Maushold-Four, L50|
|teampreview|4
|showteam|p1|Charizard||CharizarditeY|Blaze|HeatWave,WeatherBall,SolarBeam,Protect|Modest||F|||50|]Aerodactyl||Aerodactylite|RockHead|RockSlide,IceFang,Tailwind,Protect|Jolly||F|||50|]Garchomp||LifeOrb|RoughSkin|DragonClaw,Earthquake,RockSlide,Protect|Jolly||F|||50|]Kingambit||FocusSash|Defiant|KowtowCleave,SuckerPunch,IronHead,LowKick|Adamant||F|||50|]Farigiraf||ExpertBelt|ArmorTail|Psychic,DazzlingGleam,Thunderbolt,TrickRoom|Modest||F|||50|]Primarina||MysticWater|LiquidVoice|HyperVoice,Moonblast,Haze,Protect|Modest||M|||50|
|showteam|p2|Blastoise||Blastoisinite|Torrent|ShellSmash,Protect,WaterSpout,DarkPulse|Modest||M|||50|]Delphox||Delphoxite|Blaze|HeatWave,Psyshock,NastyPlot,Protect|Timid||F|||50|]Incineroar||SitrusBerry|Intimidate|FakeOut,FlareBlitz,ThroatChop,PartingShot|Impish||F|||50|]Sneasler||FocusSash|PoisonTouch|FakeOut,CloseCombat,DireClaw,QuickGuard|Jolly||F|||50|]Sinistcha||KasibBerry|Hospitality|MatchaGotcha,LifeDew,RagePowder,Protect|Bold|||||50|]Maushold-Four||ChopleBerry|FriendGuard|SuperFang,Feint,FollowMe,Protect|Impish|||||50|
|
|t:|1783076273
|teamsize|p1|4
|teamsize|p2|4
|start
|switch|p1a: Farigiraf|Farigiraf, L50, F|100/100
|switch|p1b: Primarina|Primarina, L50, M|100/100
|switch|p2a: Blastoise|Blastoise, L50, M|100/100
|switch|p2b: Sneasler|Sneasler, L50, F|100/100
|turn|1
|
|t:|1783076302
|detailschange|p2a: Blastoise|Blastoise-Mega, L50, M
|-mega|p2a: Blastoise|Blastoise|Blastoisinite
|move|p1b: Primarina|Protect|p1b: Primarina
|-singleturn|p1b: Primarina|Protect
|move|p2b: Sneasler|Dire Claw|p1b: Primarina
|-activate|p1b: Primarina|move: Protect
|move|p2a: Blastoise|Water Spout|p1b: Primarina|[spread] p1a
|-activate|p1b: Primarina|move: Protect
|-damage|p1a: Farigiraf|25/100
|move|p1a: Farigiraf|Thunderbolt|p2a: Blastoise
|-supereffective|p2a: Blastoise|1
|-damage|p2a: Blastoise|29/100
|
|upkeep
|turn|2
|
|t:|1783076336
|switch|p1b: Charizard|Charizard, L50, F|100/100
|move|p2b: Sneasler|Dire Claw|p1b: Charizard
|-damage|p1b: Charizard|53/100
|-status|p1b: Charizard|par
|move|p2a: Blastoise|Dark Pulse|p1a: Farigiraf
|-supereffective|p1a: Farigiraf|1
|-damage|p1a: Farigiraf|0 fnt
|faint|p1a: Farigiraf
|
|upkeep
|
|t:|1783076361
|switch|p1a: Aerodactyl|Aerodactyl, L50, F|100/100
|turn|3
|
|t:|1783076377
|switch|p2b: Maushold|Maushold-Four, L50|100/100
|move|p1b: Charizard|Protect|p1b: Charizard
|-singleturn|p1b: Charizard|Protect
|move|p1a: Aerodactyl|Rock Slide|p2a: Blastoise|[spread] p2b
|-miss|p1a: Aerodactyl|p2a: Blastoise
|-damage|p2b: Maushold|80/100
|move|p2a: Blastoise|Dark Pulse|p1b: Charizard
|-activate|p1b: Charizard|move: Protect
|
|upkeep
|turn|4
|
|t:|1783076436
|switch|p1b: Primarina|Primarina, L50, M|100/100
|detailschange|p1a: Aerodactyl|Aerodactyl-Mega, L50, F
|-mega|p1a: Aerodactyl|Aerodactyl|Aerodactylite
|move|p1a: Aerodactyl|Rock Slide|p2b: Maushold|[spread] p2a,p2b
|-damage|p2a: Blastoise|7/100
|-damage|p2b: Maushold|55/100
|move|p2b: Maushold|Super Fang|p1a: Aerodactyl
|-damage|p1a: Aerodactyl|50/100g
|cant|p2a: Blastoise|flinch
|
|upkeep
|turn|5
|
|t:|1783076459
|switch|p2b: Sinistcha|Sinistcha, L50|100/100
|-heal|p2a: Blastoise|32/100|[from] ability: Hospitality|[of] p2b: Sinistcha
|move|p2a: Blastoise|Protect|p2a: Blastoise
|-singleturn|p2a: Blastoise|Protect
|move|p1a: Aerodactyl|Rock Slide|p2a: Blastoise|[spread] 
|-activate|p2a: Blastoise|move: Protect
|-miss|p1a: Aerodactyl|p2b: Sinistcha
|move|p1b: Primarina|Hyper Voice|p2a: Blastoise|[spread] p2b
|-activate|p2a: Blastoise|move: Protect
|-resisted|p2b: Sinistcha|1
|-damage|p2b: Sinistcha|76/100
|
|upkeep
|turn|6
|
|t:|1783076480
|move|p2b: Sinistcha|Rage Powder|p2b: Sinistcha
|-singleturn|p2b: Sinistcha|move: Rage Powder
|move|p1a: Aerodactyl|Rock Slide|p2a: Blastoise|[spread] p2a,p2b
|-damage|p2a: Blastoise|7/100
|-damage|p2b: Sinistcha|54/100
|cant|p2a: Blastoise|flinch
|move|p1b: Primarina|Hyper Voice|p2a: Blastoise|[spread] p2a,p2b
|-resisted|p2a: Blastoise|1
|-resisted|p2b: Sinistcha|1
|-damage|p2a: Blastoise|0 fnt
|-damage|p2b: Sinistcha|33/100
|faint|p2a: Blastoise
|
|upkeep
|c|☆lox1sm|sorry man
|
|t:|1783076489
|switch|p2a: Sneasler|Sneasler, L50, F|100/100
|turn|7
|
|t:|1783076513
|move|p1b: Primarina|Protect|p1b: Primarina
|-singleturn|p1b: Primarina|Protect
|move|p2a: Sneasler|Fake Out|p1a: Aerodactyl
|-resisted|p1a: Aerodactyl|1
|-damage|p1a: Aerodactyl|42/100
|cant|p1a: Aerodactyl|flinch
|move|p2b: Sinistcha|Matcha Gotcha|p1a: Aerodactyl|[spread] p1a
|-activate|p1b: Primarina|move: Protect
|-damage|p1a: Aerodactyl|15/100
|-heal|p2b: Sinistcha|45/100|[from] drain|[of] p1a: Aerodactyl
|
|upkeep
|turn|8
|
|t:|1783076530
|move|p2b: Sinistcha|Rage Powder|p2b: Sinistcha
|-singleturn|p2b: Sinistcha|move: Rage Powder
|move|p1a: Aerodactyl|Tailwind|p1a: Aerodactyl
|-sidestart|p1: lox1sm|move: Tailwind
|move|p1b: Primarina|Hyper Voice|p2a: Sneasler|[spread] p2a,p2b
|-resisted|p2b: Sinistcha|1
|-damage|p2a: Sneasler|38/100
|-damage|p2b: Sinistcha|23/100
|move|p2a: Sneasler|Dire Claw|p1b: Primarina
|-supereffective|p1b: Primarina|1
|-damage|p1b: Primarina|0 fnt
|faint|p1b: Primarina
|
|upkeep
|
|t:|1783076539
|switch|p1b: Charizard|Charizard, L50, F|53/100 par
|turn|9
|
|t:|1783076572
|move|p2b: Sinistcha|Rage Powder|p2b: Sinistcha
|-singleturn|p2b: Sinistcha|move: Rage Powder
|move|p1a: Aerodactyl|Rock Slide|p2a: Sneasler|[spread] p2a,p2b
|-resisted|p2a: Sneasler|1
|-damage|p2a: Sneasler|12/100
|-damage|p2b: Sinistcha|1/100
|move|p2a: Sneasler|Dire Claw|p1a: Aerodactyl
|-resisted|p1a: Aerodactyl|1
|-damage|p1a: Aerodactyl|0 fnt
|faint|p1a: Aerodactyl
|move|p1b: Charizard|Heat Wave|p2b: Sinistcha|[spread] p2a,p2b
|-supereffective|p2b: Sinistcha|1
|-damage|p2a: Sneasler|0 fnt
|-damage|p2b: Sinistcha|0 fnt
|faint|p2a: Sneasler
|faint|p2b: Sinistcha
|
|upkeep
|
|t:|1783076583
|switch|p2b: Maushold|Maushold-Four, L50|55/100
|turn|10
|
|t:|1783076588
|move|p1b: Charizard|Heat Wave|p2b: Maushold|[miss]
|-miss|p1b: Charizard|p2b: Maushold
|move|p2b: Maushold|Super Fang|p1b: Charizard
|-damage|p1b: Charizard|27/100 par
|
|upkeep
|turn|11
|inactive|Battle timer is ON: inactive players will automatically lose when time's up. (requested by lox1sm)
|
|t:|1783076635
|move|p2b: Maushold|Protect|p2b: Maushold
|-singleturn|p2b: Maushold|Protect
|move|p1b: Charizard|Heat Wave|p2b: Maushold
|-activate|p2b: Maushold|move: Protect
|
|-sideend|p1: lox1sm|move: Tailwind
|upkeep
|turn|12
|
|t:|1783076642
|move|p2b: Maushold|Super Fang|p1b: Charizard
|-damage|p1b: Charizard|13/100 par
|move|p1b: Charizard|Heat Wave|p2b: Maushold|[miss]
|-miss|p1b: Charizard|p2b: Maushold
|
|upkeep
|turn|13
|
|t:|1783076648
|move|p2b: Maushold|Feint|p1b: Charizard
|-damage|p1b: Charizard|4/100 par
|move|p1b: Charizard|Heat Wave|p2b: Maushold|[miss]
|-miss|p1b: Charizard|p2b: Maushold
|
|upkeep
|turn|14
|c|☆jikada2|wow
|c|☆lox1sm|right this
|c|☆lox1sm|i flinched many times
|
|t:|1783076671
|move|p2b: Maushold|Feint|p1b: Charizard
|-damage|p1b: Charizard|0 fnt
|faint|p1b: Charizard
|
|win|jikada2
|raw|lox1sm's rating: 1294 → 1269(-25 for losing)
|raw|jikada2's rating: 1288 → 1313(+25 for winning)
|l|☆jikada2
|player|p2|
