|j|☆That1Morpecko
|j|☆jaboo123321
|html|That1Morpeckojaboo123321    
|uhtml|bestof|Game 1 of a best-of-3
|t:|1782399392
|gametype|doubles
|player|p1|That1Morpecko|hiker-gen4|1084
|player|p2|jaboo123321|102|1050
|gen|9
|tier|[Gen 9 Champions] VGC 2026 Reg M-B (Bo3)
|rated|
|rule|Species Clause: Limit one of each Pokémon
|rule|Item Clause: Limit 1 of each item
|clearpoke
|poke|p1|Grimmsnarl, L50, M|
|poke|p1|Swampert, L50, F|
|poke|p1|Pelipper, L50, M|
|poke|p1|Archaludon, L50, M|
|poke|p1|Sinistcha, L50|
|poke|p1|Floette-Eternal, L50, F|
|poke|p2|Pelipper, L50, M|
|poke|p2|Archaludon, L50, F|
|poke|p2|Raichu, L50, M|
|poke|p2|Swampert, L50, F|
|poke|p2|Sableye, L50, F|
|poke|p2|Tsareena, L50, F|
|teampreview|4
|showteam|p1|Grimmsnarl||LightClay|Prankster|FoulPlay,PartingShot,LightScreen,Reflect|Careful||M|||50|]Swampert||Swampertite|Torrent|WaveCrash,HighHorsepower,IcePunch,Protect|Adamant||F|||50|]Pelipper||SitrusBerry|Drizzle|Tailwind,Hurricane,WeatherBall,WideGuard|Modest||M|||50|]Archaludon||Leftovers|Stamina|ElectroShot,DragonPulse,FlashCannon,Protect|Modest||M|||50|]Sinistcha||CobaBerry|Hospitality|MatchaGotcha,RagePowder,LifeDew,Protect|Relaxed|||||50|]Floette-Eternal||Floettite|FlowerVeil|CalmMind,DazzlingGleam,Moonblast,Protect|Modest||F|||50|
|showteam|p2|Pelipper||DampRock|Drizzle|Hurricane,WideGuard,Tailwind,Protect|Modest||M|||50|]Archaludon||Leftovers|Stamina|DragonPulse,ElectroShot,FlashCannon,Protect|Calm||F|||50|]Raichu||RaichuniteY|LightningRod|FakeOut,Protect,ZapCannon,FocusBlast|Timid||M|||50|]Swampert||Swampertite|Torrent|WaveCrash,HighHorsepower,Protect,IcePunch|Adamant||F|||50|]Sableye||LightClay|Prankster|Reflect,RainDance,WillOWisp,LightScreen|Impish||F|||50|]Tsareena||ChoiceScarf|LeafGuard|TripleAxel,TropKick,LowKick,Uturn|Adamant||F|||50|
|inactive|Battle timer is ON: inactive players will automatically lose when time's up. (requested by That1Morpecko)
|inactive|That1Morpecko has 60 seconds left.
|inactive|jaboo123321 has 60 seconds left.
|
|t:|1782399440
|teamsize|p1|4
|teamsize|p2|4
|start
|switch|p1a: Grimmsnarl|Grimmsnarl, L50, M|100/100
|switch|p1b: Floette|Floette-Eternal, L50, F|100/100
|switch|p2a: Sableye|Sableye, L50, F|100/100
|switch|p2b: Swampert|Swampert, L50, F|100/100
|turn|1
|inactive|jaboo123321 has 30 seconds left.
|inactive|jaboo123321 has 20 seconds left.
|
|t:|1782399476
|detailschange|p2b: Swampert|Swampert-Mega, L50, F
|-mega|p2b: Swampert|Swampert|Swampertite
|move|p1b: Floette|Protect|p1b: Floette
|-singleturn|p1b: Floette|Protect
|move|p1a: Grimmsnarl|Parting Shot|p2b: Swampert
|-unboost|p2b: Swampert|atk|1
|-unboost|p2b: Swampert|spa|1
|
|t:|1782399493
|switch|p1a: Sinistcha|Sinistcha, L50|100/100|[from] Parting Shot
|move|p2a: Sableye|Light Screen|p2a: Sableye
|-sidestart|p2: jaboo123321|move: Light Screen
|move|p2b: Swampert|High Horsepower|p1b: Floette
|-activate|p1b: Floette|move: Protect
|
|upkeep
|turn|2
|
|t:|1782399503
|detailschange|p1b: Floette|Floette-Mega, L50, F
|-mega|p1b: Floette|Floette|Floettite
|-ability|p1b: Floette|Fairy Aura
|move|p1a: Sinistcha|Rage Powder|p1a: Sinistcha
|-singleturn|p1a: Sinistcha|move: Rage Powder
|move|p2a: Sableye|Rain Dance|p2a: Sableye
|-weather|RainDance
|move|p2b: Swampert|Ice Punch|p1a: Sinistcha
|-supereffective|p1a: Sinistcha|1
|-damage|p1a: Sinistcha|66/100
|-status|p1a: Sinistcha|frz
|move|p1b: Floette|Calm Mind|p1b: Floette
|-boost|p1b: Floette|spa|1
|-boost|p1b: Floette|spd|1
|
|-weather|RainDance|[upkeep]
|upkeep
|turn|3
|
|t:|1782399526
|switch|p2a: Archaludon|Archaludon, L50, F|100/100
|move|p2b: Swampert|Protect|p2b: Swampert
|-singleturn|p2b: Swampert|Protect
|move|p1b: Floette|Protect|p1b: Floette
|-singleturn|p1b: Floette|Protect
|cant|p1a: Sinistcha|frz
|
|-weather|RainDance|[upkeep]
|upkeep
|turn|4
|
|t:|1782399544
|switch|p2b: Tsareena|Tsareena, L50, F|100/100
|cant|p1a: Sinistcha|frz
|move|p1b: Floette|Moonblast|p2b: Tsareena
|-damage|p2b: Tsareena|15/100
|move|p2a: Archaludon|Flash Cannon|p1b: Floette
|-supereffective|p1b: Floette|1
|-damage|p1b: Floette|69/100
|
|-weather|RainDance|[upkeep]
|upkeep
|turn|5
|
|t:|1782399564
|-curestatus|p1a: Sinistcha|frz|[msg]
|move|p1a: Sinistcha|Rage Powder|p1a: Sinistcha
|-singleturn|p1a: Sinistcha|move: Rage Powder
|move|p2b: Tsareena|Triple Axel|p1a: Sinistcha
|-supereffective|p1a: Sinistcha|1
|-damage|p1a: Sinistcha|53/100
|-supereffective|p1a: Sinistcha|1
|-damage|p1a: Sinistcha|29/100
|-supereffective|p1a: Sinistcha|1
|-damage|p1a: Sinistcha|0 fnt
|faint|p1a: Sinistcha
|-hitcount|p1: Sinistcha|3
|move|p1b: Floette|Moonblast|p2a: Archaludon
|-crit|p2a: Archaludon
|-damage|p2a: Archaludon|0 fnt
|faint|p2a: Archaludon
|
|-weather|RainDance|[upkeep]
|upkeep
|
|t:|1782399581
|switch|p2a: Swampert|Swampert-Mega, L50, F|100/100
|switch|p1a: Grimmsnarl|Grimmsnarl, L50, M|100/100
|turn|6
|
|t:|1782399592
|move|p1b: Floette|Protect|p1b: Floette
|-singleturn|p1b: Floette|Protect
|move|p1a: Grimmsnarl|Parting Shot|p2a: Swampert
|-unboost|p2a: Swampert|atk|1
|-unboost|p2a: Swampert|spa|1
|
|t:|1782399596
|switch|p1a: Pelipper|Pelipper, L50, M|100/100|[from] Parting Shot
|move|p2a: Swampert|Wave Crash|p1b: Floette
|-activate|p1b: Floette|move: Protect
|move|p2b: Tsareena|Triple Axel|p1a: Pelipper
|-damage|p1a: Pelipper|91/100
|-damage|p1a: Pelipper|75/100
|-damage|p1a: Pelipper|53/100
|-hitcount|p1a: Pelipper|3
|
|-weather|none
|upkeep
|turn|7
|
|t:|1782399613
|move|p2a: Swampert|Protect|p2a: Swampert
|-singleturn|p2a: Swampert|Protect
|move|p2b: Tsareena|Triple Axel|p1a: Pelipper
|-damage|p1a: Pelipper|44/100
|-enditem|p1a: Pelipper|Sitrus Berry|[eat]
|-heal|p1a: Pelipper|68/100|[from] item: Sitrus Berry
|-damage|p1a: Pelipper|53/100
|-damage|p1a: Pelipper|31/100
|-hitcount|p1a: Pelipper|3
|move|p1b: Floette|Moonblast|p2a: Swampert
|-activate|p2a: Swampert|move: Protect
|move|p1a: Pelipper|Hurricane|p2b: Tsareena|[miss]
|-miss|p1a: Pelipper|p2b: Tsareena
|
|upkeep
|turn|8
|inactive|jaboo123321 has 30 seconds left.
|inactive|jaboo123321 has 20 seconds left.
|inactive|jaboo123321 has 15 seconds left.
|
|t:|1782399655
|move|p2a: Swampert|Protect||[still]
|-fail|p2a: Swampert
|move|p2b: Tsareena|Triple Axel|p1a: Pelipper
|-damage|p1a: Pelipper|22/100
|-damage|p1a: Pelipper|6/100
|-damage|p1a: Pelipper|0 fnt
|faint|p1a: Pelipper
|-hitcount|p1: Pelipper|3
|move|p1b: Floette|Moonblast|p2a: Swampert
|-damage|p2a: Swampert|38/100
|
|-sideend|p2: jaboo123321|move: Light Screen
|upkeep
|
|t:|1782399665
|switch|p1a: Grimmsnarl|Grimmsnarl, L50, M|100/100
|turn|9
|
|t:|1782399678
|switch|p2a: Sableye|Sableye, L50, F|100/100
|move|p2b: Tsareena|Triple Axel|p1a: Grimmsnarl
|-damage|p1a: Grimmsnarl|92/100
|-damage|p1a: Grimmsnarl|77/100
|-damage|p1a: Grimmsnarl|56/100
|-hitcount|p1a: Grimmsnarl|3
|move|p1b: Floette|Moonblast|p2a: Sableye
|-supereffective|p2a: Sableye|1
|-damage|p2a: Sableye|0 fnt
|faint|p2a: Sableye
|move|p1a: Grimmsnarl|Foul Play|p2b: Tsareena
|-damage|p2b: Tsareena|0 fnt
|faint|p2b: Tsareena
|
|upkeep
|inactive|jaboo123321 has 30 seconds left.
|inactive|jaboo123321 has 20 seconds left.
|inactive|jaboo123321 has 15 seconds left.
|inactive|jaboo123321 has 10 seconds left.
|inactive|jaboo123321 has 5 seconds left.
|
|t:|1782399733
|switch|p2a: Swampert|Swampert-Mega, L50, F|38/100
|turn|10
|l|☆jaboo123321
|inactive|jaboo123321 disconnected and has a minute to reconnect!
|player|p2|
|
|t:|1782399745
|move|p1b: Floette|Moonblast|p2a: Swampert
|-damage|p2a: Swampert|0 fnt
|faint|p2a: Swampert
|
|win|That1Morpecko
||That1Morpecko is ready for game 2.
|inactive|jaboo123321 has 30 seconds to confirm battle start!
|inactive|jaboo123321 has 20 seconds to confirm battle start!
|inactive|jaboo123321 has 10 seconds to confirm battle start!
|uhtml|next|Next: Game 2 of 3
