|j|☆TheGayOne420
|j|☆acmilanvgc
|html|TheGayOne420acmilanvgc    
|uhtml|bestof|Game 3 of a best-of-3
|t:|1785902880
|gametype|doubles
|player|p1|TheGayOne420|266|1120
|player|p2|acmilanvgc|misty|1189
|gen|9
|tier|[Gen 9 Champions] VGC 2026 Reg M-B (Bo3)
|rated|
|rule|Species Clause: Limit one of each Pokémon
|rule|Item Clause: Limit 1 of each item
|clearpoke
|poke|p1|Eelektross, L50, M|
|poke|p1|Sinistcha, L50|
|poke|p1|Staraptor, L50, F|
|poke|p1|Talonflame, L50, F|
|poke|p1|Incineroar, L50, M|
|poke|p1|Garchomp, L50, M|
|poke|p2|Excadrill, L50, M|
|poke|p2|Tyranitar, L50, F|
|poke|p2|Milotic, L50, F|
|poke|p2|Gholdengo, L50|
|poke|p2|Sinistcha, L50|
|poke|p2|Staraptor, L50, F|
|teampreview|4
|showteam|p1|Eelektross||LifeOrb|Levitate|Thunderbolt,Flamethrower,Protect,GigaDrain|Modest||M|||50|]Sinistcha||OccaBerry|Hospitality|ShadowBall,MatchaGotcha,LifeDew,RagePowder|Modest|||||50|]Staraptor||Staraptite|Intimidate|CloseCombat,Roost,Protect,BraveBird|Jolly||F|||50|]Talonflame||FocusSash|GaleWings|DualWingbeat,FeatherDance,Protect,Tailwind|Adamant||F|||50|]Incineroar||SitrusBerry|Intimidate|FakeOut,FlareBlitz,PartingShot,DarkestLariat|Adamant||M|||50|]Garchomp||WideLens|SandVeil|RockSlide,DragonRush,Protect,Earthquake|Jolly||M|||50|
|showteam|p2|Excadrill||FocusSash|SandRush|HighHorsepower,IronHead,RockSlide,Protect|Jolly||M|||50|]Tyranitar||Tyranitarite|SandStream|KnockOff,RockSlide,LowKick,Protect|Jolly||F|||50|]Milotic||SitrusBerry|Competitive|Scald,IcyWind,IceBeam,Protect|Calm||F|||50|]Gholdengo||LifeOrb|GoodasGold|MakeItRain,ShadowBall,Thunderbolt,Protect|Modest|||||50|]Sinistcha||ColburBerry|Hospitality|MatchaGotcha,RagePowder,TrickRoom,Protect|Bold|||||50|]Staraptor||Staraptite|Intimidate|CloseCombat,BraveBird,Tailwind,Protect|Jolly||F|||50|
|inactive|Battle timer is ON: inactive players will automatically lose when time's up. (requested by acmilanvgc)
|inactive|TheGayOne420 has 60 seconds left.
|inactive|acmilanvgc has 60 seconds left.
|
|t:|1785902933
|teamsize|p1|4
|teamsize|p2|4
|start
|switch|p1a: Talonflame|Talonflame, L50, F|100/100
|switch|p1b: Garchomp|Garchomp, L50, M|100/100
|switch|p2a: Gholdengo|Gholdengo, L50|100/100
|switch|p2b: Excadrill|Excadrill, L50, M|100/100
|turn|1
|
|t:|1785902948
|switch|p2a: Staraptor|Staraptor, L50, F|100/100
|-ability|p2a: Staraptor|Intimidate|boost
|-unboost|p1a: Talonflame|atk|1
|-unboost|p1b: Garchomp|atk|1
|move|p1a: Talonflame|Tailwind|p1a: Talonflame
|-sidestart|p1: TheGayOne420|move: Tailwind
|move|p1b: Garchomp|Earthquake|p2b: Excadrill|[spread] p2b
|-immune|p1a: Talonflame
|-immune|p2a: Staraptor
|-supereffective|p2b: Excadrill|1
|-damage|p2b: Excadrill|31/100
|move|p2b: Excadrill|Rock Slide|p1b: Garchomp|[spread] p1a,p1b
|-supereffective|p1a: Talonflame|2
|-resisted|p1b: Garchomp|1
|-enditem|p1a: Talonflame|Focus Sash
|-damage|p1a: Talonflame|1/100
|-damage|p1b: Garchomp|89/100
|
|upkeep
|turn|2
|inactive|acmilanvgc has 30 seconds left.
|
|t:|1785902977
|detailschange|p2a: Staraptor|Staraptor-Mega, L50, F
|-mega|p2a: Staraptor|Staraptor|Staraptite
|move|p2b: Excadrill|Protect|p2b: Excadrill
|-singleturn|p2b: Excadrill|Protect
|move|p1a: Talonflame|Dual Wingbeat|p2a: Staraptor
|-supereffective|p2a: Staraptor|1
|-damage|p2a: Staraptor|77/100
|-supereffective|p2a: Staraptor|1
|-damage|p2a: Staraptor|55/100
|-hitcount|p2a: Staraptor|2
|move|p1b: Garchomp|Rock Slide|p2b: Excadrill|[spread] p2a
|-activate|p2b: Excadrill|move: Protect
|-damage|p2a: Staraptor|43/100
|move|p2a: Staraptor|Close Combat|p1b: Garchomp
|-damage|p1b: Garchomp|34/100
|-boost|p2a: Staraptor|def|1
|-boost|p2a: Staraptor|spd|1
|
|upkeep
|turn|3
|inactive|acmilanvgc has 30 seconds left.
|
|t:|1785903009
|switch|p2b: Milotic|Milotic, L50, F|100/100
|move|p2a: Staraptor|Protect|p2a: Staraptor
|-singleturn|p2a: Staraptor|Protect
|move|p1a: Talonflame|Dual Wingbeat|p2a: Staraptor
|-activate|p2a: Staraptor|move: Protect
|move|p1b: Garchomp|Earthquake|p2b: Milotic|[spread] p2b
|-activate|p2a: Staraptor|move: Protect
|-immune|p1a: Talonflame
|-damage|p2b: Milotic|76/100
|
|upkeep
|turn|4
|
|t:|1785903028
|move|p1b: Garchomp|Protect|p1b: Garchomp
|-singleturn|p1b: Garchomp|Protect
|move|p1a: Talonflame|Dual Wingbeat|p2a: Staraptor
|-supereffective|p2a: Staraptor|1
|-damage|p2a: Staraptor|27/100
|-supereffective|p2a: Staraptor|1
|-damage|p2a: Staraptor|13/100
|-hitcount|p2a: Staraptor|2
|move|p2a: Staraptor|Tailwind|p2a: Staraptor
|-sidestart|p2: acmilanvgc|move: Tailwind
|move|p2b: Milotic|Icy Wind|p1a: Talonflame|[spread] p1a
|-activate|p1b: Garchomp|move: Protect
|-damage|p1a: Talonflame|0 fnt
|faint|p1a: Talonflame
|
|-sideend|p1: TheGayOne420|move: Tailwind
|upkeep
|
|t:|1785903045
|switch|p1a: Sinistcha|Sinistcha, L50|100/100
|-heal|p1b: Garchomp|58/100|[from] ability: Hospitality|[of] p1a: Sinistcha
|turn|5
|inactive|TheGayOne420 has 30 seconds left.
|inactive|acmilanvgc has 30 seconds left.
|
|t:|1785903075
|move|p2a: Staraptor|Brave Bird|p1a: Sinistcha
|-supereffective|p1a: Sinistcha|1
|-damage|p1a: Sinistcha|0 fnt
|faint|p1a: Sinistcha
|-damage|p2a: Staraptor|0 fnt|[from] Recoil
|faint|p2a: Staraptor
|move|p2b: Milotic|Icy Wind|p1b: Garchomp
|-supereffective|p1b: Garchomp|2
|-damage|p1b: Garchomp|1/100
|-unboost|p1b: Garchomp|spe|1
|move|p1b: Garchomp|Rock Slide|p2b: Milotic
|-damage|p2b: Milotic|60/100
|
|upkeep
|
|t:|1785903089
|switch|p2a: Gholdengo|Gholdengo, L50|100/100
|switch|p1a: Staraptor|Staraptor, L50, F|100/100
|-ability|p1a: Staraptor|Intimidate|boost
|-unboost|p2a: Gholdengo|atk|1
|-unboost|p2b: Milotic|atk|1
|-ability|p2b: Milotic|Competitive|boost
|-boost|p2b: Milotic|spa|2
|turn|6
|inactive|acmilanvgc has 30 seconds left.
|
|t:|1785903116
|detailschange|p1a: Staraptor|Staraptor-Mega, L50, F
|-mega|p1a: Staraptor|Staraptor|Staraptite
|move|p2a: Gholdengo|Shadow Ball|p1b: Garchomp
|-damage|p1b: Garchomp|0 fnt
|faint|p1b: Garchomp
|-damage|p2a: Gholdengo|90/100|[from] item: Life Orb
|move|p2b: Milotic|Ice Beam|p1a: Staraptor
|-supereffective|p1a: Staraptor|1
|-damage|p1a: Staraptor|0 fnt
|faint|p1a: Staraptor
|
|win|acmilanvgc
|raw|TheGayOne420's rating: 1120 → 1100(-20 for losing)
|raw|acmilanvgc's rating: 1189 → 1209(+20 for winning)
|c|☆TheGayOne420|ggs!
|c|☆TheGayOne420|glnm <3
|c|☆acmilanvgc|ggs!! that was a nice set
|c|☆TheGayOne420|thank you <3
|c|☆TheGayOne420|im still learning XD
