|j|☆Jbl08
|j|☆Alecat
|html|Jbl08Alecat    
|uhtml|bestof|Game 1 of a best-of-3
|t:|1757061669
|gametype|doubles
|player|p1|Jbl08|266|1116
|player|p2|Alecat|scientistf|1002
|gen|9
|tier|[Gen 9] VGC 2025 Reg H (Bo3)
|rated|
|rule|Species Clause: Limit one of each Pokémon
|rule|Item Clause: Limit 1 of each item
|clearpoke
|poke|p1|Primarina, L50, F|
|poke|p1|Pelipper, L50, F|
|poke|p1|Basculegion, L50, M|
|poke|p1|Archaludon, L50, M|
|poke|p1|Sneasler, L50, F|
|poke|p1|Sinistcha, L50|
|poke|p2|Pawmot, L50, F|
|poke|p2|Gyarados, L50, F|
|poke|p2|Volcarona, L50, M|
|poke|p2|Murkrow, L50, M|
|poke|p2|Incineroar, L50, F|
|poke|p2|Archaludon, L50, M|
|teampreview|4
|showteam|p1|Primarina||ThroatSpray|LiquidVoice|HyperVoice,Moonblast,Protect,Haze|||F|||50|,,,,,Poison]Pelipper||AbilityShield|Drizzle|Hurricane,WeatherBall,Tailwind,Protect|||F|||50|,,,,,Stellar]Basculegion||ChoiceBand|SwiftSwim|LastRespects,WaveCrash,AquaJet,FlipTurn|||M|||50|,,,,,Water]Archaludon||Leftovers|Stamina|ElectroShot,BodyPress,DracoMeteor,Protect|||M|||50|,,,,,Electric]Sneasler||FocusSash|Unburden|CloseCombat,Coaching,DireClaw,FakeOut|||F|||50|,,,,,Dark]Sinistcha||SitrusBerry|Hospitality|RagePowder,MatchaGotcha,TrickRoom,LifeDew||||||50|,,,,,Water
|showteam|p2|Pawmot||FocusSash|VoltAbsorb|DoubleShock,Coaching,CloseCombat,Protect|||F|||50|,,,,,Electric]Gyarados||ClearAmulet|Moxie|Waterfall,DragonDance,Earthquake,Protect|||F|||50|,,,,,Ground]Volcarona||SitrusBerry|FlameBody|Overheat,StruggleBug,RagePowder,Tailwind|||M|||50|,,,,,Grass]Murkrow||Eviolite|Prankster|FoulPlay,RainDance,Tailwind,SunnyDay|||M|||50|,,,,,Dark]Incineroar||SafetyGoggles|Intimidate|FlareBlitz,FakeOut,Bulldoze,Taunt|||F|||50|,,,,,Ghost]Archaludon||PowerHerb|Stalwart|DragonTail,FlashCannon,ElectroShot,Protect|||M|||50|,,,,,Grass
|inactive|Battle timer is ON: inactive players will automatically lose when time's up. (requested by Alecat)
|inactive|Jbl08 has 60 seconds left.
|
|t:|1757061718
|teamsize|p1|4
|teamsize|p2|4
|start
|switch|p1a: Pelipper|Pelipper, L50, F, shiny|100/100
|switch|p1b: Sneasler|Sneasler, L50, F, shiny|100/100
|switch|p2a: Archaludon|Archaludon, L50, M|100/100
|switch|p2b: Murkrow|Murkrow, L50, M|100/100
|-weather|RainDance|[from] ability: Drizzle|[of] p1a: Pelipper
|turn|1
|inactive|Jbl08 has 30 seconds left.
|inactive|Jbl08 has 20 seconds left.
|
|t:|1757061759
|switch|p2a: Volcarona|Volcarona, L50, M|100/100
|move|p2b: Murkrow|Tailwind|p2b: Murkrow
|-sidestart|p2: Alecat|move: Tailwind
|move|p1b: Sneasler|Close Combat|p2a: Volcarona
|-resisted|p2a: Volcarona
|-damage|p2a: Volcarona|61/100
|-unboost|p1b: Sneasler|def|1
|-unboost|p1b: Sneasler|spd|1
|move|p1a: Pelipper|Tailwind|p1a: Pelipper
|-sidestart|p1: Jbl08|move: Tailwind
|
|-weather|RainDance|[upkeep]
|upkeep
|turn|2
|
|t:|1757061779
|switch|p1a: Basculegion|Basculegion, L50, M, shiny|100/100
|move|p2b: Murkrow|Sunny Day|p2b: Murkrow
|-weather|SunnyDay
|move|p1b: Sneasler|Coaching|p1a: Basculegion
|-boost|p1a: Basculegion|atk|1
|-boost|p1a: Basculegion|def|1
|move|p2a: Volcarona|Struggle Bug|p1b: Sneasler|[spread] p1a,p1b
|-resisted|p1a: Basculegion
|-resisted|p1b: Sneasler
|-damage|p1a: Basculegion|91/100
|-damage|p1b: Sneasler|92/100
|-unboost|p1a: Basculegion|spa|1
|-unboost|p1b: Sneasler|spa|1
|
|-weather|SunnyDay|[upkeep]
|upkeep
|turn|3
|
|t:|1757061800
|switch|p1b: Pelipper|Pelipper, L50, F, shiny|100/100
|-weather|RainDance|[from] ability: Drizzle|[of] p1b: Pelipper
|switch|p2a: Gyarados|Gyarados, L50, F|100/100
|move|p1a: Basculegion|Flip Turn|p2a: Gyarados
|-resisted|p2a: Gyarados
|-damage|p2a: Gyarados|39/100
|
|t:|1757061809
|switch|p1a: Sneasler|Sneasler, L50, F, shiny|92/100|[from] Flip Turn
|move|p2b: Murkrow|Foul Play|p1a: Sneasler
|-resisted|p1a: Sneasler
|-damage|p1a: Sneasler|46/100
|
|-weather|RainDance|[upkeep]
|upkeep
|turn|4
|
|t:|1757061830
|move|p2a: Gyarados|Protect|p2a: Gyarados
|-singleturn|p2a: Gyarados|Protect
|move|p1a: Sneasler|Fake Out|p2a: Gyarados
|-activate|p2a: Gyarados|move: Protect
|move|p1b: Pelipper|Weather Ball|p2b: Murkrow
|-damage|p2b: Murkrow|50/100
|move|p2b: Murkrow|Foul Play|p1a: Sneasler
|-resisted|p1a: Sneasler
|-damage|p1a: Sneasler|3/100
|
|-weather|RainDance|[upkeep]
|-sideend|p2: Alecat|move: Tailwind
|-sideend|p1: Jbl08|move: Tailwind
|upkeep
|turn|5
|
|t:|1757061850
|move|p2b: Murkrow|Sunny Day|p2b: Murkrow
|-weather|SunnyDay
|move|p1a: Sneasler|Dire Claw|p2a: Gyarados
|-damage|p2a: Gyarados|0 fnt
|faint|p2a: Gyarados
|move|p1b: Pelipper|Weather Ball|p2b: Murkrow
|-damage|p2b: Murkrow|13/100
|
|-weather|SunnyDay|[upkeep]
|upkeep
|
|t:|1757061863
|switch|p2a: Volcarona|Volcarona, L50, M|61/100
|turn|6
|
|t:|1757061876
|move|p2b: Murkrow|Tailwind|p2b: Murkrow
|-sidestart|p2: Alecat|move: Tailwind
|move|p2a: Volcarona|Struggle Bug|p1b: Pelipper|[spread] p1a,p1b
|-resisted|p1a: Sneasler
|-resisted|p1b: Pelipper
|-damage|p1a: Sneasler|0 fnt
|-damage|p1b: Pelipper|87/100
|-unboost|p1b: Pelipper|spa|1
|faint|p1a: Sneasler
|move|p1b: Pelipper|Hurricane|p2a: Volcarona|[miss]
|-miss|p1b: Pelipper|p2a: Volcarona
|
|-weather|SunnyDay|[upkeep]
|upkeep
|
|t:|1757061895
|switch|p1a: Archaludon|Archaludon, L50, M, shiny|100/100
|turn|7
|
|t:|1757061912
|move|p1a: Archaludon|Protect|p1a: Archaludon
|-singleturn|p1a: Archaludon|Protect
|move|p2a: Volcarona|Struggle Bug|p1b: Pelipper|[spread] p1b
|-activate|p1a: Archaludon|move: Protect
|-resisted|p1b: Pelipper
|-damage|p1b: Pelipper|73/100
|-unboost|p1b: Pelipper|spa|1
|move|p2b: Murkrow|Foul Play|p1b: Pelipper
|-damage|p1b: Pelipper|57/100
|move|p1b: Pelipper|Hurricane|p2a: Volcarona
|-supereffective|p2a: Volcarona
|-damage|p2a: Volcarona|13/100
|-start|p2a: Volcarona|confusion
|-enditem|p2a: Volcarona|Sitrus Berry|[eat]
|-heal|p2a: Volcarona|38/100|[from] item: Sitrus Berry
|
|-weather|SunnyDay|[upkeep]
|upkeep
|turn|8
|
|t:|1757061937
|-activate|p2a: Volcarona|confusion
|move|p2a: Volcarona|Struggle Bug|p1b: Pelipper|[spread] p1a,p1b
|-resisted|p1a: Archaludon
|-resisted|p1b: Pelipper
|-damage|p1a: Archaludon|93/100
|-damage|p1b: Pelipper|45/100
|-unboost|p1a: Archaludon|spa|1
|-unboost|p1b: Pelipper|spa|1
|-ability|p1a: Archaludon|Stamina|boost
|-boost|p1a: Archaludon|def|1
|move|p2b: Murkrow|Foul Play|p1b: Pelipper
|-damage|p1b: Pelipper|27/100
|move|p1b: Pelipper|Hurricane|p2a: Volcarona|[miss]
|-miss|p1b: Pelipper|p2a: Volcarona
|move|p1a: Archaludon|Body Press|p2b: Murkrow
|-damage|p2b: Murkrow|0 fnt
|faint|p2b: Murkrow
|
|-weather|SunnyDay|[upkeep]
|-heal|p1a: Archaludon|99/100|[from] item: Leftovers
|upkeep
|
|t:|1757061953
|switch|p2b: Archaludon|Archaludon, L50, M|100/100
|turn|9
|
|t:|1757061968
|-end|p2a: Volcarona|confusion
|move|p2a: Volcarona|Rage Powder|p2a: Volcarona
|-singleturn|p2a: Volcarona|move: Rage Powder
|move|p2b: Archaludon|Electro Shot||[still]
|-prepare|p2b: Archaludon|Electro Shot
|-boost|p2b: Archaludon|spa|1
|-enditem|p2b: Archaludon|Power Herb
|-anim|p2b: Archaludon|Electro Shot|p1b: Pelipper
|-supereffective|p1b: Pelipper
|-damage|p1b: Pelipper|0 fnt
|faint|p1b: Pelipper
|move|p1a: Archaludon|Body Press|p2a: Volcarona
|-resisted|p2a: Volcarona
|-damage|p2a: Volcarona|14/100
|-status|p1a: Archaludon|brn|[from] ability: Flame Body|[of] p2a: Volcarona
|
|-weather|none
|-heal|p1a: Archaludon|100/100 brn|[from] item: Leftovers
|-damage|p1a: Archaludon|94/100 brn|[from] brn
|-sideend|p2: Alecat|move: Tailwind
|upkeep
|
|t:|1757061984
|switch|p1b: Basculegion|Basculegion, L50, M, shiny|91/100
|turn|10
|
|t:|1757061998
|move|p2a: Volcarona|Rage Powder|p2a: Volcarona
|-singleturn|p2a: Volcarona|move: Rage Powder
|move|p2b: Archaludon|Electro Shot||[still]
|-prepare|p2b: Archaludon|Electro Shot
|-boost|p2b: Archaludon|spa|1
|move|p1b: Basculegion|Wave Crash|p2a: Volcarona
|-supereffective|p2a: Volcarona
|-damage|p2a: Volcarona|0 fnt
|faint|p2a: Volcarona
|-damage|p1b: Basculegion|87/100|[from] Recoil
|move|p1a: Archaludon|Body Press|p2b: Archaludon
|-supereffective|p2b: Archaludon
|-damage|p2b: Archaludon|64/100
|
|-heal|p1a: Archaludon|100/100 brn|[from] item: Leftovers
|-damage|p1a: Archaludon|94/100 brn|[from] brn
|upkeep
|turn|11
|
|t:|1757062014
|move|p2b: Archaludon|Electro Shot|p1b: Basculegion|[from] lockedmove
|-supereffective|p1b: Basculegion
|-damage|p1b: Basculegion|0 fnt
|faint|p1b: Basculegion
|move|p1a: Archaludon|Body Press|p2b: Archaludon
|-supereffective|p2b: Archaludon
|-damage|p2b: Archaludon|31/100
|
|-heal|p1a: Archaludon|100/100 brn|[from] item: Leftovers
|-damage|p1a: Archaludon|94/100 brn|[from] brn
|upkeep
|turn|12
|
|t:|1757062030
|move|p2b: Archaludon|Protect|p2b: Archaludon
|-singleturn|p2b: Archaludon|Protect
|move|p1a: Archaludon|Body Press|p2b: Archaludon
|-activate|p2b: Archaludon|move: Protect
|
|-heal|p1a: Archaludon|100/100 brn|[from] item: Leftovers
|-damage|p1a: Archaludon|94/100 brn|[from] brn
|upkeep
|turn|13
|
|t:|1757062041
|-terastallize|p2b: Archaludon|Grass
|move|p2b: Archaludon|Electro Shot||[still]
|-prepare|p2b: Archaludon|Electro Shot
|-boost|p2b: Archaludon|spa|1
|move|p1a: Archaludon|Body Press|p2b: Archaludon
|-damage|p2b: Archaludon|14/100
|
|-heal|p1a: Archaludon|100/100 brn|[from] item: Leftovers
|-damage|p1a: Archaludon|94/100 brn|[from] brn
|upkeep
|turn|14
|
|t:|1757062050
|move|p1a: Archaludon|Protect|p1a: Archaludon
|-singleturn|p1a: Archaludon|Protect
|move|p2b: Archaludon|Electro Shot|p1a: Archaludon|[from] lockedmove
|-activate|p1a: Archaludon|move: Protect
|
|-heal|p1a: Archaludon|100/100 brn|[from] item: Leftovers
|-damage|p1a: Archaludon|94/100 brn|[from] brn
|upkeep
|turn|15
|
|t:|1757062068
|move|p2b: Archaludon|Protect|p2b: Archaludon
|-singleturn|p2b: Archaludon|Protect
|move|p1a: Archaludon|Draco Meteor|p2b: Archaludon
|-activate|p2b: Archaludon|move: Protect
|
|-heal|p1a: Archaludon|100/100 brn|[from] item: Leftovers
|-damage|p1a: Archaludon|94/100 brn|[from] brn
|upkeep
|turn|16
|
|t:|1757062078
|move|p2b: Archaludon|Flash Cannon|p1a: Archaludon
|-resisted|p1a: Archaludon
|-damage|p1a: Archaludon|49/100 brn
|-ability|p1a: Archaludon|Stamina|boost
|-boost|p1a: Archaludon|def|1
|move|p1a: Archaludon|Draco Meteor|p2b: Archaludon
|-damage|p2b: Archaludon|0 fnt
|-unboost|p1a: Archaludon|spa|2
|faint|p2b: Archaludon
|
|win|Jbl08
||Jbl08 is ready for game 2.
|inactive|Alecat has 30 seconds to confirm battle start!
||Alecat is ready for game 2.
|uhtml|next|Next: Game 2 of 3
