|j|☆notsadit
|j|☆UBHQ Alice
|html|notsaditUBHQ Alice    
|uhtml|bestof|Game 1 of a best-of-3
|t:|1757728941
|gametype|doubles
|player|p1|notsadit|101|1124
|player|p2|UBHQ Alice|169|1146
|gen|9
|tier|[Gen 9] VGC 2025 Reg H (Bo3)
|rated|
|rule|Species Clause: Limit one of each Pokémon
|rule|Item Clause: Limit 1 of each item
|clearpoke
|poke|p1|Incineroar, L50, F|
|poke|p1|Rillaboom, L50, F|
|poke|p1|Smeargle, L50, M|
|poke|p1|Dragonite, L50, F|
|poke|p1|Ursaluna-Bloodmoon, L50, M|
|poke|p1|Gholdengo, L50|
|poke|p2|Volbeat, L50, M|
|poke|p2|Archaludon, L50, M|
|poke|p2|Gholdengo, L50|
|poke|p2|Sneasler, L50, M|
|poke|p2|Pelipper, L50, M|
|poke|p2|Basculegion, L50, M|
|teampreview|4
|showteam|p1|Incineroar||SafetyGoggles|Intimidate|FakeOut,PartingShot,KnockOff,FlareBlitz|||F|||50|,,,,,Ghost]Rillaboom||AssaultVest|GrassySurge|FakeOut,GrassyGlide,WoodHammer,Uturn|||F|||50|,,,,,Water]Smeargle||FocusSash|Moody|FakeOut,Decorate,FollowMe,Spore|||M|||50|,,,,,Grass]Dragonite||LoadedDice|Multiscale|Protect,ScaleShot,Haze,Tailwind|||F|||50|,,,,,Steel]Ursaluna-Bloodmoon||LifeOrb|MindsEye|Protect,BloodMoon,EarthPower,HyperVoice|||M|||50|,,,,,Normal]Gholdengo||ChoiceSpecs|GoodasGold|MakeItRain,ShadowBall,FlashCannon,DazzlingGleam||||||50|,,,,,Steel
|showteam|p2|Volbeat||CovertCloak|Prankster|Tailwind,Lunge,LightScreen,RainDance|||M|||50|,,,,,Electric]Archaludon||AssaultVest|Stamina|DracoMeteor,FlashCannon,ElectroShot,BodyPress|||M|||50|,,,,,Bug]Gholdengo||LifeOrb|GoodasGold|MakeItRain,ShadowBall,NastyPlot,Protect||||||50|,,,,,Steel]Sneasler||FocusSash|PoisonTouch|CloseCombat,DireClaw,FakeOut,Protect|||M|||50|,,,,,Ghost]Pelipper||SafetyGoggles|Drizzle|WeatherBall,Hurricane,Tailwind,Protect|||M|||50|,,,,,Steel]Basculegion||MysticWater|SwiftSwim|WaveCrash,FlipTurn,LastRespects,AquaJet|||M|||50|,,,,,Water
|
|t:|1757728987
|teamsize|p1|4
|teamsize|p2|4
|start
|switch|p1a: Dragonite|Dragonite, L50, F|100/100
|switch|p1b: Gholdengo|Gholdengo, L50|100/100
|switch|p2a: Volbeat|Volbeat, L50, M|100/100
|switch|p2b: Archaludon|Archaludon, L50, M|100/100
|turn|1
|
|t:|1757729018
|-terastallize|p1a: Dragonite|Steel
|move|p2a: Volbeat|Tailwind|p2a: Volbeat
|-sidestart|p2: UBHQ Alice|move: Tailwind
|move|p2b: Archaludon|Draco Meteor|p1a: Dragonite
|-resisted|p1a: Dragonite
|-damage|p1a: Dragonite|83/100
|-unboost|p2b: Archaludon|spa|2
|move|p1b: Gholdengo|Shadow Ball|p2b: Archaludon
|-damage|p2b: Archaludon|57/100
|-ability|p2b: Archaludon|Stamina|boost
|-boost|p2b: Archaludon|def|1
|move|p1a: Dragonite|Scale Shot|p2a: Volbeat
|-damage|p2a: Volbeat|83/100
|-damage|p2a: Volbeat|65/100
|-damage|p2a: Volbeat|48/100
|-damage|p2a: Volbeat|32/100
|-crit|p2a: Volbeat
|-damage|p2a: Volbeat|5/100
|-hitcount|p2a: Volbeat|5
|-unboost|p1a: Dragonite|def|1
|-boost|p1a: Dragonite|spe|1
|
|upkeep
|turn|2
|
|t:|1757729052
|move|p1a: Dragonite|Protect|p1a: Dragonite
|-singleturn|p1a: Dragonite|Protect
|move|p2a: Volbeat|Light Screen|p2a: Volbeat
|-sidestart|p2: UBHQ Alice|move: Light Screen
|move|p2b: Archaludon|Body Press|p1a: Dragonite
|-activate|p1a: Dragonite|move: Protect
|move|p1b: Gholdengo|Shadow Ball|p2a: Volbeat
|-damage|p2a: Volbeat|0 fnt
|faint|p2a: Volbeat
|
|upkeep
|
|t:|1757729058
|switch|p2a: Pelipper|Pelipper, L50, M|100/100
|-weather|RainDance|[from] ability: Drizzle|[of] p2a: Pelipper
|turn|3
|
|t:|1757729071
|switch|p1a: Ursaluna|Ursaluna-Bloodmoon, L50, M|100/100
|move|p2a: Pelipper|Hurricane|p1b: Gholdengo
|-resisted|p1b: Gholdengo
|-damage|p1b: Gholdengo|79/100
|move|p2b: Archaludon|Body Press|p1a: Ursaluna
|-supereffective|p1a: Ursaluna
|-damage|p1a: Ursaluna|41/100
|move|p1b: Gholdengo|Shadow Ball|p2b: Archaludon
|-damage|p2b: Archaludon|28/100
|-ability|p2b: Archaludon|Stamina|boost
|-boost|p2b: Archaludon|def|1
|
|-weather|RainDance|[upkeep]
|upkeep
|turn|4
|
|t:|1757729087
|move|p1a: Ursaluna|Protect|p1a: Ursaluna
|-singleturn|p1a: Ursaluna|Protect
|move|p2a: Pelipper|Weather Ball|p1b: Gholdengo
|-damage|p1b: Gholdengo|15/100
|move|p2b: Archaludon|Body Press|p1a: Ursaluna
|-activate|p1a: Ursaluna|move: Protect
|move|p1b: Gholdengo|Shadow Ball|p2b: Archaludon
|-damage|p2b: Archaludon|0 fnt
|faint|p2b: Archaludon
|
|-weather|RainDance|[upkeep]
|-sideend|p2: UBHQ Alice|move: Tailwind
|upkeep
|
|t:|1757729092
|switch|p2b: Basculegion|Basculegion, L50, M|100/100
|turn|5
|inactive|Battle timer is ON: inactive players will automatically lose when time's up. (requested by notsadit)
|
|t:|1757729134
|-terastallize|p2b: Basculegion|Water
|move|p2b: Basculegion|Flip Turn|p1a: Ursaluna
|-supereffective|p1a: Ursaluna
|-damage|p1a: Ursaluna|0 fnt
|faint|p1a: Ursaluna
|move|p1b: Gholdengo|Shadow Ball|p2b: Basculegion
|-damage|p2b: Basculegion|55/100
|move|p2a: Pelipper|Tailwind|p2a: Pelipper
|-sidestart|p2: UBHQ Alice|move: Tailwind
|
|-weather|RainDance|[upkeep]
|upkeep
|
|t:|1757729147
|switch|p1a: Smeargle|Smeargle, L50, M|100/100
|turn|6
|
|t:|1757729165
|move|p1a: Smeargle|Fake Out|p2b: Basculegion
|-damage|p2b: Basculegion|49/100
|cant|p2b: Basculegion|flinch
|move|p2a: Pelipper|Hurricane|p1a: Smeargle
|-damage|p1a: Smeargle|20/100
|move|p1b: Gholdengo|Shadow Ball|p2b: Basculegion
|-damage|p2b: Basculegion|4/100
|
|-weather|RainDance|[upkeep]
|-sideend|p2: UBHQ Alice|move: Light Screen
|-ability|p1a: Smeargle|Moody|boost
|-boost|p1a: Smeargle|spe|2
|-unboost|p1a: Smeargle|spa|1
|upkeep
|turn|7
|
|t:|1757729194
|move|p2b: Basculegion|Flip Turn|p1a: Smeargle
|-damage|p1a: Smeargle|0 fnt
|faint|p1a: Smeargle
|move|p2a: Pelipper|Weather Ball|p1b: Gholdengo
|-crit|p1b: Gholdengo
|-damage|p1b: Gholdengo|0 fnt
|faint|p1b: Gholdengo
|
|-weather|none
|upkeep
|
|t:|1757729198
|switch|p1a: Dragonite|Dragonite, L50, F, tera:Steel|83/100
|turn|8
|
|t:|1757729213
|move|p1a: Dragonite|Protect|p1a: Dragonite
|-singleturn|p1a: Dragonite|Protect
|move|p2b: Basculegion|Wave Crash|p1a: Dragonite
|-activate|p1a: Dragonite|move: Protect
|move|p2a: Pelipper|Hurricane|p1a: Dragonite
|-activate|p1a: Dragonite|move: Protect
|
|-sideend|p2: UBHQ Alice|move: Tailwind
|upkeep
|turn|9
|
|t:|1757729226
|move|p2b: Basculegion|Aqua Jet|p1a: Dragonite
|-crit|p1a: Dragonite
|-damage|p1a: Dragonite|27/100
|move|p1a: Dragonite|Scale Shot|p2b: Basculegion
|-damage|p2b: Basculegion|0 fnt
|faint|p2b: Basculegion
|-hitcount|p2: Basculegion|1
|-unboost|p1a: Dragonite|def|1
|-boost|p1a: Dragonite|spe|1
|move|p2a: Pelipper|Tailwind|p2a: Pelipper
|-sidestart|p2: UBHQ Alice|move: Tailwind
|
|upkeep
|turn|10
|
|t:|1757729232
|move|p1a: Dragonite|Protect|p1a: Dragonite
|-singleturn|p1a: Dragonite|Protect
|move|p2a: Pelipper|Hurricane|p1a: Dragonite
|-activate|p1a: Dragonite|move: Protect
|
|upkeep
|turn|11
|
|t:|1757729238
|move|p2a: Pelipper|Hurricane|p1a: Dragonite|[miss]
|-miss|p2a: Pelipper|p1a: Dragonite
|move|p1a: Dragonite|Scale Shot|p2a: Pelipper
|-damage|p2a: Pelipper|84/100
|-damage|p2a: Pelipper|67/100
|-damage|p2a: Pelipper|51/100
|-damage|p2a: Pelipper|35/100
|-hitcount|p2a: Pelipper|4
|-unboost|p1a: Dragonite|def|1
|-boost|p1a: Dragonite|spe|1
|
|upkeep
|turn|12
|
|t:|1757729245
|move|p1a: Dragonite|Scale Shot|p2a: Pelipper
|-damage|p2a: Pelipper|20/100
|-damage|p2a: Pelipper|4/100
|-damage|p2a: Pelipper|0 fnt
|faint|p2a: Pelipper
|-hitcount|p2: Pelipper|3
|
|win|notsadit
||UBHQ Alice is ready for game 2.
||notsadit is ready for game 2.
|uhtml|next|Next: Game 2 of 3
