|j|☆papucaru
|j|☆alkdfe
|html|papucarualkdfe    
|uhtml|bestof|Game 3 of a best-of-3
|t:|1784422234
|gametype|doubles
|player|p1|papucaru|169|1114
|player|p2|alkdfe|elesa|1155
|gen|9
|tier|[Gen 9 Champions] VGC 2026 Reg M-B (Bo3)
|rated|
|rule|Species Clause: Limit one of each Pokémon
|rule|Item Clause: Limit 1 of each item
|clearpoke
|poke|p1|Staraptor, L50, F|
|poke|p1|Vileplume, L50, F|
|poke|p1|Feraligatr, L50, M|
|poke|p1|Sceptile, L50, M|
|poke|p1|Gholdengo, L50|
|poke|p1|Houndoom, L50, F|
|poke|p2|Gengar, L50, F|
|poke|p2|Swampert, L50, F|
|poke|p2|Incineroar, L50, F|
|poke|p2|Politoed, L50, M|
|poke|p2|Archaludon, L50, M|
|poke|p2|Vivillon, L50, F|
|teampreview|4
|showteam|p1|Staraptor||Staraptite|Intimidate|BraveBird,CloseCombat,Protect,Roost|Jolly||F|||50|]Vileplume||BigRoot|EffectSpore|SludgeBomb,GigaDrain,StrengthSap,LeechSeed|Relaxed||F|||50|]Feraligatr||LifeOrb|SheerForce|Liquidation,RockSlide,AquaJet,IcePunch|Adamant||M|||50|]Sceptile||WhiteHerb|Unburden|LeafStorm,RockTomb,QuickGuard,EarthPower|Timid||M|||50|]Gholdengo||SitrusBerry|GoodasGold|MakeItRain,NastyPlot,Protect,ShadowBall|Modest|||||50|]Houndoom||FocusSash|FlashFire|SuckerPunch,HeatWave,Protect,Snarl|Hasty||F|||50|
|showteam|p2|Gengar||Gengarite|CursedBody|ShadowBall,PerishSong,SludgeBomb,Protect|Timid||F|||50|]Swampert||Swampertite|Torrent|WaveCrash,Earthquake,IcePunch,Protect|Adamant||F|||50|]Incineroar||PasshoBerry|Intimidate|ThroatChop,PartingShot,FakeOut,Protect|Sassy||F|||50|]Politoed||SitrusBerry|Drizzle|WeatherBall,PerishSong,Encore,Protect|Calm||M|||50|]Archaludon||Leftovers|Stamina|DragonPulse,FlashCannon,ElectroShot,Protect|Bold||M|||50|]Vivillon||FocusSash|CompoundEyes|Hurricane,SleepPowder,RagePowder,Protect|Timid||F|||50|
|inactive|Battle timer is ON: inactive players will automatically lose when time's up. (requested by alkdfe)
|inactive|papucaru has 60 seconds left.
|inactive|papucaru has 30 seconds left.
|inactive|papucaru has 20 seconds left.
|inactive|papucaru has 15 seconds left.
|inactive|papucaru has 10 seconds left.
|
|t:|1784422319
|teamsize|p1|4
|teamsize|p2|4
|start
|switch|p1a: Sceptile|Sceptile, L50, M|100/100
|switch|p1b: Staraptor|Staraptor, L50, F|100/100
|switch|p2a: Incineroar|Incineroar, L50, F|100/100
|switch|p2b: Gengar|Gengar, L50, F|100/100
|-ability|p1b: Staraptor|Intimidate|boost
|-unboost|p2a: Incineroar|atk|1
|-unboost|p2b: Gengar|atk|1
|-ability|p2a: Incineroar|Intimidate|boost
|-unboost|p1a: Sceptile|atk|1
|-unboost|p1b: Staraptor|atk|1
|-enditem|p1a: Sceptile|White Herb
|-clearnegativeboost|p1a: Sceptile|[silent]
|turn|1
|
|t:|1784422344
|detailschange|p1b: Staraptor|Staraptor-Mega, L50, F
|-mega|p1b: Staraptor|Staraptor|Staraptite
|detailschange|p2b: Gengar|Gengar-Mega, L50, F
|-mega|p2b: Gengar|Gengar|Gengarite
|move|p1a: Sceptile|Quick Guard|p1a: Sceptile
|-singleturn|p1a: Sceptile|Quick Guard
|move|p2a: Incineroar|Fake Out|p1a: Sceptile
|-activate|p1a: Sceptile|move: Quick Guard
|move|p2b: Gengar|Perish Song|p2b: Gengar
|-start|p1a: Sceptile|perish3|[silent]
|-start|p1b: Staraptor|perish3|[silent]
|-start|p2a: Incineroar|perish3|[silent]
|-start|p2b: Gengar|perish3|[silent]
|-fieldactivate|move: Perish Song
|move|p1b: Staraptor|Brave Bird|p2b: Gengar
|-damage|p2b: Gengar|48/100
|-damage|p1b: Staraptor|84/100|[from] Recoil
|
|-start|p1a: Sceptile|perish3
|-start|p2b: Gengar|perish3
|-start|p1b: Staraptor|perish3
|-start|p2a: Incineroar|perish3
|upkeep
|turn|2
|inactive|papucaru has 30 seconds left.
|
|t:|1784422369
|move|p2b: Gengar|Protect|p2b: Gengar
|-singleturn|p2b: Gengar|Protect
|move|p2a: Incineroar|Protect|p2a: Incineroar
|-singleturn|p2a: Incineroar|Protect
|move|p1a: Sceptile|Rock Tomb|p2a: Incineroar
|-activate|p2a: Incineroar|move: Protect
|move|p1b: Staraptor|Close Combat|p2a: Incineroar
|-activate|p2a: Incineroar|move: Protect
|
|-start|p1a: Sceptile|perish2
|-start|p2b: Gengar|perish2
|-start|p1b: Staraptor|perish2
|-start|p2a: Incineroar|perish2
|upkeep
|turn|3
|inactive|papucaru has 30 seconds left.
|inactive|alkdfe has 30 seconds left.
|inactive|papucaru has 20 seconds left.
|
|t:|1784422409
|switch|p2b: Politoed|Politoed, L50, M|100/100
|-weather|RainDance|[from] ability: Drizzle|[of] p2b: Politoed
|move|p1a: Sceptile|Rock Tomb|p2a: Incineroar
|-supereffective|p2a: Incineroar|1
|-damage|p2a: Incineroar|82/100
|-unboost|p2a: Incineroar|spe|1
|move|p1b: Staraptor|Close Combat|p2a: Incineroar
|-supereffective|p2a: Incineroar|1
|-damage|p2a: Incineroar|16/100
|-boost|p1b: Staraptor|def|1
|-boost|p1b: Staraptor|spd|1
|move|p2a: Incineroar|Parting Shot|p1a: Sceptile
|-unboost|p1a: Sceptile|atk|1
|-unboost|p1a: Sceptile|spa|1
|
|t:|1784422423
|switch|p2a: Gengar|Gengar-Mega, L50, F|48/100|[from] Parting Shot
|
|-weather|RainDance|[upkeep]
|-start|p1a: Sceptile|perish1
|-start|p1b: Staraptor|perish1
|upkeep
|turn|4
|
|t:|1784422432
|move|p2a: Gengar|Protect|p2a: Gengar
|-singleturn|p2a: Gengar|Protect
|move|p2b: Politoed|Protect|p2b: Politoed
|-singleturn|p2b: Politoed|Protect
|move|p1a: Sceptile|Leaf Storm|p2b: Politoed
|-activate|p2b: Politoed|move: Protect
|move|p1b: Staraptor|Brave Bird|p2a: Gengar
|-activate|p2a: Gengar|move: Protect
|
|-weather|RainDance|[upkeep]
|-start|p1a: Sceptile|perish0
|-start|p1b: Staraptor|perish0
|faint|p1a: Sceptile
|faint|p1b: Staraptor
|upkeep
|
|t:|1784422435
|switch|p1a: Gholdengo|Gholdengo, L50|100/100
|switch|p1b: Feraligatr|Feraligatr, L50, M|100/100
|turn|5
|
|t:|1784422459
|switch|p2a: Archaludon|Archaludon, L50, M|100/100
|move|p1a: Gholdengo|Nasty Plot|p1a: Gholdengo
|-boost|p1a: Gholdengo|spa|2
|move|p1b: Feraligatr|Liquidation|p2a: Archaludon
|-resisted|p2a: Archaludon|1
|-crit|p2a: Archaludon
|-damage|p2a: Archaludon|48/100
|-ability|p2a: Archaludon|Stamina|boost
|-boost|p2a: Archaludon|def|1
|move|p2b: Politoed|Perish Song|p2b: Politoed
|-immune|p1a: Gholdengo|[from] ability: Good as Gold
|-start|p1b: Feraligatr|perish3|[silent]
|-start|p2a: Archaludon|perish3|[silent]
|-start|p2b: Politoed|perish3|[silent]
|-fieldactivate|move: Perish Song
|
|-weather|RainDance|[upkeep]
|-heal|p2a: Archaludon|54/100|[from] item: Leftovers
|-start|p2a: Archaludon|perish3
|-start|p1b: Feraligatr|perish3
|-start|p2b: Politoed|perish3
|upkeep
|turn|6
|inactive|papucaru has 30 seconds left.
|inactive|papucaru has 20 seconds left.
|inactive|alkdfe has 30 seconds left.
|inactive|papucaru has 15 seconds left.
|
|t:|1784422505
|move|p1a: Gholdengo|Shadow Ball|p2a: Archaludon
|-damage|p2a: Archaludon|0 fnt
|faint|p2a: Archaludon
|move|p1b: Feraligatr|Rock Slide|p2b: Politoed
|-damage|p2b: Politoed|67/100
|move|p2b: Politoed|Weather Ball|p1a: Gholdengo
|-damage|p1a: Gholdengo|54/100
|
|-weather|RainDance|[upkeep]
|-start|p1b: Feraligatr|perish2
|-start|p2b: Politoed|perish2
|upkeep
|
|t:|1784422518
|switch|p2a: Gengar|Gengar-Mega, L50, F|48/100
|turn|7
|
|t:|1784422535
|move|p2a: Gengar|Protect|p2a: Gengar
|-singleturn|p2a: Gengar|Protect
|move|p1a: Gholdengo|Protect|p1a: Gholdengo
|-singleturn|p1a: Gholdengo|Protect
|move|p1b: Feraligatr|Liquidation|p2a: Gengar
|-activate|p2a: Gengar|move: Protect
|move|p2b: Politoed|Weather Ball|p1a: Gholdengo
|-activate|p1a: Gholdengo|move: Protect
|
|-weather|none
|-start|p1b: Feraligatr|perish1
|-start|p2b: Politoed|perish1
|upkeep
|turn|8
|inactive|papucaru has 30 seconds left.
|
|t:|1784422566
|switch|p2b: Incineroar|Incineroar, L50, F|16/100
|-ability|p2b: Incineroar|Intimidate|boost
|-unboost|p1a: Gholdengo|atk|1
|-unboost|p1b: Feraligatr|atk|1
|move|p2a: Gengar|Shadow Ball|p1a: Gholdengo
|-supereffective|p1a: Gholdengo|1
|-damage|p1a: Gholdengo|0 fnt
|faint|p1a: Gholdengo
|move|p1b: Feraligatr|Liquidation|p2a: Gengar
|-damage|p2a: Gengar|1/100
|
|-start|p1b: Feraligatr|perish0
|upkeep
|faint|p1b: Feraligatr
|
|win|alkdfe
|raw|papucaru's rating: 1114 → 1092(-22 for losing)
|raw|alkdfe's rating: 1155 → 1177(+22 for winning)
|c|☆alkdfe|33%
|c|☆alkdfe|nvm
|c|☆alkdfe|gg
|l|☆papucaru
|player|p1|
