|j|☆Astterio
|j|☆MSS23
|html|AstterioMSS23    
|uhtml|bestof|Game 2 of a best-of-3
|t:|1755730538
|gametype|doubles
|player|p1|Astterio|eusine|1360
|player|p2|MSS23|ethan|1263
|gen|9
|tier|[Gen 9] VGC 2025 Reg H (Bo3)
|rated|
|rule|Species Clause: Limit one of each Pokémon
|rule|Item Clause: Limit 1 of each item
|clearpoke
|poke|p1|Dragonite, L50, F|
|poke|p1|Ursaluna-Bloodmoon, L50, M|
|poke|p1|Annihilape, L50, M|
|poke|p1|Incineroar, L50, M|
|poke|p1|Gholdengo, L50|
|poke|p1|Amoonguss, L50, M|
|poke|p2|Rillaboom, L50, F|
|poke|p2|Kingambit, L50, F|
|poke|p2|Sneasler, L50, M|
|poke|p2|Volcarona, L50, M|
|poke|p2|Electabuzz, L50, F|
|poke|p2|Dragonite, L50, M|
|teampreview|4
|showteam|p1|Dragonite||LoadedDice|Multiscale|Protect,ScaleShot,Haze,Tailwind|||F|||50|,,,,,Steel]Ursaluna-Bloodmoon||FocusSash|MindsEye|Protect,HyperVoice,BloodMoon,EarthPower|||M|||50|,,,,,Normal]Annihilape||LumBerry|Defiant|Taunt,CloseCombat,RageFist,Coaching|||M|||50|,,,,,Fire]Incineroar||SafetyGoggles|Intimidate|FakeOut,PartingShot,KnockOff,FlareBlitz|||M|||50|,,,,,Ghost]Gholdengo||LifeOrb|GoodasGold|MakeItRain,ShadowBall,NastyPlot,Protect||||||50|,,,,,Water]Amoonguss||SitrusBerry|Regenerator|Spore,RagePowder,PollenPuff,Protect|||M|||50|,,,,,Fairy
|showteam|p2|Rillaboom||AssaultVest|GrassySurge|FakeOut,WoodHammer,HighHorsepower,GrassyGlide|||F|||50|,,,,,Fire]Kingambit||BlackGlasses|Defiant|KowtowCleave,SuckerPunch,SwordsDance,Protect|||F|||50|,,,,,Dark]Sneasler||FocusSash|Unburden|CloseCombat,DireClaw,Coaching,FakeOut|||M|||50|,,,,,Stellar]Volcarona||CovertCloak|FlameBody|HeatWave,GigaDrain,QuiverDance,Protect|||M|||50|,,,,,Dragon]Electabuzz||Eviolite|VitalSpirit|Thunderbolt,FollowMe,Taunt,Protect|||F|||50|,,,,,Fairy]Dragonite||LoadedDice|Multiscale|ExtremeSpeed,ScaleShot,Haze,Protect|||M|||50|,,,,,Fairy
|inactive|Battle timer is ON: inactive players will automatically lose when time's up. (requested by Astterio)
|
|t:|1755730557
|teamsize|p1|4
|teamsize|p2|4
|start
|switch|p1a: Annihilape|Annihilape, L50, M|100/100
|switch|p1b: Dragonite|Dragonite, L50, F, shiny|100/100
|switch|p2a: Sneasler|Sneasler, L50, M|100/100
|switch|p2b: Volcarona|Volcarona, L50, M|100/100
|turn|1
|
|t:|1755730566
|move|p1b: Dragonite|Protect|p1b: Dragonite
|-singleturn|p1b: Dragonite|Protect
|move|p2a: Sneasler|Fake Out|p1b: Dragonite
|-activate|p1b: Dragonite|move: Protect
|move|p1a: Annihilape|Taunt|p2b: Volcarona
|-start|p2b: Volcarona|move: Taunt
|cant|p2b: Volcarona|move: Taunt|Quiver Dance
|
|upkeep
|turn|2
|
|t:|1755730577
|move|p2a: Sneasler|Dire Claw|p1b: Dragonite
|-damage|p1b: Dragonite|77/100
|move|p1a: Annihilape|Coaching|p1b: Dragonite
|-boost|p1b: Dragonite|atk|1
|-boost|p1b: Dragonite|def|1
|move|p2b: Volcarona|Heat Wave|p1a: Annihilape|[spread] p1a,p1b
|-resisted|p1b: Dragonite
|-damage|p1a: Annihilape|68/100
|-damage|p1b: Dragonite|61/100
|move|p1b: Dragonite|Scale Shot|p2b: Volcarona
|-damage|p2b: Volcarona|77/100
|-damage|p2b: Volcarona|52/100
|-damage|p2b: Volcarona|25/100
|-damage|p2b: Volcarona|0 fnt
|faint|p2b: Volcarona
|-hitcount|p2: Volcarona|4
|-unboost|p1b: Dragonite|def|1
|-boost|p1b: Dragonite|spe|1
|
|upkeep
|j| lol lol lol blue
|
|t:|1755730590
|switch|p2b: Kingambit|Kingambit, L50, F|100/100
|turn|3
|
|t:|1755730616
|-terastallize|p2b: Kingambit|Dark
|move|p1b: Dragonite|Protect|p1b: Dragonite
|-singleturn|p1b: Dragonite|Protect
|move|p2a: Sneasler|Dire Claw|p1a: Annihilape
|-resisted|p1a: Annihilape
|-damage|p1a: Annihilape|46/100
|-status|p1a: Annihilape|psn
|-enditem|p1a: Annihilape|Lum Berry|[eat]
|-curestatus|p1a: Annihilape|psn|[msg]
|move|p1a: Annihilape|Coaching|p1b: Dragonite
|-boost|p1b: Dragonite|atk|1
|-boost|p1b: Dragonite|def|1
|move|p2b: Kingambit|Kowtow Cleave|p1b: Dragonite
|-activate|p1b: Dragonite|move: Protect
|
|upkeep
|turn|4
|
|t:|1755730632
|move|p2b: Kingambit|Sucker Punch|p1b: Dragonite
|-damage|p1b: Dragonite|14/100
|move|p1b: Dragonite|Scale Shot|p2a: Sneasler|[miss]
|-miss|p1b: Dragonite|p2a: Sneasler
|move|p2a: Sneasler|Dire Claw|p1b: Dragonite
|-damage|p1b: Dragonite|0 fnt
|faint|p1b: Dragonite
|move|p1a: Annihilape|Close Combat|p2b: Kingambit
|-supereffective|p2b: Kingambit
|-damage|p2b: Kingambit|19/100
|-unboost|p1a: Annihilape|def|1
|-unboost|p1a: Annihilape|spd|1
|
|upkeep
|
|t:|1755730639
|switch|p1b: Ursaluna|Ursaluna-Bloodmoon, L50, M|100/100
|turn|5
|
|t:|1755730649
|move|p2b: Kingambit|Sucker Punch|p1a: Annihilape
|-damage|p1a: Annihilape|0 fnt
|faint|p1a: Annihilape
|move|p2a: Sneasler|Close Combat|p1b: Ursaluna
|-supereffective|p1b: Ursaluna
|-enditem|p1b: Ursaluna|Focus Sash
|-damage|p1b: Ursaluna|1/100
|-unboost|p2a: Sneasler|def|1
|-unboost|p2a: Sneasler|spd|1
|move|p1b: Ursaluna|Hyper Voice|p2a: Sneasler|[spread] p2a,p2b
|-damage|p2a: Sneasler|20/100
|-damage|p2b: Kingambit|0 fnt
|faint|p2b: Kingambit
|
|upkeep
|l| lol lol lol blue
|
|t:|1755730660
|switch|p1a: Gholdengo|Gholdengo, L50|100/100
|switch|p2b: Electabuzz|Electabuzz, L50, F|100/100
|turn|6
|inactive|Astterio has 30 seconds left.
|
|t:|1755730695
|move|p2a: Sneasler|Close Combat|p1b: Ursaluna
|-supereffective|p1b: Ursaluna
|-damage|p1b: Ursaluna|0 fnt
|-unboost|p2a: Sneasler|def|1
|-unboost|p2a: Sneasler|spd|1
|faint|p1b: Ursaluna
|move|p1a: Gholdengo|Nasty Plot|p1a: Gholdengo
|-boost|p1a: Gholdengo|spa|2
|move|p2b: Electabuzz|Thunderbolt|p1a: Gholdengo
|-damage|p1a: Gholdengo|66/100
|
|upkeep
|turn|7
|inactive|MSS23 has 30 seconds left.
|
|t:|1755730721
|move|p2b: Electabuzz|Protect|p2b: Electabuzz
|-singleturn|p2b: Electabuzz|Protect
|move|p2a: Sneasler|Dire Claw|p1a: Gholdengo
|-immune|p1a: Gholdengo
|move|p1a: Gholdengo|Shadow Ball|p2b: Electabuzz
|-activate|p2b: Electabuzz|move: Protect
|
|upkeep
|turn|8
|
|t:|1755730732
|move|p2a: Sneasler|Dire Claw|p1a: Gholdengo
|-immune|p1a: Gholdengo
|move|p1a: Gholdengo|Shadow Ball|p2b: Electabuzz
|-damage|p2b: Electabuzz|19/100
|-damage|p1a: Gholdengo|57/100|[from] item: Life Orb
|move|p2b: Electabuzz|Thunderbolt|p1a: Gholdengo
|-damage|p1a: Gholdengo|23/100
|
|upkeep
|turn|9
|
|t:|1755730746
|move|p2a: Sneasler|Close Combat|p1a: Gholdengo
|-immune|p1a: Gholdengo
|move|p1a: Gholdengo|Make It Rain|p2b: Electabuzz|[spread] p2a,p2b
|-resisted|p2b: Electabuzz
|-damage|p2a: Sneasler|0 fnt
|-damage|p2b: Electabuzz|0 fnt
|-unboost|p1a: Gholdengo|spa|1
|faint|p2a: Sneasler
|faint|p2b: Electabuzz
|-damage|p1a: Gholdengo|14/100|[from] item: Life Orb
|
|win|Astterio
|raw|Astterio's rating: 1360 → 1375(+15 for winning)
|raw|MSS23's rating: 1263 → 1245(-18 for losing)
|c|☆MSS23|ggs
|c|☆Astterio|Ggs
|l|☆Astterio
|player|p1|
