|j|☆DISSSSS
|j|☆Frakub
|html|DISSSSSFrakub    
|uhtml|bestof|Game 1 of a best-of-3
|t:|1756377651
|gametype|doubles
|player|p1|DISSSSS|flannery|1108
|player|p2|Frakub|acetrainer-gen4dp|1217
|gen|9
|tier|[Gen 9] VGC 2025 Reg H (Bo3)
|rated|
|rule|Species Clause: Limit one of each Pokémon
|rule|Item Clause: Limit 1 of each item
|clearpoke
|poke|p1|Dragapult, L50, F|
|poke|p1|Volcarona, L50, F|
|poke|p1|Whimsicott, L50, M|
|poke|p1|Electabuzz, L50, M|
|poke|p1|Sneasler, L50, F|
|poke|p1|Primarina, L50, M|
|poke|p2|Kingambit, L50, M|
|poke|p2|Rillaboom, L50, F|
|poke|p2|Ninetales-Alola, L50, F|
|poke|p2|Dragonite, L50, M|
|poke|p2|Magmar, L50, M|
|poke|p2|Sneasler, L50, F|
|teampreview|4
|showteam|p1|Dragapult||ChoiceBand|ClearBody|DragonDarts,Outrage,PhantomForce,Uturn|||F|||50|,,,,,Dragon]Volcarona||Leftovers|FlameBody|HeatWave,QuiverDance,Protect,TeraBlast|||F|||50|,,,,,Fairy]Whimsicott||CovertCloak|Prankster|Tailwind,Encore,Moonblast,Taunt|||M|||50|,,,,,Ghost]Electabuzz||Eviolite|VitalSpirit|Electroweb,HelpingHand,Protect,FollowMe|||M|||50|,,,,,Ghost]Sneasler||WhiteHerb|Unburden|FakeOut,DireClaw,CloseCombat,Protect|||F|||50|,,,,,Ghost]Primarina||SafetyGoggles|LiquidVoice|HyperVoice,Moonblast,Haze,Protect|||M|||50|,,,,,Poison
|showteam|p2|Kingambit||BlackGlasses|Defiant|KowtowCleave,SuckerPunch,SwordsDance,Protect|||M|||50|,,,,,Dark]Rillaboom||AssaultVest|GrassySurge|WoodHammer,GrassyGlide,HighHorsepower,FakeOut|||F|||50|,,,,,Fire]Ninetales-Alola||LightClay|SnowWarning|Blizzard,FreezeDry,Protect,AuroraVeil|||F|||50|,,,,,Ghost]Dragonite||LoadedDice|Multiscale|ScaleShot,ExtremeSpeed,Haze,Protect|||M|||50|,,,,,Steel]Magmar||Eviolite|VitalSpirit|Taunt,Overheat,FollowMe,Protect|||M|||50|,,,,,Ghost]Sneasler||FocusSash|PoisonTouch|FakeOut,DireClaw,CloseCombat,Protect|||F|||50|,,,,,Ghost
|inactive|Battle timer is ON: inactive players will automatically lose when time's up. (requested by DISSSSS)
|inactive|Frakub also wants the timer to be on.
|inactive|DISSSSS has 60 seconds left.
|inactive|Frakub has 60 seconds left.
|inactive|DISSSSS has 30 seconds left.
|
|t:|1756377719
|teamsize|p1|4
|teamsize|p2|4
|start
|switch|p1a: Volcarona|Volcarona, L50, F|100/100
|switch|p1b: Electabuzz|Electabuzz, L50, M|100/100
|switch|p2a: Dragonite|Dragonite, L50, M|100/100
|switch|p2b: Sneasler|Sneasler, L50, F|100/100
|turn|1
|
|t:|1756377734
|move|p2b: Sneasler|Fake Out|p1a: Volcarona
|-damage|p1a: Volcarona|86/100
|-status|p1a: Volcarona|psn|[from] ability: Poison Touch|[of] p2b: Sneasler
|move|p1b: Electabuzz|Electroweb|p2a: Dragonite|[spread] p2a,p2b
|-damage|p2a: Dragonite|93/100
|-damage|p2b: Sneasler|82/100
|-unboost|p2a: Dragonite|spe|1
|-unboost|p2b: Sneasler|spe|1
|cant|p1a: Volcarona|flinch
|move|p2a: Dragonite|Scale Shot|p1a: Volcarona|[miss]
|-miss|p2a: Dragonite|p1a: Volcarona
|
|-heal|p1a: Volcarona|92/100 psn|[from] item: Leftovers
|-damage|p1a: Volcarona|80/100 psn|[from] psn
|upkeep
|turn|2
|
|t:|1756377751
|move|p1b: Electabuzz|Follow Me|p1b: Electabuzz
|-singleturn|p1b: Electabuzz|move: Follow Me
|move|p1a: Volcarona|Quiver Dance|p1a: Volcarona
|-boost|p1a: Volcarona|spa|1
|-boost|p1a: Volcarona|spd|1
|-boost|p1a: Volcarona|spe|1
|move|p2b: Sneasler|Dire Claw|p1b: Electabuzz
|-damage|p1b: Electabuzz|56/100
|move|p2a: Dragonite|Scale Shot|p1b: Electabuzz
|-damage|p1b: Electabuzz|41/100
|-crit|p1b: Electabuzz
|-damage|p1b: Electabuzz|19/100
|-damage|p1b: Electabuzz|3/100
|-damage|p1b: Electabuzz|0 fnt
|faint|p1b: Electabuzz
|-hitcount|p1: Electabuzz|4
|-unboost|p2a: Dragonite|def|1
|-boost|p2a: Dragonite|spe|1
|
|-heal|p1a: Volcarona|86/100 psn|[from] item: Leftovers
|-damage|p1a: Volcarona|73/100 psn|[from] psn
|upkeep
|
|t:|1756377759
|switch|p1b: Sneasler|Sneasler, L50, F|100/100
|turn|3
|
|t:|1756377778
|move|p2a: Dragonite|Protect|p2a: Dragonite
|-singleturn|p2a: Dragonite|Protect
|move|p2b: Sneasler|Protect|p2b: Sneasler
|-singleturn|p2b: Sneasler|Protect
|move|p1b: Sneasler|Fake Out|p2a: Dragonite
|-activate|p2a: Dragonite|move: Protect
|move|p1a: Volcarona|Heat Wave|p2a: Dragonite|[spread] 
|-activate|p2a: Dragonite|move: Protect
|-activate|p2b: Sneasler|move: Protect
|
|-heal|p1a: Volcarona|80/100 psn|[from] item: Leftovers
|-damage|p1a: Volcarona|67/100 psn|[from] psn
|upkeep
|turn|4
|
|t:|1756377791
|move|p1a: Volcarona|Heat Wave|p2a: Dragonite|[spread] p2a,p2b
|-resisted|p2a: Dragonite
|-damage|p2a: Dragonite|62/100
|-damage|p2b: Sneasler|10/100
|move|p1b: Sneasler|Dire Claw|p2a: Dragonite
|-damage|p2a: Dragonite|0 fnt
|faint|p2a: Dragonite
|move|p2b: Sneasler|Dire Claw|p1a: Volcarona
|-damage|p1a: Volcarona|17/100 psn
|
|-heal|p1a: Volcarona|23/100 psn|[from] item: Leftovers
|-damage|p1a: Volcarona|11/100 psn|[from] psn
|upkeep
|
|t:|1756377796
|switch|p2a: Magmar|Magmar, L50, M|100/100
|turn|5
|
|t:|1756377811
|move|p2b: Sneasler|Protect|p2b: Sneasler
|-singleturn|p2b: Sneasler|Protect
|move|p1a: Volcarona|Heat Wave|p2a: Magmar|[spread] p2a
|-activate|p2b: Sneasler|move: Protect
|-resisted|p2a: Magmar
|-damage|p2a: Magmar|80/100
|move|p1b: Sneasler|Close Combat|p2a: Magmar
|-damage|p2a: Magmar|27/100
|-unboost|p1b: Sneasler|def|1
|-unboost|p1b: Sneasler|spd|1
|-enditem|p1b: Sneasler|White Herb
|-clearnegativeboost|p1b: Sneasler|[silent]
|move|p2a: Magmar|Overheat|p1a: Volcarona
|-damage|p1a: Volcarona|0 fnt
|-unboost|p2a: Magmar|spa|2
|faint|p1a: Volcarona
|
|upkeep
|
|t:|1756377824
|switch|p1a: Primarina|Primarina, L50, M|100/100
|turn|6
|
|t:|1756377844
|move|p1a: Primarina|Protect|p1a: Primarina
|-singleturn|p1a: Primarina|Protect
|move|p2a: Magmar|Follow Me|p2a: Magmar
|-singleturn|p2a: Magmar|move: Follow Me
|move|p1b: Sneasler|Dire Claw|p2a: Magmar
|-damage|p2a: Magmar|0 fnt
|faint|p2a: Magmar
|move|p2b: Sneasler|Dire Claw|p1a: Primarina
|-activate|p1a: Primarina|move: Protect
|
|upkeep
|
|t:|1756377846
|switch|p2a: Kingambit|Kingambit, L50, M|100/100
|turn|7
|
|t:|1756377860
|-terastallize|p1a: Primarina|Poison
|-terastallize|p2a: Kingambit|Dark
|move|p2a: Kingambit|Sucker Punch|p1b: Sneasler
|-resisted|p1b: Sneasler
|-damage|p1b: Sneasler|40/100
|move|p1b: Sneasler|Close Combat|p2a: Kingambit
|-supereffective|p2a: Kingambit
|-damage|p2a: Kingambit|0 fnt
|-unboost|p1b: Sneasler|def|1
|-unboost|p1b: Sneasler|spd|1
|faint|p2a: Kingambit
|move|p2b: Sneasler|Dire Claw|p1a: Primarina
|-resisted|p1a: Primarina
|-damage|p1a: Primarina|70/100
|-status|p1a: Primarina|slp
|cant|p1a: Primarina|slp
|
|upkeep
|turn|8
|
|t:|1756377871
|move|p1b: Sneasler|Dire Claw|p2b: Sneasler
|-resisted|p2b: Sneasler
|-crit|p2b: Sneasler
|-damage|p2b: Sneasler|0 fnt
|faint|p2b: Sneasler
|
|win|DISSSSS
||Frakub is ready for game 2.
||DISSSSS is ready for game 2.
|uhtml|next|Next: Game 2 of 3
|l|☆DISSSSS
|player|p1|
