|j|☆we_are_toasted
|j|☆baggedchikin
|html|we_are_toastedbaggedchikin    
|uhtml|bestof|Game 2 of a best-of-3
|t:|1784651762
|gametype|doubles
|player|p1|we_are_toasted|102|1337
|player|p2|baggedchikin|1|1240
|gen|9
|tier|[Gen 9 Champions] VGC 2026 Reg M-B (Bo3)
|rated|
|rule|Species Clause: Limit one of each Pokémon
|rule|Item Clause: Limit 1 of each item
|clearpoke
|poke|p1|Froslass, L50, F|
|poke|p1|Sneasler, L50, F, shiny|
|poke|p1|Lycanroc-Dusk, L50, M, shiny|
|poke|p1|Basculegion, L50, M|
|poke|p1|Kingambit, L50, M, shiny|
|poke|p1|Scovillain, L50, M, shiny|
|poke|p2|Mawile, L50, M|
|poke|p2|Farigiraf, L50, F|
|poke|p2|Torkoal, L50, M|
|poke|p2|Vivillon-Monsoon, L50, M|
|poke|p2|Incineroar, L50, M|
|poke|p2|Gallade, L50, M|
|teampreview|4
|showteam|p1|Froslass||Froslassite|CursedBody|Blizzard,ShadowBall,AuroraVeil,Protect|Timid||F|||50|]Sneasler||WhiteHerb|Unburden|FakeOut,CloseCombat,GunkShot,Protect|Adamant||F|||50|]Lycanroc-Dusk||FocusSash|ToughClaws|RockSlide,CloseCombat,Accelerock,Protect|Adamant||M|||50|]Basculegion||SitrusBerry|Adaptability|AquaJet,LastRespects,WaveCrash,Protect|Adamant||M|||50|]Kingambit||LifeOrb|Defiant|SuckerPunch,KowtowCleave,SwordsDance,Protect|Adamant||M|||50|]Scovillain||Scovillainite|Moody|GigaDrain,RagePowder,Overheat,Protect|Bold||M|||50|
|showteam|p2|Mawile||Mawilite|HyperCutter|PlayRough,SuckerPunch,RockSlide,Protect|Brave||M|||50|]Farigiraf||SitrusBerry|ArmorTail|Psychic,Thunderbolt,TrickRoom,Protect|Quiet||F|||50|]Torkoal||Charcoal|Drought|Eruption,WeatherBall,HelpingHand,Protect|Quiet||M|||50|]Vivillon-Monsoon||FocusSash|CompoundEyes|Hurricane,SleepPowder,RagePowder,Protect|Timid||M|||50|]Incineroar||LifeOrb|Intimidate|FlareBlitz,DarkestLariat,CloseCombat,FakeOut|Brave||M|||50|]Gallade||IronBall|Sharpness|SacredSword,PsychoCut,LeafBlade,TrickRoom|Brave||M|||50|
|
|t:|1784651799
|teamsize|p1|4
|teamsize|p2|4
|start
|switch|p1a: Kingambit|Kingambit, L50, M, shiny|100/100
|switch|p1b: Scovillain|Scovillain, L50, M, shiny|100/100
|switch|p2a: Incineroar|Incineroar, L50, M|100/100
|switch|p2b: Farigiraf|Farigiraf, L50, F|100/100
|-ability|p2a: Incineroar|Intimidate|boost
|-unboost|p1a: Kingambit|atk|1
|-ability|p1a: Kingambit|Defiant|boost
|-boost|p1a: Kingambit|atk|2
|-unboost|p1b: Scovillain|atk|1
|turn|1
|
|t:|1784651835
|detailschange|p1b: Scovillain|Scovillain-Mega, L50, M, shiny
|-mega|p1b: Scovillain|Scovillain|Scovillainite
|move|p2a: Incineroar|Fake Out|p1a: Kingambit
|-resisted|p1a: Kingambit|1
|-damage|p1a: Kingambit|93/100
|-damage|p2a: Incineroar|90/100|[from] item: Life Orb
|move|p1b: Scovillain|Giga Drain|p2b: Farigiraf
|-damage|p2b: Farigiraf|70/100
|cant|p1a: Kingambit|flinch
|move|p2b: Farigiraf|Trick Room|p2b: Farigiraf
|-fieldstart|move: Trick Room|[of] p2b: Farigiraf
|
|upkeep
|turn|2
|inactive|Battle timer is ON: inactive players will automatically lose when time's up. (requested by we_are_toasted)
|inactive|we_are_toasted has 60 seconds left.
|
|t:|1784651874
|switch|p2a: Torkoal|Torkoal, L50, M|100/100
|-weather|SunnyDay|[from] ability: Drought|[of] p2a: Torkoal
|move|p2b: Farigiraf|Protect|p2b: Farigiraf
|-singleturn|p2b: Farigiraf|Protect
|move|p1a: Kingambit|Kowtow Cleave|p2a: Torkoal
|-damage|p2a: Torkoal|19/100
|-damage|p1a: Kingambit|83/100|[from] item: Life Orb
|move|p1b: Scovillain|Overheat|p2a: Torkoal
|-resisted|p2a: Torkoal|1
|-damage|p2a: Torkoal|0 fnt
|-unboost|p1b: Scovillain|spa|2
|faint|p2a: Torkoal
|
|-weather|SunnyDay|[upkeep]
|upkeep
|
|t:|1784651883
|switch|p2a: Incineroar|Incineroar, L50, M|90/100
|-ability|p2a: Incineroar|Intimidate|boost
|-unboost|p1a: Kingambit|atk|1
|-ability|p1a: Kingambit|Defiant|boost
|-boost|p1a: Kingambit|atk|2
|-unboost|p1b: Scovillain|atk|1
|turn|3
|
|t:|1784651900
|move|p1a: Kingambit|Protect|p1a: Kingambit
|-singleturn|p1a: Kingambit|Protect
|move|p2b: Farigiraf|Protect||[still]
|-fail|p2b: Farigiraf
|move|p1b: Scovillain|Protect|p1b: Scovillain
|-singleturn|p1b: Scovillain|Protect
|move|p2a: Incineroar|Flare Blitz|p1a: Kingambit
|-activate|p1a: Kingambit|move: Protect
|
|-weather|SunnyDay|[upkeep]
|upkeep
|turn|4
|inactive|baggedchikin has 30 seconds left.
|
|t:|1784651929
|switch|p2b: Mawile|Mawile, L50, M|100/100
|move|p1b: Scovillain|Rage Powder|p1b: Scovillain
|-singleturn|p1b: Scovillain|move: Rage Powder
|move|p1a: Kingambit|Kowtow Cleave|p2b: Mawile
|-resisted|p2b: Mawile|1
|-damage|p2b: Mawile|21/100
|-damage|p1a: Kingambit|73/100|[from] item: Life Orb
|move|p2a: Incineroar|Flare Blitz|p1b: Scovillain
|-damage|p1b: Scovillain|0 fnt
|-immune|p2a: Incineroar
|faint|p1b: Scovillain
|-damage|p2a: Incineroar|61/100|[from] Recoil
|-damage|p2a: Incineroar|51/100|[from] item: Life Orb
|
|-weather|SunnyDay|[upkeep]
|upkeep
|
|t:|1784651941
|switch|p1b: Lycanroc|Lycanroc-Dusk, L50, M, shiny|100/100
|turn|5
|
|t:|1784651961
|detailschange|p2b: Mawile|Mawile-Mega, L50, M
|-mega|p2b: Mawile|Mawile|Mawilite
|move|p1a: Kingambit|Protect|p1a: Kingambit
|-singleturn|p1a: Kingambit|Protect
|move|p1b: Lycanroc|Protect|p1b: Lycanroc
|-singleturn|p1b: Lycanroc|Protect
|move|p2b: Mawile|Rock Slide|p1b: Lycanroc|[spread] 
|-activate|p1a: Kingambit|move: Protect
|-activate|p1b: Lycanroc|move: Protect
|move|p2a: Incineroar|Close Combat|p1b: Lycanroc
|-activate|p1b: Lycanroc|move: Protect
|
|-weather|SunnyDay|[upkeep]
|-fieldend|move: Trick Room
|upkeep
|turn|6
|inactive|we_are_toasted has 30 seconds left.
|inactive|baggedchikin has 30 seconds left.
|inactive|we_are_toasted has 20 seconds left.
|
|t:|1784651999
|switch|p2a: Farigiraf|Farigiraf, L50, F|70/100
|move|p2b: Mawile|Protect|p2b: Mawile
|-singleturn|p2b: Mawile|Protect
|move|p1a: Kingambit|Sucker Punch||[still]
|cant|p2a: Farigiraf|ability: Armor Tail|Sucker Punch|[of] p1a: Kingambit
|move|p1b: Lycanroc|Close Combat|p2a: Farigiraf
|-damage|p2a: Farigiraf|20/100y
|-unboost|p1b: Lycanroc|def|1
|-unboost|p1b: Lycanroc|spd|1
|-enditem|p2a: Farigiraf|Sitrus Berry|[eat]
|-heal|p2a: Farigiraf|45/100|[from] item: Sitrus Berry
|
|-weather|none
|upkeep
|turn|7
|
|t:|1784652024
|switch|p2a: Incineroar|Incineroar, L50, M|51/100
|-ability|p2a: Incineroar|Intimidate|boost
|-unboost|p1a: Kingambit|atk|1
|-ability|p1a: Kingambit|Defiant|boost
|-boost|p1a: Kingambit|atk|2
|-unboost|p1b: Lycanroc|atk|1
|move|p1b: Lycanroc|Close Combat|p2b: Mawile
|-damage|p2b: Mawile|0 fnt
|-unboost|p1b: Lycanroc|def|1
|-unboost|p1b: Lycanroc|spd|1
|faint|p2b: Mawile
|move|p1a: Kingambit|Kowtow Cleave|p2a: Incineroar
|-resisted|p2a: Incineroar|1
|-damage|p2a: Incineroar|0 fnt
|faint|p2a: Incineroar
|-damage|p1a: Kingambit|64/100|[from] item: Life Orb
|
|upkeep
|-message|baggedchikin forfeited.
|
|win|we_are_toasted
|l|☆baggedchikin
|player|p2|
||baggedchikin is ready for game 3.
|inactive|we_are_toasted has 30 seconds to confirm battle start!
||we_are_toasted is ready for game 3.
|uhtml|next|Next: Game 3 of 3
