|j|☆TMJS01
|j|☆doorbag
|html|TMJS01doorbag    
|uhtml|bestof|Game 2 of a best-of-3
|t:|1782526980
|gametype|doubles
|player|p1|TMJS01|unknown|1392
|player|p2|doorbag|1|1276
|gen|9
|tier|[Gen 9 Champions] VGC 2026 Reg M-B (Bo3)
|rated|
|rule|Species Clause: Limit one of each Pokémon
|rule|Item Clause: Limit 1 of each item
|clearpoke
|poke|p1|Sinistcha, L50|
|poke|p1|Incineroar, L50, M|
|poke|p1|Garchomp, L50, M|
|poke|p1|Floette-Eternal, L50, F|
|poke|p1|Delphox, L50, F|
|poke|p1|Kingambit, L50, F|
|poke|p2|Maushold-Four, L50|
|poke|p2|Staraptor, L50, F|
|poke|p2|Incineroar, L50, M|
|poke|p2|Sinistcha, L50|
|poke|p2|Ceruledge, L50, F|
|poke|p2|Tsareena, L50, F|
|teampreview|4
|showteam|p1|Sinistcha||KasibBerry|Hospitality|MatchaGotcha,RagePowder,TrickRoom,LifeDew|Relaxed|||||50|]Incineroar||ChopleBerry|Intimidate|ThroatChop,FlareBlitz,PartingShot,FakeOut|Impish||M|||50|]Garchomp||LifeOrb|RoughSkin|ScaleShot,StompingTantrum,Protect,RockTomb|Jolly||M|||50|]Floette-Eternal||Floettite|FlowerVeil|Protect,CalmMind,Moonblast,DazzlingGleam|Modest||F|||50|]Delphox||Delphoxite|Blaze|NastyPlot,HeatWave,Psyshock,Protect|Timid||F|||50|]Kingambit||FocusSash|Defiant|SuckerPunch,IronHead,KowtowCleave,LowKick|Brave||F|||50|
|showteam|p2|Maushold-Four||FocusSash|FriendGuard|FollowMe,Charm,SunnyDay,Protect|Timid|||||50|]Staraptor||Staraptite|Intimidate|CloseCombat,BraveBird,Roost,Protect|Jolly||F|||50|]Incineroar||SitrusBerry|Intimidate|FakeOut,FlareBlitz,ThroatChop,PartingShot|Relaxed||M|||50|]Sinistcha||ColburBerry|Hospitality|RagePowder,MatchaGotcha,LifeDew,Protect|Bold|||||50|]Ceruledge||KasibBerry|FlashFire|SwordsDance,BitterBlade,ShadowSneak,Protect|Adamant||F|||50|]Tsareena||WideLens|QueenlyMajesty|PowerWhip,TripleAxel,HighJumpKick,Protect|Jolly||F|||50|
|inactive|Battle timer is ON: inactive players will automatically lose when time's up. (requested by TMJS01)
|
|t:|1782527000
|teamsize|p1|4
|teamsize|p2|4
|start
|switch|p1a: Incineroar|Incineroar, L50, M|100/100
|switch|p1b: Floette|Floette-Eternal, L50, F|100/100
|switch|p2a: Staraptor|Staraptor, L50, F|100/100
|switch|p2b: Ceruledge|Ceruledge, L50, F|100/100
|-ability|p2a: Staraptor|Intimidate|boost
|-unboost|p1a: Incineroar|atk|1
|-unboost|p1b: Floette|atk|1
|-ability|p1a: Incineroar|Intimidate|boost
|-unboost|p2a: Staraptor|atk|1
|-unboost|p2b: Ceruledge|atk|1
|turn|1
|
|t:|1782527010
|switch|p2a: Incineroar|Incineroar, L50, M|100/100
|-ability|p2a: Incineroar|Intimidate|boost
|-unboost|p1a: Incineroar|atk|1
|-unboost|p1b: Floette|atk|1
|detailschange|p1b: Floette|Floette-Mega, L50, F
|-mega|p1b: Floette|Floette|Floettite
|-ability|p1b: Floette|Fairy Aura
|move|p1b: Floette|Calm Mind|p1b: Floette
|-boost|p1b: Floette|spa|1
|-boost|p1b: Floette|spd|1
|move|p2b: Ceruledge|Swords Dance|p2b: Ceruledge
|-boost|p2b: Ceruledge|atk|2
|move|p1a: Incineroar|Parting Shot|p2b: Ceruledge
|-unboost|p2b: Ceruledge|atk|1
|-unboost|p2b: Ceruledge|spa|1
|
|t:|1782527016
|switch|p1a: Kingambit|Kingambit, L50, F|100/100|[from] Parting Shot
|
|upkeep
|turn|2
|
|t:|1782527029
|move|p2a: Incineroar|Fake Out|p1a: Kingambit
|-resisted|p1a: Kingambit|1
|-damage|p1a: Kingambit|96/100
|move|p1b: Floette|Dazzling Gleam|p2a: Incineroar|[spread] p2a,p2b
|-resisted|p2b: Ceruledge|1
|-damage|p2a: Incineroar|32/100
|-damage|p2b: Ceruledge|67/100
|-enditem|p2a: Incineroar|Sitrus Berry|[eat]
|-heal|p2a: Incineroar|57/100|[from] item: Sitrus Berry
|move|p2b: Ceruledge|Swords Dance|p2b: Ceruledge
|-boost|p2b: Ceruledge|atk|2
|cant|p1a: Kingambit|flinch
|
|upkeep
|turn|3
|
|t:|1782527056
|switch|p1b: Sinistcha|Sinistcha, L50|100/100
|-heal|p1a: Kingambit|100/100|[from] ability: Hospitality|[of] p1b: Sinistcha
|move|p2b: Ceruledge|Protect|p2b: Ceruledge
|-singleturn|p2b: Ceruledge|Protect
|move|p2a: Incineroar|Parting Shot|p1b: Sinistcha
|-unboost|p1b: Sinistcha|atk|1
|-unboost|p1b: Sinistcha|spa|1
|
|t:|1782527067
|switch|p2a: Sinistcha|Sinistcha, L50|100/100|[from] Parting Shot
|-heal|p2b: Ceruledge|91/100|[from] ability: Hospitality|[of] p2a: Sinistcha
|move|p1a: Kingambit|Kowtow Cleave|p2b: Ceruledge
|-activate|p2b: Ceruledge|move: Protect
|
|upkeep
|turn|4
|
|t:|1782527078
|switch|p1b: Incineroar|Incineroar, L50, M|100/100
|-ability|p1b: Incineroar|Intimidate|boost
|-unboost|p2a: Sinistcha|atk|1
|-unboost|p2b: Ceruledge|atk|1
|move|p2a: Sinistcha|Rage Powder|p2a: Sinistcha
|-singleturn|p2a: Sinistcha|move: Rage Powder
|move|p2b: Ceruledge|Bitter Blade|p1a: Kingambit
|-supereffective|p1a: Kingambit|1
|-enditem|p1a: Kingambit|Focus Sash
|-damage|p1a: Kingambit|1/100
|-heal|p2b: Ceruledge|100/100|[from] drain|[of] p1a: Kingambit
|move|p1a: Kingambit|Kowtow Cleave|p2a: Sinistcha
|-supereffective|p2a: Sinistcha|1
|-enditem|p2a: Sinistcha|Colbur Berry|[eat]
|-enditem|p2a: Sinistcha|Colbur Berry|[weaken]
|-damage|p2a: Sinistcha|62/100
|
|upkeep
|turn|5
|inactive|doorbag has 30 seconds left.
|
|t:|1782527104
|move|p2a: Sinistcha|Rage Powder|p2a: Sinistcha
|-singleturn|p2a: Sinistcha|move: Rage Powder
|move|p1a: Kingambit|Sucker Punch||[still]
|-fail|p1a: Kingambit
|move|p2b: Ceruledge|Bitter Blade|p1a: Kingambit
|-supereffective|p1a: Kingambit|1
|-damage|p1a: Kingambit|0 fnt
|faint|p1a: Kingambit
|move|p1b: Incineroar|Throat Chop|p2a: Sinistcha
|-supereffective|p2a: Sinistcha|1
|-damage|p2a: Sinistcha|14/100
|-start|p2a: Sinistcha|Throat Chop|[silent]
|
|upkeep
|
|t:|1782527108
|switch|p1a: Floette|Floette-Mega, L50, F|100/100
|-ability|p1a: Floette|Fairy Aura
|turn|6
|
|t:|1782527124
|switch|p2a: Incineroar|Incineroar, L50, M|57/100
|-ability|p2a: Incineroar|Intimidate|boost
|-unboost|p1a: Floette|atk|1
|-unboost|p1b: Incineroar|atk|1
|move|p1a: Floette|Dazzling Gleam|p2b: Ceruledge|[spread] p2a,p2b
|-resisted|p2b: Ceruledge|1
|-damage|p2a: Incineroar|13/100
|-damage|p2b: Ceruledge|74/100
|move|p2b: Ceruledge|Bitter Blade|p1a: Floette
|-damage|p1a: Floette|35/100
|-heal|p2b: Ceruledge|100/100|[from] drain|[of] p1a: Floette
|move|p1b: Incineroar|Parting Shot|p2b: Ceruledge
|-unboost|p2b: Ceruledge|atk|1
|-unboost|p2b: Ceruledge|spa|1
|
|t:|1782527130
|switch|p1b: Sinistcha|Sinistcha, L50|100/100|[from] Parting Shot
|-heal|p1a: Floette|60/100|[from] ability: Hospitality|[of] p1b: Sinistcha
|
|upkeep
|turn|7
|
|t:|1782527142
|move|p2a: Incineroar|Fake Out|p1a: Floette
|-damage|p1a: Floette|49/100
|cant|p1a: Floette|flinch
|move|p2b: Ceruledge|Swords Dance|p2b: Ceruledge
|-boost|p2b: Ceruledge|atk|2
|move|p1b: Sinistcha|Life Dew||[still]|[spread] p1a,p1b
|-heal|p1a: Floette|74/100
|-fail|p1b: Sinistcha|heal
|
|upkeep
|turn|8
|
|t:|1782527160
|switch|p1b: Incineroar|Incineroar, L50, M|100/100
|-ability|p1b: Incineroar|Intimidate|boost
|-unboost|p2a: Incineroar|atk|1
|-unboost|p2b: Ceruledge|atk|1
|move|p1a: Floette|Dazzling Gleam|p2a: Incineroar|[spread] p2a,p2b
|-resisted|p2b: Ceruledge|1
|-damage|p2a: Incineroar|0 fnt
|-damage|p2b: Ceruledge|76/100
|faint|p2a: Incineroar
|move|p2b: Ceruledge|Bitter Blade|p1a: Floette
|-damage|p1a: Floette|3/100
|-heal|p2b: Ceruledge|100/100|[from] drain|[of] p1a: Floette
|
|upkeep
|
|t:|1782527169
|switch|p2a: Staraptor|Staraptor, L50, F|100/100
|-ability|p2a: Staraptor|Intimidate|boost
|-unboost|p1a: Floette|atk|1
|-unboost|p1b: Incineroar|atk|1
|turn|9
|
|t:|1782527188
|detailschange|p2a: Staraptor|Staraptor-Mega, L50, F
|-mega|p2a: Staraptor|Staraptor|Staraptite
|move|p1a: Floette|Protect|p1a: Floette
|-singleturn|p1a: Floette|Protect
|move|p2b: Ceruledge|Shadow Sneak|p1a: Floette
|-activate|p1a: Floette|move: Protect
|move|p2a: Staraptor|Brave Bird|p1b: Incineroar
|-damage|p1b: Incineroar|53/100
|-damage|p2a: Staraptor|84/100|[from] Recoil
|move|p1b: Incineroar|Parting Shot|p2b: Ceruledge
|-unboost|p2b: Ceruledge|atk|1
|-unboost|p2b: Ceruledge|spa|1
|
|t:|1782527200
|switch|p1b: Sinistcha|Sinistcha, L50|100/100|[from] Parting Shot
|-heal|p1a: Floette|28/100|[from] ability: Hospitality|[of] p1b: Sinistcha
|
|upkeep
|turn|10
|
|t:|1782527210
|move|p2a: Staraptor|Protect|p2a: Staraptor
|-singleturn|p2a: Staraptor|Protect
|move|p1b: Sinistcha|Rage Powder|p1b: Sinistcha
|-singleturn|p1b: Sinistcha|move: Rage Powder
|move|p1a: Floette|Dazzling Gleam|p2b: Ceruledge|[spread] p2b
|-activate|p2a: Staraptor|move: Protect
|-resisted|p2b: Ceruledge|1
|-damage|p2b: Ceruledge|78/100
|move|p2b: Ceruledge|Swords Dance|p2b: Ceruledge
|-boost|p2b: Ceruledge|atk|2
|
|upkeep
|turn|11
|inactive|doorbag has 30 seconds left.
|
|t:|1782527236
|switch|p2a: Sinistcha|Sinistcha, L50|14/100
|-heal|p2b: Ceruledge|100/100|[from] ability: Hospitality|[of] p2a: Sinistcha
|move|p1a: Floette|Dazzling Gleam|p2b: Ceruledge|[spread] p2a,p2b
|-resisted|p2b: Ceruledge|1
|-damage|p2a: Sinistcha|0 fnt
|-damage|p2b: Ceruledge|74/100
|faint|p2a: Sinistcha
|move|p2b: Ceruledge|Bitter Blade|p1a: Floette
|-damage|p1a: Floette|0 fnt
|-heal|p2b: Ceruledge|87/100|[from] drain|[of] p1a: Floette
|faint|p1a: Floette
|move|p1b: Sinistcha|Trick Room|p1b: Sinistcha
|-fieldstart|move: Trick Room|[of] p1b: Sinistcha
|
|upkeep
|
|t:|1782527243
|switch|p2a: Staraptor|Staraptor-Mega, L50, F|84/100
|switch|p1a: Incineroar|Incineroar, L50, M|53/100
|-ability|p1a: Incineroar|Intimidate|boost
|-boost|p2a: Staraptor|atk|1
|-unboost|p2b: Ceruledge|atk|1
|turn|12
|inactive|doorbag has 30 seconds left.
|
|t:|1782527268
|move|p2b: Ceruledge|Protect|p2b: Ceruledge
|-singleturn|p2b: Ceruledge|Protect
|move|p2a: Staraptor|Protect|p2a: Staraptor
|-singleturn|p2a: Staraptor|Protect
|move|p1b: Sinistcha|Life Dew||[still]|[spread] p1a,p1b
|-heal|p1a: Incineroar|78/100
|-fail|p1b: Sinistcha|heal
|move|p1a: Incineroar|Throat Chop|p2b: Ceruledge
|-activate|p2b: Ceruledge|move: Protect
|
|upkeep
|turn|13
|inactive|TMJS01 has 30 seconds left.
|
|t:|1782527300
|move|p1b: Sinistcha|Matcha Gotcha|p2b: Ceruledge|[spread] p2a,p2b
|-resisted|p2a: Staraptor|1
|-resisted|p2b: Ceruledge|1
|-crit|p2b: Ceruledge
|-damage|p2a: Staraptor|72/100
|-damage|p2b: Ceruledge|70/100
|move|p1a: Incineroar|Flare Blitz|p2a: Staraptor
|-damage|p2a: Staraptor|32/100
|-damage|p1a: Incineroar|64/100|[from] Recoil
|move|p2b: Ceruledge|Bitter Blade|p1b: Sinistcha
|-supereffective|p1b: Sinistcha|1
|-damage|p1b: Sinistcha|0 fnt
|-heal|p2b: Ceruledge|100/100|[from] drain|[of] p1b: Sinistcha
|faint|p1b: Sinistcha
|move|p2a: Staraptor|Close Combat|p1a: Incineroar
|-supereffective|p1a: Incineroar|1
|-enditem|p1a: Incineroar|Chople Berry|[eat]
|-enditem|p1a: Incineroar|Chople Berry|[weaken]
|-damage|p1a: Incineroar|0 fnt
|-boost|p2a: Staraptor|def|1
|-boost|p2a: Staraptor|spd|1
|faint|p1a: Incineroar
|
|win|doorbag
||TMJS01 is ready for game 3.
|inactive|doorbag has 30 seconds to confirm battle start!
||doorbag is ready for game 3.
|uhtml|next|Next: Game 3 of 3
|l|☆doorbag
|player|p2|
|l|☆TMJS01
|player|p1|
|j|☆TMJS01
|player|p1|TMJS01|unknown|
