|j|☆Kylliza
|j|☆Whitino
|html|KyllizaWhitino    
|uhtml|bestof|Game 2 of a best-of-3
|t:|1782342413
|gametype|doubles
|player|p1|Kylliza|265|1116
|player|p2|Whitino|n|1040
|gen|9
|tier|[Gen 9 Champions] VGC 2026 Reg M-B (Bo3)
|rated|
|rule|Species Clause: Limit one of each Pokémon
|rule|Item Clause: Limit 1 of each item
|clearpoke
|poke|p1|Blaziken, L50, M|
|poke|p1|Whimsicott, L50, F|
|poke|p1|Incineroar, L50, M|
|poke|p1|Sylveon, L50, M|
|poke|p1|Basculegion, L50, M|
|poke|p1|Froslass, L50, F|
|poke|p2|Vileplume, L50, F|
|poke|p2|Pyroar, L50, M|
|poke|p2|Aerodactyl, L50, M|
|poke|p2|Torkoal, L50, F|
|poke|p2|Farigiraf, L50, F|
|poke|p2|Garchomp, L50, M|
|teampreview|4
|showteam|p1|Blaziken||Blazikenite|SpeedBoost|FlareBlitz,CloseCombat,RockSlide,Protect|Adamant||M|||50|]Whimsicott||FocusSash|Prankster|Moonblast,Tailwind,Encore,Protect|Timid||F|||50|]Incineroar||SitrusBerry|Intimidate|FakeOut,FlareBlitz,ThroatChop,PartingShot|Careful||M|||50|]Sylveon||FairyFeather|Pixilate|HyperVoice,HyperBeam,QuickAttack,Protect|Modest||M|||50|]Basculegion||ChoiceScarf|Adaptability|WaveCrash,LastRespects,AquaJet,FlipTurn|Jolly||M|||50|]Froslass||Froslassite|CursedBody|Blizzard,ShadowBall,AuroraVeil,Protect|Timid||F|||50|
|showteam|p2|Vileplume||FocusSash|Chlorophyll|AfterYou,SludgeBomb,SleepPowder,GigaDrain|Timid||F|||50|]Pyroar||Pyroarite|Unnerve|HeatWave,SolarBeam,Overheat,Protect|Timid||M|||50|]Aerodactyl||Aerodactylite|Unnerve|RockSlide,Tailwind,WideGuard,Protect|Jolly||M|||50|]Torkoal||Charcoal|Drought|Eruption,WeatherBall,SolarBeam,Protect|Quiet||F|||50|]Farigiraf||SitrusBerry|ArmorTail|TwinBeam,TrickRoom,HelpingHand,Protect|Bold||F|||50|]Garchomp||LifeOrb|RoughSkin|Earthquake,DragonClaw,RockSlide,Protect|Jolly||M|||50|
|inactive|Battle timer is ON: inactive players will automatically lose when time's up. (requested by Kylliza)
|
|t:|1782342483
|teamsize|p1|4
|teamsize|p2|4
|start
|switch|p1a: Incineroar|Incineroar, L50, M|100/100
|switch|p1b: Sylveon|Sylveon, L50, M|100/100
|switch|p2a: Pyroar|Pyroar, L50, M|100/100
|switch|p2b: Farigiraf|Farigiraf, L50, F|100/100
|-ability|p2a: Pyroar|Unnerve
|-ability|p1a: Incineroar|Intimidate|boost
|-unboost|p2a: Pyroar|atk|1
|-unboost|p2b: Farigiraf|atk|1
|turn|1
|inactive|Kylliza has 30 seconds left.
|inactive|Kylliza has 20 seconds left.
|inactive|Kylliza has 15 seconds left.
|inactive|Kylliza has 10 seconds left.
|
|t:|1782342531
|detailschange|p2a: Pyroar|Pyroar-Mega, L50, M
|-mega|p2a: Pyroar|Pyroar|Pyroarite
|move|p2b: Farigiraf|Helping Hand|p2a: Pyroar
|-singleturn|p2a: Pyroar|Helping Hand|[of] p2b: Farigiraf
|move|p2a: Pyroar|Heat Wave|p1a: Incineroar|[spread] p1a,p1b
|-resisted|p1a: Incineroar|1
|-damage|p1a: Incineroar|66/100
|-damage|p1b: Sylveon|31/100
|move|p1b: Sylveon|Hyper Voice|p2a: Pyroar|[spread] p2a,p2b
|-resisted|p2a: Pyroar|1
|-damage|p2a: Pyroar|72/100
|-damage|p2b: Farigiraf|53/100
|move|p1a: Incineroar|Throat Chop|p2b: Farigiraf
|-supereffective|p2b: Farigiraf|1
|-damage|p2b: Farigiraf|3/100
|-start|p2b: Farigiraf|Throat Chop|[silent]
|-enditem|p2b: Farigiraf|Sitrus Berry|[eat]
|-heal|p2b: Farigiraf|27/100|[from] item: Sitrus Berry
|
|upkeep
|turn|2
|
|t:|1782342551
|switch|p2b: Torkoal|Torkoal, L50, F|100/100
|-weather|SunnyDay|[from] ability: Drought|[of] p2b: Torkoal
|move|p1b: Sylveon|Protect|p1b: Sylveon
|-singleturn|p1b: Sylveon|Protect
|move|p2a: Pyroar|Heat Wave|p1b: Sylveon|[spread] p1a
|-activate|p1b: Sylveon|move: Protect
|-resisted|p1a: Incineroar|1
|-crit|p1a: Incineroar
|-damage|p1a: Incineroar|20/100y
|-enditem|p1a: Incineroar|Sitrus Berry|[eat]
|-heal|p1a: Incineroar|45/100|[from] item: Sitrus Berry
|move|p1a: Incineroar|Throat Chop|p2b: Torkoal
|-damage|p2b: Torkoal|77/100
|-start|p2b: Torkoal|Throat Chop|[silent]
|
|-weather|SunnyDay|[upkeep]
|upkeep
|turn|3
|inactive|Kylliza has 30 seconds left.
|
|t:|1782342578
|move|p2b: Torkoal|Protect|p2b: Torkoal
|-singleturn|p2b: Torkoal|Protect
|move|p2a: Pyroar|Heat Wave|p1a: Incineroar|[spread] p1a,p1b
|-resisted|p1a: Incineroar|1
|-damage|p1a: Incineroar|12/100
|-damage|p1b: Sylveon|0 fnt
|faint|p1b: Sylveon
|move|p1a: Incineroar|Parting Shot|p2a: Pyroar
|-unboost|p2a: Pyroar|atk|1
|-unboost|p2a: Pyroar|spa|1
|
|t:|1782342593
|switch|p1a: Blaziken|Blaziken, L50, M|100/100|[from] Parting Shot
|
|-weather|SunnyDay|[upkeep]
|-end|p2b: Torkoal|Throat Chop|[silent]
|upkeep
|
|t:|1782342597
|switch|p1b: Incineroar|Incineroar, L50, M|12/100
|-ability|p1b: Incineroar|Intimidate|boost
|-unboost|p2a: Pyroar|atk|1
|-unboost|p2b: Torkoal|atk|1
|turn|4
|inactive|Kylliza has 30 seconds left.
|
|t:|1782342623
|switch|p2b: Farigiraf|Farigiraf, L50, F|27/100
|detailschange|p1a: Blaziken|Blaziken-Mega, L50, M
|-mega|p1a: Blaziken|Blaziken|Blazikenite
|move|p1b: Incineroar|Fake Out||[still]
|cant|p2b: Farigiraf|ability: Armor Tail|Fake Out|[of] p1b: Incineroar
|move|p2a: Pyroar|Heat Wave|p1a: Blaziken|[spread] p1a
|-miss|p2a: Pyroar|p1b: Incineroar
|-resisted|p1a: Blaziken|1
|-damage|p1a: Blaziken|63/100
|move|p1a: Blaziken|Close Combat|p2a: Pyroar
|-supereffective|p2a: Pyroar|1
|-damage|p2a: Pyroar|0 fnt
|-unboost|p1a: Blaziken|def|1
|-unboost|p1a: Blaziken|spd|1
|faint|p2a: Pyroar
|
|-weather|SunnyDay|[upkeep]
|-ability|p1a: Blaziken|Speed Boost|boost
|-boost|p1a: Blaziken|spe|1
|upkeep
|
|t:|1782342642
|switch|p2a: Vileplume|Vileplume, L50, F|100/100
|turn|5
|inactive|Whitino has 30 seconds left.
|inactive|Kylliza has 30 seconds left.
|inactive|Whitino has 20 seconds left.
|inactive|Kylliza has 20 seconds left.
|
|t:|1782342684
|move|p1a: Blaziken|Close Combat|p2b: Farigiraf
|-damage|p2b: Farigiraf|0 fnt
|-unboost|p1a: Blaziken|def|1
|-unboost|p1a: Blaziken|spd|1
|faint|p2b: Farigiraf
|move|p2a: Vileplume|Sleep Powder|p1b: Incineroar
|-status|p1b: Incineroar|slp|[from] move: Sleep Powder
|cant|p1b: Incineroar|slp
|
|-weather|SunnyDay|[upkeep]
|-ability|p1a: Blaziken|Speed Boost|boost
|-boost|p1a: Blaziken|spe|1
|upkeep
|
|t:|1782342695
|switch|p2b: Torkoal|Torkoal, L50, F|77/100
|turn|6
|
|t:|1782342711
|switch|p1a: Basculegion|Basculegion, L50, M|100/100
|move|p2a: Vileplume|After You|p2b: Torkoal
|-activate|p2b: Torkoal|move: After You
|move|p2b: Torkoal|Eruption|p1a: Basculegion|[spread] p1a,p1b
|-resisted|p1a: Basculegion|1
|-resisted|p1b: Incineroar|1
|-damage|p1a: Basculegion|58/100
|-damage|p1b: Incineroar|0 fnt
|faint|p1b: Incineroar
|
|-weather|none
|upkeep
|
|t:|1782342720
|switch|p1b: Blaziken|Blaziken-Mega, L50, M|63/100
|turn|7
|inactive|Whitino has 30 seconds left.
|inactive|Whitino has 20 seconds left.
|inactive|Kylliza has 30 seconds left.
|inactive|Whitino has 15 seconds left.
|inactive|Whitino has 10 seconds left.
|
|t:|1782342769
|move|p2b: Torkoal|Protect|p2b: Torkoal
|-singleturn|p2b: Torkoal|Protect
|move|p1a: Basculegion|Last Respects|p2a: Vileplume
|-enditem|p2a: Vileplume|Focus Sash
|-damage|p2a: Vileplume|1/100
|move|p1b: Blaziken|Flare Blitz|p2a: Vileplume
|-supereffective|p2a: Vileplume|1
|-damage|p2a: Vileplume|0 fnt
|faint|p2a: Vileplume
|-damage|p1b: Blaziken|62/100|[from] Recoil
|
|-ability|p1b: Blaziken|Speed Boost|boost
|-boost|p1b: Blaziken|spe|1
|upkeep
|turn|8
|-message|Whitino forfeited.
|
|win|Kylliza
