|j|☆is_katabo
|j|☆ageil2
|html|is_kataboageil2    
|uhtml|bestof|Game 1 of a best-of-3
|t:|1785286501
|gametype|doubles
|player|p1|is_katabo|youngster-gen4dp|1321
|player|p2|ageil2|266|1393
|gen|9
|tier|[Gen 9 Champions] VGC 2026 Reg M-B (Bo3)
|rated|
|rule|Species Clause: Limit one of each Pokémon
|rule|Item Clause: Limit 1 of each item
|clearpoke
|poke|p1|Tyranitar, L50, F|
|poke|p1|Garchomp, L50, M|
|poke|p1|Incineroar, L50, M|
|poke|p1|Farigiraf, L50, F|
|poke|p1|Milotic, L50, M|
|poke|p1|Houndstone, L50, M|
|poke|p2|Raichu, L50, M|
|poke|p2|Sylveon, L50, F|
|poke|p2|Staraptor, L50, F|
|poke|p2|Incineroar, L50, M|
|poke|p2|Toxapex, L50, F|
|poke|p2|Annihilape, L50, M|
|teampreview|4
|showteam|p1|Tyranitar||ChoiceScarf|SandStream|RockSlide,KnockOff,LowKick,IcePunch|Jolly||F|||50|]Garchomp||Garchompite|RoughSkin|EarthPower,DracoMeteor,PowerGem,Protect|Modest||M|||50|]Incineroar||SitrusBerry|Intimidate|FakeOut,ThroatChop,FlareBlitz,PartingShot|Careful||M|||50|]Farigiraf||ColburBerry|ArmorTail|Psychic,HelpingHand,TrickRoom,Protect|Calm||F|||50|]Milotic||Leftovers|Competitive|Scald,IceBeam,Haze,Protect|Modest||M|||50|]Houndstone||FocusSash|SandRush|Poltergeist,BodyPress,ShadowSneak,Protect|Adamant||M|||50|
|showteam|p2|Raichu||RaichuniteY|LightningRod|ZapCannon,FocusBlast,FakeOut,Protect|Timid||M|||50|]Sylveon||SitrusBerry|Pixilate|HyperVoice,Moonblast,CalmMind,Detect|Modest||F|||50|]Staraptor||Staraptite|Intimidate|CloseCombat,DualWingbeat,Tailwind,Protect|Jolly||F|||50|]Incineroar||PasshoBerry|Intimidate|FakeOut,PartingShot,FlareBlitz,DarkestLariat|Impish||M|||50|]Toxapex||Leftovers|Regenerator|Toxic,Infestation,WideGuard,BanefulBunker|Sassy||F|||50|]Annihilape||ChoiceScarf|Defiant|PhantomForce,CloseCombat,RockSlide,IcePunch|Adamant||M|||50|
|
|t:|1785286599
|teamsize|p1|4
|teamsize|p2|4
|start
|switch|p1a: Farigiraf|Farigiraf, L50, F|100/100
|switch|p1b: Milotic|Milotic, L50, M|100/100
|switch|p2a: Annihilape|Annihilape, L50, M|100/100
|switch|p2b: Raichu|Raichu, L50, M|100/100
|turn|1
|
|t:|1785286635
|detailschange|p2b: Raichu|Raichu-Mega-Y, L50, M
|-mega|p2b: Raichu|Raichu|Raichunite Y
|move|p2a: Annihilape|Close Combat|p1a: Farigiraf
|-crit|p1a: Farigiraf
|-damage|p1a: Farigiraf|8/100
|-unboost|p2a: Annihilape|def|1
|-unboost|p2a: Annihilape|spd|1
|move|p2b: Raichu|Zap Cannon|p1a: Farigiraf
|-damage|p1a: Farigiraf|0 fnt
|faint|p1a: Farigiraf
|move|p1b: Milotic|Scald|p2a: Annihilape
|-damage|p2a: Annihilape|48/100
|
|upkeep
|
|t:|1785286648
|switch|p1a: Garchomp|Garchomp, L50, M|100/100
|turn|2
|
|t:|1785286676
|switch|p2a: Sylveon|Sylveon, L50, F|100/100
|detailschange|p1a: Garchomp|Garchomp-Mega, L50, M
|-mega|p1a: Garchomp|Garchomp|Garchompite
|move|p2b: Raichu|Protect|p2b: Raichu
|-singleturn|p2b: Raichu|Protect
|move|p1b: Milotic|Protect|p1b: Milotic
|-singleturn|p1b: Milotic|Protect
|move|p1a: Garchomp|Earth Power|p2a: Sylveon
|-damage|p2a: Sylveon|60/100
|
|upkeep
|turn|3
|
|t:|1785286698
|switch|p1b: Incineroar|Incineroar, L50, M|100/100
|-ability|p1b: Incineroar|Intimidate|boost
|-unboost|p2a: Sylveon|atk|1
|-unboost|p2b: Raichu|atk|1
|move|p1a: Garchomp|Protect|p1a: Garchomp
|-singleturn|p1a: Garchomp|Protect
|move|p2b: Raichu|Focus Blast|p1a: Garchomp
|-activate|p1a: Garchomp|move: Protect
|move|p2a: Sylveon|Hyper Voice|p1a: Garchomp|[spread] p1b
|-activate|p1a: Garchomp|move: Protect
|-damage|p1b: Incineroar|72/100
|
|upkeep
|turn|4
|
|t:|1785286719
|move|p2b: Raichu|Protect|p2b: Raichu
|-singleturn|p2b: Raichu|Protect
|move|p2a: Sylveon|Detect|p2a: Sylveon
|-singleturn|p2a: Sylveon|Protect
|move|p1a: Garchomp|Earth Power|p2b: Raichu
|-activate|p2b: Raichu|move: Protect
|move|p1b: Incineroar|Throat Chop|p2a: Sylveon
|-activate|p2a: Sylveon|move: Protect
|
|upkeep
|turn|5
|
|t:|1785286730
|move|p2b: Raichu|Focus Blast|p1a: Garchomp
|-damage|p1a: Garchomp|60/100
|move|p1a: Garchomp|Earth Power|p2b: Raichu
|-supereffective|p2b: Raichu|1
|-damage|p2b: Raichu|0 fnt
|faint|p2b: Raichu
|move|p1b: Incineroar|Throat Chop|p2a: Sylveon
|-resisted|p2a: Sylveon|1
|-damage|p2a: Sylveon|42/100
|-start|p2a: Sylveon|Throat Chop|[silent]
|-enditem|p2a: Sylveon|Sitrus Berry|[eat]
|-heal|p2a: Sylveon|66/100|[from] item: Sitrus Berry
|cant|p2a: Sylveon|move: Throat Chop
|
|upkeep
|
|t:|1785286743
|switch|p2b: Annihilape|Annihilape, L50, M|48/100
|turn|6
|
|t:|1785286773
|move|p1a: Garchomp|Protect|p1a: Garchomp
|-singleturn|p1a: Garchomp|Protect
|move|p2b: Annihilape|Close Combat|p1b: Incineroar
|-supereffective|p1b: Incineroar|1
|-damage|p1b: Incineroar|0 fnt
|-unboost|p2b: Annihilape|def|1
|-unboost|p2b: Annihilape|spd|1
|faint|p1b: Incineroar
|move|p2a: Sylveon|Calm Mind|p2a: Sylveon
|-boost|p2a: Sylveon|spa|1
|-boost|p2a: Sylveon|spd|1
|
|-end|p2a: Sylveon|Throat Chop|[silent]
|upkeep
|
|t:|1785286779
|switch|p1b: Milotic|Milotic, L50, M|100/100
|turn|7
|
|t:|1785286795
|move|p2b: Annihilape|Close Combat|p1a: Garchomp
|-damage|p1a: Garchomp|8/100
|-unboost|p2b: Annihilape|def|1
|-unboost|p2b: Annihilape|spd|1
|move|p1a: Garchomp|Earth Power|p2a: Sylveon
|-damage|p2a: Sylveon|42/100
|move|p1b: Milotic|Ice Beam|p2a: Sylveon
|-damage|p2a: Sylveon|28/100
|move|p2a: Sylveon|Moonblast|p1a: Garchomp
|-supereffective|p1a: Garchomp|1
|-damage|p1a: Garchomp|0 fnt
|faint|p1a: Garchomp
|
|upkeep
|turn|8
|-message|is_katabo forfeited.
|
|win|ageil2
||is_katabo is ready for game 2.
||ageil2 is ready for game 2.
|uhtml|next|Next: Game 2 of 3
