|j|☆Skwovetboi
|j|☆LovelyLilypad
|html|SkwovetboiLovelyLilypad    
|uhtml|bestof|Game 1 of a best-of-3
|t:|1757105391
|gametype|doubles
|player|p1|Skwovetboi|turo-ai|
|player|p2|LovelyLilypad|caitlin|
|gen|9
|tier|[Gen 9] VGC 2025 Reg H (Bo3)
|rule|Species Clause: Limit one of each Pokémon
|rule|Item Clause: Limit 1 of each item
|clearpoke
|poke|p1|Weezing-Galar, L50, M|
|poke|p1|Toedscruel, L50, M|
|poke|p1|Greedent, L50, M|
|poke|p1|Typhlosion-Hisui, L50, F|
|poke|p1|Pawmot, L50, M|
|poke|p1|Palafin, L50, M|
|poke|p2|Glaceon, L50, M|
|poke|p2|Yanmega, L50, F|
|poke|p2|Arcanine, L50, F|
|poke|p2|Slowking, L50, M|
|poke|p2|Gallade, L50, M|
|poke|p2|Meowscarada, L50, F|
|teampreview|4
|showteam|p1|Weezing-Galar||ChoiceSpecs|NeutralizingGas|SludgeBomb,StrangeSteam,DazzlingGleam,Flamethrower|||M|||50|,,,,,Grass]Toedscruel||CovertCloak|MyceliumMight|Spore,AcidSpray,RagePowder,EarthPower|||M|||50|,,,,,Water]Greedent||AssaultVest|CheekPouch|KnockOff,DoubleEdge,StompingTantrum,SeedBomb|||M|||50|,,,,,Grass]Typhlosion-Hisui||ChoiceScarf|Blaze|Eruption,ShadowBall,HeatWave,Overheat|||F|||50|,,,,,Fire]Pawmot||FocusSash|NaturalCure|DoubleShock,CloseCombat,Coaching,Protect|||M|||50|,,,,,Electric]Palafin||MysticWater|ZerotoHero|JetPunch,WaveCrash,Taunt,Protect|||M|||50|,,,,,Grass
|showteam|p2|Glaceon||NeverMeltIce|SnowCloak|Protect,Blizzard,FreezeDry,Snowscape|||M|||50|,,,,,Ice]Yanmega||FocusSash|SpeedBoost|Protect,Tailwind,AirSlash,BugBuzz|||F|||50|,,,,,Ghost]Arcanine||SitrusBerry|Intimidate|Protect,FlareBlitz,ExtremeSpeed,Snarl|||F|||50|,,,,,Grass]Slowking||CovertCloak|Oblivious|Scald,Psychic,TrickRoom,ChillyReception|||M|||50|,,,,,Grass]Gallade||LifeOrb|Sharpness|Protect,PsychoCut,SacredSword,LeafBlade|||M|||50|,,,,,Psychic]Meowscarada||ChoiceBand|Protean|FlowerTrick,KnockOff,TripleAxel,Uturn|||F|||50|,,,,,Ghost
|inactive|Battle timer is ON: inactive players will automatically lose when time's up. (requested by Skwovetboi)
|c|☆Skwovetboi|Here's some music: https://www.youtube.com/watch?v=OjKII8zvhvU
|c|☆Skwovetboi|:)
|c|☆LovelyLilypad|thanks!
|inactive|Skwovetboi has 60 seconds left.
|inactive|LovelyLilypad has 60 seconds left.
|c|☆Skwovetboi|You're welcome
|inactive|Skwovetboi has 30 seconds left.
|inactive|LovelyLilypad has 30 seconds left.
|inactive|LovelyLilypad has 20 seconds left.
|inactive|LovelyLilypad has 15 seconds left.
|inactive|LovelyLilypad has 10 seconds left.
|inactiveoff|Battle timer is now OFF.
|
|t:|1757105494
|teamsize|p1|4
|teamsize|p2|4
|start
|switch|p1a: Sinnoy|Toedscruel, L50, M|100/100
|switch|p1b: Gephicka|Weezing-Galar, L50, M|100/100
|switch|p2a: Spinch|Meowscarada, L50, F|100/100
|switch|p2b: BZZT!|Yanmega, L50, F|100/100
|-ability|p1b: Gephicka|Neutralizing Gas
|turn|1
|
|t:|1757105540
|move|p2b: BZZT!|Protect|p2b: BZZT!
|-singleturn|p2b: BZZT!|Protect
|move|p2a: Spinch|Triple Axel|p1a: Sinnoy
|-supereffective|p1a: Sinnoy
|-damage|p1a: Sinnoy|56/100
|-supereffective|p1a: Sinnoy
|-damage|p1a: Sinnoy|0 fnt
|faint|p1a: Sinnoy
|-hitcount|p1: Sinnoy|2
|move|p1b: Gephicka|Dazzling Gleam|p2b: BZZT!|[spread] p2a
|-activate|p2b: BZZT!|move: Protect
|-supereffective|p2a: Spinch
|-damage|p2a: Spinch|0 fnt
|faint|p2a: Spinch
|
|upkeep
|
|t:|1757105560
|switch|p2a: Zero|Gallade, L50, M|100/100
|switch|p1a: TheBusinessPiggy|Pawmot, L50, M|100/100
|turn|2
|
|t:|1757105602
|-terastallize|p2a: Zero|Psychic
|-terastallize|p1b: Gephicka|Grass
|move|p1a: TheBusinessPiggy|Double Shock|p2a: Zero
|-damage|p2a: Zero|0 fnt
|-start|p1a: TheBusinessPiggy|typechange|???/Fighting|[from] move: Double Shock
|faint|p2a: Zero
|move|p2b: BZZT!|Tailwind|p2b: BZZT!
|-sidestart|p2: LovelyLilypad|move: Tailwind
|move|p1b: Gephicka|Dazzling Gleam|p2b: BZZT!
|-damage|p2b: BZZT!|13/100
|
|upkeep
|
|t:|1757105613
|switch|p2a: Dog'shuki|Arcanine, L50, F|100/100
|turn|3
|
|t:|1757105628
|-end|p1b: Gephicka|ability: Neutralizing Gas
|-ability|p2a: Dog'shuki|Intimidate|boost
|-unboost|p1a: TheBusinessPiggy|atk|1
|-unboost|p1b: Gephicka|atk|1
|switch|p1b: Skwovetboi|Greedent, L50, M|100/100
|move|p2b: BZZT!|Air Slash|p1a: TheBusinessPiggy
|-supereffective|p1a: TheBusinessPiggy
|-enditem|p1a: TheBusinessPiggy|Focus Sash
|-damage|p1a: TheBusinessPiggy|1/100
|move|p2a: Dog'shuki|Flare Blitz|p1b: Skwovetboi
|-damage|p1b: Skwovetboi|66/100
|-damage|p2a: Dog'shuki|88/100|[from] Recoil
|move|p1a: TheBusinessPiggy|Coaching|p1b: Skwovetboi
|-boost|p1b: Skwovetboi|atk|1
|-boost|p1b: Skwovetboi|def|1
|
|-ability|p2b: BZZT!|Speed Boost|boost
|-boost|p2b: BZZT!|spe|1
|upkeep
|turn|4
|
|t:|1757105651
|move|p2b: BZZT!|Air Slash|p1b: Skwovetboi
|-damage|p1b: Skwovetboi|42/100
|move|p2a: Dog'shuki|Snarl|p1a: TheBusinessPiggy|[spread] p1a,p1b
|-resisted|p1a: TheBusinessPiggy
|-damage|p1a: TheBusinessPiggy|0 fnt
|-damage|p1b: Skwovetboi|37/100
|-unboost|p1b: Skwovetboi|spa|1
|faint|p1a: TheBusinessPiggy
|cant|p1b: Skwovetboi|flinch
|
|-ability|p2b: BZZT!|Speed Boost|boost
|-boost|p2b: BZZT!|spe|1
|upkeep
|
|t:|1757105662
|switch|p1a: Gephicka|Weezing-Galar, L50, M, tera:Grass|100/100
|-ability|p1a: Gephicka|Neutralizing Gas
|turn|5
|
|t:|1757105696
|move|p2b: BZZT!|Bug Buzz|p1b: Skwovetboi
|-damage|p1b: Skwovetboi|6/100
|move|p2a: Dog'shuki|Flare Blitz|p1b: Skwovetboi
|-damage|p1b: Skwovetboi|0 fnt
|faint|p1b: Skwovetboi
|-damage|p2a: Dog'shuki|86/100|[from] Recoil
|move|p1a: Gephicka|Dazzling Gleam|p2b: BZZT!|[spread] p2a,p2b
|-resisted|p2a: Dog'shuki
|-damage|p2a: Dog'shuki|69/100
|-damage|p2b: BZZT!|0 fnt
|faint|p2b: BZZT!
|
|-sideend|p2: LovelyLilypad|move: Tailwind
|upkeep
|turn|6
|
|t:|1757105708
|move|p2a: Dog'shuki|Flare Blitz|p1a: Gephicka
|-supereffective|p1a: Gephicka
|-damage|p1a: Gephicka|1/100
|-damage|p2a: Dog'shuki|43/100|[from] Recoil
|-enditem|p2a: Dog'shuki|Sitrus Berry|[eat]
|-heal|p2a: Dog'shuki|68/100|[from] item: Sitrus Berry
|move|p1a: Gephicka|Dazzling Gleam|p2a: Dog'shuki
|-resisted|p2a: Dog'shuki
|-damage|p2a: Dog'shuki|44/100
|
|upkeep
|turn|7
|-message|Skwovetboi forfeited.
|
|win|LovelyLilypad
||LovelyLilypad is ready for game 2.
||Skwovetboi is ready for game 2.
|uhtml|next|Next: Game 2 of 3
