|j|☆sweetlysunny
|j|☆zardingit
|html|sweetlysunnyzardingit    
|uhtml|bestof|Game 2 of a best-of-3
|t:|1783748241
|gametype|doubles
|player|p1|sweetlysunny|serena|1216
|player|p2|zardingit|169|1294
|gen|9
|tier|[Gen 9 Champions] VGC 2026 Reg M-B (Bo3)
|rated|
|rule|Species Clause: Limit one of each Pokémon
|rule|Item Clause: Limit 1 of each item
|clearpoke
|poke|p1|Torkoal, L50, F|
|poke|p1|Pyroar, L50, F|
|poke|p1|Vileplume, L50, M|
|poke|p1|Scrafty, L50, M|
|poke|p1|Farigiraf, L50, F|
|poke|p1|Sylveon, L50, M|
|poke|p2|Charizard, L50, F|
|poke|p2|Garchomp, L50, M|
|poke|p2|Venusaur, L50, M|
|poke|p2|Grimmsnarl, L50, M|
|poke|p2|Aegislash, L50, F|
|poke|p2|Farigiraf, L50, M|
|teampreview|4
|showteam|p1|Torkoal||Charcoal|Drought|HeatWave,Eruption,HelpingHand,Protect|Quiet||F|||50|]Pyroar||Pyroarite|Unnerve|HeatWave,Overheat,ScorchingSands,Protect|Timid||F|||50|]Vileplume||FocusSash|Chlorophyll|EnergyBall,SludgeBomb,SleepPowder,AfterYou|Timid||M|||50|]Scrafty||Scraftinite|Intimidate|FakeOut,CloseCombat,PoisonJab,KnockOff|Brave||M|||50|]Farigiraf||SitrusBerry|ArmorTail|HyperVoice,Psychic,HelpingHand,TrickRoom|Bold||F|||50|]Sylveon||FairyFeather|Pixilate|HyperVoice,HyperBeam,QuickAttack,Protect|Quiet||M|||50|
|showteam|p2|Charizard||CharizarditeY|Blaze|WeatherBall,HeatWave,HelpingHand,Protect|Modest||F|||50|]Garchomp||ChoiceScarf|RoughSkin|Earthquake,RockSlide,DragonClaw,StompingTantrum|Adamant||M|||50|]Venusaur||LifeOrb|Chlorophyll|SludgeBomb,LeafStorm,SleepPowder,Protect|Timid||M|||50|]Grimmsnarl||LightClay|Prankster|Reflect,LightScreen,PartingShot,SpiritBreak|Careful||M|||50|]Aegislash||FocusSash|StanceChange|Poltergeist,ShadowSneak,CloseCombat,WideGuard|Adamant||F|||50|]Farigiraf||SitrusBerry|ArmorTail|TrickRoom,TwinBeam,Thunderbolt,Protect|Calm||M|||50|
|inactive|Battle timer is ON: inactive players will automatically lose when time's up. (requested by sweetlysunny)
|
|t:|1783748258
|teamsize|p1|4
|teamsize|p2|4
|start
|switch|p1a: Farigiraf|Farigiraf, L50, F|100/100
|switch|p1b: Scrafty|Scrafty, L50, M|100/100
|switch|p2a: Charizard|Charizard, L50, F|100/100
|switch|p2b: Venusaur|Venusaur, L50, M|100/100
|-ability|p1b: Scrafty|Intimidate|boost
|-unboost|p2a: Charizard|atk|1
|-unboost|p2b: Venusaur|atk|1
|turn|1
|inactive|sweetlysunny has 30 seconds left.
|inactive|sweetlysunny has 20 seconds left.
|
|t:|1783748297
|detailschange|p2a: Charizard|Charizard-Mega-Y, L50, F
|-mega|p2a: Charizard|Charizard|Charizardite Y
|-weather|SunnyDay|[from] ability: Drought|[of] p2a: Charizard
|detailschange|p1b: Scrafty|Scrafty-Mega, L50, M
|-mega|p1b: Scrafty|Scrafty|Scraftinite
|-ability|p1b: Scrafty|Intimidate|boost
|-unboost|p2a: Charizard|atk|1
|-unboost|p2b: Venusaur|atk|1
|move|p1b: Scrafty|Fake Out|p2b: Venusaur
|-damage|p2b: Venusaur|79/100
|cant|p2b: Venusaur|flinch
|move|p2a: Charizard|Heat Wave|p1b: Scrafty|[spread] p1a,p1b
|-damage|p1a: Farigiraf|32/100
|-damage|p1b: Scrafty|45/100
|-enditem|p1a: Farigiraf|Sitrus Berry|[eat]
|-heal|p1a: Farigiraf|57/100|[from] item: Sitrus Berry
|move|p1a: Farigiraf|Trick Room|p1a: Farigiraf
|-fieldstart|move: Trick Room|[of] p1a: Farigiraf
|
|-weather|SunnyDay|[upkeep]
|upkeep
|turn|2
|
|t:|1783748321
|move|p2b: Venusaur|Protect|p2b: Venusaur
|-singleturn|p2b: Venusaur|Protect
|move|p1b: Scrafty|Poison Jab|p2a: Charizard
|-damage|p2a: Charizard|69/100
|-status|p2a: Charizard|psn
|move|p1a: Farigiraf|Hyper Voice|p2b: Venusaur|[spread] p2a
|-activate|p2b: Venusaur|move: Protect
|-damage|p2a: Charizard|44/100 psn
|move|p2a: Charizard|Heat Wave|p1b: Scrafty|[spread] p1a,p1b
|-damage|p1a: Farigiraf|0 fnt
|-damage|p1b: Scrafty|0 fnt
|faint|p1a: Farigiraf
|faint|p1b: Scrafty
|
|-weather|SunnyDay|[upkeep]
|-damage|p2a: Charizard|32/100 psn|[from] psn
|upkeep
|
|t:|1783748333
|switch|p1b: Sylveon|Sylveon, L50, M|100/100
|switch|p1a: Torkoal|Torkoal, L50, F|100/100
|turn|3
|
|t:|1783748340
|switch|p2b: Farigiraf|Farigiraf, L50, M|100/100
|move|p2a: Charizard|Protect|p2a: Charizard
|-singleturn|p2a: Charizard|Protect
|move|p1a: Torkoal|Eruption|p2b: Farigiraf|[spread] p2b
|-activate|p2a: Charizard|move: Protect
|-damage|p2b: Farigiraf|33/100
|-enditem|p2b: Farigiraf|Sitrus Berry|[eat]
|-heal|p2b: Farigiraf|58/100|[from] item: Sitrus Berry
|move|p1b: Sylveon|Hyper Voice|p2b: Farigiraf|[spread] p2b
|-activate|p2a: Charizard|move: Protect
|-damage|p2b: Farigiraf|19/100
|
|-weather|SunnyDay|[upkeep]
|-damage|p2a: Charizard|19/100 psn|[from] psn
|upkeep
|turn|4
|
|t:|1783748364
|move|p2b: Farigiraf|Protect|p2b: Farigiraf
|-singleturn|p2b: Farigiraf|Protect
|move|p1a: Torkoal|Eruption|p2a: Charizard|[spread] p2a
|-activate|p2b: Farigiraf|move: Protect
|-resisted|p2a: Charizard|1
|-damage|p2a: Charizard|0 fnt
|faint|p2a: Charizard
|move|p1b: Sylveon|Hyper Voice|p2b: Farigiraf
|-activate|p2b: Farigiraf|move: Protect
|
|-weather|SunnyDay|[upkeep]
|upkeep
|
|t:|1783748365
|switch|p2a: Venusaur|Venusaur, L50, M|79/100
|turn|5
|
|t:|1783748372
|move|p2a: Venusaur|Protect|p2a: Venusaur
|-singleturn|p2a: Venusaur|Protect
|move|p1a: Torkoal|Eruption|p2a: Venusaur|[spread] p2b
|-activate|p2a: Venusaur|move: Protect
|-damage|p2b: Farigiraf|0 fnt
|faint|p2b: Farigiraf
|move|p1b: Sylveon|Hyper Voice|p2a: Venusaur
|-activate|p2a: Venusaur|move: Protect
|
|-weather|none
|-fieldend|move: Trick Room
|upkeep
|
|t:|1783748374
|switch|p2b: Aegislash|Aegislash, L50, F|100/100
|turn|6
|
|t:|1783748393
|move|p2b: Aegislash|Wide Guard|p2b: Aegislash
|-singleturn|p2b: Aegislash|Wide Guard
|move|p2a: Venusaur|Sludge Bomb|p1b: Sylveon
|-supereffective|p1b: Sylveon|1
|-damage|p1b: Sylveon|29/100
|-damage|p2a: Venusaur|70/100|[from] item: Life Orb
|move|p1b: Sylveon|Hyper Voice|p2b: Aegislash|[spread] 
|-activate|p2a: Venusaur|move: Wide Guard
|-activate|p2b: Aegislash|move: Wide Guard
|move|p1a: Torkoal|Heat Wave|p2a: Venusaur|[spread] 
|-activate|p2a: Venusaur|move: Wide Guard
|-activate|p2b: Aegislash|move: Wide Guard
|
|upkeep
|turn|7
|
|t:|1783748405
|move|p1a: Torkoal|Protect|p1a: Torkoal
|-singleturn|p1a: Torkoal|Protect
|move|p2b: Aegislash|Wide Guard|p2b: Aegislash
|-singleturn|p2b: Aegislash|Wide Guard
|move|p2a: Venusaur|Sludge Bomb|p1b: Sylveon
|-supereffective|p1b: Sylveon|1
|-damage|p1b: Sylveon|0 fnt
|faint|p1b: Sylveon
|-damage|p2a: Venusaur|60/100|[from] item: Life Orb
|
|upkeep
|turn|8
|
|t:|1783748414
|move|p2b: Aegislash|Wide Guard|p2b: Aegislash
|-singleturn|p2b: Aegislash|Wide Guard
|move|p2a: Venusaur|Sludge Bomb|p1a: Torkoal
|-damage|p1a: Torkoal|37/100
|-status|p1a: Torkoal|psn
|-damage|p2a: Venusaur|50/100g|[from] item: Life Orb
|move|p1a: Torkoal|Eruption|p2b: Aegislash|[spread] 
|-activate|p2a: Venusaur|move: Wide Guard
|-activate|p2b: Aegislash|move: Wide Guard
|
|-damage|p1a: Torkoal|25/100 psn|[from] psn
|upkeep
|turn|9
|
|t:|1783748422
|move|p2b: Aegislash|Wide Guard|p2b: Aegislash
|-singleturn|p2b: Aegislash|Wide Guard
|move|p2a: Venusaur|Sludge Bomb|p1a: Torkoal
|-damage|p1a: Torkoal|0 fnt
|faint|p1a: Torkoal
|-damage|p2a: Venusaur|41/100|[from] item: Life Orb
|
|win|zardingit
||zardingit is ready for game 3.
||sweetlysunny is ready for game 3.
|uhtml|next|Next: Game 3 of 3
|l|☆zardingit
|player|p2|
