|j|â˜†endK649
|j|â˜†BalanceBartholomew
|html|endK649BalanceBartholomew    
|uhtml|bestof|Game 1 of a best-of-3
|t:|1756478445
|gametype|doubles
|player|p1|endK649|gambler|1219
|player|p2|BalanceBartholomew|2|1159
|gen|9
|tier|[Gen 9] VGC 2025 Reg H (Bo3)
|rated|
|rule|Species Clause: Limit one of each PokÃ©mon
|rule|Item Clause: Limit 1 of each item
|clearpoke
|poke|p1|Feraligatr, L50, F|
|poke|p1|Gholdengo, L50|
|poke|p1|Politoed, L50, F|
|poke|p1|Rillaboom, L50, F|
|poke|p1|Amoonguss, L50, M|
|poke|p1|Incineroar, L50, F|
|poke|p2|Rillaboom, L50, M|
|poke|p2|Dragonite, L50, M|
|poke|p2|Sneasler, L50, M|
|poke|p2|Ninetales-Alola, L50, F|
|poke|p2|Kingambit, L50, M|
|poke|p2|Magmar, L50, M|
|teampreview|4
|showteam|p1|Feraligatr||LifeOrb|SheerForce|Liquidation,Crunch,DragonDance,Protect|||F|||50|,,,,,Dark]Gholdengo||Leftovers|GoodasGold|MakeItRain,ShadowBall,NastyPlot,Protect||||||50|,,,,,Dragon]Politoed||SitrusBerry|Drizzle|WeatherBall,IcyWind,Haze,Protect|||F|||50|,,,,,Grass]Rillaboom||AssaultVest|GrassySurge|WoodHammer,GrassyGlide,FakeOut,Uturn|||F|||50|,,,,,Fire]Amoonguss||CovertCloak|Regenerator|PollenPuff,Spore,RagePowder,Protect|||M|||50|,,,,,Water]Incineroar||SafetyGoggles|Intimidate|KnockOff,FakeOut,Taunt,PartingShot|||F|||50|,,,,,Ghost
|showteam|p2|Rillaboom||AssaultVest|GrassySurge|WoodHammer,GrassyGlide,HighHorsepower,FakeOut|||M|||50|,,,,,Fire]Dragonite||LoadedDice|Multiscale|Protect,ScaleShot,LowKick,Haze|||M|||50|,,,,,Fairy]Sneasler||WhiteHerb|Unburden|Protect,DireClaw,CloseCombat,Coaching|||M|||50|,,,,,Ghost]Ninetales-Alola||ChoiceSpecs|SnowWarning|Blizzard,IcyWind,Moonblast,FreezeDry|||F|||50|,,,,,Ghost]Kingambit||SafetyGoggles|Defiant|Protect,KowtowCleave,SuckerPunch,SwordsDance|||M|||50|,,,,,Dark]Magmar||Eviolite|VitalSpirit|Protect,FollowMe,Overheat,WillOWisp|||M|||50|,,,,,Dragon
|inactive|Battle timer is ON: inactive players will automatically lose when time's up. (requested by endK649)
|
|t:|1756478490
|teamsize|p1|4
|teamsize|p2|4
|start
|switch|p1a: Rillaboom|Rillaboom, L50, F, shiny|100/100
|switch|p1b: Gholdengo|Gholdengo, L50|100/100
|switch|p2a: Ninetales|Ninetales-Alola, L50, F|100/100
|switch|p2b: Dragonite|Dragonite, L50, M|100/100
|-weather|Snowscape|[from] ability: Snow Warning|[of] p2a: Ninetales
|-fieldstart|move: Grassy Terrain|[from] ability: Grassy Surge|[of] p1a: Rillaboom
|turn|1
|
|t:|1756478509
|-terastallize|p1a: Rillaboom|Fire
|move|p2a: Ninetales|Icy Wind|p1b: Gholdengo|[spread] p1a,p1b
|-resisted|p1a: Rillaboom
|-resisted|p1b: Gholdengo
|-damage|p1a: Rillaboom|93/100
|-damage|p1b: Gholdengo|88/100
|-unboost|p1a: Rillaboom|spe|1
|-unboost|p1b: Gholdengo|spe|1
|move|p2b: Dragonite|Scale Shot|p1a: Rillaboom
|-damage|p1a: Rillaboom|79/100
|-damage|p1a: Rillaboom|66/100
|-damage|p1a: Rillaboom|51/100
|-damage|p1a: Rillaboom|38/100
|-damage|p1a: Rillaboom|23/100
|-hitcount|p1a: Rillaboom|5
|-unboost|p2b: Dragonite|def|1
|-boost|p2b: Dragonite|spe|1
|move|p1b: Gholdengo|Make It Rain|p2b: Dragonite|[spread] p2a,p2b
|-supereffective|p2a: Ninetales
|-damage|p2a: Ninetales|0 fnt
|-damage|p2b: Dragonite|76/100
|-unboost|p1b: Gholdengo|spa|1
|faint|p2a: Ninetales
|move|p1a: Rillaboom|U-turn|p2b: Dragonite
|-resisted|p2b: Dragonite
|-damage|p2b: Dragonite|54/100
|
|t:|1756478531
|switch|p1a: Politoed|Politoed, L50, F|100/100|[from] U-turn
|-weather|RainDance|[from] ability: Drizzle|[of] p1a: Politoed
|
|-weather|RainDance|[upkeep]
|-heal|p1b: Gholdengo|94/100|[from] Grassy Terrain
|-heal|p1b: Gholdengo|100/100|[from] item: Leftovers
|upkeep
|
|t:|1756478536
|switch|p2a: Sneasler|Sneasler, L50, M|100/100
|turn|2
|
|t:|1756478547
|move|p2b: Dragonite|Protect|p2b: Dragonite
|-singleturn|p2b: Dragonite|Protect
|move|p2a: Sneasler|Close Combat|p1a: Politoed
|-damage|p1a: Politoed|22/100
|-unboost|p2a: Sneasler|def|1
|-unboost|p2a: Sneasler|spd|1
|-enditem|p1a: Politoed|Sitrus Berry|[eat]
|-heal|p1a: Politoed|47/100|[from] item: Sitrus Berry
|-enditem|p2a: Sneasler|White Herb
|-clearnegativeboost|p2a: Sneasler|[silent]
|move|p1a: Politoed|Haze|p1a: Politoed
|-clearallboost
|move|p1b: Gholdengo|Nasty Plot|p1b: Gholdengo
|-boost|p1b: Gholdengo|spa|2
|
|-weather|RainDance|[upkeep]
|-heal|p1a: Politoed|53/100|[from] Grassy Terrain
|upkeep
|turn|3
|
|t:|1756478569
|switch|p2b: Kingambit|Kingambit, L50, M|100/100
|move|p1a: Politoed|Protect|p1a: Politoed
|-singleturn|p1a: Politoed|Protect
|move|p2a: Sneasler|Close Combat|p1a: Politoed
|-activate|p1a: Politoed|move: Protect
|move|p1b: Gholdengo|Make It Rain|p2b: Kingambit|[spread] p2a,p2b
|-resisted|p2b: Kingambit
|-damage|p2a: Sneasler|0 fnt
|-damage|p2b: Kingambit|58/100
|-unboost|p1b: Gholdengo|spa|1
|faint|p2a: Sneasler
|
|-weather|RainDance|[upkeep]
|-heal|p1a: Politoed|60/100|[from] Grassy Terrain
|-heal|p2b: Kingambit|64/100|[from] Grassy Terrain
|upkeep
|
|t:|1756478576
|switch|p2a: Dragonite|Dragonite, L50, M|54/100
|turn|4
|
|t:|1756478584
|switch|p1a: Amoonguss|Amoonguss, L50, M, shiny|100/100
|-terastallize|p2b: Kingambit|Dark
|move|p1b: Gholdengo|Protect|p1b: Gholdengo
|-singleturn|p1b: Gholdengo|Protect
|move|p2b: Kingambit|Sucker Punch||[still]
|-fail|p2b: Kingambit
|move|p2a: Dragonite|Scale Shot|p1a: Amoonguss
|-damage|p1a: Amoonguss|89/100
|-damage|p1a: Amoonguss|77/100
|-damage|p1a: Amoonguss|66/100
|-damage|p1a: Amoonguss|53/100
|-hitcount|p1a: Amoonguss|4
|-unboost|p2a: Dragonite|def|1
|-boost|p2a: Dragonite|spe|1
|
|-weather|RainDance|[upkeep]
|-heal|p2b: Kingambit|70/100|[from] Grassy Terrain
|-heal|p1a: Amoonguss|59/100|[from] Grassy Terrain
|upkeep
|turn|5
|inactive|endK649 has 30 seconds left.
|
|t:|1756478609
|move|p1a: Amoonguss|Rage Powder|p1a: Amoonguss
|-singleturn|p1a: Amoonguss|move: Rage Powder
|move|p2b: Kingambit|Sucker Punch|p1b: Gholdengo
|-supereffective|p1b: Gholdengo
|-damage|p1b: Gholdengo|0 fnt
|faint|p1b: Gholdengo
|move|p2a: Dragonite|Scale Shot|p1a: Amoonguss
|-damage|p1a: Amoonguss|46/100
|-damage|p1a: Amoonguss|35/100
|-damage|p1a: Amoonguss|23/100
|-damage|p1a: Amoonguss|10/100
|-damage|p1a: Amoonguss|0 fnt
|faint|p1a: Amoonguss
|-hitcount|p1: Amoonguss|5
|-unboost|p2a: Dragonite|def|1
|-boost|p2a: Dragonite|spe|1
|
|-weather|none
|-heal|p2b: Kingambit|75/100|[from] Grassy Terrain
|-fieldend|move: Grassy Terrain
|upkeep
|
|t:|1756478618
|switch|p1b: Politoed|Politoed, L50, F|60/100
|switch|p1a: Rillaboom|Rillaboom, L50, F, shiny, tera:Fire|23/100
|-weather|RainDance|[from] ability: Drizzle|[of] p1b: Politoed
|-fieldstart|move: Grassy Terrain|[from] ability: Grassy Surge|[of] p1a: Rillaboom
|turn|6
|inactive|endK649 has 30 seconds left.
|
|t:|1756478650
|move|p2a: Dragonite|Protect|p2a: Dragonite
|-singleturn|p2a: Dragonite|Protect
|move|p1b: Politoed|Protect|p1b: Politoed
|-singleturn|p1b: Politoed|Protect
|move|p2b: Kingambit|Protect|p2b: Kingambit
|-singleturn|p2b: Kingambit|Protect
|move|p1a: Rillaboom|Fake Out|p2a: Dragonite
|-activate|p2a: Dragonite|move: Protect
|
|-weather|RainDance|[upkeep]
|-heal|p1b: Politoed|66/100|[from] Grassy Terrain
|-heal|p1a: Rillaboom|29/100|[from] Grassy Terrain
|-heal|p2b: Kingambit|81/100|[from] Grassy Terrain
|upkeep
|turn|7
|inactive|endK649 has 30 seconds left.
|
|t:|1756478677
|move|p1a: Rillaboom|Grassy Glide|p2a: Dragonite
|-resisted|p2a: Dragonite
|-damage|p2a: Dragonite|35/100
|move|p2a: Dragonite|Scale Shot|p1a: Rillaboom|[miss]
|-miss|p2a: Dragonite|p1a: Rillaboom
|move|p1b: Politoed|Haze|p1b: Politoed
|-clearallboost
|move|p2b: Kingambit|Kowtow Cleave|p1a: Rillaboom
|-damage|p1a: Rillaboom|0 fnt
|faint|p1a: Rillaboom
|
|-weather|RainDance|[upkeep]
|-heal|p1b: Politoed|72/100|[from] Grassy Terrain
|-heal|p2b: Kingambit|87/100|[from] Grassy Terrain
|upkeep
|turn|8
|
|t:|1756478688
|move|p2a: Dragonite|Scale Shot|p1b: Politoed
|-damage|p1b: Politoed|53/100
|-damage|p1b: Politoed|34/100
|-damage|p1b: Politoed|15/100
|-damage|p1b: Politoed|0 fnt
|faint|p1b: Politoed
|-hitcount|p1: Politoed|4
|
|win|BalanceBartholomew
||endK649 is ready for game 2.
||BalanceBartholomew is ready for game 2.
|uhtml|next|Next: Game 2 of 3
|l|â˜†BalanceBartholomew
|player|p2|
