|j|☆Alecat
|j|☆nice_flop
|html|Alecatnice_flop    
|uhtml|bestof|Game 1 of a best-of-3
|t:|1757689146
|gametype|doubles
|player|p1|Alecat|scientistf|1180
|player|p2|nice_flop|1|1213
|gen|9
|tier|[Gen 9] VGC 2025 Reg H (Bo3)
|rated|
|rule|Species Clause: Limit one of each Pokémon
|rule|Item Clause: Limit 1 of each item
|clearpoke
|poke|p1|Sneasler, L50, F|
|poke|p1|Magmar, L50, M|
|poke|p1|Rillaboom, L50, M|
|poke|p1|Espathra, L50, F|
|poke|p1|Kingambit, L50, F|
|poke|p1|Arcanine-Hisui, L50, F|
|poke|p2|Malamar, L50, M|
|poke|p2|Rillaboom, L50, M|
|poke|p2|Incineroar, L50, M|
|poke|p2|Primarina, L50, F|
|poke|p2|Pelipper, L50, F|
|poke|p2|Archaludon, L50, M|
|teampreview|4
|showteam|p1|Sneasler||FocusSash|Unburden|FakeOut,CloseCombat,DireClaw,Coaching|||F|||50|,,,,,Ghost]Magmar||Eviolite|VitalSpirit|FollowMe,HeatWave,Taunt,Protect|||M|||50|,,,,,Dragon]Rillaboom||AssaultVest|GrassySurge|FakeOut,WoodHammer,GrassyGlide,HighHorsepower|||M|||50|,,,,,Fire]Espathra||GrassySeed|SpeedBoost|StoredPower,TeraBlast,CalmMind,Protect|||F|||50|,,,,,Fighting]Kingambit||SafetyGoggles|Defiant|KowtowCleave,SuckerPunch,SwordsDance,Protect|||F|||50|,,,,,Dark]Arcanine-Hisui||LoadedDice|Intimidate|FlareBlitz,RockBlast,ExtremeSpeed,Protect|||F|||50|,,,,,Ghost
|showteam|p2|Malamar||SitrusBerry|Contrary|Protect,TopsyTurvy,KnockOff,Superpower|||M|||50|,,,,,Ghost]Rillaboom||MiracleSeed|GrassySurge|Protect,FakeOut,GrassyGlide,WoodHammer|||M|||50|,,,,,Grass]Incineroar||SafetyGoggles|Intimidate|PartingShot,FakeOut,KnockOff,FlareBlitz|||M|||50|,,,,,Ghost]Primarina||Leftovers|LiquidVoice|Protect,TeraBlast,Moonblast,HyperVoice|||F|||50|,,,,,Steel]Pelipper||FocusSash|Drizzle|Protect,Tailwind,WeatherBall,Hurricane|||F|||50|,,,,,Ghost]Archaludon||AssaultVest|Stamina|BodyPress,ElectroShot,FlashCannon,DracoMeteor|||M|||50|,,,,,Fairy
|inactive|Battle timer is ON: inactive players will automatically lose when time's up. (requested by nice_flop)
|inactive|Alecat also wants the timer to be on.
|inactive|Alecat has 60 seconds left.
|inactive|nice_flop has 60 seconds left.
|inactive|nice_flop has 30 seconds left.
|
|t:|1757689209
|teamsize|p1|4
|teamsize|p2|4
|start
|switch|p1a: Magmar|Magmar, L50, M|100/100
|switch|p1b: Espathra|Espathra, L50, F, shiny|100/100
|switch|p2a: Malamar|Malamar, L50, M|100/100
|switch|p2b: Primarina|Primarina, L50, F|100/100
|turn|1
|
|t:|1757689233
|move|p1b: Espathra|Protect|p1b: Espathra
|-singleturn|p1b: Espathra|Protect
|move|p1a: Magmar|Taunt|p2a: Malamar
|-start|p2a: Malamar|move: Taunt
|move|p2a: Malamar|Knock Off|p1a: Magmar
|-damage|p1a: Magmar|67/100
|-enditem|p1a: Magmar|Eviolite|[from] move: Knock Off|[of] p2a: Malamar
|move|p2b: Primarina|Hyper Voice|p1b: Espathra|[spread] p1a
|-activate|p1b: Espathra|move: Protect
|-supereffective|p1a: Magmar
|-damage|p1a: Magmar|0 fnt
|faint|p1a: Magmar
|
|-ability|p1b: Espathra|Speed Boost|boost
|-boost|p1b: Espathra|spe|1
|upkeep
|
|t:|1757689254
|switch|p1a: Sneasler|Sneasler, L50, F|100/100
|turn|2
|
|t:|1757689277
|-terastallize|p1b: Espathra|Fighting
|move|p1a: Sneasler|Fake Out|p2b: Primarina
|-damage|p2b: Primarina|85/100
|move|p1b: Espathra|Calm Mind|p1b: Espathra
|-boost|p1b: Espathra|spa|1
|-boost|p1b: Espathra|spd|1
|move|p2a: Malamar|Knock Off|p1b: Espathra
|-resisted|p1b: Espathra
|-crit|p1b: Espathra
|-damage|p1b: Espathra|75/100
|-enditem|p1b: Espathra|Grassy Seed|[from] move: Knock Off|[of] p2a: Malamar
|cant|p2b: Primarina|flinch
|
|-heal|p2b: Primarina|91/100|[from] item: Leftovers
|-ability|p1b: Espathra|Speed Boost|boost
|-boost|p1b: Espathra|spe|1
|upkeep
|turn|3
|inactive|nice_flop has 30 seconds left.
|
|t:|1757689309
|-terastallize|p2b: Primarina|Steel
|move|p1b: Espathra|Tera Blast|p2a: Malamar|[anim] Tera Blast Fighting
|-damage|p2a: Malamar|53/100
|move|p1a: Sneasler|Coaching|p1b: Espathra
|-boost|p1b: Espathra|atk|1
|-boost|p1b: Espathra|def|1
|move|p2a: Malamar|Superpower|p1a: Sneasler
|-resisted|p1a: Sneasler
|-damage|p1a: Sneasler|80/100
|-boost|p2a: Malamar|atk|1
|-boost|p2a: Malamar|def|1
|move|p2b: Primarina|Moonblast|p1b: Espathra
|-supereffective|p1b: Espathra
|-damage|p1b: Espathra|0 fnt
|faint|p1b: Espathra
|
|-heal|p2b: Primarina|97/100|[from] item: Leftovers
|-end|p2a: Malamar|move: Taunt
|upkeep
|
|t:|1757689328
|switch|p1b: Rillaboom|Rillaboom, L50, M|100/100
|-fieldstart|move: Grassy Terrain|[from] ability: Grassy Surge|[of] p1b: Rillaboom
|turn|4
|
|t:|1757689339
|move|p2a: Malamar|Protect|p2a: Malamar
|-singleturn|p2a: Malamar|Protect
|move|p2b: Primarina|Protect|p2b: Primarina
|-singleturn|p2b: Primarina|Protect
|move|p1b: Rillaboom|Fake Out|p2a: Malamar
|-activate|p2a: Malamar|move: Protect
|move|p1a: Sneasler|Dire Claw|p2a: Malamar
|-activate|p2a: Malamar|move: Protect
|
|-heal|p1a: Sneasler|86/100|[from] Grassy Terrain
|-heal|p2a: Malamar|59/100|[from] Grassy Terrain
|-heal|p2b: Primarina|100/100|[from] Grassy Terrain
|upkeep
|turn|5
|inactive|nice_flop has 30 seconds left.
|
|t:|1757689370
|move|p1a: Sneasler|Close Combat|p2b: Primarina
|-supereffective|p2b: Primarina
|-damage|p2b: Primarina|0 fnt
|-unboost|p1a: Sneasler|def|1
|-unboost|p1a: Sneasler|spd|1
|faint|p2b: Primarina
|move|p1b: Rillaboom|Wood Hammer|p2a: Malamar
|-damage|p2a: Malamar|3/100
|-enditem|p2a: Malamar|Sitrus Berry|[eat]
|-heal|p2a: Malamar|28/100|[from] item: Sitrus Berry
|-damage|p1b: Rillaboom|83/100|[from] Recoil
|move|p2a: Malamar|Superpower|p1a: Sneasler
|-resisted|p1a: Sneasler
|-damage|p1a: Sneasler|39/100
|-boost|p2a: Malamar|atk|1
|-boost|p2a: Malamar|def|1
|
|-heal|p1a: Sneasler|45/100|[from] Grassy Terrain
|-heal|p1b: Rillaboom|89/100|[from] Grassy Terrain
|-heal|p2a: Malamar|34/100|[from] Grassy Terrain
|upkeep
|inactive|nice_flop has 30 seconds left.
|
|t:|1757689402
|switch|p2b: Pelipper|Pelipper, L50, F|100/100
|-weather|RainDance|[from] ability: Drizzle|[of] p2b: Pelipper
|turn|6
|
|t:|1757689413
|move|p2a: Malamar|Protect|p2a: Malamar
|-singleturn|p2a: Malamar|Protect
|move|p1a: Sneasler|Dire Claw|p2b: Pelipper
|-damage|p2b: Pelipper|59/100
|-status|p2b: Pelipper|par
|move|p1b: Rillaboom|Wood Hammer|p2a: Malamar
|-activate|p2a: Malamar|move: Protect
|move|p2b: Pelipper|Hurricane|p1a: Sneasler
|-supereffective|p1a: Sneasler
|-damage|p1a: Sneasler|0 fnt
|faint|p1a: Sneasler
|
|-weather|RainDance|[upkeep]
|-heal|p1b: Rillaboom|95/100|[from] Grassy Terrain
|-heal|p2a: Malamar|41/100|[from] Grassy Terrain
|upkeep
|turn|7
|
|t:|1757689437
|move|p1b: Rillaboom|Wood Hammer|p2a: Malamar
|-damage|p2a: Malamar|0 fnt
|faint|p2a: Malamar
|-damage|p1b: Rillaboom|83/100|[from] Recoil
|cant|p2b: Pelipper|par
|
|-weather|RainDance|[upkeep]
|-heal|p1b: Rillaboom|88/100|[from] Grassy Terrain
|upkeep
|
|t:|1757689448
|switch|p2a: Archaludon|Archaludon, L50, M|100/100
|turn|8
|
|t:|1757689456
|move|p1b: Rillaboom|Wood Hammer|p2b: Pelipper
|-damage|p2b: Pelipper|0 fnt
|faint|p2b: Pelipper
|-damage|p1b: Rillaboom|73/100|[from] Recoil
|move|p2a: Archaludon|Body Press|p1b: Rillaboom
|-damage|p1b: Rillaboom|50/100
|
|-weather|RainDance|[upkeep]
|-heal|p1b: Rillaboom|56/100|[from] Grassy Terrain
|-fieldend|move: Grassy Terrain
|upkeep
|turn|9
|
|t:|1757689476
|move|p1b: Rillaboom|High Horsepower|p2a: Archaludon
|-supereffective|p2a: Archaludon
|-damage|p2a: Archaludon|47/100
|-ability|p2a: Archaludon|Stamina|boost
|-boost|p2a: Archaludon|def|1
|move|p2a: Archaludon|Body Press|p1b: Rillaboom
|-damage|p1b: Rillaboom|26/100
|
|-weather|RainDance|[upkeep]
|upkeep
|turn|10
|
|t:|1757689487
|move|p1b: Rillaboom|High Horsepower|p2a: Archaludon
|-supereffective|p2a: Archaludon
|-damage|p2a: Archaludon|7/100
|-ability|p2a: Archaludon|Stamina|boost
|-boost|p2a: Archaludon|def|1
|move|p2a: Archaludon|Body Press|p1b: Rillaboom
|-damage|p1b: Rillaboom|0 fnt
|faint|p1b: Rillaboom
|
|win|nice_flop
||Alecat is ready for game 2.
|inactive|nice_flop has 30 seconds to confirm battle start!
||nice_flop is ready for game 2.
|uhtml|next|Next: Game 2 of 3
