|j|☆monsoonisbest
|j|☆ejfwhjfhewj
|html|monsoonisbestejfwhjfhewj    
|uhtml|bestof|Game 2 of a best-of-3
|t:|1783804751
|gametype|doubles
|player|p1|monsoonisbest|101|1174
|player|p2|ejfwhjfhewj|266|1136
|gen|9
|tier|[Gen 9 Champions] VGC 2026 Reg M-B (Bo3)
|rated|
|rule|Species Clause: Limit one of each Pokémon
|rule|Item Clause: Limit 1 of each item
|clearpoke
|poke|p1|Gengar, L50, F|
|poke|p1|Incineroar, L50, M|
|poke|p1|Politoed, L50, F, shiny|
|poke|p1|Archaludon, L50, M|
|poke|p1|Vivillon, L50, M|
|poke|p1|Swampert, L50, M|
|poke|p2|Whimsicott, L50, F|
|poke|p2|Staraptor, L50, F|
|poke|p2|Charizard, L50, F|
|poke|p2|Basculegion, L50, M|
|poke|p2|Garchomp, L50, M|
|poke|p2|Sylveon, L50, F|
|teampreview|4
|showteam|p1|Gengar||Gengarite|CursedBody|ShadowBall,SludgeBomb,PerishSong,Protect|Timid||F|||50|]Incineroar||PasshoBerry|Intimidate|PartingShot,DarkestLariat,Protect,FakeOut|Sassy||M|||50|]Politoed||SitrusBerry|Drizzle|WeatherBall,PerishSong,Encore,Protect|Calm||F|||50|]Archaludon||Leftovers|Stamina|DragonPulse,FlashCannon,ElectroShot,Protect|Bold||M|||50|]Vivillon||FocusSash|CompoundEyes|Hurricane,SleepPowder,RagePowder,Protect|Timid||M|||50|]Swampert||Swampertite|Torrent|WaveCrash,IcePunch,Earthquake,Protect|Adamant||M|||50|
|showteam|p2|Whimsicott||FocusSash|Prankster|Moonblast,Tailwind,Encore,Charm|Timid||F|||50|]Staraptor||Staraptite|Intimidate|Protect,CloseCombat,BraveBird,Roost|Jolly||F|||50|]Charizard||CharizarditeY|Blaze|HeatWave,SolarBeam,WeatherBall,Protect|Timid||F|||50|]Basculegion||ChoiceScarf|Adaptability|LastRespects,FlipTurn,WaveCrash,AquaJet|Jolly||M|||50|]Garchomp||LifeOrb|RoughSkin|DragonClaw,Protect,RockSlide,Earthquake|Jolly||M|||50|]Sylveon||FairyFeather|Pixilate|HyperVoice,QuickAttack,HyperBeam,Detect|Modest||F|||50|
|
|t:|1783804784
|teamsize|p1|4
|teamsize|p2|4
|start
|switch|p1a: Incineroar|Incineroar, L50, M|100/100
|switch|p1b: Politoed|Politoed, L50, F, shiny|100/100
|switch|p2a: Whimsicott|Whimsicott, L50, F|100/100
|switch|p2b: Garchomp|Garchomp, L50, M|100/100
|-weather|RainDance|[from] ability: Drizzle|[of] p1b: Politoed
|-ability|p1a: Incineroar|Intimidate|boost
|-unboost|p2a: Whimsicott|atk|1
|-unboost|p2b: Garchomp|atk|1
|turn|1
|
|t:|1783804803
|move|p2a: Whimsicott|Tailwind|p2a: Whimsicott
|-sidestart|p2: ejfwhjfhewj|move: Tailwind
|move|p2b: Garchomp|Earthquake|p1a: Incineroar|[spread] p2a,p1a,p1b
|-resisted|p2a: Whimsicott|1
|-supereffective|p1a: Incineroar|1
|-damage|p2a: Whimsicott|79/100
|-damage|p1a: Incineroar|45/100
|-damage|p1b: Politoed|69/100
|-damage|p2b: Garchomp|90/100|[from] item: Life Orb
|move|p1b: Politoed|Perish Song|p1b: Politoed
|-start|p1a: Incineroar|perish3|[silent]
|-start|p1b: Politoed|perish3|[silent]
|-start|p2a: Whimsicott|perish3|[silent]
|-start|p2b: Garchomp|perish3|[silent]
|-fieldactivate|move: Perish Song
|move|p1a: Incineroar|Parting Shot|p2a: Whimsicott
|-unboost|p2a: Whimsicott|atk|1
|-unboost|p2a: Whimsicott|spa|1
|
|t:|1783804808
|switch|p1a: Gengar|Gengar, L50, F|100/100|[from] Parting Shot
|
|-weather|RainDance|[upkeep]
|-start|p2a: Whimsicott|perish3
|-start|p2b: Garchomp|perish3
|-start|p1b: Politoed|perish3
|upkeep
|turn|2
|
|t:|1783804850
|switch|p1b: Incineroar|Incineroar, L50, M|45/100
|-ability|p1b: Incineroar|Intimidate|boost
|-unboost|p2a: Whimsicott|atk|1
|-unboost|p2b: Garchomp|atk|1
|detailschange|p1a: Gengar|Gengar-Mega, L50, F
|-mega|p1a: Gengar|Gengar|Gengarite
|move|p1a: Gengar|Protect|p1a: Gengar
|-singleturn|p1a: Gengar|Protect
|move|p2a: Whimsicott|Moonblast|p1b: Incineroar
|-damage|p1b: Incineroar|33/100
|move|p2b: Garchomp|Earthquake|p1a: Gengar|[spread] p2a,p1b
|-activate|p1a: Gengar|move: Protect
|-resisted|p2a: Whimsicott|1
|-supereffective|p1b: Incineroar|1
|-damage|p2a: Whimsicott|63/100
|-damage|p1b: Incineroar|0 fnt
|faint|p1b: Incineroar
|-damage|p2b: Garchomp|80/100|[from] item: Life Orb
|
|-weather|RainDance|[upkeep]
|-start|p2a: Whimsicott|perish2
|-start|p2b: Garchomp|perish2
|upkeep
|
|t:|1783804869
|switch|p1b: Vivillon|Vivillon, L50, M|100/100
|turn|3
|
|t:|1783804879
|move|p1a: Gengar|Protect||[still]
|-fail|p1a: Gengar
|move|p2a: Whimsicott|Moonblast|p1a: Gengar
|-resisted|p1a: Gengar|1
|-damage|p1a: Gengar|90/100
|move|p2b: Garchomp|Earthquake|p1a: Gengar|[spread] p2a,p1a
|-immune|p1b: Vivillon
|-resisted|p2a: Whimsicott|1
|-supereffective|p1a: Gengar|1
|-damage|p2a: Whimsicott|48/100
|-damage|p1a: Gengar|32/100
|-damage|p2b: Garchomp|70/100|[from] item: Life Orb
|move|p1b: Vivillon|Sleep Powder|p2b: Garchomp
|-status|p2b: Garchomp|slp|[from] move: Sleep Powder
|
|-weather|RainDance|[upkeep]
|-start|p2a: Whimsicott|perish1
|-start|p2b: Garchomp|perish1
|upkeep
|turn|4
|
|t:|1783804903
|move|p1a: Gengar|Protect|p1a: Gengar
|-singleturn|p1a: Gengar|Protect
|move|p1b: Vivillon|Protect|p1b: Vivillon
|-singleturn|p1b: Vivillon|Protect
|move|p2a: Whimsicott|Moonblast|p1b: Vivillon
|-activate|p1b: Vivillon|move: Protect
|cant|p2b: Garchomp|slp
|
|-weather|RainDance|[upkeep]
|-start|p2a: Whimsicott|perish0
|-start|p2b: Garchomp|perish0
|-sideend|p2: ejfwhjfhewj|move: Tailwind
|faint|p2a: Whimsicott
|faint|p2b: Garchomp
|upkeep
|
|t:|1783804916
|switch|p2a: Staraptor|Staraptor, L50, F|100/100
|switch|p2b: Sylveon|Sylveon, L50, F|100/100
|-ability|p2a: Staraptor|Intimidate|boost
|-unboost|p1a: Gengar|atk|1
|-unboost|p1b: Vivillon|atk|1
|turn|5
|
|t:|1783804944
|switch|p1a: Politoed|Politoed, L50, F, shiny|69/100
|detailschange|p2a: Staraptor|Staraptor-Mega, L50, F
|-mega|p2a: Staraptor|Staraptor|Staraptite
|move|p2a: Staraptor|Brave Bird|p1a: Politoed
|-damage|p1a: Politoed|8/100
|-enditem|p1a: Politoed|Sitrus Berry|[eat]
|-heal|p1a: Politoed|33/100|[from] item: Sitrus Berry
|-damage|p2a: Staraptor|75/100|[from] Recoil
|move|p1b: Vivillon|Sleep Powder|p2a: Staraptor
|-status|p2a: Staraptor|slp|[from] move: Sleep Powder
|move|p2b: Sylveon|Hyper Voice|p1b: Vivillon|[spread] p1a,p1b
|-crit|p1b: Vivillon
|-damage|p1a: Politoed|0 fnt
|-enditem|p1b: Vivillon|Focus Sash
|-damage|p1b: Vivillon|1/100
|faint|p1a: Politoed
|
|-weather|none
|upkeep
|
|t:|1783804956
|switch|p1a: Gengar|Gengar-Mega, L50, F|32/100
|turn|6
|
|t:|1783804969
|cant|p2a: Staraptor|slp
|move|p1b: Vivillon|Protect|p1b: Vivillon
|-singleturn|p1b: Vivillon|Protect
|move|p1a: Gengar|Sludge Bomb|p2b: Sylveon
|-supereffective|p2b: Sylveon|1
|-damage|p2b: Sylveon|27/100
|-status|p2b: Sylveon|psn
|move|p2b: Sylveon|Hyper Voice|p1a: Gengar|[spread] p1a
|-activate|p1b: Vivillon|move: Protect
|-resisted|p1a: Gengar|1
|-damage|p1a: Gengar|9/100
|
|-damage|p2b: Sylveon|15/100 psn|[from] psn
|upkeep
|turn|7
|
|t:|1783804990
|-curestatus|p2a: Staraptor|slp|[msg]
|move|p2a: Staraptor|Protect|p2a: Staraptor
|-singleturn|p2a: Staraptor|Protect
|move|p2b: Sylveon|Quick Attack|p1a: Gengar
|-resisted|p1a: Gengar|1
|-damage|p1a: Gengar|1/100
|move|p1a: Gengar|Sludge Bomb|p2b: Sylveon
|-supereffective|p2b: Sylveon|1
|-damage|p2b: Sylveon|0 fnt
|faint|p2b: Sylveon
|move|p1b: Vivillon|Hurricane|p2a: Staraptor
|-activate|p2a: Staraptor|move: Protect
|
|upkeep
|turn|8
|
|t:|1783805008
|move|p2a: Staraptor|Close Combat|p1b: Vivillon
|-resisted|p1b: Vivillon|2
|-damage|p1b: Vivillon|0 fnt
|-boost|p2a: Staraptor|def|1
|-boost|p2a: Staraptor|spd|1
|faint|p1b: Vivillon
|move|p1a: Gengar|Sludge Bomb|p2a: Staraptor
|-damage|p2a: Staraptor|32/100
|
|upkeep
|turn|9
|
|t:|1783805018
|move|p2a: Staraptor|Brave Bird|p1a: Gengar
|-damage|p1a: Gengar|0 fnt
|faint|p1a: Gengar
|-damage|p2a: Staraptor|32/100|[from] Recoil
|
|win|ejfwhjfhewj
|raw|monsoonisbest's rating: 1174 → 1146(-28 for losing)
|raw|ejfwhjfhewj's rating: 1136 → 1164(+28 for winning)
