|j|â˜†ropplebees
|j|â˜†upfrontsalt
|html|ropplebeesupfrontsalt    
|uhtml|bestof|Game 2 of a best-of-3
|t:|1783302017
|gametype|doubles
|player|p1|ropplebees|n|
|player|p2|upfrontsalt|wattson|
|gen|9
|tier|[Gen 9 Champions] VGC 2026 Reg M-B (Bo3)
|rule|Species Clause: Limit one of each PokÃ©mon
|rule|Item Clause: Limit 1 of each item
|clearpoke
|poke|p1|Charizard, L50, F, shiny|
|poke|p1|Blastoise, L50, F, shiny|
|poke|p1|Garchomp, L50, F, shiny|
|poke|p1|Krookodile, L50, F, shiny|
|poke|p1|Aerodactyl, L50, F, shiny|
|poke|p1|Rotom-Wash, L50, shiny|
|poke|p2|Primarina, L50, F|
|poke|p2|Lucario, L50, F|
|poke|p2|Goodra-Hisui, L50, M, shiny|
|poke|p2|Sandaconda, L50, F, shiny|
|poke|p2|Sinistcha, L50|
|poke|p2|Hydreigon, L50, M, shiny|
|teampreview|4
|showteam|p1|Charizard||CharizarditeY|Blaze|HeatWave,AncientPower,SolarBeam,Protect|Timid||F|||50|]Blastoise||Blastoisinite|Torrent|FakeOut,WaterSpout,AuraSphere,IcyWind|Modest||F|||50|]Garchomp||LifeOrb|RoughSkin|StompingTantrum,DragonClaw,PoisonJab,Protect|Jolly||F|||50|]Krookodile||ExpertBelt|Intimidate|KnockOff,HighHorsepower,GunkShot,Protect|Jolly||F|||50|]Aerodactyl||FocusSash|Unnerve|WideGuard,Tailwind,RockSlide,Earthquake|Jolly||F|||50|]Rotom-Wash||LightClay|Levitate|Electroweb,VoltSwitch,HydroPump,LightScreen|Modest|||||50|
|showteam|p2|Primarina||ExpertBelt|LiquidVoice|HyperVoice,Moonblast,EnergyBall,Protect|Modest||F|||50|]Lucario||Lucarionite|Justified|CloseCombat,RockSlide,Protect,BulletPunch|Jolly||F|||50|]Goodra-Hisui||SitrusBerry|Gooey|Feint,IceBeam,DracoMeteor,Counter|Modest||M|||50|]Sandaconda||Leftovers|SandSpit|HighHorsepower,Coil,BodyPress,RockBlast|Careful||F|||50|]Sinistcha||OccaBerry|Hospitality|MatchaGotcha,ShadowBall,RagePowder,Protect|Calm|||||50|]Hydreigon||ChoiceScarf|Levitate|Flamethrower,DracoMeteor,DarkPulse,Uturn|Modest||M|||50|
|j| Whim5
|
|t:|1783302209
|teamsize|p1|4
|teamsize|p2|4
|start
|switch|p1a: CaptivatingSkandha|Blastoise, L50, F, shiny|100/100
|switch|p1b: Idle Death Gamble|Aerodactyl, L50, F, shiny|100/100
|switch|p2a: Azi Dahaka|Hydreigon, L50, M, shiny|100/100
|switch|p2b: Punch Merchant|Lucario, L50, F|100/100
|-ability|p1b: Idle Death Gamble|Unnerve
|turn|1
|
|t:|1783302337
|detailschange|p2b: Punch Merchant|Lucario-Mega, L50, F
|-mega|p2b: Punch Merchant|Lucario|Lucarionite
|move|p1a: CaptivatingSkandha|Fake Out|p2a: Azi Dahaka
|-damage|p2a: Azi Dahaka|91/100
|move|p2b: Punch Merchant|Bullet Punch|p1b: Idle Death Gamble
|-supereffective|p1b: Idle Death Gamble|1
|-damage|p1b: Idle Death Gamble|1/100
|cant|p2a: Azi Dahaka|flinch
|move|p1b: Idle Death Gamble|Tailwind|p1b: Idle Death Gamble
|-sidestart|p1: ropplebees|move: Tailwind
|
|upkeep
|turn|2
|j| Moose32
|c|â˜†ropplebees|heads up trav is helping their mom out at the airport while communicating with me, so our turns might take slightly longer
|c|â˜†upfrontsalt|Alright
|j| mundie mudsnapper
|
|t:|1783302963
|switch|p2a: NANOYO|Primarina, L50, F|100/100
|move|p2b: Punch Merchant|Bullet Punch|p1b: Idle Death Gamble
|-supereffective|p1b: Idle Death Gamble|1
|-damage|p1b: Idle Death Gamble|0 fnt
|faint|p1b: Idle Death Gamble
|move|p1a: CaptivatingSkandha|Aura Sphere|p2a: NANOYO
|-resisted|p2a: NANOYO|1
|-damage|p2a: NANOYO|90/100
|
|upkeep
|
|t:|1783303064
|switch|p1b: Malevolent Shrine|Garchomp, L50, F, shiny|100/100
|turn|3
|
|t:|1783303163
|switch|p2b: Fruit Punch|Sinistcha, L50|100/100
|-heal|p2a: NANOYO|100/100|[from] ability: Hospitality|[of] p2b: Fruit Punch
|move|p2a: NANOYO|Protect|p2a: NANOYO
|-singleturn|p2a: NANOYO|Protect
|move|p1b: Malevolent Shrine|Poison Jab|p2a: NANOYO
|-activate|p2a: NANOYO|move: Protect
|move|p1a: CaptivatingSkandha|Aura Sphere|p2b: Fruit Punch
|-immune|p2b: Fruit Punch
|
|upkeep
|turn|4
|
|t:|1783303394
|switch|p1a: IronMountainCoffin|Charizard, L50, F, shiny|100/100
|move|p1b: Malevolent Shrine|Protect|p1b: Malevolent Shrine
|-singleturn|p1b: Malevolent Shrine|Protect
|move|p2b: Fruit Punch|Rage Powder|p2b: Fruit Punch
|-singleturn|p2b: Fruit Punch|move: Rage Powder
|move|p2a: NANOYO|Moonblast|p1b: Malevolent Shrine
|-activate|p1b: Malevolent Shrine|move: Protect
|
|-sideend|p1: ropplebees|move: Tailwind
|upkeep
|turn|5
|
|t:|1783303505
|detailschange|p1a: IronMountainCoffin|Charizard-Mega-Y, L50, F, shiny
|-mega|p1a: IronMountainCoffin|Charizard|Charizardite Y
|-weather|SunnyDay|[from] ability: Drought|[of] p1a: IronMountainCoffin
|move|p2b: Fruit Punch|Rage Powder|p2b: Fruit Punch
|-singleturn|p2b: Fruit Punch|move: Rage Powder
|move|p1b: Malevolent Shrine|Poison Jab|p2b: Fruit Punch
|-damage|p2b: Fruit Punch|65/100
|-status|p2b: Fruit Punch|psn
|-damage|p1b: Malevolent Shrine|90/100|[from] item: Life Orb
|move|p1a: IronMountainCoffin|Heat Wave|p2b: Fruit Punch|[spread] p2a,p2b
|-resisted|p2a: NANOYO|1
|-supereffective|p2b: Fruit Punch|1
|-enditem|p2b: Fruit Punch|Occa Berry|[eat]
|-enditem|p2b: Fruit Punch|Occa Berry|[weaken]
|-damage|p2a: NANOYO|74/100
|-damage|p2b: Fruit Punch|5/100 psn
|move|p2a: NANOYO|Moonblast|p1b: Malevolent Shrine
|-supereffective|p1b: Malevolent Shrine|1
|-damage|p1b: Malevolent Shrine|0 fnt
|faint|p1b: Malevolent Shrine
|
|-weather|SunnyDay|[upkeep]
|-damage|p2b: Fruit Punch|0 fnt|[from] psn
|faint|p2b: Fruit Punch
|upkeep
|
|t:|1783303553
|switch|p1b: CaptivatingSkandha|Blastoise, L50, F, shiny|100/100
|switch|p2b: Azi Dahaka|Hydreigon, L50, M, shiny|91/100
|turn|6
|
|t:|1783303672
|move|p2a: NANOYO|Protect|p2a: NANOYO
|-singleturn|p2a: NANOYO|Protect
|move|p1b: CaptivatingSkandha|Fake Out|p2b: Azi Dahaka
|-damage|p2b: Azi Dahaka|82/100
|cant|p2b: Azi Dahaka|flinch
|move|p1a: IronMountainCoffin|Ancient Power|p2b: Azi Dahaka
|-damage|p2b: Azi Dahaka|55/100
|
|-weather|SunnyDay|[upkeep]
|upkeep
|turn|7
|
|t:|1783303789
|move|p1a: IronMountainCoffin|Protect|p1a: IronMountainCoffin
|-singleturn|p1a: IronMountainCoffin|Protect
|move|p2b: Azi Dahaka|Dark Pulse|p1b: CaptivatingSkandha
|-damage|p1b: CaptivatingSkandha|57/100
|move|p1b: CaptivatingSkandha|Aura Sphere|p2b: Azi Dahaka
|-supereffective|p2b: Azi Dahaka|1
|-damage|p2b: Azi Dahaka|3/100
|move|p2a: NANOYO|Energy Ball|p1b: CaptivatingSkandha
|-supereffective|p1b: CaptivatingSkandha|1
|-damage|p1b: CaptivatingSkandha|0 fnt
|faint|p1b: CaptivatingSkandha
|
|-weather|SunnyDay|[upkeep]
|upkeep
|turn|8
|l| mundie mudsnapper
|
|t:|1783304329
|move|p2b: Azi Dahaka|Dark Pulse|p1a: IronMountainCoffin
|-damage|p1a: IronMountainCoffin|52/100
|cant|p1a: IronMountainCoffin|flinch
|move|p2a: NANOYO|Hyper Voice|p1a: IronMountainCoffin
|-supereffective|p1a: IronMountainCoffin|1
|-damage|p1a: IronMountainCoffin|0 fnt
|faint|p1a: IronMountainCoffin
|
|win|upfrontsalt
|inactive|ropplebees has 30 seconds to confirm battle start!
|inactive|upfrontsalt has 30 seconds to confirm battle start!
|c|â˜†upfrontsalt|GG
|c| Whim5|ggs
|c|â˜†ropplebees|ggs lol
||upfrontsalt is ready for game 3.
|c|â˜†ropplebees|brutal but good!
||ropplebees is ready for game 3.
|uhtml|next|Next: Game 3 of 3
