|j|☆IronHandsGotHands
|j|☆MoodyMukVGC
|html|IronHandsGotHandsMoodyMukVGC    
|uhtml|bestof|Game 2 of a best-of-3
|t:|1757817713
|gametype|doubles
|player|p1|IronHandsGotHands|volkner|1121
|player|p2|MoodyMukVGC|169|1132
|gen|9
|tier|[Gen 9] VGC 2025 Reg H (Bo3)
|rated|
|rule|Species Clause: Limit one of each Pokémon
|rule|Item Clause: Limit 1 of each item
|clearpoke
|poke|p1|Gholdengo, L50|
|poke|p1|Sneasler, L50, F|
|poke|p1|Rillaboom, L50, F|
|poke|p1|Ninetales-Alola, L50, M|
|poke|p1|Incineroar, L50, F|
|poke|p1|Ursaluna-Bloodmoon, L50, M|
|poke|p2|Ursaluna, L50, M|
|poke|p2|Jumpluff, L50, M|
|poke|p2|Charizard, L50, M|
|poke|p2|Torkoal, L50, M|
|poke|p2|Incineroar, L50, M|
|poke|p2|Porygon2, L50|
|teampreview|4
|showteam|p1|Gholdengo||MetalCoat|GoodasGold|MakeItRain,ShadowBall,NastyPlot,Protect||||||50|,,,,,Water]Sneasler||GrassySeed|Unburden|CloseCombat,Acrobatics,SwordsDance,Protect|||F|||50|,,,,,Flying]Rillaboom||AssaultVest|GrassySurge|WoodHammer,GrassyGlide,FakeOut,Uturn|||F|||50|,,,,,Fire]Ninetales-Alola||FocusSash|SnowWarning|Blizzard,IcyWind,AuroraVeil,Protect|||M|||50|,,,,,Ghost]Incineroar||SafetyGoggles|Intimidate|KnockOff,FlareBlitz,PartingShot,FakeOut|||F|||50|,,,,,Ghost]Ursaluna-Bloodmoon||LifeOrb|MindsEye|BloodMoon,HyperVoice,EarthPower,Protect|||M|||50|,,,,,Normal
|showteam|p2|Ursaluna||FlameOrb|Guts|HeadlongRush,Facade,Earthquake,Protect|||M|||50|,,,,,Ghost]Jumpluff||CovertCloak|Chlorophyll|SleepPowder,SunnyDay,Tailwind,RagePowder|||M|||50|,,,,,Water]Charizard||ChoiceSpecs|SolarPower|AirSlash,HeatWave,Overheat,WeatherBall|||M|||50|,,,,,Ghost]Torkoal||EjectPack|Drought|ClearSmog,Eruption,Overheat,Protect|||M|||50|,,,,,Fire]Incineroar||SafetyGoggles|Intimidate|FakeOut,FlareBlitz,KnockOff,PartingShot|||M|||50|,,,,,Ghost]Porygon2||Eviolite|Download|TeraBlast,IceBeam,Recover,TrickRoom||||||50|,,,,,Fighting
|j| jeanryupr
|
|t:|1757817734
|teamsize|p1|4
|teamsize|p2|4
|start
|switch|p1a: Gholdengo|Gholdengo, L50|100/100
|switch|p1b: Rillaboom|Rillaboom, L50, F|100/100
|switch|p2a: Jumpluff|Jumpluff, L50, M, shiny|100/100
|switch|p2b: Torkoal|Torkoal, L50, M, shiny|100/100
|-fieldstart|move: Grassy Terrain|[from] ability: Grassy Surge|[of] p1b: Rillaboom
|-weather|SunnyDay|[from] ability: Drought|[of] p2b: Torkoal
|turn|1
|inactive|Battle timer is ON: inactive players will automatically lose when time's up. (requested by IronHandsGotHands)
|inactive|MoodyMukVGC has 60 seconds left.
|l| jeanryupr
|inactive|MoodyMukVGC has 30 seconds left.
|
|t:|1757817871
|switch|p2b: Incineroar|Incineroar, L50, M, shiny|100/100
|-ability|p2b: Incineroar|Intimidate|boost
|-unboost|p1a: Gholdengo|atk|1
|-unboost|p1b: Rillaboom|atk|1
|move|p1b: Rillaboom|Fake Out|p2b: Incineroar
|-damage|p2b: Incineroar|91/100
|move|p2a: Jumpluff|Tailwind|p2a: Jumpluff
|-sidestart|p2: MoodyMukVGC|move: Tailwind
|move|p1a: Gholdengo|Nasty Plot|p1a: Gholdengo
|-boost|p1a: Gholdengo|spa|2
|
|-weather|SunnyDay|[upkeep]
|-heal|p2b: Incineroar|97/100|[from] Grassy Terrain
|upkeep
|turn|2
|
|t:|1757817892
|switch|p1b: Incineroar|Incineroar, L50, F|100/100
|-ability|p1b: Incineroar|Intimidate|boost
|-unboost|p2a: Jumpluff|atk|1
|-unboost|p2b: Incineroar|atk|1
|move|p1a: Gholdengo|Protect|p1a: Gholdengo
|-singleturn|p1a: Gholdengo|Protect
|move|p2a: Jumpluff|Sleep Powder|p1b: Incineroar
|-activate|p1b: Incineroar|item: Safety Goggles|Sleep Powder
|move|p2b: Incineroar|Flare Blitz|p1b: Incineroar
|-resisted|p1b: Incineroar
|-damage|p1b: Incineroar|79/100
|-damage|p2b: Incineroar|90/100|[from] Recoil
|
|-weather|SunnyDay|[upkeep]
|-heal|p2b: Incineroar|96/100|[from] Grassy Terrain
|-heal|p1b: Incineroar|85/100|[from] Grassy Terrain
|upkeep
|turn|3
|j| jeanryupr
|
|t:|1757817906
|-terastallize|p1a: Gholdengo|Water
|move|p2a: Jumpluff|Rage Powder|p2a: Jumpluff
|-singleturn|p2a: Jumpluff|move: Rage Powder
|move|p2b: Incineroar|Knock Off|p1a: Gholdengo
|-damage|p1a: Gholdengo|72/100
|-enditem|p1a: Gholdengo|Metal Coat|[from] move: Knock Off|[of] p2b: Incineroar
|move|p1a: Gholdengo|Make It Rain|p2b: Incineroar|[spread] p2a,p2b
|-resisted|p2b: Incineroar
|-damage|p2a: Jumpluff|0 fnt
|-damage|p2b: Incineroar|47/100
|-unboost|p1a: Gholdengo|spa|1
|faint|p2a: Jumpluff
|move|p1b: Incineroar|Parting Shot|p2b: Incineroar
|-unboost|p2b: Incineroar|atk|1
|-unboost|p2b: Incineroar|spa|1
|
|t:|1757817915
|switch|p1b: Rillaboom|Rillaboom, L50, F|100/100|[from] Parting Shot
|
|-weather|SunnyDay|[upkeep]
|-heal|p2b: Incineroar|52/100|[from] Grassy Terrain
|-heal|p1a: Gholdengo|78/100|[from] Grassy Terrain
|upkeep
|
|t:|1757817918
|switch|p2a: Charizard|Charizard, L50, M, shiny|100/100
|turn|4
|
|t:|1757817936
|switch|p2b: Torkoal|Torkoal, L50, M, shiny|100/100
|switch|p1b: Incineroar|Incineroar, L50, F|85/100
|-ability|p1b: Incineroar|Intimidate|boost
|-unboost|p2a: Charizard|atk|1
|-unboost|p2b: Torkoal|atk|1
|-enditem|p2b: Torkoal|Eject Pack
|
|t:|1757817943
|switch|p2b: Incineroar|Incineroar, L50, M, shiny|52/100
|-ability|p2b: Incineroar|Intimidate|boost
|-unboost|p1a: Gholdengo|atk|1
|-unboost|p1b: Incineroar|atk|1
|-terastallize|p2a: Charizard|Ghost
|move|p1a: Gholdengo|Protect|p1a: Gholdengo
|-singleturn|p1a: Gholdengo|Protect
|move|p2a: Charizard|Heat Wave|p1a: Gholdengo|[spread] p1b
|-activate|p1a: Gholdengo|move: Protect
|-resisted|p1b: Incineroar
|-damage|p1b: Incineroar|41/100
|
|-weather|SunnyDay|[upkeep]
|-damage|p2a: Charizard|88/100|[from] ability: Solar Power|[of] p2a: Charizard
|-heal|p2a: Charizard|94/100|[from] Grassy Terrain
|-heal|p2b: Incineroar|58/100|[from] Grassy Terrain
|-heal|p1a: Gholdengo|84/100|[from] Grassy Terrain
|-heal|p1b: Incineroar|47/100|[from] Grassy Terrain
|-sideend|p2: MoodyMukVGC|move: Tailwind
|upkeep
|turn|5
|
|t:|1757817955
|move|p2b: Incineroar|Fake Out|p1a: Gholdengo
|-damage|p1a: Gholdengo|72/100
|move|p2a: Charizard|Heat Wave|p1b: Incineroar|[spread] p1a,p1b
|-resisted|p1a: Gholdengo
|-resisted|p1b: Incineroar
|-damage|p1a: Gholdengo|10/100
|-damage|p1b: Incineroar|0 fnt
|faint|p1b: Incineroar
|cant|p1a: Gholdengo|flinch
|
|-weather|none
|-heal|p2a: Charizard|99/100|[from] Grassy Terrain
|-heal|p1a: Gholdengo|16/100|[from] Grassy Terrain
|-heal|p2b: Incineroar|64/100|[from] Grassy Terrain
|-fieldend|move: Grassy Terrain
|upkeep
|
|t:|1757817973
|switch|p1b: Sneasler|Sneasler, L50, F|100/100
|turn|6
|
|t:|1757817986
|switch|p2b: Torkoal|Torkoal, L50, M, shiny|100/100
|-weather|SunnyDay|[from] ability: Drought|[of] p2b: Torkoal
|move|p1b: Sneasler|Close Combat|p2b: Torkoal
|-damage|p2b: Torkoal|50/100
|-unboost|p1b: Sneasler|def|1
|-unboost|p1b: Sneasler|spd|1
|move|p2a: Charizard|Heat Wave|p1b: Sneasler|[spread] p1a,p1b
|-resisted|p1a: Gholdengo
|-damage|p1a: Gholdengo|0 fnt
|-damage|p1b: Sneasler|0 fnt
|faint|p1a: Gholdengo
|faint|p1b: Sneasler
|
|-weather|SunnyDay|[upkeep]
|-damage|p2a: Charizard|87/100|[from] ability: Solar Power|[of] p2a: Charizard
|upkeep
|-message|IronHandsGotHands forfeited.
|raw|IronHandsGotHands's rating: 1121 → 1097(-24 for losing)
|raw|MoodyMukVGC's rating: 1132 → 1156(+24 for winning)
|
|win|MoodyMukVGC
|l|☆IronHandsGotHands
|player|p1|
|c|☆MoodyMukVGC|ggs
