|j|☆precisiondepicasso
|j|☆A_TerroneVGC
|html|precisiondepicassoA_TerroneVGC    
|uhtml|bestof|Game 3 of a best-of-3
|t:|1782763689
|gametype|doubles
|player|p1|precisiondepicasso|cyclistf-gen4|1199
|player|p2|A_TerroneVGC|2|1242
|gen|9
|tier|[Gen 9 Champions] VGC 2026 Reg M-B (Bo3)
|rated|
|rule|Species Clause: Limit one of each Pokémon
|rule|Item Clause: Limit 1 of each item
|clearpoke
|poke|p1|Charizard, L50, F|
|poke|p1|Kingambit, L50, F|
|poke|p1|Sylveon, L50, M|
|poke|p1|Garchomp, L50, M|
|poke|p1|Aerodactyl, L50, F|
|poke|p1|Farigiraf, L50, F|
|poke|p2|Floette-Eternal, L50, F|
|poke|p2|Raichu, L50, M|
|poke|p2|Ceruledge, L50, M|
|poke|p2|Milotic, L50, M|
|poke|p2|Sinistcha, L50|
|poke|p2|Incineroar, L50, M|
|teampreview|4
|showteam|p1|Charizard||CharizarditeY|SolarPower|Protect,HeatWave,SolarBeam,WeatherBall|Modest||F|||50|]Kingambit||FocusSash|Defiant|IronHead,SuckerPunch,KowtowCleave,LowKick|Adamant||F|||50|]Sylveon||FairyFeather|Pixilate|Detect,HyperVoice,HyperBeam,QuickAttack|Modest||M|||50|]Garchomp||LifeOrb|RoughSkin|Protect,DragonClaw,Earthquake,StompingTantrum|Jolly||M|||50|]Aerodactyl||Aerodactylite|RockHead|IceFang,RockSlide,Tailwind,DualWingbeat|Jolly||F|||50|]Farigiraf||SitrusBerry|ArmorTail|TrickRoom,Psychic,Thunderbolt,Roar|Bold||F|||50|
|showteam|p2|Floette-Eternal||Floettite|FlowerVeil|Moonblast,DrainingKiss,CalmMind,Protect|Modest||F|||50|]Raichu||RaichuniteY|LightningRod|ZapCannon,FocusBlast,FakeOut,Protect|Timid||M|||50|]Ceruledge||ColburBerry|FlashFire|BitterBlade,ShadowSneak,BulkUp,Protect|Adamant||M|||50|]Milotic||Leftovers|Competitive|MuddyWater,Hypnosis,Coil,Protect|Calm||M|||50|]Sinistcha||KasibBerry|Hospitality|MatchaGotcha,LifeDew,RagePowder,Protect|Relaxed|||||50|]Incineroar||SitrusBerry|Intimidate|FlareBlitz,ThroatChop,FakeOut,PartingShot|Impish||M|||50|
|inactive|Battle timer is ON: inactive players will automatically lose when time's up. (requested by precisiondepicasso)
|inactive|A_TerroneVGC has 60 seconds left.
|
|t:|1782763738
|teamsize|p1|4
|teamsize|p2|4
|start
|switch|p1a: Farigiraf|Farigiraf, L50, F|100/100
|switch|p1b: Kingambit|Kingambit, L50, F|100/100
|switch|p2a: Raichu|Raichu, L50, M|100/100
|switch|p2b: Ceruledge|Ceruledge, L50, M|100/100
|turn|1
|
|t:|1782763756
|detailschange|p2a: Raichu|Raichu-Mega-Y, L50, M
|-mega|p2a: Raichu|Raichu|Raichunite Y
|move|p1b: Kingambit|Sucker Punch|p2b: Ceruledge
|-supereffective|p2b: Ceruledge|1
|-enditem|p2b: Ceruledge|Colbur Berry|[eat]
|-enditem|p2b: Ceruledge|Colbur Berry|[weaken]
|-damage|p2b: Ceruledge|48/100
|move|p2a: Raichu|Focus Blast|p1b: Kingambit
|-supereffective|p1b: Kingambit|2
|-enditem|p1b: Kingambit|Focus Sash
|-damage|p1b: Kingambit|1/100
|move|p2b: Ceruledge|Bitter Blade|p1b: Kingambit
|-supereffective|p1b: Kingambit|1
|-damage|p1b: Kingambit|0 fnt
|-heal|p2b: Ceruledge|48/100|[from] drain|[of] p1b: Kingambit
|faint|p1b: Kingambit
|move|p1a: Farigiraf|Trick Room|p1a: Farigiraf
|-fieldstart|move: Trick Room|[of] p1a: Farigiraf
|
|upkeep
|
|t:|1782763768
|switch|p1b: Sylveon|Sylveon, L50, M|100/100
|turn|2
|
|t:|1782763793
|move|p2b: Ceruledge|Protect|p2b: Ceruledge
|-singleturn|p2b: Ceruledge|Protect
|move|p1a: Farigiraf|Psychic|p2b: Ceruledge
|-activate|p2b: Ceruledge|move: Protect
|move|p1b: Sylveon|Hyper Voice|p2a: Raichu|[spread] p2a
|-activate|p2b: Ceruledge|move: Protect
|-damage|p2a: Raichu|42/100
|move|p2a: Raichu|Zap Cannon|p1a: Farigiraf
|-damage|p1a: Farigiraf|40/100
|-status|p1a: Farigiraf|par
|-enditem|p1a: Farigiraf|Sitrus Berry|[eat]
|-heal|p1a: Farigiraf|65/100 par|[from] item: Sitrus Berry
|
|upkeep
|turn|3
|
|t:|1782763811
|switch|p2a: Sinistcha|Sinistcha, L50|100/100
|-heal|p2b: Ceruledge|73/100|[from] ability: Hospitality|[of] p2a: Sinistcha
|cant|p1a: Farigiraf|par
|move|p1b: Sylveon|Hyper Voice|p2a: Sinistcha|[spread] p2a,p2b
|-resisted|p2b: Ceruledge|1
|-damage|p2a: Sinistcha|57/100
|-damage|p2b: Ceruledge|51/100
|move|p2b: Ceruledge|Bulk Up|p2b: Ceruledge
|-boost|p2b: Ceruledge|atk|1
|-boost|p2b: Ceruledge|def|1
|
|upkeep
|turn|4
|
|t:|1782763832
|move|p2b: Ceruledge|Protect|p2b: Ceruledge
|-singleturn|p2b: Ceruledge|Protect
|move|p1a: Farigiraf|Psychic|p2b: Ceruledge
|-activate|p2b: Ceruledge|move: Protect
|move|p2a: Sinistcha|Life Dew|p2a: Sinistcha|[spread] p2a,p2b
|-heal|p2a: Sinistcha|82/100
|-heal|p2b: Ceruledge|76/100
|move|p1b: Sylveon|Hyper Voice|p2a: Sinistcha|[spread] p2a
|-activate|p2b: Ceruledge|move: Protect
|-damage|p2a: Sinistcha|37/100
|
|upkeep
|turn|5
|
|t:|1782763850
|move|p2a: Sinistcha|Life Dew|p2a: Sinistcha|[spread] p2a,p2b
|-heal|p2a: Sinistcha|62/100
|-heal|p2b: Ceruledge|100/100
|move|p1b: Sylveon|Hyper Voice|p2a: Sinistcha|[spread] p2a,p2b
|-resisted|p2b: Ceruledge|1
|-damage|p2a: Sinistcha|17/100
|-damage|p2b: Ceruledge|76/100
|move|p2b: Ceruledge|Bitter Blade|p1a: Farigiraf
|-damage|p1a: Farigiraf|4/100 par
|-heal|p2b: Ceruledge|100/100|[from] drain|[of] p1a: Farigiraf
|move|p1a: Farigiraf|Roar|p2b: Ceruledge
|drag|p2b: Incineroar|Incineroar, L50, M|100/100
|-ability|p2b: Incineroar|Intimidate|boost
|-unboost|p1a: Farigiraf|atk|1
|-unboost|p1b: Sylveon|atk|1
|
|-fieldend|move: Trick Room
|upkeep
|turn|6
|
|t:|1782763872
|switch|p2a: Ceruledge|Ceruledge, L50, M|100/100
|move|p1b: Sylveon|Hyper Beam|p2b: Incineroar
|-damage|p2b: Incineroar|0 fnt
|-mustrecharge|p1b: Sylveon
|faint|p2b: Incineroar
|move|p1a: Farigiraf|Trick Room|p1a: Farigiraf
|-fieldstart|move: Trick Room|[of] p1a: Farigiraf
|
|upkeep
|
|t:|1782763882
|switch|p2b: Sinistcha|Sinistcha, L50|17/100
|turn|7
|
|t:|1782763892
|switch|p2b: Raichu|Raichu-Mega-Y, L50, M|42/100
|move|p1a: Farigiraf|Psychic|p2b: Raichu
|-damage|p2b: Raichu|0 fnt
|faint|p2b: Raichu
|cant|p1b: Sylveon|recharge
|move|p2a: Ceruledge|Bitter Blade|p1a: Farigiraf
|-damage|p1a: Farigiraf|0 fnt
|faint|p1a: Farigiraf
|
|upkeep
|
|t:|1782763904
|switch|p1a: Aerodactyl|Aerodactyl, L50, F|100/100
|switch|p2b: Sinistcha|Sinistcha, L50|17/100
|turn|8
|
|t:|1782763918
|detailschange|p1a: Aerodactyl|Aerodactyl-Mega, L50, F
|-mega|p1a: Aerodactyl|Aerodactyl|Aerodactylite
|move|p2b: Sinistcha|Protect|p2b: Sinistcha
|-singleturn|p2b: Sinistcha|Protect
|move|p1b: Sylveon|Hyper Voice|p2b: Sinistcha|[spread] p2a
|-activate|p2b: Sinistcha|move: Protect
|-resisted|p2a: Ceruledge|1
|-damage|p2a: Ceruledge|76/100
|move|p2a: Ceruledge|Bulk Up|p2a: Ceruledge
|-boost|p2a: Ceruledge|atk|1
|-boost|p2a: Ceruledge|def|1
|move|p1a: Aerodactyl|Rock Slide|p2a: Ceruledge|[spread] 
|-activate|p2b: Sinistcha|move: Protect
|-miss|p1a: Aerodactyl|p2a: Ceruledge
|
|upkeep
|turn|9
|
|t:|1782763940
|move|p2b: Sinistcha|Matcha Gotcha|p1a: Aerodactyl|[spread] p1a,p1b
|-damage|p1a: Aerodactyl|74/100
|-heal|p2b: Sinistcha|30/100|[from] drain|[of] p1a: Aerodactyl
|-damage|p1b: Sylveon|80/100
|-heal|p2b: Sinistcha|40/100|[from] drain|[of] p1b: Sylveon
|move|p1b: Sylveon|Hyper Voice|p2b: Sinistcha|[spread] p2a,p2b
|-resisted|p2a: Ceruledge|1
|-damage|p2a: Ceruledge|55/100
|-damage|p2b: Sinistcha|0 fnt
|faint|p2b: Sinistcha
|move|p2a: Ceruledge|Bitter Blade|p1b: Sylveon
|-damage|p1b: Sylveon|0 fnt
|-heal|p2a: Ceruledge|95/100|[from] drain|[of] p1b: Sylveon
|faint|p1b: Sylveon
|move|p1a: Aerodactyl|Rock Slide|p2a: Ceruledge
|-supereffective|p2a: Ceruledge|1
|-damage|p2a: Ceruledge|40/100
|
|upkeep
|turn|10
|inactive|A_TerroneVGC has 30 seconds left.
|
|t:|1782763971
|move|p2a: Ceruledge|Bulk Up|p2a: Ceruledge
|-boost|p2a: Ceruledge|atk|1
|-boost|p2a: Ceruledge|def|1
|move|p1a: Aerodactyl|Rock Slide|p2a: Ceruledge
|-supereffective|p2a: Ceruledge|1
|-damage|p2a: Ceruledge|0 fnt
|faint|p2a: Ceruledge
|
|win|precisiondepicasso
|raw|precisiondepicasso's rating: 1199 → 1227(+28 for winning)
|raw|A_TerroneVGC's rating: 1242 → 1214(-28 for losing)
|l|☆A_TerroneVGC
|player|p2|
