|j|☆dmac55
|j|☆TipoLucha
|html|dmac55TipoLucha    
|uhtml|bestof|Game 3 of a best-of-3
|t:|1785763738
|gametype|doubles
|player|p1|dmac55|101|1350
|player|p2|TipoLucha|265|1246
|gen|9
|tier|[Gen 9 Champions] VGC 2026 Reg M-B (Bo3)
|rated|
|rule|Species Clause: Limit one of each Pokémon
|rule|Item Clause: Limit 1 of each item
|clearpoke
|poke|p1|Vanilluxe, L50, F|
|poke|p1|Kingambit, L50, F|
|poke|p1|Raichu, L50, F|
|poke|p1|Basculegion, L50, M|
|poke|p1|Volcarona, L50, F|
|poke|p1|Garchomp, L50, F|
|poke|p2|Whimsicott, L50, F|
|poke|p2|Garchomp, L50, F|
|poke|p2|Manectric, L50, F|
|poke|p2|Milotic, L50, F|
|poke|p2|Scizor, L50, F|
|poke|p2|Sneasler, L50, M|
|teampreview|4
|showteam|p1|Vanilluxe||NeverMeltIce|SnowWarning|Blizzard,FreezeDry,IceShard,Protect|Modest||F|||50|]Kingambit||BlackGlasses|Defiant|KowtowCleave,SuckerPunch,IronHead,Protect|Adamant||F|||50|]Raichu||RaichuniteY|LightningRod|FakeOut,ZapCannon,FocusBlast,Protect|Timid||F|||50|]Basculegion||ChoiceScarf|Adaptability|LastRespects,WaveCrash,AquaJet,FlipTurn|Jolly||M|||50|]Volcarona||SitrusBerry|FlameBody|Tailwind,RagePowder,HeatWave,Protect|Bold||F|||50|]Garchomp||LifeOrb|RoughSkin|DragonClaw,StompingTantrum,RockSlide,Protect|Jolly||F|||50|
|showteam|p2|Whimsicott||FocusSash|Prankster|Encore,FakeTears,Moonblast,Tailwind|Timid||F|||50|]Garchomp||Garchompite|RoughSkin|EarthPower,DragonPulse,RockSlide,Protect|Naive||F|||50|]Manectric||Manectite|LightningRod|VoltSwitch,Discharge,Flamethrower,Snarl|Timid||F|||50|]Milotic||MysticWater|Competitive|IceBeam,IcyWind,Scald,Protect|Modest||F|||50|]Scizor||Scizorite|Technician|BulletPunch,BrickBreak,BugBite,Protect|Adamant||F|||50|]Sneasler||WhiteHerb|Unburden|RockSlide,CloseCombat,FakeOut,DireClaw|Adamant||M|||50|
|
|t:|1785763766
|teamsize|p1|4
|teamsize|p2|4
|start
|switch|p1a: Garchomp|Garchomp, L50, F|100/100
|switch|p1b: Raichu|Raichu, L50, F|100/100
|switch|p2a: Milotic|Milotic, L50, F|100/100
|switch|p2b: Manectric|Manectric, L50, F|100/100
|turn|1
|
|t:|1785763793
|switch|p2b: Scizor|Scizor, L50, F|100/100
|detailschange|p1b: Raichu|Raichu-Mega-Y, L50, F
|-mega|p1b: Raichu|Raichu|Raichunite Y
|move|p1b: Raichu|Fake Out|p2a: Milotic
|-damage|p2a: Milotic|90/100
|move|p1a: Garchomp|Stomping Tantrum|p2b: Scizor
|-damage|p2b: Scizor|48/100
|-damage|p1a: Garchomp|90/100|[from] item: Life Orb
|cant|p2a: Milotic|flinch
|
|upkeep
|turn|2
|
|t:|1785763817
|switch|p2a: Manectric|Manectric, L50, F|100/100
|detailschange|p2b: Scizor|Scizor-Mega, L50, F
|-mega|p2b: Scizor|Scizor|Scizorite
|move|p1b: Raichu|Zap Cannon|p2a: Manectric
|-ability|p2a: Manectric|Lightning Rod|boost
|-boost|p2a: Manectric|spa|1
|move|p1a: Garchomp|Stomping Tantrum|p2b: Scizor
|-damage|p2b: Scizor|9/100
|-damage|p1a: Garchomp|80/100|[from] item: Life Orb
|move|p2b: Scizor|Bug Bite|p1a: Garchomp
|-damage|p1a: Garchomp|20/100y
|-damage|p2b: Scizor|0 fnt|[from] ability: Rough Skin|[of] p1a: Garchomp
|faint|p2b: Scizor
|
|upkeep
|
|t:|1785763840
|switch|p2b: Milotic|Milotic, L50, F|90/100
|turn|3
|
|t:|1785763864
|move|p1a: Garchomp|Protect|p1a: Garchomp
|-singleturn|p1a: Garchomp|Protect
|move|p1b: Raichu|Focus Blast|p2a: Manectric
|-damage|p2a: Manectric|21/100
|move|p2a: Manectric|Flamethrower|p1a: Garchomp
|-activate|p1a: Garchomp|move: Protect
|move|p2b: Milotic|Scald|p1b: Raichu
|-damage|p1b: Raichu|35/100
|
|upkeep
|turn|4
|
|t:|1785763890
|move|p1b: Raichu|Focus Blast|p2a: Manectric
|-damage|p2a: Manectric|0 fnt
|faint|p2a: Manectric
|move|p1a: Garchomp|Dragon Claw|p2b: Milotic
|-damage|p2b: Milotic|37/100
|-damage|p1a: Garchomp|10/100|[from] item: Life Orb
|move|p2b: Milotic|Icy Wind|p1a: Garchomp|[spread] p1a,p1b
|-supereffective|p1a: Garchomp|2
|-damage|p1a: Garchomp|0 fnt
|-damage|p1b: Raichu|16/100
|-unboost|p1b: Raichu|spe|1
|faint|p1a: Garchomp
|
|upkeep
|
|t:|1785763904
|switch|p2a: Sneasler|Sneasler, L50, M|100/100
|switch|p1a: Vanilluxe|Vanilluxe, L50, F|100/100
|-weather|Snowscape|[from] ability: Snow Warning|[of] p1a: Vanilluxe
|turn|5
|
|t:|1785763937
|switch|p1b: Kingambit|Kingambit, L50, F|100/100
|move|p2a: Sneasler|Rock Slide|p1a: Vanilluxe|[spread] p1a,p1b
|-supereffective|p1a: Vanilluxe|1
|-resisted|p1b: Kingambit|1
|-damage|p1a: Vanilluxe|66/100
|-damage|p1b: Kingambit|91/100
|move|p2b: Milotic|Scald|p1a: Vanilluxe
|-damage|p1a: Vanilluxe|18/100
|-status|p1a: Vanilluxe|brn
|move|p1a: Vanilluxe|Freeze-Dry|p2b: Milotic
|-supereffective|p2b: Milotic|1
|-damage|p2b: Milotic|0 fnt
|faint|p2b: Milotic
|
|-weather|Snowscape|[upkeep]
|-damage|p1a: Vanilluxe|12/100 brn|[from] brn
|upkeep
|turn|6
|
|t:|1785763963
|move|p1b: Kingambit|Sucker Punch|p2a: Sneasler
|-resisted|p2a: Sneasler|1
|-damage|p2a: Sneasler|57/100
|move|p2a: Sneasler|Close Combat|p1b: Kingambit
|-supereffective|p1b: Kingambit|2
|-damage|p1b: Kingambit|0 fnt
|-unboost|p2a: Sneasler|def|1
|-unboost|p2a: Sneasler|spd|1
|faint|p1b: Kingambit
|-enditem|p2a: Sneasler|White Herb
|-clearnegativeboost|p2a: Sneasler|[silent]
|move|p1a: Vanilluxe|Blizzard|p2a: Sneasler
|-damage|p2a: Sneasler|0 fnt
|faint|p2a: Sneasler
|
|win|dmac55
|raw|dmac55's rating: 1350 → 1364(+14 for winning)
|raw|TipoLucha's rating: 1246 → 1228(-18 for losing)
|l|☆TipoLucha
|player|p2|
