|j|☆ChimcharBot
|j|☆bartcr0987
|html|ChimcharBotbartcr0987    
|uhtml|bestof|Game 2 of a best-of-3
|t:|1784036177
|gametype|doubles
|player|p1|ChimcharBot|koga|1179
|player|p2|bartcr0987|170|1201
|gen|9
|tier|[Gen 9 Champions] VGC 2026 Reg M-B (Bo3)
|rated|
|rule|Species Clause: Limit one of each Pokémon
|rule|Item Clause: Limit 1 of each item
|clearpoke
|poke|p1|Floette-Eternal, L50, F|
|poke|p1|Aerodactyl, L50, M|
|poke|p1|Garchomp, L50, M|
|poke|p1|Incineroar, L50, M|
|poke|p1|Sinistcha-Masterpiece, L50|
|poke|p1|Kingambit, L50, M|
|poke|p2|Charizard, L50, M, shiny|
|poke|p2|Sneasler, L50, M, shiny|
|poke|p2|Floette-Eternal, L50, F|
|poke|p2|Kingambit, L50, F, shiny|
|poke|p2|Basculegion, L50, M|
|poke|p2|Farigiraf, L50, M|
|teampreview|4
|showteam|p1|Floette-Eternal||Floettite|FlowerVeil|Protect,DazzlingGleam,Moonblast,CalmMind|Modest||F|||50|]Aerodactyl||Aerodactylite|Unnerve|Protect,Tailwind,DualWingbeat,RockSlide|Jolly||M|||50|]Garchomp||SitrusBerry|RoughSkin|Protect,DragonClaw,StompingTantrum,RockSlide|Adamant||M|||50|]Incineroar||PasshoBerry|Intimidate|FlareBlitz,ThroatChop,PartingShot,FakeOut|Careful||M|||50|]Sinistcha-Masterpiece||KasibBerry|Hospitality|Protect,RagePowder,MatchaGotcha,TrickRoom|Bold|||||50|]Kingambit||BlackGlasses|Defiant|Protect,KowtowCleave,SuckerPunch,SwordsDance|Adamant||M|||50|
|showteam|p2|Charizard||CharizarditeY|SolarPower|HeatWave,SolarBeam,WeatherBall,Protect|Timid||M|||50|]Sneasler||FocusSash|PoisonTouch|DireClaw,CloseCombat,Protect,FakeOut|Jolly||M|||50|]Floette-Eternal||Floettite|FlowerVeil|Moonblast,DazzlingGleam,LightofRuin,Protect|Modest||F|||50|]Kingambit||BlackGlasses|Defiant|KowtowCleave,SuckerPunch,SwordsDance,Protect|Adamant||F|||50|]Basculegion||ChoiceScarf|Adaptability|LastRespects,WaveCrash,AquaJet,FlipTurn|Jolly||M|||50|]Farigiraf||SitrusBerry|ArmorTail|TrickRoom,FoulPlay,Psychic,RainDance|Bold||M|||50|
|inactive|Battle timer is ON: inactive players will automatically lose when time's up. (requested by ChimcharBot)
|inactive|ChimcharBot has 60 seconds left.
|inactive|bartcr0987 has 60 seconds left.
|
|t:|1784036226
|teamsize|p1|4
|teamsize|p2|4
|start
|switch|p1a: Garchomp|Garchomp, L50, M|100/100
|switch|p1b: Aerodactyl|Aerodactyl, L50, M|100/100
|switch|p2a: Sneasler|Sneasler, L50, M, shiny|100/100
|switch|p2b: Kingambit|Kingambit, L50, F, shiny|100/100
|-ability|p1b: Aerodactyl|Unnerve
|turn|1
|inactive|ChimcharBot has 30 seconds left.
|
|t:|1784036253
|move|p1b: Aerodactyl|Protect|p1b: Aerodactyl
|-singleturn|p1b: Aerodactyl|Protect
|move|p2a: Sneasler|Fake Out|p1b: Aerodactyl
|-activate|p1b: Aerodactyl|move: Protect
|move|p1a: Garchomp|Rock Slide|p2b: Kingambit|[spread] p2a,p2b
|-resisted|p2a: Sneasler|1
|-resisted|p2b: Kingambit|1
|-damage|p2a: Sneasler|84/100
|-damage|p2b: Kingambit|92/100
|move|p2b: Kingambit|Kowtow Cleave|p1b: Aerodactyl
|-activate|p1b: Aerodactyl|move: Protect
|
|upkeep
|turn|2
|
|t:|1784036270
|detailschange|p1b: Aerodactyl|Aerodactyl-Mega, L50, M
|-mega|p1b: Aerodactyl|Aerodactyl|Aerodactylite
|move|p2b: Kingambit|Sucker Punch|p1a: Garchomp
|-damage|p1a: Garchomp|61/100
|-damage|p2b: Kingambit|80/100|[from] ability: Rough Skin|[of] p1a: Garchomp
|move|p1b: Aerodactyl|Dual Wingbeat|p2a: Sneasler
|-supereffective|p2a: Sneasler|1
|-damage|p2a: Sneasler|0 fnt
|faint|p2a: Sneasler
|-hitcount|p2: Sneasler|1
|move|p1a: Garchomp|Stomping Tantrum|p2b: Kingambit
|-supereffective|p2b: Kingambit|1
|-damage|p2b: Kingambit|18/100
|
|upkeep
|
|t:|1784036278
|switch|p2a: Oscar|Basculegion, L50, M|100/100
|turn|3
|inactive|ChimcharBot has 30 seconds left.
|
|t:|1784036306
|move|p2b: Kingambit|Sucker Punch|p1a: Garchomp
|-damage|p1a: Garchomp|17/100
|-damage|p2b: Kingambit|6/100|[from] ability: Rough Skin|[of] p1a: Garchomp
|-enditem|p1a: Garchomp|Sitrus Berry|[eat]
|-heal|p1a: Garchomp|42/100|[from] item: Sitrus Berry
|move|p1b: Aerodactyl|Tailwind|p1b: Aerodactyl
|-sidestart|p1: ChimcharBot|move: Tailwind
|move|p1a: Garchomp|Stomping Tantrum|p2b: Kingambit
|-supereffective|p2b: Kingambit|1
|-crit|p2b: Kingambit
|-damage|p2b: Kingambit|0 fnt
|faint|p2b: Kingambit
|move|p2a: Oscar|Flip Turn|p1a: Garchomp
|-damage|p1a: Garchomp|9/100
|-damage|p2a: Oscar|87/100|[from] ability: Rough Skin|[of] p1a: Garchomp
|
|t:|1784036320
|switch|p2a: Floette|Floette-Eternal, L50, F|100/100|[from] Flip Turn
|
|upkeep
|
|t:|1784036321
|switch|p2b: Oscar|Basculegion, L50, M|87/100
|turn|4
|
|t:|1784036333
|detailschange|p2a: Floette|Floette-Mega, L50, F
|-mega|p2a: Floette|Floette|Floettite
|-ability|p2a: Floette|Fairy Aura
|move|p1b: Aerodactyl|Rock Slide|p2a: Floette|[spread] p2a,p2b
|-damage|p2a: Floette|64/100
|-damage|p2b: Oscar|46/100
|move|p1a: Garchomp|Rock Slide|p2b: Oscar|[spread] p2a,p2b
|-damage|p2a: Floette|38/100
|-damage|p2b: Oscar|21/100
|cant|p2b: Oscar|flinch
|move|p2a: Floette|Dazzling Gleam|p1a: Garchomp|[spread] p1a,p1b
|-supereffective|p1a: Garchomp|1
|-damage|p1a: Garchomp|0 fnt
|-damage|p1b: Aerodactyl|42/100
|faint|p1a: Garchomp
|
|upkeep
|
|t:|1784036350
|switch|p1a: Floette|Floette-Eternal, L50, F|100/100
|turn|5
|
|t:|1784036357
|move|p1b: Aerodactyl|Rock Slide|p2a: Floette|[spread] p2a,p2b
|-damage|p2a: Floette|1/100
|-damage|p2b: Oscar|0 fnt
|faint|p2b: Oscar
|move|p1a: Floette|Dazzling Gleam|p2a: Floette
|-damage|p2a: Floette|0 fnt
|faint|p2a: Floette
|
|win|ChimcharBot
||bartcr0987 is ready for game 3.
||ChimcharBot is ready for game 3.
|uhtml|next|Next: Game 3 of 3
|l|☆bartcr0987
|player|p2|
