|j|☆struggling bug
|j|☆Pzdns99
|html|struggling bugPzdns99    
|uhtml|bestof|Game 3 of a best-of-3
|t:|1754961109
|gametype|doubles
|player|p1|struggling bug|winona|1198
|player|p2|Pzdns99|grimsley|1339
|gen|9
|tier|[Gen 9] VGC 2025 Reg H (Bo3)
|rated|
|rule|Species Clause: Limit one of each Pokémon
|rule|Item Clause: Limit 1 of each item
|clearpoke
|poke|p1|Ninetales-Alola, L50, F|
|poke|p1|Ursaluna-Bloodmoon, L50, M|
|poke|p1|Gholdengo, L50|
|poke|p1|Magmar, L50, M|
|poke|p1|Annihilape, L50, M|
|poke|p1|Dragonite, L50, M|
|poke|p2|Annihilape, L50, F|
|poke|p2|Pelipper, L50, F|
|poke|p2|Archaludon, L50, M|
|poke|p2|Lumineon, L50, F|
|poke|p2|Amoonguss, L50, M|
|poke|p2|Gallade, L50, M|
|teampreview|4
|showteam|p1|Ninetales-Alola||CovertCloak|SnowWarning|IcyWind,Blizzard,AuroraVeil,Encore|||F|||50|,,,,,Water]Ursaluna-Bloodmoon||AssaultVest|MindsEye|BloodMoon,EarthPower,HyperVoice,VacuumWave|||M|||50|,,,,,Ghost]Gholdengo||LifeOrb|GoodasGold|Protect,NastyPlot,MakeItRain,ShadowBall||||||50|,,,,,Water]Magmar||Eviolite|FlameBody|FollowMe,WillOWisp,Overheat,Protect|||M|||50|,,,,,Ghost]Annihilape||SafetyGoggles|Defiant|RageFist,BulkUp,DrainPunch,Protect|||M|||50|,,,,,Fire]Dragonite||LoadedDice|Multiscale|ScaleShot,Tailwind,Haze,Protect|||M|||50|,,,,,Fairy
|showteam|p2|Annihilape||FocusSash|Defiant|CloseCombat,RageFist,Taunt,Protect|||F|||50|,,,,,Stellar]Pelipper||ChoiceSpecs|Drizzle|Hurricane,MuddyWater,WeatherBall,IceBeam|||F|||50|,,,,,Ghost]Archaludon||AssaultVest|Stamina|ElectroShot,BodyPress,Snarl,DracoMeteor|||M|||50|,,,,,Bug]Lumineon||CovertCloak|SwiftSwim|FlipTurn,Tailwind,Encore,RainDance|||F|||50|,,,,,Grass]Amoonguss||RockyHelmet|Regenerator|PollenPuff,ClearSmog,RagePowder,Spore|||M|||50|,,,,,Psychic]Gallade||LumBerry|Sharpness|TrickRoom,SacredSword,PsychoCut,WideGuard|||M|||50|,,,,,Steel
|
|t:|1754961156
|teamsize|p1|4
|teamsize|p2|4
|start
|switch|p1a: Dragonite|Dragonite, L50, M|100/100
|switch|p1b: Gholdengo|Gholdengo, L50|100/100
|switch|p2a: Pelipper|Pelipper, L50, F|100/100
|switch|p2b: Archaludon|Archaludon, L50, M|100/100
|-weather|RainDance|[from] ability: Drizzle|[of] p2a: Pelipper
|turn|1
|inactive|Battle timer is ON: inactive players will automatically lose when time's up. (requested by Pzdns99)
|inactive|struggling bug has 60 seconds left.
|
|t:|1754961206
|move|p1b: Gholdengo|Protect|p1b: Gholdengo
|-singleturn|p1b: Gholdengo|Protect
|move|p1a: Dragonite|Scale Shot|p2a: Pelipper
|-damage|p2a: Pelipper|83/100
|-damage|p2a: Pelipper|65/100
|-damage|p2a: Pelipper|45/100
|-damage|p2a: Pelipper|27/100
|-hitcount|p2a: Pelipper|4
|-unboost|p1a: Dragonite|def|1
|-boost|p1a: Dragonite|spe|1
|move|p2b: Archaludon|Snarl|p1a: Dragonite|[spread] p1a
|-activate|p1b: Gholdengo|move: Protect
|-damage|p1a: Dragonite|93/100
|-unboost|p1a: Dragonite|spa|1
|move|p2a: Pelipper|Hurricane|p1a: Dragonite
|-damage|p1a: Dragonite|15/100
|
|-weather|RainDance|[upkeep]
|upkeep
|turn|2
|inactive|struggling bug has 30 seconds left.
|inactive|Pzdns99 has 30 seconds left.
|inactive|struggling bug has 20 seconds left.
|
|t:|1754961243
|switch|p1b: Ursaluna|Ursaluna-Bloodmoon, L50, M|100/100
|switch|p2a: Annihilape|Annihilape, L50, F|100/100
|move|p1a: Dragonite|Scale Shot|p2a: Annihilape
|-damage|p2a: Annihilape|84/100
|-damage|p2a: Annihilape|66/100
|-crit|p2a: Annihilape
|-damage|p2a: Annihilape|41/100
|-damage|p2a: Annihilape|23/100
|-hitcount|p2a: Annihilape|4
|-unboost|p1a: Dragonite|def|1
|-boost|p1a: Dragonite|spe|1
|move|p2b: Archaludon|Electro Shot||[still]
|-prepare|p2b: Archaludon|Electro Shot
|-boost|p2b: Archaludon|spa|1
|-anim|p2b: Archaludon|Electro Shot|p1a: Dragonite
|-damage|p1a: Dragonite|0 fnt
|faint|p1a: Dragonite
|
|-weather|RainDance|[upkeep]
|upkeep
|
|t:|1754961263
|switch|p1a: Ninetales|Ninetales-Alola, L50, F|100/100
|-weather|Snowscape|[from] ability: Snow Warning|[of] p1a: Ninetales
|turn|3
|inactive|struggling bug has 30 seconds left.
|inactive|Pzdns99 has 30 seconds left.
|inactive|struggling bug has 20 seconds left.
|inactive|struggling bug has 15 seconds left.
|inactive|struggling bug has 10 seconds left.
|
|t:|1754961309
|switch|p2b: Pelipper|Pelipper, L50, F|27/100
|-weather|RainDance|[from] ability: Drizzle|[of] p2b: Pelipper
|move|p2a: Annihilape|Protect|p2a: Annihilape
|-singleturn|p2a: Annihilape|Protect
|move|p1b: Ursaluna|Vacuum Wave|p2a: Annihilape
|-activate|p2a: Annihilape|move: Protect
|move|p1a: Ninetales|Blizzard|p2a: Annihilape|[spread] p2b
|-activate|p2a: Annihilape|move: Protect
|-damage|p2b: Pelipper|0 fnt
|faint|p2b: Pelipper
|
|-weather|RainDance|[upkeep]
|upkeep
|
|t:|1754961322
|switch|p2b: Lumineon|Lumineon, L50, F|100/100
|turn|4
|
|t:|1754961336
|switch|p1a: Gholdengo|Gholdengo, L50|100/100
|-terastallize|p1b: Ursaluna|Ghost
|move|p2b: Lumineon|Tailwind|p2b: Lumineon
|-sidestart|p2: Pzdns99|move: Tailwind
|move|p2a: Annihilape|Rage Fist|p1a: Gholdengo
|-supereffective|p1a: Gholdengo
|-damage|p1a: Gholdengo|0 fnt
|faint|p1a: Gholdengo
|move|p1b: Ursaluna|Hyper Voice|p2b: Lumineon|[spread] p2a,p2b
|-damage|p2a: Annihilape|0 fnt
|-damage|p2b: Lumineon|64/100
|faint|p2a: Annihilape
|
|-weather|RainDance|[upkeep]
|upkeep
|
|t:|1754961349
|switch|p2a: Archaludon|Archaludon, L50, M|100/100
|switch|p1a: Ninetales|Ninetales-Alola, L50, F|100/100
|-weather|Snowscape|[from] ability: Snow Warning|[of] p1a: Ninetales
|turn|5
|
|t:|1754961368
|move|p2b: Lumineon|Encore|p1b: Ursaluna
|-start|p1b: Ursaluna|Encore
|move|p2a: Archaludon|Snarl|p1a: Ninetales|[spread] p1a,p1b
|-resisted|p1a: Ninetales
|-supereffective|p1b: Ursaluna
|-damage|p1a: Ninetales|94/100
|-damage|p1b: Ursaluna|84/100
|-unboost|p1b: Ursaluna|spa|1
|move|p1a: Ninetales|Icy Wind|p2a: Archaludon|[spread] p2a,p2b
|-resisted|p2b: Lumineon
|-damage|p2a: Archaludon|91/100
|-damage|p2b: Lumineon|57/100
|-unboost|p2a: Archaludon|spe|1
|-ability|p2a: Archaludon|Stamina|boost
|-boost|p2a: Archaludon|def|1
|move|p1b: Ursaluna|Hyper Voice|p2a: Archaludon|[spread] p2a,p2b
|-resisted|p2a: Archaludon
|-damage|p2a: Archaludon|82/100
|-damage|p2b: Lumineon|33/100
|-ability|p2a: Archaludon|Stamina|boost
|-boost|p2a: Archaludon|def|1
|
|-weather|Snowscape|[upkeep]
|upkeep
|turn|6
|inactive|struggling bug has 30 seconds left.
|
|t:|1754961393
|move|p2b: Lumineon|Rain Dance|p2b: Lumineon
|-weather|RainDance
|move|p2a: Archaludon|Electro Shot||[still]
|-prepare|p2a: Archaludon|Electro Shot
|-boost|p2a: Archaludon|spa|1
|-anim|p2a: Archaludon|Electro Shot|p1b: Ursaluna
|-damage|p1b: Ursaluna|45/100
|move|p1a: Ninetales|Icy Wind|p2b: Lumineon|[spread] p2a,p2b
|-resisted|p2b: Lumineon
|-damage|p2a: Archaludon|71/100
|-damage|p2b: Lumineon|26/100
|-unboost|p2a: Archaludon|spe|1
|-ability|p2a: Archaludon|Stamina|boost
|-boost|p2a: Archaludon|def|1
|move|p1b: Ursaluna|Hyper Voice|p2a: Archaludon|[spread] p2a,p2b
|-resisted|p2a: Archaludon
|-damage|p2a: Archaludon|62/100
|-damage|p2b: Lumineon|0 fnt
|-ability|p2a: Archaludon|Stamina|boost
|-boost|p2a: Archaludon|def|1
|faint|p2b: Lumineon
|
|-weather|RainDance|[upkeep]
|upkeep
|turn|7
|inactive|struggling bug has 30 seconds left.
|inactive|Pzdns99 has 30 seconds left.
|
|t:|1754961423
|move|p1a: Ninetales|Blizzard|p2a: Archaludon|[miss]
|-miss|p1a: Ninetales|p2a: Archaludon
|move|p2a: Archaludon|Electro Shot||[still]
|-prepare|p2a: Archaludon|Electro Shot
|-boost|p2a: Archaludon|spa|1
|-anim|p2a: Archaludon|Electro Shot|p1a: Ninetales
|-damage|p1a: Ninetales|17/100
|move|p1b: Ursaluna|Hyper Voice|p2a: Archaludon
|-resisted|p2a: Archaludon
|-damage|p2a: Archaludon|49/100
|-ability|p2a: Archaludon|Stamina|boost
|-boost|p2a: Archaludon|def|1
|
|-weather|RainDance|[upkeep]
|-end|p1b: Ursaluna|Encore
|-sideend|p2: Pzdns99|move: Tailwind
|upkeep
|turn|8
|inactive|struggling bug has 30 seconds left.
|
|t:|1754961457
|-terastallize|p2a: Archaludon|Bug
|move|p1a: Ninetales|Icy Wind|p2a: Archaludon
|-damage|p2a: Archaludon|35/100
|-unboost|p2a: Archaludon|spe|1
|-ability|p2a: Archaludon|Stamina|boost
|-boost|p2a: Archaludon|def|1
|move|p1b: Ursaluna|Blood Moon|p2a: Archaludon
|-damage|p2a: Archaludon|0 fnt
|faint|p2a: Archaludon
|
|win|struggling bug
|raw|struggling bug's rating: 1198 → 1233(+35 for winning)
|raw|Pzdns99's rating: 1339 → 1311(-28 for losing)
|c|☆struggling bug|gg
|l|☆Pzdns99
|player|p2|
