|j|☆kolten
|j|☆Fervvvvv
|html|koltenFervvvvv    
|uhtml|bestof|Game 1 of a best-of-3
|t:|1785085553
|gametype|doubles
|player|p1|kolten|266|
|player|p2|Fervvvvv|bugcatcher-gen4dp|
|gen|9
|tier|[Gen 9 Champions] VGC 2026 Reg M-B (Bo3)
|rule|Species Clause: Limit one of each Pokémon
|rule|Item Clause: Limit 1 of each item
|clearpoke
|poke|p1|Farigiraf, L50, F|
|poke|p1|Scovillain, L50, F|
|poke|p1|Torkoal, L50, F|
|poke|p1|Vileplume, L50, F|
|poke|p1|Mamoswine, L50, M|
|poke|p1|Samurott-Hisui, L50, F|
|poke|p2|Vivillon, L50, F|
|poke|p2|Incineroar, L50, M|
|poke|p2|Hawlucha, L50, F|
|poke|p2|Slowbro, L50, M|
|poke|p2|Sinistcha, L50|
|poke|p2|Scrafty, L50, M|
|teampreview|4
|showteam|p1|Farigiraf||MentalHerb|ArmorTail|TrickRoom,PsychicFangs,Roar,MeanLook|Relaxed||F|||50|]Scovillain||Scovillainite|Moody|GigaDrain,Overheat,Protect,RagePowder|Sassy||F|||50|]Torkoal||Charcoal|Drought|Eruption,HeatWave,Protect,Yawn|Quiet||F|||50|]Vileplume||WideLens|Chlorophyll|SleepPowder,Protect,SludgeBomb,SolarBeam|Quiet||F|||50|]Mamoswine||LifeOrb|ThickFat|Earthquake,IceShard,IcicleCrash,Protect|Brave||M|||50|]Samurott-Hisui||BlackGlasses|Sharpness|CeaselessEdge,SuckerPunch,AquaCutter,Protect|Jolly||F|||50|
|showteam|p2|Vivillon||FocusSash|CompoundEyes|Hurricane,PollenPuff,Tailwind,SleepPowder|Timid||F|||50|]Incineroar||SitrusBerry|Intimidate|FakeOut,HeatWave,Snarl,PartingShot|Modest||M|||50|]Hawlucha||Hawluchanite|Limber|DualWingbeat,Uturn,RockSlide,Protect|Jolly||F|||50|]Slowbro||ExpertBelt|Regenerator|IceBeam,Scald,RainDance,Protect|Quiet||M|||50|]Sinistcha||Leftovers|Hospitality|Scald,TrickRoom,RagePowder,Protect|Sassy|||||50|]Scrafty||Scraftinite|Intimidate|FakeOut,ThroatChop,DragonTail,Protect|Adamant||M|||50|
|j| NewTrainaOnDaBlock
|j| applejuice1738
|c| applejuice1738|RUFF RUFF RUFF
|
|t:|1785085832
|teamsize|p1|4
|teamsize|p2|4
|start
|switch|p1a: Farigiraf|Farigiraf, L50, F|100/100
|switch|p1b: Scovillain|Scovillain, L50, F|100/100
|switch|p2a: Slowbro|Slowbro, L50, M|100/100
|switch|p2b: Scrafty|Scrafty, L50, M|100/100
|-ability|p2b: Scrafty|Intimidate|boost
|-unboost|p1a: Farigiraf|atk|1
|-unboost|p1b: Scovillain|atk|1
|turn|1
|
|t:|1785085908
|switch|p2a: Incineroar|Incineroar, L50, M|100/100
|-ability|p2a: Incineroar|Intimidate|boost
|-unboost|p1a: Farigiraf|atk|1
|-unboost|p1b: Scovillain|atk|1
|detailschange|p1b: Scovillain|Scovillain-Mega, L50, F
|-mega|p1b: Scovillain|Scovillain|Scovillainite
|detailschange|p2b: Scrafty|Scrafty-Mega, L50, M
|-mega|p2b: Scrafty|Scrafty|Scraftinite
|-ability|p2b: Scrafty|Intimidate|boost
|-unboost|p1a: Farigiraf|atk|1
|-unboost|p1b: Scovillain|atk|1
|move|p1b: Scovillain|Rage Powder|p1b: Scovillain
|-singleturn|p1b: Scovillain|move: Rage Powder
|move|p2b: Scrafty|Throat Chop|p1b: Scovillain
|-damage|p1b: Scovillain|45/100
|-start|p1b: Scovillain|Throat Chop|[silent]
|-status|p2b: Scrafty|brn|[from] ability: Spicy Spray|[of] p1b: Scovillain
|move|p1a: Farigiraf|Trick Room|p1a: Farigiraf
|-fieldstart|move: Trick Room|[of] p1a: Farigiraf
|
|-damage|p2b: Scrafty|94/100 brn|[from] brn
|upkeep
|turn|2
|c| applejuice1738|3 TIMES INTIMIDATE HOW IS THAT POSSIBLE
|c| applejuice1738|BAN THAT
|
|t:|1785085972
|move|p1a: Farigiraf|Mean Look|p2b: Scrafty
|-activate|p2b: Scrafty|trapped
|move|p2a: Incineroar|Snarl|p1b: Scovillain|[spread] p1a,p1b
|-supereffective|p1a: Farigiraf|1
|-damage|p1a: Farigiraf|65/100
|-damage|p1b: Scovillain|31/100
|-unboost|p1a: Farigiraf|spa|1
|-unboost|p1b: Scovillain|spa|1
|-immune|p2a: Incineroar
|move|p1b: Scovillain|Giga Drain|p2b: Scrafty
|-damage|p2b: Scrafty|78/100 brn
|-heal|p1b: Scovillain|40/100|[from] drain|[of] p2b: Scrafty
|move|p2b: Scrafty|Throat Chop|p1a: Farigiraf
|-supereffective|p1a: Farigiraf|1
|-damage|p1a: Farigiraf|36/100
|-start|p1a: Farigiraf|Throat Chop|[silent]
|
|-damage|p2b: Scrafty|72/100 brn|[from] brn
|-end|p1b: Scovillain|Throat Chop|[silent]
|upkeep
|turn|3
|
|t:|1785086008
|switch|p1a: Torkoal|Torkoal, L50, F|100/100
|-weather|SunnyDay|[from] ability: Drought|[of] p1a: Torkoal
|move|p2a: Incineroar|Snarl|p1a: Torkoal|[spread] p1a,p1b
|-damage|p1a: Torkoal|77/100
|-damage|p1b: Scovillain|26/100
|-unboost|p1a: Torkoal|spa|1
|-unboost|p1b: Scovillain|spa|1
|-immune|p2a: Incineroar
|move|p1b: Scovillain|Giga Drain|p2b: Scrafty
|-crit|p2b: Scrafty
|-damage|p2b: Scrafty|35/100 brn
|-heal|p1b: Scovillain|44/100|[from] drain|[of] p2b: Scrafty
|move|p2b: Scrafty|Throat Chop|p1a: Torkoal
|-damage|p1a: Torkoal|60/100
|-start|p1a: Torkoal|Throat Chop|[silent]
|
|-weather|SunnyDay|[upkeep]
|-damage|p2b: Scrafty|29/100 brn|[from] brn
|upkeep
|turn|4
|
|t:|1785086089
|switch|p2b: Vivillon|Vivillon, L50, F|100/100
|move|p1b: Scovillain|Rage Powder|p1b: Scovillain
|-singleturn|p1b: Scovillain|move: Rage Powder
|move|p1a: Torkoal|Heat Wave|p2b: Vivillon|[spread] p2a,p2b
|-resisted|p2a: Incineroar|1
|-supereffective|p2b: Vivillon|1
|-damage|p2a: Incineroar|82/100
|-enditem|p2b: Vivillon|Focus Sash
|-damage|p2b: Vivillon|1/100
|-status|p2b: Vivillon|brn
|move|p2a: Incineroar|Heat Wave|p1a: Torkoal|[spread] p1a,p1b
|-resisted|p1a: Torkoal|1
|-damage|p1a: Torkoal|31/100
|-damage|p1b: Scovillain|11/100
|-immune|p2a: Incineroar
|
|-weather|SunnyDay|[upkeep]
|-damage|p2b: Vivillon|0 fnt|[from] brn
|faint|p2b: Vivillon
|-end|p1a: Torkoal|Throat Chop|[silent]
|upkeep
|c| applejuice1738|holy burn
|
|t:|1785086113
|switch|p2b: Slowbro|Slowbro, L50, M|100/100
|turn|5
|
|t:|1785086187
|switch|p2a: Scrafty|Scrafty-Mega, L50, M|29/100 brn
|-ability|p2a: Scrafty|Intimidate|boost
|-unboost|p1a: Torkoal|atk|1
|-unboost|p1b: Scovillain|atk|1
|move|p1a: Torkoal|Yawn|p2b: Slowbro
|-start|p2b: Slowbro|move: Yawn|[of] p1a: Torkoal
|move|p2b: Slowbro|Scald|p1a: Torkoal
|-supereffective|p1a: Torkoal|1
|-damage|p1a: Torkoal|0 fnt
|faint|p1a: Torkoal
|move|p1b: Scovillain|Giga Drain|p2b: Slowbro
|-supereffective|p2b: Slowbro|1
|-damage|p2b: Slowbro|60/100
|-heal|p1b: Scovillain|34/100|[from] drain|[of] p2b: Slowbro
|
|-weather|SunnyDay|[upkeep]
|-damage|p2a: Scrafty|23/100 brn|[from] brn
|-fieldend|move: Trick Room
|upkeep
|
|t:|1785086203
|switch|p1a: Mamoswine|Mamoswine, L50, M|100/100
|turn|6
|c| applejuice1738|a goat has arrived
|
|t:|1785086244
|move|p2a: Scrafty|Fake Out|p1b: Scovillain
|-damage|p1b: Scovillain|26/100
|move|p1a: Mamoswine|Ice Shard|p2a: Scrafty
|-damage|p2a: Scrafty|1/100 brn
|-damage|p1a: Mamoswine|90/100|[from] item: Life Orb
|cant|p1b: Scovillain|flinch
|move|p2b: Slowbro|Scald|p1a: Mamoswine
|-supereffective|p1a: Mamoswine|1
|-damage|p1a: Mamoswine|42/100
|-status|p1a: Mamoswine|brn
|
|-weather|SunnyDay|[upkeep]
|-damage|p1a: Mamoswine|36/100 brn|[from] brn
|-damage|p2a: Scrafty|0 fnt|[from] brn
|faint|p2a: Scrafty
|-end|p2b: Slowbro|move: Yawn|[silent]
|-status|p2b: Slowbro|slp
|upkeep
|
|t:|1785086259
|switch|p2a: Incineroar|Incineroar, L50, M|82/100
|-ability|p2a: Incineroar|Intimidate|boost
|-unboost|p1a: Mamoswine|atk|1
|-unboost|p1b: Scovillain|atk|1
|turn|7
|c| applejuice1738|holy ice shard bm
|
|t:|1785086341
|move|p1b: Scovillain|Protect|p1b: Scovillain
|-singleturn|p1b: Scovillain|Protect
|move|p1a: Mamoswine|Earthquake|p2a: Incineroar|[spread] p2a,p2b
|-activate|p1b: Scovillain|move: Protect
|-supereffective|p2a: Incineroar|1
|-damage|p2a: Incineroar|45/100
|-damage|p2b: Slowbro|45/100 slp
|-enditem|p2a: Incineroar|Sitrus Berry|[eat]
|-heal|p2a: Incineroar|70/100|[from] item: Sitrus Berry
|-damage|p1a: Mamoswine|27/100 brn|[from] item: Life Orb
|move|p2a: Incineroar|Heat Wave|p1b: Scovillain|[spread] p1a
|-activate|p1b: Scovillain|move: Protect
|-supereffective|p1a: Mamoswine|1
|-damage|p1a: Mamoswine|0 fnt
|faint|p1a: Mamoswine
|cant|p2b: Slowbro|slp
|
|-weather|none
|upkeep
|
|t:|1785086358
|switch|p1a: Farigiraf|Farigiraf, L50, F|36/100
|turn|8
|
|t:|1785086393
|move|p1b: Scovillain|Giga Drain|p2b: Slowbro
|-supereffective|p2b: Slowbro|1
|-damage|p2b: Slowbro|6/100 slp
|-heal|p1b: Scovillain|48/100|[from] drain|[of] p2b: Slowbro
|move|p2a: Incineroar|Snarl|p1b: Scovillain|[spread] p1a,p1b
|-supereffective|p1a: Farigiraf|1
|-damage|p1a: Farigiraf|2/100
|-damage|p1b: Scovillain|34/100
|-unboost|p1a: Farigiraf|spa|1
|-unboost|p1b: Scovillain|spa|1
|-immune|p2a: Incineroar
|move|p1a: Farigiraf|Psychic Fangs|p2b: Slowbro
|-resisted|p2b: Slowbro|1
|-damage|p2b: Slowbro|0 fnt
|faint|p2b: Slowbro
|
|upkeep
|turn|9
|c| applejuice1738|DOWN TO THE WIRE
|
|t:|1785086428
|move|p1b: Scovillain|Protect|p1b: Scovillain
|-singleturn|p1b: Scovillain|Protect
|move|p2a: Incineroar|Snarl|p1b: Scovillain|[spread] p1a
|-activate|p1b: Scovillain|move: Protect
|-supereffective|p1a: Farigiraf|1
|-damage|p1a: Farigiraf|0 fnt
|faint|p1a: Farigiraf
|
|upkeep
|turn|10
|
|t:|1785086468
|move|p1b: Scovillain|Giga Drain|p2a: Incineroar
|-resisted|p2a: Incineroar|1
|-damage|p2a: Incineroar|64/100
|-heal|p1b: Scovillain|38/100|[from] drain|[of] p2a: Incineroar
|move|p2a: Incineroar|Snarl|p1b: Scovillain
|-damage|p1b: Scovillain|19/100
|-unboost|p1b: Scovillain|spa|1
|-immune|p2a: Incineroar
|
|upkeep
|turn|11
|
|t:|1785086479
|move|p1b: Scovillain|Rage Powder|p1b: Scovillain
|-singleturn|p1b: Scovillain|move: Rage Powder
|move|p2a: Incineroar|Snarl|p1b: Scovillain
|-damage|p1b: Scovillain|0 fnt
|-immune|p2a: Incineroar
|faint|p1b: Scovillain
|
|win|Fervvvvv
