|j|☆huhvin
|j|☆Cetoo
|html|huhvinCetoo    
|uhtml|bestof|Game 2 of a best-of-3
|t:|1783991219
|gametype|doubles
|player|p1|huhvin|266|
|player|p2|Cetoo|bugcatcher-gen4dp|
|gen|9
|tier|[Gen 9 Champions] VGC 2026 Reg M-B (Bo3)
|rule|Species Clause: Limit one of each Pokémon
|rule|Item Clause: Limit 1 of each item
|clearpoke
|poke|p1|Sylveon, L50, M|
|poke|p1|Incineroar, L50, F|
|poke|p1|Torkoal, L50, F|
|poke|p1|Scizor, L50, M|
|poke|p1|Typhlosion-Hisui, L50, M|
|poke|p1|Annihilape, L50, F|
|poke|p2|Metagross, L50, shiny|
|poke|p2|Kingambit, L50, F, shiny|
|poke|p2|Gholdengo, L50|
|poke|p2|Dragapult, L50, F|
|poke|p2|Rotom-Wash, L50, shiny|
|poke|p2|Clefable, L50, M, shiny|
|teampreview|4
|showteam|p1|Sylveon||FairyFeather|Pixilate|HelpingHand,HyperVoice,WeatherBall,LightScreen|Modest||M|||50|]Incineroar||Charcoal|Intimidate|FakeOut,PartingShot,Earthquake,BlazeKick|Adamant||F|||50|]Torkoal||HeatRock|Drought|Eruption,SolarBeam,HeatWave,Earthquake|Quiet||F|||50|]Scizor||Scizorite|Technician|BulletPunch,Tailwind,KnockOff,Uturn|Adamant||M|||50|]Typhlosion-Hisui||ChoiceScarf|Blaze|Eruption,ShadowBall,HeatWave,InfernalParade|Timid||M|||50|]Annihilape||ChestoBerry|Defiant|RageFist,Rest,DrainPunch,BulkUp|Adamant||F|||50|
|showteam|p2|Metagross||Metagrossite|ClearBody|Protect,IronHead,PsychicFangs,StompingTantrum|Jolly|||||50|]Kingambit||ChopleBerry|SupremeOverlord|Protect,KowtowCleave,SuckerPunch,IronHead|Adamant||F|||50|]Gholdengo||LifeOrb|GoodasGold|Protect,MakeItRain,ShadowBall,NastyPlot|Timid|||||50|]Dragapult||FocusSash|ClearBody|Protect,DragonDarts,PhantomForce,WillOWisp|Jolly||F|||50|]Rotom-Wash||Leftovers|Levitate|Protect,HydroPump,Thunderbolt,WillOWisp|Calm|||||50|]Clefable||SitrusBerry|Unaware|FollowMe,Moonblast,Protect,HelpingHand|Calm||M|||50|
|j| Backwards_Aerial
|j| NiL312
|
|t:|1783991258
|teamsize|p1|4
|teamsize|p2|4
|start
|switch|p1a: Scizor|Scizor, L50, M|100/100
|switch|p1b: Annihilape|Annihilape, L50, F|100/100
|switch|p2a: Clefable|Clefable, L50, M, shiny|100/100
|switch|p2b: Gholdengo|Gholdengo, L50|100/100
|turn|1
|
|t:|1783991278
|switch|p2b: Rotom|Rotom-Wash, L50, shiny|100/100
|switch|p1b: Incineroar|Incineroar, L50, F|100/100
|-ability|p1b: Incineroar|Intimidate|boost
|-unboost|p2a: Clefable|atk|1
|-unboost|p2b: Rotom|atk|1
|detailschange|p1a: Scizor|Scizor-Mega, L50, M
|-mega|p1a: Scizor|Scizor|Scizorite
|move|p2a: Clefable|Follow Me|p2a: Clefable
|-singleturn|p2a: Clefable|move: Follow Me
|move|p1a: Scizor|Knock Off|p2a: Clefable
|-resisted|p2a: Clefable|1
|-damage|p2a: Clefable|77/100
|-enditem|p2a: Clefable|Sitrus Berry|[from] move: Knock Off|[of] p1a: Scizor
|
|upkeep
|turn|2
|
|t:|1783991307
|switch|p1a: Sylveon|Sylveon, L50, M|100/100
|move|p2a: Clefable|Helping Hand|p2b: Rotom
|-singleturn|p2b: Rotom|Helping Hand|[of] p2a: Clefable
|move|p2b: Rotom|Hydro Pump|p1b: Incineroar
|-supereffective|p1b: Incineroar|1
|-damage|p1b: Incineroar|0 fnt
|faint|p1b: Incineroar
|
|upkeep
|
|t:|1783991321
|switch|p1b: Scizor|Scizor-Mega, L50, M|100/100
|turn|3
|
|t:|1783991330
|switch|p2b: Gholdengo|Gholdengo, L50|100/100
|move|p2a: Clefable|Follow Me|p2a: Clefable
|-singleturn|p2a: Clefable|move: Follow Me
|move|p1b: Scizor|Tailwind|p1b: Scizor
|-sidestart|p1: huhvin|move: Tailwind
|move|p1a: Sylveon|Light Screen|p1a: Sylveon
|-sidestart|p1: huhvin|move: Light Screen
|
|upkeep
|turn|4
|
|t:|1783991347
|move|p1a: Sylveon|Helping Hand|p1b: Scizor
|-singleturn|p1b: Scizor|Helping Hand|[of] p1a: Sylveon
|move|p2a: Clefable|Follow Me|p2a: Clefable
|-singleturn|p2a: Clefable|move: Follow Me
|move|p1b: Scizor|Bullet Punch|p2a: Clefable
|-supereffective|p2a: Clefable|1
|-damage|p2a: Clefable|0 fnt
|faint|p2a: Clefable
|move|p2b: Gholdengo|Nasty Plot|p2b: Gholdengo
|-boost|p2b: Gholdengo|spa|2
|
|upkeep
|
|t:|1783991359
|switch|p2a: Metagross|Metagross, L50, shiny|100/100
|turn|5
|
|t:|1783991376
|detailschange|p2a: Metagross|Metagross-Mega, L50, shiny
|-mega|p2a: Metagross|Metagross|Metagrossite
|move|p2a: Metagross|Protect|p2a: Metagross
|-singleturn|p2a: Metagross|Protect
|move|p1b: Scizor|Knock Off|p2b: Gholdengo
|-supereffective|p2b: Gholdengo|1
|-damage|p2b: Gholdengo|2/100
|-enditem|p2b: Gholdengo|Life Orb|[from] move: Knock Off|[of] p1b: Scizor
|move|p1a: Sylveon|Hyper Voice|p2a: Metagross|[spread] p2b
|-activate|p2a: Metagross|move: Protect
|-resisted|p2b: Gholdengo|1
|-damage|p2b: Gholdengo|0 fnt
|faint|p2b: Gholdengo
|
|upkeep
|
|t:|1783991389
|switch|p2b: Rotom|Rotom-Wash, L50, shiny|100/100
|turn|6
|
|t:|1783991410
|move|p1b: Scizor|U-turn|p2a: Metagross
|-damage|p2a: Metagross|65/100
|
|t:|1783991413
|switch|p1b: Annihilape|Annihilape, L50, F|100/100|[from] U-turn
|move|p2a: Metagross|Iron Head|p1a: Sylveon
|-supereffective|p1a: Sylveon|1
|-damage|p1a: Sylveon|0 fnt
|faint|p1a: Sylveon
|move|p2b: Rotom|Thunderbolt|p1b: Annihilape
|-damage|p1b: Annihilape|80/100
|
|-sideend|p1: huhvin|move: Tailwind
|upkeep
|
|t:|1783991422
|switch|p1a: Scizor|Scizor-Mega, L50, M|100/100
|turn|7
|
|t:|1783991440
|move|p2a: Metagross|Psychic Fangs|p1b: Annihilape
|-sideend|p1: huhvin|move: Light Screen
|-supereffective|p1b: Annihilape|1
|-damage|p1b: Annihilape|0 fnt
|faint|p1b: Annihilape
|move|p2b: Rotom|Thunderbolt|p1a: Scizor
|-damage|p1a: Scizor|65/100
|move|p1a: Scizor|Tailwind|p1a: Scizor
|-sidestart|p1: huhvin|move: Tailwind
|
|upkeep
|turn|8
|
|t:|1783991466
|move|p1a: Scizor|Knock Off|p2b: Rotom
|-damage|p2b: Rotom|56/100
|-enditem|p2b: Rotom|Leftovers|[from] move: Knock Off|[of] p1a: Scizor
|move|p2a: Metagross|Stomping Tantrum|p1a: Scizor
|-damage|p1a: Scizor|37/100
|move|p2b: Rotom|Thunderbolt|p1a: Scizor
|-damage|p1a: Scizor|6/100
|
|upkeep
|turn|9
|
|t:|1783991477
|move|p1a: Scizor|U-turn|p2a: Metagross
|-damage|p2a: Metagross|31/100
|move|p2a: Metagross|Stomping Tantrum|p1a: Scizor
|-damage|p1a: Scizor|0 fnt
|faint|p1a: Scizor
|
|win|Cetoo
|inactive|huhvin has 30 seconds to confirm battle start!
|inactive|Cetoo has 30 seconds to confirm battle start!
