|j|Ōśågodoftoasty
|j|ŌśåJumpayGreen
|html|godoftoastyJumpayGreen    
|uhtml|bestof|Game 1 of a best-of-3
|t:|1783526804
|gametype|doubles
|player|p1|godoftoasty|265|1164
|player|p2|JumpayGreen|101|1044
|gen|9
|tier|[Gen 9 Champions] VGC 2026 Reg M-B (Bo3)
|rated|
|rule|Species Clause: Limit one of each Pok├®mon
|rule|Item Clause: Limit 1 of each item
|clearpoke
|poke|p1|Gengar, L50, F, shiny|
|poke|p1|Incineroar, L50, F|
|poke|p1|Garchomp, L50, M|
|poke|p1|Rotom-Wash, L50, shiny|
|poke|p1|Grimmsnarl, L50, M, shiny|
|poke|p1|Floette-Eternal, L50, F|
|poke|p2|Grimmsnarl, L50, M|
|poke|p2|Gardevoir, L50, F|
|poke|p2|Tyranitar, L50, F|
|poke|p2|Rotom-Mow, L50|
|poke|p2|Sceptile, L50, M|
|poke|p2|Araquanid, L50, F|
|teampreview|4
|showteam|p1|Gengar||Gengarite|CursedBody|ShadowBall,SludgeBomb,PerishSong,Protect|Timid||F|||50|]Incineroar||SitrusBerry|Intimidate|FakeOut,PartingShot,Protect,FlareBlitz|Impish||F|||50|]Garchomp||LifeOrb|RoughSkin|ScaleShot,StompingTantrum,RockSlide,Protect|Adamant||M|||50|]Rotom-Wash||Leftovers|Levitate|HydroPump,VoltSwitch,WillOWisp,Protect|Bold|||||50|]Grimmsnarl||LightClay|Prankster|FakeOut,PartingShot,Reflect,SpiritBreak|Careful||M|||50|]Floette-Eternal||Floettite|FlowerVeil|CalmMind,DazzlingGleam,DrainingKiss,Protect|Timid||F|||50|
|showteam|p2|Grimmsnarl||LightClay|Prankster|LightScreen,Reflect,ScaryFace,SuckerPunch|Impish||M|||50|]Gardevoir||Gardevoirite|Telepathy|HyperVoice,Protect,MysticalFire,Psychic|Modest||F|||50|]Tyranitar||LifeOrb|SandStream|RockSlide,DragonDance,Protect,IcePunch|Adamant||F|||50|]Rotom-Mow||ChoiceScarf|Levitate|Discharge,LeafStorm,ShadowBall,Thunderbolt|Timid|||||50|]Sceptile||Sceptilite|Overgrow|LeafStorm,EarthPower,DragonPulse,VacuumWave|Serious||M|||50|]Araquanid||MysticWater|WaterBubble|Liquidation,WideGuard,LeechLife,Protect|Brave||F|||50|
|inactive|Battle timer is ON: inactive players will automatically lose when time's up. (requested by JumpayGreen)
|
|t:|1783526854
|teamsize|p1|4
|teamsize|p2|4
|start
|switch|p1a: Floette|Floette-Eternal, L50, F|100/100
|switch|p1b: Grimmsnarl|Grimmsnarl, L50, M, shiny|100/100
|switch|p2a: Gardevoir|Gardevoir, L50, F|100/100
|switch|p2b: Dr. WD Greenster|Grimmsnarl, L50, M|100/100
|turn|1
|
|t:|1783526879
|detailschange|p2a: Gardevoir|Gardevoir-Mega, L50, F
|-mega|p2a: Gardevoir|Gardevoir|Gardevoirite
|move|p1b: Grimmsnarl|Fake Out|p2a: Gardevoir
|-damage|p2a: Gardevoir|81/100
|move|p2b: Dr. WD Greenster|Light Screen|p2b: Dr. WD Greenster
|-sidestart|p2: JumpayGreen|move: Light Screen
|move|p1a: Floette|Calm Mind|p1a: Floette
|-boost|p1a: Floette|spa|1
|-boost|p1a: Floette|spd|1
|cant|p2a: Gardevoir|flinch
|
|upkeep
|turn|2
|
|t:|1783526898
|switch|p1b: Incineroar|Incineroar, L50, F|100/100
|-ability|p1b: Incineroar|Intimidate|boost
|-unboost|p2a: Gardevoir|atk|1
|-unboost|p2b: Dr. WD Greenster|atk|1
|move|p1a: Floette|Protect|p1a: Floette
|-singleturn|p1a: Floette|Protect
|move|p2b: Dr. WD Greenster|Scary Face|p1a: Floette
|-activate|p1a: Floette|move: Protect
|move|p2a: Gardevoir|Hyper Voice|p1b: Incineroar|[spread] p1b
|-activate|p1a: Floette|move: Protect
|-damage|p1b: Incineroar|56/100
|
|upkeep
|turn|3
|
|t:|1783526921
|move|p1b: Incineroar|Fake Out|p2b: Dr. WD Greenster
|-damage|p2b: Dr. WD Greenster|90/100
|cant|p2b: Dr. WD Greenster|flinch
|move|p1a: Floette|Calm Mind|p1a: Floette
|-boost|p1a: Floette|spa|1
|-boost|p1a: Floette|spd|1
|move|p2a: Gardevoir|Psychic|p1a: Floette
|-damage|p1a: Floette|72/100
|
|upkeep
|turn|4
|
|t:|1783526939
|move|p1a: Floette|Protect|p1a: Floette
|-singleturn|p1a: Floette|Protect
|move|p2b: Dr. WD Greenster|Sucker Punch||[still]
|-fail|p2b: Dr. WD Greenster
|move|p2a: Gardevoir|Hyper Voice|p1a: Floette|[spread] p1b
|-activate|p1a: Floette|move: Protect
|-damage|p1b: Incineroar|9/100
|-enditem|p1b: Incineroar|Sitrus Berry|[eat]
|-heal|p1b: Incineroar|34/100|[from] item: Sitrus Berry
|move|p1b: Incineroar|Parting Shot|p2a: Gardevoir
|-unboost|p2a: Gardevoir|atk|1
|-unboost|p2a: Gardevoir|spa|1
|
|t:|1783526952
|switch|p1b: Grimmsnarl|Grimmsnarl, L50, M, shiny|100/100|[from] Parting Shot
|
|upkeep
|turn|5
|
|t:|1783526964
|detailschange|p1a: Floette|Floette-Mega, L50, F
|-mega|p1a: Floette|Floette|Floettite
|-ability|p1a: Floette|Fairy Aura
|move|p1b: Grimmsnarl|Fake Out|p2b: Dr. WD Greenster
|-damage|p2b: Dr. WD Greenster|79/100
|cant|p2b: Dr. WD Greenster|flinch
|move|p1a: Floette|Dazzling Gleam|p2a: Gardevoir|[spread] p2a,p2b
|-supereffective|p2b: Dr. WD Greenster|1
|-damage|p2a: Gardevoir|28/100
|-damage|p2b: Dr. WD Greenster|0 fnt
|faint|p2b: Dr. WD Greenster
|move|p2a: Gardevoir|Hyper Voice|p1b: Grimmsnarl|[spread] p1a,p1b
|-crit|p1a: Floette
|-supereffective|p1b: Grimmsnarl|1
|-damage|p1a: Floette|0 fnt
|-damage|p1b: Grimmsnarl|12/100
|faint|p1a: Floette
|
|upkeep
|inactive|godoftoasty has 30 seconds left.
|c|Ōśågodoftoasty|All that for the omega crit boosted by my own mon
|inactive|godoftoasty has 20 seconds left.
|c|Ōśågodoftoasty|Honestly thats hilarious
|inactive|godoftoasty has 15 seconds left.
|
|t:|1783527005
|switch|p1a: Garchomp|Garchomp, L50, M|100/100
|switch|p2b: Tyranitar|Tyranitar, L50, F|100/100
|-weather|Sandstorm|[from] ability: Sand Stream|[of] p2b: Tyranitar
|turn|6
|c|ŌśåJumpayGreen|fairy aura makes crit stronger?
|inactive|godoftoasty has 30 seconds left.
|inactive|godoftoasty has 20 seconds left.
|inactive|godoftoasty has 15 seconds left.
|c|Ōśågodoftoasty|No like hyper voice boosted by fairy aura THEN it was a crit
|inactive|godoftoasty has 10 seconds left.
|c|Ōśågodoftoasty|So hella mutpliers
|c|ŌśåJumpayGreen|ahh
|c|ŌśåJumpayGreen|I am noob sry
|inactive|godoftoasty has 5 seconds left.
|
|t:|1783527057
|move|p2a: Gardevoir|Hyper Voice|p1a: Garchomp|[spread] p1a,p1b
|-supereffective|p1a: Garchomp|1
|-supereffective|p1b: Grimmsnarl|1
|-damage|p1a: Garchomp|14/100
|-damage|p1b: Grimmsnarl|0 fnt
|faint|p1b: Grimmsnarl
|move|p1a: Garchomp|Stomping Tantrum|p2a: Gardevoir
|-damage|p2a: Gardevoir|0 fnt
|faint|p2a: Gardevoir
|-damage|p1a: Garchomp|4/100|[from] item: Life Orb
|move|p2b: Tyranitar|Ice Punch|p1a: Garchomp
|-supereffective|p1a: Garchomp|2
|-damage|p1a: Garchomp|0 fnt
|-damage|p2b: Tyranitar|87/100|[from] ability: Rough Skin|[of] p1a: Garchomp
|faint|p1a: Garchomp
|-damage|p2b: Tyranitar|78/100|[from] item: Life Orb
|
|-weather|Sandstorm|[upkeep]
|upkeep
|
|t:|1783527073
|switch|p2a: InBetween|Araquanid, L50, F|100/100
|switch|p1b: Incineroar|Incineroar, L50, F|34/100
|-ability|p1b: Incineroar|Intimidate|boost
|-unboost|p2a: InBetween|atk|1
|-unboost|p2b: Tyranitar|atk|1
|turn|7
|
|t:|1783527083
|move|p2b: Tyranitar|Rock Slide|p1b: Incineroar
|-supereffective|p1b: Incineroar|1
|-damage|p1b: Incineroar|0 fnt
|faint|p1b: Incineroar
|-damage|p2b: Tyranitar|68/100|[from] item: Life Orb
|
|win|JumpayGreen
