|j|☆alkittxn
|j|☆santigor
|html|alkittxnsantigor    
|uhtml|bestof|Game 1 of a best-of-3
|t:|1784272349
|gametype|doubles
|player|p1|alkittxn|aaron|1084
|player|p2|santigor|1|1088
|gen|9
|tier|[Gen 9 Champions] VGC 2026 Reg M-B (Bo3)
|rated|
|rule|Species Clause: Limit one of each Pokémon
|rule|Item Clause: Limit 1 of each item
|clearpoke
|poke|p1|Gallade, L50, M|
|poke|p1|Camerupt, L50, M|
|poke|p1|Farigiraf, L50, F|
|poke|p1|Talonflame, L50, M|
|poke|p1|Basculegion, L50, M|
|poke|p1|Kingambit, L50, M|
|poke|p2|Metagross, L50|
|poke|p2|Incineroar, L50, M|
|poke|p2|Garchomp, L50, M|
|poke|p2|Aerodactyl, L50, F|
|poke|p2|Sylveon, L50, F|
|poke|p2|Farigiraf, L50, M|
|teampreview|4
|showteam|p1|Gallade||FocusSash|Sharpness|SacredSword,TripleAxel,WideGuard,TrickRoom|Adamant||M|||50|]Camerupt||Cameruptite|SolidRock|AncientPower,HeatWave,EarthPower,Protect|Quiet||M|||50|]Farigiraf||ColburBerry|ArmorTail|HelpingHand,TrickRoom,Protect,Thunderbolt|Bold||F|||50|]Talonflame||ChartiBerry|GaleWings|DualWingbeat,Tailwind,FlareBlitz,Taunt|Relaxed||M|||50|]Basculegion||MysticWater|Adaptability|AquaJet,WaveCrash,LastRespects,FlipTurn|Adamant||M|||50|]Kingambit||ChopleBerry|Defiant|SuckerPunch,KowtowCleave,IronHead,Protect|Adamant||M|||50|
|showteam|p2|Metagross||Metagrossite|ClearBody|PsychicFangs,Protect,IronHead,BodyPress|Jolly|||||50|]Incineroar||Leftovers|Intimidate|PartingShot,FakeOut,DarkestLariat,FlareBlitz|Adamant||M|||50|]Garchomp||LifeOrb|RoughSkin|RockSlide,Earthquake,Protect,DragonClaw|Jolly||M|||50|]Aerodactyl||Aerodactylite|RockHead|Protect,Tailwind,RockSlide,DualWingbeat|Jolly||F|||50|]Sylveon||FairyFeather|Pixilate|Detect,HyperBeam,HyperVoice,QuickAttack|Modest||F|||50|]Farigiraf||SitrusBerry|ArmorTail|EnergyBall,HelpingHand,TrickRoom,Psychic|Bold||M|||50|
|
|t:|1784272400
|teamsize|p1|4
|teamsize|p2|4
|start
|switch|p1a: Gallade|Gallade, L50, M|100/100
|switch|p1b: Talonflame|Talonflame, L50, M|100/100
|switch|p2a: Aerodactyl|Aerodactyl, L50, F|100/100
|switch|p2b: Garchomp|Garchomp, L50, M|100/100
|turn|1
|inactive|Battle timer is ON: inactive players will automatically lose when time's up. (requested by santigor)
|
|t:|1784272423
|detailschange|p2a: Aerodactyl|Aerodactyl-Mega, L50, F
|-mega|p2a: Aerodactyl|Aerodactyl|Aerodactylite
|move|p2b: Garchomp|Protect|p2b: Garchomp
|-singleturn|p2b: Garchomp|Protect
|move|p1b: Talonflame|Tailwind|p1b: Talonflame
|-sidestart|p1: alkittxn|move: Tailwind
|move|p1a: Gallade|Triple Axel|p2b: Garchomp
|-activate|p2b: Garchomp|move: Protect
|move|p2a: Aerodactyl|Tailwind|p2a: Aerodactyl
|-sidestart|p2: santigor|move: Tailwind
|
|upkeep
|turn|2
|inactive|alkittxn has 30 seconds left.
|inactive|alkittxn has 20 seconds left.
|inactive|alkittxn has 15 seconds left.
|
|t:|1784272468
|switch|p2b: Sylveon|Sylveon, L50, F|100/100
|switch|p1b: Basculegion|Basculegion, L50, M|100/100
|move|p1a: Gallade|Wide Guard|p1a: Gallade
|-singleturn|p1a: Gallade|Wide Guard
|move|p2a: Aerodactyl|Rock Slide|p1a: Gallade|[spread] 
|-activate|p1a: Gallade|move: Wide Guard
|-activate|p1b: Basculegion|move: Wide Guard
|
|upkeep
|turn|3
|inactive|alkittxn has 30 seconds left.
|inactive|santigor has 30 seconds left.
|inactive|alkittxn has 20 seconds left.
|inactive|alkittxn has 15 seconds left.
|inactive|alkittxn has 10 seconds left.
|inactive|alkittxn has 5 seconds left.
|
|t:|1784272519
|switch|p2a: Farigiraf|Farigiraf, L50, M|100/100
|switch|p1a: Kingambit|Kingambit, L50, M|100/100
|move|p1b: Basculegion|Aqua Jet||[still]
|cant|p2a: Farigiraf|ability: Armor Tail|Aqua Jet|[of] p1b: Basculegion
|move|p2b: Sylveon|Hyper Voice|p1b: Basculegion|[spread] p1a,p1b
|-damage|p1a: Kingambit|54/100
|-damage|p1b: Basculegion|61/100
|
|upkeep
|turn|4
|inactive|alkittxn has 30 seconds left.
|
|t:|1784272547
|move|p1a: Kingambit|Protect|p1a: Kingambit
|-singleturn|p1a: Kingambit|Protect
|move|p1b: Basculegion|Wave Crash|p2b: Sylveon
|-damage|p2b: Sylveon|0 fnt
|faint|p2b: Sylveon
|-damage|p1b: Basculegion|31/100|[from] Recoil
|move|p2a: Farigiraf|Trick Room|p2a: Farigiraf
|-fieldstart|move: Trick Room|[of] p2a: Farigiraf
|
|-sideend|p1: alkittxn|move: Tailwind
|-sideend|p2: santigor|move: Tailwind
|upkeep
|
|t:|1784272552
|switch|p2b: Garchomp|Garchomp, L50, M|100/100
|turn|5
|
|t:|1784272571
|move|p2b: Garchomp|Protect|p2b: Garchomp
|-singleturn|p2b: Garchomp|Protect
|move|p1a: Kingambit|Kowtow Cleave|p2a: Farigiraf
|-supereffective|p2a: Farigiraf|1
|-damage|p2a: Farigiraf|9/100
|-enditem|p2a: Farigiraf|Sitrus Berry|[eat]
|-heal|p2a: Farigiraf|34/100|[from] item: Sitrus Berry
|move|p2a: Farigiraf|Energy Ball|p1b: Basculegion
|-supereffective|p1b: Basculegion|1
|-damage|p1b: Basculegion|0 fnt
|faint|p1b: Basculegion
|
|upkeep
|
|t:|1784272585
|switch|p1b: Gallade|Gallade, L50, M|100/100
|turn|6
|
|t:|1784272602
|move|p2a: Farigiraf|Helping Hand|p2b: Garchomp
|-singleturn|p2b: Garchomp|Helping Hand|[of] p2a: Farigiraf
|move|p1a: Kingambit|Iron Head|p2a: Farigiraf
|-crit|p2a: Farigiraf
|-damage|p2a: Farigiraf|0 fnt
|faint|p2a: Farigiraf
|move|p1b: Gallade|Triple Axel|p2b: Garchomp
|-supereffective|p2b: Garchomp|2
|-damage|p2b: Garchomp|69/100
|-damage|p1b: Gallade|87/100|[from] ability: Rough Skin|[of] p2b: Garchomp
|-supereffective|p2b: Garchomp|2
|-damage|p2b: Garchomp|15/100
|-damage|p1b: Gallade|75/100|[from] ability: Rough Skin|[of] p2b: Garchomp
|-supereffective|p2b: Garchomp|2
|-damage|p2b: Garchomp|0 fnt
|-damage|p1b: Gallade|62/100|[from] ability: Rough Skin|[of] p2b: Garchomp
|faint|p2b: Garchomp
|-hitcount|p2: Garchomp|3
|
|upkeep
|-message|santigor forfeited.
|
|win|alkittxn
|l|☆santigor
|player|p2|
||santigor is ready for game 2.
|inactive|alkittxn has 30 seconds to confirm battle start!
