|j|☆BeatrizPinzon64
|j|☆VGCsoul
|html|BeatrizPinzon64VGCsoul    
|uhtml|bestof|Game 2 of a best-of-3
|t:|1782430280
|gametype|doubles
|player|p1|BeatrizPinzon64|clerkf|1098
|player|p2|VGCsoul|101|1000
|gen|9
|tier|[Gen 9 Champions] VGC 2026 Reg M-B (Bo3)
|rated|
|rule|Species Clause: Limit one of each Pokémon
|rule|Item Clause: Limit 1 of each item
|clearpoke
|poke|p1|Metagross, L50|
|poke|p1|Floette-Eternal, L50, F|
|poke|p1|Whimsicott, L50, M|
|poke|p1|Garchomp, L50, M|
|poke|p1|Kingambit, L50, M|
|poke|p1|Sneasler, L50, F|
|poke|p2|Farigiraf, L50, M|
|poke|p2|Torkoal, L50, M|
|poke|p2|Vileplume, L50, M|
|poke|p2|Clefable, L50, M|
|poke|p2|Kingambit, L50, M|
|poke|p2|Tyrantrum, L50, M|
|teampreview|4
|showteam|p1|Metagross||Metagrossite|ClearBody|IcePunch,IronHead,PsychicFangs,Protect|Jolly|||||50|]Floette-Eternal||Floettite|FlowerVeil|LightofRuin,Moonblast,DazzlingGleam,Protect|Timid||F|||50|]Whimsicott||FocusSash|Prankster|Moonblast,Tailwind,EnergyBall,Encore|Timid||M|||50|]Garchomp||LifeOrb|RoughSkin|DragonClaw,RockTomb,StompingTantrum,Protect|Jolly||M|||50|]Kingambit||ChopleBerry|Defiant|SuckerPunch,KowtowCleave,IronHead,Protect|Adamant||M|||50|]Sneasler||WhiteHerb|Unburden|CloseCombat,DireClaw,FakeOut,Protect|Jolly||F|||50|
|showteam|p2|Farigiraf||SitrusBerry|ArmorTail|TwinBeam,HyperVoice,TrickRoom,HelpingHand|Quiet||M|||50|]Torkoal||Charcoal|Drought|Eruption,HeatWave,SolarBeam,WeatherBall|Modest||M|||50|]Vileplume||FocusSash|EffectSpore|AfterYou,SleepPowder,SolarBeam,PollenPuff|Modest||M|||50|]Clefable||Clefablite|CuteCharm|FollowMe,DazzlingGleam,Thunderbolt,Encore|Relaxed||M|||50|]Kingambit||ChopleBerry|SupremeOverlord|IronHead,KowtowCleave,SuckerPunch,Protect|Adamant||M|||50|]Tyrantrum||ExpertBelt|StrongJaw|Crunch,RockSlide,DragonClaw,IceFang|Adamant||M|||50|
|
|t:|1782430335
|teamsize|p1|4
|teamsize|p2|4
|start
|switch|p1a: Metagross|Metagross, L50|100/100
|switch|p1b: Garchomp|Garchomp, L50, M|100/100
|switch|p2a: Farigiraf|Farigiraf, L50, M|100/100
|switch|p2b: Tyrantrum|Tyrantrum, L50, M|100/100
|turn|1
|
|t:|1782430362
|detailschange|p1a: Metagross|Metagross-Mega, L50
|-mega|p1a: Metagross|Metagross|Metagrossite
|move|p1a: Metagross|Iron Head|p2a: Farigiraf
|-damage|p2a: Farigiraf|40/100
|-enditem|p2a: Farigiraf|Sitrus Berry|[eat]
|-heal|p2a: Farigiraf|64/100|[from] item: Sitrus Berry
|move|p1b: Garchomp|Dragon Claw|p2a: Farigiraf
|-damage|p2a: Farigiraf|14/100
|-damage|p1b: Garchomp|90/100|[from] item: Life Orb
|move|p2b: Tyrantrum|Ice Fang|p1b: Garchomp
|-supereffective|p1b: Garchomp|2
|-damage|p1b: Garchomp|0 fnt
|-damage|p2b: Tyrantrum|87/100|[from] ability: Rough Skin|[of] p1b: Garchomp
|faint|p1b: Garchomp
|move|p2a: Farigiraf|Trick Room|p2a: Farigiraf
|-fieldstart|move: Trick Room|[of] p2a: Farigiraf
|
|upkeep
|
|t:|1782430376
|switch|p1b: Kingambit|Kingambit, L50, M|100/100
|turn|2
|
|t:|1782430393
|switch|p2a: Torkoal|Torkoal, L50, M|100/100
|-weather|SunnyDay|[from] ability: Drought|[of] p2a: Torkoal
|move|p1b: Kingambit|Kowtow Cleave|p2a: Torkoal
|-damage|p2a: Torkoal|61/100
|move|p2b: Tyrantrum|Crunch|p1a: Metagross
|-supereffective|p1a: Metagross|1
|-damage|p1a: Metagross|26/100
|move|p1a: Metagross|Psychic Fangs|p2a: Torkoal
|-damage|p2a: Torkoal|13/100
|
|-weather|SunnyDay|[upkeep]
|upkeep
|turn|3
|
|t:|1782430416
|move|p1b: Kingambit|Protect|p1b: Kingambit
|-singleturn|p1b: Kingambit|Protect
|move|p2a: Torkoal|Eruption|p1a: Metagross|[spread] p1a
|-activate|p1b: Kingambit|move: Protect
|-supereffective|p1a: Metagross|1
|-damage|p1a: Metagross|3/100
|move|p2b: Tyrantrum|Crunch|p1a: Metagross
|-supereffective|p1a: Metagross|1
|-damage|p1a: Metagross|0 fnt
|faint|p1a: Metagross
|
|-weather|SunnyDay|[upkeep]
|upkeep
|
|t:|1782430427
|switch|p1a: Sneasler|Sneasler, L50, F|100/100
|turn|4
|
|t:|1782430455
|move|p2a: Torkoal|Eruption|p1b: Kingambit|[spread] p1a,p1b
|-supereffective|p1b: Kingambit|1
|-damage|p1a: Sneasler|83/100
|-damage|p1b: Kingambit|72/100
|move|p1b: Kingambit|Kowtow Cleave|p2a: Torkoal
|-damage|p2a: Torkoal|0 fnt
|faint|p2a: Torkoal
|move|p2b: Tyrantrum|Dragon Claw|p1a: Sneasler
|-crit|p1a: Sneasler
|-damage|p1a: Sneasler|0 fnt
|faint|p1a: Sneasler
|
|-weather|SunnyDay|[upkeep]
|upkeep
|
|t:|1782430467
|switch|p2a: Clefable|Clefable, L50, M|100/100
|turn|5
|
|t:|1782430479
|detailschange|p2a: Clefable|Clefable-Mega, L50, M
|-mega|p2a: Clefable|Clefable|Clefablite
|move|p1b: Kingambit|Iron Head|p2a: Clefable
|-supereffective|p2a: Clefable|1
|-damage|p2a: Clefable|30/100
|cant|p2a: Clefable|flinch
|move|p2b: Tyrantrum|Dragon Claw|p1b: Kingambit
|-resisted|p1b: Kingambit|1
|-damage|p1b: Kingambit|56/100
|
|-weather|SunnyDay|[upkeep]
|-fieldend|move: Trick Room
|upkeep
|turn|6
|
|t:|1782430508
|move|p2b: Tyrantrum|Crunch|p1b: Kingambit
|-resisted|p1b: Kingambit|1
|-damage|p1b: Kingambit|41/100
|-unboost|p1b: Kingambit|def|1
|-ability|p1b: Kingambit|Defiant|boost
|-boost|p1b: Kingambit|atk|2
|move|p2a: Clefable|Thunderbolt|p1b: Kingambit
|-damage|p1b: Kingambit|12/100
|move|p1b: Kingambit|Iron Head|p2a: Clefable
|-supereffective|p2a: Clefable|1
|-damage|p2a: Clefable|0 fnt
|faint|p2a: Clefable
|
|-weather|none
|upkeep
|
|t:|1782430520
|switch|p2a: Farigiraf|Farigiraf, L50, M|14/100
|turn|7
|
|t:|1782430525
|move|p2b: Tyrantrum|Dragon Claw|p1b: Kingambit
|-resisted|p1b: Kingambit|1
|-damage|p1b: Kingambit|0 fnt
|faint|p1b: Kingambit
|
|win|VGCsoul
||BeatrizPinzon64 is ready for game 3.
||VGCsoul is ready for game 3.
|uhtml|next|Next: Game 3 of 3
|l|☆VGCsoul
|player|p2|
