|j|☆ExessVGC
|j|☆rodjilius
|html|ExessVGCrodjilius    
|uhtml|bestof|Game 3 of a best-of-3
|t:|1754956322
|gametype|doubles
|player|p1|ExessVGC|266|1166
|player|p2|rodjilius|benga|1185
|gen|9
|tier|[Gen 9] VGC 2025 Reg H (Bo3)
|rated|
|rule|Species Clause: Limit one of each Pokémon
|rule|Item Clause: Limit 1 of each item
|clearpoke
|poke|p1|Bastiodon, L50, F|
|poke|p1|Archaludon, L50, F|
|poke|p1|Delphox, L50, F|
|poke|p1|Corviknight, L50, M|
|poke|p1|Indeedee, L50, M|
|poke|p1|Sneasler, L50, F|
|poke|p2|Dragapult, L50, F|
|poke|p2|Sneasler, L50, M|
|poke|p2|Indeedee, L50, M|
|poke|p2|Incineroar, L50, M|
|poke|p2|Typhlosion-Hisui, L50, F|
|poke|p2|Whimsicott, L50, F|
|teampreview|4
|showteam|p1|Bastiodon||SitrusBerry|Sturdy|WideGuard,BodyPress,MetalBurst,Protect|||F|||50|,,,,,Fairy]Archaludon||PowerHerb|Sturdy|ElectroShot,FlashCannon,DragonPulse,Protect|||F|||50|,,,,,Poison]Delphox||ChoiceScarf|Magician|Trick,HeatWave,ExpandingForce,DazzlingGleam|||F|||50|,,,,,Water]Corviknight||PsychicSeed|MirrorArmor|BulkUp,PowerTrip,Roost,Protect|||M|||50|,,,,,Water]Indeedee||FocusSash|PsychicSurge|ExpandingForce,DazzlingGleam,ShadowBall,Protect|||M|||50|,,,,,Psychic]Sneasler||WhiteHerb|Unburden|CloseCombat,DireClaw,Coaching,Protect|||F|||50|,,,,,Stellar
|showteam|p2|Dragapult||ChoiceBand|ClearBody|DragonDarts,PhantomForce,Uturn,Outrage|||F|||50|,,,,,Dragon]Sneasler||PsychicSeed|Unburden|DireClaw,ThroatChop,CloseCombat,Protect|||M|||50|,,,,,Dark]Indeedee||FocusSash|PsychicSurge|ExpandingForce,Imprison,TeraBlast,TrickRoom|||M|||50|,,,,,Fighting]Incineroar||SafetyGoggles|Intimidate|FakeOut,Taunt,KnockOff,PartingShot|||M|||50|,,,,,Bug]Typhlosion-Hisui||ChoiceSpecs|Blaze|Eruption,HeatWave,ShadowBall,SolarBeam|||F|||50|,,,,,Fire]Whimsicott||CovertCloak|Prankster|Moonblast,Protect,Tailwind,SunnyDay|||F|||50|,,,,,Steel
|inactive|Battle timer is ON: inactive players will automatically lose when time's up. (requested by rodjilius)
|inactive|ExessVGC has 60 seconds left.
|inactive|rodjilius has 60 seconds left.
|
|t:|1754956380
|teamsize|p1|4
|teamsize|p2|4
|start
|switch|p1a: Bastiodon|Bastiodon, L50, F|100/100
|switch|p1b: Sneasler|Sneasler, L50, F|100/100
|switch|p2a: Typhlosion|Typhlosion-Hisui, L50, F|100/100
|switch|p2b: Whimsicott|Whimsicott, L50, F|100/100
|turn|1
|inactive|rodjilius has 30 seconds left.
|
|t:|1754956409
|switch|p2a: Sneasler|Sneasler, L50, M|100/100
|-terastallize|p2b: Whimsicott|Steel
|move|p1b: Sneasler|Protect|p1b: Sneasler
|-singleturn|p1b: Sneasler|Protect
|move|p1a: Bastiodon|Protect|p1a: Bastiodon
|-singleturn|p1a: Bastiodon|Protect
|move|p2b: Whimsicott|Moonblast|p1b: Sneasler
|-activate|p1b: Sneasler|move: Protect
|
|upkeep
|turn|2
|inactive|ExessVGC has 30 seconds left.
|
|t:|1754956441
|switch|p2b: Dragapult|Dragapult, L50, F|100/100
|move|p2a: Sneasler|Close Combat|p1a: Bastiodon
|-supereffective|p1a: Bastiodon
|-ability|p1a: Bastiodon|Sturdy
|-damage|p1a: Bastiodon|1/100
|-unboost|p2a: Sneasler|def|1
|-unboost|p2a: Sneasler|spd|1
|-enditem|p1a: Bastiodon|Sitrus Berry|[eat]
|-heal|p1a: Bastiodon|26/100|[from] item: Sitrus Berry
|move|p1b: Sneasler|Close Combat|p2b: Dragapult
|-immune|p2b: Dragapult
|move|p1a: Bastiodon|Metal Burst|p2a: Sneasler
|-damage|p2a: Sneasler|0 fnt
|faint|p2a: Sneasler
|
|upkeep
|
|t:|1754956459
|switch|p2a: Whimsicott|Whimsicott, L50, F, tera:Steel|100/100
|turn|3
|
|t:|1754956478
|move|p2a: Whimsicott|Protect|p2a: Whimsicott
|-singleturn|p2a: Whimsicott|Protect
|move|p1b: Sneasler|Protect|p1b: Sneasler
|-singleturn|p1b: Sneasler|Protect
|move|p1a: Bastiodon|Protect|p1a: Bastiodon
|-singleturn|p1a: Bastiodon|Protect
|move|p2b: Dragapult|Dragon Darts|p1a: Bastiodon
|-activate|p1b: Sneasler|move: Protect
|
|upkeep
|turn|4
|inactive|ExessVGC has 30 seconds left.
|inactive|ExessVGC has 20 seconds left.
|inactive|ExessVGC has 15 seconds left.
|
|t:|1754956523
|switch|p2a: Typhlosion|Typhlosion-Hisui, L50, F|100/100
|move|p2b: Dragapult|Dragon Darts|p1a: Bastiodon
|-resisted|p1a: Bastiodon
|-damage|p1a: Bastiodon|14/100
|-anim|p2b: Dragapult|Dragon Darts|p1b: Sneasler
|-damage|p1b: Sneasler|34/100
|move|p1b: Sneasler|Close Combat|p2a: Typhlosion
|-immune|p2a: Typhlosion
|move|p1a: Bastiodon|Metal Burst|p2b: Dragapult
|-damage|p2b: Dragapult|83/100
|
|upkeep
|turn|5
|c|☆rodjilius|Tough team
|
|t:|1754956545
|switch|p2a: Whimsicott|Whimsicott, L50, F, tera:Steel|100/100
|move|p1b: Sneasler|Protect|p1b: Sneasler
|-singleturn|p1b: Sneasler|Protect
|move|p1a: Bastiodon|Protect|p1a: Bastiodon
|-singleturn|p1a: Bastiodon|Protect
|move|p2b: Dragapult|Dragon Darts|p1a: Bastiodon
|-activate|p1b: Sneasler|move: Protect
|
|upkeep
|turn|6
|inactive|ExessVGC has 30 seconds left.
|inactive|ExessVGC has 20 seconds left.
|
|t:|1754956582
|switch|p1a: Corviknight|Corviknight, L50, M|100/100
|move|p1b: Sneasler|Protect|p1b: Sneasler
|-singleturn|p1b: Sneasler|Protect
|move|p2b: Dragapult|Dragon Darts|p1a: Corviknight
|-resisted|p1a: Corviknight
|-damage|p1a: Corviknight|86/100
|-anim|p2b: Dragapult|Dragon Darts|p1a: Corviknight
|-resisted|p1a: Corviknight
|-damage|p1a: Corviknight|69/100
|move|p2a: Whimsicott|Moonblast|p1a: Corviknight
|-resisted|p1a: Corviknight
|-damage|p1a: Corviknight|59/100
|
|upkeep
|turn|7
|inactive|ExessVGC has 30 seconds left.
|inactive|ExessVGC has 20 seconds left.
|inactive|ExessVGC has 15 seconds left.
|inactive|ExessVGC has 10 seconds left.
|inactive|ExessVGC has 5 seconds left.
|
|t:|1754956635
|move|p2b: Dragapult|Dragon Darts|p1a: Corviknight
|-resisted|p1a: Corviknight
|-damage|p1a: Corviknight|44/100
|-anim|p2b: Dragapult|Dragon Darts|p1b: Sneasler
|-damage|p1b: Sneasler|0 fnt
|faint|p1b: Sneasler
|move|p2a: Whimsicott|Moonblast|p1a: Corviknight
|-resisted|p1a: Corviknight
|-damage|p1a: Corviknight|32/100
|-ability|p1a: Corviknight|Mirror Armor
|-unboost|p2a: Whimsicott|spa|1
|move|p1a: Corviknight|Bulk Up|p1a: Corviknight
|-boost|p1a: Corviknight|atk|1
|-boost|p1a: Corviknight|def|1
|
|upkeep
|inactive|ExessVGC has 30 seconds left.
|
|t:|1754956665
|switch|p1b: Delphox|Delphox, L50, F|100/100
|turn|8
|
|t:|1754956676
|move|p2a: Whimsicott|Protect|p2a: Whimsicott
|-singleturn|p2a: Whimsicott|Protect
|move|p1b: Delphox|Heat Wave|p2a: Whimsicott|[spread] p2b
|-activate|p2a: Whimsicott|move: Protect
|-resisted|p2b: Dragapult
|-damage|p2b: Dragapult|61/100
|move|p2b: Dragapult|Dragon Darts|p1a: Corviknight
|-resisted|p1a: Corviknight
|-crit|p1a: Corviknight
|-damage|p1a: Corviknight|10/100
|-anim|p2b: Dragapult|Dragon Darts|p1b: Delphox
|-damage|p1b: Delphox|48/100
|move|p1a: Corviknight|Roost|p1a: Corviknight
|-heal|p1a: Corviknight|60/100
|-singleturn|p1a: Corviknight|move: Roost
|
|upkeep
|turn|9
|inactive|ExessVGC has 30 seconds left.
|inactive|ExessVGC has 20 seconds left.
|
|t:|1754956714
|switch|p1b: Bastiodon|Bastiodon, L50, F|14/100
|move|p2a: Whimsicott|Tailwind|p2a: Whimsicott
|-sidestart|p2: rodjilius|move: Tailwind
|move|p2b: Dragapult|Dragon Darts|p1a: Corviknight
|-resisted|p1a: Corviknight
|-damage|p1a: Corviknight|50/100
|-anim|p2b: Dragapult|Dragon Darts|p1b: Bastiodon
|-resisted|p1b: Bastiodon
|-damage|p1b: Bastiodon|3/100
|move|p1a: Corviknight|Bulk Up|p1a: Corviknight
|-boost|p1a: Corviknight|atk|1
|-boost|p1a: Corviknight|def|1
|
|upkeep
|turn|10
|inactive|rodjilius has 30 seconds left.
|inactive|rodjilius has 20 seconds left.
|
|t:|1754956750
|move|p1b: Bastiodon|Protect|p1b: Bastiodon
|-singleturn|p1b: Bastiodon|Protect
|move|p2b: Dragapult|Dragon Darts|p1a: Corviknight
|-resisted|p1a: Corviknight
|-damage|p1a: Corviknight|42/100
|-anim|p2b: Dragapult|Dragon Darts|p1a: Corviknight
|-resisted|p1a: Corviknight
|-damage|p1a: Corviknight|35/100
|move|p2a: Whimsicott|Moonblast|p1b: Bastiodon
|-activate|p1b: Bastiodon|move: Protect
|move|p1a: Corviknight|Roost|p1a: Corviknight
|-heal|p1a: Corviknight|85/100
|-singleturn|p1a: Corviknight|move: Roost
|
|upkeep
|turn|11
|
|t:|1754956772
|move|p2b: Dragapult|Dragon Darts|p1a: Corviknight
|-resisted|p1a: Corviknight
|-damage|p1a: Corviknight|78/100
|-anim|p2b: Dragapult|Dragon Darts|p1b: Bastiodon
|-resisted|p1b: Bastiodon
|-damage|p1b: Bastiodon|0 fnt
|faint|p1b: Bastiodon
|move|p2a: Whimsicott|Moonblast|p1a: Corviknight
|-resisted|p1a: Corviknight
|-damage|p1a: Corviknight|70/100
|move|p1a: Corviknight|Power Trip|p2b: Dragapult
|-supereffective|p2b: Dragapult
|-crit|p2b: Dragapult
|-damage|p2b: Dragapult|0 fnt
|faint|p2b: Dragapult
|
|upkeep
|
|t:|1754956785
|switch|p2b: Typhlosion|Typhlosion-Hisui, L50, F|100/100
|switch|p1b: Delphox|Delphox, L50, F|48/100
|turn|12
|inactive|rodjilius has 30 seconds left.
|
|t:|1754956818
|-terastallize|p1a: Corviknight|Water
|move|p2a: Whimsicott|Sunny Day|p2a: Whimsicott
|-weather|SunnyDay
|move|p2b: Typhlosion|Eruption|p1b: Delphox|[spread] p1a,p1b
|-resisted|p1a: Corviknight
|-resisted|p1b: Delphox
|-damage|p1a: Corviknight|27/100
|-damage|p1b: Delphox|0 fnt
|faint|p1b: Delphox
|move|p1a: Corviknight|Power Trip|p2b: Typhlosion
|-supereffective|p2b: Typhlosion
|-damage|p2b: Typhlosion|0 fnt
|faint|p2b: Typhlosion
|
|-weather|SunnyDay|[upkeep]
|-sideend|p2: rodjilius|move: Tailwind
|upkeep
|turn|13
|
|t:|1754956830
|move|p2a: Whimsicott|Moonblast|p1a: Corviknight
|-damage|p1a: Corviknight|12/100
|move|p1a: Corviknight|Roost|p1a: Corviknight
|-heal|p1a: Corviknight|62/100
|
|-weather|SunnyDay|[upkeep]
|upkeep
|turn|14
|
|t:|1754956837
|move|p2a: Whimsicott|Moonblast|p1a: Corviknight
|-damage|p1a: Corviknight|45/100
|move|p1a: Corviknight|Roost|p1a: Corviknight
|-heal|p1a: Corviknight|96/100
|
|-weather|SunnyDay|[upkeep]
|upkeep
|turn|15
|c|☆rodjilius|Yep u got me
|c|☆rodjilius|Gg
|-message|rodjilius forfeited.
|
|win|ExessVGC
|raw|ExessVGC's rating: 1166 → 1192(+26 for winning)
|raw|rodjilius's rating: 1185 → 1159(-26 for losing)
|c|☆ExessVGC|gg
|l|☆rodjilius
|player|p2|
