|j|☆CTM_Charion
|j|☆1OO% Jesus
|html|CTM_Charion1OO% Jesus    
|uhtml|bestof|Game 1 of a best-of-3
|t:|1782489940
|gametype|doubles
|player|p1|CTM_Charion|chase|
|player|p2|1OO% Jesus|lillie-z|
|gen|9
|tier|[Gen 9 Champions] VGC 2026 Reg M-B (Bo3)
|rule|Species Clause: Limit one of each Pokémon
|rule|Item Clause: Limit 1 of each item
|clearpoke
|poke|p1|Pyroar, L50, F|
|poke|p1|Whimsicott, L50, F|
|poke|p1|Ninetales, L50, F|
|poke|p1|Farigiraf, L50, M|
|poke|p1|Basculegion, L50, M|
|poke|p1|Floette-Eternal, L50, F|
|poke|p2|Charizard, L50, M|
|poke|p2|Whimsicott, L50, F|
|poke|p2|Garchomp, L50, F|
|poke|p2|Basculegion, L50, M|
|poke|p2|Gholdengo, L50|
|poke|p2|Floette-Eternal, L50, F|
|teampreview|4
|showteam|p1|Pyroar||Pyroarite|Unnerve|HeatWave,Overheat,SolarBeam,Protect|Timid||F|||50|]Whimsicott||FocusSash|Prankster|Moonblast,Tailwind,SunnyDay,Protect|Timid||F|||50|]Ninetales||ChoiceScarf|Drought|Overheat,HeatWave,SolarBeam,FakeTears|Modest||F|||50|]Farigiraf||SitrusBerry|ArmorTail|Thunderbolt,TwinBeam,TrickRoom,HelpingHand|Bold||M|||50|]Basculegion||LifeOrb|Adaptability|WaveCrash,LastRespects,AquaJet,Protect|Adamant||M|||50|]Floette-Eternal||Floettite|FlowerVeil|Moonblast,DazzlingGleam,LightofRuin,Protect|Modest||F|||50|
|showteam|p2|Charizard||CharizarditeY|Blaze|HeatWave,WeatherBall,SolarBeam,Protect|Modest||M|||50|]Whimsicott||FocusSash|Prankster|Moonblast,Tailwind,Encore,Protect|Timid||F|||50|]Garchomp||LifeOrb|RoughSkin|Earthquake,DragonClaw,RockSlide,Protect|Jolly||F|||50|]Basculegion||MysticWater|Adaptability|WaveCrash,LastRespects,AquaJet,Protect|Adamant||M|||50|]Gholdengo||ChoiceScarf|GoodasGold|MakeItRain,ShadowBall,PowerGem,Trick|Modest|||||50|]Floette-Eternal||Floettite|FlowerVeil|DazzlingGleam,Moonblast,LightofRuin,Protect|Timid||F|||50|
|
|t:|1782490044
|teamsize|p1|4
|teamsize|p2|4
|start
|switch|p1a: Pyroar|Pyroar, L50, F|100/100
|switch|p1b: Whimsicott|Whimsicott, L50, F|100/100
|switch|p2a: Charizard|Charizard, L50, M|100/100
|switch|p2b: Gholdengo|Gholdengo, L50|100/100
|-ability|p1a: Pyroar|Unnerve
|turn|1
|
|t:|1782490082
|switch|p2b: Whimsicott|Whimsicott, L50, F|100/100
|detailschange|p1a: Pyroar|Pyroar-Mega, L50, F
|-mega|p1a: Pyroar|Pyroar|Pyroarite
|detailschange|p2a: Charizard|Charizard-Mega-Y, L50, M
|-mega|p2a: Charizard|Charizard|Charizardite Y
|-weather|SunnyDay|[from] ability: Drought|[of] p2a: Charizard
|move|p1b: Whimsicott|Protect|p1b: Whimsicott
|-singleturn|p1b: Whimsicott|Protect
|move|p1a: Pyroar|Heat Wave|p2b: Whimsicott|[spread] p2a,p2b
|-resisted|p2a: Charizard|1
|-supereffective|p2b: Whimsicott|1
|-damage|p2a: Charizard|58/100
|-enditem|p2b: Whimsicott|Focus Sash
|-damage|p2b: Whimsicott|1/100
|-status|p2b: Whimsicott|brn
|move|p2a: Charizard|Heat Wave|p1b: Whimsicott|[spread] p1a
|-activate|p1b: Whimsicott|move: Protect
|-resisted|p1a: Pyroar|1
|-damage|p1a: Pyroar|63/100
|
|-weather|SunnyDay|[upkeep]
|-damage|p2b: Whimsicott|0 fnt|[from] brn
|faint|p2b: Whimsicott
|upkeep
|
|t:|1782490121
|switch|p2b: Garchomp|Garchomp, L50, F|100/100
|turn|2
|
|t:|1782490158
|move|p1a: Pyroar|Protect|p1a: Pyroar
|-singleturn|p1a: Pyroar|Protect
|move|p1b: Whimsicott|Moonblast|p2b: Garchomp
|-supereffective|p2b: Garchomp|1
|-damage|p2b: Garchomp|19/100
|move|p2b: Garchomp|Earthquake|p1b: Whimsicott|[spread] p1b
|-activate|p1a: Pyroar|move: Protect
|-immune|p2a: Charizard
|-resisted|p1b: Whimsicott|1
|-damage|p1b: Whimsicott|62/100
|-damage|p2b: Garchomp|10/100|[from] item: Life Orb
|move|p2a: Charizard|Heat Wave|p1a: Pyroar|[spread] 
|-activate|p1a: Pyroar|move: Protect
|-miss|p2a: Charizard|p1b: Whimsicott
|
|-weather|SunnyDay|[upkeep]
|upkeep
|turn|3
|
|t:|1782490179
|move|p2b: Garchomp|Protect|p2b: Garchomp
|-singleturn|p2b: Garchomp|Protect
|move|p1b: Whimsicott|Tailwind|p1b: Whimsicott
|-sidestart|p1: CTM_Charion|move: Tailwind
|move|p1a: Pyroar|Heat Wave|p2b: Garchomp|[spread] p2a
|-activate|p2b: Garchomp|move: Protect
|-resisted|p2a: Charizard|1
|-damage|p2a: Charizard|22/100
|move|p2a: Charizard|Heat Wave|p1a: Pyroar|[spread] p1a,p1b
|-resisted|p1a: Pyroar|1
|-supereffective|p1b: Whimsicott|1
|-damage|p1a: Pyroar|23/100
|-damage|p1b: Whimsicott|0 fnt
|faint|p1b: Whimsicott
|
|-weather|SunnyDay|[upkeep]
|upkeep
|
|t:|1782490195
|switch|p1b: Farigiraf|Farigiraf, L50, M|100/100
|turn|4
|
|t:|1782490213
|move|p1a: Pyroar|Heat Wave|p2b: Garchomp|[spread] p2a,p2b
|-resisted|p2a: Charizard|1
|-resisted|p2b: Garchomp|1
|-damage|p2a: Charizard|0 fnt
|-damage|p2b: Garchomp|0 fnt
|faint|p2a: Charizard
|faint|p2b: Garchomp
|move|p1b: Farigiraf|Twin Beam|p2: Charizard|[notarget]
|-fail|p1b: Farigiraf
|
|-weather|SunnyDay|[upkeep]
|upkeep
|
|t:|1782490221
|switch|p2b: Gholdengo|Gholdengo, L50|100/100
|turn|5
|
|t:|1782490244
|move|p1a: Pyroar|Overheat|p2b: Gholdengo
|-supereffective|p2b: Gholdengo|1
|-damage|p2b: Gholdengo|0 fnt
|-unboost|p1a: Pyroar|spa|2
|faint|p2b: Gholdengo
|
|win|CTM_Charion
||CTM_Charion is ready for game 2.
|inactive|1OO% Jesus has 30 seconds to confirm battle start!
||1OO% Jesus is ready for game 2.
|uhtml|next|Next: Game 2 of 3
