|j|☆Latario
|j|☆Chelicerate1
|html|LatarioChelicerate1    
|uhtml|bestof|Game 1 of a best-of-3
|t:|1785489396
|gametype|doubles
|player|p1|Latario|265|1313
|player|p2|Chelicerate1|ethan|1329
|gen|9
|tier|[Gen 9 Champions] VGC 2026 Reg M-B (Bo3)
|rated|
|rule|Species Clause: Limit one of each Pokémon
|rule|Item Clause: Limit 1 of each item
|clearpoke
|poke|p1|Charizard, L50, M|
|poke|p1|Aerodactyl, L50, M|
|poke|p1|Sylveon, L50, F|
|poke|p1|Hydreigon, L50, M|
|poke|p1|Metagross, L50|
|poke|p1|Sneasler, L50, M|
|poke|p2|Grimmsnarl, L50, M|
|poke|p2|Basculegion, L50, M|
|poke|p2|Charizard, L50, F|
|poke|p2|Pelipper, L50, M|
|poke|p2|Venusaur, L50, M|
|poke|p2|Archaludon, L50, M|
|teampreview|4
|showteam|p1|Charizard||CharizarditeY|Blaze|HeatWave,SolarBeam,WeatherBall,Protect|Modest||M|||50|]Aerodactyl||FocusSash|Unnerve|RockSlide,WideGuard,Tailwind,Protect|Jolly||M|||50|]Sylveon||FairyFeather|Pixilate|HyperVoice,HyperBeam,QuickAttack,Detect|Modest||F|||50|]Hydreigon||ChoiceScarf|Levitate|DracoMeteor,Snarl,DarkPulse,EarthPower|Modest||M|||50|]Metagross||Metagrossite|ClearBody|IronHead,PsychicFangs,ThunderPunch,Protect|Jolly|||||50|]Sneasler||LifeOrb|PoisonTouch|FakeOut,CloseCombat,PoisonJab,Protect|Adamant||M|||50|
|showteam|p2|Grimmsnarl||LightClay|Prankster|SpiritBreak,PartingShot,Reflect,LightScreen|Sassy||M|||50|]Basculegion||ChoiceScarf|Adaptability|LastRespects,WaveCrash,AquaJet,FlipTurn|Jolly||M|||50|]Charizard||CharizarditeY|Blaze|Protect,HeatWave,WeatherBall,SolarBeam|Modest||F|||50|]Pelipper||SitrusBerry|Drizzle|Hurricane,WeatherBall,Tailwind,WideGuard|Modest||M|||50|]Venusaur||FocusSash|Chlorophyll|SludgeBomb,SleepPowder,EarthPower,Protect|Modest||M|||50|]Archaludon||Leftovers|Stamina|ElectroShot,DragonPulse,FlashCannon,Protect|Calm||M|||50|
|inactive|Battle timer is ON: inactive players will automatically lose when time's up. (requested by Chelicerate1)
|inactive|Chelicerate1 has 60 seconds left.
|
|t:|1785489431
|teamsize|p1|4
|teamsize|p2|4
|start
|switch|p1a: Metagross|Metagross, L50|100/100
|switch|p1b: Hydreigon|Hydreigon, L50, M|100/100
|switch|p2a: Charizard|Charizard, L50, F|100/100
|switch|p2b: Grimmsnarl|Grimmsnarl, L50, M|100/100
|turn|1
|inactive|Latario has 30 seconds left.
|inactive|Latario has 20 seconds left.
|
|t:|1785489469
|detailschange|p2a: Charizard|Charizard-Mega-Y, L50, F
|-mega|p2a: Charizard|Charizard|Charizardite Y
|-weather|SunnyDay|[from] ability: Drought|[of] p2a: Charizard
|detailschange|p1a: Metagross|Metagross-Mega, L50
|-mega|p1a: Metagross|Metagross|Metagrossite
|move|p2b: Grimmsnarl|Reflect|p2b: Grimmsnarl
|-sidestart|p2: Chelicerate1|Reflect
|move|p1b: Hydreigon|Dark Pulse|p2a: Charizard
|-damage|p2a: Charizard|63/100
|move|p1a: Metagross|Thunder Punch|p2a: Charizard
|-supereffective|p2a: Charizard|1
|-damage|p2a: Charizard|12/100
|move|p2a: Charizard|Weather Ball|p1a: Metagross
|-supereffective|p1a: Metagross|1
|-damage|p1a: Metagross|0 fnt
|faint|p1a: Metagross
|
|-weather|SunnyDay|[upkeep]
|upkeep
|
|t:|1785489483
|switch|p1a: Sneasler|Sneasler, L50, M|100/100
|turn|2
|
|t:|1785489488
|move|p2a: Charizard|Protect|p2a: Charizard
|-singleturn|p2a: Charizard|Protect
|move|p1b: Hydreigon|Dark Pulse|p2a: Charizard
|-activate|p2a: Charizard|move: Protect
|move|p1a: Sneasler|Poison Jab|p2b: Grimmsnarl
|-supereffective|p2b: Grimmsnarl|1
|-damage|p2b: Grimmsnarl|16/100
|-status|p2b: Grimmsnarl|psn
|-damage|p1a: Sneasler|90/100|[from] item: Life Orb
|move|p2b: Grimmsnarl|Spirit Break|p1b: Hydreigon
|-supereffective|p1b: Hydreigon|2
|-damage|p1b: Hydreigon|0 fnt
|faint|p1b: Hydreigon
|
|-weather|SunnyDay|[upkeep]
|-damage|p2b: Grimmsnarl|3/100 psn|[from] psn
|upkeep
|
|t:|1785489492
|switch|p1b: Sylveon|Sylveon, L50, F|100/100
|turn|3
|
|t:|1785489507
|switch|p2a: Archaludon|Archaludon, L50, M|100/100
|move|p2b: Grimmsnarl|Light Screen|p2b: Grimmsnarl
|-sidestart|p2: Chelicerate1|move: Light Screen
|move|p1a: Sneasler|Poison Jab|p2a: Archaludon
|-immune|p2a: Archaludon
|move|p1b: Sylveon|Hyper Voice|p2b: Grimmsnarl|[spread] p2a,p2b
|-supereffective|p2b: Grimmsnarl|1
|-damage|p2a: Archaludon|74/100
|-damage|p2b: Grimmsnarl|0 fnt
|-ability|p2a: Archaludon|Stamina|boost
|-boost|p2a: Archaludon|def|1
|faint|p2b: Grimmsnarl
|
|-weather|SunnyDay|[upkeep]
|-heal|p2a: Archaludon|80/100|[from] item: Leftovers
|upkeep
|
|t:|1785489520
|switch|p2b: Pelipper|Pelipper, L50, M|100/100
|-weather|RainDance|[from] ability: Drizzle|[of] p2b: Pelipper
|turn|4
|
|t:|1785489532
|move|p1a: Sneasler|Close Combat|p2a: Archaludon
|-supereffective|p2a: Archaludon|1
|-crit|p2a: Archaludon
|-damage|p2a: Archaludon|0 fnt
|-unboost|p1a: Sneasler|def|1
|-unboost|p1a: Sneasler|spd|1
|faint|p2a: Archaludon
|-damage|p1a: Sneasler|81/100|[from] item: Life Orb
|move|p2b: Pelipper|Hurricane|p1a: Sneasler
|-supereffective|p1a: Sneasler|1
|-damage|p1a: Sneasler|0 fnt
|faint|p1a: Sneasler
|move|p1b: Sylveon|Hyper Voice|p2b: Pelipper
|-damage|p2b: Pelipper|48/100
|-enditem|p2b: Pelipper|Sitrus Berry|[eat]
|-heal|p2b: Pelipper|72/100|[from] item: Sitrus Berry
|
|-weather|RainDance|[upkeep]
|upkeep
|
|t:|1785489536
|switch|p2a: Charizard|Charizard-Mega-Y, L50, F|12/100
|-weather|SunnyDay|[from] ability: Drought|[of] p2a: Charizard
|turn|5
|
|t:|1785489546
|move|p1b: Sylveon|Detect|p1b: Sylveon
|-singleturn|p1b: Sylveon|Protect
|move|p2a: Charizard|Weather Ball|p1b: Sylveon
|-activate|p1b: Sylveon|move: Protect
|move|p2b: Pelipper|Weather Ball|p1b: Sylveon
|-activate|p1b: Sylveon|move: Protect
|
|-weather|SunnyDay|[upkeep]
|upkeep
|turn|6
|
|t:|1785489557
|move|p1b: Sylveon|Quick Attack|p2a: Charizard
|-resisted|p2a: Charizard|1
|-damage|p2a: Charizard|8/100
|move|p2a: Charizard|Weather Ball|p1b: Sylveon
|-damage|p1b: Sylveon|32/100
|move|p2b: Pelipper|Weather Ball|p1b: Sylveon
|-damage|p1b: Sylveon|2/100
|
|-weather|SunnyDay|[upkeep]
|upkeep
|turn|7
|
|t:|1785489568
|move|p2a: Charizard|Weather Ball|p1b: Sylveon
|-damage|p1b: Sylveon|0 fnt
|faint|p1b: Sylveon
|
|win|Chelicerate1
