|j|☆FreezyPop439
|j|☆failandimprove3
|html|FreezyPop439failandimprove3    
|uhtml|bestof|Game 3 of a best-of-3
|t:|1784025129
|gametype|doubles
|player|p1|FreezyPop439|collector|1358
|player|p2|failandimprove3|2|1442
|gen|9
|tier|[Gen 9 Champions] VGC 2026 Reg M-B (Bo3)
|rated|
|rule|Species Clause: Limit one of each Pokémon
|rule|Item Clause: Limit 1 of each item
|clearpoke
|poke|p1|Raichu, L50, M|
|poke|p1|Gyarados, L50, M|
|poke|p1|Mamoswine, L50, M|
|poke|p1|Ceruledge, L50, F|
|poke|p1|Clefable, L50, M|
|poke|p1|Kingambit, L50, M|
|poke|p2|Charizard, L50, M|
|poke|p2|Floette-Eternal, L50, F|
|poke|p2|Garchomp, L50, M|
|poke|p2|Kingambit, L50, M|
|poke|p2|Basculegion, L50, M|
|poke|p2|Whimsicott, L50, F|
|teampreview|4
|showteam|p1|Raichu||RaichuniteY|LightningRod|ZapCannon,FocusBlast,FakeOut,Protect|Timid||M|||50|]Gyarados||Gyaradosite|Intimidate|Waterfall,PowerWhip,DragonDance,Protect|Adamant||M|||50|]Mamoswine||LifeOrb|Oblivious|HighHorsepower,IceShard,IcicleCrash,Protect|Jolly||M|||50|]Ceruledge||ColburBerry|FlashFire|BitterBlade,ShadowSneak,BulkUp,Protect|Adamant||F|||50|]Clefable||SitrusBerry|Unaware|Moonblast,FollowMe,HelpingHand,Protect|Bold||M|||50|]Kingambit||FocusSash|Defiant|IronHead,KowtowCleave,SuckerPunch,LowKick|Adamant||M|||50|
|showteam|p2|Charizard||CharizarditeY|Blaze|HeatWave,WeatherBall,SolarBeam,Protect|Modest||M|||50|]Floette-Eternal||Floettite|FlowerVeil|Moonblast,DazzlingGleam,LightofRuin,Protect|Timid||F|||50|]Garchomp||LifeOrb|RoughSkin|Earthquake,DragonClaw,RockSlide,Protect|Jolly||M|||50|]Kingambit||OccaBerry|Defiant|KowtowCleave,SuckerPunch,IronHead,LowKick|Adamant||M|||50|]Basculegion||MysticWater|Adaptability|WaveCrash,LastRespects,AquaJet,Protect|Adamant||M|||50|]Whimsicott||FocusSash|Prankster|Moonblast,Tailwind,Encore,Protect|Timid||F|||50|
|inactive|Battle timer is ON: inactive players will automatically lose when time's up. (requested by failandimprove3)
|inactive|failandimprove3 has 60 seconds left.
|
|t:|1784025172
|teamsize|p1|4
|teamsize|p2|4
|start
|switch|p1a: Raichu|Raichu, L50, M|100/100
|switch|p1b: Mamoswine|Mamoswine, L50, M|100/100
|switch|p2a: Charizard|Charizard, L50, M|100/100
|switch|p2b: Garchomp|Garchomp, L50, M|100/100
|turn|1
|
|t:|1784025196
|switch|p2b: Whimsicott|Whimsicott, L50, F|100/100
|detailschange|p1a: Raichu|Raichu-Mega-Y, L50, M
|-mega|p1a: Raichu|Raichu|Raichunite Y
|move|p2a: Charizard|Protect|p2a: Charizard
|-singleturn|p2a: Charizard|Protect
|move|p1b: Mamoswine|Ice Shard|p2b: Whimsicott
|-supereffective|p2b: Whimsicott|1
|-damage|p2b: Whimsicott|12/100
|-damage|p1b: Mamoswine|90/100|[from] item: Life Orb
|move|p1a: Raichu|Zap Cannon|p2a: Charizard
|-activate|p2a: Charizard|move: Protect
|
|upkeep
|turn|2
|inactive|FreezyPop439 has 30 seconds left.
|
|t:|1784025223
|switch|p1a: Ceruledge|Ceruledge, L50, F|100/100
|detailschange|p2a: Charizard|Charizard-Mega-Y, L50, M
|-mega|p2a: Charizard|Charizard|Charizardite Y
|-weather|SunnyDay|[from] ability: Drought|[of] p2a: Charizard
|move|p1b: Mamoswine|Protect|p1b: Mamoswine
|-singleturn|p1b: Mamoswine|Protect
|move|p2b: Whimsicott|Tailwind|p2b: Whimsicott
|-sidestart|p2: failandimprove3|move: Tailwind
|move|p2a: Charizard|Weather Ball|p1a: Ceruledge
|-start|p1a: Ceruledge|ability: Flash Fire
|
|-weather|SunnyDay|[upkeep]
|upkeep
|turn|3
|
|t:|1784025238
|switch|p2b: Basculegion|Basculegion, L50, M|100/100
|switch|p1b: Clefable|Clefable, L50, M|100/100
|move|p2a: Charizard|Weather Ball|p1b: Clefable
|-damage|p1b: Clefable|29/100
|-enditem|p1b: Clefable|Sitrus Berry|[eat]
|-heal|p1b: Clefable|54/100|[from] item: Sitrus Berry
|move|p1a: Ceruledge|Bitter Blade|p2a: Charizard
|-resisted|p2a: Charizard|1
|-damage|p2a: Charizard|46/100
|
|-weather|SunnyDay|[upkeep]
|upkeep
|turn|4
|inactive|FreezyPop439 has 30 seconds left.
|
|t:|1784025265
|move|p1a: Ceruledge|Protect|p1a: Ceruledge
|-singleturn|p1a: Ceruledge|Protect
|move|p1b: Clefable|Protect|p1b: Clefable
|-singleturn|p1b: Clefable|Protect
|move|p2a: Charizard|Weather Ball|p1b: Clefable
|-activate|p1b: Clefable|move: Protect
|move|p2b: Basculegion|Last Respects|p1a: Ceruledge
|-activate|p1a: Ceruledge|move: Protect
|
|-weather|SunnyDay|[upkeep]
|upkeep
|turn|5
|inactive|FreezyPop439 has 30 seconds left.
|
|t:|1784025299
|move|p1b: Clefable|Follow Me|p1b: Clefable
|-singleturn|p1b: Clefable|move: Follow Me
|move|p2a: Charizard|Weather Ball|p1b: Clefable
|-damage|p1b: Clefable|0 fnt
|faint|p1b: Clefable
|move|p2b: Basculegion|Last Respects|p1a: Ceruledge
|-supereffective|p1a: Ceruledge|1
|-damage|p1a: Ceruledge|24/100
|move|p1a: Ceruledge|Bitter Blade|p2a: Charizard
|-resisted|p2a: Charizard|1
|-damage|p2a: Charizard|0 fnt
|-heal|p1a: Ceruledge|47/100|[from] drain|[of] p2a: Charizard
|faint|p2a: Charizard
|
|-weather|SunnyDay|[upkeep]
|-sideend|p2: failandimprove3|move: Tailwind
|upkeep
|
|t:|1784025313
|switch|p2a: Whimsicott|Whimsicott, L50, F|12/100
|switch|p1b: Raichu|Raichu-Mega-Y, L50, M|100/100
|turn|6
|inactive|failandimprove3 has 30 seconds left.
|
|t:|1784025339
|move|p2a: Whimsicott|Protect|p2a: Whimsicott
|-singleturn|p2a: Whimsicott|Protect
|move|p1a: Ceruledge|Shadow Sneak|p2a: Whimsicott
|-activate|p2a: Whimsicott|move: Protect
|move|p1b: Raichu|Zap Cannon|p2b: Basculegion
|-supereffective|p2b: Basculegion|1
|-damage|p2b: Basculegion|0 fnt
|faint|p2b: Basculegion
|
|-weather|none
|upkeep
|
|t:|1784025347
|switch|p2b: Garchomp|Garchomp, L50, M|100/100
|turn|7
|
|t:|1784025359
|move|p2a: Whimsicott|Protect||[still]
|-fail|p2a: Whimsicott
|move|p1a: Ceruledge|Shadow Sneak|p2a: Whimsicott
|-damage|p2a: Whimsicott|0 fnt
|faint|p2a: Whimsicott
|move|p1b: Raichu|Focus Blast|p2b: Garchomp
|-damage|p2b: Garchomp|56/100
|move|p2b: Garchomp|Earthquake|p1a: Ceruledge|[spread] p1a,p1b
|-supereffective|p1a: Ceruledge|1
|-supereffective|p1b: Raichu|1
|-crit|p1b: Raichu
|-damage|p1a: Ceruledge|0 fnt
|-damage|p1b: Raichu|0 fnt
|faint|p1a: Ceruledge
|faint|p1b: Raichu
|-damage|p2b: Garchomp|47/100|[from] item: Life Orb
|
|upkeep
|-message|failandimprove3 forfeited.
|
|win|FreezyPop439
|raw|FreezyPop439's rating: 1358 → 1383(+25 for winning)
|raw|failandimprove3's rating: 1442 → 1417(-25 for losing)
