|j|☆melon7744
|j|☆Hankk1995
|html|melon7744Hankk1995    
|uhtml|bestof|Game 1 of a best-of-3
|t:|1785510001
|gametype|doubles
|player|p1|melon7744|rosa|
|player|p2|Hankk1995|miriam|
|gen|9
|tier|[Gen 9 Champions] VGC 2026 Reg M-B (Bo3)
|rule|Species Clause: Limit one of each Pokémon
|rule|Item Clause: Limit 1 of each item
|clearpoke
|poke|p1|Sneasler, L50, F|
|poke|p1|Delphox, L50, M|
|poke|p1|Kingambit, L50, M|
|poke|p1|Sinistcha, L50|
|poke|p1|Incineroar, L50, F|
|poke|p1|Blastoise, L50, M|
|poke|p2|Tyranitar, L50, M|
|poke|p2|Excadrill, L50, M|
|poke|p2|Milotic, L50, M|
|poke|p2|Gholdengo, L50|
|poke|p2|Sinistcha, L50|
|poke|p2|Staraptor, L50, M|
|teampreview|4
|showteam|p1|Sneasler||FocusSash|PoisonTouch|PoisonJab,QuickGuard,CloseCombat,FakeOut|Jolly||F|||50|]Delphox||Delphoxite|Blaze|HeatWave,Psychic,NastyPlot,Protect|Timid||M|||50|]Kingambit||LifeOrb|Defiant|KowtowCleave,SuckerPunch,SwordsDance,Protect|Adamant||M|||50|]Sinistcha||ColburBerry|Hospitality|MatchaGotcha,RagePowder,TrickRoom,Protect|Bold|||||50|]Incineroar||SitrusBerry|Intimidate|FlareBlitz,HelpingHand,PartingShot,FakeOut|Impish||F|||50|]Blastoise||Blastoisinite|RainDish|WaterSpout,DarkPulse,ShellSmash,Protect|Modest||M|||50|
|showteam|p2|Tyranitar||Tyranitarite|SandStream|KnockOff,RockSlide,LowKick,Protect|Jolly||M|||50|]Excadrill||FocusSash|SandRush|HighHorsepower,IronHead,RockSlide,Protect|Jolly||M|||50|]Milotic||SitrusBerry|Competitive|Scald,IcyWind,Haze,Protect|Calm||M|||50|]Gholdengo||LifeOrb|GoodasGold|MakeItRain,ShadowBall,NastyPlot,Protect|Modest|||||50|]Sinistcha||ColburBerry|Hospitality|MatchaGotcha,ShadowBall,Protect,RagePowder|Bold|||||50|]Staraptor||Staraptite|Intimidate|CloseCombat,BraveBird,Tailwind,Protect|Jolly||M|||50|
|
|t:|1785510078
|teamsize|p1|4
|teamsize|p2|4
|start
|switch|p1a: Sneasler|Sneasler, L50, F|100/100
|switch|p1b: Blastoise|Blastoise, L50, M|100/100
|switch|p2a: Staraptor|Staraptor, L50, M|100/100
|switch|p2b: Sinistcha|Sinistcha, L50|100/100
|-ability|p2a: Staraptor|Intimidate|boost
|-unboost|p1a: Sneasler|atk|1
|-unboost|p1b: Blastoise|atk|1
|turn|1
|
|t:|1785510114
|detailschange|p1b: Blastoise|Blastoise-Mega, L50, M
|-mega|p1b: Blastoise|Blastoise|Blastoisinite
|move|p1a: Sneasler|Fake Out|p2a: Staraptor
|-damage|p2a: Staraptor|87/100
|cant|p2a: Staraptor|flinch
|move|p1b: Blastoise|Dark Pulse|p2b: Sinistcha
|-supereffective|p2b: Sinistcha|1
|-enditem|p2b: Sinistcha|Colbur Berry|[eat]
|-enditem|p2b: Sinistcha|Colbur Berry|[weaken]
|-damage|p2b: Sinistcha|48/100
|move|p2b: Sinistcha|Matcha Gotcha|p1a: Sneasler|[spread] p1a,p1b
|-resisted|p1a: Sneasler|1
|-supereffective|p1b: Blastoise|1
|-damage|p1a: Sneasler|83/100
|-heal|p2b: Sinistcha|56/100|[from] drain|[of] p1a: Sneasler
|-damage|p1b: Blastoise|51/100
|-heal|p2b: Sinistcha|78/100|[from] drain|[of] p1b: Blastoise
|
|upkeep
|turn|2
|
|t:|1785510174
|detailschange|p2a: Staraptor|Staraptor-Mega, L50, M
|-mega|p2a: Staraptor|Staraptor|Staraptite
|move|p1a: Sneasler|Poison Jab|p2b: Sinistcha
|-damage|p2b: Sinistcha|57/100
|-status|p2b: Sinistcha|psn
|move|p2a: Staraptor|Tailwind|p2a: Staraptor
|-sidestart|p2: Hankk1995|move: Tailwind
|move|p2b: Sinistcha|Matcha Gotcha|p1a: Sneasler|[spread] p1a,p1b
|-resisted|p1a: Sneasler|1
|-supereffective|p1b: Blastoise|1
|-damage|p1a: Sneasler|68/100
|-heal|p2b: Sinistcha|64/100 psn|[from] drain|[of] p1a: Sneasler
|-damage|p1b: Blastoise|6/100
|-heal|p2b: Sinistcha|84/100 psn|[from] drain|[of] p1b: Blastoise
|move|p1b: Blastoise|Dark Pulse|p2b: Sinistcha
|-supereffective|p2b: Sinistcha|1
|-damage|p2b: Sinistcha|0 fnt
|faint|p2b: Sinistcha
|
|upkeep
|
|t:|1785510198
|switch|p2b: Excadrill|Excadrill, L50, M|100/100
|turn|3
|
|t:|1785510207
|switch|p1a: Sinistcha|Sinistcha, L50|100/100
|-heal|p1b: Blastoise|31/100|[from] ability: Hospitality|[of] p1a: Sinistcha
|move|p2a: Staraptor|Close Combat|p1b: Blastoise
|-damage|p1b: Blastoise|0 fnt
|-boost|p2a: Staraptor|def|1
|-boost|p2a: Staraptor|spd|1
|faint|p1b: Blastoise
|move|p2b: Excadrill|High Horsepower|p1a: Sinistcha
|-resisted|p1a: Sinistcha|1
|-damage|p1a: Sinistcha|78/100
|
|upkeep
|
|t:|1785510211
|switch|p1b: Sneasler|Sneasler, L50, F|68/100
|turn|4
|
|t:|1785510233
|move|p2b: Excadrill|Protect|p2b: Excadrill
|-singleturn|p2b: Excadrill|Protect
|move|p1b: Sneasler|Fake Out|p2a: Staraptor
|-damage|p2a: Staraptor|79/100
|cant|p2a: Staraptor|flinch
|move|p1a: Sinistcha|Trick Room|p1a: Sinistcha
|-fieldstart|move: Trick Room|[of] p1a: Sinistcha
|
|upkeep
|turn|5
|
|t:|1785510275
|move|p1a: Sinistcha|Matcha Gotcha|p2a: Staraptor|[spread] p2a,p2b
|-resisted|p2a: Staraptor|1
|-damage|p2a: Staraptor|71/100
|-heal|p1a: Sinistcha|82/100|[from] drain|[of] p2a: Staraptor
|-damage|p2b: Excadrill|68/100
|-heal|p1a: Sinistcha|98/100|[from] drain|[of] p2b: Excadrill
|-status|p2a: Staraptor|brn
|move|p1b: Sneasler|Poison Jab|p2a: Staraptor
|-damage|p2a: Staraptor|46/100 brn
|move|p2b: Excadrill|Rock Slide|p1b: Sneasler|[spread] p1a,p1b
|-resisted|p1b: Sneasler|1
|-damage|p1a: Sinistcha|83/100
|-damage|p1b: Sneasler|50/100y
|move|p2a: Staraptor|Brave Bird|p1b: Sneasler
|-supereffective|p1b: Sneasler|1
|-damage|p1b: Sneasler|0 fnt
|faint|p1b: Sneasler
|-damage|p2a: Staraptor|32/100 brn|[from] Recoil
|
|-damage|p2a: Staraptor|26/100 brn|[from] brn
|-sideend|p2: Hankk1995|move: Tailwind
|upkeep
|
|t:|1785510293
|switch|p1b: Kingambit|Kingambit, L50, M|100/100
|turn|6
|
|t:|1785510328
|move|p1a: Sinistcha|Rage Powder|p1a: Sinistcha
|-singleturn|p1a: Sinistcha|move: Rage Powder
|move|p1b: Kingambit|Kowtow Cleave|p2b: Excadrill
|-damage|p2b: Excadrill|0 fnt
|faint|p2b: Excadrill
|-damage|p1b: Kingambit|90/100|[from] item: Life Orb
|move|p2a: Staraptor|Brave Bird|p1a: Sinistcha
|-supereffective|p1a: Sinistcha|1
|-damage|p1a: Sinistcha|33/100
|-damage|p2a: Staraptor|11/100 brn|[from] Recoil
|
|-damage|p2a: Staraptor|5/100 brn|[from] brn
|upkeep
|
|t:|1785510339
|switch|p2b: Tyranitar|Tyranitar, L50, M|100/100
|-weather|Sandstorm|[from] ability: Sand Stream|[of] p2b: Tyranitar
|turn|7
|
|t:|1785510364
|move|p1b: Kingambit|Kowtow Cleave|p2b: Tyranitar
|-resisted|p2b: Tyranitar|1
|-damage|p2b: Tyranitar|71/100
|-damage|p1b: Kingambit|80/100|[from] item: Life Orb
|move|p1a: Sinistcha|Matcha Gotcha|p2a: Staraptor|[spread] p2a,p2b
|-resisted|p2a: Staraptor|1
|-supereffective|p2b: Tyranitar|1
|-damage|p2a: Staraptor|0 fnt
|-heal|p1a: Sinistcha|37/100|[from] drain|[of] p2a: Staraptor
|-damage|p2b: Tyranitar|39/100
|-heal|p1a: Sinistcha|54/100|[from] drain|[of] p2b: Tyranitar
|-status|p2b: Tyranitar|brn
|faint|p2a: Staraptor
|move|p2b: Tyranitar|Knock Off|p1a: Sinistcha
|-supereffective|p1a: Sinistcha|1
|-enditem|p1a: Sinistcha|Colbur Berry|[eat]
|-enditem|p1a: Sinistcha|Colbur Berry|[weaken]
|-damage|p1a: Sinistcha|34/100
|
|-weather|Sandstorm|[upkeep]
|-damage|p1a: Sinistcha|28/100|[from] Sandstorm
|-damage|p2b: Tyranitar|32/100 brn|[from] brn
|upkeep
|turn|8
|c|☆Hankk1995|Bro
|-message|Hankk1995 forfeited.
|
|win|melon7744
|c|☆melon7744|天哪
||melon7744 is ready for game 2.
||Hankk1995 is ready for game 2.
|uhtml|next|Next: Game 2 of 3
