|j|☆justsillys
|j|☆shiiraanaaii
|html|justsillysshiiraanaaii    
|uhtml|bestof|Game 1 of a best-of-3
|t:|1785914518
|gametype|doubles
|player|p1|justsillys|266|1092
|player|p2|shiiraanaaii|101|1000
|gen|9
|tier|[Gen 9 Champions] VGC 2026 Reg M-B (Bo3)
|rated|
|rule|Species Clause: Limit one of each Pokémon
|rule|Item Clause: Limit 1 of each item
|clearpoke
|poke|p1|Hatterene, L50, F|
|poke|p1|Oranguru, L50, M|
|poke|p1|Mawile, L50, F|
|poke|p1|Kangaskhan, L50, F|
|poke|p1|Venusaur, L50, M|
|poke|p1|Torkoal, L50, M|
|poke|p2|Farigiraf, L50, M|
|poke|p2|Scrafty, L50, M|
|poke|p2|Mawile, L50, F|
|poke|p2|Primarina, L50, M|
|poke|p2|Torkoal, L50, M|
|poke|p2|Kingambit, L50, M, shiny|
|teampreview|4
|showteam|p1|Hatterene||LifeOrb|MagicBounce|Protect,Psychic,TrickRoom,DazzlingGleam|Quiet||F|||50|]Oranguru||MentalHerb|InnerFocus|Protect,Instruct,Psychic,TrickRoom|Bold||M|||50|]Mawile||Mawilite|HyperCutter|SuckerPunch,PlayRough,Protect,IronHead|Brave||F|||50|]Kangaskhan||SilkScarf|Scrappy|LastResort,FakeOut|Brave||F|||50|]Venusaur||FocusSash|Chlorophyll|LeafStorm,SludgeBomb,SleepPowder,Protect|Modest||M|||50|]Torkoal||Charcoal|Drought|Eruption,Protect,EarthPower,HeatWave|Quiet||M|||50|
|showteam|p2|Farigiraf||ColburBerry|ArmorTail|Psychic,Thunderbolt,TrickRoom,HelpingHand|Relaxed||M|||50|]Scrafty||LifeOrb|Moxie|FakeOut,CloseCombat,KnockOff,DrainPunch|Brave||M|||50|]Mawile||Mawilite|HyperCutter|SuckerPunch,PlayRough,RockSlide,Protect|Brave||F|||50|]Primarina||MysticWater|LiquidVoice|DazzlingGleam,Moonblast,HyperVoice,Protect|Modest||M|||50|]Torkoal||Charcoal|Drought|Eruption,HeatWave,WeatherBall,Protect|Quiet||M|||50|]Kingambit||BlackGlasses|Defiant|SuckerPunch,KowtowCleave,IronHead,Protect|Adamant||M|||50|
|
|t:|1785914608
|teamsize|p1|4
|teamsize|p2|4
|start
|switch|p1a: Luchona|Kangaskhan, L50, F|100/100
|switch|p1b: Acelga|Venusaur, L50, M|100/100
|switch|p2a: Farigiraf|Farigiraf, L50, M|100/100
|switch|p2b: Scrafty|Scrafty, L50, M|100/100
|turn|1
|
|t:|1785914633
|switch|p1a: Transylvania|Hatterene, L50, F|100/100
|move|p2b: Scrafty|Fake Out|p1b: Acelga
|-damage|p1b: Acelga|79/100
|-damage|p2b: Scrafty|90/100|[from] item: Life Orb
|cant|p1b: Acelga|flinch
|move|p2a: Farigiraf|Trick Room|p2a: Farigiraf
|-fieldstart|move: Trick Room|[of] p2a: Farigiraf
|
|upkeep
|turn|2
|
|t:|1785914676
|switch|p2b: Mawile|Mawile, L50, F|100/100
|move|p1b: Acelga|Protect|p1b: Acelga
|-singleturn|p1b: Acelga|Protect
|move|p1a: Transylvania|Dazzling Gleam|p2a: Farigiraf|[spread] p2a,p2b
|-resisted|p2b: Mawile|1
|-damage|p2a: Farigiraf|55/100
|-damage|p2b: Mawile|60/100
|-damage|p1a: Transylvania|90/100|[from] item: Life Orb
|move|p2a: Farigiraf|Psychic|p1b: Acelga
|-activate|p1b: Acelga|move: Protect
|
|upkeep
|turn|3
|
|t:|1785914700
|switch|p1b: T&M|Torkoal, L50, M|100/100
|-weather|SunnyDay|[from] ability: Drought|[of] p1b: T&M
|detailschange|p2b: Mawile|Mawile-Mega, L50, F
|-mega|p2b: Mawile|Mawile|Mawilite
|move|p1a: Transylvania|Protect|p1a: Transylvania
|-singleturn|p1a: Transylvania|Protect
|move|p2b: Mawile|Play Rough|p1b: T&M
|-resisted|p1b: T&M|1
|-crit|p1b: T&M
|-damage|p1b: T&M|53/100
|move|p2a: Farigiraf|Psychic|p1b: T&M
|-damage|p1b: T&M|11/100
|
|-weather|SunnyDay|[upkeep]
|upkeep
|turn|4
|
|t:|1785914724
|move|p1b: T&M|Heat Wave|p2a: Farigiraf|[spread] p2a,p2b
|-supereffective|p2b: Mawile|1
|-damage|p2a: Farigiraf|1/100
|-damage|p2b: Mawile|0 fnt
|faint|p2b: Mawile
|move|p1a: Transylvania|Dazzling Gleam|p2a: Farigiraf
|-damage|p2a: Farigiraf|0 fnt
|faint|p2a: Farigiraf
|-damage|p1a: Transylvania|80/100|[from] item: Life Orb
|
|-weather|SunnyDay|[upkeep]
|upkeep
|
|t:|1785914736
|switch|p2b: Scrafty|Scrafty, L50, M|90/100
|switch|p2a: Primarina|Primarina, L50, M|100/100
|turn|5
|
|t:|1785914827
|move|p2b: Scrafty|Fake Out|p1a: Transylvania
|-damage|p1a: Transylvania|64/100
|-damage|p2b: Scrafty|80/100|[from] item: Life Orb
|move|p1b: T&M|Earth Power|p2a: Primarina
|-damage|p2a: Primarina|76/100
|cant|p1a: Transylvania|flinch
|move|p2a: Primarina|Hyper Voice|p1a: Transylvania|[spread] p1a,p1b
|-supereffective|p1b: T&M|1
|-damage|p1a: Transylvania|39/100
|-damage|p1b: T&M|0 fnt
|faint|p1b: T&M
|
|-weather|SunnyDay|[upkeep]
|-fieldend|move: Trick Room
|upkeep
|
|t:|1785914838
|switch|p1b: Acelga|Venusaur, L50, M|79/100
|turn|6
|
|t:|1785914858
|move|p1b: Acelga|Sleep Powder|p2a: Primarina
|-status|p2a: Primarina|slp|[from] move: Sleep Powder
|cant|p2a: Primarina|slp
|move|p2b: Scrafty|Close Combat|p1b: Acelga
|-resisted|p1b: Acelga|1
|-damage|p1b: Acelga|34/100
|-unboost|p2b: Scrafty|def|1
|-unboost|p2b: Scrafty|spd|1
|-damage|p2b: Scrafty|70/100|[from] item: Life Orb
|move|p1a: Transylvania|Dazzling Gleam|p2a: Primarina|[spread] p2a,p2b
|-supereffective|p2b: Scrafty|2
|-damage|p2a: Primarina|33/100 slp
|-damage|p2b: Scrafty|0 fnt
|faint|p2b: Scrafty
|-damage|p1a: Transylvania|29/100|[from] item: Life Orb
|
|-weather|SunnyDay|[upkeep]
|upkeep
|turn|7
|inactive|Battle timer is ON: inactive players will automatically lose when time's up. (requested by justsillys)
|-message|shiiraanaaii forfeited.
|raw|justsillys's rating: 1092 → 1111(+19 for winning)
|raw|shiiraanaaii's rating: 1000 → 1000(+0 for losing)
|
|win|justsillys
