|j|☆secretsoeren
|j|☆CrazyComet37
|html|secretsoerenCrazyComet37    
|uhtml|bestof|Game 2 of a best-of-3
|t:|1785950544
|gametype|doubles
|player|p1|secretsoeren|biker-gen4|
|player|p2|CrazyComet37|flint|
|gen|9
|tier|[Gen 9 Champions] VGC 2026 Reg M-B (Bo3)
|rule|Species Clause: Limit one of each Pokémon
|rule|Item Clause: Limit 1 of each item
|clearpoke
|poke|p1|Blastoise, L50, M|
|poke|p1|Incineroar, L50, F|
|poke|p1|Sinistcha, L50|
|poke|p1|Sneasler, L50, M|
|poke|p1|Maushold, L50|
|poke|p1|Delphox, L50, M|
|poke|p2|Whimsicott, L50, F|
|poke|p2|Garchomp, L50, M|
|poke|p2|Charizard, L50, F|
|poke|p2|Floette-Eternal, L50, F|
|poke|p2|Kingambit, L50, M|
|poke|p2|Basculegion, L50, M|
|teampreview|4
|showteam|p1|Blastoise||Blastoisinite|RainDish|WaterSpout,DarkPulse,ShellSmash,Protect|Modest||M|||50|]Incineroar||SitrusBerry|Intimidate|FlareBlitz,ThroatChop,FakeOut,PartingShot|Careful||F|||50|]Sinistcha||ColburBerry|Hospitality|MatchaGotcha,TrickRoom,RagePowder,ShadowBall|Bold|||||50|]Sneasler||FocusSash|PoisonTouch|CloseCombat,PoisonJab,QuickGuard,FakeOut|Jolly||M|||50|]Maushold||ChopleBerry|FriendGuard|Taunt,Feint,FollowMe,Protect|Impish|||||50|]Delphox||Delphoxite|Blaze|HeatWave,Psyshock,Protect,NastyPlot|Timid||M|||50|
|showteam|p2|Whimsicott||FocusSash|Prankster|Protect,Tailwind,Moonblast,Encore|Timid||F|||50|]Garchomp||LifeOrb|RoughSkin|Protect,Earthquake,DragonClaw,RockSlide|Jolly||M|||50|]Charizard||CharizarditeY|Blaze|Protect,HeatWave,WeatherBall,SolarBeam|Modest||F|||50|]Floette-Eternal||Floettite|FlowerVeil|Protect,LightofRuin,DazzlingGleam,Moonblast|Modest||F|||50|]Kingambit||ChopleBerry|Defiant|IronHead,SuckerPunch,KowtowCleave,LowKick|Adamant||M|||50|]Basculegion||MysticWater|Adaptability|Protect,AquaJet,LastRespects,WaveCrash|Adamant||M|||50|
|inactive|Battle timer is ON: inactive players will automatically lose when time's up. (requested by secretsoeren)
|inactiveoff|Battle timer is now OFF.
|
|t:|1785950582
|teamsize|p1|4
|teamsize|p2|4
|start
|switch|p1a: Blastoise|Blastoise, L50, M|100/100
|switch|p1b: Incineroar|Incineroar, L50, F|100/100
|switch|p2a: Whimsicott|Whimsicott, L50, F|100/100
|switch|p2b: Garchomp|Garchomp, L50, M|100/100
|-ability|p1b: Incineroar|Intimidate|boost
|-unboost|p2a: Whimsicott|atk|1
|-unboost|p2b: Garchomp|atk|1
|turn|1
|
|t:|1785950609
|detailschange|p1a: Blastoise|Blastoise-Mega, L50, M
|-mega|p1a: Blastoise|Blastoise|Blastoisinite
|move|p1b: Incineroar|Fake Out|p2b: Garchomp
|-damage|p2b: Garchomp|89/100
|-damage|p1b: Incineroar|87/100|[from] ability: Rough Skin|[of] p2b: Garchomp
|move|p2a: Whimsicott|Tailwind|p2a: Whimsicott
|-sidestart|p2: CrazyComet37|move: Tailwind
|cant|p2b: Garchomp|flinch
|move|p1a: Blastoise|Water Spout|p2a: Whimsicott|[spread] p2a,p2b
|-resisted|p2a: Whimsicott|1
|-damage|p2a: Whimsicott|46/100
|-damage|p2b: Garchomp|12/100
|
|upkeep
|turn|2
|inactive|Battle timer is ON: inactive players will automatically lose when time's up. (requested by CrazyComet37)
|
|t:|1785950653
|move|p2a: Whimsicott|Moonblast|p1b: Incineroar
|-damage|p1b: Incineroar|60/100
|move|p2b: Garchomp|Earthquake|p1b: Incineroar|[spread] p2a,p1a,p1b
|-resisted|p2a: Whimsicott|1
|-supereffective|p1b: Incineroar|1
|-damage|p2a: Whimsicott|24/100
|-damage|p1a: Blastoise|67/100
|-damage|p1b: Incineroar|0 fnt
|faint|p1b: Incineroar
|-damage|p2b: Garchomp|3/100|[from] item: Life Orb
|move|p1a: Blastoise|Shell Smash|p1a: Blastoise
|-unboost|p1a: Blastoise|def|1
|-unboost|p1a: Blastoise|spd|1
|-boost|p1a: Blastoise|atk|2
|-boost|p1a: Blastoise|spa|2
|-boost|p1a: Blastoise|spe|2
|
|upkeep
|
|t:|1785950662
|switch|p1b: Maushold|Maushold, L50|100/100
|turn|3
|
|t:|1785950680
|move|p1b: Maushold|Feint|p2b: Garchomp
|-damage|p2b: Garchomp|0 fnt
|faint|p2b: Garchomp
|move|p2a: Whimsicott|Moonblast|p1a: Blastoise
|-damage|p1a: Blastoise|28/100
|move|p1a: Blastoise|Shell Smash|p1a: Blastoise
|-unboost|p1a: Blastoise|def|1
|-unboost|p1a: Blastoise|spd|1
|-boost|p1a: Blastoise|atk|2
|-boost|p1a: Blastoise|spa|2
|-boost|p1a: Blastoise|spe|2
|
|upkeep
|
|t:|1785950699
|switch|p2b: Floette|Floette-Eternal, L50, F|100/100
|turn|4
|
|t:|1785950713
|detailschange|p2b: Floette|Floette-Mega, L50, F
|-mega|p2b: Floette|Floette|Floettite
|-ability|p2b: Floette|Fairy Aura
|move|p1a: Blastoise|Protect|p1a: Blastoise
|-singleturn|p1a: Blastoise|Protect
|move|p2a: Whimsicott|Encore|p1a: Blastoise
|-activate|p1a: Blastoise|move: Protect
|move|p2b: Floette|Dazzling Gleam|p1a: Blastoise|[spread] p1b
|-activate|p1a: Blastoise|move: Protect
|-damage|p1b: Maushold|46/100
|move|p1b: Maushold|Taunt|p2a: Whimsicott
|-start|p2a: Whimsicott|move: Taunt
|
|-sideend|p2: CrazyComet37|move: Tailwind
|upkeep
|turn|5
|inactive|CrazyComet37 has 30 seconds left.
|inactive|CrazyComet37 has 20 seconds left.
|inactive|CrazyComet37 has 15 seconds left.
|
|t:|1785950754
|switch|p1b: Sinistcha|Sinistcha, L50|100/100
|-heal|p1a: Blastoise|53/100|[from] ability: Hospitality|[of] p1b: Sinistcha
|move|p1a: Blastoise|Water Spout|p2b: Floette|[spread] p2a,p2b
|-resisted|p2a: Whimsicott|1
|-damage|p2a: Whimsicott|0 fnt
|-damage|p2b: Floette|12/100
|faint|p2a: Whimsicott
|move|p2b: Floette|Dazzling Gleam|p1b: Sinistcha|[spread] p1a,p1b
|-damage|p1a: Blastoise|0 fnt
|-damage|p1b: Sinistcha|54/100
|faint|p1a: Blastoise
|
|upkeep
|
|t:|1785950762
|switch|p2a: Basculegion|Basculegion, L50, M|100/100
|switch|p1a: Maushold|Maushold, L50|46/100
|turn|6
|
|t:|1785950781
|move|p1a: Maushold|Protect|p1a: Maushold
|-singleturn|p1a: Maushold|Protect
|move|p2b: Floette|Moonblast|p1a: Maushold
|-activate|p1a: Maushold|move: Protect
|move|p2a: Basculegion|Last Respects|p1b: Sinistcha
|-supereffective|p1b: Sinistcha|1
|-damage|p1b: Sinistcha|0 fnt
|faint|p1b: Sinistcha
|
|upkeep
|turn|7
|c|☆secretsoeren|ggs
|c|☆CrazyComet37|gg
|-message|secretsoeren forfeited.
|
|win|CrazyComet37
|l|☆secretsoeren
|player|p1|
