|j|☆IsRainingPerish
|j|☆Biff6
|html|IsRainingPerishBiff6    
|uhtml|bestof|Game 3 of a best-of-3
|t:|1785956500
|gametype|doubles
|player|p1|IsRainingPerish|li|1052
|player|p2|Biff6|scientist-gen4dp|1107
|gen|9
|tier|[Gen 9 Champions] VGC 2026 Reg M-B (Bo3)
|rated|
|rule|Species Clause: Limit one of each Pokémon
|rule|Item Clause: Limit 1 of each item
|clearpoke
|poke|p1|Gengar, L50, M|
|poke|p1|Incineroar, L50, M|
|poke|p1|Archaludon, L50, F|
|poke|p1|Grimmsnarl, L50, M|
|poke|p1|Politoed, L50, F|
|poke|p1|Scovillain, L50, M, shiny|
|poke|p2|Maushold-Four, L50|
|poke|p2|Blastoise, L50, M|
|poke|p2|Basculegion, L50, M|
|poke|p2|Sinistcha, L50|
|poke|p2|Kingambit, L50, F|
|poke|p2|Sneasler, L50, F|
|teampreview|4
|showteam|p1|Gengar||Gengarite|CursedBody|ShadowBall,SludgeBomb,PerishSong,Protect|Timid||M|||50|]Incineroar||PasshoBerry|Intimidate|ThroatChop,Protect,FakeOut,PartingShot|Sassy||M|||50|]Archaludon||Leftovers|Stamina|ElectroShot,FlashCannon,DracoMeteor,Protect|Calm||F|||50|]Grimmsnarl||LightClay|Prankster|Reflect,LightScreen,SpiritBreak,PartingShot|Sassy||M|||50|]Politoed||SitrusBerry|Drizzle|WeatherBall,PerishSong,Haze,Protect|Calm||F|||50|]Scovillain||Scovillainite|Moody|GigaDrain,Overheat,RagePowder,Protect|Bold||M|||50|
|showteam|p2|Maushold-Four||WideLens|Technician|PopulationBomb,Feint,Bite,Protect|Jolly|||||50|]Blastoise||Blastoisinite|Torrent|FakeOut,DarkPulse,AuraSphere,IceBeam|Modest||M|||50|]Basculegion||ChoiceScarf|Adaptability|WaveCrash,LastRespects,AquaJet,FlipTurn|Jolly||M|||50|]Sinistcha||SitrusBerry|Hospitality|MatchaGotcha,RagePowder,Imprison,TrickRoom|Bold|||||50|]Kingambit||LifeOrb|Defiant|IronHead,KowtowCleave,SuckerPunch,Protect|Adamant||F|||50|]Sneasler||FocusSash|PoisonTouch|PoisonJab,Protect,CloseCombat,FakeOut|Jolly||F|||50|
|inactive|Battle timer is ON: inactive players will automatically lose when time's up. (requested by IsRainingPerish)
|j| humanbacon
|l| humanbacon
|inactive|IsRainingPerish has 60 seconds left.
|inactive|Biff6 has 60 seconds left.
|inactive|Biff6 has 30 seconds left.
|inactive|Biff6 has 20 seconds left.
|inactive|Biff6 has 15 seconds left.
|inactive|Biff6 has 10 seconds left.
|inactive|Biff6 has 5 seconds left.
|
|t:|1785956591
|teamsize|p1|4
|teamsize|p2|4
|start
|switch|p1a: Archaludon|Archaludon, L50, F|100/100
|switch|p1b: Incineroar|Incineroar, L50, M|100/100
|switch|p2a: Maushold|Maushold-Four, L50|100/100
|switch|p2b: Blastoise|Blastoise, L50, M|100/100
|-ability|p1b: Incineroar|Intimidate|boost
|-unboost|p2a: Maushold|atk|1
|-unboost|p2b: Blastoise|atk|1
|turn|1
|inactive|IsRainingPerish has 30 seconds left.
|inactive|Biff6 has 30 seconds left.
|inactive|IsRainingPerish has 20 seconds left.
|inactive|Biff6 has 20 seconds left.
|inactive|IsRainingPerish has 15 seconds left.
|inactive|Biff6 has 15 seconds left.
|inactive|IsRainingPerish has 10 seconds left.
|inactive|Biff6 has 10 seconds left.
|inactive|Biff6 has 5 seconds left.
|
|t:|1785956646
|switch|p1a: Scovillain|Scovillain, L50, M, shiny|100/100
|move|p2b: Blastoise|Fake Out|p1a: Scovillain
|-damage|p1a: Scovillain|94/100
|move|p2a: Maushold|Population Bomb|p1b: Incineroar
|-damage|p1b: Incineroar|93/100
|-damage|p1b: Incineroar|87/100
|-damage|p1b: Incineroar|81/100
|-damage|p1b: Incineroar|74/100
|-hitcount|p1b: Incineroar|4
|move|p1b: Incineroar|Parting Shot|p2b: Blastoise
|-unboost|p2b: Blastoise|atk|1
|-unboost|p2b: Blastoise|spa|1
|
|t:|1785956655
|switch|p1b: Archaludon|Archaludon, L50, F|100/100|[from] Parting Shot
|
|-ability|p1a: Scovillain|Moody|boost
|-boost|p1a: Scovillain|spa|2
|-unboost|p1a: Scovillain|spe|1
|upkeep
|turn|2
|inactive|Biff6 has 30 seconds left.
|inactive|Biff6 has 20 seconds left.
|inactive|Biff6 has 15 seconds left.
|inactive|Biff6 has 10 seconds left.
|inactive|Biff6 has 5 seconds left.
|
|t:|1785956710
|switch|p1b: Incineroar|Incineroar, L50, M|74/100
|-ability|p1b: Incineroar|Intimidate|boost
|-unboost|p2a: Maushold|atk|1
|-unboost|p2b: Blastoise|atk|1
|detailschange|p1a: Scovillain|Scovillain-Mega, L50, M, shiny
|-mega|p1a: Scovillain|Scovillain|Scovillainite
|move|p2a: Maushold|Population Bomb|p1a: Scovillain
|-damage|p1a: Scovillain|88/100
|-status|p2a: Maushold|brn|[from] ability: Spicy Spray|[of] p1a: Scovillain
|-damage|p1a: Scovillain|85/100
|-damage|p1a: Scovillain|82/100
|-damage|p1a: Scovillain|79/100
|-damage|p1a: Scovillain|76/100
|-crit|p1a: Scovillain
|-damage|p1a: Scovillain|68/100
|-damage|p1a: Scovillain|65/100
|-damage|p1a: Scovillain|62/100
|-damage|p1a: Scovillain|59/100
|-damage|p1a: Scovillain|56/100
|-hitcount|p1a: Scovillain|10
|move|p2b: Blastoise|Dark Pulse|p1a: Scovillain
|-damage|p1a: Scovillain|39/100
|-status|p2b: Blastoise|brn|[from] ability: Spicy Spray|[of] p1a: Scovillain
|move|p1a: Scovillain|Giga Drain|p2b: Blastoise
|-supereffective|p2b: Blastoise|1
|-damage|p2b: Blastoise|0 fnt
|-heal|p1a: Scovillain|90/100|[from] drain|[of] p2b: Blastoise
|faint|p2b: Blastoise
|
|-damage|p2a: Maushold|93/100 brn|[from] brn
|upkeep
|inactive|Biff6 has 30 seconds left.
|inactive|Biff6 has 20 seconds left.
|inactive|Biff6 has 15 seconds left.
|inactive|Biff6 has 10 seconds left.
|inactive|Biff6 has 5 seconds left.
|
|t:|1785956766
|switch|p2b: Basculegion|Basculegion, L50, M|100/100
|turn|3
|inactive|Biff6 has 30 seconds left.
|inactive|Biff6 has 20 seconds left.
|inactive|Biff6 has 15 seconds left.
|inactive|Biff6 has 10 seconds left.
|inactive|Biff6 has 5 seconds left.
|
|t:|1785956821
|switch|p1b: Archaludon|Archaludon, L50, F|100/100
|move|p1a: Scovillain|Protect|p1a: Scovillain
|-singleturn|p1a: Scovillain|Protect
|move|p2b: Basculegion|Wave Crash|p1b: Archaludon
|-resisted|p1b: Archaludon|1
|-damage|p1b: Archaludon|70/100
|-ability|p1b: Archaludon|Stamina|boost
|-boost|p1b: Archaludon|def|1
|-damage|p2b: Basculegion|90/100|[from] Recoil
|move|p2a: Maushold|Population Bomb|p1a: Scovillain
|-activate|p1a: Scovillain|move: Protect
|
|-heal|p1b: Archaludon|76/100|[from] item: Leftovers
|-damage|p2a: Maushold|87/100 brn|[from] brn
|upkeep
|turn|4
|inactive|Biff6 has 30 seconds left.
|inactive|Biff6 has 20 seconds left.
|inactive|Biff6 has 15 seconds left.
|inactive|Biff6 has 10 seconds left.
|inactive|Biff6 has 5 seconds left.
|
|t:|1785956876
|switch|p1a: Politoed|Politoed, L50, F|100/100
|-weather|RainDance|[from] ability: Drizzle|[of] p1a: Politoed
|move|p2b: Basculegion|Wave Crash|p1a: Politoed
|-resisted|p1a: Politoed|1
|-crit|p1a: Politoed
|-damage|p1a: Politoed|14/100
|-enditem|p1a: Politoed|Sitrus Berry|[eat]
|-heal|p1a: Politoed|39/100|[from] item: Sitrus Berry
|-damage|p2b: Basculegion|61/100|[from] Recoil
|move|p2a: Maushold|Population Bomb|p1b: Archaludon
|-resisted|p1b: Archaludon|1
|-damage|p1b: Archaludon|76/100
|-ability|p1b: Archaludon|Stamina|boost
|-boost|p1b: Archaludon|def|1
|-resisted|p1b: Archaludon|1
|-damage|p1b: Archaludon|75/100
|-ability|p1b: Archaludon|Stamina|boost
|-boost|p1b: Archaludon|def|1
|-resisted|p1b: Archaludon|1
|-damage|p1b: Archaludon|75/100
|-ability|p1b: Archaludon|Stamina|boost
|-boost|p1b: Archaludon|def|1
|-resisted|p1b: Archaludon|1
|-damage|p1b: Archaludon|74/100
|-ability|p1b: Archaludon|Stamina|boost
|-boost|p1b: Archaludon|def|1
|-resisted|p1b: Archaludon|1
|-damage|p1b: Archaludon|74/100
|-ability|p1b: Archaludon|Stamina|boost
|-boost|p1b: Archaludon|def|1
|-resisted|p1b: Archaludon|1
|-damage|p1b: Archaludon|73/100
|-resisted|p1b: Archaludon|1
|-damage|p1b: Archaludon|73/100
|-resisted|p1b: Archaludon|1
|-damage|p1b: Archaludon|72/100
|-resisted|p1b: Archaludon|1
|-damage|p1b: Archaludon|72/100
|-resisted|p1b: Archaludon|1
|-damage|p1b: Archaludon|71/100
|-hitcount|p1b: Archaludon|10
|move|p1b: Archaludon|Electro Shot||[still]
|-prepare|p1b: Archaludon|Electro Shot
|-boost|p1b: Archaludon|spa|1
|-anim|p1b: Archaludon|Electro Shot|p2b: Basculegion
|-supereffective|p2b: Basculegion|1
|-damage|p2b: Basculegion|0 fnt
|faint|p2b: Basculegion
|
|-weather|RainDance|[upkeep]
|-heal|p1b: Archaludon|77/100|[from] item: Leftovers
|-damage|p2a: Maushold|81/100 brn|[from] brn
|upkeep
|inactive|Biff6 has 30 seconds left.
|inactive|Biff6 has 20 seconds left.
|inactive|Biff6 has 15 seconds left.
|inactive|Biff6 has 10 seconds left.
|inactive|Biff6 has 5 seconds left.
|
|t:|1785956931
|switch|p2b: Sinistcha|Sinistcha, L50|100/100
|-heal|p2a: Maushold|100/100 brn|[from] ability: Hospitality|[of] p2b: Sinistcha
|turn|5
|inactive|Biff6 has 30 seconds left.
|inactive|Biff6 has 20 seconds left.
|inactive|Biff6 has 15 seconds left.
|inactive|Biff6 has 10 seconds left.
|inactive|Biff6 has 5 seconds left.
|
|t:|1785956986
|move|p2a: Maushold|Population Bomb|p1b: Archaludon
|-resisted|p1b: Archaludon|1
|-damage|p1b: Archaludon|77/100
|-resisted|p1b: Archaludon|1
|-damage|p1b: Archaludon|76/100
|-resisted|p1b: Archaludon|1
|-damage|p1b: Archaludon|76/100
|-resisted|p1b: Archaludon|1
|-damage|p1b: Archaludon|75/100
|-resisted|p1b: Archaludon|1
|-damage|p1b: Archaludon|75/100
|-resisted|p1b: Archaludon|1
|-damage|p1b: Archaludon|74/100
|-resisted|p1b: Archaludon|1
|-damage|p1b: Archaludon|74/100
|-resisted|p1b: Archaludon|1
|-damage|p1b: Archaludon|73/100
|-resisted|p1b: Archaludon|1
|-damage|p1b: Archaludon|73/100
|-resisted|p1b: Archaludon|1
|-damage|p1b: Archaludon|72/100
|-hitcount|p1b: Archaludon|10
|move|p1b: Archaludon|Electro Shot||[still]
|-prepare|p1b: Archaludon|Electro Shot
|-boost|p1b: Archaludon|spa|1
|-anim|p1b: Archaludon|Electro Shot|p2a: Maushold
|-crit|p2a: Maushold
|-damage|p2a: Maushold|0 fnt
|faint|p2a: Maushold
|move|p1a: Politoed|Perish Song|p1a: Politoed
|-start|p1a: Politoed|perish3|[silent]
|-start|p1b: Archaludon|perish3|[silent]
|-start|p2b: Sinistcha|perish3|[silent]
|-fieldactivate|move: Perish Song
|move|p2b: Sinistcha|Matcha Gotcha|p1b: Archaludon|[spread] p1a,p1b
|-supereffective|p1a: Politoed|1
|-crit|p1a: Politoed
|-resisted|p1b: Archaludon|2
|-damage|p1a: Politoed|0 fnt
|-damage|p1b: Archaludon|68/100
|faint|p1a: Politoed
|
|-weather|RainDance|[upkeep]
|-heal|p1b: Archaludon|74/100|[from] item: Leftovers
|-start|p1b: Archaludon|perish3
|-start|p2b: Sinistcha|perish3
|upkeep
|
|t:|1785956991
|switch|p1a: Incineroar|Incineroar, L50, M|74/100
|-ability|p1a: Incineroar|Intimidate|boost
|-unboost|p2b: Sinistcha|atk|1
|turn|6
|inactive|Biff6 has 30 seconds left.
|inactive|Biff6 has 20 seconds left.
|inactive|Biff6 has 15 seconds left.
|inactive|Biff6 has 10 seconds left.
|inactive|Biff6 has 5 seconds left.
|-message|Biff6 lost due to inactivity.
|
|win|IsRainingPerish
|raw|IsRainingPerish's rating: 1052 → 1089(+37 for winning)
|raw|Biff6's rating: 1107 → 1078(-29 for losing)
