|j|☆Joaquu_
|j|☆lennydobleele
|html|Joaquu_lennydobleele    
|uhtml|bestof|Game 2 of a best-of-3
|t:|1785900202
|gametype|doubles
|player|p1|Joaquu_|169|
|player|p2|lennydobleele|1|
|gen|9
|tier|[Gen 9 Champions] VGC 2026 Reg M-B (Bo3)
|rule|Species Clause: Limit one of each Pokémon
|rule|Item Clause: Limit 1 of each item
|clearpoke
|poke|p1|Raichu, L50, F|
|poke|p1|Typhlosion-Hisui, L50, F|
|poke|p1|Aerodactyl, L50, F|
|poke|p1|Ninetales, L50, F|
|poke|p1|Sneasler, L50, F|
|poke|p1|Tsareena, L50, F|
|poke|p2|Sylveon, L50, M|
|poke|p2|Basculegion, L50, M|
|poke|p2|Charizard, L50, F|
|poke|p2|Kingambit, L50, M|
|poke|p2|Whimsicott, L50, F|
|poke|p2|Sinistcha-Masterpiece, L50|
|teampreview|4
|showteam|p1|Raichu||RaichuniteY|LightningRod|FakeTears,NastyPlot,ZapCannon,FocusBlast|Timid||F|||50|]Typhlosion-Hisui||ChoiceScarf|Frisk|Eruption,Flamethrower,ShadowBall,Extrasensory|Modest||F|||50|]Aerodactyl||Aerodactylite|Unnerve|RockSlide,Tailwind,IceFang,WideGuard|Jolly||F|||50|]Ninetales||LifeOrb|Drought|Flamethrower,EnergyBall,HelpingHand,Protect|Modest||F|||50|]Sneasler||FocusSash|PoisonTouch|PoisonJab,CloseCombat,Protect,FakeOut|Jolly||F|||50|]Tsareena||WideLens|QueenlyMajesty|PowerWhip,TripleAxel,HelpingHand,Protect|Careful||F|||50|
|showteam|p2|Sylveon||FairyFeather|Pixilate|Detect,HyperVoice,HyperBeam,QuickAttack|Sassy||M|||50|]Basculegion||MysticWater|Adaptability|AquaJet,LastRespects,Protect,Liquidation|Adamant||M|||50|]Charizard||CharizarditeY|SolarPower|HeatWave,SolarBeam,Protect,WeatherBall|Timid||F|||50|]Kingambit||ChopleBerry|Defiant|LowKick,IronHead,Protect,NightSlash|Adamant||M|||50|]Whimsicott||FocusSash|Prankster|Moonblast,Tailwind,Protect,Encore|Bold||F|||50|]Sinistcha-Masterpiece||Leftovers|Hospitality|MatchaGotcha,Protect,TrickRoom,PsychUp|Relaxed|||||50|
|
|t:|1785900348
|teamsize|p1|4
|teamsize|p2|4
|start
|switch|p1a: Aerodactyl|Aerodactyl, L50, F|100/100
|switch|p1b: Sneasler|Sneasler, L50, F|100/100
|switch|p2a: Whimsicott|Whimsicott, L50, F|100/100
|switch|p2b: Sinistcha|Sinistcha-Masterpiece, L50|100/100
|-ability|p1a: Aerodactyl|Unnerve
|turn|1
|
|t:|1785900381
|move|p2a: Whimsicott|Protect|p2a: Whimsicott
|-singleturn|p2a: Whimsicott|Protect
|move|p1a: Aerodactyl|Tailwind|p1a: Aerodactyl
|-sidestart|p1: Joaquu_|move: Tailwind
|move|p1b: Sneasler|Poison Jab|p2a: Whimsicott
|-activate|p2a: Whimsicott|move: Protect
|move|p2b: Sinistcha|Matcha Gotcha|p1a: Aerodactyl|[spread] p1a,p1b
|-resisted|p1b: Sneasler|1
|-crit|p1b: Sneasler
|-damage|p1a: Aerodactyl|64/100
|-damage|p1b: Sneasler|73/100
|
|upkeep
|turn|2
|
|t:|1785900412
|switch|p2b: Basculegion|Basculegion, L50, M|100/100
|move|p2a: Whimsicott|Encore|p1a: Aerodactyl
|-start|p1a: Aerodactyl|Encore
|move|p1a: Aerodactyl|Tailwind||[still]
|-fail|p1a: Aerodactyl
|move|p1b: Sneasler|Poison Jab|p2b: Basculegion
|-resisted|p2b: Basculegion|1
|-damage|p2b: Basculegion|76/100
|-status|p2b: Basculegion|psn
|
|-damage|p2b: Basculegion|64/100 psn|[from] psn
|upkeep
|turn|3
|
|t:|1785900442
|switch|p1a: Tsareena|Tsareena, L50, F|100/100
|switch|p2a: Sinistcha|Sinistcha-Masterpiece, L50|100/100
|-heal|p2b: Basculegion|88/100 psn|[from] ability: Hospitality|[of] p2a: Sinistcha
|move|p1b: Sneasler|Protect|p1b: Sneasler
|-singleturn|p1b: Sneasler|Protect
|move|p2b: Basculegion|Aqua Jet||[still]
|cant|p1a: Tsareena|ability: Queenly Majesty|Aqua Jet|[of] p2b: Basculegion
|
|-damage|p2b: Basculegion|76/100 psn|[from] psn
|upkeep
|turn|4
|
|t:|1785900472
|move|p2a: Sinistcha|Protect|p2a: Sinistcha
|-singleturn|p2a: Sinistcha|Protect
|move|p1b: Sneasler|Poison Jab|p2a: Sinistcha
|-activate|p2a: Sinistcha|move: Protect
|move|p1a: Tsareena|Power Whip|p2b: Basculegion
|-supereffective|p2b: Basculegion|1
|-damage|p2b: Basculegion|0 fnt
|faint|p2b: Basculegion
|
|-sideend|p1: Joaquu_|move: Tailwind
|upkeep
|
|t:|1785900485
|switch|p2b: Charizard|Charizard, L50, F|100/100
|turn|5
|
|t:|1785900505
|switch|p2a: Whimsicott|Whimsicott, L50, F|100/100
|detailschange|p2b: Charizard|Charizard-Mega-Y, L50, F
|-mega|p2b: Charizard|Charizard|Charizardite Y
|-weather|SunnyDay|[from] ability: Drought|[of] p2b: Charizard
|move|p1a: Tsareena|Helping Hand|p1b: Sneasler
|-singleturn|p1b: Sneasler|Helping Hand|[of] p1a: Tsareena
|move|p1b: Sneasler|Poison Jab|p2b: Charizard
|-damage|p2b: Charizard|7/100
|move|p2b: Charizard|Heat Wave|p1b: Sneasler|[spread] p1a,p1b
|-supereffective|p1a: Tsareena|1
|-damage|p1a: Tsareena|15/100
|-damage|p1b: Sneasler|0 fnt
|-status|p1a: Tsareena|brn
|faint|p1b: Sneasler
|
|-weather|SunnyDay|[upkeep]
|-damage|p1a: Tsareena|8/100 brn|[from] brn
|upkeep
|
|t:|1785900521
|switch|p1b: Aerodactyl|Aerodactyl, L50, F|64/100
|-ability|p1b: Aerodactyl|Unnerve
|turn|6
|
|t:|1785900539
|move|p2a: Whimsicott|Tailwind|p2a: Whimsicott
|-sidestart|p2: lennydobleele|move: Tailwind
|move|p2b: Charizard|Heat Wave|p1b: Aerodactyl|[spread] p1a,p1b
|-supereffective|p1a: Tsareena|1
|-resisted|p1b: Aerodactyl|1
|-damage|p1a: Tsareena|0 fnt
|-damage|p1b: Aerodactyl|22/100
|faint|p1a: Tsareena
|move|p1b: Aerodactyl|Tailwind|p1b: Aerodactyl
|-sidestart|p1: Joaquu_|move: Tailwind
|
|-weather|SunnyDay|[upkeep]
|upkeep
|
|t:|1785900548
|switch|p1a: Raichu|Raichu, L50, F|100/100
|turn|7
|
|t:|1785900591
|detailschange|p1a: Raichu|Raichu-Mega-Y, L50, F
|-mega|p1a: Raichu|Raichu|Raichunite Y
|move|p1b: Aerodactyl|Wide Guard|p1b: Aerodactyl
|-singleturn|p1b: Aerodactyl|Wide Guard
|move|p2a: Whimsicott|Encore|p1b: Aerodactyl
|-start|p1b: Aerodactyl|Encore
|move|p1a: Raichu|Zap Cannon|p2b: Charizard
|-supereffective|p2b: Charizard|1
|-damage|p2b: Charizard|0 fnt
|faint|p2b: Charizard
|
|-weather|SunnyDay|[upkeep]
|upkeep
|
|t:|1785900604
|switch|p2b: Sinistcha|Sinistcha-Masterpiece, L50|100/100
|turn|8
|
|t:|1785900633
|move|p1b: Aerodactyl|Wide Guard|p1b: Aerodactyl
|-singleturn|p1b: Aerodactyl|Wide Guard
|move|p2a: Whimsicott|Encore|p1a: Raichu
|-start|p1a: Raichu|Encore
|move|p1a: Raichu|Zap Cannon|p2b: Sinistcha
|-resisted|p2b: Sinistcha|1
|-crit|p2b: Sinistcha
|-damage|p2b: Sinistcha|34/100
|-status|p2b: Sinistcha|par
|cant|p2b: Sinistcha|par
|
|-weather|SunnyDay|[upkeep]
|-heal|p2b: Sinistcha|41/100 par|[from] item: Leftovers
|upkeep
|turn|9
|
|t:|1785900669
|move|p2b: Sinistcha|Protect|p2b: Sinistcha
|-singleturn|p2b: Sinistcha|Protect
|move|p1b: Aerodactyl|Wide Guard|p1b: Aerodactyl
|-singleturn|p1b: Aerodactyl|Wide Guard
|move|p1a: Raichu|Zap Cannon|p2a: Whimsicott
|-resisted|p2a: Whimsicott|1
|-damage|p2a: Whimsicott|52/100
|-status|p2a: Whimsicott|par
|move|p2a: Whimsicott|Moonblast|p1b: Aerodactyl
|-damage|p1b: Aerodactyl|0 fnt
|faint|p1b: Aerodactyl
|
|-weather|none
|-heal|p2b: Sinistcha|47/100 par|[from] item: Leftovers
|-sideend|p2: lennydobleele|move: Tailwind
|-sideend|p1: Joaquu_|move: Tailwind
|upkeep
|turn|10
|
|t:|1785900690
|move|p1a: Raichu|Zap Cannon|p2a: Whimsicott
|-resisted|p2a: Whimsicott|1
|-damage|p2a: Whimsicott|4/100 par
|move|p2a: Whimsicott|Moonblast|p1a: Raichu
|-damage|p1a: Raichu|58/100
|move|p2b: Sinistcha|Matcha Gotcha|p1a: Raichu
|-damage|p1a: Raichu|10/100
|-heal|p2b: Sinistcha|65/100 par|[from] drain|[of] p1a: Raichu
|
|-heal|p2b: Sinistcha|71/100 par|[from] item: Leftovers
|-end|p1a: Raichu|Encore
|upkeep
|turn|11
|
|t:|1785900708
|move|p2a: Whimsicott|Tailwind|p2a: Whimsicott
|-sidestart|p2: lennydobleele|move: Tailwind
|move|p1a: Raichu|Zap Cannon|p2b: Sinistcha
|-resisted|p2b: Sinistcha|1
|-damage|p2b: Sinistcha|29/100 par
|move|p2b: Sinistcha|Matcha Gotcha|p1a: Raichu
|-damage|p1a: Raichu|0 fnt
|-heal|p2b: Sinistcha|33/100 par|[from] drain|[of] p1a: Raichu
|faint|p1a: Raichu
|
|win|lennydobleele
|inactive|Joaquu_ has 30 seconds to confirm battle start!
|inactive|lennydobleele has 30 seconds to confirm battle start!
|inactive|Joaquu_ has 20 seconds to confirm battle start!
|inactive|lennydobleele has 20 seconds to confirm battle start!
||lennydobleele is ready for game 3.
|inactive|Joaquu_ has 10 seconds to confirm battle start!
|uhtml|next|Next: Game 3 of 3
|l|☆Joaquu_
|player|p1|
|j|☆Joaquu_
|player|p1|Joaquu_|169|
