|j|☆higigig
|j|☆SongokuVG Fr
|html|higigigSongokuVG Fr    
|uhtml|bestof|Game 3 of a best-of-3
|t:|1757149296
|gametype|doubles
|player|p1|higigig|sisandbro|1168
|player|p2|SongokuVG Fr|lucian|1237
|gen|9
|tier|[Gen 9] VGC 2025 Reg H (Bo3)
|rated|
|rule|Species Clause: Limit one of each Pokémon
|rule|Item Clause: Limit 1 of each item
|clearpoke
|poke|p1|Sneasler, L50, F|
|poke|p1|Gholdengo, L50|
|poke|p1|Amoonguss, L50, F|
|poke|p1|Incineroar, L50, F|
|poke|p1|Ursaluna-Bloodmoon, L50, M|
|poke|p1|Dragonite, L50, F|
|poke|p2|Klefki, L50, M|
|poke|p2|Ursaluna-Bloodmoon, L50, M|
|poke|p2|Maushold-Four, L50|
|poke|p2|Annihilape, L50, F|
|poke|p2|Ninetales-Alola, L50, F|
|poke|p2|Sinistcha, L50|
|teampreview|4
|showteam|p1|Sneasler||WhiteHerb|Unburden|FakeOut,CloseCombat,DireClaw,Protect|||F|||50|,,,,,Flying]Gholdengo||MetalCoat|GoodasGold|NastyPlot,MakeItRain,ShadowBall,Protect||||||50|,,,,,Water]Amoonguss||RockyHelmet|Regenerator|Spore,RagePowder,PollenPuff,Protect|||F|||50|,,,,,Psychic]Incineroar||SafetyGoggles|Intimidate|FakeOut,FlareBlitz,KnockOff,PartingShot|||F|||50|,,,,,Ghost]Ursaluna-Bloodmoon||SitrusBerry|MindsEye|CalmMind,EarthPower,BloodMoon,Protect|||M|||50|,,,,,Poison]Dragonite||LoadedDice|Multiscale|ScaleShot,Haze,Tailwind,Protect|||F|||50|,,,,,Fairy
|showteam|p2|Klefki||LightClay|Prankster|Reflect,LightScreen,MistyTerrain,DazzlingGleam|||M|||50|,,,,,Ghost]Ursaluna-Bloodmoon||AssaultVest|MindsEye|BloodMoon,HyperVoice,VacuumWave,EarthPower|||M|||50|,,,,,Water]Maushold-Four||SafetyGoggles|FriendGuard|FollowMe,Protect,Taunt,BeatUp||||||50|,,,,,Ghost]Annihilape||Leftovers|Defiant|DrainPunch,RageFist,Protect,BulkUp|||F|||50|,,,,,Fire]Ninetales-Alola||FocusSash|SnowWarning|Blizzard,Protect,Encore,FreezeDry|||F|||50|,,,,,Ghost]Sinistcha||SitrusBerry|Hospitality|MatchaGotcha,RagePowder,LifeDew,TrickRoom||||||50|,,,,,Water
|inactive|Battle timer is ON: inactive players will automatically lose when time's up. (requested by higigig)
|inactive|higigig has 60 seconds left.
|
|t:|1757149333
|teamsize|p1|4
|teamsize|p2|4
|start
|switch|p1a: Dragonite|Dragonite, L50, F|100/100
|switch|p1b: Gholdengo|Gholdengo, L50|100/100
|switch|p2a: Klefki|Klefki, L50, M|100/100
|switch|p2b: Ursaluna|Ursaluna-Bloodmoon, L50, M|100/100
|turn|1
|
|t:|1757149346
|-terastallize|p1b: Gholdengo|Water
|move|p2a: Klefki|Light Screen|p2a: Klefki
|-sidestart|p2: SongokuVG Fr|move: Light Screen
|move|p1b: Gholdengo|Nasty Plot|p1b: Gholdengo
|-boost|p1b: Gholdengo|spa|2
|move|p1a: Dragonite|Scale Shot|p2b: Ursaluna
|-damage|p2b: Ursaluna|89/100
|-damage|p2b: Ursaluna|78/100
|-damage|p2b: Ursaluna|66/100
|-damage|p2b: Ursaluna|55/100
|-hitcount|p2b: Ursaluna|4
|-unboost|p1a: Dragonite|def|1
|-boost|p1a: Dragonite|spe|1
|move|p2b: Ursaluna|Blood Moon|p1b: Gholdengo
|-damage|p1b: Gholdengo|2/100
|
|upkeep
|turn|2
|inactive|higigig has 30 seconds left.
|inactive|higigig has 20 seconds left.
|
|t:|1757149381
|move|p1b: Gholdengo|Protect|p1b: Gholdengo
|-singleturn|p1b: Gholdengo|Protect
|move|p2b: Ursaluna|Vacuum Wave|p1b: Gholdengo
|-activate|p1b: Gholdengo|move: Protect
|move|p2a: Klefki|Misty Terrain|p2a: Klefki
|-fieldstart|move: Misty Terrain
|move|p1a: Dragonite|Scale Shot|p2b: Ursaluna
|-crit|p2b: Ursaluna
|-damage|p2b: Ursaluna|47/100
|-crit|p2b: Ursaluna
|-damage|p2b: Ursaluna|39/100
|-damage|p2b: Ursaluna|33/100
|-damage|p2b: Ursaluna|27/100
|-damage|p2b: Ursaluna|21/100
|-hitcount|p2b: Ursaluna|5
|-unboost|p1a: Dragonite|def|1
|-boost|p1a: Dragonite|spe|1
|
|upkeep
|turn|3
|
|t:|1757149400
|switch|p1b: Amoonguss|Amoonguss, L50, F|100/100
|move|p2b: Ursaluna|Vacuum Wave|p1b: Amoonguss
|-resisted|p1b: Amoonguss
|-damage|p1b: Amoonguss|94/100
|move|p2a: Klefki|Reflect|p2a: Klefki
|-sidestart|p2: SongokuVG Fr|Reflect
|move|p1a: Dragonite|Scale Shot|p2b: Ursaluna
|-damage|p2b: Ursaluna|17/100
|-damage|p2b: Ursaluna|12/100
|-crit|p2b: Ursaluna
|-damage|p2b: Ursaluna|4/100
|-damage|p2b: Ursaluna|0 fnt
|faint|p2b: Ursaluna
|-hitcount|p2: Ursaluna|4
|-unboost|p1a: Dragonite|def|1
|-boost|p1a: Dragonite|spe|1
|
|upkeep
|
|t:|1757149404
|switch|p2b: Annihilape|Annihilape, L50, F|100/100
|turn|4
|inactive|higigig has 30 seconds left.
|
|t:|1757149433
|switch|p1b: Gholdengo|Gholdengo, L50, tera:Water|2/100
|move|p1a: Dragonite|Tailwind|p1a: Dragonite
|-sidestart|p1: higigig|move: Tailwind
|move|p2b: Annihilape|Bulk Up|p2b: Annihilape
|-boost|p2b: Annihilape|atk|1
|-boost|p2b: Annihilape|def|1
|move|p2a: Klefki|Dazzling Gleam|p1b: Gholdengo|[spread] p1a,p1b
|-supereffective|p1a: Dragonite
|-damage|p1a: Dragonite|81/100
|-damage|p1b: Gholdengo|0 fnt
|faint|p1b: Gholdengo
|
|upkeep
|
|t:|1757149438
|switch|p1b: Sneasler|Sneasler, L50, F|100/100
|turn|5
|
|t:|1757149450
|move|p1a: Dragonite|Haze|p1a: Dragonite
|-clearallboost
|move|p1b: Sneasler|Close Combat|p2a: Klefki
|-damage|p2a: Klefki|57/100
|-unboost|p1b: Sneasler|def|1
|-unboost|p1b: Sneasler|spd|1
|-enditem|p1b: Sneasler|White Herb
|-clearnegativeboost|p1b: Sneasler|[silent]
|move|p2b: Annihilape|Rage Fist|p1a: Dragonite
|-damage|p1a: Dragonite|56/100
|move|p2a: Klefki|Dazzling Gleam|p1a: Dragonite|[spread] p1a,p1b
|-supereffective|p1a: Dragonite
|-damage|p1a: Dragonite|16/100
|-damage|p1b: Sneasler|75/100
|
|upkeep
|turn|6
|inactive|higigig has 30 seconds left.
|
|t:|1757149480
|move|p1a: Dragonite|Protect|p1a: Dragonite
|-singleturn|p1a: Dragonite|Protect
|move|p1b: Sneasler|Close Combat|p2a: Klefki
|-damage|p2a: Klefki|8/100
|-unboost|p1b: Sneasler|def|1
|-unboost|p1b: Sneasler|spd|1
|move|p2b: Annihilape|Bulk Up|p2b: Annihilape
|-boost|p2b: Annihilape|atk|1
|-boost|p2b: Annihilape|def|1
|move|p2a: Klefki|Dazzling Gleam|p1a: Dragonite|[spread] p1b
|-activate|p1a: Dragonite|move: Protect
|-damage|p1b: Sneasler|39/100
|
|-fieldend|Misty Terrain
|upkeep
|turn|7
|
|t:|1757149500
|move|p2a: Klefki|Misty Terrain|p2a: Klefki
|-fieldstart|move: Misty Terrain
|move|p1b: Sneasler|Close Combat|p2a: Klefki
|-damage|p2a: Klefki|0 fnt
|-unboost|p1b: Sneasler|def|1
|-unboost|p1b: Sneasler|spd|1
|faint|p2a: Klefki
|move|p1a: Dragonite|Haze|p1a: Dragonite
|-clearallboost
|move|p2b: Annihilape|Rage Fist|p1b: Sneasler
|-damage|p1b: Sneasler|2/100
|
|-sideend|p1: higigig|move: Tailwind
|upkeep
|
|t:|1757149513
|switch|p2a: Maushold|Maushold-Four, L50|100/100
|turn|8
|
|t:|1757149534
|-terastallize|p2a: Maushold|Ghost
|move|p1b: Sneasler|Protect|p1b: Sneasler
|-singleturn|p1b: Sneasler|Protect
|move|p1a: Dragonite|Protect|p1a: Dragonite
|-singleturn|p1a: Dragonite|Protect
|move|p2a: Maushold|Beat Up|p2b: Annihilape
|-damage|p2b: Annihilape|99/100
|-damage|p2b: Annihilape|97/100
|-hitcount|p2b: Annihilape|2
|move|p2b: Annihilape|Rage Fist|p1b: Sneasler
|-activate|p1b: Sneasler|move: Protect
|
|-heal|p2b: Annihilape|100/100|[from] item: Leftovers
|-sideend|p2: SongokuVG Fr|move: Light Screen
|upkeep
|turn|9
|
|t:|1757149552
|move|p1b: Sneasler|Dire Claw|p2b: Annihilape
|-resisted|p2b: Annihilape
|-damage|p2b: Annihilape|90/100
|move|p2a: Maushold|Beat Up|p1b: Sneasler
|-resisted|p1b: Sneasler
|-damage|p1b: Sneasler|0 fnt
|faint|p1b: Sneasler
|-hitcount|p1: Sneasler|1
|move|p2b: Annihilape|Rage Fist|p1a: Dragonite
|-damage|p1a: Dragonite|0 fnt
|faint|p1a: Dragonite
|
|-heal|p2b: Annihilape|96/100|[from] item: Leftovers
|upkeep
|-message|higigig forfeited.
|
|win|SongokuVG Fr
|raw|higigig's rating: 1168 → 1148(-20 for losing)
|raw|SongokuVG Fr's rating: 1237 → 1257(+20 for winning)
