|j|☆imptumnus
|j|☆ZacianBot
|html|imptumnusZacianBot    
|uhtml|bestof|Game 2 of a best-of-3
|t:|1785354875
|gametype|doubles
|player|p1|imptumnus|marlon|1096
|player|p2|ZacianBot|koga|1109
|gen|9
|tier|[Gen 9 Champions] VGC 2026 Reg M-B (Bo3)
|rated|
|rule|Species Clause: Limit one of each Pokémon
|rule|Item Clause: Limit 1 of each item
|clearpoke
|poke|p1|Raichu, L50, M|
|poke|p1|Sylveon, L50, M|
|poke|p1|Garchomp, L50, F|
|poke|p1|Sneasler, L50, F|
|poke|p1|Pelipper, L50, F|
|poke|p1|Incineroar, L50, M|
|poke|p2|Floette-Eternal, L50, F|
|poke|p2|Aerodactyl, L50, F|
|poke|p2|Garchomp, L50, F|
|poke|p2|Incineroar, L50, F|
|poke|p2|Sinistcha-Masterpiece, L50|
|poke|p2|Kingambit, L50, M|
|teampreview|4
|showteam|p1|Raichu||RaichuniteY|LightningRod|ZapCannon,FocusBlast,FakeOut,Protect|Timid||M|||50|]Sylveon||FairyFeather|Pixilate|HyperVoice,QuickAttack,Detect,HyperBeam|Modest||M|||50|]Garchomp||Garchompite|RoughSkin|DragonClaw,Protect,Earthquake,RockSlide|Jolly||F|||50|]Sneasler||FocusSash|PoisonTouch|PoisonJab,QuickGuard,CloseCombat,FakeOut|Jolly||F|||50|]Pelipper||DampRock|Drizzle|Hurricane,WideGuard,WeatherBall,Tailwind|Modest||F|||50|]Incineroar||SitrusBerry|Blaze|FakeOut,PartingShot,FlareBlitz,ThroatChop|Careful||M|||50|
|showteam|p2|Floette-Eternal||Floettite|FlowerVeil|Protect,DazzlingGleam,DrainingKiss,CalmMind|Modest||F|||50|]Aerodactyl||Aerodactylite|Unnerve|Protect,Tailwind,DualWingbeat,RockSlide|Jolly||F|||50|]Garchomp||SitrusBerry|RoughSkin|Protect,DragonClaw,StompingTantrum,RockSlide|Adamant||F|||50|]Incineroar||PasshoBerry|Intimidate|FlareBlitz,ThroatChop,PartingShot,FakeOut|Careful||F|||50|]Sinistcha-Masterpiece||OccaBerry|Hospitality|Protect,RagePowder,MatchaGotcha,TrickRoom|Bold|||||50|]Kingambit||BlackGlasses|Defiant|Protect,KowtowCleave,SuckerPunch,SwordsDance|Adamant||M|||50|
|inactive|Battle timer is ON: inactive players will automatically lose when time's up. (requested by ZacianBot)
|
|t:|1785354891
|teamsize|p1|4
|teamsize|p2|4
|start
|switch|p1a: Pelipper|Pelipper, L50, F|100/100
|switch|p1b: Garchomp|Garchomp, L50, F|100/100
|switch|p2a: Floette|Floette-Eternal, L50, F|100/100
|switch|p2b: Incineroar|Incineroar, L50, F|100/100
|-weather|RainDance|[from] ability: Drizzle|[of] p1a: Pelipper
|-ability|p2b: Incineroar|Intimidate|boost
|-unboost|p1a: Pelipper|atk|1
|-unboost|p1b: Garchomp|atk|1
|turn|1
|
|t:|1785354911
|detailschange|p2a: Floette|Floette-Mega, L50, F
|-mega|p2a: Floette|Floette|Floettite
|-ability|p2a: Floette|Fairy Aura
|move|p1b: Garchomp|Protect|p1b: Garchomp
|-singleturn|p1b: Garchomp|Protect
|move|p2b: Incineroar|Fake Out|p1a: Pelipper
|-damage|p1a: Pelipper|86/100
|move|p2a: Floette|Calm Mind|p2a: Floette
|-boost|p2a: Floette|spa|1
|-boost|p2a: Floette|spd|1
|cant|p1a: Pelipper|flinch
|
|-weather|RainDance|[upkeep]
|upkeep
|turn|2
|inactive|imptumnus has 30 seconds left.
|
|t:|1785354937
|switch|p2b: Sinistcha|Sinistcha-Masterpiece, L50|100/100
|detailschange|p1b: Garchomp|Garchomp-Mega, L50, F
|-mega|p1b: Garchomp|Garchomp|Garchompite
|move|p1b: Garchomp|Earthquake|p2b: Sinistcha|[spread] p2a,p2b
|-immune|p1a: Pelipper
|-crit|p2a: Floette
|-resisted|p2b: Sinistcha|1
|-damage|p2a: Floette|38/100
|-damage|p2b: Sinistcha|87/100
|move|p2a: Floette|Draining Kiss|p1b: Garchomp
|-supereffective|p1b: Garchomp|1
|-damage|p1b: Garchomp|0 fnt
|-heal|p2a: Floette|100/100|[from] drain|[of] p1b: Garchomp
|faint|p1b: Garchomp
|move|p1a: Pelipper|Hurricane|p2a: Floette
|-damage|p2a: Floette|76/100
|-start|p2a: Floette|confusion
|
|-weather|RainDance|[upkeep]
|upkeep
|
|t:|1785354954
|switch|p1b: Incineroar|Incineroar, L50, M|100/100
|turn|3
|
|t:|1785354967
|switch|p2b: Incineroar|Incineroar, L50, F|100/100
|-ability|p2b: Incineroar|Intimidate|boost
|-unboost|p1a: Pelipper|atk|1
|-unboost|p1b: Incineroar|atk|1
|move|p1b: Incineroar|Fake Out|p2a: Floette
|-damage|p2a: Floette|68/100
|cant|p2a: Floette|flinch
|move|p1a: Pelipper|Hurricane|p2b: Incineroar
|-damage|p2b: Incineroar|61/100
|
|-weather|RainDance|[upkeep]
|upkeep
|turn|4
|
|t:|1785354986
|move|p2b: Incineroar|Fake Out|p1b: Incineroar
|-damage|p1b: Incineroar|90/100
|-activate|p2a: Floette|confusion
|move|p2a: Floette|Draining Kiss|p1a: Pelipper
|-damage|p1a: Pelipper|0 fnt
|-heal|p2a: Floette|100/100|[from] drain|[of] p1a: Pelipper
|faint|p1a: Pelipper
|cant|p1b: Incineroar|flinch
|
|-weather|RainDance|[upkeep]
|upkeep
|
|t:|1785354996
|switch|p1a: Sylveon|Sylveon, L50, M|100/100
|turn|5
|
|t:|1785355008
|-activate|p2a: Floette|confusion
|-damage|p2a: Floette|92/100|[from] confusion
|move|p1a: Sylveon|Hyper Voice|p2a: Floette|[spread] p2a,p2b
|-crit|p2b: Incineroar
|-damage|p2a: Floette|58/100
|-damage|p2b: Incineroar|0 fnt
|faint|p2b: Incineroar
|move|p1b: Incineroar|Parting Shot|p2a: Floette
|-unboost|p2a: Floette|atk|1
|-unboost|p2a: Floette|spa|1
|
|-weather|RainDance|[upkeep]
|upkeep
|
|t:|1785355016
|switch|p2b: Sinistcha|Sinistcha-Masterpiece, L50|87/100
|-heal|p2a: Floette|83/100|[from] ability: Hospitality|[of] p2b: Sinistcha
|turn|6
|
|t:|1785355030
|-end|p2a: Floette|confusion
|move|p2a: Floette|Dazzling Gleam|p1a: Sylveon|[spread] p1a,p1b
|-damage|p1a: Sylveon|63/100
|-damage|p1b: Incineroar|58/100
|move|p2b: Sinistcha|Matcha Gotcha|p1a: Sylveon|[spread] p1a,p1b
|-resisted|p1b: Incineroar|1
|-damage|p1a: Sylveon|42/100
|-heal|p2b: Sinistcha|97/100|[from] drain|[of] p1a: Sylveon
|-damage|p1b: Incineroar|49/100
|-heal|p2b: Sinistcha|100/100|[from] drain|[of] p1b: Incineroar
|-enditem|p1b: Incineroar|Sitrus Berry|[eat]
|-heal|p1b: Incineroar|73/100|[from] item: Sitrus Berry
|move|p1a: Sylveon|Hyper Voice|p2a: Floette|[spread] p2a,p2b
|-damage|p2a: Floette|49/100
|-damage|p2b: Sinistcha|43/100
|move|p1b: Incineroar|Throat Chop|p2b: Sinistcha
|-supereffective|p2b: Sinistcha|1
|-damage|p2b: Sinistcha|8/100
|-start|p2b: Sinistcha|Throat Chop|[silent]
|
|-weather|RainDance|[upkeep]
|upkeep
|turn|7
|inactive|ZacianBot has 30 seconds left.
|
|t:|1785355063
|move|p1a: Sylveon|Quick Attack|p2a: Floette
|-damage|p2a: Floette|33/100
|move|p2a: Floette|Draining Kiss|p1a: Sylveon
|-damage|p1a: Sylveon|8/100
|-heal|p2a: Floette|59/100|[from] drain|[of] p1a: Sylveon
|move|p2b: Sinistcha|Matcha Gotcha|p1b: Incineroar|[spread] p1a
|-miss|p2b: Sinistcha|p1b: Incineroar
|-damage|p1a: Sylveon|0 fnt
|-heal|p2b: Sinistcha|13/100|[from] drain|[of] p1a: Sylveon
|faint|p1a: Sylveon
|move|p1b: Incineroar|Flare Blitz|p2a: Floette
|-damage|p2a: Floette|45/100
|-damage|p1b: Incineroar|69/100|[from] Recoil
|
|-weather|RainDance|[upkeep]
|-end|p2b: Sinistcha|Throat Chop|[silent]
|upkeep
|turn|8
|inactive|imptumnus has 30 seconds left.
|inactive|imptumnus has 20 seconds left.
|
|t:|1785355100
|switch|p2b: Kingambit|Kingambit, L50, M|100/100
|move|p2a: Floette|Protect|p2a: Floette
|-singleturn|p2a: Floette|Protect
|move|p1b: Incineroar|Throat Chop|p2b: Kingambit
|-resisted|p2b: Kingambit|1
|-damage|p2b: Kingambit|91/100
|-start|p2b: Kingambit|Throat Chop|[silent]
|
|-weather|none
|upkeep
|turn|9
|
|t:|1785355115
|switch|p2b: Sinistcha|Sinistcha-Masterpiece, L50|13/100
|-heal|p2a: Floette|70/100|[from] ability: Hospitality|[of] p2b: Sinistcha
|move|p2a: Floette|Draining Kiss|p1b: Incineroar
|-damage|p1b: Incineroar|40/100
|-heal|p2a: Floette|96/100|[from] drain|[of] p1b: Incineroar
|move|p1b: Incineroar|Flare Blitz|p2b: Sinistcha
|-supereffective|p2b: Sinistcha|1
|-crit|p2b: Sinistcha
|-enditem|p2b: Sinistcha|Occa Berry|[eat]
|-enditem|p2b: Sinistcha|Occa Berry|[weaken]
|-damage|p2b: Sinistcha|0 fnt
|faint|p2b: Sinistcha
|-damage|p1b: Incineroar|36/100|[from] Recoil
|
|upkeep
|
|t:|1785355127
|switch|p2b: Kingambit|Kingambit, L50, M|91/100
|turn|10
|
|t:|1785355133
|move|p2b: Kingambit|Sucker Punch||[still]
|-fail|p2b: Kingambit
|move|p2a: Floette|Dazzling Gleam|p1b: Incineroar
|-damage|p1b: Incineroar|0 fnt
|faint|p1b: Incineroar
|
|win|ZacianBot
||ZacianBot is ready for game 3.
||imptumnus is ready for game 3.
|uhtml|next|Next: Game 3 of 3
