|j|☆Dust and fidget
|j|☆palle synchro
|html|Dust and fidgetpalle synchro    
|uhtml|bestof|Game 2 of a best-of-3
|t:|1757086752
|gametype|doubles
|player|p1|Dust and fidget|akari|1377
|player|p2|palle synchro|volkner|1413
|gen|9
|tier|[Gen 9] VGC 2025 Reg H (Bo3)
|rated|
|rule|Species Clause: Limit one of each Pokémon
|rule|Item Clause: Limit 1 of each item
|clearpoke
|poke|p1|Rillaboom, L50, M|
|poke|p1|Sneasler, L50, M|
|poke|p1|Basculegion, L50, M|
|poke|p1|Farigiraf, L50, F|
|poke|p1|Magmar, L50, M|
|poke|p1|Archaludon, L50, M|
|poke|p2|Whimsicott, L50, M|
|poke|p2|Basculegion, L50, M|
|poke|p2|Indeedee, L50, M|
|poke|p2|Sneasler, L50, M|
|poke|p2|Ursaluna-Bloodmoon, L50, M|
|poke|p2|Archaludon, L50, F|
|teampreview|4
|showteam|p1|Rillaboom||AssaultVest|GrassySurge|WoodHammer,GrassyGlide,FakeOut,HighHorsepower|||M|||50|,,,,,Fire]Sneasler||FocusSash|Unburden|DireClaw,CloseCombat,ThroatChop,Protect|||M|||50|,,,,,Stellar]Basculegion||ChoiceScarf|Adaptability|WaveCrash,LastRespects,AquaJet,FlipTurn|||M|||50|,,,,,Grass]Farigiraf||ThroatSpray|ArmorTail|HyperVoice,TwinBeam,TrickRoom,Protect|||F|||50|,,,,,Fairy]Magmar||Eviolite|VitalSpirit|Flamethrower,Taunt,FollowMe,Protect|||M|||50|,,,,,Grass]Archaludon||PowerHerb|Sturdy|ElectroShot,DragonPulse,Thunderbolt,Protect|||M|||50|,,,,,Electric
|showteam|p2|Whimsicott||CovertCloak|Prankster|Moonblast,Taunt,Tailwind,FakeTears|||M|||50|,,,,,Water]Basculegion||ChoiceScarf|Adaptability|WaveCrash,LastRespects,FlipTurn,AquaJet|||M|||50|,,,,,Fairy]Indeedee||FocusSash|PsychicSurge|ExpandingForce,TeraBlast,Imprison,TrickRoom|||M|||50|,,,,,Psychic]Sneasler||PsychicSeed|Unburden|CloseCombat,DireClaw,ThroatChop,Protect|||M|||50|,,,,,Dark]Ursaluna-Bloodmoon||LifeOrb|MindsEye|HyperVoice,BloodMoon,EarthPower,Protect|||M|||50|,,,,,Normal]Archaludon||PowerHerb|Sturdy|ElectroShot,DragonPulse,Thunderbolt,Protect|||F|||50|,,,,,Electric
|inactive|Battle timer is ON: inactive players will automatically lose when time's up. (requested by Dust and fidget)
|
|t:|1757086763
|teamsize|p1|4
|teamsize|p2|4
|start
|switch|p1a: Sneasler|Sneasler, L50, M, shiny|100/100
|switch|p1b: Safety car|Farigiraf, L50, F, shiny|100/100
|switch|p2a: Whimsicott|Whimsicott, L50, M|100/100
|switch|p2b: Archaludon|Archaludon, L50, F|100/100
|turn|1
|
|t:|1757086769
|-terastallize|p1a: Sneasler|Stellar
|move|p1a: Sneasler|Dire Claw|p2a: Whimsicott
|-supereffective|p2a: Whimsicott
|-damage|p2a: Whimsicott|0 fnt
|faint|p2a: Whimsicott
|move|p2b: Archaludon|Electro Shot||[still]
|-prepare|p2b: Archaludon|Electro Shot
|-boost|p2b: Archaludon|spa|1
|-enditem|p2b: Archaludon|Power Herb
|-anim|p2b: Archaludon|Electro Shot|p1a: Sneasler
|-crit|p1a: Sneasler
|-enditem|p1a: Sneasler|Focus Sash
|-damage|p1a: Sneasler|1/100
|move|p1b: Safety car|Hyper Voice|p2b: Archaludon
|-resisted|p2b: Archaludon
|-damage|p2b: Archaludon|68/100
|-enditem|p1b: Safety car|Throat Spray
|-boost|p1b: Safety car|spa|1|[from] item: Throat Spray
|
|upkeep
|
|t:|1757086774
|switch|p2a: Indeedee|Indeedee, L50, M|100/100
|-fieldstart|move: Psychic Terrain|[from] ability: Psychic Surge|[of] p2a: Indeedee
|turn|2
|
|t:|1757086786
|-terastallize|p2b: Archaludon|Electric
|move|p1a: Sneasler|Close Combat|p2b: Archaludon
|-crit|p2b: Archaludon
|-damage|p2b: Archaludon|0 fnt
|-unboost|p1a: Sneasler|def|1
|-unboost|p1a: Sneasler|spd|1
|faint|p2b: Archaludon
|move|p2a: Indeedee|Expanding Force|p1b: Safety car|[spread] p1a,p1b
|-supereffective|p1a: Sneasler
|-resisted|p1b: Safety car
|-crit|p1b: Safety car
|-damage|p1a: Sneasler|0 fnt
|-damage|p1b: Safety car|63/100
|faint|p1a: Sneasler
|move|p1b: Safety car|Hyper Voice|p2a: Indeedee
|-damage|p2a: Indeedee|17/100
|
|upkeep
|
|t:|1757086795
|switch|p1a: Rillaboom|Rillaboom, L50, M, shiny|100/100
|switch|p2b: Ursaluna|Ursaluna-Bloodmoon, L50, M|100/100
|-fieldstart|move: Grassy Terrain|[from] ability: Grassy Surge|[of] p1a: Rillaboom
|turn|3
|
|t:|1757086801
|move|p1a: Rillaboom|Grassy Glide|p2a: Indeedee
|-damage|p2a: Indeedee|0 fnt
|faint|p2a: Indeedee
|move|p2b: Ursaluna|Blood Moon|p1b: Safety car
|-damage|p1b: Safety car|0 fnt
|faint|p1b: Safety car
|-damage|p2b: Ursaluna|91/100|[from] item: Life Orb
|
|-heal|p2b: Ursaluna|97/100|[from] Grassy Terrain
|upkeep
|
|t:|1757086808
|switch|p1b: Gooseberry|Basculegion, L50, M, shiny|100/100
|turn|4
|
|t:|1757086811
|move|p2b: Ursaluna|Protect|p2b: Ursaluna
|-singleturn|p2b: Ursaluna|Protect
|move|p1b: Gooseberry|Wave Crash|p2b: Ursaluna
|-activate|p2b: Ursaluna|move: Protect
|move|p1a: Rillaboom|Wood Hammer|p2b: Ursaluna
|-activate|p2b: Ursaluna|move: Protect
|
|-heal|p2b: Ursaluna|100/100|[from] Grassy Terrain
|upkeep
|turn|5
|-message|palle synchro forfeited.
|
|win|Dust and fidget
