|j|☆Vex100000
|j|☆xdi8723
|html|Vex100000xdi8723    
|uhtml|bestof|Game 2 of a best-of-3
|t:|1786035204
|gametype|doubles
|player|p1|Vex100000|cynthia-masters4|1012
|player|p2|xdi8723|101|1151
|gen|9
|tier|[Gen 9 Champions] VGC 2026 Reg M-B (Bo3)
|rated|
|rule|Species Clause: Limit one of each Pokémon
|rule|Item Clause: Limit 1 of each item
|clearpoke
|poke|p1|Archaludon, L50, M|
|poke|p1|Raichu, L50, M|
|poke|p1|Whimsicott, L50, F|
|poke|p1|Palafin, L50, F|
|poke|p1|Pelipper, L50, M|
|poke|p1|Gholdengo, L50|
|poke|p2|Archaludon, L50, M|
|poke|p2|Pelipper, L50, F|
|poke|p2|Grimmsnarl, L50, M|
|poke|p2|Floette-Eternal, L50, F|
|poke|p2|Swampert, L50, M|
|poke|p2|Talonflame, L50, M|
|teampreview|4
|showteam|p1|Archaludon||Leftovers|Stamina|ElectroShot,ThunderWave,DragonPulse,Substitute|Timid||M|||50|]Raichu||RaichuniteY|Static|FakeOut,VoltSwitch,ZapCannon,FocusBlast|Hasty||M|||50|]Whimsicott||FocusSash|Prankster|Moonblast,Taunt,Tailwind,Encore|Bold||F|||50|]Palafin||MysticWater|ZerotoHero|AquaJet,WaveCrash,IcePunch,FlipTurn|Jolly||F|||50|]Pelipper||SitrusBerry|Drizzle|WideGuard,Hurricane,WeatherBall,Uturn|Modest||M|||50|]Gholdengo||LifeOrb|GoodasGold|MakeItRain,Protect,NastyPlot,ShadowBall|Modest|||||50|
|showteam|p2|Archaludon||Leftovers|Stamina|ElectroShot,AuraSphere,FlashCannon,Protect|Modest||M|||50|]Pelipper||SitrusBerry|Drizzle|HelpingHand,WeatherBall,Hurricane,WideGuard|Modest||F|||50|]Grimmsnarl||LightClay|Prankster|PartingShot,SpiritBreak,Reflect,LightScreen|Calm||M|||50|]Floette-Eternal||Floettite|FlowerVeil|Protect,LightofRuin,Moonblast,DazzlingGleam|Modest||F|||50|]Swampert||Swampertite|Torrent|WaveCrash,Earthquake,IcePunch,Protect|Adamant||M|||50|]Talonflame||SharpBeak|GaleWings|Protect,DualWingbeat,RainDance,Tailwind|Jolly||M|||50|
|inactive|Battle timer is ON: inactive players will automatically lose when time's up. (requested by Vex100000)
|
|t:|1786035230
|teamsize|p1|4
|teamsize|p2|4
|start
|switch|p1a: Whimsicott|Whimsicott, L50, F|100/100
|switch|p1b: Palafin|Palafin, L50, F|100/100
|switch|p2a: Talonflame|Talonflame, L50, M|100/100
|switch|p2b: Floette|Floette-Eternal, L50, F|100/100
|turn|1
|inactive|Vex100000 has 30 seconds left.
|inactive|xdi8723 has 30 seconds left.
|inactive|xdi8723 has 20 seconds left.
|inactive|xdi8723 has 15 seconds left.
|
|t:|1786035272
|detailschange|p2b: Floette|Floette-Mega, L50, F
|-mega|p2b: Floette|Floette|Floettite
|-ability|p2b: Floette|Fairy Aura
|move|p2a: Talonflame|Dual Wingbeat|p1a: Whimsicott|[miss]
|-miss|p2a: Talonflame|p1a: Whimsicott
|move|p1a: Whimsicott|Tailwind|p1a: Whimsicott
|-sidestart|p1: Vex100000|move: Tailwind
|move|p1b: Palafin|Flip Turn|p2b: Floette
|-damage|p2b: Floette|66/100
|
|t:|1786035284
|detailschange|p1b: Palafin|Palafin-Hero, L50, F
|switch|p1b: Pelipper|Pelipper, L50, M|100/100|[from] Flip Turn
|-weather|RainDance|[from] ability: Drizzle|[of] p1b: Pelipper
|move|p2b: Floette|Light of Ruin|p1b: Pelipper
|-damage|p1b: Pelipper|0 fnt
|faint|p1b: Pelipper
|-damage|p2b: Floette|10/100|[from] Recoil
|
|-weather|RainDance|[upkeep]
|upkeep
|
|t:|1786035290
|switch|p1b: Palafin|Palafin-Hero, L50, F|100/100
|-activate|p1b: Palafin|ability: Zero to Hero
|turn|2
|inactive|xdi8723 has 30 seconds left.
|inactive|Vex100000 has 30 seconds left.
|
|t:|1786035322
|switch|p2b: Archaludon|Archaludon, L50, M|100/100
|move|p1b: Palafin|Aqua Jet|p2a: Talonflame
|-supereffective|p2a: Talonflame|1
|-damage|p2a: Talonflame|0 fnt
|faint|p2a: Talonflame
|move|p1a: Whimsicott|Moonblast|p2b: Archaludon
|-damage|p2b: Archaludon|68/100
|-ability|p2b: Archaludon|Stamina|boost
|-boost|p2b: Archaludon|def|1
|
|-weather|RainDance|[upkeep]
|-heal|p2b: Archaludon|74/100|[from] item: Leftovers
|upkeep
|
|t:|1786035338
|switch|p2a: Pelipper|Pelipper, L50, F|100/100
|turn|3
|inactive|xdi8723 has 30 seconds left.
|
|t:|1786035367
|move|p1b: Palafin|Wave Crash|p2b: Archaludon
|-resisted|p2b: Archaludon|1
|-damage|p2b: Archaludon|44/100
|-ability|p2b: Archaludon|Stamina|boost
|-boost|p2b: Archaludon|def|1
|-damage|p1b: Palafin|89/100|[from] Recoil
|move|p1a: Whimsicott|Moonblast|p2b: Archaludon
|-damage|p2b: Archaludon|11/100
|-ability|p2b: Archaludon|Stamina|boost
|-boost|p2b: Archaludon|def|1
|move|p2b: Archaludon|Electro Shot||[still]
|-prepare|p2b: Archaludon|Electro Shot
|-boost|p2b: Archaludon|spa|1
|-anim|p2b: Archaludon|Electro Shot|p1b: Palafin
|-supereffective|p1b: Palafin|1
|-damage|p1b: Palafin|0 fnt
|faint|p1b: Palafin
|move|p2a: Pelipper|Hurricane|p1a: Whimsicott
|-supereffective|p1a: Whimsicott|1
|-enditem|p1a: Whimsicott|Focus Sash
|-damage|p1a: Whimsicott|1/100
|
|-weather|RainDance|[upkeep]
|-heal|p2b: Archaludon|17/100|[from] item: Leftovers
|upkeep
|
|t:|1786035385
|switch|p1b: Raichu|Raichu, L50, M|100/100
|turn|4
|inactive|xdi8723 has 30 seconds left.
|
|t:|1786035416
|detailschange|p1b: Raichu|Raichu-Mega-Y, L50, M
|-mega|p1b: Raichu|Raichu|Raichunite Y
|move|p1b: Raichu|Fake Out|p2a: Pelipper
|-damage|p2a: Pelipper|89/100
|move|p1a: Whimsicott|Moonblast|p2b: Archaludon
|-damage|p2b: Archaludon|0 fnt
|faint|p2b: Archaludon
|cant|p2a: Pelipper|flinch
|
|-weather|RainDance|[upkeep]
|-sideend|p1: Vex100000|move: Tailwind
|upkeep
|
|t:|1786035426
|switch|p2b: Floette|Floette-Mega, L50, F|10/100
|-ability|p2b: Floette|Fairy Aura
|turn|5
|
|t:|1786035442
|move|p2a: Pelipper|Helping Hand|p2b: Floette
|-singleturn|p2b: Floette|Helping Hand|[of] p2a: Pelipper
|move|p1b: Raichu|Zap Cannon|p2b: Floette
|-damage|p2b: Floette|0 fnt
|faint|p2b: Floette
|move|p1a: Whimsicott|Moonblast|p2a: Pelipper
|-damage|p2a: Pelipper|56/100
|
|-weather|none
|upkeep
|turn|6
|
|t:|1786035456
|move|p1b: Raichu|Zap Cannon|p2a: Pelipper
|-supereffective|p2a: Pelipper|2
|-damage|p2a: Pelipper|0 fnt
|faint|p2a: Pelipper
|
|win|Vex100000
|raw|Vex100000's rating: 1012 → 1065(+53 for winning)
|raw|xdi8723's rating: 1151 → 1116(-35 for losing)
|c|☆Vex100000|Ggs
|c|☆xdi8723|gg
|c|☆Vex100000|Wp
