|j|☆eimainoob
|j|☆Atrix MJ
|html|eimainoobAtrix MJ    
|uhtml|bestof|Game 2 of a best-of-3
|t:|1756289862
|gametype|doubles
|player|p1|eimainoob|265|1205
|player|p2|Atrix MJ|miku-fire|1304
|gen|9
|tier|[Gen 9] VGC 2025 Reg H (Bo3)
|rated|
|rule|Species Clause: Limit one of each Pokémon
|rule|Item Clause: Limit 1 of each item
|clearpoke
|poke|p1|Rillaboom, L50, F|
|poke|p1|Dragonite, L50, M|
|poke|p1|Sneasler, L50, F|
|poke|p1|Kingambit, L50, M|
|poke|p1|Electabuzz, L50, F|
|poke|p1|Volcarona, L50, M|
|poke|p2|Archaludon, L50, M|
|poke|p2|Pelipper, L50, M|
|poke|p2|Mimikyu, L50, M|
|poke|p2|Incineroar, L50, M|
|poke|p2|Ursaluna, L50, M|
|poke|p2|Amoonguss, L50, F|
|teampreview|4
|showteam|p1|Rillaboom||AssaultVest|GrassySurge|FakeOut,HighHorsepower,WoodHammer,GrassyGlide|||F|||50|,,,,,Fire]Dragonite||LoadedDice|Multiscale|ExtremeSpeed,ScaleShot,Protect,Haze|||M|||50|,,,,,Steel]Sneasler||FocusSash|PoisonTouch|DireClaw,CloseCombat,FakeOut,Coaching|||F|||50|,,,,,Stellar]Kingambit||BlackGlasses|Defiant|KowtowCleave,SuckerPunch,SwordsDance,Protect|||M|||50|,,,,,Ghost]Electabuzz||Eviolite|VitalSpirit|Thunderbolt,Taunt,FollowMe,Protect|||F|||50|,,,,,Ghost]Volcarona||Leftovers|FlameBody|HeatWave,TeraBlast,QuiverDance,Protect|||M|||50|,,,,,Fairy
|showteam|p2|Archaludon||AssaultVest|Stamina|ElectroShot,Snarl,FlashCannon,DragonPulse|||M|||50|,,,,,Electric]Pelipper||FocusSash|Drizzle|Hurricane,WeatherBall,Protect,Tailwind|||M|||50|,,,,,Stellar]Mimikyu||LifeOrb|Disguise|PlayRough,ShadowSneak,TrickRoom,Curse|||M|||50|,,,,,Steel]Incineroar||SafetyGoggles|Intimidate|FlareBlitz,KnockOff,FakeOut,PartingShot|||M|||50|,,,,,Ghost]Ursaluna||FlameOrb|Guts|Facade,HeadlongRush,Earthquake,Protect|||M|||50|,,,,,Ghost]Amoonguss||RockyHelmet|Regenerator|Spore,RagePowder,SludgeBomb,Protect|||F|||50|,,,,,Dark
|inactive|Battle timer is ON: inactive players will automatically lose when time's up. (requested by Atrix MJ)
|inactive|eimainoob has 60 seconds left.
|inactive|eimainoob has 30 seconds left.
|inactive|eimainoob has 20 seconds left.
|inactive|eimainoob has 15 seconds left.
|inactive|eimainoob has 10 seconds left.
|inactive|eimainoob has 5 seconds left.
|
|t:|1756289954
|teamsize|p1|4
|teamsize|p2|4
|start
|switch|p1a: Rillaboom|Rillaboom, L50, F|100/100
|switch|p1b: Dragonite|Dragonite, L50, M|100/100
|switch|p2a: Ursaluna|Ursaluna, L50, M, shiny|100/100
|switch|p2b: Amoonguss|Amoonguss, L50, F|100/100
|-fieldstart|move: Grassy Terrain|[from] ability: Grassy Surge|[of] p1a: Rillaboom
|turn|1
|
|t:|1756289972
|move|p2b: Amoonguss|Protect|p2b: Amoonguss
|-singleturn|p2b: Amoonguss|Protect
|move|p2a: Ursaluna|Protect|p2a: Ursaluna
|-singleturn|p2a: Ursaluna|Protect
|move|p1a: Rillaboom|Fake Out|p2b: Amoonguss
|-activate|p2b: Amoonguss|move: Protect
|move|p1b: Dragonite|Scale Shot|p2a: Ursaluna
|-activate|p2a: Ursaluna|move: Protect
|
|-status|p2a: Ursaluna|brn|[from] item: Flame Orb
|upkeep
|turn|2
|
|t:|1756289988
|switch|p2a: Incineroar|Incineroar, L50, M|100/100
|-ability|p2a: Incineroar|Intimidate|boost
|-unboost|p1a: Rillaboom|atk|1
|-unboost|p1b: Dragonite|atk|1
|move|p1b: Dragonite|Scale Shot|p2b: Amoonguss
|-damage|p2b: Amoonguss|92/100
|-damage|p2b: Amoonguss|84/100
|-damage|p2b: Amoonguss|77/100
|-damage|p2b: Amoonguss|69/100
|-damage|p2b: Amoonguss|62/100
|-hitcount|p2b: Amoonguss|5
|-unboost|p1b: Dragonite|def|1
|-boost|p1b: Dragonite|spe|1
|move|p1a: Rillaboom|High Horsepower|p2b: Amoonguss
|-damage|p2b: Amoonguss|45/100
|-damage|p1a: Rillaboom|84/100|[from] item: Rocky Helmet|[of] p2b: Amoonguss
|move|p2b: Amoonguss|Spore|p1b: Dragonite
|-status|p1b: Dragonite|slp|[from] move: Spore
|
|-heal|p1a: Rillaboom|90/100|[from] Grassy Terrain
|-heal|p2b: Amoonguss|51/100|[from] Grassy Terrain
|upkeep
|turn|3
|inactive|Atrix MJ has 30 seconds left.
|inactive|eimainoob has 30 seconds left.
|inactive|Atrix MJ has 20 seconds left.
|
|t:|1756290027
|cant|p1b: Dragonite|slp
|move|p1a: Rillaboom|High Horsepower|p2a: Incineroar
|-supereffective|p2a: Incineroar
|-damage|p2a: Incineroar|54/100
|move|p2a: Incineroar|Knock Off|p1b: Dragonite
|-damage|p1b: Dragonite|59/100 slp
|-enditem|p1b: Dragonite|Loaded Dice|[from] move: Knock Off|[of] p2a: Incineroar
|move|p2b: Amoonguss|Spore|p1a: Rillaboom
|-immune|p1a: Rillaboom
|
|-heal|p1a: Rillaboom|96/100|[from] Grassy Terrain
|-heal|p2a: Incineroar|60/100|[from] Grassy Terrain
|-heal|p2b: Amoonguss|57/100|[from] Grassy Terrain
|upkeep
|turn|4
|inactive|Atrix MJ has 30 seconds left.
|
|t:|1756290056
|switch|p2b: Mimikyu|Mimikyu, L50, M, shiny|100/100
|cant|p1b: Dragonite|slp
|move|p1a: Rillaboom|High Horsepower|p2b: Mimikyu
|-activate|p2b: Mimikyu|ability: Disguise
|-damage|p2b: Mimikyu|100/100
|detailschange|p2b: Mimikyu|Mimikyu-Busted, L50, M, shiny
|-damage|p2b: Mimikyu|88/100|[from] pokemon: Mimikyu-Busted
|move|p2a: Incineroar|Parting Shot|p1b: Dragonite
|-unboost|p1b: Dragonite|atk|1
|-unboost|p1b: Dragonite|spa|1
|
|t:|1756290064
|switch|p2a: Amoonguss|Amoonguss, L50, F|90/100|[from] Parting Shot
|
|-heal|p1a: Rillaboom|100/100|[from] Grassy Terrain
|-heal|p2b: Mimikyu|94/100|[from] Grassy Terrain
|-heal|p2a: Amoonguss|96/100|[from] Grassy Terrain
|upkeep
|turn|5
|inactive|Atrix MJ has 30 seconds left.
|inactive|eimainoob has 30 seconds left.
|inactive|Atrix MJ has 20 seconds left.
|inactive|Atrix MJ has 15 seconds left.
|inactive|Atrix MJ has 10 seconds left.
|inactive|Atrix MJ has 5 seconds left.
|
|t:|1756290116
|switch|p1a: Sneasler|Sneasler, L50, F|100/100
|-terastallize|p2b: Mimikyu|Steel
|cant|p1b: Dragonite|slp
|move|p2a: Amoonguss|Spore|p1b: Dragonite
|-fail|p1b: Dragonite|slp
|move|p2b: Mimikyu|Trick Room|p2b: Mimikyu
|-fieldstart|move: Trick Room|[of] p2b: Mimikyu
|
|-heal|p2a: Amoonguss|100/100|[from] Grassy Terrain
|-heal|p2b: Mimikyu|100/100|[from] Grassy Terrain
|-fieldend|move: Grassy Terrain
|upkeep
|turn|6
|
|t:|1756290136
|move|p1a: Sneasler|Fake Out|p2a: Amoonguss
|-damage|p2a: Amoonguss|91/100
|-damage|p1a: Sneasler|84/100|[from] item: Rocky Helmet|[of] p2a: Amoonguss
|cant|p2a: Amoonguss|flinch
|move|p2b: Mimikyu|Play Rough|p1b: Dragonite
|-supereffective|p1b: Dragonite
|-damage|p1b: Dragonite|0 fnt
|faint|p1b: Dragonite
|-damage|p2b: Mimikyu|91/100|[from] item: Life Orb
|
|upkeep
|
|t:|1756290148
|switch|p1b: Rillaboom|Rillaboom, L50, F|100/100
|-fieldstart|move: Grassy Terrain|[from] ability: Grassy Surge|[of] p1b: Rillaboom
|turn|7
|
|t:|1756290162
|switch|p2b: Incineroar|Incineroar, L50, M|60/100
|-ability|p2b: Incineroar|Intimidate|boost
|-unboost|p1a: Sneasler|atk|1
|-unboost|p1b: Rillaboom|atk|1
|switch|p1a: Kingambit|Kingambit, L50, M|100/100
|move|p2a: Amoonguss|Spore|p1a: Kingambit
|-status|p1a: Kingambit|slp|[from] move: Spore
|move|p1b: Rillaboom|High Horsepower|p2b: Incineroar
|-supereffective|p2b: Incineroar
|-damage|p2b: Incineroar|17/100
|
|-heal|p2a: Amoonguss|96/100|[from] Grassy Terrain
|-heal|p2b: Incineroar|23/100|[from] Grassy Terrain
|upkeep
|turn|8
|
|t:|1756290186
|move|p2a: Amoonguss|Sludge Bomb|p1b: Rillaboom
|-supereffective|p1b: Rillaboom
|-damage|p1b: Rillaboom|62/100
|-status|p1b: Rillaboom|psn
|cant|p1a: Kingambit|slp
|move|p2b: Incineroar|Flare Blitz|p1a: Kingambit
|-supereffective|p1a: Kingambit
|-damage|p1a: Kingambit|14/100 slp
|-damage|p2b: Incineroar|0 fnt|[from] Recoil
|faint|p2b: Incineroar
|move|p1b: Rillaboom|High Horsepower|p2a: Amoonguss
|-damage|p2a: Amoonguss|81/100
|-damage|p1b: Rillaboom|45/100 psn|[from] item: Rocky Helmet|[of] p2a: Amoonguss
|
|-heal|p2a: Amoonguss|87/100|[from] Grassy Terrain
|-heal|p1a: Kingambit|20/100 slp|[from] Grassy Terrain
|-heal|p1b: Rillaboom|51/100 psn|[from] Grassy Terrain
|-damage|p1b: Rillaboom|39/100 psn|[from] psn
|upkeep
|
|t:|1756290203
|switch|p2b: Mimikyu|Mimikyu-Busted, L50, M, shiny, tera:Steel|91/100
|turn|9
|
|t:|1756290219
|switch|p1b: Sneasler|Sneasler, L50, F|84/100
|-curestatus|p1a: Kingambit|slp|[msg]
|move|p1a: Kingambit|Protect|p1a: Kingambit
|-singleturn|p1a: Kingambit|Protect
|move|p2a: Amoonguss|Sludge Bomb|p1b: Sneasler
|-resisted|p1b: Sneasler
|-damage|p1b: Sneasler|64/100
|move|p2b: Mimikyu|Curse|p2b: Mimikyu
|-unboost|p2b: Mimikyu|spe|1
|-boost|p2b: Mimikyu|atk|1
|-boost|p2b: Mimikyu|def|1
|
|-heal|p2a: Amoonguss|93/100|[from] Grassy Terrain
|-heal|p1a: Kingambit|26/100|[from] Grassy Terrain
|-heal|p2b: Mimikyu|97/100|[from] Grassy Terrain
|-heal|p1b: Sneasler|70/100|[from] Grassy Terrain
|-fieldend|move: Trick Room
|upkeep
|turn|10
|inactive|eimainoob has 30 seconds left.
|
|t:|1756290248
|move|p2b: Mimikyu|Shadow Sneak|p1b: Sneasler
|-damage|p1b: Sneasler|8/100
|-damage|p2b: Mimikyu|87/100|[from] item: Life Orb
|move|p1b: Sneasler|Close Combat|p2b: Mimikyu
|-supereffective|p2b: Mimikyu
|-damage|p2b: Mimikyu|0 fnt
|-unboost|p1b: Sneasler|def|1
|-unboost|p1b: Sneasler|spd|1
|faint|p2b: Mimikyu
|move|p1a: Kingambit|Swords Dance|p1a: Kingambit
|-boost|p1a: Kingambit|atk|2
|move|p2a: Amoonguss|Spore|p1a: Kingambit
|-status|p1a: Kingambit|slp|[from] move: Spore
|
|-heal|p1b: Sneasler|14/100|[from] Grassy Terrain
|-heal|p1a: Kingambit|32/100 slp|[from] Grassy Terrain
|-heal|p2a: Amoonguss|99/100|[from] Grassy Terrain
|upkeep
|
|t:|1756290254
|switch|p2b: Ursaluna|Ursaluna, L50, M, shiny|100/100 brn
|turn|11
|inactive|Atrix MJ has 30 seconds left.
|inactive|Atrix MJ has 20 seconds left.
|
|t:|1756290290
|switch|p1b: Rillaboom|Rillaboom, L50, F|39/100 psn
|cant|p1a: Kingambit|slp
|move|p2a: Amoonguss|Rage Powder|p2a: Amoonguss
|-singleturn|p2a: Amoonguss|move: Rage Powder
|move|p2b: Ursaluna|Facade|p1b: Rillaboom
|-damage|p1b: Rillaboom|0 fnt
|faint|p1b: Rillaboom
|
|-heal|p1a: Kingambit|37/100 slp|[from] Grassy Terrain
|-heal|p2a: Amoonguss|100/100|[from] Grassy Terrain
|-damage|p2b: Ursaluna|95/100 brn|[from] brn
|-fieldend|move: Grassy Terrain
|upkeep
|
|t:|1756290303
|switch|p1b: Sneasler|Sneasler, L50, F|14/100
|turn|12
|
|t:|1756290326
|move|p2b: Ursaluna|Protect|p2b: Ursaluna
|-singleturn|p2b: Ursaluna|Protect
|move|p1b: Sneasler|Coaching|p1a: Kingambit
|-boost|p1a: Kingambit|atk|1
|-boost|p1a: Kingambit|def|1
|cant|p1a: Kingambit|slp
|move|p2a: Amoonguss|Spore|p1b: Sneasler
|-status|p1b: Sneasler|slp|[from] move: Spore
|
|-damage|p2b: Ursaluna|89/100 brn|[from] brn
|upkeep
|turn|13
|
|t:|1756290346
|move|p2a: Amoonguss|Rage Powder|p2a: Amoonguss
|-singleturn|p2a: Amoonguss|move: Rage Powder
|cant|p1a: Kingambit|slp
|cant|p1b: Sneasler|slp
|move|p2b: Ursaluna|Earthquake|p1a: Kingambit|[spread] p2a,p1a,p1b
|-supereffective|p1a: Kingambit
|-supereffective|p1b: Sneasler
|-damage|p2a: Amoonguss|49/100
|-damage|p1a: Kingambit|0 fnt
|-damage|p1b: Sneasler|0 fnt
|faint|p1a: Kingambit
|faint|p1b: Sneasler
|
|win|Atrix MJ
|raw|eimainoob's rating: 1205 → 1187(-18 for losing)
|raw|Atrix MJ's rating: 1304 → 1318(+14 for winning)
|l|☆eimainoob
|player|p1|
