|j|☆qwertyhgfdszxcvbn
|j|☆bingbongwhoosh
|html|qwertyhgfdszxcvbnbingbongwhoosh    
|uhtml|bestof|Game 3 of a best-of-3
|t:|1784228193
|gametype|doubles
|player|p1|qwertyhgfdszxcvbn|265|1153
|player|p2|bingbongwhoosh|266|1291
|gen|9
|tier|[Gen 9 Champions] VGC 2026 Reg M-B (Bo3)
|rated|
|rule|Species Clause: Limit one of each Pokémon
|rule|Item Clause: Limit 1 of each item
|clearpoke
|poke|p1|Dragalge, L50, F|
|poke|p1|Ceruledge, L50, M|
|poke|p1|Milotic, L50, M|
|poke|p1|Sinistcha, L50|
|poke|p1|Corviknight, L50, M|
|poke|p1|Hatterene, L50, F|
|poke|p2|Charizard, L50, M|
|poke|p2|Venusaur, L50, F|
|poke|p2|Mamoswine, L50, F|
|poke|p2|Garchomp, L50, M|
|poke|p2|Incineroar, L50, F|
|poke|p2|Toxapex, L50, M|
|teampreview|4
|showteam|p1|Dragalge||Dragalgite|PoisonPoint|Protect,SludgeBomb,DragonPulse,FlipTurn|Quiet||F|||50|]Ceruledge||FocusSash|FlashFire|Protect,BulkUp,BitterBlade,ShadowSneak|Adamant||M|||50|]Milotic||Leftovers|Competitive|Protect,LifeDew,Scald,IcyWind|Bold||M|||50|]Sinistcha||OccaBerry|Hospitality|Protect,MatchaGotcha,RagePowder,TrickRoom|Serious|||||50|]Corviknight||SitrusBerry|MirrorArmor|Protect,BulkUp,BraveBird,BodyPress|Impish||M|||50|]Hatterene||LifeOrb|MagicBounce|Protect,DazzlingGleam,Psyshock,TrickRoom|Quiet||F|||50|
|showteam|p2|Charizard||CharizarditeY|Blaze|HeatWave,WeatherBall,HelpingHand,Protect|Modest||M|||50|]Venusaur||LifeOrb|Chlorophyll|LeafStorm,SludgeBomb,EarthPower,Protect|Modest||F|||50|]Mamoswine||FocusSash|Oblivious|HighHorsepower,RockTomb,IceShard,Protect|Jolly||F|||50|]Garchomp||ChoiceScarf|RoughSkin|DragonClaw,Earthquake,RockSlide,StompingTantrum|Adamant||M|||50|]Incineroar||SitrusBerry|Intimidate|FlareBlitz,ThroatChop,PartingShot,FakeOut|Impish||F|||50|]Toxapex||Leftovers|Regenerator|Toxic,Infestation,WideGuard,BanefulBunker|Bold||M|||50|
|
|t:|1784228248
|teamsize|p1|4
|teamsize|p2|4
|start
|switch|p1a: Dragalge|Dragalge, L50, F|100/100
|switch|p1b: Milotic|Milotic, L50, M|100/100
|switch|p2a: Charizard|Charizard, L50, M|100/100
|switch|p2b: Venusaur|Venusaur, L50, F|100/100
|turn|1
|
|t:|1784228272
|switch|p2a: Toxapex|Toxapex, L50, M|100/100
|detailschange|p1a: Dragalge|Dragalge-Mega, L50, F
|-mega|p1a: Dragalge|Dragalge|Dragalgite
|move|p2b: Venusaur|Leaf Storm|p1b: Milotic
|-supereffective|p1b: Milotic|1
|-damage|p1b: Milotic|0 fnt
|-unboost|p2b: Venusaur|spa|2
|faint|p1b: Milotic
|-damage|p2b: Venusaur|90/100|[from] item: Life Orb
|move|p1a: Dragalge|Sludge Bomb|p2b: Venusaur
|-damage|p2b: Venusaur|30/100
|
|upkeep
|
|t:|1784228279
|switch|p1b: Hatterene|Hatterene, L50, F|100/100
|turn|2
|
|t:|1784228291
|switch|p2b: Charizard|Charizard, L50, M|100/100
|switch|p2a: Mamoswine|Mamoswine, L50, F|100/100
|move|p1a: Dragalge|Dragon Pulse|p2a: Mamoswine
|-damage|p2a: Mamoswine|32/100
|move|p1b: Hatterene|Psyshock|p2a: Mamoswine
|-damage|p2a: Mamoswine|0 fnt
|faint|p2a: Mamoswine
|-damage|p1b: Hatterene|90/100|[from] item: Life Orb
|
|upkeep
|
|t:|1784228297
|switch|p2a: Venusaur|Venusaur, L50, F|30/100
|turn|3
|
|t:|1784228311
|detailschange|p2b: Charizard|Charizard-Mega-Y, L50, M
|-mega|p2b: Charizard|Charizard|Charizardite Y
|-weather|SunnyDay|[from] ability: Drought|[of] p2b: Charizard
|move|p2b: Charizard|Helping Hand|p2a: Venusaur
|-singleturn|p2a: Venusaur|Helping Hand|[of] p2b: Charizard
|move|p2a: Venusaur|Earth Power|p1a: Dragalge
|-supereffective|p1a: Dragalge|1
|-damage|p1a: Dragalge|28/100
|-damage|p2a: Venusaur|21/100|[from] item: Life Orb
|move|p1a: Dragalge|Sludge Bomb|p2a: Venusaur
|-damage|p2a: Venusaur|0 fnt
|faint|p2a: Venusaur
|move|p1b: Hatterene|Trick Room|p1b: Hatterene
|-fieldstart|move: Trick Room|[of] p1b: Hatterene
|
|-weather|SunnyDay|[upkeep]
|upkeep
|
|t:|1784228319
|switch|p2a: Toxapex|Toxapex, L50, M|100/100
|turn|4
|
|t:|1784228337
|move|p2a: Toxapex|Baneful Bunker|p2a: Toxapex
|-singleturn|p2a: Toxapex|move: Protect
|move|p1b: Hatterene|Psyshock|p2b: Charizard
|-damage|p2b: Charizard|37/100
|-damage|p1b: Hatterene|80/100|[from] item: Life Orb
|move|p1a: Dragalge|Sludge Bomb|p2b: Charizard
|-damage|p2b: Charizard|0 fnt
|faint|p2b: Charizard
|
|-weather|SunnyDay|[upkeep]
|upkeep
|turn|5
|-message|bingbongwhoosh forfeited.
|
|win|qwertyhgfdszxcvbn
|raw|qwertyhgfdszxcvbn's rating: 1153 → 1187(+34 for winning)
|raw|bingbongwhoosh's rating: 1291 → 1257(-34 for losing)
|l|☆bingbongwhoosh
|player|p2|
