|j|☆Aeon_Twins
|j|☆vinicio499
|html|Aeon_Twinsvinicio499    
|uhtml|bestof|Game 2 of a best-of-3
|t:|1782510841
|gametype|doubles
|player|p1|Aeon_Twins|n|1275
|player|p2|vinicio499|miku-ghost|1338
|gen|9
|tier|[Gen 9 Champions] VGC 2026 Reg M-B (Bo3)
|rated|
|rule|Species Clause: Limit one of each Pokémon
|rule|Item Clause: Limit 1 of each item
|clearpoke
|poke|p1|Staraptor, L50, M|
|poke|p1|Sinistcha, L50|
|poke|p1|Mawile, L50, F|
|poke|p1|Torkoal, L50, M|
|poke|p1|Farigiraf, L50, F|
|poke|p1|Pyroar, L50, F|
|poke|p2|Farigiraf, L50, M, shiny|
|poke|p2|Scrafty, L50, M, shiny|
|poke|p2|Mawile, L50, F, shiny|
|poke|p2|Incineroar, L50, M|
|poke|p2|Hatterene, L50, F|
|poke|p2|Clawitzer, L50, M|
|teampreview|4
|showteam|p1|Staraptor||ChoiceScarf|Intimidate|FinalGambit,CloseCombat,BraveBird,Uturn|Jolly||M|||50|]Sinistcha||SitrusBerry|Hospitality|MatchaGotcha,ShadowBall,RagePowder,TrickRoom|Modest|||||50|]Mawile||Mawilite|Intimidate|IronHead,PlayRough,SuckerPunch,Protect|Brave||F|||50|]Torkoal||Charcoal|Drought|Eruption,HeatWave,EarthPower,Protect|Quiet||M|||50|]Farigiraf||ColburBerry|ArmorTail|Psychic,Thunderbolt,TrickRoom,HelpingHand|Sassy||F|||50|]Pyroar||Pyroarite|Rivalry|Overheat,HyperVoice,HeatWave,Protect|Timid||F|||50|
|showteam|p2|Farigiraf||ColburBerry|ArmorTail|TrickRoom,Psychic,Protect,HelpingHand|Modest||M|||50|]Scrafty||Scraftinite|Intimidate|FakeOut,CloseCombat,KnockOff,IronHead|Brave||M|||50|]Mawile||Mawilite|HyperCutter|SwordsDance,PlayRough,Protect,SuckerPunch|Brave||F|||50|]Incineroar||Charcoal|Intimidate|ThroatChop,FlareBlitz,FakeOut,PartingShot|Adamant||M|||50|]Hatterene||FocusSash|MagicBounce|TrickRoom,DazzlingGleam,Protect,MagicPowder|Quiet||F|||50|]Clawitzer||LifeOrb|MegaLauncher|DragonPulse,DarkPulse,AuraSphere,Protect|Modest||M|||50|
|inactive|Battle timer is ON: inactive players will automatically lose when time's up. (requested by vinicio499)
|
|t:|1782510859
|teamsize|p1|4
|teamsize|p2|4
|start
|switch|p1a: Staraptor|Staraptor, L50, M|100/100
|switch|p1b: Pyroar|Pyroar, L50, F|100/100
|switch|p2a: Incineroar|Incineroar, L50, M|100/100
|switch|p2b: Hatterene|Hatterene, L50, F|100/100
|-ability|p1a: Staraptor|Intimidate|boost
|-unboost|p2a: Incineroar|atk|1
|-unboost|p2b: Hatterene|atk|1
|-ability|p2a: Incineroar|Intimidate|boost
|-unboost|p1a: Staraptor|atk|1
|-unboost|p1b: Pyroar|atk|1
|turn|1
|
|t:|1782510875
|detailschange|p1b: Pyroar|Pyroar-Mega, L50, F
|-mega|p1b: Pyroar|Pyroar|Pyroarite
|move|p1a: Staraptor|Final Gambit|p2a: Incineroar
|-damage|p2a: Incineroar|0 fnt
|faint|p1a: Staraptor
|faint|p2a: Incineroar
|move|p1b: Pyroar|Hyper Voice|p2b: Hatterene
|-damage|p2b: Hatterene|52/100
|move|p2b: Hatterene|Magic Powder|p1b: Pyroar
|-start|p1b: Pyroar|typechange|Psychic
|
|upkeep
|
|t:|1782510891
|switch|p1a: Torkoal|Torkoal, L50, M|100/100
|switch|p2a: Scrafty|Scrafty, L50, M, shiny|100/100
|-ability|p2a: Scrafty|Intimidate|boost
|-unboost|p1a: Torkoal|atk|1
|-unboost|p1b: Pyroar|atk|1
|-weather|SunnyDay|[from] ability: Drought|[of] p1a: Torkoal
|turn|2
|
|t:|1782510901
|switch|p1a: Farigiraf|Farigiraf, L50, F|100/100
|detailschange|p2a: Scrafty|Scrafty-Mega, L50, M, shiny
|-mega|p2a: Scrafty|Scrafty|Scraftinite
|-ability|p2a: Scrafty|Intimidate|boost
|-unboost|p1a: Farigiraf|atk|1
|-unboost|p1b: Pyroar|atk|1
|move|p1b: Pyroar|Overheat|p2a: Scrafty|[miss]
|-miss|p1b: Pyroar|p2a: Scrafty
|move|p2a: Scrafty|Knock Off|p1b: Pyroar
|-supereffective|p1b: Pyroar|1
|-damage|p1b: Pyroar|6/100
|move|p2b: Hatterene|Magic Powder|p1a: Farigiraf
|-start|p1a: Farigiraf|typechange|Psychic
|
|-weather|SunnyDay|[upkeep]
|upkeep
|turn|3
|
|t:|1782510922
|move|p1b: Pyroar|Heat Wave|p2a: Scrafty|[spread] p2b
|-miss|p1b: Pyroar|p2a: Scrafty
|-damage|p2b: Hatterene|0 fnt
|faint|p2b: Hatterene
|move|p2a: Scrafty|Knock Off|p1a: Farigiraf
|-supereffective|p1a: Farigiraf|1
|-enditem|p1a: Farigiraf|Colbur Berry|[eat]
|-enditem|p1a: Farigiraf|Colbur Berry|[weaken]
|-damage|p1a: Farigiraf|53/100
|move|p1a: Farigiraf|Trick Room|p1a: Farigiraf
|-fieldstart|move: Trick Room|[of] p1a: Farigiraf
|
|-weather|SunnyDay|[upkeep]
|upkeep
|
|t:|1782510925
|switch|p2b: Clawitzer|Clawitzer, L50, M|100/100
|turn|4
|
|t:|1782510937
|move|p1b: Pyroar|Protect|p1b: Pyroar
|-singleturn|p1b: Pyroar|Protect
|move|p1a: Farigiraf|Thunderbolt|p2b: Clawitzer
|-supereffective|p2b: Clawitzer|1
|-damage|p2b: Clawitzer|50/100y
|move|p2a: Scrafty|Knock Off|p1a: Farigiraf
|-supereffective|p1a: Farigiraf|1
|-damage|p1a: Farigiraf|0 fnt
|faint|p1a: Farigiraf
|move|p2b: Clawitzer|Dark Pulse|p1b: Pyroar
|-activate|p1b: Pyroar|move: Protect
|
|-weather|SunnyDay|[upkeep]
|upkeep
|
|t:|1782510944
|switch|p1a: Torkoal|Torkoal, L50, M|100/100
|turn|5
|
|t:|1782510954
|move|p2b: Clawitzer|Protect|p2b: Clawitzer
|-singleturn|p2b: Clawitzer|Protect
|move|p1a: Torkoal|Eruption|p2a: Scrafty|[spread] p2a
|-activate|p2b: Clawitzer|move: Protect
|-damage|p2a: Scrafty|24/100
|move|p2a: Scrafty|Knock Off|p1a: Torkoal
|-damage|p1a: Torkoal|59/100
|-enditem|p1a: Torkoal|Charcoal|[from] move: Knock Off|[of] p2a: Scrafty
|move|p1b: Pyroar|Overheat|p2a: Scrafty
|-damage|p2a: Scrafty|0 fnt
|-unboost|p1b: Pyroar|spa|2
|faint|p2a: Scrafty
|
|-weather|SunnyDay|[upkeep]
|upkeep
|turn|6
|c|☆Aeon_Twins|double miss...
|inactive|Aeon_Twins has 30 seconds left.
|inactive|Aeon_Twins has 20 seconds left.
|inactive|Aeon_Twins has 15 seconds left.
|
|t:|1782510994
|move|p1b: Pyroar|Protect|p1b: Pyroar
|-singleturn|p1b: Pyroar|Protect
|move|p1a: Torkoal|Earth Power|p2b: Clawitzer
|-damage|p2b: Clawitzer|23/100
|move|p2b: Clawitzer|Dragon Pulse|p1b: Pyroar
|-activate|p1b: Pyroar|move: Protect
|
|-weather|none
|upkeep
|turn|7
|
|t:|1782511004
|move|p1b: Pyroar|Protect||[still]
|-fail|p1b: Pyroar
|move|p1a: Torkoal|Earth Power|p2b: Clawitzer
|-damage|p2b: Clawitzer|0 fnt
|faint|p2b: Clawitzer
|
|win|Aeon_Twins
