|j|☆lexerthanatauros
|j|☆somadooooooo
|html|lexerthanataurossomadooooooo    
|uhtml|bestof|Game 1 of a best-of-3
|t:|1757822725
|gametype|doubles
|player|p1|lexerthanatauros|lucas|1066
|player|p2|somadooooooo|colress|1052
|gen|9
|tier|[Gen 9] VGC 2025 Reg H (Bo3)
|rated|
|rule|Species Clause: Limit one of each Pokémon
|rule|Item Clause: Limit 1 of each item
|clearpoke
|poke|p1|Kommo-o, L50, M|
|poke|p1|Typhlosion-Hisui, L50, M|
|poke|p1|Jumpluff, L50, F|
|poke|p1|Ninetales, L50, F|
|poke|p1|Indeedee-F, L50, F|
|poke|p1|Hatterene, L50, F|
|poke|p2|Gothitelle, L50, F|
|poke|p2|Incineroar, L50, F|
|poke|p2|Amoonguss, L50, F|
|poke|p2|Dragapult, L50, F|
|poke|p2|Volcarona, L50, F|
|poke|p2|Ursaluna-Bloodmoon, L50, M|
|teampreview|4
|showteam|p1|Kommo-o||ThroatSpray|Overcoat|ClangorousSoul,ClangingScales,AuraSphere,Protect|||M|||50|,,,,,Dragon]Typhlosion-Hisui||ChoiceScarf|Blaze|Eruption,HeatWave,ShadowBall,Overheat|||M|||50|,,,,,Fire]Jumpluff||CovertCloak|Chlorophyll|RagePowder,SleepPowder,Tailwind,StrengthSap|||F|||50|,,,,,Steel]Ninetales||FocusSash|Drought|WillOWisp,Encore,Disable,WeatherBall|||F|||50|,,,,,Ghost]Indeedee-F||PsychicSeed|PsychicSurge|TrickRoom,HelpingHand,FollowMe,DazzlingGleam|||F|||50|,,,,,Fairy]Hatterene||LifeOrb|MagicBounce|TrickRoom,ExpandingForce,DazzlingGleam,Protect|||F|||50|,,,,,Psychic
|showteam|p2|Gothitelle||SitrusBerry|ShadowTag|Psychic,FakeOut,Protect,TrickRoom|||F|||50|,,,,,Water]Incineroar||SafetyGoggles|Intimidate|FakeOut,PartingShot,KnockOff,HelpingHand|||F|||50|,,,,,Ghost]Amoonguss||RockyHelmet|Regenerator|RagePowder,Spore,Protect,PollenPuff|||F|||50|,,,,,Water]Dragapult||ChoiceBand|ClearBody|DragonDarts,TeraBlast,Uturn,PsychicFangs|||F|||50|,,,,,Ghost]Volcarona||CovertCloak|FlameBody|QuiverDance,FieryDance,Protect,GigaDrain|||F|||50|,,,,,Grass]Ursaluna-Bloodmoon||LifeOrb|MindsEye|HyperVoice,EarthPower,Protect,BloodMoon|||M|||50|,,,,,Normal
|inactive|Battle timer is ON: inactive players will automatically lose when time's up. (requested by somadooooooo)
|c|☆somadooooooo|hi
|c|☆somadooooooo|glhf
|inactive|somadooooooo has 60 seconds left.
|c|☆lexerthanatauros|Glhf
|inactive|somadooooooo has 30 seconds left.
|
|t:|1757822787
|teamsize|p1|4
|teamsize|p2|4
|start
|switch|p1a: Indeedee|Indeedee-F, L50, F|100/100
|switch|p1b: Ninetales|Ninetales, L50, F|100/100
|switch|p2a: Incineroar|Incineroar, L50, F|100/100
|switch|p2b: Dragapult|Dragapult, L50, F, shiny|100/100
|-weather|SunnyDay|[from] ability: Drought|[of] p1b: Ninetales
|-fieldstart|move: Psychic Terrain|[from] ability: Psychic Surge|[of] p1a: Indeedee
|-enditem|p1a: Indeedee|Psychic Seed
|-boost|p1a: Indeedee|spd|1|[from] item: Psychic Seed
|-ability|p2a: Incineroar|Intimidate|boost
|-unboost|p1a: Indeedee|atk|1
|-unboost|p1b: Ninetales|atk|1
|turn|1
|
|t:|1757822801
|-terastallize|p1a: Indeedee|Fairy
|move|p1a: Indeedee|Follow Me|p1a: Indeedee
|-singleturn|p1a: Indeedee|move: Follow Me
|move|p2b: Dragapult|U-turn|p1a: Indeedee
|-resisted|p1a: Indeedee
|-damage|p1a: Indeedee|82/100
|
|t:|1757822809
|switch|p2b: Gothitelle|Gothitelle, L50, F|100/100|[from] U-turn
|move|p1b: Ninetales|Will-O-Wisp|p2b: Gothitelle|[miss]
|-miss|p1b: Ninetales|p2b: Gothitelle
|move|p2a: Incineroar|Knock Off|p1a: Indeedee
|-resisted|p1a: Indeedee
|-damage|p1a: Indeedee|69/100
|
|-weather|SunnyDay|[upkeep]
|upkeep
|turn|2
|
|t:|1757822826
|move|p1a: Indeedee|Follow Me|p1a: Indeedee
|-singleturn|p1a: Indeedee|move: Follow Me
|move|p1b: Ninetales|Encore|p2a: Incineroar
|-start|p2a: Incineroar|Encore
|move|p2a: Incineroar|Knock Off|p1a: Indeedee
|-resisted|p1a: Indeedee
|-damage|p1a: Indeedee|56/100
|move|p2b: Gothitelle|Psychic|p1a: Indeedee
|-damage|p1a: Indeedee|32/100
|
|-weather|SunnyDay|[upkeep]
|upkeep
|turn|3
|inactive|lexerthanatauros has 30 seconds left.
|inactive|lexerthanatauros has 20 seconds left.
|inactive|lexerthanatauros has 15 seconds left.
|
|t:|1757822868
|move|p2b: Gothitelle|Protect|p2b: Gothitelle
|-singleturn|p2b: Gothitelle|Protect
|move|p1a: Indeedee|Follow Me|p1a: Indeedee
|-singleturn|p1a: Indeedee|move: Follow Me
|move|p1b: Ninetales|Encore|p2b: Gothitelle
|-activate|p2b: Gothitelle|move: Protect
|move|p2a: Incineroar|Knock Off|p1a: Indeedee
|-resisted|p1a: Indeedee
|-damage|p1a: Indeedee|19/100
|
|-weather|SunnyDay|[upkeep]
|upkeep
|turn|4
|
|t:|1757822890
|switch|p2a: Volcarona|Volcarona, L50, F|100/100
|move|p2b: Gothitelle|Protect||[still]
|-fail|p2b: Gothitelle
|move|p1a: Indeedee|Follow Me|p1a: Indeedee
|-singleturn|p1a: Indeedee|move: Follow Me
|move|p1b: Ninetales|Will-O-Wisp|p2b: Gothitelle
|-status|p2b: Gothitelle|brn
|
|-weather|SunnyDay|[upkeep]
|-damage|p2b: Gothitelle|94/100 brn|[from] brn
|upkeep
|turn|5
|
|t:|1757822908
|move|p1a: Indeedee|Helping Hand|p1b: Ninetales
|-singleturn|p1b: Ninetales|Helping Hand|[of] p1a: Indeedee
|move|p2b: Gothitelle|Protect|p2b: Gothitelle
|-singleturn|p2b: Gothitelle|Protect
|move|p1b: Ninetales|Weather Ball|p2a: Volcarona
|-damage|p2a: Volcarona|3/100
|move|p2a: Volcarona|Quiver Dance|p2a: Volcarona
|-boost|p2a: Volcarona|spa|1
|-boost|p2a: Volcarona|spd|1
|-boost|p2a: Volcarona|spe|1
|
|-weather|none
|-damage|p2b: Gothitelle|88/100 brn|[from] brn
|-fieldend|move: Psychic Terrain
|upkeep
|turn|6
|
|t:|1757822924
|switch|p2b: Incineroar|Incineroar, L50, F|100/100
|-ability|p2b: Incineroar|Intimidate|boost
|-unboost|p1a: Indeedee|atk|1
|-unboost|p1b: Ninetales|atk|1
|move|p2a: Volcarona|Protect|p2a: Volcarona
|-singleturn|p2a: Volcarona|Protect
|move|p1a: Indeedee|Follow Me|p1a: Indeedee
|-singleturn|p1a: Indeedee|move: Follow Me
|move|p1b: Ninetales|Encore||[still]
|-fail|p1b: Ninetales
|
|upkeep
|turn|7
|
|t:|1757822940
|move|p2b: Incineroar|Fake Out|p1b: Ninetales
|-damage|p1b: Ninetales|82/100
|move|p1a: Indeedee|Follow Me|p1a: Indeedee
|-singleturn|p1a: Indeedee|move: Follow Me
|move|p2a: Volcarona|Giga Drain|p1a: Indeedee
|-crit|p1a: Indeedee
|-damage|p1a: Indeedee|0 fnt
|-heal|p2a: Volcarona|13/100|[from] drain|[of] p1a: Indeedee
|faint|p1a: Indeedee
|cant|p1b: Ninetales|flinch
|
|upkeep
|
|t:|1757822944
|switch|p1a: Typhlosion|Typhlosion-Hisui, L50, M|100/100
|turn|8
|
|t:|1757822958
|switch|p2b: Gothitelle|Gothitelle, L50, F|88/100 brn
|move|p2a: Volcarona|Protect|p2a: Volcarona
|-singleturn|p2a: Volcarona|Protect
|move|p1a: Typhlosion|Eruption|p2b: Gothitelle|[spread] p2b
|-activate|p2a: Volcarona|move: Protect
|-damage|p2b: Gothitelle|50/100 brn
|-enditem|p2b: Gothitelle|Sitrus Berry|[eat]
|-heal|p2b: Gothitelle|75/100 brn|[from] item: Sitrus Berry
|move|p1b: Ninetales|Encore||[still]
|-fail|p1b: Ninetales
|
|-damage|p2b: Gothitelle|69/100 brn|[from] brn
|upkeep
|turn|9
|
|t:|1757822983
|switch|p2a: Incineroar|Incineroar, L50, F|100/100
|-ability|p2a: Incineroar|Intimidate|boost
|-unboost|p1a: Typhlosion|atk|1
|-unboost|p1b: Ninetales|atk|1
|move|p2b: Gothitelle|Fake Out|p1b: Ninetales
|-damage|p1b: Ninetales|78/100
|move|p1a: Typhlosion|Eruption|p2a: Incineroar|[spread] p2a,p2b
|-resisted|p2a: Incineroar
|-damage|p2a: Incineroar|77/100
|-damage|p2b: Gothitelle|33/100 brn
|cant|p1b: Ninetales|flinch
|
|-damage|p2b: Gothitelle|27/100 brn|[from] brn
|upkeep
|turn|10
|inactive|lexerthanatauros has 30 seconds left.
|inactive|lexerthanatauros has 20 seconds left.
|inactive|lexerthanatauros has 15 seconds left.
|inactive|lexerthanatauros has 10 seconds left.
|
|t:|1757823033
|switch|p2b: Dragapult|Dragapult, L50, F, shiny|100/100
|move|p1a: Typhlosion|Eruption|p2b: Dragapult|[spread] p2a,p2b
|-resisted|p2a: Incineroar
|-resisted|p2b: Dragapult
|-damage|p2a: Incineroar|50/100
|-damage|p2b: Dragapult|62/100
|move|p1b: Ninetales|Disable||[still]
|-fail|p1b: Ninetales
|move|p2a: Incineroar|Knock Off|p1a: Typhlosion
|-supereffective|p1a: Typhlosion
|-damage|p1a: Typhlosion|0 fnt
|-enditem|p1a: Typhlosion|Choice Scarf|[from] move: Knock Off|[of] p2a: Incineroar
|faint|p1a: Typhlosion
|
|upkeep
|
|t:|1757823044
|switch|p1a: Kommo-o|Kommo-o, L50, M|100/100
|turn|11
|
|t:|1757823051
|move|p2a: Incineroar|Helping Hand|p2b: Dragapult
|-singleturn|p2b: Dragapult|Helping Hand|[of] p2a: Incineroar
|move|p2b: Dragapult|Dragon Darts|p1a: Kommo-o
|-supereffective|p1a: Kommo-o
|-damage|p1a: Kommo-o|0 fnt
|-anim|p2b: Dragapult|Dragon Darts|p1b: Ninetales
|-damage|p1b: Ninetales|0 fnt
|faint|p1a: Kommo-o
|faint|p1b: Ninetales
|
|win|somadooooooo
|l|☆lexerthanatauros
|player|p1|
||lexerthanatauros is ready for game 2.
||somadooooooo is ready for game 2.
|uhtml|next|Next: Game 2 of 3
