|j|☆Mortipherus
|j|☆kirbyvgc wow
|html|Mortipheruskirbyvgc wow    
|uhtml|bestof|Game 1 of a best-of-3
|t:|1756561721
|gametype|doubles
|player|p1|Mortipherus|biker-gen4|1066
|player|p2|kirbyvgc wow|tuberf|1081
|gen|9
|tier|[Gen 9] VGC 2025 Reg H (Bo3)
|rated|
|rule|Species Clause: Limit one of each Pokémon
|rule|Item Clause: Limit 1 of each item
|clearpoke
|poke|p1|Hydrapple, L50, F|
|poke|p1|Arcanine-Hisui, L50, F|
|poke|p1|Gholdengo, L50|
|poke|p1|Electabuzz, L50, M|
|poke|p1|Indeedee, L50, M|
|poke|p1|Sneasler, L50, F|
|poke|p2|Dragonite, L50, M|
|poke|p2|Volcarona, L50, F|
|poke|p2|Sneasler, L50, M|
|poke|p2|Rillaboom, L50, M|
|poke|p2|Electabuzz, L50, M|
|poke|p2|Kingambit, L50, M|
|teampreview|4
|showteam|p1|Hydrapple||AssaultVest|Regenerator|FickleBeam,EnergyBall,EarthPower,BreakingSwipe|||F|||50|,,,,,Ground]Arcanine-Hisui||ClearAmulet|Intimidate|Protect,ExtremeSpeed,FlareBlitz,RockSlide|||F|||50|,,,,,Grass]Gholdengo||LifeOrb|GoodasGold|Protect,NastyPlot,MakeItRain,ShadowBall||||||50|,,,,,Flying]Electabuzz||Eviolite|VitalSpirit|Protect,FollowMe,Taunt,Electroweb|||M|||50|,,,,,Dragon]Indeedee||FocusSash|PsychicSurge|Protect,TrickRoom,ExpandingForce,TeraBlast|||M|||50|,,,,,Ground]Sneasler||PsychicSeed|Unburden|Protect,ThroatChop,DireClaw,CloseCombat|||F|||50|,,,,,Dark
|showteam|p2|Dragonite||LoadedDice|Multiscale|ScaleShot,ExtremeSpeed,Haze,Protect|||M|||50|,,,,,Fairy]Volcarona||CovertCloak|FlameBody|HeatWave,TeraBlast,QuiverDance,Protect|||F|||50|,,,,,Fairy]Sneasler||FocusSash|Unburden|CloseCombat,DireClaw,Coaching,Protect|||M|||50|,,,,,Stellar]Rillaboom||AssaultVest|GrassySurge|WoodHammer,GrassyGlide,HighHorsepower,FakeOut|||M|||50|,,,,,Water]Electabuzz||Eviolite|VitalSpirit|Thunderbolt,FollowMe,Taunt,Protect|||M|||50|,,,,,Ghost]Kingambit||BlackGlasses|Defiant|KowtowCleave,SuckerPunch,SwordsDance,Protect|||M|||50|,,,,,Dark
|inactive|Battle timer is ON: inactive players will automatically lose when time's up. (requested by Mortipherus)
|
|t:|1756561759
|teamsize|p1|4
|teamsize|p2|4
|start
|switch|p1a: Indeedee|Indeedee, L50, M|100/100
|switch|p1b: Arcanine|Arcanine-Hisui, L50, F|100/100
|switch|p2a: Dragonite|Dragonite, L50, M|100/100
|switch|p2b: Volcarona|Volcarona, L50, F|100/100
|-fieldstart|move: Psychic Terrain|[from] ability: Psychic Surge|[of] p1a: Indeedee
|-ability|p1b: Arcanine|Intimidate|boost
|-unboost|p2a: Dragonite|atk|1
|-unboost|p2b: Volcarona|atk|1
|turn|1
|inactive|kirbyvgc wow has 30 seconds left.
|
|t:|1756561786
|switch|p2a: Rillaboom|Rillaboom, L50, M|100/100
|-fieldstart|move: Grassy Terrain|[from] ability: Grassy Surge|[of] p2a: Rillaboom
|move|p2b: Volcarona|Protect|p2b: Volcarona
|-singleturn|p2b: Volcarona|Protect
|move|p1a: Indeedee|Expanding Force|p2a: Rillaboom
|-crit|p2a: Rillaboom
|-damage|p2a: Rillaboom|60/100
|move|p1b: Arcanine|Rock Slide|p2a: Rillaboom|[spread] p2a
|-activate|p2b: Volcarona|move: Protect
|-damage|p2a: Rillaboom|36/100
|
|-heal|p2a: Rillaboom|42/100|[from] Grassy Terrain
|upkeep
|turn|2
|inactive|kirbyvgc wow has 30 seconds left.
|
|t:|1756561820
|switch|p1a: Hydrapple|Hydrapple, L50, F|100/100
|move|p1b: Arcanine|Protect|p1b: Arcanine
|-singleturn|p1b: Arcanine|Protect
|move|p2a: Rillaboom|Fake Out|p1b: Arcanine
|-activate|p1b: Arcanine|move: Protect
|move|p2b: Volcarona|Quiver Dance|p2b: Volcarona
|-boost|p2b: Volcarona|spa|1
|-boost|p2b: Volcarona|spd|1
|-boost|p2b: Volcarona|spe|1
|
|-heal|p2a: Rillaboom|48/100|[from] Grassy Terrain
|upkeep
|turn|3
|inactive|Mortipherus has 30 seconds left.
|inactive|kirbyvgc wow has 30 seconds left.
|
|t:|1756561850
|switch|p1a: Indeedee|Indeedee, L50, M|100/100
|-fieldstart|move: Psychic Terrain|[from] ability: Psychic Surge|[of] p1a: Indeedee
|move|p2b: Volcarona|Heat Wave|p1b: Arcanine|[spread] p1a,p1b
|-resisted|p1b: Arcanine
|-damage|p1a: Indeedee|21/100
|-damage|p1b: Arcanine|85/100
|move|p1b: Arcanine|Rock Slide|p2b: Volcarona|[spread] p2a
|-miss|p1b: Arcanine|p2b: Volcarona
|-damage|p2a: Rillaboom|24/100
|move|p2a: Rillaboom|High Horsepower|p1b: Arcanine
|-supereffective|p1b: Arcanine
|-damage|p1b: Arcanine|0 fnt
|faint|p1b: Arcanine
|
|upkeep
|
|t:|1756561865
|switch|p1b: Sneasler|Sneasler, L50, F|100/100
|-enditem|p1b: Sneasler|Psychic Seed
|-boost|p1b: Sneasler|spd|1|[from] item: Psychic Seed
|turn|4
|inactive|kirbyvgc wow has 30 seconds left.
|
|t:|1756561899
|switch|p2a: Kingambit|Kingambit, L50, M, shiny|100/100
|move|p1b: Sneasler|Dire Claw|p2b: Volcarona
|-damage|p2b: Volcarona|46/100
|move|p2b: Volcarona|Heat Wave|p1a: Indeedee|[spread] p1a,p1b
|-damage|p1a: Indeedee|0 fnt
|-damage|p1b: Sneasler|54/100
|faint|p1a: Indeedee
|
|upkeep
|
|t:|1756561911
|switch|p1a: Hydrapple|Hydrapple, L50, F|100/100
|turn|5
|
|t:|1756561928
|switch|p2a: Rillaboom|Rillaboom, L50, M|24/100
|-fieldstart|move: Grassy Terrain|[from] ability: Grassy Surge|[of] p2a: Rillaboom
|-terastallize|p1a: Hydrapple|Ground
|move|p2b: Volcarona|Protect|p2b: Volcarona
|-singleturn|p2b: Volcarona|Protect
|move|p1b: Sneasler|Dire Claw|p2b: Volcarona
|-activate|p2b: Volcarona|move: Protect
|move|p1a: Hydrapple|Earth Power|p2a: Rillaboom
|-resisted|p2a: Rillaboom
|-damage|p2a: Rillaboom|4/100
|
|-heal|p1b: Sneasler|60/100|[from] Grassy Terrain
|-heal|p2b: Volcarona|52/100|[from] Grassy Terrain
|-heal|p2a: Rillaboom|10/100|[from] Grassy Terrain
|upkeep
|turn|6
|
|t:|1756561949
|move|p1b: Sneasler|Protect|p1b: Sneasler
|-singleturn|p1b: Sneasler|Protect
|move|p2a: Rillaboom|Fake Out|p1b: Sneasler
|-activate|p1b: Sneasler|move: Protect
|move|p2b: Volcarona|Heat Wave|p1a: Hydrapple|[spread] p1a
|-activate|p1b: Sneasler|move: Protect
|-damage|p1a: Hydrapple|68/100
|move|p1a: Hydrapple|Fickle Beam|p2b: Volcarona|[anim] Fickle Beam All Out
|-activate|p1a: Hydrapple|move: Fickle Beam
|-damage|p2b: Volcarona|0 fnt
|faint|p2b: Volcarona
|
|-heal|p1b: Sneasler|66/100|[from] Grassy Terrain
|-heal|p2a: Rillaboom|16/100|[from] Grassy Terrain
|-heal|p1a: Hydrapple|74/100|[from] Grassy Terrain
|upkeep
|
|t:|1756561963
|switch|p2b: Dragonite|Dragonite, L50, M|100/100
|turn|7
|
|t:|1756561986
|move|p2a: Rillaboom|Grassy Glide|p1a: Hydrapple
|-supereffective|p1a: Hydrapple
|-damage|p1a: Hydrapple|11/100
|move|p1b: Sneasler|Dire Claw|p2b: Dragonite
|-damage|p2b: Dragonite|77/100
|-status|p2b: Dragonite|par
|cant|p2b: Dragonite|par
|move|p1a: Hydrapple|Fickle Beam|p2b: Dragonite
|-supereffective|p2b: Dragonite
|-damage|p2b: Dragonite|0 fnt
|faint|p2b: Dragonite
|
|-heal|p1b: Sneasler|72/100|[from] Grassy Terrain
|-heal|p2a: Rillaboom|22/100|[from] Grassy Terrain
|-heal|p1a: Hydrapple|18/100|[from] Grassy Terrain
|upkeep
|
|t:|1756562001
|switch|p2b: Kingambit|Kingambit, L50, M, shiny|100/100
|turn|8
|inactive|kirbyvgc wow has 30 seconds left.
|
|t:|1756562027
|move|p2b: Kingambit|Protect|p2b: Kingambit
|-singleturn|p2b: Kingambit|Protect
|move|p2a: Rillaboom|Grassy Glide|p1a: Hydrapple
|-supereffective|p1a: Hydrapple
|-damage|p1a: Hydrapple|0 fnt
|faint|p1a: Hydrapple
|move|p1b: Sneasler|Dire Claw|p2a: Rillaboom
|-supereffective|p2a: Rillaboom
|-damage|p2a: Rillaboom|0 fnt
|faint|p2a: Rillaboom
|
|-heal|p1b: Sneasler|78/100|[from] Grassy Terrain
|upkeep
|turn|9
|
|t:|1756562051
|-terastallize|p2b: Kingambit|Dark
|move|p1b: Sneasler|Close Combat|p2b: Kingambit
|-supereffective|p2b: Kingambit
|-damage|p2b: Kingambit|11/100
|-unboost|p1b: Sneasler|def|1
|-unboost|p1b: Sneasler|spd|1
|move|p2b: Kingambit|Kowtow Cleave|p1b: Sneasler
|-resisted|p1b: Sneasler
|-damage|p1b: Sneasler|0 fnt
|faint|p1b: Sneasler
|
|win|kirbyvgc wow
|inactive|Mortipherus has 30 seconds to confirm battle start!
|inactive|kirbyvgc wow has 30 seconds to confirm battle start!
||kirbyvgc wow is ready for game 2.
||Mortipherus is ready for game 2.
|uhtml|next|Next: Game 2 of 3
