|j|☆oscraft89
|j|☆PaniniWeenie
|html|oscraft89PaniniWeenie    
|uhtml|bestof|Game 2 of a best-of-3
|t:|1756993347
|gametype|doubles
|player|p1|oscraft89|265|1329
|player|p2|PaniniWeenie|pokemaniac|1405
|gen|9
|tier|[Gen 9] VGC 2025 Reg H (Bo3)
|rated|
|rule|Species Clause: Limit one of each Pokémon
|rule|Item Clause: Limit 1 of each item
|clearpoke
|poke|p1|Dondozo, L50, F|
|poke|p1|Tatsugiri, L50, F|
|poke|p1|Dragonite, L50, F|
|poke|p1|Annihilape, L50, M|
|poke|p1|Zoroark-Hisui, L50, F|
|poke|p1|Volcarona, L50, M|
|poke|p2|Sneasler, L50, M|
|poke|p2|Volcarona, L50, F|
|poke|p2|Dragonite, L50, F|
|poke|p2|Rillaboom, L50, F|
|poke|p2|Electabuzz, L50, M|
|poke|p2|Kingambit, L50, F|
|teampreview|4
|showteam|p1|Dondozo||Leftovers|Unaware|WaveCrash,Earthquake,OrderUp,Protect|||F|||50|,,,,,Grass]Tatsugiri||ChoiceScarf|Commander|DracoMeteor,MuddyWater,IcyWind,HelpingHand|||F|||50|,,,,,Steel]Dragonite||LoadedDice|Multiscale|ScaleShot,IronHead,Haze,Protect|||F|||50|,,,,,Fairy]Annihilape||SafetyGoggles|Defiant|CloseCombat,RageFist,Taunt,Protect|||M|||50|,,,,,Fire]Zoroark-Hisui||ChoiceSpecs|Illusion|HyperVoice,ShadowBall,Flamethrower,Trick|||F|||50|,,,,,Normal]Volcarona||SitrusBerry|FlameBody|HeatWave,StruggleBug,RagePowder,Tailwind|||M|||50|,,,,,Fairy
|showteam|p2|Sneasler||FocusSash|PoisonTouch|DireClaw,CloseCombat,FakeOut,Coaching|||M|||50|,,,,,Stellar]Volcarona||Leftovers|FlameBody|HeatWave,QuiverDance,Protect,TeraBlast|||F|||50|,,,,,Fairy]Dragonite||LoadedDice|Multiscale|ScaleShot,ExtremeSpeed,Haze,Protect|||F|||50|,,,,,Steel]Rillaboom||AssaultVest|GrassySurge|WoodHammer,GrassyGlide,HighHorsepower,FakeOut|||F|||50|,,,,,Fire]Electabuzz||Eviolite|VitalSpirit|FollowMe,Thunderbolt,Taunt,Protect|||M|||50|,,,,,Ghost]Kingambit||BlackGlasses|Defiant|KowtowCleave,SuckerPunch,SwordsDance,Protect|||F|||50|,,,,,Dark
|inactive|Battle timer is ON: inactive players will automatically lose when time's up. (requested by oscraft89)
|
|t:|1756993366
|teamsize|p1|4
|teamsize|p2|4
|start
|switch|p1a: Volcarona|Volcarona, L50, M, shiny|100/100
|switch|p1b: Dragonite|Dragonite, L50, F, shiny|100/100
|switch|p2a: Rillaboom|Rillaboom, L50, F|100/100
|switch|p2b: Volcarona|Volcarona, L50, F|100/100
|-fieldstart|move: Grassy Terrain|[from] ability: Grassy Surge|[of] p2a: Rillaboom
|turn|1
|
|t:|1756993379
|move|p2a: Rillaboom|Fake Out|p1a: Volcarona
|-damage|p1a: Volcarona|85/100
|-status|p2a: Rillaboom|brn|[from] ability: Flame Body|[of] p1a: Volcarona
|move|p1b: Dragonite|Trick|p2b: Volcarona
|-activate|p1b: Dragonite|move: Trick|[of] p2b: Volcarona
|-item|p2b: Volcarona|Choice Specs|[from] move: Trick
|-item|p1b: Dragonite|Leftovers|[from] move: Trick
|move|p2b: Volcarona|Heat Wave|p1b: Dragonite|[spread] p1a,p1b
|-damage|p1a: Volcarona|39/100
|-damage|p1b: Dragonite|2/100
|replace|p1b: Surprise!|Zoroark-Hisui, L50, F, shiny
|-end|p1b: Surprise!|Illusion
|-enditem|p1a: Volcarona|Sitrus Berry|[eat]
|-heal|p1a: Volcarona|64/100|[from] item: Sitrus Berry
|cant|p1a: Volcarona|flinch
|
|-heal|p1b: Surprise!|8/100|[from] Grassy Terrain
|-heal|p1b: Surprise!|14/100|[from] item: Leftovers
|-heal|p1a: Volcarona|70/100|[from] Grassy Terrain
|-damage|p2a: Rillaboom|94/100 brn|[from] brn
|upkeep
|turn|2
|
|t:|1756993399
|switch|p1b: Dragonite|Dragonite, L50, F, shiny|100/100
|move|p2b: Volcarona|Heat Wave|p1a: Volcarona|[spread] p1a,p1b
|-resisted|p1b: Dragonite
|-damage|p1a: Volcarona|22/100
|-damage|p1b: Dragonite|88/100
|move|p1a: Volcarona|Struggle Bug|p2a: Rillaboom|[spread] p2a,p2b
|-supereffective|p2a: Rillaboom
|-resisted|p2b: Volcarona
|-crit|p2b: Volcarona
|-damage|p2a: Rillaboom|68/100 brn
|-damage|p2b: Volcarona|87/100
|-unboost|p2a: Rillaboom|spa|1
|-unboost|p2b: Volcarona|spa|1
|move|p2a: Rillaboom|High Horsepower|p1a: Volcarona
|-damage|p1a: Volcarona|2/100
|
|-heal|p2b: Volcarona|94/100|[from] Grassy Terrain
|-heal|p1a: Volcarona|8/100|[from] Grassy Terrain
|-heal|p2a: Rillaboom|74/100 brn|[from] Grassy Terrain
|-damage|p2a: Rillaboom|68/100 brn|[from] brn
|upkeep
|turn|3
|
|t:|1756993423
|switch|p2a: Kingambit|Kingambit, L50, F|100/100
|-terastallize|p2b: Volcarona|Fairy
|move|p2b: Volcarona|Heat Wave|p1b: Dragonite|[spread] p1a,p1b
|-resisted|p1b: Dragonite
|-damage|p1a: Volcarona|0 fnt
|-damage|p1b: Dragonite|71/100
|faint|p1a: Volcarona
|move|p1b: Dragonite|Scale Shot|p2b: Volcarona
|-immune|p2b: Volcarona
|
|-heal|p2b: Volcarona|99/100|[from] Grassy Terrain
|upkeep
|
|t:|1756993428
|switch|p1a: Annihilape|Annihilape, L50, M, shiny|100/100
|turn|4
|
|t:|1756993448
|-terastallize|p1a: Annihilape|Fire
|move|p2a: Kingambit|Sucker Punch||[still]
|-fail|p2a: Kingambit
|move|p2b: Volcarona|Heat Wave|p1a: Annihilape|[spread] p1a,p1b
|-resisted|p1a: Annihilape
|-resisted|p1b: Dragonite
|-damage|p1a: Annihilape|84/100
|-damage|p1b: Dragonite|53/100
|move|p1a: Annihilape|Taunt|p2b: Volcarona
|-start|p2b: Volcarona|move: Taunt
|move|p1b: Dragonite|Iron Head|p2b: Volcarona
|-supereffective|p2b: Volcarona
|-damage|p2b: Volcarona|34/100
|
|-heal|p2b: Volcarona|40/100|[from] Grassy Terrain
|-heal|p1a: Annihilape|90/100|[from] Grassy Terrain
|upkeep
|turn|5
|inactive|PaniniWeenie has 30 seconds left.
|
|t:|1756993477
|switch|p2b: Dragonite|Dragonite, L50, F|100/100
|move|p1b: Dragonite|Protect|p1b: Dragonite
|-singleturn|p1b: Dragonite|Protect
|move|p1a: Annihilape|Close Combat|p2a: Kingambit
|-supereffective|p2a: Kingambit
|-damage|p2a: Kingambit|0 fnt
|-unboost|p1a: Annihilape|def|1
|-unboost|p1a: Annihilape|spd|1
|faint|p2a: Kingambit
|
|-heal|p1a: Annihilape|96/100|[from] Grassy Terrain
|-fieldend|move: Grassy Terrain
|upkeep
|
|t:|1756993488
|switch|p2a: Rillaboom|Rillaboom, L50, F|68/100 brn
|-fieldstart|move: Grassy Terrain|[from] ability: Grassy Surge|[of] p2a: Rillaboom
|turn|6
|
|t:|1756993495
|switch|p1b: Dragonite|Dragonite, L50, F, shiny|14/100
|move|p2a: Rillaboom|Fake Out|p1b: Dragonite
|-immune|p1b: Dragonite
|move|p1a: Annihilape|Rage Fist|p2a: Rillaboom
|-damage|p2a: Rillaboom|16/100 brn
|move|p2b: Dragonite|Scale Shot|p1b: Dragonite
|-crit|p1b: Dragonite
|-damage|p1b: Dragonite|0 fnt
|replace|p1b: Surprise!|Zoroark-Hisui, L50, F, shiny
|-end|p1b: Surprise!|Illusion
|faint|p1b: Surprise!
|-hitcount|p1: Surprise!|1
|-unboost|p2b: Dragonite|def|1
|-boost|p2b: Dragonite|spe|1
|
|-heal|p1a: Annihilape|100/100|[from] Grassy Terrain
|-heal|p2a: Rillaboom|22/100 brn|[from] Grassy Terrain
|-damage|p2a: Rillaboom|16/100 brn|[from] brn
|upkeep
|
|t:|1756993504
|switch|p1b: Dragonite|Dragonite, L50, F, shiny|53/100
|turn|7
|
|t:|1756993518
|move|p2b: Dragonite|Scale Shot|p1b: Dragonite
|-supereffective|p1b: Dragonite
|-crit|p1b: Dragonite
|-damage|p1b: Dragonite|7/100
|-supereffective|p1b: Dragonite
|-damage|p1b: Dragonite|0 fnt
|faint|p1b: Dragonite
|-hitcount|p1: Dragonite|2
|-unboost|p2b: Dragonite|def|1
|-boost|p2b: Dragonite|spe|1
|move|p1a: Annihilape|Rage Fist|p2b: Dragonite
|-damage|p2b: Dragonite|48/100
|move|p2a: Rillaboom|High Horsepower|p1a: Annihilape
|-supereffective|p1a: Annihilape
|-crit|p1a: Annihilape
|-damage|p1a: Annihilape|15/100
|
|-heal|p1a: Annihilape|21/100|[from] Grassy Terrain
|-heal|p2a: Rillaboom|22/100 brn|[from] Grassy Terrain
|-damage|p2a: Rillaboom|16/100 brn|[from] brn
|upkeep
|turn|8
|
|t:|1756993531
|move|p2b: Dragonite|Extreme Speed|p1a: Annihilape
|-crit|p1a: Annihilape
|-damage|p1a: Annihilape|0 fnt
|faint|p1a: Annihilape
|
|win|PaniniWeenie
|raw|oscraft89's rating: 1329 → 1313(-16 for losing)
|raw|PaniniWeenie's rating: 1405 → 1421(+16 for winning)
|l|☆oscraft89
|player|p1|
