|j|☆TMJS01
|j|☆el bamdara
|html|TMJS01el bamdara    
|uhtml|bestof|Game 1 of a best-of-3
|t:|1785193549
|gametype|doubles
|player|p1|TMJS01|unknown|
|player|p2|el bamdara|265|
|gen|9
|tier|[Gen 9 Champions] VGC 2026 Reg M-B (Bo3)
|rule|Species Clause: Limit one of each Pokémon
|rule|Item Clause: Limit 1 of each item
|clearpoke
|poke|p1|Sinistcha, L50|
|poke|p1|Incineroar, L50, M|
|poke|p1|Floette-Eternal, L50, F|
|poke|p1|Kingambit, L50, M|
|poke|p1|Camerupt, L50, M|
|poke|p1|Farigiraf, L50, F|
|poke|p2|Torkoal, L50, M|
|poke|p2|Pyroar, L50, M|
|poke|p2|Farigiraf, L50, F|
|poke|p2|Venusaur, L50, F|
|poke|p2|Scrafty, L50, M|
|poke|p2|Mamoswine, L50, F|
|teampreview|4
|showteam|p1|Sinistcha||ColburBerry|Hospitality|MatchaGotcha,RagePowder,TrickRoom,LifeDew|Relaxed|||||50|]Incineroar||PasshoBerry|Intimidate|ThroatChop,FlareBlitz,PartingShot,FakeOut|Adamant||M|||50|]Floette-Eternal||Floettite|FlowerVeil|Protect,CalmMind,Moonblast,DazzlingGleam|Modest||F|||50|]Kingambit||FocusSash|Defiant|SuckerPunch,IronHead,KowtowCleave,LowKick|Brave||M|||50|]Camerupt||Cameruptite|SolidRock|AncientPower,HeatWave,EarthPower,Protect|Quiet||M|||50|]Farigiraf||SitrusBerry|ArmorTail|Thunderbolt,TwinBeam,TrickRoom,HelpingHand|Relaxed||F|||50|
|showteam|p2|Torkoal||HeatRock|Drought|WeatherBall,Eruption,Protect,HelpingHand|Quiet||M|||50|]Pyroar||Pyroarite|Unnerve|HeatWave,Overheat,Yawn,Protect|Timid||M|||50|]Farigiraf||SitrusBerry|ArmorTail|Protect,Thunderbolt,Psychic,TrickRoom|Quiet||F|||50|]Venusaur||LifeOrb|Chlorophyll|EnergyBall,EarthPower,SludgeBomb,Protect|Modest||F|||50|]Scrafty||Scraftinite|Intimidate|DrainPunch,KnockOff,FakeOut,IcePunch|Adamant||M|||50|]Mamoswine||FocusSash|Oblivious|RockSlide,IceShard,HighHorsepower,Protect|Jolly||F|||50|
|inactive|Battle timer is ON: inactive players will automatically lose when time's up. (requested by TMJS01)
|c|☆el bamdara|Cómo te digo
|c|☆el bamdara|XD
|c|☆el bamdara|Mejor no
|inactive|el bamdara has 60 seconds left.
|inactive|TMJS01 has 60 seconds left.
|
|t:|1785193617
|teamsize|p1|4
|teamsize|p2|4
|start
|switch|p1a: Camerupt|Camerupt, L50, M|100/100
|switch|p1b: Farigiraf|Farigiraf, L50, F|100/100
|switch|p2a: Torkoal|Torkoal, L50, M|100/100
|switch|p2b: Pyroar|Pyroar, L50, M|100/100
|-ability|p2b: Pyroar|Unnerve
|-weather|SunnyDay|[from] ability: Drought|[of] p2a: Torkoal
|turn|1
|
|t:|1785193638
|detailschange|p2b: Pyroar|Pyroar-Mega, L50, M
|-mega|p2b: Pyroar|Pyroar|Pyroarite
|detailschange|p1a: Camerupt|Camerupt-Mega, L50, M
|-mega|p1a: Camerupt|Camerupt|Cameruptite
|move|p2a: Torkoal|Helping Hand|p2b: Pyroar
|-singleturn|p2b: Pyroar|Helping Hand|[of] p2a: Torkoal
|move|p2b: Pyroar|Overheat|p1a: Camerupt
|-resisted|p1a: Camerupt|1
|-damage|p1a: Camerupt|14/100
|-unboost|p2b: Pyroar|spa|2
|move|p1a: Camerupt|Heat Wave|p2b: Pyroar|[spread] p2a
|-miss|p1a: Camerupt|p2b: Pyroar
|-resisted|p2a: Torkoal|1
|-damage|p2a: Torkoal|31/100
|move|p1b: Farigiraf|Trick Room|p1b: Farigiraf
|-fieldstart|move: Trick Room|[of] p1b: Farigiraf
|
|-weather|SunnyDay|[upkeep]
|upkeep
|turn|2
|
|t:|1785193662
|move|p1a: Camerupt|Protect|p1a: Camerupt
|-singleturn|p1a: Camerupt|Protect
|move|p2b: Pyroar|Protect|p2b: Pyroar
|-singleturn|p2b: Pyroar|Protect
|move|p2a: Torkoal|Weather Ball|p1a: Camerupt
|-activate|p1a: Camerupt|move: Protect
|move|p1b: Farigiraf|Twin Beam|p2a: Torkoal
|-damage|p2a: Torkoal|5/100
|-damage|p2a: Torkoal|0 fnt
|faint|p2a: Torkoal
|-hitcount|p2: Torkoal|2
|
|-weather|SunnyDay|[upkeep]
|upkeep
|
|t:|1785193665
|switch|p2a: Farigiraf|Farigiraf, L50, F|100/100
|turn|3
|
|t:|1785193676
|switch|p2b: Mamoswine|Mamoswine, L50, F|100/100
|move|p1a: Camerupt|Earth Power|p2b: Mamoswine
|-enditem|p2b: Mamoswine|Focus Sash
|-damage|p2b: Mamoswine|1/100
|move|p1b: Farigiraf|Twin Beam|p2a: Farigiraf
|-resisted|p2a: Farigiraf|1
|-damage|p2a: Farigiraf|91/100
|-resisted|p2a: Farigiraf|1
|-damage|p2a: Farigiraf|82/100
|-hitcount|p2a: Farigiraf|2
|move|p2a: Farigiraf|Trick Room|p2a: Farigiraf
|-fieldend|move: Trick Room
|
|-weather|SunnyDay|[upkeep]
|upkeep
|turn|4
|
|t:|1785193693
|move|p1a: Camerupt|Protect|p1a: Camerupt
|-singleturn|p1a: Camerupt|Protect
|move|p2b: Mamoswine|Rock Slide|p1a: Camerupt|[spread] p1b
|-activate|p1a: Camerupt|move: Protect
|-damage|p1b: Farigiraf|86/100
|move|p2a: Farigiraf|Thunderbolt|p1b: Farigiraf
|-damage|p1b: Farigiraf|64/100
|move|p1b: Farigiraf|Trick Room|p1b: Farigiraf
|-fieldstart|move: Trick Room|[of] p1b: Farigiraf
|
|-weather|SunnyDay|[upkeep]
|upkeep
|turn|5
|
|t:|1785193708
|move|p1b: Farigiraf|Helping Hand|p1a: Camerupt
|-singleturn|p1a: Camerupt|Helping Hand|[of] p1b: Farigiraf
|move|p2b: Mamoswine|Protect|p2b: Mamoswine
|-singleturn|p2b: Mamoswine|Protect
|move|p1a: Camerupt|Heat Wave|p2a: Farigiraf|[spread] p2a
|-activate|p2b: Mamoswine|move: Protect
|-damage|p2a: Farigiraf|0 fnt
|faint|p2a: Farigiraf
|
|-weather|SunnyDay|[upkeep]
|upkeep
|
|t:|1785193710
|switch|p2a: Pyroar|Pyroar-Mega, L50, M|100/100
|turn|6
|
|t:|1785193716
|move|p2b: Mamoswine|Protect|p2b: Mamoswine
|-singleturn|p2b: Mamoswine|Protect
|move|p1a: Camerupt|Earth Power|p2a: Pyroar
|-supereffective|p2a: Pyroar|1
|-damage|p2a: Pyroar|0 fnt
|faint|p2a: Pyroar
|move|p1b: Farigiraf|Twin Beam|p2b: Mamoswine
|-activate|p2b: Mamoswine|move: Protect
|
|-weather|SunnyDay|[upkeep]
|upkeep
|turn|7
|
|t:|1785193722
|move|p1a: Camerupt|Earth Power|p2b: Mamoswine
|-damage|p2b: Mamoswine|0 fnt
|faint|p2b: Mamoswine
|
|win|TMJS01
||TMJS01 is ready for game 2.
||el bamdara is ready for game 2.
|uhtml|next|Next: Game 2 of 3
|l|☆el bamdara
|player|p2|
