|j|☆Otterz
|j|☆lolgz
|html|Otterzlolgz    
|uhtml|bestof|Game 3 of a best-of-3
|t:|1782517337
|gametype|doubles
|player|p1|Otterz|wattson|1196
|player|p2|lolgz|dawn|1322
|gen|9
|tier|[Gen 9 Champions] VGC 2026 Reg M-B (Bo3)
|rated|
|rule|Species Clause: Limit one of each Pokémon
|rule|Item Clause: Limit 1 of each item
|clearpoke
|poke|p1|Garchomp, L50, F|
|poke|p1|Charizard, L50, M|
|poke|p1|Snorlax, L50, M|
|poke|p1|Whimsicott, L50, M|
|poke|p1|Scizor, L50, M|
|poke|p1|Staraptor, L50, F|
|poke|p2|Torkoal, L50, M|
|poke|p2|Vileplume, L50, M|
|poke|p2|Farigiraf, L50, F|
|poke|p2|Scrafty, L50, M|
|poke|p2|Gallade, L50, M|
|poke|p2|Mawile, L50, M|
|teampreview|4
|showteam|p1|Garchomp||LifeOrb|RoughSkin|Earthquake,DragonClaw,RockSlide,Protect|Jolly||F|||50|]Charizard||CharizarditeY|SolarPower|HeatWave,SolarBeam,WeatherBall,Protect|Timid||M|||50|]Snorlax||Leftovers|ThickFat|Yawn,DoubleEdge,Fissure,Protect|Relaxed||M|||50|]Whimsicott||FocusSash|Prankster|Moonblast,Tailwind,Charm,Protect|Timid||M|||50|]Scizor||MetalCoat|Technician|BulletPunch,BugBite,SwordsDance,Protect|Adamant||M|||50|]Staraptor||Staraptite|Intimidate|CloseCombat,DualWingbeat,Roost,Protect|Jolly||F|||50|
|showteam|p2|Torkoal||Charcoal|Drought|Eruption,WeatherBall,EarthPower,Protect|Quiet||M|||50|]Vileplume||FocusSash|Chlorophyll|EnergyBall,SludgeBomb,SleepPowder,AfterYou|Timid||M|||50|]Farigiraf||SitrusBerry|ArmorTail|TrickRoom,Thunderbolt,Psychic,HelpingHand|Relaxed||F|||50|]Scrafty||Scraftinite|Intimidate|FakeOut,CloseCombat,KnockOff,RockTomb|Brave||M|||50|]Gallade||IronBall|Sharpness|SacredSword,PsychoCut,WideGuard,TrickRoom|Brave||M|||50|]Mawile||Mawilite|HyperCutter|SuckerPunch,PlayRough,SwordsDance,Protect|Brave||M|||50|
|inactive|Battle timer is ON: inactive players will automatically lose when time's up. (requested by lolgz)
|
|t:|1782517362
|teamsize|p1|4
|teamsize|p2|4
|start
|switch|p1a: Whimsicott|Whimsicott, L50, M|100/100
|switch|p1b: Snorlax|Snorlax, L50, M|100/100
|switch|p2a: Farigiraf|Farigiraf, L50, F|100/100
|switch|p2b: Scrafty|Scrafty, L50, M|100/100
|-ability|p2b: Scrafty|Intimidate|boost
|-unboost|p1a: Whimsicott|atk|1
|-unboost|p1b: Snorlax|atk|1
|turn|1
|
|t:|1782517373
|detailschange|p2b: Scrafty|Scrafty-Mega, L50, M
|-mega|p2b: Scrafty|Scrafty|Scraftinite
|-ability|p2b: Scrafty|Intimidate|boost
|-unboost|p1a: Whimsicott|atk|1
|-unboost|p1b: Snorlax|atk|1
|move|p1b: Snorlax|Protect|p1b: Snorlax
|-singleturn|p1b: Snorlax|Protect
|move|p1a: Whimsicott|Moonblast|p2b: Scrafty
|-supereffective|p2b: Scrafty|2
|-damage|p2b: Scrafty|0 fnt
|faint|p2b: Scrafty
|move|p2a: Farigiraf|Trick Room|p2a: Farigiraf
|-fieldstart|move: Trick Room|[of] p2a: Farigiraf
|
|upkeep
|
|t:|1782517379
|switch|p2b: Gallade|Gallade, L50, M|100/100
|turn|2
|
|t:|1782517392
|move|p2b: Gallade|Psycho Cut|p1a: Whimsicott
|-damage|p1a: Whimsicott|10/100
|move|p1b: Snorlax|Yawn|p2a: Farigiraf
|-start|p2a: Farigiraf|move: Yawn|[of] p1b: Snorlax
|move|p2a: Farigiraf|Psychic|p1a: Whimsicott
|-damage|p1a: Whimsicott|0 fnt
|faint|p1a: Whimsicott
|
|upkeep
|
|t:|1782517404
|switch|p1a: Garchomp|Garchomp, L50, F|100/100
|turn|3
|
|t:|1782517419
|move|p2a: Farigiraf|Helping Hand|p2b: Gallade
|-singleturn|p2b: Gallade|Helping Hand|[of] p2a: Farigiraf
|move|p2b: Gallade|Sacred Sword|p1a: Garchomp
|-damage|p1a: Garchomp|0 fnt
|-damage|p2b: Gallade|88/100|[from] ability: Rough Skin|[of] p1a: Garchomp
|faint|p1a: Garchomp
|move|p1b: Snorlax|Yawn||[still]
|-fail|p1b: Snorlax
|
|-end|p2a: Farigiraf|move: Yawn|[silent]
|-status|p2a: Farigiraf|slp
|upkeep
|
|t:|1782517425
|switch|p1a: Charizard|Charizard, L50, M|100/100
|turn|4
|
|t:|1782517436
|switch|p2a: Torkoal|Torkoal, L50, M|100/100
|-weather|SunnyDay|[from] ability: Drought|[of] p2a: Torkoal
|detailschange|p1a: Charizard|Charizard-Mega-Y, L50, M
|-mega|p1a: Charizard|Charizard|Charizardite Y
|move|p1b: Snorlax|Protect|p1b: Snorlax
|-singleturn|p1b: Snorlax|Protect
|move|p2b: Gallade|Psycho Cut|p1a: Charizard
|-damage|p1a: Charizard|41/100
|move|p1a: Charizard|Weather Ball|p2b: Gallade
|-damage|p2b: Gallade|12/100
|
|-weather|SunnyDay|[upkeep]
|upkeep
|turn|5
|
|t:|1782517451
|move|p1a: Charizard|Protect|p1a: Charizard
|-singleturn|p1a: Charizard|Protect
|move|p2a: Torkoal|Eruption|p1a: Charizard|[spread] p1b
|-activate|p1a: Charizard|move: Protect
|-damage|p1b: Snorlax|73/100
|move|p1b: Snorlax|Double-Edge|p2b: Gallade
|-damage|p2b: Gallade|0 fnt
|faint|p2b: Gallade
|-damage|p1b: Snorlax|70/100|[from] Recoil
|
|-weather|SunnyDay|[upkeep]
|-heal|p1b: Snorlax|76/100|[from] item: Leftovers
|-fieldend|move: Trick Room
|upkeep
|
|t:|1782517458
|switch|p2b: Farigiraf|Farigiraf, L50, F|100/100 slp
|turn|6
|
|t:|1782517467
|move|p1a: Charizard|Weather Ball|p2b: Farigiraf
|-crit|p2b: Farigiraf
|-damage|p2b: Farigiraf|0 fnt
|faint|p2b: Farigiraf
|move|p1b: Snorlax|Fissure|p2a: Torkoal|[miss]
|-miss|p1b: Snorlax|p2a: Torkoal
|move|p2a: Torkoal|Weather Ball|p1a: Charizard
|-resisted|p1a: Charizard|1
|-damage|p1a: Charizard|2/100
|
|-weather|SunnyDay|[upkeep]
|-heal|p1b: Snorlax|82/100|[from] item: Leftovers
|upkeep
|turn|7
|
|t:|1782517478
|move|p1a: Charizard|Protect|p1a: Charizard
|-singleturn|p1a: Charizard|Protect
|move|p1b: Snorlax|Yawn|p2a: Torkoal
|-start|p2a: Torkoal|move: Yawn|[of] p1b: Snorlax
|move|p2a: Torkoal|Weather Ball|p1a: Charizard
|-activate|p1a: Charizard|move: Protect
|
|-weather|SunnyDay|[upkeep]
|-heal|p1b: Snorlax|88/100|[from] item: Leftovers
|upkeep
|turn|8
|
|t:|1782517492
|move|p1a: Charizard|Weather Ball|p2a: Torkoal
|-resisted|p2a: Torkoal|1
|-damage|p2a: Torkoal|49/100
|move|p1b: Snorlax|Fissure|p2a: Torkoal|[miss]
|-miss|p1b: Snorlax|p2a: Torkoal
|move|p2a: Torkoal|Weather Ball|p1a: Charizard
|-resisted|p1a: Charizard|1
|-damage|p1a: Charizard|0 fnt
|faint|p1a: Charizard
|
|-weather|none
|-heal|p1b: Snorlax|94/100|[from] item: Leftovers
|-end|p2a: Torkoal|move: Yawn|[silent]
|-status|p2a: Torkoal|slp
|upkeep
|turn|9
|-message|lolgz forfeited.
|
|win|Otterz
|raw|Otterz's rating: 1196 → 1230(+34 for winning)
|raw|lolgz's rating: 1322 → 1295(-27 for losing)
