|j|☆TrunksSsj06
|j|☆Green-Dogi Ranger
|html|TrunksSsj06Green-Dogi Ranger    
|uhtml|bestof|Game 3 of a best-of-3
|t:|1757819421
|gametype|doubles
|player|p1|TrunksSsj06|1|1063
|player|p2|Green-Dogi Ranger|linebacker|1029
|gen|9
|tier|[Gen 9] VGC 2025 Reg H (Bo3)
|rated|
|rule|Species Clause: Limit one of each Pokémon
|rule|Item Clause: Limit 1 of each item
|clearpoke
|poke|p1|Incineroar, L50, F|
|poke|p1|Decidueye, L50, F|
|poke|p1|Primarina, L50, M|
|poke|p1|Electabuzz, L50, M|
|poke|p1|Farigiraf, L50, M|
|poke|p1|Dragonite, L50, M|
|poke|p2|Malamar, L50, M|
|poke|p2|Torkoal, L50, F|
|poke|p2|Delphox, L50, M|
|poke|p2|Indeedee-F, L50, F|
|poke|p2|Sneasler, L50, F|
|poke|p2|Ursaluna, L50, F|
|teampreview|4
|showteam|p1|Incineroar||SafetyGoggles|Intimidate|FakeOut,FlareBlitz,KnockOff,PartingShot|||F|||50|,,,,,Ghost]Decidueye||ClearAmulet|LongReach|SpiritShackle,LeafBlade,SwordsDance,BraveBird|||F|||50|,,,,,Fairy]Primarina||LifeOrb|LiquidVoice|HyperVoice,Moonblast,IceBeam,Protect|||M|||50|,,,,,Water]Electabuzz||Eviolite|VitalSpirit|FollowMe,Electroweb,Taunt,Protect|||M|||50|,,,,,Dragon]Farigiraf||ThroatSpray|ArmorTail|HyperVoice,TwinBeam,TrickRoom,Protect|||M|||50|,,,,,Fairy]Dragonite||ChoiceBand|InnerFocus|ExtremeSpeed,IceSpinner,IronHead,DragonClaw|||M|||50|,,,,,Normal
|showteam|p2|Malamar||ChoiceScarf|Contrary|KnockOff,PsychoCut,Superpower,TopsyTurvy|||M|||50|,,,,,Fighting]Torkoal||EjectPack|Drought|Protect,Eruption,Overheat,HelpingHand|||F|||50|,,,,,Flying]Delphox||LifeOrb|Blaze|Flamethrower,ExpandingForce,DazzlingGleam,Protect|||M|||50|,,,,,Fairy]Indeedee-F||SafetyGoggles|PsychicSurge|FollowMe,Psychic,HelpingHand,TrickRoom|||F|||50|,,,,,Fairy]Sneasler||PsychicSeed|Unburden|Protect,CloseCombat,DireClaw,ThroatChop|||F|||50|,,,,,Dark]Ursaluna||FlameOrb|Guts|Protect,HeadlongRush,Earthquake,Facade|||F|||50|,,,,,Ghost
|inactive|Battle timer is ON: inactive players will automatically lose when time's up. (requested by TrunksSsj06)
|inactive|TrunksSsj06 has 60 seconds left.
|
|t:|1757819453
|teamsize|p1|4
|teamsize|p2|4
|start
|switch|p1a: Primarina|Primarina, L50, M|100/100
|switch|p1b: Electabuzz|Electabuzz, L50, M|100/100
|switch|p2a: Indeedee|Indeedee-F, L50, F|100/100
|switch|p2b: Sneasler|Sneasler, L50, F|100/100
|-fieldstart|move: Psychic Terrain|[from] ability: Psychic Surge|[of] p2a: Indeedee
|-enditem|p2b: Sneasler|Psychic Seed
|-boost|p2b: Sneasler|spd|1|[from] item: Psychic Seed
|turn|1
|inactive|Green-Dogi Ranger has 30 seconds left.
|
|t:|1757819478
|switch|p2a: Ursaluna|Ursaluna, L50, F|100/100
|-terastallize|p1a: Primarina|Water
|move|p1b: Electabuzz|Follow Me|p1b: Electabuzz
|-singleturn|p1b: Electabuzz|move: Follow Me
|move|p2b: Sneasler|Dire Claw|p1b: Electabuzz
|-damage|p1b: Electabuzz|68/100
|-status|p1b: Electabuzz|psn
|move|p1a: Primarina|Hyper Voice|p2b: Sneasler|[spread] p2a,p2b
|-supereffective|p2a: Ursaluna
|-damage|p2a: Ursaluna|0 fnt
|-damage|p2b: Sneasler|44/100
|faint|p2a: Ursaluna
|-damage|p1a: Primarina|91/100|[from] item: Life Orb
|
|-damage|p1b: Electabuzz|56/100 psn|[from] psn
|upkeep
|
|t:|1757819494
|switch|p2a: Indeedee|Indeedee-F, L50, F|100/100
|turn|2
|
|t:|1757819509
|move|p1a: Primarina|Protect|p1a: Primarina
|-singleturn|p1a: Primarina|Protect
|move|p2b: Sneasler|Throat Chop|p1a: Primarina
|-activate|p1a: Primarina|move: Protect
|move|p1b: Electabuzz|Taunt|p2a: Indeedee
|-start|p2a: Indeedee|move: Taunt
|cant|p2a: Indeedee|move: Taunt|Trick Room
|
|-damage|p1b: Electabuzz|44/100 psn|[from] psn
|upkeep
|turn|3
|inactive|Green-Dogi Ranger has 30 seconds left.
|
|t:|1757819537
|move|p1b: Electabuzz|Follow Me|p1b: Electabuzz
|-singleturn|p1b: Electabuzz|move: Follow Me
|move|p2b: Sneasler|Dire Claw|p1b: Electabuzz
|-damage|p1b: Electabuzz|6/100 psn
|move|p2a: Indeedee|Psychic|p1b: Electabuzz
|-damage|p1b: Electabuzz|0 fnt
|faint|p1b: Electabuzz
|move|p1a: Primarina|Hyper Voice|p2a: Indeedee|[spread] p2a,p2b
|-damage|p2a: Indeedee|41/100
|-damage|p2b: Sneasler|0 fnt
|faint|p2b: Sneasler
|-damage|p1a: Primarina|81/100|[from] item: Life Orb
|
|upkeep
|
|t:|1757819555
|switch|p2b: Torkoal|Torkoal, L50, F|100/100
|switch|p1b: Incineroar|Incineroar, L50, F|100/100
|-ability|p1b: Incineroar|Intimidate|boost
|-unboost|p2a: Indeedee|atk|1
|-unboost|p2b: Torkoal|atk|1
|-weather|SunnyDay|[from] ability: Drought|[of] p2b: Torkoal
|turn|4
|
|t:|1757819573
|-terastallize|p2a: Indeedee|Fairy
|move|p2b: Torkoal|Helping Hand|p2a: Indeedee
|-singleturn|p2a: Indeedee|Helping Hand|[of] p2b: Torkoal
|move|p2a: Indeedee|Psychic|p1a: Primarina
|-damage|p1a: Primarina|36/100
|move|p1b: Incineroar|Knock Off|p2b: Torkoal
|-damage|p2b: Torkoal|73/100
|-enditem|p2b: Torkoal|Eject Pack|[from] move: Knock Off|[of] p1b: Incineroar
|move|p1a: Primarina|Hyper Voice|p2a: Indeedee|[spread] p2a,p2b
|-supereffective|p2b: Torkoal
|-damage|p2a: Indeedee|13/100
|-damage|p2b: Torkoal|0 fnt
|faint|p2b: Torkoal
|-damage|p1a: Primarina|27/100|[from] item: Life Orb
|
|-weather|SunnyDay|[upkeep]
|-end|p2a: Indeedee|move: Taunt
|upkeep
|turn|5
|-message|Green-Dogi Ranger forfeited.
|
|win|TrunksSsj06
|raw|TrunksSsj06's rating: 1063 → 1091(+28 for winning)
|raw|Green-Dogi Ranger's rating: 1029 → 1016(-13 for losing)
