|j|☆Johten
|j|☆SunDiazVGC
|html|JohtenSunDiazVGC    
|uhtml|bestof|Game 1 of a best-of-3
|t:|1756749784
|gametype|doubles
|player|p1|Johten|veteran|1016
|player|p2|SunDiazVGC|266|1077
|gen|9
|tier|[Gen 9] VGC 2025 Reg H (Bo3)
|rated|
|rule|Species Clause: Limit one of each Pokémon
|rule|Item Clause: Limit 1 of each item
|clearpoke
|poke|p1|Gallade, L50, M|
|poke|p1|Incineroar, L50, M|
|poke|p1|Jolteon, L50, F|
|poke|p1|Indeedee-F, L50, F|
|poke|p1|Hatterene, L50, F|
|poke|p1|Pelipper, L50, M|
|poke|p2|Ursaluna-Bloodmoon, L50, M|
|poke|p2|Dragonite, L50, M|
|poke|p2|Volcarona, L50, M|
|poke|p2|Rillaboom, L50, M|
|poke|p2|Farigiraf, L50, F|
|poke|p2|Incineroar, L50, F|
|teampreview|4
|showteam|p1|Gallade||LifeOrb|Sharpness|Protect,SacredSword,PsychoCut,NightSlash|||M|||50|,,,,,Stellar]Incineroar||AssaultVest|Intimidate|FakeOut,Uturn,Trailblaze,KnockOff|||M|||50|,,,,,Grass]Jolteon||FocusSash|VoltAbsorb|Protect,HelpingHand,Electroweb,Thunder|||F|||50|,,,,,Flying]Indeedee-F||MentalHerb|PsychicSurge|Imprison,TrickRoom,FollowMe,HelpingHand|||F|||50|,,,,,Fairy]Hatterene||TwistedSpoon|MagicBounce|Protect,TrickRoom,ExpandingForce,DazzlingGleam|||F|||50|,,,,,Psychic]Pelipper||SitrusBerry|Drizzle|WideGuard,Tailwind,HelpingHand,Hurricane|||M|||50|,,,,,Grass
|showteam|p2|Ursaluna-Bloodmoon||LifeOrb|MindsEye|HyperVoice,BloodMoon,EarthPower,Protect|||M|||50|,,,,,Normal]Dragonite||ChoiceBand|InnerFocus|AirSlash,ExtremeSpeed,Outrage,RockSlide|||M|||50|,,,,,Normal]Volcarona||Leftovers|FlameBody|QuiverDance,FieryDance,GigaDrain,Protect|||M|||50|,,,,,Grass]Rillaboom||AssaultVest|GrassySurge|FakeOut,GrassyGlide,WoodHammer,HighHorsepower|||M|||50|,,,,,Dragon]Farigiraf||ThroatSpray|ArmorTail|TrickRoom,TwinBeam,HyperVoice,Protect|||F|||50|,,,,,Stellar]Incineroar||SitrusBerry|Intimidate|FakeOut,PartingShot,FlareBlitz,KnockOff|||F|||50|,,,,,Water
|inactive|Battle timer is ON: inactive players will automatically lose when time's up. (requested by SunDiazVGC)
|inactive|Johten has 60 seconds left.
|
|t:|1756749881
|teamsize|p1|4
|teamsize|p2|4
|start
|switch|p1a: Umi|Pelipper, L50, M|100/100
|switch|p1b: Sumo|Incineroar, L50, M, shiny|100/100
|switch|p2a: Incineroar|Incineroar, L50, F|100/100
|switch|p2b: Volcarona|Volcarona, L50, M|100/100
|-ability|p1b: Sumo|Intimidate|boost
|-unboost|p2a: Incineroar|atk|1
|-unboost|p2b: Volcarona|atk|1
|-weather|RainDance|[from] ability: Drizzle|[of] p1a: Umi
|-ability|p2a: Incineroar|Intimidate|boost
|-unboost|p1a: Umi|atk|1
|-unboost|p1b: Sumo|atk|1
|turn|1
|
|t:|1756749906
|move|p1b: Sumo|Fake Out|p2a: Incineroar
|-damage|p2a: Incineroar|92/100
|cant|p2a: Incineroar|flinch
|move|p2b: Volcarona|Quiver Dance|p2b: Volcarona
|-boost|p2b: Volcarona|spa|1
|-boost|p2b: Volcarona|spd|1
|-boost|p2b: Volcarona|spe|1
|move|p1a: Umi|Tailwind|p1a: Umi
|-sidestart|p1: Johten|move: Tailwind
|
|-weather|RainDance|[upkeep]
|upkeep
|turn|2
|
|t:|1756749918
|move|p2b: Volcarona|Protect|p2b: Volcarona
|-singleturn|p2b: Volcarona|Protect
|move|p1b: Sumo|Knock Off|p2b: Volcarona
|-activate|p2b: Volcarona|move: Protect
|move|p1a: Umi|Hurricane|p2b: Volcarona
|-activate|p2b: Volcarona|move: Protect
|move|p2a: Incineroar|Parting Shot|p1a: Umi
|-unboost|p1a: Umi|atk|1
|-unboost|p1a: Umi|spa|1
|
|t:|1756749928
|switch|p2a: Dragonite|Dragonite, L50, M|100/100|[from] Parting Shot
|
|-weather|RainDance|[upkeep]
|upkeep
|turn|3
|
|t:|1756749945
|switch|p1a: Ohimesama|Indeedee-F, L50, F, shiny|100/100
|-fieldstart|move: Psychic Terrain|[from] ability: Psychic Surge|[of] p1a: Ohimesama
|move|p1b: Sumo|Knock Off|p2b: Volcarona
|-damage|p2b: Volcarona|67/100
|-enditem|p2b: Volcarona|Leftovers|[from] move: Knock Off|[of] p1b: Sumo
|move|p2b: Volcarona|Quiver Dance|p2b: Volcarona
|-boost|p2b: Volcarona|spa|1
|-boost|p2b: Volcarona|spd|1
|-boost|p2b: Volcarona|spe|1
|move|p2a: Dragonite|Rock Slide|p1a: Ohimesama|[spread] p1a,p1b
|-supereffective|p1b: Sumo
|-damage|p1a: Ohimesama|68/100
|-damage|p1b: Sumo|50/100
|
|-weather|RainDance|[upkeep]
|upkeep
|turn|4
|
|t:|1756749970
|move|p2b: Volcarona|Protect|p2b: Volcarona
|-singleturn|p2b: Volcarona|Protect
|move|p1b: Sumo|U-turn|p2b: Volcarona
|-activate|p2b: Volcarona|move: Protect
|move|p2a: Dragonite|Rock Slide|p1a: Ohimesama|[spread] p1a,p1b
|-supereffective|p1b: Sumo
|-damage|p1a: Ohimesama|37/100
|-damage|p1b: Sumo|0 fnt
|faint|p1b: Sumo
|move|p1a: Ohimesama|Trick Room|p1a: Ohimesama
|-fieldstart|move: Trick Room|[of] p1a: Ohimesama
|
|-weather|RainDance|[upkeep]
|-sideend|p1: Johten|move: Tailwind
|upkeep
|
|t:|1756749980
|switch|p1b: Owari|Hatterene, L50, F, shiny|100/100
|turn|5
|
|t:|1756749989
|switch|p2a: Rillaboom|Rillaboom, L50, M|100/100
|-fieldstart|move: Grassy Terrain|[from] ability: Grassy Surge|[of] p2a: Rillaboom
|-terastallize|p1b: Owari|Psychic
|move|p1a: Ohimesama|Helping Hand|p1b: Owari
|-singleturn|p1b: Owari|Helping Hand|[of] p1a: Ohimesama
|move|p1b: Owari|Expanding Force|p2b: Volcarona
|-damage|p2b: Volcarona|13/100
|move|p2b: Volcarona|Giga Drain|p1b: Owari
|-damage|p1b: Owari|12/100
|-heal|p2b: Volcarona|53/100|[from] drain|[of] p1b: Owari
|
|-weather|none
|-heal|p1b: Owari|18/100|[from] Grassy Terrain
|-heal|p1a: Ohimesama|43/100|[from] Grassy Terrain
|-heal|p2b: Volcarona|59/100|[from] Grassy Terrain
|upkeep
|turn|6
|
|t:|1756750008
|switch|p1a: Umi|Pelipper, L50, M|100/100
|-weather|RainDance|[from] ability: Drizzle|[of] p1a: Umi
|move|p1b: Owari|Protect|p1b: Owari
|-singleturn|p1b: Owari|Protect
|move|p2a: Rillaboom|Grassy Glide|p1b: Owari
|-activate|p1b: Owari|move: Protect
|move|p2b: Volcarona|Giga Drain|p1a: Umi
|-damage|p1a: Umi|14/100
|-heal|p2b: Volcarona|98/100|[from] drain|[of] p1a: Umi
|-enditem|p1a: Umi|Sitrus Berry|[eat]
|-heal|p1a: Umi|39/100|[from] item: Sitrus Berry
|
|-weather|RainDance|[upkeep]
|-heal|p1b: Owari|24/100|[from] Grassy Terrain
|-heal|p2b: Volcarona|100/100|[from] Grassy Terrain
|upkeep
|turn|7
|
|t:|1756750028
|switch|p2a: Incineroar|Incineroar, L50, F|92/100
|-ability|p2a: Incineroar|Intimidate|boost
|-unboost|p1a: Umi|atk|1
|-unboost|p1b: Owari|atk|1
|move|p2b: Volcarona|Protect|p2b: Volcarona
|-singleturn|p2b: Volcarona|Protect
|move|p1b: Owari|Dazzling Gleam|p2a: Incineroar|[spread] p2a
|-activate|p2b: Volcarona|move: Protect
|-damage|p2a: Incineroar|62/100
|move|p1a: Umi|Hurricane|p2a: Incineroar
|-damage|p2a: Incineroar|31/100
|-enditem|p2a: Incineroar|Sitrus Berry|[eat]
|-heal|p2a: Incineroar|55/100|[from] item: Sitrus Berry
|
|-weather|RainDance|[upkeep]
|-heal|p1b: Owari|30/100|[from] Grassy Terrain
|-heal|p2a: Incineroar|61/100|[from] Grassy Terrain
|upkeep
|turn|8
|
|t:|1756750052
|switch|p1a: Ohimesama|Indeedee-F, L50, F, shiny|43/100
|-fieldstart|move: Psychic Terrain|[from] ability: Psychic Surge|[of] p1a: Ohimesama
|move|p1b: Owari|Expanding Force|p2a: Incineroar|[spread] p2b
|-immune|p2a: Incineroar
|-damage|p2b: Volcarona|50/100
|move|p2a: Incineroar|Knock Off|p1b: Owari
|-supereffective|p1b: Owari
|-damage|p1b: Owari|0 fnt
|-enditem|p1b: Owari|Twisted Spoon|[from] move: Knock Off|[of] p2a: Incineroar
|faint|p1b: Owari
|move|p2b: Volcarona|Giga Drain|p1a: Ohimesama
|-damage|p1a: Ohimesama|0 fnt
|-heal|p2b: Volcarona|72/100|[from] drain|[of] p1a: Ohimesama
|faint|p1a: Ohimesama
|
|-weather|RainDance|[upkeep]
|-fieldend|move: Trick Room
|upkeep
|
|t:|1756750067
|switch|p1b: Umi|Pelipper, L50, M|39/100
|turn|9
|
|t:|1756750073
|switch|p2a: Rillaboom|Rillaboom, L50, M|100/100
|-fieldstart|move: Grassy Terrain|[from] ability: Grassy Surge|[of] p2a: Rillaboom
|move|p2b: Volcarona|Giga Drain|p1b: Umi
|-damage|p1b: Umi|0 fnt
|-heal|p2b: Volcarona|89/100|[from] drain|[of] p1b: Umi
|faint|p1b: Umi
|
|win|SunDiazVGC
||Johten is ready for game 2.
||SunDiazVGC is ready for game 2.
|uhtml|next|Next: Game 2 of 3
|l|☆SunDiazVGC
|player|p2|
