|j|☆MarillRag1
|j|☆TG511
|html|MarillRag1TG511    
|uhtml|bestof|Game 2 of a best-of-3
|t:|1786180728
|gametype|doubles
|player|p1|MarillRag1|170|1396
|player|p2|TG511|koga|1261
|gen|9
|tier|[Gen 9 Champions] VGC 2026 Reg M-B (Bo3)
|rated|
|rule|Species Clause: Limit one of each Pokémon
|rule|Item Clause: Limit 1 of each item
|clearpoke
|poke|p1|Gengar, L50, M|
|poke|p1|Archaludon, L50, M|
|poke|p1|Politoed, L50, F|
|poke|p1|Swampert, L50, M|
|poke|p1|Vivillon-Fancy, L50, M|
|poke|p1|Incineroar, L50, F|
|poke|p2|Gardevoir, L50, F, shiny|
|poke|p2|Maushold, L50, shiny|
|poke|p2|Talonflame, L50, M, shiny|
|poke|p2|Garchomp, L50, M, shiny|
|poke|p2|Rotom-Wash, L50, shiny|
|poke|p2|Sneasler, L50, F, shiny|
|teampreview|4
|showteam|p1|Gengar||Gengarite|CursedBody|ShadowBall,SludgeBomb,PerishSong,Protect|Modest||M|||50|]Archaludon||Leftovers|Stamina|ElectroShot,DragonPulse,FlashCannon,Protect|Bold||M|||50|]Politoed||SitrusBerry|Drizzle|WeatherBall,Hypnosis,PerishSong,Protect|Calm||F|||50|]Swampert||Swampertite|Torrent|WaveCrash,Earthquake,IcePunch,Protect|Adamant||M|||50|]Vivillon-Fancy||FocusSash|CompoundEyes|Hurricane,SleepPowder,RagePowder,Protect|Timid||M|||50|]Incineroar||ShucaBerry|Intimidate|ThroatChop,FakeOut,PartingShot,Protect|Impish||F|||50|
|showteam|p2|Gardevoir||Gardevoirite|Trace|HyperVoice,Psychic,Thunderbolt,Protect|Modest||F|||50|]Maushold||FocusSash|FriendGuard|SuperFang,FollowMe,Taunt,Protect|Timid|||||50|]Talonflame||SharpBeak|GaleWings|DualWingbeat,FlareBlitz,Tailwind,Protect|Jolly||M|||50|]Garchomp||LifeOrb|RoughSkin|Earthquake,DragonClaw,RockSlide,Protect|Jolly||M|||50|]Rotom-Wash||SitrusBerry|Levitate|HydroPump,Thunderbolt,WillOWisp,Protect|Timid|||||50|]Sneasler||WhiteHerb|Unburden|FakeOut,DireClaw,CloseCombat,Protect|Jolly||F|||50|
|
|t:|1786180789
|teamsize|p1|4
|teamsize|p2|4
|start
|switch|p1a: Incineroar|Incineroar, L50, F|100/100
|switch|p1b: Gengar|Gengar, L50, M|100/100
|switch|p2a: Sneasler|Sneasler, L50, F, shiny|100/100
|switch|p2b: Talonflame|Talonflame, L50, M, shiny|100/100
|-ability|p1a: Incineroar|Intimidate|boost
|-unboost|p2a: Sneasler|atk|1
|-unboost|p2b: Talonflame|atk|1
|-enditem|p2a: Sneasler|White Herb
|-clearnegativeboost|p2a: Sneasler|[silent]
|turn|1
|
|t:|1786180806
|detailschange|p1b: Gengar|Gengar-Mega, L50, M
|-mega|p1b: Gengar|Gengar|Gengarite
|move|p2a: Sneasler|Fake Out|p1a: Incineroar
|-damage|p1a: Incineroar|88/100
|cant|p1a: Incineroar|flinch
|move|p2b: Talonflame|Dual Wingbeat|p1b: Gengar|[miss]
|-miss|p2b: Talonflame|p1b: Gengar
|move|p1b: Gengar|Perish Song|p1b: Gengar
|-start|p1a: Incineroar|perish3|[silent]
|-start|p1b: Gengar|perish3|[silent]
|-start|p2a: Sneasler|perish3|[silent]
|-start|p2b: Talonflame|perish3|[silent]
|-fieldactivate|move: Perish Song
|
|-start|p2a: Sneasler|perish3
|-start|p2b: Talonflame|perish3
|-start|p1b: Gengar|perish3
|-start|p1a: Incineroar|perish3
|upkeep
|turn|2
|
|t:|1786180838
|switch|p1b: Politoed|Politoed, L50, F|100/100
|-weather|RainDance|[from] ability: Drizzle|[of] p1b: Politoed
|move|p2b: Talonflame|Dual Wingbeat|p1b: Politoed
|-damage|p1b: Politoed|88/100
|-damage|p1b: Politoed|77/100
|-hitcount|p1b: Politoed|2
|move|p2a: Sneasler|Close Combat|p1a: Incineroar
|-supereffective|p1a: Incineroar|1
|-damage|p1a: Incineroar|0 fnt
|-unboost|p2a: Sneasler|def|1
|-unboost|p2a: Sneasler|spd|1
|faint|p1a: Incineroar
|
|-weather|RainDance|[upkeep]
|-start|p2a: Sneasler|perish2
|-start|p2b: Talonflame|perish2
|upkeep
|
|t:|1786180845
|switch|p1a: Gengar|Gengar-Mega, L50, M|100/100
|turn|3
|
|t:|1786180871
|move|p1a: Gengar|Protect|p1a: Gengar
|-singleturn|p1a: Gengar|Protect
|move|p1b: Politoed|Protect|p1b: Politoed
|-singleturn|p1b: Politoed|Protect
|move|p2b: Talonflame|Dual Wingbeat|p1b: Politoed
|-activate|p1b: Politoed|move: Protect
|move|p2a: Sneasler|Close Combat|p1b: Politoed
|-activate|p1b: Politoed|move: Protect
|
|-weather|RainDance|[upkeep]
|-start|p2a: Sneasler|perish1
|-start|p2b: Talonflame|perish1
|upkeep
|turn|4
|
|t:|1786180897
|switch|p1b: Archaludon|Archaludon, L50, M|100/100
|move|p2b: Talonflame|Dual Wingbeat|p1b: Archaludon|[miss]
|-miss|p2b: Talonflame|p1b: Archaludon
|move|p2a: Sneasler|Close Combat|p1b: Archaludon
|-supereffective|p1b: Archaludon|1
|-damage|p1b: Archaludon|11/100
|-unboost|p2a: Sneasler|def|1
|-unboost|p2a: Sneasler|spd|1
|-ability|p1b: Archaludon|Stamina|boost
|-boost|p1b: Archaludon|def|1
|move|p1a: Gengar|Shadow Ball|p2b: Talonflame
|-damage|p2b: Talonflame|23/100
|
|-weather|RainDance|[upkeep]
|-heal|p1b: Archaludon|17/100|[from] item: Leftovers
|-start|p2a: Sneasler|perish0
|-start|p2b: Talonflame|perish0
|upkeep
|faint|p2a: Sneasler
|faint|p2b: Talonflame
|
|t:|1786180903
|switch|p2b: Garchomp|Garchomp, L50, M, shiny|100/100
|switch|p2a: Rotom|Rotom-Wash, L50, shiny|100/100
|turn|5
|
|t:|1786180934
|move|p1b: Archaludon|Protect|p1b: Archaludon
|-singleturn|p1b: Archaludon|Protect
|move|p2b: Garchomp|Earthquake|p1b: Archaludon|[spread] p1a
|-activate|p1b: Archaludon|move: Protect
|-immune|p2a: Rotom|[from] ability: Levitate
|-supereffective|p1a: Gengar|1
|-damage|p1a: Gengar|0 fnt
|faint|p1a: Gengar
|-damage|p2b: Garchomp|90/100|[from] item: Life Orb
|move|p2a: Rotom|Hydro Pump|p1b: Archaludon
|-activate|p1b: Archaludon|move: Protect
|
|-weather|RainDance|[upkeep]
|-heal|p1b: Archaludon|23/100|[from] item: Leftovers
|upkeep
|
|t:|1786180945
|switch|p1a: Politoed|Politoed, L50, F|77/100
|turn|6
|
|t:|1786180954
|move|p2b: Garchomp|Earthquake|p1a: Politoed|[spread] p1a,p1b
|-immune|p2a: Rotom|[from] ability: Levitate
|-supereffective|p1b: Archaludon|1
|-damage|p1a: Politoed|31/100
|-damage|p1b: Archaludon|0 fnt
|-enditem|p1a: Politoed|Sitrus Berry|[eat]
|-heal|p1a: Politoed|56/100|[from] item: Sitrus Berry
|faint|p1b: Archaludon
|-damage|p2b: Garchomp|80/100|[from] item: Life Orb
|move|p2a: Rotom|Thunderbolt|p1a: Politoed
|-supereffective|p1a: Politoed|1
|-damage|p1a: Politoed|0 fnt
|faint|p1a: Politoed
|
|win|TG511
||MarillRag1 is ready for game 3.
||TG511 is ready for game 3.
|uhtml|next|Next: Game 3 of 3
|l|☆TG511
|player|p2|
