|j|☆Dawsonschris
|j|☆Kaneoji fan
|html|DawsonschrisKaneoji fan    
|uhtml|bestof|Game 3 of a best-of-3
|t:|1756437902
|gametype|doubles
|player|p1|Dawsonschris|artist-gen4|1113
|player|p2|Kaneoji fan|wattson|1000
|gen|9
|tier|[Gen 9] VGC 2025 Reg H (Bo3)
|rated|
|rule|Species Clause: Limit one of each Pokémon
|rule|Item Clause: Limit 1 of each item
|clearpoke
|poke|p1|Ursaluna-Bloodmoon, L50, M|
|poke|p1|Electabuzz, L50, M|
|poke|p1|Sneasler, L50, M|
|poke|p1|Indeedee, L50, M|
|poke|p1|Incineroar, L50, M|
|poke|p1|Talonflame, L50, M|
|poke|p2|Kingambit, L50, M|
|poke|p2|Sneasler, L50, M|
|poke|p2|Dragonite, L50, M|
|poke|p2|Incineroar, L50, M|
|poke|p2|Gholdengo, L50|
|poke|p2|Ninetales-Alola, L50, M|
|teampreview|4
|showteam|p1|Ursaluna-Bloodmoon||LifeOrb|MindsEye|Protect,BloodMoon,EarthPower,HyperVoice|||M|||50|,,,,,Normal]Electabuzz||Eviolite|VitalSpirit|FollowMe,Taunt,Electroweb,Protect|||M|||50|,,,,,Dragon]Sneasler||PsychicSeed|Unburden|ThroatChop,DireClaw,CloseCombat,Protect|||M|||50|,,,,,Dark]Indeedee||FocusSash|PsychicSurge|ExpandingForce,TrickRoom,HelpingHand,Protect|||M|||50|,,,,,Psychic]Incineroar||SafetyGoggles|Intimidate|FakeOut,KnockOff,PartingShot,FlareBlitz|||M|||50|,,,,,Dragon]Talonflame||CovertCloak|GaleWings|FlareBlitz,DualWingbeat,WillOWisp,Tailwind|||M|||50|,,,,,Fairy
|showteam|p2|Kingambit||AssaultVest|Defiant|KowtowCleave,SuckerPunch,TeraBlast,LowKick|||M|||50|,,,,,Flying]Sneasler||FocusSash|PoisonTouch|DireClaw,CloseCombat,Coaching,FakeOut|||M|||50|,,,,,Ghost]Dragonite||LoadedDice|Multiscale|ScaleShot,Tailwind,Haze,Protect|||M|||50|,,,,,Fairy]Incineroar||SafetyGoggles|Intimidate|FlareBlitz,KnockOff,PartingShot,FakeOut|||M|||50|,,,,,Ghost]Gholdengo||LifeOrb|GoodasGold|MakeItRain,ShadowBall,NastyPlot,Protect||||||50|,,,,,Water]Ninetales-Alola||NeverMeltIce|SnowWarning|Blizzard,FreezeDry,IcyWind,Protect|||M|||50|,,,,,Ice
|inactive|Battle timer is ON: inactive players will automatically lose when time's up. (requested by Kaneoji fan)
|
|t:|1756437927
|teamsize|p1|4
|teamsize|p2|4
|start
|switch|p1a: Ursaluna|Ursaluna-Bloodmoon, L50, M|100/100
|switch|p1b: Electabuzz|Electabuzz, L50, M|100/100
|switch|p2a: Sneasler|Sneasler, L50, M|100/100
|switch|p2b: Dragonite|Dragonite, L50, M|100/100
|turn|1
|l|☆Kaneoji fan
|inactive|Kaneoji fan disconnected and has a minute to reconnect!
|player|p2|
|inactive|Kaneoji fan has 30 seconds left.
|inactive|Kaneoji fan has 20 seconds left.
|inactive|Kaneoji fan has 15 seconds left.
|inactive|Kaneoji fan has 10 seconds left.
|j|☆Kaneoji fan
|inactive|Kaneoji fan reconnected and has 10 seconds left.
|player|p2|Kaneoji fan|wattson|
|inactive|Kaneoji fan has 5 seconds left.
|
|t:|1756437977
|switch|p1b: Incineroar|Incineroar, L50, M, shiny|100/100
|-ability|p1b: Incineroar|Intimidate|boost
|-unboost|p2a: Sneasler|atk|1
|-unboost|p2b: Dragonite|atk|1
|move|p1a: Ursaluna|Protect|p1a: Ursaluna
|-singleturn|p1a: Ursaluna|Protect
|move|p2a: Sneasler|Fake Out|p1a: Ursaluna
|-activate|p1a: Ursaluna|move: Protect
|move|p2b: Dragonite|Tailwind|p2b: Dragonite
|-sidestart|p2: Kaneoji fan|move: Tailwind
|
|upkeep
|turn|2
|
|t:|1756438001
|-terastallize|p2a: Sneasler|Ghost
|-terastallize|p1a: Ursaluna|Normal
|move|p1b: Incineroar|Fake Out|p2b: Dragonite
|-damage|p2b: Dragonite|95/100
|move|p2a: Sneasler|Close Combat|p1a: Ursaluna
|-supereffective|p1a: Ursaluna
|-crit|p1a: Ursaluna
|-damage|p1a: Ursaluna|0 fnt
|-unboost|p2a: Sneasler|def|1
|-unboost|p2a: Sneasler|spd|1
|faint|p1a: Ursaluna
|cant|p2b: Dragonite|flinch
|
|upkeep
|
|t:|1756438016
|switch|p1a: Electabuzz|Electabuzz, L50, M|100/100
|turn|3
|
|t:|1756438031
|move|p2a: Sneasler|Close Combat|p1b: Incineroar
|-supereffective|p1b: Incineroar
|-crit|p1b: Incineroar
|-damage|p1b: Incineroar|0 fnt
|-unboost|p2a: Sneasler|def|1
|-unboost|p2a: Sneasler|spd|1
|faint|p1b: Incineroar
|move|p2b: Dragonite|Haze|p2b: Dragonite
|-clearallboost
|move|p1a: Electabuzz|Electroweb|p2a: Sneasler|[spread] p2a,p2b
|-damage|p2a: Sneasler|81/100
|-damage|p2b: Dragonite|80/100
|-unboost|p2a: Sneasler|spe|1
|-unboost|p2b: Dragonite|spe|1
|
|upkeep
|
|t:|1756438047
|switch|p1b: Talonflame|Talonflame, L50, M|100/100
|turn|4
|inactive|Dawsonschris has 30 seconds left.
|
|t:|1756438072
|move|p1a: Electabuzz|Follow Me|p1a: Electabuzz
|-singleturn|p1a: Electabuzz|move: Follow Me
|move|p1b: Talonflame|Dual Wingbeat|p2a: Sneasler
|-damage|p2a: Sneasler|61/100
|-damage|p2a: Sneasler|41/100
|-hitcount|p2a: Sneasler|2
|move|p2a: Sneasler|Dire Claw|p1a: Electabuzz
|-damage|p1a: Electabuzz|60/100
|-status|p1a: Electabuzz|psn
|move|p2b: Dragonite|Scale Shot|p1a: Electabuzz
|-damage|p1a: Electabuzz|45/100 psn
|-damage|p1a: Electabuzz|30/100 psn
|-damage|p1a: Electabuzz|13/100 psn
|-damage|p1a: Electabuzz|0 fnt
|faint|p1a: Electabuzz
|-hitcount|p1: Electabuzz|4
|-unboost|p2b: Dragonite|def|1
|-boost|p2b: Dragonite|spe|1
|
|-sideend|p2: Kaneoji fan|move: Tailwind
|upkeep
|turn|5
|
|t:|1756438094
|switch|p2a: Incineroar|Incineroar, L50, M|100/100
|-ability|p2a: Incineroar|Intimidate|boost
|-unboost|p1b: Talonflame|atk|1
|move|p1b: Talonflame|Dual Wingbeat|p2a: Incineroar
|-damage|p2a: Incineroar|93/100
|-damage|p2a: Incineroar|85/100
|-hitcount|p2a: Incineroar|2
|move|p2b: Dragonite|Scale Shot|p1b: Talonflame
|-damage|p1b: Talonflame|83/100
|-damage|p1b: Talonflame|63/100
|-damage|p1b: Talonflame|45/100
|-damage|p1b: Talonflame|27/100
|-damage|p1b: Talonflame|9/100
|-hitcount|p1b: Talonflame|5
|-unboost|p2b: Dragonite|def|1
|-boost|p2b: Dragonite|spe|1
|
|upkeep
|turn|6
|inactive|Dawsonschris has 30 seconds left.
|l|☆Kaneoji fan
|inactive|Kaneoji fan disconnected and has a minute to reconnect!
|player|p2|
|
|t:|1756438123
|switch|p2b: Gholdengo|Gholdengo, L50|100/100
|move|p1b: Talonflame|Will-O-Wisp|p2b: Gholdengo
|-immune|p2b: Gholdengo|[from] ability: Good as Gold
|move|p2a: Incineroar|Parting Shot|p1b: Talonflame
|-unboost|p1b: Talonflame|atk|1
|-unboost|p1b: Talonflame|spa|1
|j|☆Kaneoji fan
|inactive|Kaneoji fan reconnected and has 35 seconds left.
|player|p2|Kaneoji fan|wattson|
|inactive|Kaneoji fan has 30 seconds left.
|
|t:|1756438149
|switch|p2a: Sneasler|Sneasler, L50, M, tera:Ghost|41/100|[from] Parting Shot
|
|upkeep
|turn|7
|
|t:|1756438165
|switch|p2a: Incineroar|Incineroar, L50, M|85/100
|-ability|p2a: Incineroar|Intimidate|boost
|-unboost|p1b: Talonflame|atk|1
|move|p1b: Talonflame|Flare Blitz|p2b: Gholdengo
|-supereffective|p2b: Gholdengo
|-damage|p2b: Gholdengo|69/100
|-damage|p1b: Talonflame|0 fnt|[from] Recoil
|faint|p1b: Talonflame
|
|win|Kaneoji fan
|raw|Dawsonschris's rating: 1113 → 1080(-33 for losing)
|raw|Kaneoji fan's rating: 1000 → 1053(+53 for winning)
