|j|☆viivnz
|j|☆sedrav
|html|viivnzsedrav    
|uhtml|bestof|Game 1 of a best-of-3
|t:|1756429611
|gametype|doubles
|player|p1|viivnz|1|1196
|player|p2|sedrav|hilbert|1230
|gen|9
|tier|[Gen 9] VGC 2025 Reg H (Bo3)
|rated|
|rule|Species Clause: Limit one of each Pokémon
|rule|Item Clause: Limit 1 of each item
|clearpoke
|poke|p1|Indeedee-F, L50, F|
|poke|p1|Armarouge, L50, M|
|poke|p1|Ursaluna, L50, M|
|poke|p1|Porygon2, L50|
|poke|p1|Annihilape, L50, F|
|poke|p1|Tyranitar, L50, F|
|poke|p2|Dragonite, L50, F|
|poke|p2|Rillaboom, L50, F|
|poke|p2|Arcanine-Hisui, L50, M|
|poke|p2|Sneasler, L50, F|
|poke|p2|Ninetales-Alola, L50, M|
|poke|p2|Gholdengo, L50|
|teampreview|4
|showteam|p1|Indeedee-F||SafetyGoggles|PsychicSurge|DazzlingGleam,TrickRoom,FollowMe,HelpingHand|||F|||50|,,,,,Fairy]Armarouge||LifeOrb|FlashFire|HeatWave,ExpandingForce,ArmorCannon,TrickRoom|||M|||50|,,,,,Grass]Ursaluna||FlameOrb|Guts|HeadlongRush,Facade,Substitute,Protect|||M|||50|,,,,,Ground]Porygon2||Eviolite|Download|TeraBlast,IceBeam,TrickRoom,Recover||||||50|,,,,,Ground]Annihilape||ChoiceScarf|Defiant|CloseCombat,RageFist,FinalGambit,Coaching|||F|||50|,,,,,Dark]Tyranitar||AssaultVest|SandStream|RockSlide,KnockOff,HighHorsepower,TeraBlast|||F|||50|,,,,,Flying
|showteam|p2|Dragonite||LoadedDice|Multiscale|ScaleShot,Tailwind,StompingTantrum,Protect|||F|||50|,,,,,Ground]Rillaboom||AssaultVest|GrassySurge|DrumBeating,GrassyGlide,HighHorsepower,FakeOut|||F|||50|,,,,,Fire]Arcanine-Hisui||ClearAmulet|Intimidate|FlareBlitz,RockSlide,ExtremeSpeed,Protect|||M|||50|,,,,,Water]Sneasler||WhiteHerb|Unburden|CloseCombat,DireClaw,Coaching,Protect|||F|||50|,,,,,Ghost]Ninetales-Alola||FocusSash|SnowWarning|Blizzard,Encore,IcyWind,AuroraVeil|||M|||50|,,,,,Ghost]Gholdengo||GrassySeed|GoodasGold|MakeItRain,ShadowBall,NastyPlot,Protect||||||50|,,,,,Water
|inactive|Battle timer is ON: inactive players will automatically lose when time's up. (requested by sedrav)
|inactive|viivnz has 60 seconds left.
|inactive|sedrav has 60 seconds left.
|inactive|sedrav has 30 seconds left.
|
|t:|1756429675
|teamsize|p1|4
|teamsize|p2|4
|start
|switch|p1a: Indeedee|Indeedee-F, L50, F|100/100
|switch|p1b: Armarouge|Armarouge, L50, M|100/100
|switch|p2a: Dragonite|Dragonite, L50, F|100/100
|switch|p2b: Sneasler|Sneasler, L50, F|100/100
|-fieldstart|move: Psychic Terrain|[from] ability: Psychic Surge|[of] p1a: Indeedee
|turn|1
|inactive|sedrav has 30 seconds left.
|
|t:|1756429703
|switch|p2b: Rillaboom|Rillaboom, L50, F|100/100
|-fieldstart|move: Grassy Terrain|[from] ability: Grassy Surge|[of] p2b: Rillaboom
|move|p1a: Indeedee|Follow Me|p1a: Indeedee
|-singleturn|p1a: Indeedee|move: Follow Me
|move|p2a: Dragonite|Scale Shot|p1a: Indeedee
|-damage|p1a: Indeedee|87/100
|-damage|p1a: Indeedee|73/100
|-damage|p1a: Indeedee|59/100
|-damage|p1a: Indeedee|45/100
|-damage|p1a: Indeedee|29/100
|-hitcount|p1a: Indeedee|5
|-unboost|p2a: Dragonite|def|1
|-boost|p2a: Dragonite|spe|1
|move|p1b: Armarouge|Trick Room|p1b: Armarouge
|-fieldstart|move: Trick Room|[of] p1b: Armarouge
|
|-heal|p1a: Indeedee|36/100|[from] Grassy Terrain
|upkeep
|turn|2
|inactive|sedrav has 30 seconds left.
|inactive|sedrav has 20 seconds left.
|inactive|sedrav has 15 seconds left.
|
|t:|1756429747
|switch|p1b: Ursaluna|Ursaluna, L50, M|100/100
|move|p2b: Rillaboom|Fake Out|p1a: Indeedee
|-damage|p1a: Indeedee|23/100
|cant|p1a: Indeedee|flinch
|move|p2a: Dragonite|Scale Shot|p1b: Ursaluna|[miss]
|-miss|p2a: Dragonite|p1b: Ursaluna
|
|-heal|p1a: Indeedee|29/100|[from] Grassy Terrain
|-status|p1b: Ursaluna|brn|[from] item: Flame Orb
|upkeep
|turn|3
|inactive|sedrav has 30 seconds left.
|
|t:|1756429780
|move|p1a: Indeedee|Follow Me|p1a: Indeedee
|-singleturn|p1a: Indeedee|move: Follow Me
|move|p1b: Ursaluna|Substitute|p1b: Ursaluna
|-start|p1b: Ursaluna|Substitute
|-damage|p1b: Ursaluna|75/100 brn
|move|p2b: Rillaboom|Drum Beating|p1a: Indeedee
|-damage|p1a: Indeedee|0 fnt
|faint|p1a: Indeedee
|move|p2a: Dragonite|Stomping Tantrum|p1b: Ursaluna
|-end|p1b: Ursaluna|Substitute
|
|-heal|p1b: Ursaluna|81/100 brn|[from] Grassy Terrain
|-damage|p1b: Ursaluna|75/100 brn|[from] brn
|upkeep
|
|t:|1756429791
|switch|p1a: Armarouge|Armarouge, L50, M|100/100
|turn|4
|
|t:|1756429814
|-terastallize|p2b: Rillaboom|Fire
|move|p1b: Ursaluna|Facade|p2a: Dragonite
|-damage|p2a: Dragonite|0 fnt
|faint|p2a: Dragonite
|move|p1a: Armarouge|Heat Wave|p2b: Rillaboom|[miss]
|-miss|p1a: Armarouge|p2b: Rillaboom
|move|p2b: Rillaboom|Drum Beating|p1b: Ursaluna
|-supereffective|p1b: Ursaluna
|-damage|p1b: Ursaluna|1/100 brn
|-unboost|p1b: Ursaluna|spe|1
|
|-heal|p1b: Ursaluna|7/100 brn|[from] Grassy Terrain
|-damage|p1b: Ursaluna|1/100 brn|[from] brn
|upkeep
|
|t:|1756429837
|switch|p2a: Arcanine|Arcanine-Hisui, L50, M|100/100
|-ability|p2a: Arcanine|Intimidate|boost
|-unboost|p1a: Armarouge|atk|1
|-unboost|p1b: Ursaluna|atk|1
|turn|5
|
|t:|1756429854
|move|p2a: Arcanine|Extreme Speed|p1b: Ursaluna
|-damage|p1b: Ursaluna|0 fnt
|faint|p1b: Ursaluna
|move|p1a: Armarouge|Expanding Force|p2a: Arcanine
|-damage|p2a: Arcanine|27/100
|-damage|p1a: Armarouge|91/100|[from] item: Life Orb
|move|p2b: Rillaboom|High Horsepower|p1a: Armarouge
|-supereffective|p1a: Armarouge
|-damage|p1a: Armarouge|39/100
|
|-heal|p1a: Armarouge|45/100|[from] Grassy Terrain
|-heal|p2a: Arcanine|33/100|[from] Grassy Terrain
|-fieldend|move: Trick Room
|-fieldend|move: Grassy Terrain
|upkeep
|
|t:|1756429857
|switch|p1b: Porygon2|Porygon2, L50|100/100
|-ability|p1b: Porygon2|Download|boost
|-boost|p1b: Porygon2|spa|1
|turn|6
|
|t:|1756429878
|move|p2a: Arcanine|Rock Slide|p1a: Armarouge|[spread] p1a,p1b
|-supereffective|p1a: Armarouge
|-crit|p1a: Armarouge
|-damage|p1a: Armarouge|0 fnt
|-damage|p1b: Porygon2|83/100
|faint|p1a: Armarouge
|move|p2b: Rillaboom|High Horsepower|p1b: Porygon2
|-damage|p1b: Porygon2|66/100
|move|p1b: Porygon2|Tera Blast|p2a: Arcanine
|-resisted|p2a: Arcanine
|-damage|p2a: Arcanine|3/100
|
|upkeep
|turn|7
|-message|viivnz forfeited.
|
|win|sedrav
|l|☆viivnz
|player|p1|
||viivnz is ready for game 2.
