|j|☆PabloZH24
|j|☆FrancoilCieco777
|html|PabloZH24FrancoilCieco777    
|uhtml|bestof|Game 1 of a best-of-3
|t:|1756217082
|gametype|doubles
|player|p1|PabloZH24|101|
|player|p2|FrancoilCieco777|baker|
|gen|9
|tier|[Gen 9] VGC 2025 Reg H (Bo3)
|rule|Species Clause: Limit one of each Pokémon
|rule|Item Clause: Limit 1 of each item
|clearpoke
|poke|p1|Annihilape, L50, M|
|poke|p1|Archaludon, L50, F|
|poke|p1|Sinistcha, L50|
|poke|p1|Pelipper, L50, F|
|poke|p1|Ursaluna, L50, F|
|poke|p1|Maushold-Four, L50|
|poke|p2|Arcanine, L50, F|
|poke|p2|Haxorus, L50, M|
|poke|p2|Sneasler, L50, M|
|poke|p2|Samurott-Hisui, L50, M|
|poke|p2|Gholdengo, L50|
|poke|p2|Amoonguss, L50, F|
|teampreview|4
|showteam|p1|Annihilape||Leftovers|Defiant|DrainPunch,RageFist,BulkUp,Protect|||M|||50|,,,,,Water]Archaludon||AssaultVest|Stamina|DracoMeteor,ElectroShot,Snarl,BodyPress|||F|||50|,,,,,Bug]Sinistcha||SitrusBerry|Hospitality|MatchaGotcha,RagePowder,LifeDew,Protect||||||50|,,,,,Water]Pelipper||FocusSash|Drizzle|WeatherBall,Protect,Tailwind,Hurricane|||F|||50|,,,,,Ghost]Ursaluna||FlameOrb|Guts|Facade,HeadlongRush,Earthquake,Protect|||F|||50|,,,,,Ghost]Maushold-Four||SafetyGoggles|FriendGuard|BeatUp,Taunt,FollowMe,Protect||||||50|,,,,,Ghost
|showteam|p2|Arcanine||MirrorHerb|Intimidate|ExtremeSpeed,FlareBlitz,Protect,WillOWisp|||F|||50|,,,,,Normal]Haxorus||ClearAmulet|MoldBreaker|DragonClaw,FirstImpression,IronHead,Protect|||M|||50|,,,,,Steel]Sneasler||FocusSash|Pressure|FakeOut,CloseCombat,DireClaw,Coaching|||M|||50|,,,,,Ghost]Samurott-Hisui||AssaultVest|Sharpness|AquaCutter,SacredSword,NightSlash,SuckerPunch|||M|||50|,,,,,Ghost]Gholdengo||ChoiceScarf|GoodasGold|MakeItRain,ShadowBall,Trick,Protect||||||50|,,,,,Steel]Amoonguss||CovertCloak|Regenerator|Spore,RagePowder,ClearSmog,Protect|||F|||50|,,,,,Electric
|inactive|Battle timer is ON: inactive players will automatically lose when time's up. (requested by FrancoilCieco777)
|inactive|PabloZH24 has 60 seconds left.
|
|t:|1756217132
|teamsize|p1|4
|teamsize|p2|4
|start
|switch|p1a: Archaludon|Archaludon, L50, F|100/100
|switch|p1b: Maushold|Maushold-Four, L50|100/100
|switch|p2a: Sneasler|Sneasler, L50, M|100/100
|switch|p2b: Haxorus|Haxorus, L50, M|100/100
|-ability|p2a: Sneasler|Pressure
|-ability|p2b: Haxorus|Mold Breaker
|turn|1
|inactive|PabloZH24 has 30 seconds left.
|inactive|FrancoilCieco777 has 30 seconds left.
|inactive|PabloZH24 has 20 seconds left.
|inactive|FrancoilCieco777 has 20 seconds left.
|inactive|PabloZH24 has 15 seconds left.
|inactive|FrancoilCieco777 has 15 seconds left.
|
|t:|1756217175
|-terastallize|p2b: Haxorus|Steel
|-terastallize|p1a: Archaludon|Bug
|move|p2a: Sneasler|Fake Out|p1b: Maushold
|-damage|p1b: Maushold|84/100
|cant|p1b: Maushold|flinch
|move|p2b: Haxorus|Dragon Claw|p1a: Archaludon
|-damage|p1a: Archaludon|68/100
|-ability|p1a: Archaludon|Stamina|boost
|-boost|p1a: Archaludon|def|1
|move|p1a: Archaludon|Body Press|p2b: Haxorus
|-supereffective|p2b: Haxorus
|-damage|p2b: Haxorus|21/100
|
|upkeep
|turn|2
|inactive|PabloZH24 has 30 seconds left.
|inactive|PabloZH24 has 20 seconds left.
|inactive|PabloZH24 has 15 seconds left.
|inactive|PabloZH24 has 10 seconds left.
|
|t:|1756217222
|switch|p2b: Amoonguss|Amoonguss, L50, F|100/100
|move|p2a: Sneasler|Close Combat|p1b: Maushold
|-supereffective|p1b: Maushold
|-damage|p1b: Maushold|0 fnt
|-unboost|p2a: Sneasler|def|1
|-unboost|p2a: Sneasler|spd|1
|faint|p1b: Maushold
|move|p1a: Archaludon|Body Press|p2a: Sneasler
|-resisted|p2a: Sneasler
|-damage|p2a: Sneasler|57/100
|
|upkeep
|
|t:|1756217233
|switch|p1b: Sinistcha|Sinistcha, L50|100/100
|-heal|p1a: Archaludon|93/100|[from] ability: Hospitality|[of] p1b: Sinistcha
|turn|3
|inactive|PabloZH24 has 30 seconds left.
|
|t:|1756217260
|switch|p2a: Gholdengo|Gholdengo, L50|100/100
|move|p1b: Sinistcha|Rage Powder|p1b: Sinistcha
|-singleturn|p1b: Sinistcha|move: Rage Powder
|move|p1a: Archaludon|Body Press|p2b: Amoonguss
|-resisted|p2b: Amoonguss
|-damage|p2b: Amoonguss|85/100
|move|p2b: Amoonguss|Spore|p1a: Archaludon
|-status|p1a: Archaludon|slp|[from] move: Spore
|
|upkeep
|turn|4
|inactive|PabloZH24 has 30 seconds left.
|
|t:|1756217288
|move|p2a: Gholdengo|Trick|p1a: Archaludon
|-activate|p2a: Gholdengo|move: Trick|[of] p1a: Archaludon
|-item|p1a: Archaludon|Choice Scarf|[from] move: Trick
|-item|p2a: Gholdengo|Assault Vest|[from] move: Trick
|cant|p1a: Archaludon|slp
|move|p1b: Sinistcha|Matcha Gotcha|p2b: Amoonguss|[spread] p2a,p2b
|-resisted|p2a: Gholdengo
|-resisted|p2b: Amoonguss
|-damage|p2a: Gholdengo|91/100
|-damage|p2b: Amoonguss|81/100
|move|p2b: Amoonguss|Clear Smog|p1a: Archaludon
|-damage|p1a: Archaludon|74/100 slp
|-clearboost|p1a: Archaludon
|-ability|p1a: Archaludon|Stamina|boost
|-boost|p1a: Archaludon|def|1
|
|upkeep
|turn|5
|inactive|PabloZH24 has 30 seconds left.
|
|t:|1756217319
|cant|p1a: Archaludon|slp
|move|p2a: Gholdengo|Shadow Ball|p1b: Sinistcha
|-supereffective|p1b: Sinistcha
|-damage|p1b: Sinistcha|8/100
|-enditem|p1b: Sinistcha|Sitrus Berry|[eat]
|-heal|p1b: Sinistcha|33/100|[from] item: Sitrus Berry
|move|p1b: Sinistcha|Matcha Gotcha|p2a: Gholdengo|[spread] p2a,p2b
|-resisted|p2a: Gholdengo
|-resisted|p2b: Amoonguss
|-damage|p2a: Gholdengo|81/100
|-heal|p1b: Sinistcha|38/100|[from] drain|[of] p2a: Gholdengo
|-damage|p2b: Amoonguss|76/100
|-heal|p1b: Sinistcha|41/100|[from] drain|[of] p2b: Amoonguss
|move|p2b: Amoonguss|Spore|p1a: Archaludon
|-fail|p1a: Archaludon|slp
|
|upkeep
|turn|6
|
|t:|1756217339
|-curestatus|p1a: Archaludon|slp|[msg]
|move|p1a: Archaludon|Draco Meteor|p2b: Amoonguss
|-damage|p2b: Amoonguss|29/100
|-unboost|p1a: Archaludon|spa|2
|move|p2a: Gholdengo|Make It Rain|p1b: Sinistcha|[spread] p1a,p1b
|-damage|p1a: Archaludon|20/100
|-damage|p1b: Sinistcha|0 fnt
|-unboost|p2a: Gholdengo|spa|1
|-ability|p1a: Archaludon|Stamina|boost
|-boost|p1a: Archaludon|def|1
|faint|p1b: Sinistcha
|move|p2b: Amoonguss|Spore|p1a: Archaludon
|-status|p1a: Archaludon|slp|[from] move: Spore
|
|upkeep
|
|t:|1756217353
|switch|p1b: Annihilape|Annihilape, L50, M|100/100
|turn|7
|
|t:|1756217363
|move|p1b: Annihilape|Protect|p1b: Annihilape
|-singleturn|p1b: Annihilape|Protect
|move|p2b: Amoonguss|Rage Powder|p2b: Amoonguss
|-singleturn|p2b: Amoonguss|move: Rage Powder
|cant|p1a: Archaludon|slp
|move|p2a: Gholdengo|Shadow Ball|p1a: Archaludon
|-damage|p1a: Archaludon|0 fnt
|faint|p1a: Archaludon
|
|upkeep
|turn|8
|
|t:|1756217378
|move|p2b: Amoonguss|Rage Powder|p2b: Amoonguss
|-singleturn|p2b: Amoonguss|move: Rage Powder
|move|p1b: Annihilape|Rage Fist|p2b: Amoonguss
|-damage|p2b: Amoonguss|13/100
|move|p2a: Gholdengo|Shadow Ball|p1b: Annihilape
|-supereffective|p1b: Annihilape
|-damage|p1b: Annihilape|49/100
|-unboost|p1b: Annihilape|spd|1
|-ability|p1b: Annihilape|Defiant|boost
|-boost|p1b: Annihilape|atk|2
|
|-heal|p1b: Annihilape|55/100|[from] item: Leftovers
|upkeep
|turn|9
|
|t:|1756217401
|move|p2b: Amoonguss|Rage Powder|p2b: Amoonguss
|-singleturn|p2b: Amoonguss|move: Rage Powder
|move|p1b: Annihilape|Drain Punch|p2b: Amoonguss
|-resisted|p2b: Amoonguss
|-damage|p2b: Amoonguss|0 fnt
|-heal|p1b: Annihilape|62/100|[from] drain|[of] p2b: Amoonguss
|faint|p2b: Amoonguss
|move|p2a: Gholdengo|Shadow Ball|p1b: Annihilape
|-supereffective|p1b: Annihilape
|-damage|p1b: Annihilape|0 fnt
|faint|p1b: Annihilape
|
|win|FrancoilCieco777
