|j|☆TheBigGibber
|j|☆helio list
|html|TheBigGibberhelio list    
|uhtml|bestof|Game 3 of a best-of-3
|t:|1754454098
|gametype|doubles
|player|p1|TheBigGibber|102|1308
|player|p2|helio list|pokemonbreederf|1357
|gen|9
|tier|[Gen 9] VGC 2025 Reg H (Bo3)
|rated|
|rule|Species Clause: Limit one of each Pokémon
|rule|Item Clause: Limit 1 of each item
|clearpoke
|poke|p1|Magmar, L50, F|
|poke|p1|Rillaboom, L50, M|
|poke|p1|Primarina, L50, F|
|poke|p1|Baxcalibur, L50, F|
|poke|p1|Kingambit, L50, M|
|poke|p1|Sneasler, L50, M|
|poke|p2|Rillaboom, L50, M|
|poke|p2|Sneasler, L50, F|
|poke|p2|Gholdengo, L50|
|poke|p2|Tatsugiri, L50, F|
|poke|p2|Dondozo, L50, F|
|poke|p2|Ninetales-Alola, L50, F|
|teampreview|4
|showteam|p1|Magmar||Eviolite|VitalSpirit|HeatWave,Taunt,FollowMe,Protect|||F|||50|,,,,,Ghost]Rillaboom||AssaultVest|GrassySurge|GrassyGlide,WoodHammer,HighHorsepower,FakeOut|||M|||50|,,,,,Water]Primarina||SitrusBerry|LiquidVoice|Moonblast,HyperVoice,Haze,Protect|||F|||50|,,,,,Water]Baxcalibur||LoadedDice|ThermalExchange|IcicleSpear,ScaleShot,IceShard,Protect|||F|||50|,,,,,Ghost]Kingambit||BlackGlasses|Defiant|KowtowCleave,SwordsDance,SuckerPunch,Protect|||M|||50|,,,,,Dark]Sneasler||FocusSash|Unburden|DireClaw,CloseCombat,Coaching,FakeOut|||M|||50|,,,,,Stellar
|showteam|p2|Rillaboom||AssaultVest|GrassySurge|FakeOut,WoodHammer,GrassyGlide,HighHorsepower|||M|||50|,,,,,Water]Sneasler||GrassySeed|Unburden|ThroatChop,DireClaw,CloseCombat,Protect|||F|||50|,,,,,Dark]Gholdengo||LifeOrb|GoodasGold|MakeItRain,ShadowBall,NastyPlot,Protect||||||50|,,,,,Water]Tatsugiri||ChoiceScarf|Commander|MuddyWater,IcyWind,DracoMeteor,DragonPulse|||F|||50|,,,,,Stellar]Dondozo||Leftovers|Unaware|OrderUp,Protect,Yawn,WaveCrash|||F|||50|,,,,,Steel]Ninetales-Alola||IciclePlate|SnowWarning|Blizzard,Protect,FreezeDry,Moonblast|||F|||50|,,,,,Ice
|inactive|Battle timer is ON: inactive players will automatically lose when time's up. (requested by helio list)
|inactive|TheBigGibber has 60 seconds left.
|
|t:|1754454151
|teamsize|p1|4
|teamsize|p2|4
|start
|switch|p1a: Rillaboom|Rillaboom, L50, M|100/100
|switch|p1b: Baxcalibur|Baxcalibur, L50, F|100/100
|switch|p2a: Rillaboom|Rillaboom, L50, M|100/100
|switch|p2b: Dondozo|Dondozo, L50, F|100/100
|-fieldstart|move: Grassy Terrain|[from] ability: Grassy Surge|[of] p2a: Rillaboom
|turn|1
|inactive|helio list has 30 seconds left.
|
|t:|1754454180
|-terastallize|p1b: Baxcalibur|Ghost
|-terastallize|p2b: Dondozo|Steel
|move|p2a: Rillaboom|Fake Out|p1b: Baxcalibur
|-immune|p1b: Baxcalibur
|move|p1a: Rillaboom|Fake Out|p2b: Dondozo
|-resisted|p2b: Dondozo
|-damage|p2b: Dondozo|96/100
|move|p1b: Baxcalibur|Icicle Spear|p2a: Rillaboom
|-supereffective|p2a: Rillaboom
|-damage|p2a: Rillaboom|67/100
|-supereffective|p2a: Rillaboom
|-damage|p2a: Rillaboom|37/100
|-supereffective|p2a: Rillaboom
|-damage|p2a: Rillaboom|8/100
|-supereffective|p2a: Rillaboom
|-damage|p2a: Rillaboom|0 fnt
|faint|p2a: Rillaboom
|-hitcount|p2: Rillaboom|4
|cant|p2b: Dondozo|flinch
|
|-heal|p2b: Dondozo|100/100|[from] Grassy Terrain
|upkeep
|
|t:|1754454191
|switch|p2a: Gholdengo|Gholdengo, L50|100/100
|turn|2
|
|t:|1754454205
|switch|p1b: Kingambit|Kingambit, L50, M|100/100
|move|p2a: Gholdengo|Protect|p2a: Gholdengo
|-singleturn|p2a: Gholdengo|Protect
|move|p1a: Rillaboom|High Horsepower|p2a: Gholdengo
|-activate|p2a: Gholdengo|move: Protect
|move|p2b: Dondozo|Yawn|p1a: Rillaboom
|-start|p1a: Rillaboom|move: Yawn|[of] p2b: Dondozo
|
|upkeep
|turn|3
|inactive|TheBigGibber has 30 seconds left.
|
|t:|1754454233
|switch|p2a: Sneasler|Sneasler, L50, F|100/100
|-enditem|p2a: Sneasler|Grassy Seed
|-boost|p2a: Sneasler|def|1|[from] item: Grassy Seed
|switch|p1a: Baxcalibur|Baxcalibur, L50, F, tera:Ghost|100/100
|move|p1b: Kingambit|Protect|p1b: Kingambit
|-singleturn|p1b: Kingambit|Protect
|move|p2b: Dondozo|Wave Crash|p1b: Kingambit
|-activate|p1b: Kingambit|move: Protect
|
|upkeep
|turn|4
|
|t:|1754454257
|switch|p1b: Rillaboom|Rillaboom, L50, M|100/100
|move|p2a: Sneasler|Close Combat|p1b: Rillaboom
|-damage|p1b: Rillaboom|41/100
|-unboost|p2a: Sneasler|def|1
|-unboost|p2a: Sneasler|spd|1
|move|p1a: Baxcalibur|Scale Shot|p2a: Sneasler
|-damage|p2a: Sneasler|73/100
|-damage|p2a: Sneasler|47/100
|-damage|p2a: Sneasler|18/100
|-crit|p2a: Sneasler
|-damage|p2a: Sneasler|0 fnt
|faint|p2a: Sneasler
|-hitcount|p2: Sneasler|4
|-unboost|p1a: Baxcalibur|def|1
|-boost|p1a: Baxcalibur|spe|1
|move|p2b: Dondozo|Yawn|p1a: Baxcalibur
|-start|p1a: Baxcalibur|move: Yawn|[of] p2b: Dondozo
|
|-heal|p1b: Rillaboom|47/100|[from] Grassy Terrain
|upkeep
|
|t:|1754454261
|switch|p2a: Gholdengo|Gholdengo, L50|100/100
|turn|5
|
|t:|1754454273
|switch|p1a: Kingambit|Kingambit, L50, M|100/100
|move|p1b: Rillaboom|Fake Out|p2b: Dondozo
|-resisted|p2b: Dondozo
|-damage|p2b: Dondozo|96/100
|move|p2a: Gholdengo|Make It Rain|p1a: Kingambit|[spread] p1a,p1b
|-resisted|p1a: Kingambit
|-damage|p1a: Kingambit|73/100
|-damage|p1b: Rillaboom|10/100
|-unboost|p2a: Gholdengo|spa|1
|-damage|p2a: Gholdengo|91/100|[from] item: Life Orb
|cant|p2b: Dondozo|flinch
|
|-heal|p2a: Gholdengo|97/100|[from] Grassy Terrain
|-heal|p1b: Rillaboom|16/100|[from] Grassy Terrain
|-heal|p2b: Dondozo|100/100|[from] Grassy Terrain
|-heal|p1a: Kingambit|79/100|[from] Grassy Terrain
|-fieldend|move: Grassy Terrain
|upkeep
|turn|6
|
|t:|1754454284
|move|p2a: Gholdengo|Protect|p2a: Gholdengo
|-singleturn|p2a: Gholdengo|Protect
|move|p1b: Rillaboom|High Horsepower|p2b: Dondozo
|-supereffective|p2b: Dondozo
|-damage|p2b: Dondozo|54/100
|move|p2b: Dondozo|Yawn|p1a: Kingambit
|-start|p1a: Kingambit|move: Yawn|[of] p2b: Dondozo
|move|p1a: Kingambit|Kowtow Cleave|p2b: Dondozo
|-damage|p2b: Dondozo|18/100
|
|-heal|p2b: Dondozo|25/100|[from] item: Leftovers
|upkeep
|turn|7
|
|t:|1754454304
|switch|p1b: Baxcalibur|Baxcalibur, L50, F, tera:Ghost|100/100
|move|p2a: Gholdengo|Nasty Plot|p2a: Gholdengo
|-boost|p2a: Gholdengo|spa|2
|move|p2b: Dondozo|Wave Crash|p1a: Kingambit
|-damage|p1a: Kingambit|44/100
|-damage|p2b: Dondozo|15/100|[from] Recoil
|move|p1a: Kingambit|Kowtow Cleave|p2a: Gholdengo
|-supereffective|p2a: Gholdengo
|-damage|p2a: Gholdengo|0 fnt
|faint|p2a: Gholdengo
|
|-heal|p2b: Dondozo|21/100|[from] item: Leftovers
|-end|p1a: Kingambit|move: Yawn|[silent]
|-status|p1a: Kingambit|slp
|upkeep
|turn|8
|-message|helio list forfeited.
|
|win|TheBigGibber
|raw|TheBigGibber's rating: 1308 → 1331(+23 for winning)
|raw|helio list's rating: 1357 → 1334(-23 for losing)
|l|☆helio list
|player|p2|
