|j|☆jacre22
|j|☆TheLackluster7
|html|jacre22TheLackluster7    
|uhtml|bestof|Game 1 of a best-of-3
|t:|1756182893
|gametype|doubles
|player|p1|jacre22|iris-gen5bw2|1264
|player|p2|TheLackluster7|juggler|1219
|gen|9
|tier|[Gen 9] VGC 2025 Reg H (Bo3)
|rated|
|rule|Species Clause: Limit one of each Pokémon
|rule|Item Clause: Limit 1 of each item
|clearpoke
|poke|p1|Whimsicott, L50, F|
|poke|p1|Garchomp, L50, M|
|poke|p1|Gholdengo, L50|
|poke|p1|Incineroar, L50, M|
|poke|p1|Sneasler, L50, M|
|poke|p1|Dragonite, L50, F|
|poke|p2|Indeedee-F, L50, F|
|poke|p2|Armarouge, L50, M|
|poke|p2|Zoroark-Hisui, L50, F|
|poke|p2|Abomasnow, L50, M|
|poke|p2|Sneasler, L50, F|
|poke|p2|Ursaluna-Bloodmoon, L50, M|
|teampreview|4
|showteam|p1|Whimsicott||FocusSash|Prankster|Moonblast,Tailwind,Encore,Protect|||F|||50|,,,,,Ghost]Garchomp||LifeOrb|RoughSkin|Earthquake,DragonClaw,StompingTantrum,Protect|||M|||50|,,,,,Ground]Gholdengo||ChoiceSpecs|GoodasGold|MakeItRain,ShadowBall,Trick,PowerGem||||||50|,,,,,Steel]Incineroar||AssaultVest|Intimidate|FakeOut,FlareBlitz,KnockOff,Uturn|||M|||50|,,,,,Grass]Sneasler||WhiteHerb|Unburden|FakeOut,DireClaw,CloseCombat,Protect|||M|||50|,,,,,Stellar]Dragonite||ChoiceBand|InnerFocus|ExtremeSpeed,Outrage,IceSpinner,StompingTantrum|||F|||50|,,,,,Normal
|showteam|p2|Indeedee-F||MentalHerb|PsychicSurge|Psychic,HelpingHand,FollowMe,TrickRoom|||F|||50|,,,,,Steel]Armarouge||SafetyGoggles|FlashFire|WideGuard,ExpandingForce,TrickRoom,Taunt|||M|||50|,,,,,Grass]Zoroark-Hisui||FocusSash|Illusion|NastyPlot,HyperVoice,ShadowBall,Protect|||F|||50|,,,,,Stellar]Abomasnow||SitrusBerry|SnowWarning|Blizzard,GigaDrain,EarthPower,Protect|||M|||50|,,,,,Water]Sneasler||PsychicSeed|Unburden|ThroatChop,DireClaw,CloseCombat,Protect|||F|||50|,,,,,Dark]Ursaluna-Bloodmoon||LifeOrb|MindsEye|HyperVoice,BloodMoon,EarthPower,Protect|||M|||50|,,,,,Ghost
|
|t:|1756182955
|teamsize|p1|4
|teamsize|p2|4
|start
|switch|p1a: Whimsicott|Whimsicott, L50, F|100/100
|switch|p1b: Gholdengo|Gholdengo, L50|100/100
|switch|p2a: Armarouge|Armarouge, L50, M|100/100
|switch|p2b: Ursaluna|Ursaluna-Bloodmoon, L50, M|100/100
|turn|1
|
|t:|1756183022
|-terastallize|p2a: Armarouge|Grass
|move|p2a: Armarouge|Wide Guard|p2a: Armarouge
|-singleturn|p2a: Armarouge|Wide Guard
|move|p1a: Whimsicott|Moonblast|p2a: Armarouge
|-damage|p2a: Armarouge|68/100
|move|p1b: Gholdengo|Power Gem|p2a: Armarouge
|-damage|p2a: Armarouge|19/100
|move|p2b: Ursaluna|Earth Power|p1b: Gholdengo
|-supereffective|p1b: Gholdengo
|-damage|p1b: Gholdengo|0 fnt
|faint|p1b: Gholdengo
|-damage|p2b: Ursaluna|90/100|[from] item: Life Orb
|
|upkeep
|
|t:|1756183038
|switch|p1b: Dragonite|Dragonite, L50, F|100/100
|turn|2
|
|t:|1756183055
|switch|p2b: Indeedee|Indeedee-F, L50, F|100/100
|-fieldstart|move: Psychic Terrain|[from] ability: Psychic Surge|[of] p2b: Indeedee
|move|p1a: Whimsicott|Moonblast|p2a: Armarouge
|-damage|p2a: Armarouge|0 fnt
|faint|p2a: Armarouge
|move|p1b: Dragonite|Outrage|p2b: Indeedee
|-damage|p2b: Indeedee|0 fnt
|faint|p2b: Indeedee
|
|upkeep
|
|t:|1756183065
|switch|p2b: Sneasler|Sneasler, L50, F|100/100
|switch|p2a: Ursaluna|Ursaluna-Bloodmoon, L50, M|90/100
|-enditem|p2b: Sneasler|Psychic Seed
|-boost|p2b: Sneasler|spd|1|[from] item: Psychic Seed
|turn|3
|
|t:|1756183091
|switch|p1a: Incineroar|Incineroar, L50, M|100/100
|-ability|p1a: Incineroar|Intimidate|boost
|-unboost|p2a: Ursaluna|atk|1
|-unboost|p2b: Sneasler|atk|1
|move|p2b: Sneasler|Protect|p2b: Sneasler
|-singleturn|p2b: Sneasler|Protect
|move|p1b: Dragonite|Outrage|p2b: Sneasler|[from] lockedmove
|-activate|p2b: Sneasler|move: Protect
|move|p2a: Ursaluna|Hyper Voice|p1a: Incineroar|[spread] p1a,p1b
|-damage|p1a: Incineroar|66/100
|-damage|p1b: Dragonite|49/100
|-damage|p2a: Ursaluna|80/100|[from] item: Life Orb
|
|upkeep
|turn|4
|
|t:|1756183114
|move|p2b: Sneasler|Dire Claw|p1b: Dragonite
|-damage|p1b: Dragonite|22/100
|move|p1b: Dragonite|Outrage|p2b: Sneasler
|-damage|p2b: Sneasler|0 fnt
|faint|p2b: Sneasler
|move|p1a: Incineroar|Knock Off|p2a: Ursaluna
|-damage|p2a: Ursaluna|46/100
|-enditem|p2a: Ursaluna|Life Orb|[from] move: Knock Off|[of] p1a: Incineroar
|move|p2a: Ursaluna|Earth Power|p1a: Incineroar
|-supereffective|p1a: Incineroar
|-damage|p1a: Incineroar|0 fnt
|faint|p1a: Incineroar
|
|upkeep
|
|t:|1756183127
|switch|p1a: Whimsicott|Whimsicott, L50, F|100/100
|turn|5
|
|t:|1756183131
|move|p1a: Whimsicott|Moonblast|p2a: Ursaluna
|-damage|p2a: Ursaluna|5/100
|-unboost|p2a: Ursaluna|spa|1
|move|p1b: Dragonite|Outrage|p2a: Ursaluna|[from] lockedmove
|-damage|p2a: Ursaluna|0 fnt
|faint|p2a: Ursaluna
|-start|p1b: Dragonite|confusion|[fatigue]
|
|win|jacre22
||jacre22 is ready for game 2.
||TheLackluster7 is ready for game 2.
|uhtml|next|Next: Game 2 of 3
|l|☆TheLackluster7
|player|p2|
