|j|☆weejx
|j|☆arrascaxeira
|html|weejxarrascaxeira    
|uhtml|bestof|Game 1 of a best-of-3
|t:|1756568772
|gametype|doubles
|player|p1|weejx|colress|1107
|player|p2|arrascaxeira|169|1178
|gen|9
|tier|[Gen 9] VGC 2025 Reg H (Bo3)
|rated|
|rule|Species Clause: Limit one of each Pokémon
|rule|Item Clause: Limit 1 of each item
|clearpoke
|poke|p1|Tyranitar, L50, F|
|poke|p1|Kommo-o, L50, F|
|poke|p1|Primarina, L50, M|
|poke|p1|Corviknight, L50, F|
|poke|p1|Volcarona, L50, M|
|poke|p1|Sinistcha, L50|
|poke|p2|Gholdengo, L50|
|poke|p2|Rillaboom, L50, M|
|poke|p2|Tauros-Paldea-Aqua, L50, M|
|poke|p2|Dragonite, L50, M|
|poke|p2|Clefable, L50, M|
|poke|p2|Incineroar, L50, F|
|teampreview|4
|showteam|p1|Tyranitar||AssaultVest|SandStream|KnockOff,LowKick,RockSlide,TeraBlast|||F|||50|,,,,,Flying]Kommo-o||Leftovers|Overcoat|BodyPress,IronDefense,ThroatChop,Protect|||F|||50|,,,,,Steel]Primarina||MysticWater|LiquidVoice|Haze,Moonblast,HyperVoice,Protect|||M|||50|,,,,,Ghost]Corviknight||SitrusBerry|MirrorArmor|BraveBird,BulkUp,Roost,Tailwind|||F|||50|,,,,,Ghost]Volcarona||CovertCloak|FlameBody|HeatWave,Protect,RagePowder,StruggleBug|||M|||50|,,,,,Dragon]Sinistcha||RockyHelmet|Hospitality|Protect,MatchaGotcha,RagePowder,ShadowBall||||||50|,,,,,Water
|showteam|p2|Gholdengo||GrassySeed|GoodasGold|NastyPlot,MakeItRain,ShadowBall,Protect||||||50|,,,,,Water]Rillaboom||AssaultVest|GrassySurge|FakeOut,GrassyGlide,HighHorsepower,WoodHammer|||M|||50|,,,,,Fire]Tauros-Paldea-Aqua||MirrorHerb|Intimidate|WaveCrash,CloseCombat,AquaJet,Protect|||M|||50|,,,,,Grass]Dragonite||LoadedDice|Multiscale|ScaleShot,Haze,StompingTantrum,Protect|||M|||50|,,,,,Fairy]Clefable||RockyHelmet|Unaware|Moonblast,FollowMe,IcyWind,Protect|||M|||50|,,,,,Electric]Incineroar||SafetyGoggles|Intimidate|FakeOut,PartingShot,KnockOff,FlareBlitz|||F|||50|,,,,,Bug
|
|t:|1756568827
|teamsize|p1|4
|teamsize|p2|4
|start
|switch|p1a: Heat Lamp|Volcarona, L50, M|100/100
|switch|p1b: Knife|Corviknight, L50, F|100/100
|switch|p2a: Dragonite|Dragonite, L50, M|100/100
|switch|p2b: Tauros|Tauros-Paldea-Aqua, L50, M|100/100
|-ability|p2b: Tauros|Intimidate|boost
|-unboost|p1a: Heat Lamp|atk|1
|-ability|p1b: Knife|Mirror Armor
|-unboost|p2b: Tauros|atk|1
|turn|1
|
|t:|1756568846
|switch|p1a: Sink|Primarina, L50, M|100/100
|move|p2b: Tauros|Close Combat|p1b: Knife
|-damage|p1b: Knife|69/100
|-unboost|p2b: Tauros|def|1
|-unboost|p2b: Tauros|spd|1
|move|p2a: Dragonite|Scale Shot|p1a: Sink
|-immune|p1a: Sink
|move|p1b: Knife|Tailwind|p1b: Knife
|-sidestart|p1: weejx|move: Tailwind
|
|upkeep
|turn|2
|
|t:|1756568865
|switch|p2a: Rillaboom|Rillaboom, L50, M|100/100
|-fieldstart|move: Grassy Terrain|[from] ability: Grassy Surge|[of] p2a: Rillaboom
|move|p2b: Tauros|Protect|p2b: Tauros
|-singleturn|p2b: Tauros|Protect
|move|p1b: Knife|Brave Bird|p2a: Rillaboom
|-supereffective|p2a: Rillaboom
|-damage|p2a: Rillaboom|19/100
|-damage|p1b: Knife|43/100|[from] Recoil
|-enditem|p1b: Knife|Sitrus Berry|[eat]
|-heal|p1b: Knife|68/100|[from] item: Sitrus Berry
|move|p1a: Sink|Moonblast|p2b: Tauros
|-activate|p2b: Tauros|move: Protect
|
|-heal|p2a: Rillaboom|25/100|[from] Grassy Terrain
|upkeep
|turn|3
|
|t:|1756568878
|switch|p2b: Gholdengo|Gholdengo, L50|100/100
|-enditem|p2b: Gholdengo|Grassy Seed
|-boost|p2b: Gholdengo|def|1|[from] item: Grassy Seed
|move|p1a: Sink|Protect|p1a: Sink
|-singleturn|p1a: Sink|Protect
|move|p2a: Rillaboom|Fake Out|p1b: Knife
|-resisted|p1b: Knife
|-damage|p1b: Knife|62/100
|cant|p1b: Knife|flinch
|
|-heal|p2a: Rillaboom|31/100|[from] Grassy Terrain
|upkeep
|turn|4
|
|t:|1756568894
|switch|p1a: Heat Lamp|Volcarona, L50, M|100/100
|move|p2a: Rillaboom|Grassy Glide|p1a: Heat Lamp
|-resisted|p1a: Heat Lamp
|-damage|p1a: Heat Lamp|90/100
|move|p1b: Knife|Brave Bird|p2a: Rillaboom
|-supereffective|p2a: Rillaboom
|-damage|p2a: Rillaboom|0 fnt
|faint|p2a: Rillaboom
|-damage|p1b: Knife|52/100|[from] Recoil
|move|p2b: Gholdengo|Nasty Plot|p2b: Gholdengo
|-boost|p2b: Gholdengo|spa|2
|
|-heal|p1a: Heat Lamp|96/100|[from] Grassy Terrain
|-sideend|p1: weejx|move: Tailwind
|upkeep
|
|t:|1756568902
|switch|p2a: Dragonite|Dragonite, L50, M|100/100
|turn|5
|
|t:|1756568913
|-terastallize|p2b: Gholdengo|Water
|move|p1a: Heat Lamp|Heat Wave|p2a: Dragonite|[spread] p2a
|-miss|p1a: Heat Lamp|p2b: Gholdengo
|-resisted|p2a: Dragonite
|-damage|p2a: Dragonite|92/100
|-status|p2a: Dragonite|brn
|move|p2a: Dragonite|Scale Shot|p1a: Heat Lamp
|-damage|p1a: Heat Lamp|88/100
|-damage|p1a: Heat Lamp|79/100
|-damage|p1a: Heat Lamp|70/100
|-damage|p1a: Heat Lamp|61/100
|-hitcount|p1a: Heat Lamp|4
|-unboost|p2a: Dragonite|def|1
|-boost|p2a: Dragonite|spe|1
|move|p2b: Gholdengo|Shadow Ball|p1b: Knife
|-damage|p1b: Knife|0 fnt
|faint|p1b: Knife
|
|-heal|p1a: Heat Lamp|67/100|[from] Grassy Terrain
|-damage|p2a: Dragonite|86/100 brn|[from] brn
|upkeep
|
|t:|1756568931
|switch|p1b: Sink|Primarina, L50, M|100/100
|turn|6
|
|t:|1756568949
|move|p1a: Heat Lamp|Rage Powder|p1a: Heat Lamp
|-singleturn|p1a: Heat Lamp|move: Rage Powder
|move|p2a: Dragonite|Scale Shot|p1a: Heat Lamp
|-damage|p1a: Heat Lamp|59/100
|-damage|p1a: Heat Lamp|52/100
|-damage|p1a: Heat Lamp|43/100
|-damage|p1a: Heat Lamp|33/100
|-hitcount|p1a: Heat Lamp|4
|-unboost|p2a: Dragonite|def|1
|-boost|p2a: Dragonite|spe|1
|move|p2b: Gholdengo|Nasty Plot|p2b: Gholdengo
|-boost|p2b: Gholdengo|spa|2
|move|p1b: Sink|Haze|p1b: Sink
|-clearallboost
|
|-heal|p1a: Heat Lamp|40/100|[from] Grassy Terrain
|-damage|p2a: Dragonite|80/100 brn|[from] brn
|-fieldend|move: Grassy Terrain
|upkeep
|turn|7
|
|t:|1756568966
|move|p1a: Heat Lamp|Struggle Bug|p2b: Gholdengo|[spread] p2a,p2b
|-resisted|p2a: Dragonite
|-damage|p2a: Dragonite|71/100 brn
|-damage|p2b: Gholdengo|82/100
|-unboost|p2a: Dragonite|spa|1
|-unboost|p2b: Gholdengo|spa|1
|move|p2a: Dragonite|Scale Shot|p1a: Heat Lamp
|-damage|p1a: Heat Lamp|30/100
|-damage|p1a: Heat Lamp|21/100
|-crit|p1a: Heat Lamp
|-damage|p1a: Heat Lamp|7/100
|-damage|p1a: Heat Lamp|0 fnt
|faint|p1a: Heat Lamp
|-hitcount|p1: Heat Lamp|4
|-unboost|p2a: Dragonite|def|1
|-boost|p2a: Dragonite|spe|1
|move|p2b: Gholdengo|Make It Rain|p1b: Sink
|-damage|p1b: Sink|68/100
|-unboost|p2b: Gholdengo|spa|1
|move|p1b: Sink|Moonblast|p2b: Gholdengo
|-damage|p2b: Gholdengo|34/100
|-unboost|p2b: Gholdengo|spa|1
|
|-damage|p2a: Dragonite|65/100 brn|[from] brn
|upkeep
|
|t:|1756568986
|switch|p1a: Blender|Tyranitar, L50, F|100/100
|-weather|Sandstorm|[from] ability: Sand Stream|[of] p1a: Blender
|turn|8
|
|t:|1756568998
|-terastallize|p1a: Blender|Flying
|move|p2a: Dragonite|Haze|p2a: Dragonite
|-clearallboost
|move|p2b: Gholdengo|Make It Rain|p1b: Sink|[spread] p1a,p1b
|-damage|p1a: Blender|73/100
|-damage|p1b: Sink|27/100
|-unboost|p2b: Gholdengo|spa|1
|move|p1a: Blender|Tera Blast|p2b: Gholdengo|[anim] Tera Blast Flying
|-damage|p2b: Gholdengo|0 fnt
|faint|p2b: Gholdengo
|move|p1b: Sink|Moonblast|p2a: Dragonite
|-supereffective|p2a: Dragonite
|-damage|p2a: Dragonite|0 fnt
|faint|p2a: Dragonite
|
|-weather|Sandstorm|[upkeep]
|-damage|p1a: Blender|68/100|[from] Sandstorm
|-damage|p1b: Sink|21/100|[from] Sandstorm
|upkeep
|
|t:|1756569003
|switch|p2b: Tauros|Tauros-Paldea-Aqua, L50, M|100/100
|-ability|p2b: Tauros|Intimidate|boost
|-unboost|p1a: Blender|atk|1
|-unboost|p1b: Sink|atk|1
|turn|9
|
|t:|1756569016
|move|p2b: Tauros|Protect|p2b: Tauros
|-singleturn|p2b: Tauros|Protect
|move|p1a: Blender|Tera Blast|p2b: Tauros|[anim] Tera Blast Flying
|-activate|p2b: Tauros|move: Protect
|move|p1b: Sink|Moonblast|p2b: Tauros
|-activate|p2b: Tauros|move: Protect
|
|-weather|Sandstorm|[upkeep]
|-damage|p2b: Tauros|94/100|[from] Sandstorm
|-damage|p1a: Blender|62/100|[from] Sandstorm
|-damage|p1b: Sink|15/100|[from] Sandstorm
|upkeep
|turn|10
|
|t:|1756569026
|move|p2b: Tauros|Wave Crash|p1b: Sink
|-resisted|p1b: Sink
|-damage|p1b: Sink|0 fnt
|faint|p1b: Sink
|-damage|p2b: Tauros|89/100|[from] Recoil
|move|p1a: Blender|Tera Blast|p2b: Tauros|[anim] Tera Blast Flying
|-supereffective|p2b: Tauros
|-damage|p2b: Tauros|24/100
|
|-weather|Sandstorm|[upkeep]
|-damage|p2b: Tauros|17/100|[from] Sandstorm
|-damage|p1a: Blender|56/100|[from] Sandstorm
|upkeep
|turn|11
|
|t:|1756569036
|move|p2b: Tauros|Protect|p2b: Tauros
|-singleturn|p2b: Tauros|Protect
|move|p1a: Blender|Tera Blast|p2b: Tauros|[anim] Tera Blast Flying
|-activate|p2b: Tauros|move: Protect
|
|-weather|Sandstorm|[upkeep]
|-damage|p2b: Tauros|11/100|[from] Sandstorm
|-damage|p1a: Blender|50/100|[from] Sandstorm
|upkeep
|turn|12
|
|t:|1756569039
|move|p2b: Tauros|Wave Crash|p1a: Blender
|-damage|p1a: Blender|2/100
|-damage|p2b: Tauros|0 fnt|[from] Recoil
|faint|p2b: Tauros
|
|win|weejx
||arrascaxeira is ready for game 2.
