|j|☆VerdantVirizion
|j|☆standardamerican
|html|VerdantVirizionstandardamerican    
|uhtml|bestof|Game 2 of a best-of-3
|t:|1784798826
|gametype|doubles
|player|p1|VerdantVirizion|acetrainerf|1118
|player|p2|standardamerican|169|1173
|gen|9
|tier|[Gen 9 Champions] VGC 2026 Reg M-B (Bo3)
|rated|
|rule|Species Clause: Limit one of each Pokémon
|rule|Item Clause: Limit 1 of each item
|clearpoke
|poke|p1|Mawile, L50, F, shiny|
|poke|p1|Dragonite, L50, M, shiny|
|poke|p1|Farigiraf, L50, M|
|poke|p1|Pelipper, L50, M, shiny|
|poke|p1|Sneasler, L50, F|
|poke|p1|Mamoswine, L50, F|
|poke|p2|Sinistcha, L50|
|poke|p2|Incineroar, L50, F|
|poke|p2|Milotic, L50, F|
|poke|p2|Raichu, L50, F|
|poke|p2|Gardevoir, L50, F|
|poke|p2|Ceruledge, L50, M|
|teampreview|4
|showteam|p1|Mawile||Mawilite|HyperCutter|PlayRough,SuckerPunch,SwordsDance,Protect|Adamant||F|||50|]Dragonite||Dragoninite|Multiscale|DragonPulse,Thunderbolt,Hurricane,Protect|Modest||M|||50|]Farigiraf||ColburBerry|ArmorTail|Psychic,TrickRoom,HelpingHand,GrassKnot|Calm||M|||50|]Pelipper||SitrusBerry|Drizzle|WeatherBall,Tailwind,WideGuard,Hurricane|Modest||M|||50|]Sneasler||FocusSash|PoisonTouch|PoisonJab,CloseCombat,FakeOut,Protect|Jolly||F|||50|]Mamoswine||LifeOrb|Oblivious|HighHorsepower,IceShard,IcicleCrash,Protect|Adamant||F|||50|
|showteam|p2|Sinistcha||KasibBerry|Hospitality|MatchaGotcha,Imprison,RagePowder,Protect|Bold|||||50|]Incineroar||SitrusBerry|Intimidate|FlareBlitz,DarkestLariat,FakeOut,PartingShot|Careful||F|||50|]Milotic||Leftovers|Competitive|MuddyWater,Coil,Hypnosis,Protect|Calm||F|||50|]Raichu||RaichuniteY|LightningRod|ZapCannon,FocusBlast,FakeOut,Protect|Timid||F|||50|]Gardevoir||Gardevoirite|Trace|HyperVoice,Psyshock,TrickRoom,Protect|Modest||F|||50|]Ceruledge||ColburBerry|FlashFire|BitterBlade,ShadowSneak,BulkUp,Protect|Adamant||M|||50|
|inactive|Battle timer is ON: inactive players will automatically lose when time's up. (requested by VerdantVirizion)
|inactive|VerdantVirizion has 60 seconds left.
|inactive|VerdantVirizion has 30 seconds left.
|inactive|VerdantVirizion has 20 seconds left.
|inactive|VerdantVirizion has 15 seconds left.
|
|t:|1784798961
|teamsize|p1|4
|teamsize|p2|4
|start
|switch|p1a: Uzi|Dragonite, L50, M, shiny|100/100
|switch|p1b: Dagger|Sneasler, L50, F|100/100
|switch|p2a: Incineroar|Incineroar, L50, F|100/100
|switch|p2b: Raichu|Raichu, L50, F|100/100
|-ability|p2a: Incineroar|Intimidate|boost
|-unboost|p1a: Uzi|atk|1
|-unboost|p1b: Dagger|atk|1
|turn|1
|inactive|standardamerican has 30 seconds left.
|
|t:|1784798987
|detailschange|p2b: Raichu|Raichu-Mega-Y, L50, F
|-mega|p2b: Raichu|Raichu|Raichunite Y
|move|p1b: Dagger|Protect|p1b: Dagger
|-singleturn|p1b: Dagger|Protect
|move|p1a: Uzi|Protect|p1a: Uzi
|-singleturn|p1a: Uzi|Protect
|move|p2b: Raichu|Fake Out|p1b: Dagger
|-activate|p1b: Dagger|move: Protect
|move|p2a: Incineroar|Fake Out|p1a: Uzi
|-activate|p1a: Uzi|move: Protect
|
|upkeep
|turn|2
|inactive|VerdantVirizion has 30 seconds left.
|
|t:|1784799015
|switch|p2a: Sinistcha|Sinistcha, L50|100/100
|detailschange|p1a: Uzi|Dragonite-Mega, L50, M, shiny
|-mega|p1a: Uzi|Dragonite|Dragoninite
|move|p2b: Raichu|Zap Cannon|p1a: Uzi
|-damage|p1a: Uzi|74/100
|-status|p1a: Uzi|par
|move|p1b: Dagger|Close Combat|p2a: Sinistcha
|-immune|p2a: Sinistcha
|move|p1a: Uzi|Dragon Pulse|p2a: Sinistcha
|-damage|p2a: Sinistcha|49/100
|
|upkeep
|turn|3
|inactive|VerdantVirizion has 30 seconds left.
|inactive|standardamerican has 30 seconds left.
|inactive|standardamerican has 20 seconds left.
|
|t:|1784799053
|switch|p2a: Incineroar|Incineroar, L50, F|100/100
|-ability|p2a: Incineroar|Intimidate|boost
|-unboost|p1a: Uzi|atk|1
|-unboost|p1b: Dagger|atk|1
|move|p1b: Dagger|Protect|p1b: Dagger
|-singleturn|p1b: Dagger|Protect
|move|p2b: Raichu|Zap Cannon|p1b: Dagger
|-activate|p1b: Dagger|move: Protect
|cant|p1a: Uzi|par
|
|upkeep
|turn|4
|
|t:|1784799075
|switch|p1b: Peridot|Pelipper, L50, M, shiny|100/100
|-weather|RainDance|[from] ability: Drizzle|[of] p1b: Peridot
|switch|p1a: Mamoswine|Mamoswine, L50, F|100/100
|move|p2a: Incineroar|Fake Out|p1b: Peridot
|-damage|p1b: Peridot|88/100
|move|p2b: Raichu|Zap Cannon|p1a: Mamoswine
|-immune|p1a: Mamoswine
|
|-weather|RainDance|[upkeep]
|upkeep
|turn|5
|inactive|VerdantVirizion has 30 seconds left.
|inactive|standardamerican has 30 seconds left.
|inactive|standardamerican has 20 seconds left.
|inactive|standardamerican has 15 seconds left.
|
|t:|1784799119
|switch|p2a: Sinistcha|Sinistcha, L50|49/100
|move|p2b: Raichu|Focus Blast|p1a: Mamoswine
|-supereffective|p1a: Mamoswine|1
|-damage|p1a: Mamoswine|0 fnt
|faint|p1a: Mamoswine
|move|p1b: Peridot|Weather Ball|p2a: Sinistcha
|-resisted|p2a: Sinistcha|1
|-damage|p2a: Sinistcha|20/100y
|
|-weather|RainDance|[upkeep]
|upkeep
|
|t:|1784799133
|switch|p1a: Uzi|Dragonite-Mega, L50, M, shiny|74/100 par
|turn|6
|inactive|standardamerican has 30 seconds left.
|inactive|standardamerican has 20 seconds left.
|inactive|standardamerican has 15 seconds left.
|
|t:|1784799177
|switch|p1b: Dagger|Sneasler, L50, F|100/100
|move|p2a: Sinistcha|Protect|p2a: Sinistcha
|-singleturn|p2a: Sinistcha|Protect
|move|p2b: Raichu|Zap Cannon|p1b: Dagger
|-damage|p1b: Dagger|17/100
|-status|p1b: Dagger|par
|move|p1a: Uzi|Dragon Pulse|p2b: Raichu
|-damage|p2b: Raichu|32/100
|
|-weather|RainDance|[upkeep]
|upkeep
|turn|7
|
|t:|1784799194
|switch|p2a: Incineroar|Incineroar, L50, F|100/100
|-ability|p2a: Incineroar|Intimidate|boost
|-unboost|p1a: Uzi|atk|1
|-unboost|p1b: Dagger|atk|1
|move|p2b: Raichu|Protect|p2b: Raichu
|-singleturn|p2b: Raichu|Protect
|move|p1b: Dagger|Fake Out|p2b: Raichu
|-activate|p2b: Raichu|move: Protect
|move|p1a: Uzi|Hurricane|p2a: Incineroar
|-damage|p2a: Incineroar|50/100g
|
|-weather|RainDance|[upkeep]
|upkeep
|turn|8
|inactive|VerdantVirizion has 30 seconds left.
|inactive|standardamerican has 30 seconds left.
|
|t:|1784799222
|switch|p2a: Sinistcha|Sinistcha, L50|20/100y
|-heal|p2b: Raichu|57/100|[from] ability: Hospitality|[of] p2a: Sinistcha
|move|p1b: Dagger|Protect|p1b: Dagger
|-singleturn|p1b: Dagger|Protect
|move|p2b: Raichu|Zap Cannon|p1a: Uzi
|-damage|p1a: Uzi|29/100 par
|move|p1a: Uzi|Dragon Pulse|p2b: Raichu
|-damage|p2b: Raichu|0 fnt
|faint|p2b: Raichu
|
|-weather|none
|upkeep
|
|t:|1784799247
|switch|p2b: Milotic|Milotic, L50, F|100/100
|turn|9
|
|t:|1784799268
|switch|p2a: Incineroar|Incineroar, L50, F|50/100g
|-ability|p2a: Incineroar|Intimidate|boost
|-unboost|p1a: Uzi|atk|1
|-unboost|p1b: Dagger|atk|1
|move|p2b: Milotic|Coil|p2b: Milotic
|-boost|p2b: Milotic|atk|1
|-boost|p2b: Milotic|def|1
|-boost|p2b: Milotic|accuracy|1
|move|p1b: Dagger|Poison Jab|p2b: Milotic
|-damage|p2b: Milotic|88/100
|move|p1a: Uzi|Thunderbolt|p2b: Milotic
|-supereffective|p2b: Milotic|1
|-damage|p2b: Milotic|35/100
|
|-heal|p2b: Milotic|41/100|[from] item: Leftovers
|upkeep
|turn|10
|
|t:|1784799285
|switch|p2a: Sinistcha|Sinistcha, L50|20/100y
|-heal|p2b: Milotic|66/100|[from] ability: Hospitality|[of] p2a: Sinistcha
|move|p2b: Milotic|Protect|p2b: Milotic
|-singleturn|p2b: Milotic|Protect
|move|p1b: Dagger|Protect|p1b: Dagger
|-singleturn|p1b: Dagger|Protect
|move|p1a: Uzi|Protect||[still]
|-fail|p1a: Uzi
|
|-heal|p2b: Milotic|72/100|[from] item: Leftovers
|upkeep
|turn|11
|
|t:|1784799309
|switch|p2a: Incineroar|Incineroar, L50, F|50/100g
|-ability|p2a: Incineroar|Intimidate|boost
|-unboost|p1a: Uzi|atk|1
|-unboost|p1b: Dagger|atk|1
|move|p2b: Milotic|Muddy Water|p1a: Uzi|[spread] p1a,p1b
|-resisted|p1a: Uzi|1
|-damage|p1a: Uzi|20/100y par
|-damage|p1b: Dagger|0 fnt
|faint|p1b: Dagger
|move|p1a: Uzi|Thunderbolt|p2b: Milotic
|-supereffective|p2b: Milotic|1
|-damage|p2b: Milotic|22/100
|
|-heal|p2b: Milotic|28/100|[from] item: Leftovers
|upkeep
|-message|VerdantVirizion forfeited.
|raw|VerdantVirizion's rating: 1118 → 1097(-21 for losing)
|raw|standardamerican's rating: 1173 → 1194(+21 for winning)
|
|win|standardamerican
|l|☆VerdantVirizion
|player|p1|
