|j|☆Divine Monkey King
|j|☆gameboys7531
|html|Divine Monkey Kinggameboys7531    
|uhtml|bestof|Game 1 of a best-of-3
|t:|1783790862
|gametype|doubles
|player|p1|Divine Monkey King|2|1079
|player|p2|gameboys7531|veteran|1044
|gen|9
|tier|[Gen 9 Champions] VGC 2026 Reg M-B (Bo3)
|rated|
|rule|Species Clause: Limit one of each Pokémon
|rule|Item Clause: Limit 1 of each item
|clearpoke
|poke|p1|Tyranitar, L50, M, shiny|
|poke|p1|Aerodactyl, L50, M, shiny|
|poke|p1|Pelipper, L50, M, shiny|
|poke|p1|Basculegion, L50, M, shiny|
|poke|p1|Beedrill, L50, M, shiny|
|poke|p1|Annihilape, L50, M, shiny|
|poke|p2|Raichu, L50, F|
|poke|p2|Jolteon, L50, M, shiny|
|poke|p2|Camerupt, L50, F|
|poke|p2|Farigiraf, L50, F|
|poke|p2|Vanilluxe, L50, M|
|poke|p2|Heliolisk, L50, F|
|teampreview|4
|showteam|p1|Tyranitar||Tyranitarite|SandStream|BrickBreak,KnockOff,Protect,RockSlide|Adamant||M|||50|]Aerodactyl||FocusSash|Unnerve|DualWingbeat,IronHead,Protect,Tailwind|Jolly||M|||50|]Pelipper||WacanBerry|Drizzle|Hurricane,IceBeam,Protect,WeatherBall|Calm||M|||50|]Basculegion||MysticWater|SwiftSwim|AquaJet,FlipTurn,LastRespects,Protect|Adamant||M|||50|]Beedrill||Beedrillite|Sniper|PoisonJab,Protect,Uturn,FellStinger|Jolly||M|||50|]Annihilape||Leftovers|Defiant|BulkUp,DrainPunch,Protect,ThunderPunch|Adamant||M|||50|
|showteam|p2|Raichu||RaichuniteX|LightningRod|FakeOut,VoltTackle,UpperHand,Protect|Jolly||F|||50|]Jolteon||LifeOrb|VoltAbsorb|RisingVoltage,Protect,ShadowBall,WeatherBall|Timid||M|||50|]Camerupt||Cameruptite|SolidRock|HeatWave,EarthPower,AncientPower,Protect|Quiet||F|||50|]Farigiraf||MentalHerb|ArmorTail|TrickRoom,Psychic,HelpingHand,Protect|Quiet||F|||50|]Vanilluxe||ChoiceScarf|SnowWarning|Blizzard,FreezeDry,IcyWind,AuroraVeil|Timid||M|||50|]Heliolisk||FocusSash|DrySkin|GrassKnot,RisingVoltage,Glare,FocusBlast|Modest||F|||50|
|
|t:|1783790916
|teamsize|p1|4
|teamsize|p2|4
|start
|switch|p1a: Aerodactyl|Aerodactyl, L50, M, shiny|100/100
|switch|p1b: Annihilape|Annihilape, L50, M, shiny|100/100
|switch|p2a: Farigiraf|Farigiraf, L50, F|100/100
|switch|p2b: Emma|Raichu, L50, F|100/100
|-ability|p1a: Aerodactyl|Unnerve
|turn|1
|
|t:|1783790927
|switch|p1a: Tyranitar|Tyranitar, L50, M, shiny|100/100
|-weather|Sandstorm|[from] ability: Sand Stream|[of] p1a: Tyranitar
|move|p2b: Emma|Fake Out|p1a: Tyranitar
|-resisted|p1a: Tyranitar|1
|-damage|p1a: Tyranitar|95/100
|move|p1b: Annihilape|Bulk Up|p1b: Annihilape
|-boost|p1b: Annihilape|atk|1
|-boost|p1b: Annihilape|def|1
|move|p2a: Farigiraf|Trick Room|p2a: Farigiraf
|-fieldstart|move: Trick Room|[of] p2a: Farigiraf
|
|-weather|Sandstorm|[upkeep]
|-damage|p2a: Farigiraf|93/100|[from] Sandstorm
|-damage|p1b: Annihilape|94/100|[from] Sandstorm
|-damage|p2b: Emma|94/100|[from] Sandstorm
|-heal|p1b: Annihilape|100/100|[from] item: Leftovers
|upkeep
|turn|2
|
|t:|1783790948
|switch|p2b: Camerupt|Camerupt, L50, F|100/100
|move|p2a: Farigiraf|Psychic|p1b: Annihilape
|-supereffective|p1b: Annihilape|1
|-damage|p1b: Annihilape|14/100
|move|p1a: Tyranitar|Knock Off|p2a: Farigiraf
|-supereffective|p2a: Farigiraf|1
|-damage|p2a: Farigiraf|0 fnt
|-enditem|p2a: Farigiraf|Mental Herb|[from] move: Knock Off|[of] p1a: Tyranitar
|faint|p2a: Farigiraf
|move|p1b: Annihilape|Drain Punch|p2b: Camerupt
|-damage|p2b: Camerupt|26/100
|-heal|p1b: Annihilape|44/100|[from] drain|[of] p2b: Camerupt
|
|-weather|Sandstorm|[upkeep]
|-damage|p1b: Annihilape|38/100|[from] Sandstorm
|-heal|p1b: Annihilape|44/100|[from] item: Leftovers
|upkeep
|
|t:|1783790954
|switch|p2a: Vanilluxe|Vanilluxe, L50, M|100/100
|-weather|Snowscape|[from] ability: Snow Warning|[of] p2a: Vanilluxe
|turn|3
|
|t:|1783790972
|switch|p1a: Aerodactyl|Aerodactyl, L50, M, shiny|100/100
|-ability|p1a: Aerodactyl|Unnerve
|detailschange|p2b: Camerupt|Camerupt-Mega, L50, F
|-mega|p2b: Camerupt|Camerupt|Cameruptite
|move|p1b: Annihilape|Protect|p1b: Annihilape
|-singleturn|p1b: Annihilape|Protect
|move|p2b: Camerupt|Heat Wave|p1a: Aerodactyl|[spread] p1a
|-activate|p1b: Annihilape|move: Protect
|-resisted|p1a: Aerodactyl|1
|-damage|p1a: Aerodactyl|61/100
|move|p2a: Vanilluxe|Blizzard|p1a: Aerodactyl|[spread] p1a
|-activate|p1b: Annihilape|move: Protect
|-supereffective|p1a: Aerodactyl|1
|-damage|p1a: Aerodactyl|0 fnt
|faint|p1a: Aerodactyl
|
|-weather|Snowscape|[upkeep]
|-heal|p1b: Annihilape|50/100g|[from] item: Leftovers
|upkeep
|
|t:|1783790987
|switch|p1a: Tyranitar|Tyranitar, L50, M, shiny|95/100
|-weather|Sandstorm|[from] ability: Sand Stream|[of] p1a: Tyranitar
|turn|4
|
|t:|1783790998
|switch|p2a: Emma|Raichu, L50, F|94/100
|move|p2b: Camerupt|Heat Wave|p1b: Annihilape|[spread] p1a,p1b
|-resisted|p1a: Tyranitar|1
|-damage|p1a: Tyranitar|78/100
|-damage|p1b: Annihilape|0 fnt
|faint|p1b: Annihilape
|move|p1a: Tyranitar|Rock Slide|p2b: Camerupt|[spread] p2a,p2b
|-damage|p2a: Emma|19/100
|-damage|p2b: Camerupt|0 fnt
|faint|p2b: Camerupt
|
|-weather|Sandstorm|[upkeep]
|-damage|p2a: Emma|13/100|[from] Sandstorm
|upkeep
|
|t:|1783791008
|switch|p2b: Vanilluxe|Vanilluxe, L50, M|100/100
|switch|p1b: Beedrill|Beedrill, L50, M, shiny|100/100
|-weather|Snowscape|[from] ability: Snow Warning|[of] p2b: Vanilluxe
|turn|5
|
|t:|1783791016
|move|p1a: Tyranitar|Protect|p1a: Tyranitar
|-singleturn|p1a: Tyranitar|Protect
|move|p1b: Beedrill|Protect|p1b: Beedrill
|-singleturn|p1b: Beedrill|Protect
|move|p2a: Emma|Fake Out|p1a: Tyranitar
|-activate|p1a: Tyranitar|move: Protect
|move|p2b: Vanilluxe|Blizzard|p1b: Beedrill|[spread] 
|-activate|p1a: Tyranitar|move: Protect
|-activate|p1b: Beedrill|move: Protect
|
|-weather|Snowscape|[upkeep]
|-fieldend|move: Trick Room
|upkeep
|turn|6
|
|t:|1783791031
|detailschange|p1b: Beedrill|Beedrill-Mega, L50, M, shiny
|-mega|p1b: Beedrill|Beedrill|Beedrillite
|move|p2b: Vanilluxe|Blizzard|p1b: Beedrill|[spread] p1a,p1b
|-damage|p1a: Tyranitar|47/100
|-damage|p1b: Beedrill|39/100
|move|p1b: Beedrill|Fell Stinger|p2a: Emma
|-damage|p2a: Emma|0 fnt
|faint|p2a: Emma
|-boost|p1b: Beedrill|atk|3
|move|p1a: Tyranitar|Rock Slide|p2b: Vanilluxe
|-supereffective|p2b: Vanilluxe|1
|-damage|p2b: Vanilluxe|14/100
|
|-weather|Snowscape|[upkeep]
|upkeep
|turn|7
|
|t:|1783791050
|move|p1b: Beedrill|Poison Jab|p2b: Vanilluxe
|-damage|p2b: Vanilluxe|0 fnt
|faint|p2b: Vanilluxe
|
|win|Divine Monkey King
||Divine Monkey King is ready for game 2.
|inactive|gameboys7531 has 30 seconds to confirm battle start!
||gameboys7531 is ready for game 2.
|uhtml|next|Next: Game 2 of 3
|l|☆gameboys7531
|player|p2|
