|j|☆p1ch1pichi
|j|☆Elitefreund12
|html|p1ch1pichiElitefreund12    
|uhtml|bestof|Game 2 of a best-of-3
|t:|1785767969
|gametype|doubles
|player|p1|p1ch1pichi|n|1117
|player|p2|Elitefreund12|benga|1274
|gen|9
|tier|[Gen 9 Champions] VGC 2026 Reg M-B (Bo3)
|rated|
|rule|Species Clause: Limit one of each Pokémon
|rule|Item Clause: Limit 1 of each item
|clearpoke
|poke|p1|Raichu, L50, M, shiny|
|poke|p1|Staraptor, L50, F, shiny|
|poke|p1|Farigiraf, L50, F, shiny|
|poke|p1|Sylveon, L50, M, shiny|
|poke|p1|Kingambit, L50, F|
|poke|p1|Arcanine-Hisui, L50, M|
|poke|p2|Froslass, L50, F|
|poke|p2|Basculegion, L50, M|
|poke|p2|Kingambit, L50, M|
|poke|p2|Sneasler, L50, M|
|poke|p2|Lycanroc-Dusk, L50, F|
|poke|p2|Scovillain, L50, M|
|teampreview|4
|showteam|p1|Raichu||RaichuniteY|LightningRod|ZapCannon,FocusBlast,FakeOut,Protect|Timid||M|||50|]Staraptor||Staraptite|Intimidate|DualWingbeat,CloseCombat,Tailwind,Protect|Jolly||F|||50|]Farigiraf||SitrusBerry|ArmorTail|Protect,Psychic,HelpingHand,TrickRoom|Relaxed||F|||50|]Sylveon||FairyFeather|Pixilate|HyperVoice,HyperBeam,QuickAttack,Detect|Modest||M|||50|]Kingambit||LifeOrb|Defiant|Protect,KowtowCleave,SuckerPunch,SwordsDance|Adamant||F|||50|]Arcanine-Hisui||FocusSash|RockHead|Protect,ExtremeSpeed,FlareBlitz,HeadSmash|Jolly||M|||50|
|showteam|p2|Froslass||Froslassite|CursedBody|Blizzard,ShadowBall,AuroraVeil,Protect|Timid||F|||50|]Basculegion||SitrusBerry|Adaptability|Protect,WaveCrash,LastRespects,AquaJet|Adamant||M|||50|]Kingambit||LifeOrb|Defiant|Protect,KowtowCleave,SuckerPunch,SwordsDance|Adamant||M|||50|]Sneasler||WhiteHerb|Unburden|Protect,CloseCombat,GunkShot,FakeOut|Jolly||M|||50|]Lycanroc-Dusk||FocusSash|ToughClaws|Protect,RockSlide,CloseCombat,Accelerock|Adamant||F|||50|]Scovillain||Scovillainite|Moody|Protect,Overheat,GigaDrain,RagePowder|Bold||M|||50|
|inactive|Battle timer is ON: inactive players will automatically lose when time's up. (requested by p1ch1pichi)
|inactive|Elitefreund12 also wants the timer to be on.
|inactive|Elitefreund12 has 60 seconds left.
|inactive|Elitefreund12 has 30 seconds left.
|
|t:|1785768036
|teamsize|p1|4
|teamsize|p2|4
|start
|switch|p1a: Arcanine|Arcanine-Hisui, L50, M|100/100
|switch|p1b: Kaoru|Raichu, L50, M, shiny|100/100
|switch|p2a: Lycanroc|Lycanroc-Dusk, L50, F|100/100
|switch|p2b: Scovillain|Scovillain, L50, M|100/100
|turn|1
|inactive|p1ch1pichi has 30 seconds left.
|inactive|p1ch1pichi has 20 seconds left.
|
|t:|1785768072
|detailschange|p1b: Kaoru|Raichu-Mega-Y, L50, M, shiny
|-mega|p1b: Kaoru|Raichu|Raichunite Y
|move|p2a: Lycanroc|Protect|p2a: Lycanroc
|-singleturn|p2a: Lycanroc|Protect
|move|p1b: Kaoru|Fake Out|p2a: Lycanroc
|-activate|p2a: Lycanroc|move: Protect
|move|p1a: Arcanine|Flare Blitz|p2b: Scovillain
|-damage|p2b: Scovillain|31/100
|move|p2b: Scovillain|Giga Drain|p1a: Arcanine
|-damage|p1a: Arcanine|66/100
|-heal|p2b: Scovillain|48/100|[from] drain|[of] p1a: Arcanine
|
|-ability|p2b: Scovillain|Moody|boost
|-boost|p2b: Scovillain|spe|2
|-unboost|p2b: Scovillain|def|1
|upkeep
|turn|2
|inactive|Elitefreund12 has 30 seconds left.
|
|t:|1785768097
|detailschange|p2b: Scovillain|Scovillain-Mega, L50, M
|-mega|p2b: Scovillain|Scovillain|Scovillainite
|move|p2b: Scovillain|Rage Powder|p2b: Scovillain
|-singleturn|p2b: Scovillain|move: Rage Powder
|move|p1a: Arcanine|Extreme Speed|p2b: Scovillain
|-damage|p2b: Scovillain|13/100
|-immune|p1a: Arcanine
|move|p1b: Kaoru|Focus Blast|p2b: Scovillain
|-damage|p2b: Scovillain|0 fnt
|-status|p1b: Kaoru|brn|[from] ability: Spicy Spray|[of] p2b: Scovillain
|faint|p2b: Scovillain
|move|p2a: Lycanroc|Rock Slide|p1a: Arcanine|[spread] p1b
|-miss|p2a: Lycanroc|p1a: Arcanine
|-damage|p1b: Kaoru|58/100 brn
|
|-damage|p1b: Kaoru|52/100 brn|[from] brn
|upkeep
|
|t:|1785768119
|switch|p2b: Sneasler|Sneasler, L50, M|100/100
|turn|3
|
|t:|1785768128
|switch|p1a: Float|Farigiraf, L50, F, shiny|100/100
|move|p2b: Sneasler|Fake Out||[still]
|cant|p1a: Float|ability: Armor Tail|Fake Out|[of] p2b: Sneasler
|move|p2a: Lycanroc|Accelerock||[still]
|cant|p1a: Float|ability: Armor Tail|Accelerock|[of] p2a: Lycanroc
|move|p1b: Kaoru|Zap Cannon|p2b: Sneasler
|-damage|p2b: Sneasler|19/100
|-status|p2b: Sneasler|par
|
|-damage|p1b: Kaoru|46/100 brn|[from] brn
|upkeep
|turn|4
|inactive|p1ch1pichi has 30 seconds left.
|
|t:|1785768155
|move|p1a: Float|Protect|p1a: Float
|-singleturn|p1a: Float|Protect
|move|p1b: Kaoru|Focus Blast|p2a: Lycanroc
|-supereffective|p2a: Lycanroc|1
|-enditem|p2a: Lycanroc|Focus Sash
|-damage|p2a: Lycanroc|1/100
|move|p2a: Lycanroc|Rock Slide|p1a: Float|[spread] p1b
|-activate|p1a: Float|move: Protect
|-damage|p1b: Kaoru|4/100 brn
|move|p2b: Sneasler|Close Combat|p1a: Float
|-activate|p1a: Float|move: Protect
|
|-damage|p1b: Kaoru|0 fnt|[from] brn
|faint|p1b: Kaoru
|upkeep
|
|t:|1785768171
|switch|p1b: Arcanine|Arcanine-Hisui, L50, M|66/100
|turn|5
|
|t:|1785768184
|move|p1b: Arcanine|Extreme Speed|p2a: Lycanroc
|-resisted|p2a: Lycanroc|1
|-damage|p2a: Lycanroc|0 fnt
|faint|p2a: Lycanroc
|cant|p2b: Sneasler|par
|move|p1a: Float|Psychic|p2b: Sneasler
|-supereffective|p2b: Sneasler|2
|-damage|p2b: Sneasler|0 fnt
|faint|p2b: Sneasler
|
|upkeep
|-message|Elitefreund12 forfeited.
|
|win|p1ch1pichi
|l|☆Elitefreund12
|player|p2|
||p1ch1pichi is ready for game 3.
|j|☆Elitefreund12
|player|p2|Elitefreund12|benga|
|inactive|Elitefreund12 has 30 seconds to confirm battle start!
||Elitefreund12 is ready for game 3.
|uhtml|next|Next: Game 3 of 3
