|j|☆NeonIsNuts
|j|☆f27 BuffLucario
|html|NeonIsNutsf27 BuffLucario    
|uhtml|bestof|Game 3 of a best-of-3
|t:|1783338139
|gametype|doubles
|player|p1|NeonIsNuts|102|1192
|player|p2|f27 BuffLucario|266|1228
|gen|9
|tier|[Gen 9 Champions] VGC 2026 Reg M-B (Bo3)
|rated|
|rule|Species Clause: Limit one of each Pokémon
|rule|Item Clause: Limit 1 of each item
|clearpoke
|poke|p1|Archaludon, L50, M|
|poke|p1|Tyranitar, L50, M|
|poke|p1|Sylveon, L50, F|
|poke|p1|Toxapex, L50, F|
|poke|p1|Aggron, L50, M|
|poke|p1|Sinistcha, L50|
|poke|p2|Lucario, L50, M, shiny|
|poke|p2|Tsareena, L50, F|
|poke|p2|Aerodactyl, L50, M|
|poke|p2|Delphox, L50, M, shiny|
|poke|p2|Garchomp, L50, M|
|poke|p2|Basculegion, L50, M|
|teampreview|4
|showteam|p1|Archaludon||Leftovers|Stamina|Roar,StealthRock,DragonPulse,FlashCannon|Calm||M|||50|]Tyranitar||Tyranitarite|SandStream|StealthRock,Roar,RockSlide,KnockOff|Adamant||M|||50|]Sylveon||FairyFeather|Pixilate|HyperVoice,Roar,MysticalFire,Protect|Quiet||F|||50|]Toxapex||MentalHerb|Regenerator|ToxicSpikes,BanefulBunker,Infestation,Recover|Bold||F|||50|]Aggron||Aggronite|Sturdy|Roar,StealthRock,IronDefense,BodyPress|Calm||M|||50|]Sinistcha||SitrusBerry|Hospitality|MatchaGotcha,LifeDew,RagePowder,Protect|Bold|||||50|
|showteam|p2|Lucario||Lucarionite|InnerFocus|IcePunch,CloseCombat,MeteorMash,Protect|Jolly||M|||50|]Tsareena||SitrusBerry|QueenlyMajesty|TropKick,Taunt,TripleAxel,Protect|Jolly||F|||50|]Aerodactyl||FocusSash|Unnerve|RockSlide,Protect,DualWingbeat,Tailwind|Jolly||M|||50|]Delphox||Delphoxite|Blaze|HeatWave,Psyshock,Substitute,Protect|Timid||M|||50|]Garchomp||LifeOrb|RoughSkin|Earthquake,DragonClaw,RockTomb,Protect|Jolly||M|||50|]Basculegion||ChoiceScarf|Adaptability|AquaJet,WaveCrash,LastRespects,FlipTurn|Jolly||M|||50|
|
|t:|1783338162
|teamsize|p1|4
|teamsize|p2|4
|start
|switch|p1a: Tyranitar|Tyranitar, L50, M|100/100
|switch|p1b: Toxapex|Toxapex, L50, F|100/100
|switch|p2a: Delphox|Delphox, L50, M, shiny|100/100
|switch|p2b: Lucario|Lucario, L50, M, shiny|100/100
|-weather|Sandstorm|[from] ability: Sand Stream|[of] p1a: Tyranitar
|turn|1
|
|t:|1783338178
|switch|p1a: Sylveon|Sylveon, L50, F|100/100
|detailschange|p2a: Delphox|Delphox-Mega, L50, M, shiny
|-mega|p2a: Delphox|Delphox|Delphoxite
|move|p2a: Delphox|Substitute|p2a: Delphox
|-start|p2a: Delphox|Substitute
|-damage|p2a: Delphox|75/100
|move|p2b: Lucario|Close Combat|p1a: Sylveon
|-resisted|p1a: Sylveon|1
|-damage|p1a: Sylveon|68/100
|-unboost|p2b: Lucario|def|1
|-unboost|p2b: Lucario|spd|1
|move|p1b: Toxapex|Infestation|p2a: Delphox
|-activate|p2a: Delphox|move: Substitute|[damage]
|
|-weather|Sandstorm|[upkeep]
|-damage|p2a: Delphox|69/100|[from] Sandstorm
|-damage|p1a: Sylveon|62/100|[from] Sandstorm
|-damage|p1b: Toxapex|94/100|[from] Sandstorm
|upkeep
|turn|2
|
|t:|1783338190
|move|p2a: Delphox|Psyshock|p1b: Toxapex
|-supereffective|p1b: Toxapex|1
|-damage|p1b: Toxapex|39/100
|move|p2b: Lucario|Meteor Mash|p1a: Sylveon
|-supereffective|p1a: Sylveon|1
|-damage|p1a: Sylveon|0 fnt
|-boost|p2b: Lucario|atk|1
|faint|p1a: Sylveon
|move|p1b: Toxapex|Toxic Spikes|p2a: Delphox
|-sidestart|p2: f27 BuffLucario|move: Toxic Spikes
|
|-weather|Sandstorm|[upkeep]
|-damage|p2a: Delphox|63/100|[from] Sandstorm
|-damage|p1b: Toxapex|33/100|[from] Sandstorm
|upkeep
|
|t:|1783338201
|switch|p1a: Sinistcha|Sinistcha, L50|100/100
|-heal|p1b: Toxapex|58/100|[from] ability: Hospitality|[of] p1a: Sinistcha
|turn|3
|
|t:|1783338212
|move|p2b: Lucario|Protect|p2b: Lucario
|-singleturn|p2b: Lucario|Protect
|move|p2a: Delphox|Heat Wave|p1a: Sinistcha|[spread] p1a,p1b
|-supereffective|p1a: Sinistcha|1
|-resisted|p1b: Toxapex|1
|-crit|p1b: Toxapex
|-damage|p1a: Sinistcha|11/100
|-damage|p1b: Toxapex|33/100
|-enditem|p1a: Sinistcha|Sitrus Berry|[eat]
|-heal|p1a: Sinistcha|35/100|[from] item: Sitrus Berry
|move|p1a: Sinistcha|Matcha Gotcha|p2a: Delphox|[spread] p2a
|-activate|p2b: Lucario|move: Protect
|-resisted|p2a: Delphox|1
|-activate|p2a: Delphox|move: Substitute|[damage]
|-heal|p1a: Sinistcha|41/100|[from] drain|[of] p2a: Delphox
|move|p1b: Toxapex|Infestation|p2b: Lucario
|-activate|p2b: Lucario|move: Protect
|
|-weather|Sandstorm|[upkeep]
|-damage|p2a: Delphox|57/100|[from] Sandstorm
|-damage|p1a: Sinistcha|34/100|[from] Sandstorm
|-damage|p1b: Toxapex|28/100|[from] Sandstorm
|upkeep
|turn|4
|
|t:|1783338231
|-heal|p1b: Toxapex|61/100|[from] ability: Regenerator|[silent]
|switch|p1b: Tyranitar|Tyranitar, L50, M|100/100
|move|p2a: Delphox|Psyshock|p1b: Tyranitar
|-immune|p1b: Tyranitar
|move|p2b: Lucario|Ice Punch|p1a: Sinistcha
|-supereffective|p1a: Sinistcha|1
|-damage|p1a: Sinistcha|0 fnt
|faint|p1a: Sinistcha
|
|-weather|Sandstorm|[upkeep]
|-damage|p2a: Delphox|50/100g|[from] Sandstorm
|upkeep
|
|t:|1783338233
|switch|p1a: Toxapex|Toxapex, L50, F|61/100
|turn|5
|
|t:|1783338246
|detailschange|p1b: Tyranitar|Tyranitar-Mega, L50, M
|-mega|p1b: Tyranitar|Tyranitar|Tyranitarite
|move|p1a: Toxapex|Baneful Bunker|p1a: Toxapex
|-singleturn|p1a: Toxapex|move: Protect
|move|p2a: Delphox|Psyshock|p1a: Toxapex
|-activate|p1a: Toxapex|move: Protect
|move|p2b: Lucario|Close Combat|p1b: Tyranitar
|-supereffective|p1b: Tyranitar|2
|-damage|p1b: Tyranitar|0 fnt
|-unboost|p2b: Lucario|def|1
|-unboost|p2b: Lucario|spd|1
|faint|p1b: Tyranitar
|
|-weather|none
|upkeep
|turn|6
|-message|NeonIsNuts forfeited.
|
|win|f27 BuffLucario
|raw|NeonIsNuts's rating: 1192 → 1170(-22 for losing)
|raw|f27 BuffLucario's rating: 1228 → 1250(+22 for winning)
|l|☆NeonIsNuts
|player|p1|
|l|☆f27 BuffLucario
|player|p2|
|j|☆f27 BuffLucario
|player|p2|f27 BuffLucario|266|
