|j|☆TetheredAvian74
|j|☆SuprEpcGuy
|html|TetheredAvian74SuprEpcGuy    
|uhtml|bestof|Game 2 of a best-of-3
|t:|1784085843
|gametype|doubles
|player|p1|TetheredAvian74|265|1112
|player|p2|SuprEpcGuy|shauntal|1172
|gen|9
|tier|[Gen 9 Champions] VGC 2026 Reg M-B (Bo3)
|rated|
|rule|Species Clause: Limit one of each Pokémon
|rule|Item Clause: Limit 1 of each item
|clearpoke
|poke|p1|Pelipper, L50, F|
|poke|p1|Grimmsnarl, L50, M|
|poke|p1|Sinistcha, L50|
|poke|p1|Blastoise, L50, M|
|poke|p1|Archaludon, L50, F|
|poke|p1|Raichu, L50, F|
|poke|p2|Zoroark-Hisui, L50, F|
|poke|p2|Aerodactyl, L50, M|
|poke|p2|Kingambit, L50, F, shiny|
|poke|p2|Basculegion, L50, M|
|poke|p2|Incineroar, L50, M|
|poke|p2|Goodra-Hisui, L50, F|
|teampreview|4
|showteam|p1|Pelipper||DampRock|Drizzle|Tailwind,Uturn,Hurricane,WeatherBall|Modest||F|||50|]Grimmsnarl||LightClay|Prankster|Reflect,LightScreen,PartingShot,SuckerPunch|Impish||M|||50|]Sinistcha||SitrusBerry|Hospitality|RagePowder,LifeDew,MatchaGotcha,StrengthSap|Calm|||||50|]Blastoise||Blastoisinite|RainDish|ShellSmash,WaterSpout,IcyWind,Protect|Modest||M|||50|]Archaludon||Leftovers|Stamina|ElectroShot,DragonPulse,FlashCannon,Protect|Calm||F|||50|]Raichu||RaichuniteX|LightningRod|FakeOut,VoltTackle,VoltSwitch,BrickBreak|Jolly||F|||50|
|showteam|p2|Zoroark-Hisui||FocusSash|Illusion|ShadowBall,WillOWisp,Taunt,Protect|Timid||F|||50|]Aerodactyl||Aerodactylite|RockHead|RockSlide,DualWingbeat,Tailwind,Protect|Jolly||M|||50|]Kingambit||ChopleBerry|Defiant|SuckerPunch,KowtowCleave,LowKick,Protect|Adamant||F|||50|]Basculegion||MysticWater|Adaptability|AquaJet,Liquidation,LastRespects,Protect|Adamant||M|||50|]Incineroar||SitrusBerry|Intimidate|FlareBlitz,ThroatChop,PartingShot,FakeOut|Careful||M|||50|]Goodra-Hisui||Leftovers|ShellArmor|DracoMeteor,BodyPress,Shelter,Protect|Bold||F|||50|
|inactive|Battle timer is ON: inactive players will automatically lose when time's up. (requested by SuprEpcGuy)
|inactive|TetheredAvian74 also wants the timer to be on.
|inactive|SuprEpcGuy has 60 seconds left.
|
|t:|1784085893
|teamsize|p1|4
|teamsize|p2|4
|start
|switch|p1a: Pelipper|Pelipper, L50, F|100/100
|switch|p1b: Grimmsnarl|Grimmsnarl, L50, M|100/100
|switch|p2a: Reverence|Basculegion, L50, M|100/100
|switch|p2b: Goodra|Goodra-Hisui, L50, F|100/100
|-weather|RainDance|[from] ability: Drizzle|[of] p1a: Pelipper
|turn|1
|
|t:|1784085910
|move|p1b: Grimmsnarl|Light Screen|p1b: Grimmsnarl
|-sidestart|p1: TetheredAvian74|move: Light Screen
|move|p2a: Reverence|Taunt|p1b: Grimmsnarl
|-start|p1b: Grimmsnarl|move: Taunt
|move|p1a: Pelipper|Tailwind|p1a: Pelipper
|-sidestart|p1: TetheredAvian74|move: Tailwind
|move|p2b: Goodra|Shelter|p2b: Goodra
|-boost|p2b: Goodra|def|2
|
|-weather|RainDance|[upkeep]
|upkeep
|turn|2
|inactive|SuprEpcGuy has 30 seconds left.
|inactive|SuprEpcGuy has 20 seconds left.
|inactive|SuprEpcGuy has 15 seconds left.
|
|t:|1784085954
|switch|p2a: Big Purr|Incineroar, L50, M|100/100
|-ability|p2a: Big Purr|Intimidate|boost
|-unboost|p1a: Pelipper|atk|1
|-unboost|p1b: Grimmsnarl|atk|1
|move|p1b: Grimmsnarl|Sucker Punch||[still]
|-fail|p1b: Grimmsnarl
|move|p1a: Pelipper|Weather Ball|p2a: Big Purr
|-supereffective|p2a: Big Purr|1
|-damage|p2a: Big Purr|12/100
|-enditem|p2a: Big Purr|Sitrus Berry|[eat]
|-heal|p2a: Big Purr|37/100|[from] item: Sitrus Berry
|move|p2b: Goodra|Body Press|p1b: Grimmsnarl
|-damage|p1b: Grimmsnarl|49/100
|
|-weather|RainDance|[upkeep]
|upkeep
|turn|3
|inactive|SuprEpcGuy has 30 seconds left.
|
|t:|1784085985
|switch|p1b: Sinistcha|Sinistcha, L50|100/100
|move|p1a: Pelipper|Weather Ball|p2a: Big Purr
|-supereffective|p2a: Big Purr|1
|-damage|p2a: Big Purr|0 fnt
|faint|p2a: Big Purr
|move|p2b: Goodra|Body Press|p1b: Sinistcha
|-immune|p1b: Sinistcha
|
|-weather|RainDance|[upkeep]
|upkeep
|
|t:|1784086000
|switch|p2a: Reverence|Basculegion, L50, M|100/100
|turn|4
|
|t:|1784086012
|move|p1b: Sinistcha|Matcha Gotcha|p2b: Goodra|[spread] p2a,p2b
|-resisted|p2b: Goodra|2
|-damage|p2a: Reverence|53/100
|-damage|p2b: Goodra|95/100
|replace|p2a: Boo|Zoroark-Hisui, L50, F
|-end|p2a: Boo|Illusion
|move|p2a: Boo|Taunt|p1b: Sinistcha
|-start|p1b: Sinistcha|move: Taunt
|move|p1a: Pelipper|Hurricane|p2a: Boo
|-damage|p2a: Boo|0 fnt
|faint|p2a: Boo
|move|p2b: Goodra|Body Press|p1a: Pelipper
|-resisted|p1a: Pelipper|1
|-damage|p1a: Pelipper|71/100
|
|-weather|RainDance|[upkeep]
|-heal|p2b: Goodra|100/100|[from] item: Leftovers
|-sideend|p1: TetheredAvian74|move: Tailwind
|upkeep
|
|t:|1784086021
|switch|p2a: Reverence|Basculegion, L50, M|100/100
|turn|5
|
|t:|1784086041
|move|p2a: Reverence|Last Respects|p1b: Sinistcha
|-supereffective|p1b: Sinistcha|1
|-damage|p1b: Sinistcha|0 fnt
|faint|p1b: Sinistcha
|move|p1a: Pelipper|Tailwind|p1a: Pelipper
|-sidestart|p1: TetheredAvian74|move: Tailwind
|move|p2b: Goodra|Draco Meteor|p1a: Pelipper
|-damage|p1a: Pelipper|33/100
|-unboost|p2b: Goodra|spa|2
|
|-weather|RainDance|[upkeep]
|upkeep
|
|t:|1784086047
|switch|p1b: Grimmsnarl|Grimmsnarl, L50, M|49/100
|turn|6
|
|t:|1784086065
|move|p1b: Grimmsnarl|Reflect|p1b: Grimmsnarl
|-sidestart|p1: TetheredAvian74|Reflect
|move|p2a: Reverence|Aqua Jet|p1b: Grimmsnarl
|-damage|p1b: Grimmsnarl|19/100
|move|p1a: Pelipper|Hurricane|p2a: Reverence
|-damage|p2a: Reverence|60/100
|move|p2b: Goodra|Body Press|p1a: Pelipper
|-resisted|p1a: Pelipper|1
|-damage|p1a: Pelipper|14/100
|
|-weather|RainDance|[upkeep]
|upkeep
|turn|7
|
|t:|1784086088
|move|p2a: Reverence|Protect|p2a: Reverence
|-singleturn|p2a: Reverence|Protect
|move|p1b: Grimmsnarl|Sucker Punch||[still]
|-fail|p1b: Grimmsnarl
|move|p1a: Pelipper|Hurricane|p2a: Reverence
|-activate|p2a: Reverence|move: Protect
|move|p2b: Goodra|Body Press|p1b: Grimmsnarl
|-damage|p1b: Grimmsnarl|0 fnt
|faint|p1b: Grimmsnarl
|
|-weather|RainDance|[upkeep]
|upkeep
|
|t:|1784086090
|switch|p1b: Blastoise|Blastoise, L50, M|100/100
|turn|8
|
|t:|1784086115
|detailschange|p1b: Blastoise|Blastoise-Mega, L50, M
|-mega|p1b: Blastoise|Blastoise|Blastoisinite
|move|p1b: Blastoise|Water Spout|p2a: Reverence|[spread] p2a,p2b
|-resisted|p2a: Reverence|1
|-resisted|p2b: Goodra|1
|-damage|p2a: Reverence|14/100
|-damage|p2b: Goodra|69/100
|move|p1a: Pelipper|Hurricane|p2a: Reverence
|-damage|p2a: Reverence|0 fnt
|faint|p2a: Reverence
|move|p2b: Goodra|Body Press|p1a: Pelipper
|-resisted|p1a: Pelipper|1
|-damage|p1a: Pelipper|0 fnt
|faint|p1a: Pelipper
|
|-weather|none
|-heal|p2b: Goodra|75/100|[from] item: Leftovers
|-sideend|p1: TetheredAvian74|move: Light Screen
|-sideend|p1: TetheredAvian74|move: Tailwind
|upkeep
|turn|9
|
|t:|1784086137
|move|p1b: Blastoise|Shell Smash|p1b: Blastoise
|-unboost|p1b: Blastoise|def|1
|-unboost|p1b: Blastoise|spd|1
|-boost|p1b: Blastoise|atk|2
|-boost|p1b: Blastoise|spa|2
|-boost|p1b: Blastoise|spe|2
|move|p2b: Goodra|Body Press|p1b: Blastoise
|-damage|p1b: Blastoise|55/100
|
|-heal|p2b: Goodra|81/100|[from] item: Leftovers
|upkeep
|turn|10
|
|t:|1784086148
|move|p1b: Blastoise|Water Spout|p2b: Goodra
|-resisted|p2b: Goodra|1
|-damage|p2b: Goodra|45/100
|move|p2b: Goodra|Body Press|p1b: Blastoise
|-damage|p1b: Blastoise|15/100
|
|-heal|p2b: Goodra|51/100|[from] item: Leftovers
|upkeep
|turn|11
|
|t:|1784086157
|move|p1b: Blastoise|Icy Wind|p2b: Goodra
|-damage|p2b: Goodra|20/100y
|-unboost|p2b: Goodra|spe|1
|move|p2b: Goodra|Body Press|p1b: Blastoise
|-damage|p1b: Blastoise|0 fnt
|faint|p1b: Blastoise
|
|win|SuprEpcGuy
