|j|☆tmjp01
|j|☆bagunks
|html|tmjp01bagunks    
|uhtml|bestof|Game 1 of a best-of-3
|t:|1785290050
|gametype|doubles
|player|p1|tmjp01|102|1146
|player|p2|bagunks|depotagent|1161
|gen|9
|tier|[Gen 9 Champions] VGC 2026 Reg M-B (Bo3)
|rated|
|rule|Species Clause: Limit one of each Pokémon
|rule|Item Clause: Limit 1 of each item
|clearpoke
|poke|p1|Grimmsnarl, L50, M|
|poke|p1|Basculegion, L50, M|
|poke|p1|Venusaur, L50, F|
|poke|p1|Pelipper, L50, M|
|poke|p1|Archaludon, L50, F|
|poke|p1|Swampert, L50, F|
|poke|p2|Blastoise, L50, M, shiny|
|poke|p2|Camerupt, L50, M, shiny|
|poke|p2|Farigiraf, L50, F|
|poke|p2|Kingambit, L50, M, shiny|
|poke|p2|Staraptor, L50, F|
|poke|p2|Vanilluxe, L50, F|
|teampreview|4
|showteam|p1|Grimmsnarl||LightClay|Prankster|SpiritBreak,Reflect,LightScreen,PartingShot|Careful||M|||50|]Basculegion||ChoiceScarf|Adaptability|WaveCrash,LastRespects,AquaJet,FlipTurn|Jolly||M|||50|]Venusaur||Venusaurite|Chlorophyll|GigaDrain,SludgeBomb,EarthPower,Protect|Modest||F|||50|]Pelipper||SitrusBerry|Drizzle|Hurricane,WeatherBall,Tailwind,RainDance|Modest||M|||50|]Archaludon||Leftovers|Stamina|FlashCannon,DragonPulse,ElectroShot,Protect|Modest||F|||50|]Swampert||Swampertite|Damp|WaveCrash,Earthquake,IcePunch,Protect|Adamant||F|||50|
|showteam|p2|Blastoise||Blastoisinite|RainDish|AuraSphere,DarkPulse,FakeOut,WaterSpout|Quiet||M|||50|]Camerupt||Cameruptite|SolidRock|AncientPower,EarthPower,HeatWave,Protect|Relaxed||M|||50|]Farigiraf||SitrusBerry|ArmorTail|HelpingHand,HyperVoice,PsychicFangs,TrickRoom|Relaxed||F|||50|]Kingambit||LifeOrb|Defiant|IronHead,KowtowCleave,Protect,SuckerPunch|Brave||M|||50|]Staraptor||ChoiceScarf|Intimidate|BraveBird,CloseCombat,FinalGambit,Uturn|Jolly||F|||50|]Vanilluxe||NeverMeltIce|SnowWarning|Blizzard,FreezeDry,IceShard,Protect|Modest||F|||50|
|inactive|Battle timer is ON: inactive players will automatically lose when time's up. (requested by bagunks)
|inactive|tmjp01 has 60 seconds left.
|inactive|tmjp01 has 30 seconds left.
|inactive|tmjp01 has 20 seconds left.
|
|t:|1785290183
|teamsize|p1|4
|teamsize|p2|4
|start
|switch|p1a: Grimmsnarl|Grimmsnarl, L50, M|100/100
|switch|p1b: Basculegion|Basculegion, L50, M|100/100
|switch|p2a: Vanilluxe|Vanilluxe, L50, F|100/100
|switch|p2b: Blastoise|Blastoise, L50, M, shiny|100/100
|-weather|Snowscape|[from] ability: Snow Warning|[of] p2a: Vanilluxe
|turn|1
|
|t:|1785290206
|move|p2b: Blastoise|Fake Out|p1a: Grimmsnarl
|-damage|p1a: Grimmsnarl|91/100
|cant|p1a: Grimmsnarl|flinch
|move|p1b: Basculegion|Flip Turn|p2a: Vanilluxe
|-damage|p2a: Vanilluxe|70/100
|
|t:|1785290213
|switch|p1b: Pelipper|Pelipper, L50, M|100/100|[from] Flip Turn
|-weather|RainDance|[from] ability: Drizzle|[of] p1b: Pelipper
|move|p2a: Vanilluxe|Freeze-Dry|p1b: Pelipper
|-supereffective|p1b: Pelipper|2
|-damage|p1b: Pelipper|0 fnt
|faint|p1b: Pelipper
|
|-weather|RainDance|[upkeep]
|upkeep
|
|t:|1785290227
|switch|p1b: Venusaur|Venusaur, L50, F|100/100
|turn|2
|
|t:|1785290241
|switch|p2a: Kingambit|Kingambit, L50, M, shiny|100/100
|move|p1b: Venusaur|Protect|p1b: Venusaur
|-singleturn|p1b: Venusaur|Protect
|move|p1a: Grimmsnarl|Light Screen|p1a: Grimmsnarl
|-sidestart|p1: tmjp01|move: Light Screen
|move|p2b: Blastoise|Water Spout|p1a: Grimmsnarl|[spread] p1a
|-activate|p1b: Venusaur|move: Protect
|-damage|p1a: Grimmsnarl|46/100
|
|-weather|RainDance|[upkeep]
|upkeep
|turn|3
|
|t:|1785290259
|detailschange|p1b: Venusaur|Venusaur-Mega, L50, F
|-mega|p1b: Venusaur|Venusaur|Venusaurite
|move|p1a: Grimmsnarl|Parting Shot|p2b: Blastoise
|-unboost|p2b: Blastoise|atk|1
|-unboost|p2b: Blastoise|spa|1
|
|t:|1785290264
|switch|p1a: Basculegion|Basculegion, L50, M|100/100|[from] Parting Shot
|move|p1b: Venusaur|Earth Power|p2a: Kingambit
|-supereffective|p2a: Kingambit|1
|-damage|p2a: Kingambit|42/100
|move|p2b: Blastoise|Water Spout|p1b: Venusaur|[spread] p1a,p1b
|-resisted|p1a: Basculegion|1
|-resisted|p1b: Venusaur|1
|-damage|p1a: Basculegion|80/100
|-damage|p1b: Venusaur|86/100
|move|p2a: Kingambit|Kowtow Cleave|p1b: Venusaur
|-damage|p1b: Venusaur|35/100
|-damage|p2a: Kingambit|33/100|[from] item: Life Orb
|
|-weather|RainDance|[upkeep]
|upkeep
|turn|4
|inactive|tmjp01 has 30 seconds left.
|
|t:|1785290290
|switch|p1a: Grimmsnarl|Grimmsnarl, L50, M|46/100
|move|p2a: Kingambit|Sucker Punch|p1b: Venusaur
|-damage|p1b: Venusaur|0 fnt
|faint|p1b: Venusaur
|-damage|p2a: Kingambit|23/100|[from] item: Life Orb
|move|p2b: Blastoise|Dark Pulse|p1a: Grimmsnarl
|-resisted|p1a: Grimmsnarl|2
|-damage|p1a: Grimmsnarl|43/100
|
|-weather|RainDance|[upkeep]
|upkeep
|
|t:|1785290298
|switch|p1b: Basculegion|Basculegion, L50, M|80/100
|turn|5
|inactive|tmjp01 has 30 seconds left.
|inactive|tmjp01 has 20 seconds left.
|inactive|tmjp01 has 15 seconds left.
|inactive|tmjp01 has 10 seconds left.
|inactive|tmjp01 has 5 seconds left.
|
|t:|1785290352
|move|p1a: Grimmsnarl|Reflect|p1a: Grimmsnarl
|-sidestart|p1: tmjp01|Reflect
|move|p1b: Basculegion|Last Respects|p2a: Kingambit
|-resisted|p2a: Kingambit|1
|-damage|p2a: Kingambit|0 fnt
|faint|p2a: Kingambit
|move|p2b: Blastoise|Dark Pulse|p1b: Basculegion
|-supereffective|p1b: Basculegion|1
|-damage|p1b: Basculegion|57/100
|
|-weather|none
|upkeep
|
|t:|1785290365
|switch|p2a: Vanilluxe|Vanilluxe, L50, F|70/100
|-weather|Snowscape|[from] ability: Snow Warning|[of] p2a: Vanilluxe
|turn|6
|
|t:|1785290382
|move|p1b: Basculegion|Last Respects|p2a: Vanilluxe
|-damage|p2a: Vanilluxe|0 fnt
|faint|p2a: Vanilluxe
|move|p2b: Blastoise|Dark Pulse|p1b: Basculegion
|-supereffective|p1b: Basculegion|1
|-damage|p1b: Basculegion|34/100
|move|p1a: Grimmsnarl|Spirit Break|p2b: Blastoise
|-damage|p2b: Blastoise|72/100
|-unboost|p2b: Blastoise|spa|1
|
|-weather|Snowscape|[upkeep]
|upkeep
|
|t:|1785290394
|switch|p2a: Camerupt|Camerupt, L50, M, shiny|100/100
|turn|7
|
|t:|1785290408
|move|p2a: Camerupt|Protect|p2a: Camerupt
|-singleturn|p2a: Camerupt|Protect
|move|p1a: Grimmsnarl|Parting Shot|p2a: Camerupt
|-activate|p2a: Camerupt|move: Protect
|move|p1b: Basculegion|Last Respects|p2b: Blastoise
|-damage|p2b: Blastoise|0 fnt
|faint|p2b: Blastoise
|
|-weather|Snowscape|[upkeep]
|upkeep
|turn|8
|
|t:|1785290417
|detailschange|p2a: Camerupt|Camerupt-Mega, L50, M, shiny
|-mega|p2a: Camerupt|Camerupt|Cameruptite
|move|p1a: Grimmsnarl|Parting Shot|p2a: Camerupt
|-unboost|p2a: Camerupt|atk|1
|-unboost|p2a: Camerupt|spa|1
|move|p1b: Basculegion|Last Respects|p2a: Camerupt
|-damage|p2a: Camerupt|19/100
|move|p2a: Camerupt|Heat Wave|p1a: Grimmsnarl|[spread] p1a,p1b
|-resisted|p1b: Basculegion|1
|-damage|p1a: Grimmsnarl|26/100
|-damage|p1b: Basculegion|22/100
|
|-weather|Snowscape|[upkeep]
|upkeep
|turn|9
|inactive|bagunks has 30 seconds left.
|inactive|bagunks has 20 seconds left.
|inactive|bagunks has 15 seconds left.
|inactive|bagunks has 10 seconds left.
|inactive|bagunks has 5 seconds left.
|
|t:|1785290472
|move|p1b: Basculegion|Last Respects|p2a: Camerupt
|-damage|p2a: Camerupt|0 fnt
|faint|p2a: Camerupt
|
|win|tmjp01
||tmjp01 is ready for game 2.
|inactive|bagunks has 30 seconds to confirm battle start!
|inactive|bagunks has 20 seconds to confirm battle start!
|inactive|bagunks has 10 seconds to confirm battle start!
|uhtml|next|Next: Game 2 of 3
|j| soulmoonvgc
