|j|☆crosseczek
|j|☆Gottkomplexe
|html|crosseczekGottkomplexe    
|uhtml|bestof|Game 2 of a best-of-3
|t:|1785351726
|gametype|doubles
|player|p1|crosseczek|maid|
|player|p2|Gottkomplexe|ilima|
|gen|9
|tier|[Gen 9 Champions] VGC 2026 Reg M-B (Bo3)
|rule|Species Clause: Limit one of each Pokémon
|rule|Item Clause: Limit 1 of each item
|clearpoke
|poke|p1|Mawile, L50, M|
|poke|p1|Maushold, L50|
|poke|p1|Whimsicott, L50, F|
|poke|p1|Raichu, L50, M|
|poke|p1|Incineroar, L50, F|
|poke|p1|Farigiraf, L50, F|
|poke|p2|Staraptor, L50, M|
|poke|p2|Charizard, L50, M|
|poke|p2|Glimmora, L50, M|
|poke|p2|Whimsicott, L50, F|
|poke|p2|Basculegion, L50, M|
|poke|p2|Garchomp, L50, M|
|teampreview|4
|showteam|p1|Mawile||Mawilite|HyperCutter|PlayRough,SuckerPunch,RockSlide,SwordsDance|Brave||M|||50|]Maushold||WideLens|Technician|PopulationBomb,FollowMe,Taunt,Protect|Adamant|||||50|]Whimsicott||FocusSash|Prankster|Moonblast,HelpingHand,Tailwind,Encore|Modest||F|||50|]Raichu||RaichuniteY|LightningRod|ZapCannon,FocusBlast,GrassKnot,Protect|Modest||M|||50|]Incineroar||Charcoal|Intimidate|FlareBlitz,DarkestLariat,PartingShot,FakeOut|Adamant||F|||50|]Farigiraf||ColburBerry|ArmorTail|Psychic,Imprison,TrickRoom,Protect|Modest||F|||50|
|showteam|p2|Staraptor||Staraptite|Intimidate|DualWingbeat,CloseCombat,Tailwind,Protect|Jolly||M|||50|]Charizard||CharizarditeY|Blaze|HeatWave,SolarBeam,WeatherBall,Protect|Modest||M|||50|]Glimmora||FocusSash|ToxicDebris|PowerGem,SludgeBomb,EarthPower,SpikyShield|Modest||M|||50|]Whimsicott||LifeOrb|Prankster|Moonblast,Encore,Tailwind,Protect|Modest||F|||50|]Basculegion||ChoiceScarf|Adaptability|WaveCrash,LastRespects,AquaJet,FlipTurn|Jolly||M|||50|]Garchomp||SitrusBerry|RoughSkin|Earthquake,RockSlide,PoisonJab,Protect|Adamant||M|||50|
|inactive|Battle timer is ON: inactive players will automatically lose when time's up. (requested by Gottkomplexe)
|inactive|crosseczek has 60 seconds left.
|inactive|Gottkomplexe has 60 seconds left.
|inactive|Gottkomplexe has 30 seconds left.
|
|t:|1785351796
|teamsize|p1|4
|teamsize|p2|4
|start
|switch|p1a: Farigiraf|Farigiraf, L50, F|100/100
|switch|p1b: Incineroar|Incineroar, L50, F|100/100
|switch|p2a: Basculegion|Basculegion, L50, M|100/100
|switch|p2b: Charizard|Charizard, L50, M|100/100
|-ability|p1b: Incineroar|Intimidate|boost
|-unboost|p2a: Basculegion|atk|1
|-unboost|p2b: Charizard|atk|1
|turn|1
|
|t:|1785351818
|detailschange|p2b: Charizard|Charizard-Mega-Y, L50, M
|-mega|p2b: Charizard|Charizard|Charizardite Y
|-weather|SunnyDay|[from] ability: Drought|[of] p2b: Charizard
|move|p1b: Incineroar|Fake Out|p2b: Charizard
|-damage|p2b: Charizard|83/100
|move|p2a: Basculegion|Flip Turn|p1b: Incineroar
|-supereffective|p1b: Incineroar|1
|-damage|p1b: Incineroar|78/100
|
|t:|1785351829
|switch|p2a: Garchomp|Garchomp, L50, M|100/100|[from] Flip Turn
|cant|p2b: Charizard|flinch
|move|p1a: Farigiraf|Trick Room|p1a: Farigiraf
|-fieldstart|move: Trick Room|[of] p1a: Farigiraf
|
|-weather|SunnyDay|[upkeep]
|upkeep
|turn|2
|inactive|Gottkomplexe has 30 seconds left.
|
|t:|1785351855
|move|p1a: Farigiraf|Psychic|p2b: Charizard
|-damage|p2b: Charizard|43/100
|move|p1b: Incineroar|Flare Blitz|p2b: Charizard
|-resisted|p2b: Charizard|1
|-damage|p2b: Charizard|0 fnt
|faint|p2b: Charizard
|-damage|p1b: Incineroar|66/100|[from] Recoil
|move|p2a: Garchomp|Earthquake|p1b: Incineroar|[spread] p1a,p1b
|-supereffective|p1b: Incineroar|1
|-damage|p1a: Farigiraf|60/100
|-damage|p1b: Incineroar|0 fnt
|faint|p1b: Incineroar
|
|-weather|SunnyDay|[upkeep]
|upkeep
|
|t:|1785351861
|switch|p1b: Mawile|Mawile, L50, M|100/100
|switch|p2b: Glimmora|Glimmora, L50, M|100/100
|turn|3
|
|t:|1785351871
|detailschange|p1b: Mawile|Mawile-Mega, L50, M
|-mega|p1b: Mawile|Mawile|Mawilite
|move|p2a: Garchomp|Protect|p2a: Garchomp
|-singleturn|p2a: Garchomp|Protect
|move|p1b: Mawile|Play Rough|p2a: Garchomp
|-activate|p2a: Garchomp|move: Protect
|move|p1a: Farigiraf|Psychic|p2b: Glimmora
|-supereffective|p2b: Glimmora|1
|-enditem|p2b: Glimmora|Focus Sash
|-damage|p2b: Glimmora|1/100
|move|p2b: Glimmora|Earth Power|p1b: Mawile
|-supereffective|p1b: Mawile|1
|-damage|p1b: Mawile|21/100
|
|-weather|SunnyDay|[upkeep]
|upkeep
|turn|4
|
|t:|1785351880
|switch|p2a: Basculegion|Basculegion, L50, M|100/100
|move|p2b: Glimmora|Spiky Shield|p2b: Glimmora
|-singleturn|p2b: Glimmora|move: Protect
|move|p1b: Mawile|Play Rough|p2a: Basculegion
|-damage|p2a: Basculegion|0 fnt
|faint|p2a: Basculegion
|move|p1a: Farigiraf|Psychic|p2b: Glimmora
|-activate|p2b: Glimmora|move: Protect
|
|-weather|SunnyDay|[upkeep]
|upkeep
|
|t:|1785351887
|switch|p2a: Garchomp|Garchomp, L50, M|100/100
|turn|5
|
|t:|1785351891
|move|p2a: Garchomp|Protect|p2a: Garchomp
|-singleturn|p2a: Garchomp|Protect
|move|p2b: Glimmora|Spiky Shield||[still]
|-fail|p2b: Glimmora
|move|p1b: Mawile|Play Rough|p2a: Garchomp
|-activate|p2a: Garchomp|move: Protect
|move|p1a: Farigiraf|Psychic|p2b: Glimmora
|-supereffective|p2b: Glimmora|1
|-damage|p2b: Glimmora|0 fnt
|faint|p2b: Glimmora
|
|-weather|none
|-fieldend|move: Trick Room
|upkeep
|turn|6
|
|t:|1785351901
|move|p1b: Mawile|Sucker Punch|p2a: Garchomp
|-damage|p2a: Garchomp|60/100
|-damage|p1b: Mawile|8/100|[from] ability: Rough Skin|[of] p2a: Garchomp
|move|p2a: Garchomp|Rock Slide|p1b: Mawile|[spread] p1a,p1b
|-resisted|p1b: Mawile|1
|-damage|p1a: Farigiraf|40/100
|-damage|p1b: Mawile|0 fnt
|faint|p1b: Mawile
|move|p1a: Farigiraf|Trick Room|p1a: Farigiraf
|-fieldstart|move: Trick Room|[of] p1a: Farigiraf
|
|upkeep
|
|t:|1785351903
|switch|p1b: Maushold|Maushold, L50|100/100
|turn|7
|
|t:|1785351911
|move|p1a: Farigiraf|Psychic|p2a: Garchomp
|-damage|p2a: Garchomp|21/100
|-enditem|p2a: Garchomp|Sitrus Berry|[eat]
|-heal|p2a: Garchomp|46/100|[from] item: Sitrus Berry
|move|p2a: Garchomp|Earthquake|p1b: Maushold|[spread] p1a,p1b
|-damage|p1a: Farigiraf|2/100
|-damage|p1b: Maushold|39/100
|move|p1b: Maushold|Population Bomb|p2a: Garchomp
|-damage|p2a: Garchomp|35/100
|-damage|p1b: Maushold|27/100|[from] ability: Rough Skin|[of] p2a: Garchomp
|-damage|p2a: Garchomp|25/100
|-damage|p1b: Maushold|15/100|[from] ability: Rough Skin|[of] p2a: Garchomp
|-crit|p2a: Garchomp
|-damage|p2a: Garchomp|8/100
|-damage|p1b: Maushold|3/100|[from] ability: Rough Skin|[of] p2a: Garchomp
|-damage|p2a: Garchomp|0 fnt
|-damage|p1b: Maushold|0 fnt|[from] ability: Rough Skin|[of] p2a: Garchomp
|faint|p2a: Garchomp
|faint|p1b: Maushold
|
|win|crosseczek
|-hitcount|p2: Garchomp|4
|c|☆Gottkomplexe|crazy team
|c|☆Gottkomplexe|gg
|c|☆crosseczek|GG wp
|c|☆crosseczek|Dam I'm going insane
|l|☆crosseczek
|player|p1|
|j|☆crosseczek
|player|p1|crosseczek|maid|
