|j|☆BackpackerRaden
|j|☆Maybe ALTcom
|html|BackpackerRadenMaybe ALTcom    
|uhtml|bestof|Game 1 of a best-of-3
|t:|1757719362
|gametype|doubles
|player|p1|BackpackerRaden|backpacker|1288
|player|p2|Maybe ALTcom|101|1364
|gen|9
|tier|[Gen 9] VGC 2025 Reg H (Bo3)
|rated|
|rule|Species Clause: Limit one of each Pokémon
|rule|Item Clause: Limit 1 of each item
|clearpoke
|poke|p1|Tyranitar, L50, M|
|poke|p1|Volcarona, L50, F|
|poke|p1|Amoonguss, L50, F|
|poke|p1|Gothitelle, L50, M|
|poke|p1|Tauros-Paldea-Aqua, L50, M|
|poke|p2|Palafin, L50, M|
|poke|p2|Gholdengo, L50|
|poke|p2|Incineroar, L50, M|
|poke|p2|Rillaboom, L50, M|
|poke|p2|Pelipper, L50, F|
|poke|p2|Kingambit, L50, M|
|teampreview|4
|showteam|p1|Tyranitar||AssaultVest|SandStream|RockSlide,KnockOff,LowKick,TeraBlast|||M|||50|,,,,,Fairy]Volcarona||CovertCloak|FlameBody|HeatWave,QuiverDance,Protect,GigaDrain|||F|||50|,,,,,Grass]Amoonguss||RockyHelmet|Regenerator|RagePowder,SludgeBomb,Protect,Spore|||F|||50|,,,,,Fairy]Gothitelle||SitrusBerry|ShadowTag|FakeOut,Psychic,TrickRoom,Protect|||M|||50|,,,,,Water]Tauros-Paldea-Aqua||SafetyGoggles|Intimidate|CloseCombat,AquaJet,WaveCrash,Protect|||M|||50|,,,,,Water
|showteam|p2|Palafin||MysticWater|ZerotoHero|Protect,WaveCrash,JetPunch,CloseCombat|||M|||50|,,,,,Fighting]Gholdengo||ChoiceSpecs|GoodasGold|Trick,PowerGem,MakeItRain,ShadowBall||||||50|,,,,,Steel]Incineroar||SafetyGoggles|Intimidate|FakeOut,FlareBlitz,KnockOff,PartingShot|||M|||50|,,,,,Grass]Rillaboom||AssaultVest|GrassySurge|WoodHammer,HighHorsepower,GrassyGlide,FakeOut|||M|||50|,,,,,Fire]Pelipper||FocusSash|Drizzle|Protect,Tailwind,WeatherBall,Hurricane|||F|||50|,,,,,Ghost]Kingambit||BlackGlasses|Defiant|Protect,SwordsDance,KowtowCleave,SuckerPunch|||M|||50|,,,,,Dark
|
|t:|1757719438
|teamsize|p1|4
|teamsize|p2|4
|start
|switch|p1a: Volcarona|Volcarona, L50, F, shiny|100/100
|switch|p1b: Gothitelle|Gothitelle, L50, M|100/100
|switch|p2a: Incineroar|Incineroar, L50, M|100/100
|switch|p2b: Rillaboom|Rillaboom, L50, M|100/100
|-fieldstart|move: Grassy Terrain|[from] ability: Grassy Surge|[of] p2b: Rillaboom
|-ability|p2a: Incineroar|Intimidate|boost
|-unboost|p1a: Volcarona|atk|1
|-unboost|p1b: Gothitelle|atk|1
|turn|1
|inactive|Battle timer is ON: inactive players will automatically lose when time's up. (requested by Maybe ALTcom)
|
|t:|1757719466
|move|p2b: Rillaboom|Fake Out|p1b: Gothitelle
|-damage|p1b: Gothitelle|85/100
|cant|p1b: Gothitelle|flinch
|move|p1a: Volcarona|Quiver Dance|p1a: Volcarona
|-boost|p1a: Volcarona|spa|1
|-boost|p1a: Volcarona|spd|1
|-boost|p1a: Volcarona|spe|1
|move|p2a: Incineroar|Knock Off|p1a: Volcarona
|-damage|p1a: Volcarona|46/100
|-enditem|p1a: Volcarona|Covert Cloak|[from] move: Knock Off|[of] p2a: Incineroar
|
|-heal|p1a: Volcarona|52/100|[from] Grassy Terrain
|-heal|p1b: Gothitelle|91/100|[from] Grassy Terrain
|upkeep
|turn|2
|
|t:|1757719485
|-terastallize|p2b: Rillaboom|Fire
|move|p1b: Gothitelle|Protect|p1b: Gothitelle
|-singleturn|p1b: Gothitelle|Protect
|move|p1a: Volcarona|Heat Wave|p2b: Rillaboom|[spread] p2a,p2b
|-resisted|p2a: Incineroar
|-resisted|p2b: Rillaboom
|-crit|p2b: Rillaboom
|-damage|p2a: Incineroar|77/100
|-damage|p2b: Rillaboom|67/100
|move|p2b: Rillaboom|High Horsepower|p1a: Volcarona
|-damage|p1a: Volcarona|6/100
|move|p2a: Incineroar|Knock Off|p1b: Gothitelle
|-activate|p1b: Gothitelle|move: Protect
|
|-heal|p1a: Volcarona|12/100|[from] Grassy Terrain
|-heal|p2b: Rillaboom|73/100|[from] Grassy Terrain
|-heal|p1b: Gothitelle|98/100|[from] Grassy Terrain
|-heal|p2a: Incineroar|83/100|[from] Grassy Terrain
|upkeep
|turn|3
|
|t:|1757719508
|move|p1a: Volcarona|Protect|p1a: Volcarona
|-singleturn|p1a: Volcarona|Protect
|move|p2b: Rillaboom|High Horsepower|p1a: Volcarona
|-activate|p1a: Volcarona|move: Protect
|move|p1b: Gothitelle|Psychic|p2b: Rillaboom
|-damage|p2b: Rillaboom|47/100
|move|p2a: Incineroar|Knock Off|p1b: Gothitelle
|-supereffective|p1b: Gothitelle
|-damage|p1b: Gothitelle|16/100
|-enditem|p1b: Gothitelle|Sitrus Berry|[from] move: Knock Off|[of] p2a: Incineroar
|
|-heal|p1a: Volcarona|18/100|[from] Grassy Terrain
|-heal|p2b: Rillaboom|53/100|[from] Grassy Terrain
|-heal|p1b: Gothitelle|23/100|[from] Grassy Terrain
|-heal|p2a: Incineroar|89/100|[from] Grassy Terrain
|upkeep
|turn|4
|
|t:|1757719519
|move|p1a: Volcarona|Heat Wave|p2b: Rillaboom|[spread] p2a,p2b
|-resisted|p2a: Incineroar
|-resisted|p2b: Rillaboom
|-damage|p2a: Incineroar|68/100
|-damage|p2b: Rillaboom|28/100
|move|p2b: Rillaboom|High Horsepower|p1a: Volcarona
|-damage|p1a: Volcarona|0 fnt
|faint|p1a: Volcarona
|move|p1b: Gothitelle|Psychic|p2b: Rillaboom
|-damage|p2b: Rillaboom|4/100
|move|p2a: Incineroar|Knock Off|p1b: Gothitelle
|-supereffective|p1b: Gothitelle
|-damage|p1b: Gothitelle|0 fnt
|faint|p1b: Gothitelle
|
|-heal|p2b: Rillaboom|10/100|[from] Grassy Terrain
|-heal|p2a: Incineroar|74/100|[from] Grassy Terrain
|upkeep
|
|t:|1757719526
|switch|p1a: Tyranitar|Tyranitar, L50, M|100/100
|switch|p1b: Amoonguss|Amoonguss, L50, F|100/100
|-weather|Sandstorm|[from] ability: Sand Stream|[of] p1a: Tyranitar
|turn|5
|
|t:|1757719546
|switch|p2a: Gholdengo|Gholdengo, L50|100/100
|move|p1b: Amoonguss|Rage Powder|p1b: Amoonguss
|-singleturn|p1b: Amoonguss|move: Rage Powder
|move|p2b: Rillaboom|Wood Hammer|p1b: Amoonguss
|-resisted|p1b: Amoonguss
|-damage|p1b: Amoonguss|83/100
|-damage|p2b: Rillaboom|0 fnt|[from] item: Rocky Helmet|[of] p1b: Amoonguss
|faint|p2b: Rillaboom
|move|p1a: Tyranitar|Rock Slide|p2a: Gholdengo
|-resisted|p2a: Gholdengo
|-damage|p2a: Gholdengo|77/100
|
|-weather|Sandstorm|[upkeep]
|-damage|p1b: Amoonguss|77/100|[from] Sandstorm
|-heal|p2a: Gholdengo|83/100|[from] Grassy Terrain
|-heal|p1b: Amoonguss|83/100|[from] Grassy Terrain
|-fieldend|move: Grassy Terrain
|upkeep
|
|t:|1757719550
|switch|p2b: Incineroar|Incineroar, L50, M|74/100
|-ability|p2b: Incineroar|Intimidate|boost
|-unboost|p1a: Tyranitar|atk|1
|-unboost|p1b: Amoonguss|atk|1
|turn|6
|
|t:|1757719565
|move|p2b: Incineroar|Fake Out|p1a: Tyranitar
|-resisted|p1a: Tyranitar
|-damage|p1a: Tyranitar|97/100
|move|p2a: Gholdengo|Make It Rain|p1a: Tyranitar|[spread] p1a,p1b
|-supereffective|p1a: Tyranitar
|-damage|p1a: Tyranitar|40/100
|-damage|p1b: Amoonguss|14/100
|-unboost|p2a: Gholdengo|spa|1
|cant|p1a: Tyranitar|flinch
|move|p1b: Amoonguss|Sludge Bomb|p2b: Incineroar
|-damage|p2b: Incineroar|51/100
|
|-weather|Sandstorm|[upkeep]
|-damage|p1b: Amoonguss|8/100|[from] Sandstorm
|upkeep
|turn|7
|
|t:|1757719575
|switch|p2b: Pelipper|Pelipper, L50, F|100/100
|-weather|RainDance|[from] ability: Drizzle|[of] p2b: Pelipper
|move|p1b: Amoonguss|Protect|p1b: Amoonguss
|-singleturn|p1b: Amoonguss|Protect
|move|p2a: Gholdengo|Make It Rain|p1b: Amoonguss|[spread] p1a
|-activate|p1b: Amoonguss|move: Protect
|-supereffective|p1a: Tyranitar
|-damage|p1a: Tyranitar|0 fnt
|-unboost|p2a: Gholdengo|spa|1
|faint|p1a: Tyranitar
|
|-weather|RainDance|[upkeep]
|upkeep
|turn|8
|
|t:|1757719594
|move|p2a: Gholdengo|Make It Rain|p1b: Amoonguss
|-damage|p1b: Amoonguss|0 fnt
|-unboost|p2a: Gholdengo|spa|1
|faint|p1b: Amoonguss
|
|win|Maybe ALTcom
||BackpackerRaden is ready for game 2.
||Maybe ALTcom is ready for game 2.
|uhtml|next|Next: Game 2 of 3
|l|☆Maybe ALTcom
|player|p2|
|l|☆BackpackerRaden
|player|p1|
