|j|☆The median voter
|j|☆louisvillecupchamp
|html|The median voterlouisvillecupchamp    
|uhtml|bestof|Game 3 of a best-of-3
|t:|1754699136
|gametype|doubles
|player|p1|The median voter|scientist-gen4dp|1291
|player|p2|louisvillecupchamp|fisherman-gen4|1404
|gen|9
|tier|[Gen 9] VGC 2025 Reg H (Bo3)
|rated|
|rule|Species Clause: Limit one of each Pokémon
|rule|Item Clause: Limit 1 of each item
|clearpoke
|poke|p1|Kommo-o, L50, M|
|poke|p1|Volcarona, L50, M|
|poke|p1|Rillaboom, L50, M|
|poke|p1|Kingambit, L50, M|
|poke|p1|Ninetales-Alola, L50, M|
|poke|p1|Arcanine-Hisui, L50, M|
|poke|p2|Charizard, L50, M|
|poke|p2|Torkoal, L50, F|
|poke|p2|Porygon2, L50|
|poke|p2|Incineroar, L50, F|
|poke|p2|Jumpluff, L50, F|
|poke|p2|Ursaluna, L50, F|
|teampreview|4
|showteam|p1|Kommo-o||GrassySeed|Overcoat|BodyPress,IronDefense,Protect,Flamethrower|||M|||50|,,,,,Fire]Volcarona||SitrusBerry|FlameBody|HeatWave,GigaDrain,QuiverDance,Protect|||M|||50|,,,,,Grass]Rillaboom||AssaultVest|GrassySurge|FakeOut,GrassyGlide,WoodHammer,HighHorsepower|||M|||50|,,,,,Fire]Kingambit||BlackGlasses|Defiant|KowtowCleave,SuckerPunch,IronHead,Protect|||M|||50|,,,,,Dark]Ninetales-Alola||LifeOrb|SnowWarning|Blizzard,Protect,Encore,Moonblast|||M|||50|,,,,,Ghost]Arcanine-Hisui||FocusSash|Intimidate|RockSlide,FlareBlitz,ExtremeSpeed,Protect|||M|||50|,,,,,Ghost
|showteam|p2|Charizard||ChoiceSpecs|SolarPower|HeatWave,Overheat,WeatherBall,AirSlash|||M|||50|,,,,,Ghost]Torkoal||EjectPack|Drought|Eruption,Overheat,HelpingHand,Protect|||F|||50|,,,,,Fire]Porygon2||Eviolite|Download|IceBeam,TeraBlast,TrickRoom,Recover||||||50|,,,,,Fighting]Incineroar||SafetyGoggles|Intimidate|FlareBlitz,KnockOff,FakeOut,PartingShot|||F|||50|,,,,,Ghost]Jumpluff||CovertCloak|Chlorophyll|SleepPowder,SunnyDay,RagePowder,Tailwind|||F|||50|,,,,,Water]Ursaluna||FlameOrb|Guts|HeadlongRush,Facade,Earthquake,Protect|||F|||50|,,,,,Ghost
|
|t:|1754699152
|teamsize|p1|4
|teamsize|p2|4
|start
|switch|p1a: Kommo-o|Kommo-o, L50, M|100/100
|switch|p1b: Rillaboom|Rillaboom, L50, M|100/100
|switch|p2a: Torkoal|Torkoal, L50, F|100/100
|switch|p2b: Jumpluff|Jumpluff, L50, F|100/100
|-fieldstart|move: Grassy Terrain|[from] ability: Grassy Surge|[of] p1b: Rillaboom
|-enditem|p1a: Kommo-o|Grassy Seed
|-boost|p1a: Kommo-o|def|1|[from] item: Grassy Seed
|-weather|SunnyDay|[from] ability: Drought|[of] p2a: Torkoal
|turn|1
|
|t:|1754699173
|switch|p2a: Charizard|Charizard, L50, M|100/100
|move|p1b: Rillaboom|Fake Out|p2a: Charizard
|-damage|p2a: Charizard|80/100
|move|p2b: Jumpluff|Tailwind|p2b: Jumpluff
|-sidestart|p2: louisvillecupchamp|move: Tailwind
|move|p1a: Kommo-o|Flamethrower|p2b: Jumpluff
|-supereffective|p2b: Jumpluff
|-damage|p2b: Jumpluff|36/100
|
|-weather|SunnyDay|[upkeep]
|-damage|p2a: Charizard|68/100|[from] ability: Solar Power|[of] p2a: Charizard
|upkeep
|turn|2
|
|t:|1754699183
|switch|p1a: Arcanine|Arcanine-Hisui, L50, M|100/100
|-ability|p1a: Arcanine|Intimidate|boost
|-unboost|p2a: Charizard|atk|1
|-unboost|p2b: Jumpluff|atk|1
|move|p2b: Jumpluff|Sleep Powder|p1b: Rillaboom
|-immune|p1b: Rillaboom
|move|p2a: Charizard|Overheat|p1a: Arcanine
|-resisted|p1a: Arcanine
|-damage|p1a: Arcanine|39/100
|-unboost|p2a: Charizard|spa|2
|move|p1b: Rillaboom|Wood Hammer|p2a: Charizard
|-resisted|p2a: Charizard
|-damage|p2a: Charizard|41/100
|-damage|p1b: Rillaboom|94/100|[from] Recoil
|
|-weather|SunnyDay|[upkeep]
|-damage|p2a: Charizard|29/100|[from] ability: Solar Power|[of] p2a: Charizard
|-heal|p1a: Arcanine|45/100|[from] Grassy Terrain
|-heal|p1b: Rillaboom|99/100|[from] Grassy Terrain
|upkeep
|turn|3
|
|t:|1754699195
|-terastallize|p2a: Charizard|Ghost
|move|p1a: Arcanine|Extreme Speed|p2b: Jumpluff
|-damage|p2b: Jumpluff|9/100
|move|p1b: Rillaboom|Grassy Glide|p2b: Jumpluff
|-resisted|p2b: Jumpluff
|-damage|p2b: Jumpluff|0 fnt
|faint|p2b: Jumpluff
|move|p2a: Charizard|Overheat|p1b: Rillaboom
|-supereffective|p1b: Rillaboom
|-damage|p1b: Rillaboom|0 fnt
|-unboost|p2a: Charizard|spa|2
|faint|p1b: Rillaboom
|
|-weather|SunnyDay|[upkeep]
|-damage|p2a: Charizard|16/100|[from] ability: Solar Power|[of] p2a: Charizard
|-heal|p2a: Charizard|22/100|[from] Grassy Terrain
|-heal|p1a: Arcanine|51/100|[from] Grassy Terrain
|upkeep
|
|t:|1754699208
|switch|p2b: Porygon2|Porygon2, L50|100/100
|switch|p1b: Kommo-o|Kommo-o, L50, M|100/100
|-ability|p2b: Porygon2|Download|boost
|-boost|p2b: Porygon2|spa|1
|turn|4
|
|t:|1754699219
|-terastallize|p1b: Kommo-o|Fire
|move|p1a: Arcanine|Protect|p1a: Arcanine
|-singleturn|p1a: Arcanine|Protect
|move|p2a: Charizard|Overheat|p1a: Arcanine
|-activate|p1a: Arcanine|move: Protect
|move|p1b: Kommo-o|Iron Defense|p1b: Kommo-o
|-boost|p1b: Kommo-o|def|2
|move|p2b: Porygon2|Trick Room|p2b: Porygon2
|-fieldstart|move: Trick Room|[of] p2b: Porygon2
|
|-weather|SunnyDay|[upkeep]
|-damage|p2a: Charizard|10/100|[from] ability: Solar Power|[of] p2a: Charizard
|-heal|p1a: Arcanine|57/100|[from] Grassy Terrain
|-heal|p2a: Charizard|16/100|[from] Grassy Terrain
|-sideend|p2: louisvillecupchamp|move: Tailwind
|upkeep
|turn|5
|
|t:|1754699241
|move|p2b: Porygon2|Tera Blast|p1b: Kommo-o
|-damage|p1b: Kommo-o|37/100
|move|p1b: Kommo-o|Body Press|p2b: Porygon2
|-supereffective|p2b: Porygon2
|-damage|p2b: Porygon2|0 fnt
|faint|p2b: Porygon2
|move|p1a: Arcanine|Rock Slide|p2a: Charizard
|-damage|p2a: Charizard|0 fnt
|faint|p2a: Charizard
|
|-weather|none
|-heal|p1b: Kommo-o|43/100|[from] Grassy Terrain
|-heal|p1a: Arcanine|62/100|[from] Grassy Terrain
|-fieldend|move: Grassy Terrain
|upkeep
|-message|louisvillecupchamp forfeited.
|raw|The median voter's rating: 1291 → 1324(+33 for winning)
|raw|louisvillecupchamp's rating: 1404 → 1378(-26 for losing)
|
|win|The median voter
|l|☆louisvillecupchamp
|player|p2|
|l|☆The median voter
|player|p1|
|j|☆The median voter
|player|p1|The median voter|scientist-gen4dp|
