|j|☆MrsMarxy
|j|☆TheLeoj
|html|MrsMarxyTheLeoj    
|uhtml|bestof|Game 1 of a best-of-3
|t:|1784951350
|gametype|doubles
|player|p1|MrsMarxy|bellelba|1179
|player|p2|TheLeoj|hiker-gen4|1171
|gen|9
|tier|[Gen 9 Champions] VGC 2026 Reg M-B (Bo3)
|rated|
|rule|Species Clause: Limit one of each Pokémon
|rule|Item Clause: Limit 1 of each item
|clearpoke
|poke|p1|Venusaur, L50, M|
|poke|p1|Charizard, L50, M|
|poke|p1|Grimmsnarl, L50, M|
|poke|p1|Archaludon, L50, F|
|poke|p1|Basculegion, L50, M|
|poke|p1|Pelipper, L50, F|
|poke|p2|Gengar, L50, F, shiny|
|poke|p2|Grimmsnarl, L50, M, shiny|
|poke|p2|Incineroar, L50, F, shiny|
|poke|p2|Politoed, L50, F, shiny|
|poke|p2|Sinistcha, L50, shiny|
|poke|p2|Floette-Eternal, L50, F|
|teampreview|4
|showteam|p1|Venusaur||FocusSash|Chlorophyll|SludgeBomb,EarthPower,SleepPowder,Protect|Modest||M|||50|]Charizard||CharizarditeY|Blaze|Protect,HeatWave,SolarBeam,WeatherBall|Modest||M|||50|]Grimmsnarl||LightClay|Prankster|SpiritBreak,LightScreen,Reflect,PartingShot|Sassy||M|||50|]Archaludon||Leftovers|Stamina|ElectroShot,DragonPulse,FlashCannon,Protect|Calm||F|||50|]Basculegion||ChoiceScarf|Adaptability|WaveCrash,LastRespects,AquaJet,FlipTurn|Jolly||M|||50|]Pelipper||SitrusBerry|Drizzle|Hurricane,WeatherBall,Tailwind,WideGuard|Modest||F|||50|
|showteam|p2|Gengar||Gengarite|CursedBody|ShadowBall,PerishSong,Disable,Protect|Timid||F|||50|]Grimmsnarl||LightClay|Prankster|Reflect,LightScreen,FakeOut,PartingShot|Sassy||M|||50|]Incineroar||PasshoBerry|Blaze|FakeOut,Snarl,Protect,PartingShot|Relaxed||F|||50|]Politoed||SitrusBerry|WaterAbsorb|PerishSong,Encore,Protect,MuddyWater|Calm||F|||50|]Sinistcha||ColburBerry|Hospitality|StrengthSap,MatchaGotcha,Protect,RagePowder|Relaxed|||||50|]Floette-Eternal||Floettite|FlowerVeil|Moonblast,DrainingKiss,Protect,CalmMind|Timid||F|||50|
|inactive|Battle timer is ON: inactive players will automatically lose when time's up. (requested by MrsMarxy)
|inactive|TheLeoj also wants the timer to be on.
|inactive|MrsMarxy has 60 seconds left.
|inactive|TheLeoj has 60 seconds left.
|
|t:|1784951406
|teamsize|p1|4
|teamsize|p2|4
|start
|switch|p1a: Grimmsnarl|Grimmsnarl, L50, M|100/100
|switch|p1b: Basculegion|Basculegion, L50, M|100/100
|switch|p2a: Gengar|Gengar, L50, F, shiny|100/100
|switch|p2b: Incineroar|Incineroar, L50, F, shiny|100/100
|turn|1
|
|t:|1784951443
|switch|p2a: Grimmsnarl|Grimmsnarl, L50, M, shiny|100/100
|move|p2b: Incineroar|Fake Out|p1a: Grimmsnarl
|-damage|p1a: Grimmsnarl|88/100
|cant|p1a: Grimmsnarl|flinch
|move|p1b: Basculegion|Wave Crash|p2a: Grimmsnarl
|-damage|p2a: Grimmsnarl|24/100
|-damage|p1b: Basculegion|74/100|[from] Recoil
|
|upkeep
|turn|2
|
|t:|1784951466
|switch|p1b: Archaludon|Archaludon, L50, F|100/100
|switch|p1a: Pelipper|Pelipper, L50, F|100/100
|-weather|RainDance|[from] ability: Drizzle|[of] p1a: Pelipper
|move|p2a: Grimmsnarl|Fake Out|p1b: Archaludon
|-resisted|p1b: Archaludon|1
|-damage|p1b: Archaludon|95/100
|-ability|p1b: Archaludon|Stamina|boost
|-boost|p1b: Archaludon|def|1
|move|p2b: Incineroar|Parting Shot|p1a: Pelipper
|-unboost|p1a: Pelipper|atk|1
|-unboost|p1a: Pelipper|spa|1
|
|t:|1784951480
|switch|p2b: Gengar|Gengar, L50, F, shiny|100/100|[from] Parting Shot
|
|-weather|RainDance|[upkeep]
|-heal|p1b: Archaludon|100/100|[from] item: Leftovers
|upkeep
|turn|3
|
|t:|1784951493
|switch|p1b: Grimmsnarl|Grimmsnarl, L50, M|88/100
|switch|p1a: Basculegion|Basculegion, L50, M|74/100
|detailschange|p2b: Gengar|Gengar-Mega, L50, F, shiny
|-mega|p2b: Gengar|Gengar|Gengarite
|move|p2a: Grimmsnarl|Parting Shot|p1b: Grimmsnarl
|-hint|Since gen 7, Dark is immune to Prankster moves.
|-immune|p1b: Grimmsnarl
|move|p2b: Gengar|Perish Song|p2b: Gengar
|-start|p1a: Basculegion|perish3|[silent]
|-start|p1b: Grimmsnarl|perish3|[silent]
|-start|p2a: Grimmsnarl|perish3|[silent]
|-start|p2b: Gengar|perish3|[silent]
|-fieldactivate|move: Perish Song
|
|-weather|RainDance|[upkeep]
|-start|p1a: Basculegion|perish3
|-start|p2b: Gengar|perish3
|-start|p2a: Grimmsnarl|perish3
|-start|p1b: Grimmsnarl|perish3
|upkeep
|turn|4
|
|t:|1784951518
|move|p2b: Gengar|Protect|p2b: Gengar
|-singleturn|p2b: Gengar|Protect
|move|p2a: Grimmsnarl|Reflect|p2a: Grimmsnarl
|-sidestart|p2: TheLeoj|Reflect
|move|p1b: Grimmsnarl|Parting Shot|p2b: Gengar
|-activate|p2b: Gengar|move: Protect
|move|p1a: Basculegion|Flip Turn|p2a: Grimmsnarl
|-damage|p2a: Grimmsnarl|0 fnt
|faint|p2a: Grimmsnarl
|
|t:|1784951528
|switch|p1a: Archaludon|Archaludon, L50, F|100/100|[from] Flip Turn
|
|-weather|RainDance|[upkeep]
|-start|p2b: Gengar|perish2
|-start|p1b: Grimmsnarl|perish2
|upkeep
|
|t:|1784951532
|switch|p2a: Incineroar|Incineroar, L50, F, shiny|100/100
|turn|5
|inactive|MrsMarxy has 30 seconds left.
|
|t:|1784951558
|move|p2a: Incineroar|Fake Out|p1b: Grimmsnarl
|-damage|p1b: Grimmsnarl|78/100
|cant|p1b: Grimmsnarl|flinch
|move|p2b: Gengar|Disable|p1b: Grimmsnarl
|-start|p1b: Grimmsnarl|Disable|Parting Shot
|move|p1a: Archaludon|Electro Shot||[still]
|-prepare|p1a: Archaludon|Electro Shot
|-boost|p1a: Archaludon|spa|1
|-anim|p1a: Archaludon|Electro Shot|p2b: Gengar
|-damage|p2b: Gengar|41/100
|
|-weather|RainDance|[upkeep]
|-start|p2b: Gengar|perish1
|-start|p1b: Grimmsnarl|perish1
|upkeep
|turn|6
|inactive|TheLeoj has 30 seconds left.
|inactive|MrsMarxy has 30 seconds left.
|inactive|TheLeoj has 20 seconds left.
|inactive|TheLeoj has 15 seconds left.
|
|t:|1784951600
|switch|p2b: Politoed|Politoed, L50, F, shiny|100/100
|move|p1b: Grimmsnarl|Reflect|p1b: Grimmsnarl
|-sidestart|p1: MrsMarxy|Reflect
|move|p1a: Archaludon|Electro Shot||[still]
|-prepare|p1a: Archaludon|Electro Shot
|-boost|p1a: Archaludon|spa|1
|-anim|p1a: Archaludon|Electro Shot|p2a: Incineroar
|-damage|p2a: Incineroar|41/100
|move|p2a: Incineroar|Parting Shot|p1a: Archaludon
|-unboost|p1a: Archaludon|atk|1
|-unboost|p1a: Archaludon|spa|1
|
|t:|1784951612
|switch|p2a: Gengar|Gengar-Mega, L50, F, shiny|41/100|[from] Parting Shot
|
|-weather|none
|-start|p1b: Grimmsnarl|perish0
|faint|p1b: Grimmsnarl
|upkeep
|
|t:|1784951619
|switch|p1b: Basculegion|Basculegion, L50, M|74/100
|turn|7
|
|t:|1784951641
|move|p2a: Gengar|Protect|p2a: Gengar
|-singleturn|p2a: Gengar|Protect
|move|p1b: Basculegion|Wave Crash|p2a: Gengar
|-activate|p2a: Gengar|move: Protect
|move|p1a: Archaludon|Dragon Pulse|p2b: Politoed
|-damage|p2b: Politoed|58/100
|move|p2b: Politoed|Perish Song|p2b: Politoed
|-start|p1a: Archaludon|perish3|[silent]
|-start|p1b: Basculegion|perish3|[silent]
|-start|p2a: Gengar|perish3|[silent]
|-start|p2b: Politoed|perish3|[silent]
|-fieldactivate|move: Perish Song
|
|-start|p1b: Basculegion|perish3
|-start|p2a: Gengar|perish3
|-start|p1a: Archaludon|perish3
|-start|p2b: Politoed|perish3
|upkeep
|turn|8
|
|t:|1784951664
|switch|p1b: Pelipper|Pelipper, L50, F|100/100
|-weather|RainDance|[from] ability: Drizzle|[of] p1b: Pelipper
|switch|p2a: Incineroar|Incineroar, L50, F, shiny|41/100
|move|p2b: Politoed|Protect|p2b: Politoed
|-singleturn|p2b: Politoed|Protect
|move|p1a: Archaludon|Dragon Pulse|p2a: Incineroar
|-damage|p2a: Incineroar|0 fnt
|faint|p2a: Incineroar
|
|-weather|RainDance|[upkeep]
|-start|p1a: Archaludon|perish2
|-start|p2b: Politoed|perish2
|upkeep
|
|t:|1784951675
|switch|p2a: Gengar|Gengar-Mega, L50, F, shiny|41/100
|turn|9
|
|t:|1784951693
|move|p2a: Gengar|Protect|p2a: Gengar
|-singleturn|p2a: Gengar|Protect
|move|p1a: Archaludon|Electro Shot||[still]
|-prepare|p1a: Archaludon|Electro Shot
|-boost|p1a: Archaludon|spa|1
|-anim|p1a: Archaludon|Electro Shot|p2b: Politoed
|-supereffective|p2b: Politoed|1
|-damage|p2b: Politoed|0 fnt
|faint|p2b: Politoed
|move|p1b: Pelipper|Weather Ball|p2a: Gengar
|-activate|p2a: Gengar|move: Protect
|
|-weather|RainDance|[upkeep]
|-start|p1a: Archaludon|perish1
|upkeep
|turn|10
|-message|TheLeoj forfeited.
|
|win|MrsMarxy
