|j|☆Tomo05
|j|☆Calabria_Fan
|html|Tomo05Calabria_Fan    
|uhtml|bestof|Game 2 of a best-of-3
|t:|1756389509
|gametype|doubles
|player|p1|Tomo05|169|1298
|player|p2|Calabria_Fan|101|1369
|gen|9
|tier|[Gen 9] VGC 2025 Reg H (Bo3)
|rated|
|rule|Species Clause: Limit one of each Pokémon
|rule|Item Clause: Limit 1 of each item
|clearpoke
|poke|p1|Volcarona, L50, M|
|poke|p1|Rillaboom, L50, M|
|poke|p1|Archaludon, L50, M|
|poke|p1|Basculegion, L50, M|
|poke|p1|Politoed, L50, F|
|poke|p1|Comfey, L50, F|
|poke|p2|Basculegion, L50, M|
|poke|p2|Pelipper, L50, M|
|poke|p2|Archaludon, L50, M|
|poke|p2|Incineroar, L50, M|
|poke|p2|Gholdengo, L50|
|poke|p2|Amoonguss, L50, M|
|teampreview|4
|showteam|p1|Volcarona||RockyHelmet|FlameBody|Tailwind,RagePowder,Overheat,StruggleBug|||M|||50|,,,,,Water]Rillaboom||LoadedDice|GrassySurge|FakeOut,GrassyGlide,BulletSeed,Taunt|||M|||50|,,,,,Fire]Archaludon||AssaultVest|Stamina|ElectroShot,FlashCannon,DragonPulse,BodyPress|||M|||50|,,,,,Grass]Basculegion||ChoiceBand|SwiftSwim|WaveCrash,LastRespects,FlipTurn,AquaJet|||M|||50|,,,,,Grass]Politoed||Leftovers|Drizzle|Protect,Haze,HelpingHand,MuddyWater|||F|||50|,,,,,Poison]Comfey||WikiBerry|Triage|Protect,FloralHealing,TrickRoom,DrainingKiss|||F|||50|,,,,,Steel
|showteam|p2|Basculegion||ChoiceBand|SwiftSwim|WaveCrash,AquaJet,FlipTurn,LastRespects|||M|||50|,,,,,Water]Pelipper||FocusSash|Drizzle|WeatherBall,Hurricane,Tailwind,Protect|||M|||50|,,,,,Ghost]Archaludon||AssaultVest|Stamina|ElectroShot,DragonPulse,FlashCannon,BodyPress|||M|||50|,,,,,Grass]Incineroar||SafetyGoggles|Intimidate|FakeOut,KnockOff,Taunt,PartingShot|||M|||50|,,,,,Ghost]Gholdengo||LifeOrb|GoodasGold|MakeItRain,ShadowBall,NastyPlot,Protect||||||50|,,,,,Water]Amoonguss||SitrusBerry|Regenerator|RagePowder,Spore,PollenPuff,Protect|||M|||50|,,,,,Psychic
|
|t:|1756389630
|teamsize|p1|4
|teamsize|p2|4
|start
|switch|p1a: Archaludon|Archaludon, L50, M|100/100
|switch|p1b: Rillaboom|Rillaboom, L50, M|100/100
|switch|p2a: Amoonguss|Amoonguss, L50, M|100/100
|switch|p2b: Gholdengo|Gholdengo, L50|100/100
|-fieldstart|move: Grassy Terrain|[from] ability: Grassy Surge|[of] p1b: Rillaboom
|turn|1
|
|t:|1756389748
|move|p2b: Gholdengo|Nasty Plot|p2b: Gholdengo
|-boost|p2b: Gholdengo|spa|2
|move|p1b: Rillaboom|Taunt|p2a: Amoonguss
|-start|p2a: Amoonguss|move: Taunt
|move|p1a: Archaludon|Electro Shot||[still]
|-prepare|p1a: Archaludon|Electro Shot
|-boost|p1a: Archaludon|spa|1
|move|p2a: Amoonguss|Pollen Puff|p2b: Gholdengo
|
|upkeep
|turn|2
|
|t:|1756389796
|switch|p1b: Volcarona|Volcarona, L50, M|100/100
|switch|p2a: Archaludon|Archaludon, L50, M|100/100
|move|p2b: Gholdengo|Protect|p2b: Gholdengo
|-singleturn|p2b: Gholdengo|Protect
|move|p1a: Archaludon|Electro Shot|p2b: Gholdengo|[from] lockedmove
|-activate|p2b: Gholdengo|move: Protect
|
|upkeep
|turn|3
|
|t:|1756389863
|-terastallize|p2b: Gholdengo|Water
|move|p1b: Volcarona|Overheat|p2b: Gholdengo
|-resisted|p2b: Gholdengo
|-damage|p2b: Gholdengo|70/100
|-unboost|p1b: Volcarona|spa|2
|move|p2b: Gholdengo|Shadow Ball|p1a: Archaludon
|-damage|p1a: Archaludon|29/100
|-ability|p1a: Archaludon|Stamina|boost
|-boost|p1a: Archaludon|def|1
|-damage|p2b: Gholdengo|61/100|[from] item: Life Orb
|move|p2a: Archaludon|Dragon Pulse|p1a: Archaludon
|-damage|p1a: Archaludon|0 fnt
|faint|p1a: Archaludon
|
|-heal|p2b: Gholdengo|67/100|[from] Grassy Terrain
|upkeep
|
|t:|1756389870
|switch|p1a: Rillaboom|Rillaboom, L50, M|100/100
|turn|4
|
|t:|1756389977
|move|p2b: Gholdengo|Protect|p2b: Gholdengo
|-singleturn|p2b: Gholdengo|Protect
|move|p1a: Rillaboom|Fake Out|p2b: Gholdengo
|-activate|p2b: Gholdengo|move: Protect
|move|p1b: Volcarona|Tailwind|p1b: Volcarona
|-sidestart|p1: Tomo05|move: Tailwind
|move|p2a: Archaludon|Dragon Pulse|p1b: Volcarona
|-damage|p1b: Volcarona|62/100
|
|-heal|p1b: Volcarona|68/100|[from] Grassy Terrain
|-heal|p2b: Gholdengo|73/100|[from] Grassy Terrain
|upkeep
|turn|5
|
|t:|1756390025
|switch|p1b: Comfey|Comfey, L50, F|100/100
|switch|p2b: Pelipper|Pelipper, L50, M|100/100
|-weather|RainDance|[from] ability: Drizzle|[of] p2b: Pelipper
|move|p1a: Rillaboom|Bullet Seed|p2b: Pelipper
|-damage|p2b: Pelipper|78/100
|-damage|p2b: Pelipper|56/100
|-damage|p2b: Pelipper|34/100
|-damage|p2b: Pelipper|9/100
|-damage|p2b: Pelipper|0 fnt
|faint|p2b: Pelipper
|-hitcount|p2: Pelipper|5
|move|p2a: Archaludon|Electro Shot||[still]
|-prepare|p2a: Archaludon|Electro Shot
|-boost|p2a: Archaludon|spa|1
|-anim|p2a: Archaludon|Electro Shot|p1b: Comfey
|-damage|p1b: Comfey|38/100
|
|-weather|RainDance|[upkeep]
|-heal|p1b: Comfey|44/100|[from] Grassy Terrain
|-fieldend|move: Grassy Terrain
|upkeep
|
|t:|1756390036
|switch|p2b: Amoonguss|Amoonguss, L50, M|100/100
|turn|6
|
|t:|1756390051
|move|p1b: Comfey|Draining Kiss|p2a: Archaludon
|-damage|p2a: Archaludon|89/100
|-heal|p1b: Comfey|54/100|[from] drain|[of] p2a: Archaludon
|-ability|p2a: Archaludon|Stamina|boost
|-boost|p2a: Archaludon|def|1
|move|p1a: Rillaboom|Bullet Seed|p2b: Amoonguss
|-resisted|p2b: Amoonguss
|-damage|p2b: Amoonguss|98/100
|-resisted|p2b: Amoonguss
|-damage|p2b: Amoonguss|95/100
|-resisted|p2b: Amoonguss
|-damage|p2b: Amoonguss|92/100
|-resisted|p2b: Amoonguss
|-damage|p2b: Amoonguss|90/100
|-hitcount|p2b: Amoonguss|4
|move|p2a: Archaludon|Electro Shot||[still]
|-prepare|p2a: Archaludon|Electro Shot
|-boost|p2a: Archaludon|spa|1
|-anim|p2a: Archaludon|Electro Shot|p1b: Comfey
|-crit|p1b: Comfey
|-damage|p1b: Comfey|0 fnt
|faint|p1b: Comfey
|move|p2b: Amoonguss|Pollen Puff|p1a: Rillaboom
|-supereffective|p1a: Rillaboom
|-damage|p1a: Rillaboom|53/100
|
|-weather|RainDance|[upkeep]
|upkeep
|
|t:|1756390057
|switch|p1b: Volcarona|Volcarona, L50, M|68/100
|turn|7
|
|t:|1756390068
|move|p1b: Volcarona|Overheat|p2a: Archaludon|[miss]
|-miss|p1b: Volcarona|p2a: Archaludon
|move|p1a: Rillaboom|Bullet Seed|p2a: Archaludon
|-resisted|p2a: Archaludon
|-damage|p2a: Archaludon|88/100
|-ability|p2a: Archaludon|Stamina|boost
|-boost|p2a: Archaludon|def|1
|-resisted|p2a: Archaludon
|-damage|p2a: Archaludon|87/100
|-ability|p2a: Archaludon|Stamina|boost
|-boost|p2a: Archaludon|def|1
|-resisted|p2a: Archaludon
|-damage|p2a: Archaludon|86/100
|-ability|p2a: Archaludon|Stamina|boost
|-boost|p2a: Archaludon|def|1
|-resisted|p2a: Archaludon
|-damage|p2a: Archaludon|85/100
|-ability|p2a: Archaludon|Stamina|boost
|-boost|p2a: Archaludon|def|1
|-resisted|p2a: Archaludon
|-damage|p2a: Archaludon|84/100
|-ability|p2a: Archaludon|Stamina|boost
|-boost|p2a: Archaludon|def|1
|-hitcount|p2a: Archaludon|5
|move|p2a: Archaludon|Electro Shot||[still]
|-prepare|p2a: Archaludon|Electro Shot
|-boost|p2a: Archaludon|spa|1
|-anim|p2a: Archaludon|Electro Shot|p1b: Volcarona
|-damage|p1b: Volcarona|0 fnt
|faint|p1b: Volcarona
|move|p2b: Amoonguss|Spore|p1a: Rillaboom
|-immune|p1a: Rillaboom
|
|-weather|RainDance|[upkeep]
|-sideend|p1: Tomo05|move: Tailwind
|upkeep
|turn|8
|-message|Tomo05 forfeited.
|
|win|Calabria_Fan
||Tomo05 is ready for game 3.
||Calabria_Fan is ready for game 3.
|uhtml|next|Next: Game 3 of 3
