|j|☆LCchampleon
|j|☆lebronsusedtoilet
|html|LCchampleonlebronsusedtoilet    
|uhtml|bestof|Game 1 of a best-of-3
|t:|1783114673
|gametype|doubles
|player|p1|LCchampleon|2|1096
|player|p2|lebronsusedtoilet|170|1108
|gen|9
|tier|[Gen 9 Champions] VGC 2026 Reg M-B (Bo3)
|rated|
|rule|Species Clause: Limit one of each Pokémon
|rule|Item Clause: Limit 1 of each item
|clearpoke
|poke|p1|Swampert, L50, M|
|poke|p1|Metagross, L50, shiny|
|poke|p1|Pelipper, L50, F, shiny|
|poke|p1|Incineroar, L50, F|
|poke|p1|Sinistcha, L50|
|poke|p1|Hydreigon, L50, F|
|poke|p2|Tyranitar, L50, F|
|poke|p2|Corviknight, L50, M|
|poke|p2|Excadrill, L50, M|
|poke|p2|Incineroar, L50, F|
|poke|p2|Farigiraf, L50, F|
|poke|p2|Rotom-Wash, L50|
|teampreview|4
|showteam|p1|Swampert||Swampertite|Torrent|HighHorsepower,WaveCrash,Earthquake,Protect|Adamant||M|||50|]Metagross||Metagrossite|ClearBody|MeteorMash,PsychicFangs,BulletPunch,Protect|Adamant|||||50|]Pelipper||FocusSash|Drizzle|WeatherBall,Hurricane,Tailwind,Protect|Modest||F|||50|]Incineroar||PasshoBerry|Intimidate|FakeOut,ThroatChop,WillOWisp,PartingShot|Impish||F|||50|]Sinistcha||SitrusBerry|Hospitality|MatchaGotcha,RagePowder,Protect,TrickRoom|Relaxed|||||50|]Hydreigon||LifeOrb|Levitate|DracoMeteor,DarkPulse,Snarl,Protect|Timid||F|||50|
|showteam|p2|Tyranitar||Tyranitarite|SandStream|RockSlide,KnockOff,IcePunch,Protect|Adamant||F|||50|]Corviknight||Leftovers|MirrorArmor|BraveBird,BulkUp,Tailwind,IronHead|Careful||M|||50|]Excadrill||FocusSash|SandRush|HighHorsepower,IronHead,RockSlide,Protect|Adamant||M|||50|]Incineroar||ShucaBerry|Intimidate|FakeOut,FlareBlitz,DarkestLariat,PartingShot|Impish||F|||50|]Farigiraf||ColburBerry|ArmorTail|Psychic,HyperVoice,TrickRoom,HelpingHand|Naive||F|||50|]Rotom-Wash||Magnet|Levitate|HydroPump,WillOWisp,VoltSwitch,Thunderbolt|Modest|||||50|
|inactive|Battle timer is ON: inactive players will automatically lose when time's up. (requested by lebronsusedtoilet)
|
|t:|1783114700
|teamsize|p1|4
|teamsize|p2|4
|start
|switch|p1a: Swampert|Swampert, L50, M|100/100
|switch|p1b: Hydreigon|Hydreigon, L50, F|100/100
|switch|p2a: Tyranitar|Tyranitar, L50, F|100/100
|switch|p2b: Excadrill|Excadrill, L50, M|100/100
|-weather|Sandstorm|[from] ability: Sand Stream|[of] p2a: Tyranitar
|turn|1
|inactive|lebronsusedtoilet has 30 seconds left.
|
|t:|1783114733
|move|p1b: Hydreigon|Protect|p1b: Hydreigon
|-singleturn|p1b: Hydreigon|Protect
|move|p2a: Tyranitar|Protect|p2a: Tyranitar
|-singleturn|p2a: Tyranitar|Protect
|move|p2b: Excadrill|Rock Slide|p1b: Hydreigon|[spread] p1a
|-activate|p1b: Hydreigon|move: Protect
|-resisted|p1a: Swampert|1
|-damage|p1a: Swampert|89/100
|move|p1a: Swampert|Earthquake|p2b: Excadrill|[spread] p2b
|-activate|p1b: Hydreigon|move: Protect
|-activate|p2a: Tyranitar|move: Protect
|-supereffective|p2b: Excadrill|1
|-enditem|p2b: Excadrill|Focus Sash
|-damage|p2b: Excadrill|1/100
|
|-weather|Sandstorm|[upkeep]
|-damage|p1b: Hydreigon|94/100|[from] Sandstorm
|upkeep
|turn|2
|inactive|lebronsusedtoilet has 30 seconds left.
|inactive|LCchampleon has 30 seconds left.
|
|t:|1783114766
|detailschange|p2a: Tyranitar|Tyranitar-Mega, L50, F
|-mega|p2a: Tyranitar|Tyranitar|Tyranitarite
|move|p2b: Excadrill|Rock Slide|p1b: Hydreigon|[spread] p1a,p1b
|-resisted|p1a: Swampert|1
|-damage|p1a: Swampert|77/100
|-damage|p1b: Hydreigon|69/100
|move|p1b: Hydreigon|Draco Meteor|p2a: Tyranitar
|-damage|p2a: Tyranitar|56/100
|-unboost|p1b: Hydreigon|spa|2
|-damage|p1b: Hydreigon|60/100|[from] item: Life Orb
|cant|p1a: Swampert|flinch
|move|p2a: Tyranitar|Ice Punch|p1b: Hydreigon
|-supereffective|p1b: Hydreigon|1
|-damage|p1b: Hydreigon|0 fnt
|faint|p1b: Hydreigon
|
|-weather|Sandstorm|[upkeep]
|upkeep
|
|t:|1783114784
|switch|p1b: Pelipper|Pelipper, L50, F, shiny|100/100
|-weather|RainDance|[from] ability: Drizzle|[of] p1b: Pelipper
|turn|3
|
|t:|1783114792
|switch|p2b: Corviknight|Corviknight, L50, M|100/100
|switch|p2a: Rotom|Rotom-Wash, L50|100/100
|detailschange|p1a: Swampert|Swampert-Mega, L50, M
|-mega|p1a: Swampert|Swampert|Swampertite
|move|p1a: Swampert|Earthquake|p2a: Rotom|[spread] 
|-immune|p1b: Pelipper
|-immune|p2a: Rotom|[from] ability: Levitate
|-immune|p2b: Corviknight
|move|p1b: Pelipper|Tailwind|p1b: Pelipper
|-sidestart|p1: LCchampleon|move: Tailwind
|
|-weather|RainDance|[upkeep]
|upkeep
|turn|4
|
|t:|1783114810
|switch|p1b: Incineroar|Incineroar, L50, F|100/100
|-ability|p1b: Incineroar|Intimidate|boost
|-unboost|p2a: Rotom|atk|1
|-ability|p2b: Corviknight|Mirror Armor
|-unboost|p1b: Incineroar|atk|1
|move|p1a: Swampert|Wave Crash|p2b: Corviknight
|-crit|p2b: Corviknight
|-damage|p2b: Corviknight|0 fnt
|faint|p2b: Corviknight
|-damage|p1a: Swampert|41/100|[from] Recoil
|move|p2a: Rotom|Will-O-Wisp|p1a: Swampert
|-status|p1a: Swampert|brn
|
|-weather|RainDance|[upkeep]
|-damage|p1a: Swampert|35/100 brn|[from] brn
|upkeep
|
|t:|1783114828
|switch|p2b: Tyranitar|Tyranitar-Mega, L50, F|56/100
|-weather|Sandstorm|[from] ability: Sand Stream|[of] p2b: Tyranitar
|turn|5
|
|t:|1783114838
|switch|p1b: Pelipper|Pelipper, L50, F, shiny|100/100
|-weather|RainDance|[from] ability: Drizzle|[of] p1b: Pelipper
|move|p2b: Tyranitar|Protect|p2b: Tyranitar
|-singleturn|p2b: Tyranitar|Protect
|move|p1a: Swampert|Wave Crash|p2b: Tyranitar
|-activate|p2b: Tyranitar|move: Protect
|move|p2a: Rotom|Hydro Pump|p1b: Pelipper
|-resisted|p1b: Pelipper|1
|-damage|p1b: Pelipper|36/100
|
|-weather|RainDance|[upkeep]
|-damage|p1a: Swampert|29/100 brn|[from] brn
|upkeep
|turn|6
|
|t:|1783114861
|switch|p2b: Excadrill|Excadrill, L50, M|1/100
|move|p1a: Swampert|High Horsepower|p2b: Excadrill
|-supereffective|p2b: Excadrill|1
|-damage|p2b: Excadrill|0 fnt
|faint|p2b: Excadrill
|move|p1b: Pelipper|Tailwind||[still]
|-fail|p1b: Pelipper
|move|p2a: Rotom|Volt Switch|p1b: Pelipper
|-supereffective|p1b: Pelipper|2
|-damage|p1b: Pelipper|0 fnt
|faint|p1b: Pelipper
|
|t:|1783114872
|switch|p2a: Tyranitar|Tyranitar-Mega, L50, F|56/100|[from] Volt Switch
|-weather|Sandstorm|[from] ability: Sand Stream|[of] p2a: Tyranitar
|
|-weather|Sandstorm|[upkeep]
|-damage|p1a: Swampert|23/100 brn|[from] brn
|-sideend|p1: LCchampleon|move: Tailwind
|upkeep
|
|t:|1783114881
|switch|p2b: Rotom|Rotom-Wash, L50|100/100
|switch|p1b: Incineroar|Incineroar, L50, F|100/100
|-ability|p1b: Incineroar|Intimidate|boost
|-unboost|p2a: Tyranitar|atk|1
|-unboost|p2b: Rotom|atk|1
|turn|7
|
|t:|1783114890
|move|p2a: Tyranitar|Protect|p2a: Tyranitar
|-singleturn|p2a: Tyranitar|Protect
|move|p1b: Incineroar|Fake Out|p2b: Rotom
|-damage|p2b: Rotom|88/100
|move|p1a: Swampert|Wave Crash|p2a: Tyranitar
|-activate|p2a: Tyranitar|move: Protect
|cant|p2b: Rotom|flinch
|
|-weather|Sandstorm|[upkeep]
|-damage|p2b: Rotom|82/100|[from] Sandstorm
|-damage|p1b: Incineroar|94/100|[from] Sandstorm
|-damage|p1a: Swampert|17/100 brn|[from] brn
|upkeep
|turn|8
|
|t:|1783114899
|move|p1a: Swampert|Wave Crash|p2a: Tyranitar
|-supereffective|p2a: Tyranitar|1
|-damage|p2a: Tyranitar|4/100
|-damage|p1a: Swampert|0 fnt|[from] Recoil
|faint|p1a: Swampert
|move|p2b: Rotom|Hydro Pump|p1b: Incineroar
|-supereffective|p1b: Incineroar|1
|-enditem|p1b: Incineroar|Passho Berry|[eat]
|-enditem|p1b: Incineroar|Passho Berry|[weaken]
|-damage|p1b: Incineroar|50/100g
|move|p2a: Tyranitar|Rock Slide|p1b: Incineroar
|-supereffective|p1b: Incineroar|1
|-damage|p1b: Incineroar|1/100
|move|p1b: Incineroar|Throat Chop|p2b: Rotom
|-damage|p2b: Rotom|48/100
|-start|p2b: Rotom|Throat Chop|[silent]
|
|-weather|Sandstorm|[upkeep]
|-damage|p2b: Rotom|42/100|[from] Sandstorm
|-damage|p1b: Incineroar|0 fnt|[from] Sandstorm
|faint|p1b: Incineroar
|
|win|lebronsusedtoilet
||LCchampleon is ready for game 2.
|inactive|lebronsusedtoilet has 30 seconds to confirm battle start!
||lebronsusedtoilet is ready for game 2.
|uhtml|next|Next: Game 2 of 3
|l|☆lebronsusedtoilet
|player|p2|
