|j|☆lettitripppp
|j|☆mantyfnf
|html|lettitrippppmantyfnf    
|uhtml|bestof|Game 3 of a best-of-3
|t:|1785280130
|gametype|doubles
|player|p1|lettitripppp|lucas|1156
|player|p2|mantyfnf|koga|1024
|gen|9
|tier|[Gen 9 Champions] VGC 2026 Reg M-B (Bo3)
|rated|
|rule|Species Clause: Limit one of each Pokémon
|rule|Item Clause: Limit 1 of each item
|clearpoke
|poke|p1|Staraptor, L50, F|
|poke|p1|Tyranitar, L50, F|
|poke|p1|Excadrill, L50, F|
|poke|p1|Gholdengo, L50|
|poke|p1|Milotic, L50, F|
|poke|p1|Sinistcha, L50|
|poke|p2|Gengar, L50, F|
|poke|p2|Primarina, L50, M|
|poke|p2|Palafin, L50, F|
|poke|p2|Gholdengo, L50|
|poke|p2|Annihilape, L50, M|
|poke|p2|Garchomp, L50, M|
|teampreview|4
|showteam|p1|Staraptor||Staraptite|Intimidate|CloseCombat,BraveBird,Tailwind,Protect|Jolly||F|||50|]Tyranitar||Tyranitarite|SandStream|RockSlide,KnockOff,LowKick,Protect|Jolly||F|||50|]Excadrill||FocusSash|SandRush|HighHorsepower,RockSlide,IronHead,Protect|Adamant||F|||50|]Gholdengo||LifeOrb|GoodasGold|MakeItRain,ShadowBall,NastyPlot,Protect|Timid|||||50|]Milotic||Leftovers|Competitive|IcyWind,Scald,Haze,Protect|Calm||F|||50|]Sinistcha||ColburBerry|Hospitality|MatchaGotcha,RagePowder,TrickRoom,Protect|Bold|||||50|
|showteam|p2|Gengar||Gengarite|CursedBody|ShadowBall,SludgeWave,Thunderbolt,Protect|Modest||F|||50|]Primarina||Leftovers|LiquidVoice|Moonblast,SparklingAria,PerishSong,Protect|Bold||M|||50|]Palafin||ChoiceScarf|ZerotoHero|AquaTail,CloseCombat,IcePunch,Protect|Jolly||F|||50|]Gholdengo||LifeOrb|GoodasGold|MakeItRain,DazzlingGleam,ShadowBall,Protect|Timid|||||50|]Annihilape||SitrusBerry|InnerFocus|RageFist,CloseCombat,Uturn,Protect|Adamant||M|||50|]Garchomp||FocusSash|RoughSkin|DragonClaw,Crunch,Earthquake,Protect|Adamant||M|||50|
|inactive|Battle timer is ON: inactive players will automatically lose when time's up. (requested by lettitripppp)
|
|t:|1785280152
|teamsize|p1|4
|teamsize|p2|4
|start
|switch|p1a: NUMBER 1|Staraptor, L50, F|100/100
|switch|p1b: SATOROU|Gholdengo, L50|100/100
|switch|p2a: Gengar|Gengar, L50, F|100/100
|switch|p2b: Palafin|Palafin, L50, F|100/100
|-ability|p1a: NUMBER 1|Intimidate|boost
|-unboost|p2a: Gengar|atk|1
|-unboost|p2b: Palafin|atk|1
|turn|1
|
|t:|1785280176
|detailschange|p2b: Palafin|Palafin-Hero, L50, F
|switch|p2b: Gholdengo|Gholdengo, L50|100/100
|detailschange|p1a: NUMBER 1|Staraptor-Mega, L50, F
|-mega|p1a: NUMBER 1|Staraptor|Staraptite
|detailschange|p2a: Gengar|Gengar-Mega, L50, F
|-mega|p2a: Gengar|Gengar|Gengarite
|move|p1a: NUMBER 1|Tailwind|p1a: NUMBER 1
|-sidestart|p1: lettitripppp|move: Tailwind
|move|p1b: SATOROU|Shadow Ball|p2a: Gengar
|-supereffective|p2a: Gengar|1
|-damage|p2a: Gengar|0 fnt
|faint|p2a: Gengar
|-damage|p1b: SATOROU|90/100|[from] item: Life Orb
|
|upkeep
|
|t:|1785280191
|switch|p2a: Palafin|Palafin-Hero, L50, F|100/100
|-activate|p2a: Palafin|ability: Zero to Hero
|turn|2
|
|t:|1785280204
|move|p1a: NUMBER 1|Close Combat|p2a: Palafin
|-crit|p2a: Palafin
|-damage|p2a: Palafin|11/100
|-boost|p1a: NUMBER 1|def|1
|-boost|p1a: NUMBER 1|spd|1
|move|p1b: SATOROU|Shadow Ball|p2a: Palafin
|-damage|p2a: Palafin|0 fnt
|faint|p2a: Palafin
|-damage|p1b: SATOROU|81/100|[from] item: Life Orb
|move|p2b: Gholdengo|Shadow Ball|p1b: SATOROU
|-supereffective|p1b: SATOROU|1
|-damage|p1b: SATOROU|0 fnt
|faint|p1b: SATOROU
|-damage|p2b: Gholdengo|90/100|[from] item: Life Orb
|
|upkeep
|
|t:|1785280219
|switch|p2a: Primarina|Primarina, L50, M|100/100
|switch|p1b: NIGHT NIGHT|Milotic, L50, F|100/100
|turn|3
|
|t:|1785280246
|move|p1a: NUMBER 1|Protect|p1a: NUMBER 1
|-singleturn|p1a: NUMBER 1|Protect
|move|p1b: NIGHT NIGHT|Icy Wind|p2a: Primarina|[spread] p2a,p2b
|-resisted|p2a: Primarina|1
|-resisted|p2b: Gholdengo|1
|-damage|p2a: Primarina|94/100
|-damage|p2b: Gholdengo|83/100
|-unboost|p2a: Primarina|spe|1
|-unboost|p2b: Gholdengo|spe|1
|move|p2b: Gholdengo|Dazzling Gleam|p1b: NIGHT NIGHT|[spread] p1b
|-activate|p1a: NUMBER 1|move: Protect
|-damage|p1b: NIGHT NIGHT|83/100
|-damage|p2b: Gholdengo|73/100|[from] item: Life Orb
|move|p2a: Primarina|Moonblast|p1a: NUMBER 1
|-activate|p1a: NUMBER 1|move: Protect
|
|-heal|p1b: NIGHT NIGHT|89/100|[from] item: Leftovers
|-heal|p2a: Primarina|100/100|[from] item: Leftovers
|upkeep
|turn|4
|inactive|lettitripppp has 30 seconds left.
|inactive|lettitripppp has 20 seconds left.
|
|t:|1785280284
|move|p1a: NUMBER 1|Brave Bird|p2b: Gholdengo
|-resisted|p2b: Gholdengo|1
|-damage|p2b: Gholdengo|41/100
|-damage|p1a: NUMBER 1|91/100|[from] Recoil
|move|p1b: NIGHT NIGHT|Scald|p2b: Gholdengo
|-damage|p2b: Gholdengo|2/100
|move|p2b: Gholdengo|Shadow Ball|p1b: NIGHT NIGHT
|-damage|p1b: NIGHT NIGHT|55/100
|-damage|p2b: Gholdengo|0 fnt|[from] item: Life Orb
|faint|p2b: Gholdengo
|move|p2a: Primarina|Moonblast|p1a: NUMBER 1
|-supereffective|p1a: NUMBER 1|1
|-damage|p1a: NUMBER 1|22/100
|
|-heal|p1b: NIGHT NIGHT|61/100|[from] item: Leftovers
|-sideend|p1: lettitripppp|move: Tailwind
|upkeep
|turn|5
|inactive|lettitripppp has 30 seconds left.
|
|t:|1785280313
|move|p1a: NUMBER 1|Brave Bird|p2a: Primarina
|-damage|p2a: Primarina|49/100
|-damage|p1a: NUMBER 1|8/100|[from] Recoil
|move|p1b: NIGHT NIGHT|Scald|p2a: Primarina
|-resisted|p2a: Primarina|1
|-damage|p2a: Primarina|32/100
|move|p2a: Primarina|Sparkling Aria|p1b: NIGHT NIGHT|[spread] p1a,p1b
|-resisted|p1b: NIGHT NIGHT|1
|-damage|p1a: NUMBER 1|0 fnt
|-damage|p1b: NIGHT NIGHT|49/100
|faint|p1a: NUMBER 1
|
|-heal|p1b: NIGHT NIGHT|55/100|[from] item: Leftovers
|-heal|p2a: Primarina|38/100|[from] item: Leftovers
|upkeep
|
|t:|1785280322
|switch|p1a: HEALROOM|Sinistcha, L50|100/100
|-heal|p1b: NIGHT NIGHT|80/100|[from] ability: Hospitality|[of] p1a: HEALROOM
|turn|6
|
|t:|1785280337
|move|p1b: NIGHT NIGHT|Scald|p2a: Primarina
|-resisted|p2a: Primarina|1
|-damage|p2a: Primarina|22/100
|-status|p2a: Primarina|brn
|move|p1a: HEALROOM|Matcha Gotcha|p2a: Primarina
|-supereffective|p2a: Primarina|1
|-damage|p2a: Primarina|0 fnt
|faint|p2a: Primarina
|
|win|lettitripppp
|raw|lettitripppp's rating: 1156 → 1172(+16 for winning)
|raw|mantyfnf's rating: 1024 → 1015(-9 for losing)
