|j|☆gastero
|j|☆cantchat_sorry
|html|gasterocantchat_sorry    
|uhtml|bestof|Game 2 of a best-of-3
|t:|1785593489
|gametype|doubles
|player|p1|gastero|carmine|1252
|player|p2|cantchat_sorry|clair|1228
|gen|9
|tier|[Gen 9 Champions] VGC 2026 Reg M-B (Bo3)
|rated|
|rule|Species Clause: Limit one of each Pokémon
|rule|Item Clause: Limit 1 of each item
|clearpoke
|poke|p1|Staraptor, L50, F|
|poke|p1|Gholdengo, L50|
|poke|p1|Sinistcha, L50|
|poke|p1|Incineroar, L50, M|
|poke|p1|Arcanine-Hisui, L50, M|
|poke|p1|Ninetales-Alola, L50, F|
|poke|p2|Garchomp, L50, F|
|poke|p2|Tyranitar, L50, F|
|poke|p2|Corviknight, L50, F, shiny|
|poke|p2|Milotic, L50, F|
|poke|p2|Sinistcha, L50|
|poke|p2|Ceruledge, L50, F|
|teampreview|4
|showteam|p1|Staraptor||Staraptite|Intimidate|CloseCombat,DualWingbeat,Tailwind,Protect|Jolly||F|||50|]Gholdengo||LifeOrb|GoodasGold|MakeItRain,ShadowBall,NastyPlot,Protect|Modest|||||50|]Sinistcha||ColburBerry|Hospitality|MatchaGotcha,RagePowder,TrickRoom,StrengthSap|Calm|||||50|]Incineroar||SitrusBerry|Intimidate|FakeOut,FlareBlitz,DarkestLariat,PartingShot|Careful||M|||50|]Arcanine-Hisui||FocusSash|RockHead|FlareBlitz,HeadSmash,ExtremeSpeed,Protect|Jolly||M|||50|]Ninetales-Alola||NeverMeltIce|SnowWarning|Blizzard,FreezeDry,Encore,Protect|Timid||F|||50|
|showteam|p2|Garchomp||Garchompite|RoughSkin|EarthPower,DracoMeteor,PowerGem,Protect|Modest||F|||50|]Tyranitar||ChoiceScarf|SandStream|KnockOff,RockSlide,IcePunch,LowKick|Jolly||F|||50|]Corviknight||LifeOrb|MirrorArmor|BraveBird,IronHead,Tailwind,Protect|Jolly||F|||50|]Milotic||SitrusBerry|Competitive|Scald,IcyWind,Haze,Protect|Bold||F|||50|]Sinistcha||KasibBerry|Hospitality|MatchaGotcha,RagePowder,TrickRoom,Protect|Bold|||||50|]Ceruledge||ColburBerry|FlashFire|BitterBlade,ShadowSneak,BulkUp,Protect|Adamant||F|||50|
|inactive|Battle timer is ON: inactive players will automatically lose when time's up. (requested by cantchat_sorry)
|
|t:|1785593511
|teamsize|p1|4
|teamsize|p2|4
|start
|switch|p1a: Ninetales|Ninetales-Alola, L50, F|100/100
|switch|p1b: Arcanine|Arcanine-Hisui, L50, M|100/100
|switch|p2a: Corviknight|Corviknight, L50, F, shiny|100/100
|switch|p2b: Ceruledge|Ceruledge, L50, F|100/100
|-weather|Snowscape|[from] ability: Snow Warning|[of] p1a: Ninetales
|turn|1
|
|t:|1785593529
|switch|p2a: Tyranitar|Tyranitar, L50, F|100/100
|-weather|Sandstorm|[from] ability: Sand Stream|[of] p2a: Tyranitar
|move|p1a: Ninetales|Protect|p1a: Ninetales
|-singleturn|p1a: Ninetales|Protect
|move|p2b: Ceruledge|Protect|p2b: Ceruledge
|-singleturn|p2b: Ceruledge|Protect
|move|p1b: Arcanine|Head Smash|p2b: Ceruledge
|-activate|p2b: Ceruledge|move: Protect
|
|-weather|Sandstorm|[upkeep]
|-damage|p1a: Ninetales|94/100|[from] Sandstorm
|-damage|p2b: Ceruledge|93/100|[from] Sandstorm
|upkeep
|turn|2
|
|t:|1785593547
|switch|p1b: Incineroar|Incineroar, L50, M|100/100
|-ability|p1b: Incineroar|Intimidate|boost
|-unboost|p2a: Tyranitar|atk|1
|-unboost|p2b: Ceruledge|atk|1
|switch|p2b: Garchomp|Garchomp, L50, F|100/100
|move|p2a: Tyranitar|Rock Slide|p1a: Ninetales|[spread] p1a
|-miss|p2a: Tyranitar|p1b: Incineroar
|-supereffective|p1a: Ninetales|1
|-damage|p1a: Ninetales|42/100
|move|p1a: Ninetales|Encore||[still]
|-fail|p1a: Ninetales
|
|-weather|Sandstorm|[upkeep]
|-damage|p1a: Ninetales|36/100|[from] Sandstorm
|-damage|p1b: Incineroar|94/100|[from] Sandstorm
|upkeep
|turn|3
|
|t:|1785593567
|switch|p1a: Staraptor|Staraptor, L50, F|100/100
|-ability|p1a: Staraptor|Intimidate|boost
|-unboost|p2a: Tyranitar|atk|1
|-unboost|p2b: Garchomp|atk|1
|switch|p2b: Corviknight|Corviknight, L50, F, shiny|100/100
|move|p1b: Incineroar|Fake Out|p2b: Corviknight
|-resisted|p2b: Corviknight|1
|-damage|p2b: Corviknight|94/100
|move|p2a: Tyranitar|Rock Slide|p1b: Incineroar|[spread] p1a,p1b
|-supereffective|p1a: Staraptor|1
|-supereffective|p1b: Incineroar|1
|-damage|p1a: Staraptor|61/100
|-damage|p1b: Incineroar|69/100
|
|-weather|Sandstorm|[upkeep]
|-damage|p1a: Staraptor|55/100|[from] Sandstorm
|-damage|p1b: Incineroar|63/100|[from] Sandstorm
|upkeep
|turn|4
|
|t:|1785593583
|switch|p2a: Ceruledge|Ceruledge, L50, F|93/100
|move|p1a: Staraptor|Protect|p1a: Staraptor
|-singleturn|p1a: Staraptor|Protect
|move|p2b: Corviknight|Brave Bird|p1a: Staraptor
|-activate|p1a: Staraptor|move: Protect
|move|p1b: Incineroar|Flare Blitz|p2b: Corviknight
|-supereffective|p2b: Corviknight|1
|-damage|p2b: Corviknight|7/100
|-damage|p1b: Incineroar|38/100|[from] Recoil
|-enditem|p1b: Incineroar|Sitrus Berry|[eat]
|-heal|p1b: Incineroar|62/100|[from] item: Sitrus Berry
|
|-weather|Sandstorm|[upkeep]
|-damage|p1a: Staraptor|49/100|[from] Sandstorm
|-damage|p2a: Ceruledge|87/100|[from] Sandstorm
|-damage|p1b: Incineroar|56/100|[from] Sandstorm
|upkeep
|turn|5
|
|t:|1785593596
|detailschange|p1a: Staraptor|Staraptor-Mega, L50, F
|-mega|p1a: Staraptor|Staraptor|Staraptite
|move|p2a: Ceruledge|Shadow Sneak|p1a: Staraptor
|-damage|p1a: Staraptor|30/100
|move|p1a: Staraptor|Close Combat|p2b: Corviknight
|-damage|p2b: Corviknight|0 fnt
|-boost|p1a: Staraptor|def|1
|-boost|p1a: Staraptor|spd|1
|faint|p2b: Corviknight
|move|p1b: Incineroar|Parting Shot|p2a: Ceruledge
|-unboost|p2a: Ceruledge|atk|1
|-unboost|p2a: Ceruledge|spa|1
|
|t:|1785593603
|switch|p1b: Arcanine|Arcanine-Hisui, L50, M|100/100|[from] Parting Shot
|
|-weather|none
|upkeep
|
|t:|1785593607
|switch|p2b: Tyranitar|Tyranitar, L50, F|100/100
|-weather|Sandstorm|[from] ability: Sand Stream|[of] p2b: Tyranitar
|turn|6
|
|t:|1785593617
|switch|p1b: Incineroar|Incineroar, L50, M|56/100
|-ability|p1b: Incineroar|Intimidate|boost
|-unboost|p2a: Ceruledge|atk|1
|-unboost|p2b: Tyranitar|atk|1
|move|p2a: Ceruledge|Shadow Sneak|p1b: Incineroar
|-resisted|p1b: Incineroar|1
|-damage|p1b: Incineroar|52/100
|move|p2b: Tyranitar|Rock Slide|p1a: Staraptor|[spread] p1a
|-miss|p2b: Tyranitar|p1b: Incineroar
|-damage|p1a: Staraptor|16/100
|move|p1a: Staraptor|Close Combat|p2b: Tyranitar
|-supereffective|p2b: Tyranitar|2
|-damage|p2b: Tyranitar|0 fnt
|-boost|p1a: Staraptor|def|1
|-boost|p1a: Staraptor|spd|1
|faint|p2b: Tyranitar
|
|-weather|Sandstorm|[upkeep]
|-damage|p1a: Staraptor|11/100|[from] Sandstorm
|-damage|p2a: Ceruledge|81/100|[from] Sandstorm
|-damage|p1b: Incineroar|46/100|[from] Sandstorm
|upkeep
|-message|cantchat_sorry forfeited.
|
|win|gastero
|l|☆cantchat_sorry
|player|p2|
||gastero is ready for game 3.
||cantchat_sorry is ready for game 3.
|uhtml|next|Next: Game 3 of 3
