|j|☆Mirthinion
|j|☆KatKraydel
|html|MirthinionKatKraydel    
|uhtml|bestof|Game 2 of a best-of-3
|t:|1757704207
|gametype|doubles
|player|p1|Mirthinion|veteran|1246
|player|p2|KatKraydel|caitlin-masters|1153
|gen|9
|tier|[Gen 9] VGC 2025 Reg H (Bo3)
|rated|
|rule|Species Clause: Limit one of each Pokémon
|rule|Item Clause: Limit 1 of each item
|clearpoke
|poke|p1|Incineroar, L50, M|
|poke|p1|Ursaluna, L50, M|
|poke|p1|Gholdengo, L50|
|poke|p1|Murkrow, L50, M|
|poke|p1|Annihilape, L50, M|
|poke|p1|Sinistcha, L50|
|poke|p2|Primarina, L50, F|
|poke|p2|Talonflame, L50, M|
|poke|p2|Garchomp, L50, M|
|poke|p2|Ninetales-Alola, L50, M|
|poke|p2|Sinistcha, L50|
|poke|p2|Conkeldurr, L50, F|
|teampreview|4
|showteam|p1|Incineroar||SafetyGoggles|Intimidate|FakeOut,PartingShot,KnockOff,FlareBlitz|||M|||50|,,,,,Bug]Ursaluna||FlameOrb|Guts|Protect,Facade,HeadlongRush,Earthquake|||M|||50|,,,,,Ghost]Gholdengo||LifeOrb|GoodasGold|Protect,NastyPlot,ShadowBall,MakeItRain||||||50|,,,,,Water]Murkrow||Eviolite|Prankster|Tailwind,RainDance,FoulPlay,Haze|||M|||50|,,,,,Ghost]Annihilape||Leftovers|Defiant|Protect,BulkUp,RageFist,DrainPunch|||M|||50|,,,,,Fire]Sinistcha||SitrusBerry|Hospitality|TrickRoom,MatchaGotcha,RagePowder,LifeDew||||||50|,,,,,Dark
|showteam|p2|Primarina||SitrusBerry|LiquidVoice|HyperVoice,Moonblast,Haze,Protect|||F|||50|,,,,,Poison]Talonflame||SharpBeak|GaleWings|DualWingbeat,FlareBlitz,Tailwind,Taunt|||M|||50|,,,,,Ghost]Garchomp||LifeOrb|RoughSkin|StompingTantrum,Earthquake,Protect,DragonClaw|||M|||50|,,,,,Ground]Ninetales-Alola||FocusSash|SnowWarning|Blizzard,FreezeDry,Moonblast,Protect|||M|||50|,,,,,Fire]Sinistcha||RockyHelmet|Hospitality|MatchaGotcha,RagePowder,LifeDew,Protect||||||50|,,,,,Water]Conkeldurr||FlameOrb|Guts|CloseCombat,KnockOff,WideGuard,MachPunch|||F|||50|,,,,,Dark
|inactive|Battle timer is ON: inactive players will automatically lose when time's up. (requested by Mirthinion)
|inactive|KatKraydel has 60 seconds left.
|
|t:|1757704250
|teamsize|p1|4
|teamsize|p2|4
|start
|switch|p1a: Incineroar|Incineroar, L50, M|100/100
|switch|p1b: Annihilape|Annihilape, L50, M|100/100
|switch|p2a: Garchomp|Garchomp, L50, M, shiny|100/100
|switch|p2b: Talonflame|Talonflame, L50, M, shiny|100/100
|-ability|p1a: Incineroar|Intimidate|boost
|-unboost|p2a: Garchomp|atk|1
|-unboost|p2b: Talonflame|atk|1
|turn|1
|inactive|Mirthinion has 30 seconds left.
|inactive|Mirthinion has 20 seconds left.
|
|t:|1757704288
|move|p2a: Garchomp|Protect|p2a: Garchomp
|-singleturn|p2a: Garchomp|Protect
|move|p1a: Incineroar|Fake Out|p2b: Talonflame
|-damage|p2b: Talonflame|85/100
|cant|p2b: Talonflame|flinch
|move|p1b: Annihilape|Bulk Up|p1b: Annihilape
|-boost|p1b: Annihilape|atk|1
|-boost|p1b: Annihilape|def|1
|
|upkeep
|turn|2
|inactive|KatKraydel has 30 seconds left.
|inactive|KatKraydel has 20 seconds left.
|inactive|KatKraydel has 15 seconds left.
|inactive|KatKraydel has 10 seconds left.
|
|t:|1757704333
|-terastallize|p2a: Garchomp|Ground
|move|p2b: Talonflame|Dual Wingbeat|p1b: Annihilape
|-supereffective|p1b: Annihilape
|-damage|p1b: Annihilape|84/100
|-supereffective|p1b: Annihilape
|-damage|p1b: Annihilape|67/100
|-hitcount|p1b: Annihilape|2
|move|p2a: Garchomp|Earthquake|p1a: Incineroar|[spread] p1a,p1b
|-immune|p2b: Talonflame
|-supereffective|p1a: Incineroar
|-damage|p1a: Incineroar|13/100
|-damage|p1b: Annihilape|34/100
|-damage|p2a: Garchomp|91/100|[from] item: Life Orb
|move|p1b: Annihilape|Bulk Up|p1b: Annihilape
|-boost|p1b: Annihilape|atk|1
|-boost|p1b: Annihilape|def|1
|move|p1a: Incineroar|Parting Shot|p2a: Garchomp
|-unboost|p2a: Garchomp|atk|1
|-unboost|p2a: Garchomp|spa|1
|
|t:|1757704350
|switch|p1a: Sinistcha|Sinistcha, L50|100/100|[from] Parting Shot
|-heal|p1b: Annihilape|59/100|[from] ability: Hospitality|[of] p1a: Sinistcha
|
|-heal|p1b: Annihilape|65/100|[from] item: Leftovers
|upkeep
|turn|3
|
|t:|1757704370
|move|p1a: Sinistcha|Rage Powder|p1a: Sinistcha
|-singleturn|p1a: Sinistcha|move: Rage Powder
|move|p2b: Talonflame|Dual Wingbeat|p1a: Sinistcha
|-supereffective|p1a: Sinistcha
|-damage|p1a: Sinistcha|79/100
|-supereffective|p1a: Sinistcha
|-damage|p1a: Sinistcha|58/100
|-hitcount|p1a: Sinistcha|2
|move|p2a: Garchomp|Earthquake|p1a: Sinistcha|[spread] p1a,p1b
|-immune|p2b: Talonflame
|-resisted|p1a: Sinistcha
|-damage|p1a: Sinistcha|43/100
|-damage|p1b: Annihilape|48/100
|-enditem|p1a: Sinistcha|Sitrus Berry|[eat]
|-heal|p1a: Sinistcha|67/100|[from] item: Sitrus Berry
|-damage|p2a: Garchomp|81/100|[from] item: Life Orb
|move|p1b: Annihilape|Rage Fist|p2b: Talonflame
|-damage|p2b: Talonflame|0 fnt
|faint|p2b: Talonflame
|
|-heal|p1b: Annihilape|54/100|[from] item: Leftovers
|upkeep
|
|t:|1757704376
|switch|p2b: Ninetales|Ninetales-Alola, L50, M, shiny|100/100
|-weather|Snowscape|[from] ability: Snow Warning|[of] p2b: Ninetales
|turn|4
|inactive|Mirthinion has 30 seconds left.
|inactive|Mirthinion has 20 seconds left.
|
|t:|1757704414
|move|p1b: Annihilape|Protect|p1b: Annihilape
|-singleturn|p1b: Annihilape|Protect
|move|p2a: Garchomp|Stomping Tantrum|p1b: Annihilape
|-activate|p1b: Annihilape|move: Protect
|move|p2b: Ninetales|Blizzard|p1a: Sinistcha|[spread] p1a
|-activate|p1b: Annihilape|move: Protect
|-supereffective|p1a: Sinistcha
|-damage|p1a: Sinistcha|13/100
|move|p1a: Sinistcha|Life Dew|p1a: Sinistcha|[spread] p1a,p1b
|-heal|p1a: Sinistcha|39/100
|-heal|p1b: Annihilape|79/100
|
|-weather|Snowscape|[upkeep]
|-heal|p1b: Annihilape|85/100|[from] item: Leftovers
|upkeep
|turn|5
|inactive|Mirthinion has 30 seconds left.
|
|t:|1757704440
|move|p1a: Sinistcha|Rage Powder|p1a: Sinistcha
|-singleturn|p1a: Sinistcha|move: Rage Powder
|move|p2a: Garchomp|Dragon Claw|p1a: Sinistcha
|-damage|p1a: Sinistcha|14/100
|-damage|p2a: Garchomp|71/100|[from] item: Life Orb
|move|p1b: Annihilape|Drain Punch|p2b: Ninetales
|-damage|p2b: Ninetales|52/100
|-heal|p1b: Annihilape|100/100|[from] drain|[of] p2b: Ninetales
|move|p2b: Ninetales|Moonblast|p1a: Sinistcha
|-damage|p1a: Sinistcha|0 fnt
|faint|p1a: Sinistcha
|
|-weather|Snowscape|[upkeep]
|upkeep
|
|t:|1757704453
|switch|p1a: Incineroar|Incineroar, L50, M|13/100
|-ability|p1a: Incineroar|Intimidate|boost
|-unboost|p2a: Garchomp|atk|1
|-unboost|p2b: Ninetales|atk|1
|turn|6
|
|t:|1757704477
|move|p2a: Garchomp|Protect|p2a: Garchomp
|-singleturn|p2a: Garchomp|Protect
|move|p2b: Ninetales|Protect|p2b: Ninetales
|-singleturn|p2b: Ninetales|Protect
|move|p1a: Incineroar|Fake Out|p2a: Garchomp
|-activate|p2a: Garchomp|move: Protect
|move|p1b: Annihilape|Bulk Up|p1b: Annihilape
|-boost|p1b: Annihilape|atk|1
|-boost|p1b: Annihilape|def|1
|
|-weather|Snowscape|[upkeep]
|upkeep
|turn|7
|
|t:|1757704495
|switch|p1a: Gholdengo|Gholdengo, L50|100/100
|move|p2a: Garchomp|Stomping Tantrum|p1a: Gholdengo
|-supereffective|p1a: Gholdengo
|-damage|p1a: Gholdengo|34/100
|-damage|p2a: Garchomp|61/100|[from] item: Life Orb
|move|p1b: Annihilape|Rage Fist|p2b: Ninetales
|-damage|p2b: Ninetales|0 fnt
|faint|p2b: Ninetales
|
|-weather|Snowscape|[upkeep]
|upkeep
|inactive|KatKraydel has 30 seconds left.
|inactive|KatKraydel has 20 seconds left.
|inactive|KatKraydel has 15 seconds left.
|inactive|KatKraydel has 10 seconds left.
|inactive|KatKraydel has 5 seconds left.
|
|t:|1757704550
|switch|p2b: Mermadonna|Primarina, L50, F, shiny|100/100
|turn|8
|
|t:|1757704568
|-terastallize|p1a: Gholdengo|Water
|move|p2a: Garchomp|Stomping Tantrum|p1a: Gholdengo
|-damage|p1a: Gholdengo|0 fnt
|faint|p1a: Gholdengo
|-damage|p2a: Garchomp|52/100|[from] item: Life Orb
|move|p1b: Annihilape|Rage Fist|p2b: Mermadonna
|-damage|p2b: Mermadonna|0 fnt
|faint|p2b: Mermadonna
|
|-weather|none
|upkeep
|-message|KatKraydel forfeited.
|
|win|Mirthinion
|l|☆KatKraydel
|player|p2|
||KatKraydel is ready for game 3.
||Mirthinion is ready for game 3.
|uhtml|next|Next: Game 3 of 3
