|j|☆KittyKennedy
|j|☆chefbenboyrd
|html|KittyKennedychefbenboyrd    
|uhtml|bestof|Game 1 of a best-of-3
|t:|1756856288
|gametype|doubles
|player|p1|KittyKennedy|lyra|1080
|player|p2|chefbenboyrd|brawly|1050
|gen|9
|tier|[Gen 9] VGC 2025 Reg H (Bo3)
|rated|
|rule|Species Clause: Limit one of each Pokémon
|rule|Item Clause: Limit 1 of each item
|clearpoke
|poke|p1|Pelipper, L50, F|
|poke|p1|Archaludon, L50, F|
|poke|p1|Incineroar, L50, M|
|poke|p1|Conkeldurr, L50, M|
|poke|p1|Golurk, L50|
|poke|p1|Serperior, L50, M|
|poke|p2|Whimsicott, L50, M|
|poke|p2|Hydreigon, L50, M|
|poke|p2|Grimmsnarl, L50, M|
|poke|p2|Incineroar, L50, F|
|poke|p2|Gholdengo, L50|
|poke|p2|Annihilape, L50, M|
|teampreview|4
|showteam|p1|Pelipper||FocusSash|Drizzle|WeatherBall,Hurricane,Tailwind,Protect|||F|||50|,,,,,Ground]Archaludon||PowerHerb|Sturdy|ElectroShot,Protect,FlashCannon,DragonPulse|||F|||50|,,,,,Electric]Incineroar||SafetyGoggles|Intimidate|FlareBlitz,KnockOff,PartingShot,FakeOut|||M|||50|,,,,,Ghost]Conkeldurr||Leftovers|IronFist|DrainPunch,MachPunch,StoneEdge,Detect|||M|||50|,,,,,Ghost]Golurk||AssaultVest|NoGuard|HighHorsepower,Poltergeist,DynamicPunch,BrickBreak||||||50|,,,,,Dark]Serperior||CovertCloak|Contrary|LeafStorm,LightScreen,TeraBlast,Protect|||M|||50|,,,,,Stellar
|showteam|p2|Whimsicott||FocusSash|Prankster|SunnyDay,Encore,Tailwind,Moonblast|||M|||50|,,,,,Ghost]Hydreigon||ChoiceSpecs|Levitate|HeatWave,DracoMeteor,Snarl,DarkPulse|||M|||50|,,,,,Fire]Grimmsnarl||LightClay|Prankster|SpiritBreak,Reflect,LightScreen,ThunderWave|||M|||50|,,,,,Steel]Incineroar||SafetyGoggles|Intimidate|KnockOff,FakeOut,PartingShot,FlareBlitz|||F|||50|,,,,,Ghost]Gholdengo||LifeOrb|GoodasGold|Protect,MakeItRain,ShadowBall,NastyPlot||||||50|,,,,,Water]Annihilape||SitrusBerry|Defiant|Protect,Taunt,RageFist,DrainPunch|||M|||50|,,,,,Fairy
|inactive|Battle timer is ON: inactive players will automatically lose when time's up. (requested by chefbenboyrd)
|inactive|KittyKennedy has 60 seconds left.
|
|t:|1756856339
|teamsize|p1|4
|teamsize|p2|4
|start
|switch|p1a: Serperior|Serperior, L50, M|100/100
|switch|p1b: Golurk|Golurk, L50|100/100
|switch|p2a: Annihilape|Annihilape, L50, M|100/100
|switch|p2b: Grimmsnarl|Grimmsnarl, L50, M|100/100
|turn|1
|inactive|KittyKennedy has 30 seconds left.
|inactive|KittyKennedy has 20 seconds left.
|
|t:|1756856374
|-terastallize|p2a: Annihilape|Fairy
|-terastallize|p1a: Serperior|Stellar
|move|p2b: Grimmsnarl|Light Screen|p2b: Grimmsnarl
|-sidestart|p2: chefbenboyrd|move: Light Screen
|move|p2a: Annihilape|Rage Fist|p1b: Golurk
|-supereffective|p1b: Golurk
|-damage|p1b: Golurk|55/100
|move|p1a: Serperior|Leaf Storm|p2b: Grimmsnarl
|-damage|p2b: Grimmsnarl|70/100
|-boost|p1a: Serperior|spa|2
|move|p1b: Golurk|Brick Break|p2b: Grimmsnarl
|-sideend|p2: chefbenboyrd|move: Light Screen
|-crit|p2b: Grimmsnarl
|-damage|p2b: Grimmsnarl|36/100
|
|upkeep
|turn|2
|inactive|KittyKennedy has 30 seconds left.
|
|t:|1756856405
|move|p2b: Grimmsnarl|Thunder Wave|p1a: Serperior
|-status|p1a: Serperior|par
|move|p2a: Annihilape|Rage Fist|p1b: Golurk
|-supereffective|p1b: Golurk
|-damage|p1b: Golurk|10/100
|move|p1b: Golurk|High Horsepower|p2b: Grimmsnarl
|-damage|p2b: Grimmsnarl|0 fnt
|faint|p2b: Grimmsnarl
|cant|p1a: Serperior|par
|
|upkeep
|
|t:|1756856417
|switch|p2b: Incineroar|Incineroar, L50, F|100/100
|-ability|p2b: Incineroar|Intimidate|boost
|-boost|p1a: Serperior|atk|1
|-unboost|p1b: Golurk|atk|1
|turn|3
|
|t:|1756856429
|move|p2a: Annihilape|Rage Fist|p1b: Golurk
|-supereffective|p1b: Golurk
|-damage|p1b: Golurk|0 fnt
|faint|p1b: Golurk
|move|p2b: Incineroar|Flare Blitz|p1a: Serperior
|-supereffective|p1a: Serperior
|-damage|p1a: Serperior|5/100 par
|-damage|p2b: Incineroar|72/100|[from] Recoil
|move|p1a: Serperior|Tera Blast|p2a: Annihilape|[anim] Tera Blast Stellar
|-supereffective|p2a: Annihilape
|-damage|p2a: Annihilape|27/100
|-boost|p1a: Serperior|atk|1
|-boost|p1a: Serperior|spa|1
|-enditem|p2a: Annihilape|Sitrus Berry|[eat]
|-heal|p2a: Annihilape|52/100|[from] item: Sitrus Berry
|
|upkeep
|
|t:|1756856446
|switch|p1b: Pelipper|Pelipper, L50, F|100/100
|-weather|RainDance|[from] ability: Drizzle|[of] p1b: Pelipper
|turn|4
|
|t:|1756856471
|move|p1a: Serperior|Protect|p1a: Serperior
|-singleturn|p1a: Serperior|Protect
|move|p2a: Annihilape|Drain Punch|p1a: Serperior
|-activate|p1a: Serperior|move: Protect
|move|p1b: Pelipper|Hurricane|p2a: Annihilape
|-damage|p2a: Annihilape|7/100
|-start|p2a: Annihilape|confusion
|move|p2b: Incineroar|Knock Off|p1b: Pelipper
|-damage|p1b: Pelipper|45/100
|-enditem|p1b: Pelipper|Focus Sash|[from] move: Knock Off|[of] p2b: Incineroar
|
|-weather|RainDance|[upkeep]
|upkeep
|turn|5
|
|t:|1756856490
|move|p1a: Serperior|Protect|p1a: Serperior
|-singleturn|p1a: Serperior|Protect
|-activate|p2a: Annihilape|confusion
|-damage|p2a: Annihilape|0 fnt|[from] confusion
|faint|p2a: Annihilape
|move|p1b: Pelipper|Weather Ball|p2b: Incineroar
|-supereffective|p2b: Incineroar
|-damage|p2b: Incineroar|0 fnt
|faint|p2b: Incineroar
|
|-weather|RainDance|[upkeep]
|upkeep
|
|t:|1756856498
|switch|p2a: Gholdengo|Gholdengo, L50|100/100
|turn|6
|
|t:|1756856508
|move|p2a: Gholdengo|Make It Rain|p1b: Pelipper|[spread] p1a,p1b
|-resisted|p1b: Pelipper
|-damage|p1a: Serperior|0 fnt
|-damage|p1b: Pelipper|0 fnt
|-unboost|p2a: Gholdengo|spa|1
|faint|p1a: Serperior
|faint|p1b: Pelipper
|-damage|p2a: Gholdengo|91/100|[from] item: Life Orb
|
|-weather|RainDance|[upkeep]
|upkeep
|
|t:|1756856519
|switch|p1a: Archaludon|Archaludon, L50, F|100/100
|turn|7
|
|t:|1756856525
|move|p2a: Gholdengo|Nasty Plot|p2a: Gholdengo
|-boost|p2a: Gholdengo|spa|2
|move|p1a: Archaludon|Electro Shot||[still]
|-prepare|p1a: Archaludon|Electro Shot
|-boost|p1a: Archaludon|spa|1
|-anim|p1a: Archaludon|Electro Shot|p2a: Gholdengo
|-damage|p2a: Gholdengo|30/100
|
|-weather|RainDance|[upkeep]
|upkeep
|turn|8
|
|t:|1756856535
|move|p2a: Gholdengo|Protect|p2a: Gholdengo
|-singleturn|p2a: Gholdengo|Protect
|move|p1a: Archaludon|Protect||[still]
|-fail|p1a: Archaludon
|
|-weather|none
|upkeep
|turn|9
|
|t:|1756856547
|move|p2a: Gholdengo|Nasty Plot|p2a: Gholdengo
|-boost|p2a: Gholdengo|spa|2
|move|p1a: Archaludon|Electro Shot||[still]
|-prepare|p1a: Archaludon|Electro Shot
|-boost|p1a: Archaludon|spa|1
|-enditem|p1a: Archaludon|Power Herb
|-anim|p1a: Archaludon|Electro Shot|p2a: Gholdengo
|-damage|p2a: Gholdengo|0 fnt
|faint|p2a: Gholdengo
|
|win|KittyKennedy
