|j|☆endershovel
|j|☆raksbach
|html|endershovelraksbach    
|uhtml|bestof|Game 1 of a best-of-3
|t:|1783520996
|gametype|doubles
|player|p1|endershovel|101|1211
|player|p2|raksbach|266|1131
|gen|9
|tier|[Gen 9 Champions] VGC 2026 Reg M-B (Bo3)
|rated|
|rule|Species Clause: Limit one of each Pokémon
|rule|Item Clause: Limit 1 of each item
|clearpoke
|poke|p1|Starmie, L50, shiny|
|poke|p1|Sneasler, L50, F|
|poke|p1|Pelipper, L50, F|
|poke|p1|Archaludon, L50, F|
|poke|p1|Sinistcha-Masterpiece, L50|
|poke|p1|Kingambit, L50, F|
|poke|p2|Incineroar, L50, M|
|poke|p2|Maushold, L50|
|poke|p2|Sinistcha, L50|
|poke|p2|Sneasler, L50, F|
|poke|p2|Blastoise, L50, F|
|poke|p2|Delphox, L50, M|
|teampreview|4
|showteam|p1|Starmie||Starminite|NaturalCure|Liquidation,ZenHeadbutt,AquaJet,Protect|Jolly|||||50|]Sneasler||WhiteHerb|Unburden|CloseCombat,DireClaw,Coaching,FakeOut|Adamant||F|||50|]Pelipper||SitrusBerry|Drizzle|Hurricane,WeatherBall,Tailwind,Protect|Modest||F|||50|]Archaludon||Leftovers|Stamina|ElectroShot,FlashCannon,DragonPulse,Protect|Modest||F|||50|]Sinistcha-Masterpiece||ColburBerry|Hospitality|MatchaGotcha,RagePowder,TrickRoom,Imprison|Calm|||||50|]Kingambit||BlackGlasses|Defiant|KowtowCleave,SuckerPunch,SwordsDance,Protect|Adamant||F|||50|
|showteam|p2|Incineroar||SitrusBerry|Intimidate|FakeOut,FlareBlitz,DarkestLariat,PartingShot|Impish||M|||50|]Maushold||ChopleBerry|FriendGuard|SuperFang,FollowMe,Protect,Feint|Impish|||||50|]Sinistcha||OccaBerry|Hospitality|MatchaGotcha,LifeDew,RagePowder,TrickRoom|Bold|||||50|]Sneasler||FocusSash|PoisonTouch|FakeOut,CloseCombat,DireClaw,QuickGuard|Jolly||F|||50|]Blastoise||Blastoisinite|Torrent|WaterSpout,DarkPulse,ShellSmash,Protect|Modest||F|||50|]Delphox||Delphoxite|Blaze|HeatWave,Psychic,NastyPlot,Protect|Timid||M|||50|
|inactive|Battle timer is ON: inactive players will automatically lose when time's up. (requested by raksbach)
|inactive|endershovel has 60 seconds left.
|inactive|raksbach has 60 seconds left.
|
|t:|1783521045
|teamsize|p1|4
|teamsize|p2|4
|start
|switch|p1a: Sinistcha|Sinistcha-Masterpiece, L50|100/100
|switch|p1b: Kingambit|Kingambit, L50, F|100/100
|switch|p2a: Blastoise|Blastoise, L50, F|100/100
|switch|p2b: Maushold|Maushold, L50|100/100
|turn|1
|inactive|raksbach has 30 seconds left.
|inactive|raksbach has 20 seconds left.
|
|t:|1783521081
|detailschange|p2a: Blastoise|Blastoise-Mega, L50, F
|-mega|p2a: Blastoise|Blastoise|Blastoisinite
|move|p2b: Maushold|Follow Me|p2b: Maushold
|-singleturn|p2b: Maushold|move: Follow Me
|move|p1b: Kingambit|Sucker Punch||[still]
|-fail|p1b: Kingambit
|move|p2a: Blastoise|Shell Smash|p2a: Blastoise
|-unboost|p2a: Blastoise|def|1
|-unboost|p2a: Blastoise|spd|1
|-boost|p2a: Blastoise|atk|2
|-boost|p2a: Blastoise|spa|2
|-boost|p2a: Blastoise|spe|2
|move|p1a: Sinistcha|Trick Room|p1a: Sinistcha
|-fieldstart|move: Trick Room|[of] p1a: Sinistcha
|
|upkeep
|turn|2
|
|t:|1783521099
|move|p2b: Maushold|Follow Me|p2b: Maushold
|-singleturn|p2b: Maushold|move: Follow Me
|move|p1b: Kingambit|Kowtow Cleave|p2b: Maushold
|-damage|p2b: Maushold|39/100
|move|p1a: Sinistcha|Matcha Gotcha|p2a: Blastoise|[spread] p2a,p2b
|-supereffective|p2a: Blastoise|1
|-damage|p2a: Blastoise|36/100
|-damage|p2b: Maushold|9/100
|-status|p2b: Maushold|brn
|move|p2a: Blastoise|Dark Pulse|p1a: Sinistcha
|-supereffective|p1a: Sinistcha|1
|-enditem|p1a: Sinistcha|Colbur Berry|[eat]
|-enditem|p1a: Sinistcha|Colbur Berry|[weaken]
|-damage|p1a: Sinistcha|5/100
|
|-damage|p2b: Maushold|3/100 brn|[from] brn
|upkeep
|turn|3
|inactive|raksbach has 30 seconds left.
|
|t:|1783521126
|switch|p2b: Sinistcha|Sinistcha, L50|100/100
|-heal|p2a: Blastoise|60/100|[from] ability: Hospitality|[of] p2b: Sinistcha
|move|p2a: Blastoise|Protect|p2a: Blastoise
|-singleturn|p2a: Blastoise|Protect
|move|p1b: Kingambit|Swords Dance|p1b: Kingambit
|-boost|p1b: Kingambit|atk|2
|move|p1a: Sinistcha|Matcha Gotcha|p2a: Blastoise|[spread] p2b
|-activate|p2a: Blastoise|move: Protect
|-resisted|p2b: Sinistcha|1
|-damage|p2b: Sinistcha|88/100
|-heal|p1a: Sinistcha|11/100|[from] drain|[of] p2b: Sinistcha
|-status|p2b: Sinistcha|brn
|
|-damage|p2b: Sinistcha|82/100 brn|[from] brn
|upkeep
|turn|4
|inactive|raksbach has 30 seconds left.
|inactive|raksbach has 20 seconds left.
|inactive|raksbach has 15 seconds left.
|
|t:|1783521170
|move|p2a: Blastoise|Protect||[still]
|-fail|p2a: Blastoise
|move|p1b: Kingambit|Kowtow Cleave|p2b: Sinistcha
|-supereffective|p2b: Sinistcha|1
|-crit|p2b: Sinistcha
|-damage|p2b: Sinistcha|0 fnt
|faint|p2b: Sinistcha
|move|p1a: Sinistcha|Matcha Gotcha|p2a: Blastoise|[miss]
|-miss|p1a: Sinistcha|p2a: Blastoise
|
|upkeep
|
|t:|1783521182
|switch|p2b: Maushold|Maushold, L50|3/100 brn
|turn|5
|
|t:|1783521193
|switch|p1a: Starmie|Starmie, L50, shiny|100/100
|move|p2a: Blastoise|Protect|p2a: Blastoise
|-singleturn|p2a: Blastoise|Protect
|move|p1b: Kingambit|Swords Dance|p1b: Kingambit
|-boost|p1b: Kingambit|atk|2
|move|p2b: Maushold|Super Fang|p1b: Kingambit
|-damage|p1b: Kingambit|50/100g
|
|-damage|p2b: Maushold|0 fnt|[from] brn
|faint|p2b: Maushold
|-fieldend|move: Trick Room
|upkeep
|
|t:|1783521204
|switch|p2b: Sneasler|Sneasler, L50, F|100/100
|turn|6
|
|t:|1783521217
|move|p1a: Starmie|Protect|p1a: Starmie
|-singleturn|p1a: Starmie|Protect
|move|p1b: Kingambit|Protect|p1b: Kingambit
|-singleturn|p1b: Kingambit|Protect
|move|p2b: Sneasler|Fake Out|p1b: Kingambit
|-activate|p1b: Kingambit|move: Protect
|move|p2a: Blastoise|Water Spout|p1b: Kingambit|[spread] 
|-activate|p1a: Starmie|move: Protect
|-activate|p1b: Kingambit|move: Protect
|
|upkeep
|turn|7
|inactive|endershovel has 30 seconds left.
|
|t:|1783521243
|detailschange|p1a: Starmie|Starmie-Mega, L50, shiny
|-mega|p1a: Starmie|Starmie|Starminite
|move|p2b: Sneasler|Quick Guard|p2b: Sneasler
|-singleturn|p2b: Sneasler|Quick Guard
|move|p2a: Blastoise|Dark Pulse|p1a: Starmie
|-supereffective|p1a: Starmie|1
|-damage|p1a: Starmie|0 fnt
|faint|p1a: Starmie
|move|p1b: Kingambit|Kowtow Cleave|p2a: Blastoise
|-damage|p2a: Blastoise|0 fnt
|faint|p2a: Blastoise
|
|upkeep
|
|t:|1783521254
|switch|p1a: Sinistcha|Sinistcha-Masterpiece, L50|11/100
|-heal|p1b: Kingambit|74/100|[from] ability: Hospitality|[of] p1a: Sinistcha
|turn|8
|
|t:|1783521262
|move|p1a: Sinistcha|Rage Powder|p1a: Sinistcha
|-singleturn|p1a: Sinistcha|move: Rage Powder
|move|p2b: Sneasler|Dire Claw|p1a: Sinistcha
|-damage|p1a: Sinistcha|0 fnt
|faint|p1a: Sinistcha
|move|p1b: Kingambit|Kowtow Cleave|p2b: Sneasler
|-resisted|p2b: Sneasler|1
|-enditem|p2b: Sneasler|Focus Sash
|-damage|p2b: Sneasler|1/100
|
|upkeep
|
|t:|1783521267
|switch|p1a: Pelipper|Pelipper, L50, F|100/100
|-weather|RainDance|[from] ability: Drizzle|[of] p1a: Pelipper
|turn|9
|-message|raksbach forfeited.
|
|win|endershovel
|l|☆raksbach
|player|p2|
||raksbach is ready for game 2.
