|j|☆utbfd
|j|☆TeyVgc
|html|utbfdTeyVgc    
|uhtml|bestof|Game 1 of a best-of-3
|t:|1784056278
|gametype|doubles
|player|p1|utbfd|169|1242
|player|p2|TeyVgc|rood|1248
|gen|9
|tier|[Gen 9 Champions] VGC 2026 Reg M-B (Bo3)
|rated|
|rule|Species Clause: Limit one of each Pokémon
|rule|Item Clause: Limit 1 of each item
|clearpoke
|poke|p1|Swampert, L50, M|
|poke|p1|Sableye, L50, M|
|poke|p1|Archaludon, L50, F|
|poke|p1|Pelipper, L50, F|
|poke|p1|Mawile, L50, M|
|poke|p1|Farigiraf, L50, F|
|poke|p2|Raichu, L50, M|
|poke|p2|Sinistcha, L50|
|poke|p2|Ceruledge, L50, F|
|poke|p2|Milotic, L50, F|
|poke|p2|Incineroar, L50, F|
|poke|p2|Floette-Eternal, L50, F|
|teampreview|4
|showteam|p1|Swampert||Swampertite|Damp|WaveCrash,HighHorsepower,IcePunch,Protect|Adamant||M|||50|]Sableye||LightClay|Prankster|RainDance,LightScreen,Reflect,Quash|Bold||M|||50|]Archaludon||Leftovers|Stamina|ElectroShot,DragonPulse,FlashCannon,Protect|Calm||F|||50|]Pelipper||FocusSash|Drizzle|WeatherBall,Hurricane,Tailwind,Protect|Modest||F|||50|]Mawile||Mawilite|HyperCutter|PlayRough,SuckerPunch,SwordsDance,Protect|Brave||M|||50|]Farigiraf||ColburBerry|ArmorTail|TwinBeam,TrickRoom,AllySwitch,Protect|Relaxed||F|||50|
|showteam|p2|Raichu||RaichuniteY|LightningRod|ZapCannon,FocusBlast,FakeOut,Protect|Timid||M|||50|]Sinistcha||KasibBerry|Hospitality|MatchaGotcha,Protect,RagePowder,TrickRoom|Relaxed|||||50|]Ceruledge||ColburBerry|FlashFire|BitterBlade,ShadowSneak,BulkUp,Protect|Adamant||F|||50|]Milotic||Leftovers|Competitive|MuddyWater,Coil,Hypnosis,Recover|Calm||F|||50|]Incineroar||SitrusBerry|Intimidate|FlareBlitz,ThroatChop,FakeOut,PartingShot|Impish||F|||50|]Floette-Eternal||Floettite|FlowerVeil|CalmMind,Protect,Moonblast,DazzlingGleam|Modest||F|||50|
|inactive|Battle timer is ON: inactive players will automatically lose when time's up. (requested by utbfd)
|inactive|utbfd has 60 seconds left.
|inactive|TeyVgc has 60 seconds left.
|
|t:|1784056334
|teamsize|p1|4
|teamsize|p2|4
|start
|switch|p1a: :3|Mawile, L50, M|100/100
|switch|p1b: 6-7|Farigiraf, L50, F|100/100
|switch|p2a: Incineroar|Incineroar, L50, F|100/100
|switch|p2b: Milotic|Milotic, L50, F|100/100
|-ability|p2a: Incineroar|Intimidate|boost
|-fail|p1a: :3|unboost|Attack|[from] ability: Hyper Cutter|[of] p1a: :3
|-unboost|p1b: 6-7|atk|1
|turn|1
|
|t:|1784056351
|detailschange|p1a: :3|Mawile-Mega, L50, M
|-mega|p1a: :3|Mawile|Mawilite
|move|p2b: Milotic|Coil|p2b: Milotic
|-boost|p2b: Milotic|atk|1
|-boost|p2b: Milotic|def|1
|-boost|p2b: Milotic|accuracy|1
|move|p2a: Incineroar|Parting Shot|p1a: :3
|-unboost|p1a: :3|atk|1
|-unboost|p1a: :3|spa|1
|
|t:|1784056361
|switch|p2a: Sinistcha|Sinistcha, L50|100/100|[from] Parting Shot
|move|p1a: :3|Swords Dance|p1a: :3
|-boost|p1a: :3|atk|2
|move|p1b: 6-7|Trick Room|p1b: 6-7
|-fieldstart|move: Trick Room|[of] p1b: 6-7
|
|upkeep
|turn|2
|
|t:|1784056384
|switch|p2a: Incineroar|Incineroar, L50, F|100/100
|-ability|p2a: Incineroar|Intimidate|boost
|-unboost|p1a: :3|atk|1
|-unboost|p1b: 6-7|atk|1
|move|p1b: 6-7|Ally Switch|p1b: 6-7
|swap|p1b: 6-7|0|[from] move: Ally Switch
|move|p1b: :3|Swords Dance|p1b: :3
|-boost|p1b: :3|atk|2
|move|p2b: Milotic|Coil|p2b: Milotic
|-boost|p2b: Milotic|atk|1
|-boost|p2b: Milotic|def|1
|-boost|p2b: Milotic|accuracy|1
|
|upkeep
|turn|3
|
|t:|1784056404
|switch|p1a: BRIDGEMANIA|Archaludon, L50, F|100/100
|move|p1b: :3|Play Rough|p2b: Milotic|[miss]
|-miss|p1b: :3|p2b: Milotic
|move|p2a: Incineroar|Parting Shot|p1b: :3
|-unboost|p1b: :3|atk|1
|-unboost|p1b: :3|spa|1
|c|☆utbfd|bruh
|
|t:|1784056414
|switch|p2a: Sinistcha|Sinistcha, L50|100/100|[from] Parting Shot
|move|p2b: Milotic|Hypnosis|p1b: :3
|-status|p1b: :3|slp|[from] move: Hypnosis
|
|upkeep
|turn|4
|
|t:|1784056425
|switch|p2a: Raichu|Raichu, L50, M|100/100
|switch|p1a: 6-7|Farigiraf, L50, F|100/100
|cant|p1b: :3|slp
|move|p2b: Milotic|Muddy Water|p1a: 6-7|[spread] p1a,p1b
|-damage|p1a: 6-7|76/100
|-damage|p1b: :3|70/100 slp
|
|upkeep
|turn|5
|
|t:|1784056436
|switch|p2a: Incineroar|Incineroar, L50, F|100/100
|-ability|p2a: Incineroar|Intimidate|boost
|-unboost|p1a: 6-7|atk|1
|-unboost|p1b: :3|atk|1
|cant|p1b: :3|slp
|move|p1a: 6-7|Twin Beam|p2b: Milotic
|-damage|p2b: Milotic|89/100
|-damage|p2b: Milotic|80/100
|-hitcount|p2b: Milotic|2
|move|p2b: Milotic|Muddy Water|p1a: 6-7|[spread] p1a,p1b
|-damage|p1a: 6-7|53/100
|-damage|p1b: :3|43/100 slp
|-unboost|p1a: 6-7|accuracy|1
|
|-heal|p2b: Milotic|86/100|[from] item: Leftovers
|-fieldend|move: Trick Room
|upkeep
|turn|6
|
|t:|1784056453
|move|p2b: Milotic|Muddy Water|p1b: :3|[spread] p1a,p1b
|-damage|p1a: 6-7|29/100
|-damage|p1b: :3|17/100 slp
|move|p2a: Incineroar|Flare Blitz|p1b: :3
|-supereffective|p1b: :3|1
|-damage|p1b: :3|0 fnt
|faint|p1b: :3
|-damage|p2a: Incineroar|95/100|[from] Recoil
|move|p1a: 6-7|Trick Room|p1a: 6-7
|-fieldstart|move: Trick Room|[of] p1a: 6-7
|
|-heal|p2b: Milotic|92/100|[from] item: Leftovers
|upkeep
|
|t:|1784056458
|switch|p1b: BRIDGEMANIA|Archaludon, L50, F|100/100
|turn|7
|inactive|TeyVgc has 30 seconds left.
|inactive|TeyVgc has 20 seconds left.
|inactive|TeyVgc has 15 seconds left.
|
|t:|1784056500
|switch|p2a: Raichu|Raichu, L50, M|100/100
|move|p1a: 6-7|Twin Beam|p2a: Raichu
|-damage|p2a: Raichu|79/100
|-damage|p2a: Raichu|59/100
|-hitcount|p2a: Raichu|2
|move|p2b: Milotic|Muddy Water|p1a: 6-7|[spread] p1a,p1b
|-resisted|p1b: BRIDGEMANIA|1
|-damage|p1a: 6-7|4/100
|-damage|p1b: BRIDGEMANIA|88/100
|-unboost|p1a: 6-7|accuracy|1
|-ability|p1b: BRIDGEMANIA|Stamina|boost
|-boost|p1b: BRIDGEMANIA|def|1
|move|p1b: BRIDGEMANIA|Dragon Pulse|p2a: Raichu
|-damage|p2a: Raichu|15/100
|
|-heal|p2b: Milotic|98/100|[from] item: Leftovers
|-heal|p1b: BRIDGEMANIA|94/100|[from] item: Leftovers
|upkeep
|turn|8
|inactive|utbfd has 30 seconds left.
|
|t:|1784056526
|switch|p1a: toliet birb|Pelipper, L50, F|100/100
|-weather|RainDance|[from] ability: Drizzle|[of] p1a: toliet birb
|move|p2a: Raichu|Protect|p2a: Raichu
|-singleturn|p2a: Raichu|Protect
|move|p2b: Milotic|Muddy Water|p1b: BRIDGEMANIA|[spread] p1a,p1b
|-resisted|p1a: toliet birb|1
|-resisted|p1b: BRIDGEMANIA|1
|-damage|p1a: toliet birb|71/100
|-damage|p1b: BRIDGEMANIA|77/100
|-unboost|p1a: toliet birb|accuracy|1
|-ability|p1b: BRIDGEMANIA|Stamina|boost
|-boost|p1b: BRIDGEMANIA|def|1
|move|p1b: BRIDGEMANIA|Electro Shot||[still]
|-activate|p2a: Raichu|ability: Lightning Rod
|-prepare|p1b: BRIDGEMANIA|Electro Shot
|-boost|p1b: BRIDGEMANIA|spa|1
|-anim|p1b: BRIDGEMANIA|Electro Shot|p2a: Raichu
|-activate|p2a: Raichu|move: Protect
|
|-weather|RainDance|[upkeep]
|-heal|p2b: Milotic|100/100|[from] item: Leftovers
|-heal|p1b: BRIDGEMANIA|83/100|[from] item: Leftovers
|upkeep
|turn|9
|inactive|TeyVgc has 30 seconds left.
|
|t:|1784056552
|switch|p2a: Incineroar|Incineroar, L50, F|95/100
|-ability|p2a: Incineroar|Intimidate|boost
|-unboost|p1a: toliet birb|atk|1
|-unboost|p1b: BRIDGEMANIA|atk|1
|move|p2b: Milotic|Hypnosis|p1b: BRIDGEMANIA
|-status|p1b: BRIDGEMANIA|slp|[from] move: Hypnosis
|cant|p1b: BRIDGEMANIA|slp
|move|p1a: toliet birb|Hurricane|p2a: Incineroar
|-damage|p2a: Incineroar|52/100
|-start|p2a: Incineroar|confusion
|
|-weather|RainDance|[upkeep]
|-heal|p1b: BRIDGEMANIA|89/100 slp|[from] item: Leftovers
|upkeep
|turn|10
|
|t:|1784056570
|-activate|p2a: Incineroar|confusion
|move|p2a: Incineroar|Parting Shot|p1b: BRIDGEMANIA
|-unboost|p1b: BRIDGEMANIA|atk|1
|-unboost|p1b: BRIDGEMANIA|spa|1
|
|t:|1784056574
|switch|p2a: Sinistcha|Sinistcha, L50|100/100|[from] Parting Shot
|move|p2b: Milotic|Muddy Water|p1b: BRIDGEMANIA|[spread] p1a,p1b
|-resisted|p1a: toliet birb|1
|-resisted|p1b: BRIDGEMANIA|1
|-damage|p1a: toliet birb|39/100
|-damage|p1b: BRIDGEMANIA|74/100 slp
|-ability|p1b: BRIDGEMANIA|Stamina|boost
|-boost|p1b: BRIDGEMANIA|def|1
|-curestatus|p1b: BRIDGEMANIA|slp|[msg]
|move|p1b: BRIDGEMANIA|Electro Shot||[still]
|-prepare|p1b: BRIDGEMANIA|Electro Shot
|-boost|p1b: BRIDGEMANIA|spa|1
|-anim|p1b: BRIDGEMANIA|Electro Shot|p2b: Milotic
|-supereffective|p2b: Milotic|1
|-damage|p2b: Milotic|24/100
|move|p1a: toliet birb|Weather Ball|p2a: Sinistcha
|-resisted|p2a: Sinistcha|1
|-damage|p2a: Sinistcha|65/100
|
|-weather|RainDance|[upkeep]
|-heal|p2b: Milotic|30/100|[from] item: Leftovers
|-heal|p1b: BRIDGEMANIA|80/100|[from] item: Leftovers
|-fieldend|move: Trick Room
|upkeep
|turn|11
|
|t:|1784056591
|move|p1a: toliet birb|Protect|p1a: toliet birb
|-singleturn|p1a: toliet birb|Protect
|move|p2a: Sinistcha|Rage Powder|p2a: Sinistcha
|-singleturn|p2a: Sinistcha|move: Rage Powder
|move|p1b: BRIDGEMANIA|Dragon Pulse|p2a: Sinistcha
|-damage|p2a: Sinistcha|20/100y
|move|p2b: Milotic|Recover|p2b: Milotic
|-heal|p2b: Milotic|80/100
|
|-weather|RainDance|[upkeep]
|-heal|p1b: BRIDGEMANIA|86/100|[from] item: Leftovers
|-heal|p2b: Milotic|86/100|[from] item: Leftovers
|upkeep
|turn|12
|inactive|TeyVgc has 30 seconds left.
|inactive|TeyVgc has 20 seconds left.
|inactive|TeyVgc has 15 seconds left.
|inactive|TeyVgc has 10 seconds left.
|inactive|TeyVgc has 5 seconds left.
|
|t:|1784056644
|switch|p2b: Incineroar|Incineroar, L50, F|52/100
|-ability|p2b: Incineroar|Intimidate|boost
|-unboost|p1a: toliet birb|atk|1
|-unboost|p1b: BRIDGEMANIA|atk|1
|move|p1a: toliet birb|Hurricane|p2a: Sinistcha
|-supereffective|p2a: Sinistcha|1
|-damage|p2a: Sinistcha|0 fnt
|faint|p2a: Sinistcha
|move|p1b: BRIDGEMANIA|Electro Shot||[still]
|-prepare|p1b: BRIDGEMANIA|Electro Shot
|-boost|p1b: BRIDGEMANIA|spa|1
|-anim|p1b: BRIDGEMANIA|Electro Shot|p2b: Incineroar
|-damage|p2b: Incineroar|0 fnt
|faint|p2b: Incineroar
|
|-weather|none
|-heal|p1b: BRIDGEMANIA|92/100|[from] item: Leftovers
|upkeep
|
|t:|1784056652
|switch|p2b: Milotic|Milotic, L50, F|86/100
|switch|p2a: Raichu|Raichu, L50, M|15/100
|turn|13
|
|t:|1784056668
|switch|p1a: 6-7|Farigiraf, L50, F|4/100
|detailschange|p2a: Raichu|Raichu-Mega-Y, L50, M
|-mega|p2a: Raichu|Raichu|Raichunite Y
|move|p1b: BRIDGEMANIA|Protect|p1b: BRIDGEMANIA
|-singleturn|p1b: BRIDGEMANIA|Protect
|move|p2a: Raichu|Focus Blast|p1b: BRIDGEMANIA
|-activate|p1b: BRIDGEMANIA|move: Protect
|move|p2b: Milotic|Muddy Water|p1b: BRIDGEMANIA|[spread] p1a
|-activate|p1b: BRIDGEMANIA|move: Protect
|-damage|p1a: 6-7|0 fnt
|faint|p1a: 6-7
|
|-heal|p1b: BRIDGEMANIA|98/100|[from] item: Leftovers
|-heal|p2b: Milotic|92/100|[from] item: Leftovers
|upkeep
|
|t:|1784056671
|switch|p1a: toliet birb|Pelipper, L50, F|39/100
|-weather|RainDance|[from] ability: Drizzle|[of] p1a: toliet birb
|turn|14
|
|t:|1784056685
|move|p2a: Raichu|Focus Blast|p1b: BRIDGEMANIA
|-supereffective|p1b: BRIDGEMANIA|1
|-damage|p1b: BRIDGEMANIA|25/100
|-ability|p1b: BRIDGEMANIA|Stamina|boost
|-boost|p1b: BRIDGEMANIA|def|1
|move|p1a: toliet birb|Weather Ball|p2a: Raichu
|-damage|p2a: Raichu|0 fnt
|faint|p2a: Raichu
|move|p1b: BRIDGEMANIA|Dragon Pulse|p2b: Milotic
|-damage|p2b: Milotic|43/100
|move|p2b: Milotic|Muddy Water|p1a: toliet birb|[spread] p1a,p1b
|-resisted|p1a: toliet birb|1
|-resisted|p1b: BRIDGEMANIA|1
|-damage|p1a: toliet birb|11/100
|-damage|p1b: BRIDGEMANIA|9/100
|-unboost|p1a: toliet birb|accuracy|1
|-unboost|p1b: BRIDGEMANIA|accuracy|1
|-ability|p1b: BRIDGEMANIA|Stamina|boost
|-boost|p1b: BRIDGEMANIA|def|1
|
|-weather|RainDance|[upkeep]
|-heal|p1b: BRIDGEMANIA|15/100|[from] item: Leftovers
|-heal|p2b: Milotic|49/100|[from] item: Leftovers
|upkeep
|turn|15
|
|t:|1784056701
|move|p1b: BRIDGEMANIA|Protect|p1b: BRIDGEMANIA
|-singleturn|p1b: BRIDGEMANIA|Protect
|move|p1a: toliet birb|Hurricane|p2b: Milotic
|-damage|p2b: Milotic|15/100
|move|p2b: Milotic|Muddy Water|p1a: toliet birb|[spread] p1a
|-activate|p1b: BRIDGEMANIA|move: Protect
|-resisted|p1a: toliet birb|1
|-damage|p1a: toliet birb|0 fnt
|faint|p1a: toliet birb
|
|-weather|RainDance|[upkeep]
|-heal|p1b: BRIDGEMANIA|21/100|[from] item: Leftovers
|-heal|p2b: Milotic|21/100|[from] item: Leftovers
|upkeep
|turn|16
|
|t:|1784056713
|move|p1b: BRIDGEMANIA|Dragon Pulse|p2b: Milotic
|-damage|p2b: Milotic|0 fnt
|faint|p2b: Milotic
|
|win|utbfd
|c|☆utbfd|gg
