|j|☆nontelo
|j|☆dotKuro
|html|nontelodotKuro    
|uhtml|bestof|Game 3 of a best-of-3
|t:|1755440154
|gametype|doubles
|player|p1|nontelo|cress|1218
|player|p2|dotKuro|266|1289
|gen|9
|tier|[Gen 9] VGC 2025 Reg H (Bo3)
|rated|
|rule|Species Clause: Limit one of each Pokémon
|rule|Item Clause: Limit 1 of each item
|clearpoke
|poke|p1|Hatterene, L50, F|
|poke|p1|Indeedee-F, L50, F|
|poke|p1|Gallade, L50, M|
|poke|p1|Ursaluna, L50, M|
|poke|p1|Lilligant-Hisui, L50, F|
|poke|p1|Torkoal, L50, M|
|poke|p2|Garchomp, L50, M|
|poke|p2|Tyranitar, L50, M|
|poke|p2|Corviknight, L50, M|
|poke|p2|Gholdengo, L50|
|poke|p2|Kilowattrel, L50, M|
|poke|p2|Dragapult, L50, M|
|teampreview|4
|showteam|p1|Hatterene||LifeOrb|MagicBounce|ExpandingForce,TrickRoom,DazzlingGleam,Protect|||F|||50|,,,,,Psychic]Indeedee-F||SafetyGoggles|PsychicSurge|Psychic,TrickRoom,FollowMe,HelpingHand|||F|||50|,,,,,Fairy]Gallade||ClearAmulet|Sharpness|SacredSword,PsychoCut,TrickRoom,WideGuard|||M|||50|,,,,,Steel]Ursaluna||FlameOrb|Guts|HeadlongRush,Earthquake,Facade,Protect|||M|||50|,,,,,Ghost]Lilligant-Hisui||FocusSash|Chlorophyll|CloseCombat,LeafBlade,SleepPowder,AfterYou|||F|||50|,,,,,Steel]Torkoal||Charcoal|Drought|Eruption,WeatherBall,ClearSmog,Protect|||M|||50|,,,,,Fire
|showteam|p2|Garchomp||Leftovers|SandVeil|Earthquake,DragonClaw,Substitute,Protect|||M|||50|,,,,,Steel]Tyranitar||AssaultVest|SandStream|KnockOff,RockSlide,LowKick,TeraBlast|||M|||50|,,,,,Grass]Corviknight||SitrusBerry|MirrorArmor|BraveBird,BodyPress,Tailwind,Roost|||M|||50|,,,,,Fighting]Gholdengo||ChoiceSpecs|GoodasGold|MakeItRain,ShadowBall,Trick,Protect||||||50|,,,,,Steel]Kilowattrel||FocusSash|Competitive|AirSlash,Thunderbolt,Protect,Tailwind|||M|||50|,,,,,Ghost]Dragapult||LifeOrb|Infiltrator|DracoMeteor,ShadowBall,Flamethrower,Protect|||M|||50|,,,,,Stellar
|inactive|Battle timer is ON: inactive players will automatically lose when time's up. (requested by nontelo)
|
|t:|1755440177
|teamsize|p1|4
|teamsize|p2|4
|start
|switch|p1a: Hatterene|Hatterene, L50, F|100/100
|switch|p1b: Indeedee|Indeedee-F, L50, F|100/100
|switch|p2a: Gholdengo|Gholdengo, L50|100/100
|switch|p2b: Garchomp|Garchomp, L50, M|100/100
|-fieldstart|move: Psychic Terrain|[from] ability: Psychic Surge|[of] p1b: Indeedee
|turn|1
|inactive|nontelo has 30 seconds left.
|
|t:|1755440207
|-terastallize|p2a: Gholdengo|Steel
|move|p1a: Hatterene|Protect|p1a: Hatterene
|-singleturn|p1a: Hatterene|Protect
|move|p2b: Garchomp|Substitute|p2b: Garchomp
|-start|p2b: Garchomp|Substitute
|-damage|p2b: Garchomp|75/100
|move|p2a: Gholdengo|Make It Rain|p1b: Indeedee|[spread] p1b
|-activate|p1a: Hatterene|move: Protect
|-damage|p1b: Indeedee|15/100
|-unboost|p2a: Gholdengo|spa|1
|move|p1b: Indeedee|Trick Room|p1b: Indeedee
|-fieldstart|move: Trick Room|[of] p1b: Indeedee
|
|-heal|p2b: Garchomp|82/100|[from] item: Leftovers
|upkeep
|turn|2
|inactive|nontelo has 30 seconds left.
|inactive|dotKuro has 30 seconds left.
|
|t:|1755440237
|-terastallize|p1a: Hatterene|Psychic
|move|p1b: Indeedee|Helping Hand|p1a: Hatterene
|-singleturn|p1a: Hatterene|Helping Hand|[of] p1b: Indeedee
|move|p2b: Garchomp|Protect|p2b: Garchomp
|-singleturn|p2b: Garchomp|Protect
|move|p1a: Hatterene|Expanding Force|p2a: Gholdengo|[spread] p2a
|-activate|p2b: Garchomp|move: Protect
|-resisted|p2a: Gholdengo
|-damage|p2a: Gholdengo|0 fnt
|faint|p2a: Gholdengo
|-damage|p1a: Hatterene|91/100|[from] item: Life Orb
|
|-heal|p2b: Garchomp|88/100|[from] item: Leftovers
|upkeep
|
|t:|1755440250
|switch|p2a: Corviknight|Corviknight, L50, M|100/100
|turn|3
|
|t:|1755440262
|move|p1a: Hatterene|Expanding Force|p2b: Garchomp|[spread] p2a,p2b
|-end|p2b: Garchomp|Substitute
|-resisted|p2a: Corviknight
|-damage|p2a: Corviknight|40/100
|-enditem|p2a: Corviknight|Sitrus Berry|[eat]
|-heal|p2a: Corviknight|64/100|[from] item: Sitrus Berry
|-damage|p1a: Hatterene|81/100|[from] item: Life Orb
|move|p2a: Corviknight|Roost|p2a: Corviknight
|-heal|p2a: Corviknight|100/100
|-singleturn|p2a: Corviknight|move: Roost
|move|p1b: Indeedee|Psychic|p2b: Garchomp
|-damage|p2b: Garchomp|44/100
|move|p2b: Garchomp|Earthquake|p1a: Hatterene|[spread] p2a,p1a,p1b
|-supereffective|p2a: Corviknight
|-damage|p2a: Corviknight|53/100
|-damage|p1a: Hatterene|35/100
|-damage|p1b: Indeedee|0 fnt
|faint|p1b: Indeedee
|
|-heal|p2b: Garchomp|50/100|[from] item: Leftovers
|upkeep
|
|t:|1755440283
|switch|p1b: Gallade|Gallade, L50, M|100/100
|turn|4
|
|t:|1755440303
|move|p2b: Garchomp|Protect|p2b: Garchomp
|-singleturn|p2b: Garchomp|Protect
|move|p1a: Hatterene|Dazzling Gleam|p2a: Corviknight|[spread] p2a
|-activate|p2b: Garchomp|move: Protect
|-resisted|p2a: Corviknight
|-damage|p2a: Corviknight|30/100
|-damage|p1a: Hatterene|25/100|[from] item: Life Orb
|move|p1b: Gallade|Sacred Sword|p2a: Corviknight
|-damage|p2a: Corviknight|0 fnt
|faint|p2a: Corviknight
|
|-heal|p2b: Garchomp|56/100|[from] item: Leftovers
|upkeep
|
|t:|1755440325
|switch|p2a: Tyranitar|Tyranitar, L50, M|100/100
|-weather|Sandstorm|[from] ability: Sand Stream|[of] p2a: Tyranitar
|turn|5
|-message|dotKuro forfeited.
|
|win|nontelo
|raw|nontelo's rating: 1218 → 1248(+30 for winning)
|raw|dotKuro's rating: 1289 → 1259(-30 for losing)
