|j|☆sedrav
|j|☆WASHINGTONGARGACHA
|html|sedravWASHINGTONGARGACHA    
|uhtml|bestof|Game 1 of a best-of-3
|t:|1756490917
|gametype|doubles
|player|p1|sedrav|hilbert|1203
|player|p2|WASHINGTONGARGACHA|265|1182
|gen|9
|tier|[Gen 9] VGC 2025 Reg H (Bo3)
|rated|
|rule|Species Clause: Limit one of each Pokémon
|rule|Item Clause: Limit 1 of each item
|clearpoke
|poke|p1|Milotic, L50, F|
|poke|p1|Tyranitar, L50, M|
|poke|p1|Talonflame, L50, F|
|poke|p1|Garchomp, L50, M|
|poke|p1|Amoonguss, L50, F|
|poke|p1|Gholdengo, L50|
|poke|p2|Gholdengo, L50|
|poke|p2|Ursaluna, L50, M|
|poke|p2|Archaludon, L50, M|
|poke|p2|Murkrow, L50, M|
|poke|p2|Farigiraf, L50, M|
|poke|p2|Palafin, L50, F|
|teampreview|4
|showteam|p1|Milotic||SafetyGoggles|Competitive|Scald,IcyWind,Haze,Protect|||F|||50|,,,,,Dragon]Tyranitar||AssaultVest|SandStream|RockSlide,KnockOff,LowKick,TeraBlast|||M|||50|,,,,,Flying]Talonflame||CovertCloak|GaleWings|BraveBird,Tailwind,WillOWisp,Taunt|||F|||50|,,,,,Grass]Garchomp||LifeOrb|RoughSkin|Protect,StompingTantrum,Earthquake,DragonClaw|||M|||50|,,,,,Fairy]Amoonguss||SitrusBerry|Regenerator|Protect,RagePowder,Spore,PollenPuff|||F|||50|,,,,,Water]Gholdengo||ChoiceSpecs|GoodasGold|MakeItRain,ShadowBall,PowerGem,Thunderbolt||||||50|,,,,,Steel
|showteam|p2|Gholdengo||SitrusBerry|GoodasGold|ShadowBall,MakeItRain,NastyPlot,Protect||||||50|,,,,,Water]Ursaluna||FlameOrb|Guts|Facade,Earthquake,Protect,HeadlongRush|||M|||50|,,,,,Ghost]Archaludon||PowerHerb|Stamina|ElectroShot,FlashCannon,DracoMeteor,Protect|||M|||50|,,,,,Grass]Murkrow||Eviolite|Prankster|Tailwind,RainDance,FoulPlay,Haze|||M|||50|,,,,,Dark]Farigiraf||ThroatSpray|ArmorTail|HyperVoice,TrickRoom,Psychic,Protect|||M|||50|,,,,,Fairy]Palafin||MysticWater|ZerotoHero|FlipTurn,Protect,JetPunch,WaveCrash|||F|||50|,,,,,Water
|inactive|Battle timer is ON: inactive players will automatically lose when time's up. (requested by sedrav)
|inactive|sedrav has 60 seconds left.
|inactive|WASHINGTONGARGACHA has 60 seconds left.
|
|t:|1756490967
|teamsize|p1|4
|teamsize|p2|4
|start
|switch|p1a: Talonflame|Talonflame, L50, F|100/100
|switch|p1b: Garchomp|Garchomp, L50, M|100/100
|switch|p2a: Farigiraf|Farigiraf, L50, M|100/100
|switch|p2b: Palafin|Palafin, L50, F|100/100
|turn|1
|inactive|sedrav has 30 seconds left.
|inactive|WASHINGTONGARGACHA has 30 seconds left.
|
|t:|1756491002
|-terastallize|p1a: Talonflame|Grass
|-terastallize|p2b: Palafin|Water
|move|p2a: Farigiraf|Protect|p2a: Farigiraf
|-singleturn|p2a: Farigiraf|Protect
|move|p1a: Talonflame|Taunt|p2a: Farigiraf
|-activate|p2a: Farigiraf|move: Protect
|move|p2b: Palafin|Wave Crash|p1a: Talonflame
|-resisted|p1a: Talonflame
|-damage|p1a: Talonflame|58/100
|-damage|p2b: Palafin|87/100|[from] Recoil
|move|p1b: Garchomp|Dragon Claw|p2b: Palafin
|-damage|p2b: Palafin|9/100
|-damage|p1b: Garchomp|91/100|[from] item: Life Orb
|
|upkeep
|turn|2
|inactive|sedrav has 30 seconds left.
|inactive|WASHINGTONGARGACHA has 30 seconds left.
|inactive|sedrav has 20 seconds left.
|inactive|sedrav has 15 seconds left.
|inactive|sedrav has 10 seconds left.
|
|t:|1756491048
|switch|p1a: Amoonguss|Amoonguss, L50, F|100/100
|detailschange|p2b: Palafin|Palafin-Hero, L50, F, tera:Water
|switch|p2b: Archaludon|Archaludon, L50, M|100/100
|switch|p2a: Murkrow|Murkrow, L50, M|100/100
|move|p1b: Garchomp|Dragon Claw|p2a: Murkrow
|-damage|p2a: Murkrow|17/100
|-damage|p1b: Garchomp|81/100|[from] item: Life Orb
|
|upkeep
|turn|3
|inactive|sedrav has 30 seconds left.
|inactive|WASHINGTONGARGACHA has 30 seconds left.
|inactive|sedrav has 20 seconds left.
|inactive|WASHINGTONGARGACHA has 20 seconds left.
|inactive|sedrav has 15 seconds left.
|inactive|WASHINGTONGARGACHA has 15 seconds left.
|inactive|sedrav has 10 seconds left.
|inactive|WASHINGTONGARGACHA has 10 seconds left.
|
|t:|1756491100
|switch|p1b: Tyranitar|Tyranitar, L50, M|100/100
|-weather|Sandstorm|[from] ability: Sand Stream|[of] p1b: Tyranitar
|move|p2a: Murkrow|Tailwind|p2a: Murkrow
|-sidestart|p2: WASHINGTONGARGACHA|move: Tailwind
|move|p2b: Archaludon|Electro Shot||[still]
|-prepare|p2b: Archaludon|Electro Shot
|-boost|p2b: Archaludon|spa|1
|-enditem|p2b: Archaludon|Power Herb
|-anim|p2b: Archaludon|Electro Shot|p1a: Amoonguss
|-resisted|p1a: Amoonguss
|-damage|p1a: Amoonguss|73/100
|move|p1a: Amoonguss|Spore|p2a: Murkrow
|-status|p2a: Murkrow|slp|[from] move: Spore
|
|-weather|Sandstorm|[upkeep]
|-damage|p2a: Murkrow|11/100 slp|[from] Sandstorm
|-damage|p1a: Amoonguss|67/100|[from] Sandstorm
|upkeep
|turn|4
|inactive|sedrav has 30 seconds left.
|
|t:|1756491129
|switch|p1b: Garchomp|Garchomp, L50, M|81/100
|cant|p2a: Murkrow|slp
|move|p2b: Archaludon|Draco Meteor|p1a: Amoonguss
|-damage|p1a: Amoonguss|0 fnt
|-unboost|p2b: Archaludon|spa|2
|faint|p1a: Amoonguss
|
|-weather|Sandstorm|[upkeep]
|-damage|p2a: Murkrow|5/100 slp|[from] Sandstorm
|upkeep
|
|t:|1756491147
|switch|p1a: Talonflame|Talonflame, L50, F, tera:Grass|58/100
|turn|5
|
|t:|1756491160
|switch|p1b: Tyranitar|Tyranitar, L50, M|100/100
|cant|p2a: Murkrow|slp
|move|p2b: Archaludon|Draco Meteor|p1b: Tyranitar
|-damage|p1b: Tyranitar|81/100
|-unboost|p2b: Archaludon|spa|2
|move|p1a: Talonflame|Tailwind|p1a: Talonflame
|-sidestart|p1: sedrav|move: Tailwind
|
|-weather|Sandstorm|[upkeep]
|-damage|p1a: Talonflame|52/100|[from] Sandstorm
|-damage|p2a: Murkrow|0 fnt|[from] Sandstorm
|faint|p2a: Murkrow
|upkeep
|
|t:|1756491184
|switch|p2a: Palafin|Palafin-Hero, L50, F, tera:Water|9/100
|-activate|p2a: Palafin|ability: Zero to Hero
|turn|6
|
|t:|1756491196
|switch|p2b: Farigiraf|Farigiraf, L50, M|100/100
|move|p2a: Palafin|Protect|p2a: Palafin
|-singleturn|p2a: Palafin|Protect
|move|p1a: Talonflame|Brave Bird|p2a: Palafin
|-activate|p2a: Palafin|move: Protect
|move|p1b: Tyranitar|Low Kick|p2b: Farigiraf
|-crit|p2b: Farigiraf
|-damage|p2b: Farigiraf|35/100
|
|-weather|Sandstorm|[upkeep]
|-damage|p1a: Talonflame|47/100|[from] Sandstorm
|-damage|p2a: Palafin|3/100|[from] Sandstorm
|-damage|p2b: Farigiraf|29/100|[from] Sandstorm
|-sideend|p2: WASHINGTONGARGACHA|move: Tailwind
|upkeep
|turn|7
|inactive|sedrav has 30 seconds left.
|inactive|WASHINGTONGARGACHA has 30 seconds left.
|inactive|sedrav has 20 seconds left.
|inactive|sedrav has 15 seconds left.
|
|t:|1756491242
|switch|p1b: Garchomp|Garchomp, L50, M|81/100
|move|p2a: Palafin|Jet Punch|p1b: Garchomp
|-damage|p1b: Garchomp|23/100
|-damage|p2a: Palafin|0 fnt|[from] ability: Rough Skin|[of] p1b: Garchomp
|faint|p2a: Palafin
|move|p1a: Talonflame|Brave Bird|p2b: Farigiraf
|-damage|p2b: Farigiraf|0 fnt
|faint|p2b: Farigiraf
|-damage|p1a: Talonflame|35/100|[from] Recoil
|
|-weather|none
|upkeep
|
|t:|1756491254
|switch|p2b: Archaludon|Archaludon, L50, M|100/100
|turn|8
|
|t:|1756491278
|move|p1a: Talonflame|Brave Bird|p2b: Archaludon
|-resisted|p2b: Archaludon
|-damage|p2b: Archaludon|85/100
|-ability|p2b: Archaludon|Stamina|boost
|-boost|p2b: Archaludon|def|1
|-damage|p1a: Talonflame|31/100|[from] Recoil
|move|p1b: Garchomp|Stomping Tantrum|p2b: Archaludon
|-supereffective|p2b: Archaludon
|-damage|p2b: Archaludon|19/100
|-ability|p2b: Archaludon|Stamina|boost
|-boost|p2b: Archaludon|def|1
|-damage|p1b: Garchomp|14/100|[from] item: Life Orb
|move|p2b: Archaludon|Flash Cannon|p1b: Garchomp
|-damage|p1b: Garchomp|0 fnt
|faint|p1b: Garchomp
|
|-sideend|p1: sedrav|move: Tailwind
|upkeep
|
|t:|1756491293
|switch|p1b: Tyranitar|Tyranitar, L50, M|81/100
|-weather|Sandstorm|[from] ability: Sand Stream|[of] p1b: Tyranitar
|turn|9
|
|t:|1756491308
|move|p1a: Talonflame|Tailwind|p1a: Talonflame
|-sidestart|p1: sedrav|move: Tailwind
|move|p1b: Tyranitar|Low Kick|p2b: Archaludon
|-supereffective|p2b: Archaludon
|-crit|p2b: Archaludon
|-damage|p2b: Archaludon|0 fnt
|faint|p2b: Archaludon
|
|win|sedrav
