|j|☆Naya314
|j|☆katkraydel
|html|Naya314katkraydel    
|uhtml|bestof|Game 2 of a best-of-3
|t:|1782688196
|gametype|doubles
|player|p1|Naya314|candice|1192
|player|p2|katkraydel|lebanne|1267
|gen|9
|tier|[Gen 9 Champions] VGC 2026 Reg M-B (Bo3)
|rated|
|rule|Species Clause: Limit one of each Pokémon
|rule|Item Clause: Limit 1 of each item
|clearpoke
|poke|p1|Ninetales-Alola, L50, M|
|poke|p1|Blastoise, L50, F|
|poke|p1|Sinistcha, L50|
|poke|p1|Sneasler, L50, F|
|poke|p1|Incineroar, L50, F|
|poke|p1|Delphox, L50, M|
|poke|p2|Torkoal, L50, F, shiny|
|poke|p2|Farigiraf, L50, M, shiny|
|poke|p2|Sylveon, L50, F, shiny|
|poke|p2|Kingambit, L50, F|
|poke|p2|Appletun, L50, F, shiny|
|poke|p2|Kangaskhan, L50, F|
|teampreview|4
|showteam|p1|Ninetales-Alola||LightClay|SnowWarning|Blizzard,IcyWind,AuroraVeil,Protect|Timid||M|||50|]Blastoise||Blastoisinite|RainDish|WaterSpout,DarkPulse,ShellSmash,Protect|Modest||F|||50|]Sinistcha||KasibBerry|Hospitality|MatchaGotcha,RagePowder,TrickRoom,Protect|Bold|||||50|]Sneasler||FocusSash|Unburden|CloseCombat,DireClaw,FakeOut,QuickGuard|Jolly||F|||50|]Incineroar||SitrusBerry|Intimidate|FlareBlitz,ThroatChop,FakeOut,PartingShot|Adamant||F|||50|]Delphox||Delphoxite|Blaze|HeatWave,Psyshock,NastyPlot,Protect|Timid||M|||50|
|showteam|p2|Torkoal||Charcoal|Drought|Eruption,HeatWave,WeatherBall,Protect|Quiet||F|||50|]Farigiraf||SitrusBerry|ArmorTail|HyperVoice,Psychic,TrickRoom,Protect|Relaxed||M|||50|]Sylveon||LifeOrb|Pixilate|HyperVoice,HyperBeam,QuickAttack,Protect|Quiet||F|||50|]Kingambit||OccaBerry|Defiant|KowtowCleave,SuckerPunch,LowKick,IronHead|Brave||F|||50|]Appletun||HabanBerry|ThickFat|AppleAcid,DragonPulse,Recover,Protect|Sassy||F|||50|]Kangaskhan||Kangaskhanite|Scrappy|FakeOut,DoubleEdge,DrainPunch,SuckerPunch|Adamant||F|||50|
|inactive|Battle timer is ON: inactive players will automatically lose when time's up. (requested by Naya314)
|
|t:|1782688218
|teamsize|p1|4
|teamsize|p2|4
|start
|switch|p1a: Sneasler|Sneasler, L50, F|100/100
|switch|p1b: Incineroar|Incineroar, L50, F|100/100
|switch|p2a: Jumpsuit|Farigiraf, L50, M, shiny|100/100
|switch|p2b: Lipslap|Kangaskhan, L50, F|100/100
|-ability|p1b: Incineroar|Intimidate|boost
|-unboost|p2a: Jumpsuit|atk|1
|-fail|p2b: Lipslap|unboost|Attack|[from] ability: Scrappy|[of] p2b: Lipslap
|turn|1
|inactive|Naya314 has 30 seconds left.
|
|t:|1782688248
|detailschange|p2b: Lipslap|Kangaskhan-Mega, L50, F
|-mega|p2b: Lipslap|Kangaskhan|Kangaskhanite
|move|p1a: Sneasler|Quick Guard|p1a: Sneasler
|-singleturn|p1a: Sneasler|Quick Guard
|move|p2b: Lipslap|Fake Out|p1a: Sneasler
|-activate|p1a: Sneasler|move: Quick Guard
|move|p1b: Incineroar|Throat Chop|p2a: Jumpsuit
|-supereffective|p2a: Jumpsuit|1
|-damage|p2a: Jumpsuit|38/100
|-start|p2a: Jumpsuit|Throat Chop|[silent]
|-enditem|p2a: Jumpsuit|Sitrus Berry|[eat]
|-heal|p2a: Jumpsuit|62/100|[from] item: Sitrus Berry
|move|p2a: Jumpsuit|Trick Room|p2a: Jumpsuit
|-fieldstart|move: Trick Room|[of] p2a: Jumpsuit
|
|upkeep
|turn|2
|inactive|katkraydel has 30 seconds left.
|inactive|katkraydel has 20 seconds left.
|
|t:|1782688283
|switch|p2a: Porcelain|Kingambit, L50, F|100/100
|move|p1b: Incineroar|Throat Chop|p2a: Porcelain
|-resisted|p2a: Porcelain|1
|-damage|p2a: Porcelain|85/100
|-start|p2a: Porcelain|Throat Chop|[silent]
|move|p2b: Lipslap|Double-Edge|p1a: Sneasler
|-enditem|p1a: Sneasler|Focus Sash
|-damage|p1a: Sneasler|1/100
|-damage|p1a: Sneasler|0 fnt
|faint|p1a: Sneasler
|-hitcount|p1: Sneasler|2
|-damage|p2b: Lipslap|75/100|[from] Recoil
|
|upkeep
|
|t:|1782688300
|switch|p1a: Sinistcha|Sinistcha, L50|100/100
|turn|3
|inactive|katkraydel has 30 seconds left.
|inactive|katkraydel has 20 seconds left.
|inactive|katkraydel has 15 seconds left.
|inactive|katkraydel has 10 seconds left.
|inactive|katkraydel has 5 seconds left.
|
|t:|1782688355
|move|p2a: Porcelain|Kowtow Cleave|p1b: Incineroar
|-resisted|p1b: Incineroar|1
|-damage|p1b: Incineroar|74/100
|move|p1b: Incineroar|Flare Blitz|p2a: Porcelain
|-supereffective|p2a: Porcelain|1
|-enditem|p2a: Porcelain|Occa Berry|[eat]
|-enditem|p2a: Porcelain|Occa Berry|[weaken]
|-damage|p2a: Porcelain|40/100
|-damage|p1b: Incineroar|59/100|[from] Recoil
|move|p2b: Lipslap|Double-Edge|p1a: Sinistcha
|-immune|p1a: Sinistcha
|move|p1a: Sinistcha|Trick Room|p1a: Sinistcha
|-fieldend|move: Trick Room
|
|-end|p2a: Porcelain|Throat Chop|[silent]
|upkeep
|turn|4
|
|t:|1782688379
|switch|p2a: WILDFLOWER|Appletun, L50, F, shiny|100/100
|move|p1a: Sinistcha|Rage Powder|p1a: Sinistcha
|-singleturn|p1a: Sinistcha|move: Rage Powder
|move|p2b: Lipslap|Drain Punch|p1a: Sinistcha
|-immune|p1a: Sinistcha
|move|p1b: Incineroar|Flare Blitz|p2a: WILDFLOWER
|-damage|p2a: WILDFLOWER|70/100
|-damage|p1b: Incineroar|49/100|[from] Recoil
|-enditem|p1b: Incineroar|Sitrus Berry|[eat]
|-heal|p1b: Incineroar|73/100|[from] item: Sitrus Berry
|
|upkeep
|turn|5
|inactive|Naya314 has 30 seconds left.
|
|t:|1782688404
|switch|p1b: Delphox|Delphox, L50, M|100/100
|move|p1a: Sinistcha|Rage Powder|p1a: Sinistcha
|-singleturn|p1a: Sinistcha|move: Rage Powder
|move|p2b: Lipslap|Drain Punch|p1a: Sinistcha
|-immune|p1a: Sinistcha
|move|p2a: WILDFLOWER|Apple Acid|p1b: Delphox
|-resisted|p1b: Delphox|1
|-damage|p1b: Delphox|79/100
|-unboost|p1b: Delphox|spd|1
|
|upkeep
|turn|6
|
|t:|1782688425
|switch|p2b: Jumpsuit|Farigiraf, L50, M, shiny|62/100
|detailschange|p1b: Delphox|Delphox-Mega, L50, M
|-mega|p1b: Delphox|Delphox|Delphoxite
|move|p1a: Sinistcha|Rage Powder|p1a: Sinistcha
|-singleturn|p1a: Sinistcha|move: Rage Powder
|move|p1b: Delphox|Nasty Plot|p1b: Delphox
|-boost|p1b: Delphox|spa|2
|move|p2a: WILDFLOWER|Dragon Pulse|p1b: Delphox
|-damage|p1b: Delphox|34/100
|
|upkeep
|turn|7
|
|t:|1782688446
|move|p2b: Jumpsuit|Protect|p2b: Jumpsuit
|-singleturn|p2b: Jumpsuit|Protect
|move|p1b: Delphox|Heat Wave|p2a: WILDFLOWER|[spread] p2a
|-activate|p2b: Jumpsuit|move: Protect
|-damage|p2a: WILDFLOWER|38/100
|move|p1a: Sinistcha|Matcha Gotcha|p2a: WILDFLOWER|[spread] p2a
|-activate|p2b: Jumpsuit|move: Protect
|-resisted|p2a: WILDFLOWER|2
|-damage|p2a: WILDFLOWER|34/100
|move|p2a: WILDFLOWER|Dragon Pulse|p1b: Delphox
|-damage|p1b: Delphox|0 fnt
|faint|p1b: Delphox
|
|upkeep
|
|t:|1782688460
|switch|p1b: Incineroar|Incineroar, L50, F|73/100
|-ability|p1b: Incineroar|Intimidate|boost
|-unboost|p2a: WILDFLOWER|atk|1
|-unboost|p2b: Jumpsuit|atk|1
|turn|8
|
|t:|1782688481
|move|p1b: Incineroar|Flare Blitz|p2a: WILDFLOWER
|-damage|p2a: WILDFLOWER|6/100
|-damage|p1b: Incineroar|63/100|[from] Recoil
|move|p2a: WILDFLOWER|Recover|p2a: WILDFLOWER
|-heal|p2a: WILDFLOWER|56/100
|move|p1a: Sinistcha|Trick Room|p1a: Sinistcha
|-fieldstart|move: Trick Room|[of] p1a: Sinistcha
|move|p2b: Jumpsuit|Trick Room|p2b: Jumpsuit
|-fieldend|move: Trick Room
|
|upkeep
|turn|9
|-message|Naya314 forfeited.
|
|win|katkraydel
|l|☆Naya314
|player|p1|
