|j|☆FieryFIame
|j|☆SunshineTufo
|html|FieryFIameSunshineTufo    
|uhtml|bestof|Game 2 of a best-of-3
|t:|1785420237
|gametype|doubles
|player|p1|FieryFIame|266|1309
|player|p2|SunshineTufo|li|1356
|gen|9
|tier|[Gen 9 Champions] VGC 2026 Reg M-B (Bo3)
|rated|
|rule|Species Clause: Limit one of each Pokémon
|rule|Item Clause: Limit 1 of each item
|clearpoke
|poke|p1|Staraptor, L50, F|
|poke|p1|Garchomp, L50, M|
|poke|p1|Whimsicott, L50, F|
|poke|p1|Delphox, L50, F|
|poke|p1|Glimmora, L50, M|
|poke|p1|Kingambit, L50, F|
|poke|p2|Raichu, L50, M, shiny|
|poke|p2|Decidueye-Hisui, L50, M|
|poke|p2|Floette-Eternal, L50, F|
|poke|p2|Aerodactyl, L50, M, shiny|
|poke|p2|Kingambit, L50, F|
|poke|p2|Basculegion, L50, M, shiny|
|teampreview|4
|showteam|p1|Staraptor||Staraptite|Intimidate|Protect,Roost,CloseCombat,BraveBird|Jolly||F|||50|]Garchomp||LifeOrb|RoughSkin|Protect,RockSlide,Earthquake,DragonClaw|Jolly||M|||50|]Whimsicott||OccaBerry|Prankster|Moonblast,Tailwind,Charm,LightScreen|Timid||F|||50|]Delphox||Delphoxite|Blaze|Protect,HeatWave,Psychic,Substitute|Timid||F|||50|]Glimmora||FocusSash|ToxicDebris|SpikyShield,SludgeBomb,EarthPower,PowerGem|Timid||M|||50|]Kingambit||ChopleBerry|Defiant|SuckerPunch,LowKick,IronHead,KowtowCleave|Adamant||F|||50|
|showteam|p2|Raichu||RaichuniteY|Static|ZapCannon,FocusBlast,FakeOut,Protect|Timid||M|||50|]Decidueye-Hisui||ScopeLens|Scrappy|TripleArrows,LeafBlade,Protect,Taunt|Adamant||M|||50|]Floette-Eternal||Floettite|FlowerVeil|Moonblast,DazzlingGleam,LightofRuin,Protect|Timid||F|||50|]Aerodactyl||FocusSash|Unnerve|RockSlide,DualWingbeat,Tailwind,Protect|Jolly||M|||50|]Kingambit||ChopleBerry|Defiant|KowtowCleave,IronHead,SuckerPunch,LowKick|Adamant||F|||50|]Basculegion||LifeOrb|Adaptability|WaveCrash,AquaJet,LastRespects,Protect|Adamant||M|||50|
|inactive|Battle timer is ON: inactive players will automatically lose when time's up. (requested by SunshineTufo)
|
|t:|1785420264
|teamsize|p1|4
|teamsize|p2|4
|start
|switch|p1a: Garchomp|Garchomp, L50, M|100/100
|switch|p1b: Delphox|Delphox, L50, F|100/100
|switch|p2a: Aerodactyl|Aerodactyl, L50, M, shiny|100/100
|switch|p2b: Raichu|Raichu, L50, M, shiny|100/100
|-ability|p2a: Aerodactyl|Unnerve
|turn|1
|
|t:|1785420284
|detailschange|p1b: Delphox|Delphox-Mega, L50, F
|-mega|p1b: Delphox|Delphox|Delphoxite
|move|p2b: Raichu|Protect|p2b: Raichu
|-singleturn|p2b: Raichu|Protect
|move|p2a: Aerodactyl|Tailwind|p2a: Aerodactyl
|-sidestart|p2: SunshineTufo|move: Tailwind
|move|p1b: Delphox|Psychic|p2b: Raichu
|-activate|p2b: Raichu|move: Protect
|move|p1a: Garchomp|Earthquake|p2a: Aerodactyl|[spread] 
|-activate|p2b: Raichu|move: Protect
|-immune|p1b: Delphox|[from] ability: Levitate
|-immune|p2a: Aerodactyl
|
|upkeep
|turn|2
|
|t:|1785420300
|move|p1b: Delphox|Protect|p1b: Delphox
|-singleturn|p1b: Delphox|Protect
|move|p2a: Aerodactyl|Rock Slide|p1a: Garchomp|[spread] p1a
|-activate|p1b: Delphox|move: Protect
|-resisted|p1a: Garchomp|1
|-damage|p1a: Garchomp|88/100
|move|p2b: Raichu|Focus Blast|p1a: Garchomp
|-crit|p1a: Garchomp
|-damage|p1a: Garchomp|44/100
|cant|p1a: Garchomp|flinch
|
|upkeep
|turn|3
|c|☆SunshineTufo|sorry
|c|☆SunshineTufo|i am truly sorry
|
|t:|1785420332
|detailschange|p2b: Raichu|Raichu-Mega-Y, L50, M, shiny
|-mega|p2b: Raichu|Raichu|Raichunite Y
|move|p1b: Delphox|Protect||[still]
|-fail|p1b: Delphox
|move|p2a: Aerodactyl|Rock Slide|p1a: Garchomp|[spread] 
|-miss|p2a: Aerodactyl|p1a: Garchomp
|-miss|p2a: Aerodactyl|p1b: Delphox
|move|p2b: Raichu|Zap Cannon|p1b: Delphox
|-damage|p1b: Delphox|42/100
|-status|p1b: Delphox|par
|move|p1a: Garchomp|Earthquake|p2a: Aerodactyl|[spread] p2b
|-immune|p1b: Delphox|[from] ability: Levitate
|-immune|p2a: Aerodactyl
|-supereffective|p2b: Raichu|1
|-damage|p2b: Raichu|0 fnt
|faint|p2b: Raichu
|-damage|p1a: Garchomp|34/100|[from] item: Life Orb
|
|upkeep
|
|t:|1785420336
|switch|p2b: Floette|Floette-Eternal, L50, F|100/100
|turn|4
|inactive|FieryFIame has 30 seconds left.
|
|t:|1785420361
|switch|p1a: Whimsicott|Whimsicott, L50, F|100/100
|move|p1b: Delphox|Protect|p1b: Delphox
|-singleturn|p1b: Delphox|Protect
|move|p2a: Aerodactyl|Dual Wingbeat|p1b: Delphox
|-activate|p1b: Delphox|move: Protect
|move|p2b: Floette|Dazzling Gleam|p1a: Whimsicott|[spread] p1a
|-activate|p1b: Delphox|move: Protect
|-damage|p1a: Whimsicott|57/100
|
|-sideend|p2: SunshineTufo|move: Tailwind
|upkeep
|turn|5
|
|t:|1785420388
|move|p1a: Whimsicott|Light Screen|p1a: Whimsicott
|-sidestart|p1: FieryFIame|move: Light Screen
|move|p2a: Aerodactyl|Tailwind|p2a: Aerodactyl
|-sidestart|p2: SunshineTufo|move: Tailwind
|move|p2b: Floette|Moonblast|p1a: Whimsicott
|-damage|p1a: Whimsicott|7/100
|move|p1b: Delphox|Substitute|p1b: Delphox
|-start|p1b: Delphox|Substitute
|-damage|p1b: Delphox|17/100 par
|
|upkeep
|turn|6
|
|t:|1785420408
|switch|p2a: Kingambit|Kingambit, L50, F|100/100
|move|p1a: Whimsicott|Tailwind|p1a: Whimsicott
|-sidestart|p1: FieryFIame|move: Tailwind
|move|p2b: Floette|Dazzling Gleam|p1a: Whimsicott|[spread] p1a,p1b
|-resisted|p1b: Delphox|1
|-crit|p1b: Delphox
|-activate|p1b: Delphox|move: Substitute|[damage]
|-damage|p1a: Whimsicott|0 fnt
|faint|p1a: Whimsicott
|move|p1b: Delphox|Heat Wave|p2b: Floette|[spread] p2a,p2b
|-supereffective|p2a: Kingambit|1
|-crit|p2b: Floette
|-damage|p2a: Kingambit|10/100
|-damage|p2b: Floette|42/100
|
|upkeep
|
|t:|1785420431
|switch|p1a: Garchomp|Garchomp, L50, M|34/100
|turn|7
|
|t:|1785420454
|move|p2a: Kingambit|Sucker Punch|p1a: Garchomp
|-crit|p1a: Garchomp
|-damage|p1a: Garchomp|0 fnt
|-damage|p2a: Kingambit|0 fnt|[from] ability: Rough Skin|[of] p1a: Garchomp
|faint|p1a: Garchomp
|faint|p2a: Kingambit
|move|p2b: Floette|Moonblast|p1b: Delphox
|-resisted|p1b: Delphox|1
|-end|p1b: Delphox|Substitute
|move|p1b: Delphox|Heat Wave|p2b: Floette
|-damage|p2b: Floette|0 fnt
|faint|p2b: Floette
|
|upkeep
|
|t:|1785420466
|switch|p1a: Kingambit|Kingambit, L50, F|100/100
|switch|p2b: Aerodactyl|Aerodactyl, L50, M, shiny|100/100
|-ability|p2b: Aerodactyl|Unnerve
|turn|8
|-message|SunshineTufo forfeited.
|
|win|FieryFIame
