|j|☆chonky bunny moo
|j|☆myshirtisdirty
|html|chonky bunny moomyshirtisdirty    
|uhtml|bestof|Game 2 of a best-of-3
|t:|1756529389
|gametype|doubles
|player|p1|chonky bunny moo|2|1031
|player|p2|myshirtisdirty|2|1068
|gen|9
|tier|[Gen 9] VGC 2025 Reg H (Bo3)
|rated|
|rule|Species Clause: Limit one of each Pokémon
|rule|Item Clause: Limit 1 of each item
|clearpoke
|poke|p1|Bisharp, L50, F|
|poke|p1|Bronzong, L50|
|poke|p1|Volcarona, L50, M|
|poke|p1|Sinistcha, L50|
|poke|p1|Pelipper, L50, M|
|poke|p1|Torkoal, L50, F|
|poke|p2|Ceruledge, L50, F|
|poke|p2|Rillaboom, L50, M|
|poke|p2|Whimsicott, L50, M|
|poke|p2|Sneasler, L50, M|
|poke|p2|Ninetales-Alola, L50, F|
|poke|p2|Samurott-Hisui, L50, F|
|teampreview|4
|showteam|p1|Bisharp||Eviolite|Defiant|IronHead,SuckerPunch,StealthRock,Taunt|||F|||50|,,,,,Water]Bronzong||RockyHelmet|Levitate|BodyPress,ExpandingForce,GyroBall,TrickRoom||||||50|,,,,,Fire]Volcarona||Leftovers|FlameBody|HeatWave,RagePowder,QuiverDance,GigaDrain|||M|||50|,,,,,Grass]Sinistcha||EjectPack|Hospitality|MatchaGotcha,Protect,Scald,Hex||||||50|,,,,,Fairy]Pelipper||SafetyGoggles|Drizzle|Hurricane,WideGuard,WeatherBall,Tailwind|||M|||50|,,,,,Ghost]Torkoal||ChoiceSpecs|Drought|Eruption,EarthPower,SolarBeam,HeatWave|||F|||50|,,,,,Fire
|showteam|p2|Ceruledge||ClearAmulet|FlashFire|BitterBlade,Poltergeist,BulkUp,Protect|||F|||50|,,,,,Bug]Rillaboom||MiracleSeed|GrassySurge|GrassyGlide,DrumBeating,Taunt,FakeOut|||M|||50|,,,,,Fire]Whimsicott||FocusSash|Prankster|Moonblast,WorrySeed,Tailwind,Protect|||M|||50|,,,,,Ghost]Sneasler||GrassySeed|Unburden|CloseCombat,DireClaw,Coaching,Protect|||M|||50|,,,,,Ghost]Ninetales-Alola||CovertCloak|SnowWarning|FreezeDry,Moonblast,Blizzard,AuroraVeil|||F|||50|,,,,,Water]Samurott-Hisui||ChoiceBand|Sharpness|CeaselessEdge,SacredSword,XScissor,FlipTurn|||F|||50|,,,,,Dark
|
|t:|1756529439
|teamsize|p1|4
|teamsize|p2|4
|start
|switch|p1a: Bisharp|Bisharp, L50, F|100/100
|switch|p1b: Bronzong|Bronzong, L50, shiny|100/100
|switch|p2a: Ceruledge|Ceruledge, L50, F|100/100
|switch|p2b: Sneasler|Sneasler, L50, M|100/100
|turn|1
|
|t:|1756529497
|-terastallize|p1a: Bisharp|Water
|move|p1a: Bisharp|Sucker Punch|p2a: Ceruledge
|-supereffective|p2a: Ceruledge
|-damage|p2a: Ceruledge|37/100
|move|p2b: Sneasler|Coaching|p2a: Ceruledge
|-boost|p2a: Ceruledge|atk|1
|-boost|p2a: Ceruledge|def|1
|move|p2a: Ceruledge|Bitter Blade|p1b: Bronzong
|-supereffective|p1b: Bronzong
|-damage|p1b: Bronzong|3/100
|-heal|p2a: Ceruledge|79/100|[from] drain|[of] p1b: Bronzong
|-damage|p2a: Ceruledge|62/100|[from] item: Rocky Helmet|[of] p1b: Bronzong
|move|p1b: Bronzong|Trick Room|p1b: Bronzong
|-fieldstart|move: Trick Room|[of] p1b: Bronzong
|
|upkeep
|turn|2
|
|t:|1756529543
|move|p2a: Ceruledge|Protect|p2a: Ceruledge
|-singleturn|p2a: Ceruledge|Protect
|move|p1a: Bisharp|Sucker Punch||[still]
|-fail|p1a: Bisharp
|move|p1b: Bronzong|Expanding Force|p2b: Sneasler
|-supereffective|p2b: Sneasler
|-damage|p2b: Sneasler|0 fnt
|faint|p2b: Sneasler
|
|upkeep
|
|t:|1756529552
|switch|p2b: Rillaboom|Rillaboom, L50, M|100/100
|-fieldstart|move: Grassy Terrain|[from] ability: Grassy Surge|[of] p2b: Rillaboom
|turn|3
|
|t:|1756529579
|switch|p1b: Volcarona|Volcarona, L50, M|100/100
|move|p2b: Rillaboom|Fake Out|p1a: Bisharp
|-damage|p1a: Bisharp|91/100
|cant|p1a: Bisharp|flinch
|move|p2a: Ceruledge|Poltergeist|p1b: Volcarona
|-activate|p1b: Volcarona|move: Poltergeist|Leftovers
|-damage|p1b: Volcarona|1/100
|
|-heal|p1a: Bisharp|97/100|[from] Grassy Terrain
|-heal|p2a: Ceruledge|68/100|[from] Grassy Terrain
|-heal|p1b: Volcarona|7/100|[from] Grassy Terrain
|-heal|p1b: Volcarona|14/100|[from] item: Leftovers
|upkeep
|turn|4
|
|t:|1756529629
|move|p2b: Rillaboom|Grassy Glide|p1a: Bisharp
|-supereffective|p1a: Bisharp
|-damage|p1a: Bisharp|33/100
|move|p1a: Bisharp|Iron Head|p2b: Rillaboom
|-damage|p2b: Rillaboom|67/100
|move|p2a: Ceruledge|Poltergeist|p1a: Bisharp
|-activate|p1a: Bisharp|move: Poltergeist|Eviolite
|-damage|p1a: Bisharp|0 fnt
|faint|p1a: Bisharp
|move|p1b: Volcarona|Giga Drain|p2b: Rillaboom
|-resisted|p2b: Rillaboom
|-damage|p2b: Rillaboom|50/100
|-heal|p1b: Volcarona|24/100|[from] drain|[of] p2b: Rillaboom
|
|-heal|p2a: Ceruledge|74/100|[from] Grassy Terrain
|-heal|p2b: Rillaboom|56/100|[from] Grassy Terrain
|-heal|p1b: Volcarona|30/100|[from] Grassy Terrain
|-heal|p1b: Volcarona|37/100|[from] item: Leftovers
|upkeep
|
|t:|1756529650
|switch|p1a: Torkoal|Torkoal, L50, F|100/100
|-weather|SunnyDay|[from] ability: Drought|[of] p1a: Torkoal
|turn|5
|
|t:|1756529689
|-terastallize|p2b: Rillaboom|Fire
|move|p1a: Torkoal|Earth Power|p2a: Ceruledge
|-supereffective|p2a: Ceruledge
|-damage|p2a: Ceruledge|7/100
|move|p2a: Ceruledge|Poltergeist|p1b: Volcarona|[miss]
|-miss|p2a: Ceruledge|p1b: Volcarona
|move|p2b: Rillaboom|Drum Beating|p1a: Torkoal
|-resisted|p1a: Torkoal
|-damage|p1a: Torkoal|74/100
|-unboost|p1a: Torkoal|spe|1
|move|p1b: Volcarona|Heat Wave|p2a: Ceruledge|[spread] p2b
|-start|p2a: Ceruledge|ability: Flash Fire
|-resisted|p2b: Rillaboom
|-damage|p2b: Rillaboom|28/100
|
|-weather|SunnyDay|[upkeep]
|-heal|p1a: Torkoal|80/100|[from] Grassy Terrain
|-heal|p2a: Ceruledge|13/100|[from] Grassy Terrain
|-heal|p2b: Rillaboom|34/100|[from] Grassy Terrain
|-heal|p1b: Volcarona|43/100|[from] Grassy Terrain
|-heal|p1b: Volcarona|49/100|[from] item: Leftovers
|-fieldend|move: Trick Room
|upkeep
|turn|6
|
|t:|1756529727
|move|p2a: Ceruledge|Protect|p2a: Ceruledge
|-singleturn|p2a: Ceruledge|Protect
|move|p1b: Volcarona|Giga Drain|p2a: Ceruledge
|-activate|p2a: Ceruledge|move: Protect
|move|p2b: Rillaboom|Drum Beating|p1b: Volcarona
|-resisted|p1b: Volcarona
|-damage|p1b: Volcarona|30/100
|-unboost|p1b: Volcarona|spe|1
|move|p1a: Torkoal|Earth Power|p2a: Ceruledge
|-activate|p2a: Ceruledge|move: Protect
|
|-weather|SunnyDay|[upkeep]
|-heal|p2b: Rillaboom|41/100|[from] Grassy Terrain
|-heal|p2a: Ceruledge|19/100|[from] Grassy Terrain
|-heal|p1b: Volcarona|37/100|[from] Grassy Terrain
|-heal|p1b: Volcarona|43/100|[from] item: Leftovers
|-heal|p1a: Torkoal|86/100|[from] Grassy Terrain
|upkeep
|turn|7
|inactive|Battle timer is ON: inactive players will automatically lose when time's up. (requested by chonky bunny moo)
|
|t:|1756529785
|move|p2b: Rillaboom|Drum Beating|p1a: Torkoal
|-resisted|p1a: Torkoal
|-damage|p1a: Torkoal|54/100
|-unboost|p1a: Torkoal|spe|1
|move|p2a: Ceruledge|Bitter Blade|p1b: Volcarona
|-damage|p1b: Volcarona|0 fnt
|-heal|p2a: Ceruledge|38/100|[from] drain|[of] p1b: Volcarona
|faint|p1b: Volcarona
|move|p1a: Torkoal|Earth Power|p2b: Rillaboom
|-supereffective|p2b: Rillaboom
|-damage|p2b: Rillaboom|0 fnt
|faint|p2b: Rillaboom
|
|-weather|SunnyDay|[upkeep]
|-heal|p2a: Ceruledge|44/100|[from] Grassy Terrain
|-heal|p1a: Torkoal|60/100|[from] Grassy Terrain
|-fieldend|move: Grassy Terrain
|upkeep
|
|t:|1756529802
|switch|p1b: Bronzong|Bronzong, L50, shiny|3/100
|switch|p2b: Whimsicott|Whimsicott, L50, M|100/100
|turn|8
|
|t:|1756529822
|move|p2b: Whimsicott|Moonblast|p1b: Bronzong
|-resisted|p1b: Bronzong
|-damage|p1b: Bronzong|0 fnt
|faint|p1b: Bronzong
|move|p2a: Ceruledge|Poltergeist|p1a: Torkoal
|-activate|p1a: Torkoal|move: Poltergeist|Choice Specs
|-damage|p1a: Torkoal|0 fnt
|faint|p1a: Torkoal
|
|win|myshirtisdirty
||myshirtisdirty is ready for game 3.
|inactive|chonky bunny moo has 30 seconds to confirm battle start!
||chonky bunny moo is ready for game 3.
|uhtml|next|Next: Game 3 of 3
|l|☆chonky bunny moo
|player|p1|
