|j|☆gunkqing
|j|☆Dot1Q
|html|gunkqingDot1Q    
|uhtml|bestof|Game 1 of a best-of-3
|t:|1756928756
|gametype|doubles
|player|p1|gunkqing|striker|
|player|p2|Dot1Q|veteran|
|gen|9
|tier|[Gen 9] VGC 2025 Reg H (Bo3)
|rule|Species Clause: Limit one of each Pokémon
|rule|Item Clause: Limit 1 of each item
|clearpoke
|poke|p1|Rillaboom, L50, M|
|poke|p1|Electabuzz, L50, M|
|poke|p1|Kommo-o, L50, M|
|poke|p1|Incineroar, L50, M|
|poke|p1|Basculegion, L50, M|
|poke|p1|Sylveon, L50, F|
|poke|p2|Dondozo, L50, F|
|poke|p2|Tatsugiri, L50, M|
|poke|p2|Maushold-Four, L50|
|poke|p2|Annihilape, L50, M|
|poke|p2|Whimsicott, L50, F|
|poke|p2|Typhlosion-Hisui, L50, M|
|teampreview|4
|showteam|p1|Rillaboom||MeadowPlate|GrassySurge|FakeOut,WoodHammer,GrassyGlide,Uturn|||M|||50|,,,,,Fire]Electabuzz||Eviolite|VitalSpirit|FollowMe,Thunderbolt,Taunt,Protect|||M|||50|,,,,,Dragon]Kommo-o||Leftovers|Soundproof|ClangingScales,ClangorousSoul,Flamethrower,Protect|||M|||50|,,,,,Fire]Incineroar||AssaultVest|Intimidate|FakeOut,FlareBlitz,KnockOff,Uturn|||M|||50|,,,,,Ghost]Basculegion||ChoiceScarf|Adaptability|WaveCrash,AquaJet,LastRespects,FlipTurn|||M|||50|,,,,,Grass]Sylveon||LifeOrb|Pixilate|HyperVoice,Moonblast,Reflect,Detect|||F|||50|,,,,,Fairy
|showteam|p2|Dondozo||Leftovers|Unaware|WaveCrash,Earthquake,OrderUp,Protect|||F|||50|,,,,,Dragon]Tatsugiri||SitrusBerry|Commander|DracoMeteor,MuddyWater,HelpingHand,Protect|||M|||50|,,,,,Steel]Maushold-Four||WideLens|Technician|PopulationBomb,Bite,FollowMe,Protect||||||50|,,,,,Normal]Annihilape||ChoiceScarf|Defiant|ShadowClaw,CloseCombat,FinalGambit,Uturn|||M|||50|,,,,,Fighting]Whimsicott||CovertCloak|Prankster|Tailwind,SunnyDay,Moonblast,Encore|||F|||50|,,,,,Rock]Typhlosion-Hisui||Charcoal|Blaze|Eruption,HeatWave,ShadowBall,Protect|||M|||50|,,,,,Fairy
|inactive|Battle timer is ON: inactive players will automatically lose when time's up. (requested by gunkqing)
|j| YahBoyZay
|inactive|gunkqing has 60 seconds left.
|
|t:|1756928808
|teamsize|p1|4
|teamsize|p2|4
|start
|switch|p1a: Basculegion|Basculegion, L50, M|100/100
|switch|p1b: Electabuzz|Electabuzz, L50, M|100/100
|switch|p2a: Whimsicott|Whimsicott, L50, F|100/100
|switch|p2b: Typhlosion|Typhlosion-Hisui, L50, M|100/100
|turn|1
|l| YahBoyZay
|
|t:|1756928830
|move|p2a: Whimsicott|Sunny Day|p2a: Whimsicott
|-weather|SunnyDay
|move|p1a: Basculegion|Wave Crash|p2b: Typhlosion
|-supereffective|p2b: Typhlosion
|-damage|p2b: Typhlosion|0 fnt
|faint|p2b: Typhlosion
|-damage|p1a: Basculegion|75/100|[from] Recoil
|move|p1b: Electabuzz|Taunt|p2a: Whimsicott
|-start|p2a: Whimsicott|move: Taunt
|
|-weather|SunnyDay|[upkeep]
|upkeep
|
|t:|1756928839
|switch|p2b: Dondozo|Dondozo, L50, F|100/100
|turn|2
|
|t:|1756928850
|switch|p1a: Rillaboom|Rillaboom, L50, M|100/100
|-fieldstart|move: Grassy Terrain|[from] ability: Grassy Surge|[of] p1a: Rillaboom
|switch|p2a: Tatsugiri|Tatsugiri, L50, M|100/100
|-activate|p2a: Tatsugiri|ability: Commander|[of] p2b: Dondozo
|-boost|p2b: Dondozo|atk|2
|-boost|p2b: Dondozo|spa|2
|-boost|p2b: Dondozo|spe|2
|-boost|p2b: Dondozo|def|2
|-boost|p2b: Dondozo|spd|2
|move|p2b: Dondozo|Earthquake|p1b: Electabuzz|[spread] p1a,p1b
|-miss|p2b: Dondozo|p2a: Tatsugiri
|-resisted|p1a: Rillaboom
|-supereffective|p1b: Electabuzz
|-damage|p1a: Rillaboom|90/100
|-damage|p1b: Electabuzz|61/100
|move|p1b: Electabuzz|Thunderbolt|p2b: Dondozo
|-supereffective|p2b: Dondozo
|-damage|p2b: Dondozo|71/100
|
|-weather|SunnyDay|[upkeep]
|-heal|p2b: Dondozo|77/100|[from] Grassy Terrain
|-heal|p2b: Dondozo|83/100|[from] item: Leftovers
|-heal|p1b: Electabuzz|67/100|[from] Grassy Terrain
|-heal|p1a: Rillaboom|96/100|[from] Grassy Terrain
|upkeep
|turn|3
|
|t:|1756928867
|move|p2b: Dondozo|Protect|p2b: Dondozo
|-singleturn|p2b: Dondozo|Protect
|move|p1b: Electabuzz|Taunt|p2b: Dondozo
|-activate|p2b: Dondozo|move: Protect
|move|p1a: Rillaboom|Wood Hammer|p2b: Dondozo
|-activate|p2b: Dondozo|move: Protect
|
|-weather|SunnyDay|[upkeep]
|-heal|p2b: Dondozo|89/100|[from] Grassy Terrain
|-heal|p2b: Dondozo|95/100|[from] item: Leftovers
|-heal|p1b: Electabuzz|73/100|[from] Grassy Terrain
|-heal|p1a: Rillaboom|100/100|[from] Grassy Terrain
|upkeep
|turn|4
|
|t:|1756928874
|-terastallize|p2b: Dondozo|Dragon
|move|p2b: Dondozo|Order Up|p1b: Electabuzz
|-damage|p1b: Electabuzz|15/100
|-boost|p2b: Dondozo|atk|1
|move|p1b: Electabuzz|Taunt|p2b: Dondozo
|-start|p2b: Dondozo|move: Taunt
|move|p1a: Rillaboom|Wood Hammer|p2b: Dondozo
|-resisted|p2b: Dondozo
|-damage|p2b: Dondozo|79/100
|-damage|p1a: Rillaboom|94/100|[from] Recoil
|
|-weather|SunnyDay|[upkeep]
|-heal|p2b: Dondozo|85/100|[from] Grassy Terrain
|-heal|p2b: Dondozo|91/100|[from] item: Leftovers
|-heal|p1b: Electabuzz|21/100|[from] Grassy Terrain
|-heal|p1a: Rillaboom|99/100|[from] Grassy Terrain
|upkeep
|turn|5
|
|t:|1756928889
|move|p1b: Electabuzz|Follow Me|p1b: Electabuzz
|-singleturn|p1b: Electabuzz|move: Follow Me
|move|p2b: Dondozo|Earthquake|p1b: Electabuzz|[spread] p1a,p1b
|-miss|p2b: Dondozo|p2a: Tatsugiri
|-resisted|p1a: Rillaboom
|-supereffective|p1b: Electabuzz
|-damage|p1a: Rillaboom|87/100
|-damage|p1b: Electabuzz|0 fnt
|faint|p1b: Electabuzz
|move|p1a: Rillaboom|U-turn|p2b: Dondozo
|-damage|p2b: Dondozo|83/100
|
|t:|1756928893
|switch|p1a: Sylveon|Sylveon, L50, F|100/100|[from] U-turn
|
|-weather|none
|-heal|p2b: Dondozo|89/100|[from] Grassy Terrain
|-heal|p2b: Dondozo|95/100|[from] item: Leftovers
|upkeep
|
|t:|1756928895
|switch|p1b: Rillaboom|Rillaboom, L50, M|87/100
|turn|6
|
|t:|1756928903
|-terastallize|p1a: Sylveon|Fairy
|move|p1b: Rillaboom|Fake Out|p2b: Dondozo
|-damage|p2b: Dondozo|90/100
|cant|p2b: Dondozo|flinch
|move|p1a: Sylveon|Hyper Voice|p2a: Tatsugiri|[spread] p2b
|-miss|p1a: Sylveon|p2a: Tatsugiri
|-supereffective|p2b: Dondozo
|-damage|p2b: Dondozo|4/100
|-damage|p1a: Sylveon|91/100|[from] item: Life Orb
|
|-heal|p2b: Dondozo|10/100|[from] Grassy Terrain
|-heal|p2b: Dondozo|16/100|[from] item: Leftovers
|-heal|p1b: Rillaboom|93/100|[from] Grassy Terrain
|-heal|p1a: Sylveon|97/100|[from] Grassy Terrain
|-fieldend|move: Grassy Terrain
|upkeep
|turn|7
|
|t:|1756928918
|move|p1a: Sylveon|Detect|p1a: Sylveon
|-singleturn|p1a: Sylveon|Protect
|move|p2b: Dondozo|Wave Crash|p1a: Sylveon
|-activate|p1a: Sylveon|move: Protect
|move|p1b: Rillaboom|U-turn|p2b: Dondozo
|-damage|p2b: Dondozo|7/100
|
|t:|1756928922
|switch|p1b: Basculegion|Basculegion, L50, M|75/100|[from] U-turn
|
|-heal|p2b: Dondozo|13/100|[from] item: Leftovers
|-end|p2b: Dondozo|move: Taunt
|upkeep
|turn|8
|
|t:|1756928934
|move|p1b: Basculegion|Last Respects|p2b: Dondozo
|-damage|p2b: Dondozo|0 fnt
|faint|p2b: Dondozo
|move|p1a: Sylveon|Hyper Voice|p2a: Tatsugiri
|-supereffective|p2a: Tatsugiri
|-crit|p2a: Tatsugiri
|-damage|p2a: Tatsugiri|0 fnt
|faint|p2a: Tatsugiri
|-damage|p1a: Sylveon|87/100|[from] item: Life Orb
|
|upkeep
|-message|Dot1Q forfeited.
|
|win|gunkqing
||Dot1Q is ready for game 2.
|inactive|gunkqing has 30 seconds to confirm battle start!
||gunkqing is ready for game 2.
|uhtml|next|Next: Game 2 of 3
|l|☆Dot1Q
|player|p2|
