|j|☆lightsakura
|j|☆Koraidonkoalition
|html|lightsakuraKoraidonkoalition    
|uhtml|bestof|Game 1 of a best-of-3
|t:|1785304465
|gametype|doubles
|player|p1|lightsakura|jasmine|1151
|player|p2|Koraidonkoalition|colress|1210
|gen|9
|tier|[Gen 9 Champions] VGC 2026 Reg M-B (Bo3)
|rated|
|rule|Species Clause: Limit one of each Pokémon
|rule|Item Clause: Limit 1 of each item
|clearpoke
|poke|p1|Tyranitar, L50, F|
|poke|p1|Excadrill, L50, M|
|poke|p1|Milotic, L50, M|
|poke|p1|Sinistcha, L50|
|poke|p1|Staraptor, L50, F|
|poke|p1|Gholdengo, L50|
|poke|p2|Blaziken, L50, M|
|poke|p2|Meowscarada, L50, M|
|poke|p2|Gholdengo, L50|
|poke|p2|Dragonite, L50, M|
|poke|p2|Sylveon, L50, M|
|poke|p2|Mudsdale, L50, M|
|teampreview|4
|showteam|p1|Tyranitar||Tyranitarite|SandStream|KnockOff,RockSlide,LowKick,Protect|Jolly||F|||50|]Excadrill||FocusSash|SandRush|HighHorsepower,IronHead,RockSlide,Protect|Adamant||M|||50|]Milotic||SitrusBerry|Competitive|Scald,IceBeam,Haze,Protect|Modest||M|||50|]Sinistcha||ColburBerry|Hospitality|MatchaGotcha,ShadowBall,Protect,RagePowder|Bold|||||50|]Staraptor||Staraptite|Intimidate|CloseCombat,BraveBird,Tailwind,Protect|Jolly||F|||50|]Gholdengo||LifeOrb|GoodasGold|MakeItRain,ShadowBall,NastyPlot,Protect|Modest|||||50|
|showteam|p2|Blaziken||Blazikenite|Blaze|CloseCombat,FlareBlitz,RockSlide,Protect|Jolly||M|||50|]Meowscarada||LifeOrb|Overgrow|FlowerTrick,TripleAxel,SuckerPunch,Protect|Jolly||M|||50|]Gholdengo||ChoiceScarf|GoodasGold|MakeItRain,ShadowBall,PowerGem,FocusBlast|Modest|||||50|]Dragonite||WhiteHerb|Multiscale|ScaleShot,Superpower,ExtremeSpeed,Protect|Adamant||M|||50|]Sylveon||FocusSash|Pixilate|HyperVoice,QuickAttack,Yawn,Detect|Timid||M|||50|]Mudsdale||SitrusBerry|InnerFocus|Earthquake,HeavySlam,Protect,Curse|Brave||M|||50|
|inactive|Battle timer is ON: inactive players will automatically lose when time's up. (requested by lightsakura)
|
|t:|1785304529
|teamsize|p1|4
|teamsize|p2|4
|start
|switch|p1a: Tyranitar|Tyranitar, L50, F|100/100
|switch|p1b: Excadrill|Excadrill, L50, M|100/100
|switch|p2a: Blaziken|Blaziken, L50, M|100/100
|switch|p2b: Mudsdale|Mudsdale, L50, M|100/100
|-weather|Sandstorm|[from] ability: Sand Stream|[of] p1a: Tyranitar
|turn|1
|
|t:|1785304543
|detailschange|p1a: Tyranitar|Tyranitar-Mega, L50, F
|-mega|p1a: Tyranitar|Tyranitar|Tyranitarite
|move|p2a: Blaziken|Protect|p2a: Blaziken
|-singleturn|p2a: Blaziken|Protect
|move|p1b: Excadrill|Rock Slide|p2a: Blaziken|[spread] p2b
|-activate|p2a: Blaziken|move: Protect
|-resisted|p2b: Mudsdale|1
|-damage|p2b: Mudsdale|91/100
|move|p1a: Tyranitar|Rock Slide|p2b: Mudsdale|[spread] p2b
|-activate|p2a: Blaziken|move: Protect
|-resisted|p2b: Mudsdale|1
|-damage|p2b: Mudsdale|77/100
|move|p2b: Mudsdale|Curse|p2b: Mudsdale
|-unboost|p2b: Mudsdale|spe|1
|-boost|p2b: Mudsdale|atk|1
|-boost|p2b: Mudsdale|def|1
|
|-weather|Sandstorm|[upkeep]
|-damage|p2a: Blaziken|94/100|[from] Sandstorm
|upkeep
|turn|2
|inactive|Koraidonkoalition has 30 seconds left.
|inactive|Koraidonkoalition has 20 seconds left.
|inactive|Koraidonkoalition has 15 seconds left.
|inactive|Koraidonkoalition has 10 seconds left.
|
|t:|1785304590
|switch|p2a: Gholdengo|Gholdengo, L50|100/100
|switch|p1a: Milotic|Milotic, L50, M|100/100
|move|p1b: Excadrill|Protect|p1b: Excadrill
|-singleturn|p1b: Excadrill|Protect
|move|p2b: Mudsdale|Earthquake|p1a: Milotic|[spread] p2a,p1a
|-activate|p1b: Excadrill|move: Protect
|-supereffective|p2a: Gholdengo|1
|-damage|p2a: Gholdengo|0 fnt
|-damage|p1a: Milotic|41/100
|-enditem|p1a: Milotic|Sitrus Berry|[eat]
|-heal|p1a: Milotic|66/100|[from] item: Sitrus Berry
|faint|p2a: Gholdengo
|
|-weather|Sandstorm|[upkeep]
|-damage|p1a: Milotic|60/100|[from] Sandstorm
|upkeep
|
|t:|1785304604
|switch|p2a: Blaziken|Blaziken, L50, M|94/100
|turn|3
|
|t:|1785304618
|move|p2a: Blaziken|Protect|p2a: Blaziken
|-singleturn|p2a: Blaziken|Protect
|move|p1b: Excadrill|Rock Slide|p2b: Mudsdale|[spread] p2b
|-activate|p2a: Blaziken|move: Protect
|-resisted|p2b: Mudsdale|1
|-damage|p2b: Mudsdale|70/100
|move|p1a: Milotic|Haze|p1a: Milotic
|-clearallboost
|move|p2b: Mudsdale|Earthquake|p1b: Excadrill|[spread] p1a,p1b
|-activate|p2a: Blaziken|move: Protect
|-supereffective|p1b: Excadrill|1
|-damage|p1a: Milotic|16/100
|-enditem|p1b: Excadrill|Focus Sash
|-damage|p1b: Excadrill|1/100
|
|-weather|Sandstorm|[upkeep]
|-damage|p2a: Blaziken|88/100|[from] Sandstorm
|-damage|p1a: Milotic|10/100|[from] Sandstorm
|upkeep
|turn|4
|
|t:|1785304642
|detailschange|p2a: Blaziken|Blaziken-Mega, L50, M
|-mega|p2a: Blaziken|Blaziken|Blazikenite
|move|p1b: Excadrill|Rock Slide|p2b: Mudsdale|[spread] p2a,p2b
|-resisted|p2b: Mudsdale|1
|-damage|p2a: Blaziken|58/100
|-damage|p2b: Mudsdale|61/100
|move|p2a: Blaziken|Rock Slide|p1a: Milotic|[spread] p1a,p1b
|-resisted|p1b: Excadrill|2
|-damage|p1a: Milotic|0 fnt
|-damage|p1b: Excadrill|0 fnt
|faint|p1a: Milotic
|faint|p1b: Excadrill
|move|p2b: Mudsdale|Earthquake|p2a: Blaziken
|-supereffective|p2a: Blaziken|1
|-crit|p2a: Blaziken
|-damage|p2a: Blaziken|0 fnt
|faint|p2a: Blaziken
|
|-weather|Sandstorm|[upkeep]
|upkeep
|
|t:|1785304661
|switch|p2a: Sylveon|Sylveon, L50, M|100/100
|switch|p1b: Tyranitar|Tyranitar-Mega, L50, F|100/100
|switch|p1a: Gholdengo|Gholdengo, L50|100/100
|turn|5
|
|t:|1785304674
|move|p1b: Tyranitar|Knock Off|p2b: Mudsdale
|-damage|p2b: Mudsdale|11/100
|-enditem|p2b: Mudsdale|Sitrus Berry|[from] move: Knock Off|[of] p1b: Tyranitar
|move|p2a: Sylveon|Hyper Voice|p1b: Tyranitar|[spread] p1a,p1b
|-resisted|p1a: Gholdengo|1
|-supereffective|p1b: Tyranitar|1
|-damage|p1a: Gholdengo|81/100
|-damage|p1b: Tyranitar|64/100
|move|p1a: Gholdengo|Make It Rain|p2b: Mudsdale|[spread] p2a,p2b
|-supereffective|p2a: Sylveon|1
|-enditem|p2a: Sylveon|Focus Sash
|-damage|p2a: Sylveon|1/100
|-damage|p2b: Mudsdale|0 fnt
|-unboost|p1a: Gholdengo|spa|2
|faint|p2b: Mudsdale
|-damage|p1a: Gholdengo|71/100|[from] item: Life Orb
|
|-weather|none
|upkeep
|turn|6
|-message|Koraidonkoalition forfeited.
|
|win|lightsakura
