|j|☆slopmachine
|j|☆Jon Mateo
|html|slopmachineJon Mateo    
|uhtml|bestof|Game 2 of a best-of-3
|t:|1785753490
|gametype|doubles
|player|p1|slopmachine|medium|1233
|player|p2|Jon Mateo|170|1203
|gen|9
|tier|[Gen 9 Champions] VGC 2026 Reg M-B (Bo3)
|rated|
|rule|Species Clause: Limit one of each Pokémon
|rule|Item Clause: Limit 1 of each item
|clearpoke
|poke|p1|Floette-Eternal, L50, F|
|poke|p1|Whimsicott, L50, F|
|poke|p1|Charizard, L50, M|
|poke|p1|Basculegion, L50, M|
|poke|p1|Garchomp, L50, F|
|poke|p1|Incineroar, L50, M|
|poke|p2|Ninetales-Alola, L50, F|
|poke|p2|Milotic, L50, F|
|poke|p2|Scolipede, L50, M|
|poke|p2|Blaziken, L50, M|
|poke|p2|Aerodactyl, L50, F|
|poke|p2|Aegislash, L50, M|
|teampreview|4
|showteam|p1|Floette-Eternal||Floettite|FlowerVeil|Protect,DazzlingGleam,DrainingKiss,CalmMind|Modest||F|||50|]Whimsicott||FocusSash|Prankster|Protect,Moonblast,Tailwind,Encore|Timid||F|||50|]Charizard||CharizarditeY|Blaze|Protect,WeatherBall,SolarBeam,HeatWave|Modest||M|||50|]Basculegion||ChoiceScarf|Adaptability|FlipTurn,WaveCrash,LastRespects,AquaJet|Jolly||M|||50|]Garchomp||LifeOrb|RoughSkin|Protect,Earthquake,DragonClaw,RockSlide|Jolly||F|||50|]Incineroar||SitrusBerry|Intimidate|FlareBlitz,ThroatChop,FakeOut,PartingShot|Careful||M|||50|
|showteam|p2|Ninetales-Alola||ChoiceScarf|SnowWarning|Blizzard,FreezeDry,Psyshock,Moonblast|Modest||F|||50|]Milotic||Leftovers|Competitive|Scald,Blizzard,Protect,Recover|Bold||F|||50|]Scolipede||Scolipite|SpeedBoost|Earthquake,PoisonJab,SwordsDance,Protect|Impish||M|||50|]Blaziken||FocusSash|SpeedBoost|Protect,CloseCombat,BlazeKick,Coaching|Adamant||M|||50|]Aerodactyl||Aerodactylite|Unnerve|DualWingbeat,RockSlide,Protect,Tailwind|Jolly||F|||50|]Aegislash||SpellTag|StanceChange|ShadowSneak,Poltergeist,IronHead,KingsShield|Adamant||M|||50|
|
|t:|1785753542
|teamsize|p1|4
|teamsize|p2|4
|start
|switch|p1a: Whimsicott|Whimsicott, L50, F|100/100
|switch|p1b: Basculegion|Basculegion, L50, M|100/100
|switch|p2a: Aerodactyl|Aerodactyl, L50, F|100/100
|switch|p2b: Aegislash|Aegislash, L50, M|100/100
|-ability|p2a: Aerodactyl|Unnerve
|turn|1
|
|t:|1785753573
|switch|p1b: Incineroar|Incineroar, L50, M|100/100
|-ability|p1b: Incineroar|Intimidate|boost
|-unboost|p2a: Aerodactyl|atk|1
|-unboost|p2b: Aegislash|atk|1
|move|p2a: Aerodactyl|Protect|p2a: Aerodactyl
|-singleturn|p2a: Aerodactyl|Protect
|move|p1a: Whimsicott|Tailwind|p1a: Whimsicott
|-sidestart|p1: slopmachine|move: Tailwind
|-formechange|p2b: Aegislash|Aegislash-Blade|
|move|p2b: Aegislash|Poltergeist|p1b: Incineroar
|-activate|p1b: Incineroar|move: Poltergeist|Sitrus Berry
|-resisted|p1b: Incineroar|1
|-damage|p1b: Incineroar|77/100
|
|upkeep
|turn|2
|
|t:|1785753603
|switch|p2a: Milotic|Milotic, L50, F|100/100
|switch|p2b: Ninetales|Ninetales-Alola, L50, F|100/100
|-weather|Snowscape|[from] ability: Snow Warning|[of] p2b: Ninetales
|move|p1a: Whimsicott|Encore||[still]
|-fail|p1a: Whimsicott
|move|p1b: Incineroar|Throat Chop|p2b: Ninetales
|-resisted|p2b: Ninetales|1
|-damage|p2b: Ninetales|84/100
|-start|p2b: Ninetales|Throat Chop|[silent]
|
|-weather|Snowscape|[upkeep]
|upkeep
|turn|3
|inactive|Battle timer is ON: inactive players will automatically lose when time's up. (requested by Jon Mateo)
|
|t:|1785753665
|switch|p2b: Aerodactyl|Aerodactyl, L50, F|100/100
|-ability|p2b: Aerodactyl|Unnerve
|move|p1a: Whimsicott|Protect|p1a: Whimsicott
|-singleturn|p1a: Whimsicott|Protect
|move|p1b: Incineroar|Parting Shot|p2b: Aerodactyl
|-unboost|p2b: Aerodactyl|atk|1
|-unboost|p2b: Aerodactyl|spa|1
|
|t:|1785753676
|switch|p1b: Basculegion|Basculegion, L50, M|100/100|[from] Parting Shot
|move|p2a: Milotic|Blizzard|p1b: Basculegion|[spread] p1b
|-activate|p1a: Whimsicott|move: Protect
|-resisted|p1b: Basculegion|1
|-damage|p1b: Basculegion|86/100
|
|-weather|Snowscape|[upkeep]
|upkeep
|turn|4
|inactive|slopmachine has 30 seconds left.
|
|t:|1785753709
|switch|p1a: Charizard|Charizard, L50, M|100/100
|detailschange|p2b: Aerodactyl|Aerodactyl-Mega, L50, F
|-mega|p2b: Aerodactyl|Aerodactyl|Aerodactylite
|move|p1b: Basculegion|Wave Crash|p2b: Aerodactyl
|-supereffective|p2b: Aerodactyl|1
|-damage|p2b: Aerodactyl|0 fnt
|faint|p2b: Aerodactyl
|-damage|p1b: Basculegion|60/100|[from] Recoil
|move|p2a: Milotic|Blizzard|p1b: Basculegion|[spread] p1a,p1b
|-resisted|p1b: Basculegion|1
|-damage|p1a: Charizard|75/100
|-damage|p1b: Basculegion|47/100
|
|-weather|Snowscape|[upkeep]
|-sideend|p1: slopmachine|move: Tailwind
|upkeep
|
|t:|1785753724
|switch|p2b: Aegislash|Aegislash, L50, M|100/100
|turn|5
|inactive|slopmachine has 30 seconds left.
|
|t:|1785753755
|switch|p1b: Whimsicott|Whimsicott, L50, F|100/100
|detailschange|p1a: Charizard|Charizard-Mega-Y, L50, M
|-mega|p1a: Charizard|Charizard|Charizardite Y
|-weather|SunnyDay|[from] ability: Drought|[of] p1a: Charizard
|move|p2b: Aegislash|King's Shield|p2b: Aegislash
|-singleturn|p2b: Aegislash|Protect
|move|p1a: Charizard|Heat Wave|p2b: Aegislash|[spread] p2a
|-activate|p2b: Aegislash|move: Protect
|-resisted|p2a: Milotic|1
|-damage|p2a: Milotic|74/100
|move|p2a: Milotic|Scald|p1a: Charizard
|-supereffective|p1a: Charizard|1
|-damage|p1a: Charizard|45/100
|
|-weather|SunnyDay|[upkeep]
|-heal|p2a: Milotic|80/100|[from] item: Leftovers
|upkeep
|turn|6
|inactive|Jon Mateo has 30 seconds left.
|inactive|Jon Mateo has 20 seconds left.
|
|t:|1785753794
|move|p1b: Whimsicott|Tailwind|p1b: Whimsicott
|-sidestart|p1: slopmachine|move: Tailwind
|-formechange|p2b: Aegislash|Aegislash-Blade|
|move|p2b: Aegislash|Shadow Sneak|p1a: Charizard
|-damage|p1a: Charizard|18/100
|move|p1a: Charizard|Heat Wave|p2a: Milotic|[spread] p2a
|-miss|p1a: Charizard|p2b: Aegislash
|-resisted|p2a: Milotic|1
|-damage|p2a: Milotic|56/100
|move|p2a: Milotic|Blizzard|p1b: Whimsicott|[spread] p1b
|-miss|p2a: Milotic|p1a: Charizard
|-supereffective|p1b: Whimsicott|1
|-damage|p1b: Whimsicott|24/100
|
|-weather|SunnyDay|[upkeep]
|-heal|p2a: Milotic|63/100|[from] item: Leftovers
|upkeep
|turn|7
|inactive|slopmachine has 30 seconds left.
|inactive|slopmachine has 20 seconds left.
|inactive|slopmachine has 15 seconds left.
|inactive|slopmachine has 10 seconds left.
|
|t:|1785753841
|move|p2b: Aegislash|Shadow Sneak|p1a: Charizard
|-damage|p1a: Charizard|0 fnt
|faint|p1a: Charizard
|move|p1b: Whimsicott|Moonblast|p2a: Milotic
|-damage|p2a: Milotic|34/100
|-unboost|p2a: Milotic|spa|1
|-ability|p2a: Milotic|Competitive|boost
|-boost|p2a: Milotic|spa|2
|move|p2a: Milotic|Blizzard|p1b: Whimsicott
|-supereffective|p1b: Whimsicott|1
|-damage|p1b: Whimsicott|0 fnt
|faint|p1b: Whimsicott
|
|-weather|SunnyDay|[upkeep]
|-heal|p2a: Milotic|40/100|[from] item: Leftovers
|upkeep
|
|t:|1785753859
|switch|p1b: Basculegion|Basculegion, L50, M|47/100
|switch|p1a: Incineroar|Incineroar, L50, M|77/100
|-ability|p1a: Incineroar|Intimidate|boost
|-unboost|p2a: Milotic|atk|1
|-ability|p2a: Milotic|Competitive|boost
|-boost|p2a: Milotic|spa|2
|-unboost|p2b: Aegislash|atk|1
|turn|8
|
|t:|1785753876
|move|p2a: Milotic|Protect|p2a: Milotic
|-singleturn|p2a: Milotic|Protect
|-formechange|p2b: Aegislash|Aegislash|
|move|p2b: Aegislash|King's Shield|p2b: Aegislash
|-singleturn|p2b: Aegislash|Protect
|move|p1a: Incineroar|Fake Out|p2a: Milotic
|-activate|p2a: Milotic|move: Protect
|move|p1b: Basculegion|Last Respects|p2b: Aegislash
|-activate|p2b: Aegislash|move: Protect
|
|-weather|SunnyDay|[upkeep]
|-heal|p2a: Milotic|46/100|[from] item: Leftovers
|upkeep
|turn|9
|inactive|slopmachine has 30 seconds left.
|
|t:|1785753902
|-formechange|p2b: Aegislash|Aegislash-Blade|
|move|p2b: Aegislash|Shadow Sneak|p1b: Basculegion
|-supereffective|p1b: Basculegion|1
|-damage|p1b: Basculegion|0 fnt
|faint|p1b: Basculegion
|move|p1a: Incineroar|Flare Blitz|p2b: Aegislash
|-supereffective|p2b: Aegislash|1
|-damage|p2b: Aegislash|0 fnt
|faint|p2b: Aegislash
|-damage|p1a: Incineroar|53/100|[from] Recoil
|move|p2a: Milotic|Scald|p1a: Incineroar
|-supereffective|p1a: Incineroar|1
|-damage|p1a: Incineroar|0 fnt
|faint|p1a: Incineroar
|
|win|Jon Mateo
|raw|slopmachine's rating: 1233 → 1206(-27 for losing)
|raw|Jon Mateo's rating: 1203 → 1230(+27 for winning)
|l|☆Jon Mateo
|player|p2|
