|j|☆Fairy Juice Jay
|j|☆ground tera
|html|Fairy Juice Jayground tera    
|uhtml|bestof|Game 1 of a best-of-3
|t:|1783105686
|gametype|doubles
|player|p1|Fairy Juice Jay|burgh-masters|1128
|player|p2|ground tera|170|1122
|gen|9
|tier|[Gen 9 Champions] VGC 2026 Reg M-B (Bo3)
|rated|
|rule|Species Clause: Limit one of each Pokémon
|rule|Item Clause: Limit 1 of each item
|clearpoke
|poke|p1|Metagross, L50|
|poke|p1|Tyranitar, L50, F|
|poke|p1|Basculegion, L50, M|
|poke|p1|Sinistcha, L50|
|poke|p1|Whimsicott, L50, M, shiny|
|poke|p1|Dragonite, L50, M|
|poke|p2|Archaludon, L50, M|
|poke|p2|Floette-Eternal, L50, F|
|poke|p2|Incineroar, L50, F|
|poke|p2|Pelipper, L50, M|
|poke|p2|Sinistcha, L50|
|poke|p2|Swampert, L50, F|
|teampreview|4
|showteam|p1|Metagross||Metagrossite|ClearBody|IronHead,PsychicFangs,RockSlide,Protect|Jolly|||||50|]Tyranitar||WhiteHerb|SandStream|RockSlide,KnockOff,Superpower,Protect|Adamant||F|||50|]Basculegion||ChoiceScarf|Adaptability|WaveCrash,LastRespects,AquaJet,FlipTurn|Jolly||M|||50|]Sinistcha||SitrusBerry|Hospitality|MatchaGotcha,LifeDew,RagePowder,Protect|Bold|||||50|]Whimsicott||FocusSash|Prankster|EnergyBall,Moonblast,Encore,Tailwind|Timid||M|||50|]Dragonite||MentalHerb|Multiscale|ScaleShot,RockSlide,Tailwind,Protect|Adamant||M|||50|
|showteam|p2|Archaludon||Leftovers|Stamina|Protect,ElectroShot,DracoMeteor,FlashCannon|Modest||M|||50|]Floette-Eternal||Floettite|FlowerVeil|Protect,Moonblast,DazzlingGleam,CalmMind|Modest||F|||50|]Incineroar||PasshoBerry|Intimidate|FakeOut,PartingShot,FlareBlitz,ThroatChop|Careful||F|||50|]Pelipper||LifeOrb|Drizzle|Tailwind,WeatherBall,Hurricane,HelpingHand|Modest||M|||50|]Sinistcha||SitrusBerry|Hospitality|Protect,MatchaGotcha,RagePowder,TrickRoom|Bold|||||50|]Swampert||Swampertite|Torrent|Protect,WaveCrash,HighHorsepower,IcePunch|Adamant||F|||50|
|inactive|Battle timer is ON: inactive players will automatically lose when time's up. (requested by Fairy Juice Jay)
|c|☆Fairy Juice Jay|GLHF
|c|☆ground tera|glhf
|inactive|Fairy Juice Jay has 60 seconds left.
|inactive|ground tera has 60 seconds left.
|inactive|Fairy Juice Jay has 30 seconds left.
|
|t:|1783105748
|teamsize|p1|4
|teamsize|p2|4
|start
|switch|p1a: T-lord Helix|Whimsicott, L50, M, shiny|100/100
|switch|p1b: Biggie Smöls|Tyranitar, L50, F|100/100
|switch|p2a: Swampert|Swampert, L50, F|100/100
|switch|p2b: Sinistcha|Sinistcha, L50|100/100
|-weather|Sandstorm|[from] ability: Sand Stream|[of] p1b: Biggie Smöls
|turn|1
|
|t:|1783105757
|switch|p2b: Pelipper|Pelipper, L50, M|100/100
|-weather|RainDance|[from] ability: Drizzle|[of] p2b: Pelipper
|detailschange|p2a: Swampert|Swampert-Mega, L50, F
|-mega|p2a: Swampert|Swampert|Swampertite
|move|p1b: Biggie Smöls|Protect|p1b: Biggie Smöls
|-singleturn|p1b: Biggie Smöls|Protect
|move|p2a: Swampert|Wave Crash|p1b: Biggie Smöls
|-activate|p1b: Biggie Smöls|move: Protect
|move|p1a: T-lord Helix|Energy Ball|p2a: Swampert
|-supereffective|p2a: Swampert|2
|-damage|p2a: Swampert|0 fnt
|faint|p2a: Swampert
|
|-weather|RainDance|[upkeep]
|upkeep
|
|t:|1783105769
|switch|p2a: Archaludon|Archaludon, L50, M|100/100
|turn|2
|
|t:|1783105775
|move|p1a: T-lord Helix|Tailwind|p1a: T-lord Helix
|-sidestart|p1: Fairy Juice Jay|move: Tailwind
|move|p1b: Biggie Smöls|Superpower|p2a: Archaludon
|-supereffective|p2a: Archaludon|1
|-damage|p2a: Archaludon|34/100
|-unboost|p1b: Biggie Smöls|atk|1
|-unboost|p1b: Biggie Smöls|def|1
|-ability|p2a: Archaludon|Stamina|boost
|-boost|p2a: Archaludon|def|1
|-enditem|p1b: Biggie Smöls|White Herb
|-clearnegativeboost|p1b: Biggie Smöls|[silent]
|move|p2a: Archaludon|Electro Shot||[still]
|-prepare|p2a: Archaludon|Electro Shot
|-boost|p2a: Archaludon|spa|1
|-anim|p2a: Archaludon|Electro Shot|p1b: Biggie Smöls
|-damage|p1b: Biggie Smöls|45/100
|move|p2b: Pelipper|Hurricane|p1a: T-lord Helix
|-supereffective|p1a: T-lord Helix|1
|-enditem|p1a: T-lord Helix|Focus Sash
|-damage|p1a: T-lord Helix|1/100
|-start|p1a: T-lord Helix|confusion
|-damage|p2b: Pelipper|90/100|[from] item: Life Orb
|
|-weather|RainDance|[upkeep]
|-heal|p2a: Archaludon|40/100|[from] item: Leftovers
|upkeep
|turn|3
|
|t:|1783105786
|switch|p2b: Sinistcha|Sinistcha, L50|100/100
|-heal|p2a: Archaludon|64/100|[from] ability: Hospitality|[of] p2b: Sinistcha
|-activate|p1a: T-lord Helix|confusion
|move|p1a: T-lord Helix|Moonblast|p2b: Sinistcha
|-damage|p2b: Sinistcha|65/100
|-unboost|p2b: Sinistcha|spa|1
|move|p1b: Biggie Smöls|Superpower|p2a: Archaludon
|-supereffective|p2a: Archaludon|1
|-damage|p2a: Archaludon|19/100
|-unboost|p1b: Biggie Smöls|atk|1
|-unboost|p1b: Biggie Smöls|def|1
|-ability|p2a: Archaludon|Stamina|boost
|-boost|p2a: Archaludon|def|1
|move|p2a: Archaludon|Electro Shot||[still]
|-prepare|p2a: Archaludon|Electro Shot
|-boost|p2a: Archaludon|spa|1
|-anim|p2a: Archaludon|Electro Shot|p1b: Biggie Smöls
|-damage|p1b: Biggie Smöls|0 fnt
|faint|p1b: Biggie Smöls
|
|-weather|RainDance|[upkeep]
|-heal|p2a: Archaludon|25/100|[from] item: Leftovers
|upkeep
|
|t:|1783105807
|switch|p1b: Ceasar|Basculegion, L50, M|100/100
|turn|4
|
|t:|1783105828
|move|p2b: Sinistcha|Rage Powder|p2b: Sinistcha
|-singleturn|p2b: Sinistcha|move: Rage Powder
|move|p1b: Ceasar|Last Respects|p2b: Sinistcha
|-supereffective|p2b: Sinistcha|1
|-crit|p2b: Sinistcha
|-damage|p2b: Sinistcha|0 fnt
|faint|p2b: Sinistcha
|-activate|p1a: T-lord Helix|confusion
|-damage|p1a: T-lord Helix|0 fnt|[from] confusion
|faint|p1a: T-lord Helix
|move|p2a: Archaludon|Electro Shot||[still]
|-prepare|p2a: Archaludon|Electro Shot
|-boost|p2a: Archaludon|spa|1
|-anim|p2a: Archaludon|Electro Shot|p1b: Ceasar
|-supereffective|p1b: Ceasar|1
|-damage|p1b: Ceasar|0 fnt
|faint|p1b: Ceasar
|
|-weather|RainDance|[upkeep]
|-heal|p2a: Archaludon|31/100|[from] item: Leftovers
|upkeep
|
|t:|1783105838
|switch|p1b: Sinistcha|Sinistcha, L50|100/100
|switch|p2b: Pelipper|Pelipper, L50, M|90/100
|turn|5
|-message|Fairy Juice Jay forfeited.
|
|win|ground tera
