|j|☆williamfaketears
|j|☆3 Ptits Points...
|html|williamfaketears3 Ptits Points...    
|uhtml|bestof|Game 1 of a best-of-3
|t:|1782760296
|gametype|doubles
|player|p1|williamfaketears|shadowtriad|
|player|p2|3 Ptits Points...|gambler|
|gen|9
|tier|[Gen 9 Champions] VGC 2026 Reg M-B (Bo3)
|rule|Species Clause: Limit one of each Pokémon
|rule|Item Clause: Limit 1 of each item
|clearpoke
|poke|p1|Sceptile, L50, M|
|poke|p1|Rotom-Heat, L50|
|poke|p1|Basculegion, L50, M|
|poke|p1|Aerodactyl, L50, M|
|poke|p1|Garchomp, L50, M|
|poke|p1|Floette-Eternal, L50, F|
|poke|p2|Raichu, L50, M, shiny|
|poke|p2|Talonflame, L50, M|
|poke|p2|Sneasler, L50, F|
|poke|p2|Ninetales-Alola, L50, M|
|poke|p2|Kingambit, L50, F|
|poke|p2|Sceptile, L50, F|
|teampreview|4
|showteam|p1|Sceptile||Sceptilite|Overgrow|GrassKnot,DragonPulse,EarthPower,Detect|Timid||M|||50|]Rotom-Heat||ChoiceScarf|Levitate|Thunderbolt,Overheat,VoltSwitch,Discharge|Timid|||||50|]Basculegion||SitrusBerry|Adaptability|WaveCrash,LastRespects,AquaJet,Protect|Adamant||M|||50|]Aerodactyl||FocusSash|Unnerve|RockSlide,DualWingbeat,Tailwind,WideGuard|Jolly||M|||50|]Garchomp||LifeOrb|RoughSkin|DragonClaw,Earthquake,RockSlide,Protect|Jolly||M|||50|]Floette-Eternal||Floettite|FlowerVeil|Moonblast,DazzlingGleam,LightofRuin,Protect|Timid||F|||50|
|showteam|p2|Raichu||RaichuniteY|LightningRod|FakeOut,ZapCannon,FocusBlast,Protect|Timid||M|||50|]Talonflame||SharpBeak|GaleWings|Taunt,UpperHand,Tailwind,DualWingbeat|Jolly||M|||50|]Sneasler||WhiteHerb|Unburden|FakeOut,DireClaw,CloseCombat,Protect|Adamant||F|||50|]Ninetales-Alola||LifeOrb|SnowWarning|Blizzard,Moonblast,FreezeDry,Protect|Timid||M|||50|]Kingambit||BlackGlasses|Defiant|KowtowCleave,Protect,SuckerPunch,IronHead|Adamant||F|||50|]Sceptile||Sceptilite|Overgrow|EarthPower,LeafStorm,DragonPulse,Protect|Timid||F|||50|
|c|☆williamfaketears|KSKSKSSK
|c|☆3 Ptits Points...|glhf !
|c|☆williamfaketears|oh non....
|c|☆3 Ptits Points...|mdr y'a 2 M-Juncko
|c|☆3 Ptits Points...|on a peur de raichu
|inactive|Battle timer is ON: inactive players will automatically lose when time's up. (requested by 3 Ptits Points...)
|c|☆williamfaketears|gl have funnnn
|inactive|williamfaketears has 60 seconds left.
|
|t:|1782760507
|teamsize|p1|4
|teamsize|p2|4
|start
|switch|p1a: Sceptile|Sceptile, L50, M|100/100
|switch|p1b: Rotom|Rotom-Heat, L50|100/100
|switch|p2a: Cuit-cuit|Talonflame, L50, M|100/100
|switch|p2b: Wolverine|Sneasler, L50, F|100/100
|turn|1
|inactive|williamfaketears has 30 seconds left.
|inactive|3 Ptits Points... has 30 seconds left.
|j| Lambovino
|inactive|3 Ptits Points... has 20 seconds left.
|inactive|3 Ptits Points... has 15 seconds left.
|inactive|3 Ptits Points... has 10 seconds left.
|
|t:|1782760554
|detailschange|p1a: Sceptile|Sceptile-Mega, L50, M
|-mega|p1a: Sceptile|Sceptile|Sceptilite
|move|p1a: Sceptile|Detect|p1a: Sceptile
|-singleturn|p1a: Sceptile|Protect
|move|p2b: Wolverine|Fake Out|p1a: Sceptile
|-activate|p1a: Sceptile|move: Protect
|move|p2a: Cuit-cuit|Tailwind|p2a: Cuit-cuit
|-sidestart|p2: 3 Ptits Points...|move: Tailwind
|move|p1b: Rotom|Discharge|p2b: Wolverine|[spread] p2a,p2b
|-activate|p1a: Sceptile|move: Protect
|-supereffective|p2a: Cuit-cuit|1
|-damage|p2a: Cuit-cuit|21/100
|-damage|p2b: Wolverine|65/100
|-status|p2b: Wolverine|par
|
|upkeep
|turn|2
|
|t:|1782760573
|move|p2a: Cuit-cuit|Dual Wingbeat|p1a: Sceptile
|-supereffective|p1a: Sceptile|1
|-damage|p1a: Sceptile|45/100
|-supereffective|p1a: Sceptile|1
|-damage|p1a: Sceptile|0 fnt
|faint|p1a: Sceptile
|-hitcount|p1: Sceptile|2
|move|p1b: Rotom|Discharge|p2a: Cuit-cuit|[spread] p2a,p2b
|-supereffective|p2a: Cuit-cuit|1
|-damage|p2a: Cuit-cuit|0 fnt
|-damage|p2b: Wolverine|28/100 par
|faint|p2a: Cuit-cuit
|move|p2b: Wolverine|Dire Claw|p1b: Rotom
|-damage|p1b: Rotom|43/100
|
|upkeep
|
|t:|1782760590
|switch|p1a: Aerodactyl|Aerodactyl, L50, M|100/100
|switch|p2a: Yamete|Kingambit, L50, F|100/100
|-ability|p1a: Aerodactyl|Unnerve
|turn|3
|
|t:|1782760606
|switch|p1b: Basculegion|Basculegion, L50, M|100/100
|move|p2a: Yamete|Sucker Punch||[still]
|-fail|p2a: Yamete
|move|p1a: Aerodactyl|Dual Wingbeat|p2b: Wolverine
|-supereffective|p2b: Wolverine|1
|-damage|p2b: Wolverine|0 fnt
|faint|p2b: Wolverine
|-hitcount|p2: Wolverine|1
|
|upkeep
|
|t:|1782760612
|switch|p2b: Channel|Ninetales-Alola, L50, M|100/100
|-weather|Snowscape|[from] ability: Snow Warning|[of] p2b: Channel
|turn|4
|
|t:|1782760631
|move|p1b: Basculegion|Protect|p1b: Basculegion
|-singleturn|p1b: Basculegion|Protect
|move|p2b: Channel|Blizzard|p1b: Basculegion|[spread] p1a
|-activate|p1b: Basculegion|move: Protect
|-supereffective|p1a: Aerodactyl|1
|-enditem|p1a: Aerodactyl|Focus Sash
|-damage|p1a: Aerodactyl|1/100
|-damage|p2b: Channel|90/100|[from] item: Life Orb
|move|p1a: Aerodactyl|Tailwind|p1a: Aerodactyl
|-sidestart|p1: williamfaketears|move: Tailwind
|move|p2a: Yamete|Kowtow Cleave|p1b: Basculegion
|-activate|p1b: Basculegion|move: Protect
|
|-weather|Snowscape|[upkeep]
|-sideend|p2: 3 Ptits Points...|move: Tailwind
|upkeep
|turn|5
|inactive|williamfaketears has 30 seconds left.
|inactive|3 Ptits Points... has 30 seconds left.
|
|t:|1782760661
|move|p2b: Channel|Protect|p2b: Channel
|-singleturn|p2b: Channel|Protect
|move|p2a: Yamete|Sucker Punch|p1b: Basculegion
|-supereffective|p1b: Basculegion|1
|-damage|p1b: Basculegion|15/100
|-enditem|p1b: Basculegion|Sitrus Berry|[eat]
|-heal|p1b: Basculegion|39/100|[from] item: Sitrus Berry
|move|p1a: Aerodactyl|Rock Slide|p2a: Yamete|[spread] 
|-activate|p2b: Channel|move: Protect
|-miss|p1a: Aerodactyl|p2a: Yamete
|move|p1b: Basculegion|Last Respects|p2b: Channel
|-activate|p2b: Channel|move: Protect
|
|-weather|Snowscape|[upkeep]
|upkeep
|turn|6
|j| quentinteug
|j| yovan
|l| quentinteug
|
|t:|1782760684
|switch|p1b: Rotom|Rotom-Heat, L50|43/100
|move|p2a: Yamete|Sucker Punch|p1a: Aerodactyl
|-damage|p1a: Aerodactyl|0 fnt
|faint|p1a: Aerodactyl
|move|p2b: Channel|Freeze-Dry|p1b: Rotom
|-resisted|p1b: Rotom|1
|-damage|p1b: Rotom|20/100y
|-damage|p2b: Channel|81/100|[from] item: Life Orb
|
|-weather|Snowscape|[upkeep]
|upkeep
|j| Herosabis
|
|t:|1782760696
|switch|p1a: Basculegion|Basculegion, L50, M|39/100
|turn|7
|j| Juyen RPPLF
|
|t:|1782760707
|move|p2b: Channel|Protect|p2b: Channel
|-singleturn|p2b: Channel|Protect
|move|p2a: Yamete|Protect|p2a: Yamete
|-singleturn|p2a: Yamete|Protect
|move|p1a: Basculegion|Aqua Jet|p2a: Yamete
|-activate|p2a: Yamete|move: Protect
|move|p1b: Rotom|Overheat|p2a: Yamete
|-activate|p2a: Yamete|move: Protect
|
|-weather|Snowscape|[upkeep]
|-sideend|p1: williamfaketears|move: Tailwind
|upkeep
|turn|8
|j| GivraClem
|l| GivraClem
|
|t:|1782760723
|move|p1a: Basculegion|Protect|p1a: Basculegion
|-singleturn|p1a: Basculegion|Protect
|move|p2a: Yamete|Sucker Punch|p1b: Rotom
|-damage|p1b: Rotom|0 fnt
|faint|p1b: Rotom
|move|p2b: Channel|Freeze-Dry|p1a: Basculegion
|-activate|p1a: Basculegion|move: Protect
|
|-weather|none
|upkeep
|turn|9
|
|t:|1782760733
|move|p1a: Basculegion|Aqua Jet|p2b: Channel
|-damage|p2b: Channel|43/100
|move|p2a: Yamete|Sucker Punch||[still]
|-fail|p2a: Yamete
|move|p2b: Channel|Freeze-Dry|p1a: Basculegion
|-supereffective|p1a: Basculegion|1
|-damage|p1a: Basculegion|0 fnt
|faint|p1a: Basculegion
|-damage|p2b: Channel|34/100|[from] item: Life Orb
|
|win|3 Ptits Points...
||williamfaketears is ready for game 2.
|c|☆3 Ptits Points...|gg
|inactive|3 Ptits Points... has 30 seconds to confirm battle start!
||3 Ptits Points... is ready for game 2.
|uhtml|next|Next: Game 2 of 3
|l| yovan
|l| Juyen RPPLF
