|j|☆ki-sash
|j|☆axcoquette
|html|ki-sashaxcoquette    
|uhtml|bestof|Game 1 of a best-of-3
|t:|1783289203
|gametype|doubles
|player|p1|ki-sash|dragontamer|1098
|player|p2|axcoquette|maid|1182
|gen|9
|tier|[Gen 9 Champions] VGC 2026 Reg M-B (Bo3)
|rated|
|rule|Species Clause: Limit one of each Pokémon
|rule|Item Clause: Limit 1 of each item
|clearpoke
|poke|p1|Charizard, L50, M|
|poke|p1|Palafin, L50, M|
|poke|p1|Venusaur, L50, F|
|poke|p1|Scizor, L50, F|
|poke|p1|Rotom-Wash, L50|
|poke|p1|Kangaskhan, L50, F|
|poke|p2|Delphox, L50, F|
|poke|p2|Sneasler, L50, F|
|poke|p2|Sinistcha, L50|
|poke|p2|Incineroar, L50, F|
|poke|p2|Kingambit, L50, M|
|poke|p2|Floette-Eternal, L50, F|
|teampreview|4
|showteam|p1|Charizard||CharizarditeY|Blaze|HeatWave,WeatherBall,SolarBeam,AirSlash|Timid||M|||50|]Palafin||MysticWater|ZerotoHero|JetPunch,WaveCrash,FlipTurn,BulkUp|Jolly||M|||50|]Venusaur||FocusSash|Chlorophyll|SludgeBomb,EnergyBall,EarthPower,SleepPowder|Modest||F|||50|]Scizor||MetalCoat|Technician|BulletPunch,SwordsDance,BugBite,CloseCombat|Adamant||F|||50|]Rotom-Wash||SitrusBerry|Levitate|HydroPump,WillOWisp,Thunderbolt,VoltSwitch|Timid|||||50|]Kangaskhan||Kangaskhanite|Scrappy|FakeOut,DoubleEdge,SuckerPunch,LowKick|Jolly||F|||50|
|showteam|p2|Delphox||Delphoxite|Blaze|Protect,NastyPlot,HeatWave,Psychic|Timid||F|||50|]Sneasler||FocusSash|Unburden|Protect,FakeOut,DireClaw,CloseCombat|Jolly||F|||50|]Sinistcha||KasibBerry|Hospitality|Protect,RagePowder,MatchaGotcha,LifeDew|Bold|||||50|]Incineroar||SitrusBerry|Intimidate|FakeOut,FlareBlitz,HelpingHand,PartingShot|Careful||F|||50|]Kingambit||BlackGlasses|Defiant|KowtowCleave,SwordsDance,SuckerPunch,Protect|Adamant||M|||50|]Floette-Eternal||Floettite|FlowerVeil|Moonblast,DazzlingGleam,CalmMind,Protect|Modest||F|||50|
|inactive|Battle timer is ON: inactive players will automatically lose when time's up. (requested by axcoquette)
|
|t:|1783289233
|teamsize|p1|4
|teamsize|p2|4
|start
|switch|p1a: Charizard|Charizard, L50, M|100/100
|switch|p1b: Palafin|Palafin, L50, M|100/100
|switch|p2a: Delphox|Delphox, L50, F|100/100
|switch|p2b: Sneasler|Sneasler, L50, F|100/100
|turn|1
|inactive|ki-sash has 30 seconds left.
|inactive|axcoquette has 30 seconds left.
|
|t:|1783289262
|detailschange|p2a: Delphox|Delphox-Mega, L50, F
|-mega|p2a: Delphox|Delphox|Delphoxite
|detailschange|p1a: Charizard|Charizard-Mega-Y, L50, M
|-mega|p1a: Charizard|Charizard|Charizardite Y
|-weather|SunnyDay|[from] ability: Drought|[of] p1a: Charizard
|move|p2b: Sneasler|Fake Out|p1a: Charizard
|-damage|p1a: Charizard|81/100
|move|p2a: Delphox|Nasty Plot|p2a: Delphox
|-boost|p2a: Delphox|spa|2
|move|p1b: Palafin|Flip Turn|p2a: Delphox
|-supereffective|p2a: Delphox|1
|-damage|p2a: Delphox|66/100
|
|t:|1783289279
|detailschange|p1b: Palafin|Palafin-Hero, L50, M
|switch|p1b: Scizor|Scizor, L50, F|100/100|[from] Flip Turn
|cant|p1a: Charizard|flinch
|
|-weather|SunnyDay|[upkeep]
|upkeep
|turn|2
|
|t:|1783289294
|switch|p2b: Incineroar|Incineroar, L50, F|100/100
|-ability|p2b: Incineroar|Intimidate|boost
|-unboost|p1a: Charizard|atk|1
|-unboost|p1b: Scizor|atk|1
|move|p2a: Delphox|Protect|p2a: Delphox
|-singleturn|p2a: Delphox|Protect
|move|p1a: Charizard|Weather Ball|p2a: Delphox
|-activate|p2a: Delphox|move: Protect
|move|p1b: Scizor|Swords Dance|p1b: Scizor
|-boost|p1b: Scizor|atk|2
|
|-weather|SunnyDay|[upkeep]
|upkeep
|turn|3
|inactive|ki-sash has 30 seconds left.
|inactive|ki-sash has 20 seconds left.
|inactive|ki-sash has 15 seconds left.
|
|t:|1783289339
|move|p2b: Incineroar|Fake Out|p1b: Scizor
|-resisted|p1b: Scizor|1
|-damage|p1b: Scizor|94/100
|cant|p1b: Scizor|flinch
|move|p2a: Delphox|Heat Wave|p1b: Scizor|[spread] p1a
|-miss|p2a: Delphox|p1b: Scizor
|-resisted|p1a: Charizard|1
|-damage|p1a: Charizard|21/100
|move|p1a: Charizard|Air Slash|p2b: Incineroar
|-damage|p2b: Incineroar|67/100
|
|-weather|SunnyDay|[upkeep]
|upkeep
|turn|4
|
|t:|1783289360
|switch|p1a: Palafin|Palafin-Hero, L50, M|100/100
|-activate|p1a: Palafin|ability: Zero to Hero
|switch|p2b: Sinistcha|Sinistcha, L50|100/100
|-heal|p2a: Delphox|91/100|[from] ability: Hospitality|[of] p2b: Sinistcha
|move|p2a: Delphox|Heat Wave|p1b: Scizor|[spread] p1a,p1b
|-resisted|p1a: Palafin|1
|-supereffective|p1b: Scizor|2
|-damage|p1a: Palafin|37/100
|-damage|p1b: Scizor|0 fnt
|-status|p1a: Palafin|brn
|faint|p1b: Scizor
|
|-weather|SunnyDay|[upkeep]
|-damage|p1a: Palafin|31/100 brn|[from] brn
|upkeep
|
|t:|1783289376
|switch|p1b: Venusaur|Venusaur, L50, F|100/100
|turn|5
|inactive|ki-sash has 30 seconds left.
|
|t:|1783289409
|move|p2a: Delphox|Protect|p2a: Delphox
|-singleturn|p2a: Delphox|Protect
|move|p2b: Sinistcha|Protect|p2b: Sinistcha
|-singleturn|p2b: Sinistcha|Protect
|move|p1b: Venusaur|Sludge Bomb|p2b: Sinistcha
|-activate|p2b: Sinistcha|move: Protect
|move|p1a: Palafin|Wave Crash|p2a: Delphox
|-activate|p2a: Delphox|move: Protect
|
|-weather|none
|-damage|p1a: Palafin|24/100 brn|[from] brn
|upkeep
|turn|6
|inactive|ki-sash has 30 seconds left.
|
|t:|1783289436
|move|p2b: Sinistcha|Rage Powder|p2b: Sinistcha
|-singleturn|p2b: Sinistcha|move: Rage Powder
|move|p2a: Delphox|Psychic|p1b: Venusaur
|-supereffective|p1b: Venusaur|1
|-enditem|p1b: Venusaur|Focus Sash
|-damage|p1b: Venusaur|1/100
|move|p1a: Palafin|Wave Crash|p2b: Sinistcha
|-resisted|p2b: Sinistcha|1
|-damage|p2b: Sinistcha|83/100
|-damage|p1a: Palafin|19/100 brn|[from] Recoil
|move|p1b: Venusaur|Sludge Bomb|p2b: Sinistcha
|-damage|p2b: Sinistcha|39/100
|
|-damage|p1a: Palafin|12/100 brn|[from] brn
|upkeep
|turn|7
|inactive|axcoquette has 30 seconds left.
|inactive|axcoquette has 20 seconds left.
|
|t:|1783289471
|switch|p2a: Sneasler|Sneasler, L50, F|100/100
|move|p2b: Sinistcha|Protect|p2b: Sinistcha
|-singleturn|p2b: Sinistcha|Protect
|move|p1a: Palafin|Wave Crash|p2a: Sneasler
|-damage|p2a: Sneasler|27/100
|-damage|p1a: Palafin|0 fnt|[from] Recoil
|faint|p1a: Palafin
|move|p1b: Venusaur|Sludge Bomb|p2b: Sinistcha
|-activate|p2b: Sinistcha|move: Protect
|
|upkeep
|
|t:|1783289484
|switch|p1a: Charizard|Charizard-Mega-Y, L50, M|21/100
|-weather|SunnyDay|[from] ability: Drought|[of] p1a: Charizard
|turn|8
|
|t:|1783289504
|switch|p2b: Incineroar|Incineroar, L50, F|67/100
|-ability|p2b: Incineroar|Intimidate|boost
|-unboost|p1a: Charizard|atk|1
|-unboost|p1b: Venusaur|atk|1
|move|p2a: Sneasler|Fake Out|p1b: Venusaur
|-damage|p1b: Venusaur|0 fnt
|faint|p1b: Venusaur
|move|p1a: Charizard|Heat Wave|p2a: Sneasler|[spread] p2b
|-miss|p1a: Charizard|p2a: Sneasler
|-resisted|p2b: Incineroar|1
|-damage|p2b: Incineroar|41/100
|-enditem|p2b: Incineroar|Sitrus Berry|[eat]
|-heal|p2b: Incineroar|66/100|[from] item: Sitrus Berry
|
|-weather|SunnyDay|[upkeep]
|upkeep
|turn|9
|
|t:|1783289520
|move|p2b: Incineroar|Fake Out|p1a: Charizard
|-damage|p1a: Charizard|5/100
|move|p2a: Sneasler|Dire Claw|p1a: Charizard
|-damage|p1a: Charizard|0 fnt
|faint|p1a: Charizard
|
|win|axcoquette
