|j|☆blackstormgames
|j|☆d1mo22
|html|blackstormgamesd1mo22    
|uhtml|bestof|Game 3 of a best-of-3
|t:|1784143107
|gametype|doubles
|player|p1|blackstormgames|lance|1220
|player|p2|d1mo22|skier|1132
|gen|9
|tier|[Gen 9 Champions] VGC 2026 Reg M-B (Bo3)
|rated|
|rule|Species Clause: Limit one of each Pokémon
|rule|Item Clause: Limit 1 of each item
|clearpoke
|poke|p1|Delphox, L50, M|
|poke|p1|Sneasler, L50, F|
|poke|p1|Sinistcha, L50|
|poke|p1|Garchomp, L50, M|
|poke|p1|Incineroar, L50, F|
|poke|p1|Blastoise, L50, M|
|poke|p2|Raichu, L50, M|
|poke|p2|Gyarados, L50, F, shiny|
|poke|p2|Mamoswine, L50, F|
|poke|p2|Ceruledge, L50, F|
|poke|p2|Sinistcha, L50|
|poke|p2|Kingambit, L50, M, shiny|
|teampreview|4
|showteam|p1|Delphox||Delphoxite|Blaze|HeatWave,Psychic,NastyPlot,Protect|Timid||M|||50|]Sneasler||FocusSash|Unburden|FakeOut,DireClaw,CloseCombat,QuickGuard|Jolly||F|||50|]Sinistcha||OccaBerry|Hospitality|MatchaGotcha,RagePowder,LifeDew,Protect|Calm|||||50|]Garchomp||LifeOrb|RoughSkin|Earthquake,DragonClaw,RockSlide,Protect|Jolly||M|||50|]Incineroar||SitrusBerry|Intimidate|FakeOut,FlareBlitz,PartingShot,ThroatChop|Careful||F|||50|]Blastoise||Blastoisinite|Torrent|WaterSpout,DarkPulse,ShellSmash,Protect|Modest||M|||50|
|showteam|p2|Raichu||RaichuniteY|LightningRod|FakeOut,Encore,ZapCannon,FocusBlast|Timid||M|||50|]Gyarados||Gyaradosite|Intimidate|LashOut,Waterfall,DragonDance,Protect|Adamant||F|||50|]Mamoswine||LifeOrb|Oblivious|Protect,IcicleCrash,IceShard,HighHorsepower|Jolly||F|||50|]Ceruledge||ColburBerry|FlashFire|BitterBlade,ShadowSneak,BulkUp,Protect|Adamant||F|||50|]Sinistcha||SitrusBerry|Hospitality|Protect,RagePowder,MatchaGotcha,LifeDew|Bold|||||50|]Kingambit||FocusSash|Defiant|Protect,SuckerPunch,KowtowCleave,IronHead|Adamant||M|||50|
|inactive|Battle timer is ON: inactive players will automatically lose when time's up. (requested by d1mo22)
|
|t:|1784143140
|teamsize|p1|4
|teamsize|p2|4
|start
|switch|p1a: Delphox|Delphox, L50, M|100/100
|switch|p1b: Incineroar|Incineroar, L50, F|100/100
|switch|p2a: Raichu|Raichu, L50, M|100/100
|switch|p2b: Sinistcha|Sinistcha, L50|100/100
|-ability|p1b: Incineroar|Intimidate|boost
|-unboost|p2a: Raichu|atk|1
|-unboost|p2b: Sinistcha|atk|1
|turn|1
|
|t:|1784143155
|switch|p2b: Kingambit|Kingambit, L50, M, shiny|100/100
|move|p1a: Delphox|Protect|p1a: Delphox
|-singleturn|p1a: Delphox|Protect
|move|p2a: Raichu|Fake Out|p1a: Delphox
|-activate|p1a: Delphox|move: Protect
|move|p1b: Incineroar|Parting Shot|p2a: Raichu
|-unboost|p2a: Raichu|atk|1
|-unboost|p2a: Raichu|spa|1
|
|t:|1784143164
|switch|p1b: Sneasler|Sneasler, L50, F|100/100|[from] Parting Shot
|
|upkeep
|turn|2
|inactive|blackstormgames has 30 seconds left.
|inactive|d1mo22 has 30 seconds left.
|
|t:|1784143200
|switch|p1a: Garchomp|Garchomp, L50, M|100/100
|detailschange|p2a: Raichu|Raichu-Mega-Y, L50, M
|-mega|p2a: Raichu|Raichu|Raichunite Y
|move|p2a: Raichu|Zap Cannon|p1a: Garchomp
|-immune|p1a: Garchomp
|move|p1b: Sneasler|Close Combat|p2b: Kingambit
|-supereffective|p2b: Kingambit|2
|-enditem|p2b: Kingambit|Focus Sash
|-damage|p2b: Kingambit|1/100
|-unboost|p1b: Sneasler|def|1
|-unboost|p1b: Sneasler|spd|1
|move|p2b: Kingambit|Kowtow Cleave|p1a: Garchomp
|-damage|p1a: Garchomp|52/100
|-damage|p2b: Kingambit|0 fnt|[from] ability: Rough Skin|[of] p1a: Garchomp
|faint|p2b: Kingambit
|
|upkeep
|
|t:|1784143216
|switch|p2b: Gyarados|Gyarados, L50, F, shiny|100/100
|-ability|p2b: Gyarados|Intimidate|boost
|-unboost|p1a: Garchomp|atk|1
|-unboost|p1b: Sneasler|atk|1
|turn|3
|
|t:|1784143235
|switch|p2a: Sinistcha|Sinistcha, L50|100/100
|switch|p1a: Incineroar|Incineroar, L50, F|100/100
|-ability|p1a: Incineroar|Intimidate|boost
|-unboost|p2a: Sinistcha|atk|1
|-unboost|p2b: Gyarados|atk|1
|move|p2b: Gyarados|Protect|p2b: Gyarados
|-singleturn|p2b: Gyarados|Protect
|move|p1b: Sneasler|Close Combat|p2a: Sinistcha
|-immune|p2a: Sinistcha
|
|upkeep
|turn|4
|inactive|blackstormgames has 30 seconds left.
|inactive|d1mo22 has 30 seconds left.
|
|t:|1784143267
|switch|p1b: Garchomp|Garchomp, L50, M|52/100
|switch|p2b: Raichu|Raichu-Mega-Y, L50, M|100/100
|move|p1a: Incineroar|Fake Out|p2b: Raichu
|-damage|p2b: Raichu|85/100
|move|p2a: Sinistcha|Rage Powder|p2a: Sinistcha
|-singleturn|p2a: Sinistcha|move: Rage Powder
|
|upkeep
|turn|5
|
|t:|1784143287
|move|p2b: Raichu|Fake Out|p1b: Garchomp
|-damage|p1b: Garchomp|43/100
|-damage|p2b: Raichu|73/100|[from] ability: Rough Skin|[of] p1b: Garchomp
|move|p2a: Sinistcha|Rage Powder|p2a: Sinistcha
|-singleturn|p2a: Sinistcha|move: Rage Powder
|cant|p1b: Garchomp|flinch
|move|p1a: Incineroar|Flare Blitz|p2a: Sinistcha
|-supereffective|p2a: Sinistcha|1
|-damage|p2a: Sinistcha|18/100
|-status|p2a: Sinistcha|brn
|-enditem|p2a: Sinistcha|Sitrus Berry|[eat]
|-heal|p2a: Sinistcha|43/100 brn|[from] item: Sitrus Berry
|-damage|p1a: Incineroar|76/100|[from] Recoil
|
|-damage|p2a: Sinistcha|36/100 brn|[from] brn
|upkeep
|turn|6
|inactive|blackstormgames has 30 seconds left.
|inactive|d1mo22 has 30 seconds left.
|inactive|blackstormgames has 20 seconds left.
|
|t:|1784143323
|switch|p1a: Sneasler|Sneasler, L50, F|100/100
|switch|p2a: Gyarados|Gyarados, L50, F, shiny|100/100
|-ability|p2a: Gyarados|Intimidate|boost
|-unboost|p1a: Sneasler|atk|1
|-unboost|p1b: Garchomp|atk|1
|move|p1b: Garchomp|Protect|p1b: Garchomp
|-singleturn|p1b: Garchomp|Protect
|move|p2b: Raichu|Focus Blast|p1b: Garchomp
|-activate|p1b: Garchomp|move: Protect
|
|upkeep
|turn|7
|inactive|d1mo22 has 30 seconds left.
|
|t:|1784143353
|switch|p1b: Incineroar|Incineroar, L50, F|76/100
|-ability|p1b: Incineroar|Intimidate|boost
|-unboost|p2a: Gyarados|atk|1
|-unboost|p2b: Raichu|atk|1
|move|p2b: Raichu|Zap Cannon|p1a: Sneasler
|-damage|p1a: Sneasler|12/100
|-status|p1a: Sneasler|par
|move|p2a: Gyarados|Dragon Dance|p2a: Gyarados
|-boost|p2a: Gyarados|atk|1
|-boost|p2a: Gyarados|spe|1
|move|p1a: Sneasler|Close Combat|p2b: Raichu
|-damage|p2b: Raichu|13/100
|-unboost|p1a: Sneasler|def|1
|-unboost|p1a: Sneasler|spd|1
|
|upkeep
|turn|8
|inactive|blackstormgames has 30 seconds left.
|inactive|d1mo22 has 30 seconds left.
|inactive|d1mo22 has 20 seconds left.
|inactive|d1mo22 has 15 seconds left.
|inactive|d1mo22 has 10 seconds left.
|
|t:|1784143401
|move|p2b: Raichu|Zap Cannon|p1a: Sneasler
|-damage|p1a: Sneasler|0 fnt
|faint|p1a: Sneasler
|move|p2a: Gyarados|Waterfall|p1b: Incineroar
|-supereffective|p1b: Incineroar|1
|-damage|p1b: Incineroar|1/100
|-enditem|p1b: Incineroar|Sitrus Berry|[eat]
|-heal|p1b: Incineroar|26/100|[from] item: Sitrus Berry
|cant|p1b: Incineroar|flinch
|
|upkeep
|
|t:|1784143410
|switch|p1a: Delphox|Delphox, L50, M|100/100
|turn|9
|inactive|d1mo22 has 30 seconds left.
|
|t:|1784143444
|switch|p1b: Garchomp|Garchomp, L50, M|43/100
|detailschange|p1a: Delphox|Delphox-Mega, L50, M
|-mega|p1a: Delphox|Delphox|Delphoxite
|move|p2b: Raichu|Focus Blast|p1b: Garchomp
|-damage|p1b: Garchomp|0 fnt
|faint|p1b: Garchomp
|move|p2a: Gyarados|Waterfall|p1a: Delphox
|-supereffective|p1a: Delphox|1
|-damage|p1a: Delphox|13/100
|move|p1a: Delphox|Heat Wave|p2a: Gyarados|[spread] p2a,p2b
|-resisted|p2a: Gyarados|1
|-damage|p2a: Gyarados|81/100
|-damage|p2b: Raichu|0 fnt
|faint|p2b: Raichu
|
|upkeep
|
|t:|1784143458
|switch|p2b: Sinistcha|Sinistcha, L50|36/100 brn
|switch|p1b: Incineroar|Incineroar, L50, F|26/100
|-ability|p1b: Incineroar|Intimidate|boost
|-unboost|p2a: Gyarados|atk|1
|-unboost|p2b: Sinistcha|atk|1
|-heal|p2a: Gyarados|100/100|[from] ability: Hospitality|[of] p2b: Sinistcha
|turn|10
|-message|blackstormgames forfeited.
|
|win|d1mo22
|raw|blackstormgames's rating: 1220 → 1189(-31 for losing)
|raw|d1mo22's rating: 1132 → 1163(+31 for winning)
|l|☆blackstormgames
|player|p1|
