|j|☆Sprinicki
|j|☆cozmyktwentysix
|html|Sprinickicozmyktwentysix    
|uhtml|bestof|Game 1 of a best-of-3
|t:|1757027324
|gametype|doubles
|player|p1|Sprinicki|102|
|player|p2|cozmyktwentysix|169|
|gen|9
|tier|[Gen 9] VGC 2025 Reg H (Bo3)
|rule|Species Clause: Limit one of each Pokémon
|rule|Item Clause: Limit 1 of each item
|clearpoke
|poke|p1|Gallade, L50, M|
|poke|p1|Exeggutor, L50, M|
|poke|p1|Zoroark-Hisui, L50, F|
|poke|p1|Ursaluna, L50, M|
|poke|p1|Torkoal, L50, M|
|poke|p1|Indeedee-F, L50, F|
|poke|p2|Dragonite, L50, F|
|poke|p2|Ursaluna, L50, F|
|poke|p2|Pelipper, L50, M|
|poke|p2|Sinistcha, L50|
|poke|p2|Basculegion, L50, M|
|poke|p2|Archaludon, L50, M|
|teampreview|4
|showteam|p1|Gallade||ClearAmulet|Sharpness|PsychoCut,TrickRoom,WideGuard,SacredSword|||M|||50|,,,,,Fire]Exeggutor||FocusSash|Chlorophyll|TrickRoom,ExpandingForce,EnergyBall,SleepPowder|||M|||50|,,,,,Psychic]Zoroark-Hisui||ChoiceSpecs|Illusion|HyperVoice,Flamethrower,ShadowBall,TeraBlast|||F|||50|,,,,,Stellar]Ursaluna||FlameOrb|Guts|Facade,Protect,Earthquake,HeadlongRush|||M|||50|,,,,,Ghost]Torkoal||Charcoal|Drought|Eruption,WeatherBall,Protect,HeatWave|||M|||50|,,,,,Fire]Indeedee-F||PsychicSeed|PsychicSurge|TrickRoom,Psychic,FollowMe,HelpingHand|||F|||50|,,,,,Grass
|showteam|p2|Dragonite||LoadedDice|Multiscale|ScaleShot,Tailwind,Haze,Protect|||F|||50|,,,,,Steel]Ursaluna||FlameOrb|Guts|HeadlongRush,Facade,Earthquake,Protect|||F|||50|,,,,,Fire]Pelipper||FocusSash|Drizzle|WeatherBall,Hurricane,Tailwind,Protect|||M|||50|,,,,,Ghost]Sinistcha||SitrusBerry|Hospitality|MatchaGotcha,LifeDew,RagePowder,TrickRoom||||||50|,,,,,Dark]Basculegion||ChoiceBand|SwiftSwim|WaveCrash,LastRespects,AquaJet,FlipTurn|||M|||50|,,,,,Grass]Archaludon||AssaultVest|Stamina|ElectroShot,FlashCannon,BodyPress,Snarl|||M|||50|,,,,,Bug
|j| Taffiroll
|j| Kaiuser
|j| geosts
|j| ponje
|j| cocoralladoquemado
|
|t:|1757027492
|teamsize|p1|4
|teamsize|p2|4
|start
|switch|p1a: Stella|Exeggutor, L50, M|100/100
|switch|p1b: York|Indeedee-F, L50, F|100/100
|switch|p2a: Dragonite|Dragonite, L50, F|100/100
|switch|p2b: Ursaluna|Ursaluna, L50, F|100/100
|-fieldstart|move: Psychic Terrain|[from] ability: Psychic Surge|[of] p1b: York
|-enditem|p1b: York|Psychic Seed
|-boost|p1b: York|spd|1|[from] item: Psychic Seed
|turn|1
|j| ziriux
|
|t:|1757027564
|move|p2b: Ursaluna|Protect|p2b: Ursaluna
|-singleturn|p2b: Ursaluna|Protect
|move|p2a: Dragonite|Scale Shot|p1a: Stella
|-damage|p1a: Stella|83/100
|-damage|p1a: Stella|65/100
|-damage|p1a: Stella|47/100
|-damage|p1a: Stella|31/100
|-hitcount|p1a: Stella|4
|-unboost|p2a: Dragonite|def|1
|-boost|p2a: Dragonite|spe|1
|move|p1a: Stella|Sleep Powder|p2a: Dragonite
|-status|p2a: Dragonite|slp|[from] move: Sleep Powder
|move|p1b: York|Psychic|p2b: Ursaluna
|-activate|p2b: Ursaluna|move: Protect
|
|-status|p2b: Ursaluna|brn|[from] item: Flame Orb
|upkeep
|turn|2
|
|t:|1757027643
|-terastallize|p1a: Stella|Psychic
|move|p1b: York|Helping Hand|p1a: Stella
|-singleturn|p1a: Stella|Helping Hand|[of] p1b: York
|cant|p2a: Dragonite|slp
|move|p1a: Stella|Expanding Force|p2a: Dragonite|[spread] p2a,p2b
|-damage|p2a: Dragonite|27/100 slp
|-damage|p2b: Ursaluna|0 fnt
|faint|p2b: Ursaluna
|
|upkeep
|
|t:|1757027660
|switch|p2b: Archaludon|Archaludon, L50, M|100/100
|turn|3
|
|t:|1757027703
|switch|p1b: Atlas|Torkoal, L50, M|100/100
|-weather|SunnyDay|[from] ability: Drought|[of] p1b: Atlas
|move|p1a: Stella|Expanding Force|p2a: Dragonite|[spread] p2a,p2b
|-resisted|p2b: Archaludon
|-damage|p2a: Dragonite|0 fnt
|-damage|p2b: Archaludon|68/100
|-ability|p2b: Archaludon|Stamina|boost
|-boost|p2b: Archaludon|def|1
|faint|p2a: Dragonite
|move|p2b: Archaludon|Flash Cannon|p1a: Stella
|-damage|p1a: Stella|0 fnt
|faint|p1a: Stella
|
|-weather|SunnyDay|[upkeep]
|upkeep
|
|t:|1757027722
|switch|p2a: Sinistcha|Sinistcha, L50|100/100
|switch|p1a: York|Indeedee-F, L50, F|100/100
|-heal|p2b: Archaludon|92/100|[from] ability: Hospitality|[of] p2a: Sinistcha
|turn|4
|
|t:|1757027755
|move|p1b: Atlas|Protect|p1b: Atlas
|-singleturn|p1b: Atlas|Protect
|move|p2b: Archaludon|Body Press|p1b: Atlas
|-activate|p1b: Atlas|move: Protect
|move|p2a: Sinistcha|Matcha Gotcha|p1b: Atlas|[spread] p1a
|-activate|p1b: Atlas|move: Protect
|-crit|p1a: York
|-damage|p1a: York|56/100
|move|p1a: York|Trick Room|p1a: York
|-fieldstart|move: Trick Room|[of] p1a: York
|
|-weather|SunnyDay|[upkeep]
|upkeep
|turn|5
|
|t:|1757027807
|move|p1a: York|Helping Hand|p1b: Atlas
|-singleturn|p1b: Atlas|Helping Hand|[of] p1a: York
|move|p1b: Atlas|Eruption|p2a: Sinistcha|[spread] p2a,p2b
|-supereffective|p2a: Sinistcha
|-damage|p2a: Sinistcha|0 fnt
|-damage|p2b: Archaludon|0 fnt
|faint|p2a: Sinistcha
|faint|p2b: Archaludon
|
|win|Sprinicki
||cozmyktwentysix is ready for game 2.
|inactive|Sprinicki has 30 seconds to confirm battle start!
|inactive|Sprinicki has 20 seconds to confirm battle start!
||Sprinicki is ready for game 2.
|uhtml|next|Next: Game 2 of 3
|l| Kaiuser
|l| ponje
|l| ziriux
|j| ponje
|j| ziriux
|l| cocoralladoquemado
|j| cocoralladoquemado
|l| Taffiroll
