|j|☆YungDungBeetle
|j|☆hundo_hunter24
|html|YungDungBeetlehundo_hunter24    
|uhtml|bestof|Game 1 of a best-of-3
|t:|1757860436
|gametype|doubles
|player|p1|YungDungBeetle|n|1185
|player|p2|hundo_hunter24|1|1013
|gen|9
|tier|[Gen 9] VGC 2025 Reg H (Bo3)
|rated|
|rule|Species Clause: Limit one of each Pokémon
|rule|Item Clause: Limit 1 of each item
|clearpoke
|poke|p1|Annihilape, L50, F|
|poke|p1|Baxcalibur, L50, F|
|poke|p1|Rillaboom, L50, M|
|poke|p1|Volcarona, L50, F|
|poke|p1|Kingambit, L50, F|
|poke|p1|Dondozo, L50, M|
|poke|p2|Ursaluna-Bloodmoon, L50, M|
|poke|p2|Ninetales-Alola, L50, M|
|poke|p2|Sinistcha, L50|
|poke|p2|Dragapult, L50, M|
|poke|p2|Electabuzz, L50, M|
|poke|p2|Conkeldurr, L50, M|
|teampreview|4
|showteam|p1|Annihilape||FocusSash|Defiant|CloseCombat,RageFist,Coaching,FinalGambit|||F|||50|,,,,,Grass]Baxcalibur||LoadedDice|ThermalExchange|Protect,IceShard,ScaleShot,IcicleSpear|||F|||50|,,,,,Ghost]Rillaboom||AssaultVest|GrassySurge|WoodHammer,GrassyGlide,HighHorsepower,FakeOut|||M|||50|,,,,,Water]Volcarona||CovertCloak|FlameBody|QuiverDance,HeatWave,GigaDrain,RagePowder|||F|||50|,,,,,Grass]Kingambit||SafetyGoggles|Defiant|SuckerPunch,KowtowCleave,SwordsDance,Protect|||F|||50|,,,,,Ghost]Dondozo||Leftovers|Unaware|Protect,Yawn,WaveCrash,Fissure|||M|||50|,,,,,Bug
|showteam|p2|Ursaluna-Bloodmoon||LifeOrb|MindsEye|HyperVoice,BloodMoon,EarthPower,Protect|||M|||50|,,,,,Normal]Ninetales-Alola||LightClay|SnowWarning|AuroraVeil,Blizzard,Protect,Encore|||M|||50|,,,,,Water]Sinistcha||SitrusBerry|Hospitality|TrickRoom,FoulPlay,RagePowder,LifeDew||||||50|,,,,,Water]Dragapult||ChoiceBand|ClearBody|Uturn,DragonDarts,TeraBlast,PhantomForce|||M|||50|,,,,,Ghost]Electabuzz||Eviolite|VitalSpirit|FollowMe,Taunt,Protect,KnockOff|||M|||50|,,,,,Dragon]Conkeldurr||FlameOrb|Guts|KnockOff,CloseCombat,MachPunch,Protect|||M|||50|,,,,,Dark
|inactive|Battle timer is ON: inactive players will automatically lose when time's up. (requested by YungDungBeetle)
|
|t:|1757860474
|teamsize|p1|4
|teamsize|p2|4
|start
|switch|p1a: Annihilape|Annihilape, L50, F|100/100
|switch|p1b: Baxcalibur|Baxcalibur, L50, F|100/100
|switch|p2a: Ninetales|Ninetales-Alola, L50, M, shiny|100/100
|switch|p2b: Dragapult|Dragapult, L50, M, shiny|100/100
|-weather|Snowscape|[from] ability: Snow Warning|[of] p2a: Ninetales
|turn|1
|
|t:|1757860493
|-terastallize|p1b: Baxcalibur|Ghost
|move|p2b: Dragapult|Dragon Darts|p1b: Baxcalibur
|-damage|p1b: Baxcalibur|66/100
|-anim|p2b: Dragapult|Dragon Darts|p1a: Annihilape
|-damage|p1a: Annihilape|64/100
|move|p2a: Ninetales|Aurora Veil|p2a: Ninetales
|-sidestart|p2: hundo_hunter24|move: Aurora Veil
|move|p1a: Annihilape|Coaching|p1b: Baxcalibur
|-boost|p1b: Baxcalibur|atk|1
|-boost|p1b: Baxcalibur|def|1
|move|p1b: Baxcalibur|Icicle Spear|p2b: Dragapult
|-supereffective|p2b: Dragapult
|-damage|p2b: Dragapult|58/100
|-supereffective|p2b: Dragapult
|-damage|p2b: Dragapult|12/100
|-supereffective|p2b: Dragapult
|-damage|p2b: Dragapult|0 fnt
|faint|p2b: Dragapult
|-hitcount|p2: Dragapult|3
|
|-weather|Snowscape|[upkeep]
|upkeep
|
|t:|1757860504
|switch|p2b: Ursaluna|Ursaluna-Bloodmoon, L50, M|100/100
|turn|2
|
|t:|1757860523
|-terastallize|p2b: Ursaluna|Normal
|move|p2a: Ninetales|Encore|p1a: Annihilape
|-start|p1a: Annihilape|Encore
|move|p1a: Annihilape|Coaching|p1b: Baxcalibur
|-boost|p1b: Baxcalibur|atk|1
|-boost|p1b: Baxcalibur|def|1
|move|p1b: Baxcalibur|Icicle Spear|p2b: Ursaluna
|-damage|p2b: Ursaluna|85/100
|-damage|p2b: Ursaluna|68/100
|-damage|p2b: Ursaluna|51/100
|-damage|p2b: Ursaluna|33/100
|-hitcount|p2b: Ursaluna|4
|move|p2b: Ursaluna|Hyper Voice|p1b: Baxcalibur|[spread] p1a,p1b
|-damage|p1a: Annihilape|6/100
|-damage|p1b: Baxcalibur|0 fnt
|faint|p1b: Baxcalibur
|-damage|p2b: Ursaluna|24/100|[from] item: Life Orb
|
|-weather|Snowscape|[upkeep]
|upkeep
|
|t:|1757860539
|switch|p1b: Kingambit|Kingambit, L50, F|100/100
|turn|3
|
|t:|1757860548
|move|p1b: Kingambit|Sucker Punch|p2b: Ursaluna
|-crit|p2b: Ursaluna
|-damage|p2b: Ursaluna|0 fnt
|faint|p2b: Ursaluna
|move|p2a: Ninetales|Blizzard|p1b: Kingambit|[spread] p1a,p1b
|-resisted|p1b: Kingambit
|-damage|p1a: Annihilape|0 fnt
|-damage|p1b: Kingambit|90/100
|-status|p1b: Kingambit|frz
|faint|p1a: Annihilape
|
|-weather|Snowscape|[upkeep]
|upkeep
|
|t:|1757860554
|switch|p1a: Volcarona|Volcarona, L50, F|100/100
|switch|p2b: Electabuzz|Electabuzz, L50, M, shiny|100/100
|turn|4
|
|t:|1757860564
|move|p2a: Ninetales|Blizzard|p1b: Kingambit|[spread] p1a,p1b
|-resisted|p1a: Volcarona
|-resisted|p1b: Kingambit
|-damage|p1a: Volcarona|89/100
|-damage|p1b: Kingambit|80/100 frz
|move|p1a: Volcarona|Quiver Dance|p1a: Volcarona
|-boost|p1a: Volcarona|spa|1
|-boost|p1a: Volcarona|spd|1
|-boost|p1a: Volcarona|spe|1
|move|p2b: Electabuzz|Knock Off|p1a: Volcarona
|-damage|p1a: Volcarona|69/100
|-enditem|p1a: Volcarona|Covert Cloak|[from] move: Knock Off|[of] p2b: Electabuzz
|-curestatus|p1b: Kingambit|frz|[msg]
|move|p1b: Kingambit|Swords Dance|p1b: Kingambit
|-boost|p1b: Kingambit|atk|2
|
|-weather|Snowscape|[upkeep]
|upkeep
|turn|5
|
|t:|1757860586
|move|p2b: Electabuzz|Follow Me|p2b: Electabuzz
|-singleturn|p2b: Electabuzz|move: Follow Me
|move|p1a: Volcarona|Heat Wave|p2a: Ninetales|[spread] p2a,p2b
|-supereffective|p2a: Ninetales
|-damage|p2a: Ninetales|41/100
|-damage|p2b: Electabuzz|78/100
|move|p2a: Ninetales|Blizzard|p1b: Kingambit|[spread] p1a,p1b
|-resisted|p1a: Volcarona
|-resisted|p1b: Kingambit
|-damage|p1a: Volcarona|62/100
|-damage|p1b: Kingambit|69/100
|-status|p1a: Volcarona|frz
|move|p1b: Kingambit|Kowtow Cleave|p2b: Electabuzz
|-damage|p2b: Electabuzz|28/100
|
|-weather|none
|upkeep
|turn|6
|
|t:|1757860601
|move|p2b: Electabuzz|Follow Me|p2b: Electabuzz
|-singleturn|p2b: Electabuzz|move: Follow Me
|-curestatus|p1a: Volcarona|frz|[msg]
|move|p1a: Volcarona|Heat Wave|p2a: Ninetales|[spread] p2a,p2b
|-supereffective|p2a: Ninetales
|-damage|p2a: Ninetales|0 fnt
|-damage|p2b: Electabuzz|2/100
|faint|p2a: Ninetales
|move|p1b: Kingambit|Kowtow Cleave|p2b: Electabuzz
|-damage|p2b: Electabuzz|0 fnt
|faint|p2b: Electabuzz
|
|win|YungDungBeetle
