|j|☆HopsVGC
|j|☆exessvgc
|html|HopsVGCexessvgc    
|uhtml|bestof|Game 1 of a best-of-3
|t:|1784141440
|gametype|doubles
|player|p1|HopsVGC|265|
|player|p2|exessvgc|lucas|
|gen|9
|tier|[Gen 9 Champions] VGC 2026 Reg M-B (Bo3)
|rule|Species Clause: Limit one of each Pokémon
|rule|Item Clause: Limit 1 of each item
|clearpoke
|poke|p1|Venusaur, L50, F, shiny|
|poke|p1|Grimmsnarl, L50, M|
|poke|p1|Pelipper, L50, F|
|poke|p1|Archaludon, L50, F|
|poke|p1|Basculegion, L50, M|
|poke|p1|Sinistcha, L50|
|poke|p2|Farigiraf, L50, M|
|poke|p2|Aerodactyl, L50, M|
|poke|p2|Sylveon, L50, F|
|poke|p2|Kingambit, L50, M|
|poke|p2|Garchomp, L50, F|
|poke|p2|Charizard, L50, M|
|teampreview|4
|showteam|p1|Venusaur||Venusaurite|Chlorophyll|SludgeBomb,EarthPower,LeechSeed,Protect|Modest||F|||50|]Grimmsnarl||LightClay|Prankster|SpiritBreak,Reflect,LightScreen,FakeOut|Impish||M|||50|]Pelipper||FocusSash|Drizzle|WeatherBall,Hurricane,Tailwind,Protect|Timid||F|||50|]Archaludon||Leftovers|Stamina|ElectroShot,AuraSphere,FlashCannon,Protect|Modest||F|||50|]Basculegion||ChoiceScarf|SwiftSwim|WaveCrash,FlipTurn,AquaJet,LastRespects|Adamant||M|||50|]Sinistcha||SitrusBerry|Hospitality|MatchaGotcha,RagePowder,TrickRoom,LifeDew|Relaxed|||||50|
|showteam|p2|Farigiraf||SitrusBerry|ArmorTail|TrickRoom,TwinBeam,HelpingHand,Thunderbolt|Bold||M|||50|]Aerodactyl||Aerodactylite|Unnerve|RockSlide,Protect,Tailwind,Taunt|Jolly||M|||50|]Sylveon||FairyFeather|Pixilate|HyperVoice,HyperBeam,Protect,ShadowBall|Modest||F|||50|]Kingambit||FocusSash|Defiant|KowtowCleave,SuckerPunch,SwordsDance,Protect|Adamant||M|||50|]Garchomp||LifeOrb|RoughSkin|DragonClaw,Earthquake,RockSlide,Protect|Adamant||F|||50|]Charizard||CharizarditeY|Blaze|WeatherBall,HeatWave,SolarBeam,Protect|Modest||M|||50|
|c|☆HopsVGC|glhf
|c|☆exessvgc|glhf
|
|t:|1784141598
|teamsize|p1|4
|teamsize|p2|4
|start
|switch|p1a: Venusaur|Venusaur, L50, F, shiny|100/100
|switch|p1b: Grimmsnarl|Grimmsnarl, L50, M|100/100
|switch|p2a: DINOSAUVO|Aerodactyl, L50, M|100/100
|switch|p2b: Marianela|Sylveon, L50, F|100/100
|-ability|p2a: DINOSAUVO|Unnerve
|turn|1
|
|t:|1784141655
|detailschange|p1a: Venusaur|Venusaur-Mega, L50, F, shiny
|-mega|p1a: Venusaur|Venusaur|Venusaurite
|move|p1b: Grimmsnarl|Fake Out|p2a: DINOSAUVO
|-resisted|p2a: DINOSAUVO|1
|-damage|p2a: DINOSAUVO|91/100
|cant|p2a: DINOSAUVO|flinch
|move|p2b: Marianela|Hyper Voice|p1b: Grimmsnarl|[spread] p1a,p1b
|-resisted|p1a: Venusaur|1
|-supereffective|p1b: Grimmsnarl|1
|-damage|p1a: Venusaur|80/100
|-damage|p1b: Grimmsnarl|9/100
|move|p1a: Venusaur|Sludge Bomb|p2b: Marianela
|-supereffective|p2b: Marianela|1
|-damage|p2b: Marianela|26/100
|
|upkeep
|turn|2
|
|t:|1784141687
|move|p1b: Grimmsnarl|Reflect|p1b: Grimmsnarl
|-sidestart|p1: HopsVGC|Reflect
|move|p2a: DINOSAUVO|Taunt|p1b: Grimmsnarl
|-start|p1b: Grimmsnarl|move: Taunt
|move|p1a: Venusaur|Sludge Bomb|p2a: DINOSAUVO
|-resisted|p2a: DINOSAUVO|1
|-damage|p2a: DINOSAUVO|59/100
|-status|p2a: DINOSAUVO|psn
|move|p2b: Marianela|Hyper Beam|p1a: Venusaur
|-resisted|p1a: Venusaur|1
|-damage|p1a: Venusaur|42/100
|-mustrecharge|p2b: Marianela
|
|-damage|p2a: DINOSAUVO|47/100 psn|[from] psn
|upkeep
|turn|3
|
|t:|1784141716
|switch|p1b: Basculegion|Basculegion, L50, M|100/100
|move|p2a: DINOSAUVO|Taunt|p1a: Venusaur
|-start|p1a: Venusaur|move: Taunt
|cant|p2b: Marianela|recharge
|move|p1a: Venusaur|Sludge Bomb|p2b: Marianela
|-supereffective|p2b: Marianela|1
|-damage|p2b: Marianela|0 fnt
|faint|p2b: Marianela
|
|-damage|p2a: DINOSAUVO|35/100 psn|[from] psn
|upkeep
|
|t:|1784141735
|switch|p2b: Charizard|Charizard, L50, M|100/100
|turn|4
|
|t:|1784141785
|switch|p2a: Garchomp|Garchomp, L50, F|100/100
|switch|p1a: Grimmsnarl|Grimmsnarl, L50, M|9/100
|detailschange|p2b: Charizard|Charizard-Mega-Y, L50, M
|-mega|p2b: Charizard|Charizard|Charizardite Y
|-weather|SunnyDay|[from] ability: Drought|[of] p2b: Charizard
|move|p1b: Basculegion|Flip Turn|p2b: Charizard
|-supereffective|p2b: Charizard|1
|-damage|p2b: Charizard|68/100
|
|t:|1784141795
|switch|p1b: Pelipper|Pelipper, L50, F|100/100|[from] Flip Turn
|-weather|RainDance|[from] ability: Drizzle|[of] p1b: Pelipper
|move|p2b: Charizard|Heat Wave|p1b: Pelipper|[spread] p1a,p1b
|-resisted|p1b: Pelipper|1
|-damage|p1a: Grimmsnarl|0 fnt
|-damage|p1b: Pelipper|84/100
|-status|p1b: Pelipper|brn
|faint|p1a: Grimmsnarl
|
|-weather|RainDance|[upkeep]
|-damage|p1b: Pelipper|78/100 brn|[from] brn
|upkeep
|
|t:|1784141801
|switch|p1a: Basculegion|Basculegion, L50, M|100/100
|turn|5
|
|t:|1784141843
|switch|p2b: DINOSAUVO|Aerodactyl, L50, M|35/100 psn
|-ability|p2b: DINOSAUVO|Unnerve
|switch|p1b: Venusaur|Venusaur-Mega, L50, F, shiny|42/100
|move|p1a: Basculegion|Wave Crash|p2a: Garchomp
|-damage|p2a: Garchomp|5/100
|-damage|p1a: Basculegion|87/100|[from] ability: Rough Skin|[of] p2a: Garchomp
|-damage|p1a: Basculegion|57/100|[from] Recoil
|move|p2a: Garchomp|Rock Slide|p1b: Venusaur|[spread] p1a,p1b
|-damage|p1a: Basculegion|34/100
|-damage|p1b: Venusaur|26/100
|-damage|p2a: Garchomp|0 fnt|[from] item: Life Orb
|faint|p2a: Garchomp
|
|-weather|RainDance|[upkeep]
|-damage|p2b: DINOSAUVO|23/100 psn|[from] psn
|upkeep
|
|t:|1784141860
|switch|p2a: Charizard|Charizard-Mega-Y, L50, M|68/100
|-weather|SunnyDay|[from] ability: Drought|[of] p2a: Charizard
|turn|6
|
|t:|1784141881
|switch|p1b: Pelipper|Pelipper, L50, F|78/100 brn
|-weather|RainDance|[from] ability: Drizzle|[of] p1b: Pelipper
|move|p2b: DINOSAUVO|Protect|p2b: DINOSAUVO
|-singleturn|p2b: DINOSAUVO|Protect
|move|p1a: Basculegion|Wave Crash|p2b: DINOSAUVO
|-activate|p2b: DINOSAUVO|move: Protect
|move|p2a: Charizard|Weather Ball|p1a: Basculegion
|-resisted|p1a: Basculegion|1
|-damage|p1a: Basculegion|0 fnt
|faint|p1a: Basculegion
|
|-weather|RainDance|[upkeep]
|-damage|p2b: DINOSAUVO|11/100 psn|[from] psn
|-damage|p1b: Pelipper|72/100 brn|[from] brn
|upkeep
|
|t:|1784141887
|switch|p1a: Venusaur|Venusaur-Mega, L50, F, shiny|26/100
|turn|7
|inactive|Battle timer is ON: inactive players will automatically lose when time's up. (requested by HopsVGC)
|
|t:|1784141943
|move|p1b: Pelipper|Protect|p1b: Pelipper
|-singleturn|p1b: Pelipper|Protect
|move|p1a: Venusaur|Protect|p1a: Venusaur
|-singleturn|p1a: Venusaur|Protect
|move|p2b: DINOSAUVO|Rock Slide|p1b: Pelipper|[spread] 
|-activate|p1a: Venusaur|move: Protect
|-activate|p1b: Pelipper|move: Protect
|move|p2a: Charizard|Weather Ball|p1b: Pelipper
|-activate|p1b: Pelipper|move: Protect
|
|-weather|RainDance|[upkeep]
|-damage|p2b: DINOSAUVO|0 fnt|[from] psn
|faint|p2b: DINOSAUVO
|-damage|p1b: Pelipper|67/100 brn|[from] brn
|upkeep
|turn|8
|
|t:|1784141966
|move|p2a: Charizard|Weather Ball|p1a: Venusaur
|-resisted|p1a: Venusaur|1
|-damage|p1a: Venusaur|6/100
|move|p1b: Pelipper|Weather Ball|p2a: Charizard
|-supereffective|p2a: Charizard|1
|-damage|p2a: Charizard|0 fnt
|faint|p2a: Charizard
|
|win|HopsVGC
||HopsVGC is ready for game 2.
||exessvgc is ready for game 2.
|uhtml|next|Next: Game 2 of 3
|l|☆HopsVGC
|player|p1|
