|j|☆skyshakerX
|j|☆heycoachitsnate
|html|skyshakerXheycoachitsnate    
|uhtml|bestof|Game 1 of a best-of-3
|t:|1785733589
|gametype|doubles
|player|p1|skyshakerX|youngn|1167
|player|p2|heycoachitsnate|n|1080
|gen|9
|tier|[Gen 9 Champions] VGC 2026 Reg M-B (Bo3)
|rated|
|rule|Species Clause: Limit one of each Pokémon
|rule|Item Clause: Limit 1 of each item
|clearpoke
|poke|p1|Archaludon, L50, M|
|poke|p1|Swampert, L50, F|
|poke|p1|Sinistcha, L50|
|poke|p1|Grimmsnarl, L50, M|
|poke|p1|Pelipper, L50, M, shiny|
|poke|p1|Raichu, L50, F|
|poke|p2|Venusaur, L50, M|
|poke|p2|Charizard, L50, F, shiny|
|poke|p2|Garchomp, L50, M|
|poke|p2|Annihilape, L50, M, shiny|
|poke|p2|Incineroar, L50, F|
|poke|p2|Toxapex, L50, F, shiny|
|teampreview|4
|showteam|p1|Archaludon||Leftovers|Stamina|ElectroShot,DragonPulse,FlashCannon,Protect|Timid||M|||50|]Swampert||Swampertite|Torrent|WaveCrash,Earthquake,Protect,IcePunch|Adamant||F|||50|]Sinistcha||LifeOrb|Hospitality|MatchaGotcha,RagePowder,ShadowBall,Scald|Bold|||||50|]Grimmsnarl||LightClay|Prankster|Reflect,LightScreen,SpiritBreak,PartingShot|Careful||M|||50|]Pelipper||SitrusBerry|Drizzle|WideGuard,Tailwind,WeatherBall,Hurricane|Bold||M|||50|]Raichu||RaichuniteY|LightningRod|FakeOut,ZapCannon,FocusBlast,Protect|Hasty||F|||50|
|showteam|p2|Venusaur||LifeOrb|Chlorophyll|SolarBeam,SludgeBomb,EarthPower,Protect|Modest||M|||50|]Charizard||CharizarditeY|Blaze|HeatWave,WeatherBall,HelpingHand,Protect|Bold||F|||50|]Garchomp||ChoiceScarf|RoughSkin|RockSlide,DragonClaw,Earthquake,StompingTantrum|Adamant||M|||50|]Annihilape||FocusSash|Defiant|PhantomForce,CloseCombat,RockTomb,Protect|Jolly||M|||50|]Incineroar||SitrusBerry|Intimidate|FlareBlitz,ThroatChop,PartingShot,FakeOut|Impish||F|||50|]Toxapex||Leftovers|Regenerator|Infestation,Toxic,WideGuard,BanefulBunker|Impish||F|||50|
|inactive|Battle timer is ON: inactive players will automatically lose when time's up. (requested by heycoachitsnate)
|inactive|skyshakerX also wants the timer to be on.
|inactive|heycoachitsnate has 60 seconds left.
|inactive|heycoachitsnate has 30 seconds left.
|inactive|heycoachitsnate has 20 seconds left.
|inactive|heycoachitsnate has 15 seconds left.
|inactive|heycoachitsnate has 10 seconds left.
|
|t:|1785733670
|teamsize|p1|4
|teamsize|p2|4
|start
|switch|p1a: Pelipper|Pelipper, L50, M, shiny|100/100
|switch|p1b: Archaludon|Archaludon, L50, M|100/100
|switch|p2a: Annihilape|Annihilape, L50, M, shiny|100/100
|switch|p2b: Incineroar|Incineroar, L50, F|100/100
|-weather|RainDance|[from] ability: Drizzle|[of] p1a: Pelipper
|-ability|p2b: Incineroar|Intimidate|boost
|-unboost|p1a: Pelipper|atk|1
|-unboost|p1b: Archaludon|atk|1
|turn|1
|
|t:|1785733693
|move|p2b: Incineroar|Fake Out|p1a: Pelipper
|-damage|p1a: Pelipper|90/100
|move|p2a: Annihilape|Close Combat|p1b: Archaludon
|-supereffective|p1b: Archaludon|1
|-damage|p1b: Archaludon|0 fnt
|-unboost|p2a: Annihilape|def|1
|-unboost|p2a: Annihilape|spd|1
|faint|p1b: Archaludon
|cant|p1a: Pelipper|flinch
|
|-weather|RainDance|[upkeep]
|upkeep
|
|t:|1785733704
|switch|p1b: Sinistcha|Sinistcha, L50|100/100
|-heal|p1a: Pelipper|100/100|[from] ability: Hospitality|[of] p1b: Sinistcha
|turn|2
|
|t:|1785733720
|move|p2a: Annihilape|Phantom Force||[still]
|-prepare|p2a: Annihilape|Phantom Force
|move|p1b: Sinistcha|Scald|p2b: Incineroar
|-supereffective|p2b: Incineroar|1
|-damage|p2b: Incineroar|16/100
|-enditem|p2b: Incineroar|Sitrus Berry|[eat]
|-heal|p2b: Incineroar|41/100|[from] item: Sitrus Berry
|-damage|p1b: Sinistcha|90/100|[from] item: Life Orb
|move|p1a: Pelipper|Tailwind|p1a: Pelipper
|-sidestart|p1: skyshakerX|move: Tailwind
|move|p2b: Incineroar|Parting Shot|p1a: Pelipper
|-unboost|p1a: Pelipper|atk|1
|-unboost|p1a: Pelipper|spa|1
|
|t:|1785733731
|switch|p2b: Toxapex|Toxapex, L50, F, shiny|100/100|[from] Parting Shot
|
|-weather|RainDance|[upkeep]
|upkeep
|turn|3
|inactive|skyshakerX has 30 seconds left.
|
|t:|1785733760
|switch|p1a: Raichu|Raichu, L50, F|100/100
|move|p1b: Sinistcha|Matcha Gotcha|p2a: Annihilape|[spread] 
|-miss|p1b: Sinistcha|p2a: Annihilape
|-miss|p1b: Sinistcha|p2b: Toxapex
|move|p2a: Annihilape|Phantom Force|p1b: Sinistcha|[from] lockedmove
|-supereffective|p1b: Sinistcha|1
|-damage|p1b: Sinistcha|19/100
|move|p2b: Toxapex|Infestation|p1a: Raichu
|-damage|p1a: Raichu|95/100
|-activate|p1a: Raichu|move: Infestation|[of] p2b: Toxapex
|
|-weather|RainDance|[upkeep]
|-damage|p1a: Raichu|83/100|[from] move: Infestation|[partiallytrapped]
|upkeep
|turn|4
|inactive|heycoachitsnate has 30 seconds left.
|inactive|heycoachitsnate has 20 seconds left.
|
|t:|1785733796
|switch|p1b: Pelipper|Pelipper, L50, M, shiny|100/100
|detailschange|p1a: Raichu|Raichu-Mega-Y, L50, F
|-mega|p1a: Raichu|Raichu|Raichunite Y
|move|p1a: Raichu|Zap Cannon|p2a: Annihilape
|-enditem|p2a: Annihilape|Focus Sash
|-damage|p2a: Annihilape|1/100
|-status|p2a: Annihilape|par
|move|p2a: Annihilape|Phantom Force||[still]
|-prepare|p2a: Annihilape|Phantom Force
|move|p2b: Toxapex|Toxic|p1a: Raichu
|-status|p1a: Raichu|tox
|
|-weather|RainDance|[upkeep]
|-damage|p1a: Raichu|77/100 tox|[from] psn
|-damage|p1a: Raichu|65/100 tox|[from] move: Infestation|[partiallytrapped]
|upkeep
|turn|5
|inactive|skyshakerX has 30 seconds left.
|
|t:|1785733829
|switch|p1b: Sinistcha|Sinistcha, L50|19/100
|-heal|p1a: Raichu|90/100 tox|[from] ability: Hospitality|[of] p1b: Sinistcha
|move|p2b: Toxapex|Baneful Bunker|p2b: Toxapex
|-singleturn|p2b: Toxapex|move: Protect
|move|p1a: Raichu|Zap Cannon|p2b: Toxapex
|-activate|p2b: Toxapex|move: Protect
|move|p2a: Annihilape|Phantom Force|p1b: Sinistcha|[from] lockedmove
|-supereffective|p1b: Sinistcha|1
|-damage|p1b: Sinistcha|0 fnt
|faint|p1b: Sinistcha
|
|-weather|none
|-damage|p1a: Raichu|78/100 tox|[from] psn
|-damage|p1a: Raichu|66/100 tox|[from] move: Infestation|[partiallytrapped]
|-sideend|p1: skyshakerX|move: Tailwind
|upkeep
|
|t:|1785733840
|switch|p1b: Pelipper|Pelipper, L50, M, shiny|100/100
|-weather|RainDance|[from] ability: Drizzle|[of] p1b: Pelipper
|turn|6
|
|t:|1785733856
|move|p1a: Raichu|Zap Cannon|p2b: Toxapex
|-supereffective|p2b: Toxapex|1
|-damage|p2b: Toxapex|0 fnt
|faint|p2b: Toxapex
|move|p1b: Pelipper|Weather Ball|p2a: Annihilape
|-damage|p2a: Annihilape|0 fnt
|faint|p2a: Annihilape
|
|-weather|RainDance|[upkeep]
|-damage|p1a: Raichu|48/100 tox|[from] psn
|-end|p1a: Raichu|Infestation|[partiallytrapped]|[silent]
|upkeep
|
|t:|1785733862
|switch|p2a: Incineroar|Incineroar, L50, F|41/100
|switch|p2b: Charizard|Charizard, L50, F, shiny|100/100
|-ability|p2a: Incineroar|Intimidate|boost
|-unboost|p1a: Raichu|atk|1
|-unboost|p1b: Pelipper|atk|1
|turn|7
|inactive|skyshakerX has 30 seconds left.
|
|t:|1785733889
|detailschange|p2b: Charizard|Charizard-Mega-Y, L50, F, shiny
|-mega|p2b: Charizard|Charizard|Charizardite Y
|-weather|SunnyDay|[from] ability: Drought|[of] p2b: Charizard
|move|p1a: Raichu|Protect|p1a: Raichu
|-singleturn|p1a: Raichu|Protect
|move|p2a: Incineroar|Fake Out|p1a: Raichu
|-activate|p1a: Raichu|move: Protect
|move|p2b: Charizard|Weather Ball|p1b: Pelipper
|-resisted|p1b: Pelipper|1
|-damage|p1b: Pelipper|53/100
|move|p1b: Pelipper|Hurricane|p2a: Incineroar|[miss]
|-miss|p1b: Pelipper|p2a: Incineroar
|
|-weather|SunnyDay|[upkeep]
|-damage|p1a: Raichu|25/100 tox|[from] psn
|upkeep
|turn|8
|
|t:|1785733910
|move|p2b: Charizard|Protect|p2b: Charizard
|-singleturn|p2b: Charizard|Protect
|move|p1a: Raichu|Zap Cannon|p2b: Charizard
|-activate|p2b: Charizard|move: Protect
|move|p1b: Pelipper|Hurricane|p2a: Incineroar|[miss]
|-miss|p1b: Pelipper|p2a: Incineroar
|move|p2a: Incineroar|Throat Chop|p1b: Pelipper
|-damage|p1b: Pelipper|25/100
|-start|p1b: Pelipper|Throat Chop|[silent]
|-enditem|p1b: Pelipper|Sitrus Berry|[eat]
|-heal|p1b: Pelipper|50/100g|[from] item: Sitrus Berry
|
|-weather|SunnyDay|[upkeep]
|-damage|p1a: Raichu|0 fnt|[from] psn
|faint|p1a: Raichu
|upkeep
|turn|9
|
|t:|1785733926
|move|p2b: Charizard|Weather Ball|p1b: Pelipper
|-resisted|p1b: Pelipper|1
|-damage|p1b: Pelipper|2/100
|move|p1b: Pelipper|Hurricane|p2a: Incineroar|[miss]
|-miss|p1b: Pelipper|p2a: Incineroar
|move|p2a: Incineroar|Throat Chop|p1b: Pelipper
|-damage|p1b: Pelipper|0 fnt
|faint|p1b: Pelipper
|
|win|heycoachitsnate
|l|☆skyshakerX
|player|p1|
||skyshakerX is ready for game 2.
