|j|☆FlamigoDoBrazil
|j|☆Ronansting
|html|FlamigoDoBrazilRonansting    
|uhtml|bestof|Game 2 of a best-of-3
|t:|1755004694
|gametype|doubles
|player|p1|FlamigoDoBrazil|winona|1193
|player|p2|Ronansting|baker|1463
|gen|9
|tier|[Gen 9] VGC 2025 Reg H (Bo3)
|rated|
|rule|Species Clause: Limit one of each Pokémon
|rule|Item Clause: Limit 1 of each item
|clearpoke
|poke|p1|Porygon2, L50|
|poke|p1|Amoonguss, L50, M|
|poke|p1|Incineroar, L50, M|
|poke|p1|Ursaluna, L50, M|
|poke|p1|Flamigo, L50, M|
|poke|p1|Gholdengo, L50|
|poke|p2|Archaludon, L50, M|
|poke|p2|Pelipper, L50, M|
|poke|p2|Indeedee, L50, M|
|poke|p2|Amoonguss, L50, F|
|poke|p2|Basculegion, L50, M|
|poke|p2|Hydreigon, L50, F|
|teampreview|4
|showteam|p1|Porygon2||Eviolite|Download|TeraBlast,IceBeam,Recover,TrickRoom||||||50|,,,,,Fighting]Amoonguss||CovertCloak|Regenerator|Spore,ClearSmog,PollenPuff,RagePowder|||M|||50|,,,,,Water]Incineroar||SafetyGoggles|Intimidate|FlareBlitz,KnockOff,PartingShot,FakeOut|||M|||50|,,,,,Ghost]Ursaluna||FlameOrb|Guts|Facade,HeadlongRush,Protect,Earthquake|||M|||50|,,,,,Ghost]Flamigo||FocusSash|Scrappy|DualWingbeat,CloseCombat,Detect,WideGuard|||M|||50|,,,,,Ghost]Gholdengo||Leftovers|GoodasGold|MakeItRain,NastyPlot,ShadowBall,Protect||||||50|,,,,,Water
|showteam|p2|Archaludon||AssaultVest|Stamina|ElectroShot,DracoMeteor,BodyPress,FlashCannon|||M|||50|,,,,,Grass]Pelipper||FocusSash|Drizzle|WeatherBall,Hurricane,Tailwind,Protect|||M|||50|,,,,,Ghost]Indeedee||ChoiceScarf|PsychicSurge|ExpandingForce,TeraBlast,Trick,DazzlingGleam|||M|||50|,,,,,Ground]Amoonguss||SitrusBerry|Regenerator|Spore,SludgeBomb,Protect,RagePowder|||F|||50|,,,,,Water]Basculegion||ChoiceBand|SwiftSwim|FlipTurn,WaveCrash,LastRespects,AquaJet|||M|||50|,,,,,Poison]Hydreigon||CovertCloak|Levitate|Taunt,Snarl,DracoMeteor,EarthPower|||F|||50|,,,,,Fairy
|
|t:|1755004717
|teamsize|p1|4
|teamsize|p2|4
|start
|switch|p1a: Porygon2|Porygon2, L50|100/100
|switch|p1b: Amoonguss|Amoonguss, L50, M|100/100
|switch|p2a: Schmooner|Amoonguss, L50, F|100/100
|switch|p2b: Piedragon|Hydreigon, L50, F|100/100
|-ability|p1a: Porygon2|Download|boost
|-boost|p1a: Porygon2|atk|1
|turn|1
|inactive|Battle timer is ON: inactive players will automatically lose when time's up. (requested by FlamigoDoBrazil)
|inactive|FlamigoDoBrazil has 60 seconds left.
|
|t:|1755004754
|switch|p1a: Incineroar|Incineroar, L50, M|100/100
|-ability|p1a: Incineroar|Intimidate|boost
|-unboost|p2a: Schmooner|atk|1
|-unboost|p2b: Piedragon|atk|1
|switch|p1b: Ursaluna|Ursaluna, L50, M|100/100
|switch|p2a: Smellypper|Pelipper, L50, M|100/100
|-weather|RainDance|[from] ability: Drizzle|[of] p2a: Smellypper
|move|p2b: Piedragon|Taunt|p1b: Ursaluna
|-start|p1b: Ursaluna|move: Taunt
|
|-weather|RainDance|[upkeep]
|-status|p1b: Ursaluna|brn|[from] item: Flame Orb
|upkeep
|turn|2
|inactive|FlamigoDoBrazil has 30 seconds left.
|inactive|Ronansting has 30 seconds left.
|inactive|FlamigoDoBrazil has 20 seconds left.
|inactive|FlamigoDoBrazil has 15 seconds left.
|inactive|FlamigoDoBrazil has 10 seconds left.
|
|t:|1755004803
|switch|p1b: Amoonguss|Amoonguss, L50, M|100/100
|-terastallize|p2a: Smellypper|Ghost
|move|p2b: Piedragon|Snarl|p1b: Amoonguss|[spread] p1b
|-miss|p2b: Piedragon|p1a: Incineroar
|-damage|p1b: Amoonguss|85/100
|move|p2a: Smellypper|Weather Ball|p1a: Incineroar
|-supereffective|p1a: Incineroar
|-damage|p1a: Incineroar|0 fnt
|faint|p1a: Incineroar
|
|-weather|RainDance|[upkeep]
|upkeep
|
|t:|1755004825
|switch|p1a: Porygon2|Porygon2, L50|100/100
|-ability|p1a: Porygon2|Download|boost
|-boost|p1a: Porygon2|spa|1
|turn|3
|
|t:|1755004845
|-terastallize|p1b: Amoonguss|Water
|move|p1b: Amoonguss|Rage Powder|p1b: Amoonguss
|-singleturn|p1b: Amoonguss|move: Rage Powder
|move|p2b: Piedragon|Taunt|p1b: Amoonguss
|-start|p1b: Amoonguss|move: Taunt
|move|p2a: Smellypper|Hurricane|p1b: Amoonguss
|-damage|p1b: Amoonguss|44/100
|move|p1a: Porygon2|Trick Room|p1a: Porygon2
|-fieldstart|move: Trick Room|[of] p1a: Porygon2
|
|-weather|RainDance|[upkeep]
|upkeep
|turn|4
|inactive|FlamigoDoBrazil has 30 seconds left.
|
|t:|1755004880
|switch|p1b: Ursaluna|Ursaluna, L50, M|100/100 brn
|move|p1a: Porygon2|Ice Beam|p2a: Smellypper
|-damage|p2a: Smellypper|39/100
|-status|p2a: Smellypper|frz
|cant|p2a: Smellypper|frz
|move|p2b: Piedragon|Snarl|p1a: Porygon2|[spread] p1a,p1b
|-damage|p1a: Porygon2|89/100
|-damage|p1b: Ursaluna|84/100 brn
|-unboost|p1a: Porygon2|spa|1
|-unboost|p1b: Ursaluna|spa|1
|
|-weather|RainDance|[upkeep]
|-damage|p1b: Ursaluna|78/100 brn|[from] brn
|upkeep
|turn|5
|c|☆Ronansting|oh come on
|c|☆Ronansting|i weather balled into that slot
|inactive|FlamigoDoBrazil has 30 seconds left.
|inactive|Ronansting has 30 seconds left.
|inactive|FlamigoDoBrazil has 20 seconds left.
|j| u'FemminoneVGC
|inactive|FlamigoDoBrazil has 15 seconds left.
|inactive|FlamigoDoBrazil has 10 seconds left.
|inactive|FlamigoDoBrazil has 5 seconds left.
|
|t:|1755004931
|switch|p2b: Arching|Archaludon, L50, M|100/100
|move|p1b: Ursaluna|Facade|p2b: Arching
|-resisted|p2b: Arching
|-damage|p2b: Arching|56/100
|-ability|p2b: Arching|Stamina|boost
|-boost|p2b: Arching|def|1
|move|p1a: Porygon2|Ice Beam|p2a: Smellypper
|-damage|p2a: Smellypper|0 fnt
|faint|p2a: Smellypper
|
|-weather|none
|-damage|p1b: Ursaluna|72/100 brn|[from] brn
|upkeep
|
|t:|1755004940
|switch|p2a: Schmooner|Amoonguss, L50, F|100/100
|turn|6
|l| u'FemminoneVGC
|inactive|FlamigoDoBrazil has 30 seconds left.
|inactive|Ronansting has 30 seconds left.
|
|t:|1755004975
|switch|p1a: Amoonguss|Amoonguss, L50, M, tera:Water|77/100
|move|p1b: Ursaluna|Protect|p1b: Ursaluna
|-singleturn|p1b: Ursaluna|Protect
|move|p2a: Schmooner|Rage Powder|p2a: Schmooner
|-singleturn|p2a: Schmooner|move: Rage Powder
|move|p2b: Arching|Draco Meteor|p1b: Ursaluna
|-activate|p1b: Ursaluna|move: Protect
|
|-damage|p1b: Ursaluna|66/100 brn|[from] brn
|upkeep
|turn|7
|inactive|FlamigoDoBrazil has 30 seconds left.
|inactive|FlamigoDoBrazil has 20 seconds left.
|inactive|FlamigoDoBrazil has 15 seconds left.
|inactive|FlamigoDoBrazil has 10 seconds left.
|
|t:|1755005021
|move|p2a: Schmooner|Rage Powder|p2a: Schmooner
|-singleturn|p2a: Schmooner|move: Rage Powder
|move|p1b: Ursaluna|Facade|p2a: Schmooner
|-damage|p2a: Schmooner|0 fnt
|faint|p2a: Schmooner
|move|p1a: Amoonguss|Spore|p2b: Arching
|-status|p2b: Arching|slp|[from] move: Spore
|cant|p2b: Arching|slp
|
|-damage|p1b: Ursaluna|60/100 brn|[from] brn
|-fieldend|move: Trick Room
|upkeep
|
|t:|1755005029
|switch|p2a: Piedragon|Hydreigon, L50, F|100/100
|turn|8
|inactive|FlamigoDoBrazil has 30 seconds left.
|
|t:|1755005056
|move|p2a: Piedragon|Draco Meteor|p1b: Ursaluna
|-damage|p1b: Ursaluna|4/100 brn
|-unboost|p2a: Piedragon|spa|2
|-curestatus|p2b: Arching|slp|[msg]
|move|p2b: Arching|Body Press|p1b: Ursaluna
|-supereffective|p1b: Ursaluna
|-damage|p1b: Ursaluna|0 fnt
|faint|p1b: Ursaluna
|move|p1a: Amoonguss|Spore|p2a: Piedragon
|-status|p2a: Piedragon|slp|[from] move: Spore
|
|upkeep
|
|t:|1755005066
|switch|p1b: Porygon2|Porygon2, L50|89/100
|-ability|p1b: Porygon2|Download|boost
|-boost|p1b: Porygon2|spa|1
|turn|9
|inactive|FlamigoDoBrazil has 30 seconds left.
|
|t:|1755005099
|cant|p2a: Piedragon|slp
|move|p2b: Arching|Body Press|p1a: Amoonguss
|-damage|p1a: Amoonguss|46/100
|move|p1a: Amoonguss|Spore|p2b: Arching
|-status|p2b: Arching|slp|[from] move: Spore
|move|p1b: Porygon2|Trick Room|p1b: Porygon2
|-fieldstart|move: Trick Room|[of] p1b: Porygon2
|
|upkeep
|turn|10
|
|t:|1755005115
|move|p1a: Amoonguss|Pollen Puff|p2a: Piedragon
|-supereffective|p2a: Piedragon
|-damage|p2a: Piedragon|61/100 slp
|move|p1b: Porygon2|Ice Beam|p2a: Piedragon
|-supereffective|p2a: Piedragon
|-damage|p2a: Piedragon|0 fnt
|faint|p2a: Piedragon
|cant|p2b: Arching|slp
|
|upkeep
|turn|11
|
|t:|1755005134
|move|p1a: Amoonguss|Pollen Puff|p2b: Arching
|-resisted|p2b: Arching
|-damage|p2b: Arching|51/100 slp
|-ability|p2b: Arching|Stamina|boost
|-boost|p2b: Arching|def|1
|move|p1b: Porygon2|Ice Beam|p2b: Arching
|-damage|p2b: Arching|28/100 slp
|-ability|p2b: Arching|Stamina|boost
|-boost|p2b: Arching|def|1
|-curestatus|p2b: Arching|slp|[msg]
|move|p2b: Arching|Body Press|p1a: Amoonguss
|-crit|p1a: Amoonguss
|-damage|p1a: Amoonguss|0 fnt
|faint|p1a: Amoonguss
|
|upkeep
|turn|12
|
|t:|1755005149
|move|p1b: Porygon2|Ice Beam|p2b: Arching
|-damage|p2b: Arching|4/100
|-ability|p2b: Arching|Stamina|boost
|-boost|p2b: Arching|def|1
|move|p2b: Arching|Body Press|p1b: Porygon2
|-supereffective|p1b: Porygon2
|-damage|p1b: Porygon2|4/100
|
|upkeep
|turn|13
|
|t:|1755005157
|move|p1b: Porygon2|Ice Beam|p2b: Arching
|-damage|p2b: Arching|0 fnt
|faint|p2b: Arching
|
|win|FlamigoDoBrazil
|raw|FlamigoDoBrazil's rating: 1193 → 1234(+41 for winning)
|raw|Ronansting's rating: 1463 → 1430(-33 for losing)
