|j|☆N0NAME1
|j|☆MuppetsChristmas
|html|N0NAME1MuppetsChristmas    
|uhtml|bestof|Game 2 of a best-of-3
|t:|1756214401
|gametype|doubles
|player|p1|N0NAME1|steven|1104
|player|p2|MuppetsChristmas|pokemonbreederf-gen4|1000
|gen|9
|tier|[Gen 9] VGC 2025 Reg H (Bo3)
|rated|
|rule|Species Clause: Limit one of each Pokémon
|rule|Item Clause: Limit 1 of each item
|clearpoke
|poke|p1|Talonflame, L50, M|
|poke|p1|Annihilape, L50, F|
|poke|p1|Rillaboom, L50, F|
|poke|p1|Primarina, L50, M|
|poke|p1|Gholdengo, L50|
|poke|p1|Maushold, L50|
|poke|p2|Gholdengo, L50|
|poke|p2|Rillaboom, L50, M|
|poke|p2|Arcanine-Hisui, L50, F|
|poke|p2|Sneasler, L50, M|
|poke|p2|Dragonite, L50, F|
|poke|p2|Ninetales-Alola, L50, M|
|teampreview|4
|showteam|p1|Talonflame||LifeOrb|GaleWings|Tailwind,FlareBlitz,Protect,BraveBird|||M|||50|,,,,,Ghost]Annihilape||Leftovers|Defiant|RageFist,DrainPunch,BulkUp,Protect|||F|||50|,,,,,Fire]Rillaboom||AssaultVest|GrassySurge|FakeOut,GrassyGlide,Uturn,WoodHammer|||F|||50|,,,,,Grass]Primarina||ChoiceSpecs|LiquidVoice|Moonblast,DazzlingGleam,HyperVoice,Haze|||M|||50|,,,,,Water]Gholdengo||MetalCoat|GoodasGold|MakeItRain,ShadowBall,NastyPlot,Protect||||||50|,,,,,Dragon]Maushold||SafetyGoggles|FriendGuard|BeatUp,FollowMe,SuperFang,Protect||||||50|,,,,,Ghost
|showteam|p2|Gholdengo||GrassySeed|GoodasGold|MakeItRain,NastyPlot,ShadowBall,Protect||||||50|,,,,,Water]Rillaboom||AssaultVest|GrassySurge|FakeOut,GrassyGlide,WoodHammer,Uturn|||M|||50|,,,,,Fire]Arcanine-Hisui||ClearAmulet|Intimidate|RockSlide,FlareBlitz,ExtremeSpeed,Protect|||F|||50|,,,,,Water]Sneasler||FocusSash|Unburden|CloseCombat,DireClaw,Coaching,Protect|||M|||50|,,,,,Stellar]Dragonite||LoadedDice|Multiscale|ScaleShot,StompingTantrum,Protect,Tailwind|||F|||50|,,,,,Ground]Ninetales-Alola||CovertCloak|SnowWarning|Blizzard,IcyWind,AuroraVeil,Encore|||M|||50|,,,,,Ice
|inactive|Battle timer is ON: inactive players will automatically lose when time's up. (requested by N0NAME1)
|
|t:|1756214417
|teamsize|p1|4
|teamsize|p2|4
|start
|switch|p1a: Talonflame|Talonflame, L50, M|100/100
|switch|p1b: Rillaboom|Rillaboom, L50, F|100/100
|switch|p2a: Rocky Road|Sneasler, L50, M|100/100
|switch|p2b: BrewingStorm|Dragonite, L50, F|100/100
|-fieldstart|move: Grassy Terrain|[from] ability: Grassy Surge|[of] p1b: Rillaboom
|turn|1
|
|t:|1756214427
|switch|p2a: Dearg Doom|Arcanine-Hisui, L50, F|100/100
|-ability|p2a: Dearg Doom|Intimidate|boost
|-unboost|p1a: Talonflame|atk|1
|-unboost|p1b: Rillaboom|atk|1
|move|p1b: Rillaboom|Fake Out|p2b: BrewingStorm
|-damage|p2b: BrewingStorm|96/100
|move|p1a: Talonflame|Tailwind|p1a: Talonflame
|-sidestart|p1: N0NAME1|move: Tailwind
|cant|p2b: BrewingStorm|flinch
|
|upkeep
|turn|2
|
|t:|1756214446
|move|p2a: Dearg Doom|Protect|p2a: Dearg Doom
|-singleturn|p2a: Dearg Doom|Protect
|move|p1a: Talonflame|Brave Bird|p2b: BrewingStorm
|-damage|p2b: BrewingStorm|50/100
|-damage|p1a: Talonflame|84/100|[from] Recoil
|-damage|p1a: Talonflame|75/100|[from] item: Life Orb
|move|p1b: Rillaboom|Wood Hammer|p2a: Dearg Doom
|-activate|p2a: Dearg Doom|move: Protect
|move|p2b: BrewingStorm|Tailwind|p2b: BrewingStorm
|-sidestart|p2: MuppetsChristmas|move: Tailwind
|
|upkeep
|turn|3
|
|t:|1756214459
|move|p1a: Talonflame|Protect|p1a: Talonflame
|-singleturn|p1a: Talonflame|Protect
|move|p2a: Dearg Doom|Rock Slide|p1a: Talonflame|[spread] p1b
|-activate|p1a: Talonflame|move: Protect
|-damage|p1b: Rillaboom|76/100
|move|p2b: BrewingStorm|Scale Shot|p1b: Rillaboom|[miss]
|-miss|p2b: BrewingStorm|p1b: Rillaboom
|cant|p1b: Rillaboom|flinch
|
|-heal|p1b: Rillaboom|82/100|[from] Grassy Terrain
|upkeep
|turn|4
|
|t:|1756214473
|move|p1a: Talonflame|Brave Bird|p2b: BrewingStorm
|-damage|p2b: BrewingStorm|6/100
|-damage|p1a: Talonflame|59/100|[from] Recoil
|-damage|p1a: Talonflame|49/100|[from] item: Life Orb
|move|p2a: Dearg Doom|Rock Slide|p1b: Rillaboom|[spread] p1a,p1b
|-supereffective|p1a: Talonflame
|-damage|p1a: Talonflame|0 fnt
|-damage|p1b: Rillaboom|57/100
|faint|p1a: Talonflame
|move|p2b: BrewingStorm|Scale Shot|p1b: Rillaboom
|-damage|p1b: Rillaboom|42/100
|-damage|p1b: Rillaboom|27/100
|-damage|p1b: Rillaboom|14/100
|-damage|p1b: Rillaboom|0 fnt
|faint|p1b: Rillaboom
|-hitcount|p1: Rillaboom|4
|-unboost|p2b: BrewingStorm|def|1
|-boost|p2b: BrewingStorm|spe|1
|
|-sideend|p1: N0NAME1|move: Tailwind
|upkeep
|
|t:|1756214477
|switch|p1a: Annihilape|Annihilape, L50, F|100/100
|switch|p1b: Maushold|Maushold, L50|100/100
|turn|5
|
|t:|1756214494
|move|p1b: Maushold|Follow Me|p1b: Maushold
|-singleturn|p1b: Maushold|move: Follow Me
|move|p2b: BrewingStorm|Scale Shot|p1b: Maushold
|-damage|p1b: Maushold|83/100
|-damage|p1b: Maushold|65/100
|-crit|p1b: Maushold
|-damage|p1b: Maushold|37/100
|-damage|p1b: Maushold|19/100
|-crit|p1b: Maushold
|-damage|p1b: Maushold|0 fnt
|faint|p1b: Maushold
|-hitcount|p1: Maushold|5
|-unboost|p2b: BrewingStorm|def|1
|-boost|p2b: BrewingStorm|spe|1
|move|p2a: Dearg Doom|Flare Blitz|p1a: Annihilape
|-damage|p1a: Annihilape|44/100
|-damage|p2a: Dearg Doom|78/100|[from] Recoil
|move|p1a: Annihilape|Rage Fist|p2b: BrewingStorm
|-damage|p2b: BrewingStorm|0 fnt
|faint|p2b: BrewingStorm
|
|-heal|p2a: Dearg Doom|84/100|[from] Grassy Terrain
|-heal|p1a: Annihilape|50/100|[from] Grassy Terrain
|-heal|p1a: Annihilape|57/100|[from] item: Leftovers
|-sideend|p2: MuppetsChristmas|move: Tailwind
|-fieldend|move: Grassy Terrain
|upkeep
|
|t:|1756214496
|switch|p2b: Rocky Road|Sneasler, L50, M|100/100
|turn|6
|
|t:|1756214505
|move|p2a: Dearg Doom|Protect|p2a: Dearg Doom
|-singleturn|p2a: Dearg Doom|Protect
|move|p2b: Rocky Road|Coaching|p2a: Dearg Doom
|-boost|p2a: Dearg Doom|atk|1
|-boost|p2a: Dearg Doom|def|1
|move|p1a: Annihilape|Drain Punch|p2a: Dearg Doom
|-activate|p2a: Dearg Doom|move: Protect
|
|-heal|p1a: Annihilape|63/100|[from] item: Leftovers
|upkeep
|turn|7
|
|t:|1756214514
|-terastallize|p2a: Dearg Doom|Water
|-terastallize|p1a: Annihilape|Fire
|move|p2b: Rocky Road|Close Combat|p1a: Annihilape
|-damage|p1a: Annihilape|5/100
|-unboost|p2b: Rocky Road|def|1
|-unboost|p2b: Rocky Road|spd|1
|move|p2a: Dearg Doom|Flare Blitz|p1a: Annihilape
|-resisted|p1a: Annihilape
|-damage|p1a: Annihilape|0 fnt
|faint|p1a: Annihilape
|-damage|p2a: Dearg Doom|82/100|[from] Recoil
|
|win|MuppetsChristmas
|raw|N0NAME1's rating: 1104 → 1072(-32 for losing)
|raw|MuppetsChristmas's rating: 1000 → 1052(+52 for winning)
