|j|☆Imnotgcb
|j|☆lettitripppp
|html|Imnotgcblettitripppp    
|uhtml|bestof|Game 1 of a best-of-3
|t:|1783115854
|gametype|doubles
|player|p1|Imnotgcb|169|1046
|player|p2|lettitripppp|lucas|1148
|gen|9
|tier|[Gen 9 Champions] VGC 2026 Reg M-B (Bo3)
|rated|
|rule|Species Clause: Limit one of each Pokémon
|rule|Item Clause: Limit 1 of each item
|clearpoke
|poke|p1|Pyroar, L50, M|
|poke|p1|Ninetales, L50, F|
|poke|p1|Leafeon, L50, F|
|poke|p1|Venusaur, L50, F|
|poke|p1|Sneasler, L50, F|
|poke|p1|Torkoal, L50, M|
|poke|p2|Charizard, L50, F|
|poke|p2|Floette-Eternal, L50, F|
|poke|p2|Basculegion, L50, M, shiny|
|poke|p2|Garchomp, L50, M|
|poke|p2|Whimsicott, L50, M, shiny|
|poke|p2|Kingambit, L50, M|
|teampreview|4
|showteam|p1|Pyroar||Pyroarite|Unnerve|HeatWave,Taunt,Protect,SolarBeam|Timid||M|||50|]Ninetales||HeatRock|Drought|WillOWisp,SunnyDay,SolarBeam,Encore|Timid||F|||50|]Leafeon||LifeOrb|Chlorophyll|LeafBlade,SolarBlade,Protect,KnockOff|Adamant||F|||50|]Venusaur||Leftovers|Chlorophyll|SleepPowder,GigaDrain,Protect,SludgeBomb|Timid||F|||50|]Sneasler||FocusSash|Unburden|FakeOut,RockSlide,CloseCombat,DireClaw|Jolly||F|||50|]Torkoal||Charcoal|Drought|Eruption,HeatWave,Protect,StealthRock|Modest||M|||50|
|showteam|p2|Charizard||CharizarditeY|Blaze|WeatherBall,SolarBeam,HeatWave,Protect|Modest||F|||50|]Floette-Eternal||Floettite|FlowerVeil|DazzlingGleam,LightofRuin,Moonblast,Protect|Timid||F|||50|]Basculegion||MysticWater|Adaptability|LastRespects,WaveCrash,AquaJet,Protect|Adamant||M|||50|]Garchomp||LifeOrb|RoughSkin|DragonClaw,Earthquake,RockSlide,Protect|Jolly||M|||50|]Whimsicott||FocusSash|Prankster|Moonblast,Tailwind,Encore,Protect|Timid||M|||50|]Kingambit||OccaBerry|Defiant|KowtowCleave,SuckerPunch,IronHead,LowKick|Adamant||M|||50|
|inactive|Battle timer is ON: inactive players will automatically lose when time's up. (requested by lettitripppp)
|inactive|Imnotgcb has 60 seconds left.
|
|t:|1783115887
|teamsize|p1|4
|teamsize|p2|4
|start
|switch|p1a: Pyroar|Pyroar, L50, M|100/100
|switch|p1b: Ninetales|Ninetales, L50, F|100/100
|switch|p2a: AGNI|Charizard, L50, F|100/100
|switch|p2b: LETS GO GO|Whimsicott, L50, M, shiny|100/100
|-ability|p1a: Pyroar|Unnerve
|-weather|SunnyDay|[from] ability: Drought|[of] p1b: Ninetales
|turn|1
|
|t:|1783115906
|detailschange|p1a: Pyroar|Pyroar-Mega, L50, M
|-mega|p1a: Pyroar|Pyroar|Pyroarite
|detailschange|p2a: AGNI|Charizard-Mega-Y, L50, F
|-mega|p2a: AGNI|Charizard|Charizardite Y
|move|p2b: LETS GO GO|Tailwind|p2b: LETS GO GO
|-sidestart|p2: lettitripppp|move: Tailwind
|move|p2a: AGNI|Heat Wave|p1a: Pyroar|[spread] p1a,p1b
|-resisted|p1a: Pyroar|1
|-resisted|p1b: Ninetales|1
|-damage|p1a: Pyroar|59/100
|-damage|p1b: Ninetales|65/100
|move|p1a: Pyroar|Heat Wave|p2a: AGNI|[spread] p2a,p2b
|-resisted|p2a: AGNI|1
|-supereffective|p2b: LETS GO GO|1
|-damage|p2a: AGNI|60/100
|-enditem|p2b: LETS GO GO|Focus Sash
|-damage|p2b: LETS GO GO|1/100
|move|p1b: Ninetales|Encore|p2b: LETS GO GO
|-start|p2b: LETS GO GO|Encore
|
|-weather|SunnyDay|[upkeep]
|upkeep
|turn|2
|inactive|Imnotgcb has 30 seconds left.
|
|t:|1783115935
|move|p2b: LETS GO GO|Tailwind||[still]
|-fail|p2b: LETS GO GO
|move|p2a: AGNI|Heat Wave|p1a: Pyroar|[spread] p1a,p1b
|-resisted|p1a: Pyroar|1
|-resisted|p1b: Ninetales|1
|-damage|p1a: Pyroar|19/100
|-damage|p1b: Ninetales|30/100
|move|p1a: Pyroar|Heat Wave|p2b: LETS GO GO|[spread] p2a,p2b
|-resisted|p2a: AGNI|1
|-supereffective|p2b: LETS GO GO|1
|-damage|p2a: AGNI|24/100
|-damage|p2b: LETS GO GO|0 fnt
|faint|p2b: LETS GO GO
|move|p1b: Ninetales|Solar Beam||[still]
|-prepare|p1b: Ninetales|Solar Beam
|-anim|p1b: Ninetales|Solar Beam|p2a: AGNI
|-resisted|p2a: AGNI|2
|-damage|p2a: AGNI|18/100
|
|-weather|SunnyDay|[upkeep]
|upkeep
|
|t:|1783115944
|switch|p2b: CRUSH SHARK|Garchomp, L50, M|100/100
|turn|3
|
|t:|1783115958
|move|p1a: Pyroar|Protect|p1a: Pyroar
|-singleturn|p1a: Pyroar|Protect
|move|p2b: CRUSH SHARK|Earthquake|p1a: Pyroar|[spread] p1b
|-activate|p1a: Pyroar|move: Protect
|-immune|p2a: AGNI
|-supereffective|p1b: Ninetales|1
|-damage|p1b: Ninetales|0 fnt
|faint|p1b: Ninetales
|-damage|p2b: CRUSH SHARK|90/100|[from] item: Life Orb
|move|p2a: AGNI|Heat Wave|p1a: Pyroar
|-activate|p1a: Pyroar|move: Protect
|
|-weather|SunnyDay|[upkeep]
|upkeep
|
|t:|1783115974
|switch|p1b: Sneasler|Sneasler, L50, F|100/100
|turn|4
|
|t:|1783115992
|switch|p1a: Leafeon|Leafeon, L50, F|100/100
|move|p1b: Sneasler|Fake Out|p2a: AGNI
|-damage|p2a: AGNI|3/100
|move|p2b: CRUSH SHARK|Earthquake|p1b: Sneasler|[spread] p1a,p1b
|-immune|p2a: AGNI
|-resisted|p1a: Leafeon|1
|-supereffective|p1b: Sneasler|1
|-damage|p1a: Leafeon|72/100
|-enditem|p1b: Sneasler|Focus Sash
|-damage|p1b: Sneasler|1/100
|-damage|p2b: CRUSH SHARK|80/100|[from] item: Life Orb
|cant|p2a: AGNI|flinch
|
|-weather|SunnyDay|[upkeep]
|-sideend|p2: lettitripppp|move: Tailwind
|upkeep
|turn|5
|
|t:|1783116013
|move|p2a: AGNI|Protect|p2a: AGNI
|-singleturn|p2a: AGNI|Protect
|move|p1b: Sneasler|Rock Slide|p2b: CRUSH SHARK|[spread] p2b
|-activate|p2a: AGNI|move: Protect
|-resisted|p2b: CRUSH SHARK|1
|-damage|p2b: CRUSH SHARK|71/100
|move|p1a: Leafeon|Solar Blade||[still]
|-prepare|p1a: Leafeon|Solar Blade
|-anim|p1a: Leafeon|Solar Blade|p2b: CRUSH SHARK
|-damage|p2b: CRUSH SHARK|0 fnt
|-damage|p1a: Leafeon|60/100|[from] ability: Rough Skin|[of] p2b: CRUSH SHARK
|faint|p2b: CRUSH SHARK
|-damage|p1a: Leafeon|50/100y|[from] item: Life Orb
|
|-weather|SunnyDay|[upkeep]
|upkeep
|
|t:|1783116026
|switch|p2b: GHOSTWAVE|Basculegion, L50, M, shiny|100/100
|turn|6
|
|t:|1783116043
|move|p2b: GHOSTWAVE|Aqua Jet|p1b: Sneasler
|-damage|p1b: Sneasler|0 fnt
|faint|p1b: Sneasler
|move|p1a: Leafeon|Solar Blade||[still]
|-prepare|p1a: Leafeon|Solar Blade
|-anim|p1a: Leafeon|Solar Blade|p2b: GHOSTWAVE
|-supereffective|p2b: GHOSTWAVE|1
|-damage|p2b: GHOSTWAVE|0 fnt
|faint|p2b: GHOSTWAVE
|-damage|p1a: Leafeon|40/100|[from] item: Life Orb
|move|p2a: AGNI|Weather Ball|p1a: Leafeon
|-supereffective|p1a: Leafeon|1
|-damage|p1a: Leafeon|0 fnt
|faint|p1a: Leafeon
|
|-weather|SunnyDay|[upkeep]
|upkeep
|
|t:|1783116060
|switch|p1b: Pyroar|Pyroar-Mega, L50, M|19/100
|turn|7
|
|t:|1783116064
|move|p1b: Pyroar|Solar Beam||[still]
|-prepare|p1b: Pyroar|Solar Beam
|-anim|p1b: Pyroar|Solar Beam|p2a: AGNI
|-resisted|p2a: AGNI|2
|-damage|p2a: AGNI|0 fnt
|faint|p2a: AGNI
|
|win|Imnotgcb
