|j|☆ScrewSalesman
|j|☆Kahizar
|html|ScrewSalesmanKahizar    
|uhtml|bestof|Game 2 of a best-of-3
|t:|1756432409
|gametype|doubles
|player|p1|ScrewSalesman|cynthia-gen4|1045
|player|p2|Kahizar|265|1038
|gen|9
|tier|[Gen 9] VGC 2025 Reg H (Bo3)
|rated|
|rule|Species Clause: Limit one of each Pokémon
|rule|Item Clause: Limit 1 of each item
|clearpoke
|poke|p1|Porygon2, L50|
|poke|p1|Incineroar, L50, F|
|poke|p1|Ursaluna, L50, M|
|poke|p1|Jumpluff, L50, F|
|poke|p1|Charizard, L50, M|
|poke|p1|Torkoal, L50, F|
|poke|p2|Sylveon, L50, F|
|poke|p2|Arcanine-Hisui, L50, M|
|poke|p2|Rillaboom, L50, M|
|poke|p2|Sneasler, L50, F|
|poke|p2|Gholdengo, L50|
|poke|p2|Murkrow, L50, M|
|teampreview|4
|showteam|p1|Porygon2||Eviolite|Download|TeraBlast,IceBeam,TrickRoom,Recover||||||50|,,,,,Fighting]Incineroar||SitrusBerry|Intimidate|FakeOut,KnockOff,FlareBlitz,PartingShot|||F|||50|,,,,,Ghost]Ursaluna||FlameOrb|Guts|HeadlongRush,Facade,Earthquake,Protect|||M|||50|,,,,,Ghost]Jumpluff||CovertCloak|Chlorophyll|RagePowder,PollenPuff,Tailwind,SleepPowder|||F|||50|,,,,,Water]Charizard||ChoiceSpecs|SolarPower|HeatWave,Overheat,WeatherBall,DragonPulse|||M|||50|,,,,,Ghost]Torkoal||EjectPack|Drought|Overheat,Eruption,HelpingHand,Protect|||F|||50|,,,,,Fire
|showteam|p2|Sylveon||ThroatSpray|Pixilate|HyperVoice,Protect,TeraBlast,CalmMind|||F|||50|,,,,,Ground]Arcanine-Hisui||LifeOrb|Intimidate|RockSlide,FlareBlitz,Protect,ExtremeSpeed|||M|||50|,,,,,Grass]Rillaboom||AssaultVest|GrassySurge|FakeOut,WoodHammer,HighHorsepower,Uturn|||M|||50|,,,,,Grass]Sneasler||GrassySeed|Unburden|DireClaw,CloseCombat,ThroatChop,FakeOut|||F|||50|,,,,,Dark]Gholdengo||ChoiceSpecs|GoodasGold|MakeItRain,ShadowBall,DazzlingGleam,TeraBlast||||||50|,,,,,Water]Murkrow||Eviolite|Prankster|Taunt,Tailwind,Haze,FoulPlay|||M|||50|,,,,,Dark
|inactive|Battle timer is ON: inactive players will automatically lose when time's up. (requested by ScrewSalesman)
|
|t:|1756432433
|teamsize|p1|4
|teamsize|p2|4
|start
|switch|p1a: Porygon2|Porygon2, L50, shiny|100/100
|switch|p1b: Incineroar|Incineroar, L50, F|100/100
|switch|p2a: Arcanine|Arcanine-Hisui, L50, M|100/100
|switch|p2b: Murkrow|Murkrow, L50, M|100/100
|-ability|p2a: Arcanine|Intimidate|boost
|-unboost|p1a: Porygon2|atk|1
|-unboost|p1b: Incineroar|atk|1
|-ability|p1b: Incineroar|Intimidate|boost
|-unboost|p2a: Arcanine|atk|1
|-unboost|p2b: Murkrow|atk|1
|-ability|p1a: Porygon2|Download|boost
|-boost|p1a: Porygon2|atk|1
|turn|1
|
|t:|1756432451
|move|p1b: Incineroar|Fake Out|p2b: Murkrow
|-crit|p2b: Murkrow
|-damage|p2b: Murkrow|74/100
|cant|p2b: Murkrow|flinch
|move|p2a: Arcanine|Rock Slide|p1b: Incineroar|[spread] p1a,p1b
|-supereffective|p1b: Incineroar
|-damage|p1a: Porygon2|85/100
|-damage|p1b: Incineroar|54/100
|-damage|p2a: Arcanine|91/100|[from] item: Life Orb
|move|p1a: Porygon2|Trick Room|p1a: Porygon2
|-fieldstart|move: Trick Room|[of] p1a: Porygon2
|
|upkeep
|turn|2
|
|t:|1756432472
|move|p1a: Porygon2|Ice Beam|p2b: Murkrow
|-supereffective|p2b: Murkrow
|-damage|p2b: Murkrow|0 fnt
|faint|p2b: Murkrow
|move|p1b: Incineroar|Parting Shot|p2a: Arcanine
|-unboost|p2a: Arcanine|atk|1
|-unboost|p2a: Arcanine|spa|1
|
|t:|1756432478
|switch|p1b: Ursaluna|Ursaluna, L50, M|100/100|[from] Parting Shot
|move|p2a: Arcanine|Rock Slide|p1b: Ursaluna|[spread] p1a,p1b
|-resisted|p1b: Ursaluna
|-damage|p1a: Porygon2|74/100
|-damage|p1b: Ursaluna|93/100
|-damage|p2a: Arcanine|81/100|[from] item: Life Orb
|
|-status|p1b: Ursaluna|brn|[from] item: Flame Orb
|upkeep
|
|t:|1756432490
|switch|p2b: Sylveon|Sylveon, L50, F|100/100
|turn|3
|
|t:|1756432504
|switch|p1a: Incineroar|Incineroar, L50, F|54/100
|-ability|p1a: Incineroar|Intimidate|boost
|-unboost|p2a: Arcanine|atk|1
|-unboost|p2b: Sylveon|atk|1
|-terastallize|p2a: Arcanine|Grass
|move|p2b: Sylveon|Hyper Voice|p1a: Incineroar|[spread] p1a,p1b
|-damage|p1a: Incineroar|12/100
|-damage|p1b: Ursaluna|57/100 brn
|-enditem|p1a: Incineroar|Sitrus Berry|[eat]
|-heal|p1a: Incineroar|37/100|[from] item: Sitrus Berry
|-enditem|p2b: Sylveon|Throat Spray
|-boost|p2b: Sylveon|spa|1|[from] item: Throat Spray
|move|p1b: Ursaluna|Facade|p2b: Sylveon
|-damage|p2b: Sylveon|0 fnt
|faint|p2b: Sylveon
|move|p2a: Arcanine|Rock Slide|p1a: Incineroar|[spread] p1a
|-miss|p2a: Arcanine|p1b: Ursaluna
|-supereffective|p1a: Incineroar
|-damage|p1a: Incineroar|6/100
|-damage|p2a: Arcanine|71/100|[from] item: Life Orb
|
|-damage|p1b: Ursaluna|51/100 brn|[from] brn
|upkeep
|
|t:|1756432526
|switch|p2b: Sneasler|Sneasler, L50, F|100/100
|turn|4
|
|t:|1756432534
|move|p1a: Incineroar|Fake Out|p2b: Sneasler
|-damage|p2b: Sneasler|78/100
|cant|p2b: Sneasler|flinch
|move|p1b: Ursaluna|Facade|p2b: Sneasler
|-crit|p2b: Sneasler
|-damage|p2b: Sneasler|0 fnt
|faint|p2b: Sneasler
|move|p2a: Arcanine|Rock Slide|p1a: Incineroar|[spread] p1b
|-miss|p2a: Arcanine|p1a: Incineroar
|-resisted|p1b: Ursaluna
|-damage|p1b: Ursaluna|46/100 brn
|-damage|p2a: Arcanine|61/100|[from] item: Life Orb
|
|-damage|p1b: Ursaluna|40/100 brn|[from] brn
|upkeep
|turn|5
|
|t:|1756432551
|switch|p1a: Porygon2|Porygon2, L50, shiny|74/100
|-ability|p1a: Porygon2|Download|boost
|-boost|p1a: Porygon2|spa|1
|move|p2a: Arcanine|Extreme Speed|p1b: Ursaluna
|-damage|p1b: Ursaluna|30/100 brn
|-damage|p2a: Arcanine|52/100|[from] item: Life Orb
|move|p1b: Ursaluna|Facade|p2a: Arcanine
|-damage|p2a: Arcanine|0 fnt
|faint|p2a: Arcanine
|
|win|ScrewSalesman
|raw|ScrewSalesman's rating: 1045 → 1078(+33 for winning)
|raw|Kahizar's rating: 1038 → 1023(-15 for losing)
|l|☆Kahizar
|player|p2|
