|j|☆Gabeeel
|j|☆Daravones Soup
|html|GabeeelDaravones Soup    
|uhtml|bestof|Game 1 of a best-of-3
|t:|1784977766
|gametype|doubles
|player|p1|Gabeeel|iris|
|player|p2|Daravones Soup|2|
|gen|9
|tier|[Gen 9 Champions] VGC 2026 Reg M-B (Bo3)
|rule|Species Clause: Limit one of each Pokémon
|rule|Item Clause: Limit 1 of each item
|clearpoke
|poke|p1|Scrafty, L50, M, shiny|
|poke|p1|Glimmora, L50, F|
|poke|p1|Talonflame, L50, F|
|poke|p1|Primarina, L50, M|
|poke|p1|Mamoswine, L50, F|
|poke|p1|Metagross, L50|
|poke|p2|Gengar, L50, M|
|poke|p2|Blastoise, L50, F|
|poke|p2|Scrafty, L50, F|
|poke|p2|Clefable, L50, M|
|poke|p2|Meowscarada, L50, F|
|poke|p2|Volcarona, L50, F|
|teampreview|4
|showteam|p1|Scrafty||Scraftinite|Intimidate|FakeOut,DrainPunch,KnockOff,HelpingHand|Adamant||M|||50|]Glimmora||Glimmoranite|ToxicDebris|SludgeBomb,PowerGem,EarthPower,SpikyShield|Modest||F|||50|]Talonflame||ExpertBelt|GaleWings|BraveBird,FlareBlitz,Tailwind,Protect|Jolly||F|||50|]Primarina||Leftovers|LiquidVoice|HyperVoice,Moonblast,CalmMind,Protect|Modest||M|||50|]Mamoswine||FocusSash|Oblivious|Earthquake,HighHorsepower,IceShard,Protect|Adamant||F|||50|]Metagross||ColburBerry|ClearBody|PsychicFangs,IronHead,BulletPunch,Protect|Adamant|||||50|
|showteam|p2|Gengar||Gengarite|CursedBody|ShadowBall,Substitute,PerishSong,Protect|Timid||M|||50|]Blastoise||Blastoisinite|RainDish|WaterSpout,DarkPulse,ShellSmash,Protect|Timid||F|||50|]Scrafty||RoseliBerry|Intimidate|FakeOut,CloseCombat,KnockOff,Detect|Careful||F|||50|]Clefable||SitrusBerry|CuteCharm|FollowMe,LifeDew,DazzlingGleam,Protect|Calm||M|||50|]Meowscarada||ChoiceScarf|Protean|Uturn,FlowerTrick,TripleAxel,PollenPuff|Jolly||F|||50|]Volcarona||Leftovers|FlameBody|StruggleBug,QuiverDance,HeatWave,Protect|Modest||F|||50|
|inactive|Battle timer is ON: inactive players will automatically lose when time's up. (requested by Daravones Soup)
|c|☆Gabeeel|glhf
|c|☆Daravones Soup|U2
|inactive|Gabeeel has 60 seconds left.
|inactive|Gabeeel has 30 seconds left.
|inactive|Gabeeel has 20 seconds left.
|inactive|Gabeeel has 15 seconds left.
|inactive|Gabeeel has 10 seconds left.
|inactive|Gabeeel has 5 seconds left.
|
|t:|1784977859
|teamsize|p1|4
|teamsize|p2|4
|start
|switch|p1a: Pabllo Vittar|Primarina, L50, M|100/100
|switch|p1b: Aviões do Forró|Talonflame, L50, F|100/100
|switch|p2a: Blastoise|Blastoise, L50, F|100/100
|switch|p2b: Scrafty|Scrafty, L50, F|100/100
|-ability|p2b: Scrafty|Intimidate|boost
|-unboost|p1a: Pabllo Vittar|atk|1
|-unboost|p1b: Aviões do Forró|atk|1
|turn|1
|
|t:|1784977876
|switch|p1b: Puterrier|Scrafty, L50, M, shiny|100/100
|-ability|p1b: Puterrier|Intimidate|boost
|-unboost|p2a: Blastoise|atk|1
|-unboost|p2b: Scrafty|atk|1
|detailschange|p2a: Blastoise|Blastoise-Mega, L50, F
|-mega|p2a: Blastoise|Blastoise|Blastoisinite
|move|p2b: Scrafty|Fake Out|p1a: Pabllo Vittar
|-damage|p1a: Pabllo Vittar|93/100
|move|p2a: Blastoise|Shell Smash|p2a: Blastoise
|-unboost|p2a: Blastoise|def|1
|-unboost|p2a: Blastoise|spd|1
|-boost|p2a: Blastoise|atk|2
|-boost|p2a: Blastoise|spa|2
|-boost|p2a: Blastoise|spe|2
|cant|p1a: Pabllo Vittar|flinch
|
|-heal|p1a: Pabllo Vittar|99/100|[from] item: Leftovers
|upkeep
|turn|2
|inactive|Daravones Soup has 30 seconds left.
|inactive|Daravones Soup has 20 seconds left.
|
|t:|1784977911
|switch|p2b: Meowscarada|Meowscarada, L50, F|100/100
|detailschange|p1b: Puterrier|Scrafty-Mega, L50, M, shiny
|-mega|p1b: Puterrier|Scrafty|Scraftinite
|-ability|p1b: Puterrier|Intimidate|boost
|-unboost|p2a: Blastoise|atk|1
|-unboost|p2b: Meowscarada|atk|1
|move|p1b: Puterrier|Fake Out|p2a: Blastoise
|-damage|p2a: Blastoise|79/100
|cant|p2a: Blastoise|flinch
|move|p1a: Pabllo Vittar|Calm Mind|p1a: Pabllo Vittar
|-boost|p1a: Pabllo Vittar|spa|1
|-boost|p1a: Pabllo Vittar|spd|1
|
|-heal|p1a: Pabllo Vittar|100/100|[from] item: Leftovers
|upkeep
|turn|3
|inactive|Daravones Soup has 30 seconds left.
|
|t:|1784977941
|move|p1a: Pabllo Vittar|Protect|p1a: Pabllo Vittar
|-singleturn|p1a: Pabllo Vittar|Protect
|move|p2b: Meowscarada|Flower Trick|p1b: Puterrier
|-start|p2b: Meowscarada|typechange|Grass|[from] ability: Protean
|-crit|p1b: Puterrier
|-damage|p1b: Puterrier|62/100
|move|p2a: Blastoise|Water Spout|p1b: Puterrier|[spread] p1b
|-activate|p1a: Pabllo Vittar|move: Protect
|-damage|p1b: Puterrier|0 fnt
|faint|p1b: Puterrier
|
|upkeep
|
|t:|1784977948
|switch|p1b: Aviões do Forró|Talonflame, L50, F|100/100
|turn|4
|inactive|Daravones Soup has 30 seconds left.
|inactive|Daravones Soup has 20 seconds left.
|inactive|Daravones Soup has 15 seconds left.
|inactive|Daravones Soup has 10 seconds left.
|
|t:|1784977993
|switch|p2b: Scrafty|Scrafty, L50, F|100/100
|-ability|p2b: Scrafty|Intimidate|boost
|-unboost|p1a: Pabllo Vittar|atk|1
|-unboost|p1b: Aviões do Forró|atk|1
|move|p1b: Aviões do Forró|Brave Bird|p2b: Scrafty
|-supereffective|p2b: Scrafty|1
|-damage|p2b: Scrafty|29/100
|-damage|p1b: Aviões do Forró|74/100|[from] Recoil
|move|p2a: Blastoise|Water Spout|p1a: Pabllo Vittar|[spread] p1a,p1b
|-resisted|p1a: Pabllo Vittar|1
|-supereffective|p1b: Aviões do Forró|1
|-damage|p1a: Pabllo Vittar|73/100
|-damage|p1b: Aviões do Forró|0 fnt
|faint|p1b: Aviões do Forró
|move|p1a: Pabllo Vittar|Moonblast|p2a: Blastoise
|-damage|p2a: Blastoise|0 fnt
|faint|p2a: Blastoise
|
|-heal|p1a: Pabllo Vittar|79/100|[from] item: Leftovers
|upkeep
|
|t:|1784978012
|switch|p1b: Banda Grafith|Mamoswine, L50, F|100/100
|switch|p2a: Meowscarada|Meowscarada, L50, F|100/100
|turn|5
|inactive|Gabeeel has 30 seconds left.
|inactive|Gabeeel has 20 seconds left.
|inactive|Gabeeel has 15 seconds left.
|
|t:|1784978052
|move|p1a: Pabllo Vittar|Protect|p1a: Pabllo Vittar
|-singleturn|p1a: Pabllo Vittar|Protect
|move|p2b: Scrafty|Fake Out|p1b: Banda Grafith
|-damage|p1b: Banda Grafith|88/100
|cant|p1b: Banda Grafith|flinch
|move|p2a: Meowscarada|Flower Trick|p1a: Pabllo Vittar
|-start|p2a: Meowscarada|typechange|Grass|[from] ability: Protean
|-activate|p1a: Pabllo Vittar|move: Protect
|
|-heal|p1a: Pabllo Vittar|85/100|[from] item: Leftovers
|upkeep
|turn|6
|
|t:|1784978064
|move|p1b: Banda Grafith|Ice Shard|p2a: Meowscarada
|-supereffective|p2a: Meowscarada|1
|-damage|p2a: Meowscarada|28/100
|move|p2a: Meowscarada|Flower Trick|p1a: Pabllo Vittar
|-supereffective|p1a: Pabllo Vittar|1
|-crit|p1a: Pabllo Vittar
|-damage|p1a: Pabllo Vittar|0 fnt
|faint|p1a: Pabllo Vittar
|move|p2b: Scrafty|Close Combat|p1b: Banda Grafith
|-supereffective|p1b: Banda Grafith|1
|-damage|p1b: Banda Grafith|7/100
|-unboost|p2b: Scrafty|def|1
|-unboost|p2b: Scrafty|spd|1
|
|upkeep
|turn|7
|
|t:|1784978076
|move|p1b: Banda Grafith|Ice Shard|p2b: Scrafty
|-damage|p2b: Scrafty|0 fnt
|faint|p2b: Scrafty
|move|p2a: Meowscarada|Flower Trick|p1b: Banda Grafith
|-supereffective|p1b: Banda Grafith|1
|-crit|p1b: Banda Grafith
|-damage|p1b: Banda Grafith|0 fnt
|faint|p1b: Banda Grafith
|
|win|Daravones Soup
||Gabeeel is ready for game 2.
||Daravones Soup is ready for game 2.
|uhtml|next|Next: Game 2 of 3
|l|☆Daravones Soup
|player|p2|
