|j|☆Nickit Nicole
|j|☆TobiYume
|html|Nickit NicoleTobiYume    
|uhtml|bestof|Game 3 of a best-of-3
|t:|1754949437
|gametype|doubles
|player|p1|Nickit Nicole|will|1234
|player|p2|TobiYume|roxie|1217
|gen|9
|tier|[Gen 9] VGC 2025 Reg H (Bo3)
|rated|
|rule|Species Clause: Limit one of each Pokémon
|rule|Item Clause: Limit 1 of each item
|clearpoke
|poke|p1|Grimmsnarl, L50, M|
|poke|p1|Annihilape, L50, F|
|poke|p1|Archaludon, L50, F|
|poke|p1|Pelipper, L50, F|
|poke|p1|Maushold-Four, L50|
|poke|p1|Overqwil, L50, F|
|poke|p2|Decidueye-Hisui, L50, F|
|poke|p2|Sylveon, L50, F|
|poke|p2|Talonflame, L50, F|
|poke|p2|Tyranitar, L50, F|
|poke|p2|Garchomp, L50, M|
|poke|p2|Gholdengo, L50|
|teampreview|4
|showteam|p1|Grimmsnarl||LightClay|Prankster|Reflect,LightScreen,MistyTerrain,SpiritBreak|||M|||50|,,,,,Steel]Annihilape||Leftovers|Defiant|Protect,BulkUp,RageFist,DrainPunch|||F|||50|,,,,,Fire]Archaludon||AssaultVest|Stamina|ElectroShot,BodyPress,DracoMeteor,FlashCannon|||F|||50|,,,,,Grass]Pelipper||FocusSash|Drizzle|Protect,Hurricane,WeatherBall,Tailwind|||F|||50|,,,,,Ghost]Maushold-Four||SafetyGoggles|FriendGuard|Protect,FollowMe,Taunt,BeatUp||||||50|,,,,,Ghost]Overqwil||LifeOrb|SwiftSwim|Protect,Crunch,PoisonJab,Liquidation|||F|||50|,,,,,Water
|showteam|p2|Decidueye-Hisui||RazorClaw|Scrappy|TripleArrows,LeafBlade,Haze,Protect|||F|||50|,,,,,Fire]Sylveon||ThroatSpray|Pixilate|HyperVoice,HyperBeam,TeraBlast,Protect|||F|||50|,,,,,Water]Talonflame||CovertCloak|GaleWings|Tailwind,WillOWisp,BraveBird,Taunt|||F|||50|,,,,,Grass]Tyranitar||AssaultVest|SandStream|RockSlide,KnockOff,TeraBlast,LowKick|||F|||50|,,,,,Flying]Garchomp||LifeOrb|RoughSkin|DragonClaw,StompingTantrum,Earthquake,Protect|||M|||50|,,,,,Steel]Gholdengo||Leftovers|GoodasGold|MakeItRain,ShadowBall,NastyPlot,Protect||||||50|,,,,,Dragon
|j| eduardocuna
|
|t:|1754949450
|teamsize|p1|4
|teamsize|p2|4
|start
|switch|p1a: Grimmsnarl|Grimmsnarl, L50, M|100/100
|switch|p1b: Noel|Annihilape, L50, F|100/100
|switch|p2a: Talonflame|Talonflame, L50, F|100/100
|switch|p2b: Garchomp|Garchomp, L50, M|100/100
|turn|1
|inactive|Battle timer is ON: inactive players will automatically lose when time's up. (requested by TobiYume)
|
|t:|1754949500
|move|p2a: Talonflame|Brave Bird|p1b: Noel
|-supereffective|p1b: Noel
|-damage|p1b: Noel|23/100
|-damage|p2a: Talonflame|71/100|[from] Recoil
|move|p1a: Grimmsnarl|Reflect|p1a: Grimmsnarl
|-sidestart|p1: Nickit Nicole|Reflect
|move|p2b: Garchomp|Earthquake|p1a: Grimmsnarl|[spread] p1a,p1b
|-immune|p2a: Talonflame
|-crit|p1b: Noel
|-damage|p1a: Grimmsnarl|62/100
|-damage|p1b: Noel|0 fnt
|faint|p1b: Noel
|-damage|p2b: Garchomp|91/100|[from] item: Life Orb
|
|upkeep
|
|t:|1754949510
|switch|p1b: Overqwil|Overqwil, L50, F|100/100
|turn|2
|inactive|TobiYume has 30 seconds left.
|inactive|TobiYume has 20 seconds left.
|inactive|TobiYume has 15 seconds left.
|inactive|TobiYume has 10 seconds left.
|
|t:|1754949559
|switch|p1a: Pelipper|Pelipper, L50, F|100/100
|-weather|RainDance|[from] ability: Drizzle|[of] p1a: Pelipper
|-terastallize|p1b: Overqwil|Water
|move|p1b: Overqwil|Liquidation|p2a: Talonflame
|-supereffective|p2a: Talonflame
|-damage|p2a: Talonflame|0 fnt
|faint|p2a: Talonflame
|-damage|p1b: Overqwil|91/100|[from] item: Life Orb
|move|p2b: Garchomp|Earthquake|p1a: Pelipper|[spread] p1b
|-immune|p1a: Pelipper
|-damage|p1b: Overqwil|50/100
|-damage|p2b: Garchomp|81/100|[from] item: Life Orb
|
|-weather|RainDance|[upkeep]
|upkeep
|
|t:|1754949567
|switch|p2a: Tyranitar|Tyranitar, L50, F|100/100
|-weather|Sandstorm|[from] ability: Sand Stream|[of] p2a: Tyranitar
|turn|3
|
|t:|1754949578
|switch|p1a: Grimmsnarl|Grimmsnarl, L50, M|62/100
|move|p1b: Overqwil|Protect|p1b: Overqwil
|-singleturn|p1b: Overqwil|Protect
|move|p2b: Garchomp|Dragon Claw|p1a: Grimmsnarl
|-immune|p1a: Grimmsnarl
|move|p2a: Tyranitar|Rock Slide|p1b: Overqwil|[spread] p1a
|-activate|p1b: Overqwil|move: Protect
|-damage|p1a: Grimmsnarl|41/100
|
|-weather|Sandstorm|[upkeep]
|-damage|p1b: Overqwil|44/100|[from] Sandstorm
|-damage|p1a: Grimmsnarl|35/100|[from] Sandstorm
|upkeep
|turn|4
|inactive|TobiYume has 30 seconds left.
|inactive|TobiYume has 20 seconds left.
|
|t:|1754949616
|switch|p1a: Pelipper|Pelipper, L50, F|100/100
|-weather|RainDance|[from] ability: Drizzle|[of] p1a: Pelipper
|-terastallize|p2a: Tyranitar|Flying
|move|p1b: Overqwil|Liquidation|p2b: Garchomp
|-damage|p2b: Garchomp|0 fnt
|-damage|p1b: Overqwil|32/100|[from] ability: Rough Skin|[of] p2b: Garchomp
|faint|p2b: Garchomp
|-damage|p1b: Overqwil|23/100|[from] item: Life Orb
|move|p2a: Tyranitar|Rock Slide|p1a: Pelipper|[spread] p1b
|-miss|p2a: Tyranitar|p1a: Pelipper
|-crit|p1b: Overqwil
|-damage|p1b: Overqwil|0 fnt
|faint|p1b: Overqwil
|
|-weather|RainDance|[upkeep]
|upkeep
|
|t:|1754949632
|switch|p2b: Gholdengo|Gholdengo, L50|100/100
|switch|p1b: Grimmsnarl|Grimmsnarl, L50, M|35/100
|turn|5
|inactive|TobiYume has 30 seconds left.
|
|t:|1754949658
|move|p2b: Gholdengo|Nasty Plot|p2b: Gholdengo
|-boost|p2b: Gholdengo|spa|2
|move|p1a: Pelipper|Weather Ball|p2a: Tyranitar
|-damage|p2a: Tyranitar|63/100
|move|p2a: Tyranitar|Rock Slide|p1a: Pelipper|[spread] p1a
|-miss|p2a: Tyranitar|p1b: Grimmsnarl
|-supereffective|p1a: Pelipper
|-damage|p1a: Pelipper|47/100
|move|p1b: Grimmsnarl|Spirit Break|p2a: Tyranitar
|-damage|p2a: Tyranitar|38/100
|-unboost|p2a: Tyranitar|spa|1
|
|-weather|RainDance|[upkeep]
|upkeep
|turn|6
|
|t:|1754949676
|move|p1b: Grimmsnarl|Light Screen|p1b: Grimmsnarl
|-sidestart|p1: Nickit Nicole|move: Light Screen
|move|p2b: Gholdengo|Shadow Ball|p1a: Pelipper
|-damage|p1a: Pelipper|0 fnt
|faint|p1a: Pelipper
|move|p2a: Tyranitar|Rock Slide|p1b: Grimmsnarl
|-damage|p1b: Grimmsnarl|6/100
|
|-weather|RainDance|[upkeep]
|upkeep
|turn|7
|-message|Nickit Nicole forfeited.
|raw|Nickit Nicole's rating: 1234 → 1208(-26 for losing)
|raw|TobiYume's rating: 1217 → 1243(+26 for winning)
|
|win|TobiYume
|l|☆Nickit Nicole
|player|p1|
|l| eduardocuna
