|j|‽F14B TOMCAT
|j|☆Timothim Chalombre
|html|F14B TOMCATTimothim Chalombre    
|uhtml|bestof|Game 3 of a best-of-3
|t:|1757171547
|gametype|doubles
|player|p1|F14B TOMCAT|170|1069
|player|p2|Timothim Chalombre|caitlin|1144
|gen|9
|tier|[Gen 9] VGC 2025 Reg H (Bo3)
|rated|
|rule|Species Clause: Limit one of each Pokémon
|rule|Item Clause: Limit 1 of each item
|clearpoke
|poke|p1|Gholdengo, L50|
|poke|p1|Tyranitar, L50, F|
|poke|p1|Amoonguss, L50, F|
|poke|p1|Kilowattrel, L50, F|
|poke|p1|Garchomp, L50, F|
|poke|p1|Incineroar, L50, F|
|poke|p2|Kingambit, L50, F|
|poke|p2|Sinistcha-Masterpiece, L50|
|poke|p2|Sneasler, L50, F|
|poke|p2|Arcanine-Hisui, L50, M|
|poke|p2|Ursaluna-Bloodmoon, L50, M|
|poke|p2|Electabuzz, L50, M|
|teampreview|4
|showteam|p1|Gholdengo||MetalCoat|GoodasGold|MakeItRain,ShadowBall,NastyPlot,Protect||||||50|,,,,,Flying]Tyranitar||AssaultVest|SandStream|RockSlide,KnockOff,LowKick,TeraBlast|||F|||50|,,,,,Flying]Amoonguss||SitrusBerry|Regenerator|Spore,RagePowder,PollenPuff,Protect|||F|||50|,,,,,Water]Kilowattrel||CovertCloak|Competitive|Thunderbolt,AirSlash,Tailwind,Protect|||F|||50|,,,,,Fairy]Garchomp||LifeOrb|RoughSkin|DragonClaw,Earthquake,StompingTantrum,Protect|||F|||50|,,,,,Fire]Incineroar||SafetyGoggles|Intimidate|KnockOff,FakeOut,FlareBlitz,PartingShot|||F|||50|,,,,,Ghost
|showteam|p2|Kingambit||SafetyGoggles|Defiant|KowtowCleave,SuckerPunch,SwordsDance,Protect|||F|||50|,,,,,Ghost]Sinistcha-Masterpiece||SitrusBerry|Hospitality|MatchaGotcha,RagePowder,TrickRoom,Protect||||||50|,,,,,Water]Sneasler||FocusSash|PoisonTouch|FakeOut,CloseCombat,DireClaw,Coaching|||F|||50|,,,,,Ghost]Arcanine-Hisui||ClearAmulet|Intimidate|FlareBlitz,RockSlide,ExtremeSpeed,Protect|||M|||50|,,,,,Water]Ursaluna-Bloodmoon||LifeOrb|MindsEye|BloodMoon,EarthPower,HyperVoice,Protect|||M|||50|,,,,,Normal]Electabuzz||Eviolite|VitalSpirit|Electroweb,FollowMe,Taunt,Protect|||M|||50|,,,,,Ghost
|inactive|Battle timer is ON: inactive players will automatically lose when time's up. (requested by F14B TOMCAT)
|inactive|Timothim Chalombre has 60 seconds left.
|n|☆F14B TOMCAT|f14btomcat
|
|t:|1757171588
|teamsize|p1|4
|teamsize|p2|4
|start
|switch|p1a: Kilowattrel|Kilowattrel, L50, F|100/100
|switch|p1b: Tyranitar|Tyranitar, L50, F|100/100
|switch|p2a: Sneasler|Sneasler, L50, F|100/100
|switch|p2b: Ursaluna|Ursaluna-Bloodmoon, L50, M|100/100
|-weather|Sandstorm|[from] ability: Sand Stream|[of] p1b: Tyranitar
|turn|1
|
|t:|1757171604
|switch|p1b: Incineroar|Incineroar, L50, F, shiny|100/100
|-ability|p1b: Incineroar|Intimidate|boost
|-unboost|p2a: Sneasler|atk|1
|-unboost|p2b: Ursaluna|atk|1
|move|p1a: Kilowattrel|Protect|p1a: Kilowattrel
|-singleturn|p1a: Kilowattrel|Protect
|move|p2a: Sneasler|Close Combat|p1b: Incineroar
|-supereffective|p1b: Incineroar
|-damage|p1b: Incineroar|29/100
|-unboost|p2a: Sneasler|def|1
|-unboost|p2a: Sneasler|spd|1
|move|p2b: Ursaluna|Blood Moon|p1b: Incineroar
|-damage|p1b: Incineroar|0 fnt
|faint|p1b: Incineroar
|-damage|p2b: Ursaluna|91/100|[from] item: Life Orb
|
|-weather|Sandstorm|[upkeep]
|-damage|p1a: Kilowattrel|95/100|[from] Sandstorm
|-damage|p2a: Sneasler|95/100|[from] Sandstorm
|upkeep
|
|t:|1757171623
|switch|p1b: Gholdengo|Gholdengo, L50|100/100
|turn|2
|inactive|Timothim Chalombre has 30 seconds left.
|inactive|Timothim Chalombre has 20 seconds left.
|inactive|Timothim Chalombre has 15 seconds left.
|inactive|Timothim Chalombre has 10 seconds left.
|
|t:|1757171669
|-terastallize|p1b: Gholdengo|Flying
|move|p1a: Kilowattrel|Tailwind|p1a: Kilowattrel
|-sidestart|p1: F14B TOMCAT|move: Tailwind
|move|p1b: Gholdengo|Nasty Plot|p1b: Gholdengo
|-boost|p1b: Gholdengo|spa|2
|move|p2a: Sneasler|Dire Claw|p1a: Kilowattrel
|-damage|p1a: Kilowattrel|59/100
|move|p2b: Ursaluna|Earth Power|p1b: Gholdengo
|-immune|p1b: Gholdengo
|
|-weather|Sandstorm|[upkeep]
|-damage|p1a: Kilowattrel|53/100|[from] Sandstorm
|-damage|p1b: Gholdengo|95/100|[from] Sandstorm
|-damage|p2a: Sneasler|89/100|[from] Sandstorm
|upkeep
|turn|3
|
|t:|1757171688
|switch|p2a: Sinistcha|Sinistcha-Masterpiece, L50|100/100
|-heal|p2b: Ursaluna|100/100|[from] ability: Hospitality|[of] p2a: Sinistcha
|move|p2b: Ursaluna|Protect|p2b: Ursaluna
|-singleturn|p2b: Ursaluna|Protect
|move|p1a: Kilowattrel|Air Slash|p2b: Ursaluna
|-activate|p2b: Ursaluna|move: Protect
|move|p1b: Gholdengo|Make It Rain|p2b: Ursaluna|[spread] p2a
|-activate|p2b: Ursaluna|move: Protect
|-damage|p2a: Sinistcha|0 fnt
|-unboost|p1b: Gholdengo|spa|1
|faint|p2a: Sinistcha
|
|-weather|Sandstorm|[upkeep]
|-damage|p1a: Kilowattrel|48/100|[from] Sandstorm
|-damage|p1b: Gholdengo|89/100|[from] Sandstorm
|upkeep
|
|t:|1757171697
|switch|p2a: Sneasler|Sneasler, L50, F|89/100
|turn|4
|
|t:|1757171711
|-terastallize|p2a: Sneasler|Ghost
|move|p1a: Kilowattrel|Protect|p1a: Kilowattrel
|-singleturn|p1a: Kilowattrel|Protect
|move|p1b: Gholdengo|Protect|p1b: Gholdengo
|-singleturn|p1b: Gholdengo|Protect
|move|p2a: Sneasler|Fake Out|p1b: Gholdengo
|-activate|p1b: Gholdengo|move: Protect
|move|p2b: Ursaluna|Hyper Voice|p1a: Kilowattrel|[spread] 
|-activate|p1a: Kilowattrel|move: Protect
|-activate|p1b: Gholdengo|move: Protect
|
|-weather|Sandstorm|[upkeep]
|-damage|p1a: Kilowattrel|42/100|[from] Sandstorm
|-damage|p1b: Gholdengo|83/100|[from] Sandstorm
|-damage|p2a: Sneasler|83/100|[from] Sandstorm
|upkeep
|turn|5
|
|t:|1757171731
|move|p2b: Ursaluna|Protect|p2b: Ursaluna
|-singleturn|p2b: Ursaluna|Protect
|move|p1a: Kilowattrel|Thunderbolt|p2a: Sneasler
|-damage|p2a: Sneasler|42/100
|move|p1b: Gholdengo|Make It Rain|p2b: Ursaluna|[spread] p2a
|-activate|p2b: Ursaluna|move: Protect
|-damage|p2a: Sneasler|0 fnt
|-unboost|p1b: Gholdengo|spa|1
|faint|p2a: Sneasler
|
|-weather|none
|-sideend|p1: F14B TOMCAT|move: Tailwind
|upkeep
|
|t:|1757171732
|switch|p2a: Arcanine|Arcanine-Hisui, L50, M|100/100
|-ability|p2a: Arcanine|Intimidate|boost
|-unboost|p1a: Kilowattrel|atk|1
|-ability|p1a: Kilowattrel|Competitive|boost
|-boost|p1a: Kilowattrel|spa|2
|-unboost|p1b: Gholdengo|atk|1
|turn|6
|inactive|F14B TOMCAT has 30 seconds left.
|
|t:|1757171759
|move|p1a: Kilowattrel|Protect|p1a: Kilowattrel
|-singleturn|p1a: Kilowattrel|Protect
|move|p2a: Arcanine|Extreme Speed|p1a: Kilowattrel
|-activate|p1a: Kilowattrel|move: Protect
|move|p1b: Gholdengo|Make It Rain|p2b: Ursaluna|[spread] p2a,p2b
|-damage|p2a: Arcanine|39/100
|-damage|p2b: Ursaluna|29/100
|-unboost|p1b: Gholdengo|spa|1
|move|p2b: Ursaluna|Blood Moon|p1b: Gholdengo
|-damage|p1b: Gholdengo|0 fnt
|faint|p1b: Gholdengo
|-damage|p2b: Ursaluna|19/100|[from] item: Life Orb
|
|upkeep
|
|t:|1757171768
|switch|p1b: Tyranitar|Tyranitar, L50, F|100/100
|-weather|Sandstorm|[from] ability: Sand Stream|[of] p1b: Tyranitar
|turn|7
|inactive|F14B TOMCAT has 30 seconds left.
|inactive|F14B TOMCAT has 20 seconds left.
|
|t:|1757171807
|move|p2a: Arcanine|Extreme Speed|p1a: Kilowattrel
|-damage|p1a: Kilowattrel|7/100
|move|p1a: Kilowattrel|Thunderbolt|p2a: Arcanine
|-damage|p2a: Arcanine|0 fnt
|faint|p2a: Arcanine
|move|p2b: Ursaluna|Earth Power|p1b: Tyranitar
|-supereffective|p1b: Tyranitar
|-damage|p1b: Tyranitar|50/100
|-damage|p2b: Ursaluna|9/100|[from] item: Life Orb
|move|p1b: Tyranitar|Rock Slide|p2b: Ursaluna
|-resisted|p2b: Ursaluna
|-crit|p2b: Ursaluna
|-damage|p2b: Ursaluna|0 fnt
|faint|p2b: Ursaluna
|
|win|F14B TOMCAT
|raw|F14B TOMCAT's rating: 1069 → 1105(+36 for winning)
|raw|Timothim Chalombre's rating: 1144 → 1114(-30 for losing)
|l|☆Timothim Chalombre
|player|p2|
|c|☆F14B TOMCAT|ezzzzz
