|j|☆justin tang1234
|j|‽ajin22
|html|justin tang1234ajin22    
|uhtml|bestof|Game 3 of a best-of-3
|t:|1784952509
|gametype|doubles
|player|p1|justin tang1234|101|1174
|player|p2|ajin22|2|1218
|gen|9
|tier|[Gen 9 Champions] VGC 2026 Reg M-B (Bo3)
|rated|
|rule|Species Clause: Limit one of each Pokémon
|rule|Item Clause: Limit 1 of each item
|clearpoke
|poke|p1|Charizard, L50, F|
|poke|p1|Grimmsnarl, L50, M|
|poke|p1|Pelipper, L50, F|
|poke|p1|Archaludon, L50, M|
|poke|p1|Basculegion, L50, M|
|poke|p1|Venusaur, L50, F|
|poke|p2|Raichu, L50, F|
|poke|p2|Gholdengo, L50|
|poke|p2|Garchomp, L50, M|
|poke|p2|Incineroar, L50, F|
|poke|p2|Milotic, L50, F|
|poke|p2|Whimsicott, L50, M|
|teampreview|4
|showteam|p1|Charizard||CharizarditeY|Blaze|HeatWave,WeatherBall,HelpingHand,Protect|Modest||F|||50|]Grimmsnarl||LightClay|Prankster|SpiritBreak,Reflect,LightScreen,PartingShot|Sassy||M|||50|]Pelipper||SitrusBerry|Drizzle|WeatherBall,Hurricane,Tailwind,WideGuard|Modest||F|||50|]Archaludon||Leftovers|Stamina|FlashCannon,DragonPulse,ElectroShot,Protect|Calm||M|||50|]Basculegion||ChoiceScarf|Adaptability|WaveCrash,AquaJet,LastRespects,FlipTurn|Jolly||M|||50|]Venusaur||FocusSash|Chlorophyll|SludgeBomb,LeafStorm,SleepPowder,Protect|Modest||F|||50|
|showteam|p2|Raichu||RaichuniteY|LightningRod|ZapCannon,FocusBlast,Protect,FakeOut|Timid||F|||50|]Gholdengo||SpellTag|GoodasGold|NastyPlot,ShadowBall,Protect,MakeItRain|Modest|||||50|]Garchomp||LifeOrb|RoughSkin|Earthquake,RockSlide,Protect,DragonClaw|Adamant||M|||50|]Incineroar||SitrusBerry|Intimidate|FakeOut,FlareBlitz,DarkestLariat,PartingShot|Impish||F|||50|]Milotic||Leftovers|Competitive|Coil,HydroPump,Hypnosis,Recover|Calm||F|||50|]Whimsicott||FocusSash|Prankster|Tailwind,Moonblast,Encore,Protect|Timid||M|||50|
|inactive|Battle timer is ON: inactive players will automatically lose when time's up. (requested by justin tang1234)
|inactive|ajin22 has 60 seconds left.
|
|t:|1784952543
|teamsize|p1|4
|teamsize|p2|4
|start
|switch|p1a: Venusaur|Venusaur, L50, F|100/100
|switch|p1b: Charizard|Charizard, L50, F|100/100
|switch|p2a: Raichu|Raichu, L50, F|100/100
|switch|p2b: Whimsicott|Whimsicott, L50, M|100/100
|turn|1
|inactive|justin tang1234 has 30 seconds left.
|
|t:|1784952571
|detailschange|p1b: Charizard|Charizard-Mega-Y, L50, F
|-mega|p1b: Charizard|Charizard|Charizardite Y
|-weather|SunnyDay|[from] ability: Drought|[of] p1b: Charizard
|move|p2b: Whimsicott|Protect|p2b: Whimsicott
|-singleturn|p2b: Whimsicott|Protect
|move|p2a: Raichu|Protect|p2a: Raichu
|-singleturn|p2a: Raichu|Protect
|move|p1a: Venusaur|Sludge Bomb|p2b: Whimsicott
|-activate|p2b: Whimsicott|move: Protect
|move|p1b: Charizard|Heat Wave|p2a: Raichu|[spread] 
|-activate|p2a: Raichu|move: Protect
|-activate|p2b: Whimsicott|move: Protect
|
|-weather|SunnyDay|[upkeep]
|upkeep
|turn|2
|
|t:|1784952588
|detailschange|p2a: Raichu|Raichu-Mega-Y, L50, F
|-mega|p2a: Raichu|Raichu|Raichunite Y
|move|p2b: Whimsicott|Tailwind|p2b: Whimsicott
|-sidestart|p2: ajin22|move: Tailwind
|move|p2a: Raichu|Zap Cannon|p1b: Charizard
|-supereffective|p1b: Charizard|1
|-damage|p1b: Charizard|0 fnt
|faint|p1b: Charizard
|move|p1a: Venusaur|Sleep Powder|p2a: Raichu
|-status|p2a: Raichu|slp|[from] move: Sleep Powder
|
|-weather|SunnyDay|[upkeep]
|upkeep
|
|t:|1784952596
|switch|p1b: Basculegion|Basculegion, L50, M|100/100
|turn|3
|
|t:|1784952605
|switch|p2a: Incineroar|Incineroar, L50, F|100/100
|-ability|p2a: Incineroar|Intimidate|boost
|-unboost|p1a: Venusaur|atk|1
|-unboost|p1b: Basculegion|atk|1
|move|p2b: Whimsicott|Encore|p1a: Venusaur
|-start|p1a: Venusaur|Encore
|move|p1a: Venusaur|Sleep Powder|p2b: Whimsicott
|-immune|p2b: Whimsicott
|move|p1b: Basculegion|Last Respects|p2a: Incineroar
|-resisted|p2a: Incineroar|1
|-damage|p2a: Incineroar|82/100
|
|-weather|SunnyDay|[upkeep]
|upkeep
|turn|4
|
|t:|1784952621
|move|p2a: Incineroar|Fake Out|p1a: Venusaur
|-damage|p1a: Venusaur|85/100
|move|p2b: Whimsicott|Moonblast|p1b: Basculegion
|-damage|p1b: Basculegion|61/100
|cant|p1a: Venusaur|flinch
|move|p1b: Basculegion|Last Respects|p2b: Whimsicott
|-damage|p2b: Whimsicott|35/100
|
|-weather|SunnyDay|[upkeep]
|upkeep
|turn|5
|
|t:|1784952633
|switch|p2a: Raichu|Raichu-Mega-Y, L50, F|100/100 slp
|move|p2b: Whimsicott|Protect|p2b: Whimsicott
|-singleturn|p2b: Whimsicott|Protect
|move|p1a: Venusaur|Sleep Powder|p2a: Raichu
|-fail|p2a: Raichu|slp
|move|p1b: Basculegion|Last Respects|p2b: Whimsicott
|-activate|p2b: Whimsicott|move: Protect
|
|-weather|none
|-end|p1a: Venusaur|Encore
|-sideend|p2: ajin22|move: Tailwind
|upkeep
|turn|6
|
|t:|1784952646
|switch|p2a: Incineroar|Incineroar, L50, F|82/100
|-ability|p2a: Incineroar|Intimidate|boost
|-unboost|p1a: Venusaur|atk|1
|-unboost|p1b: Basculegion|atk|1
|move|p2b: Whimsicott|Encore|p1a: Venusaur
|-start|p1a: Venusaur|Encore
|move|p1b: Basculegion|Last Respects|p2a: Incineroar
|-resisted|p2a: Incineroar|1
|-damage|p2a: Incineroar|70/100
|move|p1a: Venusaur|Sleep Powder|p2a: Incineroar
|-status|p2a: Incineroar|slp|[from] move: Sleep Powder
|
|upkeep
|turn|7
|
|t:|1784952670
|move|p2b: Whimsicott|Protect|p2b: Whimsicott
|-singleturn|p2b: Whimsicott|Protect
|move|p1b: Basculegion|Last Respects|p2b: Whimsicott
|-activate|p2b: Whimsicott|move: Protect
|move|p1a: Venusaur|Sleep Powder|p2a: Incineroar
|-fail|p2a: Incineroar|slp
|cant|p2a: Incineroar|slp
|
|upkeep
|turn|8
|
|t:|1784952681
|move|p2b: Whimsicott|Tailwind|p2b: Whimsicott
|-sidestart|p2: ajin22|move: Tailwind
|move|p1b: Basculegion|Last Respects|p2b: Whimsicott
|-damage|p2b: Whimsicott|0 fnt
|faint|p2b: Whimsicott
|cant|p2a: Incineroar|slp
|move|p1a: Venusaur|Sleep Powder|p2a: Incineroar
|-fail|p2a: Incineroar|slp
|
|-end|p1a: Venusaur|Encore
|upkeep
|
|t:|1784952690
|switch|p2b: Raichu|Raichu-Mega-Y, L50, F|100/100 slp
|turn|9
|
|t:|1784952697
|switch|p2b: Garchomp|Garchomp, L50, M|100/100
|switch|p1b: Pelipper|Pelipper, L50, F|100/100
|-weather|RainDance|[from] ability: Drizzle|[of] p1b: Pelipper
|-curestatus|p2a: Incineroar|slp|[msg]
|move|p2a: Incineroar|Darkest Lariat|p1b: Pelipper
|-damage|p1b: Pelipper|65/100
|move|p1a: Venusaur|Leaf Storm|p2b: Garchomp
|-damage|p2b: Garchomp|42/100
|-unboost|p1a: Venusaur|spa|2
|
|-weather|RainDance|[upkeep]
|upkeep
|turn|10
|
|t:|1784952724
|switch|p1a: Basculegion|Basculegion, L50, M|61/100
|move|p1b: Pelipper|Wide Guard|p1b: Pelipper
|-singleturn|p1b: Pelipper|Wide Guard
|move|p2b: Garchomp|Rock Slide|p1b: Pelipper|[spread] 
|-activate|p1a: Basculegion|move: Wide Guard
|-activate|p1b: Pelipper|move: Wide Guard
|move|p2a: Incineroar|Flare Blitz|p1a: Basculegion
|-resisted|p1a: Basculegion|1
|-damage|p1a: Basculegion|47/100
|-damage|p2a: Incineroar|66/100|[from] Recoil
|
|-weather|RainDance|[upkeep]
|upkeep
|turn|11
|inactive|justin tang1234 has 30 seconds left.
|inactive|justin tang1234 has 20 seconds left.
|inactive|justin tang1234 has 15 seconds left.
|
|t:|1784952766
|move|p1a: Basculegion|Aqua Jet|p2a: Incineroar
|-supereffective|p2a: Incineroar|1
|-damage|p2a: Incineroar|6/100
|-enditem|p2a: Incineroar|Sitrus Berry|[eat]
|-heal|p2a: Incineroar|31/100|[from] item: Sitrus Berry
|move|p2b: Garchomp|Dragon Claw|p1a: Basculegion
|-damage|p1a: Basculegion|0 fnt
|faint|p1a: Basculegion
|-damage|p2b: Garchomp|32/100|[from] item: Life Orb
|move|p2a: Incineroar|Darkest Lariat|p1b: Pelipper
|-damage|p1b: Pelipper|30/100
|-enditem|p1b: Pelipper|Sitrus Berry|[eat]
|-heal|p1b: Pelipper|55/100|[from] item: Sitrus Berry
|move|p1b: Pelipper|Weather Ball|p2b: Garchomp
|-damage|p2b: Garchomp|0 fnt
|faint|p2b: Garchomp
|
|-weather|RainDance|[upkeep]
|-sideend|p2: ajin22|move: Tailwind
|upkeep
|
|t:|1784952789
|switch|p1a: Venusaur|Venusaur, L50, F|85/100
|switch|p2b: Raichu|Raichu-Mega-Y, L50, F|100/100 slp
|turn|12
|
|t:|1784952803
|cant|p2b: Raichu|slp
|move|p1a: Venusaur|Sludge Bomb|p2b: Raichu
|-damage|p2b: Raichu|31/100 slp
|move|p1b: Pelipper|Weather Ball|p2b: Raichu
|-damage|p2b: Raichu|0 fnt
|faint|p2b: Raichu
|move|p2a: Incineroar|Darkest Lariat|p1b: Pelipper
|-damage|p1b: Pelipper|21/100
|
|-weather|RainDance|[upkeep]
|upkeep
|turn|13
|-message|ajin22 forfeited.
|
|win|justin tang1234
|raw|justin tang1234's rating: 1174 → 1202(+28 for winning)
|raw|ajin22's rating: 1218 → 1190(-28 for losing)
