|j|☆pgoiko
|j|☆A_TerroneVGC
|html|pgoikoA_TerroneVGC    
|uhtml|bestof|Game 3 of a best-of-3
|t:|1755076929
|gametype|doubles
|player|p1|pgoiko|1|1247
|player|p2|A_TerroneVGC|1|1329
|gen|9
|tier|[Gen 9] VGC 2025 Reg H (Bo3)
|rated|
|rule|Species Clause: Limit one of each Pokémon
|rule|Item Clause: Limit 1 of each item
|clearpoke
|poke|p1|Indeedee-F, L50, F|
|poke|p1|Armarouge, L50, F|
|poke|p1|Torkoal, L50, M|
|poke|p1|Ursaluna, L50, F|
|poke|p1|Hatterene, L50, F|
|poke|p1|Lilligant-Hisui, L50, F|
|poke|p2|Basculegion, L50, M|
|poke|p2|Archaludon, L50, M|
|poke|p2|Kingambit, L50, M|
|poke|p2|Rillaboom, L50, M|
|poke|p2|Pelipper, L50, M|
|poke|p2|Electabuzz, L50, M|
|teampreview|4
|showteam|p1|Indeedee-F||RockyHelmet|PsychicSurge|Psychic,HelpingHand,FollowMe,TrickRoom|||F|||50|,,,,,Grass]Armarouge||PowerHerb|FlashFire|ExpandingForce,ArmorCannon,MeteorBeam,TrickRoom|||F|||50|,,,,,Grass]Torkoal||Charcoal|Drought|Eruption,WeatherBall,HeatWave,Protect|||M|||50|,,,,,Fire]Ursaluna||FlameOrb|Guts|Facade,HeadlongRush,Substitute,Protect|||F|||50|,,,,,Ghost]Hatterene||LifeOrb|MagicBounce|ExpandingForce,DazzlingGleam,TrickRoom,Protect|||F|||50|,,,,,Psychic]Lilligant-Hisui||FocusSash|Chlorophyll|SolarBlade,CloseCombat,SleepPowder,AfterYou|||F|||50|,,,,,Ghost
|showteam|p2|Basculegion||ChoiceBand|SwiftSwim|WaveCrash,LastRespects,FlipTurn,AquaJet|||M|||50|,,,,,Grass]Archaludon||AssaultVest|Stamina|FlashCannon,DracoMeteor,ElectroShot,BodyPress|||M|||50|,,,,,Fairy]Kingambit||BlackGlasses|Defiant|KowtowCleave,SuckerPunch,SwordsDance,Protect|||M|||50|,,,,,Dark]Rillaboom||LoadedDice|GrassySurge|BulletSeed,GrassyGlide,HighHorsepower,FakeOut|||M|||50|,,,,,Fire]Pelipper||FocusSash|Drizzle|WeatherBall,Hurricane,Tailwind,Protect|||M|||50|,,,,,Ghost]Electabuzz||Eviolite|VitalSpirit|Electroweb,Taunt,FollowMe,Protect|||M|||50|,,,,,Ghost
|inactive|Battle timer is ON: inactive players will automatically lose when time's up. (requested by pgoiko)
|inactive|A_TerroneVGC has 60 seconds left.
|
|t:|1755076966
|teamsize|p1|4
|teamsize|p2|4
|start
|switch|p1a: Indeedee|Indeedee-F, L50, F|100/100
|switch|p1b: Armarouge|Armarouge, L50, F|100/100
|switch|p2a: Kingambit|Kingambit, L50, M|100/100
|switch|p2b: Basculegion|Basculegion, L50, M|100/100
|-fieldstart|move: Psychic Terrain|[from] ability: Psychic Surge|[of] p1a: Indeedee
|turn|1
|inactive|pgoiko has 30 seconds left.
|
|t:|1755077002
|switch|p2a: Rillaboom|Rillaboom, L50, M|100/100
|-fieldstart|move: Grassy Terrain|[from] ability: Grassy Surge|[of] p2a: Rillaboom
|-terastallize|p1b: Armarouge|Grass
|move|p1a: Indeedee|Follow Me|p1a: Indeedee
|-singleturn|p1a: Indeedee|move: Follow Me
|move|p2b: Basculegion|Wave Crash|p1a: Indeedee
|-damage|p1a: Indeedee|11/100
|-damage|p2b: Basculegion|84/100|[from] item: Rocky Helmet|[of] p1a: Indeedee
|-damage|p2b: Basculegion|57/100|[from] Recoil
|move|p1b: Armarouge|Trick Room|p1b: Armarouge
|-fieldstart|move: Trick Room|[of] p1b: Armarouge
|
|-heal|p1a: Indeedee|17/100|[from] Grassy Terrain
|-heal|p2b: Basculegion|64/100|[from] Grassy Terrain
|upkeep
|turn|2
|inactive|pgoiko has 30 seconds left.
|inactive|A_TerroneVGC has 30 seconds left.
|inactive|A_TerroneVGC has 20 seconds left.
|inactive|A_TerroneVGC has 15 seconds left.
|inactive|A_TerroneVGC has 10 seconds left.
|
|t:|1755077050
|switch|p1a: Ursaluna|Ursaluna, L50, F|100/100
|switch|p2b: Kingambit|Kingambit, L50, M|100/100
|move|p2a: Rillaboom|Grassy Glide|p1a: Ursaluna
|-supereffective|p1a: Ursaluna
|-damage|p1a: Ursaluna|44/100
|move|p1b: Armarouge|Meteor Beam||[still]
|-prepare|p1b: Armarouge|Meteor Beam
|-boost|p1b: Armarouge|spa|1
|-enditem|p1b: Armarouge|Power Herb
|-anim|p1b: Armarouge|Meteor Beam|p2a: Rillaboom
|-damage|p2a: Rillaboom|32/100
|
|-heal|p1a: Ursaluna|50/100|[from] Grassy Terrain
|-heal|p2a: Rillaboom|38/100|[from] Grassy Terrain
|-status|p1a: Ursaluna|brn|[from] item: Flame Orb
|upkeep
|turn|3
|inactive|pgoiko has 30 seconds left.
|inactive|A_TerroneVGC has 30 seconds left.
|
|t:|1755077081
|switch|p1a: Indeedee|Indeedee-F, L50, F|17/100
|-fieldstart|move: Psychic Terrain|[from] ability: Psychic Surge|[of] p1a: Indeedee
|switch|p2a: Basculegion|Basculegion, L50, M|64/100
|move|p2b: Kingambit|Protect|p2b: Kingambit
|-singleturn|p2b: Kingambit|Protect
|move|p1b: Armarouge|Expanding Force|p2b: Kingambit|[spread] p2a
|-activate|p2b: Kingambit|move: Protect
|-damage|p2a: Basculegion|0 fnt
|faint|p2a: Basculegion
|
|upkeep
|
|t:|1755077097
|switch|p2a: Rillaboom|Rillaboom, L50, M|38/100
|-fieldstart|move: Grassy Terrain|[from] ability: Grassy Surge|[of] p2a: Rillaboom
|turn|4
|
|t:|1755077119
|switch|p1a: Torkoal|Torkoal, L50, M|100/100
|-weather|SunnyDay|[from] ability: Drought|[of] p1a: Torkoal
|move|p2a: Rillaboom|Fake Out|p1b: Armarouge
|-damage|p1b: Armarouge|87/100
|cant|p1b: Armarouge|flinch
|move|p2b: Kingambit|Kowtow Cleave|p1b: Armarouge
|-damage|p1b: Armarouge|28/100
|
|-weather|SunnyDay|[upkeep]
|-heal|p1b: Armarouge|34/100|[from] Grassy Terrain
|-heal|p2a: Rillaboom|44/100|[from] Grassy Terrain
|upkeep
|turn|5
|inactive|pgoiko has 30 seconds left.
|inactive|A_TerroneVGC has 30 seconds left.
|
|t:|1755077148
|move|p2b: Kingambit|Protect|p2b: Kingambit
|-singleturn|p2b: Kingambit|Protect
|move|p1a: Torkoal|Weather Ball|p2a: Rillaboom
|-supereffective|p2a: Rillaboom
|-damage|p2a: Rillaboom|0 fnt
|faint|p2a: Rillaboom
|move|p1b: Armarouge|Expanding Force|p2b: Kingambit
|-activate|p2b: Kingambit|move: Protect
|
|-weather|SunnyDay|[upkeep]
|-heal|p1b: Armarouge|40/100|[from] Grassy Terrain
|-fieldend|move: Trick Room
|upkeep
|
|t:|1755077156
|switch|p2a: Pelipper|Pelipper, L50, M|100/100
|-weather|RainDance|[from] ability: Drizzle|[of] p2a: Pelipper
|turn|6
|inactive|pgoiko has 30 seconds left.
|
|t:|1755077183
|switch|p1a: Indeedee|Indeedee-F, L50, F|17/100
|-fieldstart|move: Psychic Terrain|[from] ability: Psychic Surge|[of] p1a: Indeedee
|-terastallize|p2b: Kingambit|Dark
|move|p2a: Pelipper|Weather Ball|p1a: Indeedee
|-damage|p1a: Indeedee|0 fnt
|faint|p1a: Indeedee
|move|p2b: Kingambit|Kowtow Cleave|p1b: Armarouge
|-damage|p1b: Armarouge|0 fnt
|faint|p1b: Armarouge
|
|-weather|RainDance|[upkeep]
|upkeep
|
|t:|1755077199
|switch|p1a: Torkoal|Torkoal, L50, M|100/100
|switch|p1b: Ursaluna|Ursaluna, L50, F|50/100 brn
|-weather|SunnyDay|[from] ability: Drought|[of] p1a: Torkoal
|turn|7
|
|t:|1755077221
|move|p2a: Pelipper|Protect|p2a: Pelipper
|-singleturn|p2a: Pelipper|Protect
|move|p2b: Kingambit|Protect|p2b: Kingambit
|-singleturn|p2b: Kingambit|Protect
|move|p1b: Ursaluna|Facade|p2b: Kingambit
|-activate|p2b: Kingambit|move: Protect
|move|p1a: Torkoal|Heat Wave|p2a: Pelipper|[spread] 
|-activate|p2a: Pelipper|move: Protect
|-activate|p2b: Kingambit|move: Protect
|
|-weather|SunnyDay|[upkeep]
|-damage|p1b: Ursaluna|44/100 brn|[from] brn
|upkeep
|turn|8
|inactive|A_TerroneVGC has 30 seconds left.
|
|t:|1755077246
|move|p1b: Ursaluna|Protect|p1b: Ursaluna
|-singleturn|p1b: Ursaluna|Protect
|move|p2a: Pelipper|Hurricane|p1a: Torkoal|[miss]
|-miss|p2a: Pelipper|p1a: Torkoal
|move|p2b: Kingambit|Kowtow Cleave|p1b: Ursaluna
|-activate|p1b: Ursaluna|move: Protect
|move|p1a: Torkoal|Heat Wave|p2a: Pelipper|[spread] p2a,p2b
|-resisted|p2a: Pelipper
|-damage|p2a: Pelipper|54/100
|-damage|p2b: Kingambit|51/100
|-status|p2a: Pelipper|brn
|
|-weather|SunnyDay|[upkeep]
|-damage|p2a: Pelipper|48/100 brn|[from] brn
|-damage|p1b: Ursaluna|38/100 brn|[from] brn
|upkeep
|turn|9
|
|t:|1755077271
|move|p2a: Pelipper|Hurricane|p1a: Torkoal
|-damage|p1a: Torkoal|33/100
|move|p2b: Kingambit|Kowtow Cleave|p1b: Ursaluna
|-damage|p1b: Ursaluna|0 fnt
|faint|p1b: Ursaluna
|move|p1a: Torkoal|Weather Ball|p2b: Kingambit
|-crit|p2b: Kingambit
|-damage|p2b: Kingambit|0 fnt
|faint|p2b: Kingambit
|
|-weather|SunnyDay|[upkeep]
|-damage|p2a: Pelipper|42/100 brn|[from] brn
|upkeep
|turn|10
|
|t:|1755077287
|move|p2a: Pelipper|Protect|p2a: Pelipper
|-singleturn|p2a: Pelipper|Protect
|move|p1a: Torkoal|Weather Ball|p2a: Pelipper
|-activate|p2a: Pelipper|move: Protect
|
|-weather|SunnyDay|[upkeep]
|-damage|p2a: Pelipper|37/100 brn|[from] brn
|-fieldend|move: Psychic Terrain
|upkeep
|turn|11
|
|t:|1755077298
|move|p2a: Pelipper|Hurricane|p1a: Torkoal
|-damage|p1a: Torkoal|0 fnt
|faint|p1a: Torkoal
|
|win|A_TerroneVGC
|raw|pgoiko's rating: 1247 → 1228(-19 for losing)
|raw|A_TerroneVGC's rating: 1329 → 1344(+15 for winning)
