|j|☆fustor
|j|☆ushitsune
|html|fustorushitsune    
|uhtml|bestof|Game 1 of a best-of-3
|t:|1757674591
|gametype|doubles
|player|p1|fustor|170|1152
|player|p2|ushitsune|steven|1171
|gen|9
|tier|[Gen 9] VGC 2025 Reg H (Bo3)
|rated|
|rule|Species Clause: Limit one of each Pokémon
|rule|Item Clause: Limit 1 of each item
|clearpoke
|poke|p1|Charizard, L50, M|
|poke|p1|Torkoal, L50, M|
|poke|p1|Porygon2, L50|
|poke|p1|Incineroar, L50, F|
|poke|p1|Jumpluff, L50, M|
|poke|p1|Ursaluna, L50, M|
|poke|p2|Salamence, L50, F|
|poke|p2|Milotic, L50, F|
|poke|p2|Ninetales-Alola, L50, M|
|poke|p2|Volcarona, L50, M|
|poke|p2|Breloom, L50, M|
|poke|p2|Kingambit, L50, F|
|teampreview|4
|showteam|p1|Charizard||ChoiceSpecs|SolarPower|HeatWave,Overheat,WeatherBall,AirSlash|||M|||50|,,,,,Ghost]Torkoal||EjectPack|Drought|Eruption,Overheat,HelpingHand,Protect|||M|||50|,,,,,Fire]Porygon2||Eviolite|Download|TeraBlast,IceBeam,Recover,TrickRoom||||||50|,,,,,Fighting]Incineroar||SitrusBerry|Intimidate|FlareBlitz,KnockOff,FakeOut,PartingShot|||F|||50|,,,,,Ghost]Jumpluff||CovertCloak|Chlorophyll|SleepPowder,SunnyDay,RagePowder,Tailwind|||M|||50|,,,,,Water]Ursaluna||FlameOrb|Guts|HeadlongRush,Facade,Earthquake,Protect|||M|||50|,,,,,Ghost
|showteam|p2|Salamence||AssaultVest|Intimidate|DragonPulse,HydroPump,HeatWave,AirSlash|||F|||50|,,,,,Steel]Milotic||Leftovers|Competitive|Scald,IcyWind,Protect,Haze|||F|||50|,,,,,Dragon]Ninetales-Alola||LightClay|SnowWarning|AuroraVeil,FreezeDry,Protect,DazzlingGleam|||M|||50|,,,,,Ghost]Volcarona||CovertCloak|FlameBody|QuiverDance,StruggleBug,FieryDance,Tailwind|||M|||50|,,,,,Grass]Breloom||FocusSash|Technician|BulletSeed,MachPunch,Protect,Spore|||M|||50|,,,,,Stellar]Kingambit||BlackGlasses|Defiant|Protect,KowtowCleave,SuckerPunch,SwordsDance|||F|||50|,,,,,Dark
|inactive|Battle timer is ON: inactive players will automatically lose when time's up. (requested by fustor)
|
|t:|1757674626
|teamsize|p1|4
|teamsize|p2|4
|start
|switch|p1a: Charizard|Charizard, L50, M|100/100
|switch|p1b: Porygon2|Porygon2, L50|100/100
|switch|p2a: Salamence|Salamence, L50, F|100/100
|switch|p2b: Breloom|Breloom, L50, M|100/100
|-ability|p2a: Salamence|Intimidate|boost
|-unboost|p1a: Charizard|atk|1
|-unboost|p1b: Porygon2|atk|1
|-ability|p1b: Porygon2|Download|boost
|-boost|p1b: Porygon2|spa|1
|turn|1
|inactive|fustor has 30 seconds left.
|
|t:|1757674659
|switch|p1b: Torkoal|Torkoal, L50, M|100/100
|-weather|SunnyDay|[from] ability: Drought|[of] p1b: Torkoal
|move|p1a: Charizard|Heat Wave|p2a: Salamence|[spread] p2a,p2b
|-resisted|p2a: Salamence
|-supereffective|p2b: Breloom
|-crit|p2b: Breloom
|-damage|p2a: Salamence|53/100
|-enditem|p2b: Breloom|Focus Sash
|-damage|p2b: Breloom|1/100
|move|p2a: Salamence|Hydro Pump|p1a: Charizard
|-supereffective|p1a: Charizard
|-damage|p1a: Charizard|52/100
|move|p2b: Breloom|Spore|p1b: Torkoal
|-status|p1b: Torkoal|slp|[from] move: Spore
|
|-weather|SunnyDay|[upkeep]
|-damage|p1a: Charizard|40/100|[from] ability: Solar Power|[of] p1a: Charizard
|upkeep
|turn|2
|
|t:|1757674680
|move|p2b: Breloom|Protect|p2b: Breloom
|-singleturn|p2b: Breloom|Protect
|move|p2a: Salamence|Air Slash|p1a: Charizard
|-damage|p1a: Charizard|0 fnt
|faint|p1a: Charizard
|cant|p1b: Torkoal|slp
|
|-weather|SunnyDay|[upkeep]
|upkeep
|
|t:|1757674687
|switch|p1a: Porygon2|Porygon2, L50|100/100
|-ability|p1a: Porygon2|Download|boost
|-boost|p1a: Porygon2|spa|1
|turn|3
|
|t:|1757674699
|switch|p2a: Ninetales|Ninetales-Alola, L50, M, shiny|100/100
|-weather|Snowscape|[from] ability: Snow Warning|[of] p2a: Ninetales
|move|p2b: Breloom|Spore|p1a: Porygon2
|-status|p1a: Porygon2|slp|[from] move: Spore
|cant|p1a: Porygon2|slp
|cant|p1b: Torkoal|slp
|
|-weather|Snowscape|[upkeep]
|upkeep
|turn|4
|
|t:|1757674716
|move|p2a: Ninetales|Aurora Veil|p2a: Ninetales
|-sidestart|p2: ushitsune|move: Aurora Veil
|move|p2b: Breloom|Bullet Seed|p1a: Porygon2
|-damage|p1a: Porygon2|86/100 slp
|-damage|p1a: Porygon2|73/100 slp
|-damage|p1a: Porygon2|61/100 slp
|-damage|p1a: Porygon2|47/100 slp
|-damage|p1a: Porygon2|33/100 slp
|-hitcount|p1a: Porygon2|5
|cant|p1a: Porygon2|slp
|cant|p1b: Torkoal|slp
|
|-weather|Snowscape|[upkeep]
|upkeep
|turn|5
|
|t:|1757674732
|move|p2b: Breloom|Mach Punch|p1a: Porygon2
|-supereffective|p1a: Porygon2
|-damage|p1a: Porygon2|0 fnt
|faint|p1a: Porygon2
|move|p2a: Ninetales|Dazzling Gleam|p1b: Torkoal
|-resisted|p1b: Torkoal
|-damage|p1b: Torkoal|84/100 slp
|-curestatus|p1b: Torkoal|slp|[msg]
|move|p1b: Torkoal|Eruption|p2b: Breloom|[spread] p2a,p2b
|-supereffective|p2a: Ninetales
|-supereffective|p2b: Breloom
|-damage|p2a: Ninetales|44/100
|-damage|p2b: Breloom|0 fnt
|faint|p2b: Breloom
|
|-weather|Snowscape|[upkeep]
|upkeep
|
|t:|1757674745
|switch|p2b: Salamence|Salamence, L50, F|53/100
|switch|p1a: Ursaluna|Ursaluna, L50, M|100/100
|-ability|p2b: Salamence|Intimidate|boost
|-unboost|p1a: Ursaluna|atk|1
|-unboost|p1b: Torkoal|atk|1
|turn|6
|
|t:|1757674755
|move|p1a: Ursaluna|Protect|p1a: Ursaluna
|-singleturn|p1a: Ursaluna|Protect
|move|p2a: Ninetales|Freeze-Dry|p1a: Ursaluna
|-activate|p1a: Ursaluna|move: Protect
|move|p2b: Salamence|Hydro Pump|p1b: Torkoal
|-supereffective|p1b: Torkoal
|-damage|p1b: Torkoal|0 fnt
|faint|p1b: Torkoal
|
|-weather|Snowscape|[upkeep]
|-status|p1a: Ursaluna|brn|[from] item: Flame Orb
|upkeep
|turn|7
|
|t:|1757674769
|-terastallize|p1a: Ursaluna|Ghost
|move|p2a: Ninetales|Freeze-Dry|p1a: Ursaluna
|-damage|p1a: Ursaluna|80/100 brn
|move|p2b: Salamence|Hydro Pump|p1a: Ursaluna
|-damage|p1a: Ursaluna|47/100 brn
|move|p1a: Ursaluna|Earthquake|p2b: Salamence|[spread] p2a
|-immune|p2b: Salamence
|-damage|p2a: Ninetales|20/100
|
|-weather|none
|-damage|p1a: Ursaluna|41/100 brn|[from] brn
|upkeep
|turn|8
|
|t:|1757674787
|move|p2a: Ninetales|Freeze-Dry|p1a: Ursaluna
|-damage|p1a: Ursaluna|20/100 brn
|move|p2b: Salamence|Dragon Pulse|p1a: Ursaluna
|-damage|p1a: Ursaluna|0 fnt
|faint|p1a: Ursaluna
|
|win|ushitsune
||ushitsune is ready for game 2.
||fustor is ready for game 2.
|uhtml|next|Next: Game 2 of 3
