|j|☆palle synchro
|j|☆Nova2309
|html|palle synchroNova2309    
|uhtml|bestof|Game 3 of a best-of-3
|t:|1784836930
|gametype|doubles
|player|p1|palle synchro|volkner|1424
|player|p2|Nova2309|265|1452
|gen|9
|tier|[Gen 9 Champions] VGC 2026 Reg M-B (Bo3)
|rated|
|rule|Species Clause: Limit one of each Pokémon
|rule|Item Clause: Limit 1 of each item
|clearpoke
|poke|p1|Charizard, L50, F|
|poke|p1|Venusaur, L50, M|
|poke|p1|Sableye, L50, M|
|poke|p1|Archaludon, L50, M|
|poke|p1|Pelipper, L50, F|
|poke|p1|Swampert, L50, M|
|poke|p2|Charizard, L50, F|
|poke|p2|Garchomp, L50, F|
|poke|p2|Incineroar, L50, F|
|poke|p2|Venusaur, L50, M|
|poke|p2|Toxapex, L50, F|
|poke|p2|Sylveon, L50, F|
|teampreview|4
|showteam|p1|Charizard||CharizarditeY|Blaze|HeatWave,WeatherBall,Hurricane,Protect|Modest||F|||50|]Venusaur||FocusSash|Chlorophyll|EnergyBall,SludgeBomb,EarthPower,SleepPowder|Modest||M|||50|]Sableye||LightClay|Prankster|LightScreen,Reflect,RainDance,WillOWisp|Sassy||M|||50|]Archaludon||Leftovers|Stamina|ElectroShot,DragonPulse,FlashCannon,Protect|Modest||M|||50|]Pelipper||SitrusBerry|Drizzle|WeatherBall,Hurricane,Tailwind,Protect|Modest||F|||50|]Swampert||Swampertite|Torrent|WaveCrash,HighHorsepower,IcePunch,Protect|Adamant||M|||50|
|showteam|p2|Charizard||CharizarditeY|Blaze|WeatherBall,HeatWave,AncientPower,Protect|Modest||F|||50|]Garchomp||ChoiceScarf|RoughSkin|RockSlide,DragonClaw,Earthquake,StompingTantrum|Adamant||F|||50|]Incineroar||SitrusBerry|Intimidate|FlareBlitz,FakeOut,DarkestLariat,PartingShot|Impish||F|||50|]Venusaur||LifeOrb|Chlorophyll|SludgeBomb,LeafStorm,EarthPower,Protect|Modest||M|||50|]Toxapex||Leftovers|Regenerator|Infestation,Toxic,WideGuard,BanefulBunker|Bold||F|||50|]Sylveon||FairyFeather|Pixilate|HyperVoice,QuickAttack,Yawn,Detect|Modest||F|||50|
|inactive|Battle timer is ON: inactive players will automatically lose when time's up. (requested by palle synchro)
|
|t:|1784836945
|teamsize|p1|4
|teamsize|p2|4
|start
|switch|p1a: Swampert|Swampert, L50, M|100/100
|switch|p1b: Sableye|Sableye, L50, M|100/100
|switch|p2a: Charizard|Charizard, L50, F|100/100
|switch|p2b: Garchomp|Garchomp, L50, F|100/100
|turn|1
|inactive|Nova2309 has 30 seconds left.
|inactive|Nova2309 has 20 seconds left.
|inactive|Nova2309 has 15 seconds left.
|inactive|Nova2309 has 10 seconds left.
|inactive|Nova2309 has 5 seconds left.
|
|t:|1784837000
|detailschange|p1a: Swampert|Swampert-Mega, L50, M
|-mega|p1a: Swampert|Swampert|Swampertite
|move|p1b: Sableye|Rain Dance|p1b: Sableye
|-weather|RainDance
|move|p1a: Swampert|Ice Punch|p2b: Garchomp
|-supereffective|p2b: Garchomp|2
|-crit|p2b: Garchomp
|-damage|p2b: Garchomp|0 fnt
|-damage|p1a: Swampert|87/100|[from] ability: Rough Skin|[of] p2b: Garchomp
|faint|p2b: Garchomp
|move|p2a: Charizard|Weather Ball|p1b: Sableye
|-damage|p1b: Sableye|54/100
|
|-weather|RainDance|[upkeep]
|upkeep
|
|t:|1784837009
|switch|p2b: Venusaur|Venusaur, L50, M|100/100
|turn|2
|
|t:|1784837021
|switch|p2a: Sylveon|Sylveon, L50, F|100/100
|move|p1a: Swampert|Protect|p1a: Swampert
|-singleturn|p1a: Swampert|Protect
|move|p1b: Sableye|Light Screen|p1b: Sableye
|-sidestart|p1: palle synchro|move: Light Screen
|move|p2b: Venusaur|Leaf Storm|p1a: Swampert
|-activate|p1a: Swampert|move: Protect
|
|-weather|RainDance|[upkeep]
|upkeep
|turn|3
|
|t:|1784837043
|switch|p1b: Archaludon|Archaludon, L50, M|100/100
|move|p2a: Sylveon|Detect|p2a: Sylveon
|-singleturn|p2a: Sylveon|Protect
|move|p1a: Swampert|Wave Crash|p2a: Sylveon
|-activate|p2a: Sylveon|move: Protect
|move|p2b: Venusaur|Leaf Storm|p1a: Swampert
|-supereffective|p1a: Swampert|2
|-crit|p1a: Swampert
|-damage|p1a: Swampert|0 fnt
|-unboost|p2b: Venusaur|spa|2
|faint|p1a: Swampert
|-damage|p2b: Venusaur|90/100|[from] item: Life Orb
|
|-weather|RainDance|[upkeep]
|upkeep
|
|t:|1784837058
|switch|p1a: Sableye|Sableye, L50, M|54/100
|turn|4
|
|t:|1784837070
|move|p1a: Sableye|Rain Dance||[still]
|-fail|p1a: Sableye
|move|p2b: Venusaur|Sludge Bomb|p1a: Sableye
|-resisted|p1a: Sableye|1
|-damage|p1a: Sableye|44/100
|-damage|p2b: Venusaur|81/100|[from] item: Life Orb
|move|p1b: Archaludon|Electro Shot||[still]
|-prepare|p1b: Archaludon|Electro Shot
|-boost|p1b: Archaludon|spa|1
|-anim|p1b: Archaludon|Electro Shot|p2a: Sylveon
|-damage|p2a: Sylveon|49/100
|move|p2a: Sylveon|Yawn|p1b: Archaludon
|-start|p1b: Archaludon|move: Yawn|[of] p2a: Sylveon
|
|-weather|RainDance|[upkeep]
|upkeep
|turn|5
|
|t:|1784837091
|switch|p2b: Charizard|Charizard, L50, F|100/100
|move|p2a: Sylveon|Detect|p2a: Sylveon
|-singleturn|p2a: Sylveon|Protect
|move|p1a: Sableye|Will-O-Wisp|p1b: Archaludon|[miss]
|-miss|p1a: Sableye|p1b: Archaludon
|move|p1b: Archaludon|Flash Cannon|p2a: Sylveon
|-activate|p2a: Sylveon|move: Protect
|
|-weather|none
|-end|p1b: Archaludon|move: Yawn|[silent]
|-status|p1b: Archaludon|slp
|upkeep
|turn|6
|inactive|palle synchro has 30 seconds left.
|
|t:|1784837118
|switch|p1a: Pelipper|Pelipper, L50, F|100/100
|-weather|RainDance|[from] ability: Drizzle|[of] p1a: Pelipper
|move|p2b: Charizard|Heat Wave|p1b: Archaludon|[spread] p1a,p1b
|-resisted|p1a: Pelipper|1
|-damage|p1a: Pelipper|94/100
|-damage|p1b: Archaludon|91/100 slp
|-ability|p1b: Archaludon|Stamina|boost
|-boost|p1b: Archaludon|def|1
|cant|p1b: Archaludon|slp
|move|p2a: Sylveon|Hyper Voice|p1b: Archaludon|[spread] p1a,p1b
|-damage|p1a: Pelipper|57/100
|-damage|p1b: Archaludon|63/100 slp
|-ability|p1b: Archaludon|Stamina|boost
|-boost|p1b: Archaludon|def|1
|
|-weather|RainDance|[upkeep]
|-heal|p1b: Archaludon|69/100 slp|[from] item: Leftovers
|upkeep
|turn|7
|inactive|Nova2309 has 30 seconds left.
|
|t:|1784837149
|detailschange|p2b: Charizard|Charizard-Mega-Y, L50, F
|-mega|p2b: Charizard|Charizard|Charizardite Y
|-weather|SunnyDay|[from] ability: Drought|[of] p2b: Charizard
|move|p2b: Charizard|Heat Wave|p1a: Pelipper|[spread] p1a,p1b
|-resisted|p1a: Pelipper|1
|-damage|p1a: Pelipper|33/100
|-damage|p1b: Archaludon|31/100 slp
|-ability|p1b: Archaludon|Stamina|boost
|-boost|p1b: Archaludon|def|1
|-enditem|p1a: Pelipper|Sitrus Berry|[eat]
|-heal|p1a: Pelipper|57/100|[from] item: Sitrus Berry
|cant|p1b: Archaludon|slp
|move|p1a: Pelipper|Tailwind|p1a: Pelipper
|-sidestart|p1: palle synchro|move: Tailwind
|move|p2a: Sylveon|Hyper Voice|p1a: Pelipper|[spread] p1a,p1b
|-damage|p1a: Pelipper|22/100
|-damage|p1b: Archaludon|2/100 slp
|-ability|p1b: Archaludon|Stamina|boost
|-boost|p1b: Archaludon|def|1
|
|-weather|SunnyDay|[upkeep]
|-heal|p1b: Archaludon|8/100 slp|[from] item: Leftovers
|upkeep
|turn|8
|-message|palle synchro forfeited.
|
|win|Nova2309
|raw|palle synchro's rating: 1424 → 1406(-18 for losing)
|raw|Nova2309's rating: 1452 → 1470(+18 for winning)
