|j|☆SHOMA_WIN
|j|☆Capravolante97
|html|SHOMA_WINCapravolante97    
|uhtml|bestof|Game 2 of a best-of-3
|t:|1782296152
|gametype|doubles
|player|p1|SHOMA_WIN|scientist|1344
|player|p2|Capravolante97|fantina|1264
|gen|9
|tier|[Gen 9 Champions] VGC 2026 Reg M-B (Bo3)
|rated|
|rule|Species Clause: Limit one of each Pokémon
|rule|Item Clause: Limit 1 of each item
|clearpoke
|poke|p1|Aerodactyl, L50, M|
|poke|p1|Garchomp, L50, M|
|poke|p1|Kingambit, L50, F|
|poke|p1|Charizard, L50, F|
|poke|p1|Sylveon, L50, M|
|poke|p1|Farigiraf, L50, M|
|poke|p2|Gholdengo, L50|
|poke|p2|Scovillain, L50, M|
|poke|p2|Aerodactyl, L50, M|
|poke|p2|Garchomp, L50, M|
|poke|p2|Primarina, L50, F|
|poke|p2|Incineroar, L50, M|
|teampreview|4
|showteam|p1|Aerodactyl||Aerodactylite|Unnerve|IceFang,RockSlide,Tailwind,DualWingbeat|Jolly||M|||50|]Garchomp||LifeOrb|RoughSkin|DragonClaw,StompingTantrum,Earthquake,Protect|Jolly||M|||50|]Kingambit||FocusSash|Defiant|SuckerPunch,KowtowCleave,IronHead,LowKick|Adamant||F|||50|]Charizard||CharizarditeY|Blaze|Protect,WeatherBall,HeatWave,SolarBeam|Modest||F|||50|]Sylveon||FairyFeather|Pixilate|Protect,HyperVoice,HyperBeam,QuickAttack|Modest||M|||50|]Farigiraf||SitrusBerry|ArmorTail|TrickRoom,Thunderbolt,Roar,TwinBeam|Bold||M|||50|
|showteam|p2|Gholdengo||LifeOrb|GoodasGold|MakeItRain,ShadowBall,NastyPlot,Protect|Timid|||||50|]Scovillain||Scovillainite|Moody|RagePowder,GigaDrain,Overheat,Protect|Bold||M|||50|]Aerodactyl||FocusSash|Unnerve|Tailwind,RockSlide,Protect,DualWingbeat|Jolly||M|||50|]Garchomp||ExpertBelt|RoughSkin|RockSlide,DragonClaw,Earthquake,Protect|Jolly||M|||50|]Primarina||MysticWater|LiquidVoice|CalmMind,HyperVoice,Moonblast,Protect|Modest||F|||50|]Incineroar||SitrusBerry|Intimidate|FakeOut,DarkestLariat,FlareBlitz,PartingShot|Impish||M|||50|
|inactive|Battle timer is ON: inactive players will automatically lose when time's up. (requested by Capravolante97)
|inactive|SHOMA_WIN has 60 seconds left.
|inactive|SHOMA_WIN has 30 seconds left.
|
|t:|1782296213
|teamsize|p1|4
|teamsize|p2|4
|start
|switch|p1a: Aerodactyl|Aerodactyl, L50, M|100/100
|switch|p1b: Kingambit|Kingambit, L50, F|100/100
|switch|p2a: Scovillain|Scovillain, L50, M|100/100
|switch|p2b: Primarina|Primarina, L50, F|100/100
|-ability|p1a: Aerodactyl|Unnerve
|turn|1
|
|t:|1782296234
|switch|p1a: Farigiraf|Farigiraf, L50, M|100/100
|detailschange|p2a: Scovillain|Scovillain-Mega, L50, M
|-mega|p2a: Scovillain|Scovillain|Scovillainite
|move|p2b: Primarina|Protect|p2b: Primarina
|-singleturn|p2b: Primarina|Protect
|move|p1b: Kingambit|Iron Head|p2b: Primarina
|-activate|p2b: Primarina|move: Protect
|move|p2a: Scovillain|Giga Drain|p1a: Farigiraf
|-damage|p1a: Farigiraf|68/100
|
|upkeep
|turn|2
|
|t:|1782296254
|switch|p1b: Aerodactyl|Aerodactyl, L50, M|100/100
|-ability|p1b: Aerodactyl|Unnerve
|move|p2a: Scovillain|Rage Powder|p2a: Scovillain
|-singleturn|p2a: Scovillain|move: Rage Powder
|move|p2b: Primarina|Calm Mind|p2b: Primarina
|-boost|p2b: Primarina|spa|1
|-boost|p2b: Primarina|spd|1
|move|p1a: Farigiraf|Trick Room|p1a: Farigiraf
|-fieldstart|move: Trick Room|[of] p1a: Farigiraf
|
|upkeep
|turn|3
|j| pabloPlegendarys
|
|t:|1782296274
|detailschange|p1b: Aerodactyl|Aerodactyl-Mega, L50, M
|-mega|p1b: Aerodactyl|Aerodactyl|Aerodactylite
|move|p2a: Scovillain|Giga Drain|p1a: Farigiraf
|-damage|p1a: Farigiraf|35/100
|-enditem|p1a: Farigiraf|Sitrus Berry|[eat]
|-heal|p1a: Farigiraf|60/100|[from] item: Sitrus Berry
|move|p2b: Primarina|Calm Mind|p2b: Primarina
|-boost|p2b: Primarina|spa|1
|-boost|p2b: Primarina|spd|1
|move|p1b: Aerodactyl|Rock Slide|p2b: Primarina|[spread] p2a,p2b
|-supereffective|p2a: Scovillain|1
|-damage|p2a: Scovillain|54/100
|-damage|p2b: Primarina|67/100
|-status|p1b: Aerodactyl|brn|[from] ability: Spicy Spray|[of] p2a: Scovillain
|move|p1a: Farigiraf|Roar|p2b: Primarina
|drag|p2b: Aerodactyl|Aerodactyl, L50, M|100/100
|-ability|p2b: Aerodactyl|Unnerve
|
|-damage|p1b: Aerodactyl|93/100 brn|[from] brn
|upkeep
|turn|4
|l| pabloPlegendarys
|inactive|Capravolante97 has 30 seconds left.
|
|t:|1782296305
|switch|p2b: Garchomp|Garchomp, L50, M|100/100
|switch|p1b: Sylveon|Sylveon, L50, M|100/100
|move|p1a: Farigiraf|Twin Beam|p2a: Scovillain
|-damage|p2a: Scovillain|38/100
|-status|p1a: Farigiraf|brn|[from] ability: Spicy Spray|[of] p2a: Scovillain
|-damage|p2a: Scovillain|20/100y
|-hitcount|p2a: Scovillain|2
|move|p2a: Scovillain|Giga Drain|p1a: Farigiraf
|-damage|p1a: Farigiraf|28/100 brn
|-heal|p2a: Scovillain|41/100|[from] drain|[of] p1a: Farigiraf
|
|-damage|p1a: Farigiraf|22/100 brn|[from] brn
|upkeep
|turn|5
|
|t:|1782296326
|switch|p2b: Primarina|Primarina, L50, F|67/100
|move|p2a: Scovillain|Protect|p2a: Scovillain
|-singleturn|p2a: Scovillain|Protect
|move|p1a: Farigiraf|Twin Beam|p2a: Scovillain
|-activate|p2a: Scovillain|move: Protect
|move|p1b: Sylveon|Hyper Voice|p2b: Primarina|[spread] p2b
|-activate|p2a: Scovillain|move: Protect
|-damage|p2b: Primarina|20/100y
|
|-damage|p1a: Farigiraf|16/100 brn|[from] brn
|upkeep
|turn|6
|
|t:|1782296341
|switch|p1a: Aerodactyl|Aerodactyl-Mega, L50, M|93/100 brn
|move|p2b: Primarina|Protect|p2b: Primarina
|-singleturn|p2b: Primarina|Protect
|move|p1b: Sylveon|Hyper Voice|p2b: Primarina|[spread] p2a
|-activate|p2b: Primarina|move: Protect
|-resisted|p2a: Scovillain|1
|-damage|p2a: Scovillain|12/100
|-status|p1b: Sylveon|brn|[from] ability: Spicy Spray|[of] p2a: Scovillain
|move|p2a: Scovillain|Overheat|p1b: Sylveon
|-damage|p1b: Sylveon|51/100 brn
|-unboost|p2a: Scovillain|spa|2
|
|-damage|p1b: Sylveon|45/100 brn|[from] brn
|-damage|p1a: Aerodactyl|87/100 brn|[from] brn
|-fieldend|move: Trick Room
|upkeep
|turn|7
|
|t:|1782296362
|move|p1a: Aerodactyl|Tailwind|p1a: Aerodactyl
|-sidestart|p1: SHOMA_WIN|move: Tailwind
|move|p1b: Sylveon|Hyper Voice|p2b: Primarina|[spread] p2a,p2b
|-resisted|p2a: Scovillain|1
|-damage|p2a: Scovillain|0 fnt
|-damage|p2b: Primarina|0 fnt
|faint|p2a: Scovillain
|faint|p2b: Primarina
|
|-damage|p1a: Aerodactyl|81/100 brn|[from] brn
|-damage|p1b: Sylveon|39/100 brn|[from] brn
|upkeep
|
|t:|1782296368
|switch|p2b: Garchomp|Garchomp, L50, M|100/100
|switch|p2a: Aerodactyl|Aerodactyl, L50, M|100/100
|-ability|p2a: Aerodactyl|Unnerve
|turn|8
|
|t:|1782296389
|move|p1a: Aerodactyl|Rock Slide|p2a: Aerodactyl|[spread] p2a,p2b
|-supereffective|p2a: Aerodactyl|1
|-resisted|p2b: Garchomp|1
|-damage|p2a: Aerodactyl|56/100
|-damage|p2b: Garchomp|92/100
|move|p2a: Aerodactyl|Tailwind|p2a: Aerodactyl
|-sidestart|p2: Capravolante97|move: Tailwind
|move|p2b: Garchomp|Earthquake|p1a: Aerodactyl|[spread] p1b
|-immune|p2a: Aerodactyl
|-immune|p1a: Aerodactyl
|-damage|p1b: Sylveon|0 fnt
|faint|p1b: Sylveon
|
|-damage|p1a: Aerodactyl|75/100 brn|[from] brn
|upkeep
|
|t:|1782296398
|switch|p1b: Kingambit|Kingambit, L50, F|100/100
|turn|9
|
|t:|1782296418
|move|p2a: Aerodactyl|Protect|p2a: Aerodactyl
|-singleturn|p2a: Aerodactyl|Protect
|move|p1b: Kingambit|Sucker Punch|p2b: Garchomp
|-damage|p2b: Garchomp|50/100g
|-damage|p1b: Kingambit|87/100|[from] ability: Rough Skin|[of] p2b: Garchomp
|move|p1a: Aerodactyl|Ice Fang|p2b: Garchomp
|-supereffective|p2b: Garchomp|2
|-crit|p2b: Garchomp
|-damage|p2b: Garchomp|0 fnt
|-damage|p1a: Aerodactyl|62/100 brn|[from] ability: Rough Skin|[of] p2b: Garchomp
|faint|p2b: Garchomp
|
|-damage|p1a: Aerodactyl|56/100 brn|[from] brn
|upkeep
|turn|10
|-message|Capravolante97 forfeited.
|
|win|SHOMA_WIN
|raw|SHOMA_WIN's rating: 1344 → 1359(+15 for winning)
|raw|Capravolante97's rating: 1264 → 1245(-19 for losing)
|l|☆Capravolante97
|player|p2|
