|j|☆Iceman5687
|j|☆PSYWAT
|html|Iceman5687PSYWAT    
|uhtml|bestof|Game 1 of a best-of-3
|t:|1784008206
|gametype|doubles
|player|p1|Iceman5687|265|1159
|player|p2|PSYWAT|266|1106
|gen|9
|tier|[Gen 9 Champions] VGC 2026 Reg M-B (Bo3)
|rated|
|rule|Species Clause: Limit one of each Pokémon
|rule|Item Clause: Limit 1 of each item
|clearpoke
|poke|p1|Sylveon, L50, F, shiny|
|poke|p1|Basculegion, L50, M|
|poke|p1|Kingambit, L50, F, shiny|
|poke|p1|Garchomp, L50, F|
|poke|p1|Charizard, L50, M, shiny|
|poke|p1|Whimsicott, L50, F, shiny|
|poke|p2|Alakazam, L50, M, shiny|
|poke|p2|Gallade, L50, M|
|poke|p2|Mamoswine, L50, F, shiny|
|poke|p2|Chandelure, L50, F, shiny|
|poke|p2|Kingambit, L50, F, shiny|
|poke|p2|Steelix, L50, M, shiny|
|teampreview|4
|showteam|p1|Sylveon||FairyFeather|Pixilate|HyperVoice,QuickAttack,Protect,HyperBeam|Modest||F|||50|]Basculegion||LifeOrb|Adaptability|WaveCrash,LastRespects,AquaJet,Protect|Adamant||M|||50|]Kingambit||ChopleBerry|Defiant|KowtowCleave,IronHead,SuckerPunch,LowKick|Adamant||F|||50|]Garchomp||RoseliBerry|RoughSkin|Earthquake,RockSlide,DragonClaw,PoisonJab|Adamant||F|||50|]Charizard||CharizarditeY|Blaze|HeatWave,WeatherBall,SolarBeam,Protect|Modest||M|||50|]Whimsicott||FocusSash|Prankster|Moonblast,Tailwind,Encore,Protect|Timid||F|||50|
|showteam|p2|Alakazam||Alakazite|Synchronize|ExpandingForce,DazzlingGleam,Protect,Substitute|Modest||M|||50|]Gallade||LumBerry|Sharpness|PsychicTerrain,PsychoCut,CloseCombat,Protect|Adamant||M|||50|]Mamoswine||ChoiceScarf|Oblivious|IcicleCrash,HighHorsepower,RockSlide,KnockOff|Jolly||F|||50|]Chandelure||FocusSash|FlashFire|Protect,ShadowBall,Flamethrower,WillOWisp|Timid||F|||50|]Kingambit||ChopleBerry|Defiant|SuckerPunch,Protect,IronHead,SwordsDance|Adamant||F|||50|]Steelix||Steelixite|RockHead|HeavySlam,HighHorsepower,BodyPress,Protect|Relaxed||M|||50|
|
|t:|1784008295
|teamsize|p1|4
|teamsize|p2|4
|start
|switch|p1a: Whimsicott|Whimsicott, L50, F, shiny|100/100
|switch|p1b: Garchomp|Garchomp, L50, F|100/100
|switch|p2a: Chandelure|Chandelure, L50, F, shiny|100/100
|switch|p2b: Steelix|Steelix, L50, M, shiny|100/100
|turn|1
|
|t:|1784008317
|detailschange|p2b: Steelix|Steelix-Mega, L50, M, shiny
|-mega|p2b: Steelix|Steelix|Steelixite
|move|p1a: Whimsicott|Moonblast|p2a: Chandelure
|-resisted|p2a: Chandelure|1
|-damage|p2a: Chandelure|75/100
|move|p2a: Chandelure|Will-O-Wisp|p1b: Garchomp
|-status|p1b: Garchomp|brn
|move|p1b: Garchomp|Earthquake|p2a: Chandelure|[spread] p1a,p2a,p2b
|-resisted|p1a: Whimsicott|1
|-supereffective|p2a: Chandelure|1
|-supereffective|p2b: Steelix|1
|-damage|p1a: Whimsicott|86/100
|-damage|p2a: Chandelure|22/100
|-damage|p2b: Steelix|85/100
|move|p2b: Steelix|Heavy Slam|p1a: Whimsicott
|-supereffective|p1a: Whimsicott|1
|-damage|p1a: Whimsicott|0 fnt
|faint|p1a: Whimsicott
|
|-damage|p1b: Garchomp|93/100 brn|[from] brn
|upkeep
|
|t:|1784008326
|switch|p1a: Charizard|Charizard, L50, M, shiny|100/100
|turn|2
|
|t:|1784008363
|detailschange|p1a: Charizard|Charizard-Mega-Y, L50, M, shiny
|-mega|p1a: Charizard|Charizard|Charizardite Y
|-weather|SunnyDay|[from] ability: Drought|[of] p1a: Charizard
|move|p2b: Steelix|Protect|p2b: Steelix
|-singleturn|p2b: Steelix|Protect
|move|p2a: Chandelure|Shadow Ball|p1b: Garchomp
|-crit|p1b: Garchomp
|-damage|p1b: Garchomp|28/100 brn
|move|p1b: Garchomp|Earthquake|p2a: Chandelure|[spread] p2a
|-activate|p2b: Steelix|move: Protect
|-immune|p1a: Charizard
|-supereffective|p2a: Chandelure|1
|-damage|p2a: Chandelure|0 fnt
|faint|p2a: Chandelure
|move|p1a: Charizard|Weather Ball|p2b: Steelix
|-activate|p2b: Steelix|move: Protect
|
|-weather|SunnyDay|[upkeep]
|-damage|p1b: Garchomp|22/100 brn|[from] brn
|upkeep
|
|t:|1784008387
|switch|p2a: Mamoswine|Mamoswine, L50, F, shiny|100/100
|turn|3
|
|t:|1784008401
|move|p2a: Mamoswine|Rock Slide|p1b: Garchomp|[spread] p1a,p1b
|-supereffective|p1a: Charizard|2
|-resisted|p1b: Garchomp|1
|-damage|p1a: Charizard|32/100
|-damage|p1b: Garchomp|14/100 brn
|move|p1b: Garchomp|Earthquake|p2b: Steelix|[spread] p2a,p2b
|-immune|p1a: Charizard
|-supereffective|p2b: Steelix|1
|-damage|p2a: Mamoswine|78/100
|-damage|p2b: Steelix|69/100
|move|p1a: Charizard|Heat Wave|p2a: Mamoswine|[spread] p2a,p2b
|-supereffective|p2a: Mamoswine|1
|-supereffective|p2b: Steelix|1
|-crit|p2b: Steelix
|-damage|p2a: Mamoswine|0 fnt
|-damage|p2b: Steelix|0 fnt
|faint|p2a: Mamoswine
|faint|p2b: Steelix
|
|-weather|SunnyDay|[upkeep]
|-damage|p1b: Garchomp|8/100 brn|[from] brn
|upkeep
|
|t:|1784008418
|switch|p2b: Gallade|Gallade, L50, M|100/100
|turn|4
|
|t:|1784008427
|move|p2b: Gallade|Protect|p2b: Gallade
|-singleturn|p2b: Gallade|Protect
|move|p1b: Garchomp|Earthquake|p2b: Gallade|[spread] 
|-activate|p2b: Gallade|move: Protect
|-immune|p1a: Charizard
|move|p1a: Charizard|Weather Ball|p2b: Gallade
|-activate|p2b: Gallade|move: Protect
|
|-weather|SunnyDay|[upkeep]
|-damage|p1b: Garchomp|2/100 brn|[from] brn
|upkeep
|turn|5
|
|t:|1784008444
|move|p1b: Garchomp|Earthquake|p2b: Gallade|[spread] p2b
|-immune|p1a: Charizard
|-damage|p2b: Gallade|69/100
|move|p1a: Charizard|Weather Ball|p2b: Gallade
|-damage|p2b: Gallade|0 fnt
|faint|p2b: Gallade
|
|win|Iceman5687
