|j|☆mikelpoyarzabal
|j|☆Liuk0000
|html|mikelpoyarzabalLiuk0000    
|uhtml|bestof|Game 1 of a best-of-3
|t:|1784752488
|gametype|doubles
|player|p1|mikelpoyarzabal|arven-s|1320
|player|p2|Liuk0000|dawn|1331
|gen|9
|tier|[Gen 9 Champions] VGC 2026 Reg M-B (Bo3)
|rated|
|rule|Species Clause: Limit one of each Pokémon
|rule|Item Clause: Limit 1 of each item
|clearpoke
|poke|p1|Tyranitar, L50, F|
|poke|p1|Excadrill, L50, M|
|poke|p1|Gholdengo, L50|
|poke|p1|Milotic, L50, F|
|poke|p1|Sinistcha, L50|
|poke|p1|Staraptor, L50, M|
|poke|p2|Basculegion, L50, M|
|poke|p2|Whimsicott, L50, M|
|poke|p2|Ninetales, L50, F|
|poke|p2|Pyroar, L50, M|
|poke|p2|Sylveon, L50, F|
|poke|p2|Raichu, L50, F|
|teampreview|4
|showteam|p1|Tyranitar||Tyranitarite|SandStream|RockSlide,KnockOff,LowKick,Protect|Jolly||F|||50|]Excadrill||FocusSash|SandRush|HighHorsepower,IronHead,RockSlide,Protect|Adamant||M|||50|]Gholdengo||LifeOrb|GoodasGold|ShadowBall,MakeItRain,NastyPlot,Protect|Modest|||||50|]Milotic||SitrusBerry|Competitive|Scald,IceBeam,IcyWind,Protect|Calm||F|||50|]Sinistcha||ColburBerry|Hospitality|MatchaGotcha,ShadowBall,RagePowder,Protect|Bold|||||50|]Staraptor||Staraptite|Intimidate|BraveBird,CloseCombat,Tailwind,Protect|Jolly||M|||50|
|showteam|p2|Basculegion||ChoiceScarf|Adaptability|WaveCrash,FlipTurn,LastRespects,AquaJet|Jolly||M|||50|]Whimsicott||FocusSash|Prankster|Tailwind,Moonblast,Encore,SunnyDay|Timid||M|||50|]Ninetales||HeatRock|Drought|WeatherBall,HelpingHand,Encore,Protect|Timid||F|||50|]Pyroar||Pyroarite|Rivalry|Round,HeatWave,Overheat,Protect|Timid||M|||50|]Sylveon||FairyFeather|Pixilate|HyperVoice,HyperBeam,Round,Detect|Modest||F|||50|]Raichu||RaichuniteY|Static|ZapCannon,FocusBlast,FakeOut,Protect|Timid||F|||50|
|inactive|Battle timer is ON: inactive players will automatically lose when time's up. (requested by Liuk0000)
|inactive|mikelpoyarzabal also wants the timer to be on.
|inactive|mikelpoyarzabal has 60 seconds left.
|inactive|Liuk0000 has 60 seconds left.
|inactive|Liuk0000 has 30 seconds left.
|inactive|Liuk0000 has 20 seconds left.
|inactive|Liuk0000 has 15 seconds left.
|inactive|Liuk0000 has 10 seconds left.
|inactive|Liuk0000 has 5 seconds left.
|
|t:|1784752578
|teamsize|p1|4
|teamsize|p2|4
|start
|switch|p1a: Excadrill|Excadrill, L50, M|100/100
|switch|p1b: Staraptor|Staraptor, L50, M|100/100
|switch|p2a: Sylveon|Sylveon, L50, F|100/100
|switch|p2b: Raichu|Raichu, L50, F|100/100
|-ability|p1b: Staraptor|Intimidate|boost
|-unboost|p2a: Sylveon|atk|1
|-unboost|p2b: Raichu|atk|1
|turn|1
|inactive|mikelpoyarzabal has 30 seconds left.
|
|t:|1784752608
|detailschange|p2b: Raichu|Raichu-Mega-Y, L50, F
|-mega|p2b: Raichu|Raichu|Raichunite Y
|move|p2b: Raichu|Fake Out|p1a: Excadrill
|-resisted|p1a: Excadrill|1
|-damage|p1a: Excadrill|95/100
|move|p1b: Staraptor|Tailwind|p1b: Staraptor
|-sidestart|p1: mikelpoyarzabal|move: Tailwind
|cant|p1a: Excadrill|flinch
|move|p2a: Sylveon|Hyper Voice|p1b: Staraptor|[spread] p1a,p1b
|-resisted|p1a: Excadrill|1
|-damage|p1a: Excadrill|60/100
|-damage|p1b: Staraptor|26/100
|
|upkeep
|turn|2
|inactive|Liuk0000 has 30 seconds left.
|inactive|Liuk0000 has 20 seconds left.
|inactive|Liuk0000 has 15 seconds left.
|inactive|Liuk0000 has 10 seconds left.
|inactive|Liuk0000 has 5 seconds left.
|
|t:|1784752662
|detailschange|p1b: Staraptor|Staraptor-Mega, L50, M
|-mega|p1b: Staraptor|Staraptor|Staraptite
|move|p2b: Raichu|Protect|p2b: Raichu
|-singleturn|p2b: Raichu|Protect
|move|p2a: Sylveon|Detect|p2a: Sylveon
|-singleturn|p2a: Sylveon|Protect
|move|p1b: Staraptor|Close Combat|p2b: Raichu
|-activate|p2b: Raichu|move: Protect
|move|p1a: Excadrill|Iron Head|p2a: Sylveon
|-activate|p2a: Sylveon|move: Protect
|
|upkeep
|turn|3
|inactive|Liuk0000 has 30 seconds left.
|
|t:|1784752688
|switch|p2b: Whimsicott|Whimsicott, L50, M|100/100
|switch|p2a: Basculegion|Basculegion, L50, M|100/100
|move|p1b: Staraptor|Close Combat|p2b: Whimsicott
|-resisted|p2b: Whimsicott|1
|-crit|p2b: Whimsicott
|-damage|p2b: Whimsicott|33/100
|-boost|p1b: Staraptor|def|1
|-boost|p1b: Staraptor|spd|1
|move|p1a: Excadrill|Iron Head|p2a: Basculegion
|-resisted|p2a: Basculegion|1
|-damage|p2a: Basculegion|67/100
|
|upkeep
|turn|4
|inactive|mikelpoyarzabal has 30 seconds left.
|inactive|Liuk0000 has 30 seconds left.
|inactive|Liuk0000 has 20 seconds left.
|inactive|Liuk0000 has 15 seconds left.
|inactive|Liuk0000 has 10 seconds left.
|inactive|Liuk0000 has 5 seconds left.
|
|t:|1784752741
|switch|p1b: Tyranitar|Tyranitar, L50, F|100/100
|-weather|Sandstorm|[from] ability: Sand Stream|[of] p1b: Tyranitar
|move|p2b: Whimsicott|Tailwind|p2b: Whimsicott
|-sidestart|p2: Liuk0000|move: Tailwind
|move|p1a: Excadrill|High Horsepower|p2a: Basculegion
|-damage|p2a: Basculegion|0 fnt
|faint|p2a: Basculegion
|
|-weather|Sandstorm|[upkeep]
|-damage|p2b: Whimsicott|27/100|[from] Sandstorm
|-sideend|p1: mikelpoyarzabal|move: Tailwind
|upkeep
|inactive|Liuk0000 has 30 seconds left.
|
|t:|1784752774
|switch|p2a: Raichu|Raichu-Mega-Y, L50, F|100/100
|turn|5
|inactive|mikelpoyarzabal has 30 seconds left.
|inactive|Liuk0000 has 30 seconds left.
|inactive|mikelpoyarzabal has 20 seconds left.
|inactive|Liuk0000 has 20 seconds left.
|inactive|mikelpoyarzabal has 15 seconds left.
|
|t:|1784752815
|switch|p1b: Sinistcha|Sinistcha, L50|100/100
|-heal|p1a: Excadrill|85/100|[from] ability: Hospitality|[of] p1b: Sinistcha
|move|p2b: Whimsicott|Sunny Day|p2b: Whimsicott
|-weather|SunnyDay
|move|p2a: Raichu|Focus Blast|p1a: Excadrill
|-supereffective|p1a: Excadrill|1
|-damage|p1a: Excadrill|0 fnt
|faint|p1a: Excadrill
|
|-weather|SunnyDay|[upkeep]
|upkeep
|
|t:|1784752823
|switch|p1a: Tyranitar|Tyranitar, L50, F|100/100
|-weather|Sandstorm|[from] ability: Sand Stream|[of] p1a: Tyranitar
|turn|6
|inactive|Liuk0000 has 30 seconds left.
|inactive|Liuk0000 has 20 seconds left.
|inactive|Liuk0000 has 15 seconds left.
|inactive|Liuk0000 has 10 seconds left.
|inactive|Liuk0000 has 5 seconds left.
|
|t:|1784752874
|switch|p2a: Sylveon|Sylveon, L50, F|100/100
|move|p1b: Sinistcha|Rage Powder|p1b: Sinistcha
|-singleturn|p1b: Sinistcha|move: Rage Powder
|move|p2b: Whimsicott|Sunny Day|p2b: Whimsicott
|-weather|SunnyDay
|move|p1a: Tyranitar|Rock Slide|p2a: Sylveon|[spread] p2a,p2b
|-damage|p2a: Sylveon|57/100
|-damage|p2b: Whimsicott|0 fnt
|faint|p2b: Whimsicott
|
|-weather|SunnyDay|[upkeep]
|upkeep
|
|t:|1784752884
|switch|p2b: Raichu|Raichu-Mega-Y, L50, F|100/100
|turn|7
|
|t:|1784752906
|switch|p1a: Staraptor|Staraptor-Mega, L50, M|26/100
|move|p1b: Sinistcha|Protect|p1b: Sinistcha
|-singleturn|p1b: Sinistcha|Protect
|move|p2b: Raichu|Fake Out|p1a: Staraptor
|-damage|p1a: Staraptor|18/100
|move|p2a: Sylveon|Hyper Voice|p1a: Staraptor|[spread] p1a
|-activate|p1b: Sinistcha|move: Protect
|-supereffective|p1a: Staraptor|1
|-crit|p1a: Staraptor
|-damage|p1a: Staraptor|0 fnt
|faint|p1a: Staraptor
|
|-weather|SunnyDay|[upkeep]
|-sideend|p2: Liuk0000|move: Tailwind
|upkeep
|
|t:|1784752914
|switch|p1a: Tyranitar|Tyranitar, L50, F|100/100
|-weather|Sandstorm|[from] ability: Sand Stream|[of] p1a: Tyranitar
|turn|8
|
|t:|1784752933
|move|p1b: Sinistcha|Rage Powder|p1b: Sinistcha
|-singleturn|p1b: Sinistcha|move: Rage Powder
|move|p2b: Raichu|Zap Cannon|p1b: Sinistcha
|-resisted|p1b: Sinistcha|1
|-damage|p1b: Sinistcha|69/100
|-status|p1b: Sinistcha|par
|move|p1a: Tyranitar|Rock Slide|p2a: Sylveon|[spread] p2a,p2b
|-damage|p2a: Sylveon|13/100
|-damage|p2b: Raichu|50/100y
|cant|p2a: Sylveon|flinch
|
|-weather|Sandstorm|[upkeep]
|-damage|p2b: Raichu|43/100|[from] Sandstorm
|-damage|p2a: Sylveon|8/100|[from] Sandstorm
|-damage|p1b: Sinistcha|64/100 par|[from] Sandstorm
|upkeep
|turn|9
|inactive|Liuk0000 has 30 seconds left.
|inactive|Liuk0000 has 20 seconds left.
|inactive|Liuk0000 has 15 seconds left.
|inactive|Liuk0000 has 10 seconds left.
|inactive|Liuk0000 has 5 seconds left.
|
|t:|1784752988
|move|p2b: Raichu|Protect|p2b: Raichu
|-singleturn|p2b: Raichu|Protect
|move|p1b: Sinistcha|Rage Powder|p1b: Sinistcha
|-singleturn|p1b: Sinistcha|move: Rage Powder
|move|p1a: Tyranitar|Rock Slide|p2a: Sylveon|[spread] p2a
|-activate|p2b: Raichu|move: Protect
|-damage|p2a: Sylveon|0 fnt
|faint|p2a: Sylveon
|
|-weather|Sandstorm|[upkeep]
|-damage|p2b: Raichu|37/100|[from] Sandstorm
|-damage|p1b: Sinistcha|58/100 par|[from] Sandstorm
|upkeep
|turn|10
|-message|Liuk0000 forfeited.
|
|win|mikelpoyarzabal
