|j|☆Quyt_DZ
|j|☆acmilanvgc
|html|Quyt_DZacmilanvgc    
|uhtml|bestof|Game 2 of a best-of-3
|t:|1785901272
|gametype|doubles
|player|p1|Quyt_DZ|lass-gen4dp|1110
|player|p2|acmilanvgc|misty|1144
|gen|9
|tier|[Gen 9 Champions] VGC 2026 Reg M-B (Bo3)
|rated|
|rule|Species Clause: Limit one of each Pokémon
|rule|Item Clause: Limit 1 of each item
|clearpoke
|poke|p1|Tyranitar, L50, F, shiny|
|poke|p1|Steelix, L50, F, shiny|
|poke|p1|Reuniclus, L50, F, shiny|
|poke|p1|Incineroar, L50, M, shiny|
|poke|p1|Meganium, L50, M, shiny|
|poke|p1|Palafin, L50, M|
|poke|p2|Excadrill, L50, M|
|poke|p2|Tyranitar, L50, M|
|poke|p2|Milotic, L50, M|
|poke|p2|Gholdengo, L50|
|poke|p2|Sinistcha, L50|
|poke|p2|Staraptor, L50, M|
|teampreview|4
|showteam|p1|Tyranitar||ExpertBelt|SandStream|KnockOff,Protect,RockSlide,LowKick|Adamant||F|||50|]Steelix||Steelixite|Sturdy|HeavySlam,HighHorsepower,Protect,WideGuard|Adamant||F|||50|]Reuniclus||LifeOrb|MagicGuard|Protect,TrickRoom,Psychic,FocusBlast|Quiet||F|||50|]Incineroar||WhiteHerb|Intimidate|FlareBlitz,CloseCombat,DarkestLariat,FakeOut|Adamant||M|||50|]Meganium||Meganiumite|LeafGuard|SolarBeam,WeatherBall,DazzlingGleam,Protect|Modest||M|||50|]Palafin||MysticWater|ZerotoHero|JetPunch,WaveCrash,CloseCombat,Protect|Adamant||M|||50|
|showteam|p2|Excadrill||FocusSash|SandRush|HighHorsepower,IronHead,RockSlide,Protect|Jolly||M|||50|]Tyranitar||Tyranitarite|SandStream|KnockOff,RockSlide,LowKick,Protect|Jolly||M|||50|]Milotic||SitrusBerry|Competitive|Scald,IcyWind,IceBeam,Protect|Calm||M|||50|]Gholdengo||LifeOrb|GoodasGold|MakeItRain,ShadowBall,Thunderbolt,Protect|Modest|||||50|]Sinistcha||ColburBerry|Hospitality|MatchaGotcha,RagePowder,TrickRoom,Protect|Bold|||||50|]Staraptor||Staraptite|Intimidate|CloseCombat,BraveBird,Tailwind,Protect|Jolly||M|||50|
|inactive|Battle timer is ON: inactive players will automatically lose when time's up. (requested by Quyt_DZ)
|inactive|acmilanvgc has 60 seconds left.
|j| Matt Why
|inactive|acmilanvgc has 30 seconds left.
|
|t:|1785901338
|teamsize|p1|4
|teamsize|p2|4
|start
|switch|p1a: Eat!Gummy|Reuniclus, L50, F, shiny|100/100
|switch|p1b: con meo xau xa|Incineroar, L50, M, shiny|100/100
|switch|p2a: Sinistcha|Sinistcha, L50|100/100
|switch|p2b: Gholdengo|Gholdengo, L50|100/100
|-ability|p1b: con meo xau xa|Intimidate|boost
|-unboost|p2a: Sinistcha|atk|1
|-unboost|p2b: Gholdengo|atk|1
|turn|1
|
|t:|1785901353
|move|p1a: Eat!Gummy|Protect|p1a: Eat!Gummy
|-singleturn|p1a: Eat!Gummy|Protect
|move|p2a: Sinistcha|Rage Powder|p2a: Sinistcha
|-singleturn|p2a: Sinistcha|move: Rage Powder
|move|p2b: Gholdengo|Shadow Ball|p1a: Eat!Gummy
|-activate|p1a: Eat!Gummy|move: Protect
|move|p1b: con meo xau xa|Flare Blitz|p2a: Sinistcha
|-supereffective|p2a: Sinistcha|1
|-damage|p2a: Sinistcha|1/100
|-damage|p1b: con meo xau xa|71/100|[from] Recoil
|
|upkeep
|turn|2
|inactive|acmilanvgc has 30 seconds left.
|inactive|Quyt_DZ has 30 seconds left.
|
|t:|1785901386
|switch|p1a: EX Tyrant|Tyranitar, L50, F, shiny|100/100
|-weather|Sandstorm|[from] ability: Sand Stream|[of] p1a: EX Tyrant
|move|p2a: Sinistcha|Rage Powder|p2a: Sinistcha
|-singleturn|p2a: Sinistcha|move: Rage Powder
|move|p2b: Gholdengo|Shadow Ball|p1a: EX Tyrant
|-resisted|p1a: EX Tyrant|1
|-damage|p1a: EX Tyrant|85/100
|-damage|p2b: Gholdengo|90/100|[from] item: Life Orb
|move|p1b: con meo xau xa|Flare Blitz|p2a: Sinistcha
|-supereffective|p2a: Sinistcha|1
|-damage|p2a: Sinistcha|0 fnt
|faint|p2a: Sinistcha
|-damage|p1b: con meo xau xa|70/100|[from] Recoil
|
|-weather|Sandstorm|[upkeep]
|-damage|p1b: con meo xau xa|64/100|[from] Sandstorm
|upkeep
|
|t:|1785901397
|switch|p2a: Staraptor|Staraptor, L50, M|100/100
|-ability|p2a: Staraptor|Intimidate|boost
|-unboost|p1a: EX Tyrant|atk|1
|-unboost|p1b: con meo xau xa|atk|1
|-enditem|p1b: con meo xau xa|White Herb
|-clearnegativeboost|p1b: con meo xau xa|[silent]
|turn|3
|
|t:|1785901419
|switch|p2b: Excadrill|Excadrill, L50, M|100/100
|detailschange|p2a: Staraptor|Staraptor-Mega, L50, M
|-mega|p2a: Staraptor|Staraptor|Staraptite
|move|p2a: Staraptor|Close Combat|p1b: con meo xau xa
|-supereffective|p1b: con meo xau xa|1
|-damage|p1b: con meo xau xa|0 fnt
|-boost|p2a: Staraptor|def|1
|-boost|p2a: Staraptor|spd|1
|faint|p1b: con meo xau xa
|move|p1a: EX Tyrant|Knock Off|p2b: Excadrill
|-damage|p2b: Excadrill|48/100
|-enditem|p2b: Excadrill|Focus Sash|[from] move: Knock Off|[of] p1a: EX Tyrant
|
|-weather|Sandstorm|[upkeep]
|-damage|p2a: Staraptor|94/100|[from] Sandstorm
|upkeep
|
|t:|1785901427
|switch|p1b: Eat!Gummy|Reuniclus, L50, F, shiny|100/100
|turn|4
|inactive|Quyt_DZ has 30 seconds left.
|inactive|acmilanvgc has 30 seconds left.
|
|t:|1785901461
|switch|p1a: Iron Serpent|Steelix, L50, F, shiny|100/100
|move|p2b: Excadrill|High Horsepower|p1b: Eat!Gummy
|-damage|p1b: Eat!Gummy|48/100
|move|p2a: Staraptor|Brave Bird|p1b: Eat!Gummy
|-damage|p1b: Eat!Gummy|0 fnt
|faint|p1b: Eat!Gummy
|-damage|p2a: Staraptor|75/100|[from] Recoil
|
|-weather|Sandstorm|[upkeep]
|-damage|p2a: Staraptor|70/100|[from] Sandstorm
|upkeep
|
|t:|1785901473
|switch|p1b: EX Tyrant|Tyranitar, L50, F, shiny|85/100
|turn|5
|l| Matt Why
|
|t:|1785901494
|detailschange|p1a: Iron Serpent|Steelix-Mega, L50, F, shiny
|-mega|p1a: Iron Serpent|Steelix|Steelixite
|move|p2a: Staraptor|Protect|p2a: Staraptor
|-singleturn|p2a: Staraptor|Protect
|move|p2b: Excadrill|Iron Head|p1b: EX Tyrant
|-supereffective|p1b: EX Tyrant|1
|-damage|p1b: EX Tyrant|12/100
|cant|p1b: EX Tyrant|flinch
|move|p1a: Iron Serpent|Heavy Slam|p2a: Staraptor
|-activate|p2a: Staraptor|move: Protect
|
|-weather|Sandstorm|[upkeep]
|-damage|p2a: Staraptor|64/100|[from] Sandstorm
|upkeep
|turn|6
|
|t:|1785901511
|move|p2b: Excadrill|Iron Head|p1b: EX Tyrant
|-supereffective|p1b: EX Tyrant|1
|-damage|p1b: EX Tyrant|0 fnt
|faint|p1b: EX Tyrant
|move|p2a: Staraptor|Close Combat|p1a: Iron Serpent
|-supereffective|p1a: Iron Serpent|1
|-damage|p1a: Iron Serpent|47/100
|-boost|p2a: Staraptor|def|1
|-boost|p2a: Staraptor|spd|1
|move|p1a: Iron Serpent|Heavy Slam|p2a: Staraptor
|-damage|p2a: Staraptor|24/100
|
|-weather|none
|upkeep
|turn|7
|
|t:|1785901533
|move|p2a: Staraptor|Close Combat|p1a: Iron Serpent
|-supereffective|p1a: Iron Serpent|1
|-damage|p1a: Iron Serpent|0 fnt
|-boost|p2a: Staraptor|def|1
|-boost|p2a: Staraptor|spd|1
|faint|p1a: Iron Serpent
|
|win|acmilanvgc
|raw|Quyt_DZ's rating: 1110 → 1087(-23 for losing)
|raw|acmilanvgc's rating: 1144 → 1167(+23 for winning)
|l|☆Quyt_DZ
|player|p1|
|l|☆acmilanvgc
|player|p2|
|j|☆acmilanvgc
|player|p2|acmilanvgc|misty|
