|j|☆J4yz1lla
|j|☆lux raymundi
|html|J4yz1llalux raymundi    
|uhtml|bestof|Game 2 of a best-of-3
|t:|1784648658
|gametype|doubles
|player|p1|J4yz1lla|riley|1209
|player|p2|lux raymundi|2|1330
|gen|9
|tier|[Gen 9 Champions] VGC 2026 Reg M-B (Bo3)
|rated|
|rule|Species Clause: Limit one of each Pokémon
|rule|Item Clause: Limit 1 of each item
|clearpoke
|poke|p1|Tyranitar, L50, F|
|poke|p1|Farigiraf, L50, M|
|poke|p1|Rotom-Wash, L50|
|poke|p1|Aegislash, L50, F|
|poke|p1|Aerodactyl, L50, F|
|poke|p1|Scovillain, L50, M|
|poke|p2|Sneasler, L50, M|
|poke|p2|Blastoise, L50, M|
|poke|p2|Kingambit, L50, M|
|poke|p2|Incineroar, L50, M|
|poke|p2|Delphox, L50, F|
|poke|p2|Sinistcha, L50|
|teampreview|4
|showteam|p1|Tyranitar||Tyranitarite|SandStream|Crunch,Earthquake,Protect,RockSlide|Adamant||F|||50|]Farigiraf||SitrusBerry|ArmorTail|TrickRoom,Roar,Psychic,HyperVoice|Quiet||M|||50|]Rotom-Wash||Magnet|Levitate|LightScreen,Thunderbolt,WillOWisp,HydroPump|Calm|||||50|]Aegislash||SpellTag|StanceChange|KingsShield,ShadowSneak,IronHead,SacredSword|Adamant||F|||50|]Aerodactyl||FocusSash|Unnerve|StealthRock,Tailwind,DualWingbeat,WideGuard|Jolly||F|||50|]Scovillain||Scovillainite|Moody|RagePowder,LeechSeed,Protect,Overheat|Calm||M|||50|
|showteam|p2|Sneasler||FocusSash|PoisonTouch|PoisonJab,CloseCombat,FakeOut,QuickGuard|Jolly||M|||50|]Blastoise||Blastoisinite|RainDish|DarkPulse,WaterSpout,ShellSmash,Protect|Modest||M|||50|]Kingambit||BlackGlasses|Defiant|KowtowCleave,SuckerPunch,SwordsDance,Protect|Adamant||M|||50|]Incineroar||SitrusBerry|Intimidate|FlareBlitz,ThroatChop,PartingShot,FakeOut|Careful||M|||50|]Delphox||Delphoxite|Blaze|HeatWave,NastyPlot,Psychic,Protect|Timid||F|||50|]Sinistcha||KasibBerry|Hospitality|MatchaGotcha,RagePowder,TrickRoom,Protect|Bold|||||50|
|
|t:|1784648697
|teamsize|p1|4
|teamsize|p2|4
|start
|switch|p1a: Scovillain|Scovillain, L50, M|100/100
|switch|p1b: Farigiraf|Farigiraf, L50, M|100/100
|switch|p2a: Sneasler|Sneasler, L50, M|100/100
|switch|p2b: Blastoise|Blastoise, L50, M|100/100
|turn|1
|
|t:|1784648724
|detailschange|p2b: Blastoise|Blastoise-Mega, L50, M
|-mega|p2b: Blastoise|Blastoise|Blastoisinite
|detailschange|p1a: Scovillain|Scovillain-Mega, L50, M
|-mega|p1a: Scovillain|Scovillain|Scovillainite
|move|p1a: Scovillain|Rage Powder|p1a: Scovillain
|-singleturn|p1a: Scovillain|move: Rage Powder
|move|p2a: Sneasler|Poison Jab|p1a: Scovillain
|-supereffective|p1a: Scovillain|1
|-damage|p1a: Scovillain|8/100
|-status|p1a: Scovillain|psn
|-status|p2a: Sneasler|brn|[from] ability: Spicy Spray|[of] p1a: Scovillain
|move|p2b: Blastoise|Shell Smash|p2b: Blastoise
|-unboost|p2b: Blastoise|def|1
|-unboost|p2b: Blastoise|spd|1
|-boost|p2b: Blastoise|atk|2
|-boost|p2b: Blastoise|spa|2
|-boost|p2b: Blastoise|spe|2
|move|p1b: Farigiraf|Trick Room|p1b: Farigiraf
|-fieldstart|move: Trick Room|[of] p1b: Farigiraf
|
|-damage|p1a: Scovillain|0 fnt|[from] psn
|faint|p1a: Scovillain
|-damage|p2a: Sneasler|94/100 brn|[from] brn
|upkeep
|
|t:|1784648732
|switch|p1a: Rotom|Rotom-Wash, L50|100/100
|turn|2
|
|t:|1784648754
|switch|p2b: Kingambit|Kingambit, L50, M|100/100
|move|p1b: Farigiraf|Psychic|p2a: Sneasler
|-supereffective|p2a: Sneasler|2
|-damage|p2a: Sneasler|0 fnt
|faint|p2a: Sneasler
|move|p1a: Rotom|Thunderbolt|p2b: Kingambit
|-damage|p2b: Kingambit|60/100
|
|upkeep
|
|t:|1784648759
|switch|p2a: Sinistcha|Sinistcha, L50|100/100
|-heal|p2b: Kingambit|85/100|[from] ability: Hospitality|[of] p2a: Sinistcha
|turn|3
|
|t:|1784648775
|move|p2a: Sinistcha|Rage Powder|p2a: Sinistcha
|-singleturn|p2a: Sinistcha|move: Rage Powder
|move|p2b: Kingambit|Kowtow Cleave|p1b: Farigiraf
|-supereffective|p1b: Farigiraf|1
|-damage|p1b: Farigiraf|10/100
|-enditem|p1b: Farigiraf|Sitrus Berry|[eat]
|-heal|p1b: Farigiraf|35/100|[from] item: Sitrus Berry
|move|p1a: Rotom|Will-O-Wisp|p2a: Sinistcha
|-status|p2a: Sinistcha|brn
|move|p1b: Farigiraf|Trick Room|p1b: Farigiraf
|-fieldend|move: Trick Room
|
|-damage|p2a: Sinistcha|93/100 brn|[from] brn
|upkeep
|turn|4
|
|t:|1784648808
|move|p2a: Sinistcha|Rage Powder|p2a: Sinistcha
|-singleturn|p2a: Sinistcha|move: Rage Powder
|move|p1a: Rotom|Hydro Pump|p2a: Sinistcha
|-resisted|p2a: Sinistcha|1
|-damage|p2a: Sinistcha|71/100 brn
|move|p1b: Farigiraf|Psychic|p2a: Sinistcha
|-crit|p2a: Sinistcha
|-damage|p2a: Sinistcha|13/100 brn
|move|p2b: Kingambit|Kowtow Cleave|p1b: Farigiraf
|-supereffective|p1b: Farigiraf|1
|-damage|p1b: Farigiraf|0 fnt
|faint|p1b: Farigiraf
|
|-damage|p2a: Sinistcha|7/100 brn|[from] brn
|upkeep
|
|t:|1784648815
|switch|p1b: Tyranitar|Tyranitar, L50, F|100/100
|-weather|Sandstorm|[from] ability: Sand Stream|[of] p1b: Tyranitar
|turn|5
|
|t:|1784648833
|move|p2a: Sinistcha|Rage Powder|p2a: Sinistcha
|-singleturn|p2a: Sinistcha|move: Rage Powder
|move|p1a: Rotom|Will-O-Wisp|p2a: Sinistcha
|-fail|p2a: Sinistcha|brn
|move|p1b: Tyranitar|Earthquake|p2b: Kingambit|[spread] p2a,p2b
|-immune|p1a: Rotom|[from] ability: Levitate
|-resisted|p2a: Sinistcha|1
|-supereffective|p2b: Kingambit|1
|-damage|p2a: Sinistcha|0 fnt
|-damage|p2b: Kingambit|42/100
|faint|p2a: Sinistcha
|move|p2b: Kingambit|Kowtow Cleave|p1a: Rotom
|-damage|p1a: Rotom|34/100
|
|-weather|Sandstorm|[upkeep]
|-damage|p1a: Rotom|28/100|[from] Sandstorm
|upkeep
|
|t:|1784648846
|switch|p2a: Blastoise|Blastoise-Mega, L50, M|100/100
|turn|6
|
|t:|1784648859
|move|p1b: Tyranitar|Protect|p1b: Tyranitar
|-singleturn|p1b: Tyranitar|Protect
|move|p2b: Kingambit|Protect|p2b: Kingambit
|-singleturn|p2b: Kingambit|Protect
|move|p2a: Blastoise|Water Spout|p1a: Rotom|[spread] p1a
|-activate|p1b: Tyranitar|move: Protect
|-resisted|p1a: Rotom|1
|-damage|p1a: Rotom|0 fnt
|faint|p1a: Rotom
|
|-weather|Sandstorm|[upkeep]
|-damage|p2a: Blastoise|94/100|[from] Sandstorm
|upkeep
|turn|7
|
|t:|1784648875
|move|p2b: Kingambit|Sucker Punch|p1b: Tyranitar
|-resisted|p1b: Tyranitar|1
|-damage|p1b: Tyranitar|81/100
|move|p2a: Blastoise|Water Spout|p1b: Tyranitar
|-supereffective|p1b: Tyranitar|1
|-damage|p1b: Tyranitar|0 fnt
|faint|p1b: Tyranitar
|
|win|lux raymundi
|raw|J4yz1lla's rating: 1209 → 1192(-17 for losing)
|raw|lux raymundi's rating: 1330 → 1343(+13 for winning)
