|j|☆Bahamate
|j|☆mamoswinefanboi
|html|Bahamatemamoswinefanboi    
|uhtml|bestof|Game 2 of a best-of-3
|t:|1757911783
|gametype|doubles
|player|p1|Bahamate|grimsley|1378
|player|p2|mamoswinefanboi|preschooler|1445
|gen|9
|tier|[Gen 9] VGC 2025 Reg H (Bo3)
|rated|
|rule|Species Clause: Limit one of each Pokémon
|rule|Item Clause: Limit 1 of each item
|clearpoke
|poke|p1|Ceruledge, L50, M|
|poke|p1|Grimmsnarl, L50, M|
|poke|p1|Annihilape, L50, M|
|poke|p1|Electabuzz, L50, F|
|poke|p1|Rillaboom, L50, M|
|poke|p1|Ursaluna-Bloodmoon, L50, M|
|poke|p2|Rillaboom, L50, M|
|poke|p2|Incineroar, L50, M|
|poke|p2|Ursaluna-Bloodmoon, L50, M|
|poke|p2|Sneasler, L50, F|
|poke|p2|Dondozo, L50, M|
|poke|p2|Gholdengo, L50|
|teampreview|4
|showteam|p1|Ceruledge||AssaultVest|FlashFire|BitterBlade,ShadowSneak,TeraBlast,ClearSmog|||M|||50|,,,,,Grass]Grimmsnarl||LightClay|Prankster|Reflect,LightScreen,FoulPlay,MistyTerrain|||M|||50|,,,,,Ghost]Annihilape||SafetyGoggles|Defiant|RageFist,DrainPunch,BulkUp,Protect|||M|||50|,,,,,Fire]Electabuzz||Eviolite|VitalSpirit|Electroweb,FollowMe,Protect,Taunt|||F|||50|,,,,,Bug]Rillaboom||MiracleSeed|GrassySurge|WoodHammer,GrassyGlide,HighHorsepower,FakeOut|||M|||50|,,,,,Fire]Ursaluna-Bloodmoon||Leftovers|MindsEye|BloodMoon,CalmMind,EarthPower,Protect|||M|||50|,,,,,Electric
|showteam|p2|Rillaboom||MiracleSeed|GrassySurge|WoodHammer,FakeOut,GrassyGlide,HighHorsepower|||M|||50|,,,,,Grass]Incineroar||SafetyGoggles|Intimidate|FakeOut,FlareBlitz,KnockOff,PartingShot|||M|||50|,,,,,Ghost]Ursaluna-Bloodmoon||AssaultVest|MindsEye|BloodMoon,EarthPower,HyperVoice,VacuumWave|||M|||50|,,,,,Electric]Sneasler||GrassySeed|Unburden|CloseCombat,Acrobatics,SwordsDance,Protect|||F|||50|,,,,,Flying]Dondozo||Leftovers|Unaware|Protect,WaveCrash,Fissure,Yawn|||M|||50|,,,,,Bug]Gholdengo||LifeOrb|GoodasGold|MakeItRain,ShadowBall,NastyPlot,Protect||||||50|,,,,,Water
|
|t:|1757911831
|teamsize|p1|4
|teamsize|p2|4
|start
|switch|p1a: Ceruledge|Ceruledge, L50, M|100/100
|switch|p1b: Grimmsnarl|Grimmsnarl, L50, M|100/100
|switch|p2a: Sneasler|Sneasler, L50, F|100/100
|switch|p2b: Rillaboom|Rillaboom, L50, M|100/100
|-fieldstart|move: Grassy Terrain|[from] ability: Grassy Surge|[of] p2b: Rillaboom
|-enditem|p2a: Sneasler|Grassy Seed
|-boost|p2a: Sneasler|def|1|[from] item: Grassy Seed
|turn|1
|
|t:|1757911845
|move|p2b: Rillaboom|Fake Out|p1b: Grimmsnarl
|-damage|p1b: Grimmsnarl|84/100
|cant|p1b: Grimmsnarl|flinch
|move|p2a: Sneasler|Swords Dance|p2a: Sneasler
|-boost|p2a: Sneasler|atk|2
|move|p1a: Ceruledge|Bitter Blade|p2b: Rillaboom
|-supereffective|p2b: Rillaboom
|-damage|p2b: Rillaboom|5/100
|
|-heal|p2b: Rillaboom|11/100|[from] Grassy Terrain
|-heal|p1b: Grimmsnarl|90/100|[from] Grassy Terrain
|upkeep
|turn|2
|
|t:|1757911860
|move|p2b: Rillaboom|Grassy Glide|p1b: Grimmsnarl
|-damage|p1b: Grimmsnarl|38/100
|move|p1b: Grimmsnarl|Reflect|p1b: Grimmsnarl
|-sidestart|p1: Bahamate|Reflect
|move|p2a: Sneasler|Acrobatics|p1b: Grimmsnarl
|-damage|p1b: Grimmsnarl|0 fnt
|faint|p1b: Grimmsnarl
|move|p1a: Ceruledge|Bitter Blade|p2a: Sneasler
|-damage|p2a: Sneasler|44/100
|
|-heal|p2a: Sneasler|50/100|[from] Grassy Terrain
|-heal|p2b: Rillaboom|16/100|[from] Grassy Terrain
|upkeep
|
|t:|1757911872
|switch|p1b: Electabuzz|Electabuzz, L50, F|100/100
|turn|3
|
|t:|1757911880
|move|p2a: Sneasler|Protect|p2a: Sneasler
|-singleturn|p2a: Sneasler|Protect
|move|p1b: Electabuzz|Protect|p1b: Electabuzz
|-singleturn|p1b: Electabuzz|Protect
|move|p2b: Rillaboom|Grassy Glide|p1b: Electabuzz
|-activate|p1b: Electabuzz|move: Protect
|move|p1a: Ceruledge|Bitter Blade|p2a: Sneasler
|-activate|p2a: Sneasler|move: Protect
|
|-heal|p2a: Sneasler|56/100|[from] Grassy Terrain
|-heal|p2b: Rillaboom|22/100|[from] Grassy Terrain
|upkeep
|turn|4
|
|t:|1757911902
|-terastallize|p1b: Electabuzz|Bug
|move|p2b: Rillaboom|Grassy Glide|p1b: Electabuzz
|-resisted|p1b: Electabuzz
|-damage|p1b: Electabuzz|84/100
|move|p2a: Sneasler|Close Combat|p1b: Electabuzz
|-resisted|p1b: Electabuzz
|-damage|p1b: Electabuzz|37/100
|-unboost|p2a: Sneasler|def|1
|-unboost|p2a: Sneasler|spd|1
|move|p1b: Electabuzz|Electroweb|p2b: Rillaboom|[spread] p2a,p2b
|-resisted|p2b: Rillaboom
|-damage|p2a: Sneasler|26/100
|-damage|p2b: Rillaboom|14/100
|-unboost|p2a: Sneasler|spe|1
|-unboost|p2b: Rillaboom|spe|1
|move|p1a: Ceruledge|Bitter Blade|p2a: Sneasler
|-damage|p2a: Sneasler|0 fnt
|faint|p2a: Sneasler
|
|-heal|p1b: Electabuzz|43/100|[from] Grassy Terrain
|-heal|p2b: Rillaboom|20/100|[from] Grassy Terrain
|upkeep
|
|t:|1757911904
|switch|p2a: Incineroar|Incineroar, L50, M|100/100
|-ability|p2a: Incineroar|Intimidate|boost
|-unboost|p1a: Ceruledge|atk|1
|-unboost|p1b: Electabuzz|atk|1
|turn|5
|
|t:|1757911924
|switch|p1b: Ursaluna|Ursaluna-Bloodmoon, L50, M|100/100
|switch|p2b: Dondozo|Dondozo, L50, M|100/100
|move|p1a: Ceruledge|Bitter Blade|p2b: Dondozo
|-resisted|p2b: Dondozo
|-damage|p2b: Dondozo|84/100
|move|p2a: Incineroar|Flare Blitz|p1b: Ursaluna
|-damage|p1b: Ursaluna|76/100
|-damage|p2a: Incineroar|92/100|[from] Recoil
|
|-heal|p2a: Incineroar|98/100|[from] Grassy Terrain
|-heal|p1b: Ursaluna|82/100|[from] Grassy Terrain
|-heal|p1b: Ursaluna|88/100|[from] item: Leftovers
|-heal|p2b: Dondozo|91/100|[from] Grassy Terrain
|-heal|p2b: Dondozo|97/100|[from] item: Leftovers
|-fieldend|move: Grassy Terrain
|upkeep
|turn|6
|
|t:|1757911938
|switch|p1a: Electabuzz|Electabuzz, L50, F, tera:Bug|43/100
|move|p2a: Incineroar|Knock Off|p1b: Ursaluna
|-damage|p1b: Ursaluna|66/100
|-enditem|p1b: Ursaluna|Leftovers|[from] move: Knock Off|[of] p2a: Incineroar
|move|p1b: Ursaluna|Blood Moon|p2b: Dondozo
|-crit|p2b: Dondozo
|-damage|p2b: Dondozo|16/100
|move|p2b: Dondozo|Yawn|p1b: Ursaluna
|-start|p1b: Ursaluna|move: Yawn|[of] p2b: Dondozo
|
|-heal|p2b: Dondozo|22/100|[from] item: Leftovers
|upkeep
|turn|7
|
|t:|1757911955
|switch|p1b: Ceruledge|Ceruledge, L50, M|100/100
|-terastallize|p2a: Incineroar|Ghost
|move|p2b: Dondozo|Protect|p2b: Dondozo
|-singleturn|p2b: Dondozo|Protect
|move|p1a: Electabuzz|Electroweb|p2a: Incineroar|[spread] p2a
|-activate|p2b: Dondozo|move: Protect
|-damage|p2a: Incineroar|86/100
|-unboost|p2a: Incineroar|spe|1
|move|p2a: Incineroar|Flare Blitz|p1a: Electabuzz
|-supereffective|p1a: Electabuzz
|-damage|p1a: Electabuzz|0 fnt
|faint|p1a: Electabuzz
|-damage|p2a: Incineroar|74/100|[from] Recoil
|
|-heal|p2b: Dondozo|29/100|[from] item: Leftovers
|upkeep
|
|t:|1757911961
|switch|p1a: Ursaluna|Ursaluna-Bloodmoon, L50, M|66/100
|turn|8
|
|t:|1757911973
|move|p1b: Ceruledge|Bitter Blade|p2a: Incineroar
|-damage|p2a: Incineroar|23/100
|move|p1a: Ursaluna|Blood Moon|p2b: Dondozo
|-damage|p2b: Dondozo|0 fnt
|faint|p2b: Dondozo
|move|p2a: Incineroar|Knock Off|p1b: Ceruledge
|-supereffective|p1b: Ceruledge
|-damage|p1b: Ceruledge|28/100
|-enditem|p1b: Ceruledge|Assault Vest|[from] move: Knock Off|[of] p2a: Incineroar
|
|upkeep
|
|t:|1757911979
|switch|p2b: Rillaboom|Rillaboom, L50, M|20/100
|-fieldstart|move: Grassy Terrain|[from] ability: Grassy Surge|[of] p2b: Rillaboom
|turn|9
|
|t:|1757911993
|move|p1b: Ceruledge|Shadow Sneak|p2a: Incineroar
|-supereffective|p2a: Incineroar
|-damage|p2a: Incineroar|0 fnt
|faint|p2a: Incineroar
|move|p2b: Rillaboom|Wood Hammer|p1a: Ursaluna
|-supereffective|p1a: Ursaluna
|-damage|p1a: Ursaluna|0 fnt
|faint|p1a: Ursaluna
|-damage|p2b: Rillaboom|0 fnt|[from] Recoil
|faint|p2b: Rillaboom
|
|win|Bahamate
||Bahamate is ready for game 3.
||mamoswinefanboi is ready for game 3.
|uhtml|next|Next: Game 3 of 3
|l|☆Bahamate
|player|p1|
