|j|☆SwagbossVillage
|j|☆Z4RDEL
|html|SwagbossVillageZ4RDEL    
|uhtml|bestof|Game 3 of a best-of-3
|t:|1782344086
|gametype|doubles
|player|p1|SwagbossVillage|101|1048
|player|p2|Z4RDEL|miku-fire|1055
|gen|9
|tier|[Gen 9 Champions] VGC 2026 Reg M-B (Bo3)
|rated|
|rule|Species Clause: Limit one of each Pokémon
|rule|Item Clause: Limit 1 of each item
|clearpoke
|poke|p1|Kingambit, L50, F|
|poke|p1|Mr. Rime, L50, M, shiny|
|poke|p1|Pinsir, L50, M|
|poke|p1|Basculegion, L50, M|
|poke|p1|Incineroar, L50, F|
|poke|p1|Toxapex, L50, F|
|poke|p2|Charizard, L50, M|
|poke|p2|Sylveon, L50, F|
|poke|p2|Kingambit, L50, M|
|poke|p2|Basculegion, L50, M|
|poke|p2|Garchomp, L50, F|
|poke|p2|Aerodactyl, L50, M|
|teampreview|4
|showteam|p1|Kingambit||LifeOrb|SupremeOverlord|SuckerPunch,SwordsDance,LowKick,Protect|Serious||F|||50|]Mr. Rime||FocusSash|ScreenCleaner|FakeOut,Blizzard,Protect,MirrorCoat|Serious||M|||50|]Pinsir||Pinsirite|HyperCutter|BodySlam,SwordsDance,Pounce,QuickAttack|Serious||M|||50|]Basculegion||BrightPowder|Adaptability|LastRespects,AquaJet,WaveCrash,Protect|Adamant||M|||50|]Incineroar||SitrusBerry|Intimidate|PartingShot,FlareBlitz,Protect,BulkUp|Serious||F|||50|]Toxapex||Leftovers|Regenerator|Infestation,Toxic,BanefulBunker,WideGuard|Bold||F|||50|
|showteam|p2|Charizard||CharizarditeY|Blaze|HeatWave,SolarBeam,WeatherBall,Protect|Modest||M|||50|]Sylveon||FairyFeather|Pixilate|Detect,HyperVoice,Yawn,QuickAttack|Modest||F|||50|]Kingambit||ChopleBerry|Defiant|SuckerPunch,KowtowCleave,LowKick,IronHead|Adamant||M|||50|]Basculegion||FocusSash|Adaptability|Protect,LastRespects,AquaJet,Liquidation|Adamant||M|||50|]Garchomp||SitrusBerry|RoughSkin|RockTomb,Earthquake,DragonClaw,Protect|Jolly||F|||50|]Aerodactyl||Aerodactylite|Unnerve|Tailwind,DualWingbeat,RockSlide,WideGuard|Jolly||M|||50|
|inactive|Battle timer is ON: inactive players will automatically lose when time's up. (requested by Z4RDEL)
|
|t:|1782344113
|teamsize|p1|4
|teamsize|p2|4
|start
|switch|p1a: Mr. Rime|Mr. Rime, L50, M, shiny|100/100
|switch|p1b: Pinsir|Pinsir, L50, M|100/100
|switch|p2a: Charizard|Charizard, L50, M|100/100
|switch|p2b: Garchomp|Garchomp, L50, F|100/100
|turn|1
|
|t:|1782344138
|switch|p1b: Toxapex|Toxapex, L50, F|100/100
|detailschange|p2a: Charizard|Charizard-Mega-Y, L50, M
|-mega|p2a: Charizard|Charizard|Charizardite Y
|-weather|SunnyDay|[from] ability: Drought|[of] p2a: Charizard
|move|p2b: Garchomp|Rock Tomb|p1b: Toxapex
|-damage|p1b: Toxapex|89/100
|-unboost|p1b: Toxapex|spe|1
|move|p2a: Charizard|Heat Wave|p1a: Mr. Rime|[spread] p1a,p1b
|-supereffective|p1a: Mr. Rime|1
|-resisted|p1b: Toxapex|1
|-enditem|p1a: Mr. Rime|Focus Sash
|-damage|p1a: Mr. Rime|1/100
|-damage|p1b: Toxapex|63/100
|move|p1a: Mr. Rime|Mirror Coat|p2a: Charizard
|-damage|p2a: Charizard|0 fnt
|faint|p2a: Charizard
|
|-weather|SunnyDay|[upkeep]
|-heal|p1b: Toxapex|69/100|[from] item: Leftovers
|upkeep
|
|t:|1782344162
|switch|p2a: Kingambit|Kingambit, L50, M|100/100
|turn|2
|
|t:|1782344194
|move|p2b: Garchomp|Earthquake|p1a: Mr. Rime|[spread] p2a,p1a,p1b
|-supereffective|p2a: Kingambit|1
|-supereffective|p1b: Toxapex|1
|-damage|p2a: Kingambit|41/100
|-damage|p1a: Mr. Rime|0 fnt
|-damage|p1b: Toxapex|23/100
|faint|p1a: Mr. Rime
|move|p2a: Kingambit|Iron Head|p1b: Toxapex
|-resisted|p1b: Toxapex|1
|-crit|p1b: Toxapex
|-damage|p1b: Toxapex|3/100
|move|p1b: Toxapex|Infestation|p2a: Kingambit
|-damage|p2a: Kingambit|37/100
|-activate|p2a: Kingambit|move: Infestation|[of] p1b: Toxapex
|
|-weather|SunnyDay|[upkeep]
|-heal|p1b: Toxapex|9/100|[from] item: Leftovers
|-damage|p2a: Kingambit|25/100|[from] move: Infestation|[partiallytrapped]
|upkeep
|
|t:|1782344216
|switch|p1a: Pinsir|Pinsir, L50, M|100/100
|turn|3
|
|t:|1782344246
|detailschange|p1a: Pinsir|Pinsir-Mega, L50, M
|-mega|p1a: Pinsir|Pinsir|Pinsirite
|move|p2a: Kingambit|Sucker Punch|p1a: Pinsir
|-damage|p1a: Pinsir|60/100
|move|p1a: Pinsir|Body Slam|p2a: Kingambit
|-resisted|p2a: Kingambit|1
|-damage|p2a: Kingambit|0 fnt
|faint|p2a: Kingambit
|move|p2b: Garchomp|Rock Tomb|p1a: Pinsir
|-supereffective|p1a: Pinsir|2
|-damage|p1a: Pinsir|0 fnt
|faint|p1a: Pinsir
|move|p1b: Toxapex|Toxic|p2b: Garchomp
|-status|p2b: Garchomp|tox
|
|-weather|SunnyDay|[upkeep]
|-heal|p1b: Toxapex|15/100|[from] item: Leftovers
|-damage|p2b: Garchomp|93/100 tox|[from] psn
|upkeep
|
|t:|1782344265
|switch|p1a: Kingambit|Kingambit, L50, F|100/100
|switch|p2a: Sylveon|Sylveon, L50, F|100/100
|-activate|p1a: Kingambit|ability: Supreme Overlord
|-start|p1a: Kingambit|fallen2|[silent]
|turn|4
|
|t:|1782344283
|move|p2b: Garchomp|Protect|p2b: Garchomp
|-singleturn|p2b: Garchomp|Protect
|move|p1b: Toxapex|Baneful Bunker|p1b: Toxapex
|-singleturn|p1b: Toxapex|move: Protect
|move|p1a: Kingambit|Sucker Punch||[still]
|-fail|p1a: Kingambit
|move|p2a: Sylveon|Yawn|p1b: Toxapex
|-activate|p1b: Toxapex|move: Protect
|
|-weather|SunnyDay|[upkeep]
|-heal|p1b: Toxapex|21/100|[from] item: Leftovers
|-damage|p2b: Garchomp|81/100 tox|[from] psn
|upkeep
|turn|5
|
|t:|1782344302
|move|p1a: Kingambit|Sucker Punch|p2b: Garchomp
|-damage|p2b: Garchomp|25/100 tox
|-damage|p1a: Kingambit|87/100|[from] ability: Rough Skin|[of] p2b: Garchomp
|-enditem|p2b: Garchomp|Sitrus Berry|[eat]
|-heal|p2b: Garchomp|50/100g tox|[from] item: Sitrus Berry
|-damage|p1a: Kingambit|78/100|[from] item: Life Orb
|move|p2b: Garchomp|Dragon Claw|p1a: Kingambit
|-resisted|p1a: Kingambit|1
|-damage|p1a: Kingambit|64/100
|move|p2a: Sylveon|Yawn|p1b: Toxapex
|-start|p1b: Toxapex|move: Yawn|[of] p2a: Sylveon
|move|p1b: Toxapex|Toxic|p2a: Sylveon
|-status|p2a: Sylveon|tox
|
|-weather|none
|-heal|p1b: Toxapex|26/100|[from] item: Leftovers
|-damage|p2b: Garchomp|32/100 tox|[from] psn
|-damage|p2a: Sylveon|94/100 tox|[from] psn
|upkeep
|turn|6
|inactive|SwagbossVillage has 30 seconds left.
|inactive|Z4RDEL has 30 seconds left.
|
|t:|1782344337
|move|p1a: Kingambit|Protect|p1a: Kingambit
|-singleturn|p1a: Kingambit|Protect
|move|p2b: Garchomp|Dragon Claw|p1b: Toxapex
|-damage|p1b: Toxapex|3/100
|move|p2a: Sylveon|Yawn|p1a: Kingambit
|-activate|p1a: Kingambit|move: Protect
|move|p1b: Toxapex|Infestation|p2a: Sylveon
|-resisted|p2a: Sylveon|1
|-damage|p2a: Sylveon|92/100 tox
|-activate|p2a: Sylveon|move: Infestation|[of] p1b: Toxapex
|
|-heal|p1b: Toxapex|9/100|[from] item: Leftovers
|-damage|p2b: Garchomp|8/100 tox|[from] psn
|-damage|p2a: Sylveon|81/100 tox|[from] psn
|-damage|p2a: Sylveon|68/100 tox|[from] move: Infestation|[partiallytrapped]
|-end|p1b: Toxapex|move: Yawn|[silent]
|-status|p1b: Toxapex|slp
|upkeep
|turn|7
|inactive|SwagbossVillage has 30 seconds left.
|inactive|SwagbossVillage has 20 seconds left.
|inactive|SwagbossVillage has 15 seconds left.
|
|t:|1782344378
|cant|p1b: Toxapex|slp
|move|p2b: Garchomp|Earthquake|p1a: Kingambit|[spread] p2a,p1a,p1b
|-supereffective|p1a: Kingambit|1
|-supereffective|p1b: Toxapex|1
|-damage|p2a: Sylveon|22/100 tox
|-damage|p1a: Kingambit|15/100
|-damage|p1b: Toxapex|0 fnt
|faint|p1b: Toxapex
|move|p2a: Sylveon|Hyper Voice|p1a: Kingambit
|-damage|p1a: Kingambit|0 fnt
|faint|p1a: Kingambit
|-end|p1a: Kingambit|fallen2|[silent]
|
|win|Z4RDEL
|raw|SwagbossVillage's rating: 1048 → 1031(-17 for losing)
|raw|Z4RDEL's rating: 1055 → 1086(+31 for winning)
