|j|☆elfokaz
|j|☆marcusquinn
|html|elfokazmarcusquinn    
|uhtml|bestof|Game 2 of a best-of-3
|t:|1757647359
|gametype|doubles
|player|p1|elfokaz|266|1087
|player|p2|marcusquinn|hilbert-wonderlauncher|1180
|gen|9
|tier|[Gen 9] VGC 2025 Reg H (Bo3)
|rated|
|rule|Species Clause: Limit one of each Pokémon
|rule|Item Clause: Limit 1 of each item
|clearpoke
|poke|p1|Dragapult, L50, M|
|poke|p1|Kilowattrel, L50, M|
|poke|p1|Toedscruel, L50, M|
|poke|p1|Palafin, L50, M|
|poke|p1|Incineroar, L50, M|
|poke|p1|Weezing, L50, M|
|poke|p2|Archaludon, L50, F|
|poke|p2|Porygon2, L50|
|poke|p2|Incineroar, L50, M|
|poke|p2|Ursaluna, L50, M|
|poke|p2|Sneasler, L50, M|
|poke|p2|Dragonite, L50, M|
|teampreview|4
|showteam|p1|Dragapult||ChoiceBand|ClearBody|DragonDarts,PhantomForce,PsychicFangs,Uturn|||M|||50|,,,,,Dragon]Kilowattrel||CovertCloak|Competitive|VoltSwitch,AirSlash,Thunderbolt,Tailwind|||M|||50|,,,,,Electric]Toedscruel||LifeOrb|MyceliumMight|EnergyBall,EarthPower,Spore,Protect|||M|||50|,,,,,Fire]Palafin||MysticWater|ZerotoHero|JetPunch,WaveCrash,Haze,Protect|||M|||50|,,,,,Water]Incineroar||AbilityShield|Intimidate|FakeOut,KnockOff,FlareBlitz,PartingShot|||M|||50|,,,,,Ghost]Weezing||SitrusBerry|NeutralizingGas|SludgeBomb,Taunt,WillOWisp,Protect|||M|||50|,,,,,Dark
|showteam|p2|Archaludon||PowerHerb|Sturdy|Protect,ElectroShot,DracoMeteor,FlashCannon|||F|||50|,,,,,Electric]Porygon2||Eviolite|Download|TeraBlast,IceBeam,Recover,TrickRoom||||||50|,,,,,Fighting]Incineroar||SafetyGoggles|Intimidate|FlareBlitz,KnockOff,FakeOut,PartingShot|||M|||50|,,,,,Ghost]Ursaluna||FlameOrb|Guts|HeadlongRush,Facade,Earthquake,Protect|||M|||50|,,,,,Ghost]Sneasler||FocusSash|Unburden|Protect,CloseCombat,DireClaw,ThroatChop|||M|||50|,,,,,Stellar]Dragonite||LoadedDice|Multiscale|ScaleShot,Tailwind,Haze,Protect|||M|||50|,,,,,Fairy
|inactive|Battle timer is ON: inactive players will automatically lose when time's up. (requested by marcusquinn)
|inactive|elfokaz has 60 seconds left.
|
|t:|1757647397
|teamsize|p1|4
|teamsize|p2|4
|start
|switch|p1a: Toedscruel|Toedscruel, L50, M|100/100
|switch|p1b: Weezing|Weezing, L50, M|100/100
|switch|p2a: Ursaluna|Ursaluna, L50, M|100/100
|switch|p2b: Dragonite|Dragonite, L50, M, shiny|100/100
|-ability|p1b: Weezing|Neutralizing Gas
|turn|1
|inactive|marcusquinn has 30 seconds left.
|inactive|marcusquinn has 20 seconds left.
|
|t:|1757647435
|move|p1b: Weezing|Protect|p1b: Weezing
|-singleturn|p1b: Weezing|Protect
|move|p1a: Toedscruel|Spore|p2b: Dragonite
|-status|p2b: Dragonite|slp|[from] move: Spore
|cant|p2b: Dragonite|slp
|move|p2a: Ursaluna|Headlong Rush|p1b: Weezing
|-activate|p1b: Weezing|move: Protect
|
|-status|p2a: Ursaluna|brn|[from] item: Flame Orb
|upkeep
|turn|2
|inactive|marcusquinn has 30 seconds left.
|
|t:|1757647466
|switch|p1a: Incineroar|Incineroar, L50, M|100/100
|-ability|p1a: Incineroar|Intimidate|boost
|-unboost|p2a: Ursaluna|atk|1
|-unboost|p2b: Dragonite|atk|1
|-terastallize|p2a: Ursaluna|Ghost
|-curestatus|p2b: Dragonite|slp|[msg]
|move|p2b: Dragonite|Protect|p2b: Dragonite
|-singleturn|p2b: Dragonite|Protect
|move|p1b: Weezing|Sludge Bomb|p2b: Dragonite
|-activate|p2b: Dragonite|move: Protect
|move|p2a: Ursaluna|Earthquake|p1b: Weezing|[spread] p1a,p1b
|-activate|p2b: Dragonite|move: Protect
|-supereffective|p1a: Incineroar
|-supereffective|p1b: Weezing
|-damage|p1a: Incineroar|72/100
|-damage|p1b: Weezing|74/100
|
|-damage|p2a: Ursaluna|95/100 brn|[from] brn
|upkeep
|turn|3
|inactive|elfokaz has 30 seconds left.
|inactive|marcusquinn has 30 seconds left.
|inactive|elfokaz has 20 seconds left.
|
|t:|1757647505
|switch|p2b: Incineroar|Incineroar, L50, M, shiny|100/100
|move|p1a: Incineroar|Knock Off|p2a: Ursaluna
|-supereffective|p2a: Ursaluna
|-damage|p2a: Ursaluna|30/100 brn
|-enditem|p2a: Ursaluna|Flame Orb|[from] move: Knock Off|[of] p1a: Incineroar
|move|p1b: Weezing|Sludge Bomb|p2b: Incineroar
|-damage|p2b: Incineroar|76/100
|-status|p2b: Incineroar|psn
|move|p2a: Ursaluna|Headlong Rush|p1b: Weezing
|-supereffective|p1b: Weezing
|-damage|p1b: Weezing|27/100
|-unboost|p2a: Ursaluna|def|1
|-unboost|p2a: Ursaluna|spd|1
|-enditem|p1b: Weezing|Sitrus Berry|[eat]
|-heal|p1b: Weezing|52/100|[from] item: Sitrus Berry
|
|-damage|p2b: Incineroar|64/100 psn|[from] psn
|-damage|p2a: Ursaluna|24/100 brn|[from] brn
|upkeep
|turn|4
|inactive|elfokaz has 30 seconds left.
|inactive|marcusquinn has 30 seconds left.
|inactive|elfokaz has 20 seconds left.
|inactive|elfokaz has 15 seconds left.
|inactive|elfokaz has 10 seconds left.
|
|t:|1757647555
|switch|p1a: Palafin|Palafin, L50, M|100/100
|switch|p2b: Dragonite|Dragonite, L50, M, shiny|100/100
|move|p1b: Weezing|Protect|p1b: Weezing
|-singleturn|p1b: Weezing|Protect
|move|p2a: Ursaluna|Earthquake|p1b: Weezing|[spread] p1a
|-activate|p1b: Weezing|move: Protect
|-immune|p2b: Dragonite
|-damage|p1a: Palafin|82/100
|
|-damage|p2a: Ursaluna|18/100 brn|[from] brn
|upkeep
|turn|5
|inactive|elfokaz has 30 seconds left.
|inactive|elfokaz has 20 seconds left.
|inactive|elfokaz has 15 seconds left.
|inactive|elfokaz has 10 seconds left.
|inactive|elfokaz has 5 seconds left.
|
|t:|1757647605
|-end|p1b: Weezing|ability: Neutralizing Gas
|switch|p1b: Incineroar|Incineroar, L50, M|72/100
|-ability|p1b: Incineroar|Intimidate|boost
|-unboost|p2a: Ursaluna|atk|1
|-unboost|p2b: Dragonite|atk|1
|move|p1a: Palafin|Jet Punch|p2a: Ursaluna
|-damage|p2a: Ursaluna|0 fnt
|faint|p2a: Ursaluna
|move|p2b: Dragonite|Scale Shot|p1b: Incineroar
|-damage|p1b: Incineroar|61/100
|-damage|p1b: Incineroar|52/100
|-damage|p1b: Incineroar|42/100
|-damage|p1b: Incineroar|33/100
|-damage|p1b: Incineroar|22/100
|-hitcount|p1b: Incineroar|5
|-unboost|p2b: Dragonite|def|1
|-boost|p2b: Dragonite|spe|1
|
|upkeep
|
|t:|1757647622
|switch|p2a: Archaludon|Archaludon, L50, F, shiny|100/100
|turn|6
|inactive|elfokaz has 30 seconds left.
|inactive|elfokaz has 20 seconds left.
|
|t:|1757647660
|detailschange|p1a: Palafin|Palafin-Hero, L50, M
|switch|p1a: Toedscruel|Toedscruel, L50, M|100/100
|move|p2a: Archaludon|Protect|p2a: Archaludon
|-singleturn|p2a: Archaludon|Protect
|move|p2b: Dragonite|Scale Shot|p1b: Incineroar
|-damage|p1b: Incineroar|12/100
|-crit|p1b: Incineroar
|-damage|p1b: Incineroar|0 fnt
|faint|p1b: Incineroar
|-hitcount|p1: Incineroar|2
|-unboost|p2b: Dragonite|def|1
|-boost|p2b: Dragonite|spe|1
|
|upkeep
|
|t:|1757647672
|switch|p1b: Weezing|Weezing, L50, M|52/100
|-ability|p1b: Weezing|Neutralizing Gas
|turn|7
|
|t:|1757647692
|move|p2a: Archaludon|Protect|p2a: Archaludon
|-singleturn|p2a: Archaludon|Protect
|move|p2b: Dragonite|Scale Shot|p1a: Toedscruel
|-damage|p1a: Toedscruel|85/100
|-damage|p1a: Toedscruel|68/100
|-damage|p1a: Toedscruel|53/100
|-damage|p1a: Toedscruel|38/100
|-hitcount|p1a: Toedscruel|4
|-unboost|p2b: Dragonite|def|1
|-boost|p2b: Dragonite|spe|1
|move|p1a: Toedscruel|Earth Power|p2a: Archaludon
|-activate|p2a: Archaludon|move: Protect
|move|p1b: Weezing|Will-O-Wisp|p2b: Dragonite
|-status|p2b: Dragonite|brn
|
|-damage|p2b: Dragonite|95/100 brn|[from] brn
|upkeep
|turn|8
|inactive|elfokaz has 30 seconds left.
|inactive|marcusquinn has 30 seconds left.
|
|t:|1757647725
|move|p2b: Dragonite|Scale Shot|p1a: Toedscruel
|-damage|p1a: Toedscruel|29/100
|-damage|p1a: Toedscruel|22/100
|-damage|p1a: Toedscruel|14/100
|-damage|p1a: Toedscruel|6/100
|-hitcount|p1a: Toedscruel|4
|-unboost|p2b: Dragonite|def|1
|-boost|p2b: Dragonite|spe|1
|move|p1a: Toedscruel|Earth Power|p2a: Archaludon
|-supereffective|p2a: Archaludon
|-damage|p2a: Archaludon|0 fnt
|faint|p2a: Archaludon
|-damage|p1a: Toedscruel|0 fnt|[from] item: Life Orb
|faint|p1a: Toedscruel
|move|p1b: Weezing|Sludge Bomb|p2b: Dragonite
|-damage|p2b: Dragonite|66/100 brn
|
|-damage|p2b: Dragonite|60/100 brn|[from] brn
|upkeep
|
|t:|1757647743
|switch|p1a: Palafin|Palafin-Hero, L50, M|82/100
|switch|p2a: Incineroar|Incineroar, L50, M, shiny|64/100 psn
|-activate|p1a: Palafin|ability: Zero to Hero
|turn|9
|
|t:|1757647759
|move|p1a: Palafin|Protect|p1a: Palafin
|-singleturn|p1a: Palafin|Protect
|move|p1b: Weezing|Protect|p1b: Weezing
|-singleturn|p1b: Weezing|Protect
|move|p2a: Incineroar|Fake Out|p1a: Palafin
|-activate|p1a: Palafin|move: Protect
|move|p2b: Dragonite|Scale Shot|p1b: Weezing
|-activate|p1b: Weezing|move: Protect
|
|-damage|p2a: Incineroar|51/100 psn|[from] psn
|-damage|p2b: Dragonite|54/100 brn|[from] brn
|upkeep
|turn|10
|
|t:|1757647780
|-terastallize|p1a: Palafin|Water
|move|p1a: Palafin|Jet Punch|p2b: Dragonite
|-resisted|p2b: Dragonite
|-damage|p2b: Dragonite|0 fnt
|faint|p2b: Dragonite
|move|p2a: Incineroar|Knock Off|p1a: Palafin
|-damage|p1a: Palafin|39/100
|-enditem|p1a: Palafin|Mystic Water|[from] move: Knock Off|[of] p2a: Incineroar
|move|p1b: Weezing|Sludge Bomb|p2a: Incineroar
|-damage|p2a: Incineroar|26/100 psn
|
|-damage|p2a: Incineroar|13/100 psn|[from] psn
|upkeep
|turn|11
|-message|marcusquinn forfeited.
|
|win|elfokaz
|raw|elfokaz's rating: 1087 → 1121(+34 for winning)
|raw|marcusquinn's rating: 1180 → 1148(-32 for losing)
|l|☆marcusquinn
|player|p2|
|j|☆marcusquinn
|player|p2|marcusquinn|hilbert-wonderlauncher|
