|j|☆A_TerroneVGC
|j|☆MazapanAzteca
|html|A_TerroneVGCMazapanAzteca    
|uhtml|bestof|Game 2 of a best-of-3
|t:|1756965344
|gametype|doubles
|player|p1|A_TerroneVGC|265|1180
|player|p2|MazapanAzteca|ingo|1142
|gen|9
|tier|[Gen 9] VGC 2025 Reg H (Bo3)
|rated|
|rule|Species Clause: Limit one of each Pokémon
|rule|Item Clause: Limit 1 of each item
|clearpoke
|poke|p1|Dragonite, L50, M|
|poke|p1|Gholdengo, L50|
|poke|p1|Rillaboom, L50, M|
|poke|p1|Arcanine-Hisui, L50, M|
|poke|p1|Annihilape, L50, M|
|poke|p1|Murkrow, L50, M|
|poke|p2|Dragonite, L50, M|
|poke|p2|Annihilape, L50, F|
|poke|p2|Gholdengo, L50|
|poke|p2|Ursaluna-Bloodmoon, L50, M|
|poke|p2|Maushold-Four, L50|
|poke|p2|Rillaboom, L50, M|
|teampreview|4
|showteam|p1|Dragonite||LoadedDice|Multiscale|ScaleShot,LowKick,ExtremeSpeed,Protect|||M|||50|,,,,,Fairy]Gholdengo||ChoiceSpecs|GoodasGold|MakeItRain,ShadowBall,Thunderbolt,PowerGem||||||50|,,,,,Steel]Rillaboom||AssaultVest|GrassySurge|WoodHammer,GrassyGlide,HighHorsepower,FakeOut|||M|||50|,,,,,Fire]Arcanine-Hisui||ClearAmulet|Intimidate|FlareBlitz,RockSlide,ExtremeSpeed,Protect|||M|||50|,,,,,Water]Annihilape||FocusSash|Defiant|CloseCombat,RageFist,FinalGambit,Coaching|||M|||50|,,,,,Stellar]Murkrow||Eviolite|Prankster|FoulPlay,Taunt,Tailwind,Haze|||M|||50|,,,,,Ghost
|showteam|p2|Dragonite||LoadedDice|Multiscale|ScaleShot,Tailwind,Haze,Protect|||M|||50|,,,,,Steel]Annihilape||SitrusBerry|Defiant|RageFist,DrainPunch,BulkUp,Protect|||F|||50|,,,,,Fire]Gholdengo||LifeOrb|GoodasGold|MakeItRain,ShadowBall,NastyPlot,Protect||||||50|,,,,,Water]Ursaluna-Bloodmoon||AssaultVest|MindsEye|BloodMoon,EarthPower,HyperVoice,VacuumWave|||M|||50|,,,,,Water]Maushold-Four||FocusSash|FriendGuard|SuperFang,FollowMe,BeatUp,Protect||||||50|,,,,,Ghost]Rillaboom||MiracleSeed|GrassySurge|WoodHammer,GrassyGlide,HighHorsepower,FakeOut|||M|||50|,,,,,Fire
|inactive|Battle timer is ON: inactive players will automatically lose when time's up. (requested by A_TerroneVGC)
|inactive|MazapanAzteca has 60 seconds left.
|inactive|MazapanAzteca has 30 seconds left.
|
|t:|1756965493
|teamsize|p1|4
|teamsize|p2|4
|start
|switch|p1a: Annihilape|Annihilape, L50, M|100/100
|switch|p1b: Rillaboom|Rillaboom, L50, M|100/100
|switch|p2a: Ursaluna|Ursaluna-Bloodmoon, L50, M|100/100
|switch|p2b: Maushold|Maushold-Four, L50|100/100
|-fieldstart|move: Grassy Terrain|[from] ability: Grassy Surge|[of] p1b: Rillaboom
|turn|1
|inactive|A_TerroneVGC has 30 seconds left.
|inactive|MazapanAzteca has 30 seconds left.
|
|t:|1756965522
|switch|p2a: Annihilape|Annihilape, L50, F|100/100
|move|p2b: Maushold|Protect|p2b: Maushold
|-singleturn|p2b: Maushold|Protect
|move|p1a: Annihilape|Coaching|p1b: Rillaboom
|-boost|p1b: Rillaboom|atk|1
|-boost|p1b: Rillaboom|def|1
|move|p1b: Rillaboom|Wood Hammer|p2a: Annihilape
|-damage|p2a: Annihilape|13/100
|-enditem|p2a: Annihilape|Sitrus Berry|[eat]
|-heal|p2a: Annihilape|38/100|[from] item: Sitrus Berry
|-damage|p1b: Rillaboom|71/100|[from] Recoil
|
|-heal|p2a: Annihilape|45/100|[from] Grassy Terrain
|-heal|p1b: Rillaboom|77/100|[from] Grassy Terrain
|upkeep
|turn|2
|inactive|MazapanAzteca has 30 seconds left.
|inactive|MazapanAzteca has 20 seconds left.
|inactive|MazapanAzteca has 15 seconds left.
|
|t:|1756965563
|move|p2b: Maushold|Follow Me|p2b: Maushold
|-singleturn|p2b: Maushold|move: Follow Me
|move|p1b: Rillaboom|Grassy Glide|p2b: Maushold
|-crit|p2b: Maushold
|-enditem|p2b: Maushold|Focus Sash
|-damage|p2b: Maushold|1/100
|move|p2a: Annihilape|Bulk Up|p2a: Annihilape
|-boost|p2a: Annihilape|atk|1
|-boost|p2a: Annihilape|def|1
|move|p1a: Annihilape|Close Combat|p2b: Maushold
|-supereffective|p2b: Maushold
|-damage|p2b: Maushold|0 fnt
|-unboost|p1a: Annihilape|def|1
|-unboost|p1a: Annihilape|spd|1
|faint|p2b: Maushold
|
|-heal|p2a: Annihilape|51/100|[from] Grassy Terrain
|-heal|p1b: Rillaboom|83/100|[from] Grassy Terrain
|upkeep
|inactive|MazapanAzteca has 30 seconds left.
|
|t:|1756965591
|switch|p2b: Dragonite|Dragonite, L50, M|100/100
|turn|3
|inactive|A_TerroneVGC has 30 seconds left.
|inactive|MazapanAzteca has 30 seconds left.
|inactive|MazapanAzteca has 20 seconds left.
|inactive|A_TerroneVGC has 20 seconds left.
|inactive|MazapanAzteca has 15 seconds left.
|inactive|A_TerroneVGC has 15 seconds left.
|inactive|A_TerroneVGC has 10 seconds left.
|
|t:|1756965642
|-terastallize|p2a: Annihilape|Fire
|-terastallize|p1a: Annihilape|Stellar
|move|p1a: Annihilape|Rage Fist|p2a: Annihilape
|-damage|p2a: Annihilape|31/100
|move|p2a: Annihilape|Rage Fist|p1a: Annihilape
|-supereffective|p1a: Annihilape
|-enditem|p1a: Annihilape|Focus Sash
|-damage|p1a: Annihilape|1/100
|move|p2b: Dragonite|Tailwind|p2b: Dragonite
|-sidestart|p2: MazapanAzteca|move: Tailwind
|move|p1b: Rillaboom|Wood Hammer|p2a: Annihilape
|-resisted|p2a: Annihilape
|-damage|p2a: Annihilape|0 fnt
|faint|p2a: Annihilape
|-damage|p1b: Rillaboom|72/100|[from] Recoil
|
|-heal|p1a: Annihilape|7/100|[from] Grassy Terrain
|-heal|p1b: Rillaboom|78/100|[from] Grassy Terrain
|upkeep
|
|t:|1756965659
|switch|p2a: Ursaluna|Ursaluna-Bloodmoon, L50, M|100/100
|turn|4
|
|t:|1756965680
|move|p2b: Dragonite|Scale Shot|p1b: Rillaboom
|-damage|p1b: Rillaboom|68/100
|-damage|p1b: Rillaboom|58/100
|-damage|p1b: Rillaboom|49/100
|-damage|p1b: Rillaboom|38/100
|-damage|p1b: Rillaboom|29/100
|-hitcount|p1b: Rillaboom|5
|-unboost|p2b: Dragonite|def|1
|-boost|p2b: Dragonite|spe|1
|move|p2a: Ursaluna|Hyper Voice|p1a: Annihilape|[spread] p1a,p1b
|-damage|p1a: Annihilape|0 fnt
|-damage|p1b: Rillaboom|5/100
|faint|p1a: Annihilape
|move|p1b: Rillaboom|Wood Hammer|p2a: Ursaluna
|-supereffective|p2a: Ursaluna
|-damage|p2a: Ursaluna|0 fnt
|faint|p2a: Ursaluna
|-damage|p1b: Rillaboom|0 fnt|[from] Recoil
|faint|p1b: Rillaboom
|
|upkeep
|
|t:|1756965696
|switch|p1a: Murkrow|Murkrow, L50, M|100/100
|switch|p1b: Gholdengo|Gholdengo, L50|100/100
|turn|5
|
|t:|1756965704
|move|p1a: Murkrow|Tailwind|p1a: Murkrow
|-sidestart|p1: A_TerroneVGC|move: Tailwind
|move|p2b: Dragonite|Scale Shot|p1a: Murkrow
|-damage|p1a: Murkrow|83/100
|-crit|p1a: Murkrow
|-damage|p1a: Murkrow|57/100
|-damage|p1a: Murkrow|41/100
|-damage|p1a: Murkrow|23/100
|-hitcount|p1a: Murkrow|4
|-unboost|p2b: Dragonite|def|1
|-boost|p2b: Dragonite|spe|1
|move|p1b: Gholdengo|Power Gem|p2b: Dragonite
|-supereffective|p2b: Dragonite
|-damage|p2b: Dragonite|58/100
|
|-fieldend|move: Grassy Terrain
|upkeep
|turn|6
|
|t:|1756965728
|move|p1a: Murkrow|Haze|p1a: Murkrow
|-clearallboost
|move|p1b: Gholdengo|Power Gem|p2b: Dragonite
|-supereffective|p2b: Dragonite
|-damage|p2b: Dragonite|0 fnt
|faint|p2b: Dragonite
|
|win|A_TerroneVGC
||MazapanAzteca is ready for game 3.
||A_TerroneVGC is ready for game 3.
|uhtml|next|Next: Game 3 of 3
|l|☆A_TerroneVGC
|player|p1|
