|j|☆ThetaB
|j|☆elitetweet
|html|ThetaBelitetweet    
|uhtml|bestof|Game 2 of a best-of-3
|t:|1782583744
|gametype|doubles
|player|p1|ThetaB|palmer|1070
|player|p2|elitetweet|korrina|1040
|gen|9
|tier|[Gen 9 Champions] VGC 2026 Reg M-B (Bo3)
|rated|
|rule|Species Clause: Limit one of each Pokémon
|rule|Item Clause: Limit 1 of each item
|clearpoke
|poke|p1|Hydreigon, L50, F|
|poke|p1|Garchomp, L50, F|
|poke|p1|Metagross, L50|
|poke|p1|Charizard, L50, M|
|poke|p1|Grimmsnarl, L50, M|
|poke|p1|Toxapex, L50, F|
|poke|p2|Rotom-Wash, L50|
|poke|p2|Garchomp, L50, F|
|poke|p2|Sneasler, L50, F|
|poke|p2|Aerodactyl, L50, F|
|poke|p2|Aegislash, L50, F|
|poke|p2|Tyranitar, L50, F|
|teampreview|4
|showteam|p1|Hydreigon||ChoiceScarf|Levitate|HeatWave,DarkPulse,DracoMeteor,Snarl|Modest||F|||50|]Garchomp||SitrusBerry|RoughSkin|Earthquake,RockSlide,DragonClaw,Protect|Adamant||F|||50|]Metagross||Metagrossite|ClearBody|IronHead,HammerArm,BulletPunch,Protect|Adamant|||||50|]Charizard||CharizarditeY|Blaze|Protect,HeatWave,SolarBeam,WeatherBall|Timid||M|||50|]Grimmsnarl||RoseliBerry|Prankster|FakeOut,FoulPlay,Reflect,PartingShot|Sassy||M|||50|]Toxapex||Leftovers|Regenerator|Infestation,Toxic,BanefulBunker,WideGuard|Bold||F|||50|
|showteam|p2|Rotom-Wash||ChoiceScarf|Levitate|HydroPump,Thunderbolt,VoltSwitch,Trick|Timid|||||50|]Garchomp||LifeOrb|RoughSkin|StompingTantrum,ScaleShot,RockSlide,Protect|Jolly||F|||50|]Sneasler||WhiteHerb|Unburden|FakeOut,CloseCombat,DireClaw,Protect|Jolly||F|||50|]Aerodactyl||FocusSash|Unnerve|RockSlide,Taunt,DualWingbeat,Tailwind|Jolly||F|||50|]Aegislash||SpellTag|StanceChange|Poltergeist,ShadowSneak,WideGuard,CloseCombat|Adamant||F|||50|]Tyranitar||Tyranitarite|SandStream|RockSlide,KnockOff,LowKick,Protect|Adamant||F|||50|
|inactive|Battle timer is ON: inactive players will automatically lose when time's up. (requested by elitetweet)
|
|t:|1782583770
|teamsize|p1|4
|teamsize|p2|4
|start
|switch|p1a: Metagross|Metagross, L50|100/100
|switch|p1b: Grimmsnarl|Grimmsnarl, L50, M|100/100
|switch|p2a: Tyranitar|Tyranitar, L50, F|100/100
|switch|p2b: Aegislash|Aegislash, L50, F|100/100
|-weather|Sandstorm|[from] ability: Sand Stream|[of] p2a: Tyranitar
|turn|1
|
|t:|1782583796
|move|p1a: Metagross|Protect|p1a: Metagross
|-singleturn|p1a: Metagross|Protect
|move|p2a: Tyranitar|Protect|p2a: Tyranitar
|-singleturn|p2a: Tyranitar|Protect
|move|p1b: Grimmsnarl|Reflect|p1b: Grimmsnarl
|-sidestart|p1: ThetaB|Reflect
|-formechange|p2b: Aegislash|Aegislash-Blade|
|move|p2b: Aegislash|Poltergeist|p1a: Metagross
|-activate|p1a: Metagross|move: Protect
|
|-weather|Sandstorm|[upkeep]
|-damage|p1b: Grimmsnarl|94/100|[from] Sandstorm
|upkeep
|turn|2
|
|t:|1782583812
|switch|p2a: Garchomp|Garchomp, L50, F|100/100
|detailschange|p1a: Metagross|Metagross-Mega, L50
|-mega|p1a: Metagross|Metagross|Metagrossite
|move|p1a: Metagross|Hammer Arm|p2a: Garchomp|[miss]
|-miss|p1a: Metagross|p2a: Garchomp
|move|p2b: Aegislash|Poltergeist|p1a: Metagross
|-activate|p1a: Metagross|move: Poltergeist|Metagrossite
|-supereffective|p1a: Metagross|1
|-damage|p1a: Metagross|30/100
|move|p1b: Grimmsnarl|Foul Play|p2b: Aegislash
|-supereffective|p2b: Aegislash|1
|-damage|p2b: Aegislash|0 fnt
|faint|p2b: Aegislash
|
|-weather|Sandstorm|[upkeep]
|-damage|p1b: Grimmsnarl|88/100|[from] Sandstorm
|upkeep
|
|t:|1782583825
|switch|p2b: Sneasler|Sneasler, L50, F|100/100
|turn|3
|
|t:|1782583837
|move|p1a: Metagross|Protect|p1a: Metagross
|-singleturn|p1a: Metagross|Protect
|move|p1b: Grimmsnarl|Parting Shot|p2a: Garchomp
|-unboost|p2a: Garchomp|atk|1
|-unboost|p2a: Garchomp|spa|1
|
|t:|1782583846
|switch|p1b: Toxapex|Toxapex, L50, F|100/100|[from] Parting Shot
|move|p2b: Sneasler|Close Combat|p1a: Metagross
|-activate|p1a: Metagross|move: Protect
|move|p2a: Garchomp|Stomping Tantrum|p1a: Metagross
|-activate|p1a: Metagross|move: Protect
|
|-weather|Sandstorm|[upkeep]
|-damage|p2b: Sneasler|94/100|[from] Sandstorm
|-damage|p1b: Toxapex|94/100|[from] Sandstorm
|-heal|p1b: Toxapex|100/100|[from] item: Leftovers
|upkeep
|turn|4
|inactive|ThetaB has 30 seconds left.
|
|t:|1782583873
|move|p1a: Metagross|Bullet Punch|p2b: Sneasler
|-damage|p2b: Sneasler|40/100
|move|p2b: Sneasler|Close Combat|p1a: Metagross
|-damage|p1a: Metagross|4/100
|-unboost|p2b: Sneasler|def|1
|-unboost|p2b: Sneasler|spd|1
|-enditem|p2b: Sneasler|White Herb
|-clearnegativeboost|p2b: Sneasler|[silent]
|move|p2a: Garchomp|Stomping Tantrum|p1a: Metagross
|-supereffective|p1a: Metagross|1
|-damage|p1a: Metagross|0 fnt
|faint|p1a: Metagross
|-damage|p2a: Garchomp|90/100|[from] item: Life Orb
|move|p1b: Toxapex|Infestation|p2b: Sneasler
|-resisted|p2b: Sneasler|2
|-damage|p2b: Sneasler|39/100
|-activate|p2b: Sneasler|move: Infestation|[of] p1b: Toxapex
|
|-weather|Sandstorm|[upkeep]
|-damage|p2b: Sneasler|33/100|[from] Sandstorm
|-damage|p1b: Toxapex|94/100|[from] Sandstorm
|-heal|p1b: Toxapex|100/100|[from] item: Leftovers
|-damage|p2b: Sneasler|21/100|[from] move: Infestation|[partiallytrapped]
|upkeep
|
|t:|1782583892
|switch|p1a: Grimmsnarl|Grimmsnarl, L50, M|88/100
|turn|5
|
|t:|1782583905
|move|p2b: Sneasler|Protect|p2b: Sneasler
|-singleturn|p2b: Sneasler|Protect
|move|p2a: Garchomp|Protect|p2a: Garchomp
|-singleturn|p2a: Garchomp|Protect
|move|p1a: Grimmsnarl|Fake Out|p2b: Sneasler
|-activate|p2b: Sneasler|move: Protect
|move|p1b: Toxapex|Toxic|p2a: Garchomp
|-activate|p2a: Garchomp|move: Protect
|
|-weather|none
|-damage|p2b: Sneasler|9/100|[from] move: Infestation|[partiallytrapped]
|-sideend|p1: ThetaB|Reflect
|upkeep
|turn|6
|
|t:|1782583917
|switch|p2a: Tyranitar|Tyranitar, L50, F|100/100
|-weather|Sandstorm|[from] ability: Sand Stream|[of] p2a: Tyranitar
|move|p1a: Grimmsnarl|Reflect|p1a: Grimmsnarl
|-sidestart|p1: ThetaB|Reflect
|move|p2b: Sneasler|Dire Claw|p1a: Grimmsnarl
|-supereffective|p1a: Grimmsnarl|1
|-damage|p1a: Grimmsnarl|33/100
|move|p1b: Toxapex|Toxic|p2a: Tyranitar
|-status|p2a: Tyranitar|tox
|
|-weather|Sandstorm|[upkeep]
|-damage|p2b: Sneasler|3/100|[from] Sandstorm
|-damage|p1a: Grimmsnarl|27/100|[from] Sandstorm
|-damage|p1b: Toxapex|94/100|[from] Sandstorm
|-heal|p1b: Toxapex|100/100|[from] item: Leftovers
|-damage|p2a: Tyranitar|94/100 tox|[from] psn
|-damage|p2b: Sneasler|0 fnt|[from] move: Infestation|[partiallytrapped]
|faint|p2b: Sneasler
|upkeep
|
|t:|1782583928
|switch|p2b: Garchomp|Garchomp, L50, F|90/100
|turn|7
|
|t:|1782583945
|detailschange|p2a: Tyranitar|Tyranitar-Mega, L50, F
|-mega|p2a: Tyranitar|Tyranitar|Tyranitarite
|move|p1a: Grimmsnarl|Parting Shot|p2b: Garchomp
|-unboost|p2b: Garchomp|atk|1
|-unboost|p2b: Garchomp|spa|1
|
|t:|1782583948
|switch|p1a: Hydreigon|Hydreigon, L50, F|100/100|[from] Parting Shot
|move|p2b: Garchomp|Stomping Tantrum|p1a: Hydreigon
|-immune|p1a: Hydreigon|[from] ability: Levitate
|move|p2a: Tyranitar|Knock Off|p1b: Toxapex
|-damage|p1b: Toxapex|71/100
|-enditem|p1b: Toxapex|Leftovers|[from] move: Knock Off|[of] p2a: Tyranitar
|move|p1b: Toxapex|Infestation|p2a: Tyranitar
|-supereffective|p2a: Tyranitar|1
|-damage|p2a: Tyranitar|91/100 tox
|-activate|p2a: Tyranitar|move: Infestation|[of] p1b: Toxapex
|
|-weather|Sandstorm|[upkeep]
|-damage|p1a: Hydreigon|94/100|[from] Sandstorm
|-damage|p1b: Toxapex|65/100|[from] Sandstorm
|-damage|p2a: Tyranitar|79/100 tox|[from] psn
|-damage|p2a: Tyranitar|67/100 tox|[from] move: Infestation|[partiallytrapped]
|upkeep
|turn|8
|-message|elitetweet forfeited.
|
|win|ThetaB
|raw|ThetaB's rating: 1070 → 1097(+27 for winning)
|raw|elitetweet's rating: 1040 → 1025(-15 for losing)
|l|☆elitetweet
|player|p2|
