|j|☆paudurin
|j|☆mudkipc4
|html|paudurinmudkipc4    
|uhtml|bestof|Game 3 of a best-of-3
|t:|1782520615
|gametype|doubles
|player|p1|paudurin|266|1105
|player|p2|mudkipc4|pokemaniac|1146
|gen|9
|tier|[Gen 9 Champions] VGC 2026 Reg M-B (Bo3)
|rated|
|rule|Species Clause: Limit one of each Pokémon
|rule|Item Clause: Limit 1 of each item
|clearpoke
|poke|p1|Falinks, L50|
|poke|p1|Sinistcha, L50|
|poke|p1|Dragalge, L50, F|
|poke|p1|Talonflame, L50, F|
|poke|p1|Garchomp, L50, F|
|poke|p1|Kingambit, L50, M|
|poke|p2|Mawile, L50, M|
|poke|p2|Farigiraf, L50, M|
|poke|p2|Tyranitar, L50, M|
|poke|p2|Gengar, L50, F|
|poke|p2|Grimmsnarl, L50, M|
|poke|p2|Hydreigon, L50, F|
|teampreview|4
|showteam|p1|Falinks||Falinksite|Defiant|Protect,SwordsDance,RockSlide,CloseCombat|Jolly|||||50|]Sinistcha||OccaBerry|Hospitality|StrengthSap,MatchaGotcha,RagePowder,Protect|Calm|||||50|]Dragalge||Dragalgite|Adaptability|DracoMeteor,SludgeBomb,Protect,Thunderbolt|Modest||F|||50|]Talonflame||MentalHerb|FlameBody|Tailwind,Protect,FlareBlitz,BraveBird|Jolly||F|||50|]Garchomp||Leftovers|RoughSkin|DragonClaw,StompingTantrum,RockSlide,Protect|Serious||F|||50|]Kingambit||BlackGlasses|Defiant|KowtowCleave,SuckerPunch,IronHead,Protect|Adamant||M|||50|
|showteam|p2|Mawile||Mawilite|Intimidate|PlayRough,IronHead,SuckerPunch,Protect|Brave||M|||50|]Farigiraf||SitrusBerry|ArmorTail|TrickRoom,Psychic,Protect,Imprison|Bold||M|||50|]Tyranitar||FocusSash|SandStream|RockSlide,BrickBreak,KnockOff,Protect|Adamant||M|||50|]Gengar||Gengarite|CursedBody|SludgeBomb,ShadowBall,Protect,WillOWisp|Timid||F|||50|]Grimmsnarl||LightClay|Prankster|FakeOut,PartingShot,Reflect,SpiritBreak|Impish||M|||50|]Hydreigon||ChoiceScarf|Levitate|DarkPulse,DracoMeteor,EarthPower,Snarl|Modest||F|||50|
|
|t:|1782520656
|teamsize|p1|4
|teamsize|p2|4
|start
|switch|p1a: Kingambit|Kingambit, L50, M|100/100
|switch|p1b: Sinistcha|Sinistcha, L50|100/100
|switch|p2a: Charybdis|Gengar, L50, F|100/100
|switch|p2b: Hydra|Hydreigon, L50, F|100/100
|turn|1
|
|t:|1782520671
|switch|p2b: Gorgon|Grimmsnarl, L50, M|100/100
|detailschange|p2a: Charybdis|Gengar-Mega, L50, F
|-mega|p2a: Charybdis|Gengar|Gengarite
|move|p2a: Charybdis|Protect|p2a: Charybdis
|-singleturn|p2a: Charybdis|Protect
|move|p1b: Sinistcha|Rage Powder|p1b: Sinistcha
|-singleturn|p1b: Sinistcha|move: Rage Powder
|move|p1a: Kingambit|Kowtow Cleave|p2a: Charybdis
|-activate|p2a: Charybdis|move: Protect
|
|upkeep
|turn|2
|
|t:|1782520683
|move|p2b: Gorgon|Fake Out|p1a: Kingambit
|-resisted|p1a: Kingambit|1
|-damage|p1a: Kingambit|96/100
|move|p1b: Sinistcha|Rage Powder|p1b: Sinistcha
|-singleturn|p1b: Sinistcha|move: Rage Powder
|move|p2a: Charybdis|Shadow Ball|p1b: Sinistcha
|-supereffective|p1b: Sinistcha|1
|-damage|p1b: Sinistcha|14/100
|-unboost|p1b: Sinistcha|spd|1
|cant|p1a: Kingambit|flinch
|
|upkeep
|turn|3
|
|t:|1782520711
|move|p2b: Gorgon|Reflect|p2b: Gorgon
|-sidestart|p2: mudkipc4|Reflect
|move|p2a: Charybdis|Shadow Ball|p1b: Sinistcha
|-supereffective|p1b: Sinistcha|1
|-damage|p1b: Sinistcha|0 fnt
|faint|p1b: Sinistcha
|move|p1a: Kingambit|Iron Head|p2b: Gorgon
|-supereffective|p2b: Gorgon|1
|-damage|p2b: Gorgon|48/100
|
|upkeep
|
|t:|1782520720
|switch|p1b: Garchomp|Garchomp, L50, F|100/100
|turn|4
|
|t:|1782520726
|move|p2a: Charybdis|Protect|p2a: Charybdis
|-singleturn|p2a: Charybdis|Protect
|move|p2b: Gorgon|Parting Shot|p1b: Garchomp
|-unboost|p1b: Garchomp|atk|1
|-unboost|p1b: Garchomp|spa|1
|
|t:|1782520731
|switch|p2b: Hydra|Hydreigon, L50, F|100/100|[from] Parting Shot
|move|p1b: Garchomp|Stomping Tantrum|p2a: Charybdis
|-activate|p2a: Charybdis|move: Protect
|move|p1a: Kingambit|Kowtow Cleave|p2a: Charybdis
|-activate|p2a: Charybdis|move: Protect
|
|upkeep
|turn|5
|
|t:|1782520742
|move|p2b: Hydra|Draco Meteor|p1b: Garchomp
|-supereffective|p1b: Garchomp|1
|-damage|p1b: Garchomp|0 fnt
|-unboost|p2b: Hydra|spa|2
|faint|p1b: Garchomp
|move|p2a: Charybdis|Will-O-Wisp|p1a: Kingambit
|-status|p1a: Kingambit|brn
|move|p1a: Kingambit|Kowtow Cleave|p2a: Charybdis
|-supereffective|p2a: Charybdis|1
|-damage|p2a: Charybdis|53/100
|
|-damage|p1a: Kingambit|90/100 brn|[from] brn
|upkeep
|
|t:|1782520746
|switch|p1b: Falinks|Falinks, L50|100/100
|turn|6
|
|t:|1782520755
|switch|p2b: Gorgon|Grimmsnarl, L50, M|48/100
|detailschange|p1b: Falinks|Falinks-Mega, L50
|-mega|p1b: Falinks|Falinks|Falinksite
|move|p2a: Charybdis|Will-O-Wisp|p1b: Falinks
|-status|p1b: Falinks|brn
|move|p1b: Falinks|Rock Slide|p2b: Gorgon|[spread] p2a,p2b
|-damage|p2a: Charybdis|46/100
|-damage|p2b: Gorgon|42/100
|move|p1a: Kingambit|Kowtow Cleave|p2a: Charybdis
|-supereffective|p2a: Charybdis|1
|-damage|p2a: Charybdis|3/100
|
|-damage|p1b: Falinks|94/100 brn|[from] brn
|-damage|p1a: Kingambit|84/100 brn|[from] brn
|upkeep
|turn|7
|
|t:|1782520771
|move|p2b: Gorgon|Fake Out|p1a: Kingambit
|-resisted|p1a: Kingambit|1
|-damage|p1a: Kingambit|80/100 brn
|cant|p1a: Kingambit|flinch
|move|p2a: Charybdis|Shadow Ball|p1b: Falinks
|-damage|p1b: Falinks|18/100 brn
|-unboost|p1b: Falinks|spd|1
|-ability|p1b: Falinks|Defiant|boost
|-boost|p1b: Falinks|atk|2
|move|p1b: Falinks|Swords Dance|p1b: Falinks
|-boost|p1b: Falinks|atk|2
|
|-damage|p1b: Falinks|12/100 brn|[from] brn
|-damage|p1a: Kingambit|74/100 brn|[from] brn
|upkeep
|turn|8
|
|t:|1782520789
|switch|p2b: Chimera|Farigiraf, L50, M|100/100
|move|p1a: Kingambit|Sucker Punch||[still]
|cant|p2b: Chimera|ability: Armor Tail|Sucker Punch|[of] p1a: Kingambit
|move|p2a: Charybdis|Shadow Ball|p1b: Falinks
|-damage|p1b: Falinks|0 fnt
|faint|p1b: Falinks
|
|-damage|p1a: Kingambit|68/100 brn|[from] brn
|upkeep
|turn|9
|-message|paudurin forfeited.
|
|win|mudkipc4
|raw|paudurin's rating: 1105 → 1083(-22 for losing)
|raw|mudkipc4's rating: 1146 → 1168(+22 for winning)
|l|☆paudurin
|player|p1|
|c|☆mudkipc4|gg
