|j|☆nillythekid
|j|☆talos2b a.g.
|html|nillythekidtalos2b a.g.    
|uhtml|bestof|Game 2 of a best-of-3
|t:|1786024940
|gametype|doubles
|player|p1|nillythekid|hiker-gen4|1172
|player|p2|talos2b a.g.|miku-water|1126
|gen|9
|tier|[Gen 9 Champions] VGC 2026 Reg M-B (Bo3)
|rated|
|rule|Species Clause: Limit one of each Pokémon
|rule|Item Clause: Limit 1 of each item
|clearpoke
|poke|p1|Whimsicott, L50, M|
|poke|p1|Garchomp, L50, F|
|poke|p1|Basculegion, L50, M|
|poke|p1|Kingambit, L50, F|
|poke|p1|Floette-Eternal, L50, F|
|poke|p1|Charizard, L50, M|
|poke|p2|Gengar, L50, M|
|poke|p2|Archaludon, L50, F|
|poke|p2|Politoed, L50, M|
|poke|p2|Swampert, L50, F|
|poke|p2|Vivillon-Fancy, L50, F|
|poke|p2|Incineroar, L50, M|
|teampreview|4
|showteam|p1|Whimsicott||FocusSash|Prankster|Moonblast,Tailwind,Encore,Protect|Timid||M|||50|]Garchomp||SitrusBerry|RoughSkin|DragonClaw,StompingTantrum,RockSlide,Protect|Adamant||F|||50|]Basculegion||LifeOrb|Adaptability|WaveCrash,LastRespects,AquaJet,Protect|Adamant||M|||50|]Kingambit||ChopleBerry|Defiant|KowtowCleave,IronHead,LowKick,SuckerPunch|Adamant||F|||50|]Floette-Eternal||Floettite|FlowerVeil|Moonblast,DazzlingGleam,LightofRuin,Protect|Timid||F|||50|]Charizard||CharizarditeY|Blaze|HeatWave,SolarBeam,WeatherBall,Protect|Bold||M|||50|
|showteam|p2|Gengar||Gengarite|CursedBody|ShadowBall,SludgeBomb,PerishSong,Protect|Modest||M|||50|]Archaludon||Leftovers|Stamina|ElectroShot,DragonPulse,FlashCannon,Protect|Bold||F|||50|]Politoed||SitrusBerry|Drizzle|WeatherBall,Encore,PerishSong,Protect|Calm||M|||50|]Swampert||Swampertite|Torrent|WaveCrash,Earthquake,IcePunch,Protect|Adamant||F|||50|]Vivillon-Fancy||FocusSash|CompoundEyes|Hurricane,SleepPowder,RagePowder,Protect|Timid||F|||50|]Incineroar||PasshoBerry|Intimidate|ThroatChop,FakeOut,PartingShot,Protect|Impish||M|||50|
|c|☆talos2b a.g.|The TOAD WALL
|
|t:|1786024963
|teamsize|p1|4
|teamsize|p2|4
|start
|switch|p1a: Basculegion|Basculegion, L50, M|100/100
|switch|p1b: Kingambit|Kingambit, L50, F|100/100
|switch|p2a: Megatron|Gengar, L50, M|100/100
|switch|p2b: The Villain|Vivillon-Fancy, L50, F|100/100
|turn|1
|
|t:|1786024985
|detailschange|p2a: Megatron|Gengar-Mega, L50, M
|-mega|p2a: Megatron|Gengar|Gengarite
|move|p1a: Basculegion|Protect|p1a: Basculegion
|-singleturn|p1a: Basculegion|Protect
|move|p1b: Kingambit|Sucker Punch||[still]
|-fail|p1b: Kingambit
|move|p2a: Megatron|Perish Song|p2a: Megatron
|-start|p1a: Basculegion|perish3|[silent]
|-start|p1b: Kingambit|perish3|[silent]
|-start|p2a: Megatron|perish3|[silent]
|-start|p2b: The Villain|perish3|[silent]
|-fieldactivate|move: Perish Song
|move|p2b: The Villain|Sleep Powder|p1b: Kingambit
|-status|p1b: Kingambit|slp|[from] move: Sleep Powder
|
|-start|p2a: Megatron|perish3
|-start|p2b: The Villain|perish3
|-start|p1a: Basculegion|perish3
|-start|p1b: Kingambit|perish3
|upkeep
|turn|2
|
|t:|1786025005
|move|p2a: Megatron|Shadow Ball|p1a: Basculegion
|-supereffective|p1a: Basculegion|1
|-damage|p1a: Basculegion|5/100
|move|p2b: The Villain|Sleep Powder|p1a: Basculegion
|-status|p1a: Basculegion|slp|[from] move: Sleep Powder
|cant|p1a: Basculegion|slp
|cant|p1b: Kingambit|slp
|
|-start|p2a: Megatron|perish2
|-start|p2b: The Villain|perish2
|-start|p1a: Basculegion|perish2
|-start|p1b: Kingambit|perish2
|upkeep
|turn|3
|
|t:|1786025029
|switch|p1a: Whimsicott|Whimsicott, L50, M|100/100
|move|p2a: Megatron|Shadow Ball|p1b: Kingambit
|-resisted|p1b: Kingambit|1
|-damage|p1b: Kingambit|79/100 slp
|move|p2b: The Villain|Hurricane|p1a: Whimsicott
|-supereffective|p1a: Whimsicott|1
|-enditem|p1a: Whimsicott|Focus Sash
|-damage|p1a: Whimsicott|1/100
|cant|p1b: Kingambit|slp
|
|-start|p2a: Megatron|perish1
|-start|p2b: The Villain|perish1
|-start|p1b: Kingambit|perish1
|upkeep
|turn|4
|
|t:|1786025050
|switch|p2a: Kermit|Politoed, L50, M|100/100
|-weather|RainDance|[from] ability: Drizzle|[of] p2a: Kermit
|switch|p2b: Bridget|Archaludon, L50, F|100/100
|move|p1a: Whimsicott|Tailwind|p1a: Whimsicott
|-sidestart|p1: nillythekid|move: Tailwind
|-curestatus|p1b: Kingambit|slp|[msg]
|move|p1b: Kingambit|Low Kick|p2a: Kermit
|-damage|p2a: Kermit|79/100
|
|-weather|RainDance|[upkeep]
|-start|p1b: Kingambit|perish0
|faint|p1b: Kingambit
|upkeep
|
|t:|1786025066
|switch|p1b: Floette|Floette-Eternal, L50, F|100/100
|turn|5
|
|t:|1786025085
|switch|p2a: The Villain|Vivillon-Fancy, L50, F|100/100
|detailschange|p1b: Floette|Floette-Mega, L50, F
|-mega|p1b: Floette|Floette|Floettite
|-ability|p1b: Floette|Fairy Aura
|move|p1a: Whimsicott|Moonblast|p2b: Bridget
|-crit|p2b: Bridget
|-damage|p2b: Bridget|34/100
|-ability|p2b: Bridget|Stamina|boost
|-boost|p2b: Bridget|def|1
|move|p1b: Floette|Light of Ruin|p2b: Bridget
|-damage|p2b: Bridget|0 fnt
|faint|p2b: Bridget
|-damage|p1b: Floette|77/100|[from] Recoil
|
|-weather|RainDance|[upkeep]
|upkeep
|
|t:|1786025098
|switch|p2b: Megatron|Gengar-Mega, L50, M|100/100
|turn|6
|
|t:|1786025115
|move|p1a: Whimsicott|Moonblast|p2a: The Villain
|-damage|p2a: The Villain|12/100
|move|p1b: Floette|Dazzling Gleam|p2b: Megatron|[spread] p2a,p2b
|-resisted|p2b: Megatron|1
|-damage|p2a: The Villain|0 fnt
|-damage|p2b: Megatron|79/100
|faint|p2a: The Villain
|move|p2b: Megatron|Sludge Bomb|p1b: Floette
|-supereffective|p1b: Floette|1
|-damage|p1b: Floette|0 fnt
|faint|p1b: Floette
|
|-weather|RainDance|[upkeep]
|upkeep
|
|t:|1786025128
|switch|p1b: Basculegion|Basculegion, L50, M|5/100 slp
|switch|p2a: Kermit|Politoed, L50, M|79/100
|turn|7
|
|t:|1786025139
|move|p1a: Whimsicott|Moonblast|p2a: Kermit
|-damage|p2a: Kermit|53/100
|cant|p1b: Basculegion|slp
|move|p2b: Megatron|Shadow Ball|p1b: Basculegion
|-supereffective|p1b: Basculegion|1
|-damage|p1b: Basculegion|0 fnt
|faint|p1b: Basculegion
|move|p2a: Kermit|Weather Ball|p1a: Whimsicott
|-resisted|p1a: Whimsicott|1
|-damage|p1a: Whimsicott|0 fnt
|faint|p1a: Whimsicott
|
|win|talos2b a.g.
|raw|nillythekid's rating: 1172 → 1144(-28 for losing)
|raw|talos2b a.g.'s rating: 1126 → 1154(+28 for winning)
|l|☆nillythekid
|player|p1|
