|j|☆Chochito Pelao
|j|☆xxsismoxx
|html|Chochito Pelaoxxsismoxx    
|uhtml|bestof|Game 2 of a best-of-3
|t:|1784657137
|gametype|doubles
|player|p1|Chochito Pelao|striker|
|player|p2|xxsismoxx|lance|
|gen|9
|tier|[Gen 9 Champions] VGC 2026 Reg M-B (Bo3)
|rule|Species Clause: Limit one of each Pokémon
|rule|Item Clause: Limit 1 of each item
|clearpoke
|poke|p1|Tyranitar, L50, M|
|poke|p1|Excadrill, L50, F|
|poke|p1|Gholdengo, L50|
|poke|p1|Sinistcha, L50|
|poke|p1|Staraptor, L50, M|
|poke|p1|Milotic, L50, F|
|poke|p2|Aerodactyl, L50, F|
|poke|p2|Garchomp, L50, F, shiny|
|poke|p2|Kingambit, L50, F, shiny|
|poke|p2|Charizard, L50, F, shiny|
|poke|p2|Sylveon, L50, F, shiny|
|poke|p2|Farigiraf, L50, F|
|teampreview|4
|showteam|p1|Tyranitar||Tyranitarite|SandStream|RockSlide,KnockOff,LowKick,Protect|Adamant||M|||50|]Excadrill||FocusSash|SandRush|IronHead,HighHorsepower,RockSlide,Protect|Adamant||F|||50|]Gholdengo||LifeOrb|GoodasGold|ShadowBall,MakeItRain,NastyPlot,Protect|Modest|||||50|]Sinistcha||ColburBerry|Hospitality|MatchaGotcha,RagePowder,TrickRoom,Protect|Bold|||||50|]Staraptor||Staraptite|Intimidate|BraveBird,CloseCombat,Tailwind,Protect|Jolly||M|||50|]Milotic||Leftovers|Competitive|MuddyWater,Hypnosis,Coil,Recover|Calm||F|||50|
|showteam|p2|Aerodactyl||Aerodactylite|Unnerve|IceFang,RockSlide,Tailwind,DualWingbeat|Jolly||F|||50|]Garchomp||LifeOrb|RoughSkin|DragonClaw,StompingTantrum,Earthquake,Protect|Jolly||F|||50|]Kingambit||FocusSash|Defiant|SuckerPunch,KowtowCleave,IronHead,LowKick|Adamant||F|||50|]Charizard||CharizarditeY|SolarPower|Protect,WeatherBall,HeatWave,SolarBeam|Modest||F|||50|]Sylveon||FairyFeather|Pixilate|Protect,HyperVoice,HyperBeam,QuickAttack|Modest||F|||50|]Farigiraf||SitrusBerry|ArmorTail|TrickRoom,Thunderbolt,Roar,Psychic|Relaxed||F|||50|
|j| Shishio_Ax
|j| Kingsman11
|j| Pokemonalpha.es
|
|t:|1784657174
|teamsize|p1|4
|teamsize|p2|4
|start
|switch|p1a: Tyranitar|Tyranitar, L50, M|100/100
|switch|p1b: Excadrill|Excadrill, L50, F|100/100
|switch|p2a: Garchomp|Garchomp, L50, F, shiny|100/100
|switch|p2b: Sylveon|Sylveon, L50, F, shiny|100/100
|-weather|Sandstorm|[from] ability: Sand Stream|[of] p1a: Tyranitar
|turn|1
|j| ChompyGM
|
|t:|1784657200
|move|p1b: Excadrill|Protect|p1b: Excadrill
|-singleturn|p1b: Excadrill|Protect
|move|p1a: Tyranitar|Protect|p1a: Tyranitar
|-singleturn|p1a: Tyranitar|Protect
|move|p2a: Garchomp|Stomping Tantrum|p1b: Excadrill
|-activate|p1b: Excadrill|move: Protect
|move|p2b: Sylveon|Hyper Voice|p1b: Excadrill|[spread] 
|-activate|p1a: Tyranitar|move: Protect
|-activate|p1b: Excadrill|move: Protect
|
|-weather|Sandstorm|[upkeep]
|-damage|p2b: Sylveon|93/100|[from] Sandstorm
|upkeep
|turn|2
|
|t:|1784657227
|switch|p1a: Milotic|Milotic, L50, F|100/100
|move|p2b: Sylveon|Protect|p2b: Sylveon
|-singleturn|p2b: Sylveon|Protect
|move|p1b: Excadrill|Iron Head|p2b: Sylveon
|-activate|p2b: Sylveon|move: Protect
|move|p2a: Garchomp|Earthquake|p1b: Excadrill|[spread] p1a,p1b
|-activate|p2b: Sylveon|move: Protect
|-supereffective|p1b: Excadrill|1
|-damage|p1a: Milotic|57/100
|-enditem|p1b: Excadrill|Focus Sash
|-damage|p1b: Excadrill|1/100
|-damage|p2a: Garchomp|90/100|[from] item: Life Orb
|
|-weather|Sandstorm|[upkeep]
|-damage|p1a: Milotic|51/100|[from] Sandstorm
|-damage|p2b: Sylveon|87/100|[from] Sandstorm
|-heal|p1a: Milotic|57/100|[from] item: Leftovers
|upkeep
|turn|3
|j| gunsandroserade
|
|t:|1784657255
|switch|p1b: Sinistcha|Sinistcha, L50|100/100
|-heal|p1a: Milotic|82/100|[from] ability: Hospitality|[of] p1b: Sinistcha
|move|p2a: Garchomp|Dragon Claw|p1a: Milotic
|-damage|p1a: Milotic|37/100
|-damage|p2a: Garchomp|80/100|[from] item: Life Orb
|move|p1a: Milotic|Coil|p1a: Milotic
|-boost|p1a: Milotic|atk|1
|-boost|p1a: Milotic|def|1
|-boost|p1a: Milotic|accuracy|1
|move|p2b: Sylveon|Hyper Voice|p1b: Sinistcha|[spread] p1a,p1b
|-damage|p1a: Milotic|3/100
|-damage|p1b: Sinistcha|56/100
|
|-weather|Sandstorm|[upkeep]
|-damage|p1a: Milotic|0 fnt|[from] Sandstorm
|-damage|p2b: Sylveon|81/100|[from] Sandstorm
|-damage|p1b: Sinistcha|50/100y|[from] Sandstorm
|faint|p1a: Milotic
|upkeep
|
|t:|1784657271
|switch|p1a: Excadrill|Excadrill, L50, F|1/100
|turn|4
|
|t:|1784657290
|move|p1a: Excadrill|Protect|p1a: Excadrill
|-singleturn|p1a: Excadrill|Protect
|move|p2b: Sylveon|Protect|p2b: Sylveon
|-singleturn|p2b: Sylveon|Protect
|move|p2a: Garchomp|Earthquake|p1b: Sinistcha|[spread] p1b
|-activate|p2b: Sylveon|move: Protect
|-activate|p1a: Excadrill|move: Protect
|-resisted|p1b: Sinistcha|1
|-damage|p1b: Sinistcha|30/100
|-damage|p2a: Garchomp|70/100|[from] item: Life Orb
|move|p1b: Sinistcha|Matcha Gotcha|p2b: Sylveon|[spread] p2a
|-activate|p2b: Sylveon|move: Protect
|-damage|p2a: Garchomp|40/100
|-heal|p1b: Sinistcha|45/100|[from] drain|[of] p2a: Garchomp
|-status|p2a: Garchomp|brn
|
|-weather|Sandstorm|[upkeep]
|-damage|p2b: Sylveon|75/100|[from] Sandstorm
|-damage|p1b: Sinistcha|39/100|[from] Sandstorm
|-damage|p2a: Garchomp|34/100 brn|[from] brn
|upkeep
|turn|5
|
|t:|1784657320
|switch|p1a: Tyranitar|Tyranitar, L50, M|100/100
|move|p2a: Garchomp|Stomping Tantrum|p1a: Tyranitar
|-supereffective|p1a: Tyranitar|1
|-damage|p1a: Tyranitar|52/100
|-damage|p2a: Garchomp|25/100 brn|[from] item: Life Orb
|move|p2b: Sylveon|Hyper Voice|p1b: Sinistcha|[spread] p1a,p1b
|-supereffective|p1a: Tyranitar|1
|-damage|p1a: Tyranitar|0 fnt
|-damage|p1b: Sinistcha|0 fnt
|faint|p1a: Tyranitar
|faint|p1b: Sinistcha
|
|-weather|none
|-damage|p2a: Garchomp|19/100 brn|[from] brn
|upkeep
|c|☆Chochito Pelao|gg
|-message|Chochito Pelao forfeited.
|
|win|xxsismoxx
|l|☆Chochito Pelao
|player|p1|
|l| gunsandroserade
|c|☆xxsismoxx|gg
|l| ChompyGM
|l| Pokemonalpha.es
|l| Shishio_Ax
|j| qqcantabalarana
|l| Kingsman11
|l| qqcantabalarana
|j| Ikerros2010
|l|☆xxsismoxx
|player|p2|
|j|☆xxsismoxx
|player|p2|xxsismoxx|lance|
