|j|☆AzureTheTimeblind
|j|☆ZilverZurfer
|html|AzureTheTimeblindZilverZurfer    
|uhtml|bestof|Game 1 of a best-of-3
|t:|1757726107
|gametype|doubles
|player|p1|AzureTheTimeblind|169|1140
|player|p2|ZilverZurfer|266|1146
|gen|9
|tier|[Gen 9] VGC 2025 Reg H (Bo3)
|rated|
|rule|Species Clause: Limit one of each Pokémon
|rule|Item Clause: Limit 1 of each item
|clearpoke
|poke|p1|Ursaluna-Bloodmoon, L50, M|
|poke|p1|Gholdengo, L50|
|poke|p1|Dragonite, L50, M|
|poke|p1|Rillaboom, L50, M|
|poke|p1|Sneasler, L50, M|
|poke|p1|Ninetales-Alola, L50, M|
|poke|p2|Torkoal, L50, M|
|poke|p2|Lilligant-Hisui, L50, F|
|poke|p2|Indeedee-F, L50, F|
|poke|p2|Hatterene, L50, F|
|poke|p2|Gallade, L50, M|
|poke|p2|Ursaluna, L50, F|
|teampreview|4
|showteam|p1|Ursaluna-Bloodmoon||CovertCloak|MindsEye|EarthPower,BloodMoon,HyperVoice,Protect|||M|||50|,,,,,Normal]Gholdengo||LifeOrb|GoodasGold|NastyPlot,MakeItRain,ShadowBall,Protect||||||50|,,,,,Water]Dragonite||LoadedDice|Multiscale|ScaleShot,Tailwind,Protect,ExtremeSpeed|||M|||50|,,,,,Normal]Rillaboom||AssaultVest|GrassySurge|FakeOut,WoodHammer,Uturn,GrassyGlide|||M|||50|,,,,,Fire]Sneasler||GrassySeed|Unburden|FakeOut,CloseCombat,DireClaw,ThroatChop|||M|||50|,,,,,Dark]Ninetales-Alola||FocusSash|SnowWarning|Moonblast,AuroraVeil,Blizzard,Encore|||M|||50|,,,,,Ghost
|showteam|p2|Torkoal||ChoiceSpecs|Drought|Eruption,HeatWave,EarthPower,WeatherBall|||M|||50|,,,,,Fire]Lilligant-Hisui||FocusSash|Chlorophyll|Protect,AfterYou,CloseCombat,SolarBlade|||F|||50|,,,,,Ghost]Indeedee-F||PsychicSeed|PsychicSurge|Psychic,HelpingHand,TrickRoom,FollowMe|||F|||50|,,,,,Water]Hatterene||LifeOrb|MagicBounce|Protect,ExpandingForce,DazzlingGleam,TrickRoom|||F|||50|,,,,,Fire]Gallade||ClearAmulet|Sharpness|SacredSword,PsychoCut,TrickRoom,WideGuard|||M|||50|,,,,,Grass]Ursaluna||FlameOrb|Guts|Protect,HeadlongRush,Earthquake,Facade|||F|||50|,,,,,Ghost
|inactive|Battle timer is ON: inactive players will automatically lose when time's up. (requested by ZilverZurfer)
|inactive|AzureTheTimeblind has 60 seconds left.
|inactive|ZilverZurfer has 60 seconds left.
|
|t:|1757726154
|teamsize|p1|4
|teamsize|p2|4
|start
|switch|p1a: Sneasler|Sneasler, L50, M|100/100
|switch|p1b: Ninetales|Ninetales-Alola, L50, M|100/100
|switch|p2a: Indeedee|Indeedee-F, L50, F|100/100
|switch|p2b: Gallade|Gallade, L50, M|100/100
|-weather|Snowscape|[from] ability: Snow Warning|[of] p1b: Ninetales
|-fieldstart|move: Psychic Terrain|[from] ability: Psychic Surge|[of] p2a: Indeedee
|-enditem|p2a: Indeedee|Psychic Seed
|-boost|p2a: Indeedee|spd|1|[from] item: Psychic Seed
|turn|1
|inactive|ZilverZurfer has 30 seconds left.
|
|t:|1757726179
|switch|p1b: Rillaboom|Rillaboom, L50, M|100/100
|-fieldstart|move: Grassy Terrain|[from] ability: Grassy Surge|[of] p1b: Rillaboom
|-enditem|p1a: Sneasler|Grassy Seed
|-boost|p1a: Sneasler|def|1|[from] item: Grassy Seed
|switch|p2a: Torkoal|Torkoal, L50, M|100/100
|-weather|SunnyDay|[from] ability: Drought|[of] p2a: Torkoal
|move|p1a: Sneasler|Fake Out|p2b: Gallade
|-crit|p2b: Gallade
|-damage|p2b: Gallade|66/100
|cant|p2b: Gallade|flinch
|
|-weather|SunnyDay|[upkeep]
|-heal|p2b: Gallade|72/100|[from] Grassy Terrain
|upkeep
|turn|2
|
|t:|1757726203
|switch|p2a: Indeedee|Indeedee-F, L50, F|100/100
|-fieldstart|move: Psychic Terrain|[from] ability: Psychic Surge|[of] p2a: Indeedee
|move|p1a: Sneasler|Dire Claw|p2a: Indeedee
|-damage|p2a: Indeedee|56/100
|move|p1b: Rillaboom|Wood Hammer|p2b: Gallade
|-damage|p2b: Gallade|0 fnt
|faint|p2b: Gallade
|-damage|p1b: Rillaboom|82/100|[from] Recoil
|
|-weather|SunnyDay|[upkeep]
|upkeep
|
|t:|1757726213
|switch|p2b: Hatterene|Hatterene, L50, F|100/100
|turn|3
|
|t:|1757726230
|move|p2a: Indeedee|Follow Me|p2a: Indeedee
|-singleturn|p2a: Indeedee|move: Follow Me
|move|p1a: Sneasler|Throat Chop|p2a: Indeedee
|-supereffective|p2a: Indeedee
|-damage|p2a: Indeedee|0 fnt
|faint|p2a: Indeedee
|move|p1b: Rillaboom|U-turn|p2b: Hatterene
|-damage|p2b: Hatterene|75/100
|
|t:|1757726243
|switch|p1b: Ninetales|Ninetales-Alola, L50, M|100/100|[from] U-turn
|-weather|Snowscape|[from] ability: Snow Warning|[of] p1b: Ninetales
|move|p2b: Hatterene|Trick Room|p2b: Hatterene
|-fieldstart|move: Trick Room|[of] p2b: Hatterene
|
|-weather|Snowscape|[upkeep]
|upkeep
|
|t:|1757726246
|switch|p2a: Torkoal|Torkoal, L50, M|100/100
|-weather|SunnyDay|[from] ability: Drought|[of] p2a: Torkoal
|turn|4
|inactive|AzureTheTimeblind has 30 seconds left.
|
|t:|1757726279
|switch|p1a: Rillaboom|Rillaboom, L50, M|82/100
|-fieldstart|move: Grassy Terrain|[from] ability: Grassy Surge|[of] p1a: Rillaboom
|-terastallize|p2a: Torkoal|Fire
|move|p2a: Torkoal|Eruption|p1a: Rillaboom|[spread] p1a,p1b
|-supereffective|p1a: Rillaboom
|-supereffective|p1b: Ninetales
|-damage|p1a: Rillaboom|0 fnt
|-enditem|p1b: Ninetales|Focus Sash
|-damage|p1b: Ninetales|1/100
|faint|p1a: Rillaboom
|move|p2b: Hatterene|Dazzling Gleam|p1b: Ninetales
|-damage|p1b: Ninetales|0 fnt
|faint|p1b: Ninetales
|-damage|p2b: Hatterene|66/100|[from] item: Life Orb
|
|-weather|SunnyDay|[upkeep]
|-heal|p2b: Hatterene|72/100|[from] Grassy Terrain
|upkeep
|
|t:|1757726297
|switch|p1a: Sneasler|Sneasler, L50, M|100/100
|switch|p1b: Ursaluna|Ursaluna-Bloodmoon, L50, M|100/100
|turn|5
|
|t:|1757726314
|move|p1a: Sneasler|Fake Out|p2a: Torkoal
|-damage|p2a: Torkoal|88/100
|cant|p2a: Torkoal|flinch
|move|p2b: Hatterene|Dazzling Gleam|p1a: Sneasler|[spread] p1a,p1b
|-damage|p1a: Sneasler|40/100
|-damage|p1b: Ursaluna|40/100
|-damage|p2b: Hatterene|62/100|[from] item: Life Orb
|move|p1b: Ursaluna|Earth Power|p2a: Torkoal
|-supereffective|p2a: Torkoal
|-damage|p2a: Torkoal|0 fnt
|faint|p2a: Torkoal
|
|-weather|SunnyDay|[upkeep]
|-heal|p2b: Hatterene|68/100|[from] Grassy Terrain
|-heal|p1b: Ursaluna|46/100|[from] Grassy Terrain
|-heal|p1a: Sneasler|46/100|[from] Grassy Terrain
|upkeep
|turn|6
|inactive|AzureTheTimeblind has 30 seconds left.
|inactive|AzureTheTimeblind has 20 seconds left.
|
|t:|1757726352
|move|p1b: Ursaluna|Protect|p1b: Ursaluna
|-singleturn|p1b: Ursaluna|Protect
|move|p2b: Hatterene|Dazzling Gleam|p1b: Ursaluna|[spread] p1a
|-activate|p1b: Ursaluna|move: Protect
|-damage|p1a: Sneasler|0 fnt
|faint|p1a: Sneasler
|-damage|p2b: Hatterene|58/100|[from] item: Life Orb
|
|-weather|SunnyDay|[upkeep]
|-heal|p2b: Hatterene|64/100|[from] Grassy Terrain
|-heal|p1b: Ursaluna|52/100|[from] Grassy Terrain
|upkeep
|turn|7
|
|t:|1757726369
|-terastallize|p1b: Ursaluna|Normal
|move|p2b: Hatterene|Dazzling Gleam|p1b: Ursaluna
|-damage|p1b: Ursaluna|0 fnt
|faint|p1b: Ursaluna
|-damage|p2b: Hatterene|55/100|[from] item: Life Orb
|
|win|ZilverZurfer
||ZilverZurfer is ready for game 2.
||AzureTheTimeblind is ready for game 2.
|uhtml|next|Next: Game 2 of 3
