|j|☆gohan92
|j|☆STL Donductor
|html|gohan92STL Donductor    
|uhtml|bestof|Game 1 of a best-of-3
|t:|1756670230
|gametype|doubles
|player|p1|gohan92|2|1240
|player|p2|STL Donductor|hilbert|1265
|gen|9
|tier|[Gen 9] VGC 2025 Reg H (Bo3)
|rated|
|rule|Species Clause: Limit one of each Pokémon
|rule|Item Clause: Limit 1 of each item
|clearpoke
|poke|p1|Ursaluna-Bloodmoon, L50, M|
|poke|p1|Gholdengo, L50|
|poke|p1|Dragonite, L50, F|
|poke|p1|Rillaboom, L50, F|
|poke|p1|Annihilape, L50, M|
|poke|p1|Maushold, L50|
|poke|p2|Weezing-Galar, L50, M|
|poke|p2|Toedscruel, L50, F|
|poke|p2|Kilowattrel, L50, F|
|poke|p2|Garchomp, L50, F|
|poke|p2|Corviknight, L50, F|
|poke|p2|Typhlosion-Hisui, L50, M|
|teampreview|4
|showteam|p1|Ursaluna-Bloodmoon||AssaultVest|MindsEye|BloodMoon,HyperVoice,EarthPower,VacuumWave|||M|||50|,,,,,Water]Gholdengo||LifeOrb|GoodasGold|MakeItRain,ShadowBall,NastyPlot,Protect||||||50|,,,,,Water]Dragonite||LoadedDice|Multiscale|ScaleShot,Tailwind,Haze,Protect|||F|||50|,,,,,Fairy]Rillaboom||MiracleSeed|GrassySurge|FakeOut,WoodHammer,GrassyGlide,HighHorsepower|||F|||50|,,,,,Fire]Annihilape||SitrusBerry|Defiant|RageFist,DrainPunch,BulkUp,Protect|||M|||50|,,,,,Fire]Maushold||FocusSash|FriendGuard|SuperFang,BeatUp,FollowMe,Protect||||||50|,,,,,Ghost
|showteam|p2|Weezing-Galar||ChoiceSpecs|NeutralizingGas|StrangeSteam,SludgeBomb,DazzlingGleam,Flamethrower|||M|||50|,,,,,Water]Toedscruel||CovertCloak|MyceliumMight|Spore,RagePowder,AcidSpray,EarthPower|||F|||50|,,,,,Water]Kilowattrel||FocusSash|Competitive|Discharge,AirSlash,Tailwind,Protect|||F|||50|,,,,,Ghost]Garchomp||LifeOrb|RoughSkin|Earthquake,DragonClaw,StompingTantrum,Protect|||F|||50|,,,,,Ground]Corviknight||SitrusBerry|MirrorArmor|BraveBird,Roost,Taunt,Protect|||F|||50|,,,,,Dragon]Typhlosion-Hisui||ChoiceScarf|Blaze|Eruption,HeatWave,ShadowBall,WillOWisp|||M|||50|,,,,,Fire
|inactive|Battle timer is ON: inactive players will automatically lose when time's up. (requested by STL Donductor)
|inactive|STL Donductor has 60 seconds left.
|
|t:|1756670284
|teamsize|p1|4
|teamsize|p2|4
|start
|switch|p1a: Dragonite|Dragonite, L50, F|100/100
|switch|p1b: Maushold|Maushold, L50|100/100
|switch|p2a: Voltaire|Kilowattrel, L50, F|100/100
|switch|p2b: Greyscale|Garchomp, L50, F|100/100
|turn|1
|inactive|gohan92 has 30 seconds left.
|
|t:|1756670312
|switch|p2b: Oleander|Weezing-Galar, L50, M, shiny|100/100
|-ability|p2b: Oleander|Neutralizing Gas
|move|p2a: Voltaire|Tailwind|p2a: Voltaire
|-sidestart|p2: STL Donductor|move: Tailwind
|move|p1b: Maushold|Super Fang|p2b: Oleander
|-damage|p2b: Oleander|51/100
|move|p1a: Dragonite|Scale Shot|p2a: Voltaire
|-crit|p2a: Voltaire
|-damage|p2a: Voltaire|61/100
|-damage|p2a: Voltaire|34/100
|-damage|p2a: Voltaire|5/100
|-damage|p2a: Voltaire|0 fnt
|faint|p2a: Voltaire
|-hitcount|p2: Voltaire|4
|-unboost|p1a: Dragonite|def|1
|-boost|p1a: Dragonite|spe|1
|
|upkeep
|inactive|STL Donductor has 30 seconds left.
|inactive|STL Donductor has 20 seconds left.
|inactive|STL Donductor has 15 seconds left.
|inactive|STL Donductor has 10 seconds left.
|
|t:|1756670357
|switch|p2a: Nevermore|Corviknight, L50, F, shiny|100/100
|turn|2
|inactive|gohan92 has 30 seconds left.
|inactive|gohan92 has 20 seconds left.
|inactive|gohan92 has 15 seconds left.
|
|t:|1756670400
|switch|p1a: Rillaboom|Rillaboom, L50, F|100/100
|move|p2a: Nevermore|Brave Bird|p1a: Rillaboom
|-supereffective|p1a: Rillaboom
|-damage|p1a: Rillaboom|12/100
|-damage|p2a: Nevermore|73/100|[from] Recoil
|move|p2b: Oleander|Dazzling Gleam|p1b: Maushold|[spread] p1a,p1b
|-damage|p1a: Rillaboom|0 fnt
|-damage|p1b: Maushold|50/100
|faint|p1a: Rillaboom
|move|p1b: Maushold|Super Fang|p2b: Oleander
|-damage|p2b: Oleander|26/100
|
|upkeep
|
|t:|1756670412
|switch|p1a: Ursaluna|Ursaluna-Bloodmoon, L50, M|100/100
|turn|3
|
|t:|1756670436
|move|p1b: Maushold|Protect|p1b: Maushold
|-singleturn|p1b: Maushold|Protect
|move|p2a: Nevermore|Roost|p2a: Nevermore
|-heal|p2a: Nevermore|100/100
|-singleturn|p2a: Nevermore|move: Roost
|move|p2b: Oleander|Dazzling Gleam|p1a: Ursaluna|[spread] p1a
|-activate|p1b: Maushold|move: Protect
|-crit|p1a: Ursaluna
|-damage|p1a: Ursaluna|66/100
|move|p1a: Ursaluna|Hyper Voice|p2a: Nevermore|[spread] p2a,p2b
|-resisted|p2a: Nevermore
|-damage|p2a: Nevermore|84/100
|-damage|p2b: Oleander|0 fnt
|faint|p2b: Oleander
|-end|p2b: Oleander|ability: Neutralizing Gas
|
|upkeep
|
|t:|1756670449
|switch|p2b: Greyscale|Garchomp, L50, F|100/100
|turn|4
|
|t:|1756670462
|switch|p1b: Dragonite|Dragonite, L50, F|100/100
|-terastallize|p2b: Greyscale|Ground
|move|p2b: Greyscale|Earthquake|p1a: Ursaluna|[spread] p1a
|-immune|p2a: Nevermore
|-immune|p1b: Dragonite
|-damage|p1a: Ursaluna|19/100
|-damage|p2b: Greyscale|91/100|[from] item: Life Orb
|move|p2a: Nevermore|Brave Bird|p1a: Ursaluna
|-damage|p1a: Ursaluna|0 fnt
|faint|p1a: Ursaluna
|-damage|p2a: Nevermore|78/100|[from] Recoil
|
|-sideend|p2: STL Donductor|move: Tailwind
|upkeep
|
|t:|1756670475
|switch|p1a: Maushold|Maushold, L50|50/100
|turn|5
|inactive|STL Donductor has 30 seconds left.
|inactive|STL Donductor has 20 seconds left.
|
|t:|1756670514
|move|p1a: Maushold|Protect|p1a: Maushold
|-singleturn|p1a: Maushold|Protect
|move|p2b: Greyscale|Protect|p2b: Greyscale
|-singleturn|p2b: Greyscale|Protect
|move|p1b: Dragonite|Scale Shot|p2b: Greyscale
|-activate|p2b: Greyscale|move: Protect
|move|p2a: Nevermore|Taunt|p1a: Maushold
|-activate|p1a: Maushold|move: Protect
|
|upkeep
|turn|6
|
|t:|1756670535
|-terastallize|p1b: Dragonite|Fairy
|move|p1a: Maushold|Super Fang|p2b: Greyscale
|-damage|p2b: Greyscale|46/100
|-damage|p1a: Maushold|38/100|[from] ability: Rough Skin|[of] p2b: Greyscale
|move|p2b: Greyscale|Dragon Claw|p1b: Dragonite
|-immune|p1b: Dragonite
|move|p1b: Dragonite|Scale Shot|p2b: Greyscale
|-damage|p2b: Greyscale|29/100
|-damage|p2b: Greyscale|12/100
|-damage|p2b: Greyscale|0 fnt
|faint|p2b: Greyscale
|-hitcount|p2: Greyscale|3
|-unboost|p1b: Dragonite|def|1
|-boost|p1b: Dragonite|spe|1
|move|p2a: Nevermore|Brave Bird|p1b: Dragonite
|-damage|p1b: Dragonite|75/100
|-damage|p2a: Nevermore|70/100|[from] Recoil
|
|upkeep
|turn|7
|inactive|STL Donductor has 30 seconds left.
|inactive|STL Donductor has 20 seconds left.
|
|t:|1756670571
|move|p1b: Dragonite|Protect|p1b: Dragonite
|-singleturn|p1b: Dragonite|Protect
|move|p1a: Maushold|Super Fang|p2a: Nevermore
|-damage|p2a: Nevermore|35/100
|-enditem|p2a: Nevermore|Sitrus Berry|[eat]
|-heal|p2a: Nevermore|60/100|[from] item: Sitrus Berry
|move|p2a: Nevermore|Roost|p2a: Nevermore
|-heal|p2a: Nevermore|100/100
|-singleturn|p2a: Nevermore|move: Roost
|
|upkeep
|turn|8
|
|t:|1756670585
|move|p1a: Maushold|Super Fang|p2a: Nevermore
|-damage|p2a: Nevermore|51/100
|move|p1b: Dragonite|Haze|p1b: Dragonite
|-clearallboost
|move|p2a: Nevermore|Brave Bird|p1b: Dragonite
|-damage|p1b: Dragonite|41/100
|-damage|p2a: Nevermore|40/100|[from] Recoil
|
|upkeep
|turn|9
|
|t:|1756670598
|move|p1a: Maushold|Super Fang|p2a: Nevermore
|-damage|p2a: Nevermore|20/100
|move|p1b: Dragonite|Scale Shot|p2a: Nevermore
|-resisted|p2a: Nevermore
|-damage|p2a: Nevermore|14/100
|-resisted|p2a: Nevermore
|-damage|p2a: Nevermore|8/100
|-resisted|p2a: Nevermore
|-damage|p2a: Nevermore|2/100
|-resisted|p2a: Nevermore
|-damage|p2a: Nevermore|0 fnt
|faint|p2a: Nevermore
|-hitcount|p2: Nevermore|4
|
|win|gohan92
