|j|☆CaratroncoSun
|j|☆RienOfficiel
|html|CaratroncoSunRienOfficiel    
|uhtml|bestof|Game 2 of a best-of-3
|t:|1784131119
|gametype|doubles
|player|p1|CaratroncoSun|juan|1282
|player|p2|RienOfficiel|cyrus|1278
|gen|9
|tier|[Gen 9 Champions] VGC 2026 Reg M-B (Bo3)
|rated|
|rule|Species Clause: Limit one of each Pokémon
|rule|Item Clause: Limit 1 of each item
|clearpoke
|poke|p1|Charizard, L50, M, shiny|
|poke|p1|Venusaur, L50, M, shiny|
|poke|p1|Whimsicott, L50, F, shiny|
|poke|p1|Basculegion, L50, M|
|poke|p1|Tyranitar, L50, F|
|poke|p1|Mamoswine, L50, F|
|poke|p2|Charizard, L50, F|
|poke|p2|Grimmsnarl, L50, M|
|poke|p2|Pelipper, L50, M|
|poke|p2|Archaludon, L50, F|
|poke|p2|Basculegion, L50, M|
|poke|p2|Venusaur, L50, F|
|teampreview|4
|showteam|p1|Charizard||CharizarditeY|Blaze|Protect,SolarBeam,HeatWave,AirSlash|Modest||M|||50|]Venusaur||WideLens|Chlorophyll|Protect,GigaDrain,EarthPower,SleepPowder|Modest||M|||50|]Whimsicott||FocusSash|Prankster|Protect,Moonblast,Tailwind,Encore|Timid||F|||50|]Basculegion||MysticWater|Adaptability|Protect,AquaJet,WaveCrash,LastRespects|Adamant||M|||50|]Tyranitar||Tyranitarite|SandStream|Protect,RockSlide,KnockOff,LowKick|Adamant||F|||50|]Mamoswine||LifeOrb|Oblivious|Protect,HighHorsepower,RockSlide,IceShard|Adamant||F|||50|
|showteam|p2|Charizard||CharizarditeY|Blaze|Protect,HeatWave,WeatherBall,SolarBeam|Modest||F|||50|]Grimmsnarl||LightClay|Prankster|SpiritBreak,Reflect,LightScreen,PartingShot|Sassy||M|||50|]Pelipper||SitrusBerry|Drizzle|Hurricane,WeatherBall,Tailwind,WideGuard|Modest||M|||50|]Archaludon||Leftovers|Stamina|Protect,ElectroShot,DragonPulse,FlashCannon|Modest||F|||50|]Basculegion||ChoiceScarf|Adaptability|FlipTurn,WaveCrash,AquaJet,LastRespects|Jolly||M|||50|]Venusaur||FocusSash|Chlorophyll|Protect,SleepPowder,SludgeBomb,EarthPower|Modest||F|||50|
|inactive|Battle timer is ON: inactive players will automatically lose when time's up. (requested by RienOfficiel)
|
|t:|1784131151
|teamsize|p1|4
|teamsize|p2|4
|start
|switch|p1a: Whimsicott|Whimsicott, L50, F, shiny|100/100
|switch|p1b: Mamoswine|Mamoswine, L50, F|100/100
|switch|p2a: Basculegion|Basculegion, L50, M|100/100
|switch|p2b: Grimmsnarl|Grimmsnarl, L50, M|100/100
|turn|1
|
|t:|1784131169
|move|p1b: Mamoswine|Protect|p1b: Mamoswine
|-singleturn|p1b: Mamoswine|Protect
|move|p2b: Grimmsnarl|Reflect|p2b: Grimmsnarl
|-sidestart|p2: RienOfficiel|Reflect
|move|p2a: Basculegion|Wave Crash|p1b: Mamoswine
|-activate|p1b: Mamoswine|move: Protect
|move|p1a: Whimsicott|Moonblast|p2a: Basculegion
|-damage|p2a: Basculegion|58/100
|
|upkeep
|turn|2
|
|t:|1784131182
|switch|p1b: Venusaur|Venusaur, L50, M, shiny|100/100
|move|p2b: Grimmsnarl|Light Screen|p2b: Grimmsnarl
|-sidestart|p2: RienOfficiel|move: Light Screen
|move|p2a: Basculegion|Wave Crash|p1b: Venusaur
|-resisted|p1b: Venusaur|1
|-damage|p1b: Venusaur|50/100y
|-damage|p2a: Basculegion|45/100|[from] Recoil
|move|p1a: Whimsicott|Moonblast|p2a: Basculegion
|-damage|p2a: Basculegion|19/100
|
|upkeep
|turn|3
|
|t:|1784131195
|switch|p2a: Charizard|Charizard, L50, F|100/100
|move|p1a: Whimsicott|Tailwind|p1a: Whimsicott
|-sidestart|p1: CaratroncoSun|move: Tailwind
|move|p2b: Grimmsnarl|Parting Shot|p1b: Venusaur
|-unboost|p1b: Venusaur|atk|1
|-unboost|p1b: Venusaur|spa|1
|
|t:|1784131201
|switch|p2b: Venusaur|Venusaur, L50, F|100/100|[from] Parting Shot
|move|p1b: Venusaur|Giga Drain|p2a: Charizard
|-resisted|p2a: Charizard|2
|-damage|p2a: Charizard|95/100
|-heal|p1b: Venusaur|52/100|[from] drain|[of] p2a: Charizard
|
|upkeep
|turn|4
|
|t:|1784131220
|switch|p1a: Mamoswine|Mamoswine, L50, F|100/100
|detailschange|p2a: Charizard|Charizard-Mega-Y, L50, F
|-mega|p2a: Charizard|Charizard|Charizardite Y
|-weather|SunnyDay|[from] ability: Drought|[of] p2a: Charizard
|move|p1b: Venusaur|Sleep Powder|p2a: Charizard
|-status|p2a: Charizard|slp|[from] move: Sleep Powder
|move|p2b: Venusaur|Sludge Bomb|p1a: Mamoswine
|-resisted|p1a: Mamoswine|1
|-damage|p1a: Mamoswine|71/100
|cant|p2a: Charizard|slp
|
|-weather|SunnyDay|[upkeep]
|upkeep
|turn|5
|inactive|CaratroncoSun has 30 seconds left.
|
|t:|1784131249
|cant|p2a: Charizard|slp
|move|p1b: Venusaur|Earth Power|p2b: Venusaur
|-damage|p2b: Venusaur|85/100
|move|p1a: Mamoswine|Rock Slide|p2a: Charizard|[spread] p2a,p2b
|-supereffective|p2a: Charizard|2
|-damage|p2a: Charizard|0 fnt
|-damage|p2b: Venusaur|66/100
|faint|p2a: Charizard
|-damage|p1a: Mamoswine|61/100|[from] item: Life Orb
|move|p2b: Venusaur|Sleep Powder|p1a: Mamoswine
|-status|p1a: Mamoswine|slp|[from] move: Sleep Powder
|
|-weather|SunnyDay|[upkeep]
|upkeep
|
|t:|1784131259
|switch|p2a: Basculegion|Basculegion, L50, M|19/100
|turn|6
|
|t:|1784131270
|cant|p1a: Mamoswine|slp
|move|p1b: Venusaur|Giga Drain|p2a: Basculegion
|-supereffective|p2a: Basculegion|1
|-damage|p2a: Basculegion|0 fnt
|-heal|p1b: Venusaur|64/100|[from] drain|[of] p2a: Basculegion
|faint|p2a: Basculegion
|move|p2b: Venusaur|Earth Power|p1a: Mamoswine
|-damage|p1a: Mamoswine|20/100y slp
|
|-weather|SunnyDay|[upkeep]
|-sideend|p1: CaratroncoSun|move: Tailwind
|upkeep
|
|t:|1784131273
|switch|p2a: Grimmsnarl|Grimmsnarl, L50, M|100/100
|turn|7
|
|t:|1784131287
|cant|p1a: Mamoswine|slp
|move|p1b: Venusaur|Earth Power|p2b: Venusaur
|-damage|p2b: Venusaur|51/100
|move|p2b: Venusaur|Earth Power|p1b: Venusaur
|-damage|p1b: Venusaur|30/100
|move|p2a: Grimmsnarl|Spirit Break|p1a: Mamoswine
|-damage|p1a: Mamoswine|0 fnt
|faint|p1a: Mamoswine
|
|-weather|SunnyDay|[upkeep]
|upkeep
|-message|RienOfficiel forfeited.
|
|win|CaratroncoSun
|raw|CaratroncoSun's rating: 1282 → 1307(+25 for winning)
|raw|RienOfficiel's rating: 1278 → 1253(-25 for losing)
