|j|☆crudo de fava
|j|☆Bellsproutfanwill
|html|crudo de favaBellsproutfanwill    
|uhtml|bestof|Game 2 of a best-of-3
|t:|1756469666
|gametype|doubles
|player|p1|crudo de fava|ingo|1284
|player|p2|Bellsproutfanwill|266|1223
|gen|9
|tier|[Gen 9] VGC 2025 Reg H (Bo3)
|rated|
|rule|Species Clause: Limit one of each Pokémon
|rule|Item Clause: Limit 1 of each item
|clearpoke
|poke|p1|Charizard, L50, M|
|poke|p1|Torkoal, L50, F|
|poke|p1|Porygon2, L50|
|poke|p1|Incineroar, L50, M|
|poke|p1|Jumpluff, L50, F|
|poke|p1|Ursaluna, L50, M|
|poke|p2|Torkoal, L50, F|
|poke|p2|Oranguru, L50, M|
|poke|p2|Hariyama, L50, F|
|poke|p2|Sinistcha, L50|
|poke|p2|Annihilape, L50, F|
|poke|p2|Ursaluna-Bloodmoon, L50, M|
|teampreview|4
|showteam|p1|Charizard||ChoiceSpecs|SolarPower|HeatWave,Overheat,WeatherBall,AirSlash|||M|||50|,,,,,Ghost]Torkoal||EjectPack|Drought|Eruption,Overheat,HelpingHand,Protect|||F|||50|,,,,,Fire]Porygon2||Eviolite|Download|TeraBlast,IceBeam,Recover,TrickRoom||||||50|,,,,,Fighting]Incineroar||SitrusBerry|Intimidate|FlareBlitz,KnockOff,FakeOut,PartingShot|||M|||50|,,,,,Ghost]Jumpluff||CovertCloak|Chlorophyll|SleepPowder,SunnyDay,RagePowder,Tailwind|||F|||50|,,,,,Water]Ursaluna||FlameOrb|Guts|HeadlongRush,Facade,Earthquake,Protect|||M|||50|,,,,,Ghost
|showteam|p2|Torkoal||Charcoal|Drought|Eruption,HeatWave,BodyPress,Protect|||F|||50|,,,,,Fire]Oranguru||MentalHerb|InnerFocus|Instruct,TrickRoom,Encore,Taunt|||M|||50|,,,,,Fairy]Hariyama||FlameOrb|Guts|DrainPunch,ThunderPunch,BulkUp,FakeOut|||F|||50|,,,,,Electric]Sinistcha||FocusSash|Hospitality|MatchaGotcha,ShadowBall,RagePowder,TrickRoom||||||50|,,,,,Normal]Annihilape||ChoiceScarf|Defiant|RageFist,Uturn,FinalGambit,Taunt|||F|||50|,,,,,Grass]Ursaluna-Bloodmoon||ThroatSpray|MindsEye|HyperVoice,EarthPower,BloodMoon,Protect|||M|||50|,,,,,Ghost
|
|t:|1756469675
|teamsize|p1|4
|teamsize|p2|4
|start
|switch|p1a: Charizard|Charizard, L50, M|100/100
|switch|p1b: Ursaluna|Ursaluna, L50, M|100/100
|switch|p2a: Oranguru|Oranguru, L50, M|100/100
|switch|p2b: Annihilape|Annihilape, L50, F|100/100
|turn|1
|
|t:|1756469688
|-terastallize|p1a: Charizard|Ghost
|move|p2b: Annihilape|Final Gambit|p1a: Charizard
|-immune|p1a: Charizard
|move|p1a: Charizard|Heat Wave|p2a: Oranguru|[spread] p2a,p2b
|-damage|p2a: Oranguru|68/100
|-damage|p2b: Annihilape|60/100
|move|p1b: Ursaluna|Headlong Rush|p2a: Oranguru
|-damage|p2a: Oranguru|2/100
|-unboost|p1b: Ursaluna|def|1
|-unboost|p1b: Ursaluna|spd|1
|move|p2a: Oranguru|Trick Room|p2a: Oranguru
|-fieldstart|move: Trick Room|[of] p2a: Oranguru
|
|-status|p1b: Ursaluna|brn|[from] item: Flame Orb
|upkeep
|turn|2
|
|t:|1756469723
|switch|p1a: Porygon2|Porygon2, L50|100/100
|-ability|p1a: Porygon2|Download|boost
|-boost|p1a: Porygon2|atk|1
|move|p1b: Ursaluna|Protect|p1b: Ursaluna
|-singleturn|p1b: Ursaluna|Protect
|move|p2a: Oranguru|Taunt|p1b: Ursaluna
|-activate|p1b: Ursaluna|move: Protect
|move|p2b: Annihilape|Final Gambit|p1b: Ursaluna
|-activate|p1b: Ursaluna|move: Protect
|
|-damage|p1b: Ursaluna|95/100 brn|[from] brn
|upkeep
|turn|3
|
|t:|1756469743
|move|p2a: Oranguru|Taunt|p1a: Porygon2
|-start|p1a: Porygon2|move: Taunt
|move|p1b: Ursaluna|Earthquake|p2b: Annihilape|[spread] p1a,p2a,p2b
|-damage|p1a: Porygon2|58/100
|-damage|p2a: Oranguru|0 fnt
|-damage|p2b: Annihilape|0 fnt
|faint|p2a: Oranguru
|faint|p2b: Annihilape
|cant|p1a: Porygon2|move: Taunt|Trick Room
|
|-damage|p1b: Ursaluna|89/100 brn|[from] brn
|upkeep
|
|t:|1756469755
|switch|p2a: Torkoal|Torkoal, L50, F|100/100
|switch|p2b: Sinistcha|Sinistcha, L50|100/100
|-weather|SunnyDay|[from] ability: Drought|[of] p2a: Torkoal
|turn|4
|
|t:|1756469765
|switch|p1a: Incineroar|Incineroar, L50, M|100/100
|-ability|p1a: Incineroar|Intimidate|boost
|-unboost|p2a: Torkoal|atk|1
|-unboost|p2b: Sinistcha|atk|1
|-terastallize|p2a: Torkoal|Fire
|move|p1b: Ursaluna|Protect|p1b: Ursaluna
|-singleturn|p1b: Ursaluna|Protect
|move|p2a: Torkoal|Eruption|p1a: Incineroar|[spread] p1a
|-activate|p1b: Ursaluna|move: Protect
|-resisted|p1a: Incineroar
|-damage|p1a: Incineroar|43/100
|-enditem|p1a: Incineroar|Sitrus Berry|[eat]
|-heal|p1a: Incineroar|68/100|[from] item: Sitrus Berry
|move|p2b: Sinistcha|Matcha Gotcha|p1a: Incineroar|[spread] p1a
|-activate|p1b: Ursaluna|move: Protect
|-resisted|p1a: Incineroar
|-damage|p1a: Incineroar|52/100
|
|-weather|SunnyDay|[upkeep]
|-damage|p1b: Ursaluna|83/100 brn|[from] brn
|upkeep
|turn|5
|
|t:|1756469789
|switch|p1b: Charizard|Charizard, L50, M, tera:Ghost|100/100
|move|p1a: Incineroar|Fake Out|p2a: Torkoal
|-damage|p2a: Torkoal|91/100
|cant|p2a: Torkoal|flinch
|move|p2b: Sinistcha|Matcha Gotcha|p1b: Charizard|[spread] p1b
|-miss|p2b: Sinistcha|p1a: Incineroar
|-damage|p1b: Charizard|57/100
|
|-weather|SunnyDay|[upkeep]
|-damage|p1b: Charizard|45/100|[from] ability: Solar Power|[of] p1b: Charizard
|-fieldend|move: Trick Room
|upkeep
|turn|6
|
|t:|1756469809
|move|p1b: Charizard|Weather Ball|p2b: Sinistcha
|-supereffective|p2b: Sinistcha
|-enditem|p2b: Sinistcha|Focus Sash
|-damage|p2b: Sinistcha|1/100
|move|p1a: Incineroar|Knock Off|p2b: Sinistcha
|-supereffective|p2b: Sinistcha
|-damage|p2b: Sinistcha|0 fnt
|faint|p2b: Sinistcha
|move|p2a: Torkoal|Heat Wave|p1b: Charizard|[spread] p1a,p1b
|-resisted|p1a: Incineroar
|-damage|p1a: Incineroar|19/100
|-damage|p1b: Charizard|0 fnt
|faint|p1b: Charizard
|
|-weather|SunnyDay|[upkeep]
|upkeep
|
|t:|1756469819
|switch|p1b: Ursaluna|Ursaluna, L50, M|83/100 brn
|turn|7
|
|t:|1756469834
|move|p1a: Incineroar|Knock Off|p2a: Torkoal
|-damage|p2a: Torkoal|58/100
|-enditem|p2a: Torkoal|Charcoal|[from] move: Knock Off|[of] p1a: Incineroar
|move|p1b: Ursaluna|Headlong Rush|p2a: Torkoal
|-supereffective|p2a: Torkoal
|-damage|p2a: Torkoal|0 fnt
|-unboost|p1b: Ursaluna|def|1
|-unboost|p1b: Ursaluna|spd|1
|faint|p2a: Torkoal
|
|win|crudo de fava
|raw|crudo de fava's rating: 1284 → 1305(+21 for winning)
|raw|Bellsproutfanwill's rating: 1223 → 1202(-21 for losing)
|l|☆Bellsproutfanwill
|player|p2|
