|j|☆proteinman11
|j|☆kuini
|html|proteinman11kuini    
|uhtml|bestof|Game 2 of a best-of-3
|t:|1783180213
|gametype|doubles
|player|p1|proteinman11|hiker-gen4|1116
|player|p2|kuini|265|1142
|gen|9
|tier|[Gen 9 Champions] VGC 2026 Reg M-B (Bo3)
|rated|
|rule|Species Clause: Limit one of each Pokémon
|rule|Item Clause: Limit 1 of each item
|clearpoke
|poke|p1|Archaludon, L50, F|
|poke|p1|Maushold-Four, L50|
|poke|p1|Sinistcha-Masterpiece, L50|
|poke|p1|Raichu, L50, M|
|poke|p1|Espathra, L50, F|
|poke|p1|Gengar, L50, F|
|poke|p2|Charizard, L50, M|
|poke|p2|Sneasler, L50, M|
|poke|p2|Incineroar, L50, M|
|poke|p2|Venusaur, L50, F|
|poke|p2|Garchomp, L50, F|
|poke|p2|Rotom-Wash, L50|
|teampreview|4
|showteam|p1|Archaludon||Leftovers|Stamina|ElectroShot,DragonPulse,AuraSphere,Protect|Calm||F|||50|]Maushold-Four||WideLens|FriendGuard|FollowMe,Protect,PopulationBomb,RainDance|Jolly|||||50|]Sinistcha-Masterpiece||SitrusBerry|Hospitality|RagePowder,LifeDew,MatchaGotcha,Protect|Calm|||||50|]Raichu||RaichuniteY|LightningRod|ZapCannon,FocusBlast,FakeOut,Protect|Timid||M|||50|]Espathra||FocusSash|SpeedBoost|Protect,CalmMind,BatonPass,StoredPower|Bold||F|||50|]Gengar||Gengarite|CursedBody|SludgeBomb,ShadowBall,Protect,Hypnosis|Timid||F|||50|
|showteam|p2|Charizard||CharizarditeY|Blaze|WeatherBall,HeatWave,SolarBeam,Protect|Serious||M|||50|]Sneasler||WhiteHerb|PoisonTouch|DireClaw,FakeOut,CloseCombat,Protect|Jolly||M|||50|]Incineroar||SitrusBerry|Intimidate|FakeOut,PartingShot,FlareBlitz,ThroatChop|Careful||M|||50|]Venusaur||FocusSash|Chlorophyll|Protect,EarthPower,SludgeBomb,SleepPowder|Timid||F|||50|]Garchomp||ShellBell|RoughSkin|DragonClaw,RockSlide,Earthquake,Protect|Adamant||F|||50|]Rotom-Wash||Leftovers|Levitate|Discharge,WillOWisp,VoltSwitch,HydroPump|Timid|||||50|
|inactive|Battle timer is ON: inactive players will automatically lose when time's up. (requested by proteinman11)
|inactive|kuini also wants the timer to be on.
|
|t:|1783180241
|teamsize|p1|4
|teamsize|p2|4
|start
|switch|p1a: Misshold|Maushold-Four, L50|100/100
|switch|p1b: Foid|Espathra, L50, F|100/100
|switch|p2a: Charizard|Charizard, L50, M|100/100
|switch|p2b: Venusaur|Venusaur, L50, F|100/100
|turn|1
|
|t:|1783180263
|detailschange|p2a: Charizard|Charizard-Mega-Y, L50, M
|-mega|p2a: Charizard|Charizard|Charizardite Y
|-weather|SunnyDay|[from] ability: Drought|[of] p2a: Charizard
|move|p1b: Foid|Protect|p1b: Foid
|-singleturn|p1b: Foid|Protect
|move|p2b: Venusaur|Earth Power|p1b: Foid
|-activate|p1b: Foid|move: Protect
|move|p1a: Misshold|Rain Dance|p1a: Misshold
|-weather|RainDance
|move|p2a: Charizard|Heat Wave|p1a: Misshold|[spread] p1a
|-activate|p1b: Foid|move: Protect
|-damage|p1a: Misshold|76/100
|
|-weather|RainDance|[upkeep]
|-ability|p1b: Foid|Speed Boost|boost
|-boost|p1b: Foid|spe|1
|upkeep
|turn|2
|inactive|proteinman11 has 30 seconds left.
|
|t:|1783180293
|switch|p2a: Incineroar|Incineroar, L50, M|100/100
|-ability|p2a: Incineroar|Intimidate|boost
|-unboost|p1a: Misshold|atk|1
|-unboost|p1b: Foid|atk|1
|move|p1b: Foid|Calm Mind|p1b: Foid
|-boost|p1b: Foid|spa|1
|-boost|p1b: Foid|spd|1
|move|p1a: Misshold|Population Bomb|p2b: Venusaur
|-damage|p2b: Venusaur|94/100
|-damage|p2b: Venusaur|88/100
|-damage|p2b: Venusaur|82/100
|-damage|p2b: Venusaur|77/100
|-damage|p2b: Venusaur|71/100
|-damage|p2b: Venusaur|65/100
|-damage|p2b: Venusaur|59/100
|-damage|p2b: Venusaur|53/100
|-damage|p2b: Venusaur|47/100
|-damage|p2b: Venusaur|42/100
|-hitcount|p2b: Venusaur|10
|move|p2b: Venusaur|Sleep Powder|p1b: Foid|[miss]
|-miss|p2b: Venusaur|p1b: Foid
|
|-weather|RainDance|[upkeep]
|-ability|p1b: Foid|Speed Boost|boost
|-boost|p1b: Foid|spe|1
|upkeep
|turn|3
|inactive|kuini has 30 seconds left.
|
|t:|1783180327
|move|p1b: Foid|Protect|p1b: Foid
|-singleturn|p1b: Foid|Protect
|move|p1a: Misshold|Protect|p1a: Misshold
|-singleturn|p1a: Misshold|Protect
|move|p2b: Venusaur|Protect|p2b: Venusaur
|-singleturn|p2b: Venusaur|Protect
|move|p2a: Incineroar|Fake Out|p1b: Foid
|-activate|p1b: Foid|move: Protect
|
|-weather|RainDance|[upkeep]
|-ability|p1b: Foid|Speed Boost|boost
|-boost|p1b: Foid|spe|1
|upkeep
|turn|4
|
|t:|1783180340
|move|p1b: Foid|Calm Mind|p1b: Foid
|-boost|p1b: Foid|spa|1
|-boost|p1b: Foid|spd|1
|move|p1a: Misshold|Population Bomb|p2b: Venusaur
|-damage|p2b: Venusaur|36/100
|-damage|p2b: Venusaur|30/100
|-damage|p2b: Venusaur|24/100
|-damage|p2b: Venusaur|19/100
|-damage|p2b: Venusaur|13/100
|-damage|p2b: Venusaur|7/100
|-damage|p2b: Venusaur|1/100
|-damage|p2b: Venusaur|0 fnt
|faint|p2b: Venusaur
|-hitcount|p2: Venusaur|8
|move|p2a: Incineroar|Parting Shot|p1b: Foid
|-unboost|p1b: Foid|atk|1
|-unboost|p1b: Foid|spa|1
|
|t:|1783180348
|switch|p2a: Charizard|Charizard-Mega-Y, L50, M|100/100|[from] Parting Shot
|-weather|SunnyDay|[from] ability: Drought|[of] p2a: Charizard
|
|-weather|SunnyDay|[upkeep]
|-ability|p1b: Foid|Speed Boost|boost
|-boost|p1b: Foid|spe|1
|upkeep
|
|t:|1783180356
|switch|p2b: Sneasler|Sneasler, L50, M|100/100
|turn|5
|
|t:|1783180370
|move|p1b: Foid|Protect|p1b: Foid
|-singleturn|p1b: Foid|Protect
|move|p1a: Misshold|Protect|p1a: Misshold
|-singleturn|p1a: Misshold|Protect
|move|p2b: Sneasler|Fake Out|p1a: Misshold
|-activate|p1a: Misshold|move: Protect
|move|p2a: Charizard|Heat Wave|p1b: Foid|[spread] 
|-activate|p1a: Misshold|move: Protect
|-activate|p1b: Foid|move: Protect
|
|-weather|SunnyDay|[upkeep]
|-ability|p1b: Foid|Speed Boost|boost
|-boost|p1b: Foid|spe|1
|upkeep
|turn|6
|
|t:|1783180382
|switch|p2b: Incineroar|Incineroar, L50, M|100/100
|-ability|p2b: Incineroar|Intimidate|boost
|-unboost|p1a: Misshold|atk|1
|-unboost|p1b: Foid|atk|1
|move|p1b: Foid|Baton Pass|p1b: Foid
|
|t:|1783180388
|switch|p1b: Arch yo shi|Archaludon, L50, F|100/100|[from] Baton Pass
|move|p1a: Misshold|Population Bomb|p1b: Arch yo shi
|-resisted|p1b: Arch yo shi|1
|-damage|p1b: Arch yo shi|99/100
|-ability|p1b: Arch yo shi|Stamina|boost
|-boost|p1b: Arch yo shi|def|1
|-resisted|p1b: Arch yo shi|1
|-damage|p1b: Arch yo shi|98/100
|-ability|p1b: Arch yo shi|Stamina|boost
|-boost|p1b: Arch yo shi|def|1
|-resisted|p1b: Arch yo shi|1
|-damage|p1b: Arch yo shi|98/100
|-ability|p1b: Arch yo shi|Stamina|boost
|-boost|p1b: Arch yo shi|def|1
|-resisted|p1b: Arch yo shi|1
|-damage|p1b: Arch yo shi|97/100
|-ability|p1b: Arch yo shi|Stamina|boost
|-boost|p1b: Arch yo shi|def|1
|-resisted|p1b: Arch yo shi|1
|-damage|p1b: Arch yo shi|97/100
|-ability|p1b: Arch yo shi|Stamina|boost
|-boost|p1b: Arch yo shi|def|1
|-resisted|p1b: Arch yo shi|1
|-damage|p1b: Arch yo shi|96/100
|-ability|p1b: Arch yo shi|Stamina|boost
|-boost|p1b: Arch yo shi|def|1
|-resisted|p1b: Arch yo shi|1
|-damage|p1b: Arch yo shi|96/100
|-resisted|p1b: Arch yo shi|1
|-damage|p1b: Arch yo shi|95/100
|-resisted|p1b: Arch yo shi|1
|-damage|p1b: Arch yo shi|95/100
|-resisted|p1b: Arch yo shi|1
|-damage|p1b: Arch yo shi|94/100
|-hitcount|p1b: Arch yo shi|10
|move|p2a: Charizard|Heat Wave|p1b: Arch yo shi|[spread] p1a,p1b
|-damage|p1a: Misshold|10/100
|-damage|p1b: Arch yo shi|77/100
|
|-weather|SunnyDay|[upkeep]
|-heal|p1b: Arch yo shi|83/100|[from] item: Leftovers
|upkeep
|turn|7
|inactive|proteinman11 has 30 seconds left.
|
|t:|1783180420
|move|p1b: Arch yo shi|Protect|p1b: Arch yo shi
|-singleturn|p1b: Arch yo shi|Protect
|move|p1a: Misshold|Protect|p1a: Misshold
|-singleturn|p1a: Misshold|Protect
|move|p2a: Charizard|Heat Wave|p1a: Misshold|[spread] 
|-activate|p1a: Misshold|move: Protect
|-activate|p1b: Arch yo shi|move: Protect
|move|p2b: Incineroar|Flare Blitz|p1a: Misshold
|-activate|p1a: Misshold|move: Protect
|
|-weather|SunnyDay|[upkeep]
|-heal|p1b: Arch yo shi|89/100|[from] item: Leftovers
|upkeep
|turn|8
|
|t:|1783180438
|move|p1b: Arch yo shi|Electro Shot||[still]
|-prepare|p1b: Arch yo shi|Electro Shot
|-boost|p1b: Arch yo shi|spa|1
|move|p1a: Misshold|Rain Dance|p1a: Misshold
|-weather|RainDance
|move|p2a: Charizard|Heat Wave|p1a: Misshold|[spread] p1a,p1b
|-damage|p1a: Misshold|0 fnt
|-damage|p1b: Arch yo shi|84/100
|faint|p1a: Misshold
|move|p2b: Incineroar|Flare Blitz|p1b: Arch yo shi
|-damage|p1b: Arch yo shi|80/100
|-damage|p2b: Incineroar|99/100|[from] Recoil
|
|-weather|RainDance|[upkeep]
|-heal|p1b: Arch yo shi|86/100|[from] item: Leftovers
|upkeep
|
|t:|1783180449
|switch|p1a: No more volts|Raichu, L50, M|100/100
|turn|9
|
|t:|1783180464
|switch|p2a: Sneasler|Sneasler, L50, M|100/100
|detailschange|p1a: No more volts|Raichu-Mega-Y, L50, M
|-mega|p1a: No more volts|Raichu|Raichunite Y
|move|p1b: Arch yo shi|Electro Shot|p2b: Incineroar|[from] lockedmove
|-damage|p2b: Incineroar|40/100
|-enditem|p2b: Incineroar|Sitrus Berry|[eat]
|-heal|p2b: Incineroar|65/100|[from] item: Sitrus Berry
|move|p1a: No more volts|Zap Cannon|p2a: Sneasler
|-damage|p2a: Sneasler|2/100
|-status|p2a: Sneasler|par
|move|p2b: Incineroar|Parting Shot|p1a: No more volts
|-unboost|p1a: No more volts|atk|1
|-unboost|p1a: No more volts|spa|1
|
|t:|1783180477
|switch|p2b: Charizard|Charizard-Mega-Y, L50, M|100/100|[from] Parting Shot
|-weather|SunnyDay|[from] ability: Drought|[of] p2b: Charizard
|
|-weather|SunnyDay|[upkeep]
|-heal|p1b: Arch yo shi|92/100|[from] item: Leftovers
|upkeep
|turn|10
|
|t:|1783180493
|move|p1b: Arch yo shi|Protect|p1b: Arch yo shi
|-singleturn|p1b: Arch yo shi|Protect
|move|p1a: No more volts|Protect|p1a: No more volts
|-singleturn|p1a: No more volts|Protect
|move|p2b: Charizard|Weather Ball|p1b: Arch yo shi
|-activate|p1b: Arch yo shi|move: Protect
|cant|p2a: Sneasler|par
|
|-weather|SunnyDay|[upkeep]
|-heal|p1b: Arch yo shi|98/100|[from] item: Leftovers
|upkeep
|turn|11
|
|t:|1783180505
|cant|p2a: Sneasler|par
|move|p1b: Arch yo shi|Dragon Pulse|p2a: Sneasler
|-damage|p2a: Sneasler|0 fnt
|faint|p2a: Sneasler
|move|p1a: No more volts|Zap Cannon|p2b: Charizard
|-supereffective|p2b: Charizard|1
|-damage|p2b: Charizard|10/100
|-status|p2b: Charizard|par
|cant|p2b: Charizard|par
|
|-weather|SunnyDay|[upkeep]
|-heal|p1b: Arch yo shi|100/100|[from] item: Leftovers
|upkeep
|-message|kuini forfeited.
|
|win|proteinman11
|raw|proteinman11's rating: 1116 → 1143(+27 for winning)
|raw|kuini's rating: 1142 → 1115(-27 for losing)
|l|☆kuini
|player|p2|
