|j|☆colemarcusvgc
|j|☆deleno
|html|colemarcusvgcdeleno    
|uhtml|bestof|Game 2 of a best-of-3
|t:|1756835869
|gametype|doubles
|player|p1|colemarcusvgc|n|1125
|player|p2|deleno|265|1022
|gen|9
|tier|[Gen 9] VGC 2025 Reg H (Bo3)
|rated|
|rule|Species Clause: Limit one of each Pokémon
|rule|Item Clause: Limit 1 of each item
|clearpoke
|poke|p1|Indeedee-F, L50, F|
|poke|p1|Hatterene, L50, F|
|poke|p1|Gallade, L50, M|
|poke|p1|Ursaluna, L50, M|
|poke|p1|Lilligant-Hisui, L50, F|
|poke|p1|Torkoal, L50, M|
|poke|p2|Excadrill, L50, F|
|poke|p2|Tyranitar, L50, M|
|poke|p2|Lycanroc-Dusk, L50, M|
|poke|p2|Incineroar, L50, F|
|poke|p2|Amoonguss, L50, F|
|poke|p2|Salamence, L50, M|
|teampreview|4
|showteam|p1|Indeedee-F||PsychicSeed|PsychicSurge|TrickRoom,FollowMe,HelpingHand,DazzlingGleam|||F|||50|,,,,,Fire]Hatterene||LifeOrb|MagicBounce|ExpandingForce,TrickRoom,DazzlingGleam,Protect|||F|||50|,,,,,Psychic]Gallade||ClearAmulet|Sharpness|PsychoCut,TrickRoom,SacredSword,WideGuard|||M|||50|,,,,,Grass]Ursaluna||FlameOrb|Guts|HeadlongRush,Facade,SwordsDance,Protect|||M|||50|,,,,,Ghost]Lilligant-Hisui||FocusSash|Chlorophyll|SolarBlade,SleepPowder,CloseCombat,AfterYou|||F|||50|,,,,,Ghost]Torkoal||ChoiceSpecs|Drought|Eruption,HeatWave,WeatherBall,EarthPower|||M|||50|,,,,,Fire
|showteam|p2|Excadrill||ClearAmulet|SandRush|Protect,Earthquake,IronHead,HighHorsepower|||F|||50|,,,,,Stellar]Tyranitar||AirBalloon|SandStream|Protect,RockSlide,Crunch,IcyWind|||M|||50|,,,,,Ghost]Lycanroc-Dusk||FocusSash|ToughClaws|Protect,Accelerock,Endeavor,CloseCombat|||M|||50|,,,,,Rock]Incineroar||SafetyGoggles|Intimidate|FakeOut,FlareBlitz,KnockOff,PartingShot|||F|||50|,,,,,Ghost]Amoonguss||CovertCloak|Regenerator|Spore,RagePowder,SludgeBomb,Protect|||F|||50|,,,,,Water]Salamence||RockyHelmet|Intimidate|Roost,Tailwind,DracoMeteor,TeraBlast|||M|||50|,,,,,Dragon
|
|t:|1756835900
|teamsize|p1|4
|teamsize|p2|4
|start
|switch|p1a: Lilligant|Lilligant-Hisui, L50, F|100/100
|switch|p1b: Torkoal|Torkoal, L50, M|100/100
|switch|p2a: Incineroar|Incineroar, L50, F|100/100
|switch|p2b: Amoonguss|Amoonguss, L50, F|100/100
|-ability|p2a: Incineroar|Intimidate|boost
|-unboost|p1a: Lilligant|atk|1
|-unboost|p1b: Torkoal|atk|1
|-weather|SunnyDay|[from] ability: Drought|[of] p1b: Torkoal
|turn|1
|
|t:|1756835928
|switch|p1b: Hatterene|Hatterene, L50, F, shiny|100/100
|move|p2b: Amoonguss|Protect|p2b: Amoonguss
|-singleturn|p2b: Amoonguss|Protect
|move|p1a: Lilligant|Close Combat|p2a: Incineroar
|-supereffective|p2a: Incineroar
|-damage|p2a: Incineroar|33/100
|-unboost|p1a: Lilligant|def|1
|-unboost|p1a: Lilligant|spd|1
|move|p2a: Incineroar|Knock Off|p1b: Hatterene
|-damage|p1b: Hatterene|51/100
|-enditem|p1b: Hatterene|Life Orb|[from] move: Knock Off|[of] p2a: Incineroar
|
|-weather|SunnyDay|[upkeep]
|upkeep
|turn|2
|inactive|Battle timer is ON: inactive players will automatically lose when time's up. (requested by colemarcusvgc)
|inactive|deleno has 60 seconds left.
|c|☆deleno|lag sorry
|
|t:|1756836092
|switch|p2a: Salamence|Salamence, L50, M|100/100
|-ability|p2a: Salamence|Intimidate|boost
|-unboost|p1a: Lilligant|atk|1
|-unboost|p1b: Hatterene|atk|1
|move|p1a: Lilligant|Solar Blade||[still]
|-prepare|p1a: Lilligant|Solar Blade
|-anim|p1a: Lilligant|Solar Blade|p2b: Amoonguss
|-resisted|p2b: Amoonguss
|-damage|p2b: Amoonguss|94/100
|move|p2b: Amoonguss|Sludge Bomb|p1a: Lilligant
|-supereffective|p1a: Lilligant
|-enditem|p1a: Lilligant|Focus Sash
|-damage|p1a: Lilligant|1/100
|move|p1b: Hatterene|Trick Room|p1b: Hatterene
|-fieldstart|move: Trick Room|[of] p1b: Hatterene
|
|-weather|SunnyDay|[upkeep]
|upkeep
|turn|3
|c|☆colemarcusvgc|no worries ive been there :)
|j| Trestkon
|inactive|colemarcusvgc has 30 seconds left.
|inactive|deleno has 30 seconds left.
|inactive|colemarcusvgc has 20 seconds left.
|inactive|colemarcusvgc has 15 seconds left.
|
|t:|1756836133
|switch|p2a: Tyranitar|Tyranitar, L50, M|100/100
|-weather|Sandstorm|[from] ability: Sand Stream|[of] p2a: Tyranitar
|-item|p2a: Tyranitar|Air Balloon
|switch|p1a: Torkoal|Torkoal, L50, M|100/100
|-weather|SunnyDay|[from] ability: Drought|[of] p1a: Torkoal
|move|p1b: Hatterene|Protect|p1b: Hatterene
|-singleturn|p1b: Hatterene|Protect
|move|p2b: Amoonguss|Spore|p1b: Hatterene
|-activate|p1b: Hatterene|move: Protect
|
|-weather|SunnyDay|[upkeep]
|upkeep
|turn|4
|inactive|deleno has 30 seconds left.
|inactive|deleno has 20 seconds left.
|
|t:|1756836173
|switch|p2b: Incineroar|Incineroar, L50, F|33/100
|-ability|p2b: Incineroar|Intimidate|boost
|-unboost|p1a: Torkoal|atk|1
|-unboost|p1b: Hatterene|atk|1
|-terastallize|p1a: Torkoal|Fire
|move|p1a: Torkoal|Eruption|p2b: Incineroar|[spread] p2a,p2b
|-resisted|p2a: Tyranitar
|-resisted|p2b: Incineroar
|-damage|p2a: Tyranitar|33/100
|-damage|p2b: Incineroar|0 fnt
|-enditem|p2a: Tyranitar|Air Balloon
|faint|p2b: Incineroar
|move|p1b: Hatterene|Dazzling Gleam|p2a: Tyranitar
|-supereffective|p2a: Tyranitar
|-damage|p2a: Tyranitar|0 fnt
|faint|p2a: Tyranitar
|
|-weather|SunnyDay|[upkeep]
|upkeep
|
|t:|1756836189
|switch|p2b: Salamence|Salamence, L50, M|100/100
|switch|p2a: Amoonguss|Amoonguss, L50, F|100/100
|-ability|p2b: Salamence|Intimidate|boost
|-unboost|p1a: Torkoal|atk|1
|-unboost|p1b: Hatterene|atk|1
|turn|5
|c|☆deleno|ggs!
|
|t:|1756836206
|switch|p1a: Lilligant|Lilligant-Hisui, L50, F|1/100
|move|p1b: Hatterene|Dazzling Gleam|p2b: Salamence|[spread] p2a,p2b
|-resisted|p2a: Amoonguss
|-supereffective|p2b: Salamence
|-damage|p2a: Amoonguss|82/100
|-damage|p2b: Salamence|30/100
|move|p2a: Amoonguss|Sludge Bomb|p1b: Hatterene
|-supereffective|p1b: Hatterene
|-damage|p1b: Hatterene|0 fnt
|faint|p1b: Hatterene
|move|p2b: Salamence|Draco Meteor|p1a: Lilligant
|-damage|p1a: Lilligant|0 fnt
|-unboost|p2b: Salamence|spa|2
|faint|p1a: Lilligant
|
|-weather|SunnyDay|[upkeep]
|upkeep
|
|t:|1756836221
|switch|p1b: Indeedee|Indeedee-F, L50, F|100/100
|switch|p1a: Torkoal|Torkoal, L50, M, tera:Fire|100/100
|-fieldstart|move: Psychic Terrain|[from] ability: Psychic Surge|[of] p1b: Indeedee
|-enditem|p1b: Indeedee|Psychic Seed
|-boost|p1b: Indeedee|spd|1|[from] item: Psychic Seed
|turn|6
|-message|deleno forfeited.
|
|win|colemarcusvgc
|raw|colemarcusvgc's rating: 1125 → 1143(+18 for winning)
|raw|deleno's rating: 1022 → 1013(-9 for losing)
|l|☆deleno
|player|p2|
|c|☆colemarcusvgc|gg fren
