|j|☆B0mb3r6969
|j|☆RegiSIXSEVEN
|html|B0mb3r6969RegiSIXSEVEN    
|uhtml|bestof|Game 1 of a best-of-3
|t:|1784797436
|gametype|doubles
|player|p1|B0mb3r6969|cynthia-gen4|1121
|player|p2|RegiSIXSEVEN|steven|1166
|gen|9
|tier|[Gen 9 Champions] VGC 2026 Reg M-B (Bo3)
|rated|
|rule|Species Clause: Limit one of each Pokémon
|rule|Item Clause: Limit 1 of each item
|clearpoke
|poke|p1|Araquanid, L50, F|
|poke|p1|Heliolisk, L50, M|
|poke|p1|Delphox, L50, M|
|poke|p1|Swampert, L50, M|
|poke|p1|Altaria, L50, M|
|poke|p1|Meowstic, L50, M|
|poke|p2|Gengar, L50, M, shiny|
|poke|p2|Swampert, L50, F, shiny|
|poke|p2|Incineroar, L50, M, shiny|
|poke|p2|Politoed, L50, F, shiny|
|poke|p2|Archaludon, L50, F, shiny|
|poke|p2|Vivillon-Elegant, L50, F, shiny|
|teampreview|4
|showteam|p1|Araquanid||Leftovers|WaterBubble|SkitterSmack,LeechLife,Liquidation,Protect|Adamant||F|||50|]Heliolisk||ChoiceScarf|DrySkin|GrassKnot,Thunderbolt,VoltSwitch,Electrify|Timid||M|||50|]Delphox||Delphoxite|Blaze|Protect,ExpandingForce,NastyPlot,HeatWave|Timid||M|||50|]Swampert||Swampertite|Damp|HighHorsepower,IcePunch,Liquidation,PoisonJab|Adamant||M|||50|]Altaria||RoseliBerry|CloudNine|CottonGuard,DualWingbeat,Tailwind,Flamethrower|Timid||M|||50|]Meowstic||ScopeLens|Prankster|Reflect,Charm,ExpandingForce,PsychicTerrain|Bold||M|||50|
|showteam|p2|Gengar||Gengarite|CursedBody|ShadowBall,SludgeBomb,PerishSong,Protect|Timid||M|||50|]Swampert||Swampertite|Damp|WaveCrash,Earthquake,IcePunch,Protect|Adamant||F|||50|]Incineroar||PasshoBerry|Intimidate|FakeOut,ThroatChop,PartingShot,Protect|Sassy||M|||50|]Politoed||SitrusBerry|Drizzle|WeatherBall,Encore,PerishSong,Protect|Calm||F|||50|]Archaludon||Leftovers|Stamina|DragonPulse,FlashCannon,ElectroShot,Protect|Bold||F|||50|]Vivillon-Elegant||FocusSash|CompoundEyes|Hurricane,SleepPowder,RagePowder,Protect|Timid||F|||50|
|inactive|Battle timer is ON: inactive players will automatically lose when time's up. (requested by RegiSIXSEVEN)
|inactive|B0mb3r6969 also wants the timer to be on.
|inactive|B0mb3r6969 has 60 seconds left.
|inactive|RegiSIXSEVEN has 60 seconds left.
|inactive|B0mb3r6969 has 30 seconds left.
|
|t:|1784797497
|teamsize|p1|4
|teamsize|p2|4
|start
|switch|p1a: Heliolisk|Heliolisk, L50, M|100/100
|switch|p1b: Altaria|Altaria, L50, M|100/100
|switch|p2a: Gengar|Gengar, L50, M, shiny|100/100
|switch|p2b: Vivillon|Vivillon-Elegant, L50, F, shiny|100/100
|-ability|p1b: Altaria|Cloud Nine
|turn|1
|
|t:|1784797519
|detailschange|p2a: Gengar|Gengar-Mega, L50, M, shiny
|-mega|p2a: Gengar|Gengar|Gengarite
|move|p1a: Heliolisk|Thunderbolt|p2b: Vivillon
|-supereffective|p2b: Vivillon|1
|-enditem|p2b: Vivillon|Focus Sash
|-damage|p2b: Vivillon|1/100
|move|p2a: Gengar|Perish Song|p2a: Gengar
|-start|p1a: Heliolisk|perish3|[silent]
|-start|p1b: Altaria|perish3|[silent]
|-start|p2a: Gengar|perish3|[silent]
|-start|p2b: Vivillon|perish3|[silent]
|-fieldactivate|move: Perish Song
|move|p2b: Vivillon|Sleep Powder|p1a: Heliolisk
|-status|p1a: Heliolisk|slp|[from] move: Sleep Powder
|move|p1b: Altaria|Tailwind|p1b: Altaria
|-sidestart|p1: B0mb3r6969|move: Tailwind
|
|-start|p1a: Heliolisk|perish3
|-start|p1b: Altaria|perish3
|-start|p2a: Gengar|perish3
|-start|p2b: Vivillon|perish3
|upkeep
|turn|2
|
|t:|1784797544
|move|p2a: Gengar|Protect|p2a: Gengar
|-singleturn|p2a: Gengar|Protect
|move|p2b: Vivillon|Protect|p2b: Vivillon
|-singleturn|p2b: Vivillon|Protect
|cant|p1a: Heliolisk|slp
|move|p1b: Altaria|Dual Wingbeat|p2b: Vivillon
|-activate|p2b: Vivillon|move: Protect
|
|-start|p1a: Heliolisk|perish2
|-start|p1b: Altaria|perish2
|-start|p2a: Gengar|perish2
|-start|p2b: Vivillon|perish2
|upkeep
|turn|3
|
|t:|1784797569
|switch|p2a: Archaludon|Archaludon, L50, F, shiny|100/100
|move|p2b: Vivillon|Rage Powder|p2b: Vivillon
|-singleturn|p2b: Vivillon|move: Rage Powder
|cant|p1a: Heliolisk|slp
|move|p1b: Altaria|Dual Wingbeat|p2b: Vivillon
|-supereffective|p2b: Vivillon|1
|-damage|p2b: Vivillon|0 fnt
|faint|p2b: Vivillon
|-hitcount|p2: Vivillon|1
|
|-start|p1a: Heliolisk|perish1
|-start|p1b: Altaria|perish1
|upkeep
|
|t:|1784797573
|switch|p2b: Gengar|Gengar-Mega, L50, M, shiny|100/100
|turn|4
|
|t:|1784797595
|move|p2b: Gengar|Protect|p2b: Gengar
|-singleturn|p2b: Gengar|Protect
|move|p2a: Archaludon|Protect|p2a: Archaludon
|-singleturn|p2a: Archaludon|Protect
|-curestatus|p1a: Heliolisk|slp|[msg]
|move|p1a: Heliolisk|Thunderbolt|p2b: Gengar
|-activate|p2b: Gengar|move: Protect
|move|p1b: Altaria|Cotton Guard|p1b: Altaria
|-boost|p1b: Altaria|def|3
|
|-start|p1a: Heliolisk|perish0
|-start|p1b: Altaria|perish0
|-sideend|p1: B0mb3r6969|move: Tailwind
|faint|p1a: Heliolisk
|faint|p1b: Altaria
|upkeep
|
|t:|1784797610
|switch|p1a: Delphox|Delphox, L50, M|100/100
|switch|p1b: Swampert|Swampert, L50, M|100/100
|turn|5
|
|t:|1784797624
|detailschange|p1a: Delphox|Delphox-Mega, L50, M
|-mega|p1a: Delphox|Delphox|Delphoxite
|move|p2a: Archaludon|Protect||[still]
|-fail|p2a: Archaludon
|move|p1a: Delphox|Expanding Force|p2b: Gengar
|-supereffective|p2b: Gengar|1
|-damage|p2b: Gengar|0 fnt
|faint|p2b: Gengar
|move|p1b: Swampert|High Horsepower|p2a: Archaludon
|-supereffective|p2a: Archaludon|1
|-damage|p2a: Archaludon|35/100
|-ability|p2a: Archaludon|Stamina|boost
|-boost|p2a: Archaludon|def|1
|
|-heal|p2a: Archaludon|41/100|[from] item: Leftovers
|upkeep
|
|t:|1784797626
|switch|p2b: Politoed|Politoed, L50, F, shiny|100/100
|-weather|RainDance|[from] ability: Drizzle|[of] p2b: Politoed
|turn|6
|
|t:|1784797643
|move|p1a: Delphox|Protect|p1a: Delphox
|-singleturn|p1a: Delphox|Protect
|move|p1b: Swampert|High Horsepower|p2a: Archaludon
|-supereffective|p2a: Archaludon|1
|-damage|p2a: Archaludon|0 fnt
|faint|p2a: Archaludon
|move|p2b: Politoed|Perish Song|p2b: Politoed
|-start|p1a: Delphox|perish3|[silent]
|-start|p1b: Swampert|perish3|[silent]
|-start|p2b: Politoed|perish3|[silent]
|-fieldactivate|move: Perish Song
|
|-weather|RainDance|[upkeep]
|-start|p1a: Delphox|perish3
|-start|p1b: Swampert|perish3
|-start|p2b: Politoed|perish3
|upkeep
|turn|7
|
|t:|1784797661
|move|p1a: Delphox|Expanding Force|p2b: Politoed
|-damage|p2b: Politoed|58/100
|move|p1b: Swampert|Poison Jab|p2b: Politoed
|-crit|p2b: Politoed
|-damage|p2b: Politoed|20/100y
|-status|p2b: Politoed|psn
|-enditem|p2b: Politoed|Sitrus Berry|[eat]
|-heal|p2b: Politoed|45/100 psn|[from] item: Sitrus Berry
|move|p2b: Politoed|Encore|p1a: Delphox
|-start|p1a: Delphox|Encore
|
|-weather|RainDance|[upkeep]
|-damage|p2b: Politoed|32/100 psn|[from] psn
|-start|p1a: Delphox|perish2
|-start|p1b: Swampert|perish2
|-start|p2b: Politoed|perish2
|upkeep
|turn|8
|
|t:|1784797680
|move|p2b: Politoed|Protect|p2b: Politoed
|-singleturn|p2b: Politoed|Protect
|move|p1a: Delphox|Expanding Force|p2b: Politoed
|-activate|p2b: Politoed|move: Protect
|move|p1b: Swampert|Poison Jab|p2b: Politoed
|-activate|p2b: Politoed|move: Protect
|
|-weather|RainDance|[upkeep]
|-damage|p2b: Politoed|20/100y psn|[from] psn
|-start|p1a: Delphox|perish1
|-start|p1b: Swampert|perish1
|-start|p2b: Politoed|perish1
|upkeep
|turn|9
|
|t:|1784797697
|move|p2b: Politoed|Protect|p2b: Politoed
|-singleturn|p2b: Politoed|Protect
|move|p1a: Delphox|Expanding Force|p2b: Politoed
|-activate|p2b: Politoed|move: Protect
|move|p1b: Swampert|Poison Jab|p2b: Politoed
|-activate|p2b: Politoed|move: Protect
|
|-weather|RainDance|[upkeep]
|-damage|p2b: Politoed|8/100 psn|[from] psn
|-start|p1a: Delphox|perish0
|-start|p1b: Swampert|perish0
|-start|p2b: Politoed|perish0
|faint|p1a: Delphox
|faint|p1b: Swampert
|faint|p2b: Politoed
|
|win|RegiSIXSEVEN
