|j|‚òÜSoupForSale
|j|‚òÜAotearoa Barrage
|html|SoupForSaleAotearoa Barrage    
|uhtml|bestof|Game 1 of a best-of-3
|t:|1784012554
|gametype|doubles
|player|p1|SoupForSale|gambler|
|player|p2|Aotearoa Barrage|265|
|gen|9
|tier|[Gen 9 Champions] VGC 2026 Reg M-B (Bo3)
|rule|Species Clause: Limit one of each Pok√©mon
|rule|Item Clause: Limit 1 of each item
|clearpoke
|poke|p1|Scrafty, L50, M|
|poke|p1|Torkoal, L50, F|
|poke|p1|Vileplume, L50, F|
|poke|p1|Rhyperior, L50, F|
|poke|p1|Sharpedo, L50, F|
|poke|p1|Delphox, L50, M|
|poke|p2|Gengar, L50, F|
|poke|p2|Aerodactyl, L50, F|
|poke|p2|Maushold-Four, L50|
|poke|p2|Milotic, L50, F|
|poke|p2|Liepard, L50, M|
|poke|p2|Dedenne, L50, F|
|teampreview|4
|showteam|p1|Scrafty||Scraftinite|Moxie|FakeOut,DrainPunch,Detect,Crunch|Brave||M|||50|]Torkoal||Charcoal|Drought|Eruption,WeatherBall,HelpingHand,Protect|Quiet||F|||50|]Vileplume||LifeOrb|Chlorophyll|SolarBeam,AfterYou,Protect,WeatherBall|Timid||F|||50|]Rhyperior||Leftovers|SolidRock|Earthquake,RockSlide,Protect,HammerArm|Adamant||F|||50|]Sharpedo||FocusSash|SpeedBoost|Liquidation,Crunch,Protect,IcyWind|Jolly||F|||50|]Delphox||Delphoxite|Blaze|LightScreen,TrickRoom,Psyshock,Protect|Timid||M|||50|
|showteam|p2|Gengar||Gengarite|CursedBody|Disable,PerishSong,ShadowBall,Protect|Serious||F|||50|]Aerodactyl||Aerodactylite|RockHead|RockSlide,DragonDance,Protect,WideGuard|Jolly||F|||50|]Maushold-Four||KingsRock|FriendGuard|Agility,BatonPass,Encore,PopulationBomb|Impish|||||50|]Milotic||Leftovers|Competitive|PsychUp,IceBeam,Scald,DrainingKiss|Calm||F|||50|]Liepard||ChopleBerry|Prankster|Encore,FakeOut,DoubleTeam,DarkPulse|Modest||M|||50|]Dedenne||BrightPowder|Plus|Entrainment,DazzlingGleam,LightScreen,Nuzzle|Timid||F|||50|
|
|t:|1784012610
|teamsize|p1|4
|teamsize|p2|4
|start
|switch|p1a: Osiris|Scrafty, L50, M|100/100
|switch|p1b: Isis|Delphox, L50, M|100/100
|switch|p2a: Aerodactyl|Aerodactyl, L50, F|100/100
|switch|p2b: Maushold|Maushold-Four, L50|100/100
|turn|1
|c|‚òÜSoupForSale|Oh this format has open team sheets lol
|c|‚òÜSoupForSale|I haven‚Äôt looked
|c|‚òÜAotearoa Barrage|hahahaha
|c|‚òÜAotearoa Barrage|good neither
|c|‚òÜAotearoa Barrage|also wtf was i cooking
|c|‚òÜAotearoa Barrage|my first drafts are always so mid
|
|t:|1784012680
|move|p1a: Osiris|Fake Out|p2a: Aerodactyl
|-resisted|p2a: Aerodactyl|1
|-damage|p2a: Aerodactyl|92/100
|cant|p2a: Aerodactyl|flinch
|move|p2b: Maushold|Population Bomb|p1a: Osiris
|-damage|p1a: Osiris|94/100
|-damage|p1a: Osiris|88/100
|-damage|p1a: Osiris|82/100
|-damage|p1a: Osiris|77/100
|-damage|p1a: Osiris|72/100
|-crit|p1a: Osiris
|-damage|p1a: Osiris|62/100
|-damage|p1a: Osiris|56/100
|-damage|p1a: Osiris|51/100
|-damage|p1a: Osiris|45/100
|-damage|p1a: Osiris|38/100
|-hitcount|p1a: Osiris|10
|move|p1b: Isis|Trick Room|p1b: Isis
|-fieldstart|move: Trick Room|[of] p1b: Isis
|
|upkeep
|turn|2
|c|‚òÜSoupForSale|Brah you‚Äôre chilling!
|c|‚òÜAotearoa Barrage|hahaha yessurr
|
|t:|1784012723
|detailschange|p1a: Osiris|Scrafty-Mega, L50, M
|-mega|p1a: Osiris|Scrafty|Scraftinite
|-ability|p1a: Osiris|Intimidate|boost
|-unboost|p2a: Aerodactyl|atk|1
|-unboost|p2b: Maushold|atk|1
|move|p2a: Aerodactyl|Protect|p2a: Aerodactyl
|-singleturn|p2a: Aerodactyl|Protect
|move|p1a: Osiris|Drain Punch|p2b: Maushold
|-supereffective|p2b: Maushold|1
|-damage|p2b: Maushold|2/100
|-heal|p1a: Osiris|86/100|[from] drain|[of] p2b: Maushold
|move|p2b: Maushold|Encore|p1b: Isis
|-start|p1b: Isis|Encore
|move|p1b: Isis|Trick Room|p1b: Isis
|-fieldend|move: Trick Room
|
|upkeep
|turn|3
|c|‚òÜAotearoa Barrage|shouldbe some fun still
|c|‚òÜSoupForSale|Oooh great play
|
|t:|1784012764
|switch|p2a: Milotic|Milotic, L50, F|100/100
|move|p2b: Maushold|Population Bomb|p1a: Osiris
|-damage|p1a: Osiris|82/100
|-damage|p1a: Osiris|79/100
|-damage|p1a: Osiris|75/100
|-damage|p1a: Osiris|72/100
|-damage|p1a: Osiris|68/100
|-hitcount|p1a: Osiris|5
|cant|p1a: Osiris|flinch
|move|p1b: Isis|Trick Room|p1b: Isis
|-fieldstart|move: Trick Room|[of] p1b: Isis
|
|upkeep
|turn|4
|c|‚òÜAotearoa Barrage|yesirr
|c|‚òÜAotearoa Barrage|hehe
|l|‚òÜAotearoa Barrage
|player|p2|
|j|‚òÜAotearoa Barrage
|player|p2|Aotearoa Barrage|265|
|c|‚òÜAotearoa Barrage|hell
|c|‚òÜAotearoa Barrage|o
|c|‚òÜSoupForSale|Heya heya
|
|t:|1784012873
|switch|p1b: Ra|Torkoal, L50, F|100/100
|-weather|SunnyDay|[from] ability: Drought|[of] p1b: Ra
|move|p1a: Osiris|Drain Punch|p2a: Milotic
|-damage|p2a: Milotic|64/100
|-heal|p1a: Osiris|88/100|[from] drain|[of] p2a: Milotic
|move|p2a: Milotic|Draining Kiss|p1a: Osiris
|-supereffective|p1a: Osiris|2
|-damage|p1a: Osiris|44/100
|-heal|p2a: Milotic|94/100|[from] drain|[of] p1a: Osiris
|move|p2b: Maushold|Population Bomb|p1b: Ra
|-crit|p1b: Ra
|-damage|p1b: Ra|93/100
|-damage|p1b: Ra|89/100
|-damage|p1b: Ra|85/100
|-damage|p1b: Ra|82/100
|-crit|p1b: Ra
|-damage|p1b: Ra|75/100
|-damage|p1b: Ra|71/100
|-damage|p1b: Ra|68/100
|-damage|p1b: Ra|64/100
|-damage|p1b: Ra|61/100
|-damage|p1b: Ra|58/100
|-hitcount|p1b: Ra|10
|
|-weather|SunnyDay|[upkeep]
|-heal|p2a: Milotic|100/100|[from] item: Leftovers
|upkeep
|turn|5
|c|‚òÜSoupForSale|Draining Kiss is a cool tech
|c|‚òÜAotearoa Barrage|yeah new i wanted something to meet ur scrafty in the dirt
|c|‚òÜSoupForSale|Absolutely, and Milo a good shout for that
|
|t:|1784012952
|switch|p2b: Aerodactyl|Aerodactyl, L50, F|92/100
|move|p1b: Ra|Protect|p1b: Ra
|-singleturn|p1b: Ra|Protect
|move|p1a: Osiris|Drain Punch|p2b: Aerodactyl
|-damage|p2b: Aerodactyl|21/100
|-heal|p1a: Osiris|76/100|[from] drain|[of] p2b: Aerodactyl
|move|p2a: Milotic|Draining Kiss|p1a: Osiris
|-supereffective|p1a: Osiris|2
|-damage|p1a: Osiris|30/100
|
|-weather|SunnyDay|[upkeep]
|upkeep
|turn|6
|
|t:|1784012986
|move|p1a: Osiris|Detect|p1a: Osiris
|-singleturn|p1a: Osiris|Protect
|move|p2b: Aerodactyl|Wide Guard|p2b: Aerodactyl
|-singleturn|p2b: Aerodactyl|Wide Guard
|move|p1b: Ra|Eruption|p2b: Aerodactyl|[spread] 
|-activate|p2a: Milotic|move: Wide Guard
|-activate|p2b: Aerodactyl|move: Wide Guard
|move|p2a: Milotic|Scald|p1b: Ra
|-supereffective|p1b: Ra|1
|-damage|p1b: Ra|14/100
|
|-weather|SunnyDay|[upkeep]
|upkeep
|turn|7
|c|‚òÜSoupForSale|Loving the moves you‚Äôve put on, very good things for me to consider
|c|‚òÜAotearoa Barrage|yessir, eruption is scary and didnt feel like i needed tailwind
|
|t:|1784013050
|switch|p1a: Khepri|Vileplume, L50, F|100/100
|move|p1b: Ra|Weather Ball|p2b: Aerodactyl
|-resisted|p2b: Aerodactyl|1
|-damage|p2b: Aerodactyl|0 fnt
|faint|p2b: Aerodactyl
|move|p2a: Milotic|Draining Kiss|p1a: Khepri
|-resisted|p1a: Khepri|1
|-damage|p1a: Khepri|91/100
|
|-weather|SunnyDay|[upkeep]
|-fieldend|move: Trick Room
|upkeep
|
|t:|1784013061
|switch|p2b: Gengar|Gengar, L50, F|100/100
|turn|8
|
|t:|1784013096
|detailschange|p2b: Gengar|Gengar-Mega, L50, F
|-mega|p2b: Gengar|Gengar|Gengarite
|move|p1b: Ra|Protect|p1b: Ra
|-singleturn|p1b: Ra|Protect
|move|p1a: Khepri|Solar Beam||[still]
|-prepare|p1a: Khepri|Solar Beam
|-anim|p1a: Khepri|Solar Beam|p2a: Milotic
|-supereffective|p2a: Milotic|1
|-damage|p2a: Milotic|2/100
|-damage|p1a: Khepri|81/100|[from] item: Life Orb
|move|p2b: Gengar|Shadow Ball|p1b: Ra
|-activate|p1b: Ra|move: Protect
|move|p2a: Milotic|Ice Beam|p1a: Khepri
|-supereffective|p1a: Khepri|1
|-damage|p1a: Khepri|19/100
|
|-weather|none
|-heal|p2a: Milotic|7/100|[from] item: Leftovers
|upkeep
|turn|9
|c|‚òÜAotearoa Barrage|milotic clutch
|c|‚òÜAotearoa Barrage|nice play
|c|‚òÜSoupForSale|That solarbeam kills on 14/16 rolls üò≠üòÇ
|
|t:|1784013142
|move|p2b: Gengar|Shadow Ball|p1b: Ra
|-damage|p1b: Ra|0 fnt
|faint|p1b: Ra
|move|p1a: Khepri|Weather Ball|p2a: Milotic
|-damage|p2a: Milotic|0 fnt
|faint|p2a: Milotic
|-damage|p1a: Khepri|9/100|[from] item: Life Orb
|
|upkeep
|c|‚òÜAotearoa Barrage|and this milotic is 1 of 1!
|c|‚òÜAotearoa Barrage|oops bad targeting
|
|t:|1784013159
|switch|p2a: Maushold|Maushold-Four, L50|2/100
|switch|p1b: Isis|Delphox, L50, M|100/100
|turn|10
|
|t:|1784013184
|move|p1a: Khepri|Protect|p1a: Khepri
|-singleturn|p1a: Khepri|Protect
|move|p2b: Gengar|Shadow Ball|p1a: Khepri
|-activate|p1a: Khepri|move: Protect
|move|p1b: Isis|Psyshock|p2b: Gengar
|-supereffective|p2b: Gengar|1
|-damage|p2b: Gengar|12/100
|move|p2a: Maushold|Population Bomb|p1b: Isis|[miss]
|-miss|p2a: Maushold|p1b: Isis
|
|upkeep
|turn|11
|c|‚òÜAotearoa Barrage|lol
|c|‚òÜSoupForSale|Miss was super rough there
|
|t:|1784013209
|move|p2b: Gengar|Shadow Ball|p1b: Isis
|-supereffective|p1b: Isis|1
|-damage|p1b: Isis|0 fnt
|faint|p1b: Isis
|move|p2a: Maushold|Encore|p1a: Khepri
|-start|p1a: Khepri|Encore
|move|p1a: Khepri|Protect||[still]
|-fail|p1a: Khepri
|
|upkeep
|c|‚òÜAotearoa Barrage|misread speed tiers again anyway
|
|t:|1784013215
|switch|p1b: Osiris|Scrafty-Mega, L50, M|30/100
|-ability|p1b: Osiris|Intimidate|boost
|-unboost|p2a: Maushold|atk|1
|-unboost|p2b: Gengar|atk|1
|turn|12
|
|t:|1784013230
|move|p1a: Khepri|Protect|p1a: Khepri
|-singleturn|p1a: Khepri|Protect
|move|p1b: Osiris|Fake Out|p2a: Maushold
|-damage|p2a: Maushold|0 fnt
|faint|p2a: Maushold
|move|p2b: Gengar|Shadow Ball|p1b: Osiris
|-resisted|p1b: Osiris|1
|-damage|p1b: Osiris|12/100
|
|upkeep
|turn|13
|
|t:|1784013241
|move|p1a: Khepri|Protect||[still]
|-fail|p1a: Khepri
|move|p1b: Osiris|Detect|p1b: Osiris
|-singleturn|p1b: Osiris|Protect
|move|p2b: Gengar|Shadow Ball|p1b: Osiris
|-activate|p1b: Osiris|move: Protect
|
|-end|p1a: Khepri|Encore
|upkeep
|turn|14
|c|‚òÜAotearoa Barrage|OH NO!
|c|‚òÜSoupForSale|You‚Äôre in luck
|
|t:|1784013267
|move|p1b: Osiris|Detect||[still]
|-fail|p1b: Osiris
|move|p2b: Gengar|Shadow Ball|p1b: Osiris
|-resisted|p1b: Osiris|1
|-damage|p1b: Osiris|0 fnt
|faint|p1b: Osiris
|move|p1a: Khepri|Solar Beam||[still]
|-prepare|p1a: Khepri|Solar Beam
|
|upkeep
|turn|15
|c|‚òÜAotearoa Barrage|yeah
|
|t:|1784013278
|move|p2b: Gengar|Shadow Ball|p1a: Khepri
|-damage|p1a: Khepri|0 fnt
|faint|p1a: Khepri
|
|win|Aotearoa Barrage
|c|‚òÜAotearoa Barrage|no weather
|c|‚òÜAotearoa Barrage|what a game
|c|‚òÜSoupForSale|Well played man!
|inactive|SoupForSale has 30 seconds to confirm battle start!
|inactive|Aotearoa Barrage has 30 seconds to confirm battle start!
|c|‚òÜAotearoa Barrage|you too!
|c|‚òÜSoupForSale|Crazy good encores
||Aotearoa Barrage is ready for game 2.
||SoupForSale is ready for game 2.
|uhtml|next|Next: Game 2 of 3
|c|‚òÜAotearoa Barrage|we love an encore mouse
