|j|☆Mtcoc2
|j|☆AndrewsWho
|html|Mtcoc2AndrewsWho    
|uhtml|bestof|Game 1 of a best-of-3
|t:|1756388645
|gametype|doubles
|player|p1|Mtcoc2|265|1145
|player|p2|AndrewsWho|102|1150
|gen|9
|tier|[Gen 9] VGC 2025 Reg H (Bo3)
|rated|
|rule|Species Clause: Limit one of each Pokémon
|rule|Item Clause: Limit 1 of each item
|clearpoke
|poke|p1|Dragonite, L50, M|
|poke|p1|Ninetales-Alola, L50, M|
|poke|p1|Annihilape, L50, F|
|poke|p1|Ursaluna-Bloodmoon, L50, M|
|poke|p1|Magmar, L50, M|
|poke|p1|Gholdengo, L50|
|poke|p2|Charizard, L50, F|
|poke|p2|Torkoal, L50, F|
|poke|p2|Porygon2, L50|
|poke|p2|Incineroar, L50, F|
|poke|p2|Jumpluff, L50, M|
|poke|p2|Ursaluna, L50, F|
|teampreview|4
|showteam|p1|Dragonite||LoadedDice|Multiscale|ScaleShot,ExtremeSpeed,Haze,Protect|||M|||50|,,,,,Steel]Ninetales-Alola||LightClay|SnowWarning|AuroraVeil,Blizzard,IcicleSpear,Encore|||M|||50|,,,,,Ghost]Annihilape||SafetyGoggles|Defiant|DrainPunch,RageFist,BulkUp,Protect|||F|||50|,,,,,Water]Ursaluna-Bloodmoon||AssaultVest|MindsEye|EarthPower,BloodMoon,HyperVoice,VacuumWave|||M|||50|,,,,,Water]Magmar||Eviolite|FlameBody|FollowMe,Overheat,Taunt,Protect|||M|||50|,,,,,Ghost]Gholdengo||MetalCoat|GoodasGold|MakeItRain,ShadowBall,NastyPlot,Protect||||||50|,,,,,Dragon
|showteam|p2|Charizard||ChoiceSpecs|SolarPower|HeatWave,Overheat,WeatherBall,AirSlash|||F|||50|,,,,,Ghost]Torkoal||EjectPack|Drought|Eruption,Overheat,HelpingHand,Protect|||F|||50|,,,,,Fire]Porygon2||Eviolite|Download|TeraBlast,IceBeam,Recover,TrickRoom||||||50|,,,,,Fighting]Incineroar||SitrusBerry|Intimidate|FlareBlitz,KnockOff,FakeOut,PartingShot|||F|||50|,,,,,Ghost]Jumpluff||CovertCloak|Chlorophyll|SleepPowder,SunnyDay,RagePowder,Tailwind|||M|||50|,,,,,Water]Ursaluna||FlameOrb|Guts|HeadlongRush,Facade,Earthquake,Protect|||F|||50|,,,,,Ghost
|
|t:|1756388711
|teamsize|p1|4
|teamsize|p2|4
|start
|switch|p1a: Annihilape|Annihilape, L50, F|100/100
|switch|p1b: Gholdengo|Gholdengo, L50|100/100
|switch|p2a: Charizard|Charizard, L50, F|100/100
|switch|p2b: Torkoal|Torkoal, L50, F|100/100
|-weather|SunnyDay|[from] ability: Drought|[of] p2b: Torkoal
|turn|1
|
|t:|1756388746
|switch|p1b: Ninetales|Ninetales-Alola, L50, M|100/100
|-weather|Snowscape|[from] ability: Snow Warning|[of] p1b: Ninetales
|-terastallize|p1a: Annihilape|Water
|move|p2a: Charizard|Heat Wave|p1a: Annihilape|[spread] p1a,p1b
|-resisted|p1a: Annihilape
|-supereffective|p1b: Ninetales
|-damage|p1a: Annihilape|78/100
|-damage|p1b: Ninetales|7/100
|-status|p1b: Ninetales|brn
|move|p1a: Annihilape|Rage Fist|p2a: Charizard
|-damage|p2a: Charizard|29/100
|move|p2b: Torkoal|Overheat|p1a: Annihilape
|-resisted|p1a: Annihilape
|-damage|p1a: Annihilape|53/100
|-unboost|p2b: Torkoal|spa|2
|-enditem|p2b: Torkoal|Eject Pack
|
|t:|1756388763
|switch|p2b: Ursaluna|Ursaluna, L50, F|100/100
|
|-weather|Snowscape|[upkeep]
|-damage|p1b: Ninetales|1/100 brn|[from] brn
|-status|p2b: Ursaluna|brn|[from] item: Flame Orb
|upkeep
|turn|2
|
|t:|1756388777
|switch|p2a: Torkoal|Torkoal, L50, F|100/100
|-weather|SunnyDay|[from] ability: Drought|[of] p2a: Torkoal
|-terastallize|p2b: Ursaluna|Ghost
|move|p1b: Ninetales|Icicle Spear|p2b: Ursaluna
|-damage|p2b: Ursaluna|98/100 brn
|-damage|p2b: Ursaluna|96/100 brn
|-damage|p2b: Ursaluna|94/100 brn
|-hitcount|p2b: Ursaluna|3
|move|p1a: Annihilape|Drain Punch|p2b: Ursaluna
|-immune|p2b: Ursaluna
|move|p2b: Ursaluna|Facade|p1a: Annihilape
|-damage|p1a: Annihilape|0 fnt
|faint|p1a: Annihilape
|
|-weather|SunnyDay|[upkeep]
|-damage|p1b: Ninetales|0 fnt|[from] brn
|faint|p1b: Ninetales
|-damage|p2b: Ursaluna|88/100 brn|[from] brn
|upkeep
|
|t:|1756388786
|switch|p1b: Ursaluna|Ursaluna-Bloodmoon, L50, M|100/100
|switch|p1a: Gholdengo|Gholdengo, L50|100/100
|turn|3
|
|t:|1756388799
|move|p2b: Ursaluna|Protect|p2b: Ursaluna
|-singleturn|p2b: Ursaluna|Protect
|move|p1a: Gholdengo|Shadow Ball|p2b: Ursaluna
|-activate|p2b: Ursaluna|move: Protect
|move|p1b: Ursaluna|Hyper Voice|p2a: Torkoal|[spread] p2a
|-activate|p2b: Ursaluna|move: Protect
|-damage|p2a: Torkoal|48/100
|move|p2a: Torkoal|Eruption|p1a: Gholdengo|[spread] p1a,p1b
|-supereffective|p1a: Gholdengo
|-damage|p1a: Gholdengo|33/100
|-damage|p1b: Ursaluna|74/100
|
|-weather|SunnyDay|[upkeep]
|-damage|p2b: Ursaluna|82/100 brn|[from] brn
|upkeep
|turn|4
|
|t:|1756388818
|switch|p2b: Charizard|Charizard, L50, F|29/100
|move|p1a: Gholdengo|Shadow Ball|p2b: Charizard
|-damage|p2b: Charizard|0 fnt
|faint|p2b: Charizard
|move|p1b: Ursaluna|Hyper Voice|p2a: Torkoal
|-damage|p2a: Torkoal|0 fnt
|faint|p2a: Torkoal
|
|-weather|SunnyDay|[upkeep]
|upkeep
|
|t:|1756388823
|switch|p2b: Jumpluff|Jumpluff, L50, M|100/100
|switch|p2a: Ursaluna|Ursaluna, L50, F, tera:Ghost|82/100 brn
|turn|5
|
|t:|1756388835
|move|p2b: Jumpluff|Rage Powder|p2b: Jumpluff
|-singleturn|p2b: Jumpluff|move: Rage Powder
|move|p1a: Gholdengo|Make It Rain|p2a: Ursaluna|[spread] p2a,p2b
|-damage|p2a: Ursaluna|30/100 brn
|-damage|p2b: Jumpluff|41/100
|-unboost|p1a: Gholdengo|spa|1
|move|p1b: Ursaluna|Hyper Voice|p2a: Ursaluna|[spread] p2a,p2b
|-damage|p2a: Ursaluna|0 fnt
|-damage|p2b: Jumpluff|4/100
|faint|p2a: Ursaluna
|
|-weather|SunnyDay|[upkeep]
|upkeep
|turn|6
|-message|AndrewsWho forfeited.
|
|win|Mtcoc2
||AndrewsWho is ready for game 2.
