|j|☆Dwood8
|j|☆TheCrazyMonkey14
|html|Dwood8TheCrazyMonkey14    
|uhtml|bestof|Game 1 of a best-of-3
|t:|1756326696
|gametype|doubles
|player|p1|Dwood8|1|1000
|player|p2|TheCrazyMonkey14|benga|1010
|gen|9
|tier|[Gen 9] VGC 2025 Reg H (Bo3)
|rated|
|rule|Species Clause: Limit one of each Pokémon
|rule|Item Clause: Limit 1 of each item
|clearpoke
|poke|p1|Dragapult, L50, M|
|poke|p1|Haxorus, L50, F|
|poke|p1|Tyranitar, L50, M|
|poke|p1|Rillaboom, L50, M|
|poke|p1|Sylveon, L50, M|
|poke|p1|Grimmsnarl, L50, M|
|poke|p2|Ursaluna-Bloodmoon, L50, M|
|poke|p2|Gholdengo, L50|
|poke|p2|Dragonite, L50, F|
|poke|p2|Sneasler, L50, F|
|poke|p2|Incineroar, L50, F|
|poke|p2|Amoonguss, L50, F|
|teampreview|4
|showteam|p1|Dragapult||FocusSash|ClearBody|ThunderWave,DragonDarts,PhantomForce,Protect|||M|||50|,,,,,Dark]Haxorus||ClearAmulet|MoldBreaker|DragonDance,RockSlide,TeraBlast,DragonClaw|||F|||50|,,,,,Steel]Tyranitar||CovertCloak|SandStream|RockSlide,DragonDance,KnockOff,Protect|||M|||50|,,,,,Fairy]Rillaboom||AssaultVest|GrassySurge|FakeOut,GrassyGlide,WoodHammer,Uturn|||M|||50|,,,,,Grass]Sylveon||LifeOrb|Pixilate|HyperVoice,Moonblast,Psychic,Detect|||M|||50|,,,,,Fire]Grimmsnarl||AbilityShield|Prankster|ThunderWave,Reflect,FoulPlay,MistyTerrain|||M|||50|,,,,,Dark
|showteam|p2|Ursaluna-Bloodmoon||AssaultVest|MindsEye|BloodMoon,EarthPower,VacuumWave,HyperVoice|||M|||50|,,,,,Water]Gholdengo||LifeOrb|GoodasGold|Protect,MakeItRain,ShadowBall,NastyPlot||||||50|,,,,,Water]Dragonite||LoadedDice|Multiscale|ScaleShot,Tailwind,Haze,Protect|||F|||50|,,,,,Fairy]Sneasler||FocusSash|Unburden|Protect,DireClaw,CloseCombat,ThroatChop|||F|||50|,,,,,Stellar]Incineroar||SafetyGoggles|Intimidate|KnockOff,PartingShot,FlareBlitz,FakeOut|||F|||50|,,,,,Ghost]Amoonguss||SitrusBerry|Regenerator|RagePowder,Spore,PollenPuff,Protect|||F|||50|,,,,,Psychic
|inactive|Battle timer is ON: inactive players will automatically lose when time's up. (requested by Dwood8)
|inactive|Dwood8 has 60 seconds left.
|inactive|TheCrazyMonkey14 has 60 seconds left.
|
|t:|1756326748
|teamsize|p1|4
|teamsize|p2|4
|start
|switch|p1a: Dragapult|Dragapult, L50, M, shiny|100/100
|switch|p1b: Grimmsnarl|Grimmsnarl, L50, M|100/100
|switch|p2a: Incineroar|Incineroar, L50, F|100/100
|switch|p2b: Dragonite|Dragonite, L50, F|100/100
|-ability|p2a: Incineroar|Intimidate|boost
|-fail|p1a: Dragapult|unboost|[from] ability: Clear Body|[of] p1a: Dragapult
|-unboost|p1b: Grimmsnarl|atk|1
|turn|1
|inactive|TheCrazyMonkey14 has 30 seconds left.
|inactive|TheCrazyMonkey14 has 20 seconds left.
|
|t:|1756326785
|-terastallize|p1a: Dragapult|Dark
|move|p2a: Incineroar|Fake Out|p1b: Grimmsnarl
|-damage|p1b: Grimmsnarl|89/100
|cant|p1b: Grimmsnarl|flinch
|move|p1a: Dragapult|Thunder Wave|p2b: Dragonite
|-status|p2b: Dragonite|par
|cant|p2b: Dragonite|par
|
|upkeep
|turn|2
|inactive|Dwood8 has 30 seconds left.
|
|t:|1756326815
|move|p1a: Dragapult|Dragon Darts|p2b: Dragonite
|-supereffective|p2b: Dragonite
|-damage|p2b: Dragonite|75/100 par
|-anim|p1a: Dragapult|Dragon Darts|p2a: Incineroar
|-damage|p2a: Incineroar|79/100
|move|p2a: Incineroar|Parting Shot|p1a: Dragapult
|-fail|p1a: Dragapult|unboost|[from] ability: Clear Body|[of] p1a: Dragapult
|move|p1b: Grimmsnarl|Foul Play|p2b: Dragonite
|-damage|p2b: Dragonite|12/100 par
|move|p2b: Dragonite|Tailwind|p2b: Dragonite
|-sidestart|p2: TheCrazyMonkey14|move: Tailwind
|
|upkeep
|turn|3
|inactive|TheCrazyMonkey14 has 30 seconds left.
|
|t:|1756326842
|move|p1b: Grimmsnarl|Reflect|p1b: Grimmsnarl
|-sidestart|p1: Dwood8|Reflect
|move|p1a: Dragapult|Thunder Wave|p2a: Incineroar
|-status|p2a: Incineroar|par
|move|p2b: Dragonite|Scale Shot|p1a: Dragapult
|-damage|p1a: Dragapult|88/100
|-damage|p1a: Dragapult|75/100
|-damage|p1a: Dragapult|61/100
|-damage|p1a: Dragapult|47/100
|-hitcount|p1a: Dragapult|4
|-unboost|p2b: Dragonite|def|1
|-boost|p2b: Dragonite|spe|1
|move|p2a: Incineroar|Flare Blitz|p1b: Grimmsnarl
|-damage|p1b: Grimmsnarl|55/100
|-damage|p2a: Incineroar|68/100 par|[from] Recoil
|
|upkeep
|turn|4
|inactive|TheCrazyMonkey14 has 30 seconds left.
|inactive|TheCrazyMonkey14 has 20 seconds left.
|
|t:|1756326881
|move|p1a: Dragapult|Dragon Darts|p2a: Incineroar
|-damage|p2a: Incineroar|47/100 par
|-anim|p1a: Dragapult|Dragon Darts|p2b: Dragonite
|-supereffective|p2b: Dragonite
|-damage|p2b: Dragonite|0 fnt
|faint|p2b: Dragonite
|cant|p2a: Incineroar|par
|move|p1b: Grimmsnarl|Foul Play|p2a: Incineroar
|-resisted|p2a: Incineroar
|-damage|p2a: Incineroar|26/100 par
|
|upkeep
|
|t:|1756326890
|switch|p2b: Sneasler|Sneasler, L50, F|100/100
|turn|5
|
|t:|1756326901
|move|p1a: Dragapult|Protect|p1a: Dragapult
|-singleturn|p1a: Dragapult|Protect
|move|p1b: Grimmsnarl|Thunder Wave|p2b: Sneasler
|-status|p2b: Sneasler|par
|move|p2b: Sneasler|Close Combat|p1a: Dragapult
|-activate|p1a: Dragapult|move: Protect
|cant|p2a: Incineroar|par
|
|-sideend|p2: TheCrazyMonkey14|move: Tailwind
|upkeep
|turn|6
|inactive|Dwood8 has 30 seconds left.
|inactive|TheCrazyMonkey14 has 30 seconds left.
|
|t:|1756326934
|move|p1a: Dragapult|Dragon Darts|p2a: Incineroar
|-damage|p2a: Incineroar|5/100 par
|-anim|p1a: Dragapult|Dragon Darts|p2b: Sneasler
|-damage|p2b: Sneasler|64/100 par
|move|p1b: Grimmsnarl|Foul Play|p2b: Sneasler
|-resisted|p2b: Sneasler
|-damage|p2b: Sneasler|18/100 par
|cant|p2b: Sneasler|par
|cant|p2a: Incineroar|par
|
|upkeep
|turn|7
|c|☆TheCrazyMonkey14|aahahhahahahah
|c|☆Dwood8|Bro…. Omg
|inactive|Dwood8 has 30 seconds left.
|c|☆TheCrazyMonkey14|it happens
|c|☆Dwood8|this is the worst luck I’ve seen
|inactive|Dwood8 has 20 seconds left.
|
|t:|1756326976
|switch|p1b: Tyranitar|Tyranitar, L50, M, shiny|100/100
|-weather|Sandstorm|[from] ability: Sand Stream|[of] p1b: Tyranitar
|move|p1a: Dragapult|Dragon Darts|p2b: Sneasler
|-damage|p2b: Sneasler|0 fnt
|-anim|p1a: Dragapult|Dragon Darts|p2a: Incineroar
|-damage|p2a: Incineroar|0 fnt
|faint|p2b: Sneasler
|faint|p2a: Incineroar
|
|-weather|Sandstorm|[upkeep]
|-damage|p1a: Dragapult|41/100|[from] Sandstorm
|-sideend|p1: Dwood8|Reflect
|upkeep
|
|t:|1756326988
|switch|p2b: Gholdengo|Gholdengo, L50|100/100
|turn|8
|c|☆Dwood8|I mean it’s what I want from the team but dang
|
|t:|1756327006
|move|p1a: Dragapult|Phantom Force||[still]
|-prepare|p1a: Dragapult|Phantom Force
|move|p2b: Gholdengo|Make It Rain|p1b: Tyranitar|[spread] p1b
|-miss|p2b: Gholdengo|p1a: Dragapult
|-supereffective|p1b: Tyranitar
|-damage|p1b: Tyranitar|31/100
|-unboost|p2b: Gholdengo|spa|1
|-damage|p2b: Gholdengo|91/100|[from] item: Life Orb
|move|p1b: Tyranitar|Knock Off|p2b: Gholdengo
|-supereffective|p2b: Gholdengo
|-damage|p2b: Gholdengo|0 fnt
|-enditem|p2b: Gholdengo|Life Orb|[from] move: Knock Off|[of] p1b: Tyranitar
|faint|p2b: Gholdengo
|
|win|Dwood8
|inactive|Dwood8 has 30 seconds to confirm battle start!
|inactive|TheCrazyMonkey14 has 30 seconds to confirm battle start!
||TheCrazyMonkey14 is ready for game 2.
||Dwood8 is ready for game 2.
|uhtml|next|Next: Game 2 of 3
