|j|☆laggd
|j|☆anderish
|html|laggdanderish    
|uhtml|bestof|Game 2 of a best-of-3
|t:|1786133489
|gametype|doubles
|player|p1|laggd|gambler|
|player|p2|anderish|hiker-gen4|
|gen|9
|tier|[Gen 9 Champions] VGC 2026 Reg M-B (Bo3)
|rule|Species Clause: Limit one of each Pokémon
|rule|Item Clause: Limit 1 of each item
|clearpoke
|poke|p1|Dragonite, L50, F|
|poke|p1|Pelipper, L50, F, shiny|
|poke|p1|Scrafty, L50, M|
|poke|p1|Scizor, L50, M|
|poke|p1|Maushold-Four, L50|
|poke|p1|Empoleon, L50, M|
|poke|p2|Aegislash, L50, F|
|poke|p2|Grimmsnarl, L50, M|
|poke|p2|Volcarona, L50, M|
|poke|p2|Gardevoir, L50, M|
|poke|p2|Luxray, L50, M|
|poke|p2|Clawitzer, L50, M|
|teampreview|4
|showteam|p1|Dragonite||Dragoninite|InnerFocus|Tailwind,Protect,Hurricane,DragonPulse|Timid||F|||50|]Pelipper||DampRock|Drizzle|WeatherBall,Hurricane,Protect,Tailwind|Modest||F|||50|]Scrafty||KingsRock|Intimidate|FakeOut,Protect,CloseCombat,KnockOff|Adamant||M|||50|]Scizor||LifeOrb|Technician|BulletPunch,Protect,CloseCombat,SwordsDance|Adamant||M|||50|]Maushold-Four||FocusSash|FriendGuard|FollowMe,Protect,SuperFang,PopulationBomb|Jolly|||||50|]Empoleon||Leftovers|Competitive|Protect,Surf,VacuumWave,FlashCannon|Modest||M|||50|
|showteam|p2|Aegislash||Leftovers|StanceChange|Substitute,ShadowSneak,KingsShield,ShadowBall|Calm||F|||50|]Grimmsnarl||LightClay|Prankster|Reflect,LightScreen,SpiritBreak,PartingShot|Careful||M|||50|]Volcarona||LifeOrb|FlameBody|GigaDrain,FieryDance,StruggleBug,Protect|Timid||M|||50|]Gardevoir||Gardevoirite|Trace|HyperVoice,Psyshock,CalmMind,Protect|Timid||M|||50|]Luxray||ShucaBerry|Intimidate|SupercellSlam,PlayRough,Trailblaze,Protect|Adamant||M|||50|]Clawitzer||ExpertBelt|MegaLauncher|WaterPulse,DragonPulse,AuraSphere,DarkPulse|Modest||M|||50|
|c|☆laggd|good job ander anderish
|c|☆anderish|i have never been happier
|
|t:|1786133560
|teamsize|p1|4
|teamsize|p2|4
|start
|switch|p1a: Radon|Scrafty, L50, M|100/100
|switch|p1b: Helium|Maushold-Four, L50|100/100
|switch|p2a: Luxray|Luxray, L50, M|100/100
|switch|p2b: Grimmsnarl|Grimmsnarl, L50, M|100/100
|-ability|p2a: Luxray|Intimidate|boost
|-unboost|p1a: Radon|atk|1
|-unboost|p1b: Helium|atk|1
|-ability|p1a: Radon|Intimidate|boost
|-unboost|p2a: Luxray|atk|1
|-unboost|p2b: Grimmsnarl|atk|1
|turn|1
|
|t:|1786133592
|switch|p2a: Aegislash|Aegislash, L50, F|100/100
|move|p1a: Radon|Fake Out|p2b: Grimmsnarl
|-damage|p2b: Grimmsnarl|89/100
|cant|p2b: Grimmsnarl|flinch
|move|p1b: Helium|Super Fang|p2a: Aegislash
|-immune|p2a: Aegislash
|
|upkeep
|turn|2
|
|t:|1786133627
|move|p2a: Aegislash|King's Shield|p2a: Aegislash
|-singleturn|p2a: Aegislash|Protect
|move|p1b: Helium|Follow Me|p1b: Helium
|-singleturn|p1b: Helium|move: Follow Me
|move|p2b: Grimmsnarl|Reflect|p2b: Grimmsnarl
|-sidestart|p2: anderish|Reflect
|move|p1a: Radon|Knock Off|p2a: Aegislash
|-activate|p2a: Aegislash|move: Protect
|-unboost|p1a: Radon|atk|1
|
|upkeep
|turn|3
|
|t:|1786133656
|switch|p2a: Luxray|Luxray, L50, M|100/100
|-ability|p2a: Luxray|Intimidate|boost
|-unboost|p1a: Radon|atk|1
|-unboost|p1b: Helium|atk|1
|switch|p1a: Argon|Dragonite, L50, F|100/100
|move|p2b: Grimmsnarl|Light Screen|p2b: Grimmsnarl
|-sidestart|p2: anderish|move: Light Screen
|move|p1b: Helium|Super Fang|p2b: Grimmsnarl
|-damage|p2b: Grimmsnarl|45/100
|
|upkeep
|turn|4
|
|t:|1786133726
|detailschange|p1a: Argon|Dragonite-Mega, L50, F
|-mega|p1a: Argon|Dragonite|Dragoninite
|move|p1b: Helium|Follow Me|p1b: Helium
|-singleturn|p1b: Helium|move: Follow Me
|move|p2b: Grimmsnarl|Parting Shot|p1b: Helium
|-unboost|p1b: Helium|atk|1
|-unboost|p1b: Helium|spa|1
|
|t:|1786133735
|switch|p2b: Clawitzer|Clawitzer, L50, M|100/100|[from] Parting Shot
|move|p1a: Argon|Tailwind|p1a: Argon
|-sidestart|p1: laggd|move: Tailwind
|move|p2a: Luxray|Play Rough|p1b: Helium
|-damage|p1b: Helium|44/100
|
|upkeep
|turn|5
|
|t:|1786133748
|move|p1a: Argon|Protect|p1a: Argon
|-singleturn|p1a: Argon|Protect
|move|p1b: Helium|Super Fang|p2a: Luxray
|-damage|p2a: Luxray|50/100g
|move|p2a: Luxray|Play Rough|p1a: Argon
|-activate|p1a: Argon|move: Protect
|move|p2b: Clawitzer|Dragon Pulse|p1a: Argon
|-activate|p1a: Argon|move: Protect
|
|upkeep
|turn|6
|
|t:|1786133774
|move|p1b: Helium|Follow Me|p1b: Helium
|-singleturn|p1b: Helium|move: Follow Me
|move|p1a: Argon|Hurricane|p2b: Clawitzer
|-damage|p2b: Clawitzer|55/100
|-start|p2b: Clawitzer|confusion
|move|p2a: Luxray|Play Rough|p1b: Helium|[miss]
|-miss|p2a: Luxray|p1b: Helium
|-activate|p2b: Clawitzer|confusion
|move|p2b: Clawitzer|Dragon Pulse|p1b: Helium
|-damage|p1b: Helium|0 fnt
|faint|p1b: Helium
|
|upkeep
|
|t:|1786133786
|switch|p1b: Radon|Scrafty, L50, M|100/100
|-ability|p1b: Radon|Intimidate|boost
|-unboost|p2a: Luxray|atk|1
|-unboost|p2b: Clawitzer|atk|1
|turn|7
|
|t:|1786133873
|move|p1a: Argon|Protect|p1a: Argon
|-singleturn|p1a: Argon|Protect
|move|p1b: Radon|Knock Off|p2a: Luxray
|-damage|p2a: Luxray|17/100
|-enditem|p2a: Luxray|Shuca Berry|[from] move: Knock Off|[of] p1b: Radon
|move|p2a: Luxray|Play Rough|p1a: Argon
|-activate|p1a: Argon|move: Protect
|-activate|p2b: Clawitzer|confusion
|move|p2b: Clawitzer|Dragon Pulse|p1a: Argon
|-activate|p1a: Argon|move: Protect
|
|-sideend|p1: laggd|move: Tailwind
|upkeep
|turn|8
|
|t:|1786133907
|move|p1a: Argon|Tailwind|p1a: Argon
|-sidestart|p1: laggd|move: Tailwind
|move|p1b: Radon|Knock Off|p2a: Luxray
|-damage|p2a: Luxray|0 fnt
|faint|p2a: Luxray
|-activate|p2b: Clawitzer|confusion
|-damage|p2b: Clawitzer|51/100|[from] confusion
|
|upkeep
|
|t:|1786133920
|switch|p2a: Aegislash|Aegislash, L50, F|100/100
|turn|9
|
|t:|1786133955
|move|p1a: Argon|Protect|p1a: Argon
|-singleturn|p1a: Argon|Protect
|move|p1b: Radon|Close Combat|p2b: Clawitzer
|-damage|p2b: Clawitzer|13/100
|-unboost|p1b: Radon|def|1
|-unboost|p1b: Radon|spd|1
|move|p2a: Aegislash|Substitute|p2a: Aegislash
|-start|p2a: Aegislash|Substitute
|-damage|p2a: Aegislash|75/100
|cant|p2b: Clawitzer|flinch
|
|-heal|p2a: Aegislash|81/100|[from] item: Leftovers
|-sideend|p2: anderish|Reflect
|upkeep
|turn|10
|
|t:|1786134001
|move|p1a: Argon|Dragon Pulse|p2b: Clawitzer
|-damage|p2b: Clawitzer|0 fnt
|faint|p2b: Clawitzer
|move|p1b: Radon|Knock Off|p2a: Aegislash
|-supereffective|p2a: Aegislash|1
|-end|p2a: Aegislash|Substitute
|-formechange|p2a: Aegislash|Aegislash-Blade|
|move|p2a: Aegislash|Shadow Ball|p1a: Argon
|-damage|p1a: Argon|82/100
|
|-heal|p2a: Aegislash|86/100|[from] item: Leftovers
|-sideend|p2: anderish|move: Light Screen
|upkeep
|
|t:|1786134014
|switch|p2b: Grimmsnarl|Grimmsnarl, L50, M|45/100
|turn|11
|c|☆anderish|Im going to win
|c|☆laggd|well see
|
|t:|1786134042
|move|p1b: Radon|Protect|p1b: Radon
|-singleturn|p1b: Radon|Protect
|move|p1a: Argon|Hurricane|p2b: Grimmsnarl|[miss]
|-miss|p1a: Argon|p2b: Grimmsnarl
|move|p2a: Aegislash|Shadow Ball|p1b: Radon
|-activate|p1b: Radon|move: Protect
|move|p2b: Grimmsnarl|Spirit Break|p1b: Radon
|-activate|p1b: Radon|move: Protect
|
|-heal|p2a: Aegislash|92/100|[from] item: Leftovers
|-sideend|p1: laggd|move: Tailwind
|upkeep
|turn|12
|
|t:|1786134068
|move|p1a: Argon|Hurricane|p2b: Grimmsnarl
|-damage|p2b: Grimmsnarl|1/100
|move|p2a: Aegislash|Shadow Ball|p1b: Radon
|-resisted|p1b: Radon|1
|-damage|p1b: Radon|72/100
|move|p2b: Grimmsnarl|Spirit Break|p1b: Radon
|-supereffective|p1b: Radon|2
|-damage|p1b: Radon|0 fnt
|faint|p1b: Radon
|
|-heal|p2a: Aegislash|98/100|[from] item: Leftovers
|upkeep
|
|t:|1786134073
|switch|p1b: Neon|Pelipper, L50, F, shiny|100/100
|-weather|RainDance|[from] ability: Drizzle|[of] p1b: Neon
|turn|13
|
|t:|1786134119
|move|p2b: Grimmsnarl|Light Screen|p2b: Grimmsnarl
|-sidestart|p2: anderish|move: Light Screen
|move|p1a: Argon|Hurricane|p2b: Grimmsnarl
|-damage|p2b: Grimmsnarl|0 fnt
|faint|p2b: Grimmsnarl
|move|p1b: Neon|Weather Ball|p2a: Aegislash
|-damage|p2a: Aegislash|41/100
|move|p2a: Aegislash|Shadow Ball|p1b: Neon
|-damage|p1b: Neon|33/100
|
|-weather|RainDance|[upkeep]
|-heal|p2a: Aegislash|47/100|[from] item: Leftovers
|upkeep
|turn|14
|
|t:|1786134141
|move|p1b: Neon|Protect|p1b: Neon
|-singleturn|p1b: Neon|Protect
|-formechange|p2a: Aegislash|Aegislash|
|move|p2a: Aegislash|King's Shield|p2a: Aegislash
|-singleturn|p2a: Aegislash|Protect
|move|p1a: Argon|Tailwind|p1a: Argon
|-sidestart|p1: laggd|move: Tailwind
|
|-weather|RainDance|[upkeep]
|-heal|p2a: Aegislash|52/100|[from] item: Leftovers
|upkeep
|turn|15
|c|☆anderish|Im going to win
|c|☆laggd|predicted
|
|t:|1786134170
|move|p1a: Argon|Hurricane|p2a: Aegislash
|-resisted|p2a: Aegislash|1
|-crit|p2a: Aegislash
|-damage|p2a: Aegislash|19/100
|-start|p2a: Aegislash|confusion
|move|p1b: Neon|Weather Ball|p2a: Aegislash
|-damage|p2a: Aegislash|0 fnt
|faint|p2a: Aegislash
|
|win|laggd
||laggd is ready for game 3.
