|j|☆superandry
|j|☆KrsCrossAppleSauce
|html|superandryKrsCrossAppleSauce    
|uhtml|bestof|Game 3 of a best-of-3
|t:|1756285903
|gametype|doubles
|player|p1|superandry|palmer|1080
|player|p2|KrsCrossAppleSauce|green|1179
|gen|9
|tier|[Gen 9] VGC 2025 Reg H (Bo3)
|rated|
|rule|Species Clause: Limit one of each Pokémon
|rule|Item Clause: Limit 1 of each item
|clearpoke
|poke|p1|Weezing, L50, M|
|poke|p1|Incineroar, L50, M|
|poke|p1|Dragonite, L50, F|
|poke|p1|Ursaluna-Bloodmoon, L50, M|
|poke|p1|Annihilape, L50, M|
|poke|p1|Dragapult, L50, M|
|poke|p2|Sneasler, L50, F|
|poke|p2|Gholdengo, L50|
|poke|p2|Dondozo, L50, M|
|poke|p2|Rillaboom, L50, F|
|poke|p2|Volcarona, L50, M|
|poke|p2|Electabuzz, L50, F|
|teampreview|4
|showteam|p1|Weezing||SitrusBerry|NeutralizingGas|GunkShot,WillOWisp,Taunt,Protect|||M|||50|,,,,,Water]Incineroar||AbilityShield|Intimidate|FakeOut,FlareBlitz,KnockOff,PartingShot|||M|||50|,,,,,Ghost]Dragonite||LoadedDice|Multiscale|ScaleShot,ExtremeSpeed,Tailwind,Protect|||F|||50|,,,,,Steel]Ursaluna-Bloodmoon||AssaultVest|MindsEye|HyperVoice,BloodMoon,EarthPower,VacuumWave|||M|||50|,,,,,Normal]Annihilape||SafetyGoggles|Defiant|CloseCombat,FinalGambit,RageFist,Protect|||M|||50|,,,,,Stellar]Dragapult||ChoiceSpecs|ClearBody|DracoMeteor,ShadowBall,Flamethrower,DragonDarts|||M|||50|,,,,,Stellar
|showteam|p2|Sneasler||FocusSash|PoisonTouch|FakeOut,DireClaw,CloseCombat,Protect|||F|||50|,,,,,Dark]Gholdengo||LifeOrb|GoodasGold|MakeItRain,ShadowBall,NastyPlot,Protect||||||50|,,,,,Water]Dondozo||Leftovers|Unaware|WaveCrash,Yawn,Fissure,Protect|||M|||50|,,,,,Psychic]Rillaboom||AssaultVest|GrassySurge|FakeOut,WoodHammer,GrassyGlide,Uturn|||F|||50|,,,,,Fire]Volcarona||CovertCloak|FlameBody|HeatWave,QuiverDance,TeraBlast,Protect|||M|||50|,,,,,Fairy]Electabuzz||Eviolite|VitalSpirit|Thunderbolt,FollowMe,Taunt,Protect|||F|||50|,,,,,Ghost
|inactive|Battle timer is ON: inactive players will automatically lose when time's up. (requested by superandry)
|inactive|KrsCrossAppleSauce has 60 seconds left.
|
|t:|1756285954
|teamsize|p1|4
|teamsize|p2|4
|start
|switch|p1a: Dragonite|Dragonite, L50, F|100/100
|switch|p1b: Incineroar|Incineroar, L50, M|100/100
|switch|p2a: Sneasler|Sneasler, L50, F|100/100
|switch|p2b: Dondozo|Dondozo, L50, M|100/100
|-ability|p1b: Incineroar|Intimidate|boost
|-unboost|p2a: Sneasler|atk|1
|-unboost|p2b: Dondozo|atk|1
|turn|1
|inactive|superandry has 30 seconds left.
|
|t:|1756285983
|move|p2a: Sneasler|Fake Out|p1a: Dragonite
|-damage|p1a: Dragonite|95/100
|move|p1b: Incineroar|Fake Out|p2b: Dondozo
|-damage|p2b: Dondozo|93/100
|cant|p1a: Dragonite|flinch
|cant|p2b: Dondozo|flinch
|
|-heal|p2b: Dondozo|99/100|[from] item: Leftovers
|upkeep
|turn|2
|
|t:|1756286001
|move|p2a: Sneasler|Close Combat|p1b: Incineroar
|-supereffective|p1b: Incineroar
|-damage|p1b: Incineroar|19/100
|-unboost|p2a: Sneasler|def|1
|-unboost|p2a: Sneasler|spd|1
|move|p1a: Dragonite|Scale Shot|p2a: Sneasler
|-damage|p2a: Sneasler|63/100
|-damage|p2a: Sneasler|24/100
|-damage|p2a: Sneasler|0 fnt
|faint|p2a: Sneasler
|-hitcount|p2: Sneasler|3
|-unboost|p1a: Dragonite|def|1
|-boost|p1a: Dragonite|spe|1
|move|p1b: Incineroar|Knock Off|p2b: Dondozo
|-damage|p2b: Dondozo|75/100
|-enditem|p2b: Dondozo|Leftovers|[from] move: Knock Off|[of] p1b: Incineroar
|move|p2b: Dondozo|Yawn|p1a: Dragonite
|-start|p1a: Dragonite|move: Yawn|[of] p2b: Dondozo
|
|upkeep
|
|t:|1756286006
|switch|p2a: Gholdengo|Gholdengo, L50|100/100
|turn|3
|inactive|superandry has 30 seconds left.
|inactive|superandry has 20 seconds left.
|
|t:|1756286045
|-terastallize|p2a: Gholdengo|Water
|move|p1a: Dragonite|Tailwind|p1a: Dragonite
|-sidestart|p1: superandry|move: Tailwind
|move|p1b: Incineroar|Parting Shot|p2a: Gholdengo
|-immune|p2a: Gholdengo|[from] ability: Good as Gold
|move|p2a: Gholdengo|Make It Rain|p1a: Dragonite|[spread] p1a,p1b
|-resisted|p1b: Incineroar
|-damage|p1a: Dragonite|20/100
|-damage|p1b: Incineroar|0 fnt
|-unboost|p2a: Gholdengo|spa|1
|faint|p1b: Incineroar
|-damage|p2a: Gholdengo|91/100|[from] item: Life Orb
|move|p2b: Dondozo|Yawn||[still]
|-fail|p2b: Dondozo
|
|-end|p1a: Dragonite|move: Yawn|[silent]
|-status|p1a: Dragonite|slp
|upkeep
|
|t:|1756286069
|switch|p1b: Dragapult|Dragapult, L50, M, shiny|100/100
|turn|4
|
|t:|1756286080
|switch|p2a: Rillaboom|Rillaboom, L50, F|100/100
|-fieldstart|move: Grassy Terrain|[from] ability: Grassy Surge|[of] p2a: Rillaboom
|-terastallize|p1b: Dragapult|Stellar
|move|p1b: Dragapult|Draco Meteor|p2a: Rillaboom
|-damage|p2a: Rillaboom|17/100
|-unboost|p1b: Dragapult|spa|2
|cant|p1a: Dragonite|slp
|move|p2b: Dondozo|Yawn|p1b: Dragapult
|-start|p1b: Dragapult|move: Yawn|[of] p2b: Dondozo
|
|-heal|p2a: Rillaboom|23/100|[from] Grassy Terrain
|-heal|p2b: Dondozo|81/100|[from] Grassy Terrain
|upkeep
|turn|5
|
|t:|1756286100
|switch|p1b: Annihilape|Annihilape, L50, M|100/100
|move|p2a: Rillaboom|Fake Out|p1a: Dragonite
|-damage|p1a: Dragonite|0 fnt
|faint|p1a: Dragonite
|move|p2b: Dondozo|Wave Crash|p1b: Annihilape
|-damage|p1b: Annihilape|74/100
|-damage|p2b: Dondozo|74/100|[from] Recoil
|
|-heal|p1b: Annihilape|80/100|[from] Grassy Terrain
|-heal|p2a: Rillaboom|29/100|[from] Grassy Terrain
|-heal|p2b: Dondozo|80/100|[from] Grassy Terrain
|upkeep
|
|t:|1756286112
|switch|p1a: Dragapult|Dragapult, L50, M, shiny, tera:Stellar|100/100
|turn|6
|
|t:|1756286122
|move|p2a: Rillaboom|Grassy Glide|p1b: Annihilape
|-damage|p1b: Annihilape|41/100
|move|p1a: Dragapult|Draco Meteor|p2b: Dondozo
|-damage|p2b: Dondozo|12/100
|-unboost|p1a: Dragapult|spa|2
|move|p1b: Annihilape|Rage Fist|p2a: Rillaboom
|-damage|p2a: Rillaboom|0 fnt
|faint|p2a: Rillaboom
|move|p2b: Dondozo|Yawn|p1b: Annihilape
|-start|p1b: Annihilape|move: Yawn|[of] p2b: Dondozo
|
|-heal|p1b: Annihilape|46/100|[from] Grassy Terrain
|-heal|p2b: Dondozo|19/100|[from] Grassy Terrain
|-sideend|p1: superandry|move: Tailwind
|upkeep
|
|t:|1756286126
|switch|p2a: Gholdengo|Gholdengo, L50, tera:Water|91/100
|turn|7
|
|t:|1756286149
|move|p2a: Gholdengo|Protect|p2a: Gholdengo
|-singleturn|p2a: Gholdengo|Protect
|move|p2b: Dondozo|Protect|p2b: Dondozo
|-singleturn|p2b: Dondozo|Protect
|move|p1a: Dragapult|Draco Meteor|p2a: Gholdengo
|-activate|p2a: Gholdengo|move: Protect
|move|p1b: Annihilape|Rage Fist|p2b: Dondozo
|-activate|p2b: Dondozo|move: Protect
|
|-heal|p1b: Annihilape|52/100|[from] Grassy Terrain
|-heal|p2a: Gholdengo|97/100|[from] Grassy Terrain
|-heal|p2b: Dondozo|25/100|[from] Grassy Terrain
|-end|p1b: Annihilape|move: Yawn|[silent]
|-status|p1b: Annihilape|slp
|upkeep
|turn|8
|
|t:|1756286166
|move|p1a: Dragapult|Draco Meteor|p2a: Gholdengo
|-damage|p2a: Gholdengo|47/100
|-unboost|p1a: Dragapult|spa|2
|cant|p1b: Annihilape|slp
|move|p2a: Gholdengo|Make It Rain|p1b: Annihilape|[spread] p1a,p1b
|-damage|p1a: Dragapult|7/100
|-damage|p1b: Annihilape|0 fnt
|-unboost|p2a: Gholdengo|spa|1
|faint|p1b: Annihilape
|-damage|p2a: Gholdengo|37/100|[from] item: Life Orb
|move|p2b: Dondozo|Wave Crash|p1a: Dragapult
|-resisted|p1a: Dragapult
|-damage|p1a: Dragapult|0 fnt
|faint|p1a: Dragapult
|-damage|p2b: Dondozo|23/100|[from] Recoil
|
|win|KrsCrossAppleSauce
|raw|superandry's rating: 1080 → 1064(-16 for losing)
|raw|KrsCrossAppleSauce's rating: 1179 → 1197(+18 for winning)
