|j|☆jeanryupr
|j|☆ParroTiest
|html|jeanryuprParroTiest    
|uhtml|bestof|Game 2 of a best-of-3
|t:|1756587708
|gametype|doubles
|player|p1|jeanryupr|101|1076
|player|p2|ParroTiest|2|1161
|gen|9
|tier|[Gen 9] VGC 2025 Reg H (Bo3)
|rated|
|rule|Species Clause: Limit one of each Pokémon
|rule|Item Clause: Limit 1 of each item
|clearpoke
|poke|p1|Incineroar, L50, F|
|poke|p1|Amoonguss, L50, F|
|poke|p1|Rillaboom, L50, F|
|poke|p1|Sylveon, L50, F|
|poke|p1|Dragonite, L50, F|
|poke|p1|Gholdengo, L50|
|poke|p2|Grimmsnarl, L50, M|
|poke|p2|Ursaluna-Bloodmoon, L50, M|
|poke|p2|Farigiraf, L50, M|
|poke|p2|Gholdengo, L50|
|poke|p2|Rillaboom, L50, M|
|poke|p2|Volcarona, L50, M|
|teampreview|4
|showteam|p1|Incineroar||SafetyGoggles|Intimidate|FakeOut,FlareBlitz,PartingShot,KnockOff|||F|||50|,,,,,Water]Amoonguss||RockyHelmet|Regenerator|RagePowder,Spore,PollenPuff,Protect|||F|||50|,,,,,Water]Rillaboom||AssaultVest|GrassySurge|GrassyGlide,WoodHammer,FakeOut,Uturn|||F|||50|,,,,,Fire]Sylveon||ThroatSpray|Pixilate|HyperVoice,TeraBlast,Protect,QuickAttack|||F|||50|,,,,,Fire]Dragonite||LoadedDice|InnerFocus|ScaleShot,Haze,IceSpinner,ExtremeSpeed|||F|||50|,,,,,Normal]Gholdengo||Leftovers|GoodasGold|MakeItRain,ShadowBall,Protect,NastyPlot||||||50|,,,,,Steel
|showteam|p2|Grimmsnarl||LightClay|Prankster|Reflect,LightScreen,SpiritBreak,Taunt|||M|||50|,,,,,Ghost]Ursaluna-Bloodmoon||LifeOrb|MindsEye|BloodMoon,HyperVoice,EarthPower,Protect|||M|||50|,,,,,Normal]Farigiraf||ThroatSpray|ArmorTail|HyperVoice,Psychic,TrickRoom,Protect|||M|||50|,,,,,Fairy]Gholdengo||ChoiceSpecs|GoodasGold|MakeItRain,ShadowBall,PowerGem,Trick||||||50|,,,,,Water]Rillaboom||AssaultVest|GrassySurge|FakeOut,WoodHammer,GrassyGlide,Uturn|||M|||50|,,,,,Fire]Volcarona||Leftovers|FlameBody|QuiverDance,HeatWave,GigaDrain,Protect|||M|||50|,,,,,Grass
|inactive|Battle timer is ON: inactive players will automatically lose when time's up. (requested by ParroTiest)
|inactive|jeanryupr has 60 seconds left.
|inactive|jeanryupr has 30 seconds left.
|inactive|jeanryupr has 20 seconds left.
|inactive|jeanryupr has 15 seconds left.
|
|t:|1756587785
|teamsize|p1|4
|teamsize|p2|4
|start
|switch|p1a: Incineroar|Incineroar, L50, F|100/100
|switch|p1b: Amoonguss|Amoonguss, L50, F|100/100
|switch|p2a: gremlin|Grimmsnarl, L50, M, shiny|100/100
|switch|p2b: no fake out|Farigiraf, L50, M|100/100
|-ability|p1a: Incineroar|Intimidate|boost
|-unboost|p2a: gremlin|atk|1
|-unboost|p2b: no fake out|atk|1
|turn|1
|inactive|jeanryupr has 30 seconds left.
|inactive|ParroTiest has 30 seconds left.
|inactive|jeanryupr has 20 seconds left.
|
|t:|1756587823
|move|p2b: no fake out|Protect|p2b: no fake out
|-singleturn|p2b: no fake out|Protect
|move|p1b: Amoonguss|Protect|p1b: Amoonguss
|-singleturn|p1b: Amoonguss|Protect
|move|p2a: gremlin|Taunt|p1b: Amoonguss
|-activate|p1b: Amoonguss|move: Protect
|move|p1a: Incineroar|Knock Off|p2b: no fake out
|-activate|p2b: no fake out|move: Protect
|
|upkeep
|turn|2
|
|t:|1756587845
|switch|p1b: Gholdengo|Gholdengo, L50|100/100
|-terastallize|p2b: no fake out|Fairy
|move|p2a: gremlin|Taunt|p1b: Gholdengo
|-immune|p1b: Gholdengo|[from] ability: Good as Gold
|move|p1a: Incineroar|Knock Off|p2b: no fake out
|-resisted|p2b: no fake out
|-damage|p2b: no fake out|80/100
|-enditem|p2b: no fake out|Throat Spray|[from] move: Knock Off|[of] p1a: Incineroar
|move|p2b: no fake out|Trick Room|p2b: no fake out
|-fieldstart|move: Trick Room|[of] p2b: no fake out
|
|upkeep
|turn|3
|
|t:|1756587870
|switch|p1a: Amoonguss|Amoonguss, L50, F|100/100
|switch|p2b: instakill button|Ursaluna-Bloodmoon, L50, M|100/100
|-terastallize|p1b: Gholdengo|Steel
|move|p2a: gremlin|Light Screen|p2a: gremlin
|-sidestart|p2: ParroTiest|move: Light Screen
|move|p1b: Gholdengo|Make It Rain|p2a: gremlin|[spread] p2a,p2b
|-supereffective|p2a: gremlin
|-damage|p2a: gremlin|15/100
|-damage|p2b: instakill button|51/100
|-unboost|p1b: Gholdengo|spa|1
|
|upkeep
|turn|4
|
|t:|1756587894
|switch|p1b: Dragonite|Dragonite, L50, F|100/100
|move|p1a: Amoonguss|Protect|p1a: Amoonguss
|-singleturn|p1a: Amoonguss|Protect
|move|p2a: gremlin|Taunt|p1a: Amoonguss
|-activate|p1a: Amoonguss|move: Protect
|move|p2b: instakill button|Earth Power|p1b: Dragonite
|-immune|p1b: Dragonite
|
|upkeep
|turn|5
|
|t:|1756587908
|switch|p1a: Incineroar|Incineroar, L50, F|100/100
|-ability|p1a: Incineroar|Intimidate|boost
|-unboost|p2a: gremlin|atk|1
|-unboost|p2b: instakill button|atk|1
|move|p2a: gremlin|Taunt|p1a: Incineroar
|-hint|Since gen 7, Dark is immune to Prankster moves.
|-immune|p1a: Incineroar
|move|p2b: instakill button|Blood Moon|p1b: Dragonite
|-damage|p1b: Dragonite|0 fnt
|faint|p1b: Dragonite
|-damage|p2b: instakill button|41/100|[from] item: Life Orb
|
|upkeep
|
|t:|1756587924
|switch|p1b: Gholdengo|Gholdengo, L50, tera:Steel|100/100
|turn|6
|
|t:|1756587936
|switch|p2a: no fake out|Farigiraf, L50, M, tera:Fairy|80/100
|move|p1a: Incineroar|Knock Off|p2b: instakill button
|-damage|p2b: instakill button|16/100
|-enditem|p2b: instakill button|Life Orb|[from] move: Knock Off|[of] p1a: Incineroar
|move|p2b: instakill button|Earth Power|p1a: Incineroar
|-supereffective|p1a: Incineroar
|-damage|p1a: Incineroar|20/100
|move|p1b: Gholdengo|Make It Rain|p2b: instakill button|[spread] p2a,p2b
|-supereffective|p2a: no fake out
|-damage|p2a: no fake out|6/100
|-damage|p2b: instakill button|0 fnt
|-unboost|p1b: Gholdengo|spa|1
|faint|p2b: instakill button
|
|-fieldend|move: Trick Room
|upkeep
|
|t:|1756587946
|switch|p2b: monke|Rillaboom, L50, M|100/100
|-fieldstart|move: Grassy Terrain|[from] ability: Grassy Surge|[of] p2b: monke
|turn|7
|
|t:|1756587957
|switch|p1b: Amoonguss|Amoonguss, L50, F|100/100
|move|p2a: no fake out|Protect|p2a: no fake out
|-singleturn|p2a: no fake out|Protect
|move|p2b: monke|Wood Hammer|p1b: Amoonguss
|-resisted|p1b: Amoonguss
|-damage|p1b: Amoonguss|86/100
|-damage|p2b: monke|84/100|[from] item: Rocky Helmet|[of] p1b: Amoonguss
|-damage|p2b: monke|79/100|[from] Recoil
|move|p1a: Incineroar|Knock Off|p2a: no fake out
|-activate|p2a: no fake out|move: Protect
|
|-heal|p2b: monke|84/100|[from] Grassy Terrain
|-heal|p1a: Incineroar|26/100|[from] Grassy Terrain
|-heal|p2a: no fake out|12/100|[from] Grassy Terrain
|-heal|p1b: Amoonguss|92/100|[from] Grassy Terrain
|upkeep
|turn|8
|
|t:|1756587974
|move|p2b: monke|Wood Hammer|p1a: Incineroar
|-resisted|p1a: Incineroar
|-damage|p1a: Incineroar|0 fnt
|faint|p1a: Incineroar
|-damage|p2b: monke|76/100|[from] Recoil
|move|p2a: no fake out|Psychic|p1b: Amoonguss
|-supereffective|p1b: Amoonguss
|-damage|p1b: Amoonguss|21/100
|move|p1b: Amoonguss|Pollen Puff|p1: Incineroar|[notarget]
|-fail|p1b: Amoonguss
|
|-heal|p2b: monke|82/100|[from] Grassy Terrain
|-heal|p2a: no fake out|18/100|[from] Grassy Terrain
|-heal|p1b: Amoonguss|27/100|[from] Grassy Terrain
|upkeep
|
|t:|1756587979
|switch|p1a: Gholdengo|Gholdengo, L50, tera:Steel|100/100
|turn|9
|inactive|jeanryupr has 30 seconds left.
|
|t:|1756588005
|switch|p2b: gremlin|Grimmsnarl, L50, M, shiny|15/100
|move|p2a: no fake out|Protect|p2a: no fake out
|-singleturn|p2a: no fake out|Protect
|move|p1a: Gholdengo|Make It Rain|p2a: no fake out|[spread] p2b
|-activate|p2a: no fake out|move: Protect
|-supereffective|p2b: gremlin
|-damage|p2b: gremlin|0 fnt
|-unboost|p1a: Gholdengo|spa|1
|faint|p2b: gremlin
|move|p1b: Amoonguss|Spore|p2a: no fake out
|-activate|p2a: no fake out|move: Protect
|
|-heal|p2a: no fake out|24/100|[from] Grassy Terrain
|-heal|p1b: Amoonguss|32/100|[from] Grassy Terrain
|upkeep
|
|t:|1756588015
|switch|p2b: monke|Rillaboom, L50, M|82/100
|turn|10
|
|t:|1756588023
|move|p1b: Amoonguss|Protect|p1b: Amoonguss
|-singleturn|p1b: Amoonguss|Protect
|move|p2b: monke|Fake Out|p1a: Gholdengo
|-resisted|p1a: Gholdengo
|-damage|p1a: Gholdengo|93/100
|cant|p1a: Gholdengo|flinch
|move|p2a: no fake out|Trick Room|p2a: no fake out
|-fieldstart|move: Trick Room|[of] p2a: no fake out
|
|-heal|p1b: Amoonguss|38/100|[from] Grassy Terrain
|-heal|p2a: no fake out|31/100|[from] Grassy Terrain
|-heal|p2b: monke|88/100|[from] Grassy Terrain
|-heal|p1a: Gholdengo|99/100|[from] Grassy Terrain
|-heal|p1a: Gholdengo|100/100|[from] item: Leftovers
|-sideend|p2: ParroTiest|move: Light Screen
|upkeep
|turn|11
|inactive|ParroTiest has 30 seconds left.
|
|t:|1756588054
|move|p2a: no fake out|Protect|p2a: no fake out
|-singleturn|p2a: no fake out|Protect
|move|p1b: Amoonguss|Spore|p2a: no fake out
|-activate|p2a: no fake out|move: Protect
|move|p2b: monke|U-turn|p1b: Amoonguss
|-damage|p1b: Amoonguss|19/100
|-damage|p2b: monke|71/100|[from] item: Rocky Helmet|[of] p1b: Amoonguss
|move|p1a: Gholdengo|Nasty Plot|p1a: Gholdengo
|-boost|p1a: Gholdengo|spa|2
|
|-heal|p1b: Amoonguss|25/100|[from] Grassy Terrain
|-heal|p2a: no fake out|37/100|[from] Grassy Terrain
|-heal|p2b: monke|77/100|[from] Grassy Terrain
|-fieldend|move: Grassy Terrain
|upkeep
|turn|12
|
|t:|1756588078
|move|p1b: Amoonguss|Spore|p2a: no fake out
|-status|p2a: no fake out|slp|[from] move: Spore
|cant|p2a: no fake out|slp
|move|p2b: monke|Wood Hammer|p1a: Gholdengo
|-resisted|p1a: Gholdengo
|-damage|p1a: Gholdengo|68/100
|-damage|p2b: monke|68/100|[from] Recoil
|move|p1a: Gholdengo|Make It Rain|p2a: no fake out|[spread] p2a,p2b
|-supereffective|p2a: no fake out
|-damage|p2a: no fake out|0 fnt
|-damage|p2b: monke|9/100
|-unboost|p1a: Gholdengo|spa|1
|faint|p2a: no fake out
|
|-heal|p1a: Gholdengo|73/100|[from] item: Leftovers
|upkeep
|turn|13
|-message|ParroTiest forfeited.
|
|win|jeanryupr
