|j|☆FerKillerVGC
|j|☆Sodamario
|html|FerKillerVGCSodamario    
|uhtml|bestof|Game 2 of a best-of-3
|t:|1782191584
|gametype|doubles
|player|p1|FerKillerVGC|102|1210
|player|p2|Sodamario|cynthia-gen4|1333
|gen|9
|tier|[Gen 9 Champions] VGC 2026 Reg M-B (Bo3)
|rated|
|rule|Species Clause: Limit one of each Pokémon
|rule|Item Clause: Limit 1 of each item
|clearpoke
|poke|p1|Snorlax, L50, F|
|poke|p1|Sableye, L50, M|
|poke|p1|Armarouge, L50, M|
|poke|p1|Clefable, L50, M|
|poke|p1|Kingambit, L50, M|
|poke|p1|Venusaur, L50, M|
|poke|p2|Blaziken, L50, M|
|poke|p2|Froslass, L50, F|
|poke|p2|Kingambit, L50, M|
|poke|p2|Sneasler, L50, F|
|poke|p2|Whimsicott, L50, F|
|poke|p2|Basculegion, L50, M|
|teampreview|4
|showteam|p1|Snorlax||SitrusBerry|ThickFat|Facade,BodyPress,Stockpile,Recycle|Impish||F|||50|]Sableye||RoseliBerry|Prankster|FoulPlay,WillOWisp,Quash,FakeOut|Careful||M|||50|]Armarouge||FocusSash|FlashFire|HeatWave,Psychic,WideGuard,TrickRoom|Quiet||M|||50|]Clefable||Clefablite|Unaware|Moonblast,Flamethrower,FollowMe,Protect|Bold||M|||50|]Kingambit||BlackGlasses|Defiant|KowtowCleave,IronHead,SuckerPunch,Protect|Adamant||M|||50|]Venusaur||Venusaurite|Chlorophyll|SludgeBomb,GigaDrain,EarthPower,Protect|Modest||M|||50|
|showteam|p2|Blaziken||Blazikenite|SpeedBoost|FlareBlitz,CloseCombat,RockSlide,Protect|Adamant||M|||50|]Froslass||Froslassite|SnowCloak|Blizzard,ShadowBall,AuroraVeil,Protect|Timid||F|||50|]Kingambit||BlackGlasses|Defiant|KowtowCleave,IronHead,SuckerPunch,Protect|Adamant||M|||50|]Sneasler||WhiteHerb|Unburden|CloseCombat,GunkShot,FakeOut,Protect|Jolly||F|||50|]Whimsicott||FocusSash|Prankster|Moonblast,Tailwind,Encore,Protect|Timid||F|||50|]Basculegion||LifeOrb|Adaptability|WaveCrash,LastRespects,AquaJet,Protect|Adamant||M|||50|
|inactive|Battle timer is ON: inactive players will automatically lose when time's up. (requested by FerKillerVGC)
|
|t:|1782191609
|teamsize|p1|4
|teamsize|p2|4
|start
|switch|p1a: Snorlax|Snorlax, L50, F|100/100
|switch|p1b: Sableye|Sableye, L50, M|100/100
|switch|p2a: Sneasler|Sneasler, L50, F|100/100
|switch|p2b: Froslass|Froslass, L50, F|100/100
|turn|1
|
|t:|1782191627
|switch|p2b: Blaziken|Blaziken, L50, M|100/100
|move|p2a: Sneasler|Fake Out|p1a: Snorlax
|-damage|p1a: Snorlax|91/100
|move|p1b: Sableye|Will-O-Wisp|p2a: Sneasler
|-status|p2a: Sneasler|brn
|cant|p1a: Snorlax|flinch
|
|-damage|p2a: Sneasler|94/100 brn|[from] brn
|upkeep
|turn|2
|
|t:|1782191646
|switch|p2a: Froslass|Froslass, L50, F|100/100
|switch|p1a: Armarouge|Armarouge, L50, M|100/100
|move|p2b: Blaziken|Close Combat|p1a: Armarouge
|-resisted|p1a: Armarouge|1
|-damage|p1a: Armarouge|73/100
|-unboost|p2b: Blaziken|def|1
|-unboost|p2b: Blaziken|spd|1
|move|p1b: Sableye|Foul Play|p2b: Blaziken
|-resisted|p2b: Blaziken|1
|-damage|p2b: Blaziken|50/100g
|
|-ability|p2b: Blaziken|Speed Boost|boost
|-boost|p2b: Blaziken|spe|1
|upkeep
|turn|3
|
|t:|1782191668
|switch|p2b: Sneasler|Sneasler, L50, F|94/100 brn
|switch|p1a: Snorlax|Snorlax, L50, F|91/100
|detailschange|p2a: Froslass|Froslass-Mega, L50, F
|-mega|p2a: Froslass|Froslass|Froslassite
|-weather|Snowscape|[from] ability: Snow Warning|[of] p2a: Froslass
|move|p2a: Froslass|Shadow Ball|p1a: Snorlax
|-immune|p1a: Snorlax
|move|p1b: Sableye|Foul Play|p2b: Sneasler
|-resisted|p2b: Sneasler|1
|-damage|p2b: Sneasler|67/100 brn
|
|-weather|Snowscape|[upkeep]
|-damage|p2b: Sneasler|61/100 brn|[from] brn
|upkeep
|turn|4
|inactive|FerKillerVGC has 30 seconds left.
|
|t:|1782191694
|move|p2b: Sneasler|Fake Out|p1a: Snorlax
|-damage|p1a: Snorlax|87/100
|move|p2a: Froslass|Blizzard|p1b: Sableye|[spread] p1a,p1b
|-damage|p1a: Snorlax|73/100
|-damage|p1b: Sableye|57/100
|move|p1b: Sableye|Foul Play|p2a: Froslass
|-supereffective|p2a: Froslass|1
|-damage|p2a: Froslass|48/100
|cant|p1a: Snorlax|flinch
|
|-weather|Snowscape|[upkeep]
|-damage|p2b: Sneasler|56/100 brn|[from] brn
|upkeep
|turn|5
|
|t:|1782191714
|move|p2b: Sneasler|Close Combat|p1a: Snorlax
|-supereffective|p1a: Snorlax|1
|-damage|p1a: Snorlax|40/100
|-unboost|p2b: Sneasler|def|1
|-unboost|p2b: Sneasler|spd|1
|-enditem|p1a: Snorlax|Sitrus Berry|[eat]
|-heal|p1a: Snorlax|65/100|[from] item: Sitrus Berry
|-enditem|p2b: Sneasler|White Herb
|-clearnegativeboost|p2b: Sneasler|[silent]
|move|p2a: Froslass|Blizzard|p1b: Sableye|[spread] p1a,p1b
|-damage|p1a: Snorlax|52/100
|-damage|p1b: Sableye|13/100
|move|p1b: Sableye|Foul Play|p2a: Froslass
|-supereffective|p2a: Froslass|1
|-crit|p2a: Froslass
|-damage|p2a: Froslass|0 fnt
|faint|p2a: Froslass
|move|p1a: Snorlax|Stockpile|p1a: Snorlax
|-start|p1a: Snorlax|stockpile1
|-boost|p1a: Snorlax|def|1
|-boost|p1a: Snorlax|spd|1
|
|-weather|Snowscape|[upkeep]
|-damage|p2b: Sneasler|50/100g brn|[from] brn
|upkeep
|
|t:|1782191719
|switch|p2a: Blaziken|Blaziken, L50, M|50/100g
|turn|6
|inactive|FerKillerVGC has 30 seconds left.
|inactive|FerKillerVGC has 20 seconds left.
|inactive|FerKillerVGC has 15 seconds left.
|
|t:|1782191760
|move|p1b: Sableye|Quash|p2a: Blaziken
|-activate|p2a: Blaziken|move: Quash
|move|p2b: Sneasler|Close Combat|p1a: Snorlax
|-supereffective|p1a: Snorlax|1
|-damage|p1a: Snorlax|27/100
|-unboost|p2b: Sneasler|def|1
|-unboost|p2b: Sneasler|spd|1
|move|p1a: Snorlax|Facade|p2a: Blaziken
|-damage|p2a: Blaziken|14/100
|move|p2a: Blaziken|Close Combat|p1a: Snorlax
|-supereffective|p1a: Snorlax|1
|-damage|p1a: Snorlax|0 fnt
|-unboost|p2a: Blaziken|def|1
|-unboost|p2a: Blaziken|spd|1
|faint|p1a: Snorlax
|
|-weather|Snowscape|[upkeep]
|-damage|p2b: Sneasler|44/100 brn|[from] brn
|-ability|p2a: Blaziken|Speed Boost|boost
|-boost|p2a: Blaziken|spe|1
|upkeep
|
|t:|1782191773
|switch|p1a: Venusaur|Venusaur, L50, M|100/100
|turn|7
|
|t:|1782191779
|switch|p2a: Kingambit|Kingambit, L50, M|100/100
|detailschange|p1a: Venusaur|Venusaur-Mega, L50, M
|-mega|p1a: Venusaur|Venusaur|Venusaurite
|move|p1b: Sableye|Quash|p2a: Kingambit
|-hint|Since gen 7, Dark is immune to Prankster moves.
|-immune|p2a: Kingambit
|move|p2b: Sneasler|Gunk Shot|p1b: Sableye
|-resisted|p1b: Sableye|1
|-damage|p1b: Sableye|0 fnt
|faint|p1b: Sableye
|move|p1a: Venusaur|Earth Power|p2a: Kingambit
|-supereffective|p2a: Kingambit|1
|-damage|p2a: Kingambit|53/100
|
|-weather|none
|-damage|p2b: Sneasler|38/100 brn|[from] brn
|upkeep
|
|t:|1782191792
|switch|p1b: Armarouge|Armarouge, L50, M|73/100
|turn|8
|
|t:|1782191810
|move|p2a: Kingambit|Protect|p2a: Kingambit
|-singleturn|p2a: Kingambit|Protect
|move|p2b: Sneasler|Gunk Shot|p1b: Armarouge
|-damage|p1b: Armarouge|46/100
|move|p1a: Venusaur|Earth Power|p2a: Kingambit
|-activate|p2a: Kingambit|move: Protect
|move|p1b: Armarouge|Heat Wave|p2b: Sneasler|[spread] p2b
|-activate|p2a: Kingambit|move: Protect
|-damage|p2b: Sneasler|0 fnt
|faint|p2b: Sneasler
|
|upkeep
|
|t:|1782191816
|switch|p2b: Blaziken|Blaziken, L50, M|14/100
|turn|9
|inactive|FerKillerVGC has 30 seconds left.
|
|t:|1782191848
|move|p1a: Venusaur|Earth Power|p2a: Kingambit
|-supereffective|p2a: Kingambit|1
|-damage|p2a: Kingambit|3/100
|move|p2b: Blaziken|Rock Slide|p1a: Venusaur|[spread] p1a,p1b
|-supereffective|p1b: Armarouge|1
|-damage|p1a: Venusaur|84/100
|-damage|p1b: Armarouge|8/100
|move|p2a: Kingambit|Kowtow Cleave|p1b: Armarouge
|-supereffective|p1b: Armarouge|1
|-damage|p1b: Armarouge|0 fnt
|faint|p1b: Armarouge
|
|-ability|p2b: Blaziken|Speed Boost|boost
|-boost|p2b: Blaziken|spe|1
|upkeep
|turn|10
|
|t:|1782191873
|move|p2a: Kingambit|Protect|p2a: Kingambit
|-singleturn|p2a: Kingambit|Protect
|move|p2b: Blaziken|Rock Slide|p1a: Venusaur
|-damage|p1a: Venusaur|65/100
|move|p1a: Venusaur|Earth Power|p2b: Blaziken
|-supereffective|p2b: Blaziken|1
|-crit|p2b: Blaziken
|-damage|p2b: Blaziken|0 fnt
|faint|p2b: Blaziken
|
|upkeep
|turn|11
|
|t:|1782191883
|move|p2a: Kingambit|Sucker Punch|p1a: Venusaur
|-damage|p1a: Venusaur|26/100
|move|p1a: Venusaur|Earth Power|p2a: Kingambit
|-supereffective|p2a: Kingambit|1
|-crit|p2a: Kingambit
|-damage|p2a: Kingambit|0 fnt
|faint|p2a: Kingambit
|
|win|FerKillerVGC
||Sodamario is ready for game 3.
||FerKillerVGC is ready for game 3.
|uhtml|next|Next: Game 3 of 3
|l|☆Sodamario
|player|p2|
