|j|☆itangood5
|j|☆aceritopuro
|html|itangood5aceritopuro    
|uhtml|bestof|Game 1 of a best-of-3
|t:|1783378432
|gametype|doubles
|player|p1|itangood5|nate|1168
|player|p2|aceritopuro|n|1089
|gen|9
|tier|[Gen 9 Champions] VGC 2026 Reg M-B (Bo3)
|rated|
|rule|Species Clause: Limit one of each Pokémon
|rule|Item Clause: Limit 1 of each item
|clearpoke
|poke|p1|Charizard, L50, F, shiny|
|poke|p1|Venusaur, L50, M|
|poke|p1|Floette-Eternal, L50, F|
|poke|p1|Farigiraf, L50, F|
|poke|p1|Incineroar, L50, F, shiny|
|poke|p1|Azumarill, L50, F|
|poke|p2|Raichu, L50, M|
|poke|p2|Garchomp, L50, F|
|poke|p2|Sylveon, L50, M|
|poke|p2|Charizard, L50, F|
|poke|p2|Staraptor, L50, M|
|poke|p2|Gholdengo, L50|
|teampreview|4
|showteam|p1|Charizard||CharizarditeY|SolarPower|HeatWave,Protect,WeatherBall,SolarBeam|Modest||F|||50|]Venusaur||FocusSash|Chlorophyll|LeafStorm,EarthPower,SludgeBomb,SleepPowder|Timid||M|||50|]Floette-Eternal||Floettite|FlowerVeil|Moonblast,CalmMind,DrainingKiss,Protect|Modest||F|||50|]Farigiraf||SitrusBerry|ArmorTail|PsychicNoise,Roar,HelpingHand,TrickRoom|Bold||F|||50|]Incineroar||WhiteHerb|Intimidate|CloseCombat,FlareBlitz,PartingShot,FakeOut|Brave||F|||50|]Azumarill||LifeOrb|HugePower|Liquidation,PlayRough,Protect,AquaJet|Brave||F|||50|
|showteam|p2|Raichu||FocusSash|LightningRod|FakeOut,Nuzzle,Charm,VoltSwitch|Timid||M|||50|]Garchomp||LifeOrb|RoughSkin|Earthquake,DragonClaw,RockSlide,Protect|Jolly||F|||50|]Sylveon||FairyFeather|Pixilate|Detect,QuickAttack,HyperBeam,HyperVoice|Modest||M|||50|]Charizard||CharizarditeY|Blaze|HeatWave,SolarBeam,WeatherBall,Protect|Modest||F|||50|]Staraptor||Staraptite|Intimidate|Protect,Roost,CloseCombat,BraveBird|Jolly||M|||50|]Gholdengo||ChoiceScarf|GoodasGold|MakeItRain,ShadowBall,PowerGem,Trick|Timid|||||50|
|inactive|Battle timer is ON: inactive players will automatically lose when time's up. (requested by itangood5)
|
|t:|1783378457
|teamsize|p1|4
|teamsize|p2|4
|start
|switch|p1a: Rookie|Floette-Eternal, L50, F|100/100
|switch|p1b: Boss battle|Incineroar, L50, F, shiny|100/100
|switch|p2a: Raichu|Raichu, L50, M|100/100
|switch|p2b: Gholdengo|Gholdengo, L50|100/100
|-ability|p1b: Boss battle|Intimidate|boost
|-unboost|p2a: Raichu|atk|1
|-unboost|p2b: Gholdengo|atk|1
|turn|1
|
|t:|1783378468
|move|p1a: Rookie|Protect|p1a: Rookie
|-singleturn|p1a: Rookie|Protect
|move|p2a: Raichu|Fake Out|p1b: Boss battle
|-damage|p1b: Boss battle|95/100
|move|p2b: Gholdengo|Make It Rain|p1b: Boss battle|[spread] p1b
|-activate|p1a: Rookie|move: Protect
|-resisted|p1b: Boss battle|1
|-damage|p1b: Boss battle|75/100
|-unboost|p2b: Gholdengo|spa|2
|cant|p1b: Boss battle|flinch
|
|upkeep
|turn|2
|
|t:|1783378480
|switch|p2b: Garchomp|Garchomp, L50, F|100/100
|switch|p1a: Right HM|Farigiraf, L50, F|100/100
|move|p2a: Raichu|Nuzzle|p1a: Right HM
|-damage|p1a: Right HM|96/100
|-status|p1a: Right HM|par
|move|p1b: Boss battle|Flare Blitz|p2b: Garchomp
|-resisted|p2b: Garchomp|1
|-damage|p2b: Garchomp|75/100
|-damage|p1b: Boss battle|62/100|[from] ability: Rough Skin|[of] p2b: Garchomp
|-damage|p1b: Boss battle|55/100|[from] Recoil
|
|upkeep
|turn|3
|
|t:|1783378493
|switch|p2a: Staraptor|Staraptor, L50, M|100/100
|-ability|p2a: Staraptor|Intimidate|boost
|-unboost|p1a: Right HM|atk|1
|-unboost|p1b: Boss battle|atk|1
|-enditem|p1b: Boss battle|White Herb
|-clearnegativeboost|p1b: Boss battle|[silent]
|move|p1a: Right HM|Helping Hand|p1b: Boss battle
|-singleturn|p1b: Boss battle|Helping Hand|[of] p1a: Right HM
|move|p2b: Garchomp|Earthquake|p1a: Right HM|[spread] p1a,p1b
|-immune|p2a: Staraptor
|-supereffective|p1b: Boss battle|1
|-damage|p1a: Right HM|57/100 par
|-damage|p1b: Boss battle|0 fnt
|faint|p1b: Boss battle
|-damage|p2b: Garchomp|66/100|[from] item: Life Orb
|
|upkeep
|
|t:|1783378495
|switch|p1b: Rookie|Floette-Eternal, L50, F|100/100
|turn|4
|
|t:|1783378517
|switch|p2b: Raichu|Raichu, L50, M|100/100
|detailschange|p2a: Staraptor|Staraptor-Mega, L50, M
|-mega|p2a: Staraptor|Staraptor|Staraptite
|detailschange|p1b: Rookie|Floette-Mega, L50, F
|-mega|p1b: Rookie|Floette|Floettite
|-ability|p1b: Rookie|Fairy Aura
|cant|p1a: Right HM|par
|move|p2a: Staraptor|Protect|p2a: Staraptor
|-singleturn|p2a: Staraptor|Protect
|move|p1b: Rookie|Moonblast|p2a: Staraptor
|-activate|p2a: Staraptor|move: Protect
|
|upkeep
|turn|5
|inactive|aceritopuro has 30 seconds left.
|
|t:|1783378545
|move|p1a: Right HM|Helping Hand|p1b: Rookie
|-singleturn|p1b: Rookie|Helping Hand|[of] p1a: Right HM
|move|p2b: Raichu|Fake Out||[still]
|cant|p1a: Right HM|ability: Armor Tail|Fake Out|[of] p2b: Raichu
|move|p2a: Staraptor|Close Combat|p1a: Right HM
|-damage|p1a: Right HM|15/100 par
|-boost|p2a: Staraptor|def|1
|-boost|p2a: Staraptor|spd|1
|-enditem|p1a: Right HM|Sitrus Berry|[eat]
|-heal|p1a: Right HM|40/100 par|[from] item: Sitrus Berry
|move|p1b: Rookie|Moonblast|p2a: Staraptor
|-supereffective|p2a: Staraptor|1
|-damage|p2a: Staraptor|0 fnt
|faint|p2a: Staraptor
|
|upkeep
|
|t:|1783378551
|switch|p2a: Gholdengo|Gholdengo, L50|100/100
|turn|6
|
|t:|1783378559
|move|p2a: Gholdengo|Make It Rain|p1a: Right HM|[spread] p1a,p1b
|-supereffective|p1b: Rookie|1
|-damage|p1a: Right HM|0 fnt
|-damage|p1b: Rookie|28/100
|-unboost|p2a: Gholdengo|spa|2
|faint|p1a: Right HM
|move|p2b: Raichu|Nuzzle|p1b: Rookie
|-damage|p1b: Rookie|20/100y
|-status|p1b: Rookie|par
|move|p1b: Rookie|Moonblast|p2b: Raichu
|-enditem|p2b: Raichu|Focus Sash
|-damage|p2b: Raichu|1/100
|
|upkeep
|
|t:|1783378562
|switch|p1a: Azzy|Azumarill, L50, F|100/100
|turn|7
|
|t:|1783378570
|switch|p2a: Garchomp|Garchomp, L50, F|66/100
|move|p2b: Raichu|Nuzzle|p1a: Azzy
|-supereffective|p1a: Azzy|1
|-damage|p1a: Azzy|88/100
|-status|p1a: Azzy|par
|cant|p1b: Rookie|par
|move|p1a: Azzy|Liquidation|p2a: Garchomp
|-damage|p2a: Garchomp|0 fnt
|-damage|p1a: Azzy|76/100 par|[from] ability: Rough Skin|[of] p2a: Garchomp
|faint|p2a: Garchomp
|-damage|p1a: Azzy|66/100 par|[from] item: Life Orb
|
|upkeep
|
|t:|1783378573
|switch|p2a: Gholdengo|Gholdengo, L50|100/100
|turn|8
|
|t:|1783378590
|move|p1a: Azzy|Aqua Jet|p2b: Raichu
|-damage|p2b: Raichu|0 fnt
|faint|p2b: Raichu
|-damage|p1a: Azzy|57/100 par|[from] item: Life Orb
|move|p2a: Gholdengo|Make It Rain|p1a: Azzy|[spread] p1a,p1b
|-supereffective|p1b: Rookie|1
|-damage|p1a: Azzy|12/100 par
|-damage|p1b: Rookie|0 fnt
|-unboost|p2a: Gholdengo|spa|2
|faint|p1b: Rookie
|
|upkeep
|turn|9
|
|t:|1783378594
|move|p2a: Gholdengo|Make It Rain|p1a: Azzy|[miss]
|-miss|p2a: Gholdengo|p1a: Azzy
|move|p1a: Azzy|Liquidation|p2a: Gholdengo
|-damage|p2a: Gholdengo|24/100
|-unboost|p2a: Gholdengo|def|1
|-damage|p1a: Azzy|2/100 par|[from] item: Life Orb
|
|upkeep
|turn|10
|
|t:|1783378601
|move|p1a: Azzy|Aqua Jet|p2a: Gholdengo
|-damage|p2a: Gholdengo|0 fnt
|faint|p2a: Gholdengo
|-damage|p1a: Azzy|0 fnt|[from] item: Life Orb
|faint|p1a: Azzy
|
|win|itangood5
||aceritopuro is ready for game 2.
||itangood5 is ready for game 2.
|uhtml|next|Next: Game 2 of 3
|l|☆aceritopuro
|player|p2|
