|j|☆jussdoit
|j|☆Zacharykeith
|html|jussdoitZacharykeith    
|uhtml|bestof|Game 2 of a best-of-3
|t:|1757763088
|gametype|doubles
|player|p1|jussdoit|steven|1072
|player|p2|Zacharykeith|fisherman-gen4|1107
|gen|9
|tier|[Gen 9] VGC 2025 Reg H (Bo3)
|rated|
|rule|Species Clause: Limit one of each Pokémon
|rule|Item Clause: Limit 1 of each item
|clearpoke
|poke|p1|Serperior, L50, F|
|poke|p1|Ursaluna, L50, F|
|poke|p1|Empoleon, L50, M|
|poke|p1|Vikavolt, L50, M|
|poke|p1|Incineroar, L50, F|
|poke|p1|Indeedee-F, L50, F|
|poke|p2|Baxcalibur, L50, F|
|poke|p2|Kingambit, L50, M|
|poke|p2|Dondozo, L50, M|
|poke|p2|Rillaboom, L50, M|
|poke|p2|Magmar, L50, F|
|poke|p2|Sneasler, L50, F|
|teampreview|4
|showteam|p1|Serperior||FocusSash|Contrary|LeafStorm,TeraBlast,Protect,GrassPledge|||F|||50|,,,,,Stellar]Ursaluna||FlameOrb|Guts|Earthquake,Facade,Protect,HeadlongRush|||F|||50|,,,,,Ghost]Empoleon||Leftovers|Competitive|Yawn,IcyWind,FlashCannon,WaterPledge|||M|||50|,,,,,Grass]Vikavolt||AssaultVest|Levitate|BugBuzz,Discharge,AirSlash,EnergyBall|||M|||50|,,,,,Stellar]Incineroar||RockyHelmet|Intimidate|FlareBlitz,PartingShot,FakeOut,Bulldoze|||F|||50|,,,,,Bug]Indeedee-F||SitrusBerry|PsychicSurge|FollowMe,TrickRoom,Psychic,HealPulse|||F|||50|,,,,,Dark
|showteam|p2|Baxcalibur||LoadedDice|ThermalExchange|IcicleSpear,IceShard,ScaleShot,Protect|||F|||50|,,,,,Ghost]Kingambit||BlackGlasses|Defiant|SuckerPunch,KowtowCleave,SwordsDance,Protect|||M|||50|,,,,,Dark]Dondozo||Leftovers|Unaware|WaveCrash,Fissure,Yawn,Protect|||M|||50|,,,,,Grass]Rillaboom||AssaultVest|GrassySurge|FakeOut,GrassyGlide,WoodHammer,Uturn|||M|||50|,,,,,Fire]Magmar||Eviolite|VitalSpirit|Overheat,WillOWisp,FollowMe,Protect|||F|||50|,,,,,Fairy]Sneasler||FocusSash|PoisonTouch|DireClaw,CloseCombat,Coaching,Protect|||F|||50|,,,,,Stellar
|inactive|Battle timer is ON: inactive players will automatically lose when time's up. (requested by jussdoit)
|
|t:|1757763100
|teamsize|p1|4
|teamsize|p2|4
|start
|switch|p1a: Serperior|Serperior, L50, F|100/100
|switch|p1b: Empoleon|Empoleon, L50, M|100/100
|switch|p2a: King Bug|Kingambit, L50, M, shiny|100/100
|switch|p2b: Forest Dude|Rillaboom, L50, M, shiny|100/100
|-fieldstart|move: Grassy Terrain|[from] ability: Grassy Surge|[of] p2b: Forest Dude
|turn|1
|
|t:|1757763119
|-terastallize|p2a: King Bug|Dark
|move|p2a: King Bug|Sucker Punch|p1a: Serperior
|-damage|p1a: Serperior|21/100
|move|p1a: Serperior|Grass Pledge|p2b: Forest Dude
|-waiting|p1a: Serperior|p1b: Empoleon
|move|p1b: Empoleon|Water Pledge|p2b: Forest Dude|[from] move: Grass Pledge
|-combine
|-resisted|p2b: Forest Dude
|-damage|p2b: Forest Dude|72/100
|-sidestart|p2: Zacharykeith|Grass Pledge
|move|p2b: Forest Dude|Wood Hammer|p1b: Empoleon
|-damage|p1b: Empoleon|15/100
|-damage|p2b: Forest Dude|46/100|[from] Recoil
|
|-heal|p1a: Serperior|27/100|[from] Grassy Terrain
|-heal|p1b: Empoleon|20/100|[from] Grassy Terrain
|-heal|p1b: Empoleon|26/100|[from] item: Leftovers
|-heal|p2b: Forest Dude|52/100|[from] Grassy Terrain
|upkeep
|turn|2
|
|t:|1757763140
|move|p2b: Forest Dude|Grassy Glide|p1b: Empoleon
|-damage|p1b: Empoleon|0 fnt
|faint|p1b: Empoleon
|move|p2a: King Bug|Sucker Punch|p1a: Serperior
|-damage|p1a: Serperior|0 fnt
|faint|p1a: Serperior
|
|-heal|p2b: Forest Dude|58/100|[from] Grassy Terrain
|upkeep
|
|t:|1757763148
|switch|p1a: Ursaluna|Ursaluna, L50, F|100/100
|switch|p1b: Vikavolt|Vikavolt, L50, M|100/100
|turn|3
|
|t:|1757763159
|move|p2b: Forest Dude|Grassy Glide|p1a: Ursaluna
|-supereffective|p1a: Ursaluna
|-damage|p1a: Ursaluna|43/100
|move|p2a: King Bug|Sucker Punch|p1a: Ursaluna
|-damage|p1a: Ursaluna|0 fnt
|faint|p1a: Ursaluna
|move|p1b: Vikavolt|Air Slash|p2b: Forest Dude
|-supereffective|p2b: Forest Dude
|-damage|p2b: Forest Dude|11/100
|
|-heal|p2b: Forest Dude|16/100|[from] Grassy Terrain
|upkeep
|turn|4
|
|t:|1757763170
|-terastallize|p1b: Vikavolt|Stellar
|move|p2b: Forest Dude|Grassy Glide|p1b: Vikavolt
|-resisted|p1b: Vikavolt
|-damage|p1b: Vikavolt|82/100
|move|p2a: King Bug|Sucker Punch|p1b: Vikavolt
|-damage|p1b: Vikavolt|7/100
|move|p1b: Vikavolt|Discharge|p2a: King Bug|[spread] p2a,p2b
|-resisted|p2b: Forest Dude
|-damage|p2a: King Bug|55/100
|-damage|p2b: Forest Dude|0 fnt
|-status|p2a: King Bug|par
|faint|p2b: Forest Dude
|
|-heal|p2a: King Bug|61/100 par|[from] Grassy Terrain
|-sideend|p2: Zacharykeith|Grass Pledge
|upkeep
|
|t:|1757763184
|switch|p2b: Fire Chicken|Magmar, L50, F, shiny|100/100
|turn|5
|
|t:|1757763187
|move|p2a: King Bug|Sucker Punch|p1b: Vikavolt
|-damage|p1b: Vikavolt|0 fnt
|faint|p1b: Vikavolt
|
|win|Zacharykeith
