|j|☆IngeVGC
|j|☆divra7
|html|IngeVGCdivra7    
|uhtml|bestof|Game 1 of a best-of-3
|t:|1784047080
|gametype|doubles
|player|p1|IngeVGC|fisherman-gen4|1043
|player|p2|divra7|169|1041
|gen|9
|tier|[Gen 9 Champions] VGC 2026 Reg M-B (Bo3)
|rated|
|rule|Species Clause: Limit one of each Pokémon
|rule|Item Clause: Limit 1 of each item
|clearpoke
|poke|p1|Aerodactyl, L50, M|
|poke|p1|Kingambit, L50, M, shiny|
|poke|p1|Farigiraf, L50, M, shiny|
|poke|p1|Charizard, L50, M, shiny|
|poke|p1|Sylveon, L50, F, shiny|
|poke|p1|Garchomp, L50, F, shiny|
|poke|p2|Delphox, L50, M|
|poke|p2|Blastoise, L50, M|
|poke|p2|Sneasler, L50, F|
|poke|p2|Incineroar, L50, M|
|poke|p2|Sinistcha, L50|
|poke|p2|Maushold-Four, L50|
|teampreview|4
|showteam|p1|Aerodactyl||Aerodactylite|Unnerve|IceFang,DualWingbeat,RockSlide,Tailwind|Jolly||M|||50|]Kingambit||FocusSash|Defiant|KowtowCleave,IronHead,SuckerPunch,LowKick|Adamant||M|||50|]Farigiraf||SitrusBerry|ArmorTail|TrickRoom,Psychic,Thunderbolt,Roar|Bold||M|||50|]Charizard||CharizarditeY|SolarPower|HeatWave,WeatherBall,SolarBeam,Protect|Modest||M|||50|]Sylveon||FairyFeather|Pixilate|Detect,HyperVoice,HyperBeam,QuickAttack|Modest||F|||50|]Garchomp||LifeOrb|RoughSkin|Protect,DragonClaw,Earthquake,StompingTantrum|Jolly||F|||50|
|showteam|p2|Delphox||Delphoxite|Blaze|HeatWave,Psyshock,NastyPlot,Protect|Modest||M|||50|]Blastoise||Blastoisinite|RainDish|WaterSpout,DarkPulse,ShellSmash,Protect|Modest||M|||50|]Sneasler||WhiteHerb|Unburden|CloseCombat,GunkShot,FakeOut,RainDance|Jolly||F|||50|]Incineroar||SitrusBerry|Intimidate|FlareBlitz,ThroatChop,FakeOut,PartingShot|Impish||M|||50|]Sinistcha||KasibBerry|Hospitality|MatchaGotcha,RagePowder,LifeDew,Protect|Bold|||||50|]Maushold-Four||FocusSash|FriendGuard|SuperFang,FollowMe,Feint,Protect|Jolly|||||50|
|inactive|Battle timer is ON: inactive players will automatically lose when time's up. (requested by divra7)
|inactive|IngeVGC has 60 seconds left.
|inactive|divra7 has 60 seconds left.
|
|t:|1784047126
|teamsize|p1|4
|teamsize|p2|4
|start
|switch|p1a: Farigiraf|Farigiraf, L50, M, shiny|100/100
|switch|p1b: Sylveon|Sylveon, L50, F, shiny|100/100
|switch|p2a: Blastoise|Blastoise, L50, M|100/100
|switch|p2b: Maushold|Maushold-Four, L50|100/100
|turn|1
|
|t:|1784047147
|detailschange|p2a: Blastoise|Blastoise-Mega, L50, M
|-mega|p2a: Blastoise|Blastoise|Blastoisinite
|move|p2b: Maushold|Super Fang|p1a: Farigiraf
|-damage|p1a: Farigiraf|50/100y
|-enditem|p1a: Farigiraf|Sitrus Berry|[eat]
|-heal|p1a: Farigiraf|75/100|[from] item: Sitrus Berry
|move|p2a: Blastoise|Dark Pulse|p1a: Farigiraf
|-supereffective|p1a: Farigiraf|1
|-damage|p1a: Farigiraf|0 fnt
|faint|p1a: Farigiraf
|move|p1b: Sylveon|Hyper Voice|p2b: Maushold|[spread] p2a,p2b
|-damage|p2a: Blastoise|62/100
|-damage|p2b: Maushold|36/100
|
|upkeep
|
|t:|1784047156
|switch|p1a: Charizard|Charizard, L50, M, shiny|100/100
|turn|2
|
|t:|1784047176
|detailschange|p1a: Charizard|Charizard-Mega-Y, L50, M, shiny
|-mega|p1a: Charizard|Charizard|Charizardite Y
|-weather|SunnyDay|[from] ability: Drought|[of] p1a: Charizard
|move|p2a: Blastoise|Protect|p2a: Blastoise
|-singleturn|p2a: Blastoise|Protect
|move|p2b: Maushold|Super Fang|p1a: Charizard
|-damage|p1a: Charizard|50/100y
|move|p1a: Charizard|Heat Wave|p2b: Maushold|[spread] p2b
|-activate|p2a: Blastoise|move: Protect
|-damage|p2b: Maushold|0 fnt
|faint|p2b: Maushold
|move|p1b: Sylveon|Hyper Voice|p2a: Blastoise
|-activate|p2a: Blastoise|move: Protect
|
|-weather|SunnyDay|[upkeep]
|upkeep
|
|t:|1784047187
|switch|p2b: Sneasler|Sneasler, L50, F|100/100
|turn|3
|
|t:|1784047202
|switch|p1a: Kingambit|Kingambit, L50, M, shiny|100/100
|move|p2b: Sneasler|Rain Dance|p2b: Sneasler
|-weather|RainDance
|move|p2a: Blastoise|Water Spout|p1b: Sylveon|[spread] p1a,p1b
|-damage|p1a: Kingambit|30/100
|-damage|p1b: Sylveon|50/100g
|move|p1b: Sylveon|Hyper Voice|p2a: Blastoise|[spread] p2a,p2b
|-damage|p2a: Blastoise|10/100
|-damage|p2b: Sneasler|44/100
|
|-weather|RainDance|[upkeep]
|upkeep
|turn|4
|
|t:|1784047226
|switch|p2b: Sinistcha|Sinistcha, L50|100/100
|-heal|p2a: Blastoise|35/100|[from] ability: Hospitality|[of] p2b: Sinistcha
|move|p1a: Kingambit|Sucker Punch||[still]
|-fail|p1a: Kingambit
|move|p1b: Sylveon|Quick Attack|p2b: Sinistcha
|-damage|p2b: Sinistcha|89/100
|move|p2a: Blastoise|Dark Pulse|p1a: Kingambit
|-resisted|p1a: Kingambit|1
|-damage|p1a: Kingambit|2/100
|
|-weather|RainDance|[upkeep]
|upkeep
|turn|5
|
|t:|1784047245
|switch|p1a: Charizard|Charizard-Mega-Y, L50, M, shiny|50/100y
|-weather|SunnyDay|[from] ability: Drought|[of] p1a: Charizard
|move|p2a: Blastoise|Protect|p2a: Blastoise
|-singleturn|p2a: Blastoise|Protect
|move|p2b: Sinistcha|Matcha Gotcha|p1a: Charizard|[spread] p1a,p1b
|-resisted|p1a: Charizard|2
|-damage|p1a: Charizard|44/100
|-heal|p2b: Sinistcha|92/100|[from] drain|[of] p1a: Charizard
|-damage|p1b: Sylveon|29/100
|-heal|p2b: Sinistcha|100/100|[from] drain|[of] p1b: Sylveon
|move|p1b: Sylveon|Hyper Voice|p2b: Sinistcha|[spread] p2b
|-activate|p2a: Blastoise|move: Protect
|-damage|p2b: Sinistcha|52/100
|
|-weather|SunnyDay|[upkeep]
|upkeep
|turn|6
|
|t:|1784047270
|move|p2a: Blastoise|Dark Pulse|p1a: Charizard
|-damage|p1a: Charizard|2/100
|move|p1a: Charizard|Heat Wave|p2a: Blastoise|[spread] p2a,p2b
|-resisted|p2a: Blastoise|1
|-supereffective|p2b: Sinistcha|1
|-damage|p2a: Blastoise|4/100
|-damage|p2b: Sinistcha|0 fnt
|faint|p2b: Sinistcha
|move|p1b: Sylveon|Hyper Voice|p2a: Blastoise
|-damage|p2a: Blastoise|0 fnt
|faint|p2a: Blastoise
|
|-weather|SunnyDay|[upkeep]
|upkeep
|
|t:|1784047276
|switch|p2b: Sneasler|Sneasler, L50, F|44/100
|turn|7
|
|t:|1784047281
|move|p2b: Sneasler|Fake Out|p1a: Charizard
|-damage|p1a: Charizard|0 fnt
|faint|p1a: Charizard
|move|p1b: Sylveon|Hyper Voice|p2b: Sneasler
|-damage|p2b: Sneasler|0 fnt
|faint|p2b: Sneasler
|
|win|IngeVGC
||IngeVGC is ready for game 2.
|raw|IngeVGC's rating: 1043 → 1076(+33 for winning)
|raw|divra7's rating: 1041 → 1025(-16 for losing)
|l|☆divra7
|player|p2|
