|j|☆doingVGCthings
|j|☆Qicide
|html|doingVGCthingsQicide    
|uhtml|bestof|Game 1 of a best-of-3
|t:|1756844963
|gametype|doubles
|player|p1|doingVGCthings|swimmer-gen4dp|1127
|player|p2|Qicide|red|1238
|gen|9
|tier|[Gen 9] VGC 2025 Reg H (Bo3)
|rated|
|rule|Species Clause: Limit one of each Pokémon
|rule|Item Clause: Limit 1 of each item
|clearpoke
|poke|p1|Volcarona, L50, M|
|poke|p1|Electabuzz, L50, M|
|poke|p1|Sneasler, L50, M|
|poke|p1|Rillaboom, L50, M|
|poke|p1|Dragonite, L50, M|
|poke|p1|Annihilape, L50, F|
|poke|p2|Porygon2, L50|
|poke|p2|Incineroar, L50, F|
|poke|p2|Ursaluna, L50, M|
|poke|p2|Jumpluff, L50, F|
|poke|p2|Charizard, L50, F|
|poke|p2|Torkoal, L50, M|
|teampreview|4
|showteam|p1|Volcarona||CovertCloak|FlameBody|Protect,HeatWave,TeraBlast,QuiverDance|||M|||50|,,,,,Fairy]Electabuzz||Eviolite|VitalSpirit|Protect,Thunderbolt,Taunt,FollowMe|||M|||50|,,,,,Ghost]Sneasler||FocusSash|Unburden|Protect,DireClaw,CloseCombat,Coaching|||M|||50|,,,,,Stellar]Rillaboom||AssaultVest|GrassySurge|WoodHammer,GrassyGlide,HighHorsepower,FakeOut|||M|||50|,,,,,Fire]Dragonite||LoadedDice|Multiscale|Protect,ScaleShot,ExtremeSpeed,Haze|||M|||50|,,,,,Normal]Annihilape||SafetyGoggles|Defiant|Protect,RageFist,DrainPunch,BulkUp|||F|||50|,,,,,Water
|showteam|p2|Porygon2||Eviolite|Download|TeraBlast,IceBeam,TrickRoom,Recover||||||50|,,,,,Fighting]Incineroar||SitrusBerry|Intimidate|FakeOut,KnockOff,FlareBlitz,PartingShot|||F|||50|,,,,,Ghost]Ursaluna||FlameOrb|Guts|HeadlongRush,Facade,Earthquake,Protect|||M|||50|,,,,,Ghost]Jumpluff||CovertCloak|Chlorophyll|RagePowder,PollenPuff,Tailwind,SleepPowder|||F|||50|,,,,,Water]Charizard||ChoiceSpecs|SolarPower|HeatWave,Overheat,WeatherBall,DragonPulse|||F|||50|,,,,,Ghost]Torkoal||EjectPack|Drought|Overheat,Eruption,HelpingHand,Protect|||M|||50|,,,,,Fire
|inactive|Battle timer is ON: inactive players will automatically lose when time's up. (requested by Qicide)
|inactive|doingVGCthings also wants the timer to be on.
|
|t:|1756844982
|teamsize|p1|4
|teamsize|p2|4
|start
|switch|p1a: Volcarona|Volcarona, L50, M|100/100
|switch|p1b: Electabuzz|Electabuzz, L50, M|100/100
|switch|p2a: Incineroar|Incineroar, L50, F|100/100
|switch|p2b: Porygon2|Porygon2, L50, shiny|100/100
|-ability|p2a: Incineroar|Intimidate|boost
|-unboost|p1a: Volcarona|atk|1
|-unboost|p1b: Electabuzz|atk|1
|-ability|p2b: Porygon2|Download|boost
|-boost|p2b: Porygon2|atk|1
|turn|1
|
|t:|1756844998
|switch|p1a: Annihilape|Annihilape, L50, F|100/100
|-terastallize|p1b: Electabuzz|Ghost
|move|p2a: Incineroar|Fake Out|p1b: Electabuzz
|-immune|p1b: Electabuzz
|move|p1b: Electabuzz|Taunt|p2b: Porygon2
|-start|p2b: Porygon2|move: Taunt
|cant|p2b: Porygon2|move: Taunt|Trick Room
|
|upkeep
|turn|2
|
|t:|1756845013
|move|p1b: Electabuzz|Taunt|p2a: Incineroar
|-start|p2a: Incineroar|move: Taunt
|move|p1a: Annihilape|Bulk Up|p1a: Annihilape
|-boost|p1a: Annihilape|atk|1
|-boost|p1a: Annihilape|def|1
|move|p2a: Incineroar|Knock Off|p1a: Annihilape
|-damage|p1a: Annihilape|68/100
|-enditem|p1a: Annihilape|Safety Goggles|[from] move: Knock Off|[of] p2a: Incineroar
|move|p2b: Porygon2|Tera Blast|p1a: Annihilape
|-immune|p1a: Annihilape
|
|upkeep
|turn|3
|
|t:|1756845034
|move|p1b: Electabuzz|Thunderbolt|p2b: Porygon2
|-damage|p2b: Porygon2|82/100
|move|p1a: Annihilape|Drain Punch|p2b: Porygon2
|-supereffective|p2b: Porygon2
|-damage|p2b: Porygon2|21/100
|-heal|p1a: Annihilape|96/100|[from] drain|[of] p2b: Porygon2
|move|p2a: Incineroar|Knock Off|p1b: Electabuzz
|-supereffective|p1b: Electabuzz
|-damage|p1b: Electabuzz|7/100
|-enditem|p1b: Electabuzz|Eviolite|[from] move: Knock Off|[of] p2a: Incineroar
|move|p2b: Porygon2|Ice Beam|p1b: Electabuzz
|-damage|p1b: Electabuzz|0 fnt
|faint|p1b: Electabuzz
|
|-end|p2b: Porygon2|move: Taunt
|upkeep
|
|t:|1756845052
|switch|p1b: Volcarona|Volcarona, L50, M|100/100
|turn|4
|
|t:|1756845063
|switch|p2b: Torkoal|Torkoal, L50, M|100/100
|-weather|SunnyDay|[from] ability: Drought|[of] p2b: Torkoal
|move|p1a: Annihilape|Drain Punch|p2b: Torkoal
|-damage|p2b: Torkoal|67/100
|-heal|p1a: Annihilape|100/100|[from] drain|[of] p2b: Torkoal
|move|p1b: Volcarona|Quiver Dance|p1b: Volcarona
|-boost|p1b: Volcarona|spa|1
|-boost|p1b: Volcarona|spd|1
|-boost|p1b: Volcarona|spe|1
|move|p2a: Incineroar|Flare Blitz|p1b: Volcarona
|-damage|p1b: Volcarona|0 fnt
|faint|p1b: Volcarona
|-damage|p2a: Incineroar|73/100|[from] Recoil
|
|-weather|SunnyDay|[upkeep]
|-end|p2a: Incineroar|move: Taunt
|upkeep
|
|t:|1756845076
|switch|p1b: Rillaboom|Rillaboom, L50, M|100/100
|-fieldstart|move: Grassy Terrain|[from] ability: Grassy Surge|[of] p1b: Rillaboom
|turn|5
|inactive|doingVGCthings has 30 seconds left.
|
|t:|1756845101
|-terastallize|p2a: Incineroar|Ghost
|move|p2b: Torkoal|Protect|p2b: Torkoal
|-singleturn|p2b: Torkoal|Protect
|move|p1a: Annihilape|Drain Punch|p2a: Incineroar
|-immune|p2a: Incineroar
|move|p1b: Rillaboom|High Horsepower|p2b: Torkoal
|-activate|p2b: Torkoal|move: Protect
|move|p2a: Incineroar|Flare Blitz|p1b: Rillaboom
|-supereffective|p1b: Rillaboom
|-damage|p1b: Rillaboom|0 fnt
|faint|p1b: Rillaboom
|-damage|p2a: Incineroar|40/100|[from] Recoil
|-enditem|p2a: Incineroar|Sitrus Berry|[eat]
|-heal|p2a: Incineroar|64/100|[from] item: Sitrus Berry
|
|-weather|SunnyDay|[upkeep]
|-heal|p2a: Incineroar|70/100|[from] Grassy Terrain
|-heal|p2b: Torkoal|73/100|[from] Grassy Terrain
|upkeep
|turn|6
|
|t:|1756845114
|move|p1a: Annihilape|Rage Fist|p2a: Incineroar
|-supereffective|p2a: Incineroar
|-damage|p2a: Incineroar|0 fnt
|faint|p2a: Incineroar
|move|p2b: Torkoal|Overheat|p1a: Annihilape
|-damage|p1a: Annihilape|27/100
|-unboost|p2b: Torkoal|spa|2
|-enditem|p2b: Torkoal|Eject Pack
|
|t:|1756845121
|switch|p2b: Porygon2|Porygon2, L50, shiny|21/100
|-ability|p2b: Porygon2|Download|boost
|-boost|p2b: Porygon2|spa|1
|
|-weather|SunnyDay|[upkeep]
|-heal|p1a: Annihilape|33/100|[from] Grassy Terrain
|-heal|p2b: Porygon2|28/100|[from] Grassy Terrain
|upkeep
|
|t:|1756845124
|switch|p2a: Torkoal|Torkoal, L50, M|73/100
|turn|7
|
|t:|1756845131
|move|p1a: Annihilape|Drain Punch|p2b: Porygon2
|-supereffective|p2b: Porygon2
|-damage|p2b: Porygon2|0 fnt
|-heal|p1a: Annihilape|46/100|[from] drain|[of] p2b: Porygon2
|faint|p2b: Porygon2
|move|p2a: Torkoal|Overheat|p1a: Annihilape
|-damage|p1a: Annihilape|0 fnt
|-unboost|p2a: Torkoal|spa|2
|faint|p1a: Annihilape
|
|win|Qicide
||doingVGCthings is ready for game 2.
