|j|☆RoadToWorlds44
|j|☆twinkdistroyer
|html|RoadToWorlds44twinkdistroyer    
|uhtml|bestof|Game 2 of a best-of-3
|t:|1755466592
|gametype|doubles
|player|p1|RoadToWorlds44|170|1186
|player|p2|twinkdistroyer|miku-ghost|1212
|gen|9
|tier|[Gen 9] VGC 2025 Reg H (Bo3)
|rated|
|rule|Species Clause: Limit one of each Pokémon
|rule|Item Clause: Limit 1 of each item
|clearpoke
|poke|p1|Kingambit, L50, M|
|poke|p1|Rillaboom, L50, F|
|poke|p1|Electabuzz, L50, F|
|poke|p1|Volcarona, L50, F|
|poke|p1|Sneasler, L50, F|
|poke|p1|Dragapult, L50, F|
|poke|p2|Politoed, L50, F|
|poke|p2|Gothitelle, L50, F|
|poke|p2|Incineroar, L50, F|
|poke|p2|Amoonguss, L50, F|
|poke|p2|Kingdra, L50, M|
|poke|p2|Archaludon, L50, M|
|teampreview|4
|showteam|p1|Kingambit||BlackGlasses|Defiant|KowtowCleave,SuckerPunch,SwordsDance,Protect|||M|||50|,,,,,Dark]Rillaboom||AssaultVest|GrassySurge|WoodHammer,GrassyGlide,HighHorsepower,FakeOut|||F|||50|,,,,,Fire]Electabuzz||Eviolite|VitalSpirit|FollowMe,Thunderbolt,Taunt,Protect|||F|||50|,,,,,Ghost]Volcarona||Leftovers|FlameBody|QuiverDance,HeatWave,TeraBlast,Protect|||F|||50|,,,,,Fairy]Sneasler||FocusSash|Unburden|CloseCombat,DireClaw,FakeOut,Protect|||F|||50|,,,,,Stellar]Dragapult||ChoiceBand|ClearBody|Outrage,DragonDarts,Uturn,PhantomForce|||F|||50|,,,,,Dragon
|showteam|p2|Politoed||Leftovers|Drizzle|Protect,WeatherBall,PerishSong,Encore|||F|||50|,,,,,Grass]Gothitelle||SitrusBerry|ShadowTag|Protect,Psychic,FakeOut,TrickRoom|||F|||50|,,,,,Dark]Incineroar||SafetyGoggles|Intimidate|Protect,KnockOff,FakeOut,PartingShot|||F|||50|,,,,,Ghost]Amoonguss||EjectButton|Regenerator|Protect,RagePowder,PollenPuff,Spore|||F|||50|,,,,,Fairy]Kingdra||LifeOrb|SwiftSwim|Protect,WeatherBall,DracoMeteor,MuddyWater|||M|||50|,,,,,Stellar]Archaludon||PowerHerb|Sturdy|Protect,ElectroShot,DragonPulse,FlashCannon|||M|||50|,,,,,Electric
|inactive|Battle timer is ON: inactive players will automatically lose when time's up. (requested by twinkdistroyer)
|inactive|RoadToWorlds44 has 60 seconds left.
|inactive|twinkdistroyer has 60 seconds left.
|
|t:|1755466624
|teamsize|p1|4
|teamsize|p2|4
|start
|switch|p1a: Electabuzz|Electabuzz, L50, F|100/100
|switch|p1b: Dragapult|Dragapult, L50, F|100/100
|switch|p2a: Kingdra|Kingdra, L50, M|100/100
|switch|p2b: Amoonguss|Amoonguss, L50, F|100/100
|turn|1
|inactive|RoadToWorlds44 has 30 seconds left.
|
|t:|1755466653
|move|p2a: Kingdra|Protect|p2a: Kingdra
|-singleturn|p2a: Kingdra|Protect
|move|p2b: Amoonguss|Protect|p2b: Amoonguss
|-singleturn|p2b: Amoonguss|Protect
|move|p1b: Dragapult|U-turn|p2a: Kingdra
|-activate|p2a: Kingdra|move: Protect
|move|p1a: Electabuzz|Taunt|p2b: Amoonguss
|-activate|p2b: Amoonguss|move: Protect
|
|upkeep
|turn|2
|inactive|twinkdistroyer has 30 seconds left.
|
|t:|1755466683
|move|p1a: Electabuzz|Follow Me|p1a: Electabuzz
|-singleturn|p1a: Electabuzz|move: Follow Me
|move|p1b: Dragapult|U-turn|p2a: Kingdra
|-crit|p2a: Kingdra
|-damage|p2a: Kingdra|36/100
|
|t:|1755466689
|switch|p1b: Rillaboom|Rillaboom, L50, F|100/100|[from] U-turn
|-fieldstart|move: Grassy Terrain|[from] ability: Grassy Surge|[of] p1b: Rillaboom
|move|p2a: Kingdra|Draco Meteor|p1a: Electabuzz
|-damage|p1a: Electabuzz|45/100
|-unboost|p2a: Kingdra|spa|2
|-damage|p2a: Kingdra|26/100|[from] item: Life Orb
|move|p2b: Amoonguss|Pollen Puff|p1a: Electabuzz
|-damage|p1a: Electabuzz|31/100
|
|-heal|p2a: Kingdra|32/100|[from] Grassy Terrain
|-heal|p1a: Electabuzz|37/100|[from] Grassy Terrain
|upkeep
|turn|3
|inactive|RoadToWorlds44 has 30 seconds left.
|
|t:|1755466723
|switch|p2a: Gothitelle|Gothitelle, L50, F|100/100
|move|p1a: Electabuzz|Protect|p1a: Electabuzz
|-singleturn|p1a: Electabuzz|Protect
|move|p1b: Rillaboom|High Horsepower|p2a: Gothitelle
|-damage|p2a: Gothitelle|71/100
|move|p2b: Amoonguss|Pollen Puff|p2a: Gothitelle
|-heal|p2a: Gothitelle|100/100
|
|-heal|p1a: Electabuzz|43/100|[from] Grassy Terrain
|upkeep
|turn|4
|inactive|RoadToWorlds44 has 30 seconds left.
|inactive|twinkdistroyer has 30 seconds left.
|
|t:|1755466754
|-terastallize|p1a: Electabuzz|Ghost
|move|p1a: Electabuzz|Taunt|p2b: Amoonguss
|-start|p2b: Amoonguss|move: Taunt
|move|p1b: Rillaboom|Wood Hammer|p2a: Gothitelle
|-damage|p2a: Gothitelle|22/100
|-enditem|p2a: Gothitelle|Sitrus Berry|[eat]
|-heal|p2a: Gothitelle|47/100|[from] item: Sitrus Berry
|-damage|p1b: Rillaboom|78/100|[from] Recoil
|move|p2a: Gothitelle|Psychic|p1a: Electabuzz
|-crit|p1a: Electabuzz
|-damage|p1a: Electabuzz|8/100
|move|p2b: Amoonguss|Pollen Puff|p1a: Electabuzz
|-resisted|p1a: Electabuzz
|-damage|p1a: Electabuzz|0 fnt
|faint|p1a: Electabuzz
|
|-heal|p1b: Rillaboom|84/100|[from] Grassy Terrain
|-heal|p2a: Gothitelle|53/100|[from] Grassy Terrain
|upkeep
|
|t:|1755466771
|switch|p1a: Dragapult|Dragapult, L50, F|100/100
|turn|5
|
|t:|1755466791
|switch|p2b: Politoed|Politoed, L50, F|100/100
|-weather|RainDance|[from] ability: Drizzle|[of] p2b: Politoed
|move|p2a: Gothitelle|Protect|p2a: Gothitelle
|-singleturn|p2a: Gothitelle|Protect
|move|p1a: Dragapult|Dragon Darts|p2b: Politoed
|-damage|p2b: Politoed|59/100
|-anim|p1a: Dragapult|Dragon Darts|p2b: Politoed
|-damage|p2b: Politoed|19/100
|move|p1b: Rillaboom|Wood Hammer|p2a: Gothitelle
|-activate|p2a: Gothitelle|move: Protect
|
|-weather|RainDance|[upkeep]
|-heal|p1b: Rillaboom|90/100|[from] Grassy Terrain
|-heal|p2b: Politoed|25/100|[from] Grassy Terrain
|-heal|p2b: Politoed|31/100|[from] item: Leftovers
|-heal|p2a: Gothitelle|59/100|[from] Grassy Terrain
|upkeep
|turn|6
|inactive|twinkdistroyer has 30 seconds left.
|
|t:|1755466826
|switch|p2a: Amoonguss|Amoonguss, L50, F|100/100
|move|p2b: Politoed|Protect|p2b: Politoed
|-singleturn|p2b: Politoed|Protect
|move|p1b: Rillaboom|Grassy Glide|p2b: Politoed
|-activate|p2b: Politoed|move: Protect
|move|p1a: Dragapult|Dragon Darts|p2a: Amoonguss
|-damage|p2a: Amoonguss|68/100
|-anim|p1a: Dragapult|Dragon Darts|p2a: Amoonguss
|-damage|p2a: Amoonguss|38/100
|-enditem|p2a: Amoonguss|Eject Button
|
|t:|1755466837
|switch|p2a: Kingdra|Kingdra, L50, M|32/100
|
|-weather|RainDance|[upkeep]
|-heal|p2a: Kingdra|38/100|[from] Grassy Terrain
|-heal|p1b: Rillaboom|96/100|[from] Grassy Terrain
|-heal|p2b: Politoed|38/100|[from] Grassy Terrain
|-heal|p2b: Politoed|44/100|[from] item: Leftovers
|-fieldend|move: Grassy Terrain
|upkeep
|turn|7
|inactive|RoadToWorlds44 has 30 seconds left.
|
|t:|1755466862
|switch|p1a: Sneasler|Sneasler, L50, F|100/100
|switch|p2b: Gothitelle|Gothitelle, L50, F|59/100
|move|p2a: Kingdra|Protect|p2a: Kingdra
|-singleturn|p2a: Kingdra|Protect
|move|p1b: Rillaboom|Grassy Glide|p2b: Gothitelle
|-damage|p2b: Gothitelle|30/100
|
|-weather|RainDance|[upkeep]
|upkeep
|turn|8
|
|t:|1755466887
|switch|p2a: Amoonguss|Amoonguss, L50, F|71/100
|move|p1a: Sneasler|Fake Out|p2a: Amoonguss
|-damage|p2a: Amoonguss|60/100
|move|p1b: Rillaboom|Wood Hammer|p2b: Gothitelle
|-damage|p2b: Gothitelle|0 fnt
|faint|p2b: Gothitelle
|-damage|p1b: Rillaboom|87/100|[from] Recoil
|
|-weather|RainDance|[upkeep]
|upkeep
|-message|twinkdistroyer forfeited.
|
|win|RoadToWorlds44
|raw|RoadToWorlds44's rating: 1186 → 1213(+27 for winning)
|raw|twinkdistroyer's rating: 1212 → 1185(-27 for losing)
|l|☆twinkdistroyer
|player|p2|
