|j|☆m4nabu
|j|☆scappopolo
|html|m4nabuscappopolo    
|uhtml|bestof|Game 1 of a best-of-3
|t:|1782329192
|gametype|doubles
|player|p1|m4nabu|artist|
|player|p2|scappopolo|caitlin|
|gen|9
|tier|[Gen 9 Champions] VGC 2026 Reg M-B (Bo3)
|rule|Species Clause: Limit one of each Pokémon
|rule|Item Clause: Limit 1 of each item
|clearpoke
|poke|p1|Staraptor, L50, M|
|poke|p1|Incineroar, L50, F|
|poke|p1|Sinistcha, L50|
|poke|p1|Maushold, L50|
|poke|p1|Delphox, L50, F|
|poke|p1|Grimmsnarl, L50, M|
|poke|p2|Chandelure, L50, M|
|poke|p2|Meowscarada, L50, M|
|poke|p2|Sylveon, L50, F|
|poke|p2|Rotom-Wash, L50|
|poke|p2|Garchomp, L50, M|
|poke|p2|Aerodactyl, L50, F|
|teampreview|4
|showteam|p1|Staraptor||Staraptite|Intimidate|CloseCombat,DualWingbeat,Roost,Protect|Jolly||M|||50|]Incineroar||PasshoBerry|Intimidate|FlareBlitz,ThroatChop,FakeOut,PartingShot|Careful||F|||50|]Sinistcha||KasibBerry|Hospitality|MatchaGotcha,LifeDew,RagePowder,Protect|Bold|||||50|]Maushold||FocusSash|FriendGuard|SunnyDay,FollowMe,Charm,Protect|Timid|||||50|]Delphox||Delphoxite|Blaze|HeatWave,Psyshock,NastyPlot,Protect|Timid||F|||50|]Grimmsnarl||RoseliBerry|Prankster|FakeOut,SpiritBreak,FakeTears,PartingShot|Impish||M|||50|
|showteam|p2|Chandelure||Chandelurite|Infiltrator|HeatWave,ShadowBall,Overheat,Protect|Modest||M|||50|]Meowscarada||ChoiceScarf|Protean|FlowerTrick,TripleAxel,ThroatChop,Uturn|Adamant||M|||50|]Sylveon||FairyFeather|Pixilate|HyperVoice,HyperBeam,QuickAttack,Detect|Modest||F|||50|]Rotom-Wash||WideLens|Levitate|HydroPump,Thunderbolt,WillOWisp,Protect|Modest|||||50|]Garchomp||LifeOrb|RoughSkin|Earthquake,DragonClaw,PoisonJab,Protect|Jolly||M|||50|]Aerodactyl||FocusSash|Unnerve|RockSlide,DualWingbeat,Tailwind,Protect|Jolly||F|||50|
|c|☆m4nabu|glhf
|c|☆scappopolo|u2
|inactive|Battle timer is ON: inactive players will automatically lose when time's up. (requested by scappopolo)
|inactive|m4nabu has 60 seconds left.
|inactive|m4nabu has 30 seconds left.
|
|t:|1782329269
|teamsize|p1|4
|teamsize|p2|4
|start
|switch|p1a: Delphox|Delphox, L50, F|100/100
|switch|p1b: Incineroar|Incineroar, L50, F|100/100
|switch|p2a: Aerodactyl|Aerodactyl, L50, F|100/100
|switch|p2b: Rotom|Rotom-Wash, L50|100/100
|-ability|p2a: Aerodactyl|Unnerve
|-ability|p1b: Incineroar|Intimidate|boost
|-unboost|p2a: Aerodactyl|atk|1
|-unboost|p2b: Rotom|atk|1
|turn|1
|
|t:|1782329285
|detailschange|p1a: Delphox|Delphox-Mega, L50, F
|-mega|p1a: Delphox|Delphox|Delphoxite
|move|p1b: Incineroar|Fake Out|p2b: Rotom
|-damage|p2b: Rotom|89/100
|move|p1a: Delphox|Nasty Plot|p1a: Delphox
|-boost|p1a: Delphox|spa|2
|move|p2a: Aerodactyl|Rock Slide|p1b: Incineroar|[spread] p1a,p1b
|-supereffective|p1a: Delphox|1
|-supereffective|p1b: Incineroar|1
|-damage|p1a: Delphox|55/100
|-damage|p1b: Incineroar|72/100
|cant|p2b: Rotom|flinch
|
|upkeep
|turn|2
|inactive|scappopolo has 30 seconds left.
|
|t:|1782329317
|move|p1a: Delphox|Protect|p1a: Delphox
|-singleturn|p1a: Delphox|Protect
|move|p2a: Aerodactyl|Rock Slide|p1b: Incineroar|[spread] 
|-activate|p1a: Delphox|move: Protect
|-miss|p2a: Aerodactyl|p1b: Incineroar
|move|p2b: Rotom|Hydro Pump|p1b: Incineroar
|-supereffective|p1b: Incineroar|1
|-damage|p1b: Incineroar|0 fnt
|faint|p1b: Incineroar
|
|upkeep
|
|t:|1782329328
|switch|p1b: Sinistcha|Sinistcha, L50|100/100
|-heal|p1a: Delphox|80/100|[from] ability: Hospitality|[of] p1b: Sinistcha
|turn|3
|
|t:|1782329353
|move|p2b: Rotom|Protect|p2b: Rotom
|-singleturn|p2b: Rotom|Protect
|move|p1b: Sinistcha|Rage Powder|p1b: Sinistcha
|-singleturn|p1b: Sinistcha|move: Rage Powder
|move|p1a: Delphox|Psyshock|p2a: Aerodactyl
|-enditem|p2a: Aerodactyl|Focus Sash
|-damage|p2a: Aerodactyl|1/100
|move|p2a: Aerodactyl|Rock Slide|p1a: Delphox|[spread] p1a,p1b
|-supereffective|p1a: Delphox|1
|-damage|p1a: Delphox|34/100
|-damage|p1b: Sinistcha|87/100
|
|upkeep
|turn|4
|
|t:|1782329372
|switch|p2b: Sylveon|Sylveon, L50, F|100/100
|move|p1a: Delphox|Protect|p1a: Delphox
|-singleturn|p1a: Delphox|Protect
|move|p2a: Aerodactyl|Rock Slide|p1a: Delphox|[spread] p1b
|-activate|p1a: Delphox|move: Protect
|-damage|p1b: Sinistcha|74/100
|move|p1b: Sinistcha|Matcha Gotcha|p2a: Aerodactyl|[spread] p2a,p2b
|-damage|p2a: Aerodactyl|0 fnt
|-heal|p1b: Sinistcha|74/100|[from] drain|[of] p2a: Aerodactyl
|-damage|p2b: Sylveon|81/100
|-heal|p1b: Sinistcha|84/100|[from] drain|[of] p2b: Sylveon
|-status|p2b: Sylveon|brn
|faint|p2a: Aerodactyl
|
|-damage|p2b: Sylveon|74/100 brn|[from] brn
|upkeep
|
|t:|1782329390
|switch|p2a: Chandelure|Chandelure, L50, M|100/100
|turn|5
|
|t:|1782329407
|detailschange|p2a: Chandelure|Chandelure-Mega, L50, M
|-mega|p2a: Chandelure|Chandelure|Chandelurite
|move|p1a: Delphox|Psyshock|p2a: Chandelure
|-damage|p2a: Chandelure|3/100
|move|p2a: Chandelure|Heat Wave|p1b: Sinistcha|[spread] p1a,p1b
|-resisted|p1a: Delphox|1
|-supereffective|p1b: Sinistcha|1
|-damage|p1a: Delphox|11/100
|-damage|p1b: Sinistcha|0 fnt
|faint|p1b: Sinistcha
|move|p2b: Sylveon|Hyper Voice|p1a: Delphox
|-resisted|p1a: Delphox|1
|-damage|p1a: Delphox|0 fnt
|faint|p1a: Delphox
|
|-damage|p2b: Sylveon|68/100 brn|[from] brn
|upkeep
|-message|m4nabu forfeited.
|
|win|scappopolo
||m4nabu is ready for game 2.
||scappopolo is ready for game 2.
|uhtml|next|Next: Game 2 of 3
