|j|☆arrascaxeira
|j|☆UndeadParadox
|html|arrascaxeiraUndeadParadox    
|uhtml|bestof|Game 1 of a best-of-3
|t:|1756784569
|gametype|doubles
|player|p1|arrascaxeira|101|1215
|player|p2|UndeadParadox|guitarist|1114
|gen|9
|tier|[Gen 9] VGC 2025 Reg H (Bo3)
|rated|
|rule|Species Clause: Limit one of each Pokémon
|rule|Item Clause: Limit 1 of each item
|clearpoke
|poke|p1|Gholdengo, L50|
|poke|p1|Rillaboom, L50, F|
|poke|p1|Tauros-Paldea-Aqua, L50, M|
|poke|p1|Dragonite, L50, M|
|poke|p1|Clefable, L50, F|
|poke|p1|Incineroar, L50, M|
|poke|p2|Sneasler, L50, F|
|poke|p2|Rillaboom, L50, M|
|poke|p2|Incineroar, L50, F|
|poke|p2|Gholdengo, L50|
|poke|p2|Hydreigon, L50, M|
|poke|p2|Gengar, L50, M|
|teampreview|4
|showteam|p1|Gholdengo||GrassySeed|GoodasGold|NastyPlot,MakeItRain,ShadowBall,Protect||||||50|,,,,,Water]Rillaboom||AssaultVest|GrassySurge|FakeOut,GrassyGlide,HighHorsepower,WoodHammer|||F|||50|,,,,,Fire]Tauros-Paldea-Aqua||MirrorHerb|Intimidate|WaveCrash,CloseCombat,AquaJet,Protect|||M|||50|,,,,,Grass]Dragonite||LoadedDice|Multiscale|ScaleShot,Haze,Tailwind,Protect|||M|||50|,,,,,Fairy]Clefable||RockyHelmet|Unaware|Moonblast,FollowMe,IcyWind,Protect|||F|||50|,,,,,Electric]Incineroar||SafetyGoggles|Intimidate|FakeOut,PartingShot,KnockOff,FlareBlitz|||M|||50|,,,,,Bug
|showteam|p2|Sneasler||GrassySeed|Unburden|CloseCombat,DireClaw,Acrobatics,Protect|||F|||50|,,,,,Flying]Rillaboom||AssaultVest|GrassySurge|WoodHammer,GrassyGlide,FakeOut,HighHorsepower|||M|||50|,,,,,Fire]Incineroar||SafetyGoggles|Intimidate|FlareBlitz,KnockOff,PartingShot,FakeOut|||F|||50|,,,,,Ghost]Gholdengo||MetalCoat|GoodasGold|Protect,MakeItRain,ShadowBall,NastyPlot||||||50|,,,,,Water]Hydreigon||LifeOrb|Levitate|Flamethrower,DracoMeteor,DarkPulse,Protect|||M|||50|,,,,,Fire]Gengar||FocusSash|CursedBody|ShadowBall,Haze,Taunt,IcyWind|||M|||50|,,,,,Ghost
|
|t:|1756784602
|teamsize|p1|4
|teamsize|p2|4
|start
|switch|p1a: Incineroar|Incineroar, L50, M|100/100
|switch|p1b: Dragonite|Dragonite, L50, M|100/100
|switch|p2a: Incineroar|Incineroar, L50, F, shiny|100/100
|switch|p2b: Gholdengo|Gholdengo, L50, shiny|100/100
|-ability|p1a: Incineroar|Intimidate|boost
|-unboost|p2a: Incineroar|atk|1
|-unboost|p2b: Gholdengo|atk|1
|-ability|p2a: Incineroar|Intimidate|boost
|-unboost|p1a: Incineroar|atk|1
|-unboost|p1b: Dragonite|atk|1
|turn|1
|
|t:|1756784627
|move|p1a: Incineroar|Fake Out|p2a: Incineroar
|-damage|p2a: Incineroar|94/100
|cant|p2a: Incineroar|flinch
|move|p1b: Dragonite|Scale Shot|p2a: Incineroar
|-damage|p2a: Incineroar|84/100
|-damage|p2a: Incineroar|74/100
|-damage|p2a: Incineroar|65/100
|-damage|p2a: Incineroar|55/100
|-damage|p2a: Incineroar|45/100
|-hitcount|p2a: Incineroar|5
|-unboost|p1b: Dragonite|def|1
|-boost|p1b: Dragonite|spe|1
|move|p2b: Gholdengo|Make It Rain|p1a: Incineroar|[spread] p1a,p1b
|-resisted|p1a: Incineroar
|-damage|p1a: Incineroar|71/100
|-damage|p1b: Dragonite|65/100
|-unboost|p2b: Gholdengo|spa|1
|
|upkeep
|turn|2
|
|t:|1756784655
|switch|p2a: Rillaboom|Rillaboom, L50, M|100/100
|-fieldstart|move: Grassy Terrain|[from] ability: Grassy Surge|[of] p2a: Rillaboom
|move|p2b: Gholdengo|Protect|p2b: Gholdengo
|-singleturn|p2b: Gholdengo|Protect
|move|p1b: Dragonite|Scale Shot|p2a: Rillaboom
|-crit|p2a: Rillaboom
|-damage|p2a: Rillaboom|80/100
|-damage|p2a: Rillaboom|69/100
|-damage|p2a: Rillaboom|59/100
|-damage|p2a: Rillaboom|50/100
|-hitcount|p2a: Rillaboom|4
|-unboost|p1b: Dragonite|def|1
|-boost|p1b: Dragonite|spe|1
|move|p1a: Incineroar|Knock Off|p2b: Gholdengo
|-activate|p2b: Gholdengo|move: Protect
|
|-heal|p1a: Incineroar|78/100|[from] Grassy Terrain
|-heal|p2a: Rillaboom|55/100|[from] Grassy Terrain
|upkeep
|turn|3
|
|t:|1756784678
|switch|p2b: Incineroar|Incineroar, L50, F, shiny|45/100
|-ability|p2b: Incineroar|Intimidate|boost
|-unboost|p1a: Incineroar|atk|1
|-unboost|p1b: Dragonite|atk|1
|move|p1b: Dragonite|Protect|p1b: Dragonite
|-singleturn|p1b: Dragonite|Protect
|move|p2a: Rillaboom|Fake Out|p1b: Dragonite
|-activate|p1b: Dragonite|move: Protect
|move|p1a: Incineroar|Knock Off|p2b: Incineroar
|-resisted|p2b: Incineroar
|-damage|p2b: Incineroar|36/100
|-enditem|p2b: Incineroar|Safety Goggles|[from] move: Knock Off|[of] p1a: Incineroar
|
|-heal|p1a: Incineroar|84/100|[from] Grassy Terrain
|-heal|p2a: Rillaboom|61/100|[from] Grassy Terrain
|-heal|p2b: Incineroar|42/100|[from] Grassy Terrain
|upkeep
|turn|4
|
|t:|1756784707
|move|p2b: Incineroar|Fake Out|p1b: Dragonite
|-damage|p1b: Dragonite|37/100
|cant|p1b: Dragonite|flinch
|move|p1a: Incineroar|Parting Shot|p2a: Rillaboom
|-unboost|p2a: Rillaboom|atk|1
|-unboost|p2a: Rillaboom|spa|1
|
|t:|1756784710
|switch|p1a: Gholdengo|Gholdengo, L50|100/100|[from] Parting Shot
|-enditem|p1a: Gholdengo|Grassy Seed
|-boost|p1a: Gholdengo|def|1|[from] item: Grassy Seed
|move|p2a: Rillaboom|High Horsepower|p1a: Gholdengo
|-supereffective|p1a: Gholdengo
|-damage|p1a: Gholdengo|71/100
|
|-heal|p1a: Gholdengo|78/100|[from] Grassy Terrain
|-heal|p2a: Rillaboom|67/100|[from] Grassy Terrain
|-heal|p2b: Incineroar|48/100|[from] Grassy Terrain
|upkeep
|turn|5
|
|t:|1756784735
|switch|p1b: Incineroar|Incineroar, L50, M|84/100
|-ability|p1b: Incineroar|Intimidate|boost
|-unboost|p2a: Rillaboom|atk|1
|-unboost|p2b: Incineroar|atk|1
|switch|p2a: Gholdengo|Gholdengo, L50, shiny|100/100
|move|p1a: Gholdengo|Nasty Plot|p1a: Gholdengo
|-boost|p1a: Gholdengo|spa|2
|move|p2b: Incineroar|Flare Blitz|p1a: Gholdengo
|-supereffective|p1a: Gholdengo
|-crit|p1a: Gholdengo
|-damage|p1a: Gholdengo|0 fnt
|faint|p1a: Gholdengo
|-damage|p2b: Incineroar|23/100|[from] Recoil
|
|-heal|p1b: Incineroar|90/100|[from] Grassy Terrain
|-heal|p2b: Incineroar|29/100|[from] Grassy Terrain
|upkeep
|
|t:|1756784742
|switch|p1a: Dragonite|Dragonite, L50, M|37/100
|turn|6
|
|t:|1756784764
|move|p2a: Gholdengo|Protect|p2a: Gholdengo
|-singleturn|p2a: Gholdengo|Protect
|move|p1a: Dragonite|Scale Shot|p2b: Incineroar
|-damage|p2b: Incineroar|14/100
|-damage|p2b: Incineroar|0 fnt
|faint|p2b: Incineroar
|-hitcount|p2: Incineroar|2
|-unboost|p1a: Dragonite|def|1
|-boost|p1a: Dragonite|spe|1
|move|p1b: Incineroar|Knock Off|p2a: Gholdengo
|-activate|p2a: Gholdengo|move: Protect
|
|-heal|p1b: Incineroar|96/100|[from] Grassy Terrain
|-fieldend|move: Grassy Terrain
|upkeep
|
|t:|1756784768
|switch|p2b: Rillaboom|Rillaboom, L50, M|67/100
|-fieldstart|move: Grassy Terrain|[from] ability: Grassy Surge|[of] p2b: Rillaboom
|turn|7
|
|t:|1756784781
|-terastallize|p2a: Gholdengo|Water
|move|p1a: Dragonite|Protect|p1a: Dragonite
|-singleturn|p1a: Dragonite|Protect
|move|p2b: Rillaboom|Fake Out|p1a: Dragonite
|-activate|p1a: Dragonite|move: Protect
|move|p2a: Gholdengo|Nasty Plot|p2a: Gholdengo
|-boost|p2a: Gholdengo|spa|2
|move|p1b: Incineroar|Knock Off|p2a: Gholdengo
|-damage|p2a: Gholdengo|55/100
|-enditem|p2a: Gholdengo|Metal Coat|[from] move: Knock Off|[of] p1b: Incineroar
|
|-heal|p2a: Gholdengo|61/100|[from] Grassy Terrain
|-heal|p1b: Incineroar|100/100|[from] Grassy Terrain
|-heal|p2b: Rillaboom|73/100|[from] Grassy Terrain
|upkeep
|turn|8
|
|t:|1756784797
|move|p1a: Dragonite|Tailwind|p1a: Dragonite
|-sidestart|p1: arrascaxeira|move: Tailwind
|move|p1b: Incineroar|Flare Blitz|p2b: Rillaboom
|-supereffective|p2b: Rillaboom
|-damage|p2b: Rillaboom|0 fnt
|faint|p2b: Rillaboom
|-damage|p1b: Incineroar|75/100|[from] Recoil
|move|p2a: Gholdengo|Make It Rain|p1b: Incineroar|[spread] p1a,p1b
|-resisted|p1b: Incineroar
|-damage|p1a: Dragonite|0 fnt
|-damage|p1b: Incineroar|24/100
|-unboost|p2a: Gholdengo|spa|1
|faint|p1a: Dragonite
|
|-heal|p1b: Incineroar|30/100|[from] Grassy Terrain
|-heal|p2a: Gholdengo|67/100|[from] Grassy Terrain
|upkeep
|
|t:|1756784811
|switch|p1a: Clefable|Clefable, L50, F|100/100
|switch|p2b: Sneasler|Sneasler, L50, F, shiny|100/100
|-enditem|p2b: Sneasler|Grassy Seed
|-boost|p2b: Sneasler|def|1|[from] item: Grassy Seed
|turn|9
|
|t:|1756784834
|-terastallize|p1a: Clefable|Electric
|move|p1a: Clefable|Follow Me|p1a: Clefable
|-singleturn|p1a: Clefable|move: Follow Me
|move|p2b: Sneasler|Close Combat|p1a: Clefable
|-damage|p1a: Clefable|30/100
|-unboost|p2b: Sneasler|def|1
|-unboost|p2b: Sneasler|spd|1
|-damage|p2b: Sneasler|84/100|[from] item: Rocky Helmet|[of] p1a: Clefable
|move|p1b: Incineroar|Flare Blitz|p2b: Sneasler
|-damage|p2b: Sneasler|6/100
|-damage|p1b: Incineroar|10/100|[from] Recoil
|move|p2a: Gholdengo|Make It Rain|p1b: Incineroar|[spread] p1a,p1b
|-resisted|p1a: Clefable
|-resisted|p1b: Incineroar
|-crit|p1b: Incineroar
|-damage|p1a: Clefable|11/100
|-damage|p1b: Incineroar|0 fnt
|-unboost|p2a: Gholdengo|spa|1
|faint|p1b: Incineroar
|
|-heal|p2b: Sneasler|12/100|[from] Grassy Terrain
|-heal|p1a: Clefable|17/100|[from] Grassy Terrain
|-heal|p2a: Gholdengo|73/100|[from] Grassy Terrain
|upkeep
|turn|10
|-message|arrascaxeira forfeited.
|
|win|UndeadParadox
||arrascaxeira is ready for game 2.
||UndeadParadox is ready for game 2.
|uhtml|next|Next: Game 2 of 3
