|j|☆gene takavic
|j|☆Alex22pkmnyt
|html|gene takavicAlex22pkmnyt    
|uhtml|bestof|Game 1 of a best-of-3
|t:|1756405838
|gametype|doubles
|player|p1|gene takavic|pryce|1124
|player|p2|Alex22pkmnyt|265|1054
|gen|9
|tier|[Gen 9] VGC 2025 Reg H (Bo3)
|rated|
|rule|Species Clause: Limit one of each Pokémon
|rule|Item Clause: Limit 1 of each item
|clearpoke
|poke|p1|Charizard, L50, M|
|poke|p1|Torkoal, L50, F|
|poke|p1|Porygon2, L50|
|poke|p1|Incineroar, L50, M|
|poke|p1|Jumpluff, L50, M|
|poke|p1|Ursaluna, L50, F|
|poke|p2|Tyranitar, L50, M|
|poke|p2|Excadrill, L50, F|
|poke|p2|Gastrodon, L50, M|
|poke|p2|Amoonguss, L50, M|
|poke|p2|Farigiraf, L50, M|
|poke|p2|Ursaluna-Bloodmoon, L50, M|
|teampreview|4
|showteam|p1|Charizard||ChoiceSpecs|SolarPower|HeatWave,Overheat,WeatherBall,AirSlash|||M|||50|,,,,,Ghost]Torkoal||EjectPack|Drought|Eruption,Overheat,HelpingHand,Protect|||F|||50|,,,,,Fire]Porygon2||Eviolite|Download|TeraBlast,IceBeam,Recover,TrickRoom||||||50|,,,,,Fighting]Incineroar||SitrusBerry|Intimidate|FlareBlitz,KnockOff,FakeOut,PartingShot|||M|||50|,,,,,Ghost]Jumpluff||CovertCloak|Chlorophyll|SleepPowder,SunnyDay,RagePowder,Tailwind|||M|||50|,,,,,Water]Ursaluna||FlameOrb|Guts|HeadlongRush,Facade,Earthquake,Protect|||F|||50|,,,,,Ghost
|showteam|p2|Tyranitar||AssaultVest|SandStream|BodyPress,TeraBlast,KnockOff,RockSlide|||M|||50|,,,,,Flying]Excadrill||FocusSash|SandRush|SwordsDance,Earthquake,Protect,IronHead|||F|||50|,,,,,Ghost]Gastrodon||Leftovers|StormDrain|EarthPower,IceBeam,Yawn,Recover|||M|||50|,,,,,Fire]Amoonguss||RockyHelmet|EffectSpore|RagePowder,PollenPuff,Spore,GigaDrain|||M|||50|,,,,,Water]Farigiraf||ThroatSpray|ArmorTail|PsychicNoise,HyperVoice,Protect,TrickRoom|||M|||50|,,,,,Normal]Ursaluna-Bloodmoon||LifeOrb|MindsEye|BloodMoon,EarthPower,HyperVoice,Protect|||M|||50|,,,,,Normal
|inactive|Battle timer is ON: inactive players will automatically lose when time's up. (requested by gene takavic)
|inactive|gene takavic has 60 seconds left.
|inactive|Alex22pkmnyt has 60 seconds left.
|inactive|gene takavic has 30 seconds left.
|inactive|gene takavic has 20 seconds left.
|inactive|gene takavic has 15 seconds left.
|
|t:|1756405916
|teamsize|p1|4
|teamsize|p2|4
|start
|switch|p1a: Incineroar|Incineroar, L50, M|100/100
|switch|p1b: Porygon2|Porygon2, L50|100/100
|switch|p2a: Gastrodon|Gastrodon, L50, M|100/100
|switch|p2b: Farigiraf|Farigiraf, L50, M|100/100
|-ability|p1a: Incineroar|Intimidate|boost
|-unboost|p2a: Gastrodon|atk|1
|-unboost|p2b: Farigiraf|atk|1
|-ability|p1b: Porygon2|Download|boost
|-boost|p1b: Porygon2|spa|1
|turn|1
|inactive|Alex22pkmnyt has 30 seconds left.
|inactive|Alex22pkmnyt has 20 seconds left.
|
|t:|1756405953
|move|p1a: Incineroar|Knock Off|p2a: Gastrodon
|-damage|p2a: Gastrodon|60/100
|-enditem|p2a: Gastrodon|Leftovers|[from] move: Knock Off|[of] p1a: Incineroar
|move|p2b: Farigiraf|Psychic Noise|p1b: Porygon2
|-damage|p1b: Porygon2|81/100
|-start|p1b: Porygon2|move: Heal Block
|-enditem|p2b: Farigiraf|Throat Spray
|-boost|p2b: Farigiraf|spa|1|[from] item: Throat Spray
|move|p1b: Porygon2|Ice Beam|p2a: Gastrodon
|-damage|p2a: Gastrodon|21/100
|move|p2a: Gastrodon|Earth Power|p1a: Incineroar
|-supereffective|p1a: Incineroar
|-damage|p1a: Incineroar|50/100
|-enditem|p1a: Incineroar|Sitrus Berry|[eat]
|-heal|p1a: Incineroar|75/100|[from] item: Sitrus Berry
|
|upkeep
|turn|2
|inactive|Alex22pkmnyt has 30 seconds left.
|
|t:|1756405982
|move|p1a: Incineroar|Parting Shot|p2b: Farigiraf
|-unboost|p2b: Farigiraf|atk|1
|-unboost|p2b: Farigiraf|spa|1
|
|t:|1756405995
|switch|p1a: Torkoal|Torkoal, L50, F|100/100|[from] Parting Shot
|-weather|SunnyDay|[from] ability: Drought|[of] p1a: Torkoal
|move|p2b: Farigiraf|Hyper Voice|p1a: Torkoal|[spread] p1a,p1b
|-damage|p1a: Torkoal|64/100
|-damage|p1b: Porygon2|64/100
|move|p1b: Porygon2|Ice Beam|p2a: Gastrodon
|-damage|p2a: Gastrodon|0 fnt
|faint|p2a: Gastrodon
|
|-weather|SunnyDay|[upkeep]
|-end|p1b: Porygon2|move: Heal Block
|upkeep
|
|t:|1756406008
|switch|p2a: Tyranitar|Tyranitar, L50, M|100/100
|-weather|Sandstorm|[from] ability: Sand Stream|[of] p2a: Tyranitar
|turn|3
|
|t:|1756406025
|move|p1a: Torkoal|Protect|p1a: Torkoal
|-singleturn|p1a: Torkoal|Protect
|move|p2a: Tyranitar|Rock Slide|p1a: Torkoal|[spread] p1b
|-activate|p1a: Torkoal|move: Protect
|-damage|p1b: Porygon2|44/100
|move|p2b: Farigiraf|Hyper Voice|p1a: Torkoal|[spread] p1b
|-activate|p1a: Torkoal|move: Protect
|-damage|p1b: Porygon2|27/100
|move|p1b: Porygon2|Trick Room|p1b: Porygon2
|-fieldstart|move: Trick Room|[of] p1b: Porygon2
|
|-weather|Sandstorm|[upkeep]
|-damage|p1a: Torkoal|58/100|[from] Sandstorm
|-damage|p1b: Porygon2|20/100|[from] Sandstorm
|-damage|p2b: Farigiraf|95/100|[from] Sandstorm
|upkeep
|turn|4
|
|t:|1756406047
|move|p1a: Torkoal|Overheat|p2b: Farigiraf
|-damage|p2b: Farigiraf|42/100
|-unboost|p1a: Torkoal|spa|2
|-enditem|p1a: Torkoal|Eject Pack
|
|t:|1756406059
|switch|p1a: Ursaluna|Ursaluna, L50, F|100/100
|move|p1b: Porygon2|Recover|p1b: Porygon2
|-heal|p1b: Porygon2|70/100
|move|p2a: Tyranitar|Rock Slide|p1a: Ursaluna|[spread] 
|-miss|p2a: Tyranitar|p1a: Ursaluna
|-miss|p2a: Tyranitar|p1b: Porygon2
|move|p2b: Farigiraf|Trick Room|p2b: Farigiraf
|-fieldend|move: Trick Room
|
|-weather|Sandstorm|[upkeep]
|-damage|p2b: Farigiraf|36/100|[from] Sandstorm
|-damage|p1b: Porygon2|64/100|[from] Sandstorm
|-status|p1a: Ursaluna|brn|[from] item: Flame Orb
|upkeep
|turn|5
|inactive|Alex22pkmnyt has 30 seconds left.
|inactive|Alex22pkmnyt has 20 seconds left.
|
|t:|1756406094
|move|p2a: Tyranitar|Body Press|p1b: Porygon2
|-supereffective|p1b: Porygon2
|-damage|p1b: Porygon2|37/100
|move|p1a: Ursaluna|Facade|p2b: Farigiraf
|-damage|p2b: Farigiraf|0 fnt
|faint|p2b: Farigiraf
|move|p1b: Porygon2|Trick Room|p1b: Porygon2
|-fieldstart|move: Trick Room|[of] p1b: Porygon2
|
|-weather|Sandstorm|[upkeep]
|-damage|p1b: Porygon2|31/100|[from] Sandstorm
|-damage|p1a: Ursaluna|95/100 brn|[from] brn
|upkeep
|
|t:|1756406106
|switch|p2b: Excadrill|Excadrill, L50, F|100/100
|turn|6
|
|t:|1756406127
|-terastallize|p1b: Porygon2|Fighting
|-terastallize|p2a: Tyranitar|Flying
|move|p1b: Porygon2|Recover|p1b: Porygon2
|-heal|p1b: Porygon2|81/100
|move|p1a: Ursaluna|Headlong Rush|p2b: Excadrill
|-supereffective|p2b: Excadrill
|-enditem|p2b: Excadrill|Focus Sash
|-damage|p2b: Excadrill|1/100
|-unboost|p1a: Ursaluna|def|1
|-unboost|p1a: Ursaluna|spd|1
|move|p2a: Tyranitar|Body Press|p1b: Porygon2
|-damage|p1b: Porygon2|67/100
|move|p2b: Excadrill|Earthquake|p1a: Ursaluna|[spread] p1a,p1b
|-immune|p2a: Tyranitar
|-damage|p1a: Ursaluna|48/100 brn
|-damage|p1b: Porygon2|39/100
|
|-weather|Sandstorm|[upkeep]
|-damage|p1b: Porygon2|32/100|[from] Sandstorm
|-damage|p2a: Tyranitar|95/100|[from] Sandstorm
|-damage|p1a: Ursaluna|43/100 brn|[from] brn
|upkeep
|turn|7
|inactive|Alex22pkmnyt has 30 seconds left.
|
|t:|1756406160
|move|p2b: Excadrill|Protect|p2b: Excadrill
|-singleturn|p2b: Excadrill|Protect
|move|p1b: Porygon2|Ice Beam|p2b: Excadrill
|-activate|p2b: Excadrill|move: Protect
|move|p1a: Ursaluna|Facade|p2a: Tyranitar
|-damage|p2a: Tyranitar|0 fnt
|faint|p2a: Tyranitar
|
|-weather|none
|-damage|p1a: Ursaluna|37/100 brn|[from] brn
|upkeep
|turn|8
|
|t:|1756406173
|move|p2b: Excadrill|Protect|p2b: Excadrill
|-singleturn|p2b: Excadrill|Protect
|move|p1b: Porygon2|Ice Beam|p2b: Excadrill
|-activate|p2b: Excadrill|move: Protect
|move|p1a: Ursaluna|Facade|p2b: Excadrill
|-activate|p2b: Excadrill|move: Protect
|
|-damage|p1a: Ursaluna|31/100 brn|[from] brn
|upkeep
|turn|9
|
|t:|1756406182
|move|p2b: Excadrill|Protect||[still]
|-fail|p2b: Excadrill
|move|p1b: Porygon2|Ice Beam|p2b: Excadrill
|-damage|p2b: Excadrill|0 fnt
|faint|p2b: Excadrill
|
|win|gene takavic
||gene takavic is ready for game 2.
