|j|☆MugiwaraLux
|j|☆paradox duck
|html|MugiwaraLuxparadox duck    
|uhtml|bestof|Game 1 of a best-of-3
|t:|1785879445
|gametype|doubles
|player|p1|MugiwaraLux|cynthia-masters4|1366
|player|p2|paradox duck|ghetsis|1322
|gen|9
|tier|[Gen 9 Champions] VGC 2026 Reg M-B (Bo3)
|rated|
|rule|Species Clause: Limit one of each Pokémon
|rule|Item Clause: Limit 1 of each item
|clearpoke
|poke|p1|Garchomp, L50, M|
|poke|p1|Venusaur, L50, M|
|poke|p1|Incineroar, L50, F|
|poke|p1|Charizard, L50, F|
|poke|p1|Toxapex, L50, M|
|poke|p1|Annihilape, L50, M|
|poke|p2|Garchomp, L50, F|
|poke|p2|Tyranitar, L50, F|
|poke|p2|Gholdengo, L50|
|poke|p2|Whimsicott, L50, F|
|poke|p2|Sneasler, L50, F|
|poke|p2|Floette-Eternal, L50, F|
|teampreview|4
|showteam|p1|Garchomp||ChoiceScarf|RoughSkin|Earthquake,RockSlide,DragonClaw,StompingTantrum|Adamant||M|||50|]Venusaur||LifeOrb|Chlorophyll|SludgeBomb,LeafStorm,EarthPower,Protect|Modest||M|||50|]Incineroar||SitrusBerry|Intimidate|FakeOut,FlareBlitz,ThroatChop,PartingShot|Impish||F|||50|]Charizard||CharizarditeY|Blaze|HeatWave,WeatherBall,Protect,HelpingHand|Modest||F|||50|]Toxapex||Leftovers|Regenerator|Infestation,Toxic,WideGuard,BanefulBunker|Impish||M|||50|]Annihilape||FocusSash|Defiant|CloseCombat,PhantomForce,RockTomb,Protect|Jolly||M|||50|
|showteam|p2|Garchomp||Garchompite|SandVeil|EarthPower,DracoMeteor,PowerGem,Protect|Modest||F|||50|]Tyranitar||ChoiceScarf|SandStream|RockSlide,Superpower,KnockOff,IcePunch|Jolly||F|||50|]Gholdengo||LifeOrb|GoodasGold|MakeItRain,ShadowBall,NastyPlot,Protect|Modest|||||50|]Whimsicott||FocusSash|Prankster|Moonblast,Tailwind,Encore,Protect|Timid||F|||50|]Sneasler||WhiteHerb|Unburden|CloseCombat,DireClaw,FakeOut,Protect|Jolly||F|||50|]Floette-Eternal||Floettite|FlowerVeil|Moonblast,DazzlingGleam,LightofRuin,Protect|Modest||F|||50|
|inactive|Battle timer is ON: inactive players will automatically lose when time's up. (requested by MugiwaraLux)
|inactive|MugiwaraLux has 60 seconds left.
|
|t:|1785879497
|teamsize|p1|4
|teamsize|p2|4
|start
|switch|p1a: Charizard|Charizard, L50, F|100/100
|switch|p1b: Garchomp|Garchomp, L50, M|100/100
|switch|p2a: Garchomp|Garchomp, L50, F|100/100
|switch|p2b: Whimsicott|Whimsicott, L50, F|100/100
|turn|1
|inactive|MugiwaraLux has 30 seconds left.
|inactive|paradox duck has 30 seconds left.
|inactive|MugiwaraLux has 20 seconds left.
|inactive|MugiwaraLux has 15 seconds left.
|
|t:|1785879539
|detailschange|p1a: Charizard|Charizard-Mega-Y, L50, F
|-mega|p1a: Charizard|Charizard|Charizardite Y
|-weather|SunnyDay|[from] ability: Drought|[of] p1a: Charizard
|detailschange|p2a: Garchomp|Garchomp-Mega, L50, F
|-mega|p2a: Garchomp|Garchomp|Garchompite
|move|p1a: Charizard|Helping Hand|p1b: Garchomp
|-singleturn|p1b: Garchomp|Helping Hand|[of] p1a: Charizard
|move|p2b: Whimsicott|Tailwind|p2b: Whimsicott
|-sidestart|p2: paradox duck|move: Tailwind
|move|p2a: Garchomp|Power Gem|p1a: Charizard
|-supereffective|p1a: Charizard|2
|-damage|p1a: Charizard|0 fnt
|faint|p1a: Charizard
|move|p1b: Garchomp|Dragon Claw|p2a: Garchomp
|-supereffective|p2a: Garchomp|1
|-damage|p2a: Garchomp|0 fnt
|faint|p2a: Garchomp
|
|-weather|SunnyDay|[upkeep]
|upkeep
|
|t:|1785879558
|switch|p1a: Incineroar|Incineroar, L50, F|100/100
|switch|p2a: Gholdengo|Gholdengo, L50|100/100
|-ability|p1a: Incineroar|Intimidate|boost
|-unboost|p2a: Gholdengo|atk|1
|-unboost|p2b: Whimsicott|atk|1
|turn|2
|inactive|MugiwaraLux has 30 seconds left.
|
|t:|1785879591
|switch|p1b: Venusaur|Venusaur, L50, M|100/100
|move|p2a: Gholdengo|Protect|p2a: Gholdengo
|-singleturn|p2a: Gholdengo|Protect
|move|p2b: Whimsicott|Moonblast|p1a: Incineroar
|-damage|p1a: Incineroar|68/100
|move|p1a: Incineroar|Parting Shot|p2b: Whimsicott
|-unboost|p2b: Whimsicott|atk|1
|-unboost|p2b: Whimsicott|spa|1
|
|t:|1785879595
|switch|p1a: Garchomp|Garchomp, L50, M|100/100|[from] Parting Shot
|
|-weather|SunnyDay|[upkeep]
|upkeep
|turn|3
|
|t:|1785879618
|move|p2b: Whimsicott|Protect|p2b: Whimsicott
|-singleturn|p2b: Whimsicott|Protect
|move|p1b: Venusaur|Protect|p1b: Venusaur
|-singleturn|p1b: Venusaur|Protect
|move|p1a: Garchomp|Earthquake|p2a: Gholdengo|[spread] p2a
|-activate|p1b: Venusaur|move: Protect
|-activate|p2b: Whimsicott|move: Protect
|-supereffective|p2a: Gholdengo|1
|-damage|p2a: Gholdengo|22/100
|move|p2a: Gholdengo|Shadow Ball|p1a: Garchomp
|-damage|p1a: Garchomp|46/100
|-damage|p2a: Gholdengo|12/100|[from] item: Life Orb
|
|-weather|SunnyDay|[upkeep]
|upkeep
|turn|4
|
|t:|1785879628
|switch|p1a: Incineroar|Incineroar, L50, F|68/100
|-ability|p1a: Incineroar|Intimidate|boost
|-unboost|p2a: Gholdengo|atk|1
|-unboost|p2b: Whimsicott|atk|1
|move|p2b: Whimsicott|Encore|p1b: Venusaur
|-start|p1b: Venusaur|Encore
|move|p1b: Venusaur|Protect|p1b: Venusaur
|-singleturn|p1b: Venusaur|Protect
|move|p2a: Gholdengo|Shadow Ball|p1a: Incineroar
|-resisted|p1a: Incineroar|1
|-damage|p1a: Incineroar|46/100
|-enditem|p1a: Incineroar|Sitrus Berry|[eat]
|-heal|p1a: Incineroar|71/100|[from] item: Sitrus Berry
|-damage|p2a: Gholdengo|3/100|[from] item: Life Orb
|
|-weather|SunnyDay|[upkeep]
|-sideend|p2: paradox duck|move: Tailwind
|upkeep
|turn|5
|
|t:|1785879641
|move|p2b: Whimsicott|Protect|p2b: Whimsicott
|-singleturn|p2b: Whimsicott|Protect
|move|p1b: Venusaur|Protect||[still]
|-fail|p1b: Venusaur
|move|p2a: Gholdengo|Make It Rain|p1a: Incineroar|[spread] p1a,p1b
|-resisted|p1a: Incineroar|1
|-damage|p1a: Incineroar|43/100
|-damage|p1b: Venusaur|28/100
|-unboost|p2a: Gholdengo|spa|2
|-damage|p2a: Gholdengo|0 fnt|[from] item: Life Orb
|faint|p2a: Gholdengo
|move|p1a: Incineroar|Flare Blitz|p2b: Whimsicott
|-activate|p2b: Whimsicott|move: Protect
|
|-weather|none
|upkeep
|
|t:|1785879649
|switch|p2a: Tyranitar|Tyranitar, L50, F|100/100
|-weather|Sandstorm|[from] ability: Sand Stream|[of] p2a: Tyranitar
|turn|6
|
|t:|1785879656
|switch|p1a: Garchomp|Garchomp, L50, M|46/100
|move|p1b: Venusaur|Protect|p1b: Venusaur
|-singleturn|p1b: Venusaur|Protect
|move|p2b: Whimsicott|Tailwind|p2b: Whimsicott
|-sidestart|p2: paradox duck|move: Tailwind
|move|p2a: Tyranitar|Rock Slide|p1a: Garchomp|[spread] p1a
|-activate|p1b: Venusaur|move: Protect
|-resisted|p1a: Garchomp|1
|-damage|p1a: Garchomp|32/100
|
|-weather|Sandstorm|[upkeep]
|-damage|p2b: Whimsicott|94/100|[from] Sandstorm
|-damage|p1b: Venusaur|23/100|[from] Sandstorm
|-end|p1b: Venusaur|Encore
|upkeep
|turn|7
|
|t:|1785879666
|switch|p1a: Incineroar|Incineroar, L50, F|43/100
|-ability|p1a: Incineroar|Intimidate|boost
|-unboost|p2a: Tyranitar|atk|1
|-unboost|p2b: Whimsicott|atk|1
|move|p2a: Tyranitar|Rock Slide|p1b: Venusaur|[spread] p1a,p1b
|-supereffective|p1a: Incineroar|1
|-damage|p1a: Incineroar|16/100
|-damage|p1b: Venusaur|0 fnt
|faint|p1b: Venusaur
|move|p2b: Whimsicott|Moonblast|p1a: Incineroar
|-damage|p1a: Incineroar|0 fnt
|faint|p1a: Incineroar
|
|-weather|Sandstorm|[upkeep]
|-damage|p2b: Whimsicott|88/100|[from] Sandstorm
|upkeep
|
|t:|1785879673
|switch|p1b: Garchomp|Garchomp, L50, M|32/100
|turn|8
|
|t:|1785879678
|move|p2a: Tyranitar|Rock Slide|p1b: Garchomp|[miss]
|-miss|p2a: Tyranitar|p1b: Garchomp
|move|p2b: Whimsicott|Moonblast|p1b: Garchomp
|-supereffective|p1b: Garchomp|1
|-damage|p1b: Garchomp|0 fnt
|faint|p1b: Garchomp
|
|win|paradox duck
||paradox duck is ready for game 2.
||MugiwaraLux is ready for game 2.
|uhtml|next|Next: Game 2 of 3
