|j|☆caseofxtc
|j|☆GIRLHELL1998
|html|caseofxtcGIRLHELL1998    
|uhtml|bestof|Game 1 of a best-of-3
|t:|1757651543
|gametype|doubles
|player|p1|caseofxtc|2|
|player|p2|GIRLHELL1998|roxie|
|gen|9
|tier|[Gen 9] VGC 2025 Reg H (Bo3)
|rule|Species Clause: Limit one of each Pokémon
|rule|Item Clause: Limit 1 of each item
|clearpoke
|poke|p1|Greninja-*, L50, F|
|poke|p1|Ampharos, L50, F|
|poke|p1|Porygon2, L50|
|poke|p1|Archaludon, L50, M|
|poke|p1|Incineroar, L50, F|
|poke|p1|Pelipper, L50, F|
|poke|p2|Incineroar, L50, M|
|poke|p2|Porygon2, L50|
|poke|p2|Amoonguss, L50, M|
|poke|p2|Ursaluna, L50, F|
|poke|p2|Gholdengo, L50|
|poke|p2|Flamigo, L50, M|
|teampreview|4
|showteam|p1|Greninja||LoadedDice|Protean|Protect,DarkPulse,WaterShuriken,Haze|||F|||50|,,,,,Ghost]Ampharos||ChoiceSpecs|Static|Thunder,PowerGem,VoltSwitch,DazzlingGleam|||F|||50|,,,,,Fairy]Porygon2||Eviolite|Download|IceBeam,TeraBlast,TrickRoom,Recover||||||50|,,,,,Fighting]Archaludon||AssaultVest|Stamina|FlashCannon,DragonPulse,ElectroShot,BodyPress|||M|||50|,,,,,Flying]Incineroar||SafetyGoggles|Intimidate|FakeOut,KnockOff,FlareBlitz,PartingShot|||F|||50|,,,,,Ghost]Pelipper||FocusSash|Drizzle|WeatherBall,Hurricane,Tailwind,Protect|||F|||50|,,,,,Water
|showteam|p2|Incineroar||SafetyGoggles|Intimidate|KnockOff,FlareBlitz,PartingShot,FakeOut|||M|||50|,,,,,Grass]Porygon2||Eviolite|Download|TeraBlast,IceBeam,Recover,TrickRoom||||||50|,,,,,Fighting]Amoonguss||MentalHerb|Regenerator|Spore,RagePowder,PollenPuff,SludgeBomb|||M|||50|,,,,,Water]Ursaluna||FlameOrb|Guts|Facade,HeadlongRush,Earthquake,Protect|||F|||50|,,,,,Normal]Gholdengo||LifeOrb|GoodasGold|MakeItRain,ShadowBall,NastyPlot,Protect||||||50|,,,,,Dragon]Flamigo||FocusSash|Scrappy|CloseCombat,BraveBird,WideGuard,Protect|||M|||50|,,,,,Ghost
|inactive|Battle timer is ON: inactive players will automatically lose when time's up. (requested by GIRLHELL1998)
|c|☆caseofxtc|look at this funny team lol
|inactive|GIRLHELL1998 has 60 seconds left.
|inactive|GIRLHELL1998 has 30 seconds left.
|inactive|GIRLHELL1998 has 20 seconds left.
|inactive|GIRLHELL1998 has 15 seconds left.
|inactive|GIRLHELL1998 has 10 seconds left.
|
|t:|1757651626
|teamsize|p1|4
|teamsize|p2|4
|start
|switch|p1a: Archaludon|Archaludon, L50, M|100/100
|switch|p1b: Greninja|Greninja, L50, F|100/100
|switch|p2a: Incineroar|Incineroar, L50, M, shiny|100/100
|switch|p2b: Amoonguss|Amoonguss, L50, M, shiny|100/100
|-ability|p2a: Incineroar|Intimidate|boost
|-unboost|p1a: Archaludon|atk|1
|-unboost|p1b: Greninja|atk|1
|turn|1
|inactive|caseofxtc has 30 seconds left.
|inactive|GIRLHELL1998 has 30 seconds left.
|inactive|caseofxtc has 20 seconds left.
|inactive|caseofxtc has 15 seconds left.
|inactive|caseofxtc has 10 seconds left.
|inactive|caseofxtc has 5 seconds left.
|
|t:|1757651680
|switch|p2a: Porygon2|Porygon2, L50, shiny|100/100
|-ability|p2a: Porygon2|Download|boost
|-boost|p2a: Porygon2|spa|1
|-terastallize|p1b: Greninja|Ghost
|move|p1b: Greninja|Water Shuriken|p1a: Archaludon
|-resisted|p1a: Archaludon
|-damage|p1a: Archaludon|98/100
|-ability|p1a: Archaludon|Stamina|boost
|-boost|p1a: Archaludon|def|1
|-resisted|p1a: Archaludon
|-damage|p1a: Archaludon|95/100
|-ability|p1a: Archaludon|Stamina|boost
|-boost|p1a: Archaludon|def|1
|-resisted|p1a: Archaludon
|-damage|p1a: Archaludon|93/100
|-ability|p1a: Archaludon|Stamina|boost
|-boost|p1a: Archaludon|def|1
|-resisted|p1a: Archaludon
|-damage|p1a: Archaludon|90/100
|-ability|p1a: Archaludon|Stamina|boost
|-boost|p1a: Archaludon|def|1
|-resisted|p1a: Archaludon
|-damage|p1a: Archaludon|88/100
|-ability|p1a: Archaludon|Stamina|boost
|-boost|p1a: Archaludon|def|1
|-hitcount|p1a: Archaludon|5
|move|p1a: Archaludon|Body Press|p2a: Porygon2
|-supereffective|p2a: Porygon2
|-damage|p2a: Porygon2|16/100
|move|p2b: Amoonguss|Spore|p1b: Greninja
|-status|p1b: Greninja|slp|[from] move: Spore
|
|upkeep
|turn|2
|inactive|caseofxtc has 30 seconds left.
|inactive|GIRLHELL1998 has 30 seconds left.
|inactive|caseofxtc has 20 seconds left.
|inactive|caseofxtc has 15 seconds left.
|
|t:|1757651722
|move|p2b: Amoonguss|Rage Powder|p2b: Amoonguss
|-singleturn|p2b: Amoonguss|move: Rage Powder
|cant|p1b: Greninja|slp
|move|p1a: Archaludon|Body Press|p2b: Amoonguss
|-resisted|p2b: Amoonguss
|-damage|p2b: Amoonguss|68/100
|move|p2a: Porygon2|Trick Room|p2a: Porygon2
|-fieldstart|move: Trick Room|[of] p2a: Porygon2
|
|upkeep
|turn|3
|
|t:|1757651742
|switch|p1b: Pelipper|Pelipper, L50, F|100/100
|-weather|RainDance|[from] ability: Drizzle|[of] p1b: Pelipper
|move|p2b: Amoonguss|Spore|p1a: Archaludon
|-status|p1a: Archaludon|slp|[from] move: Spore
|move|p2a: Porygon2|Recover|p2a: Porygon2
|-heal|p2a: Porygon2|66/100
|cant|p1a: Archaludon|slp
|
|-weather|RainDance|[upkeep]
|upkeep
|turn|4
|inactive|caseofxtc has 30 seconds left.
|
|t:|1757651769
|-terastallize|p2a: Porygon2|Fighting
|move|p2b: Amoonguss|Spore|p1b: Pelipper
|-status|p1b: Pelipper|slp|[from] move: Spore
|move|p2a: Porygon2|Tera Blast|p1a: Archaludon|[anim] Tera Blast Fighting
|-supereffective|p1a: Archaludon
|-damage|p1a: Archaludon|24/100 slp
|-ability|p1a: Archaludon|Stamina|boost
|-boost|p1a: Archaludon|def|1
|cant|p1a: Archaludon|slp
|cant|p1b: Pelipper|slp
|
|-weather|RainDance|[upkeep]
|upkeep
|turn|5
|inactive|caseofxtc has 30 seconds left.
|inactive|GIRLHELL1998 has 30 seconds left.
|inactive|GIRLHELL1998 has 20 seconds left.
|inactive|GIRLHELL1998 has 15 seconds left.
|
|t:|1757651812
|move|p2b: Amoonguss|Pollen Puff|p2a: Porygon2
|-heal|p2a: Porygon2|100/100
|move|p2a: Porygon2|Tera Blast|p1a: Archaludon|[anim] Tera Blast Fighting
|-supereffective|p1a: Archaludon
|-damage|p1a: Archaludon|0 fnt
|faint|p1a: Archaludon
|cant|p1b: Pelipper|slp
|
|-weather|RainDance|[upkeep]
|upkeep
|
|t:|1757651822
|switch|p1a: Ampharos|Ampharos, L50, F|100/100
|turn|6
|
|t:|1757651841
|switch|p1a: Greninja|Greninja, L50, F, tera:Ghost|100/100 slp
|move|p2b: Amoonguss|Spore|p1a: Greninja
|-fail|p1a: Greninja|slp
|move|p2a: Porygon2|Ice Beam|p1b: Pelipper
|-damage|p1b: Pelipper|42/100 slp
|cant|p1b: Pelipper|slp
|
|-weather|RainDance|[upkeep]
|-fieldend|move: Trick Room
|upkeep
|turn|7
|inactive|caseofxtc has 30 seconds left.
|
|t:|1757651871
|switch|p2b: Incineroar|Incineroar, L50, M, shiny|100/100
|-ability|p2b: Incineroar|Intimidate|boost
|-unboost|p1a: Greninja|atk|1
|-unboost|p1b: Pelipper|atk|1
|cant|p1a: Greninja|slp
|-curestatus|p1b: Pelipper|slp|[msg]
|move|p1b: Pelipper|Hurricane|p2b: Incineroar
|-damage|p2b: Incineroar|56/100
|-start|p2b: Incineroar|confusion
|move|p2a: Porygon2|Ice Beam|p1b: Pelipper
|-damage|p1b: Pelipper|0 fnt
|faint|p1b: Pelipper
|
|-weather|none
|upkeep
|
|t:|1757651885
|switch|p1b: Ampharos|Ampharos, L50, F|100/100
|turn|8
|
|t:|1757651905
|-activate|p2b: Incineroar|confusion
|move|p2b: Incineroar|Fake Out|p1b: Ampharos
|-damage|p1b: Ampharos|89/100
|cant|p1a: Greninja|slp
|cant|p1b: Ampharos|flinch
|move|p2a: Porygon2|Trick Room|p2a: Porygon2
|-fieldstart|move: Trick Room|[of] p2a: Porygon2
|
|upkeep
|turn|9
|
|t:|1757651925
|-curestatus|p1a: Greninja|slp|[msg]
|move|p1a: Greninja|Water Shuriken|p2b: Incineroar
|-supereffective|p2b: Incineroar
|-damage|p2b: Incineroar|44/100
|-supereffective|p2b: Incineroar
|-damage|p2b: Incineroar|30/100
|-supereffective|p2b: Incineroar
|-damage|p2b: Incineroar|17/100
|-supereffective|p2b: Incineroar
|-damage|p2b: Incineroar|3/100
|-supereffective|p2b: Incineroar
|-damage|p2b: Incineroar|0 fnt
|faint|p2b: Incineroar
|-hitcount|p2: Incineroar|5
|move|p1b: Ampharos|Dazzling Gleam|p2a: Porygon2
|-supereffective|p2a: Porygon2
|-damage|p2a: Porygon2|50/100
|move|p2a: Porygon2|Tera Blast|p1b: Ampharos|[anim] Tera Blast Fighting
|-damage|p1b: Ampharos|38/100
|
|upkeep
|
|t:|1757651946
|switch|p2b: Ursaluna|Ursaluna, L50, F, shiny|100/100
|turn|10
|inactive|GIRLHELL1998 has 30 seconds left.
|inactive|GIRLHELL1998 has 20 seconds left.
|
|t:|1757651982
|switch|p2a: Amoonguss|Amoonguss, L50, M, shiny|100/100
|move|p1a: Greninja|Water Shuriken|p2a: Amoonguss
|-resisted|p2a: Amoonguss
|-damage|p2a: Amoonguss|98/100
|-resisted|p2a: Amoonguss
|-damage|p2a: Amoonguss|95/100
|-resisted|p2a: Amoonguss
|-damage|p2a: Amoonguss|92/100
|-resisted|p2a: Amoonguss
|-damage|p2a: Amoonguss|90/100
|-resisted|p2a: Amoonguss
|-damage|p2a: Amoonguss|87/100
|-hitcount|p2a: Amoonguss|5
|move|p2b: Ursaluna|Earthquake|p1a: Greninja|[spread] p2a,p1a,p1b
|-supereffective|p1b: Ampharos
|-damage|p2a: Amoonguss|53/100
|-damage|p1a: Greninja|30/100
|-damage|p1b: Ampharos|0 fnt
|faint|p1b: Ampharos
|
|-status|p2b: Ursaluna|brn|[from] item: Flame Orb
|upkeep
|turn|11
|
|t:|1757652003
|move|p1a: Greninja|Water Shuriken|p2b: Ursaluna
|-supereffective|p2b: Ursaluna
|-damage|p2b: Ursaluna|87/100 brn
|-supereffective|p2b: Ursaluna
|-damage|p2b: Ursaluna|74/100 brn
|-supereffective|p2b: Ursaluna
|-damage|p2b: Ursaluna|60/100 brn
|-supereffective|p2b: Ursaluna
|-damage|p2b: Ursaluna|47/100 brn
|-supereffective|p2b: Ursaluna
|-damage|p2b: Ursaluna|35/100 brn
|-hitcount|p2b: Ursaluna|5
|move|p2a: Amoonguss|Spore|p1a: Greninja
|-status|p1a: Greninja|slp|[from] move: Spore
|move|p2b: Ursaluna|Headlong Rush|p1a: Greninja
|-damage|p1a: Greninja|0 fnt
|-unboost|p2b: Ursaluna|def|1
|-unboost|p2b: Ursaluna|spd|1
|faint|p1a: Greninja
|
|win|GIRLHELL1998
||caseofxtc is ready for game 2.
|inactive|GIRLHELL1998 has 30 seconds to confirm battle start!
||GIRLHELL1998 is ready for game 2.
|uhtml|next|Next: Game 2 of 3
