|j|☆zephnix
|j|☆Senli
|html|zephnixSenli    
|uhtml|bestof|Game 1 of a best-of-3
|t:|1785929986
|gametype|doubles
|player|p1|zephnix|lucas-gen4pt|1106
|player|p2|Senli|florian-bb|1111
|gen|9
|tier|[Gen 9 Champions] VGC 2026 Reg M-B (Bo3)
|rated|
|rule|Species Clause: Limit one of each Pokémon
|rule|Item Clause: Limit 1 of each item
|clearpoke
|poke|p1|Scizor, L50, M, shiny|
|poke|p1|Meowscarada, L50, F|
|poke|p1|Armarouge, L50, F|
|poke|p1|Milotic, L50, F|
|poke|p1|Clefable, L50, M|
|poke|p1|Meowstic, L50, M|
|poke|p2|Raichu, L50, M, shiny|
|poke|p2|Staraptor, L50, M|
|poke|p2|Arcanine-Hisui, L50, M, shiny|
|poke|p2|Farigiraf, L50, F, shiny|
|poke|p2|Sylveon, L50, F|
|poke|p2|Kingambit, L50, M|
|teampreview|4
|showteam|p1|Scizor||Scizorite|Technician|BulletPunch,BugBite,Protect,SwordsDance|Adamant||M|||50|]Meowscarada||FocusSash|Protean|SuckerPunch,KnockOff,FlowerTrick,TripleAxel|Jolly||F|||50|]Armarouge||ShucaBerry|FlashFire|HeatWave,Psychic,Protect,WideGuard|Quiet||F|||50|]Milotic||Leftovers|Competitive|Scald,IceBeam,Protect,LifeDew|Bold||F|||50|]Clefable||SitrusBerry|Unaware|Moonblast,FollowMe,Protect,LifeDew|Calm||M|||50|]Meowstic||Meowsticite|Prankster|FakeOut,Reflect,LightScreen,Psychic|Timid||M|||50|
|showteam|p2|Raichu||RaichuniteY|LightningRod|ZapCannon,FocusBlast,FakeOut,Protect|Timid||M|||50|]Staraptor||Staraptite|Intimidate|CloseCombat,DualWingbeat,Tailwind,Protect|Jolly||M|||50|]Arcanine-Hisui||FocusSash|RockHead|FlareBlitz,HeadSmash,ExtremeSpeed,Protect|Jolly||M|||50|]Farigiraf||SitrusBerry|ArmorTail|Psychic,HelpingHand,TrickRoom,Protect|Calm||F|||50|]Sylveon||FairyFeather|Pixilate|HyperVoice,QuickAttack,HyperBeam,Detect|Modest||F|||50|]Kingambit||LifeOrb|Defiant|KowtowCleave,SuckerPunch,SwordsDance,Protect|Adamant||M|||50|
|inactive|Battle timer is ON: inactive players will automatically lose when time's up. (requested by Senli)
|inactive|zephnix has 60 seconds left.
|inactive|Senli has 60 seconds left.
|
|t:|1785930035
|teamsize|p1|4
|teamsize|p2|4
|start
|switch|p1a: Milotic|Milotic, L50, F|100/100
|switch|p1b: Meowstic|Meowstic, L50, M|100/100
|switch|p2a: Raichu|Raichu, L50, M, shiny|100/100
|switch|p2b: Arcanine|Arcanine-Hisui, L50, M, shiny|100/100
|turn|1
|
|t:|1785930058
|detailschange|p2a: Raichu|Raichu-Mega-Y, L50, M, shiny
|-mega|p2a: Raichu|Raichu|Raichunite Y
|move|p1b: Meowstic|Fake Out|p2a: Raichu
|-damage|p2a: Raichu|91/100
|cant|p2a: Raichu|flinch
|move|p2b: Arcanine|Head Smash|p1b: Meowstic
|-damage|p1b: Meowstic|0 fnt
|faint|p1b: Meowstic
|move|p1a: Milotic|Scald|p2b: Arcanine
|-supereffective|p2b: Arcanine|2
|-enditem|p2b: Arcanine|Focus Sash
|-damage|p2b: Arcanine|1/100
|
|upkeep
|
|t:|1785930077
|switch|p1b: Clefable|Clefable, L50, M|100/100
|turn|2
|
|t:|1785930101
|switch|p2b: Kingambit|Kingambit, L50, M|100/100
|move|p1b: Clefable|Follow Me|p1b: Clefable
|-singleturn|p1b: Clefable|move: Follow Me
|move|p2a: Raichu|Zap Cannon|p1b: Clefable
|-damage|p1b: Clefable|59/100
|-status|p1b: Clefable|par
|move|p1a: Milotic|Scald|p2b: Kingambit
|-crit|p2b: Kingambit
|-damage|p2b: Kingambit|61/100
|
|upkeep
|turn|3
|inactive|zephnix has 30 seconds left.
|
|t:|1785930134
|move|p1b: Clefable|Follow Me|p1b: Clefable
|-singleturn|p1b: Clefable|move: Follow Me
|move|p2a: Raichu|Zap Cannon|p1b: Clefable
|-damage|p1b: Clefable|14/100 par
|-enditem|p1b: Clefable|Sitrus Berry|[eat]
|-heal|p1b: Clefable|39/100 par|[from] item: Sitrus Berry
|move|p1a: Milotic|Scald|p2a: Raichu
|-damage|p2a: Raichu|55/100
|move|p2b: Kingambit|Swords Dance|p2b: Kingambit
|-boost|p2b: Kingambit|atk|2
|
|upkeep
|turn|4
|
|t:|1785930151
|move|p1a: Milotic|Protect|p1a: Milotic
|-singleturn|p1a: Milotic|Protect
|move|p2a: Raichu|Zap Cannon|p1a: Milotic
|-activate|p1a: Milotic|move: Protect
|move|p2b: Kingambit|Swords Dance|p2b: Kingambit
|-boost|p2b: Kingambit|atk|2
|move|p1b: Clefable|Life Dew||[still]|[spread] p1a,p1b
|-fail|p1a: Milotic|heal
|-heal|p1b: Clefable|64/100 par
|
|upkeep
|turn|5
|
|t:|1785930171
|cant|p1b: Clefable|par
|move|p2a: Raichu|Zap Cannon|p1b: Clefable
|-damage|p1b: Clefable|23/100 par
|move|p1a: Milotic|Scald|p2a: Raichu
|-damage|p2a: Raichu|22/100
|move|p2b: Kingambit|Kowtow Cleave|p1a: Milotic
|-damage|p1a: Milotic|0 fnt
|faint|p1a: Milotic
|-damage|p2b: Kingambit|52/100|[from] item: Life Orb
|
|upkeep
|c|☆Senli|1HKO
|
|t:|1785930185
|switch|p1a: Scizor|Scizor, L50, M, shiny|100/100
|turn|6
|
|t:|1785930207
|switch|p2a: Farigiraf|Farigiraf, L50, F, shiny|100/100
|detailschange|p1a: Scizor|Scizor-Mega, L50, M, shiny
|-mega|p1a: Scizor|Scizor|Scizorite
|move|p1b: Clefable|Follow Me|p1b: Clefable
|-singleturn|p1b: Clefable|move: Follow Me
|move|p1a: Scizor|Bullet Punch||[still]
|cant|p2a: Farigiraf|ability: Armor Tail|Bullet Punch|[of] p1a: Scizor
|move|p2b: Kingambit|Kowtow Cleave|p1b: Clefable
|-resisted|p1b: Clefable|1
|-damage|p1b: Clefable|0 fnt
|faint|p1b: Clefable
|-damage|p2b: Kingambit|42/100|[from] item: Life Orb
|
|upkeep
|turn|7
|inactive|Senli has 30 seconds left.
|
|t:|1785930234
|move|p2b: Kingambit|Protect|p2b: Kingambit
|-singleturn|p2b: Kingambit|Protect
|move|p1a: Scizor|Bug Bite|p2a: Farigiraf
|-supereffective|p2a: Farigiraf|1
|-damage|p2a: Farigiraf|18/100
|-enditem|p2a: Farigiraf|Sitrus Berry|[from] stealeat|[move] Bug Bite|[of] p1a: Scizor
|move|p2a: Farigiraf|Trick Room|p2a: Farigiraf
|-fieldstart|move: Trick Room|[of] p2a: Farigiraf
|
|upkeep
|turn|8
|
|t:|1785930245
|move|p2a: Farigiraf|Helping Hand|p2b: Kingambit
|-singleturn|p2b: Kingambit|Helping Hand|[of] p2a: Farigiraf
|move|p1a: Scizor|Protect|p1a: Scizor
|-singleturn|p1a: Scizor|Protect
|move|p2b: Kingambit|Kowtow Cleave|p1a: Scizor
|-activate|p1a: Scizor|move: Protect
|
|upkeep
|turn|9
|
|t:|1785930257
|move|p2a: Farigiraf|Helping Hand|p2b: Kingambit
|-singleturn|p2b: Kingambit|Helping Hand|[of] p2a: Farigiraf
|move|p2b: Kingambit|Kowtow Cleave|p1a: Scizor
|-damage|p1a: Scizor|0 fnt
|faint|p1a: Scizor
|-damage|p2b: Kingambit|32/100|[from] item: Life Orb
|
|win|Senli
||zephnix is ready for game 2.
||Senli is ready for game 2.
|uhtml|next|Next: Game 2 of 3
