|j|☆th3_M1kuB0y
|j|☆5GiftedCanariSubs
|html|th3_M1kuB0y5GiftedCanariSubs    
|uhtml|bestof|Game 1 of a best-of-3
|t:|1784302677
|gametype|doubles
|player|p1|th3_M1kuB0y|1|1000
|player|p2|5GiftedCanariSubs|canari|1083
|gen|9
|tier|[Gen 9 Champions] VGC 2026 Reg M-B (Bo3)
|rated|
|rule|Species Clause: Limit one of each Pokémon
|rule|Item Clause: Limit 1 of each item
|clearpoke
|poke|p1|Hawlucha, L50, F, shiny|
|poke|p1|Excadrill, L50, F, shiny|
|poke|p1|Mawile, L50, M, shiny|
|poke|p1|Farigiraf, L50, M, shiny|
|poke|p1|Incineroar, L50, F, shiny|
|poke|p1|Rotom-Wash, L50, shiny|
|poke|p2|Tyranitar, L50, F|
|poke|p2|Staraptor, L50, F|
|poke|p2|Excadrill, L50, M|
|poke|p2|Milotic, L50, F|
|poke|p2|Sinistcha, L50|
|poke|p2|Gholdengo, L50|
|teampreview|4
|showteam|p1|Hawlucha||Hawluchanite|MoldBreaker|CloseCombat,BraveBird,Protect,Entrainment|Jolly||F|||50|]Excadrill||ChoiceScarf|MoldBreaker|Fissure,IronHead,HighHorsepower,Protect|Jolly||F|||50|]Mawile||Mawilite|Intimidate|Crunch,PlayRough,IronHead,Protect|Brave||M|||50|]Farigiraf||FocusSash|ArmorTail|ExpandingForce,TrickRoom,PsychicTerrain,Protect|Relaxed||M|||50|]Incineroar||SitrusBerry|Intimidate|FakeOut,PartingShot,FlareBlitz,ThroatChop|Brave||F|||50|]Rotom-Wash||Leftovers|Levitate|VoltSwitch,Protect,WillOWisp,HydroPump|Modest|||||50|
|showteam|p2|Tyranitar||Tyranitarite|SandStream|RockSlide,KnockOff,HighHorsepower,Protect|Jolly||F|||50|]Staraptor||Staraptite|Intimidate|BraveBird,CloseCombat,Tailwind,Protect|Jolly||F|||50|]Excadrill||FocusSash|SandRush|RockSlide,HighHorsepower,IronHead,Protect|Jolly||M|||50|]Milotic||SitrusBerry|Competitive|Scald,IcyWind,Haze,Protect|Calm||F|||50|]Sinistcha||KasibBerry|Hospitality|MatchaGotcha,RagePowder,ShadowBall,Protect|Bold|||||50|]Gholdengo||LifeOrb|GoodasGold|MakeItRain,ShadowBall,NastyPlot,Protect|Modest|||||50|
|
|t:|1784302738
|teamsize|p1|4
|teamsize|p2|4
|start
|switch|p1a: Farigiraf|Farigiraf, L50, M, shiny|100/100
|switch|p1b: Incineroar|Incineroar, L50, F, shiny|100/100
|switch|p2a: Staraptor|Staraptor, L50, F|100/100
|switch|p2b: Milotic|Milotic, L50, F|100/100
|-ability|p2a: Staraptor|Intimidate|boost
|-unboost|p1a: Farigiraf|atk|1
|-unboost|p1b: Incineroar|atk|1
|-ability|p1b: Incineroar|Intimidate|boost
|-unboost|p2a: Staraptor|atk|1
|-unboost|p2b: Milotic|atk|1
|-ability|p2b: Milotic|Competitive|boost
|-boost|p2b: Milotic|spa|2
|turn|1
|
|t:|1784302763
|switch|p2a: Sinistcha|Sinistcha, L50|100/100
|move|p1b: Incineroar|Fake Out|p2a: Sinistcha
|-immune|p2a: Sinistcha
|move|p2b: Milotic|Scald|p1b: Incineroar
|-supereffective|p1b: Incineroar|1
|-damage|p1b: Incineroar|3/100
|-enditem|p1b: Incineroar|Sitrus Berry|[eat]
|-heal|p1b: Incineroar|28/100|[from] item: Sitrus Berry
|move|p1a: Farigiraf|Trick Room|p1a: Farigiraf
|-fieldstart|move: Trick Room|[of] p1a: Farigiraf
|
|upkeep
|turn|2
|
|t:|1784302795
|move|p2a: Sinistcha|Protect|p2a: Sinistcha
|-singleturn|p2a: Sinistcha|Protect
|move|p1b: Incineroar|Parting Shot|p2a: Sinistcha
|-activate|p2a: Sinistcha|move: Protect
|move|p1a: Farigiraf|Psychic Terrain|p1a: Farigiraf
|-fieldstart|move: Psychic Terrain
|move|p2b: Milotic|Scald|p1a: Farigiraf
|-damage|p1a: Farigiraf|46/100
|
|upkeep
|turn|3
|
|t:|1784302833
|switch|p2a: Gholdengo|Gholdengo, L50|100/100
|move|p1a: Farigiraf|Expanding Force|p2b: Milotic|[spread] p2a,p2b
|-resisted|p2a: Gholdengo|1
|-damage|p2a: Gholdengo|79/100
|-damage|p2b: Milotic|72/100
|move|p1b: Incineroar|Parting Shot|p2a: Gholdengo
|-immune|p2a: Gholdengo|[from] ability: Good as Gold
|move|p2b: Milotic|Scald|p1b: Incineroar
|-supereffective|p1b: Incineroar|1
|-damage|p1b: Incineroar|0 fnt
|faint|p1b: Incineroar
|
|upkeep
|
|t:|1784302845
|switch|p1b: Mawile|Mawile, L50, M, shiny|100/100
|-ability|p1b: Mawile|Intimidate|boost
|-unboost|p2a: Gholdengo|atk|1
|-unboost|p2b: Milotic|atk|1
|-ability|p2b: Milotic|Competitive|boost
|-boost|p2b: Milotic|spa|2
|turn|4
|inactive|Battle timer is ON: inactive players will automatically lose when time's up. (requested by 5GiftedCanariSubs)
|inactive|th3_M1kuB0y has 60 seconds left.
|inactive|th3_M1kuB0y has 30 seconds left.
|inactive|th3_M1kuB0y has 20 seconds left.
|inactive|th3_M1kuB0y has 15 seconds left.
|inactive|th3_M1kuB0y has 10 seconds left.
|inactive|th3_M1kuB0y has 5 seconds left.
|
|t:|1784303019
|move|p2b: Milotic|Protect|p2b: Milotic
|-singleturn|p2b: Milotic|Protect
|move|p1b: Mawile|Crunch|p2a: Gholdengo
|-supereffective|p2a: Gholdengo|1
|-damage|p2a: Gholdengo|37/100
|move|p1a: Farigiraf|Expanding Force|p2a: Gholdengo|[spread] p2a
|-activate|p2b: Milotic|move: Protect
|-resisted|p2a: Gholdengo|1
|-damage|p2a: Gholdengo|18/100
|move|p2a: Gholdengo|Make It Rain|p1a: Farigiraf|[spread] p1a,p1b
|-damage|p1a: Farigiraf|0 fnt
|-damage|p1b: Mawile|0 fnt
|-unboost|p2a: Gholdengo|spa|2
|faint|p1a: Farigiraf
|faint|p1b: Mawile
|-damage|p2a: Gholdengo|8/100|[from] item: Life Orb
|
|upkeep
|inactive|th3_M1kuB0y has 30 seconds left.
|inactive|th3_M1kuB0y has 20 seconds left.
|inactive|th3_M1kuB0y has 15 seconds left.
|inactive|th3_M1kuB0y has 10 seconds left.
|inactive|th3_M1kuB0y has 5 seconds left.
|
|t:|1784303074
|switch|p1a: Rotom|Rotom-Wash, L50, shiny|100/100
|turn|5
|inactive|th3_M1kuB0y has 30 seconds left.
|inactive|th3_M1kuB0y has 20 seconds left.
|inactive|th3_M1kuB0y has 15 seconds left.
|inactive|th3_M1kuB0y has 10 seconds left.
|inactive|th3_M1kuB0y has 5 seconds left.
|
|t:|1784303129
|switch|p2a: Sinistcha|Sinistcha, L50|100/100
|-heal|p2b: Milotic|97/100|[from] ability: Hospitality|[of] p2a: Sinistcha
|move|p1a: Rotom|Volt Switch|p2b: Milotic
|-supereffective|p2b: Milotic|1
|-damage|p2b: Milotic|58/100
|move|p2b: Milotic|Icy Wind|p1a: Rotom
|-resisted|p1a: Rotom|1
|-damage|p1a: Rotom|80/100
|-unboost|p1a: Rotom|spe|1
|
|-heal|p1a: Rotom|85/100|[from] item: Leftovers
|-fieldend|move: Trick Room
|upkeep
|turn|6
|inactive|th3_M1kuB0y has 30 seconds left.
|inactive|th3_M1kuB0y has 20 seconds left.
|inactive|th3_M1kuB0y has 15 seconds left.
|inactive|th3_M1kuB0y has 10 seconds left.
|inactive|th3_M1kuB0y has 5 seconds left.
|
|t:|1784303184
|move|p2b: Milotic|Scald|p1a: Rotom
|-resisted|p1a: Rotom|1
|-damage|p1a: Rotom|35/100
|-status|p1a: Rotom|brn
|move|p2a: Sinistcha|Matcha Gotcha|p1a: Rotom
|-supereffective|p1a: Rotom|1
|-damage|p1a: Rotom|0 fnt
|faint|p1a: Rotom
|
|win|5GiftedCanariSubs
