|j|☆UndeadParadox
|j|☆flight30flight4
|html|UndeadParadoxflight30flight4    
|uhtml|bestof|Game 1 of a best-of-3
|t:|1757739449
|gametype|doubles
|player|p1|UndeadParadox|guitarist|1209
|player|p2|flight30flight4|1|1290
|gen|9
|tier|[Gen 9] VGC 2025 Reg H (Bo3)
|rated|
|rule|Species Clause: Limit one of each Pokémon
|rule|Item Clause: Limit 1 of each item
|clearpoke
|poke|p1|Sneasler, L50, F|
|poke|p1|Rillaboom, L50, M|
|poke|p1|Incineroar, L50, M|
|poke|p1|Gholdengo, L50|
|poke|p1|Ursaluna-Bloodmoon, L50, M|
|poke|p1|Electabuzz, L50, F|
|poke|p2|Ursaluna-Bloodmoon, L50, M|
|poke|p2|Rillaboom, L50, M|
|poke|p2|Porygon2, L50|
|poke|p2|Sneasler, L50, F|
|poke|p2|Pelipper, L50, M|
|poke|p2|Archaludon, L50, M|
|teampreview|4
|showteam|p1|Sneasler||GrassySeed|Unburden|CloseCombat,DireClaw,Acrobatics,Protect|||F|||50|,,,,,Flying]Rillaboom||AssaultVest|GrassySurge|WoodHammer,GrassyGlide,FakeOut,HighHorsepower|||M|||50|,,,,,Fire]Incineroar||SafetyGoggles|Intimidate|FlareBlitz,KnockOff,PartingShot,FakeOut|||M|||50|,,,,,Ghost]Gholdengo||MetalCoat|GoodasGold|Protect,MakeItRain,ShadowBall,NastyPlot||||||50|,,,,,Water]Ursaluna-Bloodmoon||LifeOrb|MindsEye|Protect,BloodMoon,HyperVoice,EarthPower|||M|||50|,,,,,Normal]Electabuzz||Eviolite|VitalSpirit|Protect,Electroweb,Taunt,FollowMe|||F|||50|,,,,,Ghost
|showteam|p2|Ursaluna-Bloodmoon||AssaultVest|MindsEye|BloodMoon,EarthPower,HyperVoice,VacuumWave|||M|||50|,,,,,Grass]Rillaboom||LoadedDice|GrassySurge|GrassyGlide,BulletSeed,Uturn,FakeOut|||M|||50|,,,,,Fire]Porygon2||Eviolite|Download|TeraBlast,IceBeam,Protect,TrickRoom||||||50|,,,,,Flying]Sneasler||GrassySeed|Unburden|DireClaw,CloseCombat,Protect,Acrobatics|||F|||50|,,,,,Flying]Pelipper||FocusSash|Drizzle|WeatherBall,Hurricane,Tailwind,Protect|||M|||50|,,,,,Ghost]Archaludon||PowerHerb|Stamina|ElectroShot,BodyPress,DragonPulse,Snarl|||M|||50|,,,,,Bug
|
|t:|1757739498
|teamsize|p1|4
|teamsize|p2|4
|start
|switch|p1a: Sneasler|Sneasler, L50, F, shiny|100/100
|switch|p1b: Rillaboom|Rillaboom, L50, M|100/100
|switch|p2a: Rillaboom|Rillaboom, L50, M|100/100
|switch|p2b: Porygon2|Porygon2, L50|100/100
|-fieldstart|move: Grassy Terrain|[from] ability: Grassy Surge|[of] p2a: Rillaboom
|-enditem|p1a: Sneasler|Grassy Seed
|-boost|p1a: Sneasler|def|1|[from] item: Grassy Seed
|-ability|p2b: Porygon2|Download|boost
|-boost|p2b: Porygon2|spa|1
|turn|1
|
|t:|1757739534
|-terastallize|p1a: Sneasler|Flying
|-terastallize|p2b: Porygon2|Flying
|move|p2a: Rillaboom|Fake Out|p1b: Rillaboom
|-damage|p1b: Rillaboom|85/100
|cant|p1b: Rillaboom|flinch
|move|p1a: Sneasler|Acrobatics|p2a: Rillaboom
|-supereffective|p2a: Rillaboom
|-damage|p2a: Rillaboom|0 fnt
|faint|p2a: Rillaboom
|move|p2b: Porygon2|Trick Room|p2b: Porygon2
|-fieldstart|move: Trick Room|[of] p2b: Porygon2
|
|-heal|p1b: Rillaboom|91/100|[from] Grassy Terrain
|upkeep
|
|t:|1757739552
|switch|p2a: Archaludon|Archaludon, L50, M|100/100
|turn|2
|
|t:|1757739569
|switch|p1b: Electabuzz|Electabuzz, L50, F|100/100
|move|p1a: Sneasler|Protect|p1a: Sneasler
|-singleturn|p1a: Sneasler|Protect
|move|p2b: Porygon2|Tera Blast|p1b: Electabuzz|[anim] Tera Blast Flying
|-resisted|p1b: Electabuzz
|-damage|p1b: Electabuzz|80/100
|move|p2a: Archaludon|Electro Shot||[still]
|-prepare|p2a: Archaludon|Electro Shot
|-boost|p2a: Archaludon|spa|1
|-enditem|p2a: Archaludon|Power Herb
|-anim|p2a: Archaludon|Electro Shot|p1a: Sneasler
|-activate|p1a: Sneasler|move: Protect
|
|-heal|p1b: Electabuzz|85/100|[from] Grassy Terrain
|upkeep
|turn|3
|
|t:|1757739601
|move|p1b: Electabuzz|Follow Me|p1b: Electabuzz
|-singleturn|p1b: Electabuzz|move: Follow Me
|move|p2b: Porygon2|Ice Beam|p1b: Electabuzz
|-damage|p1b: Electabuzz|53/100
|move|p2a: Archaludon|Dragon Pulse|p1b: Electabuzz
|-damage|p1b: Electabuzz|4/100
|move|p1a: Sneasler|Close Combat|p2a: Archaludon
|-supereffective|p2a: Archaludon
|-damage|p2a: Archaludon|5/100
|-unboost|p1a: Sneasler|def|1
|-unboost|p1a: Sneasler|spd|1
|-ability|p2a: Archaludon|Stamina|boost
|-boost|p2a: Archaludon|def|1
|
|-heal|p2a: Archaludon|11/100|[from] Grassy Terrain
|-heal|p1b: Electabuzz|9/100|[from] Grassy Terrain
|upkeep
|turn|4
|
|t:|1757739630
|move|p1a: Sneasler|Protect|p1a: Sneasler
|-singleturn|p1a: Sneasler|Protect
|move|p2b: Porygon2|Ice Beam|p1b: Electabuzz
|-damage|p1b: Electabuzz|0 fnt
|faint|p1b: Electabuzz
|move|p2a: Archaludon|Dragon Pulse|p1a: Sneasler
|-activate|p1a: Sneasler|move: Protect
|
|-heal|p2a: Archaludon|17/100|[from] Grassy Terrain
|upkeep
|
|t:|1757739636
|switch|p1b: Ursaluna|Ursaluna-Bloodmoon, L50, M|100/100
|turn|5
|
|t:|1757739683
|switch|p1a: Rillaboom|Rillaboom, L50, M|91/100
|move|p2b: Porygon2|Ice Beam|p1a: Rillaboom
|-supereffective|p1a: Rillaboom
|-damage|p1a: Rillaboom|38/100
|move|p2a: Archaludon|Body Press|p1b: Ursaluna
|-supereffective|p1b: Ursaluna
|-damage|p1b: Ursaluna|43/100
|move|p1b: Ursaluna|Hyper Voice|p2b: Porygon2|[spread] p2a,p2b
|-resisted|p2a: Archaludon
|-crit|p2b: Porygon2
|-damage|p2a: Archaludon|0 fnt
|-damage|p2b: Porygon2|53/100
|faint|p2a: Archaludon
|-damage|p1b: Ursaluna|33/100|[from] item: Life Orb
|
|-heal|p1b: Ursaluna|39/100|[from] Grassy Terrain
|-heal|p1a: Rillaboom|44/100|[from] Grassy Terrain
|-fieldend|move: Trick Room
|-fieldend|move: Grassy Terrain
|upkeep
|
|t:|1757739691
|switch|p2a: Ursaluna|Ursaluna-Bloodmoon, L50, M|100/100
|turn|6
|
|t:|1757739711
|move|p1a: Rillaboom|Fake Out|p2a: Ursaluna
|-damage|p2a: Ursaluna|91/100
|cant|p2a: Ursaluna|flinch
|move|p1b: Ursaluna|Blood Moon|p2b: Porygon2
|-damage|p2b: Porygon2|0 fnt
|faint|p2b: Porygon2
|-damage|p1b: Ursaluna|29/100|[from] item: Life Orb
|
|upkeep
|turn|7
|
|t:|1757739724
|move|p1a: Rillaboom|Wood Hammer|p2a: Ursaluna
|-supereffective|p2a: Ursaluna
|-damage|p2a: Ursaluna|5/100
|-damage|p1a: Rillaboom|13/100|[from] Recoil
|move|p1b: Ursaluna|Hyper Voice|p2a: Ursaluna
|-damage|p2a: Ursaluna|0 fnt
|faint|p2a: Ursaluna
|-damage|p1b: Ursaluna|20/100|[from] item: Life Orb
|
|win|UndeadParadox
||flight30flight4 is ready for game 2.
|l|☆flight30flight4
|player|p2|
|inactive|UndeadParadox has 30 seconds to confirm battle start!
||UndeadParadox is ready for game 2.
|uhtml|next|Next: Game 2 of 3
