|j|☆axew1555
|j|☆JakeL57
|html|axew1555JakeL57    
|uhtml|bestof|Game 2 of a best-of-3
|t:|1783895908
|gametype|doubles
|player|p1|axew1555|2|
|player|p2|JakeL57|266|
|gen|9
|tier|[Gen 9 Champions] VGC 2026 Reg M-B (Bo3)
|rule|Species Clause: Limit one of each Pokémon
|rule|Item Clause: Limit 1 of each item
|clearpoke
|poke|p1|Scovillain, L50, F, shiny|
|poke|p1|Toxapex, L50, F, shiny|
|poke|p1|Glimmora, L50, M, shiny|
|poke|p1|Rotom-Wash, L50, shiny|
|poke|p1|Noivern, L50, M, shiny|
|poke|p1|Volcarona, L50, F, shiny|
|poke|p2|Sinistcha, L50|
|poke|p2|Chesnaught, L50, M|
|poke|p2|Grimmsnarl, L50, M|
|poke|p2|Politoed, L50, F|
|poke|p2|Basculegion, L50, M|
|poke|p2|Archaludon, L50, F|
|teampreview|4
|showteam|p1|Scovillain||Scovillainite|Chlorophyll|FireSpin,LeechSeed,Protect,Flamethrower|Modest||F|||50|]Toxapex||SitrusBerry|Regenerator|WideGuard,BanefulBunker,Infestation,Toxic|Impish||F|||50|]Glimmora||FocusSash|ToxicDebris|MortalSpin,EarthPower,SpikyShield,Venoshock|Modest||M|||50|]Rotom-Wash||ChoiceScarf|Levitate|HydroPump,VoltSwitch,Trick,Electroweb|Modest|||||50|]Noivern||ZoomLens|Infiltrator|DracoMeteor,Tailwind,Hurricane,FocusBlast|Timid||M|||50|]Volcarona||LifeOrb|FlameBody|QuiverDance,HeatWave,BugBuzz,Protect|Modest||F|||50|
|showteam|p2|Sinistcha||SitrusBerry|Hospitality|MatchaGotcha,RagePowder,TrickRoom,Protect|Serious|||||50|]Chesnaught||Chesnaughtite|Bulletproof|SpikyShield,BodyPress,WoodHammer,IronDefense|Impish||M|||50|]Grimmsnarl||LightClay|Prankster|PartingShot,Reflect,LightScreen,SpiritBreak|Careful||M|||50|]Politoed||DampRock|Drizzle|Protect,WeatherBall,PerishSong,Encore|Serious||F|||50|]Basculegion||LifeOrb|SwiftSwim|LastRespects,AquaJet,WaveCrash,Protect|Jolly||M|||50|]Archaludon||Leftovers|Stamina|ElectroShot,FlashCannon,Protect,DragonPulse|Timid||F|||50|
|
|t:|1783895993
|teamsize|p1|4
|teamsize|p2|4
|start
|switch|p1a: Scovillain|Scovillain, L50, F, shiny|100/100
|switch|p1b: Noivern|Noivern, L50, M, shiny|100/100
|switch|p2a: Sinistcha|Sinistcha, L50|100/100
|switch|p2b: Chesnaught|Chesnaught, L50, M|100/100
|turn|1
|
|t:|1783896010
|detailschange|p2b: Chesnaught|Chesnaught-Mega, L50, M
|-mega|p2b: Chesnaught|Chesnaught|Chesnaughtite
|move|p2a: Sinistcha|Protect|p2a: Sinistcha
|-singleturn|p2a: Sinistcha|Protect
|move|p1b: Noivern|Tailwind|p1b: Noivern
|-sidestart|p1: axew1555|move: Tailwind
|move|p1a: Scovillain|Flamethrower|p2b: Chesnaught
|-supereffective|p2b: Chesnaught|1
|-damage|p2b: Chesnaught|25/100
|move|p2b: Chesnaught|Iron Defense|p2b: Chesnaught
|-boost|p2b: Chesnaught|def|2
|
|upkeep
|turn|2
|
|t:|1783896032
|detailschange|p1a: Scovillain|Scovillain-Mega, L50, F, shiny
|-mega|p1a: Scovillain|Scovillain|Scovillainite
|move|p2b: Chesnaught|Spiky Shield|p2b: Chesnaught
|-singleturn|p2b: Chesnaught|move: Protect
|move|p1b: Noivern|Hurricane|p2a: Sinistcha|[miss]
|-miss|p1b: Noivern|p2a: Sinistcha
|move|p1a: Scovillain|Flamethrower|p2b: Chesnaught
|-activate|p2b: Chesnaught|move: Protect
|move|p2a: Sinistcha|Trick Room|p2a: Sinistcha
|-fieldstart|move: Trick Room|[of] p2a: Sinistcha
|
|upkeep
|turn|3
|
|t:|1783896061
|move|p2a: Sinistcha|Rage Powder|p2a: Sinistcha
|-singleturn|p2a: Sinistcha|move: Rage Powder
|move|p2b: Chesnaught|Body Press|p1a: Scovillain
|-damage|p1a: Scovillain|0 fnt
|-status|p2b: Chesnaught|brn|[from] ability: Spicy Spray|[of] p1a: Scovillain
|faint|p1a: Scovillain
|move|p1b: Noivern|Hurricane|p2a: Sinistcha
|-supereffective|p2a: Sinistcha|1
|-damage|p2a: Sinistcha|0 fnt
|faint|p2a: Sinistcha
|
|-damage|p2b: Chesnaught|18/100 brn|[from] brn
|upkeep
|
|t:|1783896077
|switch|p2a: Politoed|Politoed, L50, F|100/100
|switch|p1a: Glimmora|Glimmora, L50, M, shiny|100/100
|-weather|RainDance|[from] ability: Drizzle|[of] p2a: Politoed
|turn|4
|
|t:|1783896101
|move|p1a: Glimmora|Spiky Shield|p1a: Glimmora
|-singleturn|p1a: Glimmora|move: Protect
|move|p2b: Chesnaught|Body Press|p1a: Glimmora
|-activate|p1a: Glimmora|move: Protect
|-damage|p2b: Chesnaught|6/100 brn|[from] Spiky Shield|[of] p1a: Glimmora
|move|p2a: Politoed|Weather Ball|p1a: Glimmora
|-activate|p1a: Glimmora|move: Protect
|move|p1b: Noivern|Draco Meteor|p2a: Politoed
|-damage|p2a: Politoed|58/100
|-unboost|p1b: Noivern|spa|2
|
|-weather|RainDance|[upkeep]
|-damage|p2b: Chesnaught|1/100 brn|[from] brn
|-sideend|p1: axew1555|move: Tailwind
|upkeep
|turn|5
|
|t:|1783896129
|switch|p1a: Toxapex|Toxapex, L50, F, shiny|100/100
|move|p2b: Chesnaught|Body Press|p1a: Toxapex
|-resisted|p1a: Toxapex|1
|-damage|p1a: Toxapex|78/100
|move|p2a: Politoed|Weather Ball|p1a: Toxapex
|-resisted|p1a: Toxapex|1
|-damage|p1a: Toxapex|58/100
|move|p1b: Noivern|Hurricane|p2a: Politoed
|-damage|p2a: Politoed|41/100
|
|-weather|RainDance|[upkeep]
|-damage|p2b: Chesnaught|0 fnt|[from] brn
|faint|p2b: Chesnaught
|upkeep
|
|t:|1783896142
|switch|p2b: Basculegion|Basculegion, L50, M|100/100
|turn|6
|
|t:|1783896169
|move|p1a: Toxapex|Toxic|p2b: Basculegion
|-status|p2b: Basculegion|tox
|move|p2a: Politoed|Weather Ball|p1b: Noivern
|-resisted|p1b: Noivern|1
|-damage|p1b: Noivern|66/100
|move|p1b: Noivern|Hurricane|p2a: Politoed
|-damage|p2a: Politoed|22/100
|move|p2b: Basculegion|Wave Crash|p1b: Noivern
|-resisted|p1b: Noivern|1
|-damage|p1b: Noivern|0 fnt
|faint|p1b: Noivern
|-damage|p2b: Basculegion|82/100 tox|[from] Recoil
|-damage|p2b: Basculegion|72/100 tox|[from] item: Life Orb
|
|-weather|RainDance|[upkeep]
|-damage|p2b: Basculegion|66/100 tox|[from] psn
|-fieldend|move: Trick Room
|upkeep
|
|t:|1783896185
|switch|p1b: Glimmora|Glimmora, L50, M, shiny|100/100
|turn|7
|
|t:|1783896208
|move|p1b: Glimmora|Spiky Shield|p1b: Glimmora
|-singleturn|p1b: Glimmora|move: Protect
|move|p2a: Politoed|Protect|p2a: Politoed
|-singleturn|p2a: Politoed|Protect
|move|p2b: Basculegion|Wave Crash|p1b: Glimmora
|-activate|p1b: Glimmora|move: Protect
|-damage|p2b: Basculegion|54/100 tox|[from] Spiky Shield|[of] p1b: Glimmora
|move|p1a: Toxapex|Infestation|p2a: Politoed
|-activate|p2a: Politoed|move: Protect
|
|-weather|RainDance|[upkeep]
|-damage|p2b: Basculegion|42/100 tox|[from] psn
|upkeep
|turn|8
|
|t:|1783896231
|move|p2b: Basculegion|Wave Crash|p1b: Glimmora
|-supereffective|p1b: Glimmora|1
|-crit|p1b: Glimmora
|-enditem|p1b: Glimmora|Focus Sash
|-damage|p1b: Glimmora|1/100
|-activate|p1b: Glimmora|ability: Toxic Debris
|-sidestart|p2: JakeL57|move: Toxic Spikes
|-damage|p2b: Basculegion|10/100 tox|[from] Recoil
|-damage|p2b: Basculegion|1/100 tox|[from] item: Life Orb
|move|p1b: Glimmora|Venoshock|p2b: Basculegion
|-resisted|p2b: Basculegion|1
|-damage|p2b: Basculegion|0 fnt
|faint|p2b: Basculegion
|move|p2a: Politoed|Encore|p1b: Glimmora
|-start|p1b: Glimmora|Encore
|move|p1a: Toxapex|Infestation|p2a: Politoed
|-damage|p2a: Politoed|20/100y
|-activate|p2a: Politoed|move: Infestation|[of] p1a: Toxapex
|
|-weather|RainDance|[upkeep]
|-damage|p2a: Politoed|8/100|[from] move: Infestation|[partiallytrapped]
|upkeep
|turn|9
|
|t:|1783896254
|move|p1b: Glimmora|Venoshock|p2a: Politoed
|-damage|p2a: Politoed|0 fnt
|faint|p2a: Politoed
|
|win|axew1555
|l|☆axew1555
|player|p1|
|j|☆axew1555
|player|p1|axew1555|2|
