|j|☆L3git Pro
|j|☆marcusquinn
|html|L3git Promarcusquinn    
|uhtml|bestof|Game 3 of a best-of-3
|t:|1757649817
|gametype|doubles
|player|p1|L3git Pro|cynthia-gen7|1172
|player|p2|marcusquinn|hilbert-wonderlauncher|1160
|gen|9
|tier|[Gen 9] VGC 2025 Reg H (Bo3)
|rated|
|rule|Species Clause: Limit one of each Pokémon
|rule|Item Clause: Limit 1 of each item
|clearpoke
|poke|p1|Dragonite, L50, M|
|poke|p1|Volcarona, L50, M|
|poke|p1|Kingambit, L50, F|
|poke|p1|Gholdengo, L50|
|poke|p1|Electabuzz, L50, M|
|poke|p1|Ursaluna-Bloodmoon, L50, M|
|poke|p2|Archaludon, L50, M|
|poke|p2|Porygon2, L50|
|poke|p2|Incineroar, L50, M|
|poke|p2|Ursaluna, L50, M|
|poke|p2|Sneasler, L50, M|
|poke|p2|Dragonite, L50, M|
|teampreview|4
|showteam|p1|Dragonite||ClearAmulet|Multiscale|DragonDance,DragonClaw,TeraBlast,Protect|||M|||50|,,,,,Flying]Volcarona||CovertCloak|FlameBody|StruggleBug,FieryDance,RagePowder,Tailwind|||M|||50|,,,,,Fairy]Kingambit||BlackGlasses|Defiant|KowtowCleave,SuckerPunch,SwordsDance,Protect|||F|||50|,,,,,Dark]Gholdengo||LifeOrb|GoodasGold|NastyPlot,ShadowBall,MakeItRain,Protect||||||50|,,,,,Steel]Electabuzz||Eviolite|Static|FollowMe,HelpingHand,VoltSwitch,ThunderWave|||M|||50|,,,,,Grass]Ursaluna-Bloodmoon||AssaultVest|MindsEye|BloodMoon,HyperVoice,EarthPower,VacuumWave|||M|||50|,,,,,Water
|showteam|p2|Archaludon||PowerHerb|Sturdy|Protect,ElectroShot,DracoMeteor,FlashCannon|||M|||50|,,,,,Electric]Porygon2||Eviolite|Download|TeraBlast,IceBeam,Recover,TrickRoom||||||50|,,,,,Fighting]Incineroar||SafetyGoggles|Intimidate|FlareBlitz,KnockOff,FakeOut,PartingShot|||M|||50|,,,,,Ghost]Ursaluna||FlameOrb|Guts|HeadlongRush,Facade,Earthquake,Protect|||M|||50|,,,,,Ghost]Sneasler||FocusSash|Unburden|Protect,CloseCombat,DireClaw,ThroatChop|||M|||50|,,,,,Stellar]Dragonite||LoadedDice|Multiscale|ScaleShot,Tailwind,Haze,Protect|||M|||50|,,,,,Fairy
|inactive|Battle timer is ON: inactive players will automatically lose when time's up. (requested by marcusquinn)
|
|t:|1757649831
|teamsize|p1|4
|teamsize|p2|4
|start
|switch|p1a: Dragonite|Dragonite, L50, M|100/100
|switch|p1b: Volcarona|Volcarona, L50, M|100/100
|switch|p2a: Ursaluna|Ursaluna, L50, M|100/100
|switch|p2b: Dragonite|Dragonite, L50, M, shiny|100/100
|turn|1
|inactive|L3git Pro has 30 seconds left.
|inactive|marcusquinn has 30 seconds left.
|inactive|marcusquinn has 20 seconds left.
|
|t:|1757649871
|switch|p2a: Incineroar|Incineroar, L50, M, shiny|100/100
|-ability|p2a: Incineroar|Intimidate|boost
|-fail|p1a: Dragonite|unboost|[from] item: Clear Amulet|[of] p1a: Dragonite
|-unboost|p1b: Volcarona|atk|1
|-terastallize|p2b: Dragonite|Fairy
|move|p2b: Dragonite|Tailwind|p2b: Dragonite
|-sidestart|p2: marcusquinn|move: Tailwind
|move|p1b: Volcarona|Tailwind|p1b: Volcarona
|-sidestart|p1: L3git Pro|move: Tailwind
|move|p1a: Dragonite|Dragon Dance|p1a: Dragonite
|-boost|p1a: Dragonite|atk|1
|-boost|p1a: Dragonite|spe|1
|
|upkeep
|turn|2
|
|t:|1757649892
|-terastallize|p1b: Volcarona|Fairy
|move|p1a: Dragonite|Protect|p1a: Dragonite
|-singleturn|p1a: Dragonite|Protect
|move|p1b: Volcarona|Rage Powder|p1b: Volcarona
|-singleturn|p1b: Volcarona|move: Rage Powder
|move|p2b: Dragonite|Haze|p2b: Dragonite
|-clearallboost
|move|p2a: Incineroar|Knock Off|p1b: Volcarona
|-resisted|p1b: Volcarona
|-damage|p1b: Volcarona|81/100
|-enditem|p1b: Volcarona|Covert Cloak|[from] move: Knock Off|[of] p2a: Incineroar
|
|upkeep
|turn|3
|
|t:|1757649909
|switch|p2b: Ursaluna|Ursaluna, L50, M|100/100
|move|p1b: Volcarona|Rage Powder|p1b: Volcarona
|-singleturn|p1b: Volcarona|move: Rage Powder
|move|p1a: Dragonite|Dragon Dance|p1a: Dragonite
|-boost|p1a: Dragonite|atk|1
|-boost|p1a: Dragonite|spe|1
|move|p2a: Incineroar|Parting Shot|p1b: Volcarona
|-unboost|p1b: Volcarona|atk|1
|-unboost|p1b: Volcarona|spa|1
|
|t:|1757649918
|switch|p2a: Dragonite|Dragonite, L50, M, shiny, tera:Fairy|100/100|[from] Parting Shot
|
|-status|p2b: Ursaluna|brn|[from] item: Flame Orb
|upkeep
|turn|4
|
|t:|1757649937
|switch|p2a: Incineroar|Incineroar, L50, M, shiny|100/100
|-ability|p2a: Incineroar|Intimidate|boost
|-fail|p1a: Dragonite|unboost|[from] item: Clear Amulet|[of] p1a: Dragonite
|-unboost|p1b: Volcarona|atk|1
|move|p1a: Dragonite|Dragon Claw|p2b: Ursaluna
|-damage|p2b: Ursaluna|51/100 brn
|move|p1b: Volcarona|Fiery Dance|p2a: Incineroar
|-resisted|p2a: Incineroar
|-damage|p2a: Incineroar|90/100
|move|p2b: Ursaluna|Facade|p1a: Dragonite
|-damage|p1a: Dragonite|43/100
|
|-damage|p2b: Ursaluna|45/100 brn|[from] brn
|-sideend|p1: L3git Pro|move: Tailwind
|-sideend|p2: marcusquinn|move: Tailwind
|upkeep
|turn|5
|
|t:|1757649961
|move|p2a: Incineroar|Fake Out|p1a: Dragonite
|-damage|p1a: Dragonite|32/100
|cant|p1a: Dragonite|flinch
|move|p1b: Volcarona|Tailwind|p1b: Volcarona
|-sidestart|p1: L3git Pro|move: Tailwind
|move|p2b: Ursaluna|Headlong Rush|p1b: Volcarona
|-damage|p1b: Volcarona|0 fnt
|-unboost|p2b: Ursaluna|def|1
|-unboost|p2b: Ursaluna|spd|1
|faint|p1b: Volcarona
|
|-damage|p2b: Ursaluna|39/100 brn|[from] brn
|upkeep
|
|t:|1757649974
|switch|p1b: Ursaluna|Ursaluna-Bloodmoon, L50, M|100/100
|turn|6
|
|t:|1757649987
|switch|p2a: Sneasler|Sneasler, L50, M|100/100
|move|p1a: Dragonite|Dragon Claw|p2b: Ursaluna
|-damage|p2b: Ursaluna|0 fnt
|faint|p2b: Ursaluna
|move|p1b: Ursaluna|Blood Moon|p2a: Sneasler
|-enditem|p2a: Sneasler|Focus Sash
|-damage|p2a: Sneasler|1/100
|
|upkeep
|
|t:|1757649998
|switch|p2b: Dragonite|Dragonite, L50, M, shiny, tera:Fairy|100/100
|turn|7
|inactive|marcusquinn has 30 seconds left.
|inactive|marcusquinn has 20 seconds left.
|
|t:|1757650034
|switch|p2a: Incineroar|Incineroar, L50, M, shiny|90/100
|-ability|p2a: Incineroar|Intimidate|boost
|-fail|p1a: Dragonite|unboost|[from] item: Clear Amulet|[of] p1a: Dragonite
|-unboost|p1b: Ursaluna|atk|1
|move|p1a: Dragonite|Protect|p1a: Dragonite
|-singleturn|p1a: Dragonite|Protect
|move|p1b: Ursaluna|Vacuum Wave|p2a: Incineroar
|-supereffective|p2a: Incineroar
|-damage|p2a: Incineroar|58/100
|move|p2b: Dragonite|Scale Shot|p1a: Dragonite
|-activate|p1a: Dragonite|move: Protect
|
|upkeep
|turn|8
|
|t:|1757650053
|move|p2a: Incineroar|Fake Out|p1b: Ursaluna
|-damage|p1b: Ursaluna|91/100
|move|p1a: Dragonite|Dragon Claw|p2a: Incineroar
|-damage|p2a: Incineroar|0 fnt
|faint|p2a: Incineroar
|cant|p1b: Ursaluna|flinch
|move|p2b: Dragonite|Scale Shot|p1a: Dragonite
|-supereffective|p1a: Dragonite
|-damage|p1a: Dragonite|4/100
|-supereffective|p1a: Dragonite
|-damage|p1a: Dragonite|0 fnt
|faint|p1a: Dragonite
|-hitcount|p1: Dragonite|2
|-unboost|p2b: Dragonite|def|1
|-boost|p2b: Dragonite|spe|1
|
|-sideend|p1: L3git Pro|move: Tailwind
|upkeep
|
|t:|1757650068
|switch|p1a: Gholdengo|Gholdengo, L50|100/100
|switch|p2a: Sneasler|Sneasler, L50, M|1/100
|turn|9
|
|t:|1757650079
|move|p2a: Sneasler|Protect|p2a: Sneasler
|-singleturn|p2a: Sneasler|Protect
|move|p2b: Dragonite|Scale Shot|p1b: Ursaluna
|-damage|p1b: Ursaluna|78/100
|-damage|p1b: Ursaluna|66/100
|-damage|p1b: Ursaluna|54/100
|-damage|p1b: Ursaluna|41/100
|-damage|p1b: Ursaluna|29/100
|-hitcount|p1b: Ursaluna|5
|-unboost|p2b: Dragonite|def|1
|-boost|p2b: Dragonite|spe|1
|move|p1a: Gholdengo|Make It Rain|p2b: Dragonite|[spread] p2b
|-activate|p2a: Sneasler|move: Protect
|-supereffective|p2b: Dragonite
|-damage|p2b: Dragonite|27/100
|-unboost|p1a: Gholdengo|spa|1
|-damage|p1a: Gholdengo|91/100|[from] item: Life Orb
|move|p1b: Ursaluna|Blood Moon|p2b: Dragonite
|-damage|p2b: Dragonite|0 fnt
|faint|p2b: Dragonite
|
|upkeep
|turn|10
|c|☆L3git Pro|gg
|-message|marcusquinn forfeited.
|
|win|L3git Pro
|raw|L3git Pro's rating: 1172 → 1196(+24 for winning)
|raw|marcusquinn's rating: 1160 → 1136(-24 for losing)
|l|☆marcusquinn
|player|p2|
|l|☆L3git Pro
|player|p1|
|j|☆marcusquinn
|player|p2|marcusquinn|hilbert-wonderlauncher|
|l|☆marcusquinn
|player|p2|
