|j|☆mocha gob
|j|☆grandsabersharkrai
|html|mocha gobgrandsabersharkrai    
|uhtml|bestof|Game 2 of a best-of-3
|t:|1783363195
|gametype|doubles
|player|p1|mocha gob|hiker|1157
|player|p2|grandsabersharkrai|101|1110
|gen|9
|tier|[Gen 9 Champions] VGC 2026 Reg M-B (Bo3)
|rated|
|rule|Species Clause: Limit one of each Pokémon
|rule|Item Clause: Limit 1 of each item
|clearpoke
|poke|p1|Raichu, L50, F|
|poke|p1|Staraptor, L50, M|
|poke|p1|Whimsicott, L50, F|
|poke|p1|Weavile, L50, F|
|poke|p1|Incineroar, L50, M|
|poke|p1|Skeledirge, L50, M|
|poke|p2|Floette-Eternal, L50, F|
|poke|p2|Charizard, L50, F, shiny|
|poke|p2|Basculegion, L50, M|
|poke|p2|Kingambit, L50, F, shiny|
|poke|p2|Whimsicott, L50, M, shiny|
|poke|p2|Garchomp, L50, F|
|teampreview|4
|showteam|p1|Raichu||RaichuniteY|LightningRod|ZapCannon,FocusBlast,NastyPlot,Protect|Timid||F|||50|]Staraptor||Staraptite|Intimidate|CloseCombat,BraveBird,Roost,Protect|Adamant||M|||50|]Whimsicott||MentalHerb|Prankster|Tailwind,SunnyDay,Moonblast,Charm|Bold||F|||50|]Weavile||FocusSash|Pressure|FakeOut,IceSpinner,KnockOff,IceShard|Jolly||F|||50|]Incineroar||SitrusBerry|Intimidate|FakeOut,FlareBlitz,DarkestLariat,PartingShot|Adamant||M|||50|]Skeledirge||Leftovers|Unaware|TorchSong,HeatWave,ShadowBall,Protect|Serious||M|||50|
|showteam|p2|Floette-Eternal||Floettite|FlowerVeil|Protect,DazzlingGleam,Moonblast,LightofRuin|Modest||F|||50|]Charizard||CharizarditeY|Blaze|Protect,HeatWave,WeatherBall,SolarBeam|Modest||F|||50|]Basculegion||ChoiceScarf|Adaptability|FlipTurn,WaveCrash,LastRespects,AquaJet|Jolly||M|||50|]Kingambit||OccaBerry|Defiant|Protect,KowtowCleave,IronHead,SuckerPunch|Adamant||F|||50|]Whimsicott||FocusSash|Prankster|Protect,Moonblast,Encore,Tailwind|Timid||M|||50|]Garchomp||HabanBerry|RoughSkin|Protect,Earthquake,DragonClaw,RockSlide|Jolly||F|||50|
|inactive|Battle timer is ON: inactive players will automatically lose when time's up. (requested by mocha gob)
|inactive|grandsabersharkrai has 60 seconds left.
|
|t:|1783363235
|teamsize|p1|4
|teamsize|p2|4
|start
|switch|p1a: Staraptor|Staraptor, L50, M|100/100
|switch|p1b: Incineroar|Incineroar, L50, M|100/100
|switch|p2a: Whimsicott|Whimsicott, L50, M, shiny|100/100
|switch|p2b: Floette|Floette-Eternal, L50, F|100/100
|-ability|p1a: Staraptor|Intimidate|boost
|-block|p2a: Whimsicott|ability: Flower Veil|[of] p2b: Floette
|-unboost|p2b: Floette|atk|1
|-ability|p1b: Incineroar|Intimidate|boost
|-block|p2a: Whimsicott|ability: Flower Veil|[of] p2b: Floette
|-unboost|p2b: Floette|atk|1
|turn|1
|
|t:|1783363250
|detailschange|p1a: Staraptor|Staraptor-Mega, L50, M
|-mega|p1a: Staraptor|Staraptor|Staraptite
|move|p2a: Whimsicott|Protect|p2a: Whimsicott
|-singleturn|p2a: Whimsicott|Protect
|move|p2b: Floette|Protect|p2b: Floette
|-singleturn|p2b: Floette|Protect
|move|p1b: Incineroar|Fake Out|p2a: Whimsicott
|-activate|p2a: Whimsicott|move: Protect
|move|p1a: Staraptor|Close Combat|p2b: Floette
|-activate|p2b: Floette|move: Protect
|
|upkeep
|turn|2
|
|t:|1783363266
|switch|p1a: Skeledirge|Skeledirge, L50, M|100/100
|detailschange|p2b: Floette|Floette-Mega, L50, F
|-mega|p2b: Floette|Floette|Floettite
|-ability|p2b: Floette|Fairy Aura
|move|p2a: Whimsicott|Moonblast|p1b: Incineroar
|-damage|p1b: Incineroar|54/100
|move|p2b: Floette|Moonblast|p1b: Incineroar
|-damage|p1b: Incineroar|0 fnt
|faint|p1b: Incineroar
|
|upkeep
|
|t:|1783363289
|switch|p1b: Weavile|Weavile, L50, F|100/100
|-ability|p1b: Weavile|Pressure
|turn|3
|
|t:|1783363312
|move|p1b: Weavile|Fake Out|p2a: Whimsicott
|-damage|p2a: Whimsicott|79/100
|cant|p2a: Whimsicott|flinch
|move|p2b: Floette|Dazzling Gleam|p1b: Weavile|[spread] p1a,p1b
|-resisted|p1a: Skeledirge|1
|-supereffective|p1b: Weavile|1
|-damage|p1a: Skeledirge|70/100
|-enditem|p1b: Weavile|Focus Sash
|-damage|p1b: Weavile|1/100
|move|p1a: Skeledirge|Torch Song|p2a: Whimsicott
|-supereffective|p2a: Whimsicott|1
|-damage|p2a: Whimsicott|0 fnt
|-boost|p1a: Skeledirge|spa|1
|faint|p2a: Whimsicott
|
|-heal|p1a: Skeledirge|76/100|[from] item: Leftovers
|upkeep
|
|t:|1783363327
|switch|p2a: Basculegion|Basculegion, L50, M|100/100
|turn|4
|
|t:|1783363342
|move|p2a: Basculegion|Flip Turn|p1b: Weavile
|-damage|p1b: Weavile|0 fnt
|faint|p1b: Weavile
|
|t:|1783363346
|switch|p2a: Garchomp|Garchomp, L50, F|100/100|[from] Flip Turn
|move|p2b: Floette|Moonblast|p1a: Skeledirge
|-resisted|p1a: Skeledirge|1
|-damage|p1a: Skeledirge|29/100
|move|p1a: Skeledirge|Shadow Ball|p2a: Garchomp
|-damage|p2a: Garchomp|32/100
|
|-heal|p1a: Skeledirge|35/100|[from] item: Leftovers
|upkeep
|
|t:|1783363355
|switch|p1b: Staraptor|Staraptor-Mega, L50, M|100/100
|turn|5
|
|t:|1783363364
|move|p2a: Garchomp|Dragon Claw|p1a: Skeledirge
|-damage|p1a: Skeledirge|0 fnt
|faint|p1a: Skeledirge
|move|p2b: Floette|Moonblast|p1b: Staraptor
|-supereffective|p1b: Staraptor|1
|-damage|p1b: Staraptor|0 fnt
|faint|p1b: Staraptor
|
|win|grandsabersharkrai
|raw|mocha gob's rating: 1157 → 1129(-28 for losing)
|raw|grandsabersharkrai's rating: 1110 → 1138(+28 for winning)
