|j|☆sad earns
|j|☆Slowjow
|html|sad earnsSlowjow    
|uhtml|bestof|Game 1 of a best-of-3
|t:|1757711686
|gametype|doubles
|player|p1|sad earns|marshal|1231
|player|p2|Slowjow|1|1292
|gen|9
|tier|[Gen 9] VGC 2025 Reg H (Bo3)
|rated|
|rule|Species Clause: Limit one of each Pokémon
|rule|Item Clause: Limit 1 of each item
|clearpoke
|poke|p1|Corviknight, L50, F|
|poke|p1|Tyranitar, L50, M|
|poke|p1|Gholdengo, L50|
|poke|p1|Hydreigon, L50, F|
|poke|p1|Farigiraf, L50, M|
|poke|p1|Garchomp, L50, F|
|poke|p2|Gliscor, L50, M|
|poke|p2|Electabuzz, L50, F|
|poke|p2|Tauros-Paldea-Blaze, L50, M|
|poke|p2|Meowscarada, L50, F|
|poke|p2|Kingambit, L50, F|
|poke|p2|Ninetales-Alola, L50, M|
|teampreview|4
|showteam|p1|Corviknight||Leftovers|MirrorArmor|BraveBird,IronHead,Tailwind,Taunt|||F|||50|,,,,,Dragon]Tyranitar||ChoiceBand|SandStream|KnockOff,RockSlide,LowKick,TeraBlast|||M|||50|,,,,,Flying]Gholdengo||MetalCoat|GoodasGold|MakeItRain,ShadowBall,NastyPlot,Protect||||||50|,,,,,Water]Hydreigon||SafetyGoggles|Levitate|DracoMeteor,HeatWave,NastyPlot,Protect|||F|||50|,,,,,Fire]Farigiraf||AssaultVest|ArmorTail|TwinBeam,GrassKnot,HyperVoice,ShadowBall|||M|||50|,,,,,Normal]Garchomp||LifeOrb|RoughSkin|Earthquake,StompingTantrum,DragonClaw,Protect|||F|||50|,,,,,Steel
|showteam|p2|Gliscor||ToxicOrb|PoisonHeal|HighHorsepower,DualWingbeat,SwordsDance,Protect|||M|||50|,,,,,Water]Electabuzz||Eviolite|VitalSpirit|Electroweb,Taunt,FollowMe,Protect|||F|||50|,,,,,Ghost]Tauros-Paldea-Blaze||MirrorHerb|Intimidate|RagingBull,CloseCombat,WillOWisp,Protect|||M|||50|,,,,,Grass]Meowscarada||FocusSash|Protean|FlowerTrick,KnockOff,Uturn,Protect|||F|||50|,,,,,Stellar]Kingambit||BlackGlasses|Defiant|KowtowCleave,SuckerPunch,SwordsDance,Protect|||F|||50|,,,,,Dark]Ninetales-Alola||LightClay|SnowWarning|AuroraVeil,FreezeDry,Encore,Protect|||M|||50|,,,,,Water
|inactive|Battle timer is ON: inactive players will automatically lose when time's up. (requested by sad earns)
|
|t:|1757711770
|teamsize|p1|4
|teamsize|p2|4
|start
|switch|p1a: Hydreigon|Hydreigon, L50, F|100/100
|switch|p1b: Corviknight|Corviknight, L50, F|100/100
|switch|p2a: Ninetales|Ninetales-Alola, L50, M|100/100
|switch|p2b: Tauros|Tauros-Paldea-Blaze, L50, M|100/100
|-weather|Snowscape|[from] ability: Snow Warning|[of] p2a: Ninetales
|-ability|p2b: Tauros|Intimidate|boost
|-unboost|p1a: Hydreigon|atk|1
|-ability|p1b: Corviknight|Mirror Armor
|-unboost|p2b: Tauros|atk|1
|turn|1
|inactive|sad earns has 30 seconds left.
|
|t:|1757711800
|switch|p1a: Tyranitar|Tyranitar, L50, M|100/100
|-weather|Sandstorm|[from] ability: Sand Stream|[of] p1a: Tyranitar
|move|p2a: Ninetales|Aurora Veil||[still]
|-fail|p2a: Ninetales
|move|p2b: Tauros|Will-O-Wisp|p1b: Corviknight
|-status|p1b: Corviknight|brn
|move|p1b: Corviknight|Tailwind|p1b: Corviknight
|-sidestart|p1: sad earns|move: Tailwind
|
|-weather|Sandstorm|[upkeep]
|-damage|p2a: Ninetales|94/100|[from] Sandstorm
|-damage|p2b: Tauros|94/100|[from] Sandstorm
|-damage|p1b: Corviknight|94/100 brn|[from] brn
|upkeep
|turn|2
|inactive|sad earns has 30 seconds left.
|inactive|sad earns has 20 seconds left.
|inactive|Slowjow has 30 seconds left.
|
|t:|1757711836
|switch|p1b: Hydreigon|Hydreigon, L50, F|100/100
|switch|p2a: Kingambit|Kingambit, L50, F|100/100
|move|p1a: Tyranitar|Rock Slide|p2a: Kingambit|[spread] p2a,p2b
|-resisted|p2a: Kingambit
|-damage|p2a: Kingambit|84/100
|-damage|p2b: Tauros|41/100
|move|p2b: Tauros|Will-O-Wisp|p1a: Tyranitar
|-status|p1a: Tyranitar|brn
|
|-weather|Sandstorm|[upkeep]
|-damage|p2b: Tauros|35/100|[from] Sandstorm
|-damage|p1a: Tyranitar|94/100 brn|[from] brn
|upkeep
|turn|3
|inactive|Slowjow has 30 seconds left.
|
|t:|1757711865
|move|p2a: Kingambit|Protect|p2a: Kingambit
|-singleturn|p2a: Kingambit|Protect
|move|p1b: Hydreigon|Heat Wave|p2b: Tauros|[spread] p2b
|-activate|p2a: Kingambit|move: Protect
|-resisted|p2b: Tauros
|-damage|p2b: Tauros|19/100
|move|p1a: Tyranitar|Rock Slide|p2b: Tauros|[spread] p2b
|-activate|p2a: Kingambit|move: Protect
|-damage|p2b: Tauros|0 fnt
|faint|p2b: Tauros
|
|-weather|Sandstorm|[upkeep]
|-damage|p1a: Tyranitar|88/100 brn|[from] brn
|upkeep
|
|t:|1757711881
|switch|p2b: Ninetales|Ninetales-Alola, L50, M|94/100
|-weather|Snowscape|[from] ability: Snow Warning|[of] p2b: Ninetales
|turn|4
|
|t:|1757711892
|-terastallize|p1b: Hydreigon|Fire
|-terastallize|p2a: Kingambit|Dark
|move|p1b: Hydreigon|Heat Wave|p2a: Kingambit|[spread] p2b
|-miss|p1b: Hydreigon|p2a: Kingambit
|-supereffective|p2b: Ninetales
|-damage|p2b: Ninetales|18/100
|move|p1a: Tyranitar|Rock Slide|p2a: Kingambit|[spread] p2a,p2b
|-supereffective|p2b: Ninetales
|-damage|p2a: Kingambit|66/100
|-damage|p2b: Ninetales|0 fnt
|faint|p2b: Ninetales
|move|p2a: Kingambit|Swords Dance|p2a: Kingambit
|-boost|p2a: Kingambit|atk|2
|
|-weather|Snowscape|[upkeep]
|-damage|p1a: Tyranitar|82/100 brn|[from] brn
|-sideend|p1: sad earns|move: Tailwind
|upkeep
|
|t:|1757711910
|switch|p2b: Meowscarada|Meowscarada, L50, F|100/100
|turn|5
|
|t:|1757711916
|switch|p1a: Corviknight|Corviknight, L50, F|94/100 brn
|move|p2b: Meowscarada|Protect|p2b: Meowscarada
|-start|p2b: Meowscarada|typechange|Normal|[from] ability: Protean
|-singleturn|p2b: Meowscarada|Protect
|move|p1b: Hydreigon|Heat Wave|p2b: Meowscarada|[spread] p2a
|-activate|p2b: Meowscarada|move: Protect
|-damage|p2a: Kingambit|31/100
|-status|p2a: Kingambit|brn
|move|p2a: Kingambit|Kowtow Cleave|p1b: Hydreigon
|-damage|p1b: Hydreigon|4/100
|
|-weather|Snowscape|[upkeep]
|-heal|p1a: Corviknight|100/100 brn|[from] item: Leftovers
|-damage|p1a: Corviknight|94/100 brn|[from] brn
|-damage|p2a: Kingambit|26/100 brn|[from] brn
|upkeep
|turn|6
|
|t:|1757711940
|move|p2b: Meowscarada|Knock Off|p1b: Hydreigon
|-damage|p1b: Hydreigon|0 fnt
|-enditem|p1b: Hydreigon|Safety Goggles|[from] move: Knock Off|[of] p2b: Meowscarada
|faint|p1b: Hydreigon
|move|p1a: Corviknight|Tailwind|p1a: Corviknight
|-sidestart|p1: sad earns|move: Tailwind
|move|p2a: Kingambit|Swords Dance|p2a: Kingambit
|-boost|p2a: Kingambit|atk|2
|
|-weather|Snowscape|[upkeep]
|-heal|p1a: Corviknight|100/100 brn|[from] item: Leftovers
|-damage|p1a: Corviknight|94/100 brn|[from] brn
|-damage|p2a: Kingambit|20/100 brn|[from] brn
|upkeep
|
|t:|1757711954
|switch|p1b: Garchomp|Garchomp, L50, F|100/100
|turn|7
|
|t:|1757711965
|move|p1b: Garchomp|Protect|p1b: Garchomp
|-singleturn|p1b: Garchomp|Protect
|move|p2a: Kingambit|Protect|p2a: Kingambit
|-singleturn|p2a: Kingambit|Protect
|move|p2b: Meowscarada|Flower Trick|p1b: Garchomp
|-activate|p1b: Garchomp|move: Protect
|move|p1a: Corviknight|Brave Bird|p2a: Kingambit
|-activate|p2a: Kingambit|move: Protect
|
|-weather|Snowscape|[upkeep]
|-heal|p1a: Corviknight|100/100 brn|[from] item: Leftovers
|-damage|p1a: Corviknight|94/100 brn|[from] brn
|-damage|p2a: Kingambit|14/100 brn|[from] brn
|upkeep
|turn|8
|
|t:|1757711988
|switch|p1b: Tyranitar|Tyranitar, L50, M|82/100 brn
|-weather|Sandstorm|[from] ability: Sand Stream|[of] p1b: Tyranitar
|move|p2a: Kingambit|Sucker Punch|p1a: Corviknight
|-damage|p1a: Corviknight|14/100 brn
|move|p2b: Meowscarada|Knock Off|p1a: Corviknight
|-damage|p1a: Corviknight|0 fnt
|-enditem|p1a: Corviknight|Leftovers|[from] move: Knock Off|[of] p2b: Meowscarada
|faint|p1a: Corviknight
|
|-weather|Sandstorm|[upkeep]
|-damage|p2b: Meowscarada|95/100|[from] Sandstorm
|-damage|p2a: Kingambit|8/100 brn|[from] Sandstorm
|-damage|p1b: Tyranitar|75/100 brn|[from] brn
|-damage|p2a: Kingambit|2/100 brn|[from] brn
|upkeep
|
|t:|1757712004
|switch|p1a: Garchomp|Garchomp, L50, F|100/100
|turn|9
|
|t:|1757712011
|move|p1a: Garchomp|Protect|p1a: Garchomp
|-singleturn|p1a: Garchomp|Protect
|move|p2a: Kingambit|Sucker Punch|p1b: Tyranitar
|-resisted|p1b: Tyranitar
|-crit|p1b: Tyranitar
|-damage|p1b: Tyranitar|8/100 brn
|move|p1b: Tyranitar|Rock Slide|p2b: Meowscarada|[spread] 
|-miss|p1b: Tyranitar|p2a: Kingambit
|-miss|p1b: Tyranitar|p2b: Meowscarada
|move|p2b: Meowscarada|Flower Trick|p1b: Tyranitar
|-supereffective|p1b: Tyranitar
|-crit|p1b: Tyranitar
|-damage|p1b: Tyranitar|0 fnt
|faint|p1b: Tyranitar
|
|-weather|Sandstorm|[upkeep]
|-damage|p2b: Meowscarada|89/100|[from] Sandstorm
|-damage|p2a: Kingambit|0 fnt|[from] Sandstorm
|faint|p2a: Kingambit
|-sideend|p1: sad earns|move: Tailwind
|upkeep
|turn|10
|inactive|Slowjow has 30 seconds left.
|
|t:|1757712041
|move|p2b: Meowscarada|Knock Off|p1a: Garchomp
|-damage|p1a: Garchomp|68/100
|-damage|p2b: Meowscarada|76/100|[from] ability: Rough Skin|[of] p1a: Garchomp
|-enditem|p1a: Garchomp|Life Orb|[from] move: Knock Off|[of] p2b: Meowscarada
|move|p1a: Garchomp|Dragon Claw|p2b: Meowscarada
|-damage|p2b: Meowscarada|13/100
|
|-weather|Sandstorm|[upkeep]
|-damage|p2b: Meowscarada|7/100|[from] Sandstorm
|upkeep
|turn|11
|
|t:|1757712059
|move|p2b: Meowscarada|Flower Trick|p1a: Garchomp
|-crit|p1a: Garchomp
|-damage|p1a: Garchomp|31/100
|move|p1a: Garchomp|Earthquake|p2b: Meowscarada
|-damage|p2b: Meowscarada|0 fnt
|faint|p2b: Meowscarada
|
|win|sad earns
|inactive|sad earns has 30 seconds to confirm battle start!
|inactive|Slowjow has 30 seconds to confirm battle start!
||sad earns is ready for game 2.
||Slowjow is ready for game 2.
|uhtml|next|Next: Game 2 of 3
