|j|☆RalleB314
|j|☆pagoose chase
|html|RalleB314pagoose chase    
|uhtml|bestof|Game 2 of a best-of-3
|t:|1757680095
|gametype|doubles
|player|p1|RalleB314|collector|1040
|player|p2|pagoose chase|roxanne-gen6|1114
|gen|9
|tier|[Gen 9] VGC 2025 Reg H (Bo3)
|rated|
|rule|Species Clause: Limit one of each Pokémon
|rule|Item Clause: Limit 1 of each item
|clearpoke
|poke|p1|Farigiraf, L50, M|
|poke|p1|Falinks, L50|
|poke|p1|Amoonguss, L50, F|
|poke|p1|Rillaboom, L50, F|
|poke|p1|Incineroar, L50, F|
|poke|p1|Porygon2, L50|
|poke|p2|Gliscor, L50, M|
|poke|p2|Tyranitar, L50, M|
|poke|p2|Rillaboom, L50, M|
|poke|p2|Gholdengo, L50|
|poke|p2|Electabuzz, L50, M|
|poke|p2|Annihilape, L50, M|
|teampreview|4
|showteam|p1|Farigiraf||ThroatSpray|ArmorTail|TrickRoom,HyperVoice,Psychic,Protect|||M|||50|,,,,,Normal]Falinks||LifeOrb|Defiant|NoRetreat,FirstImpression,KnockOff,CloseCombat||||||50|,,,,,Grass]Amoonguss||RockyHelmet|Regenerator|Spore,SludgeBomb,RagePowder,Protect|||F|||50|,,,,,Grass]Rillaboom||AssaultVest|GrassySurge|GrassyGlide,FakeOut,WoodHammer,Uturn|||F|||50|,,,,,Steel]Incineroar||SitrusBerry|Intimidate|FakeOut,PartingShot,FlareBlitz,Protect|||F|||50|,,,,,Fire]Porygon2||Eviolite|Download|TriAttack,TrickRoom,ShadowBall,Recover||||||50|,,,,,Normal
|showteam|p2|Gliscor||ToxicOrb|PoisonHeal|DualWingbeat,HighHorsepower,Tailwind,Protect|||M|||50|,,,,,Water]Tyranitar||AssaultVest|SandStream|RockSlide,KnockOff,LowKick,TeraBlast|||M|||50|,,,,,Flying]Rillaboom||MiracleSeed|GrassySurge|FakeOut,GrassyGlide,WoodHammer,Uturn|||M|||50|,,,,,Fire]Gholdengo||LifeOrb|GoodasGold|MakeItRain,ShadowBall,NastyPlot,Protect||||||50|,,,,,Water]Electabuzz||Eviolite|VitalSpirit|FollowMe,Electroweb,Taunt,Protect|||M|||50|,,,,,Ghost]Annihilape||SafetyGoggles|Defiant|RageFist,CloseCombat,Coaching,FinalGambit|||M|||50|,,,,,Steel
|
|t:|1757680111
|teamsize|p1|4
|teamsize|p2|4
|start
|switch|p1a: Porygon2|Porygon2, L50|100/100
|switch|p1b: Falinks|Falinks, L50|100/100
|switch|p2a: Annihilape|Annihilape, L50, M|100/100
|switch|p2b: Tyranitar|Tyranitar, L50, M|100/100
|-weather|Sandstorm|[from] ability: Sand Stream|[of] p2b: Tyranitar
|-ability|p1a: Porygon2|Download|boost
|-boost|p1a: Porygon2|atk|1
|turn|1
|
|t:|1757680211
|-terastallize|p2b: Tyranitar|Flying
|move|p2a: Annihilape|Coaching|p2b: Tyranitar
|-boost|p2b: Tyranitar|atk|1
|-boost|p2b: Tyranitar|def|1
|move|p2b: Tyranitar|Tera Blast|p1b: Falinks|[anim] Tera Blast Flying
|-supereffective|p1b: Falinks
|-damage|p1b: Falinks|0 fnt
|faint|p1b: Falinks
|move|p1a: Porygon2|Trick Room|p1a: Porygon2
|-fieldstart|move: Trick Room|[of] p1a: Porygon2
|
|-weather|Sandstorm|[upkeep]
|-damage|p1a: Porygon2|95/100|[from] Sandstorm
|-damage|p2b: Tyranitar|94/100|[from] Sandstorm
|upkeep
|
|t:|1757680222
|switch|p1b: Amoonguss|Amoonguss, L50, F|100/100
|turn|2
|
|t:|1757680231
|switch|p2b: Electabuzz|Electabuzz, L50, M|100/100
|move|p1b: Amoonguss|Spore|p2b: Electabuzz
|-immune|p2b: Electabuzz|[from] ability: Vital Spirit
|move|p1a: Porygon2|Shadow Ball|p2a: Annihilape
|-supereffective|p2a: Annihilape
|-damage|p2a: Annihilape|62/100
|move|p2a: Annihilape|Rage Fist|p1b: Amoonguss
|-damage|p1b: Amoonguss|58/100
|-damage|p2a: Annihilape|45/100|[from] item: Rocky Helmet|[of] p1b: Amoonguss
|
|-weather|Sandstorm|[upkeep]
|-damage|p1b: Amoonguss|52/100|[from] Sandstorm
|-damage|p1a: Porygon2|89/100|[from] Sandstorm
|-damage|p2b: Electabuzz|94/100|[from] Sandstorm
|upkeep
|turn|3
|
|t:|1757680248
|move|p2b: Electabuzz|Follow Me|p2b: Electabuzz
|-singleturn|p2b: Electabuzz|move: Follow Me
|move|p1b: Amoonguss|Sludge Bomb|p2b: Electabuzz
|-damage|p2b: Electabuzz|69/100
|-status|p2b: Electabuzz|psn
|move|p1a: Porygon2|Shadow Ball|p2b: Electabuzz
|-damage|p2b: Electabuzz|53/100 psn
|move|p2a: Annihilape|Rage Fist|p1b: Amoonguss
|-damage|p1b: Amoonguss|10/100
|-damage|p2a: Annihilape|29/100|[from] item: Rocky Helmet|[of] p1b: Amoonguss
|
|-weather|Sandstorm|[upkeep]
|-damage|p1b: Amoonguss|4/100|[from] Sandstorm
|-damage|p1a: Porygon2|83/100|[from] Sandstorm
|-damage|p2b: Electabuzz|46/100 psn|[from] Sandstorm
|-damage|p2b: Electabuzz|34/100 psn|[from] psn
|upkeep
|turn|4
|
|t:|1757680271
|switch|p1b: Incineroar|Incineroar, L50, F|100/100
|-ability|p1b: Incineroar|Intimidate|boost
|-unboost|p2a: Annihilape|atk|1
|-ability|p2a: Annihilape|Defiant|boost
|-boost|p2a: Annihilape|atk|2
|-unboost|p2b: Electabuzz|atk|1
|move|p1a: Porygon2|Shadow Ball|p2a: Annihilape
|-supereffective|p2a: Annihilape
|-damage|p2a: Annihilape|0 fnt
|faint|p2a: Annihilape
|move|p2b: Electabuzz|Taunt|p1a: Porygon2
|-start|p1a: Porygon2|move: Taunt
|
|-weather|Sandstorm|[upkeep]
|-damage|p1a: Porygon2|77/100|[from] Sandstorm
|-damage|p1b: Incineroar|95/100|[from] Sandstorm
|-damage|p2b: Electabuzz|28/100 psn|[from] Sandstorm
|-damage|p2b: Electabuzz|16/100 psn|[from] psn
|upkeep
|
|t:|1757680282
|switch|p2a: Gholdengo|Gholdengo, L50|100/100
|turn|5
|
|t:|1757680313
|move|p2a: Gholdengo|Protect|p2a: Gholdengo
|-singleturn|p2a: Gholdengo|Protect
|move|p2b: Electabuzz|Protect|p2b: Electabuzz
|-singleturn|p2b: Electabuzz|Protect
|move|p1b: Incineroar|Fake Out|p2b: Electabuzz
|-activate|p2b: Electabuzz|move: Protect
|move|p1a: Porygon2|Shadow Ball|p2a: Gholdengo
|-activate|p2a: Gholdengo|move: Protect
|
|-weather|none
|-damage|p2b: Electabuzz|3/100 psn|[from] psn
|-fieldend|move: Trick Room
|upkeep
|turn|6
|
|t:|1757680335
|move|p2b: Electabuzz|Follow Me|p2b: Electabuzz
|-singleturn|p2b: Electabuzz|move: Follow Me
|move|p2a: Gholdengo|Nasty Plot|p2a: Gholdengo
|-boost|p2a: Gholdengo|spa|2
|move|p1b: Incineroar|Flare Blitz|p2b: Electabuzz
|-damage|p2b: Electabuzz|0 fnt
|faint|p2b: Electabuzz
|-damage|p1b: Incineroar|94/100|[from] Recoil
|move|p1a: Porygon2|Shadow Ball|p2a: Gholdengo
|-supereffective|p2a: Gholdengo
|-damage|p2a: Gholdengo|61/100
|
|upkeep
|
|t:|1757680340
|switch|p2b: Tyranitar|Tyranitar, L50, M, tera:Flying|94/100
|-weather|Sandstorm|[from] ability: Sand Stream|[of] p2b: Tyranitar
|turn|7
|
|t:|1757680351
|move|p2a: Gholdengo|Make It Rain|p1a: Porygon2|[spread] p1a,p1b
|-resisted|p1b: Incineroar
|-damage|p1a: Porygon2|10/100
|-damage|p1b: Incineroar|50/100
|-unboost|p2a: Gholdengo|spa|1
|-enditem|p1b: Incineroar|Sitrus Berry|[eat]
|-heal|p1b: Incineroar|75/100|[from] item: Sitrus Berry
|-damage|p2a: Gholdengo|51/100|[from] item: Life Orb
|move|p2b: Tyranitar|Rock Slide|p1a: Porygon2|[spread] p1a,p1b
|-supereffective|p1b: Incineroar
|-damage|p1a: Porygon2|0 fnt
|-damage|p1b: Incineroar|18/100
|faint|p1a: Porygon2
|move|p1b: Incineroar|Flare Blitz|p2a: Gholdengo
|-supereffective|p2a: Gholdengo
|-damage|p2a: Gholdengo|0 fnt
|faint|p2a: Gholdengo
|-damage|p1b: Incineroar|3/100|[from] Recoil
|
|-weather|Sandstorm|[upkeep]
|-damage|p2b: Tyranitar|88/100|[from] Sandstorm
|-damage|p1b: Incineroar|0 fnt|[from] Sandstorm
|faint|p1b: Incineroar
|upkeep
|
|t:|1757680370
|switch|p1b: Amoonguss|Amoonguss, L50, F|37/100
|turn|8
|
|t:|1757680374
|move|p1b: Amoonguss|Protect|p1b: Amoonguss
|-singleturn|p1b: Amoonguss|Protect
|move|p2b: Tyranitar|Tera Blast|p1b: Amoonguss|[anim] Tera Blast Flying
|-activate|p1b: Amoonguss|move: Protect
|
|-weather|Sandstorm|[upkeep]
|-damage|p2b: Tyranitar|82/100|[from] Sandstorm
|-damage|p1b: Amoonguss|31/100|[from] Sandstorm
|upkeep
|turn|9
|inactive|Battle timer is ON: inactive players will automatically lose when time's up. (requested by RalleB314)
|
|t:|1757680378
|move|p2b: Tyranitar|Tera Blast|p1b: Amoonguss|[anim] Tera Blast Flying
|-supereffective|p1b: Amoonguss
|-damage|p1b: Amoonguss|0 fnt
|faint|p1b: Amoonguss
|
|win|pagoose chase
|raw|RalleB314's rating: 1040 → 1027(-13 for losing)
|raw|pagoose chase's rating: 1114 → 1134(+20 for winning)
|l|☆RalleB314
|player|p1|
