|j|☆tang de maracuja
|j|☆annoptan
|html|tang de maracujaannoptan    
|uhtml|bestof|Game 2 of a best-of-3
|t:|1785158756
|gametype|doubles
|player|p1|tang de maracuja|morty|1299
|player|p2|annoptan|102|1141
|gen|9
|tier|[Gen 9 Champions] VGC 2026 Reg M-B (Bo3)
|rated|
|rule|Species Clause: Limit one of each Pokémon
|rule|Item Clause: Limit 1 of each item
|clearpoke
|poke|p1|Kingambit, L50, M|
|poke|p1|Whimsicott, L50, F|
|poke|p1|Basculegion, L50, M|
|poke|p1|Garchomp, L50, M|
|poke|p1|Charizard, L50, M|
|poke|p1|Floette-Eternal, L50, F|
|poke|p2|Gengar, L50, F|
|poke|p2|Archaludon, L50, M|
|poke|p2|Politoed, L50, F|
|poke|p2|Swampert, L50, M|
|poke|p2|Vivillon-Fancy, L50, M|
|poke|p2|Incineroar, L50, F|
|teampreview|4
|showteam|p1|Kingambit||ChopleBerry|Defiant|KowtowCleave,LowKick,SuckerPunch,Protect|Adamant||M|||50|]Whimsicott||FocusSash|Prankster|Moonblast,Tailwind,Encore,Protect|Timid||F|||50|]Basculegion||MysticWater|Adaptability|WaveCrash,LastRespects,AquaJet,Protect|Adamant||M|||50|]Garchomp||LifeOrb|RoughSkin|DragonClaw,RockSlide,Earthquake,Protect|Jolly||M|||50|]Charizard||CharizarditeY|Blaze|WeatherBall,HeatWave,SolarBeam,Protect|Modest||M|||50|]Floette-Eternal||Floettite|FlowerVeil|Moonblast,DazzlingGleam,LightofRuin,Protect|Timid||F|||50|
|showteam|p2|Gengar||Gengarite|CursedBody|ShadowBall,SludgeBomb,PerishSong,Protect|Modest||F|||50|]Archaludon||Leftovers|Stamina|ElectroShot,DragonPulse,FlashCannon,Protect|Bold||M|||50|]Politoed||SitrusBerry|Drizzle|WeatherBall,Hypnosis,PerishSong,Protect|Calm||F|||50|]Swampert||Swampertite|Torrent|Earthquake,WaveCrash,IcePunch,Protect|Adamant||M|||50|]Vivillon-Fancy||FocusSash|CompoundEyes|Hurricane,SleepPowder,RagePowder,Protect|Timid||M|||50|]Incineroar||PasshoBerry|Intimidate|ThroatChop,FakeOut,PartingShot,Protect|Impish||F|||50|
|inactive|Battle timer is ON: inactive players will automatically lose when time's up. (requested by tang de maracuja)
|inactive|tang de maracuja has 60 seconds left.
|
|t:|1785158796
|teamsize|p1|4
|teamsize|p2|4
|start
|switch|p1a: Garchomp|Garchomp, L50, M|100/100
|switch|p1b: Charizard|Charizard, L50, M|100/100
|switch|p2a: Gengar|Gengar, L50, F|100/100
|switch|p2b: Incineroar|Incineroar, L50, F|100/100
|-ability|p2b: Incineroar|Intimidate|boost
|-unboost|p1a: Garchomp|atk|1
|-unboost|p1b: Charizard|atk|1
|turn|1
|
|t:|1785158816
|switch|p1a: Basculegion|Basculegion, L50, M|100/100
|switch|p1b: Kingambit|Kingambit, L50, M|100/100
|switch|p2a: Vivillon|Vivillon-Fancy, L50, M|100/100
|move|p2b: Incineroar|Parting Shot|p1a: Basculegion
|-unboost|p1a: Basculegion|atk|1
|-unboost|p1a: Basculegion|spa|1
|
|t:|1785158836
|switch|p2b: Gengar|Gengar, L50, F|100/100|[from] Parting Shot
|
|upkeep
|turn|2
|
|t:|1785158850
|switch|p1b: Garchomp|Garchomp, L50, M|100/100
|detailschange|p2b: Gengar|Gengar-Mega, L50, F
|-mega|p2b: Gengar|Gengar|Gengarite
|move|p2b: Gengar|Shadow Ball|p1a: Basculegion
|-supereffective|p1a: Basculegion|1
|-damage|p1a: Basculegion|0 fnt
|faint|p1a: Basculegion
|move|p2a: Vivillon|Sleep Powder|p1b: Garchomp
|-status|p1b: Garchomp|slp|[from] move: Sleep Powder
|
|upkeep
|
|t:|1785158865
|switch|p1a: Charizard|Charizard, L50, M|100/100
|turn|3
|
|t:|1785158874
|switch|p2a: Incineroar|Incineroar, L50, F|100/100
|-ability|p2a: Incineroar|Intimidate|boost
|-unboost|p1a: Charizard|atk|1
|-unboost|p1b: Garchomp|atk|1
|detailschange|p1a: Charizard|Charizard-Mega-Y, L50, M
|-mega|p1a: Charizard|Charizard|Charizardite Y
|-weather|SunnyDay|[from] ability: Drought|[of] p1a: Charizard
|cant|p1b: Garchomp|slp
|move|p2b: Gengar|Sludge Bomb|p1a: Charizard
|-damage|p1a: Charizard|48/100
|move|p1a: Charizard|Heat Wave|p2a: Incineroar|[spread] p2a,p2b
|-resisted|p2a: Incineroar|1
|-damage|p2a: Incineroar|78/100
|-damage|p2b: Gengar|45/100
|-status|p2b: Gengar|brn
|
|-weather|SunnyDay|[upkeep]
|-damage|p2b: Gengar|39/100 brn|[from] brn
|upkeep
|turn|4
|inactive|annoptan has 30 seconds left.
|inactive|annoptan has 20 seconds left.
|inactive|annoptan has 15 seconds left.
|inactive|annoptan has 10 seconds left.
|
|t:|1785158920
|switch|p2b: Politoed|Politoed, L50, F|100/100
|-weather|RainDance|[from] ability: Drizzle|[of] p2b: Politoed
|-curestatus|p1b: Garchomp|slp|[msg]
|move|p1b: Garchomp|Earthquake|p2a: Incineroar|[spread] p2a,p2b
|-immune|p1a: Charizard
|-supereffective|p2a: Incineroar|1
|-damage|p2a: Incineroar|20/100y
|-damage|p2b: Politoed|65/100
|-damage|p1b: Garchomp|90/100|[from] item: Life Orb
|move|p1a: Charizard|Weather Ball|p2a: Incineroar
|-supereffective|p2a: Incineroar|1
|-enditem|p2a: Incineroar|Passho Berry|[eat]
|-enditem|p2a: Incineroar|Passho Berry|[weaken]
|-damage|p2a: Incineroar|0 fnt
|faint|p2a: Incineroar
|
|-weather|RainDance|[upkeep]
|upkeep
|
|t:|1785158939
|switch|p2a: Vivillon|Vivillon-Fancy, L50, M|100/100
|turn|5
|
|t:|1785158959
|move|p1b: Garchomp|Rock Slide|p2b: Politoed|[spread] p2a
|-miss|p1b: Garchomp|p2b: Politoed
|-supereffective|p2a: Vivillon|2
|-enditem|p2a: Vivillon|Focus Sash
|-damage|p2a: Vivillon|1/100
|-damage|p1b: Garchomp|80/100|[from] item: Life Orb
|cant|p2a: Vivillon|flinch
|move|p1a: Charizard|Weather Ball|p2a: Vivillon
|-damage|p2a: Vivillon|0 fnt
|faint|p2a: Vivillon
|move|p2b: Politoed|Weather Ball|p1a: Charizard
|-supereffective|p1a: Charizard|1
|-damage|p1a: Charizard|0 fnt
|faint|p1a: Charizard
|
|-weather|RainDance|[upkeep]
|upkeep
|
|t:|1785158976
|switch|p2a: Gengar|Gengar-Mega, L50, F|39/100 brn
|switch|p1a: Kingambit|Kingambit, L50, M|100/100
|turn|6
|
|t:|1785158991
|move|p2a: Gengar|Protect|p2a: Gengar
|-singleturn|p2a: Gengar|Protect
|move|p1b: Garchomp|Dragon Claw|p2b: Politoed
|-damage|p2b: Politoed|30/100
|-enditem|p2b: Politoed|Sitrus Berry|[eat]
|-heal|p2b: Politoed|55/100|[from] item: Sitrus Berry
|-damage|p1b: Garchomp|70/100|[from] item: Life Orb
|move|p2b: Politoed|Hypnosis|p1b: Garchomp
|-status|p1b: Garchomp|slp|[from] move: Hypnosis
|move|p1a: Kingambit|Kowtow Cleave|p2b: Politoed
|-damage|p2b: Politoed|8/100
|
|-weather|RainDance|[upkeep]
|-damage|p2a: Gengar|33/100 brn|[from] brn
|upkeep
|turn|7
|
|t:|1785159007
|cant|p1b: Garchomp|slp
|move|p2a: Gengar|Shadow Ball|p1b: Garchomp
|-damage|p1b: Garchomp|13/100 slp
|move|p2b: Politoed|Hypnosis|p1a: Kingambit
|-status|p1a: Kingambit|slp|[from] move: Hypnosis
|cant|p1a: Kingambit|slp
|
|-weather|RainDance|[upkeep]
|-damage|p2a: Gengar|27/100 brn|[from] brn
|upkeep
|turn|8
|
|t:|1785159022
|cant|p1b: Garchomp|slp
|move|p2a: Gengar|Shadow Ball|p1b: Garchomp
|-damage|p1b: Garchomp|0 fnt
|faint|p1b: Garchomp
|move|p2b: Politoed|Weather Ball|p1a: Kingambit
|-damage|p1a: Kingambit|50/100g slp
|cant|p1a: Kingambit|slp
|
|-weather|none
|-damage|p2a: Gengar|21/100 brn|[from] brn
|upkeep
|turn|9
|
|t:|1785159037
|move|p2a: Gengar|Protect|p2a: Gengar
|-singleturn|p2a: Gengar|Protect
|move|p2b: Politoed|Hypnosis|p1a: Kingambit
|-fail|p1a: Kingambit|slp
|-curestatus|p1a: Kingambit|slp|[msg]
|move|p1a: Kingambit|Kowtow Cleave|p2b: Politoed
|-damage|p2b: Politoed|0 fnt
|faint|p2b: Politoed
|
|-damage|p2a: Gengar|15/100 brn|[from] brn
|upkeep
|turn|10
|
|t:|1785159049
|move|p2a: Gengar|Shadow Ball|p1a: Kingambit
|-resisted|p1a: Kingambit|1
|-damage|p1a: Kingambit|27/100
|move|p1a: Kingambit|Kowtow Cleave|p2a: Gengar
|-supereffective|p2a: Gengar|1
|-damage|p2a: Gengar|0 fnt
|faint|p2a: Gengar
|
|win|tang de maracuja
|inactive|tang de maracuja has 30 seconds to confirm battle start!
|inactive|annoptan has 30 seconds to confirm battle start!
||tang de maracuja is ready for game 3.
||annoptan is ready for game 3.
|uhtml|next|Next: Game 3 of 3
