|j|☆the killer1234
|j|☆AzzaD123
|html|the killer1234AzzaD123    
|uhtml|bestof|Game 2 of a best-of-3
|t:|1784492011
|gametype|doubles
|player|p1|the killer1234|1|1071
|player|p2|AzzaD123|gardenia|1101
|gen|9
|tier|[Gen 9 Champions] VGC 2026 Reg M-B (Bo3)
|rated|
|rule|Species Clause: Limit one of each Pokémon
|rule|Item Clause: Limit 1 of each item
|clearpoke
|poke|p1|Charizard, L50, F|
|poke|p1|Tyranitar, L50, F|
|poke|p1|Milotic, L50, F|
|poke|p1|Incineroar, L50, M|
|poke|p1|Sinistcha, L50|
|poke|p1|Sneasler, L50, M|
|poke|p2|Meowstic, L50, M|
|poke|p2|Hydreigon, L50, F|
|poke|p2|Aegislash, L50, F|
|poke|p2|Alcremie, L50, F|
|poke|p2|Toxapex, L50, M|
|poke|p2|Scrafty, L50, M|
|teampreview|4
|showteam|p1|Charizard||CharizarditeY|Blaze|HeatWave,WeatherBall,SolarBeam,Protect|Modest||F|||50|]Tyranitar||Tyranitarite|SandStream|RockSlide,Crunch,Protect,HighHorsepower|Adamant||F|||50|]Milotic||Leftovers|Competitive|IcyWind,Scald,Protect,Recover|Calm||F|||50|]Incineroar||SitrusBerry|Intimidate|FakeOut,FlareBlitz,PartingShot,ThroatChop|Adamant||M|||50|]Sinistcha||CobaBerry|Hospitality|MatchaGotcha,RagePowder,LifeDew,TrickRoom|Bold|||||50|]Sneasler||WhiteHerb|Unburden|FakeOut,CloseCombat,DireClaw,Coaching|Adamant||M|||50|
|showteam|p2|Meowstic||Meowsticite|Prankster|CalmMind,Protect,Psychic,AlluringVoice|Timid||M|||50|]Hydreigon||ChoiceScarf|Levitate|Snarl,DracoMeteor,DarkPulse,EarthPower|Modest||F|||50|]Aegislash||ExpertBelt|StanceChange|ShadowSneak,KingsShield,SacredSword,IronHead|Careful||F|||50|]Alcremie||SitrusBerry|SweetVeil|Protect,Decorate,DazzlingGleam,Encore|Calm||F|||50|]Toxapex||Leftovers|Regenerator|BanefulBunker,WideGuard,Infestation,Toxic|Bold||M|||50|]Scrafty||Scraftinite|Intimidate|FakeOut,Protect,HighJumpKick,KnockOff|Adamant||M|||50|
|inactive|Battle timer is ON: inactive players will automatically lose when time's up. (requested by the killer1234)
|
|t:|1784492040
|teamsize|p1|4
|teamsize|p2|4
|start
|switch|p1a: Tyranitar|Tyranitar, L50, F|100/100
|switch|p1b: Incineroar|Incineroar, L50, M|100/100
|switch|p2a: Meowstic|Meowstic, L50, M|100/100
|switch|p2b: Toxapex|Toxapex, L50, M|100/100
|-weather|Sandstorm|[from] ability: Sand Stream|[of] p1a: Tyranitar
|-ability|p1b: Incineroar|Intimidate|boost
|-unboost|p2a: Meowstic|atk|1
|-unboost|p2b: Toxapex|atk|1
|turn|1
|inactive|AzzaD123 has 30 seconds left.
|inactive|the killer1234 has 30 seconds left.
|inactive|AzzaD123 has 20 seconds left.
|
|t:|1784492076
|switch|p2a: Aegislash|Aegislash, L50, F|100/100
|detailschange|p1a: Tyranitar|Tyranitar-Mega, L50, F
|-mega|p1a: Tyranitar|Tyranitar|Tyranitarite
|move|p2b: Toxapex|Baneful Bunker|p2b: Toxapex
|-singleturn|p2b: Toxapex|move: Protect
|move|p1b: Incineroar|Fake Out|p2b: Toxapex
|-activate|p2b: Toxapex|move: Protect
|-status|p1b: Incineroar|psn
|move|p1a: Tyranitar|Crunch|p2a: Aegislash
|-supereffective|p2a: Aegislash|1
|-damage|p2a: Aegislash|19/100
|
|-weather|Sandstorm|[upkeep]
|-damage|p1b: Incineroar|94/100 psn|[from] Sandstorm
|-damage|p2b: Toxapex|94/100|[from] Sandstorm
|-heal|p2b: Toxapex|100/100|[from] item: Leftovers
|-damage|p1b: Incineroar|81/100 psn|[from] psn
|upkeep
|turn|2
|inactive|the killer1234 has 30 seconds left.
|inactive|the killer1234 has 20 seconds left.
|
|t:|1784492112
|move|p1a: Tyranitar|Protect|p1a: Tyranitar
|-singleturn|p1a: Tyranitar|Protect
|move|p2a: Aegislash|King's Shield|p2a: Aegislash
|-singleturn|p2a: Aegislash|Protect
|move|p1b: Incineroar|Parting Shot|p2b: Toxapex
|-unboost|p2b: Toxapex|atk|1
|-unboost|p2b: Toxapex|spa|1
|
|t:|1784492124
|switch|p1b: Sinistcha|Sinistcha, L50|100/100|[from] Parting Shot
|move|p2b: Toxapex|Toxic|p1a: Tyranitar
|-activate|p1a: Tyranitar|move: Protect
|
|-weather|Sandstorm|[upkeep]
|-damage|p1b: Sinistcha|93/100|[from] Sandstorm
|-damage|p2b: Toxapex|94/100|[from] Sandstorm
|-heal|p2b: Toxapex|100/100|[from] item: Leftovers
|upkeep
|turn|3
|
|t:|1784492142
|move|p1b: Sinistcha|Rage Powder|p1b: Sinistcha
|-singleturn|p1b: Sinistcha|move: Rage Powder
|move|p1a: Tyranitar|Crunch|p2a: Aegislash
|-supereffective|p2a: Aegislash|1
|-damage|p2a: Aegislash|0 fnt
|faint|p2a: Aegislash
|move|p2b: Toxapex|Toxic|p1b: Sinistcha
|-status|p1b: Sinistcha|tox
|
|-weather|Sandstorm|[upkeep]
|-damage|p1b: Sinistcha|87/100 tox|[from] Sandstorm
|-damage|p2b: Toxapex|94/100|[from] Sandstorm
|-heal|p2b: Toxapex|100/100|[from] item: Leftovers
|-damage|p1b: Sinistcha|81/100 tox|[from] psn
|upkeep
|
|t:|1784492155
|switch|p2a: Alcremie|Alcremie, L50, F|100/100
|turn|4
|inactive|the killer1234 has 30 seconds left.
|
|t:|1784492183
|move|p1a: Tyranitar|High Horsepower|p2b: Toxapex
|-supereffective|p2b: Toxapex|1
|-damage|p2b: Toxapex|38/100
|move|p2a: Alcremie|Dazzling Gleam|p1b: Sinistcha|[spread] p1a,p1b
|-supereffective|p1a: Tyranitar|1
|-damage|p1a: Tyranitar|73/100
|-damage|p1b: Sinistcha|58/100 tox
|move|p2b: Toxapex|Infestation|p1a: Tyranitar
|-supereffective|p1a: Tyranitar|1
|-damage|p1a: Tyranitar|70/100
|-activate|p1a: Tyranitar|move: Infestation|[of] p2b: Toxapex
|move|p1b: Sinistcha|Trick Room|p1b: Sinistcha
|-fieldstart|move: Trick Room|[of] p1b: Sinistcha
|
|-weather|Sandstorm|[upkeep]
|-damage|p2b: Toxapex|33/100|[from] Sandstorm
|-damage|p2a: Alcremie|94/100|[from] Sandstorm
|-damage|p1b: Sinistcha|52/100 tox|[from] Sandstorm
|-heal|p2b: Toxapex|38/100|[from] item: Leftovers
|-damage|p1b: Sinistcha|40/100 tox|[from] psn
|-damage|p1a: Tyranitar|58/100|[from] move: Infestation|[partiallytrapped]
|upkeep
|turn|5
|
|t:|1784492204
|move|p2b: Toxapex|Baneful Bunker|p2b: Toxapex
|-singleturn|p2b: Toxapex|move: Protect
|move|p2a: Alcremie|Dazzling Gleam|p1a: Tyranitar|[spread] p1a,p1b
|-supereffective|p1a: Tyranitar|1
|-damage|p1a: Tyranitar|35/100
|-damage|p1b: Sinistcha|19/100 tox
|move|p1b: Sinistcha|Life Dew|p1b: Sinistcha|[spread] p1a,p1b
|-heal|p1a: Tyranitar|60/100
|-heal|p1b: Sinistcha|44/100 tox
|move|p1a: Tyranitar|Rock Slide|p2b: Toxapex|[spread] 
|-activate|p2b: Toxapex|move: Protect
|-miss|p1a: Tyranitar|p2a: Alcremie
|
|-weather|none
|-heal|p2b: Toxapex|44/100|[from] item: Leftovers
|-damage|p1b: Sinistcha|25/100 tox|[from] psn
|-damage|p1a: Tyranitar|47/100|[from] move: Infestation|[partiallytrapped]
|upkeep
|turn|6
|
|t:|1784492228
|move|p2b: Toxapex|Toxic|p1a: Tyranitar
|-status|p1a: Tyranitar|tox
|move|p2a: Alcremie|Dazzling Gleam|p1a: Tyranitar|[spread] p1a,p1b
|-supereffective|p1a: Tyranitar|1
|-damage|p1a: Tyranitar|12/100 tox
|-damage|p1b: Sinistcha|2/100 tox
|move|p1b: Sinistcha|Life Dew|p1b: Sinistcha|[spread] p1a,p1b
|-heal|p1a: Tyranitar|37/100 tox
|-heal|p1b: Sinistcha|27/100 tox
|move|p1a: Tyranitar|High Horsepower|p2b: Toxapex
|-supereffective|p2b: Toxapex|1
|-damage|p2b: Toxapex|0 fnt
|faint|p2b: Toxapex
|
|-damage|p1b: Sinistcha|2/100 tox|[from] psn
|-damage|p1a: Tyranitar|31/100 tox|[from] psn
|-end|p1a: Tyranitar|Infestation|[partiallytrapped]|[silent]
|upkeep
|
|t:|1784492244
|switch|p2b: Meowstic|Meowstic, L50, M|100/100
|turn|7
|inactive|the killer1234 has 30 seconds left.
|
|t:|1784492271
|switch|p1b: Incineroar|Incineroar, L50, M|81/100 psn
|-ability|p1b: Incineroar|Intimidate|boost
|-unboost|p2a: Alcremie|atk|1
|-unboost|p2b: Meowstic|atk|1
|switch|p1a: Milotic|Milotic, L50, F|100/100
|move|p2b: Meowstic|Calm Mind|p2b: Meowstic
|-boost|p2b: Meowstic|spa|1
|-boost|p2b: Meowstic|spd|1
|move|p2a: Alcremie|Dazzling Gleam|p1b: Incineroar|[spread] p1a,p1b
|-damage|p1a: Milotic|85/100
|-damage|p1b: Incineroar|60/100 psn
|
|-heal|p1a: Milotic|91/100|[from] item: Leftovers
|-damage|p1b: Incineroar|48/100 psn|[from] psn
|upkeep
|-enditem|p1b: Incineroar|Sitrus Berry|[eat]
|-heal|p1b: Incineroar|73/100 psn|[from] item: Sitrus Berry
|turn|8
|inactive|the killer1234 has 30 seconds left.
|inactive|AzzaD123 has 30 seconds left.
|inactive|the killer1234 has 20 seconds left.
|
|t:|1784492310
|move|p2b: Meowstic|Protect|p2b: Meowstic
|-singleturn|p2b: Meowstic|Protect
|move|p1b: Incineroar|Fake Out|p2b: Meowstic
|-activate|p2b: Meowstic|move: Protect
|move|p2a: Alcremie|Decorate|p2b: Meowstic
|-boost|p2b: Meowstic|atk|2
|-boost|p2b: Meowstic|spa|2
|move|p1a: Milotic|Scald|p2b: Meowstic
|-activate|p2b: Meowstic|move: Protect
|
|-heal|p1a: Milotic|97/100|[from] item: Leftovers
|-damage|p1b: Incineroar|60/100 psn|[from] psn
|-fieldend|move: Trick Room
|upkeep
|turn|9
|
|t:|1784492331
|detailschange|p2b: Meowstic|Meowstic-M-Mega, L50, M
|-mega|p2b: Meowstic|Meowstic|Meowsticite
|-ability|p2b: Meowstic|Intimidate|Trace|[from] ability: Trace|[of] p1b: Incineroar
|-ability|p2b: Meowstic|Intimidate|boost
|-unboost|p1a: Milotic|atk|1
|-ability|p1a: Milotic|Competitive|boost
|-boost|p1a: Milotic|spa|2
|-unboost|p1b: Incineroar|atk|1
|move|p2b: Meowstic|Alluring Voice|p1b: Incineroar
|-damage|p1b: Incineroar|0 fnt
|faint|p1b: Incineroar
|move|p1a: Milotic|Scald|p2b: Meowstic
|-damage|p2b: Meowstic|51/100
|-status|p2b: Meowstic|brn
|move|p2a: Alcremie|Dazzling Gleam|p1a: Milotic
|-damage|p1a: Milotic|76/100
|
|-heal|p1a: Milotic|82/100|[from] item: Leftovers
|-damage|p2b: Meowstic|45/100 brn|[from] brn
|upkeep
|
|t:|1784492351
|switch|p1b: Sinistcha|Sinistcha, L50|2/100 tox
|-heal|p1a: Milotic|100/100|[from] ability: Hospitality|[of] p1b: Sinistcha
|turn|10
|
|t:|1784492372
|move|p2b: Meowstic|Psychic|p1a: Milotic
|-damage|p1a: Milotic|7/100
|move|p1a: Milotic|Scald|p2a: Alcremie
|-damage|p2a: Alcremie|56/100
|move|p2a: Alcremie|Dazzling Gleam|p1a: Milotic|[spread] p1a,p1b
|-damage|p1a: Milotic|0 fnt
|-damage|p1b: Sinistcha|0 fnt
|faint|p1a: Milotic
|faint|p1b: Sinistcha
|
|-damage|p2b: Meowstic|39/100 brn|[from] brn
|upkeep
|
|t:|1784492385
|switch|p1b: Tyranitar|Tyranitar-Mega, L50, F|31/100 tox
|-weather|Sandstorm|[from] ability: Sand Stream|[of] p1b: Tyranitar
|turn|11
|
|t:|1784492392
|move|p2b: Meowstic|Alluring Voice|p1b: Tyranitar
|-supereffective|p1b: Tyranitar|1
|-damage|p1b: Tyranitar|0 fnt
|faint|p1b: Tyranitar
|
|win|AzzaD123
|raw|the killer1234's rating: 1071 → 1052(-19 for losing)
|raw|AzzaD123's rating: 1101 → 1124(+23 for winning)
|l|☆the killer1234
|player|p1|
