|j|☆hypergamer_2422
|j|‽bub5g
|html|hypergamer_2422bub5g    
|uhtml|bestof|Game 2 of a best-of-3
|t:|1783357339
|gametype|doubles
|player|p1|hypergamer_2422|pokemaniac|
|player|p2|bub5g|2|
|gen|9
|tier|[Gen 9 Champions] VGC 2026 Reg M-B (Bo3)
|rule|Species Clause: Limit one of each Pokémon
|rule|Item Clause: Limit 1 of each item
|clearpoke
|poke|p1|Staraptor, L50, F|
|poke|p1|Ditto, L50|
|poke|p1|Grimmsnarl, L50, M|
|poke|p1|Garchomp, L50, M|
|poke|p1|Goodra-Hisui, L50, F|
|poke|p1|Espathra, L50, M|
|poke|p2|Floette-Eternal, L50, F|
|poke|p2|Charizard, L50, F|
|poke|p2|Kingambit, L50, M|
|poke|p2|Whimsicott, L50, M|
|poke|p2|Basculegion, L50, M|
|poke|p2|Garchomp, L50, F|
|teampreview|4
|showteam|p1|Staraptor||Staraptite|Intimidate|CloseCombat,Facade,Protect,BraveBird|Jolly||F|||50|]Ditto||FocusSash|Imposter|Transform|Relaxed|||||50|]Grimmsnarl||LightClay|Prankster|FakeOut,LightScreen,Reflect,FoulPlay|Careful||M|||50|]Garchomp||ChoiceScarf|RoughSkin|Outrage,Earthquake,StoneEdge,BodySlam|Jolly||M|||50|]Goodra-Hisui||QuickClaw|Gooey|Rest,SleepTalk,FireBlast,FlashCannon|Modest||F|||50|]Espathra||LifeOrb|SpeedBoost|LuminaCrash,CalmMind,ShadowBall,Uturn|Modest||M|||50|
|showteam|p2|Floette-Eternal||Floettite|FlowerVeil|LightofRuin,Moonblast,DazzlingGleam,Protect|Timid||F|||50|]Charizard||CharizarditeY|Blaze|SolarBeam,HeatWave,WeatherBall,Protect|Modest||F|||50|]Kingambit||BlackGlasses|Defiant|IronHead,Protect,KowtowCleave,SuckerPunch|Adamant||M|||50|]Whimsicott||FocusSash|Prankster|Moonblast,Tailwind,Encore,Protect|Timid||M|||50|]Basculegion||MysticWater|Adaptability|WaveCrash,Protect,LastRespects,AquaJet|Adamant||M|||50|]Garchomp||LifeOrb|RoughSkin|Earthquake,RockSlide,Protect,DragonClaw|Jolly||F|||50|
|
|t:|1783357450
|teamsize|p1|4
|teamsize|p2|4
|start
|switch|p1a: Grimmsnarl|Grimmsnarl, L50, M|100/100
|switch|p1b: Garchomp|Garchomp, L50, M|100/100
|switch|p2a: Whimsicott|Whimsicott, L50, M|100/100
|switch|p2b: Garchomp|Garchomp, L50, F|100/100
|turn|1
|
|t:|1783357468
|switch|p1b: Ditto|Ditto, L50|100/100
|-transform|p1b: Ditto|p2a: Whimsicott|[from] ability: Imposter
|move|p2b: Garchomp|Protect|p2b: Garchomp
|-singleturn|p2b: Garchomp|Protect
|move|p2a: Whimsicott|Tailwind|p2a: Whimsicott
|-sidestart|p2: bub5g|move: Tailwind
|move|p1a: Grimmsnarl|Reflect|p1a: Grimmsnarl
|-sidestart|p1: hypergamer_2422|Reflect
|
|upkeep
|turn|2
|
|t:|1783357485
|move|p1b: Ditto|Tailwind|p1b: Ditto
|-sidestart|p1: hypergamer_2422|move: Tailwind
|move|p1a: Grimmsnarl|Light Screen|p1a: Grimmsnarl
|-sidestart|p1: hypergamer_2422|move: Light Screen
|move|p2a: Whimsicott|Moonblast|p1a: Grimmsnarl
|-supereffective|p1a: Grimmsnarl|1
|-damage|p1a: Grimmsnarl|74/100
|move|p2b: Garchomp|Rock Slide|p1b: Ditto|[spread] p1a,p1b
|-damage|p1a: Grimmsnarl|51/100
|-damage|p1b: Ditto|70/100
|-damage|p2b: Garchomp|90/100|[from] item: Life Orb
|
|upkeep
|turn|3
|
|t:|1783357504
|move|p2a: Whimsicott|Encore|p1b: Ditto
|-start|p1b: Ditto|Encore
|move|p1b: Ditto|Tailwind||[still]
|-fail|p1b: Ditto
|move|p2b: Garchomp|Rock Slide|p1a: Grimmsnarl|[spread] p1a,p1b
|-damage|p1a: Grimmsnarl|30/100
|-damage|p1b: Ditto|40/100
|-damage|p2b: Garchomp|80/100|[from] item: Life Orb
|move|p1a: Grimmsnarl|Foul Play|p2a: Whimsicott
|-resisted|p2a: Whimsicott|1
|-damage|p2a: Whimsicott|87/100
|
|upkeep
|turn|4
|
|t:|1783357531
|switch|p1b: Garchomp|Garchomp, L50, M|100/100
|move|p2a: Whimsicott|Moonblast|p1a: Grimmsnarl
|-supereffective|p1a: Grimmsnarl|1
|-damage|p1a: Grimmsnarl|2/100
|move|p2b: Garchomp|Rock Slide|p1b: Garchomp|[spread] p1a,p1b
|-resisted|p1b: Garchomp|1
|-damage|p1a: Grimmsnarl|0 fnt
|-damage|p1b: Garchomp|91/100
|faint|p1a: Grimmsnarl
|-damage|p2b: Garchomp|70/100|[from] item: Life Orb
|
|-sideend|p2: bub5g|move: Tailwind
|upkeep
|
|t:|1783357545
|switch|p1a: Staraptor|Staraptor, L50, F|100/100
|-ability|p1a: Staraptor|Intimidate|boost
|-unboost|p2a: Whimsicott|atk|1
|-unboost|p2b: Garchomp|atk|1
|turn|5
|
|t:|1783357560
|detailschange|p1a: Staraptor|Staraptor-Mega, L50, F
|-mega|p1a: Staraptor|Staraptor|Staraptite
|move|p2b: Garchomp|Protect|p2b: Garchomp
|-singleturn|p2b: Garchomp|Protect
|move|p2a: Whimsicott|Tailwind|p2a: Whimsicott
|-sidestart|p2: bub5g|move: Tailwind
|move|p1b: Garchomp|Outrage|p2b: Garchomp
|-activate|p2b: Garchomp|move: Protect
|move|p1a: Staraptor|Brave Bird|p2a: Whimsicott
|-supereffective|p2a: Whimsicott|1
|-damage|p2a: Whimsicott|0 fnt
|faint|p2a: Whimsicott
|-damage|p1a: Staraptor|70/100|[from] Recoil
|
|-sideend|p1: hypergamer_2422|move: Tailwind
|upkeep
|
|t:|1783357570
|switch|p2a: Basculegion|Basculegion, L50, M|100/100
|turn|6
|
|t:|1783357585
|move|p1a: Staraptor|Protect|p1a: Staraptor
|-singleturn|p1a: Staraptor|Protect
|move|p2b: Garchomp|Dragon Claw|p1b: Garchomp
|-supereffective|p1b: Garchomp|1
|-damage|p1b: Garchomp|40/100
|-damage|p2b: Garchomp|58/100|[from] ability: Rough Skin|[of] p1b: Garchomp
|-damage|p2b: Garchomp|48/100|[from] item: Life Orb
|move|p1b: Garchomp|Outrage|p2b: Garchomp
|-supereffective|p2b: Garchomp|1
|-damage|p2b: Garchomp|0 fnt
|-damage|p1b: Garchomp|28/100|[from] ability: Rough Skin|[of] p2b: Garchomp
|faint|p2b: Garchomp
|move|p2a: Basculegion|Last Respects|p1a: Staraptor
|-activate|p1a: Staraptor|move: Protect
|
|upkeep
|
|t:|1783357591
|switch|p2b: Charizard|Charizard, L50, F|100/100
|turn|7
|
|t:|1783357612
|detailschange|p2b: Charizard|Charizard-Mega-Y, L50, F
|-mega|p2b: Charizard|Charizard|Charizardite Y
|-weather|SunnyDay|[from] ability: Drought|[of] p2b: Charizard
|move|p2b: Charizard|Heat Wave|p1a: Staraptor|[spread] p1a,p1b
|-resisted|p1b: Garchomp|1
|-damage|p1a: Staraptor|15/100
|-damage|p1b: Garchomp|2/100
|move|p1b: Garchomp|Outrage|p2a: Basculegion|[from] lockedmove
|-damage|p2a: Basculegion|27/100
|-start|p1b: Garchomp|confusion|[fatigue]
|move|p2a: Basculegion|Last Respects|p1a: Staraptor
|-damage|p1a: Staraptor|0 fnt
|faint|p1a: Staraptor
|
|-weather|SunnyDay|[upkeep]
|upkeep
|
|t:|1783357625
|switch|p1a: Ditto|Ditto, L50|40/100
|-transform|p1a: Ditto|p2b: Charizard|[from] ability: Imposter
|turn|8
|
|t:|1783357641
|move|p1a: Ditto|Protect|p1a: Ditto
|-singleturn|p1a: Ditto|Protect
|move|p2a: Basculegion|Aqua Jet|p1a: Ditto
|-activate|p1a: Ditto|move: Protect
|move|p2b: Charizard|Solar Beam||[still]
|-prepare|p2b: Charizard|Solar Beam
|-anim|p2b: Charizard|Solar Beam|p1b: Garchomp
|-damage|p1b: Garchomp|0 fnt
|faint|p1b: Garchomp
|
|-weather|SunnyDay|[upkeep]
|-sideend|p1: hypergamer_2422|Reflect
|-sideend|p2: bub5g|move: Tailwind
|upkeep
|turn|9
|
|t:|1783357659
|move|p2a: Basculegion|Aqua Jet|p1a: Ditto
|-supereffective|p1a: Ditto|1
|-damage|p1a: Ditto|0 fnt
|faint|p1a: Ditto
|
|win|bub5g
|c|☆hypergamer_2422|gg
|l|☆hypergamer_2422
|player|p1|
