|j|☆Rosarino
|j|☆Sergi10
|html|RosarinoSergi10    
|uhtml|bestof|Game 1 of a best-of-3
|t:|1757929141
|gametype|doubles
|player|p1|Rosarino|drayden|1054
|player|p2|Sergi10|flannery|1088
|gen|9
|tier|[Gen 9] VGC 2025 Reg H (Bo3)
|rated|
|rule|Species Clause: Limit one of each Pokémon
|rule|Item Clause: Limit 1 of each item
|clearpoke
|poke|p1|Conkeldurr, L50, M|
|poke|p1|Gholdengo, L50|
|poke|p1|Indeedee-F, L50, F|
|poke|p1|Amoonguss, L50, M|
|poke|p1|Dragonite, L50, M|
|poke|p1|Pelipper, L50, F|
|poke|p2|Garchomp, L50, F|
|poke|p2|Dragonite, L50, F|
|poke|p2|Tyranitar, L50, F|
|poke|p2|Incineroar, L50, M|
|poke|p2|Electabuzz, L50, M|
|poke|p2|Annihilape, L50, F|
|teampreview|4
|showteam|p1|Conkeldurr||FlameOrb|Guts|Facade,Protect,CloseCombat,RockSlide|||M|||50|,,,,,Dragon]Gholdengo||WhiteHerb|GoodasGold|MakeItRain,Protect,NastyPlot,ShadowBall||||||50|,,,,,Water]Indeedee-F||SitrusBerry|PsychicSurge|TrickRoom,Psychic,Protect,FollowMe|||F|||50|,,,,,Fairy]Amoonguss||RockyHelmet|Regenerator|Spore,RagePowder,Protect,EnergyBall|||M|||50|,,,,,Fire]Dragonite||LoadedDice|InnerFocus|ExtremeSpeed,Protect,Haze,ScaleShot|||M|||50|,,,,,Normal]Pelipper||CovertCloak|Drizzle|Tailwind,Protect,WeatherBall,Hurricane|||F|||50|,,,,,Dragon
|showteam|p2|Garchomp||FocusSash|SandVeil|Protect,Earthquake,DragonClaw,StompingTantrum|||F|||50|,,,,,Stellar]Dragonite||CovertCloak|Multiscale|Protect,ScaleShot,Haze,Tailwind|||F|||50|,,,,,Steel]Tyranitar||AssaultVest|SandStream|RockSlide,KnockOff,RockBlast,TeraBlast|||F|||50|,,,,,Flying]Incineroar||SafetyGoggles|Intimidate|FlareBlitz,FakeOut,KnockOff,PartingShot|||M|||50|,,,,,Bug]Electabuzz||Eviolite|VitalSpirit|Electroweb,FollowMe,HelpingHand,Thunderbolt|||M|||50|,,,,,Flying]Annihilape||LifeOrb|Defiant|Protect,CloseCombat,ShadowClaw,Taunt|||F|||50|,,,,,Fire
|inactive|Battle timer is ON: inactive players will automatically lose when time's up. (requested by Sergi10)
|inactive|Rosarino has 60 seconds left.
|inactive|Sergi10 has 60 seconds left.
|
|t:|1757929200
|teamsize|p1|4
|teamsize|p2|4
|start
|switch|p1a: Conkeldurr|Conkeldurr, L50, M|100/100
|switch|p1b: Amoonguss|Amoonguss, L50, M|100/100
|switch|p2a: Dragonite|Dragonite, L50, F|100/100
|switch|p2b: Electabuzz|Electabuzz, L50, M|100/100
|turn|1
|inactive|Rosarino has 30 seconds left.
|inactive|Sergi10 has 30 seconds left.
|inactive|Sergi10 has 20 seconds left.
|
|t:|1757929236
|switch|p2a: Annihilape|Annihilape, L50, F|100/100
|move|p1a: Conkeldurr|Protect|p1a: Conkeldurr
|-singleturn|p1a: Conkeldurr|Protect
|move|p2b: Electabuzz|Follow Me|p2b: Electabuzz
|-singleturn|p2b: Electabuzz|move: Follow Me
|move|p1b: Amoonguss|Spore|p2b: Electabuzz
|-immune|p2b: Electabuzz|[from] ability: Vital Spirit
|
|-status|p1a: Conkeldurr|brn|[from] item: Flame Orb
|upkeep
|turn|2
|inactive|Rosarino has 30 seconds left.
|inactive|Sergi10 has 30 seconds left.
|inactive|Rosarino has 20 seconds left.
|inactive|Sergi10 has 20 seconds left.
|inactive|Rosarino has 15 seconds left.
|inactive|Sergi10 has 15 seconds left.
|inactive|Rosarino has 10 seconds left.
|
|t:|1757929285
|move|p2b: Electabuzz|Electroweb|p1b: Amoonguss|[spread] p1a,p1b
|-resisted|p1b: Amoonguss
|-damage|p1a: Conkeldurr|87/100 brn
|-damage|p1b: Amoonguss|94/100
|-unboost|p1a: Conkeldurr|spe|1
|-unboost|p1b: Amoonguss|spe|1
|move|p2a: Annihilape|Taunt|p1b: Amoonguss
|-start|p1b: Amoonguss|move: Taunt
|move|p1a: Conkeldurr|Close Combat|p2b: Electabuzz
|-damage|p2b: Electabuzz|3/100
|-unboost|p1a: Conkeldurr|def|1
|-unboost|p1a: Conkeldurr|spd|1
|cant|p1b: Amoonguss|move: Taunt|Spore
|
|-damage|p1a: Conkeldurr|80/100 brn|[from] brn
|upkeep
|turn|3
|inactive|Sergi10 has 30 seconds left.
|inactive|Sergi10 has 20 seconds left.
|inactive|Sergi10 has 15 seconds left.
|
|t:|1757929327
|switch|p2b: Dragonite|Dragonite, L50, F|100/100
|switch|p1a: Indeedee|Indeedee-F, L50, F|100/100
|-fieldstart|move: Psychic Terrain|[from] ability: Psychic Surge|[of] p1a: Indeedee
|move|p2a: Annihilape|Close Combat|p1a: Indeedee
|-damage|p1a: Indeedee|12/100
|-unboost|p2a: Annihilape|def|1
|-unboost|p2a: Annihilape|spd|1
|-enditem|p1a: Indeedee|Sitrus Berry|[eat]
|-heal|p1a: Indeedee|36/100|[from] item: Sitrus Berry
|-damage|p2a: Annihilape|91/100|[from] item: Life Orb
|move|p1b: Amoonguss|Energy Ball|p2b: Dragonite
|-resisted|p2b: Dragonite
|-damage|p2b: Dragonite|97/100
|
|upkeep
|turn|4
|inactive|Rosarino has 30 seconds left.
|inactive|Sergi10 has 30 seconds left.
|inactive|Sergi10 has 20 seconds left.
|
|t:|1757929363
|switch|p1b: Conkeldurr|Conkeldurr, L50, M|80/100 brn
|move|p1a: Indeedee|Follow Me|p1a: Indeedee
|-singleturn|p1a: Indeedee|move: Follow Me
|move|p2a: Annihilape|Close Combat|p1a: Indeedee
|-crit|p1a: Indeedee
|-damage|p1a: Indeedee|0 fnt
|-unboost|p2a: Annihilape|def|1
|-unboost|p2a: Annihilape|spd|1
|faint|p1a: Indeedee
|-damage|p2a: Annihilape|81/100|[from] item: Life Orb
|move|p2b: Dragonite|Haze|p2b: Dragonite
|-clearallboost
|
|-damage|p1b: Conkeldurr|74/100 brn|[from] brn
|upkeep
|
|t:|1757929367
|switch|p1a: Amoonguss|Amoonguss, L50, M|100/100
|turn|5
|
|t:|1757929377
|move|p2a: Annihilape|Protect|p2a: Annihilape
|-singleturn|p2a: Annihilape|Protect
|move|p2b: Dragonite|Protect|p2b: Dragonite
|-singleturn|p2b: Dragonite|Protect
|move|p1a: Amoonguss|Rage Powder|p1a: Amoonguss
|-singleturn|p1a: Amoonguss|move: Rage Powder
|move|p1b: Conkeldurr|Facade|p2b: Dragonite
|-activate|p2b: Dragonite|move: Protect
|
|-damage|p1b: Conkeldurr|68/100 brn|[from] brn
|upkeep
|turn|6
|inactive|Rosarino has 30 seconds left.
|inactive|Sergi10 has 30 seconds left.
|inactive|Rosarino has 20 seconds left.
|inactive|Sergi10 has 20 seconds left.
|
|t:|1757929416
|move|p1a: Amoonguss|Rage Powder|p1a: Amoonguss
|-singleturn|p1a: Amoonguss|move: Rage Powder
|move|p2a: Annihilape|Taunt|p1a: Amoonguss
|-start|p1a: Amoonguss|move: Taunt
|move|p2b: Dragonite|Tailwind|p2b: Dragonite
|-sidestart|p2: Sergi10|move: Tailwind
|move|p1b: Conkeldurr|Rock Slide|p2b: Dragonite|[spread] p2a,p2b
|-resisted|p2a: Annihilape
|-supereffective|p2b: Dragonite
|-damage|p2a: Annihilape|63/100
|-damage|p2b: Dragonite|35/100
|
|-damage|p1b: Conkeldurr|62/100 brn|[from] brn
|upkeep
|turn|7
|
|t:|1757929434
|switch|p1b: Gholdengo|Gholdengo, L50|100/100
|move|p2a: Annihilape|Close Combat|p1b: Gholdengo
|-immune|p1b: Gholdengo
|move|p2b: Dragonite|Scale Shot|p1b: Gholdengo
|-resisted|p1b: Gholdengo
|-damage|p1b: Gholdengo|94/100
|-resisted|p1b: Gholdengo
|-damage|p1b: Gholdengo|87/100
|-resisted|p1b: Gholdengo
|-damage|p1b: Gholdengo|80/100
|-hitcount|p1b: Gholdengo|3
|-unboost|p2b: Dragonite|def|1
|-boost|p2b: Dragonite|spe|1
|move|p1a: Amoonguss|Energy Ball|p2a: Annihilape
|-damage|p2a: Annihilape|33/100
|
|-fieldend|move: Psychic Terrain
|upkeep
|turn|8
|inactive|Sergi10 has 30 seconds left.
|inactive|Sergi10 has 20 seconds left.
|
|t:|1757929473
|-terastallize|p1b: Gholdengo|Water
|move|p2b: Dragonite|Scale Shot|p1b: Gholdengo
|-crit|p1b: Gholdengo
|-damage|p1b: Gholdengo|59/100
|-damage|p1b: Gholdengo|44/100
|-hitcount|p1b: Gholdengo|2
|-unboost|p2b: Dragonite|def|1
|-boost|p2b: Dragonite|spe|1
|move|p2a: Annihilape|Shadow Claw|p1b: Gholdengo
|-damage|p1b: Gholdengo|0 fnt
|faint|p1b: Gholdengo
|-damage|p2a: Annihilape|24/100|[from] item: Life Orb
|move|p1a: Amoonguss|Energy Ball|p2b: Dragonite
|-resisted|p2b: Dragonite
|-damage|p2b: Dragonite|28/100
|
|upkeep
|
|t:|1757929495
|switch|p1b: Conkeldurr|Conkeldurr, L50, M|62/100 brn
|turn|9
|inactive|Sergi10 has 30 seconds left.
|inactive|Sergi10 has 20 seconds left.
|inactive|Sergi10 has 15 seconds left.
|
|t:|1757929538
|move|p2a: Annihilape|Protect|p2a: Annihilape
|-singleturn|p2a: Annihilape|Protect
|move|p2b: Dragonite|Scale Shot|p1b: Conkeldurr
|-damage|p1b: Conkeldurr|50/100 brn
|-damage|p1b: Conkeldurr|38/100 brn
|-damage|p1b: Conkeldurr|25/100 brn
|-damage|p1b: Conkeldurr|13/100 brn
|-hitcount|p1b: Conkeldurr|4
|-unboost|p2b: Dragonite|def|1
|-boost|p2b: Dragonite|spe|1
|move|p1b: Conkeldurr|Rock Slide|p2a: Annihilape|[spread] p2b
|-activate|p2a: Annihilape|move: Protect
|-supereffective|p2b: Dragonite
|-damage|p2b: Dragonite|0 fnt
|faint|p2b: Dragonite
|move|p1a: Amoonguss|Energy Ball|p2a: Annihilape
|-activate|p2a: Annihilape|move: Protect
|
|-damage|p1b: Conkeldurr|7/100 brn|[from] brn
|-end|p1a: Amoonguss|move: Taunt
|-sideend|p2: Sergi10|move: Tailwind
|upkeep
|
|t:|1757929552
|switch|p2b: Tyranitar|Tyranitar, L50, F|100/100
|-weather|Sandstorm|[from] ability: Sand Stream|[of] p2b: Tyranitar
|turn|10
|inactive|Rosarino has 30 seconds left.
|inactive|Rosarino has 20 seconds left.
|inactive|Sergi10 has 30 seconds left.
|inactive|Rosarino has 15 seconds left.
|inactive|Rosarino has 10 seconds left.
|inactive|Rosarino has 5 seconds left.
|
|t:|1757929607
|-terastallize|p2b: Tyranitar|Flying
|move|p2a: Annihilape|Shadow Claw|p1b: Conkeldurr
|-damage|p1b: Conkeldurr|0 fnt
|faint|p1b: Conkeldurr
|-damage|p2a: Annihilape|14/100|[from] item: Life Orb
|move|p2b: Tyranitar|Tera Blast|p1a: Amoonguss|[anim] Tera Blast Flying
|-supereffective|p1a: Amoonguss
|-damage|p1a: Amoonguss|18/100
|move|p1a: Amoonguss|Spore|p2b: Tyranitar
|-status|p2b: Tyranitar|slp|[from] move: Spore
|
|-weather|Sandstorm|[upkeep]
|-damage|p2a: Annihilape|8/100|[from] Sandstorm
|-damage|p2b: Tyranitar|94/100 slp|[from] Sandstorm
|-damage|p1a: Amoonguss|12/100|[from] Sandstorm
|upkeep
|turn|11
|inactive|Rosarino has 30 seconds left.
|inactive|Rosarino has 20 seconds left.
|inactive|Rosarino has 15 seconds left.
|inactive|Rosarino has 10 seconds left.
|inactive|Rosarino has 5 seconds left.
|
|t:|1757929662
|move|p2a: Annihilape|Shadow Claw|p1a: Amoonguss
|-damage|p1a: Amoonguss|0 fnt
|-damage|p2a: Annihilape|0 fnt|[from] item: Rocky Helmet|[of] p1a: Amoonguss
|faint|p1a: Amoonguss
|faint|p2a: Annihilape
|
|win|Sergi10
||Sergi10 is ready for game 2.
|l|☆Rosarino
|player|p1|
|inactive|Rosarino has 30 seconds to confirm battle start!
|inactive|Rosarino has 20 seconds to confirm battle start!
|inactive|Rosarino has 10 seconds to confirm battle start!
|uhtml|next|Next: Game 2 of 3
