|j|☆dondozo ate my son
|j|☆Adriatic Tides
|html|dondozo ate my sonAdriatic Tides    
|uhtml|bestof|Game 3 of a best-of-3
|t:|1784765478
|gametype|doubles
|player|p1|dondozo ate my son|265|1337
|player|p2|Adriatic Tides|leon|1205
|gen|9
|tier|[Gen 9 Champions] VGC 2026 Reg M-B (Bo3)
|rated|
|rule|Species Clause: Limit one of each Pokémon
|rule|Item Clause: Limit 1 of each item
|clearpoke
|poke|p1|Gengar, L50, M|
|poke|p1|Swampert, L50, M|
|poke|p1|Incineroar, L50, M|
|poke|p1|Politoed, L50, F|
|poke|p1|Archaludon, L50, F|
|poke|p1|Vivillon, L50, M|
|poke|p2|Tyranitar, L50, F|
|poke|p2|Excadrill, L50, F|
|poke|p2|Delphox, L50, M|
|poke|p2|Sinistcha, L50|
|poke|p2|Rotom-Wash, L50|
|poke|p2|Incineroar, L50, M|
|teampreview|4
|showteam|p1|Gengar||Gengarite|CursedBody|ShadowBall,PerishSong,SludgeBomb,Protect|Timid||M|||50|]Swampert||Swampertite|Torrent|WaveCrash,Earthquake,IcePunch,Protect|Adamant||M|||50|]Incineroar||PasshoBerry|Intimidate|ThroatChop,PartingShot,FakeOut,Protect|Sassy||M|||50|]Politoed||SitrusBerry|Drizzle|WeatherBall,PerishSong,Encore,Protect|Calm||F|||50|]Archaludon||Leftovers|Stamina|DragonPulse,FlashCannon,ElectroShot,Protect|Bold||F|||50|]Vivillon||FocusSash|CompoundEyes|Hurricane,SleepPowder,RagePowder,Protect|Timid||M|||50|
|showteam|p2|Tyranitar||Tyranitarite|SandStream|KnockOff,RockSlide,Protect,LowKick|Adamant||F|||50|]Excadrill||FocusSash|SandRush|Protect,Earthquake,IronHead,RockSlide|Adamant||F|||50|]Delphox||Delphoxite|Blaze|NastyPlot,HeatWave,Psyshock,Protect|Timid||M|||50|]Sinistcha||ColburBerry|Hospitality|TrickRoom,MatchaGotcha,Protect,RagePowder|Bold|||||50|]Rotom-Wash||Leftovers|Levitate|Electroweb,HydroPump,Protect,Thunderbolt|Modest|||||50|]Incineroar||SitrusBerry|Intimidate|FakeOut,FlareBlitz,PartingShot,ThroatChop|Careful||M|||50|
|
|t:|1784765488
|teamsize|p1|4
|teamsize|p2|4
|start
|switch|p1a: Big Pert|Swampert, L50, M|100/100
|switch|p1b: Vivillon|Vivillon, L50, M|100/100
|switch|p2a: Tyranitar|Tyranitar, L50, F|100/100
|switch|p2b: Excadrill|Excadrill, L50, F|100/100
|-weather|Sandstorm|[from] ability: Sand Stream|[of] p2a: Tyranitar
|turn|1
|
|t:|1784765511
|switch|p1b: Politoed|Politoed, L50, F|100/100
|-weather|RainDance|[from] ability: Drizzle|[of] p1b: Politoed
|switch|p2a: Sinistcha|Sinistcha, L50|100/100
|move|p2b: Excadrill|Rock Slide|p1b: Politoed|[spread] 
|-miss|p2b: Excadrill|p1a: Big Pert
|-miss|p2b: Excadrill|p1b: Politoed
|move|p1a: Big Pert|Wave Crash|p2a: Sinistcha
|-resisted|p2a: Sinistcha|1
|-damage|p2a: Sinistcha|62/100
|-damage|p1a: Big Pert|87/100|[from] Recoil
|
|-weather|RainDance|[upkeep]
|upkeep
|turn|2
|
|t:|1784765559
|switch|p2b: Tyranitar|Tyranitar, L50, F|100/100
|-weather|Sandstorm|[from] ability: Sand Stream|[of] p2b: Tyranitar
|detailschange|p1a: Big Pert|Swampert-Mega, L50, M
|-mega|p1a: Big Pert|Swampert|Swampertite
|move|p1a: Big Pert|Ice Punch|p2a: Sinistcha
|-supereffective|p2a: Sinistcha|1
|-damage|p2a: Sinistcha|9/100
|move|p1b: Politoed|Weather Ball|p2b: Tyranitar
|-damage|p2b: Tyranitar|86/100
|move|p2a: Sinistcha|Matcha Gotcha|p1b: Politoed|[spread] p1a,p1b
|-supereffective|p1a: Big Pert|2
|-supereffective|p1b: Politoed|1
|-damage|p1a: Big Pert|1/100
|-heal|p2a: Sinistcha|54/100|[from] drain|[of] p1a: Big Pert
|-damage|p1b: Politoed|60/100
|-heal|p2a: Sinistcha|76/100|[from] drain|[of] p1b: Politoed
|
|-weather|Sandstorm|[upkeep]
|-damage|p1b: Politoed|54/100|[from] Sandstorm
|-damage|p2a: Sinistcha|70/100|[from] Sandstorm
|upkeep
|turn|3
|
|t:|1784765589
|switch|p1a: Archaludon|Archaludon, L50, F|100/100
|switch|p1b: Vivillon|Vivillon, L50, M|100/100
|switch|p2b: Incineroar|Incineroar, L50, M|100/100
|-ability|p2b: Incineroar|Intimidate|boost
|-unboost|p1a: Archaludon|atk|1
|-unboost|p1b: Vivillon|atk|1
|move|p2a: Sinistcha|Matcha Gotcha|p1b: Vivillon|[spread] p1a,p1b
|-resisted|p1a: Archaludon|2
|-resisted|p1b: Vivillon|2
|-damage|p1a: Archaludon|93/100
|-heal|p2a: Sinistcha|73/100|[from] drain|[of] p1a: Archaludon
|-damage|p1b: Vivillon|87/100
|-heal|p2a: Sinistcha|79/100|[from] drain|[of] p1b: Vivillon
|-ability|p1a: Archaludon|Stamina|boost
|-boost|p1a: Archaludon|def|1
|
|-weather|Sandstorm|[upkeep]
|-damage|p1b: Vivillon|81/100|[from] Sandstorm
|-damage|p2a: Sinistcha|73/100|[from] Sandstorm
|-damage|p2b: Incineroar|94/100|[from] Sandstorm
|-heal|p1a: Archaludon|100/100|[from] item: Leftovers
|upkeep
|turn|4
|
|t:|1784765614
|switch|p2a: Excadrill|Excadrill, L50, F|100/100
|move|p2b: Incineroar|Fake Out|p1b: Vivillon
|-damage|p1b: Vivillon|60/100
|cant|p1b: Vivillon|flinch
|move|p1a: Archaludon|Electro Shot||[still]
|-prepare|p1a: Archaludon|Electro Shot
|-boost|p1a: Archaludon|spa|1
|
|-weather|Sandstorm|[upkeep]
|-damage|p1b: Vivillon|54/100|[from] Sandstorm
|-damage|p2b: Incineroar|88/100|[from] Sandstorm
|upkeep
|turn|5
|
|t:|1784765643
|move|p2a: Excadrill|Protect|p2a: Excadrill
|-singleturn|p2a: Excadrill|Protect
|move|p1b: Vivillon|Protect|p1b: Vivillon
|-singleturn|p1b: Vivillon|Protect
|move|p1a: Archaludon|Electro Shot|p2b: Incineroar|[from] lockedmove
|-damage|p2b: Incineroar|44/100
|-enditem|p2b: Incineroar|Sitrus Berry|[eat]
|-heal|p2b: Incineroar|68/100|[from] item: Sitrus Berry
|move|p2b: Incineroar|Flare Blitz|p1b: Vivillon
|-activate|p1b: Vivillon|move: Protect
|
|-weather|Sandstorm|[upkeep]
|-damage|p1b: Vivillon|48/100|[from] Sandstorm
|-damage|p2b: Incineroar|62/100|[from] Sandstorm
|upkeep
|turn|6
|
|t:|1784765668
|switch|p1a: Politoed|Politoed, L50, F|54/100
|-weather|RainDance|[from] ability: Drizzle|[of] p1a: Politoed
|switch|p2b: Sinistcha|Sinistcha, L50|73/100
|move|p1b: Vivillon|Sleep Powder|p2a: Excadrill
|-status|p2a: Excadrill|slp|[from] move: Sleep Powder
|cant|p2a: Excadrill|slp
|
|-weather|RainDance|[upkeep]
|upkeep
|turn|7
|
|t:|1784765682
|switch|p2a: Incineroar|Incineroar, L50, M|62/100
|-ability|p2a: Incineroar|Intimidate|boost
|-unboost|p1a: Politoed|atk|1
|-unboost|p1b: Vivillon|atk|1
|move|p1b: Vivillon|Hurricane|p2b: Sinistcha
|-supereffective|p2b: Sinistcha|1
|-damage|p2b: Sinistcha|0 fnt
|faint|p2b: Sinistcha
|move|p1a: Politoed|Weather Ball|p2a: Incineroar
|-supereffective|p2a: Incineroar|1
|-damage|p2a: Incineroar|0 fnt
|faint|p2a: Incineroar
|
|-weather|RainDance|[upkeep]
|upkeep
|
|t:|1784765689
|switch|p2b: Tyranitar|Tyranitar, L50, F|86/100
|switch|p2a: Excadrill|Excadrill, L50, F|100/100 slp
|-weather|Sandstorm|[from] ability: Sand Stream|[of] p2b: Tyranitar
|turn|8
|
|t:|1784765708
|cant|p2a: Excadrill|slp
|move|p1b: Vivillon|Sleep Powder|p2b: Tyranitar
|-status|p2b: Tyranitar|slp|[from] move: Sleep Powder
|move|p1a: Politoed|Perish Song|p1a: Politoed
|-start|p1a: Politoed|perish3|[silent]
|-start|p1b: Vivillon|perish3|[silent]
|-start|p2a: Excadrill|perish3|[silent]
|-start|p2b: Tyranitar|perish3|[silent]
|-fieldactivate|move: Perish Song
|cant|p2b: Tyranitar|slp
|
|-weather|Sandstorm|[upkeep]
|-damage|p1b: Vivillon|42/100|[from] Sandstorm
|-damage|p1a: Politoed|48/100|[from] Sandstorm
|-enditem|p1a: Politoed|Sitrus Berry|[eat]
|-heal|p1a: Politoed|73/100|[from] item: Sitrus Berry
|-start|p2a: Excadrill|perish3
|-start|p1b: Vivillon|perish3
|-start|p1a: Politoed|perish3
|-start|p2b: Tyranitar|perish3
|upkeep
|turn|9
|
|t:|1784765733
|move|p1b: Vivillon|Protect|p1b: Vivillon
|-singleturn|p1b: Vivillon|Protect
|move|p1a: Politoed|Protect|p1a: Politoed
|-singleturn|p1a: Politoed|Protect
|-curestatus|p2a: Excadrill|slp|[msg]
|move|p2a: Excadrill|Rock Slide|p1b: Vivillon|[spread] 
|-activate|p1a: Politoed|move: Protect
|-activate|p1b: Vivillon|move: Protect
|cant|p2b: Tyranitar|slp
|
|-weather|Sandstorm|[upkeep]
|-damage|p1b: Vivillon|36/100|[from] Sandstorm
|-damage|p1a: Politoed|67/100|[from] Sandstorm
|-start|p2a: Excadrill|perish2
|-start|p1b: Vivillon|perish2
|-start|p1a: Politoed|perish2
|-start|p2b: Tyranitar|perish2
|upkeep
|turn|10
|
|t:|1784765757
|move|p2a: Excadrill|Rock Slide|p1b: Vivillon|[spread] p1a,p1b
|-supereffective|p1b: Vivillon|2
|-damage|p1a: Politoed|47/100
|-damage|p1b: Vivillon|0 fnt
|faint|p1b: Vivillon
|move|p1a: Politoed|Encore|p2a: Excadrill
|-start|p2a: Excadrill|Encore
|-curestatus|p2b: Tyranitar|slp|[msg]
|move|p2b: Tyranitar|Low Kick|p1a: Politoed
|-damage|p1a: Politoed|24/100
|
|-weather|Sandstorm|[upkeep]
|-damage|p1a: Politoed|18/100|[from] Sandstorm
|-start|p2a: Excadrill|perish1
|-start|p1a: Politoed|perish1
|-start|p2b: Tyranitar|perish1
|upkeep
|
|t:|1784765770
|switch|p1b: Archaludon|Archaludon, L50, F|100/100
|turn|11
|c|☆Adriatic Tides|gg
|
|t:|1784765777
|detailschange|p2b: Tyranitar|Tyranitar-Mega, L50, F
|-mega|p2b: Tyranitar|Tyranitar|Tyranitarite
|move|p1b: Archaludon|Protect|p1b: Archaludon
|-singleturn|p1b: Archaludon|Protect
|move|p1a: Politoed|Protect|p1a: Politoed
|-singleturn|p1a: Politoed|Protect
|move|p2a: Excadrill|Rock Slide|p1a: Politoed|[spread] 
|-activate|p1a: Politoed|move: Protect
|-activate|p1b: Archaludon|move: Protect
|move|p2b: Tyranitar|Low Kick|p1b: Archaludon
|-activate|p1b: Archaludon|move: Protect
|
|-weather|Sandstorm|[upkeep]
|-damage|p1a: Politoed|12/100|[from] Sandstorm
|-start|p2a: Excadrill|perish0
|-start|p1a: Politoed|perish0
|-start|p2b: Tyranitar|perish0
|faint|p2a: Excadrill
|faint|p1a: Politoed
|faint|p2b: Tyranitar
|
|win|dondozo ate my son
|raw|dondozo ate my son's rating: 1337 → 1350(+13 for winning)
|raw|Adriatic Tides's rating: 1205 → 1189(-16 for losing)
|c|☆dondozo ate my son|Gg
