|j|☆sandy ghost 5
|j|☆Chavo666
|html|sandy ghost 5Chavo666    
|uhtml|bestof|Game 2 of a best-of-3
|t:|1757070581
|gametype|doubles
|player|p1|sandy ghost 5|baker|1217
|player|p2|Chavo666|policeman-gen4|1129
|gen|9
|tier|[Gen 9] VGC 2025 Reg H (Bo3)
|rated|
|rule|Species Clause: Limit one of each Pokémon
|rule|Item Clause: Limit 1 of each item
|clearpoke
|poke|p1|Tyranitar, L50, F|
|poke|p1|Excadrill, L50, F|
|poke|p1|Sinistcha-Masterpiece, L50|
|poke|p1|Salamence, L50, M|
|poke|p1|Blaziken, L50, F|
|poke|p1|Bruxish, L50, M|
|poke|p2|Reuniclus, L50, F|
|poke|p2|Indeedee-F, L50, F|
|poke|p2|Torkoal, L50, F|
|poke|p2|Gastrodon, L50, F|
|poke|p2|Venusaur, L50, M|
|poke|p2|Incineroar, L50, F|
|teampreview|4
|showteam|p1|Tyranitar||ClearAmulet|SandStream|RockSlide,KnockOff,DragonDance,Protect|||F|||50|,,,,,Grass]Excadrill||AssaultVest|SandRush|Earthquake,IronHead,HighHorsepower,RockSlide|||F|||50|,,,,,Ghost]Sinistcha-Masterpiece||SitrusBerry|Hospitality|ShadowBall,MatchaGotcha,RagePowder,Protect||||||50|,,,,,Dark]Salamence||LifeOrb|Intimidate|DracoMeteor,AirSlash,Protect,Tailwind|||M|||50|,,,,,Ghost]Blaziken||CovertCloak|SpeedBoost|AuraSphere,HeatWave,Coaching,WillOWisp|||F|||50|,,,,,Dragon]Bruxish||ChoiceScarf|Dazzling|PsychicFangs,FlipTurn,WaveCrash,SuperFang|||M|||50|,,,,,Water
|showteam|p2|Reuniclus||LifeOrb|Regenerator|ExpandingForce,Encore,TrickRoom,TeraBlast|||F|||50|,,,,,Fairy]Indeedee-F||PsychicSeed|PsychicSurge|DazzlingGleam,FollowMe,HelpingHand,TrickRoom|||F|||50|,,,,,Fairy]Torkoal||ChoiceSpecs|Drought|HeatWave,Eruption,EarthPower,SolarBeam|||F|||50|,,,,,Fire]Gastrodon||Leftovers|StormDrain|EarthPower,IceBeam,Recover,Yawn|||F|||50|,,,,,Fire]Venusaur||SitrusBerry|Chlorophyll|SleepPowder,SludgeBomb,GigaDrain,Protect|||M|||50|,,,,,Fire]Incineroar||SafetyGoggles|Intimidate|FakeOut,PartingShot,FlareBlitz,KnockOff|||F|||50|,,,,,Fire
|
|t:|1757070608
|teamsize|p1|4
|teamsize|p2|4
|start
|switch|p1a: Excadrill|Excadrill, L50, F|100/100
|switch|p1b: Tyranitar|Tyranitar, L50, F|100/100
|switch|p2a: Reuniclus|Reuniclus, L50, F|100/100
|switch|p2b: Indeedee|Indeedee-F, L50, F|100/100
|-weather|Sandstorm|[from] ability: Sand Stream|[of] p1b: Tyranitar
|-fieldstart|move: Psychic Terrain|[from] ability: Psychic Surge|[of] p2b: Indeedee
|-enditem|p2b: Indeedee|Psychic Seed
|-boost|p2b: Indeedee|spd|1|[from] item: Psychic Seed
|turn|1
|
|t:|1757070623
|move|p2b: Indeedee|Follow Me|p2b: Indeedee
|-singleturn|p2b: Indeedee|move: Follow Me
|move|p1a: Excadrill|Rock Slide|p2a: Reuniclus|[spread] p2a
|-miss|p1a: Excadrill|p2b: Indeedee
|-damage|p2a: Reuniclus|76/100
|move|p1b: Tyranitar|Rock Slide|p2b: Indeedee|[spread] p2a,p2b
|-damage|p2a: Reuniclus|37/100
|-damage|p2b: Indeedee|65/100
|move|p2a: Reuniclus|Trick Room|p2a: Reuniclus
|-fieldstart|move: Trick Room|[of] p2a: Reuniclus
|
|-weather|Sandstorm|[upkeep]
|-damage|p2a: Reuniclus|31/100|[from] Sandstorm
|-damage|p2b: Indeedee|59/100|[from] Sandstorm
|upkeep
|turn|2
|
|t:|1757070644
|switch|p2a: Gastrodon|Gastrodon, L50, F|100/100
|switch|p1b: Blaziken|Blaziken, L50, F|100/100
|move|p2b: Indeedee|Dazzling Gleam|p1a: Excadrill|[spread] p1a,p1b
|-resisted|p1a: Excadrill
|-damage|p1a: Excadrill|96/100
|-damage|p1b: Blaziken|83/100
|move|p1a: Excadrill|Rock Slide|p2a: Gastrodon|[spread] p2b
|-miss|p1a: Excadrill|p2a: Gastrodon
|-damage|p2b: Indeedee|35/100
|
|-weather|Sandstorm|[upkeep]
|-damage|p2b: Indeedee|29/100|[from] Sandstorm
|-damage|p1b: Blaziken|77/100|[from] Sandstorm
|upkeep
|turn|3
|
|t:|1757070665
|move|p2b: Indeedee|Helping Hand|p2a: Gastrodon
|-singleturn|p2a: Gastrodon|Helping Hand|[of] p2b: Indeedee
|move|p2a: Gastrodon|Earth Power|p1a: Excadrill
|-supereffective|p1a: Excadrill
|-damage|p1a: Excadrill|17/100
|move|p1b: Blaziken|Coaching|p1a: Excadrill
|-boost|p1a: Excadrill|atk|1
|-boost|p1a: Excadrill|def|1
|move|p1a: Excadrill|High Horsepower|p2a: Gastrodon
|-crit|p2a: Gastrodon
|-damage|p2a: Gastrodon|0 fnt
|faint|p2a: Gastrodon
|
|-weather|Sandstorm|[upkeep]
|-damage|p2b: Indeedee|22/100|[from] Sandstorm
|-damage|p1b: Blaziken|71/100|[from] Sandstorm
|-ability|p1b: Blaziken|Speed Boost|boost
|-boost|p1b: Blaziken|spe|1
|upkeep
|
|t:|1757070681
|switch|p2a: Reuniclus|Reuniclus, L50, F|64/100
|turn|4
|
|t:|1757070697
|switch|p2b: Torkoal|Torkoal, L50, F|100/100
|-weather|SunnyDay|[from] ability: Drought|[of] p2b: Torkoal
|switch|p1b: Tyranitar|Tyranitar, L50, F|100/100
|-weather|Sandstorm|[from] ability: Sand Stream|[of] p1b: Tyranitar
|move|p2a: Reuniclus|Expanding Force|p1a: Excadrill|[spread] p1a
|-immune|p1b: Tyranitar
|-resisted|p1a: Excadrill
|-damage|p1a: Excadrill|0 fnt
|faint|p1a: Excadrill
|-damage|p2a: Reuniclus|54/100|[from] item: Life Orb
|
|-weather|Sandstorm|[upkeep]
|-damage|p2b: Torkoal|94/100|[from] Sandstorm
|-damage|p2a: Reuniclus|48/100|[from] Sandstorm
|upkeep
|
|t:|1757070714
|switch|p1a: Salamence|Salamence, L50, M|100/100
|-ability|p1a: Salamence|Intimidate|boost
|-unboost|p2a: Reuniclus|atk|1
|-unboost|p2b: Torkoal|atk|1
|turn|5
|
|t:|1757070721
|switch|p2b: Indeedee|Indeedee-F, L50, F|22/100
|-terastallize|p2a: Reuniclus|Fairy
|move|p1b: Tyranitar|Protect|p1b: Tyranitar
|-singleturn|p1b: Tyranitar|Protect
|move|p1a: Salamence|Protect|p1a: Salamence
|-singleturn|p1a: Salamence|Protect
|move|p2a: Reuniclus|Tera Blast|p1b: Tyranitar|[anim] Tera Blast Fairy
|-activate|p1b: Tyranitar|move: Protect
|
|-weather|Sandstorm|[upkeep]
|-damage|p2a: Reuniclus|42/100|[from] Sandstorm
|-damage|p2b: Indeedee|16/100|[from] Sandstorm
|-damage|p1a: Salamence|95/100|[from] Sandstorm
|-fieldend|move: Trick Room
|-fieldend|move: Psychic Terrain
|upkeep
|turn|6
|
|t:|1757070741
|switch|p2a: Torkoal|Torkoal, L50, F|94/100
|-weather|SunnyDay|[from] ability: Drought|[of] p2a: Torkoal
|move|p1a: Salamence|Air Slash|p2b: Indeedee
|-damage|p2b: Indeedee|0 fnt
|faint|p2b: Indeedee
|-damage|p1a: Salamence|85/100|[from] item: Life Orb
|move|p1b: Tyranitar|Rock Slide|p2a: Torkoal|[miss]
|-miss|p1b: Tyranitar|p2a: Torkoal
|
|-weather|SunnyDay|[upkeep]
|upkeep
|
|t:|1757070752
|switch|p2b: Reuniclus|Reuniclus, L50, F, tera:Fairy|75/100
|turn|7
|
|t:|1757070762
|move|p1a: Salamence|Draco Meteor|p2a: Torkoal
|-damage|p2a: Torkoal|0 fnt
|-unboost|p1a: Salamence|spa|2
|faint|p2a: Torkoal
|-damage|p1a: Salamence|75/100|[from] item: Life Orb
|move|p1b: Tyranitar|Rock Slide|p2b: Reuniclus
|-damage|p2b: Reuniclus|25/100
|cant|p2b: Reuniclus|flinch
|
|-weather|SunnyDay|[upkeep]
|upkeep
|turn|8
|-message|Chavo666 forfeited.
|
|win|sandy ghost 5
|raw|sandy ghost 5's rating: 1217 → 1236(+19 for winning)
|raw|Chavo666's rating: 1129 → 1110(-19 for losing)
|l|☆Chavo666
|player|p2|
