|j|☆squigulousq
|j|☆Lemonade Insurance
|html|squigulousqLemonade Insurance    
|uhtml|bestof|Game 2 of a best-of-3
|t:|1756604207
|gametype|doubles
|player|p1|squigulousq|clown|1199
|player|p2|Lemonade Insurance|169|1258
|gen|9
|tier|[Gen 9] VGC 2025 Reg H (Bo3)
|rated|
|rule|Species Clause: Limit one of each Pokémon
|rule|Item Clause: Limit 1 of each item
|clearpoke
|poke|p1|Gholdengo, L50|
|poke|p1|Basculegion, L50, M|
|poke|p1|Pelipper, L50, F|
|poke|p1|Incineroar, L50, M|
|poke|p1|Amoonguss, L50, M|
|poke|p1|Archaludon, L50, F|
|poke|p2|Jumpluff, L50, M|
|poke|p2|Charizard, L50, M|
|poke|p2|Incineroar, L50, M|
|poke|p2|Porygon2, L50|
|poke|p2|Torkoal, L50, M|
|poke|p2|Ursaluna-Bloodmoon, L50, M|
|teampreview|4
|showteam|p1|Gholdengo||LifeOrb|GoodasGold|MakeItRain,ShadowBall,NastyPlot,Protect||||||50|,,,,,Water]Basculegion||ChoiceBand|SwiftSwim|WaveCrash,LastRespects,FlipTurn,AquaJet|||M|||50|,,,,,Water]Pelipper||FocusSash|Drizzle|WeatherBall,Hurricane,Tailwind,Protect|||F|||50|,,,,,Ground]Incineroar||SafetyGoggles|Intimidate|Taunt,KnockOff,PartingShot,FakeOut|||M|||50|,,,,,Ghost]Amoonguss||SitrusBerry|Regenerator|PollenPuff,Spore,RagePowder,Protect|||M|||50|,,,,,Dark]Archaludon||AssaultVest|Stamina|DragonPulse,FlashCannon,ElectroShot,BodyPress|||F|||50|,,,,,Bug
|showteam|p2|Jumpluff||CovertCloak|Chlorophyll|LeafStorm,SleepPowder,SunnyDay,Tailwind|||M|||50|,,,,,Water]Charizard||ChoiceSpecs|SolarPower|HeatWave,Overheat,WeatherBall,AirSlash|||M|||50|,,,,,Ghost]Incineroar||SitrusBerry|Intimidate|FlareBlitz,KnockOff,FakeOut,PartingShot|||M|||50|,,,,,Grass]Porygon2||Eviolite|Download|TeraBlast,IceBeam,Recover,TrickRoom||||||50|,,,,,Fighting]Torkoal||EjectPack|Drought|Eruption,Overheat,HelpingHand,Protect|||M|||50|,,,,,Fire]Ursaluna-Bloodmoon||LifeOrb|MindsEye|BloodMoon,HyperVoice,EarthPower,Protect|||M|||50|,,,,,Ghost
|inactive|Battle timer is ON: inactive players will automatically lose when time's up. (requested by Lemonade Insurance)
|inactive|Lemonade Insurance has 60 seconds left.
|
|t:|1756604253
|teamsize|p1|4
|teamsize|p2|4
|start
|switch|p1a: Gholdengo|Gholdengo, L50|100/100
|switch|p1b: Incineroar|Incineroar, L50, M|100/100
|switch|p2a: Scat Pack|Incineroar, L50, M|100/100
|switch|p2b: Starbreaker|Porygon2, L50|100/100
|-ability|p2a: Scat Pack|Intimidate|boost
|-unboost|p1a: Gholdengo|atk|1
|-unboost|p1b: Incineroar|atk|1
|-ability|p1b: Incineroar|Intimidate|boost
|-unboost|p2a: Scat Pack|atk|1
|-unboost|p2b: Starbreaker|atk|1
|-ability|p2b: Starbreaker|Download|boost
|-boost|p2b: Starbreaker|spa|1
|turn|1
|inactive|squigulousq has 30 seconds left.
|inactive|squigulousq has 20 seconds left.
|inactive|squigulousq has 15 seconds left.
|
|t:|1756604294
|-terastallize|p2b: Starbreaker|Fighting
|move|p1a: Gholdengo|Protect|p1a: Gholdengo
|-singleturn|p1a: Gholdengo|Protect
|move|p2a: Scat Pack|Knock Off|p1a: Gholdengo
|-activate|p1a: Gholdengo|move: Protect
|move|p1b: Incineroar|Taunt|p2b: Starbreaker
|-start|p2b: Starbreaker|move: Taunt
|move|p2b: Starbreaker|Tera Blast|p1b: Incineroar|[anim] Tera Blast Fighting
|-supereffective|p1b: Incineroar
|-damage|p1b: Incineroar|0 fnt
|faint|p1b: Incineroar
|
|upkeep
|
|t:|1756604308
|switch|p1b: Basculegion|Basculegion, L50, M|100/100
|turn|2
|
|t:|1756604323
|switch|p1a: Pelipper|Pelipper, L50, F|100/100
|-weather|RainDance|[from] ability: Drizzle|[of] p1a: Pelipper
|move|p1b: Basculegion|Flip Turn|p2a: Scat Pack
|-supereffective|p2a: Scat Pack
|-damage|p2a: Scat Pack|0 fnt
|faint|p2a: Scat Pack
|
|t:|1756604330
|switch|p1b: Gholdengo|Gholdengo, L50|100/100|[from] Flip Turn
|move|p2b: Starbreaker|Ice Beam|p1b: Gholdengo
|-resisted|p1b: Gholdengo
|-damage|p1b: Gholdengo|76/100
|
|-weather|RainDance|[upkeep]
|upkeep
|
|t:|1756604338
|switch|p2a: Turtle|Torkoal, L50, M|100/100
|-weather|SunnyDay|[from] ability: Drought|[of] p2a: Turtle
|turn|3
|inactive|Lemonade Insurance has 30 seconds left.
|
|t:|1756604365
|switch|p1a: Basculegion|Basculegion, L50, M|100/100
|move|p1b: Gholdengo|Protect|p1b: Gholdengo
|-singleturn|p1b: Gholdengo|Protect
|move|p2b: Starbreaker|Ice Beam|p1a: Basculegion
|-resisted|p1a: Basculegion
|-damage|p1a: Basculegion|75/100
|move|p2a: Turtle|Eruption|p1a: Basculegion|[spread] p1a
|-activate|p1b: Gholdengo|move: Protect
|-resisted|p1a: Basculegion
|-damage|p1a: Basculegion|35/100
|
|-weather|SunnyDay|[upkeep]
|-end|p2b: Starbreaker|move: Taunt
|upkeep
|turn|4
|inactive|squigulousq has 30 seconds left.
|inactive|squigulousq has 20 seconds left.
|inactive|squigulousq has 15 seconds left.
|inactive|squigulousq has 10 seconds left.
|
|t:|1756604412
|switch|p1b: Pelipper|Pelipper, L50, F|100/100
|-weather|RainDance|[from] ability: Drizzle|[of] p1b: Pelipper
|switch|p2a: Ursaluna|Ursaluna-Bloodmoon, L50, M|100/100
|move|p1a: Basculegion|Flip Turn|p2a: Ursaluna
|-supereffective|p2a: Ursaluna
|-damage|p2a: Ursaluna|0 fnt
|faint|p2a: Ursaluna
|
|t:|1756604421
|switch|p1a: Gholdengo|Gholdengo, L50|76/100|[from] Flip Turn
|move|p2b: Starbreaker|Trick Room|p2b: Starbreaker
|-fieldstart|move: Trick Room|[of] p2b: Starbreaker
|
|-weather|RainDance|[upkeep]
|upkeep
|
|t:|1756604426
|switch|p2a: Turtle|Torkoal, L50, M|100/100
|-weather|SunnyDay|[from] ability: Drought|[of] p2a: Turtle
|turn|5
|inactive|squigulousq has 30 seconds left.
|inactive|squigulousq has 20 seconds left.
|
|t:|1756604463
|switch|p1b: Basculegion|Basculegion, L50, M|35/100
|move|p1a: Gholdengo|Protect|p1a: Gholdengo
|-singleturn|p1a: Gholdengo|Protect
|move|p2a: Turtle|Eruption|p1a: Gholdengo|[spread] p1b
|-activate|p1a: Gholdengo|move: Protect
|-resisted|p1b: Basculegion
|-damage|p1b: Basculegion|0 fnt
|faint|p1b: Basculegion
|move|p2b: Starbreaker|Tera Blast|p1a: Gholdengo|[anim] Tera Blast Fighting
|-activate|p1a: Gholdengo|move: Protect
|
|-weather|SunnyDay|[upkeep]
|upkeep
|
|t:|1756604475
|switch|p1b: Pelipper|Pelipper, L50, F|100/100
|-weather|RainDance|[from] ability: Drizzle|[of] p1b: Pelipper
|turn|6
|
|t:|1756604489
|move|p2a: Turtle|Eruption|p1b: Pelipper|[spread] p1a,p1b
|-supereffective|p1a: Gholdengo
|-resisted|p1b: Pelipper
|-damage|p1a: Gholdengo|22/100
|-damage|p1b: Pelipper|78/100
|move|p2b: Starbreaker|Ice Beam|p1b: Pelipper
|-damage|p1b: Pelipper|0 fnt
|faint|p1b: Pelipper
|move|p1a: Gholdengo|Shadow Ball|p2a: Turtle
|-damage|p2a: Turtle|34/100
|-damage|p1a: Gholdengo|12/100|[from] item: Life Orb
|
|-weather|RainDance|[upkeep]
|upkeep
|turn|7
|
|t:|1756604509
|-terastallize|p1a: Gholdengo|Water
|move|p2a: Turtle|Helping Hand|p2b: Starbreaker
|-singleturn|p2b: Starbreaker|Helping Hand|[of] p2a: Turtle
|move|p1a: Gholdengo|Protect|p1a: Gholdengo
|-singleturn|p1a: Gholdengo|Protect
|move|p2b: Starbreaker|Ice Beam|p1a: Gholdengo
|-activate|p1a: Gholdengo|move: Protect
|
|-weather|RainDance|[upkeep]
|upkeep
|turn|8
|
|t:|1756604520
|move|p2a: Turtle|Helping Hand|p2b: Starbreaker
|-singleturn|p2b: Starbreaker|Helping Hand|[of] p2a: Turtle
|move|p1a: Gholdengo|Protect||[still]
|-fail|p1a: Gholdengo
|move|p2b: Starbreaker|Ice Beam|p1a: Gholdengo
|-resisted|p1a: Gholdengo
|-damage|p1a: Gholdengo|0 fnt
|faint|p1a: Gholdengo
|
|win|Lemonade Insurance
||Lemonade Insurance is ready for game 3.
||squigulousq is ready for game 3.
|uhtml|next|Next: Game 3 of 3
|l|☆squigulousq
|player|p1|
