|j|☆SrStarVGC
|j|☆RisottoVenere
|html|SrStarVGCRisottoVenere    
|uhtml|bestof|Game 2 of a best-of-3
|t:|1783523426
|gametype|doubles
|player|p1|SrStarVGC|drayden|1141
|player|p2|RisottoVenere|266|1244
|gen|9
|tier|[Gen 9 Champions] VGC 2026 Reg M-B (Bo3)
|rated|
|rule|Species Clause: Limit one of each Pokémon
|rule|Item Clause: Limit 1 of each item
|clearpoke
|poke|p1|Delphox, L50, F|
|poke|p1|Sneasler, L50, F|
|poke|p1|Incineroar, L50, M|
|poke|p1|Sinistcha, L50|
|poke|p1|Kingambit, L50, F|
|poke|p1|Floette-Eternal, L50, F|
|poke|p2|Tyranitar, L50, M|
|poke|p2|Excadrill, L50, M|
|poke|p2|Sneasler, L50, M|
|poke|p2|Basculegion, L50, M|
|poke|p2|Aerodactyl, L50, M|
|poke|p2|Sylveon, L50, F|
|teampreview|4
|showteam|p1|Delphox||Delphoxite|Blaze|Protect,HeatWave,Psyshock,NastyPlot|Timid||F|||50|]Sneasler||FocusSash|PoisonTouch|QuickGuard,PoisonJab,CloseCombat,FakeOut|Jolly||F|||50|]Incineroar||SitrusBerry|Intimidate|PartingShot,FlareBlitz,ThroatChop,FakeOut|Careful||M|||50|]Sinistcha||OccaBerry|Hospitality|Protect,RagePowder,LifeDew,MatchaGotcha|Bold|||||50|]Kingambit||BlackGlasses|Defiant|Protect,SuckerPunch,SwordsDance,KowtowCleave|Adamant||F|||50|]Floette-Eternal||Floettite|FlowerVeil|Protect,DazzlingGleam,CalmMind,Moonblast|Modest||F|||50|
|showteam|p2|Tyranitar||Tyranitarite|SandStream|RockSlide,KnockOff,DragonDance,Protect|Jolly||M|||50|]Excadrill||FocusSash|SandRush|HighHorsepower,Earthquake,IronHead,Protect|Adamant||M|||50|]Sneasler||WhiteHerb|Unburden|CloseCombat,DireClaw,FakeOut,Protect|Adamant||M|||50|]Basculegion||LifeOrb|Adaptability|WaveCrash,LastRespects,AquaJet,Protect|Adamant||M|||50|]Aerodactyl||Aerodactylite|RockHead|Tailwind,RockSlide,WideGuard,DualWingbeat|Jolly||M|||50|]Sylveon||FairyFeather|Pixilate|HyperVoice,HyperBeam,QuickAttack,Protect|Modest||F|||50|
|inactive|Battle timer is ON: inactive players will automatically lose when time's up. (requested by SrStarVGC)
|
|t:|1783523450
|teamsize|p1|4
|teamsize|p2|4
|start
|switch|p1a: Incineroar|Incineroar, L50, M|100/100
|switch|p1b: Floette|Floette-Eternal, L50, F|100/100
|switch|p2a: Aerodactyl|Aerodactyl, L50, M|100/100
|switch|p2b: Sylveon|Sylveon, L50, F|100/100
|-ability|p1a: Incineroar|Intimidate|boost
|-unboost|p2a: Aerodactyl|atk|1
|-unboost|p2b: Sylveon|atk|1
|turn|1
|
|t:|1783523470
|detailschange|p1b: Floette|Floette-Mega, L50, F
|-mega|p1b: Floette|Floette|Floettite
|-ability|p1b: Floette|Fairy Aura
|move|p1a: Incineroar|Fake Out|p2a: Aerodactyl
|-resisted|p2a: Aerodactyl|1
|-crit|p2a: Aerodactyl
|-damage|p2a: Aerodactyl|89/100
|cant|p2a: Aerodactyl|flinch
|move|p1b: Floette|Calm Mind|p1b: Floette
|-boost|p1b: Floette|spa|1
|-boost|p1b: Floette|spd|1
|move|p2b: Sylveon|Hyper Beam|p1b: Floette
|-damage|p1b: Floette|18/100
|-mustrecharge|p2b: Sylveon
|
|upkeep
|turn|2
|
|t:|1783523487
|move|p1b: Floette|Protect|p1b: Floette
|-singleturn|p1b: Floette|Protect
|move|p2a: Aerodactyl|Rock Slide|p1a: Incineroar|[spread] p1a
|-activate|p1b: Floette|move: Protect
|-supereffective|p1a: Incineroar|1
|-damage|p1a: Incineroar|72/100
|move|p1a: Incineroar|Parting Shot|p2b: Sylveon
|-unboost|p2b: Sylveon|atk|1
|-unboost|p2b: Sylveon|spa|1
|
|t:|1783523496
|switch|p1a: Sinistcha|Sinistcha, L50|100/100|[from] Parting Shot
|-heal|p1b: Floette|43/100|[from] ability: Hospitality|[of] p1a: Sinistcha
|cant|p2b: Sylveon|recharge
|
|upkeep
|turn|3
|inactive|SrStarVGC has 30 seconds left.
|
|t:|1783523529
|move|p2a: Aerodactyl|Tailwind|p2a: Aerodactyl
|-sidestart|p2: RisottoVenere|move: Tailwind
|move|p2b: Sylveon|Hyper Voice|p1a: Sinistcha|[spread] p1a,p1b
|-damage|p1a: Sinistcha|59/100
|-damage|p1b: Floette|19/100
|move|p1b: Floette|Dazzling Gleam|p2b: Sylveon|[spread] p2a,p2b
|-damage|p2a: Aerodactyl|5/100
|-damage|p2b: Sylveon|50/100y
|move|p1a: Sinistcha|Life Dew|p1a: Sinistcha|[spread] p1a,p1b
|-heal|p1a: Sinistcha|84/100
|-heal|p1b: Floette|44/100
|
|upkeep
|turn|4
|
|t:|1783523544
|move|p1b: Floette|Protect|p1b: Floette
|-singleturn|p1b: Floette|Protect
|move|p2a: Aerodactyl|Rock Slide|p1a: Sinistcha|[spread] p1a
|-activate|p1b: Floette|move: Protect
|-damage|p1a: Sinistcha|72/100
|move|p2b: Sylveon|Hyper Voice|p1a: Sinistcha|[spread] p1a
|-activate|p1b: Floette|move: Protect
|-damage|p1a: Sinistcha|35/100
|cant|p1a: Sinistcha|flinch
|
|upkeep
|turn|5
|
|t:|1783523568
|switch|p1a: Incineroar|Incineroar, L50, M|72/100
|-ability|p1a: Incineroar|Intimidate|boost
|-unboost|p2a: Aerodactyl|atk|1
|-unboost|p2b: Sylveon|atk|1
|move|p2a: Aerodactyl|Dual Wingbeat|p1a: Incineroar
|-damage|p1a: Incineroar|66/100
|-damage|p1a: Incineroar|58/100
|-hitcount|p1a: Incineroar|2
|move|p2b: Sylveon|Hyper Beam|p1b: Floette|[miss]
|-miss|p2b: Sylveon|p1b: Floette
|move|p1b: Floette|Dazzling Gleam|p2b: Sylveon|[spread] p2a,p2b
|-damage|p2a: Aerodactyl|0 fnt
|-damage|p2b: Sylveon|1/100
|faint|p2a: Aerodactyl
|
|upkeep
|
|t:|1783523584
|switch|p2a: Excadrill|Excadrill, L50, M|100/100
|turn|6
|
|t:|1783523591
|move|p2a: Excadrill|Protect|p2a: Excadrill
|-singleturn|p2a: Excadrill|Protect
|move|p1b: Floette|Protect|p1b: Floette
|-singleturn|p1b: Floette|Protect
|move|p2b: Sylveon|Hyper Beam|p1b: Floette
|-activate|p1b: Floette|move: Protect
|move|p1a: Incineroar|Parting Shot|p2a: Excadrill
|-activate|p2a: Excadrill|move: Protect
|
|-sideend|p2: RisottoVenere|move: Tailwind
|upkeep
|turn|7
|inactive|SrStarVGC has 30 seconds left.
|
|t:|1783523616
|switch|p1a: Sinistcha|Sinistcha, L50|35/100
|-heal|p1b: Floette|69/100|[from] ability: Hospitality|[of] p1a: Sinistcha
|switch|p2b: Tyranitar|Tyranitar, L50, M|100/100
|-weather|Sandstorm|[from] ability: Sand Stream|[of] p2b: Tyranitar
|move|p2a: Excadrill|Iron Head|p1b: Floette
|-supereffective|p1b: Floette|1
|-crit|p1b: Floette
|-damage|p1b: Floette|0 fnt
|faint|p1b: Floette
|
|-weather|Sandstorm|[upkeep]
|-damage|p1a: Sinistcha|29/100|[from] Sandstorm
|upkeep
|
|t:|1783523625
|switch|p1b: Incineroar|Incineroar, L50, M|58/100
|-ability|p1b: Incineroar|Intimidate|boost
|-unboost|p2a: Excadrill|atk|1
|-unboost|p2b: Tyranitar|atk|1
|turn|8
|
|t:|1783523643
|switch|p2a: Sylveon|Sylveon, L50, F|1/100
|move|p1b: Incineroar|Fake Out|p2a: Sylveon
|-damage|p2a: Sylveon|0 fnt
|faint|p2a: Sylveon
|move|p2b: Tyranitar|Dragon Dance|p2b: Tyranitar
|-boost|p2b: Tyranitar|atk|1
|-boost|p2b: Tyranitar|spe|1
|move|p1a: Sinistcha|Matcha Gotcha|p2b: Tyranitar
|-supereffective|p2b: Tyranitar|1
|-damage|p2b: Tyranitar|58/100
|-heal|p1a: Sinistcha|51/100|[from] drain|[of] p2b: Tyranitar
|
|-weather|Sandstorm|[upkeep]
|-damage|p1b: Incineroar|52/100|[from] Sandstorm
|-damage|p1a: Sinistcha|44/100|[from] Sandstorm
|upkeep
|
|t:|1783523650
|switch|p2a: Excadrill|Excadrill, L50, M|100/100
|turn|9
|
|t:|1783523670
|detailschange|p2b: Tyranitar|Tyranitar-Mega, L50, M
|-mega|p2b: Tyranitar|Tyranitar|Tyranitarite
|move|p2a: Excadrill|High Horsepower|p1b: Incineroar
|-supereffective|p1b: Incineroar|1
|-damage|p1b: Incineroar|0 fnt
|faint|p1b: Incineroar
|move|p2b: Tyranitar|Knock Off|p1a: Sinistcha
|-supereffective|p1a: Sinistcha|1
|-damage|p1a: Sinistcha|0 fnt
|-enditem|p1a: Sinistcha|Occa Berry|[from] move: Knock Off|[of] p2b: Tyranitar
|faint|p1a: Sinistcha
|
|-weather|Sandstorm|[upkeep]
|upkeep
|
|t:|1783523678
|switch|p1b: Sneasler|Sneasler, L50, F|100/100
|turn|10
|
|t:|1783523687
|move|p1b: Sneasler|Fake Out|p2a: Excadrill
|-resisted|p2a: Excadrill|1
|-damage|p2a: Excadrill|90/100
|cant|p2a: Excadrill|flinch
|move|p2b: Tyranitar|Dragon Dance|p2b: Tyranitar
|-boost|p2b: Tyranitar|atk|1
|-boost|p2b: Tyranitar|spe|1
|
|-weather|Sandstorm|[upkeep]
|-damage|p1b: Sneasler|94/100|[from] Sandstorm
|upkeep
|turn|11
|
|t:|1783523702
|move|p2a: Excadrill|High Horsepower|p1b: Sneasler
|-supereffective|p1b: Sneasler|1
|-damage|p1b: Sneasler|0 fnt
|faint|p1b: Sneasler
|
|win|RisottoVenere
|raw|SrStarVGC's rating: 1141 → 1123(-18 for losing)
|raw|RisottoVenere's rating: 1244 → 1262(+18 for winning)
|l|☆RisottoVenere
|player|p2|
