|j|☆NX_TEK
|j|‽slckrckyyyy
|html|NX_TEKslckrckyyyy    
|uhtml|bestof|Game 1 of a best-of-3
|t:|1785068414
|gametype|doubles
|player|p1|NX_TEK|silver|1000
|player|p2|slckrckyyyy|lucas|1000
|gen|9
|tier|[Gen 9 Champions] VGC 2026 Reg M-B (Bo3)
|rated|
|rule|Species Clause: Limit one of each Pokémon
|rule|Item Clause: Limit 1 of each item
|clearpoke
|poke|p1|Maushold, L50|
|poke|p1|Annihilape, L50, M|
|poke|p1|Mudsdale, L50, M|
|poke|p1|Whimsicott, L50, M, shiny|
|poke|p1|Aromatisse, L50, F|
|poke|p1|Weavile, L50, F|
|poke|p2|Aerodactyl, L50, M|
|poke|p2|Garchomp, L50, M|
|poke|p2|Charizard, L50, M, shiny|
|poke|p2|Grimmsnarl, L50, M|
|poke|p2|Incineroar, L50, M|
|poke|p2|Dragonite, L50, M|
|teampreview|4
|showteam|p1|Maushold||ChopleBerry|FriendGuard|BeatUp,Encore,FollowMe,Taunt|Timid|||||50|]Annihilape||LifeOrb|Defiant|RageFist,Protect,CloseCombat,RockSlide|Jolly||M|||50|]Mudsdale||SitrusBerry|Stamina|BodyPress,HighHorsepower,Protect,HeavySlam|Brave||M|||50|]Whimsicott||FocusSash|Prankster|TrickRoom,BeatUp,Encore,Moonblast|Modest||M|||50|]Aromatisse||BabiriBerry|AromaVeil|TrickRoom,AllySwitch,HelpingHand,Moonblast|Sassy||F|||50|]Weavile||ExpertBelt|Pressure|IceShard,FakeOut,Trailblaze,Protect|Jolly||F|||50|
|showteam|p2|Aerodactyl||FocusSash|Unnerve|RockSlide,DualWingbeat,Tailwind,WideGuard|Jolly||M|||50|]Garchomp||LifeOrb|RoughSkin|DragonClaw,Earthquake,PoisonJab,Protect|Jolly||M|||50|]Charizard||CharizarditeY|Blaze|HeatWave,DragonPulse,SolarBeam,Protect|Timid||M|||50|]Grimmsnarl||Leftovers|Prankster|FakeOut,PlayRough,SuckerPunch,PartingShot|Adamant||M|||50|]Incineroar||SitrusBerry|Intimidate|FakeOut,FlareBlitz,DarkestLariat,Roar|Adamant||M|||50|]Dragonite||Dragoninite|Multiscale|DragonClaw,FirePunch,ExtremeSpeed,DragonDance|Adamant||M|||50|
|inactive|Battle timer is ON: inactive players will automatically lose when time's up. (requested by slckrckyyyy)
|
|t:|1785068457
|teamsize|p1|4
|teamsize|p2|4
|start
|switch|p1a: Maushold|Maushold, L50|100/100
|switch|p1b: Mudsdale|Mudsdale, L50, M|100/100
|switch|p2a: Aerodactyl|Aerodactyl, L50, M|100/100
|switch|p2b: Garchomp|Garchomp, L50, M|100/100
|-ability|p2a: Aerodactyl|Unnerve
|turn|1
|inactive|slckrckyyyy has 30 seconds left.
|
|t:|1785068488
|move|p2a: Aerodactyl|Rock Slide|p1b: Mudsdale|[spread] p1a,p1b
|-resisted|p1b: Mudsdale|1
|-damage|p1a: Maushold|70/100
|-damage|p1b: Mudsdale|91/100
|-ability|p1b: Mudsdale|Stamina|boost
|-boost|p1b: Mudsdale|def|1
|move|p1a: Maushold|Beat Up|p1b: Mudsdale
|-damage|p1b: Mudsdale|90/100
|-ability|p1b: Mudsdale|Stamina|boost
|-boost|p1b: Mudsdale|def|1
|-damage|p1b: Mudsdale|89/100
|-ability|p1b: Mudsdale|Stamina|boost
|-boost|p1b: Mudsdale|def|1
|-damage|p1b: Mudsdale|88/100
|-ability|p1b: Mudsdale|Stamina|boost
|-boost|p1b: Mudsdale|def|1
|-damage|p1b: Mudsdale|88/100
|-ability|p1b: Mudsdale|Stamina|boost
|-boost|p1b: Mudsdale|def|1
|-hitcount|p1b: Mudsdale|4
|move|p2b: Garchomp|Earthquake|p1a: Maushold|[spread] p1a,p1b
|-immune|p2a: Aerodactyl
|-damage|p1a: Maushold|5/100
|-damage|p1b: Mudsdale|79/100
|-ability|p1b: Mudsdale|Stamina|boost
|-boost|p1b: Mudsdale|def|1
|-damage|p2b: Garchomp|90/100|[from] item: Life Orb
|move|p1b: Mudsdale|Body Press|p2a: Aerodactyl
|-enditem|p2a: Aerodactyl|Focus Sash
|-damage|p2a: Aerodactyl|1/100
|
|upkeep
|turn|2
|inactive|NX_TEK has 30 seconds left.
|inactive|slckrckyyyy has 30 seconds left.
|inactive|slckrckyyyy has 20 seconds left.
|inactive|slckrckyyyy has 15 seconds left.
|
|t:|1785068528
|switch|p2b: Charizard|Charizard, L50, M, shiny|100/100
|move|p1a: Maushold|Follow Me|p1a: Maushold
|-singleturn|p1a: Maushold|move: Follow Me
|move|p2a: Aerodactyl|Rock Slide|p1b: Mudsdale|[spread] p1a,p1b
|-resisted|p1b: Mudsdale|1
|-damage|p1a: Maushold|0 fnt
|-damage|p1b: Mudsdale|77/100
|faint|p1a: Maushold
|move|p1b: Mudsdale|Body Press|p2b: Charizard
|-resisted|p2b: Charizard|1
|-damage|p2b: Charizard|43/100
|
|upkeep
|
|t:|1785068542
|switch|p1a: Aromatisse|Aromatisse, L50, F|100/100
|turn|3
|
|t:|1785068558
|detailschange|p2b: Charizard|Charizard-Mega-Y, L50, M, shiny
|-mega|p2b: Charizard|Charizard|Charizardite Y
|-weather|SunnyDay|[from] ability: Drought|[of] p2b: Charizard
|move|p1b: Mudsdale|Protect|p1b: Mudsdale
|-singleturn|p1b: Mudsdale|Protect
|move|p2a: Aerodactyl|Tailwind|p2a: Aerodactyl
|-sidestart|p2: slckrckyyyy|move: Tailwind
|move|p2b: Charizard|Heat Wave|p1a: Aromatisse|[spread] p1a
|-activate|p1b: Mudsdale|move: Protect
|-damage|p1a: Aromatisse|60/100
|move|p1a: Aromatisse|Trick Room|p1a: Aromatisse
|-fieldstart|move: Trick Room|[of] p1a: Aromatisse
|
|-weather|SunnyDay|[upkeep]
|upkeep
|turn|4
|
|t:|1785068582
|move|p1a: Aromatisse|Moonblast|p2a: Aerodactyl
|-damage|p2a: Aerodactyl|0 fnt
|faint|p2a: Aerodactyl
|move|p1b: Mudsdale|Body Press|p2b: Charizard
|-resisted|p2b: Charizard|1
|-damage|p2b: Charizard|0 fnt
|faint|p2b: Charizard
|
|-weather|SunnyDay|[upkeep]
|upkeep
|
|t:|1785068595
|switch|p2b: Garchomp|Garchomp, L50, M|90/100
|switch|p2a: Grimmsnarl|Grimmsnarl, L50, M|100/100
|turn|5
|
|t:|1785068616
|move|p2a: Grimmsnarl|Fake Out|p1a: Aromatisse
|-damage|p1a: Aromatisse|44/100
|cant|p1a: Aromatisse|flinch
|move|p1b: Mudsdale|Heavy Slam|p2a: Grimmsnarl
|-supereffective|p2a: Grimmsnarl|1
|-crit|p2a: Grimmsnarl
|-damage|p2a: Grimmsnarl|0 fnt
|faint|p2a: Grimmsnarl
|move|p2b: Garchomp|Earthquake|p1a: Aromatisse|[spread] p1a,p1b
|-crit|p1b: Mudsdale
|-damage|p1a: Aromatisse|0 fnt
|-damage|p1b: Mudsdale|11/100
|-enditem|p1b: Mudsdale|Sitrus Berry|[eat]
|-heal|p1b: Mudsdale|36/100|[from] item: Sitrus Berry
|faint|p1a: Aromatisse
|-damage|p2b: Garchomp|80/100|[from] item: Life Orb
|
|-weather|SunnyDay|[upkeep]
|upkeep
|
|t:|1785068631
|switch|p1a: Weavile|Weavile, L50, F|100/100
|-ability|p1a: Weavile|Pressure
|turn|6
|
|t:|1785068637
|move|p2b: Garchomp|Protect|p2b: Garchomp
|-singleturn|p2b: Garchomp|Protect
|move|p1a: Weavile|Fake Out|p2b: Garchomp
|-activate|p2b: Garchomp|move: Protect
|move|p1b: Mudsdale|Body Press|p2b: Garchomp
|-activate|p2b: Garchomp|move: Protect
|
|-weather|SunnyDay|[upkeep]
|-sideend|p2: slckrckyyyy|move: Tailwind
|upkeep
|turn|7
|
|t:|1785068652
|move|p2b: Garchomp|Protect||[still]
|-fail|p2b: Garchomp
|move|p1a: Weavile|Ice Shard|p2b: Garchomp
|-supereffective|p2b: Garchomp|2
|-damage|p2b: Garchomp|0 fnt
|faint|p2b: Garchomp
|
|win|NX_TEK
|l|‽slckrckyyyy
|player|p2|
|inactive|NX_TEK has 30 seconds to confirm battle start!
|inactive|slckrckyyyy has 30 seconds to confirm battle start!
||slckrckyyyy is ready for game 2.
||NX_TEK is ready for game 2.
|uhtml|next|Next: Game 2 of 3
