|j|☆is_katabo
|j|☆jogadorzero
|html|is_katabojogadorzero    
|uhtml|bestof|Game 2 of a best-of-3
|t:|1757201045
|gametype|doubles
|player|p1|is_katabo|barry|
|player|p2|jogadorzero|brock|
|gen|9
|tier|[Gen 9] VGC 2025 Reg H (Bo3)
|rule|Species Clause: Limit one of each Pokémon
|rule|Item Clause: Limit 1 of each item
|clearpoke
|poke|p1|Milotic, L50, F|
|poke|p1|Incineroar, L50, M|
|poke|p1|Amoonguss, L50, F|
|poke|p1|Gholdengo, L50|
|poke|p1|Ursaluna-Bloodmoon, L50, M|
|poke|p1|Dragonite, L50, M|
|poke|p2|Delphox, L50, M|
|poke|p2|Indeedee, L50, M|
|poke|p2|Dragapult, L50, M|
|poke|p2|Sneasler, L50, F|
|poke|p2|Talonflame, L50, M|
|poke|p2|Ninetales-Alola, L50, F|
|teampreview|4
|showteam|p1|Milotic||SafetyGoggles|Competitive|Scald,IcyWind,Haze,Protect|||F|||50|,,,,,Dragon]Incineroar||SitrusBerry|Intimidate|FakeOut,KnockOff,FlareBlitz,PartingShot|||M|||50|,,,,,Ghost]Amoonguss||CovertCloak|Regenerator|PollenPuff,RagePowder,Spore,Protect|||F|||50|,,,,,Electric]Gholdengo||LifeOrb|GoodasGold|MakeItRain,ShadowBall,NastyPlot,Protect||||||50|,,,,,Water]Ursaluna-Bloodmoon||AssaultVest|MindsEye|BloodMoon,HyperVoice,EarthPower,VacuumWave|||M|||50|,,,,,Water]Dragonite||LoadedDice|Multiscale|ScaleShot,ExtremeSpeed,Tailwind,Protect|||M|||50|,,,,,Steel
|showteam|p2|Delphox||LifeOrb|Blaze|ExpandingForce,HeatWave,TeraBlast,Protect|||M|||50|,,,,,Fighting]Indeedee||FocusSash|PsychicSurge|ExpandingForce,TrickRoom,Imprison,TeraBlast|||M|||50|,,,,,Fighting]Dragapult||ChoiceBand|ClearBody|DragonDarts,TeraBlast,Uturn,PhantomForce|||M|||50|,,,,,Fairy]Sneasler||PsychicSeed|Unburden|DireClaw,CloseCombat,Protect,ThroatChop|||F|||50|,,,,,Dark]Talonflame||CovertCloak|GaleWings|Tailwind,FlareBlitz,BraveBird,Protect|||M|||50|,,,,,Electric]Ninetales-Alola||LightClay|SnowWarning|FreezeDry,AuroraVeil,Moonblast,Protect|||F|||50|,,,,,Ice
|inactive|Battle timer is ON: inactive players will automatically lose when time's up. (requested by jogadorzero)
|
|t:|1757201062
|teamsize|p1|4
|teamsize|p2|4
|start
|switch|p1a: Yeah Right|Incineroar, L50, M|100/100
|switch|p1b: Party People|Gholdengo, L50|100/100
|switch|p2a: Ninetales|Ninetales-Alola, L50, F|100/100
|switch|p2b: Dragapult|Dragapult, L50, M|100/100
|-weather|Snowscape|[from] ability: Snow Warning|[of] p2a: Ninetales
|-ability|p1a: Yeah Right|Intimidate|boost
|-unboost|p2a: Ninetales|atk|1
|-fail|p2b: Dragapult|unboost|[from] ability: Clear Body|[of] p2b: Dragapult
|turn|1
|
|t:|1757201083
|move|p2a: Ninetales|Protect|p2a: Ninetales
|-singleturn|p2a: Ninetales|Protect
|move|p2b: Dragapult|Phantom Force||[still]
|-prepare|p2b: Dragapult|Phantom Force
|move|p1b: Party People|Make It Rain|p2b: Dragapult|[spread] 
|-miss|p1b: Party People|p2b: Dragapult
|-activate|p2a: Ninetales|move: Protect
|move|p1a: Yeah Right|Parting Shot|p2a: Ninetales
|-activate|p2a: Ninetales|move: Protect
|
|-weather|Snowscape|[upkeep]
|upkeep
|turn|2
|
|t:|1757201100
|switch|p1b: Big Fish|Milotic, L50, F|100/100
|move|p2b: Dragapult|Phantom Force|p1b: Big Fish|[from] lockedmove
|-damage|p1b: Big Fish|44/100
|move|p2a: Ninetales|Aurora Veil|p2a: Ninetales
|-sidestart|p2: jogadorzero|move: Aurora Veil
|move|p1a: Yeah Right|Knock Off|p2b: Dragapult
|-supereffective|p2b: Dragapult
|-damage|p2b: Dragapult|26/100
|-enditem|p2b: Dragapult|Choice Band|[from] move: Knock Off|[of] p1a: Yeah Right
|
|-weather|Snowscape|[upkeep]
|upkeep
|turn|3
|
|t:|1757201118
|move|p2b: Dragapult|Dragon Darts|p1a: Yeah Right
|-damage|p1a: Yeah Right|76/100
|-anim|p2b: Dragapult|Dragon Darts|p1b: Big Fish
|-damage|p1b: Big Fish|23/100
|move|p2a: Ninetales|Freeze-Dry|p1b: Big Fish
|-supereffective|p1b: Big Fish
|-damage|p1b: Big Fish|0 fnt
|faint|p1b: Big Fish
|move|p1a: Yeah Right|Knock Off|p2b: Dragapult
|-supereffective|p2b: Dragapult
|-damage|p2b: Dragapult|0 fnt
|faint|p2b: Dragapult
|
|-weather|Snowscape|[upkeep]
|upkeep
|
|t:|1757201133
|switch|p2b: Indeedee|Indeedee, L50, M|100/100
|switch|p1b: Party People|Gholdengo, L50|100/100
|-fieldstart|move: Psychic Terrain|[from] ability: Psychic Surge|[of] p2b: Indeedee
|turn|4
|inactive|is_katabo has 30 seconds left.
|
|t:|1757201161
|-terastallize|p2b: Indeedee|Fighting
|move|p2a: Ninetales|Moonblast|p1a: Yeah Right
|-damage|p1a: Yeah Right|48/100
|-unboost|p1a: Yeah Right|spa|1
|-enditem|p1a: Yeah Right|Sitrus Berry|[eat]
|-heal|p1a: Yeah Right|73/100|[from] item: Sitrus Berry
|move|p2b: Indeedee|Tera Blast|p1a: Yeah Right|[anim] Tera Blast Fighting
|-supereffective|p1a: Yeah Right
|-damage|p1a: Yeah Right|4/100
|move|p1b: Party People|Nasty Plot|p1b: Party People
|-boost|p1b: Party People|spa|2
|move|p1a: Yeah Right|Knock Off|p2b: Indeedee
|-resisted|p2b: Indeedee
|-damage|p2b: Indeedee|69/100
|-enditem|p2b: Indeedee|Focus Sash|[from] move: Knock Off|[of] p1a: Yeah Right
|
|-weather|Snowscape|[upkeep]
|upkeep
|turn|5
|
|t:|1757201185
|move|p2a: Ninetales|Moonblast|p1a: Yeah Right
|-damage|p1a: Yeah Right|0 fnt
|faint|p1a: Yeah Right
|move|p2b: Indeedee|Expanding Force|p1b: Party People
|-resisted|p1b: Party People
|-damage|p1b: Party People|67/100
|move|p1b: Party People|Make It Rain|p2b: Indeedee|[spread] p2a,p2b
|-supereffective|p2a: Ninetales
|-crit|p2a: Ninetales
|-damage|p2a: Ninetales|0 fnt
|-damage|p2b: Indeedee|0 fnt
|-unboost|p1b: Party People|spa|1
|faint|p2a: Ninetales
|faint|p2b: Indeedee
|-damage|p1b: Party People|58/100|[from] item: Life Orb
|
|-weather|none
|upkeep
|
|t:|1757201200
|switch|p2b: Sneasler|Sneasler, L50, F|100/100
|switch|p1a: Love Can Be...|Dragonite, L50, M|100/100
|-enditem|p2b: Sneasler|Psychic Seed
|-boost|p2b: Sneasler|spd|1|[from] item: Psychic Seed
|turn|6
|
|t:|1757201208
|-terastallize|p1b: Party People|Water
|move|p2b: Sneasler|Dire Claw|p1a: Love Can Be...
|-damage|p1a: Love Can Be...|75/100
|move|p1b: Party People|Shadow Ball|p2b: Sneasler
|-damage|p2b: Sneasler|55/100
|-damage|p1b: Party People|48/100|[from] item: Life Orb
|move|p1a: Love Can Be...|Scale Shot|p2b: Sneasler
|-damage|p2b: Sneasler|37/100
|-damage|p2b: Sneasler|19/100
|-damage|p2b: Sneasler|2/100
|-damage|p2b: Sneasler|0 fnt
|faint|p2b: Sneasler
|-hitcount|p2: Sneasler|4
|
|win|is_katabo
||jogadorzero is ready for game 3.
|inactive|is_katabo has 30 seconds to confirm battle start!
||is_katabo is ready for game 3.
|uhtml|next|Next: Game 3 of 3
