|j|☆baileygoodstuffs
|j|☆memeberserk
|html|baileygoodstuffsmemeberserk    
|uhtml|bestof|Game 1 of a best-of-3
|t:|1784951092
|gametype|doubles
|player|p1|baileygoodstuffs|169|1062
|player|p2|memeberserk|lance|1184
|gen|9
|tier|[Gen 9 Champions] VGC 2026 Reg M-B (Bo3)
|rated|
|rule|Species Clause: Limit one of each Pokémon
|rule|Item Clause: Limit 1 of each item
|clearpoke
|poke|p1|Scrafty, L50, M, shiny|
|poke|p1|Rotom-Wash, L50, shiny|
|poke|p1|Arcanine, L50, M, shiny|
|poke|p1|Gholdengo, L50, shiny|
|poke|p1|Mimikyu, L50, F, shiny|
|poke|p1|Mamoswine, L50, M, shiny|
|poke|p2|Raichu, L50, M|
|poke|p2|Corviknight, L50, M|
|poke|p2|Sylveon, L50, M|
|poke|p2|Basculegion, L50, M|
|poke|p2|Mamoswine, L50, M|
|poke|p2|Tyranitar, L50, F|
|teampreview|4
|showteam|p1|Scrafty||Scraftinite|Intimidate|CloseCombat,KnockOff,FakeOut,Substitute|Brave||M|||50|]Rotom-Wash||SitrusBerry|Levitate|Thunderbolt,HydroPump,Electroweb,VoltSwitch|Calm|||||50|]Arcanine||PasshoBerry|Intimidate|ExtremeSpeed,FlareBlitz,Howl,Protect|Jolly||M|||50|]Gholdengo||Leftovers|GoodasGold|MakeItRain,ShadowBall,NastyPlot,Protect|Modest|||||50|]Mimikyu||SpellTag|Disguise|ShadowSneak,PlayRough,TrickRoom,Protect|Brave||F|||50|]Mamoswine||LifeOrb|Oblivious|IcicleSpear,IceShard,StompingTantrum,RockTomb|Adamant||M|||50|
|showteam|p2|Raichu||RaichuniteY|LightningRod|ZapCannon,FocusBlast,FakeOut,Protect|Timid||M|||50|]Corviknight||Leftovers|Unnerve|BraveBird,IronHead,Tailwind,Protect|Careful||M|||50|]Sylveon||FairyFeather|Pixilate|HyperVoice,QuickAttack,Protect,Yawn|Modest||M|||50|]Basculegion||MysticWater|SwiftSwim|WaveCrash,LastRespects,AquaJet,Protect|Adamant||M|||50|]Mamoswine||LifeOrb|Oblivious|HighHorsepower,IceShard,IcicleCrash,Protect|Adamant||M|||50|]Tyranitar||FocusSash|SandStream|RockSlide,KnockOff,Superpower,Protect|Adamant||F|||50|
|inactive|Battle timer is ON: inactive players will automatically lose when time's up. (requested by memeberserk)
|inactive|baileygoodstuffs has 60 seconds left.
|
|t:|1784951183
|teamsize|p1|4
|teamsize|p2|4
|start
|switch|p1a: Scrafty|Scrafty, L50, M, shiny|100/100
|switch|p1b: Mimikyu|Mimikyu, L50, F, shiny|100/100
|switch|p2a: Corviknight|Corviknight, L50, M|100/100
|switch|p2b: Raichu|Raichu, L50, M|100/100
|-ability|p2a: Corviknight|Unnerve
|-ability|p1a: Scrafty|Intimidate|boost
|-unboost|p2a: Corviknight|atk|1
|-unboost|p2b: Raichu|atk|1
|turn|1
|inactive|baileygoodstuffs has 30 seconds left.
|inactive|baileygoodstuffs has 20 seconds left.
|inactive|baileygoodstuffs has 15 seconds left.
|inactive|baileygoodstuffs has 10 seconds left.
|
|t:|1784951232
|move|p2b: Raichu|Fake Out|p1a: Scrafty
|-damage|p1a: Scrafty|94/100
|cant|p1a: Scrafty|flinch
|move|p2a: Corviknight|Brave Bird|p1a: Scrafty
|-supereffective|p1a: Scrafty|1
|-damage|p1a: Scrafty|42/100
|-damage|p2a: Corviknight|85/100|[from] Recoil
|move|p1b: Mimikyu|Trick Room|p1b: Mimikyu
|-fieldstart|move: Trick Room|[of] p1b: Mimikyu
|
|-heal|p2a: Corviknight|91/100|[from] item: Leftovers
|upkeep
|turn|2
|inactive|baileygoodstuffs has 30 seconds left.
|inactive|baileygoodstuffs has 20 seconds left.
|inactive|baileygoodstuffs has 15 seconds left.
|inactive|baileygoodstuffs has 10 seconds left.
|
|t:|1784951277
|switch|p2b: Basculegion|Basculegion, L50, M|100/100
|detailschange|p1a: Scrafty|Scrafty-Mega, L50, M, shiny
|-mega|p1a: Scrafty|Scrafty|Scraftinite
|-ability|p1a: Scrafty|Intimidate|boost
|-unboost|p2a: Corviknight|atk|1
|-unboost|p2b: Basculegion|atk|1
|move|p1a: Scrafty|Substitute|p1a: Scrafty
|-start|p1a: Scrafty|Substitute
|-damage|p1a: Scrafty|17/100
|move|p2a: Corviknight|Brave Bird|p1a: Scrafty
|-supereffective|p1a: Scrafty|1
|-end|p1a: Scrafty|Substitute
|-damage|p2a: Corviknight|84/100|[from] Recoil
|move|p1b: Mimikyu|Play Rough|p2b: Basculegion
|-damage|p2b: Basculegion|56/100
|
|-heal|p2a: Corviknight|90/100|[from] item: Leftovers
|upkeep
|turn|3
|inactive|baileygoodstuffs has 30 seconds left.
|inactive|baileygoodstuffs has 20 seconds left.
|inactive|baileygoodstuffs has 15 seconds left.
|
|t:|1784951322
|switch|p1a: Gholdengo|Gholdengo, L50, shiny|100/100
|move|p1b: Mimikyu|Shadow Sneak|p2b: Basculegion
|-supereffective|p2b: Basculegion|1
|-damage|p2b: Basculegion|5/100
|move|p2b: Basculegion|Aqua Jet|p1a: Gholdengo
|-damage|p1a: Gholdengo|85/100
|move|p2a: Corviknight|Brave Bird|p1a: Gholdengo
|-resisted|p1a: Gholdengo|1
|-damage|p1a: Gholdengo|75/100
|-damage|p2a: Corviknight|87/100|[from] Recoil
|
|-heal|p2a: Corviknight|93/100|[from] item: Leftovers
|-heal|p1a: Gholdengo|81/100|[from] item: Leftovers
|upkeep
|turn|4
|inactive|baileygoodstuffs has 30 seconds left.
|inactive|memeberserk has 30 seconds left.
|inactive|baileygoodstuffs has 20 seconds left.
|
|t:|1784951362
|move|p2b: Basculegion|Protect|p2b: Basculegion
|-singleturn|p2b: Basculegion|Protect
|move|p1b: Mimikyu|Shadow Sneak|p2b: Basculegion
|-activate|p2b: Basculegion|move: Protect
|move|p2a: Corviknight|Iron Head|p1b: Mimikyu
|-activate|p1b: Mimikyu|ability: Disguise
|-damage|p1b: Mimikyu|100/100
|detailschange|p1b: Mimikyu|Mimikyu-Busted, L50, F, shiny
|-damage|p1b: Mimikyu|87/100|[from] pokemon: Mimikyu-Busted
|move|p1a: Gholdengo|Shadow Ball|p2a: Corviknight
|-damage|p2a: Corviknight|54/100
|
|-heal|p2a: Corviknight|60/100|[from] item: Leftovers
|-heal|p1a: Gholdengo|88/100|[from] item: Leftovers
|upkeep
|turn|5
|inactive|baileygoodstuffs has 30 seconds left.
|inactive|baileygoodstuffs has 20 seconds left.
|inactive|baileygoodstuffs has 15 seconds left.
|inactive|baileygoodstuffs has 10 seconds left.
|inactive|baileygoodstuffs has 5 seconds left.
|
|t:|1784951414
|switch|p2b: Tyranitar|Tyranitar, L50, F|100/100
|-weather|Sandstorm|[from] ability: Sand Stream|[of] p2b: Tyranitar
|move|p1b: Mimikyu|Shadow Sneak|p2a: Corviknight
|-damage|p2a: Corviknight|42/100
|move|p2a: Corviknight|Tailwind|p2a: Corviknight
|-sidestart|p2: memeberserk|move: Tailwind
|move|p1a: Gholdengo|Shadow Ball|p2a: Corviknight
|-damage|p2a: Corviknight|3/100
|
|-weather|Sandstorm|[upkeep]
|-damage|p1b: Mimikyu|81/100|[from] Sandstorm
|-heal|p1a: Gholdengo|94/100|[from] item: Leftovers
|-heal|p2a: Corviknight|9/100|[from] item: Leftovers
|-fieldend|move: Trick Room
|upkeep
|turn|6
|inactive|baileygoodstuffs has 30 seconds left.
|inactive|memeberserk has 30 seconds left.
|inactive|baileygoodstuffs has 20 seconds left.
|inactive|baileygoodstuffs has 15 seconds left.
|inactive|baileygoodstuffs has 10 seconds left.
|inactive|baileygoodstuffs has 5 seconds left.
|
|t:|1784951468
|switch|p1a: Scrafty|Scrafty-Mega, L50, M, shiny|17/100
|-ability|p1a: Scrafty|Intimidate|boost
|-unboost|p2a: Corviknight|atk|1
|-unboost|p2b: Tyranitar|atk|1
|move|p2b: Tyranitar|Knock Off|p1b: Mimikyu
|-damage|p1b: Mimikyu|31/100
|-enditem|p1b: Mimikyu|Spell Tag|[from] move: Knock Off|[of] p2b: Tyranitar
|move|p2a: Corviknight|Iron Head|p1b: Mimikyu
|-supereffective|p1b: Mimikyu|1
|-damage|p1b: Mimikyu|4/100
|move|p1b: Mimikyu|Trick Room|p1b: Mimikyu
|-fieldstart|move: Trick Room|[of] p1b: Mimikyu
|
|-weather|Sandstorm|[upkeep]
|-damage|p1a: Scrafty|11/100|[from] Sandstorm
|-damage|p1b: Mimikyu|0 fnt|[from] Sandstorm
|faint|p1b: Mimikyu
|-heal|p2a: Corviknight|15/100|[from] item: Leftovers
|upkeep
|inactive|baileygoodstuffs has 30 seconds left.
|inactive|baileygoodstuffs has 20 seconds left.
|inactive|baileygoodstuffs has 15 seconds left.
|
|t:|1784951512
|switch|p1b: Gholdengo|Gholdengo, L50, shiny|94/100
|turn|7
|
|t:|1784951524
|move|p2a: Corviknight|Protect|p2a: Corviknight
|-singleturn|p2a: Corviknight|Protect
|move|p2b: Tyranitar|Protect|p2b: Tyranitar
|-singleturn|p2b: Tyranitar|Protect
|move|p1a: Scrafty|Close Combat|p2b: Tyranitar
|-activate|p2b: Tyranitar|move: Protect
|move|p1b: Gholdengo|Make It Rain|p2a: Corviknight|[spread] 
|-activate|p2a: Corviknight|move: Protect
|-activate|p2b: Tyranitar|move: Protect
|
|-weather|Sandstorm|[upkeep]
|-damage|p1a: Scrafty|5/100|[from] Sandstorm
|-heal|p1b: Gholdengo|100/100|[from] item: Leftovers
|-heal|p2a: Corviknight|21/100|[from] item: Leftovers
|upkeep
|turn|8
|inactive|baileygoodstuffs has 30 seconds left.
|inactive|baileygoodstuffs has 20 seconds left.
|inactive|baileygoodstuffs has 15 seconds left.
|inactive|baileygoodstuffs has 10 seconds left.
|
|t:|1784951571
|switch|p2b: Basculegion|Basculegion, L50, M|5/100
|move|p1a: Scrafty|Close Combat|p2a: Corviknight
|-damage|p2a: Corviknight|0 fnt
|-unboost|p1a: Scrafty|def|1
|-unboost|p1a: Scrafty|spd|1
|faint|p2a: Corviknight
|move|p1b: Gholdengo|Make It Rain|p2b: Basculegion
|-resisted|p2b: Basculegion|1
|-damage|p2b: Basculegion|0 fnt
|-unboost|p1b: Gholdengo|spa|2
|faint|p2b: Basculegion
|
|-weather|Sandstorm|[upkeep]
|-damage|p1a: Scrafty|0 fnt|[from] Sandstorm
|faint|p1a: Scrafty
|-sideend|p2: memeberserk|move: Tailwind
|upkeep
|
|t:|1784951586
|switch|p1a: Rotom|Rotom-Wash, L50, shiny|100/100
|switch|p2a: Raichu|Raichu, L50, M|100/100
|switch|p2b: Tyranitar|Tyranitar, L50, F|100/100
|turn|9
|inactive|baileygoodstuffs has 30 seconds left.
|inactive|baileygoodstuffs has 20 seconds left.
|inactive|baileygoodstuffs has 15 seconds left.
|inactive|baileygoodstuffs has 10 seconds left.
|inactive|baileygoodstuffs has 5 seconds left.
|
|t:|1784951632
|move|p1b: Gholdengo|Protect|p1b: Gholdengo
|-singleturn|p1b: Gholdengo|Protect
|move|p2a: Raichu|Fake Out|p1a: Rotom
|-damage|p1a: Rotom|91/100
|cant|p1a: Rotom|flinch
|move|p2b: Tyranitar|Knock Off|p1b: Gholdengo
|-activate|p1b: Gholdengo|move: Protect
|
|-weather|none
|upkeep
|turn|10
|inactive|baileygoodstuffs has 5 seconds left this turn.
|
|t:|1784951643
|move|p1b: Gholdengo|Shadow Ball|p2a: Raichu
|-crit|p2a: Raichu
|-damage|p2a: Raichu|0 fnt
|faint|p2a: Raichu
|move|p1a: Rotom|Hydro Pump|p2b: Tyranitar
|-supereffective|p2b: Tyranitar|1
|-damage|p2b: Tyranitar|6/100
|move|p2b: Tyranitar|Knock Off|p1b: Gholdengo
|-supereffective|p1b: Gholdengo|1
|-damage|p1b: Gholdengo|0 fnt
|-enditem|p1b: Gholdengo|Leftovers|[from] move: Knock Off|[of] p2b: Tyranitar
|faint|p1b: Gholdengo
|
|-fieldend|move: Trick Room
|upkeep
|turn|11
|inactive|baileygoodstuffs has 5 seconds left this turn.
|
|t:|1784951659
|move|p2b: Tyranitar|Superpower|p1a: Rotom
|-damage|p1a: Rotom|36/100
|-unboost|p2b: Tyranitar|atk|1
|-unboost|p2b: Tyranitar|def|1
|-enditem|p1a: Rotom|Sitrus Berry|[eat]
|-heal|p1a: Rotom|61/100|[from] item: Sitrus Berry
|move|p1a: Rotom|Hydro Pump|p2b: Tyranitar
|-supereffective|p2b: Tyranitar|1
|-damage|p2b: Tyranitar|0 fnt
|faint|p2b: Tyranitar
|
|win|baileygoodstuffs
||memeberserk is ready for game 2.
|inactive|baileygoodstuffs has 30 seconds to confirm battle start!
||baileygoodstuffs is ready for game 2.
|uhtml|next|Next: Game 2 of 3
|l|☆memeberserk
|player|p2|
