|j|☆zrofs
|j|☆jayoticnl
|html|zrofsjayoticnl    
|uhtml|bestof|Game 1 of a best-of-3
|t:|1757856572
|gametype|doubles
|player|p1|zrofs|steven|1170
|player|p2|jayoticnl|preschooler|1332
|gen|9
|tier|[Gen 9] VGC 2025 Reg H (Bo3)
|rated|
|rule|Species Clause: Limit one of each Pokémon
|rule|Item Clause: Limit 1 of each item
|clearpoke
|poke|p1|Rillaboom, L50, M|
|poke|p1|Incineroar, L50, M|
|poke|p1|Volcarona, L50, M|
|poke|p1|Sneasler, L50, M|
|poke|p1|Gastrodon-East, L50, M|
|poke|p1|Zoroark-Hisui, L50, M|
|poke|p2|Skeledirge, L50, F|
|poke|p2|Amoonguss, L50, F|
|poke|p2|Ninetales-Alola, L50, F|
|poke|p2|Garchomp, L50, M|
|poke|p2|Corviknight, L50, F|
|poke|p2|Sneasler, L50, M|
|teampreview|4
|showteam|p1|Rillaboom||AssaultVest|GrassySurge|WoodHammer,GrassyGlide,FakeOut,Uturn|||M|||50|,,,,,Electric]Incineroar||SafetyGoggles|Intimidate|FakeOut,PartingShot,KnockOff,FlareBlitz|||M|||50|,,,,,Ghost]Volcarona||Leftovers|FlameBody|GigaDrain,QuiverDance,Protect,HeatWave|||M|||50|,,,,,Dragon]Sneasler||FocusSash|Unburden|DireClaw,FakeOut,Protect,CloseCombat|||M|||50|,,,,,Stellar]Gastrodon-East||SitrusBerry|StormDrain|SludgeBomb,EarthPower,Recover,ClearSmog|||M|||50|,,,,,Fire]Zoroark-Hisui||LifeOrb|Illusion|HyperBeam,HyperVoice,Protect,ShadowBall|||M|||50|,,,,,Normal
|showteam|p2|Skeledirge||Leftovers|Unaware|TorchSong,ShadowBall,TeraBlast,Protect|||F|||50|,,,,,Grass]Amoonguss||SitrusBerry|Regenerator|PollenPuff,Spore,RagePowder,Protect|||F|||50|,,,,,Water]Ninetales-Alola||LightClay|SnowWarning|Blizzard,IcyWind,AuroraVeil,Protect|||F|||50|,,,,,Ghost]Garchomp||LifeOrb|RoughSkin|StompingTantrum,DragonClaw,Earthquake,Protect|||M|||50|,,,,,Ground]Corviknight||CovertCloak|MirrorArmor|BraveBird,BodyPress,Roost,BulkUp|||F|||50|,,,,,Dragon]Sneasler||FocusSash|Unburden|DireClaw,CloseCombat,FakeOut,Protect|||M|||50|,,,,,Stellar
|
|t:|1757856628
|teamsize|p1|4
|teamsize|p2|4
|start
|switch|p1a: Volcarona|Volcarona, L50, M|100/100
|switch|p1b: Sneasler|Sneasler, L50, M|100/100
|switch|p2a: Skeledirge|Skeledirge, L50, F|100/100
|switch|p2b: Ninetales|Ninetales-Alola, L50, F|100/100
|-weather|Snowscape|[from] ability: Snow Warning|[of] p2b: Ninetales
|turn|1
|inactive|Battle timer is ON: inactive players will automatically lose when time's up. (requested by zrofs)
|inactive|zrofs has 60 seconds left.
|
|t:|1757856661
|-terastallize|p2b: Ninetales|Ghost
|move|p1b: Sneasler|Shadow Ball|p2a: Skeledirge
|-supereffective|p2a: Skeledirge
|-damage|p2a: Skeledirge|0 fnt
|faint|p2a: Skeledirge
|-damage|p1b: Sneasler|91/100|[from] item: Life Orb
|move|p2b: Ninetales|Aurora Veil|p2b: Ninetales
|-sidestart|p2: jayoticnl|move: Aurora Veil
|move|p1a: Volcarona|Quiver Dance|p1a: Volcarona
|-boost|p1a: Volcarona|spa|1
|-boost|p1a: Volcarona|spd|1
|-boost|p1a: Volcarona|spe|1
|
|-weather|Snowscape|[upkeep]
|upkeep
|
|t:|1757856668
|switch|p2a: Garchomp|Garchomp, L50, M|100/100
|turn|2
|inactive|zrofs has 30 seconds left.
|inactive|zrofs has 20 seconds left.
|inactive|zrofs has 15 seconds left.
|
|t:|1757856711
|move|p2b: Ninetales|Protect|p2b: Ninetales
|-singleturn|p2b: Ninetales|Protect
|move|p1a: Volcarona|Heat Wave|p2a: Garchomp|[spread] p2a
|-activate|p2b: Ninetales|move: Protect
|-resisted|p2a: Garchomp
|-damage|p2a: Garchomp|80/100
|move|p1b: Sneasler|Hyper Beam|p2a: Garchomp
|-damage|p2a: Garchomp|10/100
|-mustrecharge|p1b: Sneasler
|-damage|p1b: Sneasler|81/100|[from] item: Life Orb
|move|p2a: Garchomp|Earthquake|p1b: Sneasler|[spread] p1a,p1b
|-activate|p2b: Ninetales|move: Protect
|-damage|p1a: Volcarona|51/100
|-damage|p1b: Sneasler|0 fnt
|replace|p1b: Zoroark|Zoroark-Hisui, L50, M
|-end|p1b: Zoroark|Illusion
|faint|p1b: Zoroark
|-damage|p2a: Garchomp|0 fnt|[from] item: Life Orb
|faint|p2a: Garchomp
|
|-weather|Snowscape|[upkeep]
|-heal|p1a: Volcarona|57/100|[from] item: Leftovers
|upkeep
|
|t:|1757856732
|switch|p1b: Incineroar|Incineroar, L50, M|100/100
|switch|p2a: Sneasler|Sneasler, L50, M|100/100
|-ability|p1b: Incineroar|Intimidate|boost
|-unboost|p2a: Sneasler|atk|1
|-unboost|p2b: Ninetales|atk|1
|turn|3
|
|t:|1757856744
|move|p2a: Sneasler|Fake Out|p1b: Incineroar
|-damage|p1b: Incineroar|91/100
|cant|p1b: Incineroar|flinch
|move|p1a: Volcarona|Quiver Dance|p1a: Volcarona
|-boost|p1a: Volcarona|spa|1
|-boost|p1a: Volcarona|spd|1
|-boost|p1a: Volcarona|spe|1
|move|p2b: Ninetales|Icy Wind|p1b: Incineroar|[spread] p1a,p1b
|-resisted|p1a: Volcarona
|-resisted|p1b: Incineroar
|-damage|p1a: Volcarona|54/100
|-damage|p1b: Incineroar|84/100
|-unboost|p1a: Volcarona|spe|1
|-unboost|p1b: Incineroar|spe|1
|
|-weather|Snowscape|[upkeep]
|-heal|p1a: Volcarona|60/100|[from] item: Leftovers
|upkeep
|turn|4
|
|t:|1757856769
|-terastallize|p1b: Incineroar|Ghost
|move|p2a: Sneasler|Dire Claw|p1a: Volcarona
|-damage|p1a: Volcarona|32/100
|-status|p1a: Volcarona|slp
|-status|p2a: Sneasler|brn|[from] ability: Flame Body|[of] p1a: Volcarona
|cant|p1a: Volcarona|slp
|move|p2b: Ninetales|Blizzard|p1b: Incineroar|[spread] p1a,p1b
|-resisted|p1a: Volcarona
|-damage|p1a: Volcarona|25/100 slp
|-damage|p1b: Incineroar|62/100
|move|p1b: Incineroar|Knock Off|p2b: Ninetales
|-supereffective|p2b: Ninetales
|-damage|p2b: Ninetales|25/100
|-enditem|p2b: Ninetales|Light Clay|[from] move: Knock Off|[of] p1b: Incineroar
|
|-weather|Snowscape|[upkeep]
|-heal|p1a: Volcarona|31/100 slp|[from] item: Leftovers
|-damage|p2a: Sneasler|95/100 brn|[from] brn
|upkeep
|turn|5
|inactive|zrofs has 30 seconds left.
|
|t:|1757856794
|-curestatus|p1a: Volcarona|slp|[msg]
|move|p1a: Volcarona|Protect|p1a: Volcarona
|-singleturn|p1a: Volcarona|Protect
|move|p2a: Sneasler|Dire Claw|p1b: Incineroar
|-resisted|p1b: Incineroar
|-damage|p1b: Incineroar|56/100
|-status|p1b: Incineroar|psn
|move|p2b: Ninetales|Blizzard|p1a: Volcarona|[spread] p1b
|-activate|p1a: Volcarona|move: Protect
|-crit|p1b: Incineroar
|-damage|p1b: Incineroar|16/100 psn
|move|p1b: Incineroar|Flare Blitz|p2a: Sneasler
|-damage|p2a: Sneasler|44/100 brn
|-damage|p1b: Incineroar|3/100 psn|[from] Recoil
|
|-weather|none
|-heal|p1a: Volcarona|37/100|[from] item: Leftovers
|-damage|p1b: Incineroar|0 fnt|[from] psn
|faint|p1b: Incineroar
|-damage|p2a: Sneasler|39/100 brn|[from] brn
|upkeep
|
|t:|1757856814
|switch|p1b: Sneasler|Sneasler, L50, M|100/100
|turn|6
|
|t:|1757856819
|move|p2a: Sneasler|Dire Claw|p1a: Volcarona
|-damage|p1a: Volcarona|24/100
|move|p1b: Sneasler|Dire Claw|p2b: Ninetales
|-resisted|p2b: Ninetales
|-damage|p2b: Ninetales|5/100
|-status|p2b: Ninetales|par
|move|p1a: Volcarona|Quiver Dance|p1a: Volcarona
|-boost|p1a: Volcarona|spa|1
|-boost|p1a: Volcarona|spd|1
|-boost|p1a: Volcarona|spe|1
|move|p2b: Ninetales|Blizzard|p1b: Sneasler|[spread] p1a,p1b
|-resisted|p1a: Volcarona
|-damage|p1a: Volcarona|19/100
|-damage|p1b: Sneasler|60/100
|-status|p1a: Volcarona|frz
|
|-heal|p1a: Volcarona|25/100 frz|[from] item: Leftovers
|-damage|p2a: Sneasler|33/100 brn|[from] brn
|upkeep
|turn|7
|inactive|zrofs has 30 seconds left.
|
|t:|1757856847
|-curestatus|p1a: Volcarona|frz|[msg]
|move|p1a: Volcarona|Heat Wave|p2b: Ninetales|[spread] p2a,p2b
|-damage|p2a: Sneasler|0 fnt
|-damage|p2b: Ninetales|0 fnt
|faint|p2a: Sneasler
|faint|p2b: Ninetales
|
|win|zrofs
||jayoticnl is ready for game 2.
|l|☆zrofs
|player|p1|
|inactive|zrofs has 30 seconds to confirm battle start!
||zrofs is ready for game 2.
|uhtml|next|Next: Game 2 of 3
