|j|☆fanman64
|j|☆Cristante terabug
|html|fanman64Cristante terabug    
|uhtml|bestof|Game 3 of a best-of-3
|t:|1756236214
|gametype|doubles
|player|p1|fanman64|266|1126
|player|p2|Cristante terabug|kieran-champion|1190
|gen|9
|tier|[Gen 9] VGC 2025 Reg H (Bo3)
|rated|
|rule|Species Clause: Limit one of each Pokémon
|rule|Item Clause: Limit 1 of each item
|clearpoke
|poke|p1|Tauros-Paldea-Blaze, L50, M|
|poke|p1|Rillaboom, L50, M|
|poke|p1|Tyranitar, L50, F|
|poke|p1|Kommo-o, L50, M|
|poke|p1|Basculegion, L50, M|
|poke|p1|Magmar, L50, M|
|poke|p2|Kommo-o, L50, M|
|poke|p2|Gholdengo, L50|
|poke|p2|Sneasler, L50, M|
|poke|p2|Rillaboom, L50, F|
|poke|p2|Dondozo, L50, M|
|poke|p2|Electabuzz, L50, F|
|teampreview|4
|showteam|p1|Tauros-Paldea-Blaze||ClearAmulet|Intimidate|RagingBull,CloseCombat,Protect,WillOWisp|||M|||50|,,,,,Grass]Rillaboom||MiracleSeed|GrassySurge|WoodHammer,GrassyGlide,Uturn,FakeOut|||M|||50|,,,,,Grass]Tyranitar||AssaultVest|SandStream|KnockOff,RockSlide,LowKick,TeraBlast|||F|||50|,,,,,Flying]Kommo-o||ThroatSpray|Soundproof|ClangingScales,Flamethrower,Protect,ClangorousSoul|||M|||50|,,,,,Fire]Basculegion||ChoiceScarf|Adaptability|WaveCrash,LastRespects,FlipTurn,AquaJet|||M|||50|,,,,,Water]Magmar||Eviolite|VitalSpirit|Overheat,ClearSmog,FollowMe,Protect|||M|||50|,,,,,Fairy
|showteam|p2|Kommo-o||ThroatSpray|Soundproof|ClangorousSoul,ClangingScales,Flamethrower,Protect|||M|||50|,,,,,Fire]Gholdengo||ChoiceSpecs|GoodasGold|MakeItRain,ShadowBall,DazzlingGleam,PowerGem||||||50|,,,,,Fairy]Sneasler||FocusSash|Unburden|FakeOut,DireClaw,CloseCombat,Protect|||M|||50|,,,,,Stellar]Rillaboom||AssaultVest|GrassySurge|FakeOut,WoodHammer,GrassyGlide,HighHorsepower|||F|||50|,,,,,Fire]Dondozo||Leftovers|Unaware|WaveCrash,Fissure,Yawn,Protect|||M|||50|,,,,,Flying]Electabuzz||Eviolite|VitalSpirit|Electroweb,FollowMe,HelpingHand,Protect|||F|||50|,,,,,Grass
|
|t:|1756236235
|teamsize|p1|4
|teamsize|p2|4
|start
|switch|p1a: Kommo-o|Kommo-o, L50, M|100/100
|switch|p1b: Magmar|Magmar, L50, M|100/100
|switch|p2a: Sneasler|Sneasler, L50, M|100/100
|switch|p2b: Kommo-o|Kommo-o, L50, M|100/100
|turn|1
|inactive|Battle timer is ON: inactive players will automatically lose when time's up. (requested by Cristante terabug)
|inactive|Cristante terabug has 60 seconds left.
|
|t:|1756236272
|move|p2a: Sneasler|Fake Out|p1b: Magmar
|-damage|p1b: Magmar|88/100
|move|p2b: Kommo-o|Clangorous Soul|p2b: Kommo-o
|-boost|p2b: Kommo-o|atk|1
|-boost|p2b: Kommo-o|def|1
|-boost|p2b: Kommo-o|spa|1
|-boost|p2b: Kommo-o|spd|1
|-boost|p2b: Kommo-o|spe|1
|-damage|p2b: Kommo-o|68/100
|-enditem|p2b: Kommo-o|Throat Spray
|-boost|p2b: Kommo-o|spa|1|[from] item: Throat Spray
|cant|p1b: Magmar|flinch
|move|p1a: Kommo-o|Clangorous Soul|p1a: Kommo-o
|-boost|p1a: Kommo-o|atk|1
|-boost|p1a: Kommo-o|def|1
|-boost|p1a: Kommo-o|spa|1
|-boost|p1a: Kommo-o|spd|1
|-boost|p1a: Kommo-o|spe|1
|-damage|p1a: Kommo-o|68/100
|-enditem|p1a: Kommo-o|Throat Spray
|-boost|p1a: Kommo-o|spa|1|[from] item: Throat Spray
|
|upkeep
|turn|2
|
|t:|1756236297
|move|p2b: Kommo-o|Protect|p2b: Kommo-o
|-singleturn|p2b: Kommo-o|Protect
|move|p2a: Sneasler|Protect|p2a: Sneasler
|-singleturn|p2a: Sneasler|Protect
|move|p1b: Magmar|Protect|p1b: Magmar
|-singleturn|p1b: Magmar|Protect
|move|p1a: Kommo-o|Flamethrower|p2a: Sneasler
|-activate|p2a: Sneasler|move: Protect
|
|upkeep
|turn|3
|
|t:|1756236315
|move|p2b: Kommo-o|Clanging Scales|p1b: Magmar|[spread] p1b
|-immune|p1a: Kommo-o|[from] ability: Soundproof
|-damage|p1b: Magmar|44/100
|-unboost|p2b: Kommo-o|def|1
|move|p1a: Kommo-o|Flamethrower|p2a: Sneasler
|-damage|p2a: Sneasler|34/100
|move|p2a: Sneasler|Dire Claw|p1b: Magmar
|-damage|p1b: Magmar|7/100
|-status|p1b: Magmar|par
|move|p1b: Magmar|Clear Smog|p2b: Kommo-o
|-damage|p2b: Kommo-o|60/100
|-clearboost|p2b: Kommo-o
|
|upkeep
|turn|4
|inactive|fanman64 has 30 seconds left.
|inactive|Cristante terabug has 30 seconds left.
|
|t:|1756236346
|switch|p2a: Gholdengo|Gholdengo, L50|100/100
|move|p1a: Kommo-o|Flamethrower|p2a: Gholdengo
|-supereffective|p2a: Gholdengo
|-damage|p2a: Gholdengo|0 fnt
|faint|p2a: Gholdengo
|move|p2b: Kommo-o|Clangorous Soul|p2b: Kommo-o
|-boost|p2b: Kommo-o|atk|1
|-boost|p2b: Kommo-o|def|1
|-boost|p2b: Kommo-o|spa|1
|-boost|p2b: Kommo-o|spd|1
|-boost|p2b: Kommo-o|spe|1
|-damage|p2b: Kommo-o|27/100
|move|p1b: Magmar|Clear Smog|p2b: Kommo-o
|-damage|p2b: Kommo-o|20/100
|-clearboost|p2b: Kommo-o
|
|upkeep
|
|t:|1756236355
|switch|p2a: Dondozo|Dondozo, L50, M|100/100
|turn|5
|
|t:|1756236371
|move|p1b: Magmar|Follow Me|p1b: Magmar
|-singleturn|p1b: Magmar|move: Follow Me
|move|p1a: Kommo-o|Flamethrower|p2b: Kommo-o
|-resisted|p2b: Kommo-o
|-damage|p2b: Kommo-o|0 fnt
|faint|p2b: Kommo-o
|move|p2a: Dondozo|Fissure|p1b: Magmar|[miss]
|-miss|p2a: Dondozo|p1b: Magmar
|
|upkeep
|-message|Cristante terabug forfeited.
|
|win|fanman64
|raw|fanman64's rating: 1126 → 1156(+30 for winning)
|raw|Cristante terabug's rating: 1190 → 1160(-30 for losing)
|l|☆Cristante terabug
|player|p2|
|j|☆Cristante terabug
|player|p2|Cristante terabug|kieran-champion|
