|j|☆ElronMcBong
|j|☆MrTedno
|html|ElronMcBongMrTedno    
|uhtml|bestof|Game 1 of a best-of-3
|t:|1756726801
|gametype|doubles
|player|p1|ElronMcBong|red|1217
|player|p2|MrTedno|barry|1122
|gen|9
|tier|[Gen 9] VGC 2025 Reg H (Bo3)
|rated|
|rule|Species Clause: Limit one of each Pokémon
|rule|Item Clause: Limit 1 of each item
|clearpoke
|poke|p1|Archaludon, L50, M|
|poke|p1|Rillaboom, L50, F|
|poke|p1|Basculegion, L50, M|
|poke|p1|Weezing-Galar, L50, F|
|poke|p1|Pelipper, L50, F|
|poke|p1|Toedscruel, L50, F|
|poke|p2|Dondozo, L50, F|
|poke|p2|Tatsugiri, L50, M|
|poke|p2|Politoed, L50, M|
|poke|p2|Archaludon, L50, F|
|poke|p2|Rillaboom, L50, F|
|poke|p2|Sneasler, L50, F|
|teampreview|4
|showteam|p1|Archaludon||AssaultVest|Stamina|ElectroShot,DracoMeteor,FlashCannon,BodyPress|||M|||50|,,,,,Bug]Rillaboom||LoadedDice|GrassySurge|BulletSeed,GrassyGlide,FakeOut,HighHorsepower|||F|||50|,,,,,Fire]Basculegion||ChoiceBand|SwiftSwim|WaveCrash,LastRespects,FlipTurn,AquaJet|||M|||50|,,,,,Grass]Weezing-Galar||Leftovers|NeutralizingGas|SludgeBomb,Taunt,WillOWisp,Protect|||F|||50|,,,,,Dark]Pelipper||FocusSash|Drizzle|WeatherBall,Hurricane,Tailwind,Protect|||F|||50|,,,,,Ghost]Toedscruel||CovertCloak|MyceliumMight|Spore,EarthPower,RagePowder,Protect|||F|||50|,,,,,Water
|showteam|p2|Dondozo||LifeOrb|Unaware|Surf,SleepTalk,Protect|||F|||50|,,,,,Water]Tatsugiri||FocusSash|Commander|MuddyWater,DracoMeteor,Taunt,Protect|||M|||50|,,,,,Stellar]Politoed||SitrusBerry|Drizzle|WeatherBall,IceBeam,Haze,Protect|||M|||50|,,,,,Steel]Archaludon||AssaultVest|Stamina|ElectroShot,FlashCannon,DragonPulse,BodyPress|||F|||50|,,,,,Grass]Rillaboom||LoadedDice|GrassySurge|FakeOut,GrassyGlide,HighHorsepower,BulletSeed|||F|||50|,,,,,Grass]Sneasler||GrassySeed|Unburden|DireClaw,CloseCombat,ThroatChop,Protect|||F|||50|,,,,,Dark
|inactive|Battle timer is ON: inactive players will automatically lose when time's up. (requested by ElronMcBong)
|inactive|ElronMcBong has 60 seconds left.
|inactive|MrTedno has 60 seconds left.
|inactive|ElronMcBong has 30 seconds left.
|inactive|MrTedno has 30 seconds left.
|inactive|ElronMcBong has 20 seconds left.
|inactive|MrTedno has 20 seconds left.
|inactive|ElronMcBong has 15 seconds left.
|inactive|MrTedno has 15 seconds left.
|inactive|ElronMcBong has 10 seconds left.
|inactive|MrTedno has 10 seconds left.
|inactive|MrTedno has 5 seconds left.
|
|t:|1756726891
|teamsize|p1|4
|teamsize|p2|4
|start
|switch|p1a: Weezing|Weezing-Galar, L50, F|100/100
|switch|p1b: Rillaboom|Rillaboom, L50, F|100/100
|switch|p2a: Shellington|Sneasler, L50, F|100/100
|switch|p2b: Barnacles|Archaludon, L50, F|100/100
|-ability|p1a: Weezing|Neutralizing Gas
|turn|1
|inactive|ElronMcBong has 30 seconds left.
|inactive|MrTedno has 30 seconds left.
|
|t:|1756726925
|switch|p2b: Turnip|Rillaboom, L50, F|100/100
|move|p2a: Shellington|Protect|p2a: Shellington
|-singleturn|p2a: Shellington|Protect
|move|p1b: Rillaboom|Fake Out|p2b: Turnip
|-damage|p2b: Turnip|87/100
|move|p1a: Weezing|Will-O-Wisp|p2b: Turnip
|-status|p2b: Turnip|brn
|
|-damage|p2b: Turnip|81/100 brn|[from] brn
|upkeep
|turn|2
|inactive|ElronMcBong has 30 seconds left.
|
|t:|1756726952
|move|p2b: Turnip|Fake Out|p1a: Weezing
|-damage|p1a: Weezing|95/100
|move|p2a: Shellington|Dire Claw|p1b: Rillaboom
|-supereffective|p1b: Rillaboom
|-damage|p1b: Rillaboom|15/100
|move|p1b: Rillaboom|Bullet Seed|p2a: Shellington
|-resisted|p2a: Shellington
|-damage|p2a: Shellington|89/100
|-resisted|p2a: Shellington
|-damage|p2a: Shellington|79/100
|-resisted|p2a: Shellington
|-damage|p2a: Shellington|68/100
|-resisted|p2a: Shellington
|-damage|p2a: Shellington|56/100
|-resisted|p2a: Shellington
|-damage|p2a: Shellington|46/100
|-hitcount|p2a: Shellington|5
|cant|p1a: Weezing|flinch
|
|-heal|p1a: Weezing|100/100|[from] item: Leftovers
|-damage|p2b: Turnip|75/100 brn|[from] brn
|upkeep
|turn|3
|inactive|MrTedno has 30 seconds left.
|
|t:|1756726981
|switch|p1b: Archaludon|Archaludon, L50, M|100/100
|move|p2a: Shellington|Protect|p2a: Shellington
|-singleturn|p2a: Shellington|Protect
|move|p2b: Turnip|High Horsepower|p1a: Weezing
|-supereffective|p1a: Weezing
|-damage|p1a: Weezing|74/100
|move|p1a: Weezing|Will-O-Wisp|p2a: Shellington
|-activate|p2a: Shellington|move: Protect
|
|-heal|p1a: Weezing|80/100|[from] item: Leftovers
|-damage|p2b: Turnip|69/100 brn|[from] brn
|upkeep
|turn|4
|inactive|ElronMcBong has 30 seconds left.
|inactive|MrTedno has 30 seconds left.
|inactive|MrTedno has 20 seconds left.
|
|t:|1756727019
|switch|p2a: Barnacles|Archaludon, L50, F|100/100
|-terastallize|p1b: Archaludon|Bug
|move|p1a: Weezing|Protect|p1a: Weezing
|-singleturn|p1a: Weezing|Protect
|move|p1b: Archaludon|Flash Cannon|p2a: Barnacles
|-resisted|p2a: Barnacles
|-damage|p2a: Barnacles|87/100
|move|p2b: Turnip|Bullet Seed|p2a: Barnacles
|-resisted|p2a: Barnacles
|-damage|p2a: Barnacles|86/100
|-resisted|p2a: Barnacles
|-damage|p2a: Barnacles|85/100
|-resisted|p2a: Barnacles
|-damage|p2a: Barnacles|83/100
|-resisted|p2a: Barnacles
|-damage|p2a: Barnacles|82/100
|-resisted|p2a: Barnacles
|-damage|p2a: Barnacles|81/100
|-hitcount|p2a: Barnacles|5
|
|-heal|p1a: Weezing|86/100|[from] item: Leftovers
|-damage|p2b: Turnip|63/100 brn|[from] brn
|upkeep
|turn|5
|inactive|ElronMcBong has 30 seconds left.
|
|t:|1756727053
|move|p1b: Archaludon|Draco Meteor|p2a: Barnacles
|-damage|p2a: Barnacles|38/100
|-unboost|p1b: Archaludon|spa|2
|move|p2b: Turnip|High Horsepower|p1a: Weezing
|-supereffective|p1a: Weezing
|-crit|p1a: Weezing
|-damage|p1a: Weezing|39/100
|move|p2a: Barnacles|Flash Cannon|p1a: Weezing
|-supereffective|p1a: Weezing
|-damage|p1a: Weezing|0 fnt
|faint|p1a: Weezing
|-end|p1a: Weezing|ability: Neutralizing Gas
|-fieldstart|move: Grassy Terrain|[from] ability: Grassy Surge|[of] p2b: Turnip
|
|-heal|p2b: Turnip|69/100 brn|[from] Grassy Terrain
|-heal|p2a: Barnacles|44/100|[from] Grassy Terrain
|-damage|p2b: Turnip|63/100 brn|[from] brn
|upkeep
|
|t:|1756727068
|switch|p1a: Rillaboom|Rillaboom, L50, F|15/100
|turn|6
|inactive|MrTedno has 30 seconds left.
|
|t:|1756727097
|switch|p2a: Peso|Tatsugiri, L50, M|100/100
|move|p1a: Rillaboom|Bullet Seed|p1b: Archaludon
|-resisted|p1b: Archaludon
|-damage|p1b: Archaludon|95/100
|-ability|p1b: Archaludon|Stamina|boost
|-boost|p1b: Archaludon|def|1
|-resisted|p1b: Archaludon
|-damage|p1b: Archaludon|91/100
|-ability|p1b: Archaludon|Stamina|boost
|-boost|p1b: Archaludon|def|1
|-resisted|p1b: Archaludon
|-damage|p1b: Archaludon|88/100
|-ability|p1b: Archaludon|Stamina|boost
|-boost|p1b: Archaludon|def|1
|-resisted|p1b: Archaludon
|-damage|p1b: Archaludon|85/100
|-ability|p1b: Archaludon|Stamina|boost
|-boost|p1b: Archaludon|def|1
|-hitcount|p1b: Archaludon|4
|move|p1b: Archaludon|Body Press|p2a: Peso
|-enditem|p2a: Peso|Focus Sash
|-damage|p2a: Peso|1/100
|move|p2b: Turnip|Bullet Seed|p1a: Rillaboom
|-resisted|p1a: Rillaboom
|-damage|p1a: Rillaboom|11/100
|-resisted|p1a: Rillaboom
|-damage|p1a: Rillaboom|6/100
|-resisted|p1a: Rillaboom
|-damage|p1a: Rillaboom|2/100
|-resisted|p1a: Rillaboom
|-damage|p1a: Rillaboom|0 fnt
|faint|p1a: Rillaboom
|-hitcount|p1: Rillaboom|4
|
|-heal|p2a: Peso|7/100|[from] Grassy Terrain
|-heal|p1b: Archaludon|91/100|[from] Grassy Terrain
|-heal|p2b: Turnip|69/100 brn|[from] Grassy Terrain
|-damage|p2b: Turnip|63/100 brn|[from] brn
|upkeep
|
|t:|1756727117
|switch|p1a: Toedscruel|Toedscruel, L50, F|100/100
|turn|7
|inactive|ElronMcBong has 30 seconds left.
|
|t:|1756727148
|move|p2a: Peso|Protect|p2a: Peso
|-singleturn|p2a: Peso|Protect
|move|p1a: Toedscruel|Earth Power|p2a: Peso
|-activate|p2a: Peso|move: Protect
|move|p1b: Archaludon|Body Press|p2b: Turnip
|-damage|p2b: Turnip|0 fnt
|faint|p2b: Turnip
|
|-heal|p2a: Peso|14/100|[from] Grassy Terrain
|-heal|p1b: Archaludon|97/100|[from] Grassy Terrain
|upkeep
|
|t:|1756727156
|switch|p2b: Barnacles|Archaludon, L50, F|44/100
|turn|8
|inactive|ElronMcBong has 30 seconds left.
|inactive|ElronMcBong has 20 seconds left.
|
|t:|1756727195
|switch|p2a: Shellington|Sneasler, L50, F|46/100
|-enditem|p2a: Shellington|Grassy Seed
|-boost|p2a: Shellington|def|1|[from] item: Grassy Seed
|-terastallize|p2b: Barnacles|Grass
|move|p1a: Toedscruel|Earth Power|p2a: Shellington
|-supereffective|p2a: Shellington
|-damage|p2a: Shellington|0 fnt
|faint|p2a: Shellington
|move|p1b: Archaludon|Body Press|p2b: Barnacles
|-damage|p2b: Barnacles|0 fnt
|faint|p2b: Barnacles
|
|-heal|p1b: Archaludon|100/100|[from] Grassy Terrain
|upkeep
|
|t:|1756727204
|switch|p2b: Peso|Tatsugiri, L50, M|14/100
|turn|9
|
|t:|1756727209
|move|p1a: Toedscruel|Earth Power|p2b: Peso
|-damage|p2b: Peso|0 fnt
|faint|p2b: Peso
|
|win|ElronMcBong
||ElronMcBong is ready for game 2.
||MrTedno is ready for game 2.
|uhtml|next|Next: Game 2 of 3
|l|☆ElronMcBong
|player|p1|
