|j|☆dr_sugus_vgc
|j|‽Cm3112
|html|dr_sugus_vgcCm3112    
|uhtml|bestof|Game 1 of a best-of-3
|t:|1756389947
|gametype|doubles
|player|p1|dr_sugus_vgc|265|1142
|player|p2|Cm3112|266|1171
|gen|9
|tier|[Gen 9] VGC 2025 Reg H (Bo3)
|rated|
|rule|Species Clause: Limit one of each Pokémon
|rule|Item Clause: Limit 1 of each item
|clearpoke
|poke|p1|Politoed, L50, M|
|poke|p1|Gothitelle, L50, M|
|poke|p1|Incineroar, L50, M|
|poke|p1|Amoonguss, L50, F|
|poke|p1|Dragapult, L50, M|
|poke|p1|Kingambit, L50, F|
|poke|p2|Pelipper, L50, F|
|poke|p2|Archaludon, L50, M|
|poke|p2|Annihilape, L50, F|
|poke|p2|Maushold-Four, L50|
|poke|p2|Rillaboom, L50, F|
|poke|p2|Hydreigon, L50, F|
|teampreview|4
|showteam|p1|Politoed||Leftovers|Drizzle|Protect,WeatherBall,PerishSong,Encore|||M|||50|,,,,,Grass]Gothitelle||SitrusBerry|ShadowTag|Protect,Psychic,FakeOut,TrickRoom|||M|||50|,,,,,Dark]Incineroar||SafetyGoggles|Intimidate|Protect,KnockOff,FakeOut,PartingShot|||M|||50|,,,,,Ghost]Amoonguss||EjectButton|Regenerator|Protect,RagePowder,PollenPuff,Spore|||F|||50|,,,,,Fairy]Dragapult||ChoiceBand|ClearBody|DragonDarts,Outrage,PhantomForce,Disable|||M|||50|,,,,,Dragon]Kingambit||BlackGlasses|Defiant|SwordsDance,KowtowCleave,SuckerPunch,Protect|||F|||50|,,,,,Dark
|showteam|p2|Pelipper||FocusSash|Drizzle|MuddyWater,Hurricane,WideGuard,Protect|||F|||50|,,,,,Grass]Archaludon||AssaultVest|Stamina|FlashCannon,ElectroShot,DracoMeteor,BodyPress|||M|||50|,,,,,Fairy]Annihilape||SafetyGoggles|Defiant|DrainPunch,RageFist,BulkUp,Protect|||F|||50|,,,,,Dragon]Maushold-Four||WideLens|Technician|PopulationBomb,BeatUp,FollowMe,Protect||||||50|,,,,,Ghost]Rillaboom||LoadedDice|GrassySurge|BulletSeed,Uturn,FakeOut,GrassyGlide|||F|||50|,,,,,Water]Hydreigon||LifeOrb|Levitate|NastyPlot,Snarl,DracoMeteor,HeatWave|||F|||50|,,,,,Fire
|
|t:|1756389974
|teamsize|p1|4
|teamsize|p2|4
|start
|switch|p1a: Dragapult|Dragapult, L50, M|100/100
|switch|p1b: Amoonguss|Amoonguss, L50, F|100/100
|switch|p2a: Annihilape|Annihilape, L50, F|100/100
|switch|p2b: Archaludon|Archaludon, L50, M|100/100
|turn|1
|inactive|Battle timer is ON: inactive players will automatically lose when time's up. (requested by Cm3112)
|
|t:|1756389996
|-terastallize|p1a: Dragapult|Dragon
|move|p2a: Annihilape|Protect|p2a: Annihilape
|-singleturn|p2a: Annihilape|Protect
|move|p1b: Amoonguss|Rage Powder|p1b: Amoonguss
|-singleturn|p1b: Amoonguss|move: Rage Powder
|move|p1a: Dragapult|Outrage|p2b: Archaludon
|-damage|p2b: Archaludon|11/100
|-ability|p2b: Archaludon|Stamina|boost
|-boost|p2b: Archaludon|def|1
|move|p2b: Archaludon|Draco Meteor|p1b: Amoonguss
|-damage|p1b: Amoonguss|37/100
|-unboost|p2b: Archaludon|spa|2
|-enditem|p1b: Amoonguss|Eject Button
|
|t:|1756390011
|switch|p1b: Gothitelle|Gothitelle, L50, M|100/100
|
|upkeep
|turn|2
|
|t:|1756390031
|move|p1b: Gothitelle|Fake Out|p2b: Archaludon
|-resisted|p2b: Archaludon
|-damage|p2b: Archaludon|9/100
|-ability|p2b: Archaludon|Stamina|boost
|-boost|p2b: Archaludon|def|1
|move|p1a: Dragapult|Outrage|p2b: Archaludon|[from] lockedmove
|-damage|p2b: Archaludon|0 fnt
|faint|p2b: Archaludon
|move|p2a: Annihilape|Bulk Up|p2a: Annihilape
|-boost|p2a: Annihilape|atk|1
|-boost|p2a: Annihilape|def|1
|
|upkeep
|
|t:|1756390047
|switch|p2b: Maushold|Maushold-Four, L50|100/100
|turn|3
|
|t:|1756390056
|move|p2b: Maushold|Protect|p2b: Maushold
|-singleturn|p2b: Maushold|Protect
|move|p2a: Annihilape|Protect|p2a: Annihilape
|-singleturn|p2a: Annihilape|Protect
|move|p1a: Dragapult|Outrage|p2a: Annihilape|[from] lockedmove
|-activate|p2a: Annihilape|move: Protect
|-start|p1a: Dragapult|confusion|[fatigue]
|move|p1b: Gothitelle|Psychic|p2a: Annihilape
|-activate|p2a: Annihilape|move: Protect
|
|upkeep
|turn|4
|
|t:|1756390071
|switch|p1a: Amoonguss|Amoonguss, L50, F|70/100
|move|p2b: Maushold|Population Bomb|p1b: Gothitelle
|-damage|p1b: Gothitelle|90/100
|-damage|p1b: Gothitelle|80/100
|-damage|p1b: Gothitelle|69/100
|-damage|p1b: Gothitelle|59/100
|-damage|p1b: Gothitelle|48/100
|-enditem|p1b: Gothitelle|Sitrus Berry|[eat]
|-heal|p1b: Gothitelle|73/100|[from] item: Sitrus Berry
|-damage|p1b: Gothitelle|61/100
|-damage|p1b: Gothitelle|51/100
|-damage|p1b: Gothitelle|40/100
|-damage|p1b: Gothitelle|29/100
|-damage|p1b: Gothitelle|19/100
|-hitcount|p1b: Gothitelle|10
|move|p2a: Annihilape|Drain Punch|p1a: Amoonguss
|-resisted|p1a: Amoonguss
|-damage|p1a: Amoonguss|54/100
|move|p1b: Gothitelle|Trick Room|p1b: Gothitelle
|-fieldstart|move: Trick Room|[of] p1b: Gothitelle
|
|upkeep
|turn|5
|inactive|dr_sugus_vgc has 30 seconds left.
|inactive|Cm3112 has 30 seconds left.
|inactive|dr_sugus_vgc has 20 seconds left.
|inactive|Cm3112 has 20 seconds left.
|inactive|Cm3112 has 15 seconds left.
|inactive|Cm3112 has 10 seconds left.
|
|t:|1756390118
|-terastallize|p2a: Annihilape|Dragon
|move|p1b: Gothitelle|Protect|p1b: Gothitelle
|-singleturn|p1b: Gothitelle|Protect
|move|p2b: Maushold|Protect|p2b: Maushold
|-singleturn|p2b: Maushold|Protect
|move|p1a: Amoonguss|Spore|p2b: Maushold
|-activate|p2b: Maushold|move: Protect
|move|p2a: Annihilape|Drain Punch|p1b: Gothitelle
|-activate|p1b: Gothitelle|move: Protect
|
|upkeep
|turn|6
|inactive|dr_sugus_vgc has 30 seconds left.
|inactive|dr_sugus_vgc has 20 seconds left.
|
|t:|1756390156
|move|p2b: Maushold|Follow Me|p2b: Maushold
|-singleturn|p2b: Maushold|move: Follow Me
|move|p1a: Amoonguss|Pollen Puff|p2b: Maushold
|-damage|p2b: Maushold|72/100
|move|p1b: Gothitelle|Psychic|p2b: Maushold
|-damage|p2b: Maushold|30/100
|move|p2a: Annihilape|Drain Punch|p1b: Gothitelle
|-resisted|p1b: Gothitelle
|-damage|p1b: Gothitelle|0 fnt
|faint|p1b: Gothitelle
|
|upkeep
|
|t:|1756390167
|switch|p1b: Politoed|Politoed, L50, M|100/100
|-weather|RainDance|[from] ability: Drizzle|[of] p1b: Politoed
|turn|7
|
|t:|1756390181
|switch|p2b: Pelipper|Pelipper, L50, F|100/100
|move|p1a: Amoonguss|Spore|p2b: Pelipper
|-status|p2b: Pelipper|slp|[from] move: Spore
|move|p1b: Politoed|Encore|p2a: Annihilape
|-start|p2a: Annihilape|Encore
|move|p2a: Annihilape|Drain Punch|p1a: Amoonguss
|-resisted|p1a: Amoonguss
|-damage|p1a: Amoonguss|36/100
|
|-weather|RainDance|[upkeep]
|upkeep
|turn|8
|inactive|Cm3112 has 30 seconds left.
|
|t:|1756390208
|switch|p1a: Dragapult|Dragapult, L50, M, tera:Dragon|100/100
|switch|p2b: Maushold|Maushold-Four, L50|30/100
|move|p1b: Politoed|Weather Ball|p2b: Maushold
|-damage|p2b: Maushold|0 fnt
|faint|p2b: Maushold
|move|p2a: Annihilape|Drain Punch|p1a: Dragapult
|-damage|p1a: Dragapult|42/100
|
|-weather|RainDance|[upkeep]
|-fieldend|move: Trick Room
|upkeep
|
|t:|1756390222
|switch|p2b: Pelipper|Pelipper, L50, F|100/100 slp
|turn|9
|
|t:|1756390231
|move|p1a: Dragapult|Dragon Darts|p2a: Annihilape
|-supereffective|p2a: Annihilape
|-damage|p2a: Annihilape|34/100
|-anim|p1a: Dragapult|Dragon Darts|p2b: Pelipper
|-damage|p2b: Pelipper|25/100 slp
|move|p2a: Annihilape|Drain Punch|p1a: Dragapult
|-damage|p1a: Dragapult|0 fnt
|-heal|p2a: Annihilape|51/100|[from] drain|[of] p1a: Dragapult
|faint|p1a: Dragapult
|cant|p2b: Pelipper|slp
|move|p1b: Politoed|Perish Song|p1b: Politoed
|-start|p1b: Politoed|perish3|[silent]
|-start|p2a: Annihilape|perish3|[silent]
|-start|p2b: Pelipper|perish3|[silent]
|-fieldactivate|move: Perish Song
|
|-weather|RainDance|[upkeep]
|-end|p2a: Annihilape|Encore
|-start|p2a: Annihilape|perish3
|-start|p2b: Pelipper|perish3
|-start|p1b: Politoed|perish3
|upkeep
|
|t:|1756390247
|switch|p1a: Amoonguss|Amoonguss, L50, F|69/100
|turn|10
|
|t:|1756390268
|move|p1a: Amoonguss|Rage Powder|p1a: Amoonguss
|-singleturn|p1a: Amoonguss|move: Rage Powder
|move|p2a: Annihilape|Rage Fist|p1b: Politoed
|-damage|p1b: Politoed|43/100
|cant|p2b: Pelipper|slp
|move|p1b: Politoed|Weather Ball|p2b: Pelipper
|-resisted|p2b: Pelipper
|-damage|p2b: Pelipper|0 fnt
|faint|p2b: Pelipper
|
|-weather|RainDance|[upkeep]
|-heal|p1b: Politoed|49/100|[from] item: Leftovers
|-start|p2a: Annihilape|perish2
|-start|p1b: Politoed|perish2
|upkeep
|turn|11
|
|t:|1756390288
|move|p1b: Politoed|Protect|p1b: Politoed
|-singleturn|p1b: Politoed|Protect
|move|p1a: Amoonguss|Protect|p1a: Amoonguss
|-singleturn|p1a: Amoonguss|Protect
|move|p2a: Annihilape|Rage Fist|p1a: Amoonguss
|-activate|p1a: Amoonguss|move: Protect
|
|-weather|none
|-heal|p1b: Politoed|55/100|[from] item: Leftovers
|-start|p2a: Annihilape|perish1
|-start|p1b: Politoed|perish1
|upkeep
|turn|12
|
|t:|1756390305
|move|p1b: Politoed|Protect||[still]
|-fail|p1b: Politoed
|move|p1a: Amoonguss|Protect|p1a: Amoonguss
|-singleturn|p1a: Amoonguss|Protect
|move|p2a: Annihilape|Rage Fist|p1a: Amoonguss
|-activate|p1a: Amoonguss|move: Protect
|
|-heal|p1b: Politoed|61/100|[from] item: Leftovers
|-start|p2a: Annihilape|perish0
|-start|p1b: Politoed|perish0
|faint|p2a: Annihilape
|faint|p1b: Politoed
|
|win|dr_sugus_vgc
|inactive|dr_sugus_vgc has 30 seconds to confirm battle start!
|inactive|Cm3112 has 30 seconds to confirm battle start!
||dr_sugus_vgc is ready for game 2.
||Cm3112 is ready for game 2.
|uhtml|next|Next: Game 2 of 3
|l|‽Cm3112
|player|p2|
