|j|☆danicruz.music
|j|☆SuperPokeVGC
|html|danicruz.musicSuperPokeVGC    
|uhtml|bestof|Game 2 of a best-of-3
|t:|1756603926
|gametype|doubles
|player|p1|danicruz.music|whitney|1155
|player|p2|SuperPokeVGC|ltsurge|1228
|gen|9
|tier|[Gen 9] VGC 2025 Reg H (Bo3)
|rated|
|rule|Species Clause: Limit one of each Pokémon
|rule|Item Clause: Limit 1 of each item
|clearpoke
|poke|p1|Dondozo, L50, F|
|poke|p1|Tatsugiri, L50, F|
|poke|p1|Pelipper, L50, M|
|poke|p1|Archaludon, L50, M|
|poke|p1|Corviknight, L50, M|
|poke|p1|Rillaboom, L50, M|
|poke|p2|Incineroar, L50, M|
|poke|p2|Rillaboom, L50, F|
|poke|p2|Rotom-Wash, L50|
|poke|p2|Ursaluna-Bloodmoon, L50, M|
|poke|p2|Sneasler, L50, F|
|poke|p2|Dragonite, L50, F|
|teampreview|4
|showteam|p1|Dondozo||Leftovers|Unaware|WaveCrash,Earthquake,OrderUp,Protect|||F|||50|,,,,,Ground]Tatsugiri||FocusSash|Commander|DragonPulse,DracoMeteor,MuddyWater,IcyWind|||F|||50|,,,,,Fairy]Pelipper||CovertCloak|Drizzle|Hurricane,WeatherBall,WideGuard,Tailwind|||M|||50|,,,,,Water]Archaludon||PowerHerb|Stalwart|ElectroShot,MeteorBeam,DracoMeteor,Protect|||M|||50|,,,,,Electric]Corviknight||SitrusBerry|Unnerve|BraveBird,Tailwind,Roost,Protect|||M|||50|,,,,,Flying]Rillaboom||AssaultVest|GrassySurge|GrassyGlide,WoodHammer,FakeOut,Uturn|||M|||50|,,,,,Grass
|showteam|p2|Incineroar||SafetyGoggles|Intimidate|FakeOut,KnockOff,FlareBlitz,PartingShot|||M|||50|,,,,,Ghost]Rillaboom||AssaultVest|GrassySurge|FakeOut,GrassyGlide,WoodHammer,Uturn|||F|||50|,,,,,Fire]Rotom-Wash||ChoiceSpecs|Levitate|HydroPump,Thunderbolt,VoltSwitch,Trick||||||50|,,,,,Steel]Ursaluna-Bloodmoon||Leftovers|MindsEye|BloodMoon,EarthPower,Yawn,Protect|||M|||50|,,,,,Ghost]Sneasler||FocusSash|Unburden|DireClaw,CloseCombat,Coaching,Protect|||F|||50|,,,,,Stellar]Dragonite||LoadedDice|Multiscale|ScaleShot,ExtremeSpeed,LowKick,Protect|||F|||50|,,,,,Fairy
|inactive|Battle timer is ON: inactive players will automatically lose when time's up. (requested by danicruz.music)
|inactive|SuperPokeVGC also wants the timer to be on.
|
|t:|1756603941
|teamsize|p1|4
|teamsize|p2|4
|start
|switch|p1a: Pelipper|Pelipper, L50, M|100/100
|switch|p1b: Archaludon|Archaludon, L50, M|100/100
|switch|p2a: Incineroar|Incineroar, L50, M|100/100
|switch|p2b: Ursaluna|Ursaluna-Bloodmoon, L50, M|100/100
|-ability|p2a: Incineroar|Intimidate|boost
|-unboost|p1a: Pelipper|atk|1
|-unboost|p1b: Archaludon|atk|1
|-weather|RainDance|[from] ability: Drizzle|[of] p1a: Pelipper
|turn|1
|
|t:|1756603964
|-terastallize|p2b: Ursaluna|Ghost
|move|p1b: Archaludon|Protect|p1b: Archaludon
|-singleturn|p1b: Archaludon|Protect
|move|p2a: Incineroar|Fake Out|p1b: Archaludon
|-activate|p1b: Archaludon|move: Protect
|move|p2b: Ursaluna|Earth Power|p1b: Archaludon
|-activate|p1b: Archaludon|move: Protect
|move|p1a: Pelipper|Weather Ball|p2a: Incineroar
|-supereffective|p2a: Incineroar
|-damage|p2a: Incineroar|0 fnt
|faint|p2a: Incineroar
|
|-weather|RainDance|[upkeep]
|upkeep
|
|t:|1756603974
|switch|p2a: Rotom|Rotom-Wash, L50|100/100
|turn|2
|inactive|SuperPokeVGC has 30 seconds left.
|inactive|SuperPokeVGC has 20 seconds left.
|
|t:|1756604011
|-terastallize|p1b: Archaludon|Electric
|move|p2b: Ursaluna|Protect|p2b: Ursaluna
|-singleturn|p2b: Ursaluna|Protect
|move|p1b: Archaludon|Electro Shot||[still]
|-prepare|p1b: Archaludon|Electro Shot
|-boost|p1b: Archaludon|spa|1
|-anim|p1b: Archaludon|Electro Shot|p2b: Ursaluna
|-activate|p2b: Ursaluna|move: Protect
|move|p2a: Rotom|Volt Switch|p1a: Pelipper
|-supereffective|p1a: Pelipper
|-damage|p1a: Pelipper|0 fnt
|faint|p1a: Pelipper
|
|t:|1756604021
|switch|p2a: Rillaboom|Rillaboom, L50, F|100/100|[from] Volt Switch
|-fieldstart|move: Grassy Terrain|[from] ability: Grassy Surge|[of] p2a: Rillaboom
|
|-weather|RainDance|[upkeep]
|upkeep
|
|t:|1756604039
|switch|p1a: Dondozo|Dondozo, L50, F|100/100
|turn|3
|inactive|SuperPokeVGC has 30 seconds left.
|
|t:|1756604068
|move|p1b: Archaludon|Protect|p1b: Archaludon
|-singleturn|p1b: Archaludon|Protect
|move|p1a: Dondozo|Protect|p1a: Dondozo
|-singleturn|p1a: Dondozo|Protect
|move|p2a: Rillaboom|U-turn|p1a: Dondozo
|-activate|p1a: Dondozo|move: Protect
|move|p2b: Ursaluna|Yawn|p1a: Dondozo
|-activate|p1a: Dondozo|move: Protect
|
|-weather|RainDance|[upkeep]
|upkeep
|turn|4
|inactive|danicruz.music has 30 seconds left.
|inactive|SuperPokeVGC has 30 seconds left.
|
|t:|1756604102
|move|p2b: Ursaluna|Protect|p2b: Ursaluna
|-singleturn|p2b: Ursaluna|Protect
|move|p1b: Archaludon|Electro Shot||[still]
|-prepare|p1b: Archaludon|Electro Shot
|-boost|p1b: Archaludon|spa|1
|-anim|p1b: Archaludon|Electro Shot|p2b: Ursaluna
|-activate|p2b: Ursaluna|move: Protect
|move|p2a: Rillaboom|U-turn|p1b: Archaludon
|-damage|p1b: Archaludon|79/100
|
|t:|1756604111
|switch|p2a: Rotom|Rotom-Wash, L50|100/100|[from] U-turn
|move|p1a: Dondozo|Wave Crash|p2b: Ursaluna
|-activate|p2b: Ursaluna|move: Protect
|
|-weather|RainDance|[upkeep]
|-heal|p1b: Archaludon|85/100|[from] Grassy Terrain
|upkeep
|turn|5
|
|t:|1756604130
|switch|p2b: Rillaboom|Rillaboom, L50, F|100/100
|move|p1a: Dondozo|Protect|p1a: Dondozo
|-singleturn|p1a: Dondozo|Protect
|move|p1b: Archaludon|Electro Shot||[still]
|-prepare|p1b: Archaludon|Electro Shot
|-boost|p1b: Archaludon|spa|1
|-anim|p1b: Archaludon|Electro Shot|p2b: Rillaboom
|-resisted|p2b: Rillaboom
|-damage|p2b: Rillaboom|46/100
|move|p2a: Rotom|Thunderbolt|p1a: Dondozo
|-activate|p1a: Dondozo|move: Protect
|
|-weather|none
|-heal|p1b: Archaludon|91/100|[from] Grassy Terrain
|-heal|p2b: Rillaboom|52/100|[from] Grassy Terrain
|upkeep
|turn|6
|
|t:|1756604159
|switch|p2a: Ursaluna|Ursaluna-Bloodmoon, L50, M, tera:Ghost|100/100
|switch|p1a: Tatsugiri|Tatsugiri, L50, F|100/100
|move|p1b: Archaludon|Protect|p1b: Archaludon
|-singleturn|p1b: Archaludon|Protect
|move|p2b: Rillaboom|Fake Out|p1b: Archaludon
|-activate|p1b: Archaludon|move: Protect
|
|-heal|p1b: Archaludon|97/100|[from] Grassy Terrain
|-heal|p2b: Rillaboom|58/100|[from] Grassy Terrain
|-fieldend|move: Grassy Terrain
|upkeep
|turn|7
|inactive|SuperPokeVGC has 30 seconds left.
|
|t:|1756604194
|move|p1b: Archaludon|Electro Shot||[still]
|-prepare|p1b: Archaludon|Electro Shot
|-boost|p1b: Archaludon|spa|1
|-enditem|p1b: Archaludon|Power Herb
|-anim|p1b: Archaludon|Electro Shot|p2a: Ursaluna
|-damage|p2a: Ursaluna|0 fnt
|faint|p2a: Ursaluna
|move|p1a: Tatsugiri|Icy Wind|p2b: Rillaboom
|-supereffective|p2b: Rillaboom
|-damage|p2b: Rillaboom|33/100
|-unboost|p2b: Rillaboom|spe|1
|move|p2b: Rillaboom|U-turn|p1b: Archaludon
|-damage|p1b: Archaludon|73/100
|
|t:|1756604204
|switch|p2b: Rotom|Rotom-Wash, L50|100/100|[from] U-turn
|
|upkeep
|
|t:|1756604206
|switch|p2a: Rillaboom|Rillaboom, L50, F|33/100
|-fieldstart|move: Grassy Terrain|[from] ability: Grassy Surge|[of] p2a: Rillaboom
|turn|8
|inactive|SuperPokeVGC has 30 seconds left.
|inactive|SuperPokeVGC has 20 seconds left.
|
|t:|1756604245
|move|p1b: Archaludon|Protect|p1b: Archaludon
|-singleturn|p1b: Archaludon|Protect
|move|p2a: Rillaboom|Fake Out|p1a: Tatsugiri
|-damage|p1a: Tatsugiri|73/100
|cant|p1a: Tatsugiri|flinch
|move|p2b: Rotom|Thunderbolt|p1a: Tatsugiri
|-damage|p1a: Tatsugiri|0 fnt
|faint|p1a: Tatsugiri
|
|-heal|p1b: Archaludon|79/100|[from] Grassy Terrain
|-heal|p2a: Rillaboom|39/100|[from] Grassy Terrain
|upkeep
|
|t:|1756604250
|switch|p1a: Dondozo|Dondozo, L50, F|100/100
|turn|9
|
|t:|1756604259
|move|p1a: Dondozo|Protect|p1a: Dondozo
|-singleturn|p1a: Dondozo|Protect
|move|p1b: Archaludon|Draco Meteor|p2b: Rotom
|-damage|p2b: Rotom|0 fnt
|-unboost|p1b: Archaludon|spa|2
|faint|p2b: Rotom
|move|p2a: Rillaboom|Wood Hammer|p1a: Dondozo
|-activate|p1a: Dondozo|move: Protect
|
|-heal|p1b: Archaludon|85/100|[from] Grassy Terrain
|-heal|p2a: Rillaboom|45/100|[from] Grassy Terrain
|upkeep
|turn|10
|
|t:|1756604268
|move|p1b: Archaludon|Draco Meteor|p2a: Rillaboom
|-damage|p2a: Rillaboom|0 fnt
|-unboost|p1b: Archaludon|spa|2
|faint|p2a: Rillaboom
|
|win|danicruz.music
||danicruz.music is ready for game 3.
||SuperPokeVGC is ready for game 3.
|uhtml|next|Next: Game 3 of 3
