|j|☆blastsnow
|j|☆NoitUK_VGC
|html|blastsnowNoitUK_VGC    
|uhtml|bestof|Game 1 of a best-of-3
|t:|1783870961
|gametype|doubles
|player|p1|blastsnow|2|1101
|player|p2|NoitUK_VGC|102|1194
|gen|9
|tier|[Gen 9 Champions] VGC 2026 Reg M-B (Bo3)
|rated|
|rule|Species Clause: Limit one of each Pokémon
|rule|Item Clause: Limit 1 of each item
|clearpoke
|poke|p1|Blastoise, L50, M|
|poke|p1|Farigiraf, L50, F|
|poke|p1|Pelipper, L50, M|
|poke|p1|Swampert, L50, M|
|poke|p1|Sneasler, L50, M|
|poke|p1|Drampa, L50, F|
|poke|p2|Archaludon, L50, M|
|poke|p2|Swampert, L50, F|
|poke|p2|Pelipper, L50, M|
|poke|p2|Sableye, L50, F|
|poke|p2|Kingambit, L50, F|
|poke|p2|Clefable, L50, M|
|teampreview|4
|showteam|p1|Blastoise||Blastoisinite|Torrent|WaterSpout,WeatherBall,Protect,AuraSphere|Quiet||M|||50|]Farigiraf||SitrusBerry|ArmorTail|TrickRoom,Psychic,Protect,HelpingHand|Sassy||F|||50|]Pelipper||DampRock|Drizzle|WeatherBall,Roost,Protect,Hurricane|Quiet||M|||50|]Swampert||Swampertite|Damp|WaveCrash,IcePunch,HighHorsepower,Protect|Adamant||M|||50|]Sneasler||FocusSash|Unburden|CloseCombat,Protect,FakeOut,DireClaw|Adamant||M|||50|]Drampa||Drampanite|Berserk|Thunder,HyperVoice,DracoMeteor,Roost|Modest||F|||50|
|showteam|p2|Archaludon||Leftovers|Stamina|Protect,ElectroShot,FlashCannon,DragonPulse|Modest||M|||50|]Swampert||Swampertite|Torrent|Protect,WaveCrash,Earthquake,IcePunch|Adamant||F|||50|]Pelipper||SitrusBerry|Drizzle|WideGuard,WeatherBall,Hurricane,Tailwind|Bold||M|||50|]Sableye||RoseliBerry|Prankster|Encore,Disable,WillOWisp,RainDance|Relaxed||F|||50|]Kingambit||ChopleBerry|Defiant|KowtowCleave,SuckerPunch,IronHead,LowKick|Adamant||F|||50|]Clefable||Clefablite|Unaware|Protect,Moonblast,LifeDew,FollowMe|Bold||M|||50|
|inactive|Battle timer is ON: inactive players will automatically lose when time's up. (requested by NoitUK_VGC)
|inactive|blastsnow has 60 seconds left.
|inactive|NoitUK_VGC has 60 seconds left.
|
|t:|1783871042
|teamsize|p1|4
|teamsize|p2|4
|start
|switch|p1a: Swampert|Swampert, L50, M|100/100
|switch|p1b: Farigiraf|Farigiraf, L50, F|100/100
|switch|p2a: Archaludon|Archaludon, L50, M|100/100
|switch|p2b: Sableye|Sableye, L50, F|100/100
|turn|1
|inactive|NoitUK_VGC has 30 seconds left.
|
|t:|1783871069
|switch|p2b: Clefable|Clefable, L50, M|100/100
|move|p2a: Archaludon|Protect|p2a: Archaludon
|-singleturn|p2a: Archaludon|Protect
|move|p1a: Swampert|High Horsepower|p2a: Archaludon
|-activate|p2a: Archaludon|move: Protect
|move|p1b: Farigiraf|Trick Room|p1b: Farigiraf
|-fieldstart|move: Trick Room|[of] p1b: Farigiraf
|
|upkeep
|turn|2
|
|t:|1783871085
|detailschange|p2b: Clefable|Clefable-Mega, L50, M
|-mega|p2b: Clefable|Clefable|Clefablite
|move|p1b: Farigiraf|Helping Hand|p1a: Swampert
|-singleturn|p1a: Swampert|Helping Hand|[of] p1b: Farigiraf
|move|p2b: Clefable|Follow Me|p2b: Clefable
|-singleturn|p2b: Clefable|move: Follow Me
|move|p1a: Swampert|Wave Crash|p2b: Clefable
|-damage|p2b: Clefable|37/100
|-damage|p1a: Swampert|76/100|[from] Recoil
|move|p2a: Archaludon|Dragon Pulse|p1b: Farigiraf
|-damage|p1b: Farigiraf|70/100
|
|upkeep
|turn|3
|inactive|NoitUK_VGC has 30 seconds left.
|
|t:|1783871114
|move|p2b: Clefable|Protect|p2b: Clefable
|-singleturn|p2b: Clefable|Protect
|move|p2a: Archaludon|Protect|p2a: Archaludon
|-singleturn|p2a: Archaludon|Protect
|move|p1b: Farigiraf|Psychic|p2a: Archaludon
|-activate|p2a: Archaludon|move: Protect
|move|p1a: Swampert|Wave Crash|p2b: Clefable
|-activate|p2b: Clefable|move: Protect
|
|upkeep
|turn|4
|
|t:|1783871130
|move|p1b: Farigiraf|Helping Hand|p1a: Swampert
|-singleturn|p1a: Swampert|Helping Hand|[of] p1b: Farigiraf
|move|p2b: Clefable|Life Dew||[still]|[spread] p2a,p2b
|-fail|p2a: Archaludon|heal
|-heal|p2b: Clefable|62/100
|move|p1a: Swampert|High Horsepower|p2a: Archaludon
|-supereffective|p2a: Archaludon|1
|-damage|p2a: Archaludon|0 fnt
|faint|p2a: Archaludon
|
|upkeep
|
|t:|1783871139
|switch|p2a: Swampert|Swampert, L50, F|100/100
|turn|5
|
|t:|1783871148
|move|p1b: Farigiraf|Helping Hand|p1a: Swampert
|-singleturn|p1a: Swampert|Helping Hand|[of] p1b: Farigiraf
|move|p2b: Clefable|Protect|p2b: Clefable
|-singleturn|p2b: Clefable|Protect
|move|p2a: Swampert|Protect|p2a: Swampert
|-singleturn|p2a: Swampert|Protect
|move|p1a: Swampert|Wave Crash|p2b: Clefable
|-activate|p2b: Clefable|move: Protect
|
|-fieldend|move: Trick Room
|upkeep
|turn|6
|
|t:|1783871162
|move|p1b: Farigiraf|Helping Hand|p1a: Swampert
|-singleturn|p1a: Swampert|Helping Hand|[of] p1b: Farigiraf
|move|p2a: Swampert|Wave Crash|p1a: Swampert
|-damage|p1a: Swampert|12/100
|-damage|p2a: Swampert|79/100|[from] Recoil
|move|p1a: Swampert|Wave Crash|p2b: Clefable
|-damage|p2b: Clefable|0 fnt
|faint|p2b: Clefable
|-damage|p1a: Swampert|0 fnt|[from] Recoil
|faint|p1a: Swampert
|
|upkeep
|
|t:|1783871174
|switch|p1a: Sneasler|Sneasler, L50, M|100/100
|switch|p2b: Sableye|Sableye, L50, F|100/100
|turn|7
|
|t:|1783871192
|move|p2b: Sableye|Rain Dance|p2b: Sableye
|-weather|RainDance
|move|p1a: Sneasler|Close Combat|p2a: Swampert
|-damage|p2a: Swampert|2/100
|-unboost|p1a: Sneasler|def|1
|-unboost|p1a: Sneasler|spd|1
|move|p2a: Swampert|Earthquake|p1a: Sneasler|[spread] p2b,p1a,p1b
|-crit|p2b: Sableye
|-supereffective|p1a: Sneasler|1
|-damage|p2b: Sableye|27/100
|-enditem|p1a: Sneasler|Focus Sash
|-damage|p1a: Sneasler|1/100
|-damage|p1b: Farigiraf|29/100
|-enditem|p1b: Farigiraf|Sitrus Berry|[eat]
|-heal|p1b: Farigiraf|54/100|[from] item: Sitrus Berry
|move|p1b: Farigiraf|Trick Room|p1b: Farigiraf
|-fieldstart|move: Trick Room|[of] p1b: Farigiraf
|
|-weather|RainDance|[upkeep]
|upkeep
|turn|8
|-message|NoitUK_VGC forfeited.
|
|win|blastsnow
|l|☆blastsnow
|player|p1|
||NoitUK_VGC is ready for game 2.
||blastsnow is ready for game 2.
|uhtml|next|Next: Game 2 of 3
