|j|☆jusemato
|j|☆Gayangos
|html|jusematoGayangos    
|uhtml|bestof|Game 1 of a best-of-3
|t:|1785173042
|gametype|doubles
|player|p1|jusemato|ingo|1263
|player|p2|Gayangos|266|1364
|gen|9
|tier|[Gen 9 Champions] VGC 2026 Reg M-B (Bo3)
|rated|
|rule|Species Clause: Limit one of each Pokémon
|rule|Item Clause: Limit 1 of each item
|clearpoke
|poke|p1|Kommo-o, L50, M|
|poke|p1|Metagross, L50, shiny|
|poke|p1|Basculegion, L50, M|
|poke|p1|Kingambit, L50, M|
|poke|p1|Sneasler, L50, M|
|poke|p1|Aerodactyl, L50, M|
|poke|p2|Tyranitar, L50, F|
|poke|p2|Excadrill, L50, F|
|poke|p2|Milotic, L50, F|
|poke|p2|Sinistcha, L50|
|poke|p2|Staraptor, L50, F|
|poke|p2|Gholdengo, L50|
|teampreview|4
|showteam|p1|Kommo-o||LifeOrb|Overcoat|ClangingScales,AuraSphere,VacuumWave,Protect|Modest||M|||50|]Metagross||Metagrossite|ClearBody|PsychicFangs,IronHead,BulletPunch,Protect|Jolly|||||50|]Basculegion||ChoiceScarf|Adaptability|WaveCrash,LastRespects,FlipTurn,AquaJet|Jolly||M|||50|]Kingambit||OccaBerry|Defiant|KowtowCleave,LowKick,SuckerPunch,IronHead|Adamant||M|||50|]Sneasler||FocusSash|Unburden|CloseCombat,DireClaw,FakeOut,Coaching|Jolly||M|||50|]Aerodactyl||Aerodactylite|Unnerve|RockSlide,DualWingbeat,IceFang,Tailwind|Jolly||M|||50|
|showteam|p2|Tyranitar||Tyranitarite|SandStream|KnockOff,RockSlide,LowKick,Protect|Jolly||F|||50|]Excadrill||FocusSash|SandRush|HighHorsepower,IronHead,RockSlide,Protect|Adamant||F|||50|]Milotic||SitrusBerry|Competitive|Scald,IcyWind,Haze,Protect|Calm||F|||50|]Sinistcha||ColburBerry|Hospitality|MatchaGotcha,ShadowBall,Protect,RagePowder|Bold|||||50|]Staraptor||Staraptite|Intimidate|CloseCombat,BraveBird,Tailwind,Protect|Jolly||F|||50|]Gholdengo||LifeOrb|GoodasGold|MakeItRain,ShadowBall,NastyPlot,Protect|Modest|||||50|
|c|☆jusemato|Glhf
|
|t:|1785173091
|teamsize|p1|4
|teamsize|p2|4
|start
|switch|p1a: Kommo-o|Kommo-o, L50, M|100/100
|switch|p1b: Kingambit|Kingambit, L50, M|100/100
|switch|p2a: Excadrill|Excadrill, L50, F|100/100
|switch|p2b: Tyranitar|Tyranitar, L50, F|100/100
|-weather|Sandstorm|[from] ability: Sand Stream|[of] p2b: Tyranitar
|turn|1
|
|t:|1785173126
|switch|p2b: Staraptor|Staraptor, L50, F|100/100
|-ability|p2b: Staraptor|Intimidate|boost
|-unboost|p1a: Kommo-o|atk|1
|-unboost|p1b: Kingambit|atk|1
|-ability|p1b: Kingambit|Defiant|boost
|-boost|p1b: Kingambit|atk|2
|switch|p1b: Basculegion|Basculegion, L50, M|100/100
|move|p2a: Excadrill|High Horsepower|p1b: Basculegion
|-crit|p1b: Basculegion
|-damage|p1b: Basculegion|7/100
|move|p1a: Kommo-o|Aura Sphere|p2a: Excadrill
|-supereffective|p2a: Excadrill|1
|-enditem|p2a: Excadrill|Focus Sash
|-damage|p2a: Excadrill|1/100
|-damage|p1a: Kommo-o|90/100|[from] item: Life Orb
|
|-weather|Sandstorm|[upkeep]
|-damage|p1b: Basculegion|1/100|[from] Sandstorm
|-damage|p2b: Staraptor|94/100|[from] Sandstorm
|upkeep
|turn|2
|inactive|Battle timer is ON: inactive players will automatically lose when time's up. (requested by Gayangos)
|inactive|Gayangos has 60 seconds left.
|
|t:|1785173160
|switch|p2a: Sinistcha|Sinistcha, L50|100/100
|-heal|p2b: Staraptor|100/100|[from] ability: Hospitality|[of] p2a: Sinistcha
|detailschange|p2b: Staraptor|Staraptor-Mega, L50, F
|-mega|p2b: Staraptor|Staraptor|Staraptite
|move|p1a: Kommo-o|Protect|p1a: Kommo-o
|-singleturn|p1a: Kommo-o|Protect
|move|p1b: Basculegion|Flip Turn|p2b: Staraptor
|-crit|p2b: Staraptor
|-damage|p2b: Staraptor|44/100
|
|t:|1785173171
|switch|p1b: Sneasler|Sneasler, L50, M|100/100|[from] Flip Turn
|move|p2b: Staraptor|Brave Bird|p1a: Kommo-o
|-activate|p1a: Kommo-o|move: Protect
|
|-weather|Sandstorm|[upkeep]
|-damage|p1b: Sneasler|94/100|[from] Sandstorm
|-damage|p2b: Staraptor|39/100|[from] Sandstorm
|-damage|p2a: Sinistcha|94/100|[from] Sandstorm
|upkeep
|turn|3
|
|t:|1785173192
|move|p2b: Staraptor|Protect|p2b: Staraptor
|-singleturn|p2b: Staraptor|Protect
|move|p1b: Sneasler|Dire Claw|p2a: Sinistcha
|-damage|p2a: Sinistcha|62/100
|move|p1a: Kommo-o|Clanging Scales|p2a: Sinistcha|[spread] p2a
|-activate|p2b: Staraptor|move: Protect
|-damage|p2a: Sinistcha|16/100
|-unboost|p1a: Kommo-o|def|1
|-damage|p1a: Kommo-o|81/100|[from] item: Life Orb
|move|p2a: Sinistcha|Matcha Gotcha|p1a: Kommo-o|[spread] p1b
|-miss|p2a: Sinistcha|p1a: Kommo-o
|-resisted|p1b: Sneasler|1
|-damage|p1b: Sneasler|78/100
|-heal|p2a: Sinistcha|22/100|[from] drain|[of] p1b: Sneasler
|-status|p1b: Sneasler|brn
|
|-weather|Sandstorm|[upkeep]
|-damage|p1b: Sneasler|72/100 brn|[from] Sandstorm
|-damage|p2b: Staraptor|33/100|[from] Sandstorm
|-damage|p2a: Sinistcha|17/100|[from] Sandstorm
|-damage|p1b: Sneasler|67/100 brn|[from] brn
|upkeep
|turn|4
|
|t:|1785173216
|move|p1a: Kommo-o|Protect|p1a: Kommo-o
|-singleturn|p1a: Kommo-o|Protect
|move|p2a: Sinistcha|Rage Powder|p2a: Sinistcha
|-singleturn|p2a: Sinistcha|move: Rage Powder
|move|p1b: Sneasler|Dire Claw|p2a: Sinistcha
|-damage|p2a: Sinistcha|1/100
|-status|p2a: Sinistcha|psn
|move|p2b: Staraptor|Brave Bird|p1a: Kommo-o
|-activate|p1a: Kommo-o|move: Protect
|
|-weather|Sandstorm|[upkeep]
|-damage|p1b: Sneasler|61/100 brn|[from] Sandstorm
|-damage|p2b: Staraptor|27/100|[from] Sandstorm
|-damage|p2a: Sinistcha|0 fnt|[from] Sandstorm
|faint|p2a: Sinistcha
|-damage|p1b: Sneasler|55/100 brn|[from] brn
|upkeep
|
|t:|1785173223
|switch|p2a: Excadrill|Excadrill, L50, F|1/100
|turn|5
|
|t:|1785173244
|switch|p1a: Kingambit|Kingambit, L50, M|100/100
|move|p2a: Excadrill|Protect|p2a: Excadrill
|-singleturn|p2a: Excadrill|Protect
|move|p1b: Sneasler|Coaching|p1a: Kingambit
|-boost|p1a: Kingambit|atk|1
|-boost|p1a: Kingambit|def|1
|move|p2b: Staraptor|Brave Bird|p1a: Kingambit
|-resisted|p1a: Kingambit|1
|-damage|p1a: Kingambit|85/100
|-damage|p2b: Staraptor|22/100|[from] Recoil
|
|-weather|none
|-damage|p1b: Sneasler|49/100 brn|[from] brn
|upkeep
|turn|6
|-message|Gayangos forfeited.
|
|win|jusemato
||jusemato is ready for game 2.
||Gayangos is ready for game 2.
|uhtml|next|Next: Game 2 of 3
|l|☆jusemato
|player|p1|
