|j|☆abadanriyi92
|j|☆SiniVGC
|html|abadanriyi92SiniVGC    
|uhtml|bestof|Game 1 of a best-of-3
|t:|1785947666
|gametype|doubles
|player|p1|abadanriyi92|colress|1257
|player|p2|SiniVGC|riley|1289
|gen|9
|tier|[Gen 9 Champions] VGC 2026 Reg M-B (Bo3)
|rated|
|rule|Species Clause: Limit one of each Pokémon
|rule|Item Clause: Limit 1 of each item
|clearpoke
|poke|p1|Tyranitar, L50, F|
|poke|p1|Excadrill, L50, M|
|poke|p1|Milotic, L50, F|
|poke|p1|Sinistcha, L50|
|poke|p1|Staraptor, L50, F|
|poke|p1|Gholdengo, L50|
|poke|p2|Staraptor, L50, F|
|poke|p2|Tyranitar, L50, M|
|poke|p2|Excadrill, L50, F|
|poke|p2|Milotic, L50, M|
|poke|p2|Gholdengo, L50|
|poke|p2|Sinistcha, L50|
|teampreview|4
|showteam|p1|Tyranitar||Tyranitarite|SandStream|KnockOff,RockSlide,HighHorsepower,Protect|Jolly||F|||50|]Excadrill||FocusSash|SandRush|Earthquake,IronHead,RockSlide,Protect|Adamant||M|||50|]Milotic||SitrusBerry|Competitive|Scald,IcyWind,Haze,Protect|Calm||F|||50|]Sinistcha||ColburBerry|Hospitality|MatchaGotcha,ShadowBall,Protect,RagePowder|Bold|||||50|]Staraptor||Staraptite|Intimidate|CloseCombat,BraveBird,Tailwind,Protect|Jolly||F|||50|]Gholdengo||LifeOrb|GoodasGold|MakeItRain,ShadowBall,NastyPlot,Protect|Modest|||||50|
|showteam|p2|Staraptor||Staraptite|Intimidate|BraveBird,CloseCombat,Tailwind,Protect|Jolly||F|||50|]Tyranitar||Tyranitarite|SandStream|RockSlide,KnockOff,LowKick,Protect|Jolly||M|||50|]Excadrill||FocusSash|SandRush|HighHorsepower,IronHead,RockSlide,Protect|Adamant||F|||50|]Milotic||SitrusBerry|Competitive|Scald,IceBeam,IcyWind,Protect|Serious||M|||50|]Gholdengo||LifeOrb|GoodasGold|MakeItRain,ShadowBall,NastyPlot,Protect|Modest|||||50|]Sinistcha||ColburBerry|Hospitality|MatchaGotcha,RagePowder,TrickRoom,Protect|Calm|||||50|
|inactive|Battle timer is ON: inactive players will automatically lose when time's up. (requested by SiniVGC)
|inactive|abadanriyi92 has 60 seconds left.
|inactive|SiniVGC has 60 seconds left.
|
|t:|1785947722
|teamsize|p1|4
|teamsize|p2|4
|start
|switch|p1a: Gholdengo|Gholdengo, L50|100/100
|switch|p1b: Milotic|Milotic, L50, F|100/100
|switch|p2a: Milotic|Milotic, L50, M|100/100
|switch|p2b: Staraptor|Staraptor, L50, F|100/100
|-ability|p2b: Staraptor|Intimidate|boost
|-unboost|p1a: Gholdengo|atk|1
|-unboost|p1b: Milotic|atk|1
|-ability|p1b: Milotic|Competitive|boost
|-boost|p1b: Milotic|spa|2
|turn|1
|inactive|abadanriyi92 has 30 seconds left.
|inactive|SiniVGC has 30 seconds left.
|inactive|SiniVGC has 20 seconds left.
|inactive|SiniVGC has 15 seconds left.
|inactive|SiniVGC has 10 seconds left.
|
|t:|1785947770
|detailschange|p2b: Staraptor|Staraptor-Mega, L50, F
|-mega|p2b: Staraptor|Staraptor|Staraptite
|move|p2b: Staraptor|Close Combat|p1b: Milotic
|-damage|p1b: Milotic|46/100
|-boost|p2b: Staraptor|def|1
|-boost|p2b: Staraptor|spd|1
|-enditem|p1b: Milotic|Sitrus Berry|[eat]
|-heal|p1b: Milotic|71/100|[from] item: Sitrus Berry
|move|p1b: Milotic|Scald|p2b: Staraptor
|-damage|p2b: Staraptor|58/100
|-status|p2b: Staraptor|brn
|move|p1a: Gholdengo|Nasty Plot|p1a: Gholdengo
|-boost|p1a: Gholdengo|spa|2
|move|p2a: Milotic|Scald|p1a: Gholdengo
|-damage|p1a: Gholdengo|74/100
|-status|p1a: Gholdengo|brn
|
|-damage|p2b: Staraptor|51/100 brn|[from] brn
|-damage|p1a: Gholdengo|68/100 brn|[from] brn
|upkeep
|turn|2
|inactive|abadanriyi92 has 30 seconds left.
|
|t:|1785947800
|switch|p1b: Sinistcha|Sinistcha, L50|100/100
|-heal|p1a: Gholdengo|93/100 brn|[from] ability: Hospitality|[of] p1b: Sinistcha
|move|p2b: Staraptor|Tailwind|p2b: Staraptor
|-sidestart|p2: SiniVGC|move: Tailwind
|move|p2a: Milotic|Scald|p1a: Gholdengo
|-damage|p1a: Gholdengo|66/100 brn
|move|p1a: Gholdengo|Nasty Plot|p1a: Gholdengo
|-boost|p1a: Gholdengo|spa|2
|
|-damage|p2b: Staraptor|45/100 brn|[from] brn
|-damage|p1a: Gholdengo|60/100 brn|[from] brn
|upkeep
|turn|3
|inactive|abadanriyi92 has 30 seconds left.
|inactive|abadanriyi92 has 20 seconds left.
|
|t:|1785947840
|switch|p1b: Milotic|Milotic, L50, F|71/100
|move|p1a: Gholdengo|Protect|p1a: Gholdengo
|-singleturn|p1a: Gholdengo|Protect
|move|p2b: Staraptor|Brave Bird|p1b: Milotic
|-damage|p1b: Milotic|43/100
|-damage|p2b: Staraptor|36/100 brn|[from] Recoil
|move|p2a: Milotic|Ice Beam|p1b: Milotic
|-resisted|p1b: Milotic|1
|-damage|p1b: Milotic|36/100
|
|-damage|p2b: Staraptor|30/100 brn|[from] brn
|-damage|p1a: Gholdengo|54/100 brn|[from] brn
|upkeep
|turn|4
|inactive|SiniVGC has 30 seconds left.
|inactive|SiniVGC has 20 seconds left.
|
|t:|1785947876
|switch|p1b: Sinistcha|Sinistcha, L50|100/100
|-heal|p1a: Gholdengo|79/100 brn|[from] ability: Hospitality|[of] p1b: Sinistcha
|move|p2b: Staraptor|Brave Bird|p1b: Sinistcha
|-supereffective|p1b: Sinistcha|1
|-damage|p1b: Sinistcha|48/100
|-damage|p2b: Staraptor|13/100 brn|[from] Recoil
|move|p2a: Milotic|Icy Wind|p1b: Sinistcha|[spread] p1a,p1b
|-resisted|p1a: Gholdengo|1
|-supereffective|p1b: Sinistcha|1
|-damage|p1a: Gholdengo|75/100 brn
|-damage|p1b: Sinistcha|28/100
|-unboost|p1a: Gholdengo|spe|1
|-unboost|p1b: Sinistcha|spe|1
|move|p1a: Gholdengo|Shadow Ball|p2a: Milotic
|-damage|p2a: Milotic|0 fnt
|faint|p2a: Milotic
|-damage|p1a: Gholdengo|65/100 brn|[from] item: Life Orb
|
|-damage|p2b: Staraptor|7/100 brn|[from] brn
|-damage|p1a: Gholdengo|59/100 brn|[from] brn
|upkeep
|inactive|SiniVGC has 30 seconds left.
|
|t:|1785947908
|switch|p2a: Tyranitar|Tyranitar, L50, M|100/100
|-weather|Sandstorm|[from] ability: Sand Stream|[of] p2a: Tyranitar
|turn|5
|
|t:|1785947929
|move|p1a: Gholdengo|Protect|p1a: Gholdengo
|-singleturn|p1a: Gholdengo|Protect
|move|p1b: Sinistcha|Protect|p1b: Sinistcha
|-singleturn|p1b: Sinistcha|Protect
|move|p2b: Staraptor|Brave Bird|p1b: Sinistcha
|-activate|p1b: Sinistcha|move: Protect
|move|p2a: Tyranitar|Knock Off|p1a: Gholdengo
|-activate|p1a: Gholdengo|move: Protect
|
|-weather|Sandstorm|[upkeep]
|-damage|p2b: Staraptor|1/100 brn|[from] Sandstorm
|-damage|p1b: Sinistcha|22/100|[from] Sandstorm
|-damage|p2b: Staraptor|0 fnt|[from] brn
|faint|p2b: Staraptor
|-damage|p1a: Gholdengo|53/100 brn|[from] brn
|-sideend|p2: SiniVGC|move: Tailwind
|upkeep
|
|t:|1785947941
|switch|p2b: Excadrill|Excadrill, L50, F|100/100
|turn|6
|
|t:|1785947950
|move|p1b: Sinistcha|Rage Powder|p1b: Sinistcha
|-singleturn|p1b: Sinistcha|move: Rage Powder
|move|p2b: Excadrill|Iron Head|p1b: Sinistcha
|-damage|p1b: Sinistcha|0 fnt
|faint|p1b: Sinistcha
|move|p2a: Tyranitar|Knock Off|p1a: Gholdengo
|-supereffective|p1a: Gholdengo|1
|-damage|p1a: Gholdengo|0 fnt
|-enditem|p1a: Gholdengo|Life Orb|[from] move: Knock Off|[of] p2a: Tyranitar
|faint|p1a: Gholdengo
|
|-weather|Sandstorm|[upkeep]
|upkeep
|
|t:|1785947961
|switch|p1a: Milotic|Milotic, L50, F|36/100
|switch|p1b: Staraptor|Staraptor, L50, F|100/100
|-ability|p1b: Staraptor|Intimidate|boost
|-unboost|p2a: Tyranitar|atk|1
|-unboost|p2b: Excadrill|atk|1
|turn|7
|
|t:|1785947976
|detailschange|p1b: Staraptor|Staraptor-Mega, L50, F
|-mega|p1b: Staraptor|Staraptor|Staraptite
|move|p1b: Staraptor|Protect|p1b: Staraptor
|-singleturn|p1b: Staraptor|Protect
|move|p2b: Excadrill|Rock Slide|p1a: Milotic|[spread] p1a
|-activate|p1b: Staraptor|move: Protect
|-damage|p1a: Milotic|22/100
|move|p2a: Tyranitar|Rock Slide|p1b: Staraptor|[spread] 
|-activate|p1b: Staraptor|move: Protect
|-miss|p2a: Tyranitar|p1a: Milotic
|move|p1a: Milotic|Icy Wind|p2a: Tyranitar|[spread] p2a,p2b
|-damage|p2a: Tyranitar|93/100
|-damage|p2b: Excadrill|86/100
|-unboost|p2a: Tyranitar|spe|1
|-unboost|p2b: Excadrill|spe|1
|
|-weather|Sandstorm|[upkeep]
|-damage|p1b: Staraptor|94/100|[from] Sandstorm
|-damage|p1a: Milotic|16/100|[from] Sandstorm
|upkeep
|turn|8
|
|t:|1785947999
|move|p2b: Excadrill|Rock Slide|p1b: Staraptor|[spread] p1a,p1b
|-damage|p1a: Milotic|3/100
|-damage|p1b: Staraptor|80/100
|move|p1b: Staraptor|Close Combat|p2a: Tyranitar
|-supereffective|p2a: Tyranitar|2
|-damage|p2a: Tyranitar|0 fnt
|-boost|p1b: Staraptor|def|1
|-boost|p1b: Staraptor|spd|1
|faint|p2a: Tyranitar
|move|p1a: Milotic|Scald|p2b: Excadrill
|-supereffective|p2b: Excadrill|1
|-crit|p2b: Excadrill
|-damage|p2b: Excadrill|0 fnt
|faint|p2b: Excadrill
|
|win|abadanriyi92
||SiniVGC is ready for game 2.
