|j|☆fetru
|j|☆ShoukoKun
|html|fetruShoukoKun    
|uhtml|bestof|Game 1 of a best-of-3
|t:|1782617697
|gametype|doubles
|player|p1|fetru|266|1058
|player|p2|ShoukoKun|veteranf|1183
|gen|9
|tier|[Gen 9 Champions] VGC 2026 Reg M-B (Bo3)
|rated|
|rule|Species Clause: Limit one of each Pokémon
|rule|Item Clause: Limit 1 of each item
|clearpoke
|poke|p1|Hydreigon, L50, F|
|poke|p1|Garchomp, L50, F|
|poke|p1|Metagross, L50|
|poke|p1|Charizard, L50, M|
|poke|p1|Grimmsnarl, L50, M|
|poke|p1|Toxapex, L50, M|
|poke|p2|Floette-Eternal, L50, F|
|poke|p2|Venusaur, L50, M|
|poke|p2|Kingambit, L50, M|
|poke|p2|Sinistcha, L50|
|poke|p2|Incineroar, L50, F|
|poke|p2|Basculegion, L50, M|
|teampreview|4
|showteam|p1|Hydreigon||ChoiceScarf|Levitate|HeatWave,DarkPulse,DracoMeteor,Snarl|Modest||F|||50|]Garchomp||SitrusBerry|RoughSkin|Earthquake,RockSlide,DragonClaw,Protect|Adamant||F|||50|]Metagross||Metagrossite|ClearBody|IronHead,HammerArm,BulletPunch,Protect|Adamant|||||50|]Charizard||CharizarditeY|Blaze|Protect,HeatWave,SolarBeam,WeatherBall|Timid||M|||50|]Grimmsnarl||RoseliBerry|Prankster|FakeOut,FoulPlay,Reflect,PartingShot|Sassy||M|||50|]Toxapex||Leftovers|Regenerator|Infestation,Toxic,BanefulBunker,WideGuard|Bold||M|||50|
|showteam|p2|Floette-Eternal||Floettite|FlowerVeil|Moonblast,DazzlingGleam,CalmMind,Protect|Modest||F|||50|]Venusaur||Venusaurite|Chlorophyll|GigaDrain,SludgeBomb,EarthPower,Protect|Modest||M|||50|]Kingambit||BlackGlasses|Defiant|KowtowCleave,SuckerPunch,SwordsDance,Protect|Adamant||M|||50|]Sinistcha||Leftovers|Hospitality|MatchaGotcha,RagePowder,TrickRoom,Protect|Bold|||||50|]Incineroar||PasshoBerry|Intimidate|FakeOut,FlareBlitz,ThroatChop,PartingShot|Careful||F|||50|]Basculegion||ChoiceScarf|Adaptability|AquaJet,WaveCrash,FlipTurn,LastRespects|Jolly||M|||50|
|inactive|Battle timer is ON: inactive players will automatically lose when time's up. (requested by ShoukoKun)
|
|t:|1782617763
|teamsize|p1|4
|teamsize|p2|4
|start
|switch|p1a: Metagross|Metagross, L50|100/100
|switch|p1b: Hydreigon|Hydreigon, L50, F|100/100
|switch|p2a: Floette|Floette-Eternal, L50, F|100/100
|switch|p2b: Basculegion|Basculegion, L50, M|100/100
|turn|1
|inactive|fetru has 30 seconds left.
|inactive|ShoukoKun has 30 seconds left.
|inactive|fetru has 20 seconds left.
|
|t:|1782617801
|switch|p2a: Incineroar|Incineroar, L50, F|100/100
|-ability|p2a: Incineroar|Intimidate|boost
|-fail|p1a: Metagross|unboost|[from] ability: Clear Body|[of] p1a: Metagross
|-unboost|p1b: Hydreigon|atk|1
|detailschange|p1a: Metagross|Metagross-Mega, L50
|-mega|p1a: Metagross|Metagross|Metagrossite
|move|p1b: Hydreigon|Dark Pulse|p2b: Basculegion
|-supereffective|p2b: Basculegion|1
|-damage|p2b: Basculegion|2/100
|move|p2b: Basculegion|Flip Turn|p1a: Metagross
|-damage|p1a: Metagross|75/100
|
|t:|1782617813
|switch|p2b: Floette|Floette-Eternal, L50, F|100/100|[from] Flip Turn
|move|p1a: Metagross|Iron Head|p2a: Incineroar
|-resisted|p2a: Incineroar|1
|-crit|p2a: Incineroar
|-damage|p2a: Incineroar|58/100
|
|upkeep
|turn|2
|inactive|fetru has 30 seconds left.
|
|t:|1782617843
|detailschange|p2b: Floette|Floette-Mega, L50, F
|-mega|p2b: Floette|Floette|Floettite
|-ability|p2b: Floette|Fairy Aura
|move|p1a: Metagross|Protect|p1a: Metagross
|-singleturn|p1a: Metagross|Protect
|move|p2a: Incineroar|Fake Out|p1a: Metagross
|-activate|p1a: Metagross|move: Protect
|move|p1b: Hydreigon|Dark Pulse|p2b: Floette
|-resisted|p2b: Floette|1
|-damage|p2b: Floette|82/100
|cant|p2b: Floette|flinch
|
|upkeep
|turn|3
|
|t:|1782617863
|move|p2b: Floette|Protect|p2b: Floette
|-singleturn|p2b: Floette|Protect
|move|p1b: Hydreigon|Dark Pulse|p2a: Incineroar
|-resisted|p2a: Incineroar|1
|-damage|p2a: Incineroar|42/100
|move|p1a: Metagross|Iron Head|p2b: Floette
|-activate|p2b: Floette|move: Protect
|move|p2a: Incineroar|Parting Shot|p1a: Metagross
|-unboost|p1a: Metagross|atk|1
|-unboost|p1a: Metagross|spa|1
|
|t:|1782617872
|switch|p2a: Sinistcha|Sinistcha, L50|100/100|[from] Parting Shot
|-heal|p2b: Floette|100/100|[from] ability: Hospitality|[of] p2a: Sinistcha
|
|upkeep
|turn|4
|
|t:|1782617890
|move|p1a: Metagross|Protect|p1a: Metagross
|-singleturn|p1a: Metagross|Protect
|move|p2a: Sinistcha|Rage Powder|p2a: Sinistcha
|-singleturn|p2a: Sinistcha|move: Rage Powder
|move|p1b: Hydreigon|Dark Pulse|p2a: Sinistcha
|-supereffective|p2a: Sinistcha|1
|-damage|p2a: Sinistcha|10/100
|move|p2b: Floette|Dazzling Gleam|p1a: Metagross|[spread] p1b
|-activate|p1a: Metagross|move: Protect
|-supereffective|p1b: Hydreigon|2
|-damage|p1b: Hydreigon|0 fnt
|faint|p1b: Hydreigon
|
|-heal|p2a: Sinistcha|16/100|[from] item: Leftovers
|upkeep
|
|t:|1782617905
|switch|p1b: Grimmsnarl|Grimmsnarl, L50, M|100/100
|turn|5
|inactive|fetru has 30 seconds left.
|inactive|fetru has 20 seconds left.
|inactive|fetru has 15 seconds left.
|inactive|fetru has 10 seconds left.
|
|t:|1782617950
|switch|p2a: Incineroar|Incineroar, L50, F|42/100
|-ability|p2a: Incineroar|Intimidate|boost
|-unboost|p1a: Metagross|atk|1
|-unboost|p1b: Grimmsnarl|atk|1
|move|p2b: Floette|Protect|p2b: Floette
|-singleturn|p2b: Floette|Protect
|move|p1b: Grimmsnarl|Parting Shot|p2b: Floette
|-activate|p2b: Floette|move: Protect
|move|p1a: Metagross|Iron Head|p2b: Floette
|-activate|p2b: Floette|move: Protect
|
|upkeep
|turn|6
|
|t:|1782617969
|switch|p1a: Garchomp|Garchomp, L50, F|100/100
|move|p2a: Incineroar|Fake Out|p1a: Garchomp
|-crit|p1a: Garchomp
|-damage|p1a: Garchomp|85/100
|-damage|p2a: Incineroar|30/100|[from] ability: Rough Skin|[of] p1a: Garchomp
|move|p1b: Grimmsnarl|Parting Shot|p2b: Floette
|-unboost|p2b: Floette|atk|1
|-unboost|p2b: Floette|spa|1
|
|t:|1782617978
|switch|p1b: Metagross|Metagross-Mega, L50|75/100|[from] Parting Shot
|move|p2b: Floette|Calm Mind|p2b: Floette
|-boost|p2b: Floette|spa|1
|-boost|p2b: Floette|spd|1
|
|upkeep
|turn|7
|inactive|fetru has 30 seconds left.
|
|t:|1782618008
|switch|p1b: Grimmsnarl|Grimmsnarl, L50, M|100/100
|move|p2b: Floette|Protect|p2b: Floette
|-singleturn|p2b: Floette|Protect
|move|p1a: Garchomp|Rock Slide|p2b: Floette|[spread] p2a
|-activate|p2b: Floette|move: Protect
|-supereffective|p2a: Incineroar|1
|-damage|p2a: Incineroar|0 fnt
|faint|p2a: Incineroar
|
|upkeep
|
|t:|1782618018
|switch|p2a: Sinistcha|Sinistcha, L50|16/100
|turn|8
|
|t:|1782618031
|move|p1b: Grimmsnarl|Fake Out|p2b: Floette
|-damage|p2b: Floette|88/100
|move|p2a: Sinistcha|Rage Powder|p2a: Sinistcha
|-singleturn|p2a: Sinistcha|move: Rage Powder
|move|p1a: Garchomp|Rock Slide|p2b: Floette|[spread] p2b
|-miss|p1a: Garchomp|p2a: Sinistcha
|-damage|p2b: Floette|70/100
|cant|p2b: Floette|flinch
|
|-heal|p2a: Sinistcha|23/100|[from] item: Leftovers
|upkeep
|turn|9
|
|t:|1782618048
|move|p2a: Sinistcha|Rage Powder|p2a: Sinistcha
|-singleturn|p2a: Sinistcha|move: Rage Powder
|move|p1b: Grimmsnarl|Parting Shot|p2a: Sinistcha
|-unboost|p2a: Sinistcha|atk|1
|-unboost|p2a: Sinistcha|spa|1
|
|t:|1782618053
|switch|p1b: Metagross|Metagross-Mega, L50|75/100|[from] Parting Shot
|move|p1a: Garchomp|Rock Slide|p2b: Floette|[spread] p2b
|-miss|p1a: Garchomp|p2a: Sinistcha
|-damage|p2b: Floette|52/100
|move|p2b: Floette|Dazzling Gleam|p1a: Garchomp|[spread] p1a,p1b
|-supereffective|p1a: Garchomp|1
|-resisted|p1b: Metagross|1
|-damage|p1a: Garchomp|3/100
|-damage|p1b: Metagross|55/100
|-enditem|p1a: Garchomp|Sitrus Berry|[eat]
|-heal|p1a: Garchomp|28/100|[from] item: Sitrus Berry
|
|-heal|p2a: Sinistcha|29/100|[from] item: Leftovers
|upkeep
|turn|10
|
|t:|1782618076
|move|p1a: Garchomp|Protect|p1a: Garchomp
|-singleturn|p1a: Garchomp|Protect
|move|p2a: Sinistcha|Rage Powder|p2a: Sinistcha
|-singleturn|p2a: Sinistcha|move: Rage Powder
|move|p1b: Metagross|Bullet Punch|p2a: Sinistcha
|-damage|p2a: Sinistcha|2/100
|move|p2b: Floette|Dazzling Gleam|p1a: Garchomp|[spread] p1b
|-activate|p1a: Garchomp|move: Protect
|-resisted|p1b: Metagross|1
|-damage|p1b: Metagross|34/100
|
|-heal|p2a: Sinistcha|8/100|[from] item: Leftovers
|upkeep
|turn|11
|inactive|ShoukoKun has 30 seconds left.
|inactive|ShoukoKun has 20 seconds left.
|
|t:|1782618115
|switch|p1b: Grimmsnarl|Grimmsnarl, L50, M|100/100
|move|p2a: Sinistcha|Rage Powder|p2a: Sinistcha
|-singleturn|p2a: Sinistcha|move: Rage Powder
|move|p1a: Garchomp|Earthquake|p2a: Sinistcha|[spread] p1b,p2a,p2b
|-resisted|p2a: Sinistcha|1
|-damage|p1b: Grimmsnarl|65/100
|-damage|p2a: Sinistcha|0 fnt
|-damage|p2b: Floette|12/100
|faint|p2a: Sinistcha
|move|p2b: Floette|Dazzling Gleam|p1b: Grimmsnarl|[spread] p1a,p1b
|-supereffective|p1a: Garchomp|1
|-supereffective|p1b: Grimmsnarl|1
|-enditem|p1b: Grimmsnarl|Roseli Berry|[eat]
|-enditem|p1b: Grimmsnarl|Roseli Berry|[weaken]
|-damage|p1a: Garchomp|0 fnt
|-damage|p1b: Grimmsnarl|19/100
|faint|p1a: Garchomp
|
|upkeep
|
|t:|1782618129
|switch|p1a: Metagross|Metagross-Mega, L50|34/100
|switch|p2a: Basculegion|Basculegion, L50, M|2/100
|turn|12
|
|t:|1782618144
|move|p1b: Grimmsnarl|Fake Out|p2b: Floette
|-damage|p2b: Floette|1/100
|move|p2a: Basculegion|Aqua Jet|p1a: Metagross
|-damage|p1a: Metagross|16/100
|move|p1a: Metagross|Bullet Punch|p2a: Basculegion
|-resisted|p2a: Basculegion|1
|-damage|p2a: Basculegion|0 fnt
|faint|p2a: Basculegion
|cant|p2b: Floette|flinch
|
|upkeep
|turn|13
|-message|ShoukoKun forfeited.
|
|win|fetru
||ShoukoKun is ready for game 2.
