|j|☆MrMrvz
|j|☆zoarialo
|html|MrMrvzzoarialo    
|uhtml|bestof|Game 1 of a best-of-3
|t:|1784822515
|gametype|doubles
|player|p1|MrMrvz|ethan|1077
|player|p2|zoarialo|101|1028
|gen|9
|tier|[Gen 9 Champions] VGC 2026 Reg M-B (Bo3)
|rated|
|rule|Species Clause: Limit one of each Pokémon
|rule|Item Clause: Limit 1 of each item
|clearpoke
|poke|p1|Feraligatr, L50, M, shiny|
|poke|p1|Sceptile, L50, M|
|poke|p1|Staraptor, L50, M|
|poke|p1|Vileplume, L50, M|
|poke|p1|Gholdengo, L50|
|poke|p1|Houndoom, L50, M|
|poke|p2|Blastoise, L50, M, shiny|
|poke|p2|Delphox, L50, F, shiny|
|poke|p2|Incineroar, L50, F, shiny|
|poke|p2|Sneasler, L50, F|
|poke|p2|Sinistcha, L50|
|poke|p2|Maushold-Four, L50, shiny|
|teampreview|4
|showteam|p1|Feraligatr||LifeOrb|SheerForce|Liquidation,RockSlide,IcePunch,AquaJet|Adamant||M|||50|]Sceptile||WhiteHerb|Unburden|LeafStorm,RockTomb,Detect,EarthPower|Timid||M|||50|]Staraptor||Staraptite|Intimidate|BraveBird,CloseCombat,Protect,Roost|Jolly||M|||50|]Vileplume||BigRoot|EffectSpore|SludgeBomb,GigaDrain,StrengthSap,LeechSeed|Relaxed||M|||50|]Gholdengo||SitrusBerry|GoodasGold|MakeItRain,NastyPlot,ShadowBall,Protect|Modest|||||50|]Houndoom||FocusSash|FlashFire|SuckerPunch,Snarl,HeatWave,Protect|Hasty||M|||50|
|showteam|p2|Blastoise||Blastoisinite|Torrent|WaterSpout,DarkPulse,ShellSmash,Protect|Modest||M|||50|]Delphox||Delphoxite|Blaze|HeatWave,Psychic,NastyPlot,Protect|Timid||F|||50|]Incineroar||SitrusBerry|Intimidate|FakeOut,FlareBlitz,ThroatChop,PartingShot|Impish||F|||50|]Sneasler||FocusSash|PoisonTouch|FakeOut,DireClaw,CloseCombat,QuickGuard|Jolly||F|||50|]Sinistcha||KasibBerry|Hospitality|MatchaGotcha,LifeDew,RagePowder,Protect|Calm|||||50|]Maushold-Four||ChopleBerry|FriendGuard|SuperFang,Feint,FollowMe,Protect|Impish|||||50|
|inactive|Battle timer is ON: inactive players will automatically lose when time's up. (requested by zoarialo)
|inactive|MrMrvz has 60 seconds left.
|inactive|MrMrvz has 30 seconds left.
|inactive|MrMrvz has 20 seconds left.
|inactive|MrMrvz has 15 seconds left.
|inactive|MrMrvz has 10 seconds left.
|
|t:|1784822632
|teamsize|p1|4
|teamsize|p2|4
|start
|switch|p1a: Houndoom|Houndoom, L50, M|100/100
|switch|p1b: Sceptile|Sceptile, L50, M|100/100
|switch|p2a: Delphox|Delphox, L50, F, shiny|100/100
|switch|p2b: Sneasler|Sneasler, L50, F|100/100
|turn|1
|inactive|MrMrvz has 30 seconds left.
|
|t:|1784822657
|move|p1b: Sceptile|Detect|p1b: Sceptile
|-singleturn|p1b: Sceptile|Protect
|move|p2a: Delphox|Protect|p2a: Delphox
|-singleturn|p2a: Delphox|Protect
|move|p2b: Sneasler|Dire Claw|p1b: Sceptile
|-activate|p1b: Sceptile|move: Protect
|move|p1a: Houndoom|Snarl|p2a: Delphox|[spread] p2b
|-activate|p2a: Delphox|move: Protect
|-resisted|p2b: Sneasler|1
|-damage|p2b: Sneasler|86/100
|-unboost|p2b: Sneasler|spa|1
|
|upkeep
|turn|2
|
|t:|1784822678
|detailschange|p2a: Delphox|Delphox-Mega, L50, F, shiny
|-mega|p2a: Delphox|Delphox|Delphoxite
|move|p1a: Houndoom|Sucker Punch|p2a: Delphox
|-supereffective|p2a: Delphox|1
|-damage|p2a: Delphox|47/100
|move|p2a: Delphox|Heat Wave|p1a: Houndoom|[spread] p1b
|-start|p1a: Houndoom|ability: Flash Fire
|-supereffective|p1b: Sceptile|1
|-damage|p1b: Sceptile|0 fnt
|faint|p1b: Sceptile
|move|p2b: Sneasler|Close Combat|p1a: Houndoom
|-supereffective|p1a: Houndoom|1
|-enditem|p1a: Houndoom|Focus Sash
|-damage|p1a: Houndoom|1/100
|-unboost|p2b: Sneasler|def|1
|-unboost|p2b: Sneasler|spd|1
|
|upkeep
|
|t:|1784822697
|switch|p1b: Feraligatr|Feraligatr, L50, M, shiny|100/100
|turn|3
|
|t:|1784822710
|move|p2a: Delphox|Protect|p2a: Delphox
|-singleturn|p2a: Delphox|Protect
|move|p1a: Houndoom|Sucker Punch|p2b: Sneasler
|-resisted|p2b: Sneasler|1
|-damage|p2b: Sneasler|59/100
|move|p2b: Sneasler|Dire Claw|p1b: Feraligatr
|-damage|p1b: Feraligatr|59/100
|-status|p1b: Feraligatr|psn
|move|p1b: Feraligatr|Rock Slide|p2a: Delphox|[spread] p2b
|-activate|p2a: Delphox|move: Protect
|-resisted|p2b: Sneasler|1
|-damage|p2b: Sneasler|23/100
|
|-damage|p1b: Feraligatr|47/100 psn|[from] psn
|upkeep
|turn|4
|inactive|zoarialo has 30 seconds left.
|
|t:|1784822745
|move|p2b: Sneasler|Quick Guard|p2b: Sneasler
|-singleturn|p2b: Sneasler|Quick Guard
|move|p1a: Houndoom|Sucker Punch||[still]
|-fail|p1a: Houndoom
|move|p1b: Feraligatr|Aqua Jet|p2b: Sneasler
|-activate|p2b: Sneasler|move: Quick Guard
|move|p2a: Delphox|Nasty Plot|p2a: Delphox
|-boost|p2a: Delphox|spa|2
|
|-damage|p1b: Feraligatr|35/100 psn|[from] psn
|upkeep
|turn|5
|inactive|MrMrvz has 30 seconds left.
|
|t:|1784822772
|switch|p2b: Incineroar|Incineroar, L50, F, shiny|100/100
|-ability|p2b: Incineroar|Intimidate|boost
|-unboost|p1a: Houndoom|atk|1
|-unboost|p1b: Feraligatr|atk|1
|switch|p1b: Staraptor|Staraptor, L50, M|100/100
|-ability|p1b: Staraptor|Intimidate|boost
|-unboost|p2a: Delphox|atk|1
|-unboost|p2b: Incineroar|atk|1
|move|p2a: Delphox|Protect|p2a: Delphox
|-singleturn|p2a: Delphox|Protect
|move|p1a: Houndoom|Protect||[still]
|-fail|p1a: Houndoom
|
|upkeep
|turn|6
|
|t:|1784822790
|detailschange|p1b: Staraptor|Staraptor-Mega, L50, M
|-mega|p1b: Staraptor|Staraptor|Staraptite
|move|p2b: Incineroar|Fake Out|p1a: Houndoom
|-damage|p1a: Houndoom|0 fnt
|faint|p1a: Houndoom
|move|p2a: Delphox|Psychic|p1b: Staraptor
|-supereffective|p1b: Staraptor|1
|-damage|p1b: Staraptor|0 fnt
|faint|p1b: Staraptor
|
|upkeep
|
|t:|1784822805
|switch|p1b: Feraligatr|Feraligatr, L50, M, shiny|35/100 psn
|turn|7
|
|t:|1784822829
|switch|p2b: Maushold|Maushold-Four, L50, shiny|100/100
|move|p2a: Delphox|Psychic|p1b: Feraligatr
|-damage|p1b: Feraligatr|0 fnt
|faint|p1b: Feraligatr
|
|win|zoarialo
||MrMrvz is ready for game 2.
|inactive|zoarialo has 30 seconds to confirm battle start!
||zoarialo is ready for game 2.
|uhtml|next|Next: Game 2 of 3
