|j|☆hometwn
|j|☆ghjk09
|html|hometwnghjk09    
|uhtml|bestof|Game 1 of a best-of-3
|t:|1784383647
|gametype|doubles
|player|p1|hometwn|alder|1062
|player|p2|ghjk09|hilbert|1076
|gen|9
|tier|[Gen 9 Champions] VGC 2026 Reg M-B (Bo3)
|rated|
|rule|Species Clause: Limit one of each Pokémon
|rule|Item Clause: Limit 1 of each item
|clearpoke
|poke|p1|Blaziken, L50, M|
|poke|p1|Gholdengo, L50|
|poke|p1|Talonflame, L50, M|
|poke|p1|Basculegion, L50, M|
|poke|p1|Garchomp, L50, F|
|poke|p1|Meganium, L50, F|
|poke|p2|Grimmsnarl, L50, M|
|poke|p2|Floette-Eternal, L50, F|
|poke|p2|Staraptor, L50, M|
|poke|p2|Incineroar, L50, M|
|poke|p2|Sinistcha-Masterpiece, L50|
|poke|p2|Garchomp, L50, M|
|teampreview|4
|showteam|p1|Blaziken||Blazikenite|SpeedBoost|FlareBlitz,CloseCombat,RockSlide,Protect|Adamant||M|||50|]Gholdengo||ChoiceScarf|GoodasGold|MakeItRain,FocusBlast,ShadowBall,PowerGem|Modest|||||50|]Talonflame||SharpBeak|GaleWings|DualWingbeat,FlareBlitz,Tailwind,QuickGuard|Jolly||M|||50|]Basculegion||FocusSash|Adaptability|Liquidation,AquaJet,LastRespects,Protect|Adamant||M|||50|]Garchomp||SitrusBerry|RoughSkin|Protect,Earthquake,DragonClaw,RockSlide|Jolly||F|||50|]Meganium||Meganiumite|Overgrow|SolarBeam,DazzlingGleam,WeatherBall,Protect|Modest||F|||50|
|showteam|p2|Grimmsnarl||LightClay|Prankster|Reflect,PartingShot,LightScreen,SpiritBreak|Impish||M|||50|]Floette-Eternal||Floettite|FlowerVeil|CalmMind,Protect,DrainingKiss,DazzlingGleam|Modest||F|||50|]Staraptor||Staraptite|Intimidate|DualWingbeat,CloseCombat,Protect,Roost|Jolly||M|||50|]Incineroar||PasshoBerry|Intimidate|PartingShot,FakeOut,FlareBlitz,ThroatChop|Careful||M|||50|]Sinistcha-Masterpiece||SitrusBerry|Hospitality|MatchaGotcha,RagePowder,LifeDew,Protect|Relaxed|||||50|]Garchomp||LifeOrb|RoughSkin|Earthquake,DragonClaw,StompingTantrum,Protect|Jolly||M|||50|
|inactive|Battle timer is ON: inactive players will automatically lose when time's up. (requested by hometwn)
|
|t:|1784383726
|teamsize|p1|4
|teamsize|p2|4
|start
|switch|p1a: Gholdengo|Gholdengo, L50|100/100
|switch|p1b: Talonflame|Talonflame, L50, M|100/100
|switch|p2a: Staraptor|Staraptor, L50, M|100/100
|switch|p2b: Incineroar|Incineroar, L50, M|100/100
|-ability|p2a: Staraptor|Intimidate|boost
|-unboost|p1a: Gholdengo|atk|1
|-unboost|p1b: Talonflame|atk|1
|-ability|p2b: Incineroar|Intimidate|boost
|-unboost|p1a: Gholdengo|atk|1
|-unboost|p1b: Talonflame|atk|1
|turn|1
|inactive|hometwn has 30 seconds left.
|inactive|ghjk09 has 30 seconds left.
|
|t:|1784383759
|detailschange|p2a: Staraptor|Staraptor-Mega, L50, M
|-mega|p2a: Staraptor|Staraptor|Staraptite
|move|p2b: Incineroar|Fake Out|p1b: Talonflame
|-damage|p1b: Talonflame|84/100
|move|p1a: Gholdengo|Make It Rain|p2b: Incineroar|[spread] p2a,p2b
|-resisted|p2b: Incineroar|1
|-damage|p2a: Staraptor|49/100
|-damage|p2b: Incineroar|83/100
|-unboost|p1a: Gholdengo|spa|2
|cant|p1b: Talonflame|flinch
|move|p2a: Staraptor|Close Combat|p1b: Talonflame
|-resisted|p1b: Talonflame|1
|-damage|p1b: Talonflame|45/100
|-boost|p2a: Staraptor|def|1
|-boost|p2a: Staraptor|spd|1
|
|upkeep
|turn|2
|inactive|ghjk09 has 30 seconds left.
|inactive|ghjk09 has 20 seconds left.
|inactive|ghjk09 has 15 seconds left.
|inactive|ghjk09 has 10 seconds left.
|inactive|ghjk09 has 5 seconds left.
|
|t:|1784383811
|switch|p1a: Blaziken|Blaziken, L50, M|100/100
|move|p2a: Staraptor|Protect|p2a: Staraptor
|-singleturn|p2a: Staraptor|Protect
|move|p1b: Talonflame|Tailwind|p1b: Talonflame
|-sidestart|p1: hometwn|move: Tailwind
|move|p2b: Incineroar|Parting Shot|p1b: Talonflame
|-unboost|p1b: Talonflame|atk|1
|-unboost|p1b: Talonflame|spa|1
|
|t:|1784383824
|switch|p2b: Sinistcha|Sinistcha-Masterpiece, L50|100/100|[from] Parting Shot
|-heal|p2a: Staraptor|74/100|[from] ability: Hospitality|[of] p2b: Sinistcha
|
|upkeep
|turn|3
|inactive|hometwn has 30 seconds left.
|
|t:|1784383858
|switch|p1b: Gholdengo|Gholdengo, L50|100/100
|detailschange|p1a: Blaziken|Blaziken-Mega, L50, M
|-mega|p1a: Blaziken|Blaziken|Blazikenite
|move|p2b: Sinistcha|Rage Powder|p2b: Sinistcha
|-singleturn|p2b: Sinistcha|move: Rage Powder
|move|p1a: Blaziken|Flare Blitz|p2b: Sinistcha
|-supereffective|p2b: Sinistcha|1
|-damage|p2b: Sinistcha|0 fnt
|faint|p2b: Sinistcha
|-damage|p1a: Blaziken|62/100|[from] Recoil
|move|p2a: Staraptor|Close Combat|p1b: Gholdengo
|-immune|p1b: Gholdengo
|
|-ability|p1a: Blaziken|Speed Boost|boost
|-boost|p1a: Blaziken|spe|1
|upkeep
|
|t:|1784383877
|switch|p2b: Incineroar|Incineroar, L50, M|83/100
|-ability|p2b: Incineroar|Intimidate|boost
|-unboost|p1a: Blaziken|atk|1
|-unboost|p1b: Gholdengo|atk|1
|turn|4
|
|t:|1784383894
|move|p2b: Incineroar|Fake Out|p1a: Blaziken
|-damage|p1a: Blaziken|46/100
|cant|p1a: Blaziken|flinch
|move|p1b: Gholdengo|Shadow Ball|p2a: Staraptor
|-damage|p2a: Staraptor|44/100
|move|p2a: Staraptor|Close Combat|p1a: Blaziken
|-damage|p1a: Blaziken|0 fnt
|-boost|p2a: Staraptor|def|1
|-boost|p2a: Staraptor|spd|1
|faint|p1a: Blaziken
|
|upkeep
|
|t:|1784383905
|switch|p1a: Basculegion|Basculegion, L50, M|100/100
|turn|5
|inactive|ghjk09 has 30 seconds left.
|inactive|ghjk09 has 20 seconds left.
|
|t:|1784383943
|switch|p1b: Talonflame|Talonflame, L50, M|45/100
|move|p1a: Basculegion|Liquidation|p2b: Incineroar
|-supereffective|p2b: Incineroar|1
|-enditem|p2b: Incineroar|Passho Berry|[eat]
|-enditem|p2b: Incineroar|Passho Berry|[weaken]
|-damage|p2b: Incineroar|32/100
|move|p2a: Staraptor|Roost|p2a: Staraptor
|-heal|p2a: Staraptor|94/100
|-singleturn|p2a: Staraptor|move: Roost
|move|p2b: Incineroar|Parting Shot|p1a: Basculegion
|-unboost|p1a: Basculegion|atk|1
|-unboost|p1a: Basculegion|spa|1
|
|t:|1784383956
|switch|p2b: Garchomp|Garchomp, L50, M|100/100|[from] Parting Shot
|
|-sideend|p1: hometwn|move: Tailwind
|upkeep
|turn|6
|
|t:|1784383968
|switch|p1a: Gholdengo|Gholdengo, L50|100/100
|move|p1b: Talonflame|Tailwind|p1b: Talonflame
|-sidestart|p1: hometwn|move: Tailwind
|move|p2a: Staraptor|Close Combat|p1b: Talonflame
|-resisted|p1b: Talonflame|1
|-damage|p1b: Talonflame|2/100
|-boost|p2a: Staraptor|def|1
|-boost|p2a: Staraptor|spd|1
|move|p2b: Garchomp|Dragon Claw|p1a: Gholdengo
|-resisted|p1a: Gholdengo|1
|-damage|p1a: Gholdengo|68/100
|-damage|p2b: Garchomp|90/100|[from] item: Life Orb
|
|upkeep
|turn|7
|
|t:|1784383991
|move|p1a: Gholdengo|Make It Rain|p2a: Staraptor|[spread] p2a,p2b
|-damage|p2a: Staraptor|73/100
|-damage|p2b: Garchomp|31/100
|-unboost|p1a: Gholdengo|spa|2
|move|p1b: Talonflame|Flare Blitz|p2a: Staraptor
|-damage|p2a: Staraptor|54/100
|-damage|p1b: Talonflame|0 fnt|[from] Recoil
|faint|p1b: Talonflame
|move|p2a: Staraptor|Close Combat|p1a: Gholdengo
|-immune|p1a: Gholdengo
|move|p2b: Garchomp|Earthquake|p1a: Gholdengo|[spread] p1a
|-immune|p2a: Staraptor
|-supereffective|p1a: Gholdengo|1
|-damage|p1a: Gholdengo|0 fnt
|faint|p1a: Gholdengo
|-damage|p2b: Garchomp|22/100|[from] item: Life Orb
|
|upkeep
|
|t:|1784384001
|switch|p1b: Basculegion|Basculegion, L50, M|100/100
|turn|8
|
|t:|1784384021
|move|p1b: Basculegion|Liquidation|p2b: Garchomp
|-damage|p2b: Garchomp|0 fnt
|-damage|p1b: Basculegion|87/100|[from] ability: Rough Skin|[of] p2b: Garchomp
|faint|p2b: Garchomp
|move|p2a: Staraptor|Roost|p2a: Staraptor
|-heal|p2a: Staraptor|100/100
|-singleturn|p2a: Staraptor|move: Roost
|
|upkeep
|
|t:|1784384030
|switch|p2b: Incineroar|Incineroar, L50, M|32/100
|-ability|p2b: Incineroar|Intimidate|boost
|-unboost|p1b: Basculegion|atk|1
|turn|9
|
|t:|1784384040
|move|p1b: Basculegion|Last Respects|p2a: Staraptor
|-damage|p2a: Staraptor|63/100
|move|p2a: Staraptor|Dual Wingbeat|p1b: Basculegion
|-damage|p1b: Basculegion|61/100
|-damage|p1b: Basculegion|36/100
|-hitcount|p1b: Basculegion|2
|move|p2b: Incineroar|Throat Chop|p1b: Basculegion
|-supereffective|p1b: Basculegion|1
|-damage|p1b: Basculegion|0 fnt
|faint|p1b: Basculegion
|
|win|ghjk09
||hometwn is ready for game 2.
|inactive|ghjk09 has 30 seconds to confirm battle start!
