|j|‽Acaba estressando
|j|☆zaharba
|html|Acaba estressandozaharba    
|uhtml|bestof|Game 2 of a best-of-3
|t:|1783450952
|gametype|doubles
|player|p1|Acaba estressando|scientistf|1025
|player|p2|zaharba|265|1092
|gen|9
|tier|[Gen 9 Champions] VGC 2026 Reg M-B (Bo3)
|rated|
|rule|Species Clause: Limit one of each Pokémon
|rule|Item Clause: Limit 1 of each item
|clearpoke
|poke|p1|Maushold-Four, L50, shiny|
|poke|p1|Clefable, L50, F, shiny|
|poke|p1|Sneasler, L50, F, shiny|
|poke|p1|Raichu, L50, M|
|poke|p1|Incineroar, L50, M, shiny|
|poke|p1|Sinistcha, L50, shiny|
|poke|p2|Raichu, L50, F, shiny|
|poke|p2|Vivillon, L50, M|
|poke|p2|Ninetales-Alola, L50, F, shiny|
|poke|p2|Tyranitar, L50, M|
|poke|p2|Basculegion-F, L50, F|
|poke|p2|Talonflame, L50, F|
|teampreview|4
|showteam|p1|Maushold-Four||KingsRock|FriendGuard|PopulationBomb,SuperFang,Protect,Encore|Jolly|||||50|]Clefable||Leftovers|Unaware|Gravity,FollowMe,Moonblast,Protect|Bold||F|||50|]Sneasler||WhiteHerb|Unburden|FakeOut,CloseCombat,RockSlide,Coaching|Jolly||F|||50|]Raichu||RaichuniteY|Static|ZapCannon,FocusBlast,FakeOut,Protect|Modest||M|||50|]Incineroar||SitrusBerry|Intimidate|FakeOut,PartingShot,ThroatChop,FlareBlitz|Adamant||M|||50|]Sinistcha||CobaBerry|Hospitality|MatchaGotcha,RagePowder,TrickRoom,LifeDew|Relaxed|||||50|
|showteam|p2|Raichu||RaichuniteY|LightningRod|FocusBlast,ZapCannon,UpperHand,FakeOut|Timid||F|||50|]Vivillon||ChoiceScarf|CompoundEyes|SleepPowder,RagePowder,Hurricane,Tailwind|Timid||M|||50|]Ninetales-Alola||NeverMeltIce|SnowWarning|Protect,FreezeDry,Blizzard,Encore|Timid||F|||50|]Tyranitar||FocusSash|SandStream|RockSlide,HighHorsepower,Protect,DragonDance|Jolly||M|||50|]Basculegion-F||SpellTag|Adaptability|Protect,Hex,HydroPump,MuddyWater|Modest||F|||50|]Talonflame||LifeOrb|GaleWings|Whirlwind,BraveBird,Overheat,Tailwind|Naive||F|||50|
|inactive|Battle timer is ON: inactive players will automatically lose when time's up. (requested by zaharba)
|
|t:|1783450965
|teamsize|p1|4
|teamsize|p2|4
|start
|switch|p1a: Incineroar|Incineroar, L50, M, shiny|100/100
|switch|p1b: Sneasler|Sneasler, L50, F, shiny|100/100
|switch|p2a: Raichu|Raichu, L50, F, shiny|100/100
|switch|p2b: Talonflame|Talonflame, L50, F|100/100
|-ability|p1a: Incineroar|Intimidate|boost
|-unboost|p2a: Raichu|atk|1
|-unboost|p2b: Talonflame|atk|1
|turn|1
|
|t:|1783450990
|switch|p2b: Tyranitar|Tyranitar, L50, M|100/100
|-weather|Sandstorm|[from] ability: Sand Stream|[of] p2b: Tyranitar
|move|p2a: Raichu|Fake Out|p1a: Incineroar
|-damage|p1a: Incineroar|94/100
|cant|p1a: Incineroar|flinch
|move|p1b: Sneasler|Rock Slide|p2b: Tyranitar|[spread] p2a,p2b
|-damage|p2a: Raichu|57/100
|-damage|p2b: Tyranitar|82/100
|
|-weather|Sandstorm|[upkeep]
|-damage|p1b: Sneasler|94/100|[from] Sandstorm
|-damage|p2a: Raichu|51/100|[from] Sandstorm
|-damage|p1a: Incineroar|88/100|[from] Sandstorm
|upkeep
|turn|2
|
|t:|1783451009
|detailschange|p2a: Raichu|Raichu-Mega-Y, L50, F, shiny
|-mega|p2a: Raichu|Raichu|Raichunite Y
|move|p2a: Raichu|Zap Cannon|p1b: Sneasler
|-crit|p1b: Sneasler
|-damage|p1b: Sneasler|0 fnt
|faint|p1b: Sneasler
|move|p2b: Tyranitar|Dragon Dance|p2b: Tyranitar
|-boost|p2b: Tyranitar|atk|1
|-boost|p2b: Tyranitar|spe|1
|move|p1a: Incineroar|Parting Shot|p2a: Raichu
|-unboost|p2a: Raichu|atk|1
|-unboost|p2a: Raichu|spa|1
|
|t:|1783451019
|switch|p1a: Raichu|Raichu, L50, M|100/100|[from] Parting Shot
|
|-weather|Sandstorm|[upkeep]
|-damage|p2a: Raichu|45/100|[from] Sandstorm
|-damage|p1a: Raichu|94/100|[from] Sandstorm
|upkeep
|
|t:|1783451024
|switch|p1b: Clefable|Clefable, L50, F, shiny|100/100
|turn|3
|inactive|zaharba has 30 seconds left.
|
|t:|1783451050
|switch|p2a: Talonflame|Talonflame, L50, F|100/100
|detailschange|p1a: Raichu|Raichu-Mega-Y, L50, M
|-mega|p1a: Raichu|Raichu|Raichunite Y
|move|p1b: Clefable|Follow Me|p1b: Clefable
|-singleturn|p1b: Clefable|move: Follow Me
|move|p2b: Tyranitar|Dragon Dance|p2b: Tyranitar
|-boost|p2b: Tyranitar|atk|1
|-boost|p2b: Tyranitar|spe|1
|move|p1a: Raichu|Focus Blast|p2b: Tyranitar
|-supereffective|p2b: Tyranitar|2
|-damage|p2b: Tyranitar|0 fnt
|faint|p2b: Tyranitar
|
|-weather|Sandstorm|[upkeep]
|-damage|p2a: Talonflame|94/100|[from] Sandstorm
|-damage|p1a: Raichu|88/100|[from] Sandstorm
|-damage|p1b: Clefable|94/100|[from] Sandstorm
|-heal|p1b: Clefable|100/100|[from] item: Leftovers
|upkeep
|
|t:|1783451066
|switch|p2b: Vivillon|Vivillon, L50, M|100/100
|turn|4
|
|t:|1783451075
|move|p1b: Clefable|Follow Me|p1b: Clefable
|-singleturn|p1b: Clefable|move: Follow Me
|move|p2b: Vivillon|Sleep Powder|p1b: Clefable
|-status|p1b: Clefable|slp|[from] move: Sleep Powder
|move|p1a: Raichu|Zap Cannon|p2b: Vivillon
|-supereffective|p2b: Vivillon|1
|-damage|p2b: Vivillon|0 fnt
|faint|p2b: Vivillon
|move|p2a: Talonflame|Whirlwind|p1b: Clefable
|drag|p1b: Incineroar|Incineroar, L50, M, shiny|88/100
|-ability|p1b: Incineroar|Intimidate|boost
|-unboost|p2a: Talonflame|atk|1
|
|-weather|Sandstorm|[upkeep]
|-damage|p2a: Talonflame|88/100|[from] Sandstorm
|-damage|p1a: Raichu|82/100|[from] Sandstorm
|-damage|p1b: Incineroar|82/100|[from] Sandstorm
|upkeep
|
|t:|1783451089
|switch|p2b: Raichu|Raichu-Mega-Y, L50, F, shiny|45/100
|turn|5
|inactive|zaharba has 30 seconds left.
|
|t:|1783451118
|move|p2b: Raichu|Fake Out|p1b: Incineroar
|-damage|p1b: Incineroar|74/100
|cant|p1b: Incineroar|flinch
|move|p2a: Talonflame|Overheat|p1a: Raichu
|-damage|p1a: Raichu|15/100
|-unboost|p2a: Talonflame|spa|2
|-damage|p2a: Talonflame|78/100|[from] item: Life Orb
|move|p1a: Raichu|Zap Cannon|p2a: Talonflame
|-supereffective|p2a: Talonflame|1
|-damage|p2a: Talonflame|0 fnt
|faint|p2a: Talonflame
|
|-weather|none
|upkeep
|turn|6
|inactive|zaharba has 30 seconds left.
|
|t:|1783451145
|switch|p1a: Clefable|Clefable, L50, F, shiny|100/100 slp
|move|p2b: Raichu|Focus Blast|p1b: Incineroar
|-supereffective|p1b: Incineroar|1
|-damage|p1b: Incineroar|0 fnt
|faint|p1b: Incineroar
|
|upkeep
|
|t:|1783451152
|switch|p1b: Raichu|Raichu-Mega-Y, L50, M|15/100
|turn|7
|
|t:|1783451161
|move|p2b: Raichu|Upper Hand||[still]
|-fail|p2b: Raichu
|move|p1b: Raichu|Focus Blast|p2b: Raichu
|-damage|p2b: Raichu|0 fnt
|faint|p2b: Raichu
|
|win|Acaba estressando
|raw|Acaba estressando's rating: 1010 → 1057(+47 for winning)
|raw|zaharba's rating: 1092 → 1063(-29 for losing)
