|j|☆WaluigiVGC
|j|☆SixHeroes
|html|WaluigiVGCSixHeroes    
|uhtml|bestof|Game 2 of a best-of-3
|t:|1757021097
|gametype|doubles
|player|p1|WaluigiVGC|169|1146
|player|p2|SixHeroes|1|1083
|gen|9
|tier|[Gen 9] VGC 2025 Reg H (Bo3)
|rated|
|rule|Species Clause: Limit one of each Pokémon
|rule|Item Clause: Limit 1 of each item
|clearpoke
|poke|p1|Sneasler, L50, F|
|poke|p1|Indeedee, L50, M|
|poke|p1|Whimsicott, L50, F|
|poke|p1|Ursaluna-Bloodmoon, L50, M|
|poke|p1|Tatsugiri, L50, F|
|poke|p1|Dondozo, L50, M|
|poke|p2|Volcarona, L50, F|
|poke|p2|Oricorio-Sensu, L50, M|
|poke|p2|Grimmsnarl, L50, M|
|poke|p2|Incineroar, L50, F|
|poke|p2|Arboliva, L50, M|
|poke|p2|Primarina, L50, M|
|teampreview|4
|showteam|p1|Sneasler||PsychicSeed|Unburden|DireClaw,CloseCombat,ThroatChop,Protect|||F|||50|,,,,,Dark]Indeedee||FocusSash|PsychicSurge|ExpandingForce,TeraBlast,HelpingHand,Protect|||M|||50|,,,,,Psychic]Whimsicott||CovertCloak|Prankster|Moonblast,Tailwind,HelpingHand,LightScreen|||F|||50|,,,,,Poison]Ursaluna-Bloodmoon||SilkScarf|MindsEye|BloodMoon,HyperVoice,EarthPower,Protect|||M|||50|,,,,,Normal]Tatsugiri||SafetyGoggles|Commander|DracoMeteor,MuddyWater,HelpingHand,Protect|||F|||50|,,,,,Normal]Dondozo||Leftovers|Unaware|WaveCrash,Earthquake,OrderUp,Protect|||M|||50|,,,,,Grass
|showteam|p2|Volcarona||RockyHelmet|FlameBody|QuiverDance,FieryDance,StruggleBug,Protect|||F|||50|,,,,,Dragon]Oricorio-Sensu||FocusSash|Dancer|RevelationDance,QuiverDance,BatonPass,Protect|||M|||50|,,,,,Water]Grimmsnarl||LightClay|Prankster|Reflect,LightScreen,SpiritBreak,ThunderWave|||M|||50|,,,,,Ghost]Incineroar||SafetyGoggles|Intimidate|FakeOut,KnockOff,FlareBlitz,PartingShot|||F|||50|,,,,,Bug]Arboliva||AssaultVest|SeedSower|PetalDance,TeraBlast,PollenPuff,EarthPower|||M|||50|,,,,,Grass]Primarina||ThroatSpray|LiquidVoice|HyperVoice,Moonblast,Haze,Protect|||M|||50|,,,,,Poison
|
|t:|1757021110
|teamsize|p1|4
|teamsize|p2|4
|start
|switch|p1a: Whimsicott|Whimsicott, L50, F|100/100
|switch|p1b: Ursaluna|Ursaluna-Bloodmoon, L50, M|100/100
|switch|p2a: Oricorio|Oricorio-Sensu, L50, M|100/100
|switch|p2b: Volcarona|Volcarona, L50, F|100/100
|turn|1
|
|t:|1757021165
|-terastallize|p1b: Ursaluna|Normal
|move|p1a: Whimsicott|Tailwind|p1a: Whimsicott
|-sidestart|p1: WaluigiVGC|move: Tailwind
|move|p1b: Ursaluna|Blood Moon|p2b: Volcarona
|-damage|p2b: Volcarona|0 fnt
|faint|p2b: Volcarona
|move|p2a: Oricorio|Quiver Dance|p2a: Oricorio
|-boost|p2a: Oricorio|spa|1
|-boost|p2a: Oricorio|spd|1
|-boost|p2a: Oricorio|spe|1
|
|upkeep
|
|t:|1757021176
|switch|p2b: Primarina|Primarina, L50, M|100/100
|turn|2
|
|t:|1757021191
|move|p1a: Whimsicott|Helping Hand|p1b: Ursaluna
|-singleturn|p1b: Ursaluna|Helping Hand|[of] p1a: Whimsicott
|move|p2a: Oricorio|Protect|p2a: Oricorio
|-singleturn|p2a: Oricorio|Protect
|move|p2b: Primarina|Protect|p2b: Primarina
|-singleturn|p2b: Primarina|Protect
|move|p1b: Ursaluna|Hyper Voice|p2b: Primarina|[spread] 
|-activate|p2a: Oricorio|move: Protect
|-activate|p2b: Primarina|move: Protect
|
|upkeep
|turn|3
|
|t:|1757021213
|move|p1a: Whimsicott|Helping Hand|p1b: Ursaluna
|-singleturn|p1b: Ursaluna|Helping Hand|[of] p1a: Whimsicott
|move|p2a: Oricorio|Quiver Dance|p2a: Oricorio
|-boost|p2a: Oricorio|spa|1
|-boost|p2a: Oricorio|spd|1
|-boost|p2a: Oricorio|spe|1
|move|p1b: Ursaluna|Hyper Voice|p2b: Primarina|[spread] p2a,p2b
|-damage|p2a: Oricorio|20/100
|-damage|p2b: Primarina|23/100
|move|p2b: Primarina|Hyper Voice|p1b: Ursaluna|[spread] p1a,p1b
|-resisted|p1a: Whimsicott
|-damage|p1a: Whimsicott|81/100
|-damage|p1b: Ursaluna|56/100
|-enditem|p2b: Primarina|Throat Spray
|-boost|p2b: Primarina|spa|1|[from] item: Throat Spray
|
|upkeep
|turn|4
|
|t:|1757021243
|move|p2a: Oricorio|Protect|p2a: Oricorio
|-singleturn|p2a: Oricorio|Protect
|move|p2b: Primarina|Protect|p2b: Primarina
|-singleturn|p2b: Primarina|Protect
|move|p1a: Whimsicott|Moonblast|p2a: Oricorio
|-activate|p2a: Oricorio|move: Protect
|move|p1b: Ursaluna|Hyper Voice|p2a: Oricorio|[spread] 
|-activate|p2a: Oricorio|move: Protect
|-activate|p2b: Primarina|move: Protect
|
|-sideend|p1: WaluigiVGC|move: Tailwind
|upkeep
|turn|5
|
|t:|1757021272
|-terastallize|p2a: Oricorio|Water
|move|p1a: Whimsicott|Tailwind|p1a: Whimsicott
|-sidestart|p1: WaluigiVGC|move: Tailwind
|move|p2a: Oricorio|Revelation Dance|p1b: Ursaluna
|-damage|p1b: Ursaluna|0 fnt
|faint|p1b: Ursaluna
|move|p2b: Primarina|Hyper Voice|p1a: Whimsicott
|-resisted|p1a: Whimsicott
|-damage|p1a: Whimsicott|41/100
|
|upkeep
|
|t:|1757021285
|switch|p1b: Sneasler|Sneasler, L50, F, shiny|100/100
|turn|6
|
|t:|1757021303
|move|p2a: Oricorio|Protect|p2a: Oricorio
|-singleturn|p2a: Oricorio|Protect
|move|p2b: Primarina|Protect|p2b: Primarina
|-singleturn|p2b: Primarina|Protect
|move|p1b: Sneasler|Dire Claw|p2b: Primarina
|-activate|p2b: Primarina|move: Protect
|move|p1a: Whimsicott|Moonblast|p2a: Oricorio
|-activate|p2a: Oricorio|move: Protect
|
|upkeep
|turn|7
|
|t:|1757021316
|move|p1b: Sneasler|Dire Claw|p2b: Primarina
|-supereffective|p2b: Primarina
|-damage|p2b: Primarina|0 fnt
|faint|p2b: Primarina
|move|p2a: Oricorio|Baton Pass|p2a: Oricorio
|
|t:|1757021321
|switch|p2a: Arboliva|Arboliva, L50, M|100/100|[from] Baton Pass
|move|p1a: Whimsicott|Moonblast|p2a: Arboliva
|-crit|p2a: Arboliva
|-damage|p2a: Arboliva|76/100
|-unboost|p2a: Arboliva|spa|1
|-fieldstart|move: Grassy Terrain|[from] ability: Seed Sower|[of] p2a: Arboliva
|
|-heal|p1a: Whimsicott|47/100|[from] Grassy Terrain
|-heal|p2a: Arboliva|82/100|[from] Grassy Terrain
|upkeep
|
|t:|1757021323
|switch|p2b: Oricorio|Oricorio-Sensu, L50, M, tera:Water|20/100
|turn|8
|
|t:|1757021347
|move|p1b: Sneasler|Close Combat|p2a: Arboliva
|-supereffective|p2a: Arboliva
|-damage|p2a: Arboliva|0 fnt
|-unboost|p1b: Sneasler|def|1
|-unboost|p1b: Sneasler|spd|1
|faint|p2a: Arboliva
|move|p1a: Whimsicott|Moonblast|p2b: Oricorio
|-damage|p2b: Oricorio|0 fnt
|faint|p2b: Oricorio
|
|win|WaluigiVGC
|raw|WaluigiVGC's rating: 1146 → 1167(+21 for winning)
|raw|SixHeroes's rating: 1083 → 1065(-18 for losing)
|l|☆SixHeroes
|player|p2|
