|j|☆the pronoun police
|j|☆CluelessInSeattle
|html|the pronoun policeCluelessInSeattle    
|uhtml|bestof|Game 2 of a best-of-3
|t:|1756836854
|gametype|doubles
|player|p1|the pronoun police|caitlin|1132
|player|p2|CluelessInSeattle|blaine|1049
|gen|9
|tier|[Gen 9] VGC 2025 Reg H (Bo3)
|rated|
|rule|Species Clause: Limit one of each Pokémon
|rule|Item Clause: Limit 1 of each item
|clearpoke
|poke|p1|Archaludon, L50, M|
|poke|p1|Pelipper, L50, F|
|poke|p1|Gholdengo, L50|
|poke|p1|Basculegion, L50, M|
|poke|p1|Amoonguss, L50, M|
|poke|p1|Incineroar, L50, F|
|poke|p2|Ninetales-Alola, L50, M|
|poke|p2|Garchomp, L50, F|
|poke|p2|Dragonite, L50, M|
|poke|p2|Sneasler, L50, M|
|poke|p2|Gholdengo, L50|
|poke|p2|Electabuzz, L50, F|
|teampreview|4
|showteam|p1|Archaludon||AssaultVest|Stamina|DracoMeteor,FlashCannon,ElectroShot,BodyPress|||M|||50|,,,,,Grass]Pelipper||FocusSash|Drizzle|Protect,WeatherBall,Hurricane,Tailwind|||F|||50|,,,,,Stellar]Gholdengo||LifeOrb|GoodasGold|Protect,MakeItRain,ShadowBall,NastyPlot||||||50|,,,,,Water]Basculegion||ChoiceBand|SwiftSwim|FlipTurn,WaveCrash,AquaJet,LastRespects|||M|||50|,,,,,Grass]Amoonguss||SitrusBerry|Regenerator|Spore,RagePowder,PollenPuff,Protect|||M|||50|,,,,,Water]Incineroar||SafetyGoggles|Intimidate|FlareBlitz,KnockOff,PartingShot,FakeOut|||F|||50|,,,,,Ghost
|showteam|p2|Ninetales-Alola||CovertCloak|SnowWarning|Blizzard,IcyWind,AuroraVeil,Encore|||M|||50|,,,,,Fire]Garchomp||ClearAmulet|RoughSkin|Earthquake,StompingTantrum,DragonClaw,Protect|||F|||50|,,,,,Steel]Dragonite||LoadedDice|Multiscale|ScaleShot,Tailwind,Protect,Haze|||M|||50|,,,,,Fairy]Sneasler||FocusSash|Unburden|CloseCombat,DireClaw,FakeOut,Coaching|||M|||50|,,,,,Ghost]Gholdengo||LifeOrb|GoodasGold|MakeItRain,ShadowBall,NastyPlot,Protect||||||50|,,,,,Water]Electabuzz||Eviolite|VitalSpirit|Electroweb,Taunt,FollowMe,Protect|||F|||50|,,,,,Dragon
|
|t:|1756836870
|teamsize|p1|4
|teamsize|p2|4
|start
|switch|p1a: Archaludon|Archaludon, L50, M, shiny|100/100
|switch|p1b: Pelipper|Pelipper, L50, F, shiny|100/100
|switch|p2a: Electabuzz|Electabuzz, L50, F|100/100
|switch|p2b: Garchomp|Garchomp, L50, F|100/100
|-weather|RainDance|[from] ability: Drizzle|[of] p1b: Pelipper
|turn|1
|inactive|Battle timer is ON: inactive players will automatically lose when time's up. (requested by CluelessInSeattle)
|
|t:|1756836896
|switch|p2b: Ninetales|Ninetales-Alola, L50, M, shiny|100/100
|-weather|Snowscape|[from] ability: Snow Warning|[of] p2b: Ninetales
|-terastallize|p1a: Archaludon|Grass
|move|p2a: Electabuzz|Taunt|p1b: Pelipper
|-start|p1b: Pelipper|move: Taunt
|move|p1a: Archaludon|Electro Shot||[still]
|-prepare|p1a: Archaludon|Electro Shot
|-boost|p1a: Archaludon|spa|1
|move|p1b: Pelipper|Weather Ball|p2a: Electabuzz
|-damage|p2a: Electabuzz|75/100
|
|-weather|Snowscape|[upkeep]
|upkeep
|turn|2
|
|t:|1756836915
|move|p2b: Ninetales|Blizzard|p1a: Archaludon|[spread] p1a,p1b
|-supereffective|p1a: Archaludon
|-damage|p1a: Archaludon|55/100
|-damage|p1b: Pelipper|43/100
|-ability|p1a: Archaludon|Stamina|boost
|-boost|p1a: Archaludon|def|1
|move|p2a: Electabuzz|Electroweb|p1b: Pelipper|[spread] p1a,p1b
|-resisted|p1a: Archaludon
|-supereffective|p1b: Pelipper
|-damage|p1a: Archaludon|50/100
|-damage|p1b: Pelipper|0 fnt
|-unboost|p1a: Archaludon|spe|1
|-ability|p1a: Archaludon|Stamina|boost
|-boost|p1a: Archaludon|def|1
|faint|p1b: Pelipper
|move|p1a: Archaludon|Electro Shot|p2a: Electabuzz|[from] lockedmove
|-resisted|p2a: Electabuzz
|-damage|p2a: Electabuzz|53/100
|
|-weather|Snowscape|[upkeep]
|upkeep
|
|t:|1756836925
|switch|p1b: Incineroar|Incineroar, L50, F|100/100
|-ability|p1b: Incineroar|Intimidate|boost
|-unboost|p2a: Electabuzz|atk|1
|-unboost|p2b: Ninetales|atk|1
|turn|3
|
|t:|1756836949
|move|p1b: Incineroar|Fake Out|p2b: Ninetales
|-damage|p2b: Ninetales|88/100
|move|p2a: Electabuzz|Follow Me|p2a: Electabuzz
|-singleturn|p2a: Electabuzz|move: Follow Me
|move|p2b: Ninetales|Blizzard|p1a: Archaludon|[spread] p1a,p1b
|-supereffective|p1a: Archaludon
|-resisted|p1b: Incineroar
|-damage|p1a: Archaludon|7/100
|-damage|p1b: Incineroar|86/100
|-ability|p1a: Archaludon|Stamina|boost
|-boost|p1a: Archaludon|def|1
|move|p1a: Archaludon|Flash Cannon|p2a: Electabuzz
|-resisted|p2a: Electabuzz
|-damage|p2a: Electabuzz|29/100
|
|-weather|Snowscape|[upkeep]
|upkeep
|turn|4
|
|t:|1756836961
|move|p2b: Ninetales|Blizzard|p1a: Archaludon|[spread] p1a,p1b
|-supereffective|p1a: Archaludon
|-resisted|p1b: Incineroar
|-damage|p1a: Archaludon|0 fnt
|-damage|p1b: Incineroar|70/100
|faint|p1a: Archaludon
|move|p2a: Electabuzz|Electroweb|p1b: Incineroar
|-damage|p1b: Incineroar|52/100
|-unboost|p1b: Incineroar|spe|1
|move|p1b: Incineroar|Flare Blitz|p2b: Ninetales
|-supereffective|p2b: Ninetales
|-damage|p2b: Ninetales|0 fnt
|faint|p2b: Ninetales
|-damage|p1b: Incineroar|31/100|[from] Recoil
|
|-weather|Snowscape|[upkeep]
|upkeep
|
|t:|1756836971
|switch|p2b: Garchomp|Garchomp, L50, F|100/100
|switch|p1a: Amoonguss|Amoonguss, L50, M, shiny|100/100
|turn|5
|
|t:|1756836981
|move|p2b: Garchomp|Protect|p2b: Garchomp
|-singleturn|p2b: Garchomp|Protect
|move|p2a: Electabuzz|Taunt|p1a: Amoonguss
|-start|p1a: Amoonguss|move: Taunt
|move|p1b: Incineroar|Knock Off|p2a: Electabuzz
|-damage|p2a: Electabuzz|0 fnt
|-enditem|p2a: Electabuzz|Eviolite|[from] move: Knock Off|[of] p1b: Incineroar
|faint|p2a: Electabuzz
|cant|p1a: Amoonguss|move: Taunt|Spore
|
|-weather|none
|upkeep
|
|t:|1756836989
|switch|p2a: Dragonite|Dragonite, L50, M, shiny|100/100
|turn|6
|
|t:|1756837000
|move|p2b: Garchomp|Earthquake|p1b: Incineroar|[spread] p1a,p1b
|-immune|p2a: Dragonite
|-supereffective|p1b: Incineroar
|-damage|p1a: Amoonguss|70/100
|-damage|p1b: Incineroar|0 fnt
|faint|p1b: Incineroar
|move|p2a: Dragonite|Scale Shot|p1a: Amoonguss
|-damage|p1a: Amoonguss|59/100
|-damage|p1a: Amoonguss|48/100
|-enditem|p1a: Amoonguss|Sitrus Berry|[eat]
|-heal|p1a: Amoonguss|73/100|[from] item: Sitrus Berry
|-damage|p1a: Amoonguss|61/100
|-crit|p1a: Amoonguss
|-damage|p1a: Amoonguss|44/100
|-hitcount|p1a: Amoonguss|4
|-unboost|p2a: Dragonite|def|1
|-boost|p2a: Dragonite|spe|1
|move|p1a: Amoonguss|Pollen Puff|p1: Incineroar|[notarget]
|-fail|p1a: Amoonguss
|
|upkeep
|turn|7
|-message|the pronoun police forfeited.
|
|win|CluelessInSeattle
|raw|the pronoun police's rating: 1132 → 1101(-31 for losing)
|raw|CluelessInSeattle's rating: 1049 → 1089(+40 for winning)
|l|☆the pronoun police
|player|p1|
