|j|☆theonlyambipomfan
|j|☆guillelona
|html|theonlyambipomfanguillelona    
|uhtml|bestof|Game 3 of a best-of-3
|t:|1785627091
|gametype|doubles
|player|p1|theonlyambipomfan|volkner|1163
|player|p2|guillelona|1|1245
|gen|9
|tier|[Gen 9 Champions] VGC 2026 Reg M-B (Bo3)
|rated|
|rule|Species Clause: Limit one of each Pokémon
|rule|Item Clause: Limit 1 of each item
|clearpoke
|poke|p1|Glimmora, L50, F, shiny|
|poke|p1|Whimsicott, L50, M|
|poke|p1|Incineroar, L50, M, shiny|
|poke|p1|Rotom-Frost, L50|
|poke|p1|Froslass, L50, F|
|poke|p1|Beartic, L50, F|
|poke|p2|Charizard, L50, M|
|poke|p2|Glimmora, L50, M|
|poke|p2|Whimsicott, L50, F|
|poke|p2|Ninetales-Alola, L50, F|
|poke|p2|Kingambit, L50, M|
|poke|p2|Kommo-o, L50, M|
|teampreview|4
|showteam|p1|Glimmora||Glimmoranite|ToxicDebris|SludgeBomb,PowerGem,EarthPower,SpikyShield|Timid||F|||50|]Whimsicott||FocusSash|Prankster|Tailwind,Encore,GrassKnot,Protect|Bold||M|||50|]Incineroar||ExpertBelt|Intimidate|FakeOut,FlareBlitz,PartingShot,DarkestLariat|Adamant||M|||50|]Rotom-Frost||ChoiceScarf|Levitate|WillOWisp,VoltSwitch,Thunderbolt,Blizzard|Timid|||||50|]Froslass||Froslassite|CursedBody|Blizzard,AuroraVeil,ShadowBall,Protect|Timid||F|||50|]Beartic||LifeOrb|SlushRush|Superpower,IcicleCrash,StoneEdge,Protect|Adamant||F|||50|
|showteam|p2|Charizard||CharizarditeY|Blaze|HeatWave,WeatherBall,SolarBeam,Protect|Modest||M|||50|]Glimmora||Glimmoranite|ToxicDebris|SludgeBomb,PowerGem,EarthPower,SpikyShield|Modest||M|||50|]Whimsicott||FocusSash|Prankster|Moonblast,Tailwind,Encore,Protect|Timid||F|||50|]Ninetales-Alola||NeverMeltIce|SnowWarning|Blizzard,FreezeDry,Disable,Protect|Timid||F|||50|]Kingambit||BlackGlasses|Defiant|KowtowCleave,SuckerPunch,IronHead,Protect|Adamant||M|||50|]Kommo-o||LifeOrb|Overcoat|ClangingScales,AuraSphere,VacuumWave,Protect|Modest||M|||50|
|
|t:|1785627108
|teamsize|p1|4
|teamsize|p2|4
|start
|switch|p1a: Froslass|Froslass, L50, F|100/100
|switch|p1b: Beartic|Beartic, L50, F|100/100
|switch|p2a: Glimmora|Glimmora, L50, M|100/100
|switch|p2b: Whimsicott|Whimsicott, L50, F|100/100
|turn|1
|
|t:|1785627122
|detailschange|p1a: Froslass|Froslass-Mega, L50, F
|-mega|p1a: Froslass|Froslass|Froslassite
|-weather|Snowscape|[from] ability: Snow Warning|[of] p1a: Froslass
|move|p2b: Whimsicott|Tailwind|p2b: Whimsicott
|-sidestart|p2: guillelona|move: Tailwind
|move|p2a: Glimmora|Power Gem|p1a: Froslass
|-supereffective|p1a: Froslass|1
|-damage|p1a: Froslass|0 fnt
|faint|p1a: Froslass
|move|p1b: Beartic|Icicle Crash|p2a: Glimmora
|-damage|p2a: Glimmora|23/100
|-activate|p2a: Glimmora|ability: Toxic Debris
|-sidestart|p1: theonlyambipomfan|move: Toxic Spikes
|-damage|p1b: Beartic|90/100|[from] item: Life Orb
|
|-weather|Snowscape|[upkeep]
|upkeep
|
|t:|1785627136
|switch|p1a: Whimsicott|Whimsicott, L50, M|100/100
|-status|p1a: Whimsicott|psn
|turn|2
|
|t:|1785627150
|switch|p2b: Kingambit|Kingambit, L50, M|100/100
|move|p1a: Whimsicott|Tailwind|p1a: Whimsicott
|-sidestart|p1: theonlyambipomfan|move: Tailwind
|move|p1b: Beartic|Icicle Crash|p2a: Glimmora
|-damage|p2a: Glimmora|0 fnt
|-activate|p2a: Glimmora|ability: Toxic Debris
|-sidestart|p1: theonlyambipomfan|move: Toxic Spikes
|faint|p2a: Glimmora
|-damage|p1b: Beartic|80/100|[from] item: Life Orb
|
|-weather|Snowscape|[upkeep]
|-damage|p1a: Whimsicott|88/100 psn|[from] psn
|upkeep
|
|t:|1785627157
|switch|p2a: Charizard|Charizard, L50, M|100/100
|turn|3
|
|t:|1785627174
|detailschange|p2a: Charizard|Charizard-Mega-Y, L50, M
|-mega|p2a: Charizard|Charizard|Charizardite Y
|-weather|SunnyDay|[from] ability: Drought|[of] p2a: Charizard
|move|p1a: Whimsicott|Protect|p1a: Whimsicott
|-singleturn|p1a: Whimsicott|Protect
|move|p2b: Kingambit|Protect|p2b: Kingambit
|-singleturn|p2b: Kingambit|Protect
|move|p2a: Charizard|Heat Wave|p1a: Whimsicott|[spread] p1b
|-activate|p1a: Whimsicott|move: Protect
|-supereffective|p1b: Beartic|1
|-damage|p1b: Beartic|0 fnt
|faint|p1b: Beartic
|
|-weather|SunnyDay|[upkeep]
|-damage|p1a: Whimsicott|76/100 psn|[from] psn
|upkeep
|
|t:|1785627187
|switch|p1b: Rotom|Rotom-Frost, L50|100/100
|turn|4
|
|t:|1785627199
|move|p1a: Whimsicott|Protect|p1a: Whimsicott
|-singleturn|p1a: Whimsicott|Protect
|move|p1b: Rotom|Thunderbolt|p2a: Charizard
|-supereffective|p2a: Charizard|1
|-damage|p2a: Charizard|23/100
|move|p2a: Charizard|Weather Ball|p1b: Rotom
|-supereffective|p1b: Rotom|1
|-damage|p1b: Rotom|0 fnt
|faint|p1b: Rotom
|move|p2b: Kingambit|Iron Head|p1a: Whimsicott
|-activate|p1a: Whimsicott|move: Protect
|
|-weather|SunnyDay|[upkeep]
|-damage|p1a: Whimsicott|64/100 psn|[from] psn
|-sideend|p2: guillelona|move: Tailwind
|upkeep
|turn|5
|-message|theonlyambipomfan forfeited.
|
|win|guillelona
|raw|theonlyambipomfan's rating: 1163 → 1144(-19 for losing)
|raw|guillelona's rating: 1245 → 1264(+19 for winning)
|l|☆theonlyambipomfan
|player|p1|
