|j|☆Ritzbitz12
|j|☆Echoes630
|html|Ritzbitz12Echoes630    
|uhtml|bestof|Game 1 of a best-of-3
|t:|1756959486
|gametype|doubles
|player|p1|Ritzbitz12|palmer|1136
|player|p2|Echoes630|colress|1221
|gen|9
|tier|[Gen 9] VGC 2025 Reg H (Bo3)
|rated|
|rule|Species Clause: Limit one of each Pokémon
|rule|Item Clause: Limit 1 of each item
|clearpoke
|poke|p1|Ninetales-Alola, L50, F|
|poke|p1|Gholdengo, L50|
|poke|p1|Garchomp, L50, F|
|poke|p1|Incineroar, L50, M|
|poke|p1|Sneasler, L50, F|
|poke|p1|Dragonite, L50, F|
|poke|p2|Garchomp, L50, F|
|poke|p2|Electabuzz, L50, F|
|poke|p2|Talonflame, L50, F|
|poke|p2|Annihilape, L50, M|
|poke|p2|Gholdengo, L50|
|poke|p2|Overqwil, L50, M|
|teampreview|4
|showteam|p1|Ninetales-Alola||LightClay|SnowWarning|AuroraVeil,Blizzard,FreezeDry,Protect|||F|||50|,,,,,Ghost]Gholdengo||LifeOrb|GoodasGold|MakeItRain,ShadowBall,NastyPlot,Protect||||||50|,,,,,Water]Garchomp||ClearAmulet|RoughSkin|Earthquake,StompingTantrum,DragonClaw,Protect|||F|||50|,,,,,Ground]Incineroar||AssaultVest|Intimidate|FakeOut,KnockOff,FlareBlitz,Uturn|||M|||50|,,,,,Grass]Sneasler||WhiteHerb|Unburden|Coaching,CloseCombat,DireClaw,Protect|||F|||50|,,,,,Ghost]Dragonite||LoadedDice|Multiscale|ScaleShot,Haze,Tailwind,Protect|||F|||50|,,,,,Fairy
|showteam|p2|Garchomp||LifeOrb|RoughSkin|Earthquake,DragonClaw,Protect,StompingTantrum|||F|||50|,,,,,Ground]Electabuzz||Eviolite|VitalSpirit|Thunderbolt,Taunt,Protect,FollowMe|||F|||50|,,,,,Ghost]Talonflame||CovertCloak|GaleWings|BraveBird,Taunt,WillOWisp,Tailwind|||F|||50|,,,,,Grass]Annihilape||SafetyGoggles|Defiant|FinalGambit,RageFist,Coaching,CloseCombat|||M|||50|,,,,,Fairy]Gholdengo||ChoiceScarf|GoodasGold|Trick,Protect,MakeItRain,ShadowBall||||||50|,,,,,Steel]Overqwil||ClearAmulet|Intimidate|BarbBarrage,Crunch,Haze,Protect|||M|||50|,,,,,Grass
|
|t:|1756959610
|teamsize|p1|4
|teamsize|p2|4
|start
|switch|p1a: Ninetales|Ninetales-Alola, L50, F|100/100
|switch|p1b: Gholdengo|Gholdengo, L50|100/100
|switch|p2a: Annihilape|Annihilape, L50, M|100/100
|switch|p2b: harder|Garchomp, L50, F|100/100
|-weather|Snowscape|[from] ability: Snow Warning|[of] p1a: Ninetales
|turn|1
|
|t:|1756959692
|-terastallize|p1b: Gholdengo|Water
|move|p2b: harder|Protect|p2b: harder
|-singleturn|p2b: harder|Protect
|move|p1a: Ninetales|Aurora Veil|p1a: Ninetales
|-sidestart|p1: Ritzbitz12|move: Aurora Veil
|move|p2a: Annihilape|Coaching|p2b: harder
|-boost|p2b: harder|atk|1
|-boost|p2b: harder|def|1
|move|p1b: Gholdengo|Nasty Plot|p1b: Gholdengo
|-boost|p1b: Gholdengo|spa|2
|
|-weather|Snowscape|[upkeep]
|upkeep
|turn|2
|
|t:|1756959718
|move|p1a: Ninetales|Blizzard|p2a: Annihilape|[spread] p2a,p2b
|-supereffective|p2b: harder
|-damage|p2a: Annihilape|78/100
|-damage|p2b: harder|0 fnt
|faint|p2b: harder
|move|p2a: Annihilape|Final Gambit|p1b: Gholdengo
|-damage|p1b: Gholdengo|13/100
|faint|p2a: Annihilape
|move|p1b: Gholdengo|Make It Rain|p2: Annihilape|[notarget]
|-fail|p1b: Gholdengo
|
|-weather|Snowscape|[upkeep]
|upkeep
|
|t:|1756959724
|switch|p2b: Gholdengo|Gholdengo, L50|100/100
|switch|p2a: Talonflame|Talonflame, L50, F, shiny|100/100
|turn|3
|
|t:|1756959763
|switch|p1a: Incineroar|Incineroar, L50, M|100/100
|-ability|p1a: Incineroar|Intimidate|boost
|-unboost|p2a: Talonflame|atk|1
|-unboost|p2b: Gholdengo|atk|1
|move|p1b: Gholdengo|Protect|p1b: Gholdengo
|-singleturn|p1b: Gholdengo|Protect
|move|p2a: Talonflame|Tailwind|p2a: Talonflame
|-sidestart|p2: Echoes630|move: Tailwind
|move|p2b: Gholdengo|Make It Rain|p1a: Incineroar|[spread] p1a
|-activate|p1b: Gholdengo|move: Protect
|-resisted|p1a: Incineroar
|-damage|p1a: Incineroar|91/100
|-unboost|p2b: Gholdengo|spa|1
|
|-weather|Snowscape|[upkeep]
|upkeep
|turn|4
|
|t:|1756959817
|-terastallize|p2b: Gholdengo|Steel
|move|p2a: Talonflame|Brave Bird|p1a: Incineroar
|-damage|p1a: Incineroar|75/100
|-damage|p2a: Talonflame|94/100|[from] Recoil
|move|p2b: Gholdengo|Make It Rain|p1b: Gholdengo|[spread] p1a,p1b
|-resisted|p1a: Incineroar
|-resisted|p1b: Gholdengo
|-damage|p1a: Incineroar|66/100
|-damage|p1b: Gholdengo|0 fnt
|-unboost|p2b: Gholdengo|spa|1
|faint|p1b: Gholdengo
|move|p1a: Incineroar|Flare Blitz|p2b: Gholdengo
|-supereffective|p2b: Gholdengo
|-damage|p2b: Gholdengo|9/100
|-damage|p1a: Incineroar|39/100|[from] Recoil
|
|-weather|Snowscape|[upkeep]
|upkeep
|
|t:|1756959842
|switch|p1b: Dragonite|Dragonite, L50, F|100/100
|turn|5
|
|t:|1756959849
|move|p1b: Dragonite|Protect|p1b: Dragonite
|-singleturn|p1b: Dragonite|Protect
|move|p2b: Gholdengo|Make It Rain|p1a: Incineroar|[spread] p1a
|-activate|p1b: Dragonite|move: Protect
|-resisted|p1a: Incineroar
|-damage|p1a: Incineroar|32/100
|-unboost|p2b: Gholdengo|spa|1
|move|p2a: Talonflame|Brave Bird|p1b: Dragonite
|-activate|p1b: Dragonite|move: Protect
|move|p1a: Incineroar|Flare Blitz|p2b: Gholdengo
|-supereffective|p2b: Gholdengo
|-damage|p2b: Gholdengo|0 fnt
|faint|p2b: Gholdengo
|-damage|p1a: Incineroar|29/100|[from] Recoil
|
|-weather|none
|upkeep
|turn|6
|-message|Echoes630 forfeited.
|
|win|Ritzbitz12
||Echoes630 is ready for game 2.
|inactive|Ritzbitz12 has 30 seconds to confirm battle start!
||Ritzbitz12 is ready for game 2.
|uhtml|next|Next: Game 2 of 3
|l|☆Echoes630
|player|p2|
