|j|☆Ah nick 12
|j|☆irongiant9214
|html|Ah nick 12irongiant9214    
|uhtml|bestof|Game 1 of a best-of-3
|t:|1785941352
|gametype|doubles
|player|p1|Ah nick 12|cynthia-gen4|1187
|player|p2|irongiant9214|102|1204
|gen|9
|tier|[Gen 9 Champions] VGC 2026 Reg M-B (Bo3)
|rated|
|rule|Species Clause: Limit one of each Pokémon
|rule|Item Clause: Limit 1 of each item
|clearpoke
|poke|p1|Tyranitar, L50, F|
|poke|p1|Scizor, L50, M|
|poke|p1|Garchomp, L50, M|
|poke|p1|Farigiraf, L50, M|
|poke|p1|Sylveon, L50, F|
|poke|p1|Basculegion, L50, M|
|poke|p2|Whimsicott, L50, M, shiny|
|poke|p2|Kingambit, L50, F|
|poke|p2|Garchomp, L50, M, shiny|
|poke|p2|Charizard, L50, F|
|poke|p2|Floette-Eternal, L50, F|
|poke|p2|Basculegion, L50, M|
|teampreview|4
|showteam|p1|Tyranitar||ChoiceScarf|SandStream|KnockOff,RockSlide,IcePunch,Superpower|Jolly||F|||50|]Scizor||LifeOrb|Technician|BulletPunch,BugBite,Tailwind,Protect|Adamant||M|||50|]Garchomp||Garchompite|RoughSkin|EarthPower,DracoMeteor,PowerGem,Protect|Modest||M|||50|]Farigiraf||SitrusBerry|ArmorTail|Psychic,HelpingHand,TrickRoom,Protect|Calm||M|||50|]Sylveon||FairyFeather|Pixilate|HyperVoice,HyperBeam,QuickAttack,Detect|Modest||F|||50|]Basculegion||MysticWater|Adaptability|WaveCrash,LastRespects,AquaJet,Protect|Adamant||M|||50|
|showteam|p2|Whimsicott||FocusSash|Prankster|Moonblast,Tailwind,Encore,Protect|Timid||M|||50|]Kingambit||ChopleBerry|Defiant|SuckerPunch,LowKick,IronHead,KowtowCleave|Adamant||F|||50|]Garchomp||LifeOrb|RoughSkin|RockSlide,DragonClaw,Earthquake,Protect|Jolly||M|||50|]Charizard||CharizarditeY|Blaze|HeatWave,WeatherBall,SolarBeam,Protect|Modest||F|||50|]Floette-Eternal||Floettite|FlowerVeil|DazzlingGleam,Moonblast,HelpingHand,Protect|Timid||F|||50|]Basculegion||MysticWater|Adaptability|AquaJet,WaveCrash,LastRespects,Protect|Adamant||M|||50|
|inactive|Battle timer is ON: inactive players will automatically lose when time's up. (requested by Ah nick 12)
|inactive|Ah nick 12 has 60 seconds left.
|inactive|irongiant9214 has 60 seconds left.
|inactive|irongiant9214 has 30 seconds left.
|inactive|irongiant9214 has 20 seconds left.
|inactive|irongiant9214 has 15 seconds left.
|inactive|irongiant9214 has 10 seconds left.
|
|t:|1785941436
|teamsize|p1|4
|teamsize|p2|4
|start
|switch|p1a: Tyranitar|Tyranitar, L50, F|100/100
|switch|p1b: Farigiraf|Farigiraf, L50, M|100/100
|switch|p2a: Whimsicott|Whimsicott, L50, M, shiny|100/100
|switch|p2b: Basculegion|Basculegion, L50, M|100/100
|-weather|Sandstorm|[from] ability: Sand Stream|[of] p1a: Tyranitar
|turn|1
|inactive|irongiant9214 has 30 seconds left.
|inactive|irongiant9214 has 20 seconds left.
|inactive|irongiant9214 has 15 seconds left.
|
|t:|1785941477
|move|p2b: Basculegion|Aqua Jet||[still]
|cant|p1b: Farigiraf|ability: Armor Tail|Aqua Jet|[of] p2b: Basculegion
|move|p1a: Tyranitar|Knock Off|p2b: Basculegion
|-supereffective|p2b: Basculegion|1
|-damage|p2b: Basculegion|0 fnt
|-enditem|p2b: Basculegion|Mystic Water|[from] move: Knock Off|[of] p1a: Tyranitar
|faint|p2b: Basculegion
|move|p2a: Whimsicott|Moonblast|p1a: Tyranitar
|-supereffective|p1a: Tyranitar|1
|-damage|p1a: Tyranitar|50/100g
|move|p1b: Farigiraf|Trick Room|p1b: Farigiraf
|-fieldstart|move: Trick Room|[of] p1b: Farigiraf
|
|-weather|Sandstorm|[upkeep]
|-damage|p1b: Farigiraf|93/100|[from] Sandstorm
|-damage|p2a: Whimsicott|94/100|[from] Sandstorm
|upkeep
|
|t:|1785941492
|switch|p2b: Floette|Floette-Eternal, L50, F|100/100
|turn|2
|
|t:|1785941498
|switch|p1a: Scizor|Scizor, L50, M|100/100
|detailschange|p2b: Floette|Floette-Mega, L50, F
|-mega|p2b: Floette|Floette|Floettite
|-ability|p2b: Floette|Fairy Aura
|move|p1b: Farigiraf|Psychic|p2a: Whimsicott
|-damage|p2a: Whimsicott|43/100
|-unboost|p2a: Whimsicott|spd|1
|move|p2b: Floette|Dazzling Gleam|p1b: Farigiraf|[spread] p1a,p1b
|-resisted|p1a: Scizor|1
|-damage|p1a: Scizor|70/100
|-damage|p1b: Farigiraf|58/100
|move|p2a: Whimsicott|Moonblast|p1b: Farigiraf
|-damage|p1b: Farigiraf|23/100
|-enditem|p1b: Farigiraf|Sitrus Berry|[eat]
|-heal|p1b: Farigiraf|48/100|[from] item: Sitrus Berry
|
|-weather|Sandstorm|[upkeep]
|-damage|p1b: Farigiraf|41/100|[from] Sandstorm
|-damage|p2b: Floette|94/100|[from] Sandstorm
|-damage|p2a: Whimsicott|37/100|[from] Sandstorm
|upkeep
|turn|3
|inactive|irongiant9214 has 30 seconds left.
|inactive|irongiant9214 has 20 seconds left.
|inactive|irongiant9214 has 15 seconds left.
|inactive|irongiant9214 has 10 seconds left.
|
|t:|1785941546
|move|p2a: Whimsicott|Protect|p2a: Whimsicott
|-singleturn|p2a: Whimsicott|Protect
|move|p2b: Floette|Protect|p2b: Floette
|-singleturn|p2b: Floette|Protect
|move|p1a: Scizor|Bullet Punch|p2b: Floette
|-activate|p2b: Floette|move: Protect
|move|p1b: Farigiraf|Psychic|p2a: Whimsicott
|-activate|p2a: Whimsicott|move: Protect
|
|-weather|Sandstorm|[upkeep]
|-damage|p1b: Farigiraf|35/100|[from] Sandstorm
|-damage|p2b: Floette|88/100|[from] Sandstorm
|-damage|p2a: Whimsicott|31/100|[from] Sandstorm
|upkeep
|turn|4
|inactive|irongiant9214 has 30 seconds left.
|
|t:|1785941580
|switch|p2a: Garchomp|Garchomp, L50, M, shiny|100/100
|move|p1a: Scizor|Bullet Punch|p2b: Floette
|-supereffective|p2b: Floette|1
|-damage|p2b: Floette|0 fnt
|faint|p2b: Floette
|-damage|p1a: Scizor|61/100|[from] item: Life Orb
|move|p1b: Farigiraf|Psychic|p2a: Garchomp
|-damage|p2a: Garchomp|62/100
|
|-weather|Sandstorm|[upkeep]
|-damage|p1b: Farigiraf|29/100|[from] Sandstorm
|upkeep
|
|t:|1785941583
|switch|p2b: Whimsicott|Whimsicott, L50, M, shiny|31/100
|turn|5
|
|t:|1785941597
|move|p2b: Whimsicott|Protect|p2b: Whimsicott
|-singleturn|p2b: Whimsicott|Protect
|move|p1b: Farigiraf|Psychic|p2b: Whimsicott
|-activate|p2b: Whimsicott|move: Protect
|move|p1a: Scizor|Tailwind|p1a: Scizor
|-sidestart|p1: Ah nick 12|move: Tailwind
|move|p2a: Garchomp|Earthquake|p1b: Farigiraf|[spread] p1a,p1b
|-activate|p2b: Whimsicott|move: Protect
|-damage|p1a: Scizor|5/100
|-damage|p1b: Farigiraf|0 fnt
|faint|p1b: Farigiraf
|-damage|p2a: Garchomp|52/100|[from] item: Life Orb
|
|-weather|none
|-fieldend|move: Trick Room
|upkeep
|
|t:|1785941608
|switch|p1b: Tyranitar|Tyranitar, L50, F|50/100g
|-weather|Sandstorm|[from] ability: Sand Stream|[of] p1b: Tyranitar
|turn|6
|
|t:|1785941630
|move|p2b: Whimsicott|Encore|p1a: Scizor
|-start|p1a: Scizor|Encore
|move|p1b: Tyranitar|Ice Punch|p2a: Garchomp
|-supereffective|p2a: Garchomp|2
|-damage|p2a: Garchomp|0 fnt
|-damage|p1b: Tyranitar|38/100|[from] ability: Rough Skin|[of] p2a: Garchomp
|faint|p2a: Garchomp
|move|p1a: Scizor|Tailwind||[still]
|-fail|p1a: Scizor
|
|-weather|Sandstorm|[upkeep]
|-damage|p2b: Whimsicott|25/100|[from] Sandstorm
|upkeep
|turn|7
|
|t:|1785941637
|switch|p1a: Garchomp|Garchomp, L50, M|100/100
|move|p1b: Tyranitar|Ice Punch|p2b: Whimsicott
|-supereffective|p2b: Whimsicott|1
|-damage|p2b: Whimsicott|0 fnt
|faint|p2b: Whimsicott
|
|win|Ah nick 12
||Ah nick 12 is ready for game 2.
|inactive|irongiant9214 has 30 seconds to confirm battle start!
|inactive|irongiant9214 has 20 seconds to confirm battle start!
|inactive|irongiant9214 has 10 seconds to confirm battle start!
||irongiant9214 is ready for game 2.
|uhtml|next|Next: Game 2 of 3
|l|☆Ah nick 12
|player|p1|
