|j|☆IpadMini1
|j|☆Mumblin'Penguin
|html|IpadMini1Mumblin'Penguin    
|uhtml|bestof|Game 1 of a best-of-3
|t:|1757797987
|gametype|doubles
|player|p1|IpadMini1|170|1190
|player|p2|Mumblin'Penguin|gambler|1272
|gen|9
|tier|[Gen 9] VGC 2025 Reg H (Bo3)
|rated|
|rule|Species Clause: Limit one of each Pokémon
|rule|Item Clause: Limit 1 of each item
|clearpoke
|poke|p1|Kingambit, L50, F|
|poke|p1|Incineroar, L50, M|
|poke|p1|Rillaboom, L50, F|
|poke|p1|Electabuzz, L50, M|
|poke|p1|Ursaluna-Bloodmoon, L50, M|
|poke|p1|Dragonite, L50, M|
|poke|p2|Ursaluna-Bloodmoon, L50, M|
|poke|p2|Gholdengo, L50|
|poke|p2|Dragonite, L50, M|
|poke|p2|Sneasler, L50, M|
|poke|p2|Incineroar, L50, M|
|poke|p2|Amoonguss, L50, F|
|teampreview|4
|showteam|p1|Kingambit||BlackGlasses|Defiant|Protect,KowtowCleave,SuckerPunch,SwordsDance|||F|||50|,,,,,Dark]Incineroar||SafetyGoggles|Intimidate|FlareBlitz,KnockOff,PartingShot,FakeOut|||M|||50|,,,,,Ghost]Rillaboom||AssaultVest|GrassySurge|WoodHammer,GrassyGlide,HighHorsepower,FakeOut|||F|||50|,,,,,Fire]Electabuzz||Eviolite|VitalSpirit|Protect,Thunderbolt,FollowMe,Taunt|||M|||50|,,,,,Ghost]Ursaluna-Bloodmoon||Leftovers|MindsEye|Protect,BloodMoon,EarthPower,CalmMind|||M|||50|,,,,,Electric]Dragonite||LoadedDice|Multiscale|Protect,ScaleShot,Haze,IronHead|||M|||50|,,,,,Steel
|showteam|p2|Ursaluna-Bloodmoon||AssaultVest|MindsEye|BloodMoon,EarthPower,VacuumWave,HyperVoice|||M|||50|,,,,,Water]Gholdengo||LifeOrb|GoodasGold|Protect,MakeItRain,ShadowBall,NastyPlot||||||50|,,,,,Water]Dragonite||LoadedDice|Multiscale|ScaleShot,Tailwind,Haze,Protect|||M|||50|,,,,,Fairy]Sneasler||FocusSash|Unburden|Protect,DireClaw,CloseCombat,ThroatChop|||M|||50|,,,,,Stellar]Incineroar||SafetyGoggles|Intimidate|KnockOff,PartingShot,FlareBlitz,FakeOut|||M|||50|,,,,,Ghost]Amoonguss||SitrusBerry|Regenerator|RagePowder,Spore,PollenPuff,Protect|||F|||50|,,,,,Psychic
|inactive|Battle timer is ON: inactive players will automatically lose when time's up. (requested by IpadMini1)
|inactive|IpadMini1 has 60 seconds left.
|inactive|Mumblin'Penguin has 60 seconds left.
|
|t:|1757798029
|teamsize|p1|4
|teamsize|p2|4
|start
|switch|p1a: Incineroar|Incineroar, L50, M|100/100
|switch|p1b: Kingambit|Kingambit, L50, F|100/100
|switch|p2a: Dragonite|Dragonite, L50, M|100/100
|switch|p2b: Ursaluna|Ursaluna-Bloodmoon, L50, M|100/100
|-ability|p1a: Incineroar|Intimidate|boost
|-unboost|p2a: Dragonite|atk|1
|-unboost|p2b: Ursaluna|atk|1
|turn|1
|
|t:|1757798046
|-terastallize|p1b: Kingambit|Dark
|move|p1a: Incineroar|Fake Out|p2b: Ursaluna
|-damage|p2b: Ursaluna|92/100
|move|p2a: Dragonite|Tailwind|p2a: Dragonite
|-sidestart|p2: Mumblin'Penguin|move: Tailwind
|cant|p2b: Ursaluna|flinch
|move|p1b: Kingambit|Kowtow Cleave|p2b: Ursaluna
|-damage|p2b: Ursaluna|31/100
|
|upkeep
|turn|2
|
|t:|1757798070
|move|p1b: Kingambit|Protect|p1b: Kingambit
|-singleturn|p1b: Kingambit|Protect
|move|p2b: Ursaluna|Vacuum Wave|p1b: Kingambit
|-activate|p1b: Kingambit|move: Protect
|move|p2a: Dragonite|Scale Shot|p1b: Kingambit
|-activate|p1b: Kingambit|move: Protect
|move|p1a: Incineroar|Parting Shot|p2a: Dragonite
|-unboost|p2a: Dragonite|atk|1
|-unboost|p2a: Dragonite|spa|1
|
|t:|1757798080
|switch|p1a: Rillaboom|Rillaboom, L50, F|100/100|[from] Parting Shot
|-fieldstart|move: Grassy Terrain|[from] ability: Grassy Surge|[of] p1a: Rillaboom
|
|-heal|p2b: Ursaluna|37/100|[from] Grassy Terrain
|upkeep
|turn|3
|
|t:|1757798095
|switch|p2b: Incineroar|Incineroar, L50, M|100/100
|-ability|p2b: Incineroar|Intimidate|boost
|-unboost|p1a: Rillaboom|atk|1
|-unboost|p1b: Kingambit|atk|1
|-ability|p1b: Kingambit|Defiant|boost
|-boost|p1b: Kingambit|atk|2
|move|p1a: Rillaboom|Fake Out|p2b: Incineroar
|-damage|p2b: Incineroar|91/100
|move|p2a: Dragonite|Haze|p2a: Dragonite
|-clearallboost
|move|p1b: Kingambit|Kowtow Cleave|p2b: Incineroar
|-resisted|p2b: Incineroar
|-damage|p2b: Incineroar|50/100
|
|-heal|p2b: Incineroar|56/100|[from] Grassy Terrain
|upkeep
|turn|4
|
|t:|1757798118
|switch|p1a: Incineroar|Incineroar, L50, M|100/100
|-ability|p1a: Incineroar|Intimidate|boost
|-unboost|p2a: Dragonite|atk|1
|-unboost|p2b: Incineroar|atk|1
|move|p2a: Dragonite|Scale Shot|p1a: Incineroar
|-damage|p1a: Incineroar|89/100
|-damage|p1a: Incineroar|79/100
|-damage|p1a: Incineroar|69/100
|-damage|p1a: Incineroar|59/100
|-hitcount|p1a: Incineroar|4
|-unboost|p2a: Dragonite|def|1
|-boost|p2a: Dragonite|spe|1
|move|p2b: Incineroar|Knock Off|p1b: Kingambit
|-resisted|p1b: Kingambit
|-damage|p1b: Kingambit|89/100
|-enditem|p1b: Kingambit|Black Glasses|[from] move: Knock Off|[of] p2b: Incineroar
|move|p1b: Kingambit|Kowtow Cleave|p2a: Dragonite
|-damage|p2a: Dragonite|48/100
|
|-heal|p2b: Incineroar|62/100|[from] Grassy Terrain
|-heal|p1a: Incineroar|65/100|[from] Grassy Terrain
|-heal|p1b: Kingambit|95/100|[from] Grassy Terrain
|-sideend|p2: Mumblin'Penguin|move: Tailwind
|upkeep
|turn|5
|inactive|IpadMini1 has 30 seconds left.
|inactive|Mumblin'Penguin has 30 seconds left.
|
|t:|1757798149
|move|p2a: Dragonite|Protect|p2a: Dragonite
|-singleturn|p2a: Dragonite|Protect
|move|p1a: Incineroar|Fake Out|p2a: Dragonite
|-activate|p2a: Dragonite|move: Protect
|move|p2b: Incineroar|Parting Shot|p1a: Incineroar
|-unboost|p1a: Incineroar|atk|1
|-unboost|p1a: Incineroar|spa|1
|
|t:|1757798157
|switch|p2b: Sneasler|Sneasler, L50, M|100/100|[from] Parting Shot
|move|p1b: Kingambit|Kowtow Cleave|p2b: Sneasler
|-resisted|p2b: Sneasler
|-damage|p2b: Sneasler|43/100
|
|-heal|p2b: Sneasler|49/100|[from] Grassy Terrain
|-heal|p1a: Incineroar|71/100|[from] Grassy Terrain
|-heal|p1b: Kingambit|100/100|[from] Grassy Terrain
|upkeep
|turn|6
|inactive|Mumblin'Penguin has 30 seconds left.
|
|t:|1757798192
|move|p2b: Sneasler|Protect|p2b: Sneasler
|-singleturn|p2b: Sneasler|Protect
|move|p2a: Dragonite|Scale Shot|p1a: Incineroar|[miss]
|-miss|p2a: Dragonite|p1a: Incineroar
|move|p1a: Incineroar|Parting Shot|p2b: Sneasler
|-activate|p2b: Sneasler|move: Protect
|move|p1b: Kingambit|Kowtow Cleave|p2a: Dragonite
|-damage|p2a: Dragonite|0 fnt
|faint|p2a: Dragonite
|
|-heal|p2b: Sneasler|55/100|[from] Grassy Terrain
|-heal|p1a: Incineroar|77/100|[from] Grassy Terrain
|-fieldend|move: Grassy Terrain
|upkeep
|
|t:|1757798205
|switch|p2a: Ursaluna|Ursaluna-Bloodmoon, L50, M|37/100
|turn|7
|
|t:|1757798220
|switch|p1a: Rillaboom|Rillaboom, L50, F|100/100
|-fieldstart|move: Grassy Terrain|[from] ability: Grassy Surge|[of] p1a: Rillaboom
|move|p1b: Kingambit|Protect|p1b: Kingambit
|-singleturn|p1b: Kingambit|Protect
|move|p2b: Sneasler|Close Combat|p1b: Kingambit
|-activate|p1b: Kingambit|move: Protect
|move|p2a: Ursaluna|Blood Moon|p1a: Rillaboom
|-damage|p1a: Rillaboom|42/100
|
|-heal|p2b: Sneasler|60/100|[from] Grassy Terrain
|-heal|p1a: Rillaboom|48/100|[from] Grassy Terrain
|-heal|p2a: Ursaluna|43/100|[from] Grassy Terrain
|upkeep
|turn|8
|
|t:|1757798244
|move|p1a: Rillaboom|Fake Out|p2b: Sneasler
|-damage|p2b: Sneasler|37/100
|cant|p2b: Sneasler|flinch
|move|p2a: Ursaluna|Hyper Voice|p1b: Kingambit|[spread] p1a,p1b
|-damage|p1a: Rillaboom|21/100
|-damage|p1b: Kingambit|62/100
|move|p1b: Kingambit|Kowtow Cleave|p2a: Ursaluna
|-damage|p2a: Ursaluna|0 fnt
|faint|p2a: Ursaluna
|
|-heal|p2b: Sneasler|43/100|[from] Grassy Terrain
|-heal|p1a: Rillaboom|27/100|[from] Grassy Terrain
|-heal|p1b: Kingambit|68/100|[from] Grassy Terrain
|upkeep
|
|t:|1757798257
|switch|p2a: Incineroar|Incineroar, L50, M|62/100
|-ability|p2a: Incineroar|Intimidate|boost
|-unboost|p1a: Rillaboom|atk|1
|-unboost|p1b: Kingambit|atk|1
|-ability|p1b: Kingambit|Defiant|boost
|-boost|p1b: Kingambit|atk|2
|turn|9
|
|t:|1757798278
|switch|p1a: Incineroar|Incineroar, L50, M|77/100
|-ability|p1a: Incineroar|Intimidate|boost
|-unboost|p2a: Incineroar|atk|1
|-unboost|p2b: Sneasler|atk|1
|move|p1b: Kingambit|Protect|p1b: Kingambit
|-singleturn|p1b: Kingambit|Protect
|move|p2a: Incineroar|Fake Out|p1b: Kingambit
|-activate|p1b: Kingambit|move: Protect
|move|p2b: Sneasler|Dire Claw|p1a: Incineroar
|-damage|p1a: Incineroar|50/100
|-status|p1a: Incineroar|psn
|
|-heal|p2b: Sneasler|49/100|[from] Grassy Terrain
|-heal|p2a: Incineroar|68/100|[from] Grassy Terrain
|-heal|p1a: Incineroar|56/100 psn|[from] Grassy Terrain
|-heal|p1b: Kingambit|74/100|[from] Grassy Terrain
|-damage|p1a: Incineroar|44/100 psn|[from] psn
|upkeep
|turn|10
|
|t:|1757798301
|-terastallize|p2a: Incineroar|Ghost
|move|p2b: Sneasler|Protect|p2b: Sneasler
|-singleturn|p2b: Sneasler|Protect
|move|p1a: Incineroar|Fake Out|p2b: Sneasler
|-activate|p2b: Sneasler|move: Protect
|move|p2a: Incineroar|Flare Blitz|p1b: Kingambit
|-damage|p1b: Kingambit|48/100
|-damage|p2a: Incineroar|60/100|[from] Recoil
|move|p1b: Kingambit|Kowtow Cleave|p2a: Incineroar
|-supereffective|p2a: Incineroar
|-damage|p2a: Incineroar|0 fnt
|faint|p2a: Incineroar
|
|-heal|p2b: Sneasler|55/100|[from] Grassy Terrain
|-heal|p1a: Incineroar|50/100 psn|[from] Grassy Terrain
|-heal|p1b: Kingambit|54/100|[from] Grassy Terrain
|-damage|p1a: Incineroar|37/100 psn|[from] psn
|upkeep
|turn|11
|
|t:|1757798320
|move|p1b: Kingambit|Sucker Punch|p2b: Sneasler
|-resisted|p2b: Sneasler
|-damage|p2b: Sneasler|0 fnt
|faint|p2b: Sneasler
|
|win|IpadMini1
||Mumblin'Penguin is ready for game 2.
||IpadMini1 is ready for game 2.
|uhtml|next|Next: Game 2 of 3
|l|☆Mumblin'Penguin
|player|p2|
