|j|☆marcosdeltasena31
|j|☆MoonEnthusiast
|html|marcosdeltasena31MoonEnthusiast    
|uhtml|bestof|Game 1 of a best-of-3
|t:|1757714224
|gametype|doubles
|player|p1|marcosdeltasena31|hilbert|1427
|player|p2|MoonEnthusiast|parasollady|1275
|gen|9
|tier|[Gen 9] VGC 2025 Reg H (Bo3)
|rated|
|rule|Species Clause: Limit one of each Pokémon
|rule|Item Clause: Limit 1 of each item
|clearpoke
|poke|p1|Dragonite, L50, F|
|poke|p1|Sneasler, L50, F|
|poke|p1|Volcarona, L50, F|
|poke|p1|Rillaboom, L50, M|
|poke|p1|Kingambit, L50, F|
|poke|p1|Electabuzz, L50, F|
|poke|p2|Primarina, L50, F|
|poke|p2|Gothitelle, L50, F|
|poke|p2|Amoonguss, L50, M|
|poke|p2|Incineroar, L50, M|
|poke|p2|Ursaluna-Bloodmoon, L50, M|
|poke|p2|Volcarona, L50, M|
|teampreview|4
|showteam|p1|Dragonite||LoadedDice|Multiscale|ScaleShot,ExtremeSpeed,Haze,Protect|||F|||50|,,,,,Fairy]Sneasler||FocusSash|PoisonTouch|DireClaw,CloseCombat,FakeOut,Coaching|||F|||50|,,,,,Ghost]Volcarona||CovertCloak|FlameBody|HeatWave,TeraBlast,QuiverDance,Protect|||F|||50|,,,,,Fairy]Rillaboom||AssaultVest|GrassySurge|WoodHammer,FakeOut,GrassyGlide,HighHorsepower|||M|||50|,,,,,Fire]Kingambit||BlackGlasses|Defiant|KowtowCleave,SwordsDance,SuckerPunch,Protect|||F|||50|,,,,,Dark]Electabuzz||Eviolite|VitalSpirit|Thunderbolt,FollowMe,Taunt,Protect|||F|||50|,,,,,Ghost
|showteam|p2|Primarina||SitrusBerry|LiquidVoice|Protect,HyperVoice,Moonblast,PerishSong|||F|||50|,,,,,Steel]Gothitelle||MentalHerb|ShadowTag|Protect,Psychic,TrickRoom,FakeOut|||F|||50|,,,,,Water]Amoonguss||RockyHelmet|Regenerator|Protect,PollenPuff,RagePowder,Spore|||M|||50|,,,,,Psychic]Incineroar||SafetyGoggles|Intimidate|Protect,KnockOff,PartingShot,FakeOut|||M|||50|,,,,,Ghost]Ursaluna-Bloodmoon||LifeOrb|MindsEye|Protect,HyperVoice,BloodMoon,EarthPower|||M|||50|,,,,,Normal]Volcarona||CovertCloak|FlameBody|Protect,Flamethrower,BugBuzz,QuiverDance|||M|||50|,,,,,Fairy
|inactive|Battle timer is ON: inactive players will automatically lose when time's up. (requested by MoonEnthusiast)
|inactive|marcosdeltasena31 has 60 seconds left.
|
|t:|1757714265
|teamsize|p1|4
|teamsize|p2|4
|start
|switch|p1a: Volcarona|Volcarona, L50, F|100/100
|switch|p1b: Sneasler|Sneasler, L50, F|100/100
|switch|p2a: Amoonguss|Amoonguss, L50, M|100/100
|switch|p2b: Ursaluna|Ursaluna-Bloodmoon, L50, M|100/100
|turn|1
|
|t:|1757714290
|move|p2b: Ursaluna|Protect|p2b: Ursaluna
|-singleturn|p2b: Ursaluna|Protect
|move|p1b: Sneasler|Fake Out|p2a: Amoonguss
|-damage|p2a: Amoonguss|89/100
|-damage|p1b: Sneasler|84/100|[from] item: Rocky Helmet|[of] p2a: Amoonguss
|move|p1a: Volcarona|Quiver Dance|p1a: Volcarona
|-boost|p1a: Volcarona|spa|1
|-boost|p1a: Volcarona|spd|1
|-boost|p1a: Volcarona|spe|1
|cant|p2a: Amoonguss|flinch
|
|upkeep
|turn|2
|
|t:|1757714308
|-terastallize|p2b: Ursaluna|Normal
|move|p2a: Amoonguss|Rage Powder|p2a: Amoonguss
|-singleturn|p2a: Amoonguss|move: Rage Powder
|move|p1a: Volcarona|Heat Wave|p2b: Ursaluna|[spread] p2b
|-miss|p1a: Volcarona|p2a: Amoonguss
|-damage|p2b: Ursaluna|42/100
|move|p1b: Sneasler|Close Combat|p2a: Amoonguss
|-resisted|p2a: Amoonguss
|-damage|p2a: Amoonguss|65/100
|-unboost|p1b: Sneasler|def|1
|-unboost|p1b: Sneasler|spd|1
|-damage|p1b: Sneasler|67/100|[from] item: Rocky Helmet|[of] p2a: Amoonguss
|move|p2b: Ursaluna|Blood Moon|p1a: Volcarona
|-damage|p1a: Volcarona|5/100
|-damage|p2b: Ursaluna|32/100|[from] item: Life Orb
|
|upkeep
|turn|3
|
|t:|1757714328
|switch|p2a: Incineroar|Incineroar, L50, M|100/100
|-ability|p2a: Incineroar|Intimidate|boost
|-unboost|p1a: Volcarona|atk|1
|-unboost|p1b: Sneasler|atk|1
|move|p2b: Ursaluna|Protect|p2b: Ursaluna
|-singleturn|p2b: Ursaluna|Protect
|move|p1a: Volcarona|Heat Wave|p2b: Ursaluna|[spread] p2a
|-activate|p2b: Ursaluna|move: Protect
|-resisted|p2a: Incineroar
|-damage|p2a: Incineroar|77/100
|move|p1b: Sneasler|Dire Claw|p2a: Incineroar
|-damage|p2a: Incineroar|57/100
|-status|p2a: Incineroar|psn
|
|-damage|p2a: Incineroar|45/100 psn|[from] psn
|upkeep
|turn|4
|
|t:|1757714347
|switch|p1b: Rillaboom|Rillaboom, L50, M|100/100
|-fieldstart|move: Grassy Terrain|[from] ability: Grassy Surge|[of] p1b: Rillaboom
|switch|p2b: Amoonguss|Amoonguss, L50, M|98/100
|move|p1a: Volcarona|Protect|p1a: Volcarona
|-singleturn|p1a: Volcarona|Protect
|move|p2a: Incineroar|Fake Out|p1a: Volcarona
|-activate|p1a: Volcarona|move: Protect
|
|-heal|p1a: Volcarona|11/100|[from] Grassy Terrain
|-heal|p2a: Incineroar|50/100 psn|[from] Grassy Terrain
|-heal|p2b: Amoonguss|100/100|[from] Grassy Terrain
|-damage|p2a: Incineroar|38/100 psn|[from] psn
|upkeep
|turn|5
|
|t:|1757714363
|move|p1a: Volcarona|Heat Wave|p2b: Amoonguss|[spread] p2a,p2b
|-resisted|p2a: Incineroar
|-supereffective|p2b: Amoonguss
|-damage|p2a: Incineroar|16/100 psn
|-damage|p2b: Amoonguss|10/100
|move|p1b: Rillaboom|High Horsepower|p2a: Incineroar
|-supereffective|p2a: Incineroar
|-damage|p2a: Incineroar|0 fnt
|faint|p2a: Incineroar
|move|p2b: Amoonguss|Spore|p1a: Volcarona
|-status|p1a: Volcarona|slp|[from] move: Spore
|
|-heal|p1a: Volcarona|17/100 slp|[from] Grassy Terrain
|-heal|p2b: Amoonguss|15/100|[from] Grassy Terrain
|upkeep
|
|t:|1757714371
|switch|p2a: Volcarona|Volcarona, L50, M|100/100
|turn|6
|
|t:|1757714382
|cant|p1a: Volcarona|slp
|move|p2a: Volcarona|Flamethrower|p1a: Volcarona
|-damage|p1a: Volcarona|0 fnt
|faint|p1a: Volcarona
|move|p1b: Rillaboom|High Horsepower|p2b: Amoonguss
|-damage|p2b: Amoonguss|0 fnt
|-damage|p1b: Rillaboom|84/100|[from] item: Rocky Helmet|[of] p2b: Amoonguss
|faint|p2b: Amoonguss
|
|-heal|p1b: Rillaboom|90/100|[from] Grassy Terrain
|upkeep
|
|t:|1757714392
|switch|p1a: Kingambit|Kingambit, L50, F|100/100
|switch|p2b: Ursaluna|Ursaluna-Bloodmoon, L50, M, tera:Normal|32/100
|turn|7
|
|t:|1757714407
|-terastallize|p1a: Kingambit|Dark
|move|p2b: Ursaluna|Protect|p2b: Ursaluna
|-singleturn|p2b: Ursaluna|Protect
|move|p2a: Volcarona|Flamethrower|p1a: Kingambit
|-damage|p1a: Kingambit|54/100
|move|p1b: Rillaboom|Wood Hammer|p2b: Ursaluna
|-activate|p2b: Ursaluna|move: Protect
|move|p1a: Kingambit|Swords Dance|p1a: Kingambit
|-boost|p1a: Kingambit|atk|2
|
|-heal|p1b: Rillaboom|96/100|[from] Grassy Terrain
|-heal|p1a: Kingambit|60/100|[from] Grassy Terrain
|-heal|p2b: Ursaluna|38/100|[from] Grassy Terrain
|upkeep
|turn|8
|
|t:|1757714423
|move|p1a: Kingambit|Sucker Punch||[still]
|-fail|p1a: Kingambit
|move|p2a: Volcarona|Quiver Dance|p2a: Volcarona
|-boost|p2a: Volcarona|spa|1
|-boost|p2a: Volcarona|spd|1
|-boost|p2a: Volcarona|spe|1
|move|p1b: Rillaboom|Wood Hammer|p2b: Ursaluna
|-damage|p2b: Ursaluna|0 fnt
|faint|p2b: Ursaluna
|-damage|p1b: Rillaboom|83/100|[from] Recoil
|
|-heal|p1b: Rillaboom|88/100|[from] Grassy Terrain
|-heal|p1a: Kingambit|66/100|[from] Grassy Terrain
|-fieldend|move: Grassy Terrain
|upkeep
|turn|9
|
|t:|1757714434
|move|p1a: Kingambit|Sucker Punch||[still]
|-fail|p1a: Kingambit
|move|p2a: Volcarona|Quiver Dance|p2a: Volcarona
|-boost|p2a: Volcarona|spa|1
|-boost|p2a: Volcarona|spd|1
|-boost|p2a: Volcarona|spe|1
|move|p1b: Rillaboom|High Horsepower|p2a: Volcarona
|-damage|p2a: Volcarona|59/100
|
|upkeep
|turn|10
|
|t:|1757714444
|move|p2a: Volcarona|Protect|p2a: Volcarona
|-singleturn|p2a: Volcarona|Protect
|move|p1a: Kingambit|Sucker Punch||[still]
|-fail|p1a: Kingambit
|move|p1b: Rillaboom|High Horsepower|p2a: Volcarona
|-activate|p2a: Volcarona|move: Protect
|
|upkeep
|turn|11
|
|t:|1757714453
|move|p1a: Kingambit|Sucker Punch||[still]
|-fail|p1a: Kingambit
|move|p2a: Volcarona|Quiver Dance|p2a: Volcarona
|-boost|p2a: Volcarona|spa|1
|-boost|p2a: Volcarona|spd|1
|-boost|p2a: Volcarona|spe|1
|move|p1b: Rillaboom|High Horsepower|p2a: Volcarona
|-damage|p2a: Volcarona|19/100
|-status|p1b: Rillaboom|brn|[from] ability: Flame Body|[of] p2a: Volcarona
|
|-damage|p1b: Rillaboom|83/100 brn|[from] brn
|upkeep
|turn|12
|
|t:|1757714469
|move|p1a: Kingambit|Sucker Punch|p2a: Volcarona
|-damage|p2a: Volcarona|0 fnt
|faint|p2a: Volcarona
|
|win|marcosdeltasena31
|l|☆MoonEnthusiast
|player|p2|
|inactive|marcosdeltasena31 has 30 seconds to confirm battle start!
|inactive|MoonEnthusiast has 30 seconds to confirm battle start!
||MoonEnthusiast is ready for game 2.
||marcosdeltasena31 is ready for game 2.
|uhtml|next|Next: Game 2 of 3
