|j|☆heinemann_
|j|☆mackerjuan
|html|heinemann_mackerjuan    
|uhtml|bestof|Game 2 of a best-of-3
|t:|1756295989
|gametype|doubles
|player|p1|heinemann_|swimmer|1174
|player|p2|mackerjuan|266|1201
|gen|9
|tier|[Gen 9] VGC 2025 Reg H (Bo3)
|rated|
|rule|Species Clause: Limit one of each Pokémon
|rule|Item Clause: Limit 1 of each item
|clearpoke
|poke|p1|Dragonite, L50, F|
|poke|p1|Sneasler, L50, F|
|poke|p1|Incineroar, L50, F|
|poke|p1|Amoonguss, L50, M|
|poke|p1|Gholdengo, L50|
|poke|p1|Ursaluna-Bloodmoon, L50, M|
|poke|p2|Incineroar, L50, F|
|poke|p2|Gholdengo, L50|
|poke|p2|Porygon2, L50|
|poke|p2|Ursaluna, L50, F|
|poke|p2|Amoonguss, L50, F|
|poke|p2|Hydreigon, L50, M|
|teampreview|4
|showteam|p1|Dragonite||LoadedDice|Multiscale|ScaleShot,Tailwind,Haze,Protect|||F|||50|,,,,,Fairy]Sneasler||FocusSash|Unburden|CloseCombat,DireClaw,ThroatChop,Protect|||F|||50|,,,,,Dark]Incineroar||SafetyGoggles|Intimidate|FakeOut,PartingShot,FlareBlitz,KnockOff|||F|||50|,,,,,Ghost]Amoonguss||SitrusBerry|Regenerator|Spore,RagePowder,PollenPuff,Protect|||M|||50|,,,,,Psychic]Gholdengo||LifeOrb|GoodasGold|MakeItRain,ShadowBall,NastyPlot,Protect||||||50|,,,,,Water]Ursaluna-Bloodmoon||AssaultVest|MindsEye|BloodMoon,HyperVoice,EarthPower,VacuumWave|||M|||50|,,,,,Water
|showteam|p2|Incineroar||SafetyGoggles|Intimidate|FlareBlitz,KnockOff,FakeOut,PartingShot|||F|||50|,,,,,Ghost]Gholdengo||LifeOrb|GoodasGold|MakeItRain,ShadowBall,NastyPlot,Protect||||||50|,,,,,Water]Porygon2||Eviolite|Download|TeraBlast,IceBeam,Recover,TrickRoom||||||50|,,,,,Fighting]Ursaluna||FlameOrb|Guts|Facade,HeadlongRush,Earthquake,Protect|||F|||50|,,,,,Ghost]Amoonguss||SitrusBerry|Regenerator|PollenPuff,Spore,RagePowder,Protect|||F|||50|,,,,,Water]Hydreigon||CovertCloak|Levitate|Taunt,Tailwind,DracoMeteor,Snarl|||M|||50|,,,,,Steel
|inactive|Battle timer is ON: inactive players will automatically lose when time's up. (requested by mackerjuan)
|
|t:|1756296011
|teamsize|p1|4
|teamsize|p2|4
|start
|switch|p1a: Incineroar|Incineroar, L50, F|100/100
|switch|p1b: Sneasler|Sneasler, L50, F|100/100
|switch|p2a: Gholdengo|Gholdengo, L50|100/100
|switch|p2b: Incineroar|Incineroar, L50, F|100/100
|-ability|p1a: Incineroar|Intimidate|boost
|-unboost|p2a: Gholdengo|atk|1
|-unboost|p2b: Incineroar|atk|1
|-ability|p2b: Incineroar|Intimidate|boost
|-unboost|p1a: Incineroar|atk|1
|-unboost|p1b: Sneasler|atk|1
|turn|1
|inactive|mackerjuan has 30 seconds left.
|inactive|mackerjuan has 20 seconds left.
|inactive|mackerjuan has 15 seconds left.
|inactive|mackerjuan has 10 seconds left.
|inactive|mackerjuan has 5 seconds left.
|
|t:|1756296063
|move|p2a: Gholdengo|Protect|p2a: Gholdengo
|-singleturn|p2a: Gholdengo|Protect
|move|p1a: Incineroar|Fake Out|p2a: Gholdengo
|-activate|p2a: Gholdengo|move: Protect
|move|p1b: Sneasler|Close Combat|p2b: Incineroar
|-supereffective|p2b: Incineroar
|-damage|p2b: Incineroar|29/100
|-unboost|p1b: Sneasler|def|1
|-unboost|p1b: Sneasler|spd|1
|move|p2b: Incineroar|Parting Shot|p1b: Sneasler
|-unboost|p1b: Sneasler|atk|1
|-unboost|p1b: Sneasler|spa|1
|
|t:|1756296075
|switch|p2b: Amoonguss|Amoonguss, L50, F|100/100|[from] Parting Shot
|
|upkeep
|turn|2
|inactive|mackerjuan has 30 seconds left.
|
|t:|1756296114
|switch|p1b: Ursaluna|Ursaluna-Bloodmoon, L50, M|100/100
|switch|p2b: Incineroar|Incineroar, L50, F|29/100
|-ability|p2b: Incineroar|Intimidate|boost
|-unboost|p1a: Incineroar|atk|1
|-unboost|p1b: Ursaluna|atk|1
|-terastallize|p2a: Gholdengo|Water
|move|p2a: Gholdengo|Shadow Ball|p1b: Ursaluna
|-immune|p1b: Ursaluna
|move|p1a: Incineroar|Knock Off|p2b: Incineroar
|-resisted|p2b: Incineroar
|-damage|p2b: Incineroar|19/100
|-enditem|p2b: Incineroar|Safety Goggles|[from] move: Knock Off|[of] p1a: Incineroar
|
|upkeep
|turn|3
|
|t:|1756296135
|move|p2b: Incineroar|Fake Out|p1b: Ursaluna
|-damage|p1b: Ursaluna|91/100
|cant|p1b: Ursaluna|flinch
|move|p2a: Gholdengo|Nasty Plot|p2a: Gholdengo
|-boost|p2a: Gholdengo|spa|2
|move|p1a: Incineroar|Knock Off|p2a: Gholdengo
|-damage|p2a: Gholdengo|76/100
|-enditem|p2a: Gholdengo|Life Orb|[from] move: Knock Off|[of] p1a: Incineroar
|
|upkeep
|turn|4
|
|t:|1756296158
|switch|p2b: Hydreigon|Hydreigon, L50, M|100/100
|move|p2a: Gholdengo|Protect|p2a: Gholdengo
|-singleturn|p2a: Gholdengo|Protect
|move|p1a: Incineroar|Flare Blitz|p2b: Hydreigon
|-resisted|p2b: Hydreigon
|-damage|p2b: Hydreigon|87/100
|-damage|p1a: Incineroar|96/100|[from] Recoil
|move|p1b: Ursaluna|Blood Moon|p2a: Gholdengo
|-activate|p2a: Gholdengo|move: Protect
|
|upkeep
|turn|5
|
|t:|1756296181
|move|p2b: Hydreigon|Snarl|p1a: Incineroar|[spread] p1a,p1b
|-resisted|p1a: Incineroar
|-damage|p1a: Incineroar|88/100
|-damage|p1b: Ursaluna|80/100
|-unboost|p1a: Incineroar|spa|1
|-unboost|p1b: Ursaluna|spa|1
|move|p2a: Gholdengo|Make It Rain|p1b: Ursaluna|[spread] p1a,p1b
|-resisted|p1a: Incineroar
|-damage|p1a: Incineroar|51/100
|-damage|p1b: Ursaluna|29/100
|-unboost|p2a: Gholdengo|spa|1
|move|p1a: Incineroar|Parting Shot|p2b: Hydreigon
|-unboost|p2b: Hydreigon|atk|1
|-unboost|p2b: Hydreigon|spa|1
|
|t:|1756296196
|switch|p1a: Sneasler|Sneasler, L50, F|100/100|[from] Parting Shot
|move|p1b: Ursaluna|Hyper Voice|p2a: Gholdengo|[spread] p2a,p2b
|-damage|p2a: Gholdengo|51/100
|-damage|p2b: Hydreigon|61/100
|
|upkeep
|turn|6
|inactive|heinemann_ has 30 seconds left.
|
|t:|1756296226
|switch|p2b: Amoonguss|Amoonguss, L50, F|100/100
|move|p2a: Gholdengo|Protect|p2a: Gholdengo
|-singleturn|p2a: Gholdengo|Protect
|move|p1a: Sneasler|Close Combat|p2a: Gholdengo
|-activate|p2a: Gholdengo|move: Protect
|move|p1b: Ursaluna|Blood Moon|p2b: Amoonguss
|-damage|p2b: Amoonguss|62/100
|
|upkeep
|turn|7
|inactive|heinemann_ has 30 seconds left.
|
|t:|1756296252
|switch|p1b: Incineroar|Incineroar, L50, F|51/100
|-ability|p1b: Incineroar|Intimidate|boost
|-unboost|p2a: Gholdengo|atk|1
|-unboost|p2b: Amoonguss|atk|1
|move|p2b: Amoonguss|Rage Powder|p2b: Amoonguss
|-singleturn|p2b: Amoonguss|move: Rage Powder
|move|p1a: Sneasler|Dire Claw|p2b: Amoonguss
|-damage|p2b: Amoonguss|23/100
|-status|p2b: Amoonguss|par
|-enditem|p2b: Amoonguss|Sitrus Berry|[eat]
|-heal|p2b: Amoonguss|48/100 par|[from] item: Sitrus Berry
|move|p2a: Gholdengo|Make It Rain|p1b: Incineroar|[spread] p1a,p1b
|-resisted|p1b: Incineroar
|-damage|p1a: Sneasler|19/100
|-damage|p1b: Incineroar|23/100
|-unboost|p2a: Gholdengo|spa|1
|
|upkeep
|turn|8
|inactive|heinemann_ has 30 seconds left.
|
|t:|1756296285
|switch|p2a: Incineroar|Incineroar, L50, F|19/100
|-ability|p2a: Incineroar|Intimidate|boost
|-unboost|p1a: Sneasler|atk|1
|-unboost|p1b: Incineroar|atk|1
|switch|p2b: Hydreigon|Hydreigon, L50, M|61/100
|move|p1b: Incineroar|Fake Out|p2a: Incineroar
|-damage|p2a: Incineroar|12/100
|move|p1a: Sneasler|Dire Claw|p2b: Hydreigon
|-damage|p2b: Hydreigon|31/100
|
|upkeep
|turn|9
|
|t:|1756296308
|switch|p1b: Dragonite|Dragonite, L50, F|100/100
|move|p1a: Sneasler|Protect|p1a: Sneasler
|-singleturn|p1a: Sneasler|Protect
|move|p2a: Incineroar|Fake Out|p1a: Sneasler
|-activate|p1a: Sneasler|move: Protect
|move|p2b: Hydreigon|Tailwind|p2b: Hydreigon
|-sidestart|p2: mackerjuan|move: Tailwind
|
|upkeep
|turn|10
|inactive|heinemann_ has 30 seconds left.
|
|t:|1756296336
|switch|p1a: Incineroar|Incineroar, L50, F|23/100
|-ability|p1a: Incineroar|Intimidate|boost
|-unboost|p2a: Incineroar|atk|1
|-unboost|p2b: Hydreigon|atk|1
|-terastallize|p1b: Dragonite|Fairy
|move|p2b: Hydreigon|Draco Meteor|p1a: Incineroar
|-crit|p1a: Incineroar
|-damage|p1a: Incineroar|0 fnt
|-unboost|p2b: Hydreigon|spa|2
|faint|p1a: Incineroar
|move|p2a: Incineroar|Parting Shot|p1b: Dragonite
|-unboost|p1b: Dragonite|atk|1
|-unboost|p1b: Dragonite|spa|1
|
|t:|1756296348
|switch|p2a: Amoonguss|Amoonguss, L50, F|81/100 par|[from] Parting Shot
|move|p1b: Dragonite|Scale Shot|p2b: Hydreigon
|-supereffective|p2b: Hydreigon
|-damage|p2b: Hydreigon|11/100
|-supereffective|p2b: Hydreigon
|-damage|p2b: Hydreigon|0 fnt
|faint|p2b: Hydreigon
|-hitcount|p2: Hydreigon|2
|-unboost|p1b: Dragonite|def|1
|-boost|p1b: Dragonite|spe|1
|
|upkeep
|
|t:|1756296361
|switch|p2b: Gholdengo|Gholdengo, L50, tera:Water|51/100
|switch|p1a: Sneasler|Sneasler, L50, F|19/100
|turn|11
|inactive|mackerjuan has 30 seconds left.
|
|t:|1756296389
|move|p2a: Amoonguss|Rage Powder|p2a: Amoonguss
|-singleturn|p2a: Amoonguss|move: Rage Powder
|move|p2b: Gholdengo|Make It Rain|p1b: Dragonite|[spread] p1a,p1b
|-supereffective|p1b: Dragonite
|-damage|p1a: Sneasler|0 fnt
|-damage|p1b: Dragonite|58/100
|-unboost|p2b: Gholdengo|spa|1
|faint|p1a: Sneasler
|move|p1b: Dragonite|Scale Shot|p2a: Amoonguss
|-damage|p2a: Amoonguss|72/100 par
|-damage|p2a: Amoonguss|62/100 par
|-damage|p2a: Amoonguss|52/100 par
|-damage|p2a: Amoonguss|43/100 par
|-hitcount|p2a: Amoonguss|4
|-unboost|p1b: Dragonite|def|1
|-boost|p1b: Dragonite|spe|1
|
|upkeep
|
|t:|1756296404
|switch|p1a: Ursaluna|Ursaluna-Bloodmoon, L50, M|29/100
|turn|12
|
|t:|1756296419
|move|p2a: Amoonguss|Rage Powder|p2a: Amoonguss
|-singleturn|p2a: Amoonguss|move: Rage Powder
|move|p2b: Gholdengo|Make It Rain|p1b: Dragonite|[spread] p1a,p1b
|-supereffective|p1b: Dragonite
|-damage|p1a: Ursaluna|12/100
|-damage|p1b: Dragonite|0 fnt
|-unboost|p2b: Gholdengo|spa|1
|faint|p1b: Dragonite
|move|p1a: Ursaluna|Hyper Voice|p2b: Gholdengo|[spread] p2a,p2b
|-damage|p2a: Amoonguss|16/100 par
|-damage|p2b: Gholdengo|15/100
|
|-sideend|p2: mackerjuan|move: Tailwind
|upkeep
|turn|13
|
|t:|1756296434
|move|p1a: Ursaluna|Vacuum Wave|p2b: Gholdengo
|-damage|p2b: Gholdengo|0 fnt
|faint|p2b: Gholdengo
|move|p2a: Amoonguss|Pollen Puff|p1a: Ursaluna
|-damage|p1a: Ursaluna|0 fnt
|faint|p1a: Ursaluna
|
|win|mackerjuan
|raw|heinemann_'s rating: 1174 → 1151(-23 for losing)
|raw|mackerjuan's rating: 1201 → 1224(+23 for winning)
|l|☆heinemann_
|player|p1|
