|j|☆Huasometa
|j|☆breloomb01
|html|Huasometabreloomb01    
|uhtml|bestof|Game 2 of a best-of-3
|t:|1783656537
|gametype|doubles
|player|p1|Huasometa|elesa|1201
|player|p2|breloomb01|roughneck|1312
|gen|9
|tier|[Gen 9 Champions] VGC 2026 Reg M-B (Bo3)
|rated|
|rule|Species Clause: Limit one of each Pokémon
|rule|Item Clause: Limit 1 of each item
|clearpoke
|poke|p1|Chandelure, L50, M|
|poke|p1|Kangaskhan, L50, F|
|poke|p1|Sylveon, L50, M|
|poke|p1|Kingambit, L50, F|
|poke|p1|Rotom-Wash, L50|
|poke|p1|Venusaur, L50, F|
|poke|p2|Gengar, L50, F, shiny|
|poke|p2|Swampert, L50, M, shiny|
|poke|p2|Incineroar, L50, F, shiny|
|poke|p2|Politoed, L50, M, shiny|
|poke|p2|Archaludon, L50, M, shiny|
|poke|p2|Vivillon-Polar, L50, M|
|teampreview|4
|showteam|p1|Chandelure||FocusSash|FlashFire|HeatWave,ShadowBall,TrickRoom,Taunt|Quiet||M|||50|]Kangaskhan||Kangaskhanite|InnerFocus|FakeOut,DoubleEdge,SuckerPunch,HammerArm|Brave||F|||50|]Sylveon||FairyFeather|Pixilate|HyperVoice,Protect,HyperBeam,QuickAttack|Quiet||M|||50|]Kingambit||BlackGlasses|Defiant|KowtowCleave,SuckerPunch,IronHead,Protect|Brave||F|||50|]Rotom-Wash||SitrusBerry|Levitate|ThunderWave,VoltSwitch,HydroPump,Protect|Calm|||||50|]Venusaur||Venusaurite|Chlorophyll|EarthPower,SleepPowder,GigaDrain,Protect|Modest||F|||50|
|showteam|p2|Gengar||Gengarite|CursedBody|ShadowBall,PerishSong,SludgeBomb,Protect|Timid||F|||50|]Swampert||Swampertite|Torrent|WaveCrash,Earthquake,IcePunch,Protect|Adamant||M|||50|]Incineroar||PasshoBerry|Intimidate|ThroatChop,PartingShot,FakeOut,Protect|Sassy||F|||50|]Politoed||SitrusBerry|Drizzle|WeatherBall,PerishSong,Encore,Protect|Calm||M|||50|]Archaludon||Leftovers|Stamina|DragonPulse,FlashCannon,ElectroShot,Protect|Bold||M|||50|]Vivillon-Polar||FocusSash|CompoundEyes|Hurricane,SleepPowder,RagePowder,Protect|Timid||M|||50|
|inactive|Battle timer is ON: inactive players will automatically lose when time's up. (requested by breloomb01)
|inactive|Huasometa has 60 seconds left.
|inactive|Huasometa has 30 seconds left.
|
|t:|1783656602
|teamsize|p1|4
|teamsize|p2|4
|start
|switch|p1a: Rotom|Rotom-Wash, L50|100/100
|switch|p1b: Sylveon|Sylveon, L50, M|100/100
|switch|p2a: Swampert|Swampert, L50, M, shiny|100/100
|switch|p2b: Vivillon|Vivillon-Polar, L50, M|100/100
|turn|1
|
|t:|1783656614
|detailschange|p2a: Swampert|Swampert-Mega, L50, M, shiny
|-mega|p2a: Swampert|Swampert|Swampertite
|move|p1a: Rotom|Protect|p1a: Rotom
|-singleturn|p1a: Rotom|Protect
|move|p1b: Sylveon|Protect|p1b: Sylveon
|-singleturn|p1b: Sylveon|Protect
|move|p2b: Vivillon|Sleep Powder|p1a: Rotom
|-activate|p1a: Rotom|move: Protect
|move|p2a: Swampert|Wave Crash|p1b: Sylveon
|-activate|p1b: Sylveon|move: Protect
|
|upkeep
|turn|2
|
|t:|1783656628
|move|p2b: Vivillon|Sleep Powder|p1a: Rotom
|-status|p1a: Rotom|slp|[from] move: Sleep Powder
|move|p2a: Swampert|Earthquake|p1b: Sylveon|[spread] p1b
|-immune|p2b: Vivillon
|-immune|p1a: Rotom|[from] ability: Levitate
|-damage|p1b: Sylveon|52/100
|cant|p1a: Rotom|slp
|move|p1b: Sylveon|Hyper Voice|p2b: Vivillon|[spread] p2a,p2b
|-damage|p2a: Swampert|61/100
|-damage|p2b: Vivillon|6/100
|
|upkeep
|turn|3
|
|t:|1783656645
|switch|p2b: Archaludon|Archaludon, L50, M, shiny|100/100
|move|p1b: Sylveon|Protect|p1b: Sylveon
|-singleturn|p1b: Sylveon|Protect
|move|p2a: Swampert|Wave Crash|p1b: Sylveon
|-activate|p1b: Sylveon|move: Protect
|cant|p1a: Rotom|slp
|
|upkeep
|turn|4
|
|t:|1783656665
|switch|p2a: Politoed|Politoed, L50, M, shiny|100/100
|-weather|RainDance|[from] ability: Drizzle|[of] p2a: Politoed
|move|p1b: Sylveon|Quick Attack|p2a: Politoed
|-damage|p2a: Politoed|87/100
|move|p2b: Archaludon|Electro Shot||[still]
|-prepare|p2b: Archaludon|Electro Shot
|-boost|p2b: Archaludon|spa|1
|-anim|p2b: Archaludon|Electro Shot|p1b: Sylveon
|-damage|p1b: Sylveon|11/100
|-curestatus|p1a: Rotom|slp|[msg]
|move|p1a: Rotom|Hydro Pump|p2a: Politoed|[miss]
|-miss|p1a: Rotom|p2a: Politoed
|
|-weather|RainDance|[upkeep]
|upkeep
|turn|5
|
|t:|1783656680
|switch|p2a: Swampert|Swampert-Mega, L50, M, shiny|61/100
|move|p2b: Archaludon|Electro Shot||[still]
|-prepare|p2b: Archaludon|Electro Shot
|-boost|p2b: Archaludon|spa|1
|-anim|p2b: Archaludon|Electro Shot|p1b: Sylveon
|-damage|p1b: Sylveon|0 fnt
|faint|p1b: Sylveon
|move|p1a: Rotom|Volt Switch|p2a: Swampert
|-immune|p2a: Swampert
|
|-weather|RainDance|[upkeep]
|upkeep
|
|t:|1783656684
|switch|p1b: Venusaur|Venusaur, L50, F|100/100
|turn|6
|
|t:|1783656699
|detailschange|p1b: Venusaur|Venusaur-Mega, L50, F
|-mega|p1b: Venusaur|Venusaur|Venusaurite
|move|p2a: Swampert|Ice Punch|p1b: Venusaur
|-supereffective|p1b: Venusaur|1
|-damage|p1b: Venusaur|72/100
|move|p2b: Archaludon|Electro Shot||[still]
|-prepare|p2b: Archaludon|Electro Shot
|-boost|p2b: Archaludon|spa|1
|-anim|p2b: Archaludon|Electro Shot|p1a: Rotom
|-damage|p1a: Rotom|26/100
|-enditem|p1a: Rotom|Sitrus Berry|[eat]
|-heal|p1a: Rotom|51/100|[from] item: Sitrus Berry
|move|p1b: Venusaur|Sleep Powder|p2b: Archaludon
|-status|p2b: Archaludon|slp|[from] move: Sleep Powder
|move|p1a: Rotom|Hydro Pump|p2a: Swampert
|-damage|p2a: Swampert|10/100
|
|-weather|RainDance|[upkeep]
|upkeep
|turn|7
|inactive|Huasometa has 30 seconds left.
|inactive|Huasometa has 20 seconds left.
|inactive|Huasometa has 15 seconds left.
|inactive|Huasometa has 10 seconds left.
|
|t:|1783656745
|move|p2a: Swampert|Protect|p2a: Swampert
|-singleturn|p2a: Swampert|Protect
|cant|p2b: Archaludon|slp
|move|p1b: Venusaur|Earth Power|p2b: Archaludon
|-supereffective|p2b: Archaludon|1
|-damage|p2b: Archaludon|37/100 slp
|-ability|p2b: Archaludon|Stamina|boost
|-boost|p2b: Archaludon|def|1
|move|p1a: Rotom|Volt Switch|p2b: Archaludon
|-resisted|p2b: Archaludon|1
|-damage|p2b: Archaludon|23/100 slp
|-ability|p2b: Archaludon|Stamina|boost
|-boost|p2b: Archaludon|def|1
|
|t:|1783656752
|switch|p1a: Kingambit|Kingambit, L50, F|100/100|[from] Volt Switch
|
|-weather|RainDance|[upkeep]
|-heal|p2b: Archaludon|29/100 slp|[from] item: Leftovers
|upkeep
|turn|8
|
|t:|1783656761
|move|p1a: Kingambit|Sucker Punch|p2a: Swampert
|-damage|p2a: Swampert|0 fnt
|faint|p2a: Swampert
|cant|p2b: Archaludon|slp
|move|p1b: Venusaur|Earth Power|p2b: Archaludon
|-supereffective|p2b: Archaludon|1
|-damage|p2b: Archaludon|0 fnt
|faint|p2b: Archaludon
|
|-weather|none
|upkeep
|
|t:|1783656764
|switch|p2b: Vivillon|Vivillon-Polar, L50, M|6/100
|switch|p2a: Politoed|Politoed, L50, M, shiny|87/100
|-weather|RainDance|[from] ability: Drizzle|[of] p2a: Politoed
|turn|9
|
|t:|1783656777
|move|p1b: Venusaur|Protect|p1b: Venusaur
|-singleturn|p1b: Venusaur|Protect
|move|p1a: Kingambit|Protect|p1a: Kingambit
|-singleturn|p1a: Kingambit|Protect
|move|p2b: Vivillon|Sleep Powder|p1a: Kingambit
|-activate|p1a: Kingambit|move: Protect
|move|p2a: Politoed|Encore|p1b: Venusaur
|-activate|p1b: Venusaur|move: Protect
|
|-weather|RainDance|[upkeep]
|upkeep
|turn|10
|
|t:|1783656789
|switch|p1a: Rotom|Rotom-Wash, L50|51/100
|move|p2b: Vivillon|Protect|p2b: Vivillon
|-singleturn|p2b: Vivillon|Protect
|move|p1b: Venusaur|Giga Drain|p2b: Vivillon
|-activate|p2b: Vivillon|move: Protect
|move|p2a: Politoed|Encore||[still]
|-fail|p2a: Politoed
|
|-weather|RainDance|[upkeep]
|upkeep
|turn|11
|
|t:|1783656799
|move|p2b: Vivillon|Hurricane|p1b: Venusaur
|-supereffective|p1b: Venusaur|1
|-damage|p1b: Venusaur|3/100
|move|p1b: Venusaur|Giga Drain|p2a: Politoed
|-supereffective|p2a: Politoed|1
|-damage|p2a: Politoed|32/100
|-heal|p1b: Venusaur|32/100|[from] drain|[of] p2a: Politoed
|-enditem|p2a: Politoed|Sitrus Berry|[eat]
|-heal|p2a: Politoed|57/100|[from] item: Sitrus Berry
|move|p1a: Rotom|Volt Switch|p2b: Vivillon
|-supereffective|p2b: Vivillon|1
|-damage|p2b: Vivillon|0 fnt
|faint|p2b: Vivillon
|-message|breloomb01 forfeited.
|
|win|Huasometa
|l|☆breloomb01
|player|p2|
|j|☆breloomb01
|player|p2|breloomb01|roughneck|
||breloomb01 is ready for game 3.
||Huasometa is ready for game 3.
|uhtml|next|Next: Game 3 of 3
|l|☆breloomb01
|player|p2|
