|j|☆KingNoahC17
|j|☆KatKraydel
|html|KingNoahC17KatKraydel    
|uhtml|bestof|Game 1 of a best-of-3
|t:|1786056885
|gametype|doubles
|player|p1|KingNoahC17|alec-anime|
|player|p2|KatKraydel|lebanne|
|gen|9
|tier|[Gen 9 Champions] VGC 2026 Reg M-B (Bo3)
|rule|Species Clause: Limit one of each Pokémon
|rule|Item Clause: Limit 1 of each item
|clearpoke
|poke|p1|Garchomp, L50, M|
|poke|p1|Floette-Eternal, L50, F|
|poke|p1|Grimmsnarl, L50, M|
|poke|p1|Incineroar, L50, F|
|poke|p1|Metagross, L50|
|poke|p1|Hydreigon, L50, F|
|poke|p2|Torkoal, L50, F, shiny|
|poke|p2|Farigiraf, L50, F, shiny|
|poke|p2|Sylveon, L50, M, shiny|
|poke|p2|Kingambit, L50, F|
|poke|p2|Kangaskhan, L50, F|
|poke|p2|Raichu, L50, F|
|teampreview|4
|showteam|p1|Garchomp||SitrusBerry|RoughSkin|Earthquake,DragonClaw,RockSlide,Protect|Adamant||M|||50|]Floette-Eternal||Floettite|FlowerVeil|DrainingKiss,DazzlingGleam,CalmMind,Protect|Modest||F|||50|]Grimmsnarl||LightClay|Prankster|SpiritBreak,Reflect,LightScreen,PartingShot|Careful||M|||50|]Incineroar||Charcoal|Intimidate|FlareBlitz,ThroatChop,FakeOut,PartingShot|Adamant||F|||50|]Metagross||Metagrossite|ClearBody|Protect,PsychicFangs,IronHead,StompingTantrum|Jolly|||||50|]Hydreigon||ChoiceScarf|Levitate|DarkPulse,DracoMeteor,Snarl,EarthPower|Modest||F|||50|
|showteam|p2|Torkoal||Charcoal|Drought|Eruption,HeatWave,WeatherBall,Protect|Quiet||F|||50|]Farigiraf||SitrusBerry|ArmorTail|HyperVoice,Psychic,TrickRoom,Protect|Relaxed||F|||50|]Sylveon||LifeOrb|Pixilate|HyperVoice,HyperBeam,QuickAttack,Protect|Quiet||M|||50|]Kingambit||OccaBerry|Defiant|KowtowCleave,SuckerPunch,LowKick,IronHead|Brave||F|||50|]Kangaskhan||Kangaskhanite|Scrappy|FakeOut,DoubleEdge,LowKick,SuckerPunch|Adamant||F|||50|]Raichu||RaichuniteY|LightningRod|FakeOut,ZapCannon,FocusBlast,Protect|Timid||F|||50|
|
|t:|1786056929
|teamsize|p1|4
|teamsize|p2|4
|start
|switch|p1a: Floette|Floette-Eternal, L50, F|100/100
|switch|p1b: Grimmsnarl|Grimmsnarl, L50, M|100/100
|switch|p2a: Jumpsuit|Farigiraf, L50, F, shiny|100/100
|switch|p2b: Porcelain|Kingambit, L50, F|100/100
|turn|1
|c|☆KatKraydel|!track jumpsuit
|c| KatKraydel|/raw Twenty One Pilots - JumpsuitTwenty One Pilots - Jumpsuit[powered by AudioScrobbler]
|
|t:|1786056978
|detailschange|p1a: Floette|Floette-Mega, L50, F
|-mega|p1a: Floette|Floette|Floettite
|-ability|p1a: Floette|Fairy Aura
|move|p1b: Grimmsnarl|Reflect|p1b: Grimmsnarl
|-sidestart|p1: KingNoahC17|Reflect
|move|p1a: Floette|Dazzling Gleam|p2b: Porcelain|[spread] p2a,p2b
|-damage|p2a: Jumpsuit|59/100
|-damage|p2b: Porcelain|58/100
|move|p2b: Porcelain|Iron Head|p1a: Floette
|-supereffective|p1a: Floette|1
|-damage|p1a: Floette|29/100
|move|p2a: Jumpsuit|Trick Room|p2a: Jumpsuit
|-fieldstart|move: Trick Room|[of] p2a: Jumpsuit
|
|upkeep
|turn|2
|
|t:|1786056997
|switch|p1a: Garchomp|Garchomp, L50, M|100/100
|move|p1b: Grimmsnarl|Light Screen|p1b: Grimmsnarl
|-sidestart|p1: KingNoahC17|move: Light Screen
|move|p2b: Porcelain|Iron Head|p1b: Grimmsnarl
|-supereffective|p1b: Grimmsnarl|1
|-damage|p1b: Grimmsnarl|40/100
|move|p2a: Jumpsuit|Hyper Voice|p1a: Garchomp|[spread] p1a,p1b
|-damage|p1a: Garchomp|82/100
|-damage|p1b: Grimmsnarl|25/100
|
|upkeep
|turn|3
|j| camala64
|
|t:|1786057011
|switch|p2b: Space Girl|Sylveon, L50, M, shiny|100/100
|move|p2a: Jumpsuit|Psychic|p1a: Garchomp
|-damage|p1a: Garchomp|60/100
|move|p1b: Grimmsnarl|Spirit Break|p2b: Space Girl
|-damage|p2b: Space Girl|63/100
|-unboost|p2b: Space Girl|spa|1
|move|p1a: Garchomp|Earthquake|p2a: Jumpsuit|[spread] p1b,p2a,p2b
|-damage|p1b: Grimmsnarl|0 fnt
|-damage|p2a: Jumpsuit|33/100
|-damage|p2b: Space Girl|13/100
|-enditem|p2a: Jumpsuit|Sitrus Berry|[eat]
|-heal|p2a: Jumpsuit|58/100|[from] item: Sitrus Berry
|faint|p1b: Grimmsnarl
|
|upkeep
|
|t:|1786057027
|switch|p1b: Incineroar|Incineroar, L50, F|100/100
|-ability|p1b: Incineroar|Intimidate|boost
|-unboost|p2a: Jumpsuit|atk|1
|-unboost|p2b: Space Girl|atk|1
|turn|4
|
|t:|1786057061
|switch|p2a: Porcelain|Kingambit, L50, F|58/100
|move|p2b: Space Girl|Hyper Voice|p1a: Garchomp|[spread] p1a,p1b
|-supereffective|p1a: Garchomp|1
|-damage|p1a: Garchomp|16/100
|-damage|p1b: Incineroar|79/100
|-enditem|p1a: Garchomp|Sitrus Berry|[eat]
|-heal|p1a: Garchomp|40/100|[from] item: Sitrus Berry
|-damage|p2b: Space Girl|3/100|[from] item: Life Orb
|move|p1b: Incineroar|Flare Blitz|p2a: Porcelain
|-supereffective|p2a: Porcelain|1
|-enditem|p2a: Porcelain|Occa Berry|[eat]
|-enditem|p2a: Porcelain|Occa Berry|[weaken]
|-damage|p2a: Porcelain|6/100
|-damage|p1b: Incineroar|61/100|[from] Recoil
|move|p1a: Garchomp|Rock Slide|p2b: Space Girl|[spread] p2a,p2b
|-resisted|p2a: Porcelain|1
|-damage|p2a: Porcelain|1/100
|-damage|p2b: Space Girl|0 fnt
|faint|p2b: Space Girl
|
|upkeep
|
|t:|1786057077
|switch|p2b: Jumpsuit|Farigiraf, L50, F, shiny|58/100
|turn|5
|
|t:|1786057097
|move|p2a: Porcelain|Low Kick|p1b: Incineroar
|-supereffective|p1b: Incineroar|1
|-damage|p1b: Incineroar|24/100
|move|p2b: Jumpsuit|Hyper Voice|p1b: Incineroar|[spread] p1a,p1b
|-damage|p1a: Garchomp|25/100
|-damage|p1b: Incineroar|8/100
|move|p1b: Incineroar|Throat Chop|p2b: Jumpsuit
|-supereffective|p2b: Jumpsuit|1
|-damage|p2b: Jumpsuit|0 fnt
|faint|p2b: Jumpsuit
|move|p1a: Garchomp|Rock Slide|p2a: Porcelain
|-resisted|p2a: Porcelain|1
|-damage|p2a: Porcelain|0 fnt
|faint|p2a: Porcelain
|
|-fieldend|move: Trick Room
|upkeep
|
|t:|1786057107
|switch|p2b: Boom Clap|Torkoal, L50, F, shiny|100/100
|-weather|SunnyDay|[from] ability: Drought|[of] p2b: Boom Clap
|turn|6
|
|t:|1786057115
|move|p2b: Boom Clap|Protect|p2b: Boom Clap
|-singleturn|p2b: Boom Clap|Protect
|move|p1a: Garchomp|Rock Slide|p2b: Boom Clap
|-activate|p2b: Boom Clap|move: Protect
|move|p1b: Incineroar|Throat Chop|p2b: Boom Clap
|-activate|p2b: Boom Clap|move: Protect
|
|-weather|SunnyDay|[upkeep]
|upkeep
|turn|7
|
|t:|1786057123
|move|p1a: Garchomp|Earthquake|p2b: Boom Clap|[spread] p1b,p2b
|-supereffective|p1b: Incineroar|1
|-supereffective|p2b: Boom Clap|1
|-crit|p2b: Boom Clap
|-damage|p1b: Incineroar|0 fnt
|-damage|p2b: Boom Clap|20/100y
|faint|p1b: Incineroar
|move|p2b: Boom Clap|Heat Wave|p1a: Garchomp
|-resisted|p1a: Garchomp|1
|-damage|p1a: Garchomp|2/100
|
|-weather|SunnyDay|[upkeep]
|upkeep
|
|t:|1786057128
|switch|p1b: Floette|Floette-Mega, L50, F|29/100
|-ability|p1b: Floette|Fairy Aura
|turn|8
|-message|KatKraydel forfeited.
|
|win|KingNoahC17
|l|☆KatKraydel
|player|p2|
||KingNoahC17 is ready for game 2.
||KatKraydel is ready for game 2.
|uhtml|next|Next: Game 2 of 3
|l| camala64
|j| camala64
|l| camala64
