|j|☆is_katabo
|j|☆scyythh
|html|is_kataboscyythh    
|uhtml|bestof|Game 1 of a best-of-3
|t:|1757199824
|gametype|doubles
|player|p1|is_katabo|barry|
|player|p2|scyythh|roxie|
|gen|9
|tier|[Gen 9] VGC 2025 Reg H (Bo3)
|rule|Species Clause: Limit one of each Pokémon
|rule|Item Clause: Limit 1 of each item
|clearpoke
|poke|p1|Milotic, L50, F|
|poke|p1|Incineroar, L50, M|
|poke|p1|Amoonguss, L50, M|
|poke|p1|Gholdengo, L50|
|poke|p1|Ursaluna-Bloodmoon, L50, M|
|poke|p1|Dragonite, L50, F|
|poke|p2|Annihilape, L50, F|
|poke|p2|Archaludon, L50, F|
|poke|p2|Whimsicott, L50, F|
|poke|p2|Politoed, L50, F|
|poke|p2|Toxapex, L50, M|
|poke|p2|Weavile, L50, M|
|teampreview|4
|showteam|p1|Milotic||SafetyGoggles|Competitive|Scald,IcyWind,Haze,Protect|||F|||50|,,,,,Dragon]Incineroar||SitrusBerry|Intimidate|FakeOut,KnockOff,FlareBlitz,PartingShot|||M|||50|,,,,,Ghost]Amoonguss||CovertCloak|Regenerator|PollenPuff,RagePowder,Spore,Protect|||M|||50|,,,,,Electric]Gholdengo||LifeOrb|GoodasGold|MakeItRain,ShadowBall,NastyPlot,Protect||||||50|,,,,,Water]Ursaluna-Bloodmoon||AssaultVest|MindsEye|BloodMoon,HyperVoice,EarthPower,VacuumWave|||M|||50|,,,,,Water]Dragonite||LoadedDice|Multiscale|ScaleShot,ExtremeSpeed,Tailwind,Protect|||F|||50|,,,,,Steel
|showteam|p2|Annihilape||Leftovers|Defiant|RageFist,DrainPunch,BulkUp,Protect|||F|||50|,,,,,Grass]Archaludon||AssaultVest|Stamina|ElectroShot,DracoMeteor,BodyPress,FlashCannon|||F|||50|,,,,,Bug]Whimsicott||CovertCloak|Prankster|Moonblast,Tailwind,Encore,Taunt|||F|||50|,,,,,Fairy]Politoed||SafetyGoggles|Drizzle|IcyWind,Protect,WeatherBall,IceBeam|||F|||50|,,,,,Fire]Toxapex||SitrusBerry|Regenerator|ToxicSpikes,ChillingWater,SludgeBomb,Haze|||M|||50|,,,,,Grass]Weavile||FocusSash|Pressure|BeatUp,FakeOut,KnockOff,LowKick|||M|||50|,,,,,Ghost
|inactive|Battle timer is ON: inactive players will automatically lose when time's up. (requested by scyythh)
|inactive|scyythh has 60 seconds left.
|
|t:|1757199861
|teamsize|p1|4
|teamsize|p2|4
|start
|switch|p1a: SAMO|Amoonguss, L50, M|100/100
|switch|p1b: Party People|Gholdengo, L50|100/100
|switch|p2a: Toxapex|Toxapex, L50, M, shiny|100/100
|switch|p2b: Annihilape|Annihilape, L50, F, shiny|100/100
|turn|1
|
|t:|1757199878
|-terastallize|p2b: Annihilape|Grass
|move|p2b: Annihilape|Rage Fist|p1b: Party People
|-supereffective|p1b: Party People
|-damage|p1b: Party People|59/100
|move|p1b: Party People|Nasty Plot|p1b: Party People
|-boost|p1b: Party People|spa|2
|move|p2a: Toxapex|Toxic Spikes|p1a: SAMO
|-sidestart|p1: is_katabo|move: Toxic Spikes
|move|p1a: SAMO|Spore|p2b: Annihilape
|-immune|p2b: Annihilape
|
|upkeep
|turn|2
|inactive|is_katabo has 30 seconds left.
|
|t:|1757199911
|-terastallize|p1b: Party People|Water
|move|p2b: Annihilape|Protect|p2b: Annihilape
|-singleturn|p2b: Annihilape|Protect
|move|p1b: Party People|Make It Rain|p2a: Toxapex|[spread] p2a
|-activate|p2b: Annihilape|move: Protect
|-resisted|p2a: Toxapex
|-damage|p2a: Toxapex|53/100
|-unboost|p1b: Party People|spa|1
|-damage|p1b: Party People|50/100|[from] item: Life Orb
|move|p2a: Toxapex|Haze|p2a: Toxapex
|-clearallboost
|move|p1a: SAMO|Pollen Puff|p1b: Party People
|-heal|p1b: Party People|99/100
|
|upkeep
|turn|3
|inactive|scyythh has 30 seconds left.
|
|t:|1757199944
|switch|p2a: Politoed|Politoed, L50, F, shiny|100/100
|-weather|RainDance|[from] ability: Drizzle|[of] p2a: Politoed
|move|p2b: Annihilape|Rage Fist|p1b: Party People
|-damage|p1b: Party People|77/100
|move|p1b: Party People|Nasty Plot|p1b: Party People
|-boost|p1b: Party People|spa|2
|move|p1a: SAMO|Spore|p2a: Politoed
|-activate|p2a: Politoed|item: Safety Goggles|Spore
|
|-weather|RainDance|[upkeep]
|upkeep
|turn|4
|
|t:|1757199966
|switch|p2b: Toxapex|Toxapex, L50, M, shiny|86/100
|move|p1b: Party People|Shadow Ball|p2b: Toxapex
|-damage|p2b: Toxapex|8/100
|-unboost|p2b: Toxapex|spd|1
|-enditem|p2b: Toxapex|Sitrus Berry|[eat]
|-heal|p2b: Toxapex|33/100|[from] item: Sitrus Berry
|-damage|p1b: Party People|67/100|[from] item: Life Orb
|move|p2a: Politoed|Icy Wind|p1a: SAMO|[spread] p1a,p1b
|-supereffective|p1a: SAMO
|-resisted|p1b: Party People
|-damage|p1a: SAMO|82/100
|-damage|p1b: Party People|61/100
|-unboost|p1b: Party People|spe|1
|move|p1a: SAMO|Pollen Puff|p1b: Party People
|-heal|p1b: Party People|100/100
|
|-weather|RainDance|[upkeep]
|upkeep
|turn|5
|inactive|scyythh has 30 seconds left.
|
|t:|1757199997
|move|p1b: Party People|Shadow Ball|p2a: Politoed
|-damage|p2a: Politoed|0 fnt
|faint|p2a: Politoed
|-damage|p1b: Party People|91/100|[from] item: Life Orb
|move|p2b: Toxapex|Sludge Bomb|p1b: Party People
|-damage|p1b: Party People|65/100
|-status|p1b: Party People|psn
|move|p1a: SAMO|Spore|p2b: Toxapex
|-status|p2b: Toxapex|slp|[from] move: Spore
|
|-weather|RainDance|[upkeep]
|-damage|p1b: Party People|53/100 psn|[from] psn
|upkeep
|
|t:|1757200008
|switch|p2a: Annihilape|Annihilape, L50, F, shiny, tera:Grass|100/100
|turn|6
|
|t:|1757200025
|move|p2a: Annihilape|Rage Fist|p1b: Party People
|-damage|p1b: Party People|29/100 psn
|move|p1b: Party People|Make It Rain|p2a: Annihilape|[spread] p2a,p2b
|-crit|p2a: Annihilape
|-resisted|p2b: Toxapex
|-damage|p2a: Annihilape|0 fnt
|-damage|p2b: Toxapex|0 fnt
|-unboost|p1b: Party People|spa|1
|faint|p2a: Annihilape
|faint|p2b: Toxapex
|-damage|p1b: Party People|20/100 psn|[from] item: Life Orb
|move|p1a: SAMO|Pollen Puff|p1b: Party People
|-heal|p1b: Party People|69/100 psn
|
|-weather|RainDance|[upkeep]
|-damage|p1b: Party People|57/100 psn|[from] psn
|upkeep
|-message|scyythh forfeited.
|
|win|is_katabo
||scyythh is ready for game 2.
||is_katabo is ready for game 2.
|uhtml|next|Next: Game 2 of 3
