|j|☆BestDefense
|j|☆mage166
|html|BestDefensemage166    
|uhtml|bestof|Game 1 of a best-of-3
|t:|1783799639
|gametype|doubles
|player|p1|BestDefense|170|1166
|player|p2|mage166|1|1198
|gen|9
|tier|[Gen 9 Champions] VGC 2026 Reg M-B (Bo3)
|rated|
|rule|Species Clause: Limit one of each Pokémon
|rule|Item Clause: Limit 1 of each item
|clearpoke
|poke|p1|Feraligatr, L50, M, shiny|
|poke|p1|Drampa, L50, F, shiny|
|poke|p1|Pelipper, L50, M, shiny|
|poke|p1|Sinistcha, L50, shiny|
|poke|p1|Basculegion, L50, M, shiny|
|poke|p1|Incineroar, L50, M, shiny|
|poke|p2|Staraptor, L50, M, shiny|
|poke|p2|Tyranitar, L50, F, shiny|
|poke|p2|Excadrill, L50, M, shiny|
|poke|p2|Houndstone, L50, M|
|poke|p2|Rotom-Wash, L50|
|poke|p2|Venusaur, L50, M, shiny|
|teampreview|4
|showteam|p1|Feraligatr||Feraligite|SheerForce|Liquidation,GigaImpact,IcePunch,Protect|Adamant||M|||50|]Drampa||Drampanite|Berserk|HyperVoice,DracoMeteor,Hurricane,Thunder|Quiet||F|||50|]Pelipper||FocusSash|Drizzle|WeatherBall,Hurricane,Tailwind,Protect|Timid||M|||50|]Sinistcha||KasibBerry|Hospitality|MatchaGotcha,ShadowBall,TrickRoom,RagePowder|Modest|||||50|]Basculegion||ChoiceScarf|Adaptability|WaveCrash,FlipTurn,AquaJet,LastRespects|Jolly||M|||50|]Incineroar||SitrusBerry|Intimidate|FakeOut,FlareBlitz,DarkestLariat,PartingShot|Careful||M|||50|
|showteam|p2|Staraptor||Staraptite|Intimidate|CloseCombat,Protect,BraveBird,Tailwind|Jolly||M|||50|]Tyranitar||ChoiceScarf|SandStream|RockSlide,KnockOff,IcePunch,LowKick|Jolly||F|||50|]Excadrill||FocusSash|SandRush|Earthquake,IronHead,RockSlide,Protect|Adamant||M|||50|]Houndstone||SitrusBerry|SandRush|LastRespects,WillOWisp,AllySwitch,Protect|Adamant||M|||50|]Rotom-Wash||Magnet|Levitate|HydroPump,VoltSwitch,Thunderbolt,Protect|Modest|||||50|]Venusaur||Venusaurite|Chlorophyll|SludgeBomb,EarthPower,SleepPowder,Protect|Modest||M|||50|
|inactive|Battle timer is ON: inactive players will automatically lose when time's up. (requested by BestDefense)
|
|t:|1783799659
|teamsize|p1|4
|teamsize|p2|4
|start
|switch|p1a: Ruler|Basculegion, L50, M, shiny|100/100
|switch|p1b: Big Kitty|Incineroar, L50, M, shiny|100/100
|switch|p2a: Rotom|Rotom-Wash, L50|100/100
|switch|p2b: Venusaur|Venusaur, L50, M, shiny|100/100
|-ability|p1b: Big Kitty|Intimidate|boost
|-unboost|p2a: Rotom|atk|1
|-unboost|p2b: Venusaur|atk|1
|turn|1
|
|t:|1783799674
|detailschange|p2b: Venusaur|Venusaur-Mega, L50, M, shiny
|-mega|p2b: Venusaur|Venusaur|Venusaurite
|move|p1b: Big Kitty|Fake Out|p2b: Venusaur
|-damage|p2b: Venusaur|91/100
|move|p1a: Ruler|Flip Turn|p2a: Rotom
|-resisted|p2a: Rotom|1
|-damage|p2a: Rotom|79/100
|
|t:|1783799685
|switch|p1a: Lorb|Pelipper, L50, M, shiny|100/100|[from] Flip Turn
|-weather|RainDance|[from] ability: Drizzle|[of] p1a: Lorb
|cant|p2b: Venusaur|flinch
|move|p2a: Rotom|Thunderbolt|p1a: Lorb
|-supereffective|p1a: Lorb|2
|-enditem|p1a: Lorb|Focus Sash
|-damage|p1a: Lorb|1/100
|
|-weather|RainDance|[upkeep]
|upkeep
|turn|2
|inactive|BestDefense has 30 seconds left.
|inactive|BestDefense has 20 seconds left.
|
|t:|1783799721
|move|p1a: Lorb|Tailwind|p1a: Lorb
|-sidestart|p1: BestDefense|move: Tailwind
|move|p1b: Big Kitty|Parting Shot|p2b: Venusaur
|-unboost|p2b: Venusaur|atk|1
|-unboost|p2b: Venusaur|spa|1
|
|t:|1783799726
|switch|p1b: Num Nums|Feraligatr, L50, M, shiny|100/100|[from] Parting Shot
|move|p2b: Venusaur|Sleep Powder|p1a: Lorb
|-status|p1a: Lorb|slp|[from] move: Sleep Powder
|move|p2a: Rotom|Hydro Pump|p1b: Num Nums
|-resisted|p1b: Num Nums|1
|-damage|p1b: Num Nums|69/100
|
|-weather|RainDance|[upkeep]
|upkeep
|turn|3
|
|t:|1783799747
|detailschange|p1b: Num Nums|Feraligatr-Mega, L50, M, shiny
|-mega|p1b: Num Nums|Feraligatr|Feraligite
|cant|p1a: Lorb|slp
|move|p1b: Num Nums|Giga Impact|p2a: Rotom
|-damage|p2a: Rotom|0 fnt
|-mustrecharge|p1b: Num Nums
|faint|p2a: Rotom
|move|p2b: Venusaur|Sludge Bomb|p1b: Num Nums
|-damage|p1b: Num Nums|41/100
|
|-weather|RainDance|[upkeep]
|upkeep
|
|t:|1783799759
|switch|p2a: Tyranitar|Tyranitar, L50, F, shiny|100/100
|-weather|Sandstorm|[from] ability: Sand Stream|[of] p2a: Tyranitar
|turn|4
|
|t:|1783799769
|switch|p1a: Big Kitty|Incineroar, L50, M, shiny|100/100
|-ability|p1a: Big Kitty|Intimidate|boost
|-unboost|p2a: Tyranitar|atk|1
|-unboost|p2b: Venusaur|atk|1
|cant|p1b: Num Nums|recharge
|move|p2a: Tyranitar|Rock Slide|p1b: Num Nums|[spread] p1a,p1b
|-supereffective|p1a: Big Kitty|1
|-damage|p1a: Big Kitty|64/100
|-damage|p1b: Num Nums|27/100
|move|p2b: Venusaur|Sludge Bomb|p1b: Num Nums
|-damage|p1b: Num Nums|1/100
|
|-weather|Sandstorm|[upkeep]
|-damage|p1b: Num Nums|0 fnt|[from] Sandstorm
|-damage|p1a: Big Kitty|58/100|[from] Sandstorm
|-damage|p2b: Venusaur|85/100|[from] Sandstorm
|faint|p1b: Num Nums
|upkeep
|
|t:|1783799775
|switch|p1b: Lorb|Pelipper, L50, M, shiny|1/100 slp
|-weather|RainDance|[from] ability: Drizzle|[of] p1b: Lorb
|turn|5
|
|t:|1783799798
|switch|p2a: Houndstone|Houndstone, L50, M|100/100
|-curestatus|p1b: Lorb|slp|[msg]
|move|p1b: Lorb|Hurricane|p2b: Venusaur
|-supereffective|p2b: Venusaur|1
|-damage|p2b: Venusaur|9/100
|move|p1a: Big Kitty|Parting Shot|p2a: Houndstone
|-unboost|p2a: Houndstone|atk|1
|-unboost|p2a: Houndstone|spa|1
|
|t:|1783799805
|switch|p1a: Ruler|Basculegion, L50, M, shiny|100/100|[from] Parting Shot
|move|p2b: Venusaur|Sleep Powder|p1a: Ruler|[miss]
|-miss|p2b: Venusaur|p1a: Ruler
|
|-weather|RainDance|[upkeep]
|-sideend|p1: BestDefense|move: Tailwind
|upkeep
|turn|6
|inactive|BestDefense has 30 seconds left.
|
|t:|1783799830
|switch|p1a: Big Kitty|Incineroar, L50, M, shiny|58/100
|-ability|p1a: Big Kitty|Intimidate|boost
|-unboost|p2a: Houndstone|atk|1
|-unboost|p2b: Venusaur|atk|1
|switch|p2a: Tyranitar|Tyranitar, L50, F, shiny|100/100
|-weather|Sandstorm|[from] ability: Sand Stream|[of] p2a: Tyranitar
|move|p1b: Lorb|Protect|p1b: Lorb
|-singleturn|p1b: Lorb|Protect
|move|p2b: Venusaur|Sleep Powder|p1a: Big Kitty|[miss]
|-miss|p2b: Venusaur|p1a: Big Kitty
|
|-weather|Sandstorm|[upkeep]
|-damage|p1b: Lorb|0 fnt|[from] Sandstorm
|-damage|p2b: Venusaur|3/100|[from] Sandstorm
|-damage|p1a: Big Kitty|52/100|[from] Sandstorm
|faint|p1b: Lorb
|upkeep
|
|t:|1783799833
|switch|p1b: Ruler|Basculegion, L50, M, shiny|100/100
|turn|7
|
|t:|1783799852
|move|p2b: Venusaur|Protect|p2b: Venusaur
|-singleturn|p2b: Venusaur|Protect
|move|p1a: Big Kitty|Fake Out|p2b: Venusaur
|-activate|p2b: Venusaur|move: Protect
|move|p1b: Ruler|Wave Crash|p2a: Tyranitar
|-supereffective|p2a: Tyranitar|1
|-damage|p2a: Tyranitar|0 fnt
|faint|p2a: Tyranitar
|-damage|p1b: Ruler|70/100|[from] Recoil
|
|-weather|Sandstorm|[upkeep]
|-damage|p1b: Ruler|64/100|[from] Sandstorm
|-damage|p2b: Venusaur|0 fnt|[from] Sandstorm
|-damage|p1a: Big Kitty|46/100|[from] Sandstorm
|-enditem|p1a: Big Kitty|Sitrus Berry|[eat]
|-heal|p1a: Big Kitty|71/100|[from] item: Sitrus Berry
|faint|p2b: Venusaur
|upkeep
|inactive|mage166 has 30 seconds left.
|
|t:|1783799883
|switch|p2b: Houndstone|Houndstone, L50, M|100/100
|turn|8
|
|t:|1783799893
|move|p2b: Houndstone|Will-O-Wisp|p1b: Ruler
|-status|p1b: Ruler|brn
|move|p1b: Ruler|Wave Crash|p2b: Houndstone
|-damage|p2b: Houndstone|66/100
|-damage|p1b: Ruler|54/100 brn|[from] Recoil
|move|p1a: Big Kitty|Darkest Lariat|p2b: Houndstone
|-supereffective|p2b: Houndstone|1
|-damage|p2b: Houndstone|0 fnt
|faint|p2b: Houndstone
|
|win|BestDefense
||BestDefense is ready for game 2.
|inactive|mage166 has 30 seconds to confirm battle start!
||mage166 is ready for game 2.
|uhtml|next|Next: Game 2 of 3
