|j|☆marcusquinn
|j|☆Metallicmadness
|html|marcusquinnMetallicmadness    
|uhtml|bestof|Game 2 of a best-of-3
|t:|1755616885
|gametype|doubles
|player|p1|marcusquinn|hilbert-wonderlauncher|1296
|player|p2|Metallicmadness|byron|1440
|gen|9
|tier|[Gen 9] VGC 2025 Reg H (Bo3)
|rated|
|rule|Species Clause: Limit one of each Pokémon
|rule|Item Clause: Limit 1 of each item
|clearpoke
|poke|p1|Archaludon, L50, F|
|poke|p1|Porygon2, L50|
|poke|p1|Incineroar, L50, M|
|poke|p1|Ursaluna, L50, M|
|poke|p1|Sneasler, L50, M|
|poke|p1|Dragonite, L50, F|
|poke|p2|Annihilape, L50, M|
|poke|p2|Kilowattrel, L50, F|
|poke|p2|Politoed, L50, M|
|poke|p2|Rillaboom, L50, M|
|poke|p2|Archaludon, L50, F|
|poke|p2|Incineroar, L50, F|
|teampreview|4
|showteam|p1|Archaludon||PowerHerb|Sturdy|Protect,ElectroShot,DracoMeteor,FlashCannon|||F|||50|,,,,,Electric]Porygon2||Eviolite|Download|TeraBlast,IceBeam,Recover,TrickRoom||||||50|,,,,,Fighting]Incineroar||SitrusBerry|Intimidate|FlareBlitz,KnockOff,FakeOut,PartingShot|||M|||50|,,,,,Ghost]Ursaluna||FlameOrb|Guts|HeadlongRush,Facade,Earthquake,Protect|||M|||50|,,,,,Ghost]Sneasler||FocusSash|Unburden|Protect,CloseCombat,DireClaw,ThroatChop|||M|||50|,,,,,Stellar]Dragonite||LoadedDice|Multiscale|ScaleShot,Tailwind,Haze,Protect|||F|||50|,,,,,Steel
|showteam|p2|Annihilape||Leftovers|Defiant|RageFist,BulkUp,Protect,DrainPunch|||M|||50|,,,,,Fire]Kilowattrel||FocusSash|Competitive|Hurricane,Tailwind,Discharge,Protect|||F|||50|,,,,,Electric]Politoed||SitrusBerry|Drizzle|MuddyWater,IceBeam,Protect,EarthPower|||M|||50|,,,,,Ground]Rillaboom||LoadedDice|GrassySurge|FakeOut,BulletSeed,HighHorsepower,GrassyGlide|||M|||50|,,,,,Stellar]Archaludon||AssaultVest|Stamina|BodyPress,DragonPulse,ElectroShot,FlashCannon|||F|||50|,,,,,Grass]Incineroar||SafetyGoggles|Intimidate|FakeOut,PartingShot,WillOWisp,KnockOff|||F|||50|,,,,,Ghost
|inactive|Battle timer is ON: inactive players will automatically lose when time's up. (requested by Metallicmadness)
|inactive|marcusquinn also wants the timer to be on.
|inactive|Metallicmadness has 60 seconds left.
|
|t:|1755616917
|teamsize|p1|4
|teamsize|p2|4
|start
|switch|p1a: Archaludon|Archaludon, L50, F|100/100
|switch|p1b: Porygon2|Porygon2, L50, shiny|100/100
|switch|p2a: Kilowattrel|Kilowattrel, L50, F|100/100
|switch|p2b: Politoed|Politoed, L50, M|100/100
|-weather|RainDance|[from] ability: Drizzle|[of] p2b: Politoed
|-ability|p1b: Porygon2|Download|boost
|-boost|p1b: Porygon2|atk|1
|turn|1
|inactive|marcusquinn has 30 seconds left.
|inactive|marcusquinn has 20 seconds left.
|
|t:|1755616954
|-terastallize|p2b: Politoed|Ground
|move|p1a: Archaludon|Protect|p1a: Archaludon
|-singleturn|p1a: Archaludon|Protect
|move|p2a: Kilowattrel|Discharge|p1b: Porygon2|[spread] p1b
|-activate|p1a: Archaludon|move: Protect
|-immune|p2b: Politoed
|-damage|p1b: Porygon2|83/100
|move|p2b: Politoed|Earth Power|p1a: Archaludon
|-activate|p1a: Archaludon|move: Protect
|move|p1b: Porygon2|Tera Blast|p2b: Politoed
|-damage|p2b: Politoed|65/100
|
|-weather|RainDance|[upkeep]
|upkeep
|turn|2
|inactive|marcusquinn has 30 seconds left.
|
|t:|1755616985
|move|p2a: Kilowattrel|Tailwind|p2a: Kilowattrel
|-sidestart|p2: Metallicmadness|move: Tailwind
|move|p2b: Politoed|Earth Power|p1a: Archaludon
|-supereffective|p1a: Archaludon
|-ability|p1a: Archaludon|Sturdy
|-damage|p1a: Archaludon|1/100
|move|p1a: Archaludon|Draco Meteor|p2b: Politoed
|-damage|p2b: Politoed|9/100
|-unboost|p1a: Archaludon|spa|2
|-enditem|p2b: Politoed|Sitrus Berry|[eat]
|-heal|p2b: Politoed|33/100|[from] item: Sitrus Berry
|move|p1b: Porygon2|Ice Beam|p2b: Politoed
|-supereffective|p2b: Politoed
|-damage|p2b: Politoed|0 fnt
|faint|p2b: Politoed
|
|-weather|RainDance|[upkeep]
|upkeep
|
|t:|1755616994
|switch|p2b: Rillaboom|Rillaboom, L50, M|100/100
|-fieldstart|move: Grassy Terrain|[from] ability: Grassy Surge|[of] p2b: Rillaboom
|turn|3
|
|t:|1755617018
|move|p2a: Kilowattrel|Discharge|p1b: Porygon2|[spread] p2b,p1a,p1b
|-resisted|p2b: Rillaboom
|-resisted|p1a: Archaludon
|-damage|p2b: Rillaboom|85/100
|-damage|p1a: Archaludon|0 fnt
|-damage|p1b: Porygon2|65/100
|faint|p1a: Archaludon
|move|p2b: Rillaboom|Bullet Seed|p1b: Porygon2
|-damage|p1b: Porygon2|52/100
|-damage|p1b: Porygon2|40/100
|-damage|p1b: Porygon2|28/100
|-damage|p1b: Porygon2|16/100
|-damage|p1b: Porygon2|3/100
|-hitcount|p1b: Porygon2|5
|move|p1b: Porygon2|Ice Beam|p2a: Kilowattrel
|-supereffective|p2a: Kilowattrel
|-enditem|p2a: Kilowattrel|Focus Sash
|-damage|p2a: Kilowattrel|1/100
|
|-weather|RainDance|[upkeep]
|-heal|p2b: Rillaboom|91/100|[from] Grassy Terrain
|-heal|p1b: Porygon2|9/100|[from] Grassy Terrain
|upkeep
|inactive|marcusquinn has 30 seconds left.
|
|t:|1755617046
|switch|p1a: Dragonite|Dragonite, L50, F, shiny|100/100
|turn|4
|
|t:|1755617059
|-terastallize|p1a: Dragonite|Steel
|move|p2b: Rillaboom|Grassy Glide|p1b: Porygon2
|-damage|p1b: Porygon2|0 fnt
|faint|p1b: Porygon2
|move|p2a: Kilowattrel|Hurricane|p1a: Dragonite
|-resisted|p1a: Dragonite
|-damage|p1a: Dragonite|87/100
|move|p1a: Dragonite|Scale Shot|p2a: Kilowattrel|[miss]
|-miss|p1a: Dragonite|p2a: Kilowattrel
|
|-weather|RainDance|[upkeep]
|-heal|p2b: Rillaboom|96/100|[from] Grassy Terrain
|-heal|p1a: Dragonite|93/100|[from] Grassy Terrain
|upkeep
|
|t:|1755617071
|switch|p1b: Sneasler|Sneasler, L50, M|100/100
|turn|5
|
|t:|1755617091
|switch|p2b: Archaludon|Archaludon, L50, F|100/100
|move|p2a: Kilowattrel|Protect|p2a: Kilowattrel
|-singleturn|p2a: Kilowattrel|Protect
|move|p1b: Sneasler|Protect|p1b: Sneasler
|-singleturn|p1b: Sneasler|Protect
|move|p1a: Dragonite|Scale Shot|p2a: Kilowattrel
|-activate|p2a: Kilowattrel|move: Protect
|
|-weather|none
|-heal|p1a: Dragonite|99/100|[from] Grassy Terrain
|-sideend|p2: Metallicmadness|move: Tailwind
|upkeep
|turn|6
|inactive|marcusquinn has 30 seconds left.
|inactive|marcusquinn has 20 seconds left.
|inactive|Metallicmadness has 30 seconds left.
|inactive|marcusquinn has 15 seconds left.
|inactive|marcusquinn has 10 seconds left.
|inactive|marcusquinn has 5 seconds left.
|
|t:|1755617141
|switch|p2b: Rillaboom|Rillaboom, L50, M|96/100
|move|p1a: Dragonite|Protect|p1a: Dragonite
|-singleturn|p1a: Dragonite|Protect
|move|p2a: Kilowattrel|Discharge|p1b: Sneasler|[spread] p2b,p1b
|-activate|p1a: Dragonite|move: Protect
|-resisted|p2b: Rillaboom
|-damage|p2b: Rillaboom|79/100
|-damage|p1b: Sneasler|64/100
|move|p1b: Sneasler|Close Combat|p2b: Rillaboom
|-damage|p2b: Rillaboom|8/100
|-unboost|p1b: Sneasler|def|1
|-unboost|p1b: Sneasler|spd|1
|
|-heal|p1b: Sneasler|70/100|[from] Grassy Terrain
|-heal|p1a: Dragonite|100/100|[from] Grassy Terrain
|-heal|p2b: Rillaboom|14/100|[from] Grassy Terrain
|upkeep
|turn|7
|inactive|marcusquinn has 30 seconds left.
|
|t:|1755617169
|switch|p2b: Archaludon|Archaludon, L50, F|100/100
|move|p1b: Sneasler|Protect|p1b: Sneasler
|-singleturn|p1b: Sneasler|Protect
|move|p2a: Kilowattrel|Tailwind|p2a: Kilowattrel
|-sidestart|p2: Metallicmadness|move: Tailwind
|move|p1a: Dragonite|Scale Shot|p2b: Archaludon
|-damage|p2b: Archaludon|90/100
|-ability|p2b: Archaludon|Stamina|boost
|-boost|p2b: Archaludon|def|1
|-damage|p2b: Archaludon|83/100
|-ability|p2b: Archaludon|Stamina|boost
|-boost|p2b: Archaludon|def|1
|-damage|p2b: Archaludon|79/100
|-ability|p2b: Archaludon|Stamina|boost
|-boost|p2b: Archaludon|def|1
|-damage|p2b: Archaludon|74/100
|-ability|p2b: Archaludon|Stamina|boost
|-boost|p2b: Archaludon|def|1
|-damage|p2b: Archaludon|71/100
|-ability|p2b: Archaludon|Stamina|boost
|-boost|p2b: Archaludon|def|1
|-hitcount|p2b: Archaludon|5
|-unboost|p1a: Dragonite|def|1
|-boost|p1a: Dragonite|spe|1
|
|-heal|p2b: Archaludon|77/100|[from] Grassy Terrain
|-heal|p1b: Sneasler|75/100|[from] Grassy Terrain
|-fieldend|move: Grassy Terrain
|upkeep
|turn|8
|inactive|marcusquinn has 30 seconds left.
|
|t:|1755617202
|move|p2a: Kilowattrel|Hurricane|p1b: Sneasler
|-supereffective|p1b: Sneasler
|-damage|p1b: Sneasler|0 fnt
|faint|p1b: Sneasler
|move|p2b: Archaludon|Body Press|p1a: Dragonite
|-supereffective|p1a: Dragonite
|-damage|p1a: Dragonite|0 fnt
|faint|p1a: Dragonite
|
|win|Metallicmadness
|raw|marcusquinn's rating: 1296 → 1281(-15 for losing)
|raw|Metallicmadness's rating: 1440 → 1452(+12 for winning)
|l|☆Metallicmadness
|player|p2|
