|j|☆Foffa
|j|☆Metallicmadness
|html|FoffaMetallicmadness    
|uhtml|bestof|Game 1 of a best-of-3
|t:|1757671080
|gametype|doubles
|player|p1|Foffa|170|1225
|player|p2|Metallicmadness|byron|1261
|gen|9
|tier|[Gen 9] VGC 2025 Reg H (Bo3)
|rated|
|rule|Species Clause: Limit one of each Pokémon
|rule|Item Clause: Limit 1 of each item
|clearpoke
|poke|p1|Chesnaught, L50, M|
|poke|p1|Ninetales-Alola, L50, M|
|poke|p1|Incineroar, L50, F|
|poke|p1|Gholdengo, L50|
|poke|p1|Garchomp, L50, M|
|poke|p1|Talonflame, L50, M|
|poke|p2|Armarouge, L50, F|
|poke|p2|Torkoal, L50, M|
|poke|p2|Lilligant-Hisui, L50, F|
|poke|p2|Gallade, L50, M|
|poke|p2|Dragapult, L50, M|
|poke|p2|Indeedee-F, L50, F|
|teampreview|4
|showteam|p1|Chesnaught||Leftovers|Bulletproof|SpikyShield,IronDefense,BodyPress,LeechSeed|||M|||50|,,,,,Fire]Ninetales-Alola||LightClay|SnowWarning|Protect,AuroraVeil,Blizzard,IcyWind|||M|||50|,,,,,Fire]Incineroar||RockyHelmet|Intimidate|FlareBlitz,FakeOut,KnockOff,PartingShot|||F|||50|,,,,,Fairy]Gholdengo||ChoiceScarf|GoodasGold|MakeItRain,ShadowBall,Trick,PowerGem||||||50|,,,,,Steel]Garchomp||ClearAmulet|RoughSkin|DragonClaw,Protect,StompingTantrum,Earthquake|||M|||50|,,,,,Fire]Talonflame||CovertCloak|GaleWings|Tailwind,Taunt,WillOWisp,DualWingbeat|||M|||50|,,,,,Ghost
|showteam|p2|Armarouge||PowerHerb|FlashFire|ExpandingForce,MeteorBeam,ArmorCannon,Protect|||F|||50|,,,,,Psychic]Torkoal||EjectPack|Drought|Eruption,Overheat,EarthPower,Protect|||M|||50|,,,,,Fire]Lilligant-Hisui||FocusSash|Chlorophyll|CloseCombat,SleepPowder,AfterYou,LeafBlade|||F|||50|,,,,,Ghost]Gallade||ClearAmulet|Steadfast|PsychoCut,SacredSword,Protect,TrickRoom|||M|||50|,,,,,Grass]Dragapult||ChoiceBand|ClearBody|DragonDarts,PhantomForce,Uturn,Outrage|||M|||50|,,,,,Dragon]Indeedee-F||SafetyGoggles|PsychicSurge|Psychic,TrickRoom,FollowMe,HelpingHand|||F|||50|,,,,,Fairy
|inactive|Battle timer is ON: inactive players will automatically lose when time's up. (requested by Metallicmadness)
|inactive|Foffa has 60 seconds left.
|
|t:|1757671130
|teamsize|p1|4
|teamsize|p2|4
|start
|switch|p1a: Ninetales|Ninetales-Alola, L50, M|100/100
|switch|p1b: Incineroar|Incineroar, L50, F|100/100
|switch|p2a: Armarouge|Armarouge, L50, F|100/100
|switch|p2b: Indeedee|Indeedee-F, L50, F|100/100
|-weather|Snowscape|[from] ability: Snow Warning|[of] p1a: Ninetales
|-fieldstart|move: Psychic Terrain|[from] ability: Psychic Surge|[of] p2b: Indeedee
|-ability|p1b: Incineroar|Intimidate|boost
|-unboost|p2a: Armarouge|atk|1
|-unboost|p2b: Indeedee|atk|1
|turn|1
|
|t:|1757671151
|switch|p2b: Torkoal|Torkoal, L50, M|100/100
|-weather|SunnyDay|[from] ability: Drought|[of] p2b: Torkoal
|switch|p1b: Gholdengo|Gholdengo, L50|100/100
|move|p1a: Ninetales|Aurora Veil||[still]
|-fail|p1a: Ninetales
|move|p2a: Armarouge|Meteor Beam||[still]
|-prepare|p2a: Armarouge|Meteor Beam
|-boost|p2a: Armarouge|spa|1
|-enditem|p2a: Armarouge|Power Herb
|-anim|p2a: Armarouge|Meteor Beam|p1b: Gholdengo
|-resisted|p1b: Gholdengo
|-damage|p1b: Gholdengo|62/100
|
|-weather|SunnyDay|[upkeep]
|upkeep
|turn|2
|inactive|Foffa has 30 seconds left.
|inactive|Foffa has 20 seconds left.
|inactive|Metallicmadness has 30 seconds left.
|inactive|Foffa has 15 seconds left.
|inactive|Foffa has 10 seconds left.
|
|t:|1757671198
|switch|p1b: Incineroar|Incineroar, L50, F|100/100
|-ability|p1b: Incineroar|Intimidate|boost
|-unboost|p2a: Armarouge|atk|1
|-unboost|p2b: Torkoal|atk|1
|-enditem|p2b: Torkoal|Eject Pack
|
|t:|1757671203
|switch|p2b: Indeedee|Indeedee-F, L50, F|100/100
|move|p1a: Ninetales|Protect|p1a: Ninetales
|-singleturn|p1a: Ninetales|Protect
|move|p2a: Armarouge|Meteor Beam||[still]
|-prepare|p2a: Armarouge|Meteor Beam
|-boost|p2a: Armarouge|spa|1
|
|-weather|SunnyDay|[upkeep]
|upkeep
|turn|3
|
|t:|1757671227
|switch|p1a: Chesnaught|Chesnaught, L50, M|100/100
|move|p2a: Armarouge|Meteor Beam|p1a: Chesnaught|[from] lockedmove
|-resisted|p1a: Chesnaught
|-damage|p1a: Chesnaught|54/100
|move|p1b: Incineroar|Knock Off|p2a: Armarouge
|-supereffective|p2a: Armarouge
|-damage|p2a: Armarouge|36/100
|move|p2b: Indeedee|Trick Room|p2b: Indeedee
|-fieldstart|move: Trick Room|[of] p2b: Indeedee
|
|-weather|SunnyDay|[upkeep]
|-heal|p1a: Chesnaught|60/100|[from] item: Leftovers
|upkeep
|turn|4
|inactive|Foffa has 30 seconds left.
|
|t:|1757671253
|-terastallize|p2b: Indeedee|Fairy
|move|p1a: Chesnaught|Spiky Shield|p1a: Chesnaught
|-singleturn|p1a: Chesnaught|move: Protect
|move|p2b: Indeedee|Follow Me|p2b: Indeedee
|-singleturn|p2b: Indeedee|move: Follow Me
|move|p1b: Incineroar|Knock Off|p2b: Indeedee
|-resisted|p2b: Indeedee
|-damage|p2b: Indeedee|76/100
|-enditem|p2b: Indeedee|Safety Goggles|[from] move: Knock Off|[of] p1b: Incineroar
|move|p2a: Armarouge|Expanding Force|p1a: Chesnaught|[spread] 
|-activate|p1a: Chesnaught|move: Protect
|-immune|p1b: Incineroar
|
|-weather|SunnyDay|[upkeep]
|-heal|p1a: Chesnaught|67/100|[from] item: Leftovers
|upkeep
|turn|5
|inactive|Foffa has 30 seconds left.
|
|t:|1757671288
|switch|p2b: Torkoal|Torkoal, L50, M|100/100
|switch|p1a: Gholdengo|Gholdengo, L50|62/100
|move|p1b: Incineroar|Parting Shot|p2a: Armarouge
|-unboost|p2a: Armarouge|atk|1
|-unboost|p2a: Armarouge|spa|1
|
|t:|1757671303
|switch|p1b: Chesnaught|Chesnaught, L50, M|67/100|[from] Parting Shot
|move|p2a: Armarouge|Expanding Force|p1b: Chesnaught|[spread] p1a,p1b
|-resisted|p1a: Gholdengo
|-supereffective|p1b: Chesnaught
|-damage|p1a: Gholdengo|8/100
|-damage|p1b: Chesnaught|0 fnt
|faint|p1b: Chesnaught
|
|-weather|none
|-fieldend|move: Psychic Terrain
|upkeep
|
|t:|1757671317
|switch|p1b: Incineroar|Incineroar, L50, F|100/100
|-ability|p1b: Incineroar|Intimidate|boost
|-unboost|p2a: Armarouge|atk|1
|-unboost|p2b: Torkoal|atk|1
|turn|6
|
|t:|1757671334
|switch|p2a: Indeedee|Indeedee-F, L50, F, tera:Fairy|76/100
|-fieldstart|move: Psychic Terrain|[from] ability: Psychic Surge|[of] p2a: Indeedee
|switch|p1a: Ninetales|Ninetales-Alola, L50, M|100/100
|-weather|Snowscape|[from] ability: Snow Warning|[of] p1a: Ninetales
|move|p2b: Torkoal|Eruption|p1b: Incineroar|[spread] p1a,p1b
|-supereffective|p1a: Ninetales
|-resisted|p1b: Incineroar
|-damage|p1a: Ninetales|0 fnt
|-damage|p1b: Incineroar|80/100
|faint|p1a: Ninetales
|move|p1b: Incineroar|Knock Off|p2b: Torkoal
|-damage|p2b: Torkoal|78/100
|
|-weather|Snowscape|[upkeep]
|upkeep
|
|t:|1757671337
|switch|p1a: Gholdengo|Gholdengo, L50|8/100
|turn|7
|
|t:|1757671358
|switch|p2b: Armarouge|Armarouge, L50, F|36/100
|move|p2a: Indeedee|Follow Me|p2a: Indeedee
|-singleturn|p2a: Indeedee|move: Follow Me
|move|p1b: Incineroar|Flare Blitz|p2a: Indeedee
|-damage|p2a: Indeedee|17/100
|-damage|p1b: Incineroar|62/100|[from] Recoil
|move|p1a: Gholdengo|Make It Rain|p2b: Armarouge|[spread] p2a,p2b
|-supereffective|p2a: Indeedee
|-resisted|p2b: Armarouge
|-damage|p2a: Indeedee|0 fnt
|-damage|p2b: Armarouge|14/100
|-unboost|p1a: Gholdengo|spa|1
|faint|p2a: Indeedee
|
|-weather|Snowscape|[upkeep]
|-fieldend|move: Trick Room
|upkeep
|
|t:|1757671371
|switch|p2a: Lilligant|Lilligant-Hisui, L50, F|100/100
|turn|8
|
|t:|1757671391
|switch|p2b: Torkoal|Torkoal, L50, M|78/100
|-weather|SunnyDay|[from] ability: Drought|[of] p2b: Torkoal
|-terastallize|p1b: Incineroar|Fairy
|move|p2a: Lilligant|Sleep Powder|p1b: Incineroar
|-status|p1b: Incineroar|slp|[from] move: Sleep Powder
|move|p1a: Gholdengo|Make It Rain|p2a: Lilligant|[spread] p2a,p2b
|-resisted|p2b: Torkoal
|-damage|p2a: Lilligant|51/100
|-damage|p2b: Torkoal|56/100
|-unboost|p1a: Gholdengo|spa|1
|cant|p1b: Incineroar|slp
|
|-weather|SunnyDay|[upkeep]
|upkeep
|turn|9
|
|t:|1757671409
|move|p2a: Lilligant|Leaf Blade|p1a: Gholdengo
|-resisted|p1a: Gholdengo
|-damage|p1a: Gholdengo|0 fnt
|faint|p1a: Gholdengo
|cant|p1b: Incineroar|slp
|move|p2b: Torkoal|Overheat|p1b: Incineroar|[miss]
|-miss|p2b: Torkoal|p1b: Incineroar
|
|-weather|SunnyDay|[upkeep]
|upkeep
|turn|10
|
|t:|1757671420
|move|p2a: Lilligant|Leaf Blade|p1b: Incineroar
|-damage|p1b: Incineroar|27/100 slp
|-damage|p2a: Lilligant|34/100|[from] item: Rocky Helmet|[of] p1b: Incineroar
|-curestatus|p1b: Incineroar|slp|[msg]
|move|p1b: Incineroar|Knock Off|p2b: Torkoal
|-damage|p2b: Torkoal|34/100
|move|p2b: Torkoal|Overheat|p1b: Incineroar
|-damage|p1b: Incineroar|0 fnt
|-unboost|p2b: Torkoal|spa|2
|faint|p1b: Incineroar
|
|win|Metallicmadness
||Metallicmadness is ready for game 2.
||Foffa is ready for game 2.
|uhtml|next|Next: Game 2 of 3
|l|☆Metallicmadness
|player|p2|
|l|☆Foffa
|player|p1|
