|j|☆vikaenjoyer
|j|☆Notaplaceofhonor
|html|vikaenjoyerNotaplaceofhonor    
|uhtml|bestof|Game 2 of a best-of-3
|t:|1756276843
|gametype|doubles
|player|p1|vikaenjoyer|101|1119
|player|p2|Notaplaceofhonor|juan-gen3|1166
|gen|9
|tier|[Gen 9] VGC 2025 Reg H (Bo3)
|rated|
|rule|Species Clause: Limit one of each Pokémon
|rule|Item Clause: Limit 1 of each item
|clearpoke
|poke|p1|Gholdengo, L50|
|poke|p1|Magmar, L50, F|
|poke|p1|Rillaboom, L50, F|
|poke|p1|Altaria, L50, F|
|poke|p1|Primarina, L50, M|
|poke|p1|Sneasler, L50, M|
|poke|p2|Ursaluna, L50, M|
|poke|p2|Incineroar, L50, M|
|poke|p2|Porygon2, L50|
|poke|p2|Jumpluff, L50, F|
|poke|p2|Gholdengo, L50|
|poke|p2|Sneasler, L50, M|
|teampreview|4
|showteam|p1|Gholdengo||LifeOrb|GoodasGold|Protect,MakeItRain,ShadowBall,NastyPlot||||||50|,,,,,Water]Magmar||Eviolite|VitalSpirit|Psychic,HeatWave,WillOWisp,FollowMe|||F|||50|,,,,,Ghost]Rillaboom||AssaultVest|GrassySurge|FakeOut,WoodHammer,GrassyGlide,Uturn|||F|||50|,,,,,Fire]Altaria||RockyHelmet|CloudNine|Protect,Tailwind,HelpingHand,Moonblast|||F|||50|,,,,,Fairy]Primarina||SitrusBerry|LiquidVoice|Protect,HyperVoice,Moonblast,Haze|||M|||50|,,,,,Water]Sneasler||WhiteHerb|Unburden|Protect,DireClaw,CloseCombat,ThroatChop|||M|||50|,,,,,Dark
|showteam|p2|Ursaluna||FlameOrb|Guts|Protect,Facade,Earthquake,HeadlongRush|||M|||50|,,,,,Ghost]Incineroar||SafetyGoggles|Intimidate|FlareBlitz,FakeOut,KnockOff,PartingShot|||M|||50|,,,,,Ghost]Porygon2||Eviolite|Download|Recover,TeraBlast,IceBeam,TrickRoom||||||50|,,,,,Fighting]Jumpluff||CovertCloak|Chlorophyll|SleepPowder,Tailwind,PollenPuff,RagePowder|||F|||50|,,,,,Water]Gholdengo||LifeOrb|GoodasGold|Protect,NastyPlot,MakeItRain,ShadowBall||||||50|,,,,,Steel]Sneasler||FocusSash|Unburden|Protect,CloseCombat,DireClaw,ThroatChop|||M|||50|,,,,,Stellar
|inactive|Battle timer is ON: inactive players will automatically lose when time's up. (requested by vikaenjoyer)
|inactive|vikaenjoyer has 60 seconds left.
|
|t:|1756276876
|teamsize|p1|4
|teamsize|p2|4
|start
|switch|p1a: Magmar|Magmar, L50, F|100/100
|switch|p1b: Gholdengo|Gholdengo, L50|100/100
|switch|p2a: Jumpluff|Jumpluff, L50, F|100/100
|switch|p2b: Gholdengo|Gholdengo, L50|100/100
|turn|1
|inactive|vikaenjoyer has 30 seconds left.
|inactive|Notaplaceofhonor has 30 seconds left.
|
|t:|1756276906
|move|p2a: Jumpluff|Tailwind|p2a: Jumpluff
|-sidestart|p2: Notaplaceofhonor|move: Tailwind
|move|p2b: Gholdengo|Nasty Plot|p2b: Gholdengo
|-boost|p2b: Gholdengo|spa|2
|move|p1a: Magmar|Heat Wave|p2a: Jumpluff|[spread] p2a,p2b
|-supereffective|p2a: Jumpluff
|-supereffective|p2b: Gholdengo
|-damage|p2a: Jumpluff|47/100
|-damage|p2b: Gholdengo|38/100
|move|p1b: Gholdengo|Nasty Plot|p1b: Gholdengo
|-boost|p1b: Gholdengo|spa|2
|
|upkeep
|turn|2
|inactive|vikaenjoyer has 30 seconds left.
|
|t:|1756276935
|-terastallize|p1b: Gholdengo|Water
|move|p2a: Jumpluff|Pollen Puff|p2b: Gholdengo
|-heal|p2b: Gholdengo|88/100
|move|p2b: Gholdengo|Shadow Ball|p1b: Gholdengo
|-damage|p1b: Gholdengo|0 fnt
|faint|p1b: Gholdengo
|-damage|p2b: Gholdengo|78/100|[from] item: Life Orb
|move|p1a: Magmar|Heat Wave|p2a: Jumpluff|[spread] p2a,p2b
|-supereffective|p2a: Jumpluff
|-supereffective|p2b: Gholdengo
|-damage|p2a: Jumpluff|0 fnt
|-damage|p2b: Gholdengo|21/100
|-status|p2b: Gholdengo|brn
|faint|p2a: Jumpluff
|
|-damage|p2b: Gholdengo|15/100 brn|[from] brn
|upkeep
|
|t:|1756276950
|switch|p2a: Sneasler|Sneasler, L50, M|100/100
|switch|p1b: Rillaboom|Rillaboom, L50, F|100/100
|-fieldstart|move: Grassy Terrain|[from] ability: Grassy Surge|[of] p1b: Rillaboom
|turn|3
|
|t:|1756276980
|move|p1b: Rillaboom|Grassy Glide|p2b: Gholdengo
|-resisted|p2b: Gholdengo
|-damage|p2b: Gholdengo|0 fnt
|faint|p2b: Gholdengo
|move|p2a: Sneasler|Dire Claw|p1b: Rillaboom
|-supereffective|p1b: Rillaboom
|-damage|p1b: Rillaboom|20/100
|-status|p1b: Rillaboom|slp
|move|p1a: Magmar|Heat Wave|p2a: Sneasler
|-damage|p2a: Sneasler|52/100
|
|-heal|p2a: Sneasler|58/100|[from] Grassy Terrain
|-heal|p1b: Rillaboom|26/100 slp|[from] Grassy Terrain
|upkeep
|
|t:|1756276989
|switch|p2b: Ursaluna|Ursaluna, L50, M|100/100
|turn|4
|
|t:|1756277007
|cant|p1b: Rillaboom|slp
|move|p2a: Sneasler|Dire Claw|p1a: Magmar
|-damage|p1a: Magmar|64/100
|move|p2b: Ursaluna|Facade|p1b: Rillaboom
|-damage|p1b: Rillaboom|0 fnt
|faint|p1b: Rillaboom
|move|p1a: Magmar|Heat Wave|p2b: Ursaluna|[spread] p2a,p2b
|-damage|p2a: Sneasler|25/100
|-damage|p2b: Ursaluna|75/100
|
|-heal|p2a: Sneasler|31/100|[from] Grassy Terrain
|-heal|p2b: Ursaluna|81/100|[from] Grassy Terrain
|-heal|p1a: Magmar|69/100|[from] Grassy Terrain
|-sideend|p2: Notaplaceofhonor|move: Tailwind
|-status|p2b: Ursaluna|brn|[from] item: Flame Orb
|upkeep
|
|t:|1756277009
|switch|p1b: Primarina|Primarina, L50, M|100/100
|turn|5
|
|t:|1756277033
|-terastallize|p2b: Ursaluna|Ghost
|move|p2a: Sneasler|Close Combat|p1a: Magmar
|-damage|p1a: Magmar|10/100
|-unboost|p2a: Sneasler|def|1
|-unboost|p2a: Sneasler|spd|1
|move|p1a: Magmar|Heat Wave|p2b: Ursaluna|[spread] p2a,p2b
|-damage|p2a: Sneasler|0 fnt
|-damage|p2b: Ursaluna|54/100 brn
|faint|p2a: Sneasler
|move|p2b: Ursaluna|Facade|p1b: Primarina
|-damage|p1b: Primarina|0 fnt
|faint|p1b: Primarina
|
|-heal|p1a: Magmar|16/100|[from] Grassy Terrain
|-heal|p2b: Ursaluna|59/100 brn|[from] Grassy Terrain
|-damage|p2b: Ursaluna|54/100 brn|[from] brn
|upkeep
|turn|6
|
|t:|1756277050
|move|p1a: Magmar|Heat Wave|p2b: Ursaluna
|-damage|p2b: Ursaluna|21/100 brn
|move|p2b: Ursaluna|Facade|p1a: Magmar
|-damage|p1a: Magmar|0 fnt
|faint|p1a: Magmar
|
|win|Notaplaceofhonor
|raw|vikaenjoyer's rating: 1119 → 1097(-22 for losing)
|raw|Notaplaceofhonor's rating: 1166 → 1188(+22 for winning)
