|j|☆freyartchan
|j|☆Onir the magician
|html|freyartchanOnir the magician    
|uhtml|bestof|Game 2 of a best-of-3
|t:|1756842317
|gametype|doubles
|player|p1|freyartchan|kieran-champion|1139
|player|p2|Onir the magician|brycenman|1071
|gen|9
|tier|[Gen 9] VGC 2025 Reg H (Bo3)
|rated|
|rule|Species Clause: Limit one of each Pokémon
|rule|Item Clause: Limit 1 of each item
|clearpoke
|poke|p1|Sylveon, L50, F|
|poke|p1|Archaludon, L50, F|
|poke|p1|Incineroar, L50, M|
|poke|p1|Ursaluna, L50, F|
|poke|p1|Ribombee, L50, M|
|poke|p1|Porygon2, L50|
|poke|p2|Porygon2, L50|
|poke|p2|Incineroar, L50, M|
|poke|p2|Amoonguss, L50, M|
|poke|p2|Ursaluna, L50, M|
|poke|p2|Gholdengo, L50|
|poke|p2|Kilowattrel, L50, M|
|teampreview|4
|showteam|p1|Sylveon||LifeOrb|Pixilate|HyperVoice,QuickAttack,TeraBlast,Protect|||F|||50|,,,,,Fire]Archaludon||PowerHerb|Sturdy|FlashCannon,DracoMeteor,ElectroShot,Protect|||F|||50|,,,,,Electric]Incineroar||SafetyGoggles|Intimidate|FakeOut,FlareBlitz,KnockOff,PartingShot|||M|||50|,,,,,Ghost]Ursaluna||FlameOrb|Guts|Facade,HeadlongRush,Earthquake,Protect|||F|||50|,,,,,Ghost]Ribombee||CovertCloak|SweetVeil|Tailwind,PollenPuff,StruggleBug,Protect|||M|||50|,,,,,Water]Porygon2||Eviolite|Download|TeraBlast,IceBeam,Recover,TrickRoom||||||50|,,,,,Flying
|showteam|p2|Porygon2||Eviolite|Download|TeraBlast,IceBeam,Recover,TrickRoom||||||50|,,,,,Fighting]Incineroar||AssaultVest|Intimidate|KnockOff,FlareBlitz,Uturn,FakeOut|||M|||50|,,,,,Grass]Amoonguss||CovertCloak|Regenerator|Spore,RagePowder,PoisonPowder,ClearSmog|||M|||50|,,,,,Fairy]Ursaluna||FlameOrb|Guts|Facade,HeadlongRush,Earthquake,Protect|||M|||50|,,,,,Ghost]Gholdengo||LifeOrb|GoodasGold|MakeItRain,ShadowBall,NastyPlot,Protect||||||50|,,,,,Flying]Kilowattrel||FocusSash|Competitive|Thunderbolt,AirSlash,Tailwind,Protect|||M|||50|,,,,,Ghost
|
|t:|1756842354
|teamsize|p1|4
|teamsize|p2|4
|start
|switch|p1a: Honey|Ribombee, L50, M|100/100
|switch|p1b: Luna|Ursaluna, L50, F|100/100
|switch|p2a: Porygon2|Porygon2, L50, shiny|100/100
|switch|p2b: Incineroar|Incineroar, L50, M|100/100
|-ability|p2b: Incineroar|Intimidate|boost
|-unboost|p1a: Honey|atk|1
|-unboost|p1b: Luna|atk|1
|-ability|p2a: Porygon2|Download|boost
|-boost|p2a: Porygon2|spa|1
|turn|1
|
|t:|1756842406
|switch|p1a: Scotti|Incineroar, L50, M|100/100
|-ability|p1a: Scotti|Intimidate|boost
|-unboost|p2a: Porygon2|atk|1
|-unboost|p2b: Incineroar|atk|1
|move|p1b: Luna|Protect|p1b: Luna
|-singleturn|p1b: Luna|Protect
|move|p2b: Incineroar|U-turn|p1a: Scotti
|-crit|p1a: Scotti
|-damage|p1a: Scotti|72/100
|
|t:|1756842414
|switch|p2b: Ursaluna|Ursaluna, L50, M|100/100|[from] U-turn
|move|p2a: Porygon2|Trick Room|p2a: Porygon2
|-fieldstart|move: Trick Room|[of] p2a: Porygon2
|
|-status|p1b: Luna|brn|[from] item: Flame Orb
|-status|p2b: Ursaluna|brn|[from] item: Flame Orb
|upkeep
|turn|2
|
|t:|1756842436
|switch|p2a: Incineroar|Incineroar, L50, M|100/100
|-ability|p2a: Incineroar|Intimidate|boost
|-unboost|p1a: Scotti|atk|1
|-unboost|p1b: Luna|atk|1
|move|p2b: Ursaluna|Protect|p2b: Ursaluna
|-singleturn|p2b: Ursaluna|Protect
|move|p1a: Scotti|Fake Out|p2b: Ursaluna
|-activate|p2b: Ursaluna|move: Protect
|move|p1b: Luna|Facade|p2a: Incineroar
|-damage|p2a: Incineroar|37/100
|
|-damage|p1b: Luna|95/100 brn|[from] brn
|-damage|p2b: Ursaluna|95/100 brn|[from] brn
|upkeep
|turn|3
|
|t:|1756842474
|switch|p1b: Honey|Ribombee, L50, M|100/100
|switch|p2a: Amoonguss|Amoonguss, L50, M|100/100
|move|p1a: Scotti|Parting Shot|p2b: Ursaluna
|-unboost|p2b: Ursaluna|atk|1
|-unboost|p2b: Ursaluna|spa|1
|
|t:|1756842488
|switch|p1a: Luna|Ursaluna, L50, F|95/100 brn|[from] Parting Shot
|move|p2b: Ursaluna|Facade|p1a: Luna
|-damage|p1a: Luna|30/100 brn
|
|-damage|p1a: Luna|24/100 brn|[from] brn
|-damage|p2b: Ursaluna|89/100 brn|[from] brn
|upkeep
|turn|4
|
|t:|1756842524
|switch|p2b: Incineroar|Incineroar, L50, M|37/100
|-ability|p2b: Incineroar|Intimidate|boost
|-unboost|p1a: Luna|atk|1
|-unboost|p1b: Honey|atk|1
|move|p2a: Amoonguss|Spore|p1b: Honey
|-block|p1b: Honey|ability: Sweet Veil|[of] p1b: Honey
|move|p1a: Luna|Facade|p2a: Amoonguss
|-damage|p2a: Amoonguss|26/100
|move|p1b: Honey|Pollen Puff|p1a: Luna
|-heal|p1a: Luna|74/100 brn
|
|-damage|p1a: Luna|68/100 brn|[from] brn
|upkeep
|turn|5
|
|t:|1756842562
|switch|p2a: Porygon2|Porygon2, L50, shiny|100/100
|-ability|p2a: Porygon2|Download|boost
|-boost|p2a: Porygon2|spa|1
|-terastallize|p1a: Luna|Ghost
|move|p1a: Luna|Facade|p2b: Incineroar
|-damage|p2b: Incineroar|0 fnt
|faint|p2b: Incineroar
|move|p1b: Honey|Pollen Puff|p2a: Porygon2
|-damage|p2a: Porygon2|79/100
|
|-damage|p1a: Luna|62/100 brn|[from] brn
|-fieldend|move: Trick Room
|upkeep
|
|t:|1756842580
|switch|p2b: Ursaluna|Ursaluna, L50, M|89/100 brn
|turn|6
|
|t:|1756842618
|switch|p1a: Scotti|Incineroar, L50, M|72/100
|-ability|p1a: Scotti|Intimidate|boost
|-unboost|p2a: Porygon2|atk|1
|-unboost|p2b: Ursaluna|atk|1
|move|p1b: Honey|Struggle Bug|p2b: Ursaluna|[spread] p2a,p2b
|-damage|p2a: Porygon2|70/100
|-damage|p2b: Ursaluna|73/100 brn
|-unboost|p2a: Porygon2|spa|1
|-unboost|p2b: Ursaluna|spa|1
|move|p2b: Ursaluna|Headlong Rush|p1a: Scotti
|-supereffective|p1a: Scotti
|-damage|p1a: Scotti|0 fnt
|-unboost|p2b: Ursaluna|def|1
|-unboost|p2b: Ursaluna|spd|1
|faint|p1a: Scotti
|move|p2a: Porygon2|Tera Blast|p1b: Honey
|-damage|p1b: Honey|38/100
|
|-damage|p2b: Ursaluna|67/100 brn|[from] brn
|upkeep
|
|t:|1756842645
|switch|p1a: Skye|Archaludon, L50, F|100/100
|turn|7
|
|t:|1756842684
|switch|p2b: Amoonguss|Amoonguss, L50, M|59/100
|move|p1b: Honey|Tailwind|p1b: Honey
|-sidestart|p1: freyartchan|move: Tailwind
|move|p1a: Skye|Draco Meteor|p2a: Porygon2
|-damage|p2a: Porygon2|30/100
|-unboost|p1a: Skye|spa|2
|move|p2a: Porygon2|Trick Room|p2a: Porygon2
|-fieldstart|move: Trick Room|[of] p2a: Porygon2
|
|upkeep
|turn|8
|
|t:|1756842715
|switch|p1a: Luna|Ursaluna, L50, F, tera:Ghost|62/100 brn
|move|p2b: Amoonguss|Spore||[still]
|-fail|p2b: Amoonguss
|move|p2a: Porygon2|Ice Beam|p1a: Luna
|-damage|p1a: Luna|37/100 brn
|move|p1b: Honey|Pollen Puff|p1a: Luna
|-heal|p1a: Luna|87/100 brn
|
|-damage|p1a: Luna|81/100 brn|[from] brn
|upkeep
|turn|9
|
|t:|1756842740
|move|p1b: Honey|Protect|p1b: Honey
|-singleturn|p1b: Honey|Protect
|move|p2b: Amoonguss|Clear Smog|p1b: Honey
|-activate|p1b: Honey|move: Protect
|move|p2a: Porygon2|Recover|p2a: Porygon2
|-heal|p2a: Porygon2|80/100
|move|p1a: Luna|Facade|p2a: Porygon2
|-damage|p2a: Porygon2|0 fnt
|faint|p2a: Porygon2
|
|-damage|p1a: Luna|75/100 brn|[from] brn
|upkeep
|
|t:|1756842742
|switch|p2a: Ursaluna|Ursaluna, L50, M|67/100 brn
|turn|10
|
|t:|1756842797
|move|p2b: Amoonguss|Spore|p1b: Honey
|-block|p1b: Honey|ability: Sweet Veil|[of] p1b: Honey
|move|p2a: Ursaluna|Headlong Rush|p1a: Luna
|-damage|p1a: Luna|0 fnt
|-unboost|p2a: Ursaluna|def|1
|-unboost|p2a: Ursaluna|spd|1
|faint|p1a: Luna
|move|p1b: Honey|Pollen Puff|p2a: Ursaluna
|-damage|p2a: Ursaluna|10/100 brn
|
|-damage|p2a: Ursaluna|5/100 brn|[from] brn
|-sideend|p1: freyartchan|move: Tailwind
|upkeep
|
|t:|1756842810
|switch|p1a: Skye|Archaludon, L50, F|100/100
|turn|11
|
|t:|1756842832
|move|p1a: Skye|Protect|p1a: Skye
|-singleturn|p1a: Skye|Protect
|move|p1b: Honey|Protect|p1b: Honey
|-singleturn|p1b: Honey|Protect
|move|p2b: Amoonguss|Spore|p1a: Skye
|-activate|p1a: Skye|move: Protect
|move|p2a: Ursaluna|Facade|p1b: Honey
|-activate|p1b: Honey|move: Protect
|
|-damage|p2a: Ursaluna|0 fnt|[from] brn
|faint|p2a: Ursaluna
|-fieldend|move: Trick Room
|upkeep
|turn|12
|-message|Onir the magician forfeited.
|
|win|freyartchan
||Onir the magician is ready for game 3.
|inactive|freyartchan has 30 seconds to confirm battle start!
||freyartchan is ready for game 3.
|uhtml|next|Next: Game 3 of 3
|l|☆Onir the magician
|player|p2|
