|j|☆WolfeyVGC Glazer
|j|☆eratakate
|html|WolfeyVGC Glazereratakate    
|uhtml|bestof|Game 1 of a best-of-3
|t:|1756308911
|gametype|doubles
|player|p1|WolfeyVGC Glazer|pokemonranger-gen4|1172
|player|p2|eratakate|169|1297
|gen|9
|tier|[Gen 9] VGC 2025 Reg H (Bo3)
|rated|
|rule|Species Clause: Limit one of each Pokémon
|rule|Item Clause: Limit 1 of each item
|clearpoke
|poke|p1|Amoonguss, L50, F|
|poke|p1|Incineroar, L50, F|
|poke|p1|Porygon2, L50|
|poke|p1|Ursaluna, L50, M|
|poke|p1|Gholdengo, L50|
|poke|p1|Sneasler, L50, M|
|poke|p2|Incineroar, L50, M|
|poke|p2|Amoonguss, L50, F|
|poke|p2|Ursaluna-Bloodmoon, L50, M|
|poke|p2|Sneasler, L50, M|
|poke|p2|Gholdengo, L50|
|poke|p2|Dragonite, L50, M|
|teampreview|4
|showteam|p1|Amoonguss||SitrusBerry|Regenerator|ClearSmog,PollenPuff,Spore,RagePowder|||F|||50|,,,,,Water]Incineroar||SafetyGoggles|Intimidate|FakeOut,KnockOff,FlareBlitz,PartingShot|||F|||50|,,,,,Ghost]Porygon2||Eviolite|Download|TeraBlast,IceBeam,Recover,TrickRoom||||||50|,,,,,Fighting]Ursaluna||FlameOrb|Guts|Facade,HeadlongRush,Earthquake,Protect|||M|||50|,,,,,Fairy]Gholdengo||LifeOrb|GoodasGold|MakeItRain,ShadowBall,NastyPlot,Protect||||||50|,,,,,Flying]Sneasler||FocusSash|Unburden|CloseCombat,DireClaw,Coaching,Protect|||M|||50|,,,,,Stellar
|showteam|p2|Incineroar||SafetyGoggles|Intimidate|FlareBlitz,KnockOff,PartingShot,FakeOut|||M|||50|,,,,,Ghost]Amoonguss||SitrusBerry|Regenerator|Spore,RagePowder,PollenPuff,Protect|||F|||50|,,,,,Psychic]Ursaluna-Bloodmoon||AssaultVest|MindsEye|HyperVoice,BloodMoon,EarthPower,VacuumWave|||M|||50|,,,,,Water]Sneasler||FocusSash|Unburden|CloseCombat,DireClaw,ThroatChop,Protect|||M|||50|,,,,,Stellar]Gholdengo||LifeOrb|GoodasGold|MakeItRain,ShadowBall,NastyPlot,Protect||||||50|,,,,,Water]Dragonite||LoadedDice|Multiscale|ScaleShot,Tailwind,Haze,Protect|||M|||50|,,,,,Fairy
|inactive|Battle timer is ON: inactive players will automatically lose when time's up. (requested by WolfeyVGC Glazer)
|
|t:|1756309027
|teamsize|p1|4
|teamsize|p2|4
|start
|switch|p1a: Bear Arms|Incineroar, L50, F|100/100
|switch|p1b: Bearier|Porygon2, L50|100/100
|switch|p2a: Dragonite|Dragonite, L50, M|100/100
|switch|p2b: Amoonguss|Amoonguss, L50, F|100/100
|-ability|p1a: Bear Arms|Intimidate|boost
|-unboost|p2a: Dragonite|atk|1
|-unboost|p2b: Amoonguss|atk|1
|-ability|p1b: Bearier|Download|boost
|-boost|p1b: Bearier|atk|1
|turn|1
|inactive|eratakate has 30 seconds left.
|
|t:|1756309058
|switch|p2a: Gholdengo|Gholdengo, L50|100/100
|move|p1a: Bear Arms|Knock Off|p2b: Amoonguss
|-damage|p2b: Amoonguss|70/100
|-enditem|p2b: Amoonguss|Sitrus Berry|[from] move: Knock Off|[of] p1a: Bear Arms
|move|p1b: Bearier|Ice Beam|p2b: Amoonguss
|-supereffective|p2b: Amoonguss
|-damage|p2b: Amoonguss|27/100
|move|p2b: Amoonguss|Spore|p1b: Bearier
|-status|p1b: Bearier|slp|[from] move: Spore
|
|upkeep
|turn|2
|
|t:|1756309082
|-terastallize|p2a: Gholdengo|Water
|move|p2b: Amoonguss|Protect|p2b: Amoonguss
|-singleturn|p2b: Amoonguss|Protect
|move|p2a: Gholdengo|Nasty Plot|p2a: Gholdengo
|-boost|p2a: Gholdengo|spa|2
|move|p1a: Bear Arms|Knock Off|p2a: Gholdengo
|-damage|p2a: Gholdengo|61/100
|-enditem|p2a: Gholdengo|Life Orb|[from] move: Knock Off|[of] p1a: Bear Arms
|cant|p1b: Bearier|slp
|
|upkeep
|turn|3
|
|t:|1756309104
|move|p2a: Gholdengo|Make It Rain|p1b: Bearier|[spread] p1a,p1b
|-resisted|p1a: Bear Arms
|-crit|p1b: Bearier
|-damage|p1a: Bear Arms|57/100
|-damage|p1b: Bearier|2/100 slp
|-unboost|p2a: Gholdengo|spa|1
|move|p1a: Bear Arms|Parting Shot|p2b: Amoonguss
|-unboost|p2b: Amoonguss|atk|1
|-unboost|p2b: Amoonguss|spa|1
|
|t:|1756309113
|switch|p1a: Bear?|Ursaluna, L50, M|100/100|[from] Parting Shot
|move|p2b: Amoonguss|Pollen Puff|p2a: Gholdengo
|-heal|p2a: Gholdengo|100/100
|-curestatus|p1b: Bearier|slp|[msg]
|move|p1b: Bearier|Trick Room|p1b: Bearier
|-fieldstart|move: Trick Room|[of] p1b: Bearier
|
|-status|p1a: Bear?|brn|[from] item: Flame Orb
|upkeep
|turn|4
|inactive|eratakate has 30 seconds left.
|
|t:|1756309139
|switch|p2b: Incineroar|Incineroar, L50, M|100/100
|-ability|p2b: Incineroar|Intimidate|boost
|-unboost|p1a: Bear?|atk|1
|-unboost|p1b: Bearier|atk|1
|move|p2a: Gholdengo|Protect|p2a: Gholdengo
|-singleturn|p2a: Gholdengo|Protect
|move|p1a: Bear?|Facade|p2a: Gholdengo
|-activate|p2a: Gholdengo|move: Protect
|move|p1b: Bearier|Recover|p1b: Bearier
|-heal|p1b: Bearier|52/100
|
|-damage|p1a: Bear?|94/100 brn|[from] brn
|upkeep
|turn|5
|
|t:|1756309150
|switch|p1a: Bear Arms|Incineroar, L50, F|57/100
|-ability|p1a: Bear Arms|Intimidate|boost
|-unboost|p2a: Gholdengo|atk|1
|-unboost|p2b: Incineroar|atk|1
|move|p2b: Incineroar|Fake Out|p1a: Bear Arms
|-damage|p1a: Bear Arms|50/100
|move|p1b: Bearier|Recover|p1b: Bearier
|-heal|p1b: Bearier|100/100
|move|p2a: Gholdengo|Nasty Plot|p2a: Gholdengo
|-boost|p2a: Gholdengo|spa|2
|
|upkeep
|turn|6
|
|t:|1756309164
|move|p2a: Gholdengo|Protect|p2a: Gholdengo
|-singleturn|p2a: Gholdengo|Protect
|move|p1b: Bearier|Tera Blast|p2a: Gholdengo
|-activate|p2a: Gholdengo|move: Protect
|move|p2b: Incineroar|Knock Off|p1b: Bearier
|-damage|p1b: Bearier|84/100
|-enditem|p1b: Bearier|Eviolite|[from] move: Knock Off|[of] p2b: Incineroar
|move|p1a: Bear Arms|Knock Off|p2a: Gholdengo
|-activate|p2a: Gholdengo|move: Protect
|
|upkeep
|turn|7
|inactive|WolfeyVGC Glazer has 30 seconds left.
|
|t:|1756309192
|switch|p2b: Amoonguss|Amoonguss, L50, F|60/100
|move|p1b: Bearier|Tera Blast|p2a: Gholdengo
|-crit|p2a: Gholdengo
|-damage|p2a: Gholdengo|46/100
|move|p1a: Bear Arms|Knock Off|p2a: Gholdengo
|-damage|p2a: Gholdengo|19/100
|move|p2a: Gholdengo|Make It Rain|p1b: Bearier|[spread] p1a,p1b
|-resisted|p1a: Bear Arms
|-damage|p1a: Bear Arms|1/100
|-damage|p1b: Bearier|0 fnt
|-unboost|p2a: Gholdengo|spa|1
|faint|p1b: Bearier
|
|-fieldend|move: Trick Room
|upkeep
|
|t:|1756309209
|switch|p1b: Bear?|Ursaluna, L50, M|94/100 brn
|turn|8
|
|t:|1756309231
|move|p2a: Gholdengo|Make It Rain|p1b: Bear?|[spread] p1a,p1b
|-resisted|p1a: Bear Arms
|-damage|p1a: Bear Arms|0 fnt
|-damage|p1b: Bear?|28/100 brn
|-unboost|p2a: Gholdengo|spa|1
|faint|p1a: Bear Arms
|move|p1b: Bear?|Earthquake|p2a: Gholdengo|[spread] p2a,p2b
|-damage|p2a: Gholdengo|0 fnt
|-damage|p2b: Amoonguss|10/100
|faint|p2a: Gholdengo
|move|p2b: Amoonguss|Pollen Puff|p2: Gholdengo|[notarget]
|-fail|p2b: Amoonguss
|
|-damage|p1b: Bear?|22/100 brn|[from] brn
|upkeep
|
|t:|1756309245
|switch|p2a: Dragonite|Dragonite, L50, M|100/100
|switch|p1a: Bearings|Amoonguss, L50, F|100/100
|turn|9
|
|t:|1756309270
|switch|p2a: Incineroar|Incineroar, L50, M|100/100
|-ability|p2a: Incineroar|Intimidate|boost
|-unboost|p1a: Bearings|atk|1
|-unboost|p1b: Bear?|atk|1
|-terastallize|p1b: Bear?|Fairy
|move|p2b: Amoonguss|Rage Powder|p2b: Amoonguss
|-singleturn|p2b: Amoonguss|move: Rage Powder
|move|p1b: Bear?|Facade|p2b: Amoonguss
|-damage|p2b: Amoonguss|0 fnt
|faint|p2b: Amoonguss
|move|p1a: Bearings|Pollen Puff|p1b: Bear?
|-heal|p1b: Bear?|72/100 brn
|
|-damage|p1b: Bear?|66/100 brn|[from] brn
|upkeep
|
|t:|1756309283
|switch|p2b: Dragonite|Dragonite, L50, M|100/100
|turn|10
|
|t:|1756309296
|move|p2b: Dragonite|Scale Shot|p1a: Bearings
|-damage|p1a: Bearings|88/100
|-damage|p1a: Bearings|74/100
|-damage|p1a: Bearings|63/100
|-damage|p1a: Bearings|51/100
|-hitcount|p1a: Bearings|4
|-unboost|p2b: Dragonite|def|1
|-boost|p2b: Dragonite|spe|1
|move|p2a: Incineroar|Flare Blitz|p1a: Bearings
|-supereffective|p1a: Bearings
|-damage|p1a: Bearings|0 fnt
|faint|p1a: Bearings
|-damage|p2a: Incineroar|82/100|[from] Recoil
|move|p1b: Bear?|Headlong Rush|p2a: Incineroar
|-supereffective|p2a: Incineroar
|-damage|p2a: Incineroar|0 fnt
|-unboost|p1b: Bear?|def|1
|-unboost|p1b: Bear?|spd|1
|faint|p2a: Incineroar
|
|-damage|p1b: Bear?|59/100 brn|[from] brn
|upkeep
|turn|11
|
|t:|1756309316
|move|p2b: Dragonite|Protect|p2b: Dragonite
|-singleturn|p2b: Dragonite|Protect
|move|p1b: Bear?|Facade|p2b: Dragonite
|-activate|p2b: Dragonite|move: Protect
|
|-damage|p1b: Bear?|53/100 brn|[from] brn
|upkeep
|turn|12
|inactive|eratakate has 30 seconds left.
|inactive|eratakate has 20 seconds left.
|inactive|eratakate has 15 seconds left.
|inactive|eratakate has 10 seconds left.
|inactive|eratakate has 5 seconds left.
|
|t:|1756309370
|move|p2b: Dragonite|Protect||[still]
|-fail|p2b: Dragonite
|move|p1b: Bear?|Facade|p2b: Dragonite
|-damage|p2b: Dragonite|42/100
|
|-damage|p1b: Bear?|47/100 brn|[from] brn
|upkeep
|turn|13
|inactive|eratakate has 30 seconds left.
|inactive|eratakate has 20 seconds left.
|inactive|eratakate has 15 seconds left.
|inactive|eratakate has 10 seconds left.
|inactive|eratakate has 5 seconds left.
|
|t:|1756309423
|move|p2b: Dragonite|Protect|p2b: Dragonite
|-singleturn|p2b: Dragonite|Protect
|move|p1b: Bear?|Facade|p2b: Dragonite
|-activate|p2b: Dragonite|move: Protect
|
|-damage|p1b: Bear?|41/100 brn|[from] brn
|upkeep
|turn|14
|
|t:|1756309437
|move|p2b: Dragonite|Scale Shot|p1b: Bear?
|-immune|p1b: Bear?
|move|p1b: Bear?|Facade|p2b: Dragonite
|-damage|p2b: Dragonite|0 fnt
|faint|p2b: Dragonite
|
|win|WolfeyVGC Glazer
||eratakate is ready for game 2.
||WolfeyVGC Glazer is ready for game 2.
|uhtml|next|Next: Game 2 of 3
