|j|☆void25o
|j|☆iannaVi
|html|void25oiannaVi    
|uhtml|bestof|Game 2 of a best-of-3
|t:|1785093303
|gametype|doubles
|player|p1|void25o|miku-ghost|1191
|player|p2|iannaVi|cheren-gen5bw2|1166
|gen|9
|tier|[Gen 9 Champions] VGC 2026 Reg M-B (Bo3)
|rated|
|rule|Species Clause: Limit one of each Pokémon
|rule|Item Clause: Limit 1 of each item
|clearpoke
|poke|p1|Charizard, L50, F|
|poke|p1|Floette-Eternal, L50, F|
|poke|p1|Kingambit, L50, M|
|poke|p1|Garchomp, L50, M|
|poke|p1|Basculegion, L50, M|
|poke|p1|Whimsicott, L50, M|
|poke|p2|Venusaur, L50, F|
|poke|p2|Farigiraf, L50, F|
|poke|p2|Aerodactyl, L50, M|
|poke|p2|Torkoal, L50, F|
|poke|p2|Incineroar, L50, M|
|poke|p2|Mawile, L50, F|
|teampreview|4
|showteam|p1|Charizard||CharizarditeY|Blaze|HeatWave,WeatherBall,SolarBeam,Protect|Modest||F|||50|]Floette-Eternal||Floettite|FlowerVeil|Moonblast,DazzlingGleam,LightofRuin,Protect|Timid||F|||50|]Kingambit||BlackGlasses|Defiant|KowtowCleave,IronHead,SuckerPunch,Protect|Adamant||M|||50|]Garchomp||LifeOrb|RoughSkin|DragonClaw,Earthquake,RockSlide,Protect|Jolly||M|||50|]Basculegion||MysticWater|Adaptability|WaveCrash,LastRespects,AquaJet,Protect|Adamant||M|||50|]Whimsicott||FocusSash|Prankster|Moonblast,Encore,Tailwind,Protect|Timid||M|||50|
|showteam|p2|Venusaur||LifeOrb|Chlorophyll|SolarBeam,EarthPower,SludgeBomb,SleepPowder|Modest||F|||50|]Farigiraf||SitrusBerry|ArmorTail|TwinBeam,Thunderbolt,HelpingHand,TrickRoom|Relaxed||F|||50|]Aerodactyl||Aerodactylite|Unnerve|IceFang,DualWingbeat,RockSlide,IronHead|Adamant||M|||50|]Torkoal||Charcoal|Drought|HelpingHand,AncientPower,WeatherBall,Protect|Relaxed||F|||50|]Incineroar||MuscleBand|Intimidate|FakeOut,FlareBlitz,CloseCombat,ThroatChop|Adamant||M|||50|]Mawile||Mawilite|HyperCutter|PlayRough,SuckerPunch,SwordsDance,Protect|Adamant||F|||50|
|inactive|Battle timer is ON: inactive players will automatically lose when time's up. (requested by void25o)
|inactive|iannaVi also wants the timer to be on.
|
|t:|1785093334
|teamsize|p1|4
|teamsize|p2|4
|start
|switch|p1a: Jawn|Whimsicott, L50, M|100/100
|switch|p1b: Jonn|Charizard, L50, F|100/100
|switch|p2a: Aerodactyl|Aerodactyl, L50, M|100/100
|switch|p2b: Venusaur|Venusaur, L50, F|100/100
|-ability|p2a: Aerodactyl|Unnerve
|turn|1
|
|t:|1785093353
|switch|p2b: Incineroar|Incineroar, L50, M|100/100
|-ability|p2b: Incineroar|Intimidate|boost
|-unboost|p1a: Jawn|atk|1
|-unboost|p1b: Jonn|atk|1
|detailschange|p2a: Aerodactyl|Aerodactyl-Mega, L50, M
|-mega|p2a: Aerodactyl|Aerodactyl|Aerodactylite
|move|p1b: Jonn|Protect|p1b: Jonn
|-singleturn|p1b: Jonn|Protect
|move|p1a: Jawn|Tailwind|p1a: Jawn
|-sidestart|p1: void25o|move: Tailwind
|move|p2a: Aerodactyl|Dual Wingbeat|p1a: Jawn
|-supereffective|p1a: Jawn|1
|-damage|p1a: Jawn|15/100
|-supereffective|p1a: Jawn|1
|-damage|p1a: Jawn|0 fnt
|faint|p1a: Jawn
|-hitcount|p1: Jawn|2
|
|upkeep
|
|t:|1785093357
|switch|p1a: Jaun|Basculegion, L50, M|100/100
|turn|2
|
|t:|1785093381
|switch|p1b: Jean|Garchomp, L50, M|100/100
|switch|p2a: Torkoal|Torkoal, L50, F|100/100
|-weather|SunnyDay|[from] ability: Drought|[of] p2a: Torkoal
|move|p1a: Jaun|Wave Crash|p2a: Torkoal
|-supereffective|p2a: Torkoal|1
|-damage|p2a: Torkoal|29/100
|-damage|p1a: Jaun|79/100|[from] Recoil
|move|p2b: Incineroar|Throat Chop|p1a: Jaun
|-supereffective|p1a: Jaun|1
|-damage|p1a: Jaun|0 fnt
|faint|p1a: Jaun
|
|-weather|SunnyDay|[upkeep]
|upkeep
|
|t:|1785093393
|switch|p1a: Jonn|Charizard, L50, F|100/100
|turn|3
|
|t:|1785093401
|switch|p2b: Aerodactyl|Aerodactyl-Mega, L50, M|100/100
|move|p2a: Torkoal|Protect|p2a: Torkoal
|-singleturn|p2a: Torkoal|Protect
|move|p1b: Jean|Earthquake|p2b: Aerodactyl|[spread] 
|-activate|p2a: Torkoal|move: Protect
|-immune|p1a: Jonn
|-immune|p2b: Aerodactyl
|move|p1a: Jonn|Heat Wave|p2b: Aerodactyl|[spread] p2b
|-activate|p2a: Torkoal|move: Protect
|-resisted|p2b: Aerodactyl|1
|-damage|p2b: Aerodactyl|73/100
|
|-weather|SunnyDay|[upkeep]
|upkeep
|turn|4
|
|t:|1785093417
|switch|p2b: Incineroar|Incineroar, L50, M|100/100
|-ability|p2b: Incineroar|Intimidate|boost
|-unboost|p1a: Jonn|atk|1
|-unboost|p1b: Jean|atk|1
|detailschange|p1a: Jonn|Charizard-Mega-Y, L50, F
|-mega|p1a: Jonn|Charizard|Charizardite Y
|move|p1b: Jean|Rock Slide|p2b: Incineroar|[spread] p2b
|-miss|p1b: Jean|p2a: Torkoal
|-supereffective|p2b: Incineroar|1
|-damage|p2b: Incineroar|67/100
|-damage|p1b: Jean|90/100|[from] item: Life Orb
|move|p1a: Jonn|Heat Wave|p2b: Incineroar|[spread] p2a
|-miss|p1a: Jonn|p2b: Incineroar
|-resisted|p2a: Torkoal|1
|-damage|p2a: Torkoal|1/100
|move|p2a: Torkoal|Ancient Power|p1a: Jonn
|-supereffective|p1a: Jonn|2
|-crit|p1a: Jonn
|-damage|p1a: Jonn|32/100
|-boost|p2a: Torkoal|atk|1
|-boost|p2a: Torkoal|def|1
|-boost|p2a: Torkoal|spa|1
|-boost|p2a: Torkoal|spd|1
|-boost|p2a: Torkoal|spe|1
|
|-weather|SunnyDay|[upkeep]
|-sideend|p1: void25o|move: Tailwind
|upkeep
|turn|5
|inactive|iannaVi has 30 seconds left.
|
|t:|1785093448
|switch|p2a: Aerodactyl|Aerodactyl-Mega, L50, M|73/100
|move|p2b: Incineroar|Fake Out|p1b: Jean
|-damage|p1b: Jean|75/100
|-damage|p2b: Incineroar|55/100|[from] ability: Rough Skin|[of] p1b: Jean
|cant|p1b: Jean|flinch
|move|p1a: Jonn|Heat Wave|p2a: Aerodactyl|[spread] p2a
|-miss|p1a: Jonn|p2b: Incineroar
|-resisted|p2a: Aerodactyl|1
|-damage|p2a: Aerodactyl|34/100
|
|-weather|SunnyDay|[upkeep]
|upkeep
|turn|6
|
|t:|1785093468
|move|p1b: Jean|Protect|p1b: Jean
|-singleturn|p1b: Jean|Protect
|move|p2a: Aerodactyl|Ice Fang|p1b: Jean
|-activate|p1b: Jean|move: Protect
|move|p1a: Jonn|Heat Wave|p2a: Aerodactyl|[spread] p2a,p2b
|-resisted|p2a: Aerodactyl|1
|-resisted|p2b: Incineroar|1
|-damage|p2a: Aerodactyl|0 fnt
|-damage|p2b: Incineroar|25/100
|faint|p2a: Aerodactyl
|move|p2b: Incineroar|Throat Chop|p1a: Jonn
|-damage|p1a: Jonn|0 fnt
|faint|p1a: Jonn
|
|-weather|none
|upkeep
|
|t:|1785093482
|switch|p2a: Torkoal|Torkoal, L50, F|1/100
|-weather|SunnyDay|[from] ability: Drought|[of] p2a: Torkoal
|turn|7
|
|t:|1785093492
|move|p2a: Torkoal|Protect|p2a: Torkoal
|-singleturn|p2a: Torkoal|Protect
|move|p1b: Jean|Earthquake|p2a: Torkoal|[spread] p2b
|-activate|p2a: Torkoal|move: Protect
|-supereffective|p2b: Incineroar|1
|-damage|p2b: Incineroar|0 fnt
|faint|p2b: Incineroar
|-damage|p1b: Jean|65/100|[from] item: Life Orb
|
|-weather|SunnyDay|[upkeep]
|upkeep
|
|t:|1785093501
|switch|p2b: Venusaur|Venusaur, L50, F|100/100
|turn|8
|
|t:|1785093507
|move|p2a: Torkoal|Helping Hand|p2b: Venusaur
|-singleturn|p2b: Venusaur|Helping Hand|[of] p2a: Torkoal
|move|p1b: Jean|Protect|p1b: Jean
|-singleturn|p1b: Jean|Protect
|move|p2b: Venusaur|Solar Beam||[still]
|-prepare|p2b: Venusaur|Solar Beam
|-anim|p2b: Venusaur|Solar Beam|p1b: Jean
|-activate|p1b: Jean|move: Protect
|
|-weather|SunnyDay|[upkeep]
|upkeep
|turn|9
|
|t:|1785093519
|move|p2a: Torkoal|Helping Hand|p2b: Venusaur
|-singleturn|p2b: Venusaur|Helping Hand|[of] p2a: Torkoal
|move|p2b: Venusaur|Solar Beam||[still]
|-prepare|p2b: Venusaur|Solar Beam
|-anim|p2b: Venusaur|Solar Beam|p1b: Jean
|-damage|p1b: Jean|0 fnt
|faint|p1b: Jean
|-damage|p2b: Venusaur|90/100|[from] item: Life Orb
|
|win|iannaVi
|raw|void25o's rating: 1191 → 1164(-27 for losing)
|raw|iannaVi's rating: 1166 → 1193(+27 for winning)
|l|☆void25o
|player|p1|
