|j|☆PonchoTheCat
|j|☆ursear_vgc
|html|PonchoTheCatursear_vgc    
|uhtml|bestof|Game 1 of a best-of-3
|t:|1784364434
|gametype|doubles
|player|p1|PonchoTheCat|101|1022
|player|p2|ursear_vgc|giovanni|1139
|gen|9
|tier|[Gen 9 Champions] VGC 2026 Reg M-B (Bo3)
|rated|
|rule|Species Clause: Limit one of each Pokémon
|rule|Item Clause: Limit 1 of each item
|clearpoke
|poke|p1|Venusaur, L50, M|
|poke|p1|Kingambit, L50, F|
|poke|p1|Milotic, L50, M|
|poke|p1|Rotom-Wash, L50|
|poke|p1|Incineroar, L50, F|
|poke|p1|Tyranitar, L50, F|
|poke|p2|Charizard, L50, M|
|poke|p2|Farigiraf, L50, M|
|poke|p2|Venusaur, L50, M|
|poke|p2|Garchomp, L50, F|
|poke|p2|Incineroar, L50, F|
|poke|p2|Sylveon, L50, M|
|teampreview|4
|showteam|p1|Venusaur||Venusaurite|Overgrow|SludgeBomb,GigaDrain,Protect,EarthPower|Serious||M|||50|]Kingambit||BlackGlasses|SupremeOverlord|KowtowCleave,Protect,SwordsDance,SuckerPunch|Serious||F|||50|]Milotic||Leftovers|Competitive|Protect,MuddyWater,IceBeam,Recover|Bold||M|||50|]Rotom-Wash||SitrusBerry|Levitate|WillOWisp,VoltSwitch,HydroPump,Protect|Bold|||||50|]Incineroar||ChopleBerry|Intimidate|FakeOut,PartingShot,FlareBlitz,Taunt|Careful||F|||50|]Tyranitar||LumBerry|SandStream|RockSlide,KnockOff,Protect,LowKick|Adamant||F|||50|
|showteam|p2|Charizard||CharizarditeY|Blaze|HeatWave,WeatherBall,SolarBeam,Protect|Modest||M|||50|]Farigiraf||ColburBerry|ArmorTail|Psychic,Thunderbolt,HelpingHand,TrickRoom|Bold||M|||50|]Venusaur||FocusSash|Chlorophyll|LeafStorm,SludgeBomb,SleepPowder,Protect|Modest||M|||50|]Garchomp||LifeOrb|RoughSkin|RockSlide,DragonClaw,Earthquake,Protect|Jolly||F|||50|]Incineroar||SitrusBerry|Intimidate|FlareBlitz,DarkestLariat,PartingShot,FakeOut|Impish||F|||50|]Sylveon||FairyFeather|Pixilate|HyperVoice,HyperBeam,QuickAttack,Protect|Modest||M|||50|
|inactive|Battle timer is ON: inactive players will automatically lose when time's up. (requested by PonchoTheCat)
|inactive|ursear_vgc has 60 seconds left.
|inactive|ursear_vgc has 30 seconds left.
|inactive|ursear_vgc has 20 seconds left.
|inactive|ursear_vgc has 15 seconds left.
|
|t:|1784364544
|teamsize|p1|4
|teamsize|p2|4
|start
|switch|p1a: Venusaur|Venusaur, L50, M|100/100
|switch|p1b: Rotom|Rotom-Wash, L50|100/100
|switch|p2a: Farigiraf|Farigiraf, L50, M|100/100
|switch|p2b: Garchomp|Garchomp, L50, F|100/100
|turn|1
|inactive|ursear_vgc has 30 seconds left.
|inactive|ursear_vgc has 20 seconds left.
|
|t:|1784364583
|switch|p2b: Incineroar|Incineroar, L50, F|100/100
|-ability|p2b: Incineroar|Intimidate|boost
|-unboost|p1a: Venusaur|atk|1
|-unboost|p1b: Rotom|atk|1
|detailschange|p1a: Venusaur|Venusaur-Mega, L50, M
|-mega|p1a: Venusaur|Venusaur|Venusaurite
|move|p1a: Venusaur|Sludge Bomb|p2a: Farigiraf
|-damage|p2a: Farigiraf|51/100
|move|p1b: Rotom|Will-O-Wisp|p2b: Incineroar
|-immune|p2b: Incineroar
|move|p2a: Farigiraf|Psychic|p1a: Venusaur
|-supereffective|p1a: Venusaur|1
|-damage|p1a: Venusaur|32/100
|
|upkeep
|turn|2
|inactive|PonchoTheCat has 30 seconds left.
|inactive|ursear_vgc has 30 seconds left.
|inactive|ursear_vgc has 20 seconds left.
|inactive|ursear_vgc has 15 seconds left.
|inactive|ursear_vgc has 10 seconds left.
|inactive|ursear_vgc has 5 seconds left.
|
|t:|1784364635
|move|p1a: Venusaur|Protect|p1a: Venusaur
|-singleturn|p1a: Venusaur|Protect
|move|p1b: Rotom|Protect|p1b: Rotom
|-singleturn|p1b: Rotom|Protect
|move|p2b: Incineroar|Fake Out|p1a: Venusaur
|-activate|p1a: Venusaur|move: Protect
|move|p2a: Farigiraf|Psychic|p1b: Rotom
|-activate|p1b: Rotom|move: Protect
|
|upkeep
|turn|3
|inactive|ursear_vgc has 30 seconds left.
|
|t:|1784364663
|switch|p2a: Garchomp|Garchomp, L50, F|100/100
|move|p1a: Venusaur|Giga Drain|p2a: Garchomp
|-damage|p2a: Garchomp|60/100
|-heal|p1a: Venusaur|56/100|[from] drain|[of] p2a: Garchomp
|move|p1b: Rotom|Hydro Pump|p2b: Incineroar
|-supereffective|p2b: Incineroar|1
|-damage|p2b: Incineroar|22/100
|-enditem|p2b: Incineroar|Sitrus Berry|[eat]
|-heal|p2b: Incineroar|47/100|[from] item: Sitrus Berry
|move|p2b: Incineroar|Flare Blitz|p1a: Venusaur
|-supereffective|p1a: Venusaur|1
|-damage|p1a: Venusaur|14/100
|-damage|p2b: Incineroar|36/100|[from] Recoil
|
|upkeep
|turn|4
|inactive|PonchoTheCat has 30 seconds left.
|inactive|ursear_vgc has 30 seconds left.
|inactive|ursear_vgc has 20 seconds left.
|inactive|ursear_vgc has 15 seconds left.
|inactive|ursear_vgc has 10 seconds left.
|inactive|ursear_vgc has 5 seconds left.
|
|t:|1784364718
|move|p1a: Venusaur|Protect|p1a: Venusaur
|-singleturn|p1a: Venusaur|Protect
|move|p2a: Garchomp|Rock Slide|p1a: Venusaur|[spread] p1b
|-activate|p1a: Venusaur|move: Protect
|-damage|p1b: Rotom|80/100
|-damage|p2a: Garchomp|50/100g|[from] item: Life Orb
|move|p1b: Rotom|Will-O-Wisp|p2a: Garchomp
|-status|p2a: Garchomp|brn
|move|p2b: Incineroar|Flare Blitz|p1b: Rotom
|-resisted|p1b: Rotom|1
|-damage|p1b: Rotom|61/100
|-damage|p2b: Incineroar|31/100|[from] Recoil
|
|-damage|p2a: Garchomp|44/100 brn|[from] brn
|upkeep
|turn|5
|inactive|ursear_vgc has 30 seconds left.
|
|t:|1784364745
|move|p2a: Garchomp|Dragon Claw|p1a: Venusaur
|-damage|p1a: Venusaur|0 fnt
|faint|p1a: Venusaur
|-damage|p2a: Garchomp|35/100 brn|[from] item: Life Orb
|move|p1b: Rotom|Volt Switch|p2b: Incineroar
|-damage|p2b: Incineroar|5/100
|
|t:|1784364754
|switch|p1b: Tyranitar|Tyranitar, L50, F|100/100|[from] Volt Switch
|-weather|Sandstorm|[from] ability: Sand Stream|[of] p1b: Tyranitar
|move|p2b: Incineroar|Darkest Lariat|p1b: Tyranitar
|-resisted|p1b: Tyranitar|1
|-damage|p1b: Tyranitar|86/100
|
|-weather|Sandstorm|[upkeep]
|-damage|p2b: Incineroar|0 fnt|[from] Sandstorm
|faint|p2b: Incineroar
|-damage|p2a: Garchomp|29/100 brn|[from] brn
|upkeep
|
|t:|1784364776
|switch|p1a: Rotom|Rotom-Wash, L50|61/100
|switch|p2b: Sylveon|Sylveon, L50, M|100/100
|turn|6
|
|t:|1784364795
|move|p2a: Garchomp|Dragon Claw|p1a: Rotom
|-damage|p1a: Rotom|38/100
|-enditem|p1a: Rotom|Sitrus Berry|[eat]
|-heal|p1a: Rotom|63/100|[from] item: Sitrus Berry
|-damage|p2a: Garchomp|19/100 brn|[from] item: Life Orb
|move|p1a: Rotom|Hydro Pump|p2b: Sylveon
|-damage|p2b: Sylveon|66/100
|move|p1b: Tyranitar|Rock Slide|p2a: Garchomp|[spread] p2a,p2b
|-resisted|p2a: Garchomp|1
|-damage|p2a: Garchomp|3/100 brn
|-damage|p2b: Sylveon|26/100
|cant|p2b: Sylveon|flinch
|
|-weather|Sandstorm|[upkeep]
|-damage|p1a: Rotom|57/100|[from] Sandstorm
|-damage|p2b: Sylveon|20/100y|[from] Sandstorm
|-damage|p2a: Garchomp|0 fnt|[from] brn
|faint|p2a: Garchomp
|upkeep
|
|t:|1784364812
|switch|p2a: Farigiraf|Farigiraf, L50, M|51/100
|turn|7
|inactive|PonchoTheCat has 30 seconds left.
|
|t:|1784364838
|move|p2b: Sylveon|Protect|p2b: Sylveon
|-singleturn|p2b: Sylveon|Protect
|move|p1a: Rotom|Volt Switch|p2b: Sylveon
|-activate|p2b: Sylveon|move: Protect
|move|p1b: Tyranitar|Rock Slide|p2a: Farigiraf|[spread] 
|-activate|p2b: Sylveon|move: Protect
|-miss|p1b: Tyranitar|p2a: Farigiraf
|move|p2a: Farigiraf|Trick Room|p2a: Farigiraf
|-fieldstart|move: Trick Room|[of] p2a: Farigiraf
|
|-weather|Sandstorm|[upkeep]
|-damage|p2a: Farigiraf|44/100|[from] Sandstorm
|-damage|p2b: Sylveon|14/100|[from] Sandstorm
|-damage|p1a: Rotom|52/100|[from] Sandstorm
|upkeep
|turn|8
|
|t:|1784364863
|move|p2a: Farigiraf|Helping Hand|p2b: Sylveon
|-singleturn|p2b: Sylveon|Helping Hand|[of] p2a: Farigiraf
|move|p1b: Tyranitar|Protect|p1b: Tyranitar
|-singleturn|p1b: Tyranitar|Protect
|move|p1a: Rotom|Protect|p1a: Rotom
|-singleturn|p1a: Rotom|Protect
|move|p2b: Sylveon|Hyper Voice|p1a: Rotom|[spread] 
|-activate|p1a: Rotom|move: Protect
|-activate|p1b: Tyranitar|move: Protect
|
|-weather|Sandstorm|[upkeep]
|-damage|p2a: Farigiraf|38/100|[from] Sandstorm
|-damage|p2b: Sylveon|8/100|[from] Sandstorm
|-damage|p1a: Rotom|46/100|[from] Sandstorm
|upkeep
|turn|9
|
|t:|1784364885
|move|p2a: Farigiraf|Helping Hand|p2b: Sylveon
|-singleturn|p2b: Sylveon|Helping Hand|[of] p2a: Farigiraf
|move|p2b: Sylveon|Hyper Voice|p1a: Rotom|[spread] p1a,p1b
|-supereffective|p1b: Tyranitar|1
|-damage|p1a: Rotom|0 fnt
|-damage|p1b: Tyranitar|0 fnt
|faint|p1a: Rotom
|faint|p1b: Tyranitar
|
|-weather|none
|upkeep
|
|t:|1784364903
|switch|p1b: Milotic|Milotic, L50, M|100/100
|turn|10
|
|t:|1784364922
|move|p1b: Milotic|Protect|p1b: Milotic
|-singleturn|p1b: Milotic|Protect
|move|p2b: Sylveon|Hyper Beam|p1b: Milotic
|-activate|p1b: Milotic|move: Protect
|move|p2a: Farigiraf|Thunderbolt|p1b: Milotic
|-activate|p1b: Milotic|move: Protect
|
|upkeep
|turn|11
|
|t:|1784364935
|move|p2b: Sylveon|Hyper Beam|p1b: Milotic
|-damage|p1b: Milotic|21/100
|-mustrecharge|p2b: Sylveon
|move|p2a: Farigiraf|Thunderbolt|p1b: Milotic
|-supereffective|p1b: Milotic|1
|-damage|p1b: Milotic|0 fnt
|faint|p1b: Milotic
|
|win|ursear_vgc
||ursear_vgc is ready for game 2.
||PonchoTheCat is ready for game 2.
|uhtml|next|Next: Game 2 of 3
|l|☆ursear_vgc
|player|p2|
|j|☆ursear_vgc
|player|p2|ursear_vgc|giovanni|
|l|☆PonchoTheCat
|player|p1|
