|j|☆FrancoilCieco777
|j|☆mike6972
|html|FrancoilCieco777mike6972    
|uhtml|bestof|Game 2 of a best-of-3
|t:|1757019506
|gametype|doubles
|player|p1|FrancoilCieco777|baker|1227
|player|p2|mike6972|169|1118
|gen|9
|tier|[Gen 9] VGC 2025 Reg H (Bo3)
|rated|
|rule|Species Clause: Limit one of each Pokémon
|rule|Item Clause: Limit 1 of each item
|clearpoke
|poke|p1|Volcarona, L50, M|
|poke|p1|Electabuzz, L50, M|
|poke|p1|Sneasler, L50, M|
|poke|p1|Kingambit, L50, F|
|poke|p1|Dragonite, L50, M|
|poke|p1|Rillaboom, L50, F|
|poke|p2|Basculegion, L50, M|
|poke|p2|Archaludon, L50, M|
|poke|p2|Pelipper, L50, M|
|poke|p2|Dragonite, L50, F|
|poke|p2|Gholdengo, L50|
|poke|p2|Incineroar, L50, M|
|teampreview|4
|showteam|p1|Volcarona||CovertCloak|FlameBody|HeatWave,TeraBlast,QuiverDance,Protect|||M|||50|,,,,,Fairy]Electabuzz||Eviolite|VitalSpirit|Thunderbolt,FollowMe,Taunt,Protect|||M|||50|,,,,,Ghost]Sneasler||FocusSash|Unburden|FakeOut,CloseCombat,DireClaw,Coaching|||M|||50|,,,,,Stellar]Kingambit||BlackGlasses|Defiant|KowtowCleave,SuckerPunch,SwordsDance,Protect|||F|||50|,,,,,Dark]Dragonite||LoadedDice|Multiscale|ScaleShot,ExtremeSpeed,Haze,Protect|||M|||50|,,,,,Normal]Rillaboom||AssaultVest|GrassySurge|WoodHammer,GrassyGlide,HighHorsepower,FakeOut|||F|||50|,,,,,Fire
|showteam|p2|Basculegion||LifeOrb|SwiftSwim|AquaJet,WaveCrash,LastRespects,Protect|||M|||50|,,,,,Water]Archaludon||AssaultVest|Stamina|DracoMeteor,ElectroShot,Snarl,BodyPress|||M|||50|,,,,,Grass]Pelipper||FocusSash|Drizzle|Protect,Tailwind,WeatherBall,Hurricane|||M|||50|,,,,,Ghost]Dragonite||LoadedDice|Multiscale|Haze,Protect,ScaleShot,ExtremeSpeed|||F|||50|,,,,,Fairy]Gholdengo||MetalCoat|GoodasGold|NastyPlot,ShadowBall,MakeItRain,Protect||||||50|,,,,,Dragon]Incineroar||SafetyGoggles|Intimidate|FakeOut,KnockOff,Taunt,PartingShot|||M|||50|,,,,,Ghost
|inactive|Battle timer is ON: inactive players will automatically lose when time's up. (requested by FrancoilCieco777)
|
|t:|1757019532
|teamsize|p1|4
|teamsize|p2|4
|start
|switch|p1a: Kingambit|Kingambit, L50, F|100/100
|switch|p1b: Electabuzz|Electabuzz, L50, M|100/100
|switch|p2a: Dragonite|Dragonite, L50, F|100/100
|switch|p2b: Gholdengo|Gholdengo, L50|100/100
|turn|1
|
|t:|1757019549
|-terastallize|p2b: Gholdengo|Dragon
|-terastallize|p1a: Kingambit|Dark
|move|p1b: Electabuzz|Thunderbolt|p2a: Dragonite
|-damage|p2a: Dragonite|84/100
|move|p2a: Dragonite|Scale Shot|p1a: Kingambit
|-damage|p1a: Kingambit|88/100
|-damage|p1a: Kingambit|77/100
|-damage|p1a: Kingambit|66/100
|-damage|p1a: Kingambit|55/100
|-hitcount|p1a: Kingambit|4
|-unboost|p2a: Dragonite|def|1
|-boost|p2a: Dragonite|spe|1
|move|p2b: Gholdengo|Nasty Plot|p2b: Gholdengo
|-boost|p2b: Gholdengo|spa|2
|move|p1a: Kingambit|Kowtow Cleave|p2b: Gholdengo
|-damage|p2b: Gholdengo|28/100
|
|upkeep
|turn|2
|inactive|FrancoilCieco777 has 30 seconds left.
|inactive|mike6972 has 30 seconds left.
|
|t:|1757019583
|switch|p2b: Archaludon|Archaludon, L50, M|100/100
|move|p1b: Electabuzz|Follow Me|p1b: Electabuzz
|-singleturn|p1b: Electabuzz|move: Follow Me
|move|p1a: Kingambit|Sucker Punch||[still]
|-fail|p1a: Kingambit
|move|p2a: Dragonite|Scale Shot|p1b: Electabuzz
|-damage|p1b: Electabuzz|88/100
|-crit|p1b: Electabuzz
|-damage|p1b: Electabuzz|70/100
|-damage|p1b: Electabuzz|58/100
|-damage|p1b: Electabuzz|47/100
|-damage|p1b: Electabuzz|36/100
|-hitcount|p1b: Electabuzz|5
|-unboost|p2a: Dragonite|def|1
|-boost|p2a: Dragonite|spe|1
|
|upkeep
|turn|3
|
|t:|1757019603
|switch|p1b: Rillaboom|Rillaboom, L50, F|100/100
|-fieldstart|move: Grassy Terrain|[from] ability: Grassy Surge|[of] p1b: Rillaboom
|move|p1a: Kingambit|Sucker Punch|p2a: Dragonite
|-damage|p2a: Dragonite|0 fnt
|faint|p2a: Dragonite
|move|p2b: Archaludon|Body Press|p1a: Kingambit
|-supereffective|p1a: Kingambit
|-damage|p1a: Kingambit|23/100
|
|-heal|p1a: Kingambit|29/100|[from] Grassy Terrain
|upkeep
|
|t:|1757019615
|switch|p2a: Pelipper|Pelipper, L50, M|100/100
|-weather|RainDance|[from] ability: Drizzle|[of] p2a: Pelipper
|turn|4
|
|t:|1757019625
|move|p1b: Rillaboom|Grassy Glide|p2a: Pelipper
|-damage|p2a: Pelipper|56/100
|move|p1a: Kingambit|Sucker Punch|p2a: Pelipper
|-damage|p2a: Pelipper|0 fnt
|faint|p2a: Pelipper
|move|p2b: Archaludon|Electro Shot||[still]
|-prepare|p2b: Archaludon|Electro Shot
|-boost|p2b: Archaludon|spa|1
|-anim|p2b: Archaludon|Electro Shot|p1a: Kingambit
|-damage|p1a: Kingambit|0 fnt
|faint|p1a: Kingambit
|
|-weather|RainDance|[upkeep]
|upkeep
|
|t:|1757019635
|switch|p2a: Gholdengo|Gholdengo, L50, tera:Dragon|28/100
|switch|p1a: Sneasler|Sneasler, L50, M|100/100
|turn|5
|
|t:|1757019643
|move|p1a: Sneasler|Close Combat|p2b: Archaludon
|-supereffective|p2b: Archaludon
|-damage|p2b: Archaludon|5/100
|-unboost|p1a: Sneasler|def|1
|-unboost|p1a: Sneasler|spd|1
|-ability|p2b: Archaludon|Stamina|boost
|-boost|p2b: Archaludon|def|1
|move|p2a: Gholdengo|Make It Rain|p1a: Sneasler|[spread] p1a,p1b
|-enditem|p1a: Sneasler|Focus Sash
|-damage|p1a: Sneasler|1/100
|-damage|p1b: Rillaboom|61/100
|-unboost|p2a: Gholdengo|spa|1
|move|p2b: Archaludon|Electro Shot||[still]
|-prepare|p2b: Archaludon|Electro Shot
|-boost|p2b: Archaludon|spa|1
|-anim|p2b: Archaludon|Electro Shot|p1a: Sneasler
|-damage|p1a: Sneasler|0 fnt
|faint|p1a: Sneasler
|move|p1b: Rillaboom|High Horsepower|p2b: Archaludon
|-supereffective|p2b: Archaludon
|-damage|p2b: Archaludon|0 fnt
|faint|p2b: Archaludon
|
|-weather|RainDance|[upkeep]
|-heal|p2a: Gholdengo|34/100|[from] Grassy Terrain
|-heal|p1b: Rillaboom|67/100|[from] Grassy Terrain
|upkeep
|-message|mike6972 forfeited.
|
|win|FrancoilCieco777
|raw|FrancoilCieco777's rating: 1227 → 1244(+17 for winning)
|raw|mike6972's rating: 1118 → 1101(-17 for losing)
