|j|☆randomguy1114s
|j|☆Hactor-gv128
|html|randomguy1114sHactor-gv128    
|uhtml|bestof|Game 2 of a best-of-3
|t:|1756520749
|gametype|doubles
|player|p1|randomguy1114s|lillie-masters|1179
|player|p2|Hactor-gv128|265|1088
|gen|9
|tier|[Gen 9] VGC 2025 Reg H (Bo3)
|rated|
|rule|Species Clause: Limit one of each Pokémon
|rule|Item Clause: Limit 1 of each item
|clearpoke
|poke|p1|Archaludon, L50, F|
|poke|p1|Pelipper, L50, F|
|poke|p1|Rillaboom, L50, M|
|poke|p1|Incineroar, L50, M|
|poke|p1|Gholdengo, L50|
|poke|p1|Sneasler, L50, M|
|poke|p2|Whimsicott, L50, F|
|poke|p2|Kingambit, L50, F|
|poke|p2|Ursaluna-Bloodmoon, L50, M|
|poke|p2|Electabuzz, L50, F|
|poke|p2|Basculegion, L50, M|
|poke|p2|Sneasler, L50, M|
|teampreview|4
|showteam|p1|Archaludon||PowerHerb|Sturdy|ElectroShot,DragonPulse,FlashCannon,Protect|||F|||50|,,,,,Electric]Pelipper||ChoiceScarf|Drizzle|Tailwind,MuddyWater,Hurricane,WeatherBall|||F|||50|,,,,,Ghost]Rillaboom||AssaultVest|GrassySurge|FakeOut,WoodHammer,GrassyGlide,Uturn|||M|||50|,,,,,Fire]Incineroar||SafetyGoggles|Intimidate|FakeOut,KnockOff,Taunt,PartingShot|||M|||50|,,,,,Ghost]Gholdengo||MetalCoat|GoodasGold|NastyPlot,MakeItRain,ShadowBall,Protect||||||50|,,,,,Dragon]Sneasler||GrassySeed|Unburden|CloseCombat,DireClaw,ThroatChop,Protect|||M|||50|,,,,,Dark
|showteam|p2|Whimsicott||CovertCloak|Prankster|Tailwind,Encore,Moonblast,LightScreen|||F|||50|,,,,,Water]Kingambit||BlackGlasses|Defiant|KowtowCleave,SuckerPunch,SwordsDance,Protect|||F|||50|,,,,,Dark]Ursaluna-Bloodmoon||LifeOrb|MindsEye|HyperVoice,EarthPower,BloodMoon,Protect|||M|||50|,,,,,Normal]Electabuzz||Eviolite|VitalSpirit|Electroweb,Taunt,FollowMe,Protect|||F|||50|,,,,,Dragon]Basculegion||ChoiceBand|Adaptability|WaveCrash,LastRespects,HeadSmash,AquaJet|||M|||50|,,,,,Water]Sneasler||FocusSash|Unburden|ThroatChop,DireClaw,CloseCombat,Protect|||M|||50|,,,,,Stellar
|
|t:|1756520784
|teamsize|p1|4
|teamsize|p2|4
|start
|switch|p1a: Pelicopter|Pelipper, L50, F, shiny|100/100
|switch|p1b: monke|Rillaboom, L50, M, shiny|100/100
|switch|p2a: Electabuzz|Electabuzz, L50, F|100/100
|switch|p2b: Kingambit|Kingambit, L50, F|100/100
|-weather|RainDance|[from] ability: Drizzle|[of] p1a: Pelicopter
|-fieldstart|move: Grassy Terrain|[from] ability: Grassy Surge|[of] p1b: monke
|turn|1
|
|t:|1756520798
|move|p2a: Electabuzz|Follow Me|p2a: Electabuzz
|-singleturn|p2a: Electabuzz|move: Follow Me
|move|p1a: Pelicopter|Muddy Water|p2a: Electabuzz|[spread] p2a,p2b
|-damage|p2a: Electabuzz|70/100
|-damage|p2b: Kingambit|60/100
|move|p1b: monke|U-turn|p2a: Electabuzz
|-damage|p2a: Electabuzz|50/100
|
|t:|1756520806
|switch|p1b: its my bridge!|Archaludon, L50, F, shiny|100/100|[from] U-turn
|move|p2b: Kingambit|Swords Dance|p2b: Kingambit
|-boost|p2b: Kingambit|atk|2
|
|-weather|RainDance|[upkeep]
|-heal|p2a: Electabuzz|56/100|[from] Grassy Terrain
|-heal|p2b: Kingambit|66/100|[from] Grassy Terrain
|upkeep
|turn|2
|
|t:|1756520823
|switch|p1a: monke|Rillaboom, L50, M, shiny|100/100
|-terastallize|p1b: its my bridge!|Electric
|-terastallize|p2b: Kingambit|Dark
|move|p2b: Kingambit|Sucker Punch|p1b: its my bridge!
|-ability|p1b: its my bridge!|Sturdy
|-damage|p1b: its my bridge!|1/100
|move|p1b: its my bridge!|Electro Shot||[still]
|-prepare|p1b: its my bridge!|Electro Shot
|-boost|p1b: its my bridge!|spa|1
|-anim|p1b: its my bridge!|Electro Shot|p2b: Kingambit
|-damage|p2b: Kingambit|0 fnt
|faint|p2b: Kingambit
|move|p2a: Electabuzz|Electroweb|p1b: its my bridge!|[spread] p1a,p1b
|-resisted|p1a: monke
|-resisted|p1b: its my bridge!
|-damage|p1a: monke|95/100
|-damage|p1b: its my bridge!|0 fnt
|-unboost|p1a: monke|spe|1
|faint|p1b: its my bridge!
|
|-weather|RainDance|[upkeep]
|-heal|p2a: Electabuzz|62/100|[from] Grassy Terrain
|-heal|p1a: monke|100/100|[from] Grassy Terrain
|upkeep
|
|t:|1756520843
|switch|p1b: Midcineroar|Incineroar, L50, M, shiny|100/100
|switch|p2b: Ursaluna|Ursaluna-Bloodmoon, L50, M|100/100
|-ability|p1b: Midcineroar|Intimidate|boost
|-unboost|p2a: Electabuzz|atk|1
|-unboost|p2b: Ursaluna|atk|1
|turn|3
|
|t:|1756520853
|switch|p1b: Pelicopter|Pelipper, L50, F, shiny|100/100
|move|p2a: Electabuzz|Protect|p2a: Electabuzz
|-singleturn|p2a: Electabuzz|Protect
|move|p2b: Ursaluna|Protect|p2b: Ursaluna
|-singleturn|p2b: Ursaluna|Protect
|move|p1a: monke|Wood Hammer|p2b: Ursaluna
|-activate|p2b: Ursaluna|move: Protect
|
|-weather|RainDance|[upkeep]
|-heal|p2a: Electabuzz|67/100|[from] Grassy Terrain
|upkeep
|turn|4
|
|t:|1756520865
|move|p1b: Pelicopter|Muddy Water|p2b: Ursaluna|[spread] p2a,p2b
|-supereffective|p2b: Ursaluna
|-damage|p2a: Electabuzz|34/100
|-damage|p2b: Ursaluna|0 fnt
|faint|p2b: Ursaluna
|move|p2a: Electabuzz|Electroweb|p1a: monke|[spread] p1a,p1b
|-resisted|p1a: monke
|-supereffective|p1b: Pelicopter
|-damage|p1a: monke|96/100
|-damage|p1b: Pelicopter|0 fnt
|-unboost|p1a: monke|spe|1
|faint|p1b: Pelicopter
|move|p1a: monke|Wood Hammer|p2a: Electabuzz
|-crit|p2a: Electabuzz
|-damage|p2a: Electabuzz|0 fnt
|faint|p2a: Electabuzz
|-damage|p1a: monke|87/100|[from] Recoil
|
|-weather|RainDance|[upkeep]
|-heal|p1a: monke|93/100|[from] Grassy Terrain
|upkeep
|
|t:|1756520874
|switch|p1b: Midcineroar|Incineroar, L50, M, shiny|100/100
|switch|p2b: Basculegion|Basculegion, L50, M|100/100
|-ability|p1b: Midcineroar|Intimidate|boost
|-unboost|p2b: Basculegion|atk|1
|turn|5
|
|t:|1756520883
|move|p1a: monke|Grassy Glide|p2b: Basculegion
|-supereffective|p2b: Basculegion
|-damage|p2b: Basculegion|13/100
|move|p2b: Basculegion|Wave Crash|p1b: Midcineroar
|-supereffective|p1b: Midcineroar
|-damage|p1b: Midcineroar|0 fnt
|faint|p1b: Midcineroar
|-damage|p2b: Basculegion|0 fnt|[from] Recoil
|faint|p2b: Basculegion
|
|win|randomguy1114s
