|j|☆Ciccoismadatme
|j|☆piase
|html|Ciccoismadatmepiase    
|uhtml|bestof|Game 1 of a best-of-3
|t:|1784677251
|gametype|doubles
|player|p1|Ciccoismadatme|ghetsis|
|player|p2|piase|cynthia-gen4|
|gen|9
|tier|[Gen 9 Champions] VGC 2026 Reg M-B (Bo3)
|rule|Species Clause: Limit one of each Pokémon
|rule|Item Clause: Limit 1 of each item
|clearpoke
|poke|p1|Kingambit, L50, M|
|poke|p1|Dragonite, L50, M|
|poke|p1|Raichu, L50, F|
|poke|p1|Umbreon, L50, M|
|poke|p1|Charizard, L50, M|
|poke|p1|Aggron, L50, M|
|poke|p2|Hawlucha, L50, F, shiny|
|poke|p2|Dragapult, L50, F, shiny|
|poke|p2|Krookodile, L50, F, shiny|
|poke|p2|Typhlosion, L50, F, shiny|
|poke|p2|Tsareena, L50, F, shiny|
|poke|p2|Jolteon, L50, F, shiny|
|teampreview|4
|showteam|p1|Kingambit||BlackGlasses|SupremeOverlord|KowtowCleave,IronHead,SuckerPunch,Protect|Adamant||M|||50|]Dragonite||LumBerry|Multiscale|ExtremeSpeed,DragonClaw,StompingTantrum,Protect|Adamant||M|||50|]Raichu||FocusSash|LightningRod|FakeOut,Nuzzle,VoltSwitch,Protect|Timid||F|||50|]Umbreon||Leftovers|InnerFocus|FoulPlay,HelpingHand,Wish,Protect|Calm||M|||50|]Charizard||CharizarditeX|Blaze|DragonClaw,DragonDance,FlareBlitz,Protect|Adamant||M|||50|]Aggron||Aggronite|Sturdy|BodyPress,HeavySlam,Protect,RockSlide|Relaxed||M|||50|
|showteam|p2|Hawlucha||Hawluchanite|Limber|LowKick,Detect,Entrainment,Encore|Jolly||F|||50|]Dragapult||LifeOrb|ClearBody|DragonDarts,Protect,PhantomForce,Uturn|Jolly||F|||50|]Krookodile||SitrusBerry|Intimidate|Earthquake,Protect,RockSlide,Fissure|Jolly||F|||50|]Typhlosion||ChoiceScarf|FlashFire|Eruption,Protect,ScorchingSands,Extrasensory|Timid||F|||50|]Tsareena||LightClay|QueenlyMajesty|TripleAxel,Reflect,LightScreen,Protect|Impish||F|||50|]Jolteon||Leftovers|VoltAbsorb|Discharge,Yawn,VoltSwitch,ThunderWave|Timid||F|||50|
|j| endras125
|
|t:|1784677452
|teamsize|p1|4
|teamsize|p2|4
|start
|switch|p1a: Raichu|Raichu, L50, F|100/100
|switch|p1b: Charizard|Charizard, L50, M|100/100
|switch|p2a: Hawlucha|Hawlucha, L50, F, shiny|100/100
|switch|p2b: Tsareena|Tsareena, L50, F, shiny|100/100
|turn|1
|
|t:|1784677521
|switch|p2b: Typhlosion|Typhlosion, L50, F, shiny|100/100
|detailschange|p2a: Hawlucha|Hawlucha-Mega, L50, F, shiny
|-mega|p2a: Hawlucha|Hawlucha|Hawluchanite
|detailschange|p1b: Charizard|Charizard-Mega-X, L50, M
|-mega|p1b: Charizard|Charizard|Charizardite X
|move|p2a: Hawlucha|Detect|p2a: Hawlucha
|-singleturn|p2a: Hawlucha|Protect
|move|p1a: Raichu|Nuzzle|p2a: Hawlucha
|-activate|p2a: Hawlucha|move: Protect
|move|p1b: Charizard|Flare Blitz|p2b: Typhlosion
|-start|p2b: Typhlosion|ability: Flash Fire
|
|upkeep
|turn|2
|
|t:|1784677604
|move|p2b: Typhlosion|Eruption|p1b: Charizard|[spread] p1a,p1b
|-resisted|p1b: Charizard|2
|-enditem|p1a: Raichu|Focus Sash
|-damage|p1a: Raichu|1/100
|-damage|p1b: Charizard|72/100
|move|p2a: Hawlucha|Encore|p1b: Charizard
|-start|p1b: Charizard|Encore
|move|p1a: Raichu|Nuzzle|p2a: Hawlucha
|-supereffective|p2a: Hawlucha|1
|-damage|p2a: Hawlucha|89/100
|-status|p2a: Hawlucha|par
|move|p1b: Charizard|Flare Blitz|p2b: Typhlosion
|-immune|p2b: Typhlosion|[from] ability: Flash Fire
|
|upkeep
|turn|3
|
|t:|1784677661
|switch|p2a: Krookodile|Krookodile, L50, F, shiny|100/100
|-ability|p2a: Krookodile|Intimidate|boost
|-unboost|p1a: Raichu|atk|1
|-unboost|p1b: Charizard|atk|1
|move|p2b: Typhlosion|Eruption|p1a: Raichu|[spread] p1a,p1b
|-resisted|p1b: Charizard|2
|-damage|p1a: Raichu|0 fnt
|-damage|p1b: Charizard|45/100
|faint|p1a: Raichu
|move|p1b: Charizard|Flare Blitz|p2a: Krookodile
|-damage|p2a: Krookodile|38/100
|-enditem|p2a: Krookodile|Sitrus Berry|[eat]
|-heal|p2a: Krookodile|63/100|[from] item: Sitrus Berry
|-damage|p1b: Charizard|22/100|[from] Recoil
|
|upkeep
|
|t:|1784677679
|switch|p1a: Aggron|Aggron, L50, M|100/100
|turn|4
|
|t:|1784677695
|-end|p2b: Typhlosion|ability: Flash Fire|[silent]
|switch|p2b: Hawlucha|Hawlucha-Mega, L50, F, shiny|89/100 par
|move|p2a: Krookodile|Rock Slide|p1a: Aggron|[spread] p1b
|-miss|p2a: Krookodile|p1a: Aggron
|-supereffective|p1b: Charizard|1
|-damage|p1b: Charizard|0 fnt
|faint|p1b: Charizard
|move|p1a: Aggron|Rock Slide|p2a: Krookodile|[spread] p2a,p2b
|-resisted|p2a: Krookodile|1
|-damage|p2a: Krookodile|51/100
|-damage|p2b: Hawlucha|69/100 par
|
|upkeep
|
|t:|1784677707
|switch|p1b: Umbreon|Umbreon, L50, M|100/100
|turn|5
|
|t:|1784677735
|move|p1b: Umbreon|Helping Hand|p1a: Aggron
|-singleturn|p1a: Aggron|Helping Hand|[of] p1b: Umbreon
|move|p2a: Krookodile|Protect|p2a: Krookodile
|-singleturn|p2a: Krookodile|Protect
|move|p2b: Hawlucha|Entrainment|p2a: Krookodile
|-activate|p2a: Krookodile|move: Protect
|move|p1a: Aggron|Body Press|p2a: Krookodile
|-activate|p2a: Krookodile|move: Protect
|
|upkeep
|turn|6
|
|t:|1784677756
|move|p1b: Umbreon|Helping Hand|p1a: Aggron
|-singleturn|p1a: Aggron|Helping Hand|[of] p1b: Umbreon
|move|p2a: Krookodile|Earthquake|p1a: Aggron|[spread] p1a,p1b
|-immune|p2b: Hawlucha
|-supereffective|p1a: Aggron|2
|-crit|p1a: Aggron
|-ability|p1a: Aggron|Sturdy
|-damage|p1a: Aggron|1/100
|-damage|p1b: Umbreon|64/100
|move|p2b: Hawlucha|Low Kick|p1a: Aggron
|-supereffective|p1a: Aggron|2
|-damage|p1a: Aggron|0 fnt
|faint|p1a: Aggron
|
|-heal|p1b: Umbreon|70/100|[from] item: Leftovers
|upkeep
|turn|7
|
|t:|1784677782
|move|p2a: Krookodile|Rock Slide|p1b: Umbreon
|-damage|p1b: Umbreon|44/100
|move|p2b: Hawlucha|Entrainment|p1b: Umbreon
|-ability|p1b: Umbreon|No Guard|Inner Focus|[from] move: Entrainment|[of] p2b: Hawlucha
|move|p1b: Umbreon|Wish|p1b: Umbreon
|
|-heal|p1b: Umbreon|50/100g|[from] item: Leftovers
|upkeep
|turn|8
|
|t:|1784677800
|move|p2a: Krookodile|Earthquake|p1b: Umbreon|[spread] p1b
|-immune|p2b: Hawlucha
|-damage|p1b: Umbreon|12/100
|move|p2b: Hawlucha|Low Kick|p1b: Umbreon
|-supereffective|p1b: Umbreon|1
|-damage|p1b: Umbreon|0 fnt
|faint|p1b: Umbreon
|
|win|piase
|inactive|Ciccoismadatme has 30 seconds to confirm battle start!
|inactive|piase has 30 seconds to confirm battle start!
||piase is ready for game 2.
|inactive|Ciccoismadatme has 20 seconds to confirm battle start!
||Ciccoismadatme is ready for game 2.
|uhtml|next|Next: Game 2 of 3
|j| mrpokemon33
|l| mrpokemon33
|j| mrpokemon33
|l| mrpokemon33
|j| mrpokemon33
|l|☆Ciccoismadatme
|player|p1|
