|j|☆Sincubii
|j|☆wester7
|html|Sincubiiwester7    
|uhtml|bestof|Game 2 of a best-of-3
|t:|1757722194
|gametype|doubles
|player|p1|Sincubii|palmer|1143
|player|p2|wester7|1|1156
|gen|9
|tier|[Gen 9] VGC 2025 Reg H (Bo3)
|rated|
|rule|Species Clause: Limit one of each Pokémon
|rule|Item Clause: Limit 1 of each item
|clearpoke
|poke|p1|Weavile, L50, M|
|poke|p1|Weezing-Galar, L50, F|
|poke|p1|Tyranitar, L50, M|
|poke|p1|Toedscruel, L50, F|
|poke|p1|Rotom-Heat, L50|
|poke|p1|Dragonite, L50, F|
|poke|p2|Indeedee-F, L50, F|
|poke|p2|Delphox, L50, F|
|poke|p2|Mienshao, L50, F|
|poke|p2|Garchomp, L50, F|
|poke|p2|Scizor, L50, F|
|poke|p2|Gyarados, L50, F|
|teampreview|4
|showteam|p1|Weavile||LifeOrb|Pressure|FakeOut,IceSpinner,KnockOff,LowKick|||M|||50|,,,,,Ghost]Weezing-Galar||SafetyGoggles|NeutralizingGas|StrangeSteam,WillOWisp,Taunt,Protect|||F|||50|,,,,,Fire]Tyranitar||AssaultVest|SandStream|KnockOff,RockSlide,TeraBlast,LowKick|||M|||50|,,,,,Flying]Toedscruel||FocusSash|MyceliumMight|Spore,EarthPower,Protect,LeafStorm|||F|||50|,,,,,Fire]Rotom-Heat||ChoiceScarf|Levitate|Electroweb,VoltSwitch,Trick,Overheat||||||50|,,,,,Electric]Dragonite||LoadedDice|InnerFocus|Protect,ScaleShot,Tailwind,TeraBlast|||F|||50|,,,,,Steel
|showteam|p2|Indeedee-F||SafetyGoggles|PsychicSurge|AlluringVoice,FollowMe,HelpingHand,Protect|||F|||50|,,,,,Fairy]Delphox||LifeOrb|Blaze|ExpandingForce,Flamethrower,NastyPlot,Protect|||F|||50|,,,,,Psychic]Mienshao||EjectPack|InnerFocus|FakeOut,CloseCombat,KnockOff,WideGuard|||F|||50|,,,,,Dark]Garchomp||ClearAmulet|SandVeil|Earthquake,StompingTantrum,DragonClaw,Protect|||F|||50|,,,,,Fire]Scizor||AssaultVest|Technician|BugBite,Uturn,Thief,BulletPunch|||F|||50|,,,,,Fire]Gyarados||CovertCloak|Intimidate|Waterfall,Taunt,ThunderWave,HelpingHand|||F|||50|,,,,,Steel
|
|t:|1757722229
|teamsize|p1|4
|teamsize|p2|4
|start
|switch|p1a: Toedscruel|Toedscruel, L50, F|100/100
|switch|p1b: Weezing|Weezing-Galar, L50, F|100/100
|switch|p2a: Gyarados|Gyarados, L50, F|100/100
|switch|p2b: Garchomp|Garchomp, L50, F|100/100
|-ability|p1b: Weezing|Neutralizing Gas
|turn|1
|inactive|Battle timer is ON: inactive players will automatically lose when time's up. (requested by Sincubii)
|
|t:|1757722256
|-end|p1b: Weezing|ability: Neutralizing Gas
|-ability|p2a: Gyarados|Intimidate|boost
|-unboost|p1a: Toedscruel|atk|1
|-unboost|p1b: Weezing|atk|1
|switch|p1b: Big Boss|Dragonite, L50, F, shiny|100/100
|move|p2b: Garchomp|Protect|p2b: Garchomp
|-singleturn|p2b: Garchomp|Protect
|move|p1a: Toedscruel|Spore|p2a: Gyarados
|-status|p2a: Gyarados|slp|[from] move: Spore
|cant|p2a: Gyarados|slp
|
|upkeep
|turn|2
|inactive|Sincubii has 30 seconds left.
|inactive|wester7 has 30 seconds left.
|inactive|wester7 has 20 seconds left.
|
|t:|1757722296
|-terastallize|p2b: Garchomp|Fire
|-terastallize|p1b: Big Boss|Steel
|move|p2b: Garchomp|Earthquake|p1a: Toedscruel|[spread] p1a,p1b
|-immune|p2a: Gyarados
|-resisted|p1a: Toedscruel
|-supereffective|p1b: Big Boss
|-damage|p1a: Toedscruel|71/100
|-damage|p1b: Big Boss|22/100
|cant|p2a: Gyarados|slp
|move|p1b: Big Boss|Scale Shot|p2a: Gyarados|[miss]
|-miss|p1b: Big Boss|p2a: Gyarados
|move|p1a: Toedscruel|Spore|p2b: Garchomp
|-status|p2b: Garchomp|slp|[from] move: Spore
|
|upkeep
|turn|3
|inactive|wester7 has 30 seconds left.
|
|t:|1757722327
|switch|p2b: Indeedee|Indeedee-F, L50, F|100/100
|-fieldstart|move: Psychic Terrain|[from] ability: Psychic Surge|[of] p2b: Indeedee
|move|p1a: Toedscruel|Earth Power|p2b: Indeedee
|-damage|p2b: Indeedee|67/100
|cant|p2a: Gyarados|slp
|move|p1b: Big Boss|Scale Shot|p2a: Gyarados
|-damage|p2a: Gyarados|84/100 slp
|-damage|p2a: Gyarados|69/100 slp
|-damage|p2a: Gyarados|53/100 slp
|-damage|p2a: Gyarados|38/100 slp
|-damage|p2a: Gyarados|23/100 slp
|-hitcount|p2a: Gyarados|5
|-unboost|p1b: Big Boss|def|1
|-boost|p1b: Big Boss|spe|1
|
|upkeep
|turn|4
|inactive|wester7 has 30 seconds left.
|inactive|wester7 has 20 seconds left.
|
|t:|1757722363
|switch|p1a: Weavile|Weavile, L50, M|100/100
|-ability|p1a: Weavile|Pressure
|move|p1b: Big Boss|Protect|p1b: Big Boss
|-singleturn|p1b: Big Boss|Protect
|move|p2b: Indeedee|Follow Me|p2b: Indeedee
|-singleturn|p2b: Indeedee|move: Follow Me
|-curestatus|p2a: Gyarados|slp|[msg]
|move|p2a: Gyarados|Waterfall|p1b: Big Boss
|-activate|p1b: Big Boss|move: Protect
|
|upkeep
|turn|5
|
|t:|1757722387
|switch|p2a: Delphox|Delphox, L50, F|100/100
|move|p2b: Indeedee|Protect|p2b: Indeedee
|-singleturn|p2b: Indeedee|Protect
|move|p1a: Weavile|Knock Off|p2b: Indeedee
|-activate|p2b: Indeedee|move: Protect
|move|p1b: Big Boss|Scale Shot|p2a: Delphox
|-damage|p2a: Delphox|76/100
|-damage|p2a: Delphox|54/100
|-damage|p2a: Delphox|32/100
|-damage|p2a: Delphox|8/100
|-hitcount|p2a: Delphox|4
|-unboost|p1b: Big Boss|def|1
|-boost|p1b: Big Boss|spe|1
|
|upkeep
|turn|6
|inactive|wester7 has 30 seconds left.
|inactive|wester7 has 20 seconds left.
|
|t:|1757722423
|switch|p2a: Gyarados|Gyarados, L50, F|23/100
|-ability|p2a: Gyarados|Intimidate|boost
|-unboost|p1a: Weavile|atk|1
|-fail|p1b: Big Boss|unboost|Attack|[from] ability: Inner Focus|[of] p1b: Big Boss
|move|p1b: Big Boss|Scale Shot|p2a: Gyarados
|-damage|p2a: Gyarados|8/100
|-damage|p2a: Gyarados|0 fnt
|faint|p2a: Gyarados
|-hitcount|p2: Gyarados|2
|-unboost|p1b: Big Boss|def|1
|-boost|p1b: Big Boss|spe|1
|move|p1a: Weavile|Knock Off|p2b: Indeedee
|-supereffective|p2b: Indeedee
|-crit|p2b: Indeedee
|-damage|p2b: Indeedee|0 fnt
|-enditem|p2b: Indeedee|Safety Goggles|[from] move: Knock Off|[of] p1a: Weavile
|faint|p2b: Indeedee
|-damage|p1a: Weavile|91/100|[from] item: Life Orb
|
|upkeep
|
|t:|1757722441
|switch|p2a: Delphox|Delphox, L50, F|8/100
|switch|p2b: Garchomp|Garchomp, L50, F, tera:Fire|100/100 slp
|turn|7
|
|t:|1757722449
|move|p1b: Big Boss|Scale Shot|p2b: Garchomp
|-damage|p2b: Garchomp|84/100 slp
|-damage|p2b: Garchomp|69/100 slp
|-damage|p2b: Garchomp|53/100 slp
|-damage|p2b: Garchomp|38/100 slp
|-damage|p2b: Garchomp|23/100 slp
|-hitcount|p2b: Garchomp|5
|-unboost|p1b: Big Boss|def|1
|-boost|p1b: Big Boss|spe|1
|move|p1a: Weavile|Knock Off|p2a: Delphox
|-supereffective|p2a: Delphox
|-damage|p2a: Delphox|0 fnt
|-enditem|p2a: Delphox|Life Orb|[from] move: Knock Off|[of] p1a: Weavile
|faint|p2a: Delphox
|-damage|p1a: Weavile|81/100|[from] item: Life Orb
|cant|p2b: Garchomp|slp
|
|-fieldend|move: Psychic Terrain
|upkeep
|turn|8
|
|t:|1757722466
|switch|p1b: Toedscruel|Toedscruel, L50, F|71/100
|move|p1a: Weavile|Knock Off|p2b: Garchomp
|-damage|p2b: Garchomp|0 fnt
|-enditem|p2b: Garchomp|Clear Amulet|[from] move: Knock Off|[of] p1a: Weavile
|faint|p2b: Garchomp
|-damage|p1a: Weavile|72/100|[from] item: Life Orb
|
|win|Sincubii
||wester7 is ready for game 3.
||Sincubii is ready for game 3.
|uhtml|next|Next: Game 3 of 3
|l|☆Sincubii
|player|p1|
