|j|☆ChimcharBot
|j|☆efwefwefwefweifier
|html|ChimcharBotefwefwefwefweifier    
|uhtml|bestof|Game 1 of a best-of-3
|t:|1784028285
|gametype|doubles
|player|p1|ChimcharBot|koga|1196
|player|p2|efwefwefwefweifier|clown|1305
|gen|9
|tier|[Gen 9 Champions] VGC 2026 Reg M-B (Bo3)
|rated|
|rule|Species Clause: Limit one of each Pokémon
|rule|Item Clause: Limit 1 of each item
|clearpoke
|poke|p1|Floette-Eternal, L50, F|
|poke|p1|Aerodactyl, L50, F|
|poke|p1|Garchomp, L50, F|
|poke|p1|Incineroar, L50, F|
|poke|p1|Sinistcha-Masterpiece, L50|
|poke|p1|Kingambit, L50, M|
|poke|p2|Armarouge, L50, F|
|poke|p2|Sinistcha, L50|
|poke|p2|Floette-Eternal, L50, F|
|poke|p2|Incineroar, L50, M, shiny|
|poke|p2|Sneasler, L50, M|
|poke|p2|Hydreigon, L50, M|
|teampreview|4
|showteam|p1|Floette-Eternal||Floettite|FlowerVeil|Protect,DazzlingGleam,Moonblast,CalmMind|Modest||F|||50|]Aerodactyl||Aerodactylite|Unnerve|Protect,Tailwind,DualWingbeat,RockSlide|Jolly||F|||50|]Garchomp||SitrusBerry|RoughSkin|Protect,DragonClaw,StompingTantrum,RockSlide|Adamant||F|||50|]Incineroar||PasshoBerry|Intimidate|FlareBlitz,ThroatChop,PartingShot,FakeOut|Careful||F|||50|]Sinistcha-Masterpiece||KasibBerry|Hospitality|Protect,RagePowder,MatchaGotcha,TrickRoom|Bold|||||50|]Kingambit||BlackGlasses|Defiant|Protect,KowtowCleave,SuckerPunch,SwordsDance|Adamant||M|||50|
|showteam|p2|Armarouge||ColburBerry|FlashFire|HeatWave,Psychic,CalmMind,Protect|Modest||F|||50|]Sinistcha||KasibBerry|Hospitality|MatchaGotcha,RagePowder,LifeDew,TrickRoom|Calm|||||50|]Floette-Eternal||Floettite|FlowerVeil|Moonblast,DrainingKiss,CalmMind,Protect|Modest||F|||50|]Incineroar||SitrusBerry|Intimidate|FlareBlitz,FakeOut,PartingShot,Taunt|Impish||M|||50|]Sneasler||FocusSash|PoisonTouch|CloseCombat,PoisonJab,FakeOut,QuickGuard|Jolly||M|||50|]Hydreigon||ChoiceScarf|Levitate|DracoMeteor,DarkPulse,Snarl,EarthPower|Modest||M|||50|
|inactive|Battle timer is ON: inactive players will automatically lose when time's up. (requested by efwefwefwefweifier)
|inactive|ChimcharBot has 60 seconds left.
|inactive|efwefwefwefweifier has 60 seconds left.
|
|t:|1784028337
|teamsize|p1|4
|teamsize|p2|4
|start
|switch|p1a: Floette|Floette-Eternal, L50, F|100/100
|switch|p1b: Garchomp|Garchomp, L50, F|100/100
|switch|p2a: Pasta Blasta|Armarouge, L50, F|100/100
|switch|p2b: Merry Berry|Incineroar, L50, M, shiny|100/100
|-ability|p2b: Merry Berry|Intimidate|boost
|-unboost|p1a: Floette|atk|1
|-unboost|p1b: Garchomp|atk|1
|turn|1
|
|t:|1784028357
|detailschange|p1a: Floette|Floette-Mega, L50, F
|-mega|p1a: Floette|Floette|Floettite
|-ability|p1a: Floette|Fairy Aura
|move|p2b: Merry Berry|Fake Out|p1b: Garchomp
|-damage|p1b: Garchomp|91/100
|-damage|p2b: Merry Berry|87/100|[from] ability: Rough Skin|[of] p1b: Garchomp
|cant|p1b: Garchomp|flinch
|move|p1a: Floette|Calm Mind|p1a: Floette
|-boost|p1a: Floette|spa|1
|-boost|p1a: Floette|spd|1
|move|p2a: Pasta Blasta|Calm Mind|p2a: Pasta Blasta
|-boost|p2a: Pasta Blasta|spa|1
|-boost|p2a: Pasta Blasta|spd|1
|
|upkeep
|turn|2
|inactive|efwefwefwefweifier has 30 seconds left.
|
|t:|1784028387
|move|p2a: Pasta Blasta|Protect|p2a: Pasta Blasta
|-singleturn|p2a: Pasta Blasta|Protect
|move|p1b: Garchomp|Stomping Tantrum|p2b: Merry Berry
|-supereffective|p2b: Merry Berry|1
|-damage|p2b: Merry Berry|3/100
|-enditem|p2b: Merry Berry|Sitrus Berry|[eat]
|-heal|p2b: Merry Berry|28/100|[from] item: Sitrus Berry
|move|p1a: Floette|Calm Mind|p1a: Floette
|-boost|p1a: Floette|spa|1
|-boost|p1a: Floette|spd|1
|move|p2b: Merry Berry|Parting Shot|p1a: Floette
|-unboost|p1a: Floette|atk|1
|-unboost|p1a: Floette|spa|1
|
|t:|1784028401
|switch|p2b: Poison Foison|Sneasler, L50, M|100/100|[from] Parting Shot
|
|upkeep
|turn|3
|inactive|ChimcharBot has 30 seconds left.
|
|t:|1784028434
|move|p2b: Poison Foison|Poison Jab|p1a: Floette
|-supereffective|p1a: Floette|1
|-damage|p1a: Floette|17/100
|-status|p1a: Floette|psn
|move|p1b: Garchomp|Stomping Tantrum|p2b: Poison Foison
|-supereffective|p2b: Poison Foison|1
|-damage|p2b: Poison Foison|1/100
|move|p1a: Floette|Dazzling Gleam|p2b: Poison Foison|[spread] p2a,p2b
|-resisted|p2a: Pasta Blasta|1
|-damage|p2a: Pasta Blasta|76/100
|-damage|p2b: Poison Foison|0 fnt
|faint|p2b: Poison Foison
|move|p2a: Pasta Blasta|Heat Wave|p1a: Floette|[spread] p1a,p1b
|-resisted|p1b: Garchomp|1
|-damage|p1a: Floette|0 fnt
|-damage|p1b: Garchomp|61/100
|faint|p1a: Floette
|
|upkeep
|
|t:|1784028450
|switch|p2b: Flowa Powa|Floette-Eternal, L50, F|100/100
|switch|p1a: Sinistcha|Sinistcha-Masterpiece, L50|100/100
|-heal|p1b: Garchomp|86/100|[from] ability: Hospitality|[of] p1a: Sinistcha
|turn|4
|
|t:|1784028462
|switch|p1b: Incineroar|Incineroar, L50, F|100/100
|-ability|p1b: Incineroar|Intimidate|boost
|-unboost|p2a: Pasta Blasta|atk|1
|-unboost|p2b: Flowa Powa|atk|1
|detailschange|p2b: Flowa Powa|Floette-Mega, L50, F
|-mega|p2b: Flowa Powa|Floette|Floettite
|-ability|p2b: Flowa Powa|Fairy Aura
|move|p2b: Flowa Powa|Calm Mind|p2b: Flowa Powa
|-boost|p2b: Flowa Powa|spa|1
|-boost|p2b: Flowa Powa|spd|1
|move|p2a: Pasta Blasta|Heat Wave|p1b: Incineroar|[spread] p1a,p1b
|-supereffective|p1a: Sinistcha|1
|-resisted|p1b: Incineroar|1
|-damage|p1a: Sinistcha|0 fnt
|-damage|p1b: Incineroar|77/100
|faint|p1a: Sinistcha
|
|upkeep
|
|t:|1784028474
|switch|p1a: Garchomp|Garchomp, L50, F|86/100
|turn|5
|
|t:|1784028486
|move|p2b: Flowa Powa|Protect|p2b: Flowa Powa
|-singleturn|p2b: Flowa Powa|Protect
|move|p1a: Garchomp|Rock Slide|p2a: Pasta Blasta|[spread] p2a
|-activate|p2b: Flowa Powa|move: Protect
|-supereffective|p2a: Pasta Blasta|1
|-damage|p2a: Pasta Blasta|39/100
|move|p2a: Pasta Blasta|Psychic|p1a: Garchomp
|-damage|p1a: Garchomp|7/100
|-enditem|p1a: Garchomp|Sitrus Berry|[eat]
|-heal|p1a: Garchomp|32/100|[from] item: Sitrus Berry
|move|p1b: Incineroar|Flare Blitz|p2b: Flowa Powa
|-activate|p2b: Flowa Powa|move: Protect
|
|upkeep
|turn|6
|
|t:|1784028510
|move|p2b: Flowa Powa|Moonblast|p1b: Incineroar
|-damage|p1b: Incineroar|3/100
|move|p1a: Garchomp|Rock Slide|p2a: Pasta Blasta|[spread] p2a,p2b
|-supereffective|p2a: Pasta Blasta|1
|-damage|p2a: Pasta Blasta|4/100
|-damage|p2b: Flowa Powa|76/100
|move|p2a: Pasta Blasta|Psychic|p1a: Garchomp
|-damage|p1a: Garchomp|0 fnt
|faint|p1a: Garchomp
|move|p1b: Incineroar|Flare Blitz|p2b: Flowa Powa
|-damage|p2b: Flowa Powa|25/100
|-damage|p1b: Incineroar|0 fnt|[from] Recoil
|faint|p1b: Incineroar
|
|win|efwefwefwefweifier
||ChimcharBot is ready for game 2.
||efwefwefwefweifier is ready for game 2.
|uhtml|next|Next: Game 2 of 3
