|j|☆jaybee394
|j|☆Blizz.vg
|html|jaybee394Blizz.vg    
|uhtml|bestof|Game 1 of a best-of-3
|t:|1785024326
|gametype|doubles
|player|p1|jaybee394|170|
|player|p2|Blizz.vg|supernerd|
|gen|9
|tier|[Gen 9 Champions] VGC 2026 Reg M-B (Bo3)
|rule|Species Clause: Limit one of each Pokémon
|rule|Item Clause: Limit 1 of each item
|clearpoke
|poke|p1|Delphox, L50, F|
|poke|p1|Whimsicott, L50, M|
|poke|p1|Garchomp, L50, M|
|poke|p1|Sinistcha, L50|
|poke|p1|Staraptor, L50, F|
|poke|p1|Maushold-Four, L50|
|poke|p2|Kingambit, L50, F|
|poke|p2|Charizard, L50, M|
|poke|p2|Aerodactyl, L50, M|
|poke|p2|Farigiraf, L50, M|
|poke|p2|Garchomp, L50, M|
|poke|p2|Sylveon, L50, F|
|teampreview|4
|showteam|p1|Delphox||Delphoxite|Blaze|HeatWave,Psychic,Substitute,Protect|Timid||F|||50|]Whimsicott||FocusSash|Prankster|Moonblast,Tailwind,FakeTears,SunnyDay|Timid||M|||50|]Garchomp||LifeOrb|RoughSkin|DragonClaw,Earthquake,RockSlide,Protect|Adamant||M|||50|]Sinistcha||OccaBerry|Hospitality|MatchaGotcha,RagePowder,TrickRoom,StrengthSap|Bold|||||50|]Staraptor||Staraptite|Intimidate|CloseCombat,BraveBird,Roost,Protect|Jolly||F|||50|]Maushold-Four||ChopleBerry|FriendGuard|SuperFang,FollowMe,Charm,Protect|Timid|||||50|
|showteam|p2|Kingambit||FocusSash|Defiant|KowtowCleave,IronHead,SuckerPunch,LowKick|Adamant||F|||50|]Charizard||CharizarditeY|Blaze|HeatWave,SolarBeam,WeatherBall,Protect|Modest||M|||50|]Aerodactyl||Aerodactylite|Unnerve|RockSlide,DualWingbeat,IceFang,Tailwind|Jolly||M|||50|]Farigiraf||SitrusBerry|ArmorTail|Psychic,Thunderbolt,TrickRoom,Roar|Bold||M|||50|]Garchomp||LifeOrb|RoughSkin|Earthquake,DragonClaw,StompingTantrum,Protect|Jolly||M|||50|]Sylveon||FairyFeather|Pixilate|HyperVoice,HyperBeam,QuickAttack,Protect|Modest||F|||50|
|c|☆jaybee394|alright!
|c|☆Blizz.vg|glhf
|c|☆jaybee394|Let's send the match link real quick before I get yelled at for that again lol
|c|☆Blizz.vg|np
|j| Hudie EU
|j| Autin Mago
|j| gentlemangarby
|c|☆jaybee394|Giving it a bit for people to join
|l| gentlemangarby
|c|☆jaybee394|alright you ready to go?
|c|☆Blizz.vg|yes
|c|☆jaybee394|Sweet
|c|☆jaybee394|I'mma start timer
|inactive|Battle timer is ON: inactive players will automatically lose when time's up. (requested by jaybee394)
|j| iamTay
|inactive|jaybee394 has 60 seconds left.
|
|t:|1785024637
|teamsize|p1|4
|teamsize|p2|4
|start
|switch|p1a: Staraptor|Staraptor, L50, F|100/100
|switch|p1b: Whimsicott|Whimsicott, L50, M|100/100
|switch|p2a: Aerodactyl|Aerodactyl, L50, M|100/100
|switch|p2b: Kingambit|Kingambit, L50, F|100/100
|-ability|p2a: Aerodactyl|Unnerve
|-ability|p1a: Staraptor|Intimidate|boost
|-unboost|p2a: Aerodactyl|atk|1
|-unboost|p2b: Kingambit|atk|1
|-ability|p2b: Kingambit|Defiant|boost
|-boost|p2b: Kingambit|atk|2
|turn|1
|inactive|jaybee394 has 30 seconds left.
|inactive|Blizz.vg has 30 seconds left.
|inactive|Blizz.vg has 20 seconds left.
|inactive|Blizz.vg has 15 seconds left.
|inactive|Blizz.vg has 10 seconds left.
|
|t:|1785024683
|detailschange|p2a: Aerodactyl|Aerodactyl-Mega, L50, M
|-mega|p2a: Aerodactyl|Aerodactyl|Aerodactylite
|detailschange|p1a: Staraptor|Staraptor-Mega, L50, F
|-mega|p1a: Staraptor|Staraptor|Staraptite
|move|p1b: Whimsicott|Tailwind|p1b: Whimsicott
|-sidestart|p1: jaybee394|move: Tailwind
|move|p1a: Staraptor|Close Combat|p2a: Aerodactyl
|-damage|p2a: Aerodactyl|36/100
|-boost|p1a: Staraptor|def|1
|-boost|p1a: Staraptor|spd|1
|move|p2a: Aerodactyl|Tailwind|p2a: Aerodactyl
|-sidestart|p2: Blizz.vg|move: Tailwind
|move|p2b: Kingambit|Iron Head|p1b: Whimsicott
|-supereffective|p1b: Whimsicott|1
|-enditem|p1b: Whimsicott|Focus Sash
|-damage|p1b: Whimsicott|1/100
|
|upkeep
|turn|2
|inactive|jaybee394 has 30 seconds left.
|
|t:|1785024717
|move|p1b: Whimsicott|Fake Tears|p1a: Staraptor
|-boost|p1a: Staraptor|spd|2
|move|p2a: Aerodactyl|Rock Slide|p1b: Whimsicott|[spread] p1a,p1b
|-damage|p1a: Staraptor|87/100
|-damage|p1b: Whimsicott|0 fnt
|faint|p1b: Whimsicott
|move|p1a: Staraptor|Close Combat|p2a: Aerodactyl
|-damage|p2a: Aerodactyl|0 fnt
|-boost|p1a: Staraptor|def|1
|-boost|p1a: Staraptor|spd|1
|faint|p2a: Aerodactyl
|move|p2b: Kingambit|Iron Head|p1a: Staraptor
|-damage|p1a: Staraptor|55/100
|
|upkeep
|
|t:|1785024733
|switch|p2a: Sylveon|Sylveon, L50, F|100/100
|switch|p1b: Sinistcha|Sinistcha, L50|100/100
|-heal|p1a: Staraptor|80/100|[from] ability: Hospitality|[of] p1b: Sinistcha
|turn|3
|inactive|jaybee394 has 30 seconds left.
|inactive|jaybee394 has 20 seconds left.
|inactive|jaybee394 has 15 seconds left.
|inactive|jaybee394 has 10 seconds left.
|
|t:|1785024782
|move|p1b: Sinistcha|Rage Powder|p1b: Sinistcha
|-singleturn|p1b: Sinistcha|move: Rage Powder
|move|p1a: Staraptor|Brave Bird|p2a: Sylveon
|-damage|p2a: Sylveon|34/100
|-damage|p1a: Staraptor|58/100|[from] Recoil
|move|p2b: Kingambit|Kowtow Cleave|p1b: Sinistcha
|-supereffective|p1b: Sinistcha|1
|-damage|p1b: Sinistcha|0 fnt
|faint|p1b: Sinistcha
|move|p2a: Sylveon|Hyper Voice|p1a: Staraptor
|-supereffective|p1a: Staraptor|1
|-damage|p1a: Staraptor|17/100
|
|upkeep
|
|t:|1785024794
|switch|p1b: Garchomp|Garchomp, L50, M|100/100
|turn|4
|
|t:|1785024807
|move|p2a: Sylveon|Protect|p2a: Sylveon
|-singleturn|p2a: Sylveon|Protect
|move|p2b: Kingambit|Sucker Punch|p1b: Garchomp
|-damage|p1b: Garchomp|40/100
|-damage|p2b: Kingambit|87/100|[from] ability: Rough Skin|[of] p1b: Garchomp
|move|p1a: Staraptor|Close Combat|p2b: Kingambit
|-supereffective|p2b: Kingambit|2
|-damage|p2b: Kingambit|0 fnt
|-boost|p1a: Staraptor|def|1
|-boost|p1a: Staraptor|spd|1
|faint|p2b: Kingambit
|move|p1b: Garchomp|Earthquake|p2a: Sylveon|[spread] 
|-activate|p2a: Sylveon|move: Protect
|-immune|p1a: Staraptor
|
|-sideend|p2: Blizz.vg|move: Tailwind
|-sideend|p1: jaybee394|move: Tailwind
|upkeep
|
|t:|1785024815
|switch|p2b: Garchomp|Garchomp, L50, M|100/100
|turn|5
|inactive|jaybee394 has 30 seconds left.
|inactive|jaybee394 has 20 seconds left.
|inactive|jaybee394 has 15 seconds left.
|
|t:|1785024858
|move|p1a: Staraptor|Brave Bird|p2a: Sylveon
|-damage|p2a: Sylveon|0 fnt
|faint|p2a: Sylveon
|-damage|p1a: Staraptor|5/100|[from] Recoil
|move|p2b: Garchomp|Dragon Claw|p1b: Garchomp
|-supereffective|p1b: Garchomp|1
|-damage|p1b: Garchomp|0 fnt
|-damage|p2b: Garchomp|87/100|[from] ability: Rough Skin|[of] p1b: Garchomp
|faint|p1b: Garchomp
|-damage|p2b: Garchomp|78/100|[from] item: Life Orb
|
|upkeep
|turn|6
|
|t:|1785024878
|move|p1a: Staraptor|Close Combat|p2b: Garchomp
|-damage|p2b: Garchomp|23/100
|-boost|p1a: Staraptor|def|1
|-boost|p1a: Staraptor|spd|1
|-damage|p1a: Staraptor|0 fnt|[from] ability: Rough Skin|[of] p2b: Garchomp
|faint|p1a: Staraptor
|
|win|Blizz.vg
||jaybee394 is ready for game 2.
||Blizz.vg is ready for game 2.
|uhtml|next|Next: Game 2 of 3
|l| iamTay
|j| shrimplyasapphic
|j| iamTay
|j| lemonancy
|l| Autin Mago
|l| lemonancy
|l| shrimplyasapphic
|l| Hudie EU
|l| iamTay
