|j|☆MagicalArcher57
|j|‽SomeKidJon
|html|MagicalArcher57SomeKidJon    
|uhtml|bestof|Game 2 of a best-of-3
|t:|1784487464
|gametype|doubles
|player|p1|MagicalArcher57|diantha|1275
|player|p2|SomeKidJon|scientistf|1284
|gen|9
|tier|[Gen 9 Champions] VGC 2026 Reg M-B (Bo3)
|rated|
|rule|Species Clause: Limit one of each Pokémon
|rule|Item Clause: Limit 1 of each item
|clearpoke
|poke|p1|Basculegion, L50, M|
|poke|p1|Glimmora, L50, F|
|poke|p1|Garchomp, L50, F|
|poke|p1|Whimsicott, L50, F|
|poke|p1|Metagross, L50|
|poke|p1|Annihilape, L50, F|
|poke|p2|Tyranitar, L50, F|
|poke|p2|Excadrill, L50, M|
|poke|p2|Corviknight, L50, M|
|poke|p2|Basculegion, L50, M|
|poke|p2|Tsareena, L50, F|
|poke|p2|Lopunny, L50, F, shiny|
|teampreview|4
|showteam|p1|Basculegion||MysticWater|Adaptability|AquaJet,LastRespects,WaveCrash,Protect|Jolly||M|||50|]Glimmora||LifeOrb|ToxicDebris|PowerGem,EarthPower,SpikyShield,SludgeBomb|Timid||F|||50|]Garchomp||SitrusBerry|RoughSkin|DragonClaw,StompingTantrum,Protect,Earthquake|Jolly||F|||50|]Whimsicott||FocusSash|Prankster|Tailwind,Moonblast,Encore,Protect|Timid||F|||50|]Metagross||Metagrossite|ClearBody|IcePunch,IronHead,PsychicFangs,Protect|Jolly|||||50|]Annihilape||Leftovers|Defiant|Protect,CloseCombat,RageFist,Taunt|Adamant||F|||50|
|showteam|p2|Tyranitar||Tyranitarite|SandStream|Protect,DragonDance,KnockOff,RockSlide|Adamant||F|||50|]Excadrill||FocusSash|SandRush|IronHead,Protect,HighHorsepower,RockSlide|Adamant||M|||50|]Corviknight||Leftovers|MirrorArmor|BulkUp,Roost,BraveBird,BodyPress|Careful||M|||50|]Basculegion||ChoiceScarf|Adaptability|AquaJet,LastRespects,WaveCrash,FlipTurn|Adamant||M|||50|]Tsareena||WideLens|QueenlyMajesty|Protect,TripleAxel,PowerWhip,LowKick|Adamant||F|||50|]Lopunny||Lopunnite|CuteCharm|FakeOut,CloseCombat,Uturn,TripleAxel|Jolly||F|||50|
|inactive|Battle timer is ON: inactive players will automatically lose when time's up. (requested by MagicalArcher57)
|
|t:|1784487479
|teamsize|p1|4
|teamsize|p2|4
|start
|switch|p1a: Whimsicott|Whimsicott, L50, F|100/100
|switch|p1b: Garchomp|Garchomp, L50, F|100/100
|switch|p2a: Lopunny|Lopunny, L50, F, shiny|100/100
|switch|p2b: Excadrill|Excadrill, L50, M|100/100
|turn|1
|
|t:|1784487503
|switch|p2b: Corviknight|Corviknight, L50, M|100/100
|detailschange|p2a: Lopunny|Lopunny-Mega, L50, F, shiny
|-mega|p2a: Lopunny|Lopunny|Lopunnite
|move|p1b: Garchomp|Protect|p1b: Garchomp
|-singleturn|p1b: Garchomp|Protect
|move|p2a: Lopunny|Triple Axel|p1a: Whimsicott
|-supereffective|p1a: Whimsicott|1
|-damage|p1a: Whimsicott|80/100
|-hitcount|p1a: Whimsicott|1
|move|p1a: Whimsicott|Moonblast|p2a: Lopunny
|-supereffective|p2a: Lopunny|1
|-damage|p2a: Lopunny|9/100
|
|upkeep
|turn|2
|
|t:|1784487525
|switch|p2a: Excadrill|Excadrill, L50, M|100/100
|move|p1a: Whimsicott|Tailwind|p1a: Whimsicott
|-sidestart|p1: MagicalArcher57|move: Tailwind
|move|p1b: Garchomp|Dragon Claw|p2a: Excadrill
|-resisted|p2a: Excadrill|1
|-damage|p2a: Excadrill|68/100
|move|p2b: Corviknight|Brave Bird|p1a: Whimsicott
|-supereffective|p1a: Whimsicott|1
|-damage|p1a: Whimsicott|0 fnt
|faint|p1a: Whimsicott
|-damage|p2b: Corviknight|81/100|[from] Recoil
|
|-heal|p2b: Corviknight|87/100|[from] item: Leftovers
|upkeep
|
|t:|1784487530
|switch|p1a: Glimmora|Glimmora, L50, F|100/100
|turn|3
|
|t:|1784487541
|move|p1b: Garchomp|Stomping Tantrum|p2a: Excadrill
|-supereffective|p2a: Excadrill|1
|-damage|p2a: Excadrill|0 fnt
|faint|p2a: Excadrill
|move|p1a: Glimmora|Power Gem|p2b: Corviknight
|-damage|p2b: Corviknight|46/100
|-damage|p1a: Glimmora|90/100|[from] item: Life Orb
|move|p2b: Corviknight|Bulk Up|p2b: Corviknight
|-boost|p2b: Corviknight|atk|1
|-boost|p2b: Corviknight|def|1
|
|-heal|p2b: Corviknight|52/100|[from] item: Leftovers
|upkeep
|
|t:|1784487546
|switch|p2a: Lopunny|Lopunny-Mega, L50, F, shiny|9/100
|turn|4
|
|t:|1784487554
|switch|p2a: Tyranitar|Tyranitar, L50, F|100/100
|-weather|Sandstorm|[from] ability: Sand Stream|[of] p2a: Tyranitar
|move|p1b: Garchomp|Dragon Claw|p2a: Tyranitar
|-damage|p2a: Tyranitar|62/100
|move|p1a: Glimmora|Power Gem|p2b: Corviknight
|-damage|p2b: Corviknight|10/100
|-damage|p1a: Glimmora|81/100|[from] item: Life Orb
|move|p2b: Corviknight|Roost|p2b: Corviknight
|-heal|p2b: Corviknight|60/100
|-singleturn|p2b: Corviknight|move: Roost
|
|-weather|Sandstorm|[upkeep]
|-heal|p2b: Corviknight|66/100|[from] item: Leftovers
|upkeep
|turn|5
|
|t:|1784487565
|move|p1b: Garchomp|Stomping Tantrum|p2a: Tyranitar
|-supereffective|p2a: Tyranitar|1
|-damage|p2a: Tyranitar|0 fnt
|faint|p2a: Tyranitar
|move|p1a: Glimmora|Power Gem|p2b: Corviknight
|-damage|p2b: Corviknight|22/100
|-damage|p1a: Glimmora|71/100|[from] item: Life Orb
|move|p2b: Corviknight|Roost|p2b: Corviknight
|-heal|p2b: Corviknight|73/100
|-singleturn|p2b: Corviknight|move: Roost
|
|-weather|Sandstorm|[upkeep]
|-heal|p2b: Corviknight|79/100|[from] item: Leftovers
|-sideend|p1: MagicalArcher57|move: Tailwind
|upkeep
|
|t:|1784487567
|switch|p2a: Lopunny|Lopunny-Mega, L50, F, shiny|9/100
|turn|6
|
|t:|1784487583
|move|p1a: Glimmora|Spiky Shield|p1a: Glimmora
|-singleturn|p1a: Glimmora|move: Protect
|move|p2a: Lopunny|Close Combat|p1a: Glimmora
|-activate|p1a: Glimmora|move: Protect
|-damage|p2a: Lopunny|0 fnt|[from] Spiky Shield|[of] p1a: Glimmora
|faint|p2a: Lopunny
|move|p1b: Garchomp|Dragon Claw|p2b: Corviknight
|-resisted|p2b: Corviknight|1
|-damage|p2b: Corviknight|67/100
|move|p2b: Corviknight|Bulk Up|p2b: Corviknight
|-boost|p2b: Corviknight|atk|1
|-boost|p2b: Corviknight|def|1
|
|-weather|Sandstorm|[upkeep]
|-heal|p2b: Corviknight|73/100|[from] item: Leftovers
|upkeep
|turn|7
|
|t:|1784487587
|move|p1b: Garchomp|Dragon Claw|p2b: Corviknight
|-resisted|p2b: Corviknight|1
|-damage|p2b: Corviknight|65/100
|move|p1a: Glimmora|Power Gem|p2b: Corviknight
|-damage|p2b: Corviknight|24/100
|-damage|p1a: Glimmora|62/100|[from] item: Life Orb
|move|p2b: Corviknight|Body Press|p1a: Glimmora
|-damage|p1a: Glimmora|11/100
|-activate|p1a: Glimmora|ability: Toxic Debris
|-sidestart|p2: SomeKidJon|move: Toxic Spikes
|
|-weather|Sandstorm|[upkeep]
|-heal|p2b: Corviknight|30/100|[from] item: Leftovers
|upkeep
|turn|8
|
|t:|1784487590
|move|p1b: Garchomp|Dragon Claw|p2b: Corviknight
|-resisted|p2b: Corviknight|1
|-damage|p2b: Corviknight|22/100
|move|p1a: Glimmora|Power Gem|p2b: Corviknight
|-damage|p2b: Corviknight|0 fnt
|faint|p2b: Corviknight
|-damage|p1a: Glimmora|2/100|[from] item: Life Orb
|
|win|MagicalArcher57
