|j|☆dxmxim
|j|☆tobii079
|html|dxmximtobii079    
|uhtml|bestof|Game 1 of a best-of-3
|t:|1757765193
|gametype|doubles
|player|p1|dxmxim|2|1082
|player|p2|tobii079|tierno|1056
|gen|9
|tier|[Gen 9] VGC 2025 Reg H (Bo3)
|rated|
|rule|Species Clause: Limit one of each Pokémon
|rule|Item Clause: Limit 1 of each item
|clearpoke
|poke|p1|Incineroar, L50, M|
|poke|p1|Venonat, L50, M|
|poke|p1|Volcarona, L50, F|
|poke|p1|Excadrill, L50, M|
|poke|p1|Tyranitar, L50, F|
|poke|p1|Dragonite, L50, F|
|poke|p2|Tyranitar, L50, F|
|poke|p2|Excadrill, L50, M|
|poke|p2|Incineroar, L50, M|
|poke|p2|Amoonguss, L50, F|
|poke|p2|Basculegion, L50, M|
|poke|p2|Kommo-o, L50, F|
|teampreview|4
|showteam|p1|Incineroar||SafetyGoggles|Intimidate|FakeOut,PartingShot,FlareBlitz,Protect|||M|||50|,,,,,Ghost]Venonat||Eviolite|CompoundEyes|RagePowder,SleepPowder,Toxic,MorningSun|||M|||50|,,,,,Grass]Volcarona||RockyHelmet|FlameBody|FieryDance,RagePowder,Protect,BugBuzz|||F|||50|,,,,,Fairy]Excadrill||LifeOrb|SandRush|Protect,IronHead,Earthquake,ThroatChop|||M|||50|,,,,,Ghost]Tyranitar||AssaultVest|SandStream|TeraBlast,RockSlide,KnockOff,BreakingSwipe|||F|||50|,,,,,Flying]Dragonite||LoadedDice|InnerFocus|ScaleShot,Tailwind,Protect,Haze|||F|||50|,,,,,Fairy
|showteam|p2|Tyranitar||AssaultVest|SandStream|RockSlide,KnockOff,LowKick,TeraBlast|||F|||50|,,,,,Flying]Excadrill||FocusSash|SandRush|Earthquake,HighHorsepower,IronHead,Protect|||M|||50|,,,,,Ground]Incineroar||SafetyGoggles|Intimidate|FlareBlitz,KnockOff,PartingShot,FakeOut|||M|||50|,,,,,Ghost]Amoonguss||SitrusBerry|Regenerator|Spore,PollenPuff,ClearSmog,RagePowder|||F|||50|,,,,,Water]Basculegion||ChoiceScarf|Adaptability|WaveCrash,LastRespects,FlipTurn,TeraBlast|||M|||50|,,,,,Grass]Kommo-o||ThroatSpray|Overcoat|ClangingScales,ClangorousSoul,AuraSphere,Protect|||F|||50|,,,,,Steel
|c|☆dxmxim|hey!
|c|☆dxmxim|thats my core
|inactive|Battle timer is ON: inactive players will automatically lose when time's up. (requested by dxmxim)
|j| DeEternal
|inactive|tobii079 has 60 seconds left.
|
|t:|1757765258
|teamsize|p1|4
|teamsize|p2|4
|start
|switch|p1a: Furry Bait|Incineroar, L50, M, shiny|100/100
|switch|p1b: Big Beauty|Volcarona, L50, F, shiny|100/100
|switch|p2a: Incineroar|Incineroar, L50, M|100/100
|switch|p2b: Kommo-o|Kommo-o, L50, F|100/100
|-ability|p1a: Furry Bait|Intimidate|boost
|-unboost|p2a: Incineroar|atk|1
|-unboost|p2b: Kommo-o|atk|1
|-ability|p2a: Incineroar|Intimidate|boost
|-unboost|p1a: Furry Bait|atk|1
|-unboost|p1b: Big Beauty|atk|1
|turn|1
|inactive|tobii079 has 30 seconds left.
|inactive|dxmxim has 30 seconds left.
|inactive|tobii079 has 20 seconds left.
|
|t:|1757765294
|move|p1b: Big Beauty|Fiery Dance|p2b: Kommo-o
|-resisted|p2b: Kommo-o
|-damage|p2b: Kommo-o|81/100
|move|p2b: Kommo-o|Clangorous Soul|p2b: Kommo-o
|-boost|p2b: Kommo-o|atk|1
|-boost|p2b: Kommo-o|def|1
|-boost|p2b: Kommo-o|spa|1
|-boost|p2b: Kommo-o|spd|1
|-boost|p2b: Kommo-o|spe|1
|-damage|p2b: Kommo-o|48/100
|-enditem|p2b: Kommo-o|Throat Spray
|-boost|p2b: Kommo-o|spa|1|[from] item: Throat Spray
|move|p1a: Furry Bait|Parting Shot|p2b: Kommo-o
|-unboost|p2b: Kommo-o|atk|1
|-unboost|p2b: Kommo-o|spa|1
|
|t:|1757765307
|switch|p1a: Postman Pat|Dragonite, L50, F|100/100|[from] Parting Shot
|move|p2a: Incineroar|Parting Shot|p1b: Big Beauty
|-unboost|p1b: Big Beauty|atk|1
|-unboost|p1b: Big Beauty|spa|1
|
|t:|1757765313
|switch|p2a: Amoonguss|Amoonguss, L50, F|100/100|[from] Parting Shot
|
|upkeep
|turn|2
|
|t:|1757765327
|-terastallize|p1a: Postman Pat|Fairy
|move|p1b: Big Beauty|Protect|p1b: Big Beauty
|-singleturn|p1b: Big Beauty|Protect
|move|p2a: Amoonguss|Rage Powder|p2a: Amoonguss
|-singleturn|p2a: Amoonguss|move: Rage Powder
|move|p2b: Kommo-o|Clanging Scales|p1a: Postman Pat|[spread] 
|-activate|p1b: Big Beauty|move: Protect
|-immune|p1a: Postman Pat
|move|p1a: Postman Pat|Scale Shot|p2a: Amoonguss
|-damage|p2a: Amoonguss|90/100
|-damage|p2a: Amoonguss|81/100
|-damage|p2a: Amoonguss|71/100
|-damage|p2a: Amoonguss|61/100
|-hitcount|p2a: Amoonguss|4
|-unboost|p1a: Postman Pat|def|1
|-boost|p1a: Postman Pat|spe|1
|
|upkeep
|turn|3
|
|t:|1757765351
|move|p2b: Kommo-o|Protect|p2b: Kommo-o
|-singleturn|p2b: Kommo-o|Protect
|move|p1b: Big Beauty|Rage Powder|p1b: Big Beauty
|-singleturn|p1b: Big Beauty|move: Rage Powder
|move|p1a: Postman Pat|Scale Shot|p2b: Kommo-o
|-activate|p2b: Kommo-o|move: Protect
|move|p2a: Amoonguss|Spore|p1a: Postman Pat
|-status|p1a: Postman Pat|slp|[from] move: Spore
|
|upkeep
|turn|4
|
|t:|1757765370
|cant|p1a: Postman Pat|slp
|move|p2b: Kommo-o|Clanging Scales|p1b: Big Beauty|[spread] p1b
|-immune|p1a: Postman Pat
|-damage|p1b: Big Beauty|48/100
|-unboost|p2b: Kommo-o|def|1
|move|p1b: Big Beauty|Fiery Dance|p2a: Amoonguss
|-supereffective|p2a: Amoonguss
|-damage|p2a: Amoonguss|20/100
|-boost|p1b: Big Beauty|spa|1
|-enditem|p2a: Amoonguss|Sitrus Berry|[eat]
|-heal|p2a: Amoonguss|45/100|[from] item: Sitrus Berry
|move|p2a: Amoonguss|Pollen Puff|p2b: Kommo-o
|-heal|p2b: Kommo-o|98/100
|
|upkeep
|turn|5
|inactive|tobii079 has 30 seconds left.
|
|t:|1757765402
|switch|p2a: Incineroar|Incineroar, L50, M|100/100
|-ability|p2a: Incineroar|Intimidate|boost
|-fail|p1a: Postman Pat|unboost|Attack|[from] ability: Inner Focus|[of] p1a: Postman Pat
|-unboost|p1b: Big Beauty|atk|1
|move|p1b: Big Beauty|Protect|p1b: Big Beauty
|-singleturn|p1b: Big Beauty|Protect
|cant|p1a: Postman Pat|slp
|move|p2b: Kommo-o|Clanging Scales|p1b: Big Beauty|[spread] 
|-activate|p1b: Big Beauty|move: Protect
|-immune|p1a: Postman Pat
|
|upkeep
|turn|6
|
|t:|1757765417
|switch|p1b: Furry Bait|Incineroar, L50, M, shiny|100/100
|-ability|p1b: Furry Bait|Intimidate|boost
|-unboost|p2a: Incineroar|atk|1
|-unboost|p2b: Kommo-o|atk|1
|move|p2a: Incineroar|Fake Out|p1a: Postman Pat
|-damage|p1a: Postman Pat|90/100 slp
|-curestatus|p1a: Postman Pat|slp|[msg]
|move|p1a: Postman Pat|Haze|p1a: Postman Pat
|-clearallboost
|move|p2b: Kommo-o|Clanging Scales|p1b: Furry Bait|[spread] p1b
|-immune|p1a: Postman Pat
|-damage|p1b: Furry Bait|72/100
|-unboost|p2b: Kommo-o|def|1
|
|upkeep
|turn|7
|inactive|tobii079 has 30 seconds left.
|inactive|tobii079 has 20 seconds left.
|
|t:|1757765454
|move|p1b: Furry Bait|Fake Out|p2a: Incineroar
|-damage|p2a: Incineroar|90/100
|move|p1a: Postman Pat|Scale Shot|p2b: Kommo-o
|-supereffective|p2b: Kommo-o
|-damage|p2b: Kommo-o|70/100
|-supereffective|p2b: Kommo-o
|-damage|p2b: Kommo-o|42/100
|-supereffective|p2b: Kommo-o
|-damage|p2b: Kommo-o|13/100
|-supereffective|p2b: Kommo-o
|-damage|p2b: Kommo-o|0 fnt
|faint|p2b: Kommo-o
|-hitcount|p2: Kommo-o|4
|-unboost|p1a: Postman Pat|def|1
|-boost|p1a: Postman Pat|spe|1
|cant|p2a: Incineroar|flinch
|
|upkeep
|
|t:|1757765461
|switch|p2b: Excadrill|Excadrill, L50, M|100/100
|turn|8
|inactive|tobii079 has 30 seconds left.
|
|t:|1757765491
|move|p1a: Postman Pat|Protect|p1a: Postman Pat
|-singleturn|p1a: Postman Pat|Protect
|move|p2b: Excadrill|Iron Head|p1a: Postman Pat
|-activate|p1a: Postman Pat|move: Protect
|move|p1b: Furry Bait|Flare Blitz|p2b: Excadrill
|-supereffective|p2b: Excadrill
|-enditem|p2b: Excadrill|Focus Sash
|-damage|p2b: Excadrill|1/100
|-damage|p1b: Furry Bait|36/100|[from] Recoil
|move|p2a: Incineroar|Parting Shot|p1a: Postman Pat
|-activate|p1a: Postman Pat|move: Protect
|
|upkeep
|turn|9
|c|☆dxmxim|good battle bro
|c|☆dxmxim|seriously immense
|
|t:|1757765506
|move|p1a: Postman Pat|Scale Shot|p2b: Excadrill
|-resisted|p2b: Excadrill
|-damage|p2b: Excadrill|0 fnt
|faint|p2b: Excadrill
|-hitcount|p2: Excadrill|1
|-unboost|p1a: Postman Pat|def|1
|-boost|p1a: Postman Pat|spe|1
|move|p1b: Furry Bait|Parting Shot|p2a: Incineroar
|-unboost|p2a: Incineroar|atk|1
|-unboost|p2a: Incineroar|spa|1
|-message|tobii079 forfeited.
|
|win|dxmxim
|l|☆tobii079
|player|p2|
||tobii079 is ready for game 2.
||dxmxim is ready for game 2.
|uhtml|next|Next: Game 2 of 3
|l|☆dxmxim
|player|p1|
