|j|☆ILoveMIR
|j|☆AugustRM
|html|ILoveMIRAugustRM    
|uhtml|bestof|Game 2 of a best-of-3
|t:|1783721329
|gametype|doubles
|player|p1|ILoveMIR|shauntal|1429
|player|p2|AugustRM|1|1370
|gen|9
|tier|[Gen 9 Champions] VGC 2026 Reg M-B (Bo3)
|rated|
|rule|Species Clause: Limit one of each Pokémon
|rule|Item Clause: Limit 1 of each item
|clearpoke
|poke|p1|Blaziken, L50, M|
|poke|p1|Milotic, L50, F|
|poke|p1|Gholdengo, L50|
|poke|p1|Whimsicott, L50, M|
|poke|p1|Hydreigon, L50, F|
|poke|p1|Tsareena, L50, F|
|poke|p2|Charizard, L50, M|
|poke|p2|Aerodactyl, L50, M|
|poke|p2|Sylveon, L50, F|
|poke|p2|Garchomp, L50, M|
|poke|p2|Kingambit, L50, F|
|poke|p2|Farigiraf, L50, M|
|teampreview|4
|showteam|p1|Blaziken||Blazikenite|SpeedBoost|FlareBlitz,CloseCombat,RockSlide,Detect|Adamant||M|||50|]Milotic||ExpertBelt|Competitive|Scald,IceBeam,Recover,Protect|Modest||F|||50|]Gholdengo||LifeOrb|GoodasGold|ShadowBall,MakeItRain,PowerGem,Protect|Modest|||||50|]Whimsicott||FocusSash|Prankster|Moonblast,Encore,Tailwind,Protect|Timid||M|||50|]Hydreigon||ChoiceScarf|Levitate|DarkPulse,DracoMeteor,Snarl,EarthPower|Modest||F|||50|]Tsareena||WideLens|QueenlyMajesty|PowerWhip,TripleAxel,LowKick,Taunt|Adamant||F|||50|
|showteam|p2|Charizard||CharizarditeY|Blaze|HeatWave,WeatherBall,SolarBeam,Protect|Modest||M|||50|]Aerodactyl||Aerodactylite|RockHead|RockSlide,DualWingbeat,IceFang,Tailwind|Jolly||M|||50|]Sylveon||FairyFeather|Pixilate|HyperVoice,Yawn,QuickAttack,Protect|Modest||F|||50|]Garchomp||LifeOrb|RoughSkin|DragonClaw,Earthquake,RockSlide,Protect|Jolly||M|||50|]Kingambit||FocusSash|Defiant|LowKick,KowtowCleave,SuckerPunch,IronHead|Adamant||F|||50|]Farigiraf||SitrusBerry|ArmorTail|Psychic,Thunderbolt,TrickRoom,Roar|Bold||M|||50|
|inactive|Battle timer is ON: inactive players will automatically lose when time's up. (requested by ILoveMIR)
|
|t:|1783721358
|teamsize|p1|4
|teamsize|p2|4
|start
|switch|p1a: Tsareena|Tsareena, L50, F|100/100
|switch|p1b: Whimsicott|Whimsicott, L50, M|100/100
|switch|p2a: Farigiraf|Farigiraf, L50, M|100/100
|switch|p2b: Sylveon|Sylveon, L50, F|100/100
|turn|1
|
|t:|1783721370
|switch|p1b: Gholdengo|Gholdengo, L50|100/100
|move|p1a: Tsareena|Taunt|p2a: Farigiraf
|-start|p2a: Farigiraf|move: Taunt
|move|p2b: Sylveon|Hyper Voice|p1b: Gholdengo|[spread] p1a,p1b
|-resisted|p1b: Gholdengo|1
|-damage|p1a: Tsareena|48/100
|-damage|p1b: Gholdengo|73/100
|cant|p2a: Farigiraf|move: Taunt|Trick Room
|
|upkeep
|turn|2
|
|t:|1783721391
|switch|p2a: Kingambit|Kingambit, L50, F|100/100
|move|p2b: Sylveon|Protect|p2b: Sylveon
|-singleturn|p2b: Sylveon|Protect
|move|p1b: Gholdengo|Make It Rain|p2a: Kingambit|[spread] 
|-activate|p2b: Sylveon|move: Protect
|-miss|p1b: Gholdengo|p2a: Kingambit
|move|p1a: Tsareena|Power Whip|p2a: Kingambit
|-resisted|p2a: Kingambit|1
|-damage|p2a: Kingambit|70/100
|
|upkeep
|turn|3
|
|t:|1783721415
|switch|p2b: Charizard|Charizard, L50, M|100/100
|move|p1b: Gholdengo|Make It Rain|p2b: Charizard|[spread] p2a,p2b
|-resisted|p2a: Kingambit|1
|-resisted|p2b: Charizard|1
|-damage|p2a: Kingambit|35/100
|-damage|p2b: Charizard|63/100
|-unboost|p1b: Gholdengo|spa|2
|-damage|p1b: Gholdengo|63/100|[from] item: Life Orb
|move|p1a: Tsareena|Low Kick|p2a: Kingambit
|-supereffective|p2a: Kingambit|2
|-damage|p2a: Kingambit|0 fnt
|faint|p2a: Kingambit
|
|upkeep
|
|t:|1783721435
|switch|p2a: Sylveon|Sylveon, L50, F|100/100
|turn|4
|
|t:|1783721442
|detailschange|p2b: Charizard|Charizard-Mega-Y, L50, M
|-mega|p2b: Charizard|Charizard|Charizardite Y
|-weather|SunnyDay|[from] ability: Drought|[of] p2b: Charizard
|move|p2b: Charizard|Heat Wave|p1a: Tsareena|[spread] p1a,p1b
|-supereffective|p1a: Tsareena|1
|-supereffective|p1b: Gholdengo|1
|-damage|p1a: Tsareena|0 fnt
|-damage|p1b: Gholdengo|0 fnt
|faint|p1a: Tsareena
|faint|p1b: Gholdengo
|move|p2a: Sylveon|Hyper Voice|p1: Tsareena|[notarget]
|-fail|p2a: Sylveon
|
|-weather|SunnyDay|[upkeep]
|upkeep
|
|t:|1783721447
|switch|p1b: Blaziken|Blaziken, L50, M|100/100
|switch|p1a: Whimsicott|Whimsicott, L50, M|100/100
|turn|5
|
|t:|1783721465
|switch|p2a: Farigiraf|Farigiraf, L50, M|100/100
|detailschange|p1b: Blaziken|Blaziken-Mega, L50, M
|-mega|p1b: Blaziken|Blaziken|Blazikenite
|move|p1a: Whimsicott|Moonblast|p2a: Farigiraf
|-damage|p2a: Farigiraf|68/100
|move|p1b: Blaziken|Rock Slide|p2b: Charizard|[spread] p2a,p2b
|-crit|p2a: Farigiraf
|-supereffective|p2b: Charizard|2
|-damage|p2a: Farigiraf|40/100
|-damage|p2b: Charizard|0 fnt
|-enditem|p2a: Farigiraf|Sitrus Berry|[eat]
|-heal|p2a: Farigiraf|65/100|[from] item: Sitrus Berry
|faint|p2b: Charizard
|
|-weather|SunnyDay|[upkeep]
|-ability|p1b: Blaziken|Speed Boost|boost
|-boost|p1b: Blaziken|spe|1
|upkeep
|
|t:|1783721474
|switch|p2b: Sylveon|Sylveon, L50, F|100/100
|turn|6
|inactive|ILoveMIR has 30 seconds left.
|inactive|ILoveMIR has 20 seconds left.
|inactive|ILoveMIR has 15 seconds left.
|
|t:|1783721516
|move|p2b: Sylveon|Protect|p2b: Sylveon
|-singleturn|p2b: Sylveon|Protect
|move|p1b: Blaziken|Flare Blitz|p2a: Farigiraf
|-damage|p2a: Farigiraf|0 fnt
|faint|p2a: Farigiraf
|-damage|p1b: Blaziken|69/100|[from] Recoil
|move|p1a: Whimsicott|Moonblast|p2b: Sylveon
|-activate|p2b: Sylveon|move: Protect
|
|-weather|SunnyDay|[upkeep]
|-ability|p1b: Blaziken|Speed Boost|boost
|-boost|p1b: Blaziken|spe|1
|upkeep
|turn|7
|
|t:|1783721524
|move|p1b: Blaziken|Flare Blitz|p2b: Sylveon
|-damage|p2b: Sylveon|0 fnt
|faint|p2b: Sylveon
|-damage|p1b: Blaziken|31/100|[from] Recoil
|
|win|ILoveMIR
|raw|ILoveMIR's rating: 1429 → 1446(+17 for winning)
|raw|AugustRM's rating: 1370 → 1353(-17 for losing)
