|j|☆Mimastrid
|j|☆IntegerDeBeger
|html|MimastridIntegerDeBeger    
|uhtml|bestof|Game 2 of a best-of-3
|t:|1783764440
|gametype|doubles
|player|p1|Mimastrid|akari|
|player|p2|IntegerDeBeger|1|
|gen|9
|tier|[Gen 9 Champions] VGC 2026 Reg M-B (Bo3)
|rule|Species Clause: Limit one of each Pokémon
|rule|Item Clause: Limit 1 of each item
|clearpoke
|poke|p1|Froslass, L50, F|
|poke|p1|Basculegion, L50, M, shiny|
|poke|p1|Sneasler, L50, M|
|poke|p1|Pangoro, L50, F|
|poke|p1|Lycanroc-Dusk, L50, F|
|poke|p1|Talonflame, L50, M|
|poke|p2|Meowstic, L50, M|
|poke|p2|Overqwil, L50, M|
|poke|p2|Sableye, L50, M|
|poke|p2|Klefki, L50, M|
|poke|p2|Delphox, L50, F|
|poke|p2|Toxicroak, L50, F|
|teampreview|4
|showteam|p1|Froslass||Froslassite|CursedBody|Blizzard,ShadowBall,AuroraVeil,Protect|Timid||F|||50|]Basculegion||ChoiceScarf|Adaptability|WaveCrash,LastRespects,AquaJet,FlipTurn|Jolly||M|||50|]Sneasler||WhiteHerb|Unburden|DireClaw,CloseCombat,FakeOut,Protect|Adamant||M|||50|]Pangoro||BlackGlasses|Scrappy|CloseCombat,KnockOff,SwordsDance,Protect|Adamant||F|||50|]Lycanroc-Dusk||FocusSash|ToughClaws|Protect,Accelerock,RockSlide,CloseCombat|Adamant||F|||50|]Talonflame||LifeOrb|GaleWings|Protect,Tailwind,BraveBird,Overheat|Naive||M|||50|
|showteam|p2|Meowstic||BrightPowder|Prankster|Yawn,SkillSwap,SunnyDay,FakeOut|Impish||M|||50|]Overqwil||Leftovers|Intimidate|BarbBarrage,Stockpile,Minimize,Protect|Careful||M|||50|]Sableye||Sablenite|Prankster|FoulPlay,NightShade,Recover,PsychUp|Sassy||M|||50|]Klefki||SitrusBerry|Prankster|DrainingKiss,CalmMind,Substitute,PsychUp|Bold||M|||50|]Delphox||Delphoxite|Magician|HeatWave,Psychic,PsychUp,Protect|Timid||F|||50|]Toxicroak||FocusSash|PoisonTouch|CloseCombat,PoisonJab,FakeOut,QuickGuard|Jolly||F|||50|
|inactive|Battle timer is ON: inactive players will automatically lose when time's up. (requested by Mimastrid)
|j| LOS TiggelWiggel
|j| Benjigallade
|j| Dike Guard
|l| LOS TiggelWiggel
|j| sambalman
|
|t:|1783764470
|teamsize|p1|4
|teamsize|p2|4
|start
|switch|p1a: Basculegion|Basculegion, L50, M, shiny|100/100
|switch|p1b: Sneasler|Sneasler, L50, M|100/100
|switch|p2a: Krimpen a/d Ijssel|Overqwil, L50, M|100/100
|switch|p2b: Klefki|Klefki, L50, M|100/100
|-ability|p2a: Krimpen a/d Ijssel|Intimidate|boost
|-unboost|p1a: Basculegion|atk|1
|-unboost|p1b: Sneasler|atk|1
|-enditem|p1b: Sneasler|White Herb
|-clearnegativeboost|p1b: Sneasler|[silent]
|turn|1
|
|t:|1783764493
|switch|p2b: Sableye|Sableye, L50, M|100/100
|move|p2a: Krimpen a/d Ijssel|Protect|p2a: Krimpen a/d Ijssel
|-singleturn|p2a: Krimpen a/d Ijssel|Protect
|move|p1b: Sneasler|Close Combat|p2a: Krimpen a/d Ijssel
|-activate|p2a: Krimpen a/d Ijssel|move: Protect
|move|p1a: Basculegion|Wave Crash|p2a: Krimpen a/d Ijssel
|-activate|p2a: Krimpen a/d Ijssel|move: Protect
|
|upkeep
|turn|2
|j| YoungMoraNBA
|l| Dike Guard
|
|t:|1783764502
|switch|p2a: Toxicroak|Toxicroak, L50, F|100/100
|move|p1b: Sneasler|Close Combat|p2a: Toxicroak
|-resisted|p2a: Toxicroak|1
|-damage|p2a: Toxicroak|51/100
|-unboost|p1b: Sneasler|def|1
|-unboost|p1b: Sneasler|spd|1
|move|p1a: Basculegion|Wave Crash|p2a: Toxicroak
|-damage|p2a: Toxicroak|0 fnt
|faint|p2a: Toxicroak
|-damage|p1a: Basculegion|86/100|[from] Recoil
|move|p2b: Sableye|Foul Play|p1a: Basculegion
|-supereffective|p1a: Basculegion|1
|-damage|p1a: Basculegion|15/100
|
|upkeep
|
|t:|1783764511
|switch|p2a: Krimpen a/d Ijssel|Overqwil, L50, M|100/100
|-ability|p2a: Krimpen a/d Ijssel|Intimidate|boost
|-unboost|p1a: Basculegion|atk|1
|-unboost|p1b: Sneasler|atk|1
|turn|3
|
|t:|1783764533
|switch|p1a: Pangoro|Pangoro, L50, F|100/100
|switch|p2b: Klefki|Klefki, L50, M|100/100
|move|p1b: Sneasler|Dire Claw|p2a: Krimpen a/d Ijssel
|-resisted|p2a: Krimpen a/d Ijssel|1
|-crit|p2a: Krimpen a/d Ijssel
|-damage|p2a: Krimpen a/d Ijssel|71/100
|move|p2a: Krimpen a/d Ijssel|Minimize|p2a: Krimpen a/d Ijssel
|-boost|p2a: Krimpen a/d Ijssel|evasion|2
|
|-heal|p2a: Krimpen a/d Ijssel|78/100|[from] item: Leftovers
|upkeep
|turn|4
|
|t:|1783764554
|move|p1b: Sneasler|Close Combat|p2b: Klefki
|-damage|p2b: Klefki|67/100
|-unboost|p1b: Sneasler|def|1
|-unboost|p1b: Sneasler|spd|1
|move|p2a: Krimpen a/d Ijssel|Minimize|p2a: Krimpen a/d Ijssel
|-boost|p2a: Krimpen a/d Ijssel|evasion|2
|move|p1a: Pangoro|Swords Dance|p1a: Pangoro
|-boost|p1a: Pangoro|atk|2
|move|p2b: Klefki|Draining Kiss|p1a: Pangoro
|-supereffective|p1a: Pangoro|2
|-damage|p1a: Pangoro|22/100
|-heal|p2b: Klefki|100/100|[from] drain|[of] p1a: Pangoro
|
|-heal|p2a: Krimpen a/d Ijssel|84/100|[from] item: Leftovers
|upkeep
|turn|5
|
|t:|1783764571
|move|p2b: Klefki|Substitute|p2b: Klefki
|-start|p2b: Klefki|Substitute
|-damage|p2b: Klefki|75/100
|move|p1b: Sneasler|Close Combat|p2b: Klefki
|-end|p2b: Klefki|Substitute
|-unboost|p1b: Sneasler|def|1
|-unboost|p1b: Sneasler|spd|1
|move|p2a: Krimpen a/d Ijssel|Minimize|p2a: Krimpen a/d Ijssel
|-boost|p2a: Krimpen a/d Ijssel|evasion|2
|move|p1a: Pangoro|Close Combat|p2b: Klefki
|-damage|p2b: Klefki|0 fnt
|-unboost|p1a: Pangoro|def|1
|-unboost|p1a: Pangoro|spd|1
|faint|p2b: Klefki
|
|-heal|p2a: Krimpen a/d Ijssel|90/100|[from] item: Leftovers
|upkeep
|
|t:|1783764573
|switch|p2b: Sableye|Sableye, L50, M|100/100
|turn|6
|
|t:|1783764590
|move|p2b: Sableye|Psych Up|p2a: Krimpen a/d Ijssel
|-copyboost|p2b: Sableye|p2a: Krimpen a/d Ijssel|[from] move: Psych Up
|move|p1b: Sneasler|Close Combat|p2a: Krimpen a/d Ijssel|[miss]
|-miss|p1b: Sneasler|p2a: Krimpen a/d Ijssel
|move|p2a: Krimpen a/d Ijssel|Barb Barrage|p1a: Pangoro
|-damage|p1a: Pangoro|0 fnt
|faint|p1a: Pangoro
|
|-heal|p2a: Krimpen a/d Ijssel|96/100|[from] item: Leftovers
|upkeep
|
|t:|1783764600
|switch|p1a: Froslass|Froslass, L50, F|100/100
|turn|7
|
|t:|1783764616
|switch|p1b: Basculegion|Basculegion, L50, M, shiny|15/100
|detailschange|p1a: Froslass|Froslass-Mega, L50, F
|-mega|p1a: Froslass|Froslass|Froslassite
|-weather|Snowscape|[from] ability: Snow Warning|[of] p1a: Froslass
|detailschange|p2b: Sableye|Sableye-Mega, L50, M
|-mega|p2b: Sableye|Sableye|Sablenite
|move|p1a: Froslass|Blizzard|p2a: Krimpen a/d Ijssel|[spread] p2a,p2b
|-damage|p2a: Krimpen a/d Ijssel|57/100
|-damage|p2b: Sableye|66/100
|move|p2a: Krimpen a/d Ijssel|Barb Barrage|p1a: Froslass
|-resisted|p1a: Froslass|1
|-damage|p1a: Froslass|88/100
|move|p2b: Sableye|Foul Play|p1a: Froslass
|-supereffective|p1a: Froslass|1
|-damage|p1a: Froslass|39/100
|
|-weather|Snowscape|[upkeep]
|-heal|p2a: Krimpen a/d Ijssel|63/100|[from] item: Leftovers
|upkeep
|turn|8
|inactive|IntegerDeBeger has 30 seconds left.
|
|t:|1783764647
|move|p1b: Basculegion|Wave Crash|p2b: Sableye|[miss]
|-miss|p1b: Basculegion|p2b: Sableye
|move|p1a: Froslass|Blizzard|p2b: Sableye|[spread] p2a,p2b
|-damage|p2a: Krimpen a/d Ijssel|22/100
|-damage|p2b: Sableye|37/100
|-status|p2a: Krimpen a/d Ijssel|frz
|cant|p2a: Krimpen a/d Ijssel|frz
|move|p2b: Sableye|Foul Play|p1a: Froslass
|-supereffective|p1a: Froslass|1
|-damage|p1a: Froslass|0 fnt
|faint|p1a: Froslass
|
|-weather|Snowscape|[upkeep]
|-heal|p2a: Krimpen a/d Ijssel|28/100 frz|[from] item: Leftovers
|upkeep
|
|t:|1783764658
|switch|p1a: Sneasler|Sneasler, L50, M|100/100
|turn|9
|
|t:|1783764669
|move|p1b: Basculegion|Wave Crash|p2b: Sableye|[miss]
|-miss|p1b: Basculegion|p2b: Sableye
|move|p1a: Sneasler|Close Combat|p2a: Krimpen a/d Ijssel|[miss]
|-miss|p1a: Sneasler|p2a: Krimpen a/d Ijssel
|cant|p2a: Krimpen a/d Ijssel|frz
|move|p2b: Sableye|Foul Play|p1b: Basculegion
|-supereffective|p1b: Basculegion|1
|-damage|p1b: Basculegion|0 fnt
|faint|p1b: Basculegion
|
|-weather|Snowscape|[upkeep]
|-heal|p2a: Krimpen a/d Ijssel|34/100 frz|[from] item: Leftovers
|upkeep
|turn|10
|-message|Mimastrid forfeited.
|
|win|IntegerDeBeger
|l|☆Mimastrid
|player|p1|
|j|☆Mimastrid
|player|p1|Mimastrid|akari|
|c|☆Mimastrid|gg
|l|☆Mimastrid
|player|p1|
|c|☆IntegerDeBeger|ggs
|l| sambalman
|l| Benjigallade
|l| YoungMoraNBA
|j| YoungMoraNBA
|l| YoungMoraNBA
|j| Robbie0301
|j| 000aj
