|j|☆regitron 21
|j|☆NemoAK
|html|regitron 21NemoAK    
|uhtml|bestof|Game 2 of a best-of-3
|t:|1756532853
|gametype|doubles
|player|p1|regitron 21|shauntal|1109
|player|p2|NemoAK|266|1029
|gen|9
|tier|[Gen 9] VGC 2025 Reg H (Bo3)
|rated|
|rule|Species Clause: Limit one of each Pokémon
|rule|Item Clause: Limit 1 of each item
|clearpoke
|poke|p1|Palafin, L50, M|
|poke|p1|Meowstic, L50, M|
|poke|p1|Volcarona, L50, M|
|poke|p1|Typhlosion-Hisui, L50, F|
|poke|p1|Whimsicott, L50, F|
|poke|p1|Dragonite, L50, F|
|poke|p2|Farigiraf, L50, M|
|poke|p2|Garchomp, L50, M|
|poke|p2|Rillaboom, L50, M|
|poke|p2|Murkrow, L50, M|
|poke|p2|Kingdra, L50, M|
|poke|p2|Kingambit, L50, F|
|teampreview|4
|showteam|p1|Palafin||MysticWater|ZerotoHero|Protect,ThroatChop,JetPunch,CloseCombat|||M|||50|,,,,,Water]Meowstic||CovertCloak|Prankster|FakeOut,AlluringVoice,ThunderWave,SunnyDay|||M|||50|,,,,,Dark]Volcarona||Leftovers|FlameBody|GigaDrain,QuiverDance,BugBuzz,HeatWave|||M|||50|,,,,,Grass]Typhlosion-Hisui||LifeOrb|Blaze|Eruption,ShadowBall,HeatWave,Protect|||F|||50|,,,,,Fire]Whimsicott||FocusSash|Prankster|Moonblast,Taunt,Protect,Tailwind|||F|||50|,,,,,Dark]Dragonite||ClearAmulet|Multiscale|Tailwind,DragonDance,ExtremeSpeed,DragonClaw|||F|||50|,,,,,Normal
|showteam|p2|Farigiraf||ThroatSpray|ArmorTail|HyperVoice,Psychic,TrickRoom,HelpingHand|||M|||50|,,,,,Fairy]Garchomp||LifeOrb|RoughSkin|BreakingSwipe,Protect,StompingTantrum,Earthquake|||M|||50|,,,,,Fairy]Rillaboom||AssaultVest|GrassySurge|GrassyGlide,HighHorsepower,FakeOut,WoodHammer|||M|||50|,,,,,Fire]Murkrow||Eviolite|Prankster|FoulPlay,RainDance,Haze,Tailwind|||M|||50|,,,,,Ghost]Kingdra||MysticWater|SwiftSwim|WeatherBall,DracoMeteor,MuddyWater,Protect|||M|||50|,,,,,Water]Kingambit||SafetyGoggles|Defiant|SuckerPunch,KowtowCleave,Protect,SwordsDance|||F|||50|,,,,,Dark
|inactive|Battle timer is ON: inactive players will automatically lose when time's up. (requested by NemoAK)
|c|☆regitron 21|hey good luck again
|inactive|regitron 21 has 60 seconds left.
|
|t:|1756532897
|teamsize|p1|4
|teamsize|p2|4
|start
|switch|p1a: Jenny|Dragonite, L50, F|100/100
|switch|p1b: Carlk Ent|Palafin, L50, M|100/100
|switch|p2a: Kingambit|Kingambit, L50, F|100/100
|switch|p2b: Farigiraf|Farigiraf, L50, M|100/100
|turn|1
|inactive|NemoAK has 30 seconds left.
|
|t:|1756532924
|-terastallize|p2b: Farigiraf|Fairy
|move|p2a: Kingambit|Protect|p2a: Kingambit
|-singleturn|p2a: Kingambit|Protect
|move|p1b: Carlk Ent|Close Combat|p2a: Kingambit
|-activate|p2a: Kingambit|move: Protect
|move|p1a: Jenny|Dragon Claw|p2b: Farigiraf
|-immune|p2b: Farigiraf
|move|p2b: Farigiraf|Trick Room|p2b: Farigiraf
|-fieldstart|move: Trick Room|[of] p2b: Farigiraf
|
|upkeep
|turn|2
|
|t:|1756532941
|detailschange|p1b: Carlk Ent|Palafin-Hero, L50, M
|switch|p1b: Sugar|Whimsicott, L50, F|100/100
|move|p2a: Kingambit|Kowtow Cleave|p1b: Sugar
|-resisted|p1b: Sugar
|-damage|p1b: Sugar|62/100
|move|p2b: Farigiraf|Hyper Voice|p1a: Jenny|[spread] p1a,p1b
|-damage|p1a: Jenny|86/100
|-damage|p1b: Sugar|8/100
|-enditem|p2b: Farigiraf|Throat Spray
|-boost|p2b: Farigiraf|spa|1|[from] item: Throat Spray
|move|p1a: Jenny|Dragon Claw|p2a: Kingambit
|-resisted|p2a: Kingambit
|-damage|p2a: Kingambit|83/100
|
|upkeep
|turn|3
|
|t:|1756532959
|move|p1b: Sugar|Protect|p1b: Sugar
|-singleturn|p1b: Sugar|Protect
|move|p2a: Kingambit|Kowtow Cleave|p1a: Jenny
|-damage|p1a: Jenny|42/100
|move|p2b: Farigiraf|Hyper Voice|p1a: Jenny|[spread] p1a
|-activate|p1b: Sugar|move: Protect
|-damage|p1a: Jenny|0 fnt
|faint|p1a: Jenny
|
|upkeep
|
|t:|1756532968
|switch|p1a: Jully|Typhlosion-Hisui, L50, F|100/100
|turn|4
|
|t:|1756532979
|move|p1a: Jully|Protect|p1a: Jully
|-singleturn|p1a: Jully|Protect
|move|p1b: Sugar|Tailwind|p1b: Sugar
|-sidestart|p1: regitron 21|move: Tailwind
|move|p2a: Kingambit|Kowtow Cleave|p1a: Jully
|-activate|p1a: Jully|move: Protect
|move|p2b: Farigiraf|Hyper Voice|p1b: Sugar|[spread] p1b
|-activate|p1a: Jully|move: Protect
|-damage|p1b: Sugar|0 fnt
|faint|p1b: Sugar
|
|upkeep
|
|t:|1756532988
|switch|p1b: Carlk Ent|Palafin-Hero, L50, M|100/100
|-activate|p1b: Carlk Ent|ability: Zero to Hero
|turn|5
|
|t:|1756533005
|-terastallize|p1a: Jully|Fire
|move|p2a: Kingambit|Kowtow Cleave|p1b: Carlk Ent
|-damage|p1b: Carlk Ent|44/100
|move|p2b: Farigiraf|Hyper Voice|p1b: Carlk Ent|[spread] p1a,p1b
|-damage|p1a: Jully|33/100
|-damage|p1b: Carlk Ent|0 fnt
|faint|p1b: Carlk Ent
|move|p1a: Jully|Heat Wave|p2b: Farigiraf|[spread] p2a,p2b
|-supereffective|p2a: Kingambit
|-damage|p2a: Kingambit|0 fnt
|-damage|p2b: Farigiraf|9/100
|faint|p2a: Kingambit
|-damage|p1a: Jully|24/100|[from] item: Life Orb
|
|-fieldend|move: Trick Room
|upkeep
|
|t:|1756533021
|switch|p2a: Garchomp|Garchomp, L50, M|100/100
|turn|6
|
|t:|1756533028
|move|p2b: Farigiraf|Helping Hand|p2a: Garchomp
|-singleturn|p2a: Garchomp|Helping Hand|[of] p2b: Farigiraf
|move|p1a: Jully|Heat Wave|p2b: Farigiraf|[spread] p2a,p2b
|-resisted|p2a: Garchomp
|-damage|p2a: Garchomp|47/100
|-damage|p2b: Farigiraf|0 fnt
|faint|p2b: Farigiraf
|-damage|p1a: Jully|15/100|[from] item: Life Orb
|move|p2a: Garchomp|Stomping Tantrum|p1a: Jully
|-supereffective|p1a: Jully
|-damage|p1a: Jully|0 fnt
|faint|p1a: Jully
|-damage|p2a: Garchomp|38/100|[from] item: Life Orb
|
|win|NemoAK
|raw|regitron 21's rating: 1109 → 1078(-31 for losing)
|raw|NemoAK's rating: 1029 → 1073(+44 for winning)
