|j|â˜†buf47RIPMegaFlygon
|j|â˜†jonen
|html|buf47RIPMegaFlygonjonen    
|uhtml|bestof|Game 1 of a best-of-3
|t:|1756542701
|gametype|doubles
|player|p1|buf47RIPMegaFlygon|170|1403
|player|p2|jonen|ruinmaniac-gen3|1239
|gen|9
|tier|[Gen 9] VGC 2025 Reg H (Bo3)
|rated|
|rule|Species Clause: Limit one of each PokÃ©mon
|rule|Item Clause: Limit 1 of each item
|clearpoke
|poke|p1|Dondozo, L50, F|
|poke|p1|Tatsugiri, L50, M|
|poke|p1|Dragonite, L50, M|
|poke|p1|Annihilape, L50, M|
|poke|p1|Zoroark-Hisui, L50, F|
|poke|p1|Volcarona, L50, F|
|poke|p2|Garchomp, L50, M|
|poke|p2|Weezing-Galar, L50, F|
|poke|p2|Archaludon, L50, F|
|poke|p2|Corviknight, L50, M|
|poke|p2|Annihilape, L50, M|
|poke|p2|Typhlosion-Hisui, L50, F|
|teampreview|4
|showteam|p1|Dondozo||Leftovers|Unaware|WaveCrash,Earthquake,OrderUp,Protect|||F|||50|,,,,,Grass]Tatsugiri||ChoiceScarf|Commander|DracoMeteor,MuddyWater,IcyWind,HelpingHand|||M|||50|,,,,,Steel]Dragonite||LoadedDice|Multiscale|ScaleShot,IronHead,Haze,Protect|||M|||50|,,,,,Fairy]Annihilape||SafetyGoggles|Defiant|CloseCombat,RageFist,Taunt,Protect|||M|||50|,,,,,Fire]Zoroark-Hisui||ChoiceSpecs|Illusion|HyperVoice,ShadowBall,Flamethrower,Trick|||F|||50|,,,,,Normal]Volcarona||SitrusBerry|FlameBody|HeatWave,StruggleBug,RagePowder,Tailwind|||F|||50|,,,,,Fairy
|showteam|p2|Garchomp||LifeOrb|RoughSkin|DragonClaw,Earthquake,StompingTantrum,Protect|||M|||50|,,,,,Ground]Weezing-Galar||FocusSash|NeutralizingGas|Protect,SludgeBomb,Taunt,StrangeSteam|||F|||50|,,,,,Flying]Archaludon||PowerHerb|Sturdy|ElectroShot,Thunderbolt,DracoMeteor,Protect|||F|||50|,,,,,Electric]Corviknight||SitrusBerry|MirrorArmor|Protect,Tailwind,Roost,BraveBird|||M|||50|,,,,,Dragon]Annihilape||AssaultVest|Defiant|CloseCombat,RageFist,FinalGambit,IcePunch|||M|||50|,,,,,Grass]Typhlosion-Hisui||ChoiceScarf|Blaze|Eruption,SleepTalk,HeatWave,ShadowBall|||F|||50|,,,,,Fire
|
|t:|1756542736
|teamsize|p1|4
|teamsize|p2|4
|start
|switch|p1a: Dragonite|Dragonite, L50, M, shiny|100/100
|switch|p1b: Annihilape|Annihilape, L50, M, shiny|100/100
|switch|p2a: Weezing|Weezing-Galar, L50, F|100/100
|switch|p2b: Archaludon|Archaludon, L50, F|100/100
|-ability|p2a: Weezing|Neutralizing Gas
|turn|1
|
|t:|1756542756
|move|p1b: Annihilape|Protect|p1b: Annihilape
|-singleturn|p1b: Annihilape|Protect
|move|p2b: Archaludon|Draco Meteor|p1a: Dragonite
|-supereffective|p1a: Dragonite
|-damage|p1a: Dragonite|0 fnt
|-unboost|p2b: Archaludon|spa|2
|faint|p1a: Dragonite
|move|p2a: Weezing|Strange Steam|p1b: Annihilape
|-activate|p1b: Annihilape|move: Protect
|
|upkeep
|
|t:|1756542762
|switch|p1a: Surprise!|Zoroark-Hisui, L50, F, shiny|100/100
|turn|2
|l|â˜†buf47RIPMegaFlygon
|player|p1|
|j| oscraft89
|
|t:|1756542812
|switch|p1b: Volcarona|Volcarona, L50, F, shiny|100/100
|-terastallize|p2b: Archaludon|Electric
|move|p1a: Surprise!|Shadow Ball|p2b: Archaludon
|-damage|p2b: Archaludon|7/100
|move|p2b: Archaludon|Electro Shot||[still]
|-prepare|p2b: Archaludon|Electro Shot
|-boost|p2b: Archaludon|spa|1
|-enditem|p2b: Archaludon|Power Herb
|-anim|p2b: Archaludon|Electro Shot|p1b: Volcarona
|-damage|p1b: Volcarona|64/100
|move|p2a: Weezing|Strange Steam|p1b: Volcarona
|-resisted|p1b: Volcarona
|-damage|p1b: Volcarona|49/100
|-enditem|p1b: Volcarona|Sitrus Berry|[eat]
|-heal|p1b: Volcarona|73/100|[from] item: Sitrus Berry
|
|upkeep
|turn|3
|l| oscraft89
|j|â˜†buf47RIPMegaFlygon
|player|p1|buf47RIPMegaFlygon|170|
|n|â˜†buf47ripmegaflygon|buf47ripmegaflygon
|
|t:|1756542881
|move|p2a: Weezing|Protect|p2a: Weezing
|-singleturn|p2a: Weezing|Protect
|move|p1a: Surprise!|Shadow Ball|p2a: Weezing
|-activate|p2a: Weezing|move: Protect
|move|p2b: Archaludon|Draco Meteor|p1b: Volcarona
|-damage|p1b: Volcarona|37/100
|-unboost|p2b: Archaludon|spa|2
|move|p1b: Volcarona|Tailwind|p1b: Volcarona
|-sidestart|p1: buf47RIPMegaFlygon|move: Tailwind
|
|upkeep
|turn|4
|
|t:|1756542899
|move|p1a: Surprise!|Shadow Ball|p2a: Weezing
|-enditem|p2a: Weezing|Focus Sash
|-damage|p2a: Weezing|1/100
|move|p1b: Volcarona|Heat Wave|p2a: Weezing|[spread] p2a,p2b
|-crit|p2b: Archaludon
|-damage|p2a: Weezing|0 fnt
|-damage|p2b: Archaludon|0 fnt
|faint|p2a: Weezing
|-end|p2a: Weezing|ability: Neutralizing Gas
|faint|p2b: Archaludon
|
|upkeep
|c|â˜†buf47ripmegaflygon|Im having conection and name problema :)
|
|t:|1756542908
|switch|p2b: Annihilape|Annihilape, L50, M|100/100
|switch|p2a: Garchomp|Garchomp, L50, M|100/100
|turn|5
|
|t:|1756542920
|move|p1a: Surprise!|Shadow Ball|p2a: Garchomp
|-damage|p2a: Garchomp|32/100
|move|p1b: Volcarona|Heat Wave|p2b: Annihilape|[spread] p2a,p2b
|-resisted|p2a: Garchomp
|-damage|p2a: Garchomp|14/100
|-damage|p2b: Annihilape|78/100
|move|p2a: Garchomp|Earthquake|p1a: Surprise!|[spread] p2b,p1a,p1b
|-damage|p2b: Annihilape|22/100
|-damage|p1a: Surprise!|7/100
|-damage|p1b: Volcarona|0 fnt
|faint|p1b: Volcarona
|-damage|p2a: Garchomp|4/100|[from] item: Life Orb
|move|p2b: Annihilape|Ice Punch|p1a: Surprise!
|-damage|p1a: Surprise!|0 fnt
|faint|p1a: Surprise!
|
|upkeep
|
|t:|1756542927
|switch|p1b: Annihilape|Annihilape, L50, M, shiny|100/100
|turn|6
|
|t:|1756542960
|move|p1b: Annihilape|Rage Fist|p2b: Annihilape
|-supereffective|p2b: Annihilape
|-damage|p2b: Annihilape|0 fnt
|faint|p2b: Annihilape
|move|p2a: Garchomp|Dragon Claw|p1b: Annihilape
|-damage|p1b: Annihilape|46/100
|-damage|p2a: Garchomp|0 fnt|[from] item: Life Orb
|faint|p2a: Garchomp
|
|win|buf47RIPMegaFlygon
