|j|☆ENDERLANDA
|j|☆darthmorton
|html|ENDERLANDAdarthmorton    
|uhtml|bestof|Game 1 of a best-of-3
|t:|1782756117
|gametype|doubles
|player|p1|ENDERLANDA|169|1109
|player|p2|darthmorton|dragontamer|1060
|gen|9
|tier|[Gen 9 Champions] VGC 2026 Reg M-B (Bo3)
|rated|
|rule|Species Clause: Limit one of each Pokémon
|rule|Item Clause: Limit 1 of each item
|clearpoke
|poke|p1|Dragalge, L50, M|
|poke|p1|Sinistcha, L50|
|poke|p1|Incineroar, L50, M|
|poke|p1|Sylveon, L50, F|
|poke|p1|Kingambit, L50, F|
|poke|p1|Garchomp, L50, F|
|poke|p2|Sneasler, L50, M|
|poke|p2|Sinistcha, L50|
|poke|p2|Incineroar, L50, F|
|poke|p2|Charizard, L50, M|
|poke|p2|Floette-Eternal, L50, F|
|poke|p2|Kingambit, L50, M|
|teampreview|4
|showteam|p1|Dragalge||Dragalgite|Adaptability|Scald,DracoMeteor,SludgeBomb,Protect|Quiet||M|||50|]Sinistcha||KasibBerry|Hospitality|TrickRoom,MatchaGotcha,RagePowder,Protect|Calm|||||50|]Incineroar||SitrusBerry|Intimidate|FakeOut,PartingShot,FlareBlitz,ThroatChop|Adamant||M|||50|]Sylveon||FairyFeather|Pixilate|HyperVoice,HyperBeam,Protect,QuickAttack|Modest||F|||50|]Kingambit||BlackGlasses|Defiant|SuckerPunch,KowtowCleave,IronHead,Protect|Adamant||F|||50|]Garchomp||LifeOrb|RoughSkin|DragonClaw,Earthquake,RockSlide,Protect|Adamant||F|||50|
|showteam|p2|Sneasler||FocusSash|PoisonTouch|FakeOut,GunkShot,CloseCombat,Coaching|Jolly||M|||50|]Sinistcha||SitrusBerry|Hospitality|MatchaGotcha,RagePowder,TrickRoom,Protect|Bold|||||50|]Incineroar||ChopleBerry|Intimidate|FlareBlitz,HelpingHand,PartingShot,FakeOut|Impish||F|||50|]Charizard||CharizarditeX|Blaze|FlareBlitz,DragonClaw,DragonDance,Protect|Adamant||M|||50|]Floette-Eternal||Floettite|FlowerVeil|Moonblast,CalmMind,DazzlingGleam,Protect|Modest||F|||50|]Kingambit||BlackGlasses|Defiant|KowtowCleave,SuckerPunch,SwordsDance,Protect|Adamant||M|||50|
|inactive|Battle timer is ON: inactive players will automatically lose when time's up. (requested by darthmorton)
|inactive|darthmorton has 60 seconds left.
|inactive|darthmorton has 30 seconds left.
|
|t:|1782756181
|teamsize|p1|4
|teamsize|p2|4
|start
|switch|p1a: Kingambit|Kingambit, L50, F|100/100
|switch|p1b: Garchomp|Garchomp, L50, F|100/100
|switch|p2a: Sneasler|Sneasler, L50, M|100/100
|switch|p2b: Floette|Floette-Eternal, L50, F|100/100
|turn|1
|inactive|ENDERLANDA has 30 seconds left.
|
|t:|1782756210
|detailschange|p2b: Floette|Floette-Mega, L50, F
|-mega|p2b: Floette|Floette|Floettite
|-ability|p2b: Floette|Fairy Aura
|move|p1b: Garchomp|Protect|p1b: Garchomp
|-singleturn|p1b: Garchomp|Protect
|move|p2a: Sneasler|Fake Out|p1a: Kingambit
|-resisted|p1a: Kingambit|1
|-damage|p1a: Kingambit|94/100
|move|p2b: Floette|Dazzling Gleam|p1a: Kingambit|[spread] p1a
|-activate|p1b: Garchomp|move: Protect
|-damage|p1a: Kingambit|50/100g
|cant|p1a: Kingambit|flinch
|
|upkeep
|turn|2
|
|t:|1782756226
|move|p1a: Kingambit|Protect|p1a: Kingambit
|-singleturn|p1a: Kingambit|Protect
|move|p2a: Sneasler|Close Combat|p1a: Kingambit
|-activate|p1a: Kingambit|move: Protect
|move|p1b: Garchomp|Earthquake|p2b: Floette|[spread] p2a,p2b
|-activate|p1a: Kingambit|move: Protect
|-supereffective|p2a: Sneasler|1
|-enditem|p2a: Sneasler|Focus Sash
|-damage|p2a: Sneasler|1/100
|-damage|p2b: Floette|45/100
|-damage|p1b: Garchomp|90/100|[from] item: Life Orb
|move|p2b: Floette|Dazzling Gleam|p1b: Garchomp|[spread] p1b
|-activate|p1a: Kingambit|move: Protect
|-supereffective|p1b: Garchomp|1
|-damage|p1b: Garchomp|0 fnt
|faint|p1b: Garchomp
|
|upkeep
|
|t:|1782756242
|switch|p1b: Dragalge|Dragalge, L50, M|100/100
|turn|3
|
|t:|1782756260
|switch|p2a: Sinistcha|Sinistcha, L50|100/100
|-heal|p2b: Floette|70/100|[from] ability: Hospitality|[of] p2a: Sinistcha
|detailschange|p1b: Dragalge|Dragalge-Mega, L50, M
|-mega|p1b: Dragalge|Dragalge|Dragalgite
|move|p2b: Floette|Protect|p2b: Floette
|-singleturn|p2b: Floette|Protect
|move|p1a: Kingambit|Sucker Punch||[still]
|-fail|p1a: Kingambit
|move|p1b: Dragalge|Sludge Bomb|p2b: Floette
|-activate|p2b: Floette|move: Protect
|
|upkeep
|turn|4
|
|t:|1782756275
|move|p2a: Sinistcha|Rage Powder|p2a: Sinistcha
|-singleturn|p2a: Sinistcha|move: Rage Powder
|move|p2b: Floette|Moonblast|p1a: Kingambit
|-damage|p1a: Kingambit|0 fnt
|faint|p1a: Kingambit
|move|p1b: Dragalge|Sludge Bomb|p2a: Sinistcha
|-damage|p2a: Sinistcha|37/100
|-status|p2a: Sinistcha|psn
|-enditem|p2a: Sinistcha|Sitrus Berry|[eat]
|-heal|p2a: Sinistcha|62/100 psn|[from] item: Sitrus Berry
|
|-damage|p2a: Sinistcha|50/100y psn|[from] psn
|upkeep
|inactive|ENDERLANDA has 30 seconds left.
|inactive|ENDERLANDA has 20 seconds left.
|inactive|ENDERLANDA has 15 seconds left.
|inactive|ENDERLANDA has 10 seconds left.
|
|t:|1782756324
|switch|p1a: Sylveon|Sylveon, L50, F|100/100
|turn|5
|inactive|ENDERLANDA has 30 seconds left.
|inactive|darthmorton has 30 seconds left.
|inactive|ENDERLANDA has 20 seconds left.
|inactive|darthmorton has 20 seconds left.
|inactive|ENDERLANDA has 15 seconds left.
|inactive|darthmorton has 15 seconds left.
|inactive|darthmorton has 10 seconds left.
|
|t:|1782756371
|switch|p2a: Incineroar|Incineroar, L50, F|100/100
|-ability|p2a: Incineroar|Intimidate|boost
|-unboost|p1a: Sylveon|atk|1
|-unboost|p1b: Dragalge|atk|1
|move|p2b: Floette|Protect|p2b: Floette
|-singleturn|p2b: Floette|Protect
|move|p1a: Sylveon|Hyper Voice|p2b: Floette|[spread] p2a
|-activate|p2b: Floette|move: Protect
|-damage|p2a: Incineroar|48/100
|move|p1b: Dragalge|Sludge Bomb|p2b: Floette
|-activate|p2b: Floette|move: Protect
|
|upkeep
|turn|6
|
|t:|1782756392
|move|p2a: Incineroar|Fake Out|p1a: Sylveon
|-damage|p1a: Sylveon|87/100
|move|p2b: Floette|Calm Mind|p2b: Floette
|-boost|p2b: Floette|spa|1
|-boost|p2b: Floette|spd|1
|cant|p1a: Sylveon|flinch
|move|p1b: Dragalge|Sludge Bomb|p2a: Incineroar
|-damage|p2a: Incineroar|4/100
|-status|p2a: Incineroar|psn
|
|-damage|p2a: Incineroar|0 fnt|[from] psn
|faint|p2a: Incineroar
|upkeep
|
|t:|1782756412
|switch|p2a: Sneasler|Sneasler, L50, M|1/100
|turn|7
|
|t:|1782756423
|move|p2a: Sneasler|Fake Out|p1a: Sylveon
|-damage|p1a: Sylveon|71/100
|cant|p1a: Sylveon|flinch
|move|p2b: Floette|Dazzling Gleam|p1b: Dragalge|[spread] p1a,p1b
|-damage|p1a: Sylveon|23/100
|-damage|p1b: Dragalge|47/100
|move|p1b: Dragalge|Sludge Bomb|p2b: Floette
|-supereffective|p2b: Floette|1
|-damage|p2b: Floette|13/100
|
|upkeep
|turn|8
|
|t:|1782756433
|switch|p2a: Sinistcha|Sinistcha, L50|50/100y psn
|-heal|p2b: Floette|38/100|[from] ability: Hospitality|[of] p2a: Sinistcha
|move|p1a: Sylveon|Quick Attack|p2b: Floette
|-damage|p2b: Floette|26/100
|move|p2b: Floette|Dazzling Gleam|p1a: Sylveon|[spread] p1a,p1b
|-damage|p1a: Sylveon|0 fnt
|-damage|p1b: Dragalge|0 fnt
|faint|p1a: Sylveon
|faint|p1b: Dragalge
|
|win|darthmorton
