|j|☆SANDSTORM3186
|j|☆ethical sga
|html|SANDSTORM3186ethical sga    
|uhtml|bestof|Game 2 of a best-of-3
|t:|1783009750
|gametype|doubles
|player|p1|SANDSTORM3186|hilbert-wonderlauncher|1103
|player|p2|ethical sga|lass-gen4dp|1164
|gen|9
|tier|[Gen 9 Champions] VGC 2026 Reg M-B (Bo3)
|rated|
|rule|Species Clause: Limit one of each Pokémon
|rule|Item Clause: Limit 1 of each item
|clearpoke
|poke|p1|Blastoise, L50, M|
|poke|p1|Gengar, L50, M|
|poke|p1|Incineroar, L50, M|
|poke|p1|Politoed, L50, F|
|poke|p1|Sinistcha, L50|
|poke|p1|Tinkaton, L50, F|
|poke|p2|Blaziken, L50, M|
|poke|p2|Kingambit, L50, M|
|poke|p2|Basculegion, L50, M|
|poke|p2|Sylveon, L50, M|
|poke|p2|Ninetales-Alola, L50, F|
|poke|p2|Venusaur, L50, M|
|teampreview|4
|showteam|p1|Blastoise||Blastoisinite|RainDish|WaterSpout,DarkPulse,Protect,ShellSmash|Modest||M|||50|]Gengar||Gengarite|CursedBody|ShadowBall,Disable,Protect,PerishSong|Timid||M|||50|]Incineroar||ShucaBerry|Intimidate|PartingShot,Protect,ThroatChop,FakeOut|Impish||M|||50|]Politoed||SitrusBerry|Drizzle|MuddyWater,Protect,HelpingHand,PerishSong|Relaxed||F|||50|]Sinistcha||Leftovers|Hospitality|MatchaGotcha,Protect,LifeDew,RagePowder|Bold|||||50|]Tinkaton||FocusSash|MoldBreaker|PlayRough,FakeOut,Encore,Protect|Adamant||F|||50|
|showteam|p2|Blaziken||Blazikenite|SpeedBoost|Protect,FlareBlitz,CloseCombat,RockSlide|Adamant||M|||50|]Kingambit||BlackGlasses|Defiant|Protect,KowtowCleave,LowKick,SuckerPunch|Adamant||M|||50|]Basculegion||LifeOrb|Adaptability|Protect,WaveCrash,LastRespects,AquaJet|Adamant||M|||50|]Sylveon||FairyFeather|Pixilate|Detect,HyperVoice,HyperBeam,HelpingHand|Modest||M|||50|]Ninetales-Alola||LightClay|SnowWarning|Protect,Blizzard,IcyWind,AuroraVeil|Timid||F|||50|]Venusaur||Venusaurite|Overgrow|Protect,SludgeBomb,EarthPower,LeechSeed|Bold||M|||50|
|
|t:|1783009787
|teamsize|p1|4
|teamsize|p2|4
|start
|switch|p1a: Tinkaton|Tinkaton, L50, F|100/100
|switch|p1b: Jerry|Blastoise, L50, M|100/100
|switch|p2a: Blaziken|Blaziken, L50, M|100/100
|switch|p2b: Kingambit|Kingambit, L50, M|100/100
|-ability|p1a: Tinkaton|Mold Breaker
|turn|1
|
|t:|1783009806
|detailschange|p2a: Blaziken|Blaziken-Mega, L50, M
|-mega|p2a: Blaziken|Blaziken|Blazikenite
|detailschange|p1b: Jerry|Blastoise-Mega, L50, M
|-mega|p1b: Jerry|Blastoise|Blastoisinite
|move|p1a: Tinkaton|Fake Out|p2a: Blaziken
|-damage|p2a: Blaziken|85/100
|cant|p2a: Blaziken|flinch
|move|p1b: Jerry|Water Spout|p2a: Blaziken|[spread] p2a,p2b
|-supereffective|p2a: Blaziken|1
|-damage|p2a: Blaziken|0 fnt
|-damage|p2b: Kingambit|35/100
|faint|p2a: Blaziken
|move|p2b: Kingambit|Kowtow Cleave|p1b: Jerry
|-damage|p1b: Jerry|52/100
|
|upkeep
|
|t:|1783009816
|switch|p2a: Sylveon|Sylveon, L50, M|100/100
|turn|2
|
|t:|1783009858
|switch|p1a: Sinistcha|Sinistcha, L50|100/100
|-heal|p1b: Jerry|77/100|[from] ability: Hospitality|[of] p1a: Sinistcha
|move|p1b: Jerry|Protect|p1b: Jerry
|-singleturn|p1b: Jerry|Protect
|move|p2a: Sylveon|Hyper Voice|p1b: Jerry|[spread] p1a
|-activate|p1b: Jerry|move: Protect
|-damage|p1a: Sinistcha|42/100
|move|p2b: Kingambit|Kowtow Cleave|p1a: Sinistcha
|-supereffective|p1a: Sinistcha|1
|-damage|p1a: Sinistcha|0 fnt
|faint|p1a: Sinistcha
|
|upkeep
|
|t:|1783009866
|switch|p1a: Tinkaton|Tinkaton, L50, F|100/100
|-ability|p1a: Tinkaton|Mold Breaker
|turn|3
|
|t:|1783009881
|move|p1a: Tinkaton|Fake Out|p2b: Kingambit
|-resisted|p2b: Kingambit|1
|-crit|p2b: Kingambit
|-damage|p2b: Kingambit|28/100
|move|p1b: Jerry|Water Spout|p2b: Kingambit|[spread] p2a,p2b
|-damage|p2a: Sylveon|59/100
|-damage|p2b: Kingambit|0 fnt
|faint|p2b: Kingambit
|move|p2a: Sylveon|Hyper Voice|p1b: Jerry|[spread] p1a,p1b
|-resisted|p1a: Tinkaton|1
|-damage|p1a: Tinkaton|73/100
|-damage|p1b: Jerry|35/100
|
|upkeep
|
|t:|1783009886
|switch|p2b: Basculegion|Basculegion, L50, M|100/100
|turn|4
|
|t:|1783009898
|switch|p1b: Trudy|Politoed, L50, F|100/100
|-weather|RainDance|[from] ability: Drizzle|[of] p1b: Trudy
|move|p1a: Tinkaton|Protect|p1a: Tinkaton
|-singleturn|p1a: Tinkaton|Protect
|move|p2b: Basculegion|Protect|p2b: Basculegion
|-singleturn|p2b: Basculegion|Protect
|move|p2a: Sylveon|Hyper Voice|p1a: Tinkaton|[spread] p1b
|-activate|p1a: Tinkaton|move: Protect
|-damage|p1b: Trudy|54/100
|
|-weather|RainDance|[upkeep]
|upkeep
|turn|5
|
|t:|1783009918
|move|p1a: Tinkaton|Encore|p2b: Basculegion
|-start|p2b: Basculegion|Encore
|move|p2b: Basculegion|Protect||[still]
|-fail|p2b: Basculegion
|move|p2a: Sylveon|Hyper Voice|p1b: Trudy|[spread] p1a,p1b
|-resisted|p1a: Tinkaton|1
|-damage|p1a: Tinkaton|45/100
|-damage|p1b: Trudy|9/100
|-enditem|p1b: Trudy|Sitrus Berry|[eat]
|-heal|p1b: Trudy|34/100|[from] item: Sitrus Berry
|move|p1b: Trudy|Perish Song|p1b: Trudy
|-start|p1a: Tinkaton|perish3|[silent]
|-start|p1b: Trudy|perish3|[silent]
|-start|p2a: Sylveon|perish3|[silent]
|-start|p2b: Basculegion|perish3|[silent]
|-fieldactivate|move: Perish Song
|
|-weather|RainDance|[upkeep]
|-start|p1a: Tinkaton|perish3
|-start|p2b: Basculegion|perish3
|-start|p2a: Sylveon|perish3
|-start|p1b: Trudy|perish3
|upkeep
|turn|6
|-message|ethical sga forfeited.
|
|win|SANDSTORM3186
|raw|SANDSTORM3186's rating: 1103 → 1132(+29 for winning)
|raw|ethical sga's rating: 1164 → 1135(-29 for losing)
