|j|☆SmogonSupervillain
|j|☆Greeness
|html|SmogonSupervillainGreeness    
|uhtml|bestof|Game 1 of a best-of-3
|t:|1756159145
|gametype|doubles
|player|p1|SmogonSupervillain|169|1056
|player|p2|Greeness|102|1042
|gen|9
|tier|[Gen 9] VGC 2025 Reg H (Bo3)
|rated|
|rule|Species Clause: Limit one of each Pokémon
|rule|Item Clause: Limit 1 of each item
|clearpoke
|poke|p1|Gholdengo, L50|
|poke|p1|Sneasler, L50, M|
|poke|p1|Incineroar, L50, F|
|poke|p1|Amoonguss, L50, M|
|poke|p1|Dragonite, L50, F|
|poke|p1|Ursaluna-Bloodmoon, L50, M|
|poke|p2|Incineroar, L50, F|
|poke|p2|Amoonguss, L50, M|
|poke|p2|Ursaluna, L50, M|
|poke|p2|Gholdengo, L50|
|poke|p2|Flamigo, L50, M|
|poke|p2|Farigiraf, L50, F|
|teampreview|4
|showteam|p1|Gholdengo||LifeOrb|GoodasGold|MakeItRain,ShadowBall,NastyPlot,Protect||||||50|,,,,,Water]Sneasler||FocusSash|PoisonTouch|FakeOut,CloseCombat,DireClaw,Protect|||M|||50|,,,,,Stellar]Incineroar||SafetyGoggles|Intimidate|FakeOut,FlareBlitz,KnockOff,PartingShot|||F|||50|,,,,,Ghost]Amoonguss||SitrusBerry|Regenerator|Spore,RagePowder,PollenPuff,Protect|||M|||50|,,,,,Water]Dragonite||LoadedDice|Multiscale|ScaleShot,Haze,Tailwind,ExtremeSpeed|||F|||50|,,,,,Fairy]Ursaluna-Bloodmoon||AssaultVest|MindsEye|HyperVoice,BloodMoon,EarthPower,VacuumWave|||M|||50|,,,,,Normal
|showteam|p2|Incineroar||SitrusBerry|Intimidate|KnockOff,FlareBlitz,PartingShot,FakeOut|||F|||50|,,,,,Grass]Amoonguss||MentalHerb|Regenerator|Spore,RagePowder,PollenPuff,SludgeBomb|||M|||50|,,,,,Water]Ursaluna||FlameOrb|Guts|Facade,HeadlongRush,Earthquake,Protect|||M|||50|,,,,,Normal]Gholdengo||LifeOrb|GoodasGold|MakeItRain,ShadowBall,NastyPlot,Protect||||||50|,,,,,Dragon]Flamigo||FocusSash|Scrappy|CloseCombat,BraveBird,WideGuard,Protect|||M|||50|,,,,,Ghost]Farigiraf||ThroatSpray|ArmorTail|TrickRoom,HyperVoice,Psychic,Protect|||F|||50|,,,,,Grass
|
|t:|1756159222
|teamsize|p1|4
|teamsize|p2|4
|start
|switch|p1a: Amoonguss|Amoonguss, L50, M|100/100
|switch|p1b: Sneasler|Sneasler, L50, M|100/100
|switch|p2a: Gholdengo|Gholdengo, L50, shiny|100/100
|switch|p2b: Flamigo|Flamigo, L50, M, shiny|100/100
|turn|1
|
|t:|1756159253
|switch|p1b: Incineroar|Incineroar, L50, F, shiny|100/100
|-ability|p1b: Incineroar|Intimidate|boost
|-unboost|p2a: Gholdengo|atk|1
|-fail|p2b: Flamigo|unboost|Attack|[from] ability: Scrappy|[of] p2b: Flamigo
|move|p2b: Flamigo|Protect|p2b: Flamigo
|-singleturn|p2b: Flamigo|Protect
|move|p2a: Gholdengo|Nasty Plot|p2a: Gholdengo
|-boost|p2a: Gholdengo|spa|2
|move|p1a: Amoonguss|Spore|p2b: Flamigo
|-activate|p2b: Flamigo|move: Protect
|
|upkeep
|turn|2
|
|t:|1756159304
|switch|p2b: Incineroar|Incineroar, L50, F, shiny|100/100
|-ability|p2b: Incineroar|Intimidate|boost
|-unboost|p1a: Amoonguss|atk|1
|-unboost|p1b: Incineroar|atk|1
|move|p2a: Gholdengo|Protect|p2a: Gholdengo
|-singleturn|p2a: Gholdengo|Protect
|move|p1b: Incineroar|Fake Out|p2b: Incineroar
|-damage|p2b: Incineroar|93/100
|move|p1a: Amoonguss|Spore|p2b: Incineroar
|-status|p2b: Incineroar|slp|[from] move: Spore
|
|upkeep
|turn|3
|
|t:|1756159326
|move|p2a: Gholdengo|Nasty Plot|p2a: Gholdengo
|-boost|p2a: Gholdengo|spa|2
|cant|p2b: Incineroar|slp
|move|p1b: Incineroar|Flare Blitz|p2a: Gholdengo
|-supereffective|p2a: Gholdengo
|-damage|p2a: Gholdengo|36/100
|-damage|p1b: Incineroar|83/100|[from] Recoil
|move|p1a: Amoonguss|Pollen Puff|p2b: Incineroar
|-damage|p2b: Incineroar|75/100 slp
|
|upkeep
|turn|4
|
|t:|1756159353
|move|p2a: Gholdengo|Protect|p2a: Gholdengo
|-singleturn|p2a: Gholdengo|Protect
|-curestatus|p2b: Incineroar|slp|[msg]
|move|p2b: Incineroar|Parting Shot|p1b: Incineroar
|-unboost|p1b: Incineroar|atk|1
|-unboost|p1b: Incineroar|spa|1
|
|t:|1756159364
|switch|p2b: Farigiraf|Farigiraf, L50, F|100/100|[from] Parting Shot
|move|p1b: Incineroar|Knock Off|p2a: Gholdengo
|-activate|p2a: Gholdengo|move: Protect
|move|p1a: Amoonguss|Pollen Puff|p2a: Gholdengo
|-activate|p2a: Gholdengo|move: Protect
|
|upkeep
|turn|5
|
|t:|1756159380
|move|p1a: Amoonguss|Rage Powder|p1a: Amoonguss
|-singleturn|p1a: Amoonguss|move: Rage Powder
|move|p2a: Gholdengo|Make It Rain|p1b: Incineroar|[spread] p1a,p1b
|-resisted|p1b: Incineroar
|-damage|p1a: Amoonguss|0 fnt
|-damage|p1b: Incineroar|20/100
|-unboost|p2a: Gholdengo|spa|1
|faint|p1a: Amoonguss
|-damage|p2a: Gholdengo|27/100|[from] item: Life Orb
|move|p1b: Incineroar|Knock Off|p2a: Gholdengo
|-supereffective|p2a: Gholdengo
|-damage|p2a: Gholdengo|0 fnt
|-enditem|p2a: Gholdengo|Life Orb|[from] move: Knock Off|[of] p1b: Incineroar
|faint|p2a: Gholdengo
|move|p2b: Farigiraf|Hyper Voice|p1b: Incineroar
|-damage|p1b: Incineroar|0 fnt
|faint|p1b: Incineroar
|-enditem|p2b: Farigiraf|Throat Spray
|-boost|p2b: Farigiraf|spa|1|[from] item: Throat Spray
|
|upkeep
|
|t:|1756159407
|switch|p2a: Incineroar|Incineroar, L50, F, shiny|75/100
|switch|p1b: Sneasler|Sneasler, L50, M|100/100
|switch|p1a: Gholdengo|Gholdengo, L50|100/100
|-ability|p2a: Incineroar|Intimidate|boost
|-unboost|p1a: Gholdengo|atk|1
|-unboost|p1b: Sneasler|atk|1
|turn|6
|
|t:|1756159437
|move|p1b: Sneasler|Close Combat|p2a: Incineroar
|-supereffective|p2a: Incineroar
|-crit|p2a: Incineroar
|-damage|p2a: Incineroar|0 fnt
|-unboost|p1b: Sneasler|def|1
|-unboost|p1b: Sneasler|spd|1
|faint|p2a: Incineroar
|move|p1a: Gholdengo|Nasty Plot|p1a: Gholdengo
|-boost|p1a: Gholdengo|spa|2
|move|p2b: Farigiraf|Hyper Voice|p1b: Sneasler|[spread] p1b
|-immune|p1a: Gholdengo
|-damage|p1b: Sneasler|4/100
|
|upkeep
|
|t:|1756159450
|switch|p2a: Flamigo|Flamigo, L50, M, shiny|100/100
|turn|7
|
|t:|1756159475
|move|p1b: Sneasler|Protect|p1b: Sneasler
|-singleturn|p1b: Sneasler|Protect
|move|p2a: Flamigo|Wide Guard|p2a: Flamigo
|-singleturn|p2a: Flamigo|Wide Guard
|move|p1a: Gholdengo|Make It Rain|p2b: Farigiraf|[spread] 
|-activate|p2a: Flamigo|move: Wide Guard
|-activate|p2b: Farigiraf|move: Wide Guard
|move|p2b: Farigiraf|Hyper Voice|p1b: Sneasler|[spread] 
|-activate|p1b: Sneasler|move: Protect
|-immune|p1a: Gholdengo
|
|upkeep
|turn|8
|
|t:|1756159524
|move|p1b: Sneasler|Dire Claw|p2b: Farigiraf
|-damage|p2b: Farigiraf|73/100
|-status|p2b: Farigiraf|slp
|move|p2a: Flamigo|Close Combat|p1a: Gholdengo
|-supereffective|p1a: Gholdengo
|-damage|p1a: Gholdengo|0 fnt
|-unboost|p2a: Flamigo|def|1
|-unboost|p2a: Flamigo|spd|1
|faint|p1a: Gholdengo
|cant|p2b: Farigiraf|slp
|
|upkeep
|turn|9
|
|t:|1756159544
|move|p1b: Sneasler|Dire Claw|p2a: Flamigo
|-damage|p2a: Flamigo|36/100
|-status|p2a: Flamigo|psn
|move|p2a: Flamigo|Close Combat|p1b: Sneasler
|-resisted|p1b: Sneasler
|-damage|p1b: Sneasler|0 fnt
|-unboost|p2a: Flamigo|def|1
|-unboost|p2a: Flamigo|spd|1
|faint|p1b: Sneasler
|
|win|Greeness
||SmogonSupervillain is ready for game 2.
|inactive|Greeness has 30 seconds to confirm battle start!
||Greeness is ready for game 2.
|uhtml|next|Next: Game 2 of 3
|l|☆Greeness
|player|p2|
