|j|☆mochamecha
|j|☆bananatreeenjoyer
|html|mochamechabananatreeenjoyer    
|uhtml|bestof|Game 3 of a best-of-3
|t:|1757913144
|gametype|doubles
|player|p1|mochamecha|169|1333
|player|p2|bananatreeenjoyer|silver|1241
|gen|9
|tier|[Gen 9] VGC 2025 Reg H (Bo3)
|rated|
|rule|Species Clause: Limit one of each Pokémon
|rule|Item Clause: Limit 1 of each item
|clearpoke
|poke|p1|Maushold, L50|
|poke|p1|Gholdengo, L50|
|poke|p1|Rillaboom, L50, F|
|poke|p1|Annihilape, L50, F|
|poke|p1|Dragonite, L50, M|
|poke|p1|Ursaluna-Bloodmoon, L50, M|
|poke|p2|Gyarados, L50, M|
|poke|p2|Indeedee, L50, M|
|poke|p2|Sneasler, L50, F|
|poke|p2|Tyranitar, L50, M|
|poke|p2|Ursaluna-Bloodmoon, L50, M|
|poke|p2|Volcarona, L50, F|
|teampreview|4
|showteam|p1|Maushold||FocusSash|FriendGuard|FollowMe,BeatUp,SuperFang,Protect||||||50|,,,,,Ghost]Gholdengo||LifeOrb|GoodasGold|MakeItRain,ShadowBall,NastyPlot,Protect||||||50|,,,,,Water]Rillaboom||MiracleSeed|GrassySurge|WoodHammer,FakeOut,GrassyGlide,Protect|||F|||50|,,,,,Fire]Annihilape||SafetyGoggles|Defiant|RageFist,DrainPunch,BulkUp,Protect|||F|||50|,,,,,Fire]Dragonite||LoadedDice|Multiscale|ScaleShot,Haze,Tailwind,Protect|||M|||50|,,,,,Fairy]Ursaluna-Bloodmoon||AssaultVest|MindsEye|BloodMoon,EarthPower,VacuumWave,HyperVoice|||M|||50|,,,,,Water
|showteam|p2|Gyarados||SafetyGoggles|Intimidate|Taunt,ThunderWave,Waterfall,Protect|||M|||50|,,,,,Steel]Indeedee||ChoiceScarf|PsychicSurge|ExpandingForce,TeraBlast,Trick,Protect|||M|||50|,,,,,Psychic]Sneasler||PsychicSeed|Unburden|CloseCombat,DireClaw,ThroatChop,Protect|||F|||50|,,,,,Dark]Tyranitar||AssaultVest|SandStream|LowKick,TeraBlast,KnockOff,RockSlide|||M|||50|,,,,,Flying]Ursaluna-Bloodmoon||LifeOrb|MindsEye|HyperVoice,BloodMoon,EarthPower,Protect|||M|||50|,,,,,Normal]Volcarona||SitrusBerry|FlameBody|Overheat,StruggleBug,RagePowder,Tailwind|||F|||50|,,,,,Fairy
|inactive|Battle timer is ON: inactive players will automatically lose when time's up. (requested by mochamecha)
|
|t:|1757913210
|teamsize|p1|4
|teamsize|p2|4
|start
|switch|p1a: Dragonite|Dragonite, L50, M|100/100
|switch|p1b: Ursaluna|Ursaluna-Bloodmoon, L50, M|100/100
|switch|p2a: Kalan|Volcarona, L50, F|100/100
|switch|p2b: Althair|Ursaluna-Bloodmoon, L50, M|100/100
|turn|1
|
|t:|1757913226
|move|p2a: Kalan|Tailwind|p2a: Kalan
|-sidestart|p2: bananatreeenjoyer|move: Tailwind
|move|p2b: Althair|Hyper Voice|p1b: Ursaluna|[spread] p1a,p1b
|-damage|p1a: Dragonite|77/100
|-damage|p1b: Ursaluna|69/100
|-damage|p2b: Althair|91/100|[from] item: Life Orb
|move|p1a: Dragonite|Tailwind|p1a: Dragonite
|-sidestart|p1: mochamecha|move: Tailwind
|move|p1b: Ursaluna|Blood Moon|p2b: Althair
|-damage|p2b: Althair|5/100
|
|upkeep
|turn|2
|
|t:|1757913244
|-terastallize|p2a: Kalan|Fairy
|move|p2a: Kalan|Rage Powder|p2a: Kalan
|-singleturn|p2a: Kalan|move: Rage Powder
|move|p1a: Dragonite|Scale Shot|p2a: Kalan
|-immune|p2a: Kalan
|move|p2b: Althair|Hyper Voice|p1a: Dragonite|[spread] p1a,p1b
|-crit|p1a: Dragonite
|-damage|p1a: Dragonite|0 fnt
|-damage|p1b: Ursaluna|37/100
|faint|p1a: Dragonite
|-damage|p2b: Althair|0 fnt|[from] item: Life Orb
|faint|p2b: Althair
|move|p1b: Ursaluna|Hyper Voice|p2a: Kalan
|-damage|p2a: Kalan|50/100
|-enditem|p2a: Kalan|Sitrus Berry|[eat]
|-heal|p2a: Kalan|75/100|[from] item: Sitrus Berry
|
|upkeep
|
|t:|1757913262
|switch|p1a: Gholdengo|Gholdengo, L50|100/100
|switch|p2b: Herod|Sneasler, L50, F|100/100
|turn|3
|
|t:|1757913285
|-terastallize|p1a: Gholdengo|Water
|move|p2b: Herod|Protect|p2b: Herod
|-singleturn|p2b: Herod|Protect
|move|p2a: Kalan|Struggle Bug|p1a: Gholdengo|[spread] p1a,p1b
|-damage|p1a: Gholdengo|79/100
|-damage|p1b: Ursaluna|26/100
|-unboost|p1a: Gholdengo|spa|1
|-unboost|p1b: Ursaluna|spa|1
|move|p1a: Gholdengo|Make It Rain|p2b: Herod|[spread] p2a
|-activate|p2b: Herod|move: Protect
|-supereffective|p2a: Kalan
|-damage|p2a: Kalan|0 fnt
|-unboost|p1a: Gholdengo|spa|1
|faint|p2a: Kalan
|-damage|p1a: Gholdengo|70/100|[from] item: Life Orb
|move|p1b: Ursaluna|Earth Power|p2b: Herod
|-activate|p2b: Herod|move: Protect
|
|upkeep
|
|t:|1757913302
|switch|p2a: Layton|Indeedee, L50, M|100/100
|-fieldstart|move: Psychic Terrain|[from] ability: Psychic Surge|[of] p2a: Layton
|-enditem|p2b: Herod|Psychic Seed
|-boost|p2b: Herod|spd|1|[from] item: Psychic Seed
|turn|4
|inactive|bananatreeenjoyer has 30 seconds left.
|inactive|bananatreeenjoyer has 20 seconds left.
|inactive|bananatreeenjoyer has 15 seconds left.
|inactive|bananatreeenjoyer has 10 seconds left.
|inactive|bananatreeenjoyer has 5 seconds left.
|
|t:|1757913358
|switch|p1b: Rillaboom|Rillaboom, L50, F|100/100
|-fieldstart|move: Grassy Terrain|[from] ability: Grassy Surge|[of] p1b: Rillaboom
|move|p1a: Gholdengo|Protect|p1a: Gholdengo
|-singleturn|p1a: Gholdengo|Protect
|move|p2b: Herod|Dire Claw|p1b: Rillaboom
|-supereffective|p1b: Rillaboom
|-damage|p1b: Rillaboom|19/100
|-status|p1b: Rillaboom|slp
|move|p2a: Layton|Trick|p1a: Gholdengo
|-activate|p1a: Gholdengo|move: Protect
|
|-heal|p1a: Gholdengo|76/100|[from] Grassy Terrain
|-heal|p1b: Rillaboom|25/100 slp|[from] Grassy Terrain
|-sideend|p1: mochamecha|move: Tailwind
|-sideend|p2: bananatreeenjoyer|move: Tailwind
|upkeep
|turn|5
|c|☆mochamecha|gg
|
|t:|1757913381
|switch|p1a: Ursaluna|Ursaluna-Bloodmoon, L50, M|26/100
|move|p2b: Herod|Dire Claw|p1a: Ursaluna
|-resisted|p1a: Ursaluna
|-damage|p1a: Ursaluna|10/100
|-status|p1a: Ursaluna|psn
|move|p2a: Layton|Trick|p1a: Ursaluna
|-activate|p2a: Layton|move: Trick|[of] p1a: Ursaluna
|-item|p1a: Ursaluna|Choice Scarf|[from] move: Trick
|-item|p2a: Layton|Assault Vest|[from] move: Trick
|cant|p1b: Rillaboom|slp
|
|-heal|p1a: Ursaluna|16/100 psn|[from] Grassy Terrain
|-heal|p1b: Rillaboom|31/100 slp|[from] Grassy Terrain
|-damage|p1a: Ursaluna|4/100 psn|[from] psn
|upkeep
|turn|6
|
|t:|1757913403
|move|p1a: Ursaluna|Vacuum Wave|p2a: Layton
|-damage|p2a: Layton|87/100
|cant|p1b: Rillaboom|slp
|move|p2b: Herod|Dire Claw|p1b: Rillaboom
|-supereffective|p1b: Rillaboom
|-damage|p1b: Rillaboom|0 fnt
|faint|p1b: Rillaboom
|move|p2a: Layton|Expanding Force|p1a: Ursaluna
|-damage|p1a: Ursaluna|0 fnt
|faint|p1a: Ursaluna
|
|-heal|p2a: Layton|93/100|[from] Grassy Terrain
|upkeep
|
|t:|1757913407
|switch|p1b: Gholdengo|Gholdengo, L50, tera:Water|76/100
|turn|7
|
|t:|1757913424
|move|p2b: Herod|Dire Claw|p1b: Gholdengo
|-damage|p1b: Gholdengo|25/100
|move|p1b: Gholdengo|Make It Rain|p2a: Layton|[spread] p2a,p2b
|-damage|p2a: Layton|42/100
|-damage|p2b: Herod|47/100
|-unboost|p1b: Gholdengo|spa|1
|-damage|p1b: Gholdengo|16/100|[from] item: Life Orb
|move|p2a: Layton|Expanding Force|p1b: Gholdengo
|-damage|p1b: Gholdengo|0 fnt
|faint|p1b: Gholdengo
|
|win|bananatreeenjoyer
|raw|mochamecha's rating: 1333 → 1308(-25 for losing)
|raw|bananatreeenjoyer's rating: 1241 → 1272(+31 for winning)
|l|☆mochamecha
|player|p1|
|l|☆bananatreeenjoyer
|player|p2|
