|j|☆raylof
|j|☆dangro92
|html|raylofdangro92    
|uhtml|bestof|Game 3 of a best-of-3
|t:|1756177499
|gametype|doubles
|player|p1|raylof|2|1133
|player|p2|dangro92|blue|1181
|gen|9
|tier|[Gen 9] VGC 2025 Reg H (Bo3)
|rated|
|rule|Species Clause: Limit one of each Pokémon
|rule|Item Clause: Limit 1 of each item
|clearpoke
|poke|p1|Dragonite, L50, M|
|poke|p1|Ursaluna-Bloodmoon, L50, M|
|poke|p1|Gholdengo, L50|
|poke|p1|Incineroar, L50, F|
|poke|p1|Amoonguss, L50, F|
|poke|p1|Ninetales-Alola, L50, F|
|poke|p2|Incineroar, L50, F|
|poke|p2|Gholdengo, L50|
|poke|p2|Sneasler, L50, M|
|poke|p2|Ursaluna-Bloodmoon, L50, M|
|poke|p2|Porygon2, L50|
|poke|p2|Rillaboom, L50, F|
|teampreview|4
|showteam|p1|Dragonite||LoadedDice|Multiscale|ScaleShot,Haze,Protect,Tailwind|||M|||50|,,,,,Fairy]Ursaluna-Bloodmoon||AssaultVest|MindsEye|BloodMoon,HyperVoice,VacuumWave,EarthPower|||M|||50|,,,,,Ghost]Gholdengo||LifeOrb|GoodasGold|MakeItRain,ShadowBall,Protect,NastyPlot||||||50|,,,,,Water]Incineroar||SafetyGoggles|Intimidate|KnockOff,FakeOut,FlareBlitz,PartingShot|||F|||50|,,,,,Ghost]Amoonguss||SitrusBerry|Regenerator|PollenPuff,Spore,RagePowder,Protect|||F|||50|,,,,,Water]Ninetales-Alola||LightClay|SnowWarning|IcyWind,FreezeDry,Protect,AuroraVeil|||F|||50|,,,,,Ghost
|showteam|p2|Incineroar||SafetyGoggles|Intimidate|FlareBlitz,KnockOff,FakeOut,PartingShot|||F|||50|,,,,,Bug]Gholdengo||Leftovers|GoodasGold|MakeItRain,ShadowBall,NastyPlot,Protect||||||50|,,,,,Dragon]Sneasler||FocusSash|Unburden|CloseCombat,DireClaw,FakeOut,Protect|||M|||50|,,,,,Stellar]Ursaluna-Bloodmoon||LifeOrb|MindsEye|EarthPower,HyperVoice,BloodMoon,Protect|||M|||50|,,,,,Normal]Porygon2||Eviolite|Download|TeraBlast,IceBeam,TrickRoom,Recover||||||50|,,,,,Fighting]Rillaboom||AssaultVest|GrassySurge|WoodHammer,GrassyGlide,HighHorsepower,FakeOut|||F|||50|,,,,,Fire
|inactive|Battle timer is ON: inactive players will automatically lose when time's up. (requested by dangro92)
|
|t:|1756177545
|teamsize|p1|4
|teamsize|p2|4
|start
|switch|p1a: Incineroar|Incineroar, L50, F|100/100
|switch|p1b: Gholdengo|Gholdengo, L50|100/100
|switch|p2a: Porygon2|Porygon2, L50, shiny|100/100
|switch|p2b: Rillaboom|Rillaboom, L50, F, shiny|100/100
|-fieldstart|move: Grassy Terrain|[from] ability: Grassy Surge|[of] p2b: Rillaboom
|-ability|p1a: Incineroar|Intimidate|boost
|-unboost|p2a: Porygon2|atk|1
|-unboost|p2b: Rillaboom|atk|1
|-ability|p2a: Porygon2|Download|boost
|-boost|p2a: Porygon2|atk|1
|turn|1
|inactive|raylof has 30 seconds left.
|inactive|dangro92 has 30 seconds left.
|inactive|raylof has 20 seconds left.
|inactive|dangro92 has 20 seconds left.
|inactive|raylof has 15 seconds left.
|
|t:|1756177587
|switch|p2a: Incineroar|Incineroar, L50, F, shiny|100/100
|-ability|p2a: Incineroar|Intimidate|boost
|-unboost|p1a: Incineroar|atk|1
|-unboost|p1b: Gholdengo|atk|1
|-terastallize|p1a: Incineroar|Ghost
|move|p1b: Gholdengo|Protect|p1b: Gholdengo
|-singleturn|p1b: Gholdengo|Protect
|move|p2b: Rillaboom|High Horsepower|p1b: Gholdengo
|-activate|p1b: Gholdengo|move: Protect
|move|p1a: Incineroar|Knock Off|p2a: Incineroar
|-resisted|p2a: Incineroar
|-damage|p2a: Incineroar|90/100
|-enditem|p2a: Incineroar|Safety Goggles|[from] move: Knock Off|[of] p1a: Incineroar
|
|-heal|p2a: Incineroar|96/100|[from] Grassy Terrain
|upkeep
|turn|2
|inactive|raylof has 30 seconds left.
|inactive|dangro92 has 30 seconds left.
|inactive|raylof has 20 seconds left.
|inactive|raylof has 15 seconds left.
|inactive|raylof has 10 seconds left.
|
|t:|1756177633
|switch|p1b: Amoonguss|Amoonguss, L50, F, shiny|100/100
|move|p2b: Rillaboom|Wood Hammer|p1b: Amoonguss
|-resisted|p1b: Amoonguss
|-damage|p1b: Amoonguss|90/100
|-damage|p2b: Rillaboom|97/100|[from] Recoil
|move|p1a: Incineroar|Parting Shot|p2b: Rillaboom
|-unboost|p2b: Rillaboom|atk|1
|-unboost|p2b: Rillaboom|spa|1
|
|t:|1756177642
|switch|p1a: Gholdengo|Gholdengo, L50|100/100|[from] Parting Shot
|move|p2a: Incineroar|Flare Blitz|p1b: Amoonguss
|-supereffective|p1b: Amoonguss
|-damage|p1b: Amoonguss|13/100
|-enditem|p1b: Amoonguss|Sitrus Berry|[eat]
|-heal|p1b: Amoonguss|38/100|[from] item: Sitrus Berry
|-damage|p2a: Incineroar|68/100|[from] Recoil
|
|-heal|p2b: Rillaboom|100/100|[from] Grassy Terrain
|-heal|p2a: Incineroar|74/100|[from] Grassy Terrain
|-heal|p1b: Amoonguss|44/100|[from] Grassy Terrain
|upkeep
|turn|3
|
|t:|1756177665
|switch|p1b: Incineroar|Incineroar, L50, F, tera:Ghost|100/100
|-ability|p1b: Incineroar|Intimidate|boost
|-unboost|p2a: Incineroar|atk|1
|-unboost|p2b: Rillaboom|atk|1
|move|p1a: Gholdengo|Protect|p1a: Gholdengo
|-singleturn|p1a: Gholdengo|Protect
|move|p2b: Rillaboom|High Horsepower|p1a: Gholdengo
|-activate|p1a: Gholdengo|move: Protect
|move|p2a: Incineroar|Flare Blitz|p1b: Incineroar
|-damage|p1b: Incineroar|70/100
|-damage|p2a: Incineroar|64/100|[from] Recoil
|
|-heal|p1b: Incineroar|77/100|[from] Grassy Terrain
|-heal|p2a: Incineroar|70/100|[from] Grassy Terrain
|upkeep
|turn|4
|inactive|dangro92 has 30 seconds left.
|
|t:|1756177692
|switch|p2b: Gholdengo|Gholdengo, L50|100/100
|move|p1b: Incineroar|Fake Out|p2a: Incineroar
|-damage|p2a: Incineroar|61/100
|move|p1a: Gholdengo|Nasty Plot|p1a: Gholdengo
|-boost|p1a: Gholdengo|spa|2
|cant|p2a: Incineroar|flinch
|
|-heal|p1b: Incineroar|83/100|[from] Grassy Terrain
|-heal|p2a: Incineroar|67/100|[from] Grassy Terrain
|upkeep
|turn|5
|inactive|dangro92 has 30 seconds left.
|
|t:|1756177720
|switch|p2a: Porygon2|Porygon2, L50, shiny|100/100
|-ability|p2a: Porygon2|Download|boost
|-boost|p2a: Porygon2|atk|1
|move|p1a: Gholdengo|Protect|p1a: Gholdengo
|-singleturn|p1a: Gholdengo|Protect
|move|p2b: Gholdengo|Protect|p2b: Gholdengo
|-singleturn|p2b: Gholdengo|Protect
|move|p1b: Incineroar|Parting Shot|p2a: Porygon2
|-unboost|p2a: Porygon2|atk|1
|-unboost|p2a: Porygon2|spa|1
|
|t:|1756177730
|switch|p1b: Amoonguss|Amoonguss, L50, F, shiny|77/100|[from] Parting Shot
|
|-heal|p1b: Amoonguss|83/100|[from] Grassy Terrain
|-fieldend|move: Grassy Terrain
|upkeep
|turn|6
|
|t:|1756177750
|move|p1a: Gholdengo|Shadow Ball|p2b: Gholdengo
|-supereffective|p2b: Gholdengo
|-damage|p2b: Gholdengo|0 fnt
|faint|p2b: Gholdengo
|-damage|p1a: Gholdengo|91/100|[from] item: Life Orb
|move|p2a: Porygon2|Ice Beam|p1b: Amoonguss
|-supereffective|p1b: Amoonguss
|-damage|p1b: Amoonguss|56/100
|move|p1b: Amoonguss|Spore|p2a: Porygon2
|-status|p2a: Porygon2|slp|[from] move: Spore
|
|upkeep
|
|t:|1756177761
|switch|p2b: Incineroar|Incineroar, L50, F, shiny|67/100
|-ability|p2b: Incineroar|Intimidate|boost
|-unboost|p1a: Gholdengo|atk|1
|-unboost|p1b: Amoonguss|atk|1
|turn|7
|
|t:|1756177773
|switch|p2a: Rillaboom|Rillaboom, L50, F, shiny|100/100
|-fieldstart|move: Grassy Terrain|[from] ability: Grassy Surge|[of] p2a: Rillaboom
|switch|p1b: Incineroar|Incineroar, L50, F, tera:Ghost|83/100
|-ability|p1b: Incineroar|Intimidate|boost
|-unboost|p2a: Rillaboom|atk|1
|-unboost|p2b: Incineroar|atk|1
|move|p1a: Gholdengo|Protect|p1a: Gholdengo
|-singleturn|p1a: Gholdengo|Protect
|move|p2b: Incineroar|Knock Off|p1a: Gholdengo
|-activate|p1a: Gholdengo|move: Protect
|
|-heal|p1a: Gholdengo|97/100|[from] Grassy Terrain
|-heal|p1b: Incineroar|89/100|[from] Grassy Terrain
|-heal|p2b: Incineroar|73/100|[from] Grassy Terrain
|upkeep
|turn|8
|inactive|raylof has 30 seconds left.
|
|t:|1756177803
|switch|p2b: Porygon2|Porygon2, L50, shiny|100/100 slp
|-ability|p2b: Porygon2|Download|boost
|-boost|p2b: Porygon2|atk|1
|move|p1b: Incineroar|Fake Out|p2b: Porygon2
|-damage|p2b: Porygon2|92/100 slp
|move|p1a: Gholdengo|Shadow Ball|p2a: Rillaboom
|-damage|p2a: Rillaboom|40/100
|-damage|p1a: Gholdengo|88/100|[from] item: Life Orb
|move|p2a: Rillaboom|High Horsepower|p1a: Gholdengo
|-supereffective|p1a: Gholdengo
|-damage|p1a: Gholdengo|41/100
|
|-heal|p1a: Gholdengo|47/100|[from] Grassy Terrain
|-heal|p2a: Rillaboom|46/100|[from] Grassy Terrain
|-heal|p1b: Incineroar|95/100|[from] Grassy Terrain
|-heal|p2b: Porygon2|98/100 slp|[from] Grassy Terrain
|upkeep
|turn|9
|inactive|dangro92 has 30 seconds left.
|inactive|dangro92 has 20 seconds left.
|inactive|dangro92 has 15 seconds left.
|inactive|dangro92 has 10 seconds left.
|inactive|dangro92 has 5 seconds left.
|
|t:|1756177856
|-terastallize|p2a: Rillaboom|Fire
|move|p1a: Gholdengo|Shadow Ball|p2a: Rillaboom
|-damage|p2a: Rillaboom|0 fnt
|faint|p2a: Rillaboom
|-damage|p1a: Gholdengo|37/100|[from] item: Life Orb
|move|p1b: Incineroar|Knock Off|p2b: Porygon2
|-damage|p2b: Porygon2|67/100 slp
|-enditem|p2b: Porygon2|Eviolite|[from] move: Knock Off|[of] p1b: Incineroar
|cant|p2b: Porygon2|slp
|
|-heal|p1a: Gholdengo|44/100|[from] Grassy Terrain
|-heal|p1b: Incineroar|100/100|[from] Grassy Terrain
|-heal|p2b: Porygon2|73/100 slp|[from] Grassy Terrain
|upkeep
|
|t:|1756177869
|switch|p2a: Incineroar|Incineroar, L50, F, shiny|73/100
|-ability|p2a: Incineroar|Intimidate|boost
|-unboost|p1a: Gholdengo|atk|1
|-unboost|p1b: Incineroar|atk|1
|turn|10
|
|t:|1756177881
|move|p1a: Gholdengo|Protect|p1a: Gholdengo
|-singleturn|p1a: Gholdengo|Protect
|move|p1b: Incineroar|Parting Shot|p2b: Porygon2
|-unboost|p2b: Porygon2|atk|1
|-unboost|p2b: Porygon2|spa|1
|
|t:|1756177886
|switch|p1b: Amoonguss|Amoonguss, L50, F, shiny|89/100|[from] Parting Shot
|-curestatus|p2b: Porygon2|slp|[msg]
|move|p2b: Porygon2|Recover|p2b: Porygon2
|-heal|p2b: Porygon2|100/100
|move|p2a: Incineroar|Knock Off|p1b: Amoonguss
|-damage|p1b: Amoonguss|70/100
|
|-heal|p1a: Gholdengo|50/100|[from] Grassy Terrain
|-heal|p2a: Incineroar|79/100|[from] Grassy Terrain
|-heal|p1b: Amoonguss|76/100|[from] Grassy Terrain
|upkeep
|turn|11
|inactive|raylof has 30 seconds left.
|
|t:|1756177916
|move|p1b: Amoonguss|Rage Powder|p1b: Amoonguss
|-singleturn|p1b: Amoonguss|move: Rage Powder
|move|p1a: Gholdengo|Shadow Ball|p2a: Incineroar
|-resisted|p2a: Incineroar
|-damage|p2a: Incineroar|38/100
|-damage|p1a: Gholdengo|40/100|[from] item: Life Orb
|move|p2a: Incineroar|Knock Off|p1b: Amoonguss
|-damage|p1b: Amoonguss|55/100
|move|p2b: Porygon2|Tera Blast|p1b: Amoonguss
|-damage|p1b: Amoonguss|39/100
|
|-heal|p1a: Gholdengo|46/100|[from] Grassy Terrain
|-heal|p2a: Incineroar|44/100|[from] Grassy Terrain
|-heal|p1b: Amoonguss|45/100|[from] Grassy Terrain
|-fieldend|move: Grassy Terrain
|upkeep
|turn|12
|inactive|dangro92 has 30 seconds left.
|
|t:|1756177944
|switch|p1b: Incineroar|Incineroar, L50, F, tera:Ghost|100/100
|-ability|p1b: Incineroar|Intimidate|boost
|-unboost|p2a: Incineroar|atk|1
|-unboost|p2b: Porygon2|atk|1
|move|p1a: Gholdengo|Protect|p1a: Gholdengo
|-singleturn|p1a: Gholdengo|Protect
|move|p2b: Porygon2|Tera Blast|p1b: Incineroar
|-immune|p1b: Incineroar
|move|p2a: Incineroar|Flare Blitz|p1a: Gholdengo
|-activate|p1a: Gholdengo|move: Protect
|
|upkeep
|turn|13
|inactive|dangro92 has 30 seconds left.
|inactive|dangro92 has 20 seconds left.
|
|t:|1756177982
|move|p1b: Incineroar|Fake Out|p2a: Incineroar
|-damage|p2a: Incineroar|35/100
|move|p1a: Gholdengo|Make It Rain|p2b: Porygon2|[spread] p2a,p2b
|-resisted|p2a: Incineroar
|-damage|p2a: Incineroar|0 fnt
|-damage|p2b: Porygon2|21/100
|-unboost|p1a: Gholdengo|spa|1
|faint|p2a: Incineroar
|-damage|p1a: Gholdengo|37/100|[from] item: Life Orb
|move|p2b: Porygon2|Ice Beam|p1a: Gholdengo
|-resisted|p1a: Gholdengo
|-damage|p1a: Gholdengo|28/100
|
|upkeep
|turn|14
|-message|dangro92 forfeited.
|
|win|raylof
|raw|raylof's rating: 1133 → 1161(+28 for winning)
|raw|dangro92's rating: 1181 → 1153(-28 for losing)
|l|☆dangro92
|player|p2|
