|j|☆Tedi2002
|j|☆nocturnallynoct
|html|Tedi2002nocturnallynoct    
|uhtml|bestof|Game 2 of a best-of-3
|t:|1756318243
|gametype|doubles
|player|p1|Tedi2002|red|1154
|player|p2|nocturnallynoct|2|1112
|gen|9
|tier|[Gen 9] VGC 2025 Reg H (Bo3)
|rated|
|rule|Species Clause: Limit one of each Pokémon
|rule|Item Clause: Limit 1 of each item
|clearpoke
|poke|p1|Ninetales, L50, F|
|poke|p1|Venusaur, L50, M|
|poke|p1|Jumpluff, L50, F|
|poke|p1|Charizard, L50, M|
|poke|p1|Arcanine-Hisui, L50, M|
|poke|p1|Typhlosion-Hisui, L50, M|
|poke|p2|Sneasler, L50, F|
|poke|p2|Indeedee, L50, M|
|poke|p2|Tyranitar, L50, F|
|poke|p2|Ursaluna-Bloodmoon, L50, M|
|poke|p2|Electabuzz, L50, F|
|poke|p2|Talonflame, L50, M|
|teampreview|4
|showteam|p1|Ninetales||ChoiceSpecs|Drought|Overheat,Snarl,SolarBeam,HeatWave|||F|||50|,,,,,Grass]Venusaur||FocusSash|Chlorophyll|SolarBeam,EarthPower,SludgeBomb,Protect|||M|||50|,,,,,Grass]Jumpluff||CovertCloak|Chlorophyll|SleepPowder,Tailwind,RagePowder,SunnyDay|||F|||50|,,,,,Water]Charizard||LifeOrb|SolarPower|HeatWave,AirSlash,DragonPulse,Protect|||M|||50|,,,,,Dragon]Arcanine-Hisui||ClearAmulet|RockHead|FlareBlitz,WildCharge,HeadSmash,Protect|||M|||50|,,,,,Grass]Typhlosion-Hisui||ChoiceScarf|Blaze|Eruption,HeatWave,ShadowBall,Overheat|||M|||50|,,,,,Fire
|showteam|p2|Sneasler||PsychicSeed|Unburden|DireClaw,CloseCombat,ThroatChop,Protect|||F|||50|,,,,,Dark]Indeedee||FocusSash|PsychicSurge|ExpandingForce,TeraBlast,Protect,TrickRoom|||M|||50|,,,,,Fighting]Tyranitar||AssaultVest|SandStream|RockSlide,KnockOff,LowKick,TeraBlast|||F|||50|,,,,,Flying]Ursaluna-Bloodmoon||LifeOrb|MindsEye|BloodMoon,HyperVoice,EarthPower,Protect|||M|||50|,,,,,Normal]Electabuzz||Eviolite|VitalSpirit|Electroweb,FollowMe,Taunt,Protect|||F|||50|,,,,,Dragon]Talonflame||CovertCloak|GaleWings|DualWingbeat,FlareBlitz,Tailwind,WillOWisp|||M|||50|,,,,,Fairy
|inactive|Battle timer is ON: inactive players will automatically lose when time's up. (requested by nocturnallynoct)
|inactive|Tedi2002 has 60 seconds left.
|inactive|nocturnallynoct has 60 seconds left.
|
|t:|1756318290
|teamsize|p1|4
|teamsize|p2|4
|start
|switch|p1a: Typhlosion|Typhlosion-Hisui, L50, M|100/100
|switch|p1b: Jumpluff|Jumpluff, L50, F|100/100
|switch|p2a: Talonflame|Talonflame, L50, M|100/100
|switch|p2b: Tyranitar|Tyranitar, L50, F|100/100
|-weather|Sandstorm|[from] ability: Sand Stream|[of] p2b: Tyranitar
|turn|1
|inactive|nocturnallynoct has 30 seconds left.
|
|t:|1756318317
|switch|p1a: Ninetales|Ninetales, L50, F|100/100
|-weather|SunnyDay|[from] ability: Drought|[of] p1a: Ninetales
|-terastallize|p1b: Jumpluff|Water
|move|p2a: Talonflame|Tailwind|p2a: Talonflame
|-sidestart|p2: nocturnallynoct|move: Tailwind
|move|p1b: Jumpluff|Sleep Powder|p2a: Talonflame
|-status|p2a: Talonflame|slp|[from] move: Sleep Powder
|move|p2b: Tyranitar|Rock Slide|p1a: Ninetales|[spread] p1a
|-miss|p2b: Tyranitar|p1b: Jumpluff
|-supereffective|p1a: Ninetales
|-damage|p1a: Ninetales|3/100
|
|-weather|SunnyDay|[upkeep]
|upkeep
|turn|2
|inactive|Tedi2002 has 30 seconds left.
|inactive|nocturnallynoct has 30 seconds left.
|
|t:|1756318345
|switch|p2a: Sneasler|Sneasler, L50, F|100/100
|move|p1b: Jumpluff|Sleep Powder|p2b: Tyranitar
|-status|p2b: Tyranitar|slp|[from] move: Sleep Powder
|cant|p2b: Tyranitar|slp
|move|p1a: Ninetales|Solar Beam||[still]
|-prepare|p1a: Ninetales|Solar Beam
|-anim|p1a: Ninetales|Solar Beam|p2b: Tyranitar
|-supereffective|p2b: Tyranitar
|-damage|p2b: Tyranitar|36/100 slp
|
|-weather|SunnyDay|[upkeep]
|upkeep
|turn|3
|inactive|nocturnallynoct has 30 seconds left.
|inactive|nocturnallynoct has 20 seconds left.
|inactive|nocturnallynoct has 15 seconds left.
|inactive|nocturnallynoct has 10 seconds left.
|inactive|nocturnallynoct has 5 seconds left.
|
|t:|1756318398
|switch|p2b: Talonflame|Talonflame, L50, M|100/100 slp
|move|p1b: Jumpluff|Sleep Powder|p2a: Sneasler|[miss]
|-miss|p1b: Jumpluff|p2a: Sneasler
|move|p2a: Sneasler|Close Combat|p1b: Jumpluff
|-damage|p1b: Jumpluff|10/100
|-unboost|p2a: Sneasler|def|1
|-unboost|p2a: Sneasler|spd|1
|move|p1a: Ninetales|Solar Beam||[still]
|-prepare|p1a: Ninetales|Solar Beam
|-anim|p1a: Ninetales|Solar Beam|p2b: Talonflame
|-resisted|p2b: Talonflame
|-damage|p2b: Talonflame|84/100 slp
|
|-weather|SunnyDay|[upkeep]
|upkeep
|turn|4
|inactive|nocturnallynoct has 30 seconds left.
|
|t:|1756318426
|switch|p2b: Indeedee|Indeedee, L50, M|100/100
|-fieldstart|move: Psychic Terrain|[from] ability: Psychic Surge|[of] p2b: Indeedee
|-enditem|p2a: Sneasler|Psychic Seed
|-boost|p2a: Sneasler|spd|1|[from] item: Psychic Seed
|switch|p1a: Typhlosion|Typhlosion-Hisui, L50, M|100/100
|move|p2a: Sneasler|Dire Claw|p1b: Jumpluff
|-damage|p1b: Jumpluff|0 fnt
|faint|p1b: Jumpluff
|
|-weather|SunnyDay|[upkeep]
|-sideend|p2: nocturnallynoct|move: Tailwind
|upkeep
|
|t:|1756318441
|switch|p1b: Venusaur|Venusaur, L50, M|100/100
|turn|5
|
|t:|1756318463
|switch|p2b: Tyranitar|Tyranitar, L50, F|36/100 slp
|-weather|Sandstorm|[from] ability: Sand Stream|[of] p2b: Tyranitar
|-terastallize|p2a: Sneasler|Dark
|move|p2a: Sneasler|Throat Chop|p1a: Typhlosion
|-supereffective|p1a: Typhlosion
|-damage|p1a: Typhlosion|0 fnt
|faint|p1a: Typhlosion
|move|p1b: Venusaur|Earth Power|p2a: Sneasler
|-damage|p2a: Sneasler|60/100
|
|-weather|Sandstorm|[upkeep]
|-damage|p2a: Sneasler|54/100|[from] Sandstorm
|-damage|p1b: Venusaur|95/100|[from] Sandstorm
|upkeep
|
|t:|1756318471
|switch|p1a: Ninetales|Ninetales, L50, F|3/100
|-weather|SunnyDay|[from] ability: Drought|[of] p1a: Ninetales
|turn|6
|
|t:|1756318484
|switch|p2b: Talonflame|Talonflame, L50, M|84/100 slp
|move|p2a: Sneasler|Dire Claw|p1a: Ninetales
|-damage|p1a: Ninetales|0 fnt
|faint|p1a: Ninetales
|move|p1b: Venusaur|Solar Beam||[still]
|-prepare|p1b: Venusaur|Solar Beam
|-anim|p1b: Venusaur|Solar Beam|p2b: Talonflame
|-resisted|p2b: Talonflame
|-damage|p2b: Talonflame|63/100 slp
|
|-weather|SunnyDay|[upkeep]
|upkeep
|turn|7
|
|t:|1756318500
|switch|p2a: Tyranitar|Tyranitar, L50, F|36/100 slp
|-weather|Sandstorm|[from] ability: Sand Stream|[of] p2a: Tyranitar
|cant|p2b: Talonflame|slp
|move|p1b: Venusaur|Sludge Bomb|p2a: Tyranitar
|-resisted|p2a: Tyranitar
|-damage|p2a: Tyranitar|26/100 slp
|
|-weather|Sandstorm|[upkeep]
|-damage|p2b: Talonflame|57/100 slp|[from] Sandstorm
|-damage|p1b: Venusaur|89/100|[from] Sandstorm
|upkeep
|turn|8
|-message|Tedi2002 forfeited.
|
|win|nocturnallynoct
|raw|Tedi2002's rating: 1154 → 1126(-28 for losing)
|raw|nocturnallynoct's rating: 1112 → 1140(+28 for winning)
|l|☆Tedi2002
|player|p1|
