|j|☆Luzeleah
|j|☆magicalarcher57
|html|Luzeleahmagicalarcher57    
|uhtml|bestof|Game 3 of a best-of-3
|t:|1756304709
|gametype|doubles
|player|p1|Luzeleah|lacey|
|player|p2|magicalarcher57|cynthia|
|gen|9
|tier|[Gen 9] VGC 2025 Reg H (Bo3)
|rule|Species Clause: Limit one of each Pokémon
|rule|Item Clause: Limit 1 of each item
|clearpoke
|poke|p1|Spewpa, L50, F|
|poke|p1|Dragonite, L50, F|
|poke|p1|Incineroar, L50, F|
|poke|p1|Ursaluna-Bloodmoon, L50, M|
|poke|p1|Amoonguss, L50, F|
|poke|p1|Gholdengo, L50|
|poke|p2|Gholdengo, L50|
|poke|p2|Garchomp, L50, M|
|poke|p2|Talonflame, L50, M|
|poke|p2|Rillaboom, L50, F|
|poke|p2|Primarina, L50, M|
|poke|p2|Amoonguss, L50, M|
|teampreview|4
|showteam|p1|Spewpa||Eviolite|FriendGuard|StruggleBug,RagePowder,StringShot,Protect|||F|||50|,,,,,Dark]Dragonite||LoadedDice|Multiscale|ScaleShot,ExtremeSpeed,Tailwind,Protect|||F|||50|,,,,,Fairy]Incineroar||SafetyGoggles|Intimidate|FakeOut,FlareBlitz,KnockOff,PartingShot|||F|||50|,,,,,Bug]Ursaluna-Bloodmoon||AssaultVest|MindsEye|HyperVoice,BloodMoon,EarthPower,VacuumWave|||M|||50|,,,,,Normal]Amoonguss||RockyHelmet|Regenerator|PollenPuff,ClearSmog,Spore,RagePowder|||F|||50|,,,,,Water]Gholdengo||LifeOrb|GoodasGold|MakeItRain,ShadowBall,NastyPlot,Protect||||||50|,,,,,Water
|showteam|p2|Gholdengo||ChoiceSpecs|GoodasGold|MakeItRain,PowerGem,ShadowBall,Trick||||||50|,,,,,Steel]Garchomp||LifeOrb|RoughSkin|Earthquake,StompingTantrum,Protect,DragonClaw|||M|||50|,,,,,Steel]Talonflame||CovertCloak|GaleWings|Tailwind,Taunt,BraveBird,WillOWisp|||M|||50|,,,,,Grass]Rillaboom||AssaultVest|GrassySurge|FakeOut,HighHorsepower,WoodHammer,GrassyGlide|||F|||50|,,,,,Fire]Primarina||ThroatSpray|LiquidVoice|Haze,HyperVoice,Moonblast,Protect|||M|||50|,,,,,Poison]Amoonguss||SitrusBerry|Regenerator|Spore,RagePowder,PollenPuff,Protect|||M|||50|,,,,,Water
|
|t:|1756304775
|teamsize|p1|4
|teamsize|p2|4
|start
|switch|p1a: Incineroar|Incineroar, L50, F|100/100
|switch|p1b: Gholdengo|Gholdengo, L50|100/100
|switch|p2a: Penelope|Gholdengo, L50|100/100
|switch|p2b: Polyphemus|Rillaboom, L50, F|100/100
|-fieldstart|move: Grassy Terrain|[from] ability: Grassy Surge|[of] p2b: Polyphemus
|-ability|p1a: Incineroar|Intimidate|boost
|-unboost|p2a: Penelope|atk|1
|-unboost|p2b: Polyphemus|atk|1
|turn|1
|
|t:|1756304821
|-terastallize|p2a: Penelope|Steel
|move|p1b: Gholdengo|Protect|p1b: Gholdengo
|-singleturn|p1b: Gholdengo|Protect
|move|p2a: Penelope|Make It Rain|p1b: Gholdengo|[spread] p1a
|-activate|p1b: Gholdengo|move: Protect
|-resisted|p1a: Incineroar
|-damage|p1a: Incineroar|55/100
|-unboost|p2a: Penelope|spa|1
|move|p2b: Polyphemus|High Horsepower|p1b: Gholdengo
|-activate|p1b: Gholdengo|move: Protect
|move|p1a: Incineroar|Flare Blitz|p2a: Penelope
|-supereffective|p2a: Penelope
|-damage|p2a: Penelope|0 fnt
|faint|p2a: Penelope
|-damage|p1a: Incineroar|28/100|[from] Recoil
|
|-heal|p1a: Incineroar|34/100|[from] Grassy Terrain
|upkeep
|
|t:|1756304836
|switch|p2a: Athena|Garchomp, L50, M|100/100
|turn|2
|
|t:|1756304858
|switch|p1a: Amoonguss|Amoonguss, L50, F|100/100
|-terastallize|p1b: Gholdengo|Water
|move|p2a: Athena|Stomping Tantrum|p1a: Amoonguss
|-damage|p1a: Amoonguss|62/100
|-damage|p2a: Athena|84/100|[from] item: Rocky Helmet|[of] p1a: Amoonguss
|-damage|p2a: Athena|74/100|[from] item: Life Orb
|move|p1b: Gholdengo|Nasty Plot|p1b: Gholdengo
|-boost|p1b: Gholdengo|spa|2
|move|p2b: Polyphemus|Wood Hammer|p1b: Gholdengo
|-supereffective|p1b: Gholdengo
|-damage|p1b: Gholdengo|0 fnt
|faint|p1b: Gholdengo
|-damage|p2b: Polyphemus|69/100|[from] Recoil
|
|-heal|p2a: Athena|80/100|[from] Grassy Terrain
|-heal|p2b: Polyphemus|75/100|[from] Grassy Terrain
|-heal|p1a: Amoonguss|67/100|[from] Grassy Terrain
|upkeep
|
|t:|1756304885
|switch|p1b: Incineroar|Incineroar, L50, F|34/100
|-ability|p1b: Incineroar|Intimidate|boost
|-unboost|p2a: Athena|atk|1
|-unboost|p2b: Polyphemus|atk|1
|turn|3
|
|t:|1756304959
|switch|p2a: Odysseus|Talonflame, L50, M|100/100
|move|p1a: Amoonguss|Rage Powder|p1a: Amoonguss
|-singleturn|p1a: Amoonguss|move: Rage Powder
|move|p2b: Polyphemus|High Horsepower|p1b: Incineroar
|-supereffective|p1b: Incineroar
|-damage|p1b: Incineroar|7/100
|move|p1b: Incineroar|Flare Blitz|p2b: Polyphemus
|-supereffective|p2b: Polyphemus
|-damage|p2b: Polyphemus|0 fnt
|faint|p2b: Polyphemus
|-damage|p1b: Incineroar|0 fnt|[from] Recoil
|faint|p1b: Incineroar
|
|-heal|p1a: Amoonguss|73/100|[from] Grassy Terrain
|upkeep
|
|t:|1756304972
|switch|p2b: Athena|Garchomp, L50, M|80/100
|switch|p1b: Dragonite|Dragonite, L50, F|100/100
|turn|4
|
|t:|1756305007
|move|p1a: Amoonguss|Rage Powder|p1a: Amoonguss
|-singleturn|p1a: Amoonguss|move: Rage Powder
|move|p2a: Odysseus|Brave Bird|p1a: Amoonguss
|-supereffective|p1a: Amoonguss
|-crit|p1a: Amoonguss
|-damage|p1a: Amoonguss|0 fnt
|-damage|p2a: Odysseus|84/100|[from] item: Rocky Helmet|[of] p1a: Amoonguss
|faint|p1a: Amoonguss
|-damage|p2a: Odysseus|50/100|[from] Recoil
|move|p2b: Athena|Dragon Claw|p1b: Dragonite
|-supereffective|p1b: Dragonite
|-damage|p1b: Dragonite|49/100
|-damage|p2b: Athena|70/100|[from] item: Life Orb
|move|p1b: Dragonite|Scale Shot|p2b: Athena
|-supereffective|p2b: Athena
|-damage|p2b: Athena|38/100
|-supereffective|p2b: Athena
|-damage|p2b: Athena|7/100
|-supereffective|p2b: Athena
|-damage|p2b: Athena|0 fnt
|faint|p2b: Athena
|-hitcount|p2: Athena|3
|-unboost|p1b: Dragonite|def|1
|-boost|p1b: Dragonite|spe|1
|
|upkeep
|turn|5
|c|☆magicalarcher57|gg
|
|t:|1756305040
|move|p1b: Dragonite|Extreme Speed|p2a: Odysseus
|-damage|p2a: Odysseus|5/100
|move|p2a: Odysseus|Brave Bird|p1b: Dragonite
|-damage|p1b: Dragonite|0 fnt
|faint|p1b: Dragonite
|-damage|p2a: Odysseus|0 fnt|[from] Recoil
|faint|p2a: Odysseus
|
|win|magicalarcher57
|c|☆magicalarcher57|HUH
|c|☆Luzeleah|gg
|c|☆magicalarcher57|why >_<
|c|☆magicalarcher57|gg >_<
|c|☆Luzeleah|i thought my dragobite wasnt gonna be faster so i made the bad decision to gamble lol
|c|☆magicalarcher57|your +1
|c|☆magicalarcher57|i think u outspeed even max talon no?
|c|☆magicalarcher57|!math 131*1.5
|c| magicalarcher57|/raw 131*1.5= 196.5
|c|☆Luzeleah|my dnite isnt max speed so it was like 175 speed
|c|☆magicalarcher57|ohhh
|c|☆magicalarcher57|gg
|c|☆Luzeleah|gg
|l|☆magicalarcher57
|player|p2|
