|j|☆jimbo13
|j|☆saltylilmoth
|html|jimbo13saltylilmoth    
|uhtml|bestof|Game 2 of a best-of-3
|t:|1783726301
|gametype|doubles
|player|p1|jimbo13|grimsley|
|player|p2|saltylilmoth|roxie|
|gen|9
|tier|[Gen 9 Champions] VGC 2026 Reg M-B (Bo3)
|rule|Species Clause: Limit one of each Pokémon
|rule|Item Clause: Limit 1 of each item
|clearpoke
|poke|p1|Spiritomb, L50, M|
|poke|p1|Snorlax, L50, M|
|poke|p1|Torkoal, L50, F|
|poke|p1|Grimmsnarl, L50, M|
|poke|p1|Typhlosion-Hisui, L50, M|
|poke|p1|Chandelure, L50, M|
|poke|p2|Raichu, L50, M|
|poke|p2|Mimikyu, L50, M|
|poke|p2|Dedenne, L50, M|
|poke|p2|Morpeko, L50, M|
|poke|p2|Emolga, L50, M|
|poke|p2|Pikachu, L50, F|
|teampreview|4
|showteam|p1|Spiritomb||SpellTag|Infiltrator|Hex,WillOWisp,TrickRoom,PainSplit|Quiet||M|||50|]Snorlax||ChestoBerry|ThickFat|BodySlam,Earthquake,Rest,SupercellSlam|Brave||M|||50|]Torkoal||SitrusBerry|Drought|Eruption,Protect,SolarBeam,WillOWisp|Quiet||F|||50|]Grimmsnarl||LightClay|Prankster|SpiritBreak,PartingShot,Reflect,LightScreen|Sassy||M|||50|]Typhlosion-Hisui||ExpertBelt|Frisk|Eruption,SolarBeam,InfernalParade,Protect|Quiet||M|||50|]Chandelure||Chandelurite|Infiltrator|HeatWave,ShadowBall,Protect,TrickRoom|Quiet||M|||50|
|showteam|p2|Raichu||RaichuniteX|Static|VoltTackle,IronTail,Protect,Trailblaze|Adamant||M|||50|]Mimikyu||Leftovers|Disguise|LeechLife,Taunt,DestinyBond,ShadowSneak|Careful||M|||50|]Dedenne||SitrusBerry|CheekPouch|RainDance,Thunder,TearfulLook,DrainingKiss|Timid||M|||50|]Morpeko||KingsRock|HungerSwitch|AuraWheel,KnockOff,BrickBreak,BulletSeed|Jolly||M|||50|]Emolga||ChoiceScarf|MotorDrive|ElectroBall,AirSlash,VoltSwitch,EnergyBall|Timid||M|||50|]Pikachu||LightBall|Static|Surf,RisingVoltage,DrainingKiss,FakeOut|Timid||F|||50|
|
|t:|1783726350
|teamsize|p1|4
|teamsize|p2|4
|start
|switch|p1a: Tumble|Spiritomb, L50, M|100/100
|switch|p1b: Fuego|Torkoal, L50, F|100/100
|switch|p2a: McQueen|Emolga, L50, M|100/100
|switch|p2b: Pikachud|Pikachu, L50, F|100/100
|-weather|SunnyDay|[from] ability: Drought|[of] p1b: Fuego
|turn|1
|
|t:|1783726379
|move|p1b: Fuego|Protect|p1b: Fuego
|-singleturn|p1b: Fuego|Protect
|move|p2b: Pikachud|Fake Out|p1b: Fuego
|-activate|p1b: Fuego|move: Protect
|move|p2a: McQueen|Volt Switch|p1b: Fuego
|-activate|p1b: Fuego|move: Protect
|move|p1a: Tumble|Trick Room|p1a: Tumble
|-fieldstart|move: Trick Room|[of] p1a: Tumble
|
|-weather|SunnyDay|[upkeep]
|upkeep
|turn|2
|
|t:|1783726405
|switch|p2a: Temu|Mimikyu, L50, M|100/100
|move|p1b: Fuego|Eruption|p2b: Pikachud|[spread] p2a,p2b
|-activate|p2a: Temu|ability: Disguise
|-damage|p2a: Temu|100/100
|-damage|p2b: Pikachud|0 fnt
|detailschange|p2a: Temu|Mimikyu-Busted, L50, M
|-damage|p2a: Temu|87/100|[from] pokemon: Mimikyu-Busted
|faint|p2b: Pikachud
|move|p1a: Tumble|Hex|p2a: Temu
|-supereffective|p2a: Temu|1
|-damage|p2a: Temu|28/100
|
|-weather|SunnyDay|[upkeep]
|-heal|p2a: Temu|34/100|[from] item: Leftovers
|upkeep
|
|t:|1783726426
|switch|p2b: Biggie Cheese|Raichu, L50, M|100/100
|turn|3
|
|t:|1783726474
|move|p1b: Fuego|Protect|p1b: Fuego
|-singleturn|p1b: Fuego|Protect
|move|p2a: Temu|Shadow Sneak|p1b: Fuego
|-activate|p1b: Fuego|move: Protect
|move|p1a: Tumble|Hex|p2a: Temu
|-supereffective|p2a: Temu|1
|-damage|p2a: Temu|0 fnt
|faint|p2a: Temu
|move|p2b: Biggie Cheese|Volt Tackle|p1a: Tumble
|-damage|p1a: Tumble|36/100
|-damage|p2b: Biggie Cheese|81/100|[from] Recoil
|
|-weather|SunnyDay|[upkeep]
|upkeep
|
|t:|1783726487
|switch|p2a: McQueen|Emolga, L50, M|100/100
|turn|4
|
|t:|1783726509
|detailschange|p2b: Biggie Cheese|Raichu-Mega-X, L50, M
|-mega|p2b: Biggie Cheese|Raichu|Raichunite X
|-fieldstart|move: Electric Terrain|[from] ability: Electric Surge|[of] p2b: Biggie Cheese
|move|p2b: Biggie Cheese|Protect|p2b: Biggie Cheese
|-singleturn|p2b: Biggie Cheese|Protect
|move|p1b: Fuego|Eruption|p2b: Biggie Cheese|[spread] p2a
|-activate|p2b: Biggie Cheese|move: Protect
|-damage|p2a: McQueen|0 fnt
|faint|p2a: McQueen
|move|p1a: Tumble|Hex|p2b: Biggie Cheese
|-activate|p2b: Biggie Cheese|move: Protect
|
|-weather|SunnyDay|[upkeep]
|upkeep
|turn|5
|
|t:|1783726523
|move|p2b: Biggie Cheese|Protect||[still]
|-fail|p2b: Biggie Cheese
|move|p1b: Fuego|Eruption|p2b: Biggie Cheese
|-damage|p2b: Biggie Cheese|0 fnt
|faint|p2b: Biggie Cheese
|
|win|jimbo13
