|j|☆hondo civic
|j|☆Daniw9
|html|hondo civicDaniw9    
|uhtml|bestof|Game 2 of a best-of-3
|t:|1756581632
|gametype|doubles
|player|p1|hondo civic|2|1299
|player|p2|Daniw9|266|1295
|gen|9
|tier|[Gen 9] VGC 2025 Reg H (Bo3)
|rated|
|rule|Species Clause: Limit one of each Pokémon
|rule|Item Clause: Limit 1 of each item
|clearpoke
|poke|p1|Ninetales-Alola, L50, F|
|poke|p1|Rillaboom, L50, M|
|poke|p1|Magmar, L50, F|
|poke|p1|Sneasler, L50, M|
|poke|p1|Kingambit, L50, F|
|poke|p1|Basculegion, L50, M|
|poke|p2|Garchomp, L50, M|
|poke|p2|Tyranitar, L50, F|
|poke|p2|Delphox, L50, F|
|poke|p2|Indeedee-F, L50, F|
|poke|p2|Gallade, L50, M|
|poke|p2|Whimsicott, L50, F|
|teampreview|4
|showteam|p1|Ninetales-Alola||LifeOrb|SnowWarning|Blizzard,FreezeDry,Encore,Protect|||F|||50|,,,,,Ghost]Rillaboom||AssaultVest|GrassySurge|WoodHammer,FakeOut,Uturn,GrassyGlide|||M|||50|,,,,,Ghost]Magmar||Eviolite|VitalSpirit|Protect,HeatWave,Taunt,FollowMe|||F|||50|,,,,,Ghost]Sneasler||FocusSash|PoisonTouch|FakeOut,DireClaw,CloseCombat,Protect|||M|||50|,,,,,Ghost]Kingambit||BlackGlasses|Defiant|KowtowCleave,SwordsDance,SuckerPunch,Protect|||F|||50|,,,,,Fire]Basculegion||ChoiceScarf|Adaptability|WaveCrash,FlipTurn,TeraBlast,LastRespects|||M|||50|,,,,,Fairy
|showteam|p2|Garchomp||LifeOrb|SandVeil|Earthquake,StompingTantrum,Protect,DragonClaw|||M|||50|,,,,,Steel]Tyranitar||AssaultVest|SandStream|RockSlide,TeraBlast,KnockOff,LowKick|||F|||50|,,,,,Flying]Delphox||PsychicSeed|Magician|ExpandingForce,HeatWave,NastyPlot,Protect|||F|||50|,,,,,Fairy]Indeedee-F||SafetyGoggles|PsychicSurge|DazzlingGleam,TrickRoom,FollowMe,HelpingHand|||F|||50|,,,,,Water]Gallade||ClearAmulet|Sharpness|SacredSword,PsychoCut,TrickRoom,Protect|||M|||50|,,,,,Grass]Whimsicott||CovertCloak|Prankster|Moonblast,Tailwind,Encore,Protect|||F|||50|,,,,,Ghost
|inactive|Battle timer is ON: inactive players will automatically lose when time's up. (requested by hondo civic)
|
|t:|1756581648
|teamsize|p1|4
|teamsize|p2|4
|start
|switch|p1a: Kingambit|Kingambit, L50, F, shiny|100/100
|switch|p1b: Sneasler|Sneasler, L50, M|100/100
|switch|p2a: Indeedee|Indeedee-F, L50, F|100/100
|switch|p2b: Delphox|Delphox, L50, F|100/100
|-fieldstart|move: Psychic Terrain|[from] ability: Psychic Surge|[of] p2a: Indeedee
|-enditem|p2b: Delphox|Psychic Seed
|-boost|p2b: Delphox|spd|1|[from] item: Psychic Seed
|turn|1
|inactive|hondo civic has 30 seconds left.
|
|t:|1756581677
|switch|p1a: Rillaboom|Rillaboom, L50, M|100/100
|-fieldstart|move: Grassy Terrain|[from] ability: Grassy Surge|[of] p1a: Rillaboom
|move|p1b: Sneasler|Fake Out|p2b: Delphox
|-damage|p2b: Delphox|79/100
|move|p2a: Indeedee|Follow Me|p2a: Indeedee
|-singleturn|p2a: Indeedee|move: Follow Me
|cant|p2b: Delphox|flinch
|
|-heal|p2b: Delphox|85/100|[from] Grassy Terrain
|upkeep
|turn|2
|
|t:|1756581687
|switch|p2a: Whimsicott|Whimsicott, L50, F|100/100
|move|p2b: Delphox|Protect|p2b: Delphox
|-singleturn|p2b: Delphox|Protect
|move|p1b: Sneasler|Close Combat|p2a: Whimsicott
|-resisted|p2a: Whimsicott
|-damage|p2a: Whimsicott|60/100
|-unboost|p1b: Sneasler|def|1
|-unboost|p1b: Sneasler|spd|1
|move|p1a: Rillaboom|U-turn|p2a: Whimsicott
|-damage|p2a: Whimsicott|29/100
|
|t:|1756581696
|switch|p1a: Magmar|Magmar, L50, F|100/100|[from] U-turn
|
|-heal|p2a: Whimsicott|35/100|[from] Grassy Terrain
|-heal|p2b: Delphox|91/100|[from] Grassy Terrain
|upkeep
|turn|3
|
|t:|1756581714
|switch|p2a: Indeedee|Indeedee-F, L50, F|100/100
|-fieldstart|move: Psychic Terrain|[from] ability: Psychic Surge|[of] p2a: Indeedee
|move|p1b: Sneasler|Dire Claw|p2b: Delphox
|-damage|p2b: Delphox|27/100
|-status|p2b: Delphox|psn
|move|p2b: Delphox|Expanding Force|p1a: Magmar|[spread] p1a,p1b
|-supereffective|p1b: Sneasler
|-damage|p1a: Magmar|52/100
|-enditem|p1b: Sneasler|Focus Sash
|-damage|p1b: Sneasler|1/100
|-item|p2b: Delphox|Eviolite|[from] ability: Magician|[of] p1a: Magmar
|move|p1a: Magmar|Heat Wave|p2b: Delphox|[spread] p2a,p2b
|-resisted|p2b: Delphox
|-damage|p2a: Indeedee|75/100
|-damage|p2b: Delphox|18/100 psn
|
|-damage|p2b: Delphox|6/100 psn|[from] psn
|upkeep
|turn|4
|
|t:|1756581738
|move|p1b: Sneasler|Protect|p1b: Sneasler
|-singleturn|p1b: Sneasler|Protect
|move|p1a: Magmar|Protect|p1a: Magmar
|-singleturn|p1a: Magmar|Protect
|move|p2a: Indeedee|Follow Me|p2a: Indeedee
|-singleturn|p2a: Indeedee|move: Follow Me
|move|p2b: Delphox|Heat Wave|p1a: Magmar|[spread] 
|-activate|p1a: Magmar|move: Protect
|-activate|p1b: Sneasler|move: Protect
|
|-damage|p2b: Delphox|0 fnt|[from] psn
|faint|p2b: Delphox
|upkeep
|
|t:|1756581743
|switch|p2b: Whimsicott|Whimsicott, L50, F|35/100
|turn|5
|
|t:|1756581751
|move|p2b: Whimsicott|Tailwind|p2b: Whimsicott
|-sidestart|p2: Daniw9|move: Tailwind
|move|p1b: Sneasler|Close Combat|p2a: Indeedee
|-damage|p2a: Indeedee|12/100
|-unboost|p1b: Sneasler|def|1
|-unboost|p1b: Sneasler|spd|1
|-status|p2a: Indeedee|psn|[from] ability: Poison Touch|[of] p1b: Sneasler
|move|p2a: Indeedee|Dazzling Gleam|p1a: Magmar|[spread] p1a,p1b
|-resisted|p1a: Magmar
|-damage|p1a: Magmar|45/100
|-damage|p1b: Sneasler|0 fnt
|faint|p1b: Sneasler
|move|p1a: Magmar|Heat Wave|p2b: Whimsicott|[spread] p2a
|-miss|p1a: Magmar|p2b: Whimsicott
|-damage|p2a: Indeedee|0 fnt
|faint|p2a: Indeedee
|
|upkeep
|
|t:|1756581761
|switch|p1b: Kingambit|Kingambit, L50, F, shiny|100/100
|switch|p2a: Tyranitar|Tyranitar, L50, F|100/100
|-weather|Sandstorm|[from] ability: Sand Stream|[of] p2a: Tyranitar
|turn|6
|
|t:|1756581780
|switch|p1a: Rillaboom|Rillaboom, L50, M|100/100
|-fieldstart|move: Grassy Terrain|[from] ability: Grassy Surge|[of] p1a: Rillaboom
|move|p1b: Kingambit|Protect|p1b: Kingambit
|-singleturn|p1b: Kingambit|Protect
|move|p2b: Whimsicott|Moonblast|p1b: Kingambit
|-activate|p1b: Kingambit|move: Protect
|move|p2a: Tyranitar|Low Kick|p1b: Kingambit
|-activate|p1b: Kingambit|move: Protect
|
|-weather|Sandstorm|[upkeep]
|-damage|p2b: Whimsicott|29/100|[from] Sandstorm
|-damage|p1a: Rillaboom|95/100|[from] Sandstorm
|-heal|p2b: Whimsicott|35/100|[from] Grassy Terrain
|-heal|p1a: Rillaboom|100/100|[from] Grassy Terrain
|upkeep
|turn|7
|
|t:|1756581793
|move|p1a: Rillaboom|Fake Out|p2a: Tyranitar
|-resisted|p2a: Tyranitar
|-damage|p2a: Tyranitar|95/100
|move|p2b: Whimsicott|Encore|p1a: Rillaboom
|-start|p1a: Rillaboom|Encore
|cant|p2a: Tyranitar|flinch
|move|p1b: Kingambit|Swords Dance|p1b: Kingambit
|-boost|p1b: Kingambit|atk|2
|
|-weather|Sandstorm|[upkeep]
|-damage|p2b: Whimsicott|29/100|[from] Sandstorm
|-damage|p1a: Rillaboom|95/100|[from] Sandstorm
|-heal|p2b: Whimsicott|35/100|[from] Grassy Terrain
|-heal|p2a: Tyranitar|100/100|[from] Grassy Terrain
|-heal|p1a: Rillaboom|100/100|[from] Grassy Terrain
|upkeep
|turn|8
|
|t:|1756581805
|switch|p1a: Magmar|Magmar, L50, F|45/100
|move|p1b: Kingambit|Protect|p1b: Kingambit
|-singleturn|p1b: Kingambit|Protect
|move|p2b: Whimsicott|Encore|p1b: Kingambit
|-activate|p1b: Kingambit|move: Protect
|move|p2a: Tyranitar|Low Kick|p1b: Kingambit
|-activate|p1b: Kingambit|move: Protect
|
|-weather|Sandstorm|[upkeep]
|-damage|p2b: Whimsicott|29/100|[from] Sandstorm
|-damage|p1a: Magmar|39/100|[from] Sandstorm
|-heal|p2b: Whimsicott|35/100|[from] Grassy Terrain
|-heal|p1a: Magmar|45/100|[from] Grassy Terrain
|-sideend|p2: Daniw9|move: Tailwind
|upkeep
|turn|9
|
|t:|1756581817
|move|p2b: Whimsicott|Protect|p2b: Whimsicott
|-singleturn|p2b: Whimsicott|Protect
|move|p1a: Magmar|Follow Me|p1a: Magmar
|-singleturn|p1a: Magmar|move: Follow Me
|move|p2a: Tyranitar|Rock Slide|p1b: Kingambit|[spread] p1a,p1b
|-supereffective|p1a: Magmar
|-resisted|p1b: Kingambit
|-damage|p1a: Magmar|0 fnt
|-damage|p1b: Kingambit|88/100
|faint|p1a: Magmar
|cant|p1b: Kingambit|flinch
|
|-weather|Sandstorm|[upkeep]
|-damage|p2b: Whimsicott|29/100|[from] Sandstorm
|-heal|p2b: Whimsicott|35/100|[from] Grassy Terrain
|-heal|p1b: Kingambit|94/100|[from] Grassy Terrain
|upkeep
|
|t:|1756581823
|switch|p1a: Rillaboom|Rillaboom, L50, M|100/100
|turn|10
|
|t:|1756581845
|-terastallize|p2a: Tyranitar|Flying
|-terastallize|p1b: Kingambit|Fire
|move|p2b: Whimsicott|Encore|p1b: Kingambit
|-start|p1b: Kingambit|Encore
|move|p1a: Rillaboom|Grassy Glide|p2a: Tyranitar
|-resisted|p2a: Tyranitar
|-damage|p2a: Tyranitar|87/100
|move|p1b: Kingambit|Protect|p1b: Kingambit
|-singleturn|p1b: Kingambit|Protect
|move|p2a: Tyranitar|Low Kick|p1b: Kingambit
|-activate|p1b: Kingambit|move: Protect
|
|-weather|none
|-heal|p2b: Whimsicott|41/100|[from] Grassy Terrain
|-heal|p1b: Kingambit|99/100|[from] Grassy Terrain
|-fieldend|move: Grassy Terrain
|upkeep
|turn|11
|
|t:|1756581861
|move|p1b: Kingambit|Protect||[still]
|-fail|p1b: Kingambit
|move|p2b: Whimsicott|Moonblast|p1a: Rillaboom
|-damage|p1a: Rillaboom|83/100
|move|p1a: Rillaboom|U-turn|p2b: Whimsicott
|-damage|p2b: Whimsicott|11/100
|move|p2a: Tyranitar|Tera Blast|p1a: Rillaboom|[anim] Tera Blast Flying
|-supereffective|p1a: Rillaboom
|-damage|p1a: Rillaboom|3/100
|
|upkeep
|turn|12
|
|t:|1756581872
|move|p1b: Kingambit|Protect|p1b: Kingambit
|-singleturn|p1b: Kingambit|Protect
|move|p2b: Whimsicott|Tailwind|p2b: Whimsicott
|-sidestart|p2: Daniw9|move: Tailwind
|move|p2a: Tyranitar|Rock Slide|p1a: Rillaboom|[spread] p1a
|-activate|p1b: Kingambit|move: Protect
|-damage|p1a: Rillaboom|0 fnt
|faint|p1a: Rillaboom
|
|-end|p1b: Kingambit|Encore
|upkeep
|turn|13
|-message|hondo civic forfeited.
|
|win|Daniw9
||hondo civic is ready for game 3.
||Daniw9 is ready for game 3.
|uhtml|next|Next: Game 3 of 3
|l|☆hondo civic
|player|p1|
