|j|☆szdavid
|j|☆Shnipe_Cizy
|html|szdavidShnipe_Cizy    
|uhtml|bestof|Game 2 of a best-of-3
|t:|1783538301
|gametype|doubles
|player|p1|szdavid|hilbert|
|player|p2|Shnipe_Cizy|blue-masters|
|gen|9
|tier|[Gen 9 Champions] VGC 2026 Reg M-B (Bo3)
|rule|Species Clause: Limit one of each Pokémon
|rule|Item Clause: Limit 1 of each item
|clearpoke
|poke|p1|Froslass, L50, F, shiny|
|poke|p1|Scovillain, L50, F|
|poke|p1|Lycanroc-Dusk, L50, F|
|poke|p1|Kingambit, L50, M|
|poke|p1|Basculegion, L50, M, shiny|
|poke|p1|Sneasler, L50, F|
|poke|p2|Basculegion, L50, M|
|poke|p2|Whimsicott, L50, M|
|poke|p2|Charizard, L50, F|
|poke|p2|Incineroar, L50, M|
|poke|p2|Floette-Eternal, L50, F|
|poke|p2|Garchomp, L50, F|
|teampreview|4
|showteam|p1|Froslass||Froslassite|CursedBody|Blizzard,Protect,AuroraVeil,ShadowBall|Modest||F|||50|]Scovillain||Scovillainite|Moody|Overheat,GigaDrain,RagePowder,Protect|Modest||F|||50|]Lycanroc-Dusk||FocusSash|ToughClaws|Protect,CloseCombat,Accelerock,RockSlide|Adamant||F|||50|]Kingambit||BlackGlasses|Defiant|SuckerPunch,KowtowCleave,Protect,SwordsDance|Adamant||M|||50|]Basculegion||SitrusBerry|Adaptability|Protect,AquaJet,LastRespects,WaveCrash|Adamant||M|||50|]Sneasler||WhiteHerb|Unburden|Protect,FakeOut,DireClaw,CloseCombat|Adamant||F|||50|
|showteam|p2|Basculegion||MysticWater|Adaptability|WaveCrash,LastRespects,AquaJet,Protect|Adamant||M|||50|]Whimsicott||FocusSash|Prankster|Moonblast,Tailwind,Encore,Protect|Timid||M|||50|]Charizard||CharizarditeY|SolarPower|HeatWave,WeatherBall,SolarBeam,Protect|Modest||F|||50|]Incineroar||SitrusBerry|Intimidate|FlareBlitz,DarkestLariat,PartingShot,FakeOut|Adamant||M|||50|]Floette-Eternal||Floettite|FlowerVeil|Moonblast,LightofRuin,DazzlingGleam,Protect|Modest||F|||50|]Garchomp||LifeOrb|RoughSkin|Earthquake,DragonClaw,RockSlide,Protect|Jolly||F|||50|
|inactive|Battle timer is ON: inactive players will automatically lose when time's up. (requested by Shnipe_Cizy)
|inactive|szdavid has 60 seconds left.
|
|t:|1783538382
|teamsize|p1|4
|teamsize|p2|4
|start
|switch|p1a: Sneasler|Sneasler, L50, F|100/100
|switch|p1b: Froslass|Froslass, L50, F, shiny|100/100
|switch|p2a: Whimsicott|Whimsicott, L50, M|100/100
|switch|p2b: Floette|Floette-Eternal, L50, F|100/100
|turn|1
|inactive|szdavid has 30 seconds left.
|
|t:|1783538413
|detailschange|p1b: Froslass|Froslass-Mega, L50, F, shiny
|-mega|p1b: Froslass|Froslass|Froslassite
|-weather|Snowscape|[from] ability: Snow Warning|[of] p1b: Froslass
|detailschange|p2b: Floette|Floette-Mega, L50, F
|-mega|p2b: Floette|Floette|Floettite
|-ability|p2b: Floette|Fairy Aura
|move|p1a: Sneasler|Fake Out|p2a: Whimsicott
|-damage|p2a: Whimsicott|78/100
|cant|p2a: Whimsicott|flinch
|move|p1b: Froslass|Aurora Veil|p1b: Froslass
|-sidestart|p1: szdavid|move: Aurora Veil
|move|p2b: Floette|Moonblast|p1a: Sneasler
|-damage|p1a: Sneasler|22/100
|
|-weather|Snowscape|[upkeep]
|upkeep
|turn|2
|inactive|szdavid has 30 seconds left.
|inactive|szdavid has 20 seconds left.
|
|t:|1783538450
|switch|p1a: Basculegion|Basculegion, L50, M, shiny|100/100
|move|p2a: Whimsicott|Encore|p1b: Froslass
|-start|p1b: Froslass|Encore
|move|p1b: Froslass|Aurora Veil||[still]
|-fail|p1b: Froslass
|move|p2b: Floette|Dazzling Gleam|p1b: Froslass|[spread] p1a,p1b
|-damage|p1a: Basculegion|69/100
|-damage|p1b: Froslass|64/100
|
|-weather|Snowscape|[upkeep]
|upkeep
|turn|3
|inactive|szdavid has 30 seconds left.
|inactive|Shnipe_Cizy has 30 seconds left.
|inactive|szdavid has 20 seconds left.
|inactive|Shnipe_Cizy has 20 seconds left.
|
|t:|1783538487
|switch|p1b: Sneasler|Sneasler, L50, F|22/100
|move|p2b: Floette|Protect|p2b: Floette
|-singleturn|p2b: Floette|Protect
|move|p1a: Basculegion|Protect|p1a: Basculegion
|-singleturn|p1a: Basculegion|Protect
|move|p2a: Whimsicott|Moonblast|p1a: Basculegion
|-activate|p1a: Basculegion|move: Protect
|
|-weather|Snowscape|[upkeep]
|upkeep
|turn|4
|inactive|szdavid has 30 seconds left.
|inactive|szdavid has 20 seconds left.
|inactive|szdavid has 15 seconds left.
|inactive|szdavid has 10 seconds left.
|inactive|szdavid has 5 seconds left.
|
|t:|1783538537
|move|p1b: Sneasler|Fake Out|p2a: Whimsicott
|-damage|p2a: Whimsicott|58/100
|cant|p2a: Whimsicott|flinch
|move|p2b: Floette|Dazzling Gleam|p1b: Sneasler|[spread] p1a,p1b
|-damage|p1a: Basculegion|39/100
|-damage|p1b: Sneasler|0 fnt
|-enditem|p1a: Basculegion|Sitrus Berry|[eat]
|-heal|p1a: Basculegion|64/100|[from] item: Sitrus Berry
|faint|p1b: Sneasler
|move|p1a: Basculegion|Wave Crash|p2b: Floette
|-damage|p2b: Floette|3/100
|-damage|p1a: Basculegion|39/100|[from] Recoil
|
|-weather|Snowscape|[upkeep]
|upkeep
|
|t:|1783538560
|switch|p1b: Froslass|Froslass-Mega, L50, F, shiny|64/100
|turn|5
|inactive|szdavid has 30 seconds left.
|
|t:|1783538586
|move|p1a: Basculegion|Protect|p1a: Basculegion
|-singleturn|p1a: Basculegion|Protect
|move|p2a: Whimsicott|Tailwind|p2a: Whimsicott
|-sidestart|p2: Shnipe_Cizy|move: Tailwind
|move|p2b: Floette|Dazzling Gleam|p1a: Basculegion|[spread] p1b
|-activate|p1a: Basculegion|move: Protect
|-damage|p1b: Froslass|33/100
|move|p1b: Froslass|Blizzard|p2a: Whimsicott|[spread] p2a,p2b
|-supereffective|p2a: Whimsicott|1
|-damage|p2a: Whimsicott|0 fnt
|-damage|p2b: Floette|0 fnt
|faint|p2a: Whimsicott
|faint|p2b: Floette
|
|-weather|none
|-sideend|p1: szdavid|move: Aurora Veil
|upkeep
|
|t:|1783538593
|switch|p2a: Garchomp|Garchomp, L50, F|100/100
|switch|p2b: Incineroar|Incineroar, L50, M|100/100
|-ability|p2b: Incineroar|Intimidate|boost
|-unboost|p1a: Basculegion|atk|1
|-unboost|p1b: Froslass|atk|1
|turn|6
|inactive|szdavid has 30 seconds left.
|inactive|szdavid has 20 seconds left.
|inactive|szdavid has 15 seconds left.
|
|t:|1783538634
|move|p1b: Froslass|Protect|p1b: Froslass
|-singleturn|p1b: Froslass|Protect
|move|p1a: Basculegion|Aqua Jet|p2b: Incineroar
|-supereffective|p2b: Incineroar|1
|-damage|p2b: Incineroar|67/100
|move|p2a: Garchomp|Dragon Claw|p1a: Basculegion
|-damage|p1a: Basculegion|0 fnt
|faint|p1a: Basculegion
|-damage|p2a: Garchomp|90/100|[from] item: Life Orb
|move|p2b: Incineroar|Flare Blitz|p1b: Froslass
|-activate|p1b: Froslass|move: Protect
|
|upkeep
|
|t:|1783538646
|switch|p1a: Lycanroc|Lycanroc-Dusk, L50, F|100/100
|turn|7
|
|t:|1783538654
|move|p1a: Lycanroc|Accelerock|p2b: Incineroar
|-supereffective|p2b: Incineroar|1
|-damage|p2b: Incineroar|8/100
|-enditem|p2b: Incineroar|Sitrus Berry|[eat]
|-heal|p2b: Incineroar|33/100|[from] item: Sitrus Berry
|move|p2a: Garchomp|Dragon Claw|p1a: Lycanroc
|-damage|p1a: Lycanroc|21/100
|-damage|p2a: Garchomp|80/100|[from] item: Life Orb
|move|p2b: Incineroar|Darkest Lariat|p1b: Froslass
|-supereffective|p1b: Froslass|1
|-damage|p1b: Froslass|0 fnt
|faint|p1b: Froslass
|
|upkeep
|turn|8
|c|☆Shnipe_Cizy|ggs
|
|t:|1783538669
|move|p1a: Lycanroc|Accelerock|p2b: Incineroar
|-supereffective|p2b: Incineroar|1
|-damage|p2b: Incineroar|0 fnt
|faint|p2b: Incineroar
|move|p2a: Garchomp|Dragon Claw|p1a: Lycanroc
|-damage|p1a: Lycanroc|0 fnt
|faint|p1a: Lycanroc
|-damage|p2a: Garchomp|70/100|[from] item: Life Orb
|
|win|Shnipe_Cizy
