|j|☆Blackbird230
|j|☆Beeetch
|html|Blackbird230Beeetch    
|uhtml|bestof|Game 2 of a best-of-3
|t:|1756557096
|gametype|doubles
|player|p1|Blackbird230|266|1220
|player|p2|Beeetch|beauty-gen4dp|1305
|gen|9
|tier|[Gen 9] VGC 2025 Reg H (Bo3)
|rated|
|rule|Species Clause: Limit one of each Pokémon
|rule|Item Clause: Limit 1 of each item
|clearpoke
|poke|p1|Charizard, L50, F|
|poke|p1|Garchomp, L50, M|
|poke|p1|Rillaboom, L50, F|
|poke|p1|Archaludon, L50, M|
|poke|p1|Annihilape, L50, F|
|poke|p1|Murkrow, L50, F|
|poke|p2|Toedscruel, L50, M|
|poke|p2|Weezing-Galar, L50, M|
|poke|p2|Corviknight, L50, M|
|poke|p2|Pawmot, L50, M|
|poke|p2|Garchomp, L50, M|
|poke|p2|Typhlosion-Hisui, L50, M|
|teampreview|4
|showteam|p1|Charizard||ChoiceSpecs|SolarPower|HeatWave,Overheat,Hurricane,WeatherBall|||F|||50|,,,,,Fire]Garchomp||ClearAmulet|RoughSkin|Earthquake,StompingTantrum,DragonClaw,Protect|||M|||50|,,,,,Ground]Rillaboom||AssaultVest|GrassySurge|FakeOut,WoodHammer,GrassyGlide,Uturn|||F|||50|,,,,,Fire]Archaludon||PowerHerb|Sturdy|ElectroShot,DracoMeteor,FlashCannon,Protect|||M|||50|,,,,,Electric]Annihilape||SafetyGoggles|Defiant|FinalGambit,RageFist,DrainPunch,Protect|||F|||50|,,,,,Fighting]Murkrow||Eviolite|Prankster|Tailwind,SunnyDay,Taunt,BraveBird|||F|||50|,,,,,Ghost
|showteam|p2|Toedscruel||CovertCloak|MyceliumMight|Spore,EarthPower,AcidSpray,RagePowder|||M|||50|,,,,,Water]Weezing-Galar||ChoiceSpecs|NeutralizingGas|DazzlingGleam,SludgeBomb,StrangeSteam,Flamethrower|||M|||50|,,,,,Flying]Corviknight||SitrusBerry|MirrorArmor|Protect,Tailwind,Roost,BraveBird|||M|||50|,,,,,Dragon]Pawmot||FocusSash|NaturalCure|Protect,CloseCombat,DoubleShock,FakeOut|||M|||50|,,,,,Electric]Garchomp||LifeOrb|RoughSkin|Protect,Earthquake,DragonClaw,StompingTantrum|||M|||50|,,,,,Ground]Typhlosion-Hisui||ChoiceScarf|Blaze|Eruption,SleepTalk,HeatWave,ShadowBall|||M|||50|,,,,,Fire
|
|t:|1756557157
|teamsize|p1|4
|teamsize|p2|4
|start
|switch|p1a: Rillaboom|Rillaboom, L50, F|100/100
|switch|p1b: Garchomp|Garchomp, L50, M|100/100
|switch|p2a: Weezing|Weezing-Galar, L50, M|100/100
|switch|p2b: Typhlosion|Typhlosion-Hisui, L50, M|100/100
|-ability|p2a: Weezing|Neutralizing Gas
|turn|1
|
|t:|1756557182
|-terastallize|p1a: Rillaboom|Fire
|-terastallize|p2a: Weezing|Flying
|move|p1a: Rillaboom|Fake Out|p2a: Weezing
|-damage|p2a: Weezing|85/100
|move|p2b: Typhlosion|Eruption|p1a: Rillaboom|[spread] p1a,p1b
|-resisted|p1a: Rillaboom
|-resisted|p1b: Garchomp
|-damage|p1a: Rillaboom|80/100
|-damage|p1b: Garchomp|64/100
|move|p1b: Garchomp|Dragon Claw|p2b: Typhlosion
|-damage|p2b: Typhlosion|34/100
|cant|p2a: Weezing|flinch
|
|upkeep
|turn|2
|
|t:|1756557203
|move|p2b: Typhlosion|Eruption|p1a: Rillaboom|[spread] p1a,p1b
|-resisted|p1a: Rillaboom
|-resisted|p1b: Garchomp
|-damage|p1a: Rillaboom|72/100
|-damage|p1b: Garchomp|51/100
|move|p1b: Garchomp|Dragon Claw|p2b: Typhlosion
|-damage|p2b: Typhlosion|0 fnt
|faint|p2b: Typhlosion
|move|p1a: Rillaboom|Wood Hammer|p2a: Weezing
|-resisted|p2a: Weezing
|-damage|p2a: Weezing|54/100
|-damage|p1a: Rillaboom|63/100|[from] Recoil
|move|p2a: Weezing|Dazzling Gleam|p1a: Rillaboom|[spread] p1a,p1b
|-resisted|p1a: Rillaboom
|-supereffective|p1b: Garchomp
|-damage|p1a: Rillaboom|51/100
|-damage|p1b: Garchomp|0 fnt
|faint|p1b: Garchomp
|
|upkeep
|
|t:|1756557217
|switch|p1b: Charizard|Charizard, L50, F|100/100
|switch|p2b: Garchomp|Garchomp, L50, M|100/100
|turn|3
|
|t:|1756557228
|move|p2b: Garchomp|Earthquake|p1a: Rillaboom|[spread] p1a
|-immune|p2a: Weezing
|-immune|p1b: Charizard
|-supereffective|p1a: Rillaboom
|-damage|p1a: Rillaboom|0 fnt
|faint|p1a: Rillaboom
|-damage|p2b: Garchomp|91/100|[from] item: Life Orb
|move|p1b: Charizard|Heat Wave|p2a: Weezing|[spread] p2a,p2b
|-resisted|p2b: Garchomp
|-damage|p2a: Weezing|0 fnt
|-damage|p2b: Garchomp|58/100
|-status|p2b: Garchomp|brn
|faint|p2a: Weezing
|-end|p2a: Weezing|ability: Neutralizing Gas
|
|-damage|p2b: Garchomp|52/100 brn|[from] brn
|upkeep
|
|t:|1756557234
|switch|p1a: Archaludon|Archaludon, L50, M|100/100
|switch|p2a: Pawmot|Pawmot, L50, M|100/100
|turn|4
|
|t:|1756557249
|move|p2a: Pawmot|Double Shock|p1b: Charizard
|-supereffective|p1b: Charizard
|-damage|p1b: Charizard|0 fnt
|-start|p2a: Pawmot|typechange|???/Fighting|[from] move: Double Shock
|faint|p1b: Charizard
|move|p2b: Garchomp|Stomping Tantrum|p1a: Archaludon
|-supereffective|p1a: Archaludon
|-damage|p1a: Archaludon|58/100
|-damage|p2b: Garchomp|42/100 brn|[from] item: Life Orb
|move|p1a: Archaludon|Electro Shot||[still]
|-prepare|p1a: Archaludon|Electro Shot
|-boost|p1a: Archaludon|spa|1
|-enditem|p1a: Archaludon|Power Herb
|-anim|p1a: Archaludon|Electro Shot|p2a: Pawmot
|-enditem|p2a: Pawmot|Focus Sash
|-damage|p2a: Pawmot|1/100
|
|-damage|p2b: Garchomp|36/100 brn|[from] brn
|upkeep
|turn|5
|
|t:|1756557270
|move|p2a: Pawmot|Close Combat|p1a: Archaludon
|-supereffective|p1a: Archaludon
|-damage|p1a: Archaludon|0 fnt
|-unboost|p2a: Pawmot|def|1
|-unboost|p2a: Pawmot|spd|1
|faint|p1a: Archaludon
|
|win|Beeetch
|raw|Blackbird230's rating: 1220 → 1201(-19 for losing)
|raw|Beeetch's rating: 1305 → 1320(+15 for winning)
|l|☆Blackbird230
|player|p1|
