|j|☆sturmkitten69
|j|☆Baronismo
|html|sturmkitten69Baronismo    
|uhtml|bestof|Game 2 of a best-of-3
|t:|1784019345
|gametype|doubles
|player|p1|sturmkitten69|fisherman-gen4|1190
|player|p2|Baronismo|depotagent|1292
|gen|9
|tier|[Gen 9 Champions] VGC 2026 Reg M-B (Bo3)
|rated|
|rule|Species Clause: Limit one of each Pokémon
|rule|Item Clause: Limit 1 of each item
|clearpoke
|poke|p1|Blastoise, L50, M|
|poke|p1|Farigiraf, L50, F, shiny|
|poke|p1|Basculegion, L50, M|
|poke|p1|Aerodactyl, L50, F|
|poke|p1|Rotom-Heat, L50|
|poke|p1|Garchomp, L50, F|
|poke|p2|Lycanroc-Dusk, L50, M|
|poke|p2|Dragonite, L50, M|
|poke|p2|Toxapex, L50, F|
|poke|p2|Staraptor, L50, F|
|poke|p2|Incineroar, L50, M|
|poke|p2|Ninetales-Alola, L50, M|
|teampreview|4
|showteam|p1|Blastoise||Blastoisinite|Torrent|DarkPulse,Protect,FakeOut,WaterSpout|Modest||M|||50|]Farigiraf||SitrusBerry|ArmorTail|RainDance,Thunderbolt,HelpingHand,TrickRoom|Bold||F|||50|]Basculegion||FocusSash|Adaptability|LastRespects,WaveCrash,Protect,AquaJet|Adamant||M|||50|]Aerodactyl||Aerodactylite|Unnerve|RockSlide,Protect,Tailwind,DualWingbeat|Jolly||F|||50|]Rotom-Heat||ChoiceScarf|Levitate|Overheat,VoltSwitch,Thunderbolt,WillOWisp|Timid|||||50|]Garchomp||LifeOrb|RoughSkin|RockSlide,Earthquake,DragonClaw,Protect|Jolly||F|||50|
|showteam|p2|Lycanroc-Dusk||FocusSash|ToughClaws|Accelerock,RockSlide,CloseCombat,Protect|Jolly||M|||50|]Dragonite||LifeOrb|InnerFocus|DragonClaw,LowKick,ExtremeSpeed,Protect|Adamant||M|||50|]Toxapex||Leftovers|Regenerator|Toxic,Infestation,WideGuard,BanefulBunker|Bold||F|||50|]Staraptor||Staraptite|Intimidate|CloseCombat,BraveBird,Tailwind,Protect|Jolly||F|||50|]Incineroar||SitrusBerry|Intimidate|FakeOut,FlareBlitz,ThroatChop,PartingShot|Careful||M|||50|]Ninetales-Alola||NeverMeltIce|SnowWarning|Blizzard,FreezeDry,Encore,Protect|Timid||M|||50|
|inactive|Battle timer is ON: inactive players will automatically lose when time's up. (requested by Baronismo)
|
|t:|1784019392
|teamsize|p1|4
|teamsize|p2|4
|start
|switch|p1a: Blastoise|Blastoise, L50, M|100/100
|switch|p1b: Rotom|Rotom-Heat, L50|100/100
|switch|p2a: Lycanroc|Lycanroc-Dusk, L50, M|100/100
|switch|p2b: Toxapex|Toxapex, L50, F|100/100
|turn|1
|inactive|sturmkitten69 has 30 seconds left.
|
|t:|1784019418
|detailschange|p1a: Blastoise|Blastoise-Mega, L50, M
|-mega|p1a: Blastoise|Blastoise|Blastoisinite
|move|p2a: Lycanroc|Protect|p2a: Lycanroc
|-singleturn|p2a: Lycanroc|Protect
|move|p2b: Toxapex|Baneful Bunker|p2b: Toxapex
|-singleturn|p2b: Toxapex|move: Protect
|move|p1b: Rotom|Volt Switch|p2a: Lycanroc
|-activate|p2a: Lycanroc|move: Protect
|move|p1a: Blastoise|Water Spout|p2b: Toxapex|[spread] 
|-activate|p2a: Lycanroc|move: Protect
|-activate|p2b: Toxapex|move: Protect
|
|upkeep
|turn|2
|
|t:|1784019440
|move|p2a: Lycanroc|Accelerock|p1b: Rotom
|-supereffective|p1b: Rotom|1
|-damage|p1b: Rotom|34/100
|move|p1b: Rotom|Volt Switch|p2a: Lycanroc
|-damage|p2a: Lycanroc|51/100
|
|t:|1784019449
|switch|p1b: Garchomp|Garchomp, L50, F|100/100|[from] Volt Switch
|move|p1a: Blastoise|Water Spout|p2a: Lycanroc|[spread] p2a,p2b
|-supereffective|p2a: Lycanroc|1
|-resisted|p2b: Toxapex|1
|-damage|p2a: Lycanroc|0 fnt
|-damage|p2b: Toxapex|76/100
|faint|p2a: Lycanroc
|move|p2b: Toxapex|Toxic|p1a: Blastoise
|-status|p1a: Blastoise|tox
|
|-heal|p2b: Toxapex|82/100|[from] item: Leftovers
|-damage|p1a: Blastoise|93/100 tox|[from] psn
|upkeep
|
|t:|1784019455
|switch|p2a: Incineroar|Incineroar, L50, M|100/100
|-ability|p2a: Incineroar|Intimidate|boost
|-unboost|p1a: Blastoise|atk|1
|-unboost|p1b: Garchomp|atk|1
|turn|3
|
|t:|1784019475
|switch|p1a: Basculegion|Basculegion, L50, M|100/100
|move|p2b: Toxapex|Wide Guard|p2b: Toxapex
|-singleturn|p2b: Toxapex|Wide Guard
|move|p1b: Garchomp|Rock Slide|p2a: Incineroar|[spread] 
|-activate|p2a: Incineroar|move: Wide Guard
|-activate|p2b: Toxapex|move: Wide Guard
|move|p2a: Incineroar|Parting Shot|p1b: Garchomp
|-unboost|p1b: Garchomp|atk|1
|-unboost|p1b: Garchomp|spa|1
|
|t:|1784019483
|switch|p2a: Dragonite|Dragonite, L50, M|100/100|[from] Parting Shot
|
|-heal|p2b: Toxapex|87/100|[from] item: Leftovers
|upkeep
|turn|4
|
|t:|1784019502
|switch|p1a: Rotom|Rotom-Heat, L50|34/100
|-heal|p2b: Toxapex|100/100|[from] ability: Regenerator|[silent]
|switch|p2b: Incineroar|Incineroar, L50, M|100/100
|-ability|p2b: Incineroar|Intimidate|boost
|-unboost|p1a: Rotom|atk|1
|-unboost|p1b: Garchomp|atk|1
|move|p1b: Garchomp|Dragon Claw|p2a: Dragonite
|-supereffective|p2a: Dragonite|1
|-damage|p2a: Dragonite|56/100
|-damage|p1b: Garchomp|90/100|[from] item: Life Orb
|move|p2a: Dragonite|Dragon Claw|p1a: Rotom
|-damage|p1a: Rotom|0 fnt
|faint|p1a: Rotom
|-damage|p2a: Dragonite|46/100|[from] item: Life Orb
|
|upkeep
|
|t:|1784019523
|switch|p1a: Basculegion|Basculegion, L50, M|100/100
|turn|5
|
|t:|1784019534
|switch|p1b: Blastoise|Blastoise-Mega, L50, M|93/100 tox
|move|p2a: Dragonite|Dragon Claw|p1a: Basculegion
|-damage|p1a: Basculegion|24/100
|-damage|p2a: Dragonite|37/100|[from] item: Life Orb
|move|p1a: Basculegion|Last Respects|p2a: Dragonite
|-damage|p2a: Dragonite|0 fnt
|faint|p2a: Dragonite
|move|p2b: Incineroar|Parting Shot|p1b: Blastoise
|-unboost|p1b: Blastoise|atk|1
|-unboost|p1b: Blastoise|spa|1
|
|t:|1784019546
|switch|p2b: Toxapex|Toxapex, L50, F|100/100|[from] Parting Shot
|
|-damage|p1b: Blastoise|87/100 tox|[from] psn
|upkeep
|
|t:|1784019548
|switch|p2a: Incineroar|Incineroar, L50, M|100/100
|-ability|p2a: Incineroar|Intimidate|boost
|-unboost|p1a: Basculegion|atk|1
|-unboost|p1b: Blastoise|atk|1
|turn|6
|
|t:|1784019562
|move|p1b: Blastoise|Fake Out|p2a: Incineroar
|-damage|p2a: Incineroar|96/100
|cant|p2a: Incineroar|flinch
|move|p1a: Basculegion|Wave Crash|p2a: Incineroar
|-supereffective|p2a: Incineroar|1
|-damage|p2a: Incineroar|1/100
|-enditem|p2a: Incineroar|Sitrus Berry|[eat]
|-heal|p2a: Incineroar|25/100|[from] item: Sitrus Berry
|-damage|p1a: Basculegion|0 fnt|[from] Recoil
|faint|p1a: Basculegion
|move|p2b: Toxapex|Toxic|p1b: Blastoise
|-fail|p1b: Blastoise|tox
|
|-damage|p1b: Blastoise|75/100 tox|[from] psn
|upkeep
|
|t:|1784019576
|switch|p1a: Garchomp|Garchomp, L50, F|90/100
|turn|7
|
|t:|1784019586
|move|p2b: Toxapex|Wide Guard|p2b: Toxapex
|-singleturn|p2b: Toxapex|Wide Guard
|move|p1a: Garchomp|Dragon Claw|p2a: Incineroar
|-damage|p2a: Incineroar|0 fnt
|faint|p2a: Incineroar
|-damage|p1a: Garchomp|80/100|[from] item: Life Orb
|move|p1b: Blastoise|Dark Pulse|p2b: Toxapex
|-damage|p2b: Toxapex|77/100
|
|-heal|p2b: Toxapex|82/100|[from] item: Leftovers
|-damage|p1b: Blastoise|56/100 tox|[from] psn
|upkeep
|turn|8
|
|t:|1784019605
|move|p1a: Garchomp|Dragon Claw|p2b: Toxapex
|-damage|p2b: Toxapex|47/100
|-damage|p1a: Garchomp|70/100|[from] item: Life Orb
|move|p1b: Blastoise|Water Spout|p2b: Toxapex
|-resisted|p2b: Toxapex|1
|-damage|p2b: Toxapex|34/100
|move|p2b: Toxapex|Toxic|p1a: Garchomp
|-status|p1a: Garchomp|tox
|
|-heal|p2b: Toxapex|40/100|[from] item: Leftovers
|-damage|p1a: Garchomp|64/100 tox|[from] psn
|-damage|p1b: Blastoise|32/100 tox|[from] psn
|upkeep
|turn|9
|
|t:|1784019621
|move|p2b: Toxapex|Baneful Bunker|p2b: Toxapex
|-singleturn|p2b: Toxapex|move: Protect
|move|p1a: Garchomp|Dragon Claw|p2b: Toxapex
|-activate|p2b: Toxapex|move: Protect
|move|p1b: Blastoise|Dark Pulse|p2b: Toxapex
|-activate|p2b: Toxapex|move: Protect
|
|-heal|p2b: Toxapex|45/100|[from] item: Leftovers
|-damage|p1a: Garchomp|52/100 tox|[from] psn
|-damage|p1b: Blastoise|1/100 tox|[from] psn
|upkeep
|turn|10
|inactive|sturmkitten69 has 30 seconds left.
|inactive|sturmkitten69 has 20 seconds left.
|
|t:|1784019656
|move|p2b: Toxapex|Baneful Bunker|p2b: Toxapex
|-singleturn|p2b: Toxapex|move: Protect
|move|p1a: Garchomp|Dragon Claw|p2b: Toxapex
|-activate|p2b: Toxapex|move: Protect
|move|p1b: Blastoise|Dark Pulse|p2b: Toxapex
|-activate|p2b: Toxapex|move: Protect
|
|-heal|p2b: Toxapex|51/100|[from] item: Leftovers
|-damage|p1a: Garchomp|34/100 tox|[from] psn
|-damage|p1b: Blastoise|0 fnt|[from] psn
|faint|p1b: Blastoise
|upkeep
|turn|11
|
|t:|1784019673
|move|p2b: Toxapex|Wide Guard|p2b: Toxapex
|-singleturn|p2b: Toxapex|Wide Guard
|move|p1a: Garchomp|Dragon Claw|p2b: Toxapex
|-damage|p2b: Toxapex|15/100
|-damage|p1a: Garchomp|25/100 tox|[from] item: Life Orb
|
|-heal|p2b: Toxapex|21/100|[from] item: Leftovers
|-damage|p1a: Garchomp|1/100 tox|[from] psn
|upkeep
|turn|12
|
|t:|1784019684
|move|p2b: Toxapex|Baneful Bunker|p2b: Toxapex
|-singleturn|p2b: Toxapex|move: Protect
|move|p1a: Garchomp|Earthquake|p2b: Toxapex
|-activate|p2b: Toxapex|move: Protect
|
|-heal|p2b: Toxapex|27/100|[from] item: Leftovers
|-damage|p1a: Garchomp|0 fnt|[from] psn
|faint|p1a: Garchomp
|
|win|Baronismo
||sturmkitten69 is ready for game 3.
||Baronismo is ready for game 3.
|uhtml|next|Next: Game 3 of 3
