|j|☆MugiwaraLux
|j|☆goodfish6211
|html|MugiwaraLuxgoodfish6211    
|uhtml|bestof|Game 2 of a best-of-3
|t:|1784879236
|gametype|doubles
|player|p1|MugiwaraLux|cynthia-masters4|1200
|player|p2|goodfish6211|170|1106
|gen|9
|tier|[Gen 9 Champions] VGC 2026 Reg M-B (Bo3)
|rated|
|rule|Species Clause: Limit one of each Pokémon
|rule|Item Clause: Limit 1 of each item
|clearpoke
|poke|p1|Garchomp, L50, M|
|poke|p1|Venusaur, L50, M|
|poke|p1|Incineroar, L50, M|
|poke|p1|Charizard, L50, F|
|poke|p1|Toxapex, L50, F|
|poke|p1|Annihilape, L50, M|
|poke|p2|Incineroar, L50, M|
|poke|p2|Sneasler, L50, F, shiny|
|poke|p2|Whimsicott, L50, M|
|poke|p2|Sinistcha-Masterpiece, L50|
|poke|p2|Sylveon, L50, M, shiny|
|poke|p2|Tyranitar, L50, F|
|teampreview|4
|showteam|p1|Garchomp||ChoiceScarf|RoughSkin|Earthquake,RockSlide,DragonClaw,StompingTantrum|Adamant||M|||50|]Venusaur||LifeOrb|Chlorophyll|SludgeBomb,SolarBeam,EarthPower,Protect|Modest||M|||50|]Incineroar||SitrusBerry|Intimidate|FakeOut,FlareBlitz,ThroatChop,PartingShot|Impish||M|||50|]Charizard||CharizarditeY|Blaze|HeatWave,WeatherBall,Protect,HelpingHand|Modest||F|||50|]Toxapex||Leftovers|Regenerator|Infestation,Toxic,WideGuard,BanefulBunker|Impish||F|||50|]Annihilape||FocusSash|Defiant|CloseCombat,PhantomForce,IcePunch,Protect|Jolly||M|||50|
|showteam|p2|Incineroar||PasshoBerry|Intimidate|FakeOut,FlareBlitz,DarkestLariat,PartingShot|Adamant||M|||50|]Sneasler||WhiteHerb|Unburden|CloseCombat,FakeOut,DireClaw,Protect|Adamant||F|||50|]Whimsicott||FocusSash|Prankster|Tailwind,Moonblast,Encore,Protect|Timid||M|||50|]Sinistcha-Masterpiece||SitrusBerry|Hospitality|MatchaGotcha,TrickRoom,RagePowder,Protect|Bold|||||50|]Sylveon||LifeOrb|Pixilate|HyperVoice,QuickAttack,DrainingKiss,Protect|Modest||M|||50|]Tyranitar||Tyranitarite|SandStream|KnockOff,RockSlide,DragonDance,Protect|Adamant||F|||50|
|inactive|Battle timer is ON: inactive players will automatically lose when time's up. (requested by MugiwaraLux)
|inactive|goodfish6211 also wants the timer to be on.
|inactive|MugiwaraLux has 60 seconds left.
|inactive|goodfish6211 has 60 seconds left.
|inactive|MugiwaraLux has 30 seconds left.
|inactive|MugiwaraLux has 20 seconds left.
|
|t:|1784879311
|teamsize|p1|4
|teamsize|p2|4
|start
|switch|p1a: Garchomp|Garchomp, L50, M|100/100
|switch|p1b: Charizard|Charizard, L50, F|100/100
|switch|p2a: Whimsicott|Whimsicott, L50, M|100/100
|switch|p2b: Sylveon|Sylveon, L50, M, shiny|100/100
|turn|1
|
|t:|1784879325
|switch|p1a: Toxapex|Toxapex, L50, F|100/100
|detailschange|p1b: Charizard|Charizard-Mega-Y, L50, F
|-mega|p1b: Charizard|Charizard|Charizardite Y
|-weather|SunnyDay|[from] ability: Drought|[of] p1b: Charizard
|move|p2a: Whimsicott|Tailwind|p2a: Whimsicott
|-sidestart|p2: goodfish6211|move: Tailwind
|move|p2b: Sylveon|Hyper Voice|p1b: Charizard|[spread] p1a,p1b
|-resisted|p1a: Toxapex|1
|-resisted|p1b: Charizard|1
|-damage|p1a: Toxapex|80/100
|-damage|p1b: Charizard|74/100
|-damage|p2b: Sylveon|90/100|[from] item: Life Orb
|move|p1b: Charizard|Heat Wave|p2a: Whimsicott|[spread] 
|-miss|p1b: Charizard|p2a: Whimsicott
|-miss|p1b: Charizard|p2b: Sylveon
|
|-weather|SunnyDay|[upkeep]
|-heal|p1a: Toxapex|85/100|[from] item: Leftovers
|upkeep
|turn|2
|
|t:|1784879339
|switch|p2a: Tyranitar|Tyranitar, L50, F|100/100
|-weather|Sandstorm|[from] ability: Sand Stream|[of] p2a: Tyranitar
|move|p2b: Sylveon|Hyper Voice|p1a: Toxapex|[spread] p1a,p1b
|-resisted|p1a: Toxapex|1
|-resisted|p1b: Charizard|1
|-damage|p1a: Toxapex|64/100
|-damage|p1b: Charizard|50/100g
|-damage|p2b: Sylveon|80/100|[from] item: Life Orb
|move|p1b: Charizard|Heat Wave|p2b: Sylveon|[spread] p2b
|-miss|p1b: Charizard|p2a: Tyranitar
|-damage|p2b: Sylveon|46/100
|move|p1a: Toxapex|Toxic|p2a: Tyranitar
|-status|p2a: Tyranitar|tox
|
|-weather|Sandstorm|[upkeep]
|-damage|p2b: Sylveon|39/100|[from] Sandstorm
|-damage|p1b: Charizard|44/100|[from] Sandstorm
|-damage|p1a: Toxapex|58/100|[from] Sandstorm
|-heal|p1a: Toxapex|64/100|[from] item: Leftovers
|-damage|p2a: Tyranitar|93/100 tox|[from] psn
|upkeep
|turn|3
|
|t:|1784879352
|switch|p1b: Incineroar|Incineroar, L50, M|100/100
|-ability|p1b: Incineroar|Intimidate|boost
|-unboost|p2a: Tyranitar|atk|1
|-unboost|p2b: Sylveon|atk|1
|detailschange|p2a: Tyranitar|Tyranitar-Mega, L50, F
|-mega|p2a: Tyranitar|Tyranitar|Tyranitarite
|move|p2a: Tyranitar|Dragon Dance|p2a: Tyranitar
|-boost|p2a: Tyranitar|atk|1
|-boost|p2a: Tyranitar|spe|1
|move|p2b: Sylveon|Draining Kiss|p1b: Incineroar
|-damage|p1b: Incineroar|72/100
|-heal|p2b: Sylveon|63/100|[from] drain|[of] p1b: Incineroar
|-damage|p2b: Sylveon|53/100|[from] item: Life Orb
|move|p1a: Toxapex|Infestation|p2a: Tyranitar
|-supereffective|p2a: Tyranitar|1
|-damage|p2a: Tyranitar|90/100 tox
|-activate|p2a: Tyranitar|move: Infestation|[of] p1a: Toxapex
|
|-weather|Sandstorm|[upkeep]
|-damage|p2b: Sylveon|47/100|[from] Sandstorm
|-damage|p1b: Incineroar|66/100|[from] Sandstorm
|-damage|p1a: Toxapex|58/100|[from] Sandstorm
|-heal|p1a: Toxapex|64/100|[from] item: Leftovers
|-damage|p2a: Tyranitar|77/100 tox|[from] psn
|-damage|p2a: Tyranitar|65/100 tox|[from] move: Infestation|[partiallytrapped]
|upkeep
|turn|4
|
|t:|1784879371
|switch|p2b: Whimsicott|Whimsicott, L50, M|100/100
|move|p2a: Tyranitar|Protect|p2a: Tyranitar
|-singleturn|p2a: Tyranitar|Protect
|move|p1b: Incineroar|Fake Out|p2a: Tyranitar
|-activate|p2a: Tyranitar|move: Protect
|move|p1a: Toxapex|Toxic|p2b: Whimsicott
|-status|p2b: Whimsicott|tox
|
|-weather|Sandstorm|[upkeep]
|-damage|p2b: Whimsicott|94/100 tox|[from] Sandstorm
|-damage|p1b: Incineroar|60/100|[from] Sandstorm
|-damage|p1a: Toxapex|58/100|[from] Sandstorm
|-heal|p1a: Toxapex|64/100|[from] item: Leftovers
|-damage|p2a: Tyranitar|46/100 tox|[from] psn
|-damage|p2b: Whimsicott|88/100 tox|[from] psn
|-damage|p2a: Tyranitar|34/100 tox|[from] move: Infestation|[partiallytrapped]
|-sideend|p2: goodfish6211|move: Tailwind
|upkeep
|turn|5
|
|t:|1784879396
|move|p1a: Toxapex|Baneful Bunker|p1a: Toxapex
|-singleturn|p1a: Toxapex|move: Protect
|move|p2b: Whimsicott|Encore|p1a: Toxapex
|-activate|p1a: Toxapex|move: Protect
|move|p2a: Tyranitar|Rock Slide|p1b: Incineroar|[spread] p1b
|-activate|p1a: Toxapex|move: Protect
|-supereffective|p1b: Incineroar|1
|-damage|p1b: Incineroar|3/100
|-enditem|p1b: Incineroar|Sitrus Berry|[eat]
|-heal|p1b: Incineroar|28/100|[from] item: Sitrus Berry
|move|p1b: Incineroar|Flare Blitz|p2b: Whimsicott
|-supereffective|p2b: Whimsicott|1
|-damage|p2b: Whimsicott|0 fnt
|faint|p2b: Whimsicott
|-damage|p1b: Incineroar|8/100|[from] Recoil
|
|-weather|Sandstorm|[upkeep]
|-damage|p1b: Incineroar|2/100|[from] Sandstorm
|-damage|p1a: Toxapex|58/100|[from] Sandstorm
|-heal|p1a: Toxapex|64/100|[from] item: Leftovers
|-damage|p2a: Tyranitar|9/100 tox|[from] psn
|-damage|p2a: Tyranitar|0 fnt|[from] move: Infestation|[partiallytrapped]
|faint|p2a: Tyranitar
|upkeep
|
|t:|1784879406
|switch|p2b: Sneasler|Sneasler, L50, F, shiny|100/100
|switch|p2a: Sylveon|Sylveon, L50, M, shiny|47/100
|turn|6
|
|t:|1784879421
|move|p2b: Sneasler|Fake Out|p1a: Toxapex
|-damage|p1a: Toxapex|52/100
|move|p2a: Sylveon|Hyper Voice|p1a: Toxapex|[spread] p1a,p1b
|-resisted|p1a: Toxapex|1
|-damage|p1a: Toxapex|32/100
|-damage|p1b: Incineroar|0 fnt
|faint|p1b: Incineroar
|-damage|p2a: Sylveon|37/100|[from] item: Life Orb
|cant|p1a: Toxapex|flinch
|
|-weather|none
|-heal|p1a: Toxapex|38/100|[from] item: Leftovers
|upkeep
|
|t:|1784879424
|switch|p1b: Garchomp|Garchomp, L50, M|100/100
|turn|7
|
|t:|1784879434
|move|p2b: Sneasler|Protect|p2b: Sneasler
|-singleturn|p2b: Sneasler|Protect
|move|p2a: Sylveon|Protect|p2a: Sylveon
|-singleturn|p2a: Sylveon|Protect
|move|p1a: Toxapex|Wide Guard|p1a: Toxapex
|-singleturn|p1a: Toxapex|Wide Guard
|move|p1b: Garchomp|Earthquake|p2b: Sneasler|[spread] 
|-activate|p1a: Toxapex|move: Wide Guard
|-activate|p2a: Sylveon|move: Protect
|-activate|p2b: Sneasler|move: Protect
|
|-heal|p1a: Toxapex|43/100|[from] item: Leftovers
|upkeep
|turn|8
|
|t:|1784879449
|-heal|p1a: Toxapex|77/100|[from] ability: Regenerator|[silent]
|switch|p1a: Charizard|Charizard-Mega-Y, L50, F|44/100
|-weather|SunnyDay|[from] ability: Drought|[of] p1a: Charizard
|move|p1b: Garchomp|Earthquake|p2a: Sylveon|[spread] p2a,p2b
|-immune|p1a: Charizard
|-supereffective|p2b: Sneasler|1
|-damage|p2a: Sylveon|0 fnt
|-damage|p2b: Sneasler|0 fnt
|faint|p2a: Sylveon
|faint|p2b: Sneasler
|
|win|MugiwaraLux
|raw|MugiwaraLux's rating: 1200 → 1218(+18 for winning)
|raw|goodfish6211's rating: 1106 → 1088(-18 for losing)
|l|☆MugiwaraLux
|player|p1|
