|j|☆lemons2738
|j|☆lalalaing
|html|lemons2738lalalaing    
|uhtml|bestof|Game 1 of a best-of-3
|t:|1784731828
|gametype|doubles
|player|p1|lemons2738|benga|1338
|player|p2|lalalaing|volkner|1409
|gen|9
|tier|[Gen 9 Champions] VGC 2026 Reg M-B (Bo3)
|rated|
|rule|Species Clause: Limit one of each Pokémon
|rule|Item Clause: Limit 1 of each item
|clearpoke
|poke|p1|Tyranitar, L50, F|
|poke|p1|Excadrill, L50, M|
|poke|p1|Gholdengo, L50|
|poke|p1|Sinistcha, L50|
|poke|p1|Milotic, L50, M|
|poke|p1|Staraptor, L50, F|
|poke|p2|Charizard, L50, M|
|poke|p2|Floette-Eternal, L50, F|
|poke|p2|Aerodactyl, L50, M|
|poke|p2|Garchomp, L50, M|
|poke|p2|Sneasler, L50, F|
|poke|p2|Kingambit, L50, M|
|teampreview|4
|showteam|p1|Tyranitar||Tyranitarite|SandStream|RockSlide,KnockOff,LowKick,Protect|Adamant||F|||50|]Excadrill||FocusSash|SandRush|IronHead,HighHorsepower,RockSlide,Protect|Adamant||M|||50|]Gholdengo||LifeOrb|GoodasGold|ShadowBall,MakeItRain,NastyPlot,Protect|Modest|||||50|]Sinistcha||ColburBerry|Hospitality|MatchaGotcha,RagePowder,TrickRoom,Protect|Bold|||||50|]Milotic||SitrusBerry|Competitive|Scald,IceBeam,Recover,Protect|Modest||M|||50|]Staraptor||Staraptite|Intimidate|BraveBird,CloseCombat,Tailwind,Protect|Jolly||F|||50|
|showteam|p2|Charizard||CharizarditeY|Blaze|HeatWave,WeatherBall,SolarBeam,Protect|Timid||M|||50|]Floette-Eternal||Floettite|FlowerVeil|Moonblast,DazzlingGleam,LightofRuin,Protect|Timid||F|||50|]Aerodactyl||FocusSash|Unnerve|RockSlide,DualWingbeat,Tailwind,WideGuard|Jolly||M|||50|]Garchomp||LifeOrb|RoughSkin|DragonClaw,Earthquake,StompingTantrum,Protect|Jolly||M|||50|]Sneasler||WhiteHerb|Unburden|DireClaw,CloseCombat,FakeOut,Protect|Adamant||F|||50|]Kingambit||BlackGlasses|Defiant|KowtowCleave,SuckerPunch,SwordsDance,Protect|Adamant||M|||50|
|inactive|Battle timer is ON: inactive players will automatically lose when time's up. (requested by lemons2738)
|inactive|lalalaing has 60 seconds left.
|
|t:|1784731877
|teamsize|p1|4
|teamsize|p2|4
|start
|switch|p1a: Milotic|Milotic, L50, M|100/100
|switch|p1b: Excadrill|Excadrill, L50, M|100/100
|switch|p2a: Aerodactyl|Aerodactyl, L50, M|100/100
|switch|p2b: Sneasler|Sneasler, L50, F|100/100
|-ability|p2a: Aerodactyl|Unnerve
|turn|1
|
|t:|1784731899
|move|p1b: Excadrill|Protect|p1b: Excadrill
|-singleturn|p1b: Excadrill|Protect
|move|p2b: Sneasler|Fake Out|p1a: Milotic
|-damage|p1a: Milotic|85/100
|move|p2a: Aerodactyl|Tailwind|p2a: Aerodactyl
|-sidestart|p2: lalalaing|move: Tailwind
|cant|p1a: Milotic|flinch
|
|upkeep
|turn|2
|
|t:|1784731916
|switch|p1b: Sinistcha|Sinistcha, L50|100/100
|-heal|p1a: Milotic|100/100|[from] ability: Hospitality|[of] p1b: Sinistcha
|move|p2a: Aerodactyl|Rock Slide|p1a: Milotic|[spread] 
|-miss|p2a: Aerodactyl|p1a: Milotic
|-miss|p2a: Aerodactyl|p1b: Sinistcha
|move|p2b: Sneasler|Close Combat|p1b: Sinistcha
|-immune|p1b: Sinistcha
|move|p1a: Milotic|Scald|p2a: Aerodactyl
|-supereffective|p2a: Aerodactyl|1
|-damage|p2a: Aerodactyl|1/100
|
|upkeep
|turn|3
|inactive|lemons2738 has 30 seconds left.
|
|t:|1784731949
|move|p2a: Aerodactyl|Dual Wingbeat|p1b: Sinistcha
|-supereffective|p1b: Sinistcha|1
|-damage|p1b: Sinistcha|68/100
|-supereffective|p1b: Sinistcha|1
|-damage|p1b: Sinistcha|40/100
|-hitcount|p1b: Sinistcha|2
|move|p2b: Sneasler|Dire Claw|p1a: Milotic
|-damage|p1a: Milotic|51/100
|move|p1a: Milotic|Scald|p2b: Sneasler
|-damage|p2b: Sneasler|53/100
|move|p1b: Sinistcha|Trick Room|p1b: Sinistcha
|-fieldstart|move: Trick Room|[of] p1b: Sinistcha
|
|upkeep
|turn|4
|
|t:|1784731965
|move|p2b: Sneasler|Protect|p2b: Sneasler
|-singleturn|p2b: Sneasler|Protect
|move|p2a: Aerodactyl|Wide Guard|p2a: Aerodactyl
|-singleturn|p2a: Aerodactyl|Wide Guard
|move|p1b: Sinistcha|Matcha Gotcha|p2a: Aerodactyl|[spread] 
|-activate|p2a: Aerodactyl|move: Wide Guard
|-activate|p2b: Sneasler|move: Wide Guard
|move|p1a: Milotic|Scald|p2b: Sneasler
|-activate|p2b: Sneasler|move: Protect
|
|-sideend|p2: lalalaing|move: Tailwind
|upkeep
|turn|5
|
|t:|1784731974
|switch|p2b: Garchomp|Garchomp, L50, M|100/100
|move|p2a: Aerodactyl|Wide Guard|p2a: Aerodactyl
|-singleturn|p2a: Aerodactyl|Wide Guard
|move|p1b: Sinistcha|Matcha Gotcha|p2b: Garchomp|[spread] 
|-activate|p2a: Aerodactyl|move: Wide Guard
|-activate|p2b: Garchomp|move: Wide Guard
|move|p1a: Milotic|Scald|p2b: Garchomp
|-damage|p2b: Garchomp|63/100
|-status|p2b: Garchomp|brn
|
|-damage|p2b: Garchomp|57/100 brn|[from] brn
|upkeep
|turn|6
|
|t:|1784731995
|switch|p1b: Tyranitar|Tyranitar, L50, F|100/100
|-weather|Sandstorm|[from] ability: Sand Stream|[of] p1b: Tyranitar
|move|p2b: Garchomp|Protect|p2b: Garchomp
|-singleturn|p2b: Garchomp|Protect
|move|p1a: Milotic|Scald|p2a: Aerodactyl
|-supereffective|p2a: Aerodactyl|1
|-damage|p2a: Aerodactyl|0 fnt
|faint|p2a: Aerodactyl
|
|-weather|Sandstorm|[upkeep]
|-damage|p1a: Milotic|46/100|[from] Sandstorm
|-enditem|p1a: Milotic|Sitrus Berry|[eat]
|-heal|p1a: Milotic|70/100|[from] item: Sitrus Berry
|-damage|p2b: Garchomp|51/100 brn|[from] brn
|upkeep
|
|t:|1784732005
|switch|p2a: Sneasler|Sneasler, L50, F|53/100
|turn|7
|
|t:|1784732014
|switch|p1b: Sinistcha|Sinistcha, L50|40/100
|-heal|p1a: Milotic|95/100|[from] ability: Hospitality|[of] p1b: Sinistcha
|move|p2a: Sneasler|Fake Out|p1a: Milotic
|-damage|p1a: Milotic|80/100
|cant|p1a: Milotic|flinch
|move|p2b: Garchomp|Stomping Tantrum|p1a: Milotic
|-damage|p1a: Milotic|53/100
|-damage|p2b: Garchomp|41/100 brn|[from] item: Life Orb
|
|-weather|Sandstorm|[upkeep]
|-damage|p1b: Sinistcha|34/100|[from] Sandstorm
|-damage|p1a: Milotic|48/100|[from] Sandstorm
|-damage|p2a: Sneasler|47/100|[from] Sandstorm
|-damage|p2b: Garchomp|35/100 brn|[from] brn
|-fieldend|move: Trick Room
|upkeep
|turn|8
|
|t:|1784732027
|move|p2a: Sneasler|Protect|p2a: Sneasler
|-singleturn|p2a: Sneasler|Protect
|move|p1b: Sinistcha|Rage Powder|p1b: Sinistcha
|-singleturn|p1b: Sinistcha|move: Rage Powder
|move|p2b: Garchomp|Earthquake|p1a: Milotic|[spread] p1a,p1b
|-activate|p2a: Sneasler|move: Protect
|-resisted|p1b: Sinistcha|1
|-crit|p1b: Sinistcha
|-damage|p1a: Milotic|25/100
|-damage|p1b: Sinistcha|20/100y
|-damage|p2b: Garchomp|26/100 brn|[from] item: Life Orb
|move|p1a: Milotic|Ice Beam|p2b: Garchomp
|-supereffective|p2b: Garchomp|2
|-damage|p2b: Garchomp|0 fnt
|faint|p2b: Garchomp
|
|-weather|Sandstorm|[upkeep]
|-damage|p2a: Sneasler|41/100|[from] Sandstorm
|-damage|p1a: Milotic|19/100|[from] Sandstorm
|-damage|p1b: Sinistcha|14/100|[from] Sandstorm
|upkeep
|
|t:|1784732031
|switch|p2b: Charizard|Charizard, L50, M|100/100
|turn|9
|inactive|lemons2738 has 30 seconds left.
|
|t:|1784732061
|move|p2a: Sneasler|Dire Claw|p1b: Sinistcha
|-damage|p1b: Sinistcha|0 fnt
|faint|p1b: Sinistcha
|move|p2b: Charizard|Weather Ball|p1a: Milotic
|-crit|p1a: Milotic
|-damage|p1a: Milotic|0 fnt
|faint|p1a: Milotic
|
|-weather|Sandstorm|[upkeep]
|-damage|p2a: Sneasler|36/100|[from] Sandstorm
|-damage|p2b: Charizard|94/100|[from] Sandstorm
|upkeep
|
|t:|1784732071
|switch|p1a: Tyranitar|Tyranitar, L50, F|100/100
|switch|p1b: Excadrill|Excadrill, L50, M|100/100
|turn|10
|
|t:|1784732080
|detailschange|p1a: Tyranitar|Tyranitar-Mega, L50, F
|-mega|p1a: Tyranitar|Tyranitar|Tyranitarite
|move|p2a: Sneasler|Protect|p2a: Sneasler
|-singleturn|p2a: Sneasler|Protect
|move|p1b: Excadrill|High Horsepower|p2a: Sneasler
|-activate|p2a: Sneasler|move: Protect
|move|p2b: Charizard|Heat Wave|p1b: Excadrill|[spread] p1a,p1b
|-resisted|p1a: Tyranitar|1
|-crit|p1a: Tyranitar
|-supereffective|p1b: Excadrill|1
|-damage|p1a: Tyranitar|87/100
|-damage|p1b: Excadrill|19/100
|move|p1a: Tyranitar|Rock Slide|p2b: Charizard|[spread] p2b
|-activate|p2a: Sneasler|move: Protect
|-supereffective|p2b: Charizard|2
|-damage|p2b: Charizard|0 fnt
|faint|p2b: Charizard
|
|-weather|none
|upkeep
|turn|11
|
|t:|1784732099
|move|p2a: Sneasler|Close Combat|p1a: Tyranitar
|-supereffective|p1a: Tyranitar|2
|-damage|p1a: Tyranitar|0 fnt
|-unboost|p2a: Sneasler|def|1
|-unboost|p2a: Sneasler|spd|1
|faint|p1a: Tyranitar
|-enditem|p2a: Sneasler|White Herb
|-clearnegativeboost|p2a: Sneasler|[silent]
|move|p1b: Excadrill|High Horsepower|p2a: Sneasler
|-supereffective|p2a: Sneasler|1
|-damage|p2a: Sneasler|0 fnt
|faint|p2a: Sneasler
|
|win|lemons2738
||lalalaing is ready for game 2.
|inactive|lemons2738 has 30 seconds to confirm battle start!
|inactive|lemons2738 has 20 seconds to confirm battle start!
||lemons2738 is ready for game 2.
|uhtml|next|Next: Game 2 of 3
|l|☆lalalaing
|player|p2|
