|j|☆PrinceVG
|j|☆dont make me walk
|html|PrinceVGdont make me walk    
|uhtml|bestof|Game 2 of a best-of-3
|t:|1754221743
|gametype|doubles
|player|p1|PrinceVG|2|1225
|player|p2|dont make me walk|red-masters3|1250
|gen|9
|tier|[Gen 9] VGC 2025 Reg H (Bo3)
|rated|
|rule|Species Clause: Limit one of each Pokémon
|rule|Item Clause: Limit 1 of each item
|clearpoke
|poke|p1|Magmar, L50, M|
|poke|p1|Kingambit, L50, M|
|poke|p1|Rillaboom, L50, M|
|poke|p1|Primarina, L50, F|
|poke|p1|Dragapult, L50, F|
|poke|p1|Sneasler, L50, F|
|poke|p2|Indeedee-F, L50, F|
|poke|p2|Excadrill, L50, M|
|poke|p2|Sneasler, L50, M|
|poke|p2|Tyranitar, L50, M|
|poke|p2|Armarouge, L50, M|
|poke|p2|Corviknight, L50, M|
|teampreview|4
|showteam|p1|Magmar||Eviolite|VitalSpirit|Overheat,WillOWisp,FollowMe,Protect|||M|||50|,,,,,Ghost]Kingambit||BlackGlasses|Defiant|KowtowCleave,SuckerPunch,SwordsDance,Protect|||M|||50|,,,,,Ghost]Rillaboom||AssaultVest|GrassySurge|WoodHammer,GrassyGlide,HighHorsepower,FakeOut|||M|||50|,,,,,Fire]Primarina||SitrusBerry|LiquidVoice|HyperVoice,Moonblast,Haze,Protect|||F|||50|,,,,,Poison]Dragapult||ChoiceBand|ClearBody|DragonDarts,PhantomForce,TeraBlast,Uturn|||F|||50|,,,,,Ghost]Sneasler||FocusSash|PoisonTouch|CloseCombat,DireClaw,FakeOut,Protect|||F|||50|,,,,,Stellar
|showteam|p2|Indeedee-F||SafetyGoggles|PsychicSurge|Psychic,FollowMe,TrickRoom,HelpingHand|||F|||50|,,,,,Fairy]Excadrill||ClearAmulet|SandRush|Earthquake,HighHorsepower,IronHead,Protect|||M|||50|,,,,,Ghost]Sneasler||PsychicSeed|Unburden|DireClaw,CloseCombat,ThroatChop,Protect|||M|||50|,,,,,Dark]Tyranitar||AssaultVest|SandStream|RockSlide,TeraBlast,KnockOff,LowKick|||M|||50|,,,,,Flying]Armarouge||LifeOrb|FlashFire|ArmorCannon,ExpandingForce,EnergyBall,TrickRoom|||M|||50|,,,,,Grass]Corviknight||Leftovers|MirrorArmor|BraveBird,IronDefense,Roost,BodyPress|||M|||50|,,,,,Dragon
|inactive|Battle timer is ON: inactive players will automatically lose when time's up. (requested by dont make me walk)
|inactive|PrinceVG has 60 seconds left.
|inactive|PrinceVG has 30 seconds left.
|
|t:|1754221807
|teamsize|p1|4
|teamsize|p2|4
|start
|switch|p1a: Rillaboom|Rillaboom, L50, M|100/100
|switch|p1b: Primarina|Primarina, L50, F|100/100
|switch|p2a: Corviknight|Corviknight, L50, M|100/100
|switch|p2b: Excadrill|Excadrill, L50, M|100/100
|-fieldstart|move: Grassy Terrain|[from] ability: Grassy Surge|[of] p1a: Rillaboom
|turn|1
|
|t:|1754221819
|-terastallize|p2b: Excadrill|Ghost
|move|p1a: Rillaboom|Fake Out|p2a: Corviknight
|-resisted|p2a: Corviknight
|-damage|p2a: Corviknight|94/100
|move|p2b: Excadrill|Iron Head|p1a: Rillaboom
|-damage|p1a: Rillaboom|60/100
|cant|p2a: Corviknight|flinch
|move|p1b: Primarina|Hyper Voice|p2a: Corviknight|[spread] p2a,p2b
|-damage|p2a: Corviknight|57/100
|-damage|p2b: Excadrill|53/100
|
|-heal|p2b: Excadrill|59/100|[from] Grassy Terrain
|-heal|p1a: Rillaboom|65/100|[from] Grassy Terrain
|-heal|p2a: Corviknight|63/100|[from] item: Leftovers
|upkeep
|turn|2
|inactive|PrinceVG has 30 seconds left.
|
|t:|1754221851
|switch|p1a: Kingambit|Kingambit, L50, M|100/100
|move|p2b: Excadrill|Iron Head|p1b: Primarina
|-crit|p1b: Primarina
|-damage|p1b: Primarina|25/100
|-enditem|p1b: Primarina|Sitrus Berry|[eat]
|-heal|p1b: Primarina|50/100|[from] item: Sitrus Berry
|move|p2a: Corviknight|Iron Defense|p2a: Corviknight
|-boost|p2a: Corviknight|def|2
|move|p1b: Primarina|Moonblast|p2b: Excadrill
|-damage|p2b: Excadrill|0 fnt
|faint|p2b: Excadrill
|
|-heal|p2a: Corviknight|69/100|[from] item: Leftovers
|-heal|p1b: Primarina|56/100|[from] Grassy Terrain
|upkeep
|
|t:|1754221862
|switch|p2b: Tyranitar|Tyranitar, L50, M|100/100
|-weather|Sandstorm|[from] ability: Sand Stream|[of] p2b: Tyranitar
|turn|3
|
|t:|1754221879
|-terastallize|p1a: Kingambit|Ghost
|move|p2b: Tyranitar|Low Kick|p1a: Kingambit
|-immune|p1a: Kingambit
|move|p2a: Corviknight|Brave Bird|p1b: Primarina
|-damage|p1b: Primarina|0 fnt
|faint|p1b: Primarina
|-damage|p2a: Corviknight|52/100|[from] Recoil
|move|p1a: Kingambit|Swords Dance|p1a: Kingambit
|-boost|p1a: Kingambit|atk|2
|
|-weather|Sandstorm|[upkeep]
|-damage|p1a: Kingambit|95/100|[from] Sandstorm
|-heal|p2a: Corviknight|58/100|[from] item: Leftovers
|-heal|p1a: Kingambit|100/100|[from] Grassy Terrain
|upkeep
|
|t:|1754221888
|switch|p1b: Sneasler|Sneasler, L50, F|100/100
|turn|4
|
|t:|1754221899
|switch|p2b: Indeedee|Indeedee-F, L50, F|100/100
|-fieldstart|move: Psychic Terrain|[from] ability: Psychic Surge|[of] p2b: Indeedee
|move|p1b: Sneasler|Fake Out|p2a: Corviknight
|-hint|Psychic Terrain doesn't affect Pokémon immune to Ground.
|-resisted|p2a: Corviknight
|-damage|p2a: Corviknight|54/100
|cant|p2a: Corviknight|flinch
|move|p1a: Kingambit|Kowtow Cleave|p2a: Corviknight
|-damage|p2a: Corviknight|0 fnt
|faint|p2a: Corviknight
|
|-weather|Sandstorm|[upkeep]
|-damage|p1b: Sneasler|95/100|[from] Sandstorm
|-damage|p1a: Kingambit|95/100|[from] Sandstorm
|upkeep
|
|t:|1754221904
|switch|p2a: Tyranitar|Tyranitar, L50, M|100/100
|turn|5
|
|t:|1754221914
|switch|p1b: Rillaboom|Rillaboom, L50, M|65/100
|-fieldstart|move: Grassy Terrain|[from] ability: Grassy Surge|[of] p1b: Rillaboom
|move|p1a: Kingambit|Protect|p1a: Kingambit
|-singleturn|p1a: Kingambit|Protect
|move|p2b: Indeedee|Follow Me|p2b: Indeedee
|-singleturn|p2b: Indeedee|move: Follow Me
|move|p2a: Tyranitar|Knock Off|p1a: Kingambit
|-activate|p1a: Kingambit|move: Protect
|
|-weather|Sandstorm|[upkeep]
|-damage|p1b: Rillaboom|60/100|[from] Sandstorm
|-damage|p1a: Kingambit|89/100|[from] Sandstorm
|-heal|p1b: Rillaboom|65/100|[from] Grassy Terrain
|-heal|p1a: Kingambit|95/100|[from] Grassy Terrain
|upkeep
|turn|6
|
|t:|1754221922
|move|p1b: Rillaboom|Fake Out|p2a: Tyranitar
|-resisted|p2a: Tyranitar
|-damage|p2a: Tyranitar|94/100
|move|p2b: Indeedee|Follow Me|p2b: Indeedee
|-singleturn|p2b: Indeedee|move: Follow Me
|cant|p2a: Tyranitar|flinch
|move|p1a: Kingambit|Kowtow Cleave|p2b: Indeedee
|-supereffective|p2b: Indeedee
|-damage|p2b: Indeedee|0 fnt
|faint|p2b: Indeedee
|
|-weather|Sandstorm|[upkeep]
|-damage|p1b: Rillaboom|60/100|[from] Sandstorm
|-damage|p1a: Kingambit|89/100|[from] Sandstorm
|-heal|p1b: Rillaboom|65/100|[from] Grassy Terrain
|-heal|p2a: Tyranitar|100/100|[from] Grassy Terrain
|-heal|p1a: Kingambit|95/100|[from] Grassy Terrain
|upkeep
|turn|7
|-message|dont make me walk forfeited.
|
|win|PrinceVG
|raw|PrinceVG's rating: 1225 → 1252(+27 for winning)
|raw|dont make me walk's rating: 1250 → 1223(-27 for losing)
|l|☆PrinceVG
|player|p1|
