|j|☆SBDV
|j|☆Jun RH
|html|SBDVJun RH    
|uhtml|bestof|Game 2 of a best-of-3
|t:|1757737864
|gametype|doubles
|player|p1|SBDV|sailor|1112
|player|p2|Jun RH|burglar|1070
|gen|9
|tier|[Gen 9] VGC 2025 Reg H (Bo3)
|rated|
|rule|Species Clause: Limit one of each Pokémon
|rule|Item Clause: Limit 1 of each item
|clearpoke
|poke|p1|Dragonite, L50, F|
|poke|p1|Gholdengo, L50|
|poke|p1|Ursaluna-Bloodmoon, L50, M|
|poke|p1|Annihilape, L50, F|
|poke|p1|Maushold-Four, L50|
|poke|p1|Rillaboom, L50, F|
|poke|p2|Gholdengo, L50|
|poke|p2|Incineroar, L50, F|
|poke|p2|Amoonguss, L50, M|
|poke|p2|Dragonite, L50, M|
|poke|p2|Pelipper, L50, F|
|poke|p2|Archaludon, L50, F|
|teampreview|4
|showteam|p1|Dragonite||LoadedDice|Multiscale|Tailwind,ScaleShot,Haze,Protect|||F|||50|,,,,,Fairy]Gholdengo||LifeOrb|GoodasGold|NastyPlot,Protect,MakeItRain,ShadowBall||||||50|,,,,,Water]Ursaluna-Bloodmoon||AssaultVest|MindsEye|BloodMoon,VacuumWave,HyperVoice,EarthPower|||M|||50|,,,,,Water]Annihilape||SitrusBerry|Defiant|DrainPunch,RageFist,BulkUp,Protect|||F|||50|,,,,,Fire]Maushold-Four||FocusSash|FriendGuard|SuperFang,BeatUp,FollowMe,Protect||||||50|,,,,,Ghost]Rillaboom||MiracleSeed|GrassySurge|WoodHammer,GrassyGlide,HighHorsepower,FakeOut|||F|||50|,,,,,Fire
|showteam|p2|Gholdengo||LifeOrb|GoodasGold|MakeItRain,ShadowBall,NastyPlot,Protect||||||50|,,,,,Water]Incineroar||SafetyGoggles|Intimidate|KnockOff,FlareBlitz,FakeOut,PartingShot|||F|||50|,,,,,Ghost]Amoonguss||RockyHelmet|Regenerator|RagePowder,PollenPuff,Protect,Spore|||M|||50|,,,,,Fairy]Dragonite||LoadedDice|Multiscale|ScaleShot,Tailwind,Protect,Haze|||M|||50|,,,,,Fairy]Pelipper||FocusSash|Drizzle|Hurricane,WeatherBall,WideGuard,Protect|||F|||50|,,,,,Stellar]Archaludon||AssaultVest|Stamina|FlashCannon,DracoMeteor,ElectroShot,BodyPress|||F|||50|,,,,,Grass
|
|t:|1757737948
|teamsize|p1|4
|teamsize|p2|4
|start
|switch|p1a: Dragonite|Dragonite, L50, F|100/100
|switch|p1b: Gholdengo|Gholdengo, L50|100/100
|switch|p2a: Gholdengo|Gholdengo, L50|100/100
|switch|p2b: Dragonite|Dragonite, L50, M|100/100
|turn|1
|
|t:|1757738007
|-terastallize|p2b: Dragonite|Fairy
|move|p2a: Gholdengo|Protect|p2a: Gholdengo
|-singleturn|p2a: Gholdengo|Protect
|move|p1b: Gholdengo|Shadow Ball|p2a: Gholdengo
|-activate|p2a: Gholdengo|move: Protect
|move|p2b: Dragonite|Tailwind|p2b: Dragonite
|-sidestart|p2: Jun RH|move: Tailwind
|move|p1a: Dragonite|Tailwind|p1a: Dragonite
|-sidestart|p1: SBDV|move: Tailwind
|
|upkeep
|turn|2
|
|t:|1757738040
|switch|p2b: Incineroar|Incineroar, L50, F|100/100
|-ability|p2b: Incineroar|Intimidate|boost
|-unboost|p1a: Dragonite|atk|1
|-unboost|p1b: Gholdengo|atk|1
|switch|p1a: Maushold|Maushold-Four, L50|100/100
|-terastallize|p1b: Gholdengo|Water
|move|p2a: Gholdengo|Shadow Ball|p1b: Gholdengo
|-damage|p1b: Gholdengo|55/100
|-damage|p2a: Gholdengo|91/100|[from] item: Life Orb
|move|p1b: Gholdengo|Make It Rain|p2a: Gholdengo|[spread] p2a,p2b
|-resisted|p2a: Gholdengo
|-resisted|p2b: Incineroar
|-damage|p2a: Gholdengo|61/100
|-damage|p2b: Incineroar|73/100
|-unboost|p1b: Gholdengo|spa|1
|-damage|p1b: Gholdengo|46/100|[from] item: Life Orb
|
|upkeep
|turn|3
|
|t:|1757738073
|switch|p1b: Rillaboom|Rillaboom, L50, F|100/100
|-fieldstart|move: Grassy Terrain|[from] ability: Grassy Surge|[of] p1b: Rillaboom
|move|p1a: Maushold|Protect|p1a: Maushold
|-singleturn|p1a: Maushold|Protect
|move|p2b: Incineroar|Fake Out|p1b: Rillaboom
|-damage|p1b: Rillaboom|92/100
|move|p2a: Gholdengo|Nasty Plot|p2a: Gholdengo
|-boost|p2a: Gholdengo|spa|2
|
|-heal|p2a: Gholdengo|67/100|[from] Grassy Terrain
|-heal|p2b: Incineroar|79/100|[from] Grassy Terrain
|-heal|p1b: Rillaboom|98/100|[from] Grassy Terrain
|upkeep
|turn|4
|
|t:|1757738097
|switch|p2b: Amoonguss|Amoonguss, L50, M|100/100
|move|p1a: Maushold|Follow Me|p1a: Maushold
|-singleturn|p1a: Maushold|move: Follow Me
|move|p2a: Gholdengo|Make It Rain|p1b: Rillaboom|[spread] p1a,p1b
|-enditem|p1a: Maushold|Focus Sash
|-damage|p1a: Maushold|1/100
|-damage|p1b: Rillaboom|3/100
|-unboost|p2a: Gholdengo|spa|1
|-damage|p2a: Gholdengo|57/100|[from] item: Life Orb
|move|p1b: Rillaboom|High Horsepower|p2a: Gholdengo
|-supereffective|p2a: Gholdengo
|-damage|p2a: Gholdengo|0 fnt
|faint|p2a: Gholdengo
|
|-heal|p1a: Maushold|7/100|[from] Grassy Terrain
|-heal|p1b: Rillaboom|9/100|[from] Grassy Terrain
|-sideend|p1: SBDV|move: Tailwind
|-sideend|p2: Jun RH|move: Tailwind
|upkeep
|
|t:|1757738123
|switch|p2a: Dragonite|Dragonite, L50, M, tera:Fairy|100/100
|turn|5
|
|t:|1757738158
|move|p1a: Maushold|Protect|p1a: Maushold
|-singleturn|p1a: Maushold|Protect
|move|p2a: Dragonite|Scale Shot|p1b: Rillaboom|[miss]
|-miss|p2a: Dragonite|p1b: Rillaboom
|move|p1b: Rillaboom|Wood Hammer|p2a: Dragonite
|-damage|p2a: Dragonite|44/100
|-damage|p1b: Rillaboom|0 fnt|[from] Recoil
|faint|p1b: Rillaboom
|move|p2b: Amoonguss|Pollen Puff|p1a: Maushold
|-activate|p1a: Maushold|move: Protect
|
|-heal|p1a: Maushold|13/100|[from] Grassy Terrain
|-heal|p2a: Dragonite|50/100|[from] Grassy Terrain
|upkeep
|
|t:|1757738192
|switch|p1b: Gholdengo|Gholdengo, L50, tera:Water|46/100
|turn|6
|
|t:|1757738228
|move|p1a: Maushold|Follow Me|p1a: Maushold
|-singleturn|p1a: Maushold|move: Follow Me
|move|p1b: Gholdengo|Make It Rain|p2b: Amoonguss|[spread] p2a,p2b
|-supereffective|p2a: Dragonite
|-damage|p2a: Dragonite|0 fnt
|-damage|p2b: Amoonguss|52/100
|-unboost|p1b: Gholdengo|spa|1
|faint|p2a: Dragonite
|-damage|p1b: Gholdengo|36/100|[from] item: Life Orb
|move|p2b: Amoonguss|Pollen Puff|p1a: Maushold
|-damage|p1a: Maushold|0 fnt
|faint|p1a: Maushold
|
|-heal|p1b: Gholdengo|42/100|[from] Grassy Terrain
|-heal|p2b: Amoonguss|58/100|[from] Grassy Terrain
|upkeep
|
|t:|1757738245
|switch|p1a: Dragonite|Dragonite, L50, F|100/100
|switch|p2a: Incineroar|Incineroar, L50, F|79/100
|-ability|p2a: Incineroar|Intimidate|boost
|-unboost|p1a: Dragonite|atk|1
|-unboost|p1b: Gholdengo|atk|1
|turn|7
|
|t:|1757738268
|move|p1b: Gholdengo|Protect|p1b: Gholdengo
|-singleturn|p1b: Gholdengo|Protect
|move|p1a: Dragonite|Protect|p1a: Dragonite
|-singleturn|p1a: Dragonite|Protect
|move|p2a: Incineroar|Knock Off|p1b: Gholdengo
|-activate|p1b: Gholdengo|move: Protect
|move|p2b: Amoonguss|Spore|p1a: Dragonite
|-activate|p1a: Dragonite|move: Protect
|
|-heal|p1b: Gholdengo|49/100|[from] Grassy Terrain
|-heal|p2a: Incineroar|86/100|[from] Grassy Terrain
|-heal|p2b: Amoonguss|64/100|[from] Grassy Terrain
|-fieldend|move: Grassy Terrain
|upkeep
|turn|8
|
|t:|1757738321
|move|p1b: Gholdengo|Shadow Ball|p2b: Amoonguss
|-damage|p2b: Amoonguss|34/100
|-unboost|p2b: Amoonguss|spd|1
|-damage|p1b: Gholdengo|39/100|[from] item: Life Orb
|move|p1a: Dragonite|Scale Shot|p2b: Amoonguss
|-damage|p2b: Amoonguss|27/100
|-damage|p2b: Amoonguss|20/100
|-damage|p2b: Amoonguss|11/100
|-damage|p2b: Amoonguss|3/100
|-damage|p2b: Amoonguss|0 fnt
|faint|p2b: Amoonguss
|-hitcount|p2: Amoonguss|5
|-unboost|p1a: Dragonite|def|1
|-boost|p1a: Dragonite|spe|1
|move|p2a: Incineroar|Knock Off|p1b: Gholdengo
|-damage|p1b: Gholdengo|0 fnt
|-enditem|p1b: Gholdengo|Life Orb|[from] move: Knock Off|[of] p2a: Incineroar
|faint|p1b: Gholdengo
|
|upkeep
|turn|9
|
|t:|1757738351
|move|p1a: Dragonite|Protect|p1a: Dragonite
|-singleturn|p1a: Dragonite|Protect
|move|p2a: Incineroar|Knock Off|p1a: Dragonite
|-activate|p1a: Dragonite|move: Protect
|
|upkeep
|turn|10
|
|t:|1757738365
|move|p1a: Dragonite|Haze|p1a: Dragonite
|-clearallboost
|move|p2a: Incineroar|Knock Off|p1a: Dragonite
|-damage|p1a: Dragonite|81/100
|-enditem|p1a: Dragonite|Loaded Dice|[from] move: Knock Off|[of] p2a: Incineroar
|
|upkeep
|turn|11
|
|t:|1757738383
|move|p1a: Dragonite|Scale Shot|p2a: Incineroar
|-damage|p2a: Incineroar|72/100
|-crit|p2a: Incineroar
|-damage|p2a: Incineroar|51/100
|-hitcount|p2a: Incineroar|2
|-unboost|p1a: Dragonite|def|1
|-boost|p1a: Dragonite|spe|1
|move|p2a: Incineroar|Knock Off|p1a: Dragonite
|-damage|p1a: Dragonite|37/100
|
|upkeep
|turn|12
|
|t:|1757738395
|move|p1a: Dragonite|Scale Shot|p2a: Incineroar
|-damage|p2a: Incineroar|37/100
|-damage|p2a: Incineroar|23/100
|-hitcount|p2a: Incineroar|2
|-unboost|p1a: Dragonite|def|1
|-boost|p1a: Dragonite|spe|1
|move|p2a: Incineroar|Knock Off|p1a: Dragonite
|-damage|p1a: Dragonite|0 fnt
|faint|p1a: Dragonite
|
|win|Jun RH
||SBDV is ready for game 3.
