|j|☆GoofyGifts
|j|☆SnappedM15
|html|GoofyGiftsSnappedM15    
|uhtml|bestof|Game 2 of a best-of-3
|t:|1757041502
|gametype|doubles
|player|p1|GoofyGifts|blue|
|player|p2|SnappedM15|volkner|
|gen|9
|tier|[Gen 9] VGC 2025 Reg H (Bo3)
|rule|Species Clause: Limit one of each Pokémon
|rule|Item Clause: Limit 1 of each item
|clearpoke
|poke|p1|Indeedee, L50, M|
|poke|p1|Drifblim, L50, M|
|poke|p1|Volcarona, L50, F|
|poke|p1|Kommo-o, L50, M|
|poke|p1|Toxtricity, L50, M|
|poke|p1|Hydreigon, L50, M|
|poke|p2|Tyranitar, L50, M|
|poke|p2|Hippowdon, L50, M|
|poke|p2|Houndstone, L50, F|
|poke|p2|Lycanroc, L50, M|
|poke|p2|Gastrodon, L50, M|
|poke|p2|Toxapex, L50, F|
|teampreview|4
|showteam|p1|Indeedee||FocusSash|PsychicSurge|ExpandingForce,TeraBlast,Imprison,TrickRoom|||M|||50|,,,,,Ground]Drifblim||PsychicSeed|Unburden|Acrobatics,WillOWisp,StrengthSap,Tailwind|||M|||50|,,,,,Grass]Volcarona||LifeOrb|FlameBody|BugBuzz,HeatWave,TeraBlast,Protect|||F|||50|,,,,,Fairy]Kommo-o||Leftovers|Soundproof|BodyPress,Flamethrower,IronDefense,Protect|||M|||50|,,,,,Fire]Toxtricity||ChoiceSpecs|PunkRock|Overdrive,Boomburst,SludgeBomb,VoltSwitch|||M|||50|,,,,,Normal]Hydreigon||AssaultVest|Levitate|DarkPulse,DracoMeteor,EarthPower,Snarl|||M|||50|,,,,,Ghost
|showteam|p2|Tyranitar||AssaultVest|SandStream|Earthquake,StoneEdge,Crunch,FireFang|||M|||50|,,,,,Rock]Hippowdon||SmoothRock|SandStream|SlackOff,Earthquake,StealthRock,Protect|||M|||50|,,,,,Ground]Houndstone||LifeOrb|SandRush|ShadowBall,ShadowSneak,Crunch,TeraBlast|||F|||50|,,,,,Fighting]Lycanroc||FocusSash|SandRush|SwordsDance,StoneEdge,CloseCombat,Accelerock|||M|||50|,,,,,Rock]Gastrodon||Leftovers|StormDrain|Spikes,StealthRock,Recover,Earthquake|||M|||50|,,,,,Water]Toxapex||BlackSludge|Regenerator|Recover,BanefulBunker,SludgeBomb,Haze|||F|||50|,,,,,Poison
|
|t:|1757041571
|teamsize|p1|4
|teamsize|p2|4
|start
|switch|p1a: Vertnars|Volcarona, L50, F|100/100
|switch|p1b: King dedede|Indeedee, L50, M|100/100
|switch|p2a: Mars|Hippowdon, L50, M|100/100
|switch|p2b: Motley Crue|Toxapex, L50, F|100/100
|-fieldstart|move: Psychic Terrain|[from] ability: Psychic Surge|[of] p1b: King dedede
|-weather|Sandstorm|[from] ability: Sand Stream|[of] p2a: Mars
|turn|1
|
|t:|1757041612
|move|p1a: Vertnars|Protect|p1a: Vertnars
|-singleturn|p1a: Vertnars|Protect
|move|p2a: Mars|Protect|p2a: Mars
|-singleturn|p2a: Mars|Protect
|move|p1b: King dedede|Expanding Force|p2b: Motley Crue|[spread] p2b
|-activate|p2a: Mars|move: Protect
|-supereffective|p2b: Motley Crue
|-damage|p2b: Motley Crue|13/100
|move|p2b: Motley Crue|Recover|p2b: Motley Crue
|-heal|p2b: Motley Crue|63/100
|
|-weather|Sandstorm|[upkeep]
|-damage|p1b: King dedede|95/100|[from] Sandstorm
|-damage|p1a: Vertnars|94/100|[from] Sandstorm
|-damage|p2b: Motley Crue|57/100|[from] Sandstorm
|-heal|p2b: Motley Crue|63/100|[from] item: Black Sludge
|upkeep
|turn|2
|
|t:|1757041656
|move|p2a: Mars|Protect||[still]
|-fail|p2a: Mars
|move|p1b: King dedede|Tera Blast|p2a: Mars
|-damage|p2a: Mars|60/100
|move|p1a: Vertnars|Heat Wave|p2a: Mars|[spread] 
|-miss|p1a: Vertnars|p2a: Mars
|-miss|p1a: Vertnars|p2b: Motley Crue
|move|p2b: Motley Crue|Recover|p2b: Motley Crue
|-heal|p2b: Motley Crue|100/100
|
|-weather|Sandstorm|[upkeep]
|-damage|p1b: King dedede|89/100|[from] Sandstorm
|-damage|p1a: Vertnars|88/100|[from] Sandstorm
|-damage|p2b: Motley Crue|95/100|[from] Sandstorm
|-heal|p2b: Motley Crue|100/100|[from] item: Black Sludge
|upkeep
|turn|3
|
|t:|1757041692
|move|p1a: Vertnars|Heat Wave|p2a: Mars|[spread] p2a,p2b
|-crit|p2a: Mars
|-resisted|p2b: Motley Crue
|-damage|p2a: Mars|0 fnt
|-damage|p2b: Motley Crue|81/100
|-status|p2b: Motley Crue|brn
|faint|p2a: Mars
|-damage|p1a: Vertnars|78/100|[from] item: Life Orb
|move|p2b: Motley Crue|Recover|p2b: Motley Crue
|-heal|p2b: Motley Crue|100/100 brn
|move|p1b: King dedede|Trick Room|p1b: King dedede
|-fieldstart|move: Trick Room|[of] p1b: King dedede
|
|-weather|Sandstorm|[upkeep]
|-damage|p2b: Motley Crue|95/100 brn|[from] Sandstorm
|-damage|p1a: Vertnars|72/100|[from] Sandstorm
|-damage|p1b: King dedede|83/100|[from] Sandstorm
|-heal|p2b: Motley Crue|100/100 brn|[from] item: Black Sludge
|-damage|p2b: Motley Crue|95/100 brn|[from] brn
|upkeep
|
|t:|1757041712
|switch|p2a: Tommy|Lycanroc, L50, M|100/100
|turn|4
|
|t:|1757041750
|move|p1a: Vertnars|Protect|p1a: Vertnars
|-singleturn|p1a: Vertnars|Protect
|move|p2a: Tommy|Accelerock|p1b: King dedede
|-activate|p1b: King dedede|move: Psychic Terrain
|move|p2b: Motley Crue|Haze|p2b: Motley Crue
|-clearallboost
|move|p1b: King dedede|Expanding Force|p2a: Tommy|[spread] p2a,p2b
|-supereffective|p2b: Motley Crue
|-damage|p2a: Tommy|46/100
|-damage|p2b: Motley Crue|2/100 brn
|
|-weather|Sandstorm|[upkeep]
|-damage|p2b: Motley Crue|0 fnt|[from] Sandstorm
|-damage|p1a: Vertnars|66/100|[from] Sandstorm
|-damage|p1b: King dedede|77/100|[from] Sandstorm
|faint|p2b: Motley Crue
|upkeep
|
|t:|1757041766
|switch|p2b: Kickstart|Tyranitar, L50, M|100/100
|turn|5
|
|t:|1757041837
|move|p2b: Kickstart|Earthquake|p1b: King dedede|[spread] p2a,p1a,p1b
|-supereffective|p2a: Tommy
|-damage|p2a: Tommy|0 fnt
|-damage|p1a: Vertnars|26/100
|-damage|p1b: King dedede|18/100
|faint|p2a: Tommy
|move|p1a: Vertnars|Tera Blast|p2b: Kickstart
|-resisted|p2b: Kickstart
|-damage|p2b: Kickstart|94/100
|-damage|p1a: Vertnars|16/100|[from] item: Life Orb
|move|p1b: King dedede|Tera Blast|p2b: Kickstart
|-resisted|p2b: Kickstart
|-damage|p2b: Kickstart|86/100
|
|-weather|Sandstorm|[upkeep]
|-damage|p1a: Vertnars|10/100|[from] Sandstorm
|-damage|p1b: King dedede|12/100|[from] Sandstorm
|-fieldend|move: Psychic Terrain
|upkeep
|turn|6
|
|t:|1757041871
|move|p2b: Kickstart|Stone Edge|p1b: King dedede|[miss]
|-miss|p2b: Kickstart|p1b: King dedede
|move|p1a: Vertnars|Tera Blast|p2b: Kickstart
|-resisted|p2b: Kickstart
|-damage|p2b: Kickstart|79/100
|-damage|p1a: Vertnars|0 fnt|[from] item: Life Orb
|faint|p1a: Vertnars
|move|p1b: King dedede|Trick Room|p1b: King dedede
|-fieldend|move: Trick Room
|
|-weather|Sandstorm|[upkeep]
|-damage|p1b: King dedede|6/100|[from] Sandstorm
|upkeep
|
|t:|1757041886
|switch|p1a: Chips|Kommo-o, L50, M|100/100
|turn|7
|
|t:|1757041917
|move|p1b: King dedede|Expanding Force|p2b: Kickstart
|-immune|p2b: Kickstart
|move|p1a: Chips|Iron Defense|p1a: Chips
|-boost|p1a: Chips|def|2
|move|p2b: Kickstart|Stone Edge|p1b: King dedede
|-crit|p1b: King dedede
|-damage|p1b: King dedede|0 fnt
|faint|p1b: King dedede
|
|-weather|Sandstorm|[upkeep]
|-damage|p1a: Chips|94/100|[from] Sandstorm
|-heal|p1a: Chips|100/100|[from] item: Leftovers
|upkeep
|
|t:|1757041927
|switch|p1b: Grooker|Toxtricity, L50, M, shiny|100/100
|turn|8
|
|t:|1757042005
|move|p1b: Grooker|Volt Switch|p2b: Kickstart
|-damage|p2b: Kickstart|59/100
|move|p1a: Chips|Body Press|p2b: Kickstart
|-supereffective|p2b: Kickstart
|-damage|p2b: Kickstart|0 fnt
|faint|p2b: Kickstart
|
|win|GoofyGifts
