|j|☆M0ckingEJ
|j|☆coastline2687
|html|M0ckingEJcoastline2687    
|uhtml|bestof|Game 1 of a best-of-3
|t:|1756818655
|gametype|doubles
|player|p1|M0ckingEJ|n|1131
|player|p2|coastline2687|iris-gen5bw2|1035
|gen|9
|tier|[Gen 9] VGC 2025 Reg H (Bo3)
|rated|
|rule|Species Clause: Limit one of each Pokémon
|rule|Item Clause: Limit 1 of each item
|clearpoke
|poke|p1|Pelipper, L50, M|
|poke|p1|Overqwil, L50, F|
|poke|p1|Archaludon, L50, F|
|poke|p1|Gastrodon-East, L50, F|
|poke|p1|Sinistcha, L50|
|poke|p1|Ursaluna, L50, F|
|poke|p2|Greninja-*, L50, M|
|poke|p2|Gholdengo, L50|
|poke|p2|Incineroar, L50, M|
|poke|p2|Amoonguss, L50, M|
|poke|p2|Politoed, L50, F|
|poke|p2|Archaludon, L50, F|
|teampreview|4
|showteam|p1|Pelipper||CovertCloak|Drizzle|Hurricane,WeatherBall,Tailwind,Protect|||M|||50|,,,,,Stellar]Overqwil||LifeOrb|SwiftSwim|ThroatChop,Liquidation,GunkShot,Haze|||F|||50|,,,,,Water]Archaludon||AssaultVest|Stamina|DracoMeteor,ElectroShot,FlashCannon,BodyPress|||F|||50|,,,,,Bug]Gastrodon-East||ExpertBelt|StormDrain|Protect,EarthPower,MuddyWater,Yawn|||F|||50|,,,,,Fire]Sinistcha||SitrusBerry|Hospitality|MatchaGotcha,RagePowder,LifeDew,Protect||||||50|,,,,,Fire]Ursaluna||FlameOrb|Guts|Earthquake,Facade,Protect,HeadlongRush|||F|||50|,,,,,Poison
|showteam|p2|Greninja||FocusSash|Torrent|DarkPulse,HydroPump,Protect,Taunt|||M|||50|,,,,,Ghost]Gholdengo||LifeOrb|GoodasGold|MakeItRain,ShadowBall,NastyPlot,Protect||||||50|,,,,,Flying]Incineroar||SafetyGoggles|Intimidate|FakeOut,KnockOff,FlareBlitz,PartingShot|||M|||50|,,,,,Ghost]Amoonguss||RockyHelmet|Regenerator|Protect,Spore,RagePowder,SludgeBomb|||M|||50|,,,,,Water]Politoed||Leftovers|Drizzle|Protect,Encore,WeatherBall,HelpingHand|||F|||50|,,,,,Water]Archaludon||AssaultVest|Stamina|ElectroShot,DragonPulse,BodyPress,FlashCannon|||F|||50|,,,,,Grass
|inactive|Battle timer is ON: inactive players will automatically lose when time's up. (requested by coastline2687)
|inactive|M0ckingEJ has 60 seconds left.
|inactive|coastline2687 has 60 seconds left.
|
|t:|1756818697
|teamsize|p1|4
|teamsize|p2|4
|start
|switch|p1a: Gastrodon|Gastrodon-East, L50, F, shiny|100/100
|switch|p1b: Sinistcha|Sinistcha, L50, shiny|100/100
|switch|p2a: Garfield|Incineroar, L50, M|100/100
|switch|p2b: parkour|Archaludon, L50, F|100/100
|-ability|p2a: Garfield|Intimidate|boost
|-unboost|p1a: Gastrodon|atk|1
|-unboost|p1b: Sinistcha|atk|1
|turn|1
|inactive|M0ckingEJ has 30 seconds left.
|inactive|coastline2687 has 30 seconds left.
|
|t:|1756818726
|move|p1b: Sinistcha|Protect|p1b: Sinistcha
|-singleturn|p1b: Sinistcha|Protect
|move|p2a: Garfield|Fake Out|p1a: Gastrodon
|-damage|p1a: Gastrodon|91/100
|move|p2b: parkour|Dragon Pulse|p1b: Sinistcha
|-activate|p1b: Sinistcha|move: Protect
|cant|p1a: Gastrodon|flinch
|
|upkeep
|turn|2
|
|t:|1756818748
|switch|p2b: Trans Rights|Amoonguss, L50, M|100/100
|move|p1b: Sinistcha|Life Dew||[still]|[spread] 
|-ability|p1a: Gastrodon|Storm Drain|boost
|-boost|p1a: Gastrodon|spa|1
|-fail|p1b: Sinistcha|heal
|move|p2a: Garfield|Parting Shot|p1a: Gastrodon
|-unboost|p1a: Gastrodon|atk|1
|-unboost|p1a: Gastrodon|spa|1
|
|t:|1756818758
|switch|p2a: Elon Musk|Gholdengo, L50|100/100|[from] Parting Shot
|move|p1a: Gastrodon|Yawn|p2b: Trans Rights
|-start|p2b: Trans Rights|move: Yawn|[of] p1a: Gastrodon
|
|upkeep
|turn|3
|inactive|M0ckingEJ has 30 seconds left.
|
|t:|1756818791
|move|p2a: Elon Musk|Protect|p2a: Elon Musk
|-singleturn|p2a: Elon Musk|Protect
|move|p1a: Gastrodon|Protect|p1a: Gastrodon
|-singleturn|p1a: Gastrodon|Protect
|move|p1b: Sinistcha|Life Dew||[still]|[spread] 
|-ability|p1a: Gastrodon|Storm Drain|boost
|-boost|p1a: Gastrodon|spa|1
|-fail|p1b: Sinistcha|heal
|move|p2b: Trans Rights|Spore|p1a: Gastrodon
|-activate|p1a: Gastrodon|move: Protect
|
|-end|p2b: Trans Rights|move: Yawn|[silent]
|-status|p2b: Trans Rights|slp
|upkeep
|turn|4
|inactive|coastline2687 has 30 seconds left.
|
|t:|1756818817
|-terastallize|p2a: Elon Musk|Flying
|cant|p2b: Trans Rights|slp
|move|p2a: Elon Musk|Shadow Ball|p1a: Gastrodon
|-damage|p1a: Gastrodon|35/100
|-damage|p2a: Elon Musk|91/100|[from] item: Life Orb
|move|p1b: Sinistcha|Life Dew||[still]|[spread] 
|-ability|p1a: Gastrodon|Storm Drain|boost
|-boost|p1a: Gastrodon|spa|1
|-fail|p1b: Sinistcha|heal
|move|p1a: Gastrodon|Muddy Water|p2b: Trans Rights|[spread] p2a,p2b
|-resisted|p2b: Trans Rights
|-damage|p2a: Elon Musk|41/100
|-damage|p2b: Trans Rights|79/100 slp
|-unboost|p2b: Trans Rights|accuracy|1
|
|upkeep
|turn|5
|inactive|coastline2687 has 30 seconds left.
|inactive|coastline2687 has 20 seconds left.
|
|t:|1756818852
|move|p1b: Sinistcha|Rage Powder|p1b: Sinistcha
|-singleturn|p1b: Sinistcha|move: Rage Powder
|move|p2a: Elon Musk|Make It Rain|p1a: Gastrodon|[spread] p1a,p1b
|-resisted|p1a: Gastrodon
|-damage|p1a: Gastrodon|7/100
|-damage|p1b: Sinistcha|34/100
|-unboost|p2a: Elon Musk|spa|1
|-enditem|p1b: Sinistcha|Sitrus Berry|[eat]
|-heal|p1b: Sinistcha|59/100|[from] item: Sitrus Berry
|-damage|p2a: Elon Musk|31/100|[from] item: Life Orb
|move|p1a: Gastrodon|Muddy Water|p2a: Elon Musk|[spread] p2a,p2b
|-resisted|p2b: Trans Rights
|-damage|p2a: Elon Musk|0 fnt
|-damage|p2b: Trans Rights|58/100 slp
|faint|p2a: Elon Musk
|-curestatus|p2b: Trans Rights|slp|[msg]
|move|p2b: Trans Rights|Spore|p1a: Gastrodon
|-status|p1a: Gastrodon|slp|[from] move: Spore
|
|upkeep
|
|t:|1756818869
|switch|p2a: Garfield|Incineroar, L50, M|100/100
|-ability|p2a: Garfield|Intimidate|boost
|-unboost|p1a: Gastrodon|atk|1
|-unboost|p1b: Sinistcha|atk|1
|turn|6
|
|t:|1756818885
|switch|p1a: Archaludon|Archaludon, L50, F, shiny|100/100
|move|p1b: Sinistcha|Protect|p1b: Sinistcha
|-singleturn|p1b: Sinistcha|Protect
|move|p2a: Garfield|Fake Out|p1a: Archaludon
|-resisted|p1a: Archaludon
|-damage|p1a: Archaludon|97/100
|-ability|p1a: Archaludon|Stamina|boost
|-boost|p1a: Archaludon|def|1
|move|p2b: Trans Rights|Sludge Bomb|p1b: Sinistcha
|-activate|p1b: Sinistcha|move: Protect
|
|upkeep
|turn|7
|inactive|M0ckingEJ has 30 seconds left.
|inactive|M0ckingEJ has 20 seconds left.
|inactive|M0ckingEJ has 15 seconds left.
|
|t:|1756818928
|switch|p1b: Overqwil|Overqwil, L50, F, shiny|100/100
|move|p2b: Trans Rights|Rage Powder|p2b: Trans Rights
|-singleturn|p2b: Trans Rights|move: Rage Powder
|move|p1a: Archaludon|Draco Meteor|p2b: Trans Rights|[miss]
|-miss|p1a: Archaludon|p2b: Trans Rights
|move|p2a: Garfield|Flare Blitz|p1a: Archaludon
|-damage|p1a: Archaludon|73/100
|-ability|p1a: Archaludon|Stamina|boost
|-boost|p1a: Archaludon|def|1
|-damage|p2a: Garfield|93/100|[from] Recoil
|
|upkeep
|turn|8
|inactive|M0ckingEJ has 30 seconds left.
|
|t:|1756818962
|move|p2b: Trans Rights|Rage Powder|p2b: Trans Rights
|-singleturn|p2b: Trans Rights|move: Rage Powder
|move|p1b: Overqwil|Gunk Shot|p2b: Trans Rights
|-damage|p2b: Trans Rights|0 fnt
|faint|p2b: Trans Rights
|-damage|p1b: Overqwil|91/100|[from] item: Life Orb
|move|p1a: Archaludon|Body Press|p2a: Garfield
|-supereffective|p2a: Garfield
|-damage|p2a: Garfield|27/100
|move|p2a: Garfield|Parting Shot|p1a: Archaludon
|-unboost|p1a: Archaludon|atk|1
|-unboost|p1a: Archaludon|spa|1
|
|t:|1756818981
|switch|p2a: parkour|Archaludon, L50, F|100/100|[from] Parting Shot
|
|upkeep
|
|t:|1756818984
|switch|p2b: Garfield|Incineroar, L50, M|27/100
|-ability|p2b: Garfield|Intimidate|boost
|-unboost|p1a: Archaludon|atk|1
|-unboost|p1b: Overqwil|atk|1
|turn|9
|
|t:|1756819000
|switch|p1b: Sinistcha|Sinistcha, L50, shiny|59/100
|-heal|p1a: Archaludon|98/100|[from] ability: Hospitality|[of] p1b: Sinistcha
|-terastallize|p1a: Archaludon|Bug
|move|p2b: Garfield|Fake Out|p1a: Archaludon
|-damage|p1a: Archaludon|95/100
|-ability|p1a: Archaludon|Stamina|boost
|-boost|p1a: Archaludon|def|1
|move|p2a: parkour|Dragon Pulse|p1a: Archaludon
|-damage|p1a: Archaludon|62/100
|-ability|p1a: Archaludon|Stamina|boost
|-boost|p1a: Archaludon|def|1
|cant|p1a: Archaludon|flinch
|
|upkeep
|turn|10
|inactive|coastline2687 has 30 seconds left.
|
|t:|1756819033
|move|p2a: parkour|Body Press|p1a: Archaludon
|-resisted|p1a: Archaludon
|-damage|p1a: Archaludon|60/100
|-ability|p1a: Archaludon|Stamina|boost
|-boost|p1a: Archaludon|def|1
|move|p1a: Archaludon|Body Press|p2b: Garfield
|-supereffective|p2b: Garfield
|-damage|p2b: Garfield|0 fnt
|faint|p2b: Garfield
|move|p1b: Sinistcha|Life Dew|p1b: Sinistcha|[spread] p1a,p1b
|-heal|p1a: Archaludon|85/100
|-heal|p1b: Sinistcha|84/100
|
|upkeep
|turn|11
|inactive|M0ckingEJ has 30 seconds left.
|
|t:|1756819060
|move|p2a: parkour|Electro Shot||[still]
|-prepare|p2a: parkour|Electro Shot
|-boost|p2a: parkour|spa|1
|move|p1a: Archaludon|Draco Meteor|p2a: parkour|[miss]
|-miss|p1a: Archaludon|p2a: parkour
|move|p1b: Sinistcha|Life Dew|p1b: Sinistcha|[spread] p1a,p1b
|-heal|p1a: Archaludon|100/100
|-heal|p1b: Sinistcha|100/100
|
|upkeep
|turn|12
|
|t:|1756819073
|switch|p1b: Gastrodon|Gastrodon-East, L50, F, shiny|7/100 slp
|move|p2a: parkour|Electro Shot|p1a: Archaludon|[from] lockedmove
|-damage|p1a: Archaludon|52/100
|-ability|p1a: Archaludon|Stamina|boost
|-boost|p1a: Archaludon|def|1
|move|p1a: Archaludon|Draco Meteor|p2a: parkour
|-damage|p2a: parkour|67/100
|-unboost|p1a: Archaludon|spa|2
|-ability|p2a: parkour|Stamina|boost
|-boost|p2a: parkour|def|1
|
|upkeep
|turn|13
|
|t:|1756819085
|switch|p1b: Sinistcha|Sinistcha, L50, shiny|100/100
|-heal|p1a: Archaludon|77/100|[from] ability: Hospitality|[of] p1b: Sinistcha
|move|p2a: parkour|Body Press|p1b: Sinistcha
|-immune|p1b: Sinistcha
|move|p1a: Archaludon|Electro Shot||[still]
|-prepare|p1a: Archaludon|Electro Shot
|-boost|p1a: Archaludon|spa|1
|
|upkeep
|turn|14
|
|t:|1756819093
|move|p2a: parkour|Flash Cannon|p1b: Sinistcha
|-damage|p1b: Sinistcha|31/100
|move|p1a: Archaludon|Electro Shot|p2a: parkour|[from] lockedmove
|-resisted|p2a: parkour
|-damage|p2a: parkour|59/100
|-ability|p2a: parkour|Stamina|boost
|-boost|p2a: parkour|def|1
|move|p1b: Sinistcha|Life Dew|p1b: Sinistcha|[spread] p1a,p1b
|-heal|p1a: Archaludon|100/100
|-heal|p1b: Sinistcha|56/100
|
|upkeep
|turn|15
|
|t:|1756819111
|switch|p1b: Overqwil|Overqwil, L50, F, shiny|91/100
|move|p2a: parkour|Flash Cannon|p1b: Overqwil
|-damage|p1b: Overqwil|0 fnt
|faint|p1b: Overqwil
|move|p1a: Archaludon|Body Press|p2a: parkour
|-supereffective|p2a: parkour
|-damage|p2a: parkour|0 fnt
|faint|p2a: parkour
|
|win|M0ckingEJ
||M0ckingEJ is ready for game 2.
|inactive|coastline2687 has 30 seconds to confirm battle start!
||coastline2687 is ready for game 2.
|uhtml|next|Next: Game 2 of 3
|l|☆M0ckingEJ
|player|p1|
