|j|☆aefrmm
|j|☆raylof
|html|aefrmmraylof    
|uhtml|bestof|Game 1 of a best-of-3
|t:|1756183543
|gametype|doubles
|player|p1|aefrmm|pokemonrangerf-gen4|
|player|p2|raylof|2|
|gen|9
|tier|[Gen 9] VGC 2025 Reg H (Bo3)
|rule|Species Clause: Limit one of each Pokémon
|rule|Item Clause: Limit 1 of each item
|clearpoke
|poke|p1|Ninetales-Alola, L50, F|
|poke|p1|Basculegion, L50, M|
|poke|p1|Magmar, L50, M|
|poke|p1|Sneasler, L50, M|
|poke|p1|Rillaboom, L50, M|
|poke|p1|Kingambit, L50, M|
|poke|p2|Garchomp, L50, F|
|poke|p2|Dragonite, L50, M|
|poke|p2|Amoonguss, L50, F|
|poke|p2|Incineroar, L50, F|
|poke|p2|Ninetales-Alola, L50, F|
|poke|p2|Kingambit, L50, F|
|teampreview|4
|showteam|p1|Ninetales-Alola||LifeOrb|SnowWarning|Blizzard,FreezeDry,Encore,Protect|||F|||50|,,,,,Ghost]Basculegion||ChoiceScarf|Adaptability|WaveCrash,LastRespects,FlipTurn,TeraBlast|||M|||50|,,,,,Fighting]Magmar||Eviolite|VitalSpirit|Taunt,HeatWave,FollowMe,Protect|||M|||50|,,,,,Water]Sneasler||FocusSash|PoisonTouch|CloseCombat,DireClaw,FakeOut,Protect|||M|||50|,,,,,Stellar]Rillaboom||AssaultVest|GrassySurge|WoodHammer,GrassyGlide,Uturn,FakeOut|||M|||50|,,,,,Water]Kingambit||BlackGlasses|Defiant|KowtowCleave,SuckerPunch,SwordsDance,Protect|||M|||50|,,,,,Fire
|showteam|p2|Garchomp||ChoiceBand|RoughSkin|Earthquake,DragonClaw,StompingTantrum,RockSlide|||F|||50|,,,,,Steel]Dragonite||LumBerry|Multiscale|TeraBlast,ExtremeSpeed,LowKick,Protect|||M|||50|,,,,,Flying]Amoonguss||SitrusBerry|Regenerator|PollenPuff,ClearSmog,Spore,RagePowder|||F|||50|,,,,,Water]Incineroar||SafetyGoggles|Intimidate|FlareBlitz,KnockOff,FakeOut,PartingShot|||F|||50|,,,,,Ghost]Ninetales-Alola||ChoiceSpecs|SnowWarning|Blizzard,IceBeam,Moonblast,FreezeDry|||F|||50|,,,,,Ice]Kingambit||AssaultVest|Defiant|KowtowCleave,IronHead,SuckerPunch,LowKick|||F|||50|,,,,,Dark
|inactive|Battle timer is ON: inactive players will automatically lose when time's up. (requested by aefrmm)
|inactive|aefrmm has 60 seconds left.
|inactive|raylof has 60 seconds left.
|inactive|aefrmm has 30 seconds left.
|inactive|raylof has 30 seconds left.
|inactive|aefrmm has 20 seconds left.
|inactive|raylof has 20 seconds left.
|inactive|aefrmm has 15 seconds left.
|inactive|aefrmm has 10 seconds left.
|inactive|aefrmm has 5 seconds left.
|
|t:|1756183634
|teamsize|p1|4
|teamsize|p2|4
|start
|switch|p1a: Ninetales|Ninetales-Alola, L50, F|100/100
|switch|p1b: Basculegion|Basculegion, L50, M|100/100
|switch|p2a: Garchomp|Garchomp, L50, F|100/100
|switch|p2b: Dragonite|Dragonite, L50, M|100/100
|-weather|Snowscape|[from] ability: Snow Warning|[of] p1a: Ninetales
|turn|1
|inactive|aefrmm has 30 seconds left.
|inactive|raylof has 30 seconds left.
|inactive|aefrmm has 20 seconds left.
|inactive|raylof has 20 seconds left.
|inactive|aefrmm has 15 seconds left.
|inactive|raylof has 15 seconds left.
|inactive|aefrmm has 10 seconds left.
|inactive|aefrmm has 5 seconds left.
|
|t:|1756183687
|switch|p2a: Kingambit|Kingambit, L50, F|100/100
|-terastallize|p2b: Dragonite|Flying
|move|p1b: Basculegion|Flip Turn|p2b: Dragonite
|-damage|p2b: Dragonite|81/100
|
|t:|1756183695
|switch|p1b: Magmar|Magmar, L50, M|100/100|[from] Flip Turn
|move|p1a: Ninetales|Blizzard|p2b: Dragonite|[spread] p2a,p2b
|-resisted|p2a: Kingambit
|-supereffective|p2b: Dragonite
|-damage|p2a: Kingambit|87/100
|-damage|p2b: Dragonite|6/100
|-damage|p1a: Ninetales|91/100|[from] item: Life Orb
|move|p2b: Dragonite|Tera Blast|p1b: Magmar|[anim] Tera Blast Flying
|-damage|p1b: Magmar|50/100
|
|-weather|Snowscape|[upkeep]
|upkeep
|turn|2
|inactive|raylof has 30 seconds left.
|
|t:|1756183728
|move|p2b: Dragonite|Protect|p2b: Dragonite
|-singleturn|p2b: Dragonite|Protect
|move|p1b: Magmar|Follow Me|p1b: Magmar
|-singleturn|p1b: Magmar|move: Follow Me
|move|p1a: Ninetales|Blizzard|p2b: Dragonite|[spread] p2a
|-activate|p2b: Dragonite|move: Protect
|-resisted|p2a: Kingambit
|-damage|p2a: Kingambit|74/100
|-damage|p1a: Ninetales|82/100|[from] item: Life Orb
|move|p2a: Kingambit|Kowtow Cleave|p1b: Magmar
|-damage|p1b: Magmar|13/100
|
|-weather|Snowscape|[upkeep]
|upkeep
|turn|3
|
|t:|1756183743
|move|p1b: Magmar|Follow Me|p1b: Magmar
|-singleturn|p1b: Magmar|move: Follow Me
|move|p2b: Dragonite|Extreme Speed|p1b: Magmar
|-damage|p1b: Magmar|0 fnt
|faint|p1b: Magmar
|move|p1a: Ninetales|Blizzard|p2a: Kingambit|[spread] p2a,p2b
|-resisted|p2a: Kingambit
|-supereffective|p2b: Dragonite
|-damage|p2a: Kingambit|60/100
|-damage|p2b: Dragonite|0 fnt
|faint|p2b: Dragonite
|-damage|p1a: Ninetales|72/100|[from] item: Life Orb
|move|p2a: Kingambit|Iron Head|p1a: Ninetales
|-supereffective|p1a: Ninetales
|-damage|p1a: Ninetales|0 fnt
|faint|p1a: Ninetales
|
|-weather|Snowscape|[upkeep]
|upkeep
|
|t:|1756183759
|switch|p1a: Basculegion|Basculegion, L50, M|100/100
|switch|p1b: Sneasler|Sneasler, L50, M|100/100
|switch|p2b: Amoonguss|Amoonguss, L50, F|100/100
|turn|4
|inactive|aefrmm has 30 seconds left.
|inactive|aefrmm has 20 seconds left.
|inactive|aefrmm has 15 seconds left.
|inactive|aefrmm has 10 seconds left.
|
|t:|1756183807
|switch|p2a: Garchomp|Garchomp, L50, F|100/100
|-terastallize|p1a: Basculegion|Fighting
|move|p1b: Sneasler|Fake Out|p2b: Amoonguss
|-damage|p2b: Amoonguss|86/100
|move|p1a: Basculegion|Tera Blast|p2a: Garchomp|[anim] Tera Blast Fighting
|-damage|p2a: Garchomp|47/100
|cant|p2b: Amoonguss|flinch
|
|-weather|Snowscape|[upkeep]
|upkeep
|turn|5
|
|t:|1756183828
|move|p2b: Amoonguss|Rage Powder|p2b: Amoonguss
|-singleturn|p2b: Amoonguss|move: Rage Powder
|move|p1a: Basculegion|Tera Blast|p2b: Amoonguss|[anim] Tera Blast Fighting
|-resisted|p2b: Amoonguss
|-damage|p2b: Amoonguss|66/100
|move|p1b: Sneasler|Close Combat|p2b: Amoonguss
|-resisted|p2b: Amoonguss
|-damage|p2b: Amoonguss|38/100
|-unboost|p1b: Sneasler|def|1
|-unboost|p1b: Sneasler|spd|1
|-enditem|p2b: Amoonguss|Sitrus Berry|[eat]
|-heal|p2b: Amoonguss|63/100|[from] item: Sitrus Berry
|move|p2a: Garchomp|Earthquake|p1b: Sneasler|[spread] p2b,p1a,p1b
|-supereffective|p1b: Sneasler
|-damage|p2b: Amoonguss|15/100
|-damage|p1a: Basculegion|33/100
|-enditem|p1b: Sneasler|Focus Sash
|-damage|p1b: Sneasler|1/100
|
|-weather|none
|upkeep
|turn|6
|
|t:|1756183849
|move|p2b: Amoonguss|Rage Powder|p2b: Amoonguss
|-singleturn|p2b: Amoonguss|move: Rage Powder
|move|p1a: Basculegion|Tera Blast|p2b: Amoonguss|[anim] Tera Blast Fighting
|-resisted|p2b: Amoonguss
|-damage|p2b: Amoonguss|0 fnt
|faint|p2b: Amoonguss
|move|p1b: Sneasler|Close Combat|p2a: Garchomp
|-damage|p2a: Garchomp|0 fnt
|-unboost|p1b: Sneasler|def|1
|-unboost|p1b: Sneasler|spd|1
|-damage|p1b: Sneasler|0 fnt|[from] ability: Rough Skin|[of] p2a: Garchomp
|faint|p2a: Garchomp
|faint|p1b: Sneasler
|
|upkeep
|
|t:|1756183861
|switch|p2b: Kingambit|Kingambit, L50, F|60/100
|turn|7
|
|t:|1756183868
|move|p2b: Kingambit|Sucker Punch|p1a: Basculegion
|-resisted|p1a: Basculegion
|-damage|p1a: Basculegion|8/100
|move|p1a: Basculegion|Tera Blast|p2b: Kingambit|[anim] Tera Blast Fighting
|-supereffective|p2b: Kingambit
|-damage|p2b: Kingambit|0 fnt
|faint|p2b: Kingambit
|
|win|aefrmm
||aefrmm is ready for game 2.
