|j|☆setheeswag
|j|☆Farigi no Raf
|html|setheeswagFarigi no Raf    
|uhtml|bestof|Game 2 of a best-of-3
|t:|1757090430
|gametype|doubles
|player|p1|setheeswag|169|1268
|player|p2|Farigi no Raf|vince|1385
|gen|9
|tier|[Gen 9] VGC 2025 Reg H (Bo3)
|rated|
|rule|Species Clause: Limit one of each Pokémon
|rule|Item Clause: Limit 1 of each item
|clearpoke
|poke|p1|Charizard, L50, F|
|poke|p1|Torkoal, L50, M|
|poke|p1|Porygon2, L50|
|poke|p1|Incineroar, L50, M|
|poke|p1|Jumpluff, L50, F|
|poke|p1|Ursaluna, L50, M|
|poke|p2|Dragonite, L50, F|
|poke|p2|Gholdengo, L50|
|poke|p2|Sneasler, L50, F|
|poke|p2|Rillaboom, L50, M|
|poke|p2|Ursaluna-Bloodmoon, L50, M|
|poke|p2|Magmar, L50, F|
|teampreview|4
|showteam|p1|Charizard||ChoiceSpecs|SolarPower|HeatWave,Overheat,WeatherBall,AirSlash|||F|||50|,,,,,Ghost]Torkoal||EjectPack|Drought|Eruption,Overheat,HelpingHand,Protect|||M|||50|,,,,,Fire]Porygon2||Eviolite|Download|TeraBlast,IceBeam,Recover,TrickRoom||||||50|,,,,,Fighting]Incineroar||SitrusBerry|Intimidate|FlareBlitz,KnockOff,FakeOut,PartingShot|||M|||50|,,,,,Ghost]Jumpluff||CovertCloak|Chlorophyll|SleepPowder,SunnyDay,RagePowder,Tailwind|||F|||50|,,,,,Water]Ursaluna||FlameOrb|Guts|HeadlongRush,Facade,Earthquake,Protect|||M|||50|,,,,,Ghost
|showteam|p2|Dragonite||LoadedDice|Multiscale|ScaleShot,Tailwind,ExtremeSpeed,Protect|||F|||50|,,,,,Fairy]Gholdengo||LifeOrb|GoodasGold|MakeItRain,ShadowBall,NastyPlot,Protect||||||50|,,,,,Water]Sneasler||FocusSash|PoisonTouch|CloseCombat,DireClaw,Coaching,FakeOut|||F|||50|,,,,,Ghost]Rillaboom||AssaultVest|GrassySurge|WoodHammer,FakeOut,GrassyGlide,HighHorsepower|||M|||50|,,,,,Fire]Ursaluna-Bloodmoon||SilkScarf|MindsEye|HyperVoice,EarthPower,BloodMoon,Protect|||M|||50|,,,,,Water]Magmar||Eviolite|VitalSpirit|FollowMe,BurningJealousy,ClearSmog,Protect|||F|||50|,,,,,Dragon
|inactive|Battle timer is ON: inactive players will automatically lose when time's up. (requested by setheeswag)
|inactive|setheeswag has 60 seconds left.
|
|t:|1757090462
|teamsize|p1|4
|teamsize|p2|4
|start
|switch|p1a: Charizard|Charizard, L50, F|100/100
|switch|p1b: Porygon2|Porygon2, L50|100/100
|switch|p2a: Magmar|Magmar, L50, F|100/100
|switch|p2b: Dragonite|Dragonite, L50, F|100/100
|-ability|p1b: Porygon2|Download|boost
|-boost|p1b: Porygon2|spa|1
|turn|1
|inactive|Farigi no Raf has 30 seconds left.
|
|t:|1757090489
|switch|p1a: Ursaluna|Ursaluna, L50, M|100/100
|move|p2b: Dragonite|Scale Shot|p1a: Ursaluna
|-damage|p1a: Ursaluna|89/100
|-damage|p1a: Ursaluna|77/100
|-damage|p1a: Ursaluna|66/100
|-damage|p1a: Ursaluna|53/100
|-hitcount|p1a: Ursaluna|4
|-unboost|p2b: Dragonite|def|1
|-boost|p2b: Dragonite|spe|1
|move|p2a: Magmar|Clear Smog|p1b: Porygon2
|-damage|p1b: Porygon2|94/100
|-clearboost|p1b: Porygon2
|move|p1b: Porygon2|Trick Room|p1b: Porygon2
|-fieldstart|move: Trick Room|[of] p1b: Porygon2
|
|-status|p1a: Ursaluna|brn|[from] item: Flame Orb
|upkeep
|turn|2
|inactive|setheeswag has 30 seconds left.
|inactive|Farigi no Raf has 30 seconds left.
|inactive|setheeswag has 20 seconds left.
|inactive|setheeswag has 15 seconds left.
|inactive|Farigi no Raf has 20 seconds left.
|
|t:|1757090530
|move|p2a: Magmar|Follow Me|p2a: Magmar
|-singleturn|p2a: Magmar|move: Follow Me
|move|p1b: Porygon2|Tera Blast|p2a: Magmar
|-damage|p2a: Magmar|71/100
|move|p1a: Ursaluna|Facade|p2a: Magmar
|-damage|p2a: Magmar|0 fnt
|faint|p2a: Magmar
|move|p2b: Dragonite|Scale Shot|p1a: Ursaluna
|-damage|p1a: Ursaluna|43/100 brn
|-damage|p1a: Ursaluna|31/100 brn
|-damage|p1a: Ursaluna|20/100 brn
|-damage|p1a: Ursaluna|9/100 brn
|-hitcount|p1a: Ursaluna|4
|-unboost|p2b: Dragonite|def|1
|-boost|p2b: Dragonite|spe|1
|
|-damage|p1a: Ursaluna|3/100 brn|[from] brn
|upkeep
|
|t:|1757090554
|switch|p2a: Ursaluna|Ursaluna-Bloodmoon, L50, M|100/100
|turn|3
|
|t:|1757090571
|move|p2a: Ursaluna|Protect|p2a: Ursaluna
|-singleturn|p2a: Ursaluna|Protect
|move|p2b: Dragonite|Protect|p2b: Dragonite
|-singleturn|p2b: Dragonite|Protect
|move|p1b: Porygon2|Ice Beam|p2a: Ursaluna
|-activate|p2a: Ursaluna|move: Protect
|move|p1a: Ursaluna|Facade|p2b: Dragonite
|-activate|p2b: Dragonite|move: Protect
|
|-damage|p1a: Ursaluna|0 fnt|[from] brn
|faint|p1a: Ursaluna
|upkeep
|
|t:|1757090575
|switch|p1a: Torkoal|Torkoal, L50, M|100/100
|-weather|SunnyDay|[from] ability: Drought|[of] p1a: Torkoal
|turn|4
|inactive|Farigi no Raf has 30 seconds left.
|inactive|Farigi no Raf has 20 seconds left.
|
|t:|1757090613
|-terastallize|p1a: Torkoal|Fire
|-terastallize|p2a: Ursaluna|Water
|move|p2b: Dragonite|Extreme Speed|p1a: Torkoal
|-damage|p1a: Torkoal|77/100
|move|p1a: Torkoal|Eruption|p2b: Dragonite|[spread] p2a,p2b
|-resisted|p2a: Ursaluna
|-resisted|p2b: Dragonite
|-damage|p2a: Ursaluna|57/100
|-damage|p2b: Dragonite|81/100
|move|p1b: Porygon2|Tera Blast|p2a: Ursaluna
|-damage|p2a: Ursaluna|16/100
|move|p2a: Ursaluna|Earth Power|p1a: Torkoal
|-supereffective|p1a: Torkoal
|-damage|p1a: Torkoal|0 fnt
|faint|p1a: Torkoal
|
|-weather|SunnyDay|[upkeep]
|upkeep
|
|t:|1757090627
|switch|p1a: Charizard|Charizard, L50, F|100/100
|turn|5
|
|t:|1757090647
|move|p2a: Ursaluna|Protect|p2a: Ursaluna
|-singleturn|p2a: Ursaluna|Protect
|move|p2b: Dragonite|Protect|p2b: Dragonite
|-singleturn|p2b: Dragonite|Protect
|move|p1b: Porygon2|Ice Beam|p2b: Dragonite
|-activate|p2b: Dragonite|move: Protect
|move|p1a: Charizard|Heat Wave|p2b: Dragonite|[spread] 
|-activate|p2a: Ursaluna|move: Protect
|-activate|p2b: Dragonite|move: Protect
|
|-weather|SunnyDay|[upkeep]
|-damage|p1a: Charizard|88/100|[from] ability: Solar Power|[of] p1a: Charizard
|-fieldend|move: Trick Room
|upkeep
|turn|6
|
|t:|1757090657
|move|p2b: Dragonite|Tailwind|p2b: Dragonite
|-sidestart|p2: Farigi no Raf|move: Tailwind
|move|p2a: Ursaluna|Blood Moon|p1a: Charizard
|-damage|p1a: Charizard|0 fnt
|faint|p1a: Charizard
|move|p1b: Porygon2|Ice Beam|p2b: Dragonite
|-supereffective|p2b: Dragonite
|-damage|p2b: Dragonite|0 fnt
|faint|p2b: Dragonite
|
|-weather|SunnyDay|[upkeep]
|upkeep
|
|t:|1757090664
|switch|p2b: Sneasler|Sneasler, L50, F|100/100
|turn|7
|-message|setheeswag forfeited.
|
|win|Farigi no Raf
|raw|setheeswag's rating: 1268 → 1251(-17 for losing)
|raw|Farigi no Raf's rating: 1385 → 1399(+14 for winning)
|l|☆setheeswag
|player|p1|
