|j|☆monsoonisbest
|j|☆C.blaze
|html|monsoonisbestC.blaze    
|uhtml|bestof|Game 1 of a best-of-3
|t:|1784157889
|gametype|doubles
|player|p1|monsoonisbest|169|1190
|player|p2|C.blaze|1|1121
|gen|9
|tier|[Gen 9 Champions] VGC 2026 Reg M-B (Bo3)
|rated|
|rule|Species Clause: Limit one of each Pokémon
|rule|Item Clause: Limit 1 of each item
|clearpoke
|poke|p1|Gengar, L50, M|
|poke|p1|Incineroar, L50, M|
|poke|p1|Politoed, L50, F, shiny|
|poke|p1|Archaludon, L50, M|
|poke|p1|Vivillon, L50, M|
|poke|p1|Swampert, L50, F|
|poke|p2|Mawile, L50, M|
|poke|p2|Hydreigon, L50, M|
|poke|p2|Oranguru, L50, F|
|poke|p2|Rotom-Wash, L50|
|poke|p2|Sylveon, L50, F|
|poke|p2|Talonflame, L50, F|
|teampreview|4
|showteam|p1|Gengar||Gengarite|CursedBody|ShadowBall,SludgeBomb,PerishSong,Protect|Timid||M|||50|]Incineroar||PasshoBerry|Intimidate|PartingShot,DarkestLariat,Protect,FakeOut|Sassy||M|||50|]Politoed||SitrusBerry|Drizzle|WeatherBall,PerishSong,Encore,Protect|Calm||F|||50|]Archaludon||Leftovers|Stamina|DragonPulse,FlashCannon,ElectroShot,Protect|Bold||M|||50|]Vivillon||FocusSash|CompoundEyes|Hurricane,SleepPowder,RagePowder,Protect|Timid||M|||50|]Swampert||Swampertite|Torrent|WaveCrash,IcePunch,Earthquake,Protect|Adamant||F|||50|
|showteam|p2|Mawile||Mawilite|Intimidate|PlayRough,IronHead,Protect,RockSlide|Brave||M|||50|]Hydreigon||HabanBerry|Levitate|DracoMeteor,DarkPulse,Protect,Snarl|Timid||M|||50|]Oranguru||MentalHerb|InnerFocus|Psychic,Encore,Instruct,TrickRoom|Sassy||F|||50|]Rotom-Wash||SitrusBerry|Levitate|Thunderbolt,HydroPump,Protect,WillOWisp|Timid|||||50|]Sylveon||FairyFeather|Pixilate|HyperVoice,HyperBeam,Protect,MysticalFire|Modest||F|||50|]Talonflame||SharpBeak|GaleWings|DualWingbeat,FlareBlitz,Protect,Tailwind|Jolly||F|||50|
|
|t:|1784157928
|teamsize|p1|4
|teamsize|p2|4
|start
|switch|p1a: Incineroar|Incineroar, L50, M|100/100
|switch|p1b: Politoed|Politoed, L50, F, shiny|100/100
|switch|p2a: Hydreigon|Hydreigon, L50, M|100/100
|switch|p2b: Talonflame|Talonflame, L50, F|100/100
|-weather|RainDance|[from] ability: Drizzle|[of] p1b: Politoed
|-ability|p1a: Incineroar|Intimidate|boost
|-unboost|p2a: Hydreigon|atk|1
|-unboost|p2b: Talonflame|atk|1
|turn|1
|
|t:|1784157938
|switch|p2b: Rotom|Rotom-Wash, L50|100/100
|move|p2a: Hydreigon|Protect|p2a: Hydreigon
|-singleturn|p2a: Hydreigon|Protect
|move|p1b: Politoed|Perish Song|p1b: Politoed
|-start|p1a: Incineroar|perish3|[silent]
|-start|p1b: Politoed|perish3|[silent]
|-start|p2a: Hydreigon|perish3|[silent]
|-start|p2b: Rotom|perish3|[silent]
|-fieldactivate|move: Perish Song
|move|p1a: Incineroar|Parting Shot|p2a: Hydreigon
|-activate|p2a: Hydreigon|move: Protect
|
|-weather|RainDance|[upkeep]
|-start|p2a: Hydreigon|perish3
|-start|p2b: Rotom|perish3
|-start|p1b: Politoed|perish3
|-start|p1a: Incineroar|perish3
|upkeep
|turn|2
|
|t:|1784157956
|move|p2a: Hydreigon|Snarl|p1a: Incineroar|[spread] p1a,p1b
|-resisted|p1a: Incineroar|1
|-damage|p1a: Incineroar|92/100
|-damage|p1b: Politoed|81/100
|-unboost|p1a: Incineroar|spa|1
|-unboost|p1b: Politoed|spa|1
|move|p2b: Rotom|Hydro Pump|p1a: Incineroar
|-supereffective|p1a: Incineroar|1
|-enditem|p1a: Incineroar|Passho Berry|[eat]
|-enditem|p1a: Incineroar|Passho Berry|[weaken]
|-damage|p1a: Incineroar|34/100
|move|p1b: Politoed|Perish Song||[still]
|-fail|p1b: Politoed
|move|p1a: Incineroar|Parting Shot|p2a: Hydreigon
|-unboost|p2a: Hydreigon|atk|1
|-unboost|p2a: Hydreigon|spa|1
|
|t:|1784157960
|switch|p1a: Gengar|Gengar, L50, M|100/100|[from] Parting Shot
|
|-weather|RainDance|[upkeep]
|-start|p2a: Hydreigon|perish2
|-start|p2b: Rotom|perish2
|-start|p1b: Politoed|perish2
|upkeep
|turn|3
|
|t:|1784157978
|switch|p1b: Incineroar|Incineroar, L50, M|34/100
|-ability|p1b: Incineroar|Intimidate|boost
|-unboost|p2a: Hydreigon|atk|1
|-unboost|p2b: Rotom|atk|1
|detailschange|p1a: Gengar|Gengar-Mega, L50, M
|-mega|p1a: Gengar|Gengar|Gengarite
|move|p1a: Gengar|Perish Song|p1a: Gengar
|-start|p1a: Gengar|perish3|[silent]
|-start|p1b: Incineroar|perish3|[silent]
|-fieldactivate|move: Perish Song
|move|p2a: Hydreigon|Dark Pulse|p1b: Incineroar
|-resisted|p1b: Incineroar|1
|-damage|p1b: Incineroar|23/100
|move|p2b: Rotom|Hydro Pump|p1b: Incineroar
|-supereffective|p1b: Incineroar|1
|-damage|p1b: Incineroar|0 fnt
|faint|p1b: Incineroar
|
|-weather|RainDance|[upkeep]
|-start|p1a: Gengar|perish3
|-start|p2a: Hydreigon|perish1
|-start|p2b: Rotom|perish1
|upkeep
|
|t:|1784157994
|switch|p1b: Vivillon|Vivillon, L50, M|100/100
|turn|4
|
|t:|1784158002
|move|p1a: Gengar|Protect|p1a: Gengar
|-singleturn|p1a: Gengar|Protect
|move|p1b: Vivillon|Protect|p1b: Vivillon
|-singleturn|p1b: Vivillon|Protect
|move|p2a: Hydreigon|Draco Meteor|p1a: Gengar
|-activate|p1a: Gengar|move: Protect
|move|p2b: Rotom|Thunderbolt|p1a: Gengar
|-activate|p1a: Gengar|move: Protect
|
|-weather|RainDance|[upkeep]
|-start|p1a: Gengar|perish2
|-start|p2a: Hydreigon|perish0
|-start|p2b: Rotom|perish0
|faint|p2a: Hydreigon
|faint|p2b: Rotom
|upkeep
|
|t:|1784158004
|switch|p2a: Sylveon|Sylveon, L50, F|100/100
|switch|p2b: Talonflame|Talonflame, L50, F|100/100
|turn|5
|
|t:|1784158012
|move|p2b: Talonflame|Dual Wingbeat|p1b: Vivillon
|-supereffective|p1b: Vivillon|1
|-damage|p1b: Vivillon|21/100
|-supereffective|p1b: Vivillon|1
|-damage|p1b: Vivillon|0 fnt
|faint|p1b: Vivillon
|-hitcount|p1: Vivillon|2
|move|p1a: Gengar|Perish Song|p1a: Gengar
|-start|p2a: Sylveon|perish3|[silent]
|-start|p2b: Talonflame|perish3|[silent]
|-fieldactivate|move: Perish Song
|move|p2a: Sylveon|Hyper Voice|p1a: Gengar
|-resisted|p1a: Gengar|1
|-crit|p1a: Gengar
|-damage|p1a: Gengar|50/100g
|
|-weather|none
|-start|p2b: Talonflame|perish3
|-start|p1a: Gengar|perish1
|-start|p2a: Sylveon|perish3
|upkeep
|
|t:|1784158017
|switch|p1b: Politoed|Politoed, L50, F, shiny|81/100
|-weather|RainDance|[from] ability: Drizzle|[of] p1b: Politoed
|turn|6
|
|t:|1784158024
|move|p2a: Sylveon|Protect|p2a: Sylveon
|-singleturn|p2a: Sylveon|Protect
|move|p2b: Talonflame|Tailwind|p2b: Talonflame
|-sidestart|p2: C.blaze|move: Tailwind
|move|p1a: Gengar|Sludge Bomb|p2a: Sylveon
|-activate|p2a: Sylveon|move: Protect
|move|p1b: Politoed|Weather Ball|p2b: Talonflame
|-supereffective|p2b: Talonflame|1
|-damage|p2b: Talonflame|0 fnt
|faint|p2b: Talonflame
|
|-weather|RainDance|[upkeep]
|-start|p2a: Sylveon|perish2
|-start|p1a: Gengar|perish0
|faint|p1a: Gengar
|upkeep
|turn|7
|
|t:|1784158036
|move|p2a: Sylveon|Hyper Beam|p1b: Politoed
|-damage|p1b: Politoed|2/100
|-mustrecharge|p2a: Sylveon
|-enditem|p1b: Politoed|Sitrus Berry|[eat]
|-heal|p1b: Politoed|27/100|[from] item: Sitrus Berry
|move|p1b: Politoed|Encore|p2a: Sylveon
|-start|p2a: Sylveon|Encore
|
|-weather|RainDance|[upkeep]
|-start|p2a: Sylveon|perish1
|upkeep
|turn|8
|
|t:|1784158043
|move|p1b: Politoed|Protect|p1b: Politoed
|-singleturn|p1b: Politoed|Protect
|cant|p2a: Sylveon|recharge
|
|-weather|RainDance|[upkeep]
|-start|p2a: Sylveon|perish0
|faint|p2a: Sylveon
|
|win|monsoonisbest
