|j|☆B South
|j|☆dxmxim
|html|B Southdxmxim    
|uhtml|bestof|Game 2 of a best-of-3
|t:|1757711130
|gametype|doubles
|player|p1|B South|101|1122
|player|p2|dxmxim|169|1037
|gen|9
|tier|[Gen 9] VGC 2025 Reg H (Bo3)
|rated|
|rule|Species Clause: Limit one of each Pokémon
|rule|Item Clause: Limit 1 of each item
|clearpoke
|poke|p1|Pelipper, L50, F|
|poke|p1|Archaludon, L50, M|
|poke|p1|Basculegion, L50, M|
|poke|p1|Barraskewda, L50, M|
|poke|p1|Maushold, L50|
|poke|p1|Annihilape, L50, M|
|poke|p2|Incineroar, L50, M|
|poke|p2|Rotom-Wash, L50|
|poke|p2|Rillaboom, L50, F|
|poke|p2|Venonat, L50, F|
|poke|p2|Gholdengo, L50|
|poke|p2|Dragonite, L50, F|
|teampreview|4
|showteam|p1|Pelipper||ChoiceScarf|Drizzle|Tailwind,WeatherBall,Hurricane,WideGuard|||F|||50|,,,,,Stellar]Archaludon||AssaultVest|Stamina|ElectroShot,BodyPress,DracoMeteor,FlashCannon|||M|||50|,,,,,Bug]Basculegion||MysticWater|SwiftSwim|AquaJet,FlipTurn,WaveCrash,LastRespects|||M|||50|,,,,,Water]Barraskewda||ChoiceBand|PropellerTail|FlipTurn,Liquidation,CloseCombat,AquaJet|||M|||50|,,,,,Fighting]Maushold||SafetyGoggles|FriendGuard|BeatUp,FollowMe,Taunt,Protect||||||50|,,,,,Ghost]Annihilape||Leftovers|Defiant|BulkUp,RageFist,DrainPunch,Protect|||M|||50|,,,,,Grass
|showteam|p2|Incineroar||SafetyGoggles|Intimidate|FakeOut,PartingShot,FlareBlitz,Protect|||M|||50|,,,,,Ghost]Rotom-Wash||SitrusBerry|Levitate|HydroPump,VoltSwitch,Thunderbolt,WillOWisp||||||50|,,,,,Dragon]Rillaboom||AssaultVest|GrassySurge|Uturn,GrassyGlide,WoodHammer,FakeOut|||F|||50|,,,,,Fire]Venonat||Eviolite|CompoundEyes|RagePowder,SleepPowder,Toxic,MorningSun|||F|||50|,,,,,Grass]Gholdengo||LifeOrb|GoodasGold|ShadowBall,Protect,NastyPlot,MakeItRain||||||50|,,,,,Water]Dragonite||LoadedDice|InnerFocus|ExtremeSpeed,ScaleShot,Protect,Tailwind|||F|||50|,,,,,Normal
|inactive|Battle timer is ON: inactive players will automatically lose when time's up. (requested by dxmxim)
|
|t:|1757711160
|teamsize|p1|4
|teamsize|p2|4
|start
|switch|p1a: Maushold|Maushold, L50|100/100
|switch|p1b: Annihilape|Annihilape, L50, M|100/100
|switch|p2a: Dragonite|Dragonite, L50, F|100/100
|switch|p2b: Rillaboom|Rillaboom, L50, F|100/100
|-fieldstart|move: Grassy Terrain|[from] ability: Grassy Surge|[of] p2b: Rillaboom
|turn|1
|inactive|dxmxim has 30 seconds left.
|
|t:|1757711188
|-terastallize|p1a: Maushold|Ghost
|move|p2b: Rillaboom|Fake Out|p1a: Maushold
|-immune|p1a: Maushold
|move|p1a: Maushold|Beat Up|p1b: Annihilape
|-damage|p1b: Annihilape|99/100
|-damage|p1b: Annihilape|97/100
|-damage|p1b: Annihilape|95/100
|-crit|p1b: Annihilape
|-damage|p1b: Annihilape|92/100
|-hitcount|p1b: Annihilape|4
|move|p2a: Dragonite|Tailwind|p2a: Dragonite
|-sidestart|p2: dxmxim|move: Tailwind
|move|p1b: Annihilape|Rage Fist|p2b: Rillaboom
|-damage|p2b: Rillaboom|12/100
|
|-heal|p2b: Rillaboom|18/100|[from] Grassy Terrain
|-heal|p1b: Annihilape|98/100|[from] Grassy Terrain
|-heal|p1b: Annihilape|100/100|[from] item: Leftovers
|upkeep
|turn|2
|inactive|B South has 30 seconds left.
|inactive|dxmxim has 30 seconds left.
|
|t:|1757711219
|move|p1a: Maushold|Follow Me|p1a: Maushold
|-singleturn|p1a: Maushold|move: Follow Me
|move|p2a: Dragonite|Scale Shot|p1a: Maushold
|-damage|p1a: Maushold|83/100
|-damage|p1a: Maushold|67/100
|-damage|p1a: Maushold|51/100
|-damage|p1a: Maushold|34/100
|-hitcount|p1a: Maushold|4
|-unboost|p2a: Dragonite|def|1
|-boost|p2a: Dragonite|spe|1
|move|p2b: Rillaboom|Wood Hammer|p1a: Maushold
|-damage|p1a: Maushold|0 fnt
|faint|p1a: Maushold
|-damage|p2b: Rillaboom|7/100|[from] Recoil
|move|p1b: Annihilape|Rage Fist|p2b: Rillaboom
|-crit|p2b: Rillaboom
|-damage|p2b: Rillaboom|0 fnt
|faint|p2b: Rillaboom
|
|upkeep
|
|t:|1757711241
|switch|p1a: Peeko|Pelipper, L50, F, shiny|100/100
|switch|p2b: Gholdengo|Gholdengo, L50|100/100
|-weather|RainDance|[from] ability: Drizzle|[of] p1a: Peeko
|turn|3
|
|t:|1757711257
|move|p2a: Dragonite|Protect|p2a: Dragonite
|-singleturn|p2a: Dragonite|Protect
|move|p1b: Annihilape|Protect|p1b: Annihilape
|-singleturn|p1b: Annihilape|Protect
|move|p2b: Gholdengo|Nasty Plot|p2b: Gholdengo
|-boost|p2b: Gholdengo|spa|2
|move|p1a: Peeko|Weather Ball|p2b: Gholdengo
|-damage|p2b: Gholdengo|36/100
|
|-weather|RainDance|[upkeep]
|-heal|p2b: Gholdengo|42/100|[from] Grassy Terrain
|upkeep
|turn|4
|inactive|dxmxim has 30 seconds left.
|
|t:|1757711287
|-terastallize|p2a: Dragonite|Normal
|move|p1b: Annihilape|Protect||[still]
|-fail|p1b: Annihilape
|move|p2a: Dragonite|Extreme Speed|p1a: Peeko
|-damage|p1a: Peeko|40/100
|move|p2b: Gholdengo|Make It Rain|p1b: Annihilape|[spread] p1a,p1b
|-resisted|p1a: Peeko
|-damage|p1a: Peeko|0 fnt
|-damage|p1b: Annihilape|15/100
|-unboost|p2b: Gholdengo|spa|1
|faint|p1a: Peeko
|-damage|p2b: Gholdengo|32/100|[from] item: Life Orb
|
|-weather|RainDance|[upkeep]
|-heal|p2b: Gholdengo|38/100|[from] Grassy Terrain
|-heal|p1b: Annihilape|21/100|[from] Grassy Terrain
|-heal|p1b: Annihilape|27/100|[from] item: Leftovers
|-sideend|p2: dxmxim|move: Tailwind
|upkeep
|
|t:|1757711306
|switch|p1a: Basculegion|Basculegion, L50, M|100/100
|turn|5
|
|t:|1757711315
|move|p2b: Gholdengo|Protect|p2b: Gholdengo
|-singleturn|p2b: Gholdengo|Protect
|move|p1a: Basculegion|Last Respects|p2b: Gholdengo
|-activate|p2b: Gholdengo|move: Protect
|move|p2a: Dragonite|Tailwind|p2a: Dragonite
|-sidestart|p2: dxmxim|move: Tailwind
|move|p1b: Annihilape|Drain Punch|p2a: Dragonite
|-supereffective|p2a: Dragonite
|-damage|p2a: Dragonite|14/100
|-heal|p1b: Annihilape|63/100|[from] drain|[of] p2a: Dragonite
|
|-weather|RainDance|[upkeep]
|-heal|p2a: Dragonite|20/100|[from] Grassy Terrain
|-heal|p2b: Gholdengo|44/100|[from] Grassy Terrain
|-heal|p1b: Annihilape|69/100|[from] Grassy Terrain
|-heal|p1b: Annihilape|75/100|[from] item: Leftovers
|-fieldend|move: Grassy Terrain
|upkeep
|turn|6
|inactive|B South has 30 seconds left.
|
|t:|1757711347
|move|p1a: Basculegion|Aqua Jet|p2b: Gholdengo
|-damage|p2b: Gholdengo|2/100
|move|p2a: Dragonite|Scale Shot|p1a: Basculegion
|-damage|p1a: Basculegion|85/100
|-damage|p1a: Basculegion|69/100
|-damage|p1a: Basculegion|53/100
|-damage|p1a: Basculegion|37/100
|-damage|p1a: Basculegion|21/100
|-hitcount|p1a: Basculegion|5
|-unboost|p2a: Dragonite|def|1
|-boost|p2a: Dragonite|spe|1
|move|p2b: Gholdengo|Make It Rain|p1a: Basculegion|[spread] p1a,p1b
|-resisted|p1a: Basculegion
|-damage|p1a: Basculegion|0 fnt
|-damage|p1b: Annihilape|16/100
|-unboost|p2b: Gholdengo|spa|1
|faint|p1a: Basculegion
|-damage|p2b: Gholdengo|0 fnt|[from] item: Life Orb
|faint|p2b: Gholdengo
|move|p1b: Annihilape|Drain Punch|p2a: Dragonite
|-supereffective|p2a: Dragonite
|-damage|p2a: Dragonite|0 fnt
|-heal|p1b: Annihilape|24/100|[from] drain|[of] p2a: Dragonite
|faint|p2a: Dragonite
|
|-weather|RainDance|[upkeep]
|-heal|p1b: Annihilape|30/100|[from] item: Leftovers
|upkeep
|
|t:|1757711370
|switch|p2b: Rotom|Rotom-Wash, L50|100/100
|turn|7
|
|t:|1757711380
|move|p1b: Annihilape|Protect|p1b: Annihilape
|-singleturn|p1b: Annihilape|Protect
|move|p2b: Rotom|Thunderbolt|p1b: Annihilape
|-activate|p1b: Annihilape|move: Protect
|
|-weather|none
|-heal|p1b: Annihilape|36/100|[from] item: Leftovers
|upkeep
|turn|8
|
|t:|1757711394
|move|p1b: Annihilape|Protect|p1b: Annihilape
|-singleturn|p1b: Annihilape|Protect
|move|p2b: Rotom|Will-O-Wisp|p1b: Annihilape
|-activate|p1b: Annihilape|move: Protect
|
|-heal|p1b: Annihilape|42/100|[from] item: Leftovers
|-sideend|p2: dxmxim|move: Tailwind
|upkeep
|turn|9
|
|t:|1757711404
|move|p2b: Rotom|Will-O-Wisp|p1b: Annihilape
|-status|p1b: Annihilape|brn
|move|p1b: Annihilape|Rage Fist|p2b: Rotom
|-damage|p2b: Rotom|33/100
|-enditem|p2b: Rotom|Sitrus Berry|[eat]
|-heal|p2b: Rotom|58/100|[from] item: Sitrus Berry
|
|-heal|p1b: Annihilape|48/100 brn|[from] item: Leftovers
|-damage|p1b: Annihilape|42/100 brn|[from] brn
|upkeep
|turn|10
|
|t:|1757711417
|move|p2b: Rotom|Thunderbolt|p1b: Annihilape
|-damage|p1b: Annihilape|15/100 brn
|move|p1b: Annihilape|Rage Fist|p2b: Rotom
|-damage|p2b: Rotom|0 fnt
|faint|p2b: Rotom
|
|win|B South
|raw|B South's rating: 1122 → 1141(+19 for winning)
|raw|dxmxim's rating: 1037 → 1025(-12 for losing)
|c|☆dxmxim|i sold
|l|☆dxmxim
|player|p2|
|l|☆B South
|player|p1|
|j|☆B South
|player|p1|B South|101|
