|j|☆aaronyc999
|j|☆yenjang
|html|aaronyc999yenjang    
|uhtml|bestof|Game 2 of a best-of-3
|t:|1786191016
|gametype|doubles
|player|p1|aaronyc999|265|
|player|p2|yenjang|cynthia-gen4|
|gen|9
|tier|[Gen 9 Champions] VGC 2026 Reg M-B (Bo3)
|rule|Species Clause: Limit one of each Pokémon
|rule|Item Clause: Limit 1 of each item
|clearpoke
|poke|p1|Tyranitar, L50, F|
|poke|p1|Excadrill, L50, M|
|poke|p1|Milotic, L50, F|
|poke|p1|Sinistcha, L50|
|poke|p1|Staraptor, L50, F|
|poke|p1|Gholdengo, L50|
|poke|p2|Raichu, L50, M, shiny|
|poke|p2|Sylveon, L50, F, shiny|
|poke|p2|Arcanine-Hisui, L50, M, shiny|
|poke|p2|Kingambit, L50, M, shiny|
|poke|p2|Farigiraf, L50, F, shiny|
|poke|p2|Staraptor, L50, M, shiny|
|teampreview|4
|showteam|p1|Tyranitar||Tyranitarite|SandStream|KnockOff,RockSlide,LowKick,Protect|Jolly||F|||50|]Excadrill||FocusSash|SandRush|IronHead,RockSlide,Protect,HighHorsepower|Adamant||M|||50|]Milotic||SitrusBerry|Competitive|Scald,IcyWind,Protect,IceBeam|Calm||F|||50|]Sinistcha||ColburBerry|Hospitality|MatchaGotcha,TrickRoom,Protect,RagePowder|Bold|||||50|]Staraptor||Staraptite|Intimidate|CloseCombat,BraveBird,Tailwind,Protect|Jolly||F|||50|]Gholdengo||LifeOrb|GoodasGold|MakeItRain,ShadowBall,NastyPlot,Protect|Modest|||||50|
|showteam|p2|Raichu||RaichuniteY|LightningRod|ZapCannon,FocusBlast,Protect,FakeOut|Timid||M|||50|]Sylveon||FairyFeather|Pixilate|HyperVoice,HyperBeam,Detect,QuickAttack|Modest||F|||50|]Arcanine-Hisui||FocusSash|RockHead|HeadSmash,FlareBlitz,Protect,ExtremeSpeed|Jolly||M|||50|]Kingambit||LifeOrb|Defiant|SuckerPunch,KowtowCleave,LowKick,Protect|Adamant||M|||50|]Farigiraf||SitrusBerry|ArmorTail|Thunderbolt,Psychic,HelpingHand,TrickRoom|Calm||F|||50|]Staraptor||Staraptite|Intimidate|CloseCombat,DualWingbeat,Protect,Tailwind|Jolly||M|||50|
|j| goodryan2630
|j| nanahachisan
|j| 86test
|
|t:|1786191115
|teamsize|p1|4
|teamsize|p2|4
|start
|switch|p1a: Staraptor|Staraptor, L50, F|100/100
|switch|p1b: Milotic|Milotic, L50, F|100/100
|switch|p2a: Raichu|Raichu, L50, M, shiny|100/100
|switch|p2b: Kingambit|Kingambit, L50, M, shiny|100/100
|-ability|p1a: Staraptor|Intimidate|boost
|-unboost|p2a: Raichu|atk|1
|-unboost|p2b: Kingambit|atk|1
|-ability|p2b: Kingambit|Defiant|boost
|-boost|p2b: Kingambit|atk|2
|turn|1
|inactive|Battle timer is ON: inactive players will automatically lose when time's up. (requested by yenjang)
|
|t:|1786191149
|switch|p1b: Sinistcha|Sinistcha, L50|100/100
|move|p1a: Staraptor|Protect|p1a: Staraptor
|-singleturn|p1a: Staraptor|Protect
|move|p2a: Raichu|Fake Out|p1a: Staraptor
|-activate|p1a: Staraptor|move: Protect
|move|p2b: Kingambit|Kowtow Cleave|p1b: Sinistcha
|-supereffective|p1b: Sinistcha|1
|-enditem|p1b: Sinistcha|Colbur Berry|[eat]
|-enditem|p1b: Sinistcha|Colbur Berry|[weaken]
|-damage|p1b: Sinistcha|28/100
|-damage|p2b: Kingambit|90/100|[from] item: Life Orb
|
|upkeep
|turn|2
|inactive|aaronyc999 has 30 seconds left.
|inactive|yenjang has 30 seconds left.
|inactive|aaronyc999 has 20 seconds left.
|inactive|yenjang has 20 seconds left.
|inactive|aaronyc999 has 15 seconds left.
|inactive|yenjang has 15 seconds left.
|
|t:|1786191193
|switch|p2a: Staraptor|Staraptor, L50, M, shiny|100/100
|-ability|p2a: Staraptor|Intimidate|boost
|-unboost|p1a: Staraptor|atk|1
|-unboost|p1b: Sinistcha|atk|1
|detailschange|p1a: Staraptor|Staraptor-Mega, L50, F
|-mega|p1a: Staraptor|Staraptor|Staraptite
|move|p2b: Kingambit|Protect|p2b: Kingambit
|-singleturn|p2b: Kingambit|Protect
|move|p1b: Sinistcha|Rage Powder|p1b: Sinistcha
|-singleturn|p1b: Sinistcha|move: Rage Powder
|move|p1a: Staraptor|Close Combat|p2a: Staraptor
|-damage|p2a: Staraptor|52/100
|-boost|p1a: Staraptor|def|1
|-boost|p1a: Staraptor|spd|1
|
|upkeep
|turn|3
|j| otenkoz
|inactive|yenjang has 30 seconds left.
|j| strye
|inactive|yenjang has 20 seconds left.
|inactive|yenjang has 15 seconds left.
|inactive|yenjang has 10 seconds left.
|
|t:|1786191241
|switch|p1b: Gholdengo|Gholdengo, L50|100/100
|move|p1a: Staraptor|Close Combat|p2b: Kingambit
|-supereffective|p2b: Kingambit|2
|-damage|p2b: Kingambit|0 fnt
|-boost|p1a: Staraptor|def|1
|-boost|p1a: Staraptor|spd|1
|faint|p2b: Kingambit
|move|p2a: Staraptor|Dual Wingbeat|p1a: Staraptor
|-supereffective|p1a: Staraptor|1
|-damage|p1a: Staraptor|81/100
|-supereffective|p1a: Staraptor|1
|-damage|p1a: Staraptor|63/100
|-hitcount|p1a: Staraptor|2
|
|upkeep
|l| strye
|
|t:|1786191263
|switch|p2b: Raichu|Raichu, L50, M, shiny|100/100
|turn|4
|inactive|yenjang has 30 seconds left.
|
|t:|1786191297
|detailschange|p2b: Raichu|Raichu-Mega-Y, L50, M, shiny
|-mega|p2b: Raichu|Raichu|Raichunite Y
|move|p1a: Staraptor|Protect|p1a: Staraptor
|-singleturn|p1a: Staraptor|Protect
|move|p2b: Raichu|Zap Cannon|p1b: Gholdengo
|-damage|p1b: Gholdengo|46/100
|-status|p1b: Gholdengo|par
|move|p2a: Staraptor|Dual Wingbeat|p1a: Staraptor
|-activate|p1a: Staraptor|move: Protect
|move|p1b: Gholdengo|Make It Rain|p2b: Raichu|[spread] p2a,p2b
|-resisted|p2b: Raichu|1
|-damage|p2a: Staraptor|0 fnt
|-damage|p2b: Raichu|61/100
|-unboost|p1b: Gholdengo|spa|2
|faint|p2a: Staraptor
|-damage|p1b: Gholdengo|36/100 par|[from] item: Life Orb
|
|upkeep
|
|t:|1786191314
|switch|p2a: Arcanine|Arcanine-Hisui, L50, M, shiny|100/100
|turn|5
|
|t:|1786191335
|switch|p1b: Sinistcha|Sinistcha, L50|28/100
|-heal|p1a: Staraptor|88/100|[from] ability: Hospitality|[of] p1b: Sinistcha
|move|p2b: Raichu|Zap Cannon|p1a: Staraptor
|-supereffective|p1a: Staraptor|1
|-damage|p1a: Staraptor|18/100
|-status|p1a: Staraptor|par
|move|p2a: Arcanine|Flare Blitz|p1b: Sinistcha
|-supereffective|p1b: Sinistcha|1
|-damage|p1b: Sinistcha|0 fnt
|faint|p1b: Sinistcha
|move|p1a: Staraptor|Tailwind|p1a: Staraptor
|-sidestart|p1: aaronyc999|move: Tailwind
|
|upkeep
|
|t:|1786191350
|switch|p1b: Gholdengo|Gholdengo, L50|36/100 par
|turn|6
|inactive|yenjang has 30 seconds left.
|inactive|yenjang has 20 seconds left.
|inactive|yenjang has 15 seconds left.
|
|t:|1786191392
|move|p2b: Raichu|Protect|p2b: Raichu
|-singleturn|p2b: Raichu|Protect
|move|p1a: Staraptor|Protect|p1a: Staraptor
|-singleturn|p1a: Staraptor|Protect
|move|p2a: Arcanine|Extreme Speed|p1a: Staraptor
|-activate|p1a: Staraptor|move: Protect
|move|p1b: Gholdengo|Shadow Ball|p2b: Raichu
|-activate|p2b: Raichu|move: Protect
|
|upkeep
|turn|7
|inactive|yenjang has 30 seconds left.
|inactive|yenjang has 20 seconds left.
|inactive|yenjang has 15 seconds left.
|inactive|yenjang has 10 seconds left.
|
|t:|1786191438
|move|p1b: Gholdengo|Protect|p1b: Gholdengo
|-singleturn|p1b: Gholdengo|Protect
|move|p2b: Raichu|Zap Cannon|p1a: Staraptor
|-supereffective|p1a: Staraptor|1
|-damage|p1a: Staraptor|0 fnt
|faint|p1a: Staraptor
|move|p2a: Arcanine|Flare Blitz|p1b: Gholdengo
|-activate|p1b: Gholdengo|move: Protect
|
|upkeep
|
|t:|1786191446
|switch|p1a: Milotic|Milotic, L50, F|100/100
|turn|8
|
|t:|1786191459
|move|p2b: Raichu|Protect|p2b: Raichu
|-singleturn|p2b: Raichu|Protect
|move|p2a: Arcanine|Protect|p2a: Arcanine
|-singleturn|p2a: Arcanine|Protect
|move|p1a: Milotic|Scald|p2b: Raichu
|-activate|p2b: Raichu|move: Protect
|cant|p1b: Gholdengo|par
|
|-sideend|p1: aaronyc999|move: Tailwind
|upkeep
|turn|9
|j| winsomelosealot
|
|t:|1786191478
|move|p1b: Gholdengo|Protect|p1b: Gholdengo
|-singleturn|p1b: Gholdengo|Protect
|move|p2b: Raichu|Zap Cannon|p1a: Milotic
|-supereffective|p1a: Milotic|1
|-damage|p1a: Milotic|17/100
|-status|p1a: Milotic|par
|-enditem|p1a: Milotic|Sitrus Berry|[eat]
|-heal|p1a: Milotic|42/100 par|[from] item: Sitrus Berry
|move|p2a: Arcanine|Flare Blitz|p1b: Gholdengo
|-activate|p1b: Gholdengo|move: Protect
|move|p1a: Milotic|Icy Wind|p2a: Arcanine|[spread] p2a,p2b
|-resisted|p2a: Arcanine|1
|-damage|p2a: Arcanine|93/100
|-damage|p2b: Raichu|47/100
|-unboost|p2a: Arcanine|spe|1
|-unboost|p2b: Raichu|spe|1
|
|upkeep
|turn|10
|
|t:|1786191500
|move|p2b: Raichu|Zap Cannon|p1a: Milotic
|-supereffective|p1a: Milotic|1
|-damage|p1a: Milotic|0 fnt
|faint|p1a: Milotic
|move|p2a: Arcanine|Flare Blitz|p1b: Gholdengo
|-supereffective|p1b: Gholdengo|1
|-damage|p1b: Gholdengo|0 fnt
|faint|p1b: Gholdengo
|
|win|yenjang
|l| winsomelosealot
|c|☆yenjang|謝謝指教
|l| nanahachisan
|l| 86test
|j| winsomelosealot
|l| winsomelosealot
|j| LaserDedenee
|l| LaserDedenee
|j| nanahachisan
