|j|‽HenriqueZVGC
|j|☆hieu213
|html|HenriqueZVGChieu213    
|uhtml|bestof|Game 1 of a best-of-3
|t:|1784522614
|gametype|doubles
|player|p1|HenriqueZVGC|steven|1106
|player|p2|hieu213|170|1000
|gen|9
|tier|[Gen 9 Champions] VGC 2026 Reg M-B (Bo3)
|rated|
|rule|Species Clause: Limit one of each Pokémon
|rule|Item Clause: Limit 1 of each item
|clearpoke
|poke|p1|Malamar, L50, M|
|poke|p1|Maushold, L50|
|poke|p1|Mawile, L50, F|
|poke|p1|Sinistcha, L50|
|poke|p1|Whimsicott, L50, M|
|poke|p1|Incineroar, L50, M|
|poke|p2|Meowstic, L50, M|
|poke|p2|Starmie, L50|
|poke|p2|Metagross, L50|
|poke|p2|Espeon, L50, F|
|poke|p2|Delphox, L50, F|
|poke|p2|Gallade, L50, M|
|teampreview|4
|showteam|p1|Malamar||Malamarite|Contrary|Superpower,KnockOff,TrickRoom,Protect|Adamant||M|||50|]Maushold||WideLens|Technician|PopulationBomb,FollowMe,Feint,Protect|Jolly|||||50|]Mawile||Mawilite|HyperCutter|PlayRough,RockSlide,SuckerPunch,Protect|Brave||F|||50|]Sinistcha||ColburBerry|Hospitality|MatchaGotcha,LifeDew,RagePowder,Protect|Calm|||||50|]Whimsicott||FocusSash|Prankster|Moonblast,Tailwind,Charm,SunnyDay|Modest||M|||50|]Incineroar||LifeOrb|Intimidate|FlareBlitz,DarkestLariat,PartingShot,FakeOut|Brave||M|||50|
|showteam|p2|Meowstic||Meowsticite|Prankster|ExpandingForce,Protect,EnergyBall,FakeOut|Modest||M|||50|]Starmie||FocusSash|NaturalCure|HydroPump,Protect,TrickRoom,Thunderbolt|Timid|||||50|]Metagross||Metagrossite|ClearBody|PsychicFangs,IronHead,ThunderPunch,Protect|Adamant|||||50|]Espeon||LumBerry|Synchronize|RainDance,Gravity,PsychicTerrain,ExpandingForce|Timid||F|||50|]Delphox||Delphoxite|Blaze|HeatWave,FocusBlast,ExpandingForce,Protect|Timid||F|||50|]Gallade||ScopeLens|Sharpness|SacredSword,LeafBlade,PsychoCut,Protect|Relaxed||M|||50|
|inactive|Battle timer is ON: inactive players will automatically lose when time's up. (requested by HenriqueZVGC)
|inactive|HenriqueZVGC has 60 seconds left.
|inactive|hieu213 has 60 seconds left.
|
|t:|1784522662
|teamsize|p1|4
|teamsize|p2|4
|start
|switch|p1a: Malamar|Malamar, L50, M|100/100
|switch|p1b: Incineroar|Incineroar, L50, M|100/100
|switch|p2a: Espeon|Espeon, L50, F|100/100
|switch|p2b: Delphox|Delphox, L50, F|100/100
|-ability|p1b: Incineroar|Intimidate|boost
|-unboost|p2a: Espeon|atk|1
|-unboost|p2b: Delphox|atk|1
|turn|1
|inactive|HenriqueZVGC has 30 seconds left.
|
|t:|1784522688
|detailschange|p1a: Malamar|Malamar-Mega, L50, M
|-mega|p1a: Malamar|Malamar|Malamarite
|move|p1b: Incineroar|Fake Out|p2a: Espeon
|-damage|p2a: Espeon|69/100
|-damage|p1b: Incineroar|90/100|[from] item: Life Orb
|cant|p2a: Espeon|flinch
|move|p2b: Delphox|Focus Blast|p1b: Incineroar
|-supereffective|p1b: Incineroar|1
|-damage|p1b: Incineroar|31/100
|move|p1a: Malamar|Knock Off|p2b: Delphox
|-supereffective|p2b: Delphox|1
|-damage|p2b: Delphox|0 fnt
|faint|p2b: Delphox
|
|upkeep
|
|t:|1784522703
|switch|p2b: Starmie|Starmie, L50|100/100
|turn|2
|inactive|HenriqueZVGC has 30 seconds left.
|
|t:|1784522734
|move|p2b: Starmie|Hydro Pump|p1b: Incineroar
|-supereffective|p1b: Incineroar|1
|-damage|p1b: Incineroar|0 fnt
|faint|p1b: Incineroar
|move|p2a: Espeon|Psychic Terrain|p2a: Espeon
|-fieldstart|move: Psychic Terrain
|move|p1a: Malamar|Knock Off|p2b: Starmie
|-supereffective|p2b: Starmie|1
|-enditem|p2b: Starmie|Focus Sash
|-damage|p2b: Starmie|1/100
|
|upkeep
|
|t:|1784522743
|switch|p1b: Sinistcha|Sinistcha, L50|100/100
|turn|3
|
|t:|1784522750
|move|p1a: Malamar|Protect|p1a: Malamar
|-singleturn|p1a: Malamar|Protect
|move|p2b: Starmie|Hydro Pump|p1a: Malamar
|-activate|p1a: Malamar|move: Protect
|move|p2a: Espeon|Expanding Force|p1b: Sinistcha|[spread] p1b
|-activate|p1a: Malamar|move: Protect
|-damage|p1b: Sinistcha|55/100
|move|p1b: Sinistcha|Matcha Gotcha|p2b: Starmie|[spread] p2b
|-miss|p1b: Sinistcha|p2a: Espeon
|-supereffective|p2b: Starmie|1
|-damage|p2b: Starmie|0 fnt
|-heal|p1b: Sinistcha|55/100|[from] drain|[of] p2b: Starmie
|faint|p2b: Starmie
|
|upkeep
|
|t:|1784522775
|switch|p2b: Meowstic|Meowstic, L50, M|100/100
|turn|4
|inactive|HenriqueZVGC has 30 seconds left.
|inactive|HenriqueZVGC has 20 seconds left.
|inactive|HenriqueZVGC has 15 seconds left.
|
|t:|1784522817
|move|p2b: Meowstic|Fake Out|p1a: Malamar
|-activate|p1a: Malamar|move: Psychic Terrain
|move|p2a: Espeon|Expanding Force|p1a: Malamar|[spread] p1b
|-immune|p1a: Malamar
|-damage|p1b: Sinistcha|13/100
|move|p1a: Malamar|Knock Off|p2b: Meowstic
|-supereffective|p2b: Meowstic|1
|-damage|p2b: Meowstic|12/100
|move|p1b: Sinistcha|Life Dew||[still]|[spread] p1a,p1b
|-fail|p1a: Malamar|heal
|-heal|p1b: Sinistcha|38/100
|
|upkeep
|turn|5
|inactive|HenriqueZVGC has 30 seconds left.
|inactive|HenriqueZVGC has 20 seconds left.
|inactive|HenriqueZVGC has 15 seconds left.
|inactive|HenriqueZVGC has 10 seconds left.
|inactive|HenriqueZVGC has 5 seconds left.
|
|t:|1784522872
|move|p2b: Meowstic|Protect|p2b: Meowstic
|-singleturn|p2b: Meowstic|Protect
|move|p2a: Espeon|Expanding Force|p1a: Malamar|[spread] p1b
|-immune|p1a: Malamar
|-damage|p1b: Sinistcha|0 fnt
|faint|p1b: Sinistcha
|move|p1a: Malamar|Knock Off|p2b: Meowstic
|-activate|p2b: Meowstic|move: Protect
|
|upkeep
|
|t:|1784522878
|switch|p1b: Mawile|Mawile, L50, F|100/100
|turn|6
|
|t:|1784522898
|detailschange|p2b: Meowstic|Meowstic-M-Mega, L50, M
|-mega|p2b: Meowstic|Meowstic|Meowsticite
|-ability|p2b: Meowstic|Contrary|Trace|[from] ability: Trace|[of] p1a: Malamar
|move|p2a: Espeon|Expanding Force|p1a: Malamar|[spread] p1b
|-immune|p1a: Malamar
|-resisted|p1b: Mawile|1
|-damage|p1b: Mawile|54/100
|move|p2b: Meowstic|Expanding Force|p1a: Malamar|[spread] p1b
|-immune|p1a: Malamar
|-resisted|p1b: Mawile|1
|-damage|p1b: Mawile|0 fnt
|faint|p1b: Mawile
|move|p1a: Malamar|Knock Off|p2b: Meowstic
|-supereffective|p2b: Meowstic|1
|-damage|p2b: Meowstic|0 fnt
|faint|p2b: Meowstic
|
|-fieldend|move: Psychic Terrain
|upkeep
|turn|7
|-message|hieu213 forfeited.
|raw|HenriqueZVGC's rating: 1106 → 1124(+18 for winning)
|raw|hieu213's rating: 1000 → 1000(+0 for losing)
|
|win|HenriqueZVGC
|l|☆hieu213
|player|p2|
