|j|☆irongiant9214
|j|☆Choco Meteor
|html|irongiant9214Choco Meteor    
|uhtml|bestof|Game 1 of a best-of-3
|t:|1785883246
|gametype|doubles
|player|p1|irongiant9214|1|1178
|player|p2|Choco Meteor|scientistf|1049
|gen|9
|tier|[Gen 9 Champions] VGC 2026 Reg M-B (Bo3)
|rated|
|rule|Species Clause: Limit one of each Pokémon
|rule|Item Clause: Limit 1 of each item
|clearpoke
|poke|p1|Whimsicott, L50, F, shiny|
|poke|p1|Kingambit, L50, M|
|poke|p1|Garchomp, L50, F, shiny|
|poke|p1|Charizard, L50, M|
|poke|p1|Floette-Eternal, L50, F|
|poke|p1|Basculegion, L50, M|
|poke|p2|Goodra, L50, F, shiny|
|poke|p2|Pelipper, L50, F|
|poke|p2|Meganium, L50, F, shiny|
|poke|p2|Incineroar, L50, M|
|poke|p2|Lopunny, L50, F, shiny|
|poke|p2|Pikachu, L50, F|
|teampreview|4
|showteam|p1|Whimsicott||FocusSash|Prankster|Moonblast,Tailwind,Encore,Protect|Timid||F|||50|]Kingambit||ChopleBerry|Defiant|SuckerPunch,LowKick,IronHead,KowtowCleave|Adamant||M|||50|]Garchomp||LifeOrb|RoughSkin|RockSlide,DragonClaw,Earthquake,Protect|Jolly||F|||50|]Charizard||CharizarditeY|Blaze|HeatWave,WeatherBall,SolarBeam,Protect|Modest||M|||50|]Floette-Eternal||Floettite|FlowerVeil|DazzlingGleam,Moonblast,HelpingHand,Protect|Timid||F|||50|]Basculegion||MysticWater|Adaptability|AquaJet,WaveCrash,LastRespects,Protect|Adamant||M|||50|
|showteam|p2|Goodra||Leftovers|Hydration|DracoMeteor,IceBeam,Protect,LifeDew|Calm||F|||50|]Pelipper||FocusSash|Drizzle|WideGuard,Tailwind,WeatherBall,Hurricane|Modest||F|||50|]Meganium||Meganiumite|LeafGuard|DazzlingGleam,SolarBeam,WeatherBall|Modest||F|||50|]Incineroar||SitrusBerry|Intimidate|FakeOut,FlareBlitz,PartingShot,DarkestLariat|Adamant||M|||50|]Lopunny||Lopunnite|Limber|FakeOut,Uturn,CloseCombat,Protect|Jolly||F|||50|]Pikachu||LightBall|LightningRod|FakeOut,VoltSwitch,Thunder,Protect|Timid||F|||50|
|inactive|Battle timer is ON: inactive players will automatically lose when time's up. (requested by Choco Meteor)
|inactive|irongiant9214 has 60 seconds left.
|
|t:|1785883302
|teamsize|p1|4
|teamsize|p2|4
|start
|switch|p1a: Whimsicott|Whimsicott, L50, F, shiny|100/100
|switch|p1b: Floette|Floette-Eternal, L50, F|100/100
|switch|p2a: Goodra|Goodra, L50, F, shiny|100/100
|switch|p2b: Incineroar|Incineroar, L50, M|100/100
|-ability|p2b: Incineroar|Intimidate|boost
|-block|p1a: Whimsicott|ability: Flower Veil|[of] p1b: Floette
|-unboost|p1b: Floette|atk|1
|turn|1
|inactive|irongiant9214 has 30 seconds left.
|
|t:|1785883329
|detailschange|p1b: Floette|Floette-Mega, L50, F
|-mega|p1b: Floette|Floette|Floettite
|-ability|p1b: Floette|Fairy Aura
|move|p1a: Whimsicott|Protect|p1a: Whimsicott
|-singleturn|p1a: Whimsicott|Protect
|move|p1b: Floette|Protect|p1b: Floette
|-singleturn|p1b: Floette|Protect
|move|p2b: Incineroar|Fake Out|p1b: Floette
|-activate|p1b: Floette|move: Protect
|move|p2a: Goodra|Ice Beam|p1a: Whimsicott
|-activate|p1a: Whimsicott|move: Protect
|
|upkeep
|turn|2
|inactive|irongiant9214 has 30 seconds left.
|
|t:|1785883355
|move|p2a: Goodra|Protect|p2a: Goodra
|-singleturn|p2a: Goodra|Protect
|move|p1a: Whimsicott|Moonblast|p2a: Goodra
|-activate|p2a: Goodra|move: Protect
|move|p1b: Floette|Dazzling Gleam|p2b: Incineroar|[spread] p2b
|-activate|p2a: Goodra|move: Protect
|-damage|p2b: Incineroar|58/100
|move|p2b: Incineroar|Parting Shot|p1b: Floette
|-unboost|p1b: Floette|atk|1
|-unboost|p1b: Floette|spa|1
|
|t:|1785883369
|switch|p2b: Meganium|Meganium, L50, F, shiny|100/100|[from] Parting Shot
|
|upkeep
|turn|3
|
|t:|1785883379
|switch|p2a: Pelipper|Pelipper, L50, F|100/100
|-weather|RainDance|[from] ability: Drizzle|[of] p2a: Pelipper
|detailschange|p2b: Meganium|Meganium-Mega, L50, F, shiny
|-mega|p2b: Meganium|Meganium|Meganiumite
|move|p1a: Whimsicott|Encore||[still]
|-fail|p1a: Whimsicott
|move|p1b: Floette|Dazzling Gleam|p2a: Pelipper|[spread] p2a,p2b
|-damage|p2a: Pelipper|59/100
|-damage|p2b: Meganium|75/100
|move|p2b: Meganium|Solar Beam||[still]
|-prepare|p2b: Meganium|Solar Beam
|-activate|p2b: Meganium|ability: Mega Sol
|-anim|p2b: Meganium|Solar Beam|p1b: Floette
|-damage|p1b: Floette|40/100
|
|-weather|RainDance|[upkeep]
|upkeep
|turn|4
|
|t:|1785883404
|move|p2a: Pelipper|Wide Guard|p2a: Pelipper
|-singleturn|p2a: Pelipper|Wide Guard
|move|p1a: Whimsicott|Moonblast|p2a: Pelipper
|-damage|p2a: Pelipper|0 fnt
|faint|p2a: Pelipper
|move|p1b: Floette|Dazzling Gleam|p2b: Meganium
|-activate|p2b: Meganium|move: Wide Guard
|move|p2b: Meganium|Solar Beam||[still]
|-prepare|p2b: Meganium|Solar Beam
|-activate|p2b: Meganium|ability: Mega Sol
|-anim|p2b: Meganium|Solar Beam|p1b: Floette
|-damage|p1b: Floette|0 fnt
|faint|p1b: Floette
|
|-weather|RainDance|[upkeep]
|upkeep
|
|t:|1785883423
|switch|p1b: Charizard|Charizard, L50, M|100/100
|switch|p2a: Goodra|Goodra, L50, F, shiny|100/100
|turn|5
|inactive|Choco Meteor has 30 seconds left.
|
|t:|1785883449
|switch|p2b: Incineroar|Incineroar, L50, M|58/100
|-ability|p2b: Incineroar|Intimidate|boost
|-unboost|p1a: Whimsicott|atk|1
|-unboost|p1b: Charizard|atk|1
|move|p1a: Whimsicott|Moonblast|p2a: Goodra
|-supereffective|p2a: Goodra|1
|-damage|p2a: Goodra|57/100
|move|p1b: Charizard|Heat Wave|p2b: Incineroar|[spread] p2a,p2b
|-resisted|p2a: Goodra|1
|-resisted|p2b: Incineroar|1
|-damage|p2a: Goodra|52/100
|-damage|p2b: Incineroar|50/100g
|move|p2a: Goodra|Ice Beam|p1a: Whimsicott
|-supereffective|p1a: Whimsicott|1
|-damage|p1a: Whimsicott|28/100
|
|-weather|RainDance|[upkeep]
|-heal|p2a: Goodra|58/100|[from] item: Leftovers
|upkeep
|turn|6
|
|t:|1785883473
|move|p1a: Whimsicott|Protect|p1a: Whimsicott
|-singleturn|p1a: Whimsicott|Protect
|move|p1b: Charizard|Protect|p1b: Charizard
|-singleturn|p1b: Charizard|Protect
|move|p2b: Incineroar|Fake Out|p1a: Whimsicott
|-activate|p1a: Whimsicott|move: Protect
|move|p2a: Goodra|Ice Beam|p1a: Whimsicott
|-activate|p1a: Whimsicott|move: Protect
|
|-weather|RainDance|[upkeep]
|-heal|p2a: Goodra|64/100|[from] item: Leftovers
|upkeep
|turn|7
|
|t:|1785883481
|move|p2a: Goodra|Protect|p2a: Goodra
|-singleturn|p2a: Goodra|Protect
|move|p1a: Whimsicott|Moonblast|p2a: Goodra
|-activate|p2a: Goodra|move: Protect
|move|p1b: Charizard|Weather Ball|p2b: Incineroar
|-supereffective|p2b: Incineroar|1
|-crit|p2b: Incineroar
|-damage|p2b: Incineroar|0 fnt
|faint|p2b: Incineroar
|
|-weather|none
|-heal|p2a: Goodra|71/100|[from] item: Leftovers
|upkeep
|
|t:|1785883491
|switch|p2b: Meganium|Meganium-Mega, L50, F, shiny|75/100
|turn|8
|
|t:|1785883502
|move|p1a: Whimsicott|Encore|p2a: Goodra
|-start|p2a: Goodra|Encore
|move|p2a: Goodra|Protect||[still]
|-fail|p2a: Goodra
|move|p1b: Charizard|Heat Wave|p2a: Goodra|[spread] p2a,p2b
|-resisted|p2a: Goodra|1
|-supereffective|p2b: Meganium|1
|-damage|p2a: Goodra|62/100
|-damage|p2b: Meganium|26/100
|move|p2b: Meganium|Weather Ball|p1a: Whimsicott
|-supereffective|p1a: Whimsicott|1
|-damage|p1a: Whimsicott|0 fnt
|faint|p1a: Whimsicott
|
|-heal|p2a: Goodra|68/100|[from] item: Leftovers
|upkeep
|
|t:|1785883506
|switch|p1a: Garchomp|Garchomp, L50, F, shiny|100/100
|turn|9
|
|t:|1785883522
|move|p2a: Goodra|Protect|p2a: Goodra
|-singleturn|p2a: Goodra|Protect
|move|p1a: Garchomp|Earthquake|p2b: Meganium|[spread] p2b
|-activate|p2a: Goodra|move: Protect
|-immune|p1b: Charizard
|-resisted|p2b: Meganium|1
|-damage|p2b: Meganium|3/100
|-damage|p1a: Garchomp|90/100|[from] item: Life Orb
|move|p1b: Charizard|Heat Wave|p2a: Goodra|[spread] p2b
|-activate|p2a: Goodra|move: Protect
|-supereffective|p2b: Meganium|1
|-damage|p2b: Meganium|0 fnt
|faint|p2b: Meganium
|
|-heal|p2a: Goodra|74/100|[from] item: Leftovers
|upkeep
|turn|10
|
|t:|1785883534
|move|p2a: Goodra|Protect||[still]
|-fail|p2a: Goodra
|move|p1a: Garchomp|Dragon Claw|p2a: Goodra
|-supereffective|p2a: Goodra|1
|-damage|p2a: Goodra|0 fnt
|faint|p2a: Goodra
|-damage|p1a: Garchomp|80/100|[from] item: Life Orb
|
|win|irongiant9214
|l|☆Choco Meteor
|player|p2|
||irongiant9214 is ready for game 2.
||Choco Meteor is ready for game 2.
|uhtml|next|Next: Game 2 of 3
