|j|☆rip bozo lol lmao
|j|☆dominikc
|html|rip bozo lol lmaodominikc    
|uhtml|bestof|Game 1 of a best-of-3
|t:|1757733440
|gametype|doubles
|player|p1|rip bozo lol lmao|miku-fairy|1087
|player|p2|dominikc|riley|1000
|gen|9
|tier|[Gen 9] VGC 2025 Reg H (Bo3)
|rated|
|rule|Species Clause: Limit one of each Pokémon
|rule|Item Clause: Limit 1 of each item
|clearpoke
|poke|p1|Volcarona, L50, M|
|poke|p1|Basculegion, L50, M|
|poke|p1|Baxcalibur, L50, M|
|poke|p1|Rillaboom, L50, F|
|poke|p1|Sneasler, L50, M|
|poke|p1|Ninetales-Alola, L50, M|
|poke|p2|Hawlucha, L50, M|
|poke|p2|Tyranitar, L50, M|
|poke|p2|Metagross, L50|
|poke|p2|Rillaboom, L50, F|
|poke|p2|Rotom-Wash, L50|
|poke|p2|Empoleon, L50, F|
|teampreview|4
|showteam|p1|Volcarona||Leftovers|FlameBody|FieryDance,GigaDrain,QuiverDance,Protect|||M|||50|,,,,,Grass]Basculegion||ChoiceScarf|Adaptability|WaveCrash,LastRespects,FlipTurn,AquaJet|||M|||50|,,,,,Water]Baxcalibur||LoadedDice|ThermalExchange|IcicleSpear,ScaleShot,IceShard,Protect|||M|||50|,,,,,Ghost]Rillaboom||AssaultVest|GrassySurge|GrassyGlide,FakeOut,WoodHammer,Uturn|||F|||50|,,,,,Fire]Sneasler||WhiteHerb|Unburden|DireClaw,CloseCombat,Coaching,Protect|||M|||50|,,,,,Ghost]Ninetales-Alola||CovertCloak|SnowWarning|Blizzard,AuroraVeil,Encore,Protect|||M|||50|,,,,,Water
|showteam|p2|Hawlucha||FocusSash|Unburden|FlyingPress,SwordsDance,Uturn,Protect|||M|||50|,,,,,Fighting]Tyranitar||AssaultVest|SandStream|KnockOff,RockSlide,TeraBlast,BrickBreak|||M|||50|,,,,,Flying]Metagross||LifeOrb|ClearBody|ZenHeadbutt,MeteorMash,Protect,Agility||||||50|,,,,,Dark]Rillaboom||Leftovers|GrassySurge|FakeOut,GrassyGlide,LeechSeed,Protect|||F|||50|,,,,,Fire]Rotom-Wash||WeaknessPolicy|Levitate|HydroPump,WillOWisp,Protect,VoltSwitch||||||50|,,,,,Electric]Empoleon||RockyHelmet|Competitive|FlashCannon,Surf,Roost,Protect|||F|||50|,,,,,Water
|
|t:|1757733479
|teamsize|p1|4
|teamsize|p2|4
|start
|switch|p1a: A strong fellow|Baxcalibur, L50, M|100/100
|switch|p1b: I'm sorry.|Sneasler, L50, M|100/100
|switch|p2a: Hawlucha|Hawlucha, L50, M|100/100
|switch|p2b: Metagross|Metagross, L50|100/100
|turn|1
|inactive|Battle timer is ON: inactive players will automatically lose when time's up. (requested by rip bozo lol lmao)
|
|t:|1757733495
|move|p1a: A strong fellow|Protect|p1a: A strong fellow
|-singleturn|p1a: A strong fellow|Protect
|move|p1b: I'm sorry.|Coaching|p1a: A strong fellow
|-boost|p1a: A strong fellow|atk|1
|-boost|p1a: A strong fellow|def|1
|move|p2a: Hawlucha|Swords Dance|p2a: Hawlucha
|-boost|p2a: Hawlucha|atk|2
|move|p2b: Metagross|Zen Headbutt|p1b: I'm sorry.
|-supereffective|p1b: I'm sorry.
|-damage|p1b: I'm sorry.|0 fnt
|faint|p1b: I'm sorry.
|-damage|p2b: Metagross|91/100|[from] item: Life Orb
|
|upkeep
|
|t:|1757733505
|switch|p1b: Ninetales-She/They|Ninetales-Alola, L50, M|100/100
|-weather|Snowscape|[from] ability: Snow Warning|[of] p1b: Ninetales-She/They
|turn|2
|
|t:|1757733522
|-terastallize|p2a: Hawlucha|Fighting
|-terastallize|p1a: A strong fellow|Ghost
|move|p1b: Ninetales-She/They|Aurora Veil|p1b: Ninetales-She/They
|-sidestart|p1: rip bozo lol lmao|move: Aurora Veil
|move|p2a: Hawlucha|Flying Press|p1a: A strong fellow
|-immune|p1a: A strong fellow
|move|p1a: A strong fellow|Icicle Spear|p2a: Hawlucha
|-damage|p2a: Hawlucha|68/100
|-damage|p2a: Hawlucha|34/100
|-damage|p2a: Hawlucha|2/100
|-damage|p2a: Hawlucha|0 fnt
|faint|p2a: Hawlucha
|-hitcount|p2: Hawlucha|4
|move|p2b: Metagross|Meteor Mash|p1b: Ninetales-She/They|[miss]
|-miss|p2b: Metagross|p1b: Ninetales-She/They
|
|-weather|Snowscape|[upkeep]
|upkeep
|
|t:|1757733545
|switch|p2a: Tyranitar|Tyranitar, L50, M|100/100
|-weather|Sandstorm|[from] ability: Sand Stream|[of] p2a: Tyranitar
|turn|3
|
|t:|1757733559
|switch|p1b: Oceangate Titan|Basculegion, L50, M|100/100
|move|p1a: A strong fellow|Protect|p1a: A strong fellow
|-singleturn|p1a: A strong fellow|Protect
|move|p2b: Metagross|Meteor Mash|p1b: Oceangate Titan
|-resisted|p1b: Oceangate Titan
|-damage|p1b: Oceangate Titan|70/100
|-damage|p2b: Metagross|81/100|[from] item: Life Orb
|move|p2a: Tyranitar|Rock Slide|p1a: A strong fellow|[spread] p1b
|-activate|p1a: A strong fellow|move: Protect
|-damage|p1b: Oceangate Titan|42/100
|
|-weather|Sandstorm|[upkeep]
|-damage|p1b: Oceangate Titan|36/100|[from] Sandstorm
|-damage|p1a: A strong fellow|94/100|[from] Sandstorm
|upkeep
|turn|4
|inactive|dominikc has 30 seconds left.
|
|t:|1757733591
|switch|p2a: Rotom|Rotom-Wash, L50|100/100
|move|p2b: Metagross|Protect|p2b: Metagross
|-singleturn|p2b: Metagross|Protect
|move|p1b: Oceangate Titan|Flip Turn|p2a: Rotom
|-resisted|p2a: Rotom
|-damage|p2a: Rotom|78/100
|
|t:|1757733595
|switch|p1b: Ninetales-She/They|Ninetales-Alola, L50, M|100/100|[from] Flip Turn
|-weather|Snowscape|[from] ability: Snow Warning|[of] p1b: Ninetales-She/They
|move|p1a: A strong fellow|Scale Shot|p2a: Rotom
|-damage|p2a: Rotom|53/100
|-damage|p2a: Rotom|29/100
|-damage|p2a: Rotom|4/100
|-damage|p2a: Rotom|0 fnt
|faint|p2a: Rotom
|-hitcount|p2: Rotom|4
|-unboost|p1a: A strong fellow|def|1
|-boost|p1a: A strong fellow|spe|1
|
|-weather|Snowscape|[upkeep]
|upkeep
|
|t:|1757733616
|switch|p2a: Tyranitar|Tyranitar, L50, M|100/100
|-weather|Sandstorm|[from] ability: Sand Stream|[of] p2a: Tyranitar
|turn|5
|
|t:|1757733625
|move|p1a: A strong fellow|Protect|p1a: A strong fellow
|-singleturn|p1a: A strong fellow|Protect
|move|p1b: Ninetales-She/They|Encore|p2b: Metagross
|-start|p2b: Metagross|Encore
|move|p2b: Metagross|Protect||[still]
|-fail|p2b: Metagross
|move|p2a: Tyranitar|Knock Off|p1a: A strong fellow
|-activate|p1a: A strong fellow|move: Protect
|
|-weather|Sandstorm|[upkeep]
|-damage|p1a: A strong fellow|88/100|[from] Sandstorm
|-damage|p1b: Ninetales-She/They|95/100|[from] Sandstorm
|upkeep
|turn|6
|
|t:|1757733642
|move|p2b: Metagross|Protect|p2b: Metagross
|-singleturn|p2b: Metagross|Protect
|move|p1a: A strong fellow|Scale Shot|p2a: Tyranitar
|-damage|p2a: Tyranitar|80/100
|-damage|p2a: Tyranitar|59/100
|-damage|p2a: Tyranitar|41/100
|-damage|p2a: Tyranitar|21/100
|-hitcount|p2a: Tyranitar|4
|-unboost|p1a: A strong fellow|def|1
|-boost|p1a: A strong fellow|spe|1
|move|p1b: Ninetales-She/They|Blizzard|p2b: Metagross|[spread] p2a
|-activate|p2b: Metagross|move: Protect
|-damage|p2a: Tyranitar|11/100
|move|p2a: Tyranitar|Knock Off|p1a: A strong fellow
|-supereffective|p1a: A strong fellow
|-damage|p1a: A strong fellow|0 fnt
|-enditem|p1a: A strong fellow|Loaded Dice|[from] move: Knock Off|[of] p2a: Tyranitar
|faint|p1a: A strong fellow
|
|-weather|Sandstorm|[upkeep]
|-damage|p1b: Ninetales-She/They|89/100|[from] Sandstorm
|-sideend|p1: rip bozo lol lmao|move: Aurora Veil
|upkeep
|
|t:|1757733652
|switch|p1a: Oceangate Titan|Basculegion, L50, M|36/100
|turn|7
|
|t:|1757733672
|move|p2b: Metagross|Protect|p2b: Metagross
|-singleturn|p2b: Metagross|Protect
|move|p1a: Oceangate Titan|Last Respects|p2a: Tyranitar
|-resisted|p2a: Tyranitar
|-damage|p2a: Tyranitar|0 fnt
|faint|p2a: Tyranitar
|move|p1b: Ninetales-She/They|Blizzard|p2b: Metagross
|-activate|p2b: Metagross|move: Protect
|
|-weather|Sandstorm|[upkeep]
|-damage|p1a: Oceangate Titan|30/100|[from] Sandstorm
|-damage|p1b: Ninetales-She/They|83/100|[from] Sandstorm
|-end|p2b: Metagross|Encore
|upkeep
|turn|8
|
|t:|1757733688
|move|p1a: Oceangate Titan|Last Respects|p2b: Metagross
|-supereffective|p2b: Metagross
|-damage|p2b: Metagross|0 fnt
|faint|p2b: Metagross
|
|win|rip bozo lol lmao
