|j|☆ItsOatmeal
|j|☆mauryof
|html|ItsOatmealmauryof    
|uhtml|bestof|Game 1 of a best-of-3
|t:|1757686639
|gametype|doubles
|player|p1|ItsOatmeal|skier|1089
|player|p2|mauryof|clerk|1038
|gen|9
|tier|[Gen 9] VGC 2025 Reg H (Bo3)
|rated|
|rule|Species Clause: Limit one of each Pokémon
|rule|Item Clause: Limit 1 of each item
|clearpoke
|poke|p1|Dragonite, L50, M|
|poke|p1|Electabuzz, L50, M|
|poke|p1|Incineroar, L50, M|
|poke|p1|Kingambit, L50, F|
|poke|p1|Sneasler, L50, F|
|poke|p1|Gholdengo, L50|
|poke|p2|Gastrodon-East, L50, F|
|poke|p2|Passimian, L50, M|
|poke|p2|Torkoal, L50, M|
|poke|p2|Indeedee-F, L50, F|
|poke|p2|Exeggutor, L50, M|
|poke|p2|Incineroar, L50, M|
|teampreview|4
|showteam|p1|Dragonite||LoadedDice|Multiscale|ScaleShot,Haze,Tailwind,Protect|||M|||50|,,,,,Fairy]Electabuzz||Eviolite|VitalSpirit|Electroweb,Taunt,FollowMe,Protect|||M|||50|,,,,,Poison]Incineroar||AssaultVest|Intimidate|FakeOut,FlareBlitz,KnockOff,Uturn|||M|||50|,,,,,Ghost]Kingambit||DreadPlate|Defiant|SuckerPunch,KowtowCleave,SwordsDance,Protect|||F|||50|,,,,,Dark]Sneasler||FocusSash|PoisonTouch|DireClaw,CloseCombat,Coaching,Protect|||F|||50|,,,,,Ghost]Gholdengo||LifeOrb|GoodasGold|MakeItRain,ShadowBall,NastyPlot,Protect||||||50|,,,,,Water
|showteam|p2|Gastrodon-East||Leftovers|StormDrain|Protect,Recover,EarthPower,IceBeam|||F|||50|,,,,,Ground]Passimian||PsychicSeed|Defiant|Curse,DrainPunch,KnockOff,IronHead|||M|||50|,,,,,Steel]Torkoal||EjectPack|Drought|Overheat,Protect,Eruption,HelpingHand|||M|||50|,,,,,Fire]Indeedee-F||SafetyGoggles|PsychicSurge|FollowMe,HelpingHand,Protect,TrickRoom|||F|||50|,,,,,Fairy]Exeggutor||LifeOrb|Chlorophyll|ExpandingForce,TrickRoom,GigaDrain,Protect|||M|||50|,,,,,Psychic]Incineroar||SitrusBerry|Intimidate|FlareBlitz,Roar,PartingShot,KnockOff|||M|||50|,,,,,Bug
|inactive|Battle timer is ON: inactive players will automatically lose when time's up. (requested by mauryof)
|inactive|ItsOatmeal has 60 seconds left.
|inactive|mauryof has 60 seconds left.
|
|t:|1757686684
|teamsize|p1|4
|teamsize|p2|4
|start
|switch|p1a: Electabuzz|Electabuzz, L50, M, shiny|100/100
|switch|p1b: Kingambit|Kingambit, L50, F, shiny|100/100
|switch|p2a: Passimian|Passimian, L50, M|100/100
|switch|p2b: Indeedee|Indeedee-F, L50, F|100/100
|-fieldstart|move: Psychic Terrain|[from] ability: Psychic Surge|[of] p2b: Indeedee
|-enditem|p2a: Passimian|Psychic Seed
|-boost|p2a: Passimian|spd|1|[from] item: Psychic Seed
|turn|1
|inactive|ItsOatmeal has 30 seconds left.
|
|t:|1757686711
|move|p2b: Indeedee|Protect|p2b: Indeedee
|-singleturn|p2b: Indeedee|Protect
|move|p1b: Kingambit|Protect|p1b: Kingambit
|-singleturn|p1b: Kingambit|Protect
|move|p1a: Electabuzz|Electroweb|p2b: Indeedee|[spread] p2a
|-activate|p2b: Indeedee|move: Protect
|-damage|p2a: Passimian|91/100
|-unboost|p2a: Passimian|spe|1
|-ability|p2a: Passimian|Defiant|boost
|-boost|p2a: Passimian|atk|2
|move|p2a: Passimian|Curse|p2a: Passimian
|-unboost|p2a: Passimian|spe|1
|-boost|p2a: Passimian|atk|1
|-boost|p2a: Passimian|def|1
|
|upkeep
|turn|2
|inactive|mauryof has 30 seconds left.
|
|t:|1757686739
|move|p1a: Electabuzz|Follow Me|p1a: Electabuzz
|-singleturn|p1a: Electabuzz|move: Follow Me
|move|p1b: Kingambit|Kowtow Cleave|p2b: Indeedee
|-supereffective|p2b: Indeedee
|-damage|p2b: Indeedee|0 fnt
|faint|p2b: Indeedee
|move|p2a: Passimian|Drain Punch|p1a: Electabuzz
|-damage|p1a: Electabuzz|6/100
|-heal|p2a: Passimian|100/100|[from] drain|[of] p1a: Electabuzz
|
|upkeep
|
|t:|1757686757
|switch|p2b: Incineroar|Incineroar, L50, M|100/100
|-ability|p2b: Incineroar|Intimidate|boost
|-unboost|p1a: Electabuzz|atk|1
|-unboost|p1b: Kingambit|atk|1
|-ability|p1b: Kingambit|Defiant|boost
|-boost|p1b: Kingambit|atk|2
|turn|3
|
|t:|1757686777
|move|p1a: Electabuzz|Follow Me|p1a: Electabuzz
|-singleturn|p1a: Electabuzz|move: Follow Me
|move|p1b: Kingambit|Kowtow Cleave|p2b: Incineroar
|-resisted|p2b: Incineroar
|-damage|p2b: Incineroar|53/100
|move|p2b: Incineroar|Knock Off|p1a: Electabuzz
|-damage|p1a: Electabuzz|0 fnt
|-enditem|p1a: Electabuzz|Eviolite|[from] move: Knock Off|[of] p2b: Incineroar
|faint|p1a: Electabuzz
|move|p2a: Passimian|Drain Punch|p1b: Kingambit
|-supereffective|p1b: Kingambit
|-damage|p1b: Kingambit|0 fnt
|faint|p1b: Kingambit
|
|upkeep
|
|t:|1757686784
|switch|p1a: Dragonite|Dragonite, L50, M, shiny|100/100
|switch|p1b: Gholdengo|Gholdengo, L50, shiny|100/100
|turn|4
|inactive|ItsOatmeal has 30 seconds left.
|
|t:|1757686810
|switch|p2b: Gastrodon|Gastrodon-East, L50, F|100/100
|-terastallize|p2a: Passimian|Steel
|move|p1b: Gholdengo|Protect|p1b: Gholdengo
|-singleturn|p1b: Gholdengo|Protect
|move|p1a: Dragonite|Haze|p1a: Dragonite
|-clearallboost
|move|p2a: Passimian|Knock Off|p1b: Gholdengo
|-activate|p1b: Gholdengo|move: Protect
|
|upkeep
|turn|5
|
|t:|1757686834
|-terastallize|p1b: Gholdengo|Water
|move|p1b: Gholdengo|Nasty Plot|p1b: Gholdengo
|-boost|p1b: Gholdengo|spa|2
|move|p1a: Dragonite|Scale Shot|p2b: Gastrodon
|-damage|p2b: Gastrodon|86/100
|-damage|p2b: Gastrodon|72/100
|-damage|p2b: Gastrodon|57/100
|-damage|p2b: Gastrodon|44/100
|-hitcount|p2b: Gastrodon|4
|-unboost|p1a: Dragonite|def|1
|-boost|p1a: Dragonite|spe|1
|move|p2a: Passimian|Knock Off|p1b: Gholdengo
|-damage|p1b: Gholdengo|63/100
|-enditem|p1b: Gholdengo|Life Orb|[from] move: Knock Off|[of] p2a: Passimian
|move|p2b: Gastrodon|Ice Beam|p1a: Dragonite
|-supereffective|p1a: Dragonite
|-damage|p1a: Dragonite|47/100
|
|-heal|p2b: Gastrodon|50/100|[from] item: Leftovers
|-fieldend|move: Psychic Terrain
|upkeep
|turn|6
|inactive|ItsOatmeal has 30 seconds left.
|inactive|mauryof has 30 seconds left.
|inactive|mauryof has 20 seconds left.
|inactive|mauryof has 15 seconds left.
|
|t:|1757686875
|switch|p2b: Incineroar|Incineroar, L50, M|53/100
|-ability|p2b: Incineroar|Intimidate|boost
|-unboost|p1a: Dragonite|atk|1
|-unboost|p1b: Gholdengo|atk|1
|move|p1a: Dragonite|Scale Shot|p2b: Incineroar
|-damage|p2b: Incineroar|43/100
|-enditem|p2b: Incineroar|Sitrus Berry|[eat]
|-heal|p2b: Incineroar|68/100|[from] item: Sitrus Berry
|-damage|p2b: Incineroar|58/100
|-damage|p2b: Incineroar|48/100
|-damage|p2b: Incineroar|38/100
|-damage|p2b: Incineroar|28/100
|-hitcount|p2b: Incineroar|5
|-unboost|p1a: Dragonite|def|1
|-boost|p1a: Dragonite|spe|1
|move|p1b: Gholdengo|Shadow Ball|p2a: Passimian
|-damage|p2a: Passimian|4/100
|move|p2a: Passimian|Drain Punch|p1b: Gholdengo
|-damage|p1b: Gholdengo|16/100
|-heal|p2a: Passimian|23/100|[from] drain|[of] p1b: Gholdengo
|
|upkeep
|turn|7
|inactive|ItsOatmeal has 30 seconds left.
|inactive|mauryof has 30 seconds left.
|inactive|mauryof has 20 seconds left.
|inactive|mauryof has 15 seconds left.
|inactive|mauryof has 10 seconds left.
|inactive|mauryof has 5 seconds left.
|
|t:|1757686930
|move|p1a: Dragonite|Protect|p1a: Dragonite
|-singleturn|p1a: Dragonite|Protect
|move|p1b: Gholdengo|Protect|p1b: Gholdengo
|-singleturn|p1b: Gholdengo|Protect
|move|p2a: Passimian|Curse|p2a: Passimian
|-unboost|p2a: Passimian|spe|1
|-boost|p2a: Passimian|atk|1
|-boost|p2a: Passimian|def|1
|move|p2b: Incineroar|Flare Blitz|p1a: Dragonite
|-activate|p1a: Dragonite|move: Protect
|
|upkeep
|turn|8
|inactive|ItsOatmeal has 30 seconds left.
|inactive|mauryof has 30 seconds left.
|
|t:|1757686963
|move|p1a: Dragonite|Scale Shot|p2b: Incineroar|[miss]
|-miss|p1a: Dragonite|p2b: Incineroar
|move|p1b: Gholdengo|Shadow Ball|p2a: Passimian
|-damage|p2a: Passimian|0 fnt
|faint|p2a: Passimian
|move|p2b: Incineroar|Parting Shot|p1a: Dragonite
|-unboost|p1a: Dragonite|atk|1
|-unboost|p1a: Dragonite|spa|1
|
|t:|1757686973
|switch|p2b: Gastrodon|Gastrodon-East, L50, F|50/100|[from] Parting Shot
|
|-heal|p2b: Gastrodon|56/100|[from] item: Leftovers
|upkeep
|
|t:|1757686979
|switch|p2a: Incineroar|Incineroar, L50, M|28/100
|-ability|p2a: Incineroar|Intimidate|boost
|-unboost|p1a: Dragonite|atk|1
|-unboost|p1b: Gholdengo|atk|1
|turn|9
|
|t:|1757687002
|move|p1a: Dragonite|Protect|p1a: Dragonite
|-singleturn|p1a: Dragonite|Protect
|move|p1b: Gholdengo|Protect|p1b: Gholdengo
|-singleturn|p1b: Gholdengo|Protect
|move|p2a: Incineroar|Knock Off|p1b: Gholdengo
|-activate|p1b: Gholdengo|move: Protect
|move|p2b: Gastrodon|Ice Beam|p1a: Dragonite
|-activate|p1a: Dragonite|move: Protect
|
|-heal|p2b: Gastrodon|62/100|[from] item: Leftovers
|upkeep
|turn|10
|
|t:|1757687017
|move|p1a: Dragonite|Scale Shot|p2a: Incineroar
|-damage|p2a: Incineroar|21/100
|-damage|p2a: Incineroar|14/100
|-damage|p2a: Incineroar|8/100
|-damage|p2a: Incineroar|1/100
|-damage|p2a: Incineroar|0 fnt
|faint|p2a: Incineroar
|-hitcount|p2: Incineroar|5
|-unboost|p1a: Dragonite|def|1
|-boost|p1a: Dragonite|spe|1
|move|p1b: Gholdengo|Make It Rain|p2b: Gastrodon
|-resisted|p2b: Gastrodon
|-damage|p2b: Gastrodon|5/100
|-unboost|p1b: Gholdengo|spa|1
|move|p2b: Gastrodon|Ice Beam|p1a: Dragonite
|-supereffective|p1a: Dragonite
|-damage|p1a: Dragonite|0 fnt
|faint|p1a: Dragonite
|
|-heal|p2b: Gastrodon|11/100|[from] item: Leftovers
|upkeep
|turn|11
|-message|mauryof forfeited.
|
|win|ItsOatmeal
|l|☆mauryof
|player|p2|
||ItsOatmeal is ready for game 2.
|raw|ItsOatmeal's rating: 1089 → 1112(+23 for winning)
|raw|mauryof's rating: 1038 → 1025(-13 for losing)
|l|☆ItsOatmeal
|player|p1|
