|j|☆avalanche766
|j|☆lunekike98
|html|avalanche766lunekike98    
|uhtml|bestof|Game 3 of a best-of-3
|t:|1785118220
|gametype|doubles
|player|p1|avalanche766|petrel|
|player|p2|lunekike98|266|
|gen|9
|tier|[Gen 9 Champions] VGC 2026 Reg M-B (Bo3)
|rule|Species Clause: Limit one of each Pokémon
|rule|Item Clause: Limit 1 of each item
|clearpoke
|poke|p1|Staraptor, L50, M|
|poke|p1|Gholdengo, L50|
|poke|p1|Torkoal, L50, F|
|poke|p1|Corviknight, L50, F, shiny|
|poke|p1|Excadrill, L50, M|
|poke|p1|Mimikyu, L50, F|
|poke|p2|Metagross, L50|
|poke|p2|Whimsicott, L50, M|
|poke|p2|Aerodactyl, L50, M|
|poke|p2|Arcanine, L50, F|
|poke|p2|Greninja, L50, F|
|poke|p2|Raichu, L50, F|
|teampreview|4
|showteam|p1|Staraptor||Staraptite|Intimidate|CloseCombat,BraveBird,Protect,Roost|Jolly||M|||50|]Gholdengo||LifeOrb|GoodasGold|MakeItRain,ShadowBall,DazzlingGleam,Protect|Modest|||||50|]Torkoal||Charcoal|Drought|Eruption,HeatWave,EarthPower,Protect|Quiet||F|||50|]Corviknight||Leftovers|Pressure|Tailwind,Roost,BodyPress,Taunt|Impish||F|||50|]Excadrill||FocusSash|MoldBreaker|Earthquake,IronHead,RockSlide,Protect|Adamant||M|||50|]Mimikyu||MentalHerb|Disguise|TrickRoom,ShadowSneak,PlayRough,WillOWisp|Brave||F|||50|
|showteam|p2|Metagross||Metagrossite|ClearBody|BodyPress,IcePunch,IronHead,Protect|Jolly|||||50|]Whimsicott||FocusSash|Prankster|Moonblast,SunnyDay,Tailwind,Tickle|Timid||M|||50|]Aerodactyl||WideLens|RockHead|RockSlide,Protect,Tailwind,WideGuard|Jolly||M|||50|]Arcanine||SitrusBerry|Intimidate|FlareBlitz,Protect,Snarl,WillOWisp|Adamant||F|||50|]Greninja||LifeOrb|Torrent|DarkPulse,HydroPump,IceBeam,Protect|Timid||F|||50|]Raichu||ShucaBerry|Static|FakeOut,VoltSwitch,Protect,ZapCannon|Timid||F|||50|
|j| EGG_dude
|j| PorygonTheBot
|c| PorygonTheBot|You got this!
|
|t:|1785118281
|teamsize|p1|4
|teamsize|p2|4
|start
|switch|p1a: Staraptor|Staraptor, L50, M|100/100
|switch|p1b: Gholdengo|Gholdengo, L50|100/100
|switch|p2a: Whimsicott|Whimsicott, L50, M|100/100
|switch|p2b: Raichu|Raichu, L50, F|100/100
|-ability|p1a: Staraptor|Intimidate|boost
|-unboost|p2a: Whimsicott|atk|1
|-unboost|p2b: Raichu|atk|1
|turn|1
|
|t:|1785118321
|detailschange|p1a: Staraptor|Staraptor-Mega, L50, M
|-mega|p1a: Staraptor|Staraptor|Staraptite
|move|p1a: Staraptor|Protect|p1a: Staraptor
|-singleturn|p1a: Staraptor|Protect
|move|p2a: Whimsicott|Tailwind|p2a: Whimsicott
|-sidestart|p2: lunekike98|move: Tailwind
|move|p2b: Raichu|Zap Cannon|p1a: Staraptor
|-activate|p1a: Staraptor|move: Protect
|move|p1b: Gholdengo|Make It Rain|p2a: Whimsicott|[spread] p2a,p2b
|-supereffective|p2a: Whimsicott|1
|-resisted|p2b: Raichu|1
|-enditem|p2a: Whimsicott|Focus Sash
|-damage|p2a: Whimsicott|1/100
|-damage|p2b: Raichu|51/100
|-unboost|p1b: Gholdengo|spa|2
|-damage|p1b: Gholdengo|90/100|[from] item: Life Orb
|
|upkeep
|turn|2
|
|t:|1785118344
|move|p2a: Whimsicott|Sunny Day|p2a: Whimsicott
|-weather|SunnyDay
|move|p2b: Raichu|Zap Cannon|p1a: Staraptor
|-supereffective|p1a: Staraptor|1
|-damage|p1a: Staraptor|0 fnt
|faint|p1a: Staraptor
|move|p1b: Gholdengo|Dazzling Gleam|p2a: Whimsicott|[spread] p2a,p2b
|-damage|p2a: Whimsicott|0 fnt
|-damage|p2b: Raichu|29/100
|faint|p2a: Whimsicott
|-damage|p1b: Gholdengo|80/100|[from] item: Life Orb
|
|-weather|SunnyDay|[upkeep]
|upkeep
|
|t:|1785118357
|switch|p2a: Arcanine|Arcanine, L50, F|100/100
|switch|p1a: Excadrill|Excadrill, L50, M|100/100
|-ability|p2a: Arcanine|Intimidate|boost
|-unboost|p1a: Excadrill|atk|1
|-unboost|p1b: Gholdengo|atk|1
|-ability|p1a: Excadrill|Mold Breaker
|turn|3
|
|t:|1785118409
|move|p1b: Gholdengo|Protect|p1b: Gholdengo
|-singleturn|p1b: Gholdengo|Protect
|move|p2b: Raichu|Volt Switch|p1b: Gholdengo
|-activate|p1b: Gholdengo|move: Protect
|move|p2a: Arcanine|Flare Blitz|p1a: Excadrill
|-supereffective|p1a: Excadrill|1
|-enditem|p1a: Excadrill|Focus Sash
|-damage|p1a: Excadrill|1/100
|-damage|p2a: Arcanine|69/100|[from] Recoil
|move|p1a: Excadrill|Rock Slide|p2b: Raichu|[spread] p2a,p2b
|-supereffective|p2a: Arcanine|1
|-damage|p2a: Arcanine|37/100
|-damage|p2b: Raichu|0 fnt
|-enditem|p2a: Arcanine|Sitrus Berry|[eat]
|-heal|p2a: Arcanine|62/100|[from] item: Sitrus Berry
|faint|p2b: Raichu
|
|-weather|SunnyDay|[upkeep]
|upkeep
|
|t:|1785118425
|switch|p2b: Greninja|Greninja, L50, F|100/100
|turn|4
|
|t:|1785118439
|move|p1a: Excadrill|Protect|p1a: Excadrill
|-singleturn|p1a: Excadrill|Protect
|move|p2b: Greninja|Hydro Pump|p1a: Excadrill
|-activate|p1a: Excadrill|move: Protect
|move|p2a: Arcanine|Flare Blitz|p1b: Gholdengo
|-supereffective|p1b: Gholdengo|1
|-damage|p1b: Gholdengo|0 fnt
|faint|p1b: Gholdengo
|-damage|p2a: Arcanine|40/100|[from] Recoil
|
|-weather|SunnyDay|[upkeep]
|-sideend|p2: lunekike98|move: Tailwind
|upkeep
|
|t:|1785118453
|switch|p1b: Corviknight|Corviknight, L50, F, shiny|100/100
|-ability|p1b: Corviknight|Pressure
|turn|5
|
|t:|1785118479
|move|p2b: Greninja|Ice Beam|p1a: Excadrill
|-damage|p1a: Excadrill|0 fnt
|faint|p1a: Excadrill
|-damage|p2b: Greninja|90/100|[from] item: Life Orb
|move|p2a: Arcanine|Flare Blitz|p1b: Corviknight
|-supereffective|p1b: Corviknight|1
|-damage|p1b: Corviknight|0 fnt
|faint|p1b: Corviknight
|-damage|p2a: Arcanine|6/100|[from] Recoil
|
|win|lunekike98
