|j|☆thepokecrafter13
|j|☆M9RBLEST6R
|html|thepokecrafter13M9RBLEST6R    
|uhtml|bestof|Game 1 of a best-of-3
|t:|1783358964
|gametype|doubles
|player|p1|thepokecrafter13|2|
|player|p2|M9RBLEST6R|hilda-wonderlauncher|
|gen|9
|tier|[Gen 9 Champions] VGC 2026 Reg M-B (Bo3)
|rule|Species Clause: Limit one of each Pokémon
|rule|Item Clause: Limit 1 of each item
|clearpoke
|poke|p1|Garchomp, L50, F|
|poke|p1|Kingambit, L50, F|
|poke|p1|Milotic, L50, F|
|poke|p1|Whimsicott, L50, M|
|poke|p1|Charizard, L50, F|
|poke|p1|Sneasler, L50, M|
|poke|p2|Zoroark-Hisui, L50, M, shiny|
|poke|p2|Klefki, L50, M|
|poke|p2|Scizor, L50, F|
|poke|p2|Milotic, L50, M|
|poke|p2|Roserade, L50, F, shiny|
|poke|p2|Incineroar, L50, F|
|teampreview|4
|showteam|p1|Garchomp||YacheBerry|RoughSkin|Earthquake,DragonClaw,SwordsDance,IronHead|Jolly||F|||50|]Kingambit||BlackGlasses|SupremeOverlord|KowtowCleave,SuckerPunch,IronHead,LowKick|Adamant||F|||50|]Milotic||Leftovers|Competitive|Scald,Recover,IceBeam,Hypnosis|Bold||F|||50|]Whimsicott||MentalHerb|Prankster|Encore,Moonblast,Tailwind,Taunt|Bold||M|||50|]Charizard||CharizarditeY|Blaze|WeatherBall,SolarBeam,ScorchingSands,FocusBlast|Timid||F|||50|]Sneasler||FocusSash|Unburden|DireClaw,CloseCombat,FakeOut,Uturn|Adamant||M|||50|
|showteam|p2|Zoroark-Hisui||FocusSash|Illusion|IcyWind,PhantomForce,BitterMalice,ShadowBall|Hasty||M|||50|]Klefki||LightClay|Prankster|LightScreen,PlayRough,Protect,Reflect|Brave||M|||50|]Scizor||Scizorite|Technician|AerialAce,Uturn,KnockOff,BulletPunch|Adamant||F|||50|]Milotic||Leftovers|Competitive|IcyWind,HydroPump,AlluringVoice,Recover|Modest||M|||50|]Roserade||BrightPowder|NaturalCure|StunSpore,SludgeBomb,PetalDance,Protect|Modest||F|||50|]Incineroar||BlackGlasses|Intimidate|BulkUp,DarkestLariat,FakeOut,FlareBlitz|Adamant||F|||50|
|
|t:|1783359050
|teamsize|p1|4
|teamsize|p2|4
|start
|switch|p1a: Sneasler|Sneasler, L50, M|100/100
|switch|p1b: Charizard|Charizard, L50, F|100/100
|switch|p2a: Klefki|Klefki, L50, M|100/100
|switch|p2b: Bud-Bud|Roserade, L50, F, shiny|100/100
|turn|1
|
|t:|1783359079
|detailschange|p1b: Charizard|Charizard-Mega-Y, L50, F
|-mega|p1b: Charizard|Charizard|Charizardite Y
|-weather|SunnyDay|[from] ability: Drought|[of] p1b: Charizard
|move|p2b: Bud-Bud|Protect|p2b: Bud-Bud
|-singleturn|p2b: Bud-Bud|Protect
|move|p1a: Sneasler|Fake Out|p2a: Klefki
|-immune|p2a: Klefki
|move|p1b: Charizard|Weather Ball|p2b: Bud-Bud
|-activate|p2b: Bud-Bud|move: Protect
|move|p2a: Klefki|Icy Wind|p1a: Sneasler|[spread] p1a,p1b
|-damage|p1a: Sneasler|83/100
|-damage|p1b: Charizard|87/100
|-unboost|p1a: Sneasler|spe|1
|-unboost|p1b: Charizard|spe|1
|
|-weather|SunnyDay|[upkeep]
|upkeep
|turn|2
|
|t:|1783359136
|move|p2a: Klefki|Phantom Force||[still]
|-prepare|p2a: Klefki|Phantom Force
|move|p2b: Bud-Bud|Stun Spore|p1a: Sneasler|[miss]
|-miss|p2b: Bud-Bud|p1a: Sneasler
|move|p1a: Sneasler|Dire Claw|p2a: Klefki|[miss]
|-miss|p1a: Sneasler|p2a: Klefki
|move|p1b: Charizard|Weather Ball|p2b: Bud-Bud
|-supereffective|p2b: Bud-Bud|1
|-damage|p2b: Bud-Bud|0 fnt
|faint|p2b: Bud-Bud
|
|-weather|SunnyDay|[upkeep]
|upkeep
|
|t:|1783359151
|switch|p2b: Milotic|Milotic, L50, M|100/100
|turn|3
|
|t:|1783359168
|move|p2a: Klefki|Phantom Force|p1b: Charizard|[from] lockedmove
|-damage|p1b: Charizard|38/100
|move|p1a: Sneasler|Dire Claw|p2b: Milotic
|-damage|p2b: Milotic|54/100
|-status|p2b: Milotic|psn
|move|p1b: Charizard|Solar Beam||[still]
|-prepare|p1b: Charizard|Solar Beam
|-anim|p1b: Charizard|Solar Beam|p2b: Milotic
|-supereffective|p2b: Milotic|1
|-damage|p2b: Milotic|0 fnt
|faint|p2b: Milotic
|
|-weather|SunnyDay|[upkeep]
|upkeep
|
|t:|1783359190
|switch|p2b: Klefki|Klefki, L50, M|100/100
|turn|4
|
|t:|1783359223
|move|p2b: Klefki|Protect|p2b: Klefki
|-singleturn|p2b: Klefki|Protect
|move|p2a: Klefki|Phantom Force||[still]
|-prepare|p2a: Klefki|Phantom Force
|move|p1a: Sneasler|U-turn|p2a: Klefki|[miss]
|-miss|p1a: Sneasler|p2a: Klefki
|move|p1b: Charizard|Weather Ball|p2b: Klefki
|-activate|p2b: Klefki|move: Protect
|
|-weather|SunnyDay|[upkeep]
|upkeep
|turn|5
|
|t:|1783359244
|switch|p1b: Milotic|Milotic, L50, F|100/100
|move|p2a: Klefki|Phantom Force|p1b: Milotic|[from] lockedmove
|-damage|p1b: Milotic|72/100
|move|p1a: Sneasler|Close Combat|p2b: Klefki
|-damage|p2b: Klefki|10/100
|-unboost|p1a: Sneasler|def|1
|-unboost|p1a: Sneasler|spd|1
|move|p2b: Klefki|Play Rough|p1a: Sneasler
|-damage|p1a: Sneasler|0 fnt
|faint|p1a: Sneasler
|
|-weather|none
|-heal|p1b: Milotic|78/100|[from] item: Leftovers
|upkeep
|
|t:|1783359256
|switch|p1a: Kingambit|Kingambit, L50, F|100/100
|-activate|p1a: Kingambit|ability: Supreme Overlord
|-start|p1a: Kingambit|fallen1|[silent]
|turn|6
|
|t:|1783359282
|move|p1a: Kingambit|Sucker Punch|p2a: Klefki
|-supereffective|p2a: Klefki|1
|-enditem|p2a: Klefki|Focus Sash
|-damage|p2a: Klefki|1/100
|replace|p2a: Fallible|Zoroark-Hisui, L50, M, shiny
|-end|p2a: Fallible|Illusion
|move|p2a: Fallible|Phantom Force||[still]
|-prepare|p2a: Fallible|Phantom Force
|move|p1b: Milotic|Scald|p2a: Fallible|[miss]
|-miss|p1b: Milotic|p2a: Fallible
|move|p2b: Klefki|Play Rough|p1a: Kingambit
|-damage|p1a: Kingambit|70/100
|
|-heal|p1b: Milotic|84/100|[from] item: Leftovers
|upkeep
|turn|7
|
|t:|1783359308
|move|p2b: Klefki|Protect|p2b: Klefki
|-singleturn|p2b: Klefki|Protect
|move|p2a: Fallible|Phantom Force|p1b: Milotic|[from] lockedmove
|-damage|p1b: Milotic|60/100
|move|p1b: Milotic|Scald|p2a: Fallible
|-damage|p2a: Fallible|0 fnt
|faint|p2a: Fallible
|move|p1a: Kingambit|Iron Head|p2b: Klefki
|-activate|p2b: Klefki|move: Protect
|
|-heal|p1b: Milotic|66/100|[from] item: Leftovers
|upkeep
|turn|8
|
|t:|1783359335
|move|p1b: Milotic|Scald|p2b: Klefki
|-damage|p2b: Klefki|0 fnt
|faint|p2b: Klefki
|
|win|thepokecrafter13
|c|☆thepokecrafter13|gg
||thepokecrafter13 is ready for game 2.
|inactive|M9RBLEST6R has 30 seconds to confirm battle start!
|inactive|M9RBLEST6R has 20 seconds to confirm battle start!
|inactive|M9RBLEST6R has 10 seconds to confirm battle start!
||M9RBLEST6R is ready for game 2.
|uhtml|next|Next: Game 2 of 3
