|j|☆girasolia
|j|☆flubberbut
|html|girasoliaflubberbut    
|uhtml|bestof|Game 2 of a best-of-3
|t:|1757728727
|gametype|doubles
|player|p1|girasolia|dawn-gen4pt|1310
|player|p2|flubberbut|1|1364
|gen|9
|tier|[Gen 9] VGC 2025 Reg H (Bo3)
|rated|
|rule|Species Clause: Limit one of each Pokémon
|rule|Item Clause: Limit 1 of each item
|clearpoke
|poke|p1|Delphox, L50, F|
|poke|p1|Indeedee-F, L50, F|
|poke|p1|Ursaluna, L50, M|
|poke|p1|Porygon2, L50|
|poke|p1|Torkoal, L50, F|
|poke|p1|Dragonite, L50, F|
|poke|p2|Ursaluna-Bloodmoon, L50, M|
|poke|p2|Talonflame, L50, M|
|poke|p2|Gholdengo, L50|
|poke|p2|Dondozo, L50, M|
|poke|p2|Tatsugiri, L50, F|
|poke|p2|Dragonite, L50, F|
|teampreview|4
|showteam|p1|Delphox||FocusSash|Blaze|ExpandingForce,HeatWave,DazzlingGleam,Protect|||F|||50|,,,,,Stellar]Indeedee-F||PsychicSeed|PsychicSurge|Psychic,FollowMe,TrickRoom,HelpingHand|||F|||50|,,,,,Fairy]Ursaluna||FlameOrb|Guts|Facade,HeadlongRush,Earthquake,Protect|||M|||50|,,,,,Ghost]Porygon2||Eviolite|Download|TeraBlast,IceBeam,TrickRoom,Recover||||||50|,,,,,Fighting]Torkoal||Charcoal|Drought|Eruption,Flamethrower,HelpingHand,Protect|||F|||50|,,,,,Fire]Dragonite||LoadedDice|Multiscale|ScaleShot,Haze,Tailwind,Protect|||F|||50|,,,,,Steel
|showteam|p2|Ursaluna-Bloodmoon||LifeOrb|MindsEye|EarthPower,HyperVoice,BloodMoon,Protect|||M|||50|,,,,,Normal]Talonflame||CovertCloak|GaleWings|Tailwind,BraveBird,FlareBlitz,Taunt|||M|||50|,,,,,Ghost]Gholdengo||ChoiceSpecs|GoodasGold|MakeItRain,PowerGem,ShadowBall,Trick||||||50|,,,,,Steel]Dondozo||SafetyGoggles|Unaware|WaveCrash,Earthquake,OrderUp,Protect|||M|||50|,,,,,Ghost]Tatsugiri||FocusSash|Commander|DracoMeteor,MuddyWater,IcyWind,Protect|||F|||50|,,,,,Fairy]Dragonite||ChoiceBand|InnerFocus|ExtremeSpeed,Earthquake,LowKick,Outrage|||F|||50|,,,,,Normal
|inactive|Battle timer is ON: inactive players will automatically lose when time's up. (requested by girasolia)
|inactive|girasolia has 60 seconds left.
|
|t:|1757728759
|teamsize|p1|4
|teamsize|p2|4
|start
|switch|p1a: Delphox|Delphox, L50, F|100/100
|switch|p1b: Indeedee|Indeedee-F, L50, F|100/100
|switch|p2a: Talonflame|Talonflame, L50, M|100/100
|switch|p2b: Ursaluna|Ursaluna-Bloodmoon, L50, M|100/100
|-fieldstart|move: Psychic Terrain|[from] ability: Psychic Surge|[of] p1b: Indeedee
|-enditem|p1b: Indeedee|Psychic Seed
|-boost|p1b: Indeedee|spd|1|[from] item: Psychic Seed
|turn|1
|inactive|girasolia has 30 seconds left.
|inactive|flubberbut has 30 seconds left.
|
|t:|1757728785
|-terastallize|p1a: Delphox|Stellar
|move|p2b: Ursaluna|Protect|p2b: Ursaluna
|-singleturn|p2b: Ursaluna|Protect
|move|p2a: Talonflame|Taunt|p1b: Indeedee
|-start|p1b: Indeedee|move: Taunt
|move|p1a: Delphox|Expanding Force|p2a: Talonflame|[spread] p2a
|-activate|p2b: Ursaluna|move: Protect
|-damage|p2a: Talonflame|0 fnt
|faint|p2a: Talonflame
|move|p1b: Indeedee|Psychic|p2b: Ursaluna
|-activate|p2b: Ursaluna|move: Protect
|
|upkeep
|
|t:|1757728795
|switch|p2a: Dragonite|Dragonite, L50, F, shiny|100/100
|turn|2
|inactive|girasolia has 30 seconds left.
|inactive|girasolia has 20 seconds left.
|inactive|girasolia has 15 seconds left.
|
|t:|1757728835
|-terastallize|p2b: Ursaluna|Normal
|move|p1a: Delphox|Dazzling Gleam|p2b: Ursaluna|[spread] p2a,p2b
|-supereffective|p2a: Dragonite
|-damage|p2a: Dragonite|47/100
|-damage|p2b: Ursaluna|69/100
|move|p2a: Dragonite|Outrage|p1b: Indeedee
|-damage|p1b: Indeedee|17/100
|move|p1b: Indeedee|Psychic|p2a: Dragonite
|-damage|p2a: Dragonite|6/100
|move|p2b: Ursaluna|Hyper Voice|p1b: Indeedee|[spread] p1a,p1b
|-damage|p1a: Delphox|25/100
|-damage|p1b: Indeedee|0 fnt
|faint|p1b: Indeedee
|-damage|p2b: Ursaluna|60/100|[from] item: Life Orb
|
|upkeep
|inactive|girasolia has 30 seconds left.
|
|t:|1757728863
|switch|p1b: Dragonite|Dragonite, L50, F|100/100
|turn|3
|
|t:|1757728882
|move|p1a: Delphox|Protect|p1a: Delphox
|-singleturn|p1a: Delphox|Protect
|move|p2a: Dragonite|Outrage|p1a: Delphox|[from] lockedmove
|-activate|p1a: Delphox|move: Protect
|-start|p2a: Dragonite|confusion|[fatigue]
|move|p1b: Dragonite|Scale Shot|p2a: Dragonite
|-supereffective|p2a: Dragonite
|-damage|p2a: Dragonite|0 fnt
|faint|p2a: Dragonite
|-hitcount|p2: Dragonite|1
|-unboost|p1b: Dragonite|def|1
|-boost|p1b: Dragonite|spe|1
|move|p2b: Ursaluna|Hyper Voice|p1a: Delphox|[spread] p1b
|-activate|p1a: Delphox|move: Protect
|-crit|p1b: Dragonite
|-damage|p1b: Dragonite|48/100
|-damage|p2b: Ursaluna|50/100|[from] item: Life Orb
|
|upkeep
|
|t:|1757728891
|switch|p2a: Gholdengo|Gholdengo, L50|100/100
|turn|4
|inactive|girasolia has 30 seconds left.
|
|t:|1757728921
|move|p2b: Ursaluna|Protect|p2b: Ursaluna
|-singleturn|p2b: Ursaluna|Protect
|move|p1b: Dragonite|Tailwind|p1b: Dragonite
|-sidestart|p1: girasolia|move: Tailwind
|move|p1a: Delphox|Heat Wave|p2b: Ursaluna|[spread] p2a
|-activate|p2b: Ursaluna|move: Protect
|-supereffective|p2a: Gholdengo
|-damage|p2a: Gholdengo|0 fnt
|faint|p2a: Gholdengo
|
|upkeep
|turn|5
|-message|flubberbut forfeited.
|
|win|girasolia
||flubberbut is ready for game 3.
||girasolia is ready for game 3.
|uhtml|next|Next: Game 3 of 3
|l|☆flubberbut
|player|p2|
