|j|☆harcaseven
|j|☆IronStandsEternal
|html|harcasevenIronStandsEternal    
|uhtml|bestof|Game 2 of a best-of-3
|t:|1756259165
|gametype|doubles
|player|p1|harcaseven|blackbelt-gen4dp|1104
|player|p2|IronStandsEternal|flint|1151
|gen|9
|tier|[Gen 9] VGC 2025 Reg H (Bo3)
|rated|
|rule|Species Clause: Limit one of each Pokémon
|rule|Item Clause: Limit 1 of each item
|clearpoke
|poke|p1|Dragonite, L50, M|
|poke|p1|Annihilape, L50, F|
|poke|p1|Garchomp, L50, M|
|poke|p1|Whimsicott, L50, M|
|poke|p1|Incineroar, L50, M|
|poke|p1|Gholdengo, L50|
|poke|p2|Rillaboom, L50, M|
|poke|p2|Dragonite, L50, F|
|poke|p2|Sneasler, L50, F|
|poke|p2|Ninetales-Alola, L50, F|
|poke|p2|Kingambit, L50, M|
|poke|p2|Magmar, L50, F|
|teampreview|4
|showteam|p1|Dragonite||LoadedDice|Multiscale|ScaleShot,Protect,Tailwind,Haze|||M|||50|,,,,,Fairy]Annihilape||SafetyGoggles|Defiant|CloseCombat,FinalGambit,RageFist,Coaching|||F|||50|,,,,,Fire]Garchomp||LifeOrb|RoughSkin|Earthquake,DragonClaw,StompingTantrum,Protect|||M|||50|,,,,,Fairy]Whimsicott||FocusSash|Prankster|Moonblast,Encore,Tailwind,BeatUp|||M|||50|,,,,,Ghost]Incineroar||MirrorHerb|Intimidate|KnockOff,FlareBlitz,FakeOut,PartingShot|||M|||50|,,,,,Ghost]Gholdengo||ChoiceSpecs|GoodasGold|MakeItRain,Trick,ShadowBall,SteelBeam||||||50|,,,,,Flying
|showteam|p2|Rillaboom||AssaultVest|GrassySurge|WoodHammer,GrassyGlide,HighHorsepower,FakeOut|||M|||50|,,,,,Fire]Dragonite||LoadedDice|Multiscale|Protect,ScaleShot,LowKick,Haze|||F|||50|,,,,,Fairy]Sneasler||WhiteHerb|Unburden|Protect,DireClaw,CloseCombat,Coaching|||F|||50|,,,,,Ghost]Ninetales-Alola||ChoiceSpecs|SnowWarning|Blizzard,IcyWind,Moonblast,FreezeDry|||F|||50|,,,,,Ghost]Kingambit||SafetyGoggles|Defiant|Protect,KowtowCleave,SuckerPunch,SwordsDance|||M|||50|,,,,,Dark]Magmar||Eviolite|VitalSpirit|Protect,FollowMe,Overheat,WillOWisp|||F|||50|,,,,,Dragon
|inactive|Battle timer is ON: inactive players will automatically lose when time's up. (requested by harcaseven)
|inactive|IronStandsEternal has 60 seconds left.
|
|t:|1756259220
|teamsize|p1|4
|teamsize|p2|4
|start
|switch|p1a: Garchomp|Garchomp, L50, M|100/100
|switch|p1b: Gholdengo|Gholdengo, L50|100/100
|switch|p2a: Hi peli|Ninetales-Alola, L50, F, shiny|100/100
|switch|p2b: Mogmar|Magmar, L50, F, shiny|100/100
|-weather|Snowscape|[from] ability: Snow Warning|[of] p2a: Hi peli
|turn|1
|
|t:|1756259237
|-terastallize|p2a: Hi peli|Ghost
|-terastallize|p1a: Garchomp|Fairy
|move|p2a: Hi peli|Blizzard|p1a: Garchomp|[spread] p1a,p1b
|-resisted|p1b: Gholdengo
|-damage|p1a: Garchomp|51/100
|-damage|p1b: Gholdengo|75/100
|move|p1a: Garchomp|Stomping Tantrum|p2b: Mogmar
|-supereffective|p2b: Mogmar
|-damage|p2b: Mogmar|17/100
|-damage|p1a: Garchomp|41/100|[from] item: Life Orb
|move|p1b: Gholdengo|Steel Beam|p2a: Hi peli
|-damage|p2a: Hi peli|0 fnt
|-damage|p1b: Gholdengo|25/100|[from] steelbeam
|faint|p2a: Hi peli
|move|p2b: Mogmar|Overheat|p1b: Gholdengo|[miss]
|-miss|p2b: Mogmar|p1b: Gholdengo
|
|-weather|Snowscape|[upkeep]
|upkeep
|l|☆IronStandsEternal
|inactive|IronStandsEternal disconnected and has a minute to reconnect!
|player|p2|
|inactive|IronStandsEternal has 30 seconds left.
|j|☆IronStandsEternal
|inactive|IronStandsEternal reconnected and has 25 seconds left.
|player|p2|IronStandsEternal|flint|
|inactive|IronStandsEternal has 20 seconds left.
|
|t:|1756259274
|switch|p2a: Noah's BFF|Sneasler, L50, F, shiny|100/100
|turn|2
|
|t:|1756259283
|switch|p1a: Incineroar|Incineroar, L50, M|100/100
|-ability|p1a: Incineroar|Intimidate|boost
|-unboost|p2a: Noah's BFF|atk|1
|-unboost|p2b: Mogmar|atk|1
|-enditem|p2a: Noah's BFF|White Herb
|-clearnegativeboost|p2a: Noah's BFF|[silent]
|move|p2b: Mogmar|Follow Me|p2b: Mogmar
|-singleturn|p2b: Mogmar|move: Follow Me
|move|p2a: Noah's BFF|Dire Claw|p1a: Incineroar
|-damage|p1a: Incineroar|65/100
|-status|p1a: Incineroar|psn
|move|p1b: Gholdengo|Steel Beam|p2b: Mogmar
|-resisted|p2b: Mogmar
|-damage|p2b: Mogmar|0 fnt
|-damage|p1b: Gholdengo|0 fnt|[from] steelbeam
|faint|p1b: Gholdengo
|faint|p2b: Mogmar
|
|-weather|Snowscape|[upkeep]
|-damage|p1a: Incineroar|52/100 psn|[from] psn
|upkeep
|
|t:|1756259304
|switch|p1b: Garchomp|Garchomp, L50, M, tera:Fairy|41/100
|switch|p2b: Kingambling|Kingambit, L50, M, shiny|100/100
|turn|3
|
|t:|1756259325
|switch|p1b: Dragonite|Dragonite, L50, M|100/100
|move|p2a: Noah's BFF|Protect|p2a: Noah's BFF
|-singleturn|p2a: Noah's BFF|Protect
|move|p2b: Kingambling|Protect|p2b: Kingambling
|-singleturn|p2b: Kingambling|Protect
|move|p1a: Incineroar|Fake Out|p2b: Kingambling
|-activate|p2b: Kingambling|move: Protect
|
|-weather|Snowscape|[upkeep]
|-damage|p1a: Incineroar|40/100 psn|[from] psn
|upkeep
|turn|4
|inactive|IronStandsEternal has 30 seconds left.
|
|t:|1756259356
|move|p2a: Noah's BFF|Dire Claw|p1b: Dragonite
|-damage|p1b: Dragonite|77/100
|move|p1b: Dragonite|Scale Shot|p2a: Noah's BFF
|-damage|p2a: Noah's BFF|77/100
|-damage|p2a: Noah's BFF|53/100
|-damage|p2a: Noah's BFF|29/100
|-crit|p2a: Noah's BFF
|-damage|p2a: Noah's BFF|0 fnt
|faint|p2a: Noah's BFF
|-hitcount|p2: Noah's BFF|4
|-unboost|p1b: Dragonite|def|1
|-boost|p1b: Dragonite|spe|1
|move|p1a: Incineroar|Flare Blitz|p2b: Kingambling
|-supereffective|p2b: Kingambling
|-damage|p2b: Kingambling|28/100
|-damage|p1a: Incineroar|15/100 psn|[from] Recoil
|move|p2b: Kingambling|Kowtow Cleave|p1a: Incineroar
|-resisted|p1a: Incineroar
|-damage|p1a: Incineroar|0 fnt
|faint|p1a: Incineroar
|
|-weather|Snowscape|[upkeep]
|upkeep
|
|t:|1756259371
|switch|p1a: Garchomp|Garchomp, L50, M, tera:Fairy|41/100
|turn|5
|
|t:|1756259379
|move|p2b: Kingambling|Sucker Punch|p1a: Garchomp
|-resisted|p1a: Garchomp
|-damage|p1a: Garchomp|22/100
|-damage|p2b: Kingambling|16/100|[from] ability: Rough Skin|[of] p1a: Garchomp
|move|p1b: Dragonite|Scale Shot|p2b: Kingambling
|-resisted|p2b: Kingambling
|-damage|p2b: Kingambling|11/100
|-resisted|p2b: Kingambling
|-damage|p2b: Kingambling|6/100
|-resisted|p2b: Kingambling
|-damage|p2b: Kingambling|0 fnt
|faint|p2b: Kingambling
|-hitcount|p2: Kingambling|3
|
|win|harcaseven
