|j|☆we_are_toasted
|j|☆cascais shopping
|html|we_are_toastedcascais shopping    
|uhtml|bestof|Game 1 of a best-of-3
|t:|1784652828
|gametype|doubles
|player|p1|we_are_toasted|102|1352
|player|p2|cascais shopping|101|1415
|gen|9
|tier|[Gen 9 Champions] VGC 2026 Reg M-B (Bo3)
|rated|
|rule|Species Clause: Limit one of each Pokémon
|rule|Item Clause: Limit 1 of each item
|clearpoke
|poke|p1|Froslass, L50, F|
|poke|p1|Sneasler, L50, F, shiny|
|poke|p1|Lycanroc-Dusk, L50, M, shiny|
|poke|p1|Basculegion, L50, M|
|poke|p1|Kingambit, L50, M, shiny|
|poke|p1|Scovillain, L50, M, shiny|
|poke|p2|Floette-Eternal, L50, F|
|poke|p2|Charizard, L50, M|
|poke|p2|Whimsicott, L50, M|
|poke|p2|Basculegion, L50, M|
|poke|p2|Kingambit, L50, F|
|poke|p2|Garchomp, L50, M|
|teampreview|4
|showteam|p1|Froslass||Froslassite|CursedBody|Blizzard,ShadowBall,AuroraVeil,Protect|Timid||F|||50|]Sneasler||WhiteHerb|Unburden|FakeOut,CloseCombat,GunkShot,Protect|Adamant||F|||50|]Lycanroc-Dusk||FocusSash|ToughClaws|RockSlide,CloseCombat,Accelerock,Protect|Adamant||M|||50|]Basculegion||SitrusBerry|Adaptability|AquaJet,LastRespects,WaveCrash,Protect|Adamant||M|||50|]Kingambit||LifeOrb|Defiant|SuckerPunch,KowtowCleave,SwordsDance,Protect|Adamant||M|||50|]Scovillain||Scovillainite|Moody|GigaDrain,RagePowder,Overheat,Protect|Bold||M|||50|
|showteam|p2|Floette-Eternal||Floettite|FlowerVeil|Protect,Moonblast,DazzlingGleam,LightofRuin|Timid||F|||50|]Charizard||CharizarditeY|Blaze|Protect,WeatherBall,HeatWave,SolarBeam|Modest||M|||50|]Whimsicott||FocusSash|Prankster|Protect,Moonblast,Tailwind,Encore|Timid||M|||50|]Basculegion||LifeOrb|Adaptability|Protect,WaveCrash,LastRespects,AquaJet|Adamant||M|||50|]Kingambit||BlackGlasses|Defiant|Protect,KowtowCleave,SuckerPunch,IronHead|Adamant||F|||50|]Garchomp||SitrusBerry|RoughSkin|Protect,DragonClaw,Earthquake,RockSlide|Adamant||M|||50|
|inactive|Battle timer is ON: inactive players will automatically lose when time's up. (requested by we_are_toasted)
|inactive|we_are_toasted has 60 seconds left.
|inactive|cascais shopping has 60 seconds left.
|inactive|we_are_toasted has 30 seconds left.
|
|t:|1784652908
|teamsize|p1|4
|teamsize|p2|4
|start
|switch|p1a: Sneasler|Sneasler, L50, F, shiny|100/100
|switch|p1b: Froslass|Froslass, L50, F|100/100
|switch|p2a: Garchomp|Garchomp, L50, M|100/100
|switch|p2b: Whimsicott|Whimsicott, L50, M|100/100
|turn|1
|inactive|we_are_toasted has 30 seconds left.
|inactive|cascais shopping has 30 seconds left.
|inactive|we_are_toasted has 20 seconds left.
|inactive|we_are_toasted has 15 seconds left.
|inactive|we_are_toasted has 10 seconds left.
|
|t:|1784652956
|switch|p2a: Charizard|Charizard, L50, M|100/100
|detailschange|p1b: Froslass|Froslass-Mega, L50, F
|-mega|p1b: Froslass|Froslass|Froslassite
|-weather|Snowscape|[from] ability: Snow Warning|[of] p1b: Froslass
|move|p2b: Whimsicott|Protect|p2b: Whimsicott
|-singleturn|p2b: Whimsicott|Protect
|move|p1b: Froslass|Blizzard|p2b: Whimsicott|[spread] p2a
|-activate|p2b: Whimsicott|move: Protect
|-damage|p2a: Charizard|60/100
|move|p1a: Sneasler|Close Combat|p2b: Whimsicott
|-activate|p2b: Whimsicott|move: Protect
|
|-weather|Snowscape|[upkeep]
|upkeep
|turn|2
|inactive|we_are_toasted has 30 seconds left.
|inactive|cascais shopping has 30 seconds left.
|
|t:|1784652991
|switch|p1b: Lycanroc|Lycanroc-Dusk, L50, M, shiny|100/100
|detailschange|p2a: Charizard|Charizard-Mega-Y, L50, M
|-mega|p2a: Charizard|Charizard|Charizardite Y
|-weather|SunnyDay|[from] ability: Drought|[of] p2a: Charizard
|move|p2b: Whimsicott|Tailwind|p2b: Whimsicott
|-sidestart|p2: cascais shopping|move: Tailwind
|move|p2a: Charizard|Heat Wave|p1b: Lycanroc|[spread] p1a
|-miss|p2a: Charizard|p1b: Lycanroc
|-damage|p1a: Sneasler|34/100
|move|p1a: Sneasler|Close Combat|p2b: Whimsicott
|-resisted|p2b: Whimsicott|1
|-crit|p2b: Whimsicott
|-damage|p2b: Whimsicott|40/100
|-unboost|p1a: Sneasler|def|1
|-unboost|p1a: Sneasler|spd|1
|-enditem|p1a: Sneasler|White Herb
|-clearnegativeboost|p1a: Sneasler|[silent]
|
|-weather|SunnyDay|[upkeep]
|upkeep
|turn|3
|inactive|cascais shopping has 30 seconds left.
|
|t:|1784653020
|switch|p2a: Garchomp|Garchomp, L50, M|100/100
|move|p2b: Whimsicott|Protect|p2b: Whimsicott
|-singleturn|p2b: Whimsicott|Protect
|move|p1b: Lycanroc|Accelerock|p2b: Whimsicott
|-activate|p2b: Whimsicott|move: Protect
|move|p1a: Sneasler|Gunk Shot|p2a: Garchomp
|-resisted|p2a: Garchomp|1
|-damage|p2a: Garchomp|73/100
|-status|p2a: Garchomp|psn
|
|-weather|SunnyDay|[upkeep]
|-damage|p2a: Garchomp|61/100 psn|[from] psn
|upkeep
|turn|4
|inactive|we_are_toasted has 30 seconds left.
|inactive|cascais shopping has 30 seconds left.
|inactive|cascais shopping has 20 seconds left.
|
|t:|1784653058
|switch|p2b: Basculegion|Basculegion, L50, M|100/100
|move|p1b: Lycanroc|Accelerock|p2b: Basculegion
|-damage|p2b: Basculegion|66/100
|move|p1a: Sneasler|Close Combat|p2b: Basculegion
|-immune|p2b: Basculegion
|move|p2a: Garchomp|Dragon Claw|p1a: Sneasler
|-damage|p1a: Sneasler|0 fnt
|faint|p1a: Sneasler
|
|-weather|SunnyDay|[upkeep]
|-damage|p2a: Garchomp|49/100 psn|[from] psn
|upkeep
|-enditem|p2a: Garchomp|Sitrus Berry|[eat]
|-heal|p2a: Garchomp|74/100 psn|[from] item: Sitrus Berry
|
|t:|1784653076
|switch|p1a: Froslass|Froslass-Mega, L50, F|100/100
|-weather|Snowscape|[from] ability: Snow Warning|[of] p1a: Froslass
|turn|5
|inactive|we_are_toasted has 30 seconds left.
|inactive|cascais shopping has 30 seconds left.
|inactive|we_are_toasted has 20 seconds left.
|
|t:|1784653112
|switch|p1a: Kingambit|Kingambit, L50, M, shiny|100/100
|move|p1b: Lycanroc|Protect|p1b: Lycanroc
|-singleturn|p1b: Lycanroc|Protect
|move|p2b: Basculegion|Aqua Jet|p1b: Lycanroc
|-activate|p1b: Lycanroc|move: Protect
|move|p2a: Garchomp|Dragon Claw|p1b: Lycanroc
|-activate|p1b: Lycanroc|move: Protect
|
|-weather|Snowscape|[upkeep]
|-damage|p2a: Garchomp|62/100 psn|[from] psn
|-sideend|p2: cascais shopping|move: Tailwind
|upkeep
|turn|6
|inactive|we_are_toasted has 30 seconds left.
|inactive|cascais shopping has 30 seconds left.
|inactive|we_are_toasted has 20 seconds left.
|inactive|we_are_toasted has 15 seconds left.
|inactive|cascais shopping has 20 seconds left.
|inactive|cascais shopping has 15 seconds left.
|inactive|cascais shopping has 10 seconds left.
|
|t:|1784653163
|switch|p1b: Froslass|Froslass-Mega, L50, F|100/100
|move|p2b: Basculegion|Aqua Jet|p1a: Kingambit
|-damage|p1a: Kingambit|74/100
|-damage|p2b: Basculegion|56/100|[from] item: Life Orb
|move|p2a: Garchomp|Earthquake|p1b: Froslass|[spread] p2b,p1a,p1b
|-supereffective|p1a: Kingambit|1
|-damage|p2b: Basculegion|11/100
|-damage|p1a: Kingambit|22/100
|-damage|p1b: Froslass|67/100
|move|p1a: Kingambit|Kowtow Cleave|p2b: Basculegion
|-supereffective|p2b: Basculegion|1
|-crit|p2b: Basculegion
|-damage|p2b: Basculegion|0 fnt
|faint|p2b: Basculegion
|-damage|p1a: Kingambit|13/100|[from] item: Life Orb
|
|-weather|Snowscape|[upkeep]
|-damage|p2a: Garchomp|50/100y psn|[from] psn
|upkeep
|
|t:|1784653185
|switch|p2b: Whimsicott|Whimsicott, L50, M|40/100
|turn|7
|
|t:|1784653202
|move|p2a: Garchomp|Protect|p2a: Garchomp
|-singleturn|p2a: Garchomp|Protect
|move|p2b: Whimsicott|Tailwind|p2b: Whimsicott
|-sidestart|p2: cascais shopping|move: Tailwind
|move|p1a: Kingambit|Sucker Punch||[still]
|-fail|p1a: Kingambit
|move|p1b: Froslass|Shadow Ball|p2b: Whimsicott
|-damage|p2b: Whimsicott|0 fnt
|faint|p2b: Whimsicott
|
|-weather|Snowscape|[upkeep]
|-damage|p2a: Garchomp|37/100 psn|[from] psn
|upkeep
|
|t:|1784653207
|switch|p2b: Charizard|Charizard-Mega-Y, L50, M|60/100
|-weather|SunnyDay|[from] ability: Drought|[of] p2b: Charizard
|turn|8
|
|t:|1784653227
|move|p2a: Garchomp|Protect|p2a: Garchomp
|-singleturn|p2a: Garchomp|Protect
|move|p1b: Froslass|Protect|p1b: Froslass
|-singleturn|p1b: Froslass|Protect
|move|p1a: Kingambit|Sucker Punch||[still]
|-fail|p1a: Kingambit
|move|p2b: Charizard|Heat Wave|p1b: Froslass|[spread] p1a
|-activate|p1b: Froslass|move: Protect
|-supereffective|p1a: Kingambit|1
|-damage|p1a: Kingambit|0 fnt
|faint|p1a: Kingambit
|
|-weather|SunnyDay|[upkeep]
|-damage|p2a: Garchomp|25/100 psn|[from] psn
|upkeep
|
|t:|1784653228
|switch|p1a: Lycanroc|Lycanroc-Dusk, L50, M, shiny|100/100
|turn|9
|
|t:|1784653241
|move|p1a: Lycanroc|Accelerock|p2b: Charizard
|-supereffective|p2b: Charizard|2
|-damage|p2b: Charizard|0 fnt
|faint|p2b: Charizard
|move|p2a: Garchomp|Earthquake|p1a: Lycanroc|[spread] p1a,p1b
|-supereffective|p1a: Lycanroc|1
|-enditem|p1a: Lycanroc|Focus Sash
|-damage|p1a: Lycanroc|1/100
|-damage|p1b: Froslass|20/100r
|move|p1b: Froslass|Shadow Ball|p2a: Garchomp
|-damage|p2a: Garchomp|0 fnt
|faint|p2a: Garchomp
|
|win|we_are_toasted
||cascais shopping is ready for game 2.
