|j|☆Ashreav3r
|j|☆NidoRich
|html|Ashreav3rNidoRich    
|uhtml|bestof|Game 1 of a best-of-3
|t:|1783533820
|gametype|doubles
|player|p1|Ashreav3r|ingo|
|player|p2|NidoRich|wattson|
|gen|9
|tier|[Gen 9 Champions] VGC 2026 Reg M-B (Bo3)
|rule|Species Clause: Limit one of each Pokémon
|rule|Item Clause: Limit 1 of each item
|clearpoke
|poke|p1|Whimsicott, L50, M|
|poke|p1|Typhlosion-Hisui, L50, F|
|poke|p1|Heracross, L50, F|
|poke|p1|Farigiraf, L50, F|
|poke|p1|Garchomp, L50, F|
|poke|p1|Incineroar, L50, M|
|poke|p2|Pelipper, L50, M|
|poke|p2|Archaludon, L50, M|
|poke|p2|Swampert, L50, F|
|poke|p2|Farigiraf, L50, M|
|poke|p2|Scrafty, L50, M|
|poke|p2|Basculegion, L50, M|
|teampreview|4
|showteam|p1|Whimsicott||FocusSash|Prankster|Moonblast,Tailwind,SunnyDay,Encore|Timid||M|||50|]Typhlosion-Hisui||ChoiceScarf|Blaze|HeatWave,Eruption,Overheat,ShadowBall|Modest||F|||50|]Heracross||Heracronite|Guts|RockBlast,BulletSeed,CloseCombat,Detect|Adamant||F|||50|]Farigiraf||SitrusBerry|ArmorTail|TwinBeam,HelpingHand,TrickRoom,Protect|Modest||F|||50|]Garchomp||LifeOrb|RoughSkin|RockSlide,DragonClaw,StompingTantrum,Protect|Jolly||F|||50|]Incineroar||Charcoal|Intimidate|FakeOut,FlareBlitz,ThroatChop,PartingShot|Adamant||M|||50|
|showteam|p2|Pelipper||FocusSash|Drizzle|Hurricane,WeatherBall,Tailwind,Protect|Timid||M|||50|]Archaludon||Leftovers|Stamina|ElectroShot,FlashCannon,DracoMeteor,Protect|Modest||M|||50|]Swampert||Swampertite|Torrent|Waterfall,HighHorsepower,IcePunch,Protect|Adamant||F|||50|]Farigiraf||SitrusBerry|ArmorTail|Psychic,HelpingHand,TrickRoom,Protect|Relaxed||M|||50|]Scrafty||Scraftinite|Intimidate|FakeOut,DrainPunch,KnockOff,Detect|Adamant||M|||50|]Basculegion||ChoiceScarf|SwiftSwim|WaveCrash,FlipTurn,AquaJet,LastRespects|Jolly||M|||50|
|j| starling01
|j| runeking6573
|j| Hallowfire
|j| SalcranVGC
|j| No1RalseiFan
|
|t:|1783534144
|teamsize|p1|4
|teamsize|p2|4
|start
|switch|p1a: Whimsicott|Whimsicott, L50, M|100/100
|switch|p1b: Heracross|Heracross, L50, F|100/100
|switch|p2a: Farigiraf|Farigiraf, L50, M|100/100
|switch|p2b: Scrafty|Scrafty, L50, M|100/100
|-ability|p2b: Scrafty|Intimidate|boost
|-unboost|p1a: Whimsicott|atk|1
|-unboost|p1b: Heracross|atk|1
|turn|1
|
|t:|1783534214
|detailschange|p2b: Scrafty|Scrafty-Mega, L50, M
|-mega|p2b: Scrafty|Scrafty|Scraftinite
|-ability|p2b: Scrafty|Intimidate|boost
|-unboost|p1a: Whimsicott|atk|1
|-unboost|p1b: Heracross|atk|1
|move|p2b: Scrafty|Fake Out|p1a: Whimsicott
|-damage|p1a: Whimsicott|79/100
|cant|p1a: Whimsicott|flinch
|move|p1b: Heracross|Close Combat|p2b: Scrafty
|-supereffective|p2b: Scrafty|1
|-damage|p2b: Scrafty|51/100
|-unboost|p1b: Heracross|def|1
|-unboost|p1b: Heracross|spd|1
|move|p2a: Farigiraf|Trick Room|p2a: Farigiraf
|-fieldstart|move: Trick Room|[of] p2a: Farigiraf
|
|upkeep
|turn|2
|
|t:|1783534298
|switch|p2b: Archaludon|Archaludon, L50, M|100/100
|switch|p1b: Garchomp|Garchomp, L50, F|100/100
|switch|p1a: Incineroar|Incineroar, L50, M|100/100
|-ability|p1a: Incineroar|Intimidate|boost
|-unboost|p2a: Farigiraf|atk|1
|-unboost|p2b: Archaludon|atk|1
|move|p2a: Farigiraf|Psychic|p1b: Garchomp
|-damage|p1b: Garchomp|60/100
|
|upkeep
|turn|3
|
|t:|1783534417
|switch|p2a: Pelipper|Pelipper, L50, M|100/100
|-weather|RainDance|[from] ability: Drizzle|[of] p2a: Pelipper
|move|p1b: Garchomp|Protect|p1b: Garchomp
|-singleturn|p1b: Garchomp|Protect
|move|p1a: Incineroar|Parting Shot|p2a: Pelipper
|-unboost|p2a: Pelipper|atk|1
|-unboost|p2a: Pelipper|spa|1
|
|t:|1783534456
|switch|p1a: Whimsicott|Whimsicott, L50, M|79/100|[from] Parting Shot
|move|p2b: Archaludon|Electro Shot||[still]
|-prepare|p2b: Archaludon|Electro Shot
|-boost|p2b: Archaludon|spa|1
|-anim|p2b: Archaludon|Electro Shot|p1a: Whimsicott
|-resisted|p1a: Whimsicott|1
|-damage|p1a: Whimsicott|23/100
|
|-weather|RainDance|[upkeep]
|upkeep
|turn|4
|
|t:|1783534609
|switch|p2a: Farigiraf|Farigiraf, L50, M|100/100
|move|p1a: Whimsicott|Encore||[still]
|cant|p2a: Farigiraf|ability: Armor Tail|Encore|[of] p1a: Whimsicott
|move|p2b: Archaludon|Draco Meteor|p1b: Garchomp
|-supereffective|p1b: Garchomp|1
|-damage|p1b: Garchomp|0 fnt
|-unboost|p2b: Archaludon|spa|2
|faint|p1b: Garchomp
|
|-weather|RainDance|[upkeep]
|upkeep
|
|t:|1783534625
|switch|p1b: Heracross|Heracross, L50, F|100/100
|turn|5
|
|t:|1783534668
|switch|p2b: Scrafty|Scrafty-Mega, L50, M|51/100
|-ability|p2b: Scrafty|Intimidate|boost
|-unboost|p1a: Whimsicott|atk|1
|-unboost|p1b: Heracross|atk|1
|switch|p1a: Incineroar|Incineroar, L50, M|100/100
|-ability|p1a: Incineroar|Intimidate|boost
|-unboost|p2a: Farigiraf|atk|1
|-unboost|p2b: Scrafty|atk|1
|detailschange|p1b: Heracross|Heracross-Mega, L50, F
|-mega|p1b: Heracross|Heracross|Heracronite
|move|p2a: Farigiraf|Psychic|p1a: Incineroar
|-immune|p1a: Incineroar
|move|p1b: Heracross|Close Combat|p2b: Scrafty
|-supereffective|p2b: Scrafty|1
|-damage|p2b: Scrafty|0 fnt
|-unboost|p1b: Heracross|def|1
|-unboost|p1b: Heracross|spd|1
|faint|p2b: Scrafty
|
|-weather|RainDance|[upkeep]
|-fieldend|move: Trick Room
|upkeep
|
|t:|1783534725
|switch|p2b: Pelipper|Pelipper, L50, M|100/100
|turn|6
|
|t:|1783534815
|move|p1b: Heracross|Detect|p1b: Heracross
|-singleturn|p1b: Heracross|Protect
|move|p2b: Pelipper|Weather Ball|p1a: Incineroar
|-supereffective|p1a: Incineroar|1
|-damage|p1a: Incineroar|0 fnt
|faint|p1a: Incineroar
|move|p2a: Farigiraf|Psychic|p1b: Heracross
|-activate|p1b: Heracross|move: Protect
|
|-weather|RainDance|[upkeep]
|upkeep
|
|t:|1783534825
|switch|p1a: Whimsicott|Whimsicott, L50, M|23/100
|turn|7
|
|t:|1783534907
|move|p1a: Whimsicott|Tailwind|p1a: Whimsicott
|-sidestart|p1: Ashreav3r|move: Tailwind
|move|p1b: Heracross|Rock Blast|p2b: Pelipper
|-supereffective|p2b: Pelipper|1
|-damage|p2b: Pelipper|76/100
|-supereffective|p2b: Pelipper|1
|-damage|p2b: Pelipper|54/100
|-supereffective|p2b: Pelipper|1
|-damage|p2b: Pelipper|33/100
|-supereffective|p2b: Pelipper|1
|-damage|p2b: Pelipper|13/100
|-supereffective|p2b: Pelipper|1
|-damage|p2b: Pelipper|0 fnt
|faint|p2b: Pelipper
|-hitcount|p2: Pelipper|5
|move|p2a: Farigiraf|Psychic|p1b: Heracross
|-supereffective|p1b: Heracross|1
|-damage|p1b: Heracross|0 fnt
|faint|p1b: Heracross
|
|-weather|none
|upkeep
|
|t:|1783534924
|switch|p2b: Archaludon|Archaludon, L50, M|100/100
|turn|8
|
|t:|1783534939
|move|p1a: Whimsicott|Moonblast|p2a: Farigiraf
|-damage|p2a: Farigiraf|69/100
|move|p2b: Archaludon|Flash Cannon|p1a: Whimsicott
|-supereffective|p1a: Whimsicott|1
|-damage|p1a: Whimsicott|0 fnt
|faint|p1a: Whimsicott
|
|win|NidoRich
|inactive|Ashreav3r has 30 seconds to confirm battle start!
|inactive|NidoRich has 30 seconds to confirm battle start!
||NidoRich is ready for game 2.
||Ashreav3r is ready for game 2.
|uhtml|next|Next: Game 2 of 3
|l| starling01
|l|☆Ashreav3r
|player|p1|
|l| Hallowfire
