|j|☆VGCPancakes
|j|☆naibot2814
|html|VGCPancakesnaibot2814    
|uhtml|bestof|Game 1 of a best-of-3
|t:|1785339476
|gametype|doubles
|player|p1|VGCPancakes|dawn-gen4pt|1282
|player|p2|naibot2814|ghetsis|1339
|gen|9
|tier|[Gen 9 Champions] VGC 2026 Reg M-B (Bo3)
|rated|
|rule|Species Clause: Limit one of each Pokémon
|rule|Item Clause: Limit 1 of each item
|clearpoke
|poke|p1|Tyranitar, L50, F|
|poke|p1|Floette-Eternal, L50, F|
|poke|p1|Garchomp, L50, M|
|poke|p1|Sinistcha, L50|
|poke|p1|Incineroar, L50, F|
|poke|p1|Corviknight, L50, F|
|poke|p2|Incineroar, L50, M|
|poke|p2|Sneasler, L50, M|
|poke|p2|Sinistcha, L50|
|poke|p2|Kingambit, L50, M, shiny|
|poke|p2|Delphox, L50, F|
|poke|p2|Floette-Eternal, L50, F|
|teampreview|4
|showteam|p1|Tyranitar||Tyranitarite|SandStream|Protect,RockSlide,KnockOff,LowKick|Adamant||F|||50|]Floette-Eternal||Floettite|FlowerVeil|Protect,CalmMind,DrainingKiss,DazzlingGleam|Modest||F|||50|]Garchomp||ChoiceScarf|RoughSkin|DragonClaw,RockSlide,RockTomb,StompingTantrum|Adamant||M|||50|]Sinistcha||ColburBerry|Hospitality|MatchaGotcha,TrickRoom,RagePowder,LifeDew|Quiet|||||50|]Incineroar||SitrusBerry|Intimidate|FakeOut,FlareBlitz,ThroatChop,PartingShot|Adamant||F|||50|]Corviknight||Leftovers|MirrorArmor|Tailwind,IronHead,BulkUp,Protect|Careful||F|||50|
|showteam|p2|Incineroar||SitrusBerry|Intimidate|FakeOut,FlareBlitz,DarkestLariat,PartingShot|Careful||M|||50|]Sneasler||FocusSash|PoisonTouch|FakeOut,CloseCombat,PoisonJab,QuickGuard|Jolly||M|||50|]Sinistcha||KasibBerry|Hospitality|MatchaGotcha,TrickRoom,RagePowder,Protect|Bold|||||50|]Kingambit||BlackGlasses|Defiant|KowtowCleave,SuckerPunch,SwordsDance,Protect|Adamant||M|||50|]Delphox||Delphoxite|Blaze|HeatWave,Psyshock,NastyPlot,Protect|Timid||F|||50|]Floette-Eternal||Floettite|FlowerVeil|DrainingKiss,DazzlingGleam,CalmMind,Protect|Modest||F|||50|
|
|t:|1785339510
|teamsize|p1|4
|teamsize|p2|4
|start
|switch|p1a: Tyranitar|Tyranitar, L50, F|100/100
|switch|p1b: Corviknight|Corviknight, L50, F|100/100
|switch|p2a: Sneasler|Sneasler, L50, M|100/100
|switch|p2b: Delphox|Delphox, L50, F|100/100
|-weather|Sandstorm|[from] ability: Sand Stream|[of] p1a: Tyranitar
|turn|1
|
|t:|1785339524
|switch|p1b: Incineroar|Incineroar, L50, F|100/100
|-ability|p1b: Incineroar|Intimidate|boost
|-unboost|p2a: Sneasler|atk|1
|-unboost|p2b: Delphox|atk|1
|move|p2b: Delphox|Protect|p2b: Delphox
|-singleturn|p2b: Delphox|Protect
|move|p1a: Tyranitar|Protect|p1a: Tyranitar
|-singleturn|p1a: Tyranitar|Protect
|move|p2a: Sneasler|Fake Out|p1b: Incineroar
|-damage|p1b: Incineroar|90/100
|
|-weather|Sandstorm|[upkeep]
|-damage|p2a: Sneasler|94/100|[from] Sandstorm
|-damage|p2b: Delphox|93/100|[from] Sandstorm
|-damage|p1b: Incineroar|84/100|[from] Sandstorm
|upkeep
|turn|2
|
|t:|1785339537
|switch|p2b: Incineroar|Incineroar, L50, M|100/100
|-ability|p2b: Incineroar|Intimidate|boost
|-unboost|p1a: Tyranitar|atk|1
|-unboost|p1b: Incineroar|atk|1
|detailschange|p1a: Tyranitar|Tyranitar-Mega, L50, F
|-mega|p1a: Tyranitar|Tyranitar|Tyranitarite
|move|p1b: Incineroar|Fake Out|p2a: Sneasler
|-damage|p2a: Sneasler|80/100
|cant|p2a: Sneasler|flinch
|move|p1a: Tyranitar|Rock Slide|p2b: Incineroar|[spread] p2a
|-miss|p1a: Tyranitar|p2b: Incineroar
|-resisted|p2a: Sneasler|1
|-damage|p2a: Sneasler|60/100
|
|-weather|Sandstorm|[upkeep]
|-damage|p2a: Sneasler|54/100|[from] Sandstorm
|-damage|p1b: Incineroar|78/100|[from] Sandstorm
|-damage|p2b: Incineroar|94/100|[from] Sandstorm
|upkeep
|turn|3
|
|t:|1785339553
|switch|p1a: Garchomp|Garchomp, L50, M|100/100
|move|p2a: Sneasler|Close Combat|p1a: Garchomp
|-damage|p1a: Garchomp|56/100
|-unboost|p2a: Sneasler|def|1
|-unboost|p2a: Sneasler|spd|1
|-damage|p2a: Sneasler|41/100|[from] ability: Rough Skin|[of] p1a: Garchomp
|-status|p1a: Garchomp|psn|[from] ability: Poison Touch|[of] p2a: Sneasler
|move|p1b: Incineroar|Parting Shot|p2b: Incineroar
|-unboost|p2b: Incineroar|atk|1
|-unboost|p2b: Incineroar|spa|1
|
|t:|1785339563
|switch|p1b: Tyranitar|Tyranitar-Mega, L50, F|100/100|[from] Parting Shot
|move|p2b: Incineroar|Parting Shot|p1b: Tyranitar
|-unboost|p1b: Tyranitar|atk|1
|-unboost|p1b: Tyranitar|spa|1
|
|t:|1785339572
|switch|p2b: Sinistcha|Sinistcha, L50|100/100|[from] Parting Shot
|-heal|p2a: Sneasler|66/100|[from] ability: Hospitality|[of] p2b: Sinistcha
|
|-weather|Sandstorm|[upkeep]
|-damage|p2a: Sneasler|60/100|[from] Sandstorm
|-damage|p2b: Sinistcha|93/100|[from] Sandstorm
|-damage|p1a: Garchomp|43/100 psn|[from] psn
|upkeep
|turn|4
|
|t:|1785339584
|switch|p2a: Incineroar|Incineroar, L50, M|94/100
|-ability|p2a: Incineroar|Intimidate|boost
|-unboost|p1a: Garchomp|atk|1
|-unboost|p1b: Tyranitar|atk|1
|switch|p1b: Corviknight|Corviknight, L50, F|100/100
|move|p1a: Garchomp|Dragon Claw|p2b: Sinistcha
|-damage|p2b: Sinistcha|66/100
|move|p2b: Sinistcha|Matcha Gotcha|p1b: Corviknight|[spread] p1a,p1b
|-resisted|p1b: Corviknight|2
|-damage|p1a: Garchomp|17/100 psn
|-heal|p2b: Sinistcha|79/100|[from] drain|[of] p1a: Garchomp
|-damage|p1b: Corviknight|95/100
|-heal|p2b: Sinistcha|82/100|[from] drain|[of] p1b: Corviknight
|
|-weather|Sandstorm|[upkeep]
|-damage|p2b: Sinistcha|76/100|[from] Sandstorm
|-damage|p2a: Incineroar|88/100|[from] Sandstorm
|-heal|p1b: Corviknight|100/100|[from] item: Leftovers
|-damage|p1a: Garchomp|5/100 psn|[from] psn
|upkeep
|turn|5
|
|t:|1785339612
|switch|p1a: Incineroar|Incineroar, L50, F|78/100
|-ability|p1a: Incineroar|Intimidate|boost
|-unboost|p2a: Incineroar|atk|1
|-unboost|p2b: Sinistcha|atk|1
|move|p1b: Corviknight|Bulk Up|p1b: Corviknight
|-boost|p1b: Corviknight|atk|1
|-boost|p1b: Corviknight|def|1
|move|p2b: Sinistcha|Matcha Gotcha|p1b: Corviknight|[spread] p1a,p1b
|-resisted|p1a: Incineroar|1
|-resisted|p1b: Corviknight|2
|-damage|p1a: Incineroar|66/100
|-heal|p2b: Sinistcha|83/100|[from] drain|[of] p1a: Incineroar
|-damage|p1b: Corviknight|95/100
|-heal|p2b: Sinistcha|85/100|[from] drain|[of] p1b: Corviknight
|move|p2a: Incineroar|Flare Blitz|p1b: Corviknight
|-supereffective|p1b: Corviknight|1
|-damage|p1b: Corviknight|59/100
|-damage|p2a: Incineroar|76/100|[from] Recoil
|
|-weather|none
|-heal|p1b: Corviknight|65/100|[from] item: Leftovers
|upkeep
|turn|6
|
|t:|1785339647
|move|p2b: Sinistcha|Protect|p2b: Sinistcha
|-singleturn|p2b: Sinistcha|Protect
|move|p1b: Corviknight|Iron Head|p2b: Sinistcha
|-activate|p2b: Sinistcha|move: Protect
|move|p1a: Incineroar|Parting Shot|p2a: Incineroar
|-unboost|p2a: Incineroar|atk|1
|-unboost|p2a: Incineroar|spa|1
|
|t:|1785339653
|switch|p1a: Tyranitar|Tyranitar-Mega, L50, F|100/100|[from] Parting Shot
|-weather|Sandstorm|[from] ability: Sand Stream|[of] p1a: Tyranitar
|move|p2a: Incineroar|Parting Shot|p1a: Tyranitar
|-unboost|p1a: Tyranitar|atk|1
|-unboost|p1a: Tyranitar|spa|1
|
|t:|1785339659
|switch|p2a: Sneasler|Sneasler, L50, M|60/100|[from] Parting Shot
|
|-weather|Sandstorm|[upkeep]
|-damage|p2a: Sneasler|54/100|[from] Sandstorm
|-damage|p2b: Sinistcha|79/100|[from] Sandstorm
|-heal|p1b: Corviknight|71/100|[from] item: Leftovers
|upkeep
|turn|7
|
|t:|1785339673
|switch|p1a: Incineroar|Incineroar, L50, F|66/100
|-ability|p1a: Incineroar|Intimidate|boost
|-unboost|p2a: Sneasler|atk|1
|-unboost|p2b: Sinistcha|atk|1
|move|p2a: Sneasler|Fake Out|p1b: Corviknight
|-resisted|p1b: Corviknight|1
|-damage|p1b: Corviknight|68/100
|cant|p1b: Corviknight|flinch
|move|p2b: Sinistcha|Matcha Gotcha|p1a: Incineroar|[spread] p1a,p1b
|-resisted|p1a: Incineroar|1
|-resisted|p1b: Corviknight|2
|-damage|p1a: Incineroar|54/100
|-heal|p2b: Sinistcha|86/100|[from] drain|[of] p1a: Incineroar
|-damage|p1b: Corviknight|63/100
|-heal|p2b: Sinistcha|89/100|[from] drain|[of] p1b: Corviknight
|
|-weather|Sandstorm|[upkeep]
|-damage|p2a: Sneasler|49/100|[from] Sandstorm
|-damage|p1a: Incineroar|49/100|[from] Sandstorm
|-damage|p2b: Sinistcha|83/100|[from] Sandstorm
|-enditem|p1a: Incineroar|Sitrus Berry|[eat]
|-heal|p1a: Incineroar|73/100|[from] item: Sitrus Berry
|-heal|p1b: Corviknight|69/100|[from] item: Leftovers
|upkeep
|turn|8
|
|t:|1785339685
|switch|p2a: Delphox|Delphox, L50, F|93/100
|move|p1a: Incineroar|Fake Out|p2a: Delphox
|-damage|p2a: Delphox|78/100
|move|p2b: Sinistcha|Rage Powder|p2b: Sinistcha
|-singleturn|p2b: Sinistcha|move: Rage Powder
|move|p1b: Corviknight|Iron Head|p2b: Sinistcha
|-damage|p2b: Sinistcha|51/100
|
|-weather|Sandstorm|[upkeep]
|-damage|p2a: Delphox|72/100|[from] Sandstorm
|-damage|p1a: Incineroar|67/100|[from] Sandstorm
|-damage|p2b: Sinistcha|44/100|[from] Sandstorm
|-heal|p1b: Corviknight|75/100|[from] item: Leftovers
|upkeep
|turn|9
|
|t:|1785339699
|detailschange|p2a: Delphox|Delphox-Mega, L50, F
|-mega|p2a: Delphox|Delphox|Delphoxite
|move|p1b: Corviknight|Protect|p1b: Corviknight
|-singleturn|p1b: Corviknight|Protect
|move|p2b: Sinistcha|Rage Powder|p2b: Sinistcha
|-singleturn|p2b: Sinistcha|move: Rage Powder
|move|p2a: Delphox|Heat Wave|p1b: Corviknight|[spread] p1a
|-activate|p1b: Corviknight|move: Protect
|-resisted|p1a: Incineroar|1
|-damage|p1a: Incineroar|49/100
|move|p1a: Incineroar|Parting Shot|p2b: Sinistcha
|-unboost|p2b: Sinistcha|atk|1
|-unboost|p2b: Sinistcha|spa|1
|
|t:|1785339709
|switch|p1a: Tyranitar|Tyranitar-Mega, L50, F|100/100|[from] Parting Shot
|
|-weather|Sandstorm|[upkeep]
|-damage|p2a: Delphox|66/100|[from] Sandstorm
|-damage|p2b: Sinistcha|38/100|[from] Sandstorm
|-heal|p1b: Corviknight|80/100|[from] item: Leftovers
|upkeep
|turn|10
|
|t:|1785339720
|switch|p1b: Incineroar|Incineroar, L50, F|49/100
|-ability|p1b: Incineroar|Intimidate|boost
|-unboost|p2a: Delphox|atk|1
|-unboost|p2b: Sinistcha|atk|1
|move|p2a: Delphox|Protect|p2a: Delphox
|-singleturn|p2a: Delphox|Protect
|move|p1a: Tyranitar|Rock Slide|p2b: Sinistcha|[spread] p2b
|-activate|p2a: Delphox|move: Protect
|-damage|p2b: Sinistcha|12/100
|move|p2b: Sinistcha|Matcha Gotcha|p1a: Tyranitar|[spread] p1a,p1b
|-supereffective|p1a: Tyranitar|1
|-resisted|p1b: Incineroar|1
|-damage|p1a: Tyranitar|85/100
|-heal|p2b: Sinistcha|21/100|[from] drain|[of] p1a: Tyranitar
|-damage|p1b: Incineroar|42/100
|-heal|p2b: Sinistcha|25/100|[from] drain|[of] p1b: Incineroar
|
|-weather|none
|upkeep
|turn|11
|
|t:|1785339739
|switch|p2a: Incineroar|Incineroar, L50, M|76/100
|-ability|p2a: Incineroar|Intimidate|boost
|-unboost|p1a: Tyranitar|atk|1
|-unboost|p1b: Incineroar|atk|1
|move|p1b: Incineroar|Parting Shot|p2a: Incineroar
|-unboost|p2a: Incineroar|atk|1
|-unboost|p2a: Incineroar|spa|1
|
|t:|1785339745
|switch|p1b: Corviknight|Corviknight, L50, F|80/100|[from] Parting Shot
|move|p1a: Tyranitar|Rock Slide|p2b: Sinistcha|[spread] p2a,p2b
|-supereffective|p2a: Incineroar|1
|-damage|p2a: Incineroar|39/100
|-damage|p2b: Sinistcha|8/100
|-enditem|p2a: Incineroar|Sitrus Berry|[eat]
|-heal|p2a: Incineroar|64/100|[from] item: Sitrus Berry
|cant|p2b: Sinistcha|flinch
|
|-heal|p1b: Corviknight|86/100|[from] item: Leftovers
|upkeep
|turn|12
|
|t:|1785339768
|switch|p1a: Incineroar|Incineroar, L50, F|42/100
|-ability|p1a: Incineroar|Intimidate|boost
|-unboost|p2a: Incineroar|atk|1
|-unboost|p2b: Sinistcha|atk|1
|switch|p2b: Sneasler|Sneasler, L50, M|49/100
|move|p2a: Incineroar|Fake Out|p1b: Corviknight
|-resisted|p1b: Corviknight|1
|-damage|p1b: Corviknight|84/100
|cant|p1b: Corviknight|flinch
|
|-heal|p1b: Corviknight|90/100|[from] item: Leftovers
|upkeep
|turn|13
|
|t:|1785339782
|move|p2b: Sneasler|Fake Out|p1b: Corviknight
|-resisted|p1b: Corviknight|1
|-damage|p1b: Corviknight|84/100
|move|p1a: Incineroar|Fake Out|p2b: Sneasler
|-damage|p2b: Sneasler|30/100
|cant|p1b: Corviknight|flinch
|move|p2a: Incineroar|Parting Shot|p1a: Incineroar
|-unboost|p1a: Incineroar|atk|1
|-unboost|p1a: Incineroar|spa|1
|
|t:|1785339789
|switch|p2a: Delphox|Delphox-Mega, L50, F|66/100|[from] Parting Shot
|
|-heal|p1b: Corviknight|90/100|[from] item: Leftovers
|upkeep
|turn|14
|
|t:|1785339794
|switch|p1a: Garchomp|Garchomp, L50, M|5/100 psn
|move|p1b: Corviknight|Protect|p1b: Corviknight
|-singleturn|p1b: Corviknight|Protect
|move|p2a: Delphox|Heat Wave|p1b: Corviknight|[spread] p1a
|-activate|p1b: Corviknight|move: Protect
|-resisted|p1a: Garchomp|1
|-damage|p1a: Garchomp|0 fnt
|faint|p1a: Garchomp
|move|p2b: Sneasler|Close Combat|p1b: Corviknight
|-activate|p1b: Corviknight|move: Protect
|
|-heal|p1b: Corviknight|96/100|[from] item: Leftovers
|upkeep
|
|t:|1785339799
|switch|p1a: Incineroar|Incineroar, L50, F|42/100
|-ability|p1a: Incineroar|Intimidate|boost
|-unboost|p2a: Delphox|atk|1
|-unboost|p2b: Sneasler|atk|1
|turn|15
|
|t:|1785339807
|switch|p2b: Sinistcha|Sinistcha, L50|8/100
|-heal|p2a: Delphox|90/100|[from] ability: Hospitality|[of] p2b: Sinistcha
|move|p2a: Delphox|Protect|p2a: Delphox
|-singleturn|p2a: Delphox|Protect
|move|p1a: Incineroar|Fake Out|p2a: Delphox
|-activate|p2a: Delphox|move: Protect
|move|p1b: Corviknight|Iron Head|p2b: Sinistcha
|-damage|p2b: Sinistcha|0 fnt
|faint|p2b: Sinistcha
|
|-heal|p1b: Corviknight|100/100|[from] item: Leftovers
|upkeep
|
|t:|1785339816
|switch|p2b: Sneasler|Sneasler, L50, M|30/100
|turn|16
|
|t:|1785339825
|move|p2a: Delphox|Heat Wave|p1b: Corviknight|[spread] p1a,p1b
|-resisted|p1a: Incineroar|1
|-supereffective|p1b: Corviknight|1
|-damage|p1a: Incineroar|22/100
|-damage|p1b: Corviknight|31/100
|move|p2b: Sneasler|Close Combat|p1b: Corviknight
|-damage|p1b: Corviknight|0 fnt
|-unboost|p2b: Sneasler|def|1
|-unboost|p2b: Sneasler|spd|1
|faint|p1b: Corviknight
|move|p1a: Incineroar|Parting Shot|p2a: Delphox
|-unboost|p2a: Delphox|atk|1
|-unboost|p2a: Delphox|spa|1
|
|t:|1785339835
|switch|p1a: Tyranitar|Tyranitar-Mega, L50, F|85/100|[from] Parting Shot
|-weather|Sandstorm|[from] ability: Sand Stream|[of] p1a: Tyranitar
|
|-weather|Sandstorm|[upkeep]
|-damage|p2a: Delphox|84/100|[from] Sandstorm
|-damage|p2b: Sneasler|24/100|[from] Sandstorm
|upkeep
|
|t:|1785339836
|switch|p1b: Incineroar|Incineroar, L50, F|22/100
|-ability|p1b: Incineroar|Intimidate|boost
|-unboost|p2a: Delphox|atk|1
|-unboost|p2b: Sneasler|atk|1
|turn|17
|
|t:|1785339850
|switch|p2b: Incineroar|Incineroar, L50, M|64/100
|-ability|p2b: Incineroar|Intimidate|boost
|-unboost|p1a: Tyranitar|atk|1
|-unboost|p1b: Incineroar|atk|1
|move|p2a: Delphox|Protect|p2a: Delphox
|-singleturn|p2a: Delphox|Protect
|move|p1b: Incineroar|Fake Out|p2b: Incineroar
|-damage|p2b: Incineroar|57/100
|move|p1a: Tyranitar|Rock Slide|p2a: Delphox|[spread] p2b
|-activate|p2a: Delphox|move: Protect
|-supereffective|p2b: Incineroar|1
|-damage|p2b: Incineroar|21/100
|
|-weather|Sandstorm|[upkeep]
|-damage|p2a: Delphox|78/100|[from] Sandstorm
|-damage|p1b: Incineroar|16/100|[from] Sandstorm
|-damage|p2b: Incineroar|15/100|[from] Sandstorm
|upkeep
|turn|18
|
|t:|1785339860
|move|p2b: Incineroar|Fake Out|p1a: Tyranitar
|-resisted|p1a: Tyranitar|1
|-damage|p1a: Tyranitar|81/100
|move|p2a: Delphox|Heat Wave|p1a: Tyranitar|[spread] p1a,p1b
|-resisted|p1a: Tyranitar|1
|-resisted|p1b: Incineroar|1
|-damage|p1a: Tyranitar|75/100
|-damage|p1b: Incineroar|4/100
|move|p1b: Incineroar|Throat Chop|p2a: Delphox
|-supereffective|p2a: Delphox|1
|-damage|p2a: Delphox|17/100
|-start|p2a: Delphox|Throat Chop|[silent]
|cant|p1a: Tyranitar|flinch
|
|-weather|Sandstorm|[upkeep]
|-damage|p2a: Delphox|11/100|[from] Sandstorm
|-damage|p1b: Incineroar|0 fnt|[from] Sandstorm
|-damage|p2b: Incineroar|9/100|[from] Sandstorm
|faint|p1b: Incineroar
|upkeep
|turn|19
|
|t:|1785339871
|move|p2a: Delphox|Protect|p2a: Delphox
|-singleturn|p2a: Delphox|Protect
|move|p1a: Tyranitar|Rock Slide|p2a: Delphox|[spread] p2b
|-activate|p2a: Delphox|move: Protect
|-supereffective|p2b: Incineroar|1
|-damage|p2b: Incineroar|0 fnt
|faint|p2b: Incineroar
|
|-weather|Sandstorm|[upkeep]
|-damage|p2a: Delphox|5/100|[from] Sandstorm
|-end|p2a: Delphox|Throat Chop|[silent]
|upkeep
|
|t:|1785339875
|switch|p2b: Sneasler|Sneasler, L50, M|24/100
|turn|20
|
|t:|1785339878
|move|p1a: Tyranitar|Protect|p1a: Tyranitar
|-singleturn|p1a: Tyranitar|Protect
|move|p2b: Sneasler|Fake Out|p1a: Tyranitar
|-activate|p1a: Tyranitar|move: Protect
|move|p2a: Delphox|Heat Wave|p1a: Tyranitar
|-activate|p1a: Tyranitar|move: Protect
|
|-weather|none
|upkeep
|turn|21
|
|t:|1785339885
|move|p2a: Delphox|Heat Wave|p1a: Tyranitar
|-resisted|p1a: Tyranitar|1
|-damage|p1a: Tyranitar|61/100
|move|p2b: Sneasler|Close Combat|p1a: Tyranitar
|-supereffective|p1a: Tyranitar|2
|-crit|p1a: Tyranitar
|-damage|p1a: Tyranitar|0 fnt
|-unboost|p2b: Sneasler|def|1
|-unboost|p2b: Sneasler|spd|1
|faint|p1a: Tyranitar
|
|win|naibot2814
||VGCPancakes is ready for game 2.
||naibot2814 is ready for game 2.
|uhtml|next|Next: Game 2 of 3
|l|☆VGCPancakes
|player|p1|
