|j|☆Thorton506
|j|☆Teamtestingthx
|html|Thorton506Teamtestingthx    
|uhtml|bestof|Game 3 of a best-of-3
|t:|1782752651
|gametype|doubles
|player|p1|Thorton506|brycen|1052
|player|p2|Teamtestingthx|170|1028
|gen|9
|tier|[Gen 9 Champions] VGC 2026 Reg M-B (Bo3)
|rated|
|rule|Species Clause: Limit one of each Pokémon
|rule|Item Clause: Limit 1 of each item
|clearpoke
|poke|p1|Swampert, L50, M, shiny|
|poke|p1|Pelipper, L50, M, shiny|
|poke|p1|Archaludon, L50, M, shiny|
|poke|p1|Sinistcha, L50, shiny|
|poke|p1|Kingambit, L50, M, shiny|
|poke|p1|Grimmsnarl, L50, M, shiny|
|poke|p2|Swampert, L50, F|
|poke|p2|Sceptile, L50, M|
|poke|p2|Pelipper, L50, M|
|poke|p2|Archaludon, L50, M|
|poke|p2|Rotom-Heat, L50|
|poke|p2|Grimmsnarl, L50, M|
|teampreview|4
|showteam|p1|Swampert||Swampertite|Torrent|WaveCrash,Earthquake,IcePunch,Protect|Adamant||M|||50|]Pelipper||SitrusBerry|Drizzle|WeatherBall,Hurricane,WideGuard,Tailwind|Modest||M|||50|]Archaludon||Leftovers|Stamina|ElectroShot,DragonPulse,FlashCannon,Protect|Modest||M|||50|]Sinistcha||KasibBerry|Hospitality|MatchaGotcha,RagePowder,TrickRoom,Protect|Bold|||||50|]Kingambit||ChopleBerry|Defiant|KowtowCleave,SuckerPunch,LowKick,Protect|Adamant||M|||50|]Grimmsnarl||LightClay|Prankster|SpiritBreak,Reflect,LightScreen,PartingShot|Careful||M|||50|
|showteam|p2|Swampert||Swampertite|Torrent|Protect,WaveCrash,FlipTurn,HighHorsepower|Adamant||F|||50|]Sceptile||Sceptilite|Overgrow|Protect,GigaDrain,DragonPulse,EarthPower|Timid||M|||50|]Pelipper||SitrusBerry|Drizzle|Protect,Tailwind,WideGuard,Hurricane|Modest||M|||50|]Archaludon||Leftovers|Stamina|Protect,AuraSphere,FlashCannon,ElectroShot|Calm||M|||50|]Rotom-Heat||ChoiceScarf|Levitate|Electroweb,Discharge,Thunder,Overheat|Timid|||||50|]Grimmsnarl||FocusSash|Prankster|Protect,SuckerPunch,SpiritBreak,Reflect|Adamant||M|||50|
|inactive|Battle timer is ON: inactive players will automatically lose when time's up. (requested by Teamtestingthx)
|
|t:|1782752667
|teamsize|p1|4
|teamsize|p2|4
|start
|switch|p1a: Pelipper|Pelipper, L50, M, shiny|100/100
|switch|p1b: Swampert|Swampert, L50, M, shiny|100/100
|switch|p2a: Swampert|Swampert, L50, F|100/100
|switch|p2b: Pelipper|Pelipper, L50, M|100/100
|-weather|RainDance|[from] ability: Drizzle|[of] p2b: Pelipper
|turn|1
|inactive|Thorton506 has 30 seconds left.
|
|t:|1782752698
|switch|p2a: Archaludon|Archaludon, L50, M|100/100
|switch|p1a: Sinistcha|Sinistcha, L50, shiny|100/100
|detailschange|p1b: Swampert|Swampert-Mega, L50, M, shiny
|-mega|p1b: Swampert|Swampert|Swampertite
|move|p1b: Swampert|Ice Punch|p2b: Pelipper
|-damage|p2b: Pelipper|65/100
|-status|p2b: Pelipper|frz
|cant|p2b: Pelipper|frz
|
|-weather|RainDance|[upkeep]
|upkeep
|turn|2
|
|t:|1782752722
|switch|p2b: Grimmsnarl|Grimmsnarl, L50, M|100/100
|move|p1a: Sinistcha|Protect|p1a: Sinistcha
|-singleturn|p1a: Sinistcha|Protect
|move|p1b: Swampert|Earthquake|p2b: Grimmsnarl|[spread] p2a,p2b
|-activate|p1a: Sinistcha|move: Protect
|-supereffective|p2a: Archaludon|1
|-damage|p2a: Archaludon|35/100
|-damage|p2b: Grimmsnarl|40/100
|-ability|p2a: Archaludon|Stamina|boost
|-boost|p2a: Archaludon|def|1
|move|p2a: Archaludon|Electro Shot||[still]
|-prepare|p2a: Archaludon|Electro Shot
|-boost|p2a: Archaludon|spa|1
|-anim|p2a: Archaludon|Electro Shot|p1a: Sinistcha
|-activate|p1a: Sinistcha|move: Protect
|
|-weather|RainDance|[upkeep]
|-heal|p2a: Archaludon|41/100|[from] item: Leftovers
|upkeep
|turn|3
|inactive|Thorton506 has 30 seconds left.
|inactive|Thorton506 has 20 seconds left.
|
|t:|1782752757
|move|p2b: Grimmsnarl|Reflect|p2b: Grimmsnarl
|-sidestart|p2: Teamtestingthx|Reflect
|move|p1b: Swampert|Earthquake|p2a: Archaludon|[spread] p1a,p2a,p2b
|-resisted|p1a: Sinistcha|1
|-supereffective|p2a: Archaludon|1
|-damage|p1a: Sinistcha|79/100
|-damage|p2a: Archaludon|8/100
|-damage|p2b: Grimmsnarl|0 fnt
|-ability|p2a: Archaludon|Stamina|boost
|-boost|p2a: Archaludon|def|1
|faint|p2b: Grimmsnarl
|move|p2a: Archaludon|Electro Shot||[still]
|-prepare|p2a: Archaludon|Electro Shot
|-boost|p2a: Archaludon|spa|1
|-anim|p2a: Archaludon|Electro Shot|p1a: Sinistcha
|-resisted|p1a: Sinistcha|1
|-crit|p1a: Sinistcha
|-damage|p1a: Sinistcha|25/100
|move|p1a: Sinistcha|Matcha Gotcha|p2a: Archaludon
|-resisted|p2a: Archaludon|2
|-damage|p2a: Archaludon|2/100
|-heal|p1a: Sinistcha|29/100|[from] drain|[of] p2a: Archaludon
|-ability|p2a: Archaludon|Stamina|boost
|-boost|p2a: Archaludon|def|1
|
|-weather|RainDance|[upkeep]
|-heal|p2a: Archaludon|8/100|[from] item: Leftovers
|upkeep
|
|t:|1782752775
|switch|p2b: Swampert|Swampert, L50, F|100/100
|turn|4
|
|t:|1782752782
|detailschange|p2b: Swampert|Swampert-Mega, L50, F
|-mega|p2b: Swampert|Swampert|Swampertite
|move|p2a: Archaludon|Protect|p2a: Archaludon
|-singleturn|p2a: Archaludon|Protect
|move|p1a: Sinistcha|Rage Powder|p1a: Sinistcha
|-singleturn|p1a: Sinistcha|move: Rage Powder
|move|p1b: Swampert|Earthquake|p2b: Swampert|[spread] p1a,p2b
|-activate|p2a: Archaludon|move: Protect
|-resisted|p1a: Sinistcha|1
|-damage|p1a: Sinistcha|12/100
|-damage|p2b: Swampert|72/100
|move|p2b: Swampert|Wave Crash|p1a: Sinistcha
|-resisted|p1a: Sinistcha|1
|-damage|p1a: Sinistcha|0 fnt
|faint|p1a: Sinistcha
|-damage|p2b: Swampert|69/100|[from] Recoil
|
|-weather|RainDance|[upkeep]
|-heal|p2a: Archaludon|14/100|[from] item: Leftovers
|upkeep
|
|t:|1782752786
|switch|p1a: Archaludon|Archaludon, L50, M, shiny|100/100
|turn|5
|
|t:|1782752799
|move|p2a: Archaludon|Protect|p2a: Archaludon
|-singleturn|p2a: Archaludon|Protect
|move|p1b: Swampert|Wave Crash|p2b: Swampert
|-damage|p2b: Swampert|5/100
|-damage|p1b: Swampert|78/100|[from] Recoil
|move|p2b: Swampert|Wave Crash|p1b: Swampert
|-damage|p1b: Swampert|0 fnt
|faint|p1b: Swampert
|-damage|p2b: Swampert|0 fnt|[from] Recoil
|faint|p2b: Swampert
|move|p1a: Archaludon|Dragon Pulse|p2a: Archaludon
|-activate|p2a: Archaludon|move: Protect
|
|-weather|none
|-heal|p2a: Archaludon|20/100y|[from] item: Leftovers
|upkeep
|
|t:|1782752812
|switch|p1b: Pelipper|Pelipper, L50, M, shiny|100/100
|switch|p2b: Pelipper|Pelipper, L50, M|65/100 frz
|-weather|RainDance|[from] ability: Drizzle|[of] p2b: Pelipper
|turn|6
|
|t:|1782752822
|move|p1a: Archaludon|Dragon Pulse|p2a: Archaludon
|-damage|p2a: Archaludon|0 fnt
|faint|p2a: Archaludon
|cant|p2b: Pelipper|frz
|move|p1b: Pelipper|Hurricane|p2b: Pelipper
|-damage|p2b: Pelipper|16/100 frz
|-enditem|p2b: Pelipper|Sitrus Berry|[eat]
|-heal|p2b: Pelipper|41/100 frz|[from] item: Sitrus Berry
|
|-weather|RainDance|[upkeep]
|upkeep
|turn|7
|-message|Teamtestingthx forfeited.
|
|win|Thorton506
|raw|Thorton506's rating: 1052 → 1082(+30 for winning)
|raw|Teamtestingthx's rating: 1028 → 1015(-13 for losing)
|l|☆Teamtestingthx
|player|p2|
