|j|☆Star-Lined J
|j|☆prefessional
|html|Star-Lined Jprefessional    
|uhtml|bestof|Game 2 of a best-of-3
|t:|1756666917
|gametype|doubles
|player|p1|Star-Lined J|266|1122
|player|p2|prefessional|102|1086
|gen|9
|tier|[Gen 9] VGC 2025 Reg H (Bo3)
|rated|
|rule|Species Clause: Limit one of each Pokémon
|rule|Item Clause: Limit 1 of each item
|clearpoke
|poke|p1|Bronzong, L50|
|poke|p1|Araquanid, L50, F|
|poke|p1|Ursaluna, L50, F|
|poke|p1|Meowscarada, L50, M|
|poke|p1|Gliscor, L50, M|
|poke|p1|Chandelure, L50, F|
|poke|p2|Talonflame, L50, F|
|poke|p2|Garchomp, L50, F|
|poke|p2|Gholdengo, L50|
|poke|p2|Gyarados, L50, M|
|poke|p2|Annihilape, L50, M|
|poke|p2|Rillaboom, L50, M|
|teampreview|4
|showteam|p1|Bronzong||Leftovers|Levitate|GyroBall,TrickRoom,RainDance,Protect||||||50|,,,,,Ghost]Araquanid||SplashPlate|WaterBubble|Liquidation,LeechLife,WideGuard,Protect|||F|||50|,,,,,Water]Ursaluna||FlameOrb|Guts|Facade,HeadlongRush,Earthquake,Protect|||F|||50|,,,,,Fairy]Meowscarada||FocusSash|Overgrow|FlowerTrick,KnockOff,Taunt,Protect|||M|||50|,,,,,Grass]Gliscor||ToxicOrb|PoisonHeal|DualWingbeat,RockSlide,Tailwind,Protect|||M|||50|,,,,,Fairy]Chandelure||FlamePlate|FlashFire|ShadowBall,HeatWave,TrickRoom,Protect|||F|||50|,,,,,Grass
|showteam|p2|Talonflame||CovertCloak|GaleWings|Tailwind,BraveBird,FlareBlitz,Protect|||F|||50|,,,,,Ghost]Garchomp||LifeOrb|RoughSkin|Earthquake,DragonClaw,StompingTantrum,Protect|||F|||50|,,,,,Ground]Gholdengo||ChoiceSpecs|GoodasGold|MakeItRain,ShadowBall,Thunderbolt,PowerGem||||||50|,,,,,Steel]Gyarados||SafetyGoggles|Intimidate|Waterfall,Taunt,ThunderWave,Protect|||M|||50|,,,,,Water]Annihilape||SitrusBerry|Defiant|RageFist,DrainPunch,FinalGambit,BulkUp|||M|||50|,,,,,Fire]Rillaboom||MiracleSeed|GrassySurge|FakeOut,GrassyGlide,WoodHammer,Uturn|||M|||50|,,,,,Water
|inactive|Battle timer is ON: inactive players will automatically lose when time's up. (requested by Star-Lined J)
|inactive|Star-Lined J has 60 seconds left.
|
|t:|1756666951
|teamsize|p1|4
|teamsize|p2|4
|start
|switch|p1a: Gliscor|Gliscor, L50, M|100/100
|switch|p1b: Meowscarada|Meowscarada, L50, M|100/100
|switch|p2a: Talonflame|Talonflame, L50, F|100/100
|switch|p2b: Garchomp|Garchomp, L50, F|100/100
|turn|1
|
|t:|1756666974
|switch|p2b: Gyarados|Gyarados, L50, M|100/100
|-ability|p2b: Gyarados|Intimidate|boost
|-unboost|p1a: Gliscor|atk|1
|-unboost|p1b: Meowscarada|atk|1
|move|p1b: Meowscarada|Protect|p1b: Meowscarada
|-singleturn|p1b: Meowscarada|Protect
|move|p2a: Talonflame|Tailwind|p2a: Talonflame
|-sidestart|p2: prefessional|move: Tailwind
|move|p1a: Gliscor|Tailwind|p1a: Gliscor
|-sidestart|p1: Star-Lined J|move: Tailwind
|
|-status|p1a: Gliscor|tox|[from] item: Toxic Orb
|upkeep
|turn|2
|inactive|prefessional has 30 seconds left.
|inactive|prefessional has 20 seconds left.
|
|t:|1756667011
|-terastallize|p1b: Meowscarada|Grass
|move|p2a: Talonflame|Brave Bird|p1b: Meowscarada
|-supereffective|p1b: Meowscarada
|-enditem|p1b: Meowscarada|Focus Sash
|-damage|p1b: Meowscarada|1/100
|-damage|p2a: Talonflame|68/100|[from] Recoil
|move|p1b: Meowscarada|Flower Trick|p2b: Gyarados
|-crit|p2b: Gyarados
|-damage|p2b: Gyarados|11/100
|move|p1a: Gliscor|Rock Slide|p2b: Gyarados|[spread] p2a,p2b
|-supereffective|p2a: Talonflame
|-supereffective|p2b: Gyarados
|-damage|p2a: Talonflame|18/100
|-damage|p2b: Gyarados|0 fnt
|faint|p2b: Gyarados
|
|upkeep
|
|t:|1756667034
|switch|p2b: Garchomp|Garchomp, L50, F|100/100
|turn|3
|
|t:|1756667058
|move|p1b: Meowscarada|Protect|p1b: Meowscarada
|-singleturn|p1b: Meowscarada|Protect
|move|p2a: Talonflame|Flare Blitz|p1a: Gliscor
|-damage|p1a: Gliscor|61/100 tox
|-damage|p2a: Talonflame|3/100|[from] Recoil
|move|p2b: Garchomp|Stomping Tantrum|p1b: Meowscarada
|-activate|p1b: Meowscarada|move: Protect
|move|p1a: Gliscor|Rock Slide|p2a: Talonflame|[spread] p2a,p2b
|-supereffective|p2a: Talonflame
|-resisted|p2b: Garchomp
|-damage|p2a: Talonflame|0 fnt
|-damage|p2b: Garchomp|97/100
|faint|p2a: Talonflame
|
|-heal|p1a: Gliscor|74/100 tox|[from] ability: Poison Heal
|upkeep
|
|t:|1756667074
|switch|p2a: Gholdengo|Gholdengo, L50|100/100
|turn|4
|inactive|Star-Lined J has 30 seconds left.
|inactive|prefessional has 30 seconds left.
|
|t:|1756667103
|-terastallize|p2a: Gholdengo|Steel
|move|p1a: Gliscor|Protect|p1a: Gliscor
|-singleturn|p1a: Gliscor|Protect
|move|p1b: Meowscarada|Knock Off|p2a: Gholdengo
|-damage|p2a: Gholdengo|63/100
|-enditem|p2a: Gholdengo|Choice Specs|[from] move: Knock Off|[of] p1b: Meowscarada
|move|p2b: Garchomp|Dragon Claw|p1b: Meowscarada
|-damage|p1b: Meowscarada|0 fnt
|faint|p1b: Meowscarada
|-damage|p2b: Garchomp|87/100|[from] item: Life Orb
|move|p2a: Gholdengo|Shadow Ball|p1a: Gliscor
|-activate|p1a: Gliscor|move: Protect
|
|-heal|p1a: Gliscor|86/100 tox|[from] ability: Poison Heal
|-sideend|p1: Star-Lined J|move: Tailwind
|-sideend|p2: prefessional|move: Tailwind
|upkeep
|
|t:|1756667126
|switch|p1b: Chandelure|Chandelure, L50, F|100/100
|turn|5
|
|t:|1756667138
|move|p2b: Garchomp|Stomping Tantrum|p1b: Chandelure
|-supereffective|p1b: Chandelure
|-damage|p1b: Chandelure|0 fnt
|faint|p1b: Chandelure
|-damage|p2b: Garchomp|77/100|[from] item: Life Orb
|move|p1a: Gliscor|Tailwind|p1a: Gliscor
|-sidestart|p1: Star-Lined J|move: Tailwind
|move|p2a: Gholdengo|Make It Rain|p1a: Gliscor
|-damage|p1a: Gliscor|0 fnt
|-unboost|p2a: Gholdengo|spa|1
|faint|p1a: Gliscor
|
|upkeep
|
|t:|1756667148
|switch|p1b: Ursaluna|Ursaluna, L50, F|100/100
|turn|6
|
|t:|1756667171
|move|p1b: Ursaluna|Protect|p1b: Ursaluna
|-singleturn|p1b: Ursaluna|Protect
|move|p2b: Garchomp|Dragon Claw|p1b: Ursaluna
|-activate|p1b: Ursaluna|move: Protect
|move|p2a: Gholdengo|Make It Rain|p1b: Ursaluna
|-activate|p1b: Ursaluna|move: Protect
|
|-status|p1b: Ursaluna|brn|[from] item: Flame Orb
|upkeep
|turn|7
|
|t:|1756667185
|move|p2b: Garchomp|Dragon Claw|p1b: Ursaluna
|-damage|p1b: Ursaluna|65/100 brn
|-damage|p2b: Garchomp|67/100|[from] item: Life Orb
|move|p1b: Ursaluna|Earthquake|p2a: Gholdengo|[spread] p2a,p2b
|-supereffective|p2a: Gholdengo
|-damage|p2a: Gholdengo|0 fnt
|-damage|p2b: Garchomp|3/100
|faint|p2a: Gholdengo
|
|-damage|p1b: Ursaluna|59/100 brn|[from] brn
|upkeep
|turn|8
|
|t:|1756667195
|move|p2b: Garchomp|Protect|p2b: Garchomp
|-singleturn|p2b: Garchomp|Protect
|move|p1b: Ursaluna|Facade|p2b: Garchomp
|-activate|p2b: Garchomp|move: Protect
|
|-damage|p1b: Ursaluna|53/100 brn|[from] brn
|-sideend|p1: Star-Lined J|move: Tailwind
|upkeep
|turn|9
|
|t:|1756667203
|move|p2b: Garchomp|Earthquake|p1b: Ursaluna
|-damage|p1b: Ursaluna|7/100 brn
|-damage|p2b: Garchomp|0 fnt|[from] item: Life Orb
|faint|p2b: Garchomp
|
|win|Star-Lined J
||prefessional is ready for game 3.
||Star-Lined J is ready for game 3.
|uhtml|next|Next: Game 3 of 3
|l|☆prefessional
|player|p2|
