|j|☆TeyVgc
|j|☆K0deBeast
|html|TeyVgcK0deBeast    
|uhtml|bestof|Game 1 of a best-of-3
|t:|1783137102
|gametype|doubles
|player|p1|TeyVgc|rood|1116
|player|p2|K0deBeast|hiker|1127
|gen|9
|tier|[Gen 9 Champions] VGC 2026 Reg M-B (Bo3)
|rated|
|rule|Species Clause: Limit one of each Pokémon
|rule|Item Clause: Limit 1 of each item
|clearpoke
|poke|p1|Excadrill, L50, M|
|poke|p1|Tyranitar, L50, M|
|poke|p1|Staraptor, L50, F|
|poke|p1|Sinistcha, L50|
|poke|p1|Milotic, L50, F|
|poke|p1|Gholdengo, L50|
|poke|p2|Garchomp, L50, M, shiny|
|poke|p2|Staraptor, L50, F, shiny|
|poke|p2|Whimsicott, L50, F, shiny|
|poke|p2|Rotom-Heat, L50|
|poke|p2|Incineroar, L50, M, shiny|
|poke|p2|Gholdengo, L50|
|teampreview|4
|showteam|p1|Excadrill||FocusSash|SandRush|Earthquake,IronHead,RockSlide,Protect|Adamant||M|||50|]Tyranitar||Tyranitarite|SandStream|RockSlide,KnockOff,DragonDance,Protect|Adamant||M|||50|]Staraptor||Staraptite|Intimidate|BraveBird,CloseCombat,Tailwind,Protect|Jolly||F|||50|]Sinistcha||SitrusBerry|Hospitality|MatchaGotcha,RagePowder,LifeDew,TrickRoom|Calm|||||50|]Milotic||Leftovers|Competitive|Scald,IceBeam,Recover,Protect|Modest||F|||50|]Gholdengo||LifeOrb|GoodasGold|MakeItRain,ShadowBall,NastyPlot,Protect|Modest|||||50|
|showteam|p2|Garchomp||LifeOrb|RoughSkin|Earthquake,Protect,RockSlide,DragonClaw|Adamant||M|||50|]Staraptor||Staraptite|Intimidate|BraveBird,CloseCombat,Roost,Protect|Jolly||F|||50|]Whimsicott||FocusSash|Prankster|Moonblast,Tailwind,Tickle,FakeTears|Timid||F|||50|]Rotom-Heat||ChoiceScarf|Levitate|Discharge,Overheat,ShadowBall,Trick|Modest|||||50|]Incineroar||SitrusBerry|Intimidate|FakeOut,PartingShot,FlareBlitz,DarkestLariat|Impish||M|||50|]Gholdengo||WiseGlasses|GoodasGold|Protect,ShadowBall,MakeItRain,NastyPlot|Modest|||||50|
|inactive|Battle timer is ON: inactive players will automatically lose when time's up. (requested by K0deBeast)
|
|t:|1783137156
|teamsize|p1|4
|teamsize|p2|4
|start
|switch|p1a: Milotic|Milotic, L50, F|100/100
|switch|p1b: Staraptor|Staraptor, L50, F|100/100
|switch|p2a: Garchomp|Garchomp, L50, M, shiny|100/100
|switch|p2b: Rotom|Rotom-Heat, L50|100/100
|-ability|p1b: Staraptor|Intimidate|boost
|-unboost|p2a: Garchomp|atk|1
|-unboost|p2b: Rotom|atk|1
|turn|1
|
|t:|1783137171
|switch|p1b: Tyranitar|Tyranitar, L50, M|100/100
|-weather|Sandstorm|[from] ability: Sand Stream|[of] p1b: Tyranitar
|move|p2b: Rotom|Discharge|p1a: Milotic|[spread] p1a,p1b
|-immune|p2a: Garchomp
|-supereffective|p1a: Milotic|1
|-damage|p1a: Milotic|57/100
|-damage|p1b: Tyranitar|83/100
|-status|p1b: Tyranitar|par
|move|p2a: Garchomp|Rock Slide|p1b: Tyranitar|[spread] p1a,p1b
|-damage|p1a: Milotic|42/100
|-damage|p1b: Tyranitar|68/100 par
|-damage|p2a: Garchomp|90/100|[from] item: Life Orb
|move|p1a: Milotic|Ice Beam|p2a: Garchomp
|-supereffective|p2a: Garchomp|2
|-damage|p2a: Garchomp|0 fnt
|faint|p2a: Garchomp
|
|-weather|Sandstorm|[upkeep]
|-damage|p2b: Rotom|94/100|[from] Sandstorm
|-damage|p1a: Milotic|36/100|[from] Sandstorm
|-heal|p1a: Milotic|42/100|[from] item: Leftovers
|upkeep
|
|t:|1783137189
|switch|p2a: Staraptor|Staraptor, L50, F, shiny|100/100
|-ability|p2a: Staraptor|Intimidate|boost
|-unboost|p1a: Milotic|atk|1
|-ability|p1a: Milotic|Competitive|boost
|-boost|p1a: Milotic|spa|2
|-unboost|p1b: Tyranitar|atk|1
|turn|2
|
|t:|1783137211
|switch|p2b: Whimsicott|Whimsicott, L50, F, shiny|100/100
|switch|p1b: Staraptor|Staraptor, L50, F|100/100
|-ability|p1b: Staraptor|Intimidate|boost
|-unboost|p2a: Staraptor|atk|1
|-unboost|p2b: Whimsicott|atk|1
|detailschange|p2a: Staraptor|Staraptor-Mega, L50, F, shiny
|-mega|p2a: Staraptor|Staraptor|Staraptite
|move|p1a: Milotic|Protect|p1a: Milotic
|-singleturn|p1a: Milotic|Protect
|move|p2a: Staraptor|Close Combat|p1a: Milotic
|-activate|p1a: Milotic|move: Protect
|
|-weather|Sandstorm|[upkeep]
|-damage|p2b: Whimsicott|94/100|[from] Sandstorm
|-damage|p2a: Staraptor|93/100|[from] Sandstorm
|-damage|p1b: Staraptor|93/100|[from] Sandstorm
|-damage|p1a: Milotic|36/100|[from] Sandstorm
|-heal|p1a: Milotic|42/100|[from] item: Leftovers
|upkeep
|turn|3
|inactive|TeyVgc has 30 seconds left.
|inactive|TeyVgc has 20 seconds left.
|
|t:|1783137248
|move|p2b: Whimsicott|Tickle|p2a: Staraptor
|-boost|p2a: Staraptor|atk|1
|-boost|p2a: Staraptor|def|1
|move|p2a: Staraptor|Close Combat|p1a: Milotic
|-damage|p1a: Milotic|0 fnt
|-boost|p2a: Staraptor|def|1
|-boost|p2a: Staraptor|spd|1
|faint|p1a: Milotic
|move|p1b: Staraptor|Brave Bird|p2b: Whimsicott
|-supereffective|p2b: Whimsicott|1
|-damage|p2b: Whimsicott|0 fnt
|faint|p2b: Whimsicott
|-damage|p1b: Staraptor|71/100|[from] Recoil
|
|-weather|Sandstorm|[upkeep]
|-damage|p2a: Staraptor|87/100|[from] Sandstorm
|-damage|p1b: Staraptor|65/100|[from] Sandstorm
|upkeep
|
|t:|1783137261
|switch|p2b: Rotom|Rotom-Heat, L50|94/100
|switch|p1a: Excadrill|Excadrill, L50, M|100/100
|turn|4
|
|t:|1783137276
|move|p1a: Excadrill|Rock Slide|p2b: Rotom|[spread] p2a,p2b
|-supereffective|p2b: Rotom|1
|-damage|p2a: Staraptor|76/100
|-damage|p2b: Rotom|37/100
|move|p2b: Rotom|Shadow Ball|p1a: Excadrill
|-damage|p1a: Excadrill|66/100
|cant|p2a: Staraptor|flinch
|move|p1b: Staraptor|Tailwind|p1b: Staraptor
|-sidestart|p1: TeyVgc|move: Tailwind
|
|-weather|Sandstorm|[upkeep]
|-damage|p1b: Staraptor|58/100|[from] Sandstorm
|-damage|p2b: Rotom|32/100|[from] Sandstorm
|-damage|p2a: Staraptor|70/100|[from] Sandstorm
|upkeep
|turn|5
|
|t:|1783137292
|detailschange|p1b: Staraptor|Staraptor-Mega, L50, F
|-mega|p1b: Staraptor|Staraptor|Staraptite
|move|p1a: Excadrill|Rock Slide|p2b: Rotom|[spread] p2b
|-miss|p1a: Excadrill|p2a: Staraptor
|-supereffective|p2b: Rotom|1
|-damage|p2b: Rotom|0 fnt
|faint|p2b: Rotom
|move|p1b: Staraptor|Close Combat|p2a: Staraptor
|-resisted|p2a: Staraptor|1
|-damage|p2a: Staraptor|56/100
|-boost|p1b: Staraptor|def|1
|-boost|p1b: Staraptor|spd|1
|move|p2a: Staraptor|Close Combat|p1a: Excadrill
|-supereffective|p1a: Excadrill|1
|-crit|p1a: Excadrill
|-damage|p1a: Excadrill|0 fnt
|-boost|p2a: Staraptor|def|1
|-boost|p2a: Staraptor|spd|1
|faint|p1a: Excadrill
|
|-weather|none
|upkeep
|
|t:|1783137296
|switch|p1a: Tyranitar|Tyranitar, L50, M|68/100 par
|-weather|Sandstorm|[from] ability: Sand Stream|[of] p1a: Tyranitar
|turn|6
|
|t:|1783137303
|move|p1b: Staraptor|Brave Bird|p2a: Staraptor
|-supereffective|p2a: Staraptor|1
|-damage|p2a: Staraptor|4/100
|-damage|p1b: Staraptor|44/100|[from] Recoil
|move|p2a: Staraptor|Close Combat|p1a: Tyranitar
|-supereffective|p1a: Tyranitar|2
|-damage|p1a: Tyranitar|0 fnt
|-boost|p2a: Staraptor|def|1
|-boost|p2a: Staraptor|spd|1
|faint|p1a: Tyranitar
|
|-weather|Sandstorm|[upkeep]
|-damage|p1b: Staraptor|38/100|[from] Sandstorm
|-damage|p2a: Staraptor|0 fnt|[from] Sandstorm
|faint|p2a: Staraptor
|
|win|TeyVgc
