|j|☆Bobbo1
|j|☆CrystalGem02
|html|Bobbo1CrystalGem02    
|uhtml|bestof|Game 3 of a best-of-3
|t:|1756746327
|gametype|doubles
|player|p1|Bobbo1|ghetsis|1228
|player|p2|CrystalGem02|valerie|1323
|gen|9
|tier|[Gen 9] VGC 2025 Reg H (Bo3)
|rated|
|rule|Species Clause: Limit one of each Pokémon
|rule|Item Clause: Limit 1 of each item
|clearpoke
|poke|p1|Palafin, L50, M|
|poke|p1|Incineroar, L50, M|
|poke|p1|Rillaboom, L50, M|
|poke|p1|Volcarona, L50, F|
|poke|p1|Ninetales-Alola, L50, M|
|poke|p1|Gholdengo, L50|
|poke|p2|Toedscruel, L50, M|
|poke|p2|Weezing-Galar, L50, M|
|poke|p2|Corviknight, L50, M|
|poke|p2|Pawmot, L50, F|
|poke|p2|Garchomp, L50, M|
|poke|p2|Typhlosion-Hisui, L50, F|
|teampreview|4
|showteam|p1|Palafin||MysticWater|ZerotoHero|IcePunch,JetPunch,WaveCrash,Protect|||M|||50|,,,,,Water]Incineroar||SafetyGoggles|Intimidate|FakeOut,KnockOff,FlareBlitz,PartingShot|||M|||50|,,,,,Ghost]Rillaboom||AssaultVest|GrassySurge|FakeOut,GrassyGlide,WoodHammer,Uturn|||M|||50|,,,,,Fire]Volcarona||GrassySeed|FlameBody|QuiverDance,FieryDance,GigaDrain,Protect|||F|||50|,,,,,Grass]Ninetales-Alola||LightClay|SnowWarning|AuroraVeil,Blizzard,Moonblast,Protect|||M|||50|,,,,,Fire]Gholdengo||LifeOrb|GoodasGold|NastyPlot,MakeItRain,ShadowBall,Protect||||||50|,,,,,Water
|showteam|p2|Toedscruel||CovertCloak|MyceliumMight|EarthPower,AcidSpray,Spore,RagePowder|||M|||50|,,,,,Water]Weezing-Galar||ChoiceSpecs|NeutralizingGas|SludgeBomb,StrangeSteam,DazzlingGleam,Flamethrower|||M|||50|,,,,,Fire]Corviknight||SitrusBerry|MirrorArmor|BraveBird,Tailwind,Roost,Protect|||M|||50|,,,,,Dragon]Pawmot||FocusSash|NaturalCure|CloseCombat,DoubleShock,FakeOut,Protect|||F|||50|,,,,,Electric]Garchomp||LifeOrb|RoughSkin|DragonClaw,StompingTantrum,Earthquake,Protect|||M|||50|,,,,,Ground]Typhlosion-Hisui||ChoiceScarf|Blaze|Eruption,HeatWave,ShadowBall,SleepTalk|||F|||50|,,,,,Fire
|inactive|Battle timer is ON: inactive players will automatically lose when time's up. (requested by CrystalGem02)
|inactive|CrystalGem02 has 60 seconds left.
|inactive|CrystalGem02 has 30 seconds left.
|inactive|CrystalGem02 has 20 seconds left.
|inactive|CrystalGem02 has 15 seconds left.
|inactive|CrystalGem02 has 10 seconds left.
|inactive|CrystalGem02 has 5 seconds left.
|
|t:|1756746417
|teamsize|p1|4
|teamsize|p2|4
|start
|switch|p1a: Gholdengo|Gholdengo, L50|100/100
|switch|p1b: Palafin|Palafin, L50, M|100/100
|switch|p2a: Typhlosion|Typhlosion-Hisui, L50, F|100/100
|switch|p2b: Weezing|Weezing-Galar, L50, M|100/100
|-ability|p2b: Weezing|Neutralizing Gas
|turn|1
|
|t:|1756746432
|switch|p2a: Garchomp|Garchomp, L50, M|100/100
|move|p1b: Palafin|Protect|p1b: Palafin
|-singleturn|p1b: Palafin|Protect
|move|p1a: Gholdengo|Protect|p1a: Gholdengo
|-singleturn|p1a: Gholdengo|Protect
|move|p2b: Weezing|Sludge Bomb|p1b: Palafin
|-activate|p1b: Palafin|move: Protect
|
|upkeep
|turn|2
|inactive|Bobbo1 has 30 seconds left.
|
|t:|1756746462
|detailschange|p1b: Palafin|Palafin-Hero, L50, M
|switch|p1b: Rillaboom|Rillaboom, L50, M|100/100
|-terastallize|p1a: Gholdengo|Water
|move|p2a: Garchomp|Stomping Tantrum|p1a: Gholdengo
|-damage|p1a: Gholdengo|49/100
|-damage|p2a: Garchomp|91/100|[from] item: Life Orb
|move|p1a: Gholdengo|Make It Rain|p2b: Weezing|[spread] p2a,p2b
|-supereffective|p2b: Weezing
|-damage|p2a: Garchomp|15/100
|-damage|p2b: Weezing|0 fnt
|-unboost|p1a: Gholdengo|spa|1
|faint|p2b: Weezing
|-end|p2b: Weezing|ability: Neutralizing Gas
|-fieldstart|move: Grassy Terrain|[from] ability: Grassy Surge|[of] p1b: Rillaboom
|-damage|p1a: Gholdengo|40/100|[from] item: Life Orb
|
|-heal|p2a: Garchomp|21/100|[from] Grassy Terrain
|-heal|p1a: Gholdengo|45/100|[from] Grassy Terrain
|upkeep
|
|t:|1756746473
|switch|p2b: Typhlosion|Typhlosion-Hisui, L50, F|100/100
|turn|3
|inactive|CrystalGem02 has 30 seconds left.
|
|t:|1756746509
|switch|p1a: Incineroar|Incineroar, L50, M|100/100
|-ability|p1a: Incineroar|Intimidate|boost
|-unboost|p2a: Garchomp|atk|1
|-unboost|p2b: Typhlosion|atk|1
|move|p1b: Rillaboom|Grassy Glide|p2a: Garchomp
|-damage|p2a: Garchomp|0 fnt
|-damage|p1b: Rillaboom|88/100|[from] ability: Rough Skin|[of] p2a: Garchomp
|faint|p2a: Garchomp
|move|p2b: Typhlosion|Eruption|p1b: Rillaboom|[spread] p1a,p1b
|-resisted|p1a: Incineroar
|-supereffective|p1b: Rillaboom
|-damage|p1a: Incineroar|77/100
|-damage|p1b: Rillaboom|12/100
|
|-heal|p1b: Rillaboom|18/100|[from] Grassy Terrain
|-heal|p1a: Incineroar|83/100|[from] Grassy Terrain
|upkeep
|
|t:|1756746520
|switch|p2a: Pawmot|Pawmot, L50, F|100/100
|turn|4
|
|t:|1756746530
|move|p2a: Pawmot|Fake Out|p1a: Incineroar
|-damage|p1a: Incineroar|70/100
|cant|p1a: Incineroar|flinch
|move|p1b: Rillaboom|Grassy Glide|p2b: Typhlosion
|-resisted|p2b: Typhlosion
|-damage|p2b: Typhlosion|74/100
|move|p2b: Typhlosion|Eruption|p1b: Rillaboom|[spread] p1a,p1b
|-resisted|p1a: Incineroar
|-supereffective|p1b: Rillaboom
|-damage|p1a: Incineroar|52/100
|-damage|p1b: Rillaboom|0 fnt
|faint|p1b: Rillaboom
|
|-heal|p2b: Typhlosion|80/100|[from] Grassy Terrain
|-heal|p1a: Incineroar|58/100|[from] Grassy Terrain
|upkeep
|
|t:|1756746546
|switch|p1b: Palafin|Palafin-Hero, L50, M|100/100
|-activate|p1b: Palafin|ability: Zero to Hero
|turn|5
|inactive|CrystalGem02 has 30 seconds left.
|
|t:|1756746580
|-terastallize|p2a: Pawmot|Electric
|move|p1b: Palafin|Jet Punch|p2b: Typhlosion
|-supereffective|p2b: Typhlosion
|-damage|p2b: Typhlosion|0 fnt
|faint|p2b: Typhlosion
|move|p2a: Pawmot|Double Shock|p1a: Incineroar
|-damage|p1a: Incineroar|0 fnt
|-start|p2a: Pawmot|typechange|Electric|[from] move: Double Shock
|faint|p1a: Incineroar
|
|upkeep
|
|t:|1756746589
|switch|p1a: Gholdengo|Gholdengo, L50, tera:Water|45/100
|turn|6
|
|t:|1756746601
|move|p1b: Palafin|Protect|p1b: Palafin
|-singleturn|p1b: Palafin|Protect
|move|p2a: Pawmot|Double Shock|p1a: Gholdengo
|-supereffective|p1a: Gholdengo
|-damage|p1a: Gholdengo|0 fnt
|-start|p2a: Pawmot|typechange|Electric|[from] move: Double Shock
|faint|p1a: Gholdengo
|
|-fieldend|move: Grassy Terrain
|upkeep
|turn|7
|
|t:|1756746609
|move|p1b: Palafin|Jet Punch|p2a: Pawmot
|-damage|p2a: Pawmot|20/100
|move|p2a: Pawmot|Double Shock|p1b: Palafin
|-supereffective|p1b: Palafin
|-damage|p1b: Palafin|0 fnt
|-start|p2a: Pawmot|typechange|Electric|[from] move: Double Shock
|faint|p1b: Palafin
|
|win|CrystalGem02
|raw|Bobbo1's rating: 1228 → 1210(-18 for losing)
|raw|CrystalGem02's rating: 1323 → 1338(+15 for winning)
