|j|☆Olciax34
|j|☆Frakub
|html|Olciax34Frakub    
|uhtml|bestof|Game 1 of a best-of-3
|t:|1784748330
|gametype|doubles
|player|p1|Olciax34|clair|1338
|player|p2|Frakub|acetrainer-gen4dp|1258
|gen|9
|tier|[Gen 9 Champions] VGC 2026 Reg M-B (Bo3)
|rated|
|rule|Species Clause: Limit one of each Pokémon
|rule|Item Clause: Limit 1 of each item
|clearpoke
|poke|p1|Charizard, L50, F|
|poke|p1|Whimsicott, L50, F|
|poke|p1|Garchomp, L50, F|
|poke|p1|Basculegion, L50, M|
|poke|p1|Floette-Eternal, L50, F|
|poke|p1|Kingambit, L50, F|
|poke|p2|Mawile, L50, M|
|poke|p2|Farigiraf, L50, F|
|poke|p2|Torkoal, L50, F|
|poke|p2|Incineroar, L50, M|
|poke|p2|Gallade, L50, M|
|poke|p2|Vivillon, L50, F|
|teampreview|4
|showteam|p1|Charizard||CharizarditeY|SolarPower|HeatWave,WeatherBall,SolarBeam,Protect|Modest||F|||50|]Whimsicott||FocusSash|Prankster|Moonblast,Tailwind,Encore,Protect|Timid||F|||50|]Garchomp||LifeOrb|RoughSkin|Earthquake,DragonClaw,RockSlide,Protect|Jolly||F|||50|]Basculegion||ChoiceScarf|Adaptability|WaveCrash,FlipTurn,LastRespects,AquaJet|Jolly||M|||50|]Floette-Eternal||Floettite|FlowerVeil|DrainingKiss,Moonblast,CalmMind,Protect|Modest||F|||50|]Kingambit||ChopleBerry|Defiant|KowtowCleave,SuckerPunch,IronHead,LowKick|Adamant||F|||50|
|showteam|p2|Mawile||Mawilite|HyperCutter|PlayRough,SuckerPunch,RockSlide,Protect|Brave||M|||50|]Farigiraf||SitrusBerry|ArmorTail|Psychic,Thunderbolt,TrickRoom,Protect|Quiet||F|||50|]Torkoal||Charcoal|Drought|Eruption,WeatherBall,HelpingHand,Protect|Quiet||F|||50|]Incineroar||LifeOrb|Intimidate|FlareBlitz,DarkestLariat,CloseCombat,FakeOut|Brave||M|||50|]Gallade||IronBall|Sharpness|SacredSword,PsychoCut,LeafBlade,TrickRoom|Brave||M|||50|]Vivillon||FocusSash|CompoundEyes|Hurricane,SleepPowder,RagePowder,Protect|Timid||F|||50|
|inactive|Battle timer is ON: inactive players will automatically lose when time's up. (requested by Frakub)
|
|t:|1784748358
|teamsize|p1|4
|teamsize|p2|4
|start
|switch|p1a: Kingambit|Kingambit, L50, F|100/100
|switch|p1b: Basculegion|Basculegion, L50, M|100/100
|switch|p2a: Farigiraf|Farigiraf, L50, F|100/100
|switch|p2b: Incineroar|Incineroar, L50, M|100/100
|-ability|p2b: Incineroar|Intimidate|boost
|-unboost|p1a: Kingambit|atk|1
|-ability|p1a: Kingambit|Defiant|boost
|-boost|p1a: Kingambit|atk|2
|-unboost|p1b: Basculegion|atk|1
|turn|1
|
|t:|1784748376
|move|p2b: Incineroar|Fake Out|p1a: Kingambit
|-resisted|p1a: Kingambit|1
|-damage|p1a: Kingambit|93/100
|-damage|p2b: Incineroar|90/100|[from] item: Life Orb
|move|p1b: Basculegion|Wave Crash|p2b: Incineroar
|-supereffective|p2b: Incineroar|1
|-damage|p2b: Incineroar|0 fnt
|faint|p2b: Incineroar
|-damage|p1b: Basculegion|69/100|[from] Recoil
|cant|p1a: Kingambit|flinch
|move|p2a: Farigiraf|Trick Room|p2a: Farigiraf
|-fieldstart|move: Trick Room|[of] p2a: Farigiraf
|
|upkeep
|
|t:|1784748384
|switch|p2b: Torkoal|Torkoal, L50, F|100/100
|-weather|SunnyDay|[from] ability: Drought|[of] p2b: Torkoal
|turn|2
|
|t:|1784748402
|move|p2b: Torkoal|Eruption|p1b: Basculegion|[spread] p1a,p1b
|-supereffective|p1a: Kingambit|1
|-resisted|p1b: Basculegion|1
|-damage|p1a: Kingambit|0 fnt
|-damage|p1b: Basculegion|19/100
|faint|p1a: Kingambit
|move|p2a: Farigiraf|Thunderbolt|p1b: Basculegion
|-supereffective|p1b: Basculegion|1
|-damage|p1b: Basculegion|0 fnt
|faint|p1b: Basculegion
|
|-weather|SunnyDay|[upkeep]
|upkeep
|
|t:|1784748412
|switch|p1a: Garchomp|Garchomp, L50, F|100/100
|switch|p1b: Charizard|Charizard, L50, F|100/100
|turn|3
|
|t:|1784748420
|detailschange|p1b: Charizard|Charizard-Mega-Y, L50, F
|-mega|p1b: Charizard|Charizard|Charizardite Y
|move|p2b: Torkoal|Eruption|p1b: Charizard|[spread] p1a,p1b
|-resisted|p1a: Garchomp|1
|-resisted|p1b: Charizard|1
|-damage|p1a: Garchomp|49/100
|-damage|p1b: Charizard|64/100
|move|p2a: Farigiraf|Psychic|p1a: Garchomp
|-damage|p1a: Garchomp|7/100
|move|p1b: Charizard|Heat Wave|p2b: Torkoal|[spread] p2a,p2b
|-resisted|p2b: Torkoal|1
|-damage|p2a: Farigiraf|31/100
|-damage|p2b: Torkoal|57/100
|-enditem|p2a: Farigiraf|Sitrus Berry|[eat]
|-heal|p2a: Farigiraf|56/100|[from] item: Sitrus Berry
|move|p1a: Garchomp|Earthquake|p2b: Torkoal|[spread] p2a,p2b
|-immune|p1b: Charizard
|-supereffective|p2b: Torkoal|1
|-damage|p2a: Farigiraf|7/100
|-damage|p2b: Torkoal|0 fnt
|faint|p2b: Torkoal
|-damage|p1a: Garchomp|0 fnt|[from] item: Life Orb
|faint|p1a: Garchomp
|
|-weather|SunnyDay|[upkeep]
|upkeep
|
|t:|1784748431
|switch|p2b: Mawile|Mawile, L50, M|100/100
|turn|4
|
|t:|1784748441
|detailschange|p2b: Mawile|Mawile-Mega, L50, M
|-mega|p2b: Mawile|Mawile|Mawilite
|move|p1b: Charizard|Protect|p1b: Charizard
|-singleturn|p1b: Charizard|Protect
|move|p2b: Mawile|Rock Slide|p1b: Charizard
|-activate|p1b: Charizard|move: Protect
|move|p2a: Farigiraf|Thunderbolt|p1b: Charizard
|-activate|p1b: Charizard|move: Protect
|
|-weather|SunnyDay|[upkeep]
|upkeep
|turn|5
|
|t:|1784748450
|move|p1b: Charizard|Protect||[still]
|-fail|p1b: Charizard
|move|p2b: Mawile|Rock Slide|p1b: Charizard
|-supereffective|p1b: Charizard|2
|-damage|p1b: Charizard|0 fnt
|faint|p1b: Charizard
|
|win|Frakub
||Olciax34 is ready for game 2.
||Frakub is ready for game 2.
|uhtml|next|Next: Game 2 of 3
|l|☆Olciax34
|player|p1|
