|j|☆DrChunkalicious
|j|☆FruitloopsFL
|html|DrChunkaliciousFruitloopsFL    
|uhtml|bestof|Game 3 of a best-of-3
|t:|1783450573
|gametype|doubles
|player|p1|DrChunkalicious|scientist-gen4|
|player|p2|FruitloopsFL|alder|
|gen|9
|tier|[Gen 9 Champions] VGC 2026 Reg M-B (Bo3)
|rule|Species Clause: Limit one of each Pokémon
|rule|Item Clause: Limit 1 of each item
|clearpoke
|poke|p1|Raichu, L50, F, shiny|
|poke|p1|Sinistcha-Masterpiece, L50, shiny|
|poke|p1|Sneasler, L50, M, shiny|
|poke|p1|Primarina, L50, M, shiny|
|poke|p1|Gengar, L50, F, shiny|
|poke|p1|Ditto, L50, shiny|
|poke|p2|Toucannon, L50, M|
|poke|p2|Grimmsnarl, L50, M|
|poke|p2|Raichu, L50, F|
|poke|p2|Garchomp, L50, F|
|poke|p2|Annihilape, L50, F|
|poke|p2|Volcarona, L50, F|
|teampreview|4
|showteam|p1|Raichu||RaichuniteY|LightningRod|ZapCannon,FocusBlast,Surf,NastyPlot|Timid||F|||50|]Sinistcha-Masterpiece||Leftovers|Hospitality|RagePowder,MatchaGotcha,Hex,LifeDew|Bold|||||50|]Sneasler||WhiteHerb|Unburden|Acrobatics,CloseCombat,DireClaw,FakeOut|Adamant||M|||50|]Primarina||ShedShell|LiquidVoice|PerishSong,HyperVoice,Moonblast,IceBeam|Modest||M|||50|]Gengar||Gengarite|CursedBody|DestinyBond,DarkPulse,SludgeWave,ShadowBall|Timid||F|||50|]Ditto||ChoiceScarf|Imposter|Transform|Bold|||||50|
|showteam|p2|Toucannon||SilkScarf|SkillLink|Tailwind,BulletSeed,Boomburst,Protect|Impish||M|||50|]Grimmsnarl||LightClay|Prankster|FakeOut,PartingShot,Reflect,LightScreen|Careful||M|||50|]Raichu||RaichuniteY|LightningRod|FakeOut,GrassKnot,FocusBlast,ZapCannon|Hasty||F|||50|]Garchomp||LifeOrb|RoughSkin|RockSlide,Earthquake,DragonClaw,Protect|Jolly||F|||50|]Annihilape||Leftovers|Defiant|IcePunch,RageFist,DrainPunch,Protect|Adamant||F|||50|]Volcarona||ChartiBerry|FlameBody|RagePowder,MorningSun,WillOWisp,HeatWave|Calm||F|||50|
|
|t:|1783450603
|teamsize|p1|4
|teamsize|p2|4
|start
|switch|p1a: Pavarotti|Primarina, L50, M, shiny|100/100
|switch|p1b: Salon|Sneasler, L50, M, shiny|100/100
|switch|p2a: Grimmsnarl|Grimmsnarl, L50, M|100/100
|switch|p2b: Annihilape|Annihilape, L50, F|100/100
|turn|1
|j| bark bark barkkkk
|c| bark bark barkkkk|awoo
|c|☆DrChunkalicious|hi
|
|t:|1783450657
|switch|p2a: Volcarona|Volcarona, L50, F|100/100
|move|p2b: Annihilape|Protect|p2b: Annihilape
|-singleturn|p2b: Annihilape|Protect
|move|p1b: Salon|Fake Out|p2a: Volcarona
|-damage|p2a: Volcarona|78/100
|move|p1a: Pavarotti|Moonblast|p2b: Annihilape
|-activate|p2b: Annihilape|move: Protect
|
|upkeep
|turn|2
|
|t:|1783450693
|move|p2a: Volcarona|Rage Powder|p2a: Volcarona
|-singleturn|p2a: Volcarona|move: Rage Powder
|move|p1b: Salon|Close Combat|p2a: Volcarona
|-resisted|p2a: Volcarona|1
|-damage|p2a: Volcarona|34/100
|-unboost|p1b: Salon|def|1
|-unboost|p1b: Salon|spd|1
|-enditem|p1b: Salon|White Herb
|-clearnegativeboost|p1b: Salon|[silent]
|move|p2b: Annihilape|Rage Fist|p1a: Pavarotti
|-damage|p1a: Pavarotti|67/100
|move|p1a: Pavarotti|Moonblast|p2a: Volcarona
|-resisted|p2a: Volcarona|1
|-damage|p2a: Volcarona|17/100
|
|upkeep
|turn|3
|
|t:|1783450717
|move|p2a: Volcarona|Rage Powder|p2a: Volcarona
|-singleturn|p2a: Volcarona|move: Rage Powder
|move|p1b: Salon|Acrobatics|p2a: Volcarona
|-supereffective|p2a: Volcarona|1
|-damage|p2a: Volcarona|0 fnt
|-status|p1b: Salon|brn|[from] ability: Flame Body|[of] p2a: Volcarona
|faint|p2a: Volcarona
|move|p2b: Annihilape|Rage Fist|p1b: Salon
|-damage|p1b: Salon|53/100 brn
|move|p1a: Pavarotti|Hyper Voice|p2b: Annihilape
|-damage|p2b: Annihilape|51/100
|
|-heal|p2b: Annihilape|57/100|[from] item: Leftovers
|-damage|p1b: Salon|47/100 brn|[from] brn
|upkeep
|
|t:|1783450726
|switch|p2a: Grimmsnarl|Grimmsnarl, L50, M|100/100
|turn|4
|
|t:|1783450784
|move|p2a: Grimmsnarl|Light Screen|p2a: Grimmsnarl
|-sidestart|p2: FruitloopsFL|move: Light Screen
|move|p1b: Salon|Dire Claw|p2a: Grimmsnarl
|-supereffective|p2a: Grimmsnarl|1
|-damage|p2a: Grimmsnarl|47/100
|move|p2b: Annihilape|Rage Fist|p1b: Salon
|-damage|p1b: Salon|0 fnt
|faint|p1b: Salon
|move|p1a: Pavarotti|Moonblast|p2b: Annihilape
|-supereffective|p2b: Annihilape|1
|-damage|p2b: Annihilape|0 fnt
|faint|p2b: Annihilape
|
|upkeep
|
|t:|1783450796
|switch|p1b: Spatk. go brrrr|Raichu, L50, F, shiny|100/100
|switch|p2b: Garchomp|Garchomp, L50, F|100/100
|turn|5
|
|t:|1783450817
|detailschange|p1b: Spatk. go brrrr|Raichu-Mega-Y, L50, F, shiny
|-mega|p1b: Spatk. go brrrr|Raichu|Raichunite Y
|move|p2a: Grimmsnarl|Parting Shot|p1a: Pavarotti
|-unboost|p1a: Pavarotti|atk|1
|-unboost|p1a: Pavarotti|spa|1
|move|p1b: Spatk. go brrrr|Focus Blast|p2b: Garchomp
|-damage|p2b: Garchomp|62/100
|move|p2b: Garchomp|Earthquake|p1b: Spatk. go brrrr|[spread] p2a,p1a,p1b
|-supereffective|p1b: Spatk. go brrrr|1
|-damage|p2a: Grimmsnarl|0 fnt
|-damage|p1a: Pavarotti|1/100
|-damage|p1b: Spatk. go brrrr|0 fnt
|faint|p2a: Grimmsnarl
|faint|p1b: Spatk. go brrrr
|-damage|p2b: Garchomp|52/100|[from] item: Life Orb
|move|p1a: Pavarotti|Ice Beam|p2b: Garchomp
|-supereffective|p2b: Garchomp|2
|-damage|p2b: Garchomp|0 fnt
|faint|p2b: Garchomp
|
|win|DrChunkalicious
|c|☆DrChunkalicious|that was
|c|☆DrChunkalicious|a choice
|c|☆FruitloopsFL|I refuse to believe that
|c|☆DrChunkalicious|LMAO
|c|☆DrChunkalicious|gg
|c|☆FruitloopsFL|nah I'm calling VAR
|c|☆DrChunkalicious|i'll post
|c|☆FruitloopsFL|gg
