|j|☆RamonTheKiller
|j|☆Checkmath
|html|RamonTheKillerCheckmath    
|uhtml|bestof|Game 2 of a best-of-3
|t:|1785175205
|gametype|doubles
|player|p1|RamonTheKiller|169|1082
|player|p2|Checkmath|red|1096
|gen|9
|tier|[Gen 9 Champions] VGC 2026 Reg M-B (Bo3)
|rated|
|rule|Species Clause: Limit one of each Pokémon
|rule|Item Clause: Limit 1 of each item
|clearpoke
|poke|p1|Venusaur, L50, M|
|poke|p1|Charizard, L50, M|
|poke|p1|Grimmsnarl, L50, M|
|poke|p1|Archaludon, L50, F|
|poke|p1|Basculegion, L50, M|
|poke|p1|Pelipper, L50, F|
|poke|p2|Charizard, L50, F|
|poke|p2|Archaludon, L50, F|
|poke|p2|Basculegion, L50, M|
|poke|p2|Venusaur, L50, F|
|poke|p2|Grimmsnarl, L50, M|
|poke|p2|Pelipper, L50, F|
|teampreview|4
|showteam|p1|Venusaur||LifeOrb|Chlorophyll|SludgeBomb,WeatherBall,EnergyBall,Protect|Modest||M|||50|]Charizard||CharizarditeY|Blaze|Protect,HeatWave,SolarBeam,WeatherBall|Modest||M|||50|]Grimmsnarl||LightClay|Prankster|SpiritBreak,LightScreen,Reflect,PartingShot|Sassy||M|||50|]Archaludon||Leftovers|Stamina|ElectroShot,DragonPulse,FlashCannon,Protect|Calm||F|||50|]Basculegion||ChoiceScarf|Adaptability|WaveCrash,LastRespects,AquaJet,FlipTurn|Jolly||M|||50|]Pelipper||SitrusBerry|Drizzle|Hurricane,WeatherBall,Tailwind,WideGuard|Modest||F|||50|
|showteam|p2|Charizard||CharizarditeY|SolarPower|HeatWave,WeatherBall,SolarBeam,Protect|Modest||F|||50|]Archaludon||Leftovers|Stamina|FlashCannon,DragonPulse,ElectroShot,Protect|Modest||F|||50|]Basculegion||ChoiceScarf|Adaptability|WaveCrash,LastRespects,FlipTurn,AquaJet|Adamant||M|||50|]Venusaur||Venusaurite|Chlorophyll|SludgeBomb,EarthPower,SleepPowder,Protect|Modest||F|||50|]Grimmsnarl||LightClay|Prankster|LightScreen,Reflect,PartingShot,FoulPlay|Careful||M|||50|]Pelipper||FocusSash|Drizzle|Hurricane,WeatherBall,WideGuard,Tailwind|Timid||F|||50|
|inactive|Battle timer is ON: inactive players will automatically lose when time's up. (requested by RamonTheKiller)
|
|t:|1785175266
|teamsize|p1|4
|teamsize|p2|4
|start
|switch|p1a: Grimmsnarl|Grimmsnarl, L50, M|100/100
|switch|p1b: Archaludon|Archaludon, L50, F|100/100
|switch|p2a: Archaludon|Archaludon, L50, F|100/100
|switch|p2b: Grimmsnarl|Grimmsnarl, L50, M|100/100
|turn|1
|
|t:|1785175282
|move|p2b: Grimmsnarl|Light Screen|p2b: Grimmsnarl
|-sidestart|p2: Checkmath|move: Light Screen
|move|p1a: Grimmsnarl|Light Screen|p1a: Grimmsnarl
|-sidestart|p1: RamonTheKiller|move: Light Screen
|move|p1b: Archaludon|Dragon Pulse|p2a: Archaludon
|-damage|p2a: Archaludon|72/100
|-ability|p2a: Archaludon|Stamina|boost
|-boost|p2a: Archaludon|def|1
|move|p2a: Archaludon|Flash Cannon|p1a: Grimmsnarl
|-supereffective|p1a: Grimmsnarl|1
|-damage|p1a: Grimmsnarl|55/100
|
|-heal|p2a: Archaludon|79/100|[from] item: Leftovers
|upkeep
|turn|2
|inactive|RamonTheKiller has 30 seconds left.
|inactive|Checkmath has 30 seconds left.
|inactive|Checkmath has 20 seconds left.
|inactive|Checkmath has 15 seconds left.
|inactive|Checkmath has 10 seconds left.
|
|t:|1785175327
|move|p2b: Grimmsnarl|Parting Shot|p1b: Archaludon
|-unboost|p1b: Archaludon|atk|1
|-unboost|p1b: Archaludon|spa|1
|
|t:|1785175331
|switch|p2b: Charizard|Charizard, L50, F|100/100|[from] Parting Shot
|move|p2a: Archaludon|Flash Cannon|p1a: Grimmsnarl
|-supereffective|p1a: Grimmsnarl|1
|-damage|p1a: Grimmsnarl|13/100
|move|p1b: Archaludon|Flash Cannon|p2b: Charizard
|-resisted|p2b: Charizard|1
|-damage|p2b: Charizard|91/100
|move|p1a: Grimmsnarl|Spirit Break|p2b: Charizard
|-resisted|p2b: Charizard|1
|-damage|p2b: Charizard|72/100
|-unboost|p2b: Charizard|spa|1
|
|-heal|p2a: Archaludon|85/100|[from] item: Leftovers
|upkeep
|turn|3
|inactive|Checkmath has 30 seconds left.
|inactive|Checkmath has 20 seconds left.
|inactive|Checkmath has 15 seconds left.
|inactive|Checkmath has 10 seconds left.
|
|t:|1785175380
|switch|p2b: Pelipper|Pelipper, L50, F|100/100
|-weather|RainDance|[from] ability: Drizzle|[of] p2b: Pelipper
|move|p1a: Grimmsnarl|Parting Shot|p2a: Archaludon
|-unboost|p2a: Archaludon|atk|1
|-unboost|p2a: Archaludon|spa|1
|
|t:|1785175393
|switch|p1a: Pelipper|Pelipper, L50, F|100/100|[from] Parting Shot
|move|p1b: Archaludon|Electro Shot||[still]
|-prepare|p1b: Archaludon|Electro Shot
|-boost|p1b: Archaludon|spa|1
|-anim|p1b: Archaludon|Electro Shot|p2b: Pelipper
|-supereffective|p2b: Pelipper|2
|-enditem|p2b: Pelipper|Focus Sash
|-damage|p2b: Pelipper|1/100
|move|p2a: Archaludon|Electro Shot||[still]
|-prepare|p2a: Archaludon|Electro Shot
|-boost|p2a: Archaludon|spa|1
|-anim|p2a: Archaludon|Electro Shot|p1a: Pelipper
|-supereffective|p1a: Pelipper|2
|-damage|p1a: Pelipper|0 fnt
|faint|p1a: Pelipper
|
|-weather|RainDance|[upkeep]
|-heal|p2a: Archaludon|91/100|[from] item: Leftovers
|upkeep
|inactive|RamonTheKiller has 30 seconds left.
|
|t:|1785175424
|switch|p1a: Grimmsnarl|Grimmsnarl, L50, M|13/100
|turn|4
|inactive|Checkmath has 30 seconds left.
|
|t:|1785175451
|move|p2b: Pelipper|Tailwind|p2b: Pelipper
|-sidestart|p2: Checkmath|move: Tailwind
|move|p2a: Archaludon|Electro Shot||[still]
|-prepare|p2a: Archaludon|Electro Shot
|-boost|p2a: Archaludon|spa|1
|-anim|p2a: Archaludon|Electro Shot|p1a: Grimmsnarl
|-damage|p1a: Grimmsnarl|0 fnt
|faint|p1a: Grimmsnarl
|move|p1b: Archaludon|Electro Shot||[still]
|-prepare|p1b: Archaludon|Electro Shot
|-boost|p1b: Archaludon|spa|1
|-anim|p1b: Archaludon|Electro Shot|p2a: Archaludon
|-resisted|p2a: Archaludon|1
|-damage|p2a: Archaludon|73/100
|-ability|p2a: Archaludon|Stamina|boost
|-boost|p2a: Archaludon|def|1
|
|-weather|RainDance|[upkeep]
|-heal|p2a: Archaludon|79/100|[from] item: Leftovers
|upkeep
|
|t:|1785175459
|switch|p1a: Basculegion|Basculegion, L50, M|100/100
|turn|5
|
|t:|1785175481
|move|p2b: Pelipper|Weather Ball|p1b: Archaludon
|-resisted|p1b: Archaludon|1
|-damage|p1b: Archaludon|79/100
|-ability|p1b: Archaludon|Stamina|boost
|-boost|p1b: Archaludon|def|1
|move|p2a: Archaludon|Electro Shot||[still]
|-prepare|p2a: Archaludon|Electro Shot
|-boost|p2a: Archaludon|spa|1
|-anim|p2a: Archaludon|Electro Shot|p1a: Basculegion
|-supereffective|p1a: Basculegion|1
|-damage|p1a: Basculegion|0 fnt
|faint|p1a: Basculegion
|move|p1b: Archaludon|Dragon Pulse|p2a: Archaludon
|-damage|p2a: Archaludon|39/100
|-ability|p2a: Archaludon|Stamina|boost
|-boost|p2a: Archaludon|def|1
|
|-weather|RainDance|[upkeep]
|-heal|p2a: Archaludon|45/100|[from] item: Leftovers
|-heal|p1b: Archaludon|85/100|[from] item: Leftovers
|upkeep
|turn|6
|inactive|Checkmath has 30 seconds left.
|
|t:|1785175512
|move|p2b: Pelipper|Weather Ball|p1b: Archaludon
|-resisted|p1b: Archaludon|1
|-damage|p1b: Archaludon|65/100
|-ability|p1b: Archaludon|Stamina|boost
|-boost|p1b: Archaludon|def|1
|move|p2a: Archaludon|Dragon Pulse|p1b: Archaludon
|-damage|p1b: Archaludon|17/100
|-ability|p1b: Archaludon|Stamina|boost
|-boost|p1b: Archaludon|def|1
|move|p1b: Archaludon|Electro Shot||[still]
|-prepare|p1b: Archaludon|Electro Shot
|-boost|p1b: Archaludon|spa|1
|-anim|p1b: Archaludon|Electro Shot|p2a: Archaludon
|-resisted|p2a: Archaludon|1
|-damage|p2a: Archaludon|19/100
|-ability|p2a: Archaludon|Stamina|boost
|-boost|p2a: Archaludon|def|1
|
|-weather|RainDance|[upkeep]
|-heal|p2a: Archaludon|26/100|[from] item: Leftovers
|-heal|p1b: Archaludon|23/100|[from] item: Leftovers
|upkeep
|turn|7
|
|t:|1785175533
|move|p2b: Pelipper|Weather Ball|p1b: Archaludon
|-resisted|p1b: Archaludon|1
|-damage|p1b: Archaludon|4/100
|-ability|p1b: Archaludon|Stamina|boost
|-boost|p1b: Archaludon|def|1
|move|p2a: Archaludon|Dragon Pulse|p1b: Archaludon
|-damage|p1b: Archaludon|0 fnt
|faint|p1b: Archaludon
|
|win|Checkmath
