|j|☆AuroraaaVGC01
|j|‽strangemeteor
|html|AuroraaaVGC01strangemeteor    
|uhtml|bestof|Game 2 of a best-of-3
|t:|1782718075
|gametype|doubles
|player|p1|AuroraaaVGC01|penny|1000
|player|p2|strangemeteor|policeman-gen4|1000
|gen|9
|tier|[Gen 9 Champions] VGC 2026 Reg M-B (Bo3)
|rated|
|rule|Species Clause: Limit one of each Pokémon
|rule|Item Clause: Limit 1 of each item
|clearpoke
|poke|p1|Floette-Eternal, L50, F|
|poke|p1|Hydreigon, L50, M|
|poke|p1|Incineroar, L50, M|
|poke|p1|Whimsicott, L50, F|
|poke|p1|Blastoise, L50, F|
|poke|p1|Blaziken, L50, M|
|poke|p2|Golurk, L50, shiny|
|poke|p2|Kangaskhan, L50, F, shiny|
|poke|p2|Excadrill, L50, F, shiny|
|poke|p2|Aegislash, L50, M, shiny|
|poke|p2|Hatterene, L50, F, shiny|
|poke|p2|Corviknight, L50, M, shiny|
|teampreview|4
|showteam|p1|Floette-Eternal||Floettite|FlowerVeil|Moonblast,DazzlingGleam,CalmMind,Protect|Modest||F|||50|]Hydreigon||LifeOrb|Levitate|DarkPulse,DracoMeteor,EarthPower,Protect|Modest||M|||50|]Incineroar||PasshoBerry|Intimidate|FlareBlitz,PartingShot,Taunt,FakeOut|Impish||M|||50|]Whimsicott||FocusSash|Prankster|Moonblast,Encore,Tailwind,Protect|Timid||F|||50|]Blastoise||Leftovers|RainDish|WaveCrash,FlipTurn,LifeDew,FakeOut|Careful||F|||50|]Blaziken||Blazikenite|SpeedBoost|FlareBlitz,CloseCombat,RockTomb,Protect|Adamant||M|||50|
|showteam|p2|Golurk||SoftSand|NoGuard|Earthquake,DynamicPunch,Protect,ShadowPunch|Adamant|||||50|]Kangaskhan||Kangaskhanite|Scrappy|DrainPunch,IcePunch,SuckerPunch,FakeOut|Adamant||F|||50|]Excadrill||ChoiceScarf|MoldBreaker|Earthquake,IronHead,RockSlide,XScissor|Adamant||F|||50|]Aegislash||MentalHerb|StanceChange|KingsShield,BrickBreak,IronHead,ShadowSneak|Adamant||M|||50|]Hatterene||FocusSash|MagicBounce|DazzlingGleam,Psychic,MysticalFire,PsychicTerrain|Modest||F|||50|]Corviknight||LumBerry|MirrorArmor|Tailwind,BraveBird,BodyPress,Roost|Impish||M|||50|
|inactive|Battle timer is ON: inactive players will automatically lose when time's up. (requested by strangemeteor)
|inactive|AuroraaaVGC01 also wants the timer to be on.
|
|t:|1782718092
|teamsize|p1|4
|teamsize|p2|4
|start
|switch|p1a: Mario|Incineroar, L50, M|100/100
|switch|p1b: Blaziken|Blaziken, L50, M|100/100
|switch|p2a: Excadrill|Excadrill, L50, F, shiny|100/100
|switch|p2b: Golurk|Golurk, L50, shiny|100/100
|-ability|p2a: Excadrill|Mold Breaker
|-ability|p1a: Mario|Intimidate|boost
|-unboost|p2a: Excadrill|atk|1
|-unboost|p2b: Golurk|atk|1
|turn|1
|inactive|strangemeteor has 30 seconds left.
|inactive|strangemeteor has 20 seconds left.
|inactive|strangemeteor has 15 seconds left.
|
|t:|1782718133
|detailschange|p1b: Blaziken|Blaziken-Mega, L50, M
|-mega|p1b: Blaziken|Blaziken|Blazikenite
|move|p1b: Blaziken|Protect|p1b: Blaziken
|-singleturn|p1b: Blaziken|Protect
|move|p2a: Excadrill|Rock Slide|p1a: Mario|[spread] p1a
|-activate|p1b: Blaziken|move: Protect
|-supereffective|p1a: Mario|1
|-damage|p1a: Mario|77/100
|move|p2b: Golurk|Dynamic Punch|p1b: Blaziken
|-activate|p1b: Blaziken|move: Protect
|move|p1a: Mario|Parting Shot|p2a: Excadrill
|-unboost|p2a: Excadrill|atk|1
|-unboost|p2a: Excadrill|spa|1
|
|t:|1782718148
|switch|p1a: Mine Turtle|Blastoise, L50, F|100/100|[from] Parting Shot
|
|-ability|p1b: Blaziken|Speed Boost|boost
|-boost|p1b: Blaziken|spe|1
|upkeep
|turn|2
|
|t:|1782718166
|move|p2b: Golurk|Protect|p2b: Golurk
|-singleturn|p2b: Golurk|Protect
|move|p2a: Excadrill|Rock Slide|p1a: Mine Turtle|[spread] p1a,p1b
|-damage|p1a: Mine Turtle|91/100
|-damage|p1b: Blaziken|87/100
|move|p1b: Blaziken|Flare Blitz|p2b: Golurk
|-activate|p2b: Golurk|move: Protect
|move|p1a: Mine Turtle|Flip Turn|p2b: Golurk
|-activate|p2b: Golurk|move: Protect
|
|-heal|p1a: Mine Turtle|97/100|[from] item: Leftovers
|-ability|p1b: Blaziken|Speed Boost|boost
|-boost|p1b: Blaziken|spe|1
|upkeep
|turn|3
|inactive|strangemeteor has 30 seconds left.
|inactive|strangemeteor has 20 seconds left.
|inactive|strangemeteor has 15 seconds left.
|
|t:|1782718207
|move|p1b: Blaziken|Flare Blitz|p2b: Golurk
|-damage|p2b: Golurk|7/100
|-damage|p1b: Blaziken|60/100|[from] Recoil
|move|p2a: Excadrill|Rock Slide|p1b: Blaziken|[spread] p1a,p1b
|-damage|p1a: Mine Turtle|88/100
|-damage|p1b: Blaziken|48/100
|move|p2b: Golurk|Dynamic Punch|p1b: Blaziken
|-damage|p1b: Blaziken|22/100
|-start|p1b: Blaziken|confusion
|move|p1a: Mine Turtle|Flip Turn|p2b: Golurk
|-supereffective|p2b: Golurk|1
|-damage|p2b: Golurk|0 fnt
|faint|p2b: Golurk
|
|t:|1782718222
|switch|p1a: Mario|Incineroar, L50, M|77/100|[from] Flip Turn
|-ability|p1a: Mario|Intimidate|boost
|-unboost|p2a: Excadrill|atk|1
|
|-ability|p1b: Blaziken|Speed Boost|boost
|-boost|p1b: Blaziken|spe|1
|upkeep
|inactive|strangemeteor has 30 seconds left.
|
|t:|1782718247
|switch|p2b: Hatterene|Hatterene, L50, F, shiny|100/100
|turn|4
|
|t:|1782718259
|switch|p1b: Mine Turtle|Blastoise, L50, F|88/100
|move|p2a: Excadrill|Rock Slide|p1b: Mine Turtle|[spread] p1a,p1b
|-supereffective|p1a: Mario|1
|-damage|p1a: Mario|62/100
|-damage|p1b: Mine Turtle|80/100
|cant|p1a: Mario|flinch
|move|p2b: Hatterene|Psychic Terrain|p2b: Hatterene
|-fieldstart|move: Psychic Terrain
|
|-heal|p1b: Mine Turtle|86/100|[from] item: Leftovers
|upkeep
|turn|5
|inactive|strangemeteor has 30 seconds left.
|
|t:|1782718288
|move|p2a: Excadrill|Rock Slide|p1b: Mine Turtle|[spread] p1a,p1b
|-supereffective|p1a: Mario|1
|-damage|p1a: Mario|48/100
|-damage|p1b: Mine Turtle|78/100
|move|p1b: Mine Turtle|Life Dew|p1b: Mine Turtle|[spread] p1a,p1b
|-heal|p1a: Mario|73/100
|-heal|p1b: Mine Turtle|100/100
|move|p1a: Mario|Flare Blitz|p2b: Hatterene
|-damage|p2b: Hatterene|48/100
|-damage|p1a: Mario|59/100|[from] Recoil
|move|p2b: Hatterene|Psychic|p1b: Mine Turtle
|-damage|p1b: Mine Turtle|47/100
|-unboost|p1b: Mine Turtle|spd|1
|
|-heal|p1b: Mine Turtle|53/100|[from] item: Leftovers
|upkeep
|turn|6
|
|t:|1782718309
|move|p2a: Excadrill|Rock Slide|p1a: Mario|[spread] p1a,p1b
|-supereffective|p1a: Mario|1
|-crit|p1b: Mine Turtle
|-damage|p1a: Mario|45/100
|-damage|p1b: Mine Turtle|26/100
|cant|p1b: Mine Turtle|flinch
|cant|p1a: Mario|flinch
|move|p2b: Hatterene|Dazzling Gleam|p1a: Mario|[spread] p1a,p1b
|-damage|p1a: Mario|15/100
|-damage|p1b: Mine Turtle|0 fnt
|faint|p1b: Mine Turtle
|
|upkeep
|
|t:|1782718328
|switch|p1b: Blaziken|Blaziken-Mega, L50, M|22/100
|turn|7
|
|t:|1782718349
|move|p1b: Blaziken|Protect|p1b: Blaziken
|-singleturn|p1b: Blaziken|Protect
|move|p2a: Excadrill|Rock Slide|p1a: Mario|[spread] p1a
|-activate|p1b: Blaziken|move: Protect
|-supereffective|p1a: Mario|1
|-damage|p1a: Mario|1/100
|move|p1a: Mario|Flare Blitz|p2b: Hatterene
|-damage|p2b: Hatterene|0 fnt
|faint|p2b: Hatterene
|-damage|p1a: Mario|0 fnt|[from] Recoil
|faint|p1a: Mario
|
|-ability|p1b: Blaziken|Speed Boost|boost
|-boost|p1b: Blaziken|spe|1
|upkeep
|inactive|strangemeteor has 30 seconds left.
|inactive|strangemeteor has 20 seconds left.
|
|t:|1782718388
|switch|p1a: Fury|Hydreigon, L50, M|100/100
|switch|p2b: Aegislash|Aegislash, L50, M, shiny|100/100
|turn|8
|
|t:|1782718402
|move|p2b: Aegislash|King's Shield|p2b: Aegislash
|-singleturn|p2b: Aegislash|Protect
|move|p2a: Excadrill|Rock Slide|p1a: Fury|[spread] p1a,p1b
|-damage|p1a: Fury|90/100
|-damage|p1b: Blaziken|10/100
|move|p1b: Blaziken|Close Combat|p2a: Excadrill
|-supereffective|p2a: Excadrill|1
|-damage|p2a: Excadrill|0 fnt
|-unboost|p1b: Blaziken|def|1
|-unboost|p1b: Blaziken|spd|1
|faint|p2a: Excadrill
|move|p1a: Fury|Dark Pulse|p2b: Aegislash
|-activate|p2b: Aegislash|move: Protect
|
|-fieldend|move: Psychic Terrain
|-ability|p1b: Blaziken|Speed Boost|boost
|-boost|p1b: Blaziken|spe|1
|upkeep
|turn|9
|inactive|strangemeteor has 30 seconds left.
|
|t:|1782718430
|move|p1b: Blaziken|Protect|p1b: Blaziken
|-singleturn|p1b: Blaziken|Protect
|move|p1a: Fury|Dark Pulse|p2b: Aegislash
|-supereffective|p2b: Aegislash|1
|-damage|p2b: Aegislash|9/100
|-damage|p1a: Fury|81/100|[from] item: Life Orb
|cant|p2b: Aegislash|flinch
|
|-ability|p1b: Blaziken|Speed Boost|boost
|-boost|p1b: Blaziken|spe|1
|upkeep
|turn|10
|inactive|strangemeteor has 30 seconds left.
|inactive|strangemeteor has 20 seconds left.
|inactive|strangemeteor has 15 seconds left.
|inactive|strangemeteor has 10 seconds left.
|inactive|strangemeteor has 5 seconds left.
|
|t:|1782718485
|move|p1b: Blaziken|Protect||[still]
|-fail|p1b: Blaziken
|move|p2b: Aegislash|King's Shield|p2b: Aegislash
|-singleturn|p2b: Aegislash|Protect
|move|p1a: Fury|Dark Pulse|p2b: Aegislash
|-activate|p2b: Aegislash|move: Protect
|
|-ability|p1b: Blaziken|Speed Boost|boost
|-boost|p1b: Blaziken|spe|1
|upkeep
|turn|11
|inactive|strangemeteor has 30 seconds left.
|inactive|strangemeteor has 20 seconds left.
|inactive|strangemeteor has 15 seconds left.
|inactive|strangemeteor has 10 seconds left.
|inactive|strangemeteor has 5 seconds left.
|
|t:|1782718540
|move|p1b: Blaziken|Protect|p1b: Blaziken
|-singleturn|p1b: Blaziken|Protect
|move|p2b: Aegislash|King's Shield||[still]
|-fail|p2b: Aegislash
|move|p1a: Fury|Dark Pulse|p2b: Aegislash
|-supereffective|p2b: Aegislash|1
|-damage|p2b: Aegislash|0 fnt
|faint|p2b: Aegislash
|-damage|p1a: Fury|71/100|[from] item: Life Orb
|
|win|AuroraaaVGC01
|raw|AuroraaaVGC01's rating: 1000 → 1040(+40 for winning)
|raw|strangemeteor's rating: 1000 → 1000(+0 for losing)
