|j|☆rorain fearow
|j|☆NEOLODO
|html|rorain fearowNEOLODO    
|uhtml|bestof|Game 2 of a best-of-3
|t:|1756465447
|gametype|doubles
|player|p1|rorain fearow|birdkeeper|1133
|player|p2|NEOLODO|2|1000
|gen|9
|tier|[Gen 9] VGC 2025 Reg H (Bo3)
|rated|
|rule|Species Clause: Limit one of each Pokémon
|rule|Item Clause: Limit 1 of each item
|clearpoke
|poke|p1|Dondozo, L50, M|
|poke|p1|Tatsugiri, L50, F|
|poke|p1|Sneasler, L50, M|
|poke|p1|Rillaboom, L50, F|
|poke|p1|Gothitelle, L50, F|
|poke|p1|Politoed, L50, M|
|poke|p2|Lilligant-Hisui, L50, F|
|poke|p2|Hatterene, L50, F|
|poke|p2|Ursaluna, L50, M|
|poke|p2|Indeedee-F, L50, F|
|poke|p2|Torkoal, L50, M|
|poke|p2|Gallade, L50, M|
|teampreview|4
|showteam|p1|Dondozo||Leftovers|Unaware|WaveCrash,OrderUp,Yawn,Protect|||M|||50|,,,,,Grass]Tatsugiri||FocusSash|Commander|MuddyWater,MirrorCoat,Counter,Protect|||F|||50|,,,,,Stellar]Sneasler||LifeOrb|PoisonTouch|CloseCombat,GunkShot,ToxicSpikes,Protect|||M|||50|,,,,,Stellar]Rillaboom||AssaultVest|GrassySurge|WoodHammer,GrassyGlide,Uturn,FakeOut|||F|||50|,,,,,Fire]Gothitelle||CovertCloak|ShadowTag|Imprison,ExpandingForce,FakeOut,Protect|||F|||50|,,,,,Water]Politoed||SitrusBerry|Drizzle|MuddyWater,WeatherBall,PerishSong,Protect|||M|||50|,,,,,Grass
|showteam|p2|Lilligant-Hisui||FocusSash|Chlorophyll|TripleAxel,AfterYou,CloseCombat,SleepPowder|||F|||50|,,,,,Ghost]Hatterene||CovertCloak|MagicBounce|DazzlingGleam,ExpandingForce,TrickRoom,MysticalFire|||F|||50|,,,,,Fire]Ursaluna||FlameOrb|Guts|Facade,HeadlongRush,Earthquake,Protect|||M|||50|,,,,,Ghost]Indeedee-F||PsychicSeed|PsychicSurge|Psychic,TrickRoom,HelpingHand,FollowMe|||F|||50|,,,,,Dragon]Torkoal||FlamePlate|Drought|Eruption,WeatherBall,HeatWave,Protect|||M|||50|,,,,,Fire]Gallade||ClearAmulet|Sharpness|PsychoCut,SacredSword,TrickRoom,WideGuard|||M|||50|,,,,,Grass
|
|t:|1756465484
|teamsize|p1|4
|teamsize|p2|4
|start
|switch|p1a: Gothitelle|Gothitelle, L50, F|100/100
|switch|p1b: Politoed|Politoed, L50, M|100/100
|switch|p2a: Indeedee|Indeedee-F, L50, F|100/100
|switch|p2b: Gallade|Gallade, L50, M|100/100
|-fieldstart|move: Psychic Terrain|[from] ability: Psychic Surge|[of] p2a: Indeedee
|-enditem|p2a: Indeedee|Psychic Seed
|-boost|p2a: Indeedee|spd|1|[from] item: Psychic Seed
|-weather|RainDance|[from] ability: Drizzle|[of] p1b: Politoed
|turn|1
|inactive|Battle timer is ON: inactive players will automatically lose when time's up. (requested by NEOLODO)
|
|t:|1756465513
|move|p2b: Gallade|Wide Guard|p2b: Gallade
|-singleturn|p2b: Gallade|Wide Guard
|move|p1b: Politoed|Weather Ball|p2b: Gallade
|-damage|p2b: Gallade|55/100
|move|p1a: Gothitelle|Expanding Force|p2b: Gallade|[spread] 
|-activate|p2a: Indeedee|move: Wide Guard
|-activate|p2b: Gallade|move: Wide Guard
|move|p2a: Indeedee|Trick Room|p2a: Indeedee
|-fieldstart|move: Trick Room|[of] p2a: Indeedee
|
|-weather|RainDance|[upkeep]
|upkeep
|turn|2
|inactive|NEOLODO has 30 seconds left.
|inactive|NEOLODO has 20 seconds left.
|inactive|NEOLODO has 15 seconds left.
|inactive|NEOLODO has 10 seconds left.
|inactive|NEOLODO has 5 seconds left.
|
|t:|1756465563
|-terastallize|p2b: Gallade|Grass
|move|p1b: Politoed|Protect|p1b: Politoed
|-singleturn|p1b: Politoed|Protect
|move|p1a: Gothitelle|Expanding Force|p2a: Indeedee|[spread] p2a,p2b
|-resisted|p2a: Indeedee
|-damage|p2a: Indeedee|89/100
|-damage|p2b: Gallade|17/100
|move|p2a: Indeedee|Psychic|p1b: Politoed
|-activate|p1b: Politoed|move: Protect
|move|p2b: Gallade|Psycho Cut|p1a: Gothitelle
|-resisted|p1a: Gothitelle
|-damage|p1a: Gothitelle|65/100
|
|-weather|RainDance|[upkeep]
|upkeep
|turn|3
|
|t:|1756465583
|move|p2b: Gallade|Wide Guard|p2b: Gallade
|-singleturn|p2b: Gallade|Wide Guard
|move|p1a: Gothitelle|Expanding Force|p2b: Gallade|[spread] 
|-activate|p2a: Indeedee|move: Wide Guard
|-activate|p2b: Gallade|move: Wide Guard
|move|p1b: Politoed|Weather Ball|p2b: Gallade
|-resisted|p2b: Gallade
|-crit|p2b: Gallade
|-damage|p2b: Gallade|0 fnt
|faint|p2b: Gallade
|move|p2a: Indeedee|Psychic|p1a: Gothitelle
|-resisted|p1a: Gothitelle
|-crit|p1a: Gothitelle
|-damage|p1a: Gothitelle|45/100
|
|-weather|RainDance|[upkeep]
|upkeep
|
|t:|1756465596
|switch|p2b: Torkoal|Torkoal, L50, M|100/100
|-weather|SunnyDay|[from] ability: Drought|[of] p2b: Torkoal
|turn|4
|
|t:|1756465607
|move|p2a: Indeedee|Helping Hand|p2b: Torkoal
|-singleturn|p2b: Torkoal|Helping Hand|[of] p2a: Indeedee
|move|p1a: Gothitelle|Protect|p1a: Gothitelle
|-singleturn|p1a: Gothitelle|Protect
|move|p1b: Politoed|Protect|p1b: Politoed
|-singleturn|p1b: Politoed|Protect
|move|p2b: Torkoal|Eruption|p1a: Gothitelle|[spread] 
|-activate|p1a: Gothitelle|move: Protect
|-activate|p1b: Politoed|move: Protect
|
|-weather|SunnyDay|[upkeep]
|upkeep
|turn|5
|
|t:|1756465622
|switch|p1a: Tatsugiri|Tatsugiri, L50, F|100/100
|switch|p1b: Dondozo|Dondozo, L50, M|100/100
|-activate|p1a: Tatsugiri|ability: Commander|[of] p1b: Dondozo
|-boost|p1b: Dondozo|atk|2
|-boost|p1b: Dondozo|spa|2
|-boost|p1b: Dondozo|spe|2
|-boost|p1b: Dondozo|def|2
|-boost|p1b: Dondozo|spd|2
|move|p2a: Indeedee|Helping Hand|p2b: Torkoal
|-singleturn|p2b: Torkoal|Helping Hand|[of] p2a: Indeedee
|move|p2b: Torkoal|Eruption|p1b: Dondozo|[spread] p1b
|-miss|p2b: Torkoal|p1a: Tatsugiri
|-resisted|p1b: Dondozo
|-damage|p1b: Dondozo|79/100
|
|-weather|SunnyDay|[upkeep]
|-heal|p1b: Dondozo|86/100|[from] item: Leftovers
|-fieldend|move: Trick Room
|-fieldend|move: Psychic Terrain
|upkeep
|turn|6
|inactive|NEOLODO has 30 seconds left.
|inactive|NEOLODO has 20 seconds left.
|inactive|NEOLODO has 15 seconds left.
|
|t:|1756465665
|move|p2a: Indeedee|Helping Hand|p2b: Torkoal
|-singleturn|p2b: Torkoal|Helping Hand|[of] p2a: Indeedee
|move|p1b: Dondozo|Order Up|p2a: Indeedee
|-damage|p2a: Indeedee|53/100
|-boost|p1b: Dondozo|atk|1
|move|p2b: Torkoal|Eruption|p1b: Dondozo|[spread] p1b
|-miss|p2b: Torkoal|p1a: Tatsugiri
|-resisted|p1b: Dondozo
|-damage|p1b: Dondozo|61/100
|
|-weather|SunnyDay|[upkeep]
|-heal|p1b: Dondozo|67/100|[from] item: Leftovers
|upkeep
|turn|7
|inactive|NEOLODO has 30 seconds left.
|inactive|NEOLODO has 20 seconds left.
|inactive|NEOLODO has 15 seconds left.
|inactive|NEOLODO has 10 seconds left.
|
|t:|1756465710
|switch|p2b: Hatterene|Hatterene, L50, F|100/100
|move|p1b: Dondozo|Order Up|p2a: Indeedee
|-damage|p2a: Indeedee|12/100
|-boost|p1b: Dondozo|atk|1
|move|p2a: Indeedee|Psychic|p1b: Dondozo
|-damage|p1b: Dondozo|57/100
|
|-weather|SunnyDay|[upkeep]
|-heal|p1b: Dondozo|63/100|[from] item: Leftovers
|upkeep
|turn|8
|inactive|rorain fearow has 30 seconds left.
|inactive|NEOLODO has 30 seconds left.
|inactive|rorain fearow has 20 seconds left.
|inactive|rorain fearow has 15 seconds left.
|inactive|rorain fearow has 10 seconds left.
|inactive|rorain fearow has 5 seconds left.
|
|t:|1756465765
|move|p1b: Dondozo|Wave Crash|p2a: Indeedee
|-damage|p2a: Indeedee|0 fnt
|faint|p2a: Indeedee
|-damage|p1b: Dondozo|60/100|[from] Recoil
|move|p2b: Hatterene|Trick Room|p2b: Hatterene
|-fieldstart|move: Trick Room|[of] p2b: Hatterene
|
|-weather|none
|-heal|p1b: Dondozo|66/100|[from] item: Leftovers
|upkeep
|
|t:|1756465776
|switch|p2a: Torkoal|Torkoal, L50, M|100/100
|-weather|SunnyDay|[from] ability: Drought|[of] p2a: Torkoal
|turn|9
|
|t:|1756465795
|move|p1b: Dondozo|Protect|p1b: Dondozo
|-singleturn|p1b: Dondozo|Protect
|move|p2a: Torkoal|Eruption|p1b: Dondozo|[spread] 
|-miss|p2a: Torkoal|p1a: Tatsugiri
|-activate|p1b: Dondozo|move: Protect
|move|p2b: Hatterene|Dazzling Gleam|p1b: Dondozo|[spread] 
|-miss|p2b: Hatterene|p1a: Tatsugiri
|-activate|p1b: Dondozo|move: Protect
|
|-weather|SunnyDay|[upkeep]
|-heal|p1b: Dondozo|72/100|[from] item: Leftovers
|upkeep
|turn|10
|
|t:|1756465805
|move|p2a: Torkoal|Eruption|p1a: Tatsugiri|[spread] p1b
|-miss|p2a: Torkoal|p1a: Tatsugiri
|-resisted|p1b: Dondozo
|-damage|p1b: Dondozo|57/100
|move|p2b: Hatterene|Dazzling Gleam|p1b: Dondozo|[spread] p1b
|-miss|p2b: Hatterene|p1a: Tatsugiri
|-damage|p1b: Dondozo|45/100
|move|p1b: Dondozo|Wave Crash|p2a: Torkoal
|-supereffective|p2a: Torkoal
|-damage|p2a: Torkoal|6/100
|-damage|p1b: Dondozo|23/100|[from] Recoil
|
|-weather|SunnyDay|[upkeep]
|-heal|p1b: Dondozo|30/100|[from] item: Leftovers
|upkeep
|turn|11
|-message|NEOLODO forfeited.
|
|win|rorain fearow
|raw|rorain fearow's rating: 1133 → 1149(+16 for winning)
|raw|NEOLODO's rating: 1000 → 1000(+0 for losing)
|l|☆NEOLODO
|player|p2|
|l|☆rorain fearow
|player|p1|
|j|☆NEOLODO
|player|p2|NEOLODO|2|
