|j|☆bobak dotto
|j|☆Tasinaura76
|html|bobak dottoTasinaura76    
|uhtml|bestof|Game 3 of a best-of-3
|t:|1782295775
|gametype|doubles
|player|p1|bobak dotto|1|1000
|player|p2|Tasinaura76|silver|1091
|gen|9
|tier|[Gen 9 Champions] VGC 2026 Reg M-B (Bo3)
|rated|
|rule|Species Clause: Limit one of each Pokémon
|rule|Item Clause: Limit 1 of each item
|clearpoke
|poke|p1|Hippowdon, L50, F|
|poke|p1|Houndstone, L50, F|
|poke|p1|Incineroar, L50, M|
|poke|p1|Excadrill, L50, M|
|poke|p1|Hydreigon, L50, M|
|poke|p1|Delphox, L50, F|
|poke|p2|Garchomp, L50, F|
|poke|p2|Gholdengo, L50|
|poke|p2|Incineroar, L50, F|
|poke|p2|Charizard, L50, M|
|poke|p2|Whimsicott, L50, F|
|poke|p2|Basculegion, L50, M|
|teampreview|4
|showteam|p1|Hippowdon||Leftovers|SandStream|HighHorsepower,HelpingHand,Yawn,Protect|Impish||F|||50|]Houndstone||LifeOrb|SandRush|LastRespects,Poltergeist,BodyPress,Protect|Adamant||F|||50|]Incineroar||SitrusBerry|Intimidate|FakeOut,FlareBlitz,ThroatChop,PartingShot|Adamant||M|||50|]Excadrill||FocusSash|SandRush|Earthquake,RockSlide,IronHead,Protect|Adamant||M|||50|]Hydreigon||ChopleBerry|Levitate|Tailwind,Snarl,DracoMeteor,Protect|Modest||M|||50|]Delphox||Delphoxite|Blaze|HeatWave,Psychic,NastyPlot,Protect|Timid||F|||50|
|showteam|p2|Garchomp||LifeOrb|RoughSkin|Protect,DragonClaw,RockSlide,Earthquake|Jolly||F|||50|]Gholdengo||MetalCoat|GoodasGold|Protect,MakeItRain,ShadowBall,PowerGem|Timid|||||50|]Incineroar||SitrusBerry|Intimidate|FlareBlitz,PartingShot,ThroatChop,FakeOut|Impish||F|||50|]Charizard||CharizarditeY|SolarPower|Protect,HeatWave,WeatherBall,SolarBeam|Modest||M|||50|]Whimsicott||FocusSash|Prankster|Protect,Moonblast,Tailwind,Encore|Timid||F|||50|]Basculegion||ChoiceScarf|Adaptability|FlipTurn,LastRespects,AquaJet,WaveCrash|Jolly||M|||50|
|
|t:|1782295805
|teamsize|p1|4
|teamsize|p2|4
|start
|switch|p1a: Hippowdon|Hippowdon, L50, F|100/100
|switch|p1b: Incineroar|Incineroar, L50, M|100/100
|switch|p2a: Whimsicott|Whimsicott, L50, F|100/100
|switch|p2b: Basculegion|Basculegion, L50, M|100/100
|-ability|p1b: Incineroar|Intimidate|boost
|-unboost|p2a: Whimsicott|atk|1
|-unboost|p2b: Basculegion|atk|1
|-weather|Sandstorm|[from] ability: Sand Stream|[of] p1a: Hippowdon
|turn|1
|inactive|Battle timer is ON: inactive players will automatically lose when time's up. (requested by bobak dotto)
|
|t:|1782295821
|move|p2a: Whimsicott|Tailwind|p2a: Whimsicott
|-sidestart|p2: Tasinaura76|move: Tailwind
|move|p2b: Basculegion|Flip Turn|p1a: Hippowdon
|-supereffective|p1a: Hippowdon|1
|-damage|p1a: Hippowdon|66/100
|
|t:|1782295831
|switch|p2b: Gholdengo|Gholdengo, L50|100/100|[from] Flip Turn
|move|p1b: Incineroar|Parting Shot|p2b: Gholdengo
|-immune|p2b: Gholdengo|[from] ability: Good as Gold
|move|p1a: Hippowdon|Yawn|p2a: Whimsicott
|-start|p2a: Whimsicott|move: Yawn|[of] p1a: Hippowdon
|
|-weather|Sandstorm|[upkeep]
|-damage|p2a: Whimsicott|94/100|[from] Sandstorm
|-damage|p1b: Incineroar|94/100|[from] Sandstorm
|-heal|p1a: Hippowdon|72/100|[from] item: Leftovers
|upkeep
|turn|2
|
|t:|1782295855
|move|p1a: Hippowdon|Protect|p1a: Hippowdon
|-singleturn|p1a: Hippowdon|Protect
|move|p2a: Whimsicott|Moonblast|p1b: Incineroar
|-damage|p1b: Incineroar|61/100
|move|p2b: Gholdengo|Power Gem|p1b: Incineroar
|-supereffective|p1b: Incineroar|1
|-crit|p1b: Incineroar
|-damage|p1b: Incineroar|0 fnt
|faint|p1b: Incineroar
|
|-weather|Sandstorm|[upkeep]
|-damage|p2a: Whimsicott|88/100|[from] Sandstorm
|-heal|p1a: Hippowdon|78/100|[from] item: Leftovers
|-end|p2a: Whimsicott|move: Yawn|[silent]
|-status|p2a: Whimsicott|slp
|upkeep
|
|t:|1782295872
|switch|p1b: Excadrill|Excadrill, L50, M|100/100
|turn|3
|
|t:|1782295896
|move|p2b: Gholdengo|Protect|p2b: Gholdengo
|-singleturn|p2b: Gholdengo|Protect
|cant|p2a: Whimsicott|slp
|move|p1b: Excadrill|Iron Head|p2a: Whimsicott
|-supereffective|p2a: Whimsicott|1
|-damage|p2a: Whimsicott|0 fnt
|faint|p2a: Whimsicott
|move|p1a: Hippowdon|High Horsepower|p2b: Gholdengo
|-activate|p2b: Gholdengo|move: Protect
|
|-weather|Sandstorm|[upkeep]
|-heal|p1a: Hippowdon|84/100|[from] item: Leftovers
|upkeep
|
|t:|1782295904
|switch|p2a: Basculegion|Basculegion, L50, M|100/100
|turn|4
|
|t:|1782295911
|move|p1a: Hippowdon|Protect|p1a: Hippowdon
|-singleturn|p1a: Hippowdon|Protect
|move|p2a: Basculegion|Wave Crash|p1b: Excadrill
|-supereffective|p1b: Excadrill|1
|-enditem|p1b: Excadrill|Focus Sash
|-damage|p1b: Excadrill|1/100
|-damage|p2a: Basculegion|68/100|[from] Recoil
|move|p2b: Gholdengo|Make It Rain|p1b: Excadrill|[spread] p1b
|-activate|p1a: Hippowdon|move: Protect
|-resisted|p1b: Excadrill|1
|-damage|p1b: Excadrill|0 fnt
|-unboost|p2b: Gholdengo|spa|2
|faint|p1b: Excadrill
|
|-weather|Sandstorm|[upkeep]
|-damage|p2a: Basculegion|62/100|[from] Sandstorm
|-heal|p1a: Hippowdon|90/100|[from] item: Leftovers
|-sideend|p2: Tasinaura76|move: Tailwind
|upkeep
|
|t:|1782295925
|switch|p1b: Houndstone|Houndstone, L50, F|100/100
|turn|5
|
|t:|1782295938
|switch|p2b: Garchomp|Garchomp, L50, F|100/100
|move|p1b: Houndstone|Last Respects|p2a: Basculegion
|-supereffective|p2a: Basculegion|1
|-damage|p2a: Basculegion|0 fnt
|faint|p2a: Basculegion
|-damage|p1b: Houndstone|90/100|[from] item: Life Orb
|move|p1a: Hippowdon|High Horsepower|p2b: Garchomp|[miss]
|-miss|p1a: Hippowdon|p2b: Garchomp
|
|-weather|none
|-heal|p1a: Hippowdon|96/100|[from] item: Leftovers
|upkeep
|
|t:|1782295944
|switch|p2a: Gholdengo|Gholdengo, L50|100/100
|turn|6
|inactive|bobak dotto has 30 seconds left.
|
|t:|1782295977
|move|p1a: Hippowdon|Helping Hand|p1b: Houndstone
|-singleturn|p1b: Houndstone|Helping Hand|[of] p1a: Hippowdon
|move|p2a: Gholdengo|Protect|p2a: Gholdengo
|-singleturn|p2a: Gholdengo|Protect
|move|p2b: Garchomp|Earthquake|p1b: Houndstone|[spread] p1a,p1b
|-activate|p2a: Gholdengo|move: Protect
|-damage|p1a: Hippowdon|65/100
|-damage|p1b: Houndstone|29/100
|-damage|p2b: Garchomp|90/100|[from] item: Life Orb
|move|p1b: Houndstone|Last Respects|p2b: Garchomp
|-damage|p2b: Garchomp|0 fnt
|faint|p2b: Garchomp
|-damage|p1b: Houndstone|19/100|[from] item: Life Orb
|
|-heal|p1a: Hippowdon|71/100|[from] item: Leftovers
|upkeep
|turn|7
|
|t:|1782295997
|move|p1b: Houndstone|Protect|p1b: Houndstone
|-singleturn|p1b: Houndstone|Protect
|move|p1a: Hippowdon|Protect|p1a: Hippowdon
|-singleturn|p1a: Hippowdon|Protect
|move|p2a: Gholdengo|Make It Rain|p1a: Hippowdon|[spread] 
|-activate|p1a: Hippowdon|move: Protect
|-activate|p1b: Houndstone|move: Protect
|
|-heal|p1a: Hippowdon|77/100|[from] item: Leftovers
|upkeep
|turn|8
|
|t:|1782296009
|move|p2a: Gholdengo|Make It Rain|p1b: Houndstone|[spread] p1a,p1b
|-damage|p1a: Hippowdon|30/100
|-damage|p1b: Houndstone|0 fnt
|-unboost|p2a: Gholdengo|spa|2
|faint|p1b: Houndstone
|move|p1a: Hippowdon|High Horsepower|p2a: Gholdengo
|-supereffective|p2a: Gholdengo|1
|-damage|p2a: Gholdengo|22/100
|
|-heal|p1a: Hippowdon|36/100|[from] item: Leftovers
|upkeep
|turn|9
|
|t:|1782296019
|move|p1a: Hippowdon|Protect|p1a: Hippowdon
|-singleturn|p1a: Hippowdon|Protect
|move|p2a: Gholdengo|Make It Rain|p1a: Hippowdon
|-activate|p1a: Hippowdon|move: Protect
|
|-heal|p1a: Hippowdon|42/100|[from] item: Leftovers
|upkeep
|turn|10
|
|t:|1782296028
|move|p2a: Gholdengo|Make It Rain|p1a: Hippowdon
|-damage|p1a: Hippowdon|12/100
|-unboost|p2a: Gholdengo|spa|2
|move|p1a: Hippowdon|High Horsepower|p2a: Gholdengo|[miss]
|-miss|p1a: Hippowdon|p2a: Gholdengo
|
|-heal|p1a: Hippowdon|18/100|[from] item: Leftovers
|upkeep
|turn|11
|
|t:|1782296038
|move|p1a: Hippowdon|Protect|p1a: Hippowdon
|-singleturn|p1a: Hippowdon|Protect
|move|p2a: Gholdengo|Make It Rain|p1a: Hippowdon
|-activate|p1a: Hippowdon|move: Protect
|
|-heal|p1a: Hippowdon|24/100|[from] item: Leftovers
|upkeep
|turn|12
|
|t:|1782296047
|move|p2a: Gholdengo|Make It Rain|p1a: Hippowdon
|-damage|p1a: Hippowdon|4/100
|-unboost|p2a: Gholdengo|spa|2
|move|p1a: Hippowdon|High Horsepower|p2a: Gholdengo|[miss]
|-miss|p1a: Hippowdon|p2a: Gholdengo
|
|-heal|p1a: Hippowdon|10/100|[from] item: Leftovers
|upkeep
|turn|13
|
|t:|1782296058
|move|p1a: Hippowdon|Protect|p1a: Hippowdon
|-singleturn|p1a: Hippowdon|Protect
|move|p2a: Gholdengo|Make It Rain|p1a: Hippowdon
|-activate|p1a: Hippowdon|move: Protect
|
|-heal|p1a: Hippowdon|16/100|[from] item: Leftovers
|upkeep
|turn|14
|
|t:|1782296071
|move|p2a: Gholdengo|Shadow Ball|p1a: Hippowdon
|-damage|p1a: Hippowdon|6/100
|move|p1a: Hippowdon|High Horsepower|p2a: Gholdengo
|-supereffective|p2a: Gholdengo|1
|-damage|p2a: Gholdengo|0 fnt
|faint|p2a: Gholdengo
|
|win|bobak dotto
|raw|bobak dotto's rating: 1000 → 1050(+50 for winning)
|raw|Tasinaura76's rating: 1091 → 1061(-30 for losing)
|l|☆Tasinaura76
|player|p2|
