|j|☆Gerald Hoppy
|j|☆Gancelot
|html|Gerald HoppyGancelot    
|uhtml|bestof|Game 1 of a best-of-3
|t:|1784154826
|gametype|doubles
|player|p1|Gerald Hoppy|266|1319
|player|p2|Gancelot|morty|1332
|gen|9
|tier|[Gen 9 Champions] VGC 2026 Reg M-B (Bo3)
|rated|
|rule|Species Clause: Limit one of each Pokémon
|rule|Item Clause: Limit 1 of each item
|clearpoke
|poke|p1|Palafin, L50, M|
|poke|p1|Incineroar, L50, F|
|poke|p1|Gengar, L50, F|
|poke|p1|Sinistcha, L50|
|poke|p1|Politoed, L50, F|
|poke|p1|Sneasler, L50, M|
|poke|p2|Garchomp, L50, F|
|poke|p2|Venusaur, L50, F|
|poke|p2|Incineroar, L50, M|
|poke|p2|Charizard, L50, F|
|poke|p2|Toxapex, L50, M|
|poke|p2|Annihilape, L50, M|
|teampreview|4
|showteam|p1|Palafin||MysticWater|ZerotoHero|Protect,WaveCrash,JetPunch,IcePunch|Adamant||M|||50|]Incineroar||PasshoBerry|Intimidate|Protect,FakeOut,ThroatChop,PartingShot|Relaxed||F|||50|]Gengar||Gengarite|CursedBody|Protect,ShadowBall,Disable,PerishSong|Timid||F|||50|]Sinistcha||KasibBerry|Hospitality|Protect,MatchaGotcha,RagePowder,TrickRoom|Relaxed|||||50|]Politoed||SitrusBerry|Drizzle|Protect,WeatherBall,Encore,PerishSong|Calm||F|||50|]Sneasler||FocusSash|PoisonTouch|Protect,FakeOut,DireClaw,CloseCombat|Jolly||M|||50|
|showteam|p2|Garchomp||ChoiceScarf|RoughSkin|Earthquake,RockSlide,DragonClaw,StompingTantrum|Adamant||F|||50|]Venusaur||LifeOrb|Chlorophyll|SludgeBomb,SolarBeam,EarthPower,Protect|Modest||F|||50|]Incineroar||SitrusBerry|Intimidate|FakeOut,FlareBlitz,ThroatChop,PartingShot|Impish||M|||50|]Charizard||CharizarditeY|Blaze|HeatWave,WeatherBall,Protect,HelpingHand|Modest||F|||50|]Toxapex||Leftovers|Regenerator|Infestation,Toxic,WideGuard,BanefulBunker|Impish||M|||50|]Annihilape||FocusSash|Defiant|CloseCombat,PhantomForce,RockTomb,Protect|Jolly||M|||50|
|inactive|Battle timer is ON: inactive players will automatically lose when time's up. (requested by Gancelot)
|inactive|Gerald Hoppy has 60 seconds left.
|inactive|Gancelot has 60 seconds left.
|inactive|Gerald Hoppy has 30 seconds left.
|
|t:|1784154890
|teamsize|p1|4
|teamsize|p2|4
|start
|switch|p1a: Gengar|Gengar, L50, F|100/100
|switch|p1b: Sneasler|Sneasler, L50, M|100/100
|switch|p2a: Garchomp|Garchomp, L50, F|100/100
|switch|p2b: Annihilape|Annihilape, L50, M|100/100
|turn|1
|inactive|Gancelot has 30 seconds left.
|inactive|Gancelot has 20 seconds left.
|
|t:|1784154927
|switch|p2a: Incineroar|Incineroar, L50, M|100/100
|-ability|p2a: Incineroar|Intimidate|boost
|-unboost|p1a: Gengar|atk|1
|-unboost|p1b: Sneasler|atk|1
|detailschange|p1a: Gengar|Gengar-Mega, L50, F
|-mega|p1a: Gengar|Gengar|Gengarite
|move|p1b: Sneasler|Fake Out|p2a: Incineroar
|-damage|p2a: Incineroar|93/100
|move|p1a: Gengar|Shadow Ball|p2b: Annihilape
|-supereffective|p2b: Annihilape|1
|-damage|p2b: Annihilape|5/100
|move|p2b: Annihilape|Rock Tomb|p1a: Gengar
|-damage|p1a: Gengar|80/100
|-unboost|p1a: Gengar|spe|1
|
|upkeep
|turn|2
|inactive|Gerald Hoppy has 30 seconds left.
|inactive|Gancelot has 30 seconds left.
|
|t:|1784154960
|move|p1b: Sneasler|Protect|p1b: Sneasler
|-singleturn|p1b: Sneasler|Protect
|move|p2b: Annihilape|Protect|p2b: Annihilape
|-singleturn|p2b: Annihilape|Protect
|move|p1a: Gengar|Protect|p1a: Gengar
|-singleturn|p1a: Gengar|Protect
|move|p2a: Incineroar|Parting Shot|p1b: Sneasler
|-activate|p1b: Sneasler|move: Protect
|
|upkeep
|turn|3
|
|t:|1784154981
|switch|p2b: Garchomp|Garchomp, L50, F|100/100
|switch|p1a: Incineroar|Incineroar, L50, F|100/100
|-ability|p1a: Incineroar|Intimidate|boost
|-unboost|p2a: Incineroar|atk|1
|-unboost|p2b: Garchomp|atk|1
|move|p1b: Sneasler|Dire Claw|p2b: Garchomp
|-resisted|p2b: Garchomp|1
|-damage|p2b: Garchomp|87/100
|-damage|p1b: Sneasler|87/100|[from] ability: Rough Skin|[of] p2b: Garchomp
|-status|p2b: Garchomp|psn|[from] ability: Poison Touch|[of] p1b: Sneasler
|move|p2a: Incineroar|Parting Shot|p1a: Incineroar
|-unboost|p1a: Incineroar|atk|1
|-unboost|p1a: Incineroar|spa|1
|
|t:|1784154999
|switch|p2a: Charizard|Charizard, L50, F|100/100|[from] Parting Shot
|
|-damage|p2b: Garchomp|75/100 psn|[from] psn
|upkeep
|turn|4
|inactive|Gerald Hoppy has 30 seconds left.
|inactive|Gerald Hoppy has 20 seconds left.
|inactive|Gerald Hoppy has 15 seconds left.
|inactive|Gerald Hoppy has 10 seconds left.
|
|t:|1784155047
|switch|p2b: Incineroar|Incineroar, L50, M|93/100
|-ability|p2b: Incineroar|Intimidate|boost
|-unboost|p1a: Incineroar|atk|1
|-unboost|p1b: Sneasler|atk|1
|detailschange|p2a: Charizard|Charizard-Mega-Y, L50, F
|-mega|p2a: Charizard|Charizard|Charizardite Y
|-weather|SunnyDay|[from] ability: Drought|[of] p2a: Charizard
|move|p1b: Sneasler|Protect|p1b: Sneasler
|-singleturn|p1b: Sneasler|Protect
|move|p2a: Charizard|Heat Wave|p1a: Incineroar|[spread] p1a
|-activate|p1b: Sneasler|move: Protect
|-resisted|p1a: Incineroar|1
|-crit|p1a: Incineroar
|-damage|p1a: Incineroar|62/100
|move|p1a: Incineroar|Parting Shot|p2b: Incineroar
|-unboost|p2b: Incineroar|atk|1
|-unboost|p2b: Incineroar|spa|1
|
|t:|1784155058
|switch|p1a: Politoed|Politoed, L50, F|100/100|[from] Parting Shot
|-weather|RainDance|[from] ability: Drizzle|[of] p1a: Politoed
|
|-weather|RainDance|[upkeep]
|upkeep
|turn|5
|
|t:|1784155076
|move|p2b: Incineroar|Fake Out|p1a: Politoed
|-damage|p1a: Politoed|93/100
|move|p1b: Sneasler|Close Combat|p2b: Incineroar
|-supereffective|p2b: Incineroar|1
|-damage|p2b: Incineroar|50/100g
|-unboost|p1b: Sneasler|def|1
|-unboost|p1b: Sneasler|spd|1
|-status|p2b: Incineroar|psn|[from] ability: Poison Touch|[of] p1b: Sneasler
|move|p2a: Charizard|Weather Ball|p1b: Sneasler
|-damage|p1b: Sneasler|0 fnt
|faint|p1b: Sneasler
|cant|p1a: Politoed|flinch
|
|-weather|RainDance|[upkeep]
|-damage|p2b: Incineroar|38/100 psn|[from] psn
|upkeep
|-enditem|p2b: Incineroar|Sitrus Berry|[eat]
|-heal|p2b: Incineroar|62/100 psn|[from] item: Sitrus Berry
|
|t:|1784155086
|switch|p1b: Gengar|Gengar-Mega, L50, F|80/100
|turn|6
|
|t:|1784155109
|move|p1b: Gengar|Disable|p2a: Charizard
|-start|p2a: Charizard|Disable|Weather Ball
|cant|p2a: Charizard|Disable|Weather Ball
|move|p1a: Politoed|Weather Ball|p2b: Incineroar
|-supereffective|p2b: Incineroar|1
|-damage|p2b: Incineroar|0 fnt
|faint|p2b: Incineroar
|
|-weather|RainDance|[upkeep]
|upkeep
|
|t:|1784155115
|switch|p2b: Garchomp|Garchomp, L50, F|75/100 psn
|turn|7
|
|t:|1784155136
|switch|p1a: Incineroar|Incineroar, L50, F|62/100
|-ability|p1a: Incineroar|Intimidate|boost
|-unboost|p2a: Charizard|atk|1
|-unboost|p2b: Garchomp|atk|1
|move|p2a: Charizard|Helping Hand|p2b: Garchomp
|-singleturn|p2b: Garchomp|Helping Hand|[of] p2a: Charizard
|move|p2b: Garchomp|Earthquake|p1b: Gengar|[spread] p1a,p1b
|-immune|p2a: Charizard
|-supereffective|p1a: Incineroar|1
|-supereffective|p1b: Gengar|1
|-damage|p1a: Incineroar|7/100
|-damage|p1b: Gengar|0 fnt
|faint|p1b: Gengar
|
|-weather|RainDance|[upkeep]
|-damage|p2b: Garchomp|63/100 psn|[from] psn
|upkeep
|
|t:|1784155146
|switch|p1b: Politoed|Politoed, L50, F|93/100
|turn|8
|inactive|Gancelot has 30 seconds left.
|inactive|Gancelot has 20 seconds left.
|
|t:|1784155183
|move|p1a: Incineroar|Fake Out|p2b: Garchomp
|-damage|p2b: Garchomp|53/100 psn
|-damage|p1a: Incineroar|0 fnt|[from] ability: Rough Skin|[of] p2b: Garchomp
|faint|p1a: Incineroar
|cant|p2b: Garchomp|flinch
|move|p2a: Charizard|Heat Wave|p1b: Politoed
|-resisted|p1b: Politoed|1
|-damage|p1b: Politoed|84/100
|move|p1b: Politoed|Weather Ball|p2b: Garchomp
|-damage|p2b: Garchomp|3/100 psn
|
|-weather|none
|-damage|p2b: Garchomp|0 fnt|[from] psn
|faint|p2b: Garchomp
|upkeep
|
|t:|1784155186
|switch|p2b: Annihilape|Annihilape, L50, M|5/100
|turn|9
|
|t:|1784155207
|move|p2a: Charizard|Helping Hand|p2b: Annihilape
|-singleturn|p2b: Annihilape|Helping Hand|[of] p2a: Charizard
|move|p2b: Annihilape|Close Combat|p1b: Politoed
|-damage|p1b: Politoed|7/100
|-unboost|p2b: Annihilape|def|1
|-unboost|p2b: Annihilape|spd|1
|-enditem|p1b: Politoed|Sitrus Berry|[eat]
|-heal|p1b: Politoed|32/100|[from] item: Sitrus Berry
|move|p1b: Politoed|Perish Song|p1b: Politoed
|-start|p1b: Politoed|perish3|[silent]
|-start|p2a: Charizard|perish3|[silent]
|-start|p2b: Annihilape|perish3|[silent]
|-fieldactivate|move: Perish Song
|
|-end|p2a: Charizard|Disable
|-start|p2b: Annihilape|perish3
|-start|p2a: Charizard|perish3
|-start|p1b: Politoed|perish3
|upkeep
|turn|10
|
|t:|1784155216
|move|p2a: Charizard|Helping Hand|p2b: Annihilape
|-singleturn|p2b: Annihilape|Helping Hand|[of] p2a: Charizard
|move|p1b: Politoed|Protect|p1b: Politoed
|-singleturn|p1b: Politoed|Protect
|move|p2b: Annihilape|Close Combat|p1b: Politoed
|-activate|p1b: Politoed|move: Protect
|
|-start|p2b: Annihilape|perish2
|-start|p2a: Charizard|perish2
|-start|p1b: Politoed|perish2
|upkeep
|turn|11
|
|t:|1784155223
|move|p2a: Charizard|Helping Hand|p2b: Annihilape
|-singleturn|p2b: Annihilape|Helping Hand|[of] p2a: Charizard
|move|p1b: Politoed|Protect||[still]
|-fail|p1b: Politoed
|move|p2b: Annihilape|Close Combat|p1b: Politoed
|-damage|p1b: Politoed|0 fnt
|-unboost|p2b: Annihilape|def|1
|-unboost|p2b: Annihilape|spd|1
|faint|p1b: Politoed
|
|win|Gancelot
||Gancelot is ready for game 2.
||Gerald Hoppy is ready for game 2.
|uhtml|next|Next: Game 2 of 3
