|j|☆coastline2687
|j|☆iliasdelm
|html|coastline2687iliasdelm    
|uhtml|bestof|Game 2 of a best-of-3
|t:|1756320468
|gametype|doubles
|player|p1|coastline2687|iris-gen5bw2|1048
|player|p2|iliasdelm|gambler|1140
|gen|9
|tier|[Gen 9] VGC 2025 Reg H (Bo3)
|rated|
|rule|Species Clause: Limit one of each Pokémon
|rule|Item Clause: Limit 1 of each item
|clearpoke
|poke|p1|Greninja-*, L50, M|
|poke|p1|Gholdengo, L50|
|poke|p1|Incineroar, L50, M|
|poke|p1|Amoonguss, L50, M|
|poke|p1|Politoed, L50, M|
|poke|p1|Archaludon, L50, F|
|poke|p2|Primarina, L50, F|
|poke|p2|Incineroar, L50, M|
|poke|p2|Gholdengo, L50|
|poke|p2|Ursaluna, L50, F|
|poke|p2|Amoonguss, L50, M|
|poke|p2|Porygon2, L50|
|teampreview|4
|showteam|p1|Greninja||FocusSash|Torrent|DarkPulse,HydroPump,Protect,Taunt|||M|||50|,,,,,Ghost]Gholdengo||LifeOrb|GoodasGold|MakeItRain,ShadowBall,NastyPlot,Protect||||||50|,,,,,Flying]Incineroar||SafetyGoggles|Intimidate|FakeOut,KnockOff,FlareBlitz,PartingShot|||M|||50|,,,,,Ghost]Amoonguss||RockyHelmet|Regenerator|Protect,Spore,RagePowder,PollenPuff|||M|||50|,,,,,Water]Politoed||Leftovers|Drizzle|Protect,Encore,WeatherBall,HelpingHand|||M|||50|,,,,,Water]Archaludon||AssaultVest|Stamina|ElectroShot,DragonPulse,BodyPress,FlashCannon|||F|||50|,,,,,Grass
|showteam|p2|Primarina||ThroatSpray|LiquidVoice|HyperVoice,Moonblast,Haze,Protect|||F|||50|,,,,,Poison]Incineroar||AssaultVest|Intimidate|FlareBlitz,KnockOff,FakeOut,Uturn|||M|||50|,,,,,Grass]Gholdengo||LifeOrb|GoodasGold|MakeItRain,ShadowBall,NastyPlot,Protect||||||50|,,,,,Water]Ursaluna||FlameOrb|Guts|Facade,HeadlongRush,Protect,Substitute|||F|||50|,,,,,Ghost]Amoonguss||SitrusBerry|Regenerator|PollenPuff,Spore,RagePowder,GigaDrain|||M|||50|,,,,,Electric]Porygon2||Eviolite|Download|IceBeam,TeraBlast,Recover,TrickRoom||||||50|,,,,,Fighting
|inactive|Battle timer is ON: inactive players will automatically lose when time's up. (requested by coastline2687)
|
|t:|1756320489
|teamsize|p1|4
|teamsize|p2|4
|start
|switch|p1a: Garfield|Incineroar, L50, M|100/100
|switch|p1b: Trans Rights|Amoonguss, L50, M|100/100
|switch|p2a: Primarina|Primarina, L50, F|100/100
|switch|p2b: Porygon2|Porygon2, L50|100/100
|-ability|p1a: Garfield|Intimidate|boost
|-unboost|p2a: Primarina|atk|1
|-unboost|p2b: Porygon2|atk|1
|-ability|p2b: Porygon2|Download|boost
|-boost|p2b: Porygon2|spa|1
|turn|1
|
|t:|1756320510
|switch|p2a: Amoonguss|Amoonguss, L50, M|100/100
|move|p1a: Garfield|Fake Out|p2b: Porygon2
|-damage|p2b: Porygon2|94/100
|cant|p2b: Porygon2|flinch
|move|p1b: Trans Rights|Spore|p2a: Amoonguss
|-immune|p2a: Amoonguss
|
|upkeep
|turn|2
|inactive|coastline2687 has 30 seconds left.
|inactive|coastline2687 has 20 seconds left.
|
|t:|1756320546
|switch|p2a: Primarina|Primarina, L50, F|100/100
|move|p1a: Garfield|Flare Blitz|p2a: Primarina
|-resisted|p2a: Primarina
|-damage|p2a: Primarina|76/100
|-damage|p1a: Garfield|93/100|[from] Recoil
|move|p2b: Porygon2|Ice Beam|p1b: Trans Rights
|-supereffective|p1b: Trans Rights
|-damage|p1b: Trans Rights|37/100
|move|p1b: Trans Rights|Spore|p2b: Porygon2
|-status|p2b: Porygon2|slp|[from] move: Spore
|
|upkeep
|turn|3
|inactive|coastline2687 has 30 seconds left.
|inactive|iliasdelm has 30 seconds left.
|
|t:|1756320576
|switch|p2b: Ursaluna|Ursaluna, L50, F|100/100
|switch|p1b: Cheesebslls|Greninja, L50, M|100/100
|move|p2a: Primarina|Protect|p2a: Primarina
|-singleturn|p2a: Primarina|Protect
|move|p1a: Garfield|Knock Off|p2a: Primarina
|-activate|p2a: Primarina|move: Protect
|
|-status|p2b: Ursaluna|brn|[from] item: Flame Orb
|upkeep
|turn|4
|inactive|coastline2687 has 30 seconds left.
|
|t:|1756320601
|switch|p2a: Amoonguss|Amoonguss, L50, M|100/100
|switch|p1a: Trans Rights|Amoonguss, L50, M|70/100
|move|p2b: Ursaluna|Protect|p2b: Ursaluna
|-singleturn|p2b: Ursaluna|Protect
|move|p1b: Cheesebslls|Hydro Pump|p2b: Ursaluna
|-activate|p2b: Ursaluna|move: Protect
|
|-damage|p2b: Ursaluna|95/100 brn|[from] brn
|upkeep
|turn|5
|inactive|coastline2687 has 30 seconds left.
|inactive|coastline2687 has 20 seconds left.
|inactive|coastline2687 has 15 seconds left.
|
|t:|1756320643
|-terastallize|p2b: Ursaluna|Ghost
|move|p1a: Trans Rights|Rage Powder|p1a: Trans Rights
|-singleturn|p1a: Trans Rights|move: Rage Powder
|move|p1b: Cheesebslls|Taunt|p2a: Amoonguss
|-start|p2a: Amoonguss|move: Taunt
|move|p2b: Ursaluna|Facade|p1a: Trans Rights
|-damage|p1a: Trans Rights|0 fnt
|-damage|p2b: Ursaluna|78/100 brn|[from] item: Rocky Helmet|[of] p1a: Trans Rights
|faint|p1a: Trans Rights
|cant|p2a: Amoonguss|move: Taunt|Spore
|
|-damage|p2b: Ursaluna|72/100 brn|[from] brn
|upkeep
|
|t:|1756320653
|switch|p1a: Elon Musk|Gholdengo, L50|100/100
|turn|6
|
|t:|1756320674
|switch|p2b: Porygon2|Porygon2, L50|94/100 slp
|-ability|p2b: Porygon2|Download|boost
|-boost|p2b: Porygon2|atk|1
|-terastallize|p1a: Elon Musk|Flying
|move|p1b: Cheesebslls|Dark Pulse|p2b: Porygon2
|-damage|p2b: Porygon2|73/100 slp
|move|p1a: Elon Musk|Nasty Plot|p1a: Elon Musk
|-boost|p1a: Elon Musk|spa|2
|move|p2a: Amoonguss|Giga Drain|p1b: Cheesebslls
|-supereffective|p1b: Cheesebslls
|-damage|p1b: Cheesebslls|30/100
|
|upkeep
|turn|7
|
|t:|1756320696
|move|p1b: Cheesebslls|Protect|p1b: Cheesebslls
|-singleturn|p1b: Cheesebslls|Protect
|move|p1a: Elon Musk|Make It Rain|p2a: Amoonguss|[spread] p2a,p2b
|-damage|p2a: Amoonguss|0 fnt
|-damage|p2b: Porygon2|2/100 slp
|-unboost|p1a: Elon Musk|spa|1
|faint|p2a: Amoonguss
|-damage|p1a: Elon Musk|91/100|[from] item: Life Orb
|cant|p2b: Porygon2|slp
|
|upkeep
|
|t:|1756320699
|switch|p2a: Primarina|Primarina, L50, F|76/100
|turn|8
|
|t:|1756320715
|switch|p1b: Garfield|Incineroar, L50, M|93/100
|-ability|p1b: Garfield|Intimidate|boost
|-unboost|p2a: Primarina|atk|1
|-unboost|p2b: Porygon2|atk|1
|move|p2a: Primarina|Protect|p2a: Primarina
|-singleturn|p2a: Primarina|Protect
|move|p1a: Elon Musk|Make It Rain|p2a: Primarina|[spread] p2b
|-activate|p2a: Primarina|move: Protect
|-damage|p2b: Porygon2|0 fnt
|-unboost|p1a: Elon Musk|spa|1
|faint|p2b: Porygon2
|-damage|p1a: Elon Musk|81/100|[from] item: Life Orb
|
|upkeep
|
|t:|1756320723
|switch|p2b: Ursaluna|Ursaluna, L50, F, tera:Ghost|72/100 brn
|turn|9
|
|t:|1756320741
|move|p2b: Ursaluna|Protect|p2b: Ursaluna
|-singleturn|p2b: Ursaluna|Protect
|move|p1b: Garfield|Fake Out|p2a: Primarina
|-damage|p2a: Primarina|63/100
|move|p1a: Elon Musk|Shadow Ball|p2b: Ursaluna
|-activate|p2b: Ursaluna|move: Protect
|cant|p2a: Primarina|flinch
|
|-damage|p2b: Ursaluna|66/100 brn|[from] brn
|upkeep
|turn|10
|inactive|coastline2687 has 30 seconds left.
|
|t:|1756320773
|move|p1a: Elon Musk|Shadow Ball|p2b: Ursaluna
|-supereffective|p2b: Ursaluna
|-damage|p2b: Ursaluna|0 fnt
|faint|p2b: Ursaluna
|-damage|p1a: Elon Musk|72/100|[from] item: Life Orb
|move|p2a: Primarina|Hyper Voice|p1b: Garfield|[spread] p1a,p1b
|-supereffective|p1b: Garfield
|-crit|p1b: Garfield
|-damage|p1a: Elon Musk|34/100
|-damage|p1b: Garfield|0 fnt
|faint|p1b: Garfield
|-enditem|p2a: Primarina|Throat Spray
|-boost|p2a: Primarina|spa|1|[from] item: Throat Spray
|
|upkeep
|
|t:|1756320780
|switch|p1b: Cheesebslls|Greninja, L50, M|30/100
|turn|11
|
|t:|1756320789
|move|p2a: Primarina|Protect|p2a: Primarina
|-singleturn|p2a: Primarina|Protect
|move|p1b: Cheesebslls|Hydro Pump|p2a: Primarina
|-activate|p2a: Primarina|move: Protect
|move|p1a: Elon Musk|Make It Rain|p2a: Primarina
|-activate|p2a: Primarina|move: Protect
|
|upkeep
|turn|12
|
|t:|1756320793
|move|p1b: Cheesebslls|Hydro Pump|p2a: Primarina
|-resisted|p2a: Primarina
|-damage|p2a: Primarina|32/100
|move|p1a: Elon Musk|Make It Rain|p2a: Primarina
|-damage|p2a: Primarina|0 fnt
|-unboost|p1a: Elon Musk|spa|1
|faint|p2a: Primarina
|-damage|p1a: Elon Musk|24/100|[from] item: Life Orb
|
|win|coastline2687
||coastline2687 is ready for game 3.
|inactive|iliasdelm has 30 seconds to confirm battle start!
||iliasdelm is ready for game 3.
|uhtml|next|Next: Game 3 of 3
