|j|☆Naya314
|j|☆teyvgc
|html|Naya314teyvgc    
|uhtml|bestof|Game 2 of a best-of-3
|t:|1783206198
|gametype|doubles
|player|p1|Naya314|candice|1286
|player|p2|teyvgc|1|1315
|gen|9
|tier|[Gen 9 Champions] VGC 2026 Reg M-B (Bo3)
|rated|
|rule|Species Clause: Limit one of each Pokémon
|rule|Item Clause: Limit 1 of each item
|clearpoke
|poke|p1|Scizor, L50, F|
|poke|p1|Charizard, L50, F|
|poke|p1|Garchomp, L50, F|
|poke|p1|Basculegion, L50, M|
|poke|p1|Whimsicott, L50, F|
|poke|p1|Floette-Eternal, L50, F|
|poke|p2|Excadrill, L50, F|
|poke|p2|Tyranitar, L50, M|
|poke|p2|Staraptor, L50, M|
|poke|p2|Sinistcha, L50|
|poke|p2|Milotic, L50, F|
|poke|p2|Gholdengo, L50|
|teampreview|4
|showteam|p1|Scizor||ExpertBelt|Technician|BugBite,BulletPunch,CloseCombat,Protect|Adamant||F|||50|]Charizard||CharizarditeY|Blaze|HeatWave,SolarBeam,WeatherBall,Protect|Modest||F|||50|]Garchomp||LifeOrb|RoughSkin|Earthquake,DragonClaw,RockSlide,Protect|Jolly||F|||50|]Basculegion||ChoiceScarf|Adaptability|LastRespects,WaveCrash,AquaJet,FlipTurn|Adamant||M|||50|]Whimsicott||FocusSash|Prankster|Moonblast,Tailwind,Encore,Protect|Timid||F|||50|]Floette-Eternal||Floettite|FlowerVeil|DazzlingGleam,EnergyBall,Moonblast,Protect|Modest||F|||50|
|showteam|p2|Excadrill||FocusSash|SandRush|HighHorsepower,IronHead,RockSlide,Protect|Adamant||F|||50|]Tyranitar||Tyranitarite|SandStream|RockSlide,KnockOff,DragonDance,Protect|Adamant||M|||50|]Staraptor||Staraptite|Intimidate|BraveBird,CloseCombat,Tailwind,Protect|Jolly||M|||50|]Sinistcha||SitrusBerry|Hospitality|MatchaGotcha,RagePowder,LifeDew,TrickRoom|Calm|||||50|]Milotic||Leftovers|Competitive|Scald,IceBeam,Recover,Protect|Modest||F|||50|]Gholdengo||LifeOrb|GoodasGold|MakeItRain,ShadowBall,NastyPlot,Protect|Modest|||||50|
|inactive|Battle timer is ON: inactive players will automatically lose when time's up. (requested by Naya314)
|inactive|teyvgc has 60 seconds left.
|inactive|teyvgc has 30 seconds left.
|
|t:|1783206264
|teamsize|p1|4
|teamsize|p2|4
|start
|switch|p1a: Whimsicott|Whimsicott, L50, F|100/100
|switch|p1b: Garchomp|Garchomp, L50, F|100/100
|switch|p2a: Tyranitar|Tyranitar, L50, M|100/100
|switch|p2b: Milotic|Milotic, L50, F|100/100
|-weather|Sandstorm|[from] ability: Sand Stream|[of] p2a: Tyranitar
|turn|1
|inactive|teyvgc has 30 seconds left.
|
|t:|1783206294
|detailschange|p2a: Tyranitar|Tyranitar-Mega, L50, M
|-mega|p2a: Tyranitar|Tyranitar|Tyranitarite
|move|p1b: Garchomp|Protect|p1b: Garchomp
|-singleturn|p1b: Garchomp|Protect
|move|p1a: Whimsicott|Moonblast|p2a: Tyranitar
|-supereffective|p2a: Tyranitar|1
|-damage|p2a: Tyranitar|61/100
|move|p2a: Tyranitar|Dragon Dance|p2a: Tyranitar
|-boost|p2a: Tyranitar|atk|1
|-boost|p2a: Tyranitar|spe|1
|move|p2b: Milotic|Ice Beam|p1b: Garchomp
|-activate|p1b: Garchomp|move: Protect
|
|-weather|Sandstorm|[upkeep]
|-damage|p1a: Whimsicott|94/100|[from] Sandstorm
|-damage|p2b: Milotic|94/100|[from] Sandstorm
|-heal|p2b: Milotic|100/100|[from] item: Leftovers
|upkeep
|turn|2
|
|t:|1783206311
|move|p2a: Tyranitar|Protect|p2a: Tyranitar
|-singleturn|p2a: Tyranitar|Protect
|move|p1a: Whimsicott|Tailwind|p1a: Whimsicott
|-sidestart|p1: Naya314|move: Tailwind
|move|p1b: Garchomp|Earthquake|p2a: Tyranitar|[spread] p1a,p2b
|-activate|p2a: Tyranitar|move: Protect
|-resisted|p1a: Whimsicott|1
|-damage|p1a: Whimsicott|56/100
|-damage|p2b: Milotic|50/100y
|-damage|p1b: Garchomp|90/100|[from] item: Life Orb
|move|p2b: Milotic|Ice Beam|p1b: Garchomp
|-supereffective|p1b: Garchomp|2
|-damage|p1b: Garchomp|0 fnt
|faint|p1b: Garchomp
|
|-weather|Sandstorm|[upkeep]
|-damage|p1a: Whimsicott|51/100|[from] Sandstorm
|-damage|p2b: Milotic|44/100|[from] Sandstorm
|-heal|p2b: Milotic|50/100y|[from] item: Leftovers
|upkeep
|inactive|Naya314 has 30 seconds left.
|
|t:|1783206340
|switch|p1b: Basculegion|Basculegion, L50, M|100/100
|turn|3
|
|t:|1783206358
|switch|p2b: Sinistcha|Sinistcha, L50|100/100
|-heal|p2a: Tyranitar|86/100|[from] ability: Hospitality|[of] p2b: Sinistcha
|move|p2a: Tyranitar|Protect||[still]
|-fail|p2a: Tyranitar
|move|p1b: Basculegion|Flip Turn|p2a: Tyranitar
|-supereffective|p2a: Tyranitar|1
|-damage|p2a: Tyranitar|34/100
|
|t:|1783206366
|switch|p1b: Scizor|Scizor, L50, F|100/100|[from] Flip Turn
|move|p1a: Whimsicott|Moonblast|p2b: Sinistcha
|-damage|p2b: Sinistcha|67/100
|
|-weather|Sandstorm|[upkeep]
|-damage|p1a: Whimsicott|45/100|[from] Sandstorm
|-damage|p2b: Sinistcha|61/100|[from] Sandstorm
|upkeep
|turn|4
|
|t:|1783206382
|move|p2b: Sinistcha|Rage Powder|p2b: Sinistcha
|-singleturn|p2b: Sinistcha|move: Rage Powder
|move|p1a: Whimsicott|Moonblast|p2a: Tyranitar
|-supereffective|p2a: Tyranitar|1
|-damage|p2a: Tyranitar|0 fnt
|faint|p2a: Tyranitar
|move|p1b: Scizor|Bug Bite|p2b: Sinistcha
|-damage|p2b: Sinistcha|11/100
|-enditem|p2b: Sinistcha|Sitrus Berry|[from] stealeat|[move] Bug Bite|[of] p1b: Scizor
|
|-weather|Sandstorm|[upkeep]
|-damage|p1a: Whimsicott|39/100|[from] Sandstorm
|-damage|p2b: Sinistcha|5/100|[from] Sandstorm
|upkeep
|
|t:|1783206386
|switch|p2a: Excadrill|Excadrill, L50, F|100/100
|turn|5
|
|t:|1783206402
|switch|p2b: Milotic|Milotic, L50, F|50/100y
|move|p1a: Whimsicott|Protect|p1a: Whimsicott
|-singleturn|p1a: Whimsicott|Protect
|move|p1b: Scizor|Bullet Punch|p2b: Milotic
|-resisted|p2b: Milotic|1
|-damage|p2b: Milotic|35/100
|move|p2a: Excadrill|Rock Slide|p1a: Whimsicott|[spread] p1b
|-activate|p1a: Whimsicott|move: Protect
|-damage|p1b: Scizor|76/100
|
|-weather|none
|-heal|p2b: Milotic|41/100|[from] item: Leftovers
|-sideend|p1: Naya314|move: Tailwind
|upkeep
|turn|6
|inactive|Naya314 has 30 seconds left.
|
|t:|1783206432
|move|p1a: Whimsicott|Tailwind|p1a: Whimsicott
|-sidestart|p1: Naya314|move: Tailwind
|move|p1b: Scizor|Bullet Punch|p2a: Excadrill
|-resisted|p2a: Excadrill|1
|-damage|p2a: Excadrill|76/100
|move|p2a: Excadrill|High Horsepower|p1b: Scizor
|-damage|p1b: Scizor|21/100
|move|p2b: Milotic|Recover|p2b: Milotic
|-heal|p2b: Milotic|91/100
|
|-heal|p2b: Milotic|97/100|[from] item: Leftovers
|upkeep
|turn|7
|
|t:|1783206447
|move|p1a: Whimsicott|Encore|p2b: Milotic
|-start|p2b: Milotic|Encore
|move|p1b: Scizor|Close Combat|p2a: Excadrill
|-supereffective|p2a: Excadrill|1
|-damage|p2a: Excadrill|0 fnt
|-unboost|p1b: Scizor|def|1
|-unboost|p1b: Scizor|spd|1
|faint|p2a: Excadrill
|move|p2b: Milotic|Recover|p2b: Milotic
|-heal|p2b: Milotic|100/100
|
|upkeep
|
|t:|1783206452
|switch|p2a: Sinistcha|Sinistcha, L50|5/100
|turn|8
|-message|teyvgc forfeited.
|
|win|Naya314
|raw|Naya314's rating: 1286 → 1313(+27 for winning)
|raw|teyvgc's rating: 1315 → 1293(-22 for losing)
