|j|☆sogreenitslime
|j|☆azazel78/
|html|sogreenitslimeazazel78/    
|uhtml|bestof|Game 1 of a best-of-3
|t:|1783134963
|gametype|doubles
|player|p1|sogreenitslime|pokemaniac|1104
|player|p2|azazel78/|riley|1171
|gen|9
|tier|[Gen 9 Champions] VGC 2026 Reg M-B (Bo3)
|rated|
|rule|Species Clause: Limit one of each Pokémon
|rule|Item Clause: Limit 1 of each item
|clearpoke
|poke|p1|Aerodactyl, L50, M|
|poke|p1|Rotom-Wash, L50|
|poke|p1|Sceptile, L50, M|
|poke|p1|Kingambit, L50, M|
|poke|p1|Ninetales-Alola, L50, F|
|poke|p1|Incineroar, L50, M|
|poke|p2|Delphox, L50, M|
|poke|p2|Ninetales-Alola, L50, F|
|poke|p2|Mawile, L50, M|
|poke|p2|Sinistcha-Masterpiece, L50|
|poke|p2|Sneasler, L50, F|
|poke|p2|Mamoswine, L50, F|
|teampreview|4
|showteam|p1|Aerodactyl||Aerodactylite|Unnerve|Tailwind,RockSlide,DualWingbeat,Protect|Jolly||M|||50|]Rotom-Wash||ChoiceScarf|Levitate|VoltSwitch,Discharge,Electroweb,HydroPump|Timid|||||50|]Sceptile||Sceptilite|Overgrow|EnergyBall,EarthPower,DragonPulse,Protect|Timid||M|||50|]Kingambit||ChopleBerry|Defiant|KowtowCleave,SuckerPunch,IronHead,Protect|Adamant||M|||50|]Ninetales-Alola||NeverMeltIce|SnowWarning|Blizzard,AuroraVeil,Protect,Moonblast|Bold||F|||50|]Incineroar||SitrusBerry|Intimidate|WillOWisp,FlareBlitz,PartingShot,FakeOut|Careful||M|||50|
|showteam|p2|Delphox||Delphoxite|Blaze|HeatWave,Psyshock,NastyPlot,Protect|Timid||M|||50|]Ninetales-Alola||NeverMeltIce|SnowWarning|Blizzard,FreezeDry,Encore,Protect|Timid||F|||50|]Mawile||Mawilite|HyperCutter|BrickBreak,PlayRough,SuckerPunch,Protect|Adamant||M|||50|]Sinistcha-Masterpiece||CobaBerry|Hospitality|RagePowder,MatchaGotcha,TrickRoom,Protect|Bold|||||50|]Sneasler||WhiteHerb|Unburden|ThroatChop,FakeOut,CloseCombat,GunkShot|Adamant||F|||50|]Mamoswine||ChoiceScarf|Oblivious|IceShard,IcicleCrash,HighHorsepower,RockSlide|Jolly||F|||50|
|inactive|Battle timer is ON: inactive players will automatically lose when time's up. (requested by sogreenitslime)
|
|t:|1783135024
|teamsize|p1|4
|teamsize|p2|4
|start
|switch|p1a: Sceptile|Sceptile, L50, M|100/100
|switch|p1b: Rotom|Rotom-Wash, L50|100/100
|switch|p2a: Sneasler|Sneasler, L50, F|100/100
|switch|p2b: Mamoswine|Mamoswine, L50, F|100/100
|turn|1
|
|t:|1783135045
|move|p1a: Sceptile|Protect|p1a: Sceptile
|-singleturn|p1a: Sceptile|Protect
|move|p2a: Sneasler|Fake Out|p1b: Rotom
|-damage|p1b: Rotom|81/100
|cant|p1b: Rotom|flinch
|move|p2b: Mamoswine|Icicle Crash|p1a: Sceptile
|-activate|p1a: Sceptile|move: Protect
|
|upkeep
|turn|2
|
|t:|1783135066
|switch|p2a: Sinistcha|Sinistcha-Masterpiece, L50|100/100
|detailschange|p1a: Sceptile|Sceptile-Mega, L50, M
|-mega|p1a: Sceptile|Sceptile|Sceptilite
|move|p1b: Rotom|Discharge|p2b: Mamoswine|[spread] p2a
|-ability|p1a: Sceptile|Lightning Rod|boost
|-boost|p1a: Sceptile|spa|1
|-immune|p2b: Mamoswine
|-resisted|p2a: Sinistcha|1
|-damage|p2a: Sinistcha|87/100
|move|p2b: Mamoswine|Icicle Crash|p1a: Sceptile
|-supereffective|p1a: Sceptile|2
|-damage|p1a: Sceptile|0 fnt
|faint|p1a: Sceptile
|
|upkeep
|
|t:|1783135083
|switch|p1a: Incineroar|Incineroar, L50, M|100/100
|-ability|p1a: Incineroar|Intimidate|boost
|-unboost|p2a: Sinistcha|atk|1
|-fail|p2b: Mamoswine|unboost|Attack|[from] ability: Oblivious|[of] p2b: Mamoswine
|turn|3
|
|t:|1783135094
|switch|p2b: Sneasler|Sneasler, L50, F|100/100
|move|p2a: Sinistcha|Protect|p2a: Sinistcha
|-singleturn|p2a: Sinistcha|Protect
|move|p1b: Rotom|Discharge|p2b: Sneasler|[spread] p1a,p2b
|-activate|p2a: Sinistcha|move: Protect
|-damage|p1a: Incineroar|80/100
|-damage|p2b: Sneasler|64/100
|move|p1a: Incineroar|Flare Blitz|p2a: Sinistcha
|-activate|p2a: Sinistcha|move: Protect
|
|upkeep
|turn|4
|
|t:|1783135110
|switch|p1b: Kingambit|Kingambit, L50, M|100/100
|move|p2b: Sneasler|Close Combat|p1a: Incineroar
|-supereffective|p1a: Incineroar|1
|-damage|p1a: Incineroar|0 fnt
|-unboost|p2b: Sneasler|def|1
|-unboost|p2b: Sneasler|spd|1
|faint|p1a: Incineroar
|-enditem|p2b: Sneasler|White Herb
|-clearnegativeboost|p2b: Sneasler|[silent]
|move|p2a: Sinistcha|Matcha Gotcha|p1b: Kingambit
|-resisted|p1b: Kingambit|1
|-damage|p1b: Kingambit|79/100
|-heal|p2a: Sinistcha|97/100|[from] drain|[of] p1b: Kingambit
|-status|p1b: Kingambit|brn
|
|-damage|p1b: Kingambit|73/100 brn|[from] brn
|upkeep
|
|t:|1783135127
|switch|p1a: Rotom|Rotom-Wash, L50|81/100
|turn|5
|
|t:|1783135134
|move|p2b: Sneasler|Close Combat|p1b: Kingambit
|-supereffective|p1b: Kingambit|2
|-enditem|p1b: Kingambit|Chople Berry|[eat]
|-enditem|p1b: Kingambit|Chople Berry|[weaken]
|-damage|p1b: Kingambit|0 fnt
|-unboost|p2b: Sneasler|def|1
|-unboost|p2b: Sneasler|spd|1
|faint|p1b: Kingambit
|move|p1a: Rotom|Hydro Pump|p2b: Sneasler|[miss]
|-miss|p1a: Rotom|p2b: Sneasler
|move|p2a: Sinistcha|Matcha Gotcha|p1a: Rotom
|-supereffective|p1a: Rotom|1
|-damage|p1a: Rotom|0 fnt
|-heal|p2a: Sinistcha|100/100|[from] drain|[of] p1a: Rotom
|faint|p1a: Rotom
|
|win|azazel78/
|inactive|sogreenitslime has 30 seconds to confirm battle start!
|inactive|azazel78/ has 30 seconds to confirm battle start!
||sogreenitslime is ready for game 2.
||azazel78/ is ready for game 2.
|uhtml|next|Next: Game 2 of 3
|l|☆azazel78/
|player|p2|
