|j|☆4prongedutsenil
|j|☆AustinMcballs
|html|4prongedutsenilAustinMcballs    
|uhtml|bestof|Game 3 of a best-of-3
|t:|1786121996
|gametype|doubles
|player|p1|4prongedutsenil|dawn|
|player|p2|AustinMcballs|ortega|
|gen|9
|tier|[Gen 9 Champions] VGC 2026 Reg M-B (Bo3)
|rule|Species Clause: Limit one of each Pokémon
|rule|Item Clause: Limit 1 of each item
|clearpoke
|poke|p1|Whimsicott, L50, M|
|poke|p1|Charizard, L50, M|
|poke|p1|Garchomp, L50, F|
|poke|p1|Floette-Eternal, L50, F|
|poke|p1|Basculegion, L50, M|
|poke|p1|Kingambit, L50, M|
|poke|p2|Raichu, L50, F|
|poke|p2|Ninetales-Alola, L50, M|
|poke|p2|Kingambit, L50, F, shiny|
|poke|p2|Garchomp, L50, M|
|poke|p2|Sinistcha, L50|
|poke|p2|Aerodactyl, L50, M|
|teampreview|4
|showteam|p1|Whimsicott||FocusSash|Prankster|Moonblast,Tailwind,Encore,Protect|Timid||M|||50|]Charizard||CharizarditeY|Blaze|HeatWave,WeatherBall,SolarBeam,Protect|Modest||M|||50|]Garchomp||LifeOrb|RoughSkin|DragonClaw,StompingTantrum,RockSlide,Earthquake|Jolly||F|||50|]Floette-Eternal||Floettite|FlowerVeil|Moonblast,DazzlingGleam,LightofRuin,Protect|Timid||F|||50|]Basculegion||MysticWater|Adaptability|WaveCrash,AquaJet,LastRespects,Protect|Adamant||M|||50|]Kingambit||BlackGlasses|Defiant|SuckerPunch,KowtowCleave,IronHead,Protect|Adamant||M|||50|
|showteam|p2|Raichu||RaichuniteY|LightningRod|ZapCannon,FocusBlast,FakeOut,Protect|Timid||F|||50|]Ninetales-Alola||LifeOrb|SnowWarning|Moonblast,Blizzard,Encore,Protect|Timid||M|||50|]Kingambit||BlackGlasses|Defiant|KowtowCleave,SuckerPunch,IronHead,Protect|Adamant||F|||50|]Garchomp||SitrusBerry|RoughSkin|StompingTantrum,DragonClaw,SwordsDance,Protect|Adamant||M|||50|]Sinistcha||FocusSash|Hospitality|MatchaGotcha,ShadowBall,RagePowder,Protect|Modest|||||50|]Aerodactyl||Aerodactylite|Unnerve|RockSlide,DualWingbeat,Tailwind,Protect|Jolly||M|||50|
|inactive|Battle timer is ON: inactive players will automatically lose when time's up. (requested by AustinMcballs)
|c|☆AustinMcballs|i might have closed out endgame anyways it was close
|
|t:|1786122020
|teamsize|p1|4
|teamsize|p2|4
|start
|switch|p1a: Whimsicott|Whimsicott, L50, M|100/100
|switch|p1b: Floette|Floette-Eternal, L50, F|100/100
|switch|p2a: Garchomp|Garchomp, L50, M|100/100
|switch|p2b: Aerodactyl|Aerodactyl, L50, M|100/100
|-ability|p2b: Aerodactyl|Unnerve
|turn|1
|inactive|AustinMcballs has 30 seconds left.
|inactive|4prongedutsenil has 30 seconds left.
|
|t:|1786122050
|detailschange|p2b: Aerodactyl|Aerodactyl-Mega, L50, M
|-mega|p2b: Aerodactyl|Aerodactyl|Aerodactylite
|detailschange|p1b: Floette|Floette-Mega, L50, F
|-mega|p1b: Floette|Floette|Floettite
|-ability|p1b: Floette|Fairy Aura
|move|p1a: Whimsicott|Tailwind|p1a: Whimsicott
|-sidestart|p1: 4prongedutsenil|move: Tailwind
|move|p1b: Floette|Dazzling Gleam|p2b: Aerodactyl|[spread] p2a,p2b
|-supereffective|p2a: Garchomp|1
|-damage|p2a: Garchomp|12/100
|-damage|p2b: Aerodactyl|46/100
|-enditem|p2a: Garchomp|Sitrus Berry|[eat]
|-heal|p2a: Garchomp|37/100|[from] item: Sitrus Berry
|move|p2b: Aerodactyl|Dual Wingbeat|p1b: Floette
|-damage|p1b: Floette|59/100
|-damage|p1b: Floette|21/100
|-hitcount|p1b: Floette|2
|move|p2a: Garchomp|Stomping Tantrum|p1b: Floette
|-damage|p1b: Floette|0 fnt
|faint|p1b: Floette
|
|upkeep
|
|t:|1786122069
|switch|p1b: Garchomp|Garchomp, L50, F|100/100
|turn|2
|inactive|AustinMcballs has 30 seconds left.
|
|t:|1786122102
|switch|p2b: Sinistcha|Sinistcha, L50|100/100
|-heal|p2a: Garchomp|62/100|[from] ability: Hospitality|[of] p2b: Sinistcha
|move|p2a: Garchomp|Protect|p2a: Garchomp
|-singleturn|p2a: Garchomp|Protect
|move|p1a: Whimsicott|Moonblast|p2a: Garchomp
|-activate|p2a: Garchomp|move: Protect
|move|p1b: Garchomp|Dragon Claw|p2b: Sinistcha
|-damage|p2b: Sinistcha|51/100
|-damage|p1b: Garchomp|90/100|[from] item: Life Orb
|
|upkeep
|turn|3
|inactive|AustinMcballs has 30 seconds left.
|inactive|AustinMcballs has 20 seconds left.
|inactive|AustinMcballs has 15 seconds left.
|inactive|AustinMcballs has 10 seconds left.
|
|t:|1786122151
|switch|p2a: Ninetales|Ninetales-Alola, L50, M|100/100
|-weather|Snowscape|[from] ability: Snow Warning|[of] p2a: Ninetales
|move|p2b: Sinistcha|Rage Powder|p2b: Sinistcha
|-singleturn|p2b: Sinistcha|move: Rage Powder
|move|p1a: Whimsicott|Moonblast|p2b: Sinistcha
|-damage|p2b: Sinistcha|10/100
|move|p1b: Garchomp|Dragon Claw|p2b: Sinistcha
|-damage|p2b: Sinistcha|0 fnt
|faint|p2b: Sinistcha
|-damage|p1b: Garchomp|80/100|[from] item: Life Orb
|
|-weather|Snowscape|[upkeep]
|upkeep
|
|t:|1786122165
|switch|p2b: Aerodactyl|Aerodactyl-Mega, L50, M|46/100
|turn|4
|
|t:|1786122192
|move|p1a: Whimsicott|Moonblast|p2b: Aerodactyl
|-damage|p2b: Aerodactyl|7/100
|move|p1b: Garchomp|Rock Slide|p2a: Ninetales|[spread] p2a,p2b
|-supereffective|p2a: Ninetales|1
|-supereffective|p2b: Aerodactyl|1
|-damage|p2a: Ninetales|54/100
|-damage|p2b: Aerodactyl|0 fnt
|faint|p2b: Aerodactyl
|-damage|p1b: Garchomp|70/100|[from] item: Life Orb
|move|p2a: Ninetales|Blizzard|p1b: Garchomp|[spread] p1a,p1b
|-supereffective|p1a: Whimsicott|1
|-supereffective|p1b: Garchomp|2
|-enditem|p1a: Whimsicott|Focus Sash
|-damage|p1a: Whimsicott|1/100
|-damage|p1b: Garchomp|0 fnt
|faint|p1b: Garchomp
|-damage|p2a: Ninetales|44/100|[from] item: Life Orb
|
|-weather|Snowscape|[upkeep]
|-sideend|p1: 4prongedutsenil|move: Tailwind
|upkeep
|
|t:|1786122202
|switch|p2b: Garchomp|Garchomp, L50, M|62/100
|switch|p1b: Kingambit|Kingambit, L50, M|100/100
|turn|5
|inactive|AustinMcballs has 30 seconds left.
|
|t:|1786122238
|move|p2b: Garchomp|Protect|p2b: Garchomp
|-singleturn|p2b: Garchomp|Protect
|move|p1a: Whimsicott|Moonblast|p2b: Garchomp
|-activate|p2b: Garchomp|move: Protect
|move|p2a: Ninetales|Blizzard|p1b: Kingambit|[spread] p1a,p1b
|-supereffective|p1a: Whimsicott|1
|-resisted|p1b: Kingambit|1
|-damage|p1a: Whimsicott|0 fnt
|-damage|p1b: Kingambit|79/100
|-status|p1b: Kingambit|frz
|faint|p1a: Whimsicott
|-damage|p2a: Ninetales|35/100|[from] item: Life Orb
|cant|p1b: Kingambit|frz
|
|-weather|Snowscape|[upkeep]
|upkeep
|turn|6
|c|☆AustinMcballs|Yikes
|c|☆AustinMcballs|did it matter idrk
|
|t:|1786122261
|-curestatus|p1b: Kingambit|frz|[msg]
|move|p1b: Kingambit|Sucker Punch|p2b: Garchomp
|-crit|p2b: Garchomp
|-damage|p2b: Garchomp|3/100
|-damage|p1b: Kingambit|67/100|[from] ability: Rough Skin|[of] p2b: Garchomp
|move|p2a: Ninetales|Moonblast|p1b: Kingambit
|-damage|p1b: Kingambit|21/100
|-damage|p2a: Ninetales|26/100|[from] item: Life Orb
|move|p2b: Garchomp|Stomping Tantrum|p1b: Kingambit
|-supereffective|p1b: Kingambit|1
|-damage|p1b: Kingambit|0 fnt
|faint|p1b: Kingambit
|
|win|AustinMcballs
|c|☆AustinMcballs|ggwp
|c|☆AustinMcballs|what move did you click on freeze
