|j|☆LegionVGC
|j|☆Como Se Dice Ben
|html|LegionVGCComo Se Dice Ben    
|uhtml|bestof|Game 2 of a best-of-3
|t:|1757714114
|gametype|doubles
|player|p1|LegionVGC|265|1245
|player|p2|Como Se Dice Ben|benga|1327
|gen|9
|tier|[Gen 9] VGC 2025 Reg H (Bo3)
|rated|
|rule|Species Clause: Limit one of each Pokémon
|rule|Item Clause: Limit 1 of each item
|clearpoke
|poke|p1|Jumpluff, L50, F|
|poke|p1|Charizard, L50, M|
|poke|p1|Incineroar, L50, M|
|poke|p1|Ursaluna, L50, M|
|poke|p1|Porygon2, L50|
|poke|p1|Torkoal, L50, M|
|poke|p2|Baxcalibur, L50, M|
|poke|p2|Weezing-Galar, L50, F|
|poke|p2|Corviknight, L50, M|
|poke|p2|Typhlosion-Hisui, L50, M|
|poke|p2|Toedscruel, L50, F|
|poke|p2|Annihilape, L50, F|
|teampreview|4
|showteam|p1|Jumpluff||CovertCloak|Chlorophyll|RagePowder,SleepPowder,SunnyDay,Tailwind|||F|||50|,,,,,Water]Charizard||ChoiceSpecs|SolarPower|HeatWave,Overheat,WeatherBall,AirSlash|||M|||50|,,,,,Ghost]Incineroar||SitrusBerry|Intimidate|FlareBlitz,KnockOff,FakeOut,PartingShot|||M|||50|,,,,,Ghost]Ursaluna||FlameOrb|Guts|HeadlongRush,Facade,Earthquake,Protect|||M|||50|,,,,,Ghost]Porygon2||Eviolite|Download|TeraBlast,IceBeam,Recover,TrickRoom||||||50|,,,,,Fighting]Torkoal||EjectPack|Drought|Eruption,Overheat,HelpingHand,Protect|||M|||50|,,,,,Fire
|showteam|p2|Baxcalibur||LifeOrb|ThermalExchange|GlaiveRush,IcicleCrash,IceShard,Protect|||M|||50|,,,,,Water]Weezing-Galar||ChoiceSpecs|NeutralizingGas|DazzlingGleam,SludgeBomb,StrangeSteam,Flamethrower|||F|||50|,,,,,Fire]Corviknight||SitrusBerry|MirrorArmor|BraveBird,Tailwind,Roost,Protect|||M|||50|,,,,,Dragon]Typhlosion-Hisui||ChoiceScarf|Blaze|Eruption,HeatWave,SleepTalk,ShadowBall|||M|||50|,,,,,Fire]Toedscruel||CovertCloak|MyceliumMight|Spore,AcidSpray,EarthPower,BulletSeed|||F|||50|,,,,,Poison]Annihilape||SafetyGoggles|Defiant|RageFist,CloseCombat,Coaching,Protect|||F|||50|,,,,,Stellar
|inactive|Battle timer is ON: inactive players will automatically lose when time's up. (requested by LegionVGC)
|inactive|Como Se Dice Ben has 60 seconds left.
|
|t:|1757714152
|teamsize|p1|4
|teamsize|p2|4
|start
|switch|p1a: Blueberry|Jumpluff, L50, F|100/100
|switch|p1b: Starbreaker|Porygon2, L50|100/100
|switch|p2a: SDIYBT|Baxcalibur, L50, M, shiny|100/100
|switch|p2b: Wagwan|Typhlosion-Hisui, L50, M, shiny|100/100
|-ability|p1b: Starbreaker|Download|boost
|-boost|p1b: Starbreaker|atk|1
|turn|1
|inactive|Como Se Dice Ben has 30 seconds left.
|inactive|Como Se Dice Ben has 20 seconds left.
|inactive|Como Se Dice Ben has 15 seconds left.
|inactive|Como Se Dice Ben has 10 seconds left.
|
|t:|1757714200
|-terastallize|p2b: Wagwan|Fire
|-terastallize|p1a: Blueberry|Water
|move|p2b: Wagwan|Eruption|p1a: Blueberry|[spread] p1a,p1b
|-resisted|p1a: Blueberry
|-damage|p1a: Blueberry|57/100
|-damage|p1b: Starbreaker|46/100
|move|p1a: Blueberry|Tailwind|p1a: Blueberry
|-sidestart|p1: LegionVGC|move: Tailwind
|move|p1b: Starbreaker|Tera Blast|p2a: SDIYBT
|-damage|p2a: SDIYBT|62/100
|move|p2a: SDIYBT|Glaive Rush|p1b: Starbreaker
|-damage|p1b: Starbreaker|0 fnt
|-singlemove|p2a: SDIYBT|Glaive Rush|[silent]
|faint|p1b: Starbreaker
|-damage|p2a: SDIYBT|52/100|[from] item: Life Orb
|
|upkeep
|
|t:|1757714215
|switch|p1b: Raven|Charizard, L50, M, shiny|100/100
|turn|2
|inactive|Como Se Dice Ben has 30 seconds left.
|
|t:|1757714244
|move|p2a: SDIYBT|Ice Shard|p1b: Raven
|-damage|p1b: Raven|57/100
|-damage|p2a: SDIYBT|42/100|[from] item: Life Orb
|move|p1a: Blueberry|Sleep Powder|p2b: Wagwan
|-status|p2b: Wagwan|slp|[from] move: Sleep Powder
|move|p1b: Raven|Heat Wave|p2a: SDIYBT|[spread] p2a,p2b
|-resisted|p2b: Wagwan
|-damage|p2a: SDIYBT|0 fnt
|-damage|p2b: Wagwan|67/100 slp
|faint|p2a: SDIYBT
|cant|p2b: Wagwan|slp
|
|upkeep
|
|t:|1757714261
|switch|p2a: Benjamin|Weezing-Galar, L50, F, shiny|100/100
|-ability|p2a: Benjamin|Neutralizing Gas
|turn|3
|
|t:|1757714281
|move|p1a: Blueberry|Sunny Day|p1a: Blueberry
|-weather|SunnyDay
|move|p1b: Raven|Heat Wave|p2a: Benjamin|[spread] p2a,p2b
|-resisted|p2b: Wagwan
|-damage|p2a: Benjamin|0 fnt
|-damage|p2b: Wagwan|18/100 slp
|faint|p2a: Benjamin
|-end|p2a: Benjamin|ability: Neutralizing Gas
|-curestatus|p2b: Wagwan|slp|[msg]
|move|p2b: Wagwan|Eruption|p1a: Blueberry|[spread] p1a,p1b
|-resisted|p1a: Blueberry
|-resisted|p1b: Raven
|-damage|p1a: Blueberry|41/100
|-damage|p1b: Raven|36/100
|
|-weather|SunnyDay|[upkeep]
|-damage|p1b: Raven|23/100|[from] ability: Solar Power|[of] p1b: Raven
|upkeep
|
|t:|1757714293
|switch|p2a: Martin|Corviknight, L50, M|100/100
|turn|4
|inactive|LegionVGC has 30 seconds left.
|
|t:|1757714322
|move|p2a: Martin|Protect|p2a: Martin
|-singleturn|p2a: Martin|Protect
|move|p1a: Blueberry|Rage Powder|p1a: Blueberry
|-singleturn|p1a: Blueberry|move: Rage Powder
|move|p1b: Raven|Heat Wave|p2a: Martin|[spread] p2b
|-activate|p2a: Martin|move: Protect
|-resisted|p2b: Wagwan
|-damage|p2b: Wagwan|0 fnt
|faint|p2b: Wagwan
|
|-weather|SunnyDay|[upkeep]
|-damage|p1b: Raven|11/100|[from] ability: Solar Power|[of] p1b: Raven
|-sideend|p1: LegionVGC|move: Tailwind
|upkeep
|turn|5
|
|t:|1757714335
|move|p1a: Blueberry|Sleep Powder|p2a: Martin|[miss]
|-miss|p1a: Blueberry|p2a: Martin
|move|p1b: Raven|Heat Wave|p2a: Martin
|-supereffective|p2a: Martin
|-damage|p2a: Martin|0 fnt
|faint|p2a: Martin
|
|win|LegionVGC
|raw|LegionVGC's rating: 1245 → 1276(+31 for winning)
|raw|Como Se Dice Ben's rating: 1327 → 1302(-25 for losing)
|l|☆LegionVGC
|player|p1|
