|j|☆rikkisin
|j|☆jwithers93
|html|rikkisinjwithers93    
|uhtml|bestof|Game 2 of a best-of-3
|t:|1783372428
|gametype|doubles
|player|p1|rikkisin|elesa|1000
|player|p2|jwithers93|marshal|1088
|gen|9
|tier|[Gen 9 Champions] VGC 2026 Reg M-B (Bo3)
|rated|
|rule|Species Clause: Limit one of each Pokémon
|rule|Item Clause: Limit 1 of each item
|clearpoke
|poke|p1|Annihilape, L50, F, shiny|
|poke|p1|Maushold, L50|
|poke|p1|Garchomp, L50, F|
|poke|p1|Ninetales-Alola, L50, F, shiny|
|poke|p1|Mawile, L50, F, shiny|
|poke|p1|Sinistcha, L50|
|poke|p2|Scovillain, L50, M|
|poke|p2|Rotom-Wash, L50|
|poke|p2|Whimsicott, L50, F|
|poke|p2|Floette-Eternal, L50, F|
|poke|p2|Garchomp, L50, M|
|poke|p2|Kingambit, L50, M|
|teampreview|4
|showteam|p1|Annihilape||Leftovers|Defiant|RageFist,DrainPunch,BulkUp,Protect|Adamant||F|||50|]Maushold||ChopleBerry|FriendGuard|Feint,BeatUp,FollowMe,Protect|Impish|||||50|]Garchomp||LifeOrb|RoughSkin|DragonClaw,StompingTantrum,RockSlide,Protect|Adamant||F|||50|]Ninetales-Alola||NeverMeltIce|SnowWarning|Blizzard,IcyWind,FreezeDry,Protect|Timid||F|||50|]Mawile||Mawilite|HyperCutter|IronHead,PlayRough,SuckerPunch,Protect|Adamant||F|||50|]Sinistcha||SitrusBerry|Hospitality|MatchaGotcha,RagePowder,TrickRoom,Protect|Bold|||||50|
|showteam|p2|Scovillain||Scovillainite|Chlorophyll|Overheat,LeafStorm,RagePowder,LeechSeed|Bold||M|||50|]Rotom-Wash||ChoiceScarf|Levitate|Electroweb,VoltSwitch,HydroPump,HelpingHand|Timid|||||50|]Whimsicott||FocusSash|Prankster|Tailwind,Encore,Protect,Moonblast|Timid||F|||50|]Floette-Eternal||Floettite|FlowerVeil|DazzlingGleam,Moonblast,LightofRuin,Protect|Timid||F|||50|]Garchomp||LifeOrb|RoughSkin|Earthquake,RockSlide,DragonClaw,Protect|Jolly||M|||50|]Kingambit||ChopleBerry|Defiant|SuckerPunch,KowtowCleave,IronHead,Protect|Adamant||M|||50|
|inactive|Battle timer is ON: inactive players will automatically lose when time's up. (requested by jwithers93)
|
|t:|1783372497
|teamsize|p1|4
|teamsize|p2|4
|start
|switch|p1a: Mawile|Mawile, L50, F, shiny|100/100
|switch|p1b: Maushold|Maushold, L50|100/100
|switch|p2a: Rotom|Rotom-Wash, L50|100/100
|switch|p2b: Garchomp|Garchomp, L50, M|100/100
|turn|1
|inactive|rikkisin has 30 seconds left.
|inactive|rikkisin has 20 seconds left.
|inactive|rikkisin has 15 seconds left.
|inactive|rikkisin has 10 seconds left.
|inactive|rikkisin has 5 seconds left.
|
|t:|1783372550
|detailschange|p1a: Mawile|Mawile-Mega, L50, F, shiny
|-mega|p1a: Mawile|Mawile|Mawilite
|move|p1b: Maushold|Follow Me|p1b: Maushold
|-singleturn|p1b: Maushold|move: Follow Me
|move|p2a: Rotom|Electroweb|p1a: Mawile|[spread] p1a,p1b
|-damage|p1a: Mawile|85/100
|-damage|p1b: Maushold|79/100
|-unboost|p1a: Mawile|spe|1
|-unboost|p1b: Maushold|spe|1
|move|p2b: Garchomp|Earthquake|p1a: Mawile|[spread] p1a,p1b
|-immune|p2a: Rotom|[from] ability: Levitate
|-supereffective|p1a: Mawile|1
|-damage|p1a: Mawile|14/100
|-damage|p1b: Maushold|32/100
|-damage|p2b: Garchomp|90/100|[from] item: Life Orb
|move|p1a: Mawile|Play Rough|p2b: Garchomp
|-supereffective|p2b: Garchomp|1
|-damage|p2b: Garchomp|0 fnt
|-damage|p1a: Mawile|2/100|[from] ability: Rough Skin|[of] p2b: Garchomp
|faint|p2b: Garchomp
|
|upkeep
|inactive|jwithers93 has 30 seconds left.
|
|t:|1783372582
|switch|p2b: Whimsicott|Whimsicott, L50, F|100/100
|turn|2
|
|t:|1783372594
|switch|p1a: Sinistcha|Sinistcha, L50|100/100
|-heal|p1b: Maushold|56/100|[from] ability: Hospitality|[of] p1a: Sinistcha
|move|p1b: Maushold|Protect|p1b: Maushold
|-singleturn|p1b: Maushold|Protect
|move|p2a: Rotom|Electroweb|p1b: Maushold|[spread] p1a
|-activate|p1b: Maushold|move: Protect
|-resisted|p1a: Sinistcha|1
|-damage|p1a: Sinistcha|93/100
|-unboost|p1a: Sinistcha|spe|1
|move|p2b: Whimsicott|Moonblast|p1b: Maushold
|-activate|p1b: Maushold|move: Protect
|
|upkeep
|turn|3
|inactive|rikkisin has 30 seconds left.
|
|t:|1783372620
|switch|p2a: Floette|Floette-Eternal, L50, F|100/100
|move|p1b: Maushold|Follow Me|p1b: Maushold
|-singleturn|p1b: Maushold|move: Follow Me
|move|p2b: Whimsicott|Encore|p1b: Maushold
|-start|p1b: Maushold|Encore
|move|p1a: Sinistcha|Trick Room|p1a: Sinistcha
|-fieldstart|move: Trick Room|[of] p1a: Sinistcha
|
|upkeep
|turn|4
|inactive|rikkisin has 30 seconds left.
|
|t:|1783372646
|switch|p1a: Garchomp|Garchomp, L50, F|100/100
|detailschange|p2a: Floette|Floette-Mega, L50, F
|-mega|p2a: Floette|Floette|Floettite
|-ability|p2a: Floette|Fairy Aura
|move|p1b: Maushold|Follow Me|p1b: Maushold
|-singleturn|p1b: Maushold|move: Follow Me
|move|p2a: Floette|Dazzling Gleam|p1b: Maushold|[spread] p1a,p1b
|-supereffective|p1a: Garchomp|1
|-damage|p1a: Garchomp|31/100
|-damage|p1b: Maushold|7/100
|move|p2b: Whimsicott|Moonblast|p1b: Maushold
|-damage|p1b: Maushold|0 fnt
|faint|p1b: Maushold
|
|upkeep
|
|t:|1783372649
|switch|p1b: Mawile|Mawile-Mega, L50, F, shiny|2/100
|turn|5
|
|t:|1783372672
|switch|p1a: Sinistcha|Sinistcha, L50|93/100
|-heal|p1b: Mawile|27/100|[from] ability: Hospitality|[of] p1a: Sinistcha
|move|p2b: Whimsicott|Protect|p2b: Whimsicott
|-singleturn|p2b: Whimsicott|Protect
|move|p2a: Floette|Protect|p2a: Floette
|-singleturn|p2a: Floette|Protect
|move|p1b: Mawile|Iron Head|p2b: Whimsicott
|-activate|p2b: Whimsicott|move: Protect
|
|upkeep
|turn|6
|inactive|jwithers93 has 30 seconds left.
|
|t:|1783372705
|switch|p2a: Rotom|Rotom-Wash, L50|100/100
|move|p1b: Mawile|Iron Head|p2a: Rotom
|-resisted|p2a: Rotom|2
|-damage|p2a: Rotom|74/100
|move|p1a: Sinistcha|Matcha Gotcha|p2b: Whimsicott|[spread] p2a,p2b
|-supereffective|p2a: Rotom|1
|-resisted|p2b: Whimsicott|1
|-damage|p2a: Rotom|11/100
|-heal|p1a: Sinistcha|100/100|[from] drain|[of] p2a: Rotom
|-damage|p2b: Whimsicott|81/100
|move|p2b: Whimsicott|Moonblast|p1b: Mawile
|-resisted|p1b: Mawile|1
|-damage|p1b: Mawile|7/100
|
|upkeep
|turn|7
|inactive|rikkisin has 30 seconds left.
|inactive|jwithers93 has 30 seconds left.
|
|t:|1783372737
|switch|p2a: Floette|Floette-Mega, L50, F|100/100
|-ability|p2a: Floette|Fairy Aura
|move|p2b: Whimsicott|Protect|p2b: Whimsicott
|-singleturn|p2b: Whimsicott|Protect
|move|p1b: Mawile|Iron Head|p2b: Whimsicott
|-activate|p2b: Whimsicott|move: Protect
|move|p1a: Sinistcha|Matcha Gotcha|p2a: Floette|[spread] p2a
|-activate|p2b: Whimsicott|move: Protect
|-damage|p2a: Floette|79/100
|
|-fieldend|move: Trick Room
|upkeep
|turn|8
|inactive|jwithers93 has 30 seconds left.
|
|t:|1783372764
|switch|p1b: Garchomp|Garchomp, L50, F|31/100
|move|p2b: Whimsicott|Moonblast|p1b: Garchomp
|-supereffective|p1b: Garchomp|1
|-crit|p1b: Garchomp
|-damage|p1b: Garchomp|0 fnt
|faint|p1b: Garchomp
|move|p2a: Floette|Light of Ruin|p1a: Sinistcha
|-damage|p1a: Sinistcha|2/100
|-enditem|p1a: Sinistcha|Sitrus Berry|[eat]
|-heal|p1a: Sinistcha|26/100|[from] item: Sitrus Berry
|-damage|p2a: Floette|21/100|[from] Recoil
|move|p1a: Sinistcha|Trick Room|p1a: Sinistcha
|-fieldstart|move: Trick Room|[of] p1a: Sinistcha
|
|upkeep
|
|t:|1783372769
|switch|p1b: Mawile|Mawile-Mega, L50, F, shiny|7/100
|turn|9
|inactive|rikkisin has 30 seconds left.
|inactive|jwithers93 has 30 seconds left.
|
|t:|1783372806
|move|p1b: Mawile|Protect|p1b: Mawile
|-singleturn|p1b: Mawile|Protect
|move|p2a: Floette|Protect|p2a: Floette
|-singleturn|p2a: Floette|Protect
|move|p2b: Whimsicott|Encore|p1a: Sinistcha
|-start|p1a: Sinistcha|Encore
|move|p1a: Sinistcha|Trick Room|p1a: Sinistcha
|-fieldend|move: Trick Room
|
|upkeep
|turn|10
|
|t:|1783372819
|move|p2b: Whimsicott|Moonblast|p1a: Sinistcha
|-damage|p1a: Sinistcha|0 fnt
|faint|p1a: Sinistcha
|move|p2a: Floette|Dazzling Gleam|p1b: Mawile
|-resisted|p1b: Mawile|1
|-damage|p1b: Mawile|0 fnt
|faint|p1b: Mawile
|
|win|jwithers93
|raw|rikkisin's rating: 1000 → 1000(+0 for losing)
|raw|jwithers93's rating: 1088 → 1108(+20 for winning)
|l|☆jwithers93
|player|p2|
