|j|☆hitmononnichan
|j|☆just for fun fren
|html|hitmononnichanjust for fun fren    
|uhtml|bestof|Game 3 of a best-of-3
|t:|1756152667
|gametype|doubles
|player|p1|hitmononnichan|nate|1216
|player|p2|just for fun fren|colress|1114
|gen|9
|tier|[Gen 9] VGC 2025 Reg H (Bo3)
|rated|
|rule|Species Clause: Limit one of each Pokémon
|rule|Item Clause: Limit 1 of each item
|clearpoke
|poke|p1|Sneasler, L50, F|
|poke|p1|Indeedee, L50, M|
|poke|p1|Volcarona, L50, F|
|poke|p1|Ursaluna-Bloodmoon, L50, M|
|poke|p1|Annihilape, L50, M|
|poke|p1|Tyranitar, L50, M|
|poke|p2|Gholdengo, L50|
|poke|p2|Primarina, L50, F|
|poke|p2|Sneasler, L50, F|
|poke|p2|Rillaboom, L50, F|
|poke|p2|Incineroar, L50, F|
|poke|p2|Dragonite, L50, M|
|teampreview|4
|showteam|p1|Sneasler||PsychicSeed|Unburden|CloseCombat,DireClaw,ThroatChop,Protect|||F|||50|,,,,,Dark]Indeedee||ChoiceScarf|PsychicSurge|ExpandingForce,TeraBlast,Trick,Protect|||M|||50|,,,,,Psychic]Volcarona||SitrusBerry|FlameBody|Overheat,StruggleBug,RagePowder,Tailwind|||F|||50|,,,,,Grass]Ursaluna-Bloodmoon||LifeOrb|MindsEye|BloodMoon,HyperVoice,EarthPower,Protect|||M|||50|,,,,,Normal]Annihilape||SafetyGoggles|Defiant|CloseCombat,RageFist,Taunt,FinalGambit|||M|||50|,,,,,Fairy]Tyranitar||AssaultVest|SandStream|RockSlide,KnockOff,TeraBlast,LowKick|||M|||50|,,,,,Flying
|showteam|p2|Gholdengo||ChoiceScarf|GoodasGold|MakeItRain,ShadowBall,Protect,Trick||||||50|,,,,,Steel]Primarina||GrassySeed|LiquidVoice|HyperVoice,Moonblast,CalmMind,Protect|||F|||50|,,,,,Poison]Sneasler||FocusSash|PoisonTouch|DireClaw,CloseCombat,ThroatChop,Protect|||F|||50|,,,,,Dark]Rillaboom||AssaultVest|GrassySurge|WoodHammer,GrassyGlide,HighHorsepower,FakeOut|||F|||50|,,,,,Fire]Incineroar||SafetyGoggles|Intimidate|FlareBlitz,KnockOff,PartingShot,FakeOut|||F|||50|,,,,,Ghost]Dragonite||LoadedDice|Multiscale|ScaleShot,StompingTantrum,Tailwind,Protect|||M|||50|,,,,,Steel
|inactive|Battle timer is ON: inactive players will automatically lose when time's up. (requested by hitmononnichan)
|
|t:|1756152690
|teamsize|p1|4
|teamsize|p2|4
|start
|switch|p1a: Volcarona|Volcarona, L50, F|100/100
|switch|p1b: Sneasler|Sneasler, L50, F|100/100
|switch|p2a: Dragonite|Dragonite, L50, M|100/100
|switch|p2b: Incineroar|Incineroar, L50, F|100/100
|-ability|p2b: Incineroar|Intimidate|boost
|-unboost|p1a: Volcarona|atk|1
|-unboost|p1b: Sneasler|atk|1
|turn|1
|
|t:|1756152715
|switch|p1b: Tyranitar|Tyranitar, L50, M|100/100
|-weather|Sandstorm|[from] ability: Sand Stream|[of] p1b: Tyranitar
|move|p1a: Volcarona|Tailwind|p1a: Volcarona
|-sidestart|p1: hitmononnichan|move: Tailwind
|move|p2a: Dragonite|Scale Shot|p1b: Tyranitar
|-damage|p1b: Tyranitar|87/100
|-damage|p1b: Tyranitar|75/100
|-damage|p1b: Tyranitar|62/100
|-damage|p1b: Tyranitar|47/100
|-damage|p1b: Tyranitar|34/100
|-hitcount|p1b: Tyranitar|5
|-unboost|p2a: Dragonite|def|1
|-boost|p2a: Dragonite|spe|1
|move|p2b: Incineroar|Knock Off|p1a: Volcarona
|-damage|p1a: Volcarona|50/100
|-enditem|p1a: Volcarona|Sitrus Berry|[from] move: Knock Off|[of] p2b: Incineroar
|
|-weather|Sandstorm|[upkeep]
|-damage|p1a: Volcarona|44/100|[from] Sandstorm
|-damage|p2a: Dragonite|95/100|[from] Sandstorm
|upkeep
|turn|2
|inactive|hitmononnichan has 30 seconds left.
|inactive|just for fun fren has 30 seconds left.
|
|t:|1756152747
|switch|p2b: Rillaboom|Rillaboom, L50, F|100/100
|-fieldstart|move: Grassy Terrain|[from] ability: Grassy Surge|[of] p2b: Rillaboom
|move|p2a: Dragonite|Protect|p2a: Dragonite
|-singleturn|p2a: Dragonite|Protect
|move|p1a: Volcarona|Rage Powder|p1a: Volcarona
|-singleturn|p1a: Volcarona|move: Rage Powder
|move|p1b: Tyranitar|Knock Off|p2b: Rillaboom
|-damage|p2b: Rillaboom|50/100
|-enditem|p2b: Rillaboom|Assault Vest|[from] move: Knock Off|[of] p1b: Tyranitar
|
|-weather|Sandstorm|[upkeep]
|-damage|p1a: Volcarona|38/100|[from] Sandstorm
|-damage|p2a: Dragonite|89/100|[from] Sandstorm
|-damage|p2b: Rillaboom|44/100|[from] Sandstorm
|-heal|p1a: Volcarona|44/100|[from] Grassy Terrain
|-heal|p1b: Tyranitar|40/100|[from] Grassy Terrain
|-heal|p2b: Rillaboom|50/100|[from] Grassy Terrain
|upkeep
|turn|3
|inactive|hitmononnichan has 30 seconds left.
|
|t:|1756152782
|switch|p1a: Indeedee|Indeedee, L50, M|100/100
|-fieldstart|move: Psychic Terrain|[from] ability: Psychic Surge|[of] p1a: Indeedee
|switch|p2b: Incineroar|Incineroar, L50, F|100/100
|-ability|p2b: Incineroar|Intimidate|boost
|-unboost|p1a: Indeedee|atk|1
|-unboost|p1b: Tyranitar|atk|1
|move|p1b: Tyranitar|Knock Off|p2a: Dragonite
|-damage|p2a: Dragonite|20/100
|-enditem|p2a: Dragonite|Loaded Dice|[from] move: Knock Off|[of] p1b: Tyranitar
|move|p2a: Dragonite|Scale Shot|p1b: Tyranitar
|-damage|p1b: Tyranitar|27/100
|-damage|p1b: Tyranitar|14/100
|-damage|p1b: Tyranitar|1/100
|-hitcount|p1b: Tyranitar|3
|-unboost|p2a: Dragonite|def|1
|-boost|p2a: Dragonite|spe|1
|
|-weather|Sandstorm|[upkeep]
|-damage|p1a: Indeedee|95/100|[from] Sandstorm
|-damage|p2a: Dragonite|14/100|[from] Sandstorm
|upkeep
|turn|4
|inactive|hitmononnichan has 30 seconds left.
|
|t:|1756152809
|switch|p1a: Sneasler|Sneasler, L50, F|100/100
|-enditem|p1a: Sneasler|Psychic Seed
|-boost|p1a: Sneasler|spd|1|[from] item: Psychic Seed
|switch|p1b: Volcarona|Volcarona, L50, F|44/100
|move|p2a: Dragonite|Protect|p2a: Dragonite
|-singleturn|p2a: Dragonite|Protect
|move|p2b: Incineroar|Knock Off|p1a: Sneasler
|-resisted|p1a: Sneasler
|-damage|p1a: Sneasler|77/100
|
|-weather|Sandstorm|[upkeep]
|-damage|p1a: Sneasler|71/100|[from] Sandstorm
|-damage|p1b: Volcarona|38/100|[from] Sandstorm
|-damage|p2a: Dragonite|8/100|[from] Sandstorm
|-sideend|p1: hitmononnichan|move: Tailwind
|upkeep
|turn|5
|inactive|just for fun fren has 30 seconds left.
|
|t:|1756152838
|move|p1a: Sneasler|Dire Claw|p2a: Dragonite
|-crit|p2a: Dragonite
|-damage|p2a: Dragonite|0 fnt
|faint|p2a: Dragonite
|move|p1b: Volcarona|Tailwind|p1b: Volcarona
|-sidestart|p1: hitmononnichan|move: Tailwind
|move|p2b: Incineroar|Flare Blitz|p1a: Sneasler
|-damage|p1a: Sneasler|0 fnt
|faint|p1a: Sneasler
|-damage|p2b: Incineroar|82/100|[from] Recoil
|
|-weather|none
|upkeep
|
|t:|1756152856
|switch|p1a: Tyranitar|Tyranitar, L50, M|1/100
|switch|p2a: Rillaboom|Rillaboom, L50, F|50/100
|-weather|Sandstorm|[from] ability: Sand Stream|[of] p1a: Tyranitar
|-fieldstart|move: Grassy Terrain|[from] ability: Grassy Surge|[of] p2a: Rillaboom
|turn|6
|
|t:|1756152880
|switch|p1b: Indeedee|Indeedee, L50, M|95/100
|-fieldstart|move: Psychic Terrain|[from] ability: Psychic Surge|[of] p1b: Indeedee
|switch|p2a: Primarina|Primarina, L50, F|100/100
|move|p1a: Tyranitar|Rock Slide|p2b: Incineroar|[spread] p2a,p2b
|-supereffective|p2b: Incineroar
|-damage|p2a: Primarina|65/100
|-damage|p2b: Incineroar|15/100
|move|p2b: Incineroar|Knock Off|p1a: Tyranitar
|-resisted|p1a: Tyranitar
|-damage|p1a: Tyranitar|0 fnt
|-enditem|p1a: Tyranitar|Assault Vest|[from] move: Knock Off|[of] p2b: Incineroar
|faint|p1a: Tyranitar
|
|-weather|Sandstorm|[upkeep]
|-damage|p1b: Indeedee|89/100|[from] Sandstorm
|-damage|p2a: Primarina|59/100|[from] Sandstorm
|upkeep
|
|t:|1756152890
|switch|p1a: Volcarona|Volcarona, L50, F|38/100
|turn|7
|inactive|hitmononnichan has 30 seconds left.
|
|t:|1756152920
|switch|p2b: Rillaboom|Rillaboom, L50, F|50/100
|-fieldstart|move: Grassy Terrain|[from] ability: Grassy Surge|[of] p2b: Rillaboom
|-enditem|p2a: Primarina|Grassy Seed
|-boost|p2a: Primarina|def|1|[from] item: Grassy Seed
|-terastallize|p1a: Volcarona|Grass
|move|p1b: Indeedee|Tera Blast|p2a: Primarina
|-damage|p2a: Primarina|26/100
|move|p1a: Volcarona|Struggle Bug|p2a: Primarina|[spread] p2a,p2b
|-resisted|p2a: Primarina
|-supereffective|p2b: Rillaboom
|-damage|p2a: Primarina|19/100
|-damage|p2b: Rillaboom|15/100
|-unboost|p2a: Primarina|spa|1
|-unboost|p2b: Rillaboom|spa|1
|move|p2a: Primarina|Hyper Voice|p1b: Indeedee|[spread] p1a,p1b
|-resisted|p1a: Volcarona
|-damage|p1a: Volcarona|27/100
|-damage|p1b: Indeedee|53/100
|
|-weather|Sandstorm|[upkeep]
|-damage|p1b: Indeedee|48/100|[from] Sandstorm
|-damage|p1a: Volcarona|21/100|[from] Sandstorm
|-damage|p2b: Rillaboom|9/100|[from] Sandstorm
|-damage|p2a: Primarina|13/100|[from] Sandstorm
|-heal|p1b: Indeedee|53/100|[from] Grassy Terrain
|-heal|p1a: Volcarona|27/100|[from] Grassy Terrain
|-heal|p2b: Rillaboom|15/100|[from] Grassy Terrain
|-heal|p2a: Primarina|19/100|[from] Grassy Terrain
|upkeep
|turn|8
|inactive|hitmononnichan has 30 seconds left.
|inactive|just for fun fren has 30 seconds left.
|
|t:|1756152952
|move|p2a: Primarina|Protect|p2a: Primarina
|-singleturn|p2a: Primarina|Protect
|move|p2b: Rillaboom|Grassy Glide|p1b: Indeedee
|-damage|p1b: Indeedee|0 fnt
|faint|p1b: Indeedee
|move|p1a: Volcarona|Struggle Bug|p2b: Rillaboom|[spread] p2b
|-activate|p2a: Primarina|move: Protect
|-supereffective|p2b: Rillaboom
|-damage|p2b: Rillaboom|0 fnt
|faint|p2b: Rillaboom
|
|-weather|Sandstorm|[upkeep]
|-damage|p1a: Volcarona|21/100|[from] Sandstorm
|-damage|p2a: Primarina|13/100|[from] Sandstorm
|-heal|p1a: Volcarona|27/100|[from] Grassy Terrain
|-heal|p2a: Primarina|19/100|[from] Grassy Terrain
|-sideend|p1: hitmononnichan|move: Tailwind
|upkeep
|
|t:|1756152959
|switch|p2b: Incineroar|Incineroar, L50, F|15/100
|-ability|p2b: Incineroar|Intimidate|boost
|-unboost|p1a: Volcarona|atk|1
|turn|9
|c|☆just for fun fren|ggs
|c|☆hitmononnichan|gg
|
|t:|1756152977
|move|p2b: Incineroar|Fake Out|p1a: Volcarona
|-damage|p1a: Volcarona|13/100
|cant|p1a: Volcarona|flinch
|move|p2a: Primarina|Moonblast|p1a: Volcarona
|-damage|p1a: Volcarona|0 fnt
|faint|p1a: Volcarona
|
|win|just for fun fren
|raw|hitmononnichan's rating: 1216 → 1184(-32 for losing)
|raw|just for fun fren's rating: 1114 → 1146(+32 for winning)
|l|☆hitmononnichan
|player|p1|
