|j|☆Hackervgc
|j|☆joaennavgc
|html|Hackervgcjoaennavgc    
|uhtml|bestof|Game 1 of a best-of-3
|t:|1756996266
|gametype|doubles
|player|p1|Hackervgc|gentleman-gen4|
|player|p2|joaennavgc|pokemonbreederf-gen4|
|gen|9
|tier|[Gen 9] VGC 2025 Reg H (Bo3)
|rule|Species Clause: Limit one of each Pokémon
|rule|Item Clause: Limit 1 of each item
|clearpoke
|poke|p1|Kingambit, L50, M|
|poke|p1|Magmar, L50, M|
|poke|p1|Dragonite, L50, F|
|poke|p1|Sneasler, L50, F|
|poke|p1|Ursaluna-Bloodmoon, L50, M|
|poke|p1|Farigiraf, L50, F|
|poke|p2|Torkoal, L50, F|
|poke|p2|Oranguru, L50, F|
|poke|p2|Volcarona, L50, F|
|poke|p2|Lilligant-Hisui, L50, F|
|poke|p2|Ursaluna, L50, M|
|poke|p2|Kingambit, L50, M|
|teampreview|4
|showteam|p1|Kingambit||AssaultVest|Defiant|KowtowCleave,SuckerPunch,LowKick,TeraBlast|||M|||50|,,,,,Flying]Magmar||Eviolite|VitalSpirit|FollowMe,Protect,Flamethrower,WillOWisp|||M|||50|,,,,,Dragon]Dragonite||LoadedDice|Multiscale|ScaleShot,Protect,Tailwind,Haze|||F|||50|,,,,,Fairy]Sneasler||FocusSash|Unburden|ThroatChop,DireClaw,CloseCombat,Protect|||F|||50|,,,,,Stellar]Ursaluna-Bloodmoon||LifeOrb|MindsEye|BloodMoon,Protect,EarthPower,HyperVoice|||M|||50|,,,,,Normal]Farigiraf||SitrusBerry|ArmorTail|TrickRoom,HelpingHand,Psychic,Protect|||F|||50|,,,,,Water
|showteam|p2|Torkoal||EjectPack|Drought|Overheat,Eruption,HelpingHand,Protect|||F|||50|,,,,,Fire]Oranguru||SitrusBerry|Telepathy|TrickRoom,Psychic,Instruct,Protect|||F|||50|,,,,,Dark]Volcarona||CovertCloak|FlameBody|QuiverDance,GigaDrain,HeatWave,Protect|||F|||50|,,,,,Grass]Lilligant-Hisui||FocusSash|Chlorophyll|AfterYou,CloseCombat,LeafBlade,Protect|||F|||50|,,,,,Flying]Ursaluna||FlameOrb|Guts|Facade,HeadlongRush,Earthquake,Protect|||M|||50|,,,,,Ghost]Kingambit||RockyHelmet|Defiant|SuckerPunch,SwordsDance,KowtowCleave,Protect|||M|||50|,,,,,Dark
|c|☆Hackervgc|glhf
|c|☆joaennavgc|glhf
|
|t:|1756996334
|teamsize|p1|4
|teamsize|p2|4
|start
|switch|p1a: Ursaluna|Ursaluna-Bloodmoon, L50, M|100/100
|switch|p1b: Magmar|Magmar, L50, M|100/100
|switch|p2a: Lilligant|Lilligant-Hisui, L50, F, shiny|100/100
|switch|p2b: Volcarona|Volcarona, L50, F|100/100
|turn|1
|
|t:|1756996356
|-terastallize|p1a: Ursaluna|Normal
|move|p1b: Magmar|Follow Me|p1b: Magmar
|-singleturn|p1b: Magmar|move: Follow Me
|move|p2a: Lilligant|Close Combat|p1b: Magmar
|-damage|p1b: Magmar|60/100
|-unboost|p2a: Lilligant|def|1
|-unboost|p2a: Lilligant|spd|1
|move|p2b: Volcarona|Heat Wave|p1a: Ursaluna|[spread] p1a,p1b
|-resisted|p1b: Magmar
|-damage|p1a: Ursaluna|58/100
|-damage|p1b: Magmar|48/100
|move|p1a: Ursaluna|Blood Moon|p2b: Volcarona
|-damage|p2b: Volcarona|0 fnt
|faint|p2b: Volcarona
|-damage|p1a: Ursaluna|48/100|[from] item: Life Orb
|
|upkeep
|
|t:|1756996374
|switch|p2b: Torkoal|Torkoal, L50, F|100/100
|-weather|SunnyDay|[from] ability: Drought|[of] p2b: Torkoal
|turn|2
|
|t:|1756996389
|-terastallize|p2b: Torkoal|Fire
|move|p1a: Ursaluna|Protect|p1a: Ursaluna
|-singleturn|p1a: Ursaluna|Protect
|move|p2a: Lilligant|After You|p2b: Torkoal
|-activate|p2b: Torkoal|move: After You
|move|p2b: Torkoal|Eruption|p1b: Magmar|[spread] p1b
|-activate|p1a: Ursaluna|move: Protect
|-resisted|p1b: Magmar
|-damage|p1b: Magmar|13/100
|move|p1b: Magmar|Flamethrower|p2b: Torkoal
|-resisted|p2b: Torkoal
|-crit|p2b: Torkoal
|-damage|p2b: Torkoal|58/100
|
|-weather|SunnyDay|[upkeep]
|upkeep
|turn|3
|
|t:|1756996408
|move|p1b: Magmar|Protect|p1b: Magmar
|-singleturn|p1b: Magmar|Protect
|move|p2a: Lilligant|After You|p2b: Torkoal
|-activate|p2b: Torkoal|move: After You
|move|p2b: Torkoal|Eruption|p1a: Ursaluna|[spread] p1a
|-activate|p1b: Magmar|move: Protect
|-damage|p1a: Ursaluna|0 fnt
|faint|p1a: Ursaluna
|
|-weather|SunnyDay|[upkeep]
|upkeep
|
|t:|1756996418
|switch|p1a: Kingambit|Kingambit, L50, M|100/100
|turn|4
|
|t:|1756996440
|switch|p2b: Ursaluna|Ursaluna, L50, M|100/100
|move|p1b: Magmar|Follow Me|p1b: Magmar
|-singleturn|p1b: Magmar|move: Follow Me
|move|p2a: Lilligant|Close Combat|p1b: Magmar
|-damage|p1b: Magmar|0 fnt
|-unboost|p2a: Lilligant|def|1
|-unboost|p2a: Lilligant|spd|1
|faint|p1b: Magmar
|move|p1a: Kingambit|Kowtow Cleave|p2a: Lilligant
|-resisted|p2a: Lilligant
|-damage|p2a: Lilligant|24/100
|
|-weather|SunnyDay|[upkeep]
|-status|p2b: Ursaluna|brn|[from] item: Flame Orb
|upkeep
|
|t:|1756996450
|switch|p1b: Sneasler|Sneasler, L50, F|100/100
|turn|5
|
|t:|1756996472
|move|p1a: Kingambit|Sucker Punch|p2b: Ursaluna
|-damage|p2b: Ursaluna|71/100 brn
|move|p2a: Lilligant|After You|p2b: Ursaluna
|-activate|p2b: Ursaluna|move: After You
|move|p2b: Ursaluna|Earthquake|p1b: Sneasler|[spread] p2a,p1a,p1b
|-resisted|p2a: Lilligant
|-supereffective|p1a: Kingambit
|-supereffective|p1b: Sneasler
|-damage|p2a: Lilligant|0 fnt
|-damage|p1a: Kingambit|10/100
|-enditem|p1b: Sneasler|Focus Sash
|-damage|p1b: Sneasler|1/100
|faint|p2a: Lilligant
|move|p1b: Sneasler|Close Combat|p2b: Ursaluna
|-supereffective|p2b: Ursaluna
|-damage|p2b: Ursaluna|0 fnt
|-unboost|p1b: Sneasler|def|1
|-unboost|p1b: Sneasler|spd|1
|faint|p2b: Ursaluna
|
|-weather|SunnyDay|[upkeep]
|upkeep
|
|t:|1756996488
|switch|p2b: Torkoal|Torkoal, L50, F, tera:Fire|58/100
|turn|6
|
|t:|1756996495
|move|p1b: Sneasler|Close Combat|p2b: Torkoal
|-damage|p2b: Torkoal|5/100
|-unboost|p1b: Sneasler|def|1
|-unboost|p1b: Sneasler|spd|1
|move|p1a: Kingambit|Kowtow Cleave|p2b: Torkoal
|-damage|p2b: Torkoal|0 fnt
|faint|p2b: Torkoal
|
|win|Hackervgc
||Hackervgc is ready for game 2.
||joaennavgc is ready for game 2.
|uhtml|next|Next: Game 2 of 3
