|j|☆glofer
|j|☆archyx05
|html|gloferarchyx05    
|uhtml|bestof|Game 1 of a best-of-3
|t:|1785271186
|gametype|doubles
|player|p1|glofer|blackbelt|1131
|player|p2|archyx05|101|1040
|gen|9
|tier|[Gen 9 Champions] VGC 2026 Reg M-B (Bo3)
|rated|
|rule|Species Clause: Limit one of each Pokémon
|rule|Item Clause: Limit 1 of each item
|clearpoke
|poke|p1|Bellibolt, L50, F|
|poke|p1|Heliolisk, L50, M|
|poke|p1|Emolga, L50, F|
|poke|p1|Raichu, L50, M|
|poke|p1|Manectric, L50, M|
|poke|p1|Eelektross, L50, F|
|poke|p2|Sinistcha, L50|
|poke|p2|Garchomp, L50, F|
|poke|p2|Sneasler, L50, F, shiny|
|poke|p2|Floette-Eternal, L50, F|
|poke|p2|Incineroar, L50, M|
|poke|p2|Kingambit, L50, F, shiny|
|teampreview|4
|showteam|p1|Bellibolt||Leftovers|Electromorphosis|ParabolicCharge,AcidSpray,Soak,Protect|Quiet||F|||50|]Heliolisk||ChoiceScarf|DrySkin|Discharge,HyperVoice,DragonPulse,ShedTail|Timid||M|||50|]Emolga||FocusSash|MotorDrive|Electroweb,AirSlash,Encore,Protect|Timid||F|||50|]Raichu||RaichuniteY|LightningRod|ZapCannon,FocusBlast,FakeOut,Protect|Timid||M|||50|]Manectric||Manectite|LightningRod|Thunderbolt,Overheat,Snarl,Protect|Timid||M|||50|]Eelektross||LifeOrb|Levitate|SupercellSlam,DrainPunch,Bulldoze,Coil|Adamant||F|||50|
|showteam|p2|Sinistcha||KasibBerry|Hospitality|MatchaGotcha,RagePowder,TrickRoom,Protect|Bold|||||50|]Garchomp||Garchompite|SandVeil|Protect,RockSlide,Earthquake,StompingTantrum|Adamant||F|||50|]Sneasler||FocusSash|Unburden|CloseCombat,DireClaw,FakeOut,Coaching|Jolly||F|||50|]Floette-Eternal||Floettite|FlowerVeil|Protect,CalmMind,Moonblast,DazzlingGleam|Modest||F|||50|]Incineroar||SitrusBerry|Intimidate|FakeOut,FlareBlitz,DarkestLariat,PartingShot|Impish||M|||50|]Kingambit||ChopleBerry|Defiant|KowtowCleave,SuckerPunch,IronHead,Protect|Adamant||F|||50|
|inactive|Battle timer is ON: inactive players will automatically lose when time's up. (requested by archyx05)
|inactive|archyx05 has 60 seconds left.
|
|t:|1785271222
|teamsize|p1|4
|teamsize|p2|4
|start
|switch|p1a: Raichu|Raichu, L50, M|100/100
|switch|p1b: Eelektross|Eelektross, L50, F|100/100
|switch|p2a: Sneasler|Sneasler, L50, F, shiny|100/100
|switch|p2b: Garchomp|Garchomp, L50, F|100/100
|turn|1
|
|t:|1785271237
|switch|p2a: Incineroar|Incineroar, L50, M|100/100
|-ability|p2a: Incineroar|Intimidate|boost
|-unboost|p1a: Raichu|atk|1
|-unboost|p1b: Eelektross|atk|1
|detailschange|p1a: Raichu|Raichu-Mega-Y, L50, M
|-mega|p1a: Raichu|Raichu|Raichunite Y
|detailschange|p2b: Garchomp|Garchomp-Mega, L50, F
|-mega|p2b: Garchomp|Garchomp|Garchompite
|move|p1a: Raichu|Protect|p1a: Raichu
|-singleturn|p1a: Raichu|Protect
|move|p2b: Garchomp|Stomping Tantrum|p1a: Raichu
|-activate|p1a: Raichu|move: Protect
|move|p1b: Eelektross|Bulldoze|p2a: Incineroar|[spread] p2a,p2b
|-activate|p1a: Raichu|move: Protect
|-supereffective|p2a: Incineroar|1
|-damage|p2a: Incineroar|82/100
|-damage|p2b: Garchomp|90/100
|-unboost|p2a: Incineroar|spe|1
|-unboost|p2b: Garchomp|spe|1
|-damage|p1b: Eelektross|90/100|[from] item: Life Orb
|
|upkeep
|turn|2
|inactive|glofer has 30 seconds left.
|
|t:|1785271268
|switch|p1a: Bellibolt|Bellibolt, L50, F|100/100
|move|p2a: Incineroar|Fake Out|p1a: Bellibolt
|-damage|p1a: Bellibolt|92/100
|-start|p1a: Bellibolt|Charge|Fake Out|[from] ability: Electromorphosis
|move|p2b: Garchomp|Rock Slide|p1b: Eelektross|[spread] p1b
|-miss|p2b: Garchomp|p1a: Bellibolt
|-damage|p1b: Eelektross|69/100
|move|p1b: Eelektross|Coil|p1b: Eelektross
|-boost|p1b: Eelektross|atk|1
|-boost|p1b: Eelektross|def|1
|-boost|p1b: Eelektross|accuracy|1
|
|-heal|p1a: Bellibolt|98/100|[from] item: Leftovers
|upkeep
|turn|3
|
|t:|1785271291
|move|p2b: Garchomp|Protect|p2b: Garchomp
|-singleturn|p2b: Garchomp|Protect
|move|p1b: Eelektross|Coil|p1b: Eelektross
|-boost|p1b: Eelektross|atk|1
|-boost|p1b: Eelektross|def|1
|-boost|p1b: Eelektross|accuracy|1
|move|p1a: Bellibolt|Parabolic Charge|p2b: Garchomp|[spread] p1b,p2a
|-activate|p2b: Garchomp|move: Protect
|-resisted|p1b: Eelektross|1
|-damage|p1b: Eelektross|47/100
|-heal|p1a: Bellibolt|100/100|[from] drain|[of] p1b: Eelektross
|-damage|p2a: Incineroar|47/100
|-enditem|p2a: Incineroar|Sitrus Berry|[eat]
|-heal|p2a: Incineroar|72/100|[from] item: Sitrus Berry
|-end|p1a: Bellibolt|Charge|[silent]
|move|p2a: Incineroar|Parting Shot|p1b: Eelektross
|-unboost|p1b: Eelektross|atk|1
|-unboost|p1b: Eelektross|spa|1
|
|t:|1785271309
|switch|p2a: Sneasler|Sneasler, L50, F, shiny|100/100|[from] Parting Shot
|
|upkeep
|turn|4
|
|t:|1785271326
|move|p2a: Sneasler|Coaching|p2b: Garchomp
|-boost|p2b: Garchomp|atk|1
|-boost|p2b: Garchomp|def|1
|move|p2b: Garchomp|Stomping Tantrum|p1a: Bellibolt
|-supereffective|p1a: Bellibolt|1
|-damage|p1a: Bellibolt|0 fnt
|faint|p1a: Bellibolt
|move|p1b: Eelektross|Bulldoze|p2a: Sneasler|[spread] p2a,p2b
|-supereffective|p2a: Sneasler|1
|-damage|p2a: Sneasler|42/100
|-damage|p2b: Garchomp|80/100
|-unboost|p2a: Sneasler|spe|1
|-unboost|p2b: Garchomp|spe|1
|-damage|p1b: Eelektross|37/100|[from] item: Life Orb
|
|upkeep
|
|t:|1785271346
|switch|p1a: Heliolisk|Heliolisk, L50, M|100/100
|turn|5
|
|t:|1785271366
|switch|p2a: Sinistcha|Sinistcha, L50|100/100
|-heal|p2b: Garchomp|100/100|[from] ability: Hospitality|[of] p2a: Sinistcha
|move|p1a: Heliolisk|Hyper Voice|p2a: Sinistcha|[spread] p2b
|-immune|p2a: Sinistcha
|-damage|p2b: Garchomp|76/100
|move|p1b: Eelektross|Drain Punch|p2b: Garchomp
|-damage|p2b: Garchomp|62/100
|-heal|p1b: Eelektross|45/100|[from] drain|[of] p2b: Garchomp
|-damage|p1b: Eelektross|35/100|[from] item: Life Orb
|move|p2b: Garchomp|Stomping Tantrum|p1a: Heliolisk
|-supereffective|p1a: Heliolisk|1
|-damage|p1a: Heliolisk|0 fnt
|faint|p1a: Heliolisk
|
|upkeep
|
|t:|1785271381
|switch|p1a: Raichu|Raichu-Mega-Y, L50, M|100/100
|turn|6
|
|t:|1785271405
|switch|p2a: Incineroar|Incineroar, L50, M|72/100
|-ability|p2a: Incineroar|Intimidate|boost
|-unboost|p1a: Raichu|atk|1
|-unboost|p1b: Eelektross|atk|1
|move|p2b: Garchomp|Protect|p2b: Garchomp
|-singleturn|p2b: Garchomp|Protect
|move|p1a: Raichu|Zap Cannon|p2a: Incineroar
|-damage|p2a: Incineroar|8/100
|-status|p2a: Incineroar|par
|move|p1b: Eelektross|Coil|p1b: Eelektross
|-boost|p1b: Eelektross|atk|1
|-boost|p1b: Eelektross|def|1
|-boost|p1b: Eelektross|accuracy|1
|
|upkeep
|turn|7
|
|t:|1785271422
|move|p1a: Raichu|Protect|p1a: Raichu
|-singleturn|p1a: Raichu|Protect
|move|p2a: Incineroar|Fake Out|p1b: Eelektross
|-damage|p1b: Eelektross|31/100
|cant|p1b: Eelektross|flinch
|move|p2b: Garchomp|Stomping Tantrum|p1a: Raichu
|-activate|p1a: Raichu|move: Protect
|
|upkeep
|turn|8
|
|t:|1785271440
|move|p2b: Garchomp|Protect|p2b: Garchomp
|-singleturn|p2b: Garchomp|Protect
|move|p1a: Raichu|Zap Cannon|p2a: Incineroar
|-damage|p2a: Incineroar|0 fnt
|faint|p2a: Incineroar
|move|p1b: Eelektross|Coil|p1b: Eelektross
|-boost|p1b: Eelektross|atk|1
|-boost|p1b: Eelektross|def|1
|-boost|p1b: Eelektross|accuracy|1
|
|upkeep
|
|t:|1785271445
|switch|p2a: Sinistcha|Sinistcha, L50|100/100
|-heal|p2b: Garchomp|87/100|[from] ability: Hospitality|[of] p2a: Sinistcha
|turn|9
|
|t:|1785271467
|move|p2a: Sinistcha|Rage Powder|p2a: Sinistcha
|-singleturn|p2a: Sinistcha|move: Rage Powder
|move|p1a: Raichu|Zap Cannon|p2a: Sinistcha
|-resisted|p2a: Sinistcha|1
|-damage|p2a: Sinistcha|65/100
|-status|p2a: Sinistcha|par
|move|p1b: Eelektross|Supercell Slam|p2a: Sinistcha
|-resisted|p2a: Sinistcha|1
|-damage|p2a: Sinistcha|32/100 par
|-damage|p1b: Eelektross|21/100|[from] item: Life Orb
|move|p2b: Garchomp|Stomping Tantrum|p1a: Raichu
|-supereffective|p1a: Raichu|1
|-damage|p1a: Raichu|0 fnt
|faint|p1a: Raichu
|
|upkeep
|turn|10
|
|t:|1785271486
|move|p1b: Eelektross|Drain Punch|p2b: Garchomp
|-damage|p2b: Garchomp|66/100
|-heal|p1b: Eelektross|33/100|[from] drain|[of] p2b: Garchomp
|-damage|p1b: Eelektross|23/100|[from] item: Life Orb
|move|p2b: Garchomp|Rock Slide|p1b: Eelektross
|-damage|p1b: Eelektross|9/100
|move|p2a: Sinistcha|Matcha Gotcha|p1b: Eelektross
|-damage|p1b: Eelektross|0 fnt
|-heal|p2a: Sinistcha|37/100 par|[from] drain|[of] p1b: Eelektross
|faint|p1b: Eelektross
|
|win|archyx05
