|j|☆MiroKart 8 deluxe
|j|☆Farigi no Raf
|html|MiroKart 8 deluxeFarigi no Raf    
|uhtml|bestof|Game 1 of a best-of-3
|t:|1757078493
|gametype|doubles
|player|p1|MiroKart 8 deluxe|265|1331
|player|p2|Farigi no Raf|vince|1389
|gen|9
|tier|[Gen 9] VGC 2025 Reg H (Bo3)
|rated|
|rule|Species Clause: Limit one of each Pokémon
|rule|Item Clause: Limit 1 of each item
|clearpoke
|poke|p1|Rillaboom, L50, F|
|poke|p1|Kingambit, L50, F|
|poke|p1|Dragapult, L50, F|
|poke|p1|Sneasler, L50, M|
|poke|p1|Primarina, L50, M|
|poke|p1|Electabuzz, L50, F|
|poke|p2|Dragonite, L50, F|
|poke|p2|Gholdengo, L50|
|poke|p2|Sneasler, L50, F|
|poke|p2|Rillaboom, L50, M|
|poke|p2|Ursaluna-Bloodmoon, L50, M|
|poke|p2|Magmar, L50, F|
|teampreview|4
|showteam|p1|Rillaboom||AssaultVest|GrassySurge|FakeOut,GrassyGlide,WoodHammer,Uturn|||F|||50|,,,,,Fire]Kingambit||SafetyGoggles|Defiant|KowtowCleave,SuckerPunch,SwordsDance,Protect|||F|||50|,,,,,Dark]Dragapult||ChoiceBand|ClearBody|DragonDarts,Outrage,Uturn,PhantomForce|||F|||50|,,,,,Dragon]Sneasler||FocusSash|PoisonTouch|DireClaw,CloseCombat,FakeOut,Protect|||M|||50|,,,,,Stellar]Primarina||ThroatSpray|LiquidVoice|HyperVoice,Moonblast,Haze,Protect|||M|||50|,,,,,Poison]Electabuzz||Eviolite|VitalSpirit|FollowMe,Taunt,Electroweb,Protect|||F|||50|,,,,,Fairy
|showteam|p2|Dragonite||LoadedDice|Multiscale|ScaleShot,Tailwind,ExtremeSpeed,Protect|||F|||50|,,,,,Fairy]Gholdengo||LifeOrb|GoodasGold|MakeItRain,ShadowBall,NastyPlot,Protect||||||50|,,,,,Water]Sneasler||FocusSash|PoisonTouch|CloseCombat,DireClaw,Coaching,FakeOut|||F|||50|,,,,,Ghost]Rillaboom||AssaultVest|GrassySurge|WoodHammer,FakeOut,GrassyGlide,HighHorsepower|||M|||50|,,,,,Fire]Ursaluna-Bloodmoon||SilkScarf|MindsEye|HyperVoice,EarthPower,BloodMoon,Protect|||M|||50|,,,,,Water]Magmar||Eviolite|VitalSpirit|FollowMe,BurningJealousy,ClearSmog,Protect|||F|||50|,,,,,Dragon
|inactive|Battle timer is ON: inactive players will automatically lose when time's up. (requested by MiroKart 8 deluxe)
|inactive|MiroKart 8 deluxe has 60 seconds left.
|
|t:|1757078545
|teamsize|p1|4
|teamsize|p2|4
|start
|switch|p1a: Electabuzz|Electabuzz, L50, F|100/100
|switch|p1b: Primarina|Primarina, L50, M|100/100
|switch|p2a: Sneasler|Sneasler, L50, F|100/100
|switch|p2b: Dragonite|Dragonite, L50, F|100/100
|turn|1
|inactive|MiroKart 8 deluxe has 30 seconds left.
|inactive|MiroKart 8 deluxe has 20 seconds left.
|
|t:|1757078583
|switch|p1b: Dragapult|Dragapult, L50, F|100/100
|-terastallize|p2b: Dragonite|Fairy
|move|p2a: Sneasler|Coaching|p2b: Dragonite
|-boost|p2b: Dragonite|atk|1
|-boost|p2b: Dragonite|def|1
|move|p2b: Dragonite|Scale Shot|p1a: Electabuzz
|-damage|p1a: Electabuzz|83/100
|-damage|p1a: Electabuzz|67/100
|-damage|p1a: Electabuzz|49/100
|-damage|p1a: Electabuzz|30/100
|-hitcount|p1a: Electabuzz|4
|-unboost|p2b: Dragonite|def|1
|-boost|p2b: Dragonite|spe|1
|move|p1a: Electabuzz|Electroweb|p2b: Dragonite|[spread] p2a,p2b
|-damage|p2a: Sneasler|80/100
|-damage|p2b: Dragonite|93/100
|-unboost|p2a: Sneasler|spe|1
|-unboost|p2b: Dragonite|spe|1
|
|upkeep
|turn|2
|
|t:|1757078606
|switch|p2a: Magmar|Magmar, L50, F|100/100
|move|p1a: Electabuzz|Protect|p1a: Electabuzz
|-singleturn|p1a: Electabuzz|Protect
|move|p1b: Dragapult|Phantom Force||[still]
|-prepare|p1b: Dragapult|Phantom Force
|move|p2b: Dragonite|Scale Shot|p1a: Electabuzz
|-activate|p1a: Electabuzz|move: Protect
|
|upkeep
|turn|3
|
|t:|1757078623
|switch|p1a: Kingambit|Kingambit, L50, F|100/100
|move|p2a: Magmar|Follow Me|p2a: Magmar
|-singleturn|p2a: Magmar|move: Follow Me
|move|p1b: Dragapult|Phantom Force|p2a: Magmar|[from] lockedmove
|-damage|p2a: Magmar|52/100
|move|p2b: Dragonite|Scale Shot|p1a: Kingambit
|-resisted|p1a: Kingambit
|-damage|p1a: Kingambit|92/100
|-resisted|p1a: Kingambit
|-damage|p1a: Kingambit|83/100
|-resisted|p1a: Kingambit
|-damage|p1a: Kingambit|74/100
|-resisted|p1a: Kingambit
|-damage|p1a: Kingambit|65/100
|-hitcount|p1a: Kingambit|4
|-unboost|p2b: Dragonite|def|1
|-boost|p2b: Dragonite|spe|1
|
|upkeep
|turn|4
|inactive|MiroKart 8 deluxe has 30 seconds left.
|
|t:|1757078654
|switch|p1b: Primarina|Primarina, L50, M|100/100
|move|p2b: Dragonite|Scale Shot|p1b: Primarina
|-immune|p1b: Primarina
|move|p2a: Magmar|Burning Jealousy|p1b: Primarina|[spread] p1a,p1b
|-supereffective|p1a: Kingambit
|-resisted|p1b: Primarina
|-damage|p1a: Kingambit|33/100
|-damage|p1b: Primarina|92/100
|move|p1a: Kingambit|Kowtow Cleave|p2a: Magmar
|-damage|p2a: Magmar|19/100
|
|upkeep
|turn|5
|
|t:|1757078678
|move|p1a: Kingambit|Protect|p1a: Kingambit
|-singleturn|p1a: Kingambit|Protect
|move|p2b: Dragonite|Extreme Speed|p1b: Primarina
|-damage|p1b: Primarina|42/100
|move|p2a: Magmar|Burning Jealousy|p1a: Kingambit|[spread] p1b
|-activate|p1a: Kingambit|move: Protect
|-resisted|p1b: Primarina
|-damage|p1b: Primarina|34/100
|move|p1b: Primarina|Hyper Voice|p2b: Dragonite|[spread] p2a,p2b
|-supereffective|p2a: Magmar
|-damage|p2a: Magmar|0 fnt
|-damage|p2b: Dragonite|53/100
|faint|p2a: Magmar
|-enditem|p1b: Primarina|Throat Spray
|-boost|p1b: Primarina|spa|1|[from] item: Throat Spray
|
|upkeep
|
|t:|1757078695
|switch|p2a: Sneasler|Sneasler, L50, F|80/100
|turn|6
|
|t:|1757078703
|switch|p1a: Dragapult|Dragapult, L50, F|100/100
|move|p1b: Primarina|Protect|p1b: Primarina
|-singleturn|p1b: Primarina|Protect
|move|p2b: Dragonite|Extreme Speed|p1b: Primarina
|-activate|p1b: Primarina|move: Protect
|move|p2a: Sneasler|Close Combat|p1a: Dragapult
|-immune|p1a: Dragapult
|
|upkeep
|turn|7
|inactive|MiroKart 8 deluxe has 30 seconds left.
|
|t:|1757078728
|move|p1a: Dragapult|Phantom Force||[still]
|-prepare|p1a: Dragapult|Phantom Force
|move|p2b: Dragonite|Scale Shot|p1a: Dragapult|[miss]
|-miss|p2b: Dragonite|p1a: Dragapult
|move|p2a: Sneasler|Dire Claw|p1b: Primarina
|-supereffective|p1b: Primarina
|-damage|p1b: Primarina|0 fnt
|faint|p1b: Primarina
|
|upkeep
|
|t:|1757078739
|switch|p1b: Electabuzz|Electabuzz, L50, F|30/100
|turn|8
|
|t:|1757078746
|move|p1b: Electabuzz|Protect|p1b: Electabuzz
|-singleturn|p1b: Electabuzz|Protect
|move|p1a: Dragapult|Phantom Force|p2b: Dragonite|[from] lockedmove
|-damage|p2b: Dragonite|0 fnt
|faint|p2b: Dragonite
|move|p2a: Sneasler|Dire Claw|p1b: Electabuzz
|-activate|p1b: Electabuzz|move: Protect
|
|upkeep
|
|t:|1757078751
|switch|p2b: Ursaluna|Ursaluna-Bloodmoon, L50, M|100/100
|turn|9
|
|t:|1757078773
|switch|p1a: Kingambit|Kingambit, L50, F|33/100
|move|p2a: Sneasler|Close Combat|p1b: Electabuzz
|-damage|p1b: Electabuzz|0 fnt
|-unboost|p2a: Sneasler|def|1
|-unboost|p2a: Sneasler|spd|1
|faint|p1b: Electabuzz
|move|p2b: Ursaluna|Earth Power|p1a: Kingambit
|-supereffective|p1a: Kingambit
|-damage|p1a: Kingambit|0 fnt
|faint|p1a: Kingambit
|
|upkeep
|
|t:|1757078779
|switch|p1b: Dragapult|Dragapult, L50, F|100/100
|turn|10
|
|t:|1757078785
|-terastallize|p1b: Dragapult|Dragon
|move|p1b: Dragapult|Outrage|p2a: Sneasler
|-damage|p2a: Sneasler|0 fnt
|faint|p2a: Sneasler
|move|p2b: Ursaluna|Blood Moon|p1b: Dragapult
|-damage|p1b: Dragapult|0 fnt
|faint|p1b: Dragapult
|
|win|Farigi no Raf
