|j|☆chaoticfarmer
|j|☆spearow's nest
|html|chaoticfarmerspearow's nest    
|uhtml|bestof|Game 1 of a best-of-3
|t:|1757042410
|gametype|doubles
|player|p1|chaoticfarmer|norman|1278
|player|p2|spearow's nest|lance|1219
|gen|9
|tier|[Gen 9] VGC 2025 Reg H (Bo3)
|rated|
|rule|Species Clause: Limit one of each Pokémon
|rule|Item Clause: Limit 1 of each item
|clearpoke
|poke|p1|Rillaboom, L50, F|
|poke|p1|Pelipper, L50, M|
|poke|p1|Sneasler, L50, F|
|poke|p1|Cetitan, L50, M|
|poke|p1|Malamar, L50, F|
|poke|p1|Ursaluna-Bloodmoon, L50, M|
|poke|p2|Rillaboom, L50, M|
|poke|p2|Dragonite, L50, M|
|poke|p2|Sneasler, L50, M|
|poke|p2|Ninetales-Alola, L50, F|
|poke|p2|Kingambit, L50, M|
|poke|p2|Volcarona, L50, M|
|teampreview|4
|showteam|p1|Rillaboom||AssaultVest|GrassySurge|FakeOut,GrassyGlide,WoodHammer,Uturn|||F|||50|,,,,,Fire]Pelipper||FocusSash|Drizzle|Tailwind,Hurricane,WideGuard,WeatherBall|||M|||50|,,,,,Fairy]Sneasler||GrassySeed|Unburden|CloseCombat,DireClaw,ThroatChop,Protect|||F|||50|,,,,,Dark]Cetitan||LifeOrb|SheerForce|IcicleCrash,Liquidation,IceShard,Protect|||M|||50|,,,,,Water]Malamar||CovertCloak|Contrary|PsychoCut,KnockOff,Superpower,TrickRoom|||F|||50|,,,,,Steel]Ursaluna-Bloodmoon||SilkScarf|MindsEye|BloodMoon,HyperVoice,EarthPower,Protect|||M|||50|,,,,,Ghost
|showteam|p2|Rillaboom||AssaultVest|GrassySurge|WoodHammer,GrassyGlide,HighHorsepower,FakeOut|||M|||50|,,,,,Fire]Dragonite||LoadedDice|Multiscale|Protect,ScaleShot,LowKick,Haze|||M|||50|,,,,,Fairy]Sneasler||WhiteHerb|Unburden|Protect,DireClaw,CloseCombat,Coaching|||M|||50|,,,,,Ghost]Ninetales-Alola||ChoiceSpecs|SnowWarning|Blizzard,IcyWind,Moonblast,FreezeDry|||F|||50|,,,,,Ghost]Kingambit||SafetyGoggles|Defiant|Protect,KowtowCleave,SuckerPunch,SwordsDance|||M|||50|,,,,,Dark]Volcarona||CovertCloak|FlameBody|StruggleBug,RagePowder,Overheat,WillOWisp|||M|||50|,,,,,Fairy
|inactive|Battle timer is ON: inactive players will automatically lose when time's up. (requested by chaoticfarmer)
|inactive|chaoticfarmer has 60 seconds left.
|inactive|spearow's nest has 60 seconds left.
|inactive|chaoticfarmer has 30 seconds left.
|inactive|spearow's nest has 30 seconds left.
|inactive|chaoticfarmer has 20 seconds left.
|inactive|chaoticfarmer has 15 seconds left.
|inactive|chaoticfarmer has 10 seconds left.
|
|t:|1757042493
|teamsize|p1|4
|teamsize|p2|4
|start
|switch|p1a: Pelipper|Pelipper, L50, M|100/100
|switch|p1b: Sneasler|Sneasler, L50, F|100/100
|switch|p2a: Ninetales|Ninetales-Alola, L50, F|100/100
|switch|p2b: Volcarona|Volcarona, L50, M|100/100
|-weather|Snowscape|[from] ability: Snow Warning|[of] p2a: Ninetales
|-weather|RainDance|[from] ability: Drizzle|[of] p1a: Pelipper
|turn|1
|inactive|chaoticfarmer has 30 seconds left.
|inactive|spearow's nest has 30 seconds left.
|
|t:|1757042528
|-terastallize|p2a: Ninetales|Ghost
|move|p1a: Pelipper|Wide Guard|p1a: Pelipper
|-singleturn|p1a: Pelipper|Wide Guard
|move|p2a: Ninetales|Moonblast|p1a: Pelipper
|-damage|p1a: Pelipper|5/100
|move|p1b: Sneasler|Dire Claw|p2a: Ninetales
|-resisted|p2a: Ninetales
|-damage|p2a: Ninetales|65/100
|-status|p2a: Ninetales|psn
|move|p2b: Volcarona|Struggle Bug|p1b: Sneasler|[spread] 
|-activate|p1a: Pelipper|move: Wide Guard
|-activate|p1b: Sneasler|move: Wide Guard
|
|-weather|RainDance|[upkeep]
|-damage|p2a: Ninetales|53/100 psn|[from] psn
|upkeep
|turn|2
|inactive|chaoticfarmer has 30 seconds left.
|inactive|chaoticfarmer has 20 seconds left.
|inactive|chaoticfarmer has 15 seconds left.
|inactive|chaoticfarmer has 10 seconds left.
|inactive|spearow's nest has 30 seconds left.
|
|t:|1757042574
|move|p1b: Sneasler|Protect|p1b: Sneasler
|-singleturn|p1b: Sneasler|Protect
|move|p2b: Volcarona|Rage Powder|p2b: Volcarona
|-singleturn|p2b: Volcarona|move: Rage Powder
|move|p2a: Ninetales|Moonblast|p1a: Pelipper
|-damage|p1a: Pelipper|0 fnt
|faint|p1a: Pelipper
|
|-weather|RainDance|[upkeep]
|-damage|p2a: Ninetales|42/100 psn|[from] psn
|upkeep
|
|t:|1757042584
|switch|p1a: Malamar|Malamar, L50, F|100/100
|turn|3
|
|t:|1757042601
|-terastallize|p1a: Malamar|Steel
|move|p2a: Ninetales|Moonblast|p1b: Sneasler
|-damage|p1b: Sneasler|26/100
|-unboost|p1b: Sneasler|spa|1
|move|p1b: Sneasler|Throat Chop|p2a: Ninetales
|-supereffective|p2a: Ninetales
|-damage|p2a: Ninetales|0 fnt
|faint|p2a: Ninetales
|move|p2b: Volcarona|Will-O-Wisp|p1a: Malamar
|-status|p1a: Malamar|brn
|move|p1a: Malamar|Trick Room|p1a: Malamar
|-fieldstart|move: Trick Room|[of] p1a: Malamar
|
|-weather|RainDance|[upkeep]
|-damage|p1a: Malamar|95/100 brn|[from] brn
|upkeep
|
|t:|1757042617
|switch|p2a: Kingambit|Kingambit, L50, M|100/100
|turn|4
|inactive|chaoticfarmer has 30 seconds left.
|
|t:|1757042645
|move|p2b: Volcarona|Rage Powder|p2b: Volcarona
|-singleturn|p2b: Volcarona|move: Rage Powder
|move|p2a: Kingambit|Swords Dance|p2a: Kingambit
|-boost|p2a: Kingambit|atk|2
|move|p1a: Malamar|Superpower|p2b: Volcarona
|-resisted|p2b: Volcarona
|-damage|p2b: Volcarona|91/100
|-boost|p1a: Malamar|atk|1
|-boost|p1a: Malamar|def|1
|move|p1b: Sneasler|Dire Claw|p2b: Volcarona
|-damage|p2b: Volcarona|34/100
|
|-weather|RainDance|[upkeep]
|-damage|p1a: Malamar|89/100 brn|[from] brn
|upkeep
|turn|5
|inactive|spearow's nest has 30 seconds left.
|
|t:|1757042675
|move|p2a: Kingambit|Kowtow Cleave|p1a: Malamar
|-damage|p1a: Malamar|34/100 brn
|move|p1a: Malamar|Superpower|p2b: Volcarona
|-resisted|p2b: Volcarona
|-damage|p2b: Volcarona|21/100
|-boost|p1a: Malamar|atk|1
|-boost|p1a: Malamar|def|1
|move|p2b: Volcarona|Will-O-Wisp|p1b: Sneasler
|-status|p1b: Sneasler|brn
|move|p1b: Sneasler|Dire Claw|p2b: Volcarona
|-damage|p2b: Volcarona|0 fnt
|faint|p2b: Volcarona
|
|-weather|none
|-damage|p1a: Malamar|28/100 brn|[from] brn
|-damage|p1b: Sneasler|20/100 brn|[from] brn
|upkeep
|
|t:|1757042689
|switch|p2b: Sneasler|Sneasler, L50, M|100/100
|turn|6
|inactive|spearow's nest has 30 seconds left.
|
|t:|1757042715
|move|p2a: Kingambit|Sucker Punch|p1a: Malamar
|-damage|p1a: Malamar|0 fnt
|faint|p1a: Malamar
|move|p1b: Sneasler|Close Combat|p2a: Kingambit
|-supereffective|p2a: Kingambit
|-damage|p2a: Kingambit|5/100
|-unboost|p1b: Sneasler|def|1
|-unboost|p1b: Sneasler|spd|1
|move|p2b: Sneasler|Close Combat|p1b: Sneasler
|-resisted|p1b: Sneasler
|-damage|p1b: Sneasler|0 fnt
|-unboost|p2b: Sneasler|def|1
|-unboost|p2b: Sneasler|spd|1
|faint|p1b: Sneasler
|-enditem|p2b: Sneasler|White Herb
|-clearnegativeboost|p2b: Sneasler|[silent]
|
|upkeep
|
|t:|1757042722
|switch|p1b: Cetitan|Cetitan, L50, M|100/100
|turn|7
|
|t:|1757042725
|move|p2a: Kingambit|Protect|p2a: Kingambit
|-singleturn|p2a: Kingambit|Protect
|move|p2b: Sneasler|Protect|p2b: Sneasler
|-singleturn|p2b: Sneasler|Protect
|move|p1b: Cetitan|Ice Shard|p2a: Kingambit
|-activate|p2a: Kingambit|move: Protect
|
|-fieldend|move: Trick Room
|upkeep
|turn|8
|-message|chaoticfarmer forfeited.
|
|win|spearow's nest
