|j|☆bpecina03
|j|☆oyatoyats
|html|bpecina03oyatoyats    
|uhtml|bestof|Game 1 of a best-of-3
|t:|1756389964
|gametype|doubles
|player|p1|bpecina03|169|1008
|player|p2|oyatoyats|2|1027
|gen|9
|tier|[Gen 9] VGC 2025 Reg H (Bo3)
|rated|
|rule|Species Clause: Limit one of each Pokémon
|rule|Item Clause: Limit 1 of each item
|clearpoke
|poke|p1|Dragonite, L50, M|
|poke|p1|Kingambit, L50, M|
|poke|p1|Rillaboom, L50, F|
|poke|p1|Clefable, L50, M|
|poke|p1|Archaludon, L50, F|
|poke|p1|Sneasler, L50, F|
|poke|p2|Sneasler, L50, M|
|poke|p2|Dragapult, L50, M|
|poke|p2|Primarina, L50, M|
|poke|p2|Rillaboom, L50, M|
|poke|p2|Kingambit, L50, F|
|poke|p2|Magmar, L50, M|
|teampreview|4
|showteam|p1|Dragonite||LoadedDice|InnerFocus|ScaleShot,ExtremeSpeed,Protect,Tailwind|||M|||50|,,,,,Fairy]Kingambit||BlackGlasses|Defiant|Protect,KowtowCleave,SwordsDance,SuckerPunch|||M|||50|,,,,,Dark]Rillaboom||AssaultVest|GrassySurge|FakeOut,WoodHammer,GrassyGlide,Uturn|||F|||50|,,,,,Water]Clefable||SafetyGoggles|MagicGuard|FollowMe,DazzlingGleam,Protect,HelpingHand|||M|||50|,,,,,Fairy]Archaludon||PowerHerb|Stamina|BodyPress,FlashCannon,ElectroShot,Protect|||F|||50|,,,,,Steel]Sneasler||FocusSash|Pressure|ThroatChop,CloseCombat,DireClaw,Protect|||F|||50|,,,,,Stellar
|showteam|p2|Sneasler||FocusSash|PoisonTouch|CloseCombat,DireClaw,FakeOut,Protect|||M|||50|,,,,,Stellar]Dragapult||ChoiceBand|ClearBody|DragonDarts,TeraBlast,PhantomForce,Uturn|||M|||50|,,,,,Ghost]Primarina||SitrusBerry|LiquidVoice|HyperVoice,Moonblast,Haze,Protect|||M|||50|,,,,,Water]Rillaboom||AssaultVest|GrassySurge|WoodHammer,GrassyGlide,HighHorsepower,FakeOut|||M|||50|,,,,,Fire]Kingambit||DreadPlate|Defiant|KowtowCleave,SuckerPunch,SwordsDance,Protect|||F|||50|,,,,,Ghost]Magmar||Eviolite|VitalSpirit|Overheat,WillOWisp,FollowMe,Protect|||M|||50|,,,,,Ghost
|
|t:|1756389988
|teamsize|p1|4
|teamsize|p2|4
|start
|switch|p1a: Archaludon|Archaludon, L50, F|100/100
|switch|p1b: Clefable|Clefable, L50, M|100/100
|switch|p2a: Sneasler|Sneasler, L50, M|100/100
|switch|p2b: Dragapult|Dragapult, L50, M|100/100
|turn|1
|
|t:|1756390006
|move|p1a: Archaludon|Protect|p1a: Archaludon
|-singleturn|p1a: Archaludon|Protect
|move|p1b: Clefable|Protect|p1b: Clefable
|-singleturn|p1b: Clefable|Protect
|move|p2a: Sneasler|Fake Out|p1b: Clefable
|-activate|p1b: Clefable|move: Protect
|move|p2b: Dragapult|U-turn|p1a: Archaludon
|-activate|p1a: Archaludon|move: Protect
|
|upkeep
|turn|2
|
|t:|1756390033
|move|p1b: Clefable|Follow Me|p1b: Clefable
|-singleturn|p1b: Clefable|move: Follow Me
|move|p2b: Dragapult|U-turn|p1b: Clefable
|-resisted|p1b: Clefable
|-damage|p1b: Clefable|87/100
|
|t:|1756390039
|switch|p2b: Magmar|Magmar, L50, M|100/100|[from] U-turn
|move|p2a: Sneasler|Close Combat|p1b: Clefable
|-resisted|p1b: Clefable
|-damage|p1b: Clefable|60/100
|-unboost|p2a: Sneasler|def|1
|-unboost|p2a: Sneasler|spd|1
|-status|p1b: Clefable|psn|[from] ability: Poison Touch|[of] p2a: Sneasler
|move|p1a: Archaludon|Flash Cannon|p2a: Sneasler
|-damage|p2a: Sneasler|21/100
|-unboost|p2a: Sneasler|spd|1
|
|upkeep
|turn|3
|
|t:|1756390066
|move|p2a: Sneasler|Protect|p2a: Sneasler
|-singleturn|p2a: Sneasler|Protect
|move|p1b: Clefable|Follow Me|p1b: Clefable
|-singleturn|p1b: Clefable|move: Follow Me
|move|p2b: Magmar|Will-O-Wisp||[still]
|-fail|p2b: Magmar
|move|p1a: Archaludon|Body Press|p2b: Magmar
|-damage|p2b: Magmar|78/100
|
|upkeep
|turn|4
|
|t:|1756390090
|switch|p2a: Primarina|Primarina, L50, M|100/100
|move|p1b: Clefable|Follow Me|p1b: Clefable
|-singleturn|p1b: Clefable|move: Follow Me
|move|p2b: Magmar|Will-O-Wisp||[still]
|-fail|p2b: Magmar
|move|p1a: Archaludon|Body Press|p2b: Magmar
|-damage|p2b: Magmar|59/100
|
|upkeep
|turn|5
|
|t:|1756390121
|move|p1b: Clefable|Follow Me|p1b: Clefable
|-singleturn|p1b: Clefable|move: Follow Me
|move|p2b: Magmar|Will-O-Wisp|p1b: Clefable|[miss]
|-miss|p2b: Magmar|p1b: Clefable
|move|p1a: Archaludon|Flash Cannon|p2a: Primarina
|-damage|p2a: Primarina|68/100
|move|p2a: Primarina|Hyper Voice|p1a: Archaludon|[spread] p1a,p1b
|-resisted|p1a: Archaludon
|-crit|p1a: Archaludon
|-damage|p1a: Archaludon|64/100
|-damage|p1b: Clefable|29/100 psn
|-ability|p1a: Archaludon|Stamina|boost
|-boost|p1a: Archaludon|def|1
|
|upkeep
|turn|6
|
|t:|1756390150
|move|p2b: Magmar|Overheat|p1a: Archaludon
|-damage|p1a: Archaludon|3/100
|-unboost|p2b: Magmar|spa|2
|-ability|p1a: Archaludon|Stamina|boost
|-boost|p1a: Archaludon|def|1
|move|p1a: Archaludon|Electro Shot||[still]
|-prepare|p1a: Archaludon|Electro Shot
|-boost|p1a: Archaludon|spa|1
|-enditem|p1a: Archaludon|Power Herb
|-anim|p1a: Archaludon|Electro Shot|p2a: Primarina
|-supereffective|p2a: Primarina
|-damage|p2a: Primarina|0 fnt
|faint|p2a: Primarina
|move|p1b: Clefable|Dazzling Gleam|p2b: Magmar
|-resisted|p2b: Magmar
|-damage|p2b: Magmar|50/100
|
|upkeep
|
|t:|1756390167
|switch|p2a: Sneasler|Sneasler, L50, M|21/100
|turn|7
|
|t:|1756390182
|move|p1a: Archaludon|Protect|p1a: Archaludon
|-singleturn|p1a: Archaludon|Protect
|move|p1b: Clefable|Protect|p1b: Clefable
|-singleturn|p1b: Clefable|Protect
|move|p2a: Sneasler|Fake Out|p1a: Archaludon
|-activate|p1a: Archaludon|move: Protect
|move|p2b: Magmar|Follow Me|p2b: Magmar
|-singleturn|p2b: Magmar|move: Follow Me
|
|upkeep
|turn|8
|
|t:|1756390197
|move|p1b: Clefable|Follow Me|p1b: Clefable
|-singleturn|p1b: Clefable|move: Follow Me
|move|p2a: Sneasler|Dire Claw|p1b: Clefable
|-supereffective|p1b: Clefable
|-damage|p1b: Clefable|0 fnt
|faint|p1b: Clefable
|move|p2b: Magmar|Overheat|p1a: Archaludon
|-damage|p1a: Archaludon|0 fnt
|-unboost|p2b: Magmar|spa|2
|faint|p1a: Archaludon
|
|upkeep
|
|t:|1756390210
|switch|p1a: Kingambit|Kingambit, L50, M|100/100
|switch|p1b: Rillaboom|Rillaboom, L50, F|100/100
|-fieldstart|move: Grassy Terrain|[from] ability: Grassy Surge|[of] p1b: Rillaboom
|turn|9
|
|t:|1756390236
|move|p2a: Sneasler|Protect|p2a: Sneasler
|-singleturn|p2a: Sneasler|Protect
|move|p2b: Magmar|Protect|p2b: Magmar
|-singleturn|p2b: Magmar|Protect
|move|p1b: Rillaboom|Fake Out|p2b: Magmar
|-activate|p2b: Magmar|move: Protect
|move|p1a: Kingambit|Sucker Punch||[still]
|-fail|p1a: Kingambit
|
|-heal|p2a: Sneasler|27/100|[from] Grassy Terrain
|-heal|p2b: Magmar|56/100|[from] Grassy Terrain
|upkeep
|turn|10
|
|t:|1756390262
|-terastallize|p1b: Rillaboom|Water
|move|p2b: Magmar|Follow Me|p2b: Magmar
|-singleturn|p2b: Magmar|move: Follow Me
|move|p1a: Kingambit|Sucker Punch||[still]
|-fail|p1a: Kingambit
|move|p2a: Sneasler|Close Combat|p1a: Kingambit
|-supereffective|p1a: Kingambit
|-damage|p1a: Kingambit|0 fnt
|-unboost|p2a: Sneasler|def|1
|-unboost|p2a: Sneasler|spd|1
|faint|p1a: Kingambit
|move|p1b: Rillaboom|Wood Hammer|p2b: Magmar
|-resisted|p2b: Magmar
|-damage|p2b: Magmar|27/100
|-damage|p1b: Rillaboom|91/100|[from] Recoil
|
|-heal|p2a: Sneasler|33/100|[from] Grassy Terrain
|-heal|p2b: Magmar|33/100|[from] Grassy Terrain
|-heal|p1b: Rillaboom|97/100|[from] Grassy Terrain
|upkeep
|turn|11
|
|t:|1756390284
|move|p2a: Sneasler|Protect|p2a: Sneasler
|-singleturn|p2a: Sneasler|Protect
|move|p2b: Magmar|Will-O-Wisp|p1b: Rillaboom
|-status|p1b: Rillaboom|brn
|move|p1b: Rillaboom|Wood Hammer|p2a: Sneasler
|-activate|p2a: Sneasler|move: Protect
|
|-heal|p2a: Sneasler|38/100|[from] Grassy Terrain
|-heal|p2b: Magmar|39/100|[from] Grassy Terrain
|-heal|p1b: Rillaboom|100/100 brn|[from] Grassy Terrain
|-damage|p1b: Rillaboom|95/100 brn|[from] brn
|upkeep
|turn|12
|
|t:|1756390302
|move|p2b: Magmar|Follow Me|p2b: Magmar
|-singleturn|p2b: Magmar|move: Follow Me
|move|p2a: Sneasler|Dire Claw|p1b: Rillaboom
|-damage|p1b: Rillaboom|58/100 brn
|move|p1b: Rillaboom|Wood Hammer|p2b: Magmar
|-resisted|p2b: Magmar
|-damage|p2b: Magmar|25/100
|-damage|p1b: Rillaboom|54/100 brn|[from] Recoil
|
|-heal|p2a: Sneasler|44/100|[from] Grassy Terrain
|-heal|p2b: Magmar|31/100|[from] Grassy Terrain
|-heal|p1b: Rillaboom|59/100 brn|[from] Grassy Terrain
|-damage|p1b: Rillaboom|54/100 brn|[from] brn
|upkeep
|turn|13
|-message|bpecina03 forfeited.
|
|win|oyatoyats
|l|☆bpecina03
|player|p1|
||bpecina03 is ready for game 2.
