|j|☆red gate 0
|j|☆UndeadParadox
|html|red gate 0UndeadParadox    
|uhtml|bestof|Game 1 of a best-of-3
|t:|1756788901
|gametype|doubles
|player|p1|red gate 0|n|1214
|player|p2|UndeadParadox|guitarist|1263
|gen|9
|tier|[Gen 9] VGC 2025 Reg H (Bo3)
|rated|
|rule|Species Clause: Limit one of each Pokémon
|rule|Item Clause: Limit 1 of each item
|clearpoke
|poke|p1|Sneasler, L50, M|
|poke|p1|Gholdengo, L50|
|poke|p1|Ninetales-Alola, L50, F|
|poke|p1|Arcanine-Hisui, L50, M|
|poke|p1|Amoonguss, L50, F|
|poke|p1|Rillaboom, L50, M|
|poke|p2|Sneasler, L50, F|
|poke|p2|Rillaboom, L50, M|
|poke|p2|Incineroar, L50, M|
|poke|p2|Gholdengo, L50|
|poke|p2|Hydreigon, L50, M|
|poke|p2|Gengar, L50, F|
|teampreview|4
|showteam|p1|Sneasler||FocusSash|PoisonTouch|DireClaw,CloseCombat,FakeOut,Protect|||M|||50|,,,,,Stellar]Gholdengo||GrassySeed|GoodasGold|MakeItRain,ShadowBall,NastyPlot,Protect||||||50|,,,,,Water]Ninetales-Alola||LightClay|SnowWarning|IcyWind,FreezeDry,AuroraVeil,Protect|||F|||50|,,,,,Ghost]Arcanine-Hisui||ClearAmulet|Intimidate|FlareBlitz,RockSlide,ExtremeSpeed,Protect|||M|||50|,,,,,Ghost]Amoonguss||SitrusBerry|Regenerator|ClearSmog,PollenPuff,Spore,RagePowder|||F|||50|,,,,,Water]Rillaboom||AssaultVest|GrassySurge|WoodHammer,GrassyGlide,HighHorsepower,FakeOut|||M|||50|,,,,,Fire
|showteam|p2|Sneasler||GrassySeed|Unburden|CloseCombat,DireClaw,Acrobatics,Protect|||F|||50|,,,,,Flying]Rillaboom||AssaultVest|GrassySurge|WoodHammer,GrassyGlide,FakeOut,HighHorsepower|||M|||50|,,,,,Fire]Incineroar||SafetyGoggles|Intimidate|FlareBlitz,KnockOff,PartingShot,FakeOut|||M|||50|,,,,,Ghost]Gholdengo||MetalCoat|GoodasGold|Protect,MakeItRain,ShadowBall,NastyPlot||||||50|,,,,,Water]Hydreigon||LifeOrb|Levitate|Flamethrower,DracoMeteor,DarkPulse,Protect|||M|||50|,,,,,Fire]Gengar||FocusSash|CursedBody|ShadowBall,Haze,Taunt,IcyWind|||F|||50|,,,,,Ghost
|inactive|Battle timer is ON: inactive players will automatically lose when time's up. (requested by red gate 0)
|inactive|red gate 0 has 60 seconds left.
|
|t:|1756788951
|teamsize|p1|4
|teamsize|p2|4
|start
|switch|p1a: Arcanine|Arcanine-Hisui, L50, M|100/100
|switch|p1b: Ninetales|Ninetales-Alola, L50, F, shiny|100/100
|switch|p2a: Incineroar|Incineroar, L50, M, shiny|100/100
|switch|p2b: Gholdengo|Gholdengo, L50, shiny|100/100
|-weather|Snowscape|[from] ability: Snow Warning|[of] p1b: Ninetales
|-ability|p1a: Arcanine|Intimidate|boost
|-unboost|p2a: Incineroar|atk|1
|-unboost|p2b: Gholdengo|atk|1
|-ability|p2a: Incineroar|Intimidate|boost
|-fail|p1a: Arcanine|unboost|[from] item: Clear Amulet|[of] p1a: Arcanine
|-unboost|p1b: Ninetales|atk|1
|turn|1
|inactive|UndeadParadox has 30 seconds left.
|inactive|UndeadParadox has 20 seconds left.
|inactive|UndeadParadox has 15 seconds left.
|
|t:|1756788992
|switch|p1a: Gholdengo|Gholdengo, L50|100/100
|move|p1b: Ninetales|Aurora Veil|p1b: Ninetales
|-sidestart|p1: red gate 0|move: Aurora Veil
|move|p2b: Gholdengo|Make It Rain|p1b: Ninetales|[spread] p1a,p1b
|-resisted|p1a: Gholdengo
|-supereffective|p1b: Ninetales
|-damage|p1a: Gholdengo|79/100
|-damage|p1b: Ninetales|0 fnt
|-unboost|p2b: Gholdengo|spa|1
|faint|p1b: Ninetales
|move|p2a: Incineroar|Knock Off|p1a: Gholdengo
|-supereffective|p1a: Gholdengo
|-damage|p1a: Gholdengo|38/100
|-enditem|p1a: Gholdengo|Grassy Seed|[from] move: Knock Off|[of] p2a: Incineroar
|
|-weather|Snowscape|[upkeep]
|upkeep
|
|t:|1756789008
|switch|p1b: Arcanine|Arcanine-Hisui, L50, M|100/100
|-ability|p1b: Arcanine|Intimidate|boost
|-unboost|p2a: Incineroar|atk|1
|-unboost|p2b: Gholdengo|atk|1
|turn|2
|
|t:|1756789032
|switch|p1b: Amoonguss|Amoonguss, L50, F, shiny|100/100
|move|p1a: Gholdengo|Protect|p1a: Gholdengo
|-singleturn|p1a: Gholdengo|Protect
|move|p2b: Gholdengo|Protect|p2b: Gholdengo
|-singleturn|p2b: Gholdengo|Protect
|move|p2a: Incineroar|Flare Blitz|p1a: Gholdengo
|-activate|p1a: Gholdengo|move: Protect
|
|-weather|Snowscape|[upkeep]
|upkeep
|turn|3
|inactive|UndeadParadox has 30 seconds left.
|
|t:|1756789059
|switch|p2a: Hydreigon|Hydreigon, L50, M, shiny|100/100
|-terastallize|p1a: Gholdengo|Water
|-terastallize|p2b: Gholdengo|Water
|move|p1a: Gholdengo|Nasty Plot|p1a: Gholdengo
|-boost|p1a: Gholdengo|spa|2
|move|p2b: Gholdengo|Nasty Plot|p2b: Gholdengo
|-boost|p2b: Gholdengo|spa|2
|move|p1b: Amoonguss|Pollen Puff|p1a: Gholdengo
|-heal|p1a: Gholdengo|88/100
|
|-weather|Snowscape|[upkeep]
|upkeep
|turn|4
|inactive|UndeadParadox has 30 seconds left.
|
|t:|1756789095
|move|p2a: Hydreigon|Dark Pulse|p1a: Gholdengo
|-damage|p1a: Gholdengo|49/100
|-damage|p2a: Hydreigon|91/100|[from] item: Life Orb
|move|p1a: Gholdengo|Nasty Plot|p1a: Gholdengo
|-boost|p1a: Gholdengo|spa|2
|move|p2b: Gholdengo|Make It Rain|p1b: Amoonguss|[spread] p1a,p1b
|-resisted|p1a: Gholdengo
|-damage|p1a: Gholdengo|15/100
|-damage|p1b: Amoonguss|56/100
|-unboost|p2b: Gholdengo|spa|1
|move|p1b: Amoonguss|Pollen Puff|p1a: Gholdengo
|-heal|p1a: Gholdengo|65/100
|
|-weather|Snowscape|[upkeep]
|upkeep
|turn|5
|inactive|UndeadParadox has 30 seconds left.
|
|t:|1756789123
|move|p2a: Hydreigon|Protect|p2a: Hydreigon
|-singleturn|p2a: Hydreigon|Protect
|move|p2b: Gholdengo|Protect|p2b: Gholdengo
|-singleturn|p2b: Gholdengo|Protect
|move|p1b: Amoonguss|Rage Powder|p1b: Amoonguss
|-singleturn|p1b: Amoonguss|move: Rage Powder
|move|p1a: Gholdengo|Make It Rain|p2a: Hydreigon|[spread] 
|-activate|p2a: Hydreigon|move: Protect
|-activate|p2b: Gholdengo|move: Protect
|
|-weather|none
|upkeep
|turn|6
|
|t:|1756789138
|switch|p1b: Arcanine|Arcanine-Hisui, L50, M|100/100
|-ability|p1b: Arcanine|Intimidate|boost
|-unboost|p2a: Hydreigon|atk|1
|-unboost|p2b: Gholdengo|atk|1
|move|p2a: Hydreigon|Draco Meteor|p1a: Gholdengo
|-damage|p1a: Gholdengo|8/100
|-unboost|p2a: Hydreigon|spa|2
|-damage|p2a: Hydreigon|82/100|[from] item: Life Orb
|move|p1a: Gholdengo|Make It Rain|p2b: Gholdengo|[spread] p2a,p2b
|-resisted|p2b: Gholdengo
|-damage|p2a: Hydreigon|0 fnt
|-damage|p2b: Gholdengo|24/100
|-unboost|p1a: Gholdengo|spa|1
|faint|p2a: Hydreigon
|move|p2b: Gholdengo|Nasty Plot|p2b: Gholdengo
|-boost|p2b: Gholdengo|spa|2
|
|upkeep
|
|t:|1756789160
|switch|p2a: Sneasler|Sneasler, L50, F, shiny|100/100
|turn|7
|inactive|UndeadParadox has 30 seconds left.
|inactive|UndeadParadox has 20 seconds left.
|inactive|UndeadParadox has 15 seconds left.
|
|t:|1756789205
|move|p2a: Sneasler|Close Combat|p1b: Arcanine
|-supereffective|p1b: Arcanine
|-damage|p1b: Arcanine|0 fnt
|-unboost|p2a: Sneasler|def|1
|-unboost|p2a: Sneasler|spd|1
|faint|p1b: Arcanine
|move|p1a: Gholdengo|Make It Rain|p2a: Sneasler|[spread] p2a,p2b
|-resisted|p2b: Gholdengo
|-damage|p2a: Sneasler|0 fnt
|-damage|p2b: Gholdengo|0 fnt
|-unboost|p1a: Gholdengo|spa|1
|faint|p2a: Sneasler
|faint|p2b: Gholdengo
|
|upkeep
|
|t:|1756789218
|switch|p1b: Amoonguss|Amoonguss, L50, F, shiny|89/100
|switch|p2b: Incineroar|Incineroar, L50, M, shiny|100/100
|-ability|p2b: Incineroar|Intimidate|boost
|-unboost|p1a: Gholdengo|atk|1
|-unboost|p1b: Amoonguss|atk|1
|turn|8
|
|t:|1756789233
|move|p1a: Gholdengo|Protect|p1a: Gholdengo
|-singleturn|p1a: Gholdengo|Protect
|move|p2b: Incineroar|Knock Off|p1a: Gholdengo
|-activate|p1a: Gholdengo|move: Protect
|move|p1b: Amoonguss|Pollen Puff|p2b: Incineroar
|-damage|p2b: Incineroar|83/100
|
|-sideend|p1: red gate 0|move: Aurora Veil
|upkeep
|turn|9
|
|t:|1756789239
|move|p1b: Amoonguss|Rage Powder|p1b: Amoonguss
|-singleturn|p1b: Amoonguss|move: Rage Powder
|move|p1a: Gholdengo|Make It Rain|p2b: Incineroar
|-resisted|p2b: Incineroar
|-crit|p2b: Incineroar
|-damage|p2b: Incineroar|9/100
|-unboost|p1a: Gholdengo|spa|1
|move|p2b: Incineroar|Knock Off|p1a: Gholdengo
|-damage|p1a: Gholdengo|0 fnt
|faint|p1a: Gholdengo
|
|upkeep
|turn|10
|
|t:|1756789250
|move|p2b: Incineroar|Flare Blitz|p1b: Amoonguss
|-supereffective|p1b: Amoonguss
|-damage|p1b: Amoonguss|0 fnt
|faint|p1b: Amoonguss
|-damage|p2b: Incineroar|0 fnt|[from] Recoil
|faint|p2b: Incineroar
|
|win|UndeadParadox
||UndeadParadox is ready for game 2.
||red gate 0 is ready for game 2.
|uhtml|next|Next: Game 2 of 3
