|j|☆CrazyComet37
|j|☆Dot1Q
|html|CrazyComet37Dot1Q    
|uhtml|bestof|Game 1 of a best-of-3
|t:|1783534016
|gametype|doubles
|player|p1|CrazyComet37|flint|
|player|p2|Dot1Q|veteran|
|gen|9
|tier|[Gen 9 Champions] VGC 2026 Reg M-B (Bo3)
|rule|Species Clause: Limit one of each Pokémon
|rule|Item Clause: Limit 1 of each item
|clearpoke
|poke|p1|Whimsicott, L50, M|
|poke|p1|Garchomp, L50, F|
|poke|p1|Charizard, L50, M|
|poke|p1|Floette-Eternal, L50, F|
|poke|p1|Kingambit, L50, M|
|poke|p1|Basculegion, L50, M|
|poke|p2|Annihilape, L50, M|
|poke|p2|Dragonite, L50, M|
|poke|p2|Armarouge, L50, M|
|poke|p2|Torkoal, L50, F|
|poke|p2|Maushold-Four, L50|
|poke|p2|Kingambit, L50, M|
|teampreview|4
|showteam|p1|Whimsicott||FocusSash|Prankster|Protect,Tailwind,Moonblast,Encore|Timid||M|||50|]Garchomp||LifeOrb|RoughSkin|Protect,Earthquake,DragonClaw,RockSlide|Jolly||F|||50|]Charizard||CharizarditeY|Blaze|Protect,HeatWave,WeatherBall,SolarBeam|Modest||M|||50|]Floette-Eternal||Floettite|FlowerVeil|Protect,LightofRuin,DazzlingGleam,Moonblast|Modest||F|||50|]Kingambit||ChopleBerry|Defiant|IronHead,SuckerPunch,KowtowCleave,LowKick|Adamant||M|||50|]Basculegion||MysticWater|Adaptability|Protect,AquaJet,LastRespects,WaveCrash|Adamant||M|||50|
|showteam|p2|Annihilape||ChoiceScarf|Defiant|ShadowClaw,CloseCombat,SeedBomb,IcePunch|Adamant||M|||50|]Dragonite||Dragoninite|InnerFocus|DragonDance,DragonClaw,ExtremeSpeed,Protect|Adamant||M|||50|]Armarouge||Leftovers|FlashFire|Psychic,HeatWave,CalmMind,TrickRoom|Modest||M|||50|]Torkoal||Charcoal|Drought|Eruption,HeatWave,EarthPower,Protect|Quiet||F|||50|]Maushold-Four||WideLens|Technician|PopulationBomb,Bite,FollowMe,Protect|Jolly|||||50|]Kingambit||LifeOrb|Defiant|IronHead,KowtowCleave,SuckerPunch,Protect|Adamant||M|||50|
|c|☆CrazyComet37|Glhf!
|c|☆Dot1Q|u2
|
|t:|1783534077
|teamsize|p1|4
|teamsize|p2|4
|start
|switch|p1a: Basculegion|Basculegion, L50, M|100/100
|switch|p1b: Floette|Floette-Eternal, L50, F|100/100
|switch|p2a: Annihilape|Annihilape, L50, M|100/100
|switch|p2b: Armarouge|Armarouge, L50, M|100/100
|turn|1
|inactive|Battle timer is ON: inactive players will automatically lose when time's up. (requested by CrazyComet37)
|
|t:|1783534101
|switch|p1a: Garchomp|Garchomp, L50, F|100/100
|detailschange|p1b: Floette|Floette-Mega, L50, F
|-mega|p1b: Floette|Floette|Floettite
|-ability|p1b: Floette|Fairy Aura
|move|p2a: Annihilape|Shadow Claw|p1a: Garchomp
|-crit|p1a: Garchomp
|-damage|p1a: Garchomp|46/100
|-damage|p2a: Annihilape|87/100|[from] ability: Rough Skin|[of] p1a: Garchomp
|move|p1b: Floette|Dazzling Gleam|p2a: Annihilape|[spread] p2a,p2b
|-supereffective|p2a: Annihilape|1
|-resisted|p2b: Armarouge|1
|-damage|p2a: Annihilape|0 fnt
|-damage|p2b: Armarouge|71/100
|faint|p2a: Annihilape
|move|p2b: Armarouge|Trick Room|p2b: Armarouge
|-fieldstart|move: Trick Room|[of] p2b: Armarouge
|
|-heal|p2b: Armarouge|78/100|[from] item: Leftovers
|upkeep
|
|t:|1783534113
|switch|p2a: Torkoal|Torkoal, L50, F|100/100
|-weather|SunnyDay|[from] ability: Drought|[of] p2a: Torkoal
|turn|2
|inactive|CrazyComet37 has 30 seconds left.
|
|t:|1783534142
|move|p1b: Floette|Protect|p1b: Floette
|-singleturn|p1b: Floette|Protect
|move|p1a: Garchomp|Protect|p1a: Garchomp
|-singleturn|p1a: Garchomp|Protect
|move|p2a: Torkoal|Eruption|p1b: Floette|[spread] 
|-activate|p1a: Garchomp|move: Protect
|-activate|p1b: Floette|move: Protect
|move|p2b: Armarouge|Calm Mind|p2b: Armarouge
|-boost|p2b: Armarouge|spa|1
|-boost|p2b: Armarouge|spd|1
|
|-weather|SunnyDay|[upkeep]
|-heal|p2b: Armarouge|84/100|[from] item: Leftovers
|upkeep
|turn|3
|inactive|CrazyComet37 has 30 seconds left.
|
|t:|1783534174
|switch|p1a: Whimsicott|Whimsicott, L50, M|100/100
|move|p2a: Torkoal|Eruption|p1a: Whimsicott|[spread] p1a,p1b
|-supereffective|p1a: Whimsicott|1
|-enditem|p1a: Whimsicott|Focus Sash
|-damage|p1a: Whimsicott|1/100
|-damage|p1b: Floette|21/100
|move|p2b: Armarouge|Psychic|p1a: Whimsicott
|-damage|p1a: Whimsicott|0 fnt
|faint|p1a: Whimsicott
|move|p1b: Floette|Moonblast|p2a: Torkoal
|-resisted|p2a: Torkoal|1
|-damage|p2a: Torkoal|44/100
|
|-weather|SunnyDay|[upkeep]
|-heal|p2b: Armarouge|90/100|[from] item: Leftovers
|upkeep
|
|t:|1783534191
|switch|p1a: Garchomp|Garchomp, L50, F|46/100
|turn|4
|
|t:|1783534202
|move|p1a: Garchomp|Protect|p1a: Garchomp
|-singleturn|p1a: Garchomp|Protect
|move|p2a: Torkoal|Heat Wave|p1b: Floette|[spread] p1b
|-activate|p1a: Garchomp|move: Protect
|-damage|p1b: Floette|0 fnt
|faint|p1b: Floette
|move|p2b: Armarouge|Psychic|p1a: Garchomp
|-activate|p1a: Garchomp|move: Protect
|
|-weather|SunnyDay|[upkeep]
|-heal|p2b: Armarouge|96/100|[from] item: Leftovers
|upkeep
|
|t:|1783534209
|switch|p1b: Basculegion|Basculegion, L50, M|100/100
|turn|5
|
|t:|1783534214
|move|p1b: Basculegion|Protect|p1b: Basculegion
|-singleturn|p1b: Basculegion|Protect
|move|p1a: Garchomp|Protect|p1a: Garchomp
|-singleturn|p1a: Garchomp|Protect
|move|p2a: Torkoal|Heat Wave|p1b: Basculegion|[spread] 
|-activate|p1a: Garchomp|move: Protect
|-activate|p1b: Basculegion|move: Protect
|move|p2b: Armarouge|Psychic|p1a: Garchomp
|-activate|p1a: Garchomp|move: Protect
|
|-weather|SunnyDay|[upkeep]
|-heal|p2b: Armarouge|100/100|[from] item: Leftovers
|-fieldend|move: Trick Room
|upkeep
|turn|6
|
|t:|1783534227
|move|p2a: Torkoal|Protect|p2a: Torkoal
|-singleturn|p2a: Torkoal|Protect
|move|p1a: Garchomp|Rock Slide|p2b: Armarouge|[spread] p2b
|-activate|p2a: Torkoal|move: Protect
|-supereffective|p2b: Armarouge|1
|-damage|p2b: Armarouge|56/100
|-damage|p1a: Garchomp|36/100|[from] item: Life Orb
|move|p1b: Basculegion|Last Respects|p2b: Armarouge
|-supereffective|p2b: Armarouge|1
|-damage|p2b: Armarouge|0 fnt
|faint|p2b: Armarouge
|
|-weather|none
|upkeep
|
|t:|1783534237
|switch|p2b: Kingambit|Kingambit, L50, M|100/100
|turn|7
|
|t:|1783534249
|move|p1b: Basculegion|Aqua Jet|p2a: Torkoal
|-supereffective|p2a: Torkoal|1
|-crit|p2a: Torkoal
|-damage|p2a: Torkoal|0 fnt
|faint|p2a: Torkoal
|move|p2b: Kingambit|Sucker Punch|p1a: Garchomp
|-damage|p1a: Garchomp|0 fnt
|-damage|p2b: Kingambit|87/100|[from] ability: Rough Skin|[of] p1a: Garchomp
|faint|p1a: Garchomp
|-damage|p2b: Kingambit|78/100|[from] item: Life Orb
|
|upkeep
|turn|8
|
|t:|1783534269
|move|p1b: Basculegion|Wave Crash|p2b: Kingambit
|-damage|p2b: Kingambit|7/100
|-damage|p1b: Basculegion|76/100|[from] Recoil
|move|p2b: Kingambit|Kowtow Cleave|p1b: Basculegion
|-supereffective|p1b: Basculegion|1
|-damage|p1b: Basculegion|0 fnt
|faint|p1b: Basculegion
|-damage|p2b: Kingambit|0 fnt|[from] item: Life Orb
|faint|p2b: Kingambit
|
|win|Dot1Q
||Dot1Q is ready for game 2.
|inactive|CrazyComet37 has 30 seconds to confirm battle start!
||CrazyComet37 is ready for game 2.
|uhtml|next|Next: Game 2 of 3
|l|☆Dot1Q
|player|p2|
