|j|☆tailmyroom
|j|☆DgC1605
|html|tailmyroomDgC1605    
|uhtml|bestof|Game 3 of a best-of-3
|t:|1756209603
|gametype|doubles
|player|p1|tailmyroom|scientist-gen4dp|1210
|player|p2|DgC1605|n|1229
|gen|9
|tier|[Gen 9] VGC 2025 Reg H (Bo3)
|rated|
|rule|Species Clause: Limit one of each Pokémon
|rule|Item Clause: Limit 1 of each item
|clearpoke
|poke|p1|Gholdengo, L50|
|poke|p1|Sneasler, L50, M|
|poke|p1|Rillaboom, L50, M|
|poke|p1|Dragonite, L50, M|
|poke|p1|Ninetales-Alola, L50, F|
|poke|p1|Arcanine-Hisui, L50, M|
|poke|p2|Annihilape, L50, F|
|poke|p2|Dragonite, L50, M|
|poke|p2|Gholdengo, L50|
|poke|p2|Ninetales-Alola, L50, M|
|poke|p2|Rillaboom, L50, M|
|poke|p2|Ursaluna-Bloodmoon, L50, M|
|teampreview|4
|showteam|p1|Gholdengo||GrassySeed|GoodasGold|NastyPlot,MakeItRain,ShadowBall,Protect||||||50|,,,,,Water]Sneasler||WhiteHerb|Unburden|CloseCombat,DireClaw,Coaching,Protect|||M|||50|,,,,,Ghost]Rillaboom||AssaultVest|GrassySurge|FakeOut,GrassyGlide,DrumBeating,HighHorsepower|||M|||50|,,,,,Fire]Dragonite||LoadedDice|Multiscale|ScaleShot,StompingTantrum,Tailwind,Protect|||M|||50|,,,,,Ground]Ninetales-Alola||FocusSash|SnowWarning|Blizzard,IcyWind,Encore,AuroraVeil|||F|||50|,,,,,Ghost]Arcanine-Hisui||ClearAmulet|Intimidate|RockSlide,FlareBlitz,ExtremeSpeed,Protect|||M|||50|,,,,,Water
|showteam|p2|Annihilape||SafetyGoggles|Defiant|DrainPunch,RageFist,BulkUp,Protect|||F|||50|,,,,,Fire]Dragonite||LoadedDice|Multiscale|ExtremeSpeed,ScaleShot,Haze,Protect|||M|||50|,,,,,Fairy]Gholdengo||LifeOrb|GoodasGold|MakeItRain,ShadowBall,NastyPlot,Protect||||||50|,,,,,Water]Ninetales-Alola||LightClay|SnowWarning|Blizzard,IcyWind,IcicleSpear,AuroraVeil|||M|||50|,,,,,Ghost]Rillaboom||MiracleSeed|GrassySurge|FakeOut,GrassyGlide,WoodHammer,Protect|||M|||50|,,,,,Fire]Ursaluna-Bloodmoon||AssaultVest|MindsEye|BloodMoon,HyperVoice,EarthPower,VacuumWave|||M|||50|,,,,,Ghost
|inactive|Battle timer is ON: inactive players will automatically lose when time's up. (requested by DgC1605)
|inactive|DgC1605 has 60 seconds left.
|inactive|DgC1605 has 30 seconds left.
|inactive|DgC1605 has 20 seconds left.
|inactive|DgC1605 has 15 seconds left.
|
|t:|1756209680
|teamsize|p1|4
|teamsize|p2|4
|start
|switch|p1a: Gholdengo|Gholdengo, L50|100/100
|switch|p1b: Ninetales|Ninetales-Alola, L50, F|100/100
|switch|p2a: Ninetales|Ninetales-Alola, L50, M|100/100
|switch|p2b: Annihilape|Annihilape, L50, F|100/100
|-weather|Snowscape|[from] ability: Snow Warning|[of] p2a: Ninetales
|turn|1
|
|t:|1756209703
|-terastallize|p2b: Annihilape|Fire
|-terastallize|p1a: Gholdengo|Water
|move|p1b: Ninetales|Aurora Veil|p1b: Ninetales
|-sidestart|p1: tailmyroom|move: Aurora Veil
|move|p2a: Ninetales|Aurora Veil|p2a: Ninetales
|-sidestart|p2: DgC1605|move: Aurora Veil
|move|p2b: Annihilape|Bulk Up|p2b: Annihilape
|-boost|p2b: Annihilape|atk|1
|-boost|p2b: Annihilape|def|1
|move|p1a: Gholdengo|Nasty Plot|p1a: Gholdengo
|-boost|p1a: Gholdengo|spa|2
|
|-weather|Snowscape|[upkeep]
|upkeep
|turn|2
|
|t:|1756209723
|move|p2a: Ninetales|Icicle Spear|p2b: Annihilape
|-resisted|p2b: Annihilape
|-damage|p2b: Annihilape|99/100
|-resisted|p2b: Annihilape
|-damage|p2b: Annihilape|98/100
|-resisted|p2b: Annihilape
|-damage|p2b: Annihilape|96/100
|-resisted|p2b: Annihilape
|-damage|p2b: Annihilape|95/100
|-hitcount|p2b: Annihilape|4
|move|p1b: Ninetales|Encore|p2a: Ninetales
|-start|p2a: Ninetales|Encore
|move|p2b: Annihilape|Rage Fist|p1a: Gholdengo
|-damage|p1a: Gholdengo|3/100
|move|p1a: Gholdengo|Shadow Ball|p2b: Annihilape
|-damage|p2b: Annihilape|42/100
|-unboost|p2b: Annihilape|spd|1
|-ability|p2b: Annihilape|Defiant|boost
|-boost|p2b: Annihilape|atk|2
|
|-weather|Snowscape|[upkeep]
|upkeep
|turn|3
|inactive|DgC1605 has 30 seconds left.
|inactive|DgC1605 has 20 seconds left.
|inactive|DgC1605 has 15 seconds left.
|
|t:|1756209767
|move|p1a: Gholdengo|Protect|p1a: Gholdengo
|-singleturn|p1a: Gholdengo|Protect
|move|p2a: Ninetales|Icicle Spear|p1a: Gholdengo
|-activate|p1a: Gholdengo|move: Protect
|move|p1b: Ninetales|Icy Wind|p2a: Ninetales|[spread] p2b
|-miss|p1b: Ninetales|p2a: Ninetales
|-resisted|p2b: Annihilape
|-damage|p2b: Annihilape|36/100
|-unboost|p2b: Annihilape|spe|1
|-ability|p2b: Annihilape|Defiant|boost
|-boost|p2b: Annihilape|atk|2
|move|p2b: Annihilape|Rage Fist|p1b: Ninetales
|-enditem|p1b: Ninetales|Focus Sash
|-damage|p1b: Ninetales|1/100
|
|-weather|Snowscape|[upkeep]
|upkeep
|turn|4
|
|t:|1756209783
|move|p2a: Ninetales|Icicle Spear|p1a: Gholdengo
|-resisted|p1a: Gholdengo
|-damage|p1a: Gholdengo|1/100
|-resisted|p1a: Gholdengo
|-damage|p1a: Gholdengo|0 fnt
|faint|p1a: Gholdengo
|-hitcount|p1: Gholdengo|2
|move|p1b: Ninetales|Icy Wind|p2a: Ninetales|[spread] p2a,p2b
|-resisted|p2a: Ninetales
|-resisted|p2b: Annihilape
|-damage|p2a: Ninetales|96/100
|-damage|p2b: Annihilape|28/100
|-unboost|p2a: Ninetales|spe|1
|-unboost|p2b: Annihilape|spe|1
|-ability|p2b: Annihilape|Defiant|boost
|-boost|p2b: Annihilape|atk|1
|move|p2b: Annihilape|Drain Punch|p1b: Ninetales
|-damage|p1b: Ninetales|0 fnt
|-heal|p2b: Annihilape|28/100|[from] drain|[of] p1b: Ninetales
|faint|p1b: Ninetales
|
|-weather|Snowscape|[upkeep]
|upkeep
|
|t:|1756209787
|switch|p1b: Sneasler|Sneasler, L50, M|100/100
|switch|p1a: Rillaboom|Rillaboom, L50, M|100/100
|-fieldstart|move: Grassy Terrain|[from] ability: Grassy Surge|[of] p1a: Rillaboom
|turn|5
|inactive|tailmyroom has 30 seconds left.
|inactive|DgC1605 has 30 seconds left.
|inactive|tailmyroom has 20 seconds left.
|
|t:|1756209823
|move|p2b: Annihilape|Protect|p2b: Annihilape
|-singleturn|p2b: Annihilape|Protect
|move|p1a: Rillaboom|Fake Out|p2b: Annihilape
|-activate|p2b: Annihilape|move: Protect
|move|p1b: Sneasler|Close Combat|p2a: Ninetales
|-damage|p2a: Ninetales|61/100
|-unboost|p1b: Sneasler|def|1
|-unboost|p1b: Sneasler|spd|1
|-enditem|p1b: Sneasler|White Herb
|-clearnegativeboost|p1b: Sneasler|[silent]
|move|p2a: Ninetales|Icicle Spear|p1a: Rillaboom
|-supereffective|p1a: Rillaboom
|-damage|p1a: Rillaboom|92/100
|-supereffective|p1a: Rillaboom
|-damage|p1a: Rillaboom|83/100
|-supereffective|p1a: Rillaboom
|-damage|p1a: Rillaboom|75/100
|-hitcount|p1a: Rillaboom|3
|
|-weather|none
|-heal|p1a: Rillaboom|80/100|[from] Grassy Terrain
|-heal|p2a: Ninetales|67/100|[from] Grassy Terrain
|-heal|p2b: Annihilape|35/100|[from] Grassy Terrain
|-end|p2a: Ninetales|Encore
|-sideend|p1: tailmyroom|move: Aurora Veil
|upkeep
|turn|6
|inactive|tailmyroom has 30 seconds left.
|inactive|DgC1605 has 30 seconds left.
|
|t:|1756209858
|move|p1b: Sneasler|Dire Claw|p2b: Annihilape
|-damage|p2b: Annihilape|17/100
|-status|p2b: Annihilape|slp
|move|p1a: Rillaboom|High Horsepower|p2b: Annihilape
|-supereffective|p2b: Annihilape
|-damage|p2b: Annihilape|0 fnt
|faint|p2b: Annihilape
|move|p2a: Ninetales|Icy Wind|p1b: Sneasler|[spread] p1a,p1b
|-supereffective|p1a: Rillaboom
|-damage|p1a: Rillaboom|58/100
|-damage|p1b: Sneasler|87/100
|-unboost|p1a: Rillaboom|spe|1
|-unboost|p1b: Sneasler|spe|1
|
|-heal|p1b: Sneasler|93/100|[from] Grassy Terrain
|-heal|p2a: Ninetales|73/100|[from] Grassy Terrain
|-heal|p1a: Rillaboom|64/100|[from] Grassy Terrain
|upkeep
|
|t:|1756209880
|switch|p2b: Gholdengo|Gholdengo, L50|100/100
|turn|7
|
|t:|1756209890
|move|p1b: Sneasler|Coaching|p1a: Rillaboom
|-boost|p1a: Rillaboom|atk|1
|-boost|p1a: Rillaboom|def|1
|move|p2b: Gholdengo|Make It Rain|p1a: Rillaboom|[spread] p1a,p1b
|-damage|p1a: Rillaboom|14/100
|-damage|p1b: Sneasler|25/100
|-unboost|p2b: Gholdengo|spa|1
|-damage|p2b: Gholdengo|91/100|[from] item: Life Orb
|move|p2a: Ninetales|Icy Wind|p1b: Sneasler|[spread] p1a,p1b
|-supereffective|p1a: Rillaboom
|-damage|p1a: Rillaboom|0 fnt
|-damage|p1b: Sneasler|11/100
|-unboost|p1b: Sneasler|spe|1
|faint|p1a: Rillaboom
|
|-heal|p1b: Sneasler|17/100|[from] Grassy Terrain
|-heal|p2b: Gholdengo|97/100|[from] Grassy Terrain
|-heal|p2a: Ninetales|79/100|[from] Grassy Terrain
|upkeep
|turn|8
|-message|tailmyroom forfeited.
|
|win|DgC1605
|raw|tailmyroom's rating: 1210 → 1186(-24 for losing)
|raw|DgC1605's rating: 1229 → 1253(+24 for winning)
