|j|☆Arkhept
|j|☆LaF101
|html|ArkheptLaF101    
|uhtml|bestof|Game 2 of a best-of-3
|t:|1757914836
|gametype|doubles
|player|p1|Arkhept|misty|1280
|player|p2|LaF101|rood|1150
|gen|9
|tier|[Gen 9] VGC 2025 Reg H (Bo3)
|rated|
|rule|Species Clause: Limit one of each Pokémon
|rule|Item Clause: Limit 1 of each item
|clearpoke
|poke|p1|Frosmoth, L50, F|
|poke|p1|Ninetales-Alola, L50, M|
|poke|p1|Incineroar, L50, F|
|poke|p1|Gholdengo, L50|
|poke|p1|Clefable, L50, F|
|poke|p1|Rillaboom, L50, M|
|poke|p2|Pelipper, L50, M|
|poke|p2|Archaludon, L50, F|
|poke|p2|Annihilape, L50, F|
|poke|p2|Maushold, L50|
|poke|p2|Sinistcha, L50|
|poke|p2|Kingambit, L50, F|
|teampreview|4
|showteam|p1|Frosmoth||Leftovers|IceScales|QuiverDance,Blizzard,TeraBlast,Protect|||F|||50|,,,,,Water]Ninetales-Alola||LightClay|SnowWarning|Blizzard,AuroraVeil,Disable,Encore|||M|||50|,,,,,Ghost]Incineroar||SafetyGoggles|Intimidate|FlareBlitz,KnockOff,FakeOut,PartingShot|||F|||50|,,,,,Ghost]Gholdengo||LifeOrb|GoodasGold|NastyPlot,MakeItRain,Protect,ShadowBall||||||50|,,,,,Steel]Clefable||SitrusBerry|Unaware|Moonblast,ThunderWave,FollowMe,Protect|||F|||50|,,,,,Water]Rillaboom||AssaultVest|GrassySurge|WoodHammer,GrassyGlide,HighHorsepower,FakeOut|||M|||50|,,,,,Fire
|showteam|p2|Pelipper||FocusSash|Drizzle|WeatherBall,Hurricane,Tailwind,Protect|||M|||50|,,,,,Ghost]Archaludon||AssaultVest|Stamina|ElectroShot,BodyPress,FlashCannon,Snarl|||F|||50|,,,,,Bug]Annihilape||Leftovers|Defiant|RageFist,DrainPunch,BulkUp,Protect|||F|||50|,,,,,Water]Maushold||SafetyGoggles|FriendGuard|FollowMe,BeatUp,Taunt,Protect||||||50|,,,,,Grass]Sinistcha||SitrusBerry|Hospitality|MatchaGotcha,RagePowder,Curse,LifeDew||||||50|,,,,,Water]Kingambit||BlackGlasses|Defiant|SuckerPunch,KowtowCleave,SwordsDance,Protect|||F|||50|,,,,,Dark
|inactive|Battle timer is ON: inactive players will automatically lose when time's up. (requested by LaF101)
|inactive|LaF101 has 60 seconds left.
|
|t:|1757914868
|teamsize|p1|4
|teamsize|p2|4
|start
|switch|p1a: Frosmoth|Frosmoth, L50, F|100/100
|switch|p1b: Ninetales|Ninetales-Alola, L50, M|100/100
|switch|p2a: Archaludon|Archaludon, L50, F|100/100
|switch|p2b: Maushold|Maushold, L50|100/100
|-weather|Snowscape|[from] ability: Snow Warning|[of] p1b: Ninetales
|turn|1
|
|t:|1757914886
|switch|p1b: Incineroar|Incineroar, L50, F|100/100
|-ability|p1b: Incineroar|Intimidate|boost
|-unboost|p2a: Archaludon|atk|1
|-unboost|p2b: Maushold|atk|1
|move|p2b: Maushold|Taunt|p1a: Frosmoth
|-start|p1a: Frosmoth|move: Taunt
|move|p2a: Archaludon|Flash Cannon|p1b: Incineroar
|-resisted|p1b: Incineroar
|-damage|p1b: Incineroar|88/100
|cant|p1a: Frosmoth|move: Taunt|Quiver Dance
|
|-weather|Snowscape|[upkeep]
|upkeep
|turn|2
|
|t:|1757914909
|move|p1b: Incineroar|Fake Out|p2b: Maushold
|-damage|p2b: Maushold|87/100
|cant|p2b: Maushold|flinch
|move|p2a: Archaludon|Body Press|p1b: Incineroar
|-supereffective|p1b: Incineroar
|-damage|p1b: Incineroar|43/100
|move|p1a: Frosmoth|Blizzard|p2a: Archaludon|[spread] p2a,p2b
|-damage|p2a: Archaludon|83/100
|-damage|p2b: Maushold|38/100
|-ability|p2a: Archaludon|Stamina|boost
|-boost|p2a: Archaludon|def|1
|
|-weather|Snowscape|[upkeep]
|upkeep
|turn|3
|
|t:|1757914931
|switch|p1b: Clefable|Clefable, L50, F|100/100
|move|p2b: Maushold|Beat Up|p2a: Archaludon
|-damage|p2a: Archaludon|83/100
|-ability|p2a: Archaludon|Stamina|boost
|-boost|p2a: Archaludon|def|1
|-damage|p2a: Archaludon|82/100
|-ability|p2a: Archaludon|Stamina|boost
|-boost|p2a: Archaludon|def|1
|-damage|p2a: Archaludon|82/100
|-ability|p2a: Archaludon|Stamina|boost
|-boost|p2a: Archaludon|def|1
|-damage|p2a: Archaludon|81/100
|-ability|p2a: Archaludon|Stamina|boost
|-boost|p2a: Archaludon|def|1
|-hitcount|p2a: Archaludon|4
|move|p2a: Archaludon|Flash Cannon|p1b: Clefable
|-supereffective|p1b: Clefable
|-damage|p1b: Clefable|41/100
|-enditem|p1b: Clefable|Sitrus Berry|[eat]
|-heal|p1b: Clefable|66/100|[from] item: Sitrus Berry
|move|p1a: Frosmoth|Blizzard|p2a: Archaludon|[spread] p2a,p2b
|-damage|p2a: Archaludon|60/100
|-damage|p2b: Maushold|0 fnt
|-ability|p2a: Archaludon|Stamina|boost
|-boost|p2a: Archaludon|def|1
|faint|p2b: Maushold
|
|-weather|Snowscape|[upkeep]
|-end|p1a: Frosmoth|move: Taunt
|upkeep
|
|t:|1757914939
|switch|p2b: Sinistcha|Sinistcha, L50|100/100
|-heal|p2a: Archaludon|85/100|[from] ability: Hospitality|[of] p2b: Sinistcha
|turn|4
|
|t:|1757914952
|-terastallize|p2b: Sinistcha|Water
|-terastallize|p1b: Clefable|Water
|move|p1b: Clefable|Follow Me|p1b: Clefable
|-singleturn|p1b: Clefable|move: Follow Me
|move|p2a: Archaludon|Flash Cannon|p1b: Clefable
|-resisted|p1b: Clefable
|-damage|p1b: Clefable|51/100
|move|p1a: Frosmoth|Quiver Dance|p1a: Frosmoth
|-boost|p1a: Frosmoth|spa|1
|-boost|p1a: Frosmoth|spd|1
|-boost|p1a: Frosmoth|spe|1
|move|p2b: Sinistcha|Curse|p2b: Sinistcha
|-unboost|p2b: Sinistcha|spe|1
|-boost|p2b: Sinistcha|atk|1
|-boost|p2b: Sinistcha|def|1
|
|-weather|Snowscape|[upkeep]
|upkeep
|turn|5
|
|t:|1757914969
|switch|p2b: Pelipper|Pelipper, L50, M|100/100
|-weather|RainDance|[from] ability: Drizzle|[of] p2b: Pelipper
|move|p1b: Clefable|Follow Me|p1b: Clefable
|-singleturn|p1b: Clefable|move: Follow Me
|move|p1a: Frosmoth|Quiver Dance|p1a: Frosmoth
|-boost|p1a: Frosmoth|spa|1
|-boost|p1a: Frosmoth|spd|1
|-boost|p1a: Frosmoth|spe|1
|move|p2a: Archaludon|Electro Shot||[still]
|-prepare|p2a: Archaludon|Electro Shot
|-boost|p2a: Archaludon|spa|1
|-anim|p2a: Archaludon|Electro Shot|p1b: Clefable
|-supereffective|p1b: Clefable
|-damage|p1b: Clefable|0 fnt
|faint|p1b: Clefable
|
|-weather|RainDance|[upkeep]
|upkeep
|
|t:|1757914973
|switch|p1b: Ninetales|Ninetales-Alola, L50, M|100/100
|-weather|Snowscape|[from] ability: Snow Warning|[of] p1b: Ninetales
|turn|6
|
|t:|1757914981
|move|p2b: Pelipper|Protect|p2b: Pelipper
|-singleturn|p2b: Pelipper|Protect
|move|p1a: Frosmoth|Blizzard|p2b: Pelipper|[spread] p2a
|-activate|p2b: Pelipper|move: Protect
|-damage|p2a: Archaludon|36/100
|move|p1b: Ninetales|Encore|p2a: Archaludon
|-start|p2a: Archaludon|Encore
|move|p2a: Archaludon|Electro Shot||[still]
|-prepare|p2a: Archaludon|Electro Shot
|-boost|p2a: Archaludon|spa|1
|
|-weather|Snowscape|[upkeep]
|upkeep
|turn|7
|
|t:|1757914993
|switch|p2b: Sinistcha|Sinistcha, L50, tera:Water|100/100
|-heal|p2a: Archaludon|61/100|[from] ability: Hospitality|[of] p2b: Sinistcha
|move|p1a: Frosmoth|Blizzard|p2a: Archaludon|[spread] p2a,p2b
|-resisted|p2b: Sinistcha
|-damage|p2a: Archaludon|7/100
|-damage|p2b: Sinistcha|67/100
|move|p1b: Ninetales|Blizzard|p2b: Sinistcha|[spread] p2a,p2b
|-resisted|p2b: Sinistcha
|-damage|p2a: Archaludon|0 fnt
|-damage|p2b: Sinistcha|57/100
|faint|p2a: Archaludon
|
|-weather|Snowscape|[upkeep]
|upkeep
|
|t:|1757915003
|switch|p2a: Pelipper|Pelipper, L50, M|100/100
|-weather|RainDance|[from] ability: Drizzle|[of] p2a: Pelipper
|turn|8
|
|t:|1757915015
|switch|p1b: Incineroar|Incineroar, L50, F|43/100
|-ability|p1b: Incineroar|Intimidate|boost
|-unboost|p2a: Pelipper|atk|1
|-unboost|p2b: Sinistcha|atk|1
|move|p1a: Frosmoth|Protect|p1a: Frosmoth
|-singleturn|p1a: Frosmoth|Protect
|move|p2a: Pelipper|Tailwind|p2a: Pelipper
|-sidestart|p2: LaF101|move: Tailwind
|move|p2b: Sinistcha|Matcha Gotcha|p1b: Incineroar|[spread] p1b
|-activate|p1a: Frosmoth|move: Protect
|-resisted|p1b: Incineroar
|-damage|p1b: Incineroar|34/100
|-heal|p2b: Sinistcha|62/100|[from] drain|[of] p1b: Incineroar
|
|-weather|RainDance|[upkeep]
|upkeep
|turn|9
|
|t:|1757915027
|move|p1b: Incineroar|Fake Out|p2b: Sinistcha
|-damage|p2b: Sinistcha|52/100
|cant|p2b: Sinistcha|flinch
|move|p2a: Pelipper|Weather Ball|p1b: Incineroar
|-supereffective|p1b: Incineroar
|-damage|p1b: Incineroar|0 fnt
|faint|p1b: Incineroar
|move|p1a: Frosmoth|Blizzard|p2a: Pelipper|[spread] p2a
|-miss|p1a: Frosmoth|p2b: Sinistcha
|-enditem|p2a: Pelipper|Focus Sash
|-damage|p2a: Pelipper|1/100
|
|-weather|RainDance|[upkeep]
|upkeep
|
|t:|1757915037
|switch|p1b: Ninetales|Ninetales-Alola, L50, M|100/100
|-weather|Snowscape|[from] ability: Snow Warning|[of] p1b: Ninetales
|turn|10
|
|t:|1757915044
|move|p2a: Pelipper|Weather Ball|p1a: Frosmoth
|-resisted|p1a: Frosmoth
|-damage|p1a: Frosmoth|97/100
|move|p1a: Frosmoth|Blizzard|p2a: Pelipper|[spread] p2a,p2b
|-resisted|p2b: Sinistcha
|-damage|p2a: Pelipper|0 fnt
|-damage|p2b: Sinistcha|17/100
|-enditem|p2b: Sinistcha|Sitrus Berry|[eat]
|-heal|p2b: Sinistcha|42/100|[from] item: Sitrus Berry
|faint|p2a: Pelipper
|move|p2b: Sinistcha|Matcha Gotcha|p1b: Ninetales|[spread] p1a,p1b
|-resisted|p1a: Frosmoth
|-damage|p1a: Frosmoth|93/100
|-heal|p2b: Sinistcha|43/100|[from] drain|[of] p1a: Frosmoth
|-damage|p1b: Ninetales|78/100
|-heal|p2b: Sinistcha|54/100|[from] drain|[of] p1b: Ninetales
|move|p1b: Ninetales|Aurora Veil|p1b: Ninetales
|-sidestart|p1: Arkhept|move: Aurora Veil
|
|-weather|Snowscape|[upkeep]
|-heal|p1a: Frosmoth|99/100|[from] item: Leftovers
|upkeep
|turn|11
|-message|LaF101 forfeited.
|
|win|Arkhept
|l|☆LaF101
|player|p2|
||LaF101 is ready for game 3.
||Arkhept is ready for game 3.
|uhtml|next|Next: Game 3 of 3
