|j|☆Twittle Twister
|j|☆kennyistall
|html|Twittle Twisterkennyistall    
|uhtml|bestof|Game 2 of a best-of-3
|t:|1756605404
|gametype|doubles
|player|p1|Twittle Twister|2|1042
|player|p2|kennyistall|fisherman|1028
|gen|9
|tier|[Gen 9] VGC 2025 Reg H (Bo3)
|rated|
|rule|Species Clause: Limit one of each Pokémon
|rule|Item Clause: Limit 1 of each item
|clearpoke
|poke|p1|Volcarona, L50, M|
|poke|p1|Tyranitar, L50, F|
|poke|p1|Rillaboom, L50, M|
|poke|p1|Sneasler, L50, M|
|poke|p1|Dragonite, L50, F|
|poke|p1|Amoonguss, L50, F|
|poke|p2|Volcarona, L50, M|
|poke|p2|Tauros-Paldea-Aqua, L50, M|
|poke|p2|Rillaboom, L50, F|
|poke|p2|Clefable, L50, M|
|poke|p2|Gholdengo, L50|
|poke|p2|Dragapult, L50, M|
|teampreview|4
|showteam|p1|Volcarona||SafetyGoggles|FlameBody|QuiverDance,HeatWave,GigaDrain,Protect|||M|||50|,,,,,Stellar]Tyranitar||AssaultVest|SandStream|RockSlide,KnockOff,TeraBlast,Earthquake|||F|||50|,,,,,Flying]Rillaboom||MiracleSeed|GrassySurge|KnockOff,Uturn,GrassyGlide,FakeOut|||M|||50|,,,,,Grass]Sneasler||GrassySeed|Unburden|DireClaw,Acrobatics,Protect,CloseCombat|||M|||50|,,,,,Flying]Dragonite||LoadedDice|Multiscale|Tailwind,ScaleShot,Haze,Protect|||F|||50|,,,,,Fairy]Amoonguss||RockyHelmet|Regenerator|RagePowder,Spore,Protect,PollenPuff|||F|||50|,,,,,Water
|showteam|p2|Volcarona||Leftovers|FlameBody|Protect,FieryDance,GigaDrain,QuiverDance|||M|||50|,,,,,Grass]Tauros-Paldea-Aqua||MirrorHerb|Intimidate|Protect,WaveCrash,CloseCombat,BulkUp|||M|||50|,,,,,Grass]Rillaboom||AssaultVest|GrassySurge|WoodHammer,GrassyGlide,Uturn,FakeOut|||F|||50|,,,,,Fire]Clefable||SafetyGoggles|Unaware|Protect,Moonblast,FollowMe,HelpingHand|||M|||50|,,,,,Water]Gholdengo||ChoiceSpecs|GoodasGold|MakeItRain,ShadowBall,NastyPlot,Trick||||||50|,,,,,Steel]Dragapult||ChoiceBand|ClearBody|DragonDarts,TeraBlast,Uturn,SuckerPunch|||M|||50|,,,,,Ghost
|inactive|Battle timer is ON: inactive players will automatically lose when time's up. (requested by kennyistall)
|
|t:|1756605434
|teamsize|p1|4
|teamsize|p2|4
|start
|switch|p1a: Amoonguss|Amoonguss, L50, F|100/100
|switch|p1b: Sneasler|Sneasler, L50, M|100/100
|switch|p2a: Dragapult|Dragapult, L50, M|100/100
|switch|p2b: Tauros|Tauros-Paldea-Aqua, L50, M|100/100
|-ability|p2b: Tauros|Intimidate|boost
|-unboost|p1a: Amoonguss|atk|1
|-unboost|p1b: Sneasler|atk|1
|turn|1
|inactive|Twittle Twister has 30 seconds left.
|inactive|kennyistall has 30 seconds left.
|
|t:|1756605468
|move|p2b: Tauros|Protect|p2b: Tauros
|-singleturn|p2b: Tauros|Protect
|move|p2a: Dragapult|Dragon Darts|p1a: Amoonguss
|-damage|p1a: Amoonguss|59/100
|-anim|p2a: Dragapult|Dragon Darts|p1b: Sneasler
|-damage|p1b: Sneasler|42/100
|move|p1b: Sneasler|Dire Claw|p2b: Tauros
|-activate|p2b: Tauros|move: Protect
|move|p1a: Amoonguss|Spore|p2a: Dragapult
|-status|p2a: Dragapult|slp|[from] move: Spore
|
|upkeep
|turn|2
|inactive|Twittle Twister has 30 seconds left.
|inactive|kennyistall has 30 seconds left.
|
|t:|1756605496
|switch|p2b: Clefable|Clefable, L50, M|100/100
|-terastallize|p1b: Sneasler|Flying
|move|p1a: Amoonguss|Rage Powder|p1a: Amoonguss
|-singleturn|p1a: Amoonguss|move: Rage Powder
|cant|p2a: Dragapult|slp
|move|p1b: Sneasler|Acrobatics|p2b: Clefable
|-damage|p2b: Clefable|75/100
|
|upkeep
|turn|3
|
|t:|1756605516
|move|p2b: Clefable|Helping Hand|p2a: Dragapult
|-singleturn|p2a: Dragapult|Helping Hand|[of] p2b: Clefable
|cant|p2a: Dragapult|slp
|move|p1b: Sneasler|Dire Claw|p2b: Clefable
|-supereffective|p2b: Clefable
|-damage|p2b: Clefable|0 fnt
|faint|p2b: Clefable
|move|p1a: Amoonguss|Pollen Puff|p1b: Sneasler
|-heal|p1b: Sneasler|91/100
|
|upkeep
|
|t:|1756605528
|switch|p2b: Tauros|Tauros-Paldea-Aqua, L50, M|100/100
|-ability|p2b: Tauros|Intimidate|boost
|-unboost|p1a: Amoonguss|atk|1
|-unboost|p1b: Sneasler|atk|1
|turn|4
|
|t:|1756605543
|switch|p1b: Rillaboom|Rillaboom, L50, M|100/100
|-fieldstart|move: Grassy Terrain|[from] ability: Grassy Surge|[of] p1b: Rillaboom
|cant|p2a: Dragapult|slp
|move|p2b: Tauros|Wave Crash|p1a: Amoonguss
|-resisted|p1a: Amoonguss
|-crit|p1a: Amoonguss
|-damage|p1a: Amoonguss|16/100
|-damage|p2b: Tauros|84/100|[from] item: Rocky Helmet|[of] p1a: Amoonguss
|-damage|p2b: Tauros|63/100|[from] Recoil
|move|p1a: Amoonguss|Spore|p2b: Tauros
|-status|p2b: Tauros|slp|[from] move: Spore
|
|-heal|p2b: Tauros|69/100 slp|[from] Grassy Terrain
|-heal|p1a: Amoonguss|22/100|[from] Grassy Terrain
|upkeep
|turn|5
|
|t:|1756605568
|switch|p1a: Tyranitar|Tyranitar, L50, F|100/100
|-weather|Sandstorm|[from] ability: Sand Stream|[of] p1a: Tyranitar
|-terastallize|p2b: Tauros|Grass
|move|p1b: Rillaboom|Grassy Glide|p2b: Tauros
|-resisted|p2b: Tauros
|-damage|p2b: Tauros|42/100 slp
|-curestatus|p2a: Dragapult|slp|[msg]
|move|p2a: Dragapult|Dragon Darts|p1a: Tyranitar
|-damage|p1a: Tyranitar|63/100
|-anim|p2a: Dragapult|Dragon Darts|p1b: Rillaboom
|-damage|p1b: Rillaboom|63/100
|cant|p2b: Tauros|slp
|
|-weather|Sandstorm|[upkeep]
|-damage|p2a: Dragapult|94/100|[from] Sandstorm
|-damage|p2b: Tauros|36/100 slp|[from] Sandstorm
|-damage|p1b: Rillaboom|57/100|[from] Sandstorm
|-heal|p2a: Dragapult|100/100|[from] Grassy Terrain
|-heal|p2b: Tauros|42/100 slp|[from] Grassy Terrain
|-heal|p1b: Rillaboom|63/100|[from] Grassy Terrain
|-heal|p1a: Tyranitar|68/100|[from] Grassy Terrain
|upkeep
|turn|6
|inactive|kennyistall has 30 seconds left.
|
|t:|1756605595
|move|p2a: Dragapult|Dragon Darts|p1a: Tyranitar
|-damage|p1a: Tyranitar|34/100
|-anim|p2a: Dragapult|Dragon Darts|p1b: Rillaboom
|-damage|p1b: Rillaboom|29/100
|cant|p2b: Tauros|slp
|move|p1b: Rillaboom|Knock Off|p2a: Dragapult
|-supereffective|p2a: Dragapult
|-damage|p2a: Dragapult|5/100
|-enditem|p2a: Dragapult|Choice Band|[from] move: Knock Off|[of] p1b: Rillaboom
|move|p1a: Tyranitar|Knock Off|p2a: Dragapult
|-supereffective|p2a: Dragapult
|-crit|p2a: Dragapult
|-damage|p2a: Dragapult|0 fnt
|faint|p2a: Dragapult
|
|-weather|Sandstorm|[upkeep]
|-damage|p2b: Tauros|36/100 slp|[from] Sandstorm
|-damage|p1b: Rillaboom|23/100|[from] Sandstorm
|-heal|p2b: Tauros|42/100 slp|[from] Grassy Terrain
|-heal|p1b: Rillaboom|29/100|[from] Grassy Terrain
|-heal|p1a: Tyranitar|39/100|[from] Grassy Terrain
|upkeep
|
|t:|1756605612
|switch|p2a: Rillaboom|Rillaboom, L50, F|100/100
|turn|7
|
|t:|1756605624
|move|p2a: Rillaboom|Fake Out|p1b: Rillaboom
|-damage|p1b: Rillaboom|16/100
|cant|p2b: Tauros|slp
|cant|p1b: Rillaboom|flinch
|move|p1a: Tyranitar|Knock Off|p2b: Tauros
|-damage|p2b: Tauros|0 fnt
|-enditem|p2b: Tauros|Mirror Herb|[from] move: Knock Off|[of] p1a: Tyranitar
|faint|p2b: Tauros
|
|-weather|Sandstorm|[upkeep]
|-damage|p2a: Rillaboom|95/100|[from] Sandstorm
|-damage|p1b: Rillaboom|10/100|[from] Sandstorm
|-heal|p1b: Rillaboom|16/100|[from] Grassy Terrain
|-heal|p2a: Rillaboom|100/100|[from] Grassy Terrain
|-heal|p1a: Tyranitar|45/100|[from] Grassy Terrain
|upkeep
|turn|8
|inactive|Twittle Twister has 30 seconds left.
|
|t:|1756605650
|switch|p1a: Sneasler|Sneasler, L50, M, tera:Flying|91/100
|-enditem|p1a: Sneasler|Grassy Seed
|-boost|p1a: Sneasler|def|1|[from] item: Grassy Seed
|move|p1b: Rillaboom|U-turn|p2a: Rillaboom
|-supereffective|p2a: Rillaboom
|-damage|p2a: Rillaboom|52/100
|
|t:|1756605657
|switch|p1b: Amoonguss|Amoonguss, L50, F|55/100|[from] U-turn
|move|p2a: Rillaboom|Wood Hammer|p1a: Sneasler
|-resisted|p1a: Sneasler
|-damage|p1a: Sneasler|45/100
|-damage|p2a: Rillaboom|41/100|[from] Recoil
|
|-weather|Sandstorm|[upkeep]
|-damage|p1a: Sneasler|39/100|[from] Sandstorm
|-damage|p2a: Rillaboom|35/100|[from] Sandstorm
|-damage|p1b: Amoonguss|49/100|[from] Sandstorm
|-heal|p2a: Rillaboom|41/100|[from] Grassy Terrain
|-heal|p1b: Amoonguss|55/100|[from] Grassy Terrain
|-fieldend|move: Grassy Terrain
|upkeep
|turn|9
|
|t:|1756605673
|move|p1b: Amoonguss|Rage Powder|p1b: Amoonguss
|-singleturn|p1b: Amoonguss|move: Rage Powder
|move|p1a: Sneasler|Acrobatics|p2a: Rillaboom
|-supereffective|p2a: Rillaboom
|-damage|p2a: Rillaboom|0 fnt
|faint|p2a: Rillaboom
|
|win|Twittle Twister
||kennyistall is ready for game 3.
