|j|â˜†curiousgengar
|j|â˜†PizzaSanwitch
|html|curiousgengarPizzaSanwitch    
|uhtml|bestof|Game 2 of a best-of-3
|t:|1786139850
|gametype|doubles
|player|p1|curiousgengar|265|1045
|player|p2|PizzaSanwitch|266|1149
|gen|9
|tier|[Gen 9 Champions] VGC 2026 Reg M-B (Bo3)
|rated|
|rule|Species Clause: Limit one of each PokÃ©mon
|rule|Item Clause: Limit 1 of each item
|clearpoke
|poke|p1|Tyranitar, L50, F|
|poke|p1|Farigiraf, L50, F|
|poke|p1|Sinistcha, L50|
|poke|p1|Scovillain, L50, M|
|poke|p1|Kangaskhan, L50, F|
|poke|p1|Alakazam, L50, M|
|poke|p2|Pelipper, L50, M|
|poke|p2|Archaludon, L50, F|
|poke|p2|Basculegion, L50, M|
|poke|p2|Grimmsnarl, L50, M|
|poke|p2|Charizard, L50, M|
|poke|p2|Metagross, L50|
|teampreview|4
|showteam|p1|Tyranitar||Tyranitarite|SandStream|DragonDance,KnockOff,RockSlide,Protect|Adamant||F|||50|]Farigiraf||SitrusBerry|CudChew|Imprison,TrickRoom,Protect,TwinBeam|Bold||F|||50|]Sinistcha||Leftovers|Hospitality|MatchaGotcha,RagePowder,Curse,StrengthSap|Bold|||||50|]Scovillain||Scovillainite|Moody|Protect,LeechSeed,RagePowder,Flamethrower|Calm||M|||50|]Kangaskhan||SilkScarf|Scrappy|FakeOut,LastResort|Jolly||F|||50|]Alakazam||FocusSash|InnerFocus|LightScreen,Taunt,Encore,Psychic|Timid||M|||50|
|showteam|p2|Pelipper||SitrusBerry|Drizzle|WeatherBall,Hurricane,Tailwind,Protect|Modest||M|||50|]Archaludon||Leftovers|Stamina|ElectroShot,FlashCannon,DragonPulse,Protect|Modest||F|||50|]Basculegion||ChoiceScarf|Adaptability|WaveCrash,LastRespects,AquaJet,FlipTurn|Jolly||M|||50|]Grimmsnarl||LightClay|Prankster|SpiritBreak,Reflect,LightScreen,PartingShot|Sassy||M|||50|]Charizard||CharizarditeY|SolarPower|HeatWave,WeatherBall,Hurricane,Protect|Modest||M|||50|]Metagross||Metagrossite|ClearBody|HardPress,PsychicFangs,BodyPress,Protect|Adamant|||||50|
|inactive|Battle timer is ON: inactive players will automatically lose when time's up. (requested by PizzaSanwitch)
|
|t:|1786139904
|teamsize|p1|4
|teamsize|p2|4
|start
|switch|p1a: Kangaskhan|Kangaskhan, L50, F|100/100
|switch|p1b: Scovillain|Scovillain, L50, M|100/100
|switch|p2a: Charizard|Charizard, L50, M|100/100
|switch|p2b: Grimmsnarl|Grimmsnarl, L50, M|100/100
|turn|1
|
|t:|1786139920
|detailschange|p2a: Charizard|Charizard-Mega-Y, L50, M
|-mega|p2a: Charizard|Charizard|Charizardite Y
|-weather|SunnyDay|[from] ability: Drought|[of] p2a: Charizard
|move|p1a: Kangaskhan|Fake Out|p2a: Charizard
|-damage|p2a: Charizard|78/100
|move|p2b: Grimmsnarl|Reflect|p2b: Grimmsnarl
|-sidestart|p2: PizzaSanwitch|Reflect
|cant|p2a: Charizard|flinch
|move|p1b: Scovillain|Leech Seed|p2b: Grimmsnarl
|-start|p2b: Grimmsnarl|move: Leech Seed
|
|-weather|SunnyDay|[upkeep]
|-damage|p2b: Grimmsnarl|87/100|[from] Leech Seed|[of] p1b: Scovillain
|-ability|p1b: Scovillain|Moody|boost
|-boost|p1b: Scovillain|spe|2
|-unboost|p1b: Scovillain|spa|1
|upkeep
|turn|2
|inactive|curiousgengar has 30 seconds left.
|inactive|PizzaSanwitch has 30 seconds left.
|
|t:|1786139948
|move|p2b: Grimmsnarl|Parting Shot|p1a: Kangaskhan
|-unboost|p1a: Kangaskhan|atk|1
|-unboost|p1a: Kangaskhan|spa|1
|
|t:|1786139952
|switch|p2b: Pelipper|Pelipper, L50, M|100/100|[from] Parting Shot
|-weather|RainDance|[from] ability: Drizzle|[of] p2b: Pelipper
|move|p1b: Scovillain|Flamethrower|p2a: Charizard
|-resisted|p2a: Charizard|1
|-damage|p2a: Charizard|73/100
|move|p1a: Kangaskhan|Last Resort|p2a: Charizard
|-damage|p2a: Charizard|35/100
|move|p2a: Charizard|Hurricane|p1b: Scovillain
|-supereffective|p1b: Scovillain|1
|-damage|p1b: Scovillain|0 fnt
|faint|p1b: Scovillain
|
|-weather|RainDance|[upkeep]
|upkeep
|
|t:|1786139965
|switch|p1b: Tyranitar|Tyranitar, L50, F|100/100
|-weather|Sandstorm|[from] ability: Sand Stream|[of] p1b: Tyranitar
|turn|3
|
|t:|1786139985
|switch|p1a: Sinistcha|Sinistcha, L50|100/100
|switch|p2a: Archaludon|Archaludon, L50, F|100/100
|switch|p2b: Grimmsnarl|Grimmsnarl, L50, M|87/100
|detailschange|p1b: Tyranitar|Tyranitar-Mega, L50, F
|-mega|p1b: Tyranitar|Tyranitar|Tyranitarite
|move|p1b: Tyranitar|Dragon Dance|p1b: Tyranitar
|-boost|p1b: Tyranitar|atk|1
|-boost|p1b: Tyranitar|spe|1
|
|-weather|Sandstorm|[upkeep]
|-damage|p1a: Sinistcha|93/100|[from] Sandstorm
|-damage|p2b: Grimmsnarl|81/100|[from] Sandstorm
|-heal|p1a: Sinistcha|100/100|[from] item: Leftovers
|upkeep
|turn|4
|
|t:|1786140009
|switch|p2b: Pelipper|Pelipper, L50, M|100/100
|-weather|RainDance|[from] ability: Drizzle|[of] p2b: Pelipper
|move|p1a: Sinistcha|Rage Powder|p1a: Sinistcha
|-singleturn|p1a: Sinistcha|move: Rage Powder
|move|p1b: Tyranitar|Dragon Dance|p1b: Tyranitar
|-boost|p1b: Tyranitar|atk|1
|-boost|p1b: Tyranitar|spe|1
|move|p2a: Archaludon|Electro Shot||[still]
|-prepare|p2a: Archaludon|Electro Shot
|-boost|p2a: Archaludon|spa|1
|-anim|p2a: Archaludon|Electro Shot|p1a: Sinistcha
|-resisted|p1a: Sinistcha|1
|-crit|p1a: Sinistcha
|-damage|p1a: Sinistcha|41/100
|
|-weather|RainDance|[upkeep]
|-heal|p1a: Sinistcha|47/100|[from] item: Leftovers
|upkeep
|turn|5
|
|t:|1786140033
|move|p2b: Pelipper|Protect|p2b: Pelipper
|-singleturn|p2b: Pelipper|Protect
|move|p1a: Sinistcha|Rage Powder|p1a: Sinistcha
|-singleturn|p1a: Sinistcha|move: Rage Powder
|move|p1b: Tyranitar|Rock Slide|p2a: Archaludon|[spread] p2a
|-activate|p2b: Pelipper|move: Protect
|-resisted|p2a: Archaludon|1
|-damage|p2a: Archaludon|82/100
|-ability|p2a: Archaludon|Stamina|boost
|-boost|p2a: Archaludon|def|1
|move|p2a: Archaludon|Electro Shot||[still]
|-prepare|p2a: Archaludon|Electro Shot
|-boost|p2a: Archaludon|spa|1
|-anim|p2a: Archaludon|Electro Shot|p1a: Sinistcha
|-resisted|p1a: Sinistcha|1
|-damage|p1a: Sinistcha|0 fnt
|faint|p1a: Sinistcha
|
|-weather|RainDance|[upkeep]
|-heal|p2a: Archaludon|88/100|[from] item: Leftovers
|upkeep
|
|t:|1786140045
|switch|p1a: Kangaskhan|Kangaskhan, L50, F|100/100
|turn|6
|
|t:|1786140062
|switch|p2b: Grimmsnarl|Grimmsnarl, L50, M|81/100
|move|p1a: Kangaskhan|Fake Out|p2a: Archaludon
|-resisted|p2a: Archaludon|1
|-damage|p2a: Archaludon|85/100
|-ability|p2a: Archaludon|Stamina|boost
|-boost|p2a: Archaludon|def|1
|move|p1b: Tyranitar|Rock Slide|p2b: Grimmsnarl|[spread] p2a
|-miss|p1b: Tyranitar|p2b: Grimmsnarl
|-resisted|p2a: Archaludon|1
|-damage|p2a: Archaludon|75/100
|-ability|p2a: Archaludon|Stamina|boost
|-boost|p2a: Archaludon|def|1
|cant|p2a: Archaludon|flinch
|
|-weather|RainDance|[upkeep]
|-heal|p2a: Archaludon|81/100|[from] item: Leftovers
|upkeep
|turn|7
|c|â˜†curiousgengar|oh man
|c|â˜†curiousgengar|i'm losing rng badly
|
|t:|1786140087
|move|p1b: Tyranitar|Knock Off|p2a: Archaludon
|-damage|p2a: Archaludon|55/100
|-ability|p2a: Archaludon|Stamina|boost
|-boost|p2a: Archaludon|def|1
|-enditem|p2a: Archaludon|Leftovers|[from] move: Knock Off|[of] p1b: Tyranitar
|move|p1a: Kangaskhan|Last Resort|p2b: Grimmsnarl
|-damage|p2b: Grimmsnarl|32/100
|move|p2a: Archaludon|Flash Cannon|p1b: Tyranitar
|-supereffective|p1b: Tyranitar|1
|-damage|p1b: Tyranitar|0 fnt
|faint|p1b: Tyranitar
|move|p2b: Grimmsnarl|Spirit Break|p1a: Kangaskhan
|-damage|p1a: Kangaskhan|67/100
|-unboost|p1a: Kangaskhan|spa|1
|
|-weather|RainDance|[upkeep]
|upkeep
|turn|8
|c|â˜†curiousgengar|bummer
|
|t:|1786140104
|move|p2b: Grimmsnarl|Parting Shot|p1a: Kangaskhan
|-unboost|p1a: Kangaskhan|atk|1
|-unboost|p1a: Kangaskhan|spa|1
|-message|curiousgengar forfeited.
|
|win|PizzaSanwitch
|l|â˜†curiousgengar
|player|p1|
||curiousgengar is ready for game 3.
||PizzaSanwitch is ready for game 3.
|uhtml|next|Next: Game 3 of 3
