|j|☆pepe1994
|j|☆PenguimSAL
|html|pepe1994PenguimSAL    
|uhtml|bestof|Game 1 of a best-of-3
|t:|1785970247
|gametype|doubles
|player|p1|pepe1994|n|
|player|p2|PenguimSAL|hugh|
|gen|9
|tier|[Gen 9 Champions] VGC 2026 Reg M-B (Bo3)
|rule|Species Clause: Limit one of each Pokémon
|rule|Item Clause: Limit 1 of each item
|clearpoke
|poke|p1|Staraptor, L50, F, shiny|
|poke|p1|Glimmora, L50, M, shiny|
|poke|p1|Whimsicott, L50, F, shiny|
|poke|p1|Kingambit, L50, M|
|poke|p1|Garchomp, L50, M|
|poke|p1|Delphox, L50, M|
|poke|p2|Floette-Eternal, L50, F|
|poke|p2|Whimsicott, L50, M|
|poke|p2|Basculegion, L50, M|
|poke|p2|Kingambit, L50, M|
|poke|p2|Charizard, L50, M|
|poke|p2|Garchomp, L50, F|
|teampreview|4
|showteam|p1|Staraptor||Staraptite|Intimidate|CloseCombat,BraveBird,Roost,Protect|Jolly||F|||50|]Glimmora||FocusSash|ToxicDebris|PowerGem,SludgeBomb,EarthPower,SpikyShield|Modest||M|||50|]Whimsicott||OccaBerry|Prankster|Tailwind,Moonblast,Charm,LightScreen|Timid||F|||50|]Kingambit||ChopleBerry|Defiant|KowtowCleave,IronHead,LowKick,SuckerPunch|Adamant||M|||50|]Garchomp||LifeOrb|RoughSkin|Earthquake,DragonClaw,RockSlide,Protect|Jolly||M|||50|]Delphox||Delphoxite|Blaze|HeatWave,Psychic,Substitute,Protect|Timid||M|||50|
|showteam|p2|Floette-Eternal||Floettite|FlowerVeil|DazzlingGleam,Moonblast,LightofRuin,Protect|Modest||F|||50|]Whimsicott||FocusSash|Prankster|Moonblast,Tailwind,Encore,Protect|Timid||M|||50|]Basculegion||MysticWater|Adaptability|LastRespects,WaveCrash,AquaJet,Protect|Adamant||M|||50|]Kingambit||ChopleBerry|Defiant|KowtowCleave,SuckerPunch,LowKick,IronHead|Adamant||M|||50|]Charizard||CharizarditeY|Blaze|HeatWave,WeatherBall,SolarBeam,Protect|Modest||M|||50|]Garchomp||LifeOrb|RoughSkin|StompingTantrum,DragonClaw,RockSlide,Protect|Jolly||F|||50|
|
|t:|1785970268
|teamsize|p1|4
|teamsize|p2|4
|start
|switch|p1a: Staraptor|Staraptor, L50, F, shiny|100/100
|switch|p1b: Whimsicott|Whimsicott, L50, F, shiny|100/100
|switch|p2a: Floette|Floette-Eternal, L50, F|100/100
|switch|p2b: Whimsicott|Whimsicott, L50, M|100/100
|-ability|p1a: Staraptor|Intimidate|boost
|-unboost|p2a: Floette|atk|1
|-block|p2b: Whimsicott|ability: Flower Veil|[of] p2a: Floette
|turn|1
|
|t:|1785970318
|detailschange|p1a: Staraptor|Staraptor-Mega, L50, F, shiny
|-mega|p1a: Staraptor|Staraptor|Staraptite
|detailschange|p2a: Floette|Floette-Mega, L50, F
|-mega|p2a: Floette|Floette|Floettite
|-ability|p2a: Floette|Fairy Aura
|move|p2b: Whimsicott|Tailwind|p2b: Whimsicott
|-sidestart|p2: PenguimSAL|move: Tailwind
|move|p1b: Whimsicott|Light Screen|p1b: Whimsicott
|-sidestart|p1: pepe1994|move: Light Screen
|move|p2a: Floette|Dazzling Gleam|p1a: Staraptor|[spread] p1a,p1b
|-supereffective|p1a: Staraptor|1
|-damage|p1a: Staraptor|24/100
|-damage|p1b: Whimsicott|55/100
|move|p1a: Staraptor|Close Combat|p2a: Floette
|-resisted|p2a: Floette|1
|-damage|p2a: Floette|60/100
|-boost|p1a: Staraptor|def|1
|-boost|p1a: Staraptor|spd|1
|
|upkeep
|turn|2
|
|t:|1785970343
|move|p1a: Staraptor|Protect|p1a: Staraptor
|-singleturn|p1a: Staraptor|Protect
|move|p2b: Whimsicott|Moonblast|p1a: Staraptor
|-activate|p1a: Staraptor|move: Protect
|move|p2a: Floette|Dazzling Gleam|p1b: Whimsicott|[spread] p1b
|-activate|p1a: Staraptor|move: Protect
|-damage|p1b: Whimsicott|4/100
|move|p1b: Whimsicott|Moonblast|p2a: Floette
|-damage|p2a: Floette|31/100
|
|upkeep
|turn|3
|
|t:|1785970385
|switch|p2a: Garchomp|Garchomp, L50, F|100/100
|move|p1b: Whimsicott|Tailwind|p1b: Whimsicott
|-sidestart|p1: pepe1994|move: Tailwind
|move|p2b: Whimsicott|Moonblast|p1a: Staraptor
|-supereffective|p1a: Staraptor|1
|-damage|p1a: Staraptor|0 fnt
|faint|p1a: Staraptor
|
|upkeep
|
|t:|1785970411
|switch|p1a: Kingambit|Kingambit, L50, M|100/100
|turn|4
|
|t:|1785970497
|move|p1b: Whimsicott|Charm|p2a: Garchomp
|-unboost|p2a: Garchomp|atk|2
|move|p2b: Whimsicott|Moonblast|p1a: Kingambit
|-damage|p1a: Kingambit|76/100
|move|p2a: Garchomp|Rock Slide|p1a: Kingambit|[spread] p1a,p1b
|-resisted|p1a: Kingambit|1
|-damage|p1a: Kingambit|71/100
|-damage|p1b: Whimsicott|0 fnt
|faint|p1b: Whimsicott
|-damage|p2a: Garchomp|90/100|[from] item: Life Orb
|move|p1a: Kingambit|Kowtow Cleave|p2a: Garchomp
|-damage|p2a: Garchomp|43/100
|-damage|p1a: Kingambit|59/100|[from] ability: Rough Skin|[of] p2a: Garchomp
|
|-sideend|p2: PenguimSAL|move: Tailwind
|upkeep
|
|t:|1785970512
|switch|p1b: Glimmora|Glimmora, L50, M, shiny|100/100
|turn|5
|
|t:|1785970522
|switch|p2a: Kingambit|Kingambit, L50, M|100/100
|move|p1b: Glimmora|Spiky Shield|p1b: Glimmora
|-singleturn|p1b: Glimmora|move: Protect
|move|p2b: Whimsicott|Tailwind|p2b: Whimsicott
|-sidestart|p2: PenguimSAL|move: Tailwind
|move|p1a: Kingambit|Iron Head|p2b: Whimsicott
|-supereffective|p2b: Whimsicott|1
|-enditem|p2b: Whimsicott|Focus Sash
|-damage|p2b: Whimsicott|1/100
|
|-sideend|p1: pepe1994|move: Light Screen
|upkeep
|turn|6
|
|t:|1785970581
|move|p2b: Whimsicott|Encore|p1b: Glimmora
|-start|p1b: Glimmora|Encore
|move|p1b: Glimmora|Spiky Shield||[still]
|-fail|p1b: Glimmora
|move|p2a: Kingambit|Low Kick|p1a: Kingambit
|-supereffective|p1a: Kingambit|2
|-enditem|p1a: Kingambit|Chople Berry|[eat]
|-enditem|p1a: Kingambit|Chople Berry|[weaken]
|-damage|p1a: Kingambit|7/100
|move|p1a: Kingambit|Low Kick|p2a: Kingambit
|-supereffective|p2a: Kingambit|2
|-enditem|p2a: Kingambit|Chople Berry|[eat]
|-enditem|p2a: Kingambit|Chople Berry|[weaken]
|-damage|p2a: Kingambit|39/100
|
|-sideend|p1: pepe1994|move: Tailwind
|upkeep
|turn|7
|
|t:|1785970608
|switch|p2b: Garchomp|Garchomp, L50, F|43/100
|move|p1b: Glimmora|Spiky Shield|p1b: Glimmora
|-singleturn|p1b: Glimmora|move: Protect
|move|p1a: Kingambit|Sucker Punch|p2a: Kingambit
|-resisted|p2a: Kingambit|1
|-damage|p2a: Kingambit|24/100
|move|p2a: Kingambit|Low Kick|p1a: Kingambit
|-supereffective|p1a: Kingambit|2
|-damage|p1a: Kingambit|0 fnt
|faint|p1a: Kingambit
|
|upkeep
|turn|8
|
|t:|1785970619
|move|p1b: Glimmora|Spiky Shield||[still]
|-fail|p1b: Glimmora
|move|p2b: Garchomp|Stomping Tantrum|p1b: Glimmora
|-supereffective|p1b: Glimmora|2
|-crit|p1b: Glimmora
|-enditem|p1b: Glimmora|Focus Sash
|-damage|p1b: Glimmora|1/100
|-activate|p1b: Glimmora|ability: Toxic Debris
|-sidestart|p2: PenguimSAL|move: Toxic Spikes
|-damage|p2b: Garchomp|34/100|[from] item: Life Orb
|move|p2a: Kingambit|Iron Head|p1b: Glimmora
|-supereffective|p1b: Glimmora|1
|-damage|p1b: Glimmora|0 fnt
|-activate|p1b: Glimmora|ability: Toxic Debris
|-sidestart|p2: PenguimSAL|move: Toxic Spikes
|faint|p1b: Glimmora
|
|win|PenguimSAL
|inactive|pepe1994 has 30 seconds to confirm battle start!
|inactive|PenguimSAL has 30 seconds to confirm battle start!
||pepe1994 is ready for game 2.
|inactive|PenguimSAL has 20 seconds to confirm battle start!
||PenguimSAL is ready for game 2.
|uhtml|next|Next: Game 2 of 3
|l|☆pepe1994
|player|p1|
