|j|☆okes30
|j|☆pacoespepe
|html|okes30pacoespepe    
|uhtml|bestof|Game 1 of a best-of-3
|t:|1784045361
|gametype|doubles
|player|p1|okes30|102|1110
|player|p2|pacoespepe|juggler|1093
|gen|9
|tier|[Gen 9 Champions] VGC 2026 Reg M-B (Bo3)
|rated|
|rule|Species Clause: Limit one of each Pokémon
|rule|Item Clause: Limit 1 of each item
|clearpoke
|poke|p1|Delphox, L50, F|
|poke|p1|Blastoise, L50, F|
|poke|p1|Sinistcha-Masterpiece, L50|
|poke|p1|Sneasler, L50, M|
|poke|p1|Incineroar, L50, F, shiny|
|poke|p1|Kingambit, L50, F|
|poke|p2|Kommo-o, L50, M|
|poke|p2|Froslass, L50, F|
|poke|p2|Sinistcha-Masterpiece, L50|
|poke|p2|Excadrill, L50, F, shiny|
|poke|p2|Tyranitar, L50, M, shiny|
|poke|p2|Garchomp, L50, F|
|teampreview|4
|showteam|p1|Delphox||Delphoxite|Blaze|HeatWave,Psyshock,NastyPlot,Protect|Modest||F|||50|]Blastoise||Blastoisinite|RainDish|WaterSpout,DarkPulse,ShellSmash,Protect|Modest||F|||50|]Sinistcha-Masterpiece||MentalHerb|Hospitality|TrickRoom,MatchaGotcha,RagePowder,Protect|Calm|||||50|]Sneasler||FocusSash|PoisonTouch|PoisonJab,FakeOut,QuickGuard,CloseCombat|Adamant||M|||50|]Incineroar||SitrusBerry|Intimidate|PartingShot,FakeOut,FlareBlitz,ThroatChop|Careful||F|||50|]Kingambit||BlackGlasses|Defiant|LowKick,SuckerPunch,KowtowCleave,Protect|Adamant||F|||50|
|showteam|p2|Kommo-o||Leftovers|Soundproof|Boomburst,ClangingScales,ClangorousSoul,Protect|Modest||M|||50|]Froslass||Froslassite|CursedBody|AuroraVeil,Blizzard,Protect,ShadowBall|Timid||F|||50|]Sinistcha-Masterpiece||SitrusBerry|Hospitality|MatchaGotcha,PsychUp,RagePowder,StrengthSap|Calm|||||50|]Excadrill||FocusSash|SandRush|HighHorsepower,IronHead,RockSlide,Protect|Adamant||F|||50|]Tyranitar||Tyranitarite|SandStream|RockSlide,KnockOff,IcePunch,Protect|Adamant||M|||50|]Garchomp||LifeOrb|SandVeil|StompingTantrum,DragonClaw,Protect,IronHead|Jolly||F|||50|
|
|t:|1784045439
|teamsize|p1|4
|teamsize|p2|4
|start
|switch|p1a: Blastoise|Blastoise, L50, F|100/100
|switch|p1b: Incineroar|Incineroar, L50, F, shiny|100/100
|switch|p2a: Kommo-o|Kommo-o, L50, M|100/100
|switch|p2b: Froslass|Froslass, L50, F|100/100
|-ability|p1b: Incineroar|Intimidate|boost
|-unboost|p2a: Kommo-o|atk|1
|-unboost|p2b: Froslass|atk|1
|turn|1
|
|t:|1784045483
|detailschange|p2b: Froslass|Froslass-Mega, L50, F
|-mega|p2b: Froslass|Froslass|Froslassite
|-weather|Snowscape|[from] ability: Snow Warning|[of] p2b: Froslass
|detailschange|p1a: Blastoise|Blastoise-Mega, L50, F
|-mega|p1a: Blastoise|Blastoise|Blastoisinite
|move|p2b: Froslass|Aurora Veil|p2b: Froslass
|-sidestart|p2: pacoespepe|move: Aurora Veil
|move|p1a: Blastoise|Shell Smash|p1a: Blastoise
|-unboost|p1a: Blastoise|def|1
|-unboost|p1a: Blastoise|spd|1
|-boost|p1a: Blastoise|atk|2
|-boost|p1a: Blastoise|spa|2
|-boost|p1a: Blastoise|spe|2
|move|p2a: Kommo-o|Clangorous Soul|p2a: Kommo-o
|-boost|p2a: Kommo-o|atk|1
|-boost|p2a: Kommo-o|def|1
|-boost|p2a: Kommo-o|spa|1
|-boost|p2a: Kommo-o|spd|1
|-boost|p2a: Kommo-o|spe|1
|-damage|p2a: Kommo-o|67/100
|move|p1b: Incineroar|Flare Blitz|p2b: Froslass
|-supereffective|p2b: Froslass|1
|-damage|p2b: Froslass|39/100
|-damage|p1b: Incineroar|83/100|[from] Recoil
|
|-weather|Snowscape|[upkeep]
|-heal|p2a: Kommo-o|73/100|[from] item: Leftovers
|upkeep
|turn|2
|
|t:|1784045523
|switch|p2b: Sinistcha|Sinistcha-Masterpiece, L50|100/100
|-heal|p2a: Kommo-o|97/100|[from] ability: Hospitality|[of] p2b: Sinistcha
|move|p1a: Blastoise|Protect|p1a: Blastoise
|-singleturn|p1a: Blastoise|Protect
|move|p2a: Kommo-o|Boomburst|p1a: Blastoise|[spread] p1b
|-activate|p1a: Blastoise|move: Protect
|-immune|p2b: Sinistcha
|-damage|p1b: Incineroar|47/100
|-enditem|p1b: Incineroar|Sitrus Berry|[eat]
|-heal|p1b: Incineroar|71/100|[from] item: Sitrus Berry
|move|p1b: Incineroar|Parting Shot|p2a: Kommo-o
|-immune|p2a: Kommo-o|[from] ability: Soundproof
|
|-weather|Snowscape|[upkeep]
|-heal|p2a: Kommo-o|100/100|[from] item: Leftovers
|upkeep
|turn|3
|
|t:|1784045550
|move|p1a: Blastoise|Dark Pulse|p2b: Sinistcha
|-supereffective|p2b: Sinistcha|1
|-crit|p2b: Sinistcha
|-damage|p2b: Sinistcha|0 fnt
|faint|p2b: Sinistcha
|move|p2a: Kommo-o|Clangorous Soul|p2a: Kommo-o
|-boost|p2a: Kommo-o|atk|1
|-boost|p2a: Kommo-o|def|1
|-boost|p2a: Kommo-o|spa|1
|-boost|p2a: Kommo-o|spd|1
|-boost|p2a: Kommo-o|spe|1
|-damage|p2a: Kommo-o|67/100
|move|p1b: Incineroar|Throat Chop|p2a: Kommo-o
|-resisted|p2a: Kommo-o|1
|-crit|p2a: Kommo-o
|-damage|p2a: Kommo-o|46/100
|-start|p2a: Kommo-o|Throat Chop|[silent]
|
|-weather|Snowscape|[upkeep]
|-heal|p2a: Kommo-o|52/100|[from] item: Leftovers
|upkeep
|
|t:|1784045558
|switch|p2b: Froslass|Froslass-Mega, L50, F|39/100
|turn|4
|
|t:|1784045595
|move|p1a: Blastoise|Protect|p1a: Blastoise
|-singleturn|p1a: Blastoise|Protect
|move|p2a: Kommo-o|Protect|p2a: Kommo-o
|-singleturn|p2a: Kommo-o|Protect
|move|p2b: Froslass|Shadow Ball|p1a: Blastoise
|-activate|p1a: Blastoise|move: Protect
|move|p1b: Incineroar|Parting Shot|p2b: Froslass
|-unboost|p2b: Froslass|atk|1
|-unboost|p2b: Froslass|spa|1
|
|t:|1784045605
|switch|p1b: Sneasler|Sneasler, L50, M|100/100|[from] Parting Shot
|
|-weather|Snowscape|[upkeep]
|-heal|p2a: Kommo-o|58/100|[from] item: Leftovers
|-end|p2a: Kommo-o|Throat Chop|[silent]
|upkeep
|turn|5
|
|t:|1784045663
|move|p2b: Froslass|Protect|p2b: Froslass
|-singleturn|p2b: Froslass|Protect
|move|p1b: Sneasler|Fake Out|p2a: Kommo-o
|-damage|p2a: Kommo-o|53/100
|move|p1a: Blastoise|Water Spout|p2b: Froslass|[spread] p2a
|-activate|p2b: Froslass|move: Protect
|-resisted|p2a: Kommo-o|1
|-damage|p2a: Kommo-o|32/100
|cant|p2a: Kommo-o|flinch
|
|-weather|none
|-heal|p2a: Kommo-o|39/100|[from] item: Leftovers
|-sideend|p2: pacoespepe|move: Aurora Veil
|upkeep
|turn|6
|
|t:|1784045688
|switch|p2b: Excadrill|Excadrill, L50, F, shiny|100/100
|switch|p1b: Incineroar|Incineroar, L50, F, shiny|71/100
|-ability|p1b: Incineroar|Intimidate|boost
|-unboost|p2a: Kommo-o|atk|1
|-unboost|p2b: Excadrill|atk|1
|move|p1a: Blastoise|Protect|p1a: Blastoise
|-singleturn|p1a: Blastoise|Protect
|move|p2a: Kommo-o|Boomburst|p1b: Incineroar|[spread] p2b,p1b
|-activate|p1a: Blastoise|move: Protect
|-resisted|p2b: Excadrill|1
|-damage|p2b: Excadrill|55/100
|-damage|p1b: Incineroar|25/100
|
|-heal|p2a: Kommo-o|45/100|[from] item: Leftovers
|upkeep
|turn|7
|
|t:|1784045708
|move|p2a: Kommo-o|Protect|p2a: Kommo-o
|-singleturn|p2a: Kommo-o|Protect
|move|p1b: Incineroar|Fake Out|p2a: Kommo-o
|-activate|p2a: Kommo-o|move: Protect
|move|p1a: Blastoise|Water Spout|p2a: Kommo-o|[spread] p2b
|-activate|p2a: Kommo-o|move: Protect
|-supereffective|p2b: Excadrill|1
|-damage|p2b: Excadrill|0 fnt
|faint|p2b: Excadrill
|
|-heal|p2a: Kommo-o|51/100|[from] item: Leftovers
|upkeep
|
|t:|1784045719
|switch|p2b: Froslass|Froslass-Mega, L50, F|39/100
|-weather|Snowscape|[from] ability: Snow Warning|[of] p2b: Froslass
|turn|8
|
|t:|1784045739
|move|p1a: Blastoise|Protect|p1a: Blastoise
|-singleturn|p1a: Blastoise|Protect
|move|p2a: Kommo-o|Boomburst|p1b: Incineroar|[spread] p1b
|-activate|p1a: Blastoise|move: Protect
|-immune|p2b: Froslass
|-damage|p1b: Incineroar|0 fnt
|faint|p1b: Incineroar
|move|p2b: Froslass|Shadow Ball|p1a: Blastoise
|-activate|p1a: Blastoise|move: Protect
|
|-weather|Snowscape|[upkeep]
|-heal|p2a: Kommo-o|57/100|[from] item: Leftovers
|upkeep
|
|t:|1784045748
|switch|p1b: Sneasler|Sneasler, L50, M|100/100
|turn|9
|
|t:|1784045759
|move|p2a: Kommo-o|Protect|p2a: Kommo-o
|-singleturn|p2a: Kommo-o|Protect
|move|p2b: Froslass|Protect|p2b: Froslass
|-singleturn|p2b: Froslass|Protect
|move|p1b: Sneasler|Fake Out|p2a: Kommo-o
|-activate|p2a: Kommo-o|move: Protect
|move|p1a: Blastoise|Water Spout|p2b: Froslass|[spread] 
|-activate|p2a: Kommo-o|move: Protect
|-activate|p2b: Froslass|move: Protect
|
|-weather|Snowscape|[upkeep]
|-heal|p2a: Kommo-o|63/100|[from] item: Leftovers
|upkeep
|turn|10
|
|t:|1784045807
|move|p1a: Blastoise|Dark Pulse|p2b: Froslass
|-supereffective|p2b: Froslass|1
|-damage|p2b: Froslass|0 fnt
|faint|p2b: Froslass
|move|p2a: Kommo-o|Boomburst|p1b: Sneasler|[spread] p1a,p1b
|-damage|p1a: Blastoise|18/100
|-damage|p1b: Sneasler|22/100
|move|p1b: Sneasler|Poison Jab|p2a: Kommo-o
|-damage|p2a: Kommo-o|45/100
|-status|p2a: Kommo-o|psn
|
|-weather|Snowscape|[upkeep]
|-heal|p2a: Kommo-o|51/100 psn|[from] item: Leftovers
|-damage|p2a: Kommo-o|39/100 psn|[from] psn
|upkeep
|turn|11
|l|☆okes30
|player|p1|
|j|☆okes30
|player|p1|okes30|102|
|
|t:|1784045852
|switch|p1b: Sinistcha|Sinistcha-Masterpiece, L50|100/100
|-heal|p1a: Blastoise|43/100|[from] ability: Hospitality|[of] p1b: Sinistcha
|move|p1a: Blastoise|Dark Pulse|p2a: Kommo-o
|-resisted|p2a: Kommo-o|1
|-damage|p2a: Kommo-o|16/100 psn
|move|p2a: Kommo-o|Boomburst|p1b: Sinistcha|[spread] p1a
|-immune|p1b: Sinistcha
|-damage|p1a: Blastoise|0 fnt
|faint|p1a: Blastoise
|
|-weather|Snowscape|[upkeep]
|-heal|p2a: Kommo-o|22/100 psn|[from] item: Leftovers
|-damage|p2a: Kommo-o|10/100 psn|[from] psn
|upkeep
|c|☆okes30|sorry, work wifi bad
|
|t:|1784045862
|switch|p1a: Sneasler|Sneasler, L50, M|22/100
|turn|12
|
|t:|1784045869
|move|p2a: Kommo-o|Protect|p2a: Kommo-o
|-singleturn|p2a: Kommo-o|Protect
|move|p1a: Sneasler|Fake Out|p2a: Kommo-o
|-activate|p2a: Kommo-o|move: Protect
|move|p1b: Sinistcha|Trick Room|p1b: Sinistcha
|-fieldstart|move: Trick Room|[of] p1b: Sinistcha
|
|-weather|none
|-heal|p2a: Kommo-o|16/100 psn|[from] item: Leftovers
|-damage|p2a: Kommo-o|4/100 psn|[from] psn
|upkeep
|turn|13
|c|☆okes30|gg
|
|t:|1784045879
|move|p1b: Sinistcha|Protect|p1b: Sinistcha
|-singleturn|p1b: Sinistcha|Protect
|move|p1a: Sneasler|Poison Jab|p2a: Kommo-o
|-damage|p2a: Kommo-o|0 fnt
|faint|p2a: Kommo-o
|
|win|okes30
