|badge|p1|silver|gen9ou|30-6
|uhtml|medal-msg|Curious what those medals under the avatar are? PS now has Ladder Seasons! For more information, check out the thread on Smogon.
|badge|p2|bronze|gen9doublesou|100-6
|uhtml|medal-msg|Curious what those medals under the avatar are? PS now has Ladder Seasons! For more information, check out the thread on Smogon.
|j|☆JackRG1
|j|☆jinzo layers (
|html|JackRG1jinzo layers (    
|uhtml|bestof|Game 1 of a best-of-3
|t:|1757743993
|gametype|doubles
|player|p1|JackRG1|dawn-gen4pt|1261
|player|p2|jinzo layers (|#scl5gible2|1375
|gen|9
|tier|[Gen 9] VGC 2025 Reg H (Bo3)
|rated|
|rule|Species Clause: Limit one of each Pokémon
|rule|Item Clause: Limit 1 of each item
|clearpoke
|poke|p1|Tyranitar, L50, F|
|poke|p1|Excadrill, L50, F|
|poke|p1|Gastrodon-East, L50, F|
|poke|p1|Grimmsnarl, L50, M|
|poke|p1|Corviknight, L50, F|
|poke|p1|Glimmora, L50, M|
|poke|p2|Ninetales-Alola, L50, F|
|poke|p2|Dragonite, L50, F|
|poke|p2|Amoonguss, L50, M|
|poke|p2|Sneasler, L50, M|
|poke|p2|Incineroar, L50, M|
|poke|p2|Gholdengo, L50|
|teampreview|4
|showteam|p1|Tyranitar||AssaultVest|SandStream|RockSlide,KnockOff,TeraBlast,LowKick|||F|||50|,,,,,Flying]Excadrill||FocusSash|SandRush|Earthquake,HighHorsepower,IronHead,Protect|||F|||50|,,,,,Ground]Gastrodon-East||Leftovers|StormDrain|EarthPower,HydroPump,ClearSmog,Protect|||F|||50|,,,,,Poison]Grimmsnarl||LightClay|Prankster|SpiritBreak,Reflect,LightScreen,Taunt|||M|||50|,,,,,Ghost]Corviknight||SafetyGoggles|MirrorArmor|BraveBird,PowerTrip,BulkUp,Roost|||F|||50|,,,,,Dragon]Glimmora||ChoiceScarf|ToxicDebris|TeraBlast,PowerGem,EarthPower,SludgeBomb|||M|||50|,,,,,Ghost
|showteam|p2|Ninetales-Alola||ChoiceSpecs|SnowWarning|Blizzard,IcyWind,FreezeDry,Moonblast|||F|||50|,,,,,Ghost]Dragonite||LoadedDice|Multiscale|ScaleShot,StompingTantrum,Tailwind,Protect|||F|||50|,,,,,Fairy]Amoonguss||RockyHelmet|Regenerator|Protect,PollenPuff,Spore,RagePowder|||M|||50|,,,,,Water]Sneasler||FocusSash|Unburden|CloseCombat,DireClaw,ThroatChop,Protect|||M|||50|,,,,,Stellar]Incineroar||AssaultVest|Intimidate|FakeOut,FlareBlitz,KnockOff,Uturn|||M|||50|,,,,,Grass]Gholdengo||LifeOrb|GoodasGold|MakeItRain,ShadowBall,NastyPlot,Protect||||||50|,,,,,Water
|inactive|Battle timer is ON: inactive players will automatically lose when time's up. (requested by JackRG1)
|inactive|JackRG1 has 60 seconds left.
|inactive|jinzo layers ( has 60 seconds left.
|
|t:|1757744052
|teamsize|p1|4
|teamsize|p2|4
|start
|switch|p1a: Glimmora|Glimmora, L50, M|100/100
|switch|p1b: Tyranitar|Tyranitar, L50, F|100/100
|switch|p2a: Amoonguss|Amoonguss, L50, M, shiny|100/100
|switch|p2b: Dragonite|Dragonite, L50, F|100/100
|-weather|Sandstorm|[from] ability: Sand Stream|[of] p1b: Tyranitar
|turn|1
|
|t:|1757744072
|switch|p1b: Corviknight|Corviknight, L50, F|100/100
|-terastallize|p2a: Amoonguss|Water
|move|p1a: Glimmora|Power Gem|p2a: Amoonguss
|-damage|p2a: Amoonguss|69/100
|move|p2b: Dragonite|Stomping Tantrum|p1a: Glimmora
|-supereffective|p1a: Glimmora
|-damage|p1a: Glimmora|0 fnt
|-activate|p1a: Glimmora|ability: Toxic Debris
|-sidestart|p2: jinzo layers (|move: Toxic Spikes
|faint|p1a: Glimmora
|move|p2a: Amoonguss|Spore|p1b: Corviknight
|-activate|p1b: Corviknight|item: Safety Goggles|Spore
|
|-weather|Sandstorm|[upkeep]
|-damage|p2b: Dragonite|95/100|[from] Sandstorm
|-damage|p2a: Amoonguss|63/100|[from] Sandstorm
|upkeep
|
|t:|1757744078
|switch|p1a: Tyranitar|Tyranitar, L50, F|100/100
|turn|2
|
|t:|1757744099
|switch|p2a: Sneasler|Sneasler, L50, M|100/100
|-sideend|p2: jinzo layers (|move: Toxic Spikes|[of] p2a: Sneasler
|move|p2b: Dragonite|Scale Shot|p1a: Tyranitar
|-damage|p1a: Tyranitar|87/100
|-damage|p1a: Tyranitar|74/100
|-damage|p1a: Tyranitar|62/100
|-damage|p1a: Tyranitar|48/100
|-hitcount|p1a: Tyranitar|4
|-unboost|p2b: Dragonite|def|1
|-boost|p2b: Dragonite|spe|1
|move|p1a: Tyranitar|Knock Off|p2a: Sneasler
|-resisted|p2a: Sneasler
|-damage|p2a: Sneasler|54/100
|-enditem|p2a: Sneasler|Focus Sash|[from] move: Knock Off|[of] p1a: Tyranitar
|move|p1b: Corviknight|Bulk Up|p1b: Corviknight
|-boost|p1b: Corviknight|atk|1
|-boost|p1b: Corviknight|def|1
|
|-weather|Sandstorm|[upkeep]
|-damage|p2a: Sneasler|49/100|[from] Sandstorm
|-damage|p2b: Dragonite|89/100|[from] Sandstorm
|upkeep
|turn|3
|inactive|jinzo layers ( has 30 seconds left.
|inactive|jinzo layers ( has 20 seconds left.
|inactive|jinzo layers ( has 15 seconds left.
|
|t:|1757744141
|switch|p1a: Excadrill|Excadrill, L50, F|100/100
|move|p2a: Sneasler|Protect|p2a: Sneasler
|-singleturn|p2a: Sneasler|Protect
|move|p2b: Dragonite|Scale Shot|p1a: Excadrill
|-resisted|p1a: Excadrill
|-damage|p1a: Excadrill|90/100
|-resisted|p1a: Excadrill
|-damage|p1a: Excadrill|78/100
|-resisted|p1a: Excadrill
|-damage|p1a: Excadrill|68/100
|-resisted|p1a: Excadrill
|-damage|p1a: Excadrill|57/100
|-hitcount|p1a: Excadrill|4
|-unboost|p2b: Dragonite|def|1
|-boost|p2b: Dragonite|spe|1
|move|p1b: Corviknight|Bulk Up|p1b: Corviknight
|-boost|p1b: Corviknight|atk|1
|-boost|p1b: Corviknight|def|1
|
|-weather|Sandstorm|[upkeep]
|-damage|p2a: Sneasler|43/100|[from] Sandstorm
|-damage|p2b: Dragonite|83/100|[from] Sandstorm
|upkeep
|turn|4
|
|t:|1757744152
|switch|p2b: Ninetales|Ninetales-Alola, L50, F|100/100
|-weather|Snowscape|[from] ability: Snow Warning|[of] p2b: Ninetales
|move|p1a: Excadrill|Protect|p1a: Excadrill
|-singleturn|p1a: Excadrill|Protect
|move|p2a: Sneasler|Close Combat|p1a: Excadrill
|-activate|p1a: Excadrill|move: Protect
|move|p1b: Corviknight|Brave Bird|p2a: Sneasler
|-supereffective|p2a: Sneasler
|-damage|p2a: Sneasler|0 fnt
|faint|p2a: Sneasler
|-damage|p1b: Corviknight|88/100|[from] Recoil
|
|-weather|Snowscape|[upkeep]
|upkeep
|
|t:|1757744166
|switch|p2a: Amoonguss|Amoonguss, L50, M, shiny, tera:Water|96/100
|turn|5
|
|t:|1757744172
|switch|p1b: Tyranitar|Tyranitar, L50, F|48/100
|-weather|Sandstorm|[from] ability: Sand Stream|[of] p1b: Tyranitar
|move|p2a: Amoonguss|Rage Powder|p2a: Amoonguss
|-singleturn|p2a: Amoonguss|move: Rage Powder
|move|p1a: Excadrill|Iron Head|p2a: Amoonguss
|-resisted|p2a: Amoonguss
|-damage|p2a: Amoonguss|75/100
|-damage|p1a: Excadrill|40/100|[from] item: Rocky Helmet|[of] p2a: Amoonguss
|move|p2b: Ninetales|Blizzard|p1a: Excadrill|[spread] p1a,p1b
|-damage|p1a: Excadrill|0 fnt
|-damage|p1b: Tyranitar|32/100
|faint|p1a: Excadrill
|
|-weather|Sandstorm|[upkeep]
|-damage|p2b: Ninetales|94/100|[from] Sandstorm
|-damage|p2a: Amoonguss|69/100|[from] Sandstorm
|upkeep
|
|t:|1757744180
|switch|p1a: Corviknight|Corviknight, L50, F|88/100
|turn|6
|
|t:|1757744186
|switch|p2b: Dragonite|Dragonite, L50, F|83/100
|move|p1b: Tyranitar|Rock Slide|p2a: Amoonguss|[spread] p2a
|-miss|p1b: Tyranitar|p2b: Dragonite
|-damage|p2a: Amoonguss|39/100
|move|p1a: Corviknight|Bulk Up|p1a: Corviknight
|-boost|p1a: Corviknight|atk|1
|-boost|p1a: Corviknight|def|1
|move|p2a: Amoonguss|Spore|p1b: Tyranitar
|-status|p1b: Tyranitar|slp|[from] move: Spore
|
|-weather|Sandstorm|[upkeep]
|-damage|p2b: Dragonite|77/100|[from] Sandstorm
|-damage|p2a: Amoonguss|33/100|[from] Sandstorm
|upkeep
|turn|7
|
|t:|1757744208
|move|p2b: Dragonite|Scale Shot|p1b: Tyranitar
|-damage|p1b: Tyranitar|18/100 slp
|-damage|p1b: Tyranitar|5/100 slp
|-damage|p1b: Tyranitar|0 fnt
|faint|p1b: Tyranitar
|-hitcount|p1: Tyranitar|3
|-unboost|p2b: Dragonite|def|1
|-boost|p2b: Dragonite|spe|1
|move|p1a: Corviknight|Bulk Up|p1a: Corviknight
|-boost|p1a: Corviknight|atk|1
|-boost|p1a: Corviknight|def|1
|move|p2a: Amoonguss|Pollen Puff|p2b: Dragonite
|-heal|p2b: Dragonite|100/100
|
|-weather|Sandstorm|[upkeep]
|-damage|p2b: Dragonite|95/100|[from] Sandstorm
|-damage|p2a: Amoonguss|27/100|[from] Sandstorm
|upkeep
|turn|8
|
|t:|1757744220
|move|p2b: Dragonite|Scale Shot|p1a: Corviknight
|-resisted|p1a: Corviknight
|-damage|p1a: Corviknight|84/100
|-resisted|p1a: Corviknight
|-damage|p1a: Corviknight|81/100
|-resisted|p1a: Corviknight
|-damage|p1a: Corviknight|78/100
|-resisted|p1a: Corviknight
|-damage|p1a: Corviknight|74/100
|-resisted|p1a: Corviknight
|-damage|p1a: Corviknight|71/100
|-hitcount|p1a: Corviknight|5
|-unboost|p2b: Dragonite|def|1
|-boost|p2b: Dragonite|spe|1
|move|p1a: Corviknight|Bulk Up|p1a: Corviknight
|-boost|p1a: Corviknight|atk|1
|-boost|p1a: Corviknight|def|1
|move|p2a: Amoonguss|Pollen Puff|p2b: Dragonite
|-heal|p2b: Dragonite|100/100
|
|-weather|Sandstorm|[upkeep]
|-damage|p2b: Dragonite|95/100|[from] Sandstorm
|-damage|p2a: Amoonguss|21/100|[from] Sandstorm
|upkeep
|turn|9
|
|t:|1757744230
|switch|p2a: Ninetales|Ninetales-Alola, L50, F|94/100
|-weather|Snowscape|[from] ability: Snow Warning|[of] p2a: Ninetales
|move|p2b: Dragonite|Scale Shot|p1a: Corviknight
|-resisted|p1a: Corviknight
|-damage|p1a: Corviknight|68/100
|-resisted|p1a: Corviknight
|-damage|p1a: Corviknight|66/100
|-resisted|p1a: Corviknight
|-damage|p1a: Corviknight|64/100
|-resisted|p1a: Corviknight
|-damage|p1a: Corviknight|61/100
|-hitcount|p1a: Corviknight|4
|-unboost|p2b: Dragonite|def|1
|-boost|p2b: Dragonite|spe|1
|move|p1a: Corviknight|Roost|p1a: Corviknight
|-heal|p1a: Corviknight|100/100
|-singleturn|p1a: Corviknight|move: Roost
|
|-weather|Snowscape|[upkeep]
|upkeep
|turn|10
|
|t:|1757744239
|switch|p2a: Amoonguss|Amoonguss, L50, M, shiny, tera:Water|54/100
|move|p2b: Dragonite|Scale Shot|p1a: Corviknight
|-resisted|p1a: Corviknight
|-damage|p1a: Corviknight|98/100
|-resisted|p1a: Corviknight
|-damage|p1a: Corviknight|96/100
|-resisted|p1a: Corviknight
|-damage|p1a: Corviknight|94/100
|-resisted|p1a: Corviknight
|-damage|p1a: Corviknight|92/100
|-resisted|p1a: Corviknight
|-damage|p1a: Corviknight|90/100
|-hitcount|p1a: Corviknight|5
|-unboost|p2b: Dragonite|def|1
|-boost|p2b: Dragonite|spe|1
|move|p1a: Corviknight|Brave Bird|p2a: Amoonguss
|-damage|p2a: Amoonguss|0 fnt
|-damage|p1a: Corviknight|73/100|[from] item: Rocky Helmet|[of] p2a: Amoonguss
|faint|p2a: Amoonguss
|-damage|p1a: Corviknight|50/100|[from] Recoil
|
|-weather|Snowscape|[upkeep]
|upkeep
|
|t:|1757744244
|switch|p2a: Ninetales|Ninetales-Alola, L50, F|94/100
|turn|11
|
|t:|1757744247
|move|p2b: Dragonite|Scale Shot|p1a: Corviknight
|-resisted|p1a: Corviknight
|-damage|p1a: Corviknight|48/100
|-resisted|p1a: Corviknight
|-damage|p1a: Corviknight|45/100
|-resisted|p1a: Corviknight
|-damage|p1a: Corviknight|43/100
|-resisted|p1a: Corviknight
|-damage|p1a: Corviknight|41/100
|-resisted|p1a: Corviknight
|-damage|p1a: Corviknight|38/100
|-hitcount|p1a: Corviknight|5
|-unboost|p2b: Dragonite|def|1
|-boost|p2b: Dragonite|spe|1
|move|p2a: Ninetales|Blizzard|p1a: Corviknight
|-damage|p1a: Corviknight|0 fnt
|faint|p1a: Corviknight
|
|win|jinzo layers (
|l|☆JackRG1
|player|p1|
||jinzo layers ( is ready for game 2.
||JackRG1 is ready for game 2.
|uhtml|next|Next: Game 2 of 3
