|j|☆jeanryupr
|j|☆sebasbd04
|html|jeanryuprsebasbd04    
|uhtml|bestof|Game 1 of a best-of-3
|t:|1785778241
|gametype|doubles
|player|p1|jeanryupr|170|1219
|player|p2|sebasbd04|ghetsis-gen5bw|1147
|gen|9
|tier|[Gen 9 Champions] VGC 2026 Reg M-B (Bo3)
|rated|
|rule|Species Clause: Limit one of each Pokémon
|rule|Item Clause: Limit 1 of each item
|clearpoke
|poke|p1|Raichu, L50, M|
|poke|p1|Aerodactyl, L50, M|
|poke|p1|Floette-Eternal, L50, F|
|poke|p1|Kingambit, L50, F|
|poke|p1|Farigiraf, L50, M|
|poke|p1|Garchomp, L50, M|
|poke|p2|Venusaur, L50, M|
|poke|p2|Charizard, L50, M, shiny|
|poke|p2|Garchomp, L50, F|
|poke|p2|Annihilape, L50, M|
|poke|p2|Incineroar, L50, F, shiny|
|poke|p2|Toxapex, L50, F|
|teampreview|4
|showteam|p1|Raichu||RaichuniteY|LightningRod|ZapCannon,FocusBlast,FakeOut,Protect|Timid||M|||50|]Aerodactyl||FocusSash|Unnerve|WideGuard,DualWingbeat,RockSlide,Tailwind|Jolly||M|||50|]Floette-Eternal||Floettite|FlowerVeil|CalmMind,DazzlingGleam,DrainingKiss,Protect|Timid||F|||50|]Kingambit||LifeOrb|Defiant|KowtowCleave,Protect,SuckerPunch,SwordsDance|Adamant||F|||50|]Farigiraf||SitrusBerry|ArmorTail|TrickRoom,HelpingHand,Thunderbolt,Psychic|Bold||M|||50|]Garchomp||HabanBerry|RoughSkin|Protect,Earthquake,DragonClaw,RockSlide|Jolly||M|||50|
|showteam|p2|Venusaur||LifeOrb|Chlorophyll|SolarBeam,SludgeBomb,EarthPower,Protect|Modest||M|||50|]Charizard||CharizarditeY|SolarPower|HeatWave,WeatherBall,HelpingHand,Protect|Modest||M|||50|]Garchomp||ChoiceScarf|RoughSkin|DragonClaw,RockSlide,Earthquake,StompingTantrum|Adamant||F|||50|]Annihilape||FocusSash|Defiant|PhantomForce,CloseCombat,RockTomb,Protect|Jolly||M|||50|]Incineroar||SitrusBerry|Intimidate|FakeOut,ThroatChop,FlareBlitz,PartingShot|Impish||F|||50|]Toxapex||Leftovers|Regenerator|Infestation,Toxic,BanefulBunker,WideGuard|Impish||F|||50|
|inactive|Battle timer is ON: inactive players will automatically lose when time's up. (requested by sebasbd04)
|inactive|sebasbd04 has 60 seconds left.
|
|t:|1785778300
|teamsize|p1|4
|teamsize|p2|4
|start
|switch|p1a: Raichu|Raichu, L50, M|100/100
|switch|p1b: Kingambit|Kingambit, L50, F|100/100
|switch|p2a: Garchomp|Garchomp, L50, F|100/100
|switch|p2b: Incineroar|Incineroar, L50, F, shiny|100/100
|-ability|p2b: Incineroar|Intimidate|boost
|-unboost|p1a: Raichu|atk|1
|-unboost|p1b: Kingambit|atk|1
|-ability|p1b: Kingambit|Defiant|boost
|-boost|p1b: Kingambit|atk|2
|turn|1
|
|t:|1785778322
|switch|p1a: Farigiraf|Farigiraf, L50, M|100/100
|move|p2b: Incineroar|Fake Out||[still]
|cant|p1a: Farigiraf|ability: Armor Tail|Fake Out|[of] p2b: Incineroar
|move|p1b: Kingambit|Sucker Punch|p2a: Garchomp
|-damage|p2a: Garchomp|29/100
|-damage|p1b: Kingambit|87/100|[from] ability: Rough Skin|[of] p2a: Garchomp
|-damage|p1b: Kingambit|78/100|[from] item: Life Orb
|move|p2a: Garchomp|Stomping Tantrum|p1a: Farigiraf
|-damage|p1a: Farigiraf|65/100
|
|upkeep
|turn|2
|
|t:|1785778343
|move|p1b: Kingambit|Protect|p1b: Kingambit
|-singleturn|p1b: Kingambit|Protect
|move|p2a: Garchomp|Stomping Tantrum|p1b: Kingambit
|-activate|p1b: Kingambit|move: Protect
|move|p2b: Incineroar|Throat Chop|p1a: Farigiraf
|-supereffective|p1a: Farigiraf|1
|-damage|p1a: Farigiraf|14/100
|-start|p1a: Farigiraf|Throat Chop|[silent]
|-enditem|p1a: Farigiraf|Sitrus Berry|[eat]
|-heal|p1a: Farigiraf|39/100|[from] item: Sitrus Berry
|move|p1a: Farigiraf|Trick Room|p1a: Farigiraf
|-fieldstart|move: Trick Room|[of] p1a: Farigiraf
|
|upkeep
|turn|3
|
|t:|1785778361
|switch|p1a: Garchomp|Garchomp, L50, M|100/100
|move|p1b: Kingambit|Kowtow Cleave|p2a: Garchomp
|-damage|p2a: Garchomp|0 fnt
|-damage|p1b: Kingambit|66/100|[from] ability: Rough Skin|[of] p2a: Garchomp
|faint|p2a: Garchomp
|-damage|p1b: Kingambit|56/100|[from] item: Life Orb
|move|p2b: Incineroar|Flare Blitz|p1b: Kingambit
|-supereffective|p1b: Kingambit|1
|-damage|p1b: Kingambit|0 fnt
|faint|p1b: Kingambit
|-damage|p2b: Incineroar|80/100|[from] Recoil
|
|upkeep
|
|t:|1785778382
|switch|p1b: Raichu|Raichu, L50, M|100/100
|switch|p2a: Toxapex|Toxapex, L50, F|100/100
|turn|4
|
|t:|1785778401
|detailschange|p1b: Raichu|Raichu-Mega-Y, L50, M
|-mega|p1b: Raichu|Raichu|Raichunite Y
|move|p1b: Raichu|Fake Out|p2b: Incineroar
|-damage|p2b: Incineroar|74/100
|move|p2a: Toxapex|Toxic|p1b: Raichu
|-status|p1b: Raichu|tox
|cant|p2b: Incineroar|flinch
|move|p1a: Garchomp|Dragon Claw|p2b: Incineroar
|-damage|p2b: Incineroar|47/100
|-enditem|p2b: Incineroar|Sitrus Berry|[eat]
|-heal|p2b: Incineroar|72/100|[from] item: Sitrus Berry
|
|-damage|p1b: Raichu|94/100 tox|[from] psn
|upkeep
|turn|5
|
|t:|1785778425
|switch|p1b: Farigiraf|Farigiraf, L50, M|39/100
|move|p2a: Toxapex|Toxic|p1a: Garchomp
|-status|p1a: Garchomp|tox
|move|p2b: Incineroar|Parting Shot|p1b: Farigiraf
|-unboost|p1b: Farigiraf|atk|1
|-unboost|p1b: Farigiraf|spa|1
|
|t:|1785778433
|switch|p2b: Charizard|Charizard, L50, M, shiny|100/100|[from] Parting Shot
|move|p1a: Garchomp|Earthquake|p2a: Toxapex|[spread] p1b,p2a
|-immune|p2b: Charizard
|-supereffective|p2a: Toxapex|1
|-damage|p1b: Farigiraf|10/100
|-damage|p2a: Toxapex|52/100
|
|-heal|p2a: Toxapex|58/100|[from] item: Leftovers
|-damage|p1a: Garchomp|93/100 tox|[from] psn
|upkeep
|turn|6
|
|t:|1785778448
|switch|p2b: Incineroar|Incineroar, L50, F, shiny|72/100
|-ability|p2b: Incineroar|Intimidate|boost
|-unboost|p1a: Garchomp|atk|1
|-unboost|p1b: Farigiraf|atk|1
|move|p2a: Toxapex|Infestation|p1a: Garchomp
|-damage|p1a: Garchomp|90/100 tox
|-activate|p1a: Garchomp|move: Infestation|[of] p2a: Toxapex
|-damage|p2a: Toxapex|46/100|[from] ability: Rough Skin|[of] p1a: Garchomp
|move|p1b: Farigiraf|Thunderbolt|p2a: Toxapex
|-supereffective|p2a: Toxapex|1
|-damage|p2a: Toxapex|22/100
|-status|p2a: Toxapex|par
|move|p1a: Garchomp|Dragon Claw|p2a: Toxapex
|-damage|p2a: Toxapex|5/100 par
|
|-heal|p2a: Toxapex|10/100 par|[from] item: Leftovers
|-damage|p1a: Garchomp|78/100 tox|[from] psn
|-damage|p1a: Garchomp|66/100 tox|[from] move: Infestation|[partiallytrapped]
|-fieldend|move: Trick Room
|upkeep
|turn|7
|inactive|jeanryupr has 30 seconds left.
|
|t:|1785778477
|switch|p1b: Raichu|Raichu-Mega-Y, L50, M|94/100 tox
|move|p2a: Toxapex|Baneful Bunker|p2a: Toxapex
|-singleturn|p2a: Toxapex|move: Protect
|move|p1a: Garchomp|Dragon Claw|p2a: Toxapex
|-activate|p2a: Toxapex|move: Protect
|move|p2b: Incineroar|Throat Chop|p1b: Raichu
|-crit|p1b: Raichu
|-damage|p1b: Raichu|12/100 tox
|-start|p1b: Raichu|Throat Chop|[silent]
|
|-heal|p2a: Toxapex|16/100 par|[from] item: Leftovers
|-damage|p1b: Raichu|6/100 tox|[from] psn
|-damage|p1a: Garchomp|48/100 tox|[from] psn
|-damage|p1a: Garchomp|36/100 tox|[from] move: Infestation|[partiallytrapped]
|upkeep
|turn|8
|
|t:|1785778492
|switch|p1b: Farigiraf|Farigiraf, L50, M|10/100
|-heal|p2a: Toxapex|49/100 par|[from] ability: Regenerator|[silent]
|switch|p2a: Charizard|Charizard, L50, M, shiny|100/100
|move|p1a: Garchomp|Dragon Claw|p2a: Charizard
|-damage|p2a: Charizard|76/100
|move|p2b: Incineroar|Throat Chop|p1a: Garchomp
|-damage|p1a: Garchomp|5/100 tox
|-start|p1a: Garchomp|Throat Chop|[silent]
|-damage|p2b: Incineroar|59/100|[from] ability: Rough Skin|[of] p1a: Garchomp
|
|-damage|p1a: Garchomp|0 fnt|[from] psn
|faint|p1a: Garchomp
|upkeep
|
|t:|1785778501
|switch|p1a: Raichu|Raichu-Mega-Y, L50, M|6/100 tox
|turn|9
|
|t:|1785778511
|move|p2a: Charizard|Protect|p2a: Charizard
|-singleturn|p2a: Charizard|Protect
|move|p1a: Raichu|Zap Cannon|p2a: Charizard
|-activate|p2a: Charizard|move: Protect
|move|p2b: Incineroar|Throat Chop|p1b: Farigiraf
|-supereffective|p1b: Farigiraf|1
|-damage|p1b: Farigiraf|0 fnt
|faint|p1b: Farigiraf
|
|-damage|p1a: Raichu|1/100 tox|[from] psn
|upkeep
|turn|10
|
|t:|1785778527
|detailschange|p2a: Charizard|Charizard-Mega-Y, L50, M, shiny
|-mega|p2a: Charizard|Charizard|Charizardite Y
|-weather|SunnyDay|[from] ability: Drought|[of] p2a: Charizard
|move|p1a: Raichu|Zap Cannon|p2b: Incineroar
|-damage|p2b: Incineroar|9/100
|-status|p2b: Incineroar|par
|move|p2a: Charizard|Weather Ball|p1a: Raichu
|-damage|p1a: Raichu|0 fnt
|faint|p1a: Raichu
|
|win|sebasbd04
||jeanryupr is ready for game 2.
||sebasbd04 is ready for game 2.
|uhtml|next|Next: Game 2 of 3
