|j|☆is_katabo
|j|☆CrawlingKingSnake
|html|is_kataboCrawlingKingSnake    
|uhtml|bestof|Game 1 of a best-of-3
|t:|1785293695
|gametype|doubles
|player|p1|is_katabo|youngster-gen4dp|1266
|player|p2|CrawlingKingSnake|kamado-armor|1268
|gen|9
|tier|[Gen 9 Champions] VGC 2026 Reg M-B (Bo3)
|rated|
|rule|Species Clause: Limit one of each Pokémon
|rule|Item Clause: Limit 1 of each item
|clearpoke
|poke|p1|Delphox, L50, M|
|poke|p1|Floette-Eternal, L50, F|
|poke|p1|Whimsicott, L50, F|
|poke|p1|Kommo-o, L50, M|
|poke|p1|Incineroar, L50, F|
|poke|p1|Gholdengo, L50|
|poke|p2|Floette-Eternal, L50, F|
|poke|p2|Palafin, L50, F, shiny|
|poke|p2|Incineroar, L50, M|
|poke|p2|Toxapex, L50, F|
|poke|p2|Delphox, L50, F|
|poke|p2|Kingambit, L50, M|
|teampreview|4
|showteam|p1|Delphox||Delphoxite|Blaze|HeatWave,Psyshock,Substitute,Protect|Modest||M|||50|]Floette-Eternal||Floettite|FlowerVeil|Moonblast,DazzlingGleam,LightofRuin,Protect|Timid||F|||50|]Whimsicott||FocusSash|Prankster|Moonblast,Tailwind,Encore,Protect|Timid||F|||50|]Kommo-o||LifeOrb|Soundproof|ClangingScales,AuraSphere,VacuumWave,Protect|Modest||M|||50|]Incineroar||SitrusBerry|Intimidate|FakeOut,DarkestLariat,FlareBlitz,PartingShot|Careful||F|||50|]Gholdengo||OccaBerry|GoodasGold|MakeItRain,ShadowBall,PowerGem,Protect|Timid|||||50|
|showteam|p2|Floette-Eternal||Floettite|FlowerVeil|DazzlingGleam,DrainingKiss,CalmMind,Protect|Modest||F|||50|]Palafin||LifeOrb|ZerotoHero|WaveCrash,JetPunch,CloseCombat,Protect|Adamant||F|||50|]Incineroar||SitrusBerry|Intimidate|FlareBlitz,FakeOut,DarkestLariat,PartingShot|Careful||M|||50|]Toxapex||Leftovers|Regenerator|Infestation,Toxic,WideGuard,BanefulBunker|Bold||F|||50|]Delphox||Delphoxite|Blaze|HeatWave,Psychic,Substitute,Protect|Timid||F|||50|]Kingambit||FocusSash|Defiant|KowtowCleave,SuckerPunch,IronHead,LowKick|Adamant||M|||50|
|inactive|Battle timer is ON: inactive players will automatically lose when time's up. (requested by CrawlingKingSnake)
|inactive|is_katabo has 60 seconds left.
|inactive|CrawlingKingSnake has 60 seconds left.
|inactive|is_katabo has 30 seconds left.
|
|t:|1785293766
|teamsize|p1|4
|teamsize|p2|4
|start
|switch|p1a: Delphox|Delphox, L50, M|100/100
|switch|p1b: Kommo-o|Kommo-o, L50, M|100/100
|switch|p2a: Palafin|Palafin, L50, F, shiny|100/100
|switch|p2b: Kingambit|Kingambit, L50, M|100/100
|turn|1
|inactive|is_katabo has 30 seconds left.
|inactive|CrawlingKingSnake has 30 seconds left.
|
|t:|1785293799
|move|p1a: Delphox|Protect|p1a: Delphox
|-singleturn|p1a: Delphox|Protect
|move|p2a: Palafin|Wave Crash|p1a: Delphox
|-activate|p1a: Delphox|move: Protect
|move|p1b: Kommo-o|Clanging Scales|p2b: Kingambit|[spread] p2a,p2b
|-resisted|p2b: Kingambit|1
|-damage|p2a: Palafin|22/100
|-damage|p2b: Kingambit|68/100
|-unboost|p1b: Kommo-o|def|1
|-damage|p1b: Kommo-o|90/100|[from] item: Life Orb
|move|p2b: Kingambit|Kowtow Cleave|p1a: Delphox
|-activate|p1a: Delphox|move: Protect
|
|upkeep
|turn|2
|inactive|CrawlingKingSnake has 30 seconds left.
|
|t:|1785293827
|detailschange|p2a: Palafin|Palafin-Hero, L50, F, shiny
|switch|p2a: Incineroar|Incineroar, L50, M|100/100
|-ability|p2a: Incineroar|Intimidate|boost
|-unboost|p1a: Delphox|atk|1
|-unboost|p1b: Kommo-o|atk|1
|switch|p2b: Floette|Floette-Eternal, L50, F|100/100
|detailschange|p1a: Delphox|Delphox-Mega, L50, M
|-mega|p1a: Delphox|Delphox|Delphoxite
|move|p1b: Kommo-o|Vacuum Wave|p2b: Floette
|-resisted|p2b: Floette|1
|-damage|p2b: Floette|89/100
|-damage|p1b: Kommo-o|80/100|[from] item: Life Orb
|move|p1a: Delphox|Psyshock|p2a: Incineroar
|-immune|p2a: Incineroar
|
|upkeep
|turn|3
|inactive|CrawlingKingSnake has 30 seconds left.
|
|t:|1785293858
|switch|p1b: Gholdengo|Gholdengo, L50|100/100
|detailschange|p2b: Floette|Floette-Mega, L50, F
|-mega|p2b: Floette|Floette|Floettite
|-ability|p2b: Floette|Fairy Aura
|move|p1a: Delphox|Substitute|p1a: Delphox
|-start|p1a: Delphox|Substitute
|-damage|p1a: Delphox|75/100
|move|p2b: Floette|Dazzling Gleam|p1b: Gholdengo|[spread] p1a,p1b
|-resisted|p1a: Delphox|1
|-activate|p1a: Delphox|move: Substitute|[damage]
|-resisted|p1b: Gholdengo|1
|-damage|p1b: Gholdengo|76/100
|move|p2a: Incineroar|Flare Blitz|p1b: Gholdengo
|-supereffective|p1b: Gholdengo|1
|-enditem|p1b: Gholdengo|Occa Berry|[eat]
|-enditem|p1b: Gholdengo|Occa Berry|[weaken]
|-damage|p1b: Gholdengo|24/100
|-damage|p2a: Incineroar|85/100|[from] Recoil
|
|upkeep
|turn|4
|inactive|is_katabo has 30 seconds left.
|inactive|is_katabo has 20 seconds left.
|inactive|is_katabo has 15 seconds left.
|
|t:|1785293899
|move|p1a: Delphox|Psyshock|p2b: Floette
|-damage|p2b: Floette|41/100
|move|p2b: Floette|Dazzling Gleam|p1b: Gholdengo|[spread] p1a,p1b
|-resisted|p1a: Delphox|1
|-end|p1a: Delphox|Substitute
|-resisted|p1b: Gholdengo|1
|-damage|p1b: Gholdengo|1/100
|move|p1b: Gholdengo|Power Gem|p2a: Incineroar
|-supereffective|p2a: Incineroar|1
|-damage|p2a: Incineroar|39/100
|-enditem|p2a: Incineroar|Sitrus Berry|[eat]
|-heal|p2a: Incineroar|64/100|[from] item: Sitrus Berry
|move|p2a: Incineroar|Darkest Lariat|p1a: Delphox
|-supereffective|p1a: Delphox|1
|-damage|p1a: Delphox|3/100
|
|upkeep
|turn|5
|inactive|is_katabo has 30 seconds left.
|inactive|CrawlingKingSnake has 30 seconds left.
|inactive|is_katabo has 20 seconds left.
|inactive|CrawlingKingSnake has 20 seconds left.
|inactive|is_katabo has 15 seconds left.
|inactive|CrawlingKingSnake has 15 seconds left.
|inactive|CrawlingKingSnake has 10 seconds left.
|
|t:|1785293948
|switch|p2b: Kingambit|Kingambit, L50, M|68/100
|switch|p1b: Incineroar|Incineroar, L50, F|100/100
|-ability|p1b: Incineroar|Intimidate|boost
|-unboost|p2a: Incineroar|atk|1
|-unboost|p2b: Kingambit|atk|1
|-ability|p2b: Kingambit|Defiant|boost
|-boost|p2b: Kingambit|atk|2
|move|p1a: Delphox|Protect|p1a: Delphox
|-singleturn|p1a: Delphox|Protect
|move|p2a: Incineroar|Flare Blitz|p1b: Incineroar
|-resisted|p1b: Incineroar|1
|-damage|p1b: Incineroar|86/100
|-damage|p2a: Incineroar|60/100|[from] Recoil
|
|upkeep
|turn|6
|inactive|CrawlingKingSnake has 30 seconds left.
|inactive|is_katabo has 30 seconds left.
|inactive|is_katabo has 20 seconds left.
|inactive|is_katabo has 15 seconds left.
|
|t:|1785293995
|move|p1b: Incineroar|Fake Out|p2a: Incineroar
|-damage|p2a: Incineroar|48/100
|move|p2b: Kingambit|Sucker Punch|p1a: Delphox
|-supereffective|p1a: Delphox|1
|-damage|p1a: Delphox|0 fnt
|faint|p1a: Delphox
|cant|p2a: Incineroar|flinch
|
|upkeep
|
|t:|1785294002
|switch|p1a: Kommo-o|Kommo-o, L50, M|80/100
|turn|7
|
|t:|1785294020
|move|p1a: Kommo-o|Aura Sphere|p2a: Incineroar
|-supereffective|p2a: Incineroar|1
|-damage|p2a: Incineroar|0 fnt
|faint|p2a: Incineroar
|-damage|p1a: Kommo-o|70/100|[from] item: Life Orb
|move|p1b: Incineroar|Flare Blitz|p2b: Kingambit
|-supereffective|p2b: Kingambit|1
|-damage|p2b: Kingambit|0 fnt
|faint|p2b: Kingambit
|-damage|p1b: Incineroar|66/100|[from] Recoil
|
|upkeep
|
|t:|1785294029
|switch|p2a: Floette|Floette-Mega, L50, F|41/100
|switch|p2b: Palafin|Palafin-Hero, L50, F, shiny|22/100
|-ability|p2a: Floette|Fairy Aura
|-activate|p2b: Palafin|ability: Zero to Hero
|turn|8
|
|t:|1785294052
|move|p2b: Palafin|Jet Punch|p1b: Incineroar
|-supereffective|p1b: Incineroar|1
|-crit|p1b: Incineroar
|-damage|p1b: Incineroar|0 fnt
|faint|p1b: Incineroar
|-damage|p2b: Palafin|12/100|[from] item: Life Orb
|move|p1a: Kommo-o|Vacuum Wave|p2b: Palafin
|-damage|p2b: Palafin|0 fnt
|faint|p2b: Palafin
|-damage|p1a: Kommo-o|60/100|[from] item: Life Orb
|move|p2a: Floette|Draining Kiss|p1a: Kommo-o
|-supereffective|p1a: Kommo-o|2
|-damage|p1a: Kommo-o|0 fnt
|-heal|p2a: Floette|80/100|[from] drain|[of] p1a: Kommo-o
|faint|p1a: Kommo-o
|
|upkeep
|-message|is_katabo forfeited.
|
|win|CrawlingKingSnake
||CrawlingKingSnake is ready for game 2.
||is_katabo is ready for game 2.
|uhtml|next|Next: Game 2 of 3
