|j|☆ninha1600
|j|☆NoobieSmoothie
|html|ninha1600NoobieSmoothie    
|uhtml|bestof|Game 1 of a best-of-3
|t:|1756841382
|gametype|doubles
|player|p1|ninha1600|lady|1033
|player|p2|NoobieSmoothie|2|1000
|gen|9
|tier|[Gen 9] VGC 2025 Reg H (Bo3)
|rated|
|rule|Species Clause: Limit one of each Pokémon
|rule|Item Clause: Limit 1 of each item
|clearpoke
|poke|p1|Dragonite, L50, F|
|poke|p1|Gholdengo, L50|
|poke|p1|Rillaboom, L50, F|
|poke|p1|Arcanine-Hisui, L50, M|
|poke|p1|Annihilape, L50, F|
|poke|p1|Murkrow, L50, F|
|poke|p2|Clefairy, L50, F|
|poke|p2|Ursaluna-Bloodmoon, L50, M|
|poke|p2|Ninetales-Alola, L50, F|
|poke|p2|Arcanine-Hisui, L50, M|
|poke|p2|Dragonite, L50, M|
|poke|p2|Indeedee, L50, M|
|teampreview|4
|showteam|p1|Dragonite||LoadedDice|Multiscale|Protect,ScaleShot,LowKick,ExtremeSpeed|||F|||50|,,,,,Fairy]Gholdengo||ChoiceSpecs|GoodasGold|Thunderbolt,PowerGem,MakeItRain,ShadowBall||||||50|,,,,,Steel]Rillaboom||AssaultVest|GrassySurge|FakeOut,HighHorsepower,WoodHammer,GrassyGlide|||F|||50|,,,,,Fire]Arcanine-Hisui||ClearAmulet|Intimidate|Protect,FlareBlitz,RockSlide,ExtremeSpeed|||M|||50|,,,,,Water]Annihilape||FocusSash|Defiant|Coaching,CloseCombat,RageFist,FinalGambit|||F|||50|,,,,,Stellar]Murkrow||Eviolite|Prankster|Haze,Tailwind,FoulPlay,Taunt|||F|||50|,,,,,Ghost
|showteam|p2|Clefairy||Eviolite|FriendGuard|FollowMe,AfterYou,HelpingHand,Protect|||F|||50|,,,,,Water]Ursaluna-Bloodmoon||AssaultVest|MindsEye|EarthPower,HyperVoice,BloodMoon,VacuumWave|||M|||50|,,,,,Normal]Ninetales-Alola||FocusSash|SnowWarning|Blizzard,AuroraVeil,IcyWind,Encore|||F|||50|,,,,,Ghost]Arcanine-Hisui||ClearAmulet|Intimidate|ExtremeSpeed,RockSlide,FlareBlitz,Protect|||M|||50|,,,,,Water]Dragonite||LoadedDice|Multiscale|Tailwind,ScaleShot,StompingTantrum,Protect|||M|||50|,,,,,Fairy]Indeedee||ChoiceScarf|PsychicSurge|Trick,ExpandingForce,TeraBlast,DazzlingGleam|||M|||50|,,,,,Psychic
|
|t:|1756841438
|teamsize|p1|4
|teamsize|p2|4
|start
|switch|p1a: Murkrow|Murkrow, L50, F, shiny|100/100
|switch|p1b: Dragonite|Dragonite, L50, F|100/100
|switch|p2a: Dragonite|Dragonite, L50, M|100/100
|switch|p2b: Ursaluna|Ursaluna-Bloodmoon, L50, M|100/100
|turn|1
|inactive|Battle timer is ON: inactive players will automatically lose when time's up. (requested by NoobieSmoothie)
|j| CluelessInSeattle
|l| CluelessInSeattle
|inactive|NoobieSmoothie has 60 seconds left.
|
|t:|1756841495
|-terastallize|p1b: Dragonite|Fairy
|-terastallize|p2a: Dragonite|Fairy
|move|p1a: Murkrow|Tailwind|p1a: Murkrow
|-sidestart|p1: ninha1600|move: Tailwind
|move|p1b: Dragonite|Scale Shot|p2b: Ursaluna
|-crit|p2b: Ursaluna
|-damage|p2b: Ursaluna|84/100
|-damage|p2b: Ursaluna|72/100
|-damage|p2b: Ursaluna|61/100
|-damage|p2b: Ursaluna|50/100
|-damage|p2b: Ursaluna|40/100
|-hitcount|p2b: Ursaluna|5
|-unboost|p1b: Dragonite|def|1
|-boost|p1b: Dragonite|spe|1
|move|p2a: Dragonite|Tailwind|p2a: Dragonite
|-sidestart|p2: NoobieSmoothie|move: Tailwind
|move|p2b: Ursaluna|Hyper Voice|p1b: Dragonite|[spread] p1a,p1b
|-damage|p1a: Murkrow|68/100
|-damage|p1b: Dragonite|82/100
|
|upkeep
|turn|2
|inactive|ninha1600 has 30 seconds left.
|inactive|NoobieSmoothie has 30 seconds left.
|inactive|ninha1600 has 20 seconds left.
|inactive|NoobieSmoothie has 20 seconds left.
|inactive|ninha1600 has 15 seconds left.
|inactive|NoobieSmoothie has 15 seconds left.
|
|t:|1756841539
|switch|p2b: Clefairy|Clefairy, L50, F|100/100
|move|p1b: Dragonite|Protect|p1b: Dragonite
|-singleturn|p1b: Dragonite|Protect
|move|p1a: Murkrow|Foul Play|p2a: Dragonite
|-resisted|p2a: Dragonite
|-damage|p2a: Dragonite|90/100
|move|p2a: Dragonite|Scale Shot|p1a: Murkrow|[miss]
|-miss|p2a: Dragonite|p1a: Murkrow
|
|upkeep
|turn|3
|inactive|NoobieSmoothie has 30 seconds left.
|inactive|ninha1600 has 30 seconds left.
|
|t:|1756841571
|switch|p1a: Rillaboom|Rillaboom, L50, F|100/100
|-fieldstart|move: Grassy Terrain|[from] ability: Grassy Surge|[of] p1a: Rillaboom
|move|p2b: Clefairy|Follow Me|p2b: Clefairy
|-singleturn|p2b: Clefairy|move: Follow Me
|move|p1b: Dragonite|Low Kick|p2b: Clefairy
|-resisted|p2b: Clefairy
|-damage|p2b: Clefairy|97/100
|move|p2a: Dragonite|Scale Shot|p1a: Rillaboom
|-damage|p1a: Rillaboom|85/100
|-damage|p1a: Rillaboom|70/100
|-damage|p1a: Rillaboom|57/100
|-damage|p1a: Rillaboom|41/100
|-damage|p1a: Rillaboom|26/100
|-hitcount|p1a: Rillaboom|5
|-unboost|p2a: Dragonite|def|1
|-boost|p2a: Dragonite|spe|1
|
|-heal|p1b: Dragonite|88/100|[from] Grassy Terrain
|-heal|p2a: Dragonite|95/100|[from] Grassy Terrain
|-heal|p1a: Rillaboom|32/100|[from] Grassy Terrain
|-heal|p2b: Clefairy|100/100|[from] Grassy Terrain
|upkeep
|turn|4
|inactive|ninha1600 has 30 seconds left.
|inactive|NoobieSmoothie has 30 seconds left.
|inactive|ninha1600 has 20 seconds left.
|inactive|NoobieSmoothie has 20 seconds left.
|inactive|ninha1600 has 15 seconds left.
|inactive|ninha1600 has 10 seconds left.
|
|t:|1756841617
|switch|p1b: Gholdengo|Gholdengo, L50|100/100
|switch|p1a: Murkrow|Murkrow, L50, F, shiny|68/100
|move|p2a: Dragonite|Protect|p2a: Dragonite
|-singleturn|p2a: Dragonite|Protect
|move|p2b: Clefairy|Protect||[still]
|-fail|p2b: Clefairy
|
|-heal|p2a: Dragonite|100/100|[from] Grassy Terrain
|-sideend|p2: NoobieSmoothie|move: Tailwind
|-sideend|p1: ninha1600|move: Tailwind
|upkeep
|turn|5
|inactive|NoobieSmoothie has 30 seconds left.
|
|t:|1756841647
|move|p2b: Clefairy|Helping Hand|p2a: Dragonite
|-singleturn|p2a: Dragonite|Helping Hand|[of] p2b: Clefairy
|move|p1a: Murkrow|Tailwind|p1a: Murkrow
|-sidestart|p1: ninha1600|move: Tailwind
|move|p1b: Gholdengo|Make It Rain|p2a: Dragonite|[spread] p2a,p2b
|-supereffective|p2a: Dragonite
|-supereffective|p2b: Clefairy
|-damage|p2a: Dragonite|55/100
|-damage|p2b: Clefairy|0 fnt
|-unboost|p1b: Gholdengo|spa|1
|faint|p2b: Clefairy
|move|p2a: Dragonite|Stomping Tantrum|p1b: Gholdengo
|-supereffective|p1b: Gholdengo
|-damage|p1b: Gholdengo|6/100
|
|-heal|p1b: Gholdengo|12/100|[from] Grassy Terrain
|-heal|p2a: Dragonite|61/100|[from] Grassy Terrain
|upkeep
|
|t:|1756841663
|switch|p2b: Arcanine|Arcanine-Hisui, L50, M|100/100
|-ability|p2b: Arcanine|Intimidate|boost
|-unboost|p1a: Murkrow|atk|1
|-unboost|p1b: Gholdengo|atk|1
|turn|6
|inactive|NoobieSmoothie has 30 seconds left.
|inactive|NoobieSmoothie has 20 seconds left.
|inactive|NoobieSmoothie has 15 seconds left.
|inactive|NoobieSmoothie has 10 seconds left.
|
|t:|1756841709
|move|p2b: Arcanine|Protect|p2b: Arcanine
|-singleturn|p2b: Arcanine|Protect
|move|p1a: Murkrow|Haze|p1a: Murkrow
|-clearallboost
|move|p1b: Gholdengo|Make It Rain|p2b: Arcanine|[spread] p2a
|-activate|p2b: Arcanine|move: Protect
|-supereffective|p2a: Dragonite
|-damage|p2a: Dragonite|0 fnt
|-unboost|p1b: Gholdengo|spa|1
|faint|p2a: Dragonite
|
|-heal|p1b: Gholdengo|19/100|[from] Grassy Terrain
|upkeep
|
|t:|1756841722
|switch|p2a: Ursaluna|Ursaluna-Bloodmoon, L50, M|40/100
|turn|7
|
|t:|1756841735
|move|p2b: Arcanine|Extreme Speed|p1b: Gholdengo
|-immune|p1b: Gholdengo
|move|p1a: Murkrow|Haze|p1a: Murkrow
|-clearallboost
|move|p2a: Ursaluna|Vacuum Wave|p1b: Gholdengo
|-supereffective|p1b: Gholdengo
|-damage|p1b: Gholdengo|0 fnt
|faint|p1b: Gholdengo
|
|-heal|p2a: Ursaluna|45/100|[from] Grassy Terrain
|-fieldend|move: Grassy Terrain
|upkeep
|
|t:|1756841747
|switch|p1b: Dragonite|Dragonite, L50, F, tera:Fairy|88/100
|turn|8
|
|t:|1756841764
|move|p1b: Dragonite|Scale Shot|p2a: Ursaluna
|-damage|p2a: Ursaluna|34/100
|-damage|p2a: Ursaluna|23/100
|-damage|p2a: Ursaluna|12/100
|-damage|p2a: Ursaluna|1/100
|-damage|p2a: Ursaluna|0 fnt
|faint|p2a: Ursaluna
|-hitcount|p2: Ursaluna|5
|-unboost|p1b: Dragonite|def|1
|-boost|p1b: Dragonite|spe|1
|move|p1a: Murkrow|Foul Play|p2b: Arcanine
|-damage|p2b: Arcanine|42/100
|move|p2b: Arcanine|Rock Slide|p1b: Dragonite|[spread] p1b
|-miss|p2b: Arcanine|p1a: Murkrow
|-damage|p1b: Dragonite|41/100
|
|-sideend|p1: ninha1600|move: Tailwind
|upkeep
|turn|9
|-message|NoobieSmoothie forfeited.
|
|win|ninha1600
|l|☆NoobieSmoothie
|player|p2|
|raw|ninha1600's rating: 1033 → 1065(+32 for winning)
|raw|NoobieSmoothie's rating: 1000 → 1000(+0 for losing)
