|j|‽Slbc3
|j|☆saboyita
|html|Slbc3saboyita    
|uhtml|bestof|Game 3 of a best-of-3
|t:|1756235788
|gametype|doubles
|player|p1|Slbc3|170|1016
|player|p2|saboyita|grimsley|1117
|gen|9
|tier|[Gen 9] VGC 2025 Reg H (Bo3)
|rated|
|rule|Species Clause: Limit one of each Pokémon
|rule|Item Clause: Limit 1 of each item
|clearpoke
|poke|p1|Ursaluna-Bloodmoon, L50, M|
|poke|p1|Indeedee-F, L50, F|
|poke|p1|Primarina, L50, F|
|poke|p1|Incineroar, L50, M|
|poke|p1|Amoonguss, L50, F|
|poke|p1|Gallade, L50, M|
|poke|p2|Amoonguss, L50, M|
|poke|p2|Hydreigon, L50, M|
|poke|p2|Whimsicott, L50, F|
|poke|p2|Maushold-Four, L50|
|poke|p2|Annihilape, L50, M|
|poke|p2|Ursaluna-Bloodmoon, L50, M|
|teampreview|4
|showteam|p1|Ursaluna-Bloodmoon||LifeOrb|MindsEye|EarthPower,BloodMoon,Protect,HyperVoice|||M|||50|,,,,,Normal]Indeedee-F||PsychicSeed|PsychicSurge|FollowMe,TrickRoom,Psychic,HelpingHand|||F|||50|,,,,,Psychic]Primarina||ThroatSpray|LiquidVoice|HyperVoice,Moonblast,Haze,Protect|||F|||50|,,,,,Steel]Incineroar||SafetyGoggles|Intimidate|FakeOut,PartingShot,KnockOff,FlareBlitz|||M|||50|,,,,,Ghost]Amoonguss||RockyHelmet|Regenerator|Spore,PollenPuff,Protect,RagePowder|||F|||50|,,,,,Water]Gallade||ScopeLens|Sharpness|NightSlash,SacredSword,PsychoCut,TrickRoom|||M|||50|,,,,,Dark
|showteam|p2|Amoonguss||RockyHelmet|Regenerator|ClearSmog,Spore,RagePowder,Protect|||M|||50|,,,,,Water]Hydreigon||ChoiceSpecs|Levitate|HeatWave,DarkPulse,DragonPulse,DracoMeteor|||M|||50|,,,,,Fire]Whimsicott||CovertCloak|Prankster|Moonblast,HelpingHand,Tailwind,Encore|||F|||50|,,,,,Dark]Maushold-Four||WideLens|Technician|PopulationBomb,Taunt,FollowMe,Protect||||||50|,,,,,Ghost]Annihilape||Leftovers|Defiant|RageFist,DrainPunch,BulkUp,Protect|||M|||50|,,,,,Fire]Ursaluna-Bloodmoon||LifeOrb|MindsEye|HyperVoice,EarthPower,BloodMoon,Protect|||M|||50|,,,,,Water
|inactive|Battle timer is ON: inactive players will automatically lose when time's up. (requested by saboyita)
|
|t:|1756235817
|teamsize|p1|4
|teamsize|p2|4
|start
|switch|p1a: Amoonguss|Amoonguss, L50, F|100/100
|switch|p1b: Gallade|Gallade, L50, M|100/100
|switch|p2a: Amoonguss|Amoonguss, L50, M|100/100
|switch|p2b: Maushold|Maushold-Four, L50|100/100
|turn|1
|inactive|Slbc3 has 30 seconds left.
|inactive|saboyita has 30 seconds left.
|inactive|Slbc3 has 20 seconds left.
|inactive|Slbc3 has 15 seconds left.
|
|t:|1756235862
|-terastallize|p2a: Amoonguss|Water
|move|p2b: Maushold|Taunt|p1a: Amoonguss
|-start|p1a: Amoonguss|move: Taunt
|move|p1b: Gallade|Sacred Sword|p2b: Maushold
|-supereffective|p2b: Maushold
|-damage|p2b: Maushold|0 fnt
|faint|p2b: Maushold
|move|p2a: Amoonguss|Spore|p1b: Gallade
|-status|p1b: Gallade|slp|[from] move: Spore
|cant|p1a: Amoonguss|move: Taunt|Spore
|
|upkeep
|
|t:|1756235883
|switch|p2b: Annihilape|Annihilape, L50, M|100/100
|turn|2
|inactive|Slbc3 has 30 seconds left.
|
|t:|1756235913
|switch|p2a: Ursaluna|Ursaluna-Bloodmoon, L50, M|100/100
|move|p2b: Annihilape|Bulk Up|p2b: Annihilape
|-boost|p2b: Annihilape|atk|1
|-boost|p2b: Annihilape|def|1
|move|p1a: Amoonguss|Pollen Puff|p2a: Ursaluna
|-damage|p2a: Ursaluna|79/100
|cant|p1b: Gallade|slp
|
|upkeep
|turn|3
|
|t:|1756235936
|move|p2b: Annihilape|Bulk Up|p2b: Annihilape
|-boost|p2b: Annihilape|atk|1
|-boost|p2b: Annihilape|def|1
|cant|p1b: Gallade|slp
|move|p2a: Ursaluna|Blood Moon|p1b: Gallade
|-damage|p1b: Gallade|6/100 slp
|-damage|p2a: Ursaluna|69/100|[from] item: Life Orb
|move|p1a: Amoonguss|Pollen Puff|p2a: Ursaluna
|-damage|p2a: Ursaluna|47/100
|
|-end|p1a: Amoonguss|move: Taunt
|upkeep
|turn|4
|
|t:|1756235961
|move|p2b: Annihilape|Rage Fist|p1b: Gallade
|-supereffective|p1b: Gallade
|-damage|p1b: Gallade|0 fnt
|faint|p1b: Gallade
|move|p2a: Ursaluna|Hyper Voice|p1a: Amoonguss
|-damage|p1a: Amoonguss|45/100
|-damage|p2a: Ursaluna|37/100|[from] item: Life Orb
|move|p1a: Amoonguss|Spore|p2b: Annihilape
|-status|p2b: Annihilape|slp|[from] move: Spore
|
|upkeep
|
|t:|1756235973
|switch|p1b: Primarina|Primarina, L50, F|100/100
|turn|5
|
|t:|1756235993
|switch|p2a: Amoonguss|Amoonguss, L50, M, tera:Water|100/100
|move|p1a: Amoonguss|Rage Powder|p1a: Amoonguss
|-singleturn|p1a: Amoonguss|move: Rage Powder
|cant|p2b: Annihilape|slp
|move|p1b: Primarina|Hyper Voice|p2a: Amoonguss|[spread] p2a,p2b
|-resisted|p2a: Amoonguss
|-damage|p2a: Amoonguss|87/100
|-damage|p2b: Annihilape|65/100 slp
|-enditem|p1b: Primarina|Throat Spray
|-boost|p1b: Primarina|spa|1|[from] item: Throat Spray
|
|-heal|p2b: Annihilape|71/100 slp|[from] item: Leftovers
|upkeep
|turn|6
|
|t:|1756236012
|-curestatus|p2b: Annihilape|slp|[msg]
|move|p2b: Annihilape|Protect|p2b: Annihilape
|-singleturn|p2b: Annihilape|Protect
|move|p1b: Primarina|Moonblast|p2b: Annihilape
|-activate|p2b: Annihilape|move: Protect
|move|p2a: Amoonguss|Spore|p1b: Primarina
|-status|p1b: Primarina|slp|[from] move: Spore
|move|p1a: Amoonguss|Spore|p2a: Amoonguss
|-status|p2a: Amoonguss|slp|[from] move: Spore
|
|-heal|p2b: Annihilape|77/100|[from] item: Leftovers
|upkeep
|turn|7
|inactive|Slbc3 has 30 seconds left.
|
|t:|1756236043
|switch|p1b: Indeedee|Indeedee-F, L50, F|100/100
|-fieldstart|move: Psychic Terrain|[from] ability: Psychic Surge|[of] p1b: Indeedee
|-enditem|p1b: Indeedee|Psychic Seed
|-boost|p1b: Indeedee|spd|1|[from] item: Psychic Seed
|move|p2b: Annihilape|Rage Fist|p1a: Amoonguss
|-damage|p1a: Amoonguss|0 fnt
|-damage|p2b: Annihilape|60/100|[from] item: Rocky Helmet|[of] p1a: Amoonguss
|faint|p1a: Amoonguss
|cant|p2a: Amoonguss|slp
|
|-heal|p2b: Annihilape|66/100|[from] item: Leftovers
|upkeep
|
|t:|1756236056
|switch|p1a: Primarina|Primarina, L50, F|100/100 slp
|turn|8
|inactive|Slbc3 has 30 seconds left.
|inactive|Slbc3 has 20 seconds left.
|inactive|saboyita has 30 seconds left.
|
|t:|1756236095
|move|p2b: Annihilape|Protect|p2b: Annihilape
|-singleturn|p2b: Annihilape|Protect
|move|p1b: Indeedee|Psychic|p2b: Annihilape
|-activate|p2b: Annihilape|move: Protect
|cant|p1a: Primarina|slp
|cant|p2a: Amoonguss|slp
|
|-heal|p2b: Annihilape|72/100|[from] item: Leftovers
|upkeep
|turn|9
|
|t:|1756236113
|-curestatus|p2a: Amoonguss|slp|[msg]
|move|p2a: Amoonguss|Rage Powder|p2a: Amoonguss
|-singleturn|p2a: Amoonguss|move: Rage Powder
|move|p2b: Annihilape|Drain Punch|p1b: Indeedee
|-damage|p1b: Indeedee|27/100
|-heal|p2b: Annihilape|100/100|[from] drain|[of] p1b: Indeedee
|-curestatus|p1a: Primarina|slp|[msg]
|move|p1a: Primarina|Moonblast|p2a: Amoonguss
|-damage|p2a: Amoonguss|48/100
|-unboost|p2a: Amoonguss|spa|1
|move|p1b: Indeedee|Trick Room|p1b: Indeedee
|-fieldstart|move: Trick Room|[of] p1b: Indeedee
|
|upkeep
|turn|10
|inactive|Slbc3 has 30 seconds left.
|inactive|saboyita has 30 seconds left.
|
|t:|1756236144
|move|p2b: Annihilape|Protect|p2b: Annihilape
|-singleturn|p2b: Annihilape|Protect
|move|p2a: Amoonguss|Spore|p1b: Indeedee
|-status|p1b: Indeedee|slp|[from] move: Spore
|move|p1a: Primarina|Haze|p1a: Primarina
|-clearallboost
|cant|p1b: Indeedee|slp
|
|upkeep
|turn|11
|inactive|Slbc3 has 30 seconds left.
|inactive|Slbc3 has 20 seconds left.
|
|t:|1756236180
|move|p1a: Primarina|Protect|p1a: Primarina
|-singleturn|p1a: Primarina|Protect
|move|p2a: Amoonguss|Spore|p1a: Primarina
|-activate|p1a: Primarina|move: Protect
|-curestatus|p1b: Indeedee|slp|[msg]
|move|p1b: Indeedee|Psychic|p2b: Annihilape
|-supereffective|p2b: Annihilape
|-damage|p2b: Annihilape|28/100
|move|p2b: Annihilape|Drain Punch|p1b: Indeedee
|-damage|p1b: Indeedee|0 fnt
|-heal|p2b: Annihilape|40/100|[from] drain|[of] p1b: Indeedee
|faint|p1b: Indeedee
|
|-heal|p2b: Annihilape|45/100|[from] item: Leftovers
|-fieldend|move: Psychic Terrain
|upkeep
|turn|12
|inactive|Slbc3 has 30 seconds left.
|
|t:|1756236207
|move|p2a: Amoonguss|Spore|p1a: Primarina
|-status|p1a: Primarina|slp|[from] move: Spore
|cant|p1a: Primarina|slp
|move|p2b: Annihilape|Rage Fist|p1a: Primarina
|-damage|p1a: Primarina|6/100 slp
|
|-heal|p2b: Annihilape|51/100|[from] item: Leftovers
|upkeep
|turn|13
|
|t:|1756236222
|move|p2b: Annihilape|Protect|p2b: Annihilape
|-singleturn|p2b: Annihilape|Protect
|move|p2a: Amoonguss|Clear Smog|p1a: Primarina
|-supereffective|p1a: Primarina
|-damage|p1a: Primarina|0 fnt
|-clearboost|p1a: Primarina
|faint|p1a: Primarina
|
|win|saboyita
|raw|Slbc3's rating: 1016 → 1007(-9 for losing)
|raw|saboyita's rating: 1117 → 1135(+18 for winning)
|l|‽Slbc3
|player|p1|
