|j|☆freudianbreath
|j|☆666valerian
|html|freudianbreath666valerian    
|uhtml|bestof|Game 2 of a best-of-3
|t:|1756763767
|gametype|doubles
|player|p1|freudianbreath|1|1047
|player|p2|666valerian|266|1069
|gen|9
|tier|[Gen 9] VGC 2025 Reg H (Bo3)
|rated|
|rule|Species Clause: Limit one of each Pokémon
|rule|Item Clause: Limit 1 of each item
|clearpoke
|poke|p1|Indeedee-F, L50, F|
|poke|p1|Tyranitar, L50, F|
|poke|p1|Whimsicott, L50, F|
|poke|p1|Amoonguss, L50, M|
|poke|p1|Annihilape, L50, F|
|poke|p1|Gholdengo, L50|
|poke|p2|Rillaboom, L50, M|
|poke|p2|Volcarona, L50, F|
|poke|p2|Sneasler, L50, M|
|poke|p2|Ursaluna-Bloodmoon, L50, M|
|poke|p2|Primarina, L50, F|
|poke|p2|Grimmsnarl, L50, M|
|teampreview|4
|showteam|p1|Indeedee-F||SafetyGoggles|PsychicSurge|FollowMe,TrickRoom,HelpingHand,DazzlingGleam|||F|||50|,,,,,Fairy]Tyranitar||AssaultVest|SandStream|KnockOff,RockSlide,TeraBlast,LowKick|||F|||50|,,,,,Flying]Whimsicott||CovertCloak|Prankster|Tailwind,Moonblast,Encore,HelpingHand|||F|||50|,,,,,Water]Amoonguss||RockyHelmet|Regenerator|PollenPuff,Spore,RagePowder,Protect|||M|||50|,,,,,Fairy]Annihilape||Leftovers|Defiant|DrainPunch,RageFist,BulkUp,Protect|||F|||50|,,,,,Fire]Gholdengo||ChoiceSpecs|GoodasGold|MakeItRain,ShadowBall,Thunderbolt,Trick||||||50|,,,,,Steel
|showteam|p2|Rillaboom||AssaultVest|GrassySurge|FakeOut,WoodHammer,GrassyGlide,Uturn|||M|||50|,,,,,Fire]Volcarona||CovertCloak|FlameBody|QuiverDance,HeatWave,GigaDrain,Protect|||F|||50|,,,,,Grass]Sneasler||FocusSash|PoisonTouch|FakeOut,DireClaw,CloseCombat,Protect|||M|||50|,,,,,Stellar]Ursaluna-Bloodmoon||LifeOrb|MindsEye|BloodMoon,EarthPower,HyperVoice,Protect|||M|||50|,,,,,Normal]Primarina||ThroatSpray|LiquidVoice|HyperVoice,Moonblast,Haze,Protect|||F|||50|,,,,,Poison]Grimmsnarl||LightClay|Prankster|Reflect,LightScreen,ThunderWave,FoulPlay|||M|||50|,,,,,Ghost
|inactive|Battle timer is ON: inactive players will automatically lose when time's up. (requested by 666valerian)
|inactive|freudianbreath has 60 seconds left.
|inactive|freudianbreath has 30 seconds left.
|inactive|freudianbreath has 20 seconds left.
|
|t:|1756763900
|teamsize|p1|4
|teamsize|p2|4
|start
|switch|p1a: Tyranitar|Tyranitar, L50, F|100/100
|switch|p1b: Whimsicott|Whimsicott, L50, F|100/100
|switch|p2a: Grimmsnarl|Grimmsnarl, L50, M, shiny|100/100
|switch|p2b: Ursaluna|Ursaluna-Bloodmoon, L50, M|100/100
|-weather|Sandstorm|[from] ability: Sand Stream|[of] p1a: Tyranitar
|turn|1
|inactive|freudianbreath has 30 seconds left.
|inactive|666valerian has 30 seconds left.
|inactive|freudianbreath has 20 seconds left.
|
|t:|1756763939
|move|p1b: Whimsicott|Tailwind|p1b: Whimsicott
|-sidestart|p1: freudianbreath|move: Tailwind
|move|p2a: Grimmsnarl|Reflect|p2a: Grimmsnarl
|-sidestart|p2: 666valerian|Reflect
|move|p1a: Tyranitar|Knock Off|p2a: Grimmsnarl
|-resisted|p2a: Grimmsnarl
|-damage|p2a: Grimmsnarl|91/100
|-enditem|p2a: Grimmsnarl|Light Clay|[from] move: Knock Off|[of] p1a: Tyranitar
|move|p2b: Ursaluna|Blood Moon|p1a: Tyranitar
|-resisted|p1a: Tyranitar
|-damage|p1a: Tyranitar|78/100
|-damage|p2b: Ursaluna|91/100|[from] item: Life Orb
|
|-weather|Sandstorm|[upkeep]
|-damage|p1b: Whimsicott|95/100|[from] Sandstorm
|-damage|p2a: Grimmsnarl|85/100|[from] Sandstorm
|upkeep
|turn|2
|inactive|freudianbreath has 30 seconds left.
|inactive|freudianbreath has 20 seconds left.
|inactive|freudianbreath has 15 seconds left.
|
|t:|1756763980
|switch|p2b: Rillaboom|Rillaboom, L50, M, shiny|100/100
|-fieldstart|move: Grassy Terrain|[from] ability: Grassy Surge|[of] p2b: Rillaboom
|move|p1b: Whimsicott|Encore||[still]
|-fail|p1b: Whimsicott
|move|p2a: Grimmsnarl|Light Screen|p2a: Grimmsnarl
|-sidestart|p2: 666valerian|move: Light Screen
|move|p1a: Tyranitar|Low Kick|p2b: Rillaboom
|-damage|p2b: Rillaboom|81/100
|
|-weather|Sandstorm|[upkeep]
|-damage|p1b: Whimsicott|89/100|[from] Sandstorm
|-damage|p2b: Rillaboom|75/100|[from] Sandstorm
|-damage|p2a: Grimmsnarl|79/100|[from] Sandstorm
|-heal|p1b: Whimsicott|95/100|[from] Grassy Terrain
|-heal|p1a: Tyranitar|84/100|[from] Grassy Terrain
|-heal|p2b: Rillaboom|81/100|[from] Grassy Terrain
|-heal|p2a: Grimmsnarl|85/100|[from] Grassy Terrain
|upkeep
|turn|3
|inactive|freudianbreath has 30 seconds left.
|inactive|666valerian has 30 seconds left.
|inactive|freudianbreath has 20 seconds left.
|inactive|666valerian has 20 seconds left.
|inactive|freudianbreath has 15 seconds left.
|inactive|666valerian has 15 seconds left.
|inactive|freudianbreath has 10 seconds left.
|
|t:|1756764026
|switch|p1b: Amoonguss|Amoonguss, L50, M|100/100
|switch|p1a: Annihilape|Annihilape, L50, F|100/100
|move|p2a: Grimmsnarl|Thunder Wave|p1b: Amoonguss
|-status|p1b: Amoonguss|par
|move|p2b: Rillaboom|Wood Hammer|p1a: Annihilape
|-damage|p1a: Annihilape|10/100
|-damage|p2b: Rillaboom|53/100|[from] Recoil
|
|-weather|Sandstorm|[upkeep]
|-damage|p1a: Annihilape|4/100|[from] Sandstorm
|-damage|p2b: Rillaboom|47/100|[from] Sandstorm
|-damage|p2a: Grimmsnarl|79/100|[from] Sandstorm
|-damage|p1b: Amoonguss|95/100 par|[from] Sandstorm
|-heal|p1a: Annihilape|10/100|[from] Grassy Terrain
|-heal|p1a: Annihilape|16/100|[from] item: Leftovers
|-heal|p2b: Rillaboom|53/100|[from] Grassy Terrain
|-heal|p2a: Grimmsnarl|85/100|[from] Grassy Terrain
|-heal|p1b: Amoonguss|100/100 par|[from] Grassy Terrain
|upkeep
|turn|4
|inactive|freudianbreath has 30 seconds left.
|inactive|666valerian has 30 seconds left.
|inactive|freudianbreath has 20 seconds left.
|inactive|freudianbreath has 15 seconds left.
|inactive|freudianbreath has 10 seconds left.
|
|t:|1756764073
|move|p1a: Annihilape|Protect|p1a: Annihilape
|-singleturn|p1a: Annihilape|Protect
|move|p2b: Rillaboom|Grassy Glide|p1a: Annihilape
|-activate|p1a: Annihilape|move: Protect
|move|p2a: Grimmsnarl|Foul Play|p1a: Annihilape
|-activate|p1a: Annihilape|move: Protect
|move|p1b: Amoonguss|Spore|p2a: Grimmsnarl
|-status|p2a: Grimmsnarl|slp|[from] move: Spore
|
|-weather|Sandstorm|[upkeep]
|-damage|p1a: Annihilape|10/100|[from] Sandstorm
|-damage|p2b: Rillaboom|47/100|[from] Sandstorm
|-damage|p2a: Grimmsnarl|79/100 slp|[from] Sandstorm
|-damage|p1b: Amoonguss|95/100 par|[from] Sandstorm
|-heal|p1a: Annihilape|16/100|[from] Grassy Terrain
|-heal|p1a: Annihilape|23/100|[from] item: Leftovers
|-heal|p2b: Rillaboom|53/100|[from] Grassy Terrain
|-heal|p2a: Grimmsnarl|85/100 slp|[from] Grassy Terrain
|-heal|p1b: Amoonguss|100/100 par|[from] Grassy Terrain
|-sideend|p1: freudianbreath|move: Tailwind
|upkeep
|turn|5
|inactive|freudianbreath has 30 seconds left.
|inactive|666valerian has 30 seconds left.
|inactive|freudianbreath has 20 seconds left.
|inactive|666valerian has 20 seconds left.
|inactive|freudianbreath has 15 seconds left.
|
|t:|1756764116
|-terastallize|p1a: Annihilape|Fire
|move|p1a: Annihilape|Rage Fist|p2b: Rillaboom
|-damage|p2b: Rillaboom|30/100
|move|p2b: Rillaboom|U-turn|p1a: Annihilape
|-resisted|p1a: Annihilape
|-damage|p1a: Annihilape|9/100
|
|t:|1756764125
|switch|p2b: Volcarona|Volcarona, L50, F|100/100|[from] U-turn
|cant|p2a: Grimmsnarl|slp
|cant|p1b: Amoonguss|par
|
|-weather|none
|-heal|p1a: Annihilape|15/100|[from] Grassy Terrain
|-heal|p1a: Annihilape|22/100|[from] item: Leftovers
|-heal|p2a: Grimmsnarl|91/100 slp|[from] Grassy Terrain
|upkeep
|turn|6
|inactive|freudianbreath has 30 seconds left.
|inactive|freudianbreath has 20 seconds left.
|inactive|freudianbreath has 15 seconds left.
|inactive|666valerian has 30 seconds left.
|inactive|freudianbreath has 10 seconds left.
|inactive|freudianbreath has 5 seconds left.
|
|t:|1756764178
|-terastallize|p2b: Volcarona|Grass
|move|p1a: Annihilape|Protect|p1a: Annihilape
|-singleturn|p1a: Annihilape|Protect
|-curestatus|p2a: Grimmsnarl|slp|[msg]
|move|p2a: Grimmsnarl|Thunder Wave|p1a: Annihilape
|-activate|p1a: Annihilape|move: Protect
|move|p2b: Volcarona|Quiver Dance|p2b: Volcarona
|-boost|p2b: Volcarona|spa|1
|-boost|p2b: Volcarona|spd|1
|-boost|p2b: Volcarona|spe|1
|move|p1b: Amoonguss|Spore|p2a: Grimmsnarl
|-status|p2a: Grimmsnarl|slp|[from] move: Spore
|
|-heal|p1a: Annihilape|28/100|[from] Grassy Terrain
|-heal|p1a: Annihilape|34/100|[from] item: Leftovers
|-heal|p2a: Grimmsnarl|97/100 slp|[from] Grassy Terrain
|-sideend|p2: 666valerian|move: Light Screen
|-fieldend|move: Grassy Terrain
|upkeep
|turn|7
|inactive|freudianbreath has 30 seconds left.
|inactive|freudianbreath has 20 seconds left.
|
|t:|1756764217
|cant|p2a: Grimmsnarl|slp
|move|p2b: Volcarona|Heat Wave|p1a: Annihilape|[spread] p1a,p1b
|-resisted|p1a: Annihilape
|-supereffective|p1b: Amoonguss
|-damage|p1a: Annihilape|13/100
|-damage|p1b: Amoonguss|7/100 par
|move|p1a: Annihilape|Rage Fist|p2b: Volcarona
|-damage|p2b: Volcarona|35/100
|cant|p1b: Amoonguss|par
|
|-heal|p1a: Annihilape|19/100|[from] item: Leftovers
|upkeep
|turn|8
|inactive|freudianbreath has 30 seconds left.
|inactive|freudianbreath has 20 seconds left.
|inactive|freudianbreath has 15 seconds left.
|inactive|freudianbreath has 10 seconds left.
|
|t:|1756764263
|cant|p2a: Grimmsnarl|slp
|move|p2b: Volcarona|Heat Wave|p1a: Annihilape|[spread] p1a,p1b
|-resisted|p1a: Annihilape
|-supereffective|p1b: Amoonguss
|-damage|p1a: Annihilape|0 fnt
|-damage|p1b: Amoonguss|0 fnt
|faint|p1a: Annihilape
|faint|p1b: Amoonguss
|
|-sideend|p2: 666valerian|Reflect
|upkeep
|
|t:|1756764267
|switch|p1a: Whimsicott|Whimsicott, L50, F|95/100
|switch|p1b: Tyranitar|Tyranitar, L50, F|84/100
|-weather|Sandstorm|[from] ability: Sand Stream|[of] p1b: Tyranitar
|turn|9
|inactive|freudianbreath has 30 seconds left.
|
|t:|1756764300
|move|p1a: Whimsicott|Tailwind|p1a: Whimsicott
|-sidestart|p1: freudianbreath|move: Tailwind
|-curestatus|p2a: Grimmsnarl|slp|[msg]
|move|p2a: Grimmsnarl|Reflect|p2a: Grimmsnarl
|-sidestart|p2: 666valerian|Reflect
|move|p2b: Volcarona|Giga Drain|p1b: Tyranitar
|-supereffective|p1b: Tyranitar
|-damage|p1b: Tyranitar|37/100
|-heal|p2b: Volcarona|58/100|[from] drain|[of] p1b: Tyranitar
|move|p1b: Tyranitar|Knock Off|p2b: Volcarona
|-damage|p2b: Volcarona|16/100
|-enditem|p2b: Volcarona|Covert Cloak|[from] move: Knock Off|[of] p1b: Tyranitar
|
|-weather|Sandstorm|[upkeep]
|-damage|p1a: Whimsicott|89/100|[from] Sandstorm
|-damage|p2b: Volcarona|9/100|[from] Sandstorm
|-damage|p2a: Grimmsnarl|91/100|[from] Sandstorm
|upkeep
|turn|10
|
|t:|1756764323
|move|p2a: Grimmsnarl|Thunder Wave|p1a: Whimsicott
|-status|p1a: Whimsicott|par
|move|p2b: Volcarona|Giga Drain|p1b: Tyranitar
|-supereffective|p1b: Tyranitar
|-crit|p1b: Tyranitar
|-damage|p1b: Tyranitar|0 fnt
|-heal|p2b: Volcarona|28/100|[from] drain|[of] p1b: Tyranitar
|faint|p1b: Tyranitar
|cant|p1a: Whimsicott|par
|
|-weather|Sandstorm|[upkeep]
|-damage|p2b: Volcarona|22/100|[from] Sandstorm
|-damage|p1a: Whimsicott|83/100 par|[from] Sandstorm
|-damage|p2a: Grimmsnarl|85/100|[from] Sandstorm
|upkeep
|turn|11
|inactive|freudianbreath has 30 seconds left.
|-message|freudianbreath forfeited.
|
|win|666valerian
|raw|freudianbreath's rating: 1047 → 1031(-16 for losing)
|raw|666valerian's rating: 1069 → 1097(+28 for winning)
