|j|☆lettitripppp
|j|☆tavinn_n
|html|lettitripppptavinn_n    
|uhtml|bestof|Game 2 of a best-of-3
|t:|1783274330
|gametype|doubles
|player|p1|lettitripppp|lucas|1280
|player|p2|tavinn_n|ghetsis|1254
|gen|9
|tier|[Gen 9 Champions] VGC 2026 Reg M-B (Bo3)
|rated|
|rule|Species Clause: Limit one of each Pokémon
|rule|Item Clause: Limit 1 of each item
|clearpoke
|poke|p1|Charizard, L50, F|
|poke|p1|Floette-Eternal, L50, F|
|poke|p1|Basculegion, L50, M|
|poke|p1|Whimsicott, L50, F, shiny|
|poke|p1|Garchomp, L50, F, shiny|
|poke|p1|Kingambit, L50, F, shiny|
|poke|p2|Hydreigon, L50, M|
|poke|p2|Garchomp, L50, M|
|poke|p2|Metagross, L50|
|poke|p2|Charizard, L50, F|
|poke|p2|Toxapex, L50, F|
|poke|p2|Whimsicott, L50, F|
|teampreview|4
|showteam|p1|Charizard||CharizarditeY|Blaze|WeatherBall,SolarBeam,HeatWave,Protect|Modest||F|||50|]Floette-Eternal||Floettite|FlowerVeil|DazzlingGleam,LightofRuin,Moonblast,Protect|Timid||F|||50|]Basculegion||MysticWater|Adaptability|LastRespects,WaveCrash,AquaJet,Protect|Adamant||M|||50|]Whimsicott||FocusSash|Prankster|Moonblast,Tailwind,Encore,Protect|Timid||F|||50|]Garchomp||LifeOrb|RoughSkin|DragonClaw,Earthquake,RockSlide,Protect|Jolly||F|||50|]Kingambit||OccaBerry|Defiant|KowtowCleave,SuckerPunch,IronHead,Protect|Adamant||F|||50|
|showteam|p2|Hydreigon||ChoiceScarf|Levitate|EarthPower,DarkPulse,DracoMeteor,Snarl|Modest||M|||50|]Garchomp||SitrusBerry|RoughSkin|Earthquake,RockSlide,DragonClaw,Protect|Adamant||M|||50|]Metagross||Metagrossite|ClearBody|IronHead,PsychicFangs,BodyPress,Protect|Adamant|||||50|]Charizard||CharizarditeY|Blaze|Protect,HeatWave,SolarBeam,WeatherBall|Timid||F|||50|]Toxapex||Leftovers|Regenerator|Infestation,Toxic,BanefulBunker,WideGuard|Bold||F|||50|]Whimsicott||FocusSash|Prankster|Protect,Tailwind,Encore,Moonblast|Timid||F|||50|
|inactive|Battle timer is ON: inactive players will automatically lose when time's up. (requested by tavinn_n)
|inactive|lettitripppp also wants the timer to be on.
|inactive|tavinn_n has 60 seconds left.
|
|t:|1783274371
|teamsize|p1|4
|teamsize|p2|4
|start
|switch|p1a: GENERAL BLADUS|Kingambit, L50, F, shiny|100/100
|switch|p1b: LETS GO GO|Whimsicott, L50, F, shiny|100/100
|switch|p2a: Metagross|Metagross, L50|100/100
|switch|p2b: Whimsicott|Whimsicott, L50, F|100/100
|turn|1
|inactive|lettitripppp has 30 seconds left.
|
|t:|1783274399
|detailschange|p2a: Metagross|Metagross-Mega, L50
|-mega|p2a: Metagross|Metagross|Metagrossite
|move|p2b: Whimsicott|Tailwind|p2b: Whimsicott
|-sidestart|p2: tavinn_n|move: Tailwind
|move|p1a: GENERAL BLADUS|Sucker Punch|p2a: Metagross
|-supereffective|p2a: Metagross|1
|-damage|p2a: Metagross|47/100
|move|p2a: Metagross|Body Press|p1a: GENERAL BLADUS
|-supereffective|p1a: GENERAL BLADUS|2
|-damage|p1a: GENERAL BLADUS|0 fnt
|faint|p1a: GENERAL BLADUS
|move|p1b: LETS GO GO|Moonblast|p2a: Metagross
|-resisted|p2a: Metagross|1
|-damage|p2a: Metagross|33/100
|
|upkeep
|
|t:|1783274411
|switch|p1a: AGNI|Charizard, L50, F|100/100
|turn|2
|
|t:|1783274417
|switch|p2a: Garchomp|Garchomp, L50, M|100/100
|detailschange|p1a: AGNI|Charizard-Mega-Y, L50, F
|-mega|p1a: AGNI|Charizard|Charizardite Y
|-weather|SunnyDay|[from] ability: Drought|[of] p1a: AGNI
|move|p2b: Whimsicott|Encore|p1b: LETS GO GO
|-start|p1b: LETS GO GO|Encore
|move|p1b: LETS GO GO|Moonblast|p2b: Whimsicott
|-damage|p2b: Whimsicott|49/100
|move|p1a: AGNI|Heat Wave|p2a: Garchomp|[spread] p2a,p2b
|-resisted|p2a: Garchomp|1
|-supereffective|p2b: Whimsicott|1
|-crit|p2b: Whimsicott
|-damage|p2a: Garchomp|71/100
|-damage|p2b: Whimsicott|0 fnt
|faint|p2b: Whimsicott
|
|-weather|SunnyDay|[upkeep]
|upkeep
|
|t:|1783274429
|switch|p2b: Metagross|Metagross-Mega, L50|33/100
|turn|3
|
|t:|1783274442
|switch|p1a: CRUSH SHARK|Garchomp, L50, F, shiny|100/100
|move|p2a: Garchomp|Rock Slide|p1a: CRUSH SHARK|[spread] p1a,p1b
|-resisted|p1a: CRUSH SHARK|1
|-damage|p1a: CRUSH SHARK|90/100
|-damage|p1b: LETS GO GO|70/100
|move|p2b: Metagross|Iron Head|p1b: LETS GO GO
|-supereffective|p1b: LETS GO GO|1
|-damage|p1b: LETS GO GO|0 fnt
|faint|p1b: LETS GO GO
|
|-weather|SunnyDay|[upkeep]
|upkeep
|
|t:|1783274450
|switch|p1b: AGNI|Charizard-Mega-Y, L50, F|100/100
|turn|4
|inactive|tavinn_n has 30 seconds left.
|inactive|tavinn_n has 20 seconds left.
|inactive|tavinn_n has 15 seconds left.
|inactive|tavinn_n has 10 seconds left.
|
|t:|1783274497
|move|p1a: CRUSH SHARK|Protect|p1a: CRUSH SHARK
|-singleturn|p1a: CRUSH SHARK|Protect
|move|p1b: AGNI|Protect|p1b: AGNI
|-singleturn|p1b: AGNI|Protect
|move|p2a: Garchomp|Dragon Claw|p1a: CRUSH SHARK
|-activate|p1a: CRUSH SHARK|move: Protect
|move|p2b: Metagross|Psychic Fangs|p1b: AGNI
|-activate|p1b: AGNI|move: Protect
|
|-weather|SunnyDay|[upkeep]
|-sideend|p2: tavinn_n|move: Tailwind
|upkeep
|turn|5
|
|t:|1783274515
|move|p2a: Garchomp|Protect|p2a: Garchomp
|-singleturn|p2a: Garchomp|Protect
|move|p1a: CRUSH SHARK|Dragon Claw|p2a: Garchomp
|-activate|p2a: Garchomp|move: Protect
|move|p1b: AGNI|Heat Wave|p2a: Garchomp|[spread] p2b
|-activate|p2a: Garchomp|move: Protect
|-supereffective|p2b: Metagross|1
|-damage|p2b: Metagross|0 fnt
|faint|p2b: Metagross
|
|-weather|SunnyDay|[upkeep]
|upkeep
|
|t:|1783274523
|switch|p2b: Hydreigon|Hydreigon, L50, M|100/100
|turn|6
|
|t:|1783274541
|move|p2b: Hydreigon|Draco Meteor|p1a: CRUSH SHARK
|-supereffective|p1a: CRUSH SHARK|1
|-damage|p1a: CRUSH SHARK|0 fnt
|-unboost|p2b: Hydreigon|spa|2
|faint|p1a: CRUSH SHARK
|move|p2a: Garchomp|Rock Slide|p1b: AGNI|[miss]
|-miss|p2a: Garchomp|p1b: AGNI
|move|p1b: AGNI|Weather Ball|p2b: Hydreigon
|-resisted|p2b: Hydreigon|1
|-damage|p2b: Hydreigon|53/100
|
|-weather|none
|upkeep
|turn|7
|
|t:|1783274553
|move|p2b: Hydreigon|Draco Meteor|p1b: AGNI|[miss]
|-miss|p2b: Hydreigon|p1b: AGNI
|move|p2a: Garchomp|Rock Slide|p1b: AGNI
|-supereffective|p1b: AGNI|2
|-damage|p1b: AGNI|0 fnt
|faint|p1b: AGNI
|
|win|tavinn_n
||tavinn_n is ready for game 3.
