|j|Ōśåbreaking swiper
|j|ŌśåPuniHina
|html|breaking swiperPuniHina    
|uhtml|bestof|Game 2 of a best-of-3
|t:|1755230937
|gametype|doubles
|player|p1|breaking swiper|101|1176
|player|p2|PuniHina|lacey|1336
|gen|9
|tier|[Gen 9] VGC 2025 Reg H (Bo3)
|rated|
|rule|Species Clause: Limit one of each Pok├®mon
|rule|Item Clause: Limit 1 of each item
|clearpoke
|poke|p1|Whimsicott, L50, M|
|poke|p1|Porygon-Z, L50|
|poke|p1|Basculegion, L50, M|
|poke|p1|Dragonite, L50, M|
|poke|p1|Tyranitar, L50, M|
|poke|p1|Armarouge, L50, F|
|poke|p2|Kingambit, L50, M|
|poke|p2|Volcarona, L50, F|
|poke|p2|Sneasler, L50, F|
|poke|p2|Rillaboom, L50, F|
|poke|p2|Electabuzz, L50, F|
|poke|p2|Dragonite, L50, M|
|teampreview|4
|showteam|p1|Whimsicott||CovertCloak|Prankster|Moonblast,Tailwind,Encore,FakeTears|||M|||50|,,,,,Water]Porygon-Z||LifeOrb|Download|TeraBlast,Thunderbolt,IceBeam,Protect||||||50|,,,,,Ground]Basculegion||ChoiceScarf|Adaptability|WaveCrash,FlipTurn,LastRespects,TeraBlast|||M|||50|,,,,,Fighting]Dragonite||LoadedDice|Multiscale|ScaleShot,IronHead,Haze,Protect|||M|||50|,,,,,Steel]Tyranitar||AssaultVest|SandStream|RockSlide,KnockOff,LowKick,TeraBlast|||M|||50|,,,,,Flying]Armarouge||SafetyGoggles|FlashFire|ArmorCannon,ExpandingForce,TrickRoom,Protect|||F|||50|,,,,,Grass
|showteam|p2|Kingambit||BlackGlasses|Defiant|KowtowCleave,SuckerPunch,Protect,SwordsDance|||M|||50|,,,,,Dark]Volcarona||CovertCloak|FlameBody|GigaDrain,HeatWave,WillOWisp,QuiverDance|||F|||50|,,,,,Fairy]Sneasler||FocusSash|Unburden|DireClaw,CloseCombat,Taunt,Coaching|||F|||50|,,,,,Ghost]Rillaboom||AssaultVest|GrassySurge|WoodHammer,GrassyGlide,FakeOut,HighHorsepower|||F|||50|,,,,,Fire]Electabuzz||Eviolite|VitalSpirit|Electroweb,HelpingHand,Protect,FollowMe|||F|||50|,,,,,Grass]Dragonite||LoadedDice|Multiscale|ScaleShot,StompingTantrum,Protect,Haze|||M|||50|,,,,,Ground
|inactive|Battle timer is ON: inactive players will automatically lose when time's up. (requested by breaking swiper)
|
|t:|1755230962
|teamsize|p1|4
|teamsize|p2|4
|start
|switch|p1a: Tyranitar|Tyranitar, L50, M|100/100
|switch|p1b: Basculegion|Basculegion, L50, M|100/100
|switch|p2a: ŌØż’ĖÄLeahŌØż’ĖÄ|Sneasler, L50, F|100/100
|switch|p2b: Dragonite|Dragonite, L50, M, shiny|100/100
|-weather|Sandstorm|[from] ability: Sand Stream|[of] p1a: Tyranitar
|turn|1
|
|t:|1755230981
|-terastallize|p2b: Dragonite|Ground
|move|p1b: Basculegion|Flip Turn|p2a: ŌØż’ĖÄLeahŌØż’ĖÄ
|-crit|p2a: ŌØż’ĖÄLeahŌØż’ĖÄ
|-enditem|p2a: ŌØż’ĖÄLeahŌØż’ĖÄ|Focus Sash
|-damage|p2a: ŌØż’ĖÄLeahŌØż’ĖÄ|1/100
|
|t:|1755230990
|switch|p1b: Dragonite|Dragonite, L50, M|100/100|[from] Flip Turn
|move|p2a: ŌØż’ĖÄLeahŌØż’ĖÄ|Coaching|p2b: Dragonite
|-boost|p2b: Dragonite|atk|1
|-boost|p2b: Dragonite|def|1
|move|p2b: Dragonite|Scale Shot|p1a: Tyranitar
|-damage|p1a: Tyranitar|82/100
|-damage|p1a: Tyranitar|62/100
|-damage|p1a: Tyranitar|43/100
|-damage|p1a: Tyranitar|26/100
|-hitcount|p1a: Tyranitar|4
|-unboost|p2b: Dragonite|def|1
|-boost|p2b: Dragonite|spe|1
|move|p1a: Tyranitar|Rock Slide|p2a: ŌØż’ĖÄLeahŌØż’ĖÄ|[spread] p2a,p2b
|-resisted|p2a: ŌØż’ĖÄLeahŌØż’ĖÄ
|-resisted|p2b: Dragonite
|-damage|p2a: ŌØż’ĖÄLeahŌØż’ĖÄ|0 fnt
|-damage|p2b: Dragonite|92/100
|faint|p2a: ŌØż’ĖÄLeahŌØż’ĖÄ
|
|-weather|Sandstorm|[upkeep]
|-damage|p1b: Dragonite|95/100|[from] Sandstorm
|upkeep
|
|t:|1755231015
|switch|p2a: Electabuzz|Electabuzz, L50, F|100/100
|turn|2
|
|t:|1755231034
|move|p2b: Dragonite|Scale Shot|p1b: Dragonite
|-supereffective|p1b: Dragonite
|-damage|p1b: Dragonite|43/100
|-supereffective|p1b: Dragonite
|-damage|p1b: Dragonite|0 fnt
|faint|p1b: Dragonite
|-hitcount|p1: Dragonite|2
|-unboost|p2b: Dragonite|def|1
|-boost|p2b: Dragonite|spe|1
|move|p2a: Electabuzz|Electroweb|p1a: Tyranitar
|-damage|p1a: Tyranitar|18/100
|-unboost|p1a: Tyranitar|spe|1
|move|p1a: Tyranitar|Rock Slide|p2b: Dragonite|[spread] p2a,p2b
|-resisted|p2b: Dragonite
|-damage|p2a: Electabuzz|72/100
|-damage|p2b: Dragonite|64/100
|
|-weather|Sandstorm|[upkeep]
|-damage|p2a: Electabuzz|66/100|[from] Sandstorm
|upkeep
|
|t:|1755231040
|switch|p1b: Basculegion|Basculegion, L50, M|100/100
|turn|3
|
|t:|1755231050
|move|p2b: Dragonite|Protect|p2b: Dragonite
|-singleturn|p2b: Dragonite|Protect
|move|p1b: Basculegion|Last Respects|p2b: Dragonite
|-activate|p2b: Dragonite|move: Protect
|move|p2a: Electabuzz|Electroweb|p1a: Tyranitar|[spread] p1a,p1b
|-supereffective|p1b: Basculegion
|-damage|p1a: Tyranitar|12/100
|-damage|p1b: Basculegion|70/100
|-unboost|p1a: Tyranitar|spe|1
|-unboost|p1b: Basculegion|spe|1
|move|p1a: Tyranitar|Rock Slide|p2a: Electabuzz|[spread] p2a
|-activate|p2b: Dragonite|move: Protect
|-damage|p2a: Electabuzz|37/100
|
|-weather|Sandstorm|[upkeep]
|-damage|p2a: Electabuzz|31/100|[from] Sandstorm
|-damage|p1b: Basculegion|64/100|[from] Sandstorm
|upkeep
|turn|4
|
|t:|1755231069
|move|p2a: Electabuzz|Follow Me|p2a: Electabuzz
|-singleturn|p2a: Electabuzz|move: Follow Me
|move|p2b: Dragonite|Stomping Tantrum|p1a: Tyranitar
|-supereffective|p1a: Tyranitar
|-damage|p1a: Tyranitar|0 fnt
|faint|p1a: Tyranitar
|move|p1b: Basculegion|Last Respects|p2a: Electabuzz
|-damage|p2a: Electabuzz|0 fnt
|faint|p2a: Electabuzz
|
|-weather|Sandstorm|[upkeep]
|-damage|p1b: Basculegion|58/100|[from] Sandstorm
|upkeep
|
|t:|1755231074
|switch|p2a: Kingambit|Kingambit, L50, M|100/100
|switch|p1a: Porygon-Z|Porygon-Z, L50|100/100
|-ability|p1a: Porygon-Z|Download|boost
|-boost|p1a: Porygon-Z|atk|1
|turn|5
|
|t:|1755231086
|-terastallize|p1b: Basculegion|Fighting
|move|p1a: Porygon-Z|Protect|p1a: Porygon-Z
|-singleturn|p1a: Porygon-Z|Protect
|move|p2b: Dragonite|Stomping Tantrum|p1b: Basculegion
|-damage|p1b: Basculegion|0 fnt
|faint|p1b: Basculegion
|move|p2a: Kingambit|Kowtow Cleave|p1a: Porygon-Z
|-activate|p1a: Porygon-Z|move: Protect
|
|-weather|none
|upkeep
|turn|6
|-message|breaking swiper forfeited.
|
|win|PuniHina
|raw|breaking swiper's rating: 1176 → 1162(-14 for losing)
|raw|PuniHina's rating: 1336 → 1347(+11 for winning)
|l|Ōśåbreaking swiper
|player|p1|
