|j|☆jiggyjagga
|j|☆cheesebiscuit12
|html|jiggyjaggacheesebiscuit12    
|uhtml|bestof|Game 1 of a best-of-3
|t:|1784611129
|gametype|doubles
|player|p1|jiggyjagga|102|
|player|p2|cheesebiscuit12|1|
|gen|9
|tier|[Gen 9 Champions] VGC 2026 Reg M-B (Bo3)
|rule|Species Clause: Limit one of each Pokémon
|rule|Item Clause: Limit 1 of each item
|clearpoke
|poke|p1|Floette-Eternal, L50, F|
|poke|p1|Incineroar, L50, F, shiny|
|poke|p1|Kingambit, L50, M, shiny|
|poke|p1|Gholdengo, L50, shiny|
|poke|p1|Wyrdeer, L50, M, shiny|
|poke|p1|Lucario, L50, M, shiny|
|poke|p2|Gardevoir, L50, F|
|poke|p2|Metagross, L50|
|poke|p2|Whimsicott, L50, F|
|poke|p2|Arcanine, L50, F|
|poke|p2|Golurk, L50|
|poke|p2|Garganacl, L50, M|
|teampreview|4
|showteam|p1|Floette-Eternal||Floettite|FlowerVeil|LightofRuin,DazzlingGleam,Moonblast,Protect|Modest||F|||50|]Incineroar||SitrusBerry|Intimidate|FakeOut,PartingShot,FlareBlitz,HelpingHand|Adamant||F|||50|]Kingambit||ChopleBerry|Defiant|KowtowCleave,IronHead,Protect,SuckerPunch|Adamant||M|||50|]Gholdengo||MetalCoat|GoodasGold|MakeItRain,ShadowBall,NastyPlot,Protect|Modest|||||50|]Wyrdeer||Leftovers|Intimidate|PsyshieldBash,TrickRoom,EarthPower,Protect|Sassy||M|||50|]Lucario||LifeOrb|InnerFocus|AuraSphere,VacuumWave,Detect,Coaching|Timid||M|||50|
|showteam|p2|Gardevoir||Gardevoirite|Telepathy|HyperVoice,Protect,Psyshock,TrickRoom|Timid||F|||50|]Metagross||ExpertBelt|ClearBody|MeteorMash,IcePunch,Earthquake,BulletPunch|Adamant|||||50|]Whimsicott||FocusSash|Prankster|Tailwind,Protect,BeatUp,Moonblast|Relaxed||F|||50|]Arcanine||Charcoal|Justified|FlareBlitz,ExtremeSpeed,CloseCombat,RagingFury|Hasty||F|||50|]Golurk||ColburBerry|NoGuard|StealthRock,Earthquake,Poltergeist,IcePunch|Adamant|||||50|]Garganacl||Leftovers|PurifyingSalt|StealthRock,SaltCure,Explosion,Protect|Impish||M|||50|
|
|t:|1784611161
|teamsize|p1|4
|teamsize|p2|4
|start
|switch|p1a: Wyrdeer|Wyrdeer, L50, M, shiny|100/100
|switch|p1b: Kingambit|Kingambit, L50, M, shiny|100/100
|switch|p2a: Gardevoir|Gardevoir, L50, F|100/100
|switch|p2b: Golurk|Golurk, L50|100/100
|-ability|p1a: Wyrdeer|Intimidate|boost
|-unboost|p2a: Gardevoir|atk|1
|-unboost|p2b: Golurk|atk|1
|turn|1
|
|t:|1784611193
|move|p2a: Gardevoir|Protect|p2a: Gardevoir
|-singleturn|p2a: Gardevoir|Protect
|move|p2b: Golurk|Earthquake|p1b: Kingambit|[spread] p1a,p1b
|-activate|p2a: Gardevoir|move: Protect
|-supereffective|p1b: Kingambit|1
|-damage|p1a: Wyrdeer|68/100
|-damage|p1b: Kingambit|59/100
|move|p1b: Kingambit|Iron Head|p2a: Gardevoir
|-activate|p2a: Gardevoir|move: Protect
|move|p1a: Wyrdeer|Trick Room|p1a: Wyrdeer
|-fieldstart|move: Trick Room|[of] p1a: Wyrdeer
|
|-heal|p1a: Wyrdeer|74/100|[from] item: Leftovers
|upkeep
|turn|2
|
|t:|1784611226
|switch|p1a: Gholdengo|Gholdengo, L50, shiny|100/100
|move|p1b: Kingambit|Sucker Punch|p2b: Golurk
|-supereffective|p2b: Golurk|1
|-enditem|p2b: Golurk|Colbur Berry|[eat]
|-enditem|p2b: Golurk|Colbur Berry|[weaken]
|-damage|p2b: Golurk|52/100
|move|p2b: Golurk|Earthquake|p1b: Kingambit|[spread] p1a,p1b
|-activate|p2a: Gardevoir|ability: Telepathy
|-supereffective|p1a: Gholdengo|1
|-supereffective|p1b: Kingambit|1
|-damage|p1a: Gholdengo|50/100g
|-damage|p1b: Kingambit|17/100
|move|p2a: Gardevoir|Hyper Voice|p1b: Kingambit|[spread] p1b
|-immune|p1a: Gholdengo
|-resisted|p1b: Kingambit|1
|-damage|p1b: Kingambit|7/100
|
|upkeep
|turn|3
|
|t:|1784611262
|move|p1b: Kingambit|Kowtow Cleave|p2b: Golurk
|-supereffective|p2b: Golurk|1
|-damage|p2b: Golurk|0 fnt
|faint|p2b: Golurk
|move|p1a: Gholdengo|Make It Rain|p2a: Gardevoir
|-supereffective|p2a: Gardevoir|1
|-damage|p2a: Gardevoir|0 fnt
|-unboost|p1a: Gholdengo|spa|2
|faint|p2a: Gardevoir
|
|upkeep
|
|t:|1784611270
|switch|p2b: Metagross|Metagross, L50|100/100
|switch|p2a: Garganacl|Garganacl, L50, M|100/100
|turn|4
|
|t:|1784611293
|move|p1a: Gholdengo|Protect|p1a: Gholdengo
|-singleturn|p1a: Gholdengo|Protect
|move|p1b: Kingambit|Sucker Punch|p2b: Metagross
|-supereffective|p2b: Metagross|1
|-damage|p2b: Metagross|29/100
|move|p2b: Metagross|Bullet Punch|p1b: Kingambit
|-resisted|p1b: Kingambit|1
|-damage|p1b: Kingambit|0 fnt
|faint|p1b: Kingambit
|move|p2a: Garganacl|Salt Cure|p1a: Gholdengo
|-activate|p1a: Gholdengo|move: Protect
|
|upkeep
|
|t:|1784611304
|switch|p1b: Incineroar|Incineroar, L50, F, shiny|100/100
|-ability|p1b: Incineroar|Intimidate|boost
|-unboost|p2a: Garganacl|atk|1
|-fail|p2b: Metagross|unboost|[from] ability: Clear Body|[of] p2b: Metagross
|turn|5
|
|t:|1784611328
|switch|p1a: Wyrdeer|Wyrdeer, L50, M, shiny|74/100
|-ability|p1a: Wyrdeer|Intimidate|boost
|-unboost|p2a: Garganacl|atk|1
|-fail|p2b: Metagross|unboost|[from] ability: Clear Body|[of] p2b: Metagross
|move|p1b: Incineroar|Fake Out|p2a: Garganacl
|-resisted|p2a: Garganacl|1
|-damage|p2a: Garganacl|96/100
|cant|p2a: Garganacl|flinch
|move|p2b: Metagross|Earthquake|p1a: Wyrdeer|[spread] p2a,p1a,p1b
|-supereffective|p2a: Garganacl|1
|-supereffective|p1b: Incineroar|1
|-damage|p2a: Garganacl|61/100
|-damage|p1a: Wyrdeer|40/100
|-damage|p1b: Incineroar|27/100
|-enditem|p1b: Incineroar|Sitrus Berry|[eat]
|-heal|p1b: Incineroar|52/100|[from] item: Sitrus Berry
|
|-heal|p2a: Garganacl|67/100|[from] item: Leftovers
|-heal|p1a: Wyrdeer|47/100|[from] item: Leftovers
|-fieldend|move: Trick Room
|upkeep
|turn|6
|
|t:|1784611372
|move|p1a: Wyrdeer|Protect|p1a: Wyrdeer
|-singleturn|p1a: Wyrdeer|Protect
|move|p2a: Garganacl|Protect|p2a: Garganacl
|-singleturn|p2a: Garganacl|Protect
|move|p2b: Metagross|Earthquake|p1a: Wyrdeer|[spread] p1b
|-activate|p2a: Garganacl|move: Protect
|-activate|p1a: Wyrdeer|move: Protect
|-supereffective|p1b: Incineroar|1
|-damage|p1b: Incineroar|0 fnt
|faint|p1b: Incineroar
|
|-heal|p1a: Wyrdeer|53/100|[from] item: Leftovers
|-heal|p2a: Garganacl|72/100|[from] item: Leftovers
|upkeep
|
|t:|1784611384
|switch|p1b: Gholdengo|Gholdengo, L50, shiny|50/100g
|turn|7
|
|t:|1784611406
|move|p1b: Gholdengo|Make It Rain|p2a: Garganacl|[spread] p2a,p2b
|-supereffective|p2a: Garganacl|1
|-crit|p2a: Garganacl
|-resisted|p2b: Metagross|1
|-damage|p2a: Garganacl|0 fnt
|-damage|p2b: Metagross|0 fnt
|-unboost|p1b: Gholdengo|spa|2
|faint|p2a: Garganacl
|faint|p2b: Metagross
|
|win|jiggyjagga
||cheesebiscuit12 is ready for game 2.
||jiggyjagga is ready for game 2.
|uhtml|next|Next: Game 2 of 3
