|j|☆OOF? YEE?
|j|☆RebL123
|html|OOF? YEE?RebL123    
|uhtml|bestof|Game 1 of a best-of-3
|t:|1757859047
|gametype|doubles
|player|p1|OOF? YEE?|1|1341
|player|p2|RebL123|psychicf-gen4|1255
|gen|9
|tier|[Gen 9] VGC 2025 Reg H (Bo3)
|rated|
|rule|Species Clause: Limit one of each Pokémon
|rule|Item Clause: Limit 1 of each item
|clearpoke
|poke|p1|Archaludon, L50, F|
|poke|p1|Pelipper, L50, F|
|poke|p1|Kingdra, L50, F|
|poke|p1|Toedscruel, L50, M|
|poke|p1|Comfey, L50, M|
|poke|p1|Weezing-Galar, L50, M|
|poke|p2|Farigiraf, L50, M|
|poke|p2|Torkoal, L50, F|
|poke|p2|Ursaluna, L50, M|
|poke|p2|Gallade, L50, M|
|poke|p2|Charizard, L50, F|
|poke|p2|Jumpluff, L50, F|
|teampreview|4
|showteam|p1|Archaludon||AssaultVest|Stamina|ElectroShot,BodyPress,FlashCannon,Snarl|||F|||50|,,,,,Grass]Pelipper||ChoiceScarf|Drizzle|Tailwind,Hurricane,WeatherBall,Uturn|||F|||50|,,,,,Ghost]Kingdra||LifeOrb|SwiftSwim|Protect,WeatherBall,DracoMeteor,Surf|||F|||50|,,,,,Steel]Toedscruel||CovertCloak|MyceliumMight|Spore,EarthPower,BulletSeed,Protect|||M|||50|,,,,,Water]Comfey||SafetyGoggles|Triage|DrainingKiss,FloralHealing,LightScreen,Protect|||M|||50|,,,,,Steel]Weezing-Galar||SitrusBerry|NeutralizingGas|Protect,SludgeBomb,Taunt,DazzlingGleam|||M|||50|,,,,,Ghost
|showteam|p2|Farigiraf||ThroatSpray|ArmorTail|HyperVoice,Imprison,Protect,TrickRoom|||M|||50|,,,,,Dark]Torkoal||ChoiceSpecs|Drought|Eruption,HeatWave,WeatherBall,EarthPower|||F|||50|,,,,,Fire]Ursaluna||FlameOrb|Guts|Facade,HeadlongRush,Earthquake,Protect|||M|||50|,,,,,Ghost]Gallade||ClearAmulet|Sharpness|SacredSword,PsychoCut,TrickRoom,WideGuard|||M|||50|,,,,,Grass]Charizard||ChoiceScarf|SolarPower|HeatWave,AirSlash,WeatherBall,AncientPower|||F|||50|,,,,,Fire]Jumpluff||CovertCloak|Chlorophyll|Tailwind,SleepPowder,RagePowder,SunnyDay|||F|||50|,,,,,Water
|inactive|Battle timer is ON: inactive players will automatically lose when time's up. (requested by RebL123)
|inactive|OOF? YEE? has 60 seconds left.
|inactive|RebL123 has 60 seconds left.
|c|☆OOF? YEE?|Glhf
|c|☆RebL123|glhf
|
|t:|1757859102
|teamsize|p1|4
|teamsize|p2|4
|start
|switch|p1a: Pelipper|Pelipper, L50, F|100/100
|switch|p1b: Kingdra|Kingdra, L50, F, shiny|100/100
|switch|p2a: Farigiraf|Farigiraf, L50, M|100/100
|switch|p2b: Charizard|Charizard, L50, F|100/100
|-weather|RainDance|[from] ability: Drizzle|[of] p1a: Pelipper
|turn|1
|
|t:|1757859120
|switch|p1a: Weezing|Weezing-Galar, L50, M|100/100
|-ability|p1a: Weezing|Neutralizing Gas
|move|p2b: Charizard|Ancient Power|p1a: Weezing
|-crit|p1a: Weezing
|-damage|p1a: Weezing|67/100
|move|p1b: Kingdra|Surf|p2a: Farigiraf|[spread] p1a,p2a,p2b
|-supereffective|p2b: Charizard
|-damage|p1a: Weezing|0 fnt
|-damage|p2a: Farigiraf|38/100
|-damage|p2b: Charizard|0 fnt
|faint|p1a: Weezing
|-end|p1a: Weezing|ability: Neutralizing Gas
|faint|p2b: Charizard
|-damage|p1b: Kingdra|91/100|[from] item: Life Orb
|move|p2a: Farigiraf|Trick Room|p2a: Farigiraf
|-fieldstart|move: Trick Room|[of] p2a: Farigiraf
|
|-weather|RainDance|[upkeep]
|upkeep
|
|t:|1757859133
|switch|p1a: Archaludon|Archaludon, L50, F|100/100
|switch|p2b: Ursaluna|Ursaluna, L50, M|100/100
|turn|2
|inactive|RebL123 has 30 seconds left.
|
|t:|1757859160
|switch|p2a: Torkoal|Torkoal, L50, F|100/100
|-weather|SunnyDay|[from] ability: Drought|[of] p2a: Torkoal
|move|p2b: Ursaluna|Protect|p2b: Ursaluna
|-singleturn|p2b: Ursaluna|Protect
|move|p1a: Archaludon|Snarl|p2b: Ursaluna|[spread] p2a
|-activate|p2b: Ursaluna|move: Protect
|-damage|p2a: Torkoal|85/100
|-unboost|p2a: Torkoal|spa|1
|move|p1b: Kingdra|Surf|p2b: Ursaluna|[spread] p1a,p2a
|-activate|p2b: Ursaluna|move: Protect
|-resisted|p1a: Archaludon
|-supereffective|p2a: Torkoal
|-damage|p1a: Archaludon|94/100
|-damage|p2a: Torkoal|36/100
|-ability|p1a: Archaludon|Stamina|boost
|-boost|p1a: Archaludon|def|1
|-damage|p1b: Kingdra|82/100|[from] item: Life Orb
|
|-weather|SunnyDay|[upkeep]
|-status|p2b: Ursaluna|brn|[from] item: Flame Orb
|upkeep
|turn|3
|inactive|OOF? YEE? has 30 seconds left.
|
|t:|1757859190
|switch|p2a: Farigiraf|Farigiraf, L50, M|38/100
|switch|p1a: Pelipper|Pelipper, L50, F|100/100
|-weather|RainDance|[from] ability: Drizzle|[of] p1a: Pelipper
|move|p2b: Ursaluna|Facade|p1b: Kingdra
|-damage|p1b: Kingdra|0 fnt
|faint|p1b: Kingdra
|
|-weather|RainDance|[upkeep]
|-damage|p2b: Ursaluna|95/100 brn|[from] brn
|upkeep
|
|t:|1757859192
|switch|p1b: Archaludon|Archaludon, L50, F|94/100
|turn|4
|inactive|RebL123 has 30 seconds left.
|
|t:|1757859222
|switch|p2a: Torkoal|Torkoal, L50, F|36/100
|-weather|SunnyDay|[from] ability: Drought|[of] p2a: Torkoal
|-terastallize|p2b: Ursaluna|Ghost
|-terastallize|p1b: Archaludon|Grass
|move|p2b: Ursaluna|Facade|p1a: Pelipper
|-damage|p1a: Pelipper|0 fnt
|faint|p1a: Pelipper
|move|p1b: Archaludon|Snarl|p2b: Ursaluna|[spread] p2a,p2b
|-supereffective|p2b: Ursaluna
|-damage|p2a: Torkoal|20/100
|-damage|p2b: Ursaluna|74/100 brn
|-unboost|p2a: Torkoal|spa|1
|-unboost|p2b: Ursaluna|spa|1
|
|-weather|SunnyDay|[upkeep]
|-damage|p2b: Ursaluna|68/100 brn|[from] brn
|upkeep
|turn|5
|
|t:|1757859241
|move|p2a: Torkoal|Weather Ball|p1b: Archaludon
|-supereffective|p1b: Archaludon
|-damage|p1b: Archaludon|14/100
|-ability|p1b: Archaludon|Stamina|boost
|-boost|p1b: Archaludon|def|1
|move|p2b: Ursaluna|Facade|p1b: Archaludon
|-damage|p1b: Archaludon|0 fnt
|faint|p1b: Archaludon
|
|win|RebL123
||OOF? YEE? is ready for game 2.
||RebL123 is ready for game 2.
|uhtml|next|Next: Game 2 of 3
|l|☆RebL123
|player|p2|
