|j|☆glitchy_potat
|j|‽tryson69
|html|glitchy_potattryson69    
|uhtml|bestof|Game 2 of a best-of-3
|t:|1784601340
|gametype|doubles
|player|p1|glitchy_potat|hilbert|1341
|player|p2|tryson69|crasherwake|1313
|gen|9
|tier|[Gen 9 Champions] VGC 2026 Reg M-B (Bo3)
|rated|
|rule|Species Clause: Limit one of each Pokémon
|rule|Item Clause: Limit 1 of each item
|clearpoke
|poke|p1|Blaziken, L50, F|
|poke|p1|Incineroar, L50, M|
|poke|p1|Ninetales-Alola, L50, F|
|poke|p1|Kingambit, L50, M|
|poke|p1|Basculegion, L50, M, shiny|
|poke|p1|Gengar, L50, F, shiny|
|poke|p2|Raichu, L50, F|
|poke|p2|Gholdengo, L50|
|poke|p2|Garchomp, L50, M|
|poke|p2|Incineroar, L50, M|
|poke|p2|Milotic, L50, M|
|poke|p2|Whimsicott, L50, F|
|teampreview|4
|showteam|p1|Blaziken||Blazikenite|SpeedBoost|FlareBlitz,CloseCombat,RockSlide,Protect|Adamant||F|||50|]Incineroar||PasshoBerry|Intimidate|ThroatChop,PartingShot,FakeOut,Protect|Careful||M|||50|]Ninetales-Alola||FocusSash|SnowWarning|Blizzard,FreezeDry,Encore,Protect|Timid||F|||50|]Kingambit||OccaBerry|Defiant|KowtowCleave,SuckerPunch,IronHead,Protect|Adamant||M|||50|]Basculegion||ChoiceScarf|Adaptability|LastRespects,WaveCrash,FlipTurn,AquaJet|Adamant||M|||50|]Gengar||Gengarite|CursedBody|ShadowBall,Disable,PerishSong,Protect|Bold||F|||50|
|showteam|p2|Raichu||RaichuniteY|LightningRod|ZapCannon,FocusBlast,Protect,FakeOut|Timid||F|||50|]Gholdengo||SpellTag|GoodasGold|NastyPlot,ShadowBall,Protect,MakeItRain|Modest|||||50|]Garchomp||LifeOrb|RoughSkin|Earthquake,RockSlide,Protect,DragonClaw|Adamant||M|||50|]Incineroar||SitrusBerry|Intimidate|FakeOut,FlareBlitz,DarkestLariat,PartingShot|Impish||M|||50|]Milotic||Leftovers|Competitive|Coil,HydroPump,Hypnosis,Recover|Calm||M|||50|]Whimsicott||FocusSash|Prankster|Tailwind,Moonblast,Encore,Protect|Timid||F|||50|
|
|t:|1784601358
|teamsize|p1|4
|teamsize|p2|4
|start
|switch|p1a: Ninetales|Ninetales-Alola, L50, F|100/100
|switch|p1b: Gengar|Gengar, L50, F, shiny|100/100
|switch|p2a: Raichu|Raichu, L50, F|100/100
|switch|p2b: Milotic|Milotic, L50, M|100/100
|-weather|Snowscape|[from] ability: Snow Warning|[of] p1a: Ninetales
|turn|1
|
|t:|1784601388
|switch|p2b: Incineroar|Incineroar, L50, M|100/100
|-ability|p2b: Incineroar|Intimidate|boost
|-unboost|p1a: Ninetales|atk|1
|-unboost|p1b: Gengar|atk|1
|detailschange|p2a: Raichu|Raichu-Mega-Y, L50, F
|-mega|p2a: Raichu|Raichu|Raichunite Y
|detailschange|p1b: Gengar|Gengar-Mega, L50, F, shiny
|-mega|p1b: Gengar|Gengar|Gengarite
|move|p1b: Gengar|Protect|p1b: Gengar
|-singleturn|p1b: Gengar|Protect
|move|p2a: Raichu|Zap Cannon|p1b: Gengar
|-activate|p1b: Gengar|move: Protect
|move|p1a: Ninetales|Blizzard|p2b: Incineroar|[spread] p2a,p2b
|-resisted|p2b: Incineroar|1
|-damage|p2a: Raichu|48/100
|-damage|p2b: Incineroar|88/100
|
|-weather|Snowscape|[upkeep]
|upkeep
|turn|2
|
|t:|1784601418
|switch|p1b: Incineroar|Incineroar, L50, M|100/100
|-ability|p1b: Incineroar|Intimidate|boost
|-unboost|p2a: Raichu|atk|1
|-unboost|p2b: Incineroar|atk|1
|move|p2b: Incineroar|Fake Out|p1a: Ninetales
|-damage|p1a: Ninetales|92/100
|move|p2a: Raichu|Zap Cannon|p1b: Incineroar
|-damage|p1b: Incineroar|49/100
|-status|p1b: Incineroar|par
|cant|p1a: Ninetales|flinch
|
|-weather|Snowscape|[upkeep]
|upkeep
|turn|3
|
|t:|1784601456
|switch|p1b: Basculegion|Basculegion, L50, M, shiny|100/100
|move|p2a: Raichu|Protect|p2a: Raichu
|-singleturn|p2a: Raichu|Protect
|move|p1a: Ninetales|Freeze-Dry|p2a: Raichu
|-activate|p2a: Raichu|move: Protect
|move|p2b: Incineroar|Parting Shot|p1a: Ninetales
|-unboost|p1a: Ninetales|atk|1
|-unboost|p1a: Ninetales|spa|1
|
|t:|1784601469
|switch|p2b: Garchomp|Garchomp, L50, M|100/100|[from] Parting Shot
|
|-weather|Snowscape|[upkeep]
|upkeep
|turn|4
|
|t:|1784601484
|switch|p2a: Incineroar|Incineroar, L50, M|88/100
|-ability|p2a: Incineroar|Intimidate|boost
|-unboost|p1a: Ninetales|atk|1
|-unboost|p1b: Basculegion|atk|1
|move|p1b: Basculegion|Aqua Jet|p2a: Incineroar
|-supereffective|p2a: Incineroar|1
|-damage|p2a: Incineroar|54/100
|move|p1a: Ninetales|Blizzard|p2b: Garchomp|[spread] p2a,p2b
|-resisted|p2a: Incineroar|1
|-supereffective|p2b: Garchomp|2
|-damage|p2a: Incineroar|45/100
|-damage|p2b: Garchomp|20/100r
|-enditem|p2a: Incineroar|Sitrus Berry|[eat]
|-heal|p2a: Incineroar|70/100|[from] item: Sitrus Berry
|move|p2b: Garchomp|Rock Slide|p1b: Basculegion|[spread] p1a,p1b
|-supereffective|p1a: Ninetales|1
|-damage|p1a: Ninetales|38/100
|-damage|p1b: Basculegion|67/100
|-damage|p2b: Garchomp|10/100|[from] item: Life Orb
|
|-weather|Snowscape|[upkeep]
|upkeep
|turn|5
|
|t:|1784601519
|switch|p1b: Incineroar|Incineroar, L50, M|49/100 par
|-ability|p1b: Incineroar|Intimidate|boost
|-unboost|p2a: Incineroar|atk|1
|-unboost|p2b: Garchomp|atk|1
|move|p1a: Ninetales|Protect|p1a: Ninetales
|-singleturn|p1a: Ninetales|Protect
|move|p2a: Incineroar|Fake Out|p1a: Ninetales
|-activate|p1a: Ninetales|move: Protect
|move|p2b: Garchomp|Rock Slide|p1b: Incineroar|[spread] p1b
|-activate|p1a: Ninetales|move: Protect
|-supereffective|p1b: Incineroar|1
|-damage|p1b: Incineroar|21/100 par
|-damage|p2b: Garchomp|1/100|[from] item: Life Orb
|
|-weather|none
|upkeep
|turn|6
|
|t:|1784601547
|move|p2b: Garchomp|Protect|p2b: Garchomp
|-singleturn|p2b: Garchomp|Protect
|move|p1a: Ninetales|Freeze-Dry|p2b: Garchomp
|-activate|p2b: Garchomp|move: Protect
|move|p2a: Incineroar|Flare Blitz|p1a: Ninetales
|-supereffective|p1a: Ninetales|1
|-damage|p1a: Ninetales|0 fnt
|faint|p1a: Ninetales
|-damage|p2a: Incineroar|61/100|[from] Recoil
|cant|p1b: Incineroar|par
|
|upkeep
|
|t:|1784601561
|switch|p1a: Basculegion|Basculegion, L50, M, shiny|67/100
|turn|7
|
|t:|1784601592
|move|p1a: Basculegion|Flip Turn|p2a: Incineroar
|-supereffective|p2a: Incineroar|1
|-damage|p2a: Incineroar|0 fnt
|faint|p2a: Incineroar
|
|t:|1784601594
|switch|p1a: Gengar|Gengar-Mega, L50, F, shiny|100/100|[from] Flip Turn
|move|p2b: Garchomp|Earthquake|p1a: Gengar|[spread] p1a,p1b
|-supereffective|p1a: Gengar|1
|-supereffective|p1b: Incineroar|1
|-damage|p1a: Gengar|18/100
|-damage|p1b: Incineroar|0 fnt
|faint|p1b: Incineroar
|-damage|p2b: Garchomp|0 fnt|[from] item: Life Orb
|faint|p2b: Garchomp
|
|upkeep
|
|t:|1784601602
|switch|p2b: Raichu|Raichu-Mega-Y, L50, F|48/100
|switch|p1b: Basculegion|Basculegion, L50, M, shiny|67/100
|switch|p2a: Milotic|Milotic, L50, M|100/100
|turn|8
|
|t:|1784601616
|move|p2b: Raichu|Protect|p2b: Raichu
|-singleturn|p2b: Raichu|Protect
|move|p1a: Gengar|Protect|p1a: Gengar
|-singleturn|p1a: Gengar|Protect
|move|p1b: Basculegion|Aqua Jet|p2b: Raichu
|-activate|p2b: Raichu|move: Protect
|move|p2a: Milotic|Hypnosis|p1b: Basculegion
|-status|p1b: Basculegion|slp|[from] move: Hypnosis
|
|upkeep
|turn|9
|
|t:|1784601630
|cant|p1b: Basculegion|slp
|move|p2b: Raichu|Zap Cannon|p1b: Basculegion
|-supereffective|p1b: Basculegion|1
|-damage|p1b: Basculegion|0 fnt
|faint|p1b: Basculegion
|move|p1a: Gengar|Shadow Ball|p2b: Raichu
|-damage|p2b: Raichu|0 fnt
|faint|p2b: Raichu
|move|p2a: Milotic|Hydro Pump|p1a: Gengar
|-damage|p1a: Gengar|0 fnt
|faint|p1a: Gengar
|
|win|tryson69
|raw|glitchy_potat's rating: 1341 → 1319(-22 for losing)
|raw|tryson69's rating: 1313 → 1335(+22 for winning)
|l|☆glitchy_potat
|player|p1|
