|j|☆alkittxn
|j|☆captainjones11
|html|alkittxncaptainjones11    
|uhtml|bestof|Game 1 of a best-of-3
|t:|1784312304
|gametype|doubles
|player|p1|alkittxn|aaron|1054
|player|p2|captainjones11|2|1143
|gen|9
|tier|[Gen 9 Champions] VGC 2026 Reg M-B (Bo3)
|rated|
|rule|Species Clause: Limit one of each Pokémon
|rule|Item Clause: Limit 1 of each item
|clearpoke
|poke|p1|Gallade, L50, M|
|poke|p1|Camerupt, L50, F|
|poke|p1|Farigiraf, L50, M|
|poke|p1|Talonflame, L50, F|
|poke|p1|Basculegion, L50, M|
|poke|p1|Kingambit, L50, F|
|poke|p2|Golurk, L50|
|poke|p2|Sinistcha, L50|
|poke|p2|Metagross, L50|
|poke|p2|Infernape, L50, F|
|poke|p2|Grimmsnarl, L50, M|
|poke|p2|Morpeko, L50, F|
|teampreview|4
|showteam|p1|Gallade||FocusSash|Sharpness|SacredSword,TripleAxel,WideGuard,TrickRoom|Adamant||M|||50|]Camerupt||Cameruptite|SolidRock|AncientPower,HeatWave,EarthPower,Protect|Quiet||F|||50|]Farigiraf||ColburBerry|ArmorTail|HelpingHand,TrickRoom,Protect,Thunderbolt|Bold||M|||50|]Talonflame||ChartiBerry|GaleWings|DualWingbeat,Tailwind,FlareBlitz,Taunt|Relaxed||F|||50|]Basculegion||MysticWater|Adaptability|AquaJet,WaveCrash,LastRespects,FlipTurn|Adamant||M|||50|]Kingambit||ChopleBerry|Defiant|SuckerPunch,KowtowCleave,IronHead,Protect|Adamant||F|||50|
|showteam|p2|Golurk||Golurkite|IronFist|HeadlongRush,Poltergeist,Protect,DrainPunch|Brave|||||50|]Sinistcha||ColburBerry|Hospitality|MatchaGotcha,RagePowder,TrickRoom,Protect|Quiet|||||50|]Metagross||Metagrossite|ClearBody|MeteorMash,PsychicFangs,Protect,ShadowClaw|Adamant|||||50|]Infernape||BlackBelt|IronFist|FirePunch,CloseCombat,FakeOut,MachPunch|Jolly||F|||50|]Grimmsnarl||RoseliBerry|Prankster|SpiritBreak,FakeOut,Taunt,PartingShot|Brave||M|||50|]Morpeko||Leftovers|HungerSwitch|PartingShot,AuraWheel,FakeOut,KnockOff|Jolly||F|||50|
|l|☆captainjones11
|player|p2|
|j|☆captainjones11
|player|p2|captainjones11|2|
|
|t:|1784312380
|teamsize|p1|4
|teamsize|p2|4
|start
|switch|p1a: Basculegion|Basculegion, L50, M|100/100
|switch|p1b: Talonflame|Talonflame, L50, F|100/100
|switch|p2a: checkmate|Infernape, L50, F|100/100
|switch|p2b: Underhamster|Morpeko, L50, F|100/100
|turn|1
|
|t:|1784312423
|switch|p2a: calculator|Metagross, L50|100/100
|switch|p1b: Farigiraf|Farigiraf, L50, M|100/100
|move|p2b: Underhamster|Knock Off|p1a: Basculegion
|-supereffective|p1a: Basculegion|1
|-damage|p1a: Basculegion|6/100
|-enditem|p1a: Basculegion|Mystic Water|[from] move: Knock Off|[of] p2b: Underhamster
|move|p1a: Basculegion|Wave Crash|p2a: calculator
|-damage|p2a: calculator|40/100
|-damage|p1a: Basculegion|0 fnt|[from] Recoil
|faint|p1a: Basculegion
|
|-formechange|p2b: Underhamster|Morpeko-Hangry|
|upkeep
|
|t:|1784312443
|switch|p1a: Gallade|Gallade, L50, M|100/100
|turn|2
|
|t:|1784312476
|detailschange|p2a: calculator|Metagross-Mega, L50
|-mega|p2a: calculator|Metagross|Metagrossite
|move|p2b: Underhamster|Aura Wheel|p1a: Gallade
|-damage|p1a: Gallade|23/100
|-boost|p2b: Underhamster|spe|1
|move|p1a: Gallade|Sacred Sword|p2b: Underhamster
|-supereffective|p2b: Underhamster|1
|-damage|p2b: Underhamster|0 fnt
|faint|p2b: Underhamster
|move|p2a: calculator|Shadow Claw|p1b: Farigiraf
|-immune|p1b: Farigiraf
|move|p1b: Farigiraf|Thunderbolt|p2a: calculator
|-damage|p2a: calculator|19/100
|
|upkeep
|
|t:|1784312500
|switch|p2b: checkmate|Infernape, L50, F|100/100
|turn|3
|
|t:|1784312516
|switch|p1a: Talonflame|Talonflame, L50, F|100/100
|move|p2b: checkmate|Mach Punch||[still]
|cant|p1b: Farigiraf|ability: Armor Tail|Mach Punch|[of] p2b: checkmate
|move|p2a: calculator|Shadow Claw|p1a: Talonflame
|-damage|p1a: Talonflame|60/100
|move|p1b: Farigiraf|Thunderbolt|p2a: calculator
|-damage|p2a: calculator|0 fnt
|faint|p2a: calculator
|
|upkeep
|
|t:|1784312527
|switch|p2a: kriss'ssoakedlunch|Sinistcha, L50|100/100
|turn|4
|
|t:|1784312558
|move|p1b: Farigiraf|Protect|p1b: Farigiraf
|-singleturn|p1b: Farigiraf|Protect
|move|p2b: checkmate|Close Combat|p1b: Farigiraf
|-activate|p1b: Farigiraf|move: Protect
|move|p1a: Talonflame|Dual Wingbeat|p2b: checkmate
|-supereffective|p2b: checkmate|1
|-damage|p2b: checkmate|51/100
|-supereffective|p2b: checkmate|1
|-damage|p2b: checkmate|4/100
|-hitcount|p2b: checkmate|2
|move|p2a: kriss'ssoakedlunch|Matcha Gotcha|p1b: Farigiraf|[spread] p1a
|-activate|p1b: Farigiraf|move: Protect
|-resisted|p1a: Talonflame|2
|-damage|p1a: Talonflame|49/100
|
|upkeep
|turn|5
|
|t:|1784312590
|move|p2a: kriss'ssoakedlunch|Rage Powder|p2a: kriss'ssoakedlunch
|-singleturn|p2a: kriss'ssoakedlunch|move: Rage Powder
|move|p2b: checkmate|Close Combat|p1a: Talonflame
|-resisted|p1a: Talonflame|1
|-damage|p1a: Talonflame|16/100
|-unboost|p2b: checkmate|def|1
|-unboost|p2b: checkmate|spd|1
|move|p1a: Talonflame|Dual Wingbeat|p2a: kriss'ssoakedlunch
|-supereffective|p2a: kriss'ssoakedlunch|1
|-damage|p2a: kriss'ssoakedlunch|69/100
|-supereffective|p2a: kriss'ssoakedlunch|1
|-damage|p2a: kriss'ssoakedlunch|41/100
|-hitcount|p2a: kriss'ssoakedlunch|2
|move|p1b: Farigiraf|Thunderbolt|p2a: kriss'ssoakedlunch
|-resisted|p2a: kriss'ssoakedlunch|1
|-damage|p2a: kriss'ssoakedlunch|31/100
|
|upkeep
|turn|6
|
|t:|1784312627
|move|p2b: checkmate|Close Combat|p1b: Farigiraf
|-damage|p1b: Farigiraf|47/100
|-unboost|p2b: checkmate|def|1
|-unboost|p2b: checkmate|spd|1
|move|p1a: Talonflame|Tailwind|p1a: Talonflame
|-sidestart|p1: alkittxn|move: Tailwind
|move|p1b: Farigiraf|Thunderbolt|p2b: checkmate
|-damage|p2b: checkmate|0 fnt
|faint|p2b: checkmate
|move|p2a: kriss'ssoakedlunch|Matcha Gotcha|p1a: Talonflame|[spread] p1a,p1b
|-resisted|p1a: Talonflame|2
|-damage|p1a: Talonflame|5/100
|-heal|p2a: kriss'ssoakedlunch|36/100|[from] drain|[of] p1a: Talonflame
|-damage|p1b: Farigiraf|21/100
|-heal|p2a: kriss'ssoakedlunch|52/100|[from] drain|[of] p1b: Farigiraf
|
|upkeep
|turn|7
|
|t:|1784312651
|move|p1b: Farigiraf|Helping Hand|p1a: Talonflame
|-singleturn|p1a: Talonflame|Helping Hand|[of] p1b: Farigiraf
|move|p1a: Talonflame|Flare Blitz|p2a: kriss'ssoakedlunch
|-supereffective|p2a: kriss'ssoakedlunch|1
|-crit|p2a: kriss'ssoakedlunch
|-damage|p2a: kriss'ssoakedlunch|0 fnt
|faint|p2a: kriss'ssoakedlunch
|-damage|p1a: Talonflame|0 fnt|[from] Recoil
|faint|p1a: Talonflame
|
|win|alkittxn
||captainjones11 is ready for game 2.
|inactive|alkittxn has 30 seconds to confirm battle start!
||alkittxn is ready for game 2.
|uhtml|next|Next: Game 2 of 3
|l|☆captainjones11
|player|p2|
