|j|☆chikovgc
|j|☆palle synchro
|html|chikovgcpalle synchro    
|uhtml|bestof|Game 2 of a best-of-3
|t:|1757080302
|gametype|doubles
|player|p1|chikovgc|volo|1251
|player|p2|palle synchro|volkner|1444
|gen|9
|tier|[Gen 9] VGC 2025 Reg H (Bo3)
|rated|
|rule|Species Clause: Limit one of each Pokémon
|rule|Item Clause: Limit 1 of each item
|clearpoke
|poke|p1|Gholdengo, L50|
|poke|p1|Rillaboom, L50, M|
|poke|p1|Tyranitar, L50, M|
|poke|p1|Murkrow, L50, M|
|poke|p1|Amoonguss, L50, M|
|poke|p1|Annihilape, L50, F|
|poke|p2|Whimsicott, L50, M|
|poke|p2|Annihilape, L50, F|
|poke|p2|Indeedee, L50, M|
|poke|p2|Sneasler, L50, M|
|poke|p2|Ursaluna-Bloodmoon, L50, M|
|poke|p2|Archaludon, L50, F|
|teampreview|4
|showteam|p1|Gholdengo||LifeOrb|GoodasGold|Protect,NastyPlot,MakeItRain,ShadowBall||||||50|,,,,,Fairy]Rillaboom||AssaultVest|GrassySurge|FakeOut,Uturn,WoodHammer,GrassyGlide|||M|||50|,,,,,Grass]Tyranitar||ChoiceScarf|SandStream|RockSlide,KnockOff,TeraBlast,BrickBreak|||M|||50|,,,,,Flying]Murkrow||Eviolite|Prankster|Tailwind,Haze,FoulPlay,RainDance|||M|||50|,,,,,Ghost]Amoonguss||RockyHelmet|Regenerator|Spore,SludgeBomb,RagePowder,Protect|||M|||50|,,,,,Water]Annihilape||Leftovers|Defiant|Taunt,CloseCombat,Protect,RageFist|||F|||50|,,,,,Steel
|showteam|p2|Whimsicott||CovertCloak|Prankster|Moonblast,Taunt,Tailwind,FakeTears|||M|||50|,,,,,Water]Annihilape||SafetyGoggles|Defiant|CloseCombat,RageFist,FinalGambit,Taunt|||F|||50|,,,,,Water]Indeedee||FocusSash|PsychicSurge|ExpandingForce,TeraBlast,Imprison,TrickRoom|||M|||50|,,,,,Psychic]Sneasler||PsychicSeed|Unburden|CloseCombat,DireClaw,ThroatChop,Protect|||M|||50|,,,,,Dark]Ursaluna-Bloodmoon||LifeOrb|MindsEye|HyperVoice,BloodMoon,EarthPower,Protect|||M|||50|,,,,,Normal]Archaludon||PowerHerb|Sturdy|ElectroShot,DragonPulse,Thunderbolt,Protect|||F|||50|,,,,,Electric
|inactive|Battle timer is ON: inactive players will automatically lose when time's up. (requested by chikovgc)
|inactive|palle synchro also wants the timer to be on.
|inactive|chikovgc has 60 seconds left.
|
|t:|1757080342
|teamsize|p1|4
|teamsize|p2|4
|start
|switch|p1a: Rillaboom|Rillaboom, L50, M|100/100
|switch|p1b: Annihilape|Annihilape, L50, F|100/100
|switch|p2a: Whimsicott|Whimsicott, L50, M|100/100
|switch|p2b: Ursaluna|Ursaluna-Bloodmoon, L50, M|100/100
|-fieldstart|move: Grassy Terrain|[from] ability: Grassy Surge|[of] p1a: Rillaboom
|turn|1
|
|t:|1757080362
|switch|p1b: Gholdengo|Gholdengo, L50|100/100
|move|p2b: Ursaluna|Protect|p2b: Ursaluna
|-singleturn|p2b: Ursaluna|Protect
|move|p2a: Whimsicott|Tailwind|p2a: Whimsicott
|-sidestart|p2: palle synchro|move: Tailwind
|move|p1a: Rillaboom|U-turn|p1b: Gholdengo
|-resisted|p1b: Gholdengo
|-damage|p1b: Gholdengo|94/100
|
|t:|1757080371
|switch|p1a: Annihilape|Annihilape, L50, F|100/100|[from] U-turn
|
|-heal|p1b: Gholdengo|100/100|[from] Grassy Terrain
|upkeep
|turn|2
|
|t:|1757080384
|-terastallize|p2b: Ursaluna|Normal
|move|p2a: Whimsicott|Tailwind||[still]
|-fail|p2a: Whimsicott
|move|p2b: Ursaluna|Blood Moon|p1a: Annihilape
|-damage|p1a: Annihilape|0 fnt
|faint|p1a: Annihilape
|-damage|p2b: Ursaluna|91/100|[from] item: Life Orb
|move|p1b: Gholdengo|Make It Rain|p2a: Whimsicott|[spread] p2a,p2b
|-supereffective|p2a: Whimsicott
|-damage|p2a: Whimsicott|0 fnt
|-damage|p2b: Ursaluna|10/100
|-unboost|p1b: Gholdengo|spa|1
|faint|p2a: Whimsicott
|-damage|p1b: Gholdengo|91/100|[from] item: Life Orb
|
|-heal|p2b: Ursaluna|16/100|[from] Grassy Terrain
|-heal|p1b: Gholdengo|97/100|[from] Grassy Terrain
|upkeep
|
|t:|1757080399
|switch|p2a: Sneasler|Sneasler, L50, M|100/100
|switch|p1a: Rillaboom|Rillaboom, L50, M|100/100
|turn|3
|
|t:|1757080413
|move|p1a: Rillaboom|Grassy Glide|p2b: Ursaluna
|-damage|p2b: Ursaluna|0 fnt
|faint|p2b: Ursaluna
|move|p2a: Sneasler|Dire Claw|p1a: Rillaboom
|-supereffective|p1a: Rillaboom
|-damage|p1a: Rillaboom|8/100
|move|p1b: Gholdengo|Nasty Plot|p1b: Gholdengo
|-boost|p1b: Gholdengo|spa|2
|
|-heal|p1a: Rillaboom|14/100|[from] Grassy Terrain
|-heal|p1b: Gholdengo|100/100|[from] Grassy Terrain
|upkeep
|
|t:|1757080417
|switch|p2b: Indeedee|Indeedee, L50, M|100/100
|-fieldstart|move: Psychic Terrain|[from] ability: Psychic Surge|[of] p2b: Indeedee
|-enditem|p2a: Sneasler|Psychic Seed
|-boost|p2a: Sneasler|spd|1|[from] item: Psychic Seed
|turn|4
|
|t:|1757080425
|switch|p1a: Tyranitar|Tyranitar, L50, M|100/100
|-weather|Sandstorm|[from] ability: Sand Stream|[of] p1a: Tyranitar
|move|p1b: Gholdengo|Protect|p1b: Gholdengo
|-singleturn|p1b: Gholdengo|Protect
|move|p2a: Sneasler|Dire Claw|p1a: Tyranitar
|-resisted|p1a: Tyranitar
|-damage|p1a: Tyranitar|79/100
|move|p2b: Indeedee|Expanding Force|p1b: Gholdengo|[spread] 
|-activate|p1b: Gholdengo|move: Protect
|-immune|p1a: Tyranitar
|
|-weather|Sandstorm|[upkeep]
|-damage|p2a: Sneasler|95/100|[from] Sandstorm
|-damage|p2b: Indeedee|95/100|[from] Sandstorm
|-sideend|p2: palle synchro|move: Tailwind
|upkeep
|turn|5
|-message|palle synchro forfeited.
|
|win|chikovgc
|raw|chikovgc's rating: 1251 → 1289(+38 for winning)
|raw|palle synchro's rating: 1444 → 1414(-30 for losing)
|l|☆palle synchro
|player|p2|
|j|☆palle synchro
|player|p2|palle synchro|volkner|
