|j|☆ikermb5
|j|☆tontoniton
|html|ikermb5tontoniton    
|uhtml|bestof|Game 3 of a best-of-3
|t:|1782201741
|gametype|doubles
|player|p1|ikermb5|2|1150
|player|p2|tontoniton|erbie-unite|1147
|gen|9
|tier|[Gen 9 Champions] VGC 2026 Reg M-B (Bo3)
|rated|
|rule|Species Clause: Limit one of each Pokémon
|rule|Item Clause: Limit 1 of each item
|clearpoke
|poke|p1|Raichu, L50, F|
|poke|p1|Aerodactyl, L50, M|
|poke|p1|Garchomp, L50, M|
|poke|p1|Sylveon, L50, F|
|poke|p1|Scrafty, L50, M|
|poke|p1|Gholdengo, L50|
|poke|p2|Grimmsnarl, L50, M|
|poke|p2|Kingambit, L50, M|
|poke|p2|Gholdengo, L50|
|poke|p2|Dragalge, L50, M|
|poke|p2|Scrafty, L50, F|
|poke|p2|Farigiraf, L50, F|
|teampreview|4
|showteam|p1|Raichu||RaichuniteX|LightningRod|VoltTackle,GrassKnot,DrainPunch,Protect|Careful||F|||50|]Aerodactyl||FocusSash|Unnerve|RockSlide,DualWingbeat,Tailwind,IceFang|Jolly||M|||50|]Garchomp||LifeOrb|RoughSkin|RockSlide,StompingTantrum,Earthquake,Protect|Adamant||M|||50|]Sylveon||FairyFeather|Pixilate|HyperVoice,HyperBeam,QuickAttack,Protect|Modest||F|||50|]Scrafty||Scraftinite|Intimidate|FakeOut,DrainPunch,ThroatChop,Protect|Adamant||M|||50|]Gholdengo||Leftovers|GoodasGold|Recover,MakeItRain,NastyPlot,Protect|Modest|||||50|
|showteam|p2|Grimmsnarl||LightClay|Prankster|LightScreen,Reflect,FakeOut,PartingShot|Careful||M|||50|]Kingambit||ChopleBerry|Defiant|KowtowCleave,SuckerPunch,IronHead,Protect|Adamant||M|||50|]Gholdengo||LifeOrb|GoodasGold|MakeItRain,ShadowBall,NastyPlot,Protect|Timid|||||50|]Dragalge||Dragalgite|Adaptability|SludgeBomb,DracoMeteor,Thunderbolt,Protect|Modest||M|||50|]Scrafty||Scraftinite|Intimidate|FakeOut,DrainPunch,KnockOff,IcePunch|Impish||F|||50|]Farigiraf||SitrusBerry|ArmorTail|Psychic,Protect,TrickRoom,HelpingHand|Bold||F|||50|
|inactive|Battle timer is ON: inactive players will automatically lose when time's up. (requested by tontoniton)
|inactive|ikermb5 has 60 seconds left.
|inactive|tontoniton has 60 seconds left.
|
|t:|1782201775
|teamsize|p1|4
|teamsize|p2|4
|start
|switch|p1a: Aerodactyl|Aerodactyl, L50, M|100/100
|switch|p1b: Garchomp|Garchomp, L50, M|100/100
|switch|p2a: Grimmsnarl|Grimmsnarl, L50, M|100/100
|switch|p2b: Scrafty|Scrafty, L50, F|100/100
|-ability|p1a: Aerodactyl|Unnerve
|-ability|p2b: Scrafty|Intimidate|boost
|-unboost|p1a: Aerodactyl|atk|1
|-unboost|p1b: Garchomp|atk|1
|turn|1
|
|t:|1782201782
|move|p2a: Grimmsnarl|Fake Out|p1a: Aerodactyl
|-resisted|p1a: Aerodactyl|1
|-damage|p1a: Aerodactyl|91/100
|cant|p1a: Aerodactyl|flinch
|move|p1b: Garchomp|Earthquake|p2b: Scrafty|[spread] p2a,p2b
|-immune|p1a: Aerodactyl
|-damage|p2a: Grimmsnarl|62/100
|-damage|p2b: Scrafty|72/100
|-damage|p1b: Garchomp|90/100|[from] item: Life Orb
|move|p2b: Scrafty|Ice Punch|p1b: Garchomp
|-supereffective|p1b: Garchomp|2
|-damage|p1b: Garchomp|26/100
|-damage|p2b: Scrafty|59/100|[from] ability: Rough Skin|[of] p1b: Garchomp
|
|upkeep
|turn|2
|
|t:|1782201798
|switch|p1b: Sylveon|Sylveon, L50, F|100/100
|move|p2a: Grimmsnarl|Reflect|p2a: Grimmsnarl
|-sidestart|p2: tontoniton|Reflect
|move|p1a: Aerodactyl|Tailwind|p1a: Aerodactyl
|-sidestart|p1: ikermb5|move: Tailwind
|move|p2b: Scrafty|Drain Punch|p1a: Aerodactyl
|-damage|p1a: Aerodactyl|54/100
|-heal|p2b: Scrafty|76/100|[from] drain|[of] p1a: Aerodactyl
|
|upkeep
|turn|3
|
|t:|1782201831
|switch|p1a: Garchomp|Garchomp, L50, M|26/100
|switch|p2b: Gholdengo|Gholdengo, L50|100/100
|move|p2a: Grimmsnarl|Light Screen|p2a: Grimmsnarl
|-sidestart|p2: tontoniton|move: Light Screen
|move|p1b: Sylveon|Hyper Voice|p2a: Grimmsnarl|[spread] p2a,p2b
|-supereffective|p2a: Grimmsnarl|1
|-resisted|p2b: Gholdengo|1
|-damage|p2a: Grimmsnarl|5/100
|-damage|p2b: Gholdengo|81/100
|
|upkeep
|turn|4
|
|t:|1782201854
|move|p1b: Sylveon|Protect|p1b: Sylveon
|-singleturn|p1b: Sylveon|Protect
|move|p2a: Grimmsnarl|Parting Shot|p1a: Garchomp
|-unboost|p1a: Garchomp|atk|1
|-unboost|p1a: Garchomp|spa|1
|
|t:|1782201857
|switch|p2a: Scrafty|Scrafty, L50, F|76/100|[from] Parting Shot
|-ability|p2a: Scrafty|Intimidate|boost
|-unboost|p1a: Garchomp|atk|1
|-unboost|p1b: Sylveon|atk|1
|move|p1a: Garchomp|Earthquake|p2b: Gholdengo|[spread] p2a,p2b
|-activate|p1b: Sylveon|move: Protect
|-supereffective|p2b: Gholdengo|1
|-damage|p2a: Scrafty|62/100
|-damage|p2b: Gholdengo|43/100
|-damage|p1a: Garchomp|16/100|[from] item: Life Orb
|move|p2b: Gholdengo|Make It Rain|p1b: Sylveon|[spread] p1a
|-activate|p1b: Sylveon|move: Protect
|-damage|p1a: Garchomp|0 fnt
|-unboost|p2b: Gholdengo|spa|2
|faint|p1a: Garchomp
|-damage|p2b: Gholdengo|33/100|[from] item: Life Orb
|
|upkeep
|
|t:|1782201862
|switch|p1a: Aerodactyl|Aerodactyl, L50, M|54/100
|-ability|p1a: Aerodactyl|Unnerve
|turn|5
|
|t:|1782201872
|switch|p1a: Scrafty|Scrafty, L50, M|100/100
|-ability|p1a: Scrafty|Intimidate|boost
|-unboost|p2a: Scrafty|atk|1
|-unboost|p2b: Gholdengo|atk|1
|switch|p2b: Dragalge|Dragalge, L50, M|100/100
|move|p2a: Scrafty|Fake Out|p1b: Sylveon
|-damage|p1b: Sylveon|94/100
|cant|p1b: Sylveon|flinch
|
|-sideend|p1: ikermb5|move: Tailwind
|upkeep
|turn|6
|inactive|ikermb5 has 30 seconds left.
|
|t:|1782201897
|switch|p2a: Grimmsnarl|Grimmsnarl, L50, M|5/100
|detailschange|p1a: Scrafty|Scrafty-Mega, L50, M
|-mega|p1a: Scrafty|Scrafty|Scraftinite
|-ability|p1a: Scrafty|Intimidate|boost
|-unboost|p2a: Grimmsnarl|atk|1
|-unboost|p2b: Dragalge|atk|1
|detailschange|p2b: Dragalge|Dragalge-Mega, L50, M
|-mega|p2b: Dragalge|Dragalge|Dragalgite
|move|p1a: Scrafty|Fake Out|p2b: Dragalge
|-damage|p2b: Dragalge|90/100
|move|p1b: Sylveon|Hyper Voice|p2b: Dragalge|[spread] p2a,p2b
|-supereffective|p2a: Grimmsnarl|1
|-crit|p2a: Grimmsnarl
|-damage|p2a: Grimmsnarl|0 fnt
|-damage|p2b: Dragalge|69/100
|faint|p2a: Grimmsnarl
|cant|p2b: Dragalge|flinch
|
|upkeep
|
|t:|1782201907
|switch|p2a: Gholdengo|Gholdengo, L50|33/100
|turn|7
|
|t:|1782201928
|move|p2a: Gholdengo|Protect|p2a: Gholdengo
|-singleturn|p2a: Gholdengo|Protect
|move|p1a: Scrafty|Protect|p1a: Scrafty
|-singleturn|p1a: Scrafty|Protect
|move|p1b: Sylveon|Hyper Voice|p2a: Gholdengo|[spread] p2b
|-activate|p2a: Gholdengo|move: Protect
|-damage|p2b: Dragalge|47/100
|move|p2b: Dragalge|Draco Meteor|p1a: Scrafty
|-activate|p1a: Scrafty|move: Protect
|
|upkeep
|turn|8
|
|t:|1782201950
|switch|p2a: Scrafty|Scrafty, L50, F|62/100
|-ability|p2a: Scrafty|Intimidate|boost
|-unboost|p1a: Scrafty|atk|1
|-unboost|p1b: Sylveon|atk|1
|move|p1a: Scrafty|Throat Chop|p2a: Scrafty
|-resisted|p2a: Scrafty|2
|-damage|p2a: Scrafty|59/100
|-start|p2a: Scrafty|Throat Chop|[silent]
|move|p1b: Sylveon|Hyper Beam|p2b: Dragalge
|-damage|p2b: Dragalge|1/100
|-mustrecharge|p1b: Sylveon
|move|p2b: Dragalge|Draco Meteor|p1a: Scrafty
|-damage|p1a: Scrafty|43/100
|-unboost|p2b: Dragalge|spa|2
|
|upkeep
|turn|9
|
|t:|1782201967
|switch|p1a: Aerodactyl|Aerodactyl, L50, M|54/100
|-ability|p1a: Aerodactyl|Unnerve
|-heal|p2b: Dragalge|33/100|[from] ability: Regenerator|[silent]
|switch|p2b: Gholdengo|Gholdengo, L50|33/100
|cant|p1b: Sylveon|recharge
|move|p2a: Scrafty|Drain Punch|p1a: Aerodactyl
|-damage|p1a: Aerodactyl|14/100
|-heal|p2a: Scrafty|77/100|[from] drain|[of] p1a: Aerodactyl
|
|-end|p2a: Scrafty|Throat Chop|[silent]
|-sideend|p2: tontoniton|Reflect
|upkeep
|turn|10
|inactive|tontoniton has 30 seconds left.
|
|t:|1782201992
|switch|p2a: Dragalge|Dragalge-Mega, L50, M|33/100
|move|p1a: Aerodactyl|Tailwind|p1a: Aerodactyl
|-sidestart|p1: ikermb5|move: Tailwind
|move|p1b: Sylveon|Hyper Beam|p2b: Gholdengo
|-resisted|p2b: Gholdengo|1
|-damage|p2b: Gholdengo|0 fnt
|-mustrecharge|p1b: Sylveon
|faint|p2b: Gholdengo
|
|-sideend|p2: tontoniton|move: Light Screen
|upkeep
|
|t:|1782201998
|switch|p2b: Scrafty|Scrafty, L50, F|77/100
|-ability|p2b: Scrafty|Intimidate|boost
|-unboost|p1a: Aerodactyl|atk|1
|-unboost|p1b: Sylveon|atk|1
|turn|11
|
|t:|1782202010
|switch|p1a: Scrafty|Scrafty-Mega, L50, M|43/100
|-ability|p1a: Scrafty|Intimidate|boost
|-unboost|p2a: Dragalge|atk|1
|-unboost|p2b: Scrafty|atk|1
|cant|p1b: Sylveon|recharge
|move|p2b: Scrafty|Drain Punch|p1a: Scrafty
|-supereffective|p1a: Scrafty|1
|-damage|p1a: Scrafty|13/100
|-heal|p2b: Scrafty|91/100|[from] drain|[of] p1a: Scrafty
|move|p2a: Dragalge|Sludge Bomb|p1b: Sylveon
|-supereffective|p1b: Sylveon|1
|-damage|p1b: Sylveon|21/100
|
|upkeep
|turn|12
|-message|tontoniton forfeited.
|
|win|ikermb5
|raw|ikermb5's rating: 1150 → 1175(+25 for winning)
|raw|tontoniton's rating: 1147 → 1122(-25 for losing)
