|j|â˜†martharia
|j|â˜†VenuDaAscoInRain
|html|marthariaVenuDaAscoInRain    
|uhtml|bestof|Game 1 of a best-of-3
|t:|1783290379
|gametype|doubles
|player|p1|martharia|flannery|1193
|player|p2|VenuDaAscoInRain|li|1240
|gen|9
|tier|[Gen 9 Champions] VGC 2026 Reg M-B (Bo3)
|rated|
|rule|Species Clause: Limit one of each PokÃ©mon
|rule|Item Clause: Limit 1 of each item
|clearpoke
|poke|p1|Delphox, L50, F, shiny|
|poke|p1|Meowscarada, L50, F|
|poke|p1|Talonflame, L50, F|
|poke|p1|Basculegion, L50, M, shiny|
|poke|p1|Sneasler, L50, F|
|poke|p1|Garchomp, L50, F|
|poke|p2|Blastoise, L50, M, shiny|
|poke|p2|Delphox, L50, F, shiny|
|poke|p2|Sinistcha, L50, shiny|
|poke|p2|Incineroar, L50, M, shiny|
|poke|p2|Sneasler, L50, M, shiny|
|poke|p2|Maushold-Four, L50, shiny|
|teampreview|4
|showteam|p1|Delphox||Delphoxite|Blaze|HeatWave,Psychic,NastyPlot,Protect|Timid||F|||50|]Meowscarada||FocusSash|Protean|FlowerTrick,ThroatChop,TripleAxel,Protect|Jolly||F|||50|]Talonflame||SharpBeak|GaleWings|DualWingbeat,Taunt,Tailwind,QuickGuard|Jolly||F|||50|]Basculegion||ChoiceScarf|Adaptability|WaveCrash,FlipTurn,AquaJet,LastRespects|Adamant||M|||50|]Sneasler||WhiteHerb|Unburden|CloseCombat,DireClaw,FakeOut,Protect|Jolly||F|||50|]Garchomp||LifeOrb|RoughSkin|DragonClaw,Earthquake,RockSlide,Protect|Jolly||F|||50|
|showteam|p2|Blastoise||Blastoisinite|RainDish|WaterSpout,DarkPulse,ShellSmash,Protect|Modest||M|||50|]Delphox||Delphoxite|Blaze|HeatWave,Psyshock,NastyPlot,Protect|Timid||F|||50|]Sinistcha||KasibBerry|Hospitality|MatchaGotcha,RagePowder,LifeDew,Protect|Bold|||||50|]Incineroar||PasshoBerry|Intimidate|FlareBlitz,PartingShot,HelpingHand,FakeOut|Impish||M|||50|]Sneasler||WhiteHerb|Unburden|DireClaw,CloseCombat,QuickGuard,FakeOut|Jolly||M|||50|]Maushold-Four||ChopleBerry|FriendGuard|SuperFang,Feint,FollowMe,Protect|Bold|||||50|
|inactive|Battle timer is ON: inactive players will automatically lose when time's up. (requested by VenuDaAscoInRain)
|inactive|martharia has 60 seconds left.
|inactive|VenuDaAscoInRain has 60 seconds left.
|inactive|martharia has 30 seconds left.
|
|t:|1783290447
|teamsize|p1|4
|teamsize|p2|4
|start
|switch|p1a: Garchomp|Garchomp, L50, F|100/100
|switch|p1b: Talonflame|Talonflame, L50, F|100/100
|switch|p2a: Blastoise|Blastoise, L50, M, shiny|100/100
|switch|p2b: Incineroar|Incineroar, L50, M, shiny|100/100
|-ability|p2b: Incineroar|Intimidate|boost
|-unboost|p1a: Garchomp|atk|1
|-unboost|p1b: Talonflame|atk|1
|turn|1
|
|t:|1783290466
|move|p2a: Blastoise|Protect|p2a: Blastoise
|-singleturn|p2a: Blastoise|Protect
|move|p1b: Talonflame|Quick Guard|p1b: Talonflame
|-singleturn|p1b: Talonflame|Quick Guard
|move|p1a: Garchomp|Earthquake|p2a: Blastoise|[spread] p2b
|-activate|p2a: Blastoise|move: Protect
|-immune|p1b: Talonflame
|-supereffective|p2b: Incineroar|1
|-damage|p2b: Incineroar|48/100
|-damage|p1a: Garchomp|90/100|[from] item: Life Orb
|move|p2b: Incineroar|Parting Shot|p1a: Garchomp
|-unboost|p1a: Garchomp|atk|1
|-unboost|p1a: Garchomp|spa|1
|
|t:|1783290476
|switch|p2b: Maushold|Maushold-Four, L50, shiny|100/100|[from] Parting Shot
|
|upkeep
|turn|2
|
|t:|1783290491
|detailschange|p2a: Blastoise|Blastoise-Mega, L50, M, shiny
|-mega|p2a: Blastoise|Blastoise|Blastoisinite
|move|p2b: Maushold|Follow Me|p2b: Maushold
|-singleturn|p2b: Maushold|move: Follow Me
|move|p1b: Talonflame|Tailwind|p1b: Talonflame
|-sidestart|p1: martharia|move: Tailwind
|move|p1a: Garchomp|Earthquake|p2b: Maushold|[spread] p2a,p2b
|-immune|p1b: Talonflame
|-damage|p2a: Blastoise|80/100
|-damage|p2b: Maushold|74/100
|-damage|p1a: Garchomp|80/100|[from] item: Life Orb
|move|p2a: Blastoise|Shell Smash|p2a: Blastoise
|-unboost|p2a: Blastoise|def|1
|-unboost|p2a: Blastoise|spd|1
|-boost|p2a: Blastoise|atk|2
|-boost|p2a: Blastoise|spa|2
|-boost|p2a: Blastoise|spe|2
|
|upkeep
|turn|3
|
|t:|1783290512
|switch|p1b: Basculegion|Basculegion, L50, M, shiny|100/100
|switch|p2b: Incineroar|Incineroar, L50, M, shiny|48/100
|-ability|p2b: Incineroar|Intimidate|boost
|-unboost|p1a: Garchomp|atk|1
|-unboost|p1b: Basculegion|atk|1
|move|p2a: Blastoise|Protect|p2a: Blastoise
|-singleturn|p2a: Blastoise|Protect
|move|p1a: Garchomp|Earthquake|p2b: Incineroar|[spread] p1b,p2b
|-activate|p2a: Blastoise|move: Protect
|-supereffective|p2b: Incineroar|1
|-damage|p1b: Basculegion|73/100
|-damage|p2b: Incineroar|17/100
|-damage|p1a: Garchomp|70/100|[from] item: Life Orb
|
|upkeep
|turn|4
|
|t:|1783290533
|switch|p2b: Maushold|Maushold-Four, L50, shiny|74/100
|move|p1b: Basculegion|Wave Crash|p2a: Blastoise
|-resisted|p2a: Blastoise|1
|-damage|p2a: Blastoise|50/100g
|-damage|p1b: Basculegion|65/100|[from] Recoil
|move|p1a: Garchomp|Rock Slide|p2b: Maushold|[spread] p2a,p2b
|-damage|p2a: Blastoise|39/100
|-damage|p2b: Maushold|63/100
|-damage|p1a: Garchomp|61/100|[from] item: Life Orb
|cant|p2a: Blastoise|flinch
|
|upkeep
|turn|5
|
|t:|1783290547
|switch|p2b: Sinistcha|Sinistcha, L50, shiny|100/100
|-heal|p2a: Blastoise|64/100|[from] ability: Hospitality|[of] p2b: Sinistcha
|move|p2a: Blastoise|Protect|p2a: Blastoise
|-singleturn|p2a: Blastoise|Protect
|move|p1b: Basculegion|Wave Crash|p2b: Sinistcha
|-resisted|p2b: Sinistcha|1
|-damage|p2b: Sinistcha|79/100
|-damage|p1b: Basculegion|59/100|[from] Recoil
|move|p1a: Garchomp|Rock Slide|p2a: Blastoise|[spread] p2b
|-activate|p2a: Blastoise|move: Protect
|-damage|p2b: Sinistcha|71/100
|-damage|p1a: Garchomp|51/100|[from] item: Life Orb
|
|-sideend|p1: martharia|move: Tailwind
|upkeep
|turn|6
|
|t:|1783290571
|switch|p1b: Sneasler|Sneasler, L50, F|100/100
|switch|p1a: Talonflame|Talonflame, L50, F|100/100
|move|p2b: Sinistcha|Rage Powder|p2b: Sinistcha
|-singleturn|p2b: Sinistcha|move: Rage Powder
|move|p2a: Blastoise|Water Spout|p1b: Sneasler|[spread] p1a,p1b
|-supereffective|p1a: Talonflame|1
|-damage|p1a: Talonflame|0 fnt
|-damage|p1b: Sneasler|0 fnt
|faint|p1a: Talonflame
|faint|p1b: Sneasler
|
|upkeep
|
|t:|1783290580
|switch|p1a: Garchomp|Garchomp, L50, F|51/100
|switch|p1b: Basculegion|Basculegion, L50, M, shiny|59/100
|turn|7
|
|t:|1783290586
|move|p2b: Sinistcha|Rage Powder|p2b: Sinistcha
|-singleturn|p2b: Sinistcha|move: Rage Powder
|move|p2a: Blastoise|Water Spout|p1a: Garchomp|[spread] p1a,p1b
|-resisted|p1b: Basculegion|1
|-damage|p1a: Garchomp|0 fnt
|-damage|p1b: Basculegion|7/100
|faint|p1a: Garchomp
|move|p1b: Basculegion|Last Respects|p2b: Sinistcha
|-supereffective|p2b: Sinistcha|1
|-enditem|p2b: Sinistcha|Kasib Berry|[eat]
|-enditem|p2b: Sinistcha|Kasib Berry|[weaken]
|-damage|p2b: Sinistcha|0 fnt
|faint|p2b: Sinistcha
|
|upkeep
|
|t:|1783290591
|switch|p2b: Maushold|Maushold-Four, L50, shiny|63/100
|turn|8
|-message|martharia forfeited.
|
|win|VenuDaAscoInRain
