|j|☆RipDrrip
|j|☆25th_mang
|html|RipDrrip25th_mang    
|uhtml|bestof|Game 3 of a best-of-3
|t:|1757647301
|gametype|doubles
|player|p1|RipDrrip|roxie|1049
|player|p2|25th_mang|ballguy|1117
|gen|9
|tier|[Gen 9] VGC 2025 Reg H (Bo3)
|rated|
|rule|Species Clause: Limit one of each Pokémon
|rule|Item Clause: Limit 1 of each item
|clearpoke
|poke|p1|Reuniclus, L50, M|
|poke|p1|Tyranitar, L50, F|
|poke|p1|Excadrill, L50, M|
|poke|p1|Amoonguss, L50, F|
|poke|p1|Incineroar, L50, F|
|poke|p1|Kommo-o, L50, F|
|poke|p2|Pelipper, L50, F|
|poke|p2|Archaludon, L50, F|
|poke|p2|Quaquaval, L50, F|
|poke|p2|Kingambit, L50, F|
|poke|p2|Rillaboom, L50, F|
|poke|p2|Dragapult, L50, F|
|teampreview|4
|showteam|p1|Reuniclus||LifeOrb|MagicGuard|ExpandingForce,FlashCannon,TrickRoom,Protect|||M|||50|,,,,,Dark]Tyranitar||AssaultVest|SandStream|RockSlide,KnockOff,LowKick,TeraBlast|||F|||50|,,,,,Flying]Excadrill||FocusSash|SandRush|IronHead,HighHorsepower,Earthquake,Protect|||M|||50|,,,,,Ground]Amoonguss||SitrusBerry|Regenerator|PollenPuff,RagePowder,Spore,ClearSmog|||F|||50|,,,,,Water]Incineroar||SafetyGoggles|Intimidate|FakeOut,KnockOff,FlareBlitz,PartingShot|||F|||50|,,,,,Ghost]Kommo-o||ThroatSpray|Overcoat|ClangingScales,ClangorousSoul,AuraSphere,Protect|||F|||50|,,,,,Steel
|showteam|p2|Pelipper||ChoiceScarf|Drizzle|Hurricane,WeatherBall,Tailwind,Uturn|||F|||50|,,,,,Ghost]Archaludon||ChoiceSpecs|Sturdy|ElectroShot,FlashCannon,DracoMeteor,DragonPulse|||F|||50|,,,,,Electric]Quaquaval||FocusSash|Moxie|AquaStep,UpperHand,CloseCombat,Protect|||F|||50|,,,,,Water]Kingambit||BlackGlasses|Defiant|KowtowCleave,SuckerPunch,IronHead,Protect|||F|||50|,,,,,Dark]Rillaboom||AssaultVest|GrassySurge|FakeOut,WoodHammer,GrassyGlide,Uturn|||F|||50|,,,,,Fire]Dragapult||ChoiceBand|ClearBody|DragonDarts,Outrage,PhantomForce,Uturn|||F|||50|,,,,,Dragon
|inactive|Battle timer is ON: inactive players will automatically lose when time's up. (requested by 25th_mang)
|
|t:|1757647319
|teamsize|p1|4
|teamsize|p2|4
|start
|switch|p1a: Tyranitar|Tyranitar, L50, F|100/100
|switch|p1b: Excadrill|Excadrill, L50, M|100/100
|switch|p2a: tzuyu|Archaludon, L50, F, shiny|100/100
|switch|p2b: jihyo|Rillaboom, L50, F, shiny|100/100
|-fieldstart|move: Grassy Terrain|[from] ability: Grassy Surge|[of] p2b: jihyo
|-weather|Sandstorm|[from] ability: Sand Stream|[of] p1a: Tyranitar
|turn|1
|inactive|RipDrrip has 30 seconds left.
|inactive|25th_mang has 30 seconds left.
|
|t:|1757647353
|move|p1b: Excadrill|Protect|p1b: Excadrill
|-singleturn|p1b: Excadrill|Protect
|move|p2b: jihyo|Fake Out|p1a: Tyranitar
|-resisted|p1a: Tyranitar
|-damage|p1a: Tyranitar|94/100
|move|p2a: tzuyu|Flash Cannon|p1a: Tyranitar
|-supereffective|p1a: Tyranitar
|-damage|p1a: Tyranitar|41/100
|cant|p1a: Tyranitar|flinch
|
|-weather|Sandstorm|[upkeep]
|-damage|p2b: jihyo|95/100|[from] Sandstorm
|-heal|p2b: jihyo|100/100|[from] Grassy Terrain
|-heal|p1a: Tyranitar|47/100|[from] Grassy Terrain
|upkeep
|turn|2
|inactive|RipDrrip has 30 seconds left.
|inactive|25th_mang has 30 seconds left.
|
|t:|1757647387
|switch|p2a: dahyun|Pelipper, L50, F|100/100
|-weather|RainDance|[from] ability: Drizzle|[of] p2a: dahyun
|move|p1b: Excadrill|Iron Head|p2b: jihyo
|-damage|p2b: jihyo|57/100
|move|p2b: jihyo|Wood Hammer|p1b: Excadrill
|-enditem|p1b: Excadrill|Focus Sash
|-damage|p1b: Excadrill|1/100
|-damage|p2b: jihyo|28/100|[from] Recoil
|move|p1a: Tyranitar|Low Kick|p2a: dahyun
|-resisted|p2a: dahyun
|-damage|p2a: dahyun|85/100
|
|-weather|RainDance|[upkeep]
|-heal|p1b: Excadrill|7/100|[from] Grassy Terrain
|-heal|p2b: jihyo|33/100|[from] Grassy Terrain
|-heal|p1a: Tyranitar|53/100|[from] Grassy Terrain
|upkeep
|turn|3
|inactive|RipDrrip has 30 seconds left.
|
|t:|1757647412
|move|p2b: jihyo|Grassy Glide|p1b: Excadrill
|-damage|p1b: Excadrill|0 fnt
|faint|p1b: Excadrill
|move|p2a: dahyun|Weather Ball|p1a: Tyranitar
|-supereffective|p1a: Tyranitar
|-damage|p1a: Tyranitar|0 fnt
|faint|p1a: Tyranitar
|
|-weather|RainDance|[upkeep]
|-heal|p2b: jihyo|39/100|[from] Grassy Terrain
|upkeep
|
|t:|1757647422
|switch|p1b: Incineroar|Incineroar, L50, F|100/100
|switch|p1a: Kommo-o|Kommo-o, L50, F|100/100
|-ability|p1b: Incineroar|Intimidate|boost
|-unboost|p2a: dahyun|atk|1
|-unboost|p2b: jihyo|atk|1
|turn|4
|inactive|RipDrrip has 30 seconds left.
|
|t:|1757647448
|switch|p2b: momo|Quaquaval, L50, F, shiny|100/100
|-terastallize|p2a: dahyun|Ghost
|move|p1b: Incineroar|Fake Out|p2a: dahyun
|-immune|p2a: dahyun
|move|p2a: dahyun|Weather Ball|p1b: Incineroar
|-supereffective|p1b: Incineroar
|-damage|p1b: Incineroar|0 fnt
|faint|p1b: Incineroar
|move|p1a: Kommo-o|Clangorous Soul|p1a: Kommo-o
|-boost|p1a: Kommo-o|atk|1
|-boost|p1a: Kommo-o|def|1
|-boost|p1a: Kommo-o|spa|1
|-boost|p1a: Kommo-o|spd|1
|-boost|p1a: Kommo-o|spe|1
|-damage|p1a: Kommo-o|68/100
|-enditem|p1a: Kommo-o|Throat Spray
|-boost|p1a: Kommo-o|spa|1|[from] item: Throat Spray
|
|-weather|RainDance|[upkeep]
|-heal|p1a: Kommo-o|74/100|[from] Grassy Terrain
|-heal|p2a: dahyun|91/100|[from] Grassy Terrain
|upkeep
|turn|5
|inactive|25th_mang has 30 seconds left.
|
|t:|1757647477
|switch|p2a: tzuyu|Archaludon, L50, F, shiny|100/100
|-terastallize|p1a: Kommo-o|Steel
|move|p1a: Kommo-o|Clanging Scales|p2a: tzuyu|[spread] p2a,p2b
|-crit|p2b: momo
|-ability|p2a: tzuyu|Sturdy
|-damage|p2a: tzuyu|1/100
|-enditem|p2b: momo|Focus Sash
|-damage|p2b: momo|1/100
|-unboost|p1a: Kommo-o|def|1
|move|p2b: momo|Close Combat|p1a: Kommo-o
|-supereffective|p1a: Kommo-o
|-damage|p1a: Kommo-o|0 fnt
|-unboost|p2b: momo|def|1
|-unboost|p2b: momo|spd|1
|faint|p1a: Kommo-o
|
|win|25th_mang
|raw|RipDrrip's rating: 1049 → 1035(-14 for losing)
|raw|25th_mang's rating: 1117 → 1137(+20 for winning)
|l|☆RipDrrip
|player|p1|
