|j|☆John Plot
|j|☆LegionVGC
|html|John PlotLegionVGC    
|uhtml|bestof|Game 1 of a best-of-3
|t:|1757910215
|gametype|doubles
|player|p1|John Plot|170|1188
|player|p2|LegionVGC|169|1188
|gen|9
|tier|[Gen 9] VGC 2025 Reg H (Bo3)
|rated|
|rule|Species Clause: Limit one of each Pokémon
|rule|Item Clause: Limit 1 of each item
|clearpoke
|poke|p1|Arcanine-Hisui, L50, F|
|poke|p1|Rillaboom, L50, M|
|poke|p1|Dragonite, L50, M|
|poke|p1|Sneasler, L50, M|
|poke|p1|Ninetales-Alola, L50, F|
|poke|p1|Gholdengo, L50|
|poke|p2|Jumpluff, L50, F|
|poke|p2|Charizard, L50, M|
|poke|p2|Incineroar, L50, M|
|poke|p2|Ursaluna, L50, M|
|poke|p2|Porygon2, L50|
|poke|p2|Torkoal, L50, M|
|teampreview|4
|showteam|p1|Arcanine-Hisui||ClearAmulet|Intimidate|FlareBlitz,RockSlide,ExtremeSpeed,Protect|||F|||50|,,,,,Water]Rillaboom||AssaultVest|GrassySurge|FakeOut,DrumBeating,GrassyGlide,HighHorsepower|||M|||50|,,,,,Fire]Dragonite||LoadedDice|Multiscale|ScaleShot,StompingTantrum,Tailwind,Protect|||M|||50|,,,,,Steel]Sneasler||WhiteHerb|Unburden|DireClaw,CloseCombat,Coaching,Protect|||M|||50|,,,,,Ghost]Ninetales-Alola||FocusSash|SnowWarning|Blizzard,IcyWind,Encore,AuroraVeil|||F|||50|,,,,,Ghost]Gholdengo||GrassySeed|GoodasGold|MakeItRain,ShadowBall,NastyPlot,Protect||||||50|,,,,,Water
|showteam|p2|Jumpluff||CovertCloak|Chlorophyll|RagePowder,SleepPowder,SunnyDay,Tailwind|||F|||50|,,,,,Water]Charizard||ChoiceSpecs|SolarPower|HeatWave,Overheat,WeatherBall,AirSlash|||M|||50|,,,,,Ghost]Incineroar||SafetyGoggles|Intimidate|FlareBlitz,KnockOff,FakeOut,PartingShot|||M|||50|,,,,,Ghost]Ursaluna||FlameOrb|Guts|HeadlongRush,Facade,Earthquake,Protect|||M|||50|,,,,,Ghost]Porygon2||Eviolite|Download|TeraBlast,IceBeam,Recover,TrickRoom||||||50|,,,,,Fighting]Torkoal||EjectPack|Drought|Eruption,Overheat,HelpingHand,Protect|||M|||50|,,,,,Fire
|inactive|Battle timer is ON: inactive players will automatically lose when time's up. (requested by LegionVGC)
|inactive|LegionVGC has 60 seconds left.
|
|t:|1757910270
|teamsize|p1|4
|teamsize|p2|4
|start
|switch|p1a: Arcanine|Arcanine-Hisui, L50, F|100/100
|switch|p1b: Sneasler|Sneasler, L50, M|100/100
|switch|p2a: Raven|Charizard, L50, M, shiny|100/100
|switch|p2b: Starbreaker|Porygon2, L50|100/100
|-ability|p1a: Arcanine|Intimidate|boost
|-unboost|p2a: Raven|atk|1
|-unboost|p2b: Starbreaker|atk|1
|-ability|p2b: Starbreaker|Download|boost
|-boost|p2b: Starbreaker|atk|1
|turn|1
|
|t:|1757910289
|switch|p2a: Scat Pack|Incineroar, L50, M|100/100
|-ability|p2a: Scat Pack|Intimidate|boost
|-fail|p1a: Arcanine|unboost|[from] item: Clear Amulet|[of] p1a: Arcanine
|-unboost|p1b: Sneasler|atk|1
|-enditem|p1b: Sneasler|White Herb
|-clearnegativeboost|p1b: Sneasler|[silent]
|-terastallize|p2b: Starbreaker|Fighting
|move|p1b: Sneasler|Coaching|p1a: Arcanine
|-boost|p1a: Arcanine|atk|1
|-boost|p1a: Arcanine|def|1
|move|p1a: Arcanine|Rock Slide|p2b: Starbreaker|[spread] p2a,p2b
|-supereffective|p2a: Scat Pack
|-resisted|p2b: Starbreaker
|-damage|p2a: Scat Pack|22/100
|-damage|p2b: Starbreaker|86/100
|move|p2b: Starbreaker|Trick Room|p2b: Starbreaker
|-fieldstart|move: Trick Room|[of] p2b: Starbreaker
|
|upkeep
|turn|2
|inactive|LegionVGC has 30 seconds left.
|
|t:|1757910322
|-terastallize|p1b: Sneasler|Ghost
|move|p1a: Arcanine|Protect|p1a: Arcanine
|-singleturn|p1a: Arcanine|Protect
|move|p2b: Starbreaker|Tera Blast|p1a: Arcanine|[anim] Tera Blast Fighting
|-activate|p1a: Arcanine|move: Protect
|move|p2a: Scat Pack|Parting Shot|p2b: Starbreaker
|-unboost|p2b: Starbreaker|atk|1
|-unboost|p2b: Starbreaker|spa|1
|
|t:|1757910332
|switch|p2a: Turtle|Torkoal, L50, M|100/100|[from] Parting Shot
|-weather|SunnyDay|[from] ability: Drought|[of] p2a: Turtle
|move|p1b: Sneasler|Dire Claw|p2b: Starbreaker
|-damage|p2b: Starbreaker|58/100
|-status|p2b: Starbreaker|psn
|
|-weather|SunnyDay|[upkeep]
|-damage|p2b: Starbreaker|46/100 psn|[from] psn
|upkeep
|turn|3
|inactive|LegionVGC has 30 seconds left.
|
|t:|1757910359
|switch|p1b: Ninetales|Ninetales-Alola, L50, F|100/100
|-weather|Snowscape|[from] ability: Snow Warning|[of] p1b: Ninetales
|move|p2a: Turtle|Eruption|p1a: Arcanine|[spread] p1a,p1b
|-resisted|p1a: Arcanine
|-supereffective|p1b: Ninetales
|-damage|p1a: Arcanine|87/100
|-enditem|p1b: Ninetales|Focus Sash
|-damage|p1b: Ninetales|1/100
|move|p2b: Starbreaker|Tera Blast|p1a: Arcanine|[anim] Tera Blast Fighting
|-supereffective|p1a: Arcanine
|-damage|p1a: Arcanine|33/100
|move|p1a: Arcanine|Rock Slide|p2b: Starbreaker|[spread] p2a,p2b
|-supereffective|p2a: Turtle
|-resisted|p2b: Starbreaker
|-damage|p2a: Turtle|38/100
|-damage|p2b: Starbreaker|32/100 psn
|
|-weather|Snowscape|[upkeep]
|-damage|p2b: Starbreaker|19/100 psn|[from] psn
|upkeep
|turn|4
|inactive|LegionVGC has 30 seconds left.
|
|t:|1757910387
|move|p1a: Arcanine|Protect|p1a: Arcanine
|-singleturn|p1a: Arcanine|Protect
|move|p2a: Turtle|Overheat|p1b: Ninetales
|-supereffective|p1b: Ninetales
|-damage|p1b: Ninetales|0 fnt
|-unboost|p2a: Turtle|spa|2
|faint|p1b: Ninetales
|-enditem|p2a: Turtle|Eject Pack
|
|t:|1757910396
|switch|p2a: Scat Pack|Incineroar, L50, M|22/100
|-ability|p2a: Scat Pack|Intimidate|boost
|-fail|p1a: Arcanine|unboost|[from] item: Clear Amulet|[of] p1a: Arcanine
|move|p2b: Starbreaker|Recover|p2b: Starbreaker
|-heal|p2b: Starbreaker|69/100 psn
|
|-weather|Snowscape|[upkeep]
|-damage|p2b: Starbreaker|57/100 psn|[from] psn
|upkeep
|
|t:|1757910399
|switch|p1b: Dragonite|Dragonite, L50, M|100/100
|turn|5
|inactive|LegionVGC has 30 seconds left.
|inactive|LegionVGC has 20 seconds left.
|inactive|LegionVGC has 15 seconds left.
|
|t:|1757910439
|move|p2a: Scat Pack|Fake Out|p1a: Arcanine
|-resisted|p1a: Arcanine
|-damage|p1a: Arcanine|28/100
|cant|p1a: Arcanine|flinch
|move|p2b: Starbreaker|Recover|p2b: Starbreaker
|-heal|p2b: Starbreaker|100/100 psn
|move|p1b: Dragonite|Scale Shot|p2b: Starbreaker
|-crit|p2b: Starbreaker
|-damage|p2b: Starbreaker|86/100 psn
|-damage|p2b: Starbreaker|77/100 psn
|-damage|p2b: Starbreaker|67/100 psn
|-damage|p2b: Starbreaker|58/100 psn
|-damage|p2b: Starbreaker|48/100 psn
|-hitcount|p2b: Starbreaker|5
|-unboost|p1b: Dragonite|def|1
|-boost|p1b: Dragonite|spe|1
|
|-weather|Snowscape|[upkeep]
|-damage|p2b: Starbreaker|36/100 psn|[from] psn
|-fieldend|move: Trick Room
|upkeep
|turn|6
|
|t:|1757910463
|move|p1a: Arcanine|Extreme Speed|p2a: Scat Pack
|-damage|p2a: Scat Pack|0 fnt
|faint|p2a: Scat Pack
|move|p1b: Dragonite|Scale Shot|p2b: Starbreaker
|-damage|p2b: Starbreaker|27/100 psn
|-damage|p2b: Starbreaker|17/100 psn
|-damage|p2b: Starbreaker|7/100 psn
|-damage|p2b: Starbreaker|0 fnt
|faint|p2b: Starbreaker
|-hitcount|p2: Starbreaker|4
|-unboost|p1b: Dragonite|def|1
|-boost|p1b: Dragonite|spe|1
|
|-weather|Snowscape|[upkeep]
|upkeep
|
|t:|1757910476
|switch|p2a: Raven|Charizard, L50, M, shiny|100/100
|switch|p2b: Turtle|Torkoal, L50, M|38/100
|-weather|SunnyDay|[from] ability: Drought|[of] p2b: Turtle
|turn|7
|
|t:|1757910488
|move|p1b: Dragonite|Scale Shot|p2a: Raven
|-crit|p2a: Raven
|-damage|p2a: Raven|70/100
|-damage|p2a: Raven|50/100
|-damage|p2a: Raven|31/100
|-damage|p2a: Raven|8/100
|-damage|p2a: Raven|0 fnt
|faint|p2a: Raven
|-hitcount|p2: Raven|5
|-unboost|p1b: Dragonite|def|1
|-boost|p1b: Dragonite|spe|1
|move|p1a: Arcanine|Rock Slide|p2b: Turtle
|-supereffective|p2b: Turtle
|-damage|p2b: Turtle|0 fnt
|faint|p2b: Turtle
|
|win|John Plot
|inactive|John Plot has 30 seconds to confirm battle start!
|inactive|LegionVGC has 30 seconds to confirm battle start!
||John Plot is ready for game 2.
||LegionVGC is ready for game 2.
|uhtml|next|Next: Game 2 of 3
