|j|☆regitron 21
|j|☆lucasmalt
|html|regitron 21lucasmalt    
|uhtml|bestof|Game 1 of a best-of-3
|t:|1785113116
|gametype|doubles
|player|p1|regitron 21|n|1199
|player|p2|lucasmalt|169|1338
|gen|9
|tier|[Gen 9 Champions] VGC 2026 Reg M-B (Bo3)
|rated|
|rule|Species Clause: Limit one of each Pokémon
|rule|Item Clause: Limit 1 of each item
|clearpoke
|poke|p1|Raichu, L50, M|
|poke|p1|Charizard, L50, F|
|poke|p1|Incineroar, L50, F|
|poke|p1|Farigiraf, L50, F|
|poke|p1|Sylveon, L50, M|
|poke|p1|Kingambit, L50, M|
|poke|p2|Blaziken, L50, M, shiny|
|poke|p2|Incineroar, L50, M, shiny|
|poke|p2|Sinistcha, L50|
|poke|p2|Milotic, L50, F, shiny|
|poke|p2|Hydreigon, L50, F|
|poke|p2|Gardevoir, L50, F, shiny|
|teampreview|4
|showteam|p1|Raichu||RaichuniteY|LightningRod|ZapCannon,FocusBlast,FakeOut,Protect|Timid||M|||50|]Charizard||CharizarditeY|Blaze|HeatWave,WeatherBall,SolarBeam,Protect|Modest||F|||50|]Incineroar||SitrusBerry|Intimidate|FakeOut,FlareBlitz,DarkestLariat,PartingShot|Impish||F|||50|]Farigiraf||ColburBerry|ArmorTail|TwinBeam,Thunderbolt,HelpingHand,TrickRoom|Modest||F|||50|]Sylveon||FairyFeather|Pixilate|HyperVoice,Moonblast,Detect,CalmMind|Modest||M|||50|]Kingambit||LifeOrb|Defiant|SuckerPunch,KowtowCleave,Protect,SwordsDance|Adamant||M|||50|
|showteam|p2|Blaziken||Blazikenite|SpeedBoost|FlareBlitz,CloseCombat,RockSlide,Detect|Adamant||M|||50|]Incineroar||SitrusBerry|Intimidate|FakeOut,FlareBlitz,DarkestLariat,PartingShot|Careful||M|||50|]Sinistcha||KasibBerry|Hospitality|MatchaGotcha,RagePowder,TrickRoom,Protect|Bold|||||50|]Milotic||Leftovers|Competitive|MuddyWater,Coil,Hypnosis,Recover|Calm||F|||50|]Hydreigon||ChoiceScarf|Levitate|Snarl,DracoMeteor,DarkPulse,EarthPower|Modest||F|||50|]Gardevoir||Gardevoirite|Trace|HyperVoice,Psyshock,TrickRoom,Protect|Modest||F|||50|
|c|☆regitron 21|hey good luck
|c|☆regitron 21|nice team
|c|☆lucasmalt|Gl
|
|t:|1785113180
|teamsize|p1|4
|teamsize|p2|4
|start
|switch|p1a: Graham|Raichu, L50, M|100/100
|switch|p1b: Soey|Farigiraf, L50, F|100/100
|switch|p2a: Hydreigon|Hydreigon, L50, F|100/100
|switch|p2b: Milotic|Milotic, L50, F, shiny|100/100
|turn|1
|inactive|Battle timer is ON: inactive players will automatically lose when time's up. (requested by lucasmalt)
|
|t:|1785113200
|detailschange|p1a: Graham|Raichu-Mega-Y, L50, M
|-mega|p1a: Graham|Raichu|Raichunite Y
|move|p1a: Graham|Fake Out|p2a: Hydreigon
|-damage|p2a: Hydreigon|90/100
|cant|p2a: Hydreigon|flinch
|move|p2b: Milotic|Coil|p2b: Milotic
|-boost|p2b: Milotic|atk|1
|-boost|p2b: Milotic|def|1
|-boost|p2b: Milotic|accuracy|1
|move|p1b: Soey|Thunderbolt|p2b: Milotic
|-supereffective|p2b: Milotic|1
|-damage|p2b: Milotic|70/100
|
|-heal|p2b: Milotic|76/100|[from] item: Leftovers
|upkeep
|turn|2
|
|t:|1785113214
|move|p1b: Soey|Helping Hand|p1a: Graham
|-singleturn|p1a: Graham|Helping Hand|[of] p1b: Soey
|move|p2a: Hydreigon|Draco Meteor|p1a: Graham
|-damage|p1a: Graham|6/100
|-unboost|p2a: Hydreigon|spa|2
|move|p1a: Graham|Zap Cannon|p2b: Milotic
|-supereffective|p2b: Milotic|1
|-damage|p2b: Milotic|0 fnt
|faint|p2b: Milotic
|
|upkeep
|
|t:|1785113230
|switch|p2b: Sinistcha|Sinistcha, L50|100/100
|-heal|p2a: Hydreigon|100/100|[from] ability: Hospitality|[of] p2b: Sinistcha
|turn|3
|inactive|lucasmalt has 30 seconds left.
|
|t:|1785113259
|switch|p2a: Blaziken|Blaziken, L50, M, shiny|100/100
|switch|p1a: Ryan|Sylveon, L50, M|100/100
|move|p2b: Sinistcha|Rage Powder|p2b: Sinistcha
|-singleturn|p2b: Sinistcha|move: Rage Powder
|move|p1b: Soey|Trick Room|p1b: Soey
|-fieldstart|move: Trick Room|[of] p1b: Soey
|
|upkeep
|turn|4
|
|t:|1785113273
|detailschange|p2a: Blaziken|Blaziken-Mega, L50, M, shiny
|-mega|p2a: Blaziken|Blaziken|Blazikenite
|move|p2b: Sinistcha|Rage Powder|p2b: Sinistcha
|-singleturn|p2b: Sinistcha|move: Rage Powder
|move|p1b: Soey|Twin Beam|p2b: Sinistcha
|-damage|p2b: Sinistcha|84/100
|-damage|p2b: Sinistcha|66/100
|-hitcount|p2b: Sinistcha|2
|move|p1a: Ryan|Hyper Voice|p2a: Blaziken|[spread] p2a,p2b
|-damage|p2a: Blaziken|49/100
|-damage|p2b: Sinistcha|22/100
|move|p2a: Blaziken|Flare Blitz|p1a: Ryan
|-damage|p1a: Ryan|22/100
|-damage|p2a: Blaziken|19/100|[from] Recoil
|
|-ability|p2a: Blaziken|Speed Boost|boost
|-boost|p2a: Blaziken|spe|1
|upkeep
|turn|5
|
|t:|1785113285
|move|p2a: Blaziken|Detect|p2a: Blaziken
|-singleturn|p2a: Blaziken|Protect
|move|p1b: Soey|Twin Beam|p2a: Blaziken
|-activate|p2a: Blaziken|move: Protect
|move|p1a: Ryan|Hyper Voice|p2a: Blaziken|[spread] p2b
|-activate|p2a: Blaziken|move: Protect
|-damage|p2b: Sinistcha|0 fnt
|faint|p2b: Sinistcha
|
|-ability|p2a: Blaziken|Speed Boost|boost
|-boost|p2a: Blaziken|spe|1
|upkeep
|
|t:|1785113296
|switch|p2b: Hydreigon|Hydreigon, L50, F|100/100
|turn|6
|
|t:|1785113301
|move|p1b: Soey|Helping Hand|p1a: Ryan
|-singleturn|p1a: Ryan|Helping Hand|[of] p1b: Soey
|move|p2a: Blaziken|Detect|p2a: Blaziken
|-singleturn|p2a: Blaziken|Protect
|move|p1a: Ryan|Hyper Voice|p2a: Blaziken|[spread] p2b
|-activate|p2a: Blaziken|move: Protect
|-supereffective|p2b: Hydreigon|2
|-damage|p2b: Hydreigon|0 fnt
|faint|p2b: Hydreigon
|
|-ability|p2a: Blaziken|Speed Boost|boost
|-boost|p2a: Blaziken|spe|1
|upkeep
|turn|7
|
|t:|1785113309
|move|p1b: Soey|Helping Hand|p1a: Ryan
|-singleturn|p1a: Ryan|Helping Hand|[of] p1b: Soey
|move|p1a: Ryan|Hyper Voice|p2a: Blaziken
|-damage|p2a: Blaziken|0 fnt
|faint|p2a: Blaziken
|
|win|regitron 21
|c|☆regitron 21|gg
||regitron 21 is ready for game 2.
|inactive|lucasmalt has 30 seconds to confirm battle start!
