|j|☆gjjkjhjgg
|j|☆homerj71
|html|gjjkjhjgghomerj71    
|uhtml|bestof|Game 1 of a best-of-3
|t:|1783862724
|gametype|doubles
|player|p1|gjjkjhjgg|265|1143
|player|p2|homerj71|266|1234
|gen|9
|tier|[Gen 9 Champions] VGC 2026 Reg M-B (Bo3)
|rated|
|rule|Species Clause: Limit one of each Pokémon
|rule|Item Clause: Limit 1 of each item
|clearpoke
|poke|p1|Staraptor, L50, F|
|poke|p1|Incineroar, L50, F|
|poke|p1|Whimsicott, L50, F|
|poke|p1|Basculegion, L50, M|
|poke|p1|Ninetales-Alola, L50, F|
|poke|p1|Farigiraf, L50, F|
|poke|p2|Sneasler, L50, M|
|poke|p2|Sinistcha, L50|
|poke|p2|Incineroar, L50, F|
|poke|p2|Kingambit, L50, M|
|poke|p2|Delphox, L50, M|
|poke|p2|Floette-Eternal, L50, F|
|teampreview|4
|showteam|p1|Staraptor||Staraptite|Intimidate|Protect,BraveBird,CloseCombat,Roost|Jolly||F|||50|]Incineroar||SitrusBerry|Intimidate|FlareBlitz,DarkestLariat,FakeOut,PartingShot|Careful||F|||50|]Whimsicott||FocusSash|Prankster|Moonblast,Charm,Tailwind,Encore|Timid||F|||50|]Basculegion||ChoiceScarf|Adaptability|HeadSmash,LastRespects,WaveCrash,FlipTurn|Jolly||M|||50|]Ninetales-Alola||LightClay|SnowWarning|Protect,AuroraVeil,Disable,FreezeDry|Timid||F|||50|]Farigiraf||Leftovers|ArmorTail|HelpingHand,TwinBeam,Roar,Thunderbolt|Calm||F|||50|
|showteam|p2|Sneasler||FocusSash|PoisonTouch|QuickGuard,FakeOut,DireClaw,CloseCombat|Jolly||M|||50|]Sinistcha||OccaBerry|Hospitality|Protect,RagePowder,MatchaGotcha,TrickRoom|Relaxed|||||50|]Incineroar||SitrusBerry|Intimidate|FakeOut,FlareBlitz,ThroatChop,PartingShot|Careful||F|||50|]Kingambit||BlackGlasses|Defiant|KowtowCleave,SwordsDance,SuckerPunch,Protect|Adamant||M|||50|]Delphox||Delphoxite|Blaze|Protect,NastyPlot,HeatWave,Psyshock|Timid||M|||50|]Floette-Eternal||Floettite|FlowerVeil|Moonblast,CalmMind,Protect,DazzlingGleam|Bold||F|||50|
|inactive|Battle timer is ON: inactive players will automatically lose when time's up. (requested by homerj71)
|inactive|gjjkjhjgg has 60 seconds left.
|
|t:|1783862781
|teamsize|p1|4
|teamsize|p2|4
|start
|switch|p1a: Whimsicott|Whimsicott, L50, F|100/100
|switch|p1b: Staraptor|Staraptor, L50, F|100/100
|switch|p2a: Floette|Floette-Eternal, L50, F|100/100
|switch|p2b: Incineroar|Incineroar, L50, F|100/100
|-ability|p1b: Staraptor|Intimidate|boost
|-unboost|p2a: Floette|atk|1
|-unboost|p2b: Incineroar|atk|1
|-ability|p2b: Incineroar|Intimidate|boost
|-unboost|p1a: Whimsicott|atk|1
|-unboost|p1b: Staraptor|atk|1
|turn|1
|inactive|homerj71 has 30 seconds left.
|inactive|gjjkjhjgg has 30 seconds left.
|
|t:|1783862816
|switch|p1b: Farigiraf|Farigiraf, L50, F|100/100
|detailschange|p2a: Floette|Floette-Mega, L50, F
|-mega|p2a: Floette|Floette|Floettite
|-ability|p2a: Floette|Fairy Aura
|move|p2b: Incineroar|Fake Out||[still]
|cant|p1b: Farigiraf|ability: Armor Tail|Fake Out|[of] p2b: Incineroar
|move|p1a: Whimsicott|Moonblast|p2a: Floette
|-damage|p2a: Floette|62/100
|move|p2a: Floette|Dazzling Gleam|p1a: Whimsicott|[spread] p1a,p1b
|-damage|p1a: Whimsicott|32/100
|-damage|p1b: Farigiraf|67/100
|
|-heal|p1b: Farigiraf|74/100|[from] item: Leftovers
|upkeep
|turn|2
|inactive|gjjkjhjgg has 30 seconds left.
|
|t:|1783862843
|move|p1a: Whimsicott|Tailwind|p1a: Whimsicott
|-sidestart|p1: gjjkjhjgg|move: Tailwind
|move|p2a: Floette|Dazzling Gleam|p1a: Whimsicott|[spread] p1a,p1b
|-damage|p1a: Whimsicott|0 fnt
|-damage|p1b: Farigiraf|39/100
|faint|p1a: Whimsicott
|move|p2b: Incineroar|Throat Chop|p1b: Farigiraf
|-supereffective|p1b: Farigiraf|1
|-damage|p1b: Farigiraf|0 fnt
|faint|p1b: Farigiraf
|
|upkeep
|
|t:|1783862852
|switch|p1a: Staraptor|Staraptor, L50, F|100/100
|switch|p1b: Basculegion|Basculegion, L50, M|100/100
|-ability|p1a: Staraptor|Intimidate|boost
|-unboost|p2a: Floette|atk|1
|-unboost|p2b: Incineroar|atk|1
|turn|3
|
|t:|1783862859
|switch|p2b: Sinistcha|Sinistcha, L50|100/100
|-heal|p2a: Floette|86/100|[from] ability: Hospitality|[of] p2b: Sinistcha
|detailschange|p1a: Staraptor|Staraptor-Mega, L50, F
|-mega|p1a: Staraptor|Staraptor|Staraptite
|move|p2a: Floette|Protect|p2a: Floette
|-singleturn|p2a: Floette|Protect
|move|p1b: Basculegion|Last Respects|p2a: Floette
|-activate|p2a: Floette|move: Protect
|move|p1a: Staraptor|Close Combat|p2b: Sinistcha
|-immune|p2b: Sinistcha
|
|upkeep
|turn|4
|
|t:|1783862877
|move|p2b: Sinistcha|Rage Powder|p2b: Sinistcha
|-singleturn|p2b: Sinistcha|move: Rage Powder
|move|p1b: Basculegion|Last Respects|p2b: Sinistcha
|-supereffective|p2b: Sinistcha|1
|-damage|p2b: Sinistcha|0 fnt
|faint|p2b: Sinistcha
|move|p1a: Staraptor|Brave Bird|p2a: Floette
|-damage|p2a: Floette|41/100
|-damage|p1a: Staraptor|83/100|[from] Recoil
|move|p2a: Floette|Moonblast|p1a: Staraptor
|-supereffective|p1a: Staraptor|1
|-damage|p1a: Staraptor|0 fnt
|faint|p1a: Staraptor
|
|upkeep
|
|t:|1783862887
|switch|p2b: Kingambit|Kingambit, L50, M|100/100
|turn|5
|
|t:|1783862891
|move|p2b: Kingambit|Sucker Punch|p1b: Basculegion
|-supereffective|p1b: Basculegion|1
|-damage|p1b: Basculegion|0 fnt
|faint|p1b: Basculegion
|
|win|homerj71
