|j|☆Kalycgos
|j|☆wat2199
|html|Kalycgoswat2199    
|uhtml|bestof|Game 1 of a best-of-3
|t:|1785119230
|gametype|doubles
|player|p1|Kalycgos|shadowtriad|1132
|player|p2|wat2199|iris|1193
|gen|9
|tier|[Gen 9 Champions] VGC 2026 Reg M-B (Bo3)
|rated|
|rule|Species Clause: Limit one of each Pokémon
|rule|Item Clause: Limit 1 of each item
|clearpoke
|poke|p1|Garchomp, L50, M, shiny|
|poke|p1|Charizard, L50, F, shiny|
|poke|p1|Whimsicott, L50, M|
|poke|p1|Floette-Eternal, L50, F|
|poke|p1|Kingambit, L50, F|
|poke|p1|Basculegion, L50, M|
|poke|p2|Floette-Eternal, L50, F|
|poke|p2|Metagross, L50, shiny|
|poke|p2|Incineroar, L50, M|
|poke|p2|Sinistcha, L50|
|poke|p2|Whimsicott, L50, M|
|poke|p2|Garchomp, L50, M|
|teampreview|4
|showteam|p1|Garchomp||LifeOrb|RoughSkin|DragonClaw,Earthquake,RockSlide,Protect|Jolly||M|||50|]Charizard||CharizarditeY|Blaze|HeatWave,SolarBeam,AncientPower,Protect|Timid||F|||50|]Whimsicott||FocusSash|Prankster|Moonblast,Tailwind,Encore,Protect|Jolly||M|||50|]Floette-Eternal||Floettite|FlowerVeil|LightofRuin,Moonblast,DazzlingGleam,Protect|Timid||F|||50|]Kingambit||BlackGlasses|Defiant|KowtowCleave,SuckerPunch,LowKick,Protect|Adamant||F|||50|]Basculegion||MysticWater|Adaptability|LastRespects,WaveCrash,AquaJet,Protect|Jolly||M|||50|
|showteam|p2|Floette-Eternal||Floettite|FlowerVeil|DazzlingGleam,DrainingKiss,CalmMind,Protect|Modest||F|||50|]Metagross||Metagrossite|ClearBody|PsychicFangs,StompingTantrum,BulletPunch,Protect|Adamant|||||50|]Incineroar||SitrusBerry|Intimidate|FlareBlitz,FakeOut,PartingShot,Protect|Sassy||M|||50|]Sinistcha||OccaBerry|Hospitality|MatchaGotcha,ShadowBall,RagePowder,TrickRoom|Quiet|||||50|]Whimsicott||FocusSash|Prankster|Moonblast,Tailwind,Encore,Protect|Timid||M|||50|]Garchomp||LifeOrb|RoughSkin|Earthquake,DragonClaw,RockSlide,Protect|Jolly||M|||50|
|inactive|Battle timer is ON: inactive players will automatically lose when time's up. (requested by wat2199)
|inactive|Kalycgos also wants the timer to be on.
|inactive|wat2199 has 60 seconds left.
|c|☆wat2199|glhf
|
|t:|1785119271
|teamsize|p1|4
|teamsize|p2|4
|start
|switch|p1a: Bard|Whimsicott, L50, M|100/100
|switch|p1b: Samurai|Kingambit, L50, F|100/100
|switch|p2a: Floette|Floette-Eternal, L50, F|100/100
|switch|p2b: Sinistcha|Sinistcha, L50|100/100
|turn|1
|c|☆Kalycgos|g;hf
|c|☆Kalycgos|glhf
|
|t:|1785119295
|detailschange|p2a: Floette|Floette-Mega, L50, F
|-mega|p2a: Floette|Floette|Floettite
|-ability|p2a: Floette|Fairy Aura
|move|p2b: Sinistcha|Rage Powder|p2b: Sinistcha
|-singleturn|p2b: Sinistcha|move: Rage Powder
|move|p1a: Bard|Tailwind|p1a: Bard
|-sidestart|p1: Kalycgos|move: Tailwind
|move|p1b: Samurai|Kowtow Cleave|p2b: Sinistcha
|-supereffective|p2b: Sinistcha|1
|-damage|p2b: Sinistcha|0 fnt
|faint|p2b: Sinistcha
|move|p2a: Floette|Dazzling Gleam|p1a: Bard|[spread] p1a,p1b
|-damage|p1a: Bard|38/100
|-damage|p1b: Samurai|55/100
|
|upkeep
|
|t:|1785119310
|switch|p2b: Incineroar|Incineroar, L50, M|100/100
|-ability|p2b: Incineroar|Intimidate|boost
|-unboost|p1a: Bard|atk|1
|-unboost|p1b: Samurai|atk|1
|-ability|p1b: Samurai|Defiant|boost
|-boost|p1b: Samurai|atk|2
|turn|2
|
|t:|1785119331
|move|p2b: Incineroar|Fake Out|p1b: Samurai
|-resisted|p1b: Samurai|1
|-damage|p1b: Samurai|51/100
|move|p1a: Bard|Moonblast|p2a: Floette
|-crit|p2a: Floette
|-damage|p2a: Floette|67/100
|-unboost|p2a: Floette|spa|1
|cant|p1b: Samurai|flinch
|move|p2a: Floette|Dazzling Gleam|p1a: Bard|[spread] p1a,p1b
|-damage|p1a: Bard|0 fnt
|-damage|p1b: Samurai|20/100y
|faint|p1a: Bard
|
|upkeep
|
|t:|1785119335
|switch|p1a: Dragoon|Garchomp, L50, M, shiny|100/100
|turn|3
|
|t:|1785119351
|switch|p2a: Garchomp|Garchomp, L50, M|100/100
|move|p1a: Dragoon|Protect|p1a: Dragoon
|-singleturn|p1a: Dragoon|Protect
|move|p2b: Incineroar|Protect|p2b: Incineroar
|-singleturn|p2b: Incineroar|Protect
|move|p1b: Samurai|Low Kick|p2b: Incineroar
|-activate|p2b: Incineroar|move: Protect
|
|upkeep
|turn|4
|
|t:|1785119367
|move|p2a: Garchomp|Protect|p2a: Garchomp
|-singleturn|p2a: Garchomp|Protect
|move|p1a: Dragoon|Dragon Claw|p2a: Garchomp
|-activate|p2a: Garchomp|move: Protect
|move|p1b: Samurai|Low Kick|p2b: Incineroar
|-supereffective|p2b: Incineroar|1
|-damage|p2b: Incineroar|22/100
|-enditem|p2b: Incineroar|Sitrus Berry|[eat]
|-heal|p2b: Incineroar|47/100|[from] item: Sitrus Berry
|move|p2b: Incineroar|Flare Blitz|p1b: Samurai
|-supereffective|p1b: Samurai|1
|-damage|p1b: Samurai|0 fnt
|faint|p1b: Samurai
|-damage|p2b: Incineroar|39/100|[from] Recoil
|
|-sideend|p1: Kalycgos|move: Tailwind
|upkeep
|
|t:|1785119369
|switch|p1b: Black Mage|Charizard, L50, F, shiny|100/100
|turn|5
|inactive|wat2199 has 30 seconds left.
|inactive|wat2199 has 20 seconds left.
|
|t:|1785119407
|detailschange|p1b: Black Mage|Charizard-Mega-Y, L50, F, shiny
|-mega|p1b: Black Mage|Charizard|Charizardite Y
|-weather|SunnyDay|[from] ability: Drought|[of] p1b: Black Mage
|move|p1a: Dragoon|Dragon Claw|p2a: Garchomp
|-supereffective|p2a: Garchomp|1
|-damage|p2a: Garchomp|0 fnt
|-damage|p1a: Dragoon|87/100|[from] ability: Rough Skin|[of] p2a: Garchomp
|faint|p2a: Garchomp
|-damage|p1a: Dragoon|77/100|[from] item: Life Orb
|move|p1b: Black Mage|Ancient Power|p2b: Incineroar
|-supereffective|p2b: Incineroar|1
|-damage|p2b: Incineroar|1/100
|move|p2b: Incineroar|Parting Shot|p1a: Dragoon
|-unboost|p1a: Dragoon|atk|1
|-unboost|p1a: Dragoon|spa|1
|
|t:|1785119421
|switch|p2b: Floette|Floette-Mega, L50, F|67/100|[from] Parting Shot
|-ability|p2b: Floette|Fairy Aura
|
|-weather|SunnyDay|[upkeep]
|upkeep
|
|t:|1785119426
|switch|p2a: Incineroar|Incineroar, L50, M|1/100
|-ability|p2a: Incineroar|Intimidate|boost
|-unboost|p1a: Dragoon|atk|1
|-unboost|p1b: Black Mage|atk|1
|turn|6
|
|t:|1785119436
|move|p1a: Dragoon|Protect|p1a: Dragoon
|-singleturn|p1a: Dragoon|Protect
|move|p1b: Black Mage|Protect|p1b: Black Mage
|-singleturn|p1b: Black Mage|Protect
|move|p2a: Incineroar|Fake Out|p1b: Black Mage
|-activate|p1b: Black Mage|move: Protect
|move|p2b: Floette|Calm Mind|p2b: Floette
|-boost|p2b: Floette|spa|1
|-boost|p2b: Floette|spd|1
|
|-weather|SunnyDay|[upkeep]
|upkeep
|turn|7
|
|t:|1785119451
|move|p1a: Dragoon|Earthquake|p2a: Incineroar|[spread] p2a,p2b
|-immune|p1b: Black Mage
|-supereffective|p2a: Incineroar|1
|-damage|p2a: Incineroar|0 fnt
|-damage|p2b: Floette|35/100
|faint|p2a: Incineroar
|-damage|p1a: Dragoon|68/100|[from] item: Life Orb
|move|p1b: Black Mage|Heat Wave|p2b: Floette
|-damage|p2b: Floette|0 fnt
|faint|p2b: Floette
|
|win|Kalycgos
