|j|☆NegaiFreak
|j|☆ray294
|html|NegaiFreakray294    
|uhtml|bestof|Game 1 of a best-of-3
|t:|1756297705
|gametype|doubles
|player|p1|NegaiFreak|265|1115
|player|p2|ray294|hiker-gen4|1000
|gen|9
|tier|[Gen 9] VGC 2025 Reg H (Bo3)
|rated|
|rule|Species Clause: Limit one of each Pokémon
|rule|Item Clause: Limit 1 of each item
|clearpoke
|poke|p1|Ceruledge, L50, F|
|poke|p1|Sneasler, L50, F|
|poke|p1|Rillaboom, L50, M|
|poke|p1|Salamence, L50, M|
|poke|p1|Milotic, L50, F|
|poke|p1|Ninetales-Alola, L50, M|
|poke|p2|Dragapult, L50, M|
|poke|p2|Ursaluna-Bloodmoon, L50, M|
|poke|p2|Incineroar, L50, F|
|poke|p2|Tyranitar, L50, M|
|poke|p2|Excadrill, L50, M|
|poke|p2|Amoonguss, L50, F|
|teampreview|4
|showteam|p1|Ceruledge||ClearAmulet|FlashFire|BitterBlade,ShadowSneak,BulkUp,Protect|||F|||50|,,,,,Grass]Sneasler||GrassySeed|Unburden|DireClaw,CloseCombat,Coaching,Protect|||F|||50|,,,,,Stellar]Rillaboom||AssaultVest|GrassySurge|FakeOut,GrassyGlide,WoodHammer,HighHorsepower|||M|||50|,,,,,Fire]Salamence||LifeOrb|Intimidate|AirSlash,DracoMeteor,Tailwind,Protect|||M|||50|,,,,,Steel]Milotic||Leftovers|Competitive|Scald,IceBeam,Haze,Protect|||F|||50|,,,,,Dragon]Ninetales-Alola||FocusSash|SnowWarning|FreezeDry,Moonblast,AuroraVeil,Protect|||M|||50|,,,,,Ice
|showteam|p2|Dragapult||FocusSash|ClearBody|ThunderWave,DragonDarts,PhantomForce,HelpingHand|||M|||50|,,,,,Steel]Ursaluna-Bloodmoon||AssaultVest|MindsEye|BloodMoon,EarthPower,HyperVoice,Moonblast|||M|||50|,,,,,Fairy]Incineroar||SafetyGoggles|Intimidate|FakeOut,PartingShot,KnockOff,FlareBlitz|||F|||50|,,,,,Grass]Tyranitar||EjectButton|SandStream|KnockOff,RockSlide,Protect,DragonDance|||M|||50|,,,,,Ghost]Excadrill||ClearAmulet|SandRush|HighHorsepower,Earthquake,IronHead,Protect|||M|||50|,,,,,Ghost]Amoonguss||RockyHelmet|Regenerator|Spore,RagePowder,PollenPuff,Protect|||F|||50|,,,,,Grass
|c|☆NegaiFreak|GLHF
|
|t:|1756297753
|teamsize|p1|4
|teamsize|p2|4
|start
|switch|p1a: Milotic|Milotic, L50, F|100/100
|switch|p1b: Ninetales|Ninetales-Alola, L50, M|100/100
|switch|p2a: Excadrill|Excadrill, L50, M|100/100
|switch|p2b: Tyranitar|Tyranitar, L50, M|100/100
|-weather|Snowscape|[from] ability: Snow Warning|[of] p1b: Ninetales
|-weather|Sandstorm|[from] ability: Sand Stream|[of] p2b: Tyranitar
|turn|1
|
|t:|1756297795
|switch|p1b: Rillaboom|Rillaboom, L50, M|100/100
|-fieldstart|move: Grassy Terrain|[from] ability: Grassy Surge|[of] p1b: Rillaboom
|move|p2a: Excadrill|Iron Head|p1a: Milotic
|-resisted|p1a: Milotic
|-damage|p1a: Milotic|81/100
|move|p1a: Milotic|Scald|p2a: Excadrill
|-supereffective|p2a: Excadrill
|-damage|p2a: Excadrill|31/100
|-status|p2a: Excadrill|brn
|move|p2b: Tyranitar|Rock Slide|p1a: Milotic|[spread] p1a,p1b
|-damage|p1a: Milotic|55/100
|-damage|p1b: Rillaboom|70/100
|
|-weather|Sandstorm|[upkeep]
|-damage|p1b: Rillaboom|64/100|[from] Sandstorm
|-damage|p1a: Milotic|49/100|[from] Sandstorm
|-heal|p2a: Excadrill|37/100 brn|[from] Grassy Terrain
|-heal|p1b: Rillaboom|70/100|[from] Grassy Terrain
|-heal|p1a: Milotic|55/100|[from] Grassy Terrain
|-heal|p1a: Milotic|61/100|[from] item: Leftovers
|-damage|p2a: Excadrill|31/100 brn|[from] brn
|upkeep
|turn|2
|
|t:|1756297835
|switch|p2b: Incineroar|Incineroar, L50, F|100/100
|-ability|p2b: Incineroar|Intimidate|boost
|-unboost|p1a: Milotic|atk|1
|-ability|p1a: Milotic|Competitive|boost
|-boost|p1a: Milotic|spa|2
|-unboost|p1b: Rillaboom|atk|1
|move|p1a: Milotic|Protect|p1a: Milotic
|-singleturn|p1a: Milotic|Protect
|move|p2a: Excadrill|High Horsepower|p1a: Milotic
|-activate|p1a: Milotic|move: Protect
|move|p1b: Rillaboom|Wood Hammer|p2b: Incineroar
|-resisted|p2b: Incineroar
|-damage|p2b: Incineroar|78/100
|-damage|p1b: Rillaboom|62/100|[from] Recoil
|
|-weather|Sandstorm|[upkeep]
|-damage|p1b: Rillaboom|55/100|[from] Sandstorm
|-damage|p1a: Milotic|55/100|[from] Sandstorm
|-heal|p2a: Excadrill|37/100 brn|[from] Grassy Terrain
|-heal|p1b: Rillaboom|62/100|[from] Grassy Terrain
|-heal|p1a: Milotic|61/100|[from] Grassy Terrain
|-heal|p1a: Milotic|68/100|[from] item: Leftovers
|-heal|p2b: Incineroar|84/100|[from] Grassy Terrain
|-damage|p2a: Excadrill|31/100 brn|[from] brn
|upkeep
|turn|3
|
|t:|1756297867
|switch|p1b: Ninetales|Ninetales-Alola, L50, M|100/100
|-weather|Snowscape|[from] ability: Snow Warning|[of] p1b: Ninetales
|move|p2b: Incineroar|Fake Out|p1a: Milotic
|-damage|p1a: Milotic|57/100
|cant|p1a: Milotic|flinch
|move|p2a: Excadrill|High Horsepower|p1a: Milotic
|-damage|p1a: Milotic|33/100
|
|-weather|Snowscape|[upkeep]
|-heal|p1a: Milotic|40/100|[from] Grassy Terrain
|-heal|p1a: Milotic|46/100|[from] item: Leftovers
|-heal|p2a: Excadrill|37/100 brn|[from] Grassy Terrain
|-heal|p2b: Incineroar|90/100|[from] Grassy Terrain
|-damage|p2a: Excadrill|31/100 brn|[from] brn
|upkeep
|turn|4
|
|t:|1756297900
|switch|p2b: Tyranitar|Tyranitar, L50, M|100/100
|-weather|Sandstorm|[from] ability: Sand Stream|[of] p2b: Tyranitar
|move|p2a: Excadrill|Iron Head|p1b: Ninetales
|-supereffective|p1b: Ninetales
|-enditem|p1b: Ninetales|Focus Sash
|-damage|p1b: Ninetales|1/100
|move|p1b: Ninetales|Freeze-Dry|p2a: Excadrill
|-crit|p2a: Excadrill
|-damage|p2a: Excadrill|0 fnt
|faint|p2a: Excadrill
|move|p1a: Milotic|Scald|p2b: Tyranitar
|-supereffective|p2b: Tyranitar
|-damage|p2b: Tyranitar|28/100
|-enditem|p2b: Tyranitar|Eject Button
|
|t:|1756297917
|switch|p2b: Dragapult|Dragapult, L50, M|100/100
|
|-weather|Sandstorm|[upkeep]
|-damage|p2b: Dragapult|94/100|[from] Sandstorm
|-damage|p1b: Ninetales|0 fnt|[from] Sandstorm
|-damage|p1a: Milotic|40/100|[from] Sandstorm
|faint|p1b: Ninetales
|-heal|p2b: Dragapult|100/100|[from] Grassy Terrain
|-heal|p1a: Milotic|46/100|[from] Grassy Terrain
|-heal|p1a: Milotic|52/100|[from] item: Leftovers
|upkeep
|
|t:|1756297929
|switch|p1b: Sneasler|Sneasler, L50, F|100/100
|switch|p2a: Tyranitar|Tyranitar, L50, M|28/100
|-enditem|p1b: Sneasler|Grassy Seed
|-boost|p1b: Sneasler|def|1|[from] item: Grassy Seed
|turn|5
|
|t:|1756297974
|move|p1b: Sneasler|Dire Claw|p2b: Dragapult
|-resisted|p2b: Dragapult
|-damage|p2b: Dragapult|67/100
|-status|p2b: Dragapult|par
|move|p1a: Milotic|Ice Beam|p2b: Dragapult
|-supereffective|p2b: Dragapult
|-damage|p2b: Dragapult|0 fnt
|faint|p2b: Dragapult
|move|p2a: Tyranitar|Knock Off|p1a: Milotic
|-damage|p1a: Milotic|7/100
|-enditem|p1a: Milotic|Leftovers|[from] move: Knock Off|[of] p2a: Tyranitar
|
|-weather|Sandstorm|[upkeep]
|-damage|p1b: Sneasler|95/100|[from] Sandstorm
|-damage|p1a: Milotic|1/100|[from] Sandstorm
|-heal|p1b: Sneasler|100/100|[from] Grassy Terrain
|-heal|p1a: Milotic|7/100|[from] Grassy Terrain
|-heal|p2a: Tyranitar|34/100|[from] Grassy Terrain
|-fieldend|move: Grassy Terrain
|upkeep
|
|t:|1756297991
|switch|p2b: Incineroar|Incineroar, L50, F|90/100
|-ability|p2b: Incineroar|Intimidate|boost
|-unboost|p1a: Milotic|atk|1
|-ability|p1a: Milotic|Competitive|boost
|-boost|p1a: Milotic|spa|2
|-unboost|p1b: Sneasler|atk|1
|turn|6
|
|t:|1756298016
|-terastallize|p1b: Sneasler|Stellar
|move|p1a: Milotic|Protect|p1a: Milotic
|-singleturn|p1a: Milotic|Protect
|move|p2b: Incineroar|Fake Out|p1a: Milotic
|-activate|p1a: Milotic|move: Protect
|move|p1b: Sneasler|Close Combat|p2b: Incineroar
|-supereffective|p2b: Incineroar
|-damage|p2b: Incineroar|0 fnt
|-unboost|p1b: Sneasler|def|1
|-unboost|p1b: Sneasler|spd|1
|faint|p2b: Incineroar
|move|p2a: Tyranitar|Dragon Dance|p2a: Tyranitar
|-boost|p2a: Tyranitar|atk|1
|-boost|p2a: Tyranitar|spe|1
|
|-weather|Sandstorm|[upkeep]
|-damage|p1b: Sneasler|95/100|[from] Sandstorm
|-damage|p1a: Milotic|1/100|[from] Sandstorm
|upkeep
|turn|7
|
|t:|1756298036
|move|p1b: Sneasler|Dire Claw|p2a: Tyranitar
|-resisted|p2a: Tyranitar
|-damage|p2a: Tyranitar|20/100
|move|p2a: Tyranitar|Rock Slide|p1b: Sneasler|[spread] p1a,p1b
|-resisted|p1b: Sneasler
|-damage|p1a: Milotic|0 fnt
|-damage|p1b: Sneasler|60/100
|faint|p1a: Milotic
|
|-weather|Sandstorm|[upkeep]
|-damage|p1b: Sneasler|55/100|[from] Sandstorm
|upkeep
|
|t:|1756298047
|switch|p1a: Rillaboom|Rillaboom, L50, M|62/100
|-fieldstart|move: Grassy Terrain|[from] ability: Grassy Surge|[of] p1a: Rillaboom
|turn|8
|-message|ray294 forfeited.
|
|win|NegaiFreak
|l|☆ray294
|player|p2|
||ray294 is ready for game 2.
|c|☆NegaiFreak|GG
|inactive|NegaiFreak has 30 seconds to confirm battle start!
