|j|☆ryoshino19
|j|☆chikn dinnr
|html|ryoshino19chikn dinnr    
|uhtml|bestof|Game 2 of a best-of-3
|t:|1756333938
|gametype|doubles
|player|p1|ryoshino19|2|1165
|player|p2|chikn dinnr|youngster-gen4dp|1204
|gen|9
|tier|[Gen 9] VGC 2025 Reg H (Bo3)
|rated|
|rule|Species Clause: Limit one of each Pokémon
|rule|Item Clause: Limit 1 of each item
|clearpoke
|poke|p1|Gholdengo, L50|
|poke|p1|Rillaboom, L50, F|
|poke|p1|Incineroar, L50, F|
|poke|p1|Porygon2, L50|
|poke|p1|Garchomp, L50, F|
|poke|p1|Clefable, L50, M|
|poke|p2|Kingambit, L50, M|
|poke|p2|Ninetales-Alola, L50, M|
|poke|p2|Rillaboom, L50, F|
|poke|p2|Volcarona, L50, F|
|poke|p2|Tauros-Paldea-Aqua, L50, M|
|poke|p2|Electabuzz, L50, F|
|teampreview|4
|showteam|p1|Gholdengo||Leftovers|GoodasGold|MakeItRain,ShadowBall,NastyPlot,Protect||||||50|,,,,,Water]Rillaboom||AssaultVest|GrassySurge|WoodHammer,GrassyGlide,Uturn,FakeOut|||F|||50|,,,,,Fire]Incineroar||SafetyGoggles|Intimidate|FlareBlitz,KnockOff,PartingShot,FakeOut|||F|||50|,,,,,Ghost]Porygon2||Eviolite|Download|TeraBlast,IceBeam,Recover,TrickRoom||||||50|,,,,,Fighting]Garchomp||LifeOrb|RoughSkin|StompingTantrum,DragonClaw,RockSlide,Protect|||F|||50|,,,,,Fairy]Clefable||RockyHelmet|Unaware|Moonblast,FollowMe,Encore,Protect|||M|||50|,,,,,Fairy
|showteam|p2|Kingambit||BlackGlasses|Defiant|SuckerPunch,KowtowCleave,SwordsDance,Protect|||M|||50|,,,,,Ghost]Ninetales-Alola||FocusSash|SnowWarning|Moonblast,FreezeDry,Encore,Protect|||M|||50|,,,,,Ghost]Rillaboom||AssaultVest|GrassySurge|FakeOut,GrassyGlide,WoodHammer,HighHorsepower|||F|||50|,,,,,Fire]Volcarona||CovertCloak|FlameBody|QuiverDance,HeatWave,GigaDrain,Protect|||F|||50|,,,,,Grass]Tauros-Paldea-Aqua||GrassySeed|Intimidate|WaveCrash,BodyPress,Protect,AquaJet|||M|||50|,,,,,Fire]Electabuzz||Eviolite|VitalSpirit|FollowMe,Electroweb,HelpingHand,Protect|||F|||50|,,,,,Ghost
|inactive|Battle timer is ON: inactive players will automatically lose when time's up. (requested by ryoshino19)
|
|t:|1756333967
|teamsize|p1|4
|teamsize|p2|4
|start
|switch|p1a: Porygon2|Porygon2, L50|100/100
|switch|p1b: Garchomp|Garchomp, L50, F|100/100
|switch|p2a: Volcarona|Volcarona, L50, F|100/100
|switch|p2b: Electabuzz|Electabuzz, L50, F|100/100
|-ability|p1a: Porygon2|Download|boost
|-boost|p1a: Porygon2|atk|1
|turn|1
|
|t:|1756333981
|switch|p2b: Rillaboom|Rillaboom, L50, F|100/100
|-fieldstart|move: Grassy Terrain|[from] ability: Grassy Surge|[of] p2b: Rillaboom
|move|p1b: Garchomp|Rock Slide|p2b: Rillaboom|[spread] p2a,p2b
|-supereffective|p2a: Volcarona
|-damage|p2a: Volcarona|0 fnt
|-damage|p2b: Rillaboom|75/100
|faint|p2a: Volcarona
|-damage|p1b: Garchomp|91/100|[from] item: Life Orb
|move|p1a: Porygon2|Trick Room|p1a: Porygon2
|-fieldstart|move: Trick Room|[of] p1a: Porygon2
|
|-heal|p2b: Rillaboom|81/100|[from] Grassy Terrain
|-heal|p1b: Garchomp|97/100|[from] Grassy Terrain
|upkeep
|
|t:|1756333994
|switch|p2a: Tauros|Tauros-Paldea-Aqua, L50, M|100/100
|-ability|p2a: Tauros|Intimidate|boost
|-unboost|p1a: Porygon2|atk|1
|-unboost|p1b: Garchomp|atk|1
|-enditem|p2a: Tauros|Grassy Seed
|-boost|p2a: Tauros|def|1|[from] item: Grassy Seed
|turn|2
|
|t:|1756334003
|switch|p1b: Incineroar|Incineroar, L50, F, shiny|100/100
|-ability|p1b: Incineroar|Intimidate|boost
|-unboost|p2a: Tauros|atk|1
|-unboost|p2b: Rillaboom|atk|1
|-terastallize|p1a: Porygon2|Fighting
|move|p2b: Rillaboom|Fake Out|p1a: Porygon2
|-damage|p1a: Porygon2|95/100
|cant|p1a: Porygon2|flinch
|move|p2a: Tauros|Body Press|p1b: Incineroar
|-supereffective|p1b: Incineroar
|-damage|p1b: Incineroar|5/100
|
|-heal|p1a: Porygon2|100/100|[from] Grassy Terrain
|-heal|p1b: Incineroar|11/100|[from] Grassy Terrain
|-heal|p2b: Rillaboom|87/100|[from] Grassy Terrain
|upkeep
|turn|3
|
|t:|1756334023
|switch|p2b: Electabuzz|Electabuzz, L50, F|100/100
|move|p1a: Porygon2|Ice Beam|p2b: Electabuzz
|-damage|p2b: Electabuzz|80/100
|move|p1b: Incineroar|Parting Shot|p2b: Electabuzz
|-unboost|p2b: Electabuzz|atk|1
|-unboost|p2b: Electabuzz|spa|1
|
|t:|1756334027
|switch|p1b: Gholdengo|Gholdengo, L50|100/100|[from] Parting Shot
|move|p2a: Tauros|Body Press|p1a: Porygon2
|-damage|p1a: Porygon2|69/100
|
|-heal|p1a: Porygon2|74/100|[from] Grassy Terrain
|-heal|p2b: Electabuzz|86/100|[from] Grassy Terrain
|upkeep
|turn|4
|
|t:|1756334042
|switch|p1a: Incineroar|Incineroar, L50, F, shiny|11/100
|-ability|p1a: Incineroar|Intimidate|boost
|-unboost|p2a: Tauros|atk|1
|-unboost|p2b: Electabuzz|atk|1
|move|p1b: Gholdengo|Nasty Plot|p1b: Gholdengo
|-boost|p1b: Gholdengo|spa|2
|move|p2b: Electabuzz|Electroweb|p1b: Gholdengo|[spread] p1a,p1b
|-damage|p1a: Incineroar|4/100
|-damage|p1b: Gholdengo|91/100
|-unboost|p1a: Incineroar|spe|1
|-unboost|p1b: Gholdengo|spe|1
|move|p2a: Tauros|Body Press|p1a: Incineroar
|-supereffective|p1a: Incineroar
|-crit|p1a: Incineroar
|-damage|p1a: Incineroar|0 fnt
|faint|p1a: Incineroar
|
|-heal|p1b: Gholdengo|98/100|[from] Grassy Terrain
|-heal|p1b: Gholdengo|100/100|[from] item: Leftovers
|-heal|p2b: Electabuzz|92/100|[from] Grassy Terrain
|upkeep
|
|t:|1756334048
|switch|p1a: Porygon2|Porygon2, L50, tera:Fighting|74/100
|-ability|p1a: Porygon2|Download|boost
|-boost|p1a: Porygon2|spa|1
|turn|5
|
|t:|1756334068
|move|p2b: Electabuzz|Protect|p2b: Electabuzz
|-singleturn|p2b: Electabuzz|Protect
|move|p2a: Tauros|Protect|p2a: Tauros
|-singleturn|p2a: Tauros|Protect
|move|p1a: Porygon2|Tera Blast|p2b: Electabuzz|[anim] Tera Blast Fighting
|-activate|p2b: Electabuzz|move: Protect
|move|p1b: Gholdengo|Make It Rain|p2b: Electabuzz|[spread] 
|-activate|p2a: Tauros|move: Protect
|-activate|p2b: Electabuzz|move: Protect
|
|-heal|p1a: Porygon2|80/100|[from] Grassy Terrain
|-heal|p2b: Electabuzz|98/100|[from] Grassy Terrain
|-fieldend|move: Trick Room
|-fieldend|move: Grassy Terrain
|upkeep
|turn|6
|inactive|chikn dinnr has 30 seconds left.
|
|t:|1756334097
|move|p2b: Electabuzz|Helping Hand|p2a: Tauros
|-singleturn|p2a: Tauros|Helping Hand|[of] p2b: Electabuzz
|move|p2a: Tauros|Wave Crash|p1b: Gholdengo
|-damage|p1b: Gholdengo|66/100
|-damage|p2a: Tauros|88/100|[from] Recoil
|move|p1b: Gholdengo|Make It Rain|p2a: Tauros|[spread] p2a,p2b
|-resisted|p2a: Tauros
|-resisted|p2b: Electabuzz
|-damage|p2a: Tauros|17/100
|-damage|p2b: Electabuzz|63/100
|-unboost|p1b: Gholdengo|spa|1
|move|p1a: Porygon2|Ice Beam|p2a: Tauros
|-resisted|p2a: Tauros
|-damage|p2a: Tauros|0 fnt
|faint|p2a: Tauros
|
|-heal|p1b: Gholdengo|72/100|[from] item: Leftovers
|upkeep
|
|t:|1756334113
|switch|p2a: Rillaboom|Rillaboom, L50, F|87/100
|-fieldstart|move: Grassy Terrain|[from] ability: Grassy Surge|[of] p2a: Rillaboom
|turn|7
|
|t:|1756334120
|move|p2b: Electabuzz|Helping Hand|p2a: Rillaboom
|-singleturn|p2a: Rillaboom|Helping Hand|[of] p2b: Electabuzz
|move|p2a: Rillaboom|Wood Hammer|p1a: Porygon2
|-damage|p1a: Porygon2|15/100
|-damage|p2a: Rillaboom|67/100|[from] Recoil
|move|p1b: Gholdengo|Make It Rain|p2b: Electabuzz|[spread] p2a,p2b
|-resisted|p2b: Electabuzz
|-crit|p2b: Electabuzz
|-damage|p2a: Rillaboom|11/100
|-damage|p2b: Electabuzz|20/100
|-unboost|p1b: Gholdengo|spa|1
|move|p1a: Porygon2|Ice Beam|p2a: Rillaboom
|-supereffective|p2a: Rillaboom
|-crit|p2a: Rillaboom
|-damage|p2a: Rillaboom|0 fnt
|faint|p2a: Rillaboom
|
|-heal|p2b: Electabuzz|26/100|[from] Grassy Terrain
|-heal|p1b: Gholdengo|78/100|[from] Grassy Terrain
|-heal|p1b: Gholdengo|85/100|[from] item: Leftovers
|-heal|p1a: Porygon2|21/100|[from] Grassy Terrain
|upkeep
|turn|8
|-message|chikn dinnr forfeited.
|
|win|ryoshino19
||chikn dinnr is ready for game 3.
||ryoshino19 is ready for game 3.
|uhtml|next|Next: Game 3 of 3
|l|☆ryoshino19
|player|p1|
