|j|☆redrog1
|j|☆endK649
|html|redrog1endK649    
|uhtml|bestof|Game 3 of a best-of-3
|t:|1756657048
|gametype|doubles
|player|p1|redrog1|dancer|1124
|player|p2|endK649|gambler|1203
|gen|9
|tier|[Gen 9] VGC 2025 Reg H (Bo3)
|rated|
|rule|Species Clause: Limit one of each Pokémon
|rule|Item Clause: Limit 1 of each item
|clearpoke
|poke|p1|Electabuzz, L50, M|
|poke|p1|Kingambit, L50, F|
|poke|p1|Volcarona, L50, M|
|poke|p1|Sneasler, L50, F|
|poke|p1|Primarina, L50, M|
|poke|p1|Amoonguss, L50, F|
|poke|p2|Feraligatr, L50, M|
|poke|p2|Kommo-o, L50, F|
|poke|p2|Politoed, L50, M|
|poke|p2|Rillaboom, L50, F|
|poke|p2|Incineroar, L50, F|
|poke|p2|Amoonguss, L50, M|
|teampreview|4
|showteam|p1|Electabuzz||Eviolite|VitalSpirit|Taunt,Electroweb,FollowMe,Protect|||M|||50|,,,,,Ghost]Kingambit||BlackGlasses|Defiant|KowtowCleave,Protect,SwordsDance,SuckerPunch|||F|||50|,,,,,Dark]Volcarona||CovertCloak|FlameBody|HeatWave,Protect,GigaDrain,QuiverDance|||M|||50|,,,,,Grass]Sneasler||FocusSash|Unburden|DireClaw,CloseCombat,Protect,FakeOut|||F|||50|,,,,,Stellar]Primarina||ThroatSpray|LiquidVoice|HyperVoice,Moonblast,HelpingHand,Protect|||M|||50|,,,,,Steel]Amoonguss||SitrusBerry|Regenerator|Spore,RagePowder,PollenPuff,Protect|||F|||50|,,,,,Water
|showteam|p2|Feraligatr||LifeOrb|SheerForce|Liquidation,Crunch,DragonDance,Protect|||M|||50|,,,,,Dark]Kommo-o||ThroatSpray|Overcoat|ClangingScales,AuraSphere,ClangorousSoul,Protect|||F|||50|,,,,,Fairy]Politoed||SitrusBerry|Drizzle|WeatherBall,IcyWind,Haze,Protect|||M|||50|,,,,,Grass]Rillaboom||AssaultVest|GrassySurge|WoodHammer,GrassyGlide,FakeOut,Uturn|||F|||50|,,,,,Fire]Incineroar||SafetyGoggles|Intimidate|KnockOff,FakeOut,Taunt,PartingShot|||F|||50|,,,,,Ghost]Amoonguss||CovertCloak|Regenerator|PollenPuff,Spore,RagePowder,Protect|||M|||50|,,,,,Water
|inactive|Battle timer is ON: inactive players will automatically lose when time's up. (requested by redrog1)
|
|t:|1756657082
|teamsize|p1|4
|teamsize|p2|4
|start
|switch|p1a: Volcarona|Volcarona, L50, M|100/100
|switch|p1b: Sneasler|Sneasler, L50, F|100/100
|switch|p2a: Kommo-o|Kommo-o, L50, F|100/100
|switch|p2b: Amoonguss|Amoonguss, L50, M, shiny|100/100
|turn|1
|
|t:|1756657095
|-terastallize|p1a: Volcarona|Grass
|move|p1b: Sneasler|Fake Out|p2a: Kommo-o
|-damage|p2a: Kommo-o|87/100
|move|p1a: Volcarona|Quiver Dance|p1a: Volcarona
|-boost|p1a: Volcarona|spa|1
|-boost|p1a: Volcarona|spd|1
|-boost|p1a: Volcarona|spe|1
|cant|p2a: Kommo-o|flinch
|move|p2b: Amoonguss|Spore|p1b: Sneasler
|-status|p1b: Sneasler|slp|[from] move: Spore
|
|upkeep
|turn|2
|
|t:|1756657118
|-terastallize|p2b: Amoonguss|Water
|move|p1a: Volcarona|Heat Wave|p2b: Amoonguss|[spread] p2a,p2b
|-resisted|p2a: Kommo-o
|-resisted|p2b: Amoonguss
|-damage|p2a: Kommo-o|54/100
|-damage|p2b: Amoonguss|73/100
|-status|p2a: Kommo-o|brn
|cant|p1b: Sneasler|slp
|move|p2a: Kommo-o|Clangorous Soul|p2a: Kommo-o
|-boost|p2a: Kommo-o|atk|1
|-boost|p2a: Kommo-o|def|1
|-boost|p2a: Kommo-o|spa|1
|-boost|p2a: Kommo-o|spd|1
|-boost|p2a: Kommo-o|spe|1
|-damage|p2a: Kommo-o|21/100 brn
|-enditem|p2a: Kommo-o|Throat Spray
|-boost|p2a: Kommo-o|spa|1|[from] item: Throat Spray
|move|p2b: Amoonguss|Pollen Puff|p2a: Kommo-o
|-heal|p2a: Kommo-o|71/100 brn
|
|-damage|p2a: Kommo-o|65/100 brn|[from] brn
|upkeep
|turn|3
|inactive|endK649 has 30 seconds left.
|
|t:|1756657150
|move|p1a: Volcarona|Giga Drain|p2b: Amoonguss
|-supereffective|p2b: Amoonguss
|-damage|p2b: Amoonguss|0 fnt
|faint|p2b: Amoonguss
|move|p2a: Kommo-o|Clanging Scales|p1a: Volcarona|[spread] p1a,p1b
|-damage|p1a: Volcarona|50/100
|-enditem|p1b: Sneasler|Focus Sash
|-damage|p1b: Sneasler|1/100 slp
|-unboost|p2a: Kommo-o|def|1
|cant|p1b: Sneasler|slp
|
|-damage|p2a: Kommo-o|59/100 brn|[from] brn
|upkeep
|
|t:|1756657155
|switch|p2b: Incineroar|Incineroar, L50, F, shiny|100/100
|-ability|p2b: Incineroar|Intimidate|boost
|-unboost|p1a: Volcarona|atk|1
|-unboost|p1b: Sneasler|atk|1
|turn|4
|
|t:|1756657168
|-curestatus|p1b: Sneasler|slp|[msg]
|move|p1b: Sneasler|Protect|p1b: Sneasler
|-singleturn|p1b: Sneasler|Protect
|move|p1a: Volcarona|Protect|p1a: Volcarona
|-singleturn|p1a: Volcarona|Protect
|move|p2b: Incineroar|Fake Out|p1b: Sneasler
|-activate|p1b: Sneasler|move: Protect
|move|p2a: Kommo-o|Clanging Scales|p1b: Sneasler|[spread] 
|-activate|p1a: Volcarona|move: Protect
|-activate|p1b: Sneasler|move: Protect
|
|-damage|p2a: Kommo-o|52/100 brn|[from] brn
|upkeep
|turn|5
|
|t:|1756657189
|move|p2a: Kommo-o|Protect|p2a: Kommo-o
|-singleturn|p2a: Kommo-o|Protect
|move|p1b: Sneasler|Dire Claw|p2a: Kommo-o
|-activate|p2a: Kommo-o|move: Protect
|move|p1a: Volcarona|Heat Wave|p2a: Kommo-o|[spread] p2b
|-activate|p2a: Kommo-o|move: Protect
|-resisted|p2b: Incineroar
|-damage|p2b: Incineroar|77/100
|move|p2b: Incineroar|Knock Off|p1b: Sneasler
|-resisted|p1b: Sneasler
|-damage|p1b: Sneasler|0 fnt
|faint|p1b: Sneasler
|
|-damage|p2a: Kommo-o|46/100 brn|[from] brn
|upkeep
|
|t:|1756657196
|switch|p1b: Electabuzz|Electabuzz, L50, M|100/100
|turn|6
|
|t:|1756657207
|move|p1b: Electabuzz|Follow Me|p1b: Electabuzz
|-singleturn|p1b: Electabuzz|move: Follow Me
|move|p1a: Volcarona|Heat Wave|p2b: Incineroar|[spread] p2a,p2b
|-resisted|p2a: Kommo-o
|-resisted|p2b: Incineroar
|-damage|p2a: Kommo-o|24/100 brn
|-damage|p2b: Incineroar|53/100
|move|p2a: Kommo-o|Clanging Scales|p1b: Electabuzz|[spread] p1a,p1b
|-damage|p1a: Volcarona|0 fnt
|-damage|p1b: Electabuzz|39/100
|faint|p1a: Volcarona
|-unboost|p2a: Kommo-o|def|1
|move|p2b: Incineroar|Parting Shot|p1b: Electabuzz
|-unboost|p1b: Electabuzz|atk|1
|-unboost|p1b: Electabuzz|spa|1
|
|t:|1756657210
|switch|p2b: Rillaboom|Rillaboom, L50, F, shiny|100/100|[from] Parting Shot
|-fieldstart|move: Grassy Terrain|[from] ability: Grassy Surge|[of] p2b: Rillaboom
|
|-heal|p2a: Kommo-o|30/100 brn|[from] Grassy Terrain
|-heal|p1b: Electabuzz|45/100|[from] Grassy Terrain
|-damage|p2a: Kommo-o|24/100 brn|[from] brn
|upkeep
|-message|redrog1 forfeited.
|
|win|endK649
|raw|redrog1's rating: 1124 → 1105(-19 for losing)
|raw|endK649's rating: 1203 → 1222(+19 for winning)
|l|☆redrog1
|player|p1|
