|j|☆Its Sushiii
|j|☆bcam1
|html|Its Sushiiibcam1    
|uhtml|bestof|Game 2 of a best-of-3
|t:|1783464620
|gametype|doubles
|player|p1|Its Sushiii|265|1243
|player|p2|bcam1|266|1165
|gen|9
|tier|[Gen 9 Champions] VGC 2026 Reg M-B (Bo3)
|rated|
|rule|Species Clause: Limit one of each Pokémon
|rule|Item Clause: Limit 1 of each item
|clearpoke
|poke|p1|Kingambit, L50, F|
|poke|p1|Charizard, L50, M|
|poke|p1|Aerodactyl, L50, F|
|poke|p1|Farigiraf, L50, M|
|poke|p1|Garchomp, L50, M|
|poke|p1|Sylveon, L50, F|
|poke|p2|Staraptor, L50, M|
|poke|p2|Grimmsnarl, L50, M|
|poke|p2|Whimsicott, L50, F|
|poke|p2|Incineroar, L50, M|
|poke|p2|Pelipper, L50, F|
|poke|p2|Archaludon, L50, F|
|teampreview|4
|showteam|p1|Kingambit||FocusSash|Defiant|KowtowCleave,IronHead,SuckerPunch,LowKick|Adamant||F|||50|]Charizard||CharizarditeY|Blaze|HeatWave,SolarBeam,WeatherBall,Protect|Modest||M|||50|]Aerodactyl||Aerodactylite|Unnerve|RockSlide,DualWingbeat,IceFang,Tailwind|Jolly||F|||50|]Farigiraf||SitrusBerry|ArmorTail|TwinBeam,Thunderbolt,TrickRoom,Protect|Bold||M|||50|]Garchomp||LifeOrb|RoughSkin|Earthquake,DragonClaw,StompingTantrum,Protect|Jolly||M|||50|]Sylveon||FairyFeather|Pixilate|HyperVoice,HyperBeam,QuickAttack,Protect|Modest||F|||50|
|showteam|p2|Staraptor||Staraptite|Intimidate|Protect,CloseCombat,DualWingbeat,Roost|Adamant||M|||50|]Grimmsnarl||LightClay|Prankster|FakeOut,PartingShot,SpiritBreak,Reflect|Careful||M|||50|]Whimsicott||FocusSash|Prankster|Charm,Tailwind,Moonblast,Taunt|Bold||F|||50|]Incineroar||SitrusBerry|Intimidate|FakeOut,PartingShot,WillOWisp,FlareBlitz|Careful||M|||50|]Pelipper||MentalHerb|Drizzle|Protect,Tailwind,WideGuard,Hurricane|Bold||F|||50|]Archaludon||ChoiceScarf|Stalwart|ElectroShot,FlashCannon,DracoMeteor,Snarl|Timid||F|||50|
|inactive|Battle timer is ON: inactive players will automatically lose when time's up. (requested by Its Sushiii)
|
|t:|1783464637
|teamsize|p1|4
|teamsize|p2|4
|start
|switch|p1a: Sylveon|Sylveon, L50, F|100/100
|switch|p1b: Farigiraf|Farigiraf, L50, M|100/100
|switch|p2a: Whimsicott|Whimsicott, L50, F|100/100
|switch|p2b: Staraptor|Staraptor, L50, M|100/100
|-ability|p2b: Staraptor|Intimidate|boost
|-unboost|p1a: Sylveon|atk|1
|-unboost|p1b: Farigiraf|atk|1
|turn|1
|inactive|bcam1 has 30 seconds left.
|
|t:|1783464665
|detailschange|p2b: Staraptor|Staraptor-Mega, L50, M
|-mega|p2b: Staraptor|Staraptor|Staraptite
|move|p2b: Staraptor|Protect|p2b: Staraptor
|-singleturn|p2b: Staraptor|Protect
|move|p1b: Farigiraf|Protect|p1b: Farigiraf
|-singleturn|p1b: Farigiraf|Protect
|move|p2a: Whimsicott|Moonblast|p1a: Sylveon
|-damage|p1a: Sylveon|76/100
|move|p1a: Sylveon|Hyper Voice|p2a: Whimsicott|[spread] p2a
|-activate|p2b: Staraptor|move: Protect
|-damage|p2a: Whimsicott|31/100
|
|upkeep
|turn|2
|inactive|Its Sushiii has 30 seconds left.
|inactive|Its Sushiii has 20 seconds left.
|inactive|Its Sushiii has 15 seconds left.
|
|t:|1783464708
|move|p2a: Whimsicott|Charm|p2b: Staraptor
|-boost|p2b: Staraptor|atk|2
|move|p2b: Staraptor|Close Combat|p1b: Farigiraf
|-damage|p1b: Farigiraf|0 fnt
|-boost|p2b: Staraptor|def|1
|-boost|p2b: Staraptor|spd|1
|faint|p1b: Farigiraf
|move|p1a: Sylveon|Hyper Voice|p2a: Whimsicott|[spread] p2a,p2b
|-supereffective|p2b: Staraptor|1
|-damage|p2a: Whimsicott|0 fnt
|-damage|p2b: Staraptor|34/100
|faint|p2a: Whimsicott
|
|upkeep
|inactive|Its Sushiii has 30 seconds left.
|
|t:|1783464733
|switch|p2a: Archaludon|Archaludon, L50, F|100/100
|switch|p1b: Charizard|Charizard, L50, M|100/100
|turn|3
|inactive|Its Sushiii has 30 seconds left.
|inactive|bcam1 has 30 seconds left.
|
|t:|1783464763
|detailschange|p1b: Charizard|Charizard-Mega-Y, L50, M
|-mega|p1b: Charizard|Charizard|Charizardite Y
|-weather|SunnyDay|[from] ability: Drought|[of] p1b: Charizard
|move|p2b: Staraptor|Protect|p2b: Staraptor
|-singleturn|p2b: Staraptor|Protect
|move|p2a: Archaludon|Flash Cannon|p1a: Sylveon
|-supereffective|p1a: Sylveon|1
|-damage|p1a: Sylveon|9/100
|move|p1b: Charizard|Heat Wave|p2b: Staraptor|[spread] p2a
|-activate|p2b: Staraptor|move: Protect
|-damage|p2a: Archaludon|11/100
|move|p1a: Sylveon|Hyper Beam|p2a: Archaludon
|-damage|p2a: Archaludon|0 fnt
|-mustrecharge|p1a: Sylveon
|faint|p2a: Archaludon
|
|-weather|SunnyDay|[upkeep]
|upkeep
|
|t:|1783464771
|switch|p2a: Pelipper|Pelipper, L50, F|100/100
|-weather|RainDance|[from] ability: Drizzle|[of] p2a: Pelipper
|turn|4
|
|t:|1783464781
|switch|p1b: Kingambit|Kingambit, L50, F|100/100
|move|p2a: Pelipper|Wide Guard|p2a: Pelipper
|-singleturn|p2a: Pelipper|Wide Guard
|move|p2b: Staraptor|Roost|p2b: Staraptor
|-heal|p2b: Staraptor|84/100
|-singleturn|p2b: Staraptor|move: Roost
|cant|p1a: Sylveon|recharge
|
|-weather|RainDance|[upkeep]
|upkeep
|turn|5
|inactive|Its Sushiii has 30 seconds left.
|inactive|bcam1 has 30 seconds left.
|inactive|Its Sushiii has 20 seconds left.
|inactive|bcam1 has 20 seconds left.
|inactive|Its Sushiii has 15 seconds left.
|inactive|bcam1 has 15 seconds left.
|
|t:|1783464826
|move|p2b: Staraptor|Close Combat|p1b: Kingambit
|-supereffective|p1b: Kingambit|2
|-enditem|p1b: Kingambit|Focus Sash
|-damage|p1b: Kingambit|1/100
|-boost|p2b: Staraptor|def|1
|-boost|p2b: Staraptor|spd|1
|move|p1b: Kingambit|Kowtow Cleave|p2a: Pelipper
|-damage|p2a: Pelipper|59/100
|move|p1a: Sylveon|Hyper Beam|p2b: Staraptor
|-supereffective|p2b: Staraptor|1
|-damage|p2b: Staraptor|0 fnt
|-mustrecharge|p1a: Sylveon
|faint|p2b: Staraptor
|move|p2a: Pelipper|Hurricane|p1a: Sylveon
|-damage|p1a: Sylveon|0 fnt
|faint|p1a: Sylveon
|
|-weather|RainDance|[upkeep]
|upkeep
|
|t:|1783464842
|switch|p1a: Charizard|Charizard-Mega-Y, L50, M|100/100
|-weather|SunnyDay|[from] ability: Drought|[of] p1a: Charizard
|turn|6
|
|t:|1783464865
|move|p1a: Charizard|Weather Ball|p2a: Pelipper
|-resisted|p2a: Pelipper|1
|-damage|p2a: Pelipper|0 fnt
|faint|p2a: Pelipper
|
|win|Its Sushiii
|raw|Its Sushiii's rating: 1243 → 1262(+19 for winning)
|raw|bcam1's rating: 1165 → 1146(-19 for losing)
