|j|☆Oscarm92
|j|☆soratami
|html|Oscarm92soratami    
|uhtml|bestof|Game 1 of a best-of-3
|t:|1783612140
|gametype|doubles
|player|p1|Oscarm92|266|1355
|player|p2|soratami|ethan|1303
|gen|9
|tier|[Gen 9 Champions] VGC 2026 Reg M-B (Bo3)
|rated|
|rule|Species Clause: Limit one of each Pokémon
|rule|Item Clause: Limit 1 of each item
|clearpoke
|poke|p1|Charizard, L50, F, shiny|
|poke|p1|Aerodactyl, L50, F|
|poke|p1|Garchomp, L50, M, shiny|
|poke|p1|Kingambit, L50, M|
|poke|p1|Sylveon, L50, F|
|poke|p1|Farigiraf, L50, F|
|poke|p2|Torkoal, L50, M|
|poke|p2|Vileplume, L50, F|
|poke|p2|Mawile, L50, F|
|poke|p2|Gallade, L50, M|
|poke|p2|Farigiraf, L50, M|
|poke|p2|Golurk, L50|
|teampreview|4
|showteam|p1|Charizard||CharizarditeY|Blaze|HeatWave,WeatherBall,SolarBeam,Protect|Modest||F|||50|]Aerodactyl||Aerodactylite|Unnerve|IceFang,RockSlide,Tailwind,DualWingbeat|Jolly||F|||50|]Garchomp||LifeOrb|RoughSkin|DragonClaw,StompingTantrum,Earthquake,Protect|Jolly||M|||50|]Kingambit||FocusSash|Defiant|SuckerPunch,KowtowCleave,IronHead,LowKick|Adamant||M|||50|]Sylveon||FairyFeather|Pixilate|QuickAttack,HyperVoice,HyperBeam,Protect|Modest||F|||50|]Farigiraf||SitrusBerry|ArmorTail|TrickRoom,Thunderbolt,GrassKnot,TwinBeam|Bold||F|||50|
|showteam|p2|Torkoal||Charcoal|Drought|Eruption,HeatWave,EarthPower,Protect|Quiet||M|||50|]Vileplume||FocusSash|Chlorophyll|SleepPowder,LeafStorm,AfterYou,Protect|Timid||F|||50|]Mawile||Mawilite|Intimidate|SuckerPunch,IronHead,PlayRough,Protect|Brave||F|||50|]Gallade||WhiteHerb|Sharpness|SacredSword,PsychoCut,WideGuard,TrickRoom|Brave||M|||50|]Farigiraf||SitrusBerry|ArmorTail|Psychic,HelpingHand,TrickRoom,Protect|Modest||M|||50|]Golurk||Golurkite|IronFist|Poltergeist,HeadlongRush,IcePunch,Protect|Brave|||||50|
|inactive|Battle timer is ON: inactive players will automatically lose when time's up. (requested by soratami)
|inactive|Oscarm92 has 60 seconds left.
|inactive|Oscarm92 has 30 seconds left.
|inactive|Oscarm92 has 20 seconds left.
|inactive|Oscarm92 has 15 seconds left.
|inactive|Oscarm92 has 10 seconds left.
|
|t:|1783612223
|teamsize|p1|4
|teamsize|p2|4
|start
|switch|p1a: Charizard|Charizard, L50, F, shiny|100/100
|switch|p1b: Sylveon|Sylveon, L50, F|100/100
|switch|p2a: Farigiraf|Farigiraf, L50, M|100/100
|switch|p2b: Gallade|Gallade, L50, M|100/100
|turn|1
|inactive|Oscarm92 has 30 seconds left.
|inactive|soratami has 30 seconds left.
|inactive|Oscarm92 has 20 seconds left.
|inactive|Oscarm92 has 15 seconds left.
|inactive|Oscarm92 has 10 seconds left.
|
|t:|1783612269
|detailschange|p1a: Charizard|Charizard-Mega-Y, L50, F, shiny
|-mega|p1a: Charizard|Charizard|Charizardite Y
|-weather|SunnyDay|[from] ability: Drought|[of] p1a: Charizard
|move|p2b: Gallade|Wide Guard|p2b: Gallade
|-singleturn|p2b: Gallade|Wide Guard
|move|p1a: Charizard|Weather Ball|p2a: Farigiraf
|-damage|p2a: Farigiraf|17/100
|-enditem|p2a: Farigiraf|Sitrus Berry|[eat]
|-heal|p2a: Farigiraf|42/100|[from] item: Sitrus Berry
|move|p1b: Sylveon|Hyper Beam|p2b: Gallade
|-supereffective|p2b: Gallade|1
|-damage|p2b: Gallade|0 fnt
|-mustrecharge|p1b: Sylveon
|faint|p2b: Gallade
|move|p2a: Farigiraf|Trick Room|p2a: Farigiraf
|-fieldstart|move: Trick Room|[of] p2a: Farigiraf
|
|-weather|SunnyDay|[upkeep]
|upkeep
|
|t:|1783612293
|switch|p2b: Mawile|Mawile, L50, F|100/100
|-ability|p2b: Mawile|Intimidate|boost
|-unboost|p1a: Charizard|atk|1
|-unboost|p1b: Sylveon|atk|1
|turn|2
|inactive|Oscarm92 has 30 seconds left.
|
|t:|1783612327
|detailschange|p2b: Mawile|Mawile-Mega, L50, F
|-mega|p2b: Mawile|Mawile|Mawilite
|move|p2b: Mawile|Sucker Punch|p1a: Charizard
|-crit|p1a: Charizard
|-damage|p1a: Charizard|33/100
|move|p2a: Farigiraf|Psychic|p1a: Charizard
|-damage|p1a: Charizard|0 fnt
|faint|p1a: Charizard
|cant|p1b: Sylveon|recharge
|
|-weather|SunnyDay|[upkeep]
|upkeep
|
|t:|1783612336
|switch|p1a: Farigiraf|Farigiraf, L50, F|100/100
|turn|3
|inactive|Oscarm92 has 30 seconds left.
|
|t:|1783612368
|move|p1b: Sylveon|Protect|p1b: Sylveon
|-singleturn|p1b: Sylveon|Protect
|move|p2b: Mawile|Iron Head|p1b: Sylveon
|-activate|p1b: Sylveon|move: Protect
|move|p2a: Farigiraf|Psychic|p1a: Farigiraf
|-resisted|p1a: Farigiraf|1
|-damage|p1a: Farigiraf|80/100
|move|p1a: Farigiraf|Trick Room|p1a: Farigiraf
|-fieldend|move: Trick Room
|
|-weather|SunnyDay|[upkeep]
|upkeep
|turn|4
|
|t:|1783612383
|move|p1b: Sylveon|Hyper Voice|p2a: Farigiraf|[spread] p2a,p2b
|-resisted|p2b: Mawile|1
|-damage|p2a: Farigiraf|0 fnt
|-damage|p2b: Mawile|71/100
|faint|p2a: Farigiraf
|move|p1a: Farigiraf|Thunderbolt|p2b: Mawile
|-damage|p2b: Mawile|42/100
|move|p2b: Mawile|Iron Head|p1b: Sylveon
|-supereffective|p1b: Sylveon|1
|-damage|p1b: Sylveon|0 fnt
|faint|p1b: Sylveon
|
|-weather|SunnyDay|[upkeep]
|upkeep
|
|t:|1783612396
|switch|p1b: Garchomp|Garchomp, L50, M, shiny|100/100
|switch|p2a: Torkoal|Torkoal, L50, M|100/100
|turn|5
|
|t:|1783612417
|move|p1b: Garchomp|Protect|p1b: Garchomp
|-singleturn|p1b: Garchomp|Protect
|move|p1a: Farigiraf|Twin Beam|p2a: Torkoal
|-damage|p2a: Torkoal|79/100
|-damage|p2a: Torkoal|58/100
|-hitcount|p2a: Torkoal|2
|move|p2b: Mawile|Play Rough|p1b: Garchomp
|-activate|p1b: Garchomp|move: Protect
|move|p2a: Torkoal|Heat Wave|p1b: Garchomp|[spread] p1a
|-activate|p1b: Garchomp|move: Protect
|-damage|p1a: Farigiraf|32/100
|-enditem|p1a: Farigiraf|Sitrus Berry|[eat]
|-heal|p1a: Farigiraf|57/100|[from] item: Sitrus Berry
|
|-weather|none
|upkeep
|turn|6
|inactive|soratami has 30 seconds left.
|
|t:|1783612450
|move|p2b: Mawile|Protect|p2b: Mawile
|-singleturn|p2b: Mawile|Protect
|move|p1b: Garchomp|Stomping Tantrum|p2b: Mawile
|-activate|p2b: Mawile|move: Protect
|move|p1a: Farigiraf|Twin Beam|p2a: Torkoal
|-damage|p2a: Torkoal|39/100
|-damage|p2a: Torkoal|20/100y
|-hitcount|p2a: Torkoal|2
|move|p2a: Torkoal|Heat Wave|p1b: Garchomp|[spread] p1a,p1b
|-resisted|p1b: Garchomp|1
|-damage|p1a: Farigiraf|22/100
|-damage|p1b: Garchomp|80/100
|
|upkeep
|turn|7
|
|t:|1783612470
|move|p2b: Mawile|Protect||[still]
|-fail|p2b: Mawile
|move|p1b: Garchomp|Stomping Tantrum|p2b: Mawile
|-supereffective|p2b: Mawile|1
|-damage|p2b: Mawile|0 fnt
|faint|p2b: Mawile
|-damage|p1b: Garchomp|70/100|[from] item: Life Orb
|move|p1a: Farigiraf|Thunderbolt|p2a: Torkoal
|-damage|p2a: Torkoal|0 fnt
|faint|p2a: Torkoal
|
|win|Oscarm92
||soratami is ready for game 2.
|inactive|Oscarm92 has 30 seconds to confirm battle start!
||Oscarm92 is ready for game 2.
|uhtml|next|Next: Game 2 of 3
|l|☆soratami
|player|p2|
