|j|☆MarkTheMarker
|j|☆probandoteammvp
|html|MarkTheMarkerprobandoteammvp    
|uhtml|bestof|Game 2 of a best-of-3
|t:|1786129297
|gametype|doubles
|player|p1|MarkTheMarker|wallace|1284
|player|p2|probandoteammvp|265|1284
|gen|9
|tier|[Gen 9 Champions] VGC 2026 Reg M-B (Bo3)
|rated|
|rule|Species Clause: Limit one of each Pokémon
|rule|Item Clause: Limit 1 of each item
|clearpoke
|poke|p1|Pelipper, L50, M|
|poke|p1|Swampert, L50, M|
|poke|p1|Archaludon, L50, M|
|poke|p1|Grimmsnarl, L50, M|
|poke|p1|Venusaur, L50, M|
|poke|p1|Charizard, L50, M|
|poke|p2|Blastoise, L50, M, shiny|
|poke|p2|Sylveon, L50, F, shiny|
|poke|p2|Vivillon-Fancy, L50, F, shiny|
|poke|p2|Farigiraf, L50, F, shiny|
|poke|p2|Sinistcha, L50, shiny|
|poke|p2|Pelipper, L50, M, shiny|
|teampreview|4
|showteam|p1|Pelipper||SitrusBerry|Drizzle|WeatherBall,Hurricane,WideGuard,Tailwind|Modest||M|||50|]Swampert||Swampertite|Damp|Protect,WaveCrash,Earthquake,IcePunch|Adamant||M|||50|]Archaludon||Leftovers|Stamina|Protect,DragonPulse,FlashCannon,ElectroShot|Modest||M|||50|]Grimmsnarl||LightClay|Prankster|SpiritBreak,PartingShot,Reflect,LightScreen|Sassy||M|||50|]Venusaur||FocusSash|Chlorophyll|SleepPowder,SludgeBomb,EarthPower,Protect|Modest||M|||50|]Charizard||CharizarditeY|Blaze|Protect,HeatWave,WeatherBall,SolarBeam|Modest||M|||50|
|showteam|p2|Blastoise||Blastoisinite|Torrent|WaterSpout,DarkPulse,ShellSmash,Protect|Modest||M|||50|]Sylveon||FairyFeather|Pixilate|HyperVoice,Moonblast,HyperBeam,Detect|Modest||F|||50|]Vivillon-Fancy||ChoiceScarf|CompoundEyes|PollenPuff,Hurricane,SleepPowder,RagePowder|Timid||F|||50|]Farigiraf||SitrusBerry|ArmorTail|TwinBeam,HelpingHand,TrickRoom,Protect|Sassy||F|||50|]Sinistcha||ColburBerry|Hospitality|MatchaGotcha,RagePowder,TrickRoom,Protect|Sassy|||||50|]Pelipper||FocusSash|Drizzle|Hurricane,HelpingHand,Tailwind,Protect|Timid||M|||50|
|inactive|Battle timer is ON: inactive players will automatically lose when time's up. (requested by MarkTheMarker)
|
|t:|1786129319
|teamsize|p1|4
|teamsize|p2|4
|start
|switch|p1a: Charizard|Charizard, L50, M|100/100
|switch|p1b: Venusaur|Venusaur, L50, M|100/100
|switch|p2a: Tortugueitor|Blastoise, L50, M, shiny|100/100
|switch|p2b: Long neck|Farigiraf, L50, F, shiny|100/100
|turn|1
|inactive|MarkTheMarker has 30 seconds left.
|
|t:|1786129353
|detailschange|p2a: Tortugueitor|Blastoise-Mega, L50, M, shiny
|-mega|p2a: Tortugueitor|Blastoise|Blastoisinite
|move|p1a: Charizard|Protect|p1a: Charizard
|-singleturn|p1a: Charizard|Protect
|move|p1b: Venusaur|Sleep Powder|p2b: Long neck
|-status|p2b: Long neck|slp|[from] move: Sleep Powder
|move|p2a: Tortugueitor|Shell Smash|p2a: Tortugueitor
|-unboost|p2a: Tortugueitor|def|1
|-unboost|p2a: Tortugueitor|spd|1
|-boost|p2a: Tortugueitor|atk|2
|-boost|p2a: Tortugueitor|spa|2
|-boost|p2a: Tortugueitor|spe|2
|cant|p2b: Long neck|slp
|
|upkeep
|turn|2
|
|t:|1786129370
|detailschange|p1a: Charizard|Charizard-Mega-Y, L50, M
|-mega|p1a: Charizard|Charizard|Charizardite Y
|-weather|SunnyDay|[from] ability: Drought|[of] p1a: Charizard
|move|p2a: Tortugueitor|Protect|p2a: Tortugueitor
|-singleturn|p2a: Tortugueitor|Protect
|move|p1b: Venusaur|Sleep Powder|p2a: Tortugueitor
|-activate|p2a: Tortugueitor|move: Protect
|move|p1a: Charizard|Weather Ball|p2b: Long neck
|-damage|p2b: Long neck|30/100 slp
|-enditem|p2b: Long neck|Sitrus Berry|[eat]
|-heal|p2b: Long neck|55/100 slp|[from] item: Sitrus Berry
|cant|p2b: Long neck|slp
|
|-weather|SunnyDay|[upkeep]
|upkeep
|turn|3
|
|t:|1786129383
|switch|p2b: Birb|Pelipper, L50, M, shiny|100/100
|-weather|RainDance|[from] ability: Drizzle|[of] p2b: Birb
|move|p1a: Charizard|Protect|p1a: Charizard
|-singleturn|p1a: Charizard|Protect
|move|p2a: Tortugueitor|Water Spout|p1a: Charizard|[spread] p1b
|-activate|p1a: Charizard|move: Protect
|-resisted|p1b: Venusaur|1
|-enditem|p1b: Venusaur|Focus Sash
|-damage|p1b: Venusaur|1/100
|move|p1b: Venusaur|Sleep Powder|p2a: Tortugueitor|[miss]
|-miss|p1b: Venusaur|p2a: Tortugueitor
|
|-weather|RainDance|[upkeep]
|upkeep
|turn|4
|
|t:|1786129393
|switch|p1a: Archaludon|Archaludon, L50, M|100/100
|switch|p2b: Long neck|Farigiraf, L50, F, shiny|55/100 slp
|move|p2a: Tortugueitor|Water Spout|p1b: Venusaur|[spread] p1a,p1b
|-resisted|p1a: Archaludon|1
|-resisted|p1b: Venusaur|1
|-damage|p1a: Archaludon|1/100
|-damage|p1b: Venusaur|0 fnt
|-ability|p1a: Archaludon|Stamina|boost
|-boost|p1a: Archaludon|def|1
|faint|p1b: Venusaur
|
|-weather|RainDance|[upkeep]
|-heal|p1a: Archaludon|6/100|[from] item: Leftovers
|upkeep
|
|t:|1786129399
|switch|p1b: Pelipper|Pelipper, L50, M|100/100
|turn|5
|
|t:|1786129413
|-curestatus|p2b: Long neck|slp|[msg]
|move|p2b: Long neck|Protect|p2b: Long neck
|-singleturn|p2b: Long neck|Protect
|move|p2a: Tortugueitor|Dark Pulse|p1a: Archaludon
|-damage|p1a: Archaludon|0 fnt
|faint|p1a: Archaludon
|move|p1b: Pelipper|Tailwind|p1b: Pelipper
|-sidestart|p1: MarkTheMarker|move: Tailwind
|
|-weather|RainDance|[upkeep]
|upkeep
|
|t:|1786129417
|switch|p1a: Charizard|Charizard-Mega-Y, L50, M|100/100
|-weather|SunnyDay|[from] ability: Drought|[of] p1a: Charizard
|turn|6
|
|t:|1786129430
|switch|p2b: Birb|Pelipper, L50, M, shiny|100/100
|-weather|RainDance|[from] ability: Drizzle|[of] p2b: Birb
|move|p1a: Charizard|Weather Ball|p2b: Birb
|-resisted|p2b: Birb|1
|-damage|p2b: Birb|49/100
|move|p2a: Tortugueitor|Dark Pulse|p1a: Charizard
|-damage|p1a: Charizard|12/100
|move|p1b: Pelipper|Hurricane|p2a: Tortugueitor
|-damage|p2a: Tortugueitor|42/100
|
|-weather|RainDance|[upkeep]
|upkeep
|turn|7
|inactive|probandoteammvp has 30 seconds left.
|
|t:|1786129463
|move|p2a: Tortugueitor|Protect|p2a: Tortugueitor
|-singleturn|p2a: Tortugueitor|Protect
|move|p1a: Charizard|Weather Ball|p2a: Tortugueitor
|-activate|p2a: Tortugueitor|move: Protect
|move|p1b: Pelipper|Hurricane|p2b: Birb
|-damage|p2b: Birb|0 fnt
|faint|p2b: Birb
|
|-weather|RainDance|[upkeep]
|upkeep
|
|t:|1786129470
|switch|p2b: Long neck|Farigiraf, L50, F, shiny|55/100
|turn|8
|
|t:|1786129486
|move|p1a: Charizard|Weather Ball|p2a: Tortugueitor
|-resisted|p2a: Tortugueitor|1
|-damage|p2a: Tortugueitor|0 fnt
|faint|p2a: Tortugueitor
|move|p1b: Pelipper|Weather Ball|p2b: Long neck
|-damage|p2b: Long neck|8/100
|move|p2b: Long neck|Trick Room|p2b: Long neck
|-fieldstart|move: Trick Room|[of] p2b: Long neck
|
|-weather|RainDance|[upkeep]
|-sideend|p1: MarkTheMarker|move: Tailwind
|upkeep
|
|t:|1786129489
|switch|p2a: mr ribbons|Sylveon, L50, F, shiny|100/100
|turn|9
|
|t:|1786129505
|move|p2b: Long neck|Twin Beam|p1a: Charizard
|-damage|p1a: Charizard|0 fnt
|faint|p1a: Charizard
|-hitcount|p1: Charizard|1
|move|p2a: mr ribbons|Hyper Beam|p1b: Pelipper
|-damage|p1b: Pelipper|0 fnt
|-mustrecharge|p2a: mr ribbons
|faint|p1b: Pelipper
|
|win|probandoteammvp
||MarkTheMarker is ready for game 3.
||probandoteammvp is ready for game 3.
|uhtml|next|Next: Game 3 of 3
