|j|☆carolchanning
|j|☆Chelicerate1
|html|carolchanningChelicerate1    
|uhtml|bestof|Game 3 of a best-of-3
|t:|1785688467
|gametype|doubles
|player|p1|carolchanning|169|1294
|player|p2|Chelicerate1|ethan|1295
|gen|9
|tier|[Gen 9 Champions] VGC 2026 Reg M-B (Bo3)
|rated|
|rule|Species Clause: Limit one of each Pokémon
|rule|Item Clause: Limit 1 of each item
|clearpoke
|poke|p1|Sinistcha, L50|
|poke|p1|Floette-Eternal, L50, F|
|poke|p1|Maushold, L50|
|poke|p1|Delphox, L50, M|
|poke|p1|Incineroar, L50, M|
|poke|p1|Kingambit, L50, M|
|poke|p2|Grimmsnarl, L50, M|
|poke|p2|Basculegion, L50, M|
|poke|p2|Charizard, L50, F|
|poke|p2|Pelipper, L50, M|
|poke|p2|Venusaur, L50, M|
|poke|p2|Archaludon, L50, M|
|teampreview|4
|showteam|p1|Sinistcha||OccaBerry|Hospitality|MatchaGotcha,RagePowder,TrickRoom,Protect|Bold|||||50|]Floette-Eternal||Floettite|FlowerVeil|Moonblast,DazzlingGleam,CalmMind,Protect|Timid||F|||50|]Maushold||FocusSash|FriendGuard|Feint,HelpingHand,FollowMe,Protect|Impish|||||50|]Delphox||Delphoxite|Blaze|HeatWave,Psyshock,NastyPlot,Protect|Timid||M|||50|]Incineroar||SitrusBerry|Intimidate|FakeOut,FlareBlitz,ThroatChop,PartingShot|Impish||M|||50|]Kingambit||LifeOrb|Defiant|KowtowCleave,SuckerPunch,IronHead,LowKick|Adamant||M|||50|
|showteam|p2|Grimmsnarl||LightClay|Prankster|SpiritBreak,PartingShot,Reflect,LightScreen|Sassy||M|||50|]Basculegion||ChoiceScarf|Adaptability|LastRespects,WaveCrash,AquaJet,FlipTurn|Jolly||M|||50|]Charizard||CharizarditeY|Blaze|Protect,HeatWave,WeatherBall,SolarBeam|Modest||F|||50|]Pelipper||SitrusBerry|Drizzle|Hurricane,WeatherBall,Tailwind,WideGuard|Modest||M|||50|]Venusaur||FocusSash|Chlorophyll|SludgeBomb,SleepPowder,EarthPower,Protect|Modest||M|||50|]Archaludon||Leftovers|Stamina|ElectroShot,DragonPulse,FlashCannon,Protect|Calm||M|||50|
|inactive|Battle timer is ON: inactive players will automatically lose when time's up. (requested by Chelicerate1)
|inactive|carolchanning also wants the timer to be on.
|
|t:|1785688497
|teamsize|p1|4
|teamsize|p2|4
|start
|switch|p1a: Delphox|Delphox, L50, M|100/100
|switch|p1b: Incineroar|Incineroar, L50, M|100/100
|switch|p2a: Charizard|Charizard, L50, F|100/100
|switch|p2b: Grimmsnarl|Grimmsnarl, L50, M|100/100
|-ability|p1b: Incineroar|Intimidate|boost
|-unboost|p2a: Charizard|atk|1
|-unboost|p2b: Grimmsnarl|atk|1
|turn|1
|
|t:|1785688516
|detailschange|p1a: Delphox|Delphox-Mega, L50, M
|-mega|p1a: Delphox|Delphox|Delphoxite
|detailschange|p2a: Charizard|Charizard-Mega-Y, L50, F
|-mega|p2a: Charizard|Charizard|Charizardite Y
|-weather|SunnyDay|[from] ability: Drought|[of] p2a: Charizard
|move|p2b: Grimmsnarl|Light Screen|p2b: Grimmsnarl
|-sidestart|p2: Chelicerate1|move: Light Screen
|move|p1a: Delphox|Nasty Plot|p1a: Delphox
|-boost|p1a: Delphox|spa|2
|move|p2a: Charizard|Heat Wave|p1a: Delphox|[spread] p1a,p1b
|-resisted|p1a: Delphox|1
|-resisted|p1b: Incineroar|1
|-damage|p1a: Delphox|69/100
|-damage|p1b: Incineroar|68/100
|move|p1b: Incineroar|Parting Shot|p2a: Charizard
|-unboost|p2a: Charizard|atk|1
|-unboost|p2a: Charizard|spa|1
|
|t:|1785688528
|switch|p1b: Sinistcha|Sinistcha, L50|100/100|[from] Parting Shot
|-heal|p1a: Delphox|94/100|[from] ability: Hospitality|[of] p1b: Sinistcha
|
|-weather|SunnyDay|[upkeep]
|upkeep
|turn|2
|
|t:|1785688534
|switch|p2a: Pelipper|Pelipper, L50, M|100/100
|-weather|RainDance|[from] ability: Drizzle|[of] p2a: Pelipper
|switch|p1b: Incineroar|Incineroar, L50, M|68/100
|-ability|p1b: Incineroar|Intimidate|boost
|-unboost|p2a: Pelipper|atk|1
|-unboost|p2b: Grimmsnarl|atk|1
|move|p1a: Delphox|Psyshock|p2a: Pelipper
|-damage|p2a: Pelipper|36/100
|-enditem|p2a: Pelipper|Sitrus Berry|[eat]
|-heal|p2a: Pelipper|61/100|[from] item: Sitrus Berry
|move|p2b: Grimmsnarl|Spirit Break|p1a: Delphox
|-resisted|p1a: Delphox|1
|-damage|p1a: Delphox|82/100
|-unboost|p1a: Delphox|spa|1
|
|-weather|RainDance|[upkeep]
|upkeep
|turn|3
|
|t:|1785688553
|move|p1b: Incineroar|Fake Out|p2a: Pelipper
|-damage|p2a: Pelipper|51/100
|move|p1a: Delphox|Nasty Plot|p1a: Delphox
|-boost|p1a: Delphox|spa|2
|cant|p2a: Pelipper|flinch
|move|p2b: Grimmsnarl|Spirit Break|p1a: Delphox
|-resisted|p1a: Delphox|1
|-damage|p1a: Delphox|70/100
|-unboost|p1a: Delphox|spa|1
|
|-weather|RainDance|[upkeep]
|upkeep
|turn|4
|
|t:|1785688567
|move|p2b: Grimmsnarl|Parting Shot|p1a: Delphox
|-unboost|p1a: Delphox|atk|1
|-unboost|p1a: Delphox|spa|1
|
|t:|1785688571
|switch|p2b: Basculegion|Basculegion, L50, M|100/100|[from] Parting Shot
|move|p1a: Delphox|Psyshock|p2a: Pelipper
|-damage|p2a: Pelipper|3/100
|move|p2a: Pelipper|Weather Ball|p1b: Incineroar
|-supereffective|p1b: Incineroar|1
|-damage|p1b: Incineroar|0 fnt
|faint|p1b: Incineroar
|
|-weather|RainDance|[upkeep]
|upkeep
|
|t:|1785688580
|switch|p1b: Sinistcha|Sinistcha, L50|100/100
|-heal|p1a: Delphox|95/100|[from] ability: Hospitality|[of] p1b: Sinistcha
|turn|5
|
|t:|1785688604
|move|p1a: Delphox|Protect|p1a: Delphox
|-singleturn|p1a: Delphox|Protect
|move|p2b: Basculegion|Last Respects|p1b: Sinistcha
|-supereffective|p1b: Sinistcha|1
|-damage|p1b: Sinistcha|41/100
|move|p2a: Pelipper|Hurricane|p1b: Sinistcha
|-supereffective|p1b: Sinistcha|1
|-damage|p1b: Sinistcha|0 fnt
|faint|p1b: Sinistcha
|
|-weather|RainDance|[upkeep]
|upkeep
|
|t:|1785688613
|switch|p1b: Maushold|Maushold, L50|100/100
|turn|6
|
|t:|1785688620
|switch|p2b: Charizard|Charizard-Mega-Y, L50, F|100/100
|-weather|SunnyDay|[from] ability: Drought|[of] p2b: Charizard
|switch|p2a: Grimmsnarl|Grimmsnarl, L50, M|100/100
|move|p1b: Maushold|Feint|p2a: Grimmsnarl
|-damage|p2a: Grimmsnarl|92/100
|move|p1a: Delphox|Psyshock|p2b: Charizard
|-damage|p2b: Charizard|47/100
|
|-weather|SunnyDay|[upkeep]
|upkeep
|turn|7
|
|t:|1785688629
|move|p1b: Maushold|Follow Me|p1b: Maushold
|-singleturn|p1b: Maushold|move: Follow Me
|move|p1a: Delphox|Psyshock|p2b: Charizard
|-damage|p2b: Charizard|0 fnt
|faint|p2b: Charizard
|move|p2a: Grimmsnarl|Spirit Break|p1b: Maushold
|-damage|p1b: Maushold|67/100
|-unboost|p1b: Maushold|spa|1
|
|-weather|SunnyDay|[upkeep]
|upkeep
|
|t:|1785688637
|switch|p2b: Basculegion|Basculegion, L50, M|100/100
|turn|8
|
|t:|1785688658
|move|p1b: Maushold|Follow Me|p1b: Maushold
|-singleturn|p1b: Maushold|move: Follow Me
|move|p2a: Grimmsnarl|Parting Shot|p1b: Maushold
|-unboost|p1b: Maushold|atk|1
|-unboost|p1b: Maushold|spa|1
|
|t:|1785688665
|switch|p2a: Pelipper|Pelipper, L50, M|3/100|[from] Parting Shot
|-weather|RainDance|[from] ability: Drizzle|[of] p2a: Pelipper
|move|p2b: Basculegion|Wave Crash|p1b: Maushold
|-damage|p1b: Maushold|0 fnt
|faint|p1b: Maushold
|-damage|p2b: Basculegion|78/100|[from] Recoil
|move|p1a: Delphox|Psyshock|p2b: Basculegion
|-damage|p2b: Basculegion|23/100
|
|-weather|RainDance|[upkeep]
|-sideend|p2: Chelicerate1|move: Light Screen
|upkeep
|turn|9
|
|t:|1785688681
|move|p2b: Basculegion|Wave Crash|p1a: Delphox
|-supereffective|p1a: Delphox|1
|-damage|p1a: Delphox|0 fnt
|faint|p1a: Delphox
|-damage|p2b: Basculegion|0 fnt|[from] Recoil
|faint|p2b: Basculegion
|
|win|Chelicerate1
|raw|carolchanning's rating: 1294 → 1269(-25 for losing)
|raw|Chelicerate1's rating: 1295 → 1320(+25 for winning)
