|j|☆teckorgrommm015
|j|☆ToastedArt
|html|teckorgrommm015ToastedArt    
|uhtml|bestof|Game 1 of a best-of-3
|t:|1785441983
|gametype|doubles
|player|p1|teckorgrommm015|doctor|1000
|player|p2|ToastedArt|iris|1015
|gen|9
|tier|[Gen 9 Champions] VGC 2026 Reg M-B (Bo3)
|rated|
|rule|Species Clause: Limit one of each Pokémon
|rule|Item Clause: Limit 1 of each item
|clearpoke
|poke|p1|Beedrill, L50, M|
|poke|p1|Alakazam, L50, M|
|poke|p1|Arbok, L50, F|
|poke|p1|Hippowdon, L50, F|
|poke|p1|Audino, L50, M|
|poke|p1|Chimecho, L50, M|
|poke|p2|Floette-Eternal, L50, F|
|poke|p2|Sneasler, L50, F|
|poke|p2|Incineroar, L50, M|
|poke|p2|Sinistcha, L50|
|poke|p2|Rotom-Wash, L50|
|poke|p2|Falinks, L50, shiny|
|teampreview|4
|showteam|p1|Beedrill||Metronome|Sniper|CrossPoison,IronDefense,SleepTalk,Rest|Careful||M|||50|]Alakazam||Alakazite|MagicGuard|Reflect,CalmMind,FutureSight,Recover|Timid||M|||50|]Arbok||SitrusBerry|ShedSkin|IronTail,Coil,Stockpile,Rest|Careful||F|||50|]Hippowdon||Leftovers|SandStream|Dig,Curse,Stockpile,SlackOff|Sassy||F|||50|]Audino||FairyFeather|Regenerator|Reflect,LightScreen,DrainingKiss,CalmMind|Relaxed||M|||50|]Chimecho||TwistedSpoon|Levitate|Protect,StoredPower,CosmicPower,Recover|Calm||M|||50|
|showteam|p2|Floette-Eternal||Floettite|FlowerVeil|Moonblast,CalmMind,DazzlingGleam,Protect|Modest||F|||50|]Sneasler||FocusSash|PoisonTouch|CloseCombat,DireClaw,FakeOut,Coaching|Jolly||F|||50|]Incineroar||SitrusBerry|Intimidate|PartingShot,ThroatChop,FakeOut,FlareBlitz|Careful||M|||50|]Sinistcha||OccaBerry|Hospitality|MatchaGotcha,TrickRoom,RagePowder,Protect|Relaxed|||||50|]Rotom-Wash||ChoiceScarf|Levitate|Electroweb,VoltSwitch,HydroPump,WillOWisp|Timid|||||50|]Falinks||Falinksite|Defiant|NoRetreat,CloseCombat,RockSlide,Protect|Adamant|||||50|
|inactive|Battle timer is ON: inactive players will automatically lose when time's up. (requested by ToastedArt)
|inactive|teckorgrommm015 has 60 seconds left.
|
|t:|1785442019
|teamsize|p1|4
|teamsize|p2|4
|start
|switch|p1a: Alakazam|Alakazam, L50, M|100/100
|switch|p1b: Audino|Audino, L50, M|100/100
|switch|p2a: Floette|Floette-Eternal, L50, F|100/100
|switch|p2b: Sneasler|Sneasler, L50, F|100/100
|turn|1
|inactive|teckorgrommm015 has 30 seconds left.
|inactive|teckorgrommm015 has 20 seconds left.
|
|t:|1785442056
|switch|p1b: Arbok|Arbok, L50, F|100/100
|detailschange|p1a: Alakazam|Alakazam-Mega, L50, M
|-mega|p1a: Alakazam|Alakazam|Alakazite
|-ability|p1a: Alakazam|Poison Touch|Trace|[from] ability: Trace|[of] p2b: Sneasler
|detailschange|p2a: Floette|Floette-Mega, L50, F
|-mega|p2a: Floette|Floette|Floettite
|-ability|p2a: Floette|Fairy Aura
|move|p2b: Sneasler|Fake Out|p1a: Alakazam
|-damage|p1a: Alakazam|82/100
|-status|p1a: Alakazam|psn|[from] ability: Poison Touch|[of] p2b: Sneasler
|cant|p1a: Alakazam|flinch
|move|p2a: Floette|Dazzling Gleam|p1b: Arbok|[spread] p1a,p1b
|-resisted|p1b: Arbok|1
|-damage|p1a: Alakazam|38/100 psn
|-damage|p1b: Arbok|78/100
|
|-damage|p1a: Alakazam|26/100 psn|[from] psn
|upkeep
|turn|2
|inactive|ToastedArt has 30 seconds left.
|
|t:|1785442089
|move|p2b: Sneasler|Coaching|p2a: Floette
|-boost|p2a: Floette|atk|1
|-boost|p2a: Floette|def|1
|move|p1a: Alakazam|Reflect|p1a: Alakazam
|-sidestart|p1: teckorgrommm015|Reflect
|move|p2a: Floette|Calm Mind|p2a: Floette
|-boost|p2a: Floette|spa|1
|-boost|p2a: Floette|spd|1
|move|p1b: Arbok|Stockpile|p1b: Arbok
|-start|p1b: Arbok|stockpile1
|-boost|p1b: Arbok|def|1
|-boost|p1b: Arbok|spd|1
|
|-damage|p1a: Alakazam|14/100 psn|[from] psn
|upkeep
|turn|3
|
|t:|1785442109
|move|p2b: Sneasler|Coaching|p2a: Floette
|-boost|p2a: Floette|atk|1
|-boost|p2a: Floette|def|1
|move|p1a: Alakazam|Recover|p1a: Alakazam
|-heal|p1a: Alakazam|64/100 psn
|move|p2a: Floette|Moonblast|p1b: Arbok
|-resisted|p1b: Arbok|1
|-damage|p1b: Arbok|46/100
|-enditem|p1b: Arbok|Sitrus Berry|[eat]
|-heal|p1b: Arbok|70/100|[from] item: Sitrus Berry
|move|p1b: Arbok|Coil|p1b: Arbok
|-boost|p1b: Arbok|atk|1
|-boost|p1b: Arbok|def|1
|-boost|p1b: Arbok|accuracy|1
|
|-damage|p1a: Alakazam|52/100 psn|[from] psn
|upkeep
|turn|4
|inactive|ToastedArt has 30 seconds left.
|
|t:|1785442137
|move|p2b: Sneasler|Dire Claw|p1b: Arbok
|-resisted|p1b: Arbok|1
|-damage|p1b: Arbok|62/100
|move|p1a: Alakazam|Future Sight|p2b: Sneasler
|-start|p1a: Alakazam|move: Future Sight
|move|p2a: Floette|Dazzling Gleam|p1b: Arbok|[spread] p1a,p1b
|-resisted|p1b: Arbok|1
|-damage|p1a: Alakazam|0 fnt
|-damage|p1b: Arbok|41/100
|faint|p1a: Alakazam
|move|p1b: Arbok|Iron Tail|p2a: Floette
|-supereffective|p2a: Floette|1
|-damage|p2a: Floette|64/100
|
|upkeep
|
|t:|1785442153
|switch|p1a: Audino|Audino, L50, M|100/100
|turn|5
|
|t:|1785442169
|switch|p2b: Sinistcha|Sinistcha, L50|100/100
|-heal|p2a: Floette|89/100|[from] ability: Hospitality|[of] p2b: Sinistcha
|move|p2a: Floette|Protect|p2a: Floette
|-singleturn|p2a: Floette|Protect
|move|p1b: Arbok|Rest|p1b: Arbok
|-status|p1b: Arbok|slp|[from] move: Rest
|-heal|p1b: Arbok|100/100 slp|[silent]
|move|p1a: Audino|Calm Mind|p1a: Audino
|-boost|p1a: Audino|spa|1
|-boost|p1a: Audino|spd|1
|
|upkeep
|turn|6
|
|t:|1785442189
|move|p2a: Floette|Calm Mind|p2a: Floette
|-boost|p2a: Floette|spa|1
|-boost|p2a: Floette|spd|1
|cant|p1b: Arbok|slp
|move|p2b: Sinistcha|Matcha Gotcha|p1a: Audino|[spread] p1b
|-miss|p2b: Sinistcha|p1a: Audino
|-resisted|p1b: Arbok|1
|-damage|p1b: Arbok|92/100 slp
|move|p1a: Audino|Light Screen|p1a: Audino
|-sidestart|p1: teckorgrommm015|move: Light Screen
|
|-end|p2b: Sinistcha|move: Future Sight
|-damage|p2b: Sinistcha|32/100
|-activate|p1b: Arbok|ability: Shed Skin
|-curestatus|p1b: Arbok|slp|[msg]
|-sideend|p1: teckorgrommm015|Reflect
|upkeep
|turn|7
|
|t:|1785442210
|move|p2b: Sinistcha|Rage Powder|p2b: Sinistcha
|-singleturn|p2b: Sinistcha|move: Rage Powder
|move|p2a: Floette|Calm Mind|p2a: Floette
|-boost|p2a: Floette|spa|1
|-boost|p2a: Floette|spd|1
|move|p1b: Arbok|Stockpile|p1b: Arbok
|-start|p1b: Arbok|stockpile2
|-boost|p1b: Arbok|def|1
|-boost|p1b: Arbok|spd|1
|move|p1a: Audino|Draining Kiss|p2b: Sinistcha
|-damage|p2b: Sinistcha|15/100
|
|upkeep
|turn|8
|inactive|teckorgrommm015 has 30 seconds left.
|inactive|teckorgrommm015 has 20 seconds left.
|
|t:|1785442247
|move|p2b: Sinistcha|Rage Powder|p2b: Sinistcha
|-singleturn|p2b: Sinistcha|move: Rage Powder
|move|p2a: Floette|Calm Mind|p2a: Floette
|-boost|p2a: Floette|spa|1
|-boost|p2a: Floette|spd|1
|move|p1b: Arbok|Coil|p1b: Arbok
|-boost|p1b: Arbok|atk|1
|-boost|p1b: Arbok|def|1
|-boost|p1b: Arbok|accuracy|1
|move|p1a: Audino|Calm Mind|p1a: Audino
|-boost|p1a: Audino|spa|1
|-boost|p1a: Audino|spd|1
|
|upkeep
|turn|9
|
|t:|1785442269
|move|p2b: Sinistcha|Rage Powder|p2b: Sinistcha
|-singleturn|p2b: Sinistcha|move: Rage Powder
|move|p2a: Floette|Calm Mind|p2a: Floette
|-boost|p2a: Floette|spa|1
|-boost|p2a: Floette|spd|1
|move|p1b: Arbok|Iron Tail|p2b: Sinistcha
|-damage|p2b: Sinistcha|0 fnt
|faint|p2b: Sinistcha
|move|p1a: Audino|Calm Mind|p1a: Audino
|-boost|p1a: Audino|spa|1
|-boost|p1a: Audino|spd|1
|
|upkeep
|
|t:|1785442283
|switch|p2b: Incineroar|Incineroar, L50, M|100/100
|-ability|p2b: Incineroar|Intimidate|boost
|-unboost|p1a: Audino|atk|1
|-unboost|p1b: Arbok|atk|1
|turn|10
|
|t:|1785442302
|move|p2b: Incineroar|Fake Out|p1b: Arbok
|-damage|p1b: Arbok|87/100
|move|p2a: Floette|Calm Mind|p2a: Floette
|-boost|p2a: Floette|spa|1
|-boost|p2a: Floette|spd|1
|cant|p1b: Arbok|flinch
|move|p1a: Audino|Draining Kiss|p2b: Incineroar
|-damage|p2b: Incineroar|75/100
|
|-sideend|p1: teckorgrommm015|move: Light Screen
|upkeep
|turn|11
|
|t:|1785442323
|move|p2a: Floette|Moonblast|p1b: Arbok
|-resisted|p1b: Arbok|1
|-damage|p1b: Arbok|16/100
|move|p1b: Arbok|Stockpile|p1b: Arbok
|-start|p1b: Arbok|stockpile3
|-boost|p1b: Arbok|def|1
|-boost|p1b: Arbok|spd|1
|move|p2b: Incineroar|Flare Blitz|p1b: Arbok
|-damage|p1b: Arbok|0 fnt
|faint|p1b: Arbok
|-damage|p2b: Incineroar|70/100|[from] Recoil
|move|p1a: Audino|Calm Mind|p1a: Audino
|-boost|p1a: Audino|spa|1
|-boost|p1a: Audino|spd|1
|
|upkeep
|inactive|teckorgrommm015 has 30 seconds left.
|inactive|teckorgrommm015 has 20 seconds left.
|inactive|teckorgrommm015 has 15 seconds left.
|inactive|teckorgrommm015 has 10 seconds left.
|
|t:|1785442373
|switch|p1b: Hippowdon|Hippowdon, L50, F|100/100
|-weather|Sandstorm|[from] ability: Sand Stream|[of] p1b: Hippowdon
|turn|12
|-message|teckorgrommm015 forfeited.
|raw|teckorgrommm015's rating: 1000 → 1000(+0 for losing)
|raw|ToastedArt's rating: 1015 → 1051(+36 for winning)
|
|win|ToastedArt
