|j|☆Gentlefish
|j|☆xx_junior_rx7_xx
|html|Gentlefishxx_junior_rx7_xx    
|uhtml|bestof|Game 1 of a best-of-3
|t:|1756678866
|gametype|doubles
|player|p1|Gentlefish|burglar-gen1rb|1102
|player|p2|xx_junior_rx7_xx|102|1020
|gen|9
|tier|[Gen 9] VGC 2025 Reg H (Bo3)
|rated|
|rule|Species Clause: Limit one of each Pokémon
|rule|Item Clause: Limit 1 of each item
|clearpoke
|poke|p1|Garchomp, L50, M|
|poke|p1|Weezing-Galar, L50, F|
|poke|p1|Archaludon, L50, F|
|poke|p1|Gholdengo, L50|
|poke|p1|Talonflame, L50, M|
|poke|p1|Annihilape, L50, M|
|poke|p2|Tyranitar, L50, F|
|poke|p2|Excadrill, L50, M|
|poke|p2|Magmar, L50, M|
|poke|p2|Sneasler, L50, M|
|poke|p2|Corviknight, L50, M|
|poke|p2|Indeedee, L50, M|
|teampreview|4
|showteam|p1|Garchomp||LifeOrb|RoughSkin|DragonClaw,Earthquake,StompingTantrum,Protect|||M|||50|,,,,,Ground]Weezing-Galar||FocusSash|NeutralizingGas|Protect,SludgeBomb,Taunt,StrangeSteam|||F|||50|,,,,,Flying]Archaludon||PowerHerb|Sturdy|ElectroShot,Thunderbolt,DracoMeteor,Protect|||F|||50|,,,,,Electric]Gholdengo||ChoiceSpecs|GoodasGold|ShadowBall,DazzlingGleam,PowerGem,MakeItRain||||||50|,,,,,Fairy]Talonflame||CovertCloak|GaleWings|Tailwind,DualWingbeat,Taunt,FlareBlitz|||M|||50|,,,,,Stellar]Annihilape||AssaultVest|Defiant|CloseCombat,RageFist,FinalGambit,IcePunch|||M|||50|,,,,,Grass
|showteam|p2|Tyranitar||AssaultVest|SandStream|RockSlide,KnockOff,LowKick,TeraBlast|||F|||50|,,,,,Flying]Excadrill||FocusSash|SandRush|EarthPower,IronHead,SwordsDance,Protect|||M|||50|,,,,,Ground]Magmar||Eviolite|VitalSpirit|Protect,HelpingHand,FollowMe,HeatWave|||M|||50|,,,,,Ghost]Sneasler||WhiteHerb|Unburden|FakeOut,CloseCombat,DireClaw,Coaching|||M|||50|,,,,,Flying]Corviknight||PsychicSeed|MirrorArmor|BraveBird,PowerTrip,BulkUp,Roost|||M|||50|,,,,,Water]Indeedee||ChoiceScarf|PsychicSurge|ExpandingForce,TeraBlast,Trick,Protect|||M|||50|,,,,,Psychic
|
|t:|1756678944
|teamsize|p1|4
|teamsize|p2|4
|start
|switch|p1a: Weezing|Weezing-Galar, L50, F|100/100
|switch|p1b: Gholdengo|Gholdengo, L50|100/100
|switch|p2a: Tyranitar|Tyranitar, L50, F|100/100
|switch|p2b: Excadrill|Excadrill, L50, M|100/100
|-ability|p1a: Weezing|Neutralizing Gas
|turn|1
|
|t:|1756678980
|-terastallize|p1b: Gholdengo|Fairy
|move|p1a: Weezing|Protect|p1a: Weezing
|-singleturn|p1a: Weezing|Protect
|move|p2b: Excadrill|Swords Dance|p2b: Excadrill
|-boost|p2b: Excadrill|atk|2
|move|p1b: Gholdengo|Dazzling Gleam|p2a: Tyranitar|[spread] p2a,p2b
|-supereffective|p2a: Tyranitar
|-resisted|p2b: Excadrill
|-damage|p2a: Tyranitar|42/100
|-damage|p2b: Excadrill|69/100
|move|p2a: Tyranitar|Knock Off|p1b: Gholdengo
|-resisted|p1b: Gholdengo
|-damage|p1b: Gholdengo|69/100
|-enditem|p1b: Gholdengo|Choice Specs|[from] move: Knock Off|[of] p2a: Tyranitar
|
|upkeep
|turn|2
|
|t:|1756679005
|move|p2b: Excadrill|Iron Head|p1b: Gholdengo
|-supereffective|p1b: Gholdengo
|-damage|p1b: Gholdengo|0 fnt
|faint|p1b: Gholdengo
|move|p1a: Weezing|Strange Steam|p2a: Tyranitar
|-supereffective|p2a: Tyranitar
|-damage|p2a: Tyranitar|0 fnt
|faint|p2a: Tyranitar
|
|upkeep
|
|t:|1756679013
|switch|p1b: Garchomp|Garchomp, L50, M|100/100
|switch|p2a: Magmar|Magmar, L50, M|100/100
|turn|3
|
|t:|1756679032
|move|p2a: Magmar|Helping Hand|p2b: Excadrill
|-singleturn|p2b: Excadrill|Helping Hand|[of] p2a: Magmar
|move|p1b: Garchomp|Protect|p1b: Garchomp
|-singleturn|p1b: Garchomp|Protect
|move|p2b: Excadrill|Earth Power|p1b: Garchomp
|-activate|p1b: Garchomp|move: Protect
|move|p1a: Weezing|Taunt|p2a: Magmar
|-start|p2a: Magmar|move: Taunt
|
|upkeep
|turn|4
|
|t:|1756679080
|switch|p2a: Corviknight|Corviknight, L50, M|100/100
|-terastallize|p2b: Excadrill|Ground
|move|p1b: Garchomp|Stomping Tantrum|p2b: Excadrill
|-damage|p2b: Excadrill|0 fnt
|faint|p2b: Excadrill
|-damage|p1b: Garchomp|91/100|[from] item: Life Orb
|move|p1a: Weezing|Strange Steam|p2a: Corviknight
|-resisted|p2a: Corviknight
|-damage|p2a: Corviknight|80/100
|
|upkeep
|
|t:|1756679092
|switch|p2b: Magmar|Magmar, L50, M|100/100
|turn|5
|
|t:|1756679101
|move|p2b: Magmar|Follow Me|p2b: Magmar
|-singleturn|p2b: Magmar|move: Follow Me
|move|p1b: Garchomp|Stomping Tantrum|p2b: Magmar
|-supereffective|p2b: Magmar
|-damage|p2b: Magmar|14/100
|-damage|p1b: Garchomp|81/100|[from] item: Life Orb
|move|p1a: Weezing|Taunt|p2b: Magmar
|-start|p2b: Magmar|move: Taunt
|move|p2a: Corviknight|Bulk Up|p2a: Corviknight
|-boost|p2a: Corviknight|atk|1
|-boost|p2a: Corviknight|def|1
|
|upkeep
|turn|6
|
|t:|1756679125
|move|p1b: Garchomp|Dragon Claw|p2b: Magmar
|-damage|p2b: Magmar|0 fnt
|faint|p2b: Magmar
|-damage|p1b: Garchomp|71/100|[from] item: Life Orb
|move|p1a: Weezing|Taunt|p2a: Corviknight
|-start|p2a: Corviknight|move: Taunt
|cant|p2a: Corviknight|move: Taunt|Bulk Up
|
|upkeep
|turn|7
|
|t:|1756679148
|move|p1b: Garchomp|Dragon Claw|p2a: Corviknight
|-resisted|p2a: Corviknight
|-damage|p2a: Corviknight|65/100
|-damage|p1b: Garchomp|61/100|[from] item: Life Orb
|move|p1a: Weezing|Strange Steam|p2a: Corviknight
|-resisted|p2a: Corviknight
|-damage|p2a: Corviknight|47/100
|move|p2a: Corviknight|Power Trip|p1b: Garchomp
|-damage|p1b: Garchomp|39/100
|
|upkeep
|turn|8
|
|t:|1756679169
|move|p1b: Garchomp|Dragon Claw|p2a: Corviknight
|-resisted|p2a: Corviknight
|-damage|p2a: Corviknight|31/100
|-damage|p1b: Garchomp|29/100|[from] item: Life Orb
|move|p1a: Weezing|Strange Steam|p2a: Corviknight
|-resisted|p2a: Corviknight
|-damage|p2a: Corviknight|13/100
|move|p2a: Corviknight|Power Trip|p1b: Garchomp
|-damage|p1b: Garchomp|4/100
|
|-end|p2a: Corviknight|move: Taunt
|upkeep
|turn|9
|l|☆xx_junior_rx7_xx
|player|p2|
|inactive|Battle timer is ON: inactive players will automatically lose when time's up. (requested by Gentlefish)
|inactive|xx_junior_rx7_xx has 30 seconds to reconnect!
|inactive|xx_junior_rx7_xx has 20 seconds to reconnect!
|inactive|xx_junior_rx7_xx has 15 seconds to reconnect!
|inactive|xx_junior_rx7_xx has 10 seconds to reconnect!
|inactive|xx_junior_rx7_xx has 5 seconds to reconnect!
|-message|xx_junior_rx7_xx lost due to inactivity.
|
|win|Gentlefish
|raw|Gentlefish's rating: 1102 → 1121(+19 for winning)
|raw|xx_junior_rx7_xx's rating: 1020 → 1010(-10 for losing)
