|j|☆Yamijam
|j|☆Beeetch
|html|YamijamBeeetch    
|uhtml|bestof|Game 1 of a best-of-3
|t:|1756847249
|gametype|doubles
|player|p1|Yamijam|pokemonranger|1202
|player|p2|Beeetch|beauty-gen4dp|1297
|gen|9
|tier|[Gen 9] VGC 2025 Reg H (Bo3)
|rated|
|rule|Species Clause: Limit one of each Pokémon
|rule|Item Clause: Limit 1 of each item
|clearpoke
|poke|p1|Volcarona, L50, F|
|poke|p1|Rillaboom, L50, F|
|poke|p1|Archaludon, L50, M|
|poke|p1|Pelipper, L50, M|
|poke|p1|Corviknight, L50, M|
|poke|p1|Basculegion, L50, M|
|poke|p2|Excadrill, L50, F|
|poke|p2|Tyranitar, L50, M|
|poke|p2|Sneasler, L50, M|
|poke|p2|Indeedee, L50, M|
|poke|p2|Corviknight, L50, M|
|poke|p2|Annihilape, L50, F|
|teampreview|4
|showteam|p1|Volcarona||Leftovers|FlameBody|GigaDrain,FieryDance,QuiverDance,TeraBlast|||F|||50|,,,,,Fairy]Rillaboom||CovertCloak|GrassySurge|FakeOut,LowKick,DrumBeating,GrassyGlide|||F|||50|,,,,,Fire]Archaludon||AssaultVest|Stamina|ElectroShot,DracoMeteor,BodyPress,FlashCannon|||M|||50|,,,,,Poison]Pelipper||FocusSash|Drizzle|WeatherBall,Hurricane,Tailwind,WideGuard|||M|||50|,,,,,Ground]Corviknight||SafetyGoggles|MirrorArmor|IronDefense,DualWingbeat,BodyPress,Tailwind|||M|||50|,,,,,Dragon]Basculegion||ChoiceScarf|Adaptability|LastRespects,WaveCrash,FlipTurn,IceFang|||M|||50|,,,,,Ghost
|showteam|p2|Excadrill||FocusSash|SandRush|IronHead,HighHorsepower,Earthquake,Protect|||F|||50|,,,,,Stellar]Tyranitar||AssaultVest|SandStream|RockSlide,KnockOff,TeraBlast,LowKick|||M|||50|,,,,,Flying]Sneasler||PsychicSeed|Unburden|DireClaw,CloseCombat,ThroatChop,Protect|||M|||50|,,,,,Dark]Indeedee||ChoiceScarf|PsychicSurge|ExpandingForce,TeraBlast,Protect,Trick|||M|||50|,,,,,Psychic]Corviknight||Leftovers|MirrorArmor|BraveBird,BulkUp,Roost,Tailwind|||M|||50|,,,,,Dragon]Annihilape||SafetyGoggles|Defiant|CloseCombat,FinalGambit,RageFist,Taunt|||F|||50|,,,,,Water
|
|t:|1756847303
|teamsize|p1|4
|teamsize|p2|4
|start
|switch|p1a: Rillaboom|Rillaboom, L50, F|100/100
|switch|p1b: Corviknight|Corviknight, L50, M|100/100
|switch|p2a: Annihilape|Annihilape, L50, F|100/100
|switch|p2b: Sneasler|Sneasler, L50, M, shiny|100/100
|-fieldstart|move: Grassy Terrain|[from] ability: Grassy Surge|[of] p1a: Rillaboom
|turn|1
|
|t:|1756847323
|switch|p1a: Archaludon|Archaludon, L50, M, shiny|100/100
|move|p2b: Sneasler|Protect|p2b: Sneasler
|-singleturn|p2b: Sneasler|Protect
|move|p2a: Annihilape|Final Gambit|p1b: Corviknight
|-damage|p1b: Corviknight|0 fnt
|faint|p2a: Annihilape
|faint|p1b: Corviknight
|
|upkeep
|
|t:|1756847332
|switch|p2a: Indeedee|Indeedee, L50, M, shiny|100/100
|switch|p1b: Volcarona|Volcarona, L50, F, shiny|100/100
|-fieldstart|move: Psychic Terrain|[from] ability: Psychic Surge|[of] p2a: Indeedee
|-enditem|p2b: Sneasler|Psychic Seed
|-boost|p2b: Sneasler|spd|1|[from] item: Psychic Seed
|turn|2
|
|t:|1756847379
|switch|p1a: Rillaboom|Rillaboom, L50, F|100/100
|-fieldstart|move: Grassy Terrain|[from] ability: Grassy Surge|[of] p1a: Rillaboom
|move|p2b: Sneasler|Close Combat|p1a: Rillaboom
|-damage|p1a: Rillaboom|35/100
|-unboost|p2b: Sneasler|def|1
|-unboost|p2b: Sneasler|spd|1
|move|p2a: Indeedee|Trick|p1b: Volcarona
|-activate|p2a: Indeedee|move: Trick|[of] p1b: Volcarona
|-item|p1b: Volcarona|Choice Scarf|[from] move: Trick
|-item|p2a: Indeedee|Leftovers|[from] move: Trick
|move|p1b: Volcarona|Fiery Dance|p2a: Indeedee
|-damage|p2a: Indeedee|47/100
|-boost|p1b: Volcarona|spa|1
|
|-heal|p2a: Indeedee|53/100|[from] Grassy Terrain
|-heal|p2a: Indeedee|59/100|[from] item: Leftovers
|-heal|p1a: Rillaboom|41/100|[from] Grassy Terrain
|upkeep
|turn|3
|
|t:|1756847410
|switch|p2a: Tyranitar|Tyranitar, L50, M, shiny|100/100
|-weather|Sandstorm|[from] ability: Sand Stream|[of] p2a: Tyranitar
|move|p2b: Sneasler|Protect|p2b: Sneasler
|-singleturn|p2b: Sneasler|Protect
|move|p1a: Rillaboom|Fake Out|p2b: Sneasler
|-activate|p2b: Sneasler|move: Protect
|move|p1b: Volcarona|Fiery Dance|p2b: Sneasler
|-activate|p2b: Sneasler|move: Protect
|
|-weather|Sandstorm|[upkeep]
|-damage|p2b: Sneasler|94/100|[from] Sandstorm
|-damage|p1b: Volcarona|94/100|[from] Sandstorm
|-damage|p1a: Rillaboom|35/100|[from] Sandstorm
|-heal|p2b: Sneasler|100/100|[from] Grassy Terrain
|-heal|p1b: Volcarona|100/100|[from] Grassy Terrain
|-heal|p1a: Rillaboom|41/100|[from] Grassy Terrain
|upkeep
|turn|4
|
|t:|1756847427
|switch|p2b: Indeedee|Indeedee, L50, M, shiny|59/100
|-fieldstart|move: Psychic Terrain|[from] ability: Psychic Surge|[of] p2b: Indeedee
|switch|p1a: Archaludon|Archaludon, L50, M, shiny|100/100
|move|p1b: Volcarona|Fiery Dance|p2b: Indeedee
|-damage|p2b: Indeedee|0 fnt
|faint|p2b: Indeedee
|move|p2a: Tyranitar|Rock Slide|p1a: Archaludon|[spread] p1a,p1b
|-resisted|p1a: Archaludon
|-supereffective|p1b: Volcarona
|-damage|p1a: Archaludon|88/100
|-damage|p1b: Volcarona|0 fnt
|-ability|p1a: Archaludon|Stamina|boost
|-boost|p1a: Archaludon|def|1
|faint|p1b: Volcarona
|
|-weather|Sandstorm|[upkeep]
|upkeep
|
|t:|1756847442
|switch|p2b: Sneasler|Sneasler, L50, M, shiny|100/100
|switch|p1b: Rillaboom|Rillaboom, L50, F|41/100
|-fieldstart|move: Grassy Terrain|[from] ability: Grassy Surge|[of] p1b: Rillaboom
|turn|5
|
|t:|1756847471
|-terastallize|p1a: Archaludon|Poison
|-terastallize|p2a: Tyranitar|Flying
|move|p2b: Sneasler|Protect|p2b: Sneasler
|-singleturn|p2b: Sneasler|Protect
|move|p1b: Rillaboom|Fake Out|p2a: Tyranitar
|-damage|p2a: Tyranitar|86/100
|move|p1a: Archaludon|Draco Meteor|p2b: Sneasler
|-activate|p2b: Sneasler|move: Protect
|cant|p2a: Tyranitar|flinch
|
|-weather|Sandstorm|[upkeep]
|-damage|p2b: Sneasler|94/100|[from] Sandstorm
|-damage|p1b: Rillaboom|35/100|[from] Sandstorm
|-damage|p1a: Archaludon|82/100|[from] Sandstorm
|-damage|p2a: Tyranitar|80/100|[from] Sandstorm
|-heal|p2b: Sneasler|100/100|[from] Grassy Terrain
|-heal|p1b: Rillaboom|41/100|[from] Grassy Terrain
|-heal|p1a: Archaludon|88/100|[from] Grassy Terrain
|upkeep
|turn|6
|
|t:|1756847496
|move|p2b: Sneasler|Dire Claw|p1b: Rillaboom
|-supereffective|p1b: Rillaboom
|-damage|p1b: Rillaboom|0 fnt
|faint|p1b: Rillaboom
|move|p1a: Archaludon|Draco Meteor|p2b: Sneasler
|-damage|p2b: Sneasler|18/100
|-unboost|p1a: Archaludon|spa|2
|move|p2a: Tyranitar|Rock Slide|p1a: Archaludon
|-damage|p1a: Archaludon|66/100
|-ability|p1a: Archaludon|Stamina|boost
|-boost|p1a: Archaludon|def|1
|
|-weather|Sandstorm|[upkeep]
|-damage|p2b: Sneasler|12/100|[from] Sandstorm
|-damage|p1a: Archaludon|60/100|[from] Sandstorm
|-damage|p2a: Tyranitar|75/100|[from] Sandstorm
|-heal|p2b: Sneasler|18/100|[from] Grassy Terrain
|-heal|p1a: Archaludon|66/100|[from] Grassy Terrain
|upkeep
|turn|7
|
|t:|1756847511
|move|p2b: Sneasler|Dire Claw|p1a: Archaludon
|-resisted|p1a: Archaludon
|-damage|p1a: Archaludon|59/100
|-ability|p1a: Archaludon|Stamina|boost
|-boost|p1a: Archaludon|def|1
|move|p1a: Archaludon|Body Press|p2b: Sneasler
|-resisted|p2b: Sneasler
|-damage|p2b: Sneasler|0 fnt
|faint|p2b: Sneasler
|move|p2a: Tyranitar|Rock Slide|p1a: Archaludon|[miss]
|-miss|p2a: Tyranitar|p1a: Archaludon
|
|-weather|none
|-heal|p1a: Archaludon|65/100|[from] Grassy Terrain
|upkeep
|turn|8
|
|t:|1756847521
|move|p1a: Archaludon|Body Press|p2a: Tyranitar
|-resisted|p2a: Tyranitar
|-damage|p2a: Tyranitar|48/100
|move|p2a: Tyranitar|Rock Slide|p1a: Archaludon
|-damage|p1a: Archaludon|52/100
|-ability|p1a: Archaludon|Stamina|boost
|-boost|p1a: Archaludon|def|1
|
|-heal|p1a: Archaludon|58/100|[from] Grassy Terrain
|upkeep
|turn|9
|
|t:|1756847530
|move|p1a: Archaludon|Body Press|p2a: Tyranitar
|-resisted|p2a: Tyranitar
|-damage|p2a: Tyranitar|16/100
|move|p2a: Tyranitar|Tera Blast|p1a: Archaludon|[anim] Tera Blast Flying
|-damage|p1a: Archaludon|47/100
|-ability|p1a: Archaludon|Stamina|boost
|-boost|p1a: Archaludon|def|1
|
|-heal|p1a: Archaludon|53/100|[from] Grassy Terrain
|-fieldend|move: Grassy Terrain
|upkeep
|turn|10
|
|t:|1756847534
|move|p1a: Archaludon|Body Press|p2a: Tyranitar
|-resisted|p2a: Tyranitar
|-damage|p2a: Tyranitar|0 fnt
|faint|p2a: Tyranitar
|
|win|Yamijam
||Yamijam is ready for game 2.
