|j|☆Metallicmadness
|j|☆big grape soda
|html|Metallicmadnessbig grape soda    
|uhtml|bestof|Game 1 of a best-of-3
|t:|1757638941
|gametype|doubles
|player|p1|Metallicmadness|byron|1350
|player|p2|big grape soda|2|1282
|gen|9
|tier|[Gen 9] VGC 2025 Reg H (Bo3)
|rated|
|rule|Species Clause: Limit one of each Pokémon
|rule|Item Clause: Limit 1 of each item
|clearpoke
|poke|p1|Armarouge, L50, F|
|poke|p1|Torkoal, L50, M|
|poke|p1|Lilligant-Hisui, L50, F|
|poke|p1|Gallade, L50, M|
|poke|p1|Dragapult, L50, F|
|poke|p1|Indeedee-F, L50, F|
|poke|p2|Dragonite, L50, F|
|poke|p2|Sneasler, L50, M|
|poke|p2|Ninetales-Alola, L50, M|
|poke|p2|Magmar, L50, M|
|poke|p2|Gholdengo, L50|
|poke|p2|Rillaboom, L50, F|
|teampreview|4
|showteam|p1|Armarouge||PowerHerb|FlashFire|ExpandingForce,MeteorBeam,ArmorCannon,Protect|||F|||50|,,,,,Psychic]Torkoal||EjectPack|Drought|Eruption,Overheat,EarthPower,Protect|||M|||50|,,,,,Fire]Lilligant-Hisui||FocusSash|Chlorophyll|CloseCombat,SleepPowder,AfterYou,LeafBlade|||F|||50|,,,,,Ghost]Gallade||ClearAmulet|Steadfast|PsychoCut,SacredSword,Protect,TrickRoom|||M|||50|,,,,,Grass]Dragapult||ChoiceBand|ClearBody|DragonDarts,PhantomForce,Uturn,Outrage|||F|||50|,,,,,Dragon]Indeedee-F||SafetyGoggles|PsychicSurge|Psychic,TrickRoom,FollowMe,HelpingHand|||F|||50|,,,,,Fairy
|showteam|p2|Dragonite||LoadedDice|Multiscale|ScaleShot,Protect,Tailwind,Haze|||F|||50|,,,,,Steel]Sneasler||WhiteHerb|Unburden|DireClaw,CloseCombat,Coaching,Protect|||M|||50|,,,,,Ghost]Ninetales-Alola||FocusSash|SnowWarning|IcyWind,Blizzard,AuroraVeil,Encore|||M|||50|,,,,,Ghost]Magmar||Eviolite|VitalSpirit|HeatWave,Taunt,FollowMe,Protect|||M|||50|,,,,,Fairy]Gholdengo||GrassySeed|GoodasGold|MakeItRain,ShadowBall,NastyPlot,Protect||||||50|,,,,,Water]Rillaboom||AssaultVest|GrassySurge|WoodHammer,GrassyGlide,HighHorsepower,FakeOut|||F|||50|,,,,,Fire
|inactive|Battle timer is ON: inactive players will automatically lose when time's up. (requested by Metallicmadness)
|inactive|Metallicmadness has 60 seconds left.
|inactive|big grape soda has 60 seconds left.
|inactive|big grape soda has 30 seconds left.
|inactive|big grape soda has 20 seconds left.
|inactive|big grape soda has 15 seconds left.
|
|t:|1757639016
|teamsize|p1|4
|teamsize|p2|4
|start
|switch|p1a: Armarouge|Armarouge, L50, F|100/100
|switch|p1b: Indeedee|Indeedee-F, L50, F|100/100
|switch|p2a: Gholdengo|Gholdengo, L50|100/100
|switch|p2b: Magmar|Magmar, L50, M|100/100
|-fieldstart|move: Psychic Terrain|[from] ability: Psychic Surge|[of] p1b: Indeedee
|turn|1
|inactive|big grape soda has 30 seconds left.
|
|t:|1757639042
|move|p2a: Gholdengo|Shadow Ball|p1a: Armarouge
|-supereffective|p1a: Armarouge
|-damage|p1a: Armarouge|23/100
|move|p2b: Magmar|Taunt|p1b: Indeedee
|-start|p1b: Indeedee|move: Taunt
|move|p1a: Armarouge|Meteor Beam||[still]
|-prepare|p1a: Armarouge|Meteor Beam
|-boost|p1a: Armarouge|spa|1
|-enditem|p1a: Armarouge|Power Herb
|-anim|p1a: Armarouge|Meteor Beam|p2b: Magmar
|-supereffective|p2b: Magmar
|-damage|p2b: Magmar|0 fnt
|faint|p2b: Magmar
|cant|p1b: Indeedee|move: Taunt|Trick Room
|
|upkeep
|
|t:|1757639054
|switch|p2b: Rillaboom|Rillaboom, L50, F|100/100
|-fieldstart|move: Grassy Terrain|[from] ability: Grassy Surge|[of] p2b: Rillaboom
|-enditem|p2a: Gholdengo|Grassy Seed
|-boost|p2a: Gholdengo|def|1|[from] item: Grassy Seed
|turn|2
|
|t:|1757639058
|switch|p2b: Sneasler|Sneasler, L50, M|100/100
|switch|p1b: Dragapult|Dragapult, L50, F|100/100
|move|p1a: Armarouge|Protect|p1a: Armarouge
|-singleturn|p1a: Armarouge|Protect
|move|p2a: Gholdengo|Shadow Ball|p1a: Armarouge
|-activate|p1a: Armarouge|move: Protect
|
|-heal|p1a: Armarouge|29/100|[from] Grassy Terrain
|upkeep
|turn|3
|
|t:|1757639080
|move|p1a: Armarouge|Protect|p1a: Armarouge
|-singleturn|p1a: Armarouge|Protect
|move|p1b: Dragapult|Phantom Force||[still]
|-prepare|p1b: Dragapult|Phantom Force
|move|p2b: Sneasler|Close Combat|p1a: Armarouge
|-activate|p1a: Armarouge|move: Protect
|move|p2a: Gholdengo|Shadow Ball|p1b: Dragapult|[miss]
|-miss|p2a: Gholdengo|p1b: Dragapult
|
|-heal|p1a: Armarouge|35/100|[from] Grassy Terrain
|upkeep
|turn|4
|inactive|Metallicmadness has 30 seconds left.
|
|t:|1757639106
|-terastallize|p2a: Gholdengo|Water
|move|p1b: Dragapult|Phantom Force|p2a: Gholdengo|[from] lockedmove
|-damage|p2a: Gholdengo|56/100
|move|p2b: Sneasler|Dire Claw|p1a: Armarouge
|-damage|p1a: Armarouge|0 fnt
|faint|p1a: Armarouge
|move|p2a: Gholdengo|Shadow Ball|p1b: Dragapult
|-supereffective|p1b: Dragapult
|-damage|p1b: Dragapult|0 fnt
|faint|p1b: Dragapult
|
|-heal|p2a: Gholdengo|63/100|[from] Grassy Terrain
|upkeep
|
|t:|1757639116
|switch|p1b: Indeedee|Indeedee-F, L50, F|100/100
|switch|p1a: Torkoal|Torkoal, L50, M|100/100
|-fieldstart|move: Psychic Terrain|[from] ability: Psychic Surge|[of] p1b: Indeedee
|-weather|SunnyDay|[from] ability: Drought|[of] p1a: Torkoal
|turn|5
|
|t:|1757639127
|-terastallize|p1a: Torkoal|Fire
|move|p1b: Indeedee|Follow Me|p1b: Indeedee
|-singleturn|p1b: Indeedee|move: Follow Me
|move|p2b: Sneasler|Close Combat|p1b: Indeedee
|-damage|p1b: Indeedee|19/100
|-unboost|p2b: Sneasler|def|1
|-unboost|p2b: Sneasler|spd|1
|-enditem|p2b: Sneasler|White Herb
|-clearnegativeboost|p2b: Sneasler|[silent]
|move|p2a: Gholdengo|Make It Rain|p1a: Torkoal|[spread] p1a,p1b
|-resisted|p1a: Torkoal
|-damage|p1a: Torkoal|70/100
|-damage|p1b: Indeedee|0 fnt
|-unboost|p2a: Gholdengo|spa|1
|faint|p1b: Indeedee
|move|p1a: Torkoal|Eruption|p2b: Sneasler|[spread] p2a,p2b
|-resisted|p2a: Gholdengo
|-damage|p2a: Gholdengo|24/100
|-damage|p2b: Sneasler|13/100
|
|-weather|SunnyDay|[upkeep]
|upkeep
|turn|6
|-message|Metallicmadness forfeited.
|
|win|big grape soda
||big grape soda is ready for game 2.
||Metallicmadness is ready for game 2.
|uhtml|next|Next: Game 2 of 3
|l|☆Metallicmadness
|player|p1|
