|j|☆FERA kApset
|j|☆cuz you
|html|FERA kApsetcuz you    
|uhtml|bestof|Game 1 of a best-of-3
|t:|1782431800
|gametype|doubles
|player|p1|FERA kApset|byron|1000
|player|p2|cuz you|2|1000
|gen|9
|tier|[Gen 9 Champions] VGC 2026 Reg M-B (Bo3)
|rated|
|rule|Species Clause: Limit one of each Pokémon
|rule|Item Clause: Limit 1 of each item
|clearpoke
|poke|p1|Aerodactyl, L50, F|
|poke|p1|Garchomp, L50, M|
|poke|p1|Kingambit, L50, M|
|poke|p1|Farigiraf, L50, F|
|poke|p1|Sylveon, L50, F|
|poke|p1|Charizard, L50, M|
|poke|p2|Kangaskhan, L50, F|
|poke|p2|Blaziken, L50, F, shiny|
|poke|p2|Toxicroak, L50, M, shiny|
|poke|p2|Emolga, L50, M, shiny|
|poke|p2|Decidueye-Hisui, L50, M|
|poke|p2|Scizor, L50, F|
|teampreview|4
|showteam|p1|Aerodactyl||Aerodactylite|Unnerve|RockSlide,Protect,DualWingbeat,Tailwind|Jolly||F|||50|]Garchomp||LifeOrb|RoughSkin|Protect,DragonClaw,Earthquake,StompingTantrum|Adamant||M|||50|]Kingambit||FocusSash|Defiant|KowtowCleave,IronHead,SuckerPunch,Protect|Adamant||M|||50|]Farigiraf||SitrusBerry|ArmorTail|Roar,TwinBeam,TrickRoom,EnergyBall|Bold||F|||50|]Sylveon||FairyFeather|Pixilate|HyperVoice,Protect,HyperBeam,QuickAttack|Bold||F|||50|]Charizard||CharizarditeY|Blaze|HeatWave,WeatherBall,SolarBeam,Protect|Modest||M|||50|
|showteam|p2|Kangaskhan||Kangaskhanite|EarlyBird|Surf|Serious||F|||50|]Blaziken||BrightPowder|SpeedBoost|BatonPass,BlazeKick,FocusEnergy,MudSlap|Hasty||F|||50|]Toxicroak||LeppaBerry|DrySkin|NastyPlot,Spite,MudSlap,DarkPulse|Timid||M|||50|]Emolga||MentalHerb|MotorDrive|ElectroBall,Defog,EerieImpulse,LightScreen|Timid||M|||50|]Decidueye-Hisui||ChoiceScarf|Scrappy|TripleArrows,NightShade,UpperHand,Haze|Adamant||M|||50|]Scizor||BlackBelt|Technician|CloseCombat,Protect,Rest,Curse|Impish||F|||50|
|inactive|Battle timer is ON: inactive players will automatically lose when time's up. (requested by FERA kApset)
|inactive|FERA kApset has 60 seconds left.
|
|t:|1782431835
|teamsize|p1|4
|teamsize|p2|4
|start
|switch|p1a: Aerodactyl|Aerodactyl, L50, F|100/100
|switch|p1b: Farigiraf|Farigiraf, L50, F|100/100
|switch|p2a: Kangaskhan|Kangaskhan, L50, F|100/100
|switch|p2b: Blaziken|Blaziken, L50, F, shiny|100/100
|-ability|p1a: Aerodactyl|Unnerve
|turn|1
|
|t:|1782431859
|detailschange|p1a: Aerodactyl|Aerodactyl-Mega, L50, F
|-mega|p1a: Aerodactyl|Aerodactyl|Aerodactylite
|detailschange|p2a: Kangaskhan|Kangaskhan-Mega, L50, F
|-mega|p2a: Kangaskhan|Kangaskhan|Kangaskhanite
|move|p1a: Aerodactyl|Tailwind|p1a: Aerodactyl
|-sidestart|p1: FERA kApset|move: Tailwind
|move|p1b: Farigiraf|Twin Beam|p2b: Blaziken
|-supereffective|p2b: Blaziken|1
|-damage|p2b: Blaziken|58/100
|-supereffective|p2b: Blaziken|1
|-damage|p2b: Blaziken|16/100
|-hitcount|p2b: Blaziken|2
|move|p2b: Blaziken|Focus Energy|p2b: Blaziken
|-start|p2b: Blaziken|move: Focus Energy
|move|p2a: Kangaskhan|Surf|p1a: Aerodactyl|[spread] p2b,p1a,p1b
|-supereffective|p2b: Blaziken|1
|-supereffective|p1a: Aerodactyl|1
|-damage|p2b: Blaziken|0 fnt
|-damage|p1a: Aerodactyl|78/100
|-damage|p1b: Farigiraf|89/100
|faint|p2b: Blaziken
|
|upkeep
|
|t:|1782431877
|switch|p2b: Toxicroak|Toxicroak, L50, M, shiny|100/100
|turn|2
|
|t:|1782431892
|move|p1a: Aerodactyl|Rock Slide|p2b: Toxicroak|[spread] p2a,p2b
|-resisted|p2b: Toxicroak|1
|-damage|p2a: Kangaskhan|75/100
|-damage|p2b: Toxicroak|80/100
|move|p1b: Farigiraf|Twin Beam|p2b: Toxicroak
|-supereffective|p2b: Toxicroak|2
|-damage|p2b: Toxicroak|0 fnt
|faint|p2b: Toxicroak
|-hitcount|p2: Toxicroak|1
|cant|p2a: Kangaskhan|flinch
|
|upkeep
|
|t:|1782431903
|switch|p2b: Emolga|Emolga, L50, M, shiny|100/100
|turn|3
|
|t:|1782431912
|move|p1a: Aerodactyl|Rock Slide|p2b: Emolga|[spread] p2a,p2b
|-supereffective|p2b: Emolga|1
|-damage|p2a: Kangaskhan|53/100
|-damage|p2b: Emolga|17/100
|move|p2b: Emolga|Light Screen|p2b: Emolga
|-sidestart|p2: cuz you|move: Light Screen
|move|p1b: Farigiraf|Twin Beam|p2a: Kangaskhan
|-damage|p2a: Kangaskhan|44/100
|-damage|p2a: Kangaskhan|33/100
|-hitcount|p2a: Kangaskhan|2
|cant|p2a: Kangaskhan|flinch
|
|upkeep
|turn|4
|inactive|cuz you has 30 seconds left.
|inactive|cuz you has 20 seconds left.
|inactive|cuz you has 15 seconds left.
|inactive|cuz you has 10 seconds left.
|inactive|cuz you has 5 seconds left.
|
|t:|1782431967
|move|p1a: Aerodactyl|Rock Slide|p2a: Kangaskhan|[spread] p2a
|-miss|p1a: Aerodactyl|p2b: Emolga
|-damage|p2a: Kangaskhan|10/100
|move|p2b: Emolga|Electro Ball|p1b: Farigiraf
|-damage|p1b: Farigiraf|68/100
|move|p1b: Farigiraf|Twin Beam|p2a: Kangaskhan
|-damage|p2a: Kangaskhan|1/100
|-damage|p2a: Kangaskhan|0 fnt
|faint|p2a: Kangaskhan
|-hitcount|p2: Kangaskhan|2
|
|-sideend|p1: FERA kApset|move: Tailwind
|upkeep
|turn|5
|inactive|cuz you has 30 seconds left.
|inactive|cuz you has 20 seconds left.
|inactive|cuz you has 15 seconds left.
|inactive|cuz you has 10 seconds left.
|inactive|cuz you has 5 seconds left.
|
|t:|1782432022
|move|p1a: Aerodactyl|Rock Slide|p2b: Emolga
|-supereffective|p2b: Emolga|1
|-damage|p2b: Emolga|0 fnt
|faint|p2b: Emolga
|
|win|FERA kApset
