|j|☆nikolasnaiz
|j|☆InkynVG
|html|nikolasnaizInkynVG    
|uhtml|bestof|Game 3 of a best-of-3
|t:|1754823455
|gametype|doubles
|player|p1|nikolasnaiz|larry|1237
|player|p2|InkynVG|shadowtriad|1195
|gen|9
|tier|[Gen 9] VGC 2025 Reg H (Bo3)
|rated|
|rule|Species Clause: Limit one of each Pokémon
|rule|Item Clause: Limit 1 of each item
|clearpoke
|poke|p1|Dragonite, L50, F|
|poke|p1|Ursaluna-Bloodmoon, L50, M|
|poke|p1|Annihilape, L50, F|
|poke|p1|Volcarona, L50, F|
|poke|p1|Rillaboom, L50, M|
|poke|p1|Incineroar, L50, M|
|poke|p2|Volcarona, L50, F|
|poke|p2|Dragonite, L50, F|
|poke|p2|Sneasler, L50, F|
|poke|p2|Rillaboom, L50, M|
|poke|p2|Electabuzz, L50, M|
|poke|p2|Dragapult, L50, M|
|teampreview|4
|showteam|p1|Dragonite||LoadedDice|Multiscale|Protect,ScaleShot,Tailwind,Haze|||F|||50|,,,,,Steel]Ursaluna-Bloodmoon||FocusSash|MindsEye|Protect,BloodMoon,EarthPower,HyperVoice|||M|||50|,,,,,Normal]Annihilape||LumBerry|Defiant|Protect,RageFist,CloseCombat,Taunt|||F|||50|,,,,,Fire]Volcarona||CovertCloak|FlameBody|Protect,QuiverDance,HeatWave,TeraBlast|||F|||50|,,,,,Fairy]Rillaboom||AssaultVest|GrassySurge|FakeOut,WoodHammer,GrassyGlide,HighHorsepower|||M|||50|,,,,,Fire]Incineroar||SafetyGoggles|Intimidate|FakeOut,PartingShot,FlareBlitz,KnockOff|||M|||50|,,,,,Ghost
|showteam|p2|Volcarona||Leftovers|FlameBody|HeatWave,TeraBlast,QuiverDance,Protect|||F|||50|,,,,,Fairy]Dragonite||LoadedDice|Multiscale|ScaleShot,Tailwind,Haze,Protect|||F|||50|,,,,,Fairy]Sneasler||GrassySeed|Unburden|Protect,CloseCombat,DireClaw,Coaching|||F|||50|,,,,,Ghost]Rillaboom||AssaultVest|GrassySurge|FakeOut,GrassyGlide,WoodHammer,Uturn|||M|||50|,,,,,Fire]Electabuzz||Eviolite|VitalSpirit|FollowMe,Taunt,Electroweb,Protect|||M|||50|,,,,,Ghost]Dragapult||ChoiceBand|ClearBody|DragonDarts,Outrage,PhantomForce,Uturn|||M|||50|,,,,,Dragon
|inactive|Battle timer is ON: inactive players will automatically lose when time's up. (requested by nikolasnaiz)
|
|t:|1754823465
|teamsize|p1|4
|teamsize|p2|4
|start
|switch|p1a: Incineroar|Incineroar, L50, M, shiny|100/100
|switch|p1b: Dragonite|Dragonite, L50, F, shiny|100/100
|switch|p2a: Dragapult|Dragapult, L50, M|100/100
|switch|p2b: Sneasler|Sneasler, L50, F|100/100
|-ability|p1a: Incineroar|Intimidate|boost
|-fail|p2a: Dragapult|unboost|[from] ability: Clear Body|[of] p2a: Dragapult
|-unboost|p2b: Sneasler|atk|1
|turn|1
|
|t:|1754823489
|-terastallize|p2b: Sneasler|Ghost
|move|p1a: Incineroar|Fake Out|p2b: Sneasler
|-immune|p2b: Sneasler
|move|p2a: Dragapult|Phantom Force||[still]
|-prepare|p2a: Dragapult|Phantom Force
|move|p2b: Sneasler|Dire Claw|p1b: Dragonite
|-damage|p1b: Dragonite|85/100
|-status|p1b: Dragonite|par
|cant|p1b: Dragonite|par
|
|upkeep
|turn|2
|
|t:|1754823508
|switch|p1a: Volcarona|Volcarona, L50, F|100/100
|move|p2a: Dragapult|Phantom Force|p1b: Dragonite|[from] lockedmove
|-damage|p1b: Dragonite|16/100 par
|move|p2b: Sneasler|Close Combat|p1a: Volcarona
|-resisted|p1a: Volcarona
|-damage|p1a: Volcarona|75/100
|-unboost|p2b: Sneasler|def|1
|-unboost|p2b: Sneasler|spd|1
|move|p1b: Dragonite|Scale Shot|p2b: Sneasler
|-damage|p2b: Sneasler|62/100
|-damage|p2b: Sneasler|25/100
|-damage|p2b: Sneasler|0 fnt
|faint|p2b: Sneasler
|-hitcount|p2: Sneasler|3
|-unboost|p1b: Dragonite|def|1
|-boost|p1b: Dragonite|spe|1
|
|upkeep
|
|t:|1754823526
|switch|p2b: Rillaboom|Rillaboom, L50, M|100/100
|-fieldstart|move: Grassy Terrain|[from] ability: Grassy Surge|[of] p2b: Rillaboom
|turn|3
|
|t:|1754823548
|move|p2a: Dragapult|Phantom Force||[still]
|-prepare|p2a: Dragapult|Phantom Force
|move|p1a: Volcarona|Heat Wave|p2a: Dragapult|[spread] p2b
|-miss|p1a: Volcarona|p2a: Dragapult
|-supereffective|p2b: Rillaboom
|-damage|p2b: Rillaboom|53/100
|move|p2b: Rillaboom|U-turn|p1b: Dragonite
|-resisted|p1b: Dragonite
|-damage|p1b: Dragonite|0 fnt
|faint|p1b: Dragonite
|
|t:|1754823558
|switch|p2b: Volcarona|Volcarona, L50, F|100/100|[from] U-turn
|
|-heal|p1a: Volcarona|81/100|[from] Grassy Terrain
|upkeep
|
|t:|1754823572
|switch|p1b: Incineroar|Incineroar, L50, M, shiny|100/100
|-ability|p1b: Incineroar|Intimidate|boost
|-fail|p2a: Dragapult|unboost|[from] ability: Clear Body|[of] p2a: Dragapult
|-unboost|p2b: Volcarona|atk|1
|turn|4
|
|t:|1754823579
|switch|p1a: Ursaluna|Ursaluna-Bloodmoon, L50, M|100/100
|move|p2b: Volcarona|Protect|p2b: Volcarona
|-singleturn|p2b: Volcarona|Protect
|move|p2a: Dragapult|Phantom Force|p1a: Ursaluna|[from] lockedmove
|-immune|p1a: Ursaluna
|move|p1b: Incineroar|Knock Off|p2a: Dragapult
|-supereffective|p2a: Dragapult
|-damage|p2a: Dragapult|0 fnt
|-enditem|p2a: Dragapult|Choice Band|[from] move: Knock Off|[of] p1b: Incineroar
|faint|p2a: Dragapult
|
|upkeep
|
|t:|1754823582
|switch|p2a: Rillaboom|Rillaboom, L50, M|53/100
|turn|5
|inactive|nikolasnaiz has 30 seconds left.
|inactive|nikolasnaiz has 20 seconds left.
|inactive|nikolasnaiz has 15 seconds left.
|inactive|nikolasnaiz has 10 seconds left.
|
|t:|1754823628
|-terastallize|p1a: Ursaluna|Normal
|move|p2a: Rillaboom|Fake Out|p1b: Incineroar
|-damage|p1b: Incineroar|87/100
|move|p2b: Volcarona|Quiver Dance|p2b: Volcarona
|-boost|p2b: Volcarona|spa|1
|-boost|p2b: Volcarona|spd|1
|-boost|p2b: Volcarona|spe|1
|move|p1a: Ursaluna|Blood Moon|p2a: Rillaboom
|-damage|p2a: Rillaboom|0 fnt
|faint|p2a: Rillaboom
|cant|p1b: Incineroar|flinch
|
|-heal|p1b: Incineroar|93/100|[from] Grassy Terrain
|upkeep
|turn|6
|
|t:|1754823640
|move|p1a: Ursaluna|Protect|p1a: Ursaluna
|-singleturn|p1a: Ursaluna|Protect
|move|p2b: Volcarona|Quiver Dance|p2b: Volcarona
|-boost|p2b: Volcarona|spa|1
|-boost|p2b: Volcarona|spd|1
|-boost|p2b: Volcarona|spe|1
|move|p1b: Incineroar|Parting Shot|p2b: Volcarona
|-unboost|p2b: Volcarona|atk|1
|-unboost|p2b: Volcarona|spa|1
|
|t:|1754823644
|switch|p1b: Volcarona|Volcarona, L50, F|81/100|[from] Parting Shot
|
|-heal|p1b: Volcarona|88/100|[from] Grassy Terrain
|upkeep
|turn|7
|
|t:|1754823658
|move|p2b: Volcarona|Heat Wave|p1a: Ursaluna|[spread] p1a
|-miss|p2b: Volcarona|p1b: Volcarona
|-damage|p1a: Ursaluna|26/100
|move|p1b: Volcarona|Heat Wave|p2b: Volcarona
|-damage|p2b: Volcarona|82/100
|move|p1a: Ursaluna|Blood Moon|p2b: Volcarona
|-damage|p2b: Volcarona|35/100
|
|-heal|p2b: Volcarona|41/100|[from] Grassy Terrain
|-heal|p2b: Volcarona|47/100|[from] item: Leftovers
|-heal|p1b: Volcarona|94/100|[from] Grassy Terrain
|-heal|p1a: Ursaluna|32/100|[from] Grassy Terrain
|-fieldend|move: Grassy Terrain
|upkeep
|turn|8
|
|t:|1754823673
|switch|p1a: Incineroar|Incineroar, L50, M, shiny|93/100
|-ability|p1a: Incineroar|Intimidate|boost
|-unboost|p2b: Volcarona|atk|1
|move|p1b: Volcarona|Protect|p1b: Volcarona
|-singleturn|p1b: Volcarona|Protect
|move|p2b: Volcarona|Heat Wave|p1b: Volcarona|[spread] p1a
|-activate|p1b: Volcarona|move: Protect
|-resisted|p1a: Incineroar
|-damage|p1a: Incineroar|69/100
|
|-heal|p2b: Volcarona|54/100|[from] item: Leftovers
|upkeep
|turn|9
|
|t:|1754823679
|move|p2b: Volcarona|Protect|p2b: Volcarona
|-singleturn|p2b: Volcarona|Protect
|move|p1a: Incineroar|Fake Out|p2b: Volcarona
|-activate|p2b: Volcarona|move: Protect
|move|p1b: Volcarona|Quiver Dance|p1b: Volcarona
|-boost|p1b: Volcarona|spa|1
|-boost|p1b: Volcarona|spd|1
|-boost|p1b: Volcarona|spe|1
|
|-heal|p2b: Volcarona|60/100|[from] item: Leftovers
|upkeep
|turn|10
|
|t:|1754823690
|move|p2b: Volcarona|Heat Wave|p1a: Incineroar|[spread] p1a,p1b
|-resisted|p1a: Incineroar
|-damage|p1a: Incineroar|46/100
|-damage|p1b: Volcarona|58/100
|move|p1b: Volcarona|Quiver Dance|p1b: Volcarona
|-boost|p1b: Volcarona|spa|1
|-boost|p1b: Volcarona|spd|1
|-boost|p1b: Volcarona|spe|1
|move|p1a: Incineroar|Parting Shot|p2b: Volcarona
|-unboost|p2b: Volcarona|atk|1
|-unboost|p2b: Volcarona|spa|1
|
|t:|1754823697
|switch|p1a: Ursaluna|Ursaluna-Bloodmoon, L50, M, tera:Normal|32/100|[from] Parting Shot
|
|-heal|p2b: Volcarona|66/100|[from] item: Leftovers
|upkeep
|turn|11
|
|t:|1754823701
|move|p1b: Volcarona|Heat Wave|p2b: Volcarona
|-damage|p2b: Volcarona|25/100
|move|p2b: Volcarona|Heat Wave|p1a: Ursaluna|[spread] p1a,p1b
|-damage|p1a: Ursaluna|0 fnt
|-damage|p1b: Volcarona|41/100
|faint|p1a: Ursaluna
|
|-heal|p2b: Volcarona|32/100|[from] item: Leftovers
|upkeep
|
|t:|1754823705
|switch|p1a: Incineroar|Incineroar, L50, M, shiny|46/100
|-ability|p1a: Incineroar|Intimidate|boost
|-unboost|p2b: Volcarona|atk|1
|turn|12
|
|t:|1754823710
|move|p2b: Volcarona|Protect|p2b: Volcarona
|-singleturn|p2b: Volcarona|Protect
|move|p1a: Incineroar|Fake Out|p2b: Volcarona
|-activate|p2b: Volcarona|move: Protect
|move|p1b: Volcarona|Quiver Dance|p1b: Volcarona
|-boost|p1b: Volcarona|spa|1
|-boost|p1b: Volcarona|spd|1
|-boost|p1b: Volcarona|spe|1
|
|-heal|p2b: Volcarona|38/100|[from] item: Leftovers
|upkeep
|turn|13
|
|t:|1754823716
|move|p1b: Volcarona|Heat Wave|p2b: Volcarona
|-damage|p2b: Volcarona|0 fnt
|faint|p2b: Volcarona
|
|win|nikolasnaiz
|raw|nikolasnaiz's rating: 1237 → 1259(+22 for winning)
|raw|InkynVG's rating: 1195 → 1173(-22 for losing)
|l|☆InkynVG
|player|p2|
