|j|☆ilbailodimatone
|j|☆SixHeroes
|html|ilbailodimatoneSixHeroes    
|uhtml|bestof|Game 1 of a best-of-3
|t:|1757739025
|gametype|doubles
|player|p1|ilbailodimatone|102|1177
|player|p2|SixHeroes|1|1061
|gen|9
|tier|[Gen 9] VGC 2025 Reg H (Bo3)
|rated|
|rule|Species Clause: Limit one of each Pokémon
|rule|Item Clause: Limit 1 of each item
|clearpoke
|poke|p1|Ursaluna, L50, F|
|poke|p1|Jumpluff, L50, M|
|poke|p1|Charizard, L50, F|
|poke|p1|Torkoal, L50, M|
|poke|p1|Incineroar, L50, M|
|poke|p1|Porygon2, L50|
|poke|p2|Abomasnow, L50, F|
|poke|p2|Ninetales-Alola, L50, F|
|poke|p2|Incineroar, L50, F|
|poke|p2|Greninja-*, L50, M|
|poke|p2|Slowking, L50, F|
|poke|p2|Amoonguss, L50, F|
|teampreview|4
|showteam|p1|Ursaluna||FlameOrb|Guts|HeadlongRush,Facade,Earthquake,Protect|||F|||50|,,,,,Ghost]Jumpluff||CovertCloak|Chlorophyll|SleepPowder,SunnyDay,Tailwind,RagePowder|||M|||50|,,,,,Water]Charizard||ChoiceSpecs|SolarPower|AirSlash,HeatWave,Overheat,WeatherBall|||F|||50|,,,,,Ghost]Torkoal||EjectPack|Drought|HelpingHand,Eruption,Overheat,Protect|||M|||50|,,,,,Fire]Incineroar||SitrusBerry|Intimidate|FakeOut,FlareBlitz,KnockOff,PartingShot|||M|||50|,,,,,Ghost]Porygon2||Eviolite|Download|TeraBlast,IceBeam,Recover,TrickRoom||||||50|,,,,,Fighting
|showteam|p2|Abomasnow||FocusSash|SnowWarning|Blizzard,LeafStorm,AuroraVeil,Protect|||F|||50|,,,,,Fire]Ninetales-Alola||Leftovers|SnowCloak|Blizzard,CalmMind,Protect,Substitute|||F|||50|,,,,,Ice]Incineroar||SafetyGoggles|Intimidate|FlareBlitz,FakeOut,KnockOff,PartingShot|||F|||50|,,,,,Ghost]Greninja||ChoiceSpecs|Protean|Blizzard,DarkPulse,HydroPump,Uturn|||M|||50|,,,,,Ice]Slowking||CovertCloak|Oblivious|MuddyWater,TrickRoom,ChillyReception,Protect|||F|||50|,,,,,Fire]Amoonguss||RockyHelmet|Regenerator|Spore,RagePowder,SludgeBomb,Protect|||F|||50|,,,,,Fairy
|
|t:|1757739058
|teamsize|p1|4
|teamsize|p2|4
|start
|switch|p1a: Torkoal|Torkoal, L50, M|100/100
|switch|p1b: Jumpluff|Jumpluff, L50, M|100/100
|switch|p2a: Abomasnow|Abomasnow, L50, F|100/100
|switch|p2b: Ninetales|Ninetales-Alola, L50, F|100/100
|-weather|Snowscape|[from] ability: Snow Warning|[of] p2a: Abomasnow
|-weather|SunnyDay|[from] ability: Drought|[of] p1a: Torkoal
|turn|1
|
|t:|1757739085
|switch|p2a: Slowking|Slowking, L50, F|100/100
|move|p2b: Ninetales|Protect|p2b: Ninetales
|-singleturn|p2b: Ninetales|Protect
|move|p1b: Jumpluff|Tailwind|p1b: Jumpluff
|-sidestart|p1: ilbailodimatone|move: Tailwind
|move|p1a: Torkoal|Eruption|p2a: Slowking|[spread] p2a
|-activate|p2b: Ninetales|move: Protect
|-resisted|p2a: Slowking
|-damage|p2a: Slowking|75/100
|
|-weather|SunnyDay|[upkeep]
|upkeep
|turn|2
|
|t:|1757739103
|switch|p2b: Abomasnow|Abomasnow, L50, F|100/100
|-weather|Snowscape|[from] ability: Snow Warning|[of] p2b: Abomasnow
|move|p1b: Jumpluff|Sleep Powder|p2b: Abomasnow
|-immune|p2b: Abomasnow
|move|p1a: Torkoal|Eruption|p2a: Slowking|[spread] p2a,p2b
|-resisted|p2a: Slowking
|-crit|p2a: Slowking
|-supereffective|p2b: Abomasnow
|-damage|p2a: Slowking|50/100
|-enditem|p2b: Abomasnow|Focus Sash
|-damage|p2b: Abomasnow|1/100
|move|p2a: Slowking|Muddy Water|p1a: Torkoal|[spread] p1a,p1b
|-supereffective|p1a: Torkoal
|-resisted|p1b: Jumpluff
|-damage|p1a: Torkoal|35/100
|-damage|p1b: Jumpluff|89/100
|
|-weather|Snowscape|[upkeep]
|upkeep
|turn|3
|
|t:|1757739141
|move|p1b: Jumpluff|Sunny Day|p1b: Jumpluff
|-weather|SunnyDay
|move|p2b: Abomasnow|Aurora Veil||[still]
|-fail|p2b: Abomasnow
|move|p1a: Torkoal|Eruption|p2a: Slowking|[spread] p2a,p2b
|-resisted|p2a: Slowking
|-supereffective|p2b: Abomasnow
|-damage|p2a: Slowking|40/100
|-damage|p2b: Abomasnow|0 fnt
|faint|p2b: Abomasnow
|move|p2a: Slowking|Muddy Water|p1a: Torkoal|[spread] p1a,p1b
|-supereffective|p1a: Torkoal
|-resisted|p1b: Jumpluff
|-damage|p1a: Torkoal|3/100
|-damage|p1b: Jumpluff|82/100
|
|-weather|SunnyDay|[upkeep]
|upkeep
|
|t:|1757739156
|switch|p2b: Amoonguss|Amoonguss, L50, F|100/100
|turn|4
|
|t:|1757739176
|move|p1b: Jumpluff|Rage Powder|p1b: Jumpluff
|-singleturn|p1b: Jumpluff|move: Rage Powder
|move|p1a: Torkoal|Overheat|p2b: Amoonguss
|-supereffective|p2b: Amoonguss
|-damage|p2b: Amoonguss|0 fnt
|-unboost|p1a: Torkoal|spa|2
|faint|p2b: Amoonguss
|-enditem|p1a: Torkoal|Eject Pack
|
|t:|1757739182
|switch|p1a: Ursaluna|Ursaluna, L50, F|100/100
|-prepare|p2a: Slowking|Chilly Reception|[premajor]
|move|p2a: Slowking|Chilly Reception|p2a: Slowking
|-weather|Snowscape
|
|t:|1757739186
|switch|p2a: Ninetales|Ninetales-Alola, L50, F|100/100|[from] Chilly Reception
|
|-weather|Snowscape|[upkeep]
|-sideend|p1: ilbailodimatone|move: Tailwind
|-status|p1a: Ursaluna|brn|[from] item: Flame Orb
|upkeep
|
|t:|1757739187
|switch|p2b: Slowking|Slowking, L50, F|40/100
|turn|5
|
|t:|1757739204
|-terastallize|p2a: Ninetales|Ice
|-terastallize|p1a: Ursaluna|Ghost
|move|p1b: Jumpluff|Tailwind|p1b: Jumpluff
|-sidestart|p1: ilbailodimatone|move: Tailwind
|move|p1a: Ursaluna|Facade|p2a: Ninetales
|-damage|p2a: Ninetales|0 fnt
|faint|p2a: Ninetales
|move|p2b: Slowking|Muddy Water|p1b: Jumpluff|[spread] p1a,p1b
|-resisted|p1b: Jumpluff
|-damage|p1a: Ursaluna|76/100 brn
|-damage|p1b: Jumpluff|70/100
|
|-weather|Snowscape|[upkeep]
|-damage|p1a: Ursaluna|70/100 brn|[from] brn
|upkeep
|turn|6
|inactive|Battle timer is ON: inactive players will automatically lose when time's up. (requested by ilbailodimatone)
|
|t:|1757739236
|move|p1b: Jumpluff|Sunny Day|p1b: Jumpluff
|-weather|SunnyDay
|move|p1a: Ursaluna|Facade|p2b: Slowking
|-damage|p2b: Slowking|0 fnt
|faint|p2b: Slowking
|
|win|ilbailodimatone
||ilbailodimatone is ready for game 2.
||SixHeroes is ready for game 2.
|uhtml|next|Next: Game 2 of 3
|l|☆ilbailodimatone
|player|p1|
|l|☆SixHeroes
|player|p2|
