|j|☆Church of Chiyu
|j|☆Pacogol
|html|Church of ChiyuPacogol    
|uhtml|bestof|Game 2 of a best-of-3
|t:|1757762318
|gametype|doubles
|player|p1|Church of Chiyu|red|1102
|player|p2|Pacogol|170|1195
|gen|9
|tier|[Gen 9] VGC 2025 Reg H (Bo3)
|rated|
|rule|Species Clause: Limit one of each Pokémon
|rule|Item Clause: Limit 1 of each item
|clearpoke
|poke|p1|Rillaboom, L50, F|
|poke|p1|Incineroar, L50, F|
|poke|p1|Basculegion, L50, M|
|poke|p1|Ninetales-Alola, L50, M|
|poke|p1|Gholdengo, L50|
|poke|p1|Kommo-o, L50, M|
|poke|p2|Sneasler, L50, F|
|poke|p2|Indeedee, L50, M|
|poke|p2|Ursaluna-Bloodmoon, L50, M|
|poke|p2|Talonflame, L50, M|
|poke|p2|Electabuzz, L50, F|
|poke|p2|Hydreigon, L50, F|
|teampreview|4
|showteam|p1|Rillaboom||AssaultVest|GrassySurge|DrumBeating,GrassyGlide,KnockOff,FakeOut|||F|||50|,,,,,Ghost]Incineroar||SitrusBerry|Intimidate|KnockOff,FlareBlitz,PartingShot,FakeOut|||F|||50|,,,,,Grass]Basculegion||ChoiceScarf|Adaptability|WaveCrash,LastRespects,FlipTurn,TeraBlast|||M|||50|,,,,,Fighting]Ninetales-Alola||FocusSash|SnowWarning|Blizzard,IcyWind,Encore,Protect|||M|||50|,,,,,Ice]Gholdengo||LifeOrb|GoodasGold|MakeItRain,ShadowBall,NastyPlot,Protect||||||50|,,,,,Water]Kommo-o||Leftovers|Overcoat|BodyPress,Flamethrower,IronDefense,Protect|||M|||50|,,,,,Fire
|showteam|p2|Sneasler||PsychicSeed|Unburden|Protect,CloseCombat,DireClaw,ThroatChop|||F|||50|,,,,,Dark]Indeedee||FocusSash|PsychicSurge|ExpandingForce,Protect,TrickRoom,HelpingHand|||M|||50|,,,,,Psychic]Ursaluna-Bloodmoon||LifeOrb|MindsEye|Protect,HyperVoice,EarthPower,BloodMoon|||M|||50|,,,,,Normal]Talonflame||CovertCloak|GaleWings|Tailwind,DualWingbeat,Taunt,WillOWisp|||M|||50|,,,,,Stellar]Electabuzz||Eviolite|VitalSpirit|Taunt,FollowMe,Protect,Electroweb|||F|||50|,,,,,Fairy]Hydreigon||ChoiceSpecs|Levitate|HeatWave,DracoMeteor,DarkPulse,Snarl|||F|||50|,,,,,Fire
|inactive|Battle timer is ON: inactive players will automatically lose when time's up. (requested by Church of Chiyu)
|
|t:|1757762384
|teamsize|p1|4
|teamsize|p2|4
|start
|switch|p1a: Ninetales|Ninetales-Alola, L50, M|100/100
|switch|p1b: Basculegion|Basculegion, L50, M|100/100
|switch|p2a: Sneasler|Sneasler, L50, F|100/100
|switch|p2b: Hydreigon|Hydreigon, L50, F|100/100
|-weather|Snowscape|[from] ability: Snow Warning|[of] p1a: Ninetales
|turn|1
|inactive|Church of Chiyu has 30 seconds left.
|inactive|Pacogol has 30 seconds left.
|inactive|Church of Chiyu has 20 seconds left.
|inactive|Pacogol has 20 seconds left.
|inactive|Church of Chiyu has 15 seconds left.
|inactive|Pacogol has 15 seconds left.
|
|t:|1757762434
|-terastallize|p1b: Basculegion|Fighting
|move|p2a: Sneasler|Protect|p2a: Sneasler
|-singleturn|p2a: Sneasler|Protect
|move|p1b: Basculegion|Flip Turn|p2b: Hydreigon
|-resisted|p2b: Hydreigon
|-damage|p2b: Hydreigon|81/100
|
|t:|1757762448
|switch|p1b: Rillaboom|Rillaboom, L50, F|100/100|[from] Flip Turn
|-fieldstart|move: Grassy Terrain|[from] ability: Grassy Surge|[of] p1b: Rillaboom
|move|p1a: Ninetales|Blizzard|p2b: Hydreigon|[spread] p2b
|-activate|p2a: Sneasler|move: Protect
|-supereffective|p2b: Hydreigon
|-damage|p2b: Hydreigon|12/100
|move|p2b: Hydreigon|Dark Pulse|p1b: Rillaboom
|-damage|p1b: Rillaboom|50/100
|
|-weather|Snowscape|[upkeep]
|-heal|p1b: Rillaboom|56/100|[from] Grassy Terrain
|upkeep
|turn|2
|inactive|Church of Chiyu has 30 seconds left.
|inactive|Pacogol has 30 seconds left.
|
|t:|1757762482
|switch|p2b: Indeedee|Indeedee, L50, M|100/100
|-fieldstart|move: Psychic Terrain|[from] ability: Psychic Surge|[of] p2b: Indeedee
|-enditem|p2a: Sneasler|Psychic Seed
|-boost|p2a: Sneasler|spd|1|[from] item: Psychic Seed
|switch|p1b: Gholdengo|Gholdengo, L50|100/100
|move|p2a: Sneasler|Dire Claw|p1a: Ninetales
|-supereffective|p1a: Ninetales
|-damage|p1a: Ninetales|2/100
|move|p1a: Ninetales|Blizzard|p2b: Indeedee|[spread] p2a,p2b
|-damage|p2a: Sneasler|69/100
|-damage|p2b: Indeedee|59/100
|
|-weather|Snowscape|[upkeep]
|upkeep
|turn|3
|inactive|Church of Chiyu has 30 seconds left.
|inactive|Pacogol has 30 seconds left.
|
|t:|1757762516
|move|p2a: Sneasler|Throat Chop|p1b: Gholdengo
|-supereffective|p1b: Gholdengo
|-damage|p1b: Gholdengo|42/100
|-start|p1b: Gholdengo|Throat Chop|[silent]
|move|p1a: Ninetales|Blizzard|p2a: Sneasler|[spread] p2a,p2b
|-damage|p2a: Sneasler|40/100
|-damage|p2b: Indeedee|17/100
|move|p2b: Indeedee|Expanding Force|p1b: Gholdengo|[spread] p1a,p1b
|-resisted|p1b: Gholdengo
|-damage|p1a: Ninetales|0 fnt
|-damage|p1b: Gholdengo|16/100
|faint|p1a: Ninetales
|move|p1b: Gholdengo|Make It Rain|p2a: Sneasler|[spread] p2a,p2b
|-damage|p2a: Sneasler|0 fnt
|-damage|p2b: Indeedee|0 fnt
|-unboost|p1b: Gholdengo|spa|1
|faint|p2a: Sneasler
|faint|p2b: Indeedee
|-damage|p1b: Gholdengo|7/100|[from] item: Life Orb
|
|-weather|Snowscape|[upkeep]
|upkeep
|
|t:|1757762532
|switch|p1a: Basculegion|Basculegion, L50, M, tera:Fighting|100/100
|switch|p2a: Ursaluna|Ursaluna-Bloodmoon, L50, M|100/100
|switch|p2b: Hydreigon|Hydreigon, L50, F|12/100
|turn|4
|inactive|Church of Chiyu has 30 seconds left.
|inactive|Pacogol has 30 seconds left.
|inactive|Church of Chiyu has 20 seconds left.
|inactive|Church of Chiyu has 15 seconds left.
|inactive|Church of Chiyu has 10 seconds left.
|
|t:|1757762580
|switch|p1b: Rillaboom|Rillaboom, L50, F|56/100
|-fieldstart|move: Grassy Terrain|[from] ability: Grassy Surge|[of] p1b: Rillaboom
|-terastallize|p2a: Ursaluna|Normal
|move|p1a: Basculegion|Wave Crash|p2b: Hydreigon
|-resisted|p2b: Hydreigon
|-damage|p2b: Hydreigon|0 fnt
|faint|p2b: Hydreigon
|-damage|p1a: Basculegion|97/100|[from] Recoil
|move|p2a: Ursaluna|Hyper Voice|p1b: Rillaboom|[spread] p1a,p1b
|-damage|p1a: Basculegion|18/100
|-damage|p1b: Rillaboom|0 fnt
|faint|p1b: Rillaboom
|-damage|p2a: Ursaluna|91/100|[from] item: Life Orb
|
|-weather|Snowscape|[upkeep]
|-heal|p1a: Basculegion|25/100|[from] Grassy Terrain
|-heal|p2a: Ursaluna|97/100|[from] Grassy Terrain
|upkeep
|
|t:|1757762594
|switch|p1b: Gholdengo|Gholdengo, L50|7/100
|turn|5
|
|t:|1757762601
|move|p1a: Basculegion|Wave Crash|p2a: Ursaluna
|-damage|p2a: Ursaluna|48/100
|-damage|p1a: Basculegion|9/100|[from] Recoil
|move|p1b: Gholdengo|Make It Rain|p2a: Ursaluna
|-damage|p2a: Ursaluna|0 fnt
|-unboost|p1b: Gholdengo|spa|1
|faint|p2a: Ursaluna
|-damage|p1b: Gholdengo|0 fnt|[from] item: Life Orb
|faint|p1b: Gholdengo
|
|win|Church of Chiyu
|inactive|Church of Chiyu has 30 seconds to confirm battle start!
|inactive|Pacogol has 30 seconds to confirm battle start!
