|j|☆squallo
|j|☆noah100800
|html|squallonoah100800    
|uhtml|bestof|Game 2 of a best-of-3
|t:|1783830841
|gametype|doubles
|player|p1|squallo|169|1090
|player|p2|noah100800|101|1227
|gen|9
|tier|[Gen 9 Champions] VGC 2026 Reg M-B (Bo3)
|rated|
|rule|Species Clause: Limit one of each Pokémon
|rule|Item Clause: Limit 1 of each item
|clearpoke
|poke|p1|Raichu, L50, F|
|poke|p1|Scrafty, L50, F|
|poke|p1|Pelipper, L50, M|
|poke|p1|Manectric, L50, F|
|poke|p1|Garchomp, L50, F|
|poke|p1|Zoroark-Hisui, L50, F|
|poke|p2|Delphox, L50, M|
|poke|p2|Blastoise, L50, M|
|poke|p2|Sneasler, L50, F|
|poke|p2|Incineroar, L50, M|
|poke|p2|Sinistcha, L50|
|poke|p2|Maushold-Four, L50|
|teampreview|4
|showteam|p1|Raichu||RaichuniteX|LightningRod|FakeOut,RisingVoltage,VoltSwitch,NastyPlot|Jolly||F|||50|]Scrafty||Scraftinite|Intimidate|FakeOut,DrainPunch,KnockOff,HelpingHand|Careful||F|||50|]Pelipper||FocusSash|Drizzle|WeatherBall,WideGuard,Tailwind,Hurricane|Modest||M|||50|]Manectric||ShucaBerry|LightningRod|Discharge,Overheat,VoltSwitch,Protect|Timid||F|||50|]Garchomp||YacheBerry|RoughSkin|RockSlide,DracoMeteor,StompingTantrum,Earthquake|Naive||F|||50|]Zoroark-Hisui||ExpertBelt|Illusion|BitterMalice,HyperVoice,HyperBeam,Protect|Timid||F|||50|
|showteam|p2|Delphox||Delphoxite|Blaze|Protect,NastyPlot,HeatWave,Psyshock|Modest||M|||50|]Blastoise||Blastoisinite|RainDish|Protect,ShellSmash,WaterSpout,DarkPulse|Modest||M|||50|]Sneasler||WhiteHerb|Unburden|CloseCombat,GunkShot,FakeOut,Feint|Jolly||F|||50|]Incineroar||SitrusBerry|Intimidate|FlareBlitz,FakeOut,ThroatChop,PartingShot|Impish||M|||50|]Sinistcha||KasibBerry|Hospitality|Protect,MatchaGotcha,RagePowder,LifeDew|Bold|||||50|]Maushold-Four||FocusSash|FriendGuard|Protect,FollowMe,SuperFang,Feint|Jolly|||||50|
|
|t:|1783830874
|teamsize|p1|4
|teamsize|p2|4
|start
|switch|p1a: Raichu|Raichu, L50, F|100/100
|switch|p1b: Scrafty|Scrafty, L50, F|100/100
|switch|p2a: Delphox|Delphox, L50, M|100/100
|switch|p2b: Maushold|Maushold-Four, L50|100/100
|-ability|p1b: Scrafty|Intimidate|boost
|-unboost|p2a: Delphox|atk|1
|-unboost|p2b: Maushold|atk|1
|turn|1
|
|t:|1783830900
|switch|p2b: Incineroar|Incineroar, L50, M|100/100
|-ability|p2b: Incineroar|Intimidate|boost
|-unboost|p1a: Raichu|atk|1
|-unboost|p1b: Scrafty|atk|1
|detailschange|p2a: Delphox|Delphox-Mega, L50, M
|-mega|p2a: Delphox|Delphox|Delphoxite
|move|p2a: Delphox|Protect|p2a: Delphox
|-singleturn|p2a: Delphox|Protect
|move|p1b: Scrafty|Fake Out|p2b: Incineroar
|-damage|p2b: Incineroar|94/100
|move|p1a: Raichu|Bitter Malice|p2a: Delphox
|-activate|p2a: Delphox|move: Protect
|
|upkeep
|turn|2
|
|t:|1783830936
|switch|p2a: Maushold|Maushold-Four, L50|100/100
|detailschange|p1b: Scrafty|Scrafty-Mega, L50, F
|-mega|p1b: Scrafty|Scrafty|Scraftinite
|-ability|p1b: Scrafty|Intimidate|boost
|-unboost|p2a: Maushold|atk|1
|-unboost|p2b: Incineroar|atk|1
|move|p1a: Raichu|Protect|p1a: Raichu
|-singleturn|p1a: Raichu|Protect
|move|p2b: Incineroar|Throat Chop|p1a: Raichu
|-activate|p1a: Raichu|move: Protect
|move|p1b: Scrafty|Knock Off|p2a: Maushold
|-damage|p2a: Maushold|56/100
|-enditem|p2a: Maushold|Focus Sash|[from] move: Knock Off|[of] p1b: Scrafty
|
|upkeep
|turn|3
|
|t:|1783830969
|switch|p2b: Sinistcha|Sinistcha, L50|100/100
|-heal|p2a: Maushold|81/100|[from] ability: Hospitality|[of] p2b: Sinistcha
|move|p1b: Scrafty|Helping Hand|p1a: Raichu
|-singleturn|p1a: Raichu|Helping Hand|[of] p1b: Scrafty
|move|p2a: Maushold|Protect|p2a: Maushold
|-singleturn|p2a: Maushold|Protect
|move|p1a: Raichu|Hyper Voice|p2a: Maushold|[spread] 
|-activate|p2a: Maushold|move: Protect
|-immune|p2b: Sinistcha
|
|upkeep
|turn|4
|
|t:|1783830990
|switch|p2a: Incineroar|Incineroar, L50, M|94/100
|-ability|p2a: Incineroar|Intimidate|boost
|-unboost|p1a: Raichu|atk|1
|-unboost|p1b: Scrafty|atk|1
|move|p1b: Scrafty|Helping Hand|p1a: Raichu
|-singleturn|p1a: Raichu|Helping Hand|[of] p1b: Scrafty
|move|p1a: Raichu|Hyper Voice|p2a: Incineroar|[spread] p2a
|-immune|p2b: Sinistcha
|-damage|p2a: Incineroar|46/100
|-enditem|p2a: Incineroar|Sitrus Berry|[eat]
|-heal|p2a: Incineroar|71/100|[from] item: Sitrus Berry
|move|p2b: Sinistcha|Matcha Gotcha|p1a: Raichu|[spread] p1a,p1b
|-damage|p1a: Raichu|53/100
|-damage|p1b: Scrafty|83/100
|-status|p1b: Scrafty|brn
|replace|p1a: Zoroark|Zoroark-Hisui, L50, F
|-end|p1a: Zoroark|Illusion
|
|-damage|p1b: Scrafty|77/100 brn|[from] brn
|upkeep
|turn|5
|
|t:|1783831029
|move|p1a: Zoroark|Bitter Malice|p2b: Sinistcha
|-supereffective|p2b: Sinistcha|1
|-enditem|p2b: Sinistcha|Kasib Berry|[eat]
|-enditem|p2b: Sinistcha|Kasib Berry|[weaken]
|-damage|p2b: Sinistcha|51/100
|-unboost|p2b: Sinistcha|atk|1
|move|p2a: Incineroar|Throat Chop|p1a: Zoroark
|-supereffective|p1a: Zoroark|1
|-damage|p1a: Zoroark|0 fnt
|faint|p1a: Zoroark
|move|p2b: Sinistcha|Life Dew|p2b: Sinistcha|[spread] p2a,p2b
|-heal|p2a: Incineroar|96/100
|-heal|p2b: Sinistcha|76/100
|move|p1b: Scrafty|Knock Off|p2b: Sinistcha
|-supereffective|p2b: Sinistcha|1
|-damage|p2b: Sinistcha|65/100
|
|-damage|p1b: Scrafty|72/100 brn|[from] brn
|upkeep
|
|t:|1783831050
|switch|p1a: Raichu|Raichu, L50, F|100/100
|turn|6
|
|t:|1783831076
|move|p2b: Sinistcha|Protect|p2b: Sinistcha
|-singleturn|p2b: Sinistcha|Protect
|move|p1a: Raichu|Nasty Plot|p1a: Raichu
|-boost|p1a: Raichu|spa|2
|move|p2a: Incineroar|Parting Shot|p1a: Raichu
|-unboost|p1a: Raichu|atk|1
|-unboost|p1a: Raichu|spa|1
|
|t:|1783831112
|switch|p2a: Delphox|Delphox-Mega, L50, M|100/100|[from] Parting Shot
|move|p1b: Scrafty|Drain Punch|p2a: Delphox
|-resisted|p2a: Delphox|1
|-crit|p2a: Delphox
|-damage|p2a: Delphox|81/100
|-heal|p1b: Scrafty|81/100 brn|[from] drain|[of] p2a: Delphox
|
|-damage|p1b: Scrafty|76/100 brn|[from] brn
|upkeep
|turn|7
|l|☆squallo
|player|p1|
|inactive|Battle timer is ON: inactive players will automatically lose when time's up. (requested by noah100800)
|inactive|squallo has 30 seconds to reconnect!
|inactive|squallo has 20 seconds to reconnect!
|inactive|squallo has 15 seconds to reconnect!
|inactive|squallo has 10 seconds to reconnect!
|inactive|squallo has 5 seconds to reconnect!
|-message|squallo lost due to inactivity.
|
|win|noah100800
|raw|squallo's rating: 1090 → 1075(-15 for losing)
|raw|noah100800's rating: 1227 → 1243(+16 for winning)
