|j|☆k8mck
|j|☆Sr. Sotomonte
|html|k8mckSr. Sotomonte    
|uhtml|bestof|Game 1 of a best-of-3
|t:|1756610986
|gametype|doubles
|player|p1|k8mck|170|1044
|player|p2|Sr. Sotomonte|hiker-gen4|1000
|gen|9
|tier|[Gen 9] VGC 2025 Reg H (Bo3)
|rated|
|rule|Species Clause: Limit one of each Pokémon
|rule|Item Clause: Limit 1 of each item
|clearpoke
|poke|p1|Sneasler, L50, F|
|poke|p1|Ursaluna-Bloodmoon, L50, M|
|poke|p1|Volcarona, L50, F|
|poke|p1|Whimsicott, L50, M|
|poke|p1|Typhlosion-Hisui, L50, F|
|poke|p1|Indeedee, L50, M|
|poke|p2|Politoed, L50, M|
|poke|p2|Archaludon, L50, F|
|poke|p2|Kingdra, L50, M|
|poke|p2|Incineroar, L50, F|
|poke|p2|Amoonguss, L50, F|
|poke|p2|Gothitelle, L50, F|
|teampreview|4
|showteam|p1|Sneasler||PsychicSeed|Unburden|Protect,ThroatChop,DireClaw,CloseCombat|||F|||50|,,,,,Dark]Ursaluna-Bloodmoon||LifeOrb|MindsEye|EarthPower,BloodMoon,Protect,HyperVoice|||M|||50|,,,,,Ghost]Volcarona||SitrusBerry|FlameBody|FieryDance,GigaDrain,RagePowder,Protect|||F|||50|,,,,,Water]Whimsicott||CovertCloak|Prankster|SunnyDay,LightScreen,Tailwind,Moonblast|||M|||50|,,,,,Poison]Typhlosion-Hisui||ChoiceSpecs|Blaze|Eruption,ShadowBall,HeatWave,Overheat|||F|||50|,,,,,Fire]Indeedee||FocusSash|PsychicSurge|Protect,HelpingHand,TrickRoom,ExpandingForce|||M|||50|,,,,,Fairy
|showteam|p2|Politoed||Leftovers|Drizzle|Protect,WeatherBall,PerishSong,Encore|||M|||50|,,,,,Grass]Archaludon||PowerHerb|Sturdy|Protect,ElectroShot,FlashCannon,DragonPulse|||F|||50|,,,,,Electric]Kingdra||LifeOrb|SwiftSwim|Protect,DracoMeteor,WeatherBall,MuddyWater|||M|||50|,,,,,Stellar]Incineroar||SafetyGoggles|Intimidate|FakeOut,KnockOff,PartingShot,Protect|||F|||50|,,,,,Ghost]Amoonguss||EjectButton|Regenerator|Protect,RagePowder,Spore,PollenPuff|||F|||50|,,,,,Fairy]Gothitelle||SitrusBerry|ShadowTag|Protect,Psychic,FakeOut,TrickRoom|||F|||50|,,,,,Dark
|inactive|Battle timer is ON: inactive players will automatically lose when time's up. (requested by Sr. Sotomonte)
|
|t:|1756611048
|teamsize|p1|4
|teamsize|p2|4
|start
|switch|p1a: Sneasler|Sneasler, L50, F|100/100
|switch|p1b: Indeedee|Indeedee, L50, M|100/100
|switch|p2a: Politoed|Politoed, L50, M|100/100
|switch|p2b: Kingdra|Kingdra, L50, M|100/100
|-fieldstart|move: Psychic Terrain|[from] ability: Psychic Surge|[of] p1b: Indeedee
|-enditem|p1a: Sneasler|Psychic Seed
|-boost|p1a: Sneasler|spd|1|[from] item: Psychic Seed
|-weather|RainDance|[from] ability: Drizzle|[of] p2a: Politoed
|turn|1
|inactive|k8mck has 30 seconds left.
|
|t:|1756611081
|switch|p2a: Incineroar|Incineroar, L50, F|100/100
|-ability|p2a: Incineroar|Intimidate|boost
|-unboost|p1a: Sneasler|atk|1
|-unboost|p1b: Indeedee|atk|1
|move|p1a: Sneasler|Dire Claw|p2b: Kingdra
|-damage|p2b: Kingdra|60/100
|move|p2b: Kingdra|Muddy Water|p1b: Indeedee|[spread] p1a,p1b
|-damage|p1a: Sneasler|50/100
|-damage|p1b: Indeedee|24/100
|-unboost|p1b: Indeedee|accuracy|1
|-damage|p2b: Kingdra|50/100|[from] item: Life Orb
|move|p1b: Indeedee|Expanding Force|p2a: Incineroar|[spread] p2b
|-immune|p2a: Incineroar
|-damage|p2b: Kingdra|0 fnt
|faint|p2b: Kingdra
|
|-weather|RainDance|[upkeep]
|upkeep
|inactive|Sr. Sotomonte has 30 seconds left.
|inactive|Sr. Sotomonte has 20 seconds left.
|
|t:|1756611121
|switch|p2b: Archaludon|Archaludon, L50, F|100/100
|turn|2
|
|t:|1756611142
|move|p1a: Sneasler|Close Combat|p2b: Archaludon
|-supereffective|p2b: Archaludon
|-damage|p2b: Archaludon|16/100
|-unboost|p1a: Sneasler|def|1
|-unboost|p1a: Sneasler|spd|1
|move|p2b: Archaludon|Electro Shot||[still]
|-prepare|p2b: Archaludon|Electro Shot
|-boost|p2b: Archaludon|spa|1
|-anim|p2b: Archaludon|Electro Shot|p1a: Sneasler
|-damage|p1a: Sneasler|0 fnt
|faint|p1a: Sneasler
|move|p1b: Indeedee|Expanding Force|p2b: Archaludon|[spread] p2b
|-immune|p2a: Incineroar
|-resisted|p2b: Archaludon
|-crit|p2b: Archaludon
|-damage|p2b: Archaludon|0 fnt
|faint|p2b: Archaludon
|move|p2a: Incineroar|Knock Off|p1b: Indeedee
|-supereffective|p1b: Indeedee
|-damage|p1b: Indeedee|0 fnt
|-enditem|p1b: Indeedee|Focus Sash|[from] move: Knock Off|[of] p2a: Incineroar
|faint|p1b: Indeedee
|
|-weather|RainDance|[upkeep]
|upkeep
|
|t:|1756611162
|switch|p1a: Ursaluna|Ursaluna-Bloodmoon, L50, M|100/100
|switch|p2b: Politoed|Politoed, L50, M|100/100
|switch|p1b: Volcarona|Volcarona, L50, F|100/100
|turn|3
|inactive|k8mck has 30 seconds left.
|inactive|k8mck has 20 seconds left.
|inactive|k8mck has 15 seconds left.
|inactive|k8mck has 10 seconds left.
|inactive|k8mck has 5 seconds left.
|
|t:|1756611213
|-terastallize|p1b: Volcarona|Water
|move|p1b: Volcarona|Rage Powder|p1b: Volcarona
|-singleturn|p1b: Volcarona|move: Rage Powder
|move|p2b: Politoed|Weather Ball|p1b: Volcarona
|-resisted|p1b: Volcarona
|-damage|p1b: Volcarona|78/100
|move|p1a: Ursaluna|Earth Power|p2a: Incineroar
|-supereffective|p2a: Incineroar
|-damage|p2a: Incineroar|2/100
|-damage|p1a: Ursaluna|91/100|[from] item: Life Orb
|move|p2a: Incineroar|Knock Off|p1b: Volcarona
|-damage|p1b: Volcarona|42/100
|-enditem|p1b: Volcarona|Sitrus Berry|[from] move: Knock Off|[of] p2a: Incineroar
|
|-weather|RainDance|[upkeep]
|upkeep
|turn|4
|inactive|Sr. Sotomonte has 30 seconds left.
|inactive|Sr. Sotomonte has 20 seconds left.
|inactive|Sr. Sotomonte has 15 seconds left.
|inactive|Sr. Sotomonte has 10 seconds left.
|
|t:|1756611260
|-terastallize|p2b: Politoed|Grass
|move|p2a: Incineroar|Protect|p2a: Incineroar
|-singleturn|p2a: Incineroar|Protect
|move|p1b: Volcarona|Rage Powder|p1b: Volcarona
|-singleturn|p1b: Volcarona|move: Rage Powder
|move|p2b: Politoed|Encore|p1b: Volcarona
|-start|p1b: Volcarona|Encore
|move|p1a: Ursaluna|Hyper Voice|p2b: Politoed|[spread] p2b
|-activate|p2a: Incineroar|move: Protect
|-damage|p2b: Politoed|64/100
|-damage|p1a: Ursaluna|81/100|[from] item: Life Orb
|
|-weather|RainDance|[upkeep]
|-heal|p2b: Politoed|71/100|[from] item: Leftovers
|upkeep
|turn|5
|inactive|k8mck has 30 seconds left.
|inactive|Sr. Sotomonte has 30 seconds left.
|
|t:|1756611288
|move|p1b: Volcarona|Rage Powder|p1b: Volcarona
|-singleturn|p1b: Volcarona|move: Rage Powder
|move|p2b: Politoed|Weather Ball|p1a: Ursaluna
|-supereffective|p1a: Ursaluna
|-damage|p1a: Ursaluna|0 fnt
|faint|p1a: Ursaluna
|move|p2a: Incineroar|Knock Off|p1b: Volcarona
|-damage|p1b: Volcarona|20/100
|
|-weather|none
|-heal|p2b: Politoed|77/100|[from] item: Leftovers
|-fieldend|move: Psychic Terrain
|upkeep
|turn|6
|
|t:|1756611307
|move|p1b: Volcarona|Rage Powder|p1b: Volcarona
|-singleturn|p1b: Volcarona|move: Rage Powder
|move|p2b: Politoed|Weather Ball|p1b: Volcarona
|-damage|p1b: Volcarona|10/100
|move|p2a: Incineroar|Knock Off|p1b: Volcarona
|-damage|p1b: Volcarona|0 fnt
|faint|p1b: Volcarona
|
|win|Sr. Sotomonte
||k8mck is ready for game 2.
|inactive|Sr. Sotomonte has 30 seconds to confirm battle start!
