|j|☆Subzan
|j|☆2BStellar
|html|Subzan2BStellar    
|uhtml|bestof|Game 3 of a best-of-3
|t:|1785956671
|gametype|doubles
|player|p1|Subzan|169|
|player|p2|2BStellar|hilbert-wonderlauncher|
|gen|9
|tier|[Gen 9 Champions] VGC 2026 Reg M-B (Bo3)
|rule|Species Clause: Limit one of each Pokémon
|rule|Item Clause: Limit 1 of each item
|clearpoke
|poke|p1|Pyroar, L50, F|
|poke|p1|Torkoal, L50, M|
|poke|p1|Farigiraf, L50, F|
|poke|p1|Dragonite, L50, F|
|poke|p1|Whimsicott, L50, M|
|poke|p1|Sneasler, L50, M|
|poke|p2|Sylveon, L50, F, shiny|
|poke|p2|Garchomp, L50, M, shiny|
|poke|p2|Kingambit, L50, M, shiny|
|poke|p2|Charizard, L50, M, shiny|
|poke|p2|Aerodactyl, L50, M, shiny|
|poke|p2|Farigiraf, L50, F, shiny|
|teampreview|4
|showteam|p1|Pyroar||Pyroarite|Unnerve|HeatWave,Overheat,SolarBeam,Protect|Timid||F|||50|]Torkoal||Charcoal|Drought|Eruption,WeatherBall,Protect,HelpingHand|Modest||M|||50|]Farigiraf||SitrusBerry|ArmorTail|TrickRoom,TwinBeam,Thunderbolt,HelpingHand|Bold||F|||50|]Dragonite||LifeOrb|InnerFocus|DragonClaw,ExtremeSpeed,Superpower,Protect|Adamant||F|||50|]Whimsicott||FocusSash|Prankster|Moonblast,Tailwind,Encore,SunnyDay|Timid||M|||50|]Sneasler||WhiteHerb|Unburden|FakeOut,DireClaw,CloseCombat,Protect|Jolly||M|||50|
|showteam|p2|Sylveon||FairyFeather|Pixilate|Detect,HyperVoice,QuickAttack,HyperBeam|Modest||F|||50|]Garchomp||ChoiceScarf|RoughSkin|StompingTantrum,Earthquake,DragonClaw,StoneEdge|Adamant||M|||50|]Kingambit||LifeOrb|Defiant|SuckerPunch,KowtowCleave,IronHead,BrickBreak|Adamant||M|||50|]Charizard||CharizarditeY|Blaze|Protect,HeatWave,SolarBeam,WeatherBall|Modest||M|||50|]Aerodactyl||Aerodactylite|RockHead|Tailwind,RockSlide,WideGuard,DualWingbeat|Jolly||M|||50|]Farigiraf||SitrusBerry|ArmorTail|Protect,Thunderbolt,TwinBeam,TrickRoom|Bold||F|||50|
|
|t:|1785956742
|teamsize|p1|4
|teamsize|p2|4
|start
|switch|p1a: Dragonite|Dragonite, L50, F|100/100
|switch|p1b: Whimsicott|Whimsicott, L50, M|100/100
|switch|p2a: AAAAAA|Aerodactyl, L50, M, shiny|100/100
|switch|p2b: piano|Garchomp, L50, M, shiny|100/100
|turn|1
|
|t:|1785956829
|switch|p2b: giraf|Farigiraf, L50, F, shiny|100/100
|detailschange|p2a: AAAAAA|Aerodactyl-Mega, L50, M, shiny
|-mega|p2a: AAAAAA|Aerodactyl|Aerodactylite
|move|p1b: Whimsicott|Tailwind|p1b: Whimsicott
|-sidestart|p1: Subzan|move: Tailwind
|move|p1a: Dragonite|Superpower|p2b: giraf
|-damage|p2b: giraf|49/100
|-unboost|p1a: Dragonite|atk|1
|-unboost|p1a: Dragonite|def|1
|-enditem|p2b: giraf|Sitrus Berry|[eat]
|-heal|p2b: giraf|73/100|[from] item: Sitrus Berry
|-damage|p1a: Dragonite|90/100|[from] item: Life Orb
|move|p2a: AAAAAA|Tailwind|p2a: AAAAAA
|-sidestart|p2: 2BStellar|move: Tailwind
|
|upkeep
|turn|2
|
|t:|1785956867
|move|p2a: AAAAAA|Rock Slide|p1b: Whimsicott|[spread] p1a,p1b
|-supereffective|p1a: Dragonite|1
|-damage|p1a: Dragonite|5/100
|-damage|p1b: Whimsicott|59/100
|move|p1b: Whimsicott|Moonblast|p2a: AAAAAA
|-damage|p2a: AAAAAA|53/100
|move|p1a: Dragonite|Dragon Claw|p2a: AAAAAA
|-damage|p2a: AAAAAA|5/100
|-damage|p1a: Dragonite|0 fnt|[from] item: Life Orb
|faint|p1a: Dragonite
|move|p2b: giraf|Twin Beam|p1b: Whimsicott
|-damage|p1b: Whimsicott|35/100
|-damage|p1b: Whimsicott|10/100
|-hitcount|p1b: Whimsicott|2
|
|upkeep
|
|t:|1785956898
|switch|p1a: Pyroar|Pyroar, L50, F|100/100
|-ability|p1a: Pyroar|Unnerve
|turn|3
|
|t:|1785956945
|switch|p1b: Torkoal|Torkoal, L50, M|100/100
|-weather|SunnyDay|[from] ability: Drought|[of] p1b: Torkoal
|detailschange|p1a: Pyroar|Pyroar-Mega, L50, F
|-mega|p1a: Pyroar|Pyroar|Pyroarite
|move|p2b: giraf|Protect|p2b: giraf
|-singleturn|p2b: giraf|Protect
|move|p2a: AAAAAA|Rock Slide|p1a: Pyroar|[spread] p1a,p1b
|-supereffective|p1a: Pyroar|1
|-supereffective|p1b: Torkoal|1
|-damage|p1a: Pyroar|32/100
|-damage|p1b: Torkoal|52/100
|move|p1a: Pyroar|Heat Wave|p2a: AAAAAA|[spread] p2a
|-activate|p2b: giraf|move: Protect
|-resisted|p2a: AAAAAA|1
|-damage|p2a: AAAAAA|0 fnt
|faint|p2a: AAAAAA
|
|-weather|SunnyDay|[upkeep]
|upkeep
|
|t:|1785956959
|switch|p2a: piano|Garchomp, L50, M, shiny|100/100
|turn|4
|
|t:|1785956982
|move|p1a: Pyroar|Protect|p1a: Pyroar
|-singleturn|p1a: Pyroar|Protect
|move|p2a: piano|Earthquake|p1a: Pyroar|[spread] p2b,p1b
|-activate|p1a: Pyroar|move: Protect
|-supereffective|p1b: Torkoal|1
|-damage|p2b: giraf|40/100
|-damage|p1b: Torkoal|0 fnt
|faint|p1b: Torkoal
|move|p2b: giraf|Twin Beam|p1a: Pyroar
|-activate|p1a: Pyroar|move: Protect
|
|-weather|SunnyDay|[upkeep]
|-sideend|p2: 2BStellar|move: Tailwind
|-sideend|p1: Subzan|move: Tailwind
|upkeep
|
|t:|1785956987
|switch|p1b: Whimsicott|Whimsicott, L50, M|10/100
|turn|5
|
|t:|1785957009
|move|p1b: Whimsicott|Tailwind|p1b: Whimsicott
|-sidestart|p1: Subzan|move: Tailwind
|move|p1a: Pyroar|Heat Wave|p2a: piano|[spread] p2a,p2b
|-resisted|p2a: piano|1
|-damage|p2a: piano|56/100
|-damage|p2b: giraf|0 fnt
|faint|p2b: giraf
|move|p2a: piano|Earthquake|p1a: Pyroar|[spread] p1a,p1b
|-supereffective|p1a: Pyroar|1
|-resisted|p1b: Whimsicott|1
|-damage|p1a: Pyroar|0 fnt
|-damage|p1b: Whimsicott|0 fnt
|faint|p1a: Pyroar
|faint|p1b: Whimsicott
|
|win|2BStellar
|c|☆Subzan|ggs
|c|☆2BStellar|ggs
|c|☆2BStellar|may i recommend something
|c|☆Subzan|ok
|c|☆2BStellar|i think you should have a mega instead of dragonite, since otherwise mega pyroar isn't great into common big 6 cores
|c|☆2BStellar|your team gets eaten by eq
|c|☆Subzan|it was a first testing draft so yeah was happy to figure out weaknesses
|c|☆2BStellar|theres def potential
|c|☆2BStellar|tailroom is nice
|c|☆2BStellar|well gotta dip, so cya and gl in the rest of your games!
|c|☆Subzan|u 2!
