|j|☆Pokeventurer
|j|☆onardragon
|html|Pokeventureronardragon    
|uhtml|bestof|Game 1 of a best-of-3
|t:|1757021349
|gametype|doubles
|player|p1|Pokeventurer|2|1093
|player|p2|onardragon|lance|1073
|gen|9
|tier|[Gen 9] VGC 2025 Reg H (Bo3)
|rated|
|rule|Species Clause: Limit one of each Pokémon
|rule|Item Clause: Limit 1 of each item
|clearpoke
|poke|p1|Basculegion, L50, M|
|poke|p1|Pelipper, L50, M|
|poke|p1|Archaludon, L50, M|
|poke|p1|Rillaboom, L50, F|
|poke|p1|Maushold, L50|
|poke|p1|Annihilape, L50, M|
|poke|p2|Hatterene, L50, F|
|poke|p2|Indeedee-F, L50, F|
|poke|p2|Volcarona, L50, F|
|poke|p2|Incineroar, L50, M|
|poke|p2|Gallade, L50, M|
|poke|p2|Archaludon, L50, M|
|teampreview|4
|showteam|p1|Basculegion||ChoiceBand|SwiftSwim|WaveCrash,FlipTurn,LastRespects,AquaJet|||M|||50|,,,,,Water]Pelipper||FocusSash|Drizzle|WeatherBall,Hurricane,Tailwind,Protect|||M|||50|,,,,,Stellar]Archaludon||AssaultVest|Stamina|ElectroShot,FlashCannon,Snarl,BodyPress|||M|||50|,,,,,Grass]Rillaboom||CobaBerry|GrassySurge|FakeOut,GrassyGlide,WoodHammer,Uturn|||F|||50|,,,,,Steel]Maushold||CovertCloak|FriendGuard|FollowMe,BeatUp,SuperFang,Taunt||||||50|,,,,,Ghost]Annihilape||SafetyGoggles|Defiant|DrainPunch,RageFist,BulkUp,Protect|||M|||50|,,,,,Fire
|showteam|p2|Hatterene||SitrusBerry|MagicBounce|ExpandingForce,DazzlingGleam,TrickRoom,Protect|||F|||50|,,,,,Steel]Indeedee-F||SafetyGoggles|PsychicSurge|FollowMe,TrickRoom,Psychic,HealPulse|||F|||50|,,,,,Water]Volcarona||RockyHelmet|FlameBody|GigaDrain,Flamethrower,QuiverDance,Protect|||F|||50|,,,,,Grass]Incineroar||AssaultVest|Intimidate|FakeOut,Uturn,FlareBlitz,KnockOff|||M|||50|,,,,,Grass]Gallade||ClearAmulet|Sharpness|SacredSword,PsychoCut,TrickRoom,Protect|||M|||50|,,,,,Psychic]Archaludon||PowerHerb|Sturdy|ElectroShot,DragonPulse,FlashCannon,Protect|||M|||50|,,,,,Electric
|inactive|Battle timer is ON: inactive players will automatically lose when time's up. (requested by onardragon)
|inactive|Pokeventurer has 60 seconds left.
|inactive|onardragon has 60 seconds left.
|
|t:|1757021407
|teamsize|p1|4
|teamsize|p2|4
|start
|switch|p1a: London Paris&Tokyo|Archaludon, L50, M|100/100
|switch|p1b: Zoom!Wake|Basculegion, L50, M|100/100
|switch|p2a: Archaludon|Archaludon, L50, M|100/100
|switch|p2b: Incineroar|Incineroar, L50, M|100/100
|-ability|p2b: Incineroar|Intimidate|boost
|-unboost|p1a: London Paris&Tokyo|atk|1
|-unboost|p1b: Zoom!Wake|atk|1
|turn|1
|
|t:|1757021427
|move|p2b: Incineroar|Fake Out|p1a: London Paris&Tokyo
|-resisted|p1a: London Paris&Tokyo
|-damage|p1a: London Paris&Tokyo|96/100
|-ability|p1a: London Paris&Tokyo|Stamina|boost
|-boost|p1a: London Paris&Tokyo|def|1
|move|p2a: Archaludon|Electro Shot||[still]
|-prepare|p2a: Archaludon|Electro Shot
|-boost|p2a: Archaludon|spa|1
|-enditem|p2a: Archaludon|Power Herb
|-anim|p2a: Archaludon|Electro Shot|p1b: Zoom!Wake
|-supereffective|p1b: Zoom!Wake
|-damage|p1b: Zoom!Wake|0 fnt
|faint|p1b: Zoom!Wake
|cant|p1a: London Paris&Tokyo|flinch
|
|upkeep
|
|t:|1757021444
|switch|p1b: BigMouth|Pelipper, L50, M|100/100
|-weather|RainDance|[from] ability: Drizzle|[of] p1b: BigMouth
|turn|2
|
|t:|1757021467
|move|p2a: Archaludon|Electro Shot||[still]
|-prepare|p2a: Archaludon|Electro Shot
|-boost|p2a: Archaludon|spa|1
|-anim|p2a: Archaludon|Electro Shot|p1b: BigMouth
|-supereffective|p1b: BigMouth
|-crit|p1b: BigMouth
|-enditem|p1b: BigMouth|Focus Sash
|-damage|p1b: BigMouth|1/100
|move|p1a: London Paris&Tokyo|Electro Shot||[still]
|-prepare|p1a: London Paris&Tokyo|Electro Shot
|-boost|p1a: London Paris&Tokyo|spa|1
|-anim|p1a: London Paris&Tokyo|Electro Shot|p2b: Incineroar
|-damage|p2b: Incineroar|66/100
|move|p1b: BigMouth|Weather Ball|p2b: Incineroar
|-supereffective|p2b: Incineroar
|-damage|p2b: Incineroar|0 fnt
|faint|p2b: Incineroar
|
|-weather|RainDance|[upkeep]
|upkeep
|
|t:|1757021488
|switch|p2b: Indeedee|Indeedee-F, L50, F|100/100
|-fieldstart|move: Psychic Terrain|[from] ability: Psychic Surge|[of] p2b: Indeedee
|turn|3
|
|t:|1757021500
|switch|p1b: MonkeyDo2|Rillaboom, L50, F|100/100
|-fieldstart|move: Grassy Terrain|[from] ability: Grassy Surge|[of] p1b: MonkeyDo2
|move|p2a: Archaludon|Electro Shot||[still]
|-prepare|p2a: Archaludon|Electro Shot
|-boost|p2a: Archaludon|spa|1
|-anim|p2a: Archaludon|Electro Shot|p1b: MonkeyDo2
|-resisted|p1b: MonkeyDo2
|-damage|p1b: MonkeyDo2|56/100
|move|p1a: London Paris&Tokyo|Electro Shot||[still]
|-prepare|p1a: London Paris&Tokyo|Electro Shot
|-boost|p1a: London Paris&Tokyo|spa|1
|-anim|p1a: London Paris&Tokyo|Electro Shot|p2b: Indeedee
|-damage|p2b: Indeedee|10/100
|move|p2b: Indeedee|Psychic|p1a: London Paris&Tokyo
|-resisted|p1a: London Paris&Tokyo
|-damage|p1a: London Paris&Tokyo|83/100
|-ability|p1a: London Paris&Tokyo|Stamina|boost
|-boost|p1a: London Paris&Tokyo|def|1
|
|-weather|RainDance|[upkeep]
|-heal|p1a: London Paris&Tokyo|89/100|[from] Grassy Terrain
|-heal|p1b: MonkeyDo2|62/100|[from] Grassy Terrain
|-heal|p2b: Indeedee|16/100|[from] Grassy Terrain
|upkeep
|turn|4
|inactive|Pokeventurer has 30 seconds left.
|
|t:|1757021530
|move|p2a: Archaludon|Protect|p2a: Archaludon
|-singleturn|p2a: Archaludon|Protect
|move|p1b: MonkeyDo2|Fake Out|p2a: Archaludon
|-activate|p2a: Archaludon|move: Protect
|move|p1a: London Paris&Tokyo|Electro Shot||[still]
|-prepare|p1a: London Paris&Tokyo|Electro Shot
|-boost|p1a: London Paris&Tokyo|spa|1
|-anim|p1a: London Paris&Tokyo|Electro Shot|p2b: Indeedee
|-damage|p2b: Indeedee|0 fnt
|faint|p2b: Indeedee
|
|-weather|RainDance|[upkeep]
|-heal|p1a: London Paris&Tokyo|95/100|[from] Grassy Terrain
|-heal|p1b: MonkeyDo2|67/100|[from] Grassy Terrain
|upkeep
|
|t:|1757021542
|switch|p2b: Hatterene|Hatterene, L50, F|100/100
|turn|5
|l|☆Pokeventurer
|inactive|Pokeventurer disconnected and has a minute to reconnect!
|player|p1|
|inactive|Pokeventurer has 30 seconds left.
|inactive|Pokeventurer has 20 seconds left.
|j|☆Pokeventurer
|inactive|Pokeventurer reconnected and has 20 seconds left.
|player|p1|Pokeventurer|2|
|inactive|Pokeventurer has 15 seconds left.
|inactive|Pokeventurer has 10 seconds left.
|
|t:|1757021592
|move|p2a: Archaludon|Dragon Pulse|p1a: London Paris&Tokyo
|-damage|p1a: London Paris&Tokyo|0 fnt
|faint|p1a: London Paris&Tokyo
|move|p1b: MonkeyDo2|Wood Hammer|p2b: Hatterene
|-damage|p2b: Hatterene|32/100
|-enditem|p2b: Hatterene|Sitrus Berry|[eat]
|-heal|p2b: Hatterene|57/100|[from] item: Sitrus Berry
|-damage|p1b: MonkeyDo2|50/100|[from] Recoil
|move|p2b: Hatterene|Dazzling Gleam|p1b: MonkeyDo2
|-damage|p1b: MonkeyDo2|4/100
|
|-weather|RainDance|[upkeep]
|-heal|p1b: MonkeyDo2|10/100|[from] Grassy Terrain
|-heal|p2b: Hatterene|63/100|[from] Grassy Terrain
|upkeep
|
|t:|1757021598
|switch|p1a: BigMouth|Pelipper, L50, M|1/100
|turn|6
|
|t:|1757021615
|move|p2a: Archaludon|Dragon Pulse|p1b: MonkeyDo2
|-damage|p1b: MonkeyDo2|0 fnt
|faint|p1b: MonkeyDo2
|move|p1a: BigMouth|Hurricane|p2b: Hatterene
|-damage|p2b: Hatterene|12/100
|move|p2b: Hatterene|Dazzling Gleam|p1a: BigMouth
|-damage|p1a: BigMouth|0 fnt
|faint|p1a: BigMouth
|
|win|onardragon
||onardragon is ready for game 2.
||Pokeventurer is ready for game 2.
|uhtml|next|Next: Game 2 of 3
