|j|☆Kamikaze maniac
|j|☆Lamburrito
|html|Kamikaze maniacLamburrito    
|uhtml|bestof|Game 3 of a best-of-3
|t:|1782255209
|gametype|doubles
|player|p1|Kamikaze maniac|266|1096
|player|p2|Lamburrito|marlon|1077
|gen|9
|tier|[Gen 9 Champions] VGC 2026 Reg M-B (Bo3)
|rated|
|rule|Species Clause: Limit one of each Pokémon
|rule|Item Clause: Limit 1 of each item
|clearpoke
|poke|p1|Scolipede, L50, M, shiny|
|poke|p1|Whimsicott, L50, F|
|poke|p1|Clefable, L50, F|
|poke|p1|Grimmsnarl, L50, M|
|poke|p1|Raichu, L50, F|
|poke|p1|Overqwil, L50, F|
|poke|p2|Scrafty, L50, M, shiny|
|poke|p2|Trevenant, L50, M, shiny|
|poke|p2|Reuniclus, L50, M, shiny|
|poke|p2|Blastoise, L50, M, shiny|
|poke|p2|Staraptor, L50, F, shiny|
|poke|p2|Scizor, L50, M|
|teampreview|4
|showteam|p1|Scolipede||Scolipite|SpeedBoost|RockSlide,LeechLife,SwordsDance,Protect|Adamant||M|||50|]Whimsicott||FocusSash|Prankster|Tailwind,Moonblast,Encore,Protect|Bold||F|||50|]Clefable||SitrusBerry|Unaware|LifeDew,Moonblast,FollowMe,IcyWind|Calm||F|||50|]Grimmsnarl||LightClay|Prankster|Reflect,LightScreen,Protect,SpiritBreak|Careful||M|||50|]Raichu||RaichuniteY|LightningRod|ZapCannon,FocusBlast,FakeOut,Protect|Hasty||F|||50|]Overqwil||Leftovers|Intimidate|BarbBarrage,ToxicSpikes,Crunch,Protect|Jolly||F|||50|
|showteam|p2|Scrafty||Scraftinite|Intimidate|Crunch,DrainPunch,Coaching,Protect|Brave||M|||50|]Trevenant||KasibBerry|Harvest|Poltergeist,DrainPunch,TrickRoom,Protect|Adamant||M|||50|]Reuniclus||LifeOrb|MagicGuard|Psychic,Superpower,RainDance,TrickRoom|Quiet||M|||50|]Blastoise||Blastoisinite|Torrent|WaterSpout,DarkPulse,Protect,ShellSmash|Modest||M|||50|]Staraptor||ChoiceScarf|Intimidate|FinalGambit,DualWingbeat,CloseCombat,Tailwind|Jolly||F|||50|]Scizor||SitrusBerry|Technician|BulletPunch,BugBite,QuickGuard,Protect|Adamant||M|||50|
|inactive|Battle timer is ON: inactive players will automatically lose when time's up. (requested by Kamikaze maniac)
|
|t:|1782255264
|teamsize|p1|4
|teamsize|p2|4
|start
|switch|p1a: Grimmsnarl|Grimmsnarl, L50, M|100/100
|switch|p1b: Raichu|Raichu, L50, F|100/100
|switch|p2a: Scizor|Scizor, L50, M|100/100
|switch|p2b: Bob The Blob|Reuniclus, L50, M, shiny|100/100
|turn|1
|
|t:|1782255287
|move|p2a: Scizor|Protect|p2a: Scizor
|-singleturn|p2a: Scizor|Protect
|move|p1b: Raichu|Fake Out|p2b: Bob The Blob
|-damage|p2b: Bob The Blob|92/100
|move|p1a: Grimmsnarl|Spirit Break|p2b: Bob The Blob
|-damage|p2b: Bob The Blob|61/100
|-unboost|p2b: Bob The Blob|spa|1
|cant|p2b: Bob The Blob|flinch
|
|upkeep
|turn|2
|inactive|Lamburrito has 30 seconds left.
|inactive|Kamikaze maniac has 30 seconds left.
|
|t:|1782255321
|detailschange|p1b: Raichu|Raichu-Mega-Y, L50, F
|-mega|p1b: Raichu|Raichu|Raichunite Y
|move|p1a: Grimmsnarl|Reflect|p1a: Grimmsnarl
|-sidestart|p1: Kamikaze maniac|Reflect
|move|p1b: Raichu|Zap Cannon|p2b: Bob The Blob
|-damage|p2b: Bob The Blob|0 fnt
|faint|p2b: Bob The Blob
|move|p2a: Scizor|Bug Bite|p1b: Raichu
|-damage|p1b: Raichu|20/100r
|
|upkeep
|
|t:|1782255335
|switch|p2b: Blake|Blastoise, L50, M, shiny|100/100
|turn|3
|inactive|Kamikaze maniac has 30 seconds left.
|inactive|Lamburrito has 30 seconds left.
|inactive|Kamikaze maniac has 20 seconds left.
|
|t:|1782255375
|detailschange|p2b: Blake|Blastoise-Mega, L50, M, shiny
|-mega|p2b: Blake|Blastoise|Blastoisinite
|move|p1b: Raichu|Protect|p1b: Raichu
|-singleturn|p1b: Raichu|Protect
|move|p2a: Scizor|Bullet Punch|p1b: Raichu
|-activate|p1b: Raichu|move: Protect
|move|p1a: Grimmsnarl|Light Screen|p1a: Grimmsnarl
|-sidestart|p1: Kamikaze maniac|move: Light Screen
|move|p2b: Blake|Shell Smash|p2b: Blake
|-unboost|p2b: Blake|def|1
|-unboost|p2b: Blake|spd|1
|-boost|p2b: Blake|atk|2
|-boost|p2b: Blake|spa|2
|-boost|p2b: Blake|spe|2
|
|upkeep
|turn|4
|
|t:|1782255398
|switch|p1b: Speed|Scolipede, L50, M, shiny|100/100
|move|p2a: Scizor|Bullet Punch|p1a: Grimmsnarl
|-supereffective|p1a: Grimmsnarl|1
|-damage|p1a: Grimmsnarl|46/100
|move|p2b: Blake|Water Spout|p1b: Speed|[spread] p1a,p1b
|-damage|p1a: Grimmsnarl|0 fnt
|-damage|p1b: Speed|0 fnt
|faint|p1a: Grimmsnarl
|faint|p1b: Speed
|
|upkeep
|
|t:|1782255407
|switch|p1b: Raichu|Raichu-Mega-Y, L50, F|20/100r
|switch|p1a: Clefable|Clefable, L50, F|100/100
|turn|5
|
|t:|1782255413
|move|p2b: Blake|Protect|p2b: Blake
|-singleturn|p2b: Blake|Protect
|move|p2a: Scizor|Protect|p2a: Scizor
|-singleturn|p2a: Scizor|Protect
|move|p1a: Clefable|Follow Me|p1a: Clefable
|-singleturn|p1a: Clefable|move: Follow Me
|move|p1b: Raichu|Zap Cannon|p2b: Blake
|-activate|p2b: Blake|move: Protect
|
|upkeep
|turn|6
|
|t:|1782255428
|move|p1a: Clefable|Follow Me|p1a: Clefable
|-singleturn|p1a: Clefable|move: Follow Me
|move|p2a: Scizor|Bullet Punch|p1a: Clefable
|-supereffective|p1a: Clefable|1
|-damage|p1a: Clefable|44/100
|-enditem|p1a: Clefable|Sitrus Berry|[eat]
|-heal|p1a: Clefable|69/100|[from] item: Sitrus Berry
|move|p2b: Blake|Water Spout|p1a: Clefable|[spread] p1a,p1b
|-damage|p1a: Clefable|37/100
|-damage|p1b: Raichu|0 fnt
|faint|p1b: Raichu
|
|upkeep
|turn|7
|
|t:|1782255441
|move|p2a: Scizor|Bullet Punch|p1a: Clefable
|-supereffective|p1a: Clefable|1
|-damage|p1a: Clefable|0 fnt
|faint|p1a: Clefable
|
|win|Lamburrito
|raw|Kamikaze maniac's rating: 1096 → 1070(-26 for losing)
|raw|Lamburrito's rating: 1077 → 1107(+30 for winning)
