|j|☆fireazull
|j|☆stormyrat
|html|fireazullstormyrat    
|uhtml|bestof|Game 1 of a best-of-3
|t:|1782187008
|gametype|doubles
|player|p1|fireazull|steven|1000
|player|p2|stormyrat|265|1104
|gen|9
|tier|[Gen 9 Champions] VGC 2026 Reg M-B (Bo3)
|rated|
|rule|Species Clause: Limit one of each Pokémon
|rule|Item Clause: Limit 1 of each item
|clearpoke
|poke|p1|Tyranitar, L50, M|
|poke|p1|Excadrill, L50, F|
|poke|p1|Rotom-Wash, L50|
|poke|p1|Corviknight, L50, M|
|poke|p1|Garchomp, L50, M|
|poke|p1|Sinistcha-Masterpiece, L50|
|poke|p2|Floette-Eternal, L50, F|
|poke|p2|Gholdengo, L50|
|poke|p2|Aerodactyl, L50, F|
|poke|p2|Incineroar, L50, M|
|poke|p2|Basculegion, L50, M|
|poke|p2|Rotom-Mow, L50|
|teampreview|4
|showteam|p1|Tyranitar||Tyranitarite|SandStream|RockSlide,KnockOff,Protect,DragonDance|Adamant||M|||50|]Excadrill||LifeOrb|SandRush|RockSlide,Earthquake,IronHead,Protect|Adamant||F|||50|]Rotom-Wash||SitrusBerry|Levitate|HydroPump,Thunderbolt,WillOWisp,LightScreen|Bold|||||50|]Corviknight||Leftovers|MirrorArmor|BraveBird,Tailwind,Roost,IronHead|Careful||M|||50|]Garchomp||SoftSand|SandVeil|DragonClaw,Earthquake,RockSlide,Protect|Jolly||M|||50|]Sinistcha-Masterpiece||BigRoot|Hospitality|MatchaGotcha,RagePowder,LifeDew,ShadowBall|Bold|||||50|
|showteam|p2|Floette-Eternal||Floettite|FlowerVeil|Moonblast,LightofRuin,DazzlingGleam,Protect|Modest||F|||50|]Gholdengo||LifeOrb|GoodasGold|NastyPlot,ShadowBall,MakeItRain,Protect|Modest|||||50|]Aerodactyl||FocusSash|Unnerve|DualWingbeat,RockSlide,Tailwind,WideGuard|Jolly||F|||50|]Incineroar||SitrusBerry|Intimidate|FakeOut,PartingShot,DarkestLariat,FlareBlitz|Impish||M|||50|]Basculegion||MysticWater|Adaptability|Protect,WaveCrash,LastRespects,AquaJet|Jolly||M|||50|]Rotom-Mow||WideLens|Levitate|LeafStorm,Electroweb,VoltSwitch,Protect|Timid|||||50|
|inactive|Battle timer is ON: inactive players will automatically lose when time's up. (requested by stormyrat)
|inactive|stormyrat has 60 seconds left.
|
|t:|1782187040
|teamsize|p1|4
|teamsize|p2|4
|start
|switch|p1a: Tyranitar|Tyranitar, L50, M|100/100
|switch|p1b: Excadrill|Excadrill, L50, F|100/100
|switch|p2a: Incineroar|Incineroar, L50, M|100/100
|switch|p2b: Gholdengo|Gholdengo, L50|100/100
|-weather|Sandstorm|[from] ability: Sand Stream|[of] p1a: Tyranitar
|-ability|p2a: Incineroar|Intimidate|boost
|-unboost|p1a: Tyranitar|atk|1
|-unboost|p1b: Excadrill|atk|1
|turn|1
|
|t:|1782187063
|detailschange|p1a: Tyranitar|Tyranitar-Mega, L50, M
|-mega|p1a: Tyranitar|Tyranitar|Tyranitarite
|move|p1b: Excadrill|Protect|p1b: Excadrill
|-singleturn|p1b: Excadrill|Protect
|move|p1a: Tyranitar|Protect|p1a: Tyranitar
|-singleturn|p1a: Tyranitar|Protect
|move|p2a: Incineroar|Fake Out|p1b: Excadrill
|-activate|p1b: Excadrill|move: Protect
|move|p2b: Gholdengo|Make It Rain|p1b: Excadrill|[spread] 
|-activate|p1a: Tyranitar|move: Protect
|-activate|p1b: Excadrill|move: Protect
|
|-weather|Sandstorm|[upkeep]
|-damage|p2a: Incineroar|94/100|[from] Sandstorm
|upkeep
|turn|2
|
|t:|1782187081
|move|p2b: Gholdengo|Protect|p2b: Gholdengo
|-singleturn|p2b: Gholdengo|Protect
|move|p1b: Excadrill|Rock Slide|p2b: Gholdengo|[spread] p2a
|-activate|p2b: Gholdengo|move: Protect
|-supereffective|p2a: Incineroar|1
|-damage|p2a: Incineroar|65/100
|-damage|p1b: Excadrill|90/100|[from] item: Life Orb
|move|p1a: Tyranitar|Knock Off|p2b: Gholdengo
|-activate|p2b: Gholdengo|move: Protect
|move|p2a: Incineroar|Parting Shot|p1b: Excadrill
|-unboost|p1b: Excadrill|atk|1
|-unboost|p1b: Excadrill|spa|1
|
|t:|1782187096
|switch|p2a: Basculegion|Basculegion, L50, M|100/100|[from] Parting Shot
|
|-weather|Sandstorm|[upkeep]
|-damage|p2a: Basculegion|93/100|[from] Sandstorm
|upkeep
|turn|3
|
|t:|1782187109
|move|p1a: Tyranitar|Protect|p1a: Tyranitar
|-singleturn|p1a: Tyranitar|Protect
|move|p1b: Excadrill|Earthquake|p2b: Gholdengo|[spread] p2a,p2b
|-activate|p1a: Tyranitar|move: Protect
|-supereffective|p2b: Gholdengo|1
|-damage|p2a: Basculegion|60/100
|-damage|p2b: Gholdengo|43/100
|-damage|p1b: Excadrill|80/100|[from] item: Life Orb
|move|p2a: Basculegion|Wave Crash|p1a: Tyranitar
|-activate|p1a: Tyranitar|move: Protect
|move|p2b: Gholdengo|Shadow Ball|p1b: Excadrill
|-damage|p1b: Excadrill|0 fnt
|faint|p1b: Excadrill
|-damage|p2b: Gholdengo|34/100|[from] item: Life Orb
|
|-weather|Sandstorm|[upkeep]
|-damage|p2a: Basculegion|54/100|[from] Sandstorm
|upkeep
|l|☆stormyrat
|inactive|stormyrat disconnected and has a minute to reconnect!
|player|p2|
|j|☆stormyrat
|inactive|stormyrat reconnected.
|player|p2|stormyrat|265|
|
|t:|1782187133
|switch|p1b: Rotom|Rotom-Wash, L50|100/100
|turn|4
|inactive|fireazull has 30 seconds left.
|
|t:|1782187160
|move|p2b: Gholdengo|Protect|p2b: Gholdengo
|-singleturn|p2b: Gholdengo|Protect
|move|p2a: Basculegion|Wave Crash|p1a: Tyranitar
|-supereffective|p1a: Tyranitar|1
|-damage|p1a: Tyranitar|0 fnt
|faint|p1a: Tyranitar
|-damage|p2a: Basculegion|24/100|[from] Recoil
|move|p1b: Rotom|Thunderbolt|p2a: Basculegion
|-supereffective|p2a: Basculegion|1
|-damage|p2a: Basculegion|0 fnt
|faint|p2a: Basculegion
|
|-weather|Sandstorm|[upkeep]
|-damage|p1b: Rotom|94/100|[from] Sandstorm
|upkeep
|
|t:|1782187176
|switch|p2a: Incineroar|Incineroar, L50, M|65/100
|switch|p1a: Sinistcha|Sinistcha-Masterpiece, L50|100/100
|-ability|p2a: Incineroar|Intimidate|boost
|-unboost|p1a: Sinistcha|atk|1
|-unboost|p1b: Rotom|atk|1
|-heal|p1b: Rotom|100/100|[from] ability: Hospitality|[of] p1a: Sinistcha
|turn|5
|
|t:|1782187198
|move|p2a: Incineroar|Fake Out|p1b: Rotom
|-damage|p1b: Rotom|91/100
|cant|p1b: Rotom|flinch
|move|p2b: Gholdengo|Shadow Ball|p1a: Sinistcha
|-supereffective|p1a: Sinistcha|1
|-damage|p1a: Sinistcha|0 fnt
|faint|p1a: Sinistcha
|-damage|p2b: Gholdengo|24/100|[from] item: Life Orb
|
|-weather|none
|upkeep
|turn|6
|
|t:|1782187221
|move|p2b: Gholdengo|Shadow Ball|p1b: Rotom
|-damage|p1b: Rotom|30/100
|-enditem|p1b: Rotom|Sitrus Berry|[eat]
|-heal|p1b: Rotom|55/100|[from] item: Sitrus Berry
|-damage|p2b: Gholdengo|14/100|[from] item: Life Orb
|move|p1b: Rotom|Hydro Pump|p2a: Incineroar
|-supereffective|p2a: Incineroar|1
|-damage|p2a: Incineroar|0 fnt
|faint|p2a: Incineroar
|
|upkeep
|
|t:|1782187228
|switch|p2a: Floette|Floette-Eternal, L50, F|100/100
|turn|7
|
|t:|1782187234
|detailschange|p2a: Floette|Floette-Mega, L50, F
|-mega|p2a: Floette|Floette|Floettite
|-ability|p2a: Floette|Fairy Aura
|move|p2a: Floette|Moonblast|p1b: Rotom
|-damage|p1b: Rotom|0 fnt
|faint|p1b: Rotom
|
|win|stormyrat
|inactive|fireazull has 30 seconds to confirm battle start!
|inactive|stormyrat has 30 seconds to confirm battle start!
|l|☆fireazull
|player|p1|
