|j|☆darthmorton
|j|☆Isagii
|html|darthmortonIsagii    
|uhtml|bestof|Game 1 of a best-of-3
|t:|1784142933
|gametype|doubles
|player|p1|darthmorton|dragontamer|1283
|player|p2|Isagii|steven|1247
|gen|9
|tier|[Gen 9 Champions] VGC 2026 Reg M-B (Bo3)
|rated|
|rule|Species Clause: Limit one of each Pokémon
|rule|Item Clause: Limit 1 of each item
|clearpoke
|poke|p1|Sneasler, L50, F|
|poke|p1|Sinistcha, L50|
|poke|p1|Incineroar, L50, F|
|poke|p1|Charizard, L50, F|
|poke|p1|Floette-Eternal, L50, F|
|poke|p1|Kingambit, L50, F|
|poke|p2|Milotic, L50, M|
|poke|p2|Farigiraf, L50, F|
|poke|p2|Mawile, L50, M|
|poke|p2|Hydrapple, L50, F|
|poke|p2|Gallade, L50, M|
|poke|p2|Incineroar, L50, F|
|teampreview|4
|showteam|p1|Sneasler||FocusSash|PoisonTouch|FakeOut,GunkShot,CloseCombat,Coaching|Jolly||F|||50|]Sinistcha||SitrusBerry|Hospitality|MatchaGotcha,RagePowder,TrickRoom,Protect|Bold|||||50|]Incineroar||ChopleBerry|Intimidate|FlareBlitz,HelpingHand,PartingShot,FakeOut|Impish||F|||50|]Charizard||CharizarditeX|Blaze|FlareBlitz,DragonClaw,DragonDance,Protect|Adamant||F|||50|]Floette-Eternal||Floettite|FlowerVeil|Moonblast,CalmMind,DazzlingGleam,Protect|Modest||F|||50|]Kingambit||BlackGlasses|Defiant|KowtowCleave,SuckerPunch,SwordsDance,Protect|Adamant||F|||50|
|showteam|p2|Milotic||Leftovers|Competitive|IceBeam,MuddyWater,Recover,Haze|Modest||M|||50|]Farigiraf||SitrusBerry|ArmorTail|Psychic,Thunderbolt,TrickRoom,Protect|Bold||F|||50|]Mawile||Mawilite|HyperCutter|PlayRough,SuckerPunch,RockSlide,Protect|Brave||M|||50|]Hydrapple||LifeOrb|Regenerator|FickleBeam,EarthPower,GigaDrain,Protect|Quiet||F|||50|]Gallade||IronBall|Sharpness|PsychoCut,SacredSword,LeafBlade,TrickRoom|Brave||M|||50|]Incineroar||ChopleBerry|Intimidate|FakeOut,FlareBlitz,DarkestLariat,PartingShot|Careful||F|||50|
|inactive|Battle timer is ON: inactive players will automatically lose when time's up. (requested by Isagii)
|inactive|darthmorton also wants the timer to be on.
|inactive|darthmorton has 60 seconds left.
|inactive|Isagii has 60 seconds left.
|inactive|darthmorton has 30 seconds left.
|inactive|darthmorton has 20 seconds left.
|inactive|darthmorton has 15 seconds left.
|inactive|darthmorton has 10 seconds left.
|inactive|darthmorton has 5 seconds left.
|
|t:|1784143020
|teamsize|p1|4
|teamsize|p2|4
|start
|switch|p1a: Floette|Floette-Eternal, L50, F|100/100
|switch|p1b: Sneasler|Sneasler, L50, F|100/100
|switch|p2a: Farigiraf|Farigiraf, L50, F|100/100
|switch|p2b: Hydrapple|Hydrapple, L50, F|100/100
|turn|1
|
|t:|1784143039
|detailschange|p1a: Floette|Floette-Mega, L50, F
|-mega|p1a: Floette|Floette|Floettite
|-ability|p1a: Floette|Fairy Aura
|move|p1b: Sneasler|Close Combat|p2b: Hydrapple
|-damage|p2b: Hydrapple|49/100
|-unboost|p1b: Sneasler|def|1
|-unboost|p1b: Sneasler|spd|1
|move|p1a: Floette|Calm Mind|p1a: Floette
|-boost|p1a: Floette|spa|1
|-boost|p1a: Floette|spd|1
|move|p2b: Hydrapple|Earth Power|p1a: Floette
|-damage|p1a: Floette|75/100
|-damage|p2b: Hydrapple|39/100|[from] item: Life Orb
|move|p2a: Farigiraf|Trick Room|p2a: Farigiraf
|-fieldstart|move: Trick Room|[of] p2a: Farigiraf
|
|upkeep
|turn|2
|inactive|darthmorton has 30 seconds left.
|
|t:|1784143072
|-heal|p2b: Hydrapple|72/100|[from] ability: Regenerator|[silent]
|switch|p2b: Mawile|Mawile, L50, M|100/100
|move|p2a: Farigiraf|Psychic|p1b: Sneasler
|-supereffective|p1b: Sneasler|2
|-enditem|p1b: Sneasler|Focus Sash
|-damage|p1b: Sneasler|1/100
|move|p1a: Floette|Dazzling Gleam|p2a: Farigiraf|[spread] p2a,p2b
|-resisted|p2b: Mawile|1
|-damage|p2a: Farigiraf|37/100
|-damage|p2b: Mawile|38/100
|-enditem|p2a: Farigiraf|Sitrus Berry|[eat]
|-heal|p2a: Farigiraf|62/100|[from] item: Sitrus Berry
|move|p1b: Sneasler|Coaching|p1a: Floette
|-boost|p1a: Floette|atk|1
|-boost|p1a: Floette|def|1
|
|upkeep
|turn|3
|inactive|Isagii has 30 seconds left.
|
|t:|1784143107
|detailschange|p2b: Mawile|Mawile-Mega, L50, M
|-mega|p2b: Mawile|Mawile|Mawilite
|move|p1a: Floette|Protect|p1a: Floette
|-singleturn|p1a: Floette|Protect
|move|p2b: Mawile|Play Rough|p1a: Floette
|-activate|p1a: Floette|move: Protect
|move|p2a: Farigiraf|Psychic|p1b: Sneasler
|-supereffective|p1b: Sneasler|2
|-damage|p1b: Sneasler|0 fnt
|faint|p1b: Sneasler
|
|upkeep
|
|t:|1784143114
|switch|p1b: Sinistcha|Sinistcha, L50|100/100
|-heal|p1a: Floette|100/100|[from] ability: Hospitality|[of] p1b: Sinistcha
|turn|4
|
|t:|1784143138
|move|p1b: Sinistcha|Rage Powder|p1b: Sinistcha
|-singleturn|p1b: Sinistcha|move: Rage Powder
|move|p2b: Mawile|Play Rough|p1b: Sinistcha
|-damage|p1b: Sinistcha|12/100
|-enditem|p1b: Sinistcha|Sitrus Berry|[eat]
|-heal|p1b: Sinistcha|37/100|[from] item: Sitrus Berry
|move|p2a: Farigiraf|Psychic|p1b: Sinistcha
|-damage|p1b: Sinistcha|0 fnt
|faint|p1b: Sinistcha
|move|p1a: Floette|Dazzling Gleam|p2a: Farigiraf|[spread] p2a,p2b
|-resisted|p2b: Mawile|1
|-damage|p2a: Farigiraf|0 fnt
|-damage|p2b: Mawile|2/100
|faint|p2a: Farigiraf
|
|upkeep
|
|t:|1784143150
|switch|p2a: Gallade|Gallade, L50, M|100/100
|switch|p1b: Kingambit|Kingambit, L50, F|100/100
|turn|5
|inactive|Isagii has 30 seconds left.
|inactive|Isagii has 20 seconds left.
|
|t:|1784143186
|move|p1b: Kingambit|Protect|p1b: Kingambit
|-singleturn|p1b: Kingambit|Protect
|move|p1a: Floette|Protect|p1a: Floette
|-singleturn|p1a: Floette|Protect
|move|p2a: Gallade|Sacred Sword|p1b: Kingambit
|-activate|p1b: Kingambit|move: Protect
|move|p2b: Mawile|Play Rough|p1a: Floette
|-activate|p1a: Floette|move: Protect
|
|-fieldend|move: Trick Room
|upkeep
|turn|6
|-message|Isagii forfeited.
|
|win|darthmorton
