|j|☆Rage0213
|j|☆Fell Blue
|html|Rage0213Fell Blue    
|uhtml|bestof|Game 2 of a best-of-3
|t:|1782497856
|gametype|doubles
|player|p1|Rage0213|swimmer-gen4|1145
|player|p2|Fell Blue|fantina|1282
|gen|9
|tier|[Gen 9 Champions] VGC 2026 Reg M-B (Bo3)
|rated|
|rule|Species Clause: Limit one of each Pokémon
|rule|Item Clause: Limit 1 of each item
|clearpoke
|poke|p1|Kingambit, L50, M|
|poke|p1|Charizard, L50, M|
|poke|p1|Garchomp, L50, M|
|poke|p1|Annihilape, L50, M|
|poke|p1|Maushold, L50|
|poke|p1|Aerodactyl, L50, M|
|poke|p2|Torkoal, L50, F|
|poke|p2|Scrafty, L50, F|
|poke|p2|Farigiraf, L50, M|
|poke|p2|Mawile, L50, M|
|poke|p2|Vileplume, L50, M|
|poke|p2|Kangaskhan, L50, F|
|teampreview|4
|showteam|p1|Kingambit||ChopleBerry|Defiant|KowtowCleave,SuckerPunch,IronHead,Protect|Adamant||M|||50|]Charizard||CharizarditeY|Blaze|HeatWave,Protect,SolarBeam,WeatherBall|Timid||M|||50|]Garchomp||LifeOrb|RoughSkin|DragonClaw,RockSlide,Earthquake,PoisonJab|Jolly||M|||50|]Annihilape||Leftovers|Defiant|DrainPunch,RageFist,BulkUp,Protect|Adamant||M|||50|]Maushold||WideLens|FriendGuard|FollowMe,SuperFang,Encore,BeatUp|Jolly|||||50|]Aerodactyl||Aerodactylite|Unnerve|Protect,DualWingbeat,RockSlide,Tailwind|Jolly||M|||50|
|showteam|p2|Torkoal||Charcoal|Drought|Eruption,WeatherBall,HelpingHand,Protect|Quiet||F|||50|]Scrafty||Scraftinite|Intimidate|KnockOff,ThunderPunch,BrickBreak,Protect|Brave||F|||50|]Farigiraf||SitrusBerry|ArmorTail|Psychic,TrickRoom,HelpingHand,Protect|Bold||M|||50|]Mawile||Mawilite|HyperCutter|PlayRough,IronHead,SuckerPunch,Protect|Brave||M|||50|]Vileplume||FocusSash|Chlorophyll|SleepPowder,Protect,GigaDrain,AfterYou|Timid||M|||50|]Kangaskhan||SilkScarf|Scrappy|FakeOut,LastResort|Brave||F|||50|
|
|t:|1782497907
|teamsize|p1|4
|teamsize|p2|4
|start
|switch|p1a: Annihilape|Annihilape, L50, M|100/100
|switch|p1b: Aerodactyl|Aerodactyl, L50, M|100/100
|switch|p2a: Vileplume|Vileplume, L50, M|100/100
|switch|p2b: Torkoal|Torkoal, L50, F|100/100
|-ability|p1b: Aerodactyl|Unnerve
|-weather|SunnyDay|[from] ability: Drought|[of] p2b: Torkoal
|turn|1
|
|t:|1782497928
|detailschange|p1b: Aerodactyl|Aerodactyl-Mega, L50, M
|-mega|p1b: Aerodactyl|Aerodactyl|Aerodactylite
|move|p1b: Aerodactyl|Protect|p1b: Aerodactyl
|-singleturn|p1b: Aerodactyl|Protect
|move|p2a: Vileplume|Sleep Powder|p1b: Aerodactyl
|-activate|p1b: Aerodactyl|move: Protect
|move|p1a: Annihilape|Bulk Up|p1a: Annihilape
|-boost|p1a: Annihilape|atk|1
|-boost|p1a: Annihilape|def|1
|move|p2b: Torkoal|Eruption|p1a: Annihilape|[spread] p1a
|-activate|p1b: Aerodactyl|move: Protect
|-damage|p1a: Annihilape|11/100
|
|-weather|SunnyDay|[upkeep]
|-heal|p1a: Annihilape|17/100|[from] item: Leftovers
|upkeep
|turn|2
|
|t:|1782497946
|move|p2b: Torkoal|Protect|p2b: Torkoal
|-singleturn|p2b: Torkoal|Protect
|move|p2a: Vileplume|Sleep Powder|p1b: Aerodactyl|[miss]
|-miss|p2a: Vileplume|p1b: Aerodactyl
|move|p1b: Aerodactyl|Tailwind|p1b: Aerodactyl
|-sidestart|p1: Rage0213|move: Tailwind
|move|p1a: Annihilape|Drain Punch|p2b: Torkoal
|-activate|p2b: Torkoal|move: Protect
|
|-weather|SunnyDay|[upkeep]
|-heal|p1a: Annihilape|22/100|[from] item: Leftovers
|upkeep
|turn|3
|
|t:|1782497964
|move|p1b: Aerodactyl|Rock Slide|p2b: Torkoal|[spread] p2a,p2b
|-supereffective|p2b: Torkoal|1
|-damage|p2a: Vileplume|62/100
|-damage|p2b: Torkoal|52/100
|move|p1a: Annihilape|Drain Punch|p2b: Torkoal
|-damage|p2b: Torkoal|9/100
|-heal|p1a: Annihilape|43/100|[from] drain|[of] p2b: Torkoal
|move|p2a: Vileplume|Sleep Powder|p1b: Aerodactyl
|-status|p1b: Aerodactyl|slp|[from] move: Sleep Powder
|cant|p2b: Torkoal|flinch
|
|-weather|SunnyDay|[upkeep]
|-heal|p1a: Annihilape|49/100|[from] item: Leftovers
|upkeep
|turn|4
|
|t:|1782497984
|switch|p2b: Farigiraf|Farigiraf, L50, M|100/100
|cant|p1b: Aerodactyl|slp
|move|p1a: Annihilape|Drain Punch|p2b: Farigiraf
|-damage|p2b: Farigiraf|56/100
|-heal|p1a: Annihilape|75/100|[from] drain|[of] p2b: Farigiraf
|move|p2a: Vileplume|Giga Drain|p1b: Aerodactyl
|-damage|p1b: Aerodactyl|59/100 slp
|-heal|p2a: Vileplume|83/100|[from] drain|[of] p1b: Aerodactyl
|
|-weather|SunnyDay|[upkeep]
|-heal|p1a: Annihilape|81/100|[from] item: Leftovers
|upkeep
|turn|5
|
|t:|1782498008
|cant|p1b: Aerodactyl|slp
|move|p1a: Annihilape|Bulk Up|p1a: Annihilape
|-boost|p1a: Annihilape|atk|1
|-boost|p1a: Annihilape|def|1
|move|p2a: Vileplume|Giga Drain|p1b: Aerodactyl
|-damage|p1b: Aerodactyl|16/100 slp
|-heal|p2a: Vileplume|100/100|[from] drain|[of] p1b: Aerodactyl
|move|p2b: Farigiraf|Trick Room|p2b: Farigiraf
|-fieldstart|move: Trick Room|[of] p2b: Farigiraf
|
|-weather|none
|-heal|p1a: Annihilape|87/100|[from] item: Leftovers
|-sideend|p1: Rage0213|move: Tailwind
|upkeep
|turn|6
|
|t:|1782498027
|move|p2b: Farigiraf|Psychic|p1a: Annihilape
|-supereffective|p1a: Annihilape|1
|-damage|p1a: Annihilape|13/100
|move|p2a: Vileplume|Giga Drain|p1a: Annihilape
|-damage|p1a: Annihilape|0 fnt
|faint|p1a: Annihilape
|-curestatus|p1b: Aerodactyl|slp|[msg]
|move|p1b: Aerodactyl|Rock Slide|p2a: Vileplume|[spread] p2a,p2b
|-damage|p2a: Vileplume|56/100
|-damage|p2b: Farigiraf|32/100
|-enditem|p2b: Farigiraf|Sitrus Berry|[eat]
|-heal|p2b: Farigiraf|57/100|[from] item: Sitrus Berry
|
|upkeep
|
|t:|1782498033
|switch|p1a: Kingambit|Kingambit, L50, M|100/100
|turn|7
|
|t:|1782498044
|move|p1a: Kingambit|Kowtow Cleave|p2b: Farigiraf
|-supereffective|p2b: Farigiraf|1
|-damage|p2b: Farigiraf|0 fnt
|faint|p2b: Farigiraf
|move|p2a: Vileplume|Sleep Powder|p1a: Kingambit
|-status|p1a: Kingambit|slp|[from] move: Sleep Powder
|move|p1b: Aerodactyl|Rock Slide|p2a: Vileplume
|-damage|p2a: Vileplume|0 fnt
|faint|p2a: Vileplume
|
|upkeep
|
|t:|1782498047
|switch|p2b: Mawile|Mawile, L50, M|100/100
|switch|p2a: Torkoal|Torkoal, L50, F|9/100
|-weather|SunnyDay|[from] ability: Drought|[of] p2a: Torkoal
|turn|8
|
|t:|1782498064
|detailschange|p2b: Mawile|Mawile-Mega, L50, M
|-mega|p2b: Mawile|Mawile|Mawilite
|cant|p1a: Kingambit|slp
|move|p2a: Torkoal|Weather Ball|p1a: Kingambit
|-supereffective|p1a: Kingambit|1
|-damage|p1a: Kingambit|0 fnt
|faint|p1a: Kingambit
|move|p2b: Mawile|Iron Head|p1b: Aerodactyl
|-supereffective|p1b: Aerodactyl|1
|-damage|p1b: Aerodactyl|0 fnt
|faint|p1b: Aerodactyl
|
|-weather|SunnyDay|[upkeep]
|upkeep
|
|t:|1782498086
|switch|p1b: Maushold|Maushold, L50|100/100
|turn|9
|
|t:|1782498093
|move|p2a: Torkoal|Weather Ball|p1b: Maushold
|-damage|p1b: Maushold|0 fnt
|faint|p1b: Maushold
|
|win|Fell Blue
|raw|Rage0213's rating: 1145 → 1129(-16 for losing)
|raw|Fell Blue's rating: 1282 → 1298(+16 for winning)
