|j|☆castoriceball
|j|☆manikman
|html|castoriceballmanikman    
|uhtml|bestof|Game 3 of a best-of-3
|t:|1783812050
|gametype|doubles
|player|p1|castoriceball|miku-flying|1343
|player|p2|manikman|steven|1220
|gen|9
|tier|[Gen 9 Champions] VGC 2026 Reg M-B (Bo3)
|rated|
|rule|Species Clause: Limit one of each Pokémon
|rule|Item Clause: Limit 1 of each item
|clearpoke
|poke|p1|Garchomp, L50, M|
|poke|p1|Floette-Eternal, L50, F|
|poke|p1|Talonflame, L50, M|
|poke|p1|Rotom-Wash, L50, shiny|
|poke|p1|Glimmora, L50, F|
|poke|p1|Sinistcha, L50|
|poke|p2|Scolipede, L50, M|
|poke|p2|Raichu, L50, M|
|poke|p2|Sinistcha, L50|
|poke|p2|Weavile, L50, M|
|poke|p2|Ceruledge, L50, F|
|poke|p2|Milotic, L50, F|
|teampreview|4
|showteam|p1|Garchomp||LifeOrb|RoughSkin|DragonClaw,Earthquake,RockSlide,Protect|Adamant||M|||50|]Floette-Eternal||Floettite|FlowerVeil|Moonblast,DazzlingGleam,LightofRuin,Protect|Modest||F|||50|]Talonflame||SharpBeak|GaleWings|Tailwind,DualWingbeat,QuickGuard,Protect|Jolly||M|||50|]Rotom-Wash||Magnet|Levitate|Thunderbolt,HydroPump,Electroweb,Protect|Modest|||||50|]Glimmora||Glimmoranite|ToxicDebris|PowerGem,SludgeBomb,EarthPower,Protect|Modest||F|||50|]Sinistcha||OccaBerry|Hospitality|TrickRoom,ShadowBall,RagePowder,MatchaGotcha|Calm|||||50|
|showteam|p2|Scolipede||Scolipite|SpeedBoost|LeechLife,PoisonJab,SwordsDance,Protect|Jolly||M|||50|]Raichu||RaichuniteY|LightningRod|ZapCannon,FocusBlast,Protect,FakeOut|Timid||M|||50|]Sinistcha||KasibBerry|Hospitality|MatchaGotcha,LifeDew,Protect,RagePowder|Relaxed|||||50|]Weavile||FocusSash|Pickpocket|KnockOff,TripleAxel,LowKick,FakeOut|Jolly||M|||50|]Ceruledge||ColburBerry|FlashFire|BitterBlade,ShadowSneak,Protect,BulkUp|Adamant||F|||50|]Milotic||Leftovers|Competitive|MuddyWater,Coil,Protect,Hypnosis|Calm||F|||50|
|inactive|Battle timer is ON: inactive players will automatically lose when time's up. (requested by manikman)
|j| rockruffwhine
|l| rockruffwhine
|
|t:|1783812079
|teamsize|p1|4
|teamsize|p2|4
|start
|switch|p1a: BIRDD|Talonflame, L50, M|100/100
|switch|p1b: Glimmora|Glimmora, L50, F|100/100
|switch|p2a: Raichu|Raichu, L50, M|100/100
|switch|p2b: Milotic|Milotic, L50, F|100/100
|turn|1
|inactive|manikman has 30 seconds left.
|
|t:|1783812111
|detailschange|p2a: Raichu|Raichu-Mega-Y, L50, M
|-mega|p2a: Raichu|Raichu|Raichunite Y
|detailschange|p1b: Glimmora|Glimmora-Mega, L50, F
|-mega|p1b: Glimmora|Glimmora|Glimmoranite
|move|p2a: Raichu|Fake Out|p1b: Glimmora
|-resisted|p1b: Glimmora|1
|-damage|p1b: Glimmora|95/100
|move|p1a: BIRDD|Quick Guard|p1a: BIRDD
|-singleturn|p1a: BIRDD|Quick Guard
|cant|p1b: Glimmora|flinch
|move|p2b: Milotic|Coil|p2b: Milotic
|-boost|p2b: Milotic|atk|1
|-boost|p2b: Milotic|def|1
|-boost|p2b: Milotic|accuracy|1
|
|upkeep
|turn|2
|
|t:|1783812135
|move|p2a: Raichu|Protect|p2a: Raichu
|-singleturn|p2a: Raichu|Protect
|move|p1a: BIRDD|Tailwind|p1a: BIRDD
|-sidestart|p1: castoriceball|move: Tailwind
|move|p1b: Glimmora|Earth Power|p2a: Raichu
|-activate|p2a: Raichu|move: Protect
|move|p2b: Milotic|Hypnosis|p1b: Glimmora
|-status|p1b: Glimmora|slp|[from] move: Hypnosis
|
|upkeep
|turn|3
|
|t:|1783812153
|switch|p1a: jarchomp|Garchomp, L50, M|100/100
|switch|p1b: Laundry List|Rotom-Wash, L50, shiny|100/100
|move|p2a: Raichu|Zap Cannon|p1a: jarchomp
|-immune|p1a: jarchomp
|move|p2b: Milotic|Coil|p2b: Milotic
|-boost|p2b: Milotic|atk|1
|-boost|p2b: Milotic|def|1
|-boost|p2b: Milotic|accuracy|1
|
|upkeep
|turn|4
|
|t:|1783812173
|move|p1a: jarchomp|Protect|p1a: jarchomp
|-singleturn|p1a: jarchomp|Protect
|move|p2a: Raichu|Protect|p2a: Raichu
|-singleturn|p2a: Raichu|Protect
|move|p1b: Laundry List|Thunderbolt|p2b: Milotic
|-supereffective|p2b: Milotic|1
|-damage|p2b: Milotic|39/100
|move|p2b: Milotic|Hypnosis|p1a: jarchomp
|-activate|p1a: jarchomp|move: Protect
|
|-heal|p2b: Milotic|45/100|[from] item: Leftovers
|upkeep
|turn|5
|
|t:|1783812186
|switch|p2a: Sinistcha|Sinistcha, L50|100/100
|-heal|p2b: Milotic|70/100|[from] ability: Hospitality|[of] p2a: Sinistcha
|move|p2b: Milotic|Protect|p2b: Milotic
|-singleturn|p2b: Milotic|Protect
|move|p1a: jarchomp|Earthquake|p2b: Milotic|[spread] p2a
|-activate|p2b: Milotic|move: Protect
|-immune|p1b: Laundry List|[from] ability: Levitate
|-resisted|p2a: Sinistcha|1
|-damage|p2a: Sinistcha|78/100
|-damage|p1a: jarchomp|90/100|[from] item: Life Orb
|move|p1b: Laundry List|Thunderbolt|p2b: Milotic
|-activate|p2b: Milotic|move: Protect
|
|-heal|p2b: Milotic|76/100|[from] item: Leftovers
|-sideend|p1: castoriceball|move: Tailwind
|upkeep
|turn|6
|
|t:|1783812201
|switch|p1a: Glimmora|Glimmora-Mega, L50, F|95/100 slp
|move|p2a: Sinistcha|Rage Powder|p2a: Sinistcha
|-singleturn|p2a: Sinistcha|move: Rage Powder
|move|p2b: Milotic|Hypnosis|p1b: Laundry List
|-status|p1b: Laundry List|slp|[from] move: Hypnosis
|cant|p1b: Laundry List|slp
|
|-heal|p2b: Milotic|82/100|[from] item: Leftovers
|upkeep
|turn|7
|inactive|castoriceball has 30 seconds left.
|inactive|castoriceball has 20 seconds left.
|
|t:|1783812239
|cant|p1a: Glimmora|slp
|move|p2b: Milotic|Muddy Water|p1a: Glimmora|[spread] p1a,p1b
|-supereffective|p1a: Glimmora|1
|-resisted|p1b: Laundry List|1
|-damage|p1a: Glimmora|41/100 slp
|-damage|p1b: Laundry List|87/100 slp
|-unboost|p1b: Laundry List|accuracy|1
|-curestatus|p1b: Laundry List|slp|[msg]
|move|p1b: Laundry List|Electroweb|p2a: Sinistcha|[spread] p2a,p2b
|-resisted|p2a: Sinistcha|1
|-supereffective|p2b: Milotic|1
|-damage|p2a: Sinistcha|67/100
|-damage|p2b: Milotic|48/100
|-unboost|p2a: Sinistcha|spe|1
|-unboost|p2b: Milotic|spe|1
|-ability|p2b: Milotic|Competitive|boost
|-boost|p2b: Milotic|spa|2
|move|p2a: Sinistcha|Matcha Gotcha|p1b: Laundry List|[spread] p1a,p1b
|-supereffective|p1b: Laundry List|1
|-damage|p1a: Glimmora|11/100 slp
|-heal|p2a: Sinistcha|80/100|[from] drain|[of] p1a: Glimmora
|-damage|p1b: Laundry List|32/100
|-heal|p2a: Sinistcha|100/100|[from] drain|[of] p1b: Laundry List
|-status|p1b: Laundry List|brn
|
|-heal|p2b: Milotic|54/100|[from] item: Leftovers
|-damage|p1b: Laundry List|26/100 brn|[from] brn
|upkeep
|turn|8
|
|t:|1783812262
|cant|p1a: Glimmora|slp
|move|p1b: Laundry List|Electroweb|p2a: Sinistcha|[spread] p2a,p2b
|-resisted|p2a: Sinistcha|1
|-supereffective|p2b: Milotic|1
|-damage|p2a: Sinistcha|89/100
|-damage|p2b: Milotic|23/100
|-unboost|p2a: Sinistcha|spe|1
|-unboost|p2b: Milotic|spe|1
|-ability|p2b: Milotic|Competitive|boost
|-boost|p2b: Milotic|spa|2
|move|p2b: Milotic|Muddy Water|p1b: Laundry List|[spread] p1a,p1b
|-supereffective|p1a: Glimmora|1
|-resisted|p1b: Laundry List|1
|-crit|p1b: Laundry List
|-damage|p1a: Glimmora|0 fnt
|-damage|p1b: Laundry List|0 fnt
|faint|p1a: Glimmora
|faint|p1b: Laundry List
|move|p2a: Sinistcha|Life Dew|p2a: Sinistcha|[spread] p2a,p2b
|-heal|p2a: Sinistcha|100/100
|-heal|p2b: Milotic|48/100
|
|-heal|p2b: Milotic|54/100|[from] item: Leftovers
|upkeep
|
|t:|1783812276
|switch|p1a: BIRDD|Talonflame, L50, M|100/100
|switch|p1b: jarchomp|Garchomp, L50, M|90/100
|turn|9
|
|t:|1783812282
|move|p2a: Sinistcha|Rage Powder|p2a: Sinistcha
|-singleturn|p2a: Sinistcha|move: Rage Powder
|move|p1a: BIRDD|Dual Wingbeat|p2a: Sinistcha
|-supereffective|p2a: Sinistcha|1
|-damage|p2a: Sinistcha|68/100
|-supereffective|p2a: Sinistcha|1
|-damage|p2a: Sinistcha|38/100
|-hitcount|p2a: Sinistcha|2
|move|p1b: jarchomp|Rock Slide|p2a: Sinistcha|[spread] p2a,p2b
|-damage|p2a: Sinistcha|16/100
|-damage|p2b: Milotic|41/100
|-damage|p1b: jarchomp|80/100|[from] item: Life Orb
|move|p2b: Milotic|Muddy Water|p1a: BIRDD|[spread] p1a,p1b
|-supereffective|p1a: BIRDD|1
|-damage|p1a: BIRDD|0 fnt
|-damage|p1b: jarchomp|4/100
|faint|p1a: BIRDD
|
|-heal|p2b: Milotic|47/100|[from] item: Leftovers
|upkeep
|turn|10
|
|t:|1783812296
|move|p1b: jarchomp|Rock Slide|p2a: Sinistcha|[spread] p2a,p2b
|-damage|p2a: Sinistcha|0 fnt
|-damage|p2b: Milotic|34/100
|faint|p2a: Sinistcha
|-damage|p1b: jarchomp|0 fnt|[from] item: Life Orb
|faint|p1b: jarchomp
|
|win|manikman
|raw|castoriceball's rating: 1343 → 1316(-27 for losing)
|raw|manikman's rating: 1220 → 1253(+33 for winning)
|l|☆manikman
|player|p2|
