|j|☆DDO15
|j|☆PaquitoElBollito
|html|DDO15PaquitoElBollito    
|uhtml|bestof|Game 3 of a best-of-3
|t:|1782397995
|gametype|doubles
|player|p1|DDO15|2|1094
|player|p2|PaquitoElBollito|veteran|1054
|gen|9
|tier|[Gen 9 Champions] VGC 2026 Reg M-B (Bo3)
|rated|
|rule|Species Clause: Limit one of each Pokémon
|rule|Item Clause: Limit 1 of each item
|clearpoke
|poke|p1|Froslass, L50, F|
|poke|p1|Whimsicott, L50, F|
|poke|p1|Glimmora, L50, M|
|poke|p1|Sneasler, L50, F|
|poke|p1|Kangaskhan, L50, F|
|poke|p1|Sinistcha, L50|
|poke|p2|Blaziken, L50, M|
|poke|p2|Metagross, L50|
|poke|p2|Whimsicott, L50, M|
|poke|p2|Basculegion, L50, M|
|poke|p2|Farigiraf, L50, F|
|poke|p2|Hydreigon, L50, M|
|teampreview|4
|showteam|p1|Froslass||Froslassite|CursedBody|Blizzard,Protect,ShadowBall,WillOWisp|Timid||F|||50|]Whimsicott||FocusSash|Prankster|Protect,Encore,Tailwind,Moonblast|Timid||F|||50|]Glimmora||Glimmoranite|ToxicDebris|SpikyShield,EarthPower,PowerGem,SludgeBomb|Modest||M|||50|]Sneasler||WhiteHerb|Unburden|CloseCombat,DireClaw,FakeOut,Protect|Adamant||F|||50|]Kangaskhan||ChoiceScarf|Scrappy|DoubleEdge,DrainPunch,IcePunch,RockSlide|Jolly||F|||50|]Sinistcha||SitrusBerry|Hospitality|LifeDew,RagePowder,MatchaGotcha,ShadowBall|Calm|||||50|
|showteam|p2|Blaziken||Blazikenite|SpeedBoost|Detect,CloseCombat,FlareBlitz,RockSlide|Adamant||M|||50|]Metagross||Metagrossite|ClearBody|PsychicFangs,Protect,IronHead,StompingTantrum|Jolly|||||50|]Whimsicott||FocusSash|Prankster|Protect,Moonblast,EnergyBall,Tailwind|Timid||M|||50|]Basculegion||LifeOrb|Adaptability|WaveCrash,Protect,LastRespects,AquaJet|Adamant||M|||50|]Farigiraf||SitrusBerry|ArmorTail|Psychic,Thunderbolt,Roar,TrickRoom|Bold||F|||50|]Hydreigon||ChoiceScarf|Levitate|DracoMeteor,Snarl,EarthPower,DarkPulse|Modest||M|||50|
|inactive|Battle timer is ON: inactive players will automatically lose when time's up. (requested by PaquitoElBollito)
|inactive|DDO15 has 60 seconds left.
|inactive|PaquitoElBollito has 60 seconds left.
|
|t:|1782398028
|teamsize|p1|4
|teamsize|p2|4
|start
|switch|p1a: Kangaskhan|Kangaskhan, L50, F|100/100
|switch|p1b: Sneasler|Sneasler, L50, F|100/100
|switch|p2a: Whimsicott|Whimsicott, L50, M|100/100
|switch|p2b: Blaziken|Blaziken, L50, M|100/100
|turn|1
|
|t:|1782398044
|move|p2a: Whimsicott|Protect|p2a: Whimsicott
|-singleturn|p2a: Whimsicott|Protect
|move|p2b: Blaziken|Detect|p2b: Blaziken
|-singleturn|p2b: Blaziken|Protect
|move|p1a: Kangaskhan|Double-Edge|p2b: Blaziken
|-activate|p2b: Blaziken|move: Protect
|move|p1b: Sneasler|Dire Claw|p2a: Whimsicott
|-activate|p2a: Whimsicott|move: Protect
|
|-ability|p2b: Blaziken|Speed Boost|boost
|-boost|p2b: Blaziken|spe|1
|upkeep
|turn|2
|
|t:|1782398065
|detailschange|p2b: Blaziken|Blaziken-Mega, L50, M
|-mega|p2b: Blaziken|Blaziken|Blazikenite
|move|p2a: Whimsicott|Tailwind|p2a: Whimsicott
|-sidestart|p2: PaquitoElBollito|move: Tailwind
|move|p2b: Blaziken|Close Combat|p1a: Kangaskhan
|-supereffective|p1a: Kangaskhan|1
|-damage|p1a: Kangaskhan|0 fnt
|-unboost|p2b: Blaziken|def|1
|-unboost|p2b: Blaziken|spd|1
|faint|p1a: Kangaskhan
|move|p1b: Sneasler|Close Combat|p2b: Blaziken
|-crit|p2b: Blaziken
|-damage|p2b: Blaziken|0 fnt
|-unboost|p1b: Sneasler|def|1
|-unboost|p1b: Sneasler|spd|1
|faint|p2b: Blaziken
|-enditem|p1b: Sneasler|White Herb
|-clearnegativeboost|p1b: Sneasler|[silent]
|
|upkeep
|
|t:|1782398081
|switch|p1a: Whimsicott|Whimsicott, L50, F|100/100
|switch|p2b: Metagross|Metagross, L50|100/100
|turn|3
|
|t:|1782398103
|switch|p2a: Hydreigon|Hydreigon, L50, M|100/100
|move|p1a: Whimsicott|Tailwind|p1a: Whimsicott
|-sidestart|p1: DDO15|move: Tailwind
|move|p1b: Sneasler|Close Combat|p2b: Metagross
|-damage|p2b: Metagross|49/100
|-unboost|p1b: Sneasler|def|1
|-unboost|p1b: Sneasler|spd|1
|move|p2b: Metagross|Stomping Tantrum|p1b: Sneasler
|-supereffective|p1b: Sneasler|1
|-damage|p1b: Sneasler|0 fnt
|faint|p1b: Sneasler
|
|upkeep
|
|t:|1782398114
|switch|p1b: Froslass|Froslass, L50, F|100/100
|turn|4
|
|t:|1782398136
|detailschange|p1b: Froslass|Froslass-Mega, L50, F
|-mega|p1b: Froslass|Froslass|Froslassite
|-weather|Snowscape|[from] ability: Snow Warning|[of] p1b: Froslass
|move|p1b: Froslass|Protect|p1b: Froslass
|-singleturn|p1b: Froslass|Protect
|move|p2a: Hydreigon|Snarl|p1a: Whimsicott|[spread] p1a
|-activate|p1b: Froslass|move: Protect
|-resisted|p1a: Whimsicott|1
|-damage|p1a: Whimsicott|81/100
|-unboost|p1a: Whimsicott|spa|1
|move|p1a: Whimsicott|Moonblast|p2a: Hydreigon
|-supereffective|p2a: Hydreigon|2
|-damage|p2a: Hydreigon|0 fnt
|faint|p2a: Hydreigon
|move|p2b: Metagross|Iron Head|p1a: Whimsicott
|-supereffective|p1a: Whimsicott|1
|-damage|p1a: Whimsicott|0 fnt
|faint|p1a: Whimsicott
|
|-weather|Snowscape|[upkeep]
|upkeep
|
|t:|1782398148
|switch|p2a: Whimsicott|Whimsicott, L50, M|100/100
|turn|5
|inactive|DDO15 has 30 seconds left.
|inactive|DDO15 has 20 seconds left.
|inactive|PaquitoElBollito has 30 seconds left.
|inactive|DDO15 has 15 seconds left.
|inactive|DDO15 has 10 seconds left.
|inactive|DDO15 has 5 seconds left.
|
|t:|1782398200
|move|p2b: Metagross|Protect|p2b: Metagross
|-singleturn|p2b: Metagross|Protect
|move|p1b: Froslass|Shadow Ball|p2b: Metagross
|-activate|p2b: Metagross|move: Protect
|move|p2a: Whimsicott|Moonblast|p1b: Froslass
|-damage|p1b: Froslass|68/100
|
|-weather|Snowscape|[upkeep]
|-sideend|p2: PaquitoElBollito|move: Tailwind
|upkeep
|turn|6
|
|t:|1782398222
|move|p2b: Metagross|Protect||[still]
|-fail|p2b: Metagross
|move|p1b: Froslass|Shadow Ball|p2b: Metagross
|-supereffective|p2b: Metagross|1
|-damage|p2b: Metagross|0 fnt
|faint|p2b: Metagross
|move|p2a: Whimsicott|Moonblast|p1b: Froslass
|-damage|p1b: Froslass|38/100
|
|-weather|Snowscape|[upkeep]
|-sideend|p1: DDO15|move: Tailwind
|upkeep
|turn|7
|
|t:|1782398233
|move|p2a: Whimsicott|Protect|p2a: Whimsicott
|-singleturn|p2a: Whimsicott|Protect
|move|p1b: Froslass|Blizzard|p2a: Whimsicott
|-activate|p2a: Whimsicott|move: Protect
|
|-weather|Snowscape|[upkeep]
|upkeep
|turn|8
|
|t:|1782398243
|move|p1b: Froslass|Blizzard|p2a: Whimsicott
|-supereffective|p2a: Whimsicott|1
|-enditem|p2a: Whimsicott|Focus Sash
|-damage|p2a: Whimsicott|1/100
|move|p2a: Whimsicott|Moonblast|p1b: Froslass
|-damage|p1b: Froslass|5/100
|
|-weather|none
|upkeep
|turn|9
|
|t:|1782398254
|move|p1b: Froslass|Shadow Ball|p2a: Whimsicott
|-crit|p2a: Whimsicott
|-damage|p2a: Whimsicott|0 fnt
|faint|p2a: Whimsicott
|
|win|DDO15
|raw|DDO15's rating: 1094 → 1117(+23 for winning)
|raw|PaquitoElBollito's rating: 1054 → 1038(-16 for losing)
