|j|☆Kertoip
|j|☆homerj71
|html|Kertoiphomerj71    
|uhtml|bestof|Game 3 of a best-of-3
|t:|1783158128
|gametype|doubles
|player|p1|Kertoip|acetrainer-gen4|1088
|player|p2|homerj71|1|1168
|gen|9
|tier|[Gen 9 Champions] VGC 2026 Reg M-B (Bo3)
|rated|
|rule|Species Clause: Limit one of each Pokémon
|rule|Item Clause: Limit 1 of each item
|clearpoke
|poke|p1|Tyranitar, L50, F|
|poke|p1|Excadrill, L50, F, shiny|
|poke|p1|Garchomp, L50, M|
|poke|p1|Corviknight, L50, F, shiny|
|poke|p1|Musharna, L50, F|
|poke|p1|Sneasler, L50, F|
|poke|p2|Delphox, L50, M|
|poke|p2|Sneasler, L50, M|
|poke|p2|Floette-Eternal, L50, F|
|poke|p2|Incineroar, L50, M|
|poke|p2|Kingambit, L50, M|
|poke|p2|Sinistcha, L50|
|teampreview|4
|showteam|p1|Tyranitar||Tyranitarite|SandStream|KnockOff,RockSlide,DragonDance,Protect|Adamant||F|||50|]Excadrill||FocusSash|SandRush|Earthquake,IronHead,Protect,SwordsDance|Adamant||F|||50|]Garchomp||BrightPowder|SandVeil|RockSlide,Earthquake,DragonClaw,Protect|Jolly||M|||50|]Corviknight||SitrusBerry|MirrorArmor|BraveBird,Tailwind,Roost,Protect|Adamant||F|||50|]Musharna||LightClay|Telepathy|TrickRoom,LightScreen,Reflect,Psychic|Sassy||F|||50|]Sneasler||WhiteHerb|Unburden|DireClaw,CloseCombat,FakeOut,Protect|Adamant||F|||50|
|showteam|p2|Delphox||Delphoxite|Blaze|Protect,Psyshock,HeatWave,NastyPlot|Timid||M|||50|]Sneasler||FocusSash|PoisonTouch|QuickGuard,CloseCombat,FakeOut,DireClaw|Jolly||M|||50|]Floette-Eternal||Floettite|FlowerVeil|Protect,DazzlingGleam,CalmMind,Moonblast|Timid||F|||50|]Incineroar||SitrusBerry|Intimidate|ThroatChop,FlareBlitz,PartingShot,FakeOut|Impish||M|||50|]Kingambit||BlackGlasses|Defiant|Protect,KowtowCleave,SuckerPunch,SwordsDance|Adamant||M|||50|]Sinistcha||KasibBerry|Hospitality|Protect,TrickRoom,MatchaGotcha,RagePowder|Relaxed|||||50|
|inactive|Battle timer is ON: inactive players will automatically lose when time's up. (requested by homerj71)
|
|t:|1783158149
|teamsize|p1|4
|teamsize|p2|4
|start
|switch|p1a: Tyranitar|Tyranitar, L50, F|100/100
|switch|p1b: Excadrill|Excadrill, L50, F, shiny|100/100
|switch|p2a: Incineroar|Incineroar, L50, M|100/100
|switch|p2b: Floette|Floette-Eternal, L50, F|100/100
|-weather|Sandstorm|[from] ability: Sand Stream|[of] p1a: Tyranitar
|-ability|p2a: Incineroar|Intimidate|boost
|-unboost|p1a: Tyranitar|atk|1
|-unboost|p1b: Excadrill|atk|1
|turn|1
|
|t:|1783158165
|switch|p1b: Musharna|Musharna, L50, F|100/100
|switch|p1a: Corviknight|Corviknight, L50, F, shiny|100/100
|detailschange|p2b: Floette|Floette-Mega, L50, F
|-mega|p2b: Floette|Floette|Floettite
|-ability|p2b: Floette|Fairy Aura
|move|p2a: Incineroar|Fake Out|p1b: Musharna
|-damage|p1b: Musharna|91/100
|move|p2b: Floette|Dazzling Gleam|p1a: Corviknight|[spread] p1a,p1b
|-resisted|p1a: Corviknight|1
|-damage|p1a: Corviknight|80/100
|-damage|p1b: Musharna|63/100
|
|-weather|Sandstorm|[upkeep]
|-damage|p2b: Floette|94/100|[from] Sandstorm
|-damage|p2a: Incineroar|94/100|[from] Sandstorm
|-damage|p1b: Musharna|57/100|[from] Sandstorm
|upkeep
|turn|2
|inactive|Kertoip has 30 seconds left.
|
|t:|1783158194
|move|p2b: Floette|Protect|p2b: Floette
|-singleturn|p2b: Floette|Protect
|move|p1a: Corviknight|Tailwind|p1a: Corviknight
|-sidestart|p1: Kertoip|move: Tailwind
|move|p1b: Musharna|Light Screen|p1b: Musharna
|-sidestart|p1: Kertoip|move: Light Screen
|move|p2a: Incineroar|Flare Blitz|p1a: Corviknight
|-supereffective|p1a: Corviknight|1
|-damage|p1a: Corviknight|0 fnt
|faint|p1a: Corviknight
|-damage|p2a: Incineroar|66/100|[from] Recoil
|
|-weather|Sandstorm|[upkeep]
|-damage|p2b: Floette|88/100|[from] Sandstorm
|-damage|p1b: Musharna|51/100|[from] Sandstorm
|-damage|p2a: Incineroar|60/100|[from] Sandstorm
|upkeep
|
|t:|1783158205
|switch|p1a: Excadrill|Excadrill, L50, F, shiny|100/100
|turn|3
|
|t:|1783158215
|switch|p2b: Sinistcha|Sinistcha, L50|100/100
|-heal|p2a: Incineroar|85/100|[from] ability: Hospitality|[of] p2b: Sinistcha
|switch|p2a: Sneasler|Sneasler, L50, M|100/100
|move|p1a: Excadrill|Earthquake|p2a: Sneasler|[spread] p2a,p2b
|-activate|p1b: Musharna|ability: Telepathy
|-supereffective|p2a: Sneasler|1
|-resisted|p2b: Sinistcha|1
|-enditem|p2a: Sneasler|Focus Sash
|-damage|p2a: Sneasler|1/100
|-damage|p2b: Sinistcha|82/100
|move|p1b: Musharna|Reflect|p1b: Musharna
|-sidestart|p1: Kertoip|Reflect
|
|-weather|Sandstorm|[upkeep]
|-damage|p2a: Sneasler|0 fnt|[from] Sandstorm
|-damage|p1b: Musharna|45/100|[from] Sandstorm
|-damage|p2b: Sinistcha|75/100|[from] Sandstorm
|faint|p2a: Sneasler
|upkeep
|
|t:|1783158224
|switch|p2a: Incineroar|Incineroar, L50, M|85/100
|-ability|p2a: Incineroar|Intimidate|boost
|-unboost|p1a: Excadrill|atk|1
|-unboost|p1b: Musharna|atk|1
|turn|4
|inactive|Kertoip has 30 seconds left.
|
|t:|1783158252
|switch|p1b: Tyranitar|Tyranitar, L50, F|100/100
|switch|p2a: Floette|Floette-Mega, L50, F|88/100
|-ability|p2a: Floette|Fairy Aura
|move|p1a: Excadrill|Protect|p1a: Excadrill
|-singleturn|p1a: Excadrill|Protect
|move|p2b: Sinistcha|Matcha Gotcha|p1b: Tyranitar|[spread] p1b
|-activate|p1a: Excadrill|move: Protect
|-supereffective|p1b: Tyranitar|1
|-damage|p1b: Tyranitar|80/100
|-heal|p2b: Sinistcha|86/100|[from] drain|[of] p1b: Tyranitar
|
|-weather|Sandstorm|[upkeep]
|-damage|p2a: Floette|83/100|[from] Sandstorm
|-damage|p2b: Sinistcha|80/100|[from] Sandstorm
|upkeep
|turn|5
|inactive|Kertoip has 30 seconds left.
|inactive|Kertoip has 20 seconds left.
|
|t:|1783158288
|switch|p2b: Incineroar|Incineroar, L50, M|85/100
|-ability|p2b: Incineroar|Intimidate|boost
|-unboost|p1a: Excadrill|atk|1
|-unboost|p1b: Tyranitar|atk|1
|detailschange|p1b: Tyranitar|Tyranitar-Mega, L50, F
|-mega|p1b: Tyranitar|Tyranitar|Tyranitarite
|move|p2a: Floette|Protect|p2a: Floette
|-singleturn|p2a: Floette|Protect
|move|p1a: Excadrill|Swords Dance|p1a: Excadrill
|-boost|p1a: Excadrill|atk|2
|move|p1b: Tyranitar|Dragon Dance|p1b: Tyranitar
|-boost|p1b: Tyranitar|atk|1
|-boost|p1b: Tyranitar|spe|1
|
|-weather|none
|-sideend|p1: Kertoip|move: Tailwind
|upkeep
|turn|6
|
|t:|1783158309
|switch|p2a: Sinistcha|Sinistcha, L50|80/100
|-heal|p2b: Incineroar|100/100|[from] ability: Hospitality|[of] p2a: Sinistcha
|switch|p1b: Musharna|Musharna, L50, F|45/100
|move|p1a: Excadrill|Protect|p1a: Excadrill
|-singleturn|p1a: Excadrill|Protect
|move|p2b: Incineroar|Flare Blitz|p1a: Excadrill
|-activate|p1a: Excadrill|move: Protect
|
|upkeep
|turn|7
|inactive|Kertoip has 30 seconds left.
|
|t:|1783158336
|move|p1a: Excadrill|Earthquake|p2a: Sinistcha|[spread] p2a,p2b
|-activate|p1b: Musharna|ability: Telepathy
|-resisted|p2a: Sinistcha|1
|-supereffective|p2b: Incineroar|1
|-damage|p2a: Sinistcha|63/100
|-damage|p2b: Incineroar|36/100
|-enditem|p2b: Incineroar|Sitrus Berry|[eat]
|-heal|p2b: Incineroar|61/100|[from] item: Sitrus Berry
|move|p2a: Sinistcha|Matcha Gotcha|p1a: Excadrill|[spread] p1a,p1b
|-damage|p1a: Excadrill|77/100
|-heal|p2a: Sinistcha|75/100|[from] drain|[of] p1a: Excadrill
|-damage|p1b: Musharna|33/100
|-heal|p2a: Sinistcha|82/100|[from] drain|[of] p1b: Musharna
|move|p2b: Incineroar|Flare Blitz|p1a: Excadrill
|-supereffective|p1a: Excadrill|1
|-damage|p1a: Excadrill|0 fnt
|faint|p1a: Excadrill
|-damage|p2b: Incineroar|38/100|[from] Recoil
|move|p1b: Musharna|Psychic|p2a: Sinistcha
|-damage|p2a: Sinistcha|48/100
|
|upkeep
|
|t:|1783158356
|switch|p1a: Tyranitar|Tyranitar-Mega, L50, F|80/100
|-weather|Sandstorm|[from] ability: Sand Stream|[of] p1a: Tyranitar
|turn|8
|inactive|Kertoip has 30 seconds left.
|inactive|Kertoip has 20 seconds left.
|
|t:|1783158395
|switch|p2b: Floette|Floette-Mega, L50, F|83/100
|-ability|p2b: Floette|Fairy Aura
|move|p2a: Sinistcha|Rage Powder|p2a: Sinistcha
|-singleturn|p2a: Sinistcha|move: Rage Powder
|move|p1a: Tyranitar|Rock Slide|p2a: Sinistcha|[spread] p2a
|-miss|p1a: Tyranitar|p2b: Floette
|-damage|p2a: Sinistcha|22/100
|move|p1b: Musharna|Psychic|p2a: Sinistcha
|-damage|p2a: Sinistcha|0 fnt
|faint|p2a: Sinistcha
|
|-weather|Sandstorm|[upkeep]
|-damage|p2b: Floette|77/100|[from] Sandstorm
|-damage|p1b: Musharna|27/100|[from] Sandstorm
|upkeep
|
|t:|1783158403
|switch|p2a: Incineroar|Incineroar, L50, M|38/100
|-ability|p2a: Incineroar|Intimidate|boost
|-unboost|p1a: Tyranitar|atk|1
|-unboost|p1b: Musharna|atk|1
|turn|9
|inactive|Kertoip has 30 seconds left.
|
|t:|1783158437
|move|p1a: Tyranitar|Protect|p1a: Tyranitar
|-singleturn|p1a: Tyranitar|Protect
|move|p2a: Incineroar|Fake Out|p1a: Tyranitar
|-activate|p1a: Tyranitar|move: Protect
|move|p2b: Floette|Dazzling Gleam|p1a: Tyranitar|[spread] p1b
|-activate|p1a: Tyranitar|move: Protect
|-damage|p1b: Musharna|8/100
|move|p1b: Musharna|Psychic|p2b: Floette
|-damage|p2b: Floette|49/100
|-unboost|p2b: Floette|spd|1
|
|-weather|Sandstorm|[upkeep]
|-damage|p2b: Floette|43/100|[from] Sandstorm
|-damage|p2a: Incineroar|32/100|[from] Sandstorm
|-damage|p1b: Musharna|2/100|[from] Sandstorm
|-sideend|p1: Kertoip|move: Light Screen
|upkeep
|turn|10
|inactive|Kertoip has 30 seconds left.
|
|t:|1783158468
|move|p2b: Floette|Moonblast|p1a: Tyranitar
|-supereffective|p1a: Tyranitar|1
|-damage|p1a: Tyranitar|10/100
|move|p1a: Tyranitar|Rock Slide|p2a: Incineroar|[spread] p2a,p2b
|-supereffective|p2a: Incineroar|1
|-crit|p2a: Incineroar
|-damage|p2a: Incineroar|0 fnt
|-damage|p2b: Floette|18/100
|faint|p2a: Incineroar
|move|p1b: Musharna|Reflect||[still]
|-fail|p1b: Musharna
|
|-weather|Sandstorm|[upkeep]
|-damage|p2b: Floette|12/100|[from] Sandstorm
|-damage|p1b: Musharna|0 fnt|[from] Sandstorm
|faint|p1b: Musharna
|-sideend|p1: Kertoip|Reflect
|upkeep
|turn|11
|
|t:|1783158485
|move|p1a: Tyranitar|Protect|p1a: Tyranitar
|-singleturn|p1a: Tyranitar|Protect
|move|p2b: Floette|Moonblast|p1a: Tyranitar
|-activate|p1a: Tyranitar|move: Protect
|
|-weather|Sandstorm|[upkeep]
|-damage|p2b: Floette|6/100|[from] Sandstorm
|upkeep
|turn|12
|
|t:|1783158500
|move|p1a: Tyranitar|Protect||[still]
|-fail|p1a: Tyranitar
|move|p2b: Floette|Moonblast|p1a: Tyranitar
|-supereffective|p1a: Tyranitar|1
|-damage|p1a: Tyranitar|0 fnt
|faint|p1a: Tyranitar
|
|win|homerj71
|raw|Kertoip's rating: 1088 → 1070(-18 for losing)
|raw|homerj71's rating: 1168 → 1187(+19 for winning)
