|j|☆TobiYume
|j|☆Obsida
|html|TobiYumeObsida    
|uhtml|bestof|Game 1 of a best-of-3
|t:|1757187091
|gametype|doubles
|player|p1|TobiYume|roxie|1162
|player|p2|Obsida|backpacker|1025
|gen|9
|tier|[Gen 9] VGC 2025 Reg H (Bo3)
|rated|
|rule|Species Clause: Limit one of each Pokémon
|rule|Item Clause: Limit 1 of each item
|clearpoke
|poke|p1|Garchomp, L50, M|
|poke|p1|Talonflame, L50, F|
|poke|p1|Sylveon, L50, F|
|poke|p1|Tyranitar, L50, M|
|poke|p1|Decidueye-Hisui, L50, F|
|poke|p1|Gholdengo, L50|
|poke|p2|Ninetales-Alola, L50, M|
|poke|p2|Garchomp, L50, F|
|poke|p2|Kingambit, L50, M|
|poke|p2|Sneasler, L50, F|
|poke|p2|Magmar, L50, F|
|poke|p2|Metagross, L50|
|teampreview|4
|showteam|p1|Garchomp||LifeOrb|RoughSkin|DragonClaw,StompingTantrum,Earthquake,Protect|||M|||50|,,,,,Steel]Talonflame||CovertCloak|GaleWings|Tailwind,WillOWisp,BraveBird,Taunt|||F|||50|,,,,,Grass]Sylveon||ThroatSpray|Pixilate|HyperVoice,HyperBeam,TeraBlast,Protect|||F|||50|,,,,,Water]Tyranitar||AssaultVest|SandStream|RockSlide,KnockOff,TeraBlast,LowKick|||M|||50|,,,,,Flying]Decidueye-Hisui||RazorClaw|Scrappy|TripleArrows,LeafBlade,SuckerPunch,Protect|||F|||50|,,,,,Fire]Gholdengo||Leftovers|GoodasGold|MakeItRain,ShadowBall,NastyPlot,Protect||||||50|,,,,,Dragon
|showteam|p2|Ninetales-Alola||NeverMeltIce|SnowWarning|Blizzard,FreezeDry,AuroraVeil,Protect|||M|||50|,,,,,Ice]Garchomp||LifeOrb|RoughSkin|Earthquake,StompingTantrum,DragonClaw,Protect|||F|||50|,,,,,Steel]Kingambit||BlackGlasses|Defiant|KowtowCleave,SwordsDance,SuckerPunch,Protect|||M|||50|,,,,,Flying]Sneasler||FocusSash|PoisonTouch|Coaching,CloseCombat,DireClaw,FakeOut|||F|||50|,,,,,Flying]Magmar||Eviolite|VitalSpirit|Overheat,FireSpin,FollowMe,Protect|||F|||50|,,,,,Flying]Metagross||AssaultVest|ClearBody|HeavySlam,PsychicFangs,StompingTantrum,BulletPunch||||||50|,,,,,Flying
|inactive|Battle timer is ON: inactive players will automatically lose when time's up. (requested by Obsida)
|c|☆Obsida|I love Hisuian Decidueye
|c|☆Obsida|Major props for running one
|inactive|TobiYume has 60 seconds left.
|inactive|Obsida has 60 seconds left.
|c|☆Obsida|Scrappy triple arrows what's better than that
|
|t:|1757187150
|teamsize|p1|4
|teamsize|p2|4
|start
|switch|p1a: Elie|Talonflame, L50, F|100/100
|switch|p1b: Lloyd|Garchomp, L50, M|100/100
|switch|p2a: Sneasler|Sneasler, L50, F|100/100
|switch|p2b: Metagross|Metagross, L50|100/100
|turn|1
|inactive|Obsida has 30 seconds left.
|inactive|Obsida has 20 seconds left.
|
|t:|1757187187
|-terastallize|p2b: Metagross|Flying
|move|p2a: Sneasler|Fake Out|p1a: Elie
|-damage|p1a: Elie|85/100
|move|p1a: Elie|Brave Bird|p2a: Sneasler
|-supereffective|p2a: Sneasler
|-enditem|p2a: Sneasler|Focus Sash
|-damage|p2a: Sneasler|1/100
|-damage|p1a: Elie|57/100|[from] Recoil
|move|p1b: Lloyd|Dragon Claw|p2a: Sneasler
|-damage|p2a: Sneasler|0 fnt
|faint|p2a: Sneasler
|-damage|p1b: Lloyd|91/100|[from] item: Life Orb
|move|p2b: Metagross|Heavy Slam|p1b: Lloyd
|-damage|p1b: Lloyd|30/100
|-damage|p2b: Metagross|88/100|[from] ability: Rough Skin|[of] p1b: Lloyd
|
|upkeep
|
|t:|1757187210
|switch|p2a: Garchomp|Garchomp, L50, F|100/100
|turn|2
|
|t:|1757187220
|move|p1b: Lloyd|Protect|p1b: Lloyd
|-singleturn|p1b: Lloyd|Protect
|move|p1a: Elie|Will-O-Wisp|p2b: Metagross
|-status|p2b: Metagross|brn
|move|p2a: Garchomp|Dragon Claw|p1b: Lloyd
|-activate|p1b: Lloyd|move: Protect
|move|p2b: Metagross|Psychic Fangs|p1a: Elie
|-crit|p1a: Elie
|-damage|p1a: Elie|21/100
|
|-damage|p2b: Metagross|82/100 brn|[from] brn
|upkeep
|turn|3
|inactive|Obsida has 30 seconds left.
|
|t:|1757187246
|move|p1a: Elie|Will-O-Wisp|p2a: Garchomp
|-status|p2a: Garchomp|brn
|move|p1b: Lloyd|Dragon Claw|p2b: Metagross
|-damage|p2b: Metagross|42/100 brn
|-damage|p1b: Lloyd|20/100|[from] item: Life Orb
|move|p2a: Garchomp|Dragon Claw|p1b: Lloyd
|-supereffective|p1b: Lloyd
|-crit|p1b: Lloyd
|-damage|p1b: Lloyd|0 fnt
|-damage|p2a: Garchomp|88/100 brn|[from] ability: Rough Skin|[of] p1b: Lloyd
|faint|p1b: Lloyd
|-damage|p2a: Garchomp|78/100 brn|[from] item: Life Orb
|move|p2b: Metagross|Heavy Slam|p1a: Elie
|-resisted|p1a: Elie
|-damage|p1a: Elie|2/100
|
|-damage|p2a: Garchomp|72/100 brn|[from] brn
|-damage|p2b: Metagross|36/100 brn|[from] brn
|upkeep
|
|t:|1757187263
|switch|p1b: Randy|Tyranitar, L50, M|100/100
|-weather|Sandstorm|[from] ability: Sand Stream|[of] p1b: Randy
|turn|4
|
|t:|1757187285
|-terastallize|p1b: Randy|Flying
|move|p2b: Metagross|Bullet Punch|p1a: Elie
|-resisted|p1a: Elie
|-damage|p1a: Elie|0 fnt
|faint|p1a: Elie
|move|p2a: Garchomp|Earthquake|p1b: Randy|[spread] 
|-immune|p2b: Metagross
|-immune|p1b: Randy
|move|p1b: Randy|Knock Off|p2a: Garchomp
|-damage|p2a: Garchomp|13/100 brn
|-damage|p1b: Randy|88/100|[from] ability: Rough Skin|[of] p2a: Garchomp
|-enditem|p2a: Garchomp|Life Orb|[from] move: Knock Off|[of] p1b: Randy
|
|-weather|Sandstorm|[upkeep]
|-damage|p2b: Metagross|30/100 brn|[from] Sandstorm
|-damage|p1b: Randy|82/100|[from] Sandstorm
|-damage|p2a: Garchomp|7/100 brn|[from] brn
|-damage|p2b: Metagross|25/100 brn|[from] brn
|upkeep
|
|t:|1757187296
|switch|p1a: Wazy|Gholdengo, L50|100/100
|turn|5
|inactive|Obsida has 30 seconds left.
|
|t:|1757187327
|move|p1a: Wazy|Protect|p1a: Wazy
|-singleturn|p1a: Wazy|Protect
|move|p2a: Garchomp|Stomping Tantrum|p1a: Wazy
|-activate|p1a: Wazy|move: Protect
|move|p2b: Metagross|Psychic Fangs|p1b: Randy
|-damage|p1b: Randy|64/100
|move|p1b: Randy|Rock Slide|p2b: Metagross|[spread] p2a,p2b
|-resisted|p2a: Garchomp
|-supereffective|p2b: Metagross
|-damage|p2a: Garchomp|0 fnt
|-damage|p2b: Metagross|0 fnt
|faint|p2a: Garchomp
|faint|p2b: Metagross
|
|-weather|Sandstorm|[upkeep]
|-damage|p1b: Randy|58/100|[from] Sandstorm
|upkeep
|
|t:|1757187342
|switch|p2b: Kingambit|Kingambit, L50, M|100/100
|turn|6
|
|t:|1757187360
|move|p2b: Kingambit|Sucker Punch|p1b: Randy
|-damage|p1b: Randy|17/100
|move|p1a: Wazy|Nasty Plot|p1a: Wazy
|-boost|p1a: Wazy|spa|2
|move|p1b: Randy|Low Kick|p2b: Kingambit
|-supereffective|p2b: Kingambit
|-damage|p2b: Kingambit|0 fnt
|faint|p2b: Kingambit
|
|win|TobiYume
||Obsida is ready for game 2.
||TobiYume is ready for game 2.
|uhtml|next|Next: Game 2 of 3
|l|☆Obsida
|player|p2|
