|j|☆dentrolin
|j|☆terrorofthenight
|html|dentrolinterrorofthenight    
|uhtml|bestof|Game 3 of a best-of-3
|t:|1783110263
|gametype|doubles
|player|p1|dentrolin|cynthia|1088
|player|p2|terrorofthenight|1|1026
|gen|9
|tier|[Gen 9 Champions] VGC 2026 Reg M-B (Bo3)
|rated|
|rule|Species Clause: Limit one of each Pokémon
|rule|Item Clause: Limit 1 of each item
|clearpoke
|poke|p1|Charizard, L50, M|
|poke|p1|Garchomp, L50, M|
|poke|p1|Whimsicott, L50, M|
|poke|p1|Floette-Eternal, L50, F|
|poke|p1|Basculegion, L50, M|
|poke|p1|Incineroar, L50, M|
|poke|p2|Blaziken, L50, M|
|poke|p2|Torkoal, L50, M|
|poke|p2|Clefable, L50, M|
|poke|p2|Incineroar, L50, M|
|poke|p2|Hydreigon, L50, M|
|poke|p2|Mawile, L50, M|
|teampreview|4
|showteam|p1|Charizard||CharizarditeY|SolarPower|HeatWave,WeatherBall,SolarBeam,Protect|Timid||M|||50|]Garchomp||LifeOrb|RoughSkin|Earthquake,DragonClaw,RockSlide,Protect|Jolly||M|||50|]Whimsicott||FocusSash|Prankster|Moonblast,Tailwind,Encore,Protect|Timid||M|||50|]Floette-Eternal||Floettite|FlowerVeil|Moonblast,DazzlingGleam,LightofRuin,Protect|Timid||F|||50|]Basculegion||MysticWater|Adaptability|WaveCrash,LastRespects,AquaJet,Protect|Adamant||M|||50|]Incineroar||SitrusBerry|Intimidate|FlareBlitz,ThroatChop,FakeOut,PartingShot|Careful||M|||50|
|showteam|p2|Blaziken||Blazikenite|SpeedBoost|Protect,SwordsDance,Earthquake,FlareBlitz|Adamant||M|||50|]Torkoal||PasshoBerry|Drought|SunnyDay,Eruption,Protect,BodyPress|Bold||M|||50|]Clefable||Leftovers|Unaware|Protect,Moonblast,HealingWish,ThunderWave|Calm||M|||50|]Incineroar||FocusSash|Intimidate|PartingShot,FakeOut,DarkestLariat,Snarl|Brave||M|||50|]Hydreigon||LifeOrb|Levitate|DracoMeteor,DarkPulse,Protect,EarthPower|Timid||M|||50|]Mawile||Mawilite|Intimidate|PlayRough,IronHead,Protect,BrickBreak|Adamant||M|||50|
|j| GEAV
|inactive|Battle timer is ON: inactive players will automatically lose when time's up. (requested by dentrolin)
|inactive|dentrolin has 60 seconds left.
|inactive|terrorofthenight has 60 seconds left.
|
|t:|1783110323
|teamsize|p1|4
|teamsize|p2|4
|start
|switch|p1a: Charizard|Charizard, L50, M|100/100
|switch|p1b: Garchomp|Garchomp, L50, M|100/100
|switch|p2a: Incineroar|Incineroar, L50, M|100/100
|switch|p2b: Mawile|Mawile, L50, M|100/100
|-ability|p2a: Incineroar|Intimidate|boost
|-unboost|p1a: Charizard|atk|1
|-unboost|p1b: Garchomp|atk|1
|-ability|p2b: Mawile|Intimidate|boost
|-unboost|p1a: Charizard|atk|1
|-unboost|p1b: Garchomp|atk|1
|turn|1
|inactive|terrorofthenight has 30 seconds left.
|
|t:|1783110356
|detailschange|p2b: Mawile|Mawile-Mega, L50, M
|-mega|p2b: Mawile|Mawile|Mawilite
|move|p1b: Garchomp|Protect|p1b: Garchomp
|-singleturn|p1b: Garchomp|Protect
|move|p1a: Charizard|Protect|p1a: Charizard
|-singleturn|p1a: Charizard|Protect
|move|p2a: Incineroar|Fake Out|p1a: Charizard
|-activate|p1a: Charizard|move: Protect
|move|p2b: Mawile|Play Rough|p1b: Garchomp
|-activate|p1b: Garchomp|move: Protect
|
|upkeep
|turn|2
|
|t:|1783110376
|switch|p1b: Whimsicott|Whimsicott, L50, M|100/100
|detailschange|p1a: Charizard|Charizard-Mega-Y, L50, M
|-mega|p1a: Charizard|Charizard|Charizardite Y
|-weather|SunnyDay|[from] ability: Drought|[of] p1a: Charizard
|move|p2b: Mawile|Protect|p2b: Mawile
|-singleturn|p2b: Mawile|Protect
|move|p1a: Charizard|Heat Wave|p2b: Mawile|[spread] p2a
|-activate|p2b: Mawile|move: Protect
|-resisted|p2a: Incineroar|1
|-damage|p2a: Incineroar|75/100
|move|p2a: Incineroar|Snarl|p1b: Whimsicott|[spread] p1a
|-miss|p2a: Incineroar|p1b: Whimsicott
|-damage|p1a: Charizard|86/100
|-unboost|p1a: Charizard|spa|1
|
|-weather|SunnyDay|[upkeep]
|upkeep
|turn|3
|l| GEAV
|inactive|terrorofthenight has 30 seconds left.
|
|t:|1783110406
|switch|p1a: Garchomp|Garchomp, L50, M|100/100
|move|p1b: Whimsicott|Encore|p2b: Mawile
|-start|p2b: Mawile|Encore
|move|p2b: Mawile|Protect|p2b: Mawile
|-singleturn|p2b: Mawile|Protect
|move|p2a: Incineroar|Parting Shot|p1a: Garchomp
|-unboost|p1a: Garchomp|atk|1
|-unboost|p1a: Garchomp|spa|1
|
|t:|1783110418
|switch|p2a: Clefable|Clefable, L50, M|100/100|[from] Parting Shot
|
|-weather|SunnyDay|[upkeep]
|upkeep
|turn|4
|inactive|dentrolin has 30 seconds left.
|inactive|dentrolin has 20 seconds left.
|
|t:|1783110454
|switch|p1a: Charizard|Charizard-Mega-Y, L50, M|86/100
|switch|p2b: Incineroar|Incineroar, L50, M|75/100
|-ability|p2b: Incineroar|Intimidate|boost
|-unboost|p1a: Charizard|atk|1
|-unboost|p1b: Whimsicott|atk|1
|move|p1b: Whimsicott|Moonblast|p2b: Incineroar
|-damage|p2b: Incineroar|44/100
|move|p2a: Clefable|Moonblast|p1a: Charizard
|-resisted|p1a: Charizard|1
|-damage|p1a: Charizard|70/100
|
|-weather|SunnyDay|[upkeep]
|upkeep
|turn|5
|inactive|terrorofthenight has 30 seconds left.
|inactive|terrorofthenight has 20 seconds left.
|inactive|terrorofthenight has 15 seconds left.
|
|t:|1783110498
|move|p1a: Charizard|Protect|p1a: Charizard
|-singleturn|p1a: Charizard|Protect
|move|p2b: Incineroar|Fake Out|p1b: Whimsicott
|-damage|p1b: Whimsicott|80/100
|cant|p1b: Whimsicott|flinch
|move|p2a: Clefable|Thunder Wave|p1a: Charizard
|-activate|p1a: Charizard|move: Protect
|
|-weather|SunnyDay|[upkeep]
|upkeep
|turn|6
|
|t:|1783110511
|move|p1b: Whimsicott|Moonblast|p2b: Incineroar
|-damage|p2b: Incineroar|15/100
|-unboost|p2b: Incineroar|spa|1
|move|p1a: Charizard|Heat Wave|p2a: Clefable|[spread] p2a
|-miss|p1a: Charizard|p2b: Incineroar
|-damage|p2a: Clefable|52/100
|move|p2a: Clefable|Thunder Wave|p1a: Charizard
|-status|p1a: Charizard|par
|move|p2b: Incineroar|Snarl|p1b: Whimsicott|[spread] p1a,p1b
|-crit|p1a: Charizard
|-resisted|p1b: Whimsicott|1
|-damage|p1a: Charizard|50/100g par
|-damage|p1b: Whimsicott|73/100
|-unboost|p1a: Charizard|spa|1
|-unboost|p1b: Whimsicott|spa|1
|
|-weather|none
|-heal|p2a: Clefable|57/100|[from] item: Leftovers
|upkeep
|turn|7
|inactive|dentrolin has 30 seconds left.
|inactive|terrorofthenight has 30 seconds left.
|
|t:|1783110548
|move|p1a: Charizard|Protect|p1a: Charizard
|-singleturn|p1a: Charizard|Protect
|move|p1b: Whimsicott|Moonblast|p2a: Clefable
|-damage|p2a: Clefable|30/100
|move|p2a: Clefable|Moonblast|p1b: Whimsicott
|-damage|p1b: Whimsicott|17/100
|move|p2b: Incineroar|Darkest Lariat|p1a: Charizard
|-activate|p1a: Charizard|move: Protect
|
|-heal|p2a: Clefable|36/100|[from] item: Leftovers
|upkeep
|turn|8
|
|t:|1783110564
|switch|p1a: Basculegion|Basculegion, L50, M|100/100
|move|p1b: Whimsicott|Moonblast|p2b: Incineroar
|-damage|p2b: Incineroar|0 fnt
|faint|p2b: Incineroar
|move|p2a: Clefable|Moonblast|p1b: Whimsicott
|-damage|p1b: Whimsicott|0 fnt
|faint|p1b: Whimsicott
|
|-heal|p2a: Clefable|42/100|[from] item: Leftovers
|upkeep
|
|t:|1783110576
|switch|p1b: Garchomp|Garchomp, L50, M|100/100
|switch|p2b: Hydreigon|Hydreigon, L50, M|100/100
|turn|9
|
|t:|1783110599
|move|p2b: Hydreigon|Protect|p2b: Hydreigon
|-singleturn|p2b: Hydreigon|Protect
|move|p1b: Garchomp|Dragon Claw|p2b: Hydreigon
|-activate|p2b: Hydreigon|move: Protect
|move|p1a: Basculegion|Wave Crash|p2a: Clefable
|-damage|p2a: Clefable|0 fnt
|faint|p2a: Clefable
|-damage|p1a: Basculegion|86/100|[from] Recoil
|
|upkeep
|
|t:|1783110610
|switch|p2a: Mawile|Mawile-Mega, L50, M|100/100
|turn|10
|
|t:|1783110620
|move|p1b: Garchomp|Dragon Claw|p2b: Hydreigon
|-supereffective|p2b: Hydreigon|1
|-damage|p2b: Hydreigon|0 fnt
|faint|p2b: Hydreigon
|-damage|p1b: Garchomp|90/100|[from] item: Life Orb
|move|p1a: Basculegion|Wave Crash|p2a: Mawile
|-damage|p2a: Mawile|13/100
|-damage|p1a: Basculegion|63/100|[from] Recoil
|move|p2a: Mawile|Play Rough|p1b: Garchomp
|-supereffective|p1b: Garchomp|1
|-damage|p1b: Garchomp|0 fnt
|-damage|p2a: Mawile|1/100|[from] ability: Rough Skin|[of] p1b: Garchomp
|faint|p1b: Garchomp
|
|upkeep
|
|t:|1783110628
|switch|p1b: Charizard|Charizard-Mega-Y, L50, M|50/100g par
|-weather|SunnyDay|[from] ability: Drought|[of] p1b: Charizard
|turn|11
|-message|terrorofthenight forfeited.
|
|win|dentrolin
|raw|dentrolin's rating: 1088 → 1110(+22 for winning)
|raw|terrorofthenight's rating: 1026 → 1015(-11 for losing)
