|j|☆Iceman5687
|j|☆subhamcheee
|html|Iceman5687subhamcheee    
|uhtml|bestof|Game 2 of a best-of-3
|t:|1784441909
|gametype|doubles
|player|p1|Iceman5687|101|1178
|player|p2|subhamcheee|cynthia|1175
|gen|9
|tier|[Gen 9 Champions] VGC 2026 Reg M-B (Bo3)
|rated|
|rule|Species Clause: Limit one of each Pokémon
|rule|Item Clause: Limit 1 of each item
|clearpoke
|poke|p1|Charizard, L50, F|
|poke|p1|Grimmsnarl, L50, M|
|poke|p1|Pelipper, L50, M|
|poke|p1|Archaludon, L50, M|
|poke|p1|Basculegion, L50, M|
|poke|p1|Venusaur, L50, M|
|poke|p2|Charizard, L50, M|
|poke|p2|Archaludon, L50, F|
|poke|p2|Farigiraf, L50, M|
|poke|p2|Incineroar, L50, F|
|poke|p2|Torkoal, L50, M|
|poke|p2|Basculegion, L50, M|
|teampreview|4
|showteam|p1|Charizard||CharizarditeY|Blaze|Protect,HeatWave,WeatherBall,SolarBeam|Modest||F|||50|]Grimmsnarl||LightClay|Prankster|SpiritBreak,Reflect,LightScreen,PartingShot|Sassy||M|||50|]Pelipper||SitrusBerry|Drizzle|Hurricane,WeatherBall,Tailwind,WideGuard|Modest||M|||50|]Archaludon||Leftovers|Stamina|Protect,ElectroShot,DragonPulse,FlashCannon|Calm||M|||50|]Basculegion||ChoiceScarf|Adaptability|FlipTurn,WaveCrash,AquaJet,LastRespects|Jolly||M|||50|]Venusaur||FocusSash|Chlorophyll|Protect,SleepPowder,SludgeBomb,EarthPower|Modest||M|||50|
|showteam|p2|Charizard||CharizarditeX|SolarPower|Protect,SwordsDance,DragonClaw,FlareBlitz|Jolly||M|||50|]Archaludon||Leftovers|Stamina|Protect,ElectroShot,DragonPulse,FlashCannon|Modest||F|||50|]Farigiraf||SitrusBerry|ArmorTail|Psychic,Thunderbolt,TrickRoom,RainDance|Bold||M|||50|]Incineroar||ChopleBerry|Intimidate|FakeOut,PartingShot,DarkestLariat,FlareBlitz|Careful||F|||50|]Torkoal||Charcoal|Drought|Protect,HelpingHand,WeatherBall,Eruption|Modest||M|||50|]Basculegion||ChoiceScarf|Adaptability|WaveCrash,LastRespects,AquaJet,FlipTurn|Jolly||M|||50|
|inactive|Battle timer is ON: inactive players will automatically lose when time's up. (requested by subhamcheee)
|
|t:|1784441927
|teamsize|p1|4
|teamsize|p2|4
|start
|switch|p1a: Charizard|Charizard, L50, F|100/100
|switch|p1b: Venusaur|Venusaur, L50, M|100/100
|switch|p2a: Farigiraf|Farigiraf, L50, M|100/100
|switch|p2b: Incineroar|Incineroar, L50, F|100/100
|-ability|p2b: Incineroar|Intimidate|boost
|-unboost|p1a: Charizard|atk|1
|-unboost|p1b: Venusaur|atk|1
|turn|1
|
|t:|1784441944
|switch|p1a: Grimmsnarl|Grimmsnarl, L50, M|100/100
|move|p1b: Venusaur|Protect|p1b: Venusaur
|-singleturn|p1b: Venusaur|Protect
|move|p2b: Incineroar|Fake Out|p1b: Venusaur
|-activate|p1b: Venusaur|move: Protect
|move|p2a: Farigiraf|Trick Room|p2a: Farigiraf
|-fieldstart|move: Trick Room|[of] p2a: Farigiraf
|
|upkeep
|turn|2
|
|t:|1784441965
|switch|p1b: Basculegion|Basculegion, L50, M|100/100
|move|p1a: Grimmsnarl|Light Screen|p1a: Grimmsnarl
|-sidestart|p1: Iceman5687|move: Light Screen
|move|p2a: Farigiraf|Thunderbolt|p1b: Basculegion
|-supereffective|p1b: Basculegion|1
|-damage|p1b: Basculegion|63/100
|move|p2b: Incineroar|Flare Blitz|p1b: Basculegion
|-resisted|p1b: Basculegion|1
|-damage|p1b: Basculegion|35/100
|-damage|p2b: Incineroar|91/100|[from] Recoil
|
|upkeep
|turn|3
|
|t:|1784441982
|switch|p1b: Venusaur|Venusaur, L50, M|100/100
|move|p1a: Grimmsnarl|Reflect|p1a: Grimmsnarl
|-sidestart|p1: Iceman5687|Reflect
|move|p2b: Incineroar|Parting Shot|p1b: Venusaur
|-unboost|p1b: Venusaur|atk|1
|-unboost|p1b: Venusaur|spa|1
|
|t:|1784441990
|switch|p2b: Torkoal|Torkoal, L50, M|100/100|[from] Parting Shot
|-weather|SunnyDay|[from] ability: Drought|[of] p2b: Torkoal
|move|p2a: Farigiraf|Thunderbolt|p1b: Venusaur
|-resisted|p1b: Venusaur|1
|-damage|p1b: Venusaur|92/100
|
|-weather|SunnyDay|[upkeep]
|upkeep
|turn|4
|
|t:|1784442004
|move|p1b: Venusaur|Protect|p1b: Venusaur
|-singleturn|p1b: Venusaur|Protect
|move|p2b: Torkoal|Eruption|p1a: Grimmsnarl|[spread] p1a
|-activate|p1b: Venusaur|move: Protect
|-damage|p1a: Grimmsnarl|50/100g
|move|p1a: Grimmsnarl|Spirit Break|p2b: Torkoal
|-resisted|p2b: Torkoal|1
|-damage|p2b: Torkoal|88/100
|-unboost|p2b: Torkoal|spa|1
|move|p2a: Farigiraf|Thunderbolt|p1a: Grimmsnarl
|-damage|p1a: Grimmsnarl|37/100
|
|-weather|SunnyDay|[upkeep]
|upkeep
|turn|5
|
|t:|1784442027
|move|p1b: Venusaur|Protect||[still]
|-fail|p1b: Venusaur
|move|p2b: Torkoal|Eruption|p1a: Grimmsnarl|[spread] p1a,p1b
|-supereffective|p1b: Venusaur|1
|-damage|p1a: Grimmsnarl|4/100
|-damage|p1b: Venusaur|8/100
|move|p1a: Grimmsnarl|Spirit Break|p2b: Torkoal
|-resisted|p2b: Torkoal|1
|-damage|p2b: Torkoal|76/100
|-unboost|p2b: Torkoal|spa|1
|move|p2a: Farigiraf|Thunderbolt|p1b: Venusaur
|-resisted|p1b: Venusaur|1
|-damage|p1b: Venusaur|0 fnt
|faint|p1b: Venusaur
|
|-weather|SunnyDay|[upkeep]
|-fieldend|move: Trick Room
|upkeep
|
|t:|1784442037
|switch|p1b: Charizard|Charizard, L50, F|100/100
|turn|6
|
|t:|1784442054
|switch|p2b: Incineroar|Incineroar, L50, F|91/100
|-ability|p2b: Incineroar|Intimidate|boost
|-unboost|p1a: Grimmsnarl|atk|1
|-unboost|p1b: Charizard|atk|1
|detailschange|p1b: Charizard|Charizard-Mega-Y, L50, F
|-mega|p1b: Charizard|Charizard|Charizardite Y
|move|p1b: Charizard|Weather Ball|p2a: Farigiraf
|-damage|p2a: Farigiraf|30/100
|-enditem|p2a: Farigiraf|Sitrus Berry|[eat]
|-heal|p2a: Farigiraf|55/100|[from] item: Sitrus Berry
|move|p1a: Grimmsnarl|Spirit Break|p2a: Farigiraf
|-damage|p2a: Farigiraf|38/100
|-unboost|p2a: Farigiraf|spa|1
|move|p2a: Farigiraf|Trick Room|p2a: Farigiraf
|-fieldstart|move: Trick Room|[of] p2a: Farigiraf
|
|-weather|SunnyDay|[upkeep]
|upkeep
|turn|7
|inactive|subhamcheee has 30 seconds left.
|
|t:|1784442085
|move|p1a: Grimmsnarl|Spirit Break|p2a: Farigiraf
|-damage|p2a: Farigiraf|22/100
|-unboost|p2a: Farigiraf|spa|1
|move|p2b: Incineroar|Parting Shot|p1a: Grimmsnarl
|-unboost|p1a: Grimmsnarl|atk|1
|-unboost|p1a: Grimmsnarl|spa|1
|
|t:|1784442095
|switch|p2b: Torkoal|Torkoal, L50, M|76/100|[from] Parting Shot
|move|p2a: Farigiraf|Thunderbolt|p1a: Grimmsnarl
|-damage|p1a: Grimmsnarl|0 fnt
|faint|p1a: Grimmsnarl
|move|p1b: Charizard|Heat Wave|p2a: Farigiraf|[spread] p2a,p2b
|-resisted|p2b: Torkoal|1
|-damage|p2a: Farigiraf|0 fnt
|-damage|p2b: Torkoal|36/100
|faint|p2a: Farigiraf
|
|-weather|none
|upkeep
|
|t:|1784442117
|switch|p1a: Basculegion|Basculegion, L50, M|35/100
|switch|p2a: Incineroar|Incineroar, L50, F|91/100
|-ability|p2a: Incineroar|Intimidate|boost
|-unboost|p1a: Basculegion|atk|1
|-unboost|p1b: Charizard|atk|1
|turn|8
|
|t:|1784442134
|switch|p2b: Charizard|Charizard, L50, M|100/100
|move|p1b: Charizard|Protect|p1b: Charizard
|-singleturn|p1b: Charizard|Protect
|move|p1a: Basculegion|Aqua Jet|p2a: Incineroar
|-supereffective|p2a: Incineroar|1
|-damage|p2a: Incineroar|61/100
|move|p2a: Incineroar|Darkest Lariat|p1a: Basculegion
|-supereffective|p1a: Basculegion|1
|-damage|p1a: Basculegion|0 fnt
|faint|p1a: Basculegion
|
|upkeep
|turn|9
|
|t:|1784442152
|detailschange|p2b: Charizard|Charizard-Mega-X, L50, M
|-mega|p2b: Charizard|Charizard|Charizardite X
|move|p2a: Incineroar|Parting Shot|p1b: Charizard
|-unboost|p1b: Charizard|atk|1
|-unboost|p1b: Charizard|spa|1
|
|t:|1784442157
|switch|p2a: Torkoal|Torkoal, L50, M|36/100|[from] Parting Shot
|-weather|SunnyDay|[from] ability: Drought|[of] p2a: Torkoal
|move|p1b: Charizard|Heat Wave|p2b: Charizard|[spread] p2a,p2b
|-resisted|p2a: Torkoal|1
|-resisted|p2b: Charizard|2
|-damage|p2a: Torkoal|10/100
|-damage|p2b: Charizard|86/100
|move|p2b: Charizard|Dragon Claw|p1b: Charizard
|-damage|p1b: Charizard|56/100
|
|-weather|SunnyDay|[upkeep]
|-sideend|p1: Iceman5687|move: Light Screen
|upkeep
|turn|10
|
|t:|1784442176
|move|p2a: Torkoal|Helping Hand|p2b: Charizard
|-singleturn|p2b: Charizard|Helping Hand|[of] p2a: Torkoal
|move|p1b: Charizard|Heat Wave|p2a: Torkoal|[spread] p2a,p2b
|-resisted|p2a: Torkoal|1
|-resisted|p2b: Charizard|2
|-damage|p2a: Torkoal|0 fnt
|-damage|p2b: Charizard|73/100
|faint|p2a: Torkoal
|move|p2b: Charizard|Dragon Claw|p1b: Charizard
|-damage|p1b: Charizard|1/100
|
|-weather|SunnyDay|[upkeep]
|-sideend|p1: Iceman5687|Reflect
|-fieldend|move: Trick Room
|upkeep
|-message|Iceman5687 forfeited.
|
|win|subhamcheee
|raw|Iceman5687's rating: 1178 → 1153(-25 for losing)
|raw|subhamcheee's rating: 1175 → 1200(+25 for winning)
