|j|☆lerry27
|j|☆xafaxarkos
|html|lerry27xafaxarkos    
|uhtml|bestof|Game 1 of a best-of-3
|t:|1784025310
|gametype|doubles
|player|p1|lerry27|2|1043
|player|p2|xafaxarkos|sailor|1000
|gen|9
|tier|[Gen 9 Champions] VGC 2026 Reg M-B (Bo3)
|rated|
|rule|Species Clause: Limit one of each Pokémon
|rule|Item Clause: Limit 1 of each item
|clearpoke
|poke|p1|Floette-Eternal, L50, F|
|poke|p1|Maushold-Four, L50|
|poke|p1|Gengar, L50, M, shiny|
|poke|p1|Incineroar, L50, M, shiny|
|poke|p1|Politoed, L50, M|
|poke|p1|Grimmsnarl, L50, M|
|poke|p2|Torkoal, L50, F|
|poke|p2|Politoed, L50, M|
|poke|p2|Mawile, L50, M|
|poke|p2|Farigiraf, L50, F|
|poke|p2|Raichu, L50, F|
|poke|p2|Vileplume, L50, M|
|teampreview|4
|showteam|p1|Floette-Eternal||Floettite|FlowerVeil|CalmMind,DazzlingGleam,DrainingKiss,Protect|Timid||F|||50|]Maushold-Four||ChopleBerry|FriendGuard|Uturn,HelpingHand,FollowMe,Protect|Impish|||||50|]Gengar||Gengarite|CursedBody|ShadowBall,PerishSong,Disable,Protect|Bold||M|||50|]Incineroar||PasshoBerry|Intimidate|FakeOut,ThroatChop,PartingShot,Protect|Careful||M|||50|]Politoed||SitrusBerry|Drizzle|WeatherBall,Encore,PerishSong,Protect|Calm||M|||50|]Grimmsnarl||LightClay|Prankster|FakeOut,PartingShot,LightScreen,Reflect|Careful||M|||50|
|showteam|p2|Torkoal||Charcoal|Drought|Protect,Eruption,HeatWave,EarthPower|Modest||F|||50|]Politoed||MysticWater|Drizzle|MuddyWater,WeatherBall,IceBeam,Protect|Modest||M|||50|]Mawile||Mawilite|Intimidate|Protect,SuckerPunch,IronHead,PlayRough|Adamant||M|||50|]Farigiraf||MentalHerb|ArmorTail|TrickRoom,Protect,HyperVoice,Psychic|Sassy||F|||50|]Raichu||RaichuniteY|LightningRod|FakeOut,ZapCannon,FocusBlast,Protect|Hasty||F|||50|]Vileplume||Leftovers|Chlorophyll|SludgeBomb,AfterYou,GigaDrain,Protect|Modest||M|||50|
|inactive|Battle timer is ON: inactive players will automatically lose when time's up. (requested by xafaxarkos)
|inactive|lerry27 has 60 seconds left.
|inactive|xafaxarkos has 60 seconds left.
|
|t:|1784025369
|teamsize|p1|4
|teamsize|p2|4
|start
|switch|p1a: Grimmsnarl|Grimmsnarl, L50, M|100/100
|switch|p1b: Gengar|Gengar, L50, M, shiny|100/100
|switch|p2a: Farigiraf|Farigiraf, L50, F|100/100
|switch|p2b: Torkoal|Torkoal, L50, F|100/100
|-weather|SunnyDay|[from] ability: Drought|[of] p2b: Torkoal
|turn|1
|
|t:|1784025382
|detailschange|p1b: Gengar|Gengar-Mega, L50, M, shiny
|-mega|p1b: Gengar|Gengar|Gengarite
|move|p1b: Gengar|Protect|p1b: Gengar
|-singleturn|p1b: Gengar|Protect
|move|p1a: Grimmsnarl|Light Screen|p1a: Grimmsnarl
|-sidestart|p1: lerry27|move: Light Screen
|move|p2a: Farigiraf|Psychic|p1b: Gengar
|-activate|p1b: Gengar|move: Protect
|move|p2b: Torkoal|Eruption|p1b: Gengar|[spread] p1a
|-activate|p1b: Gengar|move: Protect
|-damage|p1a: Grimmsnarl|52/100
|
|-weather|SunnyDay|[upkeep]
|upkeep
|turn|2
|
|t:|1784025397
|switch|p1a: Politoed|Politoed, L50, M|100/100
|-weather|RainDance|[from] ability: Drizzle|[of] p1a: Politoed
|move|p1b: Gengar|Perish Song|p1b: Gengar
|-start|p1a: Politoed|perish3|[silent]
|-start|p1b: Gengar|perish3|[silent]
|-start|p2a: Farigiraf|perish3|[silent]
|-start|p2b: Torkoal|perish3|[silent]
|-fieldactivate|move: Perish Song
|move|p2a: Farigiraf|Psychic|p1b: Gengar
|-supereffective|p1b: Gengar|1
|-damage|p1b: Gengar|56/100
|move|p2b: Torkoal|Eruption|p1a: Politoed|[spread] p1a,p1b
|-resisted|p1a: Politoed|1
|-damage|p1a: Politoed|92/100
|-damage|p1b: Gengar|38/100
|
|-weather|RainDance|[upkeep]
|-start|p1b: Gengar|perish3
|-start|p1a: Politoed|perish3
|-start|p2a: Farigiraf|perish3
|-start|p2b: Torkoal|perish3
|upkeep
|turn|3
|
|t:|1784025417
|switch|p1a: Incineroar|Incineroar, L50, M, shiny|100/100
|-ability|p1a: Incineroar|Intimidate|boost
|-unboost|p2a: Farigiraf|atk|1
|-unboost|p2b: Torkoal|atk|1
|move|p1b: Gengar|Protect|p1b: Gengar
|-singleturn|p1b: Gengar|Protect
|move|p2b: Torkoal|Protect|p2b: Torkoal
|-singleturn|p2b: Torkoal|Protect
|move|p2a: Farigiraf|Trick Room|p2a: Farigiraf
|-fieldstart|move: Trick Room|[of] p2a: Farigiraf
|
|-weather|RainDance|[upkeep]
|-start|p2b: Torkoal|perish2
|-start|p2a: Farigiraf|perish2
|-start|p1b: Gengar|perish2
|upkeep
|turn|4
|inactive|xafaxarkos has 30 seconds left.
|
|t:|1784025443
|switch|p1b: Politoed|Politoed, L50, M|92/100
|move|p2b: Torkoal|Earth Power|p1a: Incineroar
|-supereffective|p1a: Incineroar|1
|-crit|p1a: Incineroar
|-damage|p1a: Incineroar|34/100
|move|p2a: Farigiraf|Psychic|p1b: Politoed
|-damage|p1b: Politoed|73/100
|move|p1a: Incineroar|Parting Shot|p1b: Politoed
|-unboost|p1b: Politoed|atk|1
|-unboost|p1b: Politoed|spa|1
|
|t:|1784025455
|switch|p1a: Gengar|Gengar-Mega, L50, M, shiny|38/100|[from] Parting Shot
|
|-weather|RainDance|[upkeep]
|-start|p2b: Torkoal|perish1
|-start|p2a: Farigiraf|perish1
|upkeep
|turn|5
|
|t:|1784025469
|switch|p1b: Grimmsnarl|Grimmsnarl, L50, M|52/100
|move|p1a: Gengar|Protect|p1a: Gengar
|-singleturn|p1a: Gengar|Protect
|move|p2b: Torkoal|Eruption|p1a: Gengar|[spread] p1b
|-activate|p1a: Gengar|move: Protect
|-damage|p1b: Grimmsnarl|35/100
|move|p2a: Farigiraf|Psychic|p1a: Gengar
|-activate|p1a: Gengar|move: Protect
|
|-weather|RainDance|[upkeep]
|-start|p2b: Torkoal|perish0
|-start|p2a: Farigiraf|perish0
|faint|p2b: Torkoal
|faint|p2a: Farigiraf
|upkeep
|
|t:|1784025482
|switch|p2b: Vileplume|Vileplume, L50, M|100/100
|switch|p2a: Mawile|Mawile, L50, M|100/100
|-ability|p2a: Mawile|Intimidate|boost
|-unboost|p1a: Gengar|atk|1
|-unboost|p1b: Grimmsnarl|atk|1
|turn|6
|
|t:|1784025511
|detailschange|p2a: Mawile|Mawile-Mega, L50, M
|-mega|p2a: Mawile|Mawile|Mawilite
|move|p1b: Grimmsnarl|Parting Shot|p2a: Mawile
|-unboost|p2a: Mawile|atk|1
|-unboost|p2a: Mawile|spa|1
|
|t:|1784025516
|switch|p1b: Incineroar|Incineroar, L50, M, shiny|34/100|[from] Parting Shot
|-ability|p1b: Incineroar|Intimidate|boost
|-unboost|p2a: Mawile|atk|1
|-unboost|p2b: Vileplume|atk|1
|move|p2a: Mawile|Iron Head|p1a: Gengar
|-damage|p1a: Gengar|2/100
|move|p2b: Vileplume|Sludge Bomb|p1b: Incineroar
|-damage|p1b: Incineroar|9/100
|move|p1a: Gengar|Perish Song|p1a: Gengar
|-start|p1a: Gengar|perish3|[silent]
|-start|p1b: Incineroar|perish3|[silent]
|-start|p2a: Mawile|perish3|[silent]
|-start|p2b: Vileplume|perish3|[silent]
|-fieldactivate|move: Perish Song
|
|-weather|none
|-start|p2a: Mawile|perish3
|-start|p1b: Incineroar|perish3
|-start|p2b: Vileplume|perish3
|-start|p1a: Gengar|perish3
|upkeep
|turn|7
|-message|xafaxarkos forfeited.
|
|win|lerry27
|l|☆xafaxarkos
|player|p2|
||lerry27 is ready for game 2.
|inactive|xafaxarkos has 30 seconds to confirm battle start!
