|j|‽j.arch
|j|☆Eltodotibio
|html|j.archEltodotibio    
|uhtml|bestof|Game 2 of a best-of-3
|t:|1757908832
|gametype|doubles
|player|p1|j.arch|blue|1161
|player|p2|Eltodotibio|169|1101
|gen|9
|tier|[Gen 9] VGC 2025 Reg H (Bo3)
|rated|
|rule|Species Clause: Limit one of each Pokémon
|rule|Item Clause: Limit 1 of each item
|clearpoke
|poke|p1|Overqwil, L50, M|
|poke|p1|Torterra, L50, F|
|poke|p1|Politoed, L50, F|
|poke|p1|Incineroar, L50, F|
|poke|p1|Gothitelle, L50, M|
|poke|p1|Archaludon, L50, F|
|poke|p2|Annihilape, L50, M|
|poke|p2|Farigiraf, L50, F|
|poke|p2|Torkoal, L50, M|
|poke|p2|Ursaluna-Bloodmoon, L50, M|
|poke|p2|Gholdengo, L50|
|poke|p2|Murkrow, L50, F|
|teampreview|4
|showteam|p1|Overqwil||LifeOrb|SwiftSwim|Protect,BarbBarrage,Crunch,Liquidation|||M|||50|,,,,,Water]Torterra||FocusSash|Overgrow|Protect,HeadlongRush,WoodHammer,ShellSmash|||F|||50|,,,,,Fire]Politoed||Leftovers|Drizzle|Protect,WeatherBall,Encore,PerishSong|||F|||50|,,,,,Grass]Incineroar||SafetyGoggles|Intimidate|Protect,KnockOff,FakeOut,PartingShot|||F|||50|,,,,,Ghost]Gothitelle||SitrusBerry|ShadowTag|Protect,Psychic,FakeOut,TrickRoom|||M|||50|,,,,,Dark]Archaludon||PowerHerb|Sturdy|Protect,ElectroShot,DragonPulse,AuraSphere|||F|||50|,,,,,Electric
|showteam|p2|Annihilape||ChoiceScarf|Defiant|CloseCombat,RageFist,FinalGambit,Uturn|||M|||50|,,,,,Fire]Farigiraf||ThroatSpray|ArmorTail|HyperVoice,Psychic,HelpingHand,TrickRoom|||F|||50|,,,,,Water]Torkoal||Charcoal|Drought|Eruption,HeatWave,WeatherBall,SolarBeam|||M|||50|,,,,,Fire]Ursaluna-Bloodmoon||LifeOrb|MindsEye|HyperVoice,BloodMoon,EarthPower,Protect|||M|||50|,,,,,Ground]Gholdengo||ChoiceSpecs|GoodasGold|MakeItRain,ShadowBall,Thunderbolt,DazzlingGleam||||||50|,,,,,Steel]Murkrow||FocusSash|Prankster|BraveBird,Tailwind,Haze,Protect|||F|||50|,,,,,Ghost
|inactive|Battle timer is ON: inactive players will automatically lose when time's up. (requested by Eltodotibio)
|
|t:|1757908851
|teamsize|p1|4
|teamsize|p2|4
|start
|switch|p1a: Politoed|Politoed, L50, F|100/100
|switch|p1b: Overqwil|Overqwil, L50, M|100/100
|switch|p2a: Gholdengo|Gholdengo, L50|100/100
|switch|p2b: Murkrow|Murkrow, L50, F|100/100
|-weather|RainDance|[from] ability: Drizzle|[of] p1a: Politoed
|turn|1
|
|t:|1757908870
|-terastallize|p2a: Gholdengo|Steel
|move|p2b: Murkrow|Tailwind|p2b: Murkrow
|-sidestart|p2: Eltodotibio|move: Tailwind
|move|p2a: Gholdengo|Make It Rain|p1a: Politoed|[spread] p1a,p1b
|-resisted|p1a: Politoed
|-damage|p1a: Politoed|63/100
|-damage|p1b: Overqwil|0 fnt
|-unboost|p2a: Gholdengo|spa|1
|faint|p1b: Overqwil
|move|p1a: Politoed|Weather Ball|p2b: Murkrow
|-enditem|p2b: Murkrow|Focus Sash
|-damage|p2b: Murkrow|1/100
|
|-weather|RainDance|[upkeep]
|-heal|p1a: Politoed|69/100|[from] item: Leftovers
|upkeep
|l|☆Eltodotibio
|inactive|Eltodotibio disconnected and has a minute to reconnect!
|player|p2|
|j|☆Eltodotibio
|inactive|Eltodotibio reconnected.
|player|p2|Eltodotibio|169|
|
|t:|1757908888
|switch|p1b: Incineroar|Incineroar, L50, F|100/100
|-ability|p1b: Incineroar|Intimidate|boost
|-unboost|p2a: Gholdengo|atk|1
|-unboost|p2b: Murkrow|atk|1
|turn|2
|inactive|Eltodotibio has 30 seconds left.
|
|t:|1757908921
|move|p2b: Murkrow|Protect|p2b: Murkrow
|-singleturn|p2b: Murkrow|Protect
|move|p1b: Incineroar|Fake Out|p2a: Gholdengo
|-resisted|p2a: Gholdengo
|-damage|p2a: Gholdengo|94/100
|cant|p2a: Gholdengo|flinch
|move|p1a: Politoed|Weather Ball|p2b: Murkrow
|-activate|p2b: Murkrow|move: Protect
|
|-weather|RainDance|[upkeep]
|-heal|p1a: Politoed|75/100|[from] item: Leftovers
|upkeep
|turn|3
|inactive|Eltodotibio has 30 seconds left.
|inactive|Eltodotibio has 20 seconds left.
|
|t:|1757908958
|switch|p2b: Annihilape|Annihilape, L50, M|100/100
|move|p2a: Gholdengo|Make It Rain|p1b: Incineroar|[spread] p1a,p1b
|-resisted|p1a: Politoed
|-resisted|p1b: Incineroar
|-damage|p1a: Politoed|47/100
|-damage|p1b: Incineroar|73/100
|-unboost|p2a: Gholdengo|spa|1
|move|p1a: Politoed|Weather Ball|p2a: Gholdengo
|-damage|p2a: Gholdengo|33/100
|move|p1b: Incineroar|Knock Off|p2a: Gholdengo
|-damage|p2a: Gholdengo|0 fnt
|-enditem|p2a: Gholdengo|Choice Specs|[from] move: Knock Off|[of] p1b: Incineroar
|faint|p2a: Gholdengo
|
|-weather|RainDance|[upkeep]
|-heal|p1a: Politoed|53/100|[from] item: Leftovers
|upkeep
|
|t:|1757908973
|switch|p2a: Ursaluna|Ursaluna-Bloodmoon, L50, M|100/100
|turn|4
|
|t:|1757908995
|move|p1a: Politoed|Protect|p1a: Politoed
|-singleturn|p1a: Politoed|Protect
|move|p1b: Incineroar|Protect|p1b: Incineroar
|-singleturn|p1b: Incineroar|Protect
|move|p2b: Annihilape|Close Combat|p1b: Incineroar
|-activate|p1b: Incineroar|move: Protect
|move|p2a: Ursaluna|Blood Moon|p1a: Politoed
|-activate|p1a: Politoed|move: Protect
|
|-weather|RainDance|[upkeep]
|-heal|p1a: Politoed|59/100|[from] item: Leftovers
|-sideend|p2: Eltodotibio|move: Tailwind
|upkeep
|turn|5
|inactive|j.arch has 30 seconds left.
|
|t:|1757909026
|-terastallize|p1b: Incineroar|Ghost
|move|p2b: Annihilape|Close Combat|p1a: Politoed
|-damage|p1a: Politoed|13/100
|-unboost|p2b: Annihilape|def|1
|-unboost|p2b: Annihilape|spd|1
|move|p1a: Politoed|Weather Ball|p2b: Annihilape
|-damage|p2b: Annihilape|40/100
|move|p1b: Incineroar|Knock Off|p2b: Annihilape
|-damage|p2b: Annihilape|0 fnt
|-enditem|p2b: Annihilape|Choice Scarf|[from] move: Knock Off|[of] p1b: Incineroar
|faint|p2b: Annihilape
|move|p2a: Ursaluna|Earth Power|p1b: Incineroar
|-damage|p1b: Incineroar|22/100
|-damage|p2a: Ursaluna|90/100|[from] item: Life Orb
|
|-weather|none
|-heal|p1a: Politoed|19/100|[from] item: Leftovers
|upkeep
|
|t:|1757909042
|switch|p2b: Murkrow|Murkrow, L50, F|1/100
|turn|6
|
|t:|1757909059
|move|p1b: Incineroar|Protect|p1b: Incineroar
|-singleturn|p1b: Incineroar|Protect
|move|p2a: Ursaluna|Protect|p2a: Ursaluna
|-singleturn|p2a: Ursaluna|Protect
|move|p2b: Murkrow|Tailwind|p2b: Murkrow
|-sidestart|p2: Eltodotibio|move: Tailwind
|move|p1a: Politoed|Perish Song|p1a: Politoed
|-start|p1a: Politoed|perish3|[silent]
|-start|p1b: Incineroar|perish3|[silent]
|-start|p2a: Ursaluna|perish3|[silent]
|-start|p2b: Murkrow|perish3|[silent]
|-fieldactivate|move: Perish Song
|
|-heal|p1a: Politoed|25/100|[from] item: Leftovers
|-start|p2b: Murkrow|perish3
|-start|p1a: Politoed|perish3
|-start|p2a: Ursaluna|perish3
|-start|p1b: Incineroar|perish3
|upkeep
|turn|7
|
|t:|1757909079
|switch|p1b: Torterra|Torterra, L50, F|100/100
|move|p2b: Murkrow|Brave Bird|p1a: Politoed
|-damage|p1a: Politoed|0 fnt
|faint|p1a: Politoed
|-damage|p2b: Murkrow|0 fnt|[from] Recoil
|faint|p2b: Murkrow
|move|p2a: Ursaluna|Hyper Voice|p1b: Torterra
|-damage|p1b: Torterra|27/100
|-damage|p2a: Ursaluna|80/100|[from] item: Life Orb
|
|-start|p2a: Ursaluna|perish2
|upkeep
|
|t:|1757909094
|switch|p1a: Incineroar|Incineroar, L50, F, tera:Ghost|22/100
|-ability|p1a: Incineroar|Intimidate|boost
|-unboost|p2a: Ursaluna|atk|1
|turn|8
|
|t:|1757909100
|move|p2a: Ursaluna|Protect|p2a: Ursaluna
|-singleturn|p2a: Ursaluna|Protect
|move|p1a: Incineroar|Fake Out|p2a: Ursaluna
|-activate|p2a: Ursaluna|move: Protect
|move|p1b: Torterra|Shell Smash|p1b: Torterra
|-unboost|p1b: Torterra|def|1
|-unboost|p1b: Torterra|spd|1
|-boost|p1b: Torterra|atk|2
|-boost|p1b: Torterra|spa|2
|-boost|p1b: Torterra|spe|2
|
|-start|p2a: Ursaluna|perish1
|upkeep
|turn|9
|
|t:|1757909120
|move|p1a: Incineroar|Protect|p1a: Incineroar
|-singleturn|p1a: Incineroar|Protect
|move|p1b: Torterra|Wood Hammer|p2a: Ursaluna
|-supereffective|p2a: Ursaluna
|-damage|p2a: Ursaluna|0 fnt
|faint|p2a: Ursaluna
|-damage|p1b: Torterra|0 fnt|[from] Recoil
|faint|p1b: Torterra
|
|win|j.arch
|inactive|j.arch has 30 seconds to confirm battle start!
|inactive|Eltodotibio has 30 seconds to confirm battle start!
|l|‽j.arch
|player|p1|
||j.arch is ready for game 3.
||Eltodotibio is ready for game 3.
|uhtml|next|Next: Game 3 of 3
|l|☆Eltodotibio
|player|p2|
