|j|☆Sunnymight
|j|☆Iperforce
|html|SunnymightIperforce    
|uhtml|bestof|Game 2 of a best-of-3
|t:|1756392457
|gametype|doubles
|player|p1|Sunnymight|101|1063
|player|p2|Iperforce|striker|1029
|gen|9
|tier|[Gen 9] VGC 2025 Reg H (Bo3)
|rated|
|rule|Species Clause: Limit one of each Pokémon
|rule|Item Clause: Limit 1 of each item
|clearpoke
|poke|p1|Garchomp, L50, M|
|poke|p1|Weezing-Galar, L50, F|
|poke|p1|Archaludon, L50, F|
|poke|p1|Gholdengo, L50|
|poke|p1|Talonflame, L50, M|
|poke|p1|Annihilape, L50, M|
|poke|p2|Snorlax, L50, F|
|poke|p2|Farigiraf, L50, F|
|poke|p2|Incineroar, L50, M|
|poke|p2|Vikavolt, L50, F|
|poke|p2|Dragapult, L50, F|
|poke|p2|Alcremie-Ruby-Cream, L50, F|
|teampreview|4
|showteam|p1|Garchomp||LifeOrb|RoughSkin|DragonClaw,Earthquake,StompingTantrum,Protect|||M|||50|,,,,,Ground]Weezing-Galar||FocusSash|NeutralizingGas|Protect,SludgeBomb,Taunt,StrangeSteam|||F|||50|,,,,,Flying]Archaludon||PowerHerb|Sturdy|ElectroShot,Thunderbolt,DracoMeteor,Protect|||F|||50|,,,,,Electric]Gholdengo||ChoiceSpecs|GoodasGold|ShadowBall,DazzlingGleam,PowerGem,MakeItRain||||||50|,,,,,Fairy]Talonflame||CovertCloak|GaleWings|Tailwind,DualWingbeat,WillOWisp,FlareBlitz|||M|||50|,,,,,Stellar]Annihilape||AssaultVest|Defiant|CloseCombat,RageFist,FinalGambit,IcePunch|||M|||50|,,,,,Grass
|showteam|p2|Snorlax||AguavBerry|Gluttony|BodySlam,BellyDrum,Protect,HighHorsepower|||F|||50|,,,,,Fire]Farigiraf||RockyHelmet|ArmorTail|TrickRoom,Protect,Reflect,Psychic|||F|||50|,,,,,Psychic]Incineroar||SafetyGoggles|Intimidate|FakeOut,FlareBlitz,PartingShot,KnockOff|||M|||50|,,,,,Ghost]Vikavolt||Leftovers|Levitate|FlashCannon,Discharge,Agility,VoltSwitch|||F|||50|,,,,,Electric]Dragapult||LifeOrb|ClearBody|DracoMeteor,ShadowBall,Protect,Flamethrower|||F|||50|,,,,,Dragon]Alcremie-Ruby-Cream||FocusSash|SweetVeil|DazzlingGleam,Encore,LightScreen,Decorate|||F|||50|,,,,,Water
|inactive|Battle timer is ON: inactive players will automatically lose when time's up. (requested by Iperforce)
|
|t:|1756392479
|teamsize|p1|4
|teamsize|p2|4
|start
|switch|p1a: Garchomp|Garchomp, L50, M|100/100
|switch|p1b: Weezing|Weezing-Galar, L50, F|100/100
|switch|p2a: Dragapult|Dragapult, L50, F|100/100
|switch|p2b: Alcremie|Alcremie-Ruby-Cream, L50, F|100/100
|-ability|p1b: Weezing|Neutralizing Gas
|turn|1
|inactive|Sunnymight has 30 seconds left.
|inactive|Iperforce has 30 seconds left.
|
|t:|1756392506
|-terastallize|p1a: Garchomp|Ground
|move|p1b: Weezing|Protect|p1b: Weezing
|-singleturn|p1b: Weezing|Protect
|move|p2a: Dragapult|Draco Meteor|p1a: Garchomp
|-damage|p1a: Garchomp|25/100
|-unboost|p2a: Dragapult|spa|2
|-damage|p2a: Dragapult|91/100|[from] item: Life Orb
|move|p1a: Garchomp|Earthquake|p2b: Alcremie|[spread] p2a,p2b
|-activate|p1b: Weezing|move: Protect
|-damage|p2a: Dragapult|0 fnt
|-damage|p2b: Alcremie|8/100
|faint|p2a: Dragapult
|-damage|p1a: Garchomp|16/100|[from] item: Life Orb
|move|p2b: Alcremie|Dazzling Gleam|p1b: Weezing|[spread] p1a
|-activate|p1b: Weezing|move: Protect
|-crit|p1a: Garchomp
|-damage|p1a: Garchomp|0 fnt
|faint|p1a: Garchomp
|
|upkeep
|inactive|Sunnymight has 30 seconds left.
|
|t:|1756392535
|switch|p2a: Vikavolt|Vikavolt, L50, F|100/100
|switch|p1a: Archaludon|Archaludon, L50, F|100/100
|turn|2
|inactive|Sunnymight has 30 seconds left.
|inactive|Sunnymight has 20 seconds left.
|inactive|Sunnymight has 15 seconds left.
|
|t:|1756392577
|move|p1a: Archaludon|Electro Shot||[still]
|-prepare|p1a: Archaludon|Electro Shot
|-boost|p1a: Archaludon|spa|1
|-enditem|p1a: Archaludon|Power Herb
|-anim|p1a: Archaludon|Electro Shot|p2a: Vikavolt
|-resisted|p2a: Vikavolt
|-damage|p2a: Vikavolt|50/100
|move|p1b: Weezing|Sludge Bomb|p2b: Alcremie
|-supereffective|p2b: Alcremie
|-damage|p2b: Alcremie|0 fnt
|faint|p2b: Alcremie
|move|p2a: Vikavolt|Flash Cannon|p1b: Weezing
|-supereffective|p1b: Weezing
|-enditem|p1b: Weezing|Focus Sash
|-damage|p1b: Weezing|1/100
|
|-heal|p2a: Vikavolt|56/100|[from] item: Leftovers
|upkeep
|
|t:|1756392589
|switch|p2b: Incineroar|Incineroar, L50, M|100/100
|turn|3
|
|t:|1756392596
|move|p1a: Archaludon|Protect|p1a: Archaludon
|-singleturn|p1a: Archaludon|Protect
|move|p1b: Weezing|Protect|p1b: Weezing
|-singleturn|p1b: Weezing|Protect
|move|p2b: Incineroar|Fake Out|p1a: Archaludon
|-activate|p1a: Archaludon|move: Protect
|move|p2a: Vikavolt|Flash Cannon|p1b: Weezing
|-activate|p1b: Weezing|move: Protect
|
|-heal|p2a: Vikavolt|62/100|[from] item: Leftovers
|upkeep
|turn|4
|
|t:|1756392616
|move|p1a: Archaludon|Electro Shot||[still]
|-prepare|p1a: Archaludon|Electro Shot
|-boost|p1a: Archaludon|spa|1
|move|p1b: Weezing|Strange Steam|p2a: Vikavolt
|-damage|p2a: Vikavolt|10/100
|move|p2a: Vikavolt|Flash Cannon|p1b: Weezing
|-supereffective|p1b: Weezing
|-damage|p1b: Weezing|0 fnt
|faint|p1b: Weezing
|-end|p1b: Weezing|ability: Neutralizing Gas
|-ability|p2b: Incineroar|Intimidate|boost
|-unboost|p1a: Archaludon|atk|1
|move|p2b: Incineroar|Flare Blitz|p1a: Archaludon
|-damage|p1a: Archaludon|42/100
|-damage|p2b: Incineroar|85/100|[from] Recoil
|
|-heal|p2a: Vikavolt|16/100|[from] item: Leftovers
|upkeep
|
|t:|1756392630
|switch|p1b: Talonflame|Talonflame, L50, M|100/100
|turn|5
|
|t:|1756392651
|-terastallize|p2a: Vikavolt|Electric
|move|p1b: Talonflame|Dual Wingbeat|p2a: Vikavolt
|-resisted|p2a: Vikavolt
|-damage|p2a: Vikavolt|6/100
|-resisted|p2a: Vikavolt
|-damage|p2a: Vikavolt|0 fnt
|faint|p2a: Vikavolt
|-hitcount|p2: Vikavolt|2
|move|p1a: Archaludon|Electro Shot|p2b: Incineroar|[from] lockedmove
|-damage|p2b: Incineroar|6/100
|move|p2b: Incineroar|Flare Blitz|p1a: Archaludon
|-damage|p1a: Archaludon|0 fnt
|faint|p1a: Archaludon
|-damage|p2b: Incineroar|0 fnt|[from] Recoil
|faint|p2b: Incineroar
|
|win|Sunnymight
|raw|Sunnymight's rating: 1063 → 1091(+28 for winning)
|raw|Iperforce's rating: 1029 → 1016(-13 for losing)
|l|☆Iperforce
|player|p2|
