|j|☆A_TerroneVGC
|j|☆Lucario Palworld
|html|A_TerroneVGCLucario Palworld    
|uhtml|bestof|Game 2 of a best-of-3
|t:|1755150661
|gametype|doubles
|player|p1|A_TerroneVGC|265|1283
|player|p2|Lucario Palworld|265|1326
|gen|9
|tier|[Gen 9] VGC 2025 Reg H (Bo3)
|rated|
|rule|Species Clause: Limit one of each Pokémon
|rule|Item Clause: Limit 1 of each item
|clearpoke
|poke|p1|Basculegion, L50, M|
|poke|p1|Archaludon, L50, M|
|poke|p1|Kingambit, L50, M|
|poke|p1|Rillaboom, L50, M|
|poke|p1|Pelipper, L50, M|
|poke|p1|Electabuzz, L50, M|
|poke|p2|Whimsicott, L50, F|
|poke|p2|Pelipper, L50, M|
|poke|p2|Tatsugiri, L50, M|
|poke|p2|Dondozo, L50, F|
|poke|p2|Gholdengo, L50|
|poke|p2|Perrserker, L50, M|
|teampreview|4
|showteam|p1|Basculegion||ChoiceBand|SwiftSwim|WaveCrash,LastRespects,FlipTurn,AquaJet|||M|||50|,,,,,Grass]Archaludon||AssaultVest|Stamina|FlashCannon,DracoMeteor,ElectroShot,BodyPress|||M|||50|,,,,,Fairy]Kingambit||BlackGlasses|Defiant|KowtowCleave,SuckerPunch,SwordsDance,Protect|||M|||50|,,,,,Dark]Rillaboom||LoadedDice|GrassySurge|BulletSeed,GrassyGlide,HighHorsepower,FakeOut|||M|||50|,,,,,Fire]Pelipper||FocusSash|Drizzle|WeatherBall,Hurricane,Tailwind,Protect|||M|||50|,,,,,Ghost]Electabuzz||Eviolite|VitalSpirit|Electroweb,Taunt,FollowMe,Protect|||M|||50|,,,,,Ghost
|showteam|p2|Whimsicott||CovertCloak|Prankster|Encore,Tailwind,Endeavor,Moonblast|||F|||50|,,,,,Ghost]Pelipper||FocusSash|Drizzle|Tailwind,Hurricane,WeatherBall,WideGuard|||M|||50|,,,,,Flying]Tatsugiri||ChoiceScarf|Commander|MuddyWater,DracoMeteor,DragonPulse,IcyWind|||M|||50|,,,,,Steel]Dondozo||ClearAmulet|Unaware|Earthquake,WaveCrash,OrderUp,Protect|||F|||50|,,,,,Grass]Gholdengo||ChoiceSpecs|GoodasGold|ShadowBall,MakeItRain,FocusBlast,Thunderbolt||||||50|,,,,,Steel]Perrserker||ChopleBerry|SteelySpirit|FakeOut,IronHead,Taunt,KnockOff|||M|||50|,,,,,Steel
|
|t:|1755150691
|teamsize|p1|4
|teamsize|p2|4
|start
|switch|p1a: Electabuzz|Electabuzz, L50, M|100/100
|switch|p1b: Kingambit|Kingambit, L50, M|100/100
|switch|p2a: Dondozo|Dondozo, L50, F|100/100
|switch|p2b: Gholdengo|Gholdengo, L50|100/100
|turn|1
|
|t:|1755150706
|switch|p2b: Tatsugiri|Tatsugiri, L50, M|100/100
|-activate|p2b: Tatsugiri|ability: Commander|[of] p2a: Dondozo
|-boost|p2a: Dondozo|atk|2
|-boost|p2a: Dondozo|spa|2
|-boost|p2a: Dondozo|spe|2
|-boost|p2a: Dondozo|def|2
|-boost|p2a: Dondozo|spd|2
|move|p1a: Electabuzz|Protect|p1a: Electabuzz
|-singleturn|p1a: Electabuzz|Protect
|move|p1b: Kingambit|Protect|p1b: Kingambit
|-singleturn|p1b: Kingambit|Protect
|move|p2a: Dondozo|Earthquake|p1b: Kingambit|[spread] 
|-miss|p2a: Dondozo|p2b: Tatsugiri
|-activate|p1a: Electabuzz|move: Protect
|-activate|p1b: Kingambit|move: Protect
|
|upkeep
|turn|2
|
|t:|1755150723
|-terastallize|p1b: Kingambit|Dark
|move|p2a: Dondozo|Order Up|p1a: Electabuzz
|-damage|p1a: Electabuzz|64/100
|-boost|p2a: Dondozo|atk|1
|move|p1a: Electabuzz|Electroweb|p2a: Dondozo|[spread] p2a
|-miss|p1a: Electabuzz|p2b: Tatsugiri
|-supereffective|p2a: Dondozo
|-damage|p2a: Dondozo|86/100
|move|p1b: Kingambit|Kowtow Cleave|p2a: Dondozo
|-damage|p2a: Dondozo|59/100
|
|upkeep
|turn|3
|
|t:|1755150750
|move|p2a: Dondozo|Protect|p2a: Dondozo
|-singleturn|p2a: Dondozo|Protect
|move|p1a: Electabuzz|Follow Me|p1a: Electabuzz
|-singleturn|p1a: Electabuzz|move: Follow Me
|move|p1b: Kingambit|Kowtow Cleave|p2a: Dondozo
|-activate|p2a: Dondozo|move: Protect
|
|upkeep
|turn|4
|
|t:|1755150766
|move|p1b: Kingambit|Protect|p1b: Kingambit
|-singleturn|p1b: Kingambit|Protect
|move|p2a: Dondozo|Earthquake|p1b: Kingambit|[spread] p1a
|-miss|p2a: Dondozo|p2b: Tatsugiri
|-activate|p1b: Kingambit|move: Protect
|-supereffective|p1a: Electabuzz
|-damage|p1a: Electabuzz|0 fnt
|faint|p1a: Electabuzz
|
|upkeep
|
|t:|1755150775
|switch|p1a: Basculegion|Basculegion, L50, M|100/100
|turn|5
|
|t:|1755150790
|switch|p1a: Pelipper|Pelipper, L50, M|100/100
|-weather|RainDance|[from] ability: Drizzle|[of] p1a: Pelipper
|move|p1b: Kingambit|Sucker Punch|p2a: Dondozo
|-damage|p2a: Dondozo|37/100
|move|p2a: Dondozo|Wave Crash|p1b: Kingambit
|-damage|p1b: Kingambit|0 fnt
|faint|p1b: Kingambit
|-damage|p2a: Dondozo|7/100|[from] Recoil
|
|-weather|RainDance|[upkeep]
|upkeep
|
|t:|1755150800
|switch|p1b: Basculegion|Basculegion, L50, M|100/100
|turn|6
|
|t:|1755150806
|move|p2a: Dondozo|Protect|p2a: Dondozo
|-singleturn|p2a: Dondozo|Protect
|move|p1b: Basculegion|Last Respects|p2a: Dondozo
|-activate|p2a: Dondozo|move: Protect
|move|p1a: Pelipper|Tailwind|p1a: Pelipper
|-sidestart|p1: A_TerroneVGC|move: Tailwind
|
|-weather|RainDance|[upkeep]
|upkeep
|turn|7
|
|t:|1755150814
|move|p2a: Dondozo|Protect||[still]
|-fail|p2a: Dondozo
|move|p1b: Basculegion|Last Respects|p2a: Dondozo
|-damage|p2a: Dondozo|0 fnt
|faint|p2a: Dondozo
|move|p1a: Pelipper|Hurricane|p2b: Tatsugiri
|-damage|p2b: Tatsugiri|36/100
|
|-weather|RainDance|[upkeep]
|upkeep
|
|t:|1755150823
|switch|p2a: Gholdengo|Gholdengo, L50|100/100
|turn|8
|
|t:|1755150850
|-terastallize|p2a: Gholdengo|Steel
|move|p1b: Basculegion|Last Respects|p2a: Gholdengo
|-damage|p2a: Gholdengo|0 fnt
|faint|p2a: Gholdengo
|move|p1a: Pelipper|Hurricane|p2b: Tatsugiri
|-damage|p2b: Tatsugiri|0 fnt
|faint|p2b: Tatsugiri
|
|-weather|RainDance|[upkeep]
|upkeep
|-message|Lucario Palworld forfeited.
|raw|A_TerroneVGC's rating: 1283 → 1311(+28 for winning)
|raw|Lucario Palworld's rating: 1326 → 1304(-22 for losing)
|
|win|A_TerroneVGC
