|j|☆gruby_2
|j|☆NerdConsultant
|html|gruby_2NerdConsultant    
|uhtml|bestof|Game 2 of a best-of-3
|t:|1757083884
|gametype|doubles
|player|p1|gruby_2|medium|1075
|player|p2|NerdConsultant|roxie|1068
|gen|9
|tier|[Gen 9] VGC 2025 Reg H (Bo3)
|rated|
|rule|Species Clause: Limit one of each Pokémon
|rule|Item Clause: Limit 1 of each item
|clearpoke
|poke|p1|Archaludon, L50, F|
|poke|p1|Whimsicott, L50, F|
|poke|p1|Pelipper, L50, M|
|poke|p1|Basculegion, L50, M|
|poke|p1|Incineroar, L50, F|
|poke|p1|Gholdengo, L50|
|poke|p2|Kingambit, L50, M|
|poke|p2|Rillaboom, L50, M|
|poke|p2|Archaludon, L50, F|
|poke|p2|Basculegion, L50, M|
|poke|p2|Electabuzz, L50, M|
|poke|p2|Pelipper, L50, M|
|teampreview|4
|showteam|p1|Archaludon||AssaultVest|Stalwart|ElectroShot,DracoMeteor,BodyPress,Snarl|||F|||50|,,,,,Ghost]Whimsicott||CovertCloak|Prankster|FakeTears,Encore,Tailwind,Moonblast|||F|||50|,,,,,Dark]Pelipper||FocusSash|Drizzle|Hurricane,WeatherBall,Protect,Tailwind|||M|||50|,,,,,Ghost]Basculegion||ChoiceBand|SwiftSwim|LastRespects,WaveCrash,AquaJet,FlipTurn|||M|||50|,,,,,Water]Incineroar||SafetyGoggles|Intimidate|FakeOut,KnockOff,WillOWisp,PartingShot|||F|||50|,,,,,Water]Gholdengo||ChoiceScarf|GoodasGold|MakeItRain,ShadowBall,DazzlingGleam,Trick||||||50|,,,,,Fairy
|showteam|p2|Kingambit||BlackGlasses|Defiant|KowtowCleave,SwordsDance,SuckerPunch,Protect|||M|||50|,,,,,Dark]Rillaboom||LoadedDice|GrassySurge|HighHorsepower,GrassyGlide,BulletSeed,FakeOut|||M|||50|,,,,,Fire]Archaludon||AssaultVest|Stamina|ElectroShot,BodyPress,DracoMeteor,FlashCannon|||F|||50|,,,,,Bug]Basculegion||ChoiceBand|SwiftSwim|WaveCrash,AquaJet,LastRespects,FlipTurn|||M|||50|,,,,,Grass]Electabuzz||Eviolite|VitalSpirit|Electroweb,Taunt,FollowMe,Protect|||M|||50|,,,,,Ghost]Pelipper||FocusSash|Drizzle|Tailwind,WeatherBall,Hurricane,Protect|||M|||50|,,,,,Ghost
|inactive|Battle timer is ON: inactive players will automatically lose when time's up. (requested by gruby_2)
|
|t:|1757083909
|teamsize|p1|4
|teamsize|p2|4
|start
|switch|p1a: Whimsicott|Whimsicott, L50, F|100/100
|switch|p1b: Archaludon|Archaludon, L50, F|100/100
|switch|p2a: Archaludon|Archaludon, L50, F|100/100
|switch|p2b: Kingambit|Kingambit, L50, M|100/100
|turn|1
|
|t:|1757083929
|switch|p2b: Rillaboom|Rillaboom, L50, M|100/100
|-fieldstart|move: Grassy Terrain|[from] ability: Grassy Surge|[of] p2b: Rillaboom
|move|p1a: Whimsicott|Tailwind|p1a: Whimsicott
|-sidestart|p1: gruby_2|move: Tailwind
|move|p1b: Archaludon|Body Press|p2a: Archaludon
|-supereffective|p2a: Archaludon
|-damage|p2a: Archaludon|68/100
|-ability|p2a: Archaludon|Stamina|boost
|-boost|p2a: Archaludon|def|1
|move|p2a: Archaludon|Body Press|p1b: Archaludon
|-supereffective|p1b: Archaludon
|-damage|p1b: Archaludon|38/100
|
|-heal|p1b: Archaludon|44/100|[from] Grassy Terrain
|-heal|p2a: Archaludon|75/100|[from] Grassy Terrain
|upkeep
|turn|2
|
|t:|1757083952
|-terastallize|p1b: Archaludon|Ghost
|move|p1a: Whimsicott|Fake Tears|p2a: Archaludon
|-unboost|p2a: Archaludon|spd|2
|move|p1b: Archaludon|Draco Meteor|p2a: Archaludon
|-damage|p2a: Archaludon|0 fnt
|-unboost|p1b: Archaludon|spa|2
|faint|p2a: Archaludon
|move|p2b: Rillaboom|Bullet Seed|p2: Archaludon|[notarget]
|-fail|p2b: Rillaboom
|
|-heal|p1b: Archaludon|50/100|[from] Grassy Terrain
|upkeep
|
|t:|1757083963
|switch|p2a: Kingambit|Kingambit, L50, M|100/100
|turn|3
|
|t:|1757083973
|-terastallize|p2a: Kingambit|Dark
|move|p2a: Kingambit|Sucker Punch|p1b: Archaludon
|-supereffective|p1b: Archaludon
|-damage|p1b: Archaludon|0 fnt
|faint|p1b: Archaludon
|move|p1a: Whimsicott|Moonblast|p2a: Kingambit
|-supereffective|p2a: Kingambit
|-damage|p2a: Kingambit|33/100
|move|p2b: Rillaboom|Bullet Seed|p1a: Whimsicott
|-resisted|p1a: Whimsicott
|-damage|p1a: Whimsicott|87/100
|-resisted|p1a: Whimsicott
|-damage|p1a: Whimsicott|75/100
|-resisted|p1a: Whimsicott
|-damage|p1a: Whimsicott|63/100
|-resisted|p1a: Whimsicott
|-damage|p1a: Whimsicott|49/100
|-hitcount|p1a: Whimsicott|4
|
|-heal|p1a: Whimsicott|55/100|[from] Grassy Terrain
|-heal|p2a: Kingambit|39/100|[from] Grassy Terrain
|upkeep
|
|t:|1757083976
|switch|p1b: Gholdengo|Gholdengo, L50|100/100
|turn|4
|inactive|NerdConsultant has 30 seconds left.
|
|t:|1757084002
|move|p2a: Kingambit|Protect|p2a: Kingambit
|-singleturn|p2a: Kingambit|Protect
|move|p1b: Gholdengo|Trick|p2a: Kingambit
|-activate|p2a: Kingambit|move: Protect
|move|p1a: Whimsicott|Moonblast|p2a: Kingambit
|-activate|p2a: Kingambit|move: Protect
|move|p2b: Rillaboom|Bullet Seed|p1a: Whimsicott
|-resisted|p1a: Whimsicott
|-damage|p1a: Whimsicott|42/100
|-resisted|p1a: Whimsicott
|-damage|p1a: Whimsicott|28/100
|-resisted|p1a: Whimsicott
|-damage|p1a: Whimsicott|16/100
|-resisted|p1a: Whimsicott
|-damage|p1a: Whimsicott|3/100
|-hitcount|p1a: Whimsicott|4
|
|-heal|p1a: Whimsicott|9/100|[from] Grassy Terrain
|-heal|p2a: Kingambit|45/100|[from] Grassy Terrain
|-sideend|p1: gruby_2|move: Tailwind
|upkeep
|turn|5
|
|t:|1757084025
|move|p2b: Rillaboom|Grassy Glide|p1a: Whimsicott
|-resisted|p1a: Whimsicott
|-damage|p1a: Whimsicott|0 fnt
|faint|p1a: Whimsicott
|move|p1b: Gholdengo|Trick|p2b: Rillaboom
|-activate|p1b: Gholdengo|move: Trick|[of] p2b: Rillaboom
|-item|p2b: Rillaboom|Choice Scarf|[from] move: Trick
|-item|p1b: Gholdengo|Loaded Dice|[from] move: Trick
|move|p2a: Kingambit|Kowtow Cleave|p1b: Gholdengo
|-supereffective|p1b: Gholdengo
|-damage|p1b: Gholdengo|0 fnt
|faint|p1b: Gholdengo
|
|-heal|p2a: Kingambit|51/100|[from] Grassy Terrain
|-fieldend|move: Grassy Terrain
|upkeep
|
|t:|1757084030
|switch|p1b: Basculegion|Basculegion, L50, M|100/100
|turn|6
|
|t:|1757084045
|switch|p2b: Basculegion|Basculegion, L50, M|100/100
|move|p2a: Kingambit|Sucker Punch|p1b: Basculegion
|-supereffective|p1b: Basculegion
|-damage|p1b: Basculegion|0 fnt
|faint|p1b: Basculegion
|
|win|NerdConsultant
|raw|gruby_2's rating: 1075 → 1053(-22 for losing)
|raw|NerdConsultant's rating: 1068 → 1098(+30 for winning)
|c|☆gruby_2|gg wp
|c|☆NerdConsultant|gg wp
