|j|☆Timothim Chalombre
|j|☆lettitripppp
|html|Timothim Chalombrelettitripppp    
|uhtml|bestof|Game 1 of a best-of-3
|t:|1784496264
|gametype|doubles
|player|p1|Timothim Chalombre|caitlin|1167
|player|p2|lettitripppp|lucas|1301
|gen|9
|tier|[Gen 9 Champions] VGC 2026 Reg M-B (Bo3)
|rated|
|rule|Species Clause: Limit one of each Pokémon
|rule|Item Clause: Limit 1 of each item
|clearpoke
|poke|p1|Froslass, L50, F|
|poke|p1|Garchomp, L50, F|
|poke|p1|Tsareena, L50, F|
|poke|p1|Metagross, L50|
|poke|p1|Lycanroc-Dusk, L50, M|
|poke|p1|Whimsicott, L50, M|
|poke|p2|Charizard, L50, F, shiny|
|poke|p2|Basculegion, L50, M, shiny|
|poke|p2|Pelipper, L50, M|
|poke|p2|Venusaur, L50, F|
|poke|p2|Archaludon, L50, F|
|poke|p2|Grimmsnarl, L50, M, shiny|
|teampreview|4
|showteam|p1|Froslass||Froslassite|SnowCloak|IceBeam,ShadowBall,Blizzard,Protect|Modest||F|||50|]Garchomp||LifeOrb|RoughSkin|StompingTantrum,DragonClaw,RockSlide,Protect|Jolly||F|||50|]Tsareena||SitrusBerry|QueenlyMajesty|TropKick,LowKick,Taunt,Uturn|Adamant||F|||50|]Metagross||Metagrossite|ClearBody|IronHead,PsychicFangs,StompingTantrum,Protect|Adamant|||||50|]Lycanroc-Dusk||FocusSash|ToughClaws|RockSlide,CloseCombat,Accelerock,Protect|Adamant||M|||50|]Whimsicott||OccaBerry|Prankster|Moonblast,Tailwind,Encore,Protect|Timid||M|||50|
|showteam|p2|Charizard||CharizarditeY|Blaze|WeatherBall,SolarBeam,HeatWave,Protect|Modest||F|||50|]Basculegion||ChoiceScarf|Adaptability|LastRespects,WaveCrash,FlipTurn,AquaJet|Jolly||M|||50|]Pelipper||SitrusBerry|Drizzle|WeatherBall,WideGuard,Hurricane,Tailwind|Modest||M|||50|]Venusaur||FocusSash|Chlorophyll|SleepPowder,SludgeBomb,EarthPower,Protect|Modest||F|||50|]Archaludon||Leftovers|Stamina|FlashCannon,DragonPulse,ElectroShot,Protect|Calm||F|||50|]Grimmsnarl||LightClay|Prankster|PartingShot,LightScreen,SpiritBreak,Reflect|Relaxed||M|||50|
|inactive|Battle timer is ON: inactive players will automatically lose when time's up. (requested by lettitripppp)
|
|t:|1784496290
|teamsize|p1|4
|teamsize|p2|4
|start
|switch|p1a: Garchomp|Garchomp, L50, F|100/100
|switch|p1b: Whimsicott|Whimsicott, L50, M|100/100
|switch|p2a: GO JOHAN|Grimmsnarl, L50, M, shiny|100/100
|switch|p2b: GHOSTWAVE|Basculegion, L50, M, shiny|100/100
|turn|1
|
|t:|1784496307
|move|p1b: Whimsicott|Tailwind|p1b: Whimsicott
|-sidestart|p1: Timothim Chalombre|move: Tailwind
|move|p2a: GO JOHAN|Light Screen|p2a: GO JOHAN
|-sidestart|p2: lettitripppp|move: Light Screen
|move|p1a: Garchomp|Stomping Tantrum|p2b: GHOSTWAVE
|-damage|p2b: GHOSTWAVE|33/100
|-damage|p1a: Garchomp|90/100|[from] item: Life Orb
|move|p2b: GHOSTWAVE|Wave Crash|p1a: Garchomp
|-damage|p1a: Garchomp|17/100
|-damage|p2b: GHOSTWAVE|21/100|[from] ability: Rough Skin|[of] p1a: Garchomp
|-damage|p2b: GHOSTWAVE|0 fnt|[from] Recoil
|faint|p2b: GHOSTWAVE
|
|upkeep
|
|t:|1784496319
|switch|p2b: SOFT-SLEEP|Venusaur, L50, F|100/100
|turn|2
|
|t:|1784496335
|move|p1b: Whimsicott|Moonblast|p2a: GO JOHAN
|-supereffective|p2a: GO JOHAN|1
|-damage|p2a: GO JOHAN|63/100
|move|p1a: Garchomp|Stomping Tantrum|p2a: GO JOHAN
|-damage|p2a: GO JOHAN|12/100
|-damage|p1a: Garchomp|8/100|[from] item: Life Orb
|move|p2b: SOFT-SLEEP|Sludge Bomb|p1b: Whimsicott
|-supereffective|p1b: Whimsicott|2
|-damage|p1b: Whimsicott|0 fnt
|faint|p1b: Whimsicott
|move|p2a: GO JOHAN|Spirit Break|p1a: Garchomp
|-supereffective|p1a: Garchomp|1
|-damage|p1a: Garchomp|0 fnt
|-damage|p2a: GO JOHAN|1/100|[from] ability: Rough Skin|[of] p1a: Garchomp
|faint|p1a: Garchomp
|
|upkeep
|
|t:|1784496340
|switch|p1b: Metagross|Metagross, L50|100/100
|switch|p1a: Tsareena|Tsareena, L50, F|100/100
|turn|3
|
|t:|1784496354
|detailschange|p1b: Metagross|Metagross-Mega, L50
|-mega|p1b: Metagross|Metagross|Metagrossite
|move|p2b: SOFT-SLEEP|Protect|p2b: SOFT-SLEEP
|-singleturn|p2b: SOFT-SLEEP|Protect
|move|p2a: GO JOHAN|Reflect|p2a: GO JOHAN
|-sidestart|p2: lettitripppp|Reflect
|move|p1b: Metagross|Psychic Fangs|p2b: SOFT-SLEEP
|-activate|p2b: SOFT-SLEEP|move: Protect
|move|p1a: Tsareena|Trop Kick|p2b: SOFT-SLEEP
|-activate|p2b: SOFT-SLEEP|move: Protect
|
|upkeep
|turn|4
|
|t:|1784496371
|move|p1b: Metagross|Psychic Fangs|p2b: SOFT-SLEEP
|-sideend|p2: lettitripppp|Reflect
|-sideend|p2: lettitripppp|move: Light Screen
|-supereffective|p2b: SOFT-SLEEP|1
|-enditem|p2b: SOFT-SLEEP|Focus Sash
|-damage|p2b: SOFT-SLEEP|1/100
|move|p1a: Tsareena|Trop Kick|p2b: SOFT-SLEEP
|-resisted|p2b: SOFT-SLEEP|2
|-damage|p2b: SOFT-SLEEP|0 fnt
|faint|p2b: SOFT-SLEEP
|move|p2a: GO JOHAN|Spirit Break|p1a: Tsareena
|-damage|p1a: Tsareena|70/100
|-unboost|p1a: Tsareena|spa|1
|
|-sideend|p1: Timothim Chalombre|move: Tailwind
|upkeep
|
|t:|1784496379
|switch|p2b: AGNI|Charizard, L50, F, shiny|100/100
|turn|5
|
|t:|1784496386
|detailschange|p2b: AGNI|Charizard-Mega-Y, L50, F, shiny
|-mega|p2b: AGNI|Charizard|Charizardite Y
|-weather|SunnyDay|[from] ability: Drought|[of] p2b: AGNI
|move|p1b: Metagross|Psychic Fangs|p2b: AGNI
|-damage|p2b: AGNI|24/100
|move|p2b: AGNI|Heat Wave|p1b: Metagross|[spread] p1a,p1b
|-supereffective|p1a: Tsareena|1
|-supereffective|p1b: Metagross|1
|-damage|p1a: Tsareena|0 fnt
|-damage|p1b: Metagross|0 fnt
|faint|p1a: Tsareena
|faint|p1b: Metagross
|
|win|lettitripppp
||Timothim Chalombre is ready for game 2.
