|j|☆MackleMorelull
|j|☆valxrie
|html|MackleMorelullvalxrie    
|uhtml|bestof|Game 2 of a best-of-3
|t:|1784401027
|gametype|doubles
|player|p1|MackleMorelull|worker|
|player|p2|valxrie|102|
|gen|9
|tier|[Gen 9 Champions] VGC 2026 Reg M-B (Bo3)
|rule|Species Clause: Limit one of each Pokémon
|rule|Item Clause: Limit 1 of each item
|clearpoke
|poke|p1|Sinistcha, L50|
|poke|p1|Klefki, L50, F|
|poke|p1|Azumarill, L50, F|
|poke|p1|Drampa, L50, F|
|poke|p1|Aerodactyl, L50, F|
|poke|p1|Conkeldurr, L50, M|
|poke|p2|Garchomp, L50, M|
|poke|p2|Sableye, L50, F|
|poke|p2|Metagross, L50|
|poke|p2|Delphox, L50, F|
|poke|p2|Sneasler, L50, F|
|poke|p2|Floette-Eternal, L50, F|
|teampreview|4
|showteam|p1|Sinistcha||SitrusBerry|Hospitality|LifeDew,RagePowder,MatchaGotcha,TrickRoom|Relaxed|||||50|]Klefki||MentalHerb|Prankster|TrickRoom,LightScreen,DrainingKiss,Reflect|Relaxed||F|||50|]Azumarill||ExpertBelt|HugePower|Liquidation,AquaJet,PlayRough,Protect|Adamant||F|||50|]Drampa||Drampanite|CloudNine|DragonPulse,HyperVoice,Protect,EarthPower|Modest||F|||50|]Aerodactyl||Aerodactylite|Unnerve|RockSlide,DualWingbeat,PsychicFangs,WideGuard|Jolly||F|||50|]Conkeldurr||LifeOrb|IronFist|HammerArm,DrainPunch,RockSlide,KnockOff|Adamant||M|||50|
|showteam|p2|Garchomp||ChoiceScarf|RoughSkin|Earthquake,RockSlide,DragonClaw,FireBlast|Naive||M|||50|]Sableye||RoseliBerry|Prankster|FakeOut,Encore,KnockOff,WillOWisp|Careful||F|||50|]Metagross||Metagrossite|ClearBody|MeteorMash,PsychicFangs,RockSlide,BulletPunch|Jolly|||||50|]Delphox||Delphoxite|Blaze|HeatWave,Psychic,Overheat,DazzlingGleam|Timid||F|||50|]Sneasler||WhiteHerb|Unburden|UpperHand,CloseCombat,DireClaw,FakeOut|Adamant||F|||50|]Floette-Eternal||LifeOrb|Symbiosis|Synthesis,LightofRuin,EnergyBall,Trailblaze|Hasty||F|||50|
|j| Hariyamamomma
|l| Hariyamamomma
|j|+joey
|
|t:|1784401082
|teamsize|p1|4
|teamsize|p2|4
|start
|switch|p1a: House Keys|Klefki, L50, F|100/100
|switch|p1b: Great Great Grampa|Aerodactyl, L50, F|100/100
|switch|p2a: Metagross|Metagross, L50|100/100
|switch|p2b: Sneasler|Sneasler, L50, F|100/100
|-ability|p1b: Great Great Grampa|Unnerve
|turn|1
|
|t:|1784401126
|switch|p1b: The Drank|Sinistcha, L50|100/100
|detailschange|p2a: Metagross|Metagross-Mega, L50
|-mega|p2a: Metagross|Metagross|Metagrossite
|move|p2b: Sneasler|Fake Out|p1a: House Keys
|-resisted|p1a: House Keys|1
|-damage|p1a: House Keys|93/100
|cant|p1a: House Keys|flinch
|move|p2a: Metagross|Meteor Mash|p1b: The Drank
|-damage|p1b: The Drank|53/100
|
|upkeep
|turn|2
|
|t:|1784401157
|move|p2a: Metagross|Meteor Mash|p1a: House Keys
|-damage|p1a: House Keys|40/100
|move|p2b: Sneasler|Dire Claw|p1b: The Drank
|-damage|p1b: The Drank|21/100
|-enditem|p1b: The Drank|Sitrus Berry|[eat]
|-heal|p1b: The Drank|46/100|[from] item: Sitrus Berry
|move|p1b: The Drank|Matcha Gotcha|p2b: Sneasler|[spread] p2b
|-miss|p1b: The Drank|p2a: Metagross
|-resisted|p2b: Sneasler|1
|-damage|p2b: Sneasler|82/100
|-heal|p1b: The Drank|53/100|[from] drain|[of] p2b: Sneasler
|move|p1a: House Keys|Trick Room|p1a: House Keys
|-fieldstart|move: Trick Room|[of] p1a: House Keys
|
|upkeep
|turn|3
|
|t:|1784401184
|move|p1a: House Keys|Reflect|p1a: House Keys
|-sidestart|p1: MackleMorelull|Reflect
|move|p1b: The Drank|Matcha Gotcha|p2b: Sneasler|[spread] p2a,p2b
|-resisted|p2a: Metagross|1
|-resisted|p2b: Sneasler|1
|-damage|p2a: Metagross|87/100
|-heal|p1b: The Drank|59/100|[from] drain|[of] p2a: Metagross
|-damage|p2b: Sneasler|65/100
|-heal|p1b: The Drank|67/100|[from] drain|[of] p2b: Sneasler
|move|p2b: Sneasler|Dire Claw|p1b: The Drank
|-damage|p1b: The Drank|46/100
|-status|p1b: The Drank|par
|move|p2a: Metagross|Meteor Mash|p1a: House Keys|[miss]
|-miss|p2a: Metagross|p1a: House Keys
|
|upkeep
|turn|4
|
|t:|1784401212
|move|p1b: The Drank|Matcha Gotcha|p2b: Sneasler|[spread] p2b
|-miss|p1b: The Drank|p2a: Metagross
|-resisted|p2b: Sneasler|1
|-damage|p2b: Sneasler|47/100
|-heal|p1b: The Drank|54/100 par|[from] drain|[of] p2b: Sneasler
|move|p1a: House Keys|Draining Kiss|p2b: Sneasler
|-damage|p2b: Sneasler|26/100
|-heal|p1a: House Keys|56/100|[from] drain|[of] p2b: Sneasler
|move|p2b: Sneasler|Close Combat|p1a: House Keys
|-damage|p1a: House Keys|17/100
|-unboost|p2b: Sneasler|def|1
|-unboost|p2b: Sneasler|spd|1
|-enditem|p2b: Sneasler|White Herb
|-clearnegativeboost|p2b: Sneasler|[silent]
|move|p2a: Metagross|Psychic Fangs|p1b: The Drank
|-sideend|p1: MackleMorelull|Reflect
|-damage|p1b: The Drank|13/100 par
|
|upkeep
|turn|5
|
|t:|1784401235
|switch|p2b: Sableye|Sableye, L50, F|100/100
|move|p1a: House Keys|Reflect|p1a: House Keys
|-sidestart|p1: MackleMorelull|Reflect
|move|p2a: Metagross|Bullet Punch|p1b: The Drank
|-damage|p1b: The Drank|0 fnt
|faint|p1b: The Drank
|
|upkeep
|
|t:|1784401253
|switch|p1b: Gramp Gramp|Conkeldurr, L50, M|100/100
|turn|6
|
|t:|1784401276
|switch|p1a: Great Great Grampa|Aerodactyl, L50, F|100/100
|-ability|p1a: Great Great Grampa|Unnerve
|move|p2b: Sableye|Fake Out|p1b: Gramp Gramp
|-damage|p1b: Gramp Gramp|95/100
|cant|p1b: Gramp Gramp|flinch
|move|p2a: Metagross|Psychic Fangs|p1b: Gramp Gramp
|-sideend|p1: MackleMorelull|Reflect
|-supereffective|p1b: Gramp Gramp|1
|-damage|p1b: Gramp Gramp|0 fnt
|faint|p1b: Gramp Gramp
|
|-fieldend|move: Trick Room
|upkeep
|
|t:|1784401285
|switch|p1b: House Keys|Klefki, L50, F|17/100
|turn|7
|
|t:|1784401302
|detailschange|p1a: Great Great Grampa|Aerodactyl-Mega, L50, F
|-mega|p1a: Great Great Grampa|Aerodactyl|Aerodactylite
|move|p2a: Metagross|Bullet Punch|p1b: House Keys
|-damage|p1b: House Keys|0 fnt
|faint|p1b: House Keys
|move|p2b: Sableye|Will-O-Wisp|p1a: Great Great Grampa
|-status|p1a: Great Great Grampa|brn
|move|p1a: Great Great Grampa|Rock Slide|p2a: Metagross|[spread] p2a,p2b
|-resisted|p2a: Metagross|1
|-damage|p2a: Metagross|81/100
|-damage|p2b: Sableye|77/100
|
|-damage|p1a: Great Great Grampa|94/100 brn|[from] brn
|upkeep
|turn|8
|
|t:|1784401318
|move|p1a: Great Great Grampa|Rock Slide|p2b: Sableye|[spread] p2a,p2b
|-resisted|p2a: Metagross|1
|-damage|p2a: Metagross|75/100
|-damage|p2b: Sableye|54/100
|move|p2a: Metagross|Meteor Mash|p1a: Great Great Grampa
|-supereffective|p1a: Great Great Grampa|1
|-damage|p1a: Great Great Grampa|0 fnt
|faint|p1a: Great Great Grampa
|
|win|valxrie
||MackleMorelull is ready for game 3.
||valxrie is ready for game 3.
|uhtml|next|Next: Game 3 of 3
