|j|☆conndr1
|j|☆testdigi
|html|conndr1testdigi    
|uhtml|bestof|Game 2 of a best-of-3
|t:|1785177982
|gametype|doubles
|player|p1|conndr1|170|1322
|player|p2|testdigi|169|1190
|gen|9
|tier|[Gen 9 Champions] VGC 2026 Reg M-B (Bo3)
|rated|
|rule|Species Clause: Limit one of each Pokémon
|rule|Item Clause: Limit 1 of each item
|clearpoke
|poke|p1|Kingambit, L50, F|
|poke|p1|Glimmora, L50, M|
|poke|p1|Ninetales-Alola, L50, F|
|poke|p1|Tsareena, L50, F|
|poke|p1|Raichu, L50, F|
|poke|p1|Staraptor, L50, M, shiny|
|poke|p2|Raichu, L50, M|
|poke|p2|Toxapex, L50, F|
|poke|p2|Mamoswine, L50, F|
|poke|p2|Sylveon, L50, M|
|poke|p2|Corviknight, L50, F|
|poke|p2|Basculegion, L50, M|
|teampreview|4
|showteam|p1|Kingambit||LifeOrb|Defiant|KowtowCleave,SuckerPunch,SwordsDance,Protect|Adamant||F|||50|]Glimmora||FocusSash|ToxicDebris|SpikyShield,EarthPower,PowerGem,SludgeBomb|Timid||M|||50|]Ninetales-Alola||ChoiceScarf|SnowWarning|Blizzard,IcyWind,FreezeDry,Moonblast|Modest||F|||50|]Tsareena||WideLens|QueenlyMajesty|TropKick,HighJumpKick,TripleAxel,Taunt|Adamant||F|||50|]Raichu||RaichuniteY|Static|Protect,FakeOut,FocusBlast,ZapCannon|Timid||F|||50|]Staraptor||Staraptite|Intimidate|Protect,Tailwind,BraveBird,CloseCombat|Jolly||M|||50|
|showteam|p2|Raichu||RaichuniteY|LightningRod|ZapCannon,FocusBlast,FakeOut,Protect|Timid||M|||50|]Toxapex||Leftovers|Regenerator|Infestation,Toxic,WideGuard,BanefulBunker|Relaxed||F|||50|]Mamoswine||LifeOrb|Oblivious|StompingTantrum,IceShard,RockSlide,Protect|Adamant||F|||50|]Sylveon||FairyFeather|Pixilate|HyperVoice,QuickAttack,Yawn,Detect|Modest||M|||50|]Corviknight||OccaBerry|MirrorArmor|IronHead,BraveBird,Tailwind,Protect|Adamant||F|||50|]Basculegion||FocusSash|Adaptability|LastRespects,Liquidation,AquaJet,Protect|Adamant||M|||50|
|inactive|Battle timer is ON: inactive players will automatically lose when time's up. (requested by conndr1)
|
|t:|1785178002
|teamsize|p1|4
|teamsize|p2|4
|start
|switch|p1a: Ninetales|Ninetales-Alola, L50, F|100/100
|switch|p1b: Raichu|Raichu, L50, F|100/100
|switch|p2a: Sylveon|Sylveon, L50, M|100/100
|switch|p2b: Raichu|Raichu, L50, M|100/100
|-weather|Snowscape|[from] ability: Snow Warning|[of] p1a: Ninetales
|turn|1
|
|t:|1785178023
|switch|p1b: Tsareena|Tsareena, L50, F|100/100
|move|p2b: Raichu|Protect|p2b: Raichu
|-singleturn|p2b: Raichu|Protect
|move|p1a: Ninetales|Icy Wind|p2a: Sylveon|[spread] p2a
|-activate|p2b: Raichu|move: Protect
|-damage|p2a: Sylveon|85/100
|-unboost|p2a: Sylveon|spe|1
|move|p2a: Sylveon|Yawn|p1a: Ninetales
|-start|p1a: Ninetales|move: Yawn|[of] p2a: Sylveon
|
|-weather|Snowscape|[upkeep]
|upkeep
|turn|2
|
|t:|1785178040
|detailschange|p2b: Raichu|Raichu-Mega-Y, L50, M
|-mega|p2b: Raichu|Raichu|Raichunite Y
|move|p2a: Sylveon|Detect|p2a: Sylveon
|-singleturn|p2a: Sylveon|Protect
|move|p1a: Ninetales|Icy Wind|p2b: Raichu|[spread] p2b
|-activate|p2a: Sylveon|move: Protect
|-damage|p2b: Raichu|75/100
|-unboost|p2b: Raichu|spe|1
|move|p2b: Raichu|Zap Cannon|p1b: Tsareena
|-resisted|p1b: Tsareena|1
|-damage|p1b: Tsareena|66/100
|-status|p1b: Tsareena|par
|move|p1b: Tsareena|High Jump Kick|p2b: Raichu
|-damage|p2b: Raichu|8/100
|
|-weather|Snowscape|[upkeep]
|-end|p1a: Ninetales|move: Yawn|[silent]
|-status|p1a: Ninetales|slp
|upkeep
|turn|3
|inactive|conndr1 has 30 seconds left.
|
|t:|1785178073
|switch|p1b: Raichu|Raichu, L50, F|100/100
|cant|p1a: Ninetales|slp
|move|p2b: Raichu|Focus Blast|p1a: Ninetales
|-damage|p1a: Ninetales|50/100y slp
|-unboost|p1a: Ninetales|spd|1
|move|p2a: Sylveon|Hyper Voice|p1b: Raichu|[spread] p1a,p1b
|-crit|p1a: Ninetales
|-damage|p1a: Ninetales|0 fnt
|-damage|p1b: Raichu|47/100
|faint|p1a: Ninetales
|
|-weather|Snowscape|[upkeep]
|upkeep
|
|t:|1785178090
|switch|p1a: Glimmora|Glimmora, L50, M|100/100
|turn|4
|
|t:|1785178105
|switch|p2b: Mamoswine|Mamoswine, L50, F|100/100
|detailschange|p1b: Raichu|Raichu-Mega-Y, L50, F
|-mega|p1b: Raichu|Raichu|Raichunite Y
|move|p2a: Sylveon|Detect|p2a: Sylveon
|-singleturn|p2a: Sylveon|Protect
|move|p1b: Raichu|Focus Blast|p2b: Mamoswine
|-supereffective|p2b: Mamoswine|1
|-damage|p2b: Mamoswine|0 fnt
|faint|p2b: Mamoswine
|move|p1a: Glimmora|Sludge Bomb|p2a: Sylveon
|-activate|p2a: Sylveon|move: Protect
|
|-weather|Snowscape|[upkeep]
|upkeep
|
|t:|1785178112
|switch|p2b: Raichu|Raichu-Mega-Y, L50, M|8/100
|turn|5
|
|t:|1785178129
|switch|p1a: Tsareena|Tsareena, L50, F|66/100 par
|move|p2b: Raichu|Fake Out||[still]
|cant|p1a: Tsareena|ability: Queenly Majesty|Fake Out|[of] p2b: Raichu
|move|p1b: Raichu|Zap Cannon|p2a: Sylveon
|-damage|p2a: Sylveon|39/100
|-status|p2a: Sylveon|par
|move|p2a: Sylveon|Hyper Voice|p1a: Tsareena|[spread] p1a,p1b
|-damage|p1a: Tsareena|18/100 par
|-damage|p1b: Raichu|0 fnt
|faint|p1b: Raichu
|
|-weather|none
|upkeep
|
|t:|1785178144
|switch|p1b: Glimmora|Glimmora, L50, M|100/100
|turn|6
|
|t:|1785178158
|move|p2b: Raichu|Zap Cannon|p1b: Glimmora
|-damage|p1b: Glimmora|11/100
|-status|p1b: Glimmora|par
|cant|p1b: Glimmora|par
|move|p1a: Tsareena|High Jump Kick|p2b: Raichu
|-damage|p2b: Raichu|0 fnt
|faint|p2b: Raichu
|move|p2a: Sylveon|Hyper Voice|p1b: Glimmora|[spread] p1a,p1b
|-crit|p1a: Tsareena
|-resisted|p1b: Glimmora|1
|-crit|p1b: Glimmora
|-damage|p1a: Tsareena|0 fnt
|-damage|p1b: Glimmora|0 fnt
|faint|p1a: Tsareena
|faint|p1b: Glimmora
|
|win|testdigi
||testdigi is ready for game 3.
|inactive|conndr1 has 30 seconds to confirm battle start!
|inactive|conndr1 has 20 seconds to confirm battle start!
|inactive|conndr1 has 10 seconds to confirm battle start!
|uhtml|next|Next: Game 3 of 3
