|j|☆bellytelevision
|j|☆olafac
|html|bellytelevisionolafac    
|uhtml|bestof|Game 1 of a best-of-3
|t:|1782239644
|gametype|doubles
|player|p1|bellytelevision|biker|1000
|player|p2|olafac|cyrus|1000
|gen|9
|tier|[Gen 9 Champions] VGC 2026 Reg M-B (Bo3)
|rated|
|rule|Species Clause: Limit one of each Pokémon
|rule|Item Clause: Limit 1 of each item
|clearpoke
|poke|p1|Venusaur, L50, M, shiny|
|poke|p1|Swampert, L50, M|
|poke|p1|Sinistcha, L50|
|poke|p1|Pelipper, L50, F|
|poke|p1|Archaludon, L50, M, shiny|
|poke|p1|Sableye, L50, F, shiny|
|poke|p2|Blaziken, L50, M|
|poke|p2|Annihilape, L50, F|
|poke|p2|Incineroar, L50, F|
|poke|p2|Sylveon, L50, F|
|poke|p2|Metagross, L50|
|poke|p2|Sinistcha, L50|
|teampreview|4
|showteam|p1|Venusaur||Venusaurite|Chlorophyll|GigaDrain,SludgeBomb,Protect,EarthPower|Modest||M|||50|]Swampert||Swampertite|Torrent|WaveCrash,IcePunch,HighHorsepower,Protect|Adamant||M|||50|]Sinistcha||CobaBerry|Hospitality|RagePowder,MatchaGotcha,LifeDew,TrickRoom|Sassy|||||50|]Pelipper||SitrusBerry|Drizzle|Tailwind,Hurricane,WeatherBall,WideGuard|Bold||F|||50|]Archaludon||Leftovers|Stamina|ElectroShot,FlashCannon,DragonPulse,Protect|Modest||M|||50|]Sableye||LightClay|Prankster|RainDance,Reflect,LightScreen,WillOWisp|Sassy||F|||50|
|showteam|p2|Blaziken||Blazikenite|SpeedBoost|Protect,SwordsDance,CloseCombat,FlareBlitz|Adamant||M|||50|]Annihilape||LifeOrb|Defiant|RageFist,DrainPunch,BulkUp,Protect|Jolly||F|||50|]Incineroar||SitrusBerry|Intimidate|FakeOut,DarkestLariat,FlareBlitz,PartingShot|Adamant||F|||50|]Sylveon||FairyFeather|Pixilate|HyperVoice,HyperBeam,CalmMind,Protect|Modest||F|||50|]Metagross||Metagrossite|ClearBody|PsychicFangs,BodyPress,IronHead,Protect|Jolly|||||50|]Sinistcha||Leftovers|Hospitality|MatchaGotcha,ShadowBall,LifeDew,CalmMind|Modest|||||50|
|
|t:|1782239721
|teamsize|p1|4
|teamsize|p2|4
|start
|switch|p1a: Sableye|Sableye, L50, F, shiny|100/100
|switch|p1b: Pelipper|Pelipper, L50, F|100/100
|switch|p2a: Annihilape|Annihilape, L50, F|100/100
|switch|p2b: Incineroar|Incineroar, L50, F|100/100
|-weather|RainDance|[from] ability: Drizzle|[of] p1b: Pelipper
|-ability|p2b: Incineroar|Intimidate|boost
|-unboost|p1a: Sableye|atk|1
|-unboost|p1b: Pelipper|atk|1
|turn|1
|
|t:|1782239737
|switch|p1b: Archaludon|Archaludon, L50, M, shiny|100/100
|move|p2b: Incineroar|Fake Out|p1b: Archaludon
|-resisted|p1b: Archaludon|1
|-damage|p1b: Archaludon|94/100
|-ability|p1b: Archaludon|Stamina|boost
|-boost|p1b: Archaludon|def|1
|move|p1a: Sableye|Reflect|p1a: Sableye
|-sidestart|p1: bellytelevision|Reflect
|move|p2a: Annihilape|Bulk Up|p2a: Annihilape
|-boost|p2a: Annihilape|atk|1
|-boost|p2a: Annihilape|def|1
|
|-weather|RainDance|[upkeep]
|-heal|p1b: Archaludon|100/100|[from] item: Leftovers
|upkeep
|turn|2
|
|t:|1782239755
|move|p1a: Sableye|Will-O-Wisp|p2a: Annihilape
|-status|p2a: Annihilape|brn
|move|p2a: Annihilape|Rage Fist|p1a: Sableye
|-damage|p1a: Sableye|80/100
|-damage|p2a: Annihilape|90/100 brn|[from] item: Life Orb
|move|p1b: Archaludon|Electro Shot||[still]
|-prepare|p1b: Archaludon|Electro Shot
|-boost|p1b: Archaludon|spa|1
|-anim|p1b: Archaludon|Electro Shot|p2a: Annihilape
|-damage|p2a: Annihilape|25/100 brn
|move|p2b: Incineroar|Parting Shot|p1b: Archaludon
|-unboost|p1b: Archaludon|atk|1
|-unboost|p1b: Archaludon|spa|1
|
|t:|1782239772
|switch|p2b: Sylveon|Sylveon, L50, F|100/100|[from] Parting Shot
|
|-weather|RainDance|[upkeep]
|-damage|p2a: Annihilape|19/100 brn|[from] brn
|upkeep
|turn|3
|
|t:|1782239784
|move|p1a: Sableye|Light Screen|p1a: Sableye
|-sidestart|p1: bellytelevision|move: Light Screen
|move|p2a: Annihilape|Drain Punch|p1b: Archaludon
|-supereffective|p1b: Archaludon|1
|-damage|p1b: Archaludon|75/100
|-heal|p2a: Annihilape|32/100 brn|[from] drain|[of] p1b: Archaludon
|-ability|p1b: Archaludon|Stamina|boost
|-boost|p1b: Archaludon|def|1
|-damage|p2a: Annihilape|22/100 brn|[from] item: Life Orb
|move|p1b: Archaludon|Electro Shot||[still]
|-prepare|p1b: Archaludon|Electro Shot
|-boost|p1b: Archaludon|spa|1
|-anim|p1b: Archaludon|Electro Shot|p2b: Sylveon
|-damage|p2b: Sylveon|59/100
|move|p2b: Sylveon|Hyper Voice|p1a: Sableye|[spread] p1a,p1b
|-supereffective|p1a: Sableye|1
|-damage|p1a: Sableye|8/100
|-damage|p1b: Archaludon|43/100
|-ability|p1b: Archaludon|Stamina|boost
|-boost|p1b: Archaludon|def|1
|
|-weather|RainDance|[upkeep]
|-heal|p1b: Archaludon|50/100y|[from] item: Leftovers
|-damage|p2a: Annihilape|16/100 brn|[from] brn
|upkeep
|turn|4
|
|t:|1782239820
|move|p1b: Archaludon|Protect|p1b: Archaludon
|-singleturn|p1b: Archaludon|Protect
|move|p1a: Sableye|Will-O-Wisp|p2b: Sylveon
|-status|p2b: Sylveon|brn
|move|p2a: Annihilape|Drain Punch|p1b: Archaludon
|-activate|p1b: Archaludon|move: Protect
|move|p2b: Sylveon|Hyper Voice|p1b: Archaludon|[spread] p1a
|-activate|p1b: Archaludon|move: Protect
|-supereffective|p1a: Sableye|1
|-damage|p1a: Sableye|0 fnt
|faint|p1a: Sableye
|
|-weather|RainDance|[upkeep]
|-heal|p1b: Archaludon|56/100|[from] item: Leftovers
|-damage|p2a: Annihilape|10/100 brn|[from] brn
|-damage|p2b: Sylveon|53/100 brn|[from] brn
|upkeep
|
|t:|1782239835
|switch|p1a: Swampert|Swampert, L50, M|100/100
|turn|5
|
|t:|1782239854
|detailschange|p1a: Swampert|Swampert-Mega, L50, M
|-mega|p1a: Swampert|Swampert|Swampertite
|move|p1a: Swampert|High Horsepower|p2a: Annihilape|[miss]
|-miss|p1a: Swampert|p2a: Annihilape
|move|p2a: Annihilape|Rage Fist|p1a: Swampert
|-damage|p1a: Swampert|74/100
|-damage|p2a: Annihilape|1/100 brn|[from] item: Life Orb
|move|p1b: Archaludon|Flash Cannon|p2b: Sylveon
|-supereffective|p2b: Sylveon|1
|-damage|p2b: Sylveon|0 fnt
|faint|p2b: Sylveon
|
|-weather|none
|-heal|p1b: Archaludon|62/100|[from] item: Leftovers
|-damage|p2a: Annihilape|0 fnt|[from] brn
|faint|p2a: Annihilape
|upkeep
|
|t:|1782239869
|switch|p2a: Incineroar|Incineroar, L50, F|100/100
|switch|p2b: Blaziken|Blaziken, L50, M|100/100
|-ability|p2a: Incineroar|Intimidate|boost
|-unboost|p1a: Swampert|atk|1
|-unboost|p1b: Archaludon|atk|1
|turn|6
|
|t:|1782239882
|switch|p1a: Pelipper|Pelipper, L50, F|100/100
|-weather|RainDance|[from] ability: Drizzle|[of] p1a: Pelipper
|detailschange|p2b: Blaziken|Blaziken-Mega, L50, M
|-mega|p2b: Blaziken|Blaziken|Blazikenite
|move|p2b: Blaziken|Protect|p2b: Blaziken
|-singleturn|p2b: Blaziken|Protect
|move|p2a: Incineroar|Fake Out|p1a: Pelipper
|-damage|p1a: Pelipper|90/100
|move|p1b: Archaludon|Dragon Pulse|p2b: Blaziken
|-activate|p2b: Blaziken|move: Protect
|
|-weather|RainDance|[upkeep]
|-heal|p1b: Archaludon|68/100|[from] item: Leftovers
|-ability|p2b: Blaziken|Speed Boost|boost
|-boost|p2b: Blaziken|spe|1
|upkeep
|turn|7
|
|t:|1782239918
|move|p2b: Blaziken|Swords Dance|p2b: Blaziken
|-boost|p2b: Blaziken|atk|2
|move|p1b: Archaludon|Dragon Pulse|p2b: Blaziken
|-damage|p2b: Blaziken|25/100
|move|p1a: Pelipper|Tailwind|p1a: Pelipper
|-sidestart|p1: bellytelevision|move: Tailwind
|move|p2a: Incineroar|Darkest Lariat|p1a: Pelipper
|-damage|p1a: Pelipper|62/100
|
|-weather|RainDance|[upkeep]
|-heal|p1b: Archaludon|75/100|[from] item: Leftovers
|-ability|p2b: Blaziken|Speed Boost|boost
|-boost|p2b: Blaziken|spe|1
|upkeep
|turn|8
|
|t:|1782239939
|move|p2b: Blaziken|Close Combat|p1b: Archaludon
|-supereffective|p1b: Archaludon|1
|-damage|p1b: Archaludon|14/100
|-unboost|p2b: Blaziken|def|1
|-unboost|p2b: Blaziken|spd|1
|-ability|p1b: Archaludon|Stamina|boost
|-boost|p1b: Archaludon|def|1
|move|p1b: Archaludon|Electro Shot||[still]
|-prepare|p1b: Archaludon|Electro Shot
|-boost|p1b: Archaludon|spa|1
|-anim|p1b: Archaludon|Electro Shot|p2b: Blaziken
|-damage|p2b: Blaziken|0 fnt
|faint|p2b: Blaziken
|move|p1a: Pelipper|Weather Ball|p2a: Incineroar
|-supereffective|p2a: Incineroar|1
|-damage|p2a: Incineroar|6/100
|-enditem|p2a: Incineroar|Sitrus Berry|[eat]
|-heal|p2a: Incineroar|31/100|[from] item: Sitrus Berry
|move|p2a: Incineroar|Darkest Lariat|p1a: Pelipper
|-damage|p1a: Pelipper|35/100
|-enditem|p1a: Pelipper|Sitrus Berry|[eat]
|-heal|p1a: Pelipper|60/100|[from] item: Sitrus Berry
|
|-weather|RainDance|[upkeep]
|-heal|p1b: Archaludon|20/100y|[from] item: Leftovers
|-sideend|p1: bellytelevision|Reflect
|upkeep
|turn|9
|
|t:|1782239963
|move|p1b: Archaludon|Dragon Pulse|p2a: Incineroar
|-damage|p2a: Incineroar|0 fnt
|faint|p2a: Incineroar
|
|win|bellytelevision
|c|☆bellytelevision|gg
||bellytelevision is ready for game 2.
||olafac is ready for game 2.
|uhtml|next|Next: Game 2 of 3
|l|☆olafac
|player|p2|
