|j|☆jomivgc
|j|☆edhen
|html|jomivgcedhen    
|uhtml|bestof|Game 2 of a best-of-3
|t:|1783715239
|gametype|doubles
|player|p1|jomivgc|falkner-gen2|1163
|player|p2|edhen|clair|1184
|gen|9
|tier|[Gen 9 Champions] VGC 2026 Reg M-B (Bo3)
|rated|
|rule|Species Clause: Limit one of each Pokémon
|rule|Item Clause: Limit 1 of each item
|clearpoke
|poke|p1|Kleavor, L50, F|
|poke|p1|Sinistcha, L50|
|poke|p1|Archaludon, L50, M|
|poke|p1|Swampert, L50, M|
|poke|p1|Froslass, L50, F|
|poke|p1|Pelipper, L50, F|
|poke|p2|Milotic, L50, F|
|poke|p2|Victreebel, L50, F|
|poke|p2|Ceruledge, L50, F|
|poke|p2|Garchomp, L50, F|
|poke|p2|Gallade, L50, M|
|poke|p2|Ninetales-Alola, L50, F|
|teampreview|4
|showteam|p1|Kleavor||ChoiceScarf|Sharpness|StoneAxe,XScissor,CloseCombat,NightSlash|Jolly||F|||50|]Sinistcha||KasibBerry|Hospitality|MatchaGotcha,Protect,RagePowder,TrickRoom|Modest|||||50|]Archaludon||Leftovers|Stamina|FlashCannon,Protect,ElectroShot,DragonPulse|Modest||M|||50|]Swampert||Swampertite|Damp|WaveCrash,Earthquake,RockSlide,Protect|Adamant||M|||50|]Froslass||Froslassite|CursedBody|Blizzard,RainDance,AuroraVeil,Protect|Modest||F|||50|]Pelipper||FocusSash|Drizzle|Hurricane,WeatherBall,WideGuard,Tailwind|Modest||F|||50|
|showteam|p2|Milotic||Leftovers|Competitive|Protect,Coil,Hypnosis,Scald|Bold||F|||50|]Victreebel||Victreebelite|Chlorophyll|PowerWhip,PoisonJab,SuckerPunch,StrengthSap|Naughty||F|||50|]Ceruledge||ColburBerry|FlashFire|Protect,ShadowSneak,BitterBlade,BulkUp|Adamant||F|||50|]Garchomp||LifeOrb|RoughSkin|Protect,DragonClaw,StompingTantrum,RockSlide|Jolly||F|||50|]Gallade||FocusSash|Sharpness|XScissor,ShadowSneak,PsychoCut,SacredSword|Jolly||M|||50|]Ninetales-Alola||NeverMeltIce|SnowWarning|Protect,FreezeDry,Blizzard,Encore|Timid||F|||50|
|inactive|Battle timer is ON: inactive players will automatically lose when time's up. (requested by jomivgc)
|inactive|jomivgc has 60 seconds left.
|
|t:|1783715277
|teamsize|p1|4
|teamsize|p2|4
|start
|switch|p1a: Swampert|Swampert, L50, M|100/100
|switch|p1b: Archaludon|Archaludon, L50, M|100/100
|switch|p2a: Victreebel|Victreebel, L50, F|100/100
|switch|p2b: Milotic|Milotic, L50, F|100/100
|turn|1
|inactive|jomivgc has 30 seconds left.
|inactive|edhen has 30 seconds left.
|inactive|jomivgc has 20 seconds left.
|inactive|edhen has 20 seconds left.
|inactive|edhen has 15 seconds left.
|inactive|jomivgc has 15 seconds left.
|
|t:|1783715324
|switch|p1a: Pelipper|Pelipper, L50, F|100/100
|-weather|RainDance|[from] ability: Drizzle|[of] p1a: Pelipper
|detailschange|p2a: Victreebel|Victreebel-Mega, L50, F
|-mega|p2a: Victreebel|Victreebel|Victreebelite
|move|p2a: Victreebel|Power Whip|p1a: Pelipper|[miss]
|-miss|p2a: Victreebel|p1a: Pelipper
|move|p1b: Archaludon|Flash Cannon|p2a: Victreebel
|-damage|p2a: Victreebel|56/100
|move|p2b: Milotic|Hypnosis|p1b: Archaludon
|-status|p1b: Archaludon|slp|[from] move: Hypnosis
|
|-weather|RainDance|[upkeep]
|upkeep
|turn|2
|
|t:|1783715346
|switch|p1a: Sinistcha|Sinistcha, L50|100/100
|switch|p2a: Ninetales|Ninetales-Alola, L50, F|100/100
|-weather|Snowscape|[from] ability: Snow Warning|[of] p2a: Ninetales
|cant|p1b: Archaludon|slp
|move|p2b: Milotic|Coil|p2b: Milotic
|-boost|p2b: Milotic|atk|1
|-boost|p2b: Milotic|def|1
|-boost|p2b: Milotic|accuracy|1
|
|-weather|Snowscape|[upkeep]
|upkeep
|turn|3
|inactive|jomivgc has 30 seconds left.
|
|t:|1783715373
|move|p2a: Ninetales|Blizzard|p1b: Archaludon|[spread] p1a,p1b
|-supereffective|p1a: Sinistcha|1
|-damage|p1a: Sinistcha|21/100
|-damage|p1b: Archaludon|61/100 slp
|-status|p1a: Sinistcha|frz
|-ability|p1b: Archaludon|Stamina|boost
|-boost|p1b: Archaludon|def|1
|-curestatus|p1b: Archaludon|slp|[msg]
|move|p1b: Archaludon|Dragon Pulse|p2b: Milotic
|-damage|p2b: Milotic|75/100
|move|p2b: Milotic|Coil|p2b: Milotic
|-boost|p2b: Milotic|atk|1
|-boost|p2b: Milotic|def|1
|-boost|p2b: Milotic|accuracy|1
|-curestatus|p1a: Sinistcha|frz|[from] move: Matcha Gotcha
|move|p1a: Sinistcha|Matcha Gotcha|p2b: Milotic|[spread] p2a,p2b
|-supereffective|p2b: Milotic|1
|-damage|p2a: Ninetales|68/100
|-heal|p1a: Sinistcha|34/100|[from] drain|[of] p2a: Ninetales
|-damage|p2b: Milotic|39/100
|-heal|p1a: Sinistcha|55/100|[from] drain|[of] p2b: Milotic
|
|-weather|Snowscape|[upkeep]
|-heal|p1b: Archaludon|67/100|[from] item: Leftovers
|-heal|p2b: Milotic|45/100|[from] item: Leftovers
|upkeep
|turn|4
|inactive|jomivgc has 30 seconds left.
|
|t:|1783715407
|switch|p1a: Pelipper|Pelipper, L50, F|100/100
|-weather|RainDance|[from] ability: Drizzle|[of] p1a: Pelipper
|move|p2b: Milotic|Protect|p2b: Milotic
|-singleturn|p2b: Milotic|Protect
|move|p2a: Ninetales|Blizzard|p1b: Archaludon|[spread] p1a
|-miss|p2a: Ninetales|p1b: Archaludon
|-damage|p1a: Pelipper|35/100
|move|p1b: Archaludon|Electro Shot||[still]
|-prepare|p1b: Archaludon|Electro Shot
|-boost|p1b: Archaludon|spa|1
|-anim|p1b: Archaludon|Electro Shot|p2b: Milotic
|-activate|p2b: Milotic|move: Protect
|
|-weather|RainDance|[upkeep]
|-heal|p1b: Archaludon|73/100|[from] item: Leftovers
|-heal|p2b: Milotic|51/100|[from] item: Leftovers
|upkeep
|turn|5
|
|t:|1783715430
|move|p2a: Ninetales|Blizzard|p1b: Archaludon|[spread] p1a
|-miss|p2a: Ninetales|p1b: Archaludon
|-damage|p1a: Pelipper|0 fnt
|faint|p1a: Pelipper
|move|p1b: Archaludon|Electro Shot||[still]
|-prepare|p1b: Archaludon|Electro Shot
|-boost|p1b: Archaludon|spa|1
|-anim|p1b: Archaludon|Electro Shot|p2b: Milotic
|-supereffective|p2b: Milotic|1
|-damage|p2b: Milotic|0 fnt
|faint|p2b: Milotic
|
|-weather|RainDance|[upkeep]
|-heal|p1b: Archaludon|79/100|[from] item: Leftovers
|upkeep
|inactive|edhen has 30 seconds left.
|
|t:|1783715455
|switch|p1a: Swampert|Swampert, L50, M|100/100
|switch|p2b: Gallade|Gallade, L50, M|100/100
|turn|6
|inactive|jomivgc has 30 seconds left.
|
|t:|1783715484
|switch|p2a: Victreebel|Victreebel-Mega, L50, F|56/100
|detailschange|p1a: Swampert|Swampert-Mega, L50, M
|-mega|p1a: Swampert|Swampert|Swampertite
|move|p1a: Swampert|Wave Crash|p2b: Gallade
|-enditem|p2b: Gallade|Focus Sash
|-damage|p2b: Gallade|1/100
|-damage|p1a: Swampert|72/100|[from] Recoil
|move|p2b: Gallade|Sacred Sword|p1b: Archaludon
|-supereffective|p1b: Archaludon|1
|-damage|p1b: Archaludon|0 fnt
|faint|p1b: Archaludon
|
|-weather|RainDance|[upkeep]
|upkeep
|
|t:|1783715497
|switch|p1b: Sinistcha|Sinistcha, L50|55/100
|-heal|p1a: Swampert|97/100|[from] ability: Hospitality|[of] p1b: Sinistcha
|turn|7
|inactive|jomivgc has 30 seconds left.
|
|t:|1783715522
|move|p1b: Sinistcha|Rage Powder|p1b: Sinistcha
|-singleturn|p1b: Sinistcha|move: Rage Powder
|move|p2b: Gallade|Shadow Sneak|p1b: Sinistcha
|-supereffective|p1b: Sinistcha|1
|-enditem|p1b: Sinistcha|Kasib Berry|[eat]
|-enditem|p1b: Sinistcha|Kasib Berry|[weaken]
|-damage|p1b: Sinistcha|42/100
|move|p1a: Swampert|Rock Slide|p2a: Victreebel|[spread] p2a,p2b
|-resisted|p2b: Gallade|1
|-damage|p2a: Victreebel|25/100
|-damage|p2b: Gallade|0 fnt
|faint|p2b: Gallade
|move|p2a: Victreebel|Poison Jab|p1b: Sinistcha
|-damage|p1b: Sinistcha|0 fnt
|faint|p1b: Sinistcha
|
|-weather|RainDance|[upkeep]
|upkeep
|
|t:|1783715532
|switch|p2b: Ninetales|Ninetales-Alola, L50, F|68/100
|-weather|Snowscape|[from] ability: Snow Warning|[of] p2b: Ninetales
|turn|8
|
|t:|1783715542
|move|p2b: Ninetales|Freeze-Dry|p1a: Swampert
|-supereffective|p1a: Swampert|2
|-damage|p1a: Swampert|0 fnt
|faint|p1a: Swampert
|
|win|edhen
