|j|‽AIRegMB
|j|☆new mental
|html|AIRegMBnew mental    
|uhtml|bestof|Game 2 of a best-of-3
|t:|1783677842
|gametype|doubles
|player|p1|AIRegMB|alec-anime|1254
|player|p2|new mental|volkner|1253
|gen|9
|tier|[Gen 9 Champions] VGC 2026 Reg M-B (Bo3)
|rated|
|rule|Species Clause: Limit one of each Pokémon
|rule|Item Clause: Limit 1 of each item
|clearpoke
|poke|p1|Sinistcha, L50|
|poke|p1|Ceruledge, L50, F|
|poke|p1|Ninetales-Alola, L50, M|
|poke|p1|Scovillain, L50, F|
|poke|p1|Annihilape, L50, F|
|poke|p1|Incineroar, L50, F, shiny|
|poke|p2|Charizard, L50, F|
|poke|p2|Kingambit, L50, M|
|poke|p2|Sylveon, L50, F|
|poke|p2|Garchomp, L50, F|
|poke|p2|Aerodactyl, L50, M|
|poke|p2|Farigiraf, L50, M|
|teampreview|4
|showteam|p1|Sinistcha||KasibBerry|Hospitality|RagePowder,MatchaGotcha,TrickRoom,Protect|Bold|||||50|]Ceruledge||ColburBerry|FlashFire|BulkUp,BitterBlade,ShadowSneak,Protect|Adamant||F|||50|]Ninetales-Alola||NeverMeltIce|SnowWarning|Blizzard,FreezeDry,AuroraVeil,Protect|Timid||M|||50|]Scovillain||Scovillainite|Moody|RagePowder,GigaDrain,Overheat,Protect|Calm||F|||50|]Annihilape||FocusSash|Defiant|RageFist,CloseCombat,Coaching,Protect|Adamant||F|||50|]Incineroar||SitrusBerry|Intimidate|FakeOut,FlareBlitz,ThroatChop,PartingShot|Careful||F|||50|
|showteam|p2|Charizard||CharizarditeY|SolarPower|Protect,HeatWave,SolarBeam,WeatherBall|Modest||F|||50|]Kingambit||FocusSash|Defiant|IronHead,SuckerPunch,KowtowCleave,LowKick|Adamant||M|||50|]Sylveon||FairyFeather|Pixilate|Detect,HyperVoice,HyperBeam,QuickAttack|Modest||F|||50|]Garchomp||LifeOrb|RoughSkin|Protect,DragonClaw,Earthquake,RockSlide|Jolly||F|||50|]Aerodactyl||Aerodactylite|Unnerve|IceFang,RockSlide,Tailwind,DualWingbeat|Jolly||M|||50|]Farigiraf||SitrusBerry|ArmorTail|TrickRoom,Psychic,Thunderbolt,Roar|Bold||M|||50|
|inactive|Battle timer is ON: inactive players will automatically lose when time's up. (requested by AIRegMB)
|inactive|new mental has 60 seconds left.
|
|t:|1783677936
|teamsize|p1|4
|teamsize|p2|4
|start
|switch|p1a: Ceruledge|Ceruledge, L50, F|100/100
|switch|p1b: Scovillain|Scovillain, L50, F|100/100
|switch|p2a: Sylveon|Sylveon, L50, F|100/100
|switch|p2b: Charizard|Charizard, L50, F|100/100
|turn|1
|inactive|AIRegMB has 30 seconds left.
|inactive|AIRegMB has 20 seconds left.
|inactive|AIRegMB has 15 seconds left.
|inactive|AIRegMB has 10 seconds left.
|inactive|AIRegMB has 5 seconds left.
|
|t:|1783677988
|switch|p1b: Incineroar|Incineroar, L50, F, shiny|100/100
|-ability|p1b: Incineroar|Intimidate|boost
|-unboost|p2a: Sylveon|atk|1
|-unboost|p2b: Charizard|atk|1
|detailschange|p2b: Charizard|Charizard-Mega-Y, L50, F
|-mega|p2b: Charizard|Charizard|Charizardite Y
|-weather|SunnyDay|[from] ability: Drought|[of] p2b: Charizard
|move|p2b: Charizard|Weather Ball|p1b: Incineroar
|-resisted|p1b: Incineroar|1
|-damage|p1b: Incineroar|66/100
|move|p1a: Ceruledge|Bulk Up|p1a: Ceruledge
|-boost|p1a: Ceruledge|atk|1
|-boost|p1a: Ceruledge|def|1
|move|p2a: Sylveon|Hyper Beam|p1b: Incineroar
|-damage|p1b: Incineroar|0 fnt
|-mustrecharge|p2a: Sylveon
|faint|p1b: Incineroar
|
|-weather|SunnyDay|[upkeep]
|upkeep
|
|t:|1783678002
|switch|p1b: Scovillain|Scovillain, L50, F|100/100
|turn|2
|
|t:|1783678032
|move|p1b: Scovillain|Protect|p1b: Scovillain
|-singleturn|p1b: Scovillain|Protect
|move|p2b: Charizard|Weather Ball|p1b: Scovillain
|-activate|p1b: Scovillain|move: Protect
|move|p1a: Ceruledge|Bitter Blade|p2b: Charizard
|-resisted|p2b: Charizard|1
|-damage|p2b: Charizard|44/100
|cant|p2a: Sylveon|recharge
|
|-weather|SunnyDay|[upkeep]
|-ability|p1b: Scovillain|Moody|boost
|-boost|p1b: Scovillain|spd|2
|-unboost|p1b: Scovillain|atk|1
|upkeep
|turn|3
|
|t:|1783678055
|detailschange|p1b: Scovillain|Scovillain-Mega, L50, F
|-mega|p1b: Scovillain|Scovillain|Scovillainite
|move|p2a: Sylveon|Detect|p2a: Sylveon
|-singleturn|p2a: Sylveon|Protect
|move|p2b: Charizard|Weather Ball|p1b: Scovillain
|-damage|p1b: Scovillain|57/100
|-immune|p2b: Charizard
|move|p1a: Ceruledge|Bitter Blade|p2a: Sylveon
|-activate|p2a: Sylveon|move: Protect
|move|p1b: Scovillain|Giga Drain|p2a: Sylveon
|-activate|p2a: Sylveon|move: Protect
|
|-weather|SunnyDay|[upkeep]
|upkeep
|turn|4
|
|t:|1783678076
|move|p2a: Sylveon|Quick Attack|p1b: Scovillain
|-resisted|p1b: Scovillain|1
|-damage|p1b: Scovillain|52/100
|-status|p2a: Sylveon|brn|[from] ability: Spicy Spray|[of] p1b: Scovillain
|move|p2b: Charizard|Weather Ball|p1b: Scovillain
|-damage|p1b: Scovillain|15/100
|-immune|p2b: Charizard
|move|p1a: Ceruledge|Bitter Blade|p2b: Charizard
|-resisted|p2b: Charizard|1
|-damage|p2b: Charizard|0 fnt
|faint|p2b: Charizard
|move|p1b: Scovillain|Giga Drain|p2a: Sylveon
|-damage|p2a: Sylveon|72/100 brn
|-heal|p1b: Scovillain|30/100|[from] drain|[of] p2a: Sylveon
|
|-weather|SunnyDay|[upkeep]
|-damage|p2a: Sylveon|66/100 brn|[from] brn
|upkeep
|
|t:|1783678085
|switch|p2b: Farigiraf|Farigiraf, L50, M|100/100
|turn|5
|
|t:|1783678102
|move|p1a: Ceruledge|Bitter Blade|p2b: Farigiraf
|-damage|p2b: Farigiraf|17/100
|-enditem|p2b: Farigiraf|Sitrus Berry|[eat]
|-heal|p2b: Farigiraf|42/100|[from] item: Sitrus Berry
|move|p1b: Scovillain|Giga Drain|p2a: Sylveon
|-crit|p2a: Sylveon
|-damage|p2a: Sylveon|24/100 brn
|-heal|p1b: Scovillain|51/100|[from] drain|[of] p2a: Sylveon
|move|p2a: Sylveon|Hyper Beam|p1b: Scovillain
|-resisted|p1b: Scovillain|1
|-damage|p1b: Scovillain|26/100
|-mustrecharge|p2a: Sylveon
|move|p2b: Farigiraf|Roar|p1a: Ceruledge
|drag|p1a: Sinistcha|Sinistcha, L50|100/100
|-heal|p1b: Scovillain|51/100|[from] ability: Hospitality|[of] p1a: Sinistcha
|
|-weather|none
|-damage|p2a: Sylveon|18/100 brn|[from] brn
|upkeep
|turn|6
|
|t:|1783678125
|move|p1b: Scovillain|Overheat|p2b: Farigiraf
|-damage|p2b: Farigiraf|0 fnt
|-unboost|p1b: Scovillain|spa|2
|faint|p2b: Farigiraf
|cant|p2a: Sylveon|recharge
|move|p1a: Sinistcha|Matcha Gotcha|p2a: Sylveon
|-damage|p2a: Sylveon|0 fnt
|faint|p2a: Sylveon
|
|upkeep
|-message|new mental forfeited.
|
|win|AIRegMB
|raw|AIRegMB's rating: 1254 → 1279(+25 for winning)
|raw|new mental's rating: 1253 → 1228(-25 for losing)
