|j|☆M_Welon13
|j|☆Sparkles1755
|html|M_Welon13Sparkles1755    
|uhtml|bestof|Game 2 of a best-of-3
|t:|1785404578
|gametype|doubles
|player|p1|M_Welon13|colress|1055
|player|p2|Sparkles1755|veteran|1157
|gen|9
|tier|[Gen 9 Champions] VGC 2026 Reg M-B (Bo3)
|rated|
|rule|Species Clause: Limit one of each Pokémon
|rule|Item Clause: Limit 1 of each item
|clearpoke
|poke|p1|Steelix, L50, F|
|poke|p1|Conkeldurr, L50, F|
|poke|p1|Sinistcha-Masterpiece, L50|
|poke|p1|Primarina, L50, M|
|poke|p1|Tyranitar, L50, F|
|poke|p1|Talonflame, L50, F|
|poke|p2|Charizard, L50, F, shiny|
|poke|p2|Mawile, L50, M|
|poke|p2|Sylveon, L50, F, shiny|
|poke|p2|Annihilape, L50, M|
|poke|p2|Whimsicott, L50, M, shiny|
|poke|p2|Farigiraf, L50, M|
|teampreview|4
|showteam|p1|Steelix||Steelixite|RockHead|HeadSmash,Protect,WideGuard,HighHorsepower|Brave||F|||50|]Conkeldurr||LifeOrb|SheerForce|MachPunch,LowSweep,DrainPunch,PoisonJab|Adamant||F|||50|]Sinistcha-Masterpiece||MentalHerb|Hospitality|RagePowder,StunSpore,TrickRoom,MatchaGotcha|Bold|||||50|]Primarina||MysticWater|LiquidVoice|HyperVoice,Moonblast,PsychicNoise,Protect|Quiet||M|||50|]Tyranitar||Tyranitarite|SandStream|Crunch,KnockOff,RockSlide,Protect|Brave||F|||50|]Talonflame|||GaleWings|Acrobatics,Tailwind,FlareBlitz,Protect|Jolly||F|||50|
|showteam|p2|Charizard||CharizarditeY|Blaze|HeatWave,WeatherBall,SolarBeam,Protect|Modest||F|||50|]Mawile||Mawilite|HyperCutter|PlayRough,RockSlide,SuckerPunch,Protect|Adamant||M|||50|]Sylveon||FairyFeather|Pixilate|HyperVoice,HyperBeam,QuickAttack,Detect|Modest||F|||50|]Annihilape||LifeOrb|Defiant|CloseCombat,PhantomForce,Taunt,Protect|Jolly||M|||50|]Whimsicott||FocusSash|Prankster|Moonblast,Tailwind,Encore,Protect|Timid||M|||50|]Farigiraf||SitrusBerry|ArmorTail|TwinBeam,Thunderbolt,TrickRoom,HelpingHand|Modest||M|||50|
|inactive|Battle timer is ON: inactive players will automatically lose when time's up. (requested by Sparkles1755)
|inactive|M_Welon13 has 60 seconds left.
|
|t:|1785404629
|teamsize|p1|4
|teamsize|p2|4
|start
|switch|p1a: Talonflame|Talonflame, L50, F|100/100
|switch|p1b: Tyranitar|Tyranitar, L50, F|100/100
|switch|p2a: Winter|Charizard, L50, F, shiny|100/100
|switch|p2b: Epitaph|Annihilape, L50, M|100/100
|-weather|Sandstorm|[from] ability: Sand Stream|[of] p1b: Tyranitar
|turn|1
|inactive|M_Welon13 has 30 seconds left.
|
|t:|1785404655
|switch|p2a: Melvin|Farigiraf, L50, M|100/100
|move|p1a: Talonflame|Acrobatics||[still]
|cant|p2a: Melvin|ability: Armor Tail|Acrobatics|[of] p1a: Talonflame
|move|p2b: Epitaph|Close Combat|p1b: Tyranitar
|-supereffective|p1b: Tyranitar|2
|-damage|p1b: Tyranitar|0 fnt
|-unboost|p2b: Epitaph|def|1
|-unboost|p2b: Epitaph|spd|1
|faint|p1b: Tyranitar
|-damage|p2b: Epitaph|90/100|[from] item: Life Orb
|
|-weather|Sandstorm|[upkeep]
|-damage|p1a: Talonflame|94/100|[from] Sandstorm
|-damage|p2b: Epitaph|84/100|[from] Sandstorm
|-damage|p2a: Melvin|93/100|[from] Sandstorm
|upkeep
|
|t:|1785404670
|switch|p1b: Steelix|Steelix, L50, F|100/100
|turn|2
|inactive|M_Welon13 has 30 seconds left.
|inactive|M_Welon13 has 20 seconds left.
|inactive|M_Welon13 has 15 seconds left.
|inactive|M_Welon13 has 10 seconds left.
|
|t:|1785404719
|move|p2b: Epitaph|Protect|p2b: Epitaph
|-singleturn|p2b: Epitaph|Protect
|move|p1a: Talonflame|Acrobatics|p2b: Epitaph
|-activate|p2b: Epitaph|move: Protect
|move|p2a: Melvin|Thunderbolt|p1a: Talonflame
|-supereffective|p1a: Talonflame|1
|-damage|p1a: Talonflame|15/100
|move|p1b: Steelix|Head Smash|p2a: Melvin
|-damage|p2a: Melvin|54/100
|
|-weather|Sandstorm|[upkeep]
|-damage|p1a: Talonflame|9/100|[from] Sandstorm
|-damage|p2b: Epitaph|78/100|[from] Sandstorm
|-damage|p2a: Melvin|48/100|[from] Sandstorm
|-enditem|p2a: Melvin|Sitrus Berry|[eat]
|-heal|p2a: Melvin|73/100|[from] item: Sitrus Berry
|upkeep
|turn|3
|inactive|M_Welon13 has 30 seconds left.
|inactive|Sparkles1755 has 30 seconds left.
|
|t:|1785404751
|switch|p1a: Primarina|Primarina, L50, M|100/100
|switch|p2b: Winter|Charizard, L50, F, shiny|100/100
|detailschange|p1b: Steelix|Steelix-Mega, L50, F
|-mega|p1b: Steelix|Steelix|Steelixite
|move|p2a: Melvin|Thunderbolt|p1a: Primarina
|-supereffective|p1a: Primarina|1
|-damage|p1a: Primarina|56/100
|move|p1b: Steelix|High Horsepower|p2a: Melvin
|-damage|p2a: Melvin|16/100
|
|-weather|Sandstorm|[upkeep]
|-damage|p2b: Winter|94/100|[from] Sandstorm
|-damage|p2a: Melvin|10/100|[from] Sandstorm
|-damage|p1a: Primarina|50/100g|[from] Sandstorm
|upkeep
|turn|4
|inactive|M_Welon13 has 30 seconds left.
|inactive|Sparkles1755 has 30 seconds left.
|inactive|M_Welon13 has 20 seconds left.
|
|t:|1785404790
|detailschange|p2b: Winter|Charizard-Mega-Y, L50, F, shiny
|-mega|p2b: Winter|Charizard|Charizardite Y
|-weather|SunnyDay|[from] ability: Drought|[of] p2b: Winter
|move|p2b: Winter|Heat Wave|p1b: Steelix|[spread] p1a,p1b
|-resisted|p1a: Primarina|1
|-supereffective|p1b: Steelix|1
|-damage|p1a: Primarina|24/100
|-damage|p1b: Steelix|0 fnt
|faint|p1b: Steelix
|move|p2a: Melvin|Thunderbolt|p1a: Primarina
|-supereffective|p1a: Primarina|1
|-damage|p1a: Primarina|0 fnt
|faint|p1a: Primarina
|
|-weather|SunnyDay|[upkeep]
|upkeep
|
|t:|1785404805
|switch|p1b: Talonflame|Talonflame, L50, F|9/100
|turn|5
|
|t:|1785404812
|move|p1b: Talonflame|Acrobatics|p2a: Melvin
|-damage|p2a: Melvin|0 fnt
|faint|p2a: Melvin
|move|p2b: Winter|Weather Ball|p1b: Talonflame
|-resisted|p1b: Talonflame|1
|-damage|p1b: Talonflame|0 fnt
|faint|p1b: Talonflame
|
|win|Sparkles1755
|raw|M_Welon13's rating: 1055 → 1042(-13 for losing)
|raw|Sparkles1755's rating: 1157 → 1175(+18 for winning)
|c|☆Sparkles1755|ggs!
|l|☆M_Welon13
|player|p1|
|l|☆Sparkles1755
|player|p2|
|j| tedidn
