|j|☆Silvervaliantxyz
|j|☆Gabeeel
|html|SilvervaliantxyzGabeeel    
|uhtml|bestof|Game 1 of a best-of-3
|t:|1783198424
|gametype|doubles
|player|p1|Silvervaliantxyz|riley|
|player|p2|Gabeeel|iris|
|gen|9
|tier|[Gen 9 Champions] VGC 2026 Reg M-B (Bo3)
|rule|Species Clause: Limit one of each Pokémon
|rule|Item Clause: Limit 1 of each item
|clearpoke
|poke|p1|Blaziken, L50, M|
|poke|p1|Vivillon, L50, M, shiny|
|poke|p1|Sableye, L50, F|
|poke|p1|Raichu, L50, M, shiny|
|poke|p1|Aegislash, L50, F|
|poke|p1|Floette-Eternal, L50, F|
|poke|p2|Scrafty, L50, M|
|poke|p2|Slowking-Galar, L50, F|
|poke|p2|Palafin, L50, F|
|poke|p2|Volcarona, L50, F|
|poke|p2|Meowscarada, L50, F|
|poke|p2|Metagross, L50|
|teampreview|4
|showteam|p1|Blaziken||Blazikenite|SpeedBoost|FlareBlitz,RockSlide,CloseCombat,Detect|Adamant||M|||50|]Vivillon||ChoiceScarf|CompoundEyes|SleepPowder,Uturn,RagePowder,PollenPuff|Timid||M|||50|]Sableye||LightClay|Prankster|Feint,KnockOff,LightScreen,Reflect|Impish||F|||50|]Raichu||RaichuniteX|LightningRod|FakeOut,Nuzzle,RisingVoltage,Protect|Timid||M|||50|]Aegislash||SpellTag|StanceChange|IronHead,KingsShield,ShadowSneak,Poltergeist|Adamant||F|||50|]Floette-Eternal||FairyFeather|FlowerVeil|Moonblast,DazzlingGleam,Psychic,Protect|Timid||F|||50|
|showteam|p2|Scrafty||Scraftinite|Intimidate|FakeOut,KnockOff,DrainPunch,SwordsDance|Adamant||M|||50|]Slowking-Galar||LifeOrb|Regenerator|SludgeBomb,Psychic,TrickRoom,Protect|Quiet||F|||50|]Palafin||MysticWater|ZerotoHero|WaveCrash,FlipTurn,JetPunch,Protect|Adamant||F|||50|]Volcarona||Leftovers|FlameBody|HeatWave,GigaDrain,QuiverDance,Protect|Modest||F|||50|]Meowscarada||FocusSash|Overgrow|FlowerTrick,KnockOff,SuckerPunch,Protect|Jolly||F|||50|]Metagross||MetalCoat|ClearBody|BulletPunch,IronHead,PsychicFangs,Protect|Adamant|||||50|
|
|t:|1783198474
|teamsize|p1|4
|teamsize|p2|4
|start
|switch|p1a: RaiRai with Hax|Raichu, L50, M, shiny|100/100
|switch|p1b: Sableye|Sableye, L50, F|100/100
|switch|p2a: Scrafty|Scrafty, L50, M|100/100
|switch|p2b: Palafin|Palafin, L50, F|100/100
|-ability|p2a: Scrafty|Intimidate|boost
|-unboost|p1a: RaiRai with Hax|atk|1
|-unboost|p1b: Sableye|atk|1
|turn|1
|
|t:|1783198532
|detailschange|p2b: Palafin|Palafin-Hero, L50, F
|switch|p2b: Slowking|Slowking-Galar, L50, F|100/100
|move|p1a: RaiRai with Hax|Fake Out|p2a: Scrafty
|-damage|p2a: Scrafty|94/100
|cant|p2a: Scrafty|flinch
|move|p1b: Sableye|Reflect|p1b: Sableye
|-sidestart|p1: Silvervaliantxyz|Reflect
|
|upkeep
|turn|2
|
|t:|1783198558
|detailschange|p1a: RaiRai with Hax|Raichu-Mega-X, L50, M, shiny
|-mega|p1a: RaiRai with Hax|Raichu|Raichunite X
|-fieldstart|move: Electric Terrain|[from] ability: Electric Surge|[of] p1a: RaiRai with Hax
|move|p1a: RaiRai with Hax|Rising Voltage|p2b: Slowking
|-hint|Rising Voltage's BP doubled on grounded target.
|-damage|p2b: Slowking|34/100
|move|p2a: Scrafty|Swords Dance|p2a: Scrafty
|-boost|p2a: Scrafty|atk|2
|move|p1b: Sableye|Knock Off|p2b: Slowking
|-supereffective|p2b: Slowking|1
|-damage|p2b: Slowking|0 fnt
|-enditem|p2b: Slowking|Life Orb|[from] move: Knock Off|[of] p1b: Sableye
|faint|p2b: Slowking
|
|upkeep
|
|t:|1783198579
|switch|p2b: Volcarona|Volcarona, L50, F|100/100
|turn|3
|
|t:|1783198607
|detailschange|p2a: Scrafty|Scrafty-Mega, L50, M
|-mega|p2a: Scrafty|Scrafty|Scraftinite
|-ability|p2a: Scrafty|Intimidate|boost
|-unboost|p1a: RaiRai with Hax|atk|1
|-unboost|p1b: Sableye|atk|1
|move|p1b: Sableye|Reflect||[still]
|-fail|p1b: Sableye
|move|p1a: RaiRai with Hax|Rising Voltage|p2b: Volcarona
|-hint|Rising Voltage's BP doubled on grounded target.
|-damage|p2b: Volcarona|30/100
|move|p2b: Volcarona|Quiver Dance|p2b: Volcarona
|-boost|p2b: Volcarona|spa|1
|-boost|p2b: Volcarona|spd|1
|-boost|p2b: Volcarona|spe|1
|move|p2a: Scrafty|Drain Punch|p1a: RaiRai with Hax
|-damage|p1a: RaiRai with Hax|28/100
|-heal|p2a: Scrafty|100/100|[from] drain|[of] p1a: RaiRai with Hax
|
|-heal|p2b: Volcarona|36/100|[from] item: Leftovers
|upkeep
|turn|4
|
|t:|1783198648
|switch|p1a: Lofu|Blaziken, L50, M|100/100
|move|p2b: Volcarona|Giga Drain|p1a: Lofu
|-resisted|p1a: Lofu|1
|-damage|p1a: Lofu|73/100
|-heal|p2b: Volcarona|47/100|[from] drain|[of] p1a: Lofu
|move|p2a: Scrafty|Knock Off|p1b: Sableye
|-damage|p1b: Sableye|37/100
|-enditem|p1b: Sableye|Light Clay|[from] move: Knock Off|[of] p2a: Scrafty
|move|p1b: Sableye|Knock Off|p2b: Volcarona
|-damage|p2b: Volcarona|30/100
|-enditem|p2b: Volcarona|Leftovers|[from] move: Knock Off|[of] p1b: Sableye
|
|upkeep
|turn|5
|
|t:|1783198670
|move|p1a: Lofu|Detect|p1a: Lofu
|-singleturn|p1a: Lofu|Protect
|move|p1b: Sableye|Light Screen|p1b: Sableye
|-sidestart|p1: Silvervaliantxyz|move: Light Screen
|move|p2b: Volcarona|Heat Wave|p1a: Lofu|[spread] p1b
|-activate|p1a: Lofu|move: Protect
|-damage|p1b: Sableye|0 fnt
|faint|p1b: Sableye
|move|p2a: Scrafty|Drain Punch|p1a: Lofu
|-activate|p1a: Lofu|move: Protect
|
|-ability|p1a: Lofu|Speed Boost|boost
|-boost|p1a: Lofu|spe|1
|upkeep
|
|t:|1783198684
|switch|p1b: RaiRai with Hax|Raichu-Mega-X, L50, M, shiny|28/100
|turn|6
|
|t:|1783198696
|move|p1b: RaiRai with Hax|Fake Out|p2a: Scrafty
|-damage|p2a: Scrafty|90/100
|move|p2b: Volcarona|Heat Wave|p1a: Lofu|[spread] p1a,p1b
|-resisted|p1a: Lofu|1
|-damage|p1a: Lofu|45/100
|-damage|p1b: RaiRai with Hax|0 fnt
|faint|p1b: RaiRai with Hax
|move|p1a: Lofu|Rock Slide|p2b: Volcarona|[spread] p2a,p2b
|-resisted|p2a: Scrafty|1
|-supereffective|p2b: Volcarona|2
|-damage|p2a: Scrafty|82/100
|-damage|p2b: Volcarona|0 fnt
|faint|p2b: Volcarona
|cant|p2a: Scrafty|flinch
|
|-fieldend|move: Electric Terrain
|-ability|p1a: Lofu|Speed Boost|boost
|-boost|p1a: Lofu|spe|1
|upkeep
|
|t:|1783198711
|switch|p1b: Swsh|Aegislash, L50, F|100/100
|switch|p2b: Palafin|Palafin-Hero, L50, F|100/100
|-activate|p2b: Palafin|ability: Zero to Hero
|turn|7
|
|t:|1783198728
|move|p1a: Lofu|Detect|p1a: Lofu
|-singleturn|p1a: Lofu|Protect
|move|p2b: Palafin|Jet Punch|p1a: Lofu
|-activate|p1a: Lofu|move: Protect
|move|p2a: Scrafty|Knock Off|p1b: Swsh
|-supereffective|p1b: Swsh|1
|-damage|p1b: Swsh|0 fnt
|-enditem|p1b: Swsh|Spell Tag|[from] move: Knock Off|[of] p2a: Scrafty
|faint|p1b: Swsh
|
|-ability|p1a: Lofu|Speed Boost|boost
|-boost|p1a: Lofu|spe|1
|upkeep
|turn|8
|
|t:|1783198743
|move|p2b: Palafin|Jet Punch|p1a: Lofu
|-supereffective|p1a: Lofu|1
|-damage|p1a: Lofu|0 fnt
|faint|p1a: Lofu
|
|win|Gabeeel
||Gabeeel is ready for game 2.
||Silvervaliantxyz is ready for game 2.
|uhtml|next|Next: Game 2 of 3
|l|☆Silvervaliantxyz
|player|p1|
