|j|☆InkynVG
|j|☆DogGoesWoof123!
|html|InkynVGDogGoesWoof123!    
|uhtml|bestof|Game 3 of a best-of-3
|t:|1756063929
|gametype|doubles
|player|p1|InkynVG|shadowtriad|1189
|player|p2|DogGoesWoof123!|102|1241
|gen|9
|tier|[Gen 9] VGC 2025 Reg H (Bo3)
|rated|
|rule|Species Clause: Limit one of each Pokémon
|rule|Item Clause: Limit 1 of each item
|clearpoke
|poke|p1|Murkrow, L50, F|
|poke|p1|Gholdengo, L50|
|poke|p1|Archaludon, L50, F|
|poke|p1|Maushold-Four, L50|
|poke|p1|Tauros-Paldea-Aqua, L50, M|
|poke|p1|Ursaluna-Bloodmoon, L50, M|
|poke|p2|Kingambit, L50, F|
|poke|p2|Rillaboom, L50, M|
|poke|p2|Primarina, L50, F|
|poke|p2|Sneasler, L50, M|
|poke|p2|Electabuzz, L50, F|
|poke|p2|Dragonite, L50, M|
|teampreview|4
|showteam|p1|Murkrow||Eviolite|Prankster|Tailwind,Haze,RainDance,FoulPlay|||F|||50|,,,,,Ghost]Gholdengo||MetalCoat|GoodasGold|MakeItRain,ShadowBall,NastyPlot,Protect||||||50|,,,,,Water]Archaludon||AssaultVest|Stamina|DragonPulse,ElectroShot,BodyPress,Snarl|||F|||50|,,,,,Bug]Maushold-Four||WideLens|Technician|FollowMe,PopulationBomb,Taunt,Protect||||||50|,,,,,Ghost]Tauros-Paldea-Aqua||MirrorHerb|Intimidate|CloseCombat,WaveCrash,AquaJet,Protect|||M|||50|,,,,,Dark]Ursaluna-Bloodmoon||LifeOrb|MindsEye|BloodMoon,HyperVoice,EarthPower,Protect|||M|||50|,,,,,Ghost
|showteam|p2|Kingambit||BlackGlasses|Defiant|KowtowCleave,SuckerPunch,SwordsDance,Protect|||F|||50|,,,,,Dark]Rillaboom||AssaultVest|GrassySurge|WoodHammer,GrassyGlide,FakeOut,HighHorsepower|||M|||50|,,,,,Fire]Primarina||SitrusBerry|LiquidVoice|HyperVoice,Moonblast,Haze,Protect|||F|||50|,,,,,Poison]Sneasler||FocusSash|PoisonTouch|DireClaw,CloseCombat,FakeOut,Coaching|||M|||50|,,,,,Ghost]Electabuzz||Eviolite|VitalSpirit|Protect,FollowMe,Taunt,Electroweb|||F|||50|,,,,,Ghost]Dragonite||LoadedDice|Multiscale|TeraBlast,ExtremeSpeed,ScaleShot,Protect|||M|||50|,,,,,Flying
|
|t:|1756064032
|teamsize|p1|4
|teamsize|p2|4
|start
|switch|p1a: Ursaluna|Ursaluna-Bloodmoon, L50, M|100/100
|switch|p1b: Gholdengo|Gholdengo, L50|100/100
|switch|p2a: Kingambit|Kingambit, L50, F|100/100
|switch|p2b: Electabuzz|Electabuzz, L50, F|100/100
|turn|1
|inactive|Battle timer is ON: inactive players will automatically lose when time's up. (requested by InkynVG)
|
|t:|1756064069
|switch|p1b: Tauros|Tauros-Paldea-Aqua, L50, M|100/100
|-ability|p1b: Tauros|Intimidate|boost
|-unboost|p2a: Kingambit|atk|1
|-ability|p2a: Kingambit|Defiant|boost
|-boost|p2a: Kingambit|atk|2
|-unboost|p2b: Electabuzz|atk|1
|-enditem|p1b: Tauros|Mirror Herb
|-boost|p1b: Tauros|atk|2|[from] item: Mirror Herb
|move|p2b: Electabuzz|Follow Me|p2b: Electabuzz
|-singleturn|p2b: Electabuzz|move: Follow Me
|move|p1a: Ursaluna|Earth Power|p2b: Electabuzz
|-supereffective|p2b: Electabuzz
|-damage|p2b: Electabuzz|0 fnt
|faint|p2b: Electabuzz
|-damage|p1a: Ursaluna|91/100|[from] item: Life Orb
|move|p2a: Kingambit|Swords Dance|p2a: Kingambit
|-boost|p2a: Kingambit|atk|2
|
|upkeep
|inactive|DogGoesWoof123! has 30 seconds left.
|
|t:|1756064100
|switch|p2b: Rillaboom|Rillaboom, L50, M|100/100
|-fieldstart|move: Grassy Terrain|[from] ability: Grassy Surge|[of] p2b: Rillaboom
|turn|2
|inactive|InkynVG has 30 seconds left.
|inactive|DogGoesWoof123! has 30 seconds left.
|
|t:|1756064129
|move|p1b: Tauros|Protect|p1b: Tauros
|-singleturn|p1b: Tauros|Protect
|move|p2a: Kingambit|Protect|p2a: Kingambit
|-singleturn|p2a: Kingambit|Protect
|move|p2b: Rillaboom|Wood Hammer|p1b: Tauros
|-activate|p1b: Tauros|move: Protect
|move|p1a: Ursaluna|Earth Power|p2a: Kingambit
|-activate|p2a: Kingambit|move: Protect
|
|-heal|p1a: Ursaluna|97/100|[from] Grassy Terrain
|upkeep
|turn|3
|inactive|InkynVG has 30 seconds left.
|inactive|DogGoesWoof123! has 30 seconds left.
|inactive|InkynVG has 20 seconds left.
|inactive|DogGoesWoof123! has 20 seconds left.
|
|t:|1756064169
|-terastallize|p1a: Ursaluna|Ghost
|-terastallize|p2a: Kingambit|Dark
|move|p2a: Kingambit|Sucker Punch|p1a: Ursaluna
|-supereffective|p1a: Ursaluna
|-damage|p1a: Ursaluna|0 fnt
|faint|p1a: Ursaluna
|move|p1b: Tauros|Close Combat|p2a: Kingambit
|-supereffective|p2a: Kingambit
|-damage|p2a: Kingambit|0 fnt
|-unboost|p1b: Tauros|def|1
|-unboost|p1b: Tauros|spd|1
|faint|p2a: Kingambit
|move|p2b: Rillaboom|Wood Hammer|p1b: Tauros
|-supereffective|p1b: Tauros
|-damage|p1b: Tauros|0 fnt
|faint|p1b: Tauros
|-damage|p2b: Rillaboom|75/100|[from] Recoil
|
|-heal|p2b: Rillaboom|81/100|[from] Grassy Terrain
|upkeep
|
|t:|1756064186
|switch|p1b: Maushold|Maushold-Four, L50|100/100
|switch|p1a: Gholdengo|Gholdengo, L50|100/100
|switch|p2a: Primarina|Primarina, L50, F|100/100
|turn|4
|
|t:|1756064208
|move|p1b: Maushold|Population Bomb|p2b: Rillaboom
|-damage|p2b: Rillaboom|70/100
|-damage|p2b: Rillaboom|59/100
|-damage|p2b: Rillaboom|48/100
|-damage|p2b: Rillaboom|36/100
|-damage|p2b: Rillaboom|24/100
|-damage|p2b: Rillaboom|12/100
|-damage|p2b: Rillaboom|1/100
|-damage|p2b: Rillaboom|0 fnt
|faint|p2b: Rillaboom
|-hitcount|p2: Rillaboom|8
|move|p1a: Gholdengo|Make It Rain|p2a: Primarina
|-damage|p2a: Primarina|34/100
|-unboost|p1a: Gholdengo|spa|1
|-enditem|p2a: Primarina|Sitrus Berry|[eat]
|-heal|p2a: Primarina|59/100|[from] item: Sitrus Berry
|move|p2a: Primarina|Hyper Voice|p1b: Maushold|[spread] p1a,p1b
|-crit|p1a: Gholdengo
|-damage|p1a: Gholdengo|43/100
|-damage|p1b: Maushold|56/100
|
|-heal|p1b: Maushold|62/100|[from] Grassy Terrain
|-heal|p1a: Gholdengo|50/100|[from] Grassy Terrain
|-heal|p2a: Primarina|65/100|[from] Grassy Terrain
|upkeep
|turn|5
|
|t:|1756064221
|move|p1b: Maushold|Population Bomb|p2a: Primarina
|-damage|p2a: Primarina|53/100
|-damage|p2a: Primarina|41/100
|-crit|p2a: Primarina
|-damage|p2a: Primarina|24/100
|-damage|p2a: Primarina|12/100
|-damage|p2a: Primarina|0 fnt
|faint|p2a: Primarina
|-hitcount|p2: Primarina|5
|
|win|InkynVG
|raw|InkynVG's rating: 1189 → 1218(+29 for winning)
|raw|DogGoesWoof123!'s rating: 1241 → 1212(-29 for losing)
