|j|☆JoshSketch
|j|☆Marcored87
|html|JoshSketchMarcored87    
|uhtml|bestof|Game 2 of a best-of-3
|t:|1757710931
|gametype|doubles
|player|p1|JoshSketch|101|1017
|player|p2|Marcored87|2|1101
|gen|9
|tier|[Gen 9] VGC 2025 Reg H (Bo3)
|rated|
|rule|Species Clause: Limit one of each Pokémon
|rule|Item Clause: Limit 1 of each item
|clearpoke
|poke|p1|Gholdengo, L50|
|poke|p1|Sneasler, L50, M|
|poke|p1|Incineroar, L50, M|
|poke|p1|Amoonguss, L50, F|
|poke|p1|Dragonite, L50, F|
|poke|p1|Ursaluna-Bloodmoon, L50, M|
|poke|p2|Magmar, L50, M|
|poke|p2|Kingambit, L50, M|
|poke|p2|Primarina, L50, F|
|poke|p2|Rillaboom, L50, F|
|poke|p2|Dragapult, L50, F|
|poke|p2|Sneasler, L50, F|
|teampreview|4
|showteam|p1|Gholdengo||LifeOrb|GoodasGold|MakeItRain,ShadowBall,NastyPlot,Protect||||||50|,,,,,Water]Sneasler||FocusSash|PoisonTouch|FakeOut,CloseCombat,DireClaw,Protect|||M|||50|,,,,,Stellar]Incineroar||SafetyGoggles|Intimidate|FakeOut,FlareBlitz,KnockOff,PartingShot|||M|||50|,,,,,Ghost]Amoonguss||SitrusBerry|Regenerator|Spore,RagePowder,PollenPuff,Protect|||F|||50|,,,,,Water]Dragonite||LoadedDice|Multiscale|ScaleShot,Haze,Tailwind,ExtremeSpeed|||F|||50|,,,,,Fairy]Ursaluna-Bloodmoon||AssaultVest|MindsEye|HyperVoice,BloodMoon,EarthPower,VacuumWave|||M|||50|,,,,,Normal
|showteam|p2|Magmar||Eviolite|VitalSpirit|Overheat,WillOWisp,FollowMe,Taunt|||M|||50|,,,,,Ghost]Kingambit||BlackGlasses|Defiant|SuckerPunch,KowtowCleave,SwordsDance,Protect|||M|||50|,,,,,Dark]Primarina||LifeOrb|LiquidVoice|HyperVoice,Moonblast,Haze,Protect|||F|||50|,,,,,Poison]Rillaboom||AssaultVest|GrassySurge|FakeOut,WoodHammer,HighHorsepower,GrassyGlide|||F|||50|,,,,,Fire]Dragapult||ChoiceBand|ClearBody|DragonDarts,Outrage,PhantomForce,Uturn|||F|||50|,,,,,Dragon]Sneasler||WhiteHerb|Unburden|CloseCombat,DireClaw,FakeOut,Protect|||F|||50|,,,,,Stellar
|inactive|Battle timer is ON: inactive players will automatically lose when time's up. (requested by Marcored87)
|
|t:|1757710955
|teamsize|p1|4
|teamsize|p2|4
|start
|switch|p1a: Amoonguss|Amoonguss, L50, F|100/100
|switch|p1b: Dragonite|Dragonite, L50, F|100/100
|switch|p2a: Magmar|Magmar, L50, M|100/100
|switch|p2b: Kingambit|Kingambit, L50, M|100/100
|turn|1
|
|t:|1757710968
|move|p2a: Magmar|Follow Me|p2a: Magmar
|-singleturn|p2a: Magmar|move: Follow Me
|move|p1b: Dragonite|Tailwind|p1b: Dragonite
|-sidestart|p1: JoshSketch|move: Tailwind
|move|p1a: Amoonguss|Spore|p2a: Magmar
|-immune|p2a: Magmar|[from] ability: Vital Spirit
|move|p2b: Kingambit|Swords Dance|p2b: Kingambit
|-boost|p2b: Kingambit|atk|2
|
|upkeep
|turn|2
|inactive|JoshSketch has 30 seconds left.
|
|t:|1757710997
|-terastallize|p1b: Dragonite|Fairy
|move|p2b: Kingambit|Protect|p2b: Kingambit
|-singleturn|p2b: Kingambit|Protect
|move|p1b: Dragonite|Scale Shot|p2b: Kingambit
|-activate|p2b: Kingambit|move: Protect
|move|p2a: Magmar|Will-O-Wisp|p1b: Dragonite
|-status|p1b: Dragonite|brn
|move|p1a: Amoonguss|Spore|p2b: Kingambit
|-activate|p2b: Kingambit|move: Protect
|
|-damage|p1b: Dragonite|95/100 brn|[from] brn
|upkeep
|turn|3
|
|t:|1757711014
|move|p2a: Magmar|Follow Me|p2a: Magmar
|-singleturn|p2a: Magmar|move: Follow Me
|move|p1b: Dragonite|Scale Shot|p2a: Magmar
|-damage|p2a: Magmar|95/100
|-damage|p2a: Magmar|89/100
|-damage|p2a: Magmar|82/100
|-damage|p2a: Magmar|76/100
|-hitcount|p2a: Magmar|4
|-unboost|p1b: Dragonite|def|1
|-boost|p1b: Dragonite|spe|1
|move|p1a: Amoonguss|Spore|p2a: Magmar
|-immune|p2a: Magmar|[from] ability: Vital Spirit
|move|p2b: Kingambit|Kowtow Cleave|p1a: Amoonguss
|-damage|p1a: Amoonguss|9/100
|-enditem|p1a: Amoonguss|Sitrus Berry|[eat]
|-heal|p1a: Amoonguss|34/100|[from] item: Sitrus Berry
|
|-damage|p1b: Dragonite|89/100 brn|[from] brn
|upkeep
|turn|4
|
|t:|1757711027
|move|p1b: Dragonite|Extreme Speed|p2a: Magmar
|-damage|p2a: Magmar|64/100
|move|p2a: Magmar|Follow Me|p2a: Magmar
|-singleturn|p2a: Magmar|move: Follow Me
|move|p1a: Amoonguss|Spore|p2a: Magmar
|-immune|p2a: Magmar|[from] ability: Vital Spirit
|move|p2b: Kingambit|Kowtow Cleave|p1a: Amoonguss
|-crit|p1a: Amoonguss
|-damage|p1a: Amoonguss|0 fnt
|faint|p1a: Amoonguss
|
|-damage|p1b: Dragonite|83/100 brn|[from] brn
|-sideend|p1: JoshSketch|move: Tailwind
|upkeep
|
|t:|1757711031
|switch|p1a: Ursaluna|Ursaluna-Bloodmoon, L50, M|100/100
|turn|5
|
|t:|1757711054
|-terastallize|p2b: Kingambit|Dark
|move|p2a: Magmar|Follow Me|p2a: Magmar
|-singleturn|p2a: Magmar|move: Follow Me
|move|p1a: Ursaluna|Vacuum Wave|p2a: Magmar
|-damage|p2a: Magmar|52/100
|move|p2b: Kingambit|Sucker Punch||[still]
|-fail|p2b: Kingambit
|move|p1b: Dragonite|Haze|p1b: Dragonite
|-clearallboost
|
|-damage|p1b: Dragonite|77/100 brn|[from] brn
|upkeep
|turn|6
|
|t:|1757711070
|move|p2b: Kingambit|Protect|p2b: Kingambit
|-singleturn|p2b: Kingambit|Protect
|move|p1a: Ursaluna|Vacuum Wave|p2b: Kingambit
|-activate|p2b: Kingambit|move: Protect
|move|p1b: Dragonite|Scale Shot|p2a: Magmar
|-damage|p2a: Magmar|46/100
|-damage|p2a: Magmar|40/100
|-damage|p2a: Magmar|35/100
|-crit|p2a: Magmar
|-damage|p2a: Magmar|25/100
|-hitcount|p2a: Magmar|4
|-unboost|p1b: Dragonite|def|1
|-boost|p1b: Dragonite|spe|1
|move|p2a: Magmar|Will-O-Wisp|p1a: Ursaluna
|-status|p1a: Ursaluna|brn
|
|-damage|p1b: Dragonite|71/100 brn|[from] brn
|-damage|p1a: Ursaluna|95/100 brn|[from] brn
|upkeep
|turn|7
|
|t:|1757711087
|switch|p2b: Primarina|Primarina, L50, F|100/100
|move|p1b: Dragonite|Scale Shot|p2b: Primarina
|-immune|p2b: Primarina
|move|p2a: Magmar|Overheat|p1a: Ursaluna
|-damage|p1a: Ursaluna|63/100 brn
|-unboost|p2a: Magmar|spa|2
|move|p1a: Ursaluna|Hyper Voice|p2b: Primarina|[spread] p2a,p2b
|-damage|p2a: Magmar|0 fnt
|-damage|p2b: Primarina|66/100
|faint|p2a: Magmar
|
|-damage|p1b: Dragonite|65/100 brn|[from] brn
|-damage|p1a: Ursaluna|57/100 brn|[from] brn
|upkeep
|
|t:|1757711099
|switch|p2a: Sneasler|Sneasler, L50, F|100/100
|turn|8
|-message|JoshSketch forfeited.
|
|win|Marcored87
|raw|JoshSketch's rating: 1017 → 1007(-10 for losing)
|raw|Marcored87's rating: 1101 → 1120(+19 for winning)
