|j|☆AbadanRiyi92
|j|☆Encore Ogerpon
|html|AbadanRiyi92Encore Ogerpon    
|uhtml|bestof|Game 1 of a best-of-3
|t:|1785339721
|gametype|doubles
|player|p1|AbadanRiyi92|colress|1135
|player|p2|Encore Ogerpon|lance-masters|1151
|gen|9
|tier|[Gen 9 Champions] VGC 2026 Reg M-B (Bo3)
|rated|
|rule|Species Clause: Limit one of each Pokémon
|rule|Item Clause: Limit 1 of each item
|clearpoke
|poke|p1|Gengar, L50, F, shiny|
|poke|p1|Maushold-Four, L50|
|poke|p1|Annihilape, L50, M|
|poke|p1|Incineroar, L50, F|
|poke|p1|Politoed, L50, F, shiny|
|poke|p1|Archaludon, L50, F|
|poke|p2|Kingambit, L50, F|
|poke|p2|Garchomp, L50, F|
|poke|p2|Farigiraf, L50, F|
|poke|p2|Charizard, L50, M|
|poke|p2|Sylveon, L50, F|
|poke|p2|Aerodactyl, L50, M|
|teampreview|4
|showteam|p1|Gengar||Gengarite|CursedBody|ShadowBall,Disable,PerishSong,Protect|Timid||F|||50|]Maushold-Four||FocusSash|FriendGuard|FollowMe,Encore,BeatUp,Protect|Jolly|||||50|]Annihilape||RoseliBerry|Defiant|RageFist,CloseCombat,Encore,Protect|Jolly||M|||50|]Incineroar||PasshoBerry|Intimidate|PartingShot,ThroatChop,Protect,FakeOut|Sassy||F|||50|]Politoed||SitrusBerry|Drizzle|WeatherBall,Encore,PerishSong,Protect|Calm||F|||50|]Archaludon||Leftovers|Stamina|DragonPulse,FlashCannon,ElectroShot,Protect|Bold||F|||50|
|showteam|p2|Kingambit||BlackGlasses|Defiant|Protect,IronHead,SuckerPunch,KowtowCleave|Brave||F|||50|]Garchomp||LifeOrb|RoughSkin|DragonClaw,Earthquake,RockSlide,Protect|Jolly||F|||50|]Farigiraf||SitrusBerry|ArmorTail|TwinBeam,Thunderbolt,TrickRoom,HelpingHand|Bold||F|||50|]Charizard||CharizarditeY|Blaze|Protect,HeatWave,SolarBeam,WeatherBall|Modest||M|||50|]Sylveon||FairyFeather|Pixilate|Detect,HyperBeam,HyperVoice,QuickAttack|Modest||F|||50|]Aerodactyl||Aerodactylite|Unnerve|WideGuard,RockSlide,DualWingbeat,Tailwind|Jolly||M|||50|
|inactive|Battle timer is ON: inactive players will automatically lose when time's up. (requested by Encore Ogerpon)
|inactive|Encore Ogerpon has 60 seconds left.
|
|t:|1785339761
|teamsize|p1|4
|teamsize|p2|4
|start
|switch|p1a: Gengar|Gengar, L50, F, shiny|100/100
|switch|p1b: Maushold|Maushold-Four, L50|100/100
|switch|p2a: Farigiraf|Farigiraf, L50, F|100/100
|switch|p2b: Kingambit|Kingambit, L50, F|100/100
|turn|1
|inactive|AbadanRiyi92 has 30 seconds left.
|inactive|Encore Ogerpon has 30 seconds left.
|
|t:|1785339796
|switch|p1b: Politoed|Politoed, L50, F, shiny|100/100
|-weather|RainDance|[from] ability: Drizzle|[of] p1b: Politoed
|detailschange|p1a: Gengar|Gengar-Mega, L50, F, shiny
|-mega|p1a: Gengar|Gengar|Gengarite
|move|p1a: Gengar|Protect|p1a: Gengar
|-singleturn|p1a: Gengar|Protect
|move|p2a: Farigiraf|Twin Beam|p1a: Gengar
|-activate|p1a: Gengar|move: Protect
|move|p2b: Kingambit|Kowtow Cleave|p1b: Politoed
|-damage|p1b: Politoed|42/100
|-enditem|p1b: Politoed|Sitrus Berry|[eat]
|-heal|p1b: Politoed|67/100|[from] item: Sitrus Berry
|
|-weather|RainDance|[upkeep]
|upkeep
|turn|2
|
|t:|1785339815
|move|p1a: Gengar|Disable|p2b: Kingambit
|-start|p2b: Kingambit|Disable|Kowtow Cleave
|move|p1b: Politoed|Weather Ball|p2a: Farigiraf
|-damage|p2a: Farigiraf|56/100
|move|p2a: Farigiraf|Twin Beam|p1a: Gengar
|-supereffective|p1a: Gengar|1
|-damage|p1a: Gengar|67/100
|-supereffective|p1a: Gengar|1
|-crit|p1a: Gengar
|-damage|p1a: Gengar|20/100r
|-hitcount|p1a: Gengar|2
|cant|p2b: Kingambit|Disable|Kowtow Cleave
|
|-weather|RainDance|[upkeep]
|upkeep
|turn|3
|
|t:|1785339837
|move|p1a: Gengar|Protect|p1a: Gengar
|-singleturn|p1a: Gengar|Protect
|move|p1b: Politoed|Encore|p2a: Farigiraf
|-start|p2a: Farigiraf|Encore
|move|p2a: Farigiraf|Twin Beam|p1a: Gengar
|-activate|p1a: Gengar|move: Protect
|move|p2b: Kingambit|Iron Head|p1a: Gengar
|-activate|p1a: Gengar|move: Protect
|
|-weather|RainDance|[upkeep]
|upkeep
|turn|4
|
|t:|1785339858
|switch|p1a: Archaludon|Archaludon, L50, F|100/100
|move|p1b: Politoed|Weather Ball|p2a: Farigiraf
|-damage|p2a: Farigiraf|11/100
|-enditem|p2a: Farigiraf|Sitrus Berry|[eat]
|-heal|p2a: Farigiraf|35/100|[from] item: Sitrus Berry
|move|p2a: Farigiraf|Twin Beam|p1a: Archaludon
|-resisted|p1a: Archaludon|1
|-damage|p1a: Archaludon|92/100
|-ability|p1a: Archaludon|Stamina|boost
|-boost|p1a: Archaludon|def|1
|-resisted|p1a: Archaludon|1
|-damage|p1a: Archaludon|86/100
|-ability|p1a: Archaludon|Stamina|boost
|-boost|p1a: Archaludon|def|1
|-hitcount|p1a: Archaludon|2
|move|p2b: Kingambit|Iron Head|p1a: Archaludon
|-resisted|p1a: Archaludon|1
|-damage|p1a: Archaludon|78/100
|-ability|p1a: Archaludon|Stamina|boost
|-boost|p1a: Archaludon|def|1
|
|-weather|RainDance|[upkeep]
|-heal|p1a: Archaludon|84/100|[from] item: Leftovers
|upkeep
|turn|5
|inactive|AbadanRiyi92 has 30 seconds left.
|inactive|Encore Ogerpon has 30 seconds left.
|inactive|AbadanRiyi92 has 20 seconds left.
|
|t:|1785339893
|move|p1b: Politoed|Protect|p1b: Politoed
|-singleturn|p1b: Politoed|Protect
|move|p2b: Kingambit|Sucker Punch||[still]
|-fail|p2b: Kingambit
|move|p1a: Archaludon|Electro Shot||[still]
|-prepare|p1a: Archaludon|Electro Shot
|-boost|p1a: Archaludon|spa|1
|-anim|p1a: Archaludon|Electro Shot|p2b: Kingambit
|-damage|p2b: Kingambit|47/100
|move|p2a: Farigiraf|Twin Beam|p1b: Politoed
|-activate|p1b: Politoed|move: Protect
|
|-weather|none
|-heal|p1a: Archaludon|90/100|[from] item: Leftovers
|-end|p2a: Farigiraf|Encore
|-end|p2b: Kingambit|Disable
|upkeep
|turn|6
|inactive|AbadanRiyi92 has 30 seconds left.
|
|t:|1785339921
|switch|p1b: Maushold|Maushold-Four, L50|100/100
|move|p1a: Archaludon|Dragon Pulse|p2a: Farigiraf
|-damage|p2a: Farigiraf|0 fnt
|faint|p2a: Farigiraf
|move|p2b: Kingambit|Kowtow Cleave|p1b: Maushold
|-damage|p1b: Maushold|25/100
|
|-heal|p1a: Archaludon|96/100|[from] item: Leftovers
|upkeep
|
|t:|1785339929
|switch|p2a: Charizard|Charizard, L50, M|100/100
|turn|7
|inactive|Encore Ogerpon has 30 seconds left.
|
|t:|1785339958
|detailschange|p2a: Charizard|Charizard-Mega-Y, L50, M
|-mega|p2a: Charizard|Charizard|Charizardite Y
|-weather|SunnyDay|[from] ability: Drought|[of] p2a: Charizard
|move|p1b: Maushold|Protect|p1b: Maushold
|-singleturn|p1b: Maushold|Protect
|move|p1a: Archaludon|Protect|p1a: Archaludon
|-singleturn|p1a: Archaludon|Protect
|move|p2a: Charizard|Heat Wave|p1b: Maushold|[spread] 
|-activate|p1a: Archaludon|move: Protect
|-activate|p1b: Maushold|move: Protect
|move|p2b: Kingambit|Kowtow Cleave|p1a: Archaludon
|-activate|p1a: Archaludon|move: Protect
|
|-weather|SunnyDay|[upkeep]
|-heal|p1a: Archaludon|100/100|[from] item: Leftovers
|upkeep
|turn|8
|inactive|AbadanRiyi92 has 30 seconds left.
|
|t:|1785339987
|switch|p1b: Politoed|Politoed, L50, F, shiny|67/100
|-weather|RainDance|[from] ability: Drizzle|[of] p1b: Politoed
|switch|p2a: Sylveon|Sylveon, L50, F|100/100
|move|p1a: Archaludon|Electro Shot||[still]
|-prepare|p1a: Archaludon|Electro Shot
|-boost|p1a: Archaludon|spa|1
|-anim|p1a: Archaludon|Electro Shot|p2a: Sylveon
|-damage|p2a: Sylveon|40/100
|move|p2b: Kingambit|Kowtow Cleave|p1b: Politoed
|-damage|p1b: Politoed|10/100
|
|-weather|RainDance|[upkeep]
|upkeep
|turn|9
|inactive|AbadanRiyi92 has 30 seconds left.
|
|t:|1785340018
|switch|p1b: Maushold|Maushold-Four, L50|25/100
|switch|p2b: Charizard|Charizard-Mega-Y, L50, M|100/100
|-weather|SunnyDay|[from] ability: Drought|[of] p2b: Charizard
|move|p1a: Archaludon|Flash Cannon|p2a: Sylveon
|-supereffective|p2a: Sylveon|1
|-damage|p2a: Sylveon|0 fnt
|faint|p2a: Sylveon
|
|-weather|SunnyDay|[upkeep]
|upkeep
|
|t:|1785340026
|switch|p2a: Kingambit|Kingambit, L50, F|47/100
|turn|10
|
|t:|1785340041
|switch|p1b: Politoed|Politoed, L50, F, shiny|10/100
|-weather|RainDance|[from] ability: Drizzle|[of] p1b: Politoed
|move|p2b: Charizard|Heat Wave|p1b: Politoed|[spread] p1a,p1b
|-resisted|p1b: Politoed|1
|-damage|p1a: Archaludon|80/100
|-damage|p1b: Politoed|3/100
|-ability|p1a: Archaludon|Stamina|boost
|-boost|p1a: Archaludon|def|1
|move|p1a: Archaludon|Electro Shot||[still]
|-prepare|p1a: Archaludon|Electro Shot
|-boost|p1a: Archaludon|spa|1
|-anim|p1a: Archaludon|Electro Shot|p2b: Charizard
|-supereffective|p2b: Charizard|1
|-damage|p2b: Charizard|0 fnt
|faint|p2b: Charizard
|move|p2a: Kingambit|Kowtow Cleave|p1b: Politoed
|-damage|p1b: Politoed|0 fnt
|faint|p1b: Politoed
|
|-weather|RainDance|[upkeep]
|-heal|p1a: Archaludon|86/100|[from] item: Leftovers
|upkeep
|-message|Encore Ogerpon forfeited.
|
|win|AbadanRiyi92
|l|☆Encore Ogerpon
|player|p2|
||Encore Ogerpon is ready for game 2.
