|j|☆bruh.mov
|j|☆new mental
|html|bruh.movnew mental    
|uhtml|bestof|Game 1 of a best-of-3
|t:|1786128306
|gametype|doubles
|player|p1|bruh.mov|shadowtriad|1097
|player|p2|new mental|volkner|1148
|gen|9
|tier|[Gen 9 Champions] VGC 2026 Reg M-B (Bo3)
|rated|
|rule|Species Clause: Limit one of each Pokémon
|rule|Item Clause: Limit 1 of each item
|clearpoke
|poke|p1|Scizor, L50, M|
|poke|p1|Tyranitar, L50, M, shiny|
|poke|p1|Kangaskhan, L50, F|
|poke|p1|Sinistcha, L50, shiny|
|poke|p1|Milotic, L50, F, shiny|
|poke|p1|Infernape, L50, M|
|poke|p2|Charizard, L50, M|
|poke|p2|Garchomp, L50, M|
|poke|p2|Incineroar, L50, F|
|poke|p2|Venusaur, L50, F|
|poke|p2|Toxapex, L50, F|
|poke|p2|Sylveon, L50, F|
|teampreview|4
|showteam|p1|Scizor||LifeOrb|Technician|BulletPunch,Uturn,DualWingbeat,BrickBreak|Adamant||M|||50|]Tyranitar||Leftovers|SandStream|Protect,LowKick,RockSlide,KnockOff|Adamant||M|||50|]Kangaskhan||Kangaskhanite|Scrappy|DrainPunch,SuckerPunch,BodySlam,FakeOut|Adamant||F|||50|]Sinistcha||SitrusBerry|Hospitality|LifeDew,MatchaGotcha,RagePowder,Curse|Bold|||||50|]Milotic||ShellBell|Competitive|Coil,MuddyWater,LifeDew,Hypnosis|Bold||F|||50|]Infernape||WhiteHerb|IronFist|CloseCombat,Overheat,ThunderPunch,FirePunch|Naive||M|||50|
|showteam|p2|Charizard||CharizarditeY|Blaze|WeatherBall,HeatWave,AncientPower,Protect|Modest||M|||50|]Garchomp||ChoiceScarf|RoughSkin|RockSlide,DragonClaw,Earthquake,StompingTantrum|Adamant||M|||50|]Incineroar||SitrusBerry|Intimidate|FlareBlitz,FakeOut,DarkestLariat,PartingShot|Impish||F|||50|]Venusaur||LifeOrb|Chlorophyll|SludgeBomb,LeafStorm,EarthPower,Protect|Modest||F|||50|]Toxapex||Leftovers|Regenerator|Infestation,Toxic,WideGuard,BanefulBunker|Bold||F|||50|]Sylveon||FairyFeather|Pixilate|HyperVoice,QuickAttack,Yawn,Detect|Modest||F|||50|
|inactive|Battle timer is ON: inactive players will automatically lose when time's up. (requested by bruh.mov)
|inactive|new mental has 60 seconds left.
|
|t:|1786128351
|teamsize|p1|4
|teamsize|p2|4
|start
|switch|p1a: Kangaskhan|Kangaskhan, L50, F|100/100
|switch|p1b: Infernape|Infernape, L50, M|100/100
|switch|p2a: Toxapex|Toxapex, L50, F|100/100
|switch|p2b: Charizard|Charizard, L50, M|100/100
|turn|1
|inactive|new mental has 30 seconds left.
|inactive|new mental has 20 seconds left.
|
|t:|1786128389
|detailschange|p2b: Charizard|Charizard-Mega-Y, L50, M
|-mega|p2b: Charizard|Charizard|Charizardite Y
|-weather|SunnyDay|[from] ability: Drought|[of] p2b: Charizard
|move|p2b: Charizard|Protect|p2b: Charizard
|-singleturn|p2b: Charizard|Protect
|move|p1a: Kangaskhan|Fake Out|p2b: Charizard
|-activate|p2b: Charizard|move: Protect
|move|p1b: Infernape|Thunder Punch|p2b: Charizard
|-activate|p2b: Charizard|move: Protect
|move|p2a: Toxapex|Toxic|p1a: Kangaskhan
|-status|p1a: Kangaskhan|tox
|
|-weather|SunnyDay|[upkeep]
|-damage|p1a: Kangaskhan|93/100 tox|[from] psn
|upkeep
|turn|2
|
|t:|1786128409
|detailschange|p1a: Kangaskhan|Kangaskhan-Mega, L50, F
|-mega|p1a: Kangaskhan|Kangaskhan|Kangaskhanite
|move|p1b: Infernape|Thunder Punch|p2b: Charizard
|-supereffective|p2b: Charizard|1
|-crit|p2b: Charizard
|-damage|p2b: Charizard|20/100y
|move|p2b: Charizard|Heat Wave|p1a: Kangaskhan|[spread] p1a,p1b
|-resisted|p1b: Infernape|1
|-damage|p1a: Kangaskhan|45/100 tox
|-damage|p1b: Infernape|48/100
|move|p1a: Kangaskhan|Body Slam|p2a: Toxapex
|-damage|p2a: Toxapex|67/100
|-damage|p2a: Toxapex|59/100
|-status|p2a: Toxapex|par
|-hitcount|p2a: Toxapex|2
|move|p2a: Toxapex|Toxic|p1b: Infernape
|-status|p1b: Infernape|tox
|
|-weather|SunnyDay|[upkeep]
|-heal|p2a: Toxapex|65/100 par|[from] item: Leftovers
|-damage|p1b: Infernape|42/100 tox|[from] psn
|-damage|p1a: Kangaskhan|33/100 tox|[from] psn
|upkeep
|turn|3
|inactive|bruh.mov has 30 seconds left.
|inactive|new mental has 30 seconds left.
|
|t:|1786128437
|switch|p1a: Tyranitar|Tyranitar, L50, M, shiny|100/100
|-weather|Sandstorm|[from] ability: Sand Stream|[of] p1a: Tyranitar
|move|p2a: Toxapex|Baneful Bunker|p2a: Toxapex
|-singleturn|p2a: Toxapex|move: Protect
|move|p1b: Infernape|Close Combat|p2b: Charizard
|-resisted|p2b: Charizard|1
|-damage|p2b: Charizard|0 fnt
|-unboost|p1b: Infernape|def|1
|-unboost|p1b: Infernape|spd|1
|faint|p2b: Charizard
|-enditem|p1b: Infernape|White Herb
|-clearnegativeboost|p1b: Infernape|[silent]
|
|-weather|Sandstorm|[upkeep]
|-damage|p1b: Infernape|36/100 tox|[from] Sandstorm
|-damage|p2a: Toxapex|59/100 par|[from] Sandstorm
|-heal|p2a: Toxapex|65/100 par|[from] item: Leftovers
|-damage|p1b: Infernape|24/100 tox|[from] psn
|upkeep
|
|t:|1786128441
|switch|p2b: Garchomp|Garchomp, L50, M|100/100
|turn|4
|
|t:|1786128454
|cant|p2a: Toxapex|par
|move|p2b: Garchomp|Earthquake|p1a: Tyranitar|[spread] p2a,p1a,p1b
|-supereffective|p2a: Toxapex|1
|-supereffective|p1a: Tyranitar|1
|-supereffective|p1b: Infernape|1
|-damage|p2a: Toxapex|12/100 par
|-damage|p1a: Tyranitar|32/100
|-damage|p1b: Infernape|0 fnt
|faint|p1b: Infernape
|move|p1a: Tyranitar|Knock Off|p2a: Toxapex
|-damage|p2a: Toxapex|0 fnt
|-enditem|p2a: Toxapex|Leftovers|[from] move: Knock Off|[of] p1a: Tyranitar
|faint|p2a: Toxapex
|
|-weather|Sandstorm|[upkeep]
|-heal|p1a: Tyranitar|38/100|[from] item: Leftovers
|upkeep
|
|t:|1786128464
|switch|p1b: Kangaskhan|Kangaskhan-Mega, L50, F|33/100 tox
|switch|p2a: Venusaur|Venusaur, L50, F|100/100
|turn|5
|
|t:|1786128488
|move|p2a: Venusaur|Protect|p2a: Venusaur
|-singleturn|p2a: Venusaur|Protect
|move|p1b: Kangaskhan|Fake Out|p2b: Garchomp
|-damage|p2b: Garchomp|76/100
|-damage|p1b: Kangaskhan|20/100y tox|[from] ability: Rough Skin|[of] p2b: Garchomp
|-damage|p2b: Garchomp|71/100
|-damage|p1b: Kangaskhan|8/100 tox|[from] ability: Rough Skin|[of] p2b: Garchomp
|-hitcount|p2b: Garchomp|2
|cant|p2b: Garchomp|flinch
|move|p1a: Tyranitar|Knock Off|p2a: Venusaur
|-activate|p2a: Venusaur|move: Protect
|
|-weather|Sandstorm|[upkeep]
|-damage|p2a: Venusaur|94/100|[from] Sandstorm
|-damage|p1b: Kangaskhan|2/100 tox|[from] Sandstorm
|-heal|p1a: Tyranitar|43/100|[from] item: Leftovers
|-damage|p1b: Kangaskhan|0 fnt|[from] psn
|faint|p1b: Kangaskhan
|upkeep
|
|t:|1786128491
|switch|p1b: Scizor|Scizor, L50, M|100/100
|turn|6
|
|t:|1786128499
|move|p2b: Garchomp|Earthquake|p1b: Scizor|[spread] p2a,p1a,p1b
|-supereffective|p1a: Tyranitar|1
|-damage|p2a: Venusaur|42/100
|-damage|p1a: Tyranitar|0 fnt
|-damage|p1b: Scizor|52/100
|faint|p1a: Tyranitar
|move|p2a: Venusaur|Earth Power|p1b: Scizor
|-damage|p1b: Scizor|11/100
|-unboost|p1b: Scizor|spd|1
|-damage|p2a: Venusaur|32/100|[from] item: Life Orb
|move|p1b: Scizor|Dual Wingbeat|p2a: Venusaur
|-supereffective|p2a: Venusaur|1
|-damage|p2a: Venusaur|0 fnt
|faint|p2a: Venusaur
|-hitcount|p2: Venusaur|1
|-damage|p1b: Scizor|2/100|[from] item: Life Orb
|
|-weather|Sandstorm|[upkeep]
|upkeep
|turn|7
|
|t:|1786128510
|move|p1b: Scizor|Bullet Punch|p2b: Garchomp
|-damage|p2b: Garchomp|26/100
|-damage|p1b: Scizor|0 fnt|[from] ability: Rough Skin|[of] p2b: Garchomp
|faint|p1b: Scizor
|
|win|new mental
