|j|☆jagheter
|j|☆greenlightdmp
|html|jaghetergreenlightdmp    
|uhtml|bestof|Game 3 of a best-of-3
|t:|1756445821
|gametype|doubles
|player|p1|jagheter|worker|1066
|player|p2|greenlightdmp|266|1143
|gen|9
|tier|[Gen 9] VGC 2025 Reg H (Bo3)
|rated|
|rule|Species Clause: Limit one of each Pokémon
|rule|Item Clause: Limit 1 of each item
|clearpoke
|poke|p1|Venusaur, L50, F|
|poke|p1|Volcarona, L50, F|
|poke|p1|Incineroar, L50, M|
|poke|p1|Grimmsnarl, L50, M|
|poke|p1|Dondozo, L50, M|
|poke|p1|Rillaboom, L50, M|
|poke|p2|Sneasler, L50, M|
|poke|p2|Rillaboom, L50, F|
|poke|p2|Volcarona, L50, F|
|poke|p2|Dragonite, L50, M|
|poke|p2|Basculegion, L50, M|
|poke|p2|Kingambit, L50, F|
|teampreview|4
|showteam|p1|Venusaur||WideLens|Chlorophyll|SleepPowder,Protect,SludgeBomb,EarthPower|||F|||50|,,,,,Ghost]Volcarona||CovertCloak|FlameBody|FieryDance,GigaDrain,QuiverDance,Protect|||F|||50|,,,,,Dragon]Incineroar||MirrorHerb|Intimidate|FakeOut,KnockOff,Taunt,FlareBlitz|||M|||50|,,,,,Ghost]Grimmsnarl||BlackGlasses|Prankster|Reflect,LightScreen,SpiritBreak,SuckerPunch|||M|||50|,,,,,Dark]Dondozo||Leftovers|Unaware|Fissure,Protect,Liquidation,Yawn|||M|||50|,,,,,Ghost]Rillaboom||AssaultVest|GrassySurge|FakeOut,WoodHammer,GrassyGlide,Uturn|||M|||50|,,,,,Fire
|showteam|p2|Sneasler||FocusSash|Unburden|CloseCombat,DireClaw,FakeOut,Protect|||M|||50|,,,,,Stellar]Rillaboom||AssaultVest|GrassySurge|WoodHammer,GrassyGlide,HighHorsepower,FakeOut|||F|||50|,,,,,Fire]Volcarona||CovertCloak|FlameBody|HeatWave,TeraBlast,QuiverDance,Protect|||F|||50|,,,,,Fairy]Dragonite||LoadedDice|Multiscale|ScaleShot,IronHead,Protect,Haze|||M|||50|,,,,,Steel]Basculegion||ChoiceScarf|Adaptability|FlipTurn,LastRespects,WaveCrash,AquaJet|||M|||50|,,,,,Water]Kingambit||SafetyGoggles|Defiant|KowtowCleave,SuckerPunch,SwordsDance,Protect|||F|||50|,,,,,Dark
|
|t:|1756445840
|teamsize|p1|4
|teamsize|p2|4
|start
|switch|p1a: Venusaur|Venusaur, L50, F, shiny|100/100
|switch|p1b: Volcarona|Volcarona, L50, F, shiny|100/100
|switch|p2a: Volcarona|Volcarona, L50, F|100/100
|switch|p2b: Sneasler|Sneasler, L50, M|100/100
|turn|1
|
|t:|1756445858
|-terastallize|p1a: Venusaur|Ghost
|move|p2b: Sneasler|Dire Claw|p1a: Venusaur
|-resisted|p1a: Venusaur
|-damage|p1a: Venusaur|76/100
|move|p2a: Volcarona|Quiver Dance|p2a: Volcarona
|-boost|p2a: Volcarona|spa|1
|-boost|p2a: Volcarona|spd|1
|-boost|p2a: Volcarona|spe|1
|move|p1a: Venusaur|Sleep Powder|p2a: Volcarona
|-status|p2a: Volcarona|slp|[from] move: Sleep Powder
|move|p1b: Volcarona|Quiver Dance|p1b: Volcarona
|-boost|p1b: Volcarona|spa|1
|-boost|p1b: Volcarona|spd|1
|-boost|p1b: Volcarona|spe|1
|
|upkeep
|turn|2
|
|t:|1756445875
|switch|p1a: Incineroar|Incineroar, L50, M, shiny|100/100
|-ability|p1a: Incineroar|Intimidate|boost
|-unboost|p2a: Volcarona|atk|1
|-unboost|p2b: Sneasler|atk|1
|cant|p2a: Volcarona|slp
|move|p1b: Volcarona|Fiery Dance|p2b: Sneasler
|-damage|p2b: Sneasler|19/100
|move|p2b: Sneasler|Dire Claw|p1a: Incineroar
|-damage|p1a: Incineroar|76/100
|-status|p1a: Incineroar|slp
|
|upkeep
|turn|3
|
|t:|1756445893
|switch|p1a: Venusaur|Venusaur, L50, F, shiny, tera:Ghost|76/100
|move|p2b: Sneasler|Protect|p2b: Sneasler
|-singleturn|p2b: Sneasler|Protect
|cant|p2a: Volcarona|slp
|move|p1b: Volcarona|Quiver Dance|p1b: Volcarona
|-boost|p1b: Volcarona|spa|1
|-boost|p1b: Volcarona|spd|1
|-boost|p1b: Volcarona|spe|1
|
|upkeep
|turn|4
|
|t:|1756445907
|move|p1b: Volcarona|Fiery Dance|p2a: Volcarona
|-damage|p2a: Volcarona|51/100 slp
|-curestatus|p2a: Volcarona|slp|[msg]
|move|p2a: Volcarona|Quiver Dance|p2a: Volcarona
|-boost|p2a: Volcarona|spa|1
|-boost|p2a: Volcarona|spd|1
|-boost|p2a: Volcarona|spe|1
|move|p2b: Sneasler|Dire Claw|p1a: Venusaur
|-resisted|p1a: Venusaur
|-crit|p1a: Venusaur
|-damage|p1a: Venusaur|39/100
|move|p1a: Venusaur|Earth Power|p2b: Sneasler
|-supereffective|p2b: Sneasler
|-damage|p2b: Sneasler|0 fnt
|faint|p2b: Sneasler
|
|upkeep
|
|t:|1756445925
|switch|p2b: Basculegion|Basculegion, L50, M|100/100
|turn|5
|
|t:|1756445968
|switch|p2b: Rillaboom|Rillaboom, L50, F|100/100
|-fieldstart|move: Grassy Terrain|[from] ability: Grassy Surge|[of] p2b: Rillaboom
|move|p2a: Volcarona|Heat Wave|p1b: Volcarona|[spread] p1a,p1b
|-damage|p1a: Venusaur|0 fnt
|-damage|p1b: Volcarona|67/100
|faint|p1a: Venusaur
|move|p1b: Volcarona|Giga Drain|p2b: Rillaboom
|-resisted|p2b: Rillaboom
|-damage|p2b: Rillaboom|76/100
|-heal|p1b: Volcarona|80/100|[from] drain|[of] p2b: Rillaboom
|
|-heal|p2a: Volcarona|56/100|[from] Grassy Terrain
|-heal|p1b: Volcarona|86/100|[from] Grassy Terrain
|-heal|p2b: Rillaboom|83/100|[from] Grassy Terrain
|upkeep
|
|t:|1756445975
|switch|p1a: Incineroar|Incineroar, L50, M, shiny|76/100 slp
|-ability|p1a: Incineroar|Intimidate|boost
|-unboost|p2a: Volcarona|atk|1
|-unboost|p2b: Rillaboom|atk|1
|turn|6
|
|t:|1756446026
|-terastallize|p2a: Volcarona|Fairy
|cant|p1a: Incineroar|slp
|move|p2a: Volcarona|Tera Blast|p1b: Volcarona|[anim] Tera Blast Fairy
|-resisted|p1b: Volcarona
|-damage|p1b: Volcarona|67/100
|move|p1b: Volcarona|Fiery Dance|p2a: Volcarona
|-damage|p2a: Volcarona|15/100
|-boost|p1b: Volcarona|spa|1
|move|p2b: Rillaboom|High Horsepower|p1b: Volcarona
|-damage|p1b: Volcarona|41/100
|
|-heal|p2a: Volcarona|20/100|[from] Grassy Terrain
|-heal|p1b: Volcarona|47/100|[from] Grassy Terrain
|-heal|p2b: Rillaboom|89/100|[from] Grassy Terrain
|-heal|p1a: Incineroar|82/100 slp|[from] Grassy Terrain
|upkeep
|turn|7
|
|t:|1756446055
|move|p2a: Volcarona|Protect|p2a: Volcarona
|-singleturn|p2a: Volcarona|Protect
|move|p1b: Volcarona|Fiery Dance|p2a: Volcarona
|-activate|p2a: Volcarona|move: Protect
|move|p2b: Rillaboom|High Horsepower|p1a: Incineroar
|-supereffective|p1a: Incineroar
|-damage|p1a: Incineroar|38/100 slp
|cant|p1a: Incineroar|slp
|
|-heal|p2a: Volcarona|26/100|[from] Grassy Terrain
|-heal|p1b: Volcarona|53/100|[from] Grassy Terrain
|-heal|p2b: Rillaboom|95/100|[from] Grassy Terrain
|-heal|p1a: Incineroar|44/100 slp|[from] Grassy Terrain
|upkeep
|turn|8
|
|t:|1756446077
|switch|p2b: Basculegion|Basculegion, L50, M|100/100
|switch|p1a: Dondozo|Dondozo, L50, M, shiny|100/100
|move|p2a: Volcarona|Heat Wave|p1a: Dondozo|[spread] p1a,p1b
|-resisted|p1a: Dondozo
|-damage|p1a: Dondozo|87/100
|-damage|p1b: Volcarona|23/100
|-status|p1a: Dondozo|brn
|move|p1b: Volcarona|Giga Drain|p2a: Volcarona
|-crit|p2a: Volcarona
|-damage|p2a: Volcarona|0 fnt
|-heal|p1b: Volcarona|35/100|[from] drain|[of] p2a: Volcarona
|faint|p2a: Volcarona
|
|-heal|p1b: Volcarona|42/100|[from] Grassy Terrain
|-heal|p1a: Dondozo|93/100 brn|[from] Grassy Terrain
|-heal|p1a: Dondozo|99/100 brn|[from] item: Leftovers
|-damage|p1a: Dondozo|93/100 brn|[from] brn
|upkeep
|
|t:|1756446089
|switch|p2a: Rillaboom|Rillaboom, L50, F|95/100
|turn|9
|
|t:|1756446104
|switch|p1a: Incineroar|Incineroar, L50, M, shiny|44/100 slp
|-ability|p1a: Incineroar|Intimidate|boost
|-unboost|p2a: Rillaboom|atk|1
|-unboost|p2b: Basculegion|atk|1
|move|p2b: Basculegion|Aqua Jet|p1b: Volcarona
|-supereffective|p1b: Volcarona
|-damage|p1b: Volcarona|0 fnt
|-status|p2b: Basculegion|brn|[from] ability: Flame Body|[of] p1b: Volcarona
|faint|p1b: Volcarona
|move|p2a: Rillaboom|Grassy Glide|p1a: Incineroar
|-resisted|p1a: Incineroar
|-damage|p1a: Incineroar|32/100 slp
|
|-heal|p2a: Rillaboom|100/100|[from] Grassy Terrain
|-heal|p1a: Incineroar|38/100 slp|[from] Grassy Terrain
|-damage|p2b: Basculegion|94/100 brn|[from] brn
|-fieldend|move: Grassy Terrain
|upkeep
|
|t:|1756446116
|switch|p1b: Dondozo|Dondozo, L50, M, shiny|93/100 brn
|turn|10
|
|t:|1756446128
|cant|p1a: Incineroar|slp
|move|p2b: Basculegion|Aqua Jet|p1a: Incineroar
|-supereffective|p1a: Incineroar
|-damage|p1a: Incineroar|19/100 slp
|move|p2a: Rillaboom|Wood Hammer|p1a: Incineroar
|-resisted|p1a: Incineroar
|-damage|p1a: Incineroar|0 fnt
|faint|p1a: Incineroar
|-damage|p2a: Rillaboom|94/100|[from] Recoil
|move|p1b: Dondozo|Yawn|p2a: Rillaboom
|-start|p2a: Rillaboom|move: Yawn|[of] p1b: Dondozo
|
|-heal|p1b: Dondozo|99/100 brn|[from] item: Leftovers
|-damage|p2b: Basculegion|88/100 brn|[from] brn
|-damage|p1b: Dondozo|93/100 brn|[from] brn
|upkeep
|turn|11
|
|t:|1756446141
|move|p1b: Dondozo|Protect|p1b: Dondozo
|-singleturn|p1b: Dondozo|Protect
|move|p2b: Basculegion|Aqua Jet|p1b: Dondozo
|-activate|p1b: Dondozo|move: Protect
|move|p2a: Rillaboom|Wood Hammer|p1b: Dondozo
|-activate|p1b: Dondozo|move: Protect
|
|-heal|p1b: Dondozo|99/100 brn|[from] item: Leftovers
|-damage|p2b: Basculegion|82/100 brn|[from] brn
|-damage|p1b: Dondozo|93/100 brn|[from] brn
|-end|p2a: Rillaboom|move: Yawn|[silent]
|-status|p2a: Rillaboom|slp
|upkeep
|turn|12
|
|t:|1756446145
|move|p2b: Basculegion|Aqua Jet|p1b: Dondozo
|-resisted|p1b: Dondozo
|-damage|p1b: Dondozo|90/100 brn
|cant|p2a: Rillaboom|slp
|move|p1b: Dondozo|Fissure|p2a: Rillaboom
|-damage|p2a: Rillaboom|0 fnt
|faint|p2a: Rillaboom
|-ohko
|
|-heal|p1b: Dondozo|96/100 brn|[from] item: Leftovers
|-damage|p2b: Basculegion|76/100 brn|[from] brn
|-damage|p1b: Dondozo|90/100 brn|[from] brn
|upkeep
|turn|13
|-message|greenlightdmp forfeited.
|raw|jagheter's rating: 1066 → 1103(+37 for winning)
|raw|greenlightdmp's rating: 1143 → 1113(-30 for losing)
|
|win|jagheter
|l|☆greenlightdmp
|player|p2|
