|j|☆twinkdistroyer
|j|☆Daniw9
|html|twinkdistroyerDaniw9    
|uhtml|bestof|Game 2 of a best-of-3
|t:|1756982699
|gametype|doubles
|player|p1|twinkdistroyer|miku-ghost|1270
|player|p2|Daniw9|170|1241
|gen|9
|tier|[Gen 9] VGC 2025 Reg H (Bo3)
|rated|
|rule|Species Clause: Limit one of each Pokémon
|rule|Item Clause: Limit 1 of each item
|clearpoke
|poke|p1|Incineroar, L50, M|
|poke|p1|Rillaboom, L50, F|
|poke|p1|Basculegion, L50, M|
|poke|p1|Volcarona, L50, M|
|poke|p1|Tyranitar, L50, M|
|poke|p1|Dragonite, L50, M|
|poke|p2|Garchomp, L50, M|
|poke|p2|Tyranitar, L50, M|
|poke|p2|Indeedee-F, L50, F|
|poke|p2|Gardevoir, L50, F|
|poke|p2|Sneasler, L50, M|
|poke|p2|Talonflame, L50, F|
|teampreview|4
|showteam|p1|Incineroar||SafetyGoggles|Intimidate|FakeOut,KnockOff,PartingShot,FlareBlitz|||M|||50|,,,,,Ghost]Rillaboom||MiracleSeed|GrassySurge|FakeOut,GrassyGlide,WoodHammer,HighHorsepower|||F|||50|,,,,,Fire]Basculegion||ChoiceScarf|Adaptability|WaveCrash,FlipTurn,AquaJet,LastRespects|||M|||50|,,,,,Grass]Volcarona||Leftovers|FlameBody|HeatWave,QuiverDance,TeraBlast,Protect|||M|||50|,,,,,Fairy]Tyranitar||AssaultVest|SandStream|KnockOff,TeraBlast,LowKick,RockSlide|||M|||50|,,,,,Flying]Dragonite||LoadedDice|Multiscale|Protect,Tailwind,ScaleShot,Haze|||M|||50|,,,,,Fairy
|showteam|p2|Garchomp||ClearAmulet|SandVeil|Earthquake,StompingTantrum,Protect,DragonClaw|||M|||50|,,,,,Steel]Tyranitar||AssaultVest|SandStream|RockSlide,TeraBlast,KnockOff,LowKick|||M|||50|,,,,,Flying]Indeedee-F||SafetyGoggles|PsychicSurge|DazzlingGleam,TrickRoom,FollowMe,HelpingHand|||F|||50|,,,,,Water]Gardevoir||ChoiceScarf|Telepathy|IcyWind,Moonblast,ExpandingForce,MysticalFire|||F|||50|,,,,,Fire]Sneasler||PsychicSeed|Unburden|CloseCombat,DireClaw,Protect,ThroatChop|||M|||50|,,,,,Dark]Talonflame||CovertCloak|GaleWings|Tailwind,DualWingbeat,FlareBlitz,Taunt|||F|||50|,,,,,Flying
|inactive|Battle timer is ON: inactive players will automatically lose when time's up. (requested by twinkdistroyer)
|
|t:|1756982712
|teamsize|p1|4
|teamsize|p2|4
|start
|switch|p1a: Tyranitar|Tyranitar, L50, M|100/100
|switch|p1b: Basculegion|Basculegion, L50, M|100/100
|switch|p2a: Garchomp|Garchomp, L50, M|100/100
|switch|p2b: Talonflame|Talonflame, L50, F|100/100
|-weather|Sandstorm|[from] ability: Sand Stream|[of] p1a: Tyranitar
|turn|1
|
|t:|1756982730
|-terastallize|p1a: Tyranitar|Flying
|move|p2b: Talonflame|Tailwind|p2b: Talonflame
|-sidestart|p2: Daniw9|move: Tailwind
|move|p2a: Garchomp|Earthquake|p1b: Basculegion|[spread] p1b
|-immune|p2b: Talonflame
|-immune|p1a: Tyranitar
|-damage|p1b: Basculegion|50/100
|move|p1b: Basculegion|Flip Turn|p2a: Garchomp
|-damage|p2a: Garchomp|63/100
|
|t:|1756982742
|switch|p1b: Rillaboom|Rillaboom, L50, F|100/100|[from] Flip Turn
|-fieldstart|move: Grassy Terrain|[from] ability: Grassy Surge|[of] p1b: Rillaboom
|move|p1a: Tyranitar|Rock Slide|p2b: Talonflame|[spread] p2a,p2b
|-resisted|p2a: Garchomp
|-supereffective|p2b: Talonflame
|-damage|p2a: Garchomp|48/100
|-damage|p2b: Talonflame|0 fnt
|faint|p2b: Talonflame
|
|-weather|Sandstorm|[upkeep]
|-damage|p1b: Rillaboom|94/100|[from] Sandstorm
|-damage|p1a: Tyranitar|95/100|[from] Sandstorm
|-heal|p2a: Garchomp|54/100|[from] Grassy Terrain
|-heal|p1b: Rillaboom|100/100|[from] Grassy Terrain
|upkeep
|
|t:|1756982759
|switch|p2b: Tyranitar|Tyranitar, L50, M|100/100
|turn|2
|
|t:|1756982775
|switch|p1b: Incineroar|Incineroar, L50, M|100/100
|-ability|p1b: Incineroar|Intimidate|boost
|-fail|p2a: Garchomp|unboost|[from] item: Clear Amulet|[of] p2a: Garchomp
|-unboost|p2b: Tyranitar|atk|1
|-terastallize|p2b: Tyranitar|Flying
|move|p2a: Garchomp|Dragon Claw|p1b: Incineroar
|-damage|p1b: Incineroar|54/100
|move|p2b: Tyranitar|Rock Slide|p1b: Incineroar|[spread] p1a,p1b
|-supereffective|p1a: Tyranitar
|-supereffective|p1b: Incineroar
|-damage|p1a: Tyranitar|61/100
|-damage|p1b: Incineroar|15/100
|move|p1a: Tyranitar|Rock Slide|p2b: Tyranitar|[spread] p2a
|-miss|p1a: Tyranitar|p2b: Tyranitar
|-resisted|p2a: Garchomp
|-damage|p2a: Garchomp|38/100
|
|-weather|Sandstorm|[upkeep]
|-damage|p2b: Tyranitar|95/100|[from] Sandstorm
|-damage|p1a: Tyranitar|55/100|[from] Sandstorm
|-heal|p2a: Garchomp|44/100|[from] Grassy Terrain
|-heal|p1b: Incineroar|21/100|[from] Grassy Terrain
|upkeep
|turn|3
|
|t:|1756982796
|move|p1b: Incineroar|Fake Out|p2a: Garchomp
|-damage|p2a: Garchomp|31/100
|cant|p2a: Garchomp|flinch
|move|p2b: Tyranitar|Rock Slide|p1a: Tyranitar|[spread] p1a,p1b
|-supereffective|p1a: Tyranitar
|-supereffective|p1b: Incineroar
|-damage|p1a: Tyranitar|23/100
|-damage|p1b: Incineroar|0 fnt
|faint|p1b: Incineroar
|cant|p1a: Tyranitar|flinch
|
|-weather|Sandstorm|[upkeep]
|-damage|p2b: Tyranitar|89/100|[from] Sandstorm
|-damage|p1a: Tyranitar|17/100|[from] Sandstorm
|-heal|p2a: Garchomp|37/100|[from] Grassy Terrain
|upkeep
|
|t:|1756982807
|switch|p1b: Rillaboom|Rillaboom, L50, F|100/100
|turn|4
|
|t:|1756982814
|move|p1b: Rillaboom|Fake Out|p2a: Garchomp
|-damage|p2a: Garchomp|21/100
|cant|p2a: Garchomp|flinch
|move|p2b: Tyranitar|Rock Slide|p1b: Rillaboom|[spread] p1a,p1b
|-supereffective|p1a: Tyranitar
|-damage|p1a: Tyranitar|0 fnt
|-damage|p1b: Rillaboom|82/100
|faint|p1a: Tyranitar
|
|-weather|Sandstorm|[upkeep]
|-damage|p2b: Tyranitar|83/100|[from] Sandstorm
|-damage|p1b: Rillaboom|76/100|[from] Sandstorm
|-heal|p2a: Garchomp|27/100|[from] Grassy Terrain
|-heal|p1b: Rillaboom|82/100|[from] Grassy Terrain
|-sideend|p2: Daniw9|move: Tailwind
|upkeep
|
|t:|1756982821
|switch|p1a: Basculegion|Basculegion, L50, M|50/100
|turn|5
|
|t:|1756982832
|move|p1b: Rillaboom|Grassy Glide|p2a: Garchomp|[miss]
|-miss|p1b: Rillaboom|p2a: Garchomp
|move|p1a: Basculegion|Last Respects|p2b: Tyranitar
|-damage|p2b: Tyranitar|1/100
|move|p2a: Garchomp|Dragon Claw|p1b: Rillaboom
|-damage|p1b: Rillaboom|36/100
|move|p2b: Tyranitar|Knock Off|p1a: Basculegion
|-supereffective|p1a: Basculegion
|-damage|p1a: Basculegion|0 fnt
|-enditem|p1a: Basculegion|Choice Scarf|[from] move: Knock Off|[of] p2b: Tyranitar
|faint|p1a: Basculegion
|
|-weather|none
|-heal|p2a: Garchomp|33/100|[from] Grassy Terrain
|-heal|p1b: Rillaboom|42/100|[from] Grassy Terrain
|-fieldend|move: Grassy Terrain
|upkeep
|turn|6
|-message|twinkdistroyer forfeited.
|
|win|Daniw9
|raw|twinkdistroyer's rating: 1260 → 1234(-26 for losing)
|raw|Daniw9's rating: 1241 → 1267(+26 for winning)
|l|☆twinkdistroyer
|player|p1|
|j|☆twinkdistroyer
|player|p1|twinkdistroyer|miku-ghost|
|l|☆twinkdistroyer
|player|p1|
