|j|☆chingling is life
|j|☆Tearamizuu
|html|chingling is lifeTearamizuu    
|uhtml|bestof|Game 1 of a best-of-3
|t:|1785601938
|gametype|doubles
|player|p1|chingling is life|1|
|player|p2|Tearamizuu|acetrainerf-gen4|
|gen|9
|tier|[Gen 9 Champions] VGC 2026 Reg M-B (Bo3)
|rule|Species Clause: Limit one of each Pokémon
|rule|Item Clause: Limit 1 of each item
|clearpoke
|poke|p1|Pelipper, L50, F|
|poke|p1|Basculegion-F, L50, F|
|poke|p1|Espathra, L50, M|
|poke|p1|Sneasler, L50, M|
|poke|p1|Dragonite, L50, M|
|poke|p1|Vivillon, L50, M|
|poke|p2|Drampa, L50, M|
|poke|p2|Whimsicott, L50, F|
|poke|p2|Milotic, L50, F|
|poke|p2|Farigiraf, L50, F|
|poke|p2|Goodra-Hisui, L50, M|
|poke|p2|Houndoom, L50, M|
|teampreview|4
|showteam|p1|Pelipper||FocusSash|Drizzle|Tailwind,MuddyWater,WeatherBall,Hurricane|Modest||F|||50|]Basculegion-F||LifeOrb|Adaptability|WaveCrash,AquaJet,LastRespects,Protect|Adamant||F|||50|]Espathra||MentalHerb|SpeedBoost|Protect,CalmMind,LuminaCrash,BatonPass|Calm||M|||50|]Sneasler||WhiteHerb|Unburden|FakeOut,CloseCombat,PoisonJab,Protect|Adamant||M|||50|]Dragonite||Dragoninite|Multiscale|Thunderbolt,Protect,Hurricane,WeatherBall|Modest||M|||50|]Vivillon||ChoiceScarf|CompoundEyes|Tailwind,SleepPowder,Hurricane,RainDance|Calm||M|||50|
|showteam|p2|Drampa||Drampanite|CloudNine|Protect,HyperVoice,EarthPower,DragonPulse|Quiet||M|||50|]Whimsicott||FocusSash|Prankster|Charm,Moonblast,Protect,Tailwind|Modest||F|||50|]Milotic||Leftovers|MarvelScale|LifeDew,Coil,IceBeam,MuddyWater|Modest||F|||50|]Farigiraf||SitrusBerry|ArmorTail|Thunderbolt,HelpingHand,TwinBeam,TrickRoom|Modest||F|||50|]Goodra-Hisui||ChopleBerry|Gooey|Shelter,LifeDew,DragonPulse,Thunderbolt|Relaxed||M|||50|]Houndoom||Houndoominite|FlashFire|Protect,HeatWave,Uproar,DarkPulse|Timid||M|||50|
|inactive|Battle timer is ON: inactive players will automatically lose when time's up. (requested by Tearamizuu)
|inactive|Tearamizuu has 60 seconds left.
|
|t:|1785601969
|teamsize|p1|4
|teamsize|p2|4
|start
|switch|p1a: Basculegion|Basculegion-F, L50, F|100/100
|switch|p1b: Vivillon|Vivillon, L50, M|100/100
|switch|p2a: Houndoom|Houndoom, L50, M|100/100
|switch|p2b: Whimsicott|Whimsicott, L50, F|100/100
|turn|1
|inactive|chingling is life has 30 seconds left.
|
|t:|1785601996
|move|p2a: Houndoom|Protect|p2a: Houndoom
|-singleturn|p2a: Houndoom|Protect
|move|p1a: Basculegion|Protect|p1a: Basculegion
|-singleturn|p1a: Basculegion|Protect
|move|p2b: Whimsicott|Tailwind|p2b: Whimsicott
|-sidestart|p2: Tearamizuu|move: Tailwind
|move|p1b: Vivillon|Tailwind|p1b: Vivillon
|-sidestart|p1: chingling is life|move: Tailwind
|
|upkeep
|turn|2
|inactive|Tearamizuu has 30 seconds left.
|
|t:|1785602029
|switch|p1b: Pelipper|Pelipper, L50, F|100/100
|-weather|RainDance|[from] ability: Drizzle|[of] p1b: Pelipper
|switch|p2b: Drampa|Drampa, L50, M|100/100
|-ability|p2b: Drampa|Cloud Nine
|switch|p1a: Dragonite|Dragonite, L50, M|100/100
|detailschange|p2a: Houndoom|Houndoom-Mega, L50, M
|-mega|p2a: Houndoom|Houndoom|Houndoominite
|move|p2a: Houndoom|Dark Pulse|p1a: Dragonite
|-damage|p1a: Dragonite|80/100
|
|-weather|RainDance|[upkeep]
|upkeep
|turn|3
|inactive|chingling is life has 30 seconds left.
|inactive|Tearamizuu has 30 seconds left.
|
|t:|1785602060
|switch|p2a: Goodra|Goodra-Hisui, L50, M|100/100
|move|p1a: Dragonite|Protect|p1a: Dragonite
|-singleturn|p1a: Dragonite|Protect
|move|p1b: Pelipper|Muddy Water|p2b: Drampa|[spread] p2b
|-miss|p1b: Pelipper|p2a: Goodra
|-resisted|p2b: Drampa|1
|-damage|p2b: Drampa|81/100
|-unboost|p2b: Drampa|accuracy|1
|move|p2b: Drampa|Dragon Pulse|p1a: Dragonite
|-activate|p1a: Dragonite|move: Protect
|
|-weather|RainDance|[upkeep]
|upkeep
|turn|4
|inactive|chingling is life has 30 seconds left.
|
|t:|1785602085
|switch|p1a: Basculegion|Basculegion-F, L50, F|100/100
|move|p1b: Pelipper|Hurricane|p2b: Drampa
|-damage|p2b: Drampa|25/100
|move|p2a: Goodra|Shelter|p2a: Goodra
|-boost|p2a: Goodra|def|2
|move|p2b: Drampa|Dragon Pulse|p1a: Basculegion|[miss]
|-miss|p2b: Drampa|p1a: Basculegion
|
|-weather|RainDance|[upkeep]
|-sideend|p2: Tearamizuu|move: Tailwind
|-sideend|p1: chingling is life|move: Tailwind
|upkeep
|turn|5
|
|t:|1785602104
|switch|p2b: Whimsicott|Whimsicott, L50, F|100/100
|move|p1b: Pelipper|Tailwind|p1b: Pelipper
|-sidestart|p1: chingling is life|move: Tailwind
|move|p1a: Basculegion|Wave Crash|p2b: Whimsicott
|-resisted|p2b: Whimsicott|1
|-damage|p2b: Whimsicott|11/100
|-damage|p1a: Basculegion|78/100|[from] Recoil
|-damage|p1a: Basculegion|68/100|[from] item: Life Orb
|move|p2a: Goodra|Shelter|p2a: Goodra
|-boost|p2a: Goodra|def|2
|
|-weather|RainDance|[upkeep]
|upkeep
|turn|6
|inactive|Tearamizuu has 30 seconds left.
|inactive|Tearamizuu has 20 seconds left.
|inactive|Tearamizuu has 15 seconds left.
|
|t:|1785602149
|move|p2b: Whimsicott|Protect|p2b: Whimsicott
|-singleturn|p2b: Whimsicott|Protect
|move|p1a: Basculegion|Aqua Jet|p2b: Whimsicott
|-activate|p2b: Whimsicott|move: Protect
|move|p1b: Pelipper|Hurricane|p2a: Goodra
|-resisted|p2a: Goodra|1
|-damage|p2a: Goodra|81/100
|move|p2a: Goodra|Thunderbolt|p1b: Pelipper
|-supereffective|p1b: Pelipper|2
|-enditem|p1b: Pelipper|Focus Sash
|-damage|p1b: Pelipper|1/100
|
|-weather|none
|upkeep
|turn|7
|inactive|chingling is life has 30 seconds left.
|
|t:|1785602176
|switch|p1b: Dragonite|Dragonite, L50, M|80/100
|move|p2b: Whimsicott|Tailwind|p2b: Whimsicott
|-sidestart|p2: Tearamizuu|move: Tailwind
|move|p1a: Basculegion|Wave Crash|p2b: Whimsicott
|-resisted|p2b: Whimsicott|1
|-damage|p2b: Whimsicott|0 fnt
|faint|p2b: Whimsicott
|-damage|p1a: Basculegion|65/100|[from] Recoil
|-damage|p1a: Basculegion|55/100|[from] item: Life Orb
|move|p2a: Goodra|Life Dew|p2a: Goodra
|-heal|p2a: Goodra|100/100
|
|upkeep
|
|t:|1785602186
|switch|p2b: Houndoom|Houndoom-Mega, L50, M|100/100
|turn|8
|
|t:|1785602201
|switch|p1a: Pelipper|Pelipper, L50, F|1/100
|-weather|RainDance|[from] ability: Drizzle|[of] p1a: Pelipper
|detailschange|p1b: Dragonite|Dragonite-Mega, L50, M
|-mega|p1b: Dragonite|Dragonite|Dragoninite
|move|p2b: Houndoom|Protect|p2b: Houndoom
|-singleturn|p2b: Houndoom|Protect
|move|p1b: Dragonite|Weather Ball|p2b: Houndoom
|-activate|p2b: Houndoom|move: Protect
|move|p2a: Goodra|Thunderbolt|p1b: Dragonite
|-damage|p1b: Dragonite|62/100
|
|-weather|RainDance|[upkeep]
|-sideend|p1: chingling is life|move: Tailwind
|upkeep
|turn|9
|inactive|Tearamizuu has 30 seconds left.
|inactive|Tearamizuu has 20 seconds left.
|inactive|Tearamizuu has 15 seconds left.
|inactive|Tearamizuu has 10 seconds left.
|
|t:|1785602247
|switch|p2b: Drampa|Drampa, L50, M|25/100
|-ability|p2b: Drampa|Cloud Nine
|switch|p1a: Vivillon|Vivillon, L50, M|100/100
|move|p2a: Goodra|Thunderbolt|p1a: Vivillon
|-supereffective|p1a: Vivillon|1
|-damage|p1a: Vivillon|44/100
|move|p1b: Dragonite|Weather Ball|p2b: Drampa
|-damage|p2b: Drampa|4/100
|
|-weather|RainDance|[upkeep]
|upkeep
|turn|10
|
|t:|1785602272
|move|p1a: Vivillon|Sleep Powder|p2a: Goodra
|-status|p2a: Goodra|slp|[from] move: Sleep Powder
|cant|p2a: Goodra|slp
|move|p1b: Dragonite|Thunderbolt|p2b: Drampa
|-resisted|p2b: Drampa|1
|-damage|p2b: Drampa|0 fnt
|faint|p2b: Drampa
|
|-weather|RainDance|[upkeep]
|-sideend|p2: Tearamizuu|move: Tailwind
|upkeep
|
|t:|1785602278
|switch|p2b: Houndoom|Houndoom-Mega, L50, M|100/100
|turn|11
|
|t:|1785602291
|move|p2b: Houndoom|Protect|p2b: Houndoom
|-singleturn|p2b: Houndoom|Protect
|move|p1a: Vivillon|Sleep Powder|p2b: Houndoom
|-activate|p2b: Houndoom|move: Protect
|move|p1b: Dragonite|Hurricane|p2a: Goodra
|-resisted|p2a: Goodra|1
|-crit|p2a: Goodra
|-damage|p2a: Goodra|60/100 slp
|-curestatus|p2a: Goodra|slp|[msg]
|move|p2a: Goodra|Thunderbolt|p1a: Vivillon
|-supereffective|p1a: Vivillon|1
|-damage|p1a: Vivillon|0 fnt
|faint|p1a: Vivillon
|
|-weather|RainDance|[upkeep]
|upkeep
|
|t:|1785602296
|switch|p1a: Basculegion|Basculegion-F, L50, F|55/100
|turn|12
|
|t:|1785602318
|move|p1a: Basculegion|Aqua Jet|p2b: Houndoom
|-supereffective|p2b: Houndoom|1
|-damage|p2b: Houndoom|0 fnt
|faint|p2b: Houndoom
|-damage|p1a: Basculegion|45/100|[from] item: Life Orb
|move|p1b: Dragonite|Hurricane|p2a: Goodra
|-resisted|p2a: Goodra|1
|-damage|p2a: Goodra|36/100
|-start|p2a: Goodra|confusion
|-activate|p2a: Goodra|confusion
|move|p2a: Goodra|Life Dew|p2a: Goodra
|-heal|p2a: Goodra|62/100
|
|-weather|none
|upkeep
|turn|13
|
|t:|1785602339
|switch|p1a: Pelipper|Pelipper, L50, F|1/100
|-weather|RainDance|[from] ability: Drizzle|[of] p1a: Pelipper
|move|p1b: Dragonite|Hurricane|p2a: Goodra
|-resisted|p2a: Goodra|1
|-damage|p2a: Goodra|36/100
|-activate|p2a: Goodra|confusion
|-damage|p2a: Goodra|32/100|[from] confusion
|
|-weather|RainDance|[upkeep]
|upkeep
|turn|14
|
|t:|1785602353
|move|p1b: Dragonite|Hurricane|p2a: Goodra
|-resisted|p2a: Goodra|1
|-damage|p2a: Goodra|8/100
|move|p1a: Pelipper|Weather Ball|p2a: Goodra
|-resisted|p2a: Goodra|1
|-damage|p2a: Goodra|0 fnt
|faint|p2a: Goodra
|
|win|chingling is life
||Tearamizuu is ready for game 2.
||chingling is life is ready for game 2.
|uhtml|next|Next: Game 2 of 3
