|j|☆Jbl08
|j|☆ChimpDoppio
|html|Jbl08ChimpDoppio    
|uhtml|bestof|Game 1 of a best-of-3
|t:|1756895175
|gametype|doubles
|player|p1|Jbl08|266|1104
|player|p2|ChimpDoppio|ingo|1040
|gen|9
|tier|[Gen 9] VGC 2025 Reg H (Bo3)
|rated|
|rule|Species Clause: Limit one of each Pokémon
|rule|Item Clause: Limit 1 of each item
|clearpoke
|poke|p1|Annihilape, L50, M|
|poke|p1|Maushold, L50|
|poke|p1|Archaludon, L50, M|
|poke|p1|Amoonguss, L50, M|
|poke|p1|Incineroar, L50, M|
|poke|p1|Gholdengo, L50|
|poke|p2|Porygon2, L50|
|poke|p2|Ursaluna, L50, M|
|poke|p2|Volcarona, L50, F|
|poke|p2|Grimmsnarl, L50, M|
|poke|p2|Annihilape, L50, M|
|poke|p2|Hydreigon, L50, F|
|teampreview|4
|showteam|p1|Annihilape||Leftovers|Defiant|RageFist,DrainPunch,BulkUp,Coaching|||M|||50|,,,,,Fire]Maushold||SafetyGoggles|FriendGuard|FollowMe,Encore,PopulationBomb,Taunt||||||50|,,,,,Ghost]Archaludon||PowerHerb|Stamina|ElectroShot,BodyPress,DracoMeteor,Protect|||M|||50|,,,,,Electric]Amoonguss||SitrusBerry|Regenerator|Spore,RagePowder,PollenPuff,ClearSmog|||M|||50|,,,,,Water]Incineroar||AguavBerry|Intimidate|FakeOut,KnockOff,PartingShot,FlareBlitz|||M|||50|,,,,,Ghost]Gholdengo||LifeOrb|GoodasGold|MakeItRain,ShadowBall,Protect,NastyPlot||||||50|,,,,,Steel
|showteam|p2|Porygon2||Eviolite|Download|IceBeam,TeraBlast,Recover,TrickRoom||||||50|,,,,,Flying]Ursaluna||FlameOrb|Guts|Facade,Earthquake,HeadlongRush,Protect|||M|||50|,,,,,Ghost]Volcarona||SitrusBerry|FlameBody|GigaDrain,HeatWave,QuiverDance,RagePowder|||F|||50|,,,,,Dragon]Grimmsnarl||LightClay|Prankster|SpiritBreak,Reflect,LightScreen,PartingShot|||M|||50|,,,,,Ghost]Annihilape||SafetyGoggles|Defiant|Protect,BulkUp,DrainPunch,RageFist|||M|||50|,,,,,Water]Hydreigon||AssaultVest|Levitate|DracoMeteor,DarkPulse,EarthPower,FlashCannon|||F|||50|,,,,,Steel
|inactive|Battle timer is ON: inactive players will automatically lose when time's up. (requested by ChimpDoppio)
|inactive|ChimpDoppio has 60 seconds left.
|
|t:|1756895231
|teamsize|p1|4
|teamsize|p2|4
|start
|switch|p1a: Maushold|Maushold, L50|100/100
|switch|p1b: Annihilape|Annihilape, L50, M, shiny|100/100
|switch|p2a: Volcarona|Volcarona, L50, F, shiny|100/100
|switch|p2b: Annihilape|Annihilape, L50, M, shiny|100/100
|turn|1
|inactive|Jbl08 has 30 seconds left.
|inactive|ChimpDoppio has 30 seconds left.
|inactive|ChimpDoppio has 20 seconds left.
|
|t:|1756895268
|move|p1a: Maushold|Taunt|p2a: Volcarona
|-start|p2a: Volcarona|move: Taunt
|move|p2a: Volcarona|Heat Wave|p1b: Annihilape|[spread] p1a,p1b
|-crit|p1a: Maushold
|-damage|p1a: Maushold|56/100
|-damage|p1b: Annihilape|80/100
|move|p2b: Annihilape|Bulk Up|p2b: Annihilape
|-boost|p2b: Annihilape|atk|1
|-boost|p2b: Annihilape|def|1
|move|p1b: Annihilape|Bulk Up|p1b: Annihilape
|-boost|p1b: Annihilape|atk|1
|-boost|p1b: Annihilape|def|1
|
|-heal|p1b: Annihilape|86/100|[from] item: Leftovers
|upkeep
|turn|2
|inactive|Jbl08 has 30 seconds left.
|inactive|ChimpDoppio has 30 seconds left.
|
|t:|1756895295
|move|p1a: Maushold|Encore|p2b: Annihilape
|-start|p2b: Annihilape|Encore
|move|p2a: Volcarona|Heat Wave|p1b: Annihilape|[spread] p1a,p1b
|-crit|p1a: Maushold
|-damage|p1a: Maushold|12/100
|-damage|p1b: Annihilape|67/100
|move|p2b: Annihilape|Bulk Up|p2b: Annihilape
|-boost|p2b: Annihilape|atk|1
|-boost|p2b: Annihilape|def|1
|move|p1b: Annihilape|Bulk Up|p1b: Annihilape
|-boost|p1b: Annihilape|atk|1
|-boost|p1b: Annihilape|def|1
|
|-heal|p1b: Annihilape|74/100|[from] item: Leftovers
|upkeep
|turn|3
|
|t:|1756895313
|move|p1a: Maushold|Taunt|p2b: Annihilape
|-start|p2b: Annihilape|move: Taunt
|move|p2a: Volcarona|Heat Wave|p1a: Maushold|[spread] p1a
|-miss|p2a: Volcarona|p1b: Annihilape
|-damage|p1a: Maushold|0 fnt
|faint|p1a: Maushold
|cant|p2b: Annihilape|move: Taunt|Bulk Up
|move|p1b: Annihilape|Rage Fist|p2a: Volcarona
|-damage|p2a: Volcarona|0 fnt
|faint|p2a: Volcarona
|
|-heal|p1b: Annihilape|80/100|[from] item: Leftovers
|upkeep
|
|t:|1756895329
|switch|p1a: Archaludon|Archaludon, L50, M, shiny|100/100
|switch|p2a: Porygon2|Porygon2, L50, shiny|100/100
|-ability|p2a: Porygon2|Download|boost
|-boost|p2a: Porygon2|spa|1
|turn|4
|
|t:|1756895345
|-terastallize|p2a: Porygon2|Flying
|-activate|p2b: Annihilape|move: Struggle
|move|p2b: Annihilape|Struggle|p1a: Archaludon
|-damage|p1a: Archaludon|82/100
|-ability|p1a: Archaludon|Stamina|boost
|-boost|p1a: Archaludon|def|1
|-damage|p2b: Annihilape|75/100|[from] recoil
|move|p1b: Annihilape|Rage Fist|p2b: Annihilape
|-supereffective|p2b: Annihilape
|-damage|p2b: Annihilape|0 fnt
|faint|p2b: Annihilape
|move|p1a: Archaludon|Body Press|p2a: Porygon2
|-resisted|p2a: Porygon2
|-crit|p2a: Porygon2
|-damage|p2a: Porygon2|81/100
|move|p2a: Porygon2|Tera Blast|p1b: Annihilape|[anim] Tera Blast Flying
|-supereffective|p1b: Annihilape
|-damage|p1b: Annihilape|0 fnt
|faint|p1b: Annihilape
|
|upkeep
|inactive|Jbl08 has 30 seconds left.
|
|t:|1756895371
|switch|p2b: Ursaluna|Ursaluna, L50, M|100/100
|switch|p1b: Gholdengo|Gholdengo, L50|100/100
|turn|5
|
|t:|1756895398
|move|p1b: Gholdengo|Protect|p1b: Gholdengo
|-singleturn|p1b: Gholdengo|Protect
|move|p1a: Archaludon|Electro Shot||[still]
|-prepare|p1a: Archaludon|Electro Shot
|-boost|p1a: Archaludon|spa|1
|-enditem|p1a: Archaludon|Power Herb
|-anim|p1a: Archaludon|Electro Shot|p2a: Porygon2
|-supereffective|p2a: Porygon2
|-damage|p2a: Porygon2|22/100
|move|p2b: Ursaluna|Earthquake|p1a: Archaludon|[spread] p1a
|-activate|p1b: Gholdengo|move: Protect
|-immune|p2a: Porygon2
|-supereffective|p1a: Archaludon
|-damage|p1a: Archaludon|42/100
|-ability|p1a: Archaludon|Stamina|boost
|-boost|p1a: Archaludon|def|1
|move|p2a: Porygon2|Trick Room|p2a: Porygon2
|-fieldstart|move: Trick Room|[of] p2a: Porygon2
|
|-status|p2b: Ursaluna|brn|[from] item: Flame Orb
|upkeep
|turn|6
|inactive|Jbl08 has 30 seconds left.
|inactive|ChimpDoppio has 30 seconds left.
|
|t:|1756895428
|move|p2b: Ursaluna|Earthquake|p1b: Gholdengo|[spread] p1a,p1b
|-immune|p2a: Porygon2
|-supereffective|p1a: Archaludon
|-supereffective|p1b: Gholdengo
|-damage|p1a: Archaludon|0 fnt
|-damage|p1b: Gholdengo|0 fnt
|faint|p1a: Archaludon
|faint|p1b: Gholdengo
|
|win|ChimpDoppio
||Jbl08 is ready for game 2.
||ChimpDoppio is ready for game 2.
|uhtml|next|Next: Game 2 of 3
|l|☆Jbl08
|player|p1|
