|j|☆Ghostcompany
|j|☆fudii
|html|Ghostcompanyfudii    
|uhtml|bestof|Game 2 of a best-of-3
|t:|1757743052
|gametype|doubles
|player|p1|Ghostcompany|266|
|player|p2|fudii|dahlia|
|gen|9
|tier|[Gen 9] VGC 2025 Reg H (Bo3)
|rule|Species Clause: Limit one of each Pokémon
|rule|Item Clause: Limit 1 of each item
|clearpoke
|poke|p1|Sneasler, L50, M|
|poke|p1|Indeedee, L50, M|
|poke|p1|Ursaluna-Bloodmoon, L50, M|
|poke|p1|Electabuzz, L50, F|
|poke|p1|Incineroar, L50, F|
|poke|p1|Talonflame, L50, M|
|poke|p2|Kommo-o, L50, F|
|poke|p2|Dondozo, L50, F|
|poke|p2|Rillaboom, L50, M|
|poke|p2|Sneasler, L50, F|
|poke|p2|Electabuzz, L50, M|
|poke|p2|Gholdengo, L50|
|teampreview|4
|showteam|p1|Sneasler||PsychicSeed|Unburden|CloseCombat,DireClaw,ThroatChop,Protect|||M|||50|,,,,,Dark]Indeedee||FocusSash|PsychicSurge|ExpandingForce,TrickRoom,HelpingHand,Protect|||M|||50|,,,,,Psychic]Ursaluna-Bloodmoon||LifeOrb|MindsEye|BloodMoon,HyperVoice,EarthPower,Protect|||M|||50|,,,,,Normal]Electabuzz||Eviolite|VitalSpirit|Electroweb,FollowMe,Taunt,Protect|||F|||50|,,,,,Dragon]Incineroar||SafetyGoggles|Intimidate|FlareBlitz,KnockOff,PartingShot,FakeOut|||F|||50|,,,,,Ghost]Talonflame||CovertCloak|GaleWings|FlareBlitz,DualWingbeat,WillOWisp,Tailwind|||M|||50|,,,,,Fairy
|showteam|p2|Kommo-o||ThroatSpray|Soundproof|ClangorousSoul,ClangingScales,Flamethrower,Protect|||F|||50|,,,,,Fire]Dondozo||Leftovers|Unaware|WaveCrash,Fissure,Yawn,Protect|||F|||50|,,,,,Flying]Rillaboom||AssaultVest|GrassySurge|FakeOut,WoodHammer,GrassyGlide,HighHorsepower|||M|||50|,,,,,Fire]Sneasler||FocusSash|Unburden|FakeOut,DireClaw,CloseCombat,Protect|||F|||50|,,,,,Stellar]Electabuzz||Eviolite|VitalSpirit|Electroweb,FollowMe,HelpingHand,Protect|||M|||50|,,,,,Grass]Gholdengo||ChoiceSpecs|GoodasGold|MakeItRain,ShadowBall,DazzlingGleam,PowerGem||||||50|,,,,,Fairy
|
|t:|1757743145
|teamsize|p1|4
|teamsize|p2|4
|start
|switch|p1a: Indeedee|Indeedee, L50, M|100/100
|switch|p1b: Incineroar|Incineroar, L50, F|100/100
|switch|p2a: Rillaboom|Rillaboom, L50, M|100/100
|switch|p2b: Kommo-o|Kommo-o, L50, F|100/100
|-fieldstart|move: Psychic Terrain|[from] ability: Psychic Surge|[of] p1a: Indeedee
|-ability|p1b: Incineroar|Intimidate|boost
|-unboost|p2a: Rillaboom|atk|1
|-unboost|p2b: Kommo-o|atk|1
|-fieldstart|move: Grassy Terrain|[from] ability: Grassy Surge|[of] p2a: Rillaboom
|turn|1
|
|t:|1757743183
|move|p2a: Rillaboom|Fake Out|p1b: Incineroar
|-damage|p1b: Incineroar|91/100
|move|p2b: Kommo-o|Clanging Scales|p1b: Incineroar|[spread] p1a,p1b
|-damage|p1a: Indeedee|58/100
|-damage|p1b: Incineroar|61/100
|-unboost|p2b: Kommo-o|def|1
|-enditem|p2b: Kommo-o|Throat Spray
|-boost|p2b: Kommo-o|spa|1|[from] item: Throat Spray
|cant|p1b: Incineroar|flinch
|move|p1a: Indeedee|Trick Room|p1a: Indeedee
|-fieldstart|move: Trick Room|[of] p1a: Indeedee
|
|-heal|p1b: Incineroar|67/100|[from] Grassy Terrain
|-heal|p1a: Indeedee|64/100|[from] Grassy Terrain
|upkeep
|turn|2
|
|t:|1757743231
|-terastallize|p2a: Rillaboom|Fire
|move|p2a: Rillaboom|Wood Hammer|p1a: Indeedee
|-damage|p1a: Indeedee|0 fnt
|faint|p1a: Indeedee
|-damage|p2a: Rillaboom|87/100|[from] Recoil
|move|p1b: Incineroar|Parting Shot|p2b: Kommo-o
|-immune|p2b: Kommo-o|[from] ability: Soundproof
|move|p2b: Kommo-o|Clanging Scales|p1b: Incineroar
|-damage|p1b: Incineroar|6/100
|-unboost|p2b: Kommo-o|def|1
|
|-heal|p2a: Rillaboom|93/100|[from] Grassy Terrain
|-heal|p1b: Incineroar|12/100|[from] Grassy Terrain
|upkeep
|j| sam smithy
|
|t:|1757743246
|switch|p1a: Ursaluna|Ursaluna-Bloodmoon, L50, M|100/100
|turn|3
|
|t:|1757743266
|-terastallize|p1a: Ursaluna|Normal
|move|p2b: Kommo-o|Protect|p2b: Kommo-o
|-singleturn|p2b: Kommo-o|Protect
|move|p1a: Ursaluna|Blood Moon|p2b: Kommo-o
|-activate|p2b: Kommo-o|move: Protect
|move|p2a: Rillaboom|Wood Hammer|p1a: Ursaluna
|-damage|p1a: Ursaluna|54/100
|-damage|p2a: Rillaboom|79/100|[from] Recoil
|move|p1b: Incineroar|Knock Off|p2a: Rillaboom
|-damage|p2a: Rillaboom|41/100
|-enditem|p2a: Rillaboom|Assault Vest|[from] move: Knock Off|[of] p1b: Incineroar
|
|-heal|p1a: Ursaluna|60/100|[from] Grassy Terrain
|-heal|p2a: Rillaboom|46/100|[from] Grassy Terrain
|-heal|p1b: Incineroar|18/100|[from] Grassy Terrain
|upkeep
|turn|4
|
|t:|1757743301
|switch|p1b: Sneasler|Sneasler, L50, M|100/100
|switch|p2b: Dondozo|Dondozo, L50, F|100/100
|move|p1a: Ursaluna|Hyper Voice|p2a: Rillaboom|[spread] p2a,p2b
|-damage|p2a: Rillaboom|0 fnt
|-damage|p2b: Dondozo|55/100
|faint|p2a: Rillaboom
|-damage|p1a: Ursaluna|51/100|[from] item: Life Orb
|
|-heal|p2b: Dondozo|61/100|[from] Grassy Terrain
|-heal|p2b: Dondozo|67/100|[from] item: Leftovers
|-heal|p1a: Ursaluna|57/100|[from] Grassy Terrain
|upkeep
|
|t:|1757743319
|switch|p2a: Electabuzz|Electabuzz, L50, M|100/100
|turn|5
|
|t:|1757743350
|move|p2b: Dondozo|Protect|p2b: Dondozo
|-singleturn|p2b: Dondozo|Protect
|move|p2a: Electabuzz|Protect|p2a: Electabuzz
|-singleturn|p2a: Electabuzz|Protect
|move|p1a: Ursaluna|Blood Moon|p2b: Dondozo
|-activate|p2b: Dondozo|move: Protect
|move|p1b: Sneasler|Dire Claw|p2a: Electabuzz
|-activate|p2a: Electabuzz|move: Protect
|
|-heal|p2b: Dondozo|74/100|[from] Grassy Terrain
|-heal|p2b: Dondozo|80/100|[from] item: Leftovers
|-heal|p1a: Ursaluna|62/100|[from] Grassy Terrain
|-fieldend|move: Trick Room
|-fieldend|move: Grassy Terrain
|upkeep
|turn|6
|
|t:|1757743388
|move|p2a: Electabuzz|Follow Me|p2a: Electabuzz
|-singleturn|p2a: Electabuzz|move: Follow Me
|move|p1b: Sneasler|Dire Claw|p2a: Electabuzz
|-damage|p2a: Electabuzz|61/100
|move|p1a: Ursaluna|Hyper Voice|p2a: Electabuzz|[spread] p2a,p2b
|-damage|p2a: Electabuzz|7/100
|-damage|p2b: Dondozo|32/100
|-damage|p1a: Ursaluna|53/100|[from] item: Life Orb
|move|p2b: Dondozo|Yawn|p1a: Ursaluna
|-start|p1a: Ursaluna|move: Yawn|[of] p2b: Dondozo
|
|-heal|p2b: Dondozo|39/100|[from] item: Leftovers
|upkeep
|turn|7
|
|t:|1757743408
|switch|p1a: Incineroar|Incineroar, L50, F|18/100
|-ability|p1a: Incineroar|Intimidate|boost
|-unboost|p2a: Electabuzz|atk|1
|-unboost|p2b: Dondozo|atk|1
|move|p1b: Sneasler|Dire Claw|p2b: Dondozo
|-damage|p2b: Dondozo|13/100
|-status|p2b: Dondozo|slp
|move|p2a: Electabuzz|Electroweb|p1b: Sneasler|[spread] p1a,p1b
|-damage|p1a: Incineroar|6/100
|-damage|p1b: Sneasler|82/100
|-unboost|p1a: Incineroar|spe|1
|-unboost|p1b: Sneasler|spe|1
|cant|p2b: Dondozo|slp
|
|-heal|p2b: Dondozo|19/100 slp|[from] item: Leftovers
|upkeep
|turn|8
|
|t:|1757743442
|move|p2a: Electabuzz|Protect|p2a: Electabuzz
|-singleturn|p2a: Electabuzz|Protect
|move|p1a: Incineroar|Fake Out|p2a: Electabuzz
|-activate|p2a: Electabuzz|move: Protect
|move|p1b: Sneasler|Dire Claw|p2b: Dondozo
|-damage|p2b: Dondozo|0 fnt
|faint|p2b: Dondozo
|
|upkeep
|
|t:|1757743450
|switch|p2b: Kommo-o|Kommo-o, L50, F|100/100
|turn|9
|
|t:|1757743469
|switch|p1a: Ursaluna|Ursaluna-Bloodmoon, L50, M, tera:Normal|53/100
|move|p2a: Electabuzz|Electroweb|p1a: Ursaluna|[spread] p1a,p1b
|-damage|p1a: Ursaluna|34/100
|-damage|p1b: Sneasler|63/100
|-unboost|p1a: Ursaluna|spe|1
|-unboost|p1b: Sneasler|spe|1
|move|p2b: Kommo-o|Clangorous Soul|p2b: Kommo-o
|-boost|p2b: Kommo-o|atk|1
|-boost|p2b: Kommo-o|def|1
|-boost|p2b: Kommo-o|spa|1
|-boost|p2b: Kommo-o|spd|1
|-boost|p2b: Kommo-o|spe|1
|-damage|p2b: Kommo-o|68/100
|move|p1b: Sneasler|Dire Claw|p2a: Electabuzz
|-damage|p2a: Electabuzz|0 fnt
|faint|p2a: Electabuzz
|
|upkeep
|turn|10
|
|t:|1757743496
|switch|p1b: Incineroar|Incineroar, L50, F|6/100
|-ability|p1b: Incineroar|Intimidate|boost
|-unboost|p2b: Kommo-o|atk|1
|move|p1a: Ursaluna|Protect|p1a: Ursaluna
|-singleturn|p1a: Ursaluna|Protect
|move|p2b: Kommo-o|Clanging Scales|p1b: Incineroar|[spread] p1b
|-activate|p1a: Ursaluna|move: Protect
|-damage|p1b: Incineroar|0 fnt
|faint|p1b: Incineroar
|-unboost|p2b: Kommo-o|def|1
|
|upkeep
|
|t:|1757743505
|switch|p1b: Sneasler|Sneasler, L50, M|63/100
|turn|11
|
|t:|1757743524
|move|p2b: Kommo-o|Clanging Scales|p1b: Sneasler|[spread] p1a,p1b
|-damage|p1a: Ursaluna|0 fnt
|-damage|p1b: Sneasler|3/100
|faint|p1a: Ursaluna
|-unboost|p2b: Kommo-o|def|1
|move|p1b: Sneasler|Dire Claw|p2b: Kommo-o
|-damage|p2b: Kommo-o|15/100
|-status|p2b: Kommo-o|slp
|
|upkeep
|turn|12
|
|t:|1757743541
|cant|p2b: Kommo-o|slp
|move|p1b: Sneasler|Dire Claw|p2b: Kommo-o
|-damage|p2b: Kommo-o|0 fnt
|faint|p2b: Kommo-o
|
|win|Ghostcompany
||fudii is ready for game 3.
||Ghostcompany is ready for game 3.
|uhtml|next|Next: Game 3 of 3
|l| sam smithy
