|j|☆Eduard738838
|j|☆Guzmavgc1
|html|Eduard738838Guzmavgc1    
|uhtml|bestof|Game 1 of a best-of-3
|t:|1757727473
|gametype|doubles
|player|p1|Eduard738838|170|1057
|player|p2|Guzmavgc1|guzma|1056
|gen|9
|tier|[Gen 9] VGC 2025 Reg H (Bo3)
|rated|
|rule|Species Clause: Limit one of each Pokémon
|rule|Item Clause: Limit 1 of each item
|clearpoke
|poke|p1|Indeedee, L50, M|
|poke|p1|Excadrill, L50, M|
|poke|p1|Tyranitar, L50, F|
|poke|p1|Sneasler, L50, F|
|poke|p1|Corviknight, L50, M|
|poke|p1|Annihilape, L50, M|
|poke|p2|Tyranitar, L50, F|
|poke|p2|Hydrapple, L50, F|
|poke|p2|Excadrill, L50, M|
|poke|p2|Vespiquen, L50, F|
|poke|p2|Farigiraf, L50, F|
|poke|p2|Gyarados, L50, M|
|teampreview|4
|showteam|p1|Indeedee||ChoiceScarf|PsychicSurge|ExpandingForce,TeraBlast,Protect,Trick|||M|||50|,,,,,Psychic]Excadrill||FocusSash|SandRush|Earthquake,IronHead,HighHorsepower,Protect|||M|||50|,,,,,Stellar]Tyranitar||AssaultVest|SandStream|RockSlide,TeraBlast,KnockOff,LowKick|||F|||50|,,,,,Flying]Sneasler||PsychicSeed|Unburden|DireClaw,CloseCombat,ThroatChop,Protect|||F|||50|,,,,,Dark]Corviknight||Leftovers|MirrorArmor|BraveBird,Tailwind,Roost,BulkUp|||M|||50|,,,,,Dragon]Annihilape||SafetyGoggles|Defiant|BulkUp,ThroatChop,RageFist,FinalGambit|||M|||50|,,,,,Water
|showteam|p2|Tyranitar||AssaultVest|SandStream|RockSlide,KnockOff,LowKick,TeraBlast|||F|||50|,,,,,Flying]Hydrapple||Leftovers|Regenerator|Yawn,Protect,FickleBeam,GrassKnot|||F|||50|,,,,,Dragon]Excadrill||ClearAmulet|SandRush|RockSlide,HighHorsepower,Protect,SwordsDance|||M|||50|,,,,,Ghost]Vespiquen||SafetyGoggles|Unnerve|Roost,Protect,DefendOrder,AttackOrder|||F|||50|,,,,,Water]Farigiraf||ColburBerry|ArmorTail|TrickRoom,Imprison,DazzlingGleam,Protect|||F|||50|,,,,,Fairy]Gyarados||CovertCloak|Intimidate|ThunderWave,Waterfall,Taunt,Protect|||M|||50|,,,,,Dragon
|inactive|Battle timer is ON: inactive players will automatically lose when time's up. (requested by Guzmavgc1)
|
|t:|1757727486
|teamsize|p1|4
|teamsize|p2|4
|start
|switch|p1a: Corviknight|Corviknight, L50, M, shiny|100/100
|switch|p1b: Annihilape|Annihilape, L50, M, shiny|100/100
|switch|p2a: Gyarados|Gyarados, L50, M|100/100
|switch|p2b: Vespiquen|Vespiquen, L50, F|100/100
|-ability|p2b: Vespiquen|Unnerve
|-ability|p2a: Gyarados|Intimidate|boost
|-ability|p1a: Corviknight|Mirror Armor
|-unboost|p2a: Gyarados|atk|1
|-unboost|p1b: Annihilape|atk|1
|-ability|p1b: Annihilape|Defiant|boost
|-boost|p1b: Annihilape|atk|2
|turn|1
|
|t:|1757727502
|move|p2a: Gyarados|Taunt|p1a: Corviknight
|-start|p1a: Corviknight|move: Taunt
|move|p1b: Annihilape|Rage Fist|p2a: Gyarados
|-damage|p2a: Gyarados|66/100
|cant|p1a: Corviknight|move: Taunt|Tailwind
|move|p2b: Vespiquen|Defend Order|p2b: Vespiquen
|-boost|p2b: Vespiquen|def|1
|-boost|p2b: Vespiquen|spd|1
|
|upkeep
|turn|2
|l|☆Eduard738838
|inactive|Eduard738838 disconnected and has a minute to reconnect!
|player|p1|
|
|t:|1757727515
|move|p2a: Gyarados|Thunder Wave|p1b: Annihilape
|-status|p1b: Annihilape|par
|move|p1a: Corviknight|Brave Bird|p2b: Vespiquen
|-supereffective|p2b: Vespiquen
|-damage|p2b: Vespiquen|39/100
|-damage|p1a: Corviknight|83/100|[from] Recoil
|move|p2b: Vespiquen|Defend Order|p2b: Vespiquen
|-boost|p2b: Vespiquen|def|1
|-boost|p2b: Vespiquen|spd|1
|move|p1b: Annihilape|Rage Fist|p2a: Gyarados
|-damage|p2a: Gyarados|37/100
|
|-heal|p1a: Corviknight|89/100|[from] item: Leftovers
|upkeep
|turn|3
|j|☆Eduard738838
|inactive|Eduard738838 reconnected and has 55 seconds left.
|player|p1|Eduard738838|170|
|
|t:|1757727533
|move|p2a: Gyarados|Thunder Wave|p1a: Corviknight
|-status|p1a: Corviknight|par
|move|p2b: Vespiquen|Roost|p2b: Vespiquen
|-heal|p2b: Vespiquen|90/100
|-singleturn|p2b: Vespiquen|move: Roost
|move|p1b: Annihilape|Rage Fist|p2a: Gyarados
|-damage|p2a: Gyarados|2/100
|move|p1a: Corviknight|Brave Bird|p2b: Vespiquen
|-supereffective|p2b: Vespiquen
|-damage|p2b: Vespiquen|52/100
|-damage|p1a: Corviknight|78/100 par|[from] Recoil
|
|-heal|p1a: Corviknight|84/100 par|[from] item: Leftovers
|-end|p1a: Corviknight|move: Taunt
|upkeep
|turn|4
|inactive|Eduard738838 has 30 seconds left.
|
|t:|1757727558
|move|p2a: Gyarados|Taunt|p1a: Corviknight
|-start|p1a: Corviknight|move: Taunt
|move|p2b: Vespiquen|Defend Order|p2b: Vespiquen
|-boost|p2b: Vespiquen|def|1
|-boost|p2b: Vespiquen|spd|1
|move|p1b: Annihilape|Final Gambit|p2b: Vespiquen
|-damage|p2b: Vespiquen|0 fnt
|faint|p1b: Annihilape
|faint|p2b: Vespiquen
|cant|p1a: Corviknight|move: Taunt|Tailwind
|
|-heal|p1a: Corviknight|90/100 par|[from] item: Leftovers
|upkeep
|
|t:|1757727573
|switch|p1b: Indeedee|Indeedee, L50, M|100/100
|switch|p2b: Tyranitar|Tyranitar, L50, F|100/100
|-fieldstart|move: Psychic Terrain|[from] ability: Psychic Surge|[of] p1b: Indeedee
|-weather|Sandstorm|[from] ability: Sand Stream|[of] p2b: Tyranitar
|turn|5
|
|t:|1757727586
|switch|p2a: Excadrill|Excadrill, L50, M|100/100
|move|p1b: Indeedee|Protect|p1b: Indeedee
|-singleturn|p1b: Indeedee|Protect
|move|p2b: Tyranitar|Rock Slide|p1b: Indeedee|[spread] p1a
|-activate|p1b: Indeedee|move: Protect
|-damage|p1a: Corviknight|62/100 par
|move|p1a: Corviknight|Brave Bird|p2a: Excadrill
|-resisted|p2a: Excadrill
|-damage|p2a: Excadrill|70/100
|-damage|p1a: Corviknight|53/100 par|[from] Recoil
|
|-weather|Sandstorm|[upkeep]
|-damage|p1b: Indeedee|95/100|[from] Sandstorm
|-heal|p1a: Corviknight|59/100 par|[from] item: Leftovers
|upkeep
|turn|6
|inactive|Eduard738838 has 30 seconds left.
|inactive|Eduard738838 has 20 seconds left.
|inactive|Eduard738838 has 15 seconds left.
|-message|Eduard738838 forfeited.
|raw|Eduard738838's rating: 1057 → 1038(-19 for losing)
|raw|Guzmavgc1's rating: 1056 → 1088(+32 for winning)
|
|win|Guzmavgc1
|l|☆Eduard738838
|player|p1|
|l|☆Guzmavgc1
|player|p2|
