|j|☆dcazac
|j|☆elytsujuw
|html|dcazacelytsujuw    
|uhtml|bestof|Game 1 of a best-of-3
|t:|1757857206
|gametype|doubles
|player|p1|dcazac|volkner|1111
|player|p2|elytsujuw|volo|1169
|gen|9
|tier|[Gen 9] VGC 2025 Reg H (Bo3)
|rated|
|rule|Species Clause: Limit one of each Pokémon
|rule|Item Clause: Limit 1 of each item
|clearpoke
|poke|p1|Indeedee-F, L50, F|
|poke|p1|Blaziken, L50, M|
|poke|p1|Volcarona, L50, M|
|poke|p1|Whimsicott, L50, M|
|poke|p1|Greninja-*, L50, M|
|poke|p1|Chandelure, L50, M|
|poke|p2|Comfey, L50, M|
|poke|p2|Rillaboom, L50, M|
|poke|p2|Incineroar, L50, F|
|poke|p2|Politoed, L50, F|
|poke|p2|Archaludon, L50, F|
|poke|p2|Grimmsnarl, L50, M|
|teampreview|4
|showteam|p1|Indeedee-F||SitrusBerry|PsychicSurge|FollowMe,HelpingHand,Protect,Psychic|||F|||50|,,,,,Fairy]Blaziken||ClearAmulet|SpeedBoost|FlareBlitz,CloseCombat,Protect,Earthquake|||M|||50|,,,,,Fighting]Volcarona||LifeOrb|FlameBody|HeatWave,QuiverDance,BugBuzz,Protect|||M|||50|,,,,,Steel]Whimsicott||CovertCloak|Prankster|Tailwind,Encore,Taunt,SunnyDay|||M|||50|,,,,,Poison]Greninja||FocusSash|Protean|Blizzard,Surf,DarkPulse,GrassKnot|||M|||50|,,,,,Water]Chandelure||ChoiceSpecs|FlashFire|HeatWave,ShadowBall,WillOWisp,SolarBeam|||M|||50|,,,,,Fire
|showteam|p2|Comfey||SitrusBerry|Triage|FloralHealing,DrainingKiss,GigaDrain,Protect|||M|||50|,,,,,Ghost]Rillaboom||LifeOrb|GrassySurge|FakeOut,WoodHammer,GrassyGlide,HighHorsepower|||M|||50|,,,,,Fire]Incineroar||AssaultVest|Intimidate|FlareBlitz,KnockOff,FakeOut,Uturn|||F|||50|,,,,,Ghost]Politoed||SafetyGoggles|Drizzle|WeatherBall,MuddyWater,Haze,Protect|||F|||50|,,,,,Grass]Archaludon||Leftovers|Stamina|ElectroShot,FlashCannon,BodyPress,Protect|||F|||50|,,,,,Electric]Grimmsnarl||LightClay|Prankster|SpiritBreak,LightScreen,Reflect,ThunderWave|||M|||50|,,,,,Steel
|inactive|Battle timer is ON: inactive players will automatically lose when time's up. (requested by elytsujuw)
|inactive|elytsujuw has 60 seconds left.
|inactive|dcazac has 60 seconds left.
|inactive|elytsujuw has 30 seconds left.
|inactive|elytsujuw has 20 seconds left.
|inactive|elytsujuw has 15 seconds left.
|inactive|elytsujuw has 10 seconds left.
|inactive|elytsujuw has 5 seconds left.
|
|t:|1757857297
|teamsize|p1|4
|teamsize|p2|4
|start
|switch|p1a: Whimsicott|Whimsicott, L50, M|100/100
|switch|p1b: Volcarona|Volcarona, L50, M|100/100
|switch|p2a: Comfey|Comfey, L50, M|100/100
|switch|p2b: Rillaboom|Rillaboom, L50, M|100/100
|-fieldstart|move: Grassy Terrain|[from] ability: Grassy Surge|[of] p2b: Rillaboom
|turn|1
|
|t:|1757857321
|switch|p2a: Incineroar|Incineroar, L50, F|100/100
|-ability|p2a: Incineroar|Intimidate|boost
|-unboost|p1a: Whimsicott|atk|1
|-unboost|p1b: Volcarona|atk|1
|move|p2b: Rillaboom|Fake Out|p1b: Volcarona
|-damage|p1b: Volcarona|70/100
|-status|p2b: Rillaboom|brn|[from] ability: Flame Body|[of] p1b: Volcarona
|-damage|p2b: Rillaboom|91/100 brn|[from] item: Life Orb
|move|p1a: Whimsicott|Tailwind|p1a: Whimsicott
|-sidestart|p1: dcazac|move: Tailwind
|cant|p1b: Volcarona|flinch
|
|-heal|p1b: Volcarona|76/100|[from] Grassy Terrain
|-heal|p2b: Rillaboom|97/100 brn|[from] Grassy Terrain
|-damage|p2b: Rillaboom|91/100 brn|[from] brn
|upkeep
|turn|2
|
|t:|1757857343
|switch|p2b: Politoed|Politoed, L50, F|100/100
|-weather|RainDance|[from] ability: Drizzle|[of] p2b: Politoed
|move|p1b: Volcarona|Protect|p1b: Volcarona
|-singleturn|p1b: Volcarona|Protect
|move|p1a: Whimsicott|Encore||[still]
|-fail|p1a: Whimsicott
|move|p2a: Incineroar|Knock Off|p1b: Volcarona
|-activate|p1b: Volcarona|move: Protect
|
|-weather|RainDance|[upkeep]
|-heal|p1b: Volcarona|83/100|[from] Grassy Terrain
|upkeep
|turn|3
|
|t:|1757857366
|-terastallize|p1b: Volcarona|Steel
|move|p1a: Whimsicott|Sunny Day|p1a: Whimsicott
|-weather|SunnyDay
|move|p1b: Volcarona|Quiver Dance|p1b: Volcarona
|-boost|p1b: Volcarona|spa|1
|-boost|p1b: Volcarona|spd|1
|-boost|p1b: Volcarona|spe|1
|move|p2b: Politoed|Muddy Water|p1b: Volcarona|[spread] p1a,p1b
|-resisted|p1a: Whimsicott
|-damage|p1a: Whimsicott|96/100
|-damage|p1b: Volcarona|75/100
|-unboost|p1b: Volcarona|accuracy|1
|move|p2a: Incineroar|Knock Off|p1b: Volcarona
|-damage|p1b: Volcarona|4/100
|-enditem|p1b: Volcarona|Life Orb|[from] move: Knock Off|[of] p2a: Incineroar
|
|-weather|SunnyDay|[upkeep]
|-heal|p1b: Volcarona|10/100|[from] Grassy Terrain
|-heal|p1a: Whimsicott|100/100|[from] Grassy Terrain
|upkeep
|turn|4
|inactive|dcazac has 30 seconds left.
|
|t:|1757857396
|switch|p2b: Comfey|Comfey, L50, M|100/100
|move|p1a: Whimsicott|Taunt|p2b: Comfey
|-start|p2b: Comfey|move: Taunt
|move|p1b: Volcarona|Heat Wave|p2b: Comfey|[spread] p2a,p2b
|-resisted|p2a: Incineroar
|-damage|p2a: Incineroar|72/100
|-damage|p2b: Comfey|0 fnt
|faint|p2b: Comfey
|move|p2a: Incineroar|U-turn|p1b: Volcarona
|-resisted|p1b: Volcarona
|-damage|p1b: Volcarona|0 fnt
|faint|p1b: Volcarona
|
|t:|1757857399
|switch|p2a: Politoed|Politoed, L50, F|100/100|[from] U-turn
|-weather|RainDance|[from] ability: Drizzle|[of] p2a: Politoed
|
|-weather|RainDance|[upkeep]
|-sideend|p1: dcazac|move: Tailwind
|upkeep
|
|t:|1757857412
|switch|p1b: Blaziken|Blaziken, L50, M, shiny|100/100
|switch|p2b: Incineroar|Incineroar, L50, F|72/100
|-ability|p2b: Incineroar|Intimidate|boost
|-unboost|p1a: Whimsicott|atk|1
|-fail|p1b: Blaziken|unboost|[from] item: Clear Amulet|[of] p1b: Blaziken
|turn|5
|
|t:|1757857429
|switch|p2a: Rillaboom|Rillaboom, L50, M|91/100 brn
|move|p1b: Blaziken|Protect|p1b: Blaziken
|-singleturn|p1b: Blaziken|Protect
|move|p1a: Whimsicott|Sunny Day|p1a: Whimsicott
|-weather|SunnyDay
|move|p2b: Incineroar|Flare Blitz|p1a: Whimsicott
|-supereffective|p1a: Whimsicott
|-damage|p1a: Whimsicott|0 fnt
|faint|p1a: Whimsicott
|-damage|p2b: Incineroar|45/100|[from] Recoil
|
|-weather|SunnyDay|[upkeep]
|-heal|p2a: Rillaboom|97/100 brn|[from] Grassy Terrain
|-heal|p2b: Incineroar|51/100|[from] Grassy Terrain
|-damage|p2a: Rillaboom|91/100 brn|[from] brn
|-fieldend|move: Grassy Terrain
|-ability|p1b: Blaziken|Speed Boost|boost
|-boost|p1b: Blaziken|spe|1
|upkeep
|
|t:|1757857444
|switch|p1a: Indeedee|Indeedee-F, L50, F|100/100
|-fieldstart|move: Psychic Terrain|[from] ability: Psychic Surge|[of] p1a: Indeedee
|turn|6
|
|t:|1757857458
|switch|p2a: Politoed|Politoed, L50, F|100/100
|-weather|RainDance|[from] ability: Drizzle|[of] p2a: Politoed
|-terastallize|p2b: Incineroar|Ghost
|move|p1a: Indeedee|Follow Me|p1a: Indeedee
|-singleturn|p1a: Indeedee|move: Follow Me
|move|p1b: Blaziken|Close Combat|p2b: Incineroar
|-immune|p2b: Incineroar
|move|p2b: Incineroar|Knock Off|p1a: Indeedee
|-supereffective|p1a: Indeedee
|-damage|p1a: Indeedee|4/100
|-enditem|p1a: Indeedee|Sitrus Berry|[from] move: Knock Off|[of] p2b: Incineroar
|
|-weather|RainDance|[upkeep]
|-ability|p1b: Blaziken|Speed Boost|boost
|-boost|p1b: Blaziken|spe|1
|upkeep
|turn|7
|inactive|elytsujuw has 30 seconds left.
|
|t:|1757857484
|switch|p2b: Rillaboom|Rillaboom, L50, M|91/100 brn
|-fieldstart|move: Grassy Terrain|[from] ability: Grassy Surge|[of] p2b: Rillaboom
|move|p1a: Indeedee|Helping Hand|p1b: Blaziken
|-singleturn|p1b: Blaziken|Helping Hand|[of] p1a: Indeedee
|move|p2a: Politoed|Protect|p2a: Politoed
|-singleturn|p2a: Politoed|Protect
|move|p1b: Blaziken|Earthquake|p2a: Politoed|[spread] p1a,p2b
|-activate|p2a: Politoed|move: Protect
|-resisted|p2b: Rillaboom
|-damage|p1a: Indeedee|0 fnt
|-damage|p2b: Rillaboom|81/100 brn
|faint|p1a: Indeedee
|
|-weather|RainDance|[upkeep]
|-heal|p2b: Rillaboom|87/100 brn|[from] Grassy Terrain
|-damage|p2b: Rillaboom|81/100 brn|[from] brn
|-ability|p1b: Blaziken|Speed Boost|boost
|-boost|p1b: Blaziken|spe|1
|upkeep
|turn|8
|
|t:|1757857505
|switch|p2b: Incineroar|Incineroar, L50, F, tera:Ghost|51/100
|-ability|p2b: Incineroar|Intimidate|boost
|-fail|p1b: Blaziken|unboost|[from] item: Clear Amulet|[of] p1b: Blaziken
|move|p1b: Blaziken|Protect|p1b: Blaziken
|-singleturn|p1b: Blaziken|Protect
|move|p2a: Politoed|Weather Ball|p1b: Blaziken
|-activate|p1b: Blaziken|move: Protect
|
|-weather|RainDance|[upkeep]
|-heal|p2b: Incineroar|57/100|[from] Grassy Terrain
|-ability|p1b: Blaziken|Speed Boost|boost
|-boost|p1b: Blaziken|spe|1
|upkeep
|turn|9
|
|t:|1757857521
|move|p2b: Incineroar|Fake Out|p1b: Blaziken
|-damage|p1b: Blaziken|83/100
|cant|p1b: Blaziken|flinch
|move|p2a: Politoed|Weather Ball|p1b: Blaziken
|-supereffective|p1b: Blaziken
|-damage|p1b: Blaziken|0 fnt
|faint|p1b: Blaziken
|
|win|elytsujuw
|l|☆dcazac
|player|p1|
||elytsujuw is ready for game 2.
|inactive|dcazac has 30 seconds to confirm battle start!
||dcazac is ready for game 2.
|uhtml|next|Next: Game 2 of 3
