|j|☆Ome Henk
|j|☆LOS OgyZ
|html|Ome HenkLOS OgyZ    
|uhtml|bestof|Game 2 of a best-of-3
|t:|1782673520
|gametype|doubles
|player|p1|Ome Henk|kabu|
|player|p2|LOS OgyZ|brock|
|gen|9
|tier|[Gen 9 Champions] VGC 2026 Reg M-B (Bo3)
|rule|Species Clause: Limit one of each Pokémon
|rule|Item Clause: Limit 1 of each item
|clearpoke
|poke|p1|Pyroar, L50, M|
|poke|p1|Torkoal, L50, M|
|poke|p1|Farigiraf, L50, F|
|poke|p1|Whimsicott, L50, F|
|poke|p1|Floette-Eternal, L50, F|
|poke|p1|Incineroar, L50, M|
|poke|p2|Charizard, L50, M|
|poke|p2|Aerodactyl, L50, M|
|poke|p2|Kingambit, L50, F|
|poke|p2|Sylveon, L50, F|
|poke|p2|Farigiraf, L50, F|
|poke|p2|Garchomp, L50, M|
|teampreview|4
|showteam|p1|Pyroar||Pyroarite|Unnerve|Protect,SolarBeam,HeatWave,Overheat|Timid||M|||50|]Torkoal||Charcoal|Drought|Eruption,HeatWave,Protect,WeatherBall|Modest||M|||50|]Farigiraf||SitrusBerry|ArmorTail|TrickRoom,HelpingHand,Thunderbolt,Psychic|Modest||F|||50|]Whimsicott||FocusSash|Prankster|Tailwind,Protect,Moonblast,Encore|Timid||F|||50|]Floette-Eternal||Floettite|FlowerVeil|Protect,Moonblast,DazzlingGleam,DrainingKiss|Timid||F|||50|]Incineroar||WhiteHerb|Intimidate|FakeOut,FlareBlitz,PartingShot,CloseCombat|Adamant||M|||50|
|showteam|p2|Charizard||CharizarditeY|Blaze|HeatWave,SolarBeam,WeatherBall,Protect|Modest||M|||50|]Aerodactyl||Aerodactylite|Unnerve|RockSlide,DualWingbeat,Tailwind,Protect|Jolly||M|||50|]Kingambit||FocusSash|Defiant|KowtowCleave,SuckerPunch,IronHead,LowKick|Adamant||F|||50|]Sylveon||FairyFeather|Pixilate|HyperVoice,HyperBeam,QuickAttack,Protect|Modest||F|||50|]Farigiraf||SitrusBerry|ArmorTail|TwinBeam,Thunderbolt,TrickRoom,Roar|Relaxed||F|||50|]Garchomp||LifeOrb|RoughSkin|DragonClaw,Earthquake,StompingTantrum,Protect|Jolly||M|||50|
|j| Pietplezier7
|j| JeSuffeMoeder
|j| torie123
|j| Bomduif
|c| JeSuffeMoeder|OOOOOOOOOOOOOOOOSSSSS
|j| Fenerbasje
|j| los dura
|l| los dura
|j| los dura
|
|t:|1782673592
|teamsize|p1|4
|teamsize|p2|4
|start
|switch|p1a: Hittegolf|Pyroar, L50, M|100/100
|switch|p1b: 40 Graden Celsius|Torkoal, L50, M|100/100
|switch|p2a: Arda Guler|Charizard, L50, M|100/100
|switch|p2b: Ousmane Dembele|Kingambit, L50, F|100/100
|-ability|p1a: Hittegolf|Unnerve
|-weather|SunnyDay|[from] ability: Drought|[of] p1b: 40 Graden Celsius
|turn|1
|
|t:|1782673628
|switch|p2b: Lamine Yamal|Garchomp, L50, M|100/100
|detailschange|p1a: Hittegolf|Pyroar-Mega, L50, M
|-mega|p1a: Hittegolf|Pyroar|Pyroarite
|move|p2a: Arda Guler|Protect|p2a: Arda Guler
|-singleturn|p2a: Arda Guler|Protect
|move|p1a: Hittegolf|Heat Wave|p2a: Arda Guler|[spread] p2b
|-activate|p2a: Arda Guler|move: Protect
|-resisted|p2b: Lamine Yamal|1
|-damage|p2b: Lamine Yamal|54/100
|move|p1b: 40 Graden Celsius|Heat Wave|p2b: Lamine Yamal|[spread] p2b
|-activate|p2a: Arda Guler|move: Protect
|-resisted|p2b: Lamine Yamal|1
|-damage|p2b: Lamine Yamal|26/100
|
|-weather|SunnyDay|[upkeep]
|upkeep
|turn|2
|
|t:|1782673662
|switch|p1b: Boze Buurtkat|Incineroar, L50, M|100/100
|-ability|p1b: Boze Buurtkat|Intimidate|boost
|-unboost|p2a: Arda Guler|atk|1
|-unboost|p2b: Lamine Yamal|atk|1
|detailschange|p2a: Arda Guler|Charizard-Mega-Y, L50, M
|-mega|p2a: Arda Guler|Charizard|Charizardite Y
|move|p2b: Lamine Yamal|Protect|p2b: Lamine Yamal
|-singleturn|p2b: Lamine Yamal|Protect
|move|p1a: Hittegolf|Heat Wave|p2b: Lamine Yamal|[spread] 
|-activate|p2b: Lamine Yamal|move: Protect
|-miss|p1a: Hittegolf|p2a: Arda Guler
|move|p2a: Arda Guler|Heat Wave|p1a: Hittegolf|[spread] p1a,p1b
|-resisted|p1a: Hittegolf|1
|-resisted|p1b: Boze Buurtkat|1
|-damage|p1a: Hittegolf|59/100
|-damage|p1b: Boze Buurtkat|70/100
|
|-weather|SunnyDay|[upkeep]
|upkeep
|turn|3
|
|t:|1782673699
|switch|p1b: Frisse Wind|Whimsicott, L50, F|100/100
|move|p2a: Arda Guler|Protect|p2a: Arda Guler
|-singleturn|p2a: Arda Guler|Protect
|move|p1a: Hittegolf|Heat Wave|p2a: Arda Guler|[spread] p2b
|-activate|p2a: Arda Guler|move: Protect
|-resisted|p2b: Lamine Yamal|1
|-damage|p2b: Lamine Yamal|0 fnt
|faint|p2b: Lamine Yamal
|
|-weather|SunnyDay|[upkeep]
|upkeep
|c| Fenerbasje|leuke nicknames Ome Henk
|
|t:|1782673712
|switch|p2b: Denzel Dumfries|Farigiraf, L50, F|100/100
|turn|4
|
|t:|1782673751
|move|p1a: Hittegolf|Overheat|p2b: Denzel Dumfries
|-damage|p2b: Denzel Dumfries|0 fnt
|-unboost|p1a: Hittegolf|spa|2
|faint|p2b: Denzel Dumfries
|move|p1b: Frisse Wind|Moonblast|p2a: Arda Guler
|-resisted|p2a: Arda Guler|1
|-damage|p2a: Arda Guler|84/100
|move|p2a: Arda Guler|Heat Wave|p1a: Hittegolf|[spread] p1a,p1b
|-resisted|p1a: Hittegolf|1
|-supereffective|p1b: Frisse Wind|1
|-damage|p1a: Hittegolf|19/100
|-enditem|p1b: Frisse Wind|Focus Sash
|-damage|p1b: Frisse Wind|1/100
|
|-weather|SunnyDay|[upkeep]
|upkeep
|
|t:|1782673760
|switch|p2b: Ousmane Dembele|Kingambit, L50, F|100/100
|turn|5
|c| JeSuffeMoeder|Leuke battle dit, echt vuur van beide kanten
|c| JeSuffeMoeder|hahah snapje
|
|t:|1782673803
|move|p1a: Hittegolf|Protect|p1a: Hittegolf
|-singleturn|p1a: Hittegolf|Protect
|move|p1b: Frisse Wind|Tailwind|p1b: Frisse Wind
|-sidestart|p1: Ome Henk|move: Tailwind
|move|p2b: Ousmane Dembele|Sucker Punch||[still]
|-fail|p2b: Ousmane Dembele
|move|p2a: Arda Guler|Heat Wave|p1a: Hittegolf|[spread] p1b
|-activate|p1a: Hittegolf|move: Protect
|-supereffective|p1b: Frisse Wind|1
|-damage|p1b: Frisse Wind|0 fnt
|faint|p1b: Frisse Wind
|
|-weather|none
|upkeep
|
|t:|1782673813
|switch|p1b: 40 Graden Celsius|Torkoal, L50, M|100/100
|-weather|SunnyDay|[from] ability: Drought|[of] p1b: 40 Graden Celsius
|turn|6
|
|t:|1782673836
|switch|p1a: Boze Buurtkat|Incineroar, L50, M|70/100
|-ability|p1a: Boze Buurtkat|Intimidate|boost
|-unboost|p2a: Arda Guler|atk|1
|-unboost|p2b: Ousmane Dembele|atk|1
|-ability|p2b: Ousmane Dembele|Defiant|boost
|-boost|p2b: Ousmane Dembele|atk|2
|move|p2a: Arda Guler|Weather Ball|p1b: 40 Graden Celsius
|-resisted|p1b: 40 Graden Celsius|1
|-damage|p1b: 40 Graden Celsius|45/100
|move|p2b: Ousmane Dembele|Kowtow Cleave|p1b: 40 Graden Celsius
|-damage|p1b: 40 Graden Celsius|0 fnt
|faint|p1b: 40 Graden Celsius
|
|-weather|SunnyDay|[upkeep]
|upkeep
|c| Fenerbasje|oooooooooooooooooooooooooooooooooooooooooooooooooooooooooooooooooooooooooooooooooooooooooooooooooooooooooos
|
|t:|1782673853
|switch|p1b: Hittegolf|Pyroar-Mega, L50, M|19/100
|turn|7
|c|☆Ome Henk|da's nie best
|
|t:|1782673894
|move|p1a: Boze Buurtkat|Fake Out|p2b: Ousmane Dembele
|-resisted|p2b: Ousmane Dembele|1
|-damage|p2b: Ousmane Dembele|94/100
|move|p1b: Hittegolf|Heat Wave|p2a: Arda Guler|[spread] p2a,p2b
|-resisted|p2a: Arda Guler|1
|-supereffective|p2b: Ousmane Dembele|1
|-damage|p2a: Arda Guler|45/100
|-damage|p2b: Ousmane Dembele|0 fnt
|faint|p2b: Ousmane Dembele
|move|p2a: Arda Guler|Heat Wave|p1b: Hittegolf|[spread] p1a,p1b
|-resisted|p1a: Boze Buurtkat|1
|-resisted|p1b: Hittegolf|1
|-damage|p1a: Boze Buurtkat|43/100
|-damage|p1b: Hittegolf|0 fnt
|faint|p1b: Hittegolf
|
|-weather|SunnyDay|[upkeep]
|upkeep
|turn|8
|
|t:|1782673932
|move|p1a: Boze Buurtkat|Flare Blitz|p2a: Arda Guler
|-resisted|p2a: Arda Guler|1
|-damage|p2a: Arda Guler|1/100
|-damage|p1a: Boze Buurtkat|31/100|[from] Recoil
|move|p2a: Arda Guler|Weather Ball|p1a: Boze Buurtkat
|-resisted|p1a: Boze Buurtkat|1
|-damage|p1a: Boze Buurtkat|0 fnt
|faint|p1a: Boze Buurtkat
|
|win|LOS OgyZ
|c|☆LOS OgyZ|gg
|c|☆Ome Henk|ggs
|l| JeSuffeMoeder
|l| Pietplezier7
|l|☆Ome Henk
|player|p1|
|l| torie123
|l| Bomduif
|l| los dura
|l| Fenerbasje
|j| JeSuffeMoeder
