|j|☆hastalnabo
|j|☆Crystneel
|html|hastalnaboCrystneel    
|uhtml|bestof|Game 1 of a best-of-3
|t:|1757162003
|gametype|doubles
|player|p1|hastalnabo|170|1372
|player|p2|Crystneel|ethan|1246
|gen|9
|tier|[Gen 9] VGC 2025 Reg H (Bo3)
|rated|
|rule|Species Clause: Limit one of each Pokémon
|rule|Item Clause: Limit 1 of each item
|clearpoke
|poke|p1|Volcarona, L50, M|
|poke|p1|Tauros-Paldea-Aqua, L50, M|
|poke|p1|Rillaboom, L50, F|
|poke|p1|Ninetales-Alola, L50, F|
|poke|p1|Glimmora, L50, F|
|poke|p1|Kingambit, L50, F|
|poke|p2|Volcarona, L50, F|
|poke|p2|Electabuzz, L50, F|
|poke|p2|Sneasler, L50, M|
|poke|p2|Rillaboom, L50, F|
|poke|p2|Dragonite, L50, M|
|poke|p2|Ursaluna-Bloodmoon, L50, M|
|teampreview|4
|showteam|p1|Volcarona||Leftovers|FlameBody|Protect,QuiverDance,HeatWave,GigaDrain|||M|||50|,,,,,Grass]Tauros-Paldea-Aqua||ChoiceBand|Intimidate|AquaJet,WaveCrash,CloseCombat,RockSlide|||M|||50|,,,,,Water]Rillaboom||AssaultVest|GrassySurge|FakeOut,Uturn,GrassyGlide,WoodHammer|||F|||50|,,,,,Fire]Ninetales-Alola||CovertCloak|SnowWarning|Protect,AuroraVeil,Encore,Blizzard|||F|||50|,,,,,Water]Glimmora||PowerHerb|ToxicDebris|SpikyShield,MeteorBeam,SludgeBomb,EarthPower|||F|||50|,,,,,Grass]Kingambit||BlackGlasses|Defiant|Protect,SwordsDance,SuckerPunch,KowtowCleave|||F|||50|,,,,,Ghost
|showteam|p2|Volcarona||Leftovers|FlameBody|FieryDance,QuiverDance,GigaDrain,Protect|||F|||50|,,,,,Water]Electabuzz||Eviolite|Static|FollowMe,Electroweb,VoltSwitch,Taunt|||F|||50|,,,,,Fairy]Sneasler||GrassySeed|Unburden|DireClaw,CloseCombat,ThroatChop,Protect|||M|||50|,,,,,Dark]Rillaboom||AssaultVest|GrassySurge|FakeOut,GrassyGlide,WoodHammer,Uturn|||F|||50|,,,,,Fire]Dragonite||LoadedDice|Multiscale|ExtremeSpeed,ScaleShot,IceSpinner,LowKick|||M|||50|,,,,,Normal]Ursaluna-Bloodmoon||ThroatSpray|MindsEye|BloodMoon,HyperVoice,EarthPower,Protect|||M|||50|,,,,,Poison
|inactive|Battle timer is ON: inactive players will automatically lose when time's up. (requested by Crystneel)
|
|t:|1757162037
|teamsize|p1|4
|teamsize|p2|4
|start
|switch|p1a: Volcarona|Volcarona, L50, M|100/100
|switch|p1b: Tauros|Tauros-Paldea-Aqua, L50, M|100/100
|switch|p2a: Volcarona|Volcarona, L50, F|100/100
|switch|p2b: Electabuzz|Electabuzz, L50, F|100/100
|-ability|p1b: Tauros|Intimidate|boost
|-unboost|p2a: Volcarona|atk|1
|-unboost|p2b: Electabuzz|atk|1
|turn|1
|
|t:|1757162062
|move|p2a: Volcarona|Protect|p2a: Volcarona
|-singleturn|p2a: Volcarona|Protect
|move|p1b: Tauros|Rock Slide|p2a: Volcarona|[spread] p2b
|-activate|p2a: Volcarona|move: Protect
|-damage|p2b: Electabuzz|77/100
|move|p1a: Volcarona|Quiver Dance|p1a: Volcarona
|-boost|p1a: Volcarona|spa|1
|-boost|p1a: Volcarona|spd|1
|-boost|p1a: Volcarona|spe|1
|cant|p2b: Electabuzz|flinch
|
|upkeep
|turn|2
|
|t:|1757162081
|move|p1a: Volcarona|Heat Wave|p2b: Electabuzz|[spread] p2a,p2b
|-damage|p2a: Volcarona|55/100
|-damage|p2b: Electabuzz|45/100
|move|p1b: Tauros|Rock Slide|p2b: Electabuzz|[spread] p2a,p2b
|-supereffective|p2a: Volcarona
|-damage|p2a: Volcarona|0 fnt
|-damage|p2b: Electabuzz|19/100
|faint|p2a: Volcarona
|move|p2b: Electabuzz|Electroweb|p1b: Tauros|[spread] p1a,p1b
|-supereffective|p1b: Tauros
|-damage|p1a: Volcarona|92/100
|-damage|p1b: Tauros|59/100
|-unboost|p1a: Volcarona|spe|1
|-unboost|p1b: Tauros|spe|1
|
|-heal|p1a: Volcarona|98/100|[from] item: Leftovers
|upkeep
|
|t:|1757162094
|switch|p2a: Rillaboom|Rillaboom, L50, F|100/100
|-fieldstart|move: Grassy Terrain|[from] ability: Grassy Surge|[of] p2a: Rillaboom
|turn|3
|
|t:|1757162112
|switch|p1b: Glimmora|Glimmora, L50, F|100/100
|move|p1a: Volcarona|Heat Wave|p2b: Electabuzz|[spread] p2a,p2b
|-supereffective|p2a: Rillaboom
|-damage|p2a: Rillaboom|20/100
|-damage|p2b: Electabuzz|0 fnt
|faint|p2b: Electabuzz
|move|p2a: Rillaboom|U-turn|p1b: Glimmora
|-resisted|p1b: Glimmora
|-damage|p1b: Glimmora|84/100
|-activate|p1b: Glimmora|ability: Toxic Debris
|-sidestart|p2: Crystneel|move: Toxic Spikes
|
|t:|1757162122
|switch|p2a: Sneasler|Sneasler, L50, M|100/100|[from] U-turn
|-sideend|p2: Crystneel|move: Toxic Spikes|[of] p2a: Sneasler
|-enditem|p2a: Sneasler|Grassy Seed
|-boost|p2a: Sneasler|def|1|[from] item: Grassy Seed
|
|-heal|p1b: Glimmora|90/100|[from] Grassy Terrain
|-heal|p1a: Volcarona|100/100|[from] Grassy Terrain
|upkeep
|
|t:|1757162124
|switch|p2b: Rillaboom|Rillaboom, L50, F|20/100
|turn|4
|
|t:|1757162138
|move|p2b: Rillaboom|Fake Out|p1b: Glimmora
|-resisted|p1b: Glimmora
|-crit|p1b: Glimmora
|-damage|p1b: Glimmora|75/100
|-activate|p1b: Glimmora|ability: Toxic Debris
|-sidestart|p2: Crystneel|move: Toxic Spikes
|move|p2a: Sneasler|Dire Claw|p1a: Volcarona
|-damage|p1a: Volcarona|46/100
|-status|p1a: Volcarona|par
|cant|p1b: Glimmora|flinch
|move|p1a: Volcarona|Heat Wave|p2a: Sneasler|[spread] p2a,p2b
|-supereffective|p2b: Rillaboom
|-damage|p2a: Sneasler|27/100
|-damage|p2b: Rillaboom|0 fnt
|faint|p2b: Rillaboom
|
|-heal|p2a: Sneasler|33/100|[from] Grassy Terrain
|-heal|p1b: Glimmora|80/100|[from] Grassy Terrain
|-heal|p1a: Volcarona|52/100 par|[from] Grassy Terrain
|-heal|p1a: Volcarona|58/100 par|[from] item: Leftovers
|upkeep
|turn|5
|
|t:|1757162155
|switch|p1a: Tauros|Tauros-Paldea-Aqua, L50, M|59/100
|-ability|p1a: Tauros|Intimidate|boost
|-unboost|p2a: Sneasler|atk|1
|move|p2a: Sneasler|Close Combat|p1b: Glimmora
|-damage|p1b: Glimmora|23/100
|-unboost|p2a: Sneasler|def|1
|-unboost|p2a: Sneasler|spd|1
|-activate|p1b: Glimmora|ability: Toxic Debris
|-sidestart|p2: Crystneel|move: Toxic Spikes
|move|p1b: Glimmora|Earth Power|p2a: Sneasler
|-supereffective|p2a: Sneasler
|-damage|p2a: Sneasler|0 fnt
|faint|p2a: Sneasler
|
|win|hastalnabo
||Crystneel is ready for game 2.
