|j|☆VOQJKk
|j|☆lawtrick
|html|VOQJKklawtrick    
|uhtml|bestof|Game 2 of a best-of-3
|t:|1785438675
|gametype|doubles
|player|p1|VOQJKk|steven|1070
|player|p2|lawtrick|cynthia-gen4|1000
|gen|9
|tier|[Gen 9 Champions] VGC 2026 Reg M-B (Bo3)
|rated|
|rule|Species Clause: Limit one of each Pokémon
|rule|Item Clause: Limit 1 of each item
|clearpoke
|poke|p1|Metagross, L50|
|poke|p1|Eelektross, L50, F|
|poke|p1|Hydreigon, L50, F|
|poke|p1|Garchomp, L50, M|
|poke|p1|Basculegion, L50, M|
|poke|p1|Whimsicott, L50, M|
|poke|p2|Hippowdon, L50, F|
|poke|p2|Excadrill, L50, M|
|poke|p2|Kangaskhan, L50, F|
|poke|p2|Talonflame, L50, M|
|poke|p2|Sinistcha, L50|
|poke|p2|Aerodactyl, L50, M|
|teampreview|4
|showteam|p1|Metagross||Metagrossite|ClearBody|IronHead,PsychicFangs,IcePunch,Protect|Jolly|||||50|]Eelektross||Eelektrossite|Levitate|Thunderbolt,Flamethrower,GrassKnot,Protect|Timid||F|||50|]Hydreigon||ChoiceScarf|Levitate|DracoMeteor,DarkPulse,EarthPower,Flamethrower|Modest||F|||50|]Garchomp||LifeOrb|RoughSkin|DragonClaw,RockSlide,Earthquake,Protect|Jolly||M|||50|]Basculegion||MysticWater|Adaptability|WaveCrash,LastRespects,AquaJet,Protect|Adamant||M|||50|]Whimsicott||FocusSash|Prankster|Moonblast,Protect,Encore,Tailwind|Timid||M|||50|
|showteam|p2|Hippowdon||Leftovers|SandStream|Yawn,Roar,RockTomb,SlackOff|Impish||F|||50|]Excadrill||LifeOrb|SandRush|SwordsDance,RockSlide,IronHead,Earthquake|Adamant||M|||50|]Kangaskhan||Kangaskhanite|Scrappy|BodySlam,FakeOut,RockSlide,IcePunch|Jolly||F|||50|]Talonflame||BrightPowder|FlameBody|WillOWisp,Uturn,Tailwind,Hurricane|Timid||M|||50|]Sinistcha||BigRoot|Hospitality|MatchaGotcha,Scald,StrengthSap,RagePowder|Modest|||||50|]Aerodactyl||KingsRock|RockHead|RockSlide,DragonDance,Earthquake,DualWingbeat|Adamant||M|||50|
|inactive|Battle timer is ON: inactive players will automatically lose when time's up. (requested by VOQJKk)
|
|t:|1785438696
|teamsize|p1|4
|teamsize|p2|4
|start
|switch|p1a: Eelektross|Eelektross, L50, F|100/100
|switch|p1b: Garchomp|Garchomp, L50, M|100/100
|switch|p2a: Hippowdon|Hippowdon, L50, F|100/100
|switch|p2b: Aerodactyl|Aerodactyl, L50, M|100/100
|-weather|Sandstorm|[from] ability: Sand Stream|[of] p2a: Hippowdon
|turn|1
|inactive|VOQJKk has 30 seconds left.
|
|t:|1785438724
|detailschange|p1a: Eelektross|Eelektross-Mega, L50, F
|-mega|p1a: Eelektross|Eelektross|Eelektrossite
|move|p2b: Aerodactyl|Rock Slide|p1a: Eelektross|[spread] p1a,p1b
|-resisted|p1b: Garchomp|1
|-damage|p1a: Eelektross|62/100
|-damage|p1b: Garchomp|87/100
|move|p1b: Garchomp|Dragon Claw|p2b: Aerodactyl
|-crit|p2b: Aerodactyl
|-damage|p2b: Aerodactyl|0 fnt
|faint|p2b: Aerodactyl
|-damage|p1b: Garchomp|77/100|[from] item: Life Orb
|cant|p1a: Eelektross|flinch
|move|p2a: Hippowdon|Yawn|p1a: Eelektross
|-start|p1a: Eelektross|move: Yawn|[of] p2a: Hippowdon
|
|-weather|Sandstorm|[upkeep]
|-damage|p1a: Eelektross|56/100|[from] Sandstorm
|upkeep
|
|t:|1785438743
|switch|p2b: Kangaskhan|Kangaskhan, L50, F|100/100
|turn|2
|
|t:|1785438755
|detailschange|p2b: Kangaskhan|Kangaskhan-Mega, L50, F
|-mega|p2b: Kangaskhan|Kangaskhan|Kangaskhanite
|move|p2b: Kangaskhan|Fake Out|p1a: Eelektross
|-damage|p1a: Eelektross|26/100
|-damage|p1a: Eelektross|20/100y
|-hitcount|p1a: Eelektross|2
|move|p1b: Garchomp|Earthquake|p2a: Hippowdon|[spread] p2a,p2b
|-immune|p1a: Eelektross|[from] ability: Eelevate
|-damage|p2a: Hippowdon|72/100
|-damage|p2b: Kangaskhan|47/100
|-damage|p1b: Garchomp|68/100|[from] item: Life Orb
|cant|p1a: Eelektross|flinch
|move|p2a: Hippowdon|Yawn|p1b: Garchomp
|-start|p1b: Garchomp|move: Yawn|[of] p2a: Hippowdon
|
|-weather|Sandstorm|[upkeep]
|-damage|p2b: Kangaskhan|41/100|[from] Sandstorm
|-damage|p1a: Eelektross|14/100|[from] Sandstorm
|-heal|p2a: Hippowdon|78/100|[from] item: Leftovers
|-end|p1a: Eelektross|move: Yawn|[silent]
|-status|p1a: Eelektross|slp
|upkeep
|turn|3
|inactive|lawtrick has 30 seconds left.
|
|t:|1785438787
|switch|p2a: Sinistcha|Sinistcha, L50|100/100
|-heal|p2b: Kangaskhan|66/100|[from] ability: Hospitality|[of] p2a: Sinistcha
|cant|p1a: Eelektross|slp
|move|p1b: Garchomp|Earthquake|p2a: Sinistcha|[spread] p2a,p2b
|-immune|p1a: Eelektross|[from] ability: Eelevate
|-resisted|p2a: Sinistcha|1
|-damage|p2a: Sinistcha|77/100
|-damage|p2b: Kangaskhan|14/100
|-damage|p1b: Garchomp|58/100|[from] item: Life Orb
|move|p2b: Kangaskhan|Ice Punch|p1b: Garchomp
|-supereffective|p1b: Garchomp|2
|-damage|p1b: Garchomp|0 fnt
|-damage|p2b: Kangaskhan|2/100|[from] ability: Rough Skin|[of] p1b: Garchomp
|faint|p1b: Garchomp
|
|-weather|Sandstorm|[upkeep]
|-damage|p2b: Kangaskhan|0 fnt|[from] Sandstorm
|-damage|p1a: Eelektross|8/100 slp|[from] Sandstorm
|-damage|p2a: Sinistcha|71/100|[from] Sandstorm
|faint|p2b: Kangaskhan
|upkeep
|inactive|VOQJKk has 30 seconds left.
|
|t:|1785438813
|switch|p1b: Hydreigon|Hydreigon, L50, F|100/100
|switch|p2b: Hippowdon|Hippowdon, L50, F|78/100
|turn|4
|
|t:|1785438832
|move|p1b: Hydreigon|Dark Pulse|p2a: Sinistcha
|-supereffective|p2a: Sinistcha|1
|-crit|p2a: Sinistcha
|-damage|p2a: Sinistcha|0 fnt
|faint|p2a: Sinistcha
|-curestatus|p1a: Eelektross|slp|[msg]
|move|p1a: Eelektross|Grass Knot|p2b: Hippowdon
|-supereffective|p2b: Hippowdon|1
|-damage|p2b: Hippowdon|1/100
|move|p2b: Hippowdon|Yawn|p1b: Hydreigon
|-start|p1b: Hydreigon|move: Yawn|[of] p2b: Hippowdon
|
|-weather|Sandstorm|[upkeep]
|-damage|p1b: Hydreigon|94/100|[from] Sandstorm
|-damage|p1a: Eelektross|1/100|[from] Sandstorm
|-heal|p2b: Hippowdon|6/100|[from] item: Leftovers
|upkeep
|turn|5
|-message|lawtrick forfeited.
|raw|VOQJKk's rating: 1070 → 1094(+24 for winning)
|raw|lawtrick's rating: 1000 → 1000(+0 for losing)
|
|win|VOQJKk
|l|☆lawtrick
|player|p2|
