|j|☆pkmnmstrjc
|j|☆Cool account name
|html|pkmnmstrjcCool account name    
|uhtml|bestof|Game 1 of a best-of-3
|t:|1757910193
|gametype|doubles
|player|p1|pkmnmstrjc|silver|1000
|player|p2|Cool account name|lucas|1108
|gen|9
|tier|[Gen 9] VGC 2025 Reg H (Bo3)
|rated|
|rule|Species Clause: Limit one of each Pokémon
|rule|Item Clause: Limit 1 of each item
|clearpoke
|poke|p1|Gholdengo, L50|
|poke|p1|Dragonite, L50, M|
|poke|p1|Rillaboom, L50, M|
|poke|p1|Ninetales-Alola, L50, M|
|poke|p1|Ursaluna-Bloodmoon, L50, M|
|poke|p1|Magmar, L50, F|
|poke|p2|Dondozo, L50, F|
|poke|p2|Tatsugiri, L50, M|
|poke|p2|Indeedee, L50, M|
|poke|p2|Garchomp, L50, M|
|poke|p2|Gholdengo, L50|
|poke|p2|Murkrow, L50, M|
|teampreview|4
|showteam|p1|Gholdengo||LifeOrb|GoodasGold|NastyPlot,ShadowBall,Protect,MakeItRain||||||50|,,,,,Dragon]Dragonite||LoadedDice|Multiscale|Tailwind,ScaleShot,Protect,ExtremeSpeed|||M|||50|,,,,,Steel]Rillaboom||MiracleSeed|GrassySurge|FakeOut,GrassyGlide,HighHorsepower,WoodHammer|||M|||50|,,,,,Fire]Ninetales-Alola||CovertCloak|SnowWarning|Encore,IcyWind,Blizzard,AuroraVeil|||M|||50|,,,,,Steel]Ursaluna-Bloodmoon||AssaultVest|MindsEye|BloodMoon,EarthPower,VacuumWave,HyperVoice|||M|||50|,,,,,Water]Magmar||Eviolite|FlameBody|Overheat,WillOWisp,Protect,FollowMe|||F|||50|,,,,,Grass
|showteam|p2|Dondozo||Leftovers|Unaware|OrderUp,Earthquake,WaveCrash,Protect|||F|||50|,,,,,Grass]Tatsugiri||FocusSash|Commander|DracoMeteor,MuddyWater,IcyWind,Protect|||M|||50|,,,,,Stellar]Indeedee||ChoiceScarf|PsychicSurge|ExpandingForce,Trick,AfterYou,HyperVoice|||M|||50|,,,,,Psychic]Garchomp||LifeOrb|RoughSkin|Earthquake,StompingTantrum,DragonClaw,Protect|||M|||50|,,,,,Ground]Gholdengo||ChoiceSpecs|GoodasGold|MakeItRain,ShadowBall,SteelBeam,Thunderbolt||||||50|,,,,,Steel]Murkrow||Eviolite|Prankster|FoulPlay,Tailwind,Quash,Haze|||M|||50|,,,,,Ghost
|inactive|Battle timer is ON: inactive players will automatically lose when time's up. (requested by Cool account name)
|
|t:|1757910222
|teamsize|p1|4
|teamsize|p2|4
|start
|switch|p1a: Magmar|Magmar, L50, F|100/100
|switch|p1b: Gholdengo|Gholdengo, L50|100/100
|switch|p2a: Gholdengo|Gholdengo, L50|100/100
|switch|p2b: Murkrow|Murkrow, L50, M|100/100
|turn|1
|inactive|Cool account name has 30 seconds left.
|
|t:|1757910257
|-terastallize|p1b: Gholdengo|Dragon
|move|p2b: Murkrow|Tailwind|p2b: Murkrow
|-sidestart|p2: Cool account name|move: Tailwind
|move|p2a: Gholdengo|Shadow Ball|p1b: Gholdengo
|-damage|p1b: Gholdengo|27/100
|move|p1b: Gholdengo|Nasty Plot|p1b: Gholdengo
|-boost|p1b: Gholdengo|spa|2
|move|p1a: Magmar|Overheat|p2a: Gholdengo|[miss]
|-miss|p1a: Magmar|p2a: Gholdengo
|
|upkeep
|turn|2
|
|t:|1757910279
|move|p1a: Magmar|Follow Me|p1a: Magmar
|-singleturn|p1a: Magmar|move: Follow Me
|move|p2a: Gholdengo|Shadow Ball|p1a: Magmar
|-damage|p1a: Magmar|51/100
|move|p2b: Murkrow|Foul Play|p1a: Magmar
|-damage|p1a: Magmar|33/100
|move|p1b: Gholdengo|Make It Rain|p2b: Murkrow|[spread] p2a,p2b
|-resisted|p2a: Gholdengo
|-damage|p2a: Gholdengo|32/100
|-damage|p2b: Murkrow|0 fnt
|-unboost|p1b: Gholdengo|spa|1
|faint|p2b: Murkrow
|-damage|p1b: Gholdengo|18/100|[from] item: Life Orb
|
|upkeep
|
|t:|1757910303
|switch|p2b: Dondozo|Dondozo, L50, F|100/100
|turn|3
|
|t:|1757910320
|switch|p2a: Tatsugiri|Tatsugiri, L50, M, shiny|100/100
|-activate|p2a: Tatsugiri|ability: Commander|[of] p2b: Dondozo
|-boost|p2b: Dondozo|atk|2
|-boost|p2b: Dondozo|spa|2
|-boost|p2b: Dondozo|spe|2
|-boost|p2b: Dondozo|def|2
|-boost|p2b: Dondozo|spd|2
|move|p2b: Dondozo|Earthquake|p1b: Gholdengo|[spread] p1a,p1b
|-miss|p2b: Dondozo|p2a: Tatsugiri
|-supereffective|p1a: Magmar
|-damage|p1a: Magmar|0 fnt
|-damage|p1b: Gholdengo|0 fnt
|faint|p1a: Magmar
|faint|p1b: Gholdengo
|
|upkeep
|
|t:|1757910335
|switch|p1b: Ursaluna|Ursaluna-Bloodmoon, L50, M|100/100
|switch|p1a: Ninetales|Ninetales-Alola, L50, M|100/100
|-weather|Snowscape|[from] ability: Snow Warning|[of] p1a: Ninetales
|turn|4
|
|t:|1757910350
|move|p2b: Dondozo|Wave Crash|p1b: Ursaluna
|-supereffective|p1b: Ursaluna
|-damage|p1b: Ursaluna|0 fnt
|faint|p1b: Ursaluna
|-damage|p2b: Dondozo|73/100|[from] Recoil
|move|p1a: Ninetales|Aurora Veil|p1a: Ninetales
|-sidestart|p1: pkmnmstrjc|move: Aurora Veil
|
|-weather|Snowscape|[upkeep]
|-heal|p2b: Dondozo|79/100|[from] item: Leftovers
|-sideend|p2: Cool account name|move: Tailwind
|upkeep
|turn|5
|inactive|pkmnmstrjc has 30 seconds left.
|
|t:|1757910375
|move|p1a: Ninetales|Aurora Veil||[still]
|-fail|p1a: Ninetales
|move|p2b: Dondozo|Wave Crash|p1a: Ninetales
|-damage|p1a: Ninetales|44/100
|-damage|p2b: Dondozo|66/100|[from] Recoil
|
|-weather|Snowscape|[upkeep]
|-heal|p2b: Dondozo|72/100|[from] item: Leftovers
|upkeep
|turn|6
|
|t:|1757910385
|move|p1a: Ninetales|Aurora Veil||[still]
|-fail|p1a: Ninetales
|move|p2b: Dondozo|Wave Crash|p1a: Ninetales
|-damage|p1a: Ninetales|0 fnt
|faint|p1a: Ninetales
|-damage|p2b: Dondozo|62/100|[from] Recoil
|
|win|Cool account name
||Cool account name is ready for game 2.
|inactive|pkmnmstrjc has 30 seconds to confirm battle start!
|inactive|pkmnmstrjc has 20 seconds to confirm battle start!
||pkmnmstrjc is ready for game 2.
|uhtml|next|Next: Game 2 of 3
