|j|☆TheDark69420
|j|☆SunshineTufo
|html|TheDark69420SunshineTufo    
|uhtml|bestof|Game 3 of a best-of-3
|t:|1784797298
|gametype|doubles
|player|p1|TheDark69420|ghetsis-gen5bw|1408
|player|p2|SunshineTufo|li|1313
|gen|9
|tier|[Gen 9 Champions] VGC 2026 Reg M-B (Bo3)
|rated|
|rule|Species Clause: Limit one of each Pokémon
|rule|Item Clause: Limit 1 of each item
|clearpoke
|poke|p1|Raichu, L50, F|
|poke|p1|Sinistcha, L50|
|poke|p1|Corviknight, L50, F|
|poke|p1|Sylveon, L50, M|
|poke|p1|Garchomp, L50, M|
|poke|p1|Tyranitar, L50, M|
|poke|p2|Charizard, L50, M, shiny|
|poke|p2|Incineroar, L50, M, shiny|
|poke|p2|Sylveon, L50, M, shiny|
|poke|p2|Aerodactyl, L50, M, shiny|
|poke|p2|Garchomp, L50, M, shiny|
|poke|p2|Farigiraf, L50, M, shiny|
|teampreview|4
|showteam|p1|Raichu||RaichuniteY|LightningRod|ZapCannon,FocusBlast,FakeOut,Protect|Timid||F|||50|]Sinistcha||KasibBerry|Hospitality|MatchaGotcha,ShadowBall,RagePowder,Protect|Modest|||||50|]Corviknight||Leftovers|MirrorArmor|IronHead,BraveBird,Tailwind,Protect|Adamant||F|||50|]Sylveon||FairyFeather|Pixilate|HyperVoice,QuickAttack,Yawn,Detect|Modest||M|||50|]Garchomp||SitrusBerry|RoughSkin|DragonClaw,Earthquake,RockSlide,Protect|Adamant||M|||50|]Tyranitar||FocusSash|SandStream|RockSlide,KnockOff,Superpower,Protect|Adamant||M|||50|
|showteam|p2|Charizard||CharizarditeY|SolarPower|HeatWave,WeatherBall,SolarBeam,Protect|Modest||M|||50|]Incineroar||Charcoal|Intimidate|FlareBlitz,DarkestLariat,FakeOut,PartingShot|Brave||M|||50|]Sylveon||FairyFeather|Pixilate|HyperVoice,QuickAttack,HyperBeam,Detect|Modest||M|||50|]Aerodactyl||Aerodactylite|Unnerve|WideGuard,RockSlide,DualWingbeat,Tailwind|Jolly||M|||50|]Garchomp||LifeOrb|RoughSkin|Protect,StompingTantrum,DragonClaw,Earthquake|Adamant||M|||50|]Farigiraf||SitrusBerry|ArmorTail|SunnyDay,PsychicFangs,Thunderbolt,TrickRoom|Relaxed||M|||50|
|inactive|Battle timer is ON: inactive players will automatically lose when time's up. (requested by TheDark69420)
|inactive|SunshineTufo also wants the timer to be on.
|inactive|SunshineTufo has 60 seconds left.
|
|t:|1784797334
|teamsize|p1|4
|teamsize|p2|4
|start
|switch|p1a: Sylveon|Sylveon, L50, M|100/100
|switch|p1b: Garchomp|Garchomp, L50, M|100/100
|switch|p2a: Aerodactyl|Aerodactyl, L50, M, shiny|100/100
|switch|p2b: Garchomp|Garchomp, L50, M, shiny|100/100
|-ability|p2a: Aerodactyl|Unnerve
|turn|1
|
|t:|1784797349
|move|p2b: Garchomp|Protect|p2b: Garchomp
|-singleturn|p2b: Garchomp|Protect
|move|p2a: Aerodactyl|Tailwind|p2a: Aerodactyl
|-sidestart|p2: SunshineTufo|move: Tailwind
|move|p1b: Garchomp|Dragon Claw|p2b: Garchomp
|-activate|p2b: Garchomp|move: Protect
|move|p1a: Sylveon|Yawn|p2b: Garchomp
|-activate|p2b: Garchomp|move: Protect
|
|upkeep
|turn|2
|
|t:|1784797360
|move|p2a: Aerodactyl|Wide Guard|p2a: Aerodactyl
|-singleturn|p2a: Aerodactyl|Wide Guard
|move|p2b: Garchomp|Dragon Claw|p1b: Garchomp
|-supereffective|p1b: Garchomp|1
|-damage|p1b: Garchomp|12/100
|-damage|p2b: Garchomp|87/100|[from] ability: Rough Skin|[of] p1b: Garchomp
|-damage|p2b: Garchomp|78/100|[from] item: Life Orb
|move|p1b: Garchomp|Rock Slide|p2b: Garchomp|[spread] 
|-activate|p2a: Aerodactyl|move: Wide Guard
|-activate|p2b: Garchomp|move: Wide Guard
|move|p1a: Sylveon|Hyper Voice|p2b: Garchomp|[spread] 
|-activate|p2a: Aerodactyl|move: Wide Guard
|-activate|p2b: Garchomp|move: Wide Guard
|
|upkeep
|turn|3
|
|t:|1784797381
|switch|p1a: Sinistcha|Sinistcha, L50|100/100
|-heal|p1b: Garchomp|37/100|[from] ability: Hospitality|[of] p1a: Sinistcha
|move|p2a: Aerodactyl|Wide Guard|p2a: Aerodactyl
|-singleturn|p2a: Aerodactyl|Wide Guard
|move|p2b: Garchomp|Earthquake|p1b: Garchomp|[spread] p1a,p1b
|-activate|p2a: Aerodactyl|move: Wide Guard
|-resisted|p1a: Sinistcha|1
|-damage|p1a: Sinistcha|77/100
|-damage|p1b: Garchomp|0 fnt
|faint|p1b: Garchomp
|-damage|p2b: Garchomp|68/100|[from] item: Life Orb
|
|upkeep
|
|t:|1784797392
|switch|p1b: Sylveon|Sylveon, L50, M|100/100
|turn|4
|
|t:|1784797404
|detailschange|p2a: Aerodactyl|Aerodactyl-Mega, L50, M, shiny
|-mega|p2a: Aerodactyl|Aerodactyl|Aerodactylite
|move|p2b: Garchomp|Protect|p2b: Garchomp
|-singleturn|p2b: Garchomp|Protect
|move|p2a: Aerodactyl|Dual Wingbeat|p1a: Sinistcha
|-supereffective|p1a: Sinistcha|1
|-damage|p1a: Sinistcha|36/100
|-supereffective|p1a: Sinistcha|1
|-damage|p1a: Sinistcha|0 fnt
|faint|p1a: Sinistcha
|-hitcount|p1: Sinistcha|2
|move|p1b: Sylveon|Yawn|p2b: Garchomp
|-activate|p2b: Garchomp|move: Protect
|
|-sideend|p2: SunshineTufo|move: Tailwind
|upkeep
|
|t:|1784797411
|switch|p1a: Raichu|Raichu, L50, F|100/100
|turn|5
|
|t:|1784797420
|switch|p2a: Farigiraf|Farigiraf, L50, M, shiny|100/100
|detailschange|p1a: Raichu|Raichu-Mega-Y, L50, F
|-mega|p1a: Raichu|Raichu|Raichunite Y
|move|p1a: Raichu|Fake Out||[still]
|cant|p2a: Farigiraf|ability: Armor Tail|Fake Out|[of] p1a: Raichu
|move|p2b: Garchomp|Earthquake|p1a: Raichu|[spread] p2a,p1a,p1b
|-supereffective|p1a: Raichu|1
|-damage|p2a: Farigiraf|63/100
|-damage|p1a: Raichu|0 fnt
|-damage|p1b: Sylveon|50/100g
|faint|p1a: Raichu
|-damage|p2b: Garchomp|59/100|[from] item: Life Orb
|move|p1b: Sylveon|Yawn|p2b: Garchomp
|-start|p2b: Garchomp|move: Yawn|[of] p1b: Sylveon
|
|upkeep
|turn|6
|
|t:|1784797428
|switch|p2b: Charizard|Charizard, L50, M, shiny|100/100
|move|p1b: Sylveon|Detect|p1b: Sylveon
|-singleturn|p1b: Sylveon|Protect
|move|p2a: Farigiraf|Psychic Fangs|p1b: Sylveon
|-activate|p1b: Sylveon|move: Protect
|
|upkeep
|turn|7
|
|t:|1784797432
|move|p2b: Charizard|Protect|p2b: Charizard
|-singleturn|p2b: Charizard|Protect
|move|p1b: Sylveon|Hyper Voice|p2b: Charizard|[spread] p2a
|-activate|p2b: Charizard|move: Protect
|-damage|p2a: Farigiraf|26/100
|-enditem|p2a: Farigiraf|Sitrus Berry|[eat]
|-heal|p2a: Farigiraf|51/100|[from] item: Sitrus Berry
|move|p2a: Farigiraf|Sunny Day|p2a: Farigiraf
|-weather|SunnyDay
|
|-weather|SunnyDay|[upkeep]
|-damage|p2b: Charizard|87/100|[from] ability: Solar Power|[of] p2b: Charizard
|upkeep
|turn|8
|
|t:|1784797439
|move|p2b: Charizard|Weather Ball|p1b: Sylveon
|-damage|p1b: Sylveon|0 fnt
|faint|p1b: Sylveon
|
|win|SunshineTufo
|raw|TheDark69420's rating: 1408 → 1383(-25 for losing)
|raw|SunshineTufo's rating: 1313 → 1338(+25 for winning)
