|j|☆Spasio
|j|☆new mental
|html|Spasionew mental    
|uhtml|bestof|Game 1 of a best-of-3
|t:|1785495894
|gametype|doubles
|player|p1|Spasio|169|1339
|player|p2|new mental|volkner|1316
|gen|9
|tier|[Gen 9 Champions] VGC 2026 Reg M-B (Bo3)
|rated|
|rule|Species Clause: Limit one of each Pokémon
|rule|Item Clause: Limit 1 of each item
|clearpoke
|poke|p1|Charizard, L50, M|
|poke|p1|Glimmora, L50, M|
|poke|p1|Whimsicott, L50, F|
|poke|p1|Ninetales-Alola, L50, F|
|poke|p1|Kingambit, L50, M|
|poke|p1|Kommo-o, L50, M|
|poke|p2|Charizard, L50, M|
|poke|p2|Garchomp, L50, M|
|poke|p2|Incineroar, L50, F|
|poke|p2|Venusaur, L50, M|
|poke|p2|Toxapex, L50, M|
|poke|p2|Sylveon, L50, F|
|teampreview|4
|showteam|p1|Charizard||CharizarditeY|Blaze|HeatWave,WeatherBall,SolarBeam,Protect|Modest||M|||50|]Glimmora||Glimmoranite|ToxicDebris|SludgeBomb,PowerGem,EarthPower,SpikyShield|Modest||M|||50|]Whimsicott||FocusSash|Prankster|Moonblast,Tailwind,Encore,Protect|Timid||F|||50|]Ninetales-Alola||NeverMeltIce|SnowWarning|Blizzard,FreezeDry,Disable,Protect|Timid||F|||50|]Kingambit||BlackGlasses|Defiant|KowtowCleave,SuckerPunch,IronHead,Protect|Adamant||M|||50|]Kommo-o||LifeOrb|Overcoat|ClangingScales,AuraSphere,VacuumWave,Protect|Modest||M|||50|
|showteam|p2|Charizard||CharizarditeY|SolarPower|WeatherBall,HeatWave,AncientPower,Protect|Modest||M|||50|]Garchomp||ChoiceScarf|RoughSkin|RockSlide,DragonClaw,Earthquake,StompingTantrum|Adamant||M|||50|]Incineroar||SitrusBerry|Intimidate|FlareBlitz,FakeOut,DarkestLariat,PartingShot|Impish||F|||50|]Venusaur||LifeOrb|Chlorophyll|SludgeBomb,LeafStorm,EarthPower,Protect|Modest||M|||50|]Toxapex||Leftovers|Regenerator|Infestation,Toxic,WideGuard,BanefulBunker|Bold||M|||50|]Sylveon||FairyFeather|Pixilate|HyperVoice,QuickAttack,Yawn,Detect|Modest||F|||50|
|inactive|Battle timer is ON: inactive players will automatically lose when time's up. (requested by Spasio)
|inactive|new mental has 60 seconds left.
|
|t:|1785495930
|teamsize|p1|4
|teamsize|p2|4
|start
|switch|p1a: Whimsicott|Whimsicott, L50, F|100/100
|switch|p1b: Ninetales|Ninetales-Alola, L50, F|100/100
|switch|p2a: Charizard|Charizard, L50, M|100/100
|switch|p2b: Venusaur|Venusaur, L50, M|100/100
|-weather|Snowscape|[from] ability: Snow Warning|[of] p1b: Ninetales
|turn|1
|
|t:|1785495949
|detailschange|p2a: Charizard|Charizard-Mega-Y, L50, M
|-mega|p2a: Charizard|Charizard|Charizardite Y
|-weather|SunnyDay|[from] ability: Drought|[of] p2a: Charizard
|move|p1a: Whimsicott|Tailwind|p1a: Whimsicott
|-sidestart|p1: Spasio|move: Tailwind
|move|p1b: Ninetales|Blizzard|p2a: Charizard|[spread] p2a,p2b
|-supereffective|p2b: Venusaur|1
|-damage|p2a: Charizard|70/100
|-damage|p2b: Venusaur|13/100
|move|p2b: Venusaur|Sludge Bomb|p1b: Ninetales
|-supereffective|p1b: Ninetales|1
|-damage|p1b: Ninetales|0 fnt
|faint|p1b: Ninetales
|-damage|p2b: Venusaur|3/100|[from] item: Life Orb
|move|p2a: Charizard|Heat Wave|p1a: Whimsicott
|-supereffective|p1a: Whimsicott|1
|-enditem|p1a: Whimsicott|Focus Sash
|-damage|p1a: Whimsicott|1/100
|
|-weather|SunnyDay|[upkeep]
|upkeep
|
|t:|1785495958
|switch|p1b: Glimmora|Glimmora, L50, M|100/100
|turn|2
|
|t:|1785495966
|switch|p2b: Toxapex|Toxapex, L50, M|100/100
|detailschange|p1b: Glimmora|Glimmora-Mega, L50, M
|-mega|p1b: Glimmora|Glimmora|Glimmoranite
|move|p2a: Charizard|Protect|p2a: Charizard
|-singleturn|p2a: Charizard|Protect
|move|p1a: Whimsicott|Moonblast|p2b: Toxapex
|-resisted|p2b: Toxapex|1
|-damage|p2b: Toxapex|85/100
|move|p1b: Glimmora|Power Gem|p2a: Charizard
|-activate|p2a: Charizard|move: Protect
|
|-weather|SunnyDay|[upkeep]
|-heal|p2b: Toxapex|91/100|[from] item: Leftovers
|upkeep
|turn|3
|
|t:|1785495977
|switch|p2a: Sylveon|Sylveon, L50, F|100/100
|move|p1a: Whimsicott|Encore||[still]
|-fail|p1a: Whimsicott
|move|p1b: Glimmora|Earth Power|p2b: Toxapex
|-supereffective|p2b: Toxapex|1
|-damage|p2b: Toxapex|31/100
|move|p2b: Toxapex|Infestation|p1b: Glimmora
|-resisted|p1b: Glimmora|1
|-damage|p1b: Glimmora|98/100
|-activate|p1b: Glimmora|move: Infestation|[of] p2b: Toxapex
|
|-weather|SunnyDay|[upkeep]
|-heal|p2b: Toxapex|36/100|[from] item: Leftovers
|-damage|p1b: Glimmora|86/100|[from] move: Infestation|[partiallytrapped]
|upkeep
|turn|4
|
|t:|1785495995
|move|p1a: Whimsicott|Protect|p1a: Whimsicott
|-singleturn|p1a: Whimsicott|Protect
|move|p2b: Toxapex|Baneful Bunker|p2b: Toxapex
|-singleturn|p2b: Toxapex|move: Protect
|move|p1b: Glimmora|Earth Power|p2b: Toxapex
|-activate|p2b: Toxapex|move: Protect
|move|p2a: Sylveon|Hyper Voice|p1b: Glimmora|[spread] p1b
|-activate|p1a: Whimsicott|move: Protect
|-resisted|p1b: Glimmora|1
|-damage|p1b: Glimmora|61/100
|
|-weather|SunnyDay|[upkeep]
|-heal|p2b: Toxapex|42/100|[from] item: Leftovers
|-damage|p1b: Glimmora|49/100|[from] move: Infestation|[partiallytrapped]
|-sideend|p1: Spasio|move: Tailwind
|upkeep
|turn|5
|
|t:|1785496004
|-heal|p2b: Toxapex|75/100|[from] ability: Regenerator|[silent]
|switch|p2b: Charizard|Charizard-Mega-Y, L50, M|70/100
|move|p1a: Whimsicott|Encore||[still]
|-fail|p1a: Whimsicott
|move|p1b: Glimmora|Sludge Bomb|p2a: Sylveon
|-supereffective|p2a: Sylveon|1
|-damage|p2a: Sylveon|0 fnt
|faint|p2a: Sylveon
|
|-weather|none
|-end|p1b: Glimmora|Infestation|[partiallytrapped]|[silent]
|upkeep
|
|t:|1785496015
|switch|p2a: Toxapex|Toxapex, L50, M|75/100
|turn|6
|
|t:|1785496023
|move|p1a: Whimsicott|Protect|p1a: Whimsicott
|-singleturn|p1a: Whimsicott|Protect
|move|p1b: Glimmora|Spiky Shield|p1b: Glimmora
|-singleturn|p1b: Glimmora|move: Protect
|move|p2b: Charizard|Heat Wave|p1a: Whimsicott|[spread] 
|-activate|p1a: Whimsicott|move: Protect
|-activate|p1b: Glimmora|move: Protect
|move|p2a: Toxapex|Infestation|p1b: Glimmora
|-activate|p1b: Glimmora|move: Protect
|-damage|p2a: Toxapex|63/100|[from] Spiky Shield|[of] p1b: Glimmora
|
|-heal|p2a: Toxapex|69/100|[from] item: Leftovers
|upkeep
|turn|7
|
|t:|1785496032
|move|p1a: Whimsicott|Tailwind|p1a: Whimsicott
|-sidestart|p1: Spasio|move: Tailwind
|move|p1b: Glimmora|Power Gem|p2b: Charizard
|-supereffective|p2b: Charizard|2
|-damage|p2b: Charizard|0 fnt
|faint|p2b: Charizard
|move|p2a: Toxapex|Infestation|p1b: Glimmora
|-resisted|p1b: Glimmora|1
|-damage|p1b: Glimmora|47/100
|-activate|p1b: Glimmora|move: Infestation|[of] p2a: Toxapex
|
|-heal|p2a: Toxapex|75/100|[from] item: Leftovers
|-damage|p1b: Glimmora|35/100|[from] move: Infestation|[partiallytrapped]
|upkeep
|
|t:|1785496043
|switch|p2b: Venusaur|Venusaur, L50, M|3/100
|turn|8
|
|t:|1785496049
|move|p1a: Whimsicott|Moonblast|p2b: Venusaur
|-resisted|p2b: Venusaur|1
|-damage|p2b: Venusaur|0 fnt
|faint|p2b: Venusaur
|move|p1b: Glimmora|Earth Power|p2a: Toxapex
|-supereffective|p2a: Toxapex|1
|-damage|p2a: Toxapex|17/100
|move|p2a: Toxapex|Infestation|p1a: Whimsicott
|-damage|p1a: Whimsicott|0 fnt
|faint|p1a: Whimsicott
|
|-heal|p2a: Toxapex|23/100|[from] item: Leftovers
|-damage|p1b: Glimmora|23/100|[from] move: Infestation|[partiallytrapped]
|upkeep
|
|t:|1785496055
|switch|p1a: Kingambit|Kingambit, L50, M|100/100
|turn|9
|-message|new mental forfeited.
|
|win|Spasio
