|j|☆sinbad37
|j|☆Nearshort
|html|sinbad37Nearshort    
|uhtml|bestof|Game 1 of a best-of-3
|t:|1757853897
|gametype|doubles
|player|p1|sinbad37|volkner|1107
|player|p2|Nearshort|birdkeeper-gen4dp|1151
|gen|9
|tier|[Gen 9] VGC 2025 Reg H (Bo3)
|rated|
|rule|Species Clause: Limit one of each Pokémon
|rule|Item Clause: Limit 1 of each item
|clearpoke
|poke|p1|Gholdengo, L50|
|poke|p1|Rillaboom, L50, M|
|poke|p1|Pelipper, L50, F|
|poke|p1|Archaludon, L50, F|
|poke|p1|Basculegion, L50, M|
|poke|p1|Incineroar, L50, M|
|poke|p2|Tyranitar, L50, F|
|poke|p2|Orthworm, L50, M|
|poke|p2|Excadrill, L50, F|
|poke|p2|Amoonguss, L50, F|
|poke|p2|Indeedee-F, L50, F|
|poke|p2|Armarouge, L50, F|
|teampreview|4
|showteam|p1|Gholdengo||LifeOrb|GoodasGold|MakeItRain,ShadowBall,NastyPlot,Protect||||||50|,,,,,Water]Rillaboom||MiracleSeed|GrassySurge|GrassyGlide,WoodHammer,FakeOut,HighHorsepower|||M|||50|,,,,,Fire]Pelipper||FocusSash|Drizzle|Hurricane,Protect,WeatherBall,Tailwind|||F|||50|,,,,,Ghost]Archaludon||AssaultVest|Stamina|ElectroShot,FlashCannon,BodyPress,DragonPulse|||F|||50|,,,,,Water]Basculegion||ChoiceBand|SwiftSwim|LastRespects,WaveCrash,AquaJet,FlipTurn|||M|||50|,,,,,Water]Incineroar||SafetyGoggles|Intimidate|FakeOut,PartingShot,KnockOff,WillOWisp|||M|||50|,,,,,Ghost
|showteam|p2|Tyranitar||AssaultVest|SandStream|RockSlide,LowKick,TeraBlast,KnockOff|||F|||50|,,,,,Flying]Orthworm||SitrusBerry|EarthEater|ShedTail,RockBlast,HelpingHand,Protect|||M|||50|,,,,,Poison]Excadrill||LifeOrb|SandRush|Protect,IronHead,RockSlide,Earthquake|||F|||50|,,,,,Ground]Amoonguss||RockyHelmet|Regenerator|RagePowder,Protect,ClearSmog,Spore|||F|||50|,,,,,Water]Indeedee-F||SafetyGoggles|PsychicSurge|FollowMe,Psychic,Protect,TrickRoom|||F|||50|,,,,,Fairy]Armarouge||PowerHerb|WeakArmor|ExpandingForce,HeatWave,Protect,MeteorBeam|||F|||50|,,,,,Grass
|inactive|Battle timer is ON: inactive players will automatically lose when time's up. (requested by sinbad37)
|
|t:|1757853913
|teamsize|p1|4
|teamsize|p2|4
|start
|switch|p1a: Gholdengo|Gholdengo, L50|100/100
|switch|p1b: Archaludon|Archaludon, L50, F|100/100
|switch|p2a: Amoonguss|Amoonguss, L50, F|100/100
|switch|p2b: Orthworm|Orthworm, L50, M|100/100
|turn|1
|inactive|sinbad37 has 30 seconds left.
|
|t:|1757853941
|move|p1a: Gholdengo|Nasty Plot|p1a: Gholdengo
|-boost|p1a: Gholdengo|spa|2
|move|p1b: Archaludon|Dragon Pulse|p2a: Amoonguss
|-damage|p2a: Amoonguss|73/100
|move|p2b: Orthworm|Shed Tail|p2b: Orthworm
|-start|p2b: Orthworm|Substitute|[from] move: Shed Tail
|-damage|p2b: Orthworm|50/100
|-enditem|p2b: Orthworm|Sitrus Berry|[eat]
|-heal|p2b: Orthworm|75/100|[from] item: Sitrus Berry
|
|t:|1757853951
|switch|p2b: Excadrill|Excadrill, L50, F|100/100|[from] Shed Tail
|move|p2a: Amoonguss|Spore|p1b: Archaludon
|-status|p1b: Archaludon|slp|[from] move: Spore
|
|upkeep
|turn|2
|inactive|sinbad37 has 30 seconds left.
|inactive|Nearshort has 30 seconds left.
|inactive|sinbad37 has 20 seconds left.
|inactive|Nearshort has 20 seconds left.
|inactive|Nearshort has 15 seconds left.
|inactive|Nearshort has 10 seconds left.
|
|t:|1757853999
|switch|p2a: Orthworm|Orthworm, L50, M|75/100
|-terastallize|p1a: Gholdengo|Water
|move|p2b: Excadrill|Earthquake|p1b: Archaludon|[spread] p1a,p1b
|-heal|p2a: Orthworm|99/100|[from] ability: Earth Eater|[of] p2b: Excadrill
|-supereffective|p1b: Archaludon
|-damage|p1a: Gholdengo|43/100
|-damage|p1b: Archaludon|28/100 slp
|-ability|p1b: Archaludon|Stamina|boost
|-boost|p1b: Archaludon|def|1
|-damage|p2b: Excadrill|91/100|[from] item: Life Orb
|move|p1a: Gholdengo|Shadow Ball|p2b: Excadrill
|-end|p2b: Excadrill|Substitute
|-damage|p1a: Gholdengo|33/100|[from] item: Life Orb
|cant|p1b: Archaludon|slp
|
|upkeep
|turn|3
|inactive|Nearshort has 30 seconds left.
|inactive|sinbad37 has 30 seconds left.
|
|t:|1757854034
|move|p2a: Orthworm|Helping Hand|p2b: Excadrill
|-singleturn|p2b: Excadrill|Helping Hand|[of] p2a: Orthworm
|move|p2b: Excadrill|Earthquake|p1b: Archaludon|[spread] p1a,p1b
|-heal|p2a: Orthworm|100/100|[from] ability: Earth Eater|[of] p2b: Excadrill
|-supereffective|p1b: Archaludon
|-damage|p1a: Gholdengo|0 fnt
|-damage|p1b: Archaludon|0 fnt
|faint|p1a: Gholdengo
|faint|p1b: Archaludon
|-damage|p2b: Excadrill|81/100|[from] item: Life Orb
|
|upkeep
|
|t:|1757854038
|switch|p1a: Pelipper|Pelipper, L50, F|100/100
|switch|p1b: Basculegion|Basculegion, L50, M, shiny|100/100
|-weather|RainDance|[from] ability: Drizzle|[of] p1a: Pelipper
|turn|4
|
|t:|1757854061
|switch|p2b: Tyranitar|Tyranitar, L50, F|100/100
|-weather|Sandstorm|[from] ability: Sand Stream|[of] p2b: Tyranitar
|move|p1b: Basculegion|Wave Crash|p2b: Tyranitar
|-supereffective|p2b: Tyranitar
|-damage|p2b: Tyranitar|0 fnt
|faint|p2b: Tyranitar
|-damage|p1b: Basculegion|69/100|[from] Recoil
|move|p1a: Pelipper|Tailwind|p1a: Pelipper
|-sidestart|p1: sinbad37|move: Tailwind
|move|p2a: Orthworm|Rock Blast|p1a: Pelipper
|-supereffective|p1a: Pelipper
|-damage|p1a: Pelipper|86/100
|-supereffective|p1a: Pelipper
|-damage|p1a: Pelipper|73/100
|-supereffective|p1a: Pelipper
|-damage|p1a: Pelipper|59/100
|-supereffective|p1a: Pelipper
|-damage|p1a: Pelipper|45/100
|-hitcount|p1a: Pelipper|4
|
|-weather|Sandstorm|[upkeep]
|-damage|p1b: Basculegion|63/100|[from] Sandstorm
|-damage|p1a: Pelipper|39/100|[from] Sandstorm
|upkeep
|
|t:|1757854080
|switch|p2b: Amoonguss|Amoonguss, L50, F|100/100
|turn|5
|
|t:|1757854087
|move|p2b: Amoonguss|Rage Powder|p2b: Amoonguss
|-singleturn|p2b: Amoonguss|move: Rage Powder
|move|p1b: Basculegion|Wave Crash|p2b: Amoonguss
|-resisted|p2b: Amoonguss
|-damage|p2b: Amoonguss|60/100
|-damage|p1b: Basculegion|46/100|[from] item: Rocky Helmet|[of] p2b: Amoonguss
|-damage|p1b: Basculegion|31/100|[from] Recoil
|move|p1a: Pelipper|Hurricane|p2b: Amoonguss
|-supereffective|p2b: Amoonguss
|-damage|p2b: Amoonguss|0 fnt
|faint|p2b: Amoonguss
|move|p2a: Orthworm|Shed Tail|p2a: Orthworm
|-start|p2a: Orthworm|Substitute|[from] move: Shed Tail
|-damage|p2a: Orthworm|50/100
|
|t:|1757854097
|switch|p2a: Excadrill|Excadrill, L50, F|81/100|[from] Shed Tail
|
|-weather|Sandstorm|[upkeep]
|-damage|p1b: Basculegion|25/100|[from] Sandstorm
|-damage|p1a: Pelipper|33/100|[from] Sandstorm
|upkeep
|
|t:|1757854099
|switch|p2b: Orthworm|Orthworm, L50, M|50/100
|turn|6
|
|t:|1757854109
|move|p2b: Orthworm|Helping Hand|p2a: Excadrill
|-singleturn|p2a: Excadrill|Helping Hand|[of] p2b: Orthworm
|move|p2a: Excadrill|Rock Slide|p1a: Pelipper|[spread] p1a
|-miss|p2a: Excadrill|p1b: Basculegion
|-supereffective|p1a: Pelipper
|-damage|p1a: Pelipper|0 fnt
|faint|p1a: Pelipper
|-damage|p2a: Excadrill|71/100|[from] item: Life Orb
|move|p1b: Basculegion|Wave Crash|p2a: Excadrill
|-supereffective|p2a: Excadrill
|-end|p2a: Excadrill|Substitute
|-damage|p1b: Basculegion|18/100|[from] Recoil|[of] p2a: Excadrill
|
|-weather|Sandstorm|[upkeep]
|-damage|p1b: Basculegion|12/100|[from] Sandstorm
|upkeep
|turn|7
|
|t:|1757854122
|move|p2a: Excadrill|Earthquake|p1b: Basculegion|[spread] p1b
|-heal|p2b: Orthworm|75/100|[from] ability: Earth Eater|[of] p2a: Excadrill
|-damage|p1b: Basculegion|0 fnt
|faint|p1b: Basculegion
|-damage|p2a: Excadrill|62/100|[from] item: Life Orb
|
|win|Nearshort
||Nearshort is ready for game 2.
||sinbad37 is ready for game 2.
|uhtml|next|Next: Game 2 of 3
|l|☆sinbad37
|player|p1|
