|j|☆stoicone
|j|☆HenriqueZVGC
|html|stoiconeHenriqueZVGC    
|uhtml|bestof|Game 2 of a best-of-3
|t:|1784508263
|gametype|doubles
|player|p1|stoicone|1|1049
|player|p2|HenriqueZVGC|steven|1137
|gen|9
|tier|[Gen 9 Champions] VGC 2026 Reg M-B (Bo3)
|rated|
|rule|Species Clause: Limit one of each Pokémon
|rule|Item Clause: Limit 1 of each item
|clearpoke
|poke|p1|Beedrill, L50, M|
|poke|p1|Archaludon, L50, M|
|poke|p1|Farigiraf, L50, F|
|poke|p1|Incineroar, L50, F|
|poke|p1|Pelipper, L50, M|
|poke|p1|Swampert, L50, F|
|poke|p2|Malamar, L50, M|
|poke|p2|Maushold, L50|
|poke|p2|Mawile, L50, F|
|poke|p2|Sinistcha, L50|
|poke|p2|Whimsicott, L50, M|
|poke|p2|Incineroar, L50, M|
|teampreview|4
|showteam|p1|Beedrill||Beedrillite|Swarm|Uturn,PoisonJab,DrillRun,Protect|Jolly||M|||50|]Archaludon||Leftovers|Stamina|ElectroShot,DragonPulse,FlashCannon,Protect|Modest||M|||50|]Farigiraf||SitrusBerry|ArmorTail|Psychic,HelpingHand,TrickRoom,RainDance|Bold||F|||50|]Incineroar||PasshoBerry|Intimidate|FlareBlitz,ThroatChop,FakeOut,PartingShot|Adamant||F|||50|]Pelipper||LifeOrb|Drizzle|Hurricane,WeatherBall,Tailwind,WideGuard|Modest||M|||50|]Swampert||Swampertite|Torrent|WaveCrash,HighHorsepower,RockSlide,Protect|Adamant||F|||50|
|showteam|p2|Malamar||Malamarite|Contrary|Superpower,KnockOff,TrickRoom,Protect|Adamant||M|||50|]Maushold||WideLens|Technician|PopulationBomb,FollowMe,Feint,Protect|Jolly|||||50|]Mawile||Mawilite|HyperCutter|PlayRough,RockSlide,SuckerPunch,Protect|Brave||F|||50|]Sinistcha||ColburBerry|Hospitality|MatchaGotcha,LifeDew,RagePowder,Protect|Calm|||||50|]Whimsicott||FocusSash|Prankster|Moonblast,Tailwind,Charm,SunnyDay|Modest||M|||50|]Incineroar||LifeOrb|Intimidate|FlareBlitz,DarkestLariat,PartingShot,FakeOut|Brave||M|||50|
|inactive|Battle timer is ON: inactive players will automatically lose when time's up. (requested by stoicone)
|inactive|HenriqueZVGC also wants the timer to be on.
|inactive|stoicone has 60 seconds left.
|inactive|HenriqueZVGC has 60 seconds left.
|
|t:|1784508302
|teamsize|p1|4
|teamsize|p2|4
|start
|switch|p1a: Beedrill|Beedrill, L50, M|100/100
|switch|p1b: Archaludon|Archaludon, L50, M|100/100
|switch|p2a: Malamar|Malamar, L50, M|100/100
|switch|p2b: Maushold|Maushold, L50|100/100
|turn|1
|
|t:|1784508323
|detailschange|p1a: Beedrill|Beedrill-Mega, L50, M
|-mega|p1a: Beedrill|Beedrill|Beedrillite
|move|p2a: Malamar|Protect|p2a: Malamar
|-singleturn|p2a: Malamar|Protect
|move|p1a: Beedrill|U-turn|p2a: Malamar
|-activate|p2a: Malamar|move: Protect
|move|p2b: Maushold|Population Bomb|p1a: Beedrill
|-damage|p1a: Beedrill|71/100
|-damage|p1a: Beedrill|42/100
|-damage|p1a: Beedrill|17/100
|-damage|p1a: Beedrill|0 fnt
|faint|p1a: Beedrill
|-hitcount|p1: Beedrill|4
|move|p1b: Archaludon|Electro Shot||[still]
|-prepare|p1b: Archaludon|Electro Shot
|-boost|p1b: Archaludon|spa|1
|
|upkeep
|inactive|stoicone has 30 seconds left.
|
|t:|1784508350
|switch|p1a: Pelipper|Pelipper, L50, M|100/100
|-weather|RainDance|[from] ability: Drizzle|[of] p1a: Pelipper
|turn|2
|inactive|HenriqueZVGC has 30 seconds left.
|
|t:|1784508377
|move|p2b: Maushold|Follow Me|p2b: Maushold
|-singleturn|p2b: Maushold|move: Follow Me
|move|p1b: Archaludon|Electro Shot|p2b: Maushold|[from] lockedmove
|-crit|p2b: Maushold
|-damage|p2b: Maushold|0 fnt
|faint|p2b: Maushold
|move|p1a: Pelipper|Hurricane|p2a: Malamar
|-damage|p2a: Malamar|24/100
|-damage|p1a: Pelipper|90/100|[from] item: Life Orb
|move|p2a: Malamar|Trick Room|p2a: Malamar
|-fieldstart|move: Trick Room|[of] p2a: Malamar
|
|-weather|RainDance|[upkeep]
|upkeep
|
|t:|1784508392
|switch|p2b: Sinistcha|Sinistcha, L50|100/100
|-heal|p2a: Malamar|49/100|[from] ability: Hospitality|[of] p2b: Sinistcha
|turn|3
|
|t:|1784508404
|switch|p1a: Farigiraf|Farigiraf, L50, F|100/100
|move|p2a: Malamar|Protect|p2a: Malamar
|-singleturn|p2a: Malamar|Protect
|move|p2b: Sinistcha|Life Dew||[still]|[spread] p2a,p2b
|-heal|p2a: Malamar|74/100
|-fail|p2b: Sinistcha|heal
|move|p1b: Archaludon|Electro Shot||[still]
|-prepare|p1b: Archaludon|Electro Shot
|-boost|p1b: Archaludon|spa|1
|-anim|p1b: Archaludon|Electro Shot|p2a: Malamar
|-activate|p2a: Malamar|move: Protect
|
|-weather|RainDance|[upkeep]
|upkeep
|turn|4
|inactive|HenriqueZVGC has 30 seconds left.
|inactive|stoicone has 30 seconds left.
|
|t:|1784508437
|detailschange|p2a: Malamar|Malamar-Mega, L50, M
|-mega|p2a: Malamar|Malamar|Malamarite
|move|p2b: Sinistcha|Rage Powder|p2b: Sinistcha
|-singleturn|p2b: Sinistcha|move: Rage Powder
|move|p1b: Archaludon|Electro Shot||[still]
|-prepare|p1b: Archaludon|Electro Shot
|-boost|p1b: Archaludon|spa|1
|-anim|p1b: Archaludon|Electro Shot|p2b: Sinistcha
|-resisted|p2b: Sinistcha|1
|-damage|p2b: Sinistcha|54/100
|move|p2a: Malamar|Superpower|p1b: Archaludon
|-supereffective|p1b: Archaludon|1
|-damage|p1b: Archaludon|41/100
|-boost|p2a: Malamar|atk|1
|-boost|p2a: Malamar|def|1
|-ability|p1b: Archaludon|Stamina|boost
|-boost|p1b: Archaludon|def|1
|move|p1a: Farigiraf|Trick Room|p1a: Farigiraf
|-fieldend|move: Trick Room
|
|-weather|RainDance|[upkeep]
|-heal|p1b: Archaludon|47/100|[from] item: Leftovers
|upkeep
|turn|5
|
|t:|1784508461
|move|p1a: Farigiraf|Helping Hand|p1b: Archaludon
|-singleturn|p1b: Archaludon|Helping Hand|[of] p1a: Farigiraf
|move|p2b: Sinistcha|Rage Powder|p2b: Sinistcha
|-singleturn|p2b: Sinistcha|move: Rage Powder
|move|p2a: Malamar|Superpower|p1b: Archaludon
|-supereffective|p1b: Archaludon|1
|-damage|p1b: Archaludon|0 fnt
|-boost|p2a: Malamar|atk|1
|-boost|p2a: Malamar|def|1
|faint|p1b: Archaludon
|
|-weather|RainDance|[upkeep]
|upkeep
|
|t:|1784508473
|switch|p1b: Pelipper|Pelipper, L50, M|90/100
|turn|6
|
|t:|1784508493
|move|p1a: Farigiraf|Helping Hand|p1b: Pelipper
|-singleturn|p1b: Pelipper|Helping Hand|[of] p1a: Farigiraf
|move|p2b: Sinistcha|Rage Powder|p2b: Sinistcha
|-singleturn|p2b: Sinistcha|move: Rage Powder
|move|p1b: Pelipper|Hurricane|p2b: Sinistcha
|-supereffective|p2b: Sinistcha|1
|-damage|p2b: Sinistcha|0 fnt
|faint|p2b: Sinistcha
|-damage|p1b: Pelipper|80/100|[from] item: Life Orb
|move|p2a: Malamar|Trick Room|p2a: Malamar
|-fieldstart|move: Trick Room|[of] p2a: Malamar
|
|-weather|none
|upkeep
|
|t:|1784508504
|switch|p2b: Mawile|Mawile, L50, F|100/100
|turn|7
|
|t:|1784508515
|move|p2b: Mawile|Play Rough|p1b: Pelipper
|-damage|p1b: Pelipper|38/100
|-unboost|p1b: Pelipper|atk|1
|move|p1a: Farigiraf|Rain Dance|p1a: Farigiraf
|-weather|RainDance
|move|p1b: Pelipper|Hurricane|p2a: Malamar
|-damage|p2a: Malamar|20/100y
|-damage|p1b: Pelipper|29/100|[from] item: Life Orb
|move|p2a: Malamar|Knock Off|p1a: Farigiraf
|-supereffective|p1a: Farigiraf|1
|-damage|p1a: Farigiraf|0 fnt
|-enditem|p1a: Farigiraf|Sitrus Berry|[from] move: Knock Off|[of] p2a: Malamar
|faint|p1a: Farigiraf
|
|-weather|RainDance|[upkeep]
|upkeep
|turn|8
|
|t:|1784508536
|move|p2a: Malamar|Protect|p2a: Malamar
|-singleturn|p2a: Malamar|Protect
|move|p2b: Mawile|Play Rough|p1b: Pelipper
|-damage|p1b: Pelipper|0 fnt
|faint|p1b: Pelipper
|
|win|HenriqueZVGC
||stoicone is ready for game 3.
