|j|☆Miss It Rain
|j|☆craser13
|html|Miss It Raincraser13    
|uhtml|bestof|Game 1 of a best-of-3
|t:|1784587453
|gametype|doubles
|player|p1|Miss It Rain|richboy-gen4|
|player|p2|craser13|alder|
|gen|9
|tier|[Gen 9 Champions] VGC 2026 Reg M-B (Bo3)
|rule|Species Clause: Limit one of each Pokémon
|rule|Item Clause: Limit 1 of each item
|clearpoke
|poke|p1|Charizard, L50, M|
|poke|p1|Metagross, L50|
|poke|p1|Hydreigon, L50, M|
|poke|p1|Incineroar, L50, F|
|poke|p1|Toxapex, L50, F|
|poke|p1|Annihilape, L50, M|
|poke|p2|Floette-Eternal, L50, F|
|poke|p2|Charizard, L50, M|
|poke|p2|Garchomp, L50, F|
|poke|p2|Whimsicott, L50, M|
|poke|p2|Basculegion, L50, M|
|poke|p2|Kingambit, L50, F|
|teampreview|4
|showteam|p1|Charizard||CharizarditeY|Blaze|HeatWave,WeatherBall,SolarBeam,Protect|Modest||M|||50|]Metagross||Metagrossite|ClearBody|PsychicFangs,IcePunch,BulletPunch,Protect|Jolly|||||50|]Hydreigon||ChoiceScarf|Levitate|DarkPulse,DracoMeteor,Snarl,EarthPower|Modest||M|||50|]Incineroar||SitrusBerry|Intimidate|FlareBlitz,ThroatChop,FakeOut,PartingShot|Impish||F|||50|]Toxapex||Leftovers|Regenerator|Infestation,Toxic,WideGuard,BanefulBunker|Bold||F|||50|]Annihilape||FocusSash|Defiant|PhantomForce,CloseCombat,RockTomb,Protect|Jolly||M|||50|
|showteam|p2|Floette-Eternal||Floettite|FlowerVeil|Moonblast,DazzlingGleam,LightofRuin,Protect|Modest||F|||50|]Charizard||CharizarditeY|Blaze|HeatWave,SolarBeam,WeatherBall,Protect|Timid||M|||50|]Garchomp||LifeOrb|RoughSkin|Earthquake,RockSlide,DragonClaw,Protect|Jolly||F|||50|]Whimsicott||FocusSash|Prankster|Moonblast,Tailwind,Encore,Protect|Timid||M|||50|]Basculegion||MysticWater|Adaptability|WaveCrash,LastRespects,AquaJet,Protect|Adamant||M|||50|]Kingambit||BlackGlasses|Defiant|KowtowCleave,SuckerPunch,LowKick,Protect|Adamant||F|||50|
|j| Drakengor
|j| Esponjo
|
|t:|1784587505
|teamsize|p1|4
|teamsize|p2|4
|start
|switch|p1a: Annihilape|Annihilape, L50, M|100/100
|switch|p1b: Incineroar|Incineroar, L50, F|100/100
|switch|p2a: Whimsicott|Whimsicott, L50, M|100/100
|switch|p2b: Kingambit|Kingambit, L50, F|100/100
|-ability|p1b: Incineroar|Intimidate|boost
|-unboost|p2a: Whimsicott|atk|1
|-unboost|p2b: Kingambit|atk|1
|-ability|p2b: Kingambit|Defiant|boost
|-boost|p2b: Kingambit|atk|2
|turn|1
|j| UpstartMannekin
|
|t:|1784587534
|switch|p1a: Charizard|Charizard, L50, M|100/100
|move|p2a: Whimsicott|Protect|p2a: Whimsicott
|-singleturn|p2a: Whimsicott|Protect
|move|p2b: Kingambit|Protect|p2b: Kingambit
|-singleturn|p2b: Kingambit|Protect
|move|p1b: Incineroar|Fake Out|p2b: Kingambit
|-activate|p2b: Kingambit|move: Protect
|
|upkeep
|turn|2
|
|t:|1784587560
|detailschange|p1a: Charizard|Charizard-Mega-Y, L50, M
|-mega|p1a: Charizard|Charizard|Charizardite Y
|-weather|SunnyDay|[from] ability: Drought|[of] p1a: Charizard
|move|p1a: Charizard|Protect|p1a: Charizard
|-singleturn|p1a: Charizard|Protect
|move|p2a: Whimsicott|Tailwind|p2a: Whimsicott
|-sidestart|p2: craser13|move: Tailwind
|move|p2b: Kingambit|Low Kick|p1b: Incineroar
|-supereffective|p1b: Incineroar|1
|-damage|p1b: Incineroar|17/100
|-enditem|p1b: Incineroar|Sitrus Berry|[eat]
|-heal|p1b: Incineroar|42/100|[from] item: Sitrus Berry
|move|p1b: Incineroar|Flare Blitz|p2b: Kingambit
|-supereffective|p2b: Kingambit|1
|-damage|p2b: Kingambit|0 fnt
|faint|p2b: Kingambit
|-damage|p1b: Incineroar|8/100|[from] Recoil
|
|-weather|SunnyDay|[upkeep]
|upkeep
|
|t:|1784587579
|switch|p2b: Garchomp|Garchomp, L50, F|100/100
|turn|3
|
|t:|1784587597
|switch|p1a: Toxapex|Toxapex, L50, F|100/100
|switch|p1b: Annihilape|Annihilape, L50, M|100/100
|move|p2a: Whimsicott|Moonblast|p1b: Annihilape
|-supereffective|p1b: Annihilape|1
|-damage|p1b: Annihilape|27/100
|move|p2b: Garchomp|Rock Slide|p1b: Annihilape|[spread] p1a,p1b
|-resisted|p1b: Annihilape|1
|-damage|p1a: Toxapex|82/100
|-damage|p1b: Annihilape|11/100
|-damage|p2b: Garchomp|90/100|[from] item: Life Orb
|
|-weather|SunnyDay|[upkeep]
|-heal|p1a: Toxapex|88/100|[from] item: Leftovers
|upkeep
|turn|4
|
|t:|1784587623
|switch|p1b: Charizard|Charizard-Mega-Y, L50, M|100/100
|move|p1a: Toxapex|Wide Guard|p1a: Toxapex
|-singleturn|p1a: Toxapex|Wide Guard
|move|p2a: Whimsicott|Moonblast|p1b: Charizard
|-resisted|p1b: Charizard|1
|-damage|p1b: Charizard|85/100
|move|p2b: Garchomp|Rock Slide|p1b: Charizard|[spread] 
|-activate|p1a: Toxapex|move: Wide Guard
|-activate|p1b: Charizard|move: Wide Guard
|
|-weather|SunnyDay|[upkeep]
|-heal|p1a: Toxapex|94/100|[from] item: Leftovers
|upkeep
|turn|5
|
|t:|1784587645
|move|p1a: Toxapex|Wide Guard|p1a: Toxapex
|-singleturn|p1a: Toxapex|Wide Guard
|move|p2a: Whimsicott|Moonblast|p1b: Charizard
|-resisted|p1b: Charizard|1
|-damage|p1b: Charizard|69/100
|move|p2b: Garchomp|Dragon Claw|p1b: Charizard
|-damage|p1b: Charizard|15/100
|-damage|p2b: Garchomp|80/100|[from] item: Life Orb
|move|p1b: Charizard|Heat Wave|p2a: Whimsicott|[spread] p2a,p2b
|-supereffective|p2a: Whimsicott|1
|-crit|p2a: Whimsicott
|-resisted|p2b: Garchomp|1
|-enditem|p2a: Whimsicott|Focus Sash
|-damage|p2a: Whimsicott|1/100
|-damage|p2b: Garchomp|47/100
|
|-weather|SunnyDay|[upkeep]
|-heal|p1a: Toxapex|100/100|[from] item: Leftovers
|-sideend|p2: craser13|move: Tailwind
|upkeep
|turn|6
|
|t:|1784587675
|switch|p1b: Incineroar|Incineroar, L50, F|8/100
|-ability|p1b: Incineroar|Intimidate|boost
|-unboost|p2a: Whimsicott|atk|1
|-unboost|p2b: Garchomp|atk|1
|move|p2a: Whimsicott|Tailwind|p2a: Whimsicott
|-sidestart|p2: craser13|move: Tailwind
|move|p2b: Garchomp|Dragon Claw|p1b: Incineroar
|-damage|p1b: Incineroar|0 fnt
|faint|p1b: Incineroar
|-damage|p2b: Garchomp|37/100|[from] item: Life Orb
|move|p1a: Toxapex|Toxic|p2b: Garchomp
|-status|p2b: Garchomp|tox
|
|-weather|none
|-damage|p2b: Garchomp|31/100 tox|[from] psn
|upkeep
|
|t:|1784587691
|switch|p1b: Charizard|Charizard-Mega-Y, L50, M|15/100
|-weather|SunnyDay|[from] ability: Drought|[of] p1b: Charizard
|turn|7
|
|t:|1784587704
|move|p1b: Charizard|Protect|p1b: Charizard
|-singleturn|p1b: Charizard|Protect
|move|p2a: Whimsicott|Moonblast|p1b: Charizard
|-activate|p1b: Charizard|move: Protect
|move|p2b: Garchomp|Dragon Claw|p1b: Charizard
|-activate|p1b: Charizard|move: Protect
|move|p1a: Toxapex|Infestation|p2b: Garchomp
|-damage|p2b: Garchomp|27/100 tox
|-activate|p2b: Garchomp|move: Infestation|[of] p1a: Toxapex
|-damage|p1a: Toxapex|87/100|[from] ability: Rough Skin|[of] p2b: Garchomp
|
|-weather|SunnyDay|[upkeep]
|-heal|p1a: Toxapex|93/100|[from] item: Leftovers
|-damage|p2b: Garchomp|15/100 tox|[from] psn
|-damage|p2b: Garchomp|3/100 tox|[from] move: Infestation|[partiallytrapped]
|upkeep
|turn|8
|
|t:|1784587734
|switch|p2a: Floette|Floette-Eternal, L50, F|100/100
|switch|p1b: Annihilape|Annihilape, L50, M|11/100
|move|p2b: Garchomp|Dragon Claw|p1b: Annihilape
|-damage|p1b: Annihilape|0 fnt
|faint|p1b: Annihilape
|-damage|p2b: Garchomp|0 fnt|[from] item: Life Orb
|faint|p2b: Garchomp
|move|p1a: Toxapex|Infestation|p2a: Floette
|-resisted|p2a: Floette|1
|-damage|p2a: Floette|98/100
|-activate|p2a: Floette|move: Infestation|[of] p1a: Toxapex
|
|-weather|SunnyDay|[upkeep]
|-heal|p1a: Toxapex|99/100|[from] item: Leftovers
|-damage|p2a: Floette|86/100|[from] move: Infestation|[partiallytrapped]
|upkeep
|
|t:|1784587748
|switch|p2b: Whimsicott|Whimsicott, L50, M|1/100
|switch|p1b: Charizard|Charizard-Mega-Y, L50, M|15/100
|turn|9
|
|t:|1784587753
|move|p2b: Whimsicott|Protect|p2b: Whimsicott
|-singleturn|p2b: Whimsicott|Protect
|move|p2a: Floette|Protect|p2a: Floette
|-singleturn|p2a: Floette|Protect
|move|p1b: Charizard|Protect|p1b: Charizard
|-singleturn|p1b: Charizard|Protect
|move|p1a: Toxapex|Infestation|p2b: Whimsicott
|-activate|p2b: Whimsicott|move: Protect
|
|-weather|SunnyDay|[upkeep]
|-heal|p1a: Toxapex|100/100|[from] item: Leftovers
|-damage|p2a: Floette|74/100|[from] move: Infestation|[partiallytrapped]
|-sideend|p2: craser13|move: Tailwind
|upkeep
|turn|10
|
|t:|1784587772
|detailschange|p2a: Floette|Floette-Mega, L50, F
|-mega|p2a: Floette|Floette|Floettite
|-ability|p2a: Floette|Fairy Aura
|move|p2b: Whimsicott|Tailwind|p2b: Whimsicott
|-sidestart|p2: craser13|move: Tailwind
|move|p2a: Floette|Dazzling Gleam|p1a: Toxapex|[spread] p1a,p1b
|-resisted|p1a: Toxapex|1
|-resisted|p1b: Charizard|1
|-damage|p1a: Toxapex|79/100
|-damage|p1b: Charizard|0 fnt
|faint|p1b: Charizard
|move|p1a: Toxapex|Infestation|p2b: Whimsicott
|-damage|p2b: Whimsicott|0 fnt
|faint|p2b: Whimsicott
|
|-weather|SunnyDay|[upkeep]
|-heal|p1a: Toxapex|85/100|[from] item: Leftovers
|-damage|p2a: Floette|62/100|[from] move: Infestation|[partiallytrapped]
|upkeep
|turn|11
|
|t:|1784587787
|move|p2a: Floette|Light of Ruin|p1a: Toxapex
|-resisted|p1a: Toxapex|1
|-damage|p1a: Toxapex|38/100
|-damage|p2a: Floette|38/100|[from] Recoil
|move|p1a: Toxapex|Toxic|p2a: Floette
|-status|p2a: Floette|tox
|
|-weather|none
|-heal|p1a: Toxapex|44/100|[from] item: Leftovers
|-damage|p2a: Floette|32/100 tox|[from] psn
|-damage|p2a: Floette|20/100r tox|[from] move: Infestation|[partiallytrapped]
|upkeep
|turn|12
|
|t:|1784587806
|move|p1a: Toxapex|Baneful Bunker|p1a: Toxapex
|-singleturn|p1a: Toxapex|move: Protect
|move|p2a: Floette|Light of Ruin|p1a: Toxapex
|-activate|p1a: Toxapex|move: Protect
|
|-heal|p1a: Toxapex|50/100g|[from] item: Leftovers
|-damage|p2a: Floette|8/100 tox|[from] psn
|-damage|p2a: Floette|0 fnt|[from] move: Infestation|[partiallytrapped]
|faint|p2a: Floette
|
|win|Miss It Rain
||Miss It Rain is ready for game 2.
|inactive|craser13 has 30 seconds to confirm battle start!
||craser13 is ready for game 2.
|uhtml|next|Next: Game 2 of 3
|l| Drakengor
