|j|Ōśåjustsillys
|j|ŌśåDaybs
|html|justsillysDaybs    
|uhtml|bestof|Game 3 of a best-of-3
|t:|1785952712
|gametype|doubles
|player|p1|justsillys|101|1082
|player|p2|Daybs|burglar|1111
|gen|9
|tier|[Gen 9 Champions] VGC 2026 Reg M-B (Bo3)
|rated|
|rule|Species Clause: Limit one of each Pok├®mon
|rule|Item Clause: Limit 1 of each item
|clearpoke
|poke|p1|Hatterene, L50, F|
|poke|p1|Oranguru, L50, M|
|poke|p1|Mawile, L50, F|
|poke|p1|Kangaskhan, L50, F|
|poke|p1|Venusaur, L50, M|
|poke|p1|Torkoal, L50, M|
|poke|p2|Sneasler, L50, M|
|poke|p2|Blastoise, L50, M|
|poke|p2|Kingambit, L50, M|
|poke|p2|Incineroar, L50, M|
|poke|p2|Delphox, L50, F|
|poke|p2|Sinistcha, L50|
|teampreview|4
|showteam|p1|Hatterene||LifeOrb|MagicBounce|Protect,Psychic,TrickRoom,DazzlingGleam|Quiet||F|||50|]Oranguru||MentalHerb|InnerFocus|Protect,Instruct,Psychic,TrickRoom|Bold||M|||50|]Mawile||Mawilite|HyperCutter|SuckerPunch,PlayRough,Protect,IronHead|Brave||F|||50|]Kangaskhan||SilkScarf|Scrappy|LastResort,FakeOut|Brave||F|||50|]Venusaur||FocusSash|Chlorophyll|LeafStorm,SludgeBomb,SleepPowder,Protect|Modest||M|||50|]Torkoal||Charcoal|Drought|Eruption,Protect,EarthPower,HeatWave|Quiet||M|||50|
|showteam|p2|Sneasler||FocusSash|PoisonTouch|PoisonJab,CloseCombat,FakeOut,QuickGuard|Jolly||M|||50|]Blastoise||Blastoisinite|RainDish|DarkPulse,WaterSpout,ShellSmash,Protect|Modest||M|||50|]Kingambit||BlackGlasses|Defiant|KowtowCleave,SuckerPunch,SwordsDance,Protect|Adamant||M|||50|]Incineroar||SitrusBerry|Intimidate|FlareBlitz,HelpingHand,PartingShot,FakeOut|Careful||M|||50|]Delphox||Delphoxite|Blaze|HeatWave,NastyPlot,Psyshock,Protect|Modest||F|||50|]Sinistcha||KasibBerry|Hospitality|MatchaGotcha,RagePowder,TrickRoom,Protect|Bold|||||50|
|inactive|Battle timer is ON: inactive players will automatically lose when time's up. (requested by Daybs)
|c|Ōśåjustsillys|Amazing ser bud
|c|Ōśåjustsillys|Tnx
|c|Ōśåjustsillys|Set*
|inactive|justsillys has 60 seconds left.
|inactive|justsillys has 30 seconds left.
|
|t:|1785952793
|teamsize|p1|4
|teamsize|p2|4
|start
|switch|p1a: Acelga|Venusaur, L50, M|100/100
|switch|p1b: Transylvania|Hatterene, L50, F|100/100
|switch|p2a: Kingambit|Kingambit, L50, M|100/100
|switch|p2b: Sneasler|Sneasler, L50, M|100/100
|turn|1
|inactive|justsillys has 30 seconds left.
|inactive|Daybs has 30 seconds left.
|inactive|justsillys has 20 seconds left.
|inactive|justsillys has 15 seconds left.
|
|t:|1785952838
|move|p1a: Acelga|Protect|p1a: Acelga
|-singleturn|p1a: Acelga|Protect
|move|p1b: Transylvania|Protect|p1b: Transylvania
|-singleturn|p1b: Transylvania|Protect
|move|p2b: Sneasler|Poison Jab|p1b: Transylvania
|-activate|p1b: Transylvania|move: Protect
|move|p2a: Kingambit|Kowtow Cleave|p1a: Acelga
|-activate|p1a: Acelga|move: Protect
|
|upkeep
|turn|2
|l|ŌśåDaybs
|inactive|Daybs disconnected and has a minute to reconnect!
|player|p2|
|j|ŌśåDaybs
|inactive|Daybs reconnected and has 40 seconds left.
|player|p2|Daybs|burglar|
|inactive|justsillys has 30 seconds left.
|inactive|Daybs has 30 seconds left.
|inactive|justsillys has 20 seconds left.
|
|t:|1785952873
|switch|p1b: Bichota|Mawile, L50, F|100/100
|move|p2b: Sneasler|Poison Jab|p1b: Bichota
|-immune|p1b: Bichota
|move|p1a: Acelga|Sleep Powder|p2b: Sneasler
|-status|p2b: Sneasler|slp|[from] move: Sleep Powder
|move|p2a: Kingambit|Swords Dance|p2a: Kingambit
|-boost|p2a: Kingambit|atk|2
|
|upkeep
|turn|3
|inactive|justsillys has 30 seconds left.
|
|t:|1785952903
|switch|p1b: T&M|Torkoal, L50, M|100/100
|-weather|SunnyDay|[from] ability: Drought|[of] p1b: T&M
|move|p1a: Acelga|Sleep Powder|p2a: Kingambit
|-status|p2a: Kingambit|slp|[from] move: Sleep Powder
|cant|p2b: Sneasler|slp
|cant|p2a: Kingambit|slp
|
|-weather|SunnyDay|[upkeep]
|upkeep
|turn|4
|inactive|justsillys has 30 seconds left.
|
|t:|1785952931
|move|p1a: Acelga|Sludge Bomb|p2b: Sneasler
|-resisted|p2b: Sneasler|1
|-damage|p2b: Sneasler|71/100 slp
|-curestatus|p2b: Sneasler|slp|[msg]
|move|p2b: Sneasler|Close Combat|p1b: T&M
|-damage|p1b: T&M|55/100
|-unboost|p2b: Sneasler|def|1
|-unboost|p2b: Sneasler|spd|1
|-status|p1b: T&M|psn|[from] ability: Poison Touch|[of] p2b: Sneasler
|-curestatus|p2a: Kingambit|slp|[msg]
|move|p2a: Kingambit|Kowtow Cleave|p1a: Acelga
|-enditem|p1a: Acelga|Focus Sash
|-damage|p1a: Acelga|1/100
|move|p1b: T&M|Eruption|p2a: Kingambit|[spread] p2a,p2b
|-supereffective|p2a: Kingambit|1
|-damage|p2a: Kingambit|18/100
|-damage|p2b: Sneasler|0 fnt
|faint|p2b: Sneasler
|
|-weather|SunnyDay|[upkeep]
|-damage|p1b: T&M|43/100 psn|[from] psn
|upkeep
|
|t:|1785952952
|switch|p2b: Incineroar|Incineroar, L50, M|100/100
|-ability|p2b: Incineroar|Intimidate|boost
|-unboost|p1a: Acelga|atk|1
|-unboost|p1b: T&M|atk|1
|turn|5
|
|t:|1785952969
|move|p1a: Acelga|Protect|p1a: Acelga
|-singleturn|p1a: Acelga|Protect
|move|p2b: Incineroar|Parting Shot|p1a: Acelga
|-activate|p1a: Acelga|move: Protect
|move|p2a: Kingambit|Kowtow Cleave|p1b: T&M
|-damage|p1b: T&M|0 fnt
|faint|p1b: T&M
|
|-weather|SunnyDay|[upkeep]
|upkeep
|
|t:|1785952977
|switch|p1b: Bichota|Mawile, L50, F|100/100
|turn|6
|
|t:|1785953002
|switch|p2b: Blastoise|Blastoise, L50, M|100/100
|detailschange|p1b: Bichota|Mawile-Mega, L50, F
|-mega|p1b: Bichota|Mawile|Mawilite
|move|p2a: Kingambit|Protect|p2a: Kingambit
|-singleturn|p2a: Kingambit|Protect
|move|p1b: Bichota|Sucker Punch||[still]
|-fail|p1b: Bichota
|move|p1a: Acelga|Sleep Powder|p2b: Blastoise
|-status|p2b: Blastoise|slp|[from] move: Sleep Powder
|
|-weather|SunnyDay|[upkeep]
|upkeep
|turn|7
|inactive|justsillys has 30 seconds left.
|inactive|Daybs has 30 seconds left.
|inactive|justsillys has 20 seconds left.
|inactive|justsillys has 15 seconds left.
|
|t:|1785953043
|switch|p2a: Incineroar|Incineroar, L50, M|100/100
|-ability|p2a: Incineroar|Intimidate|boost
|-unboost|p1a: Acelga|atk|1
|-unboost|p1b: Bichota|atk|1
|detailschange|p2b: Blastoise|Blastoise-Mega, L50, M
|-mega|p2b: Blastoise|Blastoise|Blastoisinite
|move|p1a: Acelga|Sleep Powder|p2a: Incineroar
|-status|p2a: Incineroar|slp|[from] move: Sleep Powder
|cant|p2b: Blastoise|slp
|move|p1b: Bichota|Play Rough|p2b: Blastoise
|-damage|p2b: Blastoise|43/100 slp
|
|-weather|none
|upkeep
|turn|8
|inactive|justsillys has 30 seconds left.
|inactive|Daybs has 30 seconds left.
|
|t:|1785953070
|switch|p1a: Transylvania|Hatterene, L50, F|100/100
|-curestatus|p2b: Blastoise|slp|[msg]
|move|p2b: Blastoise|Water Spout|p1a: Transylvania|[spread] p1a,p1b
|-damage|p1a: Transylvania|66/100
|-damage|p1b: Bichota|66/100
|cant|p2a: Incineroar|slp
|move|p1b: Bichota|Play Rough|p2b: Blastoise
|-damage|p2b: Blastoise|0 fnt
|faint|p2b: Blastoise
|
|upkeep
|
|t:|1785953076
|switch|p2b: Kingambit|Kingambit, L50, M|18/100
|turn|9
|inactive|justsillys has 30 seconds left.
|inactive|justsillys has 20 seconds left.
|inactive|justsillys has 15 seconds left.
|c|ŌśåDaybs|YouŌĆÖve got a cool team
|inactive|justsillys has 10 seconds left.
|inactive|justsillys has 5 seconds left.
|
|t:|1785953127
|move|p1b: Bichota|Sucker Punch|p2b: Kingambit
|-resisted|p2b: Kingambit|1
|-damage|p2b: Kingambit|8/100
|cant|p2a: Incineroar|slp
|move|p2b: Kingambit|Kowtow Cleave|p1a: Transylvania
|-damage|p1a: Transylvania|9/100
|move|p1a: Transylvania|Dazzling Gleam|p2b: Kingambit|[spread] p2a,p2b
|-damage|p2a: Incineroar|60/100 slp
|-damage|p2b: Kingambit|0 fnt
|faint|p2b: Kingambit
|-damage|p1a: Transylvania|0 fnt|[from] item: Life Orb
|faint|p1a: Transylvania
|
|upkeep
|
|t:|1785953139
|switch|p1a: Acelga|Venusaur, L50, M|1/100
|turn|10
|
|t:|1785953158
|move|p1a: Acelga|Sludge Bomb|p2a: Incineroar
|-damage|p2a: Incineroar|28/100 slp
|-enditem|p2a: Incineroar|Sitrus Berry|[eat]
|-heal|p2a: Incineroar|52/100 slp|[from] item: Sitrus Berry
|-curestatus|p2a: Incineroar|slp|[msg]
|move|p2a: Incineroar|Flare Blitz|p1b: Bichota
|-supereffective|p1b: Bichota|1
|-damage|p1b: Bichota|0 fnt
|faint|p1b: Bichota
|-damage|p2a: Incineroar|35/100|[from] Recoil
|
|upkeep
|turn|11
|
|t:|1785953175
|move|p1a: Acelga|Sleep Powder|p2a: Incineroar
|-status|p2a: Incineroar|slp|[from] move: Sleep Powder
|cant|p2a: Incineroar|slp
|
|upkeep
|turn|12
|
|t:|1785953182
|move|p1a: Acelga|Sludge Bomb|p2a: Incineroar
|-damage|p2a: Incineroar|0 fnt
|faint|p2a: Incineroar
|
|win|justsillys
|raw|justsillys's rating: 1082 → 1112(+30 for winning)
|raw|Daybs's rating: 1111 → 1084(-27 for losing)
