|j|☆34hhhl
|j|☆Shoto.tx
|html|34hhhlShoto.tx    
|uhtml|bestof|Game 1 of a best-of-3
|t:|1756382737
|gametype|doubles
|player|p1|34hhhl|bugcatcher-gen4dp|1032
|player|p2|Shoto.tx|102|1000
|gen|9
|tier|[Gen 9] VGC 2025 Reg H (Bo3)
|rated|
|rule|Species Clause: Limit one of each Pokémon
|rule|Item Clause: Limit 1 of each item
|clearpoke
|poke|p1|Archaludon, L50, M|
|poke|p1|Basculegion, L50, M|
|poke|p1|Pelipper, L50, F|
|poke|p1|Amoonguss, L50, M|
|poke|p1|Incineroar, L50, M|
|poke|p1|Maushold, L50|
|poke|p2|Vivillon, L50, M|
|poke|p2|Gliscor, L50, F|
|poke|p2|Kingambit, L50, M|
|poke|p2|Ninetales-Alola, L50, F|
|poke|p2|Incineroar, L50, M|
|poke|p2|Archaludon, L50, F|
|teampreview|4
|showteam|p1|Archaludon||AssaultVest|Stamina|ElectroShot,DragonPulse,FlashCannon,BodyPress|||M|||50|,,,,,Grass]Basculegion||MysticWater|SwiftSwim|Protect,WaveCrash,AquaJet,LastRespects|||M|||50|,,,,,Water]Pelipper||FocusSash|Drizzle|Hurricane,WeatherBall,Tailwind,Protect|||F|||50|,,,,,Ghost]Amoonguss||SitrusBerry|Regenerator|Spore,RagePowder,PollenPuff,ClearSmog|||M|||50|,,,,,Water]Incineroar||SafetyGoggles|Intimidate|FakeOut,FlareBlitz,KnockOff,PartingShot|||M|||50|,,,,,Ghost]Maushold||WideLens|Technician|PopulationBomb,FollowMe,Taunt,Protect||||||50|,,,,,Grass
|showteam|p2|Vivillon||FocusSash|CompoundEyes|Hurricane,Tailwind,SleepPowder,Protect|||M|||50|,,,,,Ghost]Gliscor||ChoiceBand|HyperCutter|Earthquake,TeraBlast,DualWingbeat,Uturn|||F|||50|,,,,,Ice]Kingambit||AssaultVest|Defiant|IronHead,Assurance,SuckerPunch,LowKick|||M|||50|,,,,,Flying]Ninetales-Alola||CovertCloak|SnowWarning|Blizzard,FreezeDry,AuroraVeil,Protect|||F|||50|,,,,,Water]Incineroar||RockyHelmet|Intimidate|FakeOut,PartingShot,FlareBlitz,KnockOff|||M|||50|,,,,,Fairy]Archaludon||PowerHerb|Stalwart|Protect,ElectroShot,DragonPulse,Thunderbolt|||F|||50|,,,,,Ghost
|inactive|Battle timer is ON: inactive players will automatically lose when time's up. (requested by 34hhhl)
|l|☆Shoto.tx
|inactive|Shoto.tx disconnected and has a minute to reconnect!
|player|p2|
|j|☆Shoto.tx
|inactive|Shoto.tx reconnected and has 85 seconds left.
|player|p2|Shoto.tx|102|
|inactive|34hhhl has 60 seconds left.
|inactive|Shoto.tx has 60 seconds left.
|inactive|34hhhl has 30 seconds left.
|
|t:|1756382809
|teamsize|p1|4
|teamsize|p2|4
|start
|switch|p1a: Archaludon|Archaludon, L50, M|100/100
|switch|p1b: Maushold|Maushold, L50|100/100
|switch|p2a: Vivillon|Vivillon, L50, M|100/100
|switch|p2b: Archaludon|Archaludon, L50, F|100/100
|turn|1
|
|t:|1756382826
|move|p2a: Vivillon|Protect|p2a: Vivillon
|-singleturn|p2a: Vivillon|Protect
|move|p1b: Maushold|Population Bomb|p1a: Archaludon
|-resisted|p1a: Archaludon
|-damage|p1a: Archaludon|96/100
|-ability|p1a: Archaludon|Stamina|boost
|-boost|p1a: Archaludon|def|1
|-resisted|p1a: Archaludon
|-damage|p1a: Archaludon|93/100
|-ability|p1a: Archaludon|Stamina|boost
|-boost|p1a: Archaludon|def|1
|-resisted|p1a: Archaludon
|-damage|p1a: Archaludon|92/100
|-ability|p1a: Archaludon|Stamina|boost
|-boost|p1a: Archaludon|def|1
|-resisted|p1a: Archaludon
|-damage|p1a: Archaludon|90/100
|-ability|p1a: Archaludon|Stamina|boost
|-boost|p1a: Archaludon|def|1
|-resisted|p1a: Archaludon
|-damage|p1a: Archaludon|89/100
|-ability|p1a: Archaludon|Stamina|boost
|-boost|p1a: Archaludon|def|1
|-resisted|p1a: Archaludon
|-damage|p1a: Archaludon|87/100
|-ability|p1a: Archaludon|Stamina|boost
|-boost|p1a: Archaludon|def|1
|-resisted|p1a: Archaludon
|-damage|p1a: Archaludon|86/100
|-resisted|p1a: Archaludon
|-damage|p1a: Archaludon|85/100
|-resisted|p1a: Archaludon
|-damage|p1a: Archaludon|84/100
|-resisted|p1a: Archaludon
|-damage|p1a: Archaludon|83/100
|-hitcount|p1a: Archaludon|10
|move|p2b: Archaludon|Electro Shot||[still]
|-prepare|p2b: Archaludon|Electro Shot
|-boost|p2b: Archaludon|spa|1
|-enditem|p2b: Archaludon|Power Herb
|-anim|p2b: Archaludon|Electro Shot|p1b: Maushold
|-damage|p1b: Maushold|0 fnt
|faint|p1b: Maushold
|move|p1a: Archaludon|Electro Shot||[still]
|-prepare|p1a: Archaludon|Electro Shot
|-boost|p1a: Archaludon|spa|1
|
|upkeep
|inactive|34hhhl has 30 seconds left.
|
|t:|1756382860
|switch|p1b: Amoonguss|Amoonguss, L50, M|100/100
|turn|2
|
|t:|1756382875
|switch|p2b: Gliscor|Gliscor, L50, F|100/100
|move|p2a: Vivillon|Sleep Powder|p1a: Archaludon
|-status|p1a: Archaludon|slp|[from] move: Sleep Powder
|cant|p1a: Archaludon|slp
|move|p1b: Amoonguss|Spore|p2a: Vivillon
|-status|p2a: Vivillon|slp|[from] move: Spore
|
|upkeep
|turn|3
|
|t:|1756382899
|switch|p1b: Pelipper|Pelipper, L50, F|100/100
|-weather|RainDance|[from] ability: Drizzle|[of] p1b: Pelipper
|-terastallize|p2b: Gliscor|Ice
|move|p2b: Gliscor|Dual Wingbeat|p1b: Pelipper
|-damage|p1b: Pelipper|69/100
|-damage|p1b: Pelipper|35/100
|-hitcount|p1b: Pelipper|2
|cant|p2a: Vivillon|slp
|-curestatus|p1a: Archaludon|slp|[msg]
|move|p1a: Archaludon|Electro Shot||[still]
|-prepare|p1a: Archaludon|Electro Shot
|-boost|p1a: Archaludon|spa|1
|-anim|p1a: Archaludon|Electro Shot|p2a: Vivillon
|-supereffective|p2a: Vivillon
|-enditem|p2a: Vivillon|Focus Sash
|-damage|p2a: Vivillon|1/100 slp
|
|-weather|RainDance|[upkeep]
|upkeep
|turn|4
|inactive|Shoto.tx has 30 seconds left.
|
|t:|1756382925
|-curestatus|p2a: Vivillon|slp|[msg]
|move|p2a: Vivillon|Protect|p2a: Vivillon
|-singleturn|p2a: Vivillon|Protect
|move|p2b: Gliscor|Dual Wingbeat|p1b: Pelipper
|-damage|p1b: Pelipper|0 fnt
|faint|p1b: Pelipper
|-hitcount|p1: Pelipper|1
|move|p1a: Archaludon|Electro Shot||[still]
|-prepare|p1a: Archaludon|Electro Shot
|-boost|p1a: Archaludon|spa|1
|-anim|p1a: Archaludon|Electro Shot|p2b: Gliscor
|-damage|p2b: Gliscor|0 fnt
|faint|p2b: Gliscor
|
|-weather|RainDance|[upkeep]
|upkeep
|
|t:|1756382943
|switch|p2b: Incineroar|Incineroar, L50, M|100/100
|switch|p1b: Amoonguss|Amoonguss, L50, M|100/100
|-ability|p2b: Incineroar|Intimidate|boost
|-unboost|p1a: Archaludon|atk|1
|-unboost|p1b: Amoonguss|atk|1
|turn|5
|
|t:|1756382958
|move|p2a: Vivillon|Sleep Powder|p1a: Archaludon
|-status|p1a: Archaludon|slp|[from] move: Sleep Powder
|cant|p1a: Archaludon|slp
|move|p2b: Incineroar|Flare Blitz|p1b: Amoonguss
|-supereffective|p1b: Amoonguss
|-damage|p1b: Amoonguss|57/100
|-damage|p2b: Incineroar|84/100|[from] Recoil
|move|p1b: Amoonguss|Spore|p2a: Vivillon
|-status|p2a: Vivillon|slp|[from] move: Spore
|
|-weather|RainDance|[upkeep]
|upkeep
|turn|6
|
|t:|1756382976
|switch|p2a: Archaludon|Archaludon, L50, F|100/100
|-curestatus|p1a: Archaludon|slp|[msg]
|move|p1a: Archaludon|Electro Shot||[still]
|-prepare|p1a: Archaludon|Electro Shot
|-boost|p1a: Archaludon|spa|1
|-anim|p1a: Archaludon|Electro Shot|p2a: Archaludon
|-resisted|p2a: Archaludon
|-damage|p2a: Archaludon|2/100
|move|p2b: Incineroar|Flare Blitz|p1b: Amoonguss
|-supereffective|p1b: Amoonguss
|-damage|p1b: Amoonguss|10/100
|-enditem|p1b: Amoonguss|Sitrus Berry|[eat]
|-heal|p1b: Amoonguss|35/100|[from] item: Sitrus Berry
|-damage|p2b: Incineroar|67/100|[from] Recoil
|move|p1b: Amoonguss|Spore|p2b: Incineroar
|-status|p2b: Incineroar|slp|[from] move: Spore
|
|-weather|RainDance|[upkeep]
|upkeep
|turn|7
|inactive|34hhhl has 30 seconds left.
|inactive|Shoto.tx has 30 seconds left.
|
|t:|1756383010
|move|p2a: Archaludon|Dragon Pulse|p1b: Amoonguss
|-damage|p1b: Amoonguss|0 fnt
|faint|p1b: Amoonguss
|move|p1a: Archaludon|Electro Shot||[still]
|-prepare|p1a: Archaludon|Electro Shot
|-boost|p1a: Archaludon|spa|1
|-anim|p1a: Archaludon|Electro Shot|p2a: Archaludon
|-resisted|p2a: Archaludon
|-damage|p2a: Archaludon|0 fnt
|faint|p2a: Archaludon
|cant|p2b: Incineroar|slp
|
|-weather|none
|upkeep
|
|t:|1756383023
|switch|p2a: Vivillon|Vivillon, L50, M|1/100 slp
|turn|8
|
|t:|1756383033
|cant|p2a: Vivillon|slp
|move|p1a: Archaludon|Body Press|p2b: Incineroar
|-supereffective|p2b: Incineroar
|-damage|p2b: Incineroar|0 fnt
|-damage|p1a: Archaludon|67/100|[from] item: Rocky Helmet|[of] p2b: Incineroar
|faint|p2b: Incineroar
|
|upkeep
|turn|9
|
|t:|1756383044
|cant|p2a: Vivillon|slp
|move|p1a: Archaludon|Dragon Pulse|p2a: Vivillon
|-damage|p2a: Vivillon|0 fnt
|faint|p2a: Vivillon
|
|win|34hhhl
||34hhhl is ready for game 2.
