|j|☆futilismo
|j|☆zaharba
|html|futilismozaharba    
|uhtml|bestof|Game 2 of a best-of-3
|t:|1783106478
|gametype|doubles
|player|p1|futilismo|102|1109
|player|p2|zaharba|170|1139
|gen|9
|tier|[Gen 9 Champions] VGC 2026 Reg M-B (Bo3)
|rated|
|rule|Species Clause: Limit one of each Pokémon
|rule|Item Clause: Limit 1 of each item
|clearpoke
|poke|p1|Garchomp, L50, F|
|poke|p1|Sylveon, L50, M|
|poke|p1|Charizard, L50, F|
|poke|p1|Aerodactyl, L50, M|
|poke|p1|Kingambit, L50, F|
|poke|p1|Farigiraf, L50, M|
|poke|p2|Raichu, L50, F, shiny|
|poke|p2|Vivillon, L50, M|
|poke|p2|Ninetales-Alola, L50, F, shiny|
|poke|p2|Tyranitar, L50, F|
|poke|p2|Basculegion-F, L50, F|
|poke|p2|Talonflame, L50, M|
|teampreview|4
|showteam|p1|Garchomp||LifeOrb|RoughSkin|DragonClaw,Earthquake,RockSlide,Protect|Jolly||F|||50|]Sylveon||FairyFeather|Pixilate|HyperVoice,HyperBeam,QuickAttack,Protect|Modest||M|||50|]Charizard||CharizarditeY|Blaze|WeatherBall,HeatWave,SolarBeam,Protect|Modest||F|||50|]Aerodactyl||Aerodactylite|Unnerve|Tailwind,RockSlide,WideGuard,IceFang|Jolly||M|||50|]Kingambit||FocusSash|Defiant|IronHead,KowtowCleave,SuckerPunch,LowKick|Adamant||F|||50|]Farigiraf||SitrusBerry|ArmorTail|Psychic,Thunderbolt,TrickRoom,Protect|Bold||M|||50|
|showteam|p2|Raichu||RaichuniteY|LightningRod|FocusBlast,ZapCannon,UpperHand,FakeOut|Timid||F|||50|]Vivillon||ChoiceScarf|CompoundEyes|SleepPowder,RagePowder,Hurricane,Tailwind|Timid||M|||50|]Ninetales-Alola||NeverMeltIce|SnowWarning|Protect,FreezeDry,Blizzard,Encore|Timid||F|||50|]Tyranitar||ExpertBelt|SandStream|RockSlide,HighHorsepower,Protect,DragonDance|Adamant||F|||50|]Basculegion-F||SpellTag|Adaptability|Protect,Hex,HydroPump,MuddyWater|Modest||F|||50|]Talonflame||LifeOrb|GaleWings|Whirlwind,BraveBird,Overheat,Tailwind|Naive||M|||50|
|inactive|Battle timer is ON: inactive players will automatically lose when time's up. (requested by zaharba)
|
|t:|1783106495
|teamsize|p1|4
|teamsize|p2|4
|start
|switch|p1a: Charizard|Charizard, L50, F|100/100
|switch|p1b: Garchomp|Garchomp, L50, F|100/100
|switch|p2a: Vivillon|Vivillon, L50, M|100/100
|switch|p2b: Talonflame|Talonflame, L50, M|100/100
|turn|1
|inactive|zaharba has 30 seconds left.
|
|t:|1783106520
|detailschange|p1a: Charizard|Charizard-Mega-Y, L50, F
|-mega|p1a: Charizard|Charizard|Charizardite Y
|-weather|SunnyDay|[from] ability: Drought|[of] p1a: Charizard
|move|p2b: Talonflame|Tailwind|p2b: Talonflame
|-sidestart|p2: zaharba|move: Tailwind
|move|p2a: Vivillon|Sleep Powder|p1b: Garchomp
|-status|p1b: Garchomp|slp|[from] move: Sleep Powder
|cant|p1b: Garchomp|slp
|move|p1a: Charizard|Heat Wave|p2a: Vivillon|[spread] p2a,p2b
|-supereffective|p2a: Vivillon|1
|-resisted|p2b: Talonflame|1
|-damage|p2a: Vivillon|0 fnt
|-damage|p2b: Talonflame|45/100
|faint|p2a: Vivillon
|
|-weather|SunnyDay|[upkeep]
|upkeep
|
|t:|1783106534
|switch|p2a: Ninetales|Ninetales-Alola, L50, F, shiny|100/100
|-weather|Snowscape|[from] ability: Snow Warning|[of] p2a: Ninetales
|turn|2
|
|t:|1783106545
|switch|p1b: Kingambit|Kingambit, L50, F|100/100
|move|p2b: Talonflame|Brave Bird|p1a: Charizard
|-damage|p1a: Charizard|33/100
|-damage|p2b: Talonflame|19/100|[from] Recoil
|-damage|p2b: Talonflame|9/100|[from] item: Life Orb
|move|p2a: Ninetales|Blizzard|p1a: Charizard|[spread] p1a,p1b
|-resisted|p1b: Kingambit|1
|-damage|p1a: Charizard|3/100
|-damage|p1b: Kingambit|76/100
|move|p1a: Charizard|Heat Wave|p2b: Talonflame|[spread] p2a,p2b
|-supereffective|p2a: Ninetales|1
|-resisted|p2b: Talonflame|1
|-damage|p2a: Ninetales|5/100
|-damage|p2b: Talonflame|0 fnt
|faint|p2b: Talonflame
|
|-weather|Snowscape|[upkeep]
|upkeep
|
|t:|1783106560
|switch|p2b: Raichu|Raichu, L50, F, shiny|100/100
|turn|3
|inactive|futilismo has 30 seconds left.
|
|t:|1783106588
|detailschange|p2b: Raichu|Raichu-Mega-Y, L50, F, shiny
|-mega|p2b: Raichu|Raichu|Raichunite Y
|move|p2b: Raichu|Upper Hand|p1b: Kingambit
|-supereffective|p1b: Kingambit|2
|-damage|p1b: Kingambit|24/100
|cant|p1b: Kingambit|flinch
|move|p2a: Ninetales|Blizzard|p1b: Kingambit|[spread] p1a,p1b
|-crit|p1a: Charizard
|-resisted|p1b: Kingambit|1
|-damage|p1a: Charizard|0 fnt
|-damage|p1b: Kingambit|4/100
|faint|p1a: Charizard
|
|-weather|Snowscape|[upkeep]
|upkeep
|
|t:|1783106595
|switch|p1a: Sylveon|Sylveon, L50, M|100/100
|turn|4
|
|t:|1783106614
|switch|p1b: Garchomp|Garchomp, L50, F|100/100 slp
|move|p2a: Ninetales|Protect|p2a: Ninetales
|-singleturn|p2a: Ninetales|Protect
|move|p1a: Sylveon|Quick Attack|p2a: Ninetales
|-activate|p2a: Ninetales|move: Protect
|move|p2b: Raichu|Zap Cannon|p1a: Sylveon
|-damage|p1a: Sylveon|50/100g
|-status|p1a: Sylveon|par
|
|-weather|Snowscape|[upkeep]
|-sideend|p2: zaharba|move: Tailwind
|upkeep
|turn|5
|
|t:|1783106632
|cant|p1b: Garchomp|slp
|move|p2b: Raichu|Zap Cannon|p1a: Sylveon
|-damage|p1a: Sylveon|0 fnt
|faint|p1a: Sylveon
|move|p2a: Ninetales|Blizzard|p1b: Garchomp
|-supereffective|p1b: Garchomp|2
|-crit|p1b: Garchomp
|-damage|p1b: Garchomp|0 fnt
|faint|p1b: Garchomp
|
|-weather|Snowscape|[upkeep]
|upkeep
|
|t:|1783106637
|switch|p1b: Kingambit|Kingambit, L50, F|4/100
|turn|6
|
|t:|1783106647
|move|p2b: Raichu|Upper Hand||[still]
|-fail|p2b: Raichu
|move|p2a: Ninetales|Freeze-Dry|p1b: Kingambit
|-resisted|p1b: Kingambit|1
|-damage|p1b: Kingambit|0 fnt
|faint|p1b: Kingambit
|
|win|zaharba
|raw|futilismo's rating: 1109 → 1086(-23 for losing)
|raw|zaharba's rating: 1139 → 1162(+23 for winning)
|l| futilismo
