|j|☆Scoseb
|j|☆plsbringregi
|html|Scosebplsbringregi    
|uhtml|bestof|Game 1 of a best-of-3
|t:|1784650656
|gametype|doubles
|player|p1|Scoseb|brycenman|1307
|player|p2|plsbringregi|265|1328
|gen|9
|tier|[Gen 9 Champions] VGC 2026 Reg M-B (Bo3)
|rated|
|rule|Species Clause: Limit one of each Pokémon
|rule|Item Clause: Limit 1 of each item
|clearpoke
|poke|p1|Gholdengo, L50|
|poke|p1|Zoroark-Hisui, L50, M|
|poke|p1|Incineroar, L50, F|
|poke|p1|Whimsicott, L50, F|
|poke|p1|Staraptor, L50, F|
|poke|p1|Garchomp, L50, M|
|poke|p2|Kleavor, L50, M|
|poke|p2|Gholdengo, L50|
|poke|p2|Venusaur, L50, F|
|poke|p2|Talonflame, L50, F|
|poke|p2|Grimmsnarl, L50, M|
|poke|p2|Sylveon, L50, M|
|teampreview|4
|showteam|p1|Gholdengo||LifeOrb|GoodasGold|PowerGem,Protect,MakeItRain,ShadowBall|Modest|||||50|]Zoroark-Hisui||FocusSash|Illusion|Taunt,IcyWind,FakeTears,BitterMalice|Timid||M|||50|]Incineroar||SitrusBerry|Intimidate|FakeOut,PartingShot,FlareBlitz,DarkestLariat|Careful||F|||50|]Whimsicott||FairyFeather|Prankster|Moonblast,Tailwind,Charm,Encore|Modest||F|||50|]Staraptor||Staraptite|Reckless|CloseCombat,Protect,BraveBird,Roost|Jolly||F|||50|]Garchomp||Garchompite|RoughSkin|Protect,Earthquake,DragonClaw,RockSlide|Adamant||M|||50|
|showteam|p2|Kleavor||FocusSash|Sharpness|StoneAxe,XScissor,CloseCombat,Protect|Jolly||M|||50|]Gholdengo||ChoiceScarf|GoodasGold|ShadowBall,MakeItRain,PowerGem,Trick|Modest|||||50|]Venusaur||Venusaurite|Overgrow|GigaDrain,SludgeBomb,EarthPower,Protect|Modest||F|||50|]Talonflame||LifeOrb|GaleWings|BraveBird,FlareBlitz,Tailwind,Protect|Jolly||F|||50|]Grimmsnarl||LightClay|Prankster|SpiritBreak,Reflect,LightScreen,SuckerPunch|Careful||M|||50|]Sylveon||FairyFeather|Pixilate|HyperVoice,HyperBeam,QuickAttack,Detect|Modest||M|||50|
|inactive|Battle timer is ON: inactive players will automatically lose when time's up. (requested by Scoseb)
|inactive|Scoseb has 60 seconds left.
|inactive|plsbringregi has 60 seconds left.
|inactive|Scoseb has 30 seconds left.
|
|t:|1784650718
|teamsize|p1|4
|teamsize|p2|4
|start
|switch|p1a: Gholdengo|Gholdengo, L50|100/100
|switch|p1b: Incineroar|Incineroar, L50, F|100/100
|switch|p2a: Venusaur|Venusaur, L50, F|100/100
|switch|p2b: Grimmsnarl|Grimmsnarl, L50, M|100/100
|-ability|p1b: Incineroar|Intimidate|boost
|-unboost|p2a: Venusaur|atk|1
|-unboost|p2b: Grimmsnarl|atk|1
|turn|1
|inactive|plsbringregi has 30 seconds left.
|inactive|plsbringregi has 20 seconds left.
|
|t:|1784650757
|switch|p2b: Talonflame|Talonflame, L50, F|100/100
|detailschange|p2a: Venusaur|Venusaur-Mega, L50, F
|-mega|p2a: Venusaur|Venusaur|Venusaurite
|move|p1b: Incineroar|Fake Out|p2b: Talonflame
|-damage|p2b: Talonflame|83/100
|move|p2a: Venusaur|Earth Power|p1b: Incineroar
|-supereffective|p1b: Incineroar|1
|-damage|p1b: Incineroar|49/100
|-enditem|p1b: Incineroar|Sitrus Berry|[eat]
|-heal|p1b: Incineroar|74/100|[from] item: Sitrus Berry
|move|p1a: Gholdengo|Make It Rain|p2a: Venusaur|[spread] p2a,p2b
|-resisted|p2b: Talonflame|1
|-damage|p2a: Venusaur|51/100
|-damage|p2b: Talonflame|35/100
|-unboost|p1a: Gholdengo|spa|2
|-damage|p1a: Gholdengo|90/100|[from] item: Life Orb
|
|upkeep
|turn|2
|inactive|plsbringregi has 30 seconds left.
|
|t:|1784650789
|switch|p1a: Garchomp|Garchomp, L50, M|100/100
|move|p2b: Talonflame|Protect|p2b: Talonflame
|-singleturn|p2b: Talonflame|Protect
|move|p2a: Venusaur|Earth Power|p1b: Incineroar
|-supereffective|p1b: Incineroar|1
|-damage|p1b: Incineroar|24/100
|move|p1b: Incineroar|Parting Shot|p2a: Venusaur
|-unboost|p2a: Venusaur|atk|1
|-unboost|p2a: Venusaur|spa|1
|
|t:|1784650799
|switch|p1b: Incineroar|Incineroar, L50, F|100/100|[from] Parting Shot
|
|upkeep
|turn|3
|inactive|plsbringregi has 30 seconds left.
|
|t:|1784650832
|switch|p2a: Sylveon|Sylveon, L50, M|100/100
|detailschange|p1a: Garchomp|Garchomp-Mega, L50, M
|-mega|p1a: Garchomp|Garchomp|Garchompite
|move|p2b: Talonflame|Tailwind|p2b: Talonflame
|-sidestart|p2: plsbringregi|move: Tailwind
|move|p1b: Incineroar|Taunt|p2a: Sylveon
|-start|p2a: Sylveon|move: Taunt
|move|p1a: Garchomp|Rock Slide|p2a: Sylveon|[spread] p2a,p2b
|-supereffective|p2b: Talonflame|2
|-damage|p2a: Sylveon|69/100
|-damage|p2b: Talonflame|0 fnt
|faint|p2b: Talonflame
|
|upkeep
|
|t:|1784650848
|switch|p2b: Venusaur|Venusaur-Mega, L50, F|51/100
|turn|4
|
|t:|1784650853
|move|p1a: Garchomp|Protect|p1a: Garchomp
|-singleturn|p1a: Garchomp|Protect
|move|p2b: Venusaur|Earth Power|p1b: Incineroar
|-damage|p1b: Incineroar|36/100
|replace|p1b: Zoroark|Zoroark-Hisui, L50, M
|-end|p1b: Zoroark|Illusion
|move|p2a: Sylveon|Hyper Voice|p1b: Zoroark|[spread] p1b
|-activate|p1a: Garchomp|move: Protect
|-damage|p1b: Zoroark|0 fnt
|faint|p1b: Zoroark
|
|upkeep
|
|t:|1784650863
|switch|p1b: Incineroar|Incineroar, L50, F|24/100
|-ability|p1b: Incineroar|Intimidate|boost
|-unboost|p2a: Sylveon|atk|1
|-unboost|p2b: Venusaur|atk|1
|turn|5
|
|t:|1784650879
|move|p1b: Incineroar|Fake Out|p2a: Sylveon
|-damage|p2a: Sylveon|55/100
|move|p2b: Venusaur|Giga Drain|p1a: Garchomp
|-crit|p1a: Garchomp
|-damage|p1a: Garchomp|51/100
|-heal|p2b: Venusaur|78/100|[from] drain|[of] p1a: Garchomp
|cant|p2a: Sylveon|flinch
|move|p1a: Garchomp|Earthquake|p2b: Venusaur|[spread] p1b,p2a,p2b
|-supereffective|p1b: Incineroar|1
|-damage|p1b: Incineroar|0 fnt
|-damage|p2a: Sylveon|0 fnt
|-damage|p2b: Venusaur|41/100
|faint|p1b: Incineroar
|faint|p2a: Sylveon
|
|upkeep
|
|t:|1784650891
|switch|p2a: Grimmsnarl|Grimmsnarl, L50, M|100/100
|switch|p1b: Gholdengo|Gholdengo, L50|90/100
|turn|6
|
|t:|1784650898
|move|p1a: Garchomp|Protect|p1a: Garchomp
|-singleturn|p1a: Garchomp|Protect
|move|p2b: Venusaur|Earth Power|p1b: Gholdengo
|-supereffective|p1b: Gholdengo|1
|-damage|p1b: Gholdengo|28/100
|move|p2a: Grimmsnarl|Spirit Break|p1a: Garchomp
|-activate|p1a: Garchomp|move: Protect
|move|p1b: Gholdengo|Make It Rain|p2a: Grimmsnarl|[spread] p2a,p2b
|-supereffective|p2a: Grimmsnarl|1
|-damage|p2a: Grimmsnarl|0 fnt
|-damage|p2b: Venusaur|0 fnt
|-unboost|p1b: Gholdengo|spa|2
|faint|p2a: Grimmsnarl
|faint|p2b: Venusaur
|-damage|p1b: Gholdengo|18/100|[from] item: Life Orb
|
|win|Scoseb
||plsbringregi is ready for game 2.
|inactive|Scoseb has 30 seconds to confirm battle start!
||Scoseb is ready for game 2.
|uhtml|next|Next: Game 2 of 3
