|j|☆Caracoli
|j|☆irongiant9214
|html|Caracoliirongiant9214    
|uhtml|bestof|Game 2 of a best-of-3
|t:|1786208265
|gametype|doubles
|player|p1|Caracoli|102|1108
|player|p2|irongiant9214|169|1201
|gen|9
|tier|[Gen 9 Champions] VGC 2026 Reg M-B (Bo3)
|rated|
|rule|Species Clause: Limit one of each Pokémon
|rule|Item Clause: Limit 1 of each item
|clearpoke
|poke|p1|Medicham, L50, M, shiny|
|poke|p1|Grimmsnarl, L50, M|
|poke|p1|Milotic, L50, F|
|poke|p1|Gholdengo, L50|
|poke|p1|Dragonite, L50, M|
|poke|p1|Arcanine-Hisui, L50, M|
|poke|p2|Charizard, L50, F|
|poke|p2|Floette-Eternal, L50, F|
|poke|p2|Whimsicott, L50, F, shiny|
|poke|p2|Basculegion, L50, M|
|poke|p2|Garchomp, L50, M, shiny|
|poke|p2|Kingambit, L50, M|
|teampreview|4
|showteam|p1|Medicham||Medichamite|PurePower|Detect,DrainPunch,PsychoCut,FakeOut|Adamant||M|||50|]Grimmsnarl||LightClay|Prankster|SpiritBreak,LightScreen,Reflect,SuckerPunch|Impish||M|||50|]Milotic||Leftovers|Competitive|Protect,Scald,Recover,IceBeam|Bold||F|||50|]Gholdengo||LifeOrb|GoodasGold|Protect,Recover,FlashCannon,ShadowBall|Modest|||||50|]Dragonite||SilkScarf|InnerFocus|ExtremeSpeed,Protect,DragonClaw,AerialAce|Adamant||M|||50|]Arcanine-Hisui||SitrusBerry|Intimidate|Protect,RockSlide,FlareBlitz,WildCharge|Adamant||M|||50|
|showteam|p2|Charizard||CharizarditeY|Blaze|HeatWave,WeatherBall,SolarBeam,Protect|Modest||F|||50|]Floette-Eternal||Floettite|FlowerVeil|DazzlingGleam,Moonblast,HelpingHand,Protect|Timid||F|||50|]Whimsicott||FocusSash|Prankster|Moonblast,Tailwind,Encore,Protect|Timid||F|||50|]Basculegion||LifeOrb|Adaptability|AquaJet,WaveCrash,LastRespects,Protect|Adamant||M|||50|]Garchomp||HabanBerry|RoughSkin|RockSlide,DragonClaw,Earthquake,Protect|Adamant||M|||50|]Kingambit||ChopleBerry|Defiant|SuckerPunch,LowKick,IronHead,KowtowCleave|Adamant||M|||50|
|
|t:|1786208311
|teamsize|p1|4
|teamsize|p2|4
|start
|switch|p1a: Grimmsnarl|Grimmsnarl, L50, M|100/100
|switch|p1b: Medicham|Medicham, L50, M, shiny|100/100
|switch|p2a: Floette|Floette-Eternal, L50, F|100/100
|switch|p2b: Whimsicott|Whimsicott, L50, F, shiny|100/100
|turn|1
|
|t:|1786208331
|detailschange|p2a: Floette|Floette-Mega, L50, F
|-mega|p2a: Floette|Floette|Floettite
|-ability|p2a: Floette|Fairy Aura
|detailschange|p1b: Medicham|Medicham-Mega, L50, M, shiny
|-mega|p1b: Medicham|Medicham|Medichamite
|move|p1b: Medicham|Fake Out|p2a: Floette
|-damage|p2a: Floette|69/100
|move|p1a: Grimmsnarl|Light Screen|p1a: Grimmsnarl
|-sidestart|p1: Caracoli|move: Light Screen
|move|p2b: Whimsicott|Moonblast|p1a: Grimmsnarl
|-supereffective|p1a: Grimmsnarl|1
|-damage|p1a: Grimmsnarl|33/100
|cant|p2a: Floette|flinch
|
|upkeep
|turn|2
|
|t:|1786208357
|move|p1b: Medicham|Detect|p1b: Medicham
|-singleturn|p1b: Medicham|Protect
|move|p1a: Grimmsnarl|Reflect|p1a: Grimmsnarl
|-sidestart|p1: Caracoli|Reflect
|move|p2b: Whimsicott|Moonblast|p1b: Medicham
|-activate|p1b: Medicham|move: Protect
|move|p2a: Floette|Dazzling Gleam|p1b: Medicham|[spread] p1a
|-activate|p1b: Medicham|move: Protect
|-supereffective|p1a: Grimmsnarl|1
|-damage|p1a: Grimmsnarl|0 fnt
|faint|p1a: Grimmsnarl
|
|upkeep
|
|t:|1786208369
|switch|p1a: Arcanine|Arcanine-Hisui, L50, M|100/100
|-ability|p1a: Arcanine|Intimidate|boost
|-unboost|p2a: Floette|atk|1
|-unboost|p2b: Whimsicott|atk|1
|turn|3
|
|t:|1786208396
|switch|p2a: Garchomp|Garchomp, L50, M, shiny|100/100
|switch|p1b: Milotic|Milotic, L50, F|100/100
|move|p2b: Whimsicott|Encore||[still]
|-fail|p2b: Whimsicott
|move|p1a: Arcanine|Rock Slide|p2a: Garchomp|[spread] p2a,p2b
|-resisted|p2a: Garchomp|1
|-damage|p2a: Garchomp|88/100
|-damage|p2b: Whimsicott|62/100
|
|upkeep
|turn|4
|
|t:|1786208453
|move|p2a: Garchomp|Protect|p2a: Garchomp
|-singleturn|p2a: Garchomp|Protect
|move|p1a: Arcanine|Protect|p1a: Arcanine
|-singleturn|p1a: Arcanine|Protect
|move|p2b: Whimsicott|Moonblast|p1b: Milotic
|-damage|p1b: Milotic|82/100
|move|p1b: Milotic|Ice Beam|p2a: Garchomp
|-activate|p2a: Garchomp|move: Protect
|
|-heal|p1b: Milotic|88/100|[from] item: Leftovers
|upkeep
|turn|5
|inactive|Battle timer is ON: inactive players will automatically lose when time's up. (requested by Caracoli)
|
|t:|1786208482
|switch|p2a: Basculegion|Basculegion, L50, M|100/100
|switch|p1a: Medicham|Medicham-Mega, L50, M, shiny|100/100
|move|p2b: Whimsicott|Encore||[still]
|-fail|p2b: Whimsicott
|move|p1b: Milotic|Ice Beam|p2a: Basculegion
|-resisted|p2a: Basculegion|1
|-damage|p2a: Basculegion|84/100
|
|-heal|p1b: Milotic|94/100|[from] item: Leftovers
|upkeep
|turn|6
|inactive|irongiant9214 has 30 seconds left.
|
|t:|1786208511
|move|p1a: Medicham|Fake Out|p2b: Whimsicott
|-damage|p2b: Whimsicott|29/100
|cant|p2b: Whimsicott|flinch
|move|p2a: Basculegion|Wave Crash|p1a: Medicham
|-damage|p1a: Medicham|25/100
|-damage|p2a: Basculegion|63/100|[from] Recoil
|-damage|p2a: Basculegion|53/100|[from] item: Life Orb
|move|p1b: Milotic|Scald|p2a: Basculegion
|-resisted|p2a: Basculegion|1
|-damage|p2a: Basculegion|34/100
|
|-heal|p1b: Milotic|100/100|[from] item: Leftovers
|upkeep
|turn|7
|inactive|irongiant9214 has 30 seconds left.
|
|t:|1786208539
|move|p1a: Medicham|Detect|p1a: Medicham
|-singleturn|p1a: Medicham|Protect
|move|p2b: Whimsicott|Encore|p1b: Milotic
|-start|p1b: Milotic|Encore
|move|p2a: Basculegion|Wave Crash|p1a: Medicham
|-activate|p1a: Medicham|move: Protect
|move|p1b: Milotic|Scald|p2b: Whimsicott
|-resisted|p2b: Whimsicott|1
|-damage|p2b: Whimsicott|0 fnt
|faint|p2b: Whimsicott
|
|upkeep
|
|t:|1786208544
|switch|p2b: Floette|Floette-Mega, L50, F|69/100
|-ability|p2b: Floette|Fairy Aura
|turn|8
|inactive|irongiant9214 has 30 seconds left.
|
|t:|1786208576
|switch|p1a: Arcanine|Arcanine-Hisui, L50, M|100/100
|-ability|p1a: Arcanine|Intimidate|boost
|-unboost|p2a: Basculegion|atk|1
|-unboost|p2b: Floette|atk|1
|move|p2b: Floette|Dazzling Gleam|p1a: Arcanine|[spread] p1a,p1b
|-resisted|p1a: Arcanine|1
|-damage|p1a: Arcanine|86/100
|-damage|p1b: Milotic|78/100
|move|p2a: Basculegion|Wave Crash|p1b: Milotic
|-resisted|p1b: Milotic|1
|-damage|p1b: Milotic|56/100
|-damage|p2a: Basculegion|26/100|[from] Recoil
|-damage|p2a: Basculegion|16/100|[from] item: Life Orb
|move|p1b: Milotic|Scald|p2a: Basculegion
|-resisted|p2a: Basculegion|1
|-crit|p2a: Basculegion
|-damage|p2a: Basculegion|0 fnt
|faint|p2a: Basculegion
|
|-heal|p1b: Milotic|62/100|[from] item: Leftovers
|-sideend|p1: Caracoli|move: Light Screen
|upkeep
|
|t:|1786208594
|switch|p2a: Garchomp|Garchomp, L50, M, shiny|88/100
|turn|9
|
|t:|1786208611
|switch|p1b: Medicham|Medicham-Mega, L50, M, shiny|25/100
|move|p2b: Floette|Protect|p2b: Floette
|-singleturn|p2b: Floette|Protect
|move|p2a: Garchomp|Protect|p2a: Garchomp
|-singleturn|p2a: Garchomp|Protect
|move|p1a: Arcanine|Flare Blitz|p2b: Floette
|-activate|p2b: Floette|move: Protect
|
|-sideend|p1: Caracoli|Reflect
|upkeep
|turn|10
|
|t:|1786208632
|move|p1b: Medicham|Fake Out|p2a: Garchomp
|-damage|p2a: Garchomp|70/100
|-damage|p1b: Medicham|13/100|[from] ability: Rough Skin|[of] p2a: Garchomp
|move|p2b: Floette|Dazzling Gleam|p1b: Medicham|[spread] p1a,p1b
|-resisted|p1a: Arcanine|1
|-supereffective|p1b: Medicham|1
|-damage|p1a: Arcanine|65/100
|-damage|p1b: Medicham|0 fnt
|faint|p1b: Medicham
|cant|p2a: Garchomp|flinch
|move|p1a: Arcanine|Flare Blitz|p2b: Floette
|-damage|p2b: Floette|1/100
|-damage|p1a: Arcanine|47/100|[from] Recoil
|-enditem|p1a: Arcanine|Sitrus Berry|[eat]
|-heal|p1a: Arcanine|72/100|[from] item: Sitrus Berry
|
|upkeep
|
|t:|1786208646
|switch|p1b: Milotic|Milotic, L50, F|62/100
|turn|11
|
|t:|1786208667
|move|p1a: Arcanine|Protect|p1a: Arcanine
|-singleturn|p1a: Arcanine|Protect
|move|p2b: Floette|Dazzling Gleam|p1b: Milotic|[spread] p1b
|-activate|p1a: Arcanine|move: Protect
|-crit|p1b: Milotic
|-damage|p1b: Milotic|14/100
|move|p2a: Garchomp|Dragon Claw|p1b: Milotic
|-damage|p1b: Milotic|0 fnt
|faint|p1b: Milotic
|
|upkeep
|turn|12
|
|t:|1786208681
|move|p2b: Floette|Moonblast|p1a: Arcanine
|-resisted|p1a: Arcanine|1
|-damage|p1a: Arcanine|38/100
|move|p2a: Garchomp|Dragon Claw|p1a: Arcanine
|-damage|p1a: Arcanine|0 fnt
|faint|p1a: Arcanine
|
|win|irongiant9214
||irongiant9214 is ready for game 3.
|inactive|Caracoli has 30 seconds to confirm battle start!
||Caracoli is ready for game 3.
|uhtml|next|Next: Game 3 of 3
|l|☆Caracoli
|player|p1|
