|j|☆Aneddino
|j|☆LukarioVGC
|html|AneddinoLukarioVGC    
|uhtml|bestof|Game 1 of a best-of-3
|t:|1785430644
|gametype|doubles
|player|p1|Aneddino|rosa|1091
|player|p2|LukarioVGC|wallace|1122
|gen|9
|tier|[Gen 9 Champions] VGC 2026 Reg M-B (Bo3)
|rated|
|rule|Species Clause: Limit one of each Pokémon
|rule|Item Clause: Limit 1 of each item
|clearpoke
|poke|p1|Meowscarada, L50, F|
|poke|p1|Staraptor, L50, F|
|poke|p1|Delphox, L50, M|
|poke|p1|Whimsicott, L50, M|
|poke|p1|Garchomp, L50, M|
|poke|p1|Ceruledge, L50, F|
|poke|p2|Blaziken, L50, F|
|poke|p2|Aerodactyl, L50, F|
|poke|p2|Kingambit, L50, F|
|poke|p2|Basculegion, L50, M|
|poke|p2|Sylveon, L50, F|
|poke|p2|Torkoal, L50, M|
|teampreview|4
|showteam|p1|Meowscarada||MiracleSeed|Protean|FlowerTrick,TripleAxel,KnockOff,HelpingHand|Adamant||F|||50|]Staraptor||Staraptite|Intimidate|CloseCombat,BraveBird,Roost,Protect|Jolly||F|||50|]Delphox||Delphoxite|Blaze|HeatWave,Psychic,NastyPlot,Protect|Timid||M|||50|]Whimsicott||FocusSash|Prankster|Moonblast,Charm,Tailwind,Encore|Timid||M|||50|]Garchomp||LifeOrb|SandVeil|DragonClaw,Earthquake,RockSlide,Protect|Jolly||M|||50|]Ceruledge||ColburBerry|FlashFire|ShadowSneak,Poltergeist,BitterBlade,Protect|Jolly||F|||50|
|showteam|p2|Blaziken||Blazikenite|SpeedBoost|FlareBlitz,CloseCombat,Protect,RockSlide|Adamant||F|||50|]Aerodactyl||Aerodactylite|Unnerve|RockSlide,DualWingbeat,IceFang,Tailwind|Jolly||F|||50|]Kingambit||LifeOrb|Defiant|KowtowCleave,Protect,IronHead,SuckerPunch|Adamant||F|||50|]Basculegion||FocusSash|Adaptability|Liquidation,Protect,LastRespects,AquaJet|Adamant||M|||50|]Sylveon||FairyFeather|Pixilate|HyperVoice,Moonblast,QuickAttack,Protect|Modest||F|||50|]Torkoal||Leftovers|Drought|BurningJealousy,WeatherBall,Protect,Yawn|Relaxed||M|||50|
|inactive|Battle timer is ON: inactive players will automatically lose when time's up. (requested by LukarioVGC)
|inactive|Aneddino has 60 seconds left.
|inactive|LukarioVGC has 60 seconds left.
|inactive|LukarioVGC has 30 seconds left.
|inactive|LukarioVGC has 20 seconds left.
|inactive|LukarioVGC has 15 seconds left.
|
|t:|1785430719
|teamsize|p1|4
|teamsize|p2|4
|start
|switch|p1a: Meowscarada|Meowscarada, L50, F|100/100
|switch|p1b: Whimsicott|Whimsicott, L50, M|100/100
|switch|p2a: Aerodactyl|Aerodactyl, L50, F|100/100
|switch|p2b: Sylveon|Sylveon, L50, F|100/100
|-ability|p2a: Aerodactyl|Unnerve
|turn|1
|
|t:|1785430739
|move|p1b: Whimsicott|Tailwind|p1b: Whimsicott
|-sidestart|p1: Aneddino|move: Tailwind
|move|p1a: Meowscarada|Triple Axel|p2a: Aerodactyl
|-start|p1a: Meowscarada|typechange|Ice|[from] ability: Protean
|-supereffective|p2a: Aerodactyl|1
|-damage|p2a: Aerodactyl|67/100
|-supereffective|p2a: Aerodactyl|1
|-damage|p2a: Aerodactyl|7/100
|-supereffective|p2a: Aerodactyl|1
|-crit|p2a: Aerodactyl
|-damage|p2a: Aerodactyl|0 fnt
|faint|p2a: Aerodactyl
|-hitcount|p2: Aerodactyl|3
|move|p2b: Sylveon|Hyper Voice|p1a: Meowscarada|[spread] p1a,p1b
|-damage|p1a: Meowscarada|16/100
|-damage|p1b: Whimsicott|18/100
|
|upkeep
|j| 1itchynahuel
|inactive|LukarioVGC has 30 seconds left.
|inactive|LukarioVGC has 20 seconds left.
|inactive|LukarioVGC has 15 seconds left.
|
|t:|1785430780
|switch|p2a: Kingambit|Kingambit, L50, F|100/100
|turn|2
|
|t:|1785430795
|move|p1a: Meowscarada|Helping Hand|p1b: Whimsicott
|-singleturn|p1b: Whimsicott|Helping Hand|[of] p1a: Meowscarada
|move|p2a: Kingambit|Sucker Punch||[still]
|-fail|p2a: Kingambit
|move|p1b: Whimsicott|Moonblast|p2a: Kingambit
|-damage|p2a: Kingambit|49/100
|move|p2b: Sylveon|Hyper Voice|p1b: Whimsicott|[spread] p1a,p1b
|-damage|p1a: Meowscarada|0 fnt
|-damage|p1b: Whimsicott|0 fnt
|faint|p1a: Meowscarada
|faint|p1b: Whimsicott
|
|upkeep
|
|t:|1785430805
|switch|p1b: Staraptor|Staraptor, L50, F|100/100
|switch|p1a: Ceruledge|Ceruledge, L50, F|100/100
|-ability|p1b: Staraptor|Intimidate|boost
|-unboost|p2a: Kingambit|atk|1
|-ability|p2a: Kingambit|Defiant|boost
|-boost|p2a: Kingambit|atk|2
|-unboost|p2b: Sylveon|atk|1
|turn|3
|inactive|LukarioVGC has 30 seconds left.
|
|t:|1785430830
|move|p1a: Ceruledge|Protect|p1a: Ceruledge
|-singleturn|p1a: Ceruledge|Protect
|move|p2a: Kingambit|Sucker Punch||[still]
|-fail|p2a: Kingambit
|move|p1b: Staraptor|Close Combat|p2a: Kingambit
|-supereffective|p2a: Kingambit|2
|-damage|p2a: Kingambit|0 fnt
|-unboost|p1b: Staraptor|def|1
|-unboost|p1b: Staraptor|spd|1
|faint|p2a: Kingambit
|move|p2b: Sylveon|Hyper Voice|p1b: Staraptor|[spread] p1b
|-activate|p1a: Ceruledge|move: Protect
|-damage|p1b: Staraptor|2/100
|
|upkeep
|
|t:|1785430843
|switch|p2a: Basculegion|Basculegion, L50, M|100/100
|turn|4
|
|t:|1785430862
|detailschange|p1b: Staraptor|Staraptor-Mega, L50, F
|-mega|p1b: Staraptor|Staraptor|Staraptite
|move|p2a: Basculegion|Protect|p2a: Basculegion
|-singleturn|p2a: Basculegion|Protect
|move|p2b: Sylveon|Quick Attack|p1b: Staraptor
|-supereffective|p1b: Staraptor|1
|-damage|p1b: Staraptor|0 fnt
|faint|p1b: Staraptor
|move|p1a: Ceruledge|Bitter Blade|p2b: Sylveon
|-damage|p2b: Sylveon|41/100
|
|-sideend|p1: Aneddino|move: Tailwind
|upkeep
|turn|5
|
|t:|1785430880
|move|p2b: Sylveon|Quick Attack|p1a: Ceruledge
|-resisted|p1a: Ceruledge|1
|-damage|p1a: Ceruledge|95/100
|move|p2a: Basculegion|Last Respects|p1a: Ceruledge
|-supereffective|p1a: Ceruledge|1
|-damage|p1a: Ceruledge|0 fnt
|faint|p1a: Ceruledge
|
|win|LukarioVGC
||LukarioVGC is ready for game 2.
||Aneddino is ready for game 2.
|uhtml|next|Next: Game 2 of 3
|l|☆Aneddino
|player|p1|
