|j|☆furretusedpunch
|j|☆PTP_VGC
|html|furretusedpunchPTP_VGC    
|uhtml|bestof|Game 1 of a best-of-3
|t:|1756184418
|gametype|doubles
|player|p1|furretusedpunch|lacey|1172
|player|p2|PTP_VGC|birdkeeper|1262
|gen|9
|tier|[Gen 9] VGC 2025 Reg H (Bo3)
|rated|
|rule|Species Clause: Limit one of each Pokémon
|rule|Item Clause: Limit 1 of each item
|clearpoke
|poke|p1|Gholdengo, L50|
|poke|p1|Sneasler, L50, M|
|poke|p1|Rillaboom, L50, M|
|poke|p1|Dragonite, L50, F|
|poke|p1|Ninetales-Alola, L50, M|
|poke|p1|Arcanine-Hisui, L50, F|
|poke|p2|Arcanine-Hisui, L50, M|
|poke|p2|Weezing, L50, F|
|poke|p2|Porygon2, L50|
|poke|p2|Weavile, L50, M|
|poke|p2|Pawmot, L50, M|
|poke|p2|Toedscruel, L50, F|
|teampreview|4
|showteam|p1|Gholdengo||GrassySeed|GoodasGold|NastyPlot,MakeItRain,ShadowBall,Protect||||||50|,,,,,Water]Sneasler||WhiteHerb|Unburden|CloseCombat,DireClaw,Coaching,Protect|||M|||50|,,,,,Ghost]Rillaboom||AssaultVest|GrassySurge|FakeOut,GrassyGlide,DrumBeating,HighHorsepower|||M|||50|,,,,,Fire]Dragonite||LoadedDice|Multiscale|ScaleShot,StompingTantrum,Tailwind,Protect|||F|||50|,,,,,Ground]Ninetales-Alola||FocusSash|SnowWarning|Blizzard,IcyWind,Encore,AuroraVeil|||M|||50|,,,,,Ghost]Arcanine-Hisui||SafetyGoggles|Intimidate|RockSlide,FlareBlitz,ExtremeSpeed,Protect|||F|||50|,,,,,Water
|showteam|p2|Arcanine-Hisui||AbilityShield|Intimidate|FlareBlitz,RockSlide,ExtremeSpeed,Protect|||M|||50|,,,,,Ghost]Weezing||SitrusBerry|NeutralizingGas|SludgeBomb,WillOWisp,Taunt,Protect|||F|||50|,,,,,Grass]Porygon2||Eviolite|Download|TeraBlast,IceBeam,Recover,TrickRoom||||||50|,,,,,Water]Weavile||WideLens|Pressure|KnockOff,TripleAxel,FakeOut,Protect|||M|||50|,,,,,Stellar]Pawmot||FocusSash|NaturalCure|DoubleShock,CloseCombat,RevivalBlessing,Protect|||M|||50|,,,,,Stellar]Toedscruel||LifeOrb|MyceliumMight|EarthPower,EnergyBall,Spore,RagePowder|||F|||50|,,,,,Water
|inactive|Battle timer is ON: inactive players will automatically lose when time's up. (requested by PTP_VGC)
|inactive|furretusedpunch has 60 seconds left.
|
|t:|1756184482
|teamsize|p1|4
|teamsize|p2|4
|start
|switch|p1a: Ninetales|Ninetales-Alola, L50, M|100/100
|switch|p1b: Gholdengo|Gholdengo, L50|100/100
|switch|p2a: Vulfmon|Arcanine-Hisui, L50, M|100/100
|switch|p2b: Adr. & Adr.|Weezing, L50, F|100/100
|-ability|p2b: Adr. & Adr.|Neutralizing Gas
|-block|p2a: Vulfmon|item: Ability Shield
|-ability|p2a: Vulfmon|Intimidate|boost
|-unboost|p1a: Ninetales|atk|1
|-unboost|p1b: Gholdengo|atk|1
|turn|1
|inactive|PTP_VGC has 30 seconds left.
|
|t:|1756184513
|-terastallize|p1b: Gholdengo|Water
|move|p1a: Ninetales|Icy Wind|p2b: Adr. & Adr.|[spread] p2a,p2b
|-resisted|p2a: Vulfmon
|-damage|p2a: Vulfmon|92/100
|-damage|p2b: Adr. & Adr.|83/100
|-unboost|p2a: Vulfmon|spe|1
|-unboost|p2b: Adr. & Adr.|spe|1
|move|p1b: Gholdengo|Nasty Plot|p1b: Gholdengo
|-boost|p1b: Gholdengo|spa|2
|move|p2a: Vulfmon|Rock Slide|p1b: Gholdengo|[spread] p1a,p1b
|-supereffective|p1a: Ninetales
|-damage|p1a: Ninetales|20/100
|-damage|p1b: Gholdengo|78/100
|move|p2b: Adr. & Adr.|Sludge Bomb|p1a: Ninetales
|-supereffective|p1a: Ninetales
|-damage|p1a: Ninetales|0 fnt
|faint|p1a: Ninetales
|
|upkeep
|
|t:|1756184529
|switch|p1a: Dragonite|Dragonite, L50, F|100/100
|turn|2
|
|t:|1756184552
|move|p1a: Dragonite|Protect|p1a: Dragonite
|-singleturn|p1a: Dragonite|Protect
|move|p2b: Adr. & Adr.|Protect|p2b: Adr. & Adr.
|-singleturn|p2b: Adr. & Adr.|Protect
|move|p2a: Vulfmon|Extreme Speed|p1a: Dragonite
|-activate|p1a: Dragonite|move: Protect
|move|p1b: Gholdengo|Nasty Plot|p1b: Gholdengo
|-boost|p1b: Gholdengo|spa|2
|
|upkeep
|turn|3
|
|t:|1756184572
|move|p2a: Vulfmon|Extreme Speed|p1a: Dragonite
|-damage|p1a: Dragonite|76/100
|move|p1b: Gholdengo|Make It Rain|p2b: Adr. & Adr.|[spread] p2a,p2b
|-damage|p2a: Vulfmon|0 fnt
|-damage|p2b: Adr. & Adr.|0 fnt
|-unboost|p1b: Gholdengo|spa|1
|faint|p2a: Vulfmon
|faint|p2b: Adr. & Adr.
|-end|p2b: Adr. & Adr.|ability: Neutralizing Gas
|move|p1a: Dragonite|Tailwind|p1a: Dragonite
|-sidestart|p1: furretusedpunch|move: Tailwind
|
|upkeep
|
|t:|1756184575
|switch|p2a: Speedwalker|Weavile, L50, M|100/100
|switch|p2b: Funky Duck|Porygon2, L50|100/100
|-ability|p2a: Speedwalker|Pressure
|-ability|p2b: Funky Duck|Download|boost
|-boost|p2b: Funky Duck|atk|1
|turn|4
|
|t:|1756184592
|-terastallize|p2b: Funky Duck|Water
|move|p2a: Speedwalker|Protect|p2a: Speedwalker
|-singleturn|p2a: Speedwalker|Protect
|move|p1b: Gholdengo|Make It Rain|p2b: Funky Duck|[spread] p2b
|-activate|p2a: Speedwalker|move: Protect
|-resisted|p2b: Funky Duck
|-damage|p2b: Funky Duck|68/100
|-unboost|p1b: Gholdengo|spa|1
|move|p1a: Dragonite|Scale Shot|p2b: Funky Duck
|-damage|p2b: Funky Duck|59/100
|-damage|p2b: Funky Duck|48/100
|-damage|p2b: Funky Duck|39/100
|-damage|p2b: Funky Duck|29/100
|-damage|p2b: Funky Duck|19/100
|-hitcount|p2b: Funky Duck|5
|-unboost|p1a: Dragonite|def|1
|-boost|p1a: Dragonite|spe|1
|move|p2b: Funky Duck|Trick Room|p2b: Funky Duck
|-fieldstart|move: Trick Room|[of] p2b: Funky Duck
|
|upkeep
|turn|5
|inactive|furretusedpunch has 30 seconds left.
|inactive|PTP_VGC has 30 seconds left.
|inactive|PTP_VGC has 20 seconds left.
|inactive|PTP_VGC has 15 seconds left.
|
|t:|1756184634
|move|p2b: Funky Duck|Tera Blast|p1b: Gholdengo|[anim] Tera Blast Water
|-resisted|p1b: Gholdengo
|-damage|p1b: Gholdengo|60/100
|move|p2a: Speedwalker|Knock Off|p1b: Gholdengo
|-damage|p1b: Gholdengo|16/100
|-enditem|p1b: Gholdengo|Grassy Seed|[from] move: Knock Off|[of] p2a: Speedwalker
|move|p1b: Gholdengo|Make It Rain|p2b: Funky Duck|[spread] p2a,p2b
|-supereffective|p2a: Speedwalker
|-resisted|p2b: Funky Duck
|-crit|p2b: Funky Duck
|-damage|p2a: Speedwalker|0 fnt
|-damage|p2b: Funky Duck|0 fnt
|-unboost|p1b: Gholdengo|spa|1
|faint|p2a: Speedwalker
|faint|p2b: Funky Duck
|
|win|furretusedpunch
