|j|☆TapuYolo VGC
|j|☆go to vr
|html|TapuYolo VGCgo to vr    
|uhtml|bestof|Game 2 of a best-of-3
|t:|1756824362
|gametype|doubles
|player|p1|TapuYolo VGC|iris|
|player|p2|go to vr|colress|
|gen|9
|tier|[Gen 9] VGC 2025 Reg H (Bo3)
|rule|Species Clause: Limit one of each Pokémon
|rule|Item Clause: Limit 1 of each item
|clearpoke
|poke|p1|Gholdengo, L50|
|poke|p1|Kommo-o, L50, M|
|poke|p1|Tyranitar, L50, M|
|poke|p1|Incineroar, L50, M|
|poke|p1|Sinistcha, L50|
|poke|p1|Murkrow, L50, F|
|poke|p2|Incineroar, L50, F|
|poke|p2|Gholdengo, L50|
|poke|p2|Amoonguss, L50, M|
|poke|p2|Hydreigon, L50, F|
|poke|p2|Porygon2, L50|
|poke|p2|Ursaluna, L50, M|
|teampreview|4
|showteam|p1|Gholdengo||ChoiceSpecs|GoodasGold|MakeItRain,ShadowBall,Thunderbolt,PowerGem||||||50|,,,,,Steel]Kommo-o||Leftovers|Overcoat|ClangingScales,ClangorousSoul,AuraSphere,Protect|||M|||50|,,,,,Steel]Tyranitar||AssaultVest|SandStream|RockSlide,KnockOff,TeraBlast,LowKick|||M|||50|,,,,,Flying]Incineroar||SafetyGoggles|Intimidate|FlareBlitz,KnockOff,FakeOut,PartingShot|||M|||50|,,,,,Ghost]Sinistcha||RockyHelmet|Hospitality|MatchaGotcha,RagePowder,TrickRoom,LifeDew||||||50|,,,,,Water]Murkrow||Eviolite|Prankster|FoulPlay,Snarl,Tailwind,Haze|||F|||50|,,,,,Ghost
|showteam|p2|Incineroar||SitrusBerry|Intimidate|KnockOff,FakeOut,FlareBlitz,PartingShot|||F|||50|,,,,,Ghost]Gholdengo||MetalCoat|GoodasGold|Protect,NastyPlot,MakeItRain,ShadowBall||||||50|,,,,,Water]Amoonguss||RockyHelmet|Regenerator|Spore,RagePowder,PollenPuff,Protect|||M|||50|,,,,,Fairy]Hydreigon||SafetyGoggles|Levitate|DracoMeteor,Snarl,Tailwind,Protect|||F|||50|,,,,,Ghost]Porygon2||Eviolite|Download|Recover,IceBeam,TeraBlast,TrickRoom||||||50|,,,,,Fighting]Ursaluna||FlameOrb|Guts|Earthquake,Facade,HeadlongRush,Protect|||M|||50|,,,,,Ghost
|inactive|Battle timer is ON: inactive players will automatically lose when time's up. (requested by go to vr)
|inactive|go to vr has 60 seconds left.
|
|t:|1756824408
|teamsize|p1|4
|teamsize|p2|4
|start
|switch|p1a: Kommo-o|Kommo-o, L50, M|100/100
|switch|p1b: Incineroar|Incineroar, L50, M|100/100
|switch|p2a: Hydreigon|Hydreigon, L50, F|100/100
|switch|p2b: Incineroar|Incineroar, L50, F, shiny|100/100
|-ability|p2b: Incineroar|Intimidate|boost
|-unboost|p1a: Kommo-o|atk|1
|-unboost|p1b: Incineroar|atk|1
|-ability|p1b: Incineroar|Intimidate|boost
|-unboost|p2a: Hydreigon|atk|1
|-unboost|p2b: Incineroar|atk|1
|turn|1
|inactive|TapuYolo VGC has 30 seconds left.
|
|t:|1756824435
|switch|p1a: Tyranitar|Tyranitar, L50, M|100/100
|-weather|Sandstorm|[from] ability: Sand Stream|[of] p1a: Tyranitar
|move|p2a: Hydreigon|Protect|p2a: Hydreigon
|-singleturn|p2a: Hydreigon|Protect
|move|p2b: Incineroar|Fake Out|p1a: Tyranitar
|-resisted|p1a: Tyranitar
|-damage|p1a: Tyranitar|97/100
|move|p1b: Incineroar|Knock Off|p2a: Hydreigon
|-activate|p2a: Hydreigon|move: Protect
|
|-weather|Sandstorm|[upkeep]
|-damage|p2b: Incineroar|94/100|[from] Sandstorm
|upkeep
|turn|2
|
|t:|1756824460
|move|p2a: Hydreigon|Tailwind|p2a: Hydreigon
|-sidestart|p2: go to vr|move: Tailwind
|move|p2b: Incineroar|Parting Shot|p1a: Tyranitar
|-unboost|p1a: Tyranitar|atk|1
|-unboost|p1a: Tyranitar|spa|1
|
|t:|1756824472
|switch|p2b: Ursaluna|Ursaluna, L50, M|100/100|[from] Parting Shot
|move|p1a: Tyranitar|Rock Slide|p2b: Ursaluna|[spread] p2a,p2b
|-resisted|p2b: Ursaluna
|-damage|p2a: Hydreigon|81/100
|-damage|p2b: Ursaluna|93/100
|move|p1b: Incineroar|Knock Off|p2a: Hydreigon
|-resisted|p2a: Hydreigon
|-damage|p2a: Hydreigon|68/100
|-enditem|p2a: Hydreigon|Safety Goggles|[from] move: Knock Off|[of] p1b: Incineroar
|
|-weather|Sandstorm|[upkeep]
|-damage|p2a: Hydreigon|62/100|[from] Sandstorm
|-status|p2b: Ursaluna|brn|[from] item: Flame Orb
|upkeep
|turn|3
|inactive|TapuYolo VGC has 30 seconds left.
|inactive|go to vr has 30 seconds left.
|
|t:|1756824505
|switch|p1a: Sinistcha|Sinistcha, L50|100/100
|-terastallize|p1b: Incineroar|Ghost
|move|p2a: Hydreigon|Draco Meteor|p1a: Sinistcha|[miss]
|-miss|p2a: Hydreigon|p1a: Sinistcha
|move|p2b: Ursaluna|Earthquake|p1a: Sinistcha|[spread] p1a,p1b
|-immune|p2a: Hydreigon|[from] ability: Levitate
|-resisted|p1a: Sinistcha
|-damage|p1a: Sinistcha|75/100
|-damage|p1b: Incineroar|44/100
|move|p1b: Incineroar|Parting Shot|p2b: Ursaluna
|-unboost|p2b: Ursaluna|atk|1
|-unboost|p2b: Ursaluna|spa|1
|
|t:|1756824520
|switch|p1b: Kommo-o|Kommo-o, L50, M|100/100|[from] Parting Shot
|
|-weather|Sandstorm|[upkeep]
|-damage|p2a: Hydreigon|56/100|[from] Sandstorm
|-damage|p1a: Sinistcha|69/100|[from] Sandstorm
|-damage|p2b: Ursaluna|87/100 brn|[from] brn
|upkeep
|turn|4
|inactive|go to vr has 30 seconds left.
|inactive|TapuYolo VGC has 30 seconds left.
|inactive|go to vr has 20 seconds left.
|
|t:|1756824563
|move|p1a: Sinistcha|Rage Powder|p1a: Sinistcha
|-singleturn|p1a: Sinistcha|move: Rage Powder
|move|p2a: Hydreigon|Draco Meteor|p1a: Sinistcha
|-damage|p1a: Sinistcha|3/100
|-unboost|p2a: Hydreigon|spa|2
|move|p2b: Ursaluna|Earthquake|p1b: Kommo-o|[spread] p1a,p1b
|-immune|p2a: Hydreigon|[from] ability: Levitate
|-resisted|p1a: Sinistcha
|-damage|p1a: Sinistcha|0 fnt
|-damage|p1b: Kommo-o|57/100
|faint|p1a: Sinistcha
|move|p1b: Kommo-o|Clangorous Soul|p1b: Kommo-o
|-boost|p1b: Kommo-o|atk|1
|-boost|p1b: Kommo-o|def|1
|-boost|p1b: Kommo-o|spa|1
|-boost|p1b: Kommo-o|spd|1
|-boost|p1b: Kommo-o|spe|1
|-damage|p1b: Kommo-o|24/100
|
|-weather|Sandstorm|[upkeep]
|-damage|p2a: Hydreigon|50/100|[from] Sandstorm
|-heal|p1b: Kommo-o|30/100|[from] item: Leftovers
|-damage|p2b: Ursaluna|82/100 brn|[from] brn
|upkeep
|
|t:|1756824583
|switch|p1a: Incineroar|Incineroar, L50, M, tera:Ghost|44/100
|-ability|p1a: Incineroar|Intimidate|boost
|-unboost|p2a: Hydreigon|atk|1
|-unboost|p2b: Ursaluna|atk|1
|turn|5
|inactive|go to vr has 30 seconds left.
|inactive|go to vr has 20 seconds left.
|inactive|go to vr has 15 seconds left.
|inactive|go to vr has 10 seconds left.
|
|t:|1756824630
|switch|p2b: Incineroar|Incineroar, L50, F, shiny|94/100
|-ability|p2b: Incineroar|Intimidate|boost
|-unboost|p1a: Incineroar|atk|1
|-unboost|p1b: Kommo-o|atk|1
|move|p1b: Kommo-o|Protect|p1b: Kommo-o
|-singleturn|p1b: Kommo-o|Protect
|move|p1a: Incineroar|Fake Out|p2a: Hydreigon
|-damage|p2a: Hydreigon|43/100
|cant|p2a: Hydreigon|flinch
|
|-weather|none
|-heal|p1b: Kommo-o|36/100|[from] item: Leftovers
|-sideend|p2: go to vr|move: Tailwind
|upkeep
|turn|6
|
|t:|1756824650
|switch|p1b: Tyranitar|Tyranitar, L50, M|97/100
|-weather|Sandstorm|[from] ability: Sand Stream|[of] p1b: Tyranitar
|move|p2b: Incineroar|Fake Out|p1b: Tyranitar
|-resisted|p1b: Tyranitar
|-damage|p1b: Tyranitar|93/100
|move|p2a: Hydreigon|Tailwind|p2a: Hydreigon
|-sidestart|p2: go to vr|move: Tailwind
|move|p1a: Incineroar|Parting Shot|p2a: Hydreigon
|-unboost|p2a: Hydreigon|atk|1
|-unboost|p2a: Hydreigon|spa|1
|
|t:|1756824660
|switch|p1a: Kommo-o|Kommo-o, L50, M|36/100|[from] Parting Shot
|
|-weather|Sandstorm|[upkeep]
|-damage|p2a: Hydreigon|37/100|[from] Sandstorm
|-damage|p2b: Incineroar|88/100|[from] Sandstorm
|-heal|p1a: Kommo-o|41/100|[from] item: Leftovers
|upkeep
|turn|7
|inactive|go to vr has 30 seconds left.
|
|t:|1756824688
|move|p2a: Hydreigon|Protect|p2a: Hydreigon
|-singleturn|p2a: Hydreigon|Protect
|move|p1a: Kommo-o|Protect|p1a: Kommo-o
|-singleturn|p1a: Kommo-o|Protect
|move|p2b: Incineroar|Parting Shot|p1b: Tyranitar
|-unboost|p1b: Tyranitar|atk|1
|-unboost|p1b: Tyranitar|spa|1
|
|t:|1756824695
|switch|p2b: Ursaluna|Ursaluna, L50, M|82/100 brn|[from] Parting Shot
|move|p1b: Tyranitar|Rock Slide|p2a: Hydreigon|[spread] 
|-activate|p2a: Hydreigon|move: Protect
|-miss|p1b: Tyranitar|p2b: Ursaluna
|
|-weather|Sandstorm|[upkeep]
|-damage|p2a: Hydreigon|31/100|[from] Sandstorm
|-heal|p1a: Kommo-o|47/100|[from] item: Leftovers
|-damage|p2b: Ursaluna|76/100 brn|[from] brn
|upkeep
|turn|8
|
|t:|1756824716
|switch|p2a: Incineroar|Incineroar, L50, F, shiny|88/100
|-ability|p2a: Incineroar|Intimidate|boost
|-unboost|p1a: Kommo-o|atk|1
|-unboost|p1b: Tyranitar|atk|1
|switch|p1b: Incineroar|Incineroar, L50, M, tera:Ghost|44/100
|-ability|p1b: Incineroar|Intimidate|boost
|-unboost|p2a: Incineroar|atk|1
|-unboost|p2b: Ursaluna|atk|1
|move|p2b: Ursaluna|Earthquake|p1b: Incineroar|[spread] p2a,p1a,p1b
|-supereffective|p2a: Incineroar
|-damage|p2a: Incineroar|6/100
|-damage|p1a: Kommo-o|6/100
|-damage|p1b: Incineroar|5/100
|-enditem|p2a: Incineroar|Sitrus Berry|[eat]
|-heal|p2a: Incineroar|30/100|[from] item: Sitrus Berry
|move|p1a: Kommo-o|Clanging Scales|p2b: Ursaluna|[spread] p2a,p2b
|-damage|p2a: Incineroar|0 fnt
|-damage|p2b: Ursaluna|43/100 brn
|faint|p2a: Incineroar
|-unboost|p1a: Kommo-o|def|1
|
|-weather|Sandstorm|[upkeep]
|-heal|p1a: Kommo-o|11/100|[from] item: Leftovers
|-damage|p2b: Ursaluna|38/100 brn|[from] brn
|upkeep
|
|t:|1756824729
|switch|p2a: Gholdengo|Gholdengo, L50|100/100
|turn|9
|inactive|go to vr has 30 seconds left.
|
|t:|1756824762
|move|p1a: Kommo-o|Protect|p1a: Kommo-o
|-singleturn|p1a: Kommo-o|Protect
|move|p1b: Incineroar|Fake Out|p2b: Ursaluna
|-damage|p2b: Ursaluna|30/100 brn
|move|p2a: Gholdengo|Nasty Plot|p2a: Gholdengo
|-boost|p2a: Gholdengo|spa|2
|cant|p2b: Ursaluna|flinch
|
|-weather|Sandstorm|[upkeep]
|-heal|p1a: Kommo-o|17/100|[from] item: Leftovers
|-damage|p2b: Ursaluna|24/100 brn|[from] brn
|-sideend|p2: go to vr|move: Tailwind
|upkeep
|turn|10
|
|t:|1756824780
|move|p2b: Ursaluna|Protect|p2b: Ursaluna
|-singleturn|p2b: Ursaluna|Protect
|move|p2a: Gholdengo|Make It Rain|p1b: Incineroar|[spread] p1a,p1b
|-damage|p1a: Kommo-o|0 fnt
|-damage|p1b: Incineroar|0 fnt
|-unboost|p2a: Gholdengo|spa|1
|faint|p1a: Kommo-o
|faint|p1b: Incineroar
|
|-weather|none
|-damage|p2b: Ursaluna|18/100 brn|[from] brn
|upkeep
|
|t:|1756824785
|switch|p1b: Tyranitar|Tyranitar, L50, M|93/100
|-weather|Sandstorm|[from] ability: Sand Stream|[of] p1b: Tyranitar
|turn|11
|
|t:|1756824809
|-terastallize|p2a: Gholdengo|Water
|move|p2a: Gholdengo|Make It Rain|p1b: Tyranitar
|-supereffective|p1b: Tyranitar
|-damage|p1b: Tyranitar|0 fnt
|-unboost|p2a: Gholdengo|spa|1
|faint|p1b: Tyranitar
|
|win|go to vr
||TapuYolo VGC is ready for game 3.
|l|☆go to vr
|player|p2|
||go to vr is ready for game 3.
|uhtml|next|Next: Game 3 of 3
|j|☆go to vr
|player|p2|go to vr|colress|
