|j|☆noriaki kasai
|j|☆BattleAxe360
|html|noriaki kasaiBattleAxe360    
|uhtml|bestof|Game 2 of a best-of-3
|t:|1757240222
|gametype|doubles
|player|p1|noriaki kasai|swimmer-gen4dp|1295
|player|p2|BattleAxe360|101|1093
|gen|9
|tier|[Gen 9] VGC 2025 Reg H (Bo3)
|rated|
|rule|Species Clause: Limit one of each Pokémon
|rule|Item Clause: Limit 1 of each item
|clearpoke
|poke|p1|Annihilape, L50, F|
|poke|p1|Sinistcha, L50|
|poke|p1|Maushold-Four, L50|
|poke|p1|Klefki, L50, M|
|poke|p1|Ursaluna-Bloodmoon, L50, M|
|poke|p1|Ninetales-Alola, L50, F|
|poke|p2|Incineroar, L50, F|
|poke|p2|Gardevoir, L50, F|
|poke|p2|Garchomp, L50, M|
|poke|p2|Electabuzz, L50, F|
|poke|p2|Annihilape, L50, M|
|poke|p2|Grimmsnarl, L50, M|
|teampreview|4
|showteam|p1|Annihilape||Leftovers|Defiant|Protect,BulkUp,DrainPunch,RageFist|||F|||50|,,,,,Fire]Sinistcha||SitrusBerry|Hospitality|MatchaGotcha,TrickRoom,LifeDew,RagePowder||||||50|,,,,,Water]Maushold-Four||FocusSash|FriendGuard|FollowMe,Taunt,BeatUp,Protect||||||50|,,,,,Ghost]Klefki||LightClay|Prankster|Reflect,LightScreen,MistyTerrain,DazzlingGleam|||M|||50|,,,,,Ghost]Ursaluna-Bloodmoon||AssaultVest|MindsEye|BloodMoon,HyperVoice,EarthPower,VacuumWave|||M|||50|,,,,,Water]Ninetales-Alola||ChoiceSpecs|SnowWarning|Blizzard,IcyWind,FreezeDry,Moonblast|||F|||50|,,,,,Ghost
|showteam|p2|Incineroar||SafetyGoggles|Intimidate|FakeOut,KnockOff,FlareBlitz,PartingShot|||F|||50|,,,,,Ghost]Gardevoir||ChoiceScarf|Trace|Moonblast,DazzlingGleam,Psychic,IcyWind|||F|||50|,,,,,Fairy]Garchomp||CovertCloak|RoughSkin|Protect,DragonClaw,StompingTantrum,SwordsDance|||M|||50|,,,,,Ground]Electabuzz||Eviolite|VitalSpirit|Protect,FollowMe,Thunderbolt,Taunt|||F|||50|,,,,,Ghost]Annihilape||Leftovers|Defiant|Protect,DrainPunch,RageFist,BulkUp|||M|||50|,,,,,Water]Grimmsnarl||LightClay|Prankster|SpiritBreak,Reflect,LightScreen,ThunderWave|||M|||50|,,,,,Ghost
|inactive|Battle timer is ON: inactive players will automatically lose when time's up. (requested by noriaki kasai)
|
|t:|1757240239
|teamsize|p1|4
|teamsize|p2|4
|start
|switch|p1a: Klefki|Klefki, L50, M|100/100
|switch|p1b: Annihilape|Annihilape, L50, F, shiny|100/100
|switch|p2a: Gardevoir|Gardevoir, L50, F|100/100
|switch|p2b: Grimmsnarl|Grimmsnarl, L50, M|100/100
|-ability|p2a: Gardevoir|Prankster|Trace|[from] ability: Trace|[of] p1a: Klefki
|turn|1
|
|t:|1757240255
|-terastallize|p2a: Gardevoir|Fairy
|-terastallize|p1b: Annihilape|Fire
|move|p1a: Klefki|Misty Terrain|p1a: Klefki
|-fieldstart|move: Misty Terrain
|move|p2b: Grimmsnarl|Reflect|p2b: Grimmsnarl
|-sidestart|p2: BattleAxe360|Reflect
|move|p2a: Gardevoir|Moonblast|p1a: Klefki
|-resisted|p1a: Klefki
|-damage|p1a: Klefki|72/100
|move|p1b: Annihilape|Rage Fist|p2a: Gardevoir
|-damage|p2a: Gardevoir|75/100
|
|upkeep
|turn|2
|inactive|noriaki kasai has 30 seconds left.
|inactive|BattleAxe360 has 30 seconds left.
|inactive|noriaki kasai has 20 seconds left.
|inactive|BattleAxe360 has 20 seconds left.
|inactive|BattleAxe360 has 15 seconds left.
|inactive|BattleAxe360 has 10 seconds left.
|inactive|BattleAxe360 has 5 seconds left.
|
|t:|1757240315
|move|p1a: Klefki|Light Screen|p1a: Klefki
|-sidestart|p1: noriaki kasai|move: Light Screen
|move|p2a: Gardevoir|Moonblast|p1b: Annihilape
|-resisted|p1b: Annihilape
|-damage|p1b: Annihilape|81/100
|move|p1b: Annihilape|Bulk Up|p1b: Annihilape
|-boost|p1b: Annihilape|atk|1
|-boost|p1b: Annihilape|def|1
|move|p2b: Grimmsnarl|Spirit Break|p1a: Klefki
|-resisted|p1a: Klefki
|-damage|p1a: Klefki|57/100
|-unboost|p1a: Klefki|spa|1
|
|-heal|p1b: Annihilape|88/100|[from] item: Leftovers
|upkeep
|turn|3
|inactive|noriaki kasai has 30 seconds left.
|
|t:|1757240344
|move|p1a: Klefki|Reflect|p1a: Klefki
|-sidestart|p1: noriaki kasai|Reflect
|move|p2b: Grimmsnarl|Light Screen|p2b: Grimmsnarl
|-sidestart|p2: BattleAxe360|move: Light Screen
|move|p2a: Gardevoir|Moonblast|p1a: Klefki
|-resisted|p1a: Klefki
|-damage|p1a: Klefki|38/100
|move|p1b: Annihilape|Bulk Up|p1b: Annihilape
|-boost|p1b: Annihilape|atk|1
|-boost|p1b: Annihilape|def|1
|
|-heal|p1b: Annihilape|94/100|[from] item: Leftovers
|upkeep
|turn|4
|inactive|noriaki kasai has 30 seconds left.
|
|t:|1757240375
|switch|p2a: Electabuzz|Electabuzz, L50, F|100/100
|switch|p2b: Annihilape|Annihilape, L50, M|100/100
|move|p1b: Annihilape|Drain Punch|p2b: Annihilape
|-immune|p2b: Annihilape
|move|p1a: Klefki|Dazzling Gleam|p2b: Annihilape|[spread] p2a,p2b
|-supereffective|p2b: Annihilape
|-damage|p2a: Electabuzz|95/100
|-damage|p2b: Annihilape|88/100
|
|-heal|p1b: Annihilape|99/100|[from] item: Leftovers
|-heal|p2b: Annihilape|94/100|[from] item: Leftovers
|upkeep
|turn|5
|inactive|noriaki kasai has 30 seconds left.
|
|t:|1757240405
|switch|p1a: Ursaluna|Ursaluna-Bloodmoon, L50, M|100/100
|move|p2a: Electabuzz|Follow Me|p2a: Electabuzz
|-singleturn|p2a: Electabuzz|move: Follow Me
|move|p1b: Annihilape|Rage Fist|p2a: Electabuzz
|-damage|p2a: Electabuzz|46/100
|move|p2b: Annihilape|Bulk Up|p2b: Annihilape
|-boost|p2b: Annihilape|atk|1
|-boost|p2b: Annihilape|def|1
|
|-heal|p2b: Annihilape|100/100|[from] item: Leftovers
|-heal|p1b: Annihilape|100/100|[from] item: Leftovers
|-fieldend|Misty Terrain
|upkeep
|turn|6
|inactive|noriaki kasai has 30 seconds left.
|inactive|BattleAxe360 has 30 seconds left.
|inactive|noriaki kasai has 20 seconds left.
|
|t:|1757240443
|move|p2b: Annihilape|Protect|p2b: Annihilape
|-singleturn|p2b: Annihilape|Protect
|move|p2a: Electabuzz|Protect|p2a: Electabuzz
|-singleturn|p2a: Electabuzz|Protect
|move|p1b: Annihilape|Rage Fist|p2a: Electabuzz
|-activate|p2a: Electabuzz|move: Protect
|move|p1a: Ursaluna|Blood Moon|p2b: Annihilape
|-activate|p2b: Annihilape|move: Protect
|
|upkeep
|turn|7
|
|t:|1757240461
|move|p2a: Electabuzz|Follow Me|p2a: Electabuzz
|-singleturn|p2a: Electabuzz|move: Follow Me
|move|p1b: Annihilape|Bulk Up|p1b: Annihilape
|-boost|p1b: Annihilape|atk|1
|-boost|p1b: Annihilape|def|1
|move|p2b: Annihilape|Bulk Up|p2b: Annihilape
|-boost|p2b: Annihilape|atk|1
|-boost|p2b: Annihilape|def|1
|move|p1a: Ursaluna|Earth Power|p2a: Electabuzz
|-supereffective|p2a: Electabuzz
|-crit|p2a: Electabuzz
|-damage|p2a: Electabuzz|0 fnt
|faint|p2a: Electabuzz
|
|upkeep
|
|t:|1757240473
|switch|p2a: Gardevoir|Gardevoir, L50, F, tera:Fairy|75/100
|-ability|p2a: Gardevoir|Mind's Eye|Trace|[from] ability: Trace|[of] p1a: Ursaluna
|turn|8
|inactive|noriaki kasai has 30 seconds left.
|inactive|noriaki kasai has 20 seconds left.
|inactive|noriaki kasai has 15 seconds left.
|
|t:|1757240515
|move|p2a: Gardevoir|Moonblast|p1a: Ursaluna
|-damage|p1a: Ursaluna|75/100
|move|p1b: Annihilape|Rage Fist|p2b: Annihilape
|-supereffective|p2b: Annihilape
|-damage|p2b: Annihilape|26/100
|move|p2b: Annihilape|Drain Punch|p1a: Ursaluna
|-supereffective|p1a: Ursaluna
|-damage|p1a: Ursaluna|20/100
|-heal|p2b: Annihilape|58/100|[from] drain|[of] p1a: Ursaluna
|move|p1a: Ursaluna|Earth Power|p2b: Annihilape
|-damage|p2b: Annihilape|28/100
|
|-heal|p2b: Annihilape|35/100|[from] item: Leftovers
|-sideend|p2: BattleAxe360|Reflect
|upkeep
|turn|9
|inactive|noriaki kasai has 30 seconds left.
|
|t:|1757240543
|move|p1a: Ursaluna|Vacuum Wave|p2a: Gardevoir
|-resisted|p2a: Gardevoir
|-damage|p2a: Gardevoir|70/100
|move|p2a: Gardevoir|Moonblast|p1a: Ursaluna
|-damage|p1a: Ursaluna|0 fnt
|faint|p1a: Ursaluna
|move|p1b: Annihilape|Rage Fist|p2b: Annihilape
|-supereffective|p2b: Annihilape
|-damage|p2b: Annihilape|0 fnt
|faint|p2b: Annihilape
|
|-sideend|p1: noriaki kasai|move: Light Screen
|upkeep
|-message|BattleAxe360 forfeited.
|
|win|noriaki kasai
|raw|noriaki kasai's rating: 1295 → 1307(+12 for winning)
|raw|BattleAxe360's rating: 1093 → 1082(-11 for losing)
