|j|☆Pytonia
|j|☆tetris14
|html|Pytoniatetris14    
|uhtml|bestof|Game 2 of a best-of-3
|t:|1783540312
|gametype|doubles
|player|p1|Pytonia|lucian|1142
|player|p2|tetris14|brawly|1092
|gen|9
|tier|[Gen 9 Champions] VGC 2026 Reg M-B (Bo3)
|rated|
|rule|Species Clause: Limit one of each Pokémon
|rule|Item Clause: Limit 1 of each item
|clearpoke
|poke|p1|Meganium, L50, F|
|poke|p1|Lycanroc-Dusk, L50, F|
|poke|p1|Milotic, L50, F|
|poke|p1|Volcarona, L50, F|
|poke|p1|Corviknight, L50, M|
|poke|p1|Drampa, L50, F|
|poke|p2|Froslass, L50, F|
|poke|p2|Ninetales-Alola, L50, F|
|poke|p2|Toxapex, L50, F|
|poke|p2|Chandelure, L50, F|
|poke|p2|Archaludon, L50, M|
|poke|p2|Incineroar, L50, M|
|teampreview|4
|showteam|p1|Meganium||Meganiumite|LeafGuard|SolarBeam,DazzlingGleam,WeatherBall,Protect|Modest||F|||50|]Lycanroc-Dusk||FocusSash|ToughClaws|Accelerock,RockSlide,CloseCombat,Protect|Jolly||F|||50|]Milotic||Leftovers|Competitive|Scald,IcyWind,Recover,Protect|Bold||F|||50|]Volcarona||PasshoBerry|FlameBody|HeatWave,RagePowder,GigaDrain,Protect|Bold||F|||50|]Corviknight||SitrusBerry|MirrorArmor|BodyPress,IronHead,BulkUp,Protect|Careful||M|||50|]Drampa||Drampanite|CloudNine|EarthPower,HyperVoice,Roost,Protect|Quiet||F|||50|
|showteam|p2|Froslass||Froslassite|SnowCloak|ShadowBall,WillOWisp,Blizzard,Protect|Timid||F|||50|]Ninetales-Alola||LightClay|SnowWarning|AuroraVeil,Protect,Blizzard,Moonblast|Timid||F|||50|]Toxapex||SitrusBerry|Regenerator|BanefulBunker,Infestation,Recover,Liquidation|Relaxed||F|||50|]Chandelure||Chandelurite|FlashFire|HeatWave,EnergyBall,ShadowBall,Protect|Timid||F|||50|]Archaludon||Leftovers|Stamina|ElectroShot,FlashCannon,Protect,DragonPulse|Timid||M|||50|]Incineroar||BrightPowder|Intimidate|FakeOut,FlareBlitz,DarkestLariat,PartingShot|Adamant||M|||50|
|inactive|Battle timer is ON: inactive players will automatically lose when time's up. (requested by tetris14)
|inactive|Pytonia has 60 seconds left.
|inactive|tetris14 has 60 seconds left.
|
|t:|1783540370
|teamsize|p1|4
|teamsize|p2|4
|start
|switch|p1a: Lycanroc|Lycanroc-Dusk, L50, F|100/100
|switch|p1b: Milotic|Milotic, L50, F|100/100
|switch|p2a: Froslass|Froslass, L50, F|100/100
|switch|p2b: Chandelure|Chandelure, L50, F|100/100
|turn|1
|
|t:|1783540381
|detailschange|p2a: Froslass|Froslass-Mega, L50, F
|-mega|p2a: Froslass|Froslass|Froslassite
|-weather|Snowscape|[from] ability: Snow Warning|[of] p2a: Froslass
|move|p2b: Chandelure|Protect|p2b: Chandelure
|-singleturn|p2b: Chandelure|Protect
|move|p2a: Froslass|Will-O-Wisp|p1a: Lycanroc
|-status|p1a: Lycanroc|brn
|move|p1a: Lycanroc|Rock Slide|p2b: Chandelure|[spread] p2a
|-activate|p2b: Chandelure|move: Protect
|-supereffective|p2a: Froslass|1
|-damage|p2a: Froslass|77/100
|move|p1b: Milotic|Scald|p2b: Chandelure
|-activate|p2b: Chandelure|move: Protect
|
|-weather|Snowscape|[upkeep]
|-damage|p1a: Lycanroc|94/100 brn|[from] brn
|upkeep
|turn|2
|inactive|tetris14 has 30 seconds left.
|
|t:|1783540407
|move|p2a: Froslass|Shadow Ball|p1a: Lycanroc
|-damage|p1a: Lycanroc|35/100 brn
|move|p1a: Lycanroc|Rock Slide|p2a: Froslass|[spread] p2a,p2b
|-supereffective|p2a: Froslass|1
|-supereffective|p2b: Chandelure|1
|-damage|p2a: Froslass|51/100
|-damage|p2b: Chandelure|62/100
|move|p2b: Chandelure|Energy Ball|p1b: Milotic
|-supereffective|p1b: Milotic|1
|-damage|p1b: Milotic|44/100
|move|p1b: Milotic|Scald|p2b: Chandelure
|-supereffective|p2b: Chandelure|1
|-damage|p2b: Chandelure|0 fnt
|faint|p2b: Chandelure
|
|-weather|Snowscape|[upkeep]
|-heal|p1b: Milotic|51/100|[from] item: Leftovers
|-damage|p1a: Lycanroc|29/100 brn|[from] brn
|upkeep
|
|t:|1783540424
|switch|p2b: Toxapex|Toxapex, L50, F|100/100
|turn|3
|
|t:|1783540436
|switch|p1b: Drampa|Drampa, L50, F|100/100
|-ability|p1b: Drampa|Cloud Nine
|move|p2a: Froslass|Protect|p2a: Froslass
|-singleturn|p2a: Froslass|Protect
|move|p1a: Lycanroc|Accelerock|p2a: Froslass
|-activate|p2a: Froslass|move: Protect
|move|p2b: Toxapex|Infestation|p1b: Drampa
|-damage|p1b: Drampa|97/100
|-activate|p1b: Drampa|move: Infestation|[of] p2b: Toxapex
|
|-weather|Snowscape|[upkeep]
|-damage|p1a: Lycanroc|23/100 brn|[from] brn
|-damage|p1b: Drampa|84/100|[from] move: Infestation|[partiallytrapped]
|upkeep
|turn|4
|
|t:|1783540457
|switch|p2a: Incineroar|Incineroar, L50, M|100/100
|-ability|p2a: Incineroar|Intimidate|boost
|-unboost|p1a: Lycanroc|atk|1
|-unboost|p1b: Drampa|atk|1
|move|p1b: Drampa|Protect|p1b: Drampa
|-singleturn|p1b: Drampa|Protect
|move|p1a: Lycanroc|Accelerock|p2a: Incineroar
|-supereffective|p2a: Incineroar|1
|-damage|p2a: Incineroar|83/100
|move|p2b: Toxapex|Infestation|p1a: Lycanroc
|-crit|p1a: Lycanroc
|-damage|p1a: Lycanroc|16/100 brn
|-activate|p1a: Lycanroc|move: Infestation|[of] p2b: Toxapex
|
|-weather|Snowscape|[upkeep]
|-damage|p1a: Lycanroc|10/100 brn|[from] brn
|-damage|p1a: Lycanroc|0 fnt|[from] move: Infestation|[partiallytrapped]
|faint|p1a: Lycanroc
|-damage|p1b: Drampa|72/100|[from] move: Infestation|[partiallytrapped]
|upkeep
|
|t:|1783540460
|switch|p1a: Corviknight|Corviknight, L50, M|100/100
|turn|5
|
|t:|1783540473
|move|p2a: Incineroar|Fake Out|p1b: Drampa
|-damage|p1b: Drampa|59/100
|move|p1a: Corviknight|Bulk Up|p1a: Corviknight
|-boost|p1a: Corviknight|atk|1
|-boost|p1a: Corviknight|def|1
|cant|p1b: Drampa|flinch
|move|p2b: Toxapex|Infestation|p1a: Corviknight
|-resisted|p1a: Corviknight|2
|-damage|p1a: Corviknight|99/100
|-activate|p1a: Corviknight|move: Infestation|[of] p2b: Toxapex
|
|-weather|none
|-damage|p1a: Corviknight|86/100|[from] move: Infestation|[partiallytrapped]
|-damage|p1b: Drampa|47/100|[from] move: Infestation|[partiallytrapped]
|upkeep
|turn|6
|
|t:|1783540489
|move|p1a: Corviknight|Body Press|p2a: Incineroar
|-supereffective|p2a: Incineroar|1
|-damage|p2a: Incineroar|18/100
|move|p2a: Incineroar|Flare Blitz|p1a: Corviknight
|-supereffective|p1a: Corviknight|1
|-damage|p1a: Corviknight|20/100y
|-enditem|p1a: Corviknight|Sitrus Berry|[eat]
|-heal|p1a: Corviknight|45/100|[from] item: Sitrus Berry
|-damage|p2a: Incineroar|0 fnt|[from] Recoil
|faint|p2a: Incineroar
|move|p1b: Drampa|Earth Power|p2b: Toxapex
|-supereffective|p2b: Toxapex|1
|-damage|p2b: Toxapex|45/100
|-enditem|p2b: Toxapex|Sitrus Berry|[eat]
|-heal|p2b: Toxapex|70/100|[from] item: Sitrus Berry
|move|p2b: Toxapex|Liquidation|p1a: Corviknight
|-damage|p1a: Corviknight|31/100
|
|-damage|p1a: Corviknight|18/100|[from] move: Infestation|[partiallytrapped]
|-damage|p1b: Drampa|34/100|[from] move: Infestation|[partiallytrapped]
|upkeep
|
|t:|1783540503
|switch|p2a: Froslass|Froslass-Mega, L50, F|51/100
|-weather|Snowscape|[from] ability: Snow Warning|[of] p2a: Froslass
|turn|7
|
|t:|1783540523
|move|p2a: Froslass|Blizzard|p1a: Corviknight|[spread] p1a
|-miss|p2a: Froslass|p1b: Drampa
|-damage|p1a: Corviknight|0 fnt
|faint|p1a: Corviknight
|move|p1b: Drampa|Roost|p1b: Drampa
|-heal|p1b: Drampa|84/100
|-singleturn|p1b: Drampa|move: Roost
|move|p2b: Toxapex|Recover|p2b: Toxapex
|-heal|p2b: Toxapex|100/100
|
|-weather|Snowscape|[upkeep]
|-damage|p1b: Drampa|72/100|[from] move: Infestation|[partiallytrapped]
|upkeep
|
|t:|1783540526
|switch|p1a: Milotic|Milotic, L50, F|51/100
|turn|8
|
|t:|1783540533
|move|p2a: Froslass|Protect|p2a: Froslass
|-singleturn|p2a: Froslass|Protect
|move|p1b: Drampa|Protect|p1b: Drampa
|-singleturn|p1b: Drampa|Protect
|move|p1a: Milotic|Recover|p1a: Milotic
|-heal|p1a: Milotic|100/100
|move|p2b: Toxapex|Infestation|p1a: Milotic
|-damage|p1a: Milotic|97/100
|-activate|p1a: Milotic|move: Infestation|[of] p2b: Toxapex
|
|-weather|Snowscape|[upkeep]
|-heal|p1a: Milotic|100/100|[from] item: Leftovers
|-damage|p1a: Milotic|87/100|[from] move: Infestation|[partiallytrapped]
|-end|p1b: Drampa|Infestation|[partiallytrapped]
|upkeep
|turn|9
|
|t:|1783540549
|move|p2a: Froslass|Blizzard|p1b: Drampa|[spread] p1a,p1b
|-resisted|p1a: Milotic|1
|-supereffective|p1b: Drampa|1
|-damage|p1a: Milotic|73/100
|-damage|p1b: Drampa|0 fnt
|faint|p1b: Drampa
|move|p1a: Milotic|Scald|p2a: Froslass
|-damage|p2a: Froslass|23/100
|move|p2b: Toxapex|Liquidation|p1a: Milotic
|-resisted|p1a: Milotic|1
|-damage|p1a: Milotic|65/100
|-unboost|p1a: Milotic|def|1
|-ability|p1a: Milotic|Competitive|boost
|-boost|p1a: Milotic|spa|2
|
|-weather|Snowscape|[upkeep]
|-heal|p1a: Milotic|71/100|[from] item: Leftovers
|-damage|p1a: Milotic|58/100|[from] move: Infestation|[partiallytrapped]
|upkeep
|turn|10
|
|t:|1783540569
|move|p2a: Froslass|Will-O-Wisp|p1a: Milotic
|-status|p1a: Milotic|brn
|move|p1a: Milotic|Scald|p2a: Froslass
|-crit|p2a: Froslass
|-damage|p2a: Froslass|0 fnt
|faint|p2a: Froslass
|move|p2b: Toxapex|Liquidation|p1a: Milotic
|-resisted|p1a: Milotic|1
|-damage|p1a: Milotic|47/100 brn
|
|-weather|Snowscape|[upkeep]
|-heal|p1a: Milotic|54/100 brn|[from] item: Leftovers
|-damage|p1a: Milotic|47/100 brn|[from] brn
|-damage|p1a: Milotic|35/100 brn|[from] move: Infestation|[partiallytrapped]
|upkeep
|turn|11
|
|t:|1783540584
|move|p1a: Milotic|Recover|p1a: Milotic
|-heal|p1a: Milotic|85/100 brn
|move|p2b: Toxapex|Liquidation|p1a: Milotic
|-resisted|p1a: Milotic|1
|-damage|p1a: Milotic|72/100 brn
|
|-weather|none
|-heal|p1a: Milotic|79/100 brn|[from] item: Leftovers
|-damage|p1a: Milotic|72/100 brn|[from] brn
|-damage|p1a: Milotic|60/100 brn|[from] move: Infestation|[partiallytrapped]
|upkeep
|turn|12
|
|t:|1783540597
|move|p1a: Milotic|Scald|p2b: Toxapex
|-resisted|p2b: Toxapex|1
|-damage|p2b: Toxapex|74/100
|move|p2b: Toxapex|Liquidation|p1a: Milotic
|-resisted|p1a: Milotic|1
|-damage|p1a: Milotic|48/100 brn
|
|-heal|p1a: Milotic|54/100 brn|[from] item: Leftovers
|-damage|p1a: Milotic|48/100 brn|[from] brn
|-end|p1a: Milotic|Infestation|[partiallytrapped]
|upkeep
|turn|13
|
|t:|1783540608
|move|p1a: Milotic|Recover|p1a: Milotic
|-heal|p1a: Milotic|98/100 brn
|move|p2b: Toxapex|Infestation|p1a: Milotic
|-damage|p1a: Milotic|95/100 brn
|-activate|p1a: Milotic|move: Infestation|[of] p2b: Toxapex
|
|-heal|p1a: Milotic|100/100 brn|[from] item: Leftovers
|-damage|p1a: Milotic|93/100 brn|[from] brn
|-damage|p1a: Milotic|81/100 brn|[from] move: Infestation|[partiallytrapped]
|upkeep
|turn|14
|
|t:|1783540612
|move|p1a: Milotic|Scald|p2b: Toxapex
|-resisted|p2b: Toxapex|1
|-damage|p2b: Toxapex|50/100g
|move|p2b: Toxapex|Recover|p2b: Toxapex
|-heal|p2b: Toxapex|100/100
|
|-heal|p1a: Milotic|87/100 brn|[from] item: Leftovers
|-damage|p1a: Milotic|81/100 brn|[from] brn
|-damage|p1a: Milotic|68/100 brn|[from] move: Infestation|[partiallytrapped]
|upkeep
|turn|15
|
|t:|1783540619
|move|p1a: Milotic|Scald|p2b: Toxapex
|-resisted|p2b: Toxapex|1
|-damage|p2b: Toxapex|76/100
|-status|p2b: Toxapex|brn
|move|p2b: Toxapex|Liquidation|p1a: Milotic
|-resisted|p1a: Milotic|1
|-damage|p1a: Milotic|62/100 brn
|
|-heal|p1a: Milotic|68/100 brn|[from] item: Leftovers
|-damage|p1a: Milotic|62/100 brn|[from] brn
|-damage|p2b: Toxapex|70/100 brn|[from] brn
|-damage|p1a: Milotic|50/100y brn|[from] move: Infestation|[partiallytrapped]
|upkeep
|turn|16
|
|t:|1783540631
|move|p1a: Milotic|Recover|p1a: Milotic
|-heal|p1a: Milotic|100/100 brn
|move|p2b: Toxapex|Recover|p2b: Toxapex
|-heal|p2b: Toxapex|100/100 brn
|
|-damage|p1a: Milotic|93/100 brn|[from] brn
|-damage|p2b: Toxapex|94/100 brn|[from] brn
|-damage|p1a: Milotic|81/100 brn|[from] move: Infestation|[partiallytrapped]
|upkeep
|turn|17
|
|t:|1783540635
|move|p2b: Toxapex|Baneful Bunker|p2b: Toxapex
|-singleturn|p2b: Toxapex|move: Protect
|move|p1a: Milotic|Icy Wind|p2b: Toxapex
|-activate|p2b: Toxapex|move: Protect
|
|-heal|p1a: Milotic|87/100 brn|[from] item: Leftovers
|-damage|p1a: Milotic|81/100 brn|[from] brn
|-damage|p2b: Toxapex|88/100 brn|[from] brn
|-end|p1a: Milotic|Infestation|[partiallytrapped]
|upkeep
|turn|18
|
|t:|1783540642
|move|p1a: Milotic|Scald|p2b: Toxapex
|-resisted|p2b: Toxapex|1
|-damage|p2b: Toxapex|63/100 brn
|move|p2b: Toxapex|Liquidation|p1a: Milotic
|-resisted|p1a: Milotic|1
|-damage|p1a: Milotic|75/100 brn
|-unboost|p1a: Milotic|def|1
|-ability|p1a: Milotic|Competitive|boost
|-boost|p1a: Milotic|spa|2
|
|-heal|p1a: Milotic|81/100 brn|[from] item: Leftovers
|-damage|p1a: Milotic|75/100 brn|[from] brn
|-damage|p2b: Toxapex|57/100 brn|[from] brn
|upkeep
|turn|19
|
|t:|1783540650
|move|p1a: Milotic|Scald|p2b: Toxapex
|-resisted|p2b: Toxapex|1
|-damage|p2b: Toxapex|24/100 brn
|move|p2b: Toxapex|Recover|p2b: Toxapex
|-heal|p2b: Toxapex|74/100 brn
|
|-heal|p1a: Milotic|81/100 brn|[from] item: Leftovers
|-damage|p1a: Milotic|75/100 brn|[from] brn
|-damage|p2b: Toxapex|68/100 brn|[from] brn
|upkeep
|turn|20
|
|t:|1783540657
|move|p1a: Milotic|Scald|p2b: Toxapex
|-resisted|p2b: Toxapex|1
|-crit|p2b: Toxapex
|-damage|p2b: Toxapex|12/100 brn
|move|p2b: Toxapex|Recover|p2b: Toxapex
|-heal|p2b: Toxapex|62/100 brn
|
|-heal|p1a: Milotic|81/100 brn|[from] item: Leftovers
|-damage|p1a: Milotic|75/100 brn|[from] brn
|-damage|p2b: Toxapex|56/100 brn|[from] brn
|upkeep
|turn|21
|
|t:|1783540661
|move|p1a: Milotic|Scald|p2b: Toxapex
|-resisted|p2b: Toxapex|1
|-damage|p2b: Toxapex|17/100 brn
|move|p2b: Toxapex|Recover|p2b: Toxapex
|-heal|p2b: Toxapex|68/100 brn
|
|-heal|p1a: Milotic|81/100 brn|[from] item: Leftovers
|-damage|p1a: Milotic|75/100 brn|[from] brn
|-damage|p2b: Toxapex|62/100 brn|[from] brn
|upkeep
|turn|22
|
|t:|1783540667
|move|p1a: Milotic|Scald|p2b: Toxapex
|-resisted|p2b: Toxapex|1
|-damage|p2b: Toxapex|24/100 brn
|move|p2b: Toxapex|Recover|p2b: Toxapex
|-heal|p2b: Toxapex|74/100 brn
|
|-heal|p1a: Milotic|81/100 brn|[from] item: Leftovers
|-damage|p1a: Milotic|75/100 brn|[from] brn
|-damage|p2b: Toxapex|68/100 brn|[from] brn
|upkeep
|turn|23
|
|t:|1783540673
|move|p2b: Toxapex|Baneful Bunker|p2b: Toxapex
|-singleturn|p2b: Toxapex|move: Protect
|move|p1a: Milotic|Scald|p2b: Toxapex
|-activate|p2b: Toxapex|move: Protect
|
|-heal|p1a: Milotic|81/100 brn|[from] item: Leftovers
|-damage|p1a: Milotic|75/100 brn|[from] brn
|-damage|p2b: Toxapex|63/100 brn|[from] brn
|upkeep
|turn|24
|
|t:|1783540682
|move|p1a: Milotic|Icy Wind|p2b: Toxapex
|-resisted|p2b: Toxapex|1
|-damage|p2b: Toxapex|45/100 brn
|-unboost|p2b: Toxapex|spe|1
|move|p2b: Toxapex|Recover|p2b: Toxapex
|-heal|p2b: Toxapex|95/100 brn
|
|-heal|p1a: Milotic|81/100 brn|[from] item: Leftovers
|-damage|p1a: Milotic|75/100 brn|[from] brn
|-damage|p2b: Toxapex|89/100 brn|[from] brn
|upkeep
|turn|25
|
|t:|1783540689
|move|p1a: Milotic|Icy Wind|p2b: Toxapex
|-resisted|p2b: Toxapex|1
|-damage|p2b: Toxapex|71/100 brn
|-unboost|p2b: Toxapex|spe|1
|move|p2b: Toxapex|Infestation|p1a: Milotic
|-damage|p1a: Milotic|72/100 brn
|-activate|p1a: Milotic|move: Infestation|[of] p2b: Toxapex
|
|-heal|p1a: Milotic|78/100 brn|[from] item: Leftovers
|-damage|p1a: Milotic|72/100 brn|[from] brn
|-damage|p2b: Toxapex|66/100 brn|[from] brn
|-damage|p1a: Milotic|59/100 brn|[from] move: Infestation|[partiallytrapped]
|upkeep
|turn|26
|
|t:|1783540693
|move|p2b: Toxapex|Baneful Bunker|p2b: Toxapex
|-singleturn|p2b: Toxapex|move: Protect
|move|p1a: Milotic|Recover|p1a: Milotic
|-heal|p1a: Milotic|100/100 brn
|
|-damage|p1a: Milotic|93/100 brn|[from] brn
|-damage|p2b: Toxapex|60/100 brn|[from] brn
|-damage|p1a: Milotic|81/100 brn|[from] move: Infestation|[partiallytrapped]
|upkeep
|turn|27
|
|t:|1783540699
|move|p1a: Milotic|Scald|p2b: Toxapex
|-resisted|p2b: Toxapex|1
|-damage|p2b: Toxapex|22/100 brn
|move|p2b: Toxapex|Liquidation|p1a: Milotic
|-resisted|p1a: Milotic|1
|-damage|p1a: Milotic|72/100 brn
|
|-heal|p1a: Milotic|79/100 brn|[from] item: Leftovers
|-damage|p1a: Milotic|72/100 brn|[from] brn
|-damage|p2b: Toxapex|16/100 brn|[from] brn
|-damage|p1a: Milotic|60/100 brn|[from] move: Infestation|[partiallytrapped]
|upkeep
|turn|28
|
|t:|1783540702
|move|p2b: Toxapex|Baneful Bunker|p2b: Toxapex
|-singleturn|p2b: Toxapex|move: Protect
|move|p1a: Milotic|Icy Wind|p2b: Toxapex
|-activate|p2b: Toxapex|move: Protect
|
|-heal|p1a: Milotic|66/100 brn|[from] item: Leftovers
|-damage|p1a: Milotic|60/100 brn|[from] brn
|-damage|p2b: Toxapex|10/100 brn|[from] brn
|-damage|p1a: Milotic|47/100 brn|[from] move: Infestation|[partiallytrapped]
|upkeep
|turn|29
|
|t:|1783540705
|move|p1a: Milotic|Scald|p2b: Toxapex
|-resisted|p2b: Toxapex|1
|-damage|p2b: Toxapex|0 fnt
|faint|p2b: Toxapex
|
|win|Pytonia
|raw|Pytonia's rating: 1142 → 1163(+21 for winning)
|raw|tetris14's rating: 1092 → 1072(-20 for losing)
|c|☆tetris14|gg
|c|☆Pytonia|Wp
|l|☆tetris14
|player|p2|
