|j|☆phyloren22395
|j|☆starlight74
|html|phyloren22395starlight74    
|uhtml|bestof|Game 2 of a best-of-3
|t:|1784003084
|gametype|doubles
|player|p1|phyloren22395|swimmer-gen4dp|1188
|player|p2|starlight74|anabel-gen7|1313
|gen|9
|tier|[Gen 9 Champions] VGC 2026 Reg M-B (Bo3)
|rated|
|rule|Species Clause: Limit one of each Pokémon
|rule|Item Clause: Limit 1 of each item
|clearpoke
|poke|p1|Delphox, L50, M, shiny|
|poke|p1|Blastoise, L50, M, shiny|
|poke|p1|Incineroar, L50, M, shiny|
|poke|p1|Sneasler, L50, F, shiny|
|poke|p1|Sinistcha, L50|
|poke|p1|Kingambit, L50, F, shiny|
|poke|p2|Charizard, L50, F, shiny|
|poke|p2|Pelipper, L50, M|
|poke|p2|Archaludon, L50, F|
|poke|p2|Basculegion, L50, M|
|poke|p2|Grimmsnarl, L50, M, shiny|
|poke|p2|Annihilape, L50, F|
|teampreview|4
|showteam|p1|Delphox||Delphoxite|Blaze|HeatWave,Psyshock,NastyPlot,Protect|Modest||M|||50|]Blastoise||Blastoisinite|RainDish|WaterSpout,DarkPulse,ShellSmash,Protect|Modest||M|||50|]Incineroar||SitrusBerry|Intimidate|FlareBlitz,PartingShot,HelpingHand,FakeOut|Careful||M|||50|]Sneasler||FocusSash|PoisonTouch|CloseCombat,PoisonJab,FakeOut,QuickGuard|Jolly||F|||50|]Sinistcha||KasibBerry|Hospitality|RagePowder,MatchaGotcha,TrickRoom,Protect|Bold|||||50|]Kingambit||LifeOrb|Defiant|KowtowCleave,SuckerPunch,SwordsDance,Protect|Adamant||F|||50|
|showteam|p2|Charizard||CharizarditeY|Blaze|HeatWave,WeatherBall,SolarBeam,Protect|Modest||F|||50|]Pelipper||SitrusBerry|Drizzle|Hurricane,WeatherBall,Tailwind,WideGuard|Modest||M|||50|]Archaludon||Leftovers|Stamina|ElectroShot,DragonPulse,FlashCannon,Protect|Modest||F|||50|]Basculegion||ChoiceScarf|Adaptability|FlipTurn,WaveCrash,AquaJet,LastRespects|Jolly||M|||50|]Grimmsnarl||LightClay|Prankster|SpiritBreak,Reflect,LightScreen,PartingShot|Sassy||M|||50|]Annihilape||FocusSash|Defiant|CloseCombat,PhantomForce,RockTomb,Taunt|Jolly||F|||50|
|inactive|Battle timer is ON: inactive players will automatically lose when time's up. (requested by starlight74)
|
|t:|1784003099
|teamsize|p1|4
|teamsize|p2|4
|start
|switch|p1a: Blastoise|Blastoise, L50, M, shiny|100/100
|switch|p1b: Sneasler|Sneasler, L50, F, shiny|100/100
|switch|p2a: Annihilape|Annihilape, L50, F|100/100
|switch|p2b: Charizard|Charizard, L50, F, shiny|100/100
|turn|1
|
|t:|1784003119
|detailschange|p1a: Blastoise|Blastoise-Mega, L50, M, shiny
|-mega|p1a: Blastoise|Blastoise|Blastoisinite
|move|p2b: Charizard|Protect|p2b: Charizard
|-singleturn|p2b: Charizard|Protect
|move|p1b: Sneasler|Fake Out|p2b: Charizard
|-activate|p2b: Charizard|move: Protect
|move|p2a: Annihilape|Taunt|p1a: Blastoise
|-start|p1a: Blastoise|move: Taunt
|cant|p1a: Blastoise|move: Taunt|Shell Smash
|
|upkeep
|turn|2
|
|t:|1784003140
|switch|p1a: Sinistcha|Sinistcha, L50|100/100
|detailschange|p2b: Charizard|Charizard-Mega-Y, L50, F, shiny
|-mega|p2b: Charizard|Charizard|Charizardite Y
|-weather|SunnyDay|[from] ability: Drought|[of] p2b: Charizard
|move|p1b: Sneasler|Poison Jab|p2a: Annihilape
|-resisted|p2a: Annihilape|1
|-damage|p2a: Annihilape|74/100
|move|p2a: Annihilape|Close Combat|p1a: Sinistcha
|-immune|p1a: Sinistcha
|move|p2b: Charizard|Heat Wave|p1a: Sinistcha|[spread] p1a,p1b
|-supereffective|p1a: Sinistcha|1
|-damage|p1a: Sinistcha|0 fnt
|-damage|p1b: Sneasler|15/100
|faint|p1a: Sinistcha
|
|-weather|SunnyDay|[upkeep]
|upkeep
|
|t:|1784003154
|switch|p1a: Blastoise|Blastoise-Mega, L50, M, shiny|100/100
|turn|3
|c|☆phyloren22395|genuinely this team hard walls blastoise
|inactive|phyloren22395 has 30 seconds left.
|c|☆phyloren22395|im also cheeks so I  may not see the leads
|inactive|phyloren22395 has 20 seconds left.
|c|☆phyloren22395|but sheesh
|inactive|phyloren22395 has 15 seconds left.
|inactive|phyloren22395 has 10 seconds left.
|
|t:|1784003202
|move|p1b: Sneasler|Poison Jab|p2b: Charizard
|-damage|p2b: Charizard|56/100
|-status|p2b: Charizard|psn|[from] ability: Poison Touch|[of] p1b: Sneasler
|move|p2a: Annihilape|Close Combat|p1a: Blastoise
|-damage|p1a: Blastoise|38/100
|-unboost|p2a: Annihilape|def|1
|-unboost|p2a: Annihilape|spd|1
|move|p2b: Charizard|Heat Wave|p1b: Sneasler|[spread] p1a
|-miss|p2b: Charizard|p1b: Sneasler
|-resisted|p1a: Blastoise|1
|-damage|p1a: Blastoise|5/100
|move|p1a: Blastoise|Dark Pulse|p2a: Annihilape
|-damage|p2a: Annihilape|3/100
|
|-weather|SunnyDay|[upkeep]
|-damage|p2b: Charizard|43/100 psn|[from] psn
|upkeep
|turn|4
|inactive|phyloren22395 has 30 seconds left.
|
|t:|1784003231
|switch|p2a: Grimmsnarl|Grimmsnarl, L50, M, shiny|100/100
|move|p1a: Blastoise|Protect|p1a: Blastoise
|-singleturn|p1a: Blastoise|Protect
|move|p1b: Sneasler|Poison Jab|p2a: Grimmsnarl
|-supereffective|p2a: Grimmsnarl|1
|-damage|p2a: Grimmsnarl|15/100
|-status|p2a: Grimmsnarl|psn
|move|p2b: Charizard|Heat Wave|p1b: Sneasler|[spread] 
|-activate|p1a: Blastoise|move: Protect
|-miss|p2b: Charizard|p1b: Sneasler
|
|-weather|SunnyDay|[upkeep]
|-damage|p2b: Charizard|31/100 psn|[from] psn
|-damage|p2a: Grimmsnarl|2/100 psn|[from] psn
|upkeep
|turn|5
|
|t:|1784003251
|switch|p1a: Kingambit|Kingambit, L50, F, shiny|100/100
|move|p2a: Grimmsnarl|Reflect|p2a: Grimmsnarl
|-sidestart|p2: starlight74|Reflect
|move|p1b: Sneasler|Poison Jab|p2b: Charizard
|-damage|p2b: Charizard|1/100 psn
|move|p2b: Charizard|Heat Wave|p1a: Kingambit|[spread] p1a,p1b
|-supereffective|p1a: Kingambit|1
|-damage|p1a: Kingambit|1/100
|-damage|p1b: Sneasler|0 fnt
|faint|p1b: Sneasler
|
|-weather|SunnyDay|[upkeep]
|-damage|p2b: Charizard|0 fnt|[from] psn
|faint|p2b: Charizard
|-damage|p2a: Grimmsnarl|0 fnt|[from] psn
|faint|p2a: Grimmsnarl
|upkeep
|
|t:|1784003266
|switch|p1b: Blastoise|Blastoise-Mega, L50, M, shiny|5/100
|switch|p2b: Annihilape|Annihilape, L50, F|3/100
|switch|p2a: Basculegion|Basculegion, L50, M|100/100
|turn|6
|
|t:|1784003286
|move|p2a: Basculegion|Aqua Jet|p1b: Blastoise
|-resisted|p1b: Blastoise|1
|-damage|p1b: Blastoise|0 fnt
|faint|p1b: Blastoise
|move|p1a: Kingambit|Sucker Punch||[still]
|-fail|p1a: Kingambit
|move|p2b: Annihilape|Taunt|p1a: Kingambit
|-start|p1a: Kingambit|move: Taunt
|
|-weather|none
|upkeep
|turn|7
|
|t:|1784003294
|move|p2a: Basculegion|Aqua Jet|p1a: Kingambit
|-damage|p1a: Kingambit|0 fnt
|faint|p1a: Kingambit
|
|win|starlight74
|raw|phyloren22395's rating: 1188 → 1172(-16 for losing)
|raw|starlight74's rating: 1313 → 1326(+13 for winning)
