|j|☆todayistom
|j|☆simpleized
|html|todayistomsimpleized    
|uhtml|bestof|Game 1 of a best-of-3
|t:|1785977995
|gametype|doubles
|player|p1|todayistom|1|
|player|p2|simpleized|pokemonrangerf|
|gen|9
|tier|[Gen 9 Champions] VGC 2026 Reg M-B (Bo3)
|rule|Species Clause: Limit one of each Pokémon
|rule|Item Clause: Limit 1 of each item
|clearpoke
|poke|p1|Arcanine, L50, F|
|poke|p1|Eelektross, L50, F|
|poke|p1|Hippowdon, L50, F|
|poke|p1|Excadrill, L50, F, shiny|
|poke|p1|Blastoise, L50, M|
|poke|p1|Lopunny, L50, M|
|poke|p2|Azumarill, L50, M|
|poke|p2|Whimsicott, L50, F|
|poke|p2|Tsareena, L50, F|
|poke|p2|Delphox, L50, F|
|poke|p2|Leafeon, L50, F|
|poke|p2|Aurorus, L50, M|
|teampreview|4
|showteam|p1|Arcanine||SitrusBerry|Intimidate|Snarl,WillOWisp,HeatWave,Howl|Bold||F|||50|]Eelektross||Eelektrossite|Levitate|FlashCannon,Thunderbolt,Flamethrower,Protect|Timid||F|||50|]Hippowdon||Leftovers|SandStream|Yawn,Protect,HighHorsepower,SlackOff|Impish||F|||50|]Excadrill||Excadrite|SandRush|Earthquake,Protect,HighHorsepower,RockSlide|Adamant||F|||50|]Blastoise||MysticWater|Torrent|Haze,FakeOut,HydroCannon,Protect|Sassy||M|||50|]Lopunny||Lopunnite|CuteCharm|ThunderWave,FakeOut,HighJumpKick,FirePunch|Jolly||M|||50|
|showteam|p2|Azumarill||LifeOrb|HugePower|AquaJet,PlayRough,Liquidation,Protect|Adamant||M|||50|]Whimsicott||OccaBerry|Prankster|Moonblast,HelpingHand,Tailwind,SunnyDay|Bold||F|||50|]Tsareena||SitrusBerry|QueenlyMajesty|TropKick,Protect,KnockOff,HelpingHand|Adamant||F|||50|]Delphox||Delphoxite|Blaze|HeatWave,Psychic,Protect,ScorchingSands|Modest||F|||50|]Leafeon||FocusSash|Chlorophyll|LeafBlade,Protect,Yawn,FakeTears|Adamant||F|||50|]Aurorus||ChoiceScarf|SnowWarning|Blizzard,IceBeam,WeatherBall,AncientPower|Modest||M|||50|
|inactive|Battle timer is ON: inactive players will automatically lose when time's up. (requested by todayistom)
|
|t:|1785978030
|teamsize|p1|4
|teamsize|p2|4
|start
|switch|p1a: Eelektross|Eelektross, L50, F|100/100
|switch|p1b: Excadrill|Excadrill, L50, F, shiny|100/100
|switch|p2a: Delphox|Delphox, L50, F|100/100
|switch|p2b: Whimsicott|Whimsicott, L50, F|100/100
|turn|1
|inactive|todayistom has 30 seconds left.
|inactive|simpleized has 30 seconds left.
|
|t:|1785978060
|move|p2a: Delphox|Protect|p2a: Delphox
|-singleturn|p2a: Delphox|Protect
|move|p2b: Whimsicott|Sunny Day|p2b: Whimsicott
|-weather|SunnyDay
|move|p1b: Excadrill|Earthquake|p2b: Whimsicott|[spread] p2b
|-activate|p2a: Delphox|move: Protect
|-immune|p1a: Eelektross|[from] ability: Levitate
|-resisted|p2b: Whimsicott|1
|-damage|p2b: Whimsicott|83/100
|move|p1a: Eelektross|Flamethrower|p2b: Whimsicott
|-supereffective|p2b: Whimsicott|1
|-enditem|p2b: Whimsicott|Occa Berry|[eat]
|-enditem|p2b: Whimsicott|Occa Berry|[weaken]
|-damage|p2b: Whimsicott|25/100
|
|-weather|SunnyDay|[upkeep]
|upkeep
|turn|2
|inactive|todayistom has 30 seconds left.
|inactive|todayistom has 20 seconds left.
|inactive|todayistom has 15 seconds left.
|
|t:|1785978101
|detailschange|p2a: Delphox|Delphox-Mega, L50, F
|-mega|p2a: Delphox|Delphox|Delphoxite
|move|p2b: Whimsicott|Tailwind|p2b: Whimsicott
|-sidestart|p2: simpleized|move: Tailwind
|move|p2a: Delphox|Heat Wave|p1b: Excadrill|[spread] p1b
|-miss|p2a: Delphox|p1a: Eelektross
|-supereffective|p1b: Excadrill|1
|-damage|p1b: Excadrill|0 fnt
|faint|p1b: Excadrill
|move|p1a: Eelektross|Flamethrower|p2b: Whimsicott
|-supereffective|p2b: Whimsicott|1
|-damage|p2b: Whimsicott|0 fnt
|faint|p2b: Whimsicott
|
|-weather|SunnyDay|[upkeep]
|upkeep
|j| Urstepslowbro
|
|t:|1785978116
|switch|p2b: Tsareena|Tsareena, L50, F|100/100
|switch|p1b: Arcanine|Arcanine, L50, F|100/100
|-ability|p1b: Arcanine|Intimidate|boost
|-unboost|p2a: Delphox|atk|1
|-unboost|p2b: Tsareena|atk|1
|turn|3
|
|t:|1785978128
|move|p2b: Tsareena|Helping Hand|p2a: Delphox
|-singleturn|p2a: Delphox|Helping Hand|[of] p2b: Tsareena
|move|p2a: Delphox|Scorching Sands|p1b: Arcanine
|-supereffective|p1b: Arcanine|1
|-damage|p1b: Arcanine|14/100
|-enditem|p1b: Arcanine|Sitrus Berry|[eat]
|-heal|p1b: Arcanine|39/100|[from] item: Sitrus Berry
|move|p1b: Arcanine|Snarl|p2b: Tsareena|[spread] p2a,p2b
|-supereffective|p2a: Delphox|1
|-damage|p2a: Delphox|82/100
|-damage|p2b: Tsareena|90/100
|-unboost|p2a: Delphox|spa|1
|-unboost|p2b: Tsareena|spa|1
|move|p1a: Eelektross|Flamethrower|p2b: Tsareena
|-supereffective|p2b: Tsareena|1
|-damage|p2b: Tsareena|13/100
|-enditem|p2b: Tsareena|Sitrus Berry|[eat]
|-heal|p2b: Tsareena|37/100|[from] item: Sitrus Berry
|
|-weather|SunnyDay|[upkeep]
|upkeep
|turn|4
|inactive|todayistom has 30 seconds left.
|
|t:|1785978159
|detailschange|p1a: Eelektross|Eelektross-Mega, L50, F
|-mega|p1a: Eelektross|Eelektross|Eelektrossite
|move|p2b: Tsareena|Protect|p2b: Tsareena
|-singleturn|p2b: Tsareena|Protect
|move|p2a: Delphox|Scorching Sands|p1b: Arcanine
|-supereffective|p1b: Arcanine|1
|-damage|p1b: Arcanine|0 fnt
|faint|p1b: Arcanine
|move|p1a: Eelektross|Flamethrower|p2b: Tsareena
|-activate|p2b: Tsareena|move: Protect
|
|-weather|SunnyDay|[upkeep]
|upkeep
|
|t:|1785978161
|switch|p1b: Hippowdon|Hippowdon, L50, F|100/100
|-weather|Sandstorm|[from] ability: Sand Stream|[of] p1b: Hippowdon
|turn|5
|inactive|simpleized has 30 seconds left.
|
|t:|1785978194
|move|p2a: Delphox|Protect|p2a: Delphox
|-singleturn|p2a: Delphox|Protect
|move|p2b: Tsareena|Trop Kick|p1b: Hippowdon
|-supereffective|p1b: Hippowdon|1
|-damage|p1b: Hippowdon|66/100
|-unboost|p1b: Hippowdon|atk|1
|move|p1a: Eelektross|Flamethrower|p2b: Tsareena
|-supereffective|p2b: Tsareena|1
|-damage|p2b: Tsareena|0 fnt
|faint|p2b: Tsareena
|-ability|p1a: Eelektross|Eelevate|boost
|-boost|p1a: Eelektross|spa|1
|move|p1b: Hippowdon|Yawn|p2a: Delphox
|-activate|p2a: Delphox|move: Protect
|
|-weather|Sandstorm|[upkeep]
|-damage|p2a: Delphox|76/100|[from] Sandstorm
|-damage|p1a: Eelektross|93/100|[from] Sandstorm
|-heal|p1b: Hippowdon|72/100|[from] item: Leftovers
|-sideend|p2: simpleized|move: Tailwind
|upkeep
|
|t:|1785978214
|switch|p2b: Azumarill|Azumarill, L50, M|100/100
|turn|6
|
|t:|1785978235
|move|p2a: Delphox|Heat Wave|p1a: Eelektross|[spread] p1a
|-miss|p2a: Delphox|p1b: Hippowdon
|-damage|p1a: Eelektross|56/100
|move|p1a: Eelektross|Thunderbolt|p2a: Delphox
|-damage|p2a: Delphox|8/100
|move|p2b: Azumarill|Liquidation|p1b: Hippowdon
|-supereffective|p1b: Hippowdon|1
|-damage|p1b: Hippowdon|0 fnt
|faint|p1b: Hippowdon
|-damage|p2b: Azumarill|90/100|[from] item: Life Orb
|
|-weather|Sandstorm|[upkeep]
|-damage|p2a: Delphox|3/100|[from] Sandstorm
|-damage|p1a: Eelektross|50/100g|[from] Sandstorm
|-damage|p2b: Azumarill|84/100|[from] Sandstorm
|upkeep
|turn|7
|
|t:|1785978257
|move|p1a: Eelektross|Protect|p1a: Eelektross
|-singleturn|p1a: Eelektross|Protect
|move|p2a: Delphox|Psychic|p1a: Eelektross
|-activate|p1a: Eelektross|move: Protect
|move|p2b: Azumarill|Liquidation|p1a: Eelektross
|-activate|p1a: Eelektross|move: Protect
|
|-weather|Sandstorm|[upkeep]
|-damage|p2a: Delphox|0 fnt|[from] Sandstorm
|-damage|p1a: Eelektross|44/100|[from] Sandstorm
|-damage|p2b: Azumarill|78/100|[from] Sandstorm
|faint|p2a: Delphox
|upkeep
|turn|8
|
|t:|1785978278
|move|p2b: Azumarill|Protect|p2b: Azumarill
|-singleturn|p2b: Azumarill|Protect
|move|p1a: Eelektross|Thunderbolt|p2b: Azumarill
|-activate|p2b: Azumarill|move: Protect
|
|-weather|Sandstorm|[upkeep]
|-damage|p1a: Eelektross|37/100|[from] Sandstorm
|-damage|p2b: Azumarill|72/100|[from] Sandstorm
|upkeep
|turn|9
|c|☆todayistom|bro i actually forgot to mega turn 1
|c|☆todayistom|my eelektross would be x2 rn
|
|t:|1785978296
|move|p2b: Azumarill|Aqua Jet|p1a: Eelektross
|-damage|p1a: Eelektross|0 fnt
|faint|p1a: Eelektross
|-damage|p2b: Azumarill|62/100|[from] item: Life Orb
|
|win|simpleized
||todayistom is ready for game 2.
|inactive|simpleized has 30 seconds to confirm battle start!
|l|☆simpleized
|player|p2|
|inactive|simpleized has 20 seconds to confirm battle start!
|c|☆todayistom|ready
|inactive|simpleized has 10 seconds to confirm battle start!
|uhtml|next|Next: Game 2 of 3
|l|☆todayistom
|player|p1|
