|j|â˜†joshmurr
|j|â˜†ApollotheMarvelous
|html|joshmurrApollotheMarvelous    
|uhtml|bestof|Game 3 of a best-of-3
|t:|1757903103
|gametype|doubles
|player|p1|joshmurr|rancher|1053
|player|p2|ApollotheMarvelous|guitarist-gen4|1049
|gen|9
|tier|[Gen 9] VGC 2025 Reg H (Bo3)
|rated|
|rule|Species Clause: Limit one of each PokÃ©mon
|rule|Item Clause: Limit 1 of each item
|clearpoke
|poke|p1|Corviknight, L50, F|
|poke|p1|Volcarona, L50, F|
|poke|p1|Conkeldurr, L50, F|
|poke|p1|Farigiraf, L50, M|
|poke|p1|Amoonguss, L50, F|
|poke|p1|Kingambit, L50, M|
|poke|p2|Blaziken, L50, F|
|poke|p2|Torkoal, L50, F|
|poke|p2|Hatterene, L50, F|
|poke|p2|Indeedee-F, L50, F|
|poke|p2|Jumpluff, L50, F|
|poke|p2|Ursaluna, L50, F|
|teampreview|4
|showteam|p1|Corviknight||SitrusBerry|MirrorArmor|Roost,BodyPress,BraveBird,IronDefense|||F|||50|,,,,,Fighting]Volcarona||SafetyGoggles|FlameBody|QuiverDance,Protect,HeatWave,RagePowder|||F|||50|,,,,,Dragon]Conkeldurr||FlameOrb|Guts|DrainPunch,MachPunch,KnockOff,Detect|||F|||50|,,,,,Dark]Farigiraf||MentalHerb|ArmorTail|FoulPlay,TrickRoom,Protect,HelpingHand|||M|||50|,,,,,Fairy]Amoonguss||Leftovers|Regenerator|Spore,RagePowder,PollenPuff,Protect|||F|||50|,,,,,Water]Kingambit||FocusSash|Defiant|SuckerPunch,IronHead,SwordsDance,Protect|||M|||50|,,,,,Ghost
|showteam|p2|Blaziken||FocusSash|SpeedBoost|FlareBlitz,CloseCombat,Coaching,Protect|||F|||50|,,,,,Fighting]Torkoal||Charcoal|Drought|Eruption,HeatWave,BodyPress,Protect|||F|||50|,,,,,Fire]Hatterene||LifeOrb|MagicBounce|ExpandingForce,DazzlingGleam,GigaDrain,TrickRoom|||F|||50|,,,,,Normal]Indeedee-F||PsychicSeed|PsychicSurge|ShadowBall,FollowMe,HelpingHand,TrickRoom|||F|||50|,,,,,Fairy]Jumpluff||CovertCloak|Chlorophyll|SleepPowder,Tailwind,Encore,RagePowder|||F|||50|,,,,,Water]Ursaluna||FlameOrb|Guts|HeadlongRush,Earthquake,Facade,Protect|||F|||50|,,,,,Normal
|
|t:|1757903170
|teamsize|p1|4
|teamsize|p2|4
|start
|switch|p1a: Volcarona|Volcarona, L50, F|100/100
|switch|p1b: Amoonguss|Amoonguss, L50, F|100/100
|switch|p2a: Hatterene|Hatterene, L50, F|100/100
|switch|p2b: Torkoal|Torkoal, L50, F|100/100
|-weather|SunnyDay|[from] ability: Drought|[of] p2b: Torkoal
|turn|1
|
|t:|1757903195
|switch|p2b: Jumpluff|Jumpluff, L50, F|100/100
|move|p1a: Volcarona|Quiver Dance|p1a: Volcarona
|-boost|p1a: Volcarona|spa|1
|-boost|p1a: Volcarona|spd|1
|-boost|p1a: Volcarona|spe|1
|move|p1b: Amoonguss|Spore|p2b: Jumpluff
|-immune|p2b: Jumpluff
|move|p2a: Hatterene|Expanding Force|p1b: Amoonguss
|-supereffective|p1b: Amoonguss
|-damage|p1b: Amoonguss|0 fnt
|faint|p1b: Amoonguss
|-damage|p2a: Hatterene|91/100|[from] item: Life Orb
|
|-weather|SunnyDay|[upkeep]
|upkeep
|
|t:|1757903209
|switch|p1b: Conkeldurr|Conkeldurr, L50, F|100/100
|turn|2
|
|t:|1757903229
|move|p2b: Jumpluff|Encore|p1a: Volcarona
|-start|p1a: Volcarona|Encore
|move|p1a: Volcarona|Quiver Dance|p1a: Volcarona
|-boost|p1a: Volcarona|spa|1
|-boost|p1a: Volcarona|spd|1
|-boost|p1a: Volcarona|spe|1
|move|p1b: Conkeldurr|Knock Off|p2a: Hatterene
|-damage|p2a: Hatterene|46/100
|-enditem|p2a: Hatterene|Life Orb|[from] move: Knock Off|[of] p1b: Conkeldurr
|move|p2a: Hatterene|Dazzling Gleam|p1b: Conkeldurr|[spread] p1a,p1b
|-resisted|p1a: Volcarona
|-supereffective|p1b: Conkeldurr
|-damage|p1a: Volcarona|93/100
|-damage|p1b: Conkeldurr|25/100
|
|-weather|SunnyDay|[upkeep]
|-status|p1b: Conkeldurr|brn|[from] item: Flame Orb
|upkeep
|turn|3
|
|t:|1757903281
|switch|p1b: Kingambit|Kingambit, L50, M|100/100
|switch|p2a: Blaziken|Blaziken, L50, F|100/100
|move|p2b: Jumpluff|Sleep Powder|p1b: Kingambit
|-status|p1b: Kingambit|slp|[from] move: Sleep Powder
|move|p1a: Volcarona|Quiver Dance|p1a: Volcarona
|-boost|p1a: Volcarona|spa|1
|-boost|p1a: Volcarona|spd|1
|-boost|p1a: Volcarona|spe|1
|
|-weather|SunnyDay|[upkeep]
|upkeep
|turn|4
|
|t:|1757903303
|switch|p2b: Hatterene|Hatterene, L50, F|46/100
|-terastallize|p1a: Volcarona|Dragon
|move|p1a: Volcarona|Quiver Dance|p1a: Volcarona
|-boost|p1a: Volcarona|spa|1
|-boost|p1a: Volcarona|spd|1
|-boost|p1a: Volcarona|spe|1
|move|p2a: Blaziken|Close Combat|p1a: Volcarona
|-damage|p1a: Volcarona|1/100
|-unboost|p2a: Blaziken|def|1
|-unboost|p2a: Blaziken|spd|1
|cant|p1b: Kingambit|slp
|
|-weather|SunnyDay|[upkeep]
|-end|p1a: Volcarona|Encore
|-ability|p2a: Blaziken|Speed Boost|boost
|-boost|p2a: Blaziken|spe|1
|upkeep
|turn|5
|
|t:|1757903351
|switch|p2b: Jumpluff|Jumpluff, L50, F|100/100
|move|p1a: Volcarona|Protect|p1a: Volcarona
|-singleturn|p1a: Volcarona|Protect
|-curestatus|p1b: Kingambit|slp|[msg]
|move|p1b: Kingambit|Sucker Punch|p2a: Blaziken
|-resisted|p2a: Blaziken
|-damage|p2a: Blaziken|56/100
|move|p2a: Blaziken|Close Combat|p1a: Volcarona
|-activate|p1a: Volcarona|move: Protect
|
|-weather|none
|-ability|p2a: Blaziken|Speed Boost|boost
|-boost|p2a: Blaziken|spe|1
|upkeep
|turn|6
|
|t:|1757903389
|-terastallize|p2b: Jumpluff|Water
|move|p2a: Blaziken|Protect|p2a: Blaziken
|-singleturn|p2a: Blaziken|Protect
|move|p1a: Volcarona|Heat Wave|p2b: Jumpluff|[spread] p2b
|-activate|p2a: Blaziken|move: Protect
|-resisted|p2b: Jumpluff
|-damage|p2b: Jumpluff|37/100
|move|p2b: Jumpluff|Tailwind|p2b: Jumpluff
|-sidestart|p2: ApollotheMarvelous|move: Tailwind
|move|p1b: Kingambit|Iron Head|p2b: Jumpluff
|-resisted|p2b: Jumpluff
|-damage|p2b: Jumpluff|13/100
|
|-ability|p2a: Blaziken|Speed Boost|boost
|-boost|p2a: Blaziken|spe|1
|upkeep
|turn|7
|
|t:|1757903422
|move|p1b: Kingambit|Sucker Punch|p2a: Blaziken
|-resisted|p2a: Blaziken
|-damage|p2a: Blaziken|10/100
|move|p2a: Blaziken|Close Combat|p1a: Volcarona
|-damage|p1a: Volcarona|0 fnt
|-unboost|p2a: Blaziken|def|1
|-unboost|p2a: Blaziken|spd|1
|faint|p1a: Volcarona
|move|p2b: Jumpluff|Sleep Powder|p1b: Kingambit
|-status|p1b: Kingambit|slp|[from] move: Sleep Powder
|
|-ability|p2a: Blaziken|Speed Boost|boost
|-boost|p2a: Blaziken|spe|1
|upkeep
|
|t:|1757903427
|switch|p1a: Conkeldurr|Conkeldurr, L50, F|25/100 brn
|turn|8
|
|t:|1757903461
|move|p2b: Jumpluff|Rage Powder|p2b: Jumpluff
|-singleturn|p2b: Jumpluff|move: Rage Powder
|cant|p1b: Kingambit|slp
|move|p1a: Conkeldurr|Mach Punch|p2b: Jumpluff
|-damage|p2b: Jumpluff|0 fnt
|faint|p2b: Jumpluff
|move|p2a: Blaziken|Close Combat|p1a: Conkeldurr
|-damage|p1a: Conkeldurr|0 fnt
|-unboost|p2a: Blaziken|def|1
|-unboost|p2a: Blaziken|spd|1
|faint|p1a: Conkeldurr
|
|-ability|p2a: Blaziken|Speed Boost|boost
|-boost|p2a: Blaziken|spe|1
|upkeep
|
|t:|1757903474
|switch|p2b: Torkoal|Torkoal, L50, F|100/100
|-weather|SunnyDay|[from] ability: Drought|[of] p2b: Torkoal
|turn|9
|
|t:|1757903484
|cant|p1b: Kingambit|slp
|move|p2a: Blaziken|Close Combat|p1b: Kingambit
|-supereffective|p1b: Kingambit
|-enditem|p1b: Kingambit|Focus Sash
|-damage|p1b: Kingambit|1/100 slp
|-unboost|p2a: Blaziken|def|1
|-unboost|p2a: Blaziken|spd|1
|move|p2b: Torkoal|Eruption|p1b: Kingambit
|-supereffective|p1b: Kingambit
|-crit|p1b: Kingambit
|-damage|p1b: Kingambit|0 fnt
|faint|p1b: Kingambit
|
|win|ApollotheMarvelous
|raw|joshmurr's rating: 1053 → 1035(-18 for losing)
|raw|ApollotheMarvelous's rating: 1049 → 1082(+33 for winning)
|l|â˜†joshmurr
|player|p1|
|c|â˜†ApollotheMarvelous|Gg! Insanely well played
