|j|☆MazapanAzteca
|j|☆Garmas
|html|MazapanAztecaGarmas    
|uhtml|bestof|Game 1 of a best-of-3
|t:|1756174177
|gametype|doubles
|player|p1|MazapanAzteca|ingo|1203
|player|p2|Garmas|ethan|1125
|gen|9
|tier|[Gen 9] VGC 2025 Reg H (Bo3)
|rated|
|rule|Species Clause: Limit one of each Pokémon
|rule|Item Clause: Limit 1 of each item
|clearpoke
|poke|p1|Kommo-o, L50, F|
|poke|p1|Gholdengo, L50|
|poke|p1|Sneasler, L50, F|
|poke|p1|Rillaboom, L50, F|
|poke|p1|Dondozo, L50, M|
|poke|p1|Electabuzz, L50, M|
|poke|p2|Tyranitar, L50, F|
|poke|p2|Garchomp, L50, M|
|poke|p2|Indeedee-F, L50, F|
|poke|p2|Amoonguss, L50, M|
|poke|p2|Excadrill, L50, M|
|poke|p2|Gyarados, L50, F|
|teampreview|4
|showteam|p1|Kommo-o||ThroatSpray|Soundproof|ClangingScales,Flamethrower,Protect,ClangorousSoul|||F|||50|,,,,,Fire]Gholdengo||ChoiceSpecs|GoodasGold|MakeItRain,ShadowBall,PowerGem,Trick||||||50|,,,,,Steel]Sneasler||FocusSash|Unburden|CloseCombat,DireClaw,Protect,FakeOut|||F|||50|,,,,,Stellar]Rillaboom||AssaultVest|GrassySurge|WoodHammer,GrassyGlide,HighHorsepower,FakeOut|||F|||50|,,,,,Water]Dondozo||Leftovers|Unaware|WaveCrash,Yawn,Protect,Fissure|||M|||50|,,,,,Bug]Electabuzz||Eviolite|VitalSpirit|Electroweb,FollowMe,Protect,HelpingHand|||M|||50|,,,,,Dragon
|showteam|p2|Tyranitar||ClearAmulet|SandStream|DragonDance,RockSlide,KnockOff,Protect|||F|||50|,,,,,Dragon]Garchomp||LifeOrb|SandVeil|SwordsDance,RockSlide,DragonClaw,Earthquake|||M|||50|,,,,,Steel]Indeedee-F||Leftovers|PsychicSurge|Psychic,FollowMe,TrickRoom,HelpingHand|||F|||50|,,,,,Psychic]Amoonguss||SitrusBerry|Regenerator|Spore,RagePowder,PollenPuff,Protect|||M|||50|,,,,,Water]Excadrill||ChoiceBand|SandRush|IronHead,HighHorsepower,RockSlide,XScissor|||M|||50|,,,,,Ghost]Gyarados||CovertCloak|Intimidate|Taunt,ThunderWave,Waterfall,Protect|||F|||50|,,,,,Ground
|
|t:|1756174246
|teamsize|p1|4
|teamsize|p2|4
|start
|switch|p1a: Kommo-o|Kommo-o, L50, F|100/100
|switch|p1b: Sneasler|Sneasler, L50, F|100/100
|switch|p2a: Excadrill|Excadrill, L50, M|100/100
|switch|p2b: Gyarados|Gyarados, L50, F|100/100
|-ability|p2b: Gyarados|Intimidate|boost
|-unboost|p1a: Kommo-o|atk|1
|-unboost|p1b: Sneasler|atk|1
|turn|1
|
|t:|1756174264
|switch|p2b: Tyranitar|Tyranitar, L50, F|100/100
|-weather|Sandstorm|[from] ability: Sand Stream|[of] p2b: Tyranitar
|-terastallize|p2a: Excadrill|Ghost
|move|p2a: Excadrill|High Horsepower|p1b: Sneasler
|-supereffective|p1b: Sneasler
|-enditem|p1b: Sneasler|Focus Sash
|-damage|p1b: Sneasler|1/100
|move|p1b: Sneasler|Close Combat|p2a: Excadrill
|-immune|p2a: Excadrill
|move|p1a: Kommo-o|Clanging Scales|p2b: Tyranitar|[spread] p2a,p2b
|-damage|p2a: Excadrill|56/100
|-damage|p2b: Tyranitar|74/100
|-unboost|p1a: Kommo-o|def|1
|-enditem|p1a: Kommo-o|Throat Spray
|-boost|p1a: Kommo-o|spa|1|[from] item: Throat Spray
|
|-weather|Sandstorm|[upkeep]
|-damage|p1b: Sneasler|0 fnt|[from] Sandstorm
|-damage|p1a: Kommo-o|95/100|[from] Sandstorm
|faint|p1b: Sneasler
|upkeep
|
|t:|1756174285
|switch|p1b: Rillaboom|Rillaboom, L50, F|100/100
|-fieldstart|move: Grassy Terrain|[from] ability: Grassy Surge|[of] p1b: Rillaboom
|turn|2
|
|t:|1756174304
|switch|p2a: Gyarados|Gyarados, L50, F|100/100
|-ability|p2a: Gyarados|Intimidate|boost
|-unboost|p1a: Kommo-o|atk|1
|-unboost|p1b: Rillaboom|atk|1
|move|p2b: Tyranitar|Protect|p2b: Tyranitar
|-singleturn|p2b: Tyranitar|Protect
|move|p1b: Rillaboom|Grassy Glide|p2a: Gyarados
|-damage|p2a: Gyarados|73/100
|move|p1a: Kommo-o|Clanging Scales|p2a: Gyarados|[spread] p2a
|-activate|p2b: Tyranitar|move: Protect
|-damage|p2a: Gyarados|38/100
|-unboost|p1a: Kommo-o|def|1
|
|-weather|Sandstorm|[upkeep]
|-damage|p1a: Kommo-o|89/100|[from] Sandstorm
|-damage|p1b: Rillaboom|95/100|[from] Sandstorm
|-damage|p2a: Gyarados|32/100|[from] Sandstorm
|-heal|p1a: Kommo-o|95/100|[from] Grassy Terrain
|-heal|p2b: Tyranitar|80/100|[from] Grassy Terrain
|-heal|p1b: Rillaboom|100/100|[from] Grassy Terrain
|upkeep
|turn|3
|
|t:|1756174366
|move|p1a: Kommo-o|Clanging Scales|p2b: Tyranitar|[spread] p2a,p2b
|-damage|p2a: Gyarados|0 fnt
|-damage|p2b: Tyranitar|43/100
|faint|p2a: Gyarados
|-unboost|p1a: Kommo-o|def|1
|move|p2b: Tyranitar|Dragon Dance|p2b: Tyranitar
|-boost|p2b: Tyranitar|atk|1
|-boost|p2b: Tyranitar|spe|1
|move|p1b: Rillaboom|Wood Hammer|p2b: Tyranitar
|-supereffective|p2b: Tyranitar
|-damage|p2b: Tyranitar|0 fnt
|faint|p2b: Tyranitar
|-damage|p1b: Rillaboom|88/100|[from] Recoil
|
|-weather|Sandstorm|[upkeep]
|-damage|p1a: Kommo-o|89/100|[from] Sandstorm
|-damage|p1b: Rillaboom|83/100|[from] Sandstorm
|-heal|p1a: Kommo-o|95/100|[from] Grassy Terrain
|-heal|p1b: Rillaboom|88/100|[from] Grassy Terrain
|upkeep
|
|t:|1756174382
|switch|p2b: Garchomp|Garchomp, L50, M, shiny|100/100
|switch|p2a: Excadrill|Excadrill, L50, M, tera:Ghost|56/100
|turn|4
|
|t:|1756174427
|switch|p1a: Dondozo|Dondozo, L50, M|100/100
|move|p2a: Excadrill|Iron Head|p1a: Dondozo
|-resisted|p1a: Dondozo
|-damage|p1a: Dondozo|79/100
|move|p2b: Garchomp|Swords Dance|p2b: Garchomp
|-boost|p2b: Garchomp|atk|2
|move|p1b: Rillaboom|Wood Hammer|p2a: Excadrill
|-damage|p2a: Excadrill|0 fnt
|faint|p2a: Excadrill
|-damage|p1b: Rillaboom|70/100|[from] Recoil
|
|-weather|Sandstorm|[upkeep]
|-damage|p1b: Rillaboom|65/100|[from] Sandstorm
|-damage|p1a: Dondozo|73/100|[from] Sandstorm
|-heal|p1b: Rillaboom|70/100|[from] Grassy Terrain
|-heal|p1a: Dondozo|79/100|[from] Grassy Terrain
|-heal|p1a: Dondozo|86/100|[from] item: Leftovers
|upkeep
|turn|5
|
|t:|1756174448
|switch|p1b: Kommo-o|Kommo-o, L50, F|95/100
|move|p2b: Garchomp|Dragon Claw|p1b: Kommo-o
|-supereffective|p1b: Kommo-o
|-damage|p1b: Kommo-o|0 fnt
|faint|p1b: Kommo-o
|-damage|p2b: Garchomp|91/100|[from] item: Life Orb
|move|p1a: Dondozo|Yawn|p2b: Garchomp
|-start|p2b: Garchomp|move: Yawn|[of] p1a: Dondozo
|
|-weather|none
|-heal|p2b: Garchomp|97/100|[from] Grassy Terrain
|-heal|p1a: Dondozo|92/100|[from] Grassy Terrain
|-heal|p1a: Dondozo|98/100|[from] item: Leftovers
|upkeep
|
|t:|1756174457
|switch|p1b: Rillaboom|Rillaboom, L50, F|70/100
|turn|6
|
|t:|1756174469
|move|p1b: Rillaboom|Fake Out|p2b: Garchomp
|-damage|p2b: Garchomp|84/100
|cant|p2b: Garchomp|flinch
|move|p1a: Dondozo|Wave Crash|p2b: Garchomp
|-damage|p2b: Garchomp|39/100
|-damage|p1a: Dondozo|88/100|[from] Recoil
|
|-heal|p2b: Garchomp|45/100|[from] Grassy Terrain
|-heal|p1b: Rillaboom|76/100|[from] Grassy Terrain
|-heal|p1a: Dondozo|94/100|[from] Grassy Terrain
|-heal|p1a: Dondozo|99/100|[from] item: Leftovers
|-end|p2b: Garchomp|move: Yawn|[silent]
|-status|p2b: Garchomp|slp
|-fieldend|move: Grassy Terrain
|upkeep
|turn|7
|
|t:|1756174482
|cant|p2b: Garchomp|slp
|move|p1b: Rillaboom|Wood Hammer|p2b: Garchomp
|-damage|p2b: Garchomp|0 fnt
|faint|p2b: Garchomp
|-damage|p1b: Rillaboom|63/100|[from] Recoil
|
|win|MazapanAzteca
||Garmas is ready for game 2.
||MazapanAzteca is ready for game 2.
|uhtml|next|Next: Game 2 of 3
|l|☆Garmas
|player|p2|
