|j|☆davirru6
|j|☆fosa25
|html|davirru6fosa25    
|uhtml|bestof|Game 2 of a best-of-3
|t:|1757083364
|gametype|doubles
|player|p1|davirru6|ghetsis|1196
|player|p2|fosa25|psychicf|1301
|gen|9
|tier|[Gen 9] VGC 2025 Reg H (Bo3)
|rated|
|rule|Species Clause: Limit one of each Pokémon
|rule|Item Clause: Limit 1 of each item
|clearpoke
|poke|p1|Sneasler, L50, M|
|poke|p1|Rillaboom, L50, F|
|poke|p1|Electabuzz, L50, F|
|poke|p1|Volcarona, L50, M|
|poke|p1|Kingambit, L50, F|
|poke|p1|Basculegion, L50, M|
|poke|p2|Gholdengo, L50|
|poke|p2|Magmar, L50, F|
|poke|p2|Dragonite, L50, M|
|poke|p2|Rillaboom, L50, M|
|poke|p2|Annihilape, L50, F|
|poke|p2|Sylveon, L50, F|
|teampreview|4
|showteam|p1|Sneasler||FocusSash|PoisonTouch|CloseCombat,DireClaw,Coaching,FakeOut|||M|||50|,,,,,Ghost]Rillaboom||AssaultVest|GrassySurge|WoodHammer,GrassyGlide,HighHorsepower,FakeOut|||F|||50|,,,,,Fire]Electabuzz||Eviolite|VitalSpirit|Thunderbolt,FollowMe,Taunt,Protect|||F|||50|,,,,,Ghost]Volcarona||Leftovers|FlameBody|HeatWave,TeraBlast,QuiverDance,Protect|||M|||50|,,,,,Fairy]Kingambit||BlackGlasses|Defiant|KowtowCleave,SuckerPunch,SwordsDance,Protect|||F|||50|,,,,,Dark]Basculegion||ChoiceScarf|Adaptability|WaveCrash,FlipTurn,AquaJet,LastRespects|||M|||50|,,,,,Water
|showteam|p2|Gholdengo||LifeOrb|GoodasGold|Protect,NastyPlot,MakeItRain,ShadowBall||||||50|,,,,,Water]Magmar||Eviolite|VitalSpirit|Taunt,WillOWisp,FollowMe,BurningJealousy|||F|||50|,,,,,Ghost]Dragonite||LoadedDice|Multiscale|Protect,Haze,Tailwind,ScaleShot|||M|||50|,,,,,Fairy]Rillaboom||AssaultVest|GrassySurge|FakeOut,GrassyGlide,WoodHammer,HighHorsepower|||M|||50|,,,,,Fire]Annihilape||SafetyGoggles|Defiant|Protect,BulkUp,RageFist,DrainPunch|||F|||50|,,,,,Steel]Sylveon||ThroatSpray|Pixilate|TeraBlast,HyperVoice,Protect,BabyDollEyes|||F|||50|,,,,,Water
|inactive|Battle timer is ON: inactive players will automatically lose when time's up. (requested by davirru6)
|inactive|fosa25 also wants the timer to be on.
|inactive|davirru6 has 60 seconds left.
|inactive|fosa25 has 60 seconds left.
|
|t:|1757083398
|teamsize|p1|4
|teamsize|p2|4
|start
|switch|p1a: Electabuzz|Electabuzz, L50, F|100/100
|switch|p1b: Volcarona|Volcarona, L50, M|100/100
|switch|p2a: Dragonite|Dragonite, L50, M|100/100
|switch|p2b: Magmar|Magmar, L50, F|100/100
|turn|1
|
|t:|1757083417
|move|p2b: Magmar|Follow Me|p2b: Magmar
|-singleturn|p2b: Magmar|move: Follow Me
|move|p1a: Electabuzz|Taunt|p2b: Magmar
|-start|p2b: Magmar|move: Taunt
|move|p2a: Dragonite|Tailwind|p2a: Dragonite
|-sidestart|p2: fosa25|move: Tailwind
|move|p1b: Volcarona|Quiver Dance|p1b: Volcarona
|-boost|p1b: Volcarona|spa|1
|-boost|p1b: Volcarona|spd|1
|-boost|p1b: Volcarona|spe|1
|
|upkeep
|turn|2
|
|t:|1757083428
|switch|p2b: Annihilape|Annihilape, L50, F|100/100
|move|p2a: Dragonite|Scale Shot|p1a: Electabuzz
|-damage|p1a: Electabuzz|88/100
|-damage|p1a: Electabuzz|75/100
|-damage|p1a: Electabuzz|62/100
|-damage|p1a: Electabuzz|49/100
|-damage|p1a: Electabuzz|36/100
|-hitcount|p1a: Electabuzz|5
|-unboost|p2a: Dragonite|def|1
|-boost|p2a: Dragonite|spe|1
|move|p1b: Volcarona|Quiver Dance|p1b: Volcarona
|-boost|p1b: Volcarona|spa|1
|-boost|p1b: Volcarona|spd|1
|-boost|p1b: Volcarona|spe|1
|move|p1a: Electabuzz|Taunt|p2a: Dragonite
|-start|p2a: Dragonite|move: Taunt
|
|upkeep
|turn|3
|
|t:|1757083444
|switch|p2b: Magmar|Magmar, L50, F|100/100
|-terastallize|p1b: Volcarona|Fairy
|move|p1a: Electabuzz|Protect|p1a: Electabuzz
|-singleturn|p1a: Electabuzz|Protect
|move|p2a: Dragonite|Scale Shot|p1a: Electabuzz
|-activate|p1a: Electabuzz|move: Protect
|move|p1b: Volcarona|Tera Blast|p2a: Dragonite|[anim] Tera Blast Fairy
|-supereffective|p2a: Dragonite
|-damage|p2a: Dragonite|23/100
|
|upkeep
|turn|4
|
|t:|1757083460
|switch|p1a: Kingambit|Kingambit, L50, F|100/100
|move|p2b: Magmar|Follow Me|p2b: Magmar
|-singleturn|p2b: Magmar|move: Follow Me
|move|p2a: Dragonite|Scale Shot|p1a: Kingambit
|-resisted|p1a: Kingambit
|-damage|p1a: Kingambit|96/100
|-resisted|p1a: Kingambit
|-damage|p1a: Kingambit|90/100
|-resisted|p1a: Kingambit
|-damage|p1a: Kingambit|86/100
|-resisted|p1a: Kingambit
|-damage|p1a: Kingambit|80/100
|-resisted|p1a: Kingambit
|-damage|p1a: Kingambit|75/100
|-hitcount|p1a: Kingambit|5
|-unboost|p2a: Dragonite|def|1
|-boost|p2a: Dragonite|spe|1
|move|p1b: Volcarona|Heat Wave|p2a: Dragonite|[spread] p2a
|-miss|p1b: Volcarona|p2b: Magmar
|-resisted|p2a: Dragonite
|-damage|p2a: Dragonite|0 fnt
|faint|p2a: Dragonite
|
|-sideend|p2: fosa25|move: Tailwind
|upkeep
|
|t:|1757083470
|switch|p2a: Rillaboom|Rillaboom, L50, M|100/100
|-fieldstart|move: Grassy Terrain|[from] ability: Grassy Surge|[of] p2a: Rillaboom
|turn|5
|
|t:|1757083485
|-terastallize|p2a: Rillaboom|Fire
|move|p1b: Volcarona|Protect|p1b: Volcarona
|-singleturn|p1b: Volcarona|Protect
|move|p2a: Rillaboom|Fake Out|p1b: Volcarona
|-activate|p1b: Volcarona|move: Protect
|move|p2b: Magmar|Will-O-Wisp|p1a: Kingambit
|-status|p1a: Kingambit|brn
|move|p1a: Kingambit|Kowtow Cleave|p2b: Magmar
|-damage|p2b: Magmar|76/100
|
|-heal|p2b: Magmar|82/100|[from] Grassy Terrain
|-heal|p1a: Kingambit|80/100 brn|[from] Grassy Terrain
|-damage|p1a: Kingambit|75/100 brn|[from] brn
|upkeep
|turn|6
|inactive|davirru6 has 30 seconds left.
|
|t:|1757083513
|move|p1b: Volcarona|Tera Blast|p2b: Magmar|[anim] Tera Blast Fairy
|-resisted|p2b: Magmar
|-damage|p2b: Magmar|56/100
|move|p2a: Rillaboom|Wood Hammer|p1b: Volcarona
|-damage|p1b: Volcarona|8/100
|-damage|p2a: Rillaboom|70/100|[from] Recoil
|move|p2b: Magmar|Taunt|p1a: Kingambit
|-start|p1a: Kingambit|move: Taunt
|cant|p1a: Kingambit|move: Taunt|Swords Dance
|
|-heal|p1b: Volcarona|14/100|[from] Grassy Terrain
|-heal|p1b: Volcarona|20/100|[from] item: Leftovers
|-heal|p2a: Rillaboom|76/100|[from] Grassy Terrain
|-heal|p2b: Magmar|62/100|[from] Grassy Terrain
|-heal|p1a: Kingambit|80/100 brn|[from] Grassy Terrain
|-damage|p1a: Kingambit|75/100 brn|[from] brn
|upkeep
|turn|7
|
|t:|1757083533
|move|p1b: Volcarona|Protect|p1b: Volcarona
|-singleturn|p1b: Volcarona|Protect
|move|p2a: Rillaboom|Grassy Glide|p1b: Volcarona
|-activate|p1b: Volcarona|move: Protect
|move|p2b: Magmar|Burning Jealousy|p1b: Volcarona|[spread] p1a
|-activate|p1b: Volcarona|move: Protect
|-supereffective|p1a: Kingambit
|-damage|p1a: Kingambit|36/100 brn
|move|p1a: Kingambit|Kowtow Cleave|p2b: Magmar
|-damage|p2b: Magmar|36/100
|
|-heal|p1b: Volcarona|27/100|[from] Grassy Terrain
|-heal|p1b: Volcarona|33/100|[from] item: Leftovers
|-heal|p2a: Rillaboom|82/100|[from] Grassy Terrain
|-heal|p2b: Magmar|42/100|[from] Grassy Terrain
|-heal|p1a: Kingambit|41/100 brn|[from] Grassy Terrain
|-damage|p1a: Kingambit|36/100 brn|[from] brn
|upkeep
|turn|8
|
|t:|1757083547
|move|p2a: Rillaboom|Grassy Glide|p1b: Volcarona
|-damage|p1b: Volcarona|0 fnt
|faint|p1b: Volcarona
|move|p2b: Magmar|Burning Jealousy|p1a: Kingambit
|-supereffective|p1a: Kingambit
|-damage|p1a: Kingambit|0 fnt
|faint|p1a: Kingambit
|
|-heal|p2a: Rillaboom|89/100|[from] Grassy Terrain
|-heal|p2b: Magmar|48/100|[from] Grassy Terrain
|upkeep
|
|t:|1757083553
|switch|p1b: Basculegion|Basculegion, L50, M|100/100
|switch|p1a: Electabuzz|Electabuzz, L50, F|36/100
|turn|9
|
|t:|1757083567
|move|p1a: Electabuzz|Follow Me|p1a: Electabuzz
|-singleturn|p1a: Electabuzz|move: Follow Me
|move|p2b: Magmar|Follow Me|p2b: Magmar
|-singleturn|p2b: Magmar|move: Follow Me
|move|p1b: Basculegion|Wave Crash|p2b: Magmar
|-supereffective|p2b: Magmar
|-damage|p2b: Magmar|0 fnt
|faint|p2b: Magmar
|-damage|p1b: Basculegion|87/100|[from] Recoil
|move|p2a: Rillaboom|Wood Hammer|p1a: Electabuzz
|-damage|p1a: Electabuzz|0 fnt
|faint|p1a: Electabuzz
|-damage|p2a: Rillaboom|79/100|[from] Recoil
|
|-heal|p1b: Basculegion|93/100|[from] Grassy Terrain
|-heal|p2a: Rillaboom|85/100|[from] Grassy Terrain
|-fieldend|move: Grassy Terrain
|upkeep
|
|t:|1757083573
|switch|p2b: Annihilape|Annihilape, L50, F|100/100
|turn|10
|
|t:|1757083579
|move|p1b: Basculegion|Wave Crash|p2a: Rillaboom
|-supereffective|p2a: Rillaboom
|-damage|p2a: Rillaboom|0 fnt
|faint|p2a: Rillaboom
|-damage|p1b: Basculegion|66/100|[from] Recoil
|move|p2b: Annihilape|Bulk Up|p2b: Annihilape
|-boost|p2b: Annihilape|atk|1
|-boost|p2b: Annihilape|def|1
|
|upkeep
|turn|11
|
|t:|1757083583
|move|p1b: Basculegion|Wave Crash|p2b: Annihilape
|-damage|p2b: Annihilape|45/100
|-damage|p1b: Basculegion|48/100|[from] Recoil
|move|p2b: Annihilape|Rage Fist|p1b: Basculegion
|-supereffective|p1b: Basculegion
|-damage|p1b: Basculegion|0 fnt
|faint|p1b: Basculegion
|
|win|fosa25
|raw|davirru6's rating: 1196 → 1178(-18 for losing)
|raw|fosa25's rating: 1301 → 1315(+14 for winning)
|l|☆davirru6
|player|p1|
