|j|☆Lightning015
|j|☆vipgames1m
|html|Lightning015vipgames1m    
|uhtml|bestof|Game 1 of a best-of-3
|t:|1785605138
|gametype|doubles
|player|p1|Lightning015|red|
|player|p2|vipgames1m|ghetsis|
|gen|9
|tier|[Gen 9 Champions] VGC 2026 Reg M-B (Bo3)
|rule|Species Clause: Limit one of each Pokémon
|rule|Item Clause: Limit 1 of each item
|clearpoke
|poke|p1|Heliolisk, L50, M|
|poke|p1|Toucannon, L50, M|
|poke|p1|Simipour, L50, F|
|poke|p1|Zoroark, L50, M|
|poke|p1|Runerigus, L50, M|
|poke|p1|Simisear, L50, M|
|poke|p2|Zoroark, L50, M|
|poke|p2|Tinkaton, L50, F|
|poke|p2|Heliolisk, L50, M|
|poke|p2|Simisear, L50, F|
|poke|p2|Toucannon, L50, M, shiny|
|poke|p2|Runerigus, L50, M|
|teampreview|4
|showteam|p1|Heliolisk||LifeOrb|DrySkin|Thunderbolt,VoltSwitch,Surf,Protect|Timid||M|||50|]Toucannon||SitrusBerry|KeenEye|BeakBlast,BrickBreak,KnockOff,Tailwind|Adamant||M|||50|]Simipour||MysticWater|Torrent|FakeOut,Surf,IceBeam,Protect|Timid||F|||50|]Zoroark||ExpertBelt|Illusion|DarkPulse,Psychic,Flamethrower,Protect|Timid||M|||50|]Runerigus||Leftovers|WanderingSpirit|Earthquake,ShadowClaw,RockSlide,Protect|Adamant||M|||50|]Simisear||Charcoal|Blaze|FakeOut,BlazeKick,RockSlide,Protect|Timid||M|||50|
|showteam|p2|Zoroark||FocusSash|Illusion|NastyPlot,DarkPulse,Extrasensory,Flamethrower|Timid||M|||50|]Tinkaton||LightClay|MoldBreaker|FakeOut,Reflect,LightScreen,GigatonHammer|Adamant||F|||50|]Heliolisk||SitrusBerry|DrySkin|AllySwitch,Electroweb,Thunderbolt,Surf|Timid||M|||50|]Simisear||LifeOrb|Gluttony|NastyPlot,HeatWave,GrassKnot,Protect|Timid||F|||50|]Toucannon||IronBall|SkillLink|HelpingHand,Protect,BraveBird,BulletSeed|Adamant||M|||50|]Runerigus||WideLens|WanderingSpirit|TrickRoom,Earthquake,Poltergeist,RockSlide|Brave||M|||50|
|
|t:|1785605186
|teamsize|p1|4
|teamsize|p2|4
|start
|switch|p1a: Бананос|Toucannon, L50, M|100/100
|switch|p1b: Сими|Simipour, L50, F|100/100
|switch|p2a: Runerigus|Runerigus, L50, M|100/100
|switch|p2b: Tinkaton|Tinkaton, L50, F|100/100
|-ability|p2b: Tinkaton|Mold Breaker
|turn|1
|
|t:|1785605216
|-singleturn|p1a: Бананос|move: Beak Blast
|move|p1b: Сими|Protect|p1b: Сими
|-singleturn|p1b: Сими|Protect
|move|p2b: Tinkaton|Fake Out|p1b: Сими
|-activate|p1b: Сими|move: Protect
|move|p1a: Бананос|Beak Blast|p2a: Runerigus
|-damage|p2a: Runerigus|46/100
|move|p2a: Runerigus|Trick Room|p2a: Runerigus
|-fieldstart|move: Trick Room|[of] p2a: Runerigus
|
|upkeep
|turn|2
|
|t:|1785605259
|-singleturn|p1a: Бананос|move: Beak Blast
|move|p2a: Runerigus|Rock Slide|p1a: Бананос|[spread] p1a,p1b
|-supereffective|p1a: Бананос|1
|-damage|p1a: Бананос|60/100
|-damage|p1b: Сими|73/100
|move|p2b: Tinkaton|Gigaton Hammer|p1a: Бананос
|-damage|p1a: Бананос|0 fnt
|faint|p1a: Бананос
|move|p1b: Сими|Ice Beam|p2a: Runerigus
|-supereffective|p2a: Runerigus|1
|-damage|p2a: Runerigus|0 fnt
|faint|p2a: Runerigus
|
|upkeep
|
|t:|1785605273
|switch|p2a: Toucannon|Toucannon, L50, M, shiny|100/100
|switch|p1a: Паззл|Runerigus, L50, M|100/100
|turn|3
|
|t:|1785605293
|move|p1b: Сими|Protect|p1b: Сими
|-singleturn|p1b: Сими|Protect
|move|p2a: Toucannon|Bullet Seed|p1a: Паззл
|-supereffective|p1a: Паззл|1
|-damage|p1a: Паззл|84/100
|-supereffective|p1a: Паззл|1
|-damage|p1a: Паззл|69/100
|-supereffective|p1a: Паззл|1
|-damage|p1a: Паззл|53/100
|-supereffective|p1a: Паззл|1
|-damage|p1a: Паззл|38/100
|-supereffective|p1a: Паззл|1
|-damage|p1a: Паззл|24/100
|-hitcount|p1a: Паззл|5
|move|p1a: Паззл|Earthquake|p2a: Toucannon|[spread] p2a,p2b
|-activate|p1b: Сими|move: Protect
|-supereffective|p2b: Tinkaton|1
|-damage|p2a: Toucannon|57/100
|-damage|p2b: Tinkaton|20/100y
|move|p2b: Tinkaton|Light Screen|p2b: Tinkaton
|-sidestart|p2: vipgames1m|move: Light Screen
|
|-heal|p1a: Паззл|30/100|[from] item: Leftovers
|upkeep
|turn|4
|
|t:|1785605331
|move|p1a: Паззл|Protect|p1a: Паззл
|-singleturn|p1a: Паззл|Protect
|move|p2a: Toucannon|Bullet Seed|p1b: Сими
|-supereffective|p1b: Сими|1
|-damage|p1b: Сими|40/100
|-supereffective|p1b: Сими|1
|-damage|p1b: Сими|11/100
|-supereffective|p1b: Сими|1
|-damage|p1b: Сими|0 fnt
|faint|p1b: Сими
|-hitcount|p1: Сими|3
|move|p2b: Tinkaton|Reflect|p2b: Tinkaton
|-sidestart|p2: vipgames1m|Reflect
|
|-heal|p1a: Паззл|36/100|[from] item: Leftovers
|upkeep
|
|t:|1785605343
|switch|p1b: Допельгангстер|Zoroark, L50, M|100/100
|turn|5
|
|t:|1785605363
|move|p1b: Допельгангстер|Protect|p1b: Допельгангстер
|-singleturn|p1b: Допельгангстер|Protect
|move|p2a: Toucannon|Bullet Seed|p1a: Паззл
|-supereffective|p1a: Паззл|1
|-damage|p1a: Паззл|22/100
|-supereffective|p1a: Паззл|1
|-damage|p1a: Паззл|7/100
|-supereffective|p1a: Паззл|1
|-damage|p1a: Паззл|0 fnt
|faint|p1a: Паззл
|-hitcount|p1: Паззл|3
|move|p2b: Tinkaton|Gigaton Hammer|p1b: Допельгангстер
|-activate|p1b: Допельгангстер|move: Protect
|
|-fieldend|move: Trick Room
|upkeep
|turn|6
|
|t:|1785605382
|switch|p2b: Tinkaton|Tinkaton, L50, F|100/100
|move|p1b: Допельгангстер|Dark Pulse|p2a: Toucannon
|-damage|p2a: Toucannon|27/100
|move|p2a: Toucannon|Brave Bird|p1b: Допельгангстер
|-damage|p1b: Допельгангстер|0 fnt
|faint|p1b: Допельгангстер
|-damage|p2a: Toucannon|3/100|[from] Recoil
|
|win|vipgames1m
||Lightning015 is ready for game 2.
||vipgames1m is ready for game 2.
|uhtml|next|Next: Game 2 of 3
