|j|Ōśåthebusinesspiggy2
|j|ŌśåSkwovetboi
|html|thebusinesspiggy2Skwovetboi    
|uhtml|bestof|Game 2 of a best-of-3
|t:|1757726279
|gametype|doubles
|player|p1|thebusinesspiggy2|iris-gen5bw2|
|player|p2|Skwovetboi|turo-ai|
|gen|9
|tier|[Gen 9] VGC 2025 Reg H (Bo3)
|rule|Species Clause: Limit one of each Pok├®mon
|rule|Item Clause: Limit 1 of each item
|clearpoke
|poke|p1|Electrode, L50|
|poke|p1|Serperior, L50, M|
|poke|p1|Murkrow, L50, F|
|poke|p1|Arcanine-Hisui, L50, M|
|poke|p1|Bisharp, L50, F|
|poke|p1|Baxcalibur, L50, M|
|poke|p2|Altaria, L50, M|
|poke|p2|Chandelure, L50, M|
|poke|p2|Tauros-Paldea-Aqua, L50, M|
|poke|p2|Glimmora, L50, F|
|poke|p2|Arboliva, L50, M|
|poke|p2|Grimmsnarl, L50, M|
|teampreview|4
|showteam|p1|Electrode||CovertCloak|Soundproof|Electroweb,FoulPlay,EerieImpulse,Taunt||||||50|,,,,,Dark]Serperior||ChoiceSpecs|Contrary|LeafStorm,FrenzyPlant,TeraBlast,DragonPulse|||M|||50|,,,,,Stellar]Murkrow||FocusSash|Prankster|Tailwind,FeatherDance,FoulPlay,Quash|||F|||50|,,,,,Ghost]Arcanine-Hisui||SafetyGoggles|Intimidate|FlareBlitz,HeadSmash,RockSlide,Protect|||M|||50|,,,,,Dragon]Bisharp||Eviolite|Defiant|IronHead,ThroatChop,SuckerPunch,Protect|||F|||50|,,,,,Water]Baxcalibur||LifeOrb|ThermalExchange|IcicleCrash,GlaiveRush,HighHorsepower,Protect|||M|||50|,,,,,Steel
|showteam|p2|Altaria||ChoiceBand|CloudNine|BraveBird,DualWingbeat,PlayRough,BreakingSwipe|||M|||50|,,,,,Fairy]Chandelure||ChoiceScarf|Infiltrator|ShadowBall,HeatWave,Flamethrower,Trick|||M|||50|,,,,,Fire]Tauros-Paldea-Aqua||LifeOrb|Intimidate|WaveCrash,CloseCombat,AquaJet,Protect|||M|||50|,,,,,Water]Glimmora||AssaultVest|ToxicDebris|PowerGem,SludgeBomb,EarthPower,MortalSpin|||F|||50|,,,,,Water]Arboliva||Leftovers|SeedSower|LeechSeed,Protect,GigaDrain,StrengthSap|||M|||50|,,,,,Water]Grimmsnarl||LightClay|Prankster|FakeTears,Reflect,LightScreen,FoulPlay|||M|||50|,,,,,Ghost
|
|t:|1757726303
|teamsize|p1|4
|teamsize|p2|4
|start
|switch|p1a: Crawbug|Murkrow, L50, F|100/100
|switch|p1b: Grimm|Baxcalibur, L50, M|100/100
|switch|p2a: Queen Sectonia|Glimmora, L50, F, shiny|100/100
|switch|p2b: Marx|Grimmsnarl, L50, M|100/100
|turn|1
|
|t:|1757726322
|switch|p2a: Whispy Woods|Arboliva, L50, M, shiny|100/100
|move|p1a: Crawbug|Tailwind|p1a: Crawbug
|-sidestart|p1: thebusinesspiggy2|move: Tailwind
|move|p2b: Marx|Reflect|p2b: Marx
|-sidestart|p2: Skwovetboi|Reflect
|move|p1b: Grimm|High Horsepower|p2a: Whispy Woods
|-resisted|p2a: Whispy Woods
|-damage|p2a: Whispy Woods|87/100
|-fieldstart|move: Grassy Terrain|[from] ability: Seed Sower|[of] p2a: Whispy Woods
|-damage|p1b: Grimm|91/100|[from] item: Life Orb
|
|-heal|p1b: Grimm|97/100|[from] Grassy Terrain
|-heal|p2a: Whispy Woods|94/100|[from] Grassy Terrain
|-heal|p2a: Whispy Woods|99/100|[from] item: Leftovers
|upkeep
|turn|2
|
|t:|1757726342
|switch|p2a: Queen Sectonia|Glimmora, L50, F, shiny|100/100
|move|p1b: Grimm|Icicle Crash|p2a: Queen Sectonia
|-damage|p2a: Queen Sectonia|51/100
|-activate|p2a: Queen Sectonia|ability: Toxic Debris
|-sidestart|p1: thebusinesspiggy2|move: Toxic Spikes
|-damage|p1b: Grimm|88/100|[from] item: Life Orb
|move|p1a: Crawbug|Foul Play|p2b: Marx
|-resisted|p2b: Marx
|-damage|p2b: Marx|96/100
|move|p2b: Marx|Foul Play|p1b: Grimm
|-damage|p1b: Grimm|39/100
|
|-heal|p1b: Grimm|45/100|[from] Grassy Terrain
|-heal|p2a: Queen Sectonia|57/100|[from] Grassy Terrain
|-heal|p2b: Marx|100/100|[from] Grassy Terrain
|upkeep
|turn|3
|
|t:|1757726366
|move|p1b: Grimm|Icicle Crash|p2a: Queen Sectonia
|-damage|p2a: Queen Sectonia|11/100
|-activate|p2a: Queen Sectonia|ability: Toxic Debris
|-sidestart|p1: thebusinesspiggy2|move: Toxic Spikes
|-damage|p1b: Grimm|35/100|[from] item: Life Orb
|move|p1a: Crawbug|Foul Play|p2a: Queen Sectonia
|-damage|p2a: Queen Sectonia|0 fnt
|faint|p2a: Queen Sectonia
|move|p2b: Marx|Foul Play|p1a: Crawbug
|-resisted|p1a: Crawbug
|-damage|p1a: Crawbug|81/100
|
|-heal|p1b: Grimm|42/100|[from] Grassy Terrain
|upkeep
|
|t:|1757726387
|switch|p2a: Heavy Lobster|Tauros-Paldea-Aqua, L50, M|100/100
|-ability|p2a: Heavy Lobster|Intimidate|boost
|-unboost|p1a: Crawbug|atk|1
|-unboost|p1b: Grimm|atk|1
|turn|4
|
|t:|1757726401
|-terastallize|p2a: Heavy Lobster|Water
|move|p1b: Grimm|Protect|p1b: Grimm
|-singleturn|p1b: Grimm|Protect
|move|p1a: Crawbug|Feather Dance|p2a: Heavy Lobster
|-unboost|p2a: Heavy Lobster|atk|2
|move|p2a: Heavy Lobster|Aqua Jet|p1a: Crawbug
|-damage|p1a: Crawbug|52/100
|-damage|p2a: Heavy Lobster|91/100|[from] item: Life Orb
|move|p2b: Marx|Foul Play|p1b: Grimm
|-activate|p1b: Grimm|move: Protect
|
|-heal|p1b: Grimm|48/100|[from] Grassy Terrain
|-heal|p2a: Heavy Lobster|97/100|[from] Grassy Terrain
|-sideend|p1: thebusinesspiggy2|move: Tailwind
|upkeep
|turn|5
|
|t:|1757726426
|move|p1a: Crawbug|Tailwind|p1a: Crawbug
|-sidestart|p1: thebusinesspiggy2|move: Tailwind
|move|p1b: Grimm|Glaive Rush|p2a: Heavy Lobster
|-damage|p2a: Heavy Lobster|50/100
|-singlemove|p1b: Grimm|Glaive Rush|[silent]
|-damage|p1b: Grimm|38/100|[from] item: Life Orb
|move|p2a: Heavy Lobster|Close Combat|p1b: Grimm
|-supereffective|p1b: Grimm
|-damage|p1b: Grimm|0 fnt
|-unboost|p2a: Heavy Lobster|def|1
|-unboost|p2a: Heavy Lobster|spd|1
|faint|p1b: Grimm
|-damage|p2a: Heavy Lobster|40/100|[from] item: Life Orb
|move|p2b: Marx|Foul Play|p1a: Crawbug
|-resisted|p1a: Crawbug
|-damage|p1a: Crawbug|38/100
|
|-heal|p2a: Heavy Lobster|46/100|[from] Grassy Terrain
|-fieldend|move: Grassy Terrain
|upkeep
|
|t:|1757726433
|switch|p1b: Mossy|Serperior, L50, M, shiny|100/100
|-status|p1b: Mossy|tox
|turn|6
|
|t:|1757726469
|switch|p2a: Whispy Woods|Arboliva, L50, M, shiny|99/100
|move|p2b: Marx|Light Screen|p2b: Marx
|-sidestart|p2: Skwovetboi|move: Light Screen
|move|p1b: Mossy|Leaf Storm|p2a: Whispy Woods|[miss]
|-miss|p1b: Mossy|p2a: Whispy Woods
|move|p1a: Crawbug|Foul Play|p2a: Whispy Woods
|-damage|p2a: Whispy Woods|87/100
|-fieldstart|move: Grassy Terrain|[from] ability: Seed Sower|[of] p2a: Whispy Woods
|
|-heal|p2a: Whispy Woods|94/100|[from] Grassy Terrain
|-heal|p2a: Whispy Woods|99/100|[from] item: Leftovers
|-damage|p1b: Mossy|95/100 tox|[from] psn
|upkeep
|turn|7
|c|Ōśåthebusinesspiggy2|man
|
|t:|1757726491
|switch|p1a: Dung Defender|Electrode, L50|100/100
|-status|p1a: Dung Defender|tox
|move|p1b: Mossy|Leaf Storm|p2a: Whispy Woods
|-resisted|p2a: Whispy Woods
|-damage|p2a: Whispy Woods|71/100
|-boost|p1b: Mossy|spa|2
|move|p2b: Marx|Foul Play|p1a: Dung Defender
|-damage|p1a: Dung Defender|81/100 tox
|move|p2a: Whispy Woods|Leech Seed|p1b: Mossy
|-immune|p1b: Mossy
|
|-heal|p1a: Dung Defender|87/100 tox|[from] Grassy Terrain
|-heal|p1b: Mossy|100/100 tox|[from] Grassy Terrain
|-heal|p2a: Whispy Woods|77/100|[from] Grassy Terrain
|-heal|p2a: Whispy Woods|83/100|[from] item: Leftovers
|-damage|p1a: Dung Defender|81/100 tox|[from] psn
|-damage|p1b: Mossy|89/100 tox|[from] psn
|upkeep
|turn|8
|
|t:|1757726509
|-terastallize|p1b: Mossy|Stellar
|move|p2b: Marx|Fake Tears|p1a: Dung Defender
|-unboost|p1a: Dung Defender|spd|2
|move|p1a: Dung Defender|Eerie Impulse|p1b: Mossy
|-boost|p1b: Mossy|spa|2
|move|p1b: Mossy|Leaf Storm|p2a: Whispy Woods|[miss]
|-miss|p1b: Mossy|p2a: Whispy Woods
|move|p2a: Whispy Woods|Giga Drain|p1a: Dung Defender
|-damage|p1a: Dung Defender|0 fnt
|-heal|p2a: Whispy Woods|100/100|[from] drain|[of] p1a: Dung Defender
|faint|p1a: Dung Defender
|
|-heal|p1b: Mossy|95/100 tox|[from] Grassy Terrain
|-damage|p1b: Mossy|77/100 tox|[from] psn
|-sideend|p2: Skwovetboi|Reflect
|-sideend|p1: thebusinesspiggy2|move: Tailwind
|upkeep
|c|Ōśåthebusinesspiggy2|BRO
|c|Ōśåthebusinesspiggy2|:sob:
|
|t:|1757726521
|switch|p1a: Crawbug|Murkrow, L50, F|38/100
|turn|9
|c|Ōśåthebusinesspiggy2|90% my ass
|
|t:|1757726538
|move|p1a: Crawbug|Tailwind|p1a: Crawbug
|-sidestart|p1: thebusinesspiggy2|move: Tailwind
|move|p1b: Mossy|Leaf Storm|p2b: Marx
|-damage|p2b: Marx|0 fnt
|-boost|p1b: Mossy|spa|2
|faint|p2b: Marx
|move|p2a: Whispy Woods|Giga Drain|p1a: Crawbug
|-resisted|p1a: Crawbug
|-damage|p1a: Crawbug|11/100
|
|-heal|p1b: Mossy|83/100 tox|[from] Grassy Terrain
|-damage|p1b: Mossy|59/100 tox|[from] psn
|upkeep
|
|t:|1757726548
|switch|p2b: Heavy Lobster|Tauros-Paldea-Aqua, L50, M, tera:Water|46/100
|-ability|p2b: Heavy Lobster|Intimidate|boost
|-unboost|p1a: Crawbug|atk|1
|-boost|p1b: Mossy|atk|1
|turn|10
|
|t:|1757726559
|move|p2b: Heavy Lobster|Aqua Jet|p1a: Crawbug
|-damage|p1a: Crawbug|0 fnt
|faint|p1a: Crawbug
|-damage|p2b: Heavy Lobster|36/100|[from] item: Life Orb
|move|p1b: Mossy|Leaf Storm|p2b: Heavy Lobster
|-supereffective|p2b: Heavy Lobster
|-damage|p2b: Heavy Lobster|0 fnt
|faint|p2b: Heavy Lobster
|move|p2a: Whispy Woods|Giga Drain|p1b: Mossy
|-resisted|p1b: Mossy
|-damage|p1b: Mossy|32/100 tox
|
|-heal|p1b: Mossy|38/100 tox|[from] Grassy Terrain
|-damage|p1b: Mossy|8/100 tox|[from] psn
|-fieldend|move: Grassy Terrain
|upkeep
|turn|11
|c|Ōśåthebusinesspiggy2|GGWP
|
|t:|1757726573
|move|p2a: Whispy Woods|Protect|p2a: Whispy Woods
|-singleturn|p2a: Whispy Woods|Protect
|move|p1b: Mossy|Leaf Storm|p2a: Whispy Woods
|-activate|p2a: Whispy Woods|move: Protect
|
|-damage|p1b: Mossy|0 fnt|[from] psn
|faint|p1b: Mossy
|
|win|Skwovetboi
|c|ŌśåSkwovetboi|gg
