|j|☆platanoso
|j|☆platinumflare
|html|platanosoplatinumflare    
|uhtml|bestof|Game 1 of a best-of-3
|t:|1782337040
|gametype|doubles
|player|p1|platanoso|madame-gen4|1097
|player|p2|platinumflare|lance|1113
|gen|9
|tier|[Gen 9 Champions] VGC 2026 Reg M-B (Bo3)
|rated|
|rule|Species Clause: Limit one of each Pokémon
|rule|Item Clause: Limit 1 of each item
|clearpoke
|poke|p1|Raichu, L50, F|
|poke|p1|Floette-Eternal, L50, F|
|poke|p1|Sinistcha, L50|
|poke|p1|Ceruledge, L50, F|
|poke|p1|Milotic, L50, F|
|poke|p1|Incineroar, L50, F|
|poke|p2|Meowscarada, L50, F|
|poke|p2|Talonflame, L50, F|
|poke|p2|Basculegion, L50, M|
|poke|p2|Sneasler, L50, M|
|poke|p2|Garchomp, L50, F|
|poke|p2|Metagross, L50|
|teampreview|4
|showteam|p1|Raichu||RaichuniteY|LightningRod|ZapCannon,FocusBlast,FakeOut,Protect|Timid||F|||50|]Floette-Eternal||Floettite|FlowerVeil|Protect,DrainingKiss,DazzlingGleam,CalmMind|Timid||F|||50|]Sinistcha||KasibBerry|Hospitality|MatchaGotcha,LifeDew,RagePowder,Protect|Relaxed|||||50|]Ceruledge||ColburBerry|FlashFire|BitterBlade,ShadowSneak,BulkUp,Protect|Adamant||F|||50|]Milotic||Leftovers|Competitive|MuddyWater,Coil,Hypnosis,Protect|Calm||F|||50|]Incineroar||SitrusBerry|Intimidate|FlareBlitz,ThroatChop,FakeOut,PartingShot|Impish||F|||50|
|showteam|p2|Meowscarada||ChoiceScarf|Protean|FlowerTrick,TripleAxel,Uturn,ThroatChop|Adamant||F|||50|]Talonflame||FocusSash|GaleWings|Tailwind,DualWingbeat,Protect,BlazeKick|Jolly||F|||50|]Basculegion||LifeOrb|Adaptability|LastRespects,AquaJet,WaveCrash,Protect|Adamant||M|||50|]Sneasler||WhiteHerb|Unburden|FakeOut,CloseCombat,GunkShot,Protect|Jolly||M|||50|]Garchomp||SitrusBerry|RoughSkin|Earthquake,RockSlide,Protect,DragonClaw|Adamant||F|||50|]Metagross||Metagrossite|ClearBody|IronHead,PsychicFangs,Protect,StompingTantrum|Jolly|||||50|
|inactive|Battle timer is ON: inactive players will automatically lose when time's up. (requested by platinumflare)
|inactive|platanoso has 60 seconds left.
|inactive|platinumflare has 60 seconds left.
|inactive|platinumflare has 30 seconds left.
|inactive|platinumflare has 20 seconds left.
|
|t:|1782337113
|teamsize|p1|4
|teamsize|p2|4
|start
|switch|p1a: Raichu|Raichu, L50, F|100/100
|switch|p1b: Milotic|Milotic, L50, F|100/100
|switch|p2a: Talonflame|Talonflame, L50, F|100/100
|switch|p2b: Garchomp|Garchomp, L50, F|100/100
|turn|1
|
|t:|1782337131
|switch|p1a: Incineroar|Incineroar, L50, F|100/100
|-ability|p1a: Incineroar|Intimidate|boost
|-unboost|p2a: Talonflame|atk|1
|-unboost|p2b: Garchomp|atk|1
|move|p2a: Talonflame|Dual Wingbeat|p1b: Milotic|[miss]
|-miss|p2a: Talonflame|p1b: Milotic
|move|p2b: Garchomp|Earthquake|p1b: Milotic|[spread] p1a,p1b
|-immune|p2a: Talonflame
|-supereffective|p1a: Incineroar|1
|-damage|p1a: Incineroar|64/100
|-damage|p1b: Milotic|77/100
|move|p1b: Milotic|Coil|p1b: Milotic
|-boost|p1b: Milotic|atk|1
|-boost|p1b: Milotic|def|1
|-boost|p1b: Milotic|accuracy|1
|
|-heal|p1b: Milotic|83/100|[from] item: Leftovers
|upkeep
|turn|2
|inactive|platanoso has 30 seconds left.
|inactive|platanoso has 20 seconds left.
|inactive|platanoso has 15 seconds left.
|
|t:|1782337176
|move|p1a: Incineroar|Fake Out|p2a: Talonflame
|-damage|p2a: Talonflame|83/100
|cant|p2a: Talonflame|flinch
|move|p2b: Garchomp|Earthquake|p1a: Incineroar|[spread] p1a,p1b
|-immune|p2a: Talonflame
|-supereffective|p1a: Incineroar|1
|-damage|p1a: Incineroar|24/100
|-damage|p1b: Milotic|70/100
|-enditem|p1a: Incineroar|Sitrus Berry|[eat]
|-heal|p1a: Incineroar|49/100|[from] item: Sitrus Berry
|move|p1b: Milotic|Hypnosis|p2b: Garchomp|[miss]
|-miss|p1b: Milotic|p2b: Garchomp
|
|-heal|p1b: Milotic|76/100|[from] item: Leftovers
|upkeep
|turn|3
|
|t:|1782337199
|move|p2a: Talonflame|Tailwind|p2a: Talonflame
|-sidestart|p2: platinumflare|move: Tailwind
|move|p2b: Garchomp|Earthquake|p1a: Incineroar|[spread] p1a,p1b
|-immune|p2a: Talonflame
|-supereffective|p1a: Incineroar|1
|-damage|p1a: Incineroar|9/100
|-damage|p1b: Milotic|61/100
|move|p1b: Milotic|Hypnosis|p2b: Garchomp
|-status|p2b: Garchomp|slp|[from] move: Hypnosis
|move|p1a: Incineroar|Parting Shot|p2b: Garchomp
|-unboost|p2b: Garchomp|atk|1
|-unboost|p2b: Garchomp|spa|1
|
|t:|1782337210
|switch|p1a: Raichu|Raichu, L50, F|100/100|[from] Parting Shot
|
|-heal|p1b: Milotic|67/100|[from] item: Leftovers
|upkeep
|turn|4
|
|t:|1782337220
|detailschange|p1a: Raichu|Raichu-Mega-Y, L50, F
|-mega|p1a: Raichu|Raichu|Raichunite Y
|move|p2a: Talonflame|Protect|p2a: Talonflame
|-singleturn|p2a: Talonflame|Protect
|cant|p2b: Garchomp|slp
|move|p1a: Raichu|Zap Cannon|p2a: Talonflame
|-activate|p2a: Talonflame|move: Protect
|move|p1b: Milotic|Coil|p1b: Milotic
|-boost|p1b: Milotic|atk|1
|-boost|p1b: Milotic|def|1
|-boost|p1b: Milotic|accuracy|1
|
|-heal|p1b: Milotic|73/100|[from] item: Leftovers
|upkeep
|turn|5
|
|t:|1782337242
|move|p1a: Raichu|Protect|p1a: Raichu
|-singleturn|p1a: Raichu|Protect
|move|p2a: Talonflame|Blaze Kick|p1a: Raichu
|-activate|p1a: Raichu|move: Protect
|cant|p2b: Garchomp|slp
|move|p1b: Milotic|Muddy Water|p2b: Garchomp|[spread] p2a,p2b
|-supereffective|p2a: Talonflame|1
|-damage|p2a: Talonflame|12/100
|-damage|p2b: Garchomp|78/100 slp
|-unboost|p2a: Talonflame|accuracy|1
|
|-heal|p1b: Milotic|79/100|[from] item: Leftovers
|upkeep
|turn|6
|
|t:|1782337260
|switch|p1a: Ceruledge|Ceruledge, L50, F|100/100
|move|p2a: Talonflame|Protect|p2a: Talonflame
|-singleturn|p2a: Talonflame|Protect
|-curestatus|p2b: Garchomp|slp|[msg]
|move|p2b: Garchomp|Earthquake|p1a: Ceruledge|[spread] p1a,p1b
|-activate|p2a: Talonflame|move: Protect
|-supereffective|p1a: Ceruledge|1
|-damage|p1a: Ceruledge|60/100
|-damage|p1b: Milotic|71/100
|move|p1b: Milotic|Hypnosis|p2b: Garchomp
|-status|p2b: Garchomp|slp|[from] move: Hypnosis
|
|-heal|p1b: Milotic|77/100|[from] item: Leftovers
|-sideend|p2: platinumflare|move: Tailwind
|upkeep
|turn|7
|
|t:|1782337275
|move|p2a: Talonflame|Tailwind|p2a: Talonflame
|-sidestart|p2: platinumflare|move: Tailwind
|cant|p2b: Garchomp|slp
|move|p1a: Ceruledge|Bulk Up|p1a: Ceruledge
|-boost|p1a: Ceruledge|atk|1
|-boost|p1a: Ceruledge|def|1
|move|p1b: Milotic|Muddy Water|p2b: Garchomp|[spread] p2a,p2b
|-supereffective|p2a: Talonflame|1
|-damage|p2a: Talonflame|0 fnt
|-damage|p2b: Garchomp|56/100 slp
|faint|p2a: Talonflame
|
|-heal|p1b: Milotic|83/100|[from] item: Leftovers
|upkeep
|
|t:|1782337288
|switch|p2a: Sneasler|Sneasler, L50, M|100/100
|turn|8
|
|t:|1782337309
|move|p2a: Sneasler|Protect|p2a: Sneasler
|-singleturn|p2a: Sneasler|Protect
|cant|p2b: Garchomp|slp
|move|p1a: Ceruledge|Bitter Blade|p2b: Garchomp
|-resisted|p2b: Garchomp|1
|-damage|p2b: Garchomp|23/100 slp
|-heal|p1a: Ceruledge|79/100|[from] drain|[of] p2b: Garchomp
|-damage|p1a: Ceruledge|67/100|[from] ability: Rough Skin|[of] p2b: Garchomp
|-enditem|p2b: Garchomp|Sitrus Berry|[eat]
|-heal|p2b: Garchomp|48/100 slp|[from] item: Sitrus Berry
|move|p1b: Milotic|Hypnosis|p2a: Sneasler
|-activate|p2a: Sneasler|move: Protect
|
|-heal|p1b: Milotic|89/100|[from] item: Leftovers
|upkeep
|turn|9
|inactive|platanoso has 30 seconds left.
|
|t:|1782337339
|move|p1a: Ceruledge|Protect|p1a: Ceruledge
|-singleturn|p1a: Ceruledge|Protect
|move|p2a: Sneasler|Close Combat|p1b: Milotic
|-damage|p1b: Milotic|63/100
|-unboost|p2a: Sneasler|def|1
|-unboost|p2a: Sneasler|spd|1
|-enditem|p2a: Sneasler|White Herb
|-clearnegativeboost|p2a: Sneasler|[silent]
|-curestatus|p2b: Garchomp|slp|[msg]
|move|p2b: Garchomp|Earthquake|p1b: Milotic|[spread] p2a,p1b
|-activate|p1a: Ceruledge|move: Protect
|-supereffective|p2a: Sneasler|1
|-damage|p2a: Sneasler|29/100
|-damage|p1b: Milotic|54/100
|move|p1b: Milotic|Muddy Water|p2b: Garchomp|[spread] p2a,p2b
|-damage|p2a: Sneasler|0 fnt
|-damage|p2b: Garchomp|25/100
|faint|p2a: Sneasler
|
|-heal|p1b: Milotic|60/100|[from] item: Leftovers
|upkeep
|
|t:|1782337342
|switch|p2a: Metagross|Metagross, L50|100/100
|turn|10
|inactive|platanoso has 30 seconds left.
|inactive|platanoso has 20 seconds left.
|
|t:|1782337379
|detailschange|p2a: Metagross|Metagross-Mega, L50
|-mega|p2a: Metagross|Metagross|Metagrossite
|move|p1a: Ceruledge|Shadow Sneak|p2a: Metagross
|-supereffective|p2a: Metagross|1
|-damage|p2a: Metagross|52/100
|move|p2a: Metagross|Stomping Tantrum|p1a: Ceruledge
|-supereffective|p1a: Ceruledge|1
|-damage|p1a: Ceruledge|13/100
|move|p2b: Garchomp|Dragon Claw|p1b: Milotic
|-damage|p1b: Milotic|51/100
|move|p1b: Milotic|Hypnosis|p2a: Metagross
|-status|p2a: Metagross|slp|[from] move: Hypnosis
|
|-heal|p1b: Milotic|57/100|[from] item: Leftovers
|-sideend|p2: platinumflare|move: Tailwind
|upkeep
|turn|11
|
|t:|1782337400
|move|p1a: Ceruledge|Protect|p1a: Ceruledge
|-singleturn|p1a: Ceruledge|Protect
|cant|p2a: Metagross|slp
|move|p2b: Garchomp|Rock Slide|p1b: Milotic|[spread] 
|-activate|p1a: Ceruledge|move: Protect
|-miss|p2b: Garchomp|p1b: Milotic
|move|p1b: Milotic|Muddy Water|p2b: Garchomp|[spread] p2a,p2b
|-damage|p2a: Metagross|29/100 slp
|-damage|p2b: Garchomp|2/100
|-unboost|p2b: Garchomp|accuracy|1
|
|-heal|p1b: Milotic|63/100|[from] item: Leftovers
|upkeep
|turn|12
|-message|platinumflare forfeited.
|
|win|platanoso
||platinumflare is ready for game 2.
|inactive|platanoso has 30 seconds to confirm battle start!
||platanoso is ready for game 2.
|uhtml|next|Next: Game 2 of 3
