|j|☆Rodrigo21amz
|j|☆sedrav
|html|Rodrigo21amzsedrav    
|uhtml|bestof|Game 1 of a best-of-3
|t:|1757043323
|gametype|doubles
|player|p1|Rodrigo21amz|volkner|1282
|player|p2|sedrav|hilbert|1242
|gen|9
|tier|[Gen 9] VGC 2025 Reg H (Bo3)
|rated|
|rule|Species Clause: Limit one of each Pokémon
|rule|Item Clause: Limit 1 of each item
|clearpoke
|poke|p1|Ursaluna-Bloodmoon, L50, M|
|poke|p1|Electabuzz, L50, F|
|poke|p1|Sneasler, L50, M|
|poke|p1|Dragonite, L50, F|
|poke|p1|Rillaboom, L50, F|
|poke|p1|Volcarona, L50, M|
|poke|p2|Garchomp, L50, M|
|poke|p2|Gholdengo, L50|
|poke|p2|Tyranitar, L50, M|
|poke|p2|Amoonguss, L50, M|
|poke|p2|Kilowattrel, L50, F|
|poke|p2|Incineroar, L50, M|
|teampreview|4
|showteam|p1|Ursaluna-Bloodmoon||LifeOrb|MindsEye|BloodMoon,HyperVoice,EarthPower,Protect|||M|||50|,,,,,Normal]Electabuzz||Eviolite|VitalSpirit|FollowMe,Electroweb,Taunt,Protect|||F|||50|,,,,,Fairy]Sneasler||FocusSash|PoisonTouch|FakeOut,DireClaw,CloseCombat,Protect|||M|||50|,,,,,Stellar]Dragonite||LoadedDice|Multiscale|Haze,ScaleShot,Protect,ExtremeSpeed|||F|||50|,,,,,Steel]Rillaboom||AssaultVest|GrassySurge|WoodHammer,FakeOut,GrassyGlide,HighHorsepower|||F|||50|,,,,,Fire]Volcarona||Leftovers|FlameBody|QuiverDance,Protect,TeraBlast,HeatWave|||M|||50|,,,,,Fairy
|showteam|p2|Garchomp||LifeOrb|RoughSkin|DragonClaw,StompingTantrum,Earthquake,Protect|||M|||50|,,,,,Ground]Gholdengo||MetalCoat|GoodasGold|MakeItRain,ShadowBall,NastyPlot,Protect||||||50|,,,,,Flying]Tyranitar||AssaultVest|SandStream|RockSlide,KnockOff,LowKick,TeraBlast|||M|||50|,,,,,Flying]Amoonguss||SitrusBerry|Regenerator|Spore,RagePowder,PollenPuff,Protect|||M|||50|,,,,,Water]Kilowattrel||FocusSash|Competitive|AirSlash,Tailwind,VoltSwitch,Protect|||F|||50|,,,,,Ghost]Incineroar||SafetyGoggles|Intimidate|FakeOut,FlareBlitz,KnockOff,PartingShot|||M|||50|,,,,,Ghost
|inactive|Battle timer is ON: inactive players will automatically lose when time's up. (requested by sedrav)
|inactive|Rodrigo21amz has 60 seconds left.
|inactive|sedrav has 60 seconds left.
|inactive|sedrav has 30 seconds left.
|
|t:|1757043393
|teamsize|p1|4
|teamsize|p2|4
|start
|switch|p1a: Rillaboom|Rillaboom, L50, F|100/100
|switch|p1b: Volcarona|Volcarona, L50, M|100/100
|switch|p2a: Garchomp|Garchomp, L50, M|100/100
|switch|p2b: Incineroar|Incineroar, L50, M|100/100
|-fieldstart|move: Grassy Terrain|[from] ability: Grassy Surge|[of] p1a: Rillaboom
|-ability|p2b: Incineroar|Intimidate|boost
|-unboost|p1a: Rillaboom|atk|1
|-unboost|p1b: Volcarona|atk|1
|turn|1
|inactive|Rodrigo21amz has 30 seconds left.
|inactive|sedrav has 30 seconds left.
|inactive|sedrav has 20 seconds left.
|
|t:|1757043429
|-terastallize|p1b: Volcarona|Fairy
|move|p1a: Rillaboom|Fake Out|p2b: Incineroar
|-damage|p2b: Incineroar|91/100
|move|p2a: Garchomp|Stomping Tantrum|p1b: Volcarona
|-damage|p1b: Volcarona|44/100
|-damage|p2a: Garchomp|91/100|[from] item: Life Orb
|move|p1b: Volcarona|Quiver Dance|p1b: Volcarona
|-boost|p1b: Volcarona|spa|1
|-boost|p1b: Volcarona|spd|1
|-boost|p1b: Volcarona|spe|1
|cant|p2b: Incineroar|flinch
|
|-heal|p1b: Volcarona|50/100|[from] Grassy Terrain
|-heal|p1b: Volcarona|57/100|[from] item: Leftovers
|-heal|p2a: Garchomp|97/100|[from] Grassy Terrain
|-heal|p2b: Incineroar|97/100|[from] Grassy Terrain
|upkeep
|turn|2
|inactive|Rodrigo21amz has 30 seconds left.
|inactive|sedrav has 30 seconds left.
|inactive|sedrav has 20 seconds left.
|inactive|sedrav has 15 seconds left.
|
|t:|1757043473
|switch|p2b: Tyranitar|Tyranitar, L50, M|100/100
|-weather|Sandstorm|[from] ability: Sand Stream|[of] p2b: Tyranitar
|move|p1b: Volcarona|Protect|p1b: Volcarona
|-singleturn|p1b: Volcarona|Protect
|move|p2a: Garchomp|Stomping Tantrum|p1a: Rillaboom
|-resisted|p1a: Rillaboom
|-damage|p1a: Rillaboom|75/100
|-damage|p2a: Garchomp|87/100|[from] item: Life Orb
|move|p1a: Rillaboom|High Horsepower|p2b: Tyranitar
|-supereffective|p2b: Tyranitar
|-damage|p2b: Tyranitar|60/100
|
|-weather|Sandstorm|[upkeep]
|-damage|p1b: Volcarona|50/100|[from] Sandstorm
|-damage|p1a: Rillaboom|69/100|[from] Sandstorm
|-heal|p1b: Volcarona|57/100|[from] Grassy Terrain
|-heal|p1b: Volcarona|63/100|[from] item: Leftovers
|-heal|p2a: Garchomp|93/100|[from] Grassy Terrain
|-heal|p1a: Rillaboom|75/100|[from] Grassy Terrain
|-heal|p2b: Tyranitar|66/100|[from] Grassy Terrain
|upkeep
|turn|3
|inactive|Rodrigo21amz has 30 seconds left.
|inactive|sedrav has 30 seconds left.
|inactive|Rodrigo21amz has 20 seconds left.
|
|t:|1757043511
|-terastallize|p2b: Tyranitar|Flying
|move|p2a: Garchomp|Protect|p2a: Garchomp
|-singleturn|p2a: Garchomp|Protect
|move|p1a: Rillaboom|Grassy Glide|p2b: Tyranitar
|-resisted|p2b: Tyranitar
|-damage|p2b: Tyranitar|55/100
|move|p1b: Volcarona|Tera Blast|p2a: Garchomp|[anim] Tera Blast Fairy
|-activate|p2a: Garchomp|move: Protect
|move|p2b: Tyranitar|Tera Blast|p1b: Volcarona|[anim] Tera Blast Flying
|-damage|p1b: Volcarona|11/100
|
|-weather|Sandstorm|[upkeep]
|-damage|p1b: Volcarona|5/100|[from] Sandstorm
|-damage|p1a: Rillaboom|69/100|[from] Sandstorm
|-damage|p2b: Tyranitar|49/100|[from] Sandstorm
|-heal|p1b: Volcarona|11/100|[from] Grassy Terrain
|-heal|p1b: Volcarona|18/100|[from] item: Leftovers
|-heal|p2a: Garchomp|99/100|[from] Grassy Terrain
|-heal|p1a: Rillaboom|75/100|[from] Grassy Terrain
|upkeep
|turn|4
|inactive|sedrav has 30 seconds left.
|
|t:|1757043543
|switch|p2a: Incineroar|Incineroar, L50, M|97/100
|-ability|p2a: Incineroar|Intimidate|boost
|-unboost|p1a: Rillaboom|atk|1
|-unboost|p1b: Volcarona|atk|1
|move|p1b: Volcarona|Protect|p1b: Volcarona
|-singleturn|p1b: Volcarona|Protect
|move|p1a: Rillaboom|Wood Hammer|p2a: Incineroar
|-resisted|p2a: Incineroar
|-damage|p2a: Incineroar|78/100
|-damage|p1a: Rillaboom|68/100|[from] Recoil
|move|p2b: Tyranitar|Rock Slide|p1a: Rillaboom|[spread] p1a
|-activate|p1b: Volcarona|move: Protect
|-damage|p1a: Rillaboom|36/100
|
|-weather|Sandstorm|[upkeep]
|-damage|p1b: Volcarona|11/100|[from] Sandstorm
|-damage|p1a: Rillaboom|30/100|[from] Sandstorm
|-damage|p2b: Tyranitar|43/100|[from] Sandstorm
|-heal|p1b: Volcarona|18/100|[from] Grassy Terrain
|-heal|p1b: Volcarona|24/100|[from] item: Leftovers
|-heal|p1a: Rillaboom|36/100|[from] Grassy Terrain
|-heal|p2a: Incineroar|84/100|[from] Grassy Terrain
|upkeep
|turn|5
|
|t:|1757043565
|move|p2a: Incineroar|Fake Out|p1b: Volcarona
|-damage|p1b: Volcarona|8/100
|cant|p1b: Volcarona|flinch
|move|p1a: Rillaboom|High Horsepower|p2a: Incineroar
|-supereffective|p2a: Incineroar
|-damage|p2a: Incineroar|53/100
|move|p2b: Tyranitar|Rock Slide|p1b: Volcarona|[spread] p1a,p1b
|-damage|p1a: Rillaboom|8/100
|-damage|p1b: Volcarona|0 fnt
|faint|p1b: Volcarona
|
|-weather|Sandstorm|[upkeep]
|-damage|p1a: Rillaboom|2/100|[from] Sandstorm
|-damage|p2b: Tyranitar|37/100|[from] Sandstorm
|-heal|p1a: Rillaboom|8/100|[from] Grassy Terrain
|-heal|p2a: Incineroar|59/100|[from] Grassy Terrain
|-fieldend|move: Grassy Terrain
|upkeep
|
|t:|1757043583
|switch|p1b: Sneasler|Sneasler, L50, M|100/100
|turn|6
|inactive|sedrav has 30 seconds left.
|
|t:|1757043615
|switch|p1a: Ursaluna|Ursaluna-Bloodmoon, L50, M|100/100
|switch|p2a: Gholdengo|Gholdengo, L50|100/100
|switch|p2b: Garchomp|Garchomp, L50, M|99/100
|move|p1b: Sneasler|Dire Claw|p2b: Garchomp
|-resisted|p2b: Garchomp
|-damage|p2b: Garchomp|77/100
|-damage|p1b: Sneasler|88/100|[from] ability: Rough Skin|[of] p2b: Garchomp
|
|-weather|none
|upkeep
|turn|7
|inactive|sedrav has 30 seconds left.
|
|t:|1757043648
|switch|p2a: Tyranitar|Tyranitar, L50, M, tera:Flying|37/100
|-weather|Sandstorm|[from] ability: Sand Stream|[of] p2a: Tyranitar
|move|p1b: Sneasler|Protect|p1b: Sneasler
|-singleturn|p1b: Sneasler|Protect
|move|p2b: Garchomp|Earthquake|p1b: Sneasler|[spread] p1a
|-activate|p1b: Sneasler|move: Protect
|-immune|p2a: Tyranitar
|-damage|p1a: Ursaluna|59/100
|-damage|p2b: Garchomp|67/100|[from] item: Life Orb
|move|p1a: Ursaluna|Earth Power|p2a: Tyranitar
|-immune|p2a: Tyranitar
|
|-weather|Sandstorm|[upkeep]
|-damage|p1b: Sneasler|83/100|[from] Sandstorm
|-damage|p2a: Tyranitar|31/100|[from] Sandstorm
|upkeep
|turn|8
|
|t:|1757043670
|switch|p1b: Rillaboom|Rillaboom, L50, F|8/100
|-fieldstart|move: Grassy Terrain|[from] ability: Grassy Surge|[of] p1b: Rillaboom
|move|p2b: Garchomp|Dragon Claw|p1b: Rillaboom
|-damage|p1b: Rillaboom|0 fnt
|faint|p1b: Rillaboom
|-damage|p2b: Garchomp|57/100|[from] item: Life Orb
|move|p2a: Tyranitar|Low Kick|p1a: Ursaluna
|-supereffective|p1a: Ursaluna
|-damage|p1a: Ursaluna|0 fnt
|faint|p1a: Ursaluna
|
|-weather|Sandstorm|[upkeep]
|-damage|p2a: Tyranitar|25/100|[from] Sandstorm
|-heal|p2b: Garchomp|63/100|[from] Grassy Terrain
|upkeep
|l|☆Rodrigo21amz
|inactive|Rodrigo21amz disconnected and has a minute to reconnect!
|player|p1|
|j|☆Rodrigo21amz
|inactive|Rodrigo21amz reconnected and has 35 seconds left.
|player|p1|Rodrigo21amz|volkner|
|inactive|Rodrigo21amz has 30 seconds left.
|inactive|Rodrigo21amz has 20 seconds left.
|-message|Rodrigo21amz forfeited.
|
|win|sedrav
|l|☆Rodrigo21amz
|player|p1|
||Rodrigo21amz is ready for game 2.
