|j|☆CrystalGem02
|j|☆arthur.ayms
|html|CrystalGem02arthur.ayms    
|uhtml|bestof|Game 1 of a best-of-3
|t:|1757856402
|gametype|doubles
|player|p1|CrystalGem02|valerie|1398
|player|p2|arthur.ayms|2|1267
|gen|9
|tier|[Gen 9] VGC 2025 Reg H (Bo3)
|rated|
|rule|Species Clause: Limit one of each Pokémon
|rule|Item Clause: Limit 1 of each item
|clearpoke
|poke|p1|Electabuzz, L50, M|
|poke|p1|Kingambit, L50, F|
|poke|p1|Volcarona, L50, M|
|poke|p1|Dragonite, L50, F|
|poke|p1|Sneasler, L50, M|
|poke|p1|Rillaboom, L50, M|
|poke|p2|Ursaluna-Bloodmoon, L50, M|
|poke|p2|Indeedee, L50, M|
|poke|p2|Decidueye-Hisui, L50, F|
|poke|p2|Talonflame, L50, F|
|poke|p2|Sneasler, L50, M|
|poke|p2|Electabuzz, L50, M|
|teampreview|4
|showteam|p1|Electabuzz||Eviolite|VitalSpirit|Thunderbolt,FollowMe,Taunt,Protect|||M|||50|,,,,,Ghost]Kingambit||BlackGlasses|Defiant|KowtowCleave,SuckerPunch,SwordsDance,Protect|||F|||50|,,,,,Dark]Volcarona||Leftovers|FlameBody|HeatWave,TeraBlast,QuiverDance,Protect|||M|||50|,,,,,Fairy]Dragonite||LoadedDice|Multiscale|ScaleShot,ExtremeSpeed,Haze,Protect|||F|||50|,,,,,Fairy]Sneasler||FocusSash|Unburden|DireClaw,CloseCombat,Coaching,FakeOut|||M|||50|,,,,,Stellar]Rillaboom||AssaultVest|GrassySurge|WoodHammer,GrassyGlide,HighHorsepower,FakeOut|||M|||50|,,,,,Fire
|showteam|p2|Ursaluna-Bloodmoon||LifeOrb|MindsEye|HyperVoice,EarthPower,BloodMoon,Protect|||M|||50|,,,,,Normal]Indeedee||FocusSash|PsychicSurge|ExpandingForce,Imprison,TrickRoom,DazzlingGleam|||M|||50|,,,,,Fairy]Decidueye-Hisui||RazorClaw|Scrappy|TripleArrows,LeafBlade,Haze,Protect|||F|||50|,,,,,Fire]Talonflame||CovertCloak|GaleWings|Tailwind,DualWingbeat,FlareBlitz,SunnyDay|||F|||50|,,,,,Steel]Sneasler||PsychicSeed|Unburden|ThroatChop,DireClaw,CloseCombat,Protect|||M|||50|,,,,,Dark]Electabuzz||Eviolite|VitalSpirit|FollowMe,Electroweb,Taunt,LightScreen|||M|||50|,,,,,Ghost
|inactive|Battle timer is ON: inactive players will automatically lose when time's up. (requested by arthur.ayms)
|
|t:|1757856460
|teamsize|p1|4
|teamsize|p2|4
|start
|switch|p1a: Electabuzz|Electabuzz, L50, M, shiny|100/100
|switch|p1b: Volcarona|Volcarona, L50, M, shiny|100/100
|switch|p2a: Talonflame|Talonflame, L50, F|100/100
|switch|p2b: Ursaluna|Ursaluna-Bloodmoon, L50, M|100/100
|turn|1
|
|t:|1757856477
|move|p1a: Electabuzz|Follow Me|p1a: Electabuzz
|-singleturn|p1a: Electabuzz|move: Follow Me
|move|p2a: Talonflame|Tailwind|p2a: Talonflame
|-sidestart|p2: arthur.ayms|move: Tailwind
|move|p2b: Ursaluna|Earth Power|p1a: Electabuzz
|-supereffective|p1a: Electabuzz
|-damage|p1a: Electabuzz|0 fnt
|faint|p1a: Electabuzz
|-damage|p2b: Ursaluna|91/100|[from] item: Life Orb
|move|p1b: Volcarona|Quiver Dance|p1b: Volcarona
|-boost|p1b: Volcarona|spa|1
|-boost|p1b: Volcarona|spd|1
|-boost|p1b: Volcarona|spe|1
|
|upkeep
|
|t:|1757856494
|switch|p1a: Rillaboom|Rillaboom, L50, M, shiny|100/100
|-fieldstart|move: Grassy Terrain|[from] ability: Grassy Surge|[of] p1a: Rillaboom
|turn|2
|
|t:|1757856510
|-terastallize|p1b: Volcarona|Fairy
|-terastallize|p2b: Ursaluna|Normal
|move|p1a: Rillaboom|Fake Out|p2b: Ursaluna
|-damage|p2b: Ursaluna|79/100
|move|p2a: Talonflame|Dual Wingbeat|p1b: Volcarona
|-damage|p1b: Volcarona|84/100
|-damage|p1b: Volcarona|69/100
|-hitcount|p1b: Volcarona|2
|move|p1b: Volcarona|Quiver Dance|p1b: Volcarona
|-boost|p1b: Volcarona|spa|1
|-boost|p1b: Volcarona|spd|1
|-boost|p1b: Volcarona|spe|1
|cant|p2b: Ursaluna|flinch
|
|-heal|p1b: Volcarona|75/100|[from] Grassy Terrain
|-heal|p1b: Volcarona|81/100|[from] item: Leftovers
|-heal|p2b: Ursaluna|85/100|[from] Grassy Terrain
|upkeep
|turn|3
|inactive|CrystalGem02 has 30 seconds left.
|inactive|arthur.ayms has 30 seconds left.
|
|t:|1757856543
|move|p1a: Rillaboom|Grassy Glide|p2b: Ursaluna
|-damage|p2b: Ursaluna|57/100
|move|p2a: Talonflame|Flare Blitz|p1b: Volcarona
|-damage|p1b: Volcarona|31/100
|-damage|p2a: Talonflame|80/100|[from] Recoil
|move|p1b: Volcarona|Heat Wave|p2b: Ursaluna|[spread] p2a,p2b
|-resisted|p2a: Talonflame
|-damage|p2a: Talonflame|26/100
|-damage|p2b: Ursaluna|0 fnt
|faint|p2b: Ursaluna
|
|-heal|p1b: Volcarona|37/100|[from] Grassy Terrain
|-heal|p1b: Volcarona|44/100|[from] item: Leftovers
|upkeep
|
|t:|1757856559
|switch|p2b: Indeedee|Indeedee, L50, M|100/100
|-fieldstart|move: Psychic Terrain|[from] ability: Psychic Surge|[of] p2b: Indeedee
|turn|4
|
|t:|1757856576
|switch|p1a: Kingambit|Kingambit, L50, F, shiny|100/100
|move|p1b: Volcarona|Protect|p1b: Volcarona
|-singleturn|p1b: Volcarona|Protect
|move|p2a: Talonflame|Dual Wingbeat|p1a: Kingambit
|-resisted|p1a: Kingambit
|-damage|p1a: Kingambit|95/100
|-resisted|p1a: Kingambit
|-damage|p1a: Kingambit|89/100
|-hitcount|p1a: Kingambit|2
|move|p2b: Indeedee|Expanding Force|p1a: Kingambit|[spread] 
|-activate|p1b: Volcarona|move: Protect
|-immune|p1a: Kingambit
|
|-heal|p1b: Volcarona|50/100|[from] item: Leftovers
|-sideend|p2: arthur.ayms|move: Tailwind
|upkeep
|turn|5
|
|t:|1757856598
|switch|p1a: Rillaboom|Rillaboom, L50, M, shiny|100/100
|-fieldstart|move: Grassy Terrain|[from] ability: Grassy Surge|[of] p1a: Rillaboom
|move|p1b: Volcarona|Heat Wave|p2a: Talonflame|[spread] p2a,p2b
|-resisted|p2a: Talonflame
|-damage|p2a: Talonflame|0 fnt
|-enditem|p2b: Indeedee|Focus Sash
|-damage|p2b: Indeedee|1/100
|faint|p2a: Talonflame
|move|p2b: Indeedee|Trick Room|p2b: Indeedee
|-fieldstart|move: Trick Room|[of] p2b: Indeedee
|
|-heal|p2b: Indeedee|7/100|[from] Grassy Terrain
|-heal|p1b: Volcarona|56/100|[from] Grassy Terrain
|-heal|p1b: Volcarona|62/100|[from] item: Leftovers
|upkeep
|
|t:|1757856605
|switch|p2a: Decidueye|Decidueye-Hisui, L50, F|100/100
|turn|6
|
|t:|1757856624
|move|p1a: Rillaboom|Fake Out|p2a: Decidueye
|-damage|p2a: Decidueye|84/100
|cant|p2a: Decidueye|flinch
|move|p2b: Indeedee|Dazzling Gleam|p1a: Rillaboom|[spread] p1a,p1b
|-damage|p1a: Rillaboom|85/100
|-damage|p1b: Volcarona|54/100
|move|p1b: Volcarona|Tera Blast|p2b: Indeedee|[anim] Tera Blast Fairy
|-damage|p2b: Indeedee|0 fnt
|faint|p2b: Indeedee
|
|-heal|p2a: Decidueye|90/100|[from] Grassy Terrain
|-heal|p1a: Rillaboom|91/100|[from] Grassy Terrain
|-heal|p1b: Volcarona|60/100|[from] Grassy Terrain
|-heal|p1b: Volcarona|66/100|[from] item: Leftovers
|upkeep
|turn|7
|inactive|arthur.ayms has 30 seconds left.
|
|t:|1757856651
|move|p1b: Volcarona|Protect|p1b: Volcarona
|-singleturn|p1b: Volcarona|Protect
|move|p2a: Decidueye|Haze|p2a: Decidueye
|-clearallboost
|move|p1a: Rillaboom|Wood Hammer|p2a: Decidueye
|-resisted|p2a: Decidueye
|-damage|p2a: Decidueye|39/100
|-damage|p1a: Rillaboom|77/100|[from] Recoil
|
|-heal|p2a: Decidueye|46/100|[from] Grassy Terrain
|-heal|p1a: Rillaboom|83/100|[from] Grassy Terrain
|-heal|p1b: Volcarona|72/100|[from] Grassy Terrain
|-heal|p1b: Volcarona|79/100|[from] item: Leftovers
|upkeep
|turn|8
|
|t:|1757856661
|move|p2a: Decidueye|Leaf Blade|p1b: Volcarona
|-damage|p1b: Volcarona|16/100
|move|p1a: Rillaboom|Wood Hammer|p2a: Decidueye
|-resisted|p2a: Decidueye
|-damage|p2a: Decidueye|0 fnt
|faint|p2a: Decidueye
|-damage|p1a: Rillaboom|70/100|[from] Recoil
|
|win|CrystalGem02
||arthur.ayms is ready for game 2.
||CrystalGem02 is ready for game 2.
|uhtml|next|Next: Game 2 of 3
