|j|☆Glimme
|j|☆syll0gism
|html|Glimmesyll0gism    
|uhtml|bestof|Game 2 of a best-of-3
|t:|1782630910
|gametype|doubles
|player|p1|Glimme|170|1306
|player|p2|syll0gism|170|1202
|gen|9
|tier|[Gen 9 Champions] VGC 2026 Reg M-B (Bo3)
|rated|
|rule|Species Clause: Limit one of each Pokémon
|rule|Item Clause: Limit 1 of each item
|clearpoke
|poke|p1|Charizard, L50, M, shiny|
|poke|p1|Farigiraf, L50, M, shiny|
|poke|p1|Kingambit, L50, M, shiny|
|poke|p1|Sylveon, L50, M, shiny|
|poke|p1|Aerodactyl, L50, M, shiny|
|poke|p1|Garchomp, L50, M, shiny|
|poke|p2|Grimmsnarl, L50, M|
|poke|p2|Annihilape, L50, M|
|poke|p2|Blaziken, L50, F|
|poke|p2|Incineroar, L50, F|
|poke|p2|Milotic, L50, M|
|poke|p2|Floette-Eternal, L50, F|
|teampreview|4
|showteam|p1|Charizard||CharizarditeY|SolarPower|Protect,WeatherBall,HeatWave,SolarBeam|Modest||M|||50|]Farigiraf||ExpertBelt|ArmorTail|HelpingHand,TwinBeam,Thunderbolt,TrickRoom|Bold||M|||50|]Kingambit||FocusSash|Defiant|KowtowCleave,SuckerPunch,IronHead,LowKick|Adamant||M|||50|]Sylveon||FairyFeather|Pixilate|Detect,HyperVoice,HyperBeam,QuickAttack|Modest||M|||50|]Aerodactyl||Aerodactylite|Unnerve|IceFang,RockSlide,DualWingbeat,Tailwind|Jolly||M|||50|]Garchomp||LifeOrb|RoughSkin|Protect,RockSlide,DragonClaw,Earthquake|Adamant||M|||50|
|showteam|p2|Grimmsnarl||BlackGlasses|Prankster|FakeOut,SuckerPunch,SpiritBreak,PartingShot|Adamant||M|||50|]Annihilape||Leftovers|Defiant|RageFist,DrainPunch,BulkUp,Protect|Jolly||M|||50|]Blaziken||Blazikenite|SpeedBoost|CloseCombat,FlareBlitz,RockSlide,Protect|Adamant||F|||50|]Incineroar||SitrusBerry|Intimidate|FakeOut,FlareBlitz,ThroatChop,PartingShot|Jolly||F|||50|]Milotic||LifeOrb|Competitive|Scald,IceBeam,Recover,Protect|Timid||M|||50|]Floette-Eternal||Floettite|FlowerVeil|Moonblast,DrainingKiss,CalmMind,Protect|Modest||F|||50|
|inactive|Battle timer is ON: inactive players will automatically lose when time's up. (requested by Glimme)
|
|t:|1782630939
|teamsize|p1|4
|teamsize|p2|4
|start
|switch|p1a: Kingambit|Kingambit, L50, M, shiny|100/100
|switch|p1b: Aerodactyl|Aerodactyl, L50, M, shiny|100/100
|switch|p2a: Blaziken|Blaziken, L50, F|100/100
|switch|p2b: Incineroar|Incineroar, L50, F|100/100
|-ability|p1b: Aerodactyl|Unnerve
|-ability|p2b: Incineroar|Intimidate|boost
|-unboost|p1a: Kingambit|atk|1
|-ability|p1a: Kingambit|Defiant|boost
|-boost|p1a: Kingambit|atk|2
|-unboost|p1b: Aerodactyl|atk|1
|turn|1
|
|t:|1782630961
|switch|p2a: Annihilape|Annihilape, L50, M|100/100
|switch|p1a: Farigiraf|Farigiraf, L50, M, shiny|100/100
|move|p2b: Incineroar|Fake Out||[still]
|cant|p1a: Farigiraf|ability: Armor Tail|Fake Out|[of] p2b: Incineroar
|move|p1b: Aerodactyl|Tailwind|p1b: Aerodactyl
|-sidestart|p1: Glimme|move: Tailwind
|
|upkeep
|turn|2
|inactive|syll0gism has 30 seconds left.
|
|t:|1782630987
|switch|p1b: Kingambit|Kingambit, L50, M, shiny|100/100
|switch|p2a: Grimmsnarl|Grimmsnarl, L50, M|100/100
|move|p1a: Farigiraf|Twin Beam|p2a: Grimmsnarl
|-immune|p2a: Grimmsnarl
|move|p2b: Incineroar|Throat Chop|p1a: Farigiraf
|-supereffective|p1a: Farigiraf|1
|-damage|p1a: Farigiraf|55/100
|-start|p1a: Farigiraf|Throat Chop|[silent]
|
|upkeep
|turn|3
|
|t:|1782631008
|move|p1b: Kingambit|Iron Head|p2a: Grimmsnarl
|-supereffective|p2a: Grimmsnarl|1
|-damage|p2a: Grimmsnarl|0 fnt
|faint|p2a: Grimmsnarl
|move|p1a: Farigiraf|Thunderbolt|p2b: Incineroar
|-damage|p2b: Incineroar|79/100
|move|p2b: Incineroar|Flare Blitz|p1b: Kingambit
|-supereffective|p1b: Kingambit|1
|-damage|p1b: Kingambit|18/100
|-status|p1b: Kingambit|brn
|-damage|p2b: Incineroar|55/100|[from] Recoil
|
|-damage|p1b: Kingambit|12/100 brn|[from] brn
|-end|p1a: Farigiraf|Throat Chop|[silent]
|upkeep
|c|☆Glimme|lol that inci is dop bro xD
|
|t:|1782631024
|switch|p2a: Blaziken|Blaziken, L50, F|100/100
|turn|4
|
|t:|1782631038
|detailschange|p2a: Blaziken|Blaziken-Mega, L50, F
|-mega|p2a: Blaziken|Blaziken|Blazikenite
|move|p1b: Kingambit|Low Kick|p2b: Incineroar
|-supereffective|p2b: Incineroar|1
|-damage|p2b: Incineroar|26/100
|-enditem|p2b: Incineroar|Sitrus Berry|[eat]
|-heal|p2b: Incineroar|50/100g|[from] item: Sitrus Berry
|move|p1a: Farigiraf|Thunderbolt|p2b: Incineroar
|-damage|p2b: Incineroar|30/100
|move|p2a: Blaziken|Rock Slide|p1b: Kingambit|[spread] p1a,p1b
|-resisted|p1b: Kingambit|1
|-damage|p1a: Farigiraf|35/100
|-damage|p1b: Kingambit|2/100 brn
|move|p2b: Incineroar|Flare Blitz|p1b: Kingambit
|-supereffective|p1b: Kingambit|1
|-crit|p1b: Kingambit
|-damage|p1b: Kingambit|0 fnt
|faint|p1b: Kingambit
|-damage|p2b: Incineroar|29/100|[from] Recoil
|
|-sideend|p1: Glimme|move: Tailwind
|-ability|p2a: Blaziken|Speed Boost|boost
|-boost|p2a: Blaziken|spe|1
|upkeep
|
|t:|1782631052
|switch|p1b: Aerodactyl|Aerodactyl, L50, M, shiny|100/100
|-ability|p1b: Aerodactyl|Unnerve
|turn|5
|inactive|syll0gism has 30 seconds left.
|
|t:|1782631083
|detailschange|p1b: Aerodactyl|Aerodactyl-Mega, L50, M, shiny
|-mega|p1b: Aerodactyl|Aerodactyl|Aerodactylite
|move|p2a: Blaziken|Protect|p2a: Blaziken
|-singleturn|p2a: Blaziken|Protect
|move|p1b: Aerodactyl|Rock Slide|p2a: Blaziken|[spread] p2b
|-activate|p2a: Blaziken|move: Protect
|-supereffective|p2b: Incineroar|1
|-damage|p2b: Incineroar|0 fnt
|faint|p2b: Incineroar
|move|p1a: Farigiraf|Twin Beam|p2a: Blaziken
|-activate|p2a: Blaziken|move: Protect
|
|-ability|p2a: Blaziken|Speed Boost|boost
|-boost|p2a: Blaziken|spe|1
|upkeep
|
|t:|1782631096
|switch|p2b: Annihilape|Annihilape, L50, M|100/100
|turn|6
|inactive|syll0gism has 30 seconds left.
|
|t:|1782631123
|move|p2a: Blaziken|Rock Slide|p1b: Aerodactyl|[spread] p1a,p1b
|-supereffective|p1b: Aerodactyl|1
|-damage|p1a: Farigiraf|15/100
|-damage|p1b: Aerodactyl|42/100
|move|p1b: Aerodactyl|Dual Wingbeat|p2a: Blaziken
|-supereffective|p2a: Blaziken|1
|-damage|p2a: Blaziken|37/100
|-supereffective|p2a: Blaziken|1
|-damage|p2a: Blaziken|0 fnt
|faint|p2a: Blaziken
|-hitcount|p2: Blaziken|2
|move|p2b: Annihilape|Drain Punch|p1b: Aerodactyl
|-damage|p1b: Aerodactyl|12/100
|move|p1a: Farigiraf|Trick Room|p1a: Farigiraf
|-fieldstart|move: Trick Room|[of] p1a: Farigiraf
|
|upkeep
|turn|7
|
|t:|1782631141
|move|p1a: Farigiraf|Twin Beam|p2b: Annihilape
|-supereffective|p2b: Annihilape|1
|-damage|p2b: Annihilape|68/100
|-supereffective|p2b: Annihilape|1
|-damage|p2b: Annihilape|40/100
|-hitcount|p2b: Annihilape|2
|move|p2b: Annihilape|Drain Punch|p1b: Aerodactyl
|-damage|p1b: Aerodactyl|0 fnt
|-heal|p2b: Annihilape|46/100|[from] drain|[of] p1b: Aerodactyl
|faint|p1b: Aerodactyl
|
|-heal|p2b: Annihilape|52/100|[from] item: Leftovers
|upkeep
|
|t:|1782631145
|switch|p1b: Sylveon|Sylveon, L50, M, shiny|100/100
|turn|8
|-message|syll0gism forfeited.
|
|win|Glimme
|raw|Glimme's rating: 1306 → 1320(+14 for winning)
|raw|syll0gism's rating: 1202 → 1184(-18 for losing)
