|j|☆grapejuiceplaysyt
|j|☆ronansting
|html|grapejuiceplaysytronansting    
|uhtml|bestof|Game 2 of a best-of-3
|t:|1754228669
|gametype|doubles
|player|p1|grapejuiceplaysyt|170|1175
|player|p2|ronansting|baker|1249
|gen|9
|tier|[Gen 9] VGC 2025 Reg H (Bo3)
|rated|
|rule|Species Clause: Limit one of each Pokémon
|rule|Item Clause: Limit 1 of each item
|clearpoke
|poke|p1|Charizard, L50, M|
|poke|p1|Torkoal, L50, M|
|poke|p1|Porygon2, L50|
|poke|p1|Incineroar, L50, M|
|poke|p1|Jumpluff, L50, F|
|poke|p1|Ursaluna, L50, F|
|poke|p2|Archaludon, L50, M|
|poke|p2|Pelipper, L50, M|
|poke|p2|Indeedee, L50, M|
|poke|p2|Amoonguss, L50, F|
|poke|p2|Basculegion, L50, M|
|poke|p2|Hydreigon, L50, M|
|teampreview|4
|showteam|p1|Charizard||ChoiceSpecs|SolarPower|HeatWave,Overheat,WeatherBall,AirSlash|||M|||50|,,,,,Ghost]Torkoal||EjectPack|Drought|Eruption,Overheat,HelpingHand,Protect|||M|||50|,,,,,Fire]Porygon2||Eviolite|Download|IceBeam,TeraBlast,TrickRoom,Recover||||||50|,,,,,Fighting]Incineroar||SitrusBerry|Intimidate|FlareBlitz,KnockOff,FakeOut,PartingShot|||M|||50|,,,,,Ghost]Jumpluff||CovertCloak|Chlorophyll|SleepPowder,SunnyDay,RagePowder,Tailwind|||F|||50|,,,,,Water]Ursaluna||FlameOrb|Guts|HeadlongRush,Facade,Earthquake,Protect|||F|||50|,,,,,Ghost
|showteam|p2|Archaludon||AssaultVest|Stamina|ElectroShot,DracoMeteor,BodyPress,FlashCannon|||M|||50|,,,,,Grass]Pelipper||FocusSash|Drizzle|WeatherBall,Hurricane,Tailwind,Protect|||M|||50|,,,,,Ghost]Indeedee||ChoiceScarf|PsychicSurge|ExpandingForce,TeraBlast,Trick,DazzlingGleam|||M|||50|,,,,,Ground]Amoonguss||SitrusBerry|Regenerator|Spore,SludgeBomb,Protect,RagePowder|||F|||50|,,,,,Water]Basculegion||ChoiceBand|SwiftSwim|FlipTurn,WaveCrash,LastRespects,AquaJet|||M|||50|,,,,,Poison]Hydreigon||CovertCloak|Levitate|Taunt,Snarl,DracoMeteor,EarthPower|||M|||50|,,,,,Ghost
|j| legio90
|inactive|Battle timer is ON: inactive players will automatically lose when time's up. (requested by grapejuiceplaysyt)
|
|t:|1754228691
|teamsize|p1|4
|teamsize|p2|4
|start
|switch|p1a: Jumpluff|Jumpluff, L50, F, shiny|100/100
|switch|p1b: Charizard|Charizard, L50, M, shiny|100/100
|switch|p2a: Piedragon|Hydreigon, L50, M|100/100
|switch|p2b: Goodee|Indeedee, L50, M|100/100
|-fieldstart|move: Psychic Terrain|[from] ability: Psychic Surge|[of] p2b: Goodee
|turn|1
|
|t:|1754228709
|move|p2b: Goodee|Trick|p1a: Jumpluff
|-activate|p2b: Goodee|move: Trick|[of] p1a: Jumpluff
|-item|p1a: Jumpluff|Choice Scarf|[from] move: Trick
|-item|p2b: Goodee|Covert Cloak|[from] move: Trick
|move|p1a: Jumpluff|Sleep Powder|p2b: Goodee
|-status|p2b: Goodee|slp|[from] move: Sleep Powder
|move|p1b: Charizard|Heat Wave|p2a: Piedragon|[spread] p2b
|-miss|p1b: Charizard|p2a: Piedragon
|-damage|p2b: Goodee|36/100 slp
|move|p2a: Piedragon|Snarl|p1b: Charizard|[spread] p1a,p1b
|-damage|p1a: Jumpluff|77/100
|-damage|p1b: Charizard|70/100
|-unboost|p1a: Jumpluff|spa|1
|-unboost|p1b: Charizard|spa|1
|
|upkeep
|turn|2
|
|t:|1754228725
|move|p1a: Jumpluff|Sleep Powder|p2a: Piedragon|[miss]
|-miss|p1a: Jumpluff|p2a: Piedragon
|move|p1b: Charizard|Heat Wave|p2b: Goodee|[spread] p2a,p2b
|-resisted|p2a: Piedragon
|-damage|p2a: Piedragon|84/100
|-damage|p2b: Goodee|0 fnt
|faint|p2b: Goodee
|move|p2a: Piedragon|Taunt|p1a: Jumpluff
|-start|p1a: Jumpluff|move: Taunt
|
|upkeep
|
|t:|1754228735
|switch|p2b: Empire|Basculegion, L50, M|100/100
|turn|3
|
|t:|1754228750
|switch|p1a: Incineroar|Incineroar, L50, M, shiny|100/100
|-ability|p1a: Incineroar|Intimidate|boost
|-unboost|p2a: Piedragon|atk|1
|-unboost|p2b: Empire|atk|1
|move|p1b: Charizard|Heat Wave|p2b: Empire|[spread] p2a,p2b
|-resisted|p2a: Piedragon
|-resisted|p2b: Empire
|-damage|p2a: Piedragon|67/100
|-damage|p2b: Empire|81/100
|move|p2a: Piedragon|Earth Power|p1a: Incineroar
|-supereffective|p1a: Incineroar
|-damage|p1a: Incineroar|41/100
|-enditem|p1a: Incineroar|Sitrus Berry|[eat]
|-heal|p1a: Incineroar|66/100|[from] item: Sitrus Berry
|move|p2b: Empire|Flip Turn|p1a: Incineroar
|-supereffective|p1a: Incineroar
|-damage|p1a: Incineroar|15/100
|
|t:|1754228764
|switch|p2b: Smellypper|Pelipper, L50, M|100/100|[from] Flip Turn
|-weather|RainDance|[from] ability: Drizzle|[of] p2b: Smellypper
|
|-weather|RainDance|[upkeep]
|upkeep
|turn|4
|
|t:|1754228776
|switch|p1b: Jumpluff|Jumpluff, L50, F, shiny|77/100
|switch|p2b: Empire|Basculegion, L50, M|81/100
|move|p2a: Piedragon|Snarl|p1b: Jumpluff|[spread] p1a,p1b
|-resisted|p1a: Incineroar
|-damage|p1a: Incineroar|7/100
|-damage|p1b: Jumpluff|53/100
|-unboost|p1a: Incineroar|spa|1
|-unboost|p1b: Jumpluff|spa|1
|move|p1a: Incineroar|Knock Off|p2a: Piedragon
|-resisted|p2a: Piedragon
|-damage|p2a: Piedragon|45/100
|-enditem|p2a: Piedragon|Covert Cloak|[from] move: Knock Off|[of] p1a: Incineroar
|
|-weather|RainDance|[upkeep]
|upkeep
|turn|5
|
|t:|1754228793
|move|p2b: Empire|Last Respects|p1b: Jumpluff
|-damage|p1b: Jumpluff|0 fnt
|faint|p1b: Jumpluff
|move|p2a: Piedragon|Earth Power|p1a: Incineroar
|-supereffective|p1a: Incineroar
|-damage|p1a: Incineroar|0 fnt
|faint|p1a: Incineroar
|
|-weather|RainDance|[upkeep]
|-fieldend|move: Psychic Terrain
|upkeep
|
|t:|1754228800
|switch|p1b: Ursaluna|Ursaluna, L50, F, shiny|100/100
|switch|p1a: Charizard|Charizard, L50, M, shiny|70/100
|turn|6
|
|t:|1754228811
|-terastallize|p2a: Piedragon|Ghost
|move|p1b: Ursaluna|Protect|p1b: Ursaluna
|-singleturn|p1b: Ursaluna|Protect
|move|p2b: Empire|Last Respects|p1a: Charizard
|-damage|p1a: Charizard|0 fnt
|faint|p1a: Charizard
|move|p2a: Piedragon|Draco Meteor|p1b: Ursaluna
|-activate|p1b: Ursaluna|move: Protect
|
|-weather|RainDance|[upkeep]
|-status|p1b: Ursaluna|brn|[from] item: Flame Orb
|upkeep
|turn|7
|c|☆ronansting|gg
|
|t:|1754228830
|switch|p2b: Smellypper|Pelipper, L50, M|100/100
|-terastallize|p1b: Ursaluna|Ghost
|move|p2a: Piedragon|Draco Meteor|p1b: Ursaluna
|-damage|p1b: Ursaluna|39/100 brn
|-unboost|p2a: Piedragon|spa|2
|move|p1b: Ursaluna|Headlong Rush|p2b: Smellypper
|-immune|p2b: Smellypper
|
|-weather|none
|-damage|p1b: Ursaluna|33/100 brn|[from] brn
|upkeep
|turn|8
|
|t:|1754228841
|switch|p2b: Empire|Basculegion, L50, M|81/100
|move|p2a: Piedragon|Snarl|p1b: Ursaluna
|-supereffective|p1b: Ursaluna
|-damage|p1b: Ursaluna|4/100 brn
|-unboost|p1b: Ursaluna|spa|1
|move|p1b: Ursaluna|Facade|p2b: Empire
|-immune|p2b: Empire
|
|-damage|p1b: Ursaluna|0 fnt|[from] brn
|faint|p1b: Ursaluna
|
|win|ronansting
|raw|grapejuiceplaysyt's rating: 1175 → 1155(-20 for losing)
|raw|ronansting's rating: 1249 → 1269(+20 for winning)
