|j|☆thegreatestnone
|j|☆naibot2814
|html|thegreatestnonenaibot2814    
|uhtml|bestof|Game 2 of a best-of-3
|t:|1784760849
|gametype|doubles
|player|p1|thegreatestnone|265|1339
|player|p2|naibot2814|colress|1403
|gen|9
|tier|[Gen 9 Champions] VGC 2026 Reg M-B (Bo3)
|rated|
|rule|Species Clause: Limit one of each Pokémon
|rule|Item Clause: Limit 1 of each item
|clearpoke
|poke|p1|Grimmsnarl, L50, M|
|poke|p1|Toxapex, L50, F|
|poke|p1|Gliscor, L50, F|
|poke|p1|Tyranitar, L50, F|
|poke|p1|Excadrill, L50, F|
|poke|p1|Scovillain, L50, M|
|poke|p2|Gholdengo, L50|
|poke|p2|Kommo-o, L50, M|
|poke|p2|Whimsicott, L50, F|
|poke|p2|Glimmora, L50, M|
|poke|p2|Ninetales-Alola, L50, F|
|poke|p2|Basculegion, L50, M|
|teampreview|4
|showteam|p1|Grimmsnarl||LightClay|Prankster|Taunt,Reflect,PartingShot,LightScreen|Sassy||M|||50|]Toxapex||Leftovers|Regenerator|BanefulBunker,Infestation,Toxic,Recover|Relaxed||F|||50|]Gliscor||PasshoBerry|PoisonHeal|HighHorsepower,Toxic,Protect,StoneEdge|Careful||F|||50|]Tyranitar||ChoiceScarf|SandStream|RockSlide,IcePunch,HighHorsepower,KnockOff|Jolly||F|||50|]Excadrill||FocusSash|SandRush|RockSlide,Earthquake,Protect,IronHead|Adamant||F|||50|]Scovillain||Scovillainite|Chlorophyll|LeechSeed,RagePowder,Protect,Flamethrower|Calm||M|||50|
|showteam|p2|Gholdengo||SpellTag|GoodasGold|ShadowBall,MakeItRain,NastyPlot,Protect|Modest|||||50|]Kommo-o||LifeOrb|Overcoat|ClangingScales,AuraSphere,VacuumWave,Protect|Modest||M|||50|]Whimsicott||FocusSash|Prankster|Tailwind,Encore,Moonblast,Protect|Timid||F|||50|]Glimmora||Glimmoranite|ToxicDebris|PowerGem,SludgeBomb,EarthPower,SpikyShield|Timid||M|||50|]Ninetales-Alola||NeverMeltIce|SnowWarning|Blizzard,AuroraVeil,FreezeDry,Protect|Timid||F|||50|]Basculegion||ChoiceScarf|SwiftSwim|WaveCrash,LastRespects,AquaJet,FlipTurn|Jolly||M|||50|
|
|t:|1784760883
|teamsize|p1|4
|teamsize|p2|4
|start
|switch|p1a: Tyranitar|Tyranitar, L50, F|100/100
|switch|p1b: Excadrill|Excadrill, L50, F|100/100
|switch|p2a: Kommo-o|Kommo-o, L50, M|100/100
|switch|p2b: Glimmora|Glimmora, L50, M|100/100
|-weather|Sandstorm|[from] ability: Sand Stream|[of] p1a: Tyranitar
|turn|1
|
|t:|1784760896
|switch|p1a: Gliscor|Gliscor, L50, F|100/100
|move|p2b: Glimmora|Spiky Shield|p2b: Glimmora
|-singleturn|p2b: Glimmora|move: Protect
|move|p2a: Kommo-o|Vacuum Wave|p1b: Excadrill
|-supereffective|p1b: Excadrill|1
|-damage|p1b: Excadrill|37/100
|-damage|p2a: Kommo-o|90/100|[from] item: Life Orb
|move|p1b: Excadrill|Earthquake|p2a: Kommo-o|[spread] p2a
|-activate|p2b: Glimmora|move: Protect
|-immune|p1a: Gliscor
|-damage|p2a: Kommo-o|42/100
|
|-weather|Sandstorm|[upkeep]
|upkeep
|turn|2
|
|t:|1784760915
|switch|p2b: Whimsicott|Whimsicott, L50, F|100/100
|move|p1b: Excadrill|Protect|p1b: Excadrill
|-singleturn|p1b: Excadrill|Protect
|move|p2a: Kommo-o|Vacuum Wave|p1b: Excadrill
|-activate|p1b: Excadrill|move: Protect
|move|p1a: Gliscor|Toxic|p2a: Kommo-o
|-status|p2a: Kommo-o|tox
|
|-weather|Sandstorm|[upkeep]
|-damage|p2b: Whimsicott|94/100|[from] Sandstorm
|-damage|p2a: Kommo-o|36/100 tox|[from] psn
|upkeep
|turn|3
|
|t:|1784760929
|switch|p1b: Scovillain|Scovillain, L50, M|100/100
|move|p2b: Whimsicott|Tailwind|p2b: Whimsicott
|-sidestart|p2: naibot2814|move: Tailwind
|move|p2a: Kommo-o|Aura Sphere|p1b: Scovillain
|-damage|p1b: Scovillain|44/100
|-damage|p2a: Kommo-o|26/100 tox|[from] item: Life Orb
|move|p1a: Gliscor|Toxic|p2b: Whimsicott
|-status|p2b: Whimsicott|tox
|
|-weather|Sandstorm|[upkeep]
|-damage|p2b: Whimsicott|88/100 tox|[from] Sandstorm
|-damage|p1b: Scovillain|38/100|[from] Sandstorm
|-damage|p2b: Whimsicott|82/100 tox|[from] psn
|-damage|p2a: Kommo-o|15/100 tox|[from] psn
|upkeep
|turn|4
|
|t:|1784760954
|detailschange|p1b: Scovillain|Scovillain-Mega, L50, M
|-mega|p1b: Scovillain|Scovillain|Scovillainite
|move|p1a: Gliscor|Protect|p1a: Gliscor
|-singleturn|p1a: Gliscor|Protect
|move|p1b: Scovillain|Protect|p1b: Scovillain
|-singleturn|p1b: Scovillain|Protect
|move|p2b: Whimsicott|Encore|p1a: Gliscor
|-activate|p1a: Gliscor|move: Protect
|move|p2a: Kommo-o|Clanging Scales|p1a: Gliscor|[spread] 
|-activate|p1a: Gliscor|move: Protect
|-activate|p1b: Scovillain|move: Protect
|
|-weather|Sandstorm|[upkeep]
|-damage|p2b: Whimsicott|76/100 tox|[from] Sandstorm
|-damage|p1b: Scovillain|33/100|[from] Sandstorm
|-damage|p2b: Whimsicott|64/100 tox|[from] psn
|-damage|p2a: Kommo-o|0 fnt|[from] psn
|faint|p2a: Kommo-o
|upkeep
|
|t:|1784760970
|switch|p2a: Glimmora|Glimmora, L50, M|100/100
|turn|5
|
|t:|1784760979
|switch|p1a: Tyranitar|Tyranitar, L50, F|100/100
|detailschange|p2a: Glimmora|Glimmora-Mega, L50, M
|-mega|p2a: Glimmora|Glimmora|Glimmoranite
|move|p1b: Scovillain|Rage Powder|p1b: Scovillain
|-singleturn|p1b: Scovillain|move: Rage Powder
|move|p2b: Whimsicott|Encore|p1a: Tyranitar
|-hint|Since gen 7, Dark is immune to Prankster moves.
|-immune|p1a: Tyranitar
|move|p2a: Glimmora|Power Gem|p1b: Scovillain
|-supereffective|p1b: Scovillain|1
|-damage|p1b: Scovillain|0 fnt
|-status|p2a: Glimmora|brn|[from] ability: Spicy Spray|[of] p1b: Scovillain
|faint|p1b: Scovillain
|
|-weather|none
|-damage|p2b: Whimsicott|47/100 tox|[from] psn
|-damage|p2a: Glimmora|93/100 brn|[from] brn
|upkeep
|
|t:|1784760995
|switch|p1b: Gliscor|Gliscor, L50, F|100/100
|turn|6
|
|t:|1784761011
|move|p2b: Whimsicott|Moonblast|p1a: Tyranitar
|-supereffective|p1a: Tyranitar|1
|-damage|p1a: Tyranitar|27/100
|move|p2a: Glimmora|Earth Power|p1a: Tyranitar
|-supereffective|p1a: Tyranitar|1
|-damage|p1a: Tyranitar|0 fnt
|faint|p1a: Tyranitar
|move|p1b: Gliscor|High Horsepower|p2a: Glimmora|[miss]
|-miss|p1b: Gliscor|p2a: Glimmora
|
|-damage|p2b: Whimsicott|24/100 tox|[from] psn
|-damage|p2a: Glimmora|87/100 brn|[from] brn
|-sideend|p2: naibot2814|move: Tailwind
|upkeep
|
|t:|1784761023
|switch|p1a: Excadrill|Excadrill, L50, F|37/100
|turn|7
|
|t:|1784761034
|move|p2a: Glimmora|Spiky Shield|p2a: Glimmora
|-singleturn|p2a: Glimmora|move: Protect
|move|p2b: Whimsicott|Tailwind|p2b: Whimsicott
|-sidestart|p2: naibot2814|move: Tailwind
|move|p1a: Excadrill|Earthquake|p2a: Glimmora|[spread] p2b
|-activate|p2a: Glimmora|move: Protect
|-immune|p1b: Gliscor
|-resisted|p2b: Whimsicott|1
|-crit|p2b: Whimsicott
|-damage|p2b: Whimsicott|0 fnt
|faint|p2b: Whimsicott
|move|p1b: Gliscor|High Horsepower|p2a: Glimmora
|-activate|p2a: Glimmora|move: Protect
|-damage|p1b: Gliscor|87/100|[from] Spiky Shield|[of] p2a: Glimmora
|
|-damage|p2a: Glimmora|81/100 brn|[from] brn
|upkeep
|
|t:|1784761038
|switch|p2b: Gholdengo|Gholdengo, L50|100/100
|turn|8
|
|t:|1784761053
|move|p2a: Glimmora|Power Gem|p1b: Gliscor
|-damage|p1b: Gliscor|34/100
|move|p2b: Gholdengo|Shadow Ball|p1b: Gliscor
|-damage|p1b: Gliscor|0 fnt
|faint|p1b: Gliscor
|move|p1a: Excadrill|Earthquake|p2a: Glimmora|[spread] p2a,p2b
|-supereffective|p2a: Glimmora|2
|-supereffective|p2b: Gholdengo|1
|-damage|p2a: Glimmora|0 fnt
|-damage|p2b: Gholdengo|16/100
|faint|p2a: Glimmora
|
|upkeep
|turn|9
|
|t:|1784761070
|move|p2b: Gholdengo|Shadow Ball|p1a: Excadrill
|-damage|p1a: Excadrill|0 fnt
|faint|p1a: Excadrill
|
|win|naibot2814
|raw|thegreatestnone's rating: 1339 → 1323(-16 for losing)
|raw|naibot2814's rating: 1403 → 1419(+16 for winning)
|l|☆thegreatestnone
|player|p1|
