|j|â˜†bushidobayleef
|j|â˜†QuickClawExplosion
|html|bushidobayleefQuickClawExplosion    
|uhtml|bestof|Game 2 of a best-of-3
|t:|1783907091
|gametype|doubles
|player|p1|bushidobayleef|acetrainercouple|
|player|p2|QuickClawExplosion|juggler-gen2|
|gen|9
|tier|[Gen 9 Champions] VGC 2026 Reg M-B (Bo3)
|rule|Species Clause: Limit one of each PokÃ©mon
|rule|Item Clause: Limit 1 of each item
|clearpoke
|poke|p1|Chesnaught, L50, M|
|poke|p1|Gyarados, L50, F|
|poke|p1|Weavile, L50, M, shiny|
|poke|p1|Gengar, L50, F, shiny|
|poke|p1|Floette-Eternal, L50, F|
|poke|p1|Mamoswine, L50, M, shiny|
|poke|p2|Floette-Eternal, L50, F|
|poke|p2|Gliscor, L50, M|
|poke|p2|Medicham, L50, M|
|poke|p2|Tyranitar, L50, M|
|poke|p2|Excadrill, L50, F|
|poke|p2|Espathra, L50, F, shiny|
|teampreview|4
|showteam|p1|Chesnaught||Chesnaughtite|Bulletproof|BodyPress,IronDefense,WoodHammer,SpikyShield|Careful||M|||50|]Gyarados||SitrusBerry|Intimidate|Waterfall,IronHead,ThunderWave,RainDance|Careful||F|||50|]Weavile||FocusSash|Pickpocket|KnockOff,FakeOut,IceSpinner,Protect|Jolly||M|||50|]Gengar||ChoiceScarf|CursedBody|ShadowBall,SludgeBomb,FocusBlast,TrickRoom|Timid||F|||50|]Floette-Eternal||KebiaBerry|FlowerVeil|Moonblast,PollenPuff,Psychic,HelpingHand|Bold||F|||50|]Mamoswine||LifeOrb|Oblivious|Earthquake,IcicleCrash,IceShard,Protect|Jolly||M|||50|
|showteam|p2|Floette-Eternal||Floettite|FlowerVeil|CalmMind,Moonblast,DazzlingGleam,Protect|Timid||F|||50|]Gliscor||MentalHerb|HyperCutter|Tailwind,HighHorsepower,DualWingbeat,Protect|Jolly||M|||50|]Medicham||ExpertBelt|PurePower|CloseCombat,FakeOut,ZenHeadbutt,Protect|Jolly||M|||50|]Tyranitar||ChoiceScarf|SandStream|RockSlide,LowKick,KnockOff,AerialAce|Jolly||M|||50|]Excadrill||LifeOrb|SandRush|RockSlide,HighHorsepower,RockTomb,IronHead|Jolly||F|||50|]Espathra||SitrusBerry|SpeedBoost|LuminaCrash,LowKick,FeatherDance,Protect|Naive||F|||50|
|j| Moose32
|j| walshy608
|j| mundie mudsnapper
|j| I AM SPEED PASS
|
|t:|1783907249
|teamsize|p1|4
|teamsize|p2|4
|start
|switch|p1a: MARLON!!!|Chesnaught, L50, M|100/100
|switch|p1b: SIMIDOS|Gyarados, L50, F|100/100
|switch|p2a: Chocoball|Espathra, L50, F, shiny|100/100
|switch|p2b: AZ's Pet Flower|Floette-Eternal, L50, F|100/100
|-ability|p1b: SIMIDOS|Intimidate|boost
|-unboost|p2a: Chocoball|atk|1
|-unboost|p2b: AZ's Pet Flower|atk|1
|turn|1
|j| P3VX
|
|t:|1783907402
|detailschange|p2b: AZ's Pet Flower|Floette-Mega, L50, F
|-mega|p2b: AZ's Pet Flower|Floette|Floettite
|-ability|p2b: AZ's Pet Flower|Fairy Aura
|detailschange|p1a: MARLON!!!|Chesnaught-Mega, L50, M
|-mega|p1a: MARLON!!!|Chesnaught|Chesnaughtite
|move|p2a: Chocoball|Lumina Crash|p1b: SIMIDOS
|-damage|p1b: SIMIDOS|81/100
|-unboost|p1b: SIMIDOS|spd|2
|move|p2b: AZ's Pet Flower|Moonblast|p1b: SIMIDOS
|-damage|p1b: SIMIDOS|0 fnt
|faint|p1b: SIMIDOS
|move|p1a: MARLON!!!|Wood Hammer|p2a: Chocoball
|-damage|p2a: Chocoball|28/100
|-enditem|p2a: Chocoball|Sitrus Berry|[eat]
|-heal|p2a: Chocoball|53/100|[from] item: Sitrus Berry
|-damage|p1a: MARLON!!!|75/100|[from] Recoil
|
|-ability|p2a: Chocoball|Speed Boost|boost
|-boost|p2a: Chocoball|spe|1
|upkeep
|c|â˜†bushidobayleef|aim for the neck
|c|â˜†QuickClawExplosion|owie
|c| I AM SPEED PASS|the pet flower went for the fucking throat
|
|t:|1783907479
|switch|p1b: SUPER SHADOW|Weavile, L50, M, shiny|100/100
|turn|2
|
|t:|1783907613
|move|p2a: Chocoball|Protect|p2a: Chocoball
|-singleturn|p2a: Chocoball|Protect
|move|p2b: AZ's Pet Flower|Protect|p2b: AZ's Pet Flower
|-singleturn|p2b: AZ's Pet Flower|Protect
|move|p1b: SUPER SHADOW|Ice Spinner|p2b: AZ's Pet Flower
|-activate|p2b: AZ's Pet Flower|move: Protect
|move|p1a: MARLON!!!|Wood Hammer|p2b: AZ's Pet Flower
|-activate|p2b: AZ's Pet Flower|move: Protect
|
|-ability|p2a: Chocoball|Speed Boost|boost
|-boost|p2a: Chocoball|spe|1
|upkeep
|turn|3
|
|t:|1783907678
|move|p2a: Chocoball|Feather Dance|p1b: SUPER SHADOW
|-unboost|p1b: SUPER SHADOW|atk|2
|move|p1b: SUPER SHADOW|Knock Off|p2a: Chocoball
|-supereffective|p2a: Chocoball|1
|-damage|p2a: Chocoball|13/100
|move|p2b: AZ's Pet Flower|Moonblast|p1a: MARLON!!!
|-supereffective|p1a: MARLON!!!|1
|-damage|p1a: MARLON!!!|0 fnt
|faint|p1a: MARLON!!!
|
|-ability|p2a: Chocoball|Speed Boost|boost
|-boost|p2a: Chocoball|spe|1
|upkeep
|
|t:|1783907696
|switch|p1a: PUFF PUFF PASS|Floette-Eternal, L50, F|100/100
|turn|4
|c| walshy608|its moves being used that aint ever been used before
|
|t:|1783907748
|move|p2a: Chocoball|Low Kick|p1b: SUPER SHADOW
|-supereffective|p1b: SUPER SHADOW|2
|-damage|p1b: SUPER SHADOW|56/100
|move|p1b: SUPER SHADOW|Knock Off|p2a: Chocoball
|-supereffective|p2a: Chocoball|1
|-damage|p2a: Chocoball|0 fnt
|faint|p2a: Chocoball
|move|p2b: AZ's Pet Flower|Dazzling Gleam|p1b: SUPER SHADOW|[spread] p1a,p1b
|-supereffective|p1b: SUPER SHADOW|1
|-damage|p1a: PUFF PUFF PASS|65/100
|-damage|p1b: SUPER SHADOW|0 fnt
|faint|p1b: SUPER SHADOW
|move|p1a: PUFF PUFF PASS|Moonblast|p2b: AZ's Pet Flower
|-damage|p2b: AZ's Pet Flower|57/100
|
|upkeep
|
|t:|1783907775
|switch|p2a: Doing stuff|Excadrill, L50, F|100/100
|turn|5
|
|t:|1783907806
|switch|p2b: I'm stuff|Tyranitar, L50, M|100/100
|-weather|Sandstorm|[from] ability: Sand Stream|[of] p2b: I'm stuff
|move|p2a: Doing stuff|Iron Head|p1a: PUFF PUFF PASS
|-supereffective|p1a: PUFF PUFF PASS|1
|-damage|p1a: PUFF PUFF PASS|0 fnt
|faint|p1a: PUFF PUFF PASS
|-damage|p2a: Doing stuff|90/100|[from] item: Life Orb
|
|win|QuickClawExplosion
|c|â˜†QuickClawExplosion|ggwp goat
