|j|☆sbhaga34
|j|☆KPR21
|html|sbhaga34KPR21    
|uhtml|bestof|Game 3 of a best-of-3
|t:|1784343544
|gametype|doubles
|player|p1|sbhaga34|hugh|1358
|player|p2|KPR21|marshal|1218
|gen|9
|tier|[Gen 9 Champions] VGC 2026 Reg M-B (Bo3)
|rated|
|rule|Species Clause: Limit one of each Pokémon
|rule|Item Clause: Limit 1 of each item
|clearpoke
|poke|p1|Excadrill, L50, F|
|poke|p1|Tyranitar, L50, F|
|poke|p1|Corviknight, L50, F|
|poke|p1|Rotom-Wash, L50|
|poke|p1|Sinistcha, L50|
|poke|p1|Pyroar, L50, M|
|poke|p2|Tyranitar, L50, F|
|poke|p2|Excadrill, L50, F, shiny|
|poke|p2|Houndstone, L50, M|
|poke|p2|Staraptor, L50, F|
|poke|p2|Rotom-Wash, L50, shiny|
|poke|p2|Hydreigon, L50, M|
|teampreview|4
|showteam|p1|Excadrill||FocusSash|SandRush|Earthquake,IronHead,SwordsDance,Protect|Adamant||F|||50|]Tyranitar||Tyranitarite|SandStream|RockSlide,KnockOff,LowKick,Protect|Adamant||F|||50|]Corviknight||SharpBeak|MirrorArmor|BraveBird,Tailwind,BulkUp,Roost|Careful||F|||50|]Rotom-Wash||ChoiceScarf|Levitate|VoltSwitch,Thunderbolt,Electroweb,HydroPump|Timid|||||50|]Sinistcha||SitrusBerry|Hospitality|MatchaGotcha,TrickRoom,RagePowder,Protect|Calm|||||50|]Pyroar||Pyroarite|Unnerve|Overheat,HeatWave,Flamethrower,Protect|Timid||M|||50|
|showteam|p2|Tyranitar||Tyranitarite|SandStream|Protect,KnockOff,RockSlide,LowKick|Adamant||F|||50|]Excadrill||FocusSash|SandRush|Protect,Earthquake,IronHead,BrickBreak|Adamant||F|||50|]Houndstone||ColburBerry|SandRush|Protect,Snarl,WillOWisp,LastRespects|Jolly||M|||50|]Staraptor||Staraptite|Intimidate|Protect,Tailwind,CloseCombat,BraveBird|Adamant||F|||50|]Rotom-Wash||SitrusBerry|Levitate|Electroweb,HydroPump,Thunderbolt,WillOWisp|Modest|||||50|]Hydreigon||ChoiceScarf|Levitate|Snarl,DragonPulse,DarkPulse,HeatWave|Timid||M|||50|
|inactive|Battle timer is ON: inactive players will automatically lose when time's up. (requested by sbhaga34)
|inactive|KPR21 has 60 seconds left.
|
|t:|1784343585
|teamsize|p1|4
|teamsize|p2|4
|start
|switch|p1a: Corviknight|Corviknight, L50, F|100/100
|switch|p1b: Sinistcha|Sinistcha, L50|100/100
|switch|p2a: Tyranitar|Tyranitar, L50, F|100/100
|switch|p2b: Excadrill|Excadrill, L50, F, shiny|100/100
|-weather|Sandstorm|[from] ability: Sand Stream|[of] p2a: Tyranitar
|turn|1
|inactive|KPR21 has 30 seconds left.
|
|t:|1784343615
|detailschange|p2a: Tyranitar|Tyranitar-Mega, L50, F
|-mega|p2a: Tyranitar|Tyranitar|Tyranitarite
|move|p1b: Sinistcha|Protect|p1b: Sinistcha
|-singleturn|p1b: Sinistcha|Protect
|move|p2b: Excadrill|Brick Break|p1a: Corviknight
|-crit|p1a: Corviknight
|-damage|p1a: Corviknight|64/100
|move|p2a: Tyranitar|Knock Off|p1a: Corviknight
|-damage|p1a: Corviknight|10/100
|-enditem|p1a: Corviknight|Sharp Beak|[from] move: Knock Off|[of] p2a: Tyranitar
|move|p1a: Corviknight|Brave Bird|p2b: Excadrill
|-resisted|p2b: Excadrill|1
|-damage|p2b: Excadrill|71/100
|-damage|p1a: Corviknight|1/100|[from] Recoil
|
|-weather|Sandstorm|[upkeep]
|-damage|p1b: Sinistcha|93/100|[from] Sandstorm
|upkeep
|turn|2
|
|t:|1784343636
|switch|p1b: Rotom|Rotom-Wash, L50|100/100
|move|p2b: Excadrill|Brick Break|p1a: Corviknight
|-damage|p1a: Corviknight|0 fnt
|faint|p1a: Corviknight
|move|p2a: Tyranitar|Knock Off|p1b: Rotom
|-damage|p1b: Rotom|38/100
|-enditem|p1b: Rotom|Choice Scarf|[from] move: Knock Off|[of] p2a: Tyranitar
|
|-weather|Sandstorm|[upkeep]
|-damage|p1b: Rotom|33/100|[from] Sandstorm
|upkeep
|
|t:|1784343644
|switch|p1a: Excadrill|Excadrill, L50, F|100/100
|turn|3
|inactive|KPR21 has 30 seconds left.
|
|t:|1784343671
|switch|p2a: Houndstone|Houndstone, L50, M|100/100
|move|p1a: Excadrill|Earthquake|p2a: Houndstone|[spread] p2a,p2b
|-immune|p1b: Rotom|[from] ability: Levitate
|-supereffective|p2b: Excadrill|1
|-crit|p2b: Excadrill
|-damage|p2a: Houndstone|57/100
|-damage|p2b: Excadrill|0 fnt
|faint|p2b: Excadrill
|move|p1b: Rotom|Hydro Pump|p2a: Houndstone
|-damage|p2a: Houndstone|11/100
|
|-weather|Sandstorm|[upkeep]
|-damage|p1b: Rotom|27/100|[from] Sandstorm
|upkeep
|
|t:|1784343685
|switch|p2b: Rotom|Rotom-Wash, L50, shiny|100/100
|turn|4
|inactive|sbhaga34 has 30 seconds left.
|
|t:|1784343714
|switch|p1b: Sinistcha|Sinistcha, L50|93/100
|move|p1a: Excadrill|Protect|p1a: Excadrill
|-singleturn|p1a: Excadrill|Protect
|move|p2a: Houndstone|Protect|p2a: Houndstone
|-singleturn|p2a: Houndstone|Protect
|move|p2b: Rotom|Will-O-Wisp|p1a: Excadrill
|-activate|p1a: Excadrill|move: Protect
|
|-weather|Sandstorm|[upkeep]
|-damage|p1b: Sinistcha|87/100|[from] Sandstorm
|-damage|p2b: Rotom|94/100|[from] Sandstorm
|upkeep
|turn|5
|inactive|KPR21 has 30 seconds left.
|
|t:|1784343743
|switch|p2a: Tyranitar|Tyranitar-Mega, L50, F|100/100
|move|p1a: Excadrill|Iron Head|p2a: Tyranitar
|-supereffective|p2a: Tyranitar|1
|-damage|p2a: Tyranitar|37/100
|move|p1b: Sinistcha|Matcha Gotcha|p2a: Tyranitar|[spread] p2a,p2b
|-supereffective|p2a: Tyranitar|1
|-supereffective|p2b: Rotom|1
|-damage|p2a: Tyranitar|12/100
|-heal|p1b: Sinistcha|100/100|[from] drain|[of] p2a: Tyranitar
|-damage|p2b: Rotom|43/100
|-enditem|p2b: Rotom|Sitrus Berry|[eat]
|-heal|p2b: Rotom|68/100|[from] item: Sitrus Berry
|move|p2b: Rotom|Thunderbolt|p1a: Excadrill
|-immune|p1a: Excadrill
|
|-weather|none
|upkeep
|turn|6
|
|t:|1784343765
|move|p2a: Tyranitar|Protect|p2a: Tyranitar
|-singleturn|p2a: Tyranitar|Protect
|move|p1a: Excadrill|Iron Head|p2a: Tyranitar
|-activate|p2a: Tyranitar|move: Protect
|move|p1b: Sinistcha|Matcha Gotcha|p2b: Rotom|[spread] p2b
|-activate|p2a: Tyranitar|move: Protect
|-supereffective|p2b: Rotom|1
|-damage|p2b: Rotom|18/100
|move|p2b: Rotom|Will-O-Wisp|p1a: Excadrill
|-status|p1a: Excadrill|brn
|
|-damage|p1a: Excadrill|94/100 brn|[from] brn
|upkeep
|turn|7
|inactive|KPR21 has 30 seconds left.
|
|t:|1784343797
|move|p1a: Excadrill|Iron Head|p2a: Tyranitar
|-supereffective|p2a: Tyranitar|1
|-damage|p2a: Tyranitar|0 fnt
|faint|p2a: Tyranitar
|move|p1b: Sinistcha|Matcha Gotcha|p2b: Rotom|[miss]
|-miss|p1b: Sinistcha|p2b: Rotom
|move|p2b: Rotom|Hydro Pump|p1a: Excadrill
|-supereffective|p1a: Excadrill|1
|-damage|p1a: Excadrill|0 fnt
|faint|p1a: Excadrill
|
|upkeep
|
|t:|1784343808
|switch|p1a: Rotom|Rotom-Wash, L50|27/100
|switch|p2a: Houndstone|Houndstone, L50, M|11/100
|turn|8
|inactive|KPR21 has 30 seconds left.
|
|t:|1784343835
|move|p1a: Rotom|Thunderbolt|p2a: Houndstone
|-damage|p2a: Houndstone|0 fnt
|faint|p2a: Houndstone
|move|p1b: Sinistcha|Matcha Gotcha|p2b: Rotom
|-supereffective|p2b: Rotom|1
|-damage|p2b: Rotom|0 fnt
|faint|p2b: Rotom
|
|win|sbhaga34
|raw|sbhaga34's rating: 1358 → 1370(+12 for winning)
|raw|KPR21's rating: 1218 → 1203(-15 for losing)
