|j|☆Mr. Johnny Test
|html|Mr. Johnny TestTheLeoj    
|uhtml|bestof|Game 3 of a best-of-3
|t:|1784055872
|gametype|doubles
|player|p1|Mr. Johnny Test|265|1122
|player|p2|TheLeoj|265|1126
|gen|9
|tier|[Gen 9 Champions] VGC 2026 Reg M-B (Bo3)
|rated|
|rule|Species Clause: Limit one of each Pokémon
|rule|Item Clause: Limit 1 of each item
|clearpoke
|poke|p1|Mawile, L50, F, shiny|
|poke|p1|Charizard, L50, M|
|poke|p1|Sinistcha-Masterpiece, L50, shiny|
|poke|p1|Milotic, L50, F, shiny|
|poke|p1|Whimsicott, L50, M, shiny|
|poke|p1|Garchomp, L50, F|
|poke|p2|Raichu, L50, M|
|poke|p2|Primarina, L50, M, shiny|
|poke|p2|Kingambit, L50, M, shiny|
|poke|p2|Incineroar, L50, F, shiny|
|poke|p2|Ninetales-Alola, L50, M, shiny|
|poke|p2|Gengar, L50, M, shiny|
|teampreview|4
|showteam|p1|Mawile||Mawilite|Intimidate|SuckerPunch,IronHead,PlayRough,Protect|Adamant||F|||50|]Charizard||CharizarditeX|Blaze|Protect,FlameCharge,DragonClaw,BellyDrum|Adamant||M|||50|]Sinistcha-Masterpiece||SitrusBerry|Hospitality|LifeDew,RagePowder,TrickRoom,MatchaGotcha|Calm|||||50|]Milotic||Leftovers|Competitive|IcyWind,MuddyWater,Coil,Hypnosis|Bold||F|||50|]Whimsicott||FocusSash|Prankster|Tailwind,GrassyTerrain,Moonblast,Protect|Timid||M|||50|]Garchomp||LifeOrb|RoughSkin|DragonClaw,StompingTantrum,RockSlide,Protect|Jolly||F|||50|
|showteam|p2|Raichu||RaichuniteY|Static|ZapCannon,FocusBlast,FakeOut,Protect|Timid||M|||50|]Primarina||LifeOrb|LiquidVoice|HyperVoice,DazzlingGleam,Protect,Moonblast|Modest||M|||50|]Kingambit||BlackGlasses|Defiant|Protect,KowtowCleave,IronHead,SuckerPunch|Adamant||M|||50|]Incineroar||SitrusBerry|Intimidate|FakeOut,FlareBlitz,DarkestLariat,PartingShot|Adamant||F|||50|]Ninetales-Alola||LightClay|SnowWarning|Protect,Blizzard,AuroraVeil,FreezeDry|Timid||M|||50|]Gengar||Gengarite|CursedBody|Protect,ShadowBall,PerishSong,SludgeBomb|Timid||M|||50|
|inactive|Battle timer is ON: inactive players will automatically lose when time's up. (requested by Mr. Johnny Test)
|inactive|TheLeoj disconnected and has a minute to reconnect!
|j|☆TheLeoj
|inactive|TheLeoj reconnected and has 85 seconds left.
|player|p2|TheLeoj|265|
|inactive|TheLeoj also wants the timer to be on.
|inactive|TheLeoj has 60 seconds left.
|
|t:|1784055958
|teamsize|p1|4
|teamsize|p2|4
|start
|switch|p1a: Daenerys|Mawile, L50, F, shiny|100/100
|switch|p1b: HammerHead|Garchomp, L50, F|100/100
|switch|p2a: Raichu|Raichu, L50, M|100/100
|switch|p2b: Ninetales|Ninetales-Alola, L50, M, shiny|100/100
|-weather|Snowscape|[from] ability: Snow Warning|[of] p2b: Ninetales
|-ability|p1a: Daenerys|Intimidate|boost
|-unboost|p2a: Raichu|atk|1
|-unboost|p2b: Ninetales|atk|1
|turn|1
|inactive|TheLeoj has 30 seconds left.
|
|t:|1784055987
|detailschange|p2a: Raichu|Raichu-Mega-Y, L50, M
|-mega|p2a: Raichu|Raichu|Raichunite Y
|move|p1b: HammerHead|Protect|p1b: HammerHead
|-singleturn|p1b: HammerHead|Protect
|move|p1a: Daenerys|Protect|p1a: Daenerys
|-singleturn|p1a: Daenerys|Protect
|move|p2a: Raichu|Fake Out|p1b: HammerHead
|-activate|p1b: HammerHead|move: Protect
|move|p2b: Ninetales|Blizzard|p1b: HammerHead|[spread] 
|-activate|p1a: Daenerys|move: Protect
|-activate|p1b: HammerHead|move: Protect
|
|-weather|Snowscape|[upkeep]
|upkeep
|turn|2
|
|t:|1784056007
|switch|p1b: Southern|Sinistcha-Masterpiece, L50, shiny|100/100
|detailschange|p1a: Daenerys|Mawile-Mega, L50, F, shiny
|-mega|p1a: Daenerys|Mawile|Mawilite
|move|p2a: Raichu|Protect|p2a: Raichu
|-singleturn|p2a: Raichu|Protect
|move|p2b: Ninetales|Blizzard|p1a: Daenerys|[spread] p1a,p1b
|-resisted|p1a: Daenerys|1
|-supereffective|p1b: Southern|1
|-damage|p1a: Daenerys|84/100
|-damage|p1b: Southern|51/100
|-status|p1b: Southern|frz
|move|p1a: Daenerys|Iron Head|p2b: Ninetales
|-supereffective|p2b: Ninetales|2
|-damage|p2b: Ninetales|0 fnt
|faint|p2b: Ninetales
|
|-weather|Snowscape|[upkeep]
|upkeep
|
|t:|1784056023
|switch|p2b: Primarina|Primarina, L50, M, shiny|100/100
|turn|3
|
|t:|1784056037
|move|p1a: Daenerys|Sucker Punch|p2a: Raichu
|-damage|p2a: Raichu|33/100
|move|p2a: Raichu|Zap Cannon|p1a: Daenerys
|-damage|p1a: Daenerys|15/100
|-status|p1a: Daenerys|par
|-curestatus|p1b: Southern|frz|[from] move: Matcha Gotcha
|move|p1b: Southern|Matcha Gotcha|p2a: Raichu|[spread] p2a,p2b
|-supereffective|p2b: Primarina|1
|-damage|p2a: Raichu|4/100
|-heal|p1b: Southern|65/100|[from] drain|[of] p2a: Raichu
|-damage|p2b: Primarina|57/100
|-heal|p1b: Southern|88/100|[from] drain|[of] p2b: Primarina
|move|p2b: Primarina|Hyper Voice|p1a: Daenerys|[spread] p1a,p1b
|-resisted|p1b: Southern|1
|-damage|p1a: Daenerys|0 fnt
|-damage|p1b: Southern|65/100
|faint|p1a: Daenerys
|-damage|p2b: Primarina|47/100|[from] item: Life Orb
|
|-weather|Snowscape|[upkeep]
|upkeep
|
|t:|1784056060
|switch|p1a: Boa Hancock|Milotic, L50, F, shiny|100/100
|turn|4
|
|t:|1784056070
|switch|p1a: HammerHead|Garchomp, L50, F|100/100
|move|p2a: Raichu|Zap Cannon|p1a: HammerHead
|-immune|p1a: HammerHead
|move|p1b: Southern|Matcha Gotcha|p2b: Primarina|[spread] p2a,p2b
|-supereffective|p2b: Primarina|1
|-damage|p2a: Raichu|0 fnt
|-heal|p1b: Southern|67/100|[from] drain|[of] p2a: Raichu
|-damage|p2b: Primarina|5/100
|-heal|p1b: Southern|89/100|[from] drain|[of] p2b: Primarina
|faint|p2a: Raichu
|move|p2b: Primarina|Dazzling Gleam|p1b: Southern|[spread] p1a,p1b
|-supereffective|p1a: HammerHead|1
|-damage|p1a: HammerHead|10/100
|-damage|p1b: Southern|53/100
|-damage|p2b: Primarina|0 fnt|[from] item: Life Orb
|faint|p2b: Primarina
|
|-weather|Snowscape|[upkeep]
|upkeep
|
|t:|1784056079
|switch|p2b: Kingambit|Kingambit, L50, M, shiny|100/100
|turn|5
|
|t:|1784056094
|move|p1b: Southern|Rage Powder|p1b: Southern
|-singleturn|p1b: Southern|move: Rage Powder
|move|p1a: HammerHead|Stomping Tantrum|p2b: Kingambit
|-supereffective|p2b: Kingambit|1
|-damage|p2b: Kingambit|28/100
|-damage|p1a: HammerHead|1/100|[from] item: Life Orb
|move|p2b: Kingambit|Kowtow Cleave|p1b: Southern
|-supereffective|p1b: Southern|1
|-damage|p1b: Southern|0 fnt
|faint|p1b: Southern
|
|-weather|none
|upkeep
|
|t:|1784056098
|switch|p1b: Boa Hancock|Milotic, L50, F, shiny|100/100
|turn|6
|
|t:|1784056104
|move|p2b: Kingambit|Sucker Punch|p1a: HammerHead
|-damage|p1a: HammerHead|0 fnt
|-damage|p2b: Kingambit|16/100|[from] ability: Rough Skin|[of] p1a: HammerHead
|faint|p1a: HammerHead
|move|p1b: Boa Hancock|Coil|p1b: Boa Hancock
|-boost|p1b: Boa Hancock|atk|1
|-boost|p1b: Boa Hancock|def|1
|-boost|p1b: Boa Hancock|accuracy|1
|
|upkeep
|turn|7
|
|t:|1784056115
|move|p1b: Boa Hancock|Coil|p1b: Boa Hancock
|-boost|p1b: Boa Hancock|atk|1
|-boost|p1b: Boa Hancock|def|1
|-boost|p1b: Boa Hancock|accuracy|1
|move|p2b: Kingambit|Kowtow Cleave|p1b: Boa Hancock
|-damage|p1b: Boa Hancock|75/100
|
|-heal|p1b: Boa Hancock|81/100|[from] item: Leftovers
|upkeep
|turn|8
|
|t:|1784056120
|move|p2b: Kingambit|Sucker Punch||[still]
|-fail|p2b: Kingambit
|move|p1b: Boa Hancock|Hypnosis|p2b: Kingambit
|-status|p2b: Kingambit|slp|[from] move: Hypnosis
|
|-heal|p1b: Boa Hancock|87/100|[from] item: Leftovers
|upkeep
|turn|9
|
|t:|1784056123
|move|p1b: Boa Hancock|Muddy Water|p2b: Kingambit
|-damage|p2b: Kingambit|0 fnt
|faint|p2b: Kingambit
|
|win|Mr. Johnny Test
|raw|Mr. Johnny Test's rating: 1122 → 1147(+25 for winning)
|raw|TheLeoj's rating: 1126 → 1101(-25 for losing)
