|j|☆Jirai Gumomon
|j|☆Trafalgar-Froakie
|html|Jirai GumomonTrafalgar-Froakie    
|uhtml|bestof|Game 2 of a best-of-3
|t:|1756738452
|gametype|doubles
|player|p1|Jirai Gumomon|1|1088
|player|p2|Trafalgar-Froakie|marshal|1000
|gen|9
|tier|[Gen 9] VGC 2025 Reg H (Bo3)
|rated|
|rule|Species Clause: Limit one of each Pokémon
|rule|Item Clause: Limit 1 of each item
|clearpoke
|poke|p1|Dragonite, L50, F|
|poke|p1|Garchomp, L50, M|
|poke|p1|Kingambit, L50, M|
|poke|p1|Talonflame, L50, F|
|poke|p1|Primarina, L50, M|
|poke|p1|Amoonguss, L50, F|
|poke|p2|Archaludon, L50, M|
|poke|p2|Pelipper, L50, F|
|poke|p2|Sinistcha, L50|
|poke|p2|Ursaluna, L50, F|
|poke|p2|Dragonite, L50, M|
|poke|p2|Gholdengo, L50|
|teampreview|4
|showteam|p1|Dragonite||LumBerry|Multiscale|TeraBlast,ExtremeSpeed,LowKick,Protect|||F|||50|,,,,,Flying]Garchomp||LifeOrb|RoughSkin|Earthquake,DragonClaw,StompingTantrum,Protect|||M|||50|,,,,,Steel]Kingambit||AssaultVest|Defiant|KowtowCleave,IronHead,SuckerPunch,LowKick|||M|||50|,,,,,Fire]Talonflame||CovertCloak|GaleWings|BraveBird,Tailwind,WillOWisp,Taunt|||F|||50|,,,,,Ghost]Primarina||SafetyGoggles|LiquidVoice|HyperVoice,Moonblast,Haze,Protect|||M|||50|,,,,,Dragon]Amoonguss||SitrusBerry|Regenerator|PollenPuff,Spore,RagePowder,Protect|||F|||50|,,,,,Water
|showteam|p2|Archaludon||AssaultVest|Stamina|FlashCannon,BodyPress,ElectroShot,Snarl|||M|||50|,,,,,Fighting]Pelipper||FocusSash|Drizzle|Hurricane,MuddyWater,Tailwind,WideGuard|||F|||50|,,,,,Ghost]Sinistcha||SitrusBerry|Hospitality|MatchaGotcha,RagePowder,LifeDew,TrickRoom||||||50|,,,,,Dark]Ursaluna||FlameOrb|Guts|Facade,HeadlongRush,Earthquake,Protect|||F|||50|,,,,,Ghost]Dragonite||LoadedDice|Multiscale|Tailwind,Haze,ScaleShot,Protect|||M|||50|,,,,,Fairy]Gholdengo||ChoiceScarf|GoodasGold|MakeItRain,ShadowBall,TeraBlast,Trick||||||50|,,,,,Water
|
|t:|1756738531
|teamsize|p1|4
|teamsize|p2|4
|start
|switch|p1a: Dragonite|Dragonite, L50, F|100/100
|switch|p1b: Garchomp|Garchomp, L50, M|100/100
|switch|p2a: Dragonite|Dragonite, L50, M|100/100
|switch|p2b: Ursaluna|Ursaluna, L50, F|100/100
|turn|1
|
|t:|1756738569
|-terastallize|p2a: Dragonite|Fairy
|move|p2b: Ursaluna|Protect|p2b: Ursaluna
|-singleturn|p2b: Ursaluna|Protect
|move|p1a: Dragonite|Extreme Speed|p2a: Dragonite
|-damage|p2a: Dragonite|82/100
|move|p1b: Garchomp|Dragon Claw|p2a: Dragonite
|-immune|p2a: Dragonite
|move|p2a: Dragonite|Tailwind|p2a: Dragonite
|-sidestart|p2: Trafalgar-Froakie|move: Tailwind
|
|-status|p2b: Ursaluna|brn|[from] item: Flame Orb
|upkeep
|turn|2
|
|t:|1756738602
|move|p2a: Dragonite|Scale Shot|p1b: Garchomp
|-supereffective|p1b: Garchomp
|-damage|p1b: Garchomp|73/100
|-supereffective|p1b: Garchomp
|-damage|p1b: Garchomp|44/100
|-supereffective|p1b: Garchomp
|-damage|p1b: Garchomp|15/100
|-supereffective|p1b: Garchomp
|-damage|p1b: Garchomp|0 fnt
|faint|p1b: Garchomp
|-hitcount|p1: Garchomp|4
|-unboost|p2a: Dragonite|def|1
|-boost|p2a: Dragonite|spe|1
|move|p2b: Ursaluna|Facade|p1a: Dragonite
|-damage|p1a: Dragonite|41/100
|move|p1a: Dragonite|Low Kick|p2b: Ursaluna
|-supereffective|p2b: Ursaluna
|-damage|p2b: Ursaluna|22/100 brn
|
|-damage|p2b: Ursaluna|16/100 brn|[from] brn
|upkeep
|
|t:|1756738620
|switch|p1b: Primarina|Primarina, L50, M|100/100
|turn|3
|
|t:|1756738634
|switch|p1a: Amoonguss|Amoonguss, L50, F|100/100
|move|p2b: Ursaluna|Protect|p2b: Ursaluna
|-singleturn|p2b: Ursaluna|Protect
|move|p2a: Dragonite|Scale Shot|p1a: Amoonguss
|-damage|p1a: Amoonguss|88/100
|-damage|p1a: Amoonguss|77/100
|-damage|p1a: Amoonguss|63/100
|-damage|p1a: Amoonguss|50/100
|-enditem|p1a: Amoonguss|Sitrus Berry|[eat]
|-heal|p1a: Amoonguss|75/100|[from] item: Sitrus Berry
|-damage|p1a: Amoonguss|62/100
|-hitcount|p1a: Amoonguss|5
|-unboost|p2a: Dragonite|def|1
|-boost|p2a: Dragonite|spe|1
|move|p1b: Primarina|Hyper Voice|p2a: Dragonite|[spread] p2a
|-activate|p2b: Ursaluna|move: Protect
|-damage|p2a: Dragonite|48/100
|
|-damage|p2b: Ursaluna|10/100 brn|[from] brn
|upkeep
|turn|4
|
|t:|1756738676
|switch|p2a: Sinistcha|Sinistcha, L50|100/100
|-heal|p2b: Ursaluna|35/100 brn|[from] ability: Hospitality|[of] p2a: Sinistcha
|move|p2b: Ursaluna|Facade|p1a: Amoonguss
|-damage|p1a: Amoonguss|0 fnt
|faint|p1a: Amoonguss
|move|p1b: Primarina|Moonblast|p2b: Ursaluna
|-damage|p2b: Ursaluna|0 fnt
|faint|p2b: Ursaluna
|
|-sideend|p2: Trafalgar-Froakie|move: Tailwind
|upkeep
|
|t:|1756738692
|switch|p2b: Dragonite|Dragonite, L50, M, tera:Fairy|48/100
|switch|p1a: Dragonite|Dragonite, L50, F|41/100
|turn|5
|
|t:|1756738720
|-terastallize|p1a: Dragonite|Flying
|move|p2a: Sinistcha|Rage Powder|p2a: Sinistcha
|-singleturn|p2a: Sinistcha|move: Rage Powder
|move|p2b: Dragonite|Tailwind|p2b: Dragonite
|-sidestart|p2: Trafalgar-Froakie|move: Tailwind
|move|p1a: Dragonite|Tera Blast|p2a: Sinistcha|[anim] Tera Blast Flying
|-supereffective|p2a: Sinistcha
|-damage|p2a: Sinistcha|0 fnt
|faint|p2a: Sinistcha
|move|p1b: Primarina|Moonblast|p2b: Dragonite
|-damage|p2b: Dragonite|0 fnt
|faint|p2b: Dragonite
|
|upkeep
|
|t:|1756738732
|switch|p2b: Gholdengo|Gholdengo, L50|100/100
|turn|6
|
|t:|1756738748
|move|p2b: Gholdengo|Make It Rain|p1b: Primarina|[spread] p1a,p1b
|-damage|p1a: Dragonite|0 fnt
|-damage|p1b: Primarina|57/100
|-unboost|p2b: Gholdengo|spa|1
|faint|p1a: Dragonite
|move|p1b: Primarina|Hyper Voice|p2b: Gholdengo
|-damage|p2b: Gholdengo|46/100
|
|upkeep
|turn|7
|
|t:|1756738756
|move|p2b: Gholdengo|Make It Rain|p1b: Primarina
|-damage|p1b: Primarina|15/100
|-unboost|p2b: Gholdengo|spa|1
|move|p1b: Primarina|Hyper Voice|p2b: Gholdengo
|-damage|p2b: Gholdengo|0 fnt
|faint|p2b: Gholdengo
|
|win|Jirai Gumomon
||Jirai Gumomon is ready for game 3.
||Trafalgar-Froakie is ready for game 3.
|uhtml|next|Next: Game 3 of 3
|l|☆Jirai Gumomon
|player|p1|
