|j|☆Ah nick 12
|j|☆irongiant9214
|html|Ah nick 12irongiant9214    
|uhtml|bestof|Game 3 of a best-of-3
|t:|1785941835
|gametype|doubles
|player|p1|Ah nick 12|cynthia-gen4|1187
|player|p2|irongiant9214|102|1204
|gen|9
|tier|[Gen 9 Champions] VGC 2026 Reg M-B (Bo3)
|rated|
|rule|Species Clause: Limit one of each Pokémon
|rule|Item Clause: Limit 1 of each item
|clearpoke
|poke|p1|Tyranitar, L50, F|
|poke|p1|Scizor, L50, F|
|poke|p1|Garchomp, L50, F|
|poke|p1|Farigiraf, L50, M|
|poke|p1|Sylveon, L50, M|
|poke|p1|Basculegion, L50, M|
|poke|p2|Whimsicott, L50, M, shiny|
|poke|p2|Kingambit, L50, F|
|poke|p2|Garchomp, L50, F, shiny|
|poke|p2|Charizard, L50, M|
|poke|p2|Floette-Eternal, L50, F|
|poke|p2|Basculegion, L50, M|
|teampreview|4
|showteam|p1|Tyranitar||ChoiceScarf|SandStream|KnockOff,RockSlide,IcePunch,Superpower|Jolly||F|||50|]Scizor||LifeOrb|Technician|BulletPunch,BugBite,Tailwind,Protect|Adamant||F|||50|]Garchomp||Garchompite|RoughSkin|EarthPower,DracoMeteor,PowerGem,Protect|Modest||F|||50|]Farigiraf||SitrusBerry|ArmorTail|Psychic,HelpingHand,TrickRoom,Protect|Calm||M|||50|]Sylveon||FairyFeather|Pixilate|HyperVoice,HyperBeam,QuickAttack,Detect|Modest||M|||50|]Basculegion||MysticWater|Adaptability|WaveCrash,LastRespects,AquaJet,Protect|Adamant||M|||50|
|showteam|p2|Whimsicott||FocusSash|Prankster|Moonblast,Tailwind,Encore,Protect|Timid||M|||50|]Kingambit||ChopleBerry|Defiant|SuckerPunch,LowKick,IronHead,KowtowCleave|Adamant||F|||50|]Garchomp||LifeOrb|RoughSkin|RockSlide,DragonClaw,Earthquake,Protect|Jolly||F|||50|]Charizard||CharizarditeY|Blaze|HeatWave,WeatherBall,SolarBeam,Protect|Modest||M|||50|]Floette-Eternal||Floettite|FlowerVeil|DazzlingGleam,Moonblast,HelpingHand,Protect|Timid||F|||50|]Basculegion||MysticWater|Adaptability|AquaJet,WaveCrash,LastRespects,Protect|Adamant||M|||50|
|inactive|Battle timer is ON: inactive players will automatically lose when time's up. (requested by Ah nick 12)
|
|t:|1785941854
|teamsize|p1|4
|teamsize|p2|4
|start
|switch|p1a: Tyranitar|Tyranitar, L50, F|100/100
|switch|p1b: Farigiraf|Farigiraf, L50, M|100/100
|switch|p2a: Whimsicott|Whimsicott, L50, M, shiny|100/100
|switch|p2b: Charizard|Charizard, L50, M|100/100
|-weather|Sandstorm|[from] ability: Sand Stream|[of] p1a: Tyranitar
|turn|1
|
|t:|1785941873
|switch|p2b: Garchomp|Garchomp, L50, F, shiny|100/100
|move|p1a: Tyranitar|Rock Slide|p2b: Garchomp|[spread] p2a
|-miss|p1a: Tyranitar|p2b: Garchomp
|-damage|p2a: Whimsicott|54/100
|move|p2a: Whimsicott|Moonblast|p1a: Tyranitar
|-supereffective|p1a: Tyranitar|1
|-damage|p1a: Tyranitar|50/100g
|move|p1b: Farigiraf|Trick Room|p1b: Farigiraf
|-fieldstart|move: Trick Room|[of] p1b: Farigiraf
|
|-weather|Sandstorm|[upkeep]
|-damage|p1b: Farigiraf|93/100|[from] Sandstorm
|-damage|p2a: Whimsicott|48/100|[from] Sandstorm
|upkeep
|turn|2
|
|t:|1785941886
|move|p1b: Farigiraf|Psychic|p2b: Garchomp
|-damage|p2b: Garchomp|58/100
|move|p2b: Garchomp|Dragon Claw|p1a: Tyranitar
|-damage|p1a: Tyranitar|1/100
|-damage|p2b: Garchomp|49/100|[from] item: Life Orb
|move|p2a: Whimsicott|Moonblast|p1a: Tyranitar
|-supereffective|p1a: Tyranitar|1
|-damage|p1a: Tyranitar|0 fnt
|faint|p1a: Tyranitar
|
|-weather|Sandstorm|[upkeep]
|-damage|p1b: Farigiraf|87/100|[from] Sandstorm
|-damage|p2a: Whimsicott|42/100|[from] Sandstorm
|upkeep
|
|t:|1785941895
|switch|p1a: Garchomp|Garchomp, L50, F|100/100
|turn|3
|inactive|irongiant9214 has 30 seconds left.
|inactive|irongiant9214 has 20 seconds left.
|inactive|irongiant9214 has 15 seconds left.
|
|t:|1785941938
|switch|p2b: Floette|Floette-Eternal, L50, F|100/100
|detailschange|p1a: Garchomp|Garchomp-Mega, L50, F
|-mega|p1a: Garchomp|Garchomp|Garchompite
|move|p1b: Farigiraf|Psychic|p2a: Whimsicott
|-damage|p2a: Whimsicott|0 fnt
|faint|p2a: Whimsicott
|move|p1a: Garchomp|Power Gem|p2b: Floette
|-damage|p2b: Floette|64/100
|
|-weather|Sandstorm|[upkeep]
|-damage|p1b: Farigiraf|81/100|[from] Sandstorm
|-damage|p2b: Floette|59/100|[from] Sandstorm
|upkeep
|
|t:|1785941943
|switch|p2a: Garchomp|Garchomp, L50, F, shiny|49/100
|turn|4
|
|t:|1785941957
|switch|p1b: Scizor|Scizor, L50, F|100/100
|detailschange|p2b: Floette|Floette-Mega, L50, F
|-mega|p2b: Floette|Floette|Floettite
|-ability|p2b: Floette|Fairy Aura
|move|p1a: Garchomp|Earth Power|p2b: Floette
|-damage|p2b: Floette|10/100
|move|p2a: Garchomp|Dragon Claw|p1a: Garchomp
|-supereffective|p1a: Garchomp|1
|-damage|p1a: Garchomp|23/100
|-damage|p2a: Garchomp|39/100|[from] item: Life Orb
|move|p2b: Floette|Dazzling Gleam|p1b: Scizor|[spread] p1a,p1b
|-supereffective|p1a: Garchomp|1
|-resisted|p1b: Scizor|1
|-crit|p1b: Scizor
|-damage|p1a: Garchomp|0 fnt
|-damage|p1b: Scizor|56/100
|faint|p1a: Garchomp
|
|-weather|Sandstorm|[upkeep]
|-damage|p2b: Floette|5/100|[from] Sandstorm
|upkeep
|
|t:|1785941970
|switch|p1a: Farigiraf|Farigiraf, L50, M|81/100
|turn|5
|
|t:|1785941990
|move|p2b: Floette|Protect|p2b: Floette
|-singleturn|p2b: Floette|Protect
|move|p2a: Garchomp|Protect|p2a: Garchomp
|-singleturn|p2a: Garchomp|Protect
|move|p1a: Farigiraf|Psychic|p2a: Garchomp
|-activate|p2a: Garchomp|move: Protect
|move|p1b: Scizor|Tailwind|p1b: Scizor
|-sidestart|p1: Ah nick 12|move: Tailwind
|
|-weather|none
|-fieldend|move: Trick Room
|upkeep
|turn|6
|inactive|irongiant9214 has 30 seconds left.
|inactive|Ah nick 12 has 30 seconds left.
|inactive|irongiant9214 has 20 seconds left.
|inactive|irongiant9214 has 15 seconds left.
|inactive|Ah nick 12 has 20 seconds left.
|inactive|irongiant9214 has 10 seconds left.
|
|t:|1785942040
|switch|p2b: Charizard|Charizard, L50, M|100/100
|move|p1b: Scizor|Bullet Punch|p2a: Garchomp
|-damage|p2a: Garchomp|0 fnt
|-damage|p1b: Scizor|44/100|[from] ability: Rough Skin|[of] p2a: Garchomp
|faint|p2a: Garchomp
|-damage|p1b: Scizor|34/100|[from] item: Life Orb
|move|p1a: Farigiraf|Psychic|p2b: Charizard
|-damage|p2b: Charizard|55/100
|
|upkeep
|
|t:|1785942043
|switch|p2a: Floette|Floette-Mega, L50, F|5/100
|-ability|p2a: Floette|Fairy Aura
|turn|7
|
|t:|1785942054
|move|p1b: Scizor|Bullet Punch|p2b: Charizard
|-resisted|p2b: Charizard|1
|-damage|p2b: Charizard|30/100
|-damage|p1b: Scizor|25/100|[from] item: Life Orb
|move|p2a: Floette|Dazzling Gleam|p1a: Farigiraf|[spread] p1a,p1b
|-resisted|p1b: Scizor|1
|-damage|p1a: Farigiraf|44/100
|-damage|p1b: Scizor|0 fnt
|-enditem|p1a: Farigiraf|Sitrus Berry|[eat]
|-heal|p1a: Farigiraf|69/100|[from] item: Sitrus Berry
|faint|p1b: Scizor
|move|p1a: Farigiraf|Psychic|p2b: Charizard
|-damage|p2b: Charizard|0 fnt
|faint|p2b: Charizard
|
|upkeep
|turn|8
|
|t:|1785942062
|move|p2a: Floette|Protect|p2a: Floette
|-singleturn|p2a: Floette|Protect
|move|p1a: Farigiraf|Psychic|p2a: Floette
|-activate|p2a: Floette|move: Protect
|
|-sideend|p1: Ah nick 12|move: Tailwind
|upkeep
|turn|9
|
|t:|1785942069
|move|p2a: Floette|Moonblast|p1a: Farigiraf
|-damage|p1a: Farigiraf|5/100
|move|p1a: Farigiraf|Psychic|p2a: Floette
|-damage|p2a: Floette|0 fnt
|faint|p2a: Floette
|
|win|Ah nick 12
|raw|Ah nick 12's rating: 1187 → 1213(+26 for winning)
|raw|irongiant9214's rating: 1204 → 1178(-26 for losing)
|l|☆Ah nick 12
|player|p1|
|c|☆irongiant9214|good
