|j|☆PoorMonVgc
|j|☆dont make me walk
|html|PoorMonVgcdont make me walk    
|uhtml|bestof|Game 1 of a best-of-3
|t:|1756497438
|gametype|doubles
|player|p1|PoorMonVgc|169|1103
|player|p2|dont make me walk|red-masters3|1186
|gen|9
|tier|[Gen 9] VGC 2025 Reg H (Bo3)
|rated|
|rule|Species Clause: Limit one of each Pokémon
|rule|Item Clause: Limit 1 of each item
|clearpoke
|poke|p1|Electabuzz, L50, F|
|poke|p1|Kommo-o, L50, M|
|poke|p1|Sneasler, L50, M|
|poke|p1|Dondozo, L50, F|
|poke|p1|Rillaboom, L50, M|
|poke|p1|Gholdengo, L50|
|poke|p2|Ursaluna-Bloodmoon, L50, M|
|poke|p2|Indeedee, L50, M|
|poke|p2|Sneasler, L50, F|
|poke|p2|Incineroar, L50, F|
|poke|p2|Electabuzz, L50, F|
|poke|p2|Talonflame, L50, F|
|teampreview|4
|showteam|p1|Electabuzz||Eviolite|VitalSpirit|Protect,HelpingHand,FollowMe,Electroweb|||F|||50|,,,,,Grass]Kommo-o||ThroatSpray|Soundproof|ClangingScales,ClangorousSoul,Flamethrower,Protect|||M|||50|,,,,,Fire]Sneasler||FocusSash|Unburden|FakeOut,Protect,DireClaw,CloseCombat|||M|||50|,,,,,Stellar]Dondozo||Leftovers|Unaware|Protect,Yawn,WaveCrash,Fissure|||F|||50|,,,,,Flying]Rillaboom||AssaultVest|GrassySurge|FakeOut,GrassyGlide,WoodHammer,HighHorsepower|||M|||50|,,,,,Fire]Gholdengo||ChoiceSpecs|GoodasGold|DazzlingGleam,MakeItRain,ShadowBall,PowerGem||||||50|,,,,,Fairy
|showteam|p2|Ursaluna-Bloodmoon||LifeOrb|MindsEye|Protect,EarthPower,HyperVoice,BloodMoon|||M|||50|,,,,,Normal]Indeedee||FocusSash|PsychicSurge|ExpandingForce,TeraBlast,TrickRoom,Protect|||M|||50|,,,,,Fighting]Sneasler||PsychicSeed|Unburden|DireClaw,CloseCombat,ThroatChop,Protect|||F|||50|,,,,,Dark]Incineroar||AssaultVest|Intimidate|FakeOut,KnockOff,FlareBlitz,Uturn|||F|||50|,,,,,Grass]Electabuzz||Eviolite|VitalSpirit|Electroweb,Taunt,FollowMe,Protect|||F|||50|,,,,,Ghost]Talonflame||CovertCloak|GaleWings|FlareBlitz,DualWingbeat,WillOWisp,Tailwind|||F|||50|,,,,,Fairy
|inactive|Battle timer is ON: inactive players will automatically lose when time's up. (requested by dont make me walk)
|inactive|dont make me walk has 60 seconds left.
|
|t:|1756497469
|teamsize|p1|4
|teamsize|p2|4
|start
|switch|p1a: Electabuzz|Electabuzz, L50, F|100/100
|switch|p1b: Kommo-o|Kommo-o, L50, M, shiny|100/100
|switch|p2a: Talonflame|Talonflame, L50, F|100/100
|switch|p2b: Ursaluna|Ursaluna-Bloodmoon, L50, M|100/100
|turn|1
|
|t:|1756497481
|move|p2a: Talonflame|Tailwind|p2a: Talonflame
|-sidestart|p2: dont make me walk|move: Tailwind
|move|p2b: Ursaluna|Earth Power|p1a: Electabuzz
|-supereffective|p1a: Electabuzz
|-damage|p1a: Electabuzz|0 fnt
|faint|p1a: Electabuzz
|-damage|p2b: Ursaluna|91/100|[from] item: Life Orb
|move|p1b: Kommo-o|Clangorous Soul|p1b: Kommo-o
|-boost|p1b: Kommo-o|atk|1
|-boost|p1b: Kommo-o|def|1
|-boost|p1b: Kommo-o|spa|1
|-boost|p1b: Kommo-o|spd|1
|-boost|p1b: Kommo-o|spe|1
|-damage|p1b: Kommo-o|68/100
|-enditem|p1b: Kommo-o|Throat Spray
|-boost|p1b: Kommo-o|spa|1|[from] item: Throat Spray
|
|upkeep
|
|t:|1756497489
|switch|p1a: Sneasler|Sneasler, L50, M|100/100
|turn|2
|
|t:|1756497504
|move|p2b: Ursaluna|Protect|p2b: Ursaluna
|-singleturn|p2b: Ursaluna|Protect
|move|p1a: Sneasler|Protect|p1a: Sneasler
|-singleturn|p1a: Sneasler|Protect
|move|p2a: Talonflame|Will-O-Wisp|p1a: Sneasler
|-activate|p1a: Sneasler|move: Protect
|move|p1b: Kommo-o|Clanging Scales|p2b: Ursaluna|[spread] p2a
|-activate|p2b: Ursaluna|move: Protect
|-damage|p2a: Talonflame|18/100
|-unboost|p1b: Kommo-o|def|1
|
|upkeep
|turn|3
|
|t:|1756497522
|-terastallize|p2b: Ursaluna|Normal
|move|p2a: Talonflame|Will-O-Wisp|p1a: Sneasler
|-status|p1a: Sneasler|brn
|move|p1b: Kommo-o|Clanging Scales|p2b: Ursaluna|[spread] p2a,p2b
|-damage|p2a: Talonflame|0 fnt
|-damage|p2b: Ursaluna|20/100
|faint|p2a: Talonflame
|-unboost|p1b: Kommo-o|def|1
|move|p2b: Ursaluna|Blood Moon|p1b: Kommo-o
|-damage|p1b: Kommo-o|0 fnt
|faint|p1b: Kommo-o
|-damage|p2b: Ursaluna|10/100|[from] item: Life Orb
|move|p1a: Sneasler|Close Combat|p2b: Ursaluna
|-supereffective|p2b: Ursaluna
|-damage|p2b: Ursaluna|0 fnt
|-unboost|p1a: Sneasler|def|1
|-unboost|p1a: Sneasler|spd|1
|faint|p2b: Ursaluna
|
|-damage|p1a: Sneasler|95/100 brn|[from] brn
|upkeep
|
|t:|1756497529
|switch|p2a: Indeedee|Indeedee, L50, M|100/100
|switch|p1b: Rillaboom|Rillaboom, L50, M|100/100
|switch|p2b: Sneasler|Sneasler, L50, F|100/100
|-fieldstart|move: Psychic Terrain|[from] ability: Psychic Surge|[of] p2a: Indeedee
|-enditem|p2b: Sneasler|Psychic Seed
|-boost|p2b: Sneasler|spd|1|[from] item: Psychic Seed
|-fieldstart|move: Grassy Terrain|[from] ability: Grassy Surge|[of] p1b: Rillaboom
|turn|4
|
|t:|1756497545
|move|p2b: Sneasler|Protect|p2b: Sneasler
|-singleturn|p2b: Sneasler|Protect
|move|p1a: Sneasler|Protect|p1a: Sneasler
|-singleturn|p1a: Sneasler|Protect
|move|p1b: Rillaboom|Fake Out|p2b: Sneasler
|-activate|p2b: Sneasler|move: Protect
|move|p2a: Indeedee|Expanding Force|p1a: Sneasler
|-activate|p1a: Sneasler|move: Protect
|
|-heal|p1a: Sneasler|100/100 brn|[from] Grassy Terrain
|-damage|p1a: Sneasler|95/100 brn|[from] brn
|-sideend|p2: dont make me walk|move: Tailwind
|upkeep
|turn|5
|
|t:|1756497561
|-terastallize|p1b: Rillaboom|Fire
|move|p1b: Rillaboom|Grassy Glide|p2a: Indeedee
|-damage|p2a: Indeedee|18/100
|move|p2b: Sneasler|Dire Claw|p1b: Rillaboom
|-damage|p1b: Rillaboom|63/100
|-status|p1b: Rillaboom|psn
|move|p1a: Sneasler|Close Combat|p2a: Indeedee
|-damage|p2a: Indeedee|0 fnt
|-unboost|p1a: Sneasler|def|1
|-unboost|p1a: Sneasler|spd|1
|faint|p2a: Indeedee
|
|-heal|p1a: Sneasler|100/100 brn|[from] Grassy Terrain
|-heal|p1b: Rillaboom|69/100 psn|[from] Grassy Terrain
|-damage|p1b: Rillaboom|57/100 psn|[from] psn
|-damage|p1a: Sneasler|95/100 brn|[from] brn
|upkeep
|turn|6
|
|t:|1756497583
|move|p2b: Sneasler|Close Combat|p1b: Rillaboom
|-damage|p1b: Rillaboom|0 fnt
|-unboost|p2b: Sneasler|def|1
|-unboost|p2b: Sneasler|spd|1
|faint|p1b: Rillaboom
|move|p1a: Sneasler|Dire Claw|p2b: Sneasler
|-resisted|p2b: Sneasler
|-damage|p2b: Sneasler|75/100
|
|-heal|p2b: Sneasler|81/100|[from] Grassy Terrain
|-heal|p1a: Sneasler|100/100 brn|[from] Grassy Terrain
|-damage|p1a: Sneasler|95/100 brn|[from] brn
|upkeep
|turn|7
|
|t:|1756497589
|move|p2b: Sneasler|Close Combat|p1a: Sneasler
|-resisted|p1a: Sneasler
|-damage|p1a: Sneasler|0 fnt
|-unboost|p2b: Sneasler|def|1
|-unboost|p2b: Sneasler|spd|1
|faint|p1a: Sneasler
|
|win|dont make me walk
||dont make me walk is ready for game 2.
||PoorMonVgc is ready for game 2.
|uhtml|next|Next: Game 2 of 3
|l|☆PoorMonVgc
|player|p1|
