|j|☆PizzaSanwitch
|j|☆mitchosh
|html|PizzaSanwitchmitchosh    
|uhtml|bestof|Game 2 of a best-of-3
|t:|1784842792
|gametype|doubles
|player|p1|PizzaSanwitch|1|1189
|player|p2|mitchosh|gentleman|1050
|gen|9
|tier|[Gen 9 Champions] VGC 2026 Reg M-B (Bo3)
|rated|
|rule|Species Clause: Limit one of each Pokémon
|rule|Item Clause: Limit 1 of each item
|clearpoke
|poke|p1|Pelipper, L50, M|
|poke|p1|Archaludon, L50, M|
|poke|p1|Venusaur, L50, M|
|poke|p1|Basculegion, L50, M|
|poke|p1|Grimmsnarl, L50, M|
|poke|p1|Charizard, L50, M|
|poke|p2|Politoed, L50, M|
|poke|p2|Swampert, L50, M|
|poke|p2|Pelipper, L50, M|
|poke|p2|Emolga, L50, M|
|poke|p2|Dragapult, L50, M|
|poke|p2|Musharna, L50, M|
|teampreview|4
|showteam|p1|Pelipper||SitrusBerry|Drizzle|WeatherBall,Hurricane,Tailwind,Protect|Modest||M|||50|]Archaludon||Leftovers|Stamina|ElectroShot,FlashCannon,DragonPulse,Protect|Modest||M|||50|]Venusaur||Venusaurite|Chlorophyll|GigaDrain,SludgeBomb,EarthPower,Protect|Modest||M|||50|]Basculegion||ChoiceScarf|Adaptability|WaveCrash,LastRespects,AquaJet,FlipTurn|Jolly||M|||50|]Grimmsnarl||LightClay|Prankster|SpiritBreak,Reflect,LightScreen,PartingShot|Sassy||M|||50|]Charizard||CharizarditeY|SolarPower|HeatWave,WeatherBall,Hurricane,Protect|Modest||M|||50|
|showteam|p2|Politoed||MysticWater|Drizzle|WeatherBall,PerishSong,Encore,Protect|Modest||M|||50|]Swampert||Swampertite|Torrent|WaveCrash,FlipTurn,Earthquake,Protect|Jolly||M|||50|]Pelipper||SharpBeak|Drizzle|Hurricane,Tailwind,HelpingHand,Protect|Timid||M|||50|]Emolga||Magnet|MotorDrive|Thunder,VoltSwitch,Encore,Protect|Timid||M|||50|]Dragapult||SpellTag|Infiltrator|DragonDarts,DragonClaw,PhantomForce,Protect|Jolly||M|||50|]Musharna||TwistedSpoon|Telepathy|Psychic,TrickRoom,HelpingHand,Protect|Quiet||M|||50|
|inactive|Battle timer is ON: inactive players will automatically lose when time's up. (requested by mitchosh)
|
|t:|1784842815
|teamsize|p1|4
|teamsize|p2|4
|start
|switch|p1a: Grimmsnarl|Grimmsnarl, L50, M|100/100
|switch|p1b: Basculegion|Basculegion, L50, M|100/100
|switch|p2a: Politoed|Politoed, L50, M|100/100
|switch|p2b: Dragapult|Dragapult, L50, M|100/100
|-weather|RainDance|[from] ability: Drizzle|[of] p2a: Politoed
|turn|1
|inactive|PizzaSanwitch has 30 seconds left.
|
|t:|1784842846
|move|p1a: Grimmsnarl|Light Screen|p1a: Grimmsnarl
|-sidestart|p1: PizzaSanwitch|move: Light Screen
|move|p2b: Dragapult|Phantom Force||[still]
|-prepare|p2b: Dragapult|Phantom Force
|move|p1b: Basculegion|Flip Turn|p2a: Politoed
|-resisted|p2a: Politoed|1
|-damage|p2a: Politoed|68/100
|j| WHembree
|
|t:|1784842858
|switch|p1b: Archaludon|Archaludon, L50, M|100/100|[from] Flip Turn
|move|p2a: Politoed|Perish Song|p2a: Politoed
|-start|p1a: Grimmsnarl|perish3|[silent]
|-start|p1b: Archaludon|perish3|[silent]
|-start|p2a: Politoed|perish3|[silent]
|-miss|p2a: Politoed|p2b: Dragapult
|-fieldactivate|move: Perish Song
|
|-weather|RainDance|[upkeep]
|-start|p1b: Archaludon|perish3
|-start|p2a: Politoed|perish3
|-start|p1a: Grimmsnarl|perish3
|upkeep
|turn|2
|
|t:|1784842879
|move|p2b: Dragapult|Phantom Force|p1b: Archaludon|[from] lockedmove
|-damage|p1b: Archaludon|61/100
|-ability|p1b: Archaludon|Stamina|boost
|-boost|p1b: Archaludon|def|1
|move|p1b: Archaludon|Dragon Pulse|p2b: Dragapult
|-supereffective|p2b: Dragapult|1
|-damage|p2b: Dragapult|0 fnt
|faint|p2b: Dragapult
|move|p2a: Politoed|Encore|p1a: Grimmsnarl
|-start|p1a: Grimmsnarl|Encore
|move|p1a: Grimmsnarl|Light Screen||[still]
|-fail|p1a: Grimmsnarl
|
|-weather|RainDance|[upkeep]
|-heal|p1b: Archaludon|68/100|[from] item: Leftovers
|-start|p1b: Archaludon|perish2
|-start|p2a: Politoed|perish2
|-start|p1a: Grimmsnarl|perish2
|upkeep
|
|t:|1784842896
|switch|p2b: Swampert|Swampert, L50, M|100/100
|turn|3
|
|t:|1784842916
|switch|p1a: Venusaur|Venusaur, L50, M|100/100
|detailschange|p2b: Swampert|Swampert-Mega, L50, M
|-mega|p2b: Swampert|Swampert|Swampertite
|move|p2b: Swampert|Earthquake|p1a: Venusaur|[spread] p2a,p1a,p1b
|-supereffective|p1b: Archaludon|1
|-damage|p2a: Politoed|17/100
|-damage|p1a: Venusaur|50/100g
|-damage|p1b: Archaludon|27/100
|-ability|p1b: Archaludon|Stamina|boost
|-boost|p1b: Archaludon|def|1
|move|p1b: Archaludon|Electro Shot||[still]
|-prepare|p1b: Archaludon|Electro Shot
|-boost|p1b: Archaludon|spa|1
|-anim|p1b: Archaludon|Electro Shot|p2a: Politoed
|-supereffective|p2a: Politoed|1
|-crit|p2a: Politoed
|-damage|p2a: Politoed|0 fnt
|faint|p2a: Politoed
|
|-weather|RainDance|[upkeep]
|-heal|p1b: Archaludon|33/100|[from] item: Leftovers
|-start|p1b: Archaludon|perish1
|upkeep
|
|t:|1784842936
|switch|p2a: Pelipper|Pelipper, L50, M|100/100
|turn|4
|
|t:|1784842944
|switch|p1b: Grimmsnarl|Grimmsnarl, L50, M|100/100
|detailschange|p1a: Venusaur|Venusaur-Mega, L50, M
|-mega|p1a: Venusaur|Venusaur|Venusaurite
|move|p2a: Pelipper|Helping Hand|p2b: Swampert
|-singleturn|p2b: Swampert|Helping Hand|[of] p2a: Pelipper
|move|p1a: Venusaur|Protect|p1a: Venusaur
|-singleturn|p1a: Venusaur|Protect
|move|p2b: Swampert|Earthquake|p1b: Grimmsnarl|[spread] p1b
|-activate|p1a: Venusaur|move: Protect
|-immune|p2a: Pelipper
|-damage|p1b: Grimmsnarl|23/100
|
|-weather|RainDance|[upkeep]
|upkeep
|turn|5
|
|t:|1784842965
|move|p2a: Pelipper|Helping Hand|p2b: Swampert
|-singleturn|p2b: Swampert|Helping Hand|[of] p2a: Pelipper
|move|p1b: Grimmsnarl|Reflect|p1b: Grimmsnarl
|-sidestart|p1: PizzaSanwitch|Reflect
|move|p2b: Swampert|Earthquake|p1b: Grimmsnarl|[spread] p1a,p1b
|-immune|p2a: Pelipper
|-damage|p1a: Venusaur|16/100
|-damage|p1b: Grimmsnarl|0 fnt
|faint|p1b: Grimmsnarl
|move|p1a: Venusaur|Giga Drain|p2b: Swampert
|-supereffective|p2b: Swampert|2
|-damage|p2b: Swampert|0 fnt
|-heal|p1a: Venusaur|64/100|[from] drain|[of] p2b: Swampert
|faint|p2b: Swampert
|
|-weather|none
|upkeep
|l| WHembree
|
|t:|1784842976
|switch|p1b: Basculegion|Basculegion, L50, M|100/100
|turn|6
|
|t:|1784842982
|move|p1b: Basculegion|Last Respects|p2a: Pelipper
|-damage|p2a: Pelipper|25/100
|move|p2a: Pelipper|Hurricane|p1a: Venusaur
|-supereffective|p1a: Venusaur|1
|-damage|p1a: Venusaur|2/100
|move|p1a: Venusaur|Giga Drain|p2a: Pelipper
|-damage|p2a: Pelipper|0 fnt
|-heal|p1a: Venusaur|11/100|[from] drain|[of] p2a: Pelipper
|faint|p2a: Pelipper
|
|win|PizzaSanwitch
|raw|PizzaSanwitch's rating: 1189 → 1204(+15 for winning)
|raw|mitchosh's rating: 1050 → 1039(-11 for losing)
|l|☆mitchosh
|player|p2|
