|j|☆pinogrezzo
|j|☆ferpshowdown
|html|pinogrezzoferpshowdown    
|uhtml|bestof|Game 3 of a best-of-3
|t:|1784281773
|gametype|doubles
|player|p1|pinogrezzo|101|1233
|player|p2|ferpshowdown|lucas|1249
|gen|9
|tier|[Gen 9 Champions] VGC 2026 Reg M-B (Bo3)
|rated|
|rule|Species Clause: Limit one of each Pokémon
|rule|Item Clause: Limit 1 of each item
|clearpoke
|poke|p1|Staraptor, L50, F, shiny|
|poke|p1|Metagross, L50, shiny|
|poke|p1|Primarina, L50, M, shiny|
|poke|p1|Ceruledge, L50, F, shiny|
|poke|p1|Grimmsnarl, L50, M, shiny|
|poke|p1|Glimmora, L50, F, shiny|
|poke|p2|Charizard, L50, F|
|poke|p2|Garchomp, L50, F|
|poke|p2|Aerodactyl, L50, M|
|poke|p2|Farigiraf, L50, M|
|poke|p2|Kingambit, L50, M|
|poke|p2|Sylveon, L50, F|
|teampreview|4
|showteam|p1|Staraptor||Staraptite|Intimidate|Protect,CloseCombat,DualWingbeat,Roost|Adamant||F|||50|]Metagross||Metagrossite|ClearBody|Protect,IronHead,PsychicFangs,StompingTantrum|Jolly|||||50|]Primarina||MysticWater|LiquidVoice|Protect,Moonblast,HyperVoice,EnergyBall|Modest||M|||50|]Ceruledge||ColburBerry|FlashFire|Protect,BulkUp,BitterBlade,ShadowSneak|Adamant||F|||50|]Grimmsnarl||LightClay|Prankster|PartingShot,SpiritBreak,LightScreen,Reflect|Careful||M|||50|]Glimmora||FocusSash|ToxicDebris|SpikyShield,PowerGem,SludgeBomb,EarthPower|Modest||F|||50|
|showteam|p2|Charizard||CharizarditeY|Blaze|HeatWave,WeatherBall,SolarBeam,Protect|Modest||F|||50|]Garchomp||LifeOrb|RoughSkin|DragonClaw,Earthquake,RockSlide,Protect|Jolly||F|||50|]Aerodactyl||Aerodactylite|RockHead|RockSlide,IceFang,Tailwind,WideGuard|Jolly||M|||50|]Farigiraf||SitrusBerry|ArmorTail|PsychicFangs,Thunderbolt,SunnyDay,TrickRoom|Relaxed||M|||50|]Kingambit||FocusSash|Defiant|KowtowCleave,IronHead,SuckerPunch,LowKick|Adamant||M|||50|]Sylveon||FairyFeather|Pixilate|HyperVoice,HyperBeam,QuickAttack,Detect|Modest||F|||50|
|inactive|Battle timer is ON: inactive players will automatically lose when time's up. (requested by pinogrezzo)
|
|t:|1784281820
|teamsize|p1|4
|teamsize|p2|4
|start
|switch|p1a: Metagross|Metagross, L50, shiny|100/100
|switch|p1b: Grimmsnarl|Grimmsnarl, L50, M, shiny|100/100
|switch|p2a: Aerodactyl|Aerodactyl, L50, M|100/100
|switch|p2b: Garchomp|Garchomp, L50, F|100/100
|turn|1
|
|t:|1784281843
|detailschange|p2a: Aerodactyl|Aerodactyl-Mega, L50, M
|-mega|p2a: Aerodactyl|Aerodactyl|Aerodactylite
|detailschange|p1a: Metagross|Metagross-Mega, L50, shiny
|-mega|p1a: Metagross|Metagross|Metagrossite
|move|p1b: Grimmsnarl|Reflect|p1b: Grimmsnarl
|-sidestart|p1: pinogrezzo|Reflect
|move|p2a: Aerodactyl|Tailwind|p2a: Aerodactyl
|-sidestart|p2: ferpshowdown|move: Tailwind
|move|p2b: Garchomp|Earthquake|p1a: Metagross|[spread] p1a,p1b
|-immune|p2a: Aerodactyl
|-supereffective|p1a: Metagross|1
|-damage|p1a: Metagross|42/100
|-damage|p1b: Grimmsnarl|59/100
|-damage|p2b: Garchomp|90/100|[from] item: Life Orb
|move|p1a: Metagross|Psychic Fangs|p2b: Garchomp
|-damage|p2b: Garchomp|26/100
|-damage|p1a: Metagross|30/100|[from] ability: Rough Skin|[of] p2b: Garchomp
|
|upkeep
|turn|2
|inactive|ferpshowdown has 30 seconds left.
|
|t:|1784281873
|move|p1a: Metagross|Protect|p1a: Metagross
|-singleturn|p1a: Metagross|Protect
|move|p2a: Aerodactyl|Rock Slide|p1b: Grimmsnarl|[spread] p1b
|-activate|p1a: Metagross|move: Protect
|-damage|p1b: Grimmsnarl|33/100
|move|p2b: Garchomp|Earthquake|p1a: Metagross|[spread] p1b
|-activate|p1a: Metagross|move: Protect
|-immune|p2a: Aerodactyl
|-damage|p1b: Grimmsnarl|0 fnt
|faint|p1b: Grimmsnarl
|-damage|p2b: Garchomp|16/100|[from] item: Life Orb
|
|upkeep
|
|t:|1784281884
|switch|p1b: Primarina|Primarina, L50, M, shiny|100/100
|turn|3
|
|t:|1784281896
|move|p2a: Aerodactyl|Rock Slide|p1b: Primarina|[spread] p1a,p1b
|-resisted|p1a: Metagross|1
|-damage|p1a: Metagross|22/100
|-damage|p1b: Primarina|73/100
|move|p2b: Garchomp|Earthquake|p1b: Primarina|[spread] p1a,p1b
|-immune|p2a: Aerodactyl
|-supereffective|p1a: Metagross|1
|-damage|p1a: Metagross|0 fnt
|-damage|p1b: Primarina|29/100
|faint|p1a: Metagross
|-damage|p2b: Garchomp|7/100|[from] item: Life Orb
|move|p1b: Primarina|Hyper Voice|p2a: Aerodactyl|[spread] p2a,p2b
|-supereffective|p2a: Aerodactyl|1
|-damage|p2a: Aerodactyl|0 fnt
|-damage|p2b: Garchomp|0 fnt
|faint|p2a: Aerodactyl
|faint|p2b: Garchomp
|
|upkeep
|
|t:|1784281911
|switch|p2a: Kingambit|Kingambit, L50, M|100/100
|switch|p1a: Ceruledge|Ceruledge, L50, F, shiny|100/100
|switch|p2b: Sylveon|Sylveon, L50, F|100/100
|turn|4
|
|t:|1784281924
|move|p1b: Primarina|Protect|p1b: Primarina
|-singleturn|p1b: Primarina|Protect
|move|p2a: Kingambit|Kowtow Cleave|p1a: Ceruledge
|-supereffective|p1a: Ceruledge|1
|-enditem|p1a: Ceruledge|Colbur Berry|[eat]
|-enditem|p1a: Ceruledge|Colbur Berry|[weaken]
|-damage|p1a: Ceruledge|61/100
|move|p2b: Sylveon|Hyper Voice|p1b: Primarina|[spread] p1a
|-activate|p1b: Primarina|move: Protect
|-resisted|p1a: Ceruledge|1
|-damage|p1a: Ceruledge|36/100
|move|p1a: Ceruledge|Bitter Blade|p2a: Kingambit
|-supereffective|p2a: Kingambit|1
|-damage|p2a: Kingambit|4/100
|-heal|p1a: Ceruledge|82/100|[from] drain|[of] p2a: Kingambit
|
|-sideend|p2: ferpshowdown|move: Tailwind
|upkeep
|turn|5
|inactive|ferpshowdown has 30 seconds left.
|inactive|ferpshowdown has 20 seconds left.
|inactive|ferpshowdown has 15 seconds left.
|
|t:|1784281968
|move|p1a: Ceruledge|Shadow Sneak|p2a: Kingambit
|-resisted|p2a: Kingambit|1
|-damage|p2a: Kingambit|0 fnt
|faint|p2a: Kingambit
|move|p2b: Sylveon|Hyper Voice|p1b: Primarina|[spread] p1a,p1b
|-resisted|p1a: Ceruledge|1
|-damage|p1a: Ceruledge|59/100
|-damage|p1b: Primarina|0 fnt
|faint|p1b: Primarina
|
|upkeep
|turn|6
|
|t:|1784281989
|move|p1a: Ceruledge|Bitter Blade|p2b: Sylveon
|-damage|p2b: Sylveon|41/100
|-heal|p1a: Ceruledge|87/100|[from] drain|[of] p2b: Sylveon
|move|p2b: Sylveon|Hyper Voice|p1a: Ceruledge
|-resisted|p1a: Ceruledge|1
|-damage|p1a: Ceruledge|56/100
|
|upkeep
|turn|7
|
|t:|1784281998
|move|p1a: Ceruledge|Bitter Blade|p2b: Sylveon
|-damage|p2b: Sylveon|0 fnt
|-heal|p1a: Ceruledge|76/100|[from] drain|[of] p2b: Sylveon
|faint|p2b: Sylveon
|
|win|pinogrezzo
|raw|pinogrezzo's rating: 1233 → 1259(+26 for winning)
|raw|ferpshowdown's rating: 1249 → 1223(-26 for losing)
|l|☆pinogrezzo
|player|p1|
