|j|☆Welosethose!
|j|☆Flareblitz54
|html|Welosethose!Flareblitz54    
|uhtml|bestof|Game 2 of a best-of-3
|t:|1756510804
|gametype|doubles
|player|p1|Welosethose!|hilbert|1131
|player|p2|Flareblitz54|gladion|1178
|gen|9
|tier|[Gen 9] VGC 2025 Reg H (Bo3)
|rated|
|rule|Species Clause: Limit one of each Pokémon
|rule|Item Clause: Limit 1 of each item
|clearpoke
|poke|p1|Farigiraf, L50, M|
|poke|p1|Rillaboom, L50, F|
|poke|p1|Incineroar, L50, M|
|poke|p1|Sylveon, L50, M|
|poke|p1|Tyranitar, L50, F|
|poke|p1|Whimsicott, L50, F|
|poke|p2|Ursaluna, L50, F|
|poke|p2|Amoonguss, L50, M|
|poke|p2|Gholdengo, L50|
|poke|p2|Incineroar, L50, M|
|poke|p2|Dragapult, L50, F|
|poke|p2|Farigiraf, L50, F|
|teampreview|4
|showteam|p1|Farigiraf||ThroatSpray|ArmorTail|Protect,TrickRoom,HyperVoice,Psychic|||M|||50|,,,,,Fairy]Rillaboom||MiracleSeed|GrassySurge|FakeOut,HighHorsepower,GrassyGlide,WoodHammer|||F|||50|,,,,,Poison]Incineroar||SafetyGoggles|Intimidate|FakeOut,KnockOff,Taunt,PartingShot|||M|||50|,,,,,Ghost]Sylveon||GrassySeed|Pixilate|Protect,CalmMind,HyperVoice,TeraBlast|||M|||50|,,,,,Fire]Tyranitar||AssaultVest|SandStream|RockSlide,KnockOff,LowKick,TeraBlast|||F|||50|,,,,,Flying]Whimsicott||FocusSash|Prankster|Moonblast,Encore,Tailwind,Protect|||F|||50|,,,,,Ghost
|showteam|p2|Ursaluna||FlameOrb|Guts|HeadlongRush,Facade,Earthquake,Protect|||F|||50|,,,,,Ghost]Amoonguss||RockyHelmet|Regenerator|Spore,RagePowder,PollenPuff,Protect|||M|||50|,,,,,Water]Gholdengo||MetalCoat|GoodasGold|MakeItRain,ShadowBall,NastyPlot,Protect||||||50|,,,,,Water]Incineroar||AssaultVest|Intimidate|KnockOff,FlareBlitz,FakeOut,Uturn|||M|||50|,,,,,Ghost]Dragapult||ChoiceBand|ClearBody|DragonDarts,PhantomForce,Outrage,Uturn|||F|||50|,,,,,Dragon]Farigiraf||SitrusBerry|ArmorTail|ExpandingForce,HelpingHand,Imprison,TrickRoom|||F|||50|,,,,,Water
|inactive|Battle timer is ON: inactive players will automatically lose when time's up. (requested by Flareblitz54)
|
|t:|1756510821
|teamsize|p1|4
|teamsize|p2|4
|start
|switch|p1a: Pasha|Farigiraf, L50, M|100/100
|switch|p1b: Shaobey|Sylveon, L50, M, shiny|100/100
|switch|p2a: Bonk x2!|Dragapult, L50, F|100/100
|switch|p2b: Somehow He|Incineroar, L50, M|100/100
|-ability|p2b: Somehow He|Intimidate|boost
|-unboost|p1a: Pasha|atk|1
|-unboost|p1b: Shaobey|atk|1
|turn|1
|
|t:|1756510842
|move|p2a: Bonk x2!|Phantom Force||[still]
|-prepare|p2a: Bonk x2!|Phantom Force
|move|p1b: Shaobey|Hyper Voice|p2a: Bonk x2!|[spread] p2b
|-miss|p1b: Shaobey|p2a: Bonk x2!
|-damage|p2b: Somehow He|79/100
|move|p2b: Somehow He|Flare Blitz|p1b: Shaobey
|-damage|p1b: Shaobey|48/100
|-damage|p2b: Somehow He|64/100|[from] Recoil
|move|p1a: Pasha|Hyper Voice|p2b: Somehow He|[spread] p2b
|-miss|p1a: Pasha|p2a: Bonk x2!
|-damage|p2b: Somehow He|43/100
|-enditem|p1a: Pasha|Throat Spray
|-boost|p1a: Pasha|spa|1|[from] item: Throat Spray
|
|upkeep
|turn|2
|inactive|Welosethose! has 30 seconds left.
|
|t:|1756510877
|switch|p1b: Komba|Incineroar, L50, M|100/100
|-ability|p1b: Komba|Intimidate|boost
|-fail|p2a: Bonk x2!|unboost|[from] ability: Clear Body|[of] p2a: Bonk x2!
|-unboost|p2b: Somehow He|atk|1
|move|p2a: Bonk x2!|Phantom Force|p1b: Komba|[from] lockedmove
|-resisted|p1b: Komba
|-damage|p1b: Komba|67/100
|move|p2b: Somehow He|U-turn|p1a: Pasha
|-supereffective|p1a: Pasha
|-damage|p1a: Pasha|76/100
|
|t:|1756510886
|switch|p2b: Ursaluna|Ursaluna, L50, F|100/100|[from] U-turn
|move|p1a: Pasha|Hyper Voice|p2a: Bonk x2!|[spread] p2b
|-immune|p2a: Bonk x2!
|-damage|p2b: Ursaluna|57/100
|
|-status|p2b: Ursaluna|brn|[from] item: Flame Orb
|upkeep
|turn|3
|inactive|Flareblitz54 has 30 seconds left.
|inactive|Welosethose! has 30 seconds left.
|inactive|Flareblitz54 has 20 seconds left.
|
|t:|1756510923
|switch|p2a: Somehow He|Incineroar, L50, M|43/100
|-ability|p2a: Somehow He|Intimidate|boost
|-unboost|p1a: Pasha|atk|1
|-unboost|p1b: Komba|atk|1
|move|p1a: Pasha|Psychic|p2b: Ursaluna
|-damage|p2b: Ursaluna|0 fnt
|faint|p2b: Ursaluna
|move|p1b: Komba|Knock Off|p2a: Somehow He
|-resisted|p2a: Somehow He
|-damage|p2a: Somehow He|32/100
|-enditem|p2a: Somehow He|Assault Vest|[from] move: Knock Off|[of] p1b: Komba
|
|upkeep
|
|t:|1756510935
|switch|p2b: Bonk x2!|Dragapult, L50, F|100/100
|turn|4
|
|t:|1756510953
|move|p2b: Bonk x2!|Dragon Darts|p1b: Komba
|-damage|p1b: Komba|27/100
|-anim|p2b: Bonk x2!|Dragon Darts|p1a: Pasha
|-damage|p1a: Pasha|34/100
|move|p2a: Somehow He|Flare Blitz|p1a: Pasha
|-damage|p1a: Pasha|0 fnt
|faint|p1a: Pasha
|-damage|p2a: Somehow He|20/100|[from] Recoil
|move|p1b: Komba|Knock Off|p2b: Bonk x2!
|-supereffective|p2b: Bonk x2!
|-damage|p2b: Bonk x2!|11/100
|-enditem|p2b: Bonk x2!|Choice Band|[from] move: Knock Off|[of] p1b: Komba
|
|upkeep
|
|t:|1756510975
|switch|p1a: Shaobey|Sylveon, L50, M, shiny|48/100
|turn|5
|
|t:|1756510995
|switch|p1b: Whimsicott|Whimsicott, L50, F|100/100
|-terastallize|p2b: Bonk x2!|Dragon
|move|p2b: Bonk x2!|Dragon Darts|p1a: Shaobey
|move|p1a: Shaobey|Hyper Voice|p2b: Bonk x2!|[spread] p2a,p2b
|-supereffective|p2b: Bonk x2!
|-crit|p2b: Bonk x2!
|-damage|p2a: Somehow He|0 fnt
|-damage|p2b: Bonk x2!|0 fnt
|faint|p2a: Somehow He
|faint|p2b: Bonk x2!
|
|upkeep
|
|t:|1756511007
|switch|p2b: StringCheese|Gholdengo, L50|100/100
|turn|6
|
|t:|1756511021
|-terastallize|p1a: Shaobey|Fire
|move|p1b: Whimsicott|Tailwind|p1b: Whimsicott
|-sidestart|p1: Welosethose!|move: Tailwind
|move|p1a: Shaobey|Calm Mind|p1a: Shaobey
|-boost|p1a: Shaobey|spa|1
|-boost|p1a: Shaobey|spd|1
|move|p2b: StringCheese|Make It Rain|p1b: Whimsicott|[spread] p1a,p1b
|-resisted|p1a: Shaobey
|-supereffective|p1b: Whimsicott
|-damage|p1a: Shaobey|32/100
|-enditem|p1b: Whimsicott|Focus Sash
|-damage|p1b: Whimsicott|1/100
|-unboost|p2b: StringCheese|spa|1
|
|upkeep
|turn|7
|-message|Flareblitz54 forfeited.
|
|win|Welosethose!
|l|☆Flareblitz54
|player|p2|
||Flareblitz54 is ready for game 3.
||Welosethose! is ready for game 3.
|uhtml|next|Next: Game 3 of 3
