|j|☆fr3nzy67
|j|☆AbadanRiyi92
|html|fr3nzy67AbadanRiyi92    
|uhtml|bestof|Game 1 of a best-of-3
|t:|1784665313
|gametype|doubles
|player|p1|fr3nzy67|265|1103
|player|p2|AbadanRiyi92|colress|1235
|gen|9
|tier|[Gen 9 Champions] VGC 2026 Reg M-B (Bo3)
|rated|
|rule|Species Clause: Limit one of each Pokémon
|rule|Item Clause: Limit 1 of each item
|clearpoke
|poke|p1|Raichu, L50, M|
|poke|p1|Talonflame, L50, F|
|poke|p1|Ninetales-Alola, L50, M|
|poke|p1|Maushold-Four, L50|
|poke|p1|Eelektross, L50, M|
|poke|p1|Kommo-o, L50, M|
|poke|p2|Venusaur, L50, F|
|poke|p2|Grimmsnarl, L50, M|
|poke|p2|Politoed, L50, F|
|poke|p2|Archaludon, L50, M|
|poke|p2|Kingambit, L50, M|
|poke|p2|Aerodactyl, L50, F|
|teampreview|4
|showteam|p1|Raichu||RaichuniteY|LightningRod|ZapCannon,FocusBlast,NastyPlot,Protect|Serious||M|||50|]Talonflame||MentalHerb|GaleWings|Tailwind,UpperHand,WillOWisp,DualWingbeat|Jolly||F|||50|]Ninetales-Alola||LightClay|SnowWarning|AuroraVeil,Blizzard,Protect,Encore|Timid||M|||50|]Maushold-Four||WideLens|FriendGuard|FollowMe,SuperFang,Protect,Taunt|Timid|||||50|]Eelektross||ChoiceScarf|Levitate|Discharge,VoltSwitch,MuddyWater,DragonPulse|Timid||M|||50|]Kommo-o||SitrusBerry|Overcoat|DrainPunch,BreakingSwipe,HelpingHand,Protect|Impish||M|||50|
|showteam|p2|Venusaur||Venusaurite|Chlorophyll|GigaDrain,SludgeBomb,EarthPower,Protect|Modest||F|||50|]Grimmsnarl||LightClay|Prankster|PartingShot,Reflect,LightScreen,FoulPlay|Relaxed||M|||50|]Politoed||SitrusBerry|Drizzle|WeatherBall,PerishSong,Encore,Protect|Sassy||F|||50|]Archaludon||Leftovers|Stamina|ElectroShot,FlashCannon,DracoMeteor,Protect|Modest||M|||50|]Kingambit||BlackGlasses|Defiant|KowtowCleave,SuckerPunch,SwordsDance,Protect|Brave||M|||50|]Aerodactyl||Aerodactylite|Unnerve|RockSlide,DualWingbeat,Tailwind,Protect|Jolly||F|||50|
|inactive|Battle timer is ON: inactive players will automatically lose when time's up. (requested by fr3nzy67)
|c|☆fr3nzy67|im playing with some BS today
|inactive|AbadanRiyi92 has 60 seconds left.
|
|t:|1784665352
|teamsize|p1|4
|teamsize|p2|4
|start
|switch|p1a: Eelektross|Eelektross, L50, M|100/100
|switch|p1b: Raichu|Raichu, L50, M|100/100
|switch|p2a: Grimmsnarl|Grimmsnarl, L50, M|100/100
|switch|p2b: Venusaur|Venusaur, L50, F|100/100
|turn|1
|c|☆AbadanRiyi92|you mean your team is BS? or mine lul
|
|t:|1784665381
|switch|p1b: Kommo-o|Kommo-o, L50, M|100/100
|detailschange|p2b: Venusaur|Venusaur-Mega, L50, F
|-mega|p2b: Venusaur|Venusaur|Venusaurite
|move|p2a: Grimmsnarl|Light Screen|p2a: Grimmsnarl
|-sidestart|p2: AbadanRiyi92|move: Light Screen
|move|p1a: Eelektross|Discharge|p2b: Venusaur|[spread] p1b,p2a,p2b
|-resisted|p1b: Kommo-o|1
|-crit|p1b: Kommo-o
|-resisted|p2b: Venusaur|1
|-damage|p1b: Kommo-o|85/100
|-damage|p2a: Grimmsnarl|82/100
|-damage|p2b: Venusaur|91/100
|-status|p1b: Kommo-o|par
|-status|p2a: Grimmsnarl|par
|-status|p2b: Venusaur|par
|move|p2b: Venusaur|Giga Drain|p1a: Eelektross
|-damage|p1a: Eelektross|41/100
|-heal|p2b: Venusaur|100/100 par|[from] drain|[of] p1a: Eelektross
|
|upkeep
|turn|2
|inactive|AbadanRiyi92 has 30 seconds left.
|inactive|AbadanRiyi92 has 20 seconds left.
|inactive|AbadanRiyi92 has 15 seconds left.
|
|t:|1784665422
|switch|p1a: Talonflame|Talonflame, L50, F|100/100
|move|p2a: Grimmsnarl|Reflect|p2a: Grimmsnarl
|-sidestart|p2: AbadanRiyi92|Reflect
|move|p1b: Kommo-o|Drain Punch|p2b: Venusaur
|-resisted|p2b: Venusaur|1
|-damage|p2b: Venusaur|92/100 par
|-heal|p1b: Kommo-o|89/100 par|[from] drain|[of] p2b: Venusaur
|move|p2b: Venusaur|Giga Drain|p1a: Talonflame
|-resisted|p1a: Talonflame|2
|-damage|p1a: Talonflame|85/100
|-heal|p2b: Venusaur|98/100 par|[from] drain|[of] p1a: Talonflame
|
|upkeep
|turn|3
|inactive|AbadanRiyi92 has 30 seconds left.
|
|t:|1784665449
|switch|p2a: Archaludon|Archaludon, L50, M|100/100
|move|p1b: Kommo-o|Helping Hand|p1a: Talonflame
|-singleturn|p1a: Talonflame|Helping Hand|[of] p1b: Kommo-o
|move|p1a: Talonflame|Dual Wingbeat|p2b: Venusaur
|-supereffective|p2b: Venusaur|1
|-damage|p2b: Venusaur|74/100 par
|-supereffective|p2b: Venusaur|1
|-damage|p2b: Venusaur|49/100 par
|-hitcount|p2b: Venusaur|2
|move|p2b: Venusaur|Sludge Bomb|p1b: Kommo-o
|-damage|p1b: Kommo-o|51/100 par
|
|upkeep
|turn|4
|inactive|fr3nzy67 has 30 seconds left.
|inactive|fr3nzy67 has 20 seconds left.
|
|t:|1784665484
|switch|p2b: Politoed|Politoed, L50, F|100/100
|-weather|RainDance|[from] ability: Drizzle|[of] p2b: Politoed
|move|p1b: Kommo-o|Helping Hand|p1a: Talonflame
|-singleturn|p1a: Talonflame|Helping Hand|[of] p1b: Kommo-o
|move|p1a: Talonflame|Dual Wingbeat|p2b: Politoed
|-crit|p2b: Politoed
|-damage|p2b: Politoed|69/100
|-damage|p2b: Politoed|55/100
|-hitcount|p2b: Politoed|2
|move|p2a: Archaludon|Electro Shot||[still]
|-prepare|p2a: Archaludon|Electro Shot
|-boost|p2a: Archaludon|spa|1
|-anim|p2a: Archaludon|Electro Shot|p1a: Talonflame
|-supereffective|p1a: Talonflame|1
|-damage|p1a: Talonflame|0 fnt
|faint|p1a: Talonflame
|
|-weather|RainDance|[upkeep]
|upkeep
|
|t:|1784665489
|switch|p1a: Eelektross|Eelektross, L50, M|41/100
|turn|5
|
|t:|1784665512
|move|p1b: Kommo-o|Helping Hand|p1a: Eelektross
|-singleturn|p1a: Eelektross|Helping Hand|[of] p1b: Kommo-o
|move|p2b: Politoed|Protect|p2b: Politoed
|-singleturn|p2b: Politoed|Protect
|move|p1a: Eelektross|Discharge|p2a: Archaludon|[spread] p1b,p2a
|-activate|p2b: Politoed|move: Protect
|-resisted|p1b: Kommo-o|1
|-resisted|p2a: Archaludon|1
|-damage|p1b: Kommo-o|37/100 par
|-damage|p2a: Archaludon|86/100
|-ability|p2a: Archaludon|Stamina|boost
|-boost|p2a: Archaludon|def|1
|-enditem|p1b: Kommo-o|Sitrus Berry|[eat]
|-heal|p1b: Kommo-o|62/100 par|[from] item: Sitrus Berry
|move|p2a: Archaludon|Electro Shot||[still]
|-prepare|p2a: Archaludon|Electro Shot
|-boost|p2a: Archaludon|spa|1
|-anim|p2a: Archaludon|Electro Shot|p1a: Eelektross
|-resisted|p1a: Eelektross|1
|-damage|p1a: Eelektross|0 fnt
|faint|p1a: Eelektross
|
|-weather|RainDance|[upkeep]
|-heal|p2a: Archaludon|92/100|[from] item: Leftovers
|upkeep
|
|t:|1784665517
|switch|p1a: Raichu|Raichu, L50, M|100/100
|turn|6
|inactive|AbadanRiyi92 has 30 seconds left.
|
|t:|1784665544
|switch|p2b: Grimmsnarl|Grimmsnarl, L50, M|82/100 par
|detailschange|p1a: Raichu|Raichu-Mega-Y, L50, M
|-mega|p1a: Raichu|Raichu|Raichunite Y
|cant|p1b: Kommo-o|par
|move|p2a: Archaludon|Protect|p2a: Archaludon
|-singleturn|p2a: Archaludon|Protect
|move|p1a: Raichu|Zap Cannon|p2b: Grimmsnarl
|-damage|p2b: Grimmsnarl|33/100 par
|
|-weather|RainDance|[upkeep]
|-heal|p2a: Archaludon|98/100|[from] item: Leftovers
|upkeep
|turn|7
|
|t:|1784665566
|move|p1a: Raichu|Protect|p1a: Raichu
|-singleturn|p1a: Raichu|Protect
|move|p2b: Grimmsnarl|Parting Shot|p1a: Raichu
|-activate|p1a: Raichu|move: Protect
|move|p2a: Archaludon|Electro Shot||[still]
|-prepare|p2a: Archaludon|Electro Shot
|-boost|p2a: Archaludon|spa|1
|-anim|p2a: Archaludon|Electro Shot|p1a: Raichu
|-activate|p1a: Raichu|move: Protect
|move|p1b: Kommo-o|Drain Punch|p2b: Grimmsnarl
|-damage|p2b: Grimmsnarl|14/100 par
|-heal|p1b: Kommo-o|73/100 par|[from] drain|[of] p2b: Grimmsnarl
|
|-weather|RainDance|[upkeep]
|-heal|p2a: Archaludon|100/100|[from] item: Leftovers
|upkeep
|turn|8
|
|t:|1784665588
|move|p2b: Grimmsnarl|Parting Shot|p1a: Raichu
|-unboost|p1a: Raichu|atk|1
|-unboost|p1a: Raichu|spa|1
|
|t:|1784665592
|switch|p2b: Venusaur|Venusaur-Mega, L50, F|49/100 par|[from] Parting Shot
|move|p1a: Raichu|Focus Blast|p2a: Archaludon
|-supereffective|p2a: Archaludon|1
|-damage|p2a: Archaludon|54/100
|-ability|p2a: Archaludon|Stamina|boost
|-boost|p2a: Archaludon|def|1
|move|p2a: Archaludon|Electro Shot||[still]
|-prepare|p2a: Archaludon|Electro Shot
|-boost|p2a: Archaludon|spa|1
|-anim|p2a: Archaludon|Electro Shot|p1a: Raichu
|-resisted|p1a: Raichu|1
|-damage|p1a: Raichu|11/100
|move|p1b: Kommo-o|Drain Punch|p2b: Venusaur
|-resisted|p2b: Venusaur|1
|-damage|p2b: Venusaur|41/100 par
|-heal|p1b: Kommo-o|77/100 par|[from] drain|[of] p2b: Venusaur
|
|-weather|none
|-heal|p2a: Archaludon|60/100|[from] item: Leftovers
|-sideend|p2: AbadanRiyi92|move: Light Screen
|upkeep
|turn|9
|c|☆fr3nzy67|lady luck is smiling
|inactive|AbadanRiyi92 has 30 seconds left.
|inactive|AbadanRiyi92 has 20 seconds left.
|
|t:|1784665628
|move|p1b: Kommo-o|Helping Hand|p1a: Raichu
|-singleturn|p1a: Raichu|Helping Hand|[of] p1b: Kommo-o
|move|p1a: Raichu|Focus Blast|p2a: Archaludon
|-supereffective|p2a: Archaludon|1
|-damage|p2a: Archaludon|0 fnt
|faint|p2a: Archaludon
|move|p2b: Venusaur|Earth Power|p1a: Raichu
|-supereffective|p1a: Raichu|1
|-damage|p1a: Raichu|0 fnt
|faint|p1a: Raichu
|
|-sideend|p2: AbadanRiyi92|Reflect
|upkeep
|
|t:|1784665639
|switch|p2a: Grimmsnarl|Grimmsnarl, L50, M|14/100 par
|turn|10
|c|☆fr3nzy67|:(
|
|t:|1784665660
|move|p1b: Kommo-o|Protect|p1b: Kommo-o
|-singleturn|p1b: Kommo-o|Protect
|move|p2a: Grimmsnarl|Reflect|p2a: Grimmsnarl
|-sidestart|p2: AbadanRiyi92|Reflect
|move|p2b: Venusaur|Giga Drain|p1b: Kommo-o
|-activate|p1b: Kommo-o|move: Protect
|
|upkeep
|turn|11
|
|t:|1784665673
|move|p2a: Grimmsnarl|Parting Shot|p1b: Kommo-o
|-unboost|p1b: Kommo-o|atk|1
|-unboost|p1b: Kommo-o|spa|1
|
|t:|1784665676
|switch|p2a: Politoed|Politoed, L50, F|55/100|[from] Parting Shot
|-weather|RainDance|[from] ability: Drizzle|[of] p2a: Politoed
|move|p1b: Kommo-o|Drain Punch|p2b: Venusaur
|-resisted|p2b: Venusaur|1
|-damage|p2b: Venusaur|36/100 par
|-heal|p1b: Kommo-o|80/100 par|[from] drain|[of] p2b: Venusaur
|move|p2b: Venusaur|Giga Drain|p1b: Kommo-o
|-resisted|p1b: Kommo-o|1
|-damage|p1b: Kommo-o|65/100 par
|-heal|p2b: Venusaur|43/100 par|[from] drain|[of] p1b: Kommo-o
|
|-weather|RainDance|[upkeep]
|upkeep
|turn|12
|-message|fr3nzy67 forfeited.
|
|win|AbadanRiyi92
|l|☆fr3nzy67
|player|p1|
||fr3nzy67 is ready for game 2.
|inactive|AbadanRiyi92 has 30 seconds to confirm battle start!
