|j|☆EepyBumbleBee
|j|☆Adriatic Tides
|html|EepyBumbleBeeAdriatic Tides    
|uhtml|bestof|Game 1 of a best-of-3
|t:|1784773224
|gametype|doubles
|player|p1|EepyBumbleBee|hilbert|1108
|player|p2|Adriatic Tides|leon|1169
|gen|9
|tier|[Gen 9 Champions] VGC 2026 Reg M-B (Bo3)
|rated|
|rule|Species Clause: Limit one of each Pokémon
|rule|Item Clause: Limit 1 of each item
|clearpoke
|poke|p1|Swampert, L50, F|
|poke|p1|Sableye, L50, F|
|poke|p1|Samurott-Hisui, L50, F|
|poke|p1|Pelipper, L50, F, shiny|
|poke|p1|Sinistcha, L50|
|poke|p1|Ninetales-Alola, L50, F|
|poke|p2|Tyranitar, L50, M|
|poke|p2|Excadrill, L50, M|
|poke|p2|Delphox, L50, F|
|poke|p2|Sinistcha, L50|
|poke|p2|Rotom-Wash, L50|
|poke|p2|Incineroar, L50, F|
|teampreview|4
|showteam|p1|Swampert||Swampertite|Damp|WaveCrash,Earthquake,Protect,IcePunch|Adamant||F|||50|]Sableye||RoseliBerry|Prankster|RainDance,Encore,Gravity,KnockOff|Relaxed||F|||50|]Samurott-Hisui||ChoiceScarf|Sharpness|AerialAce,AquaCutter,CeaselessEdge,FlipTurn|Jolly||F|||50|]Pelipper||DampRock|Drizzle|Tailwind,Hurricane,WeatherBall,Protect|Bold||F|||50|]Sinistcha||BigRoot|Hospitality|MatchaGotcha,Imprison,TrickRoom,ShadowBall|Modest|||||50|]Ninetales-Alola||BrightPowder|SnowCloak|Moonblast,FreezeDry,DazzlingGleam,Protect|Timid||F|||50|
|showteam|p2|Tyranitar||Tyranitarite|SandStream|KnockOff,RockSlide,Protect,LowKick|Adamant||M|||50|]Excadrill||FocusSash|SandRush|Protect,Earthquake,IronHead,RockSlide|Adamant||M|||50|]Delphox||Delphoxite|Blaze|NastyPlot,HeatWave,Psyshock,Protect|Timid||F|||50|]Sinistcha||ColburBerry|Hospitality|TrickRoom,MatchaGotcha,Protect,RagePowder|Bold|||||50|]Rotom-Wash||Leftovers|Levitate|Electroweb,HydroPump,Protect,Thunderbolt|Modest|||||50|]Incineroar||SitrusBerry|Intimidate|FakeOut,FlareBlitz,PartingShot,ThroatChop|Careful||F|||50|
|c|☆Adriatic Tides|gl hf
|c|☆EepyBumbleBee|:)
|
|t:|1784773261
|teamsize|p1|4
|teamsize|p2|4
|start
|switch|p1a: Figs|Sableye, L50, F|100/100
|switch|p1b: Terra|Swampert, L50, F|100/100
|switch|p2a: Sinistcha|Sinistcha, L50|100/100
|switch|p2b: Rotom|Rotom-Wash, L50|100/100
|turn|1
|
|t:|1784773278
|move|p1b: Terra|Protect|p1b: Terra
|-singleturn|p1b: Terra|Protect
|move|p1a: Figs|Gravity|p1a: Figs
|-fieldstart|move: Gravity
|move|p2b: Rotom|Thunderbolt|p1a: Figs
|-damage|p1a: Figs|43/100
|move|p2a: Sinistcha|Matcha Gotcha|p1b: Terra|[spread] p1a
|-activate|p1b: Terra|move: Protect
|-damage|p1a: Figs|1/100
|-status|p1a: Figs|brn
|
|-damage|p1a: Figs|0 fnt|[from] brn
|faint|p1a: Figs
|upkeep
|
|t:|1784773298
|switch|p1a: Mama|Sinistcha, L50|100/100
|turn|2
|
|t:|1784773308
|detailschange|p1b: Terra|Swampert-Mega, L50, F
|-mega|p1b: Terra|Swampert|Swampertite
|move|p2b: Rotom|Protect|p2b: Rotom
|-singleturn|p2b: Rotom|Protect
|move|p1b: Terra|Earthquake|p2b: Rotom|[spread] p1a,p2a
|-activate|p2b: Rotom|move: Protect
|-resisted|p1a: Mama|1
|-resisted|p2a: Sinistcha|1
|-damage|p1a: Mama|79/100
|-damage|p2a: Sinistcha|81/100
|move|p1a: Mama|Imprison|p1a: Mama
|-start|p1a: Mama|move: Imprison
|cant|p2a: Sinistcha|move: Imprison|Matcha Gotcha
|
|upkeep
|turn|3
|
|t:|1784773347
|move|p2a: Sinistcha|Protect|p2a: Sinistcha
|-singleturn|p2a: Sinistcha|Protect
|move|p2b: Rotom|Hydro Pump|p1b: Terra
|-damage|p1b: Terra|55/100
|move|p1b: Terra|Earthquake|p2b: Rotom|[spread] p1a,p2b
|-activate|p2a: Sinistcha|move: Protect
|-resisted|p1a: Mama|1
|-supereffective|p2b: Rotom|1
|-damage|p1a: Mama|59/100
|-damage|p2b: Rotom|3/100
|move|p1a: Mama|Shadow Ball|p2a: Sinistcha
|-activate|p2a: Sinistcha|move: Protect
|
|-heal|p2b: Rotom|8/100|[from] item: Leftovers
|upkeep
|turn|4
|
|t:|1784773380
|switch|p2a: Tyranitar|Tyranitar, L50, M|100/100
|-weather|Sandstorm|[from] ability: Sand Stream|[of] p2a: Tyranitar
|move|p1b: Terra|Protect|p1b: Terra
|-singleturn|p1b: Terra|Protect
|move|p2b: Rotom|Hydro Pump|p1b: Terra
|-activate|p1b: Terra|move: Protect
|move|p1a: Mama|Matcha Gotcha|p2a: Tyranitar|[spread] p2a,p2b
|-supereffective|p2a: Tyranitar|1
|-supereffective|p2b: Rotom|1
|-damage|p2a: Tyranitar|62/100
|-heal|p1a: Mama|88/100|[from] drain|[of] p2a: Tyranitar
|-damage|p2b: Rotom|0 fnt
|-heal|p1a: Mama|93/100|[from] drain|[of] p2b: Rotom
|faint|p2b: Rotom
|
|-weather|Sandstorm|[upkeep]
|-damage|p1a: Mama|87/100|[from] Sandstorm
|upkeep
|
|t:|1784773389
|switch|p2b: Excadrill|Excadrill, L50, M|100/100
|turn|5
|
|t:|1784773428
|move|p2a: Tyranitar|Protect|p2a: Tyranitar
|-singleturn|p2a: Tyranitar|Protect
|move|p2b: Excadrill|Earthquake|p1a: Mama|[spread] p1a,p1b
|-activate|p2a: Tyranitar|move: Protect
|-resisted|p1a: Mama|1
|-damage|p1a: Mama|66/100
|-damage|p1b: Terra|16/100
|move|p1b: Terra|Earthquake|p2a: Tyranitar|[spread] p1a,p2b
|-activate|p2a: Tyranitar|move: Protect
|-resisted|p1a: Mama|1
|-supereffective|p2b: Excadrill|1
|-damage|p1a: Mama|44/100
|-enditem|p2b: Excadrill|Focus Sash
|-damage|p2b: Excadrill|1/100
|move|p1a: Mama|Matcha Gotcha|p2b: Excadrill|[spread] p2b
|-activate|p2a: Tyranitar|move: Protect
|-damage|p2b: Excadrill|0 fnt
|-heal|p1a: Mama|44/100|[from] drain|[of] p2b: Excadrill
|faint|p2b: Excadrill
|
|-weather|Sandstorm|[upkeep]
|-damage|p1a: Mama|38/100|[from] Sandstorm
|-fieldend|move: Gravity
|upkeep
|
|t:|1784773436
|switch|p2b: Sinistcha|Sinistcha, L50|81/100
|-heal|p2a: Tyranitar|86/100|[from] ability: Hospitality|[of] p2b: Sinistcha
|turn|6
|
|t:|1784773457
|switch|p1b: Eunice|Pelipper, L50, F, shiny|100/100
|-weather|RainDance|[from] ability: Drizzle|[of] p1b: Eunice
|detailschange|p2a: Tyranitar|Tyranitar-Mega, L50, M
|-mega|p2a: Tyranitar|Tyranitar|Tyranitarite
|-weather|Sandstorm|[from] ability: Sand Stream|[of] p2a: Tyranitar
|move|p2b: Sinistcha|Protect|p2b: Sinistcha
|-singleturn|p2b: Sinistcha|Protect
|move|p2a: Tyranitar|Knock Off|p1a: Mama
|-supereffective|p1a: Mama|1
|-damage|p1a: Mama|0 fnt
|-enditem|p1a: Mama|Big Root|[from] move: Knock Off|[of] p2a: Tyranitar
|faint|p1a: Mama
|
|-weather|Sandstorm|[upkeep]
|-damage|p2b: Sinistcha|75/100|[from] Sandstorm
|-damage|p1b: Eunice|94/100|[from] Sandstorm
|upkeep
|
|t:|1784773472
|switch|p1a: Terra|Swampert-Mega, L50, F|16/100
|turn|7
|
|t:|1784773496
|move|p1a: Terra|Protect|p1a: Terra
|-singleturn|p1a: Terra|Protect
|move|p2a: Tyranitar|Rock Slide|p1a: Terra|[spread] p1b
|-activate|p1a: Terra|move: Protect
|-supereffective|p1b: Eunice|1
|-damage|p1b: Eunice|31/100
|move|p2b: Sinistcha|Matcha Gotcha|p1a: Terra|[spread] p1b
|-activate|p1a: Terra|move: Protect
|-damage|p1b: Eunice|0 fnt
|-heal|p2b: Sinistcha|90/100|[from] drain|[of] p1b: Eunice
|faint|p1b: Eunice
|
|-weather|Sandstorm|[upkeep]
|-damage|p2b: Sinistcha|84/100|[from] Sandstorm
|upkeep
|turn|8
|
|t:|1784773510
|move|p1a: Terra|Earthquake|p2a: Tyranitar|[spread] p2a,p2b
|-supereffective|p2a: Tyranitar|1
|-resisted|p2b: Sinistcha|1
|-damage|p2a: Tyranitar|30/100
|-damage|p2b: Sinistcha|67/100
|move|p2a: Tyranitar|Knock Off|p1a: Terra
|-damage|p1a: Terra|0 fnt
|faint|p1a: Terra
|
|win|Adriatic Tides
||EepyBumbleBee is ready for game 2.
||Adriatic Tides is ready for game 2.
|uhtml|next|Next: Game 2 of 3
|l|☆Adriatic Tides
|player|p2|
|l|☆EepyBumbleBee
|player|p1|
|j|☆Adriatic Tides
|player|p2|Adriatic Tides|leon|
