|j|☆55runedark1
|j|☆DoctrPlague
|html|55runedark1DoctrPlague    
|uhtml|bestof|Game 1 of a best-of-3
|t:|1783735001
|gametype|doubles
|player|p1|55runedark1|miku-ground|
|player|p2|DoctrPlague|plasmagrunt|
|gen|9
|tier|[Gen 9 Champions] VGC 2026 Reg M-B (Bo3)
|rule|Species Clause: Limit one of each Pokémon
|rule|Item Clause: Limit 1 of each item
|raw|1 custom rule: !Force Open Team Sheets
|clearpoke
|poke|p1|Corviknight, L50, F|
|poke|p1|Mudsdale, L50, F|
|poke|p1|Floette-Eternal, L50, F|
|poke|p1|Toxapex, L50, F|
|poke|p1|Scrafty, L50, F|
|poke|p1|Dragonite, L50, F|
|poke|p2|Gengar, L50, M|
|poke|p2|Sinistcha, L50|
|poke|p2|Snorlax, L50, M|
|poke|p2|Mr. Rime, L50, F|
|poke|p2|Basculegion-F, L50, F|
|poke|p2|Lycanroc-Dusk, L50, M|
|teampreview|4
|inactive|Battle timer is ON: inactive players will automatically lose when time's up. (requested by 55runedark1)
|inactive|DoctrPlague has 60 seconds left.
|
|t:|1783735068
|teamsize|p1|4
|teamsize|p2|4
|start
|switch|p1a: Puzzle And Dragons|Dragonite, L50, F|100/100
|switch|p1b: ZZZ|Scrafty, L50, F|100/100
|switch|p2a: Grimace Shake|Gengar, L50, M|100/100
|switch|p2b: British|Mr. Rime, L50, F|100/100
|-ability|p1b: ZZZ|Intimidate|boost
|-unboost|p2a: Grimace Shake|atk|1
|-unboost|p2b: British|atk|1
|turn|1
|inactiveoff|Battle timer is now OFF.
|
|t:|1783735107
|detailschange|p2a: Grimace Shake|Gengar-Mega, L50, M
|-mega|p2a: Grimace Shake|Gengar|Gengarite
|detailschange|p1a: Puzzle And Dragons|Dragonite-Mega, L50, F
|-mega|p1a: Puzzle And Dragons|Dragonite|Dragoninite
|move|p2b: British|Fake Out|p1a: Puzzle And Dragons
|-damage|p1a: Puzzle And Dragons|97/100
|move|p2a: Grimace Shake|Will-O-Wisp|p1b: ZZZ
|-status|p1b: ZZZ|brn
|cant|p1a: Puzzle And Dragons|flinch
|move|p1b: ZZZ|Crunch|p2a: Grimace Shake
|-supereffective|p2a: Grimace Shake|1
|-damage|p2a: Grimace Shake|56/100
|
|-damage|p1b: ZZZ|94/100 brn|[from] brn
|upkeep
|turn|2
|
|t:|1783735174
|move|p1a: Puzzle And Dragons|Protect|p1a: Puzzle And Dragons
|-singleturn|p1a: Puzzle And Dragons|Protect
|move|p2a: Grimace Shake|Dazzling Gleam|p1b: ZZZ|[spread] p1b
|-activate|p1a: Puzzle And Dragons|move: Protect
|-supereffective|p1b: ZZZ|2
|-enditem|p1b: ZZZ|Roseli Berry|[eat]
|-enditem|p1b: ZZZ|Roseli Berry|[weaken]
|-damage|p1b: ZZZ|49/100 brn
|move|p2b: British|Ice Beam|p1a: Puzzle And Dragons
|-activate|p1a: Puzzle And Dragons|move: Protect
|move|p1b: ZZZ|Crunch|p2a: Grimace Shake
|-supereffective|p2a: Grimace Shake|1
|-damage|p2a: Grimace Shake|10/100
|
|-damage|p1b: ZZZ|43/100 brn|[from] brn
|upkeep
|turn|3
|
|t:|1783735241
|move|p2a: Grimace Shake|Dazzling Gleam|p1a: Puzzle And Dragons|[spread] p1a,p1b
|-supereffective|p1a: Puzzle And Dragons|1
|-supereffective|p1b: ZZZ|2
|-damage|p1a: Puzzle And Dragons|64/100
|-damage|p1b: ZZZ|0 fnt
|faint|p1b: ZZZ
|move|p1a: Puzzle And Dragons|Fire Blast|p2b: British
|-supereffective|p2b: British|1
|-damage|p2b: British|34/100
|move|p2b: British|Ice Beam|p1a: Puzzle And Dragons
|-supereffective|p1a: Puzzle And Dragons|2
|-damage|p1a: Puzzle And Dragons|0 fnt
|faint|p1a: Puzzle And Dragons
|
|upkeep
|
|t:|1783735260
|switch|p1a: Arknights|Corviknight, L50, F|100/100
|switch|p1b: Uma|Mudsdale, L50, F|100/100
|-ability|p1a: Arknights|Unnerve
|turn|4
|
|t:|1783735286
|move|p1b: Uma|Protect|p1b: Uma
|-singleturn|p1b: Uma|Protect
|move|p2a: Grimace Shake|Will-O-Wisp|p1a: Arknights
|-status|p1a: Arknights|brn
|move|p1a: Arknights|Iron Head|p2a: Grimace Shake
|-damage|p2a: Grimace Shake|0 fnt
|faint|p2a: Grimace Shake
|move|p2b: British|Ice Beam|p1b: Uma
|-activate|p1b: Uma|move: Protect
|
|-damage|p1a: Arknights|94/100 brn|[from] brn
|upkeep
|
|t:|1783735301
|switch|p2a: Bait&Tackle|Basculegion-F, L50, F|100/100
|turn|5
|
|t:|1783735334
|move|p2a: Bait&Tackle|Wave Crash|p1b: Uma
|-supereffective|p1b: Uma|1
|-damage|p1b: Uma|0 fnt
|faint|p1b: Uma
|-damage|p2a: Bait&Tackle|70/100|[from] Recoil
|-damage|p2a: Bait&Tackle|60/100|[from] item: Life Orb
|move|p1a: Arknights|Brave Bird|p2a: Bait&Tackle
|-damage|p2a: Bait&Tackle|31/100
|-damage|p1a: Arknights|83/100 brn|[from] Recoil
|move|p2b: British|Ice Beam|p1a: Arknights
|-damage|p1a: Arknights|46/100 brn
|
|-damage|p1a: Arknights|40/100 brn|[from] brn
|upkeep
|turn|6
|
|t:|1783735376
|move|p2a: Bait&Tackle|Aqua Jet|p1a: Arknights
|-damage|p1a: Arknights|19/100 brn
|-damage|p2a: Bait&Tackle|22/100|[from] item: Life Orb
|move|p1a: Arknights|Brave Bird|p2a: Bait&Tackle
|-damage|p2a: Bait&Tackle|0 fnt
|faint|p2a: Bait&Tackle
|-damage|p1a: Arknights|11/100 brn|[from] Recoil
|move|p2b: British|Thunderbolt|p1a: Arknights
|-supereffective|p1a: Arknights|1
|-damage|p1a: Arknights|0 fnt
|faint|p1a: Arknights
|
|win|DoctrPlague
|inactive|55runedark1 has 30 seconds to confirm battle start!
|inactive|DoctrPlague has 30 seconds to confirm battle start!
||55runedark1 is ready for game 2.
|inactive|DoctrPlague has 20 seconds to confirm battle start!
|l|☆DoctrPlague
|player|p2|
|inactive|DoctrPlague has 10 seconds to confirm battle start!
|uhtml|next|Next: Game 2 of 3
