|j|☆parmesanlugubre206
|j|☆prlt1 jurrasicz
|html|parmesanlugubre206prlt1 jurrasicz    
|uhtml|bestof|Game 2 of a best-of-3
|t:|1783562275
|gametype|doubles
|player|p1|parmesanlugubre206|ethan|1246
|player|p2|prlt1 jurrasicz|pokemaniac|1331
|gen|9
|tier|[Gen 9 Champions] VGC 2026 Reg M-B (Bo3)
|rated|
|rule|Species Clause: Limit one of each Pokémon
|rule|Item Clause: Limit 1 of each item
|clearpoke
|poke|p1|Camerupt, L50, F|
|poke|p1|Audino, L50, M|
|poke|p1|Torkoal, L50, F|
|poke|p1|Incineroar, L50, M|
|poke|p1|Mawile, L50, M|
|poke|p1|Farigiraf, L50, M, shiny|
|poke|p2|Charizard, L50, M|
|poke|p2|Whimsicott, L50, F|
|poke|p2|Floette-Eternal, L50, F|
|poke|p2|Basculegion, L50, M|
|poke|p2|Garchomp, L50, F|
|poke|p2|Kingambit, L50, F, shiny|
|teampreview|4
|showteam|p1|Camerupt||Cameruptite|SolidRock|Eruption,EarthPower,AncientPower,Protect|Serious||F|||50|]Audino||ChopleBerry|Regenerator|TrickRoom,Encore,HealingWish,HelpingHand|Sassy||M|||50|]Torkoal||Charcoal|Drought|Eruption,WeatherBall,SolarBeam,Protect|Quiet||F|||50|]Incineroar||LifeOrb|Intimidate|FlareBlitz,CloseCombat,DarkestLariat,FakeOut|Brave||M|||50|]Mawile||Mawilite|Intimidate|PlayRough,SuckerPunch,IronHead,Protect|Brave||M|||50|]Farigiraf||ColburBerry|ArmorTail|Psychic,Thunderbolt,TrickRoom,Protect|Relaxed||M|||50|
|showteam|p2|Charizard||CharizarditeY|Blaze|HeatWave,SolarBeam,WeatherBall,Protect|Modest||M|||50|]Whimsicott||FocusSash|Prankster|Moonblast,Encore,Tailwind,Protect|Timid||F|||50|]Floette-Eternal||Floettite|FlowerVeil|Moonblast,DazzlingGleam,LightofRuin,Protect|Timid||F|||50|]Basculegion||MysticWater|Adaptability|WaveCrash,AquaJet,LastRespects,Protect|Adamant||M|||50|]Garchomp||LifeOrb|RoughSkin|DragonClaw,Earthquake,RockSlide,Protect|Jolly||F|||50|]Kingambit||OccaBerry|Defiant|KowtowCleave,SuckerPunch,IronHead,Protect|Adamant||F|||50|
|inactive|Battle timer is ON: inactive players will automatically lose when time's up. (requested by parmesanlugubre206)
|inactive|prlt1 jurrasicz has 60 seconds left.
|
|t:|1783562332
|teamsize|p1|4
|teamsize|p2|4
|start
|switch|p1a: Farigiraf|Farigiraf, L50, M, shiny|100/100
|switch|p1b: Camerupt|Camerupt, L50, F|100/100
|switch|p2a: Charizard|Charizard, L50, M|100/100
|switch|p2b: Kingambit|Kingambit, L50, F, shiny|100/100
|turn|1
|inactive|prlt1 jurrasicz has 30 seconds left.
|
|t:|1783562366
|detailschange|p2a: Charizard|Charizard-Mega-Y, L50, M
|-mega|p2a: Charizard|Charizard|Charizardite Y
|-weather|SunnyDay|[from] ability: Drought|[of] p2a: Charizard
|detailschange|p1b: Camerupt|Camerupt-Mega, L50, F
|-mega|p1b: Camerupt|Camerupt|Cameruptite
|move|p1a: Farigiraf|Protect|p1a: Farigiraf
|-singleturn|p1a: Farigiraf|Protect
|move|p2a: Charizard|Solar Beam||[still]
|-prepare|p2a: Charizard|Solar Beam
|-anim|p2a: Charizard|Solar Beam|p1b: Camerupt
|-damage|p1b: Camerupt|55/100
|move|p2b: Kingambit|Kowtow Cleave|p1a: Farigiraf
|-activate|p1a: Farigiraf|move: Protect
|move|p1b: Camerupt|Earth Power|p2b: Kingambit
|-supereffective|p2b: Kingambit|1
|-damage|p2b: Kingambit|0 fnt
|faint|p2b: Kingambit
|
|-weather|SunnyDay|[upkeep]
|upkeep
|
|t:|1783562382
|switch|p2b: Garchomp|Garchomp, L50, F|100/100
|turn|2
|
|t:|1783562387
|switch|p1b: Incineroar|Incineroar, L50, M|100/100
|-ability|p1b: Incineroar|Intimidate|boost
|-unboost|p2a: Charizard|atk|1
|-unboost|p2b: Garchomp|atk|1
|move|p2a: Charizard|Protect|p2a: Charizard
|-singleturn|p2a: Charizard|Protect
|move|p2b: Garchomp|Earthquake|p1b: Incineroar|[spread] p1a,p1b
|-activate|p2a: Charizard|move: Protect
|-supereffective|p1b: Incineroar|1
|-damage|p1a: Farigiraf|72/100
|-damage|p1b: Incineroar|29/100
|-damage|p2b: Garchomp|90/100|[from] item: Life Orb
|move|p1a: Farigiraf|Trick Room|p1a: Farigiraf
|-fieldstart|move: Trick Room|[of] p1a: Farigiraf
|
|-weather|SunnyDay|[upkeep]
|upkeep
|turn|3
|
|t:|1783562409
|move|p1b: Incineroar|Flare Blitz|p2a: Charizard
|-resisted|p2a: Charizard|1
|-damage|p2a: Charizard|45/100
|-damage|p1b: Incineroar|12/100|[from] Recoil
|-damage|p1b: Incineroar|2/100|[from] item: Life Orb
|move|p1a: Farigiraf|Thunderbolt|p2a: Charizard
|-supereffective|p2a: Charizard|1
|-damage|p2a: Charizard|7/100
|move|p2a: Charizard|Heat Wave|p1b: Incineroar|[spread] p1a,p1b
|-resisted|p1b: Incineroar|1
|-damage|p1a: Farigiraf|16/100
|-damage|p1b: Incineroar|0 fnt
|faint|p1b: Incineroar
|move|p2b: Garchomp|Earthquake|p1a: Farigiraf|[spread] p1a
|-immune|p2a: Charizard
|-damage|p1a: Farigiraf|0 fnt
|faint|p1a: Farigiraf
|-damage|p2b: Garchomp|80/100|[from] item: Life Orb
|
|-weather|SunnyDay|[upkeep]
|upkeep
|
|t:|1783562414
|switch|p1b: Camerupt|Camerupt-Mega, L50, F|55/100
|switch|p1a: Torkoal|Torkoal, L50, F|100/100
|turn|4
|
|t:|1783562426
|move|p2a: Charizard|Protect|p2a: Charizard
|-singleturn|p2a: Charizard|Protect
|move|p2b: Garchomp|Protect|p2b: Garchomp
|-singleturn|p2b: Garchomp|Protect
|move|p1a: Torkoal|Eruption|p2b: Garchomp|[spread] 
|-activate|p2a: Charizard|move: Protect
|-activate|p2b: Garchomp|move: Protect
|move|p1b: Camerupt|Earth Power|p2b: Garchomp
|-activate|p2b: Garchomp|move: Protect
|
|-weather|SunnyDay|[upkeep]
|upkeep
|turn|5
|
|t:|1783562443
|move|p1a: Torkoal|Eruption|p2a: Charizard|[spread] p2a,p2b
|-resisted|p2a: Charizard|1
|-resisted|p2b: Garchomp|1
|-damage|p2a: Charizard|0 fnt
|-damage|p2b: Garchomp|28/100
|faint|p2a: Charizard
|move|p1b: Camerupt|Earth Power|p2b: Garchomp
|-damage|p2b: Garchomp|0 fnt
|faint|p2b: Garchomp
|
|-weather|none
|upkeep
|
|t:|1783562451
|switch|p2b: Basculegion|Basculegion, L50, M|100/100
|turn|6
|
|t:|1783562472
|move|p1b: Camerupt|Protect|p1b: Camerupt
|-singleturn|p1b: Camerupt|Protect
|move|p1a: Torkoal|Solar Beam||[still]
|-prepare|p1a: Torkoal|Solar Beam
|move|p2b: Basculegion|Last Respects|p1b: Camerupt
|-activate|p1b: Camerupt|move: Protect
|
|-fieldend|move: Trick Room
|upkeep
|turn|7
|inactive|prlt1 jurrasicz has 30 seconds left.
|
|t:|1783562497
|move|p2b: Basculegion|Wave Crash|p1a: Torkoal
|-supereffective|p1a: Torkoal|1
|-damage|p1a: Torkoal|0 fnt
|faint|p1a: Torkoal
|-damage|p2b: Basculegion|71/100|[from] Recoil
|move|p1b: Camerupt|Earth Power|p2b: Basculegion
|-damage|p2b: Basculegion|6/100
|
|upkeep
|turn|8
|
|t:|1783562502
|move|p1b: Camerupt|Protect|p1b: Camerupt
|-singleturn|p1b: Camerupt|Protect
|move|p2b: Basculegion|Wave Crash|p1b: Camerupt
|-activate|p1b: Camerupt|move: Protect
|
|upkeep
|turn|9
|
|t:|1783562506
|move|p2b: Basculegion|Wave Crash|p1b: Camerupt
|-supereffective|p1b: Camerupt|2
|-damage|p1b: Camerupt|0 fnt
|faint|p1b: Camerupt
|-damage|p2b: Basculegion|0 fnt|[from] Recoil
|faint|p2b: Basculegion
|
|win|prlt1 jurrasicz
|raw|parmesanlugubre206's rating: 1246 → 1227(-19 for losing)
|raw|prlt1 jurrasicz's rating: 1331 → 1346(+15 for winning)
|l|☆parmesanlugubre206
|player|p1|
