|j|☆JavoNieto
|j|☆fortree21utube
|html|JavoNietofortree21utube    
|uhtml|bestof|Game 1 of a best-of-3
|t:|1757933410
|gametype|doubles
|player|p1|JavoNieto|265|1214
|player|p2|fortree21utube|102|1359
|gen|9
|tier|[Gen 9] VGC 2025 Reg H (Bo3)
|rated|
|rule|Species Clause: Limit one of each Pokémon
|rule|Item Clause: Limit 1 of each item
|clearpoke
|poke|p1|Archaludon, L50, M|
|poke|p1|Kingdra, L50, M|
|poke|p1|Politoed, L50, M|
|poke|p1|Gothitelle, L50, F|
|poke|p1|Amoonguss, L50, M|
|poke|p1|Incineroar, L50, M|
|poke|p2|Ursaluna-Bloodmoon, L50, M|
|poke|p2|Dragonite, L50, F|
|poke|p2|Gholdengo, L50|
|poke|p2|Incineroar, L50, M|
|poke|p2|Rillaboom, L50, M|
|poke|p2|Ninetales-Alola, L50, M|
|teampreview|4
|showteam|p1|Archaludon||PowerHerb|Sturdy|Protect,ElectroShot,DragonPulse,FlashCannon|||M|||50|,,,,,Electric]Kingdra||LifeOrb|SwiftSwim|Protect,WeatherBall,MuddyWater,DracoMeteor|||M|||50|,,,,,Stellar]Politoed||Leftovers|Drizzle|Protect,WeatherBall,PerishSong,Encore|||M|||50|,,,,,Grass]Gothitelle||SitrusBerry|ShadowTag|Protect,Psychic,FakeOut,TrickRoom|||F|||50|,,,,,Dark]Amoonguss||EjectButton|Regenerator|Protect,Spore,RagePowder,PollenPuff|||M|||50|,,,,,Fairy]Incineroar||SafetyGoggles|Intimidate|Protect,KnockOff,FakeOut,PartingShot|||M|||50|,,,,,Ghost
|showteam|p2|Ursaluna-Bloodmoon||Leftovers|MindsEye|BloodMoon,EarthPower,Yawn,Protect|||M|||50|,,,,,Fighting]Dragonite||LoadedDice|Multiscale|ScaleShot,Tailwind,Haze,Protect|||F|||50|,,,,,Steel]Gholdengo||LifeOrb|GoodasGold|MakeItRain,ShadowBall,NastyPlot,Protect||||||50|,,,,,Water]Incineroar||SafetyGoggles|Intimidate|FlareBlitz,KnockOff,FakeOut,PartingShot|||M|||50|,,,,,Ghost]Rillaboom||AssaultVest|GrassySurge|WoodHammer,HighHorsepower,GrassyGlide,FakeOut|||M|||50|,,,,,Fire]Ninetales-Alola||FocusSash|SnowWarning|Blizzard,IcyWind,Disable,Protect|||M|||50|,,,,,Ghost
|inactive|Battle timer is ON: inactive players will automatically lose when time's up. (requested by JavoNieto)
|
|t:|1757933445
|teamsize|p1|4
|teamsize|p2|4
|start
|switch|p1a: Incineroar|Incineroar, L50, M|100/100
|switch|p1b: Archaludon|Archaludon, L50, M|100/100
|switch|p2a: Incineroar|Incineroar, L50, M|100/100
|switch|p2b: Gholdengo|Gholdengo, L50|100/100
|-ability|p2a: Incineroar|Intimidate|boost
|-unboost|p1a: Incineroar|atk|1
|-unboost|p1b: Archaludon|atk|1
|-ability|p1a: Incineroar|Intimidate|boost
|-unboost|p2a: Incineroar|atk|1
|-unboost|p2b: Gholdengo|atk|1
|turn|1
|
|t:|1757933463
|move|p1b: Archaludon|Protect|p1b: Archaludon
|-singleturn|p1b: Archaludon|Protect
|move|p2a: Incineroar|Fake Out|p1a: Incineroar
|-crit|p1a: Incineroar
|-damage|p1a: Incineroar|85/100
|move|p2b: Gholdengo|Nasty Plot|p2b: Gholdengo
|-boost|p2b: Gholdengo|spa|2
|cant|p1a: Incineroar|flinch
|
|upkeep
|turn|2
|inactive|fortree21utube has 30 seconds left.
|
|t:|1757933490
|-terastallize|p1b: Archaludon|Electric
|move|p2b: Gholdengo|Protect|p2b: Gholdengo
|-singleturn|p2b: Gholdengo|Protect
|move|p1b: Archaludon|Electro Shot||[still]
|-prepare|p1b: Archaludon|Electro Shot
|-boost|p1b: Archaludon|spa|1
|-enditem|p1b: Archaludon|Power Herb
|-anim|p1b: Archaludon|Electro Shot|p2b: Gholdengo
|-activate|p2b: Gholdengo|move: Protect
|move|p2a: Incineroar|Parting Shot|p1a: Incineroar
|-unboost|p1a: Incineroar|atk|1
|-unboost|p1a: Incineroar|spa|1
|
|t:|1757933507
|switch|p2a: Rillaboom|Rillaboom, L50, M|100/100|[from] Parting Shot
|-fieldstart|move: Grassy Terrain|[from] ability: Grassy Surge|[of] p2a: Rillaboom
|move|p1a: Incineroar|Parting Shot|p2a: Rillaboom
|-unboost|p2a: Rillaboom|atk|1
|-unboost|p2a: Rillaboom|spa|1
|
|t:|1757933521
|switch|p1a: Politoed|Politoed, L50, M, shiny|100/100|[from] Parting Shot
|-weather|RainDance|[from] ability: Drizzle|[of] p1a: Politoed
|
|-weather|RainDance|[upkeep]
|upkeep
|turn|3
|
|t:|1757933532
|switch|p1a: Incineroar|Incineroar, L50, M|85/100
|-ability|p1a: Incineroar|Intimidate|boost
|-unboost|p2a: Rillaboom|atk|1
|-unboost|p2b: Gholdengo|atk|1
|move|p1b: Archaludon|Protect|p1b: Archaludon
|-singleturn|p1b: Archaludon|Protect
|move|p2a: Rillaboom|Fake Out|p1b: Archaludon
|-activate|p1b: Archaludon|move: Protect
|move|p2b: Gholdengo|Shadow Ball|p1a: Incineroar
|-resisted|p1a: Incineroar
|-damage|p1a: Incineroar|52/100
|-damage|p2b: Gholdengo|91/100|[from] item: Life Orb
|
|-weather|RainDance|[upkeep]
|-heal|p2b: Gholdengo|97/100|[from] Grassy Terrain
|-heal|p1a: Incineroar|58/100|[from] Grassy Terrain
|upkeep
|turn|4
|inactive|JavoNieto has 30 seconds left.
|inactive|fortree21utube has 30 seconds left.
|inactive|fortree21utube has 20 seconds left.
|
|t:|1757933571
|switch|p2a: Ninetales|Ninetales-Alola, L50, M|100/100
|-weather|Snowscape|[from] ability: Snow Warning|[of] p2a: Ninetales
|-terastallize|p2b: Gholdengo|Water
|move|p1b: Archaludon|Electro Shot||[still]
|-prepare|p1b: Archaludon|Electro Shot
|-boost|p1b: Archaludon|spa|1
|move|p2b: Gholdengo|Make It Rain|p1b: Archaludon|[spread] p1a,p1b
|-resisted|p1a: Incineroar
|-resisted|p1b: Archaludon
|-damage|p1a: Incineroar|21/100
|-damage|p1b: Archaludon|16/100
|-unboost|p2b: Gholdengo|spa|1
|-damage|p2b: Gholdengo|87/100|[from] item: Life Orb
|move|p1a: Incineroar|Parting Shot|p2a: Ninetales
|-unboost|p2a: Ninetales|atk|1
|-unboost|p2a: Ninetales|spa|1
|
|t:|1757933589
|switch|p1a: Gothitelle|Gothitelle, L50, F|100/100|[from] Parting Shot
|
|-weather|Snowscape|[upkeep]
|-heal|p1b: Archaludon|22/100|[from] Grassy Terrain
|-heal|p2b: Gholdengo|93/100|[from] Grassy Terrain
|upkeep
|turn|5
|
|t:|1757933612
|move|p2a: Ninetales|Protect|p2a: Ninetales
|-singleturn|p2a: Ninetales|Protect
|move|p2b: Gholdengo|Protect|p2b: Gholdengo
|-singleturn|p2b: Gholdengo|Protect
|move|p1a: Gothitelle|Fake Out|p2b: Gholdengo
|-activate|p2b: Gholdengo|move: Protect
|move|p1b: Archaludon|Electro Shot|p2a: Ninetales|[from] lockedmove
|-activate|p2a: Ninetales|move: Protect
|
|-weather|Snowscape|[upkeep]
|-heal|p1b: Archaludon|28/100|[from] Grassy Terrain
|-heal|p2b: Gholdengo|99/100|[from] Grassy Terrain
|upkeep
|turn|6
|inactive|JavoNieto has 30 seconds left.
|
|t:|1757933641
|switch|p1a: Politoed|Politoed, L50, M, shiny|100/100
|-weather|RainDance|[from] ability: Drizzle|[of] p1a: Politoed
|move|p2a: Ninetales|Icy Wind|p1a: Politoed|[spread] p1a,p1b
|-resisted|p1a: Politoed
|-damage|p1a: Politoed|96/100
|-damage|p1b: Archaludon|12/100
|-unboost|p1a: Politoed|spe|1
|-unboost|p1b: Archaludon|spe|1
|move|p2b: Gholdengo|Make It Rain|p1a: Politoed|[spread] p1a,p1b
|-resisted|p1a: Politoed
|-resisted|p1b: Archaludon
|-damage|p1a: Politoed|67/100
|-damage|p1b: Archaludon|0 fnt
|-unboost|p2b: Gholdengo|spa|1
|faint|p1b: Archaludon
|-damage|p2b: Gholdengo|89/100|[from] item: Life Orb
|
|-weather|RainDance|[upkeep]
|-heal|p2b: Gholdengo|95/100|[from] Grassy Terrain
|-heal|p1a: Politoed|73/100|[from] Grassy Terrain
|-heal|p1a: Politoed|79/100|[from] item: Leftovers
|-fieldend|move: Grassy Terrain
|upkeep
|
|t:|1757933647
|switch|p1b: Gothitelle|Gothitelle, L50, F|100/100
|turn|7
|inactive|fortree21utube has 30 seconds left.
|
|t:|1757933673
|move|p2a: Ninetales|Icy Wind|p1b: Gothitelle|[spread] p1b
|-miss|p2a: Ninetales|p1a: Politoed
|-damage|p1b: Gothitelle|92/100
|-unboost|p1b: Gothitelle|spe|1
|move|p2b: Gholdengo|Nasty Plot|p2b: Gholdengo
|-boost|p2b: Gholdengo|spa|2
|move|p1a: Politoed|Weather Ball|p2a: Ninetales
|-damage|p2a: Ninetales|46/100
|move|p1b: Gothitelle|Trick Room|p1b: Gothitelle
|-fieldstart|move: Trick Room|[of] p1b: Gothitelle
|
|-weather|RainDance|[upkeep]
|-heal|p1a: Politoed|85/100|[from] item: Leftovers
|upkeep
|turn|8
|inactive|JavoNieto has 30 seconds left.
|inactive|fortree21utube has 30 seconds left.
|inactive|fortree21utube has 20 seconds left.
|
|t:|1757933712
|move|p1b: Gothitelle|Psychic|p2b: Gholdengo
|-damage|p2b: Gholdengo|63/100
|move|p1a: Politoed|Weather Ball|p2b: Gholdengo
|-resisted|p2b: Gholdengo
|-damage|p2b: Gholdengo|38/100
|move|p2b: Gholdengo|Shadow Ball|p1a: Politoed
|-damage|p1a: Politoed|10/100
|-damage|p2b: Gholdengo|29/100|[from] item: Life Orb
|move|p2a: Ninetales|Blizzard|p1b: Gothitelle|[spread] p1a
|-miss|p2a: Ninetales|p1b: Gothitelle
|-resisted|p1a: Politoed
|-damage|p1a: Politoed|3/100
|
|-weather|RainDance|[upkeep]
|-heal|p1a: Politoed|9/100|[from] item: Leftovers
|upkeep
|turn|9
|inactive|fortree21utube has 30 seconds left.
|
|t:|1757933742
|move|p1b: Gothitelle|Psychic|p2b: Gholdengo
|-damage|p2b: Gholdengo|0 fnt
|faint|p2b: Gholdengo
|move|p1a: Politoed|Weather Ball|p2a: Ninetales
|-damage|p2a: Ninetales|0 fnt
|faint|p2a: Ninetales
|
|-weather|RainDance|[upkeep]
|-heal|p1a: Politoed|15/100|[from] item: Leftovers
|upkeep
|
|t:|1757933753
|switch|p2b: Rillaboom|Rillaboom, L50, M|100/100
|switch|p2a: Incineroar|Incineroar, L50, M|100/100
|-ability|p2a: Incineroar|Intimidate|boost
|-unboost|p1a: Politoed|atk|1
|-unboost|p1b: Gothitelle|atk|1
|-fieldstart|move: Grassy Terrain|[from] ability: Grassy Surge|[of] p2b: Rillaboom
|turn|10
|
|t:|1757933766
|switch|p1b: Incineroar|Incineroar, L50, M|21/100
|-ability|p1b: Incineroar|Intimidate|boost
|-unboost|p2a: Incineroar|atk|1
|-unboost|p2b: Rillaboom|atk|1
|move|p1a: Politoed|Protect|p1a: Politoed
|-singleturn|p1a: Politoed|Protect
|move|p2a: Incineroar|Knock Off|p1b: Incineroar
|-resisted|p1b: Incineroar
|-damage|p1b: Incineroar|10/100
|-enditem|p1b: Incineroar|Safety Goggles|[from] move: Knock Off|[of] p2a: Incineroar
|move|p2b: Rillaboom|High Horsepower|p1a: Politoed
|-activate|p1a: Politoed|move: Protect
|
|-weather|none
|-heal|p1b: Incineroar|16/100|[from] Grassy Terrain
|-heal|p1a: Politoed|21/100|[from] Grassy Terrain
|-heal|p1a: Politoed|27/100|[from] item: Leftovers
|upkeep
|turn|11
|
|t:|1757933787
|move|p1b: Incineroar|Fake Out|p2b: Rillaboom
|-damage|p2b: Rillaboom|90/100
|move|p1a: Politoed|Perish Song|p1a: Politoed
|-start|p1a: Politoed|perish3|[silent]
|-start|p1b: Incineroar|perish3|[silent]
|-start|p2a: Incineroar|perish3|[silent]
|-start|p2b: Rillaboom|perish3|[silent]
|-fieldactivate|move: Perish Song
|move|p2a: Incineroar|Knock Off|p1a: Politoed
|-damage|p1a: Politoed|1/100
|-enditem|p1a: Politoed|Leftovers|[from] move: Knock Off|[of] p2a: Incineroar
|cant|p2b: Rillaboom|flinch
|
|-heal|p1b: Incineroar|22/100|[from] Grassy Terrain
|-heal|p1a: Politoed|7/100|[from] Grassy Terrain
|-heal|p2b: Rillaboom|96/100|[from] Grassy Terrain
|-start|p1b: Incineroar|perish3
|-start|p1a: Politoed|perish3
|-start|p2a: Incineroar|perish3
|-start|p2b: Rillaboom|perish3
|-fieldend|move: Trick Room
|upkeep
|turn|12
|
|t:|1757933805
|move|p1a: Politoed|Protect|p1a: Politoed
|-singleturn|p1a: Politoed|Protect
|move|p1b: Incineroar|Protect|p1b: Incineroar
|-singleturn|p1b: Incineroar|Protect
|move|p2b: Rillaboom|High Horsepower|p1b: Incineroar
|-activate|p1b: Incineroar|move: Protect
|move|p2a: Incineroar|Knock Off|p1a: Politoed
|-activate|p1a: Politoed|move: Protect
|
|-heal|p2b: Rillaboom|100/100|[from] Grassy Terrain
|-heal|p1a: Politoed|13/100|[from] Grassy Terrain
|-heal|p1b: Incineroar|28/100|[from] Grassy Terrain
|-start|p2b: Rillaboom|perish2
|-start|p2a: Incineroar|perish2
|-start|p1a: Politoed|perish2
|-start|p1b: Incineroar|perish2
|upkeep
|turn|13
|
|t:|1757933827
|switch|p1a: Gothitelle|Gothitelle, L50, F|92/100
|move|p2b: Rillaboom|Wood Hammer|p1b: Incineroar
|-resisted|p1b: Incineroar
|-damage|p1b: Incineroar|3/100
|-damage|p2b: Rillaboom|92/100|[from] Recoil
|move|p2a: Incineroar|Knock Off|p1a: Gothitelle
|-supereffective|p1a: Gothitelle
|-damage|p1a: Gothitelle|48/100
|-enditem|p1a: Gothitelle|Sitrus Berry|[from] move: Knock Off|[of] p2a: Incineroar
|move|p1b: Incineroar|Parting Shot|p2b: Rillaboom
|-unboost|p2b: Rillaboom|atk|1
|-unboost|p2b: Rillaboom|spa|1
|
|t:|1757933830
|switch|p1b: Politoed|Politoed, L50, M, shiny|13/100|[from] Parting Shot
|-weather|RainDance|[from] ability: Drizzle|[of] p1b: Politoed
|
|-weather|RainDance|[upkeep]
|-heal|p2b: Rillaboom|98/100|[from] Grassy Terrain
|-heal|p1b: Politoed|19/100|[from] Grassy Terrain
|-heal|p1a: Gothitelle|54/100|[from] Grassy Terrain
|-start|p2b: Rillaboom|perish1
|-start|p2a: Incineroar|perish1
|upkeep
|turn|14
|-message|fortree21utube forfeited.
|
|win|JavoNieto
|l|☆fortree21utube
|player|p2|
||fortree21utube is ready for game 2.
|inactive|JavoNieto has 30 seconds to confirm battle start!
||JavoNieto is ready for game 2.
|uhtml|next|Next: Game 2 of 3
|l|☆JavoNieto
|player|p1|
