|j|☆grfynnvgc
|j|☆onxlaughtvgc
|html|grfynnvgconxlaughtvgc    
|uhtml|bestof|Game 2 of a best-of-3
|t:|1785463350
|gametype|doubles
|player|p1|grfynnvgc|101|1150
|player|p2|onxlaughtvgc|veteran|1227
|gen|9
|tier|[Gen 9 Champions] VGC 2026 Reg M-B (Bo3)
|rated|
|rule|Species Clause: Limit one of each Pokémon
|rule|Item Clause: Limit 1 of each item
|clearpoke
|poke|p1|Gengar, L50, F|
|poke|p1|Kommo-o, L50, F|
|poke|p1|Ninetales-Alola, L50, M|
|poke|p1|Primarina, L50, M|
|poke|p1|Volcarona, L50, M|
|poke|p1|Incineroar, L50, M|
|poke|p2|Swampert, L50, F|
|poke|p2|Pelipper, L50, F|
|poke|p2|Archaludon, L50, F|
|poke|p2|Sinistcha-Masterpiece, L50|
|poke|p2|Incineroar, L50, F|
|poke|p2|Raichu, L50, F|
|teampreview|4
|showteam|p1|Gengar||Gengarite|CursedBody|ShadowBall,SludgeBomb,PerishSong,Protect|Modest||F|||50|]Kommo-o||Leftovers|Soundproof|ClangingScales,AuraSphere,ClangorousSoul,Protect|Modest||F|||50|]Ninetales-Alola||FocusSash|SnowWarning|Blizzard,FreezeDry,AuroraVeil,Protect|Timid||M|||50|]Primarina||MysticWater|LiquidVoice|HyperVoice,Moonblast,PerishSong,Protect|Modest||M|||50|]Volcarona||SitrusBerry|FlameBody|Flamethrower,StruggleBug,RagePowder,Protect|Bold||M|||50|]Incineroar||ShucaBerry|Intimidate|FakeOut,ThroatChop,PartingShot,Protect|Impish||M|||50|
|showteam|p2|Swampert||Swampertite|Damp|WaveCrash,Earthquake,IcePunch,Protect|Adamant||F|||50|]Pelipper||FocusSash|Drizzle|Tailwind,WideGuard,Hurricane,WeatherBall|Timid||F|||50|]Archaludon||Leftovers|Sturdy|ElectroShot,FlashCannon,DracoMeteor,Protect|Timid||F|||50|]Sinistcha-Masterpiece||SitrusBerry|Hospitality|RagePowder,MatchaGotcha,LifeDew,Protect|Calm|||||50|]Incineroar||ChopleBerry|Intimidate|FakeOut,DarkestLariat,PartingShot,WillOWisp|Careful||F|||50|]Raichu||RaichuniteX|LightningRod|FakeOut,VoltSwitch,VoltTackle,Protect|Jolly||F|||50|
|inactive|Battle timer is ON: inactive players will automatically lose when time's up. (requested by onxlaughtvgc)
|
|t:|1785463374
|teamsize|p1|4
|teamsize|p2|4
|start
|switch|p1a: Kommo-o|Kommo-o, L50, F|100/100
|switch|p1b: Ninetales|Ninetales-Alola, L50, M|100/100
|switch|p2a: Pelipper|Pelipper, L50, F|100/100
|switch|p2b: Swampert|Swampert, L50, F|100/100
|-weather|Snowscape|[from] ability: Snow Warning|[of] p1b: Ninetales
|-weather|RainDance|[from] ability: Drizzle|[of] p2a: Pelipper
|turn|1
|inactive|onxlaughtvgc has 30 seconds left.
|
|t:|1785463409
|detailschange|p2b: Swampert|Swampert-Mega, L50, F
|-mega|p2b: Swampert|Swampert|Swampertite
|move|p2b: Swampert|Wave Crash|p1b: Ninetales
|-enditem|p1b: Ninetales|Focus Sash
|-damage|p1b: Ninetales|1/100
|-damage|p2b: Swampert|74/100|[from] Recoil
|move|p1b: Ninetales|Freeze-Dry|p2b: Swampert
|-supereffective|p2b: Swampert|2
|-damage|p2b: Swampert|0 fnt
|faint|p2b: Swampert
|move|p1a: Kommo-o|Clangorous Soul|p1a: Kommo-o
|-boost|p1a: Kommo-o|atk|1
|-boost|p1a: Kommo-o|def|1
|-boost|p1a: Kommo-o|spa|1
|-boost|p1a: Kommo-o|spd|1
|-boost|p1a: Kommo-o|spe|1
|-damage|p1a: Kommo-o|67/100
|move|p2a: Pelipper|Tailwind|p2a: Pelipper
|-sidestart|p2: onxlaughtvgc|move: Tailwind
|
|-weather|RainDance|[upkeep]
|-heal|p1a: Kommo-o|73/100|[from] item: Leftovers
|upkeep
|inactive|onxlaughtvgc has 30 seconds left.
|
|t:|1785463435
|switch|p2b: Archaludon|Archaludon, L50, F|100/100
|turn|2
|
|t:|1785463446
|switch|p1b: Incineroar|Incineroar, L50, M|100/100
|-ability|p1b: Incineroar|Intimidate|boost
|-unboost|p2a: Pelipper|atk|1
|-unboost|p2b: Archaludon|atk|1
|move|p1a: Kommo-o|Protect|p1a: Kommo-o
|-singleturn|p1a: Kommo-o|Protect
|move|p2b: Archaludon|Electro Shot||[still]
|-prepare|p2b: Archaludon|Electro Shot
|-boost|p2b: Archaludon|spa|1
|-anim|p2b: Archaludon|Electro Shot|p1b: Incineroar
|-damage|p1b: Incineroar|38/100
|move|p2a: Pelipper|Hurricane|p1a: Kommo-o
|-activate|p1a: Kommo-o|move: Protect
|
|-weather|RainDance|[upkeep]
|-heal|p1a: Kommo-o|78/100|[from] item: Leftovers
|upkeep
|turn|3
|
|t:|1785463469
|move|p2b: Archaludon|Protect|p2b: Archaludon
|-singleturn|p2b: Archaludon|Protect
|move|p1b: Incineroar|Fake Out|p2a: Pelipper
|-damage|p2a: Pelipper|85/100
|cant|p2a: Pelipper|flinch
|move|p1a: Kommo-o|Clanging Scales|p2b: Archaludon|[spread] p2a
|-activate|p2b: Archaludon|move: Protect
|-damage|p2a: Pelipper|0 fnt
|faint|p2a: Pelipper
|-unboost|p1a: Kommo-o|def|1
|
|-weather|RainDance|[upkeep]
|-heal|p1a: Kommo-o|84/100|[from] item: Leftovers
|upkeep
|
|t:|1785463485
|switch|p2a: Sinistcha|Sinistcha-Masterpiece, L50|100/100
|turn|4
|
|t:|1785463504
|move|p1a: Kommo-o|Protect|p1a: Kommo-o
|-singleturn|p1a: Kommo-o|Protect
|move|p1b: Incineroar|Protect|p1b: Incineroar
|-singleturn|p1b: Incineroar|Protect
|move|p2b: Archaludon|Electro Shot||[still]
|-prepare|p2b: Archaludon|Electro Shot
|-boost|p2b: Archaludon|spa|1
|-anim|p2b: Archaludon|Electro Shot|p1b: Incineroar
|-activate|p1b: Incineroar|move: Protect
|move|p2a: Sinistcha|Life Dew||[still]|[still]|[spread] 
|-fail|p2a: Sinistcha|heal
|-fail|p2b: Archaludon|heal
|
|-weather|RainDance|[upkeep]
|-heal|p1a: Kommo-o|90/100|[from] item: Leftovers
|-sideend|p2: onxlaughtvgc|move: Tailwind
|upkeep
|turn|5
|
|t:|1785463523
|move|p1a: Kommo-o|Clanging Scales|p2a: Sinistcha|[spread] p2a,p2b
|-damage|p2a: Sinistcha|51/100
|-damage|p2b: Archaludon|15/100
|-unboost|p1a: Kommo-o|def|1
|move|p2b: Archaludon|Draco Meteor|p1a: Kommo-o
|-supereffective|p1a: Kommo-o|1
|-damage|p1a: Kommo-o|0 fnt
|-unboost|p2b: Archaludon|spa|2
|faint|p1a: Kommo-o
|move|p2a: Sinistcha|Life Dew|p2a: Sinistcha|[spread] p2a,p2b
|-heal|p2a: Sinistcha|76/100
|-heal|p2b: Archaludon|40/100
|move|p1b: Incineroar|Throat Chop|p2a: Sinistcha
|-supereffective|p2a: Sinistcha|1
|-crit|p2a: Sinistcha
|-damage|p2a: Sinistcha|0 fnt
|faint|p2a: Sinistcha
|
|-weather|none
|-heal|p2b: Archaludon|46/100|[from] item: Leftovers
|upkeep
|
|t:|1785463538
|switch|p1a: Gengar|Gengar, L50, F|100/100
|turn|6
|
|t:|1785463548
|detailschange|p1a: Gengar|Gengar-Mega, L50, F
|-mega|p1a: Gengar|Gengar|Gengarite
|move|p1a: Gengar|Shadow Ball|p2b: Archaludon
|-damage|p2b: Archaludon|0 fnt
|faint|p2b: Archaludon
|
|win|grfynnvgc
|raw|grfynnvgc's rating: 1150 → 1180(+30 for winning)
|raw|onxlaughtvgc's rating: 1227 → 1197(-30 for losing)
