|j|☆abgesaftet
|j|☆Kinyachta
|html|abgesaftetKinyachta    
|uhtml|bestof|Game 2 of a best-of-3
|t:|1785932920
|gametype|doubles
|player|p1|abgesaftet|ballguy|1371
|player|p2|Kinyachta|169|1280
|gen|9
|tier|[Gen 9 Champions] VGC 2026 Reg M-B (Bo3)
|rated|
|rule|Species Clause: Limit one of each Pokémon
|rule|Item Clause: Limit 1 of each item
|clearpoke
|poke|p1|Sneasler, L50, M|
|poke|p1|Sinistcha, L50|
|poke|p1|Incineroar, L50, F|
|poke|p1|Kingambit, L50, M|
|poke|p1|Delphox, L50, F|
|poke|p1|Blastoise, L50, F|
|poke|p2|Floette-Eternal, L50, F|
|poke|p2|Farigiraf, L50, F|
|poke|p2|Sneasler, L50, M|
|poke|p2|Garchomp, L50, M|
|poke|p2|Charizard, L50, F|
|poke|p2|Whimsicott, L50, F|
|teampreview|4
|showteam|p1|Sneasler||FocusSash|PoisonTouch|FakeOut,CloseCombat,PoisonJab,QuickGuard|Jolly||M|||50|]Sinistcha||OccaBerry|Hospitality|MatchaGotcha,RagePowder,TrickRoom,Protect|Bold|||||50|]Incineroar||SitrusBerry|Intimidate|FakeOut,FlareBlitz,ThroatChop,PartingShot|Careful||F|||50|]Kingambit||LifeOrb|Defiant|KowtowCleave,SuckerPunch,SwordsDance,Protect|Adamant||M|||50|]Delphox||Delphoxite|Blaze|HeatWave,Psychic,NastyPlot,Protect|Timid||F|||50|]Blastoise||Blastoisinite|RainDish|WaterSpout,DarkPulse,ShellSmash,Protect|Modest||F|||50|
|showteam|p2|Floette-Eternal||Floettite|FlowerVeil|Moonblast,Protect,DazzlingGleam,LightofRuin|Timid||F|||50|]Farigiraf||SitrusBerry|ArmorTail|TrickRoom,HelpingHand,TwinBeam,HyperVoice|Quiet||F|||50|]Sneasler||WhiteHerb|Unburden|Protect,CloseCombat,Coaching,DireClaw|Jolly||M|||50|]Garchomp||Leftovers|RoughSkin|DragonClaw,RockSlide,Protect,Earthquake|Adamant||M|||50|]Charizard||CharizarditeY|SolarPower|WeatherBall,Protect,HeatWave,SolarBeam|Modest||F|||50|]Whimsicott||FocusSash|Prankster|Tailwind,CottonSpore,Encore,Moonblast|Modest||F|||50|
|inactive|Battle timer is ON: inactive players will automatically lose when time's up. (requested by Kinyachta)
|
|t:|1785932960
|teamsize|p1|4
|teamsize|p2|4
|start
|switch|p1a: Blastoise|Blastoise, L50, F|100/100
|switch|p1b: Sneasler|Sneasler, L50, M|100/100
|switch|p2a: Sneasler|Sneasler, L50, M|100/100
|switch|p2b: Garchomp|Garchomp, L50, M|100/100
|turn|1
|
|t:|1785932981
|switch|p2b: Farigiraf|Farigiraf, L50, F|100/100
|detailschange|p1a: Blastoise|Blastoise-Mega, L50, F
|-mega|p1a: Blastoise|Blastoise|Blastoisinite
|move|p1b: Sneasler|Fake Out||[still]
|cant|p2b: Farigiraf|ability: Armor Tail|Fake Out|[of] p1b: Sneasler
|move|p2a: Sneasler|Close Combat|p1a: Blastoise
|-damage|p1a: Blastoise|42/100
|-unboost|p2a: Sneasler|def|1
|-unboost|p2a: Sneasler|spd|1
|-enditem|p2a: Sneasler|White Herb
|-clearnegativeboost|p2a: Sneasler|[silent]
|move|p1a: Blastoise|Water Spout|p2a: Sneasler|[spread] p2a,p2b
|-damage|p2a: Sneasler|59/100
|-damage|p2b: Farigiraf|67/100
|
|upkeep
|turn|2
|
|t:|1785933001
|switch|p1b: Sinistcha|Sinistcha, L50|100/100
|-heal|p1a: Blastoise|67/100|[from] ability: Hospitality|[of] p1b: Sinistcha
|switch|p1a: Incineroar|Incineroar, L50, F|100/100
|-ability|p1a: Incineroar|Intimidate|boost
|-unboost|p2a: Sneasler|atk|1
|-unboost|p2b: Farigiraf|atk|1
|move|p2a: Sneasler|Close Combat|p1b: Sinistcha
|-immune|p1b: Sinistcha
|move|p2b: Farigiraf|Hyper Voice|p1a: Incineroar|[spread] p1a
|-immune|p1b: Sinistcha
|-damage|p1a: Incineroar|73/100
|
|upkeep
|turn|3
|
|t:|1785933023
|move|p2b: Farigiraf|Helping Hand|p2a: Sneasler
|-singleturn|p2a: Sneasler|Helping Hand|[of] p2b: Farigiraf
|move|p2a: Sneasler|Close Combat|p1a: Incineroar
|-supereffective|p1a: Incineroar|1
|-crit|p1a: Incineroar
|-damage|p1a: Incineroar|0 fnt
|-unboost|p2a: Sneasler|def|1
|-unboost|p2a: Sneasler|spd|1
|faint|p1a: Incineroar
|move|p1b: Sinistcha|Matcha Gotcha|p2a: Sneasler|[spread] p2b
|-miss|p1b: Sinistcha|p2a: Sneasler
|-damage|p2b: Farigiraf|42/100
|-enditem|p2b: Farigiraf|Sitrus Berry|[eat]
|-heal|p2b: Farigiraf|67/100|[from] item: Sitrus Berry
|
|upkeep
|
|t:|1785933036
|switch|p1a: Blastoise|Blastoise-Mega, L50, F|67/100
|turn|4
|
|t:|1785933051
|move|p1b: Sinistcha|Rage Powder|p1b: Sinistcha
|-singleturn|p1b: Sinistcha|move: Rage Powder
|move|p2a: Sneasler|Dire Claw|p1b: Sinistcha
|-damage|p1b: Sinistcha|76/100
|-status|p1b: Sinistcha|slp
|move|p1a: Blastoise|Shell Smash|p1a: Blastoise
|-unboost|p1a: Blastoise|def|1
|-unboost|p1a: Blastoise|spd|1
|-boost|p1a: Blastoise|atk|2
|-boost|p1a: Blastoise|spa|2
|-boost|p1a: Blastoise|spe|2
|move|p2b: Farigiraf|Twin Beam|p1b: Sinistcha
|-damage|p1b: Sinistcha|56/100 slp
|-damage|p1b: Sinistcha|38/100 slp
|-hitcount|p1b: Sinistcha|2
|
|upkeep
|turn|5
|
|t:|1785933068
|switch|p1b: Sneasler|Sneasler, L50, M|100/100
|move|p2b: Farigiraf|Helping Hand|p2a: Sneasler
|-singleturn|p2a: Sneasler|Helping Hand|[of] p2b: Farigiraf
|move|p2a: Sneasler|Close Combat|p1a: Blastoise
|-damage|p1a: Blastoise|0 fnt
|-unboost|p2a: Sneasler|def|1
|-unboost|p2a: Sneasler|spd|1
|faint|p1a: Blastoise
|
|upkeep
|-message|abgesaftet forfeited.
|
|win|Kinyachta
