|j|☆Saga_57
|j|☆pachi_deidad
|html|Saga_57pachi_deidad    
|uhtml|bestof|Game 2 of a best-of-3
|t:|1782357533
|gametype|doubles
|player|p1|Saga_57|iono-masters|
|player|p2|pachi_deidad|lillie-masters|
|gen|9
|tier|[Gen 9 Champions] VGC 2026 Reg M-B (Bo3)
|rule|Species Clause: Limit one of each Pokémon
|rule|Item Clause: Limit 1 of each item
|clearpoke
|poke|p1|Floette-Eternal, L50, F|
|poke|p1|Kingambit, L50, F|
|poke|p1|Garchomp, L50, F|
|poke|p1|Talonflame, L50, F|
|poke|p1|Sinistcha, L50|
|poke|p1|Gholdengo, L50|
|poke|p2|Drampa, L50, F, shiny|
|poke|p2|Klefki, L50, F, shiny|
|poke|p2|Torkoal, L50, M, shiny|
|poke|p2|Mawile, L50, F, shiny|
|poke|p2|Oranguru, L50, M, shiny|
|poke|p2|Sinistcha-Masterpiece, L50, shiny|
|teampreview|4
|showteam|p1|Floette-Eternal||Floettite|FlowerVeil|Moonblast,DazzlingGleam,LightofRuin,Protect|Timid||F|||50|]Kingambit||ChopleBerry|Defiant|Protect,IronHead,LowKick,SuckerPunch|Adamant||F|||50|]Garchomp||SitrusBerry|RoughSkin|Protect,Earthquake,RockSlide,DragonClaw|Jolly||F|||50|]Talonflame||Charcoal|GaleWings|Protect,Tailwind,BraveBird,Overheat|Naive||F|||50|]Sinistcha||ColburBerry|Hospitality|Protect,RagePowder,StrengthSap,ShadowBall|Bold|||||50|]Gholdengo||LifeOrb|GoodasGold|Protect,MakeItRain,ShadowBall,PowerGem|Modest|||||50|
|showteam|p2|Drampa||Drampanite|Berserk|Flamethrower,DracoMeteor,Protect,Thunderbolt|Quiet||F|||50|]Klefki||LightClay|Prankster|Reflect,LightScreen,TrickRoom,FoulPlay|Bold||F|||50|]Torkoal||HeatRock|Drought|Eruption,HeatWave,Protect,EarthPower|Quiet||M|||50|]Mawile||Mawilite|HyperCutter|PlayRough,SuckerPunch,Protect,SwordsDance|Brave||F|||50|]Oranguru||MentalHerb|InnerFocus|TrickRoom,Protect,FoulPlay,Instruct|Impish||M|||50|]Sinistcha-Masterpiece||SitrusBerry|Hospitality|LifeDew,RagePowder,TrickRoom,ShadowBall|Bold|||||50|
|
|t:|1782357554
|teamsize|p1|4
|teamsize|p2|4
|start
|switch|p1a: Floette|Floette-Eternal, L50, F|100/100
|switch|p1b: Garchomp|Garchomp, L50, F|100/100
|switch|p2a: Klefki|Klefki, L50, F, shiny|100/100
|switch|p2b: Drampa|Drampa, L50, F, shiny|100/100
|turn|1
|
|t:|1782357587
|switch|p1b: Talonflame|Talonflame, L50, F|100/100
|switch|p2b: Oranguru|Oranguru, L50, M, shiny|100/100
|detailschange|p1a: Floette|Floette-Mega, L50, F
|-mega|p1a: Floette|Floette|Floettite
|-ability|p1a: Floette|Fairy Aura
|move|p2a: Klefki|Reflect|p2a: Klefki
|-sidestart|p2: pachi_deidad|Reflect
|move|p1a: Floette|Light of Ruin|p2b: Oranguru
|-damage|p2b: Oranguru|26/100
|-damage|p1a: Floette|51/100|[from] Recoil
|
|upkeep
|turn|2
|
|t:|1782357612
|move|p1b: Talonflame|Tailwind|p1b: Talonflame
|-sidestart|p1: Saga_57|move: Tailwind
|move|p1a: Floette|Moonblast|p2b: Oranguru
|-damage|p2b: Oranguru|0 fnt
|faint|p2b: Oranguru
|move|p2a: Klefki|Trick Room|p2a: Klefki
|-fieldstart|move: Trick Room|[of] p2a: Klefki
|
|upkeep
|
|t:|1782357631
|switch|p2b: Torkoal|Torkoal, L50, M, shiny|100/100
|-weather|SunnyDay|[from] ability: Drought|[of] p2b: Torkoal
|turn|3
|
|t:|1782357638
|move|p1a: Floette|Protect|p1a: Floette
|-singleturn|p1a: Floette|Protect
|move|p2a: Klefki|Light Screen|p2a: Klefki
|-sidestart|p2: pachi_deidad|move: Light Screen
|move|p1b: Talonflame|Brave Bird|p2b: Torkoal
|-damage|p2b: Torkoal|83/100
|-damage|p1b: Talonflame|93/100|[from] Recoil
|move|p2b: Torkoal|Eruption|p1b: Talonflame|[spread] p1b
|-activate|p1a: Floette|move: Protect
|-resisted|p1b: Talonflame|1
|-damage|p1b: Talonflame|35/100
|
|-weather|SunnyDay|[upkeep]
|upkeep
|turn|4
|
|t:|1782357660
|switch|p1a: Garchomp|Garchomp, L50, F|100/100
|move|p2b: Torkoal|Eruption|p1a: Garchomp|[spread] p1a,p1b
|-resisted|p1a: Garchomp|1
|-resisted|p1b: Talonflame|1
|-damage|p1a: Garchomp|65/100
|-damage|p1b: Talonflame|0 fnt
|faint|p1b: Talonflame
|move|p2a: Klefki|Foul Play|p1a: Garchomp
|-damage|p1a: Garchomp|34/100
|-damage|p2a: Klefki|87/100|[from] ability: Rough Skin|[of] p1a: Garchomp
|-enditem|p1a: Garchomp|Sitrus Berry|[eat]
|-heal|p1a: Garchomp|59/100|[from] item: Sitrus Berry
|
|-weather|SunnyDay|[upkeep]
|upkeep
|
|t:|1782357680
|switch|p1b: Kingambit|Kingambit, L50, F|100/100
|turn|5
|
|t:|1782357687
|move|p2b: Torkoal|Protect|p2b: Torkoal
|-singleturn|p2b: Torkoal|Protect
|move|p1b: Kingambit|Protect|p1b: Kingambit
|-singleturn|p1b: Kingambit|Protect
|move|p1a: Garchomp|Protect|p1a: Garchomp
|-singleturn|p1a: Garchomp|Protect
|move|p2a: Klefki|Foul Play|p1a: Garchomp
|-activate|p1a: Garchomp|move: Protect
|
|-weather|SunnyDay|[upkeep]
|-sideend|p1: Saga_57|move: Tailwind
|upkeep
|turn|6
|
|t:|1782357700
|move|p1b: Kingambit|Protect||[still]
|-fail|p1b: Kingambit
|move|p2b: Torkoal|Heat Wave|p1a: Garchomp|[spread] p1b
|-miss|p2b: Torkoal|p1a: Garchomp
|-supereffective|p1b: Kingambit|1
|-damage|p1b: Kingambit|1/100
|move|p2a: Klefki|Foul Play|p1a: Garchomp
|-damage|p1a: Garchomp|28/100
|-damage|p2a: Klefki|75/100|[from] ability: Rough Skin|[of] p1a: Garchomp
|move|p1a: Garchomp|Earthquake|p2b: Torkoal|[spread] p1b,p2a,p2b
|-supereffective|p1b: Kingambit|1
|-supereffective|p2a: Klefki|1
|-supereffective|p2b: Torkoal|1
|-damage|p1b: Kingambit|0 fnt
|-damage|p2a: Klefki|26/100
|-damage|p2b: Torkoal|47/100
|faint|p1b: Kingambit
|
|-weather|SunnyDay|[upkeep]
|-fieldend|move: Trick Room
|upkeep
|
|t:|1782357714
|switch|p1b: Floette|Floette-Mega, L50, F|51/100
|-ability|p1b: Floette|Fairy Aura
|turn|7
|
|t:|1782357742
|move|p1b: Floette|Protect|p1b: Floette
|-singleturn|p1b: Floette|Protect
|move|p2b: Torkoal|Protect|p2b: Torkoal
|-singleturn|p2b: Torkoal|Protect
|move|p1a: Garchomp|Earthquake|p2a: Klefki|[spread] p2a
|-activate|p1b: Floette|move: Protect
|-activate|p2b: Torkoal|move: Protect
|-supereffective|p2a: Klefki|1
|-damage|p2a: Klefki|0 fnt
|faint|p2a: Klefki
|
|-weather|SunnyDay|[upkeep]
|upkeep
|
|t:|1782357751
|switch|p2a: Drampa|Drampa, L50, F, shiny|100/100
|turn|8
|
|t:|1782357793
|detailschange|p2a: Drampa|Drampa-Mega, L50, F, shiny
|-mega|p2a: Drampa|Drampa|Drampanite
|move|p1b: Floette|Light of Ruin|p2a: Drampa
|-supereffective|p2a: Drampa|1
|-damage|p2a: Drampa|0 fnt
|faint|p2a: Drampa
|-damage|p1b: Floette|0 fnt|[from] Recoil
|faint|p1b: Floette
|move|p1a: Garchomp|Dragon Claw|p2b: Torkoal
|-damage|p2b: Torkoal|28/100
|move|p2b: Torkoal|Heat Wave|p1a: Garchomp
|-resisted|p1a: Garchomp|1
|-damage|p1a: Garchomp|0 fnt
|faint|p1a: Garchomp
|
|win|pachi_deidad
|c|☆pachi_deidad|gg
