|j|☆freyartchan
|j|☆davirru5
|html|freyartchandavirru5    
|uhtml|bestof|Game 1 of a best-of-3
|t:|1756748529
|gametype|doubles
|player|p1|freyartchan|kieran-champion|1142
|player|p2|davirru5|ghetsis|1216
|gen|9
|tier|[Gen 9] VGC 2025 Reg H (Bo3)
|rated|
|rule|Species Clause: Limit one of each Pokémon
|rule|Item Clause: Limit 1 of each item
|clearpoke
|poke|p1|Sylveon, L50, M|
|poke|p1|Archaludon, L50, M|
|poke|p1|Incineroar, L50, F|
|poke|p1|Ursaluna, L50, M|
|poke|p1|Ribombee, L50, F|
|poke|p1|Porygon2, L50|
|poke|p2|Sneasler, L50, M|
|poke|p2|Rillaboom, L50, M|
|poke|p2|Electabuzz, L50, F|
|poke|p2|Dragonite, L50, F|
|poke|p2|Volcarona, L50, F|
|poke|p2|Kingambit, L50, F|
|teampreview|4
|showteam|p1|Sylveon||LifeOrb|Pixilate|HyperVoice,QuickAttack,TeraBlast,Protect|||M|||50|,,,,,Fire]Archaludon||PowerHerb|Sturdy|FlashCannon,DracoMeteor,ElectroShot,Protect|||M|||50|,,,,,Electric]Incineroar||SafetyGoggles|Intimidate|FakeOut,FlareBlitz,KnockOff,PartingShot|||F|||50|,,,,,Ghost]Ursaluna||FlameOrb|Guts|Facade,HeadlongRush,Earthquake,Protect|||M|||50|,,,,,Ghost]Ribombee||CovertCloak|SweetVeil|Tailwind,PollenPuff,StruggleBug,Protect|||F|||50|,,,,,Water]Porygon2||Eviolite|Download|TeraBlast,IceBeam,Recover,TrickRoom||||||50|,,,,,Flying
|showteam|p2|Sneasler||FocusSash|PoisonTouch|CloseCombat,DireClaw,Coaching,FakeOut|||M|||50|,,,,,Ghost]Rillaboom||AssaultVest|GrassySurge|WoodHammer,GrassyGlide,HighHorsepower,FakeOut|||M|||50|,,,,,Water]Electabuzz||Eviolite|VitalSpirit|Thunderbolt,FollowMe,Taunt,Protect|||F|||50|,,,,,Ghost]Dragonite||LoadedDice|Multiscale|ScaleShot,ExtremeSpeed,Haze,Protect|||F|||50|,,,,,Fairy]Volcarona||CovertCloak|FlameBody|HeatWave,TeraBlast,QuiverDance,Protect|||F|||50|,,,,,Fairy]Kingambit||BlackGlasses|Defiant|KowtowCleave,SuckerPunch,SwordsDance,Protect|||F|||50|,,,,,Dark
|inactive|Battle timer is ON: inactive players will automatically lose when time's up. (requested by davirru5)
|inactive|freyartchan has 60 seconds left.
|inactive|davirru5 has 60 seconds left.
|inactive|freyartchan has 30 seconds left.
|inactive|freyartchan has 20 seconds left.
|inactive|freyartchan has 15 seconds left.
|inactive|freyartchan has 10 seconds left.
|
|t:|1756748614
|teamsize|p1|4
|teamsize|p2|4
|start
|switch|p1a: Scotti|Incineroar, L50, F|100/100
|switch|p1b: Polly|Porygon2, L50|100/100
|switch|p2a: Electabuzz|Electabuzz, L50, F|100/100
|switch|p2b: Volcarona|Volcarona, L50, F|100/100
|-ability|p1a: Scotti|Intimidate|boost
|-unboost|p2a: Electabuzz|atk|1
|-unboost|p2b: Volcarona|atk|1
|-ability|p1b: Polly|Download|boost
|-boost|p1b: Polly|atk|1
|turn|1
|inactive|freyartchan has 30 seconds left.
|inactive|davirru5 has 30 seconds left.
|inactive|freyartchan has 20 seconds left.
|inactive|davirru5 has 20 seconds left.
|inactive|freyartchan has 15 seconds left.
|inactive|freyartchan has 10 seconds left.
|
|t:|1756748660
|move|p1a: Scotti|Fake Out|p2a: Electabuzz
|-crit|p2a: Electabuzz
|-damage|p2a: Electabuzz|87/100
|cant|p2a: Electabuzz|flinch
|move|p2b: Volcarona|Quiver Dance|p2b: Volcarona
|-boost|p2b: Volcarona|spa|1
|-boost|p2b: Volcarona|spd|1
|-boost|p2b: Volcarona|spe|1
|move|p1b: Polly|Trick Room|p1b: Polly
|-fieldstart|move: Trick Room|[of] p1b: Polly
|
|upkeep
|turn|2
|inactive|freyartchan has 30 seconds left.
|inactive|davirru5 has 30 seconds left.
|inactive|freyartchan has 20 seconds left.
|inactive|davirru5 has 20 seconds left.
|inactive|davirru5 has 15 seconds left.
|inactive|davirru5 has 10 seconds left.
|
|t:|1756748709
|switch|p2a: Rillaboom|Rillaboom, L50, M|100/100
|-fieldstart|move: Grassy Terrain|[from] ability: Grassy Surge|[of] p2a: Rillaboom
|-terastallize|p1b: Polly|Flying
|move|p1b: Polly|Tera Blast|p2b: Volcarona|[anim] Tera Blast Flying
|-supereffective|p2b: Volcarona
|-damage|p2b: Volcarona|29/100
|move|p1a: Scotti|Flare Blitz|p2a: Rillaboom
|-supereffective|p2a: Rillaboom
|-damage|p2a: Rillaboom|7/100
|-damage|p1a: Scotti|69/100|[from] Recoil
|move|p2b: Volcarona|Heat Wave|p1a: Scotti|[spread] p1a
|-miss|p2b: Volcarona|p1b: Polly
|-resisted|p1a: Scotti
|-damage|p1a: Scotti|47/100
|
|-heal|p1a: Scotti|53/100|[from] Grassy Terrain
|-heal|p2a: Rillaboom|13/100|[from] Grassy Terrain
|-heal|p2b: Volcarona|35/100|[from] Grassy Terrain
|upkeep
|turn|3
|inactive|freyartchan has 30 seconds left.
|inactive|freyartchan has 20 seconds left.
|
|t:|1756748747
|switch|p1a: Luna|Ursaluna, L50, M|100/100
|move|p2b: Volcarona|Protect|p2b: Volcarona
|-singleturn|p2b: Volcarona|Protect
|move|p1b: Polly|Tera Blast|p2a: Rillaboom|[anim] Tera Blast Flying
|-supereffective|p2a: Rillaboom
|-damage|p2a: Rillaboom|0 fnt
|faint|p2a: Rillaboom
|
|-heal|p2b: Volcarona|41/100|[from] Grassy Terrain
|-status|p1a: Luna|brn|[from] item: Flame Orb
|upkeep
|
|t:|1756748751
|switch|p2a: Sneasler|Sneasler, L50, M|100/100
|turn|4
|inactive|freyartchan has 30 seconds left.
|
|t:|1756748778
|switch|p1b: Scotti|Incineroar, L50, F|53/100
|-ability|p1b: Scotti|Intimidate|boost
|-unboost|p2a: Sneasler|atk|1
|-unboost|p2b: Volcarona|atk|1
|-terastallize|p2b: Volcarona|Fairy
|move|p2a: Sneasler|Fake Out|p1a: Luna
|-crit|p1a: Luna
|-damage|p1a: Luna|83/100 brn
|cant|p1a: Luna|flinch
|move|p2b: Volcarona|Heat Wave|p1a: Luna|[spread] p1a,p1b
|-resisted|p1b: Scotti
|-damage|p1a: Luna|31/100 brn
|-damage|p1b: Scotti|30/100
|
|-heal|p1a: Luna|37/100 brn|[from] Grassy Terrain
|-heal|p1b: Scotti|36/100|[from] Grassy Terrain
|-heal|p2b: Volcarona|47/100|[from] Grassy Terrain
|-damage|p1a: Luna|31/100 brn|[from] brn
|upkeep
|turn|5
|inactive|freyartchan has 30 seconds left.
|
|t:|1756748805
|switch|p2a: Electabuzz|Electabuzz, L50, F|87/100
|move|p2b: Volcarona|Protect|p2b: Volcarona
|-singleturn|p2b: Volcarona|Protect
|move|p1b: Scotti|Fake Out|p2b: Volcarona
|-activate|p2b: Volcarona|move: Protect
|move|p1a: Luna|Facade|p2a: Electabuzz
|-crit|p2a: Electabuzz
|-damage|p2a: Electabuzz|0 fnt
|faint|p2a: Electabuzz
|
|-heal|p1a: Luna|37/100 brn|[from] Grassy Terrain
|-heal|p1b: Scotti|42/100|[from] Grassy Terrain
|-heal|p2b: Volcarona|54/100|[from] Grassy Terrain
|-damage|p1a: Luna|31/100 brn|[from] brn
|-fieldend|move: Trick Room
|upkeep
|
|t:|1756748820
|switch|p2a: Sneasler|Sneasler, L50, M|100/100
|turn|6
|
|t:|1756748835
|move|p1a: Luna|Protect|p1a: Luna
|-singleturn|p1a: Luna|Protect
|move|p2b: Volcarona|Heat Wave|p1b: Scotti|[spread] p1b
|-activate|p1a: Luna|move: Protect
|-resisted|p1b: Scotti
|-damage|p1b: Scotti|21/100
|move|p2a: Sneasler|Close Combat|p1b: Scotti
|-supereffective|p1b: Scotti
|-damage|p1b: Scotti|0 fnt
|-unboost|p2a: Sneasler|def|1
|-unboost|p2a: Sneasler|spd|1
|faint|p1b: Scotti
|
|-heal|p2b: Volcarona|60/100|[from] Grassy Terrain
|-heal|p1a: Luna|37/100 brn|[from] Grassy Terrain
|-damage|p1a: Luna|31/100 brn|[from] brn
|-fieldend|move: Grassy Terrain
|upkeep
|
|t:|1756748856
|switch|p1b: Polly|Porygon2, L50, tera:Flying|100/100
|-ability|p1b: Polly|Download|boost
|-boost|p1b: Polly|atk|1
|turn|7
|inactive|freyartchan has 30 seconds left.
|inactive|freyartchan has 20 seconds left.
|inactive|freyartchan has 15 seconds left.
|
|t:|1756748901
|switch|p1a: Skye|Archaludon, L50, M|100/100
|move|p2b: Volcarona|Heat Wave|p1b: Polly|[spread] p1a,p1b
|-damage|p1a: Skye|22/100
|-damage|p1b: Polly|74/100
|-status|p1a: Skye|brn
|move|p2a: Sneasler|Dire Claw|p1b: Polly
|-damage|p1b: Polly|48/100
|-status|p1b: Polly|psn
|move|p1b: Polly|Trick Room|p1b: Polly
|-fieldstart|move: Trick Room|[of] p1b: Polly
|
|-damage|p1b: Polly|36/100 psn|[from] psn
|-damage|p1a: Skye|16/100 brn|[from] brn
|upkeep
|turn|8
|inactive|freyartchan has 30 seconds left.
|inactive|davirru5 has 30 seconds left.
|
|t:|1756748929
|move|p1b: Polly|Recover|p1b: Polly
|-heal|p1b: Polly|86/100 psn
|move|p1a: Skye|Electro Shot||[still]
|-prepare|p1a: Skye|Electro Shot
|-boost|p1a: Skye|spa|1
|-enditem|p1a: Skye|Power Herb
|-anim|p1a: Skye|Electro Shot|p2a: Sneasler
|-enditem|p2a: Sneasler|Focus Sash
|-damage|p2a: Sneasler|1/100
|move|p2a: Sneasler|Dire Claw|p1b: Polly
|-damage|p1b: Polly|59/100 psn
|move|p2b: Volcarona|Heat Wave|p1b: Polly|[spread] p1a,p1b
|-damage|p1a: Skye|0 fnt
|-damage|p1b: Polly|30/100 psn
|faint|p1a: Skye
|
|-damage|p1b: Polly|18/100 psn|[from] psn
|upkeep
|
|t:|1756748945
|switch|p1a: Luna|Ursaluna, L50, M|31/100 brn
|turn|9
|inactive|freyartchan has 30 seconds left.
|inactive|davirru5 has 30 seconds left.
|inactive|davirru5 has 20 seconds left.
|inactive|davirru5 has 15 seconds left.
|
|t:|1756748988
|move|p1a: Luna|Protect|p1a: Luna
|-singleturn|p1a: Luna|Protect
|move|p2b: Volcarona|Protect|p2b: Volcarona
|-singleturn|p2b: Volcarona|Protect
|move|p1b: Polly|Tera Blast|p2a: Sneasler|[anim] Tera Blast Flying
|-supereffective|p2a: Sneasler
|-damage|p2a: Sneasler|0 fnt
|faint|p2a: Sneasler
|
|-damage|p1b: Polly|5/100 psn|[from] psn
|-damage|p1a: Luna|26/100 brn|[from] brn
|upkeep
|turn|10
|
|t:|1756749005
|move|p2b: Volcarona|Protect||[still]
|-fail|p2b: Volcarona
|move|p1a: Luna|Facade|p2b: Volcarona
|-damage|p2b: Volcarona|0 fnt
|faint|p2b: Volcarona
|
|win|freyartchan
||davirru5 is ready for game 2.
||freyartchan is ready for game 2.
|uhtml|next|Next: Game 2 of 3
