|j|☆naibot2814
|j|☆Professor_J93
|html|naibot2814Professor_J93    
|uhtml|bestof|Game 3 of a best-of-3
|t:|1783530039
|gametype|doubles
|player|p1|naibot2814|ghetsis|1374
|player|p2|Professor_J93|n|1350
|gen|9
|tier|[Gen 9 Champions] VGC 2026 Reg M-B (Bo3)
|rated|
|rule|Species Clause: Limit one of each Pokémon
|rule|Item Clause: Limit 1 of each item
|clearpoke
|poke|p1|Blastoise, L50, M|
|poke|p1|Incineroar, L50, M|
|poke|p1|Sneasler, L50, M|
|poke|p1|Sinistcha, L50|
|poke|p1|Kingambit, L50, M, shiny|
|poke|p1|Floette-Eternal, L50, F|
|poke|p2|Raichu, L50, F, shiny|
|poke|p2|Vivillon-Ocean, L50, M, shiny|
|poke|p2|Infernape, L50, M|
|poke|p2|Farigiraf, L50, F, shiny|
|poke|p2|Meganium, L50, F|
|poke|p2|Dragapult, L50, F|
|teampreview|4
|showteam|p1|Blastoise||Blastoisinite|Torrent|WaterSpout,DarkPulse,ShellSmash,Protect|Modest||M|||50|]Incineroar||SitrusBerry|Intimidate|FakeOut,FlareBlitz,DarkestLariat,PartingShot|Careful||M|||50|]Sneasler||FocusSash|PoisonTouch|FakeOut,CloseCombat,PoisonJab,RockTomb|Jolly||M|||50|]Sinistcha||KasibBerry|Hospitality|MatchaGotcha,TrickRoom,RagePowder,Protect|Bold|||||50|]Kingambit||BlackGlasses|Defiant|KowtowCleave,SuckerPunch,SwordsDance,Protect|Adamant||M|||50|]Floette-Eternal||Floettite|FlowerVeil|DrainingKiss,DazzlingGleam,CalmMind,Protect|Modest||F|||50|
|showteam|p2|Raichu||RaichuniteY|LightningRod|ZapCannon,FocusBlast,FakeOut,Protect|Modest||F|||50|]Vivillon-Ocean||FocusSash|CompoundEyes|Hurricane,Tailwind,SleepPowder,Protect|Timid||M|||50|]Infernape||Charcoal|Blaze|Overheat,FakeOut,Encore,Protect|Timid||M|||50|]Farigiraf||SitrusBerry|ArmorTail|Psyshock,Roar,TrickRoom,HelpingHand|Relaxed||F|||50|]Meganium||Meganiumite|Overgrow|SolarBeam,DazzlingGleam,WeatherBall,Protect|Modest||F|||50|]Dragapult||LifeOrb|ClearBody|DragonDarts,WillOWisp,PhantomForce,Protect|Jolly||F|||50|
|
|t:|1783530067
|teamsize|p1|4
|teamsize|p2|4
|start
|switch|p1a: Blastoise|Blastoise, L50, M|100/100
|switch|p1b: Sneasler|Sneasler, L50, M|100/100
|switch|p2a: Dragapult|Dragapult, L50, F|100/100
|switch|p2b: Farigiraf|Farigiraf, L50, F, shiny|100/100
|turn|1
|
|t:|1783530096
|detailschange|p1a: Blastoise|Blastoise-Mega, L50, M
|-mega|p1a: Blastoise|Blastoise|Blastoisinite
|move|p2a: Dragapult|Phantom Force||[still]
|-prepare|p2a: Dragapult|Phantom Force
|move|p1b: Sneasler|Close Combat|p2b: Farigiraf
|-damage|p2b: Farigiraf|47/100
|-unboost|p1b: Sneasler|def|1
|-unboost|p1b: Sneasler|spd|1
|-enditem|p2b: Farigiraf|Sitrus Berry|[eat]
|-heal|p2b: Farigiraf|72/100|[from] item: Sitrus Berry
|move|p1a: Blastoise|Dark Pulse|p2a: Dragapult|[miss]
|-miss|p1a: Blastoise|p2a: Dragapult
|move|p2b: Farigiraf|Psyshock|p1b: Sneasler
|-supereffective|p1b: Sneasler|2
|-enditem|p1b: Sneasler|Focus Sash
|-damage|p1b: Sneasler|1/100
|
|upkeep
|turn|2
|
|t:|1783530111
|switch|p1b: Kingambit|Kingambit, L50, M, shiny|100/100
|move|p2b: Farigiraf|Helping Hand|p2a: Dragapult
|-singleturn|p2a: Dragapult|Helping Hand|[of] p2b: Farigiraf
|move|p2a: Dragapult|Phantom Force|p1a: Blastoise|[from] lockedmove
|-damage|p1a: Blastoise|31/100
|-damage|p2a: Dragapult|90/100|[from] item: Life Orb
|move|p1a: Blastoise|Dark Pulse|p2b: Farigiraf
|-supereffective|p2b: Farigiraf|1
|-damage|p2b: Farigiraf|0 fnt
|faint|p2b: Farigiraf
|
|upkeep
|
|t:|1783530124
|switch|p2b: Serper|Infernape, L50, M|100/100
|turn|3
|
|t:|1783530140
|switch|p1b: Sinistcha|Sinistcha, L50|100/100
|-heal|p1a: Blastoise|56/100|[from] ability: Hospitality|[of] p1b: Sinistcha
|move|p1a: Blastoise|Protect|p1a: Blastoise
|-singleturn|p1a: Blastoise|Protect
|move|p2b: Serper|Fake Out|p1b: Sinistcha
|-immune|p1b: Sinistcha
|move|p2a: Dragapult|Will-O-Wisp|p1b: Sinistcha
|-status|p1b: Sinistcha|brn
|
|-damage|p1b: Sinistcha|93/100 brn|[from] brn
|upkeep
|turn|4
|
|t:|1783530166
|switch|p2a: Meganium|Meganium, L50, F|100/100
|move|p2b: Serper|Protect|p2b: Serper
|-singleturn|p2b: Serper|Protect
|move|p1b: Sinistcha|Rage Powder|p1b: Sinistcha
|-singleturn|p1b: Sinistcha|move: Rage Powder
|move|p1a: Blastoise|Water Spout|p2b: Serper|[spread] p2a
|-activate|p2b: Serper|move: Protect
|-resisted|p2a: Meganium|1
|-damage|p2a: Meganium|81/100
|
|-damage|p1b: Sinistcha|87/100 brn|[from] brn
|upkeep
|turn|5
|
|t:|1783530194
|switch|p1a: Kingambit|Kingambit, L50, M, shiny|100/100
|detailschange|p2a: Meganium|Meganium-Mega, L50, F
|-mega|p2a: Meganium|Meganium|Meganiumite
|move|p2b: Serper|Overheat|p1b: Sinistcha
|-supereffective|p1b: Sinistcha|1
|-damage|p1b: Sinistcha|0 fnt
|-unboost|p2b: Serper|spa|2
|faint|p1b: Sinistcha
|move|p2a: Meganium|Solar Beam||[still]
|-prepare|p2a: Meganium|Solar Beam
|-activate|p2a: Meganium|ability: Mega Sol
|-anim|p2a: Meganium|Solar Beam|p1a: Kingambit
|-resisted|p1a: Kingambit|1
|-damage|p1a: Kingambit|63/100
|
|upkeep
|
|t:|1783530203
|switch|p1b: Sneasler|Sneasler, L50, M|1/100
|turn|6
|
|t:|1783530217
|move|p2b: Serper|Protect|p2b: Serper
|-singleturn|p2b: Serper|Protect
|move|p2a: Meganium|Protect|p2a: Meganium
|-singleturn|p2a: Meganium|Protect
|move|p1a: Kingambit|Sucker Punch||[still]
|-fail|p1a: Kingambit
|move|p1b: Sneasler|Close Combat|p2b: Serper
|-activate|p2b: Serper|move: Protect
|
|upkeep
|turn|7
|
|t:|1783530230
|move|p1a: Kingambit|Sucker Punch|p2b: Serper
|-resisted|p2b: Serper|1
|-damage|p2b: Serper|65/100
|move|p1b: Sneasler|Close Combat|p2b: Serper
|-damage|p2b: Serper|0 fnt
|-unboost|p1b: Sneasler|def|1
|-unboost|p1b: Sneasler|spd|1
|faint|p2b: Serper
|move|p2a: Meganium|Dazzling Gleam|p1a: Kingambit|[spread] p1a,p1b
|-damage|p1a: Kingambit|30/100
|-damage|p1b: Sneasler|0 fnt
|faint|p1b: Sneasler
|
|upkeep
|
|t:|1783530236
|switch|p1b: Blastoise|Blastoise-Mega, L50, M|56/100
|switch|p2b: Dragapult|Dragapult, L50, F|90/100
|turn|8
|-message|naibot2814 forfeited.
|
|win|Professor_J93
|raw|naibot2814's rating: 1374 → 1353(-21 for losing)
|raw|Professor_J93's rating: 1350 → 1371(+21 for winning)
|l|☆naibot2814
|player|p1|
|l|☆Professor_J93
|player|p2|
|j|☆naibot2814
|player|p1|naibot2814|ghetsis|
