|j|☆bearlover997
|j|☆zachlobbed
|html|bearlover997zachlobbed    
|uhtml|bestof|Game 1 of a best-of-3
|t:|1784517127
|gametype|doubles
|player|p1|bearlover997|sage|1178
|player|p2|zachlobbed|brock|1314
|gen|9
|tier|[Gen 9 Champions] VGC 2026 Reg M-B (Bo3)
|rated|
|rule|Species Clause: Limit one of each Pokémon
|rule|Item Clause: Limit 1 of each item
|clearpoke
|poke|p1|Mamoswine, L50, M, shiny|
|poke|p1|Ninetales-Alola, L50, M|
|poke|p1|Eelektross, L50, F, shiny|
|poke|p1|Oranguru, L50, F|
|poke|p1|Whimsicott, L50, F|
|poke|p1|Incineroar, L50, F|
|poke|p2|Charizard, L50, M|
|poke|p2|Floette-Eternal, L50, F|
|poke|p2|Whimsicott, L50, F|
|poke|p2|Garchomp, L50, F|
|poke|p2|Basculegion, L50, M|
|poke|p2|Kingambit, L50, F|
|teampreview|4
|showteam|p1|Mamoswine||LifeOrb|Oblivious|IceShard,Earthquake,Protect,RockSlide|Adamant||M|||50|]Ninetales-Alola||FocusSash|SnowWarning|Encore,Disable,Blizzard,Protect|Timid||M|||50|]Eelektross||Eelektrossite|Levitate|Discharge,Protect,Flamethrower,GigaDrain|Modest||F|||50|]Oranguru||MentalHerb|Telepathy|TrickRoom,Instruct,Protect,PsychicNoise|Sassy||F|||50|]Whimsicott||Leftovers|Prankster|Encore,Tailwind,FakeTears,Moonblast|Bold||F|||50|]Incineroar||PasshoBerry|Intimidate|FakeOut,PartingShot,FlareBlitz,CloseCombat|Adamant||F|||50|
|showteam|p2|Charizard||CharizarditeY|Blaze|Protect,HeatWave,SolarBeam,WeatherBall|Modest||M|||50|]Floette-Eternal||Floettite|FlowerVeil|Protect,LightofRuin,Moonblast,DazzlingGleam|Timid||F|||50|]Whimsicott||FocusSash|Prankster|Protect,Tailwind,Moonblast,Encore|Timid||F|||50|]Garchomp||LifeOrb|RoughSkin|Protect,DragonClaw,Earthquake,RockSlide|Jolly||F|||50|]Basculegion||MysticWater|Adaptability|Protect,AquaJet,WaveCrash,LastRespects|Adamant||M|||50|]Kingambit||BlackGlasses|Defiant|Protect,LowKick,SuckerPunch,KowtowCleave|Adamant||F|||50|
|inactive|Battle timer is ON: inactive players will automatically lose when time's up. (requested by zachlobbed)
|inactive|bearlover997 also wants the timer to be on.
|
|t:|1784517151
|teamsize|p1|4
|teamsize|p2|4
|start
|switch|p1a: Whimsicott|Whimsicott, L50, F|100/100
|switch|p1b: Mamoswine|Mamoswine, L50, M, shiny|100/100
|switch|p2a: Whimsicott|Whimsicott, L50, F|100/100
|switch|p2b: Basculegion|Basculegion, L50, M|100/100
|turn|1
|
|t:|1784517167
|switch|p1b: Eelektross|Eelektross, L50, F, shiny|100/100
|move|p1a: Whimsicott|Tailwind|p1a: Whimsicott
|-sidestart|p1: bearlover997|move: Tailwind
|move|p2a: Whimsicott|Moonblast|p1b: Eelektross
|-damage|p1b: Eelektross|62/100
|move|p2b: Basculegion|Wave Crash|p1b: Eelektross
|-crit|p1b: Eelektross
|-damage|p1b: Eelektross|0 fnt
|faint|p1b: Eelektross
|-damage|p2b: Basculegion|83/100|[from] Recoil
|
|upkeep
|
|t:|1784517178
|switch|p1b: Ninetales|Ninetales-Alola, L50, M|100/100
|-weather|Snowscape|[from] ability: Snow Warning|[of] p1b: Ninetales
|turn|2
|inactive|zachlobbed has 30 seconds left.
|
|t:|1784517205
|switch|p2a: Kingambit|Kingambit, L50, F|100/100
|move|p1a: Whimsicott|Fake Tears|p2b: Basculegion
|-unboost|p2b: Basculegion|spd|2
|move|p1b: Ninetales|Blizzard|p2b: Basculegion|[spread] p2a,p2b
|-resisted|p2a: Kingambit|1
|-resisted|p2b: Basculegion|1
|-damage|p2a: Kingambit|87/100
|-damage|p2b: Basculegion|56/100
|-status|p2a: Kingambit|frz
|move|p2b: Basculegion|Wave Crash|p1b: Ninetales
|-damage|p1b: Ninetales|12/100
|-damage|p2b: Basculegion|31/100|[from] Recoil
|
|-weather|Snowscape|[upkeep]
|upkeep
|turn|3
|
|t:|1784517224
|switch|p1a: Mamoswine|Mamoswine, L50, M, shiny|100/100
|move|p2b: Basculegion|Aqua Jet|p1b: Ninetales
|-damage|p1b: Ninetales|0 fnt
|faint|p1b: Ninetales
|cant|p2a: Kingambit|frz
|
|-weather|Snowscape|[upkeep]
|upkeep
|
|t:|1784517231
|switch|p1b: Whimsicott|Whimsicott, L50, F|100/100
|turn|4
|
|t:|1784517246
|move|p2b: Basculegion|Aqua Jet|p1a: Mamoswine
|-supereffective|p1a: Mamoswine|1
|-damage|p1a: Mamoswine|61/100
|cant|p2a: Kingambit|frz
|move|p1b: Whimsicott|Moonblast|p2a: Kingambit
|-damage|p2a: Kingambit|61/100 frz
|move|p1a: Mamoswine|Earthquake|p2b: Basculegion|[spread] p1b,p2a,p2b
|-resisted|p1b: Whimsicott|1
|-supereffective|p2a: Kingambit|1
|-damage|p1b: Whimsicott|78/100
|-damage|p2a: Kingambit|0 fnt
|-damage|p2b: Basculegion|0 fnt
|faint|p2a: Kingambit
|faint|p2b: Basculegion
|-damage|p1a: Mamoswine|51/100|[from] item: Life Orb
|
|-weather|Snowscape|[upkeep]
|-heal|p1b: Whimsicott|84/100|[from] item: Leftovers
|-sideend|p1: bearlover997|move: Tailwind
|upkeep
|
|t:|1784517247
|switch|p2b: Whimsicott|Whimsicott, L50, F|100/100
|switch|p2a: Floette|Floette-Eternal, L50, F|100/100
|turn|5
|
|t:|1784517269
|detailschange|p2a: Floette|Floette-Mega, L50, F
|-mega|p2a: Floette|Floette|Floettite
|-ability|p2a: Floette|Fairy Aura
|move|p1a: Mamoswine|Protect|p1a: Mamoswine
|-singleturn|p1a: Mamoswine|Protect
|move|p2b: Whimsicott|Tailwind|p2b: Whimsicott
|-sidestart|p2: zachlobbed|move: Tailwind
|move|p1b: Whimsicott|Tailwind|p1b: Whimsicott
|-sidestart|p1: bearlover997|move: Tailwind
|move|p2a: Floette|Dazzling Gleam|p1b: Whimsicott|[spread] p1b
|-activate|p1a: Mamoswine|move: Protect
|-damage|p1b: Whimsicott|17/100
|
|-weather|Snowscape|[upkeep]
|-heal|p1b: Whimsicott|23/100|[from] item: Leftovers
|upkeep
|turn|6
|
|t:|1784517291
|move|p2b: Whimsicott|Encore|p1a: Mamoswine
|-start|p1a: Mamoswine|Encore
|move|p1a: Mamoswine|Protect||[still]
|-fail|p1a: Mamoswine
|move|p2a: Floette|Dazzling Gleam|p1b: Whimsicott|[spread] p1a,p1b
|-damage|p1a: Mamoswine|0 fnt
|-damage|p1b: Whimsicott|0 fnt
|faint|p1a: Mamoswine
|faint|p1b: Whimsicott
|
|win|zachlobbed
