|j|☆exessvgc
|j|☆raksbach
|html|exessvgcraksbach    
|uhtml|bestof|Game 1 of a best-of-3
|t:|1784297530
|gametype|doubles
|player|p1|exessvgc|lucas|1297
|player|p2|raksbach|265|1310
|gen|9
|tier|[Gen 9 Champions] VGC 2026 Reg M-B (Bo3)
|rated|
|rule|Species Clause: Limit one of each Pokémon
|rule|Item Clause: Limit 1 of each item
|clearpoke
|poke|p1|Farigiraf, L50, F|
|poke|p1|Aerodactyl, L50, F|
|poke|p1|Sylveon, L50, F|
|poke|p1|Kingambit, L50, F|
|poke|p1|Garchomp, L50, M|
|poke|p1|Charizard, L50, M|
|poke|p2|Incineroar, L50, M|
|poke|p2|Maushold, L50|
|poke|p2|Sinistcha, L50|
|poke|p2|Sneasler, L50, F|
|poke|p2|Blastoise, L50, F|
|poke|p2|Delphox, L50, F|
|teampreview|4
|showteam|p1|Farigiraf||SitrusBerry|ArmorTail|TrickRoom,TwinBeam,HelpingHand,Thunderbolt|Bold||F|||50|]Aerodactyl||Aerodactylite|Unnerve|RockSlide,Protect,Tailwind,Taunt|Jolly||F|||50|]Sylveon||FairyFeather|Pixilate|HyperVoice,HyperBeam,Protect,Yawn|Modest||F|||50|]Kingambit||FocusSash|Defiant|LowKick,SuckerPunch,IronHead,Protect|Adamant||F|||50|]Garchomp||LifeOrb|RoughSkin|DragonClaw,Earthquake,RockSlide,Protect|Adamant||M|||50|]Charizard||CharizarditeY|Blaze|WeatherBall,HeatWave,SolarBeam,Protect|Modest||M|||50|
|showteam|p2|Incineroar||SitrusBerry|Intimidate|FakeOut,FlareBlitz,DarkestLariat,PartingShot|Impish||M|||50|]Maushold||ChopleBerry|FriendGuard|SuperFang,FollowMe,Protect,Feint|Impish|||||50|]Sinistcha||OccaBerry|Hospitality|MatchaGotcha,LifeDew,RagePowder,Protect|Bold|||||50|]Sneasler||FocusSash|PoisonTouch|FakeOut,CloseCombat,DireClaw,QuickGuard|Jolly||F|||50|]Blastoise||Blastoisinite|Torrent|WaterSpout,DarkPulse,ShellSmash,Protect|Modest||F|||50|]Delphox||Delphoxite|Blaze|HeatWave,Psychic,NastyPlot,Protect|Timid||F|||50|
|inactive|Battle timer is ON: inactive players will automatically lose when time's up. (requested by raksbach)
|inactive|exessvgc has 60 seconds left.
|inactive|exessvgc has 30 seconds left.
|inactive|exessvgc has 20 seconds left.
|inactive|exessvgc has 15 seconds left.
|inactive|exessvgc has 10 seconds left.
|
|t:|1784297614
|teamsize|p1|4
|teamsize|p2|4
|start
|switch|p1a: Charizard|Charizard, L50, M|100/100
|switch|p1b: DINOSAUVO|Aerodactyl, L50, F|100/100
|switch|p2a: Incineroar|Incineroar, L50, M|100/100
|switch|p2b: Delphox|Delphox, L50, F|100/100
|-ability|p1b: DINOSAUVO|Unnerve
|-ability|p2a: Incineroar|Intimidate|boost
|-unboost|p1a: Charizard|atk|1
|-unboost|p1b: DINOSAUVO|atk|1
|turn|1
|
|t:|1784297629
|switch|p1a: LA GIRAFFA|Farigiraf, L50, F|100/100
|detailschange|p2b: Delphox|Delphox-Mega, L50, F
|-mega|p2b: Delphox|Delphox|Delphoxite
|move|p1b: DINOSAUVO|Rock Slide|p2a: Incineroar|[spread] p2a,p2b
|-supereffective|p2a: Incineroar|1
|-supereffective|p2b: Delphox|1
|-damage|p2a: Incineroar|73/100
|-damage|p2b: Delphox|60/100
|move|p2b: Delphox|Nasty Plot|p2b: Delphox
|-boost|p2b: Delphox|spa|2
|move|p2a: Incineroar|Parting Shot|p1b: DINOSAUVO
|-unboost|p1b: DINOSAUVO|atk|1
|-unboost|p1b: DINOSAUVO|spa|1
|
|t:|1784297641
|switch|p2a: Sinistcha|Sinistcha, L50|100/100|[from] Parting Shot
|-heal|p2b: Delphox|84/100|[from] ability: Hospitality|[of] p2a: Sinistcha
|
|upkeep
|turn|2
|inactive|exessvgc has 30 seconds left.
|
|t:|1784297672
|move|p1b: DINOSAUVO|Tailwind|p1b: DINOSAUVO
|-sidestart|p1: exessvgc|move: Tailwind
|move|p2b: Delphox|Psychic|p1b: DINOSAUVO
|-damage|p1b: DINOSAUVO|0 fnt
|faint|p1b: DINOSAUVO
|move|p1a: LA GIRAFFA|Thunderbolt|p2b: Delphox
|-damage|p2b: Delphox|63/100
|move|p2a: Sinistcha|Life Dew||[still]|[spread] p2a,p2b
|-fail|p2a: Sinistcha|heal
|-heal|p2b: Delphox|88/100
|
|upkeep
|
|t:|1784297682
|switch|p1b: Garchomp|Garchomp, L50, M|100/100
|turn|3
|
|t:|1784297702
|move|p1a: LA GIRAFFA|Helping Hand|p1b: Garchomp
|-singleturn|p1b: Garchomp|Helping Hand|[of] p1a: LA GIRAFFA
|move|p2b: Delphox|Protect|p2b: Delphox
|-singleturn|p2b: Delphox|Protect
|move|p1b: Garchomp|Rock Slide|p2a: Sinistcha|[spread] p2a
|-activate|p2b: Delphox|move: Protect
|-damage|p2a: Sinistcha|65/100
|-damage|p1b: Garchomp|90/100|[from] item: Life Orb
|cant|p2a: Sinistcha|flinch
|
|upkeep
|turn|4
|
|t:|1784297716
|switch|p2a: Incineroar|Incineroar, L50, M|73/100
|-ability|p2a: Incineroar|Intimidate|boost
|-unboost|p1a: LA GIRAFFA|atk|1
|-unboost|p1b: Garchomp|atk|1
|move|p1a: LA GIRAFFA|Helping Hand|p1b: Garchomp
|-singleturn|p1b: Garchomp|Helping Hand|[of] p1a: LA GIRAFFA
|move|p1b: Garchomp|Rock Slide|p2a: Incineroar|[spread] p2a,p2b
|-supereffective|p2a: Incineroar|1
|-supereffective|p2b: Delphox|1
|-damage|p2a: Incineroar|29/100
|-damage|p2b: Delphox|22/100
|-enditem|p2a: Incineroar|Sitrus Berry|[eat]
|-heal|p2a: Incineroar|54/100|[from] item: Sitrus Berry
|-damage|p1b: Garchomp|80/100|[from] item: Life Orb
|cant|p2b: Delphox|flinch
|
|upkeep
|turn|5
|
|t:|1784297736
|move|p1a: LA GIRAFFA|Helping Hand|p1b: Garchomp
|-singleturn|p1b: Garchomp|Helping Hand|[of] p1a: LA GIRAFFA
|move|p2b: Delphox|Protect|p2b: Delphox
|-singleturn|p2b: Delphox|Protect
|move|p1b: Garchomp|Dragon Claw|p2a: Incineroar
|-damage|p2a: Incineroar|6/100
|-damage|p1b: Garchomp|70/100|[from] item: Life Orb
|move|p2a: Incineroar|Parting Shot|p1b: Garchomp
|-unboost|p1b: Garchomp|atk|1
|-unboost|p1b: Garchomp|spa|1
|
|t:|1784297747
|switch|p2a: Sinistcha|Sinistcha, L50|65/100|[from] Parting Shot
|-heal|p2b: Delphox|47/100|[from] ability: Hospitality|[of] p2a: Sinistcha
|
|-sideend|p1: exessvgc|move: Tailwind
|upkeep
|turn|6
|inactive|exessvgc has 30 seconds left.
|inactive|raksbach has 30 seconds left.
|
|t:|1784297776
|move|p2b: Delphox|Psychic|p1b: Garchomp
|-damage|p1b: Garchomp|0 fnt
|faint|p1b: Garchomp
|move|p2a: Sinistcha|Life Dew|p2a: Sinistcha|[spread] p2a,p2b
|-heal|p2a: Sinistcha|90/100
|-heal|p2b: Delphox|72/100
|move|p1a: LA GIRAFFA|Thunderbolt|p2b: Delphox
|-damage|p2b: Delphox|51/100
|
|upkeep
|-message|exessvgc forfeited.
|
|win|raksbach
|l|☆exessvgc
|player|p1|
||exessvgc is ready for game 2.
||raksbach is ready for game 2.
|uhtml|next|Next: Game 2 of 3
|j|☆exessvgc
|player|p1|exessvgc|lucas|
