|j|☆Mhew
|j|☆danbol123
|html|Mhewdanbol123    
|uhtml|bestof|Game 3 of a best-of-3
|t:|1784039096
|gametype|doubles
|player|p1|Mhew|roxie|1113
|player|p2|danbol123|shadowtriad|1094
|gen|9
|tier|[Gen 9 Champions] VGC 2026 Reg M-B (Bo3)
|rated|
|rule|Species Clause: Limit one of each Pokémon
|rule|Item Clause: Limit 1 of each item
|clearpoke
|poke|p1|Kangaskhan, L50, F|
|poke|p1|Garchomp, L50, M|
|poke|p1|Staraptor, L50, M|
|poke|p1|Incineroar, L50, M|
|poke|p1|Gholdengo, L50|
|poke|p1|Ninetales-Alola, L50, F|
|poke|p2|Archaludon, L50, M|
|poke|p2|Swampert, L50, F|
|poke|p2|Meganium, L50, M|
|poke|p2|Pelipper, L50, M|
|poke|p2|Sableye, L50, F|
|poke|p2|Farigiraf, L50, F|
|teampreview|4
|showteam|p1|Kangaskhan||Kangaskhanite|Scrappy|FakeOut,DoubleEdge,LowKick,IcePunch|Adamant||F|||50|]Garchomp||LifeOrb|RoughSkin|StompingTantrum,RockSlide,DragonClaw,Protect|Jolly||M|||50|]Staraptor||Staraptite|Intimidate|CloseCombat,Protect,BraveBird,Roost|Jolly||M|||50|]Incineroar||SitrusBerry|Intimidate|FakeOut,PartingShot,FlareBlitz,DarkestLariat|Relaxed||M|||50|]Gholdengo||SpellTag|GoodasGold|ShadowBall,MakeItRain,Protect,NastyPlot|Modest|||||50|]Ninetales-Alola||NeverMeltIce|SnowWarning|Blizzard,Protect,FreezeDry,AuroraVeil|Timid||F|||50|
|showteam|p2|Archaludon||Leftovers|Stamina|DragonPulse,ElectroShot,Protect,FlashCannon|Modest||M|||50|]Swampert||Swampertite|Damp|Earthquake,PoisonJab,Protect,WaveCrash|Adamant||F|||50|]Meganium||Meganiumite|LeafGuard|Protect,Synthesis,SolarBeam,DazzlingGleam|Timid||M|||50|]Pelipper||ChoiceScarf|Drizzle|Hurricane,Uturn,Tailwind,WeatherBall|Timid||M|||50|]Sableye||LightClay|Prankster|FakeOut,Reflect,LightScreen,Encore|Impish||F|||50|]Farigiraf||SitrusBerry|ArmorTail|RainDance,Roar,Psychic,HelpingHand|Calm||F|||50|
|inactive|Battle timer is ON: inactive players will automatically lose when time's up. (requested by danbol123)
|
|t:|1784039114
|teamsize|p1|4
|teamsize|p2|4
|start
|switch|p1a: Staraptor|Staraptor, L50, M|100/100
|switch|p1b: Incineroar|Incineroar, L50, M|100/100
|switch|p2a: Archaludon|Archaludon, L50, M|100/100
|switch|p2b: Sableye|Sableye, L50, F|100/100
|-ability|p1a: Staraptor|Intimidate|boost
|-unboost|p2a: Archaludon|atk|1
|-unboost|p2b: Sableye|atk|1
|-ability|p1b: Incineroar|Intimidate|boost
|-unboost|p2a: Archaludon|atk|1
|-unboost|p2b: Sableye|atk|1
|turn|1
|inactive|Mhew has 30 seconds left.
|
|t:|1784039139
|switch|p1b: Kangaskhan|Kangaskhan, L50, F|100/100
|detailschange|p1a: Staraptor|Staraptor-Mega, L50, M
|-mega|p1a: Staraptor|Staraptor|Staraptite
|move|p2b: Sableye|Fake Out|p1a: Staraptor
|-damage|p1a: Staraptor|95/100
|cant|p1a: Staraptor|flinch
|move|p2a: Archaludon|Dragon Pulse|p1a: Staraptor
|-damage|p1a: Staraptor|40/100
|
|upkeep
|turn|2
|inactive|danbol123 has 30 seconds left.
|
|t:|1784039169
|switch|p1b: Incineroar|Incineroar, L50, M|100/100
|-ability|p1b: Incineroar|Intimidate|boost
|-unboost|p2a: Archaludon|atk|1
|-unboost|p2b: Sableye|atk|1
|move|p2a: Archaludon|Protect|p2a: Archaludon
|-singleturn|p2a: Archaludon|Protect
|move|p2b: Sableye|Reflect|p2b: Sableye
|-sidestart|p2: danbol123|Reflect
|move|p1a: Staraptor|Roost|p1a: Staraptor
|-heal|p1a: Staraptor|90/100
|-singleturn|p1a: Staraptor|move: Roost
|
|upkeep
|turn|3
|
|t:|1784039185
|move|p2b: Sableye|Encore|p1a: Staraptor
|-start|p1a: Staraptor|Encore
|move|p1a: Staraptor|Roost|p1a: Staraptor
|-heal|p1a: Staraptor|100/100
|-singleturn|p1a: Staraptor|move: Roost
|move|p2a: Archaludon|Dragon Pulse|p1a: Staraptor
|-damage|p1a: Staraptor|46/100
|move|p1b: Incineroar|Parting Shot|p2a: Archaludon
|-unboost|p2a: Archaludon|atk|1
|-unboost|p2a: Archaludon|spa|1
|
|t:|1784039200
|switch|p1b: Kangaskhan|Kangaskhan, L50, F|100/100|[from] Parting Shot
|
|upkeep
|turn|4
|
|t:|1784039217
|switch|p2b: Pelipper|Pelipper, L50, M|100/100
|-weather|RainDance|[from] ability: Drizzle|[of] p2b: Pelipper
|move|p1a: Staraptor|Roost|p1a: Staraptor
|-heal|p1a: Staraptor|96/100
|-singleturn|p1a: Staraptor|move: Roost
|move|p1b: Kangaskhan|Double-Edge|p2b: Pelipper
|-damage|p2b: Pelipper|48/100
|-damage|p1b: Kangaskhan|88/100|[from] Recoil
|move|p2a: Archaludon|Electro Shot||[still]
|-prepare|p2a: Archaludon|Electro Shot
|-boost|p2a: Archaludon|spa|1
|-anim|p2a: Archaludon|Electro Shot|p1a: Staraptor
|-damage|p1a: Staraptor|44/100
|
|-weather|RainDance|[upkeep]
|upkeep
|turn|5
|inactive|danbol123 has 30 seconds left.
|
|t:|1784039244
|switch|p1a: Ninetales|Ninetales-Alola, L50, F|100/100
|-weather|Snowscape|[from] ability: Snow Warning|[of] p1a: Ninetales
|move|p2b: Pelipper|Tailwind|p2b: Pelipper
|-sidestart|p2: danbol123|move: Tailwind
|move|p2a: Archaludon|Electro Shot||[still]
|-prepare|p2a: Archaludon|Electro Shot
|-boost|p2a: Archaludon|spa|1
|move|p1b: Kangaskhan|Double-Edge|p2b: Pelipper
|-damage|p2b: Pelipper|0 fnt
|faint|p2b: Pelipper
|-damage|p1b: Kangaskhan|77/100|[from] Recoil
|
|-weather|Snowscape|[upkeep]
|upkeep
|
|t:|1784039248
|switch|p2b: Sableye|Sableye, L50, F|100/100
|turn|6
|inactive|Mhew has 30 seconds left.
|inactive|Mhew has 20 seconds left.
|inactive|Mhew has 15 seconds left.
|
|t:|1784039289
|switch|p1a: Incineroar|Incineroar, L50, M|100/100
|-ability|p1a: Incineroar|Intimidate|boost
|-unboost|p2a: Archaludon|atk|1
|-unboost|p2b: Sableye|atk|1
|move|p2b: Sableye|Light Screen|p2b: Sableye
|-sidestart|p2: danbol123|move: Light Screen
|move|p2a: Archaludon|Electro Shot|p1a: Incineroar|[from] lockedmove
|-damage|p1a: Incineroar|37/100
|-enditem|p1a: Incineroar|Sitrus Berry|[eat]
|-heal|p1a: Incineroar|62/100|[from] item: Sitrus Berry
|move|p1b: Kangaskhan|Double-Edge|p2b: Sableye
|-damage|p2b: Sableye|57/100
|-damage|p1b: Kangaskhan|66/100|[from] Recoil
|
|-weather|Snowscape|[upkeep]
|upkeep
|turn|7
|inactive|danbol123 has 30 seconds left.
|
|t:|1784039314
|move|p2b: Sableye|Encore|p1b: Kangaskhan
|-start|p1b: Kangaskhan|Encore
|move|p2a: Archaludon|Dragon Pulse|p1a: Incineroar
|-damage|p1a: Incineroar|1/100
|move|p1b: Kangaskhan|Double-Edge|p2b: Sableye
|-damage|p2b: Sableye|17/100
|-damage|p1b: Kangaskhan|56/100|[from] Recoil
|move|p1a: Incineroar|Parting Shot|p2a: Archaludon
|-unboost|p2a: Archaludon|atk|1
|-unboost|p2a: Archaludon|spa|1
|
|t:|1784039332
|switch|p1a: Staraptor|Staraptor-Mega, L50, M|44/100|[from] Parting Shot
|
|-weather|Snowscape|[upkeep]
|upkeep
|turn|8
|
|t:|1784039355
|switch|p2b: Swampert|Swampert, L50, F|100/100
|move|p1a: Staraptor|Protect|p1a: Staraptor
|-singleturn|p1a: Staraptor|Protect
|move|p2a: Archaludon|Dragon Pulse|p1a: Staraptor
|-activate|p1a: Staraptor|move: Protect
|move|p1b: Kangaskhan|Double-Edge|p2b: Swampert
|-damage|p2b: Swampert|66/100
|-damage|p1b: Kangaskhan|44/100|[from] Recoil
|
|-weather|Snowscape|[upkeep]
|-sideend|p2: danbol123|move: Tailwind
|upkeep
|turn|9
|
|t:|1784039379
|switch|p1b: Incineroar|Incineroar, L50, M|1/100
|-ability|p1b: Incineroar|Intimidate|boost
|-unboost|p2a: Archaludon|atk|0
|-unboost|p2b: Swampert|atk|1
|detailschange|p2b: Swampert|Swampert-Mega, L50, F
|-mega|p2b: Swampert|Swampert|Swampertite
|move|p2a: Archaludon|Protect|p2a: Archaludon
|-singleturn|p2a: Archaludon|Protect
|move|p1a: Staraptor|Roost|p1a: Staraptor
|-heal|p1a: Staraptor|94/100
|-singleturn|p1a: Staraptor|move: Roost
|move|p2b: Swampert|Wave Crash|p1a: Staraptor
|-damage|p1a: Staraptor|46/100
|-damage|p2b: Swampert|53/100|[from] Recoil
|
|-weather|none
|-sideend|p2: danbol123|Reflect
|upkeep
|turn|10
|inactive|Mhew has 30 seconds left.
|
|t:|1784039406
|move|p1a: Staraptor|Roost|p1a: Staraptor
|-heal|p1a: Staraptor|96/100
|-singleturn|p1a: Staraptor|move: Roost
|move|p2a: Archaludon|Dragon Pulse|p1b: Incineroar
|-damage|p1b: Incineroar|0 fnt
|faint|p1b: Incineroar
|move|p2b: Swampert|Wave Crash|p1a: Staraptor
|-damage|p1a: Staraptor|46/100
|-damage|p2b: Swampert|39/100|[from] Recoil
|
|upkeep
|
|t:|1784039411
|switch|p1b: Ninetales|Ninetales-Alola, L50, F|100/100
|-weather|Snowscape|[from] ability: Snow Warning|[of] p1b: Ninetales
|turn|11
|
|t:|1784039420
|move|p1a: Staraptor|Close Combat|p2a: Archaludon
|-supereffective|p2a: Archaludon|1
|-damage|p2a: Archaludon|16/100
|-boost|p1a: Staraptor|def|1
|-boost|p1a: Staraptor|spd|1
|-ability|p2a: Archaludon|Stamina|boost
|-boost|p2a: Archaludon|def|1
|move|p1b: Ninetales|Freeze-Dry|p2b: Swampert
|-supereffective|p2b: Swampert|2
|-damage|p2b: Swampert|0 fnt
|faint|p2b: Swampert
|move|p2a: Archaludon|Flash Cannon|p1b: Ninetales
|-supereffective|p1b: Ninetales|2
|-damage|p1b: Ninetales|0 fnt
|faint|p1b: Ninetales
|
|-weather|Snowscape|[upkeep]
|-heal|p2a: Archaludon|22/100|[from] item: Leftovers
|upkeep
|
|t:|1784039429
|switch|p1b: Kangaskhan|Kangaskhan, L50, F|44/100
|switch|p2b: Sableye|Sableye, L50, F|17/100
|turn|12
|
|t:|1784039440
|move|p1b: Kangaskhan|Fake Out|p2b: Sableye
|-damage|p2b: Sableye|0 fnt
|faint|p2b: Sableye
|move|p1a: Staraptor|Close Combat|p2a: Archaludon
|-supereffective|p2a: Archaludon|1
|-damage|p2a: Archaludon|0 fnt
|-boost|p1a: Staraptor|def|1
|-boost|p1a: Staraptor|spd|1
|faint|p2a: Archaludon
|
|win|Mhew
|raw|Mhew's rating: 1113 → 1137(+24 for winning)
|raw|danbol123's rating: 1094 → 1071(-23 for losing)
|c|☆Mhew|ggs
|l|☆danbol123
|player|p2|
|l|☆Mhew
|player|p1|
|j|☆Mhew
|player|p1|Mhew|roxie|
