|j|☆TalonMasterJ
|j|☆SiniVGC
|html|TalonMasterJSiniVGC    
|uhtml|bestof|Game 2 of a best-of-3
|t:|1785693203
|gametype|doubles
|player|p1|TalonMasterJ|steven|1438
|player|p2|SiniVGC|riley|1379
|gen|9
|tier|[Gen 9 Champions] VGC 2026 Reg M-B (Bo3)
|rated|
|rule|Species Clause: Limit one of each Pokémon
|rule|Item Clause: Limit 1 of each item
|clearpoke
|poke|p1|Blaziken, L50, F|
|poke|p1|Aerodactyl, L50, F|
|poke|p1|Kingambit, L50, M|
|poke|p1|Basculegion, L50, M|
|poke|p1|Sylveon, L50, F|
|poke|p1|Torkoal, L50, M|
|poke|p2|Garchomp, L50, F|
|poke|p2|Delphox, L50, M, shiny|
|poke|p2|Staraptor, L50, M|
|poke|p2|Whimsicott, L50, M, shiny|
|poke|p2|Glimmora, L50, F, shiny|
|poke|p2|Kingambit, L50, F, shiny|
|teampreview|4
|showteam|p1|Blaziken||Blazikenite|SpeedBoost|FlareBlitz,CloseCombat,Protect,RockSlide|Adamant||F|||50|]Aerodactyl||Aerodactylite|Unnerve|RockSlide,DualWingbeat,IceFang,Tailwind|Jolly||F|||50|]Kingambit||LifeOrb|Defiant|KowtowCleave,Protect,IronHead,SuckerPunch|Adamant||M|||50|]Basculegion||FocusSash|Adaptability|WaveCrash,Protect,LastRespects,AquaJet|Adamant||M|||50|]Sylveon||FairyFeather|Pixilate|HyperVoice,Moonblast,QuickAttack,Protect|Modest||F|||50|]Torkoal||Leftovers|Drought|HeatWave,WeatherBall,Protect,Yawn|Relaxed||M|||50|
|showteam|p2|Garchomp||LifeOrb|RoughSkin|DragonClaw,Earthquake,RockSlide,Protect|Jolly||F|||50|]Delphox||Delphoxite|Blaze|HeatWave,Psyshock,Substitute,Protect|Timid||M|||50|]Staraptor||Staraptite|Intimidate|CloseCombat,BraveBird,Roost,Protect|Jolly||M|||50|]Whimsicott||OccaBerry|Prankster|Moonblast,Tailwind,Charm,LightScreen|Timid||M|||50|]Glimmora||FocusSash|ToxicDebris|SludgeBomb,PowerGem,EarthPower,SpikyShield|Timid||F|||50|]Kingambit||ChopleBerry|Defiant|KowtowCleave,SuckerPunch,IronHead,LowKick|Adamant||F|||50|
|inactive|Battle timer is ON: inactive players will automatically lose when time's up. (requested by SiniVGC)
|
|t:|1785693228
|teamsize|p1|4
|teamsize|p2|4
|start
|switch|p1a: Aerodactyl|Aerodactyl, L50, F|100/100
|switch|p1b: Sylveon|Sylveon, L50, F|100/100
|switch|p2a: Whimsicott|Whimsicott, L50, M, shiny|100/100
|switch|p2b: Glimmora|Glimmora, L50, F, shiny|100/100
|-ability|p1a: Aerodactyl|Unnerve
|turn|1
|
|t:|1785693243
|move|p2a: Whimsicott|Tailwind|p2a: Whimsicott
|-sidestart|p2: SiniVGC|move: Tailwind
|move|p2b: Glimmora|Power Gem|p1a: Aerodactyl
|-supereffective|p1a: Aerodactyl|1
|-crit|p1a: Aerodactyl
|-damage|p1a: Aerodactyl|0 fnt
|faint|p1a: Aerodactyl
|move|p1b: Sylveon|Hyper Voice|p2b: Glimmora|[spread] p2a,p2b
|-resisted|p2b: Glimmora|1
|-damage|p2a: Whimsicott|36/100
|-damage|p2b: Glimmora|65/100
|
|upkeep
|
|t:|1785693247
|switch|p1a: Basculegion|Basculegion, L50, M|100/100
|turn|2
|
|t:|1785693270
|move|p2a: Whimsicott|Light Screen|p2a: Whimsicott
|-sidestart|p2: SiniVGC|move: Light Screen
|move|p1a: Basculegion|Aqua Jet|p2b: Glimmora
|-supereffective|p2b: Glimmora|1
|-damage|p2b: Glimmora|0 fnt
|-activate|p2b: Glimmora|ability: Toxic Debris
|-sidestart|p1: TalonMasterJ|move: Toxic Spikes
|faint|p2b: Glimmora
|move|p1b: Sylveon|Hyper Voice|p2a: Whimsicott
|-damage|p2a: Whimsicott|0 fnt
|faint|p2a: Whimsicott
|
|upkeep
|
|t:|1785693278
|switch|p2a: Staraptor|Staraptor, L50, M|100/100
|switch|p2b: Garchomp|Garchomp, L50, F|100/100
|-ability|p2a: Staraptor|Intimidate|boost
|-unboost|p1a: Basculegion|atk|1
|-unboost|p1b: Sylveon|atk|1
|turn|3
|inactive|TalonMasterJ has 30 seconds left.
|
|t:|1785693306
|detailschange|p2a: Staraptor|Staraptor-Mega, L50, M
|-mega|p2a: Staraptor|Staraptor|Staraptite
|move|p1a: Basculegion|Protect|p1a: Basculegion
|-singleturn|p1a: Basculegion|Protect
|move|p2a: Staraptor|Brave Bird|p1b: Sylveon
|-crit|p1b: Sylveon
|-damage|p1b: Sylveon|5/100
|-damage|p2a: Staraptor|70/100|[from] Recoil
|move|p2b: Garchomp|Earthquake|p1a: Basculegion|[spread] p1b
|-activate|p1a: Basculegion|move: Protect
|-immune|p2a: Staraptor
|-damage|p1b: Sylveon|0 fnt
|faint|p1b: Sylveon
|-damage|p2b: Garchomp|90/100|[from] item: Life Orb
|
|upkeep
|
|t:|1785693312
|switch|p1b: Blaziken|Blaziken, L50, F|100/100
|-status|p1b: Blaziken|psn
|turn|4
|
|t:|1785693322
|detailschange|p1b: Blaziken|Blaziken-Mega, L50, F
|-mega|p1b: Blaziken|Blaziken|Blazikenite
|move|p1b: Blaziken|Protect|p1b: Blaziken
|-singleturn|p1b: Blaziken|Protect
|move|p2a: Staraptor|Brave Bird|p1a: Basculegion
|-crit|p1a: Basculegion
|-damage|p1a: Basculegion|4/100
|-damage|p2a: Staraptor|37/100|[from] Recoil
|move|p2b: Garchomp|Earthquake|p1b: Blaziken|[spread] p1a
|-activate|p1b: Blaziken|move: Protect
|-immune|p2a: Staraptor
|-damage|p1a: Basculegion|0 fnt
|faint|p1a: Basculegion
|-damage|p2b: Garchomp|80/100|[from] item: Life Orb
|
|-damage|p1b: Blaziken|87/100 psn|[from] psn
|-sideend|p2: SiniVGC|move: Tailwind
|-ability|p1b: Blaziken|Speed Boost|boost
|-boost|p1b: Blaziken|spe|1
|upkeep
|turn|5
|
|t:|1785693334
|move|p1b: Blaziken|Close Combat|p2b: Garchomp
|-crit|p2b: Garchomp
|-damage|p2b: Garchomp|0 fnt
|-unboost|p1b: Blaziken|def|1
|-unboost|p1b: Blaziken|spd|1
|-damage|p1b: Blaziken|75/100 psn|[from] ability: Rough Skin|[of] p2b: Garchomp
|faint|p2b: Garchomp
|move|p2a: Staraptor|Brave Bird|p1b: Blaziken
|-supereffective|p1b: Blaziken|1
|-damage|p1b: Blaziken|0 fnt
|faint|p1b: Blaziken
|-damage|p2a: Staraptor|16/100|[from] Recoil
|
|win|SiniVGC
||SiniVGC is ready for game 3.
||TalonMasterJ is ready for game 3.
|uhtml|next|Next: Game 3 of 3
|l|☆TalonMasterJ
|player|p1|
