|j|☆jobloking
|j|☆JasonX7-7
|html|joblokingJasonX7-7    
|uhtml|bestof|Game 2 of a best-of-3
|t:|1785712840
|gametype|doubles
|player|p1|jobloking|harlequin|1170
|player|p2|JasonX7-7|veteran|1120
|gen|9
|tier|[Gen 9 Champions] VGC 2026 Reg M-B (Bo3)
|rated|
|rule|Species Clause: Limit one of each Pokémon
|rule|Item Clause: Limit 1 of each item
|clearpoke
|poke|p1|Raichu, L50, M|
|poke|p1|Staraptor, L50, F|
|poke|p1|Kingambit, L50, M|
|poke|p1|Sylveon, L50, M|
|poke|p1|Farigiraf, L50, M|
|poke|p1|Arcanine-Hisui, L50, F|
|poke|p2|Sinistcha-Masterpiece, L50, shiny|
|poke|p2|Swampert, L50, M|
|poke|p2|Pelipper, L50, F|
|poke|p2|Archaludon, L50, F, shiny|
|poke|p2|Basculegion, L50, M, shiny|
|poke|p2|Grimmsnarl, L50, M, shiny|
|teampreview|4
|showteam|p1|Raichu||RaichuniteY|LightningRod|ZapCannon,FocusBlast,FakeOut,Protect|Timid||M|||50|]Staraptor||Staraptite|Intimidate|CloseCombat,BraveBird,Roost,Protect|Jolly||F|||50|]Kingambit||LifeOrb|Defiant|KowtowCleave,SuckerPunch,SwordsDance,Protect|Adamant||M|||50|]Sylveon||FairyFeather|Pixilate|HyperVoice,HyperBeam,QuickAttack,Detect|Modest||M|||50|]Farigiraf||SitrusBerry|ArmorTail|Psychic,TrickRoom,HelpingHand,Protect|Calm||M|||50|]Arcanine-Hisui||FocusSash|RockHead|FlareBlitz,ExtremeSpeed,HeadSmash,Protect|Jolly||F|||50|
|showteam|p2|Sinistcha-Masterpiece||SitrusBerry|Hospitality|Protect,MatchaGotcha,RagePowder,StrengthSap|Bold|||||50|]Swampert||Swampertite|Torrent|IcePunch,WaveCrash,Earthquake,FlipTurn|Jolly||M|||50|]Pelipper||DampRock|Drizzle|WideGuard,WeatherBall,Hurricane,Tailwind|Bold||F|||50|]Archaludon||ExpertBelt|Stamina|DragonPulse,FlashCannon,ElectroShot,AuraSphere|Calm||F|||50|]Basculegion||LifeOrb|Adaptability|LastRespects,WaveCrash,FlipTurn,IceFang|Jolly||M|||50|]Grimmsnarl||LightClay|Prankster|PartingShot,FoulPlay,Reflect,LightScreen|Serious||M|||50|
|inactive|Battle timer is ON: inactive players will automatically lose when time's up. (requested by jobloking)
|inactive|jobloking has 60 seconds left.
|
|t:|1785712893
|teamsize|p1|4
|teamsize|p2|4
|start
|switch|p1a: Raichu|Raichu, L50, M|100/100
|switch|p1b: Farigiraf|Farigiraf, L50, M|100/100
|switch|p2a: Swampert|Swampert, L50, M|100/100
|switch|p2b: Pelipper|Pelipper, L50, F|100/100
|-weather|RainDance|[from] ability: Drizzle|[of] p2b: Pelipper
|turn|1
|
|t:|1785712917
|switch|p2a: Archaludon|Archaludon, L50, F, shiny|100/100
|move|p1a: Raichu|Fake Out|p2a: Archaludon
|-resisted|p2a: Archaludon|1
|-damage|p2a: Archaludon|96/100
|-ability|p2a: Archaludon|Stamina|boost
|-boost|p2a: Archaludon|def|1
|move|p2b: Pelipper|Hurricane|p1b: Farigiraf
|-damage|p1b: Farigiraf|70/100
|move|p1b: Farigiraf|Trick Room|p1b: Farigiraf
|-fieldstart|move: Trick Room|[of] p1b: Farigiraf
|
|-weather|RainDance|[upkeep]
|upkeep
|turn|2
|inactive|jobloking has 30 seconds left.
|
|t:|1785712946
|switch|p2b: Swampert|Swampert, L50, M|100/100
|detailschange|p1a: Raichu|Raichu-Mega-Y, L50, M
|-mega|p1a: Raichu|Raichu|Raichunite Y
|move|p1b: Farigiraf|Helping Hand|p1a: Raichu
|-singleturn|p1a: Raichu|Helping Hand|[of] p1b: Farigiraf
|move|p2a: Archaludon|Dragon Pulse|p1b: Farigiraf
|-damage|p1b: Farigiraf|40/100
|-enditem|p1b: Farigiraf|Sitrus Berry|[eat]
|-heal|p1b: Farigiraf|65/100|[from] item: Sitrus Berry
|move|p1a: Raichu|Focus Blast|p2a: Archaludon
|-supereffective|p2a: Archaludon|1
|-damage|p2a: Archaludon|0 fnt
|faint|p2a: Archaludon
|
|-weather|RainDance|[upkeep]
|upkeep
|
|t:|1785712956
|switch|p2a: Basculegion|Basculegion, L50, M, shiny|100/100
|turn|3
|inactive|jobloking has 30 seconds left.
|
|t:|1785712987
|switch|p2a: Pelipper|Pelipper, L50, F|100/100
|move|p1b: Farigiraf|Psychic|p2b: Swampert
|-damage|p2b: Swampert|64/100
|move|p2b: Swampert|Earthquake|p1a: Raichu|[spread] p1a,p1b
|-immune|p2a: Pelipper
|-supereffective|p1a: Raichu|1
|-damage|p1a: Raichu|7/100
|-damage|p1b: Farigiraf|33/100
|move|p1a: Raichu|Zap Cannon|p2a: Pelipper
|-supereffective|p2a: Pelipper|2
|-damage|p2a: Pelipper|0 fnt
|faint|p2a: Pelipper
|
|-weather|RainDance|[upkeep]
|upkeep
|
|t:|1785712999
|switch|p2a: Basculegion|Basculegion, L50, M, shiny|100/100
|turn|4
|
|t:|1785713017
|switch|p1a: Sylveon|Sylveon, L50, M|100/100
|move|p1b: Farigiraf|Protect|p1b: Farigiraf
|-singleturn|p1b: Farigiraf|Protect
|move|p2b: Swampert|Flip Turn|p1a: Sylveon
|-damage|p1a: Sylveon|50/100g
|move|p2a: Basculegion|Flip Turn|p1b: Farigiraf
|-activate|p1b: Farigiraf|move: Protect
|
|-weather|RainDance|[upkeep]
|upkeep
|turn|5
|
|t:|1785713034
|move|p1b: Farigiraf|Helping Hand|p1a: Sylveon
|-singleturn|p1a: Sylveon|Helping Hand|[of] p1b: Farigiraf
|move|p1a: Sylveon|Hyper Voice|p2b: Swampert|[spread] p2a,p2b
|-damage|p2a: Basculegion|19/100
|-damage|p2b: Swampert|0 fnt
|faint|p2b: Swampert
|move|p2a: Basculegion|Wave Crash|p1b: Farigiraf
|-damage|p1b: Farigiraf|0 fnt
|faint|p1b: Farigiraf
|-damage|p2a: Basculegion|6/100|[from] Recoil
|-damage|p2a: Basculegion|0 fnt|[from] item: Life Orb
|faint|p2a: Basculegion
|
|win|jobloking
||JasonX7-7 is ready for game 3.
|inactive|jobloking has 30 seconds to confirm battle start!
||jobloking is ready for game 3.
|uhtml|next|Next: Game 3 of 3
