|j|☆vipgames1m
|j|☆slimeko325
|html|vipgames1mslimeko325    
|uhtml|bestof|Game 2 of a best-of-3
|t:|1785960095
|gametype|doubles
|player|p1|vipgames1m|ghetsis|
|player|p2|slimeko325|miku-fairy|
|gen|9
|tier|[Gen 9 Champions] VGC 2026 Reg M-B (Bo3)
|rule|Species Clause: Limit one of each Pokémon
|rule|Item Clause: Limit 1 of each item
|clearpoke
|poke|p1|Zoroark, L50, M, shiny|
|poke|p1|Slowbro, L50, F, shiny|
|poke|p1|Sableye, L50, F|
|poke|p1|Simisage, L50, F|
|poke|p1|Simipour, L50, F|
|poke|p1|Kleavor, L50, M|
|poke|p2|Simipour, L50, F|
|poke|p2|Slowbro, L50, M|
|poke|p2|Abomasnow, L50, F|
|poke|p2|Sableye, L50, M|
|poke|p2|Heliolisk, L50, F|
|poke|p2|Zoroark, L50, F|
|teampreview|4
|showteam|p1|Zoroark||FocusSash|Illusion|NastyPlot,DarkPulse,Taunt,Flamethrower|Timid||M|||50|]Slowbro||Slowbronite|Oblivious|CalmMind,IronDefense,StoredPower,BodyPress|Sassy||F|||50|]Sableye||LightClay|Prankster|SkillSwap,FakeOut,Reflect,LightScreen|Impish||F|||50|]Simisage||LifeOrb|Overgrow|EnergyBall,Taunt,Protect,FocusBlast|Modest||F|||50|]Simipour||MysticWater|Gluttony|FakeOut,Liquidation,BrickBreak,FlipTurn|Jolly||F|||50|]Kleavor||SitrusBerry|Sharpness|StoneAxe,XScissor,Protect,NightSlash|Adamant||M|||50|
|showteam|p2|Simipour||ExpertBelt|Torrent|Blizzard,Scald,FakeOut,GrassKnot|Hasty||F|||50|]Slowbro||Slowbronite|Oblivious|IronDefense,BodyPress,Amnesia,ShadowBall|Sassy||M|||50|]Abomasnow||Abomasite|SnowWarning|Blizzard,EnergyBall,Protect,EarthPower|Quiet||F|||50|]Sableye||LightClay|Prankster|SunnyDay,FakeOut,LightScreen,Encore|Impish||M|||50|]Heliolisk||LifeOrb|SolarPower|Thunderbolt,Protect,GrassKnot,HyperVoice|Timid||F|||50|]Zoroark||FocusSash|Illusion|DarkPulse,Taunt,Protect,Flamethrower|Timid||F|||50|
|inactive|Battle timer is ON: inactive players will automatically lose when time's up. (requested by slimeko325)
|c|☆vipgames1m|Щас договорю
|inactiveoff|Battle timer is now OFF.
|c|☆vipgames1m|Можешь таймер выключить плиз
|
|t:|1785960151
|teamsize|p1|4
|teamsize|p2|4
|start
|switch|p1a: Kleavor|Kleavor, L50, M|100/100
|switch|p1b: Sableye|Sableye, L50, F|100/100
|switch|p2a: Heliolisk|Heliolisk, L50, F|100/100
|switch|p2b: Sableye|Sableye, L50, M|100/100
|turn|1
|c|☆vipgames1m|Тута
|
|t:|1785960246
|move|p1a: Kleavor|Protect|p1a: Kleavor
|-singleturn|p1a: Kleavor|Protect
|move|p1b: Sableye|Fake Out|p2a: Heliolisk
|-damage|p2a: Heliolisk|84/100
|move|p2b: Sableye|Fake Out|p1a: Kleavor
|-activate|p1a: Kleavor|move: Protect
|cant|p2a: Heliolisk|flinch
|
|upkeep
|turn|2
|
|t:|1785960266
|move|p1b: Sableye|Light Screen|p1b: Sableye
|-sidestart|p1: vipgames1m|move: Light Screen
|move|p2b: Sableye|Sunny Day|p2b: Sableye
|-weather|SunnyDay
|move|p2a: Heliolisk|Thunderbolt|p1a: Kleavor
|-damage|p1a: Kleavor|3/100
|-enditem|p1a: Kleavor|Sitrus Berry|[eat]
|-heal|p1a: Kleavor|28/100|[from] item: Sitrus Berry
|-damage|p2a: Heliolisk|75/100|[from] item: Life Orb
|move|p1a: Kleavor|Stone Axe|p2a: Heliolisk
|-damage|p2a: Heliolisk|0 fnt
|-sidestart|p2: slimeko325|move: Stealth Rock
|faint|p2a: Heliolisk
|
|-weather|SunnyDay|[upkeep]
|upkeep
|
|t:|1785960275
|switch|p2a: Simipour|Simipour, L50, F|100/100
|-damage|p2a: Simipour|87/100|[from] Stealth Rock
|turn|3
|inactive|Battle timer is ON: inactive players will automatically lose when time's up. (requested by slimeko325)
|
|t:|1785960364
|switch|p1a: Finpre Noob|Slowbro, L50, F, shiny|100/100
|switch|p1b: Sableye|Sableye, L50, F|100/100
|move|p2b: Sableye|Light Screen|p2b: Sableye
|-sidestart|p2: slimeko325|move: Light Screen
|move|p2a: Simipour|Flamethrower|p1a: Finpre Noob
|-resisted|p1a: Finpre Noob|1
|-damage|p1a: Finpre Noob|89/100
|
|-weather|SunnyDay|[upkeep]
|upkeep
|turn|4
|inactive|slimeko325 has 30 seconds left.
|
|t:|1785960398
|switch|p2b: Simipour|Simipour, L50, F|100/100
|-damage|p2b: Simipour|88/100|[from] Stealth Rock
|move|p1b: Sableye|Nasty Plot|p1b: Sableye
|-boost|p1b: Sableye|spa|2
|move|p2a: Simipour|Flamethrower|p1b: Sableye
|-crit|p1b: Sableye
|-enditem|p1b: Sableye|Focus Sash
|-damage|p1b: Sableye|1/100
|replace|p1b: Hidden true|Zoroark, L50, M, shiny
|-end|p1b: Hidden true|Illusion
|move|p1a: Finpre Noob|Calm Mind|p1a: Finpre Noob
|-boost|p1a: Finpre Noob|spa|1
|-boost|p1a: Finpre Noob|spd|1
|
|-weather|SunnyDay|[upkeep]
|upkeep
|turn|5
|inactive|vipgames1m has 30 seconds left.
|inactive|vipgames1m has 20 seconds left.
|
|t:|1785960434
|detailschange|p1a: Finpre Noob|Slowbro-Mega, L50, F, shiny
|-mega|p1a: Finpre Noob|Slowbro|Slowbronite
|move|p2b: Simipour|Fake Out|p1b: Hidden true
|-damage|p1b: Hidden true|0 fnt
|faint|p1b: Hidden true
|move|p2a: Simipour|Dark Pulse|p1a: Finpre Noob
|-supereffective|p1a: Finpre Noob|1
|-damage|p1a: Finpre Noob|63/100
|move|p1a: Finpre Noob|Body Press|p2b: Simipour
|-damage|p2b: Simipour|22/100
|
|-weather|SunnyDay|[upkeep]
|upkeep
|
|t:|1785960447
|switch|p1b: Sableye|Sableye, L50, F|100/100
|turn|6
|
|t:|1785960464
|move|p1b: Sableye|Fake Out|p2b: Simipour
|-damage|p2b: Simipour|8/100
|move|p2a: Simipour|Dark Pulse|p1a: Finpre Noob
|-supereffective|p1a: Finpre Noob|1
|-damage|p1a: Finpre Noob|40/100
|cant|p2b: Simipour|flinch
|move|p1a: Finpre Noob|Body Press|p2a: Simipour
|-supereffective|p2a: Simipour|1
|-damage|p2a: Simipour|0 fnt
|replace|p2a: Zoroark|Zoroark, L50, F
|-end|p2a: Zoroark|Illusion
|faint|p2a: Zoroark
|
|-weather|none
|upkeep
|
|t:|1785960472
|switch|p2a: Sableye|Sableye, L50, M|100/100
|-damage|p2a: Sableye|87/100|[from] Stealth Rock
|turn|7
|
|t:|1785960495
|move|p2a: Sableye|Fake Out|p1a: Finpre Noob
|-damage|p1a: Finpre Noob|36/100
|move|p1b: Sableye|Skill Swap|p1a: Finpre Noob
|-activate|p1b: Sableye|Skill Swap|||[of] p1a: Finpre Noob
|cant|p1a: Finpre Noob|flinch
|move|p2b: Simipour|Grass Knot|p1a: Finpre Noob
|-supereffective|p1a: Finpre Noob|1
|-damage|p1a: Finpre Noob|13/100
|
|upkeep
|turn|8
|
|t:|1785960520
|switch|p1b: Kleavor|Kleavor, L50, M|28/100
|move|p2a: Sableye|Encore||[still]
|-fail|p2a: Sableye
|move|p1a: Finpre Noob|Calm Mind|p1a: Finpre Noob
|-boost|p1a: Finpre Noob|spa|1
|-boost|p1a: Finpre Noob|spd|1
|move|p2b: Simipour|Grass Knot|p1a: Finpre Noob
|-supereffective|p1a: Finpre Noob|1
|-damage|p1a: Finpre Noob|0 fnt
|faint|p1a: Finpre Noob
|
|upkeep
|
|t:|1785960535
|switch|p1a: Sableye|Sableye, L50, F|100/100
|turn|9
|
|t:|1785960547
|move|p1a: Sableye|Fake Out|p2b: Simipour
|-damage|p2b: Simipour|0 fnt
|faint|p2b: Simipour
|move|p2a: Sableye|Sunny Day|p2a: Sableye
|-weather|SunnyDay
|move|p1b: Kleavor|X-Scissor|p2a: Sableye
|-damage|p2a: Sableye|0 fnt
|faint|p2a: Sableye
|
|win|vipgames1m
|c|☆vipgames1m|Gg
|l|☆slimeko325
|player|p2|
