|j|☆CrisVGC CL
|j|☆Astterio
|html|CrisVGC CLAstterio    
|uhtml|bestof|Game 1 of a best-of-3
|t:|1782183814
|gametype|doubles
|player|p1|CrisVGC CL|red|
|player|p2|Astterio|eusine|
|gen|9
|tier|[Gen 9 Champions] VGC 2026 Reg M-B (Bo3)
|rule|Species Clause: Limit one of each Pokémon
|rule|Item Clause: Limit 1 of each item
|clearpoke
|poke|p1|Floette-Eternal, L50, F|
|poke|p1|Incineroar, L50, M|
|poke|p1|Kingambit, L50, F|
|poke|p1|Basculegion, L50, M|
|poke|p1|Sinistcha, L50|
|poke|p1|Sneasler, L50, M|
|poke|p2|Floette-Eternal, L50, F|
|poke|p2|Charizard, L50, M, shiny|
|poke|p2|Garchomp, L50, F|
|poke|p2|Kingambit, L50, F|
|poke|p2|Whimsicott, L50, M|
|poke|p2|Basculegion, L50, M|
|teampreview|4
|showteam|p1|Floette-Eternal||Floettite|FlowerVeil|DrainingKiss,DazzlingGleam,CalmMind,Protect|Timid||F|||50|]Incineroar||SitrusBerry|Intimidate|FakeOut,FlareBlitz,ThroatChop,PartingShot|Careful||M|||50|]Kingambit||BlackGlasses|Defiant|Protect,KowtowCleave,SuckerPunch,SwordsDance|Adamant||F|||50|]Basculegion||ChoiceScarf|Adaptability|WaveCrash,LastRespects,FlipTurn,AquaJet|Adamant||M|||50|]Sinistcha||KasibBerry|Hospitality|MatchaGotcha,RagePowder,TrickRoom,Protect|Impish|||||50|]Sneasler||WhiteHerb|Unburden|Protect,FakeOut,CloseCombat,DireClaw|Adamant||M|||50|
|showteam|p2|Floette-Eternal||Floettite|FlowerVeil|DazzlingGleam,Moonblast,LightofRuin,Protect|Timid||F|||50|]Charizard||CharizarditeY|Blaze|HeatWave,WeatherBall,SolarBeam,Protect|Modest||M|||50|]Garchomp||SitrusBerry|RoughSkin|DragonClaw,StompingTantrum,RockTomb,Protect|Jolly||F|||50|]Kingambit||OccaBerry|Defiant|KowtowCleave,SuckerPunch,IronHead,LowKick|Adamant||F|||50|]Whimsicott||FocusSash|Prankster|Moonblast,Tailwind,Encore,Protect|Timid||M|||50|]Basculegion||LifeOrb|Adaptability|AquaJet,Protect,WaveCrash,LastRespects|Adamant||M|||50|
|
|t:|1782183835
|teamsize|p1|4
|teamsize|p2|4
|start
|switch|p1a: Incineroar|Incineroar, L50, M|100/100
|switch|p1b: Floette|Floette-Eternal, L50, F|100/100
|switch|p2a: Basculegion|Basculegion, L50, M|100/100
|switch|p2b: Kingambit|Kingambit, L50, F|100/100
|-ability|p1a: Incineroar|Intimidate|boost
|-unboost|p2a: Basculegion|atk|1
|-unboost|p2b: Kingambit|atk|1
|-ability|p2b: Kingambit|Defiant|boost
|-boost|p2b: Kingambit|atk|2
|turn|1
|
|t:|1782183845
|detailschange|p1b: Floette|Floette-Mega, L50, F
|-mega|p1b: Floette|Floette|Floettite
|-ability|p1b: Floette|Fairy Aura
|move|p1a: Incineroar|Fake Out|p2b: Kingambit
|-resisted|p2b: Kingambit|1
|-damage|p2b: Kingambit|96/100
|move|p1b: Floette|Calm Mind|p1b: Floette
|-boost|p1b: Floette|spa|1
|-boost|p1b: Floette|spd|1
|move|p2a: Basculegion|Wave Crash|p1a: Incineroar
|-supereffective|p1a: Incineroar|1
|-damage|p1a: Incineroar|0 fnt
|faint|p1a: Incineroar
|-damage|p2a: Basculegion|67/100|[from] Recoil
|-damage|p2a: Basculegion|58/100|[from] item: Life Orb
|cant|p2b: Kingambit|flinch
|
|upkeep
|
|t:|1782183855
|switch|p1a: Sneasler|Sneasler, L50, M|100/100
|turn|2
|
|t:|1782183867
|switch|p2a: Whimsicott|Whimsicott, L50, M|100/100
|move|p1a: Sneasler|Close Combat|p2b: Kingambit
|-supereffective|p2b: Kingambit|2
|-damage|p2b: Kingambit|0 fnt
|-unboost|p1a: Sneasler|def|1
|-unboost|p1a: Sneasler|spd|1
|faint|p2b: Kingambit
|-enditem|p1a: Sneasler|White Herb
|-clearnegativeboost|p1a: Sneasler|[silent]
|move|p1b: Floette|Dazzling Gleam|p2a: Whimsicott
|-enditem|p2a: Whimsicott|Focus Sash
|-damage|p2a: Whimsicott|1/100
|
|upkeep
|
|t:|1782183878
|switch|p2b: Charizard|Charizard, L50, M, shiny|100/100
|turn|3
|
|t:|1782183904
|detailschange|p2b: Charizard|Charizard-Mega-Y, L50, M, shiny
|-mega|p2b: Charizard|Charizard|Charizardite Y
|-weather|SunnyDay|[from] ability: Drought|[of] p2b: Charizard
|move|p1a: Sneasler|Protect|p1a: Sneasler
|-singleturn|p1a: Sneasler|Protect
|move|p2a: Whimsicott|Tailwind|p2a: Whimsicott
|-sidestart|p2: Astterio|move: Tailwind
|move|p2b: Charizard|Heat Wave|p1a: Sneasler|[spread] p1b
|-activate|p1a: Sneasler|move: Protect
|-damage|p1b: Floette|67/100
|move|p1b: Floette|Draining Kiss|p2b: Charizard
|-resisted|p2b: Charizard|1
|-damage|p2b: Charizard|74/100
|-heal|p1b: Floette|89/100|[from] drain|[of] p2b: Charizard
|
|-weather|SunnyDay|[upkeep]
|upkeep
|turn|4
|
|t:|1782183926
|move|p2a: Whimsicott|Encore|p1a: Sneasler
|-start|p1a: Sneasler|Encore
|move|p1a: Sneasler|Protect|p1a: Sneasler
|-singleturn|p1a: Sneasler|Protect
|move|p2b: Charizard|Weather Ball|p1b: Floette
|-damage|p1b: Floette|38/100
|move|p1b: Floette|Draining Kiss|p2b: Charizard
|-resisted|p2b: Charizard|1
|-damage|p2b: Charizard|50/100g
|-heal|p1b: Floette|58/100|[from] drain|[of] p2b: Charizard
|
|-weather|SunnyDay|[upkeep]
|upkeep
|turn|5
|
|t:|1782183931
|switch|p1a: Sinistcha|Sinistcha, L50|100/100
|-heal|p1b: Floette|83/100|[from] ability: Hospitality|[of] p1a: Sinistcha
|move|p2a: Whimsicott|Moonblast|p1b: Floette
|-damage|p1b: Floette|59/100
|-unboost|p1b: Floette|spa|1
|move|p2b: Charizard|Weather Ball|p1b: Floette
|-damage|p1b: Floette|8/100
|move|p1b: Floette|Dazzling Gleam|p2a: Whimsicott|[spread] p2a,p2b
|-resisted|p2b: Charizard|1
|-damage|p2a: Whimsicott|0 fnt
|-damage|p2b: Charizard|30/100
|faint|p2a: Whimsicott
|
|-weather|SunnyDay|[upkeep]
|upkeep
|
|t:|1782183934
|switch|p2a: Basculegion|Basculegion, L50, M|58/100
|turn|6
|c|☆CrisVGC CL|el drop
|
|t:|1782183987
|move|p1b: Floette|Protect|p1b: Floette
|-singleturn|p1b: Floette|Protect
|move|p1a: Sinistcha|Protect|p1a: Sinistcha
|-singleturn|p1a: Sinistcha|Protect
|move|p2b: Charizard|Weather Ball|p1a: Sinistcha
|-activate|p1a: Sinistcha|move: Protect
|move|p2a: Basculegion|Last Respects|p1b: Floette
|-activate|p1b: Floette|move: Protect
|
|-weather|SunnyDay|[upkeep]
|-sideend|p2: Astterio|move: Tailwind
|upkeep
|turn|7
|
|t:|1782184012
|move|p2a: Basculegion|Protect|p2a: Basculegion
|-singleturn|p2a: Basculegion|Protect
|move|p1a: Sinistcha|Rage Powder|p1a: Sinistcha
|-singleturn|p1a: Sinistcha|move: Rage Powder
|move|p1b: Floette|Dazzling Gleam|p2b: Charizard|[spread] p2b
|-activate|p2a: Basculegion|move: Protect
|-resisted|p2b: Charizard|1
|-damage|p2b: Charizard|11/100
|move|p2b: Charizard|Heat Wave|p1b: Floette|[spread] p1a,p1b
|-supereffective|p1a: Sinistcha|1
|-damage|p1a: Sinistcha|0 fnt
|-damage|p1b: Floette|0 fnt
|faint|p1a: Sinistcha
|faint|p1b: Floette
|
|-weather|none
|upkeep
|
|t:|1782184014
|switch|p1b: Sneasler|Sneasler, L50, M|100/100
|turn|8
|c|☆CrisVGC CL|ves que safe se gana
|c|☆Astterio|Si, fue clave
|
|t:|1782184028
|move|p1b: Sneasler|Dire Claw|p2a: Basculegion
|-resisted|p2a: Basculegion|1
|-damage|p2a: Basculegion|34/100
|move|p2b: Charizard|Heat Wave|p1b: Sneasler
|-damage|p1b: Sneasler|21/100
|move|p2a: Basculegion|Last Respects|p1b: Sneasler
|-damage|p1b: Sneasler|0 fnt
|faint|p1b: Sneasler
|-damage|p2a: Basculegion|24/100|[from] item: Life Orb
|
|win|Astterio
||CrisVGC CL is ready for game 2.
|c|☆Astterio|El drop
||Astterio is ready for game 2.
|uhtml|next|Next: Game 2 of 3
