|j|☆phuc_lamvgc
|j|☆erifranck
|html|phuc_lamvgcerifranck    
|uhtml|bestof|Game 3 of a best-of-3
|t:|1783997454
|gametype|doubles
|player|p1|phuc_lamvgc|miku-ghost|1134
|player|p2|erifranck|bugcatcher-gen4dp|1129
|gen|9
|tier|[Gen 9 Champions] VGC 2026 Reg M-B (Bo3)
|rated|
|rule|Species Clause: Limit one of each Pokémon
|rule|Item Clause: Limit 1 of each item
|clearpoke
|poke|p1|Raichu, L50, M|
|poke|p1|Floette-Eternal, L50, F|
|poke|p1|Milotic, L50, F|
|poke|p1|Sinistcha, L50|
|poke|p1|Ceruledge, L50, M|
|poke|p1|Incineroar, L50, M|
|poke|p2|Gengar, L50, M|
|poke|p2|Incineroar, L50, F|
|poke|p2|Ditto, L50|
|poke|p2|Politoed, L50, F|
|poke|p2|Tinkaton, L50, F|
|poke|p2|Kommo-o, L50, F|
|teampreview|4
|showteam|p1|Raichu||RaichuniteY|LightningRod|ZapCannon,VoltSwitch,FocusBlast,FakeOut|Timid||M|||50|]Floette-Eternal||Floettite|FlowerVeil|DazzlingGleam,DrainingKiss,CalmMind,Protect|Modest||F|||50|]Milotic||Leftovers|Competitive|MuddyWater,Hypnosis,Coil,Protect|Calm||F|||50|]Sinistcha||KasibBerry|Hospitality|MatchaGotcha,RagePowder,LifeDew,Protect|Bold|||||50|]Ceruledge||ColburBerry|FlashFire|BitterBlade,ShadowSneak,BulkUp,Protect|Adamant||M|||50|]Incineroar||SitrusBerry|Intimidate|FlareBlitz,ThroatChop,FakeOut,PartingShot|Impish||M|||50|
|showteam|p2|Gengar||Gengarite|CursedBody|Protect,Disable,PerishSong,ShadowBall|Timid||M|||50|]Incineroar||PasshoBerry|Intimidate|FakeOut,Protect,FlareBlitz,PartingShot|Impish||F|||50|]Ditto||FocusSash|Imposter|Transform|Serious|||||50|]Politoed||SitrusBerry|Drizzle|IceBeam,WeatherBall,Protect,PerishSong|Bold||F|||50|]Tinkaton||ShucaBerry|MoldBreaker|FakeOut,GigatonHammer,Encore,Protect|Jolly||F|||50|]Kommo-o||Leftovers|Bulletproof|ClangingScales,ClangorousSoul,AuraSphere,Protect|Modest||F|||50|
|inactive|Battle timer is ON: inactive players will automatically lose when time's up. (requested by erifranck)
|
|t:|1783997502
|teamsize|p1|4
|teamsize|p2|4
|start
|switch|p1a: Ceruledge|Ceruledge, L50, M|100/100
|switch|p1b: Sinistcha|Sinistcha, L50|100/100
|switch|p2a: Gengar|Gengar, L50, M|100/100
|switch|p2b: Tinkaton|Tinkaton, L50, F|100/100
|-ability|p2b: Tinkaton|Mold Breaker
|turn|1
|
|t:|1783997516
|switch|p2b: Incineroar|Incineroar, L50, F|100/100
|-ability|p2b: Incineroar|Intimidate|boost
|-unboost|p1a: Ceruledge|atk|1
|-unboost|p1b: Sinistcha|atk|1
|detailschange|p2a: Gengar|Gengar-Mega, L50, M
|-mega|p2a: Gengar|Gengar|Gengarite
|move|p2a: Gengar|Protect|p2a: Gengar
|-singleturn|p2a: Gengar|Protect
|move|p1a: Ceruledge|Bitter Blade|p2b: Incineroar
|-resisted|p2b: Incineroar|1
|-damage|p2b: Incineroar|89/100
|move|p1b: Sinistcha|Matcha Gotcha|p2a: Gengar|[spread] p2b
|-activate|p2a: Gengar|move: Protect
|-resisted|p2b: Incineroar|1
|-damage|p2b: Incineroar|78/100
|
|upkeep
|turn|2
|inactive|erifranck has 30 seconds left.
|inactive|erifranck has 20 seconds left.
|
|t:|1783997555
|switch|p1a: Incineroar|Incineroar, L50, M|100/100
|-ability|p1a: Incineroar|Intimidate|boost
|-unboost|p2a: Gengar|atk|1
|-unboost|p2b: Incineroar|atk|1
|move|p2a: Gengar|Shadow Ball|p1a: Incineroar
|-resisted|p1a: Incineroar|1
|-damage|p1a: Incineroar|79/100
|move|p1b: Sinistcha|Matcha Gotcha|p2a: Gengar|[spread] p2a,p2b
|-resisted|p2a: Gengar|1
|-resisted|p2b: Incineroar|1
|-damage|p2a: Gengar|86/100
|-damage|p2b: Incineroar|67/100
|move|p2b: Incineroar|Parting Shot|p1b: Sinistcha
|-unboost|p1b: Sinistcha|atk|1
|-unboost|p1b: Sinistcha|spa|1
|
|t:|1783997571
|switch|p2b: Politoed|Politoed, L50, F|100/100|[from] Parting Shot
|-weather|RainDance|[from] ability: Drizzle|[of] p2b: Politoed
|
|-weather|RainDance|[upkeep]
|upkeep
|turn|3
|
|t:|1783997586
|move|p2a: Gengar|Disable|p1b: Sinistcha
|-start|p1b: Sinistcha|Disable|Matcha Gotcha
|move|p2b: Politoed|Weather Ball|p1a: Incineroar
|-supereffective|p1a: Incineroar|1
|-damage|p1a: Incineroar|0 fnt
|faint|p1a: Incineroar
|cant|p1b: Sinistcha|Disable|Matcha Gotcha
|
|-weather|RainDance|[upkeep]
|upkeep
|
|t:|1783997596
|switch|p1a: Milotic|Milotic, L50, F|100/100
|turn|4
|
|t:|1783997619
|switch|p1b: Ceruledge|Ceruledge, L50, M|100/100
|move|p2a: Gengar|Protect|p2a: Gengar
|-singleturn|p2a: Gengar|Protect
|move|p1a: Milotic|Muddy Water|p2a: Gengar|[spread] 
|-activate|p2a: Gengar|move: Protect
|-miss|p1a: Milotic|p2b: Politoed
|move|p2b: Politoed|Perish Song|p2b: Politoed
|-start|p1a: Milotic|perish3|[silent]
|-start|p1b: Ceruledge|perish3|[silent]
|-start|p2a: Gengar|perish3|[silent]
|-start|p2b: Politoed|perish3|[silent]
|-fieldactivate|move: Perish Song
|
|-weather|RainDance|[upkeep]
|-start|p2a: Gengar|perish3
|-start|p1b: Ceruledge|perish3
|-start|p1a: Milotic|perish3
|-start|p2b: Politoed|perish3
|upkeep
|turn|5
|inactive|erifranck has 30 seconds left.
|
|t:|1783997646
|switch|p2a: Tinkaton|Tinkaton, L50, F|100/100
|-ability|p2a: Tinkaton|Mold Breaker
|move|p1b: Ceruledge|Shadow Sneak|p2a: Tinkaton
|-damage|p2a: Tinkaton|73/100
|move|p1a: Milotic|Muddy Water|p2b: Politoed|[spread] p2a,p2b
|-resisted|p2b: Politoed|1
|-damage|p2a: Tinkaton|43/100
|-damage|p2b: Politoed|86/100
|-unboost|p2b: Politoed|accuracy|1
|move|p2b: Politoed|Weather Ball|p1b: Ceruledge
|-supereffective|p1b: Ceruledge|1
|-damage|p1b: Ceruledge|3/100
|
|-weather|RainDance|[upkeep]
|-start|p1b: Ceruledge|perish2
|-start|p1a: Milotic|perish2
|-start|p2b: Politoed|perish2
|upkeep
|turn|6
|inactive|erifranck has 30 seconds left.
|inactive|erifranck has 20 seconds left.
|inactive|erifranck has 15 seconds left.
|inactive|erifranck has 10 seconds left.
|inactive|erifranck has 5 seconds left.
|
|t:|1783997702
|switch|p1a: Sinistcha|Sinistcha, L50|100/100
|-heal|p1b: Ceruledge|28/100|[from] ability: Hospitality|[of] p1a: Sinistcha
|move|p2a: Tinkaton|Fake Out|p1a: Sinistcha
|-immune|p1a: Sinistcha
|move|p1b: Ceruledge|Bitter Blade|p2a: Tinkaton
|-supereffective|p2a: Tinkaton|1
|-damage|p2a: Tinkaton|0 fnt
|-heal|p1b: Ceruledge|50/100g|[from] drain|[of] p2a: Tinkaton
|faint|p2a: Tinkaton
|move|p2b: Politoed|Ice Beam|p1a: Sinistcha|[miss]
|-miss|p2b: Politoed|p1a: Sinistcha
|
|-weather|none
|-start|p1b: Ceruledge|perish1
|-start|p2b: Politoed|perish1
|upkeep
|
|t:|1783997718
|switch|p2a: Gengar|Gengar-Mega, L50, M|86/100
|turn|7
|
|t:|1783997728
|switch|p1b: Milotic|Milotic, L50, F|100/100
|move|p2a: Gengar|Shadow Ball|p1a: Sinistcha
|-supereffective|p1a: Sinistcha|1
|-enditem|p1a: Sinistcha|Kasib Berry|[eat]
|-enditem|p1a: Sinistcha|Kasib Berry|[weaken]
|-damage|p1a: Sinistcha|53/100
|move|p2b: Politoed|Ice Beam|p1a: Sinistcha
|-supereffective|p1a: Sinistcha|1
|-damage|p1a: Sinistcha|16/100
|move|p1a: Sinistcha|Matcha Gotcha|p2b: Politoed|[spread] p2a,p2b
|-resisted|p2a: Gengar|1
|-supereffective|p2b: Politoed|1
|-damage|p2a: Gengar|73/100
|-heal|p1a: Sinistcha|23/100|[from] drain|[of] p2a: Gengar
|-damage|p2b: Politoed|47/100
|-heal|p1a: Sinistcha|44/100|[from] drain|[of] p2b: Politoed
|-enditem|p2b: Politoed|Sitrus Berry|[eat]
|-heal|p2b: Politoed|72/100|[from] item: Sitrus Berry
|
|-start|p2b: Politoed|perish0
|upkeep
|faint|p2b: Politoed
|-message|erifranck forfeited.
|
|win|phuc_lamvgc
|raw|phuc_lamvgc's rating: 1134 → 1159(+25 for winning)
|raw|erifranck's rating: 1129 → 1104(-25 for losing)
|l|☆erifranck
|player|p2|
