|j|☆Gibbermish!
|j|☆WindyNyt
|html|Gibbermish!WindyNyt    
|uhtml|bestof|Game 1 of a best-of-3
|t:|1786208337
|gametype|doubles
|player|p1|Gibbermish!|leon|1149
|player|p2|WindyNyt|lucas|1215
|gen|9
|tier|[Gen 9 Champions] VGC 2026 Reg M-B (Bo3)
|rated|
|rule|Species Clause: Limit one of each Pokémon
|rule|Item Clause: Limit 1 of each item
|clearpoke
|poke|p1|Pelipper, L50, F|
|poke|p1|Archaludon, L50, F, shiny|
|poke|p1|Venusaur, L50, M|
|poke|p1|Grimmsnarl, L50, M|
|poke|p1|Garchomp, L50, M|
|poke|p1|Basculegion, L50, M|
|poke|p2|Kingambit, L50, F|
|poke|p2|Blastoise, L50, M|
|poke|p2|Incineroar, L50, F|
|poke|p2|Aerodactyl, L50, M|
|poke|p2|Sinistcha, L50|
|poke|p2|Froslass, L50, F|
|teampreview|4
|showteam|p1|Pelipper||FocusSash|Drizzle|WeatherBall,Hurricane,Tailwind,Protect|Timid||F|||50|]Archaludon||Leftovers|Stamina|FlashCannon,ElectroShot,DragonPulse,Protect|Modest||F|||50|]Venusaur||Venusaurite|Overgrow|GigaDrain,SludgeBomb,EarthPower,Protect|Modest||M|||50|]Grimmsnarl||LightClay|Prankster|Reflect,LightScreen,PartingShot,SpiritBreak|Impish||M|||50|]Garchomp||LifeOrb|RoughSkin|DragonClaw,Earthquake,RockSlide,Protect|Jolly||M|||50|]Basculegion||ChoiceScarf|Adaptability|WaveCrash,LastRespects,AquaJet,FlipTurn|Jolly||M|||50|
|showteam|p2|Kingambit||LifeOrb|Defiant|SuckerPunch,KowtowCleave,IronHead,LowKick|Adamant||F|||50|]Blastoise||Blastoisinite|RainDish|ShellSmash,AuraSphere,WaterSpout,WaterPulse|Quiet||M|||50|]Incineroar||SitrusBerry|Intimidate|FakeOut,CloseCombat,FlareBlitz,PartingShot|Impish||F|||50|]Aerodactyl||FocusSash|Unnerve|RockSlide,DualWingbeat,Tailwind,Taunt|Jolly||M|||50|]Sinistcha||ColburBerry|Hospitality|MatchaGotcha,TrickRoom,RagePowder,LifeDew|Relaxed|||||50|]Froslass||Froslassite|CursedBody|Blizzard,NastyPlot,ShadowBall,Protect|Modest||F|||50|
|inactive|Battle timer is ON: inactive players will automatically lose when time's up. (requested by Gibbermish!)
|inactive|Gibbermish! has 60 seconds left.
|inactive|Gibbermish! has 30 seconds left.
|inactive|Gibbermish! has 20 seconds left.
|inactive|Gibbermish! has 15 seconds left.
|
|t:|1786208415
|teamsize|p1|4
|teamsize|p2|4
|start
|switch|p1a: Remote|Archaludon, L50, F, shiny|100/100
|switch|p1b: Teardrop|Basculegion, L50, M|100/100
|switch|p2a: Aerodactyl|Aerodactyl, L50, M|100/100
|switch|p2b: Kingambit|Kingambit, L50, F|100/100
|-ability|p2a: Aerodactyl|Unnerve
|turn|1
|inactive|WindyNyt has 30 seconds left.
|inactive|WindyNyt has 20 seconds left.
|inactive|WindyNyt has 15 seconds left.
|
|t:|1786208457
|switch|p1b: Bubble|Pelipper, L50, F|100/100
|-weather|RainDance|[from] ability: Drizzle|[of] p1b: Bubble
|move|p2a: Aerodactyl|Tailwind|p2a: Aerodactyl
|-sidestart|p2: WindyNyt|move: Tailwind
|move|p2b: Kingambit|Low Kick|p1a: Remote
|-supereffective|p1a: Remote|1
|-damage|p1a: Remote|35/100
|-ability|p1a: Remote|Stamina|boost
|-boost|p1a: Remote|def|1
|-damage|p2b: Kingambit|90/100|[from] item: Life Orb
|move|p1a: Remote|Electro Shot||[still]
|-prepare|p1a: Remote|Electro Shot
|-boost|p1a: Remote|spa|1
|-anim|p1a: Remote|Electro Shot|p2b: Kingambit
|-damage|p2b: Kingambit|23/100
|
|-weather|RainDance|[upkeep]
|-heal|p1a: Remote|41/100|[from] item: Leftovers
|upkeep
|turn|2
|inactive|WindyNyt has 30 seconds left.
|
|t:|1786208488
|move|p2a: Aerodactyl|Taunt|p1b: Bubble
|-start|p1b: Bubble|move: Taunt
|move|p2b: Kingambit|Low Kick|p1a: Remote
|-supereffective|p1a: Remote|1
|-damage|p1a: Remote|0 fnt
|faint|p1a: Remote
|-damage|p2b: Kingambit|13/100|[from] item: Life Orb
|cant|p1b: Bubble|move: Taunt|Tailwind
|
|-weather|RainDance|[upkeep]
|upkeep
|
|t:|1786208494
|switch|p1a: Teardrop|Basculegion, L50, M|100/100
|turn|3
|
|t:|1786208503
|switch|p1b: David|Garchomp, L50, M|100/100
|move|p1a: Teardrop|Aqua Jet|p2b: Kingambit
|-damage|p2b: Kingambit|0 fnt
|faint|p2b: Kingambit
|move|p2a: Aerodactyl|Rock Slide|p1a: Teardrop|[spread] p1b
|-miss|p2a: Aerodactyl|p1a: Teardrop
|-resisted|p1b: David|1
|-damage|p1b: David|87/100
|
|-weather|RainDance|[upkeep]
|upkeep
|
|t:|1786208511
|switch|p2b: Blastoise|Blastoise, L50, M|100/100
|turn|4
|
|t:|1786208521
|detailschange|p2b: Blastoise|Blastoise-Mega, L50, M
|-mega|p2b: Blastoise|Blastoise|Blastoisinite
|move|p1a: Teardrop|Aqua Jet|p2a: Aerodactyl
|-supereffective|p2a: Aerodactyl|1
|-enditem|p2a: Aerodactyl|Focus Sash
|-damage|p2a: Aerodactyl|1/100
|move|p2a: Aerodactyl|Rock Slide|p1a: Teardrop|[spread] p1b
|-miss|p2a: Aerodactyl|p1a: Teardrop
|-resisted|p1b: David|1
|-damage|p1b: David|75/100
|move|p2b: Blastoise|Water Spout|p1a: Teardrop|[spread] p1a,p1b
|-resisted|p1a: Teardrop|1
|-damage|p1a: Teardrop|49/100
|-damage|p1b: David|0 fnt
|faint|p1b: David
|
|-weather|RainDance|[upkeep]
|-sideend|p2: WindyNyt|move: Tailwind
|upkeep
|
|t:|1786208532
|switch|p1b: Bubble|Pelipper, L50, F|100/100
|turn|5
|
|t:|1786208553
|move|p1a: Teardrop|Aqua Jet|p2a: Aerodactyl
|-supereffective|p2a: Aerodactyl|1
|-damage|p2a: Aerodactyl|0 fnt
|faint|p2a: Aerodactyl
|move|p1b: Bubble|Hurricane|p2b: Blastoise
|-damage|p2b: Blastoise|63/100
|move|p2b: Blastoise|Shell Smash|p2b: Blastoise
|-unboost|p2b: Blastoise|def|1
|-unboost|p2b: Blastoise|spd|1
|-boost|p2b: Blastoise|atk|2
|-boost|p2b: Blastoise|spa|2
|-boost|p2b: Blastoise|spe|2
|
|-weather|none
|upkeep
|
|t:|1786208567
|switch|p2a: Sinistcha|Sinistcha, L50|100/100
|-heal|p2b: Blastoise|88/100|[from] ability: Hospitality|[of] p2a: Sinistcha
|turn|6
|
|t:|1786208576
|move|p2a: Sinistcha|Rage Powder|p2a: Sinistcha
|-singleturn|p2a: Sinistcha|move: Rage Powder
|move|p1a: Teardrop|Aqua Jet|p2a: Sinistcha
|-resisted|p2a: Sinistcha|1
|-damage|p2a: Sinistcha|91/100
|move|p2b: Blastoise|Water Spout|p1a: Teardrop|[spread] p1a,p1b
|-resisted|p1a: Teardrop|1
|-resisted|p1b: Bubble|1
|-damage|p1a: Teardrop|0 fnt
|-enditem|p1b: Bubble|Focus Sash
|-damage|p1b: Bubble|1/100
|faint|p1a: Teardrop
|move|p1b: Bubble|Hurricane|p2a: Sinistcha
|-supereffective|p2a: Sinistcha|1
|-damage|p2a: Sinistcha|0 fnt
|faint|p2a: Sinistcha
|
|upkeep
|turn|7
|
|t:|1786208591
|move|p2b: Blastoise|Aura Sphere|p1b: Bubble
|-resisted|p1b: Bubble|1
|-damage|p1b: Bubble|0 fnt
|faint|p1b: Bubble
|
|win|WindyNyt
||Gibbermish! is ready for game 2.
||WindyNyt is ready for game 2.
|uhtml|next|Next: Game 2 of 3
|l|☆WindyNyt
|player|p2|
