|j|☆cippino3
|j|☆darthmorton
|html|cippino3darthmorton    
|uhtml|bestof|Game 2 of a best-of-3
|t:|1784229236
|gametype|doubles
|player|p1|cippino3|poppy|1260
|player|p2|darthmorton|dragontamer|1390
|gen|9
|tier|[Gen 9 Champions] VGC 2026 Reg M-B (Bo3)
|rated|
|rule|Species Clause: Limit one of each Pokémon
|rule|Item Clause: Limit 1 of each item
|clearpoke
|poke|p1|Whimsicott, L50, F|
|poke|p1|Kommo-o, L50, M|
|poke|p1|Maushold, L50, shiny|
|poke|p1|Gholdengo, L50|
|poke|p1|Vivillon, L50, M|
|poke|p1|Raichu, L50, M|
|poke|p2|Metagross, L50|
|poke|p2|Hydreigon, L50, F|
|poke|p2|Sneasler, L50, F|
|poke|p2|Sinistcha, L50|
|poke|p2|Tyranitar, L50, F|
|poke|p2|Excadrill, L50, M|
|teampreview|4
|showteam|p1|Whimsicott||FocusSash|Prankster|Protect,Tailwind,EnergyBall,Moonblast|Modest||F|||50|]Kommo-o||DragonFang|Soundproof|ClangingScales,AuraSphere,ClangorousSoul,Protect|Timid||M|||50|]Maushold||ChopleBerry|FriendGuard|Taunt,SuperFang,Protect,FollowMe|Timid|||||50|]Gholdengo||OccaBerry|GoodasGold|MakeItRain,ShadowBall,PowerGem,NastyPlot|Timid|||||50|]Vivillon||ChoiceScarf|CompoundEyes|Hurricane,EnergyBall,RagePowder,SleepPowder|Timid||M|||50|]Raichu||RaichuniteY|LightningRod|FakeOut,ZapCannon,FocusBlast,Protect|Timid||M|||50|
|showteam|p2|Metagross||Metagrossite|ClearBody|Protect,IronHead,PsychicFangs,BodyPress|Jolly|||||50|]Hydreigon||ChoiceScarf|Levitate|DracoMeteor,DarkPulse,EarthPower,Snarl|Timid||F|||50|]Sneasler||WhiteHerb|Unburden|CloseCombat,DireClaw,FakeOut,Coaching|Jolly||F|||50|]Sinistcha||ColburBerry|Hospitality|Protect,MatchaGotcha,RagePowder,TrickRoom|Bold|||||50|]Tyranitar||Tyranitarite|SandStream|RockSlide,KnockOff,DragonDance,Protect|Jolly||F|||50|]Excadrill||FocusSash|SandRush|IronHead,HighHorsepower,RockSlide,Protect|Adamant||M|||50|
|inactive|Battle timer is ON: inactive players will automatically lose when time's up. (requested by darthmorton)
|inactive|cippino3 also wants the timer to be on.
|
|t:|1784229257
|teamsize|p1|4
|teamsize|p2|4
|start
|switch|p1a: Kommo-o|Kommo-o, L50, M|100/100
|switch|p1b: Maushold|Maushold, L50, shiny|100/100
|switch|p2a: Sinistcha|Sinistcha, L50|100/100
|switch|p2b: Excadrill|Excadrill, L50, M|100/100
|turn|1
|
|t:|1784229278
|move|p1a: Kommo-o|Protect|p1a: Kommo-o
|-singleturn|p1a: Kommo-o|Protect
|move|p1b: Maushold|Taunt|p2a: Sinistcha
|-start|p2a: Sinistcha|move: Taunt
|move|p2b: Excadrill|High Horsepower|p1a: Kommo-o
|-activate|p1a: Kommo-o|move: Protect
|move|p2a: Sinistcha|Matcha Gotcha|p1a: Kommo-o|[spread] p1b
|-activate|p1a: Kommo-o|move: Protect
|-damage|p1b: Maushold|67/100
|
|upkeep
|turn|2
|inactive|darthmorton has 30 seconds left.
|
|t:|1784229312
|switch|p2a: Hydreigon|Hydreigon, L50, F|100/100
|move|p1b: Maushold|Super Fang|p2b: Excadrill|[miss]
|-miss|p1b: Maushold|p2b: Excadrill
|move|p1a: Kommo-o|Clangorous Soul|p1a: Kommo-o
|-boost|p1a: Kommo-o|atk|1
|-boost|p1a: Kommo-o|def|1
|-boost|p1a: Kommo-o|spa|1
|-boost|p1a: Kommo-o|spd|1
|-boost|p1a: Kommo-o|spe|1
|-damage|p1a: Kommo-o|67/100
|move|p2b: Excadrill|High Horsepower|p1b: Maushold
|-damage|p1b: Maushold|5/100
|
|upkeep
|turn|3
|inactive|cippino3 has 30 seconds left.
|
|t:|1784229344
|switch|p1b: Betty|Whimsicott, L50, F|100/100
|move|p2a: Hydreigon|Snarl|p1a: Kommo-o|[spread] p1b
|-immune|p1a: Kommo-o|[from] ability: Soundproof
|-resisted|p1b: Betty|1
|-damage|p1b: Betty|84/100
|-unboost|p1b: Betty|spa|1
|move|p1a: Kommo-o|Clanging Scales|p2b: Excadrill|[spread] p2a,p2b
|-supereffective|p2a: Hydreigon|1
|-resisted|p2b: Excadrill|1
|-damage|p2a: Hydreigon|0 fnt
|-damage|p2b: Excadrill|54/100
|faint|p2a: Hydreigon
|-unboost|p1a: Kommo-o|def|1
|move|p2b: Excadrill|Iron Head|p1a: Kommo-o
|-damage|p1a: Kommo-o|23/100
|
|upkeep
|
|t:|1784229354
|switch|p2a: Sinistcha|Sinistcha, L50|100/100
|-heal|p2b: Excadrill|79/100|[from] ability: Hospitality|[of] p2a: Sinistcha
|turn|4
|
|t:|1784229376
|switch|p2a: Tyranitar|Tyranitar, L50, F|100/100
|-weather|Sandstorm|[from] ability: Sand Stream|[of] p2a: Tyranitar
|move|p2b: Excadrill|Iron Head|p1a: Kommo-o
|-damage|p1a: Kommo-o|0 fnt
|faint|p1a: Kommo-o
|move|p1b: Betty|Energy Ball|p2b: Excadrill
|-damage|p2b: Excadrill|48/100
|
|-weather|Sandstorm|[upkeep]
|-damage|p1b: Betty|78/100|[from] Sandstorm
|upkeep
|
|t:|1784229384
|switch|p1a: Pikko|Raichu, L50, M|100/100
|turn|5
|
|t:|1784229399
|switch|p2a: Sinistcha|Sinistcha, L50|100/100
|-heal|p2b: Excadrill|73/100|[from] ability: Hospitality|[of] p2a: Sinistcha
|detailschange|p1a: Pikko|Raichu-Mega-Y, L50, M
|-mega|p1a: Pikko|Raichu|Raichunite Y
|move|p2b: Excadrill|Protect|p2b: Excadrill
|-singleturn|p2b: Excadrill|Protect
|move|p1b: Betty|Tailwind|p1b: Betty
|-sidestart|p1: cippino3|move: Tailwind
|move|p1a: Pikko|Focus Blast|p2b: Excadrill
|-activate|p2b: Excadrill|move: Protect
|
|-weather|Sandstorm|[upkeep]
|-damage|p1a: Pikko|94/100|[from] Sandstorm
|-damage|p1b: Betty|72/100|[from] Sandstorm
|-damage|p2a: Sinistcha|93/100|[from] Sandstorm
|upkeep
|turn|6
|
|t:|1784229415
|switch|p1a: Maushold|Maushold, L50, shiny|5/100
|move|p2a: Sinistcha|Rage Powder|p2a: Sinistcha
|-singleturn|p2a: Sinistcha|move: Rage Powder
|move|p1b: Betty|Energy Ball|p2b: Excadrill
|-damage|p2b: Excadrill|37/100
|move|p2b: Excadrill|High Horsepower|p1a: Maushold
|-damage|p1a: Maushold|0 fnt
|faint|p1a: Maushold
|
|-weather|Sandstorm|[upkeep]
|-damage|p1b: Betty|66/100|[from] Sandstorm
|-damage|p2a: Sinistcha|87/100|[from] Sandstorm
|upkeep
|
|t:|1784229420
|switch|p1a: Pikko|Raichu-Mega-Y, L50, M|94/100
|turn|7
|
|t:|1784229428
|move|p2b: Excadrill|Protect|p2b: Excadrill
|-singleturn|p2b: Excadrill|Protect
|move|p1a: Pikko|Fake Out|p2b: Excadrill
|-activate|p2b: Excadrill|move: Protect
|move|p1b: Betty|Moonblast|p2a: Sinistcha
|-damage|p2a: Sinistcha|60/100
|move|p2a: Sinistcha|Trick Room|p2a: Sinistcha
|-fieldstart|move: Trick Room|[of] p2a: Sinistcha
|
|-weather|Sandstorm|[upkeep]
|-damage|p2a: Sinistcha|53/100|[from] Sandstorm
|-damage|p1b: Betty|60/100|[from] Sandstorm
|-damage|p1a: Pikko|88/100|[from] Sandstorm
|upkeep
|turn|8
|-message|cippino3 forfeited.
|raw|cippino3's rating: 1260 → 1244(-16 for losing)
|raw|darthmorton's rating: 1390 → 1403(+13 for winning)
|
|win|darthmorton
