|j|‽testingdeez
|j|☆Baddyboy100
|html|testingdeezBaddyboy100    
|uhtml|bestof|Game 1 of a best-of-3
|t:|1782221126
|gametype|doubles
|player|p1|testingdeez|101|1179
|player|p2|Baddyboy100|volkner|1082
|gen|9
|tier|[Gen 9 Champions] VGC 2026 Reg M-B (Bo3)
|rated|
|rule|Species Clause: Limit one of each Pokémon
|rule|Item Clause: Limit 1 of each item
|clearpoke
|poke|p1|Charizard, L50, F, shiny|
|poke|p1|Metagross, L50, shiny|
|poke|p1|Samurott-Hisui, L50, F, shiny|
|poke|p1|Sylveon, L50, F|
|poke|p1|Garchomp, L50, M|
|poke|p1|Aerodactyl, L50, F|
|poke|p2|Grimmsnarl, L50, M|
|poke|p2|Staraptor, L50, F|
|poke|p2|Sinistcha, L50|
|poke|p2|Farigiraf, L50, F|
|poke|p2|Garchomp, L50, F|
|poke|p2|Whimsicott, L50, M|
|teampreview|4
|showteam|p1|Charizard||CharizarditeY|Blaze|WeatherBall,HeatWave,SolarBeam,Protect|Bold||F|||50|]Metagross||Metagrossite|ClearBody|IronHead,BodyPress,IcePunch,Protect|Jolly|||||50|]Samurott-Hisui||BlackGlasses|Sharpness|SuckerPunch,CeaselessEdge,SacredSword,Protect|Adamant||F|||50|]Sylveon||FairyFeather|Pixilate|HyperVoice,QuickAttack,HyperBeam,Protect|Modest||F|||50|]Garchomp||LifeOrb|RoughSkin|DragonClaw,RockSlide,Earthquake,Protect|Jolly||M|||50|]Aerodactyl||FocusSash|Unnerve|RockSlide,SunnyDay,Tailwind,Protect|Jolly||F|||50|
|showteam|p2|Grimmsnarl||LightClay|Prankster|PartingShot,ScaryFace,Reflect,LightScreen|Careful||M|||50|]Staraptor||Staraptite|Intimidate|CloseCombat,Roost,BraveBird,Protect|Jolly||F|||50|]Sinistcha||SitrusBerry|Hospitality|RagePowder,Protect,StrengthSap,MatchaGotcha|Bold|||||50|]Farigiraf||Leftovers|ArmorTail|AllySwitch,ThunderWave,HyperVoice,Psychic|Calm||F|||50|]Garchomp||LifeOrb|RoughSkin|StompingTantrum,Outrage,PoisonJab,RockSlide|Adamant||F|||50|]Whimsicott||FocusSash|Prankster|Taunt,Tailwind,Moonblast,Encore|Timid||M|||50|
|inactive|Battle timer is ON: inactive players will automatically lose when time's up. (requested by Baddyboy100)
|inactive|testingdeez has 60 seconds left.
|inactive|testingdeez has 30 seconds left.
|
|t:|1782221195
|teamsize|p1|4
|teamsize|p2|4
|start
|switch|p1a: Sylveon|Sylveon, L50, F|100/100
|switch|p1b: Aerodactyl|Aerodactyl, L50, F|100/100
|switch|p2a: Staraptor|Staraptor, L50, F|100/100
|switch|p2b: Grimmsnarl|Grimmsnarl, L50, M|100/100
|-ability|p1b: Aerodactyl|Unnerve
|-ability|p2a: Staraptor|Intimidate|boost
|-unboost|p1a: Sylveon|atk|1
|-unboost|p1b: Aerodactyl|atk|1
|turn|1
|inactive|testingdeez has 30 seconds left.
|inactive|Baddyboy100 has 30 seconds left.
|
|t:|1782221229
|move|p2a: Staraptor|Protect|p2a: Staraptor
|-singleturn|p2a: Staraptor|Protect
|move|p2b: Grimmsnarl|Parting Shot|p1a: Sylveon
|-unboost|p1a: Sylveon|atk|1
|-unboost|p1a: Sylveon|spa|1
|
|t:|1782221236
|switch|p2b: Whimsicott|Whimsicott, L50, M|100/100|[from] Parting Shot
|move|p1b: Aerodactyl|Tailwind|p1b: Aerodactyl
|-sidestart|p1: testingdeez|move: Tailwind
|move|p1a: Sylveon|Hyper Voice|p2a: Staraptor|[spread] p2b
|-activate|p2a: Staraptor|move: Protect
|-damage|p2b: Whimsicott|55/100
|
|upkeep
|turn|2
|inactive|testingdeez has 30 seconds left.
|inactive|Baddyboy100 has 30 seconds left.
|inactive|testingdeez has 20 seconds left.
|inactive|testingdeez has 15 seconds left.
|
|t:|1782221277
|switch|p1b: Metagross|Metagross, L50, shiny|100/100
|switch|p2a: Grimmsnarl|Grimmsnarl, L50, M|100/100
|move|p2b: Whimsicott|Encore||[still]
|-fail|p2b: Whimsicott
|move|p1a: Sylveon|Hyper Voice|p2a: Grimmsnarl|[spread] p2a,p2b
|-supereffective|p2a: Grimmsnarl|1
|-damage|p2a: Grimmsnarl|54/100
|-damage|p2b: Whimsicott|11/100
|
|upkeep
|turn|3
|inactive|testingdeez has 30 seconds left.
|inactive|Baddyboy100 has 30 seconds left.
|inactive|testingdeez has 20 seconds left.
|inactive|testingdeez has 15 seconds left.
|inactive|testingdeez has 10 seconds left.
|
|t:|1782221323
|switch|p1a: Aerodactyl|Aerodactyl, L50, F|100/100
|-ability|p1a: Aerodactyl|Unnerve
|move|p2b: Whimsicott|Tailwind|p2b: Whimsicott
|-sidestart|p2: Baddyboy100|move: Tailwind
|move|p2a: Grimmsnarl|Reflect|p2a: Grimmsnarl
|-sidestart|p2: Baddyboy100|Reflect
|move|p1b: Metagross|Iron Head|p2b: Whimsicott
|-supereffective|p2b: Whimsicott|1
|-damage|p2b: Whimsicott|0 fnt
|faint|p2b: Whimsicott
|
|upkeep
|
|t:|1782221333
|switch|p2b: Staraptor|Staraptor, L50, F|100/100
|-ability|p2b: Staraptor|Intimidate|boost
|-unboost|p1a: Aerodactyl|atk|1
|-fail|p1b: Metagross|unboost|[from] ability: Clear Body|[of] p1b: Metagross
|turn|4
|inactive|testingdeez has 30 seconds left.
|
|t:|1782221363
|detailschange|p2b: Staraptor|Staraptor-Mega, L50, F
|-mega|p2b: Staraptor|Staraptor|Staraptite
|detailschange|p1b: Metagross|Metagross-Mega, L50, shiny
|-mega|p1b: Metagross|Metagross|Metagrossite
|move|p2a: Grimmsnarl|Parting Shot|p2b: Staraptor
|-boost|p2b: Staraptor|atk|1
|-boost|p2b: Staraptor|spa|1
|
|t:|1782221370
|switch|p2a: Garchomp|Garchomp, L50, F|100/100|[from] Parting Shot
|move|p1a: Aerodactyl|Rock Slide|p2a: Garchomp|[spread] p2b
|-miss|p1a: Aerodactyl|p2a: Garchomp
|-damage|p2b: Staraptor|86/100
|move|p1b: Metagross|Ice Punch|p2b: Staraptor
|-supereffective|p2b: Staraptor|1
|-damage|p2b: Staraptor|37/100
|move|p2b: Staraptor|Close Combat|p1a: Aerodactyl
|-enditem|p1a: Aerodactyl|Focus Sash
|-damage|p1a: Aerodactyl|1/100
|-boost|p2b: Staraptor|def|1
|-boost|p2b: Staraptor|spd|1
|
|-sideend|p1: testingdeez|move: Tailwind
|upkeep
|turn|5
|inactive|testingdeez has 30 seconds left.
|
|t:|1782221397
|move|p2b: Staraptor|Roost|p2b: Staraptor
|-heal|p2b: Staraptor|87/100
|-singleturn|p2b: Staraptor|move: Roost
|move|p2a: Garchomp|Stomping Tantrum|p1b: Metagross
|-supereffective|p1b: Metagross|1
|-damage|p1b: Metagross|5/100
|-damage|p2a: Garchomp|90/100|[from] item: Life Orb
|move|p1a: Aerodactyl|Tailwind|p1a: Aerodactyl
|-sidestart|p1: testingdeez|move: Tailwind
|move|p1b: Metagross|Ice Punch|p2a: Garchomp
|-supereffective|p2a: Garchomp|2
|-damage|p2a: Garchomp|1/100
|-damage|p1b: Metagross|0 fnt|[from] ability: Rough Skin|[of] p2a: Garchomp
|faint|p1b: Metagross
|
|upkeep
|inactive|testingdeez has 30 seconds left.
|inactive|testingdeez has 20 seconds left.
|inactive|testingdeez has 15 seconds left.
|
|t:|1782221439
|switch|p1b: Garchomp|Garchomp, L50, M|100/100
|turn|6
|
|t:|1782221448
|move|p2b: Staraptor|Protect|p2b: Staraptor
|-singleturn|p2b: Staraptor|Protect
|move|p1a: Aerodactyl|Rock Slide|p2a: Garchomp|[spread] p2a
|-activate|p2b: Staraptor|move: Protect
|-resisted|p2a: Garchomp|1
|-damage|p2a: Garchomp|0 fnt
|faint|p2a: Garchomp
|move|p1b: Garchomp|Dragon Claw|p2b: Staraptor
|-activate|p2b: Staraptor|move: Protect
|
|-sideend|p2: Baddyboy100|move: Tailwind
|upkeep
|
|t:|1782221461
|switch|p2a: Grimmsnarl|Grimmsnarl, L50, M|54/100
|turn|7
|
|t:|1782221484
|move|p2a: Grimmsnarl|Scary Face|p2b: Staraptor
|-boost|p2b: Staraptor|spe|2
|move|p1a: Aerodactyl|Rock Slide|p2a: Grimmsnarl|[spread] p2a,p2b
|-damage|p2a: Grimmsnarl|41/100
|-damage|p2b: Staraptor|78/100
|move|p2b: Staraptor|Close Combat|p1a: Aerodactyl
|-damage|p1a: Aerodactyl|0 fnt
|-boost|p2b: Staraptor|def|1
|-boost|p2b: Staraptor|spd|1
|faint|p1a: Aerodactyl
|move|p1b: Garchomp|Earthquake|p2a: Grimmsnarl|[spread] p2a
|-immune|p2b: Staraptor
|-damage|p2a: Grimmsnarl|1/100
|-damage|p1b: Garchomp|90/100|[from] item: Life Orb
|
|upkeep
|
|t:|1782221498
|switch|p1a: Sylveon|Sylveon, L50, F|100/100
|turn|8
|
|t:|1782221510
|move|p1a: Sylveon|Quick Attack|p2a: Grimmsnarl
|-supereffective|p2a: Grimmsnarl|1
|-damage|p2a: Grimmsnarl|0 fnt
|faint|p2a: Grimmsnarl
|move|p2b: Staraptor|Brave Bird|p1a: Sylveon
|-damage|p1a: Sylveon|0 fnt
|faint|p1a: Sylveon
|-damage|p2b: Staraptor|40/100|[from] Recoil
|move|p1b: Garchomp|Dragon Claw|p2b: Staraptor
|-damage|p2b: Staraptor|20/100y
|-damage|p1b: Garchomp|80/100|[from] item: Life Orb
|
|-sideend|p1: testingdeez|move: Tailwind
|upkeep
|turn|9
|
|t:|1782221524
|move|p2b: Staraptor|Roost|p2b: Staraptor
|-heal|p2b: Staraptor|70/100
|-singleturn|p2b: Staraptor|move: Roost
|move|p1b: Garchomp|Earthquake|p2b: Staraptor
|-damage|p2b: Staraptor|44/100
|-damage|p1b: Garchomp|70/100|[from] item: Life Orb
|
|upkeep
|turn|10
|
|t:|1782221533
|move|p2b: Staraptor|Roost|p2b: Staraptor
|-heal|p2b: Staraptor|94/100
|-singleturn|p2b: Staraptor|move: Roost
|move|p1b: Garchomp|Earthquake|p2b: Staraptor
|-damage|p2b: Staraptor|68/100
|-damage|p1b: Garchomp|61/100|[from] item: Life Orb
|
|-sideend|p2: Baddyboy100|Reflect
|upkeep
|turn|11
|
|t:|1782221540
|move|p2b: Staraptor|Close Combat|p1b: Garchomp
|-damage|p1b: Garchomp|0 fnt
|-boost|p2b: Staraptor|def|1
|-boost|p2b: Staraptor|spd|1
|-damage|p2b: Staraptor|55/100|[from] ability: Rough Skin|[of] p1b: Garchomp
|faint|p1b: Garchomp
|
|win|Baddyboy100
||testingdeez is ready for game 2.
|l|☆Baddyboy100
|player|p2|
|inactive|Baddyboy100 has 30 seconds to confirm battle start!
||Baddyboy100 is ready for game 2.
|uhtml|next|Next: Game 2 of 3
