|j|☆pyrostevie
|j|☆Taste the raynbow
|html|pyrostevieTaste the raynbow    
|uhtml|bestof|Game 2 of a best-of-3
|t:|1757903461
|gametype|doubles
|player|p1|pyrostevie|2|1086
|player|p2|Taste the raynbow|steven-masters2|1000
|gen|9
|tier|[Gen 9] VGC 2025 Reg H (Bo3)
|rated|
|rule|Species Clause: Limit one of each Pokémon
|rule|Item Clause: Limit 1 of each item
|clearpoke
|poke|p1|Pelipper, L50, M|
|poke|p1|Basculegion, L50, M|
|poke|p1|Archaludon, L50, F|
|poke|p1|Maushold-Four, L50|
|poke|p1|Amoonguss, L50, M|
|poke|p1|Incineroar, L50, M|
|poke|p2|Sableye, L50, M|
|poke|p2|Dragonite, L50, M|
|poke|p2|Annihilape, L50, F|
|poke|p2|Rillaboom, L50, F|
|poke|p2|Ursaluna-Bloodmoon, L50, M|
|poke|p2|Maushold-Four, L50|
|teampreview|4
|showteam|p1|Pelipper||FocusSash|Drizzle|ChillingWater,Hurricane,Tailwind,Protect|||M|||50|,,,,,Ghost]Basculegion||LifeOrb|SwiftSwim|WaveCrash,AquaJet,LastRespects,Protect|||M|||50|,,,,,Water]Archaludon||AssaultVest|Stamina|DragonPulse,FlashCannon,ElectroShot,BodyPress|||F|||50|,,,,,Grass]Maushold-Four||WideLens|FriendGuard|PopulationBomb,FollowMe,Taunt,Protect||||||50|,,,,,Grass]Amoonguss||SitrusBerry|Regenerator|PollenPuff,ClearSmog,RagePowder,Spore|||M|||50|,,,,,Water]Incineroar||SafetyGoggles|Intimidate|FakeOut,FlareBlitz,KnockOff,PartingShot|||M|||50|,,,,,Ghost
|showteam|p2|Sableye||LightClay|Prankster|Disable,Taunt,LightScreen,Reflect|||M|||50|,,,,,Grass]Dragonite||LoadedDice|Multiscale|ScaleShot,Haze,Tailwind,Protect|||M|||50|,,,,,Normal]Annihilape||SitrusBerry|Defiant|RageFist,DrainPunch,BulkUp,Protect|||F|||50|,,,,,Water]Rillaboom||MiracleSeed|GrassySurge|FakeOut,GrassyGlide,WoodHammer,HighHorsepower|||F|||50|,,,,,Water]Ursaluna-Bloodmoon||AssaultVest|MindsEye|BloodMoon,HyperVoice,EarthPower,VacuumWave|||M|||50|,,,,,Ghost]Maushold-Four||WideLens|FriendGuard|PopulationBomb,FollowMe,Encore,Protect||||||50|,,,,,Ghost
|
|t:|1757903486
|teamsize|p1|4
|teamsize|p2|4
|start
|switch|p1a: Basculegion|Basculegion, L50, M|100/100
|switch|p1b: Pelipper|Pelipper, L50, M|100/100
|switch|p2a: Sableye|Sableye, L50, M|100/100
|switch|p2b: Annihilape|Annihilape, L50, F|100/100
|-weather|RainDance|[from] ability: Drizzle|[of] p1b: Pelipper
|turn|1
|inactive|Battle timer is ON: inactive players will automatically lose when time's up. (requested by pyrostevie)
|
|t:|1757903520
|move|p2a: Sableye|Light Screen|p2a: Sableye
|-sidestart|p2: Taste the raynbow|move: Light Screen
|move|p1a: Basculegion|Wave Crash|p2a: Sableye
|-damage|p2a: Sableye|0 fnt
|faint|p2a: Sableye
|-damage|p1a: Basculegion|74/100|[from] Recoil
|-damage|p1a: Basculegion|64/100|[from] item: Life Orb
|move|p2b: Annihilape|Bulk Up|p2b: Annihilape
|-boost|p2b: Annihilape|atk|1
|-boost|p2b: Annihilape|def|1
|move|p1b: Pelipper|Tailwind|p1b: Pelipper
|-sidestart|p1: pyrostevie|move: Tailwind
|
|-weather|RainDance|[upkeep]
|upkeep
|
|t:|1757903533
|switch|p2a: Rillaboom|Rillaboom, L50, F|100/100
|-fieldstart|move: Grassy Terrain|[from] ability: Grassy Surge|[of] p2a: Rillaboom
|turn|2
|
|t:|1757903547
|switch|p1a: Archaludon|Archaludon, L50, F|100/100
|move|p2a: Rillaboom|Fake Out|p1b: Pelipper
|-damage|p1b: Pelipper|84/100
|cant|p1b: Pelipper|flinch
|move|p2b: Annihilape|Bulk Up|p2b: Annihilape
|-boost|p2b: Annihilape|atk|1
|-boost|p2b: Annihilape|def|1
|
|-weather|RainDance|[upkeep]
|upkeep
|turn|3
|
|t:|1757903568
|move|p2a: Rillaboom|Grassy Glide|p2b: Annihilape
|-damage|p2b: Annihilape|79/100
|move|p1b: Pelipper|Hurricane|p2a: Rillaboom
|-supereffective|p2a: Rillaboom
|-damage|p2a: Rillaboom|34/100
|move|p1a: Archaludon|Electro Shot||[still]
|-prepare|p1a: Archaludon|Electro Shot
|-boost|p1a: Archaludon|spa|1
|-anim|p1a: Archaludon|Electro Shot|p2b: Annihilape
|-damage|p2b: Annihilape|44/100
|-enditem|p2b: Annihilape|Sitrus Berry|[eat]
|-heal|p2b: Annihilape|69/100|[from] item: Sitrus Berry
|move|p2b: Annihilape|Rage Fist|p1b: Pelipper
|-damage|p1b: Pelipper|0 fnt
|faint|p1b: Pelipper
|
|-weather|RainDance|[upkeep]
|-heal|p2b: Annihilape|75/100|[from] Grassy Terrain
|-heal|p2a: Rillaboom|40/100|[from] Grassy Terrain
|upkeep
|
|t:|1757903588
|switch|p1b: Maushold|Maushold-Four, L50|100/100
|turn|4
|
|t:|1757903600
|switch|p2a: Ursaluna|Ursaluna-Bloodmoon, L50, M|100/100
|move|p1b: Maushold|Population Bomb|p2a: Ursaluna
|-damage|p2a: Ursaluna|94/100
|-crit|p2a: Ursaluna
|-damage|p2a: Ursaluna|86/100
|-damage|p2a: Ursaluna|80/100
|-damage|p2a: Ursaluna|74/100
|-damage|p2a: Ursaluna|68/100
|-damage|p2a: Ursaluna|63/100
|-damage|p2a: Ursaluna|58/100
|-damage|p2a: Ursaluna|52/100
|-damage|p2a: Ursaluna|47/100
|-damage|p2a: Ursaluna|41/100
|-hitcount|p2a: Ursaluna|10
|move|p1a: Archaludon|Electro Shot||[still]
|-prepare|p1a: Archaludon|Electro Shot
|-boost|p1a: Archaludon|spa|1
|-anim|p1a: Archaludon|Electro Shot|p2b: Annihilape
|-crit|p2b: Annihilape
|-damage|p2b: Annihilape|0 fnt
|faint|p2b: Annihilape
|
|-weather|RainDance|[upkeep]
|-heal|p2a: Ursaluna|48/100|[from] Grassy Terrain
|-sideend|p1: pyrostevie|move: Tailwind
|upkeep
|
|t:|1757903624
|switch|p2b: Rillaboom|Rillaboom, L50, F|40/100
|turn|5
|
|t:|1757903646
|move|p2b: Rillaboom|Fake Out|p1b: Maushold
|-damage|p1b: Maushold|77/100
|cant|p1b: Maushold|flinch
|move|p1a: Archaludon|Body Press|p2a: Ursaluna
|-supereffective|p2a: Ursaluna
|-damage|p2a: Ursaluna|14/100
|move|p2a: Ursaluna|Earth Power|p1a: Archaludon
|-supereffective|p1a: Archaludon
|-damage|p1a: Archaludon|52/100
|-ability|p1a: Archaludon|Stamina|boost
|-boost|p1a: Archaludon|def|1
|
|-weather|none
|-heal|p1b: Maushold|83/100|[from] Grassy Terrain
|-heal|p2b: Rillaboom|46/100|[from] Grassy Terrain
|-heal|p1a: Archaludon|58/100|[from] Grassy Terrain
|-heal|p2a: Ursaluna|20/100|[from] Grassy Terrain
|upkeep
|turn|6
|inactive|Taste the raynbow has 30 seconds left.
|inactive|Taste the raynbow has 20 seconds left.
|inactive|Taste the raynbow has 15 seconds left.
|
|t:|1757903689
|-terastallize|p2a: Ursaluna|Ghost
|move|p1b: Maushold|Population Bomb|p2a: Ursaluna
|-immune|p2a: Ursaluna
|move|p2b: Rillaboom|Wood Hammer|p1b: Maushold
|-damage|p1b: Maushold|0 fnt
|faint|p1b: Maushold
|-damage|p2b: Rillaboom|25/100|[from] Recoil
|move|p1a: Archaludon|Flash Cannon|p2b: Rillaboom
|-damage|p2b: Rillaboom|0 fnt
|faint|p2b: Rillaboom
|move|p2a: Ursaluna|Earth Power|p1a: Archaludon
|-supereffective|p1a: Archaludon
|-damage|p1a: Archaludon|0 fnt
|faint|p1a: Archaludon
|
|-heal|p2a: Ursaluna|26/100|[from] Grassy Terrain
|-fieldend|move: Grassy Terrain
|upkeep
|
|t:|1757903703
|switch|p1b: Basculegion|Basculegion, L50, M|64/100
|turn|7
|
|t:|1757903711
|move|p1b: Basculegion|Last Respects|p2a: Ursaluna
|-supereffective|p2a: Ursaluna
|-damage|p2a: Ursaluna|0 fnt
|faint|p2a: Ursaluna
|-damage|p1b: Basculegion|55/100|[from] item: Life Orb
|
|win|pyrostevie
||pyrostevie is ready for game 3.
||Taste the raynbow is ready for game 3.
|uhtml|next|Next: Game 3 of 3
|l|☆pyrostevie
|player|p1|
