|j|☆Pineyfressh
|j|☆PizzaSanwitch
|html|PineyfresshPizzaSanwitch    
|uhtml|bestof|Game 1 of a best-of-3
|t:|1783556315
|gametype|doubles
|player|p1|Pineyfressh|169|1024
|player|p2|PizzaSanwitch|2|1053
|gen|9
|tier|[Gen 9 Champions] VGC 2026 Reg M-B (Bo3)
|rated|
|rule|Species Clause: Limit one of each Pokémon
|rule|Item Clause: Limit 1 of each item
|clearpoke
|poke|p1|Gengar, L50, F|
|poke|p1|Heracross, L50, M|
|poke|p1|Maushold-Four, L50|
|poke|p1|Appletun, L50, M|
|poke|p1|Vaporeon, L50, F|
|poke|p1|Charizard, L50, M|
|poke|p2|Pelipper, L50, F|
|poke|p2|Archaludon, L50, M|
|poke|p2|Swampert, L50, M|
|poke|p2|Venusaur, L50, M|
|poke|p2|Basculegion, L50, M|
|poke|p2|Grimmsnarl, L50, M|
|teampreview|4
|showteam|p1|Gengar||FocusSash|CursedBody|PerishSong,DestinyBond,Protect,SludgeBomb|Timid||F|||50|]Heracross||Heracronite|Swarm|RockBlast,KnockOff,BrickBreak,PinMissile|Adamant||M|||50|]Maushold-Four||MentalHerb|FriendGuard|HelpingHand,FollowMe,Protect,Taunt|Timid|||||50|]Appletun||SitrusBerry|ThickFat|LeechSeed,Recover,Protect,AppleAcid|Calm||M|||50|]Vaporeon||Leftovers|WaterAbsorb|Protect,Wish,Scald,Yawn|Bold||F|||50|]Charizard||CharizarditeY|Blaze|HeatWave,SolarBeam,Overheat,Protect|Timid||M|||50|
|showteam|p2|Pelipper||FocusSash|Drizzle|WeatherBall,Hurricane,Tailwind,Protect|Modest||F|||50|]Archaludon||Leftovers|Stamina|ElectroShot,FlashCannon,DragonPulse,Protect|Modest||M|||50|]Swampert||Swampertite|Damp|WaveCrash,Earthquake,IcePunch,Protect|Adamant||M|||50|]Venusaur||Venusaurite|Chlorophyll|GigaDrain,SludgeBomb,EarthPower,Protect|Modest||M|||50|]Basculegion||ChoiceScarf|Adaptability|WaveCrash,LastRespects,AquaJet,FlipTurn|Jolly||M|||50|]Grimmsnarl||LightClay|Prankster|SpiritBreak,Reflect,LightScreen,PartingShot|Careful||M|||50|
|inactive|Battle timer is ON: inactive players will automatically lose when time's up. (requested by Pineyfressh)
|inactive|PizzaSanwitch has 60 seconds left.
|inactive|PizzaSanwitch has 30 seconds left.
|inactive|PizzaSanwitch has 20 seconds left.
|inactive|PizzaSanwitch has 15 seconds left.
|inactive|PizzaSanwitch has 10 seconds left.
|
|t:|1783556444
|teamsize|p1|4
|teamsize|p2|4
|start
|switch|p1a: Heracross|Heracross, L50, M|100/100
|switch|p1b: Maushold|Maushold-Four, L50|100/100
|switch|p2a: Grimmsnarl|Grimmsnarl, L50, M|100/100
|switch|p2b: Venusaur|Venusaur, L50, M|100/100
|turn|1
|inactive|PizzaSanwitch has 30 seconds left.
|
|t:|1783556477
|switch|p2b: Archaludon|Archaludon, L50, M|100/100
|detailschange|p1a: Heracross|Heracross-Mega, L50, M
|-mega|p1a: Heracross|Heracross|Heracronite
|move|p1b: Maushold|Follow Me|p1b: Maushold
|-singleturn|p1b: Maushold|move: Follow Me
|move|p1a: Heracross|Brick Break|p2a: Grimmsnarl
|-damage|p2a: Grimmsnarl|38/100
|move|p2a: Grimmsnarl|Spirit Break|p1b: Maushold
|-damage|p1b: Maushold|58/100
|-unboost|p1b: Maushold|spa|1
|
|upkeep
|turn|2
|inactive|PizzaSanwitch has 30 seconds left.
|
|t:|1783556507
|move|p2b: Archaludon|Protect|p2b: Archaludon
|-singleturn|p2b: Archaludon|Protect
|move|p1b: Maushold|Follow Me|p1b: Maushold
|-singleturn|p1b: Maushold|move: Follow Me
|move|p2a: Grimmsnarl|Parting Shot|p1b: Maushold
|-unboost|p1b: Maushold|atk|1
|-unboost|p1b: Maushold|spa|1
|
|t:|1783556514
|switch|p2a: Pelipper|Pelipper, L50, F|100/100|[from] Parting Shot
|-weather|RainDance|[from] ability: Drizzle|[of] p2a: Pelipper
|move|p1a: Heracross|Brick Break|p2a: Pelipper
|-resisted|p2a: Pelipper|1
|-crit|p2a: Pelipper
|-damage|p2a: Pelipper|49/100
|
|-weather|RainDance|[upkeep]
|upkeep
|turn|3
|
|t:|1783556530
|switch|p2b: Venusaur|Venusaur, L50, M|100/100
|move|p1b: Maushold|Follow Me|p1b: Maushold
|-singleturn|p1b: Maushold|move: Follow Me
|move|p2a: Pelipper|Tailwind|p2a: Pelipper
|-sidestart|p2: PizzaSanwitch|move: Tailwind
|move|p1a: Heracross|Rock Blast|p2a: Pelipper
|-supereffective|p2a: Pelipper|1
|-damage|p2a: Pelipper|14/100
|-supereffective|p2a: Pelipper|1
|-damage|p2a: Pelipper|0 fnt
|faint|p2a: Pelipper
|-hitcount|p2: Pelipper|2
|
|-weather|RainDance|[upkeep]
|upkeep
|
|t:|1783556540
|switch|p2a: Archaludon|Archaludon, L50, M|100/100
|turn|4
|
|t:|1783556552
|detailschange|p2b: Venusaur|Venusaur-Mega, L50, M
|-mega|p2b: Venusaur|Venusaur|Venusaurite
|move|p1b: Maushold|Follow Me|p1b: Maushold
|-singleturn|p1b: Maushold|move: Follow Me
|move|p2a: Archaludon|Electro Shot||[still]
|-prepare|p2a: Archaludon|Electro Shot
|-boost|p2a: Archaludon|spa|1
|-anim|p2a: Archaludon|Electro Shot|p1b: Maushold
|-damage|p1b: Maushold|0 fnt
|faint|p1b: Maushold
|move|p2b: Venusaur|Sludge Bomb|p1a: Heracross
|-damage|p1a: Heracross|53/100
|-status|p1a: Heracross|psn
|move|p1a: Heracross|Pin Missile|p2b: Venusaur
|-damage|p2b: Venusaur|85/100
|-damage|p2b: Venusaur|70/100
|-damage|p2b: Venusaur|55/100
|-damage|p2b: Venusaur|39/100
|-damage|p2b: Venusaur|24/100
|-hitcount|p2b: Venusaur|5
|
|-weather|RainDance|[upkeep]
|-damage|p1a: Heracross|41/100 psn|[from] psn
|upkeep
|
|t:|1783556572
|switch|p1b: Gengar|Gengar, L50, F|100/100
|turn|5
|
|t:|1783556591
|move|p2a: Archaludon|Electro Shot||[still]
|-prepare|p2a: Archaludon|Electro Shot
|-boost|p2a: Archaludon|spa|1
|-anim|p2a: Archaludon|Electro Shot|p1a: Heracross
|-damage|p1a: Heracross|0 fnt
|faint|p1a: Heracross
|move|p2b: Venusaur|Earth Power|p1b: Gengar
|-supereffective|p1b: Gengar|1
|-crit|p1b: Gengar
|-enditem|p1b: Gengar|Focus Sash
|-damage|p1b: Gengar|1/100
|move|p1b: Gengar|Sludge Bomb|p2b: Venusaur
|-damage|p2b: Venusaur|0 fnt
|faint|p2b: Venusaur
|
|-weather|RainDance|[upkeep]
|upkeep
|
|t:|1783556605
|switch|p2b: Grimmsnarl|Grimmsnarl, L50, M|38/100
|switch|p1a: Appletun|Appletun, L50, M|100/100
|turn|6
|inactive|PizzaSanwitch has 30 seconds left.
|
|t:|1783556632
|move|p1b: Gengar|Protect|p1b: Gengar
|-singleturn|p1b: Gengar|Protect
|move|p2a: Archaludon|Dragon Pulse|p1a: Appletun
|-supereffective|p1a: Appletun|1
|-damage|p1a: Appletun|0 fnt
|faint|p1a: Appletun
|move|p2b: Grimmsnarl|Spirit Break|p1b: Gengar
|-activate|p1b: Gengar|move: Protect
|
|-weather|none
|-sideend|p2: PizzaSanwitch|move: Tailwind
|upkeep
|turn|7
|
|t:|1783556645
|move|p1b: Gengar|Destiny Bond|p1b: Gengar
|-singlemove|p1b: Gengar|Destiny Bond
|move|p2a: Archaludon|Dragon Pulse|p1b: Gengar
|-crit|p1b: Gengar
|-damage|p1b: Gengar|0 fnt
|faint|p1b: Gengar
|-activate|p1b: Gengar|move: Destiny Bond
|faint|p2a: Archaludon
|
|win|PizzaSanwitch
||PizzaSanwitch is ready for game 2.
||Pineyfressh is ready for game 2.
|uhtml|next|Next: Game 2 of 3
|l|☆Pineyfressh
|player|p1|
