|j|☆KudenaVGC
|j|☆tryson69
|html|KudenaVGCtryson69    
|uhtml|bestof|Game 3 of a best-of-3
|t:|1756730344
|gametype|doubles
|player|p1|KudenaVGC|ethan|1126
|player|p2|tryson69|crasherwake|1219
|gen|9
|tier|[Gen 9] VGC 2025 Reg H (Bo3)
|rated|
|rule|Species Clause: Limit one of each Pokémon
|rule|Item Clause: Limit 1 of each item
|clearpoke
|poke|p1|Maushold, L50|
|poke|p1|Grimmsnarl, L50, M|
|poke|p1|Dragonite, L50, M|
|poke|p1|Pelipper, L50, M|
|poke|p1|Archaludon, L50, M|
|poke|p1|Gholdengo, L50|
|poke|p2|Typhlosion-Hisui, L50, F|
|poke|p2|Rillaboom, L50, M|
|poke|p2|Primarina, L50, F|
|poke|p2|Archaludon, L50, M|
|poke|p2|Whimsicott, L50, F|
|poke|p2|Pelipper, L50, M|
|teampreview|4
|showteam|p1|Maushold||SafetyGoggles|FriendGuard|Protect,SuperFang,BeatUp,FollowMe||||||50|,,,,,Ghost]Grimmsnarl||LightClay|Prankster|FoulPlay,ThunderWave,LightScreen,Reflect|||M|||50|,,,,,Ghost]Dragonite||LoadedDice|InnerFocus|ScaleShot,Protect,Haze,ExtremeSpeed|||M|||50|,,,,,Steel]Pelipper||FocusSash|Drizzle|MuddyWater,Hurricane,Protect,Tailwind|||M|||50|,,,,,Ground]Archaludon||AssaultVest|Stamina|DracoMeteor,ElectroShot,Snarl,BodyPress|||M|||50|,,,,,Bug]Gholdengo||LifeOrb|GoodasGold|MakeItRain,ShadowBall,Protect,NastyPlot||||||50|,,,,,Water
|showteam|p2|Typhlosion-Hisui||ChoiceScarf|Blaze|Eruption,HeatWave,Overheat,ShadowBall|||F|||50|,,,,,Fire]Rillaboom||AssaultVest|GrassySurge|WoodHammer,GrassyGlide,HighHorsepower,FakeOut|||M|||50|,,,,,Fire]Primarina||ThroatSpray|LiquidVoice|HyperVoice,Moonblast,Haze,Protect|||F|||50|,,,,,Poison]Archaludon||Leftovers|Stamina|ElectroShot,BodyPress,Protect,DracoMeteor|||M|||50|,,,,,Grass]Whimsicott||CovertCloak|Prankster|Tailwind,Taunt,Moonblast,SunnyDay|||F|||50|,,,,,Water]Pelipper||FocusSash|Drizzle|WeatherBall,Hurricane,WideGuard,Protect|||M|||50|,,,,,Steel
|inactive|Battle timer is ON: inactive players will automatically lose when time's up. (requested by KudenaVGC)
|
|t:|1756730380
|teamsize|p1|4
|teamsize|p2|4
|start
|switch|p1a: Grimmsnarl|Grimmsnarl, L50, M|100/100
|switch|p1b: Gholdengo|Gholdengo, L50|100/100
|switch|p2a: Typhlosion|Typhlosion-Hisui, L50, F|100/100
|switch|p2b: Rillaboom|Rillaboom, L50, M|100/100
|-fieldstart|move: Grassy Terrain|[from] ability: Grassy Surge|[of] p2b: Rillaboom
|turn|1
|
|t:|1756730410
|-terastallize|p2a: Typhlosion|Fire
|-terastallize|p1a: Grimmsnarl|Ghost
|move|p2b: Rillaboom|Grassy Glide|p1b: Gholdengo
|-resisted|p1b: Gholdengo
|-damage|p1b: Gholdengo|81/100
|move|p1a: Grimmsnarl|Thunder Wave|p2a: Typhlosion
|-status|p2a: Typhlosion|par
|move|p1b: Gholdengo|Shadow Ball|p2a: Typhlosion
|-damage|p2a: Typhlosion|34/100 par
|-damage|p1b: Gholdengo|72/100|[from] item: Life Orb
|move|p2a: Typhlosion|Eruption|p1b: Gholdengo|[spread] p1a,p1b
|-supereffective|p1b: Gholdengo
|-damage|p1a: Grimmsnarl|74/100
|-damage|p1b: Gholdengo|8/100
|
|-heal|p1b: Gholdengo|14/100|[from] Grassy Terrain
|-heal|p2a: Typhlosion|40/100 par|[from] Grassy Terrain
|-heal|p1a: Grimmsnarl|80/100|[from] Grassy Terrain
|upkeep
|turn|2
|
|t:|1756730433
|switch|p1b: Archaludon|Archaludon, L50, M|100/100
|move|p1a: Grimmsnarl|Light Screen|p1a: Grimmsnarl
|-sidestart|p1: KudenaVGC|move: Light Screen
|move|p2b: Rillaboom|High Horsepower|p1b: Archaludon
|-supereffective|p1b: Archaludon
|-damage|p1b: Archaludon|54/100
|-ability|p1b: Archaludon|Stamina|boost
|-boost|p1b: Archaludon|def|1
|move|p2a: Typhlosion|Eruption|p1b: Archaludon|[spread] p1a,p1b
|-damage|p1a: Grimmsnarl|59/100
|-damage|p1b: Archaludon|35/100
|-ability|p1b: Archaludon|Stamina|boost
|-boost|p1b: Archaludon|def|1
|
|-heal|p1b: Archaludon|41/100|[from] Grassy Terrain
|-heal|p2a: Typhlosion|46/100 par|[from] Grassy Terrain
|-heal|p1a: Grimmsnarl|65/100|[from] Grassy Terrain
|upkeep
|turn|3
|
|t:|1756730452
|move|p1a: Grimmsnarl|Reflect|p1a: Grimmsnarl
|-sidestart|p1: KudenaVGC|Reflect
|move|p1b: Archaludon|Body Press|p2b: Rillaboom
|-damage|p2b: Rillaboom|56/100
|move|p2b: Rillaboom|High Horsepower|p1b: Archaludon
|-supereffective|p1b: Archaludon
|-damage|p1b: Archaludon|25/100
|-ability|p1b: Archaludon|Stamina|boost
|-boost|p1b: Archaludon|def|1
|move|p2a: Typhlosion|Eruption|p1a: Grimmsnarl|[spread] p1a,p1b
|-damage|p1a: Grimmsnarl|41/100
|-damage|p1b: Archaludon|4/100
|-ability|p1b: Archaludon|Stamina|boost
|-boost|p1b: Archaludon|def|1
|
|-heal|p1b: Archaludon|10/100|[from] Grassy Terrain
|-heal|p2b: Rillaboom|62/100|[from] Grassy Terrain
|-heal|p2a: Typhlosion|52/100 par|[from] Grassy Terrain
|-heal|p1a: Grimmsnarl|47/100|[from] Grassy Terrain
|upkeep
|turn|4
|
|t:|1756730472
|move|p1a: Grimmsnarl|Thunder Wave|p2b: Rillaboom
|-status|p2b: Rillaboom|par
|move|p1b: Archaludon|Body Press|p2a: Typhlosion
|-damage|p2a: Typhlosion|0 fnt
|faint|p2a: Typhlosion
|cant|p2b: Rillaboom|par
|
|-heal|p1b: Archaludon|16/100|[from] Grassy Terrain
|-heal|p1a: Grimmsnarl|53/100|[from] Grassy Terrain
|-heal|p2b: Rillaboom|67/100 par|[from] Grassy Terrain
|upkeep
|
|t:|1756730482
|switch|p2a: Archaludon|Archaludon, L50, M|100/100
|turn|5
|
|t:|1756730498
|move|p1a: Grimmsnarl|Thunder Wave|p2a: Archaludon
|-status|p2a: Archaludon|par
|move|p1b: Archaludon|Body Press|p2a: Archaludon
|-supereffective|p2a: Archaludon
|-damage|p2a: Archaludon|0 fnt
|faint|p2a: Archaludon
|move|p2b: Rillaboom|Wood Hammer|p1a: Grimmsnarl
|-damage|p1a: Grimmsnarl|0 fnt
|faint|p1a: Grimmsnarl
|-damage|p2b: Rillaboom|50/100 par|[from] Recoil
|
|-heal|p1b: Archaludon|22/100|[from] Grassy Terrain
|-heal|p2b: Rillaboom|56/100 par|[from] Grassy Terrain
|-fieldend|move: Grassy Terrain
|upkeep
|
|t:|1756730508
|switch|p2a: Primarina|Primarina, L50, F|100/100
|switch|p1a: Pelipper|Pelipper, L50, M|100/100
|-weather|RainDance|[from] ability: Drizzle|[of] p1a: Pelipper
|turn|6
|
|t:|1756730521
|move|p1b: Archaludon|Electro Shot||[still]
|-prepare|p1b: Archaludon|Electro Shot
|-boost|p1b: Archaludon|spa|1
|-anim|p1b: Archaludon|Electro Shot|p2a: Primarina
|-supereffective|p2a: Primarina
|-damage|p2a: Primarina|0 fnt
|faint|p2a: Primarina
|move|p1a: Pelipper|Hurricane|p2b: Rillaboom
|-supereffective|p2b: Rillaboom
|-damage|p2b: Rillaboom|0 fnt
|faint|p2b: Rillaboom
|
|win|KudenaVGC
|raw|KudenaVGC's rating: 1126 → 1158(+32 for winning)
|raw|tryson69's rating: 1219 → 1187(-32 for losing)
|l|☆tryson69
|player|p2|
|j|☆tryson69
|player|p2|tryson69|crasherwake|
