|j|☆Mtcoc2
|j|☆merr123
|html|Mtcoc2merr123    
|uhtml|bestof|Game 1 of a best-of-3
|t:|1756970456
|gametype|doubles
|player|p1|Mtcoc2|266|1330
|player|p2|merr123|sisandbro|1390
|gen|9
|tier|[Gen 9] VGC 2025 Reg H (Bo3)
|rated|
|rule|Species Clause: Limit one of each Pokémon
|rule|Item Clause: Limit 1 of each item
|clearpoke
|poke|p1|Torkoal, L50, M|
|poke|p1|Typhlosion-Hisui, L50, F|
|poke|p1|Serperior, L50, F|
|poke|p1|Grimmsnarl, L50, M|
|poke|p1|Tyranitar, L50, F|
|poke|p1|Garchomp, L50, M|
|poke|p2|Sneasler, L50, F|
|poke|p2|Gholdengo, L50|
|poke|p2|Amoonguss, L50, F|
|poke|p2|Incineroar, L50, F|
|poke|p2|Ursaluna-Bloodmoon, L50, M|
|poke|p2|Farigiraf, L50, F|
|teampreview|4
|showteam|p1|Torkoal||SitrusBerry|Drought|HeatWave,Overheat,ClearSmog,Protect|||M|||50|,,,,,Fire]Typhlosion-Hisui||ChoiceScarf|Blaze|Eruption,Overheat,ShadowBall,HeatWave|||F|||50|,,,,,Fire]Serperior||CovertCloak|Contrary|LeafStorm,Glare,Taunt,Protect|||F|||50|,,,,,Fire]Grimmsnarl||LightClay|Prankster|Reflect,LightScreen,SpiritBreak,FakeOut|||M|||50|,,,,,Ghost]Tyranitar||AssaultVest|SandStream|TeraBlast,RockSlide,KnockOff,StompingTantrum|||F|||50|,,,,,Flying]Garchomp||BrightPowder|SandVeil|DragonClaw,StompingTantrum,Earthquake,Protect|||M|||50|,,,,,Steel
|showteam|p2|Sneasler||ClearAmulet|PoisonTouch|FakeOut,CloseCombat,DireClaw,Protect|||F|||50|,,,,,Water]Gholdengo||MetalCoat|GoodasGold|NastyPlot,MakeItRain,ShadowBall,Protect||||||50|,,,,,Water]Amoonguss||SitrusBerry|Regenerator|Spore,RagePowder,PollenPuff,Protect|||F|||50|,,,,,Water]Incineroar||SafetyGoggles|Intimidate|FakeOut,FlareBlitz,KnockOff,PartingShot|||F|||50|,,,,,Ghost]Ursaluna-Bloodmoon||LifeOrb|MindsEye|HyperVoice,EarthPower,BloodMoon,Protect|||M|||50|,,,,,Poison]Farigiraf||MentalHerb|ArmorTail|Psychic,HelpingHand,TrickRoom,Protect|||F|||50|,,,,,Dragon
|inactive|Battle timer is ON: inactive players will automatically lose when time's up. (requested by merr123)
|inactive|merr123 has 60 seconds left.
|c|☆merr123|bright powder sand veil is evil lol
|c|☆merr123|glhf
|inactive|merr123 has 30 seconds left.
|inactive|merr123 has 20 seconds left.
|inactive|merr123 has 15 seconds left.
|inactive|merr123 has 10 seconds left.
|inactive|merr123 has 5 seconds left.
|
|t:|1756970545
|teamsize|p1|4
|teamsize|p2|4
|start
|switch|p1a: Torkoal|Torkoal, L50, M|100/100
|switch|p1b: Typhlosion|Typhlosion-Hisui, L50, F|100/100
|switch|p2a: Farigiraf|Farigiraf, L50, F|100/100
|switch|p2b: Incineroar|Incineroar, L50, F|100/100
|-ability|p2b: Incineroar|Intimidate|boost
|-unboost|p1a: Torkoal|atk|1
|-unboost|p1b: Typhlosion|atk|1
|-weather|SunnyDay|[from] ability: Drought|[of] p1a: Torkoal
|turn|1
|inactive|Mtcoc2 has 30 seconds left.
|inactive|merr123 has 30 seconds left.
|inactive|Mtcoc2 has 20 seconds left.
|inactive|merr123 has 20 seconds left.
|inactive|Mtcoc2 has 15 seconds left.
|inactive|merr123 has 15 seconds left.
|
|t:|1756970588
|-terastallize|p1b: Typhlosion|Fire
|-terastallize|p2a: Farigiraf|Dragon
|move|p1b: Typhlosion|Eruption|p2b: Incineroar|[spread] p2a,p2b
|-resisted|p2a: Farigiraf
|-resisted|p2b: Incineroar
|-damage|p2a: Farigiraf|41/100
|-damage|p2b: Incineroar|46/100
|move|p2b: Incineroar|Parting Shot|p1a: Torkoal
|-unboost|p1a: Torkoal|atk|1
|-unboost|p1a: Torkoal|spa|1
|
|t:|1756970601
|switch|p2b: Ursaluna|Ursaluna-Bloodmoon, L50, M|100/100|[from] Parting Shot
|move|p1a: Torkoal|Heat Wave|p2a: Farigiraf|[spread] p2b
|-miss|p1a: Torkoal|p2a: Farigiraf
|-damage|p2b: Ursaluna|67/100
|move|p2a: Farigiraf|Trick Room|p2a: Farigiraf
|-fieldstart|move: Trick Room|[of] p2a: Farigiraf
|
|-weather|SunnyDay|[upkeep]
|upkeep
|turn|2
|inactive|merr123 has 30 seconds left.
|inactive|merr123 has 20 seconds left.
|inactive|merr123 has 15 seconds left.
|inactive|merr123 has 10 seconds left.
|inactive|merr123 has 5 seconds left.
|
|t:|1756970653
|switch|p1b: Garchomp|Garchomp, L50, M|100/100
|move|p2b: Ursaluna|Protect|p2b: Ursaluna
|-singleturn|p2b: Ursaluna|Protect
|move|p1a: Torkoal|Heat Wave|p2b: Ursaluna|[spread] p2a
|-activate|p2b: Ursaluna|move: Protect
|-resisted|p2a: Farigiraf
|-damage|p2a: Farigiraf|27/100
|move|p2a: Farigiraf|Psychic|p1a: Torkoal
|-damage|p1a: Torkoal|53/100
|
|-weather|SunnyDay|[upkeep]
|upkeep
|turn|3
|inactive|merr123 has 30 seconds left.
|inactive|merr123 has 20 seconds left.
|
|t:|1756970693
|switch|p2a: Incineroar|Incineroar, L50, F|46/100
|-ability|p2a: Incineroar|Intimidate|boost
|-unboost|p1a: Torkoal|atk|1
|-unboost|p1b: Garchomp|atk|1
|move|p1b: Garchomp|Protect|p1b: Garchomp
|-singleturn|p1b: Garchomp|Protect
|move|p1a: Torkoal|Heat Wave|p2a: Incineroar|[spread] p2a,p2b
|-resisted|p2a: Incineroar
|-damage|p2a: Incineroar|31/100
|-damage|p2b: Ursaluna|35/100
|-status|p2b: Ursaluna|brn
|move|p2b: Ursaluna|Earth Power|p1a: Torkoal
|-supereffective|p1a: Torkoal
|-damage|p1a: Torkoal|0 fnt
|faint|p1a: Torkoal
|-damage|p2b: Ursaluna|26/100 brn|[from] item: Life Orb
|
|-weather|SunnyDay|[upkeep]
|-damage|p2b: Ursaluna|20/100 brn|[from] brn
|upkeep
|
|t:|1756970711
|switch|p1a: Tyranitar|Tyranitar, L50, F|100/100
|-weather|Sandstorm|[from] ability: Sand Stream|[of] p1a: Tyranitar
|turn|4
|
|t:|1756970732
|move|p2a: Incineroar|Fake Out|p1a: Tyranitar
|-resisted|p1a: Tyranitar
|-damage|p1a: Tyranitar|95/100
|move|p2b: Ursaluna|Blood Moon|p1b: Garchomp
|-damage|p1b: Garchomp|3/100
|-damage|p2b: Ursaluna|10/100 brn|[from] item: Life Orb
|cant|p1a: Tyranitar|flinch
|move|p1b: Garchomp|Stomping Tantrum|p2a: Incineroar
|-supereffective|p2a: Incineroar
|-damage|p2a: Incineroar|0 fnt
|faint|p2a: Incineroar
|
|-weather|Sandstorm|[upkeep]
|-damage|p2b: Ursaluna|4/100 brn|[from] brn
|upkeep
|inactive|merr123 has 30 seconds left.
|inactive|merr123 has 20 seconds left.
|
|t:|1756970768
|switch|p2a: Amoonguss|Amoonguss, L50, F|100/100
|turn|5
|inactive|merr123 has 30 seconds left.
|inactive|merr123 has 20 seconds left.
|inactive|merr123 has 15 seconds left.
|
|t:|1756970812
|move|p2a: Amoonguss|Pollen Puff|p2b: Ursaluna
|-heal|p2b: Ursaluna|54/100 brn
|move|p2b: Ursaluna|Earth Power|p1a: Tyranitar
|-supereffective|p1a: Tyranitar
|-damage|p1a: Tyranitar|46/100
|-damage|p2b: Ursaluna|44/100 brn|[from] item: Life Orb
|move|p1a: Tyranitar|Rock Slide|p2a: Amoonguss|[spread] p2a,p2b
|-resisted|p2b: Ursaluna
|-damage|p2a: Amoonguss|69/100
|-damage|p2b: Ursaluna|33/100 brn
|move|p1b: Garchomp|Stomping Tantrum|p2a: Amoonguss
|-damage|p2a: Amoonguss|42/100
|-enditem|p2a: Amoonguss|Sitrus Berry|[eat]
|-heal|p2a: Amoonguss|67/100|[from] item: Sitrus Berry
|
|-weather|Sandstorm|[upkeep]
|-damage|p2a: Amoonguss|61/100|[from] Sandstorm
|-damage|p2b: Ursaluna|26/100 brn|[from] brn
|-fieldend|move: Trick Room
|upkeep
|turn|6
|inactive|Mtcoc2 has 30 seconds left.
|inactive|merr123 has 30 seconds left.
|inactive|Mtcoc2 has 20 seconds left.
|inactive|merr123 has 20 seconds left.
|inactive|Mtcoc2 has 15 seconds left.
|inactive|merr123 has 15 seconds left.
|inactive|Mtcoc2 has 10 seconds left.
|inactive|merr123 has 10 seconds left.
|
|t:|1756970859
|move|p2b: Ursaluna|Protect|p2b: Ursaluna
|-singleturn|p2b: Ursaluna|Protect
|move|p1b: Garchomp|Dragon Claw|p2b: Ursaluna
|-activate|p2b: Ursaluna|move: Protect
|move|p1a: Tyranitar|Stomping Tantrum|p2b: Ursaluna
|-activate|p2b: Ursaluna|move: Protect
|move|p2a: Amoonguss|Spore|p1b: Garchomp|[miss]
|-miss|p2a: Amoonguss|p1b: Garchomp
|
|-weather|Sandstorm|[upkeep]
|-damage|p2a: Amoonguss|55/100|[from] Sandstorm
|-damage|p2b: Ursaluna|20/100 brn|[from] brn
|upkeep
|turn|7
|
|t:|1756970880
|switch|p2b: Farigiraf|Farigiraf, L50, F, tera:Dragon|27/100
|move|p2a: Amoonguss|Rage Powder|p2a: Amoonguss
|-singleturn|p2a: Amoonguss|move: Rage Powder
|move|p1b: Garchomp|Dragon Claw|p2a: Amoonguss
|-damage|p2a: Amoonguss|27/100
|move|p1a: Tyranitar|Stomping Tantrum|p2a: Amoonguss
|-damage|p2a: Amoonguss|0 fnt
|faint|p2a: Amoonguss
|
|-weather|Sandstorm|[upkeep]
|-damage|p2b: Farigiraf|21/100|[from] Sandstorm
|upkeep
|
|t:|1756970882
|switch|p2a: Ursaluna|Ursaluna-Bloodmoon, L50, M|20/100 brn
|turn|8
|
|t:|1756970901
|move|p2a: Ursaluna|Protect|p2a: Ursaluna
|-singleturn|p2a: Ursaluna|Protect
|move|p1b: Garchomp|Dragon Claw|p2b: Farigiraf
|-supereffective|p2b: Farigiraf
|-damage|p2b: Farigiraf|0 fnt
|faint|p2b: Farigiraf
|move|p1a: Tyranitar|Stomping Tantrum|p2a: Ursaluna
|-activate|p2a: Ursaluna|move: Protect
|
|-weather|none
|-damage|p2a: Ursaluna|14/100 brn|[from] brn
|upkeep
|turn|9
|-message|merr123 forfeited.
|
|win|Mtcoc2
