|j|☆1OO% Jesus
|j|☆Kap2122
|html|1OO% JesusKap2122    
|uhtml|bestof|Game 3 of a best-of-3
|t:|1783605036
|gametype|doubles
|player|p1|1OO% Jesus|lillie-z|1206
|player|p2|Kap2122|hugh|1230
|gen|9
|tier|[Gen 9 Champions] VGC 2026 Reg M-B (Bo3)
|rated|
|rule|Species Clause: Limit one of each Pokémon
|rule|Item Clause: Limit 1 of each item
|clearpoke
|poke|p1|Delphox, L50, F|
|poke|p1|Sneasler, L50, M|
|poke|p1|Incineroar, L50, M|
|poke|p1|Sinistcha, L50|
|poke|p1|Maushold-Four, L50|
|poke|p1|Blastoise, L50, F|
|poke|p2|Garchomp, L50, M|
|poke|p2|Charizard, L50, F|
|poke|p2|Farigiraf, L50, M|
|poke|p2|Toxapex, L50, M|
|poke|p2|Incineroar, L50, F|
|poke|p2|Whimsicott, L50, F|
|teampreview|4
|showteam|p1|Delphox||Delphoxite|Blaze|HeatWave,Psyshock,NastyPlot,Protect|Timid||F|||50|]Sneasler||FocusSash|PoisonTouch|CloseCombat,PoisonJab,FakeOut,QuickGuard|Jolly||M|||50|]Incineroar||SitrusBerry|Intimidate|FlareBlitz,ThroatChop,FakeOut,PartingShot|Impish||M|||50|]Sinistcha||OccaBerry|Hospitality|MatchaGotcha,RagePowder,LifeDew,Protect|Bold|||||50|]Maushold-Four||ChopleBerry|FriendGuard|FollowMe,Feint,SuperFang,Protect|Impish|||||50|]Blastoise||Blastoisinite|RainDish|WaterSpout,DarkPulse,ShellSmash,Protect|Modest||F|||50|
|showteam|p2|Garchomp||HabanBerry|RoughSkin|DragonClaw,Earthquake,RockSlide,Protect|Jolly||M|||50|]Charizard||CharizarditeY|SolarPower|Overheat,HeatWave,SolarBeam,Protect|Timid||F|||50|]Farigiraf||ColburBerry|ArmorTail|TwinBeam,TrickRoom,Thunderbolt,Roar|Calm||M|||50|]Toxapex||Leftovers|Regenerator|Toxic,Infestation,WideGuard,BanefulBunker|Bold||M|||50|]Incineroar||SitrusBerry|Intimidate|FakeOut,PartingShot,Taunt,FlareBlitz|Impish||F|||50|]Whimsicott||FocusSash|Prankster|Moonblast,Encore,Tailwind,Protect|Timid||F|||50|
|inactive|Battle timer is ON: inactive players will automatically lose when time's up. (requested by Kap2122)
|inactive|1OO% Jesus has 60 seconds left.
|
|t:|1783605074
|teamsize|p1|4
|teamsize|p2|4
|start
|switch|p1a: Delphox|Delphox, L50, F|100/100
|switch|p1b: Incineroar|Incineroar, L50, M|100/100
|switch|p2a: Toxapex|Toxapex, L50, M|100/100
|switch|p2b: Incineroar|Incineroar, L50, F|100/100
|-ability|p1b: Incineroar|Intimidate|boost
|-unboost|p2a: Toxapex|atk|1
|-unboost|p2b: Incineroar|atk|1
|-ability|p2b: Incineroar|Intimidate|boost
|-unboost|p1a: Delphox|atk|1
|-unboost|p1b: Incineroar|atk|1
|turn|1
|inactive|1OO% Jesus has 30 seconds left.
|
|t:|1783605105
|detailschange|p1a: Delphox|Delphox-Mega, L50, F
|-mega|p1a: Delphox|Delphox|Delphoxite
|move|p1b: Incineroar|Fake Out|p2b: Incineroar
|-damage|p2b: Incineroar|94/100
|cant|p2b: Incineroar|flinch
|move|p1a: Delphox|Psyshock|p2a: Toxapex
|-supereffective|p2a: Toxapex|1
|-damage|p2a: Toxapex|42/100
|move|p2a: Toxapex|Infestation|p1a: Delphox
|-damage|p1a: Delphox|96/100
|-activate|p1a: Delphox|move: Infestation|[of] p2a: Toxapex
|
|-heal|p2a: Toxapex|48/100|[from] item: Leftovers
|-damage|p1a: Delphox|84/100|[from] move: Infestation|[partiallytrapped]
|upkeep
|turn|2
|
|t:|1783605127
|move|p2a: Toxapex|Baneful Bunker|p2a: Toxapex
|-singleturn|p2a: Toxapex|move: Protect
|move|p1a: Delphox|Nasty Plot|p1a: Delphox
|-boost|p1a: Delphox|spa|2
|move|p1b: Incineroar|Parting Shot|p2b: Incineroar
|-unboost|p2b: Incineroar|atk|1
|-unboost|p2b: Incineroar|spa|1
|
|t:|1783605135
|switch|p1b: Sinistcha|Sinistcha, L50|100/100|[from] Parting Shot
|-heal|p1a: Delphox|100/100|[from] ability: Hospitality|[of] p1b: Sinistcha
|move|p2b: Incineroar|Taunt|p1a: Delphox
|-start|p1a: Delphox|move: Taunt
|
|-heal|p2a: Toxapex|54/100|[from] item: Leftovers
|-damage|p1a: Delphox|87/100|[from] move: Infestation|[partiallytrapped]
|upkeep
|turn|3
|
|t:|1783605157
|switch|p1b: Incineroar|Incineroar, L50, M|100/100
|-ability|p1b: Incineroar|Intimidate|boost
|-unboost|p2a: Toxapex|atk|1
|-unboost|p2b: Incineroar|atk|1
|-heal|p2a: Toxapex|87/100|[from] ability: Regenerator|[silent]
|switch|p2a: Farigiraf|Farigiraf, L50, M|100/100
|move|p1a: Delphox|Psyshock|p2a: Farigiraf
|-resisted|p2a: Farigiraf|1
|-damage|p2a: Farigiraf|56/100
|move|p2b: Incineroar|Parting Shot|p1a: Delphox
|-unboost|p1a: Delphox|atk|1
|-unboost|p1a: Delphox|spa|1
|
|t:|1783605168
|switch|p2b: Charizard|Charizard, L50, F|100/100|[from] Parting Shot
|
|-end|p1a: Delphox|Infestation|[partiallytrapped]|[silent]
|upkeep
|turn|4
|
|t:|1783605192
|switch|p2a: Incineroar|Incineroar, L50, F|94/100
|-ability|p2a: Incineroar|Intimidate|boost
|-unboost|p1a: Delphox|atk|1
|-unboost|p1b: Incineroar|atk|1
|detailschange|p2b: Charizard|Charizard-Mega-Y, L50, F
|-mega|p2b: Charizard|Charizard|Charizardite Y
|-weather|SunnyDay|[from] ability: Drought|[of] p2b: Charizard
|move|p1a: Delphox|Heat Wave|p2b: Charizard|[spread] p2a
|-miss|p1a: Delphox|p2b: Charizard
|-resisted|p2a: Incineroar|1
|-damage|p2a: Incineroar|56/100
|move|p2b: Charizard|Heat Wave|p1a: Delphox|[spread] p1a,p1b
|-resisted|p1a: Delphox|1
|-resisted|p1b: Incineroar|1
|-damage|p1a: Delphox|58/100
|-damage|p1b: Incineroar|67/100
|move|p1b: Incineroar|Parting Shot|p2a: Incineroar
|-unboost|p2a: Incineroar|atk|1
|-unboost|p2a: Incineroar|spa|1
|
|t:|1783605208
|switch|p1b: Sinistcha|Sinistcha, L50|100/100|[from] Parting Shot
|-heal|p1a: Delphox|83/100|[from] ability: Hospitality|[of] p1b: Sinistcha
|
|-weather|SunnyDay|[upkeep]
|upkeep
|turn|5
|inactive|1OO% Jesus has 30 seconds left.
|inactive|1OO% Jesus has 20 seconds left.
|inactive|1OO% Jesus has 15 seconds left.
|inactive|1OO% Jesus has 10 seconds left.
|inactive|1OO% Jesus has 5 seconds left.
|
|t:|1783605260
|switch|p1b: Incineroar|Incineroar, L50, M|67/100
|-ability|p1b: Incineroar|Intimidate|boost
|-unboost|p2a: Incineroar|atk|1
|-unboost|p2b: Charizard|atk|1
|move|p1a: Delphox|Heat Wave|p2a: Incineroar|[spread] p2a,p2b
|-resisted|p2a: Incineroar|1
|-resisted|p2b: Charizard|1
|-damage|p2a: Incineroar|18/100
|-damage|p2b: Charizard|59/100
|-enditem|p2a: Incineroar|Sitrus Berry|[eat]
|-heal|p2a: Incineroar|43/100|[from] item: Sitrus Berry
|move|p2b: Charizard|Heat Wave|p1b: Incineroar|[spread] p1b
|-miss|p2b: Charizard|p1a: Delphox
|-resisted|p1b: Incineroar|1
|-crit|p1b: Incineroar
|-damage|p1b: Incineroar|21/100
|-enditem|p1b: Incineroar|Sitrus Berry|[eat]
|-heal|p1b: Incineroar|46/100|[from] item: Sitrus Berry
|move|p2a: Incineroar|Parting Shot|p1a: Delphox
|-unboost|p1a: Delphox|atk|1
|-unboost|p1a: Delphox|spa|1
|
|t:|1783605275
|switch|p2a: Farigiraf|Farigiraf, L50, M|56/100|[from] Parting Shot
|
|-weather|SunnyDay|[upkeep]
|-end|p1a: Delphox|move: Taunt
|upkeep
|turn|6
|inactive|1OO% Jesus has 30 seconds left.
|
|t:|1783605300
|move|p1a: Delphox|Heat Wave|p2b: Charizard|[spread] p2a,p2b
|-resisted|p2b: Charizard|1
|-damage|p2a: Farigiraf|14/100
|-damage|p2b: Charizard|32/100
|move|p2b: Charizard|Overheat|p1b: Incineroar
|-resisted|p1b: Incineroar|1
|-damage|p1b: Incineroar|0 fnt
|-unboost|p2b: Charizard|spa|2
|faint|p1b: Incineroar
|move|p2a: Farigiraf|Roar|p2b: Charizard
|drag|p2b: Toxapex|Toxapex, L50, M|87/100
|
|-weather|SunnyDay|[upkeep]
|-heal|p2b: Toxapex|92/100|[from] item: Leftovers
|upkeep
|inactive|1OO% Jesus has 30 seconds left.
|inactive|1OO% Jesus has 20 seconds left.
|inactive|1OO% Jesus has 15 seconds left.
|
|t:|1783605341
|switch|p1b: Maushold|Maushold-Four, L50|100/100
|turn|7
|inactive|1OO% Jesus has 30 seconds left.
|
|t:|1783605376
|move|p1a: Delphox|Heat Wave|p2b: Toxapex|[spread] p2a,p2b
|-resisted|p2b: Toxapex|1
|-damage|p2a: Farigiraf|0 fnt
|-damage|p2b: Toxapex|71/100
|faint|p2a: Farigiraf
|move|p1b: Maushold|Super Fang|p2b: Toxapex
|-damage|p2b: Toxapex|36/100
|move|p2b: Toxapex|Infestation|p1b: Maushold
|-damage|p1b: Maushold|96/100
|-activate|p1b: Maushold|move: Infestation|[of] p2b: Toxapex
|
|-weather|SunnyDay|[upkeep]
|-heal|p2b: Toxapex|42/100|[from] item: Leftovers
|-damage|p1b: Maushold|84/100|[from] move: Infestation|[partiallytrapped]
|upkeep
|
|t:|1783605382
|switch|p2a: Incineroar|Incineroar, L50, F|43/100
|-ability|p2a: Incineroar|Intimidate|boost
|-unboost|p1a: Delphox|atk|1
|-unboost|p1b: Maushold|atk|1
|turn|8
|
|t:|1783605399
|move|p1a: Delphox|Protect|p1a: Delphox
|-singleturn|p1a: Delphox|Protect
|move|p1b: Maushold|Protect|p1b: Maushold
|-singleturn|p1b: Maushold|Protect
|move|p2a: Incineroar|Fake Out|p1a: Delphox
|-activate|p1a: Delphox|move: Protect
|move|p2b: Toxapex|Toxic|p1b: Maushold
|-activate|p1b: Maushold|move: Protect
|
|-weather|none
|-heal|p2b: Toxapex|47/100|[from] item: Leftovers
|-damage|p1b: Maushold|72/100|[from] move: Infestation|[partiallytrapped]
|upkeep
|turn|9
|
|t:|1783605410
|move|p1b: Maushold|Follow Me|p1b: Maushold
|-singleturn|p1b: Maushold|move: Follow Me
|move|p1a: Delphox|Nasty Plot|p1a: Delphox
|-boost|p1a: Delphox|spa|2
|move|p2a: Incineroar|Flare Blitz|p1b: Maushold
|-damage|p1b: Maushold|29/100
|-damage|p2a: Incineroar|30/100|[from] Recoil
|move|p2b: Toxapex|Toxic|p1b: Maushold
|-status|p1b: Maushold|tox
|
|-heal|p2b: Toxapex|53/100|[from] item: Leftovers
|-damage|p1b: Maushold|23/100 tox|[from] psn
|-damage|p1b: Maushold|11/100 tox|[from] move: Infestation|[partiallytrapped]
|upkeep
|turn|10
|
|t:|1783605426
|move|p2b: Toxapex|Baneful Bunker|p2b: Toxapex
|-singleturn|p2b: Toxapex|move: Protect
|move|p1b: Maushold|Feint|p2b: Toxapex
|-activate|p2b: Toxapex|move: Feint
|-damage|p2b: Toxapex|49/100
|move|p1a: Delphox|Heat Wave|p2a: Incineroar|[spread] p2a,p2b
|-resisted|p2a: Incineroar|1
|-crit|p2a: Incineroar
|-resisted|p2b: Toxapex|1
|-damage|p2a: Incineroar|0 fnt
|-damage|p2b: Toxapex|20/100y
|faint|p2a: Incineroar
|
|-heal|p2b: Toxapex|26/100|[from] item: Leftovers
|-damage|p1b: Maushold|0 fnt|[from] psn
|faint|p1b: Maushold
|upkeep
|-message|Kap2122 forfeited.
|
|win|1OO% Jesus
|raw|1OO% Jesus's rating: 1206 → 1233(+27 for winning)
|raw|Kap2122's rating: 1230 → 1203(-27 for losing)
|l|☆Kap2122
|player|p2|
