|j|☆Zady11
|j|☆JLitty
|html|Zady11JLitty    
|uhtml|bestof|Game 1 of a best-of-3
|t:|1756307727
|gametype|doubles
|player|p1|Zady11|guitarist|1202
|player|p2|JLitty|101|1104
|gen|9
|tier|[Gen 9] VGC 2025 Reg H (Bo3)
|rated|
|rule|Species Clause: Limit one of each Pokémon
|rule|Item Clause: Limit 1 of each item
|clearpoke
|poke|p1|Whimsicott, L50, M|
|poke|p1|Typhlosion-Hisui, L50, F|
|poke|p1|Basculegion, L50, M|
|poke|p1|Ursaluna-Bloodmoon, L50, M|
|poke|p1|Farigiraf, L50, M|
|poke|p1|Maushold-Four, L50|
|poke|p2|Sneasler, L50, F|
|poke|p2|Indeedee, L50, M|
|poke|p2|Talonflame, L50, F|
|poke|p2|Annihilape, L50, F|
|poke|p2|Ursaluna-Bloodmoon, L50, M|
|poke|p2|Tyranitar, L50, F|
|teampreview|4
|showteam|p1|Whimsicott||CovertCloak|Prankster|Moonblast,SunnyDay,Encore,Tailwind|||M|||50|,,,,,Water]Typhlosion-Hisui||ChoiceSpecs|Blaze|Eruption,HeatWave,ShadowBall,Overheat|||F|||50|,,,,,Fire]Basculegion||ChoiceScarf|Adaptability|WaveCrash,LastRespects,AquaJet,FlipTurn|||M|||50|,,,,,Water]Ursaluna-Bloodmoon||LifeOrb|MindsEye|BloodMoon,HyperVoice,EarthPower,Protect|||M|||50|,,,,,Normal]Farigiraf||ThroatSpray|ArmorTail|HyperVoice,HelpingHand,Psychic,TrickRoom|||M|||50|,,,,,Fire]Maushold-Four||WideLens|Technician|PopulationBomb,Taunt,FollowMe,Protect||||||50|,,,,,Ghost
|showteam|p2|Sneasler||PsychicSeed|Unburden|CloseCombat,DireClaw,ThroatChop,Protect|||F|||50|,,,,,Dark]Indeedee||ChoiceScarf|PsychicSurge|ExpandingForce,Psychic,HyperVoice,TeraBlast|||M|||50|,,,,,Psychic]Talonflame||SharpBeak|GaleWings|Tailwind,WillOWisp,BraveBird,Protect|||F|||50|,,,,,Fairy]Annihilape||SafetyGoggles|Defiant|CloseCombat,RageFist,Taunt,FinalGambit|||F|||50|,,,,,Fairy]Ursaluna-Bloodmoon||LifeOrb|MindsEye|BloodMoon,HyperVoice,EarthPower,Protect|||M|||50|,,,,,Normal]Tyranitar||AssaultVest|SandStream|RockSlide,KnockOff,TeraBlast,LowKick|||F|||50|,,,,,Flying
|inactive|Battle timer is ON: inactive players will automatically lose when time's up. (requested by JLitty)
|inactive|Zady11 also wants the timer to be on.
|
|t:|1756307762
|teamsize|p1|4
|teamsize|p2|4
|start
|switch|p1a: Sr Rubio|Whimsicott, L50, M|100/100
|switch|p1b: Sr Azul|Basculegion, L50, M|100/100
|switch|p2a: Talonflame|Talonflame, L50, F, shiny|100/100
|switch|p2b: Indeedee|Indeedee, L50, M|100/100
|-fieldstart|move: Psychic Terrain|[from] ability: Psychic Surge|[of] p2b: Indeedee
|turn|1
|
|t:|1756307780
|-terastallize|p2a: Talonflame|Fairy
|move|p2a: Talonflame|Tailwind|p2a: Talonflame
|-sidestart|p2: JLitty|move: Tailwind
|move|p1a: Sr Rubio|Tailwind|p1a: Sr Rubio
|-sidestart|p1: Zady11|move: Tailwind
|move|p2b: Indeedee|Expanding Force|p1b: Sr Azul|[spread] p1a,p1b
|-damage|p1a: Sr Rubio|44/100
|-damage|p1b: Sr Azul|31/100
|move|p1b: Sr Azul|Wave Crash|p2b: Indeedee
|-damage|p2b: Indeedee|0 fnt
|faint|p2b: Indeedee
|-damage|p1b: Sr Azul|8/100|[from] Recoil
|
|upkeep
|
|t:|1756307792
|switch|p2b: Sneasler|Sneasler, L50, F|100/100
|-enditem|p2b: Sneasler|Psychic Seed
|-boost|p2b: Sneasler|spd|1|[from] item: Psychic Seed
|turn|2
|inactive|Zady11 has 30 seconds left.
|
|t:|1756307824
|switch|p1b: Sr Marrón|Ursaluna-Bloodmoon, L50, M|100/100
|-terastallize|p1a: Sr Rubio|Water
|move|p2b: Sneasler|Dire Claw|p1b: Sr Marrón
|-resisted|p1b: Sr Marrón
|-damage|p1b: Sr Marrón|81/100
|-status|p1b: Sr Marrón|psn
|move|p2a: Talonflame|Will-O-Wisp||[still]
|-fail|p2a: Talonflame
|move|p1a: Sr Rubio|Moonblast|p2b: Sneasler
|-damage|p2b: Sneasler|77/100
|
|-damage|p1b: Sr Marrón|69/100 psn|[from] psn
|upkeep
|turn|3
|
|t:|1756307844
|move|p2a: Talonflame|Protect|p2a: Talonflame
|-singleturn|p2a: Talonflame|Protect
|move|p1b: Sr Marrón|Protect|p1b: Sr Marrón
|-singleturn|p1b: Sr Marrón|Protect
|move|p2b: Sneasler|Close Combat|p1b: Sr Marrón
|-activate|p1b: Sr Marrón|move: Protect
|move|p1a: Sr Rubio|Moonblast|p2b: Sneasler
|-damage|p2b: Sneasler|50/100
|-unboost|p2b: Sneasler|spa|1
|
|-damage|p1b: Sr Marrón|57/100 psn|[from] psn
|upkeep
|turn|4
|
|t:|1756307862
|switch|p1b: Sr Azul|Basculegion, L50, M|8/100
|move|p2b: Sneasler|Close Combat|p1b: Sr Azul
|-immune|p1b: Sr Azul
|move|p2a: Talonflame|Will-O-Wisp|p1a: Sr Rubio
|-status|p1a: Sr Rubio|brn
|move|p1a: Sr Rubio|Moonblast|p2a: Talonflame
|-damage|p2a: Talonflame|57/100
|-unboost|p2a: Talonflame|spa|1
|
|-damage|p1a: Sr Rubio|38/100 brn|[from] brn
|-sideend|p1: Zady11|move: Tailwind
|-sideend|p2: JLitty|move: Tailwind
|upkeep
|turn|5
|inactive|Zady11 has 30 seconds left.
|
|t:|1756307894
|move|p1a: Sr Rubio|Tailwind|p1a: Sr Rubio
|-sidestart|p1: Zady11|move: Tailwind
|move|p1b: Sr Azul|Flip Turn|p2a: Talonflame
|-damage|p2a: Talonflame|0 fnt
|faint|p2a: Talonflame
|
|t:|1756307900
|switch|p1b: Sr Marrón|Ursaluna-Bloodmoon, L50, M|57/100 psn|[from] Flip Turn
|move|p2b: Sneasler|Dire Claw|p1b: Sr Marrón
|-resisted|p1b: Sr Marrón
|-damage|p1b: Sr Marrón|39/100 psn
|
|-damage|p1b: Sr Marrón|27/100 psn|[from] psn
|-damage|p1a: Sr Rubio|32/100 brn|[from] brn
|-fieldend|move: Psychic Terrain
|upkeep
|
|t:|1756307909
|switch|p2a: Annihilape|Annihilape, L50, F|100/100
|turn|6
|
|t:|1756307923
|move|p1b: Sr Marrón|Protect|p1b: Sr Marrón
|-singleturn|p1b: Sr Marrón|Protect
|move|p2b: Sneasler|Throat Chop|p1b: Sr Marrón
|-activate|p1b: Sr Marrón|move: Protect
|move|p1a: Sr Rubio|Moonblast|p2b: Sneasler
|-damage|p2b: Sneasler|26/100
|move|p2a: Annihilape|Close Combat|p1b: Sr Marrón
|-activate|p1b: Sr Marrón|move: Protect
|
|-damage|p1b: Sr Marrón|15/100 psn|[from] psn
|-damage|p1a: Sr Rubio|26/100 brn|[from] brn
|upkeep
|turn|7
|inactive|Zady11 has 30 seconds left.
|
|t:|1756307950
|move|p2b: Sneasler|Throat Chop|p1b: Sr Marrón
|-damage|p1b: Sr Marrón|0 fnt
|faint|p1b: Sr Marrón
|move|p1a: Sr Rubio|Moonblast|p2b: Sneasler
|-crit|p2b: Sneasler
|-damage|p2b: Sneasler|0 fnt
|faint|p2b: Sneasler
|move|p2a: Annihilape|Close Combat|p1a: Sr Rubio
|-damage|p1a: Sr Rubio|0 fnt
|-unboost|p2a: Annihilape|def|1
|-unboost|p2a: Annihilape|spd|1
|faint|p1a: Sr Rubio
|
|upkeep
|
|t:|1756307962
|switch|p1a: Sr Rosa|Typhlosion-Hisui, L50, F|100/100
|switch|p1b: Sr Azul|Basculegion, L50, M|8/100
|turn|8
|inactive|JLitty has 30 seconds left.
|-message|JLitty forfeited.
|
|win|Zady11
|l|☆JLitty
|player|p2|
||JLitty is ready for game 2.
|inactive|Zady11 has 30 seconds to confirm battle start!
||Zady11 is ready for game 2.
|uhtml|next|Next: Game 2 of 3
