|j|☆erichoerry
|j|☆LeonardPlayz
|html|erichoerryLeonardPlayz    
|uhtml|bestof|Game 1 of a best-of-3
|t:|1757906457
|gametype|doubles
|player|p1|erichoerry|2|1087
|player|p2|LeonardPlayz|hilbert-wonderlauncher|1149
|gen|9
|tier|[Gen 9] VGC 2025 Reg H (Bo3)
|rated|
|rule|Species Clause: Limit one of each Pokémon
|rule|Item Clause: Limit 1 of each item
|clearpoke
|poke|p1|Milotic, L50, F|
|poke|p1|Incineroar, L50, F|
|poke|p1|Sinistcha, L50|
|poke|p1|Ninetales-Alola, L50, M|
|poke|p1|Gholdengo, L50|
|poke|p1|Archaludon, L50, F|
|poke|p2|Indeedee-F, L50, F|
|poke|p2|Slowking, L50, M|
|poke|p2|Amoonguss, L50, F|
|poke|p2|Ursaluna, L50, F|
|poke|p2|Torkoal, L50, M|
|poke|p2|Sneasler, L50, M|
|teampreview|4
|showteam|p1|Milotic||FlameOrb|MarvelScale|Scald,Recover,Haze,Protect|||F|||50|,,,,,Poison]Incineroar||AssaultVest|Intimidate|FlareBlitz,KnockOff,Uturn,FakeOut|||F|||50|,,,,,Ghost]Sinistcha||SitrusBerry|Hospitality|MatchaGotcha,RagePowder,TrickRoom,LifeDew||||||50|,,,,,Water]Ninetales-Alola||CovertCloak|SnowWarning|WeatherBall,IcyWind,Moonblast,AuroraVeil|||M|||50|,,,,,Fire]Gholdengo||MetalCoat|GoodasGold|MakeItRain,ShadowBall,NastyPlot,Protect||||||50|,,,,,Flying]Archaludon||PowerHerb|Stalwart|ElectroShot,DragonPulse,Snarl,Protect|||F|||50|,,,,,Grass
|showteam|p2|Indeedee-F||MentalHerb|PsychicSurge|FollowMe,Psychic,HelpingHand,TrickRoom|||F|||50|,,,,,Grass]Slowking||CovertCloak|Oblivious|ExpandingForce,Scald,Flamethrower,TrickRoom|||M|||50|,,,,,Ghost]Amoonguss||SitrusBerry|Regenerator|Spore,RagePowder,ClearSmog,Protect|||F|||50|,,,,,Water]Ursaluna||FlameOrb|Guts|Facade,HeadlongRush,Protect,SwordsDance|||F|||50|,,,,,Ghost]Torkoal||Charcoal|Drought|Eruption,Flamethrower,EarthPower,Protect|||M|||50|,,,,,Fire]Sneasler||PsychicSeed|Unburden|DireClaw,CloseCombat,Taunt,ThroatChop|||M|||50|,,,,,Dark
|inactive|Battle timer is ON: inactive players will automatically lose when time's up. (requested by erichoerry)
|inactive|LeonardPlayz also wants the timer to be on.
|inactive|erichoerry has 60 seconds left.
|
|t:|1757906491
|teamsize|p1|4
|teamsize|p2|4
|start
|switch|p1a: Ninetales|Ninetales-Alola, L50, M|100/100
|switch|p1b: Milotic|Milotic, L50, F|100/100
|switch|p2a: Off Course|Indeedee-F, L50, F|100/100
|switch|p2b: Charles|Slowking, L50, M|100/100
|-weather|Snowscape|[from] ability: Snow Warning|[of] p1a: Ninetales
|-fieldstart|move: Psychic Terrain|[from] ability: Psychic Surge|[of] p2a: Off Course
|turn|1
|
|t:|1757906504
|move|p2a: Off Course|Follow Me|p2a: Off Course
|-singleturn|p2a: Off Course|move: Follow Me
|move|p1a: Ninetales|Aurora Veil|p1a: Ninetales
|-sidestart|p1: erichoerry|move: Aurora Veil
|move|p1b: Milotic|Scald|p2a: Off Course
|-damage|p2a: Off Course|76/100
|-status|p2a: Off Course|brn
|move|p2b: Charles|Trick Room|p2b: Charles
|-fieldstart|move: Trick Room|[of] p2b: Charles
|
|-weather|Snowscape|[upkeep]
|-damage|p2a: Off Course|70/100 brn|[from] brn
|-status|p1b: Milotic|brn|[from] item: Flame Orb
|upkeep
|turn|2
|
|t:|1757906519
|move|p2a: Off Course|Helping Hand|p2b: Charles
|-singleturn|p2b: Charles|Helping Hand|[of] p2a: Off Course
|move|p1b: Milotic|Protect|p1b: Milotic
|-singleturn|p1b: Milotic|Protect
|move|p2b: Charles|Expanding Force|p1b: Milotic|[spread] p1a
|-activate|p1b: Milotic|move: Protect
|-damage|p1a: Ninetales|42/100
|move|p1a: Ninetales|Moonblast|p2b: Charles
|-damage|p2b: Charles|72/100
|
|-weather|Snowscape|[upkeep]
|-damage|p2a: Off Course|64/100 brn|[from] brn
|-damage|p1b: Milotic|95/100 brn|[from] brn
|upkeep
|turn|3
|
|t:|1757906537
|switch|p1a: Incineroar|Incineroar, L50, F|100/100
|-ability|p1a: Incineroar|Intimidate|boost
|-unboost|p2a: Off Course|atk|1
|-fail|p2b: Charles|unboost|Attack|[from] ability: Oblivious|[of] p2b: Charles
|move|p2a: Off Course|Helping Hand|p2b: Charles
|-singleturn|p2b: Charles|Helping Hand|[of] p2a: Off Course
|move|p2b: Charles|Expanding Force|p1a: Incineroar|[spread] p1b
|-immune|p1a: Incineroar
|-damage|p1b: Milotic|49/100 brn
|move|p1b: Milotic|Scald|p2b: Charles
|-resisted|p2b: Charles
|-damage|p2b: Charles|57/100
|
|-weather|Snowscape|[upkeep]
|-damage|p2a: Off Course|58/100 brn|[from] brn
|-damage|p1b: Milotic|43/100 brn|[from] brn
|upkeep
|turn|4
|inactive|erichoerry has 30 seconds left.
|inactive|LeonardPlayz has 30 seconds left.
|
|t:|1757906564
|move|p2a: Off Course|Follow Me|p2a: Off Course
|-singleturn|p2a: Off Course|move: Follow Me
|move|p2b: Charles|Scald|p1a: Incineroar
|-supereffective|p1a: Incineroar
|-damage|p1a: Incineroar|68/100
|move|p1a: Incineroar|Knock Off|p2a: Off Course
|-supereffective|p2a: Off Course
|-damage|p2a: Off Course|0 fnt
|-enditem|p2a: Off Course|Mental Herb|[from] move: Knock Off|[of] p1a: Incineroar
|faint|p2a: Off Course
|move|p1b: Milotic|Recover|p1b: Milotic
|-heal|p1b: Milotic|93/100 brn
|
|-weather|Snowscape|[upkeep]
|-damage|p1b: Milotic|87/100 brn|[from] brn
|upkeep
|
|t:|1757906584
|switch|p2a: Amanita|Amoonguss, L50, F|100/100
|turn|5
|
|t:|1757906607
|switch|p1b: Sinistcha|Sinistcha, L50|100/100
|-heal|p1a: Incineroar|92/100|[from] ability: Hospitality|[of] p1b: Sinistcha
|move|p2b: Charles|Expanding Force|p1b: Sinistcha|[spread] p1b
|-immune|p1a: Incineroar
|-damage|p1b: Sinistcha|57/100
|move|p2a: Amanita|Spore|p1a: Incineroar
|-status|p1a: Incineroar|slp|[from] move: Spore
|cant|p1a: Incineroar|slp
|
|-weather|none
|-sideend|p1: erichoerry|move: Aurora Veil
|-fieldend|move: Trick Room
|-fieldend|move: Psychic Terrain
|upkeep
|turn|6
|inactive|LeonardPlayz has 30 seconds left.
|
|t:|1757906636
|-terastallize|p2b: Charles|Ghost
|move|p2a: Amanita|Rage Powder|p2a: Amanita
|-singleturn|p2a: Amanita|move: Rage Powder
|cant|p1a: Incineroar|slp
|move|p1b: Sinistcha|Life Dew|p1b: Sinistcha|[spread] p1a,p1b
|-heal|p1a: Incineroar|100/100 slp
|-heal|p1b: Sinistcha|82/100
|move|p2b: Charles|Trick Room|p2b: Charles
|-fieldstart|move: Trick Room|[of] p2b: Charles
|
|upkeep
|turn|7
|
|t:|1757906648
|move|p2a: Amanita|Rage Powder|p2a: Amanita
|-singleturn|p2a: Amanita|move: Rage Powder
|move|p2b: Charles|Scald|p1a: Incineroar
|-supereffective|p1a: Incineroar
|-damage|p1a: Incineroar|51/100 slp
|move|p1b: Sinistcha|Matcha Gotcha|p2a: Amanita|[spread] p2a,p2b
|-resisted|p2a: Amanita
|-damage|p2a: Amanita|95/100
|-heal|p1b: Sinistcha|85/100|[from] drain|[of] p2a: Amanita
|-damage|p2b: Charles|36/100
|-heal|p1b: Sinistcha|98/100|[from] drain|[of] p2b: Charles
|cant|p1a: Incineroar|slp
|
|upkeep
|turn|8
|
|t:|1757906664
|switch|p1a: Milotic|Milotic, L50, F|87/100 brn
|move|p2a: Amanita|Rage Powder|p2a: Amanita
|-singleturn|p2a: Amanita|move: Rage Powder
|move|p2b: Charles|Scald|p1a: Milotic
|-resisted|p1a: Milotic
|-damage|p1a: Milotic|73/100 brn
|move|p1b: Sinistcha|Matcha Gotcha|p2b: Charles|[spread] p2a,p2b
|-resisted|p2a: Amanita
|-damage|p2a: Amanita|90/100
|-heal|p1b: Sinistcha|100/100|[from] drain|[of] p2a: Amanita
|-damage|p2b: Charles|14/100
|
|-damage|p1a: Milotic|67/100 brn|[from] brn
|upkeep
|turn|9
|
|t:|1757906683
|switch|p2a: Smoker|Torkoal, L50, M|100/100
|-weather|SunnyDay|[from] ability: Drought|[of] p2a: Smoker
|move|p1b: Sinistcha|Rage Powder|p1b: Sinistcha
|-singleturn|p1b: Sinistcha|move: Rage Powder
|move|p2b: Charles|Flamethrower|p1b: Sinistcha
|-supereffective|p1b: Sinistcha
|-damage|p1b: Sinistcha|2/100
|-enditem|p1b: Sinistcha|Sitrus Berry|[eat]
|-heal|p1b: Sinistcha|27/100|[from] item: Sitrus Berry
|move|p1a: Milotic|Scald|p2b: Charles
|-damage|p2b: Charles|2/100
|
|-weather|SunnyDay|[upkeep]
|-damage|p1a: Milotic|61/100 brn|[from] brn
|upkeep
|turn|10
|
|t:|1757906708
|switch|p2b: Amanita|Amoonguss, L50, F|100/100
|switch|p1b: Ninetales|Ninetales-Alola, L50, M|42/100
|-weather|Snowscape|[from] ability: Snow Warning|[of] p1b: Ninetales
|move|p2a: Smoker|Eruption|p1a: Milotic|[spread] p1a,p1b
|-resisted|p1a: Milotic
|-supereffective|p1b: Ninetales
|-damage|p1a: Milotic|40/100 brn
|-damage|p1b: Ninetales|0 fnt
|faint|p1b: Ninetales
|move|p1a: Milotic|Scald|p2a: Smoker
|-supereffective|p2a: Smoker
|-damage|p2a: Smoker|6/100
|
|-weather|Snowscape|[upkeep]
|-damage|p1a: Milotic|35/100 brn|[from] brn
|-fieldend|move: Trick Room
|upkeep
|
|t:|1757906717
|switch|p1b: Incineroar|Incineroar, L50, F|51/100 slp
|-ability|p1b: Incineroar|Intimidate|boost
|-unboost|p2a: Smoker|atk|1
|-unboost|p2b: Amanita|atk|1
|turn|11
|
|t:|1757906725
|move|p2b: Amanita|Rage Powder|p2b: Amanita
|-singleturn|p2b: Amanita|move: Rage Powder
|move|p1a: Milotic|Recover|p1a: Milotic
|-heal|p1a: Milotic|85/100 brn
|-curestatus|p1b: Incineroar|slp|[msg]
|move|p1b: Incineroar|Flare Blitz|p2b: Amanita
|-supereffective|p2b: Amanita
|-damage|p2b: Amanita|9/100
|-status|p2b: Amanita|brn
|-enditem|p2b: Amanita|Sitrus Berry|[eat]
|-heal|p2b: Amanita|34/100 brn|[from] item: Sitrus Berry
|-damage|p1b: Incineroar|17/100|[from] Recoil
|move|p2a: Smoker|Earth Power|p1b: Incineroar
|-supereffective|p1b: Incineroar
|-damage|p1b: Incineroar|0 fnt
|faint|p1b: Incineroar
|
|-weather|Snowscape|[upkeep]
|-damage|p1a: Milotic|79/100 brn|[from] brn
|-damage|p2b: Amanita|28/100 brn|[from] brn
|upkeep
|
|t:|1757906732
|switch|p1b: Sinistcha|Sinistcha, L50|27/100
|-heal|p1a: Milotic|100/100 brn|[from] ability: Hospitality|[of] p1b: Sinistcha
|turn|12
|
|t:|1757906746
|-terastallize|p1b: Sinistcha|Water
|move|p2b: Amanita|Protect|p2b: Amanita
|-singleturn|p2b: Amanita|Protect
|move|p1a: Milotic|Scald|p2b: Amanita
|-activate|p2b: Amanita|move: Protect
|move|p1b: Sinistcha|Matcha Gotcha|p2b: Amanita|[spread] p2a
|-activate|p2b: Amanita|move: Protect
|-resisted|p2a: Smoker
|-damage|p2a: Smoker|0 fnt
|-heal|p1b: Sinistcha|29/100|[from] drain|[of] p2a: Smoker
|faint|p2a: Smoker
|
|-weather|Snowscape|[upkeep]
|-damage|p1a: Milotic|95/100 brn|[from] brn
|-damage|p2b: Amanita|22/100 brn|[from] brn
|upkeep
|
|t:|1757906754
|switch|p2a: Charles|Slowking, L50, M, tera:Ghost|2/100
|turn|13
|
|t:|1757906762
|move|p2b: Amanita|Rage Powder|p2b: Amanita
|-singleturn|p2b: Amanita|move: Rage Powder
|move|p1a: Milotic|Scald|p2b: Amanita
|-resisted|p2b: Amanita
|-damage|p2b: Amanita|8/100 brn
|move|p1b: Sinistcha|Matcha Gotcha|p2a: Charles|[spread] p2a,p2b
|-resisted|p2b: Amanita
|-damage|p2a: Charles|0 fnt
|-heal|p1b: Sinistcha|31/100|[from] drain|[of] p2a: Charles
|-damage|p2b: Amanita|2/100 brn
|-heal|p1b: Sinistcha|34/100|[from] drain|[of] p2b: Amanita
|faint|p2a: Charles
|
|-weather|Snowscape|[upkeep]
|-damage|p1a: Milotic|89/100 brn|[from] brn
|-damage|p2b: Amanita|0 fnt|[from] brn
|faint|p2b: Amanita
|
|win|erichoerry
||erichoerry is ready for game 2.
|inactive|LeonardPlayz has 30 seconds to confirm battle start!
||LeonardPlayz is ready for game 2.
|uhtml|next|Next: Game 2 of 3
