|j|☆helio list
|j|☆Ferran Tiburon
|html|helio listFerran Tiburon    
|uhtml|bestof|Game 1 of a best-of-3
|t:|1784828016
|gametype|doubles
|player|p1|helio list|1|1388
|player|p2|Ferran Tiburon|265|1374
|gen|9
|tier|[Gen 9 Champions] VGC 2026 Reg M-B (Bo3)
|rated|
|rule|Species Clause: Limit one of each Pokémon
|rule|Item Clause: Limit 1 of each item
|clearpoke
|poke|p1|Garchomp, L50, M|
|poke|p1|Talonflame, L50, F|
|poke|p1|Floette-Eternal, L50, F|
|poke|p1|Basculegion, L50, M|
|poke|p1|Vivillon-Pokeball, L50, M|
|poke|p1|Kingambit, L50, M|
|poke|p2|Hydreigon, L50, F|
|poke|p2|Charizard, L50, M|
|poke|p2|Toxapex, L50, M|
|poke|p2|Incineroar, L50, F|
|poke|p2|Venusaur, L50, F|
|poke|p2|Garchomp, L50, F|
|teampreview|4
|showteam|p1|Garchomp||LifeOrb|RoughSkin|Earthquake,RockSlide,DragonClaw,Protect|Jolly||M|||50|]Talonflame||SharpBeak|GaleWings|DualWingbeat,FlareBlitz,Tailwind,Protect|Jolly||F|||50|]Floette-Eternal||Floettite|FlowerVeil|CalmMind,Protect,LightofRuin,DazzlingGleam|Modest||F|||50|]Basculegion||FocusSash|Adaptability|Liquidation,LastRespects,AquaJet,Protect|Adamant||M|||50|]Vivillon-Pokeball||ChoiceScarf|CompoundEyes|SleepPowder,Tailwind,RagePowder,Hurricane|Timid||M|||50|]Kingambit||OccaBerry|Defiant|SuckerPunch,KowtowCleave,IronHead,Protect|Adamant||M|||50|
|showteam|p2|Hydreigon||ChoiceScarf|Levitate|DracoMeteor,Snarl,EarthPower,DarkPulse|Modest||F|||50|]Charizard||CharizarditeY|Blaze|HeatWave,WeatherBall,SolarBeam,Protect|Modest||M|||50|]Toxapex||Leftovers|Regenerator|Toxic,Infestation,WideGuard,BanefulBunker|Bold||M|||50|]Incineroar||SitrusBerry|Intimidate|FakeOut,DarkestLariat,PartingShot,FlareBlitz|Impish||F|||50|]Venusaur||FocusSash|Chlorophyll|LeafStorm,SleepPowder,SludgeBomb,Protect|Modest||F|||50|]Garchomp||LifeOrb|RoughSkin|Protect,DragonClaw,Earthquake,RockSlide|Jolly||F|||50|
|inactive|Battle timer is ON: inactive players will automatically lose when time's up. (requested by helio list)
|inactive|Ferran Tiburon also wants the timer to be on.
|inactive|helio list has 60 seconds left.
|inactive|Ferran Tiburon has 60 seconds left.
|inactive|Ferran Tiburon has 30 seconds left.
|
|t:|1784828082
|teamsize|p1|4
|teamsize|p2|4
|start
|switch|p1a: Talonflame|Talonflame, L50, F|100/100
|switch|p1b: Floette|Floette-Eternal, L50, F|100/100
|switch|p2a: Charizard|Charizard, L50, M|100/100
|switch|p2b: Venusaur|Venusaur, L50, F|100/100
|turn|1
|
|t:|1784828099
|detailschange|p1b: Floette|Floette-Mega, L50, F
|-mega|p1b: Floette|Floette|Floettite
|-ability|p1b: Floette|Fairy Aura
|detailschange|p2a: Charizard|Charizard-Mega-Y, L50, M
|-mega|p2a: Charizard|Charizard|Charizardite Y
|-weather|SunnyDay|[from] ability: Drought|[of] p2a: Charizard
|move|p1a: Talonflame|Dual Wingbeat|p2b: Venusaur
|-supereffective|p2b: Venusaur|1
|-damage|p2b: Venusaur|46/100
|-supereffective|p2b: Venusaur|1
|-damage|p2b: Venusaur|0 fnt
|faint|p2b: Venusaur
|-hitcount|p2: Venusaur|2
|move|p1b: Floette|Calm Mind|p1b: Floette
|-boost|p1b: Floette|spa|1
|-boost|p1b: Floette|spd|1
|move|p2a: Charizard|Heat Wave|p1b: Floette|[spread] p1a,p1b
|-resisted|p1a: Talonflame|1
|-damage|p1a: Talonflame|50/100g
|-damage|p1b: Floette|67/100
|
|-weather|SunnyDay|[upkeep]
|upkeep
|
|t:|1784828116
|switch|p2b: Toxapex|Toxapex, L50, M|100/100
|turn|2
|inactive|Ferran Tiburon has 30 seconds left.
|inactive|Ferran Tiburon has 20 seconds left.
|
|t:|1784828154
|move|p1a: Talonflame|Dual Wingbeat|p2a: Charizard
|-damage|p2a: Charizard|82/100
|-damage|p2a: Charizard|65/100
|-hitcount|p2a: Charizard|2
|move|p1b: Floette|Light of Ruin|p2a: Charizard
|-resisted|p2a: Charizard|1
|-damage|p2a: Charizard|0 fnt
|faint|p2a: Charizard
|-damage|p1b: Floette|29/100|[from] Recoil
|move|p2b: Toxapex|Toxic|p1b: Floette
|-status|p1b: Floette|tox
|
|-weather|SunnyDay|[upkeep]
|-damage|p1b: Floette|23/100 tox|[from] psn
|upkeep
|
|t:|1784828172
|switch|p2a: Hydreigon|Hydreigon, L50, F|100/100
|turn|3
|inactive|helio list has 30 seconds left.
|
|t:|1784828203
|move|p2a: Hydreigon|Earth Power|p1b: Floette
|-damage|p1b: Floette|3/100 tox
|-unboost|p1b: Floette|spd|1
|move|p1a: Talonflame|Tailwind|p1a: Talonflame
|-sidestart|p1: helio list|move: Tailwind
|move|p1b: Floette|Light of Ruin|p2a: Hydreigon|[miss]
|-miss|p1b: Floette|p2a: Hydreigon
|move|p2b: Toxapex|Toxic|p1a: Talonflame
|-status|p1a: Talonflame|tox
|
|-weather|SunnyDay|[upkeep]
|-damage|p1a: Talonflame|45/100 tox|[from] psn
|-damage|p1b: Floette|0 fnt|[from] psn
|faint|p1b: Floette
|upkeep
|
|t:|1784828226
|switch|p1b: Garchomp|Garchomp, L50, M|100/100
|turn|4
|
|t:|1784828233
|move|p1a: Talonflame|Dual Wingbeat|p2b: Toxapex
|-crit|p2b: Toxapex
|-damage|p2b: Toxapex|82/100
|-damage|p2b: Toxapex|70/100
|-hitcount|p2b: Toxapex|2
|move|p1b: Garchomp|Dragon Claw|p2a: Hydreigon
|-supereffective|p2a: Hydreigon|1
|-damage|p2a: Hydreigon|0 fnt
|faint|p2a: Hydreigon
|-damage|p1b: Garchomp|90/100|[from] item: Life Orb
|move|p2b: Toxapex|Toxic|p1b: Garchomp
|-status|p1b: Garchomp|tox
|
|-weather|SunnyDay|[upkeep]
|-heal|p2b: Toxapex|76/100|[from] item: Leftovers
|-damage|p1a: Talonflame|33/100 tox|[from] psn
|-damage|p1b: Garchomp|84/100 tox|[from] psn
|upkeep
|turn|5
|
|t:|1784828244
|move|p2b: Toxapex|Baneful Bunker|p2b: Toxapex
|-singleturn|p2b: Toxapex|move: Protect
|move|p1a: Talonflame|Dual Wingbeat|p2b: Toxapex
|-activate|p2b: Toxapex|move: Protect
|move|p1b: Garchomp|Earthquake|p2b: Toxapex|[spread] 
|-activate|p2b: Toxapex|move: Protect
|-immune|p1a: Talonflame
|
|-weather|none
|-heal|p2b: Toxapex|82/100|[from] item: Leftovers
|-damage|p1a: Talonflame|15/100 tox|[from] psn
|-damage|p1b: Garchomp|72/100 tox|[from] psn
|upkeep
|turn|6
|
|t:|1784828267
|move|p2b: Toxapex|Wide Guard|p2b: Toxapex
|-singleturn|p2b: Toxapex|Wide Guard
|move|p1a: Talonflame|Dual Wingbeat|p2b: Toxapex
|-damage|p2b: Toxapex|68/100
|-damage|p2b: Toxapex|56/100
|-hitcount|p2b: Toxapex|2
|move|p1b: Garchomp|Earthquake|p2b: Toxapex|[spread] 
|-activate|p2b: Toxapex|move: Wide Guard
|-immune|p1a: Talonflame
|
|-heal|p2b: Toxapex|62/100|[from] item: Leftovers
|-damage|p1a: Talonflame|0 fnt|[from] psn
|faint|p1a: Talonflame
|-damage|p1b: Garchomp|54/100 tox|[from] psn
|-sideend|p1: helio list|move: Tailwind
|upkeep
|
|t:|1784828276
|switch|p1a: Kingambit|Kingambit, L50, M|100/100
|turn|7
|
|t:|1784828282
|move|p1b: Garchomp|Dragon Claw|p2b: Toxapex
|-damage|p2b: Toxapex|26/100
|-damage|p1b: Garchomp|44/100 tox|[from] item: Life Orb
|move|p1a: Kingambit|Kowtow Cleave|p2b: Toxapex
|-damage|p2b: Toxapex|0 fnt
|faint|p2b: Toxapex
|
|win|helio list
||Ferran Tiburon is ready for game 2.
||helio list is ready for game 2.
|uhtml|next|Next: Game 2 of 3
