|j|☆homerj71
|j|☆Nezk025
|html|homerj71Nezk025    
|uhtml|bestof|Game 3 of a best-of-3
|t:|1785350640
|gametype|doubles
|player|p1|homerj71|101|
|player|p2|Nezk025|nate|
|gen|9
|tier|[Gen 9 Champions] VGC 2026 Reg M-B (Bo3)
|rule|Species Clause: Limit one of each Pokémon
|rule|Item Clause: Limit 1 of each item
|clearpoke
|poke|p1|Tyranitar, L50, F|
|poke|p1|Staraptor, L50, F|
|poke|p1|Gholdengo, L50|
|poke|p1|Excadrill, L50, F|
|poke|p1|Sinistcha, L50|
|poke|p1|Milotic, L50, M|
|poke|p2|Excadrill, L50, M|
|poke|p2|Tyranitar, L50, F|
|poke|p2|Corviknight, L50, M|
|poke|p2|Hydreigon, L50, F|
|poke|p2|Rotom-Wash, L50|
|poke|p2|Mimikyu, L50, M|
|teampreview|4
|showteam|p1|Tyranitar||Tyranitarite|SandStream|KnockOff,LowKick,RockSlide,Protect|Jolly||F|||50|]Staraptor||Staraptite|Intimidate|BraveBird,CloseCombat,Tailwind,Protect|Jolly||F|||50|]Gholdengo||LifeOrb|GoodasGold|MakeItRain,NastyPlot,ShadowBall,Protect|Modest|||||50|]Excadrill||FocusSash|SandRush|RockSlide,HighHorsepower,IronHead,Protect|Adamant||F|||50|]Sinistcha||SitrusBerry|Hospitality|MatchaGotcha,RagePowder,ShadowBall,Protect|Bold|||||50|]Milotic||Leftovers|Competitive|Scald,IcyWind,IceBeam,Protect|Calm||M|||50|
|showteam|p2|Excadrill||FocusSash|SandRush|Protect,Earthquake,IronHead,RockTomb|Adamant||M|||50|]Tyranitar||Tyranitarite|SandStream|Protect,RockSlide,KnockOff,LowKick|Adamant||F|||50|]Corviknight||Leftovers|MirrorArmor|Roost,BraveBird,Tailwind,BulkUp|Careful||M|||50|]Hydreigon||ChoiceScarf|Levitate|DragonPulse,DarkPulse,Snarl,EarthPower|Modest||F|||50|]Rotom-Wash||SitrusBerry|Levitate|Protect,Thunderbolt,HydroPump,Reflect|Modest|||||50|]Mimikyu||FairyFeather|Disguise|Taunt,PlayRough,ShadowClaw,Protect|Adamant||M|||50|
|inactive|Battle timer is ON: inactive players will automatically lose when time's up. (requested by homerj71)
|
|t:|1785350660
|teamsize|p1|4
|teamsize|p2|4
|start
|switch|p1a: Staraptor|Staraptor, L50, F|100/100
|switch|p1b: Gholdengo|Gholdengo, L50|100/100
|switch|p2a: Rotom|Rotom-Wash, L50|100/100
|switch|p2b: Corviknight|Corviknight, L50, M|100/100
|-ability|p1a: Staraptor|Intimidate|boost
|-unboost|p2a: Rotom|atk|1
|-ability|p2b: Corviknight|Mirror Armor
|-unboost|p1a: Staraptor|atk|1
|turn|1
|
|t:|1785350670
|move|p1a: Staraptor|Tailwind|p1a: Staraptor
|-sidestart|p1: homerj71|move: Tailwind
|move|p1b: Gholdengo|Nasty Plot|p1b: Gholdengo
|-boost|p1b: Gholdengo|spa|2
|move|p2a: Rotom|Thunderbolt|p1a: Staraptor
|-supereffective|p1a: Staraptor|1
|-damage|p1a: Staraptor|0 fnt
|faint|p1a: Staraptor
|move|p2b: Corviknight|Tailwind|p2b: Corviknight
|-sidestart|p2: Nezk025|move: Tailwind
|
|upkeep
|
|t:|1785350678
|switch|p1a: Tyranitar|Tyranitar, L50, F|100/100
|-weather|Sandstorm|[from] ability: Sand Stream|[of] p1a: Tyranitar
|turn|2
|
|t:|1785350698
|switch|p2a: Mimikyu|Mimikyu, L50, M|100/100
|detailschange|p1a: Tyranitar|Tyranitar-Mega, L50, F
|-mega|p1a: Tyranitar|Tyranitar|Tyranitarite
|move|p1b: Gholdengo|Shadow Ball|p2a: Mimikyu
|-activate|p2a: Mimikyu|ability: Disguise
|-damage|p2a: Mimikyu|100/100
|detailschange|p2a: Mimikyu|Mimikyu-Busted, L50, M
|-damage|p2a: Mimikyu|87/100|[from] pokemon: Mimikyu-Busted
|-damage|p1b: Gholdengo|90/100|[from] item: Life Orb
|move|p1a: Tyranitar|Knock Off|p2b: Corviknight
|-damage|p2b: Corviknight|49/100
|-enditem|p2b: Corviknight|Leftovers|[from] move: Knock Off|[of] p1a: Tyranitar
|move|p2b: Corviknight|Bulk Up|p2b: Corviknight
|-boost|p2b: Corviknight|atk|1
|-boost|p2b: Corviknight|def|1
|
|-weather|Sandstorm|[upkeep]
|-damage|p2a: Mimikyu|81/100|[from] Sandstorm
|upkeep
|turn|3
|
|t:|1785350719
|move|p2a: Mimikyu|Protect|p2a: Mimikyu
|-singleturn|p2a: Mimikyu|Protect
|move|p1b: Gholdengo|Shadow Ball|p2b: Corviknight
|-damage|p2b: Corviknight|0 fnt
|faint|p2b: Corviknight
|-damage|p1b: Gholdengo|81/100|[from] item: Life Orb
|move|p1a: Tyranitar|Knock Off|p2a: Mimikyu
|-activate|p2a: Mimikyu|move: Protect
|
|-weather|Sandstorm|[upkeep]
|-damage|p2a: Mimikyu|75/100|[from] Sandstorm
|upkeep
|
|t:|1785350729
|switch|p2b: Excadrill|Excadrill, L50, M|100/100
|turn|4
|
|t:|1785350738
|move|p2b: Excadrill|Protect|p2b: Excadrill
|-singleturn|p2b: Excadrill|Protect
|move|p1b: Gholdengo|Protect|p1b: Gholdengo
|-singleturn|p1b: Gholdengo|Protect
|move|p2a: Mimikyu|Play Rough|p1a: Tyranitar
|-supereffective|p1a: Tyranitar|1
|-damage|p1a: Tyranitar|38/100
|move|p1a: Tyranitar|Low Kick|p2b: Excadrill
|-activate|p2b: Excadrill|move: Protect
|
|-weather|Sandstorm|[upkeep]
|-damage|p2a: Mimikyu|69/100|[from] Sandstorm
|-sideend|p2: Nezk025|move: Tailwind
|-sideend|p1: homerj71|move: Tailwind
|upkeep
|turn|5
|
|t:|1785350753
|move|p2a: Mimikyu|Protect|p2a: Mimikyu
|-singleturn|p2a: Mimikyu|Protect
|move|p1a: Tyranitar|Protect|p1a: Tyranitar
|-singleturn|p1a: Tyranitar|Protect
|move|p2b: Excadrill|Earthquake|p1a: Tyranitar|[spread] p1b
|-activate|p2a: Mimikyu|move: Protect
|-activate|p1a: Tyranitar|move: Protect
|-supereffective|p1b: Gholdengo|1
|-damage|p1b: Gholdengo|0 fnt
|faint|p1b: Gholdengo
|
|-weather|Sandstorm|[upkeep]
|-damage|p2a: Mimikyu|63/100|[from] Sandstorm
|upkeep
|
|t:|1785350756
|switch|p1b: Excadrill|Excadrill, L50, F|100/100
|turn|6
|
|t:|1785350780
|move|p1b: Excadrill|High Horsepower|p2b: Excadrill
|-supereffective|p2b: Excadrill|1
|-enditem|p2b: Excadrill|Focus Sash
|-damage|p2b: Excadrill|1/100
|move|p2b: Excadrill|Earthquake|p1a: Tyranitar|[spread] p2a,p1a,p1b
|-supereffective|p1a: Tyranitar|1
|-supereffective|p1b: Excadrill|1
|-damage|p2a: Mimikyu|0 fnt
|-damage|p1a: Tyranitar|0 fnt
|-enditem|p1b: Excadrill|Focus Sash
|-damage|p1b: Excadrill|1/100
|faint|p2a: Mimikyu
|faint|p1a: Tyranitar
|
|-weather|none
|upkeep
|
|t:|1785350789
|switch|p2a: Rotom|Rotom-Wash, L50|100/100
|turn|7
|-message|homerj71 forfeited.
|
|win|Nezk025
