|j|☆C.blaze
|j|☆Pyos
|html|C.blazePyos    
|uhtml|bestof|Game 1 of a best-of-3
|t:|1757861881
|gametype|doubles
|player|p1|C.blaze|1|1399
|player|p2|Pyos|266|1356
|gen|9
|tier|[Gen 9] VGC 2025 Reg H (Bo3)
|rated|
|rule|Species Clause: Limit one of each Pokémon
|rule|Item Clause: Limit 1 of each item
|clearpoke
|poke|p1|Tyranitar, L50, F|
|poke|p1|Gholdengo, L50|
|poke|p1|Salamence, L50, M|
|poke|p1|Amoonguss, L50, M|
|poke|p1|Porygon2, L50|
|poke|p1|Tauros-Paldea-Blaze, L50, M|
|poke|p2|Maushold, L50|
|poke|p2|Archaludon, L50, F|
|poke|p2|Incineroar, L50, F|
|poke|p2|Pelipper, L50, F|
|poke|p2|Rillaboom, L50, F|
|poke|p2|Sneasler, L50, M|
|teampreview|4
|showteam|p1|Tyranitar||AssaultVest|SandStream|RockSlide,KnockOff,TeraBlast,LowKick|||F|||50|,,,,,Flying]Gholdengo||LifeOrb|GoodasGold|MakeItRain,ShadowBall,Protect,NastyPlot||||||50|,,,,,Water]Salamence||CovertCloak|Intimidate|DracoMeteor,Flamethrower,Protect,Tailwind|||M|||50|,,,,,Steel]Amoonguss||MentalHerb|Regenerator|ClearSmog,PollenPuff,Spore,RagePowder|||M|||50|,,,,,Water]Porygon2||Eviolite|Download|TeraBlast,IceBeam,Recover,TrickRoom||||||50|,,,,,Fighting]Tauros-Paldea-Blaze||SafetyGoggles|Intimidate|RagingBull,WillOWisp,Protect,CloseCombat|||M|||50|,,,,,Water
|showteam|p2|Maushold||WideLens|Technician|Protect,PopulationBomb,FollowMe,Taunt||||||50|,,,,,Ghost]Archaludon||AssaultVest|Stamina|BodyPress,ElectroShot,DragonPulse,FlashCannon|||F|||50|,,,,,Bug]Incineroar||SafetyGoggles|Intimidate|KnockOff,FakeOut,FlareBlitz,PartingShot|||F|||50|,,,,,Ghost]Pelipper||FocusSash|Drizzle|Tailwind,WeatherBall,Hurricane,Protect|||F|||50|,,,,,Ghost]Rillaboom||MiracleSeed|GrassySurge|GrassyGlide,WoodHammer,FakeOut,Uturn|||F|||50|,,,,,Fire]Sneasler||GrassySeed|Unburden|CloseCombat,DireClaw,ThroatChop,Protect|||M|||50|,,,,,Dark
|inactive|Battle timer is ON: inactive players will automatically lose when time's up. (requested by Pyos)
|
|t:|1757861934
|teamsize|p1|4
|teamsize|p2|4
|start
|switch|p1a: Tauros|Tauros-Paldea-Blaze, L50, M|100/100
|switch|p1b: Salamence|Salamence, L50, M|100/100
|switch|p2a: Rillaboom|Rillaboom, L50, F|100/100
|switch|p2b: Pelipper|Pelipper, L50, F|100/100
|-ability|p1b: Salamence|Intimidate|boost
|-unboost|p2a: Rillaboom|atk|1
|-unboost|p2b: Pelipper|atk|1
|-ability|p1a: Tauros|Intimidate|boost
|-unboost|p2a: Rillaboom|atk|1
|-unboost|p2b: Pelipper|atk|1
|-fieldstart|move: Grassy Terrain|[from] ability: Grassy Surge|[of] p2a: Rillaboom
|-weather|RainDance|[from] ability: Drizzle|[of] p2b: Pelipper
|turn|1
|inactive|Pyos has 30 seconds left.
|inactive|Pyos has 20 seconds left.
|inactive|Pyos has 15 seconds left.
|
|t:|1757861974
|switch|p1a: Tyranitar|Tyranitar, L50, F|100/100
|-weather|Sandstorm|[from] ability: Sand Stream|[of] p1a: Tyranitar
|switch|p2a: Incineroar|Incineroar, L50, F|100/100
|-ability|p2a: Incineroar|Intimidate|boost
|-unboost|p1a: Tyranitar|atk|1
|-unboost|p1b: Salamence|atk|1
|move|p1b: Salamence|Tailwind|p1b: Salamence
|-sidestart|p1: C.blaze|move: Tailwind
|move|p2b: Pelipper|Tailwind|p2b: Pelipper
|-sidestart|p2: Pyos|move: Tailwind
|
|-weather|Sandstorm|[upkeep]
|-damage|p1b: Salamence|95/100|[from] Sandstorm
|-damage|p2b: Pelipper|95/100|[from] Sandstorm
|upkeep
|turn|2
|
|t:|1757861993
|switch|p2b: Archaludon|Archaludon, L50, F|100/100
|switch|p1a: Tauros|Tauros-Paldea-Blaze, L50, M|100/100
|-ability|p1a: Tauros|Intimidate|boost
|-unboost|p2a: Incineroar|atk|1
|-unboost|p2b: Archaludon|atk|1
|move|p2a: Incineroar|Fake Out|p1b: Salamence
|-damage|p1b: Salamence|85/100
|move|p1b: Salamence|Draco Meteor|p2b: Archaludon
|-damage|p2b: Archaludon|64/100
|-unboost|p1b: Salamence|spa|2
|-ability|p2b: Archaludon|Stamina|boost
|-boost|p2b: Archaludon|def|1
|
|-weather|Sandstorm|[upkeep]
|-damage|p1b: Salamence|79/100|[from] Sandstorm
|-heal|p2b: Archaludon|70/100|[from] Grassy Terrain
|upkeep
|turn|3
|c|☆Pyos|oopsie
|inactive|Pyos has 30 seconds left.
|
|t:|1757862034
|switch|p2a: Pelipper|Pelipper, L50, F|95/100
|-weather|RainDance|[from] ability: Drizzle|[of] p2a: Pelipper
|-terastallize|p2b: Archaludon|Bug
|move|p1b: Salamence|Flamethrower|p2b: Archaludon
|-supereffective|p2b: Archaludon
|-damage|p2b: Archaludon|63/100
|-ability|p2b: Archaludon|Stamina|boost
|-boost|p2b: Archaludon|def|1
|move|p1a: Tauros|Close Combat|p2b: Archaludon
|-resisted|p2b: Archaludon
|-damage|p2b: Archaludon|52/100
|-unboost|p1a: Tauros|def|1
|-unboost|p1a: Tauros|spd|1
|-ability|p2b: Archaludon|Stamina|boost
|-boost|p2b: Archaludon|def|1
|move|p2b: Archaludon|Electro Shot||[still]
|-prepare|p2b: Archaludon|Electro Shot
|-boost|p2b: Archaludon|spa|1
|-anim|p2b: Archaludon|Electro Shot|p1a: Tauros
|-damage|p1a: Tauros|0 fnt
|faint|p1a: Tauros
|
|-weather|RainDance|[upkeep]
|-heal|p2b: Archaludon|58/100|[from] Grassy Terrain
|upkeep
|
|t:|1757862043
|switch|p1a: Tyranitar|Tyranitar, L50, F|100/100
|-weather|Sandstorm|[from] ability: Sand Stream|[of] p1a: Tyranitar
|turn|4
|
|t:|1757862061
|switch|p1b: Gholdengo|Gholdengo, L50|100/100
|switch|p2a: Incineroar|Incineroar, L50, F|100/100
|-ability|p2a: Incineroar|Intimidate|boost
|-unboost|p1a: Tyranitar|atk|1
|-unboost|p1b: Gholdengo|atk|1
|-terastallize|p1a: Tyranitar|Flying
|move|p2b: Archaludon|Body Press|p1a: Tyranitar
|-resisted|p1a: Tyranitar
|-damage|p1a: Tyranitar|77/100
|move|p1a: Tyranitar|Tera Blast|p2b: Archaludon|[anim] Tera Blast Flying
|-supereffective|p2b: Archaludon
|-damage|p2b: Archaludon|38/100
|-ability|p2b: Archaludon|Stamina|boost
|-boost|p2b: Archaludon|def|1
|
|-weather|Sandstorm|[upkeep]
|-damage|p2b: Archaludon|32/100|[from] Sandstorm
|-damage|p1a: Tyranitar|71/100|[from] Sandstorm
|-heal|p2b: Archaludon|38/100|[from] Grassy Terrain
|-sideend|p2: Pyos|move: Tailwind
|-sideend|p1: C.blaze|move: Tailwind
|upkeep
|turn|5
|
|t:|1757862084
|move|p1b: Gholdengo|Make It Rain|p2a: Incineroar|[spread] p2a,p2b
|-resisted|p2a: Incineroar
|-damage|p2a: Incineroar|74/100
|-damage|p2b: Archaludon|0 fnt
|-unboost|p1b: Gholdengo|spa|1
|faint|p2b: Archaludon
|-damage|p1b: Gholdengo|91/100|[from] item: Life Orb
|move|p2a: Incineroar|Knock Off|p1b: Gholdengo
|-supereffective|p1b: Gholdengo
|-damage|p1b: Gholdengo|22/100
|-enditem|p1b: Gholdengo|Life Orb|[from] move: Knock Off|[of] p2a: Incineroar
|move|p1a: Tyranitar|Rock Slide|p2a: Incineroar
|-supereffective|p2a: Incineroar
|-damage|p2a: Incineroar|22/100
|
|-weather|Sandstorm|[upkeep]
|-damage|p1a: Tyranitar|65/100|[from] Sandstorm
|-heal|p1b: Gholdengo|28/100|[from] Grassy Terrain
|-heal|p2a: Incineroar|28/100|[from] Grassy Terrain
|-fieldend|move: Grassy Terrain
|upkeep
|
|t:|1757862100
|switch|p2b: Pelipper|Pelipper, L50, F|95/100
|-weather|RainDance|[from] ability: Drizzle|[of] p2b: Pelipper
|turn|6
|
|t:|1757862111
|switch|p2a: Rillaboom|Rillaboom, L50, F|100/100
|-fieldstart|move: Grassy Terrain|[from] ability: Grassy Surge|[of] p2a: Rillaboom
|move|p2b: Pelipper|Protect|p2b: Pelipper
|-singleturn|p2b: Pelipper|Protect
|move|p1b: Gholdengo|Shadow Ball|p2b: Pelipper
|-activate|p2b: Pelipper|move: Protect
|move|p1a: Tyranitar|Rock Slide|p2b: Pelipper|[spread] p2a
|-activate|p2b: Pelipper|move: Protect
|-damage|p2a: Rillaboom|78/100
|
|-weather|RainDance|[upkeep]
|-heal|p2a: Rillaboom|84/100|[from] Grassy Terrain
|-heal|p1b: Gholdengo|34/100|[from] Grassy Terrain
|upkeep
|turn|7
|
|t:|1757862125
|switch|p2b: Incineroar|Incineroar, L50, F|28/100
|-ability|p2b: Incineroar|Intimidate|boost
|-unboost|p1a: Tyranitar|atk|1
|-unboost|p1b: Gholdengo|atk|1
|switch|p1a: Salamence|Salamence, L50, M|79/100
|-ability|p1a: Salamence|Intimidate|boost
|-unboost|p2a: Rillaboom|atk|1
|-unboost|p2b: Incineroar|atk|1
|move|p2a: Rillaboom|Wood Hammer|p1b: Gholdengo
|-resisted|p1b: Gholdengo
|-damage|p1b: Gholdengo|2/100
|-damage|p2a: Rillaboom|73/100|[from] Recoil
|move|p1b: Gholdengo|Shadow Ball|p2b: Incineroar
|-resisted|p2b: Incineroar
|-damage|p2b: Incineroar|16/100
|
|-weather|RainDance|[upkeep]
|-heal|p2a: Rillaboom|80/100|[from] Grassy Terrain
|-heal|p1b: Gholdengo|8/100|[from] Grassy Terrain
|-heal|p2b: Incineroar|22/100|[from] Grassy Terrain
|upkeep
|turn|8
|inactive|Pyos has 30 seconds left.
|inactive|C.blaze has 30 seconds left.
|inactive|Pyos has 20 seconds left.
|inactive|Pyos has 15 seconds left.
|
|t:|1757862168
|move|p2a: Rillaboom|Grassy Glide|p1b: Gholdengo
|-resisted|p1b: Gholdengo
|-damage|p1b: Gholdengo|0 fnt
|faint|p1b: Gholdengo
|move|p1a: Salamence|Draco Meteor|p2b: Incineroar
|-damage|p2b: Incineroar|0 fnt
|-unboost|p1a: Salamence|spa|2
|faint|p2b: Incineroar
|
|-weather|RainDance|[upkeep]
|-heal|p2a: Rillaboom|86/100|[from] Grassy Terrain
|upkeep
|
|t:|1757862185
|switch|p1b: Tyranitar|Tyranitar, L50, F, tera:Flying|65/100
|switch|p2b: Pelipper|Pelipper, L50, F|95/100
|-weather|Sandstorm|[from] ability: Sand Stream|[of] p1b: Tyranitar
|turn|9
|
|t:|1757862197
|move|p1a: Salamence|Tailwind|p1a: Salamence
|-sidestart|p1: C.blaze|move: Tailwind
|move|p2a: Rillaboom|Wood Hammer|p1b: Tyranitar
|-resisted|p1b: Tyranitar
|-damage|p1b: Tyranitar|39/100
|-damage|p2a: Rillaboom|77/100|[from] Recoil
|move|p1b: Tyranitar|Knock Off|p2b: Pelipper
|-damage|p2b: Pelipper|19/100
|-enditem|p2b: Pelipper|Focus Sash|[from] move: Knock Off|[of] p1b: Tyranitar
|move|p2b: Pelipper|Weather Ball|p1b: Tyranitar
|-supereffective|p1b: Tyranitar
|-crit|p1b: Tyranitar
|-damage|p1b: Tyranitar|0 fnt
|faint|p1b: Tyranitar
|
|-weather|Sandstorm|[upkeep]
|-damage|p1a: Salamence|73/100|[from] Sandstorm
|-damage|p2a: Rillaboom|70/100|[from] Sandstorm
|-damage|p2b: Pelipper|13/100|[from] Sandstorm
|-heal|p2a: Rillaboom|77/100|[from] Grassy Terrain
|upkeep
|turn|10
|
|t:|1757862213
|move|p2b: Pelipper|Protect|p2b: Pelipper
|-singleturn|p2b: Pelipper|Protect
|move|p1a: Salamence|Draco Meteor|p2b: Pelipper
|-activate|p2b: Pelipper|move: Protect
|move|p2a: Rillaboom|Wood Hammer|p1a: Salamence
|-resisted|p1a: Salamence
|-damage|p1a: Salamence|53/100
|-damage|p2a: Rillaboom|71/100|[from] Recoil
|
|-weather|Sandstorm|[upkeep]
|-damage|p1a: Salamence|48/100|[from] Sandstorm
|-damage|p2a: Rillaboom|65/100|[from] Sandstorm
|-damage|p2b: Pelipper|7/100|[from] Sandstorm
|-heal|p2a: Rillaboom|71/100|[from] Grassy Terrain
|-fieldend|move: Grassy Terrain
|upkeep
|turn|11
|
|t:|1757862226
|move|p1a: Salamence|Flamethrower|p2b: Pelipper
|-resisted|p2b: Pelipper
|-damage|p2b: Pelipper|0 fnt
|faint|p2b: Pelipper
|move|p2a: Rillaboom|Wood Hammer|p1a: Salamence
|-resisted|p1a: Salamence
|-damage|p1a: Salamence|30/100
|-damage|p2a: Rillaboom|66/100|[from] Recoil
|
|-weather|Sandstorm|[upkeep]
|-damage|p1a: Salamence|24/100|[from] Sandstorm
|-damage|p2a: Rillaboom|60/100|[from] Sandstorm
|upkeep
|turn|12
|inactive|C.blaze has 30 seconds left.
|inactive|C.blaze has 20 seconds left.
|l|☆C.blaze
|inactive|C.blaze disconnected and has a minute to reconnect!
|player|p1|
|inactive|C.blaze has 15 seconds left.
|inactive|C.blaze has 10 seconds left.
|inactive|C.blaze has 5 seconds left.
|-message|C.blaze lost due to inactivity.
|
|win|Pyos
||Pyos is ready for game 2.
|inactive|C.blaze has 30 seconds to confirm battle start!
|inactive|C.blaze has 20 seconds to confirm battle start!
|j|☆C.blaze
|player|p1|C.blaze|1|
||C.blaze is ready for game 2.
|uhtml|next|Next: Game 2 of 3
