|j|☆SmolivStayStrong<3
|j|☆horseki
|html|SmolivStayStrong<3horseki    
|uhtml|bestof|Game 1 of a best-of-3
|t:|1783650622
|gametype|doubles
|player|p1|SmolivStayStrong<3|miku-flying|
|player|p2|horseki|clerkf|
|gen|9
|tier|[Gen 9 Champions] VGC 2026 Reg M-B (Bo3)
|rule|Species Clause: Limit one of each Pokémon
|rule|Item Clause: Limit 1 of each item
|clearpoke
|poke|p1|Chesnaught, L50, M, shiny|
|poke|p1|Blastoise, L50, M|
|poke|p1|Chandelure, L50, M|
|poke|p1|Jolteon, L50, M|
|poke|p1|Floette-Eternal, L50, F|
|poke|p1|Klefki, L50, F, shiny|
|poke|p2|Altaria, L50, M|
|poke|p2|Liepard, L50, M|
|poke|p2|Gengar, L50, M|
|poke|p2|Rotom-Mow, L50|
|poke|p2|Tauros-Paldea-Blaze, L50, M|
|poke|p2|Hawlucha, L50, M|
|teampreview|4
|showteam|p1|Chesnaught||Chesnaughtite|Bulletproof|BodyPress,SpikyShield,WideGuard,SeedBomb|Adamant||M|||50|]Blastoise||SitrusBerry|RainDish|FakeOut,WaveCrash,Yawn,FlipTurn|Adamant||M|||50|]Chandelure||FocusSash|FlashFire|HeatWave,ShadowBall,Protect,TrickRoom|Modest||M|||50|]Jolteon||ChoiceScarf|VoltAbsorb|VoltSwitch,Thunderbolt,Electroweb,AlluringVoice|Modest||M|||50|]Floette-Eternal||Leftovers|FlowerVeil|CalmMind,Moonblast,DazzlingGleam,Protect|Bold||F|||50|]Klefki||LightClay|Prankster|FlashCannon,ThunderWave,FoulPlay,LightScreen|Bold||F|||50|
|showteam|p2|Altaria||Altarianite|NaturalCure|HyperVoice,Tailwind,Flamethrower,Protect|Modest||M|||50|]Liepard||FocusSash|Prankster|FakeOut,Encore,FakeTears,FoulPlay|Jolly||M|||50|]Gengar||ColburBerry|CursedBody|IcyWind,ShadowBall,SludgeBomb,Protect|Hasty||M|||50|]Rotom-Mow||OccaBerry|Levitate|Thunderbolt,LeafStorm,Protect,HelpingHand|Modest|||||50|]Tauros-Paldea-Blaze||LifeOrb|Intimidate|CloseCombat,FlareBlitz,Trailblaze,Protect|Jolly||M|||50|]Hawlucha||WhiteHerb|Unburden|Acrobatics,CloseCombat,Taunt,Protect|Adamant||M|||50|
|inactive|Battle timer is ON: inactive players will automatically lose when time's up. (requested by SmolivStayStrong<3)
|c|☆SmolivStayStrong<3|gl hf!
|c|☆horseki|glhf
|inactive|SmolivStayStrong<3 has 60 seconds left.
|inactive|horseki has 60 seconds left.
|inactive|horseki has 30 seconds left.
|inactive|horseki has 20 seconds left.
|inactive|horseki has 15 seconds left.
|inactiveoff|Battle timer is now OFF.
|
|t:|1783650727
|teamsize|p1|4
|teamsize|p2|4
|start
|switch|p1a: Chesnaught|Chesnaught, L50, M, shiny|100/100
|switch|p1b: Klefki|Klefki, L50, F, shiny|100/100
|switch|p2a: Hawlucha|Hawlucha, L50, M|100/100
|switch|p2b: Altaria|Altaria, L50, M|100/100
|turn|1
|
|t:|1783650755
|switch|p1a: Chandelure|Chandelure, L50, M|100/100
|detailschange|p2b: Altaria|Altaria-Mega, L50, M
|-mega|p2b: Altaria|Altaria|Altarianite
|move|p1b: Klefki|Thunder Wave|p2a: Hawlucha
|-status|p2a: Hawlucha|par
|move|p2b: Altaria|Tailwind|p2b: Altaria
|-sidestart|p2: horseki|move: Tailwind
|move|p2a: Hawlucha|Taunt|p1b: Klefki
|-start|p1b: Klefki|move: Taunt
|
|upkeep
|turn|2
|
|t:|1783650783
|move|p2b: Altaria|Hyper Voice|p1a: Chandelure|[spread] p1a,p1b
|-resisted|p1a: Chandelure|1
|-resisted|p1b: Klefki|1
|-damage|p1a: Chandelure|76/100
|-damage|p1b: Klefki|78/100
|move|p2a: Hawlucha|Taunt|p1a: Chandelure
|-start|p1a: Chandelure|move: Taunt
|move|p1a: Chandelure|Heat Wave|p2a: Hawlucha|[spread] p2a,p2b
|-resisted|p2b: Altaria|1
|-damage|p2a: Hawlucha|32/100 par
|-damage|p2b: Altaria|77/100
|move|p1b: Klefki|Flash Cannon|p2b: Altaria
|-supereffective|p2b: Altaria|1
|-damage|p2b: Altaria|32/100
|
|upkeep
|turn|3
|
|t:|1783650811
|move|p2b: Altaria|Protect|p2b: Altaria
|-singleturn|p2b: Altaria|Protect
|move|p2a: Hawlucha|Close Combat|p1b: Klefki
|-damage|p1b: Klefki|28/100
|-unboost|p2a: Hawlucha|def|1
|-unboost|p2a: Hawlucha|spd|1
|-enditem|p2a: Hawlucha|White Herb
|-clearnegativeboost|p2a: Hawlucha|[silent]
|move|p1a: Chandelure|Heat Wave|p2b: Altaria|[spread] p2a
|-activate|p2b: Altaria|move: Protect
|-damage|p2a: Hawlucha|0 fnt
|faint|p2a: Hawlucha
|move|p1b: Klefki|Flash Cannon|p2b: Altaria
|-activate|p2b: Altaria|move: Protect
|
|upkeep
|
|t:|1783650826
|switch|p2a: Gengar|Gengar, L50, M|100/100
|turn|4
|
|t:|1783650849
|move|p2a: Gengar|Shadow Ball|p1a: Chandelure
|-supereffective|p1a: Chandelure|1
|-damage|p1a: Chandelure|0 fnt
|faint|p1a: Chandelure
|move|p2b: Altaria|Flamethrower|p1b: Klefki
|-supereffective|p1b: Klefki|1
|-damage|p1b: Klefki|0 fnt
|faint|p1b: Klefki
|
|-sideend|p2: horseki|move: Tailwind
|upkeep
|
|t:|1783650851
|switch|p1a: Floette|Floette-Eternal, L50, F|100/100
|switch|p1b: Chesnaught|Chesnaught, L50, M, shiny|100/100
|turn|5
|
|t:|1783650877
|detailschange|p1b: Chesnaught|Chesnaught-Mega, L50, M, shiny
|-mega|p1b: Chesnaught|Chesnaught|Chesnaughtite
|move|p1a: Floette|Protect|p1a: Floette
|-singleturn|p1a: Floette|Protect
|move|p2b: Altaria|Protect|p2b: Altaria
|-singleturn|p2b: Altaria|Protect
|move|p2a: Gengar|Icy Wind|p1b: Chesnaught|[spread] p1b
|-activate|p1a: Floette|move: Protect
|-supereffective|p1b: Chesnaught|1
|-damage|p1b: Chesnaught|78/100
|move|p1b: Chesnaught|Seed Bomb|p2a: Gengar
|-resisted|p2a: Gengar|1
|-damage|p2a: Gengar|51/100
|
|upkeep
|turn|6
|
|t:|1783650927
|move|p1b: Chesnaught|Wide Guard|p1b: Chesnaught
|-singleturn|p1b: Chesnaught|Wide Guard
|move|p2a: Gengar|Sludge Bomb|p1a: Floette
|-supereffective|p1a: Floette|1
|-damage|p1a: Floette|27/100
|move|p1a: Floette|Dazzling Gleam|p2a: Gengar|[spread] p2a,p2b
|-resisted|p2a: Gengar|1
|-supereffective|p2b: Altaria|1
|-damage|p2a: Gengar|29/100
|-damage|p2b: Altaria|0 fnt
|faint|p2b: Altaria
|
|-heal|p1a: Floette|33/100|[from] item: Leftovers
|upkeep
|
|t:|1783650932
|switch|p2b: Tauros|Tauros-Paldea-Blaze, L50, M|100/100
|-ability|p2b: Tauros|Intimidate|boost
|-unboost|p1a: Floette|atk|1
|-block|p1b: Chesnaught|ability: Flower Veil|[of] p1a: Floette
|turn|7
|
|t:|1783650945
|move|p2a: Gengar|Sludge Bomb|p1a: Floette
|-supereffective|p1a: Floette|1
|-damage|p1a: Floette|0 fnt
|faint|p1a: Floette
|move|p2b: Tauros|Flare Blitz|p1b: Chesnaught
|-supereffective|p1b: Chesnaught|1
|-damage|p1b: Chesnaught|0 fnt
|faint|p1b: Chesnaught
|-damage|p2b: Tauros|66/100|[from] Recoil
|-damage|p2b: Tauros|56/100|[from] item: Life Orb
|
|win|horseki
||SmolivStayStrong<3 is ready for game 2.
|inactive|horseki has 30 seconds to confirm battle start!
||horseki is ready for game 2.
|uhtml|next|Next: Game 2 of 3
