|j|☆DaGondy
|j|☆fnlroia
|html|DaGondyfnlroia    
|uhtml|bestof|Game 1 of a best-of-3
|t:|1784693087
|gametype|doubles
|player|p1|DaGondy|mars|
|player|p2|fnlroia|parasollady-gen4|
|gen|9
|tier|[Gen 9 Champions] VGC 2026 Reg M-B (Bo3)
|rule|Species Clause: Limit one of each Pokémon
|rule|Item Clause: Limit 1 of each item
|clearpoke
|poke|p1|Ditto, L50, shiny|
|poke|p1|Pelipper, L50, F|
|poke|p1|Eelektross, L50, F|
|poke|p1|Roserade, L50, M|
|poke|p1|Lycanroc-Dusk, L50, M, shiny|
|poke|p1|Whimsicott, L50, F|
|poke|p2|Sableye, L50, F|
|poke|p2|Arcanine-Hisui, L50, M|
|poke|p2|Delphox, L50, F|
|poke|p2|Samurott-Hisui, L50, M|
|poke|p2|Floette-Eternal, L50, F|
|poke|p2|Vivillon, L50, F|
|teampreview|4
|showteam|p1|Ditto||FocusSash|Imposter|Transform|Bold|||||50|]Pelipper||SitrusBerry|Drizzle|Tailwind,Hurricane,Roost,Protect|Bold||F|||50|]Eelektross||Eelektrossite|Levitate|Flamethrower,GrassKnot,Thunder,VoltSwitch|Timid||F|||50|]Roserade||PoisonBarb|PoisonPoint|Extrasensory,LeafStorm,SleepPowder,SludgeBomb|Timid||M|||50|]Lycanroc-Dusk||HardStone|ToughClaws|Accelerock,CloseCombat,StoneEdge,BrickBreak|Jolly||M|||50|]Whimsicott||Leftovers|Prankster|Tailwind,Moonblast,Uturn,Encore|Bold||F|||50|
|showteam|p2|Sableye||LightClay|Prankster|FakeOut,Encore,Reflect,LightScreen|Bold||F|||50|]Arcanine-Hisui||LifeOrb|RockHead|RockSlide,FlareBlitz,ExtremeSpeed,Protect|Jolly||M|||50|]Delphox||Delphoxite|Blaze|HeatWave,NastyPlot,Psyshock,Protect|Timid||F|||50|]Samurott-Hisui||BlackGlasses|Sharpness|CeaselessEdge,SuckerPunch,SacredSword,Protect|Jolly||M|||50|]Floette-Eternal||Floettite|FlowerVeil|CalmMind,DrainingKiss,LightofRuin,Protect|Modest||F|||50|]Vivillon||FocusSash|CompoundEyes|RagePowder,SleepPowder,Hurricane,RainDance|Timid||F|||50|
|
|t:|1784693142
|teamsize|p1|4
|teamsize|p2|4
|start
|switch|p1a: Ditto|Ditto, L50, shiny|100/100
|switch|p1b: pooopfart|Lycanroc-Dusk, L50, M, shiny|100/100
|switch|p2a: KekW|Sableye, L50, F|100/100
|switch|p2b: not floette|Delphox, L50, F|100/100
|-transform|p1a: Ditto|p2b: not floette|[from] ability: Imposter
|turn|1
|
|t:|1784693162
|detailschange|p2b: not floette|Delphox-Mega, L50, F
|-mega|p2b: not floette|Delphox|Delphoxite
|move|p2a: KekW|Fake Out|p1b: pooopfart
|-resisted|p1b: pooopfart|1
|-crit|p1b: pooopfart
|-damage|p1b: pooopfart|92/100
|cant|p1b: pooopfart|flinch
|move|p2b: not floette|Nasty Plot|p2b: not floette
|-boost|p2b: not floette|spa|2
|move|p1a: Ditto|Nasty Plot|p1a: Ditto
|-boost|p1a: Ditto|spa|2
|
|upkeep
|turn|2
|
|t:|1784693209
|move|p1b: pooopfart|Accelerock|p2b: not floette
|-supereffective|p2b: not floette|1
|-damage|p2b: not floette|14/100
|move|p2a: KekW|Encore|p1a: Ditto
|-start|p1a: Ditto|Encore
|move|p2b: not floette|Psyshock|p1b: pooopfart
|-damage|p1b: pooopfart|0 fnt
|faint|p1b: pooopfart
|move|p1a: Ditto|Nasty Plot|p1a: Ditto
|-boost|p1a: Ditto|spa|2
|
|upkeep
|
|t:|1784693230
|switch|p1b: Pelipper|Pelipper, L50, F|100/100
|-weather|RainDance|[from] ability: Drizzle|[of] p1b: Pelipper
|turn|3
|
|t:|1784693260
|move|p2a: KekW|Light Screen|p2a: KekW
|-sidestart|p2: fnlroia|move: Light Screen
|move|p2b: not floette|Psyshock|p1b: Pelipper
|-damage|p1b: Pelipper|34/100
|-enditem|p1b: Pelipper|Sitrus Berry|[eat]
|-heal|p1b: Pelipper|59/100|[from] item: Sitrus Berry
|move|p1a: Ditto|Nasty Plot|p1a: Ditto
|-boost|p1a: Ditto|spa|2
|move|p1b: Pelipper|Tailwind|p1b: Pelipper
|-sidestart|p1: DaGondy|move: Tailwind
|
|-weather|RainDance|[upkeep]
|upkeep
|turn|4
|
|t:|1784693293
|switch|p1b: Eelektross|Eelektross, L50, F|100/100
|switch|p2a: jop river otter|Samurott-Hisui, L50, M|100/100
|move|p2b: not floette|Protect|p2b: not floette
|-singleturn|p2b: not floette|Protect
|move|p1a: Ditto|Nasty Plot|p1a: Ditto
|-boost|p1a: Ditto|spa|0
|
|-weather|RainDance|[upkeep]
|-end|p1a: Ditto|Encore
|upkeep
|turn|5
|
|t:|1784693322
|switch|p2b: rock head merchant|Arcanine-Hisui, L50, M|100/100
|detailschange|p1b: Eelektross|Eelektross-Mega, L50, F
|-mega|p1b: Eelektross|Eelektross|Eelektrossite
|move|p2a: jop river otter|Sucker Punch|p1a: Ditto
|-supereffective|p1a: Ditto|1
|-enditem|p1a: Ditto|Focus Sash
|-damage|p1a: Ditto|1/100
|move|p1a: Ditto|Psyshock|p2b: rock head merchant
|-damage|p2b: rock head merchant|0 fnt
|faint|p2b: rock head merchant
|move|p1b: Eelektross|Grass Knot|p2a: jop river otter
|-supereffective|p2a: jop river otter|1
|-damage|p2a: jop river otter|43/100
|
|-weather|RainDance|[upkeep]
|upkeep
|
|t:|1784693335
|switch|p2b: KekW|Sableye, L50, F|100/100
|turn|6
|
|t:|1784693350
|move|p1a: Ditto|Protect|p1a: Ditto
|-singleturn|p1a: Ditto|Protect
|move|p2b: KekW|Fake Out|p1b: Eelektross
|-damage|p1b: Eelektross|91/100
|move|p2a: jop river otter|Sucker Punch||[still]
|-fail|p2a: jop river otter
|cant|p1b: Eelektross|flinch
|
|-weather|RainDance|[upkeep]
|-sideend|p1: DaGondy|move: Tailwind
|upkeep
|turn|7
|
|t:|1784693374
|move|p2a: jop river otter|Sucker Punch|p1a: Ditto
|-supereffective|p1a: Ditto|1
|-damage|p1a: Ditto|0 fnt
|faint|p1a: Ditto
|move|p2b: KekW|Reflect|p2b: KekW
|-sidestart|p2: fnlroia|Reflect
|move|p1b: Eelektross|Thunder|p2a: jop river otter
|-supereffective|p2a: jop river otter|1
|-damage|p2a: jop river otter|0 fnt
|faint|p2a: jop river otter
|-ability|p1b: Eelektross|Eelevate|boost
|-boost|p1b: Eelektross|spa|1
|
|-weather|none
|upkeep
|
|t:|1784693387
|switch|p2a: not floette|Delphox-Mega, L50, F|14/100
|switch|p1a: Pelipper|Pelipper, L50, F|59/100
|-weather|RainDance|[from] ability: Drizzle|[of] p1a: Pelipper
|turn|8
|
|t:|1784693434
|move|p2b: KekW|Light Screen||[still]
|-fail|p2b: KekW
|move|p2a: not floette|Heat Wave|p1b: Eelektross|[spread] p1a,p1b
|-resisted|p1a: Pelipper|1
|-damage|p1a: Pelipper|46/100
|-damage|p1b: Eelektross|69/100
|move|p1b: Eelektross|Thunder|p2a: not floette
|-damage|p2a: not floette|0 fnt
|faint|p2a: not floette
|-ability|p1b: Eelektross|Eelevate|boost
|-boost|p1b: Eelektross|spa|1
|move|p1a: Pelipper|Tailwind|p1a: Pelipper
|-sidestart|p1: DaGondy|move: Tailwind
|
|-weather|RainDance|[upkeep]
|upkeep
|turn|9
|
|t:|1784693452
|move|p2b: KekW|Encore|p1a: Pelipper
|-start|p1a: Pelipper|Encore
|move|p1b: Eelektross|Thunder|p2b: KekW
|-damage|p2b: KekW|0 fnt
|faint|p2b: KekW
|
|win|DaGondy
||fnlroia is ready for game 2.
|inactive|DaGondy has 30 seconds to confirm battle start!
