|j|☆cubeandcroc
|j|☆Lorido
|html|cubeandcrocLorido    
|uhtml|bestof|Game 3 of a best-of-3
|t:|1785337375
|gametype|doubles
|player|p1|cubeandcroc|1|1208
|player|p2|Lorido|170|1281
|gen|9
|tier|[Gen 9 Champions] VGC 2026 Reg M-B (Bo3)
|rated|
|rule|Species Clause: Limit one of each Pokémon
|rule|Item Clause: Limit 1 of each item
|clearpoke
|poke|p1|Pelipper, L50, M|
|poke|p1|Decidueye-Hisui, L50, M|
|poke|p1|Swampert, L50, M|
|poke|p1|Sneasler, L50, F|
|poke|p1|Volcarona, L50, F|
|poke|p1|Farigiraf, L50, M|
|poke|p2|Delphox, L50, F|
|poke|p2|Incineroar, L50, M|
|poke|p2|Floette-Eternal, L50, F|
|poke|p2|Kingambit, L50, M|
|poke|p2|Sinistcha, L50|
|poke|p2|Sneasler, L50, F|
|teampreview|4
|showteam|p1|Pelipper||FocusSash|Drizzle|WeatherBall,Hurricane,Tailwind,WideGuard|Modest||M|||50|]Decidueye-Hisui||ScopeLens|Overgrow|LeafBlade,TripleArrows,Haze,Protect|Adamant||M|||50|]Swampert||Swampertite|Torrent|Liquidation,Earthquake,IcePunch,Protect|Adamant||M|||50|]Sneasler||WhiteHerb|Unburden|FakeOut,CloseCombat,DireClaw,Protect|Jolly||F|||50|]Volcarona||SitrusBerry|FlameBody|FieryDance,BugBuzz,RagePowder,Protect|Quiet||F|||50|]Farigiraf||ColburBerry|ArmorTail|Psychic,MirrorCoat,TrickRoom,Roar|Bold||M|||50|
|showteam|p2|Delphox||Delphoxite|Blaze|HeatWave,Psychic,NastyPlot,Protect|Timid||F|||50|]Incineroar||SitrusBerry|Intimidate|FlareBlitz,DarkestLariat,FakeOut,PartingShot|Careful||M|||50|]Floette-Eternal||Floettite|FlowerVeil|DazzlingGleam,DrainingKiss,CalmMind,Protect|Bold||F|||50|]Kingambit||BlackGlasses|Defiant|KowtowCleave,SuckerPunch,SwordsDance,Protect|Adamant||M|||50|]Sinistcha||OccaBerry|Hospitality|MatchaGotcha,RagePowder,TrickRoom,Protect|Bold|||||50|]Sneasler||FocusSash|PoisonTouch|CloseCombat,PoisonJab,FakeOut,QuickGuard|Jolly||F|||50|
|
|t:|1785337436
|teamsize|p1|4
|teamsize|p2|4
|start
|switch|p1a: Farigiraf|Farigiraf, L50, M|100/100
|switch|p1b: Pelipper|Pelipper, L50, M|100/100
|switch|p2a: Floette|Floette-Eternal, L50, F|100/100
|switch|p2b: Kingambit|Kingambit, L50, M|100/100
|-weather|RainDance|[from] ability: Drizzle|[of] p1b: Pelipper
|turn|1
|
|t:|1785337453
|detailschange|p2a: Floette|Floette-Mega, L50, F
|-mega|p2a: Floette|Floette|Floettite
|-ability|p2a: Floette|Fairy Aura
|move|p2a: Floette|Calm Mind|p2a: Floette
|-boost|p2a: Floette|spa|1
|-boost|p2a: Floette|spd|1
|move|p1b: Pelipper|Weather Ball|p2b: Kingambit
|-damage|p2b: Kingambit|42/100
|move|p2b: Kingambit|Kowtow Cleave|p1a: Farigiraf
|-supereffective|p1a: Farigiraf|1
|-enditem|p1a: Farigiraf|Colbur Berry|[eat]
|-enditem|p1a: Farigiraf|Colbur Berry|[weaken]
|-damage|p1a: Farigiraf|58/100
|move|p1a: Farigiraf|Roar|p2a: Floette
|drag|p2a: Incineroar|Incineroar, L50, M|100/100
|-ability|p2a: Incineroar|Intimidate|boost
|-unboost|p1a: Farigiraf|atk|1
|-unboost|p1b: Pelipper|atk|1
|
|-weather|RainDance|[upkeep]
|upkeep
|turn|2
|
|t:|1785337483
|switch|p1a: Volcarona|Volcarona, L50, F|100/100
|switch|p2a: Sinistcha|Sinistcha, L50|100/100
|-heal|p2b: Kingambit|66/100|[from] ability: Hospitality|[of] p2a: Sinistcha
|move|p1b: Pelipper|Weather Ball|p2a: Sinistcha
|-resisted|p2a: Sinistcha|1
|-damage|p2a: Sinistcha|67/100
|move|p2b: Kingambit|Kowtow Cleave|p1a: Volcarona
|-damage|p1a: Volcarona|40/100
|-enditem|p1a: Volcarona|Sitrus Berry|[eat]
|-heal|p1a: Volcarona|65/100|[from] item: Sitrus Berry
|
|-weather|RainDance|[upkeep]
|upkeep
|turn|3
|
|t:|1785337521
|switch|p2a: Incineroar|Incineroar, L50, M|100/100
|-ability|p2a: Incineroar|Intimidate|boost
|-unboost|p1a: Volcarona|atk|1
|-unboost|p1b: Pelipper|atk|1
|move|p2b: Kingambit|Protect|p2b: Kingambit
|-singleturn|p2b: Kingambit|Protect
|move|p1a: Volcarona|Fiery Dance|p2b: Kingambit
|-activate|p2b: Kingambit|move: Protect
|move|p1b: Pelipper|Hurricane|p2a: Incineroar
|-damage|p2a: Incineroar|63/100
|
|-weather|RainDance|[upkeep]
|upkeep
|turn|4
|
|t:|1785337554
|move|p2a: Incineroar|Fake Out|p1b: Pelipper
|-damage|p1b: Pelipper|89/100
|move|p1a: Volcarona|Fiery Dance|p2b: Kingambit
|-supereffective|p2b: Kingambit|1
|-damage|p2b: Kingambit|30/100
|-boost|p1a: Volcarona|spa|1
|cant|p1b: Pelipper|flinch
|move|p2b: Kingambit|Kowtow Cleave|p1a: Volcarona
|-damage|p1a: Volcarona|0 fnt
|faint|p1a: Volcarona
|
|-weather|RainDance|[upkeep]
|upkeep
|
|t:|1785337568
|switch|p1a: Farigiraf|Farigiraf, L50, M|58/100
|turn|5
|
|t:|1785337579
|switch|p2b: Sinistcha|Sinistcha, L50|67/100
|-heal|p2a: Incineroar|88/100|[from] ability: Hospitality|[of] p2b: Sinistcha
|move|p1b: Pelipper|Weather Ball|p2b: Sinistcha
|-resisted|p2b: Sinistcha|1
|-damage|p2b: Sinistcha|33/100
|move|p1a: Farigiraf|Psychic|p2a: Incineroar
|-immune|p2a: Incineroar
|move|p2a: Incineroar|Darkest Lariat|p1a: Farigiraf
|-supereffective|p1a: Farigiraf|1
|-damage|p1a: Farigiraf|10/100
|
|-weather|none
|upkeep
|turn|6
|
|t:|1785337617
|switch|p1b: Swampert|Swampert, L50, M|100/100
|move|p2b: Sinistcha|Matcha Gotcha|p1a: Farigiraf|[spread] p1a,p1b
|-supereffective|p1b: Swampert|2
|-damage|p1a: Farigiraf|0 fnt
|-heal|p2b: Sinistcha|40/100|[from] drain|[of] p1a: Farigiraf
|-damage|p1b: Swampert|10/100
|-heal|p2b: Sinistcha|88/100|[from] drain|[of] p1b: Swampert
|faint|p1a: Farigiraf
|move|p2a: Incineroar|Darkest Lariat|p1b: Swampert
|-damage|p1b: Swampert|0 fnt
|faint|p1b: Swampert
|
|upkeep
|
|t:|1785337628
|switch|p1b: Pelipper|Pelipper, L50, M|89/100
|-weather|RainDance|[from] ability: Drizzle|[of] p1b: Pelipper
|turn|7
|
|t:|1785337635
|move|p2b: Sinistcha|Matcha Gotcha|p1b: Pelipper
|-damage|p1b: Pelipper|46/100
|-heal|p2b: Sinistcha|100/100|[from] drain|[of] p1b: Pelipper
|move|p1b: Pelipper|Hurricane|p2b: Sinistcha
|-supereffective|p2b: Sinistcha|1
|-damage|p2b: Sinistcha|0 fnt
|faint|p2b: Sinistcha
|move|p2a: Incineroar|Darkest Lariat|p1b: Pelipper
|-damage|p1b: Pelipper|10/100
|
|-weather|RainDance|[upkeep]
|upkeep
|-message|cubeandcroc forfeited.
|raw|cubeandcroc's rating: 1208 → 1188(-20 for losing)
|raw|Lorido's rating: 1281 → 1301(+20 for winning)
|
|win|Lorido
