|j|☆Prizical
|j|☆tilremo
|html|Prizicaltilremo    
|uhtml|bestof|Game 3 of a best-of-3
|t:|1784936605
|gametype|doubles
|player|p1|Prizical|youngster-gen4dp|
|player|p2|tilremo|169|
|gen|9
|tier|[Gen 9 Champions] VGC 2026 Reg M-B (Bo3)
|rule|Species Clause: Limit one of each Pokémon
|rule|Item Clause: Limit 1 of each item
|clearpoke
|poke|p1|Floette-Eternal, L50, F|
|poke|p1|Talonflame, L50, M|
|poke|p1|Kangaskhan, L50, F|
|poke|p1|Espathra, L50, F|
|poke|p1|Rotom-Wash, L50|
|poke|p1|Ceruledge, L50, M|
|poke|p2|Lopunny, L50, F|
|poke|p2|Garchomp, L50, M|
|poke|p2|Sableye, L50, M|
|poke|p2|Ariados, L50, F|
|poke|p2|Skarmory, L50, M|
|poke|p2|Eelektross, L50, F|
|teampreview|4
|showteam|p1|Floette-Eternal||Floettite|FlowerVeil|LightofRuin,DazzlingGleam,Moonblast,Protect|Modest||F|||50|]Talonflame||FocusSash|GaleWings|BraveBird,Protect,WillOWisp,Tailwind|Adamant||M|||50|]Kangaskhan||Kangaskhanite|Scrappy|FakeOut,Protect,DoubleEdge,BrickBreak|Adamant||F|||50|]Espathra||MentalHerb|SpeedBoost|CalmMind,BatonPass,Protect,LuminaCrash|Calm||F|||50|]Rotom-Wash||ChoiceScarf|Levitate|Electroweb,WillOWisp,HydroPump,Thunderbolt|Modest|||||50|]Ceruledge||SitrusBerry|FlashFire|BitterBlade,CloseCombat,Protect,Taunt|Adamant||M|||50|
|showteam|p2|Lopunny||Lopunnite|Limber|CloseCombat,FakeOut,Facade,Protect|Jolly||F|||50|]Garchomp||LifeOrb|RoughSkin|RockSlide,Earthquake,ScaleShot,Protect|Jolly||M|||50|]Sableye||Leftovers|Prankster|FakeOut,Quash,Encore,Taunt|Impish||M|||50|]Ariados||SitrusBerry|Swarm|PoisonJab,StringShot,FirstImpression,RagePowder|Adamant||F|||50|]Skarmory||MetalCoat|Sturdy|IronHead,RockSlide,BodyPress,Tailwind|Adamant||M|||50|]Eelektross||Eelektrossite|Levitate|ThunderPunch,BrickBreak,Crunch,IronTail|Adamant||F|||50|
|
|t:|1784936701
|teamsize|p1|4
|teamsize|p2|4
|start
|switch|p1a: Floette|Floette-Eternal, L50, F|100/100
|switch|p1b: Kangaskhan|Kangaskhan, L50, F|100/100
|switch|p2a: Lola|Lopunny, L50, F|100/100
|switch|p2b: Longshanks|Garchomp, L50, M|100/100
|turn|1
|
|t:|1784936741
|switch|p1b: Rotom|Rotom-Wash, L50|100/100
|detailschange|p2a: Lola|Lopunny-Mega, L50, F
|-mega|p2a: Lola|Lopunny|Lopunnite
|move|p1a: Floette|Protect|p1a: Floette
|-singleturn|p1a: Floette|Protect
|move|p2a: Lola|Fake Out|p1a: Floette
|-activate|p1a: Floette|move: Protect
|move|p2b: Longshanks|Scale Shot|p1b: Rotom
|-damage|p1b: Rotom|81/100
|-damage|p1b: Rotom|63/100
|-hitcount|p1b: Rotom|2
|-unboost|p2b: Longshanks|def|1
|-boost|p2b: Longshanks|spe|1
|-damage|p2b: Longshanks|90/100|[from] item: Life Orb
|
|upkeep
|turn|2
|
|t:|1784936845
|switch|p1a: Kangaskhan|Kangaskhan, L50, F|100/100
|move|p2a: Lola|Protect|p2a: Lola
|-singleturn|p2a: Lola|Protect
|move|p2b: Longshanks|Rock Slide|p1a: Kangaskhan|[spread] p1b
|-miss|p2b: Longshanks|p1a: Kangaskhan
|-damage|p1b: Rotom|35/100
|-damage|p2b: Longshanks|80/100|[from] item: Life Orb
|move|p1b: Rotom|Will-O-Wisp|p2b: Longshanks
|-status|p2b: Longshanks|brn
|
|-damage|p2b: Longshanks|74/100 brn|[from] brn
|upkeep
|turn|3
|
|t:|1784936896
|switch|p2a: Neil|Sableye, L50, M|100/100
|move|p2b: Longshanks|Scale Shot|p1b: Rotom
|-damage|p1b: Rotom|24/100
|-damage|p1b: Rotom|16/100
|-hitcount|p1b: Rotom|2
|-unboost|p2b: Longshanks|def|1
|-boost|p2b: Longshanks|spe|1
|-damage|p2b: Longshanks|64/100 brn|[from] item: Life Orb
|move|p1b: Rotom|Will-O-Wisp|p2a: Neil
|-status|p2a: Neil|brn
|move|p1a: Kangaskhan|Brick Break|p2a: Neil
|-supereffective|p2a: Neil|1
|-damage|p2a: Neil|54/100 brn
|
|-heal|p2a: Neil|59/100 brn|[from] item: Leftovers
|-damage|p2b: Longshanks|58/100 brn|[from] brn
|-damage|p2a: Neil|54/100 brn|[from] brn
|upkeep
|turn|4
|
|t:|1784936950
|switch|p1b: Ceruledge|Ceruledge, L50, M|100/100
|move|p2a: Neil|Fake Out|p1a: Kangaskhan
|-damage|p1a: Kangaskhan|96/100
|move|p2b: Longshanks|Rock Slide|p1a: Kangaskhan|[spread] p1a,p1b
|-supereffective|p1b: Ceruledge|1
|-damage|p1a: Kangaskhan|83/100
|-damage|p1b: Ceruledge|62/100
|-damage|p2b: Longshanks|49/100 brn|[from] item: Life Orb
|cant|p1a: Kangaskhan|flinch
|
|-heal|p2a: Neil|59/100 brn|[from] item: Leftovers
|-damage|p2b: Longshanks|43/100 brn|[from] brn
|-damage|p2a: Neil|54/100 brn|[from] brn
|upkeep
|turn|5
|
|t:|1784936983
|move|p2a: Neil|Encore|p1a: Kangaskhan
|-start|p1a: Kangaskhan|Encore
|move|p2b: Longshanks|Earthquake|p1b: Ceruledge|[spread] p2a,p1a,p1b
|-supereffective|p1b: Ceruledge|1
|-damage|p2a: Neil|28/100 brn
|-damage|p1a: Kangaskhan|56/100
|-damage|p1b: Ceruledge|0 fnt
|faint|p1b: Ceruledge
|-damage|p2b: Longshanks|33/100 brn|[from] item: Life Orb
|move|p1a: Kangaskhan|Brick Break|p2a: Neil
|-supereffective|p2a: Neil|1
|-damage|p2a: Neil|0 fnt
|faint|p2a: Neil
|
|-damage|p2b: Longshanks|27/100 brn|[from] brn
|upkeep
|
|t:|1784936998
|switch|p1b: Rotom|Rotom-Wash, L50|16/100
|switch|p2a: Lola|Lopunny-Mega, L50, F|100/100
|turn|6
|
|t:|1784937075
|move|p2b: Longshanks|Scale Shot|p1b: Rotom
|-damage|p1b: Rotom|8/100
|-damage|p1b: Rotom|0 fnt
|faint|p1b: Rotom
|-hitcount|p1: Rotom|2
|-unboost|p2b: Longshanks|def|1
|-boost|p2b: Longshanks|spe|1
|-damage|p2b: Longshanks|17/100 brn|[from] item: Life Orb
|move|p2a: Lola|Close Combat|p1a: Kangaskhan
|-supereffective|p1a: Kangaskhan|1
|-damage|p1a: Kangaskhan|0 fnt
|-unboost|p2a: Lola|def|1
|-unboost|p2a: Lola|spd|1
|faint|p1a: Kangaskhan
|
|-damage|p2b: Longshanks|11/100 brn|[from] brn
|upkeep
|
|t:|1784937096
|switch|p1a: Floette|Floette-Eternal, L50, F|100/100
|turn|7
|
|t:|1784937138
|detailschange|p1a: Floette|Floette-Mega, L50, F
|-mega|p1a: Floette|Floette|Floettite
|-ability|p1a: Floette|Fairy Aura
|move|p1a: Floette|Protect|p1a: Floette
|-singleturn|p1a: Floette|Protect
|move|p2b: Longshanks|Rock Slide|p1a: Floette
|-activate|p1a: Floette|move: Protect
|move|p2a: Lola|Facade|p1a: Floette
|-activate|p1a: Floette|move: Protect
|
|-damage|p2b: Longshanks|5/100 brn|[from] brn
|upkeep
|turn|8
|
|t:|1784937225
|move|p2b: Longshanks|Rock Slide|p1a: Floette
|-damage|p1a: Floette|74/100
|-damage|p2b: Longshanks|0 fnt|[from] item: Life Orb
|faint|p2b: Longshanks
|move|p2a: Lola|Facade|p1a: Floette
|-damage|p1a: Floette|21/100
|move|p1a: Floette|Moonblast|p2a: Lola
|-supereffective|p2a: Lola|1
|-damage|p2a: Lola|0 fnt
|faint|p2a: Lola
|
|upkeep
|
|t:|1784937238
|switch|p2a: Nikki|Ariados, L50, F|100/100
|turn|9
|
|t:|1784937250
|move|p1a: Floette|Light of Ruin|p2a: Nikki
|-resisted|p2a: Nikki|1
|-damage|p2a: Nikki|28/100
|-enditem|p2a: Nikki|Sitrus Berry|[eat]
|-heal|p2a: Nikki|53/100|[from] item: Sitrus Berry
|-damage|p1a: Floette|0 fnt|[from] Recoil
|faint|p1a: Floette
|
|win|tilremo
|c|☆tilremo|ggs
|c|☆tilremo|really fun set of battles
