|j|☆thebeast4895
|j|☆Pokemonkey25
|html|thebeast4895Pokemonkey25    
|uhtml|bestof|Game 2 of a best-of-3
|t:|1785270588
|gametype|doubles
|player|p1|thebeast4895|101|1096
|player|p2|Pokemonkey25|swimmerf|1060
|gen|9
|tier|[Gen 9 Champions] VGC 2026 Reg M-B (Bo3)
|rated|
|rule|Species Clause: Limit one of each Pokémon
|rule|Item Clause: Limit 1 of each item
|clearpoke
|poke|p1|Talonflame, L50, F|
|poke|p1|Metagross, L50|
|poke|p1|Hydreigon, L50, M, shiny|
|poke|p1|Kingambit, L50, F, shiny|
|poke|p1|Gengar, L50, M|
|poke|p1|Snorlax, L50, F|
|poke|p2|Sinistcha, L50|
|poke|p2|Pelipper, L50, F|
|poke|p2|Grimmsnarl, L50, M|
|poke|p2|Maushold-Four, L50|
|poke|p2|Lucario, L50, F, shiny|
|poke|p2|Blastoise, L50, M|
|teampreview|4
|showteam|p1|Talonflame||SharpBeak|GaleWings|Tailwind,FlareBlitz,Protect,DualWingbeat|Jolly||F|||50|]Metagross||Metagrossite|ClearBody|Protect,BodyPress,IronHead,PsychicFangs|Adamant|||||50|]Hydreigon||LifeOrb|Levitate|DracoMeteor,DarkPulse,Protect,EarthPower|Modest||M|||50|]Kingambit||ChopleBerry|Defiant|LowKick,Protect,KowtowCleave,SuckerPunch|Adamant||F|||50|]Gengar||Gengarite|CursedBody|Protect,ShadowBall,SludgeBomb,PerishSong|Modest||M|||50|]Snorlax||Leftovers|ThickFat|Curse,Protect,BodyPress,DoubleEdge|Adamant||F|||50|
|showteam|p2|Sinistcha||BrightPowder|Hospitality|RagePowder,MatchaGotcha,LifeDew,ShadowBall|Calm|||||50|]Pelipper||LifeOrb|Drizzle|WideGuard,MuddyWater,Hurricane,Tailwind|Modest||F|||50|]Grimmsnarl||LightClay|Prankster|LightScreen,Reflect,Taunt,PartingShot|Careful||M|||50|]Maushold-Four||ChopleBerry|FriendGuard|FollowMe,BeatUp,SuperFang,Protect|Impish|||||50|]Lucario||Lucarionite|Justified|ExtremeSpeed,Detect,DrainPunch,MeteorMash|Careful||F|||50|]Blastoise||Blastoisinite|RainDish|ShellSmash,DarkPulse,WaterSpout,Protect|Modest||M|||50|
|inactive|Battle timer is ON: inactive players will automatically lose when time's up. (requested by Pokemonkey25)
|
|t:|1785270606
|teamsize|p1|4
|teamsize|p2|4
|start
|switch|p1a: Talonflame|Talonflame, L50, F|100/100
|switch|p1b: Metagross|Metagross, L50|100/100
|switch|p2a: imp or tint|Grimmsnarl, L50, M|100/100
|switch|p2b: Family Hug|Maushold-Four, L50|100/100
|turn|1
|inactive|thebeast4895 has 30 seconds left.
|
|t:|1785270631
|move|p2b: Family Hug|Protect|p2b: Family Hug
|-singleturn|p2b: Family Hug|Protect
|move|p1a: Talonflame|Dual Wingbeat|p2b: Family Hug
|-activate|p2b: Family Hug|move: Protect
|move|p2a: imp or tint|Reflect|p2a: imp or tint
|-sidestart|p2: Pokemonkey25|Reflect
|move|p1b: Metagross|Body Press|p2b: Family Hug
|-activate|p2b: Family Hug|move: Protect
|
|upkeep
|turn|2
|
|t:|1785270645
|detailschange|p1b: Metagross|Metagross-Mega, L50
|-mega|p1b: Metagross|Metagross|Metagrossite
|move|p1a: Talonflame|Tailwind|p1a: Talonflame
|-sidestart|p1: thebeast4895|move: Tailwind
|move|p2a: imp or tint|Parting Shot|p1b: Metagross
|-unboost|p1b: Metagross|atk|1
|-unboost|p1b: Metagross|spa|1
|j| soulmoonvgc
|
|t:|1785270651
|switch|p2a: Zero Fox|Lucario, L50, F, shiny|100/100|[from] Parting Shot
|move|p1b: Metagross|Psychic Fangs|p2b: Family Hug
|-sideend|p2: Pokemonkey25|Reflect
|-damage|p2b: Family Hug|49/100
|move|p2b: Family Hug|Beat Up|p2a: Zero Fox
|-resisted|p2a: Zero Fox|1
|-damage|p2a: Zero Fox|98/100
|-ability|p2a: Zero Fox|Justified|boost
|-boost|p2a: Zero Fox|atk|1
|-resisted|p2a: Zero Fox|1
|-damage|p2a: Zero Fox|97/100
|-ability|p2a: Zero Fox|Justified|boost
|-boost|p2a: Zero Fox|atk|1
|-resisted|p2a: Zero Fox|1
|-damage|p2a: Zero Fox|95/100
|-ability|p2a: Zero Fox|Justified|boost
|-boost|p2a: Zero Fox|atk|1
|-resisted|p2a: Zero Fox|1
|-damage|p2a: Zero Fox|95/100
|-ability|p2a: Zero Fox|Justified|boost
|-boost|p2a: Zero Fox|atk|1
|-hitcount|p2a: Zero Fox|4
|
|upkeep
|turn|3
|inactive|Pokemonkey25 has 30 seconds left.
|inactive|Pokemonkey25 has 20 seconds left.
|inactive|Pokemonkey25 has 15 seconds left.
|inactive|Pokemonkey25 has 10 seconds left.
|
|t:|1785270699
|detailschange|p2a: Zero Fox|Lucario-Mega, L50, F, shiny
|-mega|p2a: Zero Fox|Lucario|Lucarionite
|move|p2b: Family Hug|Follow Me|p2b: Family Hug
|-singleturn|p2b: Family Hug|move: Follow Me
|move|p2a: Zero Fox|Extreme Speed|p1a: Talonflame
|-damage|p1a: Talonflame|0 fnt
|faint|p1a: Talonflame
|move|p1b: Metagross|Body Press|p2b: Family Hug
|-supereffective|p2b: Family Hug|1
|-enditem|p2b: Family Hug|Chople Berry|[eat]
|-enditem|p2b: Family Hug|Chople Berry|[weaken]
|-damage|p2b: Family Hug|12/100
|
|upkeep
|
|t:|1785270717
|switch|p1a: Gengar|Gengar, L50, M|100/100
|turn|4
|
|t:|1785270729
|move|p1b: Metagross|Protect|p1b: Metagross
|-singleturn|p1b: Metagross|Protect
|move|p2b: Family Hug|Follow Me|p2b: Family Hug
|-singleturn|p2b: Family Hug|move: Follow Me
|move|p1a: Gengar|Perish Song|p1a: Gengar
|-start|p1a: Gengar|perish3|[silent]
|-start|p1b: Metagross|perish3|[silent]
|-start|p2a: Zero Fox|perish3|[silent]
|-start|p2b: Family Hug|perish3|[silent]
|-fieldactivate|move: Perish Song
|move|p2a: Zero Fox|Drain Punch|p1b: Metagross
|-activate|p1b: Metagross|move: Protect
|
|-start|p1b: Metagross|perish3
|-start|p1a: Gengar|perish3
|-start|p2b: Family Hug|perish3
|-start|p2a: Zero Fox|perish3
|upkeep
|turn|5
|inactive|Pokemonkey25 has 30 seconds left.
|
|t:|1785270757
|switch|p1b: Hydreigon|Hydreigon, L50, M, shiny|100/100
|move|p2b: Family Hug|Follow Me|p2b: Family Hug
|-singleturn|p2b: Family Hug|move: Follow Me
|move|p1a: Gengar|Sludge Bomb|p2b: Family Hug
|-damage|p2b: Family Hug|0 fnt
|faint|p2b: Family Hug
|move|p2a: Zero Fox|Drain Punch|p1b: Hydreigon
|-supereffective|p1b: Hydreigon|1
|-damage|p1b: Hydreigon|0 fnt
|-heal|p2a: Zero Fox|100/100|[from] drain|[of] p1b: Hydreigon
|faint|p1b: Hydreigon
|
|-start|p1a: Gengar|perish2
|-start|p2a: Zero Fox|perish2
|-sideend|p1: thebeast4895|move: Tailwind
|upkeep
|inactive|Pokemonkey25 has 30 seconds left.
|
|t:|1785270782
|switch|p1b: Metagross|Metagross-Mega, L50|100/100
|switch|p2b: imp or tint|Grimmsnarl, L50, M|100/100
|turn|6
|
|t:|1785270801
|move|p1b: Metagross|Protect|p1b: Metagross
|-singleturn|p1b: Metagross|Protect
|move|p2b: imp or tint|Parting Shot|p1b: Metagross
|-activate|p1b: Metagross|move: Protect
|move|p1a: Gengar|Sludge Bomb|p2b: imp or tint
|-supereffective|p2b: imp or tint|1
|-damage|p2b: imp or tint|0 fnt
|faint|p2b: imp or tint
|move|p2a: Zero Fox|Drain Punch|p1b: Metagross
|-activate|p1b: Metagross|move: Protect
|
|-start|p1a: Gengar|perish1
|-start|p2a: Zero Fox|perish1
|upkeep
|
|t:|1785270814
|switch|p2b: mine|Pelipper, L50, F|100/100
|-weather|RainDance|[from] ability: Drizzle|[of] p2b: mine
|turn|7
|
|t:|1785270828
|move|p1b: Metagross|Protect||[still]
|-fail|p1b: Metagross
|move|p1a: Gengar|Sludge Bomb|p2b: mine
|-damage|p2b: mine|32/100
|move|p2a: Zero Fox|Drain Punch|p1b: Metagross
|-damage|p1b: Metagross|0 fnt
|faint|p1b: Metagross
|move|p2b: mine|Muddy Water|p1a: Gengar
|-damage|p1a: Gengar|0 fnt
|faint|p1a: Gengar
|-damage|p2b: mine|23/100|[from] item: Life Orb
|
|win|Pokemonkey25
