|j|☆ossigt
|j|☆Abete
|html|ossigtAbete    
|uhtml|bestof|Game 1 of a best-of-3
|t:|1757666711
|gametype|doubles
|player|p1|ossigt|hilbert-wonderlauncher|1285
|player|p2|Abete|medium|1177
|gen|9
|tier|[Gen 9] VGC 2025 Reg H (Bo3)
|rated|
|rule|Species Clause: Limit one of each Pokémon
|rule|Item Clause: Limit 1 of each item
|clearpoke
|poke|p1|Kingambit, L50, F|
|poke|p1|Rillaboom, L50, F|
|poke|p1|Electabuzz, L50, M|
|poke|p1|Dragapult, L50, M|
|poke|p1|Volcarona, L50, M|
|poke|p1|Tauros-Paldea-Aqua, L50, M|
|poke|p2|Ceruledge, L50, F|
|poke|p2|Rillaboom, L50, M|
|poke|p2|Indeedee-F, L50, F|
|poke|p2|Gyarados, L50, M|
|poke|p2|Kingambit, L50, M|
|poke|p2|Sneasler, L50, M|
|teampreview|4
|showteam|p1|Kingambit||BlackGlasses|Defiant|Protect,KowtowCleave,SuckerPunch,SwordsDance|||F|||50|,,,,,Dark]Rillaboom||AssaultVest|GrassySurge|WoodHammer,GrassyGlide,Uturn,FakeOut|||F|||50|,,,,,Fire]Electabuzz||Eviolite|VitalSpirit|Protect,Thunderbolt,HelpingHand,FollowMe|||M|||50|,,,,,Ghost]Dragapult||ChoiceBand|ClearBody|DragonDarts,PhantomForce,Outrage,Uturn|||M|||50|,,,,,Ghost]Volcarona||CovertCloak|FlameBody|Protect,HeatWave,GigaDrain,QuiverDance|||M|||50|,,,,,Dragon]Tauros-Paldea-Aqua||MirrorHerb|Intimidate|Protect,WaveCrash,CloseCombat,AquaJet|||M|||50|,,,,,Water
|showteam|p2|Ceruledge||Leftovers|FlashFire|BitterBlade,Poltergeist,ShadowSneak,BulkUp|||F|||50|,,,,,Grass]Rillaboom||AssaultVest|GrassySurge|FakeOut,WoodHammer,GrassyGlide,Uturn|||M|||50|,,,,,Fire]Indeedee-F||PsychicSeed|PsychicSurge|Psychic,HelpingHand,TrickRoom,FollowMe|||F|||50|,,,,,Water]Gyarados||RockyHelmet|Intimidate|Waterfall,ThunderWave,Taunt,Protect|||M|||50|,,,,,Fairy]Kingambit||BlackGlasses|Defiant|SwordsDance,KowtowCleave,SuckerPunch,Protect|||M|||50|,,,,,Dark]Sneasler||WhiteHerb|Unburden|CloseCombat,DireClaw,ThroatChop,Protect|||M|||50|,,,,,Stellar
|c|☆Abete|glhf
|inactive|Battle timer is ON: inactive players will automatically lose when time's up. (requested by Abete)
|c|☆ossigt|u2
|inactive|ossigt has 60 seconds left.
|inactive|Abete has 60 seconds left.
|
|t:|1757666774
|teamsize|p1|4
|teamsize|p2|4
|start
|switch|p1a: Dragapult|Dragapult, L50, M, shiny|100/100
|switch|p1b: Volcarona|Volcarona, L50, M, shiny|100/100
|switch|p2a: Ceruledge|Ceruledge, L50, F|100/100
|switch|p2b: Rillaboom|Rillaboom, L50, M|100/100
|-fieldstart|move: Grassy Terrain|[from] ability: Grassy Surge|[of] p2b: Rillaboom
|turn|1
|inactive|ossigt has 30 seconds left.
|inactive|Abete has 30 seconds left.
|inactive|ossigt has 20 seconds left.
|
|t:|1757666813
|-terastallize|p2a: Ceruledge|Grass
|move|p1a: Dragapult|Outrage|p2b: Rillaboom
|-damage|p2b: Rillaboom|19/100
|move|p1b: Volcarona|Quiver Dance|p1b: Volcarona
|-boost|p1b: Volcarona|spa|1
|-boost|p1b: Volcarona|spd|1
|-boost|p1b: Volcarona|spe|1
|move|p2b: Rillaboom|U-turn|p1a: Dragapult
|-resisted|p1a: Dragapult
|-damage|p1a: Dragapult|84/100
|
|t:|1757666820
|switch|p2b: Indeedee|Indeedee-F, L50, F|100/100|[from] U-turn
|-fieldstart|move: Psychic Terrain|[from] ability: Psychic Surge|[of] p2b: Indeedee
|-enditem|p2b: Indeedee|Psychic Seed
|-boost|p2b: Indeedee|spd|1|[from] item: Psychic Seed
|move|p2a: Ceruledge|Bulk Up|p2a: Ceruledge
|-boost|p2a: Ceruledge|atk|1
|-boost|p2a: Ceruledge|def|1
|
|upkeep
|turn|2
|inactive|Abete has 30 seconds left.
|inactive|ossigt has 30 seconds left.
|
|t:|1757666856
|move|p1b: Volcarona|Protect|p1b: Volcarona
|-singleturn|p1b: Volcarona|Protect
|move|p2b: Indeedee|Follow Me|p2b: Indeedee
|-singleturn|p2b: Indeedee|move: Follow Me
|move|p1a: Dragapult|Outrage|p2b: Indeedee|[from] lockedmove
|-damage|p2b: Indeedee|11/100
|-start|p1a: Dragapult|confusion|[fatigue]
|move|p2a: Ceruledge|Poltergeist|p1a: Dragapult
|-activate|p1a: Dragapult|move: Poltergeist|Choice Band
|-supereffective|p1a: Dragapult
|-damage|p1a: Dragapult|0 fnt
|faint|p1a: Dragapult
|
|upkeep
|
|t:|1757666873
|switch|p1a: Tauros|Tauros-Paldea-Aqua, L50, M|100/100
|-ability|p1a: Tauros|Intimidate|boost
|-unboost|p2a: Ceruledge|atk|1
|-unboost|p2b: Indeedee|atk|1
|turn|3
|inactive|Abete has 30 seconds left.
|
|t:|1757666905
|switch|p1a: Electabuzz|Electabuzz, L50, M, shiny|100/100
|switch|p2b: Gyarados|Gyarados, L50, M|100/100
|-ability|p2b: Gyarados|Intimidate|boost
|-unboost|p1a: Electabuzz|atk|1
|-unboost|p1b: Volcarona|atk|1
|-terastallize|p1b: Volcarona|Dragon
|move|p1b: Volcarona|Giga Drain|p2b: Gyarados
|-damage|p2b: Gyarados|70/100
|move|p2a: Ceruledge|Bulk Up|p2a: Ceruledge
|-boost|p2a: Ceruledge|atk|1
|-boost|p2a: Ceruledge|def|1
|
|upkeep
|turn|4
|
|t:|1757666927
|move|p2b: Gyarados|Protect|p2b: Gyarados
|-singleturn|p2b: Gyarados|Protect
|move|p1b: Volcarona|Quiver Dance|p1b: Volcarona
|-boost|p1b: Volcarona|spa|1
|-boost|p1b: Volcarona|spd|1
|-boost|p1b: Volcarona|spe|1
|move|p1a: Electabuzz|Thunderbolt|p2b: Gyarados
|-activate|p2b: Gyarados|move: Protect
|move|p2a: Ceruledge|Bulk Up|p2a: Ceruledge
|-boost|p2a: Ceruledge|atk|1
|-boost|p2a: Ceruledge|def|1
|
|upkeep
|turn|5
|
|t:|1757666947
|switch|p2b: Indeedee|Indeedee-F, L50, F|11/100
|move|p1b: Volcarona|Giga Drain|p2a: Ceruledge
|-resisted|p2a: Ceruledge
|-damage|p2a: Ceruledge|73/100
|move|p1a: Electabuzz|Thunderbolt|p2b: Indeedee
|-damage|p2b: Indeedee|0 fnt
|faint|p2b: Indeedee
|move|p2a: Ceruledge|Poltergeist|p1a: Electabuzz
|-activate|p1a: Electabuzz|move: Poltergeist|Eviolite
|-damage|p1a: Electabuzz|23/100
|
|-heal|p2a: Ceruledge|79/100|[from] item: Leftovers
|-fieldend|move: Psychic Terrain
|upkeep
|
|t:|1757666964
|switch|p2b: Rillaboom|Rillaboom, L50, M|19/100
|-fieldstart|move: Grassy Terrain|[from] ability: Grassy Surge|[of] p2b: Rillaboom
|turn|6
|
|t:|1757666970
|switch|p1a: Tauros|Tauros-Paldea-Aqua, L50, M|100/100
|-ability|p1a: Tauros|Intimidate|boost
|-unboost|p2a: Ceruledge|atk|1
|-unboost|p2b: Rillaboom|atk|1
|move|p1b: Volcarona|Protect|p1b: Volcarona
|-singleturn|p1b: Volcarona|Protect
|move|p2b: Rillaboom|Fake Out|p1b: Volcarona
|-activate|p1b: Volcarona|move: Protect
|move|p2a: Ceruledge|Shadow Sneak|p1a: Tauros
|-damage|p1a: Tauros|67/100
|
|-heal|p1a: Tauros|73/100|[from] Grassy Terrain
|-heal|p2b: Rillaboom|25/100|[from] Grassy Terrain
|-heal|p2a: Ceruledge|84/100|[from] Grassy Terrain
|-heal|p2a: Ceruledge|90/100|[from] item: Leftovers
|upkeep
|turn|7
|
|t:|1757666987
|switch|p1a: Electabuzz|Electabuzz, L50, M, shiny|23/100
|move|p2b: Rillaboom|Grassy Glide|p1a: Electabuzz
|-damage|p1a: Electabuzz|4/100
|move|p1b: Volcarona|Giga Drain|p2a: Ceruledge
|-resisted|p2a: Ceruledge
|-damage|p2a: Ceruledge|54/100
|move|p2a: Ceruledge|Poltergeist|p1b: Volcarona
|-activate|p1b: Volcarona|move: Poltergeist|Covert Cloak
|-damage|p1b: Volcarona|4/100
|
|-heal|p1b: Volcarona|10/100|[from] Grassy Terrain
|-heal|p1a: Electabuzz|10/100|[from] Grassy Terrain
|-heal|p2b: Rillaboom|31/100|[from] Grassy Terrain
|-heal|p2a: Ceruledge|60/100|[from] Grassy Terrain
|-heal|p2a: Ceruledge|65/100|[from] item: Leftovers
|upkeep
|turn|8
|inactive|ossigt has 30 seconds left.
|
|t:|1757667014
|switch|p1a: Tauros|Tauros-Paldea-Aqua, L50, M|73/100
|-ability|p1a: Tauros|Intimidate|boost
|-unboost|p2a: Ceruledge|atk|1
|-unboost|p2b: Rillaboom|atk|1
|move|p1b: Volcarona|Protect|p1b: Volcarona
|-singleturn|p1b: Volcarona|Protect
|move|p2b: Rillaboom|Grassy Glide|p1a: Tauros
|-supereffective|p1a: Tauros
|-damage|p1a: Tauros|33/100
|move|p2a: Ceruledge|Shadow Sneak|p1b: Volcarona
|-activate|p1b: Volcarona|move: Protect
|
|-heal|p1b: Volcarona|16/100|[from] Grassy Terrain
|-heal|p1a: Tauros|39/100|[from] Grassy Terrain
|-heal|p2b: Rillaboom|37/100|[from] Grassy Terrain
|-heal|p2a: Ceruledge|71/100|[from] Grassy Terrain
|-heal|p2a: Ceruledge|77/100|[from] item: Leftovers
|upkeep
|turn|9
|
|t:|1757667024
|move|p2a: Ceruledge|Shadow Sneak|p1b: Volcarona
|-damage|p1b: Volcarona|0 fnt
|faint|p1b: Volcarona
|move|p1a: Tauros|Close Combat|p2a: Ceruledge
|-damage|p2a: Ceruledge|55/100
|-unboost|p1a: Tauros|def|1
|-unboost|p1a: Tauros|spd|1
|move|p2b: Rillaboom|Wood Hammer|p1a: Tauros
|-supereffective|p1a: Tauros
|-damage|p1a: Tauros|0 fnt
|faint|p1a: Tauros
|-damage|p2b: Rillaboom|27/100|[from] Recoil
|
|-heal|p2b: Rillaboom|33/100|[from] Grassy Terrain
|-heal|p2a: Ceruledge|60/100|[from] Grassy Terrain
|-heal|p2a: Ceruledge|66/100|[from] item: Leftovers
|upkeep
|
|t:|1757667028
|switch|p1b: Electabuzz|Electabuzz, L50, M, shiny|10/100
|turn|10
|-message|ossigt forfeited.
|
|win|Abete
||Abete is ready for game 2.
|l|☆Abete
|player|p2|
||ossigt is ready for game 2.
|uhtml|next|Next: Game 2 of 3
