|j|☆higigig
|j|☆BestBoi9898
|html|higigigBestBoi9898    
|uhtml|bestof|Game 3 of a best-of-3
|t:|1756713579
|gametype|doubles
|player|p1|higigig|sisandbro|1137
|player|p2|BestBoi9898|101|1090
|gen|9
|tier|[Gen 9] VGC 2025 Reg H (Bo3)
|rated|
|rule|Species Clause: Limit one of each Pokémon
|rule|Item Clause: Limit 1 of each item
|clearpoke
|poke|p1|Sneasler, L50, M|
|poke|p1|Gholdengo, L50|
|poke|p1|Amoonguss, L50, F|
|poke|p1|Incineroar, L50, F|
|poke|p1|Ursaluna-Bloodmoon, L50, M|
|poke|p1|Farigiraf, L50, F|
|poke|p2|Tyranitar, L50, M|
|poke|p2|Excadrill, L50, M|
|poke|p2|Amoonguss, L50, F|
|poke|p2|Salamence, L50, F|
|poke|p2|Rotom-Heat, L50|
|poke|p2|Primarina, L50, F|
|teampreview|4
|showteam|p1|Sneasler||ClearAmulet|PoisonTouch|FakeOut,CloseCombat,DireClaw,Protect|||M|||50|,,,,,Water]Gholdengo||MetalCoat|GoodasGold|NastyPlot,MakeItRain,ShadowBall,Protect||||||50|,,,,,Water]Amoonguss||MentalHerb|Regenerator|Spore,RagePowder,PollenPuff,Protect|||F|||50|,,,,,Water]Incineroar||SafetyGoggles|Intimidate|FakeOut,FlareBlitz,KnockOff,PartingShot|||F|||50|,,,,,Ghost]Ursaluna-Bloodmoon||LifeOrb|MindsEye|CalmMind,HyperVoice,EarthPower,BloodMoon|||M|||50|,,,,,Poison]Farigiraf||ThroatSpray|ArmorTail|HyperVoice,Psychic,TrickRoom,Protect|||F|||50|,,,,,Dragon
|showteam|p2|Tyranitar||AssaultVest|SandStream|RockSlide,KnockOff,TeraBlast,LowKick|||M|||50|,,,,,Flying]Excadrill||ClearAmulet|SandRush|Earthquake,IronHead,RockSlide,Protect|||M|||50|,,,,,Ground]Amoonguss||SitrusBerry|Regenerator|RagePowder,PollenPuff,Spore,Protect|||F|||50|,,,,,Water]Salamence||LifeOrb|Intimidate|AirSlash,DracoMeteor,Tailwind,Protect|||F|||50|,,,,,Poison]Rotom-Heat||SafetyGoggles|Levitate|Overheat,Thunderbolt,WillOWisp,Protect||||||50|,,,,,Electric]Primarina||ThroatSpray|LiquidVoice|Moonblast,HyperVoice,Haze,Protect|||F|||50|,,,,,Grass
|inactive|Battle timer is ON: inactive players will automatically lose when time's up. (requested by higigig)
|inactive|higigig has 60 seconds left.
|inactive|higigig has 30 seconds left.
|inactive|higigig has 20 seconds left.
|inactive|higigig has 15 seconds left.
|inactive|higigig has 10 seconds left.
|inactive|higigig has 5 seconds left.
|
|t:|1756713667
|teamsize|p1|4
|teamsize|p2|4
|start
|switch|p1a: Sneasler|Sneasler, L50, M|100/100
|switch|p1b: Ursaluna|Ursaluna-Bloodmoon, L50, M|100/100
|switch|p2a: Excadrill|Excadrill, L50, M|100/100
|switch|p2b: Amoonguss|Amoonguss, L50, F|100/100
|turn|1
|inactive|higigig has 30 seconds left.
|inactive|BestBoi9898 has 30 seconds left.
|
|t:|1756713700
|-terastallize|p1a: Sneasler|Water
|-terastallize|p2a: Excadrill|Ground
|move|p2b: Amoonguss|Protect|p2b: Amoonguss
|-singleturn|p2b: Amoonguss|Protect
|move|p1a: Sneasler|Fake Out|p2b: Amoonguss
|-activate|p2b: Amoonguss|move: Protect
|move|p2a: Excadrill|Earthquake|p1b: Ursaluna|[spread] p1a,p1b
|-activate|p2b: Amoonguss|move: Protect
|-crit|p1a: Sneasler
|-damage|p1a: Sneasler|0 fnt
|-damage|p1b: Ursaluna|64/100
|faint|p1a: Sneasler
|move|p1b: Ursaluna|Calm Mind|p1b: Ursaluna
|-boost|p1b: Ursaluna|spa|1
|-boost|p1b: Ursaluna|spd|1
|
|upkeep
|
|t:|1756713722
|switch|p1a: Amoonguss|Amoonguss, L50, F|100/100
|turn|2
|
|t:|1756713730
|move|p2a: Excadrill|Protect|p2a: Excadrill
|-singleturn|p2a: Excadrill|Protect
|move|p1b: Ursaluna|Blood Moon|p2b: Amoonguss
|-damage|p2b: Amoonguss|0 fnt
|faint|p2b: Amoonguss
|-damage|p1b: Ursaluna|54/100|[from] item: Life Orb
|move|p1a: Amoonguss|Pollen Puff|p1b: Ursaluna
|-heal|p1b: Ursaluna|100/100
|
|upkeep
|
|t:|1756713741
|switch|p2b: Rotom|Rotom-Heat, L50|100/100
|turn|3
|inactive|higigig has 30 seconds left.
|
|t:|1756713770
|move|p1a: Amoonguss|Protect|p1a: Amoonguss
|-singleturn|p1a: Amoonguss|Protect
|move|p2b: Rotom|Overheat|p1b: Ursaluna
|-damage|p1b: Ursaluna|57/100
|-unboost|p2b: Rotom|spa|2
|move|p2a: Excadrill|Earthquake|p1b: Ursaluna|[spread] p1b
|-activate|p1a: Amoonguss|move: Protect
|-immune|p2b: Rotom|[from] ability: Levitate
|-damage|p1b: Ursaluna|19/100
|move|p1b: Ursaluna|Earth Power|p2a: Excadrill
|-damage|p2a: Excadrill|0 fnt
|faint|p2a: Excadrill
|-damage|p1b: Ursaluna|10/100|[from] item: Life Orb
|
|upkeep
|
|t:|1756713785
|switch|p2a: Tyranitar|Tyranitar, L50, M|100/100
|-weather|Sandstorm|[from] ability: Sand Stream|[of] p2a: Tyranitar
|turn|4
|
|t:|1756713804
|switch|p1b: Farigiraf|Farigiraf, L50, F|100/100
|move|p2b: Rotom|Overheat|p1a: Amoonguss
|-supereffective|p1a: Amoonguss
|-damage|p1a: Amoonguss|46/100
|-unboost|p2b: Rotom|spa|2
|move|p2a: Tyranitar|Rock Slide|p1a: Amoonguss|[spread] p1a,p1b
|-damage|p1a: Amoonguss|21/100
|-damage|p1b: Farigiraf|70/100
|move|p1a: Amoonguss|Spore|p2a: Tyranitar
|-status|p2a: Tyranitar|slp|[from] move: Spore
|
|-weather|Sandstorm|[upkeep]
|-damage|p1b: Farigiraf|64/100|[from] Sandstorm
|-damage|p1a: Amoonguss|15/100|[from] Sandstorm
|upkeep
|turn|5
|inactive|BestBoi9898 has 30 seconds left.
|inactive|BestBoi9898 has 20 seconds left.
|
|t:|1756713839
|move|p1a: Amoonguss|Protect|p1a: Amoonguss
|-singleturn|p1a: Amoonguss|Protect
|move|p2b: Rotom|Will-O-Wisp|p1a: Amoonguss
|-activate|p1a: Amoonguss|move: Protect
|cant|p2a: Tyranitar|slp
|move|p1b: Farigiraf|Trick Room|p1b: Farigiraf
|-fieldstart|move: Trick Room|[of] p1b: Farigiraf
|
|-weather|Sandstorm|[upkeep]
|-damage|p1a: Amoonguss|10/100|[from] Sandstorm
|-damage|p1b: Farigiraf|58/100|[from] Sandstorm
|upkeep
|turn|6
|
|t:|1756713854
|switch|p1b: Ursaluna|Ursaluna-Bloodmoon, L50, M|10/100
|move|p1a: Amoonguss|Pollen Puff|p1b: Ursaluna
|-heal|p1b: Ursaluna|59/100
|cant|p2a: Tyranitar|slp
|move|p2b: Rotom|Will-O-Wisp|p1a: Amoonguss
|-status|p1a: Amoonguss|brn
|
|-weather|Sandstorm|[upkeep]
|-damage|p1a: Amoonguss|4/100 brn|[from] Sandstorm
|-damage|p1a: Amoonguss|0 fnt|[from] brn
|faint|p1a: Amoonguss
|upkeep
|j| T-Soro
|
|t:|1756713862
|switch|p1a: Farigiraf|Farigiraf, L50, F|58/100
|turn|7
|l| T-Soro
|
|t:|1756713876
|move|p1a: Farigiraf|Hyper Voice|p2a: Tyranitar|[spread] p2a,p2b
|-resisted|p2a: Tyranitar
|-crit|p2a: Tyranitar
|-damage|p2a: Tyranitar|92/100 slp
|-damage|p2b: Rotom|68/100
|-enditem|p1a: Farigiraf|Throat Spray
|-boost|p1a: Farigiraf|spa|1|[from] item: Throat Spray
|move|p1b: Ursaluna|Earth Power|p2a: Tyranitar
|-supereffective|p2a: Tyranitar
|-damage|p2a: Tyranitar|43/100 slp
|-damage|p1b: Ursaluna|50/100|[from] item: Life Orb
|cant|p2a: Tyranitar|slp
|move|p2b: Rotom|Will-O-Wisp|p1a: Farigiraf|[miss]
|-miss|p2b: Rotom|p1a: Farigiraf
|
|-weather|Sandstorm|[upkeep]
|-damage|p1a: Farigiraf|52/100|[from] Sandstorm
|upkeep
|turn|8
|
|t:|1756713896
|move|p1a: Farigiraf|Hyper Voice|p2b: Rotom|[spread] p2a,p2b
|-resisted|p2a: Tyranitar
|-damage|p2a: Tyranitar|34/100 slp
|-damage|p2b: Rotom|18/100
|move|p1b: Ursaluna|Earth Power|p2a: Tyranitar
|-supereffective|p2a: Tyranitar
|-damage|p2a: Tyranitar|0 fnt
|faint|p2a: Tyranitar
|-damage|p1b: Ursaluna|40/100|[from] item: Life Orb
|move|p2b: Rotom|Overheat|p1b: Ursaluna
|-damage|p1b: Ursaluna|18/100
|-unboost|p2b: Rotom|spa|2
|
|-weather|none
|upkeep
|turn|9
|
|t:|1756713909
|move|p1a: Farigiraf|Hyper Voice|p2b: Rotom
|-damage|p2b: Rotom|0 fnt
|faint|p2b: Rotom
|
|win|higigig
|raw|higigig's rating: 1137 → 1159(+22 for winning)
|raw|BestBoi9898's rating: 1090 → 1070(-20 for losing)
