|j|☆IronStandsEternal
|j|☆mjs_12
|html|IronStandsEternalmjs_12    
|uhtml|bestof|Game 1 of a best-of-3
|t:|1757102270
|gametype|doubles
|player|p1|IronStandsEternal|flint|1206
|player|p2|mjs_12|102|1155
|gen|9
|tier|[Gen 9] VGC 2025 Reg H (Bo3)
|rated|
|rule|Species Clause: Limit one of each Pokémon
|rule|Item Clause: Limit 1 of each item
|clearpoke
|poke|p1|Rillaboom, L50, M|
|poke|p1|Dragonite, L50, M|
|poke|p1|Sneasler, L50, M|
|poke|p1|Ninetales-Alola, L50, F|
|poke|p1|Kingambit, L50, M|
|poke|p1|Volcarona, L50, M|
|poke|p2|Reuniclus, L50, M|
|poke|p2|Indeedee-F, L50, F|
|poke|p2|Tyranitar, L50, F|
|poke|p2|Annihilape, L50, F|
|poke|p2|Incineroar, L50, F|
|poke|p2|Primarina, L50, M|
|teampreview|4
|showteam|p1|Rillaboom||AssaultVest|GrassySurge|WoodHammer,GrassyGlide,HighHorsepower,FakeOut|||M|||50|,,,,,Fire]Dragonite||LoadedDice|Multiscale|Protect,ScaleShot,LowKick,Haze|||M|||50|,,,,,Fairy]Sneasler||WhiteHerb|Unburden|Protect,DireClaw,CloseCombat,Coaching|||M|||50|,,,,,Ghost]Ninetales-Alola||ChoiceSpecs|SnowWarning|Blizzard,IcyWind,Moonblast,FreezeDry|||F|||50|,,,,,Ghost]Kingambit||SafetyGoggles|Defiant|Protect,KowtowCleave,SuckerPunch,SwordsDance|||M|||50|,,,,,Dark]Volcarona||CovertCloak|FlameBody|StruggleBug,RagePowder,Overheat,WillOWisp|||M|||50|,,,,,Fairy
|showteam|p2|Reuniclus||LifeOrb|MagicGuard|ExpandingForce,TrickRoom,EnergyBall,Protect|||M|||50|,,,,,Grass]Indeedee-F||SafetyGoggles|PsychicSurge|FollowMe,TrickRoom,Psychic,SkillSwap|||F|||50|,,,,,Fairy]Tyranitar||ClearAmulet|SandStream|RockSlide,Protect,KnockOff,HelpingHand|||F|||50|,,,,,Ghost]Annihilape||ChoiceScarf|Defiant|CloseCombat,FinalGambit,RageFist,Uturn|||F|||50|,,,,,Fire]Incineroar||AssaultVest|Intimidate|FakeOut,KnockOff,Uturn,FlareBlitz|||F|||50|,,,,,Ghost]Primarina||Leftovers|LiquidVoice|HyperVoice,Moonblast,Haze,Protect|||M|||50|,,,,,Water
|inactive|Battle timer is ON: inactive players will automatically lose when time's up. (requested by mjs_12)
|
|t:|1757102357
|teamsize|p1|4
|teamsize|p2|4
|start
|switch|p1a: Volcarona|Volcarona, L50, M|100/100
|switch|p1b: Kingambit|Kingambit, L50, M|100/100
|switch|p2a: Incineroar|Incineroar, L50, F|100/100
|switch|p2b: Primarina|Primarina, L50, M|100/100
|-ability|p2a: Incineroar|Intimidate|boost
|-unboost|p1a: Volcarona|atk|1
|-unboost|p1b: Kingambit|atk|1
|-ability|p1b: Kingambit|Defiant|boost
|-boost|p1b: Kingambit|atk|2
|turn|1
|inactive|mjs_12 has 30 seconds left.
|inactive|IronStandsEternal has 30 seconds left.
|inactive|mjs_12 has 20 seconds left.
|
|t:|1757102394
|move|p1b: Kingambit|Protect|p1b: Kingambit
|-singleturn|p1b: Kingambit|Protect
|move|p1a: Volcarona|Struggle Bug|p2a: Incineroar|[spread] p2a,p2b
|-resisted|p2b: Primarina
|-damage|p2a: Incineroar|90/100
|-damage|p2b: Primarina|94/100
|-unboost|p2a: Incineroar|spa|1
|-unboost|p2b: Primarina|spa|1
|move|p2b: Primarina|Haze|p2b: Primarina
|-clearallboost
|move|p2a: Incineroar|Knock Off|p1a: Volcarona
|-damage|p1a: Volcarona|44/100
|-enditem|p1a: Volcarona|Covert Cloak|[from] move: Knock Off|[of] p2a: Incineroar
|
|-heal|p2b: Primarina|99/100|[from] item: Leftovers
|upkeep
|turn|2
|inactive|IronStandsEternal has 30 seconds left.
|inactive|mjs_12 has 30 seconds left.
|inactive|IronStandsEternal has 20 seconds left.
|
|t:|1757102429
|move|p1a: Volcarona|Will-O-Wisp|p2b: Primarina
|-status|p2b: Primarina|brn
|move|p2b: Primarina|Hyper Voice|p1b: Kingambit|[spread] p1a,p1b
|-supereffective|p1a: Volcarona
|-damage|p1a: Volcarona|0 fnt
|-damage|p1b: Kingambit|68/100
|faint|p1a: Volcarona
|move|p2a: Incineroar|Flare Blitz|p1b: Kingambit
|-supereffective|p1b: Kingambit
|-damage|p1b: Kingambit|0 fnt
|faint|p1b: Kingambit
|-damage|p2a: Incineroar|63/100|[from] Recoil
|
|-heal|p2b: Primarina|100/100 brn|[from] item: Leftovers
|-damage|p2b: Primarina|95/100 brn|[from] brn
|upkeep
|
|t:|1757102438
|switch|p1a: Sneasler|Sneasler, L50, M|100/100
|switch|p1b: Dragonite|Dragonite, L50, M|100/100
|turn|3
|
|t:|1757102454
|switch|p2a: Annihilape|Annihilape, L50, F|100/100
|move|p1a: Sneasler|Protect|p1a: Sneasler
|-singleturn|p1a: Sneasler|Protect
|move|p1b: Dragonite|Protect|p1b: Dragonite
|-singleturn|p1b: Dragonite|Protect
|move|p2b: Primarina|Hyper Voice|p1a: Sneasler|[spread] 
|-activate|p1a: Sneasler|move: Protect
|-activate|p1b: Dragonite|move: Protect
|
|-heal|p2b: Primarina|100/100 brn|[from] item: Leftovers
|-damage|p2b: Primarina|95/100 brn|[from] brn
|upkeep
|turn|4
|inactive|IronStandsEternal has 30 seconds left.
|
|t:|1757102481
|-terastallize|p1b: Dragonite|Fairy
|-terastallize|p2b: Primarina|Water
|move|p2a: Annihilape|Final Gambit|p1b: Dragonite
|-damage|p1b: Dragonite|0 fnt
|faint|p2a: Annihilape
|faint|p1b: Dragonite
|move|p1a: Sneasler|Dire Claw|p2b: Primarina
|-damage|p2b: Primarina|43/100 brn
|move|p2b: Primarina|Moonblast|p1a: Sneasler
|-damage|p1a: Sneasler|32/100
|
|-heal|p2b: Primarina|49/100 brn|[from] item: Leftovers
|-damage|p2b: Primarina|43/100 brn|[from] brn
|upkeep
|
|t:|1757102493
|switch|p2a: Incineroar|Incineroar, L50, F|63/100
|-ability|p2a: Incineroar|Intimidate|boost
|-unboost|p1a: Sneasler|atk|1
|-enditem|p1a: Sneasler|White Herb
|-clearnegativeboost|p1a: Sneasler|[silent]
|turn|5
|
|t:|1757102498
|move|p1a: Sneasler|Protect|p1a: Sneasler
|-singleturn|p1a: Sneasler|Protect
|move|p2a: Incineroar|Fake Out|p1a: Sneasler
|-activate|p1a: Sneasler|move: Protect
|move|p2b: Primarina|Moonblast|p1a: Sneasler
|-activate|p1a: Sneasler|move: Protect
|
|-heal|p2b: Primarina|49/100 brn|[from] item: Leftovers
|-damage|p2b: Primarina|43/100 brn|[from] brn
|upkeep
|turn|6
|
|t:|1757102516
|move|p1a: Sneasler|Dire Claw|p2b: Primarina
|-damage|p2b: Primarina|0 fnt
|faint|p2b: Primarina
|move|p2a: Incineroar|Flare Blitz|p1a: Sneasler
|-damage|p1a: Sneasler|0 fnt
|faint|p1a: Sneasler
|-damage|p2a: Incineroar|54/100|[from] Recoil
|
|win|mjs_12
||mjs_12 is ready for game 2.
||IronStandsEternal is ready for game 2.
|uhtml|next|Next: Game 2 of 3
|l|☆mjs_12
|player|p2|
