|j|☆JNEST
|j|☆luckstat10
|html|JNESTluckstat10    
|uhtml|bestof|Game 2 of a best-of-3
|t:|1756249840
|gametype|doubles
|player|p1|JNEST|veteran-gen4|1128
|player|p2|luckstat10|2|1151
|gen|9
|tier|[Gen 9] VGC 2025 Reg H (Bo3)
|rated|
|rule|Species Clause: Limit one of each Pokémon
|rule|Item Clause: Limit 1 of each item
|clearpoke
|poke|p1|Sneasler, L50, F|
|poke|p1|Indeedee, L50, M|
|poke|p1|Volcarona, L50, M|
|poke|p1|Ursaluna-Bloodmoon, L50, M|
|poke|p1|Annihilape, L50, F|
|poke|p1|Tyranitar, L50, M|
|poke|p2|Rillaboom, L50, M|
|poke|p2|Sneasler, L50, F|
|poke|p2|Gholdengo, L50|
|poke|p2|Volcarona, L50, F|
|poke|p2|Incineroar, L50, M|
|poke|p2|Ninetales-Alola, L50, M|
|teampreview|4
|showteam|p1|Sneasler||PsychicSeed|Unburden|CloseCombat,DireClaw,ThroatChop,Protect|||F|||50|,,,,,Dark]Indeedee||ChoiceScarf|PsychicSurge|ExpandingForce,TeraBlast,Trick,Protect|||M|||50|,,,,,Psychic]Volcarona||SitrusBerry|FlameBody|Overheat,StruggleBug,RagePowder,Tailwind|||M|||50|,,,,,Grass]Ursaluna-Bloodmoon||LifeOrb|MindsEye|BloodMoon,HyperVoice,EarthPower,Protect|||M|||50|,,,,,Normal]Annihilape||SafetyGoggles|Defiant|CloseCombat,RageFist,Taunt,FinalGambit|||F|||50|,,,,,Fairy]Tyranitar||AssaultVest|SandStream|RockSlide,KnockOff,TeraBlast,LowKick|||M|||50|,,,,,Flying
|showteam|p2|Rillaboom||AssaultVest|GrassySurge|FakeOut,WoodHammer,GrassyGlide,HighHorsepower|||M|||50|,,,,,Fire]Sneasler||FocusSash|PoisonTouch|FakeOut,CloseCombat,DireClaw,Protect|||F|||50|,,,,,Stellar]Gholdengo||LifeOrb|GoodasGold|NastyPlot,MakeItRain,ShadowBall,Protect||||||50|,,,,,Water]Volcarona||SitrusBerry|FlameBody|QuiverDance,HeatWave,GigaDrain,Protect|||F|||50|,,,,,Grass]Incineroar||SafetyGoggles|Intimidate|FakeOut,KnockOff,PartingShot,Taunt|||M|||50|,,,,,Ghost]Ninetales-Alola||CovertCloak|SnowWarning|AuroraVeil,IcyWind,Moonblast,Protect|||M|||50|,,,,,Poison
|inactive|Battle timer is ON: inactive players will automatically lose when time's up. (requested by JNEST)
|
|t:|1756249863
|teamsize|p1|4
|teamsize|p2|4
|start
|switch|p1a: Annihilape|Annihilape, L50, F|100/100
|switch|p1b: Volcarona|Volcarona, L50, M|100/100
|switch|p2a: Midas|Gholdengo, L50|100/100
|switch|p2b: Dare|Sneasler, L50, F|100/100
|turn|1
|
|t:|1756249878
|move|p2b: Dare|Dire Claw|p1b: Volcarona
|-damage|p1b: Volcarona|47/100
|-status|p1b: Volcarona|par
|-status|p2b: Dare|brn|[from] ability: Flame Body|[of] p1b: Volcarona
|-enditem|p1b: Volcarona|Sitrus Berry|[eat]
|-heal|p1b: Volcarona|72/100 par|[from] item: Sitrus Berry
|move|p1a: Annihilape|Rage Fist|p2a: Midas
|-supereffective|p2a: Midas
|-damage|p2a: Midas|55/100
|move|p2a: Midas|Shadow Ball|p1a: Annihilape
|-supereffective|p1a: Annihilape
|-damage|p1a: Annihilape|0 fnt
|faint|p1a: Annihilape
|-damage|p2a: Midas|45/100|[from] item: Life Orb
|move|p1b: Volcarona|Tailwind|p1b: Volcarona
|-sidestart|p1: JNEST|move: Tailwind
|
|-damage|p2b: Dare|95/100 brn|[from] brn
|upkeep
|
|t:|1756249892
|switch|p1a: Indeedee|Indeedee, L50, M, shiny|100/100
|-fieldstart|move: Psychic Terrain|[from] ability: Psychic Surge|[of] p1a: Indeedee
|turn|2
|inactive|luckstat10 has 30 seconds left.
|
|t:|1756249918
|switch|p2b: Koba|Rillaboom, L50, M, shiny|100/100
|-fieldstart|move: Grassy Terrain|[from] ability: Grassy Surge|[of] p2b: Koba
|move|p1a: Indeedee|Expanding Force|p2a: Midas
|-resisted|p2a: Midas
|-damage|p2a: Midas|21/100
|move|p1b: Volcarona|Struggle Bug|p2b: Koba|[spread] p2a,p2b
|-resisted|p2a: Midas
|-supereffective|p2b: Koba
|-damage|p2a: Midas|16/100
|-damage|p2b: Koba|76/100
|-unboost|p2a: Midas|spa|1
|-unboost|p2b: Koba|spa|1
|move|p2a: Midas|Shadow Ball|p1b: Volcarona
|-damage|p1b: Volcarona|35/100 par
|-damage|p2a: Midas|6/100|[from] item: Life Orb
|
|-heal|p1b: Volcarona|42/100 par|[from] Grassy Terrain
|-heal|p2a: Midas|12/100|[from] Grassy Terrain
|-heal|p2b: Koba|82/100|[from] Grassy Terrain
|upkeep
|turn|3
|
|t:|1756249940
|switch|p1a: Sneasler|Sneasler, L50, F|100/100
|switch|p2a: Dare|Sneasler, L50, F|95/100 brn
|move|p1b: Volcarona|Overheat|p2b: Koba|[miss]
|-miss|p1b: Volcarona|p2b: Koba
|move|p2b: Koba|Wood Hammer|p1a: Sneasler
|-resisted|p1a: Sneasler
|-damage|p1a: Sneasler|33/100
|-damage|p2b: Koba|65/100|[from] Recoil
|
|-heal|p1a: Sneasler|39/100|[from] Grassy Terrain
|-heal|p2a: Dare|100/100 brn|[from] Grassy Terrain
|-heal|p1b: Volcarona|48/100 par|[from] Grassy Terrain
|-heal|p2b: Koba|71/100|[from] Grassy Terrain
|-damage|p2a: Dare|95/100 brn|[from] brn
|upkeep
|turn|4
|
|t:|1756249964
|switch|p2b: Midas|Gholdengo, L50|12/100
|move|p1a: Sneasler|Dire Claw|p2b: Midas
|-immune|p2b: Midas
|move|p2a: Dare|Dire Claw|p1b: Volcarona
|-damage|p1b: Volcarona|22/100 par
|cant|p1b: Volcarona|par
|
|-heal|p1a: Sneasler|44/100|[from] Grassy Terrain
|-heal|p2a: Dare|100/100 brn|[from] Grassy Terrain
|-heal|p1b: Volcarona|28/100 par|[from] Grassy Terrain
|-heal|p2b: Midas|18/100|[from] Grassy Terrain
|-damage|p2a: Dare|95/100 brn|[from] brn
|-sideend|p1: JNEST|move: Tailwind
|upkeep
|turn|5
|
|t:|1756249982
|move|p2b: Midas|Protect|p2b: Midas
|-singleturn|p2b: Midas|Protect
|move|p2a: Dare|Close Combat|p1a: Sneasler
|-resisted|p1a: Sneasler
|-damage|p1a: Sneasler|17/100
|-unboost|p2a: Dare|def|1
|-unboost|p2a: Dare|spd|1
|move|p1a: Sneasler|Throat Chop|p2b: Midas
|-activate|p2b: Midas|move: Protect
|move|p1b: Volcarona|Overheat|p2a: Dare|[miss]
|-miss|p1b: Volcarona|p2a: Dare
|
|-heal|p2a: Dare|100/100 brn|[from] Grassy Terrain
|-heal|p1a: Sneasler|23/100|[from] Grassy Terrain
|-heal|p2b: Midas|25/100|[from] Grassy Terrain
|-heal|p1b: Volcarona|34/100 par|[from] Grassy Terrain
|-damage|p2a: Dare|95/100 brn|[from] brn
|upkeep
|turn|6
|inactive|luckstat10 has 30 seconds left.
|inactive|luckstat10 has 20 seconds left.
|
|t:|1756250018
|move|p1b: Volcarona|Rage Powder|p1b: Volcarona
|-singleturn|p1b: Volcarona|move: Rage Powder
|move|p2a: Dare|Close Combat|p1b: Volcarona
|-resisted|p1b: Volcarona
|-damage|p1b: Volcarona|13/100 par
|-unboost|p2a: Dare|def|1
|-unboost|p2a: Dare|spd|1
|move|p1a: Sneasler|Throat Chop|p2b: Midas
|-supereffective|p2b: Midas
|-damage|p2b: Midas|0 fnt
|faint|p2b: Midas
|
|-heal|p2a: Dare|100/100 brn|[from] Grassy Terrain
|-heal|p1a: Sneasler|29/100|[from] Grassy Terrain
|-heal|p1b: Volcarona|19/100 par|[from] Grassy Terrain
|-damage|p2a: Dare|95/100 brn|[from] brn
|-fieldend|move: Grassy Terrain
|upkeep
|
|t:|1756250023
|switch|p2b: Mothers|Volcarona, L50, F, shiny|100/100
|turn|7
|
|t:|1756250037
|switch|p2a: Koba|Rillaboom, L50, M, shiny|71/100
|-fieldstart|move: Grassy Terrain|[from] ability: Grassy Surge|[of] p2a: Koba
|move|p2b: Mothers|Protect|p2b: Mothers
|-singleturn|p2b: Mothers|Protect
|move|p1a: Sneasler|Dire Claw|p2b: Mothers
|-activate|p2b: Mothers|move: Protect
|cant|p1b: Volcarona|par
|
|-heal|p1a: Sneasler|35/100|[from] Grassy Terrain
|-heal|p2a: Koba|77/100|[from] Grassy Terrain
|-heal|p1b: Volcarona|25/100 par|[from] Grassy Terrain
|upkeep
|turn|8
|
|t:|1756250051
|switch|p1b: Indeedee|Indeedee, L50, M, shiny|100/100
|-fieldstart|move: Psychic Terrain|[from] ability: Psychic Surge|[of] p1b: Indeedee
|-enditem|p1a: Sneasler|Psychic Seed
|-boost|p1a: Sneasler|spd|1|[from] item: Psychic Seed
|move|p2a: Koba|Fake Out|p1a: Sneasler
|-activate|p1a: Sneasler|move: Psychic Terrain
|move|p1a: Sneasler|Dire Claw|p2b: Mothers
|-damage|p2b: Mothers|49/100
|-status|p2b: Mothers|psn
|-enditem|p2b: Mothers|Sitrus Berry|[eat]
|-heal|p2b: Mothers|73/100 psn|[from] item: Sitrus Berry
|move|p2b: Mothers|Quiver Dance|p2b: Mothers
|-boost|p2b: Mothers|spa|1
|-boost|p2b: Mothers|spd|1
|-boost|p2b: Mothers|spe|1
|
|-damage|p2b: Mothers|61/100 psn|[from] psn
|upkeep
|turn|9
|
|t:|1756250068
|switch|p2a: Dare|Sneasler, L50, F|95/100 brn
|move|p2b: Mothers|Protect|p2b: Mothers
|-singleturn|p2b: Mothers|Protect
|move|p1a: Sneasler|Dire Claw|p2b: Mothers
|-activate|p2b: Mothers|move: Protect
|move|p1b: Indeedee|Expanding Force|p2a: Dare|[spread] p2a
|-activate|p2b: Mothers|move: Protect
|-supereffective|p2a: Dare
|-damage|p2a: Dare|0 fnt
|faint|p2a: Dare
|
|-damage|p2b: Mothers|49/100 psn|[from] psn
|upkeep
|
|t:|1756250073
|switch|p2a: Koba|Rillaboom, L50, M, shiny|77/100
|-fieldstart|move: Grassy Terrain|[from] ability: Grassy Surge|[of] p2a: Koba
|turn|10
|
|t:|1756250087
|switch|p1b: Volcarona|Volcarona, L50, M|25/100 par
|move|p1a: Sneasler|Protect|p1a: Sneasler
|-singleturn|p1a: Sneasler|Protect
|move|p2a: Koba|Fake Out|p1a: Sneasler
|-activate|p1a: Sneasler|move: Protect
|move|p2b: Mothers|Quiver Dance|p2b: Mothers
|-boost|p2b: Mothers|spa|1
|-boost|p2b: Mothers|spd|1
|-boost|p2b: Mothers|spe|1
|
|-heal|p1a: Sneasler|40/100|[from] Grassy Terrain
|-heal|p2b: Mothers|55/100 psn|[from] Grassy Terrain
|-heal|p2a: Koba|83/100|[from] Grassy Terrain
|-heal|p1b: Volcarona|31/100 par|[from] Grassy Terrain
|-damage|p2b: Mothers|42/100 psn|[from] psn
|upkeep
|turn|11
|
|t:|1756250099
|switch|p1b: Indeedee|Indeedee, L50, M, shiny|100/100
|-fieldstart|move: Psychic Terrain|[from] ability: Psychic Surge|[of] p1b: Indeedee
|-terastallize|p1a: Sneasler|Dark
|-terastallize|p2a: Koba|Fire
|move|p2b: Mothers|Protect|p2b: Mothers
|-singleturn|p2b: Mothers|Protect
|move|p1a: Sneasler|Throat Chop|p2b: Mothers
|-activate|p2b: Mothers|move: Protect
|move|p2a: Koba|High Horsepower|p1a: Sneasler
|-damage|p1a: Sneasler|0 fnt
|faint|p1a: Sneasler
|
|-damage|p2b: Mothers|30/100 psn|[from] psn
|upkeep
|
|t:|1756250108
|switch|p1a: Volcarona|Volcarona, L50, M|31/100 par
|turn|12
|
|t:|1756250119
|move|p1a: Volcarona|Rage Powder|p1a: Volcarona
|-singleturn|p1a: Volcarona|move: Rage Powder
|move|p2b: Mothers|Heat Wave|p1b: Indeedee|[spread] p1a,p1b
|-damage|p1a: Volcarona|0 fnt
|-damage|p1b: Indeedee|0 fnt
|faint|p1a: Volcarona
|faint|p1b: Indeedee
|
|win|luckstat10
|raw|JNEST's rating: 1128 → 1105(-23 for losing)
|raw|luckstat10's rating: 1151 → 1174(+23 for winning)
