|j|☆nupe_123
|j|☆genisisvgc
|html|nupe_123genisisvgc    
|uhtml|bestof|Game 1 of a best-of-3
|t:|1785250039
|gametype|doubles
|player|p1|nupe_123|266|1152
|player|p2|genisisvgc|101|1157
|gen|9
|tier|[Gen 9 Champions] VGC 2026 Reg M-B (Bo3)
|rated|
|rule|Species Clause: Limit one of each Pokémon
|rule|Item Clause: Limit 1 of each item
|clearpoke
|poke|p1|Froslass, L50, F|
|poke|p1|Garchomp, L50, M, shiny|
|poke|p1|Incineroar, L50, F, shiny|
|poke|p1|Kingambit, L50, F, shiny|
|poke|p1|Glimmora, L50, M|
|poke|p1|Farigiraf, L50, M, shiny|
|poke|p2|Hydreigon, L50, M|
|poke|p2|Delphox, L50, M|
|poke|p2|Sneasler, L50, M|
|poke|p2|Sinistcha, L50|
|poke|p2|Incineroar, L50, F|
|poke|p2|Sylveon, L50, F|
|teampreview|4
|showteam|p1|Froslass||Froslassite|CursedBody|Blizzard,ShadowBall,AuroraVeil,Protect|Timid||F|||50|]Garchomp||LifeOrb|RoughSkin|RockSlide,DragonClaw,StompingTantrum,Protect|Jolly||M|||50|]Incineroar||SitrusBerry|Intimidate|FlareBlitz,ThroatChop,FakeOut,PartingShot|Impish||F|||50|]Kingambit||BlackGlasses|Defiant|KowtowCleave,SuckerPunch,LowKick,Protect|Brave||F|||50|]Glimmora||FocusSash|ToxicDebris|PowerGem,SludgeBomb,EarthPower,SpikyShield|Modest||M|||50|]Farigiraf||ColburBerry|ArmorTail|Psychic,Thunderbolt,TrickRoom,HelpingHand|Relaxed||M|||50|
|showteam|p2|Hydreigon||ChoiceScarf|Levitate|DracoMeteor,DarkPulse,HeatWave,EarthPower|Timid||M|||50|]Delphox||Delphoxite|Blaze|HeatWave,Psychic,Protect,Substitute|Timid||M|||50|]Sneasler||WhiteHerb|Unburden|DireClaw,CloseCombat,Protect,FakeOut|Jolly||M|||50|]Sinistcha||ColburBerry|Hospitality|MatchaGotcha,RagePowder,ShadowBall,Protect|Calm|||||50|]Incineroar||ChopleBerry|Intimidate|FlareBlitz,PartingShot,FakeOut,DarkestLariat|Serious||F|||50|]Sylveon||FairyFeather|Pixilate|HyperBeam,HyperVoice,QuickAttack,Protect|Bold||F|||50|
|c|☆genisisvgc|gl
|
|t:|1785250120
|teamsize|p1|4
|teamsize|p2|4
|start
|switch|p1a: Farigiraf|Farigiraf, L50, M, shiny|100/100
|switch|p1b: Incineroar|Incineroar, L50, F, shiny|100/100
|switch|p2a: Sylveon|Sylveon, L50, F|100/100
|switch|p2b: Incineroar|Incineroar, L50, F|100/100
|-ability|p2b: Incineroar|Intimidate|boost
|-unboost|p1a: Farigiraf|atk|1
|-unboost|p1b: Incineroar|atk|1
|-ability|p1b: Incineroar|Intimidate|boost
|-unboost|p2a: Sylveon|atk|1
|-unboost|p2b: Incineroar|atk|1
|turn|1
|inactive|Battle timer is ON: inactive players will automatically lose when time's up. (requested by genisisvgc)
|
|t:|1785250145
|move|p1b: Incineroar|Fake Out|p2a: Sylveon
|-crit|p2a: Sylveon
|-damage|p2a: Sylveon|83/100
|cant|p2a: Sylveon|flinch
|move|p2b: Incineroar|Parting Shot|p1b: Incineroar
|-unboost|p1b: Incineroar|atk|1
|-unboost|p1b: Incineroar|spa|1
|
|t:|1785250153
|switch|p2b: Hydreigon|Hydreigon, L50, M|100/100|[from] Parting Shot
|move|p1a: Farigiraf|Trick Room|p1a: Farigiraf
|-fieldstart|move: Trick Room|[of] p1a: Farigiraf
|
|upkeep
|turn|2
|
|t:|1785250177
|move|p1a: Farigiraf|Psychic|p2a: Sylveon
|-damage|p2a: Sylveon|56/100
|move|p1b: Incineroar|Parting Shot|p2b: Hydreigon
|-unboost|p2b: Hydreigon|atk|1
|-unboost|p2b: Hydreigon|spa|1
|
|t:|1785250183
|switch|p1b: Kingambit|Kingambit, L50, F, shiny|100/100|[from] Parting Shot
|move|p2a: Sylveon|Hyper Voice|p1b: Kingambit|[spread] p1a,p1b
|-crit|p1a: Farigiraf
|-damage|p1a: Farigiraf|46/100
|-damage|p1b: Kingambit|55/100
|move|p2b: Hydreigon|Earth Power|p1b: Kingambit
|-supereffective|p1b: Kingambit|1
|-damage|p1b: Kingambit|13/100
|
|upkeep
|turn|3
|
|t:|1785250203
|switch|p2a: Incineroar|Incineroar, L50, F|100/100
|-ability|p2a: Incineroar|Intimidate|boost
|-unboost|p1a: Farigiraf|atk|1
|-unboost|p1b: Kingambit|atk|1
|-ability|p1b: Kingambit|Defiant|boost
|-boost|p1b: Kingambit|atk|2
|move|p1a: Farigiraf|Helping Hand|p1b: Kingambit
|-singleturn|p1b: Kingambit|Helping Hand|[of] p1a: Farigiraf
|move|p1b: Kingambit|Low Kick|p2b: Hydreigon
|-supereffective|p2b: Hydreigon|1
|-damage|p2b: Hydreigon|0 fnt
|faint|p2b: Hydreigon
|
|upkeep
|
|t:|1785250214
|switch|p2b: Sylveon|Sylveon, L50, F|56/100
|turn|4
|inactive|nupe_123 has 30 seconds left.
|inactive|genisisvgc has 30 seconds left.
|inactive|genisisvgc has 20 seconds left.
|
|t:|1785250251
|switch|p1a: Incineroar|Incineroar, L50, F, shiny|100/100
|-ability|p1a: Incineroar|Intimidate|boost
|-unboost|p2a: Incineroar|atk|1
|-unboost|p2b: Sylveon|atk|1
|move|p1b: Kingambit|Protect|p1b: Kingambit
|-singleturn|p1b: Kingambit|Protect
|move|p2a: Incineroar|Flare Blitz|p1b: Kingambit
|-activate|p1b: Kingambit|move: Protect
|move|p2b: Sylveon|Hyper Voice|p1a: Incineroar|[spread] p1a
|-activate|p1b: Kingambit|move: Protect
|-damage|p1a: Incineroar|59/100
|
|upkeep
|turn|5
|
|t:|1785250275
|move|p2b: Sylveon|Protect|p2b: Sylveon
|-singleturn|p2b: Sylveon|Protect
|move|p1a: Incineroar|Fake Out|p2b: Sylveon
|-activate|p2b: Sylveon|move: Protect
|move|p1b: Kingambit|Low Kick|p2a: Incineroar
|-supereffective|p2a: Incineroar|1
|-enditem|p2a: Incineroar|Chople Berry|[eat]
|-enditem|p2a: Incineroar|Chople Berry|[weaken]
|-damage|p2a: Incineroar|60/100
|move|p2a: Incineroar|Parting Shot|p1a: Incineroar
|-unboost|p1a: Incineroar|atk|1
|-unboost|p1a: Incineroar|spa|1
|
|t:|1785250286
|switch|p2a: Delphox|Delphox, L50, M|100/100|[from] Parting Shot
|
|-fieldend|move: Trick Room
|upkeep
|turn|6
|
|t:|1785250308
|detailschange|p2a: Delphox|Delphox-Mega, L50, M
|-mega|p2a: Delphox|Delphox|Delphoxite
|move|p1b: Kingambit|Protect|p1b: Kingambit
|-singleturn|p1b: Kingambit|Protect
|move|p2a: Delphox|Substitute|p2a: Delphox
|-start|p2a: Delphox|Substitute
|-damage|p2a: Delphox|75/100
|move|p2b: Sylveon|Hyper Voice|p1b: Kingambit|[spread] p1a
|-activate|p1b: Kingambit|move: Protect
|-damage|p1a: Incineroar|25/100
|-enditem|p1a: Incineroar|Sitrus Berry|[eat]
|-heal|p1a: Incineroar|50/100y|[from] item: Sitrus Berry
|move|p1a: Incineroar|Parting Shot|p2b: Sylveon
|-unboost|p2b: Sylveon|atk|1
|-unboost|p2b: Sylveon|spa|1
|inactive|nupe_123 has 30 seconds left.
|
|t:|1785250340
|switch|p1a: Farigiraf|Farigiraf, L50, M, shiny|46/100|[from] Parting Shot
|
|upkeep
|turn|7
|
|t:|1785250352
|move|p1a: Farigiraf|Helping Hand|p1b: Kingambit
|-singleturn|p1b: Kingambit|Helping Hand|[of] p1a: Farigiraf
|move|p1b: Kingambit|Sucker Punch|p2b: Sylveon
|-resisted|p2b: Sylveon|1
|-damage|p2b: Sylveon|0 fnt
|faint|p2b: Sylveon
|move|p2a: Delphox|Heat Wave|p1a: Farigiraf|[spread] p1a,p1b
|-supereffective|p1b: Kingambit|1
|-damage|p1a: Farigiraf|11/100
|-damage|p1b: Kingambit|0 fnt
|faint|p1b: Kingambit
|
|upkeep
|
|t:|1785250368
|switch|p2b: Incineroar|Incineroar, L50, F|60/100
|switch|p1b: Incineroar|Incineroar, L50, F, shiny|50/100y
|-ability|p2b: Incineroar|Intimidate|boost
|-unboost|p1a: Farigiraf|atk|1
|-unboost|p1b: Incineroar|atk|1
|-ability|p1b: Incineroar|Intimidate|boost
|-immune|p2a: Delphox
|-unboost|p2b: Incineroar|atk|1
|turn|8
|inactive|nupe_123 has 30 seconds left.
|inactive|genisisvgc has 30 seconds left.
|
|t:|1785250407
|move|p2a: Delphox|Protect|p2a: Delphox
|-singleturn|p2a: Delphox|Protect
|move|p2b: Incineroar|Darkest Lariat|p1a: Farigiraf
|-supereffective|p1a: Farigiraf|1
|-enditem|p1a: Farigiraf|Colbur Berry|[eat]
|-enditem|p1a: Farigiraf|Colbur Berry|[weaken]
|-damage|p1a: Farigiraf|0 fnt
|faint|p1a: Farigiraf
|move|p1b: Incineroar|Throat Chop|p2a: Delphox
|-activate|p2a: Delphox|move: Protect
|
|upkeep
|
|t:|1785250414
|switch|p1a: Garchomp|Garchomp, L50, M, shiny|100/100
|turn|9
|
|t:|1785250437
|move|p2a: Delphox|Psychic|p1a: Garchomp
|-damage|p1a: Garchomp|42/100
|move|p1a: Garchomp|Rock Slide|p2a: Delphox|[spread] p2a,p2b
|-supereffective|p2a: Delphox|1
|-end|p2a: Delphox|Substitute
|-supereffective|p2b: Incineroar|1
|-damage|p2b: Incineroar|20/100y
|-damage|p1a: Garchomp|32/100|[from] item: Life Orb
|move|p2b: Incineroar|Parting Shot|p1a: Garchomp
|-unboost|p1a: Garchomp|atk|1
|-unboost|p1a: Garchomp|spa|1
|move|p1b: Incineroar|Throat Chop|p2a: Delphox
|-supereffective|p2a: Delphox|1
|-damage|p2a: Delphox|6/100
|-start|p2a: Delphox|Throat Chop|[silent]
|
|upkeep
|turn|10
|inactive|genisisvgc has 30 seconds left.
|
|t:|1785250471
|move|p2a: Delphox|Protect|p2a: Delphox
|-singleturn|p2a: Delphox|Protect
|move|p1a: Garchomp|Rock Slide|p2b: Incineroar|[spread] p2b
|-activate|p2a: Delphox|move: Protect
|-supereffective|p2b: Incineroar|1
|-damage|p2b: Incineroar|0 fnt
|faint|p2b: Incineroar
|-damage|p1a: Garchomp|22/100|[from] item: Life Orb
|move|p1b: Incineroar|Throat Chop|p2a: Delphox
|-activate|p2a: Delphox|move: Protect
|
|-end|p2a: Delphox|Throat Chop|[silent]
|upkeep
|turn|11
|
|t:|1785250484
|move|p2a: Delphox|Psychic|p1a: Garchomp
|-damage|p1a: Garchomp|0 fnt
|faint|p1a: Garchomp
|move|p1b: Incineroar|Throat Chop|p2a: Delphox
|-supereffective|p2a: Delphox|1
|-damage|p2a: Delphox|0 fnt
|faint|p2a: Delphox
|
|win|nupe_123
||genisisvgc is ready for game 2.
||nupe_123 is ready for game 2.
|uhtml|next|Next: Game 2 of 3
