|j|☆godoftoasty
|j|☆Master600
|html|godoftoastyMaster600    
|uhtml|bestof|Game 1 of a best-of-3
|t:|1783032011
|gametype|doubles
|player|p1|godoftoasty|170|1221
|player|p2|Master600|red|1357
|gen|9
|tier|[Gen 9 Champions] VGC 2026 Reg M-B (Bo3)
|rated|
|rule|Species Clause: Limit one of each Pokémon
|rule|Item Clause: Limit 1 of each item
|clearpoke
|poke|p1|Gengar, L50, M, shiny|
|poke|p1|Incineroar, L50, F|
|poke|p1|Garchomp, L50, F|
|poke|p1|Rotom-Wash, L50, shiny|
|poke|p1|Ninetales-Alola, L50, F|
|poke|p1|Grimmsnarl, L50, M, shiny|
|poke|p2|Charizard, L50, F|
|poke|p2|Farigiraf, L50, F, shiny|
|poke|p2|Garchomp, L50, F, shiny|
|poke|p2|Aerodactyl, L50, M, shiny|
|poke|p2|Sylveon, L50, F, shiny|
|poke|p2|Kingambit, L50, M, shiny|
|teampreview|4
|showteam|p1|Gengar||Gengarite|CursedBody|ShadowBall,SludgeBomb,PerishSong,Protect|Timid||M|||50|]Incineroar||SitrusBerry|Intimidate|FakeOut,PartingShot,Protect,FlareBlitz|Impish||F|||50|]Garchomp||LifeOrb|RoughSkin|ScaleShot,StompingTantrum,RockSlide,Protect|Adamant||F|||50|]Rotom-Wash||Leftovers|Levitate|HydroPump,VoltSwitch,WillOWisp,Protect|Bold|||||50|]Ninetales-Alola||NeverMeltIce|SnowWarning|Blizzard,Encore,Disable,Protect|Timid||F|||50|]Grimmsnarl||LightClay|Prankster|FakeOut,PartingShot,Reflect,SpiritBreak|Careful||M|||50|
|showteam|p2|Charizard||CharizarditeY|Blaze|HeatWave,WeatherBall,SolarBeam,Protect|Modest||F|||50|]Farigiraf||SitrusBerry|ArmorTail|PsychicFangs,Thunderbolt,TrickRoom,SunnyDay|Relaxed||F|||50|]Garchomp||LifeOrb|SandVeil|DragonClaw,Earthquake,RockSlide,Protect|Adamant||F|||50|]Aerodactyl||Aerodactylite|Unnerve|RockSlide,Tailwind,DualWingbeat,IceFang|Jolly||M|||50|]Sylveon||FairyFeather|Pixilate|HyperVoice,HyperBeam,QuickAttack,Protect|Modest||F|||50|]Kingambit||FocusSash|Defiant|KowtowCleave,IronHead,SuckerPunch,LowKick|Adamant||M|||50|
|inactive|Battle timer is ON: inactive players will automatically lose when time's up. (requested by Master600)
|inactive|godoftoasty has 60 seconds left.
|
|t:|1783032086
|teamsize|p1|4
|teamsize|p2|4
|start
|switch|p1a: Grimmsnarl|Grimmsnarl, L50, M, shiny|100/100
|switch|p1b: Gengar|Gengar, L50, M, shiny|100/100
|switch|p2a: Su|Farigiraf, L50, F, shiny|100/100
|switch|p2b: Ajedrez|Kingambit, L50, M, shiny|100/100
|turn|1
|
|t:|1783032104
|switch|p1b: Garchomp|Garchomp, L50, F|100/100
|move|p1a: Grimmsnarl|Reflect|p1a: Grimmsnarl
|-sidestart|p1: godoftoasty|Reflect
|move|p2b: Ajedrez|Kowtow Cleave|p1b: Garchomp
|-damage|p1b: Garchomp|67/100
|-damage|p2b: Ajedrez|87/100|[from] ability: Rough Skin|[of] p1b: Garchomp
|move|p2a: Su|Trick Room|p2a: Su
|-fieldstart|move: Trick Room|[of] p2a: Su
|
|upkeep
|turn|2
|
|t:|1783032121
|switch|p1a: Rotom|Rotom-Wash, L50, shiny|100/100
|move|p2a: Su|Psychic Fangs|p1b: Garchomp
|-sideend|p1: godoftoasty|Reflect
|-damage|p1b: Garchomp|40/100
|-damage|p2a: Su|87/100|[from] ability: Rough Skin|[of] p1b: Garchomp
|move|p2b: Ajedrez|Kowtow Cleave|p1b: Garchomp
|-damage|p1b: Garchomp|0 fnt
|-damage|p2b: Ajedrez|75/100|[from] ability: Rough Skin|[of] p1b: Garchomp
|faint|p1b: Garchomp
|
|upkeep
|
|t:|1783032127
|switch|p1b: Grimmsnarl|Grimmsnarl, L50, M, shiny|100/100
|turn|3
|
|t:|1783032132
|move|p2a: Su|Psychic Fangs|p1a: Rotom
|-damage|p1a: Rotom|78/100
|move|p1b: Grimmsnarl|Spirit Break|p2a: Su
|-damage|p2a: Su|65/100
|-unboost|p2a: Su|spa|1
|move|p2b: Ajedrez|Kowtow Cleave|p1a: Rotom
|-damage|p1a: Rotom|39/100
|move|p1a: Rotom|Will-O-Wisp|p2b: Ajedrez
|-status|p2b: Ajedrez|brn
|
|-heal|p1a: Rotom|45/100|[from] item: Leftovers
|-damage|p2b: Ajedrez|68/100 brn|[from] brn
|upkeep
|turn|4
|
|t:|1783032151
|move|p1b: Grimmsnarl|Reflect|p1b: Grimmsnarl
|-sidestart|p1: godoftoasty|Reflect
|move|p2a: Su|Psychic Fangs|p1a: Rotom
|-sideend|p1: godoftoasty|Reflect
|-damage|p1a: Rotom|24/100
|move|p2b: Ajedrez|Iron Head|p1b: Grimmsnarl
|-supereffective|p1b: Grimmsnarl|1
|-damage|p1b: Grimmsnarl|49/100
|move|p1a: Rotom|Hydro Pump|p2b: Ajedrez
|-damage|p2b: Ajedrez|22/100 brn
|
|-heal|p1a: Rotom|29/100|[from] item: Leftovers
|-damage|p2b: Ajedrez|16/100 brn|[from] brn
|upkeep
|turn|5
|
|t:|1783032166
|move|p1a: Rotom|Protect|p1a: Rotom
|-singleturn|p1a: Rotom|Protect
|move|p2a: Su|Psychic Fangs|p1a: Rotom
|-activate|p1a: Rotom|move: Protect
|move|p1b: Grimmsnarl|Spirit Break|p2b: Ajedrez
|-damage|p2b: Ajedrez|0 fnt
|faint|p2b: Ajedrez
|
|-heal|p1a: Rotom|35/100|[from] item: Leftovers
|-fieldend|move: Trick Room
|upkeep
|
|t:|1783032169
|switch|p2b: Lizard|Charizard, L50, F|100/100
|turn|6
|
|t:|1783032189
|detailschange|p2b: Lizard|Charizard-Mega-Y, L50, F
|-mega|p2b: Lizard|Charizard|Charizardite Y
|-weather|SunnyDay|[from] ability: Drought|[of] p2b: Lizard
|move|p2b: Lizard|Solar Beam||[still]
|-prepare|p2b: Lizard|Solar Beam
|-anim|p2b: Lizard|Solar Beam|p1a: Rotom
|-supereffective|p1a: Rotom|1
|-damage|p1a: Rotom|0 fnt
|faint|p1a: Rotom
|move|p1b: Grimmsnarl|Spirit Break|p2b: Lizard
|-resisted|p2b: Lizard|1
|-damage|p2b: Lizard|86/100
|-unboost|p2b: Lizard|spa|1
|move|p2a: Su|Trick Room|p2a: Su
|-fieldstart|move: Trick Room|[of] p2a: Su
|
|-weather|SunnyDay|[upkeep]
|upkeep
|
|t:|1783032192
|switch|p1a: Gengar|Gengar, L50, M, shiny|100/100
|turn|7
|
|t:|1783032202
|detailschange|p1a: Gengar|Gengar-Mega, L50, M, shiny
|-mega|p1a: Gengar|Gengar|Gengarite
|move|p2a: Su|Psychic Fangs|p1a: Gengar
|-supereffective|p1a: Gengar|1
|-damage|p1a: Gengar|40/100
|move|p1b: Grimmsnarl|Spirit Break|p2a: Su
|-damage|p2a: Su|43/100
|-unboost|p2a: Su|spa|1
|-enditem|p2a: Su|Sitrus Berry|[eat]
|-heal|p2a: Su|68/100|[from] item: Sitrus Berry
|move|p2b: Lizard|Heat Wave|p1a: Gengar|[spread] p1a,p1b
|-damage|p1a: Gengar|0 fnt
|-damage|p1b: Grimmsnarl|17/100
|faint|p1a: Gengar
|
|-weather|SunnyDay|[upkeep]
|upkeep
|turn|8
|
|t:|1783032209
|move|p1b: Grimmsnarl|Reflect|p1b: Grimmsnarl
|-sidestart|p1: godoftoasty|Reflect
|move|p2a: Su|Thunderbolt|p1b: Grimmsnarl
|-damage|p1b: Grimmsnarl|7/100
|move|p2b: Lizard|Weather Ball|p1b: Grimmsnarl
|-damage|p1b: Grimmsnarl|0 fnt
|faint|p1b: Grimmsnarl
|
|win|Master600
||godoftoasty is ready for game 2.
||Master600 is ready for game 2.
|uhtml|next|Next: Game 2 of 3
|l|☆godoftoasty
|player|p1|
