|j|☆mertering
|j|☆jcnesudihedcue
|html|merteringjcnesudihedcue    
|uhtml|bestof|Game 2 of a best-of-3
|t:|1783080422
|gametype|doubles
|player|p1|mertering|steven|
|player|p2|jcnesudihedcue|lady|
|gen|9
|tier|[Gen 9 Champions] VGC 2026 Reg M-B (Bo3)
|rule|Species Clause: Limit one of each Pokémon
|rule|Item Clause: Limit 1 of each item
|clearpoke
|poke|p1|Dragonite, L50, F|
|poke|p1|Grimmsnarl, L50, M|
|poke|p1|Maushold-Four, L50|
|poke|p1|Incineroar, L50, F|
|poke|p1|Gholdengo, L50|
|poke|p1|Floette-Eternal, L50, F|
|poke|p2|Staraptor, L50, M, shiny|
|poke|p2|Whimsicott, L50, F, shiny|
|poke|p2|Garchomp, L50, F, shiny|
|poke|p2|Pyroar, L50, M, shiny|
|poke|p2|Torkoal, L50, M, shiny|
|poke|p2|Vileplume, L50, F, shiny|
|teampreview|4
|showteam|p1|Dragonite||Dragoninite|Multiscale|DragonPulse,Thunderbolt,Roost,Protect|Modest||F|||50|]Grimmsnarl||LightClay|Prankster|Reflect,LightScreen,SpiritBreak,FoulPlay|Impish||M|||50|]Maushold-Four||FocusSash|FriendGuard|SuperFang,FollowMe,ThunderWave,Protect|Jolly|||||50|]Incineroar||SitrusBerry|Intimidate|FlareBlitz,ThroatChop,PartingShot,FakeOut|Impish||F|||50|]Gholdengo||SpellTag|GoodasGold|MakeItRain,ShadowBall,NastyPlot,Protect|Modest|||||50|]Floette-Eternal||Floettite|FlowerVeil|DazzlingGleam,DrainingKiss,CalmMind,Protect|Bold||F|||50|
|showteam|p2|Staraptor||Staraptite|Intimidate|CloseCombat,DualWingbeat,Roost,Protect|Adamant||M|||50|]Whimsicott||FocusSash|Prankster|Moonblast,Tailwind,FakeTears,Tickle|Timid||F|||50|]Garchomp||ChoiceScarf|RoughSkin|Earthquake,RockSlide,StompingTantrum,Outrage|Adamant||F|||50|]Pyroar||Pyroarite|Unnerve|HeatWave,Overheat,HyperVoice,Protect|Timid||M|||50|]Torkoal||Charcoal|Drought|HeatWave,SolarBeam,HelpingHand,Yawn|Quiet||M|||50|]Vileplume||LifeOrb|Chlorophyll|SolarBeam,SludgeBomb,Moonblast,SleepPowder|Timid||F|||50|
|inactive|Battle timer is ON: inactive players will automatically lose when time's up. (requested by mertering)
|j| Toxpi
|inactive|mertering has 60 seconds left.
|inactive|jcnesudihedcue has 60 seconds left.
|inactive|jcnesudihedcue has 30 seconds left.
|
|t:|1783080484
|teamsize|p1|4
|teamsize|p2|4
|start
|switch|p1a: Floette|Floette-Eternal, L50, F|100/100
|switch|p1b: Grimmsnarl|Grimmsnarl, L50, M|100/100
|switch|p2a: Crybaby|Whimsicott, L50, F, shiny|100/100
|switch|p2b: Big Bird|Staraptor, L50, M, shiny|100/100
|-ability|p2b: Big Bird|Intimidate|boost
|-unboost|p1a: Floette|atk|1
|-unboost|p1b: Grimmsnarl|atk|1
|turn|1
|
|t:|1783080508
|detailschange|p2b: Big Bird|Staraptor-Mega, L50, M, shiny
|-mega|p2b: Big Bird|Staraptor|Staraptite
|detailschange|p1a: Floette|Floette-Mega, L50, F
|-mega|p1a: Floette|Floette|Floettite
|-ability|p1a: Floette|Fairy Aura
|move|p1a: Floette|Protect|p1a: Floette
|-singleturn|p1a: Floette|Protect
|move|p2a: Crybaby|Fake Tears|p2b: Big Bird
|-boost|p2b: Big Bird|spd|2
|move|p2b: Big Bird|Close Combat|p1b: Grimmsnarl
|-damage|p1b: Grimmsnarl|43/100
|-boost|p2b: Big Bird|def|1
|-boost|p2b: Big Bird|spd|1
|move|p1b: Grimmsnarl|Spirit Break|p2b: Big Bird
|-supereffective|p2b: Big Bird|1
|-damage|p2b: Big Bird|64/100
|-boost|p2b: Big Bird|spa|1
|
|upkeep
|turn|2
|
|t:|1783080529
|move|p2a: Crybaby|Fake Tears|p2b: Big Bird
|-boost|p2b: Big Bird|spd|2
|move|p1b: Grimmsnarl|Reflect|p1b: Grimmsnarl
|-sidestart|p1: mertering|Reflect
|move|p2b: Big Bird|Close Combat|p1b: Grimmsnarl
|-damage|p1b: Grimmsnarl|2/100
|-boost|p2b: Big Bird|def|1
|-boost|p2b: Big Bird|spd|1
|move|p1a: Floette|Calm Mind|p1a: Floette
|-boost|p1a: Floette|spa|1
|-boost|p1a: Floette|spd|1
|
|upkeep
|turn|3
|
|t:|1783080545
|move|p2a: Crybaby|Tickle|p2b: Big Bird
|-boost|p2b: Big Bird|atk|1
|-boost|p2b: Big Bird|def|1
|move|p1b: Grimmsnarl|Reflect||[still]
|-fail|p1b: Grimmsnarl
|move|p2b: Big Bird|Dual Wingbeat|p1a: Floette
|-damage|p1a: Floette|82/100
|-damage|p1a: Floette|63/100
|-hitcount|p1a: Floette|2
|move|p1a: Floette|Calm Mind|p1a: Floette
|-boost|p1a: Floette|spa|1
|-boost|p1a: Floette|spd|1
|
|upkeep
|turn|4
|
|t:|1783080559
|move|p1b: Grimmsnarl|Light Screen|p1b: Grimmsnarl
|-sidestart|p1: mertering|move: Light Screen
|move|p2a: Crybaby|Moonblast|p1a: Floette
|-damage|p1a: Floette|52/100
|move|p2b: Big Bird|Dual Wingbeat|p1a: Floette
|-damage|p1a: Floette|35/100
|-damage|p1a: Floette|19/100
|-hitcount|p1a: Floette|2
|move|p1a: Floette|Draining Kiss|p2b: Big Bird
|-supereffective|p2b: Big Bird|1
|-damage|p2b: Big Bird|30/100
|-heal|p1a: Floette|46/100|[from] drain|[of] p2b: Big Bird
|
|upkeep
|turn|5
|
|t:|1783080579
|switch|p1b: Maushold|Maushold-Four, L50|100/100
|move|p1a: Floette|Protect|p1a: Floette
|-singleturn|p1a: Floette|Protect
|move|p2a: Crybaby|Tickle|p2b: Big Bird
|-boost|p2b: Big Bird|atk|1
|-boost|p2b: Big Bird|def|1
|move|p2b: Big Bird|Roost|p2b: Big Bird
|-heal|p2b: Big Bird|80/100
|-singleturn|p2b: Big Bird|move: Roost
|
|upkeep
|turn|6
|
|t:|1783080600
|move|p2b: Big Bird|Protect|p2b: Big Bird
|-singleturn|p2b: Big Bird|Protect
|move|p1b: Maushold|Follow Me|p1b: Maushold
|-singleturn|p1b: Maushold|move: Follow Me
|move|p2a: Crybaby|Moonblast|p1b: Maushold
|-damage|p1b: Maushold|60/100
|move|p1a: Floette|Draining Kiss|p2a: Crybaby
|-enditem|p2a: Crybaby|Focus Sash
|-damage|p2a: Crybaby|1/100
|-heal|p1a: Floette|100/100|[from] drain|[of] p2a: Crybaby
|
|upkeep
|turn|7
|
|t:|1783080621
|move|p2a: Crybaby|Tailwind|p2a: Crybaby
|-sidestart|p2: jcnesudihedcue|move: Tailwind
|move|p2b: Big Bird|Close Combat|p1b: Maushold
|-supereffective|p1b: Maushold|1
|-damage|p1b: Maushold|0 fnt
|-boost|p2b: Big Bird|def|1
|faint|p1b: Maushold
|move|p1a: Floette|Dazzling Gleam|p2a: Crybaby|[spread] p2a,p2b
|-supereffective|p2b: Big Bird|1
|-damage|p2a: Crybaby|0 fnt
|-damage|p2b: Big Bird|42/100
|faint|p2a: Crybaby
|
|upkeep
|
|t:|1783080636
|switch|p2a: Erika|Vileplume, L50, F, shiny|100/100
|switch|p1b: Incineroar|Incineroar, L50, F|100/100
|-ability|p1b: Incineroar|Intimidate|boost
|-unboost|p2a: Erika|atk|1
|-boost|p2b: Big Bird|atk|1
|turn|8
|
|t:|1783080648
|move|p1b: Incineroar|Fake Out|p2a: Erika
|-damage|p2a: Erika|84/100
|move|p2b: Big Bird|Roost|p2b: Big Bird
|-heal|p2b: Big Bird|92/100
|-singleturn|p2b: Big Bird|move: Roost
|cant|p2a: Erika|flinch
|move|p1a: Floette|Dazzling Gleam|p2a: Erika|[spread] p2a,p2b
|-resisted|p2a: Erika|1
|-supereffective|p2b: Big Bird|1
|-damage|p2a: Erika|37/100
|-damage|p2b: Big Bird|51/100
|
|upkeep
|turn|9
|
|t:|1783080669
|move|p1a: Floette|Protect|p1a: Floette
|-singleturn|p1a: Floette|Protect
|move|p2b: Big Bird|Close Combat|p1b: Incineroar
|-supereffective|p1b: Incineroar|1
|-damage|p1b: Incineroar|0 fnt
|-boost|p2b: Big Bird|def|1
|faint|p1b: Incineroar
|move|p2a: Erika|Sleep Powder|p1a: Floette
|-activate|p1a: Floette|move: Protect
|
|-sideend|p1: mertering|Reflect
|upkeep
|
|t:|1783080679
|switch|p1b: Grimmsnarl|Grimmsnarl, L50, M|2/100
|turn|10
|
|t:|1783080695
|move|p1b: Grimmsnarl|Reflect|p1b: Grimmsnarl
|-sidestart|p1: mertering|Reflect
|move|p2b: Big Bird|Roost|p2b: Big Bird
|-heal|p2b: Big Bird|100/100
|-singleturn|p2b: Big Bird|move: Roost
|move|p2a: Erika|Sleep Powder|p1a: Floette
|-status|p1a: Floette|slp|[from] move: Sleep Powder
|cant|p1a: Floette|slp
|
|-sideend|p2: jcnesudihedcue|move: Tailwind
|upkeep
|turn|11
|
|t:|1783080711
|move|p2b: Big Bird|Dual Wingbeat|p1a: Floette
|-damage|p1a: Floette|69/100 slp
|-damage|p1a: Floette|41/100 slp
|-hitcount|p1a: Floette|2
|cant|p1a: Floette|slp
|move|p2a: Erika|Moonblast|p1b: Grimmsnarl
|-supereffective|p1b: Grimmsnarl|1
|-damage|p1b: Grimmsnarl|0 fnt
|faint|p1b: Grimmsnarl
|-damage|p2a: Erika|27/100|[from] item: Life Orb
|
|-sideend|p1: mertering|move: Light Screen
|upkeep
|turn|12
|
|t:|1783080724
|move|p2b: Big Bird|Dual Wingbeat|p1a: Floette
|-crit|p1a: Floette
|-damage|p1a: Floette|0 fnt
|faint|p1a: Floette
|-hitcount|p1: Floette|1
|
|win|jcnesudihedcue
||mertering is ready for game 3.
||jcnesudihedcue is ready for game 3.
|uhtml|next|Next: Game 3 of 3
|l|☆mertering
|player|p1|
|l| Toxpi
