|j|☆andiom123
|j|☆FotiniP
|html|andiom123FotiniP    
|uhtml|bestof|Game 1 of a best-of-3
|t:|1783185916
|gametype|doubles
|player|p1|andiom123|red|1122
|player|p2|FotiniP|102|1164
|gen|9
|tier|[Gen 9 Champions] VGC 2026 Reg M-B (Bo3)
|rated|
|rule|Species Clause: Limit one of each Pokémon
|rule|Item Clause: Limit 1 of each item
|clearpoke
|poke|p1|Incineroar, L50, M|
|poke|p1|Farigiraf, L50, F|
|poke|p1|Sylveon, L50, M|
|poke|p1|Torkoal, L50, F|
|poke|p1|Kangaskhan, L50, F|
|poke|p1|Mawile, L50, F|
|poke|p2|Farigiraf, L50, M|
|poke|p2|Charizard, L50, F|
|poke|p2|Incineroar, L50, F|
|poke|p2|Venusaur, L50, M, shiny|
|poke|p2|Garchomp, L50, F|
|poke|p2|Basculegion, L50, M, shiny|
|teampreview|4
|showteam|p1|Incineroar||MuscleBand|Intimidate|ThroatChop,FlareBlitz,FakeOut,PartingShot|Brave||M|||50|]Farigiraf||SitrusBerry|ArmorTail|FoulPlay,PsychicNoise,TrickRoom,HelpingHand|Relaxed||F|||50|]Sylveon||LifeOrb|Pixilate|HyperVoice,HyperBeam,QuickAttack,Detect|Modest||M|||50|]Torkoal||Charcoal|Drought|Eruption,EarthPower,Flamethrower,Protect|Quiet||F|||50|]Kangaskhan||Kangaskhanite|Scrappy|DoubleEdge,FakeOut,IcePunch,HammerArm|Brave||F|||50|]Mawile||Mawilite|HyperCutter|RockSlide,PlayRough,SuckerPunch,Protect|Brave||F|||50|
|showteam|p2|Farigiraf||ColburBerry|ArmorTail|Psychic,Thunderbolt,Protect,TrickRoom|Modest||M|||50|]Charizard||CharizarditeY|Blaze|HeatWave,WeatherBall,SolarBeam,Protect|Modest||F|||50|]Incineroar||SitrusBerry|Intimidate|FlareBlitz,DarkestLariat,PartingShot,FakeOut|Careful||F|||50|]Venusaur||FocusSash|Chlorophyll|LeafStorm,SludgeBomb,SleepPowder,Protect|Modest||M|||50|]Garchomp||LifeOrb|RoughSkin|RockSlide,DragonClaw,Earthquake,Protect|Adamant||F|||50|]Basculegion||ChoiceScarf|Adaptability|AquaJet,LastRespects,WaveCrash,FlipTurn|Jolly||M|||50|
|inactive|Battle timer is ON: inactive players will automatically lose when time's up. (requested by FotiniP)
|
|t:|1783185949
|teamsize|p1|4
|teamsize|p2|4
|start
|switch|p1a: Farigiraf|Farigiraf, L50, F|100/100
|switch|p1b: Incineroar|Incineroar, L50, M|100/100
|switch|p2a: Charizard|Charizard, L50, F|100/100
|switch|p2b: Venusaur|Venusaur, L50, M, shiny|100/100
|-ability|p1b: Incineroar|Intimidate|boost
|-unboost|p2a: Charizard|atk|1
|-unboost|p2b: Venusaur|atk|1
|turn|1
|inactive|andiom123 has 30 seconds left.
|
|t:|1783185980
|detailschange|p2a: Charizard|Charizard-Mega-Y, L50, F
|-mega|p2a: Charizard|Charizard|Charizardite Y
|-weather|SunnyDay|[from] ability: Drought|[of] p2a: Charizard
|move|p2b: Venusaur|Sleep Powder|p1a: Farigiraf
|-status|p1a: Farigiraf|slp|[from] move: Sleep Powder
|move|p2a: Charizard|Solar Beam||[still]
|-prepare|p2a: Charizard|Solar Beam
|-anim|p2a: Charizard|Solar Beam|p1a: Farigiraf
|-damage|p1a: Farigiraf|53/100 slp
|move|p1b: Incineroar|Parting Shot|p2a: Charizard
|-unboost|p2a: Charizard|atk|1
|-unboost|p2a: Charizard|spa|1
|
|t:|1783185995
|switch|p1b: Kangaskhan|Kangaskhan, L50, F|100/100|[from] Parting Shot
|cant|p1a: Farigiraf|slp
|
|-weather|SunnyDay|[upkeep]
|upkeep
|turn|2
|
|t:|1783186012
|switch|p2a: Incineroar|Incineroar, L50, F|100/100
|-ability|p2a: Incineroar|Intimidate|boost
|-unboost|p1a: Farigiraf|atk|1
|-fail|p1b: Kangaskhan|unboost|Attack|[from] ability: Scrappy|[of] p1b: Kangaskhan
|detailschange|p1b: Kangaskhan|Kangaskhan-Mega, L50, F
|-mega|p1b: Kangaskhan|Kangaskhan|Kangaskhanite
|move|p1b: Kangaskhan|Fake Out|p2a: Incineroar
|-damage|p2a: Incineroar|80/100
|-damage|p2a: Incineroar|76/100
|-hitcount|p2a: Incineroar|2
|move|p2b: Venusaur|Sleep Powder|p1b: Kangaskhan
|-status|p1b: Kangaskhan|slp|[from] move: Sleep Powder
|cant|p1a: Farigiraf|slp
|
|-weather|SunnyDay|[upkeep]
|upkeep
|turn|3
|inactive|FotiniP has 30 seconds left.
|
|t:|1783186039
|switch|p1b: Incineroar|Incineroar, L50, M|100/100
|-ability|p1b: Incineroar|Intimidate|boost
|-unboost|p2a: Incineroar|atk|1
|-unboost|p2b: Venusaur|atk|1
|move|p2b: Venusaur|Sludge Bomb|p1b: Incineroar
|-damage|p1b: Incineroar|57/100
|move|p2a: Incineroar|Darkest Lariat|p1a: Farigiraf
|-supereffective|p1a: Farigiraf|1
|-damage|p1a: Farigiraf|15/100 slp
|-enditem|p1a: Farigiraf|Sitrus Berry|[eat]
|-heal|p1a: Farigiraf|40/100 slp|[from] item: Sitrus Berry
|-curestatus|p1a: Farigiraf|slp|[msg]
|move|p1a: Farigiraf|Trick Room|p1a: Farigiraf
|-fieldstart|move: Trick Room|[of] p1a: Farigiraf
|
|-weather|SunnyDay|[upkeep]
|upkeep
|turn|4
|inactive|andiom123 has 30 seconds left.
|
|t:|1783186070
|switch|p2b: Charizard|Charizard-Mega-Y, L50, F|100/100
|move|p1a: Farigiraf|Foul Play|p2a: Incineroar
|-resisted|p2a: Incineroar|1
|-damage|p2a: Incineroar|68/100
|move|p1b: Incineroar|Flare Blitz|p2b: Charizard
|-resisted|p2b: Charizard|1
|-damage|p2b: Charizard|45/100
|-damage|p1b: Incineroar|43/100|[from] Recoil
|move|p2a: Incineroar|Darkest Lariat|p1a: Farigiraf
|-supereffective|p1a: Farigiraf|1
|-damage|p1a: Farigiraf|2/100
|
|-weather|SunnyDay|[upkeep]
|upkeep
|turn|5
|inactive|andiom123 has 30 seconds left.
|inactive|FotiniP has 30 seconds left.
|inactive|andiom123 has 20 seconds left.
|inactive|andiom123 has 15 seconds left.
|inactive|andiom123 has 10 seconds left.
|inactive|andiom123 has 5 seconds left.
|
|t:|1783186125
|move|p2b: Charizard|Protect|p2b: Charizard
|-singleturn|p2b: Charizard|Protect
|move|p1a: Farigiraf|Foul Play|p2a: Incineroar
|-resisted|p2a: Incineroar|1
|-damage|p2a: Incineroar|61/100
|move|p1b: Incineroar|Throat Chop|p2a: Incineroar
|-resisted|p2a: Incineroar|1
|-damage|p2a: Incineroar|39/100
|-start|p2a: Incineroar|Throat Chop|[silent]
|-enditem|p2a: Incineroar|Sitrus Berry|[eat]
|-heal|p2a: Incineroar|63/100|[from] item: Sitrus Berry
|move|p2a: Incineroar|Darkest Lariat|p1a: Farigiraf
|-supereffective|p1a: Farigiraf|1
|-damage|p1a: Farigiraf|0 fnt
|faint|p1a: Farigiraf
|
|-weather|none
|upkeep
|
|t:|1783186145
|switch|p1a: Sylveon|Sylveon, L50, M|100/100
|turn|6
|
|t:|1783186169
|move|p1b: Incineroar|Throat Chop|p2b: Charizard
|-damage|p2b: Charizard|0 fnt
|faint|p2b: Charizard
|move|p1a: Sylveon|Hyper Voice|p2a: Incineroar
|-damage|p2a: Incineroar|15/100
|-damage|p1a: Sylveon|90/100|[from] item: Life Orb
|move|p2a: Incineroar|Flare Blitz|p1a: Sylveon
|-damage|p1a: Sylveon|57/100
|-damage|p2a: Incineroar|5/100|[from] Recoil
|
|-end|p2a: Incineroar|Throat Chop|[silent]
|upkeep
|
|t:|1783186182
|switch|p2b: Garchomp|Garchomp, L50, F|100/100
|turn|7
|inactive|andiom123 has 30 seconds left.
|
|t:|1783186208
|switch|p1b: Kangaskhan|Kangaskhan-Mega, L50, F|100/100 slp
|move|p1a: Sylveon|Hyper Voice|p2a: Incineroar|[spread] p2a,p2b
|-supereffective|p2b: Garchomp|1
|-damage|p2a: Incineroar|0 fnt
|-damage|p2b: Garchomp|17/100
|faint|p2a: Incineroar
|-damage|p1a: Sylveon|47/100|[from] item: Life Orb
|move|p2b: Garchomp|Earthquake|p1b: Kangaskhan|[spread] p1a,p1b
|-damage|p1a: Sylveon|0 fnt
|-damage|p1b: Kangaskhan|54/100 slp
|faint|p1a: Sylveon
|-damage|p2b: Garchomp|7/100|[from] item: Life Orb
|
|-fieldend|move: Trick Room
|upkeep
|
|t:|1783186221
|switch|p2a: Venusaur|Venusaur, L50, M, shiny|100/100
|switch|p1a: Incineroar|Incineroar, L50, M|43/100
|-ability|p1a: Incineroar|Intimidate|boost
|-unboost|p2a: Venusaur|atk|1
|-unboost|p2b: Garchomp|atk|1
|turn|8
|
|t:|1783186245
|move|p2b: Garchomp|Protect|p2b: Garchomp
|-singleturn|p2b: Garchomp|Protect
|move|p1a: Incineroar|Fake Out|p2b: Garchomp
|-activate|p2b: Garchomp|move: Protect
|move|p2a: Venusaur|Sleep Powder|p1a: Incineroar
|-status|p1a: Incineroar|slp|[from] move: Sleep Powder
|cant|p1b: Kangaskhan|slp
|
|upkeep
|turn|9
|inactive|andiom123 has 30 seconds left.
|
|t:|1783186275
|move|p2a: Venusaur|Sludge Bomb|p1b: Kangaskhan
|-damage|p1b: Kangaskhan|15/100 slp
|move|p2b: Garchomp|Earthquake|p1b: Kangaskhan|[spread] p2a,p1a,p1b
|-supereffective|p1a: Incineroar|1
|-damage|p2a: Venusaur|55/100
|-damage|p1a: Incineroar|0 fnt
|-damage|p1b: Kangaskhan|0 fnt
|faint|p1a: Incineroar
|faint|p1b: Kangaskhan
|-damage|p2b: Garchomp|0 fnt|[from] item: Life Orb
|faint|p2b: Garchomp
|
|win|FotiniP
||andiom123 is ready for game 2.
||FotiniP is ready for game 2.
|uhtml|next|Next: Game 2 of 3
|l|☆FotiniP
|player|p2|
