|j|☆Cyclondo3
|j|☆WASHINGTONGARGACHA
|html|Cyclondo3WASHINGTONGARGACHA    
|uhtml|bestof|Game 1 of a best-of-3
|t:|1757809714
|gametype|doubles
|player|p1|Cyclondo3|hilbert|1068
|player|p2|WASHINGTONGARGACHA|101|1125
|gen|9
|tier|[Gen 9] VGC 2025 Reg H (Bo3)
|rated|
|rule|Species Clause: Limit one of each Pokémon
|rule|Item Clause: Limit 1 of each item
|clearpoke
|poke|p1|Jolteon, L50, M|
|poke|p1|Pincurchin, L50, M|
|poke|p1|Sableye, L50, M|
|poke|p1|Incineroar, L50, M|
|poke|p1|Ninetales-Alola, L50, M|
|poke|p1|Whimsicott, L50, F|
|poke|p2|Typhlosion-Hisui, L50, F|
|poke|p2|Whimsicott, L50, F|
|poke|p2|Dragapult, L50, M|
|poke|p2|Torkoal, L50, F|
|poke|p2|Lilligant-Hisui, L50, F|
|poke|p2|Electabuzz, L50, F|
|teampreview|4
|showteam|p1|Jolteon||ChoiceSpecs|QuickFeet|VoltSwitch,Thunderbolt,Discharge,TeraBlast|||M|||50|,,,,,Ice]Pincurchin||CovertCloak|ElectricSurge|Recover,Acupressure,ToxicSpikes,SuckerPunch|||M|||50|,,,,,Ground]Sableye||SafetyGoggles|Prankster|Protect,Gravity,Disable,Encore|||M|||50|,,,,,Dark]Incineroar||AssaultVest|Intimidate|Uturn,FakeOut,KnockOff,FlareBlitz|||M|||50|,,,,,Fire]Ninetales-Alola||LifeOrb|SnowWarning|Protect,Moonblast,Blizzard,TeraBlast|||M|||50|,,,,,Fire]Whimsicott||FocusSash|Prankster|Protect,Tailwind,Encore,Moonblast|||F|||50|,,,,,Grass
|showteam|p2|Typhlosion-Hisui||ChoiceSpecs|Blaze|HeatWave,Eruption,ShadowBall,FocusPunch|||F|||50|,,,,,Fire]Whimsicott||CovertCloak|Prankster|Tailwind,Moonblast,SunnyDay,Encore|||F|||50|,,,,,Water]Dragapult||ChoiceBand|ClearBody|Uturn,DragonTail,DragonDarts,PhantomForce|||M|||50|,,,,,Dragon]Torkoal||LifeOrb|Drought|HeatWave,Eruption,Protect,WeatherBall|||F|||50|,,,,,Fire]Lilligant-Hisui||FocusSash|Chlorophyll|CloseCombat,SleepPowder,AfterYou,LeafBlade|||F|||50|,,,,,Ghost]Electabuzz||Eviolite|VitalSpirit|FollowMe,Taunt,Electroweb,Protect|||F|||50|,,,,,Grass
|inactive|Battle timer is ON: inactive players will automatically lose when time's up. (requested by Cyclondo3)
|c|☆Cyclondo3|Glhf
|inactive|Cyclondo3 has 60 seconds left.
|inactive|WASHINGTONGARGACHA has 60 seconds left.
|
|t:|1757809756
|teamsize|p1|4
|teamsize|p2|4
|start
|switch|p1a: Jolteon|Jolteon, L50, M|100/100
|switch|p1b: Pincurchin|Pincurchin, L50, M|100/100
|switch|p2a: Whimsicott|Whimsicott, L50, F|100/100
|switch|p2b: Typhlosion|Typhlosion-Hisui, L50, F|100/100
|-fieldstart|move: Electric Terrain|[from] ability: Electric Surge|[of] p1b: Pincurchin
|turn|1
|
|t:|1757809779
|-terastallize|p2b: Typhlosion|Fire
|move|p2a: Whimsicott|Tailwind|p2a: Whimsicott
|-sidestart|p2: WASHINGTONGARGACHA|move: Tailwind
|move|p1b: Pincurchin|Sucker Punch|p2b: Typhlosion
|-damage|p2b: Typhlosion|74/100
|move|p2b: Typhlosion|Heat Wave|p1a: Jolteon|[spread] p1a,p1b
|-crit|p1a: Jolteon
|-damage|p1a: Jolteon|0 fnt
|-damage|p1b: Pincurchin|4/100
|faint|p1a: Jolteon
|
|upkeep
|
|t:|1757809794
|switch|p1a: Ninetales|Ninetales-Alola, L50, M|100/100
|-weather|Snowscape|[from] ability: Snow Warning|[of] p1a: Ninetales
|turn|2
|
|t:|1757809800
|move|p2a: Whimsicott|Sunny Day|p2a: Whimsicott
|-weather|SunnyDay
|move|p2b: Typhlosion|Heat Wave|p1b: Pincurchin|[spread] 
|-miss|p2b: Typhlosion|p1a: Ninetales
|-miss|p2b: Typhlosion|p1b: Pincurchin
|move|p1a: Ninetales|Blizzard|p2a: Whimsicott|[spread] p2a,p2b
|-supereffective|p2a: Whimsicott
|-resisted|p2b: Typhlosion
|-damage|p2a: Whimsicott|0 fnt
|-damage|p2b: Typhlosion|45/100
|faint|p2a: Whimsicott
|-damage|p1a: Ninetales|91/100|[from] item: Life Orb
|move|p1b: Pincurchin|Acupressure|p1a: Ninetales
|-boost|p1a: Ninetales|def|2
|
|-weather|SunnyDay|[upkeep]
|upkeep
|
|t:|1757809814
|switch|p2a: Electabuzz|Electabuzz, L50, F|100/100
|turn|3
|
|t:|1757809824
|switch|p1a: Incineroar|Incineroar, L50, M|100/100
|-ability|p1a: Incineroar|Intimidate|boost
|-unboost|p2a: Electabuzz|atk|1
|-unboost|p2b: Typhlosion|atk|1
|move|p2a: Electabuzz|Electroweb|p1b: Pincurchin|[spread] p1a,p1b
|-resisted|p1b: Pincurchin
|-damage|p1a: Incineroar|88/100
|-damage|p1b: Pincurchin|0 fnt
|-unboost|p1a: Incineroar|spe|1
|faint|p1b: Pincurchin
|move|p2b: Typhlosion|Heat Wave|p1a: Incineroar|[miss]
|-miss|p2b: Typhlosion|p1a: Incineroar
|
|-weather|SunnyDay|[upkeep]
|upkeep
|
|t:|1757809832
|switch|p1b: Ninetales|Ninetales-Alola, L50, M|91/100
|-weather|Snowscape|[from] ability: Snow Warning|[of] p1b: Ninetales
|turn|4
|
|t:|1757809848
|-terastallize|p1b: Ninetales|Fire
|move|p1a: Incineroar|Fake Out|p2a: Electabuzz
|-damage|p2a: Electabuzz|86/100
|cant|p2a: Electabuzz|flinch
|move|p2b: Typhlosion|Heat Wave|p1a: Incineroar|[spread] p1a,p1b
|-resisted|p1a: Incineroar
|-resisted|p1b: Ninetales
|-crit|p1b: Ninetales
|-damage|p1a: Incineroar|67/100
|-damage|p1b: Ninetales|30/100
|move|p1b: Ninetales|Blizzard|p2a: Electabuzz|[spread] p2a,p2b
|-resisted|p2b: Typhlosion
|-damage|p2a: Electabuzz|49/100
|-damage|p2b: Typhlosion|11/100
|-damage|p1b: Ninetales|21/100|[from] item: Life Orb
|
|-weather|Snowscape|[upkeep]
|-sideend|p2: WASHINGTONGARGACHA|move: Tailwind
|upkeep
|turn|5
|
|t:|1757809870
|move|p2a: Electabuzz|Protect|p2a: Electabuzz
|-singleturn|p2a: Electabuzz|Protect
|move|p1b: Ninetales|Protect|p1b: Ninetales
|-singleturn|p1b: Ninetales|Protect
|move|p2b: Typhlosion|Heat Wave|p1a: Incineroar|[spread] p1a
|-activate|p1b: Ninetales|move: Protect
|-resisted|p1a: Incineroar
|-damage|p1a: Incineroar|35/100
|move|p1a: Incineroar|Knock Off|p2b: Typhlosion
|-damage|p2b: Typhlosion|0 fnt
|-enditem|p2b: Typhlosion|Choice Specs|[from] move: Knock Off|[of] p1a: Incineroar
|faint|p2b: Typhlosion
|
|-weather|Snowscape|[upkeep]
|-fieldend|move: Electric Terrain
|upkeep
|
|t:|1757809883
|switch|p2b: Dragapult|Dragapult, L50, M|100/100
|turn|6
|
|t:|1757809902
|move|p2a: Electabuzz|Follow Me|p2a: Electabuzz
|-singleturn|p2a: Electabuzz|move: Follow Me
|move|p2b: Dragapult|Dragon Darts|p1b: Ninetales
|-damage|p1b: Ninetales|0 fnt
|-anim|p2b: Dragapult|Dragon Darts|p1a: Incineroar
|-damage|p1a: Incineroar|0 fnt
|faint|p1b: Ninetales
|faint|p1a: Incineroar
|
|win|WASHINGTONGARGACHA
||Cyclondo3 is ready for game 2.
|c|☆Cyclondo3|Gg wp
||WASHINGTONGARGACHA is ready for game 2.
|uhtml|next|Next: Game 2 of 3
