|j|☆Hornleechers
|j|☆shiroblast
|html|Hornleechersshiroblast    
|uhtml|bestof|Game 2 of a best-of-3
|t:|1785894009
|gametype|doubles
|player|p1|Hornleechers|hilda-wonderlauncher|1107
|player|p2|shiroblast|benga|1160
|gen|9
|tier|[Gen 9 Champions] VGC 2026 Reg M-B (Bo3)
|rated|
|rule|Species Clause: Limit one of each Pokémon
|rule|Item Clause: Limit 1 of each item
|clearpoke
|poke|p1|Venusaur, L50, M|
|poke|p1|Charizard, L50, M|
|poke|p1|Torkoal, L50, M|
|poke|p1|Farigiraf, L50, M|
|poke|p1|Dragonite, L50, M|
|poke|p1|Mamoswine, L50, F|
|poke|p2|Swampert, L50, F|
|poke|p2|Archaludon, L50, M|
|poke|p2|Tyranitar, L50, F|
|poke|p2|Pelipper, L50, M|
|poke|p2|Mawile, L50, M|
|poke|p2|Sinistcha-Masterpiece, L50|
|teampreview|4
|showteam|p1|Venusaur||Venusaurite|Chlorophyll|EarthPower,SludgeBomb,Protect,EnergyBall|Modest||M|||50|]Charizard||CharizarditeX|Blaze|DragonDance,RockSlide,FlareBlitz,ThunderPunch|Adamant||M|||50|]Torkoal||Charcoal|Drought|Eruption,Protect,HeatWave,AncientPower|Quiet||M|||50|]Farigiraf||ColburBerry|ArmorTail|PsychicFangs,Protect,TrickRoom,LowKick|Relaxed||M|||50|]Dragonite||LifeOrb|InnerFocus|DragonDance,Earthquake,DragonClaw,ExtremeSpeed|Jolly||M|||50|]Mamoswine||NeverMeltIce|Oblivious|IceShard,HighHorsepower,Protect,IcicleCrash|Adamant||F|||50|
|showteam|p2|Swampert||Swampertite|Torrent|WaveCrash,IcePunch,Earthquake,Protect|Adamant||F|||50|]Archaludon||Leftovers|Stamina|DragonPulse,ElectroShot,FlashCannon,Protect|Calm||M|||50|]Tyranitar||LifeOrb|SandStream|KnockOff,RockSlide,StompingTantrum,Protect|Jolly||F|||50|]Pelipper||FocusSash|Drizzle|Hurricane,HelpingHand,Tailwind,WideGuard|Timid||M|||50|]Mawile||Mawilite|Intimidate|SuckerPunch,PlayRough,SwordsDance,Protect|Adamant||M|||50|]Sinistcha-Masterpiece||CobaBerry|Hospitality|RagePowder,MatchaGotcha,TrickRoom,Protect|Calm|||||50|
|inactive|Battle timer is ON: inactive players will automatically lose when time's up. (requested by Hornleechers)
|
|t:|1785894068
|teamsize|p1|4
|teamsize|p2|4
|start
|switch|p1a: Venusaur|Venusaur, L50, M|100/100
|switch|p1b: Mamoswine|Mamoswine, L50, F|100/100
|switch|p2a: Tyranitar|Tyranitar, L50, F|100/100
|switch|p2b: Swampert|Swampert, L50, F|100/100
|-weather|Sandstorm|[from] ability: Sand Stream|[of] p2a: Tyranitar
|turn|1
|inactive|Hornleechers has 30 seconds left.
|inactive|Hornleechers has 20 seconds left.
|inactive|Hornleechers has 15 seconds left.
|
|t:|1785894109
|detailschange|p2b: Swampert|Swampert-Mega, L50, F
|-mega|p2b: Swampert|Swampert|Swampertite
|move|p1b: Mamoswine|Protect|p1b: Mamoswine
|-singleturn|p1b: Mamoswine|Protect
|move|p2b: Swampert|Protect|p2b: Swampert
|-singleturn|p2b: Swampert|Protect
|move|p1a: Venusaur|Protect|p1a: Venusaur
|-singleturn|p1a: Venusaur|Protect
|move|p2a: Tyranitar|Knock Off|p1a: Venusaur
|-activate|p1a: Venusaur|move: Protect
|
|-weather|Sandstorm|[upkeep]
|-damage|p1a: Venusaur|94/100|[from] Sandstorm
|upkeep
|turn|2
|inactive|shiroblast has 30 seconds left.
|inactive|Hornleechers has 30 seconds left.
|inactive|shiroblast has 20 seconds left.
|inactive|Hornleechers has 20 seconds left.
|inactive|shiroblast has 15 seconds left.
|inactive|Hornleechers has 15 seconds left.
|inactive|shiroblast has 10 seconds left.
|
|t:|1785894158
|switch|p2b: Sinistcha|Sinistcha-Masterpiece, L50|100/100
|detailschange|p1a: Venusaur|Venusaur-Mega, L50, M
|-mega|p1a: Venusaur|Venusaur|Venusaurite
|move|p1b: Mamoswine|Icicle Crash|p2a: Tyranitar|[miss]
|-miss|p1b: Mamoswine|p2a: Tyranitar
|move|p2a: Tyranitar|Rock Slide|p1b: Mamoswine|[spread] p1a,p1b
|-damage|p1a: Venusaur|62/100
|-damage|p1b: Mamoswine|62/100
|-damage|p2a: Tyranitar|90/100|[from] item: Life Orb
|move|p1a: Venusaur|Energy Ball|p2b: Sinistcha
|-resisted|p2b: Sinistcha|1
|-damage|p2b: Sinistcha|77/100
|
|-weather|Sandstorm|[upkeep]
|-damage|p1a: Venusaur|56/100|[from] Sandstorm
|-damage|p2b: Sinistcha|71/100|[from] Sandstorm
|upkeep
|turn|3
|inactive|shiroblast has 30 seconds left.
|inactive|shiroblast has 20 seconds left.
|inactive|shiroblast has 15 seconds left.
|inactive|shiroblast has 10 seconds left.
|
|t:|1785894205
|move|p2b: Sinistcha|Protect|p2b: Sinistcha
|-singleturn|p2b: Sinistcha|Protect
|move|p1b: Mamoswine|Icicle Crash|p2b: Sinistcha
|-activate|p2b: Sinistcha|move: Protect
|move|p2a: Tyranitar|Stomping Tantrum|p1a: Venusaur
|-damage|p1a: Venusaur|29/100
|-damage|p2a: Tyranitar|80/100|[from] item: Life Orb
|move|p1a: Venusaur|Energy Ball|p2a: Tyranitar
|-supereffective|p2a: Tyranitar|1
|-damage|p2a: Tyranitar|17/100
|
|-weather|Sandstorm|[upkeep]
|-damage|p1a: Venusaur|23/100|[from] Sandstorm
|-damage|p2b: Sinistcha|64/100|[from] Sandstorm
|upkeep
|turn|4
|inactive|Hornleechers has 30 seconds left.
|inactive|shiroblast has 30 seconds left.
|inactive|Hornleechers has 20 seconds left.
|
|t:|1785894242
|switch|p2b: Swampert|Swampert-Mega, L50, F|100/100
|move|p1a: Venusaur|Protect|p1a: Venusaur
|-singleturn|p1a: Venusaur|Protect
|move|p1b: Mamoswine|Icicle Crash|p2a: Tyranitar
|-damage|p2a: Tyranitar|0 fnt
|faint|p2a: Tyranitar
|
|-weather|Sandstorm|[upkeep]
|-damage|p1a: Venusaur|18/100|[from] Sandstorm
|upkeep
|
|t:|1785894252
|switch|p2a: Pelipper|Pelipper, L50, M|100/100
|-weather|RainDance|[from] ability: Drizzle|[of] p2a: Pelipper
|turn|5
|
|t:|1785894274
|move|p2a: Pelipper|Helping Hand|p2b: Swampert
|-singleturn|p2b: Swampert|Helping Hand|[of] p2a: Pelipper
|move|p2b: Swampert|Earthquake|p1a: Venusaur|[spread] p1a,p1b
|-immune|p2a: Pelipper
|-damage|p1a: Venusaur|0 fnt
|-damage|p1b: Mamoswine|0 fnt
|faint|p1a: Venusaur
|faint|p1b: Mamoswine
|
|-weather|RainDance|[upkeep]
|upkeep
|
|t:|1785894281
|switch|p1b: Dragonite|Dragonite, L50, M|100/100
|switch|p1a: Torkoal|Torkoal, L50, M|100/100
|-weather|SunnyDay|[from] ability: Drought|[of] p1a: Torkoal
|turn|6
|
|t:|1785894299
|switch|p2a: Sinistcha|Sinistcha-Masterpiece, L50|64/100
|move|p2b: Swampert|Protect|p2b: Swampert
|-singleturn|p2b: Swampert|Protect
|move|p1b: Dragonite|Dragon Claw|p2b: Swampert
|-activate|p2b: Swampert|move: Protect
|move|p1a: Torkoal|Ancient Power|p2a: Sinistcha
|-damage|p2a: Sinistcha|49/100
|
|-weather|SunnyDay|[upkeep]
|upkeep
|turn|7
|
|t:|1785894321
|switch|p2a: Pelipper|Pelipper, L50, M|100/100
|-weather|RainDance|[from] ability: Drizzle|[of] p2a: Pelipper
|move|p1a: Torkoal|Protect|p1a: Torkoal
|-singleturn|p1a: Torkoal|Protect
|move|p2b: Swampert|Ice Punch|p1b: Dragonite
|-supereffective|p1b: Dragonite|2
|-damage|p1b: Dragonite|0 fnt
|faint|p1b: Dragonite
|
|-weather|RainDance|[upkeep]
|upkeep
|turn|8
|-message|Hornleechers forfeited.
|
|win|shiroblast
|raw|Hornleechers's rating: 1107 → 1086(-21 for losing)
|raw|shiroblast's rating: 1160 → 1181(+21 for winning)
|l|☆Hornleechers
|player|p1|
