|j|☆bonomia
|j|☆lux raymundi
|html|bonomialux raymundi    
|uhtml|bestof|Game 1 of a best-of-3
|t:|1782233223
|gametype|doubles
|player|p1|bonomia|266|1104
|player|p2|lux raymundi|169|1163
|gen|9
|tier|[Gen 9 Champions] VGC 2026 Reg M-B (Bo3)
|rated|
|rule|Species Clause: Limit one of each Pokémon
|rule|Item Clause: Limit 1 of each item
|clearpoke
|poke|p1|Venusaur, L50, M|
|poke|p1|Grimmsnarl, L50, M|
|poke|p1|Basculegion, L50, M|
|poke|p1|Hydreigon, L50, F|
|poke|p1|Garchomp, L50, M|
|poke|p1|Kingambit, L50, M|
|poke|p2|Whimsicott, L50, M|
|poke|p2|Staraptor, L50, F|
|poke|p2|Garchomp, L50, M|
|poke|p2|Gholdengo, L50|
|poke|p2|Basculegion, L50, M|
|poke|p2|Typhlosion-Hisui, L50, F|
|teampreview|4
|showteam|p1|Venusaur||Venusaurite|Chlorophyll|Protect,SludgeBomb,GigaDrain,LeechSeed|Modest||M|||50|]Grimmsnarl||LightClay|Prankster|FoulPlay,LightScreen,Reflect,PartingShot|Calm||M|||50|]Basculegion||SitrusBerry|Adaptability|Protect,WaveCrash,AquaJet,LastRespects|Adamant||M|||50|]Hydreigon||ChoiceScarf|Levitate|DarkPulse,Snarl,DracoMeteor,RainDance|Timid||F|||50|]Garchomp||RoseliBerry|RoughSkin|Protect,StompingTantrum,Earthquake,DragonClaw|Jolly||M|||50|]Kingambit||FocusSash|Defiant|KowtowCleave,SuckerPunch,IronHead,LowKick|Jolly||M|||50|
|showteam|p2|Whimsicott||FocusSash|Prankster|Tickle,Tailwind,Moonblast,FakeTears|Timid||M|||50|]Staraptor||Staraptite|Intimidate|BraveBird,CloseCombat,Roost,Protect|Jolly||F|||50|]Garchomp||RoseliBerry|RoughSkin|DragonClaw,StompingTantrum,RockTomb,PoisonJab|Jolly||M|||50|]Gholdengo||LifeOrb|GoodasGold|MakeItRain,ShadowBall,PowerGem,Protect|Modest|||||50|]Basculegion||MysticWater|Adaptability|WaveCrash,LastRespects,AquaJet,Protect|Adamant||M|||50|]Typhlosion-Hisui||ChoiceScarf|Frisk|Eruption,HeatWave,BurnUp,ShadowBall|Modest||F|||50|
|inactive|Battle timer is ON: inactive players will automatically lose when time's up. (requested by bonomia)
|inactive|bonomia has 60 seconds left.
|inactive|bonomia has 30 seconds left.
|
|t:|1782233332
|teamsize|p1|4
|teamsize|p2|4
|start
|switch|p1a: Venusaur|Venusaur, L50, M|100/100
|switch|p1b: Grimmsnarl|Grimmsnarl, L50, M|100/100
|switch|p2a: Whimsicott|Whimsicott, L50, M|100/100
|switch|p2b: Garchomp|Garchomp, L50, M|100/100
|turn|1
|inactive|bonomia has 30 seconds left.
|inactive|lux raymundi has 30 seconds left.
|inactive|bonomia has 20 seconds left.
|inactive|lux raymundi has 20 seconds left.
|inactive|bonomia has 15 seconds left.
|inactive|lux raymundi has 15 seconds left.
|inactive|bonomia has 10 seconds left.
|inactive|lux raymundi has 10 seconds left.
|inactive|bonomia has 5 seconds left.
|
|t:|1782233384
|detailschange|p1a: Venusaur|Venusaur-Mega, L50, M
|-mega|p1a: Venusaur|Venusaur|Venusaurite
|move|p2a: Whimsicott|Tickle|p1a: Venusaur
|-unboost|p1a: Venusaur|atk|1
|-unboost|p1a: Venusaur|def|1
|move|p1b: Grimmsnarl|Light Screen|p1b: Grimmsnarl
|-sidestart|p1: bonomia|move: Light Screen
|move|p2b: Garchomp|Dragon Claw|p1a: Venusaur
|-damage|p1a: Venusaur|50/100g
|move|p1a: Venusaur|Sludge Bomb|p2a: Whimsicott
|-supereffective|p2a: Whimsicott|2
|-enditem|p2a: Whimsicott|Focus Sash
|-damage|p2a: Whimsicott|1/100
|-status|p2a: Whimsicott|psn
|
|-damage|p2a: Whimsicott|0 fnt|[from] psn
|faint|p2a: Whimsicott
|upkeep
|
|t:|1782233396
|switch|p2a: Typhlosion|Typhlosion-Hisui, L50, F|100/100
|-item|p1a: Venusaur|Venusaurite|[from] ability: Frisk|[of] p2a: Typhlosion
|-item|p1b: Grimmsnarl|Light Clay|[from] ability: Frisk|[of] p2a: Typhlosion
|turn|2
|
|t:|1782233412
|move|p1a: Venusaur|Protect|p1a: Venusaur
|-singleturn|p1a: Venusaur|Protect
|move|p1b: Grimmsnarl|Parting Shot|p2b: Garchomp
|-unboost|p2b: Garchomp|atk|1
|-unboost|p2b: Garchomp|spa|1
|
|t:|1782233416
|switch|p1b: Basculegion|Basculegion, L50, M|100/100|[from] Parting Shot
|move|p2a: Typhlosion|Eruption|p1a: Venusaur|[spread] p1b
|-activate|p1a: Venusaur|move: Protect
|-resisted|p1b: Basculegion|1
|-damage|p1b: Basculegion|81/100
|move|p2b: Garchomp|Poison Jab|p1b: Basculegion
|-resisted|p1b: Basculegion|1
|-damage|p1b: Basculegion|71/100
|-status|p1b: Basculegion|psn
|
|-damage|p1b: Basculegion|59/100 psn|[from] psn
|upkeep
|turn|3
|inactive|bonomia has 30 seconds left.
|
|t:|1782233442
|switch|p2a: Staraptor|Staraptor, L50, F|100/100
|-ability|p2a: Staraptor|Intimidate|boost
|-unboost|p1a: Venusaur|atk|1
|-unboost|p1b: Basculegion|atk|1
|switch|p1a: Grimmsnarl|Grimmsnarl, L50, M|100/100
|move|p2b: Garchomp|Dragon Claw|p1a: Grimmsnarl
|-immune|p1a: Grimmsnarl
|move|p1b: Basculegion|Last Respects|p2a: Staraptor
|-immune|p2a: Staraptor
|
|-damage|p1b: Basculegion|46/100 psn|[from] psn
|upkeep
|-enditem|p1b: Basculegion|Sitrus Berry|[eat]
|-heal|p1b: Basculegion|71/100 psn|[from] item: Sitrus Berry
|turn|4
|inactive|bonomia has 30 seconds left.
|
|t:|1782233473
|detailschange|p2a: Staraptor|Staraptor-Mega, L50, F
|-mega|p2a: Staraptor|Staraptor|Staraptite
|move|p1a: Grimmsnarl|Reflect|p1a: Grimmsnarl
|-sidestart|p1: bonomia|Reflect
|move|p2a: Staraptor|Brave Bird|p1a: Grimmsnarl
|-damage|p1a: Grimmsnarl|52/100
|-damage|p2a: Staraptor|80/100|[from] Recoil
|move|p2b: Garchomp|Poison Jab|p1a: Grimmsnarl
|-supereffective|p1a: Grimmsnarl|1
|-damage|p1a: Grimmsnarl|28/100
|move|p1b: Basculegion|Wave Crash|p2b: Garchomp
|-damage|p2b: Garchomp|44/100
|-damage|p1b: Basculegion|59/100 psn|[from] ability: Rough Skin|[of] p2b: Garchomp
|-damage|p1b: Basculegion|42/100 psn|[from] Recoil
|
|-damage|p1b: Basculegion|30/100 psn|[from] psn
|upkeep
|turn|5
|inactive|bonomia has 30 seconds left.
|inactive|lux raymundi has 30 seconds left.
|inactive|bonomia has 20 seconds left.
|inactive|bonomia has 15 seconds left.
|inactive|bonomia has 10 seconds left.
|inactive|lux raymundi has 20 seconds left.
|
|t:|1782233527
|move|p2a: Staraptor|Close Combat|p1a: Grimmsnarl
|-damage|p1a: Grimmsnarl|0 fnt
|-boost|p2a: Staraptor|def|1
|-boost|p2a: Staraptor|spd|1
|faint|p1a: Grimmsnarl
|move|p2b: Garchomp|Dragon Claw|p1b: Basculegion
|-damage|p1b: Basculegion|9/100 psn
|move|p1b: Basculegion|Wave Crash|p2b: Garchomp
|-damage|p2b: Garchomp|0 fnt
|-damage|p1b: Basculegion|0 fnt|[from] ability: Rough Skin|[of] p2b: Garchomp
|faint|p2b: Garchomp
|faint|p1b: Basculegion
|
|upkeep
|
|t:|1782233540
|switch|p2b: Typhlosion|Typhlosion-Hisui, L50, F|100/100
|switch|p1b: Kingambit|Kingambit, L50, M|100/100
|switch|p1a: Venusaur|Venusaur-Mega, L50, M|50/100g
|-item|p1a: Venusaur|Venusaurite|[from] ability: Frisk|[of] p2b: Typhlosion
|-item|p1b: Kingambit|Focus Sash|[from] ability: Frisk|[of] p2b: Typhlosion
|turn|6
|inactive|lux raymundi has 30 seconds left.
|
|t:|1782233568
|move|p1a: Venusaur|Protect|p1a: Venusaur
|-singleturn|p1a: Venusaur|Protect
|move|p1b: Kingambit|Sucker Punch|p2b: Typhlosion
|-supereffective|p2b: Typhlosion|1
|-damage|p2b: Typhlosion|0 fnt
|faint|p2b: Typhlosion
|move|p2a: Staraptor|Brave Bird|p1b: Kingambit
|-resisted|p1b: Kingambit|1
|-damage|p1b: Kingambit|80/100
|-damage|p2a: Staraptor|74/100|[from] Recoil
|
|upkeep
|turn|7
|j| Trobula72
|
|t:|1782233588
|move|p2a: Staraptor|Close Combat|p1b: Kingambit
|-supereffective|p1b: Kingambit|2
|-damage|p1b: Kingambit|0 fnt
|-boost|p2a: Staraptor|def|1
|-boost|p2a: Staraptor|spd|1
|faint|p1b: Kingambit
|move|p1a: Venusaur|Sludge Bomb|p2a: Staraptor
|-damage|p2a: Staraptor|46/100
|-status|p2a: Staraptor|psn
|
|-damage|p2a: Staraptor|33/100 psn|[from] psn
|upkeep
|turn|8
|
|t:|1782233598
|move|p2a: Staraptor|Roost|p2a: Staraptor
|-heal|p2a: Staraptor|83/100 psn
|-singleturn|p2a: Staraptor|move: Roost
|move|p1a: Venusaur|Leech Seed|p2a: Staraptor|[miss]
|-miss|p1a: Venusaur|p2a: Staraptor
|
|-damage|p2a: Staraptor|71/100 psn|[from] psn
|-sideend|p1: bonomia|move: Light Screen
|upkeep
|turn|9
|
|t:|1782233605
|move|p2a: Staraptor|Protect|p2a: Staraptor
|-singleturn|p2a: Staraptor|Protect
|move|p1a: Venusaur|Leech Seed|p2a: Staraptor
|-activate|p2a: Staraptor|move: Protect
|
|-damage|p2a: Staraptor|59/100 psn|[from] psn
|upkeep
|turn|10
|
|t:|1782233614
|move|p2a: Staraptor|Brave Bird|p1a: Venusaur
|-supereffective|p1a: Venusaur|1
|-damage|p1a: Venusaur|0 fnt
|faint|p1a: Venusaur
|-damage|p2a: Staraptor|40/100 psn|[from] Recoil
|
|win|lux raymundi
