|j|☆guby67
|j|☆ari_uh_123
|html|guby67ari_uh_123    
|uhtml|bestof|Game 1 of a best-of-3
|t:|1757212386
|gametype|doubles
|player|p1|guby67|169|1000
|player|p2|ari_uh_123|n|1000
|gen|9
|tier|[Gen 9] VGC 2025 Reg H (Bo3)
|rated|
|rule|Species Clause: Limit one of each Pokémon
|rule|Item Clause: Limit 1 of each item
|clearpoke
|poke|p1|Incineroar, L50, M|
|poke|p1|Archaludon, L50, M|
|poke|p1|Farigiraf, L50, M|
|poke|p1|Ursaluna-Bloodmoon, L50, M|
|poke|p1|Sneasler, L50, M|
|poke|p1|Gholdengo, L50|
|poke|p2|Sneasler, L50, M|
|poke|p2|Primarina, L50, M|
|poke|p2|Kingambit, L50, F|
|poke|p2|Rillaboom, L50, F|
|poke|p2|Electabuzz, L50, F|
|poke|p2|Dragapult, L50, M|
|teampreview|4
|showteam|p1|Incineroar||CovertCloak|Intimidate|HelpingHand,KnockOff,FlareBlitz,FakeOut|||M|||50|,,,,,Water]Archaludon||RockyHelmet|Stamina|Protect,DragonPulse,ElectroShot,BodyPress|||M|||50|,,,,,Fighting]Farigiraf||RedCard|ArmorTail|DazzlingGleam,Protect,TrickRoom,PsychicNoise|||M|||50|,,,,,Fairy]Ursaluna-Bloodmoon||AssaultVest|MindsEye|Moonblast,Snarl,EarthPower,BloodMoon|||M|||50|,,,,,Fairy]Sneasler||FocusSash|PoisonTouch|CloseCombat,DireClaw,Trailblaze,SwordsDance|||M|||50|,,,,,Fire]Gholdengo||LifeOrb|GoodasGold|DazzlingGleam,MakeItRain,NastyPlot,Protect||||||50|,,,,,Fairy
|showteam|p2|Sneasler||FocusSash|PoisonTouch|DireClaw,CloseCombat,Protect,FakeOut|||M|||50|,,,,,Stellar]Primarina||ThroatSpray|LiquidVoice|Protect,HyperVoice,Moonblast,Haze|||M|||50|,,,,,Poison]Kingambit||BlackGlasses|Defiant|KowtowCleave,SwordsDance,SuckerPunch,Protect|||F|||50|,,,,,Dark]Rillaboom||AssaultVest|GrassySurge|WoodHammer,Uturn,GrassyGlide,FakeOut|||F|||50|,,,,,Fire]Electabuzz||Eviolite|VitalSpirit|Electroweb,Taunt,Protect,FollowMe|||F|||50|,,,,,Fairy]Dragapult||ChoiceBand|ClearBody|DragonDarts,Uturn,PhantomForce,Outrage|||M|||50|,,,,,Dragon
|inactive|Battle timer is ON: inactive players will automatically lose when time's up. (requested by guby67)
|
|t:|1757212408
|teamsize|p1|4
|teamsize|p2|4
|start
|switch|p1a: Ursaluna|Ursaluna-Bloodmoon, L50, M|100/100
|switch|p1b: Incineroar|Incineroar, L50, M|100/100
|switch|p2a: Electabuzz|Electabuzz, L50, F|100/100
|switch|p2b: Dragapult|Dragapult, L50, M|100/100
|-ability|p1b: Incineroar|Intimidate|boost
|-unboost|p2a: Electabuzz|atk|1
|-fail|p2b: Dragapult|unboost|[from] ability: Clear Body|[of] p2b: Dragapult
|turn|1
|inactive|guby67 has 30 seconds left.
|inactive|guby67 has 20 seconds left.
|inactive|guby67 has 15 seconds left.
|inactive|guby67 has 10 seconds left.
|inactive|guby67 has 5 seconds left.
|
|t:|1757212459
|-terastallize|p1a: Ursaluna|Fairy
|move|p1b: Incineroar|Fake Out|p2a: Electabuzz
|-damage|p2a: Electabuzz|90/100
|cant|p2a: Electabuzz|flinch
|move|p2b: Dragapult|Dragon Darts|p1b: Incineroar
|-damage|p1b: Incineroar|66/100
|-anim|p2b: Dragapult|Dragon Darts|p1b: Incineroar
|-damage|p1b: Incineroar|28/100
|move|p1a: Ursaluna|Moonblast|p2b: Dragapult
|-supereffective|p2b: Dragapult
|-damage|p2b: Dragapult|0 fnt
|faint|p2b: Dragapult
|
|upkeep
|inactive|ari_uh_123 has 30 seconds left.
|
|t:|1757212486
|switch|p2b: Sneasler|Sneasler, L50, M|100/100
|turn|2
|
|t:|1757212504
|-terastallize|p2b: Sneasler|Stellar
|move|p2b: Sneasler|Fake Out|p1a: Ursaluna
|-damage|p1a: Ursaluna|89/100
|-status|p1a: Ursaluna|psn|[from] ability: Poison Touch|[of] p2b: Sneasler
|move|p2a: Electabuzz|Electroweb|p1a: Ursaluna|[spread] p1a,p1b
|-damage|p1a: Ursaluna|80/100 psn
|-damage|p1b: Incineroar|20/100
|-unboost|p1a: Ursaluna|spe|1
|move|p1b: Incineroar|Flare Blitz|p2a: Electabuzz
|-damage|p2a: Electabuzz|48/100
|-damage|p1b: Incineroar|8/100|[from] Recoil
|cant|p1a: Ursaluna|flinch
|
|-damage|p1a: Ursaluna|68/100 psn|[from] psn
|upkeep
|turn|3
|inactive|ari_uh_123 has 30 seconds left.
|
|t:|1757212535
|move|p2a: Electabuzz|Follow Me|p2a: Electabuzz
|-singleturn|p2a: Electabuzz|move: Follow Me
|move|p2b: Sneasler|Dire Claw|p1b: Incineroar
|-damage|p1b: Incineroar|0 fnt
|faint|p1b: Incineroar
|move|p1a: Ursaluna|Earth Power|p2a: Electabuzz
|-supereffective|p2a: Electabuzz
|-damage|p2a: Electabuzz|0 fnt
|faint|p2a: Electabuzz
|
|-damage|p1a: Ursaluna|55/100 psn|[from] psn
|upkeep
|
|t:|1757212545
|switch|p2a: Primarina|Primarina, L50, M|100/100
|switch|p1b: Sneasler|Sneasler, L50, M|100/100
|turn|4
|
|t:|1757212566
|move|p2b: Sneasler|Dire Claw|p1b: Sneasler
|-resisted|p1b: Sneasler
|-damage|p1b: Sneasler|63/100
|-status|p1b: Sneasler|par
|move|p2a: Primarina|Moonblast|p1a: Ursaluna
|-damage|p1a: Ursaluna|24/100 psn
|-unboost|p1a: Ursaluna|spa|1
|cant|p1b: Sneasler|par
|move|p1a: Ursaluna|Earth Power|p2b: Sneasler
|-supereffective|p2b: Sneasler
|-damage|p2b: Sneasler|18/100
|
|-damage|p1a: Ursaluna|12/100 psn|[from] psn
|upkeep
|turn|5
|inactive|ari_uh_123 has 30 seconds left.
|
|t:|1757212597
|move|p2b: Sneasler|Dire Claw|p1b: Sneasler
|-resisted|p1b: Sneasler
|-damage|p1b: Sneasler|27/100 par
|move|p2a: Primarina|Hyper Voice|p1a: Ursaluna|[spread] p1a,p1b
|-damage|p1a: Ursaluna|0 fnt
|-damage|p1b: Sneasler|0 fnt
|faint|p1a: Ursaluna
|faint|p1b: Sneasler
|-enditem|p2a: Primarina|Throat Spray
|-boost|p2a: Primarina|spa|1|[from] item: Throat Spray
|
|upkeep
|
|t:|1757212604
|switch|p1b: Archaludon|Archaludon, L50, M|100/100
|turn|6
|
|t:|1757212624
|move|p2b: Sneasler|Protect|p2b: Sneasler
|-singleturn|p2b: Sneasler|Protect
|move|p1b: Archaludon|Body Press|p2b: Sneasler
|-activate|p2b: Sneasler|move: Protect
|move|p2a: Primarina|Moonblast|p1b: Archaludon
|-damage|p1b: Archaludon|38/100
|-unboost|p1b: Archaludon|spa|1
|-ability|p1b: Archaludon|Stamina|boost
|-boost|p1b: Archaludon|def|1
|
|upkeep
|turn|7
|-message|guby67 forfeited.
|
|win|ari_uh_123
|l|☆guby67
|player|p1|
||guby67 is ready for game 2.
||ari_uh_123 is ready for game 2.
|uhtml|next|Next: Game 2 of 3
