|j|☆Sprinicki
|j|☆cozmyktwentysix
|html|Sprinickicozmyktwentysix    
|uhtml|bestof|Game 2 of a best-of-3
|t:|1757027834
|gametype|doubles
|player|p1|Sprinicki|102|
|player|p2|cozmyktwentysix|169|
|gen|9
|tier|[Gen 9] VGC 2025 Reg H (Bo3)
|rule|Species Clause: Limit one of each Pokémon
|rule|Item Clause: Limit 1 of each item
|clearpoke
|poke|p1|Gallade, L50, M|
|poke|p1|Exeggutor, L50, M|
|poke|p1|Zoroark-Hisui, L50, F|
|poke|p1|Ursaluna, L50, M|
|poke|p1|Torkoal, L50, M|
|poke|p1|Indeedee-F, L50, F|
|poke|p2|Dragonite, L50, F|
|poke|p2|Ursaluna, L50, F|
|poke|p2|Pelipper, L50, M|
|poke|p2|Sinistcha, L50|
|poke|p2|Basculegion, L50, M|
|poke|p2|Archaludon, L50, M|
|teampreview|4
|showteam|p1|Gallade||ClearAmulet|Sharpness|PsychoCut,TrickRoom,WideGuard,SacredSword|||M|||50|,,,,,Fire]Exeggutor||FocusSash|Chlorophyll|TrickRoom,ExpandingForce,EnergyBall,SleepPowder|||M|||50|,,,,,Psychic]Zoroark-Hisui||ChoiceSpecs|Illusion|HyperVoice,Flamethrower,ShadowBall,TeraBlast|||F|||50|,,,,,Stellar]Ursaluna||FlameOrb|Guts|Facade,Protect,Earthquake,HeadlongRush|||M|||50|,,,,,Ghost]Torkoal||Charcoal|Drought|Eruption,WeatherBall,Protect,HeatWave|||M|||50|,,,,,Fire]Indeedee-F||PsychicSeed|PsychicSurge|TrickRoom,Psychic,FollowMe,HelpingHand|||F|||50|,,,,,Grass
|showteam|p2|Dragonite||LoadedDice|Multiscale|ScaleShot,Tailwind,Haze,Protect|||F|||50|,,,,,Steel]Ursaluna||FlameOrb|Guts|HeadlongRush,Facade,Earthquake,Protect|||F|||50|,,,,,Fire]Pelipper||FocusSash|Drizzle|WeatherBall,Hurricane,Tailwind,Protect|||M|||50|,,,,,Ghost]Sinistcha||SitrusBerry|Hospitality|MatchaGotcha,LifeDew,RagePowder,TrickRoom||||||50|,,,,,Dark]Basculegion||ChoiceBand|SwiftSwim|WaveCrash,LastRespects,AquaJet,FlipTurn|||M|||50|,,,,,Grass]Archaludon||AssaultVest|Stamina|ElectroShot,FlashCannon,BodyPress,Snarl|||M|||50|,,,,,Bug
|j| ponje
|j| Taffiroll
|j| geosts
|j| cocoralladoquemado
|l| ponje
|j| Kaiuser
|j| ponje
|
|t:|1757027936
|teamsize|p1|4
|teamsize|p2|4
|start
|switch|p1a: Stella|Exeggutor, L50, M|100/100
|switch|p1b: York|Indeedee-F, L50, F|100/100
|switch|p2a: Dragonite|Dragonite, L50, F|100/100
|switch|p2b: Ursaluna|Ursaluna, L50, F|100/100
|-fieldstart|move: Psychic Terrain|[from] ability: Psychic Surge|[of] p1b: York
|-enditem|p1b: York|Psychic Seed
|-boost|p1b: York|spd|1|[from] item: Psychic Seed
|turn|1
|j| ziriux
|l| cocoralladoquemado
|
|t:|1757028043
|move|p2a: Dragonite|Scale Shot|p1a: Stella|[miss]
|-miss|p2a: Dragonite|p1a: Stella
|move|p1a: Stella|Sleep Powder|p2a: Dragonite
|-status|p2a: Dragonite|slp|[from] move: Sleep Powder
|move|p2b: Ursaluna|Facade|p1a: Stella
|-damage|p1a: Stella|53/100
|move|p1b: York|Psychic|p2a: Dragonite
|-damage|p2a: Dragonite|79/100 slp
|
|-status|p2b: Ursaluna|brn|[from] item: Flame Orb
|upkeep
|turn|2
|
|t:|1757028077
|-terastallize|p1a: Stella|Psychic
|move|p1b: York|Helping Hand|p1a: Stella
|-singleturn|p1a: Stella|Helping Hand|[of] p1b: York
|move|p2b: Ursaluna|Protect|p2b: Ursaluna
|-singleturn|p2b: Ursaluna|Protect
|cant|p2a: Dragonite|slp
|move|p1a: Stella|Expanding Force|p2a: Dragonite|[spread] p2a
|-activate|p2b: Ursaluna|move: Protect
|-damage|p2a: Dragonite|0 fnt
|faint|p2a: Dragonite
|
|-damage|p2b: Ursaluna|95/100 brn|[from] brn
|upkeep
|
|t:|1757028090
|switch|p2a: Archaludon|Archaludon, L50, M|100/100
|turn|3
|
|t:|1757028127
|switch|p1b: Atlas|Torkoal, L50, M|100/100
|-weather|SunnyDay|[from] ability: Drought|[of] p1b: Atlas
|move|p1a: Stella|Energy Ball|p2b: Ursaluna
|-supereffective|p2b: Ursaluna
|-damage|p2b: Ursaluna|2/100 brn
|move|p2a: Archaludon|Flash Cannon|p1a: Stella
|-damage|p1a: Stella|0 fnt
|faint|p1a: Stella
|move|p2b: Ursaluna|Facade|p1b: Atlas
|-damage|p1b: Atlas|11/100
|
|-weather|SunnyDay|[upkeep]
|-damage|p2b: Ursaluna|0 fnt|[from] brn
|faint|p2b: Ursaluna
|upkeep
|
|t:|1757028148
|switch|p1a: York|Indeedee-F, L50, F|100/100
|switch|p2b: Pelipper|Pelipper, L50, M|100/100
|-weather|RainDance|[from] ability: Drizzle|[of] p2b: Pelipper
|turn|4
|
|t:|1757028193
|move|p1b: Atlas|Protect|p1b: Atlas
|-singleturn|p1b: Atlas|Protect
|move|p2a: Archaludon|Electro Shot||[still]
|-prepare|p2a: Archaludon|Electro Shot
|-boost|p2a: Archaludon|spa|1
|-anim|p2a: Archaludon|Electro Shot|p1a: York
|-damage|p1a: York|36/100
|move|p2b: Pelipper|Weather Ball|p1b: Atlas
|-activate|p1b: Atlas|move: Protect
|move|p1a: York|Trick Room|p1a: York
|-fieldstart|move: Trick Room|[of] p1a: York
|
|-weather|RainDance|[upkeep]
|upkeep
|turn|5
|
|t:|1757028309
|move|p1b: Atlas|Weather Ball|p2a: Archaludon
|-resisted|p2a: Archaludon
|-damage|p2a: Archaludon|84/100
|-ability|p2a: Archaludon|Stamina|boost
|-boost|p2a: Archaludon|def|1
|move|p1a: York|Psychic|p2b: Pelipper
|-damage|p2b: Pelipper|59/100
|move|p2b: Pelipper|Weather Ball|p1a: York
|-damage|p1a: York|0 fnt
|faint|p1a: York
|move|p2a: Archaludon|Electro Shot||[still]
|-prepare|p2a: Archaludon|Electro Shot
|-boost|p2a: Archaludon|spa|1
|-anim|p2a: Archaludon|Electro Shot|p1b: Atlas
|-damage|p1b: Atlas|0 fnt
|faint|p1b: Atlas
|
|-weather|RainDance|[upkeep]
|-fieldend|move: Psychic Terrain
|upkeep
|
|t:|1757028330
|switch|p1a: Banjo|Ursaluna, L50, M|100/100
|turn|6
|j| cocoralladoquemado
|
|t:|1757028408
|move|p1a: Banjo|Facade|p2b: Pelipper
|-damage|p2b: Pelipper|10/100
|move|p2b: Pelipper|Weather Ball|p1a: Banjo
|-supereffective|p1a: Banjo
|-damage|p1a: Banjo|7/100
|move|p2a: Archaludon|Body Press|p1a: Banjo
|-supereffective|p1a: Banjo
|-damage|p1a: Banjo|0 fnt
|faint|p1a: Banjo
|
|win|cozmyktwentysix
|inactive|Sprinicki has 30 seconds to confirm battle start!
|inactive|cozmyktwentysix has 30 seconds to confirm battle start!
|inactive|Sprinicki has 20 seconds to confirm battle start!
|inactive|cozmyktwentysix has 20 seconds to confirm battle start!
||cozmyktwentysix is ready for game 3.
|inactive|Sprinicki has 10 seconds to confirm battle start!
||Sprinicki is ready for game 3.
|uhtml|next|Next: Game 3 of 3
|l| Taffiroll
|l| Kaiuser
