|j|☆CritHappens5
|j|☆soccerdude26
|html|CritHappens5soccerdude26    
|uhtml|bestof|Game 2 of a best-of-3
|t:|1756942637
|gametype|doubles
|player|p1|CritHappens5|265|1246
|player|p2|soccerdude26|volkner|1228
|gen|9
|tier|[Gen 9] VGC 2025 Reg H (Bo3)
|rated|
|rule|Species Clause: Limit one of each Pokémon
|rule|Item Clause: Limit 1 of each item
|clearpoke
|poke|p1|Sneasler, L50, F|
|poke|p1|Indeedee, L50, M|
|poke|p1|Volcarona, L50, M|
|poke|p1|Ursaluna-Bloodmoon, L50, M|
|poke|p1|Annihilape, L50, F|
|poke|p1|Tyranitar, L50, M|
|poke|p2|Scrafty, L50, M|
|poke|p2|Rillaboom, L50, M|
|poke|p2|Gholdengo, L50|
|poke|p2|Farigiraf, L50, F|
|poke|p2|Dragonite, L50, M|
|poke|p2|Ursaluna, L50, F|
|teampreview|4
|showteam|p1|Sneasler||PsychicSeed|Unburden|CloseCombat,DireClaw,ThroatChop,Protect|||F|||50|,,,,,Dark]Indeedee||ChoiceScarf|PsychicSurge|ExpandingForce,TeraBlast,Trick,Protect|||M|||50|,,,,,Psychic]Volcarona||SitrusBerry|FlameBody|Overheat,StruggleBug,RagePowder,Tailwind|||M|||50|,,,,,Dragon]Ursaluna-Bloodmoon||LifeOrb|MindsEye|BloodMoon,HyperVoice,EarthPower,Protect|||M|||50|,,,,,Normal]Annihilape||SafetyGoggles|Defiant|CloseCombat,RageFist,Taunt,FinalGambit|||F|||50|,,,,,Fairy]Tyranitar||AssaultVest|SandStream|RockSlide,KnockOff,TeraBlast,LowKick|||M|||50|,,,,,Flying
|showteam|p2|Scrafty||AssaultVest|Intimidate|FakeOut,KnockOff,CloseCombat,PoisonJab|||M|||50|,,,,,Water]Rillaboom||MiracleSeed|GrassySurge|FakeOut,WoodHammer,GrassyGlide,Uturn|||M|||50|,,,,,Fire]Gholdengo||ChoiceSpecs|GoodasGold|MakeItRain,ShadowBall,Thunderbolt,Trick||||||50|,,,,,Steel]Farigiraf||GrassySeed|ArmorTail|Psychic,HyperVoice,TrickRoom,Protect|||F|||50|,,,,,Water]Dragonite||LoadedDice|Multiscale|ScaleShot,Tailwind,Haze,Protect|||M|||50|,,,,,Fairy]Ursaluna||FlameOrb|Guts|Facade,Earthquake,HeadlongRush,Protect|||F|||50|,,,,,Ghost
|inactive|Battle timer is ON: inactive players will automatically lose when time's up. (requested by soccerdude26)
|
|t:|1756942674
|teamsize|p1|4
|teamsize|p2|4
|start
|switch|p1a: Volcarona|Volcarona, L50, M|100/100
|switch|p1b: Ursaluna|Ursaluna-Bloodmoon, L50, M|100/100
|switch|p2a: Farigiraf|Farigiraf, L50, F|100/100
|switch|p2b: Rillaboom|Rillaboom, L50, M|100/100
|-fieldstart|move: Grassy Terrain|[from] ability: Grassy Surge|[of] p2b: Rillaboom
|-enditem|p2a: Farigiraf|Grassy Seed
|-boost|p2a: Farigiraf|def|1|[from] item: Grassy Seed
|turn|1
|
|t:|1756942690
|-terastallize|p1b: Ursaluna|Normal
|move|p2b: Rillaboom|Fake Out|p1b: Ursaluna
|-damage|p1b: Ursaluna|88/100
|move|p1a: Volcarona|Struggle Bug|p2b: Rillaboom|[spread] p2a,p2b
|-supereffective|p2a: Farigiraf
|-supereffective|p2b: Rillaboom
|-damage|p2a: Farigiraf|67/100
|-damage|p2b: Rillaboom|62/100
|-unboost|p2a: Farigiraf|spa|1
|-unboost|p2b: Rillaboom|spa|1
|cant|p1b: Ursaluna|flinch
|move|p2a: Farigiraf|Trick Room|p2a: Farigiraf
|-fieldstart|move: Trick Room|[of] p2a: Farigiraf
|
|-heal|p2a: Farigiraf|73/100|[from] Grassy Terrain
|-heal|p1b: Ursaluna|94/100|[from] Grassy Terrain
|-heal|p2b: Rillaboom|68/100|[from] Grassy Terrain
|upkeep
|turn|2
|
|t:|1756942711
|move|p2a: Farigiraf|Psychic|p1b: Ursaluna
|-damage|p1b: Ursaluna|60/100
|move|p1b: Ursaluna|Blood Moon|p2b: Rillaboom
|-damage|p2b: Rillaboom|0 fnt
|faint|p2b: Rillaboom
|-damage|p1b: Ursaluna|51/100|[from] item: Life Orb
|move|p1a: Volcarona|Overheat|p2a: Farigiraf
|-damage|p2a: Farigiraf|19/100
|-unboost|p1a: Volcarona|spa|2
|
|-heal|p2a: Farigiraf|24/100|[from] Grassy Terrain
|-heal|p1b: Ursaluna|57/100|[from] Grassy Terrain
|upkeep
|
|t:|1756942717
|switch|p2b: Ursaluna|Ursaluna, L50, F|100/100
|turn|3
|
|t:|1756942729
|move|p1a: Volcarona|Rage Powder|p1a: Volcarona
|-singleturn|p1a: Volcarona|move: Rage Powder
|move|p2b: Ursaluna|Facade|p1a: Volcarona
|-damage|p1a: Volcarona|48/100
|-enditem|p1a: Volcarona|Sitrus Berry|[eat]
|-heal|p1a: Volcarona|73/100|[from] item: Sitrus Berry
|move|p2a: Farigiraf|Psychic|p1a: Volcarona
|-damage|p1a: Volcarona|50/100
|-unboost|p1a: Volcarona|spd|1
|move|p1b: Ursaluna|Hyper Voice|p2a: Farigiraf|[spread] p2a,p2b
|-damage|p2a: Farigiraf|0 fnt
|-damage|p2b: Ursaluna|41/100
|faint|p2a: Farigiraf
|-damage|p1b: Ursaluna|47/100|[from] item: Life Orb
|
|-heal|p2b: Ursaluna|47/100|[from] Grassy Terrain
|-heal|p1b: Ursaluna|53/100|[from] Grassy Terrain
|-heal|p1a: Volcarona|56/100|[from] Grassy Terrain
|-status|p2b: Ursaluna|brn|[from] item: Flame Orb
|upkeep
|
|t:|1756942732
|switch|p2a: Scrafty|Scrafty, L50, M|100/100
|-ability|p2a: Scrafty|Intimidate|boost
|-unboost|p1a: Volcarona|atk|1
|-unboost|p1b: Ursaluna|atk|1
|turn|4
|inactive|CritHappens5 has 30 seconds left.
|
|t:|1756942759
|move|p1b: Ursaluna|Protect|p1b: Ursaluna
|-singleturn|p1b: Ursaluna|Protect
|move|p2b: Ursaluna|Facade|p1a: Volcarona
|-damage|p1a: Volcarona|0 fnt
|faint|p1a: Volcarona
|move|p2a: Scrafty|Close Combat|p1b: Ursaluna
|-activate|p1b: Ursaluna|move: Protect
|
|-heal|p2b: Ursaluna|53/100 brn|[from] Grassy Terrain
|-heal|p1b: Ursaluna|59/100|[from] Grassy Terrain
|-damage|p2b: Ursaluna|47/100 brn|[from] brn
|upkeep
|
|t:|1756942769
|switch|p1a: Sneasler|Sneasler, L50, F|100/100
|turn|5
|
|t:|1756942774
|move|p1a: Sneasler|Protect|p1a: Sneasler
|-singleturn|p1a: Sneasler|Protect
|move|p2b: Ursaluna|Facade|p1a: Sneasler
|-activate|p1a: Sneasler|move: Protect
|move|p2a: Scrafty|Close Combat|p1b: Ursaluna
|-supereffective|p1b: Ursaluna
|-damage|p1b: Ursaluna|0 fnt
|-unboost|p2a: Scrafty|def|1
|-unboost|p2a: Scrafty|spd|1
|faint|p1b: Ursaluna
|
|-heal|p2b: Ursaluna|53/100 brn|[from] Grassy Terrain
|-damage|p2b: Ursaluna|47/100 brn|[from] brn
|-fieldend|move: Trick Room
|-fieldend|move: Grassy Terrain
|upkeep
|
|t:|1756942799
|switch|p1b: Indeedee|Indeedee, L50, M|100/100
|-fieldstart|move: Psychic Terrain|[from] ability: Psychic Surge|[of] p1b: Indeedee
|-enditem|p1a: Sneasler|Psychic Seed
|-boost|p1a: Sneasler|spd|1|[from] item: Psychic Seed
|turn|6
|
|t:|1756942811
|move|p2b: Ursaluna|Protect|p2b: Ursaluna
|-singleturn|p2b: Ursaluna|Protect
|move|p1a: Sneasler|Close Combat|p2a: Scrafty
|-supereffective|p2a: Scrafty
|-damage|p2a: Scrafty|0 fnt
|-unboost|p1a: Sneasler|def|1
|-unboost|p1a: Sneasler|spd|1
|faint|p2a: Scrafty
|move|p1b: Indeedee|Expanding Force|p2b: Ursaluna
|-activate|p2b: Ursaluna|move: Protect
|
|-damage|p2b: Ursaluna|41/100 brn|[from] brn
|upkeep
|turn|7
|
|t:|1756942817
|-terastallize|p2b: Ursaluna|Ghost
|move|p1a: Sneasler|Close Combat|p2b: Ursaluna
|-immune|p2b: Ursaluna
|move|p1b: Indeedee|Expanding Force|p2b: Ursaluna
|-crit|p2b: Ursaluna
|-damage|p2b: Ursaluna|0 fnt
|faint|p2b: Ursaluna
|
|win|CritHappens5
||CritHappens5 is ready for game 3.
|l|☆soccerdude26
|player|p2|
||soccerdude26 is ready for game 3.
|uhtml|next|Next: Game 3 of 3
