|j|☆arkjsmith
|j|☆cpeavy04
|html|arkjsmithcpeavy04    
|uhtml|bestof|Game 1 of a best-of-3
|t:|1756961820
|gametype|doubles
|player|p1|arkjsmith|roxie|1322
|player|p2|cpeavy04|169|1258
|gen|9
|tier|[Gen 9] VGC 2025 Reg H (Bo3)
|rated|
|rule|Species Clause: Limit one of each Pokémon
|rule|Item Clause: Limit 1 of each item
|clearpoke
|poke|p1|Dragonite, L50, F|
|poke|p1|Ninetales-Alola, L50, M|
|poke|p1|Annihilape, L50, M|
|poke|p1|Rillaboom, L50, M|
|poke|p1|Gholdengo, L50|
|poke|p1|Ursaluna-Bloodmoon, L50, M|
|poke|p2|Dragonite, L50, M|
|poke|p2|Ursaluna-Bloodmoon, L50, M|
|poke|p2|Gholdengo, L50|
|poke|p2|Incineroar, L50, F|
|poke|p2|Ninetales-Alola, L50, M|
|poke|p2|Annihilape, L50, F|
|teampreview|4
|showteam|p1|Dragonite||LoadedDice|Multiscale|ScaleShot,ExtremeSpeed,Tailwind,Protect|||F|||50|,,,,,Fairy]Ninetales-Alola||LightClay|SnowWarning|IcicleSpear,AuroraVeil,Blizzard,IcyWind|||M|||50|,,,,,Ghost]Annihilape||SafetyGoggles|Defiant|RageFist,DrainPunch,BulkUp,Protect|||M|||50|,,,,,Fire]Rillaboom||MiracleSeed|GrassySurge|WoodHammer,GrassyGlide,FakeOut,Protect|||M|||50|,,,,,Grass]Gholdengo||LifeOrb|GoodasGold|MakeItRain,ShadowBall,NastyPlot,Protect||||||50|,,,,,Water]Ursaluna-Bloodmoon||AssaultVest|MindsEye|BloodMoon,HyperVoice,EarthPower,VacuumWave|||M|||50|,,,,,Ghost
|showteam|p2|Dragonite||LoadedDice|Multiscale|ScaleShot,Tailwind,Haze,Protect|||M|||50|,,,,,Steel]Ursaluna-Bloodmoon||AssaultVest|MindsEye|HyperVoice,BloodMoon,EarthPower,VacuumWave|||M|||50|,,,,,Poison]Gholdengo||LifeOrb|GoodasGold|MakeItRain,ShadowBall,NastyPlot,Protect||||||50|,,,,,Fairy]Incineroar||SafetyGoggles|Intimidate|FlareBlitz,KnockOff,FakeOut,PartingShot|||F|||50|,,,,,Ghost]Ninetales-Alola||FocusSash|SnowWarning|FreezeDry,IcicleSpear,AuroraVeil,Protect|||M|||50|,,,,,Ghost]Annihilape||Leftovers|Defiant|DrainPunch,RageFist,BulkUp,Protect|||F|||50|,,,,,Fire
|inactive|Battle timer is ON: inactive players will automatically lose when time's up. (requested by arkjsmith)
|inactive|arkjsmith has 60 seconds left.
|inactive|cpeavy04 has 60 seconds left.
|
|t:|1756961878
|teamsize|p1|4
|teamsize|p2|4
|start
|switch|p1a: Indigo|Annihilape, L50, M, shiny|100/100
|switch|p1b: Guns For Hands|Dragonite, L50, F, shiny|100/100
|switch|p2a: Incineroar|Incineroar, L50, F|100/100
|switch|p2b: Annihilape|Annihilape, L50, F|100/100
|-ability|p2a: Incineroar|Intimidate|boost
|-unboost|p1a: Indigo|atk|1
|-ability|p1a: Indigo|Defiant|boost
|-boost|p1a: Indigo|atk|2
|-unboost|p1b: Guns For Hands|atk|1
|turn|1
|inactive|cpeavy04 has 30 seconds left.
|
|t:|1756961907
|move|p1b: Guns For Hands|Protect|p1b: Guns For Hands
|-singleturn|p1b: Guns For Hands|Protect
|move|p2a: Incineroar|Fake Out|p1b: Guns For Hands
|-activate|p1b: Guns For Hands|move: Protect
|move|p1a: Indigo|Bulk Up|p1a: Indigo
|-boost|p1a: Indigo|atk|1
|-boost|p1a: Indigo|def|1
|move|p2b: Annihilape|Bulk Up|p2b: Annihilape
|-boost|p2b: Annihilape|atk|1
|-boost|p2b: Annihilape|def|1
|
|upkeep
|turn|2
|inactive|arkjsmith has 30 seconds left.
|inactive|cpeavy04 has 30 seconds left.
|inactive|cpeavy04 has 20 seconds left.
|inactive|cpeavy04 has 15 seconds left.
|inactive|arkjsmith has 20 seconds left.
|inactive|cpeavy04 has 10 seconds left.
|
|t:|1756961954
|-terastallize|p2b: Annihilape|Fire
|move|p1a: Indigo|Rage Fist|p2b: Annihilape
|-crit|p2b: Annihilape
|-damage|p2b: Annihilape|44/100
|move|p1b: Guns For Hands|Tailwind|p1b: Guns For Hands
|-sidestart|p1: arkjsmith|move: Tailwind
|move|p2b: Annihilape|Bulk Up|p2b: Annihilape
|-boost|p2b: Annihilape|atk|1
|-boost|p2b: Annihilape|def|1
|move|p2a: Incineroar|Parting Shot|p1b: Guns For Hands
|-unboost|p1b: Guns For Hands|atk|1
|-unboost|p1b: Guns For Hands|spa|1
|inactive|cpeavy04 has 30 seconds left.
|
|t:|1756961981
|switch|p2a: Gholdengo|Gholdengo, L50|100/100|[from] Parting Shot
|
|-heal|p2b: Annihilape|50/100|[from] item: Leftovers
|upkeep
|turn|3
|
|t:|1756962001
|switch|p1b: Glowing Eyes|Ursaluna-Bloodmoon, L50, M|100/100
|-terastallize|p1a: Indigo|Fire
|move|p1a: Indigo|Rage Fist|p2a: Gholdengo
|-supereffective|p2a: Gholdengo
|-damage|p2a: Gholdengo|26/100
|move|p2b: Annihilape|Rage Fist|p1a: Indigo
|-damage|p1a: Indigo|46/100
|move|p2a: Gholdengo|Shadow Ball|p1a: Indigo
|-damage|p1a: Indigo|0 fnt
|faint|p1a: Indigo
|-damage|p2a: Gholdengo|16/100|[from] item: Life Orb
|
|-heal|p2b: Annihilape|56/100|[from] item: Leftovers
|upkeep
|
|t:|1756962019
|switch|p1a: Lavish|Gholdengo, L50|100/100
|turn|4
|
|t:|1756962028
|switch|p2a: Dragonite|Dragonite, L50, M|100/100
|move|p2b: Annihilape|Protect|p2b: Annihilape
|-singleturn|p2b: Annihilape|Protect
|move|p1a: Lavish|Shadow Ball|p2b: Annihilape
|-activate|p2b: Annihilape|move: Protect
|move|p1b: Glowing Eyes|Hyper Voice|p2a: Dragonite|[spread] p2a
|-activate|p2b: Annihilape|move: Protect
|-damage|p2a: Dragonite|82/100
|
|-heal|p2b: Annihilape|62/100|[from] item: Leftovers
|upkeep
|turn|5
|inactive|cpeavy04 has 30 seconds left.
|
|t:|1756962062
|switch|p2b: Gholdengo|Gholdengo, L50|16/100
|move|p1b: Glowing Eyes|Vacuum Wave|p2b: Gholdengo
|-supereffective|p2b: Gholdengo
|-damage|p2b: Gholdengo|0 fnt
|faint|p2b: Gholdengo
|move|p1a: Lavish|Shadow Ball|p2a: Dragonite
|-damage|p2a: Dragonite|25/100
|-damage|p1a: Lavish|91/100|[from] item: Life Orb
|move|p2a: Dragonite|Tailwind|p2a: Dragonite
|-sidestart|p2: cpeavy04|move: Tailwind
|
|-sideend|p1: arkjsmith|move: Tailwind
|upkeep
|
|t:|1756962076
|switch|p2b: Annihilape|Annihilape, L50, F, tera:Fire|62/100
|turn|6
|inactive|arkjsmith has 30 seconds left.
|
|t:|1756962103
|move|p2a: Dragonite|Scale Shot|p1b: Glowing Eyes
|-damage|p1b: Glowing Eyes|90/100
|-damage|p1b: Glowing Eyes|78/100
|-damage|p1b: Glowing Eyes|68/100
|-damage|p1b: Glowing Eyes|57/100
|-damage|p1b: Glowing Eyes|45/100
|-hitcount|p1b: Glowing Eyes|5
|-unboost|p2a: Dragonite|def|1
|-boost|p2a: Dragonite|spe|1
|move|p2b: Annihilape|Rage Fist|p1a: Lavish
|-supereffective|p1a: Lavish
|-damage|p1a: Lavish|6/100
|move|p1a: Lavish|Shadow Ball|p2a: Dragonite
|-damage|p2a: Dragonite|0 fnt
|faint|p2a: Dragonite
|-damage|p1a: Lavish|0 fnt|[from] item: Life Orb
|faint|p1a: Lavish
|move|p1b: Glowing Eyes|Earth Power|p2b: Annihilape
|-supereffective|p2b: Annihilape
|-damage|p2b: Annihilape|0 fnt
|faint|p2b: Annihilape
|
|upkeep
|
|t:|1756962126
|switch|p1a: Guns For Hands|Dragonite, L50, F, shiny|100/100
|switch|p2b: Incineroar|Incineroar, L50, F|100/100
|-ability|p2b: Incineroar|Intimidate|boost
|-unboost|p1a: Guns For Hands|atk|1
|-unboost|p1b: Glowing Eyes|atk|1
|turn|7
|
|t:|1756962137
|move|p2b: Incineroar|Knock Off|p1b: Glowing Eyes
|-damage|p1b: Glowing Eyes|19/100
|-enditem|p1b: Glowing Eyes|Assault Vest|[from] move: Knock Off|[of] p2b: Incineroar
|move|p1a: Guns For Hands|Tailwind|p1a: Guns For Hands
|-sidestart|p1: arkjsmith|move: Tailwind
|move|p1b: Glowing Eyes|Earth Power|p2b: Incineroar
|-supereffective|p2b: Incineroar
|-damage|p2b: Incineroar|10/100
|
|upkeep
|turn|8
|-message|cpeavy04 forfeited.
|
|win|arkjsmith
||cpeavy04 is ready for game 2.
|inactive|arkjsmith has 30 seconds to confirm battle start!
||arkjsmith is ready for game 2.
|uhtml|next|Next: Game 2 of 3
