|j|☆Clintoap
|j|☆luckstat10
|html|Clintoapluckstat10    
|uhtml|bestof|Game 2 of a best-of-3
|t:|1757851912
|gametype|doubles
|player|p1|Clintoap|265|1169
|player|p2|luckstat10|dawn|1174
|gen|9
|tier|[Gen 9] VGC 2025 Reg H (Bo3)
|rated|
|rule|Species Clause: Limit one of each Pokémon
|rule|Item Clause: Limit 1 of each item
|clearpoke
|poke|p1|Kleavor, L50, M|
|poke|p1|Tyranitar, L50, F|
|poke|p1|Corviknight, L50, F|
|poke|p1|Comfey, L50, F|
|poke|p1|Torterra, L50, M|
|poke|p1|Gholdengo, L50|
|poke|p2|Rillaboom, L50, M|
|poke|p2|Volcarona, L50, F|
|poke|p2|Incineroar, L50, M|
|poke|p2|Ninetales-Alola, L50, F|
|poke|p2|Annihilape, L50, M|
|poke|p2|Milotic, L50, F|
|teampreview|4
|showteam|p1|Kleavor||ChoiceScarf|Sharpness|XScissor,DualWingbeat,StoneAxe,Uturn|||M|||50|,,,,,Grass]Tyranitar||AssaultVest|SandStream|RockSlide,KnockOff,LowKick,TeraBlast|||F|||50|,,,,,Flying]Corviknight||SitrusBerry|MirrorArmor|BraveBird,Roost,Tailwind,BulkUp|||F|||50|,,,,,Fire]Comfey||RockyHelmet|Triage|DrainingKiss,GigaDrain,FloralHealing,Protect|||F|||50|,,,,,Steel]Torterra||Leftovers|ShellArmor|LeechSeed,Protect,Stockpile,BodyPress|||M|||50|,,,,,Water]Gholdengo||LifeOrb|GoodasGold|MakeItRain,ShadowBall,Protect,NastyPlot||||||50|,,,,,Water
|showteam|p2|Rillaboom||AssaultVest|GrassySurge|FakeOut,WoodHammer,GrassyGlide,HighHorsepower|||M|||50|,,,,,Fire]Volcarona||GrassySeed|FlameBody|QuiverDance,HeatWave,GigaDrain,Protect|||F|||50|,,,,,Grass]Incineroar||SafetyGoggles|Intimidate|FakeOut,KnockOff,PartingShot,Taunt|||M|||50|,,,,,Ghost]Ninetales-Alola||CovertCloak|SnowWarning|AuroraVeil,IcicleSpear,Moonblast,Protect|||F|||50|,,,,,Poison]Annihilape||Leftovers|Defiant|BulkUp,RageFist,DrainPunch,Protect|||M|||50|,,,,,Water]Milotic||FlameOrb|MarvelScale|Scald,IcyWind,Haze,Recover|||F|||50|,,,,,Dragon
|inactive|Battle timer is ON: inactive players will automatically lose when time's up. (requested by Clintoap)
|
|t:|1757851930
|teamsize|p1|4
|teamsize|p2|4
|start
|switch|p1a: Kleavor|Kleavor, L50, M|100/100
|switch|p1b: Torterra|Torterra, L50, M|100/100
|switch|p2a: Mittens|Incineroar, L50, M, shiny|100/100
|switch|p2b: Mothers|Volcarona, L50, F, shiny|100/100
|-ability|p2a: Mittens|Intimidate|boost
|-unboost|p1a: Kleavor|atk|1
|-unboost|p1b: Torterra|atk|1
|turn|1
|
|t:|1757851942
|move|p2a: Mittens|Fake Out|p1a: Kleavor
|-resisted|p1a: Kleavor
|-damage|p1a: Kleavor|93/100
|cant|p1a: Kleavor|flinch
|move|p2b: Mothers|Quiver Dance|p2b: Mothers
|-boost|p2b: Mothers|spa|1
|-boost|p2b: Mothers|spd|1
|-boost|p2b: Mothers|spe|1
|move|p1b: Torterra|Stockpile|p1b: Torterra
|-start|p1b: Torterra|stockpile1
|-boost|p1b: Torterra|def|1
|-boost|p1b: Torterra|spd|1
|
|upkeep
|turn|2
|
|t:|1757851961
|switch|p2a: Koba|Rillaboom, L50, M, shiny|100/100
|-fieldstart|move: Grassy Terrain|[from] ability: Grassy Surge|[of] p2a: Koba
|-enditem|p2b: Mothers|Grassy Seed
|-boost|p2b: Mothers|def|1|[from] item: Grassy Seed
|move|p1a: Kleavor|Stone Axe|p2b: Mothers
|-supereffective|p2b: Mothers
|-damage|p2b: Mothers|0 fnt
|-sidestart|p2: luckstat10|move: Stealth Rock
|faint|p2b: Mothers
|move|p1b: Torterra|Stockpile|p1b: Torterra
|-start|p1b: Torterra|stockpile2
|-boost|p1b: Torterra|def|1
|-boost|p1b: Torterra|spd|1
|
|-heal|p1a: Kleavor|99/100|[from] Grassy Terrain
|upkeep
|
|t:|1757851969
|switch|p2b: Milotic|Milotic, L50, F, shiny|100/100
|-damage|p2b: Milotic|88/100|[from] Stealth Rock
|turn|3
|
|t:|1757851979
|switch|p1a: Comfey|Comfey, L50, F, shiny|100/100
|move|p2a: Koba|Fake Out|p1a: Comfey
|-damage|p1a: Comfey|81/100
|-damage|p2a: Koba|84/100|[from] item: Rocky Helmet|[of] p1a: Comfey
|move|p2b: Milotic|Haze|p2b: Milotic
|-clearallboost
|move|p1b: Torterra|Leech Seed|p2b: Milotic
|-start|p2b: Milotic|move: Leech Seed
|
|-heal|p1a: Comfey|86/100|[from] Grassy Terrain
|-heal|p2a: Koba|90/100|[from] Grassy Terrain
|-heal|p2b: Milotic|94/100|[from] Grassy Terrain
|-damage|p2b: Milotic|82/100|[from] Leech Seed|[of] p1b: Torterra
|-status|p2b: Milotic|brn|[from] item: Flame Orb
|upkeep
|turn|4
|
|t:|1757852003
|move|p1a: Comfey|Protect|p1a: Comfey
|-singleturn|p1a: Comfey|Protect
|move|p2a: Koba|Wood Hammer|p1a: Comfey
|-activate|p1a: Comfey|move: Protect
|move|p2b: Milotic|Icy Wind|p1b: Torterra|[spread] p1b
|-activate|p1a: Comfey|move: Protect
|-supereffective|p1b: Torterra
|-damage|p1b: Torterra|61/100
|-unboost|p1b: Torterra|spe|1
|move|p1b: Torterra|Stockpile|p1b: Torterra
|-start|p1b: Torterra|stockpile3
|-boost|p1b: Torterra|def|1
|-boost|p1b: Torterra|spd|1
|
|-heal|p1a: Comfey|92/100|[from] Grassy Terrain
|-heal|p2a: Koba|96/100|[from] Grassy Terrain
|-heal|p2b: Milotic|88/100 brn|[from] Grassy Terrain
|-heal|p1b: Torterra|67/100|[from] Grassy Terrain
|-heal|p1b: Torterra|72/100|[from] item: Leftovers
|-damage|p2b: Milotic|75/100 brn|[from] Leech Seed|[of] p1b: Torterra
|-heal|p1b: Torterra|86/100|[silent]
|-damage|p2b: Milotic|69/100 brn|[from] brn
|upkeep
|turn|5
|inactive|Clintoap has 30 seconds left.
|
|t:|1757852031
|switch|p1a: Corviknight|Corviknight, L50, F|100/100
|move|p2a: Koba|Wood Hammer|p1a: Corviknight
|-resisted|p1a: Corviknight
|-damage|p1a: Corviknight|82/100
|-damage|p2a: Koba|90/100|[from] Recoil
|move|p2b: Milotic|Haze|p2b: Milotic
|-clearallboost
|move|p1b: Torterra|Stockpile||[still]
|-fail|p1b: Torterra
|
|-heal|p2a: Koba|96/100|[from] Grassy Terrain
|-heal|p2b: Milotic|75/100 brn|[from] Grassy Terrain
|-heal|p1b: Torterra|92/100|[from] Grassy Terrain
|-heal|p1b: Torterra|98/100|[from] item: Leftovers
|-damage|p2b: Milotic|63/100 brn|[from] Leech Seed|[of] p1b: Torterra
|-heal|p1b: Torterra|100/100|[silent]
|-damage|p2b: Milotic|57/100 brn|[from] brn
|upkeep
|turn|6
|inactive|Clintoap has 30 seconds left.
|
|t:|1757852058
|switch|p2a: Mittens|Incineroar, L50, M, shiny|100/100
|-damage|p2a: Mittens|76/100|[from] Stealth Rock
|-ability|p2a: Mittens|Intimidate|boost
|-ability|p1a: Corviknight|Mirror Armor
|-unboost|p2a: Mittens|atk|1
|-unboost|p1b: Torterra|atk|1
|move|p2b: Milotic|Scald|p1a: Corviknight
|-damage|p1a: Corviknight|53/100
|-status|p1a: Corviknight|brn
|move|p1a: Corviknight|Tailwind|p1a: Corviknight
|-sidestart|p1: Clintoap|move: Tailwind
|move|p1b: Torterra|Stockpile||[still]
|-fail|p1b: Torterra
|
|-heal|p2b: Milotic|63/100 brn|[from] Grassy Terrain
|-heal|p2a: Mittens|82/100|[from] Grassy Terrain
|-damage|p2b: Milotic|50/100 brn|[from] Leech Seed|[of] p1b: Torterra
|-damage|p1a: Corviknight|47/100 brn|[from] brn
|-damage|p2b: Milotic|44/100 brn|[from] brn
|-fieldend|move: Grassy Terrain
|upkeep
|-enditem|p1a: Corviknight|Sitrus Berry|[eat]
|-heal|p1a: Corviknight|72/100 brn|[from] item: Sitrus Berry
|turn|7
|inactive|Clintoap has 30 seconds left.
|
|t:|1757852088
|move|p2a: Mittens|Fake Out|p1b: Torterra
|-damage|p1b: Torterra|95/100
|move|p1a: Corviknight|Brave Bird|p2b: Milotic
|-damage|p2b: Milotic|32/100 brn
|-damage|p1a: Corviknight|68/100 brn|[from] Recoil
|cant|p1b: Torterra|flinch
|move|p2b: Milotic|Recover|p2b: Milotic
|-heal|p2b: Milotic|82/100 brn
|
|-heal|p1b: Torterra|100/100|[from] item: Leftovers
|-damage|p2b: Milotic|69/100 brn|[from] Leech Seed|[of] p1b: Torterra
|-damage|p1a: Corviknight|62/100 brn|[from] brn
|-damage|p2b: Milotic|63/100 brn|[from] brn
|upkeep
|turn|8
|inactive|Clintoap has 30 seconds left.
|
|t:|1757852117
|move|p1a: Corviknight|Bulk Up|p1a: Corviknight
|-boost|p1a: Corviknight|atk|1
|-boost|p1a: Corviknight|def|1
|move|p1b: Torterra|Body Press|p2a: Mittens
|-supereffective|p2a: Mittens
|-damage|p2a: Mittens|43/100
|move|p2b: Milotic|Icy Wind|p1a: Corviknight|[spread] p1a,p1b
|-supereffective|p1b: Torterra
|-damage|p1a: Corviknight|53/100 brn
|-damage|p1b: Torterra|61/100
|-ability|p1a: Corviknight|Mirror Armor
|-unboost|p2b: Milotic|spe|1
|-unboost|p1b: Torterra|spe|1
|move|p2a: Mittens|Knock Off|p1b: Torterra
|-damage|p1b: Torterra|43/100
|-enditem|p1b: Torterra|Leftovers|[from] move: Knock Off|[of] p2a: Mittens
|
|-damage|p2b: Milotic|50/100 brn|[from] Leech Seed|[of] p1b: Torterra
|-heal|p1b: Torterra|57/100|[silent]
|-damage|p1a: Corviknight|47/100 brn|[from] brn
|-damage|p2b: Milotic|44/100 brn|[from] brn
|upkeep
|turn|9
|inactive|Clintoap has 30 seconds left.
|inactive|luckstat10 has 30 seconds left.
|
|t:|1757852148
|move|p1a: Corviknight|Brave Bird|p2b: Milotic
|-damage|p2b: Milotic|24/100 brn
|-damage|p1a: Corviknight|40/100 brn|[from] Recoil
|move|p1b: Torterra|Body Press|p2b: Milotic
|-damage|p2b: Milotic|10/100 brn
|move|p2a: Mittens|Taunt|p1a: Corviknight
|-start|p1a: Corviknight|move: Taunt
|move|p2b: Milotic|Recover|p2b: Milotic
|-heal|p2b: Milotic|60/100 brn
|
|-damage|p2b: Milotic|47/100 brn|[from] Leech Seed|[of] p1b: Torterra
|-heal|p1b: Torterra|71/100|[silent]
|-damage|p1a: Corviknight|35/100 brn|[from] brn
|-damage|p2b: Milotic|41/100 brn|[from] brn
|-sideend|p1: Clintoap|move: Tailwind
|upkeep
|turn|10
|
|t:|1757852172
|move|p1a: Corviknight|Brave Bird|p2a: Mittens
|-damage|p2a: Mittens|19/100
|-damage|p1a: Corviknight|27/100 brn|[from] Recoil
|move|p2a: Mittens|Parting Shot|p1b: Torterra
|-unboost|p1b: Torterra|atk|1
|-unboost|p1b: Torterra|spa|1
|
|t:|1757852178
|switch|p2a: Koba|Rillaboom, L50, M, shiny|96/100|[from] Parting Shot
|-damage|p2a: Koba|83/100|[from] Stealth Rock
|-fieldstart|move: Grassy Terrain|[from] ability: Grassy Surge|[of] p2a: Koba
|move|p2b: Milotic|Icy Wind|p1a: Corviknight|[spread] p1a,p1b
|-supereffective|p1b: Torterra
|-damage|p1a: Corviknight|18/100 brn
|-damage|p1b: Torterra|31/100
|-ability|p1a: Corviknight|Mirror Armor
|-unboost|p2b: Milotic|spe|1
|-unboost|p1b: Torterra|spe|1
|move|p1b: Torterra|Stockpile||[still]
|-fail|p1b: Torterra
|
|-heal|p2a: Koba|89/100|[from] Grassy Terrain
|-heal|p2b: Milotic|47/100 brn|[from] Grassy Terrain
|-heal|p1b: Torterra|37/100|[from] Grassy Terrain
|-damage|p2b: Milotic|35/100 brn|[from] Leech Seed|[of] p1b: Torterra
|-heal|p1b: Torterra|51/100|[silent]
|-damage|p1a: Corviknight|12/100 brn|[from] brn
|-damage|p2b: Milotic|29/100 brn|[from] brn
|upkeep
|turn|11
|inactive|Clintoap has 30 seconds left.
|
|t:|1757852207
|move|p2a: Koba|Fake Out|p1a: Corviknight
|-resisted|p1a: Corviknight
|-damage|p1a: Corviknight|8/100 brn
|cant|p1a: Corviknight|flinch
|move|p2b: Milotic|Recover|p2b: Milotic
|-heal|p2b: Milotic|79/100 brn
|move|p1b: Torterra|Body Press|p2a: Koba
|-damage|p2a: Koba|64/100
|
|-heal|p2a: Koba|70/100|[from] Grassy Terrain
|-heal|p2b: Milotic|85/100 brn|[from] Grassy Terrain
|-heal|p1b: Torterra|57/100|[from] Grassy Terrain
|-damage|p2b: Milotic|72/100 brn|[from] Leech Seed|[of] p1b: Torterra
|-heal|p1b: Torterra|71/100|[silent]
|-damage|p1a: Corviknight|2/100 brn|[from] brn
|-damage|p2b: Milotic|66/100 brn|[from] brn
|upkeep
|turn|12
|
|t:|1757852221
|move|p2a: Koba|Wood Hammer|p1b: Torterra
|-damage|p1b: Torterra|12/100
|-damage|p2a: Koba|54/100|[from] Recoil
|move|p1a: Corviknight|Brave Bird|p2a: Koba
|-supereffective|p2a: Koba
|-damage|p2a: Koba|0 fnt
|faint|p2a: Koba
|-damage|p1a: Corviknight|0 fnt|[from] Recoil
|faint|p1a: Corviknight
|move|p2b: Milotic|Scald|p1b: Torterra
|-damage|p1b: Torterra|0 fnt
|faint|p1b: Torterra
|
|-heal|p2b: Milotic|72/100 brn|[from] Grassy Terrain
|-damage|p2b: Milotic|66/100 brn|[from] brn
|upkeep
|
|t:|1757852230
|switch|p2a: Mittens|Incineroar, L50, M, shiny|19/100
|switch|p1a: Comfey|Comfey, L50, F, shiny|92/100
|switch|p1b: Kleavor|Kleavor, L50, M|99/100
|-damage|p2a: Mittens|0 fnt|[from] Stealth Rock
|faint|p2a: Mittens
|turn|13
|
|t:|1757852245
|move|p1a: Comfey|Giga Drain|p2b: Milotic
|-supereffective|p2b: Milotic
|-damage|p2b: Milotic|27/100 brn
|-heal|p1a: Comfey|100/100|[from] drain|[of] p2b: Milotic
|move|p1b: Kleavor|X-Scissor|p2b: Milotic
|-damage|p2b: Milotic|0 fnt
|faint|p2b: Milotic
|
|win|Clintoap
|l|☆Clintoap
|player|p1|
||luckstat10 is ready for game 3.
||Clintoap is ready for game 3.
|uhtml|next|Next: Game 3 of 3
|l|☆luckstat10
|player|p2|
