|j|☆Z4RDEL
|j|☆PRLT1 Jurrasicz
|html|Z4RDELPRLT1 Jurrasicz    
|uhtml|bestof|Game 3 of a best-of-3
|t:|1783828505
|gametype|doubles
|player|p1|Z4RDEL|miku-fire|1328
|player|p2|PRLT1 Jurrasicz|pokemaniac|1330
|gen|9
|tier|[Gen 9 Champions] VGC 2026 Reg M-B (Bo3)
|rated|
|rule|Species Clause: Limit one of each Pokémon
|rule|Item Clause: Limit 1 of each item
|clearpoke
|poke|p1|Metagross, L50|
|poke|p1|Kleavor, L50, F|
|poke|p1|Archaludon, L50, F|
|poke|p1|Sinistcha-Masterpiece, L50|
|poke|p1|Glimmora, L50, F|
|poke|p1|Floette-Eternal, L50, F|
|poke|p2|Charizard, L50, M|
|poke|p2|Whimsicott, L50, F|
|poke|p2|Floette-Eternal, L50, F|
|poke|p2|Basculegion, L50, M|
|poke|p2|Garchomp, L50, F|
|poke|p2|Kingambit, L50, F, shiny|
|teampreview|4
|showteam|p1|Metagross||Metagrossite|ClearBody|PsychicFangs,IronHead,Protect,IcePunch|Jolly|||||50|]Kleavor||ChoiceScarf|Sharpness|StoneAxe,Uturn,XScissor,RockSlide|Adamant||F|||50|]Archaludon||Leftovers|Stamina|ElectroShot,DragonPulse,FlashCannon,Protect|Timid||F|||50|]Sinistcha-Masterpiece||SitrusBerry|Hospitality|MatchaGotcha,LifeDew,RagePowder,TrickRoom|Relaxed|||||50|]Glimmora||FocusSash|ToxicDebris|PowerGem,EarthPower,MortalSpin,SpikyShield|Modest||F|||50|]Floette-Eternal||Floettite|FlowerVeil|Moonblast,DazzlingGleam,LightofRuin,Protect|Timid||F|||50|
|showteam|p2|Charizard||CharizarditeY|Blaze|HeatWave,SolarBeam,WeatherBall,Protect|Modest||M|||50|]Whimsicott||FocusSash|Prankster|Moonblast,Encore,Tailwind,Protect|Timid||F|||50|]Floette-Eternal||Floettite|FlowerVeil|Moonblast,DazzlingGleam,LightofRuin,Protect|Modest||F|||50|]Basculegion||MysticWater|Adaptability|WaveCrash,AquaJet,LastRespects,Protect|Adamant||M|||50|]Garchomp||LifeOrb|RoughSkin|DragonClaw,Earthquake,RockSlide,Protect|Adamant||F|||50|]Kingambit||OccaBerry|Defiant|KowtowCleave,SuckerPunch,IronHead,Protect|Adamant||F|||50|
|inactive|Battle timer is ON: inactive players will automatically lose when time's up. (requested by PRLT1 Jurrasicz)
|inactive|Z4RDEL also wants the timer to be on.
|inactive|PRLT1 Jurrasicz has 60 seconds left.
|inactive|PRLT1 Jurrasicz has 30 seconds left.
|
|t:|1783828576
|teamsize|p1|4
|teamsize|p2|4
|start
|switch|p1a: Kleavor|Kleavor, L50, F|100/100
|switch|p1b: Sinistcha|Sinistcha-Masterpiece, L50|100/100
|switch|p2a: Whimsicott|Whimsicott, L50, F|100/100
|switch|p2b: Kingambit|Kingambit, L50, F, shiny|100/100
|turn|1
|inactive|Z4RDEL has 30 seconds left.
|inactive|Z4RDEL has 20 seconds left.
|inactive|Z4RDEL has 15 seconds left.
|
|t:|1783828616
|switch|p1b: Archaludon|Archaludon, L50, F|100/100
|move|p1a: Kleavor|Stone Axe|p2a: Whimsicott
|-damage|p2a: Whimsicott|21/100
|-sidestart|p2: PRLT1 Jurrasicz|move: Stealth Rock
|move|p2a: Whimsicott|Moonblast|p1b: Archaludon
|-damage|p1b: Archaludon|50/100g
|-ability|p1b: Archaludon|Stamina|boost
|-boost|p1b: Archaludon|def|1
|move|p2b: Kingambit|Kowtow Cleave|p1b: Archaludon
|-damage|p1b: Archaludon|21/100
|-ability|p1b: Archaludon|Stamina|boost
|-boost|p1b: Archaludon|def|1
|
|-heal|p1b: Archaludon|27/100|[from] item: Leftovers
|upkeep
|turn|2
|inactive|Z4RDEL has 30 seconds left.
|
|t:|1783828646
|switch|p1a: Sinistcha|Sinistcha-Masterpiece, L50|100/100
|-heal|p1b: Archaludon|52/100|[from] ability: Hospitality|[of] p1a: Sinistcha
|move|p2a: Whimsicott|Tailwind|p2a: Whimsicott
|-sidestart|p2: PRLT1 Jurrasicz|move: Tailwind
|move|p1b: Archaludon|Flash Cannon|p2a: Whimsicott
|-supereffective|p2a: Whimsicott|1
|-damage|p2a: Whimsicott|0 fnt
|faint|p2a: Whimsicott
|move|p2b: Kingambit|Iron Head|p1a: Sinistcha
|-damage|p1a: Sinistcha|69/100
|
|-heal|p1b: Archaludon|58/100|[from] item: Leftovers
|upkeep
|
|t:|1783828660
|switch|p2a: Charizard|Charizard, L50, M|100/100
|-damage|p2a: Charizard|50/100y|[from] Stealth Rock
|turn|3
|inactive|PRLT1 Jurrasicz has 30 seconds left.
|
|t:|1783828687
|detailschange|p2a: Charizard|Charizard-Mega-Y, L50, M
|-mega|p2a: Charizard|Charizard|Charizardite Y
|-weather|SunnyDay|[from] ability: Drought|[of] p2a: Charizard
|move|p1b: Archaludon|Protect|p1b: Archaludon
|-singleturn|p1b: Archaludon|Protect
|move|p2a: Charizard|Heat Wave|p1a: Sinistcha|[spread] p1a
|-activate|p1b: Archaludon|move: Protect
|-supereffective|p1a: Sinistcha|1
|-damage|p1a: Sinistcha|0 fnt
|faint|p1a: Sinistcha
|move|p2b: Kingambit|Iron Head|p1b: Archaludon
|-activate|p1b: Archaludon|move: Protect
|
|-weather|SunnyDay|[upkeep]
|-heal|p1b: Archaludon|64/100|[from] item: Leftovers
|upkeep
|c|☆Z4RDEL|you´re countering so hard to win and I don´t like it
|
|t:|1783828702
|switch|p1a: Kleavor|Kleavor, L50, F|100/100
|turn|4
|
|t:|1783828718
|move|p2a: Charizard|Protect|p2a: Charizard
|-singleturn|p2a: Charizard|Protect
|move|p1a: Kleavor|Rock Slide|p2a: Charizard|[spread] p2b
|-activate|p2a: Charizard|move: Protect
|-resisted|p2b: Kingambit|1
|-damage|p2b: Kingambit|88/100
|move|p1b: Archaludon|Dragon Pulse|p2a: Charizard
|-activate|p2a: Charizard|move: Protect
|move|p2b: Kingambit|Iron Head|p1a: Kleavor
|-supereffective|p1a: Kleavor|1
|-damage|p1a: Kleavor|0 fnt
|faint|p1a: Kleavor
|
|-weather|SunnyDay|[upkeep]
|-heal|p1b: Archaludon|70/100|[from] item: Leftovers
|upkeep
|
|t:|1783828724
|switch|p1a: Metagross|Metagross, L50|100/100
|turn|5
|inactive|PRLT1 Jurrasicz has 30 seconds left.
|
|t:|1783828753
|move|p1b: Archaludon|Protect|p1b: Archaludon
|-singleturn|p1b: Archaludon|Protect
|move|p1a: Metagross|Protect|p1a: Metagross
|-singleturn|p1a: Metagross|Protect
|move|p2a: Charizard|Heat Wave|p1a: Metagross|[spread] 
|-activate|p1a: Metagross|move: Protect
|-activate|p1b: Archaludon|move: Protect
|move|p2b: Kingambit|Kowtow Cleave|p1a: Metagross
|-activate|p1a: Metagross|move: Protect
|
|-weather|SunnyDay|[upkeep]
|-heal|p1b: Archaludon|76/100|[from] item: Leftovers
|-sideend|p2: PRLT1 Jurrasicz|move: Tailwind
|upkeep
|turn|6
|
|t:|1783828775
|detailschange|p1a: Metagross|Metagross-Mega, L50
|-mega|p1a: Metagross|Metagross|Metagrossite
|move|p2b: Kingambit|Sucker Punch|p1a: Metagross
|-supereffective|p1a: Metagross|1
|-damage|p1a: Metagross|35/100
|move|p1a: Metagross|Psychic Fangs|p2a: Charizard
|-damage|p2a: Charizard|0 fnt
|faint|p2a: Charizard
|move|p1b: Archaludon|Dragon Pulse|p2b: Kingambit
|-resisted|p2b: Kingambit|1
|-crit|p2b: Kingambit
|-damage|p2b: Kingambit|55/100
|
|-weather|SunnyDay|[upkeep]
|-heal|p1b: Archaludon|82/100|[from] item: Leftovers
|upkeep
|
|t:|1783828782
|switch|p2a: Basculegion|Basculegion, L50, M|100/100
|-damage|p2a: Basculegion|87/100|[from] Stealth Rock
|turn|7
|
|t:|1783828805
|move|p1a: Metagross|Protect|p1a: Metagross
|-singleturn|p1a: Metagross|Protect
|move|p2b: Kingambit|Sucker Punch||[still]
|-fail|p2b: Kingambit
|move|p1b: Archaludon|Dragon Pulse|p2b: Kingambit
|-resisted|p2b: Kingambit|1
|-damage|p2b: Kingambit|33/100
|move|p2a: Basculegion|Last Respects|p1b: Archaludon
|-damage|p1b: Archaludon|38/100
|-ability|p1b: Archaludon|Stamina|boost
|-boost|p1b: Archaludon|def|1
|
|-weather|none
|-heal|p1b: Archaludon|44/100|[from] item: Leftovers
|upkeep
|turn|8
|
|t:|1783828825
|move|p1a: Metagross|Protect||[still]
|-fail|p1a: Metagross
|move|p2b: Kingambit|Sucker Punch||[still]
|-fail|p2b: Kingambit
|move|p1b: Archaludon|Dragon Pulse|p2b: Kingambit
|-resisted|p2b: Kingambit|1
|-damage|p2b: Kingambit|14/100
|move|p2a: Basculegion|Last Respects|p1b: Archaludon
|-damage|p1b: Archaludon|12/100
|-ability|p1b: Archaludon|Stamina|boost
|-boost|p1b: Archaludon|def|1
|
|-heal|p1b: Archaludon|18/100|[from] item: Leftovers
|upkeep
|turn|9
|
|t:|1783828849
|move|p1b: Archaludon|Protect|p1b: Archaludon
|-singleturn|p1b: Archaludon|Protect
|move|p2b: Kingambit|Sucker Punch||[still]
|-fail|p2b: Kingambit
|move|p1a: Metagross|Iron Head|p2b: Kingambit
|-resisted|p2b: Kingambit|1
|-damage|p2b: Kingambit|0 fnt
|faint|p2b: Kingambit
|move|p2a: Basculegion|Last Respects|p1b: Archaludon
|-activate|p1b: Archaludon|move: Protect
|
|-heal|p1b: Archaludon|24/100|[from] item: Leftovers
|upkeep
|turn|10
|
|t:|1783828873
|move|p1a: Metagross|Psychic Fangs|p2a: Basculegion
|-damage|p2a: Basculegion|21/100
|move|p1b: Archaludon|Dragon Pulse|p2a: Basculegion
|-damage|p2a: Basculegion|0 fnt
|faint|p2a: Basculegion
|
|win|Z4RDEL
|raw|Z4RDEL's rating: 1328 → 1348(+20 for winning)
|raw|PRLT1 Jurrasicz's rating: 1330 → 1310(-20 for losing)
|c|☆Z4RDEL|Im better
|c|☆Z4RDEL|get the fck out
|l|☆Z4RDEL
|player|p1|
|c|☆PRLT1 Jurrasicz|its not that serious bro
