|j|☆lolgz
|j|☆efwefwefwefweifier
|html|lolgzefwefwefwefweifier    
|uhtml|bestof|Game 1 of a best-of-3
|t:|1784882237
|gametype|doubles
|player|p1|lolgz|dawn|1341
|player|p2|efwefwefwefweifier|clown|1307
|gen|9
|tier|[Gen 9 Champions] VGC 2026 Reg M-B (Bo3)
|rated|
|rule|Species Clause: Limit one of each Pokémon
|rule|Item Clause: Limit 1 of each item
|clearpoke
|poke|p1|Blastoise, L50, F|
|poke|p1|Vivillon, L50, M|
|poke|p1|Farigiraf, L50, F|
|poke|p1|Gallade, L50, M|
|poke|p1|Kingambit, L50, F|
|poke|p1|Camerupt, L50, M|
|poke|p2|Delphox, L50, F|
|poke|p2|Sinistcha, L50|
|poke|p2|Incineroar, L50, M, shiny|
|poke|p2|Sneasler, L50, F|
|poke|p2|Hydreigon, L50, M|
|poke|p2|Floette-Eternal, L50, F|
|teampreview|4
|showteam|p1|Blastoise||Blastoisinite|Torrent|WaterSpout,DarkPulse,FakeOut,ShellSmash|Modest||F|||50|]Vivillon||ChoiceScarf|CompoundEyes|SleepPowder,RagePowder,Tailwind,Hurricane|Timid||M|||50|]Farigiraf||SitrusBerry|ArmorTail|TrickRoom,Psychic,HelpingHand,Protect|Relaxed||F|||50|]Gallade||IronBall|Sharpness|SacredSword,PsychoCut,LeafBlade,TrickRoom|Brave||M|||50|]Kingambit||LifeOrb|Defiant|SuckerPunch,KowtowCleave,IronHead,Protect|Brave||F|||50|]Camerupt||Cameruptite|MagmaArmor|HeatWave,EarthPower,AncientPower,Protect|Quiet||M|||50|
|showteam|p2|Delphox||Delphoxite|Blaze|HeatWave,Psyshock,NastyPlot,Protect|Timid||F|||50|]Sinistcha||KasibBerry|Hospitality|MatchaGotcha,RagePowder,TrickRoom,LifeDew|Calm|||||50|]Incineroar||SitrusBerry|Intimidate|FlareBlitz,DarkestLariat,FakeOut,PartingShot|Careful||M|||50|]Sneasler||FocusSash|PoisonTouch|CloseCombat,PoisonJab,FakeOut,QuickGuard|Jolly||F|||50|]Hydreigon||ChoiceScarf|Levitate|DracoMeteor,DarkPulse,Snarl,EarthPower|Modest||M|||50|]Floette-Eternal||Floettite|FlowerVeil|DazzlingGleam,DrainingKiss,CalmMind,Protect|Modest||F|||50|
|inactive|Battle timer is ON: inactive players will automatically lose when time's up. (requested by efwefwefwefweifier)
|inactive|lolgz also wants the timer to be on.
|inactive|efwefwefwefweifier has 60 seconds left.
|
|t:|1784882294
|teamsize|p1|4
|teamsize|p2|4
|start
|switch|p1a: Farigiraf|Farigiraf, L50, F|100/100
|switch|p1b: Kingambit|Kingambit, L50, F|100/100
|switch|p2a: Delphox|Delphox, L50, F|100/100
|switch|p2b: Poison Foison|Sneasler, L50, F|100/100
|turn|1
|inactive|lolgz has 30 seconds left.
|inactive|efwefwefwefweifier has 30 seconds left.
|inactive|lolgz has 20 seconds left.
|
|t:|1784882331
|detailschange|p2a: Delphox|Delphox-Mega, L50, F
|-mega|p2a: Delphox|Delphox|Delphoxite
|move|p1b: Kingambit|Protect|p1b: Kingambit
|-singleturn|p1b: Kingambit|Protect
|move|p2a: Delphox|Heat Wave|p1b: Kingambit|[spread] 
|-activate|p1b: Kingambit|move: Protect
|-miss|p2a: Delphox|p1a: Farigiraf
|move|p2b: Poison Foison|Close Combat|p1a: Farigiraf
|-damage|p1a: Farigiraf|51/100
|-unboost|p2b: Poison Foison|def|1
|-unboost|p2b: Poison Foison|spd|1
|move|p1a: Farigiraf|Trick Room|p1a: Farigiraf
|-fieldstart|move: Trick Room|[of] p1a: Farigiraf
|
|upkeep
|turn|2
|
|t:|1784882353
|switch|p2a: Bartholomews|Hydreigon, L50, M|100/100
|move|p1b: Kingambit|Kowtow Cleave|p2b: Poison Foison
|-resisted|p2b: Poison Foison|1
|-damage|p2b: Poison Foison|17/100
|-damage|p1b: Kingambit|90/100|[from] item: Life Orb
|move|p1a: Farigiraf|Psychic|p2b: Poison Foison
|-supereffective|p2b: Poison Foison|2
|-damage|p2b: Poison Foison|0 fnt
|faint|p2b: Poison Foison
|
|upkeep
|
|t:|1784882377
|switch|p2b: Delphox|Delphox-Mega, L50, F|100/100
|turn|3
|
|t:|1784882395
|move|p1a: Farigiraf|Helping Hand|p1b: Kingambit
|-singleturn|p1b: Kingambit|Helping Hand|[of] p1a: Farigiraf
|move|p1b: Kingambit|Iron Head|p2a: Bartholomews
|-damage|p2a: Bartholomews|0 fnt
|faint|p2a: Bartholomews
|-damage|p1b: Kingambit|80/100|[from] item: Life Orb
|move|p2b: Delphox|Heat Wave|p1b: Kingambit|[spread] p1a,p1b
|-supereffective|p1b: Kingambit|1
|-damage|p1a: Farigiraf|17/100
|-damage|p1b: Kingambit|2/100
|-enditem|p1a: Farigiraf|Sitrus Berry|[eat]
|-heal|p1a: Farigiraf|42/100|[from] item: Sitrus Berry
|
|upkeep
|
|t:|1784882405
|switch|p2a: Spinny Sinny|Sinistcha, L50|100/100
|turn|4
|
|t:|1784882428
|move|p2a: Spinny Sinny|Rage Powder|p2a: Spinny Sinny
|-singleturn|p2a: Spinny Sinny|move: Rage Powder
|move|p1b: Kingambit|Kowtow Cleave|p2a: Spinny Sinny
|-supereffective|p2a: Spinny Sinny|1
|-damage|p2a: Spinny Sinny|0 fnt
|faint|p2a: Spinny Sinny
|-damage|p1b: Kingambit|0 fnt|[from] item: Life Orb
|faint|p1b: Kingambit
|move|p1a: Farigiraf|Psychic|p2b: Delphox
|-resisted|p2b: Delphox|1
|-damage|p2b: Delphox|84/100
|move|p2b: Delphox|Heat Wave|p1a: Farigiraf|[miss]
|-miss|p2b: Delphox|p1a: Farigiraf
|
|upkeep
|
|t:|1784882434
|switch|p1b: Camerupt|Camerupt, L50, M|100/100
|turn|5
|inactive|efwefwefwefweifier has 30 seconds left.
|
|t:|1784882461
|detailschange|p1b: Camerupt|Camerupt-Mega, L50, M
|-mega|p1b: Camerupt|Camerupt|Cameruptite
|move|p1a: Farigiraf|Helping Hand|p1b: Camerupt
|-singleturn|p1b: Camerupt|Helping Hand|[of] p1a: Farigiraf
|move|p2b: Delphox|Protect|p2b: Delphox
|-singleturn|p2b: Delphox|Protect
|move|p1b: Camerupt|Ancient Power|p2b: Delphox
|-activate|p2b: Delphox|move: Protect
|
|-fieldend|move: Trick Room
|upkeep
|turn|6
|
|t:|1784882469
|move|p2b: Delphox|Heat Wave|p1a: Farigiraf|[spread] p1a,p1b
|-resisted|p1b: Camerupt|1
|-damage|p1a: Farigiraf|3/100
|-damage|p1b: Camerupt|83/100
|move|p1b: Camerupt|Ancient Power|p2b: Delphox
|-supereffective|p2b: Delphox|1
|-crit|p2b: Delphox
|-damage|p2b: Delphox|0 fnt
|faint|p2b: Delphox
|
|win|lolgz
