|j|‽LorGhez
|j|☆thegreatestnone
|html|LorGhezthegreatestnone    
|uhtml|bestof|Game 1 of a best-of-3
|t:|1784140266
|gametype|doubles
|player|p1|LorGhez|170|1125
|player|p2|thegreatestnone|265|1187
|gen|9
|tier|[Gen 9 Champions] VGC 2026 Reg M-B (Bo3)
|rated|
|rule|Species Clause: Limit one of each Pokémon
|rule|Item Clause: Limit 1 of each item
|clearpoke
|poke|p1|Venusaur, L50, F|
|poke|p1|Incineroar, L50, F|
|poke|p1|Primarina, L50, M|
|poke|p1|Aerodactyl, L50, M|
|poke|p1|Kingambit, L50, F|
|poke|p1|Farigiraf, L50, M|
|poke|p2|Grimmsnarl, L50, M|
|poke|p2|Toxapex, L50, F|
|poke|p2|Hydreigon, L50, M|
|poke|p2|Incineroar, L50, M|
|poke|p2|Garchomp, L50, F|
|poke|p2|Scovillain, L50, F|
|teampreview|4
|showteam|p1|Venusaur||Venusaurite|Chlorophyll|Protect,GigaDrain,SludgeBomb,EarthPower|Modest||F|||50|]Incineroar||Charcoal|Intimidate|FakeOut,PartingShot,DarkestLariat,FlareBlitz|Adamant||F|||50|]Primarina||LifeOrb|LiquidVoice|Protect,CalmMind,HyperVoice,Moonblast|Modest||M|||50|]Aerodactyl||Aerodactylite|Unnerve|DualWingbeat,Tailwind,RockSlide,IceFang|Adamant||M|||50|]Kingambit||BlackGlasses|Defiant|Protect,SuckerPunch,KowtowCleave,LowKick|Adamant||F|||50|]Farigiraf||ColburBerry|ArmorTail|PsychicFangs,TrickRoom,Thunderbolt,HelpingHand|Sassy||M|||50|
|showteam|p2|Grimmsnarl||LightClay|Prankster|Protect,Reflect,PartingShot,LightScreen|Sassy||M|||50|]Toxapex||Leftovers|Regenerator|BanefulBunker,Infestation,Toxic,Recover|Relaxed||F|||50|]Hydreigon||ChoiceScarf|Levitate|DarkPulse,DracoMeteor,Snarl,EarthPower|Modest||M|||50|]Incineroar||SitrusBerry|Intimidate|FakeOut,PartingShot,FlareBlitz,Protect|Impish||M|||50|]Garchomp||Garchompite|RoughSkin|StompingTantrum,RockSlide,Protect,SwordsDance|Impish||F|||50|]Scovillain||Scovillainite|Chlorophyll|LeechSeed,RagePowder,Protect,Flamethrower|Calm||F|||50|
|inactive|Battle timer is ON: inactive players will automatically lose when time's up. (requested by LorGhez)
|inactive|LorGhez has 60 seconds left.
|inactive|thegreatestnone has 60 seconds left.
|inactive|LorGhez has 30 seconds left.
|inactive|thegreatestnone has 30 seconds left.
|
|t:|1784140348
|teamsize|p1|4
|teamsize|p2|4
|start
|switch|p1a: Primarina|Primarina, L50, M|100/100
|switch|p1b: Aerodactyl|Aerodactyl, L50, M|100/100
|switch|p2a: Grimmsnarl|Grimmsnarl, L50, M|100/100
|switch|p2b: Scovillain|Scovillain, L50, F|100/100
|-ability|p1b: Aerodactyl|Unnerve
|turn|1
|inactive|LorGhez has 30 seconds left.
|
|t:|1784140376
|detailschange|p1b: Aerodactyl|Aerodactyl-Mega, L50, M
|-mega|p1b: Aerodactyl|Aerodactyl|Aerodactylite
|detailschange|p2b: Scovillain|Scovillain-Mega, L50, F
|-mega|p2b: Scovillain|Scovillain|Scovillainite
|move|p2a: Grimmsnarl|Reflect|p2a: Grimmsnarl
|-sidestart|p2: thegreatestnone|Reflect
|move|p1b: Aerodactyl|Dual Wingbeat|p2b: Scovillain
|-supereffective|p2b: Scovillain|1
|-damage|p2b: Scovillain|58/100
|-status|p1b: Aerodactyl|brn|[from] ability: Spicy Spray|[of] p2b: Scovillain
|-supereffective|p2b: Scovillain|1
|-damage|p2b: Scovillain|36/100
|-hitcount|p2b: Scovillain|2
|move|p2b: Scovillain|Leech Seed|p1a: Primarina|[miss]
|-miss|p2b: Scovillain|p1a: Primarina
|move|p1a: Primarina|Hyper Voice|p2a: Grimmsnarl|[spread] p2a,p2b
|-damage|p2a: Grimmsnarl|63/100
|-damage|p2b: Scovillain|0 fnt
|-status|p1a: Primarina|brn|[from] ability: Spicy Spray|[of] p2b: Scovillain
|faint|p2b: Scovillain
|-damage|p1a: Primarina|90/100 brn|[from] item: Life Orb
|
|-damage|p1b: Aerodactyl|94/100 brn|[from] brn
|-damage|p1a: Primarina|84/100 brn|[from] brn
|upkeep
|
|t:|1784140395
|switch|p2b: Incineroar|Incineroar, L50, M|100/100
|-ability|p2b: Incineroar|Intimidate|boost
|-unboost|p1a: Primarina|atk|1
|-unboost|p1b: Aerodactyl|atk|1
|turn|2
|
|t:|1784140414
|move|p2b: Incineroar|Fake Out|p1a: Primarina
|-damage|p1a: Primarina|73/100 brn
|move|p2a: Grimmsnarl|Light Screen|p2a: Grimmsnarl
|-sidestart|p2: thegreatestnone|move: Light Screen
|move|p1b: Aerodactyl|Rock Slide|p2a: Grimmsnarl|[spread] p2a,p2b
|-supereffective|p2b: Incineroar|1
|-damage|p2a: Grimmsnarl|55/100
|-damage|p2b: Incineroar|88/100
|cant|p1a: Primarina|flinch
|
|-damage|p1b: Aerodactyl|88/100 brn|[from] brn
|-damage|p1a: Primarina|67/100 brn|[from] brn
|upkeep
|turn|3
|inactive|LorGhez has 30 seconds left.
|
|t:|1784140441
|switch|p1b: Venusaur|Venusaur, L50, F|100/100
|move|p2b: Incineroar|Protect|p2b: Incineroar
|-singleturn|p2b: Incineroar|Protect
|move|p2a: Grimmsnarl|Parting Shot|p1a: Primarina
|-unboost|p1a: Primarina|atk|1
|-unboost|p1a: Primarina|spa|1
|
|t:|1784140448
|switch|p2a: Toxapex|Toxapex, L50, F|100/100|[from] Parting Shot
|move|p1a: Primarina|Hyper Voice|p2b: Incineroar|[spread] p2a
|-activate|p2b: Incineroar|move: Protect
|-resisted|p2a: Toxapex|1
|-damage|p2a: Toxapex|92/100
|-damage|p1a: Primarina|57/100 brn|[from] item: Life Orb
|
|-heal|p2a: Toxapex|98/100|[from] item: Leftovers
|-damage|p1a: Primarina|51/100 brn|[from] brn
|upkeep
|turn|4
|inactive|LorGhez has 30 seconds left.
|inactive|LorGhez has 20 seconds left.
|inactive|LorGhez has 15 seconds left.
|
|t:|1784140490
|switch|p1a: Incineroar|Incineroar, L50, F|100/100
|-ability|p1a: Incineroar|Intimidate|boost
|-unboost|p2a: Toxapex|atk|1
|-unboost|p2b: Incineroar|atk|1
|move|p1b: Venusaur|Protect|p1b: Venusaur
|-singleturn|p1b: Venusaur|Protect
|move|p2b: Incineroar|Parting Shot|p1a: Incineroar
|-unboost|p1a: Incineroar|atk|1
|-unboost|p1a: Incineroar|spa|1
|
|t:|1784140500
|switch|p2b: Grimmsnarl|Grimmsnarl, L50, M|55/100|[from] Parting Shot
|move|p2a: Toxapex|Infestation|p1b: Venusaur
|-activate|p1b: Venusaur|move: Protect
|
|-heal|p2a: Toxapex|100/100|[from] item: Leftovers
|upkeep
|turn|5
|inactive|LorGhez has 30 seconds left.
|inactive|LorGhez has 20 seconds left.
|
|t:|1784140539
|move|p2b: Grimmsnarl|Protect|p2b: Grimmsnarl
|-singleturn|p2b: Grimmsnarl|Protect
|move|p2a: Toxapex|Baneful Bunker|p2a: Toxapex
|-singleturn|p2a: Toxapex|move: Protect
|move|p1a: Incineroar|Fake Out|p2b: Grimmsnarl
|-activate|p2b: Grimmsnarl|move: Protect
|move|p1b: Venusaur|Sludge Bomb|p2b: Grimmsnarl
|-activate|p2b: Grimmsnarl|move: Protect
|
|upkeep
|turn|6
|
|t:|1784140560
|move|p2b: Grimmsnarl|Parting Shot|p1b: Venusaur
|-unboost|p1b: Venusaur|atk|1
|-unboost|p1b: Venusaur|spa|1
|
|t:|1784140564
|switch|p2b: Incineroar|Incineroar, L50, M|88/100|[from] Parting Shot
|-ability|p2b: Incineroar|Intimidate|boost
|-unboost|p1a: Incineroar|atk|1
|-unboost|p1b: Venusaur|atk|1
|move|p1b: Venusaur|Sludge Bomb|p2b: Incineroar
|-damage|p2b: Incineroar|71/100
|-status|p2b: Incineroar|psn
|move|p1a: Incineroar|Flare Blitz|p2b: Incineroar
|-resisted|p2b: Incineroar|1
|-crit|p2b: Incineroar
|-damage|p2b: Incineroar|26/100 psn
|-enditem|p2b: Incineroar|Sitrus Berry|[eat]
|-heal|p2b: Incineroar|50/100g psn|[from] item: Sitrus Berry
|-damage|p1a: Incineroar|85/100|[from] Recoil
|move|p2a: Toxapex|Infestation|p1b: Venusaur
|-damage|p1b: Venusaur|97/100
|-activate|p1b: Venusaur|move: Infestation|[of] p2a: Toxapex
|
|-damage|p2b: Incineroar|38/100 psn|[from] psn
|-damage|p1b: Venusaur|85/100|[from] move: Infestation|[partiallytrapped]
|upkeep
|turn|7
|inactive|LorGhez has 30 seconds left.
|inactive|thegreatestnone has 30 seconds left.
|inactive|LorGhez has 20 seconds left.
|
|t:|1784140601
|move|p1b: Venusaur|Protect|p1b: Venusaur
|-singleturn|p1b: Venusaur|Protect
|move|p2b: Incineroar|Fake Out|p1a: Incineroar
|-damage|p1a: Incineroar|75/100
|cant|p1a: Incineroar|flinch
|move|p2a: Toxapex|Toxic|p1a: Incineroar
|-status|p1a: Incineroar|tox
|
|-damage|p1a: Incineroar|69/100 tox|[from] psn
|-damage|p2b: Incineroar|26/100 psn|[from] psn
|-damage|p1b: Venusaur|72/100|[from] move: Infestation|[partiallytrapped]
|upkeep
|turn|8
|
|t:|1784140622
|move|p2b: Incineroar|Protect|p2b: Incineroar
|-singleturn|p2b: Incineroar|Protect
|move|p1b: Venusaur|Earth Power|p2b: Incineroar
|-activate|p2b: Incineroar|move: Protect
|move|p1a: Incineroar|Parting Shot|p2b: Incineroar
|-activate|p2b: Incineroar|move: Protect
|move|p2a: Toxapex|Infestation|p1a: Incineroar
|-damage|p1a: Incineroar|66/100 tox
|-activate|p1a: Incineroar|move: Infestation|[of] p2a: Toxapex
|
|-damage|p1a: Incineroar|54/100 tox|[from] psn
|-damage|p2b: Incineroar|13/100 psn|[from] psn
|-damage|p1b: Venusaur|60/100|[from] move: Infestation|[partiallytrapped]
|-damage|p1a: Incineroar|42/100 tox|[from] move: Infestation|[partiallytrapped]
|-sideend|p2: thegreatestnone|Reflect
|upkeep
|turn|9
|
|t:|1784140645
|move|p1b: Venusaur|Earth Power|p2a: Toxapex
|-supereffective|p2a: Toxapex|1
|-damage|p2a: Toxapex|77/100
|move|p2b: Incineroar|Flare Blitz|p1b: Venusaur
|-supereffective|p1b: Venusaur|1
|-damage|p1b: Venusaur|0 fnt
|faint|p1b: Venusaur
|-damage|p2b: Incineroar|0 fnt|[from] Recoil
|faint|p2b: Incineroar
|move|p1a: Incineroar|Flare Blitz|p2a: Toxapex
|-resisted|p2a: Toxapex|1
|-damage|p2a: Toxapex|66/100
|-damage|p1a: Incineroar|39/100 tox|[from] Recoil
|move|p2a: Toxapex|Infestation|p1a: Incineroar
|-damage|p1a: Incineroar|36/100 tox
|
|-heal|p2a: Toxapex|71/100|[from] item: Leftovers
|-damage|p1a: Incineroar|18/100 tox|[from] psn
|-damage|p1a: Incineroar|6/100 tox|[from] move: Infestation|[partiallytrapped]
|-sideend|p2: thegreatestnone|move: Light Screen
|upkeep
|
|t:|1784140663
|switch|p1b: Aerodactyl|Aerodactyl-Mega, L50, M|88/100 brn
|switch|p2b: Grimmsnarl|Grimmsnarl, L50, M|55/100
|turn|10
|
|t:|1784140676
|move|p2b: Grimmsnarl|Reflect|p2b: Grimmsnarl
|-sidestart|p2: thegreatestnone|Reflect
|move|p1b: Aerodactyl|Dual Wingbeat|p2b: Grimmsnarl
|-damage|p2b: Grimmsnarl|45/100
|-damage|p2b: Grimmsnarl|36/100
|-hitcount|p2b: Grimmsnarl|2
|move|p1a: Incineroar|Flare Blitz|p2b: Grimmsnarl
|-damage|p2b: Grimmsnarl|12/100
|-damage|p1a: Incineroar|0 fnt|[from] Recoil
|faint|p1a: Incineroar
|move|p2a: Toxapex|Infestation|p1b: Aerodactyl
|-resisted|p1b: Aerodactyl|1
|-damage|p1b: Aerodactyl|86/100 brn
|-activate|p1b: Aerodactyl|move: Infestation|[of] p2a: Toxapex
|
|-heal|p2a: Toxapex|77/100|[from] item: Leftovers
|-damage|p1b: Aerodactyl|80/100 brn|[from] brn
|-damage|p1b: Aerodactyl|68/100 brn|[from] move: Infestation|[partiallytrapped]
|upkeep
|
|t:|1784140691
|switch|p1a: Primarina|Primarina, L50, M|51/100 brn
|turn|11
|
|t:|1784140711
|move|p2b: Grimmsnarl|Light Screen|p2b: Grimmsnarl
|-sidestart|p2: thegreatestnone|move: Light Screen
|move|p1b: Aerodactyl|Dual Wingbeat|p2b: Grimmsnarl
|-damage|p2b: Grimmsnarl|2/100
|-damage|p2b: Grimmsnarl|0 fnt
|faint|p2b: Grimmsnarl
|-hitcount|p2: Grimmsnarl|2
|move|p1a: Primarina|Hyper Voice|p2a: Toxapex
|-resisted|p2a: Toxapex|1
|-damage|p2a: Toxapex|63/100
|-damage|p1a: Primarina|41/100 brn|[from] item: Life Orb
|move|p2a: Toxapex|Recover|p2a: Toxapex
|-heal|p2a: Toxapex|100/100
|
|-damage|p1b: Aerodactyl|63/100 brn|[from] brn
|-damage|p1a: Primarina|35/100 brn|[from] brn
|-damage|p1b: Aerodactyl|50/100g brn|[from] move: Infestation|[partiallytrapped]
|upkeep
|turn|12
|inactive|LorGhez has 30 seconds left.
|inactive|thegreatestnone has 30 seconds left.
|
|t:|1784140740
|move|p1b: Aerodactyl|Dual Wingbeat|p2a: Toxapex
|-damage|p2a: Toxapex|93/100
|-damage|p2a: Toxapex|86/100
|-hitcount|p2a: Toxapex|2
|move|p1a: Primarina|Moonblast|p2a: Toxapex
|-resisted|p2a: Toxapex|1
|-damage|p2a: Toxapex|70/100
|-damage|p1a: Primarina|26/100 brn|[from] item: Life Orb
|move|p2a: Toxapex|Infestation|p1a: Primarina
|-resisted|p1a: Primarina|1
|-damage|p1a: Primarina|25/100 brn
|-activate|p1a: Primarina|move: Infestation|[of] p2a: Toxapex
|
|-heal|p2a: Toxapex|75/100|[from] item: Leftovers
|-damage|p1b: Aerodactyl|45/100 brn|[from] brn
|-damage|p1a: Primarina|18/100 brn|[from] brn
|-damage|p1b: Aerodactyl|33/100 brn|[from] move: Infestation|[partiallytrapped]
|-damage|p1a: Primarina|6/100 brn|[from] move: Infestation|[partiallytrapped]
|upkeep
|turn|13
|
|t:|1784140763
|move|p2a: Toxapex|Baneful Bunker|p2a: Toxapex
|-singleturn|p2a: Toxapex|move: Protect
|move|p1b: Aerodactyl|Dual Wingbeat|p2a: Toxapex
|-activate|p2a: Toxapex|move: Protect
|move|p1a: Primarina|Moonblast|p2a: Toxapex
|-activate|p2a: Toxapex|move: Protect
|
|-heal|p2a: Toxapex|81/100|[from] item: Leftovers
|-damage|p1b: Aerodactyl|27/100 brn|[from] brn
|-damage|p1a: Primarina|1/100 brn|[from] brn
|-damage|p1b: Aerodactyl|15/100 brn|[from] move: Infestation|[partiallytrapped]
|-damage|p1a: Primarina|0 fnt|[from] move: Infestation|[partiallytrapped]
|faint|p1a: Primarina
|upkeep
|turn|14
|
|t:|1784140778
|move|p1b: Aerodactyl|Dual Wingbeat|p2a: Toxapex|[miss]
|-miss|p1b: Aerodactyl|p2a: Toxapex
|move|p2a: Toxapex|Recover|p2a: Toxapex
|-heal|p2a: Toxapex|100/100
|
|-damage|p1b: Aerodactyl|9/100 brn|[from] brn
|-damage|p1b: Aerodactyl|0 fnt|[from] move: Infestation|[partiallytrapped]
|faint|p1b: Aerodactyl
|
|win|thegreatestnone
||LorGhez is ready for game 2.
|inactive|thegreatestnone has 30 seconds to confirm battle start!
||thegreatestnone is ready for game 2.
|uhtml|next|Next: Game 2 of 3
|l|☆thegreatestnone
|player|p2|
