|j|☆kemaho
|j|☆Njstinks
|html|kemahoNjstinks    
|uhtml|bestof|Game 1 of a best-of-3
|t:|1756157353
|gametype|doubles
|player|p1|kemaho|clerk|1200
|player|p2|Njstinks|265|1289
|gen|9
|tier|[Gen 9] VGC 2025 Reg H (Bo3)
|rated|
|rule|Species Clause: Limit one of each Pokémon
|rule|Item Clause: Limit 1 of each item
|clearpoke
|poke|p1|Indeedee-F, L50, F|
|poke|p1|Hatterene, L50, F|
|poke|p1|Ursaluna, L50, M|
|poke|p1|Torkoal, L50, M|
|poke|p1|Gallade, L50, M|
|poke|p1|Lilligant-Hisui, L50, F|
|poke|p2|Weezing-Galar, L50, F|
|poke|p2|Dondozo, L50, M|
|poke|p2|Tatsugiri-Droopy, L50, M|
|poke|p2|Incineroar, L50, M|
|poke|p2|Indeedee, L50, M|
|poke|p2|Sneasler, L50, M|
|teampreview|4
|showteam|p1|Indeedee-F||PsychicSeed|PsychicSurge|Psychic,HelpingHand,FollowMe,TrickRoom|||F|||50|,,,,,Fairy]Hatterene||CovertCloak|MagicBounce|ExpandingForce,DazzlingGleam,TeraBlast,TrickRoom|||F|||50|,,,,,Fire]Ursaluna||FlameOrb|Guts|Facade,HeadlongRush,Earthquake,Protect|||M|||50|,,,,,Ghost]Torkoal||Charcoal|Drought|Eruption,WeatherBall,HeatWave,Protect|||M|||50|,,,,,Fire]Gallade||ClearAmulet|Sharpness|SacredSword,PsychoCut,TrickRoom,Protect|||M|||50|,,,,,Grass]Lilligant-Hisui||FocusSash|Chlorophyll|SolarBeam,CloseCombat,SleepPowder,AfterYou|||F|||50|,,,,,Ghost
|showteam|p2|Weezing-Galar||CovertCloak|NeutralizingGas|DazzlingGleam,ToxicSpikes,PoisonGas,Protect|||F|||50|,,,,,Dark]Dondozo||Leftovers|Unaware|BodyPress,WaveCrash,OrderUp,Protect|||M|||50|,,,,,Grass]Tatsugiri-Droopy||FocusSash|Commander|MuddyWater,DracoMeteor,HelpingHand,Protect|||M|||50|,,,,,Stellar]Incineroar||AbilityShield|Intimidate|KnockOff,FlareBlitz,Taunt,FakeOut|||M|||50|,,,,,Grass]Indeedee||ChoiceScarf|PsychicSurge|ExpandingForce,Psychic,TeraBlast,Trick|||M|||50|,,,,,Ground]Sneasler||PsychicSeed|Unburden|DireClaw,CloseCombat,ThroatChop,Protect|||M|||50|,,,,,Dark
|inactive|Battle timer is ON: inactive players will automatically lose when time's up. (requested by Njstinks)
|
|t:|1756157469
|teamsize|p1|4
|teamsize|p2|4
|start
|switch|p1a: Lilligant|Lilligant-Hisui, L50, F|100/100
|switch|p1b: Torkoal|Torkoal, L50, M|100/100
|switch|p2a: Indeedee|Indeedee, L50, M|100/100
|switch|p2b: Sneasler|Sneasler, L50, M|100/100
|-fieldstart|move: Psychic Terrain|[from] ability: Psychic Surge|[of] p2a: Indeedee
|-enditem|p2b: Sneasler|Psychic Seed
|-boost|p2b: Sneasler|spd|1|[from] item: Psychic Seed
|-weather|SunnyDay|[from] ability: Drought|[of] p1b: Torkoal
|turn|1
|inactive|kemaho has 30 seconds left.
|inactive|kemaho has 20 seconds left.
|inactive|kemaho has 15 seconds left.
|inactive|kemaho has 10 seconds left.
|inactive|kemaho has 5 seconds left.
|
|t:|1756157519
|switch|p2b: Weezing|Weezing-Galar, L50, F, shiny|100/100
|-ability|p2b: Weezing|Neutralizing Gas
|move|p2a: Indeedee|Expanding Force|p1b: Torkoal|[spread] p1a,p1b
|-supereffective|p1a: Lilligant
|-enditem|p1a: Lilligant|Focus Sash
|-damage|p1a: Lilligant|1/100
|-damage|p1b: Torkoal|23/100
|move|p1a: Lilligant|After You|p1b: Torkoal
|-activate|p1b: Torkoal|move: After You
|move|p1b: Torkoal|Heat Wave|p2b: Weezing|[spread] p2a,p2b
|-damage|p2a: Indeedee|21/100
|-damage|p2b: Weezing|48/100
|
|-weather|SunnyDay|[upkeep]
|upkeep
|turn|2
|inactive|kemaho has 30 seconds left.
|
|t:|1756157549
|move|p2a: Indeedee|Expanding Force|p1a: Lilligant|[spread] p1a,p1b
|-supereffective|p1a: Lilligant
|-damage|p1a: Lilligant|0 fnt
|-damage|p1b: Torkoal|0 fnt
|faint|p1a: Lilligant
|faint|p1b: Torkoal
|move|p2b: Weezing|Dazzling Gleam|p1: Lilligant|[notarget]
|-fail|p2b: Weezing
|
|-weather|SunnyDay|[upkeep]
|upkeep
|
|t:|1756157552
|switch|p1a: Hatterene|Hatterene, L50, F|100/100
|switch|p1b: Indeedee|Indeedee-F, L50, F|100/100
|-enditem|p1b: Indeedee|Psychic Seed
|-boost|p1b: Indeedee|spd|1|[from] item: Psychic Seed
|turn|3
|
|t:|1756157573
|-terastallize|p1a: Hatterene|Fire
|move|p2a: Indeedee|Expanding Force|p1a: Hatterene|[spread] p1a,p1b
|-resisted|p1b: Indeedee
|-damage|p1a: Hatterene|41/100
|-damage|p1b: Indeedee|82/100
|move|p2b: Weezing|Poison Gas|p1a: Hatterene|[spread] p1a,p1b
|-status|p1a: Hatterene|psn
|-status|p1b: Indeedee|psn
|move|p1a: Hatterene|Expanding Force|p2a: Indeedee|[spread] p2a,p2b
|-resisted|p2a: Indeedee
|-supereffective|p2b: Weezing
|-damage|p2a: Indeedee|0 fnt
|-damage|p2b: Weezing|0 fnt
|faint|p2a: Indeedee
|faint|p2b: Weezing
|-end|p2b: Weezing|ability: Neutralizing Gas
|move|p1b: Indeedee|Trick Room|p1b: Indeedee
|-fieldstart|move: Trick Room|[of] p1b: Indeedee
|
|-weather|SunnyDay|[upkeep]
|-damage|p1a: Hatterene|29/100 psn|[from] psn
|-damage|p1b: Indeedee|69/100 psn|[from] psn
|upkeep
|
|t:|1756157580
|switch|p2b: Sneasler|Sneasler, L50, M|100/100
|switch|p2a: Incineroar|Incineroar, L50, M|100/100
|-ability|p2a: Incineroar|Intimidate|boost
|-unboost|p1a: Hatterene|atk|1
|-unboost|p1b: Indeedee|atk|1
|turn|4
|inactive|kemaho has 30 seconds left.
|
|t:|1756157613
|move|p2b: Sneasler|Protect|p2b: Sneasler
|-singleturn|p2b: Sneasler|Protect
|move|p1b: Indeedee|Follow Me|p1b: Indeedee
|-singleturn|p1b: Indeedee|move: Follow Me
|move|p1a: Hatterene|Dazzling Gleam|p2a: Incineroar|[spread] p2a
|-activate|p2b: Sneasler|move: Protect
|-damage|p2a: Incineroar|65/100
|move|p2a: Incineroar|Flare Blitz|p1b: Indeedee
|-damage|p1b: Indeedee|1/100 psn
|-damage|p2a: Incineroar|44/100|[from] Recoil
|
|-weather|SunnyDay|[upkeep]
|-damage|p1a: Hatterene|17/100 psn|[from] psn
|-damage|p1b: Indeedee|0 fnt|[from] psn
|faint|p1b: Indeedee
|upkeep
|turn|5
|
|t:|1756157624
|move|p1a: Hatterene|Dazzling Gleam|p2b: Sneasler|[spread] p2a,p2b
|-crit|p2b: Sneasler
|-damage|p2a: Incineroar|12/100
|-damage|p2b: Sneasler|30/100
|move|p2a: Incineroar|Knock Off|p1a: Hatterene
|-damage|p1a: Hatterene|0 fnt
|-enditem|p1a: Hatterene|Covert Cloak|[from] move: Knock Off|[of] p2a: Incineroar
|faint|p1a: Hatterene
|
|win|Njstinks
||kemaho is ready for game 2.
||Njstinks is ready for game 2.
|uhtml|next|Next: Game 2 of 3
|l|☆Njstinks
|player|p2|
