|j|☆viatles
|j|☆Canndle Stic
|html|viatlesCanndle Stic    
|uhtml|bestof|Game 1 of a best-of-3
|t:|1784656048
|gametype|doubles
|player|p1|viatles|hiker|1154
|player|p2|Canndle Stic|265|1096
|gen|9
|tier|[Gen 9 Champions] VGC 2026 Reg M-B (Bo3)
|rated|
|rule|Species Clause: Limit one of each Pokémon
|rule|Item Clause: Limit 1 of each item
|clearpoke
|poke|p1|Beedrill, L50, F, shiny|
|poke|p1|Farigiraf, L50, M|
|poke|p1|Palafin, L50, M|
|poke|p1|Sableye, L50, F|
|poke|p1|Archaludon, L50, M|
|poke|p1|Annihilape, L50, M|
|poke|p2|Metagross, L50|
|poke|p2|Sinistcha, L50|
|poke|p2|Arcanine-Hisui, L50, F|
|poke|p2|Primarina, L50, M|
|poke|p2|Hydreigon, L50, F|
|poke|p2|Weavile, L50, F|
|teampreview|4
|showteam|p1|Beedrill||Beedrillite|Swarm|Uturn,DrillRun,PoisonJab,Protect|Jolly||F|||50|]Farigiraf||SitrusBerry|ArmorTail|TrickRoom,Thunderbolt,TwinBeam,RainDance|Bold||M|||50|]Palafin||MysticWater|ZerotoHero|JetPunch,WaveCrash,Protect,DrainPunch|Adamant||M|||50|]Sableye||RoseliBerry|Prankster|FakeOut,FoulPlay,RainDance,Quash|Sassy||F|||50|]Archaludon||Leftovers|Stamina|ElectroShot,Protect,DracoMeteor,AuraSphere|Modest||M|||50|]Annihilape||ChoiceScarf|Defiant|Coaching,CloseCombat,RockSlide,PhantomForce|Jolly||M|||50|
|showteam|p2|Metagross||Metagrossite|ClearBody|PsychicFangs,Protect,IronHead,BulletPunch|Adamant|||||50|]Sinistcha||SitrusBerry|Hospitality|MatchaGotcha,TrickRoom,LifeDew,RagePowder|Modest|||||50|]Arcanine-Hisui||FocusSash|RockHead|FlareBlitz,ExtremeSpeed,Protect,RockSlide|Jolly||F|||50|]Primarina||LifeOrb|LiquidVoice|HyperVoice,Protect,Moonblast,CalmMind|Modest||M|||50|]Hydreigon||ChoiceScarf|Levitate|DracoMeteor,DarkPulse,Snarl,EarthPower|Modest||F|||50|]Weavile||WideLens|Pressure|FakeOut,TripleAxel,KnockOff,IcyWind|Jolly||F|||50|
|c|☆viatles|gl hf
|inactive|Battle timer is ON: inactive players will automatically lose when time's up. (requested by viatles)
|c|☆Canndle Stic|glhf
|
|t:|1784656075
|teamsize|p1|4
|teamsize|p2|4
|start
|switch|p1a: Malsumas|Beedrill, L50, F, shiny|100/100
|switch|p1b: Wife's favorite|Palafin, L50, M|100/100
|switch|p2a: Hydreigon|Hydreigon, L50, F|100/100
|switch|p2b: Weavile|Weavile, L50, F|100/100
|-ability|p2b: Weavile|Pressure
|turn|1
|inactive|Canndle Stic has 30 seconds left.
|inactive|Canndle Stic has 20 seconds left.
|inactive|Canndle Stic has 15 seconds left.
|inactive|Canndle Stic has 10 seconds left.
|
|t:|1784656124
|detailschange|p1b: Wife's favorite|Palafin-Hero, L50, M
|switch|p1b: Farigiraf|Farigiraf, L50, M|100/100
|detailschange|p1a: Malsumas|Beedrill-Mega, L50, F, shiny
|-mega|p1a: Malsumas|Beedrill|Beedrillite
|move|p2b: Weavile|Fake Out||[still]
|cant|p1b: Farigiraf|ability: Armor Tail|Fake Out|[of] p2b: Weavile
|move|p2a: Hydreigon|Draco Meteor|p1a: Malsumas
|-damage|p1a: Malsumas|0 fnt
|-unboost|p2a: Hydreigon|spa|2
|faint|p1a: Malsumas
|
|upkeep
|
|t:|1784656135
|switch|p1a: Wife's favorite|Palafin-Hero, L50, M|100/100
|-activate|p1a: Wife's favorite|ability: Zero to Hero
|turn|2
|inactive|viatles has 30 seconds left.
|
|t:|1784656165
|switch|p2a: Sinistcha|Sinistcha, L50|100/100
|move|p1a: Wife's favorite|Protect|p1a: Wife's favorite
|-singleturn|p1a: Wife's favorite|Protect
|move|p2b: Weavile|Knock Off|p1b: Farigiraf
|-supereffective|p1b: Farigiraf|1
|-damage|p1b: Farigiraf|23/100
|-enditem|p1b: Farigiraf|Sitrus Berry|[from] move: Knock Off|[of] p2b: Weavile
|move|p1b: Farigiraf|Trick Room|p1b: Farigiraf
|-fieldstart|move: Trick Room|[of] p1b: Farigiraf
|
|upkeep
|turn|3
|inactive|viatles has 30 seconds left.
|
|t:|1784656194
|switch|p2b: Metagross|Metagross, L50|100/100
|move|p1b: Farigiraf|Rain Dance|p1b: Farigiraf
|-weather|RainDance
|move|p2a: Sinistcha|Matcha Gotcha|p1b: Farigiraf|[spread] p1a,p1b
|-supereffective|p1a: Wife's favorite|1
|-damage|p1a: Wife's favorite|49/100
|-damage|p1b: Farigiraf|0 fnt
|-status|p1a: Wife's favorite|brn
|faint|p1b: Farigiraf
|move|p1a: Wife's favorite|Drain Punch|p2b: Metagross
|-damage|p2b: Metagross|86/100
|-heal|p1a: Wife's favorite|55/100 brn|[from] drain|[of] p2b: Metagross
|
|-weather|RainDance|[upkeep]
|-damage|p1a: Wife's favorite|49/100 brn|[from] brn
|upkeep
|
|t:|1784656211
|switch|p1b: Sableye|Sableye, L50, F|100/100
|turn|4
|
|t:|1784656229
|move|p2b: Metagross|Protect|p2b: Metagross
|-singleturn|p2b: Metagross|Protect
|move|p1a: Wife's favorite|Jet Punch|p2b: Metagross
|-activate|p2b: Metagross|move: Protect
|move|p1b: Sableye|Foul Play|p2a: Sinistcha
|-supereffective|p2a: Sinistcha|1
|-damage|p2a: Sinistcha|65/100
|move|p2a: Sinistcha|Trick Room|p2a: Sinistcha
|-fieldend|move: Trick Room
|
|-weather|RainDance|[upkeep]
|-damage|p1a: Wife's favorite|43/100 brn|[from] brn
|upkeep
|turn|5
|
|t:|1784656246
|detailschange|p2b: Metagross|Metagross-Mega, L50
|-mega|p2b: Metagross|Metagross|Metagrossite
|move|p2a: Sinistcha|Rage Powder|p2a: Sinistcha
|-singleturn|p2a: Sinistcha|move: Rage Powder
|move|p1b: Sableye|Quash||[still]
|-fail|p1b: Sableye
|move|p2b: Metagross|Psychic Fangs|p1a: Wife's favorite
|-damage|p1a: Wife's favorite|0 fnt
|faint|p1a: Wife's favorite
|
|-weather|RainDance|[upkeep]
|upkeep
|turn|6
|
|t:|1784656258
|move|p2b: Metagross|Iron Head|p1b: Sableye
|-damage|p1b: Sableye|15/100
|move|p2a: Sinistcha|Matcha Gotcha|p1b: Sableye
|-damage|p1b: Sableye|0 fnt
|-heal|p2a: Sinistcha|72/100|[from] drain|[of] p1b: Sableye
|faint|p1b: Sableye
|
|win|Canndle Stic
