|j|☆lettitripppp
|j|☆yopif
|html|lettitrippppyopif    
|uhtml|bestof|Game 2 of a best-of-3
|t:|1783115465
|gametype|doubles
|player|p1|lettitripppp|lucas|1178
|player|p2|yopif|102|1110
|gen|9
|tier|[Gen 9 Champions] VGC 2026 Reg M-B (Bo3)
|rated|
|rule|Species Clause: Limit one of each Pokémon
|rule|Item Clause: Limit 1 of each item
|clearpoke
|poke|p1|Charizard, L50, F|
|poke|p1|Floette-Eternal, L50, F|
|poke|p1|Basculegion, L50, M, shiny|
|poke|p1|Garchomp, L50, M|
|poke|p1|Whimsicott, L50, F, shiny|
|poke|p1|Kingambit, L50, M|
|poke|p2|Kleavor, L50, M|
|poke|p2|Whimsicott, L50, M|
|poke|p2|Blaziken, L50, F|
|poke|p2|Tsareena, L50, F|
|poke|p2|Raichu, L50, M|
|poke|p2|Sinistcha-Masterpiece, L50|
|teampreview|4
|showteam|p1|Charizard||CharizarditeY|Blaze|WeatherBall,SolarBeam,HeatWave,Protect|Modest||F|||50|]Floette-Eternal||Floettite|FlowerVeil|DazzlingGleam,LightofRuin,Moonblast,Protect|Timid||F|||50|]Basculegion||MysticWater|Adaptability|LastRespects,WaveCrash,AquaJet,Protect|Adamant||M|||50|]Garchomp||LifeOrb|RoughSkin|DragonClaw,Earthquake,RockSlide,Protect|Jolly||M|||50|]Whimsicott||FocusSash|Prankster|Moonblast,Tailwind,Encore,Protect|Timid||F|||50|]Kingambit||OccaBerry|Defiant|KowtowCleave,SuckerPunch,IronHead,LowKick|Adamant||M|||50|
|showteam|p2|Kleavor||LifeOrb|SheerForce|RockSlide,Lunge,BrickBreak,Protect|Adamant||M|||50|]Whimsicott||FocusSash|Prankster|Tailwind,Moonblast,FakeTears,HelpingHand|Timid||M|||50|]Blaziken||Blazikenite|SpeedBoost|SwordsDance,FocusPunch,FlareBlitz,Protect|Adamant||F|||50|]Tsareena||ChoiceScarf|QueenlyMajesty|SeedBomb,TripleAxel,PlayRough,Uturn|Adamant||F|||50|]Raichu||RaichuniteY|Static|ZapCannon,FocusBlast,FakeOut,Protect|Timid||M|||50|]Sinistcha-Masterpiece||OccaBerry|Heatproof|MatchaGotcha,RagePowder,ShadowBall,LifeDew|Bold|||||50|
|inactive|Battle timer is ON: inactive players will automatically lose when time's up. (requested by lettitripppp)
|
|t:|1783115493
|teamsize|p1|4
|teamsize|p2|4
|start
|switch|p1a: GHOSTWAVE|Basculegion, L50, M, shiny|100/100
|switch|p1b: LETS GO GO|Whimsicott, L50, F, shiny|100/100
|switch|p2a: Blaziken|Blaziken, L50, F|100/100
|switch|p2b: Sinistcha|Sinistcha-Masterpiece, L50|100/100
|turn|1
|
|t:|1783115511
|switch|p1a: CRUSH SHARK|Garchomp, L50, M|100/100
|detailschange|p2a: Blaziken|Blaziken-Mega, L50, F
|-mega|p2a: Blaziken|Blaziken|Blazikenite
|move|p2b: Sinistcha|Rage Powder|p2b: Sinistcha
|-singleturn|p2b: Sinistcha|move: Rage Powder
|move|p1b: LETS GO GO|Tailwind|p1b: LETS GO GO
|-sidestart|p1: lettitripppp|move: Tailwind
|move|p2a: Blaziken|Swords Dance|p2a: Blaziken
|-boost|p2a: Blaziken|atk|2
|
|-ability|p2a: Blaziken|Speed Boost|boost
|-boost|p2a: Blaziken|spe|1
|upkeep
|turn|2
|
|t:|1783115528
|move|p2a: Blaziken|Protect|p2a: Blaziken
|-singleturn|p2a: Blaziken|Protect
|move|p1b: LETS GO GO|Encore|p2a: Blaziken
|-activate|p2a: Blaziken|move: Protect
|move|p1a: CRUSH SHARK|Dragon Claw|p2b: Sinistcha
|-damage|p2b: Sinistcha|49/100
|-damage|p1a: CRUSH SHARK|90/100|[from] item: Life Orb
|move|p2b: Sinistcha|Matcha Gotcha|p1b: LETS GO GO|[spread] p1a,p1b
|-resisted|p1b: LETS GO GO|1
|-damage|p1a: CRUSH SHARK|64/100
|-heal|p2b: Sinistcha|62/100|[from] drain|[of] p1a: CRUSH SHARK
|-damage|p1b: LETS GO GO|83/100
|-heal|p2b: Sinistcha|69/100|[from] drain|[of] p1b: LETS GO GO
|-status|p1b: LETS GO GO|brn
|
|-damage|p1b: LETS GO GO|77/100 brn|[from] brn
|-ability|p2a: Blaziken|Speed Boost|boost
|-boost|p2a: Blaziken|spe|1
|upkeep
|turn|3
|inactive|yopif has 30 seconds left.
|
|t:|1783115561
|switch|p2b: Whimsicott|Whimsicott, L50, M|100/100
|-singleturn|p2a: Blaziken|move: Focus Punch
|move|p1b: LETS GO GO|Moonblast|p2b: Whimsicott
|-damage|p2b: Whimsicott|55/100
|move|p1a: CRUSH SHARK|Earthquake|p2a: Blaziken|[spread] p1b,p2a,p2b
|-resisted|p1b: LETS GO GO|1
|-supereffective|p2a: Blaziken|1
|-resisted|p2b: Whimsicott|1
|-damage|p1b: LETS GO GO|41/100 brn
|-damage|p2a: Blaziken|0 fnt
|-damage|p2b: Whimsicott|16/100
|faint|p2a: Blaziken
|-damage|p1a: CRUSH SHARK|54/100|[from] item: Life Orb
|
|-damage|p1b: LETS GO GO|35/100 brn|[from] brn
|upkeep
|
|t:|1783115572
|switch|p2a: Kleavor|Kleavor, L50, M|100/100
|turn|4
|
|t:|1783115584
|move|p2a: Kleavor|Protect|p2a: Kleavor
|-singleturn|p2a: Kleavor|Protect
|move|p1b: LETS GO GO|Moonblast|p2b: Whimsicott
|-damage|p2b: Whimsicott|0 fnt
|faint|p2b: Whimsicott
|move|p1a: CRUSH SHARK|Rock Slide|p2a: Kleavor
|-activate|p2a: Kleavor|move: Protect
|
|-damage|p1b: LETS GO GO|30/100 brn|[from] brn
|-sideend|p1: lettitripppp|move: Tailwind
|upkeep
|
|t:|1783115590
|switch|p2b: Sinistcha|Sinistcha-Masterpiece, L50|69/100
|turn|5
|
|t:|1783115594
|move|p2b: Sinistcha|Rage Powder|p2b: Sinistcha
|-singleturn|p2b: Sinistcha|move: Rage Powder
|move|p1b: LETS GO GO|Tailwind|p1b: LETS GO GO
|-sidestart|p1: lettitripppp|move: Tailwind
|move|p1a: CRUSH SHARK|Rock Slide|p2a: Kleavor|[spread] p2a,p2b
|-supereffective|p2a: Kleavor|1
|-damage|p2a: Kleavor|42/100
|-damage|p2b: Sinistcha|47/100
|-damage|p1a: CRUSH SHARK|44/100|[from] item: Life Orb
|move|p2a: Kleavor|Rock Slide|p1a: CRUSH SHARK|[spread] p1a,p1b
|-resisted|p1a: CRUSH SHARK|1
|-damage|p1a: CRUSH SHARK|16/100
|-damage|p1b: LETS GO GO|0 fnt
|faint|p1b: LETS GO GO
|
|upkeep
|
|t:|1783115605
|switch|p1b: GHOSTWAVE|Basculegion, L50, M, shiny|100/100
|turn|6
|
|t:|1783115613
|move|p1a: CRUSH SHARK|Dragon Claw|p2b: Sinistcha
|-damage|p2b: Sinistcha|2/100
|-damage|p1a: CRUSH SHARK|7/100|[from] item: Life Orb
|move|p1b: GHOSTWAVE|Wave Crash|p2a: Kleavor
|-supereffective|p2a: Kleavor|1
|-damage|p2a: Kleavor|0 fnt
|faint|p2a: Kleavor
|-damage|p1b: GHOSTWAVE|89/100|[from] Recoil
|move|p2b: Sinistcha|Matcha Gotcha|p1b: GHOSTWAVE|[spread] p1a,p1b
|-supereffective|p1b: GHOSTWAVE|1
|-damage|p1a: CRUSH SHARK|0 fnt
|-heal|p2b: Sinistcha|6/100|[from] drain|[of] p1a: CRUSH SHARK
|-damage|p1b: GHOSTWAVE|40/100
|-heal|p2b: Sinistcha|35/100|[from] drain|[of] p1b: GHOSTWAVE
|faint|p1a: CRUSH SHARK
|
|upkeep
|
|t:|1783115620
|switch|p1a: GENERAL BLADUS|Kingambit, L50, M|100/100
|turn|7
|
|t:|1783115628
|move|p1b: GHOSTWAVE|Last Respects|p2b: Sinistcha
|-supereffective|p2b: Sinistcha|1
|-damage|p2b: Sinistcha|0 fnt
|faint|p2b: Sinistcha
|
|win|lettitripppp
