|j|☆galloway2001
|j|☆jayoticnl
|html|galloway2001jayoticnl    
|uhtml|bestof|Game 2 of a best-of-3
|t:|1786026714
|gametype|doubles
|player|p1|galloway2001|265|1294
|player|p2|jayoticnl|jacinthe|1417
|gen|9
|tier|[Gen 9 Champions] VGC 2026 Reg M-B (Bo3)
|rated|
|rule|Species Clause: Limit one of each Pokémon
|rule|Item Clause: Limit 1 of each item
|clearpoke
|poke|p1|Scovillain, L50, F|
|poke|p1|Lycanroc-Dusk, L50, F|
|poke|p1|Kingambit, L50, M|
|poke|p1|Basculegion, L50, M|
|poke|p1|Sneasler, L50, M|
|poke|p1|Froslass, L50, F|
|poke|p2|Drampa, L50, M|
|poke|p2|Ceruledge, L50, F|
|poke|p2|Sinistcha, L50|
|poke|p2|Incineroar, L50, M|
|poke|p2|Milotic, L50, M|
|poke|p2|Grimmsnarl, L50, M|
|teampreview|4
|showteam|p1|Scovillain||Scovillainite|Moody|Overheat,GigaDrain,RagePowder,Protect|Bold||F|||50|]Lycanroc-Dusk||FocusSash|ToughClaws|RockSlide,CloseCombat,Accelerock,Protect|Adamant||F|||50|]Kingambit||BlackGlasses|Defiant|KowtowCleave,SuckerPunch,SwordsDance,Protect|Adamant||M|||50|]Basculegion||SitrusBerry|Adaptability|WaveCrash,LastRespects,AquaJet,Protect|Adamant||M|||50|]Sneasler||WhiteHerb|Unburden|FakeOut,GunkShot,CloseCombat,Protect|Adamant||M|||50|]Froslass||Froslassite|CursedBody|Blizzard,ShadowBall,AuroraVeil,Protect|Modest||F|||50|
|showteam|p2|Drampa||Drampanite|CloudNine|HyperVoice,EarthPower,CalmMind,Protect|Quiet||M|||50|]Ceruledge||ColburBerry|FlashFire|BitterBlade,ShadowSneak,BulkUp,Protect|Adamant||F|||50|]Sinistcha||SitrusBerry|Hospitality|MatchaGotcha,RagePowder,LifeDew,TrickRoom|Bold|||||50|]Incineroar||ChopleBerry|Intimidate|FakeOut,PartingShot,FlareBlitz,ThroatChop|Careful||M|||50|]Milotic||Leftovers|Competitive|Scald,IcyWind,LifeDew,Protect|Modest||M|||50|]Grimmsnarl||LightClay|Prankster|SpiritBreak,Reflect,LightScreen,PartingShot|Careful||M|||50|
|
|t:|1786026735
|teamsize|p1|4
|teamsize|p2|4
|start
|switch|p1a: Lycanroc|Lycanroc-Dusk, L50, F|100/100
|switch|p1b: Sneasler|Sneasler, L50, M|100/100
|switch|p2a: Grimmsnarl|Grimmsnarl, L50, M|100/100
|switch|p2b: Ceruledge|Ceruledge, L50, F|100/100
|turn|1
|inactive|Battle timer is ON: inactive players will automatically lose when time's up. (requested by galloway2001)
|
|t:|1786026742
|move|p2a: Grimmsnarl|Reflect|p2a: Grimmsnarl
|-sidestart|p2: jayoticnl|Reflect
|move|p1b: Sneasler|Gunk Shot|p2a: Grimmsnarl
|-supereffective|p2a: Grimmsnarl|1
|-damage|p2a: Grimmsnarl|12/100
|move|p1a: Lycanroc|Rock Slide|p2b: Ceruledge|[spread] p2a,p2b
|-supereffective|p2b: Ceruledge|1
|-damage|p2a: Grimmsnarl|0 fnt
|-damage|p2b: Ceruledge|66/100
|faint|p2a: Grimmsnarl
|cant|p2b: Ceruledge|flinch
|
|upkeep
|
|t:|1786026749
|switch|p2a: Sinistcha|Sinistcha, L50|100/100
|-heal|p2b: Ceruledge|91/100|[from] ability: Hospitality|[of] p2a: Sinistcha
|turn|2
|
|t:|1786026759
|move|p1b: Sneasler|Gunk Shot|p2a: Sinistcha
|-damage|p2a: Sinistcha|68/100
|move|p1a: Lycanroc|Rock Slide|p2b: Ceruledge|[spread] 
|-miss|p1a: Lycanroc|p2a: Sinistcha
|-miss|p1a: Lycanroc|p2b: Ceruledge
|move|p2b: Ceruledge|Bulk Up|p2b: Ceruledge
|-boost|p2b: Ceruledge|atk|1
|-boost|p2b: Ceruledge|def|1
|move|p2a: Sinistcha|Trick Room|p2a: Sinistcha
|-fieldstart|move: Trick Room|[of] p2a: Sinistcha
|
|upkeep
|turn|3
|
|t:|1786026770
|move|p2a: Sinistcha|Matcha Gotcha|p1a: Lycanroc|[spread] p1a,p1b
|-supereffective|p1a: Lycanroc|1
|-resisted|p1b: Sneasler|1
|-damage|p1a: Lycanroc|19/100
|-heal|p2a: Sinistcha|100/100|[from] drain|[of] p1a: Lycanroc
|-damage|p1b: Sneasler|84/100
|move|p2b: Ceruledge|Bitter Blade|p1b: Sneasler
|-damage|p1b: Sneasler|0 fnt
|-heal|p2b: Ceruledge|100/100|[from] drain|[of] p1b: Sneasler
|faint|p1b: Sneasler
|move|p1a: Lycanroc|Rock Slide|p2b: Ceruledge|[spread] p2a,p2b
|-supereffective|p2b: Ceruledge|1
|-damage|p2a: Sinistcha|83/100
|-damage|p2b: Ceruledge|77/100
|
|upkeep
|
|t:|1786026782
|switch|p1b: Froslass|Froslass, L50, F|100/100
|turn|4
|
|t:|1786026790
|detailschange|p1b: Froslass|Froslass-Mega, L50, F
|-mega|p1b: Froslass|Froslass|Froslassite
|-weather|Snowscape|[from] ability: Snow Warning|[of] p1b: Froslass
|move|p1a: Lycanroc|Protect|p1a: Lycanroc
|-singleturn|p1a: Lycanroc|Protect
|move|p2a: Sinistcha|Matcha Gotcha|p1a: Lycanroc|[spread] p1b
|-activate|p1a: Lycanroc|move: Protect
|-damage|p1b: Froslass|75/100
|-heal|p2a: Sinistcha|94/100|[from] drain|[of] p1b: Froslass
|move|p2b: Ceruledge|Bitter Blade|p1b: Froslass
|-supereffective|p1b: Froslass|1
|-damage|p1b: Froslass|0 fnt
|-heal|p2b: Ceruledge|100/100|[from] drain|[of] p1b: Froslass
|faint|p1b: Froslass
|
|-weather|Snowscape|[upkeep]
|upkeep
|
|t:|1786026806
|switch|p1b: Basculegion|Basculegion, L50, M|100/100
|turn|5
|
|t:|1786026812
|move|p2b: Ceruledge|Shadow Sneak|p1b: Basculegion
|-supereffective|p1b: Basculegion|1
|-damage|p1b: Basculegion|38/100
|-enditem|p1b: Basculegion|Sitrus Berry|[eat]
|-heal|p1b: Basculegion|63/100|[from] item: Sitrus Berry
|move|p2a: Sinistcha|Matcha Gotcha|p1a: Lycanroc|[spread] p1b
|-miss|p2a: Sinistcha|p1a: Lycanroc
|-supereffective|p1b: Basculegion|1
|-damage|p1b: Basculegion|16/100
|-heal|p2a: Sinistcha|100/100|[from] drain|[of] p1b: Basculegion
|move|p1b: Basculegion|Last Respects|p2b: Ceruledge
|-supereffective|p2b: Ceruledge|1
|-damage|p2b: Ceruledge|7/100
|move|p1a: Lycanroc|Rock Slide|p2a: Sinistcha|[spread] p2a,p2b
|-supereffective|p2b: Ceruledge|1
|-damage|p2a: Sinistcha|84/100
|-damage|p2b: Ceruledge|0 fnt
|faint|p2b: Ceruledge
|
|-weather|Snowscape|[upkeep]
|upkeep
|
|t:|1786026818
|switch|p2b: Incineroar|Incineroar, L50, M|100/100
|-ability|p2b: Incineroar|Intimidate|boost
|-unboost|p1a: Lycanroc|atk|1
|-unboost|p1b: Basculegion|atk|1
|turn|6
|
|t:|1786026831
|move|p1b: Basculegion|Protect|p1b: Basculegion
|-singleturn|p1b: Basculegion|Protect
|move|p1a: Lycanroc|Protect|p1a: Lycanroc
|-singleturn|p1a: Lycanroc|Protect
|move|p2b: Incineroar|Throat Chop|p1b: Basculegion
|-activate|p1b: Basculegion|move: Protect
|move|p2a: Sinistcha|Matcha Gotcha|p1b: Basculegion|[spread] 
|-activate|p1a: Lycanroc|move: Protect
|-activate|p1b: Basculegion|move: Protect
|
|-weather|Snowscape|[upkeep]
|-fieldend|move: Trick Room
|upkeep
|turn|7
|
|t:|1786026840
|move|p1a: Lycanroc|Rock Slide|p2a: Sinistcha|[spread] p2b
|-miss|p1a: Lycanroc|p2a: Sinistcha
|-supereffective|p2b: Incineroar|1
|-damage|p2b: Incineroar|76/100
|move|p1b: Basculegion|Last Respects|p2a: Sinistcha
|-supereffective|p2a: Sinistcha|1
|-damage|p2a: Sinistcha|15/100
|-enditem|p2a: Sinistcha|Sitrus Berry|[eat]
|-heal|p2a: Sinistcha|39/100|[from] item: Sitrus Berry
|move|p2a: Sinistcha|Matcha Gotcha|p1a: Lycanroc|[spread] p1a,p1b
|-supereffective|p1a: Lycanroc|1
|-supereffective|p1b: Basculegion|1
|-damage|p1a: Lycanroc|0 fnt
|-heal|p2a: Sinistcha|48/100|[from] drain|[of] p1a: Lycanroc
|-damage|p1b: Basculegion|0 fnt
|-heal|p2a: Sinistcha|58/100|[from] drain|[of] p1b: Basculegion
|faint|p1a: Lycanroc
|faint|p1b: Basculegion
|
|win|jayoticnl
|raw|galloway2001's rating: 1294 → 1277(-17 for losing)
|raw|jayoticnl's rating: 1417 → 1430(+13 for winning)
