|j|☆Linkmasterjr
|j|☆jonathan53332
|html|Linkmasterjrjonathan53332    
|uhtml|bestof|Game 3 of a best-of-3
|t:|1782462000
|gametype|doubles
|player|p1|Linkmasterjr|265|
|player|p2|jonathan53332|266|
|gen|9
|tier|[Gen 9 Champions] VGC 2026 Reg M-B (Bo3)
|rule|Species Clause: Limit one of each Pokémon
|rule|Item Clause: Limit 1 of each item
|clearpoke
|poke|p1|Raichu, L50, M|
|poke|p1|Staraptor, L50, M|
|poke|p1|Grimmsnarl, L50, M|
|poke|p1|Scizor, L50, M|
|poke|p1|Archaludon, L50, F|
|poke|p1|Gengar, L50, M|
|poke|p2|Primarina, L50, F|
|poke|p2|Sinistcha-Masterpiece, L50, shiny|
|poke|p2|Pelipper, L50, F|
|poke|p2|Meganium, L50, F, shiny|
|poke|p2|Excadrill, L50, F|
|poke|p2|Golurk, L50|
|teampreview|4
|showteam|p1|Raichu||RaichuniteY|LightningRod|ZapCannon,FocusBlast,AlluringVoice,FakeOut|Hasty||M|||50|]Staraptor||Staraptite|Intimidate|CloseCombat,Tailwind,BraveBird,Protect|Jolly||M|||50|]Grimmsnarl||LightClay|Prankster|LightScreen,Reflect,PartingShot,SpiritBreak|Careful||M|||50|]Scizor||MuscleBand|Technician|BulletPunch,DualWingbeat,Tailwind,CloseCombat|Adamant||M|||50|]Archaludon||SitrusBerry|Stamina|FlashCannon,ElectroShot,AuraSphere,Protect|Timid||F|||50|]Gengar||Gengarite|CursedBody|SludgeWave,ShadowBall,Thunderbolt,Protect|Timid||M|||50|
|showteam|p2|Primarina||Leftovers|LiquidVoice|HyperVoice,Blizzard,EnergyBall,ShadowBall|Modest||F|||50|]Sinistcha-Masterpiece||SitrusBerry|Hospitality|MatchaGotcha,StrengthSap,ShadowBall,Scald|Modest|||||50|]Pelipper||FocusSash|Drizzle|Hurricane,WideGuard,IcyWind,Tailwind|Modest||F|||50|]Meganium||Meganiumite|LeafGuard|WeatherBall,SolarBeam,DazzlingGleam,Synthesis|Timid||F|||50|]Excadrill||Excadrite|SandRush|Earthquake,IronHead,BrickBreak,Protect|Jolly||F|||50|]Golurk||Golurkite|NoGuard|DynamicPunch,ThunderPunch,RockSlide,Poltergeist|Adamant|||||50|
|
|t:|1782462029
|teamsize|p1|4
|teamsize|p2|4
|start
|switch|p1a: Gengar|Gengar, L50, M|100/100
|switch|p1b: Grimmsnarl|Grimmsnarl, L50, M|100/100
|switch|p2a: Golurk|Golurk, L50|100/100
|switch|p2b: Pelipper|Pelipper, L50, F|100/100
|-weather|RainDance|[from] ability: Drizzle|[of] p2b: Pelipper
|turn|1
|
|t:|1782462047
|switch|p1a: Scizor|Scizor, L50, M|100/100
|move|p2b: Pelipper|Tailwind|p2b: Pelipper
|-sidestart|p2: jonathan53332|move: Tailwind
|move|p2a: Golurk|Poltergeist|p1a: Scizor
|-activate|p1a: Scizor|move: Poltergeist|Muscle Band
|-damage|p1a: Scizor|40/100
|move|p1b: Grimmsnarl|Spirit Break|p2a: Golurk
|-damage|p2a: Golurk|64/100
|-unboost|p2a: Golurk|spa|1
|
|-weather|RainDance|[upkeep]
|upkeep
|turn|2
|
|t:|1782462067
|switch|p2a: Excadrill|Excadrill, L50, F|100/100
|move|p1a: Scizor|Bullet Punch|p2b: Pelipper
|-resisted|p2b: Pelipper|1
|-damage|p2b: Pelipper|77/100
|move|p1b: Grimmsnarl|Parting Shot|p2a: Excadrill
|-unboost|p2a: Excadrill|atk|1
|-unboost|p2a: Excadrill|spa|1
|
|t:|1782462075
|switch|p1b: Archaludon|Archaludon, L50, F|100/100|[from] Parting Shot
|move|p2b: Pelipper|Hurricane|p1a: Scizor
|-damage|p1a: Scizor|0 fnt
|faint|p1a: Scizor
|
|-weather|RainDance|[upkeep]
|upkeep
|
|t:|1782462085
|switch|p1a: Grimmsnarl|Grimmsnarl, L50, M|100/100
|turn|3
|
|t:|1782462104
|move|p1b: Archaludon|Protect|p1b: Archaludon
|-singleturn|p1b: Archaludon|Protect
|move|p1a: Grimmsnarl|Parting Shot|p2a: Excadrill
|-unboost|p2a: Excadrill|atk|1
|-unboost|p2a: Excadrill|spa|1
|
|t:|1782462109
|switch|p1a: Gengar|Gengar, L50, M|100/100|[from] Parting Shot
|move|p2a: Excadrill|Earthquake|p1b: Archaludon|[spread] p1a
|-activate|p1b: Archaludon|move: Protect
|-immune|p2b: Pelipper
|-supereffective|p1a: Gengar|1
|-damage|p1a: Gengar|19/100
|-start|p2a: Excadrill|Disable|Earthquake|[from] ability: Cursed Body|[of] p1a: Gengar
|move|p2b: Pelipper|Hurricane|p1b: Archaludon
|-activate|p1b: Archaludon|move: Protect
|
|-weather|RainDance|[upkeep]
|upkeep
|turn|4
|
|t:|1782462129
|detailschange|p1a: Gengar|Gengar-Mega, L50, M
|-mega|p1a: Gengar|Gengar|Gengarite
|move|p2a: Excadrill|Protect|p2a: Excadrill
|-singleturn|p2a: Excadrill|Protect
|move|p1a: Gengar|Protect|p1a: Gengar
|-singleturn|p1a: Gengar|Protect
|move|p2b: Pelipper|Icy Wind|p1a: Gengar|[spread] p1b
|-activate|p1a: Gengar|move: Protect
|-damage|p1b: Archaludon|80/100
|-unboost|p1b: Archaludon|spe|1
|-ability|p1b: Archaludon|Stamina|boost
|-boost|p1b: Archaludon|def|1
|move|p1b: Archaludon|Electro Shot||[still]
|-prepare|p1b: Archaludon|Electro Shot
|-boost|p1b: Archaludon|spa|1
|-anim|p1b: Archaludon|Electro Shot|p2b: Pelipper
|-supereffective|p2b: Pelipper|2
|-damage|p2b: Pelipper|0 fnt
|faint|p2b: Pelipper
|
|-weather|RainDance|[upkeep]
|-sideend|p2: jonathan53332|move: Tailwind
|upkeep
|
|t:|1782462149
|switch|p2b: Golurk|Golurk, L50|64/100
|turn|5
|
|t:|1782462187
|switch|p1a: Grimmsnarl|Grimmsnarl, L50, M|100/100
|move|p2a: Excadrill|Iron Head|p1a: Grimmsnarl
|-supereffective|p1a: Grimmsnarl|1
|-damage|p1a: Grimmsnarl|46/100
|move|p1b: Archaludon|Flash Cannon|p2b: Golurk
|-damage|p2b: Golurk|2/100
|move|p2b: Golurk|Poltergeist|p1a: Grimmsnarl
|-activate|p1a: Grimmsnarl|move: Poltergeist|Light Clay
|-resisted|p1a: Grimmsnarl|1
|-damage|p1a: Grimmsnarl|11/100
|
|-weather|none
|upkeep
|turn|6
|
|t:|1782462239
|move|p2a: Excadrill|Protect|p2a: Excadrill
|-singleturn|p2a: Excadrill|Protect
|move|p1b: Archaludon|Protect|p1b: Archaludon
|-singleturn|p1b: Archaludon|Protect
|move|p1a: Grimmsnarl|Reflect|p1a: Grimmsnarl
|-sidestart|p1: Linkmasterjr|Reflect
|move|p2b: Golurk|Poltergeist|p1a: Grimmsnarl
|-activate|p1a: Grimmsnarl|move: Poltergeist|Light Clay
|-resisted|p1a: Grimmsnarl|1
|-damage|p1a: Grimmsnarl|0 fnt
|faint|p1a: Grimmsnarl
|
|-end|p2a: Excadrill|Disable
|upkeep
|
|t:|1782462242
|switch|p1a: Gengar|Gengar-Mega, L50, M|19/100
|turn|7
|
|t:|1782462257
|detailschange|p2a: Excadrill|Excadrill-Mega, L50, F
|-mega|p2a: Excadrill|Excadrill|Excadrite
|move|p1a: Gengar|Shadow Ball|p2a: Excadrill
|-damage|p2a: Excadrill|33/100
|move|p2a: Excadrill|Earthquake|p1b: Archaludon|[spread] p2b,p1a,p1b
|-supereffective|p1a: Gengar|1
|-supereffective|p1b: Archaludon|1
|-damage|p2b: Golurk|0 fnt
|-damage|p1a: Gengar|0 fnt
|-damage|p1b: Archaludon|64/100
|-ability|p1b: Archaludon|Stamina|boost
|-boost|p1b: Archaludon|def|1
|faint|p2b: Golurk
|faint|p1a: Gengar
|move|p1b: Archaludon|Flash Cannon|p2a: Excadrill
|-resisted|p2a: Excadrill|1
|-damage|p2a: Excadrill|0 fnt
|faint|p2a: Excadrill
|
|upkeep
|
|t:|1782462270
|switch|p2b: Sinistcha|Sinistcha-Masterpiece, L50, shiny|100/100
|turn|8
|
|t:|1782462281
|move|p1b: Archaludon|Flash Cannon|p2b: Sinistcha
|-damage|p2b: Sinistcha|26/100
|-enditem|p2b: Sinistcha|Sitrus Berry|[eat]
|-heal|p2b: Sinistcha|51/100|[from] item: Sitrus Berry
|move|p2b: Sinistcha|Shadow Ball|p1b: Archaludon
|-damage|p1b: Archaludon|0 fnt
|faint|p1b: Archaludon
|
|win|jonathan53332
