|j|☆MollePeer
|j|☆peer+mol
|html|MollePeerpeer+mol    
|uhtml|bestof|Game 2 of a best-of-3
|t:|1784310948
|gametype|doubles
|player|p1|MollePeer|1|
|player|p2|peer+mol|102|
|gen|9
|tier|[Gen 9 Champions] VGC 2026 Reg M-B (Bo3)
|rule|Species Clause: Limit one of each Pokémon
|rule|Item Clause: Limit 1 of each item
|clearpoke
|poke|p1|Archaludon, L50, M|
|poke|p1|Pelipper, L50, M|
|poke|p1|Grimmsnarl, L50, M|
|poke|p1|Metagross, L50|
|poke|p1|Sinistcha, L50|
|poke|p1|Swampert, L50, F|
|poke|p2|Lucario, L50, M|
|poke|p2|Talonflame, L50, F|
|poke|p2|Dragonite, L50, F|
|poke|p2|Rotom-Wash, L50|
|poke|p2|Meowscarada, L50, F|
|poke|p2|Toxapex, L50, M|
|teampreview|4
|showteam|p1|Archaludon||Leftovers|Stamina|FlashCannon,DragonPulse,ElectroShot,Protect|Modest||M|||50|]Pelipper||SitrusBerry|Drizzle|WeatherBall,Hurricane,Tailwind,WideGuard|Modest||M|||50|]Grimmsnarl||LightClay|Prankster|FoulPlay,PartingShot,Reflect,LightScreen|Calm||M|||50|]Metagross||Metagrossite|ClearBody|MeteorMash,PsychicFangs,BodyPress,Protect|Jolly|||||50|]Sinistcha||CobaBerry|Hospitality|MatchaGotcha,RagePowder,TrickRoom,Protect|Relaxed|||||50|]Swampert||Swampertite|Damp|WaveCrash,Earthquake,IcePunch,Protect|Adamant||F|||50|
|showteam|p2|Lucario||Lucarionite|InnerFocus|AuraSphere,FlashCannon,Protect,VacuumWave|Modest||M|||50|]Talonflame|||GaleWings|Acrobatics,Tailwind,WillOWisp,FlareBlitz|Jolly||F|||50|]Dragonite||DragonFang|Multiscale|DragonClaw,Protect,RockTomb,ExtremeSpeed|Adamant||F|||50|]Rotom-Wash||SitrusBerry|Levitate|HydroPump,Thunderbolt,VoltSwitch,Protect|Modest|||||50|]Meowscarada||FocusSash|Overgrow|KnockOff,FlowerTrick,Protect,SuckerPunch|Jolly||F|||50|]Toxapex||Leftovers|Regenerator|Toxic,Infestation,BanefulBunker,Recover|Serious||M|||50|
|j| yasminablubberbil
|j| Fenerbasje
|j| Sambalman
|j| Dijkbewakerstudent
|c|☆peer+mol|Jongens wrm is mn team bad ik snap het niet
|c| Dijkbewakerstudent|Lekker dessert dit voor het weekend
|c| Dijkbewakerstudent|een al ellende
|c|☆peer+mol|Hahahahahhahahahahhaha
|c|☆peer+mol|Ellendig
|c| Dijkbewakerstudent|Wat een ellende levert dit op
|
|t:|1784311013
|teamsize|p1|4
|teamsize|p2|4
|start
|switch|p1a: Pelipper|Pelipper, L50, M|100/100
|switch|p1b: Grimmsnarl|Grimmsnarl, L50, M|100/100
|switch|p2a: Lucaribro?|Lucario, L50, M|100/100
|switch|p2b: Talonflame|Talonflame, L50, F|100/100
|-weather|RainDance|[from] ability: Drizzle|[of] p1a: Pelipper
|turn|1
|c| Dijkbewakerstudent|🍞
|
|t:|1784311041
|switch|p2b: Rotom|Rotom-Wash, L50|100/100
|detailschange|p2a: Lucaribro?|Lucario-Mega, L50, M
|-mega|p2a: Lucaribro?|Lucario|Lucarionite
|move|p1b: Grimmsnarl|Light Screen|p1b: Grimmsnarl
|-sidestart|p1: MollePeer|move: Light Screen
|move|p2a: Lucaribro?|Flash Cannon|p1b: Grimmsnarl
|-supereffective|p1b: Grimmsnarl|1
|-damage|p1b: Grimmsnarl|28/100
|move|p1a: Pelipper|Hurricane|p2a: Lucaribro?
|-damage|p2a: Lucaribro?|27/100
|-start|p2a: Lucaribro?|confusion
|
|-weather|RainDance|[upkeep]
|upkeep
|turn|2
|
|t:|1784311078
|switch|p1a: Swampert|Swampert, L50, F|100/100
|move|p1b: Grimmsnarl|Parting Shot|p2b: Rotom
|-unboost|p2b: Rotom|atk|1
|-unboost|p2b: Rotom|spa|1
|
|t:|1784311083
|switch|p1b: Pelipper|Pelipper, L50, M|100/100|[from] Parting Shot
|-activate|p2a: Lucaribro?|confusion
|-damage|p2a: Lucaribro?|12/100|[from] confusion
|move|p2b: Rotom|Volt Switch|p1a: Swampert
|-immune|p1a: Swampert
|
|-weather|RainDance|[upkeep]
|upkeep
|turn|3
|c| yasminablubberbil|Loooool
|c| yasminablubberbil|Wat een team wat een mons
|
|t:|1784311112
|switch|p2a: Kettingroker|Meowscarada, L50, F|100/100
|switch|p1b: Sinistcha|Sinistcha, L50|100/100
|detailschange|p1a: Swampert|Swampert-Mega, L50, F
|-mega|p1a: Swampert|Swampert|Swampertite
|move|p1a: Swampert|Wave Crash|p2a: Kettingroker
|-resisted|p2a: Kettingroker|1
|-damage|p2a: Kettingroker|11/100
|-damage|p1a: Swampert|76/100|[from] Recoil
|move|p2b: Rotom|Volt Switch|p1b: Sinistcha
|-resisted|p1b: Sinistcha|1
|-damage|p1b: Sinistcha|92/100
|c|☆peer+mol|Hey adela jij kent mij vast nog wel
|
|t:|1784311126
|switch|p2b: Talonflame|Talonflame, L50, F|100/100|[from] Volt Switch
|
|-weather|RainDance|[upkeep]
|upkeep
|turn|4
|c| Dijkbewakerstudent|Meow heeft schorre stem
|c|☆peer+mol|Scorro stem
|
|t:|1784311160
|move|p1a: Swampert|Protect|p1a: Swampert
|-singleturn|p1a: Swampert|Protect
|move|p2b: Talonflame|Tailwind|p2b: Talonflame
|-sidestart|p2: peer+mol|move: Tailwind
|move|p2a: Kettingroker|Flower Trick|p1a: Swampert
|-activate|p1a: Swampert|move: Protect
|move|p1b: Sinistcha|Matcha Gotcha|p2a: Kettingroker|[spread] p2a,p2b
|-resisted|p2a: Kettingroker|1
|-resisted|p2b: Talonflame|2
|-damage|p2a: Kettingroker|0 fnt
|-heal|p1b: Sinistcha|97/100|[from] drain|[of] p2a: Kettingroker
|-damage|p2b: Talonflame|90/100
|-heal|p1b: Sinistcha|100/100|[from] drain|[of] p2b: Talonflame
|faint|p2a: Kettingroker
|
|-weather|RainDance|[upkeep]
|upkeep
|c|☆peer+mol|Komt doordat ie bulgaars is
|
|t:|1784311173
|switch|p2a: Lucaribro?|Lucario-Mega, L50, M|12/100
|turn|5
|c| Dijkbewakerstudent|Ishowthemeat
|
|t:|1784311189
|switch|p2a: Rotom|Rotom-Wash, L50|100/100
|switch|p1b: Grimmsnarl|Grimmsnarl, L50, M|28/100
|move|p2b: Talonflame|Acrobatics|p1b: Grimmsnarl
|-damage|p1b: Grimmsnarl|0 fnt
|faint|p1b: Grimmsnarl
|move|p1a: Swampert|Earthquake|p2a: Rotom|[spread] 
|-immune|p2a: Rotom|[from] ability: Levitate
|-immune|p2b: Talonflame
|
|-weather|none
|upkeep
|
|t:|1784311195
|switch|p1b: Pelipper|Pelipper, L50, M|100/100
|-weather|RainDance|[from] ability: Drizzle|[of] p1b: Pelipper
|turn|6
|
|t:|1784311208
|move|p2b: Talonflame|Acrobatics|p1b: Pelipper
|-damage|p1b: Pelipper|54/100
|move|p2a: Rotom|Volt Switch|p1b: Pelipper
|-supereffective|p1b: Pelipper|2
|-damage|p1b: Pelipper|0 fnt
|faint|p1b: Pelipper
|c|☆peer+mol|Donald drump please save me from reg M-B
|
|t:|1784311221
|switch|p2a: Lucaribro?|Lucario-Mega, L50, M|12/100|[from] Volt Switch
|move|p1a: Swampert|Wave Crash|p2b: Talonflame
|-supereffective|p2b: Talonflame|1
|-damage|p2b: Talonflame|0 fnt
|faint|p2b: Talonflame
|-damage|p1a: Swampert|52/100|[from] Recoil
|
|-weather|RainDance|[upkeep]
|upkeep
|
|t:|1784311224
|switch|p2b: Rotom|Rotom-Wash, L50|100/100
|switch|p1b: Sinistcha|Sinistcha, L50|100/100
|-heal|p1a: Swampert|77/100|[from] ability: Hospitality|[of] p1b: Sinistcha
|turn|7
|c| Dijkbewakerstudent|Dronken apen gameplay
|
|t:|1784311253
|move|p2a: Lucaribro?|Protect|p2a: Lucaribro?
|-singleturn|p2a: Lucaribro?|Protect
|move|p2b: Rotom|Hydro Pump|p1a: Swampert
|-damage|p1a: Swampert|30/100
|move|p1a: Swampert|Wave Crash|p2a: Lucaribro?
|-activate|p2a: Lucaribro?|move: Protect
|move|p1b: Sinistcha|Matcha Gotcha|p2b: Rotom|[spread] p2b
|-activate|p2a: Lucaribro?|move: Protect
|-supereffective|p2b: Rotom|1
|-damage|p2b: Rotom|40/100
|-status|p2b: Rotom|brn
|-enditem|p2b: Rotom|Sitrus Berry|[eat]
|-heal|p2b: Rotom|65/100 brn|[from] item: Sitrus Berry
|
|-weather|RainDance|[upkeep]
|-damage|p2b: Rotom|59/100 brn|[from] brn
|-sideend|p2: peer+mol|move: Tailwind
|upkeep
|turn|8
|c|☆peer+mol|Jungle op vakantie?
|c| Dijkbewakerstudent|Welcome to the jungle!
|c|☆peer+mol|Rilla ogerpon achter gelaten in Praag
|c| Fenerbasje|wat is dit ook voor team joh ragner
|c|☆peer+mol|Ohja ik had nog tw
|c|☆peer+mol|HAHAHHAHAHA
|c|☆peer+mol|harde play
|
|t:|1784311291
|move|p2a: Lucaribro?|Protect||[still]
|-fail|p2a: Lucaribro?
|move|p1b: Sinistcha|Rage Powder|p1b: Sinistcha
|-singleturn|p1b: Sinistcha|move: Rage Powder
|move|p1a: Swampert|Wave Crash|p2a: Lucaribro?
|-damage|p2a: Lucaribro?|0 fnt
|faint|p2a: Lucaribro?
|-damage|p1a: Swampert|27/100|[from] Recoil
|move|p2b: Rotom|Hydro Pump|p1b: Sinistcha|[miss]
|-miss|p2b: Rotom|p1b: Sinistcha
|
|-weather|RainDance|[upkeep]
|-damage|p2b: Rotom|53/100 brn|[from] brn
|-sideend|p1: MollePeer|move: Light Screen
|upkeep
|turn|9
|c| Dijkbewakerstudent|Boerenkool bij elkaar
|
|t:|1784311309
|move|p1a: Swampert|Wave Crash|p2b: Rotom
|-resisted|p2b: Rotom|1
|-damage|p2b: Rotom|0 fnt
|faint|p2b: Rotom
|-damage|p1a: Swampert|13/100|[from] Recoil
|
|win|MollePeer
|c|☆peer+mol|GGs
|c| Sambalman|Kutlucario
|c|☆MollePeer|GGs
|c|☆peer+mol|Real
|c|☆peer+mol|HAHAHAH
|l| Dijkbewakerstudent
|l| Sambalman
|c|☆MollePeer|Het overkomt de beste
|c|☆peer+mol|Grandppa laat het aan de youngbuvks over
|c|☆peer+mol|Ofzo
|c|☆peer+mol|Hahahahahaha
|c| Fenerbasje|suf lucaribro
|c|☆peer+mol|Kut die nickname vergeten
|l| yasminablubberbil
|c|☆peer+mol|Die leeft al zo erg dat ik vergat dat suf bij Boris weg kwam
|c|☆peer+mol|HAHAHAHHAHA
|l|☆peer+mol
|player|p2|
|l| Fenerbasje
|l|☆MollePeer
|player|p1|
|j| Dippiedaan
|l| Dippiedaan
