|j|☆pistoiese1312
|j|☆xdi8723
|html|pistoiese1312xdi8723    
|uhtml|bestof|Game 3 of a best-of-3
|t:|1784909893
|gametype|doubles
|player|p1|pistoiese1312|1|1041
|player|p2|xdi8723|265|1060
|gen|9
|tier|[Gen 9 Champions] VGC 2026 Reg M-B (Bo3)
|rated|
|rule|Species Clause: Limit one of each Pokémon
|rule|Item Clause: Limit 1 of each item
|clearpoke
|poke|p1|Gengar, L50, M|
|poke|p1|Incineroar, L50, F|
|poke|p1|Floette-Eternal, L50, F|
|poke|p1|Kingambit, L50, F|
|poke|p1|Kommo-o, L50, M|
|poke|p1|Sneasler, L50, M|
|poke|p2|Archaludon, L50, M|
|poke|p2|Pelipper, L50, M|
|poke|p2|Grimmsnarl, L50, M|
|poke|p2|Sinistcha, L50|
|poke|p2|Swampert, L50, M|
|poke|p2|Lycanroc-Dusk, L50, F|
|teampreview|4
|showteam|p1|Gengar||Gengarite|CursedBody|ShadowBall,PerishSong,Disable,Protect|Modest||M|||50|]Incineroar||PasshoBerry|Intimidate|FlareBlitz,PartingShot,FakeOut,Protect|Relaxed||F|||50|]Floette-Eternal||Floettite|FlowerVeil|LightofRuin,Moonblast,DazzlingGleam,Protect|Calm||F|||50|]Kingambit||BlackGlasses|Defiant|SuckerPunch,KowtowCleave,SwordsDance,Protect|Adamant||F|||50|]Kommo-o||Leftovers|Soundproof|AuraSphere,ClangingScales,ClangorousSoul,Protect|Modest||M|||50|]Sneasler||WhiteHerb|Unburden|DireClaw,CloseCombat,FakeOut,Protect|Adamant||M|||50|
|showteam|p2|Archaludon||Leftovers|Stamina|ElectroShot,AuraSphere,FlashCannon,Protect|Modest||M|||50|]Pelipper||SitrusBerry|Drizzle|Tailwind,WeatherBall,Hurricane,WideGuard|Modest||M|||50|]Grimmsnarl||LightClay|Prankster|PartingShot,SpiritBreak,Reflect,LightScreen|Calm||M|||50|]Sinistcha||KasibBerry|Hospitality|MatchaGotcha,LifeDew,RagePowder,TrickRoom|Calm|||||50|]Swampert||Swampertite|Torrent|WaveCrash,Earthquake,IcePunch,Protect|Adamant||M|||50|]Lycanroc-Dusk||FocusSash|ToughClaws|Protect,RockSlide,Accelerock,CloseCombat|Jolly||F|||50|
|inactive|Battle timer is ON: inactive players will automatically lose when time's up. (requested by xdi8723)
|
|t:|1784909927
|teamsize|p1|4
|teamsize|p2|4
|start
|switch|p1a: Incineroar|Incineroar, L50, F|100/100
|switch|p1b: Floette|Floette-Eternal, L50, F|100/100
|switch|p2a: Lycanroc|Lycanroc-Dusk, L50, F|100/100
|switch|p2b: Pelipper|Pelipper, L50, M|100/100
|-weather|RainDance|[from] ability: Drizzle|[of] p2b: Pelipper
|-ability|p1a: Incineroar|Intimidate|boost
|-unboost|p2a: Lycanroc|atk|1
|-unboost|p2b: Pelipper|atk|1
|turn|1
|inactive|pistoiese1312 has 30 seconds left.
|inactive|xdi8723 has 30 seconds left.
|
|t:|1784909960
|detailschange|p1b: Floette|Floette-Mega, L50, F
|-mega|p1b: Floette|Floette|Floettite
|-ability|p1b: Floette|Fairy Aura
|move|p1a: Incineroar|Fake Out|p2b: Pelipper
|-damage|p2b: Pelipper|87/100
|move|p2a: Lycanroc|Close Combat|p1a: Incineroar
|-supereffective|p1a: Incineroar|1
|-damage|p1a: Incineroar|47/100
|-unboost|p2a: Lycanroc|def|1
|-unboost|p2a: Lycanroc|spd|1
|move|p1b: Floette|Dazzling Gleam|p2b: Pelipper|[spread] p2a,p2b
|-enditem|p2a: Lycanroc|Focus Sash
|-damage|p2a: Lycanroc|1/100
|-damage|p2b: Pelipper|29/100
|-enditem|p2b: Pelipper|Sitrus Berry|[eat]
|-heal|p2b: Pelipper|53/100|[from] item: Sitrus Berry
|cant|p2b: Pelipper|flinch
|
|-weather|RainDance|[upkeep]
|upkeep
|turn|2
|
|t:|1784909981
|switch|p2a: Archaludon|Archaludon, L50, M|100/100
|move|p1a: Incineroar|Protect|p1a: Incineroar
|-singleturn|p1a: Incineroar|Protect
|move|p1b: Floette|Dazzling Gleam|p2a: Archaludon|[spread] p2a,p2b
|-damage|p2a: Archaludon|49/100
|-damage|p2b: Pelipper|0 fnt
|-ability|p2a: Archaludon|Stamina|boost
|-boost|p2a: Archaludon|def|1
|faint|p2b: Pelipper
|
|-weather|RainDance|[upkeep]
|-heal|p2a: Archaludon|55/100|[from] item: Leftovers
|upkeep
|
|t:|1784909994
|switch|p2b: Lycanroc|Lycanroc-Dusk, L50, F|1/100
|turn|3
|
|t:|1784910005
|switch|p1a: Sneasler|Sneasler, L50, M|100/100
|move|p2b: Lycanroc|Accelerock|p1a: Sneasler
|-resisted|p1a: Sneasler|1
|-damage|p1a: Sneasler|78/100
|move|p1b: Floette|Moonblast|p2a: Archaludon
|-damage|p2a: Archaludon|0 fnt
|faint|p2a: Archaludon
|
|-weather|RainDance|[upkeep]
|upkeep
|
|t:|1784910014
|switch|p2a: Swampert|Swampert, L50, M|100/100
|turn|4
|
|t:|1784910024
|switch|p1b: Incineroar|Incineroar, L50, F|47/100
|-ability|p1b: Incineroar|Intimidate|boost
|-unboost|p2a: Swampert|atk|1
|-unboost|p2b: Lycanroc|atk|1
|move|p2b: Lycanroc|Protect|p2b: Lycanroc
|-singleturn|p2b: Lycanroc|Protect
|move|p2a: Swampert|Protect|p2a: Swampert
|-singleturn|p2a: Swampert|Protect
|move|p1a: Sneasler|Fake Out|p2a: Swampert
|-activate|p2a: Swampert|move: Protect
|
|-weather|RainDance|[upkeep]
|upkeep
|turn|5
|
|t:|1784910041
|detailschange|p2a: Swampert|Swampert-Mega, L50, M
|-mega|p2a: Swampert|Swampert|Swampertite
|move|p1b: Incineroar|Fake Out|p2a: Swampert
|-damage|p2a: Swampert|90/100
|move|p2b: Lycanroc|Accelerock|p1b: Incineroar
|-supereffective|p1b: Incineroar|1
|-damage|p1b: Incineroar|23/100
|cant|p2a: Swampert|flinch
|move|p1a: Sneasler|Close Combat|p2a: Swampert
|-damage|p2a: Swampert|27/100
|-unboost|p1a: Sneasler|def|1
|-unboost|p1a: Sneasler|spd|1
|-enditem|p1a: Sneasler|White Herb
|-clearnegativeboost|p1a: Sneasler|[silent]
|
|-weather|none
|upkeep
|turn|6
|
|t:|1784910064
|move|p1a: Sneasler|Protect|p1a: Sneasler
|-singleturn|p1a: Sneasler|Protect
|move|p2b: Lycanroc|Accelerock|p1b: Incineroar
|-supereffective|p1b: Incineroar|1
|-damage|p1b: Incineroar|0 fnt
|faint|p1b: Incineroar
|move|p2a: Swampert|Earthquake|p1a: Sneasler|[spread] p2b
|-activate|p1a: Sneasler|move: Protect
|-supereffective|p2b: Lycanroc|1
|-damage|p2b: Lycanroc|0 fnt
|faint|p2b: Lycanroc
|
|upkeep
|
|t:|1784910075
|switch|p1b: Kingambit|Kingambit, L50, F|100/100
|turn|7
|
|t:|1784910079
|move|p1b: Kingambit|Sucker Punch|p2a: Swampert
|-damage|p2a: Swampert|0 fnt
|faint|p2a: Swampert
|
|win|pistoiese1312
|raw|pistoiese1312's rating: 1041 → 1077(+36 for winning)
|raw|xdi8723's rating: 1060 → 1040(-20 for losing)
|l|☆pistoiese1312
|player|p1|
|c|☆xdi8723|gg
