|j|☆breloomb01
|j|☆ciuk88
|html|breloomb01ciuk88    
|uhtml|bestof|Game 1 of a best-of-3
|t:|1785355748
|gametype|doubles
|player|p1|breloomb01|roughneck|1172
|player|p2|ciuk88|2|1172
|gen|9
|tier|[Gen 9 Champions] VGC 2026 Reg M-B (Bo3)
|rated|
|rule|Species Clause: Limit one of each Pokémon
|rule|Item Clause: Limit 1 of each item
|clearpoke
|poke|p1|Floette-Eternal, L50, F|
|poke|p1|Incineroar, L50, F|
|poke|p1|Sinistcha, L50|
|poke|p1|Garchomp, L50, M|
|poke|p1|Sneasler, L50, M|
|poke|p1|Rotom-Wash, L50|
|poke|p2|Ceruledge, L50, M|
|poke|p2|Mawile, L50, F|
|poke|p2|Incineroar, L50, F|
|poke|p2|Sinistcha, L50|
|poke|p2|Milotic, L50, F|
|poke|p2|Raichu, L50, F|
|teampreview|4
|showteam|p1|Floette-Eternal||Floettite|FlowerVeil|DrainingKiss,DazzlingGleam,CalmMind,Protect|Modest||F|||50|]Incineroar||SitrusBerry|Intimidate|FakeOut,FlareBlitz,ThroatChop,PartingShot|Careful||F|||50|]Sinistcha||KasibBerry|Hospitality|Protect,RagePowder,MatchaGotcha,TrickRoom|Calm|||||50|]Garchomp||LifeOrb|RoughSkin|Earthquake,DragonClaw,RockSlide,Protect|Jolly||M|||50|]Sneasler||FocusSash|PoisonTouch|FakeOut,DireClaw,CloseCombat,Protect|Jolly||M|||50|]Rotom-Wash||Leftovers|Levitate|HydroPump,Protect,WillOWisp,Electroweb|Bold|||||50|
|showteam|p2|Ceruledge||ColburBerry|FlashFire|BitterBlade,ShadowSneak,BulkUp,Protect|Adamant||M|||50|]Mawile||Mawilite|HyperCutter|SuckerPunch,PlayRough,Protect,SwordsDance|Adamant||F|||50|]Incineroar||SitrusBerry|Intimidate|FakeOut,PartingShot,FlareBlitz,ThroatChop|Impish||F|||50|]Sinistcha||KasibBerry|Hospitality|MatchaGotcha,LifeDew,Protect,RagePowder|Relaxed|||||50|]Milotic||Leftovers|Competitive|MuddyWater,Coil,Protect,Hypnosis|Calm||F|||50|]Raichu||RaichuniteY|LightningRod|FakeOut,ZapCannon,FocusBlast,Protect|Timid||F|||50|
|
|t:|1785355778
|teamsize|p1|4
|teamsize|p2|4
|start
|switch|p1a: Garchomp|Garchomp, L50, M|100/100
|switch|p1b: Rotom|Rotom-Wash, L50|100/100
|switch|p2a: Milotic|Milotic, L50, F|100/100
|switch|p2b: Ceruledge|Ceruledge, L50, M|100/100
|turn|1
|
|t:|1785355813
|move|p2b: Ceruledge|Protect|p2b: Ceruledge
|-singleturn|p2b: Ceruledge|Protect
|move|p1a: Garchomp|Earthquake|p2a: Milotic|[spread] p2a
|-activate|p2b: Ceruledge|move: Protect
|-immune|p1b: Rotom|[from] ability: Levitate
|-damage|p2a: Milotic|54/100
|-damage|p1a: Garchomp|90/100|[from] item: Life Orb
|move|p1b: Rotom|Will-O-Wisp|p2a: Milotic|[miss]
|-miss|p1b: Rotom|p2a: Milotic
|move|p2a: Milotic|Coil|p2a: Milotic
|-boost|p2a: Milotic|atk|1
|-boost|p2a: Milotic|def|1
|-boost|p2a: Milotic|accuracy|1
|
|-heal|p2a: Milotic|60/100|[from] item: Leftovers
|upkeep
|turn|2
|
|t:|1785355833
|switch|p2b: Sinistcha|Sinistcha, L50|100/100
|-heal|p2a: Milotic|85/100|[from] ability: Hospitality|[of] p2b: Sinistcha
|move|p1a: Garchomp|Earthquake|p2b: Sinistcha|[spread] p2a,p2b
|-immune|p1b: Rotom|[from] ability: Levitate
|-resisted|p2b: Sinistcha|1
|-damage|p2a: Milotic|53/100
|-damage|p2b: Sinistcha|80/100
|-damage|p1a: Garchomp|80/100|[from] item: Life Orb
|move|p1b: Rotom|Will-O-Wisp|p2a: Milotic
|-status|p2a: Milotic|brn
|move|p2a: Milotic|Hypnosis|p1a: Garchomp
|-status|p1a: Garchomp|slp|[from] move: Hypnosis
|
|-heal|p2a: Milotic|59/100 brn|[from] item: Leftovers
|-damage|p2a: Milotic|53/100 brn|[from] brn
|upkeep
|turn|3
|
|t:|1785355857
|switch|p1a: Sinistcha|Sinistcha, L50|100/100
|move|p1b: Rotom|Will-O-Wisp|p2b: Sinistcha
|-status|p2b: Sinistcha|brn
|move|p2a: Milotic|Coil|p2a: Milotic
|-boost|p2a: Milotic|atk|1
|-boost|p2a: Milotic|def|1
|-boost|p2a: Milotic|accuracy|1
|move|p2b: Sinistcha|Matcha Gotcha|p1a: Sinistcha|[spread] p1a,p1b
|-resisted|p1a: Sinistcha|1
|-supereffective|p1b: Rotom|1
|-damage|p1a: Sinistcha|89/100
|-heal|p2b: Sinistcha|85/100 brn|[from] drain|[of] p1a: Sinistcha
|-damage|p1b: Rotom|45/100
|-heal|p2b: Sinistcha|100/100 brn|[from] drain|[of] p1b: Rotom
|
|-heal|p1b: Rotom|50/100g|[from] item: Leftovers
|-heal|p2a: Milotic|59/100 brn|[from] item: Leftovers
|-damage|p2a: Milotic|53/100 brn|[from] brn
|-damage|p2b: Sinistcha|93/100 brn|[from] brn
|upkeep
|turn|4
|
|t:|1785355874
|move|p1b: Rotom|Electroweb|p2b: Sinistcha|[spread] p2a,p2b
|-supereffective|p2a: Milotic|1
|-resisted|p2b: Sinistcha|1
|-damage|p2a: Milotic|33/100 brn
|-damage|p2b: Sinistcha|86/100 brn
|-unboost|p2a: Milotic|spe|1
|-ability|p2a: Milotic|Competitive|boost
|-boost|p2a: Milotic|spa|2
|-unboost|p2b: Sinistcha|spe|1
|move|p1a: Sinistcha|Matcha Gotcha|p2a: Milotic|[spread] p2a,p2b
|-supereffective|p2a: Milotic|1
|-resisted|p2b: Sinistcha|1
|-damage|p2a: Milotic|3/100 brn
|-heal|p1a: Sinistcha|100/100|[from] drain|[of] p2a: Milotic
|-damage|p2b: Sinistcha|74/100 brn
|move|p2a: Milotic|Hypnosis|p1a: Sinistcha
|-status|p1a: Sinistcha|slp|[from] move: Hypnosis
|move|p2b: Sinistcha|Matcha Gotcha|p1b: Rotom|[spread] p1a,p1b
|-resisted|p1a: Sinistcha|1
|-supereffective|p1b: Rotom|1
|-damage|p1a: Sinistcha|89/100 slp
|-heal|p2b: Sinistcha|79/100 brn|[from] drain|[of] p1a: Sinistcha
|-damage|p1b: Rotom|0 fnt
|-heal|p2b: Sinistcha|100/100 brn|[from] drain|[of] p1b: Rotom
|faint|p1b: Rotom
|
|-heal|p2a: Milotic|9/100 brn|[from] item: Leftovers
|-damage|p2a: Milotic|3/100 brn|[from] brn
|-damage|p2b: Sinistcha|93/100 brn|[from] brn
|upkeep
|
|t:|1785355879
|switch|p1b: Floette|Floette-Eternal, L50, F|100/100
|turn|5
|
|t:|1785355884
|detailschange|p1b: Floette|Floette-Mega, L50, F
|-mega|p1b: Floette|Floette|Floettite
|-ability|p1b: Floette|Fairy Aura
|move|p2a: Milotic|Protect|p2a: Milotic
|-singleturn|p2a: Milotic|Protect
|move|p1b: Floette|Dazzling Gleam|p2a: Milotic|[spread] p2b
|-activate|p2a: Milotic|move: Protect
|-damage|p2b: Sinistcha|48/100 brn
|cant|p1a: Sinistcha|slp
|move|p2b: Sinistcha|Life Dew|p2b: Sinistcha|[spread] p2a,p2b
|-heal|p2a: Milotic|28/100 brn
|-heal|p2b: Sinistcha|73/100 brn
|
|-heal|p2a: Milotic|34/100 brn|[from] item: Leftovers
|-damage|p2a: Milotic|28/100 brn|[from] brn
|-damage|p2b: Sinistcha|67/100 brn|[from] brn
|upkeep
|turn|6
|
|t:|1785355897
|move|p1b: Floette|Dazzling Gleam|p2b: Sinistcha|[spread] p2a,p2b
|-damage|p2a: Milotic|0 fnt
|-damage|p2b: Sinistcha|23/100 brn
|faint|p2a: Milotic
|-curestatus|p1a: Sinistcha|slp|[msg]
|move|p1a: Sinistcha|Matcha Gotcha|p2b: Sinistcha
|-resisted|p2b: Sinistcha|1
|-damage|p2b: Sinistcha|8/100 brn
|-heal|p1a: Sinistcha|97/100|[from] drain|[of] p2b: Sinistcha
|move|p2b: Sinistcha|Life Dew|p2b: Sinistcha
|-heal|p2b: Sinistcha|33/100 brn
|
|-damage|p2b: Sinistcha|27/100 brn|[from] brn
|upkeep
|
|t:|1785355901
|switch|p2a: Ceruledge|Ceruledge, L50, M|100/100
|turn|7
|
|t:|1785355910
|switch|p1a: Garchomp|Garchomp, L50, M|80/100 slp
|move|p1b: Floette|Calm Mind|p1b: Floette
|-boost|p1b: Floette|spa|1
|-boost|p1b: Floette|spd|1
|move|p2a: Ceruledge|Bulk Up|p2a: Ceruledge
|-boost|p2a: Ceruledge|atk|1
|-boost|p2a: Ceruledge|def|1
|move|p2b: Sinistcha|Life Dew||[still]|[spread] p2a,p2b
|-fail|p2a: Ceruledge|heal
|-heal|p2b: Sinistcha|52/100 brn
|
|-damage|p2b: Sinistcha|46/100 brn|[from] brn
|upkeep
|turn|8
|
|t:|1785355924
|move|p2a: Ceruledge|Protect|p2a: Ceruledge
|-singleturn|p2a: Ceruledge|Protect
|cant|p1a: Garchomp|slp
|move|p1b: Floette|Dazzling Gleam|p2b: Sinistcha|[spread] p2b
|-activate|p2a: Ceruledge|move: Protect
|-damage|p2b: Sinistcha|0 fnt
|faint|p2b: Sinistcha
|
|upkeep
|
|t:|1785355931
|switch|p2b: Raichu|Raichu, L50, F|100/100
|turn|9
|
|t:|1785355938
|detailschange|p2b: Raichu|Raichu-Mega-Y, L50, F
|-mega|p2b: Raichu|Raichu|Raichunite Y
|move|p2b: Raichu|Fake Out|p1b: Floette
|-damage|p1b: Floette|90/100
|cant|p1a: Garchomp|slp
|cant|p1b: Floette|flinch
|move|p2a: Ceruledge|Bulk Up|p2a: Ceruledge
|-boost|p2a: Ceruledge|atk|1
|-boost|p2a: Ceruledge|def|1
|
|upkeep
|turn|10
|
|t:|1785355948
|move|p2b: Raichu|Protect|p2b: Raichu
|-singleturn|p2b: Raichu|Protect
|-curestatus|p1a: Garchomp|slp|[msg]
|move|p1a: Garchomp|Earthquake|p2a: Ceruledge|[spread] p1b,p2a
|-activate|p2b: Raichu|move: Protect
|-supereffective|p2a: Ceruledge|1
|-damage|p1b: Floette|32/100
|-damage|p2a: Ceruledge|39/100
|-damage|p1a: Garchomp|70/100|[from] item: Life Orb
|move|p1b: Floette|Draining Kiss|p2b: Raichu
|-activate|p2b: Raichu|move: Protect
|move|p2a: Ceruledge|Bitter Blade|p1b: Floette
|-damage|p1b: Floette|0 fnt
|-heal|p2a: Ceruledge|56/100|[from] drain|[of] p1b: Floette
|faint|p1b: Floette
|
|upkeep
|
|t:|1785355951
|switch|p1b: Sinistcha|Sinistcha, L50|97/100
|-heal|p1a: Garchomp|95/100|[from] ability: Hospitality|[of] p1b: Sinistcha
|turn|11
|
|t:|1785355978
|move|p1b: Sinistcha|Rage Powder|p1b: Sinistcha
|-singleturn|p1b: Sinistcha|move: Rage Powder
|move|p2b: Raichu|Focus Blast|p1b: Sinistcha
|-immune|p1b: Sinistcha
|move|p1a: Garchomp|Earthquake|p2b: Raichu|[spread] p1b,p2a,p2b
|-resisted|p1b: Sinistcha|1
|-supereffective|p2a: Ceruledge|1
|-supereffective|p2b: Raichu|1
|-damage|p1b: Sinistcha|75/100
|-damage|p2a: Ceruledge|4/100
|-damage|p2b: Raichu|0 fnt
|faint|p2b: Raichu
|-damage|p1a: Garchomp|85/100|[from] item: Life Orb
|move|p2a: Ceruledge|Bitter Blade|p1b: Sinistcha
|-supereffective|p1b: Sinistcha|1
|-damage|p1b: Sinistcha|0 fnt
|-heal|p2a: Ceruledge|41/100|[from] drain|[of] p1b: Sinistcha
|faint|p1b: Sinistcha
|
|upkeep
|turn|12
|
|t:|1785355993
|move|p1a: Garchomp|Earthquake|p2a: Ceruledge
|-supereffective|p2a: Ceruledge|1
|-damage|p2a: Ceruledge|0 fnt
|faint|p2a: Ceruledge
|-damage|p1a: Garchomp|75/100|[from] item: Life Orb
|
|win|breloomb01
||ciuk88 is ready for game 2.
||breloomb01 is ready for game 2.
|uhtml|next|Next: Game 2 of 3
|l|☆ciuk88
|player|p2|
