|j|☆AllySwitch24
|j|☆manilareferrals
|html|AllySwitch24manilareferrals    
|uhtml|bestof|Game 2 of a best-of-3
|t:|1785920680
|gametype|doubles
|player|p1|AllySwitch24|elesa|1143
|player|p2|manilareferrals|266|1312
|gen|9
|tier|[Gen 9 Champions] VGC 2026 Reg M-B (Bo3)
|rated|
|rule|Species Clause: Limit one of each Pokémon
|rule|Item Clause: Limit 1 of each item
|clearpoke
|poke|p1|Raichu, L50, M|
|poke|p1|Basculegion, L50, M|
|poke|p1|Corviknight, L50, F|
|poke|p1|Rotom-Heat, L50|
|poke|p1|Vanilluxe, L50, F|
|poke|p1|Chesnaught, L50, M|
|poke|p2|Maushold, L50|
|poke|p2|Staraptor, L50, F|
|poke|p2|Gholdengo, L50|
|poke|p2|Sinistcha, L50|
|poke|p2|Arcanine-Hisui, L50, M|
|poke|p2|Kingambit, L50, F|
|teampreview|4
|showteam|p1|Raichu||RaichuniteY|Static|ZapCannon,FocusBlast,FakeOut,Protect|Timid||M|||50|]Basculegion||MysticWater|Adaptability|AquaJet,LastRespects,WaveCrash,Protect|Jolly||M|||50|]Corviknight||Leftovers|MirrorArmor|BraveBird,IronHead,Protect,BulkUp|Impish||F|||50|]Rotom-Heat||SitrusBerry|Levitate|Overheat,Thunderbolt,WillOWisp,NastyPlot|Modest|||||50|]Vanilluxe||FocusSash|SnowWarning|Blizzard,FreezeDry,IcyWind,Protect|Timid||F|||50|]Chesnaught||Chesnaughtite|Bulletproof|DrainPunch,HighHorsepower,WoodHammer,SpikyShield|Adamant||M|||50|
|showteam|p2|Maushold||ChopleBerry|FriendGuard|FollowMe,SuperFang,Charm,Protect|Timid|||||50|]Staraptor||Staraptite|Intimidate|CloseCombat,BraveBird,Roost,Protect|Jolly||F|||50|]Gholdengo||LifeOrb|GoodasGold|NastyPlot,MakeItRain,ShadowBall,Protect|Modest|||||50|]Sinistcha||SitrusBerry|Hospitality|RagePowder,MatchaGotcha,TrickRoom,Protect|Calm|||||50|]Arcanine-Hisui||FocusSash|RockHead|FlareBlitz,HeadSmash,ExtremeSpeed,Protect|Jolly||M|||50|]Kingambit||OccaBerry|Defiant|KowtowCleave,SuckerPunch,IronHead,Protect|Brave||F|||50|
|
|t:|1785920737
|teamsize|p1|4
|teamsize|p2|4
|start
|switch|p1a: Raichu|Raichu, L50, M|100/100
|switch|p1b: Vanilluxe|Vanilluxe, L50, F|100/100
|switch|p2a: Maushold|Maushold, L50|100/100
|switch|p2b: Staraptor|Staraptor, L50, F|100/100
|-ability|p2b: Staraptor|Intimidate|boost
|-unboost|p1a: Raichu|atk|1
|-unboost|p1b: Vanilluxe|atk|1
|-weather|Snowscape|[from] ability: Snow Warning|[of] p1b: Vanilluxe
|turn|1
|inactive|Battle timer is ON: inactive players will automatically lose when time's up. (requested by manilareferrals)
|
|t:|1785920766
|detailschange|p1a: Raichu|Raichu-Mega-Y, L50, M
|-mega|p1a: Raichu|Raichu|Raichunite Y
|detailschange|p2b: Staraptor|Staraptor-Mega, L50, F
|-mega|p2b: Staraptor|Staraptor|Staraptite
|move|p2a: Maushold|Protect|p2a: Maushold
|-singleturn|p2a: Maushold|Protect
|move|p2b: Staraptor|Protect|p2b: Staraptor
|-singleturn|p2b: Staraptor|Protect
|move|p1a: Raichu|Zap Cannon|p2a: Maushold
|-activate|p2a: Maushold|move: Protect
|move|p1b: Vanilluxe|Blizzard|p2b: Staraptor|[spread] 
|-activate|p2a: Maushold|move: Protect
|-activate|p2b: Staraptor|move: Protect
|
|-weather|Snowscape|[upkeep]
|upkeep
|turn|2
|
|t:|1785920785
|move|p2a: Maushold|Follow Me|p2a: Maushold
|-singleturn|p2a: Maushold|move: Follow Me
|move|p1a: Raichu|Zap Cannon|p2a: Maushold
|-damage|p2a: Maushold|14/100
|-status|p2a: Maushold|par
|move|p2b: Staraptor|Close Combat|p1a: Raichu
|-damage|p1a: Raichu|0 fnt
|-boost|p2b: Staraptor|def|1
|-boost|p2b: Staraptor|spd|1
|faint|p1a: Raichu
|move|p1b: Vanilluxe|Blizzard|p2b: Staraptor|[spread] p2a,p2b
|-supereffective|p2b: Staraptor|1
|-damage|p2a: Maushold|0 fnt
|-damage|p2b: Staraptor|63/100
|faint|p2a: Maushold
|
|-weather|Snowscape|[upkeep]
|upkeep
|inactive|manilareferrals has 30 seconds left.
|
|t:|1785920815
|switch|p1a: Rotom|Rotom-Heat, L50|100/100
|switch|p2a: Kingambit|Kingambit, L50, F|100/100
|turn|3
|
|t:|1785920829
|move|p2b: Staraptor|Protect|p2b: Staraptor
|-singleturn|p2b: Staraptor|Protect
|move|p1b: Vanilluxe|Protect|p1b: Vanilluxe
|-singleturn|p1b: Vanilluxe|Protect
|move|p1a: Rotom|Will-O-Wisp|p2b: Staraptor
|-activate|p2b: Staraptor|move: Protect
|move|p2a: Kingambit|Kowtow Cleave|p1a: Rotom
|-damage|p1a: Rotom|53/100
|
|-weather|Snowscape|[upkeep]
|upkeep
|turn|4
|
|t:|1785920850
|move|p2b: Staraptor|Close Combat|p1b: Vanilluxe
|-supereffective|p1b: Vanilluxe|1
|-enditem|p1b: Vanilluxe|Focus Sash
|-damage|p1b: Vanilluxe|1/100
|-boost|p2b: Staraptor|def|1
|-boost|p2b: Staraptor|spd|1
|move|p1b: Vanilluxe|Freeze-Dry|p2b: Staraptor
|-supereffective|p2b: Staraptor|1
|-damage|p2b: Staraptor|28/100
|move|p1a: Rotom|Will-O-Wisp|p2a: Kingambit
|-status|p2a: Kingambit|brn
|move|p2a: Kingambit|Kowtow Cleave|p1b: Vanilluxe
|-damage|p1b: Vanilluxe|0 fnt
|faint|p1b: Vanilluxe
|
|-weather|Snowscape|[upkeep]
|-damage|p2a: Kingambit|94/100 brn|[from] brn
|upkeep
|
|t:|1785920869
|switch|p1b: Basculegion|Basculegion, L50, M|100/100
|turn|5
|inactive|manilareferrals has 30 seconds left.
|inactive|manilareferrals has 20 seconds left.
|inactive|manilareferrals has 15 seconds left.
|
|t:|1785920914
|move|p1b: Basculegion|Protect|p1b: Basculegion
|-singleturn|p1b: Basculegion|Protect
|move|p2b: Staraptor|Roost|p2b: Staraptor
|-heal|p2b: Staraptor|78/100
|-singleturn|p2b: Staraptor|move: Roost
|move|p1a: Rotom|Thunderbolt|p2b: Staraptor
|-damage|p2b: Staraptor|58/100
|move|p2a: Kingambit|Kowtow Cleave|p1b: Basculegion
|-activate|p1b: Basculegion|move: Protect
|
|-weather|none
|-damage|p2a: Kingambit|88/100 brn|[from] brn
|upkeep
|turn|6
|inactive|AllySwitch24 has 30 seconds left.
|
|t:|1785920941
|move|p2a: Kingambit|Sucker Punch|p1b: Basculegion
|-supereffective|p1b: Basculegion|1
|-damage|p1b: Basculegion|47/100
|move|p2b: Staraptor|Brave Bird|p1b: Basculegion
|-damage|p1b: Basculegion|0 fnt
|faint|p1b: Basculegion
|-damage|p2b: Staraptor|42/100|[from] Recoil
|move|p1a: Rotom|Will-O-Wisp|p2b: Staraptor
|-status|p2b: Staraptor|brn
|
|-damage|p2b: Staraptor|36/100 brn|[from] brn
|-damage|p2a: Kingambit|82/100 brn|[from] brn
|upkeep
|turn|7
|
|t:|1785920961
|switch|p2a: Sinistcha|Sinistcha, L50|100/100
|-heal|p2b: Staraptor|61/100 brn|[from] ability: Hospitality|[of] p2a: Sinistcha
|move|p2b: Staraptor|Roost|p2b: Staraptor
|-heal|p2b: Staraptor|100/100 brn
|-singleturn|p2b: Staraptor|move: Roost
|move|p1a: Rotom|Thunderbolt|p2b: Staraptor
|-damage|p2b: Staraptor|81/100 brn
|
|-damage|p2b: Staraptor|75/100 brn|[from] brn
|upkeep
|turn|8
|inactive|AllySwitch24 has 30 seconds left.
|inactive|AllySwitch24 has 20 seconds left.
|inactive|AllySwitch24 has 15 seconds left.
|inactive|AllySwitch24 has 10 seconds left.
|inactive|AllySwitch24 has 5 seconds left.
|
|t:|1785921015
|move|p2a: Sinistcha|Rage Powder|p2a: Sinistcha
|-singleturn|p2a: Sinistcha|move: Rage Powder
|move|p2b: Staraptor|Close Combat|p1a: Rotom
|-damage|p1a: Rotom|26/100
|-boost|p2b: Staraptor|def|1
|-boost|p2b: Staraptor|spd|1
|-enditem|p1a: Rotom|Sitrus Berry|[eat]
|-heal|p1a: Rotom|51/100|[from] item: Sitrus Berry
|move|p1a: Rotom|Nasty Plot|p1a: Rotom
|-boost|p1a: Rotom|spa|2
|
|-damage|p2b: Staraptor|69/100 brn|[from] brn
|upkeep
|turn|9
|-message|AllySwitch24 forfeited.
|
|win|manilareferrals
||manilareferrals is ready for game 3.
|inactive|AllySwitch24 has 30 seconds to confirm battle start!
||AllySwitch24 is ready for game 3.
|uhtml|next|Next: Game 3 of 3
