|j|☆SpudMaggoo
|j|‽IshtarVGC26
|html|SpudMaggooIshtarVGC26    
|uhtml|bestof|Game 1 of a best-of-3
|t:|1757662401
|gametype|doubles
|player|p1|SpudMaggoo|266|1092
|player|p2|IshtarVGC26|juan|1214
|gen|9
|tier|[Gen 9] VGC 2025 Reg H (Bo3)
|rated|
|rule|Species Clause: Limit one of each Pokémon
|rule|Item Clause: Limit 1 of each item
|clearpoke
|poke|p1|Breloom, L50, M|
|poke|p1|Gengar, L50, F|
|poke|p1|Whimsicott, L50, M|
|poke|p1|Ursaluna-Bloodmoon, L50, M|
|poke|p1|Incineroar, L50, M|
|poke|p1|Zebstrika, L50, M|
|poke|p2|Tyranitar, L50, M|
|poke|p2|Excadrill, L50, F|
|poke|p2|Sinistcha-Masterpiece, L50|
|poke|p2|Primarina, L50, M|
|poke|p2|Volcarona, L50, M|
|poke|p2|Braviary, L50, M|
|teampreview|4
|showteam|p1|Breloom||LoadedDice|Technician|BulletSeed,Protect,Spore,MachPunch|||M|||50|,,,,,Steel]Gengar||ChoiceSpecs|CursedBody|Psychic,ShadowBall,DazzlingGleam,SludgeBomb|||F|||50|,,,,,Dark]Whimsicott||FocusSash|Prankster|Endeavor,Encore,Moonblast,Tailwind|||M|||50|,,,,,Ghost]Ursaluna-Bloodmoon||LifeOrb|MindsEye|BloodMoon,Protect,EarthPower,HyperVoice|||M|||50|,,,,,Normal]Incineroar||AssaultVest|Intimidate|Uturn,FlareBlitz,KnockOff,FakeOut|||M|||50|,,,,,Fire]Zebstrika||Leftovers|LightningRod|ThunderWave,HighHorsepower,Protect,EerieImpulse|||M|||50|,,,,,Fairy
|showteam|p2|Tyranitar||AssaultVest|SandStream|RockSlide,KnockOff,TeraBlast,BrickBreak|||M|||50|,,,,,Flying]Excadrill||FocusSash|SandRush|Protect,DrillRun,Earthquake,IronHead|||F|||50|,,,,,Dragon]Sinistcha-Masterpiece||RockyHelmet|Hospitality|LifeDew,RagePowder,MatchaGotcha,TrickRoom||||||50|,,,,,Water]Primarina||ThroatSpray|LiquidVoice|Protect,HyperVoice,Moonblast,Haze|||M|||50|,,,,,Water]Volcarona||SitrusBerry|FlameBody|Protect,FieryDance,GigaDrain,QuiverDance|||M|||50|,,,,,Dragon]Braviary||SafetyGoggles|Defiant|Protect,BraveBird,CloseCombat,Tailwind|||M|||50|,,,,,Ghost
|
|t:|1757662454
|teamsize|p1|4
|teamsize|p2|4
|start
|switch|p1a: Whimsicott|Whimsicott, L50, M|100/100
|switch|p1b: Ursaluna|Ursaluna-Bloodmoon, L50, M|100/100
|switch|p2a: Sinistcha|Sinistcha-Masterpiece, L50|100/100
|switch|p2b: Braviary|Braviary, L50, M|100/100
|turn|1
|
|t:|1757662498
|move|p1a: Whimsicott|Moonblast|p2b: Braviary
|-damage|p2b: Braviary|54/100
|move|p2b: Braviary|Close Combat|p1b: Ursaluna
|-supereffective|p1b: Ursaluna
|-damage|p1b: Ursaluna|43/100
|-unboost|p2b: Braviary|def|1
|-unboost|p2b: Braviary|spd|1
|move|p2a: Sinistcha|Matcha Gotcha|p1b: Ursaluna|[spread] p1b
|-miss|p2a: Sinistcha|p1a: Whimsicott
|-supereffective|p1b: Ursaluna
|-damage|p1b: Ursaluna|0 fnt
|faint|p1b: Ursaluna
|
|upkeep
|
|t:|1757662513
|switch|p1b: Gengar|Gengar, L50, F|100/100
|turn|2
|
|t:|1757662533
|switch|p2b: Excadrill|Excadrill, L50, F, shiny|100/100
|move|p1a: Whimsicott|Encore|p2a: Sinistcha
|-start|p2a: Sinistcha|Encore
|move|p1b: Gengar|Dazzling Gleam|p2b: Excadrill|[spread] p2a,p2b
|-resisted|p2b: Excadrill
|-damage|p2a: Sinistcha|72/100
|-damage|p2b: Excadrill|80/100
|move|p2a: Sinistcha|Matcha Gotcha|p1a: Whimsicott|[spread] p1a,p1b
|-resisted|p1a: Whimsicott
|-resisted|p1b: Gengar
|-damage|p1a: Whimsicott|80/100
|-heal|p2a: Sinistcha|80/100|[from] drain|[of] p1a: Whimsicott
|-damage|p1b: Gengar|82/100
|-heal|p2a: Sinistcha|88/100|[from] drain|[of] p1b: Gengar
|
|upkeep
|turn|3
|
|t:|1757662557
|switch|p1b: Breloom|Breloom, L50, M, shiny|100/100
|switch|p2a: Tyranitar|Tyranitar, L50, M|100/100
|-weather|Sandstorm|[from] ability: Sand Stream|[of] p2a: Tyranitar
|move|p1a: Whimsicott|Tailwind|p1a: Whimsicott
|-sidestart|p1: SpudMaggoo|move: Tailwind
|move|p2b: Excadrill|Drill Run|p1b: Breloom
|-resisted|p1b: Breloom
|-damage|p1b: Breloom|71/100
|
|-weather|Sandstorm|[upkeep]
|-damage|p1a: Whimsicott|74/100|[from] Sandstorm
|-damage|p1b: Breloom|65/100|[from] Sandstorm
|upkeep
|turn|4
|
|t:|1757662596
|switch|p2a: Sinistcha|Sinistcha-Masterpiece, L50|88/100
|-heal|p2b: Excadrill|100/100|[from] ability: Hospitality|[of] p2a: Sinistcha
|move|p1a: Whimsicott|Moonblast|p2a: Sinistcha
|-damage|p2a: Sinistcha|56/100
|-unboost|p2a: Sinistcha|spa|1
|move|p2b: Excadrill|Iron Head|p1b: Breloom
|-damage|p1b: Breloom|0 fnt
|faint|p1b: Breloom
|
|-weather|Sandstorm|[upkeep]
|-damage|p1a: Whimsicott|68/100|[from] Sandstorm
|-damage|p2a: Sinistcha|49/100|[from] Sandstorm
|upkeep
|
|t:|1757662606
|switch|p1b: Gengar|Gengar, L50, F|82/100
|turn|5
|
|t:|1757662655
|-terastallize|p1b: Gengar|Dark
|move|p2a: Sinistcha|Rage Powder|p2a: Sinistcha
|-singleturn|p2a: Sinistcha|move: Rage Powder
|move|p1a: Whimsicott|Moonblast|p2b: Excadrill
|-resisted|p2b: Excadrill
|-damage|p2b: Excadrill|78/100
|move|p1b: Gengar|Shadow Ball|p2a: Sinistcha
|-supereffective|p2a: Sinistcha
|-damage|p2a: Sinistcha|0 fnt
|faint|p2a: Sinistcha
|move|p2b: Excadrill|Earthquake|p1a: Whimsicott|[spread] p1a,p1b
|-resisted|p1a: Whimsicott
|-damage|p1a: Whimsicott|39/100
|-damage|p1b: Gengar|0 fnt
|faint|p1b: Gengar
|
|-weather|Sandstorm|[upkeep]
|-damage|p1a: Whimsicott|33/100|[from] Sandstorm
|upkeep
|
|t:|1757662671
|switch|p2a: Braviary|Braviary, L50, M|54/100
|turn|6
|
|t:|1757662681
|move|p1a: Whimsicott|Endeavor|p2a: Braviary
|-damage|p2a: Braviary|26/100
|move|p2b: Excadrill|Iron Head|p1a: Whimsicott
|-supereffective|p1a: Whimsicott
|-damage|p1a: Whimsicott|0 fnt
|faint|p1a: Whimsicott
|
|win|IshtarVGC26
||SpudMaggoo is ready for game 2.
|inactive|IshtarVGC26 has 30 seconds to confirm battle start!
|inactive|IshtarVGC26 has 20 seconds to confirm battle start!
|inactive|IshtarVGC26 has 10 seconds to confirm battle start!
|uhtml|next|Next: Game 2 of 3
