|j|‽sudoz
|j|☆PTP_VGC
|html|sudozPTP_VGC    
|uhtml|bestof|Game 2 of a best-of-3
|t:|1756238158
|gametype|doubles
|player|p1|sudoz|iris-gen5bw2|1342
|player|p2|PTP_VGC|102|1290
|gen|9
|tier|[Gen 9] VGC 2025 Reg H (Bo3)
|rated|
|rule|Species Clause: Limit one of each Pokémon
|rule|Item Clause: Limit 1 of each item
|clearpoke
|poke|p1|Incineroar, L50, F|
|poke|p1|Gholdengo, L50|
|poke|p1|Amoonguss, L50, F|
|poke|p1|Hydreigon, L50, M|
|poke|p1|Porygon2, L50|
|poke|p1|Ursaluna, L50, M|
|poke|p2|Incineroar, L50, F|
|poke|p2|Weezing, L50, M|
|poke|p2|Porygon2, L50|
|poke|p2|Annihilape, L50, F|
|poke|p2|Pawmot, L50, F|
|poke|p2|Toedscruel, L50, F|
|teampreview|4
|showteam|p1|Incineroar||SitrusBerry|Intimidate|FakeOut,KnockOff,FlareBlitz,PartingShot|||F|||50|,,,,,Ghost]Gholdengo||MetalCoat|GoodasGold|Protect,NastyPlot,MakeItRain,ShadowBall||||||50|,,,,,Water]Amoonguss||RockyHelmet|Regenerator|Protect,Spore,RagePowder,PollenPuff|||F|||50|,,,,,Fairy]Hydreigon||SafetyGoggles|Levitate|Protect,DracoMeteor,Snarl,Tailwind|||M|||50|,,,,,Ghost]Porygon2||Eviolite|Download|Recover,IceBeam,TeraBlast,TrickRoom||||||50|,,,,,Fighting]Ursaluna||FlameOrb|Guts|Protect,Earthquake,Facade,HeadlongRush|||M|||50|,,,,,Ghost
|showteam|p2|Incineroar||AbilityShield|Intimidate|FlareBlitz,KnockOff,PartingShot,FakeOut|||F|||50|,,,,,Ghost]Weezing||SitrusBerry|NeutralizingGas|SludgeBomb,WillOWisp,Taunt,Protect|||M|||50|,,,,,Grass]Porygon2||Eviolite|Download|TeraBlast,IceBeam,Recover,TrickRoom||||||50|,,,,,Water]Annihilape||Leftovers|Defiant|DrainPunch,RageFist,BulkUp,Protect|||F|||50|,,,,,Water]Pawmot||FocusSash|NaturalCure|DoubleShock,CloseCombat,RevivalBlessing,Protect|||F|||50|,,,,,Stellar]Toedscruel||LifeOrb|MyceliumMight|EarthPower,EnergyBall,Spore,RagePowder|||F|||50|,,,,,Water
|inactive|Battle timer is ON: inactive players will automatically lose when time's up. (requested by PTP_VGC)
|inactive|sudoz has 60 seconds left.
|inactive|PTP_VGC has 60 seconds left.
|
|t:|1756238205
|teamsize|p1|4
|teamsize|p2|4
|start
|switch|p1a: Gholdengo|Gholdengo, L50|100/100
|switch|p1b: Amoonguss|Amoonguss, L50, F|100/100
|switch|p2a: Annihilape|Annihilape, L50, F|100/100
|switch|p2b: Incineroar|Incineroar, L50, F|100/100
|-ability|p2b: Incineroar|Intimidate|boost
|-unboost|p1a: Gholdengo|atk|1
|-unboost|p1b: Amoonguss|atk|1
|turn|1
|inactive|PTP_VGC has 30 seconds left.
|inactive|sudoz has 30 seconds left.
|inactive|PTP_VGC has 20 seconds left.
|inactive|sudoz has 20 seconds left.
|inactive|PTP_VGC has 15 seconds left.
|inactive|PTP_VGC has 10 seconds left.
|
|t:|1756238251
|move|p1a: Gholdengo|Nasty Plot|p1a: Gholdengo
|-boost|p1a: Gholdengo|spa|2
|move|p2a: Annihilape|Bulk Up|p2a: Annihilape
|-boost|p2a: Annihilape|atk|1
|-boost|p2a: Annihilape|def|1
|move|p2b: Incineroar|Knock Off|p1a: Gholdengo
|-supereffective|p1a: Gholdengo
|-damage|p1a: Gholdengo|17/100
|-enditem|p1a: Gholdengo|Metal Coat|[from] move: Knock Off|[of] p2b: Incineroar
|move|p1b: Amoonguss|Spore|p2a: Annihilape
|-status|p2a: Annihilape|slp|[from] move: Spore
|
|upkeep
|turn|2
|inactive|sudoz has 30 seconds left.
|inactive|PTP_VGC has 30 seconds left.
|inactive|sudoz has 20 seconds left.
|inactive|sudoz has 15 seconds left.
|inactive|sudoz has 10 seconds left.
|inactive|sudoz has 5 seconds left.
|
|t:|1756238303
|-terastallize|p2a: Annihilape|Water
|move|p1a: Gholdengo|Make It Rain|p2b: Incineroar|[spread] p2a,p2b
|-resisted|p2a: Annihilape
|-resisted|p2b: Incineroar
|-damage|p2a: Annihilape|67/100 slp
|-damage|p2b: Incineroar|68/100
|-unboost|p1a: Gholdengo|spa|1
|cant|p2a: Annihilape|slp
|move|p2b: Incineroar|Flare Blitz|p1a: Gholdengo
|-supereffective|p1a: Gholdengo
|-damage|p1a: Gholdengo|0 fnt
|faint|p1a: Gholdengo
|-damage|p2b: Incineroar|63/100|[from] Recoil
|move|p1b: Amoonguss|Spore|p2b: Incineroar
|-status|p2b: Incineroar|slp|[from] move: Spore
|
|-heal|p2a: Annihilape|73/100 slp|[from] item: Leftovers
|upkeep
|
|t:|1756238318
|switch|p1a: Porygon2|Porygon2, L50|100/100
|-ability|p1a: Porygon2|Download|boost
|-boost|p1a: Porygon2|spa|1
|turn|3
|inactive|sudoz has 30 seconds left.
|
|t:|1756238344
|move|p1b: Amoonguss|Rage Powder|p1b: Amoonguss
|-singleturn|p1b: Amoonguss|move: Rage Powder
|cant|p2a: Annihilape|slp
|cant|p2b: Incineroar|slp
|move|p1a: Porygon2|Trick Room|p1a: Porygon2
|-fieldstart|move: Trick Room|[of] p1a: Porygon2
|
|-heal|p2a: Annihilape|79/100 slp|[from] item: Leftovers
|upkeep
|turn|4
|
|t:|1756238366
|move|p1b: Amoonguss|Rage Powder|p1b: Amoonguss
|-singleturn|p1b: Amoonguss|move: Rage Powder
|move|p1a: Porygon2|Tera Blast|p2a: Annihilape
|-damage|p2a: Annihilape|33/100 slp
|cant|p2b: Incineroar|slp
|-curestatus|p2a: Annihilape|slp|[msg]
|move|p2a: Annihilape|Rage Fist|p1b: Amoonguss
|-damage|p1b: Amoonguss|12/100
|-damage|p2a: Annihilape|16/100|[from] item: Rocky Helmet|[of] p1b: Amoonguss
|
|-heal|p2a: Annihilape|23/100|[from] item: Leftovers
|upkeep
|turn|5
|
|t:|1756238387
|switch|p1b: Hydreigon|Hydreigon, L50, M|100/100
|-terastallize|p1a: Porygon2|Fighting
|move|p2a: Annihilape|Protect|p2a: Annihilape
|-singleturn|p2a: Annihilape|Protect
|move|p1a: Porygon2|Tera Blast|p2b: Incineroar|[anim] Tera Blast Fighting
|-supereffective|p2b: Incineroar
|-damage|p2b: Incineroar|0 fnt
|faint|p2b: Incineroar
|
|-heal|p2a: Annihilape|29/100|[from] item: Leftovers
|upkeep
|
|t:|1756238398
|switch|p2b: gbombsz|Toedscruel, L50, F|100/100
|turn|6
|
|t:|1756238413
|move|p2b: gbombsz|Rage Powder|p2b: gbombsz
|-singleturn|p2b: gbombsz|move: Rage Powder
|move|p1a: Porygon2|Tera Blast|p2b: gbombsz|[anim] Tera Blast Fighting
|-damage|p2b: gbombsz|46/100
|move|p2a: Annihilape|Drain Punch|p1b: Hydreigon
|-supereffective|p1b: Hydreigon
|-damage|p1b: Hydreigon|0 fnt
|-heal|p2a: Annihilape|73/100|[from] drain|[of] p1b: Hydreigon
|faint|p1b: Hydreigon
|
|-heal|p2a: Annihilape|79/100|[from] item: Leftovers
|upkeep
|
|t:|1756238421
|switch|p1b: Amoonguss|Amoonguss, L50, F|45/100
|turn|7
|
|t:|1756238435
|switch|p2b: Adr. & Adr.|Weezing, L50, M|100/100
|-ability|p2b: Adr. & Adr.|Neutralizing Gas
|move|p2a: Annihilape|Protect|p2a: Annihilape
|-singleturn|p2a: Annihilape|Protect
|move|p1b: Amoonguss|Spore|p2a: Annihilape
|-activate|p2a: Annihilape|move: Protect
|move|p1a: Porygon2|Tera Blast|p2b: Adr. & Adr.|[anim] Tera Blast Fighting
|-resisted|p2b: Adr. & Adr.
|-damage|p2b: Adr. & Adr.|71/100
|
|-heal|p2a: Annihilape|86/100|[from] item: Leftovers
|-fieldend|move: Trick Room
|upkeep
|turn|8
|
|t:|1756238443
|move|p1b: Amoonguss|Protect|p1b: Amoonguss
|-singleturn|p1b: Amoonguss|Protect
|move|p2a: Annihilape|Rage Fist|p1b: Amoonguss
|-activate|p1b: Amoonguss|move: Protect
|move|p2b: Adr. & Adr.|Taunt|p1a: Porygon2
|-start|p1a: Porygon2|move: Taunt
|cant|p1a: Porygon2|move: Taunt|Trick Room
|
|-heal|p2a: Annihilape|92/100|[from] item: Leftovers
|upkeep
|turn|9
|-message|sudoz forfeited.
|
|win|PTP_VGC
|raw|sudoz's rating: 1342 → 1319(-23 for losing)
|raw|PTP_VGC's rating: 1290 → 1319(+29 for winning)
|l|‽sudoz
|player|p1|
