|j|☆washingtongargacha
|j|☆MSAtlos
|html|washingtongargachaMSAtlos    
|uhtml|bestof|Game 2 of a best-of-3
|t:|1757196782
|gametype|doubles
|player|p1|washingtongargacha|169|1165
|player|p2|MSAtlos|169|1156
|gen|9
|tier|[Gen 9] VGC 2025 Reg H (Bo3)
|rated|
|rule|Species Clause: Limit one of each Pokémon
|rule|Item Clause: Limit 1 of each item
|clearpoke
|poke|p1|Talonflame, L50, M|
|poke|p1|Gholdengo, L50|
|poke|p1|Dragonite, L50, F|
|poke|p1|Archaludon, L50, M|
|poke|p1|Tyranitar, L50, M|
|poke|p1|Garchomp, L50, M|
|poke|p2|Baxcalibur, L50, F|
|poke|p2|Rillaboom, L50, M|
|poke|p2|Sneasler, L50, F|
|poke|p2|Volcarona, L50, M|
|poke|p2|Annihilape, L50, F|
|poke|p2|Maushold-Four, L50|
|teampreview|4
|showteam|p1|Talonflame||CovertCloak|GaleWings|Tailwind,DualWingbeat,Taunt,FlareBlitz|||M|||50|,,,,,Ghost]Gholdengo||ChoiceSpecs|GoodasGold|MakeItRain,SteelBeam,ShadowBall,PowerGem||||||50|,,,,,Flying]Dragonite||LoadedDice|Multiscale|ScaleShot,IceSpinner,Haze,Protect|||F|||50|,,,,,Steel]Archaludon||PowerHerb|Sturdy|FlashCannon,ElectroShot,DracoMeteor,Protect|||M|||50|,,,,,Flying]Tyranitar||AssaultVest|SandStream|KnockOff,RockSlide,TeraBlast,LowKick|||M|||50|,,,,,Flying]Garchomp||LifeOrb|RoughSkin|DragonClaw,StompingTantrum,Earthquake,Protect|||M|||50|,,,,,Steel
|showteam|p2|Baxcalibur||LoadedDice|ThermalExchange|Protect,IcicleSpear,ScaleShot,IceShard|||F|||50|,,,,,Poison]Rillaboom||AssaultVest|GrassySurge|WoodHammer,GrassyGlide,FakeOut,HighHorsepower|||M|||50|,,,,,Water]Sneasler||FocusSash|Unburden|Protect,CloseCombat,DireClaw,Coaching|||F|||50|,,,,,Stellar]Volcarona||CovertCloak|FlameBody|HeatWave,TeraBlast,QuiverDance,RagePowder|||M|||50|,,,,,Fairy]Annihilape||SitrusBerry|Defiant|DrainPunch,RageFist,BulkUp,Protect|||F|||50|,,,,,Fire]Maushold-Four||SafetyGoggles|FriendGuard|BeatUp,Taunt,FollowMe,Protect||||||50|,,,,,Ghost
|
|t:|1757196804
|teamsize|p1|4
|teamsize|p2|4
|start
|switch|p1a: Talonflame|Talonflame, L50, M|100/100
|switch|p1b: Gholdengo|Gholdengo, L50|100/100
|switch|p2a: Annihilape|Annihilape, L50, F|100/100
|switch|p2b: Maushold|Maushold-Four, L50|100/100
|turn|1
|
|t:|1757196845
|-terastallize|p2a: Annihilape|Fire
|-terastallize|p1b: Gholdengo|Flying
|move|p1a: Talonflame|Tailwind|p1a: Talonflame
|-sidestart|p1: washingtongargacha|move: Tailwind
|move|p1b: Gholdengo|Make It Rain|p2a: Annihilape|[spread] p2a,p2b
|-resisted|p2a: Annihilape
|-damage|p2a: Annihilape|74/100
|-damage|p2b: Maushold|9/100
|-unboost|p1b: Gholdengo|spa|1
|move|p2b: Maushold|Beat Up|p2a: Annihilape
|-damage|p2a: Annihilape|71/100
|-damage|p2a: Annihilape|69/100
|-damage|p2a: Annihilape|66/100
|-damage|p2a: Annihilape|64/100
|-hitcount|p2a: Annihilape|4
|move|p2a: Annihilape|Rage Fist|p1b: Gholdengo
|-damage|p1b: Gholdengo|0 fnt
|faint|p1b: Gholdengo
|
|upkeep
|
|t:|1757196864
|switch|p1b: Garchomp|Garchomp, L50, M|100/100
|turn|2
|
|t:|1757196898
|switch|p2b: Sneasler|Sneasler, L50, F|100/100
|move|p2a: Annihilape|Protect|p2a: Annihilape
|-singleturn|p2a: Annihilape|Protect
|move|p1a: Talonflame|Dual Wingbeat|p2a: Annihilape
|-activate|p2a: Annihilape|move: Protect
|move|p1b: Garchomp|Earthquake|p2b: Sneasler|[spread] p2b
|-activate|p2a: Annihilape|move: Protect
|-immune|p1a: Talonflame
|-supereffective|p2b: Sneasler
|-enditem|p2b: Sneasler|Focus Sash
|-damage|p2b: Sneasler|1/100
|-damage|p1b: Garchomp|91/100|[from] item: Life Orb
|
|upkeep
|turn|3
|
|t:|1757196938
|switch|p2a: Maushold|Maushold-Four, L50|9/100
|move|p1a: Talonflame|Dual Wingbeat|p2b: Sneasler
|-supereffective|p2b: Sneasler
|-damage|p2b: Sneasler|0 fnt
|faint|p2b: Sneasler
|-hitcount|p2: Sneasler|1
|move|p1b: Garchomp|Earthquake|p2a: Maushold|[spread] p2a
|-immune|p1a: Talonflame
|-damage|p2a: Maushold|0 fnt
|faint|p2a: Maushold
|-damage|p1b: Garchomp|81/100|[from] item: Life Orb
|
|upkeep
|
|t:|1757196944
|switch|p2b: Baxcalibur|Baxcalibur, L50, F|100/100
|switch|p2a: Annihilape|Annihilape, L50, F, tera:Fire|64/100
|turn|4
|
|t:|1757196960
|move|p2a: Annihilape|Protect|p2a: Annihilape
|-singleturn|p2a: Annihilape|Protect
|move|p1a: Talonflame|Dual Wingbeat|p2a: Annihilape
|-activate|p2a: Annihilape|move: Protect
|move|p1b: Garchomp|Earthquake|p2a: Annihilape|[spread] p2b
|-activate|p2a: Annihilape|move: Protect
|-immune|p1a: Talonflame
|-damage|p2b: Baxcalibur|54/100
|-damage|p1b: Garchomp|71/100|[from] item: Life Orb
|move|p2b: Baxcalibur|Scale Shot|p1a: Talonflame
|-damage|p1a: Talonflame|82/100
|-damage|p1a: Talonflame|61/100
|-damage|p1a: Talonflame|41/100
|-damage|p1a: Talonflame|21/100
|-hitcount|p1a: Talonflame|4
|-unboost|p2b: Baxcalibur|def|1
|-boost|p2b: Baxcalibur|spe|1
|
|-sideend|p1: washingtongargacha|move: Tailwind
|upkeep
|turn|5
|
|t:|1757197031
|move|p1b: Garchomp|Protect|p1b: Garchomp
|-singleturn|p1b: Garchomp|Protect
|move|p2b: Baxcalibur|Icicle Spear|p1a: Talonflame
|-damage|p1a: Talonflame|0 fnt
|faint|p1a: Talonflame
|-hitcount|p1: Talonflame|1
|move|p2a: Annihilape|Rage Fist|p1b: Garchomp
|-activate|p1b: Garchomp|move: Protect
|
|upkeep
|
|t:|1757197040
|switch|p1a: Dragonite|Dragonite, L50, F|100/100
|turn|6
|
|t:|1757197048
|move|p2b: Baxcalibur|Icicle Spear|p1a: Dragonite
|-supereffective|p1a: Dragonite
|-damage|p1a: Dragonite|63/100
|-supereffective|p1a: Dragonite
|-damage|p1a: Dragonite|0 fnt
|faint|p1a: Dragonite
|-hitcount|p1: Dragonite|2
|move|p1b: Garchomp|Earthquake|p2a: Annihilape|[spread] p2a,p2b
|-supereffective|p2a: Annihilape
|-damage|p2a: Annihilape|0 fnt
|-damage|p2b: Baxcalibur|0 fnt
|faint|p2a: Annihilape
|faint|p2b: Baxcalibur
|-damage|p1b: Garchomp|61/100|[from] item: Life Orb
|
|win|washingtongargacha
|raw|washingtongargacha's rating: 1165 → 1189(+24 for winning)
|raw|MSAtlos's rating: 1156 → 1132(-24 for losing)
