|j|â˜†ycomoesel
|j|â˜†MizzleWaterCooler
|html|ycomoeselMizzleWaterCooler    
|uhtml|bestof|Game 2 of a best-of-3
|t:|1756305939
|gametype|doubles
|player|p1|ycomoesel|benga|1085
|player|p2|MizzleWaterCooler|brycen|1136
|gen|9
|tier|[Gen 9] VGC 2025 Reg H (Bo3)
|rated|
|rule|Species Clause: Limit one of each PokÃ©mon
|rule|Item Clause: Limit 1 of each item
|clearpoke
|poke|p1|Sableye, L50, F|
|poke|p1|Ursaluna-Bloodmoon, L50, M|
|poke|p1|Rillaboom, L50, M|
|poke|p1|Annihilape, L50, M|
|poke|p1|Maushold, L50|
|poke|p1|Dragonite, L50, M|
|poke|p2|Ursaluna-Bloodmoon, L50, M|
|poke|p2|Indeedee, L50, M|
|poke|p2|Sneasler, L50, F|
|poke|p2|Talonflame, L50, M|
|poke|p2|Incineroar, L50, M|
|poke|p2|Electabuzz, L50, F|
|teampreview|4
|showteam|p1|Sableye||LightClay|Prankster|Taunt,Disable,Reflect,LightScreen|||F|||50|,,,,,Water]Ursaluna-Bloodmoon||AssaultVest|MindsEye|BloodMoon,EarthPower,HyperVoice,VacuumWave|||M|||50|,,,,,Ghost]Rillaboom||MiracleSeed|GrassySurge|FakeOut,GrassyGlide,WoodHammer,HighHorsepower|||M|||50|,,,,,Water]Annihilape||SitrusBerry|Defiant|BulkUp,DrainPunch,RageFist,Protect|||M|||50|,,,,,Water]Maushold||WideLens|FriendGuard|FollowMe,PopulationBomb,Taunt,Protect||||||50|,,,,,Ghost]Dragonite||LoadedDice|Multiscale|ScaleShot,Tailwind,Haze,Protect|||M|||50|,,,,,Ghost
|showteam|p2|Ursaluna-Bloodmoon||LifeOrb|MindsEye|BloodMoon,EarthPower,HyperVoice,Protect|||M|||50|,,,,,Normal]Indeedee||FocusSash|PsychicSurge|ExpandingForce,HelpingHand,TrickRoom,Protect|||M|||50|,,,,,Psychic]Sneasler||PsychicSeed|Unburden|CloseCombat,DireClaw,ThroatChop,Protect|||F|||50|,,,,,Dark]Talonflame||CovertCloak|GaleWings|FlareBlitz,DualWingbeat,WillOWisp,Tailwind|||M|||50|,,,,,Fairy]Incineroar||SafetyGoggles|Intimidate|FlareBlitz,KnockOff,PartingShot,FakeOut|||M|||50|,,,,,Ghost]Electabuzz||Eviolite|VitalSpirit|Electroweb,FollowMe,Taunt,Protect|||F|||50|,,,,,Dragon
|inactive|Battle timer is ON: inactive players will automatically lose when time's up. (requested by MizzleWaterCooler)
|inactive|MizzleWaterCooler has 60 seconds left.
|
|t:|1756305976
|teamsize|p1|4
|teamsize|p2|4
|start
|switch|p1a: Sableye|Sableye, L50, F|100/100
|switch|p1b: Ursaluna|Ursaluna-Bloodmoon, L50, M|100/100
|switch|p2a: Indeedee|Indeedee, L50, M|100/100
|switch|p2b: Sneasler|Sneasler, L50, F|100/100
|-fieldstart|move: Psychic Terrain|[from] ability: Psychic Surge|[of] p2a: Indeedee
|-enditem|p2b: Sneasler|Psychic Seed
|-boost|p2b: Sneasler|spd|1|[from] item: Psychic Seed
|turn|1
|inactive|ycomoesel has 30 seconds left.
|inactive|ycomoesel has 20 seconds left.
|
|t:|1756306012
|-terastallize|p1b: Ursaluna|Ghost
|move|p2a: Indeedee|Helping Hand|p2b: Sneasler
|-singleturn|p2b: Sneasler|Helping Hand|[of] p2a: Indeedee
|move|p1a: Sableye|Reflect|p1a: Sableye
|-sidestart|p1: ycomoesel|Reflect
|move|p2b: Sneasler|Close Combat|p1b: Ursaluna
|-immune|p1b: Ursaluna
|move|p1b: Ursaluna|Hyper Voice|p2a: Indeedee|[spread] p2a,p2b
|-damage|p2a: Indeedee|50/100
|-damage|p2b: Sneasler|69/100
|
|upkeep
|turn|2
|inactive|MizzleWaterCooler has 30 seconds left.
|
|t:|1756306045
|switch|p2a: Electabuzz|Electabuzz, L50, F|100/100
|move|p1a: Sableye|Light Screen|p1a: Sableye
|-sidestart|p1: ycomoesel|move: Light Screen
|move|p2b: Sneasler|Throat Chop|p1b: Ursaluna
|-supereffective|p1b: Ursaluna
|-damage|p1b: Ursaluna|69/100
|-start|p1b: Ursaluna|Throat Chop|[silent]
|move|p1b: Ursaluna|Earth Power|p2b: Sneasler
|-supereffective|p2b: Sneasler
|-damage|p2b: Sneasler|0 fnt
|faint|p2b: Sneasler
|
|upkeep
|
|t:|1756306056
|switch|p2b: Ursaluna|Ursaluna-Bloodmoon, L50, M|100/100
|turn|3
|inactive|ycomoesel has 30 seconds left.
|inactive|ycomoesel has 20 seconds left.
|inactive|ycomoesel has 15 seconds left.
|
|t:|1756306098
|switch|p1b: Rillaboom|Rillaboom, L50, M|100/100
|-fieldstart|move: Grassy Terrain|[from] ability: Grassy Surge|[of] p1b: Rillaboom
|move|p2b: Ursaluna|Protect|p2b: Ursaluna
|-singleturn|p2b: Ursaluna|Protect
|move|p1a: Sableye|Taunt|p2a: Electabuzz
|-start|p2a: Electabuzz|move: Taunt
|move|p2a: Electabuzz|Electroweb|p1b: Rillaboom|[spread] p1a,p1b
|-resisted|p1b: Rillaboom
|-crit|p1b: Rillaboom
|-damage|p1a: Sableye|88/100
|-damage|p1b: Rillaboom|90/100
|-unboost|p1a: Sableye|spe|1
|-unboost|p1b: Rillaboom|spe|1
|
|-heal|p1b: Rillaboom|96/100|[from] Grassy Terrain
|-heal|p1a: Sableye|94/100|[from] Grassy Terrain
|upkeep
|turn|4
|inactive|ycomoesel has 30 seconds left.
|inactive|MizzleWaterCooler has 30 seconds left.
|inactive|ycomoesel has 20 seconds left.
|inactive|ycomoesel has 15 seconds left.
|
|t:|1756306142
|switch|p2a: Indeedee|Indeedee, L50, M|50/100
|-fieldstart|move: Psychic Terrain|[from] ability: Psychic Surge|[of] p2a: Indeedee
|switch|p1a: Ursaluna|Ursaluna-Bloodmoon, L50, M, tera:Ghost|69/100
|-terastallize|p2b: Ursaluna|Normal
|move|p2b: Ursaluna|Blood Moon|p1b: Rillaboom
|-damage|p1b: Rillaboom|3/100
|-damage|p2b: Ursaluna|91/100|[from] item: Life Orb
|move|p1b: Rillaboom|Wood Hammer|p2b: Ursaluna
|-damage|p2b: Ursaluna|38/100
|-damage|p1b: Rillaboom|0 fnt|[from] Recoil
|faint|p1b: Rillaboom
|
|upkeep
|inactive|ycomoesel has 30 seconds left.
|inactive|ycomoesel has 20 seconds left.
|inactive|ycomoesel has 15 seconds left.
|inactive|ycomoesel has 10 seconds left.
|inactive|ycomoesel has 5 seconds left.
|
|t:|1756306194
|switch|p1b: Annihilape|Annihilape, L50, M|100/100
|turn|5
|inactive|ycomoesel has 30 seconds left.
|inactive|MizzleWaterCooler has 30 seconds left.
|
|t:|1756306227
|move|p1b: Annihilape|Protect|p1b: Annihilape
|-singleturn|p1b: Annihilape|Protect
|move|p2b: Ursaluna|Protect|p2b: Ursaluna
|-singleturn|p2b: Ursaluna|Protect
|move|p2a: Indeedee|Expanding Force|p1b: Annihilape|[spread] p1a
|-activate|p1b: Annihilape|move: Protect
|-damage|p1a: Ursaluna|42/100
|move|p1a: Ursaluna|Hyper Voice|p2b: Ursaluna|[spread] p2a
|-activate|p2b: Ursaluna|move: Protect
|-damage|p2a: Indeedee|0 fnt
|faint|p2a: Indeedee
|
|upkeep
|
|t:|1756306238
|switch|p2a: Electabuzz|Electabuzz, L50, F|100/100
|turn|6
|
|t:|1756306249
|move|p2a: Electabuzz|Follow Me|p2a: Electabuzz
|-singleturn|p2a: Electabuzz|move: Follow Me
|move|p1b: Annihilape|Drain Punch|p2a: Electabuzz
|-damage|p2a: Electabuzz|63/100
|move|p2b: Ursaluna|Blood Moon|p1a: Ursaluna
|-damage|p1a: Ursaluna|0 fnt
|faint|p1a: Ursaluna
|-damage|p2b: Ursaluna|29/100|[from] item: Life Orb
|
|upkeep
|
|t:|1756306257
|switch|p1a: Sableye|Sableye, L50, F|94/100
|turn|7
|inactive|MizzleWaterCooler has 30 seconds left.
|
|t:|1756306291
|move|p2a: Electabuzz|Protect|p2a: Electabuzz
|-singleturn|p2a: Electabuzz|Protect
|move|p2b: Ursaluna|Protect|p2b: Ursaluna
|-singleturn|p2b: Ursaluna|Protect
|move|p1a: Sableye|Disable|p2a: Electabuzz
|-activate|p2a: Electabuzz|move: Psychic Terrain
|move|p1b: Annihilape|Bulk Up|p1b: Annihilape
|-boost|p1b: Annihilape|atk|1
|-boost|p1b: Annihilape|def|1
|
|upkeep
|turn|8
|
|t:|1756306315
|move|p2a: Electabuzz|Follow Me|p2a: Electabuzz
|-singleturn|p2a: Electabuzz|move: Follow Me
|move|p1a: Sableye|Disable|p2a: Electabuzz
|-activate|p2a: Electabuzz|move: Psychic Terrain
|move|p1b: Annihilape|Drain Punch|p2a: Electabuzz
|-damage|p2a: Electabuzz|14/100
|move|p2b: Ursaluna|Blood Moon|p1b: Annihilape
|-damage|p1b: Annihilape|12/100
|-enditem|p1b: Annihilape|Sitrus Berry|[eat]
|-heal|p1b: Annihilape|37/100|[from] item: Sitrus Berry
|-damage|p2b: Ursaluna|19/100|[from] item: Life Orb
|
|-sideend|p1: ycomoesel|Reflect
|-fieldend|move: Psychic Terrain
|upkeep
|turn|9
|inactive|ycomoesel has 30 seconds left.
|inactive|MizzleWaterCooler has 30 seconds left.
|
|t:|1756306346
|move|p2a: Electabuzz|Protect|p2a: Electabuzz
|-singleturn|p2a: Electabuzz|Protect
|move|p2b: Ursaluna|Protect|p2b: Ursaluna
|-singleturn|p2b: Ursaluna|Protect
|move|p1a: Sableye|Taunt|p2a: Electabuzz
|-activate|p2a: Electabuzz|move: Protect
|move|p1b: Annihilape|Drain Punch|p2b: Ursaluna
|-activate|p2b: Ursaluna|move: Protect
|
|-sideend|p1: ycomoesel|move: Light Screen
|upkeep
|turn|10
|
|t:|1756306363
|move|p1b: Annihilape|Protect|p1b: Annihilape
|-singleturn|p1b: Annihilape|Protect
|move|p2a: Electabuzz|Follow Me|p2a: Electabuzz
|-singleturn|p2a: Electabuzz|move: Follow Me
|move|p1a: Sableye|Taunt|p2a: Electabuzz
|-start|p2a: Electabuzz|move: Taunt
|move|p2b: Ursaluna|Hyper Voice|p1b: Annihilape|[spread] p1a
|-activate|p1b: Annihilape|move: Protect
|-damage|p1a: Sableye|0 fnt
|faint|p1a: Sableye
|-damage|p2b: Ursaluna|9/100|[from] item: Life Orb
|
|upkeep
|turn|11
|
|t:|1756306383
|move|p2b: Ursaluna|Protect|p2b: Ursaluna
|-singleturn|p2b: Ursaluna|Protect
|move|p2a: Electabuzz|Electroweb|p1b: Annihilape
|-damage|p1b: Annihilape|21/100
|-unboost|p1b: Annihilape|spe|1
|-ability|p1b: Annihilape|Defiant|boost
|-boost|p1b: Annihilape|atk|2
|move|p1b: Annihilape|Drain Punch|p2a: Electabuzz
|-damage|p2a: Electabuzz|0 fnt
|-heal|p1b: Annihilape|28/100|[from] drain|[of] p2a: Electabuzz
|faint|p2a: Electabuzz
|
|upkeep
|turn|12
|
|t:|1756306398
|move|p2b: Ursaluna|Blood Moon|p1b: Annihilape
|-damage|p1b: Annihilape|0 fnt
|faint|p1b: Annihilape
|-damage|p2b: Ursaluna|0 fnt|[from] item: Life Orb
|faint|p2b: Ursaluna
|
|win|MizzleWaterCooler
|raw|ycomoesel's rating: 1085 → 1066(-19 for losing)
|raw|MizzleWaterCooler's rating: 1136 → 1157(+21 for winning)
|l|â˜†ycomoesel
|player|p1|
