|j|☆funtimefuntimes
|j|☆Kiquemo
|html|funtimefuntimesKiquemo    
|uhtml|bestof|Game 2 of a best-of-3
|t:|1785666215
|gametype|doubles
|player|p1|funtimefuntimes|1|1148
|player|p2|Kiquemo|170|1195
|gen|9
|tier|[Gen 9 Champions] VGC 2026 Reg M-B (Bo3)
|rated|
|rule|Species Clause: Limit one of each Pokémon
|rule|Item Clause: Limit 1 of each item
|clearpoke
|poke|p1|Floette-Eternal, L50, F|
|poke|p1|Whimsicott, L50, F|
|poke|p1|Basculegion, L50, M|
|poke|p1|Incineroar, L50, M|
|poke|p1|Glimmora, L50, F|
|poke|p1|Staraptor, L50, F|
|poke|p2|Farigiraf, L50, M|
|poke|p2|Sylveon, L50, F|
|poke|p2|Kingambit, L50, M|
|poke|p2|Incineroar, L50, F|
|poke|p2|Charizard, L50, M|
|poke|p2|Eelektross, L50, M|
|teampreview|4
|showteam|p1|Floette-Eternal||Floettite|FlowerVeil|Moonblast,DazzlingGleam,LightofRuin,Protect|Timid||F|||50|]Whimsicott||OccaBerry|Prankster|Moonblast,FakeTears,Tailwind,Charm|Bold||F|||50|]Basculegion||LifeOrb|Adaptability|WaveCrash,LastRespects,AquaJet,Protect|Jolly||M|||50|]Incineroar||SitrusBerry|Intimidate|FakeOut,PartingShot,FlareBlitz,ThroatChop|Careful||M|||50|]Glimmora||FocusSash|ToxicDebris|PowerGem,EarthPower,SludgeBomb,SpikyShield|Timid||F|||50|]Staraptor||Staraptite|Intimidate|CloseCombat,DualWingbeat,Roost,Protect|Adamant||F|||50|
|showteam|p2|Farigiraf||SitrusBerry|ArmorTail|TwinBeam,Thunderbolt,TrickRoom,Protect|Relaxed||M|||50|]Sylveon||FairyFeather|Pixilate|HyperVoice,Yawn,QuickAttack,Detect|Quiet||F|||50|]Kingambit||ChopleBerry|Defiant|KowtowCleave,IronHead,SuckerPunch,LowKick|Brave||M|||50|]Incineroar||Charcoal|Intimidate|ThroatChop,FlareBlitz,PartingShot,FakeOut|Adamant||F|||50|]Charizard||CharizarditeY|Blaze|HeatWave,SolarBeam,WeatherBall,Protect|Modest||M|||50|]Eelektross||Eelektrossite|Levitate|Superpower,SupercellSlam,RockSlide,Coil|Adamant||M|||50|
|inactive|Battle timer is ON: inactive players will automatically lose when time's up. (requested by Kiquemo)
|
|t:|1785666236
|teamsize|p1|4
|teamsize|p2|4
|start
|switch|p1a: Staraptor|Staraptor, L50, F|100/100
|switch|p1b: Whimsicott|Whimsicott, L50, F|100/100
|switch|p2a: Farigiraf|Farigiraf, L50, M|100/100
|switch|p2b: Incineroar|Incineroar, L50, F|100/100
|-ability|p1a: Staraptor|Intimidate|boost
|-unboost|p2a: Farigiraf|atk|1
|-unboost|p2b: Incineroar|atk|1
|-ability|p2b: Incineroar|Intimidate|boost
|-unboost|p1a: Staraptor|atk|1
|-unboost|p1b: Whimsicott|atk|1
|turn|1
|
|t:|1785666250
|detailschange|p1a: Staraptor|Staraptor-Mega, L50, F
|-mega|p1a: Staraptor|Staraptor|Staraptite
|move|p2b: Incineroar|Fake Out|p1a: Staraptor
|-damage|p1a: Staraptor|91/100
|move|p1b: Whimsicott|Fake Tears|p1a: Staraptor
|-boost|p1a: Staraptor|spd|2
|cant|p1a: Staraptor|flinch
|move|p2a: Farigiraf|Trick Room|p2a: Farigiraf
|-fieldstart|move: Trick Room|[of] p2a: Farigiraf
|
|upkeep
|turn|2
|inactive|funtimefuntimes has 30 seconds left.
|
|t:|1785666278
|move|p1b: Whimsicott|Fake Tears|p1a: Staraptor
|-boost|p1a: Staraptor|spd|2
|move|p2a: Farigiraf|Twin Beam|p1a: Staraptor
|-supereffective|p1a: Staraptor|1
|-damage|p1a: Staraptor|79/100
|-supereffective|p1a: Staraptor|1
|-damage|p1a: Staraptor|68/100
|-hitcount|p1a: Staraptor|2
|move|p2b: Incineroar|Flare Blitz|p1a: Staraptor
|-damage|p1a: Staraptor|19/100
|-damage|p2b: Incineroar|85/100|[from] Recoil
|move|p1a: Staraptor|Close Combat|p2a: Farigiraf
|-damage|p2a: Farigiraf|64/100
|-boost|p1a: Staraptor|def|1
|-boost|p1a: Staraptor|spd|1
|
|upkeep
|turn|3
|inactive|Kiquemo has 30 seconds left.
|inactive|funtimefuntimes has 30 seconds left.
|
|t:|1785666310
|switch|p1b: Incineroar|Incineroar, L50, M|100/100
|-ability|p1b: Incineroar|Intimidate|boost
|-unboost|p2a: Farigiraf|atk|1
|-unboost|p2b: Incineroar|atk|1
|move|p1a: Staraptor|Protect|p1a: Staraptor
|-singleturn|p1a: Staraptor|Protect
|move|p2a: Farigiraf|Twin Beam|p1a: Staraptor
|-activate|p1a: Staraptor|move: Protect
|move|p2b: Incineroar|Flare Blitz|p1a: Staraptor
|-activate|p1a: Staraptor|move: Protect
|
|upkeep
|turn|4
|
|t:|1785666328
|switch|p1a: Glimmora|Glimmora, L50, F|100/100
|move|p2a: Farigiraf|Twin Beam|p1a: Glimmora
|-supereffective|p1a: Glimmora|1
|-damage|p1a: Glimmora|57/100
|-supereffective|p1a: Glimmora|1
|-damage|p1a: Glimmora|20/100r
|-hitcount|p1a: Glimmora|2
|move|p2b: Incineroar|Flare Blitz|p1a: Glimmora
|-resisted|p1a: Glimmora|1
|-damage|p1a: Glimmora|0 fnt
|-activate|p1a: Glimmora|ability: Toxic Debris
|-sidestart|p2: Kiquemo|move: Toxic Spikes
|faint|p1a: Glimmora
|-damage|p2b: Incineroar|80/100|[from] Recoil
|move|p1b: Incineroar|Parting Shot|p2b: Incineroar
|-unboost|p2b: Incineroar|atk|1
|-unboost|p2b: Incineroar|spa|1
|
|t:|1785666336
|switch|p1b: Staraptor|Staraptor-Mega, L50, F|19/100|[from] Parting Shot
|
|upkeep
|
|t:|1785666338
|switch|p1a: Incineroar|Incineroar, L50, M|100/100
|-ability|p1a: Incineroar|Intimidate|boost
|-unboost|p2a: Farigiraf|atk|1
|-unboost|p2b: Incineroar|atk|1
|turn|5
|
|t:|1785666349
|switch|p1a: Whimsicott|Whimsicott, L50, F|100/100
|move|p1b: Staraptor|Protect|p1b: Staraptor
|-singleturn|p1b: Staraptor|Protect
|move|p2a: Farigiraf|Twin Beam|p1b: Staraptor
|-activate|p1b: Staraptor|move: Protect
|move|p2b: Incineroar|Flare Blitz|p1a: Whimsicott
|-supereffective|p1a: Whimsicott|1
|-enditem|p1a: Whimsicott|Occa Berry|[eat]
|-enditem|p1a: Whimsicott|Occa Berry|[weaken]
|-damage|p1a: Whimsicott|76/100
|-damage|p2b: Incineroar|73/100|[from] Recoil
|
|-fieldend|move: Trick Room
|upkeep
|turn|6
|
|t:|1785666364
|move|p1a: Whimsicott|Charm|p1b: Staraptor
|-boost|p1b: Staraptor|atk|2
|move|p1b: Staraptor|Close Combat|p2a: Farigiraf
|-damage|p2a: Farigiraf|0 fnt
|-boost|p1b: Staraptor|def|1
|-boost|p1b: Staraptor|spd|1
|faint|p2a: Farigiraf
|move|p2b: Incineroar|Flare Blitz|p1b: Staraptor
|-damage|p1b: Staraptor|2/100
|-damage|p2b: Incineroar|68/100|[from] Recoil
|
|upkeep
|
|t:|1785666370
|switch|p2a: Kingambit|Kingambit, L50, M|100/100
|turn|7
|
|t:|1785666391
|move|p1a: Whimsicott|Charm|p1b: Staraptor
|-boost|p1b: Staraptor|atk|2
|move|p2a: Kingambit|Sucker Punch||[still]
|-fail|p2a: Kingambit
|move|p1b: Staraptor|Roost|p1b: Staraptor
|-heal|p1b: Staraptor|52/100
|-singleturn|p1b: Staraptor|move: Roost
|move|p2b: Incineroar|Parting Shot|p1a: Whimsicott
|-unboost|p1a: Whimsicott|atk|1
|-unboost|p1a: Whimsicott|spa|1
|
|t:|1785666398
|switch|p2b: Eelektross|Eelektross, L50, M|100/100|[from] Parting Shot
|
|upkeep
|turn|8
|
|t:|1785666425
|detailschange|p2b: Eelektross|Eelektross-Mega, L50, M
|-mega|p2b: Eelektross|Eelektross|Eelektrossite
|move|p1a: Whimsicott|Charm|p1b: Staraptor
|-boost|p1b: Staraptor|atk|2
|move|p2a: Kingambit|Sucker Punch|p1b: Staraptor
|-resisted|p1b: Staraptor|1
|-damage|p1b: Staraptor|37/100
|move|p1b: Staraptor|Close Combat|p2b: Eelektross
|-damage|p2b: Eelektross|0 fnt
|-boost|p1b: Staraptor|def|1
|-boost|p1b: Staraptor|spd|1
|faint|p2b: Eelektross
|
|upkeep
|
|t:|1785666434
|switch|p2b: Incineroar|Incineroar, L50, F|68/100
|-status|p2b: Incineroar|psn
|-ability|p2b: Incineroar|Intimidate|boost
|-unboost|p1a: Whimsicott|atk|1
|-boost|p1b: Staraptor|atk|0
|turn|9
|
|t:|1785666459
|switch|p1a: Incineroar|Incineroar, L50, M|100/100
|-ability|p1a: Incineroar|Intimidate|boost
|-unboost|p2a: Kingambit|atk|1
|-ability|p2a: Kingambit|Defiant|boost
|-boost|p2a: Kingambit|atk|2
|-unboost|p2b: Incineroar|atk|1
|move|p1b: Staraptor|Protect|p1b: Staraptor
|-singleturn|p1b: Staraptor|Protect
|move|p2b: Incineroar|Flare Blitz|p1a: Incineroar
|-resisted|p1a: Incineroar|1
|-damage|p1a: Incineroar|73/100
|-damage|p2b: Incineroar|60/100 psn|[from] Recoil
|move|p2a: Kingambit|Iron Head|p1b: Staraptor
|-activate|p1b: Staraptor|move: Protect
|
|-damage|p2b: Incineroar|48/100 psn|[from] psn
|upkeep
|turn|10
|inactive|Kiquemo has 30 seconds left.
|
|t:|1785666485
|move|p1a: Incineroar|Fake Out|p2a: Kingambit
|-resisted|p2a: Kingambit|1
|-damage|p2a: Kingambit|96/100
|move|p1b: Staraptor|Close Combat|p2b: Incineroar
|-supereffective|p2b: Incineroar|1
|-crit|p2b: Incineroar
|-damage|p2b: Incineroar|0 fnt
|-boost|p1b: Staraptor|def|1
|-boost|p1b: Staraptor|spd|1
|faint|p2b: Incineroar
|cant|p2a: Kingambit|flinch
|
|upkeep
|turn|11
|
|t:|1785666492
|move|p2a: Kingambit|Sucker Punch||[still]
|-fail|p2a: Kingambit
|move|p1b: Staraptor|Roost|p1b: Staraptor
|-heal|p1b: Staraptor|88/100
|-singleturn|p1b: Staraptor|move: Roost
|move|p1a: Incineroar|Flare Blitz|p2a: Kingambit
|-supereffective|p2a: Kingambit|1
|-damage|p2a: Kingambit|21/100
|-damage|p1a: Incineroar|47/100|[from] Recoil
|-enditem|p1a: Incineroar|Sitrus Berry|[eat]
|-heal|p1a: Incineroar|72/100|[from] item: Sitrus Berry
|
|upkeep
|turn|12
|
|t:|1785666501
|move|p2a: Kingambit|Sucker Punch|p1b: Staraptor
|-resisted|p1b: Staraptor|1
|-damage|p1b: Staraptor|74/100
|move|p1b: Staraptor|Close Combat|p2a: Kingambit
|-supereffective|p2a: Kingambit|2
|-enditem|p2a: Kingambit|Chople Berry|[eat]
|-enditem|p2a: Kingambit|Chople Berry|[weaken]
|-damage|p2a: Kingambit|0 fnt
|-boost|p1b: Staraptor|def|1
|-boost|p1b: Staraptor|spd|1
|faint|p2a: Kingambit
|
|win|funtimefuntimes
||funtimefuntimes is ready for game 3.
||Kiquemo is ready for game 3.
|uhtml|next|Next: Game 3 of 3
|l|☆Kiquemo
|player|p2|
