|j|☆Lemon468881
|j|☆Graavi
|html|Lemon468881Graavi    
|uhtml|bestof|Game 1 of a best-of-3
|t:|1783252180
|gametype|doubles
|player|p1|Lemon468881|lucas|1063
|player|p2|Graavi|102|1000
|gen|9
|tier|[Gen 9 Champions] VGC 2026 Reg M-B (Bo3)
|rated|
|rule|Species Clause: Limit one of each Pokémon
|rule|Item Clause: Limit 1 of each item
|clearpoke
|poke|p1|Altaria, L50, M|
|poke|p1|Aerodactyl, L50, F|
|poke|p1|Ninetales-Alola, L50, M|
|poke|p1|Archaludon, L50, F|
|poke|p1|Incineroar, L50, F|
|poke|p1|Basculegion, L50, M|
|poke|p2|Whimsicott, L50, M|
|poke|p2|Grimmsnarl, L50, M|
|poke|p2|Gardevoir, L50, F|
|poke|p2|Tsareena, L50, F|
|poke|p2|Lucario, L50, F|
|poke|p2|Arcanine-Hisui, L50, F|
|teampreview|4
|showteam|p1|Altaria||Altarianite|CloudNine|DragonPulse,HyperVoice,WillOWisp,Protect|Modest||M|||50|]Aerodactyl||Aerodactylite|Unnerve|RockSlide,DualWingbeat,Tailwind,Protect|Jolly||F|||50|]Ninetales-Alola||LightClay|SnowWarning|Blizzard,FreezeDry,AuroraVeil,Protect|Timid||M|||50|]Archaludon||Leftovers|Stamina|DracoMeteor,FlashCannon,DragonCheer,Protect|Modest||F|||50|]Incineroar||SitrusBerry|Intimidate|FlareBlitz,DarkestLariat,PartingShot,FakeOut|Careful||F|||50|]Basculegion||FocusSash|Adaptability|LastRespects,Liquidation,AquaJet,Protect|Jolly||M|||50|
|showteam|p2|Whimsicott||FocusSash|Prankster|Tailwind,Protect,Encore,Moonblast|Modest||M|||50|]Grimmsnarl||LightClay|Prankster|Reflect,LightScreen,PartingShot,FoulPlay|Careful||M|||50|]Gardevoir||Gardevoirite|Trace|HyperVoice,Protect,Psyshock,Psychic|Modest||F|||50|]Tsareena||WideLens|QueenlyMajesty|HighJumpKick,TripleAxel,Protect,PowerWhip|Adamant||F|||50|]Lucario||Lucarionite|InnerFocus|CloseCombat,Earthquake,Crunch,Protect|Jolly||F|||50|]Arcanine-Hisui||Leftovers|Intimidate|RockSlide,FlareBlitz,ExtremeSpeed,Protect|Jolly||F|||50|
|
|t:|1783252207
|teamsize|p1|4
|teamsize|p2|4
|start
|switch|p1a: Aerodactyl|Aerodactyl, L50, F|100/100
|switch|p1b: Ninetales|Ninetales-Alola, L50, M|100/100
|switch|p2a: Gardevoir|Gardevoir, L50, F|100/100
|switch|p2b: Whimsicott|Whimsicott, L50, M|100/100
|-ability|p1a: Aerodactyl|Unnerve
|-weather|Snowscape|[from] ability: Snow Warning|[of] p1b: Ninetales
|-ability|p2a: Gardevoir|Unnerve|Trace|[from] ability: Trace|[of] p1a: Aerodactyl
|-ability|p2a: Gardevoir|Unnerve
|turn|1
|
|t:|1783252229
|detailschange|p2a: Gardevoir|Gardevoir-Mega, L50, F
|-mega|p2a: Gardevoir|Gardevoir|Gardevoirite
|move|p2b: Whimsicott|Tailwind|p2b: Whimsicott
|-sidestart|p2: Graavi|move: Tailwind
|move|p2a: Gardevoir|Hyper Voice|p1b: Ninetales|[spread] p1a,p1b
|-damage|p1a: Aerodactyl|30/100
|-damage|p1b: Ninetales|57/100
|move|p1a: Aerodactyl|Tailwind|p1a: Aerodactyl
|-sidestart|p1: Lemon468881|move: Tailwind
|move|p1b: Ninetales|Aurora Veil|p1b: Ninetales
|-sidestart|p1: Lemon468881|move: Aurora Veil
|
|-weather|Snowscape|[upkeep]
|upkeep
|turn|2
|
|t:|1783252260
|move|p2b: Whimsicott|Encore|p1b: Ninetales
|-start|p1b: Ninetales|Encore
|move|p1a: Aerodactyl|Dual Wingbeat|p2b: Whimsicott|[miss]
|-miss|p1a: Aerodactyl|p2b: Whimsicott
|move|p1b: Ninetales|Aurora Veil||[still]
|-fail|p1b: Ninetales
|move|p2a: Gardevoir|Hyper Voice|p1b: Ninetales|[spread] p1a,p1b
|-damage|p1a: Aerodactyl|0 fnt
|-damage|p1b: Ninetales|27/100
|faint|p1a: Aerodactyl
|
|-weather|Snowscape|[upkeep]
|upkeep
|
|t:|1783252268
|switch|p1a: Archaludon|Archaludon, L50, F|100/100
|turn|3
|
|t:|1783252278
|switch|p1b: Altaria|Altaria, L50, M|100/100
|-ability|p1b: Altaria|Cloud Nine
|move|p1a: Archaludon|Flash Cannon|p2a: Gardevoir
|-supereffective|p2a: Gardevoir|1
|-damage|p2a: Gardevoir|18/100
|move|p2b: Whimsicott|Moonblast|p1a: Archaludon
|-damage|p1a: Archaludon|72/100
|-ability|p1a: Archaludon|Stamina|boost
|-boost|p1a: Archaludon|def|1
|move|p2a: Gardevoir|Hyper Voice|p1a: Archaludon|[spread] p1a,p1b
|-supereffective|p1b: Altaria|1
|-damage|p1a: Archaludon|28/100
|-damage|p1b: Altaria|45/100
|-ability|p1a: Archaludon|Stamina|boost
|-boost|p1a: Archaludon|def|1
|
|-weather|Snowscape|[upkeep]
|-heal|p1a: Archaludon|34/100|[from] item: Leftovers
|upkeep
|turn|4
|
|t:|1783252302
|detailschange|p1b: Altaria|Altaria-Mega, L50, M
|-mega|p1b: Altaria|Altaria|Altarianite
|move|p1b: Altaria|Protect|p1b: Altaria
|-singleturn|p1b: Altaria|Protect
|move|p1a: Archaludon|Flash Cannon|p2a: Gardevoir
|-supereffective|p2a: Gardevoir|1
|-crit|p2a: Gardevoir
|-damage|p2a: Gardevoir|0 fnt
|faint|p2a: Gardevoir
|move|p2b: Whimsicott|Moonblast|p1b: Altaria
|-activate|p1b: Altaria|move: Protect
|
|-weather|Snowscape|[upkeep]
|-heal|p1a: Archaludon|40/100|[from] item: Leftovers
|-sideend|p2: Graavi|move: Tailwind
|-sideend|p1: Lemon468881|move: Tailwind
|upkeep
|
|t:|1783252349
|switch|p2a: Tsareena|Tsareena, L50, F|100/100
|turn|5
|
|t:|1783252365
|switch|p1a: Ninetales|Ninetales-Alola, L50, M|27/100
|move|p2b: Whimsicott|Moonblast|p1b: Altaria
|-supereffective|p1b: Altaria|1
|-damage|p1b: Altaria|11/100
|move|p1b: Altaria|Hyper Voice|p2a: Tsareena|[spread] p2a,p2b
|-crit|p2b: Whimsicott
|-damage|p2a: Tsareena|48/100
|-damage|p2b: Whimsicott|4/100
|move|p2a: Tsareena|High Jump Kick|p1a: Ninetales
|-damage|p1a: Ninetales|7/100
|
|-weather|none
|upkeep
|turn|6
|
|t:|1783252388
|move|p2b: Whimsicott|Tailwind|p2b: Whimsicott
|-sidestart|p2: Graavi|move: Tailwind
|move|p2a: Tsareena|Triple Axel|p1b: Altaria
|-supereffective|p1b: Altaria|1
|-damage|p1b: Altaria|3/100
|-supereffective|p1b: Altaria|1
|-damage|p1b: Altaria|0 fnt
|faint|p1b: Altaria
|-hitcount|p1: Altaria|2
|move|p1a: Ninetales|Blizzard|p2a: Tsareena|[spread] p2a,p2b
|-supereffective|p2a: Tsareena|1
|-supereffective|p2b: Whimsicott|1
|-crit|p2b: Whimsicott
|-damage|p2a: Tsareena|0 fnt
|-damage|p2b: Whimsicott|0 fnt
|faint|p2a: Tsareena
|faint|p2b: Whimsicott
|
|upkeep
|
|t:|1783252432
|switch|p2b: Arcanine|Arcanine-Hisui, L50, F|100/100
|switch|p1b: Archaludon|Archaludon, L50, F|40/100
|-ability|p2b: Arcanine|Intimidate|boost
|-unboost|p1a: Ninetales|atk|1
|-unboost|p1b: Archaludon|atk|1
|turn|7
|
|t:|1783252464
|move|p2b: Arcanine|Extreme Speed|p1a: Ninetales
|-damage|p1a: Ninetales|0 fnt
|faint|p1a: Ninetales
|move|p1b: Archaludon|Flash Cannon|p2b: Arcanine
|-damage|p2b: Arcanine|53/100
|
|-heal|p2b: Arcanine|59/100|[from] item: Leftovers
|-heal|p1b: Archaludon|46/100|[from] item: Leftovers
|upkeep
|turn|8
|
|t:|1783252477
|move|p2b: Arcanine|Flare Blitz|p1b: Archaludon
|-damage|p1b: Archaludon|24/100
|-ability|p1b: Archaludon|Stamina|boost
|-boost|p1b: Archaludon|def|1
|-damage|p2b: Arcanine|51/100|[from] Recoil
|move|p1b: Archaludon|Draco Meteor|p2b: Arcanine
|-damage|p2b: Arcanine|0 fnt
|-unboost|p1b: Archaludon|spa|2
|faint|p2b: Arcanine
|
|win|Lemon468881
|inactive|Lemon468881 has 30 seconds to confirm battle start!
|inactive|Graavi has 30 seconds to confirm battle start!
|l|☆Graavi
|player|p2|
||Lemon468881 is ready for game 2.
|inactive|Graavi has 20 seconds to confirm battle start!
|inactive|Graavi has 10 seconds to confirm battle start!
|uhtml|next|Next: Game 2 of 3
|j|☆Graavi
|player|p2|Graavi|102|
|l|☆Lemon468881
|player|p1|
|l|☆Graavi
|player|p2|
|j|☆Graavi
|player|p2|Graavi|102|
