|j|☆FocusRanja
|j|☆joyfulwizard
|html|FocusRanjajoyfulwizard    
|uhtml|bestof|Game 1 of a best-of-3
|t:|1783612639
|gametype|doubles
|player|p1|FocusRanja|102|1210
|player|p2|joyfulwizard|cheren-gen5bw2|1192
|gen|9
|tier|[Gen 9 Champions] VGC 2026 Reg M-B (Bo3)
|rated|
|rule|Species Clause: Limit one of each Pokémon
|rule|Item Clause: Limit 1 of each item
|clearpoke
|poke|p1|Vileplume, L50, F|
|poke|p1|Staraptor, L50, F|
|poke|p1|Mawile, L50, M|
|poke|p1|Farigiraf, L50, M|
|poke|p1|Torkoal, L50, F|
|poke|p1|Scrafty, L50, F|
|poke|p2|Charizard, L50, M|
|poke|p2|Garchomp, L50, M|
|poke|p2|Aerodactyl, L50, M|
|poke|p2|Farigiraf, L50, M|
|poke|p2|Sylveon, L50, M|
|poke|p2|Kingambit, L50, M|
|teampreview|4
|showteam|p1|Vileplume||FocusSash|Chlorophyll|SleepPowder,AfterYou,SludgeBomb,SolarBeam|Timid||F|||50|]Staraptor||ChoiceScarf|Intimidate|FinalGambit,CloseCombat,Uturn,BraveBird|Jolly||F|||50|]Mawile||Mawilite|HyperCutter|PlayRough,SuckerPunch,IronHead,Protect|Brave||M|||50|]Farigiraf||ColburBerry|ArmorTail|Psychic,TrickRoom,HelpingHand,Thunderbolt|Calm||M|||50|]Torkoal||Charcoal|Drought|Eruption,WeatherBall,AncientPower,Protect|Quiet||F|||50|]Scrafty||SitrusBerry|Intimidate|Detect,FakeOut,KnockOff,BrickBreak|Brave||F|||50|
|showteam|p2|Charizard||CharizarditeY|Blaze|Protect,SolarBeam,HeatWave,WeatherBall|Modest||M|||50|]Garchomp||LifeOrb|SandVeil|Protect,Earthquake,DragonClaw,StompingTantrum|Jolly||M|||50|]Aerodactyl||Aerodactylite|Unnerve|IceFang,RockSlide,DualWingbeat,Tailwind|Jolly||M|||50|]Farigiraf||SitrusBerry|ArmorTail|SunnyDay,PsychicFangs,TrickRoom,Thunderbolt|Relaxed||M|||50|]Sylveon||FairyFeather|Pixilate|Detect,HyperBeam,HyperVoice,QuickAttack|Modest||M|||50|]Kingambit||FocusSash|Defiant|SuckerPunch,LowKick,IronHead,KowtowCleave|Adamant||M|||50|
|
|t:|1783612749
|teamsize|p1|4
|teamsize|p2|4
|start
|switch|p1a: Staraptor|Staraptor, L50, F|100/100
|switch|p1b: Scrafty|Scrafty, L50, F|100/100
|switch|p2a: Aerodactyl|Aerodactyl, L50, M|100/100
|switch|p2b: Garchomp|Garchomp, L50, M|100/100
|-ability|p2a: Aerodactyl|Unnerve
|-ability|p1a: Staraptor|Intimidate|boost
|-unboost|p2a: Aerodactyl|atk|1
|-unboost|p2b: Garchomp|atk|1
|-ability|p1b: Scrafty|Intimidate|boost
|-unboost|p2a: Aerodactyl|atk|1
|-unboost|p2b: Garchomp|atk|1
|turn|1
|
|t:|1783612781
|switch|p2b: Farigiraf|Farigiraf, L50, M|100/100
|detailschange|p2a: Aerodactyl|Aerodactyl-Mega, L50, M
|-mega|p2a: Aerodactyl|Aerodactyl|Aerodactylite
|move|p1a: Staraptor|Final Gambit|p2b: Farigiraf
|-damage|p2b: Farigiraf|12/100
|-enditem|p2b: Farigiraf|Sitrus Berry|[eat]
|-heal|p2b: Farigiraf|37/100|[from] item: Sitrus Berry
|faint|p1a: Staraptor
|move|p2a: Aerodactyl|Dual Wingbeat|p1b: Scrafty
|-supereffective|p1b: Scrafty|1
|-damage|p1b: Scrafty|77/100
|-supereffective|p1b: Scrafty|1
|-damage|p1b: Scrafty|53/100
|-hitcount|p1b: Scrafty|2
|move|p1b: Scrafty|Knock Off|p2a: Aerodactyl
|-damage|p2a: Aerodactyl|69/100
|
|upkeep
|
|t:|1783612801
|switch|p1a: Farigiraf|Farigiraf, L50, M|100/100
|turn|2
|
|t:|1783612832
|switch|p2a: Garchomp|Garchomp, L50, M|100/100
|switch|p2b: Kingambit|Kingambit, L50, M|100/100
|move|p1b: Scrafty|Knock Off|p2b: Kingambit
|-resisted|p2b: Kingambit|1
|-damage|p2b: Kingambit|81/100
|-enditem|p2b: Kingambit|Focus Sash|[from] move: Knock Off|[of] p1b: Scrafty
|move|p1a: Farigiraf|Trick Room|p1a: Farigiraf
|-fieldstart|move: Trick Room|[of] p1a: Farigiraf
|
|upkeep
|turn|3
|
|t:|1783612864
|switch|p2b: Aerodactyl|Aerodactyl-Mega, L50, M|69/100
|move|p1b: Scrafty|Brick Break|p2b: Aerodactyl
|-damage|p2b: Aerodactyl|30/100
|move|p1a: Farigiraf|Psychic|p2a: Garchomp
|-damage|p2a: Garchomp|64/100
|move|p2a: Garchomp|Earthquake|p1a: Farigiraf|[spread] p1a,p1b
|-immune|p2b: Aerodactyl
|-damage|p1a: Farigiraf|51/100
|-damage|p1b: Scrafty|5/100
|-enditem|p1b: Scrafty|Sitrus Berry|[eat]
|-heal|p1b: Scrafty|30/100|[from] item: Sitrus Berry
|-damage|p2a: Garchomp|55/100|[from] item: Life Orb
|
|upkeep
|turn|4
|
|t:|1783612897
|move|p1a: Farigiraf|Helping Hand|p1b: Scrafty
|-singleturn|p1b: Scrafty|Helping Hand|[of] p1a: Farigiraf
|move|p2a: Garchomp|Protect|p2a: Garchomp
|-singleturn|p2a: Garchomp|Protect
|move|p1b: Scrafty|Knock Off|p2a: Garchomp
|-activate|p2a: Garchomp|move: Protect
|move|p2b: Aerodactyl|Rock Slide|p1a: Farigiraf|[spread] 
|-miss|p2b: Aerodactyl|p1a: Farigiraf
|-miss|p2b: Aerodactyl|p1b: Scrafty
|
|upkeep
|turn|5
|
|t:|1783612916
|switch|p2a: Farigiraf|Farigiraf, L50, M|37/100
|move|p1a: Farigiraf|Helping Hand|p1b: Scrafty
|-singleturn|p1b: Scrafty|Helping Hand|[of] p1a: Farigiraf
|move|p1b: Scrafty|Brick Break|p2b: Aerodactyl
|-damage|p2b: Aerodactyl|0 fnt
|faint|p2b: Aerodactyl
|
|upkeep
|
|t:|1783612925
|switch|p2b: Garchomp|Garchomp, L50, M|55/100
|turn|6
|
|t:|1783612952
|move|p1a: Farigiraf|Helping Hand|p1b: Scrafty
|-singleturn|p1b: Scrafty|Helping Hand|[of] p1a: Farigiraf
|move|p2b: Garchomp|Protect|p2b: Garchomp
|-singleturn|p2b: Garchomp|Protect
|move|p1b: Scrafty|Knock Off|p2b: Garchomp
|-activate|p2b: Garchomp|move: Protect
|move|p2a: Farigiraf|Thunderbolt|p1b: Scrafty
|-damage|p1b: Scrafty|12/100
|
|-fieldend|move: Trick Room
|upkeep
|turn|7
|
|t:|1783612985
|move|p1b: Scrafty|Detect|p1b: Scrafty
|-singleturn|p1b: Scrafty|Protect
|move|p2b: Garchomp|Stomping Tantrum|p1a: Farigiraf
|-damage|p1a: Farigiraf|5/100
|-damage|p2b: Garchomp|45/100|[from] item: Life Orb
|move|p1a: Farigiraf|Psychic|p2b: Garchomp
|-damage|p2b: Garchomp|10/100
|move|p2a: Farigiraf|Thunderbolt|p1a: Farigiraf
|-damage|p1a: Farigiraf|0 fnt
|faint|p1a: Farigiraf
|
|upkeep
|
|t:|1783612999
|switch|p1a: Mawile|Mawile, L50, M|100/100
|turn|8
|
|t:|1783613014
|detailschange|p1a: Mawile|Mawile-Mega, L50, M
|-mega|p1a: Mawile|Mawile|Mawilite
|move|p2b: Garchomp|Earthquake|p1a: Mawile|[spread] p2a,p1a,p1b
|-supereffective|p1a: Mawile|1
|-damage|p2a: Farigiraf|2/100
|-damage|p1a: Mawile|10/100
|-damage|p1b: Scrafty|0 fnt
|faint|p1b: Scrafty
|-damage|p2b: Garchomp|1/100|[from] item: Life Orb
|move|p2a: Farigiraf|Thunderbolt|p1a: Mawile
|-damage|p1a: Mawile|0 fnt
|faint|p1a: Mawile
|
|win|joyfulwizard
|inactive|FocusRanja has 30 seconds to confirm battle start!
|inactive|joyfulwizard has 30 seconds to confirm battle start!
||joyfulwizard is ready for game 2.
|l|☆FocusRanja
|player|p1|
||FocusRanja is ready for game 2.
|uhtml|next|Next: Game 2 of 3
