|j|☆zaher birgir
|j|☆dr_sugus_vgc
|html|zaher birgirdr_sugus_vgc    
|uhtml|bestof|Game 1 of a best-of-3
|t:|1757190232
|gametype|doubles
|player|p1|zaher birgir|wallace|1084
|player|p2|dr_sugus_vgc|266|1156
|gen|9
|tier|[Gen 9] VGC 2025 Reg H (Bo3)
|rated|
|rule|Species Clause: Limit one of each Pokémon
|rule|Item Clause: Limit 1 of each item
|clearpoke
|poke|p1|Porygon2, L50|
|poke|p1|Indeedee-F, L50, F|
|poke|p1|Armarouge, L50, M|
|poke|p1|Torkoal, L50, F|
|poke|p1|Ursaluna, L50, M|
|poke|p1|Amoonguss, L50, M|
|poke|p2|Amoonguss, L50, F|
|poke|p2|Hydreigon, L50, M|
|poke|p2|Incineroar, L50, M|
|poke|p2|Gholdengo, L50|
|poke|p2|Palafin, L50, M|
|poke|p2|Garchomp, L50, M|
|teampreview|4
|showteam|p1|Porygon2||Eviolite|Download|TrickRoom,Recover,TeraBlast,IceBeam||||||50|,,,,,Fighting]Indeedee-F||SafetyGoggles|PsychicSurge|FollowMe,DazzlingGleam,Protect,TrickRoom|||F|||50|,,,,,Steel]Armarouge||PsychicSeed|FlashFire|ExpandingForce,Flamethrower,Protect,WideGuard|||M|||50|,,,,,Grass]Torkoal||ChoiceSpecs|Drought|Eruption,HeatWave,EarthPower,Overheat|||F|||50|,,,,,Fire]Ursaluna||FlameOrb|Guts|Facade,HeadlongRush,Protect,Taunt|||M|||50|,,,,,Ghost]Amoonguss||MentalHerb|Regenerator|Spore,PollenPuff,Protect,RagePowder|||M|||50|,,,,,Water
|showteam|p2|Amoonguss||RockyHelmet|Regenerator|PollenPuff,Spore,RagePowder,Protect|||F|||50|,,,,,Fairy]Hydreigon||SafetyGoggles|Levitate|DracoMeteor,Protect,Tailwind,Snarl|||M|||50|,,,,,Ghost]Incineroar||SitrusBerry|Intimidate|FlareBlitz,KnockOff,PartingShot,FakeOut|||M|||50|,,,,,Ghost]Gholdengo||MetalCoat|GoodasGold|MakeItRain,ShadowBall,NastyPlot,Protect||||||50|,,,,,Water]Palafin||LifeOrb|ZerotoHero|JetPunch,WaveCrash,CloseCombat,Protect|||M|||50|,,,,,Water]Garchomp||ClearAmulet|RoughSkin|Earthquake,DragonClaw,StompingTantrum,Protect|||M|||50|,,,,,Fire
|inactive|Battle timer is ON: inactive players will automatically lose when time's up. (requested by zaher birgir)
|inactive|zaher birgir has 60 seconds left.
|inactive|zaher birgir has 30 seconds left.
|
|t:|1757190299
|teamsize|p1|4
|teamsize|p2|4
|start
|switch|p1a: Porygon2|Porygon2, L50|100/100
|switch|p1b: Amoonguss|Amoonguss, L50, M|100/100
|switch|p2a: Hydreigon|Hydreigon, L50, M|100/100
|switch|p2b: Garchomp|Garchomp, L50, M|100/100
|-ability|p1a: Porygon2|Download|boost
|-boost|p1a: Porygon2|spa|1
|turn|1
|
|t:|1757190323
|switch|p2b: Incineroar|Incineroar, L50, M|100/100
|-ability|p2b: Incineroar|Intimidate|boost
|-unboost|p1a: Porygon2|atk|1
|-unboost|p1b: Amoonguss|atk|1
|move|p2a: Hydreigon|Snarl|p1b: Amoonguss|[spread] p1a,p1b
|-damage|p1a: Porygon2|91/100
|-damage|p1b: Amoonguss|84/100
|-unboost|p1a: Porygon2|spa|1
|-unboost|p1b: Amoonguss|spa|1
|move|p1b: Amoonguss|Spore|p2b: Incineroar
|-status|p2b: Incineroar|slp|[from] move: Spore
|move|p1a: Porygon2|Trick Room|p1a: Porygon2
|-fieldstart|move: Trick Room|[of] p1a: Porygon2
|
|upkeep
|turn|2
|inactive|zaher birgir has 30 seconds left.
|
|t:|1757190358
|switch|p1a: Ursaluna|Ursaluna, L50, M|100/100
|switch|p2b: Palafin|Palafin, L50, M|100/100
|move|p1b: Amoonguss|Pollen Puff|p1a: Ursaluna
|move|p2a: Hydreigon|Snarl|p1b: Amoonguss|[spread] p1b
|-miss|p2a: Hydreigon|p1a: Ursaluna
|-damage|p1b: Amoonguss|66/100
|-unboost|p1b: Amoonguss|spa|1
|
|-status|p1a: Ursaluna|brn|[from] item: Flame Orb
|upkeep
|turn|3
|
|t:|1757190379
|move|p2b: Palafin|Protect|p2b: Palafin
|-singleturn|p2b: Palafin|Protect
|move|p2a: Hydreigon|Protect|p2a: Hydreigon
|-singleturn|p2a: Hydreigon|Protect
|move|p1b: Amoonguss|Rage Powder|p1b: Amoonguss
|-singleturn|p1b: Amoonguss|move: Rage Powder
|move|p1a: Ursaluna|Facade|p2a: Hydreigon
|-activate|p2a: Hydreigon|move: Protect
|
|-damage|p1a: Ursaluna|95/100 brn|[from] brn
|upkeep
|turn|4
|
|t:|1757190395
|detailschange|p2b: Palafin|Palafin-Hero, L50, M
|switch|p2b: Incineroar|Incineroar, L50, M|100/100 slp
|-ability|p2b: Incineroar|Intimidate|boost
|-unboost|p1a: Ursaluna|atk|1
|-unboost|p1b: Amoonguss|atk|1
|-terastallize|p2a: Hydreigon|Ghost
|move|p1b: Amoonguss|Rage Powder|p1b: Amoonguss
|-singleturn|p1b: Amoonguss|move: Rage Powder
|move|p1a: Ursaluna|Facade|p2a: Hydreigon
|-immune|p2a: Hydreigon
|move|p2a: Hydreigon|Snarl|p1b: Amoonguss|[spread] p1a,p1b
|-damage|p1a: Ursaluna|80/100 brn
|-damage|p1b: Amoonguss|48/100
|-unboost|p1a: Ursaluna|spa|1
|-unboost|p1b: Amoonguss|spa|1
|
|-damage|p1a: Ursaluna|74/100 brn|[from] brn
|upkeep
|turn|5
|inactive|zaher birgir has 30 seconds left.
|inactive|dr_sugus_vgc has 30 seconds left.
|
|t:|1757190425
|switch|p2b: Garchomp|Garchomp, L50, M|100/100
|move|p1b: Amoonguss|Spore|p2b: Garchomp
|-status|p2b: Garchomp|slp|[from] move: Spore
|move|p1a: Ursaluna|Headlong Rush|p2b: Garchomp
|-damage|p2b: Garchomp|28/100 slp
|-unboost|p1a: Ursaluna|def|1
|-unboost|p1a: Ursaluna|spd|1
|-damage|p1a: Ursaluna|62/100 brn|[from] ability: Rough Skin|[of] p2b: Garchomp
|move|p2a: Hydreigon|Snarl|p1b: Amoonguss|[spread] p1a,p1b
|-damage|p1a: Ursaluna|38/100 brn
|-damage|p1b: Amoonguss|32/100
|-unboost|p1a: Ursaluna|spa|1
|-unboost|p1b: Amoonguss|spa|1
|
|-damage|p1a: Ursaluna|32/100 brn|[from] brn
|-fieldend|move: Trick Room
|upkeep
|turn|6
|
|t:|1757190448
|switch|p1a: Porygon2|Porygon2, L50|91/100
|-ability|p1a: Porygon2|Download|boost
|-boost|p1a: Porygon2|spa|1
|cant|p2b: Garchomp|slp
|move|p2a: Hydreigon|Snarl|p1b: Amoonguss|[spread] p1a,p1b
|-damage|p1a: Porygon2|79/100
|-damage|p1b: Amoonguss|14/100
|-unboost|p1a: Porygon2|spa|1
|-unboost|p1b: Amoonguss|spa|1
|move|p1b: Amoonguss|Spore|p2b: Garchomp
|-fail|p2b: Garchomp|slp
|
|upkeep
|turn|7
|
|t:|1757190468
|move|p1b: Amoonguss|Protect|p1b: Amoonguss
|-singleturn|p1b: Amoonguss|Protect
|cant|p2b: Garchomp|slp
|move|p2a: Hydreigon|Snarl|p1a: Porygon2|[spread] p1a
|-activate|p1b: Amoonguss|move: Protect
|-damage|p1a: Porygon2|68/100
|-unboost|p1a: Porygon2|spa|1
|move|p1a: Porygon2|Recover|p1a: Porygon2
|-heal|p1a: Porygon2|100/100
|
|upkeep
|turn|8
|
|t:|1757190481
|move|p1b: Amoonguss|Rage Powder|p1b: Amoonguss
|-singleturn|p1b: Amoonguss|move: Rage Powder
|-curestatus|p2b: Garchomp|slp|[msg]
|move|p2b: Garchomp|Earthquake|p1a: Porygon2|[spread] p1a,p1b
|-immune|p2a: Hydreigon|[from] ability: Levitate
|-crit|p1b: Amoonguss
|-damage|p1a: Porygon2|78/100
|-damage|p1b: Amoonguss|0 fnt
|faint|p1b: Amoonguss
|move|p2a: Hydreigon|Snarl|p1a: Porygon2
|-damage|p1a: Porygon2|64/100
|-unboost|p1a: Porygon2|spa|1
|move|p1a: Porygon2|Trick Room|p1a: Porygon2
|-fieldstart|move: Trick Room|[of] p1a: Porygon2
|
|upkeep
|
|t:|1757190489
|switch|p1b: Torkoal|Torkoal, L50, F|100/100
|-weather|SunnyDay|[from] ability: Drought|[of] p1b: Torkoal
|turn|9
|
|t:|1757190509
|-terastallize|p1b: Torkoal|Fire
|move|p2a: Hydreigon|Protect|p2a: Hydreigon
|-singleturn|p2a: Hydreigon|Protect
|move|p1b: Torkoal|Eruption|p2a: Hydreigon|[spread] p2b
|-activate|p2a: Hydreigon|move: Protect
|-resisted|p2b: Garchomp
|-damage|p2b: Garchomp|0 fnt
|faint|p2b: Garchomp
|move|p1a: Porygon2|Ice Beam|p2a: Hydreigon
|-activate|p2a: Hydreigon|move: Protect
|
|-weather|SunnyDay|[upkeep]
|upkeep
|
|t:|1757190521
|switch|p2b: Palafin|Palafin-Hero, L50, M|100/100
|-activate|p2b: Palafin|ability: Zero to Hero
|turn|10
|
|t:|1757190537
|switch|p1b: Ursaluna|Ursaluna, L50, M|32/100 brn
|move|p2b: Palafin|Jet Punch|p1b: Ursaluna
|-supereffective|p1b: Ursaluna
|-damage|p1b: Ursaluna|0 fnt
|faint|p1b: Ursaluna
|-damage|p2b: Palafin|91/100|[from] item: Life Orb
|move|p1a: Porygon2|Recover|p1a: Porygon2
|-heal|p1a: Porygon2|100/100
|move|p2a: Hydreigon|Snarl|p1a: Porygon2
|-damage|p1a: Porygon2|85/100
|-unboost|p1a: Porygon2|spa|1
|
|-weather|SunnyDay|[upkeep]
|upkeep
|
|t:|1757190540
|switch|p1b: Torkoal|Torkoal, L50, F, tera:Fire|100/100
|turn|11
|
|t:|1757190554
|move|p2b: Palafin|Protect|p2b: Palafin
|-singleturn|p2b: Palafin|Protect
|move|p2a: Hydreigon|Protect|p2a: Hydreigon
|-singleturn|p2a: Hydreigon|Protect
|move|p1b: Torkoal|Heat Wave|p2b: Palafin|[spread] 
|-activate|p2a: Hydreigon|move: Protect
|-activate|p2b: Palafin|move: Protect
|move|p1a: Porygon2|Tera Blast|p2b: Palafin
|-activate|p2b: Palafin|move: Protect
|
|-weather|SunnyDay|[upkeep]
|upkeep
|turn|12
|
|t:|1757190569
|switch|p2b: Incineroar|Incineroar, L50, M|100/100 slp
|-ability|p2b: Incineroar|Intimidate|boost
|-unboost|p1a: Porygon2|atk|1
|-unboost|p1b: Torkoal|atk|1
|move|p1b: Torkoal|Heat Wave|p2b: Incineroar|[spread] p2a,p2b
|-resisted|p2b: Incineroar
|-damage|p2a: Hydreigon|0 fnt
|-damage|p2b: Incineroar|65/100 slp
|faint|p2a: Hydreigon
|move|p1a: Porygon2|Recover|p1a: Porygon2
|-heal|p1a: Porygon2|100/100
|
|-weather|SunnyDay|[upkeep]
|-fieldend|move: Trick Room
|upkeep
|
|t:|1757190580
|switch|p2a: Palafin|Palafin-Hero, L50, M|91/100
|turn|13
|
|t:|1757190590
|move|p2a: Palafin|Protect|p2a: Palafin
|-singleturn|p2a: Palafin|Protect
|cant|p2b: Incineroar|slp
|move|p1b: Torkoal|Heat Wave|p2b: Incineroar|[spread] p2b
|-activate|p2a: Palafin|move: Protect
|-resisted|p2b: Incineroar
|-damage|p2b: Incineroar|27/100 slp
|-enditem|p2b: Incineroar|Sitrus Berry|[eat]
|-heal|p2b: Incineroar|51/100 slp|[from] item: Sitrus Berry
|move|p1a: Porygon2|Trick Room|p1a: Porygon2
|-fieldstart|move: Trick Room|[of] p1a: Porygon2
|
|-weather|none
|upkeep
|turn|14
|inactive|zaher birgir has 30 seconds left.
|
|t:|1757190616
|move|p2a: Palafin|Jet Punch|p1b: Torkoal
|-supereffective|p1b: Torkoal
|-damage|p1b: Torkoal|25/100
|-damage|p2a: Palafin|82/100|[from] item: Life Orb
|move|p1b: Torkoal|Heat Wave|p2b: Incineroar|[spread] p2a,p2b
|-resisted|p2a: Palafin
|-resisted|p2b: Incineroar
|-damage|p2a: Palafin|45/100
|-damage|p2b: Incineroar|29/100 slp
|move|p1a: Porygon2|Tera Blast|p2a: Palafin
|-damage|p2a: Palafin|31/100
|cant|p2b: Incineroar|slp
|
|upkeep
|turn|15
|
|t:|1757190634
|move|p2a: Palafin|Protect|p2a: Palafin
|-singleturn|p2a: Palafin|Protect
|move|p1b: Torkoal|Heat Wave|p2b: Incineroar|[spread] p2b
|-activate|p2a: Palafin|move: Protect
|-resisted|p2b: Incineroar
|-damage|p2b: Incineroar|7/100 slp
|move|p1a: Porygon2|Tera Blast|p2a: Palafin
|-activate|p2a: Palafin|move: Protect
|cant|p2b: Incineroar|slp
|
|upkeep
|turn|16
|
|t:|1757190652
|move|p2a: Palafin|Jet Punch|p1b: Torkoal
|-supereffective|p1b: Torkoal
|-damage|p1b: Torkoal|0 fnt
|faint|p1b: Torkoal
|-damage|p2a: Palafin|22/100|[from] item: Life Orb
|move|p1a: Porygon2|Tera Blast|p2b: Incineroar
|-damage|p2b: Incineroar|0 fnt
|faint|p2b: Incineroar
|
|upkeep
|turn|17
|
|t:|1757190662
|move|p2a: Palafin|Protect|p2a: Palafin
|-singleturn|p2a: Palafin|Protect
|move|p1a: Porygon2|Tera Blast|p2a: Palafin
|-activate|p2a: Palafin|move: Protect
|
|-fieldend|move: Trick Room
|upkeep
|turn|18
|
|t:|1757190669
|move|p2a: Palafin|Close Combat|p1a: Porygon2
|-supereffective|p1a: Porygon2
|-crit|p1a: Porygon2
|-damage|p1a: Porygon2|0 fnt
|-unboost|p2a: Palafin|def|1
|-unboost|p2a: Palafin|spd|1
|faint|p1a: Porygon2
|-damage|p2a: Palafin|12/100|[from] item: Life Orb
|
|win|dr_sugus_vgc
||zaher birgir is ready for game 2.
|inactive|dr_sugus_vgc has 30 seconds to confirm battle start!
||dr_sugus_vgc is ready for game 2.
|uhtml|next|Next: Game 2 of 3
|l|☆zaher birgir
|player|p1|
