|j|☆GenG Fan
|j|☆drroxvgc
|html|GenG Fandrroxvgc    
|uhtml|bestof|Game 3 of a best-of-3
|t:|1756376828
|gametype|doubles
|player|p1|GenG Fan|cynthia-gen4|1051
|player|p2|drroxvgc|101|1048
|gen|9
|tier|[Gen 9] VGC 2025 Reg H (Bo3)
|rated|
|rule|Species Clause: Limit one of each Pokémon
|rule|Item Clause: Limit 1 of each item
|clearpoke
|poke|p1|Torkoal, L50, M|
|poke|p1|Indeedee-F, L50, F|
|poke|p1|Gallade, L50, M|
|poke|p1|Ursaluna, L50, F|
|poke|p1|Hatterene, L50, F|
|poke|p1|Lilligant-Hisui, L50, F|
|poke|p2|Sinistcha, L50|
|poke|p2|Grimmsnarl, L50, M|
|poke|p2|Pelipper, L50, M|
|poke|p2|Ursaluna-Bloodmoon, L50, M|
|poke|p2|Annihilape, L50, F|
|poke|p2|Archaludon, L50, M|
|teampreview|4
|showteam|p1|Torkoal||Charcoal|Drought|Eruption,WeatherBall,EarthPower,Protect|||M|||50|,,,,,Fire]Indeedee-F||PsychicSeed|PsychicSurge|Psychic,FollowMe,HelpingHand,TrickRoom|||F|||50|,,,,,Grass]Gallade||ClearAmulet|Sharpness|SacredSword,PsychoCut,WideGuard,TrickRoom|||M|||50|,,,,,Grass]Ursaluna||FlameOrb|Guts|Facade,HeadlongRush,Substitute,Protect|||F|||50|,,,,,Ghost]Hatterene||LifeOrb|MagicBounce|ExpandingForce,DazzlingGleam,TrickRoom,Protect|||F|||50|,,,,,Water]Lilligant-Hisui||FocusSash|Chlorophyll|SolarBlade,CloseCombat,SleepPowder,AfterYou|||F|||50|,,,,,Grass
|showteam|p2|Sinistcha||SitrusBerry|Hospitality|MatchaGotcha,StrengthSap,RagePowder,Protect||||||50|,,,,,Water]Grimmsnarl||CovertCloak|Prankster|LightScreen,SpiritBreak,ThunderWave,PartingShot|||M|||50|,,,,,Water]Pelipper||FocusSash|Drizzle|Hurricane,Tailwind,WeatherBall,Protect|||M|||50|,,,,,Steel]Ursaluna-Bloodmoon||LifeOrb|MindsEye|Protect,EarthPower,HyperVoice,BloodMoon|||M|||50|,,,,,Fairy]Annihilape||SafetyGoggles|Defiant|DrainPunch,RageFist,BulkUp,Protect|||F|||50|,,,,,Fire]Archaludon||AssaultVest|Stamina|BodyPress,ElectroShot,DracoMeteor,FlashCannon|||M|||50|,,,,,Bug
|
|t:|1756376850
|teamsize|p1|4
|teamsize|p2|4
|start
|switch|p1a: Indeedee|Indeedee-F, L50, F|100/100
|switch|p1b: Hatterene|Hatterene, L50, F|100/100
|switch|p2a: Archaludon|Archaludon, L50, M|100/100
|switch|p2b: Annihilape|Annihilape, L50, F|100/100
|-fieldstart|move: Psychic Terrain|[from] ability: Psychic Surge|[of] p1a: Indeedee
|-enditem|p1a: Indeedee|Psychic Seed
|-boost|p1a: Indeedee|spd|1|[from] item: Psychic Seed
|turn|1
|
|t:|1756376874
|move|p1a: Indeedee|Follow Me|p1a: Indeedee
|-singleturn|p1a: Indeedee|move: Follow Me
|move|p2b: Annihilape|Bulk Up|p2b: Annihilape
|-boost|p2b: Annihilape|atk|1
|-boost|p2b: Annihilape|def|1
|move|p2a: Archaludon|Flash Cannon|p1a: Indeedee
|-crit|p1a: Indeedee
|-damage|p1a: Indeedee|44/100
|move|p1b: Hatterene|Trick Room|p1b: Hatterene
|-fieldstart|move: Trick Room|[of] p1b: Hatterene
|
|upkeep
|turn|2
|
|t:|1756376918
|-terastallize|p1b: Hatterene|Water
|move|p1a: Indeedee|Helping Hand|p1b: Hatterene
|-singleturn|p1b: Hatterene|Helping Hand|[of] p1a: Indeedee
|move|p2b: Annihilape|Protect|p2b: Annihilape
|-singleturn|p2b: Annihilape|Protect
|move|p1b: Hatterene|Expanding Force|p2b: Annihilape|[spread] p2a
|-activate|p2b: Annihilape|move: Protect
|-resisted|p2a: Archaludon
|-damage|p2a: Archaludon|52/100
|-ability|p2a: Archaludon|Stamina|boost
|-boost|p2a: Archaludon|def|1
|-damage|p1b: Hatterene|91/100|[from] item: Life Orb
|move|p2a: Archaludon|Flash Cannon|p1a: Indeedee
|-crit|p1a: Indeedee
|-damage|p1a: Indeedee|0 fnt
|faint|p1a: Indeedee
|
|upkeep
|c|☆GenG Fan|XDDD
|
|t:|1756376944
|switch|p1a: Torkoal|Torkoal, L50, M|100/100
|-weather|SunnyDay|[from] ability: Drought|[of] p1a: Torkoal
|turn|3
|
|t:|1756376963
|switch|p2b: Pelipper|Pelipper, L50, M|100/100
|-weather|RainDance|[from] ability: Drizzle|[of] p2b: Pelipper
|move|p1a: Torkoal|Eruption|p2b: Pelipper|[spread] p2a,p2b
|-resisted|p2b: Pelipper
|-damage|p2a: Archaludon|30/100
|-damage|p2b: Pelipper|75/100
|-ability|p2a: Archaludon|Stamina|boost
|-boost|p2a: Archaludon|def|1
|move|p1b: Hatterene|Expanding Force|p2a: Archaludon|[spread] p2a,p2b
|-resisted|p2a: Archaludon
|-damage|p2a: Archaludon|0 fnt
|-damage|p2b: Pelipper|0 fnt
|faint|p2a: Archaludon
|faint|p2b: Pelipper
|-damage|p1b: Hatterene|82/100|[from] item: Life Orb
|
|-weather|RainDance|[upkeep]
|upkeep
|
|t:|1756376975
|switch|p2a: Sinistcha|Sinistcha, L50|100/100
|switch|p2b: Annihilape|Annihilape, L50, F|100/100
|turn|4
|
|t:|1756377020
|-terastallize|p2b: Annihilape|Fire
|move|p1a: Torkoal|Protect|p1a: Torkoal
|-singleturn|p1a: Torkoal|Protect
|move|p1b: Hatterene|Protect|p1b: Hatterene
|-singleturn|p1b: Hatterene|Protect
|move|p2a: Sinistcha|Matcha Gotcha|p1a: Torkoal|[spread] 
|-activate|p1a: Torkoal|move: Protect
|-activate|p1b: Hatterene|move: Protect
|move|p2b: Annihilape|Rage Fist|p1b: Hatterene
|-activate|p1b: Hatterene|move: Protect
|
|-weather|RainDance|[upkeep]
|upkeep
|turn|5
|
|t:|1756377051
|switch|p1b: Ursaluna|Ursaluna, L50, F|100/100
|move|p2a: Sinistcha|Protect|p2a: Sinistcha
|-singleturn|p2a: Sinistcha|Protect
|move|p2b: Annihilape|Protect|p2b: Annihilape
|-singleturn|p2b: Annihilape|Protect
|move|p1a: Torkoal|Weather Ball|p2b: Annihilape
|-activate|p2b: Annihilape|move: Protect
|
|-weather|RainDance|[upkeep]
|-fieldend|move: Trick Room
|-fieldend|move: Psychic Terrain
|-status|p1b: Ursaluna|brn|[from] item: Flame Orb
|upkeep
|turn|6
|
|t:|1756377086
|move|p1b: Ursaluna|Protect|p1b: Ursaluna
|-singleturn|p1b: Ursaluna|Protect
|move|p2a: Sinistcha|Rage Powder|p2a: Sinistcha
|-singleturn|p2a: Sinistcha|move: Rage Powder
|move|p2b: Annihilape|Drain Punch|p1b: Ursaluna
|-activate|p1b: Ursaluna|move: Protect
|move|p1a: Torkoal|Eruption|p2b: Annihilape|[spread] p2a,p2b
|-supereffective|p2a: Sinistcha
|-resisted|p2b: Annihilape
|-damage|p2a: Sinistcha|48/100
|-damage|p2b: Annihilape|88/100
|-enditem|p2a: Sinistcha|Sitrus Berry|[eat]
|-heal|p2a: Sinistcha|73/100|[from] item: Sitrus Berry
|
|-weather|RainDance|[upkeep]
|-damage|p1b: Ursaluna|95/100 brn|[from] brn
|upkeep
|turn|7
|
|t:|1756377109
|switch|p1b: Hatterene|Hatterene, L50, F, tera:Water|82/100
|move|p2a: Sinistcha|Rage Powder|p2a: Sinistcha
|-singleturn|p2a: Sinistcha|move: Rage Powder
|move|p2b: Annihilape|Drain Punch|p1b: Hatterene
|-damage|p1b: Hatterene|42/100
|-heal|p2b: Annihilape|100/100|[from] drain|[of] p1b: Hatterene
|move|p1a: Torkoal|Eruption|p2a: Sinistcha|[spread] p2a,p2b
|-supereffective|p2a: Sinistcha
|-resisted|p2b: Annihilape
|-damage|p2a: Sinistcha|21/100
|-damage|p2b: Annihilape|87/100
|
|-weather|none
|upkeep
|turn|8
|
|t:|1756377150
|move|p2a: Sinistcha|Protect|p2a: Sinistcha
|-singleturn|p2a: Sinistcha|Protect
|move|p1b: Hatterene|Protect|p1b: Hatterene
|-singleturn|p1b: Hatterene|Protect
|move|p2b: Annihilape|Rage Fist|p1b: Hatterene
|-activate|p1b: Hatterene|move: Protect
|move|p1a: Torkoal|Eruption|p2b: Annihilape|[spread] p2b
|-activate|p2a: Sinistcha|move: Protect
|-resisted|p2b: Annihilape
|-damage|p2b: Annihilape|62/100
|
|upkeep
|turn|9
|
|t:|1756377189
|move|p2b: Annihilape|Rage Fist|p1b: Hatterene
|-damage|p1b: Hatterene|0 fnt
|faint|p1b: Hatterene
|move|p2a: Sinistcha|Strength Sap|p1a: Torkoal
|-unboost|p1a: Torkoal|atk|1
|-heal|p2a: Sinistcha|72/100
|move|p1a: Torkoal|Eruption|p2b: Annihilape|[spread] p2a,p2b
|-supereffective|p2a: Sinistcha
|-resisted|p2b: Annihilape
|-damage|p2a: Sinistcha|0 fnt
|-damage|p2b: Annihilape|37/100
|faint|p2a: Sinistcha
|
|upkeep
|
|t:|1756377201
|switch|p1b: Ursaluna|Ursaluna, L50, F|95/100 brn
|turn|10
|
|t:|1756377209
|move|p2b: Annihilape|Protect|p2b: Annihilape
|-singleturn|p2b: Annihilape|Protect
|move|p1b: Ursaluna|Headlong Rush|p2b: Annihilape
|-activate|p2b: Annihilape|move: Protect
|move|p1a: Torkoal|Earth Power|p2b: Annihilape
|-activate|p2b: Annihilape|move: Protect
|
|-damage|p1b: Ursaluna|89/100 brn|[from] brn
|upkeep
|turn|11
|
|t:|1756377224
|move|p2b: Annihilape|Drain Punch|p1b: Ursaluna
|-supereffective|p1b: Ursaluna
|-damage|p1b: Ursaluna|32/100 brn
|-heal|p2b: Annihilape|66/100|[from] drain|[of] p1b: Ursaluna
|move|p1b: Ursaluna|Headlong Rush|p2b: Annihilape
|-supereffective|p2b: Annihilape
|-damage|p2b: Annihilape|0 fnt
|-unboost|p1b: Ursaluna|def|1
|-unboost|p1b: Ursaluna|spd|1
|faint|p2b: Annihilape
|
|win|GenG Fan
|raw|GenG Fan's rating: 1051 → 1083(+32 for winning)
|raw|drroxvgc's rating: 1048 → 1031(-17 for losing)
|l|☆drroxvgc
|player|p2|
