|j|☆Ah nick 12
|j|☆Fell Blue
|html|Ah nick 12Fell Blue    
|uhtml|bestof|Game 3 of a best-of-3
|t:|1782189209
|gametype|doubles
|player|p1|Ah nick 12|cynthia-gen4|1066
|player|p2|Fell Blue|fantina|1190
|gen|9
|tier|[Gen 9 Champions] VGC 2026 Reg M-B (Bo3)
|rated|
|rule|Species Clause: Limit one of each Pokémon
|rule|Item Clause: Limit 1 of each item
|clearpoke
|poke|p1|Excadrill, L50, F, shiny|
|poke|p1|Tyranitar, L50, F, shiny|
|poke|p1|Corviknight, L50, F, shiny|
|poke|p1|Hydreigon, L50, F, shiny|
|poke|p1|Scovillain, L50, F, shiny|
|poke|p1|Houndstone, L50, F, shiny|
|poke|p2|Mawile, L50, F|
|poke|p2|Farigiraf, L50, F|
|poke|p2|Hatterene, L50, F|
|poke|p2|Ampharos, L50, M|
|poke|p2|Kangaskhan, L50, F|
|poke|p2|Torkoal, L50, F|
|teampreview|4
|showteam|p1|Excadrill||FocusSash|SandRush|Earthquake,IronHead,RockSlide,Protect|Adamant||F|||50|]Tyranitar||Tyranitarite|SandStream|RockSlide,KnockOff,LowKick,Protect|Adamant||F|||50|]Corviknight||Leftovers|MirrorArmor|BraveBird,BulkUp,Roost,Tailwind|Careful||F|||50|]Hydreigon||ChoiceScarf|Levitate|DracoMeteor,DarkPulse,HeatWave,Snarl|Modest||F|||50|]Scovillain||Scovillainite|Moody|Overheat,GigaDrain,RagePowder,Protect|Calm||F|||50|]Houndstone||SitrusBerry|SandRush|LastRespects,WillOWisp,BodyPress,Protect|Adamant||F|||50|
|showteam|p2|Mawile||Mawilite|Intimidate|IronHead,Protect,SuckerPunch,PlayRough|Brave||F|||50|]Farigiraf||ColburBerry|ArmorTail|Psychic,TrickRoom,SunnyDay,HelpingHand|Modest||F|||50|]Hatterene||LifeOrb|MagicBounce|DazzlingGleam,MysticalFire,Psychic,Protect|Quiet||F|||50|]Ampharos||Ampharosite|Static|PowerGem,Protect,DragonPulse,Thunderbolt|Quiet||M|||50|]Kangaskhan||SilkScarf|Scrappy|FakeOut,LastResort|Brave||F|||50|]Torkoal||Charcoal|Drought|EarthPower,Eruption,HeatWave,Protect|Quiet||F|||50|
|inactive|Battle timer is ON: inactive players will automatically lose when time's up. (requested by Ah nick 12)
|
|t:|1782189239
|teamsize|p1|4
|teamsize|p2|4
|start
|switch|p1a: Trinacria|Hydreigon, L50, F, shiny|100/100
|switch|p1b: Pepperony|Scovillain, L50, F, shiny|100/100
|switch|p2a: Farigiraf|Farigiraf, L50, F|100/100
|switch|p2b: Kangaskhan|Kangaskhan, L50, F|100/100
|turn|1
|
|t:|1782189249
|detailschange|p1b: Pepperony|Scovillain-Mega, L50, F, shiny
|-mega|p1b: Pepperony|Scovillain|Scovillainite
|move|p2b: Kangaskhan|Fake Out|p1a: Trinacria
|-damage|p1a: Trinacria|72/100
|cant|p1a: Trinacria|flinch
|move|p1b: Pepperony|Overheat|p2a: Farigiraf
|-crit|p2a: Farigiraf
|-damage|p2a: Farigiraf|20/100y
|-unboost|p1b: Pepperony|spa|2
|move|p2a: Farigiraf|Trick Room|p2a: Farigiraf
|-fieldstart|move: Trick Room|[of] p2a: Farigiraf
|
|upkeep
|turn|2
|
|t:|1782189258
|move|p2a: Farigiraf|Helping Hand|p2b: Kangaskhan
|-singleturn|p2b: Kangaskhan|Helping Hand|[of] p2a: Farigiraf
|move|p1b: Pepperony|Rage Powder|p1b: Pepperony
|-singleturn|p1b: Pepperony|move: Rage Powder
|move|p2b: Kangaskhan|Last Resort|p1b: Pepperony
|-damage|p1b: Pepperony|0 fnt
|-status|p2b: Kangaskhan|brn|[from] ability: Spicy Spray|[of] p1b: Pepperony
|faint|p1b: Pepperony
|move|p1a: Trinacria|Dark Pulse|p2a: Farigiraf
|-supereffective|p2a: Farigiraf|1
|-enditem|p2a: Farigiraf|Colbur Berry|[eat]
|-enditem|p2a: Farigiraf|Colbur Berry|[weaken]
|-damage|p2a: Farigiraf|0 fnt
|faint|p2a: Farigiraf
|
|-damage|p2b: Kangaskhan|93/100 brn|[from] brn
|upkeep
|
|t:|1782189269
|switch|p2a: Hatterene|Hatterene, L50, F|100/100
|switch|p1b: Tormentilla|Tyranitar, L50, F, shiny|100/100
|-weather|Sandstorm|[from] ability: Sand Stream|[of] p1b: Tormentilla
|turn|3
|
|t:|1782189277
|switch|p2b: Mawile|Mawile, L50, F|100/100
|-ability|p2b: Mawile|Intimidate|boost
|-unboost|p1a: Trinacria|atk|1
|-unboost|p1b: Tormentilla|atk|1
|move|p2a: Hatterene|Dazzling Gleam|p1a: Trinacria|[spread] p1a,p1b
|-supereffective|p1a: Trinacria|2
|-supereffective|p1b: Tormentilla|1
|-damage|p1a: Trinacria|0 fnt
|-damage|p1b: Tormentilla|41/100
|faint|p1a: Trinacria
|-damage|p2a: Hatterene|90/100|[from] item: Life Orb
|move|p1b: Tormentilla|Knock Off|p2a: Hatterene
|-damage|p2a: Hatterene|51/100
|-enditem|p2a: Hatterene|Life Orb|[from] move: Knock Off|[of] p1b: Tormentilla
|
|-weather|Sandstorm|[upkeep]
|-damage|p2a: Hatterene|45/100|[from] Sandstorm
|upkeep
|
|t:|1782189283
|switch|p1a: Borer|Excadrill, L50, F, shiny|100/100
|turn|4
|
|t:|1782189305
|detailschange|p2b: Mawile|Mawile-Mega, L50, F
|-mega|p2b: Mawile|Mawile|Mawilite
|move|p1b: Tormentilla|Protect|p1b: Tormentilla
|-singleturn|p1b: Tormentilla|Protect
|move|p1a: Borer|Protect|p1a: Borer
|-singleturn|p1a: Borer|Protect
|move|p2a: Hatterene|Mystical Fire|p1a: Borer
|-activate|p1a: Borer|move: Protect
|move|p2b: Mawile|Iron Head|p1b: Tormentilla
|-activate|p1b: Tormentilla|move: Protect
|
|-weather|Sandstorm|[upkeep]
|-damage|p2a: Hatterene|39/100|[from] Sandstorm
|upkeep
|turn|5
|
|t:|1782189318
|move|p2a: Hatterene|Dazzling Gleam|p1b: Tormentilla|[spread] p1a,p1b
|-resisted|p1a: Borer|1
|-supereffective|p1b: Tormentilla|1
|-damage|p1a: Borer|76/100
|-damage|p1b: Tormentilla|0 fnt
|faint|p1b: Tormentilla
|move|p2b: Mawile|Iron Head|p1a: Borer
|-resisted|p1a: Borer|1
|-damage|p1a: Borer|15/100
|cant|p1a: Borer|flinch
|
|-weather|Sandstorm|[upkeep]
|-damage|p2a: Hatterene|32/100|[from] Sandstorm
|-fieldend|move: Trick Room
|upkeep
|turn|6
|
|t:|1782189328
|move|p2b: Mawile|Sucker Punch|p1a: Borer
|-damage|p1a: Borer|0 fnt
|faint|p1a: Borer
|
|win|Fell Blue
|raw|Ah nick 12's rating: 1066 → 1053(-13 for losing)
|raw|Fell Blue's rating: 1190 → 1206(+16 for winning)
