|j|☆godoftoasty
|j|☆pawmifleet
|html|godoftoastypawmifleet    
|uhtml|bestof|Game 3 of a best-of-3
|t:|1784136526
|gametype|doubles
|player|p1|godoftoasty|101|1204
|player|p2|pawmifleet|fisherman-gen4|1197
|gen|9
|tier|[Gen 9 Champions] VGC 2026 Reg M-B (Bo3)
|rated|
|rule|Species Clause: Limit one of each Pokémon
|rule|Item Clause: Limit 1 of each item
|clearpoke
|poke|p1|Gengar, L50, F, shiny|
|poke|p1|Incineroar, L50, M|
|poke|p1|Garchomp, L50, F|
|poke|p1|Ninetales-Alola, L50, F|
|poke|p1|Blaziken, L50, F|
|poke|p1|Kingambit, L50, M|
|poke|p2|Incineroar, L50, M|
|poke|p2|Venusaur, L50, M|
|poke|p2|Charizard, L50, M|
|poke|p2|Garchomp, L50, M|
|poke|p2|Toxapex, L50, M|
|poke|p2|Annihilape, L50, F|
|teampreview|4
|showteam|p1|Gengar||Gengarite|CursedBody|ShadowBall,SludgeBomb,PerishSong,Protect|Timid||F|||50|]Incineroar||SitrusBerry|Intimidate|FakeOut,PartingShot,Protect,FlareBlitz|Impish||M|||50|]Garchomp||LifeOrb|RoughSkin|DragonClaw,StompingTantrum,RockSlide,Protect|Jolly||F|||50|]Ninetales-Alola||FocusSash|SnowWarning|Blizzard,Encore,Disable,Protect|Timid||F|||50|]Blaziken||Blazikenite|SpeedBoost|FlareBlitz,CloseCombat,Coaching,Detect|Adamant||F|||50|]Kingambit||ExpertBelt|Defiant|KowtowCleave,SuckerPunch,IronHead,Protect|Adamant||M|||50|
|showteam|p2|Incineroar||SitrusBerry|Intimidate|FakeOut,ThroatChop,FlareBlitz,PartingShot|Impish||M|||50|]Venusaur||LifeOrb|Chlorophyll|SolarBeam,SludgeBomb,EarthPower,Protect|Modest||M|||50|]Charizard||CharizarditeY|Blaze|HeatWave,WeatherBall,HelpingHand,Protect|Modest||M|||50|]Garchomp||ChoiceScarf|RoughSkin|DragonClaw,Earthquake,RockSlide,StompingTantrum|Adamant||M|||50|]Toxapex||Leftovers|Regenerator|Infestation,Toxic,BanefulBunker,WideGuard|Bold||M|||50|]Annihilape||FocusSash|Defiant|PhantomForce,CloseCombat,RockTomb,Protect|Jolly||F|||50|
|inactive|Battle timer is ON: inactive players will automatically lose when time's up. (requested by pawmifleet)
|inactive|godoftoasty has 60 seconds left.
|inactive|godoftoasty has 30 seconds left.
|
|t:|1784136588
|teamsize|p1|4
|teamsize|p2|4
|start
|switch|p1a: Gengar|Gengar, L50, F, shiny|100/100
|switch|p1b: Blaziken|Blaziken, L50, F|100/100
|switch|p2a: Venusaur|Venusaur, L50, M|100/100
|switch|p2b: Charizard|Charizard, L50, M|100/100
|turn|1
|
|t:|1784136612
|detailschange|p1a: Gengar|Gengar-Mega, L50, F, shiny
|-mega|p1a: Gengar|Gengar|Gengarite
|detailschange|p2b: Charizard|Charizard-Mega-Y, L50, M
|-mega|p2b: Charizard|Charizard|Charizardite Y
|-weather|SunnyDay|[from] ability: Drought|[of] p2b: Charizard
|move|p1a: Gengar|Protect|p1a: Gengar
|-singleturn|p1a: Gengar|Protect
|move|p1b: Blaziken|Detect|p1b: Blaziken
|-singleturn|p1b: Blaziken|Protect
|move|p2a: Venusaur|Earth Power|p1a: Gengar
|-activate|p1a: Gengar|move: Protect
|move|p2b: Charizard|Heat Wave|p1a: Gengar|[spread] 
|-activate|p1a: Gengar|move: Protect
|-activate|p1b: Blaziken|move: Protect
|
|-weather|SunnyDay|[upkeep]
|-ability|p1b: Blaziken|Speed Boost|boost
|-boost|p1b: Blaziken|spe|1
|upkeep
|turn|2
|
|t:|1784136630
|switch|p1a: Ninetales|Ninetales-Alola, L50, F|100/100
|-weather|Snowscape|[from] ability: Snow Warning|[of] p1a: Ninetales
|move|p1b: Blaziken|Flare Blitz|p2a: Venusaur
|-supereffective|p2a: Venusaur|1
|-damage|p2a: Venusaur|0 fnt
|faint|p2a: Venusaur
|-damage|p1b: Blaziken|66/100|[from] Recoil
|move|p2b: Charizard|Weather Ball|p1a: Ninetales
|-resisted|p1a: Ninetales|1
|-damage|p1a: Ninetales|80/100
|
|-weather|Snowscape|[upkeep]
|-ability|p1b: Blaziken|Speed Boost|boost
|-boost|p1b: Blaziken|spe|1
|upkeep
|
|t:|1784136636
|switch|p2a: Garchomp|Garchomp, L50, M|100/100
|turn|3
|inactive|godoftoasty has 30 seconds left.
|
|t:|1784136669
|move|p1a: Ninetales|Protect|p1a: Ninetales
|-singleturn|p1a: Ninetales|Protect
|move|p1b: Blaziken|Coaching|p1a: Ninetales
|-boost|p1a: Ninetales|atk|1
|-boost|p1a: Ninetales|def|1
|move|p2a: Garchomp|Earthquake|p1a: Ninetales|[spread] p1b
|-activate|p1a: Ninetales|move: Protect
|-immune|p2b: Charizard
|-supereffective|p1b: Blaziken|1
|-damage|p1b: Blaziken|0 fnt
|faint|p1b: Blaziken
|move|p2b: Charizard|Heat Wave|p1a: Ninetales
|-activate|p1a: Ninetales|move: Protect
|
|-weather|Snowscape|[upkeep]
|upkeep
|
|t:|1784136672
|switch|p1b: Gengar|Gengar-Mega, L50, F, shiny|100/100
|turn|4
|
|t:|1784136683
|move|p1b: Gengar|Protect|p1b: Gengar
|-singleturn|p1b: Gengar|Protect
|move|p2a: Garchomp|Earthquake|p1a: Ninetales|[spread] p1a
|-activate|p1b: Gengar|move: Protect
|-immune|p2b: Charizard
|-damage|p1a: Ninetales|57/100
|move|p1a: Ninetales|Blizzard|p2a: Garchomp|[spread] p2a,p2b
|-supereffective|p2a: Garchomp|2
|-damage|p2a: Garchomp|0 fnt
|-damage|p2b: Charizard|77/100
|faint|p2a: Garchomp
|move|p2b: Charizard|Heat Wave|p1b: Gengar|[spread] 
|-activate|p1b: Gengar|move: Protect
|-miss|p2b: Charizard|p1a: Ninetales
|
|-weather|Snowscape|[upkeep]
|upkeep
|
|t:|1784136686
|switch|p2a: Toxapex|Toxapex, L50, M|100/100
|turn|5
|
|t:|1784136694
|move|p1b: Gengar|Perish Song|p1b: Gengar
|-start|p1a: Ninetales|perish3|[silent]
|-start|p1b: Gengar|perish3|[silent]
|-start|p2a: Toxapex|perish3|[silent]
|-start|p2b: Charizard|perish3|[silent]
|-fieldactivate|move: Perish Song
|move|p1a: Ninetales|Disable|p2b: Charizard
|-start|p2b: Charizard|Disable|Heat Wave
|move|p2b: Charizard|Weather Ball|p1b: Gengar
|-damage|p1b: Gengar|56/100
|move|p2a: Toxapex|Toxic|p1a: Ninetales
|-status|p1a: Ninetales|tox
|
|-weather|Snowscape|[upkeep]
|-damage|p1a: Ninetales|51/100 tox|[from] psn
|-start|p1b: Gengar|perish3
|-start|p1a: Ninetales|perish3
|-start|p2b: Charizard|perish3
|-start|p2a: Toxapex|perish3
|upkeep
|turn|6
|
|t:|1784136710
|move|p1b: Gengar|Sludge Bomb|p2b: Charizard
|-damage|p2b: Charizard|37/100
|move|p1a: Ninetales|Encore|p2a: Toxapex
|-start|p2a: Toxapex|Encore
|move|p2b: Charizard|Weather Ball|p1b: Gengar
|-damage|p1b: Gengar|10/100
|move|p2a: Toxapex|Toxic|p1a: Ninetales
|-fail|p1a: Ninetales|tox
|
|-weather|none
|-damage|p1a: Ninetales|40/100 tox|[from] psn
|-start|p1b: Gengar|perish2
|-start|p1a: Ninetales|perish2
|-start|p2b: Charizard|perish2
|-start|p2a: Toxapex|perish2
|upkeep
|turn|7
|
|t:|1784136724
|move|p1b: Gengar|Sludge Bomb|p2b: Charizard
|-damage|p2b: Charizard|0 fnt
|faint|p2b: Charizard
|move|p1a: Ninetales|Disable|p2a: Toxapex
|-start|p2a: Toxapex|Disable|Toxic
|cant|p2a: Toxapex|Disable|Toxic
|
|-damage|p1a: Ninetales|22/100 tox|[from] psn
|-start|p1b: Gengar|perish1
|-start|p1a: Ninetales|perish1
|-start|p2a: Toxapex|perish1
|upkeep
|turn|8
|
|t:|1784136729
|move|p1b: Gengar|Shadow Ball|p2a: Toxapex
|-damage|p2a: Toxapex|67/100
|move|p1a: Ninetales|Blizzard|p2a: Toxapex
|-resisted|p2a: Toxapex|1
|-damage|p2a: Toxapex|53/100
|-activate|p2a: Toxapex|move: Struggle
|move|p2a: Toxapex|Struggle|p1a: Ninetales
|-damage|p1a: Ninetales|16/100 tox
|-damage|p2a: Toxapex|28/100|[from] recoil
|
|-heal|p2a: Toxapex|34/100|[from] item: Leftovers
|-damage|p1a: Ninetales|0 fnt|[from] psn
|faint|p1a: Ninetales
|-end|p2a: Toxapex|Encore
|-start|p1b: Gengar|perish0
|-start|p2a: Toxapex|perish0
|upkeep
|faint|p1b: Gengar
|faint|p2a: Toxapex
|
|win|godoftoasty
|raw|godoftoasty's rating: 1204 → 1228(+24 for winning)
|raw|pawmifleet's rating: 1197 → 1173(-24 for losing)
