|j|☆bcoffey1010
|j|☆Bosilek
|html|bcoffey1010Bosilek    
|uhtml|bestof|Game 1 of a best-of-3
|t:|1756236804
|gametype|doubles
|player|p1|bcoffey1010|102|1203
|player|p2|Bosilek|lance|1052
|gen|9
|tier|[Gen 9] VGC 2025 Reg H (Bo3)
|rated|
|rule|Species Clause: Limit one of each Pokémon
|rule|Item Clause: Limit 1 of each item
|clearpoke
|poke|p1|Talonflame, L50, M|
|poke|p1|Gholdengo, L50|
|poke|p1|Dragonite, L50, M|
|poke|p1|Archaludon, L50, M|
|poke|p1|Tyranitar, L50, M|
|poke|p1|Garchomp, L50, F|
|poke|p2|Annihilape, L50, M|
|poke|p2|Maushold, L50|
|poke|p2|Archaludon, L50, F|
|poke|p2|Pelipper, L50, M|
|poke|p2|Amoonguss, L50, F|
|poke|p2|Ursaluna, L50, M|
|teampreview|4
|showteam|p1|Talonflame||CovertCloak|GaleWings|Tailwind,BraveBird,Taunt,WillOWisp|||M|||50|,,,,,Ghost]Gholdengo||ChoiceSpecs|GoodasGold|MakeItRain,SteelBeam,ShadowBall,PowerGem||||||50|,,,,,Steel]Dragonite||LoadedDice|Multiscale|ScaleShot,Protect,Haze,ExtremeSpeed|||M|||50|,,,,,Steel]Archaludon||PowerHerb|Sturdy|FlashCannon,ElectroShot,DracoMeteor,Protect|||M|||50|,,,,,Flying]Tyranitar||AssaultVest|SandStream|KnockOff,RockSlide,TeraBlast,LowKick|||M|||50|,,,,,Flying]Garchomp||LifeOrb|RoughSkin|DragonClaw,StompingTantrum,Earthquake,Protect|||F|||50|,,,,,Steel
|showteam|p2|Annihilape||SafetyGoggles|Defiant|Protect,BulkUp,DrainPunch,RageFist|||M|||50|,,,,,Water]Maushold||CovertCloak|FriendGuard|FollowMe,Taunt,BeatUp,SuperFang||||||50|,,,,,Ghost]Archaludon||AssaultVest|Stamina|FlashCannon,DragonPulse,ElectroShot,BodyPress|||F|||50|,,,,,Bug]Pelipper||FocusSash|Drizzle|Protect,WeatherBall,Hurricane,Tailwind|||M|||50|,,,,,Ghost]Amoonguss||SitrusBerry|Regenerator|SludgeBomb,PollenPuff,Spore,RagePowder|||F|||50|,,,,,Water]Ursaluna||FlameOrb|Guts|Protect,HeadlongRush,Earthquake,Facade|||M|||50|,,,,,Ghost
|l|☆bcoffey1010
|player|p1|
|j|☆bcoffey1010
|player|p1|bcoffey1010|102|
|inactive|Battle timer is ON: inactive players will automatically lose when time's up. (requested by bcoffey1010)
|
|t:|1756236886
|teamsize|p1|4
|teamsize|p2|4
|start
|switch|p1a: Talonflame|Talonflame, L50, M|100/100
|switch|p1b: Gholdengo|Gholdengo, L50|100/100
|switch|p2a: Ursaluna|Ursaluna, L50, M|100/100
|switch|p2b: Pelipper|Pelipper, L50, M|100/100
|-weather|RainDance|[from] ability: Drizzle|[of] p2b: Pelipper
|turn|1
|inactive|bcoffey1010 has 30 seconds left.
|
|t:|1756236920
|-terastallize|p1b: Gholdengo|Steel
|move|p2a: Ursaluna|Protect|p2a: Ursaluna
|-singleturn|p2a: Ursaluna|Protect
|move|p1a: Talonflame|Taunt|p2b: Pelipper
|-start|p2b: Pelipper|move: Taunt
|move|p1b: Gholdengo|Make It Rain|p2a: Ursaluna|[spread] p2b
|-activate|p2a: Ursaluna|move: Protect
|-resisted|p2b: Pelipper
|-damage|p2b: Pelipper|20/100
|-unboost|p1b: Gholdengo|spa|1
|cant|p2b: Pelipper|move: Taunt|Tailwind
|
|-weather|RainDance|[upkeep]
|-status|p2a: Ursaluna|brn|[from] item: Flame Orb
|upkeep
|turn|2
|
|t:|1756236943
|move|p1a: Talonflame|Tailwind|p1a: Talonflame
|-sidestart|p1: bcoffey1010|move: Tailwind
|move|p1b: Gholdengo|Make It Rain|p2a: Ursaluna|[spread] p2a,p2b
|-resisted|p2b: Pelipper
|-damage|p2a: Ursaluna|47/100 brn
|-damage|p2b: Pelipper|0 fnt
|-unboost|p1b: Gholdengo|spa|1
|faint|p2b: Pelipper
|move|p2a: Ursaluna|Earthquake|p1b: Gholdengo|[spread] p1b
|-immune|p1a: Talonflame
|-supereffective|p1b: Gholdengo
|-damage|p1b: Gholdengo|0 fnt
|faint|p1b: Gholdengo
|
|-weather|RainDance|[upkeep]
|-damage|p2a: Ursaluna|40/100 brn|[from] brn
|upkeep
|
|t:|1756236955
|switch|p1b: Dragonite|Dragonite, L50, M|100/100
|switch|p2b: Maushold|Maushold, L50|100/100
|turn|3
|
|t:|1756236974
|switch|p2a: Annihilape|Annihilape, L50, M|100/100
|move|p1b: Dragonite|Protect|p1b: Dragonite
|-singleturn|p1b: Dragonite|Protect
|move|p1a: Talonflame|Taunt|p2b: Maushold
|-start|p2b: Maushold|move: Taunt
|cant|p2b: Maushold|move: Taunt|Taunt
|
|-weather|RainDance|[upkeep]
|upkeep
|turn|4
|
|t:|1756236989
|move|p2a: Annihilape|Protect|p2a: Annihilape
|-singleturn|p2a: Annihilape|Protect
|move|p1a: Talonflame|Will-O-Wisp|p2a: Annihilape
|-activate|p2a: Annihilape|move: Protect
|move|p1b: Dragonite|Scale Shot|p2b: Maushold
|-damage|p2b: Maushold|82/100
|-damage|p2b: Maushold|63/100
|-damage|p2b: Maushold|42/100
|-damage|p2b: Maushold|24/100
|-damage|p2b: Maushold|5/100
|-hitcount|p2b: Maushold|5
|-unboost|p1b: Dragonite|def|1
|-boost|p1b: Dragonite|spe|1
|move|p2b: Maushold|Super Fang|p1b: Dragonite
|-damage|p1b: Dragonite|51/100
|
|-weather|RainDance|[upkeep]
|upkeep
|turn|5
|inactive|bcoffey1010 has 30 seconds left.
|inactive|Bosilek has 30 seconds left.
|inactive|Bosilek has 20 seconds left.
|inactive|Bosilek has 15 seconds left.
|
|t:|1756237032
|move|p1b: Dragonite|Scale Shot|p2a: Annihilape
|-crit|p2a: Annihilape
|-damage|p2a: Annihilape|83/100
|-damage|p2a: Annihilape|73/100
|-damage|p2a: Annihilape|62/100
|-damage|p2a: Annihilape|52/100
|-damage|p2a: Annihilape|40/100
|-hitcount|p2a: Annihilape|5
|-unboost|p1b: Dragonite|def|1
|-boost|p1b: Dragonite|spe|1
|move|p1a: Talonflame|Will-O-Wisp|p2a: Annihilape
|-status|p2a: Annihilape|brn
|move|p2b: Maushold|Beat Up|p2a: Annihilape
|-damage|p2a: Annihilape|38/100 brn
|-hitcount|p2a: Annihilape|1
|move|p2a: Annihilape|Bulk Up|p2a: Annihilape
|-boost|p2a: Annihilape|atk|1
|-boost|p2a: Annihilape|def|1
|
|-weather|none
|-damage|p2a: Annihilape|32/100 brn|[from] brn
|-end|p2b: Maushold|move: Taunt
|-sideend|p1: bcoffey1010|move: Tailwind
|upkeep
|turn|6
|inactive|bcoffey1010 has 30 seconds left.
|
|t:|1756237061
|move|p1a: Talonflame|Brave Bird|p2a: Annihilape
|-supereffective|p2a: Annihilape
|-damage|p2a: Annihilape|0 fnt
|faint|p2a: Annihilape
|-damage|p1a: Talonflame|88/100|[from] Recoil
|move|p1b: Dragonite|Scale Shot|p2b: Maushold
|-damage|p2b: Maushold|0 fnt
|faint|p2b: Maushold
|-hitcount|p2: Maushold|1
|-unboost|p1b: Dragonite|def|1
|-boost|p1b: Dragonite|spe|1
|
|upkeep
|
|t:|1756237073
|switch|p2a: Ursaluna|Ursaluna, L50, M|40/100 brn
|turn|7
|-message|Bosilek forfeited.
|
|win|bcoffey1010
|l|☆Bosilek
|player|p2|
|j|☆Bosilek
|player|p2|Bosilek|lance|
