|j|☆ToastedArt
|j|☆J4yz1lla
|html|ToastedArtJ4yz1lla    
|uhtml|bestof|Game 1 of a best-of-3
|t:|1786157814
|gametype|doubles
|player|p1|ToastedArt|iris|1145
|player|p2|J4yz1lla|riley|1253
|gen|9
|tier|[Gen 9 Champions] VGC 2026 Reg M-B (Bo3)
|rated|
|rule|Species Clause: Limit one of each Pokémon
|rule|Item Clause: Limit 1 of each item
|clearpoke
|poke|p1|Staraptor, L50, M|
|poke|p1|Whimsicott, L50, M|
|poke|p1|Gholdengo, L50|
|poke|p1|Zoroark-Hisui, L50, M|
|poke|p1|Kingambit, L50, F|
|poke|p1|Kommo-o, L50, M|
|poke|p2|Tyranitar, L50, F|
|poke|p2|Farigiraf, L50, F|
|poke|p2|Rotom-Wash, L50|
|poke|p2|Annihilape, L50, F|
|poke|p2|Aerodactyl, L50, M|
|poke|p2|Scovillain, L50, F|
|teampreview|4
|showteam|p1|Staraptor||Staraptite|Intimidate|CloseCombat,BraveBird,Roost,Protect|Jolly||M|||50|]Whimsicott||OccaBerry|Prankster|Encore,Tailwind,Charm,TrickRoom|Timid||M|||50|]Gholdengo||ExpertBelt|GoodasGold|MakeItRain,ShadowBall,NastyPlot,Protect|Modest|||||50|]Zoroark-Hisui||SpellTag|Illusion|ShadowBall,IcyWind,WillOWisp,FakeTears|Timid||M|||50|]Kingambit||ChopleBerry|Defiant|KowtowCleave,SuckerPunch,IronHead,LowKick|Adamant||F|||50|]Kommo-o||LifeOrb|Overcoat|ClangingScales,AuraSphere,VacuumWave,Protect|Serious||M|||50|
|showteam|p2|Tyranitar||Tyranitarite|SandStream|KnockOff,Earthquake,Protect,RockSlide|Adamant||F|||50|]Farigiraf||SitrusBerry|ArmorTail|TrickRoom,CalmMind,Psychic,HyperVoice|Quiet||F|||50|]Rotom-Wash||Magnet|Levitate|LightScreen,Thunderbolt,WillOWisp,HydroPump|Calm|||||50|]Annihilape||Leftovers|Defiant|BulkUp,Protect,DrainPunch,RageFist|Adamant||F|||50|]Aerodactyl||FocusSash|Unnerve|StealthRock,Tailwind,DualWingbeat,WideGuard|Jolly||M|||50|]Scovillain||Scovillainite|Moody|RagePowder,LeechSeed,Protect,Overheat|Bold||F|||50|
|inactive|Battle timer is ON: inactive players will automatically lose when time's up. (requested by ToastedArt)
|inactive|ToastedArt has 60 seconds left.
|inactive|ToastedArt has 30 seconds left.
|inactive|ToastedArt has 20 seconds left.
|inactive|ToastedArt has 15 seconds left.
|inactive|ToastedArt has 10 seconds left.
|inactive|ToastedArt has 5 seconds left.
|
|t:|1786157904
|teamsize|p1|4
|teamsize|p2|4
|start
|switch|p1a: Staraptor|Staraptor, L50, M|100/100
|switch|p1b: Whimsicott|Whimsicott, L50, M|100/100
|switch|p2a: Aerodactyl|Aerodactyl, L50, M|100/100
|switch|p2b: Scovillain|Scovillain, L50, F|100/100
|-ability|p2a: Aerodactyl|Unnerve
|-ability|p1a: Staraptor|Intimidate|boost
|-unboost|p2a: Aerodactyl|atk|1
|-unboost|p2b: Scovillain|atk|1
|turn|1
|
|t:|1786157924
|detailschange|p1a: Staraptor|Staraptor-Mega, L50, M
|-mega|p1a: Staraptor|Staraptor|Staraptite
|move|p2b: Scovillain|Protect|p2b: Scovillain
|-singleturn|p2b: Scovillain|Protect
|move|p1b: Whimsicott|Charm|p1a: Staraptor
|-boost|p1a: Staraptor|atk|2
|move|p2a: Aerodactyl|Dual Wingbeat|p1b: Whimsicott
|-supereffective|p1b: Whimsicott|1
|-damage|p1b: Whimsicott|71/100
|-supereffective|p1b: Whimsicott|1
|-damage|p1b: Whimsicott|42/100
|-hitcount|p1b: Whimsicott|2
|move|p1a: Staraptor|Close Combat|p2a: Aerodactyl
|-enditem|p2a: Aerodactyl|Focus Sash
|-damage|p2a: Aerodactyl|1/100
|-boost|p1a: Staraptor|def|1
|-boost|p1a: Staraptor|spd|1
|
|-ability|p2b: Scovillain|Moody|boost
|-boost|p2b: Scovillain|def|2
|-unboost|p2b: Scovillain|spe|1
|upkeep
|turn|2
|
|t:|1786157938
|detailschange|p2b: Scovillain|Scovillain-Mega, L50, F
|-mega|p2b: Scovillain|Scovillain|Scovillainite
|move|p2b: Scovillain|Rage Powder|p2b: Scovillain
|-singleturn|p2b: Scovillain|move: Rage Powder
|move|p1b: Whimsicott|Charm|p1a: Staraptor
|-boost|p1a: Staraptor|atk|2
|move|p2a: Aerodactyl|Stealth Rock|p1b: Whimsicott
|-sidestart|p1: ToastedArt|move: Stealth Rock
|move|p1a: Staraptor|Close Combat|p2b: Scovillain
|-damage|p2b: Scovillain|19/100
|-boost|p1a: Staraptor|def|1
|-boost|p1a: Staraptor|spd|1
|-status|p1a: Staraptor|brn|[from] ability: Spicy Spray|[of] p2b: Scovillain
|
|-damage|p1a: Staraptor|94/100 brn|[from] brn
|upkeep
|turn|3
|
|t:|1786157956
|move|p2b: Scovillain|Rage Powder|p2b: Scovillain
|-singleturn|p2b: Scovillain|move: Rage Powder
|move|p1b: Whimsicott|Charm|p1a: Staraptor
|-boost|p1a: Staraptor|atk|2
|move|p2a: Aerodactyl|Dual Wingbeat|p1b: Whimsicott
|-supereffective|p1b: Whimsicott|1
|-damage|p1b: Whimsicott|13/100
|-supereffective|p1b: Whimsicott|1
|-damage|p1b: Whimsicott|0 fnt
|faint|p1b: Whimsicott
|-hitcount|p1: Whimsicott|2
|move|p1a: Staraptor|Close Combat|p2b: Scovillain
|-damage|p2b: Scovillain|0 fnt
|-boost|p1a: Staraptor|def|1
|-boost|p1a: Staraptor|spd|1
|faint|p2b: Scovillain
|
|-damage|p1a: Staraptor|88/100 brn|[from] brn
|upkeep
|
|t:|1786157975
|switch|p1b: Kingambit|Kingambit, L50, F|100/100
|switch|p2b: Rotom|Rotom-Wash, L50|100/100
|-damage|p1b: Kingambit|94/100|[from] Stealth Rock
|turn|4
|
|t:|1786157988
|move|p1b: Kingambit|Sucker Punch|p2b: Rotom
|-damage|p2b: Rotom|48/100
|move|p2a: Aerodactyl|Tailwind|p2a: Aerodactyl
|-sidestart|p2: J4yz1lla|move: Tailwind
|move|p2b: Rotom|Thunderbolt|p1a: Staraptor
|-supereffective|p1a: Staraptor|1
|-damage|p1a: Staraptor|45/100 brn
|move|p1a: Staraptor|Close Combat|p2b: Rotom
|-damage|p2b: Rotom|0 fnt
|-boost|p1a: Staraptor|def|1
|-boost|p1a: Staraptor|spd|1
|faint|p2b: Rotom
|
|-damage|p1a: Staraptor|39/100 brn|[from] brn
|upkeep
|
|t:|1786157997
|switch|p2b: Annihilape|Annihilape, L50, F|100/100
|turn|5
|
|t:|1786158017
|move|p2a: Aerodactyl|Dual Wingbeat|p1a: Staraptor
|-supereffective|p1a: Staraptor|1
|-damage|p1a: Staraptor|29/100 brn
|-supereffective|p1a: Staraptor|1
|-damage|p1a: Staraptor|20/100y brn
|-hitcount|p1a: Staraptor|2
|move|p2b: Annihilape|Bulk Up|p2b: Annihilape
|-boost|p2b: Annihilape|atk|1
|-boost|p2b: Annihilape|def|1
|move|p1a: Staraptor|Roost|p1a: Staraptor
|-heal|p1a: Staraptor|70/100 brn
|-singleturn|p1a: Staraptor|move: Roost
|move|p1b: Kingambit|Kowtow Cleave|p2b: Annihilape
|-damage|p2b: Annihilape|68/100
|
|-heal|p2b: Annihilape|74/100|[from] item: Leftovers
|-damage|p1a: Staraptor|64/100 brn|[from] brn
|upkeep
|turn|6
|
|t:|1786158039
|move|p1b: Kingambit|Sucker Punch|p2a: Aerodactyl
|-damage|p2a: Aerodactyl|0 fnt
|faint|p2a: Aerodactyl
|move|p2b: Annihilape|Drain Punch|p1b: Kingambit
|-supereffective|p1b: Kingambit|2
|-enditem|p1b: Kingambit|Chople Berry|[eat]
|-enditem|p1b: Kingambit|Chople Berry|[weaken]
|-damage|p1b: Kingambit|7/100
|-heal|p2b: Annihilape|100/100|[from] drain|[of] p1b: Kingambit
|move|p1a: Staraptor|Brave Bird|p2b: Annihilape
|-supereffective|p2b: Annihilape|1
|-damage|p2b: Annihilape|0 fnt
|faint|p2b: Annihilape
|-damage|p1a: Staraptor|27/100 brn|[from] Recoil
|
|win|ToastedArt
