|j|☆jxnh
|j|☆magyomi
|html|jxnhmagyomi    
|uhtml|bestof|Game 3 of a best-of-3
|t:|1756810120
|gametype|doubles
|player|p1|jxnh|265|1144
|player|p2|magyomi|266|1146
|gen|9
|tier|[Gen 9] VGC 2025 Reg H (Bo3)
|rated|
|rule|Species Clause: Limit one of each Pokémon
|rule|Item Clause: Limit 1 of each item
|clearpoke
|poke|p1|Corviknight, L50, M|
|poke|p1|Sneasler, L50, M|
|poke|p1|Garchomp, L50, F|
|poke|p1|Incineroar, L50, M|
|poke|p1|Araquanid, L50, M|
|poke|p1|Ursaluna-Bloodmoon, L50, M|
|poke|p2|Delphox, L50, F|
|poke|p2|Meowstic, L50, M|
|poke|p2|Malamar, L50, F|
|poke|p2|Indeedee-F, L50, F|
|poke|p2|Hatterene, L50, F|
|poke|p2|Braviary-Hisui, L50, M|
|teampreview|4
|showteam|p1|Corviknight||Leftovers|MirrorArmor|DualWingbeat,BodyPress,IronDefense,Protect|||M|||50|,,,,,Fire]Sneasler||FocusSash|Unburden|DireClaw,CloseCombat,Coaching,Protect|||M|||50|,,,,,Ghost]Garchomp||LoadedDice|RoughSkin|StompingTantrum,Earthquake,ScaleShot,Protect|||F|||50|,,,,,Steel]Incineroar||SitrusBerry|Intimidate|FakeOut,KnockOff,PartingShot,FlareBlitz|||M|||50|,,,,,Ghost]Araquanid||RoomService|WaterBubble|Liquidation,LeechLife,WideGuard,Protect|||M|||50|,,,,,Grass]Ursaluna-Bloodmoon||AssaultVest|MindsEye|HyperVoice,EarthPower,BloodMoon,VacuumWave|||M|||50|,,,,,Normal
|showteam|p2|Delphox||FocusSash|Blaze|HeatWave,ExpandingForce,FireBlast,Protect|||F|||50|,,,,,Fire]Meowstic||RockyHelmet|Prankster|ExpandingForce,SunnyDay,FakeTears,Tickle|||M|||50|,,,,,Psychic]Malamar||Leftovers|Contrary|Superpower,KnockOff,PsychoCut,Protect|||F|||50|,,,,,Fighting]Indeedee-F||SafetyGoggles|PsychicSurge|Psychic,FollowMe,HelpingHand,TrickRoom|||F|||50|,,,,,Fairy]Hatterene||PsychicSeed|MagicBounce|DazzlingGleam,ExpandingForce,MysticalFire,TrickRoom|||F|||50|,,,,,Fire]Braviary-Hisui||CovertCloak|TintedLens|EsperWing,ExpandingForce,Snarl,Tailwind|||M|||50|,,,,,Psychic
|
|t:|1756810128
|teamsize|p1|4
|teamsize|p2|4
|start
|switch|p1a: Garchomp|Garchomp, L50, F|100/100
|switch|p1b: Sneasler|Sneasler, L50, M|100/100
|switch|p2a: Indeedee|Indeedee-F, L50, F|100/100
|switch|p2b: Braviary|Braviary-Hisui, L50, M|100/100
|-fieldstart|move: Psychic Terrain|[from] ability: Psychic Surge|[of] p2a: Indeedee
|turn|1
|
|t:|1756810173
|move|p2a: Indeedee|Follow Me|p2a: Indeedee
|-singleturn|p2a: Indeedee|move: Follow Me
|move|p1b: Sneasler|Dire Claw|p2a: Indeedee
|-damage|p2a: Indeedee|59/100
|-status|p2a: Indeedee|par
|move|p1a: Garchomp|Scale Shot|p2a: Indeedee
|-damage|p2a: Indeedee|47/100 par
|-damage|p2a: Indeedee|32/100 par
|-damage|p2a: Indeedee|18/100 par
|-damage|p2a: Indeedee|3/100 par
|-hitcount|p2a: Indeedee|4
|-unboost|p1a: Garchomp|def|1
|-boost|p1a: Garchomp|spe|1
|move|p2b: Braviary|Esper Wing|p1a: Garchomp
|-damage|p1a: Garchomp|58/100
|-boost|p2b: Braviary|spe|1
|
|upkeep
|turn|2
|
|t:|1756810203
|cant|p2a: Indeedee|par
|move|p1a: Garchomp|Scale Shot|p2a: Indeedee
|-damage|p2a: Indeedee|0 fnt
|faint|p2a: Indeedee
|-hitcount|p2: Indeedee|1
|-unboost|p1a: Garchomp|def|1
|-boost|p1a: Garchomp|spe|1
|move|p1b: Sneasler|Dire Claw|p2b: Braviary
|-damage|p2b: Braviary|58/100
|move|p2b: Braviary|Tailwind|p2b: Braviary
|-sidestart|p2: magyomi|move: Tailwind
|
|upkeep
|
|t:|1756810222
|switch|p2a: Delphox|Delphox, L50, F|100/100
|turn|3
|
|t:|1756810244
|move|p2a: Delphox|Expanding Force|p1b: Sneasler|[spread] p1a,p1b
|-supereffective|p1b: Sneasler
|-damage|p1a: Garchomp|0 fnt
|-enditem|p1b: Sneasler|Focus Sash
|-damage|p1b: Sneasler|1/100
|faint|p1a: Garchomp
|move|p1b: Sneasler|Dire Claw|p2a: Delphox
|-damage|p2a: Delphox|40/100
|-status|p2a: Delphox|slp
|move|p2b: Braviary|Esper Wing|p1b: Sneasler
|-supereffective|p1b: Sneasler
|-damage|p1b: Sneasler|0 fnt
|-boost|p2b: Braviary|spe|1
|faint|p1b: Sneasler
|
|upkeep
|
|t:|1756810259
|switch|p1b: Araquanid|Araquanid, L50, M|100/100
|switch|p1a: Ursaluna|Ursaluna-Bloodmoon, L50, M|100/100
|turn|4
|
|t:|1756810280
|-terastallize|p1a: Ursaluna|Normal
|move|p2b: Braviary|Esper Wing|p1a: Ursaluna
|-damage|p1a: Ursaluna|72/100
|-boost|p2b: Braviary|spe|1
|cant|p2a: Delphox|slp
|move|p1a: Ursaluna|Hyper Voice|p2a: Delphox|[spread] p2a,p2b
|-damage|p2a: Delphox|0 fnt
|-damage|p2b: Braviary|0 fnt
|faint|p2a: Delphox
|faint|p2b: Braviary
|move|p1b: Araquanid|Leech Life|p2: Delphox|[notarget]
|-fail|p1b: Araquanid
|
|upkeep
|
|t:|1756810296
|switch|p2b: Malamar|Malamar, L50, F|100/100
|turn|5
|
|t:|1756810310
|-terastallize|p2b: Malamar|Fighting
|move|p2b: Malamar|Superpower|p1a: Ursaluna
|-supereffective|p1a: Ursaluna
|-damage|p1a: Ursaluna|3/100
|-boost|p2b: Malamar|atk|1
|-boost|p2b: Malamar|def|1
|move|p1a: Ursaluna|Blood Moon|p2b: Malamar
|-damage|p2b: Malamar|0 fnt
|faint|p2b: Malamar
|
|win|jxnh
|raw|jxnh's rating: 1144 → 1169(+25 for winning)
|raw|magyomi's rating: 1146 → 1121(-25 for losing)
|l|☆magyomi
|player|p2|
