|j|☆Gus_0Z
|j|☆GustaEiras
|html|Gus_0ZGustaEiras    
|uhtml|bestof|Game 3 of a best-of-3
|t:|1786066508
|gametype|doubles
|player|p1|Gus_0Z|volo|
|player|p2|GustaEiras|pokemonranger-gen4|
|gen|9
|tier|[Gen 9 Champions] VGC 2026 Reg M-B (Bo3)
|rule|Species Clause: Limit one of each Pokémon
|rule|Item Clause: Limit 1 of each item
|clearpoke
|poke|p1|Goodra-Hisui, L50, M|
|poke|p1|Sableye, L50, F|
|poke|p1|Meganium, L50, F|
|poke|p1|Vivillon, L50, F|
|poke|p1|Aurorus, L50, M|
|poke|p1|Quaquaval, L50, F|
|poke|p2|Dragonite, L50, M|
|poke|p2|Toxicroak, L50, F|
|poke|p2|Vivillon, L50, M|
|poke|p2|Blastoise, L50, M|
|poke|p2|Heliolisk, L50, M|
|poke|p2|Sableye, L50, F|
|teampreview|4
|showteam|p1|Goodra-Hisui||Leftovers|ShellArmor|Curse,IronHead,DragonClaw,Protect|Sassy||M|||50|]Sableye||LightClay|Prankster|Reflect,LightScreen,FakeOut,FoulPlay|Impish||F|||50|]Meganium||Meganiumite|Overgrow|SolarBeam,WeatherBall,DazzlingGleam,Protect|Timid||F|||50|]Vivillon||FocusSash|CompoundEyes|Hurricane,RagePowder,SleepPowder,Protect|Timid||F|||50|]Aurorus||NeverMeltIce|Refrigerate|HyperVoice,HyperBeam,Protect,AncientPower|Modest||M|||50|]Quaquaval||LifeOrb|Moxie|AquaStep,CloseCombat,Detect,FlipTurn|Jolly||F|||50|
|showteam|p2|Dragonite||LumBerry|Multiscale|DragonClaw,FirePunch,ExtremeSpeed,Protect|Adamant||M|||50|]Toxicroak||FocusSash|PoisonTouch|CloseCombat,PoisonJab,FakeOut,Coaching|Jolly||F|||50|]Vivillon||ChoiceScarf|CompoundEyes|Hurricane,Tailwind,RagePowder,SleepPowder|Timid||M|||50|]Blastoise||Blastoisinite|Torrent|WaterSpout,AuraSphere,ShellSmash,Protect|Modest||M|||50|]Heliolisk||LifeOrb|SolarPower|Thunderbolt,WeatherBall,Electroweb,Protect|Timid||M|||50|]Sableye||LightClay|Prankster|Encore,Disable,LightScreen,Reflect|Bold||F|||50|
|j| Nanandes
|
|t:|1786066536
|teamsize|p1|4
|teamsize|p2|4
|start
|switch|p1a: Sableye|Sableye, L50, F|100/100
|switch|p1b: Goodra|Goodra-Hisui, L50, M|100/100
|switch|p2a: Dragonite|Dragonite, L50, M|100/100
|switch|p2b: Toxicroak|Toxicroak, L50, F|100/100
|turn|1
|
|t:|1786066567
|move|p1a: Sableye|Fake Out|p2b: Toxicroak
|-damage|p2b: Toxicroak|86/100
|cant|p2b: Toxicroak|flinch
|move|p2a: Dragonite|Dragon Claw|p1a: Sableye
|-damage|p1a: Sableye|57/100
|move|p1b: Goodra|Curse|p1b: Goodra
|-unboost|p1b: Goodra|spe|1
|-boost|p1b: Goodra|atk|1
|-boost|p1b: Goodra|def|1
|
|upkeep
|turn|2
|
|t:|1786066583
|move|p1b: Goodra|Protect|p1b: Goodra
|-singleturn|p1b: Goodra|Protect
|move|p1a: Sableye|Reflect|p1a: Sableye
|-sidestart|p1: Gus_0Z|Reflect
|move|p2b: Toxicroak|Close Combat|p1b: Goodra
|-activate|p1b: Goodra|move: Protect
|move|p2a: Dragonite|Dragon Claw|p1a: Sableye
|-damage|p1a: Sableye|28/100
|
|upkeep
|turn|3
|
|t:|1786066608
|switch|p1a: Meganium|Meganium, L50, F|100/100
|move|p1b: Goodra|Protect||[still]
|-fail|p1b: Goodra
|move|p2b: Toxicroak|Close Combat|p1b: Goodra
|-supereffective|p1b: Goodra|1
|-damage|p1b: Goodra|58/100
|-unboost|p2b: Toxicroak|def|1
|-unboost|p2b: Toxicroak|spd|1
|move|p2a: Dragonite|Dragon Claw|p1a: Meganium
|-crit|p1a: Meganium
|-damage|p1a: Meganium|22/100
|
|-heal|p1b: Goodra|64/100|[from] item: Leftovers
|upkeep
|turn|4
|
|t:|1786066634
|detailschange|p1a: Meganium|Meganium-Mega, L50, F
|-mega|p1a: Meganium|Meganium|Meganiumite
|move|p1b: Goodra|Protect|p1b: Goodra
|-singleturn|p1b: Goodra|Protect
|move|p2a: Dragonite|Extreme Speed|p1a: Meganium
|-damage|p1a: Meganium|3/100
|move|p2b: Toxicroak|Close Combat|p1b: Goodra
|-activate|p1b: Goodra|move: Protect
|move|p1a: Meganium|Dazzling Gleam|p2b: Toxicroak|[spread] p2a,p2b
|-supereffective|p2a: Dragonite|1
|-crit|p2a: Dragonite
|-damage|p2a: Dragonite|57/100
|-damage|p2b: Toxicroak|11/100
|
|-heal|p1b: Goodra|70/100|[from] item: Leftovers
|upkeep
|turn|5
|
|t:|1786066677
|move|p1b: Goodra|Protect|p1b: Goodra
|-singleturn|p1b: Goodra|Protect
|move|p2a: Dragonite|Extreme Speed|p1a: Meganium
|-damage|p1a: Meganium|0 fnt
|faint|p1a: Meganium
|move|p2b: Toxicroak|Close Combat|p1b: Goodra
|-activate|p1b: Goodra|move: Protect
|
|-heal|p1b: Goodra|76/100|[from] item: Leftovers
|upkeep
|j| airslashesfolante
|
|t:|1786066689
|switch|p1a: Vivillon|Vivillon, L50, F|100/100
|turn|6
|inactive|Battle timer is ON: inactive players will automatically lose when time's up. (requested by Gus_0Z)
|
|t:|1786066730
|move|p1a: Vivillon|Sleep Powder|p2b: Toxicroak
|-status|p2b: Toxicroak|slp|[from] move: Sleep Powder
|cant|p2b: Toxicroak|slp
|move|p2a: Dragonite|Dragon Claw|p1a: Vivillon
|-damage|p1a: Vivillon|45/100
|move|p1b: Goodra|Curse|p1b: Goodra
|-unboost|p1b: Goodra|spe|1
|-boost|p1b: Goodra|atk|1
|-boost|p1b: Goodra|def|1
|
|-heal|p1b: Goodra|82/100|[from] item: Leftovers
|upkeep
|turn|7
|inactive|GustaEiras has 30 seconds left.
|
|t:|1786066760
|move|p1a: Vivillon|Sleep Powder|p2a: Dragonite
|-status|p2a: Dragonite|slp|[from] move: Sleep Powder
|-enditem|p2a: Dragonite|Lum Berry|[eat]
|-curestatus|p2a: Dragonite|slp|[msg]
|cant|p2b: Toxicroak|slp
|move|p2a: Dragonite|Dragon Claw|p1a: Vivillon
|-damage|p1a: Vivillon|0 fnt
|faint|p1a: Vivillon
|move|p1b: Goodra|Curse|p1b: Goodra
|-unboost|p1b: Goodra|spe|1
|-boost|p1b: Goodra|atk|1
|-boost|p1b: Goodra|def|1
|
|-heal|p1b: Goodra|88/100|[from] item: Leftovers
|upkeep
|
|t:|1786066768
|switch|p1a: Sableye|Sableye, L50, F|28/100
|turn|8
|
|t:|1786066782
|move|p1a: Sableye|Fake Out|p2b: Toxicroak
|-damage|p2b: Toxicroak|0 fnt
|faint|p2b: Toxicroak
|move|p2a: Dragonite|Dragon Claw|p1a: Sableye
|-crit|p1a: Sableye
|-damage|p1a: Sableye|0 fnt
|faint|p1a: Sableye
|move|p1b: Goodra|Curse|p1b: Goodra
|-unboost|p1b: Goodra|spe|1
|-boost|p1b: Goodra|atk|1
|-boost|p1b: Goodra|def|1
|
|-heal|p1b: Goodra|94/100|[from] item: Leftovers
|upkeep
|
|t:|1786066789
|switch|p2b: Sableye|Sableye, L50, F|100/100
|turn|9
|c|☆Gus_0Z|Vish
|c|☆Gus_0Z|Sableye
|c|☆Gus_0Z|Perdi
|c|☆GustaEiras|kkkkkkkkkkkkk
|c|☆Gus_0Z|Devia ter batido
|c|☆GustaEiras|gg
|inactive|Gus_0Z has 30 seconds left.
|
|t:|1786066816
|move|p2b: Sableye|Encore|p1b: Goodra
|-start|p1b: Goodra|Encore
|move|p2a: Dragonite|Dragon Claw|p1b: Goodra
|-damage|p1b: Goodra|85/100
|move|p1b: Goodra|Curse|p1b: Goodra
|-unboost|p1b: Goodra|spe|1
|-boost|p1b: Goodra|atk|1
|-boost|p1b: Goodra|def|1
|
|-heal|p1b: Goodra|90/100|[from] item: Leftovers
|-sideend|p1: Gus_0Z|Reflect
|upkeep
|turn|10
|c|☆Gus_0Z|Fui ser ganancioso atoa
|c|☆GustaEiras|eu acho
|
|t:|1786066831
|move|p2b: Sableye|Disable|p1b: Goodra
|-start|p1b: Goodra|Disable|Curse
|move|p2a: Dragonite|Dragon Claw|p1b: Goodra
|-damage|p1b: Goodra|76/100
|cant|p1b: Goodra|Disable|Curse
|
|-heal|p1b: Goodra|82/100|[from] item: Leftovers
|upkeep
|turn|11
|
|t:|1786066854
|move|p2b: Sableye|Reflect|p2b: Sableye
|-sidestart|p2: GustaEiras|Reflect
|move|p2a: Dragonite|Dragon Claw|p1b: Goodra
|-damage|p1b: Goodra|67/100
|-activate|p1b: Goodra|move: Struggle
|move|p1b: Goodra|Struggle|p2b: Sableye
|-damage|p2b: Sableye|73/100
|-damage|p1b: Goodra|42/100|[from] recoil
|
|-heal|p1b: Goodra|48/100|[from] item: Leftovers
|-end|p1b: Goodra|Encore
|upkeep
|turn|12
|
|t:|1786066865
|move|p1b: Goodra|Protect|p1b: Goodra
|-singleturn|p1b: Goodra|Protect
|move|p2b: Sableye|Encore|p1b: Goodra
|-activate|p1b: Goodra|move: Protect
|move|p2a: Dragonite|Dragon Claw|p1b: Goodra
|-activate|p1b: Goodra|move: Protect
|
|-heal|p1b: Goodra|54/100|[from] item: Leftovers
|upkeep
|turn|13
|
|t:|1786066874
|move|p2b: Sableye|Encore|p1b: Goodra
|-start|p1b: Goodra|Encore
|move|p1b: Goodra|Protect||[still]
|-fail|p1b: Goodra
|move|p2a: Dragonite|Dragon Claw|p1b: Goodra
|-damage|p1b: Goodra|42/100
|
|-heal|p1b: Goodra|48/100|[from] item: Leftovers
|-end|p1b: Goodra|Disable
|upkeep
|turn|14
|
|t:|1786066887
|move|p1b: Goodra|Protect|p1b: Goodra
|-singleturn|p1b: Goodra|Protect
|move|p2b: Sableye|Disable|p1b: Goodra
|-activate|p1b: Goodra|move: Protect
|move|p2a: Dragonite|Dragon Claw|p1b: Goodra
|-activate|p1b: Goodra|move: Protect
|
|-heal|p1b: Goodra|54/100|[from] item: Leftovers
|upkeep
|turn|15
|
|t:|1786066894
|move|p1b: Goodra|Protect||[still]
|-fail|p1b: Goodra
|move|p2b: Sableye|Disable||[still]
|-fail|p2b: Sableye
|move|p2a: Dragonite|Dragon Claw|p1b: Goodra
|-damage|p1b: Goodra|41/100
|
|-heal|p1b: Goodra|47/100|[from] item: Leftovers
|-end|p1b: Goodra|Encore
|upkeep
|turn|16
|
|t:|1786066905
|move|p2b: Sableye|Encore||[still]
|-fail|p2b: Sableye
|move|p2a: Dragonite|Dragon Claw|p1b: Goodra
|-damage|p1b: Goodra|34/100
|move|p1b: Goodra|Dragon Claw|p2a: Dragonite
|-supereffective|p2a: Dragonite|1
|-crit|p2a: Dragonite
|-damage|p2a: Dragonite|0 fnt
|faint|p2a: Dragonite
|
|-heal|p1b: Goodra|40/100|[from] item: Leftovers
|upkeep
|c|☆Gus_0Z|MENTIRA
|c|☆GustaEiras|oxi
|c|☆Gus_0Z|KKKKKKKK
|c|☆Gus_0Z|OXI
|c|☆GustaEiras|KKKKKKKKKKKKKKKKKKK
|c|☆Gus_0Z|n entendi
|
|t:|1786066921
|switch|p2a: Vivillon|Vivillon, L50, M|100/100
|turn|17
|
|t:|1786066935
|move|p2b: Sableye|Disable|p1b: Goodra
|-start|p1b: Goodra|Disable|Dragon Claw
|move|p2a: Vivillon|Hurricane|p1b: Goodra
|-resisted|p1b: Goodra|1
|-damage|p1b: Goodra|27/100
|-start|p1b: Goodra|confusion
|cant|p1b: Goodra|Disable|Dragon Claw
|
|-heal|p1b: Goodra|33/100|[from] item: Leftovers
|upkeep
|turn|18
|
|t:|1786066947
|move|p2b: Sableye|Encore|p1b: Goodra
|-start|p1b: Goodra|Encore
|move|p2a: Vivillon|Hurricane|p1b: Goodra
|-resisted|p1b: Goodra|1
|-damage|p1b: Goodra|22/100
|cant|p1b: Goodra|Disable|Dragon Claw
|
|-heal|p1b: Goodra|28/100|[from] item: Leftovers
|-sideend|p2: GustaEiras|Reflect
|upkeep
|turn|19
|
|t:|1786066955
|move|p2b: Sableye|Reflect|p2b: Sableye
|-sidestart|p2: GustaEiras|Reflect
|move|p2a: Vivillon|Hurricane|p1b: Goodra
|-resisted|p1b: Goodra|1
|-damage|p1b: Goodra|16/100
|-activate|p1b: Goodra|confusion
|-damage|p1b: Goodra|5/100|[from] confusion
|
|-heal|p1b: Goodra|11/100|[from] item: Leftovers
|upkeep
|turn|20
|c|☆Gus_0Z|AINDA CONSEGUI CHOKAR DNV KSKS
|
|t:|1786066964
|move|p2b: Sableye|Light Screen|p2b: Sableye
|-sidestart|p2: GustaEiras|move: Light Screen
|move|p2a: Vivillon|Hurricane|p1b: Goodra
|-resisted|p1b: Goodra|1
|-damage|p1b: Goodra|0 fnt
|faint|p1b: Goodra
|
|win|GustaEiras
|c|☆GustaEiras|fnjklfjfhsaksjfdlk
|c|☆GustaEiras|gg
