|j|☆leonsunp
|j|☆tedidn
|html|leonsunptedidn    
|uhtml|bestof|Game 2 of a best-of-3
|t:|1756679723
|gametype|doubles
|player|p1|leonsunp|colress|1241
|player|p2|tedidn|marshal|1265
|gen|9
|tier|[Gen 9] VGC 2025 Reg H (Bo3)
|rated|
|rule|Species Clause: Limit one of each Pokémon
|rule|Item Clause: Limit 1 of each item
|clearpoke
|poke|p1|Sneasler, L50, M|
|poke|p1|Rillaboom, L50, M|
|poke|p1|Kingambit, L50, M|
|poke|p1|Salamence, L50, F|
|poke|p1|Volcarona, L50, M|
|poke|p1|Ninetales-Alola, L50, F|
|poke|p2|Dragonite, L50, F|
|poke|p2|Ursaluna, L50, M|
|poke|p2|Gholdengo, L50|
|poke|p2|Porygon2, L50|
|poke|p2|Volcarona, L50, F|
|poke|p2|Grimmsnarl, L50, M|
|teampreview|4
|showteam|p1|Sneasler||WhiteHerb|Unburden|CloseCombat,DireClaw,Coaching,Protect|||M|||50|,,,,,Stellar]Rillaboom||AssaultVest|GrassySurge|WoodHammer,GrassyGlide,HighHorsepower,FakeOut|||M|||50|,,,,,Water]Kingambit||BlackGlasses|Defiant|KowtowCleave,SuckerPunch,SwordsDance,Protect|||M|||50|,,,,,Dark]Salamence||SafetyGoggles|Intimidate|DualWingbeat,DracoMeteor,Tailwind,Protect|||F|||50|,,,,,Fire]Volcarona||Leftovers|FlameBody|HeatWave,TeraBlast,QuiverDance,Protect|||M|||50|,,,,,Fairy]Ninetales-Alola||LightClay|SnowWarning|Encore,FreezeDry,AuroraVeil,Blizzard|||F|||50|,,,,,Ghost
|showteam|p2|Dragonite||LoadedDice|InnerFocus|ScaleShot,Tailwind,Haze,Protect|||F|||50|,,,,,Fairy]Ursaluna||FlameOrb|Guts|HeadlongRush,Earthquake,Facade,Protect|||M|||50|,,,,,Grass]Gholdengo||LifeOrb|GoodasGold|MakeItRain,ShadowBall,NastyPlot,Protect||||||50|,,,,,Dragon]Porygon2||Eviolite|Download|TeraBlast,Recover,IceBeam,TrickRoom||||||50|,,,,,Fighting]Volcarona||SafetyGoggles|FlameBody|Overheat,Tailwind,StruggleBug,RagePowder|||F|||50|,,,,,Fairy]Grimmsnarl||LightClay|Prankster|FoulPlay,ThunderWave,Reflect,LightScreen|||M|||50|,,,,,Ghost
|inactive|Battle timer is ON: inactive players will automatically lose when time's up. (requested by tedidn)
|inactive|tedidn has 60 seconds left.
|inactive|tedidn has 30 seconds left.
|inactive|tedidn has 20 seconds left.
|inactive|tedidn has 15 seconds left.
|
|t:|1756679802
|teamsize|p1|4
|teamsize|p2|4
|start
|switch|p1a: Sneasler|Sneasler, L50, M|100/100
|switch|p1b: Rillaboom|Rillaboom, L50, M|100/100
|switch|p2a: Douglass|Dragonite, L50, F|100/100
|switch|p2b: Daquavion|Porygon2, L50|100/100
|-fieldstart|move: Grassy Terrain|[from] ability: Grassy Surge|[of] p1b: Rillaboom
|-ability|p2b: Daquavion|Download|boost
|-boost|p2b: Daquavion|spa|1
|turn|1
|inactive|leonsunp has 30 seconds left.
|inactive|leonsunp has 20 seconds left.
|
|t:|1756679841
|-terastallize|p2b: Daquavion|Fighting
|move|p1b: Rillaboom|Fake Out|p2a: Douglass
|-damage|p2a: Douglass|85/100
|move|p1a: Sneasler|Close Combat|p2b: Daquavion
|-damage|p2b: Daquavion|57/100
|-unboost|p1a: Sneasler|def|1
|-unboost|p1a: Sneasler|spd|1
|-enditem|p1a: Sneasler|White Herb
|-clearnegativeboost|p1a: Sneasler|[silent]
|move|p2a: Douglass|Scale Shot|p1a: Sneasler
|-damage|p1a: Sneasler|74/100
|-damage|p1a: Sneasler|49/100
|-crit|p1a: Sneasler
|-damage|p1a: Sneasler|6/100
|-damage|p1a: Sneasler|0 fnt
|faint|p1a: Sneasler
|-hitcount|p1: Sneasler|4
|-unboost|p2a: Douglass|def|1
|-boost|p2a: Douglass|spe|1
|move|p2b: Daquavion|Ice Beam|p1b: Rillaboom
|-supereffective|p1b: Rillaboom
|-damage|p1b: Rillaboom|39/100
|
|-heal|p1b: Rillaboom|45/100|[from] Grassy Terrain
|-heal|p2b: Daquavion|63/100|[from] Grassy Terrain
|upkeep
|
|t:|1756679864
|switch|p1a: Kingambit|Kingambit, L50, M|100/100
|turn|2
|
|t:|1756679877
|-terastallize|p1a: Kingambit|Dark
|move|p1a: Kingambit|Sucker Punch||[still]
|-fail|p1a: Kingambit
|move|p2a: Douglass|Tailwind|p2a: Douglass
|-sidestart|p2: tedidn|move: Tailwind
|move|p2b: Daquavion|Tera Blast|p1a: Kingambit|[anim] Tera Blast Fighting
|-supereffective|p1a: Kingambit
|-damage|p1a: Kingambit|7/100
|move|p1b: Rillaboom|Wood Hammer|p2b: Daquavion
|-damage|p2b: Daquavion|14/100
|-damage|p1b: Rillaboom|29/100|[from] Recoil
|
|-heal|p2b: Daquavion|20/100|[from] Grassy Terrain
|-heal|p1b: Rillaboom|35/100|[from] Grassy Terrain
|-heal|p1a: Kingambit|13/100|[from] Grassy Terrain
|upkeep
|turn|3
|inactive|leonsunp has 30 seconds left.
|
|t:|1756679907
|switch|p2a: Freddy|Ursaluna, L50, M|100/100
|switch|p1b: Salamence|Salamence, L50, F|100/100
|-ability|p1b: Salamence|Intimidate|boost
|-unboost|p2a: Freddy|atk|1
|-unboost|p2b: Daquavion|atk|1
|move|p1a: Kingambit|Sucker Punch|p2b: Daquavion
|-resisted|p2b: Daquavion
|-damage|p2b: Daquavion|0 fnt
|faint|p2b: Daquavion
|
|-heal|p1a: Kingambit|18/100|[from] Grassy Terrain
|-status|p2a: Freddy|brn|[from] item: Flame Orb
|upkeep
|
|t:|1756679917
|switch|p2b: Douglass|Dragonite, L50, F|85/100
|turn|4
|inactive|leonsunp has 30 seconds left.
|
|t:|1756679944
|move|p1b: Salamence|Protect|p1b: Salamence
|-singleturn|p1b: Salamence|Protect
|move|p1a: Kingambit|Protect|p1a: Kingambit
|-singleturn|p1a: Kingambit|Protect
|move|p2b: Douglass|Scale Shot|p1b: Salamence
|-activate|p1b: Salamence|move: Protect
|move|p2a: Freddy|Facade|p1a: Kingambit
|-activate|p1a: Kingambit|move: Protect
|
|-heal|p1a: Kingambit|24/100|[from] Grassy Terrain
|-damage|p2a: Freddy|94/100 brn|[from] brn
|upkeep
|turn|5
|
|t:|1756679961
|move|p1a: Kingambit|Sucker Punch|p2b: Douglass
|-damage|p2b: Douglass|14/100
|move|p2b: Douglass|Scale Shot|p1b: Salamence
|-supereffective|p1b: Salamence
|-damage|p1b: Salamence|70/100
|-supereffective|p1b: Salamence
|-damage|p1b: Salamence|39/100
|-supereffective|p1b: Salamence
|-damage|p1b: Salamence|6/100
|-supereffective|p1b: Salamence
|-damage|p1b: Salamence|0 fnt
|faint|p1b: Salamence
|-hitcount|p1: Salamence|4
|-unboost|p2b: Douglass|def|1
|-boost|p2b: Douglass|spe|1
|move|p2a: Freddy|Facade|p1a: Kingambit
|-damage|p1a: Kingambit|0 fnt
|faint|p1a: Kingambit
|
|-heal|p2a: Freddy|100/100 brn|[from] Grassy Terrain
|-damage|p2a: Freddy|94/100 brn|[from] brn
|-sideend|p2: tedidn|move: Tailwind
|-fieldend|move: Grassy Terrain
|upkeep
|
|t:|1756679969
|switch|p1b: Rillaboom|Rillaboom, L50, M|35/100
|-fieldstart|move: Grassy Terrain|[from] ability: Grassy Surge|[of] p1b: Rillaboom
|turn|6
|-message|leonsunp forfeited.
|
|win|tedidn
|raw|leonsunp's rating: 1241 → 1218(-23 for losing)
|raw|tedidn's rating: 1265 → 1288(+23 for winning)
|l|☆leonsunp
|player|p1|
