|j|☆fantasminha8
|j|☆fookinraw42
|html|fantasminha8fookinraw42    
|uhtml|bestof|Game 1 of a best-of-3
|t:|1756336975
|gametype|doubles
|player|p1|fantasminha8|266|1134
|player|p2|fookinraw42|flannery|1167
|gen|9
|tier|[Gen 9] VGC 2025 Reg H (Bo3)
|rated|
|rule|Species Clause: Limit one of each Pokémon
|rule|Item Clause: Limit 1 of each item
|clearpoke
|poke|p1|Charizard, L50, M|
|poke|p1|Indeedee-F, L50, F|
|poke|p1|Exeggutor, L50, F|
|poke|p1|Torkoal, L50, M|
|poke|p1|Ursaluna, L50, M|
|poke|p1|Gallade, L50, M|
|poke|p2|Gholdengo, L50|
|poke|p2|Amoonguss, L50, F|
|poke|p2|Basculegion, L50, M|
|poke|p2|Incineroar, L50, M|
|poke|p2|Archaludon, L50, M|
|poke|p2|Pelipper, L50, F|
|teampreview|4
|showteam|p1|Charizard||ChoiceScarf|SolarPower|HeatWave,SolarBeam,AirSlash,WeatherBall|||M|||50|,,,,,Fire]Indeedee-F||SafetyGoggles|PsychicSurge|FollowMe,HelpingHand,TrickRoom,AlluringVoice|||F|||50|,,,,,Psychic]Exeggutor||FocusSash|Chlorophyll|ExpandingForce,TrickRoom,EnergyBall,SleepPowder|||F|||50|,,,,,Grass]Torkoal||EjectPack|Drought|Eruption,Overheat,Protect,ClearSmog|||M|||50|,,,,,Fire]Ursaluna||FlameOrb|Guts|Earthquake,Facade,Protect,HeadlongRush|||M|||50|,,,,,Ground]Gallade||ClearAmulet|Sharpness|WideGuard,PsychoCut,SacredSword,TrickRoom|||M|||50|,,,,,Psychic
|showteam|p2|Gholdengo||LifeOrb|GoodasGold|MakeItRain,ShadowBall,NastyPlot,Protect||||||50|,,,,,Water]Amoonguss||SitrusBerry|Regenerator|Spore,RagePowder,PollenPuff,ClearSmog|||F|||50|,,,,,Electric]Basculegion||ChoiceBand|SwiftSwim|WaveCrash,FlipTurn,AquaJet,LastRespects|||M|||50|,,,,,Water]Incineroar||SafetyGoggles|Intimidate|KnockOff,PartingShot,WillOWisp,FakeOut|||M|||50|,,,,,Ghost]Archaludon||AssaultVest|Stamina|FlashCannon,DracoMeteor,ElectroShot,BodyPress|||M|||50|,,,,,Bug]Pelipper||CovertCloak|Drizzle|WeatherBall,Hurricane,Tailwind,Protect|||F|||50|,,,,,Dragon
|inactive|Battle timer is ON: inactive players will automatically lose when time's up. (requested by fookinraw42)
|inactive|fantasminha8 has 60 seconds left.
|inactive|fookinraw42 has 60 seconds left.
|
|t:|1756337029
|teamsize|p1|4
|teamsize|p2|4
|start
|switch|p1a: Exeggutor|Exeggutor, L50, F|100/100
|switch|p1b: Indeedee|Indeedee-F, L50, F|100/100
|switch|p2a: Incineroar|Incineroar, L50, M|100/100
|switch|p2b: Basculegion|Basculegion, L50, M|100/100
|-fieldstart|move: Psychic Terrain|[from] ability: Psychic Surge|[of] p1b: Indeedee
|-ability|p2a: Incineroar|Intimidate|boost
|-unboost|p1a: Exeggutor|atk|1
|-unboost|p1b: Indeedee|atk|1
|turn|1
|inactive|fantasminha8 has 30 seconds left.
|inactive|fookinraw42 has 30 seconds left.
|inactive|fantasminha8 has 20 seconds left.
|
|t:|1756337067
|switch|p1b: Torkoal|Torkoal, L50, M|100/100
|-weather|SunnyDay|[from] ability: Drought|[of] p1b: Torkoal
|move|p1a: Exeggutor|Energy Ball|p2b: Basculegion
|-supereffective|p2b: Basculegion
|-damage|p2b: Basculegion|0 fnt
|faint|p2b: Basculegion
|move|p2a: Incineroar|Knock Off|p1a: Exeggutor
|-supereffective|p1a: Exeggutor
|-enditem|p1a: Exeggutor|Focus Sash
|-damage|p1a: Exeggutor|1/100
|
|-weather|SunnyDay|[upkeep]
|upkeep
|
|t:|1756337079
|switch|p2b: Pelipper|Pelipper, L50, F|100/100
|-weather|RainDance|[from] ability: Drizzle|[of] p2b: Pelipper
|turn|2
|inactive|fantasminha8 has 30 seconds left.
|inactive|fookinraw42 has 30 seconds left.
|
|t:|1756337108
|move|p1a: Exeggutor|Energy Ball|p2b: Pelipper
|-damage|p2b: Pelipper|41/100
|move|p2b: Pelipper|Weather Ball|p1b: Torkoal
|-supereffective|p1b: Torkoal
|-damage|p1b: Torkoal|0 fnt
|faint|p1b: Torkoal
|move|p2a: Incineroar|Knock Off|p1a: Exeggutor
|-supereffective|p1a: Exeggutor
|-damage|p1a: Exeggutor|0 fnt
|faint|p1a: Exeggutor
|
|-weather|RainDance|[upkeep]
|upkeep
|
|t:|1756337114
|switch|p1a: Indeedee|Indeedee-F, L50, F|100/100
|switch|p1b: Ursaluna|Ursaluna, L50, M|100/100
|turn|3
|
|t:|1756337138
|move|p2b: Pelipper|Hurricane|p1a: Indeedee
|-damage|p1a: Indeedee|68/100
|move|p2a: Incineroar|Knock Off|p1b: Ursaluna
|-damage|p1b: Ursaluna|70/100
|-enditem|p1b: Ursaluna|Flame Orb|[from] move: Knock Off|[of] p2a: Incineroar
|move|p1b: Ursaluna|Facade|p2b: Pelipper
|-damage|p2b: Pelipper|6/100
|move|p1a: Indeedee|Trick Room|p1a: Indeedee
|-fieldstart|move: Trick Room|[of] p1a: Indeedee
|
|-weather|RainDance|[upkeep]
|upkeep
|turn|4
|inactive|fookinraw42 has 30 seconds left.
|
|t:|1756337170
|-terastallize|p2a: Incineroar|Ghost
|move|p1b: Ursaluna|Headlong Rush|p2a: Incineroar
|-damage|p2a: Incineroar|36/100
|-unboost|p1b: Ursaluna|def|1
|-unboost|p1b: Ursaluna|spd|1
|move|p2a: Incineroar|Parting Shot|p1b: Ursaluna
|-unboost|p1b: Ursaluna|atk|1
|-unboost|p1b: Ursaluna|spa|1
|
|t:|1756337178
|switch|p2a: Gholdengo|Gholdengo, L50|100/100|[from] Parting Shot
|move|p2b: Pelipper|Weather Ball|p1b: Ursaluna
|-supereffective|p1b: Ursaluna
|-damage|p1b: Ursaluna|0 fnt
|faint|p1b: Ursaluna
|move|p1a: Indeedee|Alluring Voice|p2b: Pelipper
|-damage|p2b: Pelipper|0 fnt
|faint|p2b: Pelipper
|
|-weather|RainDance|[upkeep]
|upkeep
|
|t:|1756337188
|switch|p2b: Incineroar|Incineroar, L50, M, tera:Ghost|36/100
|-ability|p2b: Incineroar|Intimidate|boost
|-unboost|p1a: Indeedee|atk|1
|turn|5
|
|t:|1756337200
|move|p2b: Incineroar|Knock Off|p1a: Indeedee
|-supereffective|p1a: Indeedee
|-damage|p1a: Indeedee|0 fnt
|-enditem|p1a: Indeedee|Safety Goggles|[from] move: Knock Off|[of] p2b: Incineroar
|faint|p1a: Indeedee
|
|win|fookinraw42
||fookinraw42 is ready for game 2.
||fantasminha8 is ready for game 2.
|uhtml|next|Next: Game 2 of 3
|l|☆fantasminha8
|player|p1|
