|j|☆testdigi
|j|☆an_jo_pu
|html|testdigian_jo_pu    
|uhtml|bestof|Game 2 of a best-of-3
|t:|1782476826
|gametype|doubles
|player|p1|testdigi|1|1036
|player|p2|an_jo_pu|lucas|1019
|gen|9
|tier|[Gen 9 Champions] VGC 2026 Reg M-B (Bo3)
|rated|
|rule|Species Clause: Limit one of each Pokémon
|rule|Item Clause: Limit 1 of each item
|clearpoke
|poke|p1|Hydreigon, L50, F|
|poke|p1|Garchomp, L50, F|
|poke|p1|Metagross, L50, shiny|
|poke|p1|Grimmsnarl, L50, M, shiny|
|poke|p1|Charizard, L50, M, shiny|
|poke|p1|Toxapex, L50, M, shiny|
|poke|p2|Sceptile, L50, F|
|poke|p2|Raichu, L50, M|
|poke|p2|Archaludon, L50, F|
|poke|p2|Politoed, L50, M|
|poke|p2|Incineroar, L50, F|
|poke|p2|Steelix, L50, F|
|teampreview|4
|showteam|p1|Hydreigon||ChoiceScarf|Levitate|HeatWave,DarkPulse,DracoMeteor,Snarl|Modest||F|||50|]Garchomp||SitrusBerry|RoughSkin|Protect,RockSlide,DragonClaw,Earthquake|Adamant||F|||50|]Metagross||Metagrossite|ClearBody|Protect,HammerArm,BulletPunch,IronHead|Brave|||||50|]Grimmsnarl||RoseliBerry|Prankster|FakeOut,ScaryFace,Reflect,PartingShot|Sassy||M|||50|]Charizard||CharizarditeY|Blaze|Protect,HeatWave,SolarBeam,WeatherBall|Timid||M|||50|]Toxapex||Leftovers|Regenerator|Infestation,Toxic,BanefulBunker,WideGuard|Relaxed||M|||50|
|showteam|p2|Sceptile||Sceptilite|Overgrow|DragonPulse,LeafStorm,Protect,FocusBlast|Timid||F|||50|]Raichu||RaichuniteY|LightningRod|Discharge,FocusBlast,Thunder,Protect|Timid||M|||50|]Archaludon||Leftovers|Stamina|Protect,ElectroShot,AuraSphere,DragonPulse|Bold||F|||50|]Politoed||SitrusBerry|Drizzle|IceBeam,WeatherBall,PerishSong,Protect|Bold||M|||50|]Incineroar||ChopleBerry|Intimidate|FakeOut,FlareBlitz,DarkestLariat,PartingShot|Adamant||F|||50|]Steelix||LifeOrb|SheerForce|HighHorsepower,BodyPress,IronDefense,Protect|Impish||F|||50|
|inactive|Battle timer is ON: inactive players will automatically lose when time's up. (requested by an_jo_pu)
|
|t:|1782476849
|teamsize|p1|4
|teamsize|p2|4
|start
|switch|p1a: Charizard|Charizard, L50, M, shiny|100/100
|switch|p1b: Toxapex|Toxapex, L50, M, shiny|100/100
|switch|p2a: Sceptile|Sceptile, L50, F|100/100
|switch|p2b: Incineroar|Incineroar, L50, F|100/100
|-ability|p2b: Incineroar|Intimidate|boost
|-unboost|p1a: Charizard|atk|1
|-unboost|p1b: Toxapex|atk|1
|turn|1
|inactive|an_jo_pu has 30 seconds left.
|
|t:|1782476876
|detailschange|p2a: Sceptile|Sceptile-Mega, L50, F
|-mega|p2a: Sceptile|Sceptile|Sceptilite
|move|p1a: Charizard|Protect|p1a: Charizard
|-singleturn|p1a: Charizard|Protect
|move|p1b: Toxapex|Baneful Bunker|p1b: Toxapex
|-singleturn|p1b: Toxapex|move: Protect
|move|p2b: Incineroar|Fake Out|p1a: Charizard
|-activate|p1a: Charizard|move: Protect
|move|p2a: Sceptile|Dragon Pulse|p1b: Toxapex
|-activate|p1b: Toxapex|move: Protect
|
|upkeep
|turn|2
|
|t:|1782476894
|detailschange|p1a: Charizard|Charizard-Mega-Y, L50, M, shiny
|-mega|p1a: Charizard|Charizard|Charizardite Y
|-weather|SunnyDay|[from] ability: Drought|[of] p1a: Charizard
|move|p2a: Sceptile|Protect|p2a: Sceptile
|-singleturn|p2a: Sceptile|Protect
|move|p1a: Charizard|Weather Ball|p2a: Sceptile
|-activate|p2a: Sceptile|move: Protect
|move|p2b: Incineroar|Darkest Lariat|p1a: Charizard
|-crit|p1a: Charizard
|-damage|p1a: Charizard|20/100y
|move|p1b: Toxapex|Infestation|p2a: Sceptile
|-activate|p2a: Sceptile|move: Protect
|
|-weather|SunnyDay|[upkeep]
|upkeep
|turn|3
|
|t:|1782476913
|switch|p2a: Politoed|Politoed, L50, M|100/100
|-weather|RainDance|[from] ability: Drizzle|[of] p2a: Politoed
|move|p1a: Charizard|Protect|p1a: Charizard
|-singleturn|p1a: Charizard|Protect
|move|p2b: Incineroar|Darkest Lariat|p1a: Charizard
|-activate|p1a: Charizard|move: Protect
|move|p1b: Toxapex|Infestation|p2a: Politoed
|-damage|p2a: Politoed|96/100
|-activate|p2a: Politoed|move: Infestation|[of] p1b: Toxapex
|
|-weather|RainDance|[upkeep]
|-damage|p2a: Politoed|84/100|[from] move: Infestation|[partiallytrapped]
|upkeep
|turn|4
|
|t:|1782476930
|switch|p1a: Grimmsnarl|Grimmsnarl, L50, M, shiny|100/100
|move|p2a: Politoed|Weather Ball|p1a: Grimmsnarl
|-damage|p1a: Grimmsnarl|59/100
|move|p2b: Incineroar|Parting Shot|p1b: Toxapex
|-unboost|p1b: Toxapex|atk|1
|-unboost|p1b: Toxapex|spa|1
|
|t:|1782476941
|switch|p2b: Raichu|Raichu, L50, M|100/100|[from] Parting Shot
|move|p1b: Toxapex|Toxic|p2b: Raichu
|-status|p2b: Raichu|tox
|
|-weather|RainDance|[upkeep]
|-damage|p2b: Raichu|94/100 tox|[from] psn
|-damage|p2a: Politoed|72/100|[from] move: Infestation|[partiallytrapped]
|upkeep
|turn|5
|
|t:|1782476961
|switch|p1a: Charizard|Charizard-Mega-Y, L50, M, shiny|20/100y
|-weather|SunnyDay|[from] ability: Drought|[of] p1a: Charizard
|move|p1b: Toxapex|Wide Guard|p1b: Toxapex
|-singleturn|p1b: Toxapex|Wide Guard
|move|p2b: Raichu|Thunder|p1b: Toxapex
|-supereffective|p1b: Toxapex|1
|-damage|p1b: Toxapex|27/100
|move|p2a: Politoed|Weather Ball|p1a: Charizard
|-resisted|p1a: Charizard|1
|-damage|p1a: Charizard|7/100
|
|-weather|SunnyDay|[upkeep]
|-heal|p1b: Toxapex|33/100|[from] item: Leftovers
|-damage|p2b: Raichu|82/100 tox|[from] psn
|-damage|p2a: Politoed|60/100|[from] move: Infestation|[partiallytrapped]
|upkeep
|turn|6
|inactive|an_jo_pu has 30 seconds left.
|
|t:|1782476995
|move|p1b: Toxapex|Baneful Bunker|p1b: Toxapex
|-singleturn|p1b: Toxapex|move: Protect
|move|p2b: Raichu|Discharge|p1a: Charizard|[spread] p2a,p1a
|-activate|p1b: Toxapex|move: Protect
|-supereffective|p2a: Politoed|1
|-supereffective|p1a: Charizard|1
|-damage|p2a: Politoed|22/100
|-damage|p1a: Charizard|0 fnt
|-enditem|p2a: Politoed|Sitrus Berry|[eat]
|-heal|p2a: Politoed|47/100|[from] item: Sitrus Berry
|faint|p1a: Charizard
|move|p2a: Politoed|Weather Ball|p1b: Toxapex
|-activate|p1b: Toxapex|move: Protect
|
|-weather|SunnyDay|[upkeep]
|-heal|p1b: Toxapex|38/100|[from] item: Leftovers
|-damage|p2b: Raichu|64/100 tox|[from] psn
|-damage|p2a: Politoed|35/100|[from] move: Infestation|[partiallytrapped]
|upkeep
|
|t:|1782477003
|switch|p1a: Grimmsnarl|Grimmsnarl, L50, M, shiny|59/100
|turn|7
|
|t:|1782477028
|move|p2a: Politoed|Protect|p2a: Politoed
|-singleturn|p2a: Politoed|Protect
|move|p1a: Grimmsnarl|Fake Out|p2b: Raichu
|-damage|p2b: Raichu|43/100 tox
|cant|p2b: Raichu|flinch
|move|p1b: Toxapex|Infestation|p2b: Raichu
|-damage|p2b: Raichu|40/100 tox
|-activate|p2b: Raichu|move: Infestation|[of] p1b: Toxapex
|
|-weather|SunnyDay|[upkeep]
|-heal|p1b: Toxapex|44/100|[from] item: Leftovers
|-damage|p2b: Raichu|16/100 tox|[from] psn
|-damage|p2b: Raichu|4/100 tox|[from] move: Infestation|[partiallytrapped]
|-end|p2a: Politoed|Infestation|[partiallytrapped]
|upkeep
|turn|8
|
|t:|1782477050
|switch|p2a: Incineroar|Incineroar, L50, F|100/100
|-ability|p2a: Incineroar|Intimidate|boost
|-unboost|p1a: Grimmsnarl|atk|1
|-unboost|p1b: Toxapex|atk|1
|-heal|p1b: Toxapex|77/100|[from] ability: Regenerator|[silent]
|switch|p1b: Garchomp|Garchomp, L50, F|100/100
|move|p1a: Grimmsnarl|Parting Shot|p2b: Raichu
|-unboost|p2b: Raichu|atk|1
|-unboost|p2b: Raichu|spa|1
|
|t:|1782477054
|switch|p1a: Toxapex|Toxapex, L50, M, shiny|77/100|[from] Parting Shot
|move|p2b: Raichu|Discharge|p1a: Toxapex|[spread] p2a,p1a
|-immune|p1b: Garchomp
|-supereffective|p1a: Toxapex|1
|-damage|p2a: Incineroar|83/100
|-damage|p1a: Toxapex|50/100g
|-status|p1a: Toxapex|par
|
|-weather|SunnyDay|[upkeep]
|-heal|p1a: Toxapex|56/100 par|[from] item: Leftovers
|-damage|p2b: Raichu|0 fnt|[from] psn
|faint|p2b: Raichu
|upkeep
|
|t:|1782477072
|switch|p2b: Sceptile|Sceptile-Mega, L50, F|100/100
|turn|9
|inactive|testdigi has 30 seconds left.
|inactive|an_jo_pu has 30 seconds left.
|
|t:|1782477100
|switch|p1b: Grimmsnarl|Grimmsnarl, L50, M, shiny|59/100
|move|p1a: Toxapex|Baneful Bunker|p1a: Toxapex
|-singleturn|p1a: Toxapex|move: Protect
|move|p2a: Incineroar|Fake Out|p1a: Toxapex
|-activate|p1a: Toxapex|move: Protect
|-status|p2a: Incineroar|psn
|move|p2b: Sceptile|Dragon Pulse|p1b: Grimmsnarl
|-immune|p1b: Grimmsnarl
|
|-weather|none
|-heal|p1a: Toxapex|62/100 par|[from] item: Leftovers
|-damage|p2a: Incineroar|71/100 psn|[from] psn
|upkeep
|turn|10
|
|t:|1782477117
|move|p1b: Grimmsnarl|Fake Out|p2b: Sceptile
|-damage|p2b: Sceptile|84/100
|cant|p2b: Sceptile|flinch
|move|p2a: Incineroar|Flare Blitz|p1b: Grimmsnarl
|-damage|p1b: Grimmsnarl|0 fnt
|faint|p1b: Grimmsnarl
|-damage|p2a: Incineroar|51/100 psn|[from] Recoil
|move|p1a: Toxapex|Infestation|p2a: Incineroar
|-damage|p2a: Incineroar|49/100 psn
|-activate|p2a: Incineroar|move: Infestation|[of] p1a: Toxapex
|
|-heal|p1a: Toxapex|68/100 par|[from] item: Leftovers
|-damage|p2a: Incineroar|36/100 psn|[from] psn
|-damage|p2a: Incineroar|24/100 psn|[from] move: Infestation|[partiallytrapped]
|upkeep
|
|t:|1782477122
|switch|p1b: Garchomp|Garchomp, L50, F|100/100
|turn|11
|inactive|an_jo_pu has 30 seconds left.
|inactive|an_jo_pu has 20 seconds left.
|
|t:|1782477159
|move|p2b: Sceptile|Protect|p2b: Sceptile
|-singleturn|p2b: Sceptile|Protect
|move|p1b: Garchomp|Protect|p1b: Garchomp
|-singleturn|p1b: Garchomp|Protect
|move|p2a: Incineroar|Parting Shot|p1a: Toxapex
|-unboost|p1a: Toxapex|atk|1
|-unboost|p1a: Toxapex|spa|1
|
|t:|1782477170
|switch|p2a: Politoed|Politoed, L50, M|35/100|[from] Parting Shot
|-weather|RainDance|[from] ability: Drizzle|[of] p2a: Politoed
|cant|p1a: Toxapex|par
|
|-weather|RainDance|[upkeep]
|-heal|p1a: Toxapex|73/100 par|[from] item: Leftovers
|upkeep
|turn|12
|
|t:|1782477190
|move|p2a: Politoed|Protect|p2a: Politoed
|-singleturn|p2a: Politoed|Protect
|move|p2b: Sceptile|Dragon Pulse|p1b: Garchomp
|-supereffective|p1b: Garchomp|1
|-damage|p1b: Garchomp|7/100
|-enditem|p1b: Garchomp|Sitrus Berry|[eat]
|-heal|p1b: Garchomp|32/100|[from] item: Sitrus Berry
|move|p1b: Garchomp|Dragon Claw|p2b: Sceptile
|-supereffective|p2b: Sceptile|1
|-damage|p2b: Sceptile|0 fnt
|faint|p2b: Sceptile
|move|p1a: Toxapex|Infestation|p2a: Politoed
|-activate|p2a: Politoed|move: Protect
|
|-weather|RainDance|[upkeep]
|-heal|p1a: Toxapex|79/100 par|[from] item: Leftovers
|upkeep
|
|t:|1782477199
|switch|p2b: Incineroar|Incineroar, L50, F|24/100 psn
|-ability|p2b: Incineroar|Intimidate|boost
|-unboost|p1a: Toxapex|atk|1
|-unboost|p1b: Garchomp|atk|1
|turn|13
|
|t:|1782477214
|move|p1b: Garchomp|Protect|p1b: Garchomp
|-singleturn|p1b: Garchomp|Protect
|move|p2b: Incineroar|Fake Out|p1b: Garchomp
|-activate|p1b: Garchomp|move: Protect
|move|p2a: Politoed|Perish Song|p2a: Politoed
|-start|p1a: Toxapex|perish3|[silent]
|-start|p1b: Garchomp|perish3|[silent]
|-start|p2a: Politoed|perish3|[silent]
|-start|p2b: Incineroar|perish3|[silent]
|-fieldactivate|move: Perish Song
|move|p1a: Toxapex|Toxic|p2a: Politoed
|-status|p2a: Politoed|tox
|
|-weather|RainDance|[upkeep]
|-heal|p1a: Toxapex|85/100 par|[from] item: Leftovers
|-damage|p2a: Politoed|29/100 tox|[from] psn
|-damage|p2b: Incineroar|11/100 psn|[from] psn
|-start|p1b: Garchomp|perish3
|-start|p2a: Politoed|perish3
|-start|p2b: Incineroar|perish3
|-start|p1a: Toxapex|perish3
|upkeep
|turn|14
|
|t:|1782477227
|move|p2a: Politoed|Protect|p2a: Politoed
|-singleturn|p2a: Politoed|Protect
|move|p1b: Garchomp|Rock Slide|p2b: Incineroar|[spread] p2b
|-activate|p2a: Politoed|move: Protect
|-supereffective|p2b: Incineroar|1
|-crit|p2b: Incineroar
|-damage|p2b: Incineroar|0 fnt
|faint|p2b: Incineroar
|move|p1a: Toxapex|Infestation|p2a: Politoed
|-activate|p2a: Politoed|move: Protect
|
|-weather|RainDance|[upkeep]
|-heal|p1a: Toxapex|91/100 par|[from] item: Leftovers
|-damage|p2a: Politoed|17/100 tox|[from] psn
|-start|p1b: Garchomp|perish2
|-start|p2a: Politoed|perish2
|-start|p1a: Toxapex|perish2
|upkeep
|turn|15
|
|t:|1782477240
|move|p1b: Garchomp|Dragon Claw|p2a: Politoed
|-damage|p2a: Politoed|0 fnt
|faint|p2a: Politoed
|
|win|testdigi
||testdigi is ready for game 3.
||an_jo_pu is ready for game 3.
|uhtml|next|Next: Game 3 of 3
