|j|☆X2Muz
|j|☆NewAdi6
|html|X2MuzNewAdi6    
|uhtml|bestof|Game 3 of a best-of-3
|t:|1754765386
|gametype|doubles
|player|p1|X2Muz|cheryl|1208
|player|p2|NewAdi6|1|1187
|gen|9
|tier|[Gen 9] VGC 2025 Reg H (Bo3)
|rated|
|rule|Species Clause: Limit one of each Pokémon
|rule|Item Clause: Limit 1 of each item
|clearpoke
|poke|p1|Gholdengo, L50|
|poke|p1|Sneasler, L50, M|
|poke|p1|Rillaboom, L50, M|
|poke|p1|Dragonite, L50, M|
|poke|p1|Ninetales-Alola, L50, M|
|poke|p1|Arcanine-Hisui, L50, F|
|poke|p2|Kingambit, L50, F|
|poke|p2|Rillaboom, L50, F|
|poke|p2|Electabuzz, L50, M|
|poke|p2|Dragapult, L50, M|
|poke|p2|Volcarona, L50, M|
|poke|p2|Tauros-Paldea-Aqua, L50, M|
|teampreview|4
|showteam|p1|Gholdengo||GrassySeed|GoodasGold|NastyPlot,MakeItRain,ShadowBall,Protect||||||50|,,,,,Water]Sneasler||WhiteHerb|Unburden|CloseCombat,DireClaw,Coaching,Protect|||M|||50|,,,,,Ghost]Rillaboom||AssaultVest|GrassySurge|FakeOut,GrassyGlide,DrumBeating,HighHorsepower|||M|||50|,,,,,Fire]Dragonite||LoadedDice|Multiscale|ScaleShot,StompingTantrum,Tailwind,Protect|||M|||50|,,,,,Ground]Ninetales-Alola||FocusSash|SnowWarning|Blizzard,IcyWind,Encore,AuroraVeil|||M|||50|,,,,,Ghost]Arcanine-Hisui||ClearAmulet|Intimidate|RockSlide,FlareBlitz,ExtremeSpeed,Protect|||F|||50|,,,,,Water
|showteam|p2|Kingambit||BlackGlasses|Defiant|Protect,KowtowCleave,SuckerPunch,SwordsDance|||F|||50|,,,,,Dark]Rillaboom||AssaultVest|GrassySurge|WoodHammer,GrassyGlide,Uturn,FakeOut|||F|||50|,,,,,Fire]Electabuzz||Eviolite|VitalSpirit|Protect,Thunderbolt,HelpingHand,FollowMe|||M|||50|,,,,,Ghost]Dragapult||ChoiceSpecs|ClearBody|DracoMeteor,ShadowBall,FireBlast,Uturn|||M|||50|,,,,,Ghost]Volcarona||CovertCloak|FlameBody|Protect,HeatWave,GigaDrain,QuiverDance|||M|||50|,,,,,Dragon]Tauros-Paldea-Aqua||MirrorHerb|Intimidate|Protect,WaveCrash,CloseCombat,AquaJet|||M|||50|,,,,,Water
|
|t:|1754765423
|teamsize|p1|4
|teamsize|p2|4
|start
|switch|p1a: Arcanine|Arcanine-Hisui, L50, F|100/100
|switch|p1b: Sneasler|Sneasler, L50, M|100/100
|switch|p2a: Heimlich|Volcarona, L50, M, shiny|100/100
|switch|p2b: WrathofKhan|Kingambit, L50, F, shiny|100/100
|-ability|p1a: Arcanine|Intimidate|boost
|-unboost|p2a: Heimlich|atk|1
|-unboost|p2b: WrathofKhan|atk|1
|-ability|p2b: WrathofKhan|Defiant|boost
|-boost|p2b: WrathofKhan|atk|2
|turn|1
|inactive|Battle timer is ON: inactive players will automatically lose when time's up. (requested by NewAdi6)
|
|t:|1754765436
|-terastallize|p2a: Heimlich|Dragon
|move|p1a: Arcanine|Protect|p1a: Arcanine
|-singleturn|p1a: Arcanine|Protect
|move|p2b: WrathofKhan|Protect|p2b: WrathofKhan
|-singleturn|p2b: WrathofKhan|Protect
|move|p1b: Sneasler|Coaching|p1a: Arcanine
|-boost|p1a: Arcanine|atk|1
|-boost|p1a: Arcanine|def|1
|move|p2a: Heimlich|Quiver Dance|p2a: Heimlich
|-boost|p2a: Heimlich|spa|1
|-boost|p2a: Heimlich|spd|1
|-boost|p2a: Heimlich|spe|1
|
|upkeep
|turn|2
|inactive|X2Muz has 30 seconds left.
|inactive|NewAdi6 has 30 seconds left.
|inactive|X2Muz has 20 seconds left.
|inactive|X2Muz has 15 seconds left.
|inactive|X2Muz has 10 seconds left.
|
|t:|1754765485
|move|p1a: Arcanine|Extreme Speed|p2a: Heimlich
|-crit|p2a: Heimlich
|-damage|p2a: Heimlich|27/100
|move|p2b: WrathofKhan|Sucker Punch||[still]
|-fail|p2b: WrathofKhan
|move|p2a: Heimlich|Heat Wave|p1b: Sneasler|[spread] p1a,p1b
|-resisted|p1a: Arcanine
|-damage|p1a: Arcanine|84/100
|-damage|p1b: Sneasler|34/100
|move|p1b: Sneasler|Coaching|p1a: Arcanine
|-boost|p1a: Arcanine|atk|1
|-boost|p1a: Arcanine|def|1
|
|upkeep
|turn|3
|inactive|X2Muz has 30 seconds left.
|inactive|X2Muz has 20 seconds left.
|
|t:|1754765522
|switch|p2a: Bull CRIT!!|Tauros-Paldea-Aqua, L50, M|100/100
|-ability|p2a: Bull CRIT!!|Intimidate|boost
|-fail|p1a: Arcanine|unboost|[from] item: Clear Amulet|[of] p1a: Arcanine
|-unboost|p1b: Sneasler|atk|1
|-enditem|p1b: Sneasler|White Herb
|-clearnegativeboost|p1b: Sneasler|[silent]
|switch|p1b: Dragonite|Dragonite, L50, M|100/100
|move|p2b: WrathofKhan|Sucker Punch||[still]
|-fail|p2b: WrathofKhan
|move|p1a: Arcanine|Rock Slide|p2a: Bull CRIT!!|[spread] p2a,p2b
|-resisted|p2a: Bull CRIT!!
|-resisted|p2b: WrathofKhan
|-damage|p2a: Bull CRIT!!|74/100
|-damage|p2b: WrathofKhan|82/100
|
|upkeep
|turn|4
|inactive|X2Muz has 30 seconds left.
|
|t:|1754765550
|move|p1a: Arcanine|Protect|p1a: Arcanine
|-singleturn|p1a: Arcanine|Protect
|move|p2b: WrathofKhan|Protect|p2b: WrathofKhan
|-singleturn|p2b: WrathofKhan|Protect
|move|p2a: Bull CRIT!!|Wave Crash|p1a: Arcanine
|-activate|p1a: Arcanine|move: Protect
|move|p1b: Dragonite|Scale Shot|p2a: Bull CRIT!!
|-damage|p2a: Bull CRIT!!|59/100
|-damage|p2a: Bull CRIT!!|44/100
|-damage|p2a: Bull CRIT!!|27/100
|-damage|p2a: Bull CRIT!!|12/100
|-hitcount|p2a: Bull CRIT!!|4
|-unboost|p1b: Dragonite|def|1
|-boost|p1b: Dragonite|spe|1
|-enditem|p2a: Bull CRIT!!|Mirror Herb
|-boost|p2a: Bull CRIT!!|spe|1|[from] item: Mirror Herb
|
|upkeep
|turn|5
|inactive|NewAdi6 has 30 seconds left.
|
|t:|1754765579
|-terastallize|p1b: Dragonite|Ground
|move|p1a: Arcanine|Extreme Speed|p2a: Bull CRIT!!
|-damage|p2a: Bull CRIT!!|0 fnt
|faint|p2a: Bull CRIT!!
|move|p1b: Dragonite|Stomping Tantrum|p2b: WrathofKhan
|-supereffective|p2b: WrathofKhan
|-damage|p2b: WrathofKhan|15/100
|move|p2b: WrathofKhan|Kowtow Cleave|p1b: Dragonite
|-damage|p1b: Dragonite|31/100
|
|upkeep
|
|t:|1754765585
|switch|p2a: Pultimore|Dragapult, L50, M, shiny|100/100
|turn|6
|
|t:|1754765608
|move|p1a: Arcanine|Protect|p1a: Arcanine
|-singleturn|p1a: Arcanine|Protect
|move|p2b: WrathofKhan|Sucker Punch||[still]
|-fail|p2b: WrathofKhan
|move|p1b: Dragonite|Tailwind|p1b: Dragonite
|-sidestart|p1: X2Muz|move: Tailwind
|move|p2a: Pultimore|Shadow Ball|p1a: Arcanine
|-activate|p1a: Arcanine|move: Protect
|
|upkeep
|turn|7
|
|t:|1754765623
|move|p1b: Dragonite|Protect|p1b: Dragonite
|-singleturn|p1b: Dragonite|Protect
|move|p2b: WrathofKhan|Sucker Punch||[still]
|-fail|p2b: WrathofKhan
|move|p1a: Arcanine|Rock Slide|p2b: WrathofKhan|[spread] p2a,p2b
|-resisted|p2b: WrathofKhan
|-damage|p2a: Pultimore|24/100
|-damage|p2b: WrathofKhan|0 fnt
|faint|p2b: WrathofKhan
|move|p2a: Pultimore|Shadow Ball|p1a: Arcanine
|-damage|p1a: Arcanine|12/100
|
|upkeep
|
|t:|1754765634
|switch|p2b: Heimlich|Volcarona, L50, M, shiny, tera:Dragon|27/100
|turn|8
|
|t:|1754765644
|move|p2b: Heimlich|Protect|p2b: Heimlich
|-singleturn|p2b: Heimlich|Protect
|move|p1b: Dragonite|Scale Shot|p2a: Pultimore
|-supereffective|p2a: Pultimore
|-damage|p2a: Pultimore|0 fnt
|faint|p2a: Pultimore
|-hitcount|p2: Pultimore|1
|-unboost|p1b: Dragonite|def|1
|-boost|p1b: Dragonite|spe|1
|move|p1a: Arcanine|Rock Slide|p2b: Heimlich
|-activate|p2b: Heimlich|move: Protect
|
|upkeep
|turn|9
|
|t:|1754765656
|move|p1a: Arcanine|Extreme Speed|p2b: Heimlich
|-damage|p2b: Heimlich|0 fnt
|faint|p2b: Heimlich
|
|win|X2Muz
|raw|X2Muz's rating: 1208 → 1231(+23 for winning)
|raw|NewAdi6's rating: 1187 → 1164(-23 for losing)
|l|☆NewAdi6
|player|p2|
