|j|☆pinba2
|j|☆TreTrainer5252
|html|pinba2TreTrainer5252    
|uhtml|bestof|Game 1 of a best-of-3
|t:|1756837688
|gametype|doubles
|player|p1|pinba2|nate|1038
|player|p2|TreTrainer5252|linebacker|1055
|gen|9
|tier|[Gen 9] VGC 2025 Reg H (Bo3)
|rated|
|rule|Species Clause: Limit one of each Pokémon
|rule|Item Clause: Limit 1 of each item
|clearpoke
|poke|p1|Sneasler, L50, M|
|poke|p1|Garchomp, L50, M|
|poke|p1|Incineroar, L50, M|
|poke|p1|Whimsicott, L50, M|
|poke|p1|Rillaboom, L50, F|
|poke|p1|Palafin, L50, M|
|poke|p2|Maushold-Four, L50|
|poke|p2|Primarina, L50, M|
|poke|p2|Archaludon, L50, F|
|poke|p2|Annihilape, L50, M|
|poke|p2|Amoonguss, L50, M|
|poke|p2|Incineroar, L50, M|
|teampreview|4
|showteam|p1|Sneasler||GrassySeed|Unburden|DireClaw,Protect,ThroatChop,CloseCombat|||M|||50|,,,,,Dark]Garchomp||LifeOrb|RoughSkin|ScaleShot,RockSlide,Earthquake,Protect|||M|||50|,,,,,Ground]Incineroar||CovertCloak|Intimidate|FlareBlitz,ScaryFace,KnockOff,FakeOut|||M|||50|,,,,,Bug]Whimsicott||FocusSash|Prankster|Encore,Tailwind,Moonblast,TrickRoom|||M|||50|,,,,,Dark]Rillaboom||MiracleSeed|GrassySurge|FakeOut,GrassyGlide,WoodHammer,Taunt|||F|||50|,,,,,Fire]Palafin||MysticWater|ZerotoHero|IcePunch,FlipTurn,Haze,WaveCrash|||M|||50|,,,,,Water
|showteam|p2|Maushold-Four||FocusSash|FriendGuard|BeatUp,Protect,FollowMe,PopulationBomb||||||50|,,,,,Ghost]Primarina||ThroatSpray|LiquidVoice|Haze,Protect,Moonblast,HyperVoice|||M|||50|,,,,,Grass]Archaludon||PowerHerb|Stamina|Snarl,BodyPress,ElectroShot,FlashCannon|||F|||50|,,,,,Fairy]Annihilape||Leftovers|Defiant|Protect,RageFist,DrainPunch,FinalGambit|||M|||50|,,,,,Fire]Amoonguss||SitrusBerry|Regenerator|Spore,Protect,PollenPuff,RagePowder|||M|||50|,,,,,Water]Incineroar||AssaultVest|Intimidate|Uturn,KnockOff,FlareBlitz,FakeOut|||M|||50|,,,,,Grass
|inactive|Battle timer is ON: inactive players will automatically lose when time's up. (requested by pinba2)
|inactive|pinba2 has 60 seconds left.
|inactive|TreTrainer5252 has 60 seconds left.
|inactive|pinba2 has 30 seconds left.
|inactive|TreTrainer5252 has 30 seconds left.
|inactive|pinba2 has 20 seconds left.
|inactive|TreTrainer5252 has 20 seconds left.
|inactive|pinba2 has 15 seconds left.
|inactive|TreTrainer5252 has 15 seconds left.
|inactive|pinba2 has 10 seconds left.
|inactive|TreTrainer5252 has 10 seconds left.
|inactive|pinba2 has 5 seconds left.
|
|t:|1756837780
|teamsize|p1|4
|teamsize|p2|4
|start
|switch|p1a: Rillaboom|Rillaboom, L50, F|100/100
|switch|p1b: Garchomp|Garchomp, L50, M|100/100
|switch|p2a: Reunion|Maushold-Four, L50|100/100
|switch|p2b: Pazoo|Annihilape, L50, M, shiny|100/100
|-fieldstart|move: Grassy Terrain|[from] ability: Grassy Surge|[of] p1a: Rillaboom
|turn|1
|c|☆TreTrainer5252|glhf
|inactive|pinba2 has 30 seconds left.
|
|t:|1756837810
|-terastallize|p1b: Garchomp|Ground
|-terastallize|p2a: Reunion|Ghost
|move|p1a: Rillaboom|Fake Out|p2a: Reunion
|-immune|p2a: Reunion
|move|p1b: Garchomp|Earthquake|p2b: Pazoo|[spread] p1a,p2a,p2b
|-resisted|p1a: Rillaboom
|-damage|p1a: Rillaboom|76/100
|-damage|p2a: Reunion|56/100
|-damage|p2b: Pazoo|72/100
|-damage|p1b: Garchomp|91/100|[from] item: Life Orb
|move|p2a: Reunion|Beat Up|p2b: Pazoo
|-damage|p2b: Pazoo|71/100
|-damage|p2b: Pazoo|69/100
|-damage|p2b: Pazoo|67/100
|-damage|p2b: Pazoo|65/100
|-hitcount|p2b: Pazoo|4
|move|p2b: Pazoo|Rage Fist|p1b: Garchomp
|-damage|p1b: Garchomp|0 fnt
|-damage|p2b: Pazoo|53/100|[from] ability: Rough Skin|[of] p1b: Garchomp
|faint|p1b: Garchomp
|
|-heal|p1a: Rillaboom|82/100|[from] Grassy Terrain
|-heal|p2a: Reunion|62/100|[from] Grassy Terrain
|-heal|p2b: Pazoo|59/100|[from] Grassy Terrain
|-heal|p2b: Pazoo|65/100|[from] item: Leftovers
|upkeep
|inactive|pinba2 has 30 seconds left.
|
|t:|1756837843
|switch|p1b: Whimsicott|Whimsicott, L50, M|100/100
|turn|2
|
|t:|1756837863
|move|p1b: Whimsicott|Moonblast|p2b: Pazoo
|-supereffective|p2b: Pazoo
|-damage|p2b: Pazoo|28/100
|move|p1a: Rillaboom|Taunt|p2a: Reunion
|-start|p2a: Reunion|move: Taunt
|move|p2a: Reunion|Population Bomb|p1b: Whimsicott
|-damage|p1b: Whimsicott|91/100
|-damage|p1b: Whimsicott|82/100
|-damage|p1b: Whimsicott|73/100
|-damage|p1b: Whimsicott|64/100
|-damage|p1b: Whimsicott|55/100
|-damage|p1b: Whimsicott|48/100
|-damage|p1b: Whimsicott|39/100
|-damage|p1b: Whimsicott|29/100
|-damage|p1b: Whimsicott|20/100
|-damage|p1b: Whimsicott|10/100
|-hitcount|p1b: Whimsicott|10
|move|p2b: Pazoo|Rage Fist|p1a: Rillaboom
|-damage|p1a: Rillaboom|0 fnt
|faint|p1a: Rillaboom
|
|-heal|p1b: Whimsicott|16/100|[from] Grassy Terrain
|-heal|p2a: Reunion|68/100|[from] Grassy Terrain
|-heal|p2b: Pazoo|35/100|[from] Grassy Terrain
|-heal|p2b: Pazoo|41/100|[from] item: Leftovers
|upkeep
|inactive|pinba2 has 30 seconds left.
|
|t:|1756837893
|switch|p1a: Sneasler|Sneasler, L50, M|100/100
|-enditem|p1a: Sneasler|Grassy Seed
|-boost|p1a: Sneasler|def|1|[from] item: Grassy Seed
|turn|3
|
|t:|1756837911
|move|p2b: Pazoo|Protect|p2b: Pazoo
|-singleturn|p2b: Pazoo|Protect
|move|p1a: Sneasler|Throat Chop|p2a: Reunion
|-supereffective|p2a: Reunion
|-damage|p2a: Reunion|0 fnt
|faint|p2a: Reunion
|move|p1b: Whimsicott|Moonblast|p2b: Pazoo
|-activate|p2b: Pazoo|move: Protect
|
|-heal|p1b: Whimsicott|22/100|[from] Grassy Terrain
|-heal|p2b: Pazoo|47/100|[from] Grassy Terrain
|-heal|p2b: Pazoo|53/100|[from] item: Leftovers
|upkeep
|
|t:|1756837923
|switch|p2a: Amoonguss|Amoonguss, L50, M, shiny|100/100
|turn|4
|
|t:|1756837938
|move|p2a: Amoonguss|Rage Powder|p2a: Amoonguss
|-singleturn|p2a: Amoonguss|move: Rage Powder
|move|p1a: Sneasler|Dire Claw|p2a: Amoonguss
|-damage|p2a: Amoonguss|64/100
|move|p1b: Whimsicott|Moonblast|p2b: Pazoo
|-supereffective|p2b: Pazoo
|-damage|p2b: Pazoo|2/100
|move|p2b: Pazoo|Rage Fist|p1a: Sneasler
|-damage|p1a: Sneasler|0 fnt
|faint|p1a: Sneasler
|
|-heal|p1b: Whimsicott|28/100|[from] Grassy Terrain
|-heal|p2b: Pazoo|8/100|[from] Grassy Terrain
|-heal|p2b: Pazoo|14/100|[from] item: Leftovers
|-heal|p2a: Amoonguss|70/100|[from] Grassy Terrain
|upkeep
|turn|5
|-message|pinba2 forfeited.
|
|win|TreTrainer5252
|l|☆pinba2
|player|p1|
|j|☆pinba2
|player|p1|pinba2|nate|
