|j|☆Sneasler on Crack
|j|☆x-demon18
|html|Sneasler on Crackx-demon18    
|uhtml|bestof|Game 1 of a best-of-3
|t:|1784919071
|gametype|doubles
|player|p1|Sneasler on Crack|giovanni|1140
|player|p2|x-demon18|pokefan-gen4|1040
|gen|9
|tier|[Gen 9 Champions] VGC 2026 Reg M-B (Bo3)
|rated|
|rule|Species Clause: Limit one of each Pokémon
|rule|Item Clause: Limit 1 of each item
|clearpoke
|poke|p1|Raichu, L50, F|
|poke|p1|Mamoswine, L50, F|
|poke|p1|Farigiraf, L50, M|
|poke|p1|Scovillain, L50, M|
|poke|p1|Basculegion, L50, M|
|poke|p1|Lycanroc-Dusk, L50, F|
|poke|p2|Incineroar, L50, F|
|poke|p2|Rotom-Wash, L50|
|poke|p2|Venusaur, L50, F|
|poke|p2|Corviknight, L50, F|
|poke|p2|Sylveon, L50, F|
|poke|p2|Garchomp, L50, M|
|teampreview|4
|showteam|p1|Raichu||RaichuniteY|LightningRod|ZapCannon,FocusBlast,FakeOut,Protect|Timid||F|||50|]Mamoswine||LifeOrb|Oblivious|HighHorsepower,IcicleCrash,IceShard,Protect|Adamant||F|||50|]Farigiraf||ColburBerry|ArmorTail|TwinBeam,Thunderbolt,HelpingHand,TrickRoom|Calm||M|||50|]Scovillain||Scovillainite|Insomnia|Flamethrower,LeechSeed,RagePowder,Protect|Bold||M|||50|]Basculegion||ChoiceScarf|Adaptability|WaveCrash,LastRespects,FlipTurn,AquaJet|Jolly||M|||50|]Lycanroc-Dusk||FocusSash|ToughClaws|CloseCombat,RockSlide,Accelerock,Protect|Adamant||F|||50|
|showteam|p2|Incineroar||ExpertBelt|Intimidate|FakeOut,TemperFlare,ThroatChop,PartingShot|Adamant||F|||50|]Rotom-Wash||RindoBerry|Levitate|HydroPump,Electroweb,WillOWisp,VoltSwitch|Modest|||||50|]Venusaur||Venusaurite|Chlorophyll|GigaDrain,SludgeBomb,EarthPower,Protect|Modest||F|||50|]Corviknight||OccaBerry|MirrorArmor|Tailwind,DualWingbeat,IronHead,BodyPress|Adamant||F|||50|]Sylveon||FairyFeather|Pixilate|HyperVoice,QuickAttack,Yawn,Detect|Modest||F|||50|]Garchomp||LifeOrb|RoughSkin|RockSlide,DragonClaw,StompingTantrum,Protect|Jolly||M|||50|
|
|t:|1784919123
|teamsize|p1|4
|teamsize|p2|4
|start
|switch|p1a: Scovillain|Scovillain, L50, M|100/100
|switch|p1b: Mamoswine|Mamoswine, L50, F|100/100
|switch|p2a: HydroVolt|Rotom-Wash, L50|100/100
|switch|p2b: Yggdrasil|Venusaur, L50, F|100/100
|turn|1
|
|t:|1784919150
|detailschange|p2b: Yggdrasil|Venusaur-Mega, L50, F
|-mega|p2b: Yggdrasil|Venusaur|Venusaurite
|detailschange|p1a: Scovillain|Scovillain-Mega, L50, M
|-mega|p1a: Scovillain|Scovillain|Scovillainite
|move|p1b: Mamoswine|Protect|p1b: Mamoswine
|-singleturn|p1b: Mamoswine|Protect
|move|p2b: Yggdrasil|Sludge Bomb|p1a: Scovillain
|-supereffective|p1a: Scovillain|1
|-damage|p1a: Scovillain|11/100
|-status|p1a: Scovillain|psn
|-status|p2b: Yggdrasil|brn|[from] ability: Spicy Spray|[of] p1a: Scovillain
|move|p2a: HydroVolt|Will-O-Wisp|p1b: Mamoswine
|-activate|p1b: Mamoswine|move: Protect
|move|p1a: Scovillain|Leech Seed|p2a: HydroVolt
|-start|p2a: HydroVolt|move: Leech Seed
|
|-damage|p2a: HydroVolt|87/100|[from] Leech Seed|[of] p1a: Scovillain
|-heal|p1a: Scovillain|22/100 psn|[silent]
|-damage|p1a: Scovillain|10/100 psn|[from] psn
|-damage|p2b: Yggdrasil|94/100 brn|[from] brn
|upkeep
|turn|2
|
|t:|1784919190
|switch|p1b: Farigiraf|Farigiraf, L50, M|100/100
|switch|p2b: Wolverine|Incineroar, L50, F|100/100
|-ability|p2b: Wolverine|Intimidate|boost
|-unboost|p1a: Scovillain|atk|1
|-unboost|p1b: Farigiraf|atk|1
|move|p1a: Scovillain|Protect|p1a: Scovillain
|-singleturn|p1a: Scovillain|Protect
|move|p2a: HydroVolt|Will-O-Wisp|p1b: Farigiraf
|-status|p1b: Farigiraf|brn
|
|-damage|p2a: HydroVolt|75/100|[from] Leech Seed|[of] p1a: Scovillain
|-heal|p1a: Scovillain|21/100 psn|[silent]
|-damage|p1a: Scovillain|9/100 psn|[from] psn
|-damage|p1b: Farigiraf|94/100 brn|[from] brn
|upkeep
|turn|3
|
|t:|1784919212
|switch|p2a: Yggdrasil|Venusaur-Mega, L50, F|94/100 brn
|move|p1a: Scovillain|Leech Seed|p2b: Wolverine
|-start|p2b: Wolverine|move: Leech Seed
|move|p1b: Farigiraf|Twin Beam|p2a: Yggdrasil
|-supereffective|p2a: Yggdrasil|1
|-damage|p2a: Yggdrasil|67/100 brn
|-supereffective|p2a: Yggdrasil|1
|-damage|p2a: Yggdrasil|43/100 brn
|-hitcount|p2a: Yggdrasil|2
|move|p2b: Wolverine|Throat Chop|p1b: Farigiraf
|-supereffective|p1b: Farigiraf|1
|-enditem|p1b: Farigiraf|Colbur Berry|[eat]
|-enditem|p1b: Farigiraf|Colbur Berry|[weaken]
|-damage|p1b: Farigiraf|54/100 brn
|-start|p1b: Farigiraf|Throat Chop|[silent]
|
|-damage|p2b: Wolverine|87/100|[from] Leech Seed|[of] p1a: Scovillain
|-heal|p1a: Scovillain|23/100 psn|[silent]
|-damage|p1a: Scovillain|11/100 psn|[from] psn
|-damage|p2a: Yggdrasil|37/100 brn|[from] brn
|-damage|p1b: Farigiraf|48/100 brn|[from] brn
|upkeep
|turn|4
|
|t:|1784919243
|move|p2a: Yggdrasil|Protect|p2a: Yggdrasil
|-singleturn|p2a: Yggdrasil|Protect
|move|p1a: Scovillain|Rage Powder|p1a: Scovillain
|-singleturn|p1a: Scovillain|move: Rage Powder
|move|p1b: Farigiraf|Twin Beam|p2a: Yggdrasil
|-activate|p2a: Yggdrasil|move: Protect
|move|p2b: Wolverine|Throat Chop|p1a: Scovillain
|-crit|p1a: Scovillain
|-damage|p1a: Scovillain|0 fnt
|-immune|p2b: Wolverine
|faint|p1a: Scovillain
|
|-damage|p2a: Yggdrasil|31/100 brn|[from] brn
|-damage|p1b: Farigiraf|43/100 brn|[from] brn
|-end|p1b: Farigiraf|Throat Chop|[silent]
|upkeep
|
|t:|1784919260
|switch|p1a: Basculegion|Basculegion, L50, M|100/100
|turn|5
|
|t:|1784919284
|move|p1a: Basculegion|Last Respects|p2a: Yggdrasil
|-damage|p2a: Yggdrasil|0 fnt
|faint|p2a: Yggdrasil
|move|p1b: Farigiraf|Thunderbolt|p2b: Wolverine
|-damage|p2b: Wolverine|66/100
|move|p2b: Wolverine|Throat Chop|p1a: Basculegion
|-supereffective|p1a: Basculegion|1
|-damage|p1a: Basculegion|5/100
|-start|p1a: Basculegion|Throat Chop|[silent]
|
|-damage|p2b: Wolverine|53/100|[from] Leech Seed|[of] p1a: Basculegion
|-heal|p1a: Basculegion|17/100|[silent]
|-damage|p1b: Farigiraf|37/100 brn|[from] brn
|upkeep
|
|t:|1784919299
|switch|p2a: Frieren|Sylveon, L50, F|100/100
|turn|6
|
|t:|1784919330
|switch|p1a: Mamoswine|Mamoswine, L50, F|100/100
|switch|p2b: HydroVolt|Rotom-Wash, L50|75/100
|move|p1b: Farigiraf|Thunderbolt|p2b: HydroVolt
|-damage|p2b: HydroVolt|50/100g
|move|p2a: Frieren|Hyper Voice|p1a: Mamoswine|[spread] p1a,p1b
|-damage|p1a: Mamoswine|32/100
|-damage|p1b: Farigiraf|4/100 brn
|
|-damage|p1b: Farigiraf|0 fnt|[from] brn
|faint|p1b: Farigiraf
|upkeep
|
|t:|1784919340
|switch|p1b: Basculegion|Basculegion, L50, M|17/100
|turn|7
|
|t:|1784919357
|move|p1b: Basculegion|Last Respects|p2b: HydroVolt
|-damage|p2b: HydroVolt|0 fnt
|faint|p2b: HydroVolt
|move|p1a: Mamoswine|High Horsepower|p2a: Frieren
|-damage|p2a: Frieren|36/100
|-damage|p1a: Mamoswine|22/100|[from] item: Life Orb
|move|p2a: Frieren|Hyper Voice|p1b: Basculegion|[spread] p1a,p1b
|-damage|p1a: Mamoswine|0 fnt
|-damage|p1b: Basculegion|0 fnt
|faint|p1a: Mamoswine
|faint|p1b: Basculegion
|
|win|x-demon18
|inactive|Sneasler on Crack has 30 seconds to confirm battle start!
|inactive|x-demon18 has 30 seconds to confirm battle start!
