|j|☆csh72c
|j|☆kyo_is_de4d
|html|csh72ckyo_is_de4d    
|uhtml|bestof|Game 2 of a best-of-3
|t:|1784224063
|gametype|doubles
|player|p1|csh72c|cynthia|1077
|player|p2|kyo_is_de4d|170|1098
|gen|9
|tier|[Gen 9 Champions] VGC 2026 Reg M-B (Bo3)
|rated|
|rule|Species Clause: Limit one of each Pokémon
|rule|Item Clause: Limit 1 of each item
|clearpoke
|poke|p1|Charizard, L50, M|
|poke|p1|Whimsicott, L50, M|
|poke|p1|Lycanroc-Dusk, L50, M|
|poke|p1|Zoroark-Hisui, L50, F|
|poke|p1|Raichu, L50, F|
|poke|p1|Kangaskhan, L50, F|
|poke|p2|Floette-Eternal, L50, F|
|poke|p2|Charizard, L50, M, shiny|
|poke|p2|Kingambit, L50, F, shiny|
|poke|p2|Whimsicott, L50, F, shiny|
|poke|p2|Basculegion, L50, M, shiny|
|poke|p2|Garchomp, L50, F, shiny|
|teampreview|4
|showteam|p1|Charizard||CharizarditeY|SolarPower|HeatWave,WeatherBall,ScorchingSands,AirSlash|Modest||M|||50|]Whimsicott||FocusSash|Prankster|Tailwind,Protect,Moonblast,Endeavor|Timid||M|||50|]Lycanroc-Dusk||ChoiceScarf|ToughClaws|RockSlide,ThroatChop,Accelerock,CloseCombat|Adamant||M|||50|]Zoroark-Hisui||LifeOrb|Illusion|ShadowBall,HyperVoice,FoulPlay,DarkPulse|Timid||F|||50|]Raichu||RaichuniteY|LightningRod|FakeOut,ZapCannon,Protect,FocusBlast|Timid||F|||50|]Kangaskhan||SilkScarf|Scrappy|FakeOut,LastResort|Adamant||F|||50|
|showteam|p2|Floette-Eternal||Floettite|FlowerVeil|Protect,LightofRuin,Moonblast,DazzlingGleam|Modest||F|||50|]Charizard||CharizarditeY|Blaze|SolarBeam,HeatWave,WeatherBall,Protect|Modest||M|||50|]Kingambit||ChopleBerry|Defiant|IronHead,LowKick,KowtowCleave,SuckerPunch|Adamant||F|||50|]Whimsicott||FocusSash|Prankster|Moonblast,Tailwind,Encore,Protect|Timid||F|||50|]Basculegion||MysticWater|Adaptability|WaveCrash,Protect,LastRespects,AquaJet|Adamant||M|||50|]Garchomp||LifeOrb|RoughSkin|Earthquake,RockSlide,Protect,DragonClaw|Jolly||F|||50|
|inactive|Battle timer is ON: inactive players will automatically lose when time's up. (requested by csh72c)
|
|t:|1784224081
|teamsize|p1|4
|teamsize|p2|4
|start
|switch|p1a: Whimsicott|Whimsicott, L50, M|100/100
|switch|p1b: Kangaskhan|Kangaskhan, L50, F|100/100
|switch|p2a: Whimsicott|Whimsicott, L50, F, shiny|100/100
|switch|p2b: Garchomp|Garchomp, L50, F, shiny|100/100
|turn|1
|
|t:|1784224100
|move|p2b: Garchomp|Protect|p2b: Garchomp
|-singleturn|p2b: Garchomp|Protect
|move|p2a: Whimsicott|Tailwind|p2a: Whimsicott
|-sidestart|p2: kyo_is_de4d|move: Tailwind
|move|p1a: Whimsicott|Moonblast|p2b: Garchomp
|-activate|p2b: Garchomp|move: Protect
|move|p1b: Kangaskhan|Hyper Voice|p2b: Garchomp|[spread] p2a
|-activate|p2b: Garchomp|move: Protect
|-damage|p2a: Whimsicott|30/100
|-damage|p1b: Kangaskhan|90/100|[from] item: Life Orb
|
|upkeep
|turn|2
|inactive|kyo_is_de4d has 30 seconds left.
|
|t:|1784224125
|move|p2a: Whimsicott|Moonblast|p1a: Whimsicott
|-damage|p1a: Whimsicott|53/100
|move|p2b: Garchomp|Rock Slide|p1a: Whimsicott|[spread] p1a,p1b
|-damage|p1a: Whimsicott|14/100
|-damage|p1b: Kangaskhan|40/100
|replace|p1b: Zoroark|Zoroark-Hisui, L50, F
|-end|p1b: Zoroark|Illusion
|-damage|p2b: Garchomp|90/100|[from] item: Life Orb
|move|p1a: Whimsicott|Moonblast|p2b: Garchomp
|-supereffective|p2b: Garchomp|1
|-damage|p2b: Garchomp|16/100
|move|p1b: Zoroark|Hyper Voice|p2b: Garchomp|[spread] p2a,p2b
|-damage|p2a: Whimsicott|0 fnt
|-damage|p2b: Garchomp|0 fnt
|faint|p2a: Whimsicott
|faint|p2b: Garchomp
|-damage|p1b: Zoroark|30/100|[from] item: Life Orb
|
|upkeep
|
|t:|1784224138
|switch|p2a: Kingambit|Kingambit, L50, F, shiny|100/100
|switch|p2b: Charizard|Charizard, L50, M, shiny|100/100
|turn|3
|
|t:|1784224153
|detailschange|p2b: Charizard|Charizard-Mega-Y, L50, M, shiny
|-mega|p2b: Charizard|Charizard|Charizardite Y
|-weather|SunnyDay|[from] ability: Drought|[of] p2b: Charizard
|move|p1a: Whimsicott|Tailwind|p1a: Whimsicott
|-sidestart|p1: csh72c|move: Tailwind
|move|p2a: Kingambit|Sucker Punch|p1b: Zoroark
|-supereffective|p1b: Zoroark|1
|-damage|p1b: Zoroark|0 fnt
|faint|p1b: Zoroark
|move|p2b: Charizard|Heat Wave|p1a: Whimsicott
|-supereffective|p1a: Whimsicott|1
|-damage|p1a: Whimsicott|0 fnt
|faint|p1a: Whimsicott
|
|-weather|SunnyDay|[upkeep]
|upkeep
|
|t:|1784224163
|switch|p1a: Charizard|Charizard, L50, M|100/100
|switch|p1b: Kangaskhan|Kangaskhan, L50, F|100/100
|turn|4
|
|t:|1784224181
|detailschange|p1a: Charizard|Charizard-Mega-Y, L50, M
|-mega|p1a: Charizard|Charizard|Charizardite Y
|move|p2b: Charizard|Protect|p2b: Charizard
|-singleturn|p2b: Charizard|Protect
|move|p1b: Kangaskhan|Fake Out|p2b: Charizard
|-activate|p2b: Charizard|move: Protect
|move|p1a: Charizard|Weather Ball|p2a: Kingambit
|-supereffective|p2a: Kingambit|1
|-damage|p2a: Kingambit|0 fnt
|faint|p2a: Kingambit
|
|-weather|SunnyDay|[upkeep]
|-sideend|p2: kyo_is_de4d|move: Tailwind
|upkeep
|turn|5
|
|t:|1784224198
|move|p1a: Charizard|Air Slash|p2b: Charizard
|-damage|p2b: Charizard|58/100
|move|p1b: Kangaskhan|Last Resort|p2b: Charizard
|-damage|p2b: Charizard|0 fnt
|faint|p2b: Charizard
|
|win|csh72c
