|j|☆wait for swarley
|j|☆QUELON
|html|wait for swarleyQUELON    
|uhtml|bestof|Game 3 of a best-of-3
|t:|1755624156
|gametype|doubles
|player|p1|wait for swarley|volo|1302
|player|p2|QUELON|cyrus|1343
|gen|9
|tier|[Gen 9] VGC 2025 Reg H (Bo3)
|rated|
|rule|Species Clause: Limit one of each Pokémon
|rule|Item Clause: Limit 1 of each item
|clearpoke
|poke|p1|Dachsbun, L50, M|
|poke|p1|Torkoal, L50, F|
|poke|p1|Typhlosion-Hisui, L50, F|
|poke|p1|Kingambit, L50, M|
|poke|p1|Rillaboom, L50, F|
|poke|p1|Zoroark-Hisui, L50, M|
|poke|p2|Gholdengo, L50|
|poke|p2|Sneasler, L50, F|
|poke|p2|Incineroar, L50, M|
|poke|p2|Amoonguss, L50, M|
|poke|p2|Dragonite, L50, F|
|poke|p2|Ursaluna-Bloodmoon, L50, M|
|teampreview|4
|showteam|p1|Dachsbun||Leftovers|WellBakedBody|BodyPress,Snarl,Rest,Yawn|||M|||50|,,,,,Steel]Torkoal||SitrusBerry|Drought|WeatherBall,Eruption,LavaPlume,Protect|||F|||50|,,,,,Fire]Typhlosion-Hisui||ChoiceScarf|Blaze|Eruption,ShadowBall,LavaPlume,Overheat|||F|||50|,,,,,Dark]Kingambit||BlackGlasses|Defiant|SuckerPunch,Assurance,Protect,SwordsDance|||M|||50|,,,,,Dark]Rillaboom||AssaultVest|GrassySurge|FakeOut,GrassyGlide,WoodHammer,Uturn|||F|||50|,,,,,Water]Zoroark-Hisui||ChoiceSpecs|Illusion|Snarl,BitterMalice,HyperVoice,HyperBeam|||M|||50|,,,,,Normal
|showteam|p2|Gholdengo||LifeOrb|GoodasGold|MakeItRain,ShadowBall,NastyPlot,Protect||||||50|,,,,,Steel]Sneasler||FocusSash|PoisonTouch|FakeOut,CloseCombat,DireClaw,Protect|||F|||50|,,,,,Stellar]Incineroar||SafetyGoggles|Intimidate|FakeOut,FlareBlitz,KnockOff,PartingShot|||M|||50|,,,,,Ghost]Amoonguss||SitrusBerry|Regenerator|Spore,RagePowder,SludgeBomb,Protect|||M|||50|,,,,,Water]Dragonite||LoadedDice|Multiscale|ScaleShot,Haze,Tailwind,ExtremeSpeed|||F|||50|,,,,,Fairy]Ursaluna-Bloodmoon||AssaultVest|MindsEye|HyperVoice,BloodMoon,EarthPower,VacuumWave|||M|||50|,,,,,Normal
|inactive|Battle timer is ON: inactive players will automatically lose when time's up. (requested by wait for swarley)
|
|t:|1755624184
|teamsize|p1|4
|teamsize|p2|4
|start
|switch|p1a: Typhlosion|Typhlosion-Hisui, L50, F|100/100
|switch|p1b: Rillaboom|Rillaboom, L50, F|100/100
|switch|p2a: Gholdengo|Gholdengo, L50|100/100
|switch|p2b: Amoonguss|Amoonguss, L50, M|100/100
|-fieldstart|move: Grassy Terrain|[from] ability: Grassy Surge|[of] p1b: Rillaboom
|turn|1
|
|t:|1755624205
|move|p2a: Gholdengo|Protect|p2a: Gholdengo
|-singleturn|p2a: Gholdengo|Protect
|move|p2b: Amoonguss|Protect|p2b: Amoonguss
|-singleturn|p2b: Amoonguss|Protect
|move|p1a: Typhlosion|Eruption|p2a: Gholdengo|[spread] 
|-activate|p2a: Gholdengo|move: Protect
|-activate|p2b: Amoonguss|move: Protect
|move|p1b: Rillaboom|Wood Hammer|p2b: Amoonguss
|-activate|p2b: Amoonguss|move: Protect
|
|upkeep
|turn|2
|inactive|QUELON has 30 seconds left.
|inactive|QUELON has 20 seconds left.
|inactive|QUELON has 15 seconds left.
|inactive|QUELON has 10 seconds left.
|
|t:|1755624254
|switch|p2a: Ursaluna|Ursaluna-Bloodmoon, L50, M|100/100
|switch|p2b: Sneasler|Sneasler, L50, F|100/100
|move|p1a: Typhlosion|Eruption|p2b: Sneasler|[spread] p2a,p2b
|-damage|p2a: Ursaluna|53/100
|-damage|p2b: Sneasler|21/100
|move|p1b: Rillaboom|Wood Hammer|p2b: Sneasler
|-resisted|p2b: Sneasler
|-damage|p2b: Sneasler|0 fnt
|faint|p2b: Sneasler
|-damage|p1b: Rillaboom|95/100|[from] Recoil
|
|-heal|p1b: Rillaboom|100/100|[from] Grassy Terrain
|-heal|p2a: Ursaluna|59/100|[from] Grassy Terrain
|upkeep
|
|t:|1755624274
|switch|p2b: Amoonguss|Amoonguss, L50, M|100/100
|turn|3
|inactive|QUELON has 30 seconds left.
|
|t:|1755624303
|move|p2b: Amoonguss|Protect|p2b: Amoonguss
|-singleturn|p2b: Amoonguss|Protect
|move|p1a: Typhlosion|Eruption|p2b: Amoonguss|[spread] p2a
|-activate|p2b: Amoonguss|move: Protect
|-damage|p2a: Ursaluna|11/100
|move|p1b: Rillaboom|Wood Hammer|p2b: Amoonguss
|-activate|p2b: Amoonguss|move: Protect
|move|p2a: Ursaluna|Earth Power|p1a: Typhlosion
|-supereffective|p1a: Typhlosion
|-damage|p1a: Typhlosion|0 fnt
|faint|p1a: Typhlosion
|
|-heal|p2a: Ursaluna|17/100|[from] Grassy Terrain
|upkeep
|
|t:|1755624321
|switch|p1a: Kingambit|Kingambit, L50, M|100/100
|turn|4
|
|t:|1755624342
|move|p2a: Ursaluna|Vacuum Wave|p1a: Kingambit
|-supereffective|p1a: Kingambit
|-damage|p1a: Kingambit|31/100
|replace|p1a: Zoroark|Zoroark-Hisui, L50, M, shiny
|-end|p1a: Zoroark|Illusion
|move|p1a: Zoroark|Bitter Malice|p2a: Ursaluna
|-immune|p2a: Ursaluna
|move|p1b: Rillaboom|Wood Hammer|p2a: Ursaluna
|-supereffective|p2a: Ursaluna
|-damage|p2a: Ursaluna|0 fnt
|faint|p2a: Ursaluna
|-damage|p1b: Rillaboom|96/100|[from] Recoil
|move|p2b: Amoonguss|Spore|p1a: Zoroark
|-status|p1a: Zoroark|slp|[from] move: Spore
|
|-heal|p1a: Zoroark|37/100 slp|[from] Grassy Terrain
|-heal|p1b: Rillaboom|100/100|[from] Grassy Terrain
|upkeep
|
|t:|1755624356
|switch|p2a: Gholdengo|Gholdengo, L50|100/100
|turn|5
|
|t:|1755624367
|switch|p1b: Kingambit|Kingambit, L50, M|100/100
|-terastallize|p2a: Gholdengo|Steel
|cant|p1a: Zoroark|slp
|move|p2a: Gholdengo|Make It Rain|p1b: Kingambit|[spread] p1a,p1b
|-resisted|p1b: Kingambit
|-damage|p1a: Zoroark|0 fnt
|-damage|p1b: Kingambit|59/100
|-unboost|p2a: Gholdengo|spa|1
|faint|p1a: Zoroark
|-damage|p2a: Gholdengo|91/100|[from] item: Life Orb
|move|p2b: Amoonguss|Sludge Bomb|p1b: Kingambit
|-immune|p1b: Kingambit
|
|-heal|p2a: Gholdengo|97/100|[from] Grassy Terrain
|-heal|p1b: Kingambit|65/100|[from] Grassy Terrain
|-fieldend|move: Grassy Terrain
|upkeep
|
|t:|1755624380
|switch|p1a: Rillaboom|Rillaboom, L50, F|100/100
|-fieldstart|move: Grassy Terrain|[from] ability: Grassy Surge|[of] p1a: Rillaboom
|turn|6
|inactive|QUELON has 30 seconds left.
|
|t:|1755624411
|move|p1a: Rillaboom|Fake Out|p2b: Amoonguss
|-damage|p2b: Amoonguss|87/100
|move|p2a: Gholdengo|Nasty Plot|p2a: Gholdengo
|-boost|p2a: Gholdengo|spa|2
|move|p1b: Kingambit|Swords Dance|p1b: Kingambit
|-boost|p1b: Kingambit|atk|2
|cant|p2b: Amoonguss|flinch
|
|-heal|p2a: Gholdengo|100/100|[from] Grassy Terrain
|-heal|p1b: Kingambit|71/100|[from] Grassy Terrain
|-heal|p2b: Amoonguss|93/100|[from] Grassy Terrain
|upkeep
|turn|7
|inactive|QUELON has 30 seconds left.
|inactive|QUELON has 20 seconds left.
|
|t:|1755624451
|-terastallize|p1a: Rillaboom|Water
|move|p2a: Gholdengo|Protect|p2a: Gholdengo
|-singleturn|p2a: Gholdengo|Protect
|move|p1a: Rillaboom|Wood Hammer|p2b: Amoonguss
|-resisted|p2b: Amoonguss
|-damage|p2b: Amoonguss|77/100
|-damage|p1a: Rillaboom|95/100|[from] Recoil
|move|p1b: Kingambit|Assurance|p2b: Amoonguss
|-damage|p2b: Amoonguss|0 fnt
|faint|p2b: Amoonguss
|
|-heal|p1a: Rillaboom|100/100|[from] Grassy Terrain
|-heal|p1b: Kingambit|76/100|[from] Grassy Terrain
|upkeep
|turn|8
|
|t:|1755624468
|move|p1b: Kingambit|Sucker Punch|p2a: Gholdengo
|-damage|p2a: Gholdengo|0 fnt
|faint|p2a: Gholdengo
|
|win|wait for swarley
|raw|wait for swarley's rating: 1302 → 1324(+22 for winning)
|raw|QUELON's rating: 1343 → 1321(-22 for losing)
|c|☆wait for swarley|ggs
|c|☆QUELON|gg
|l|☆wait for swarley
|player|p1|
