|j|☆KingDom1992
|j|☆SlaymonSays
|html|KingDom1992SlaymonSays    
|uhtml|bestof|Game 1 of a best-of-3
|t:|1757809843
|gametype|doubles
|player|p1|KingDom1992|brock|1228
|player|p2|SlaymonSays|102|1339
|gen|9
|tier|[Gen 9] VGC 2025 Reg H (Bo3)
|rated|
|rule|Species Clause: Limit one of each Pokémon
|rule|Item Clause: Limit 1 of each item
|clearpoke
|poke|p1|Dragonite, L50, F|
|poke|p1|Gholdengo, L50|
|poke|p1|Ursaluna-Bloodmoon, L50, M|
|poke|p1|Annihilape, L50, F|
|poke|p1|Maushold-Four, L50|
|poke|p1|Rillaboom, L50, F|
|poke|p2|Ursaluna-Bloodmoon, L50, M|
|poke|p2|Dragonite, L50, M|
|poke|p2|Gholdengo, L50|
|poke|p2|Rillaboom, L50, F|
|poke|p2|Incineroar, L50, M|
|poke|p2|Ninetales-Alola, L50, F|
|teampreview|4
|showteam|p1|Dragonite||LoadedDice|Multiscale|ScaleShot,Tailwind,Haze,Protect|||F|||50|,,,,,Fairy]Gholdengo||LifeOrb|GoodasGold|MakeItRain,ShadowBall,NastyPlot,Protect||||||50|,,,,,Water]Ursaluna-Bloodmoon||AssaultVest|MindsEye|BloodMoon,EarthPower,HyperVoice,VacuumWave|||M|||50|,,,,,Normal]Annihilape||SitrusBerry|Defiant|DrainPunch,RageFist,BulkUp,Protect|||F|||50|,,,,,Fire]Maushold-Four||SafetyGoggles|FriendGuard|SuperFang,BeatUp,FollowMe,Protect||||||50|,,,,,Ghost]Rillaboom||MiracleSeed|GrassySurge|WoodHammer,GrassyGlide,HighHorsepower,FakeOut|||F|||50|,,,,,Fire
|showteam|p2|Ursaluna-Bloodmoon||ChoiceSpecs|MindsEye|BloodMoon,HyperVoice,EarthPower,VacuumWave|||M|||50|,,,,,Normal]Dragonite||LoadedDice|InnerFocus|ScaleShot,Haze,Tailwind,Protect|||M|||50|,,,,,Fairy]Gholdengo||Leftovers|GoodasGold|MakeItRain,ShadowBall,NastyPlot,Protect||||||50|,,,,,Water]Rillaboom||AssaultVest|GrassySurge|FakeOut,GrassyGlide,WoodHammer,HighHorsepower|||F|||50|,,,,,Fire]Incineroar||SafetyGoggles|Intimidate|FakeOut,FlareBlitz,KnockOff,PartingShot|||M|||50|,,,,,Ghost]Ninetales-Alola||CovertCloak|SnowWarning|Blizzard,Disable,Encore,AuroraVeil|||F|||50|,,,,,Fire
|inactive|Battle timer is ON: inactive players will automatically lose when time's up. (requested by KingDom1992)
|inactive|KingDom1992 has 60 seconds left.
|
|t:|1757809928
|teamsize|p1|4
|teamsize|p2|4
|start
|switch|p1a: Maushold|Maushold-Four, L50|100/100
|switch|p1b: Annihilape|Annihilape, L50, F|100/100
|switch|p2a: Ninetales|Ninetales-Alola, L50, F|100/100
|switch|p2b: Dragonite|Dragonite, L50, M|100/100
|-weather|Snowscape|[from] ability: Snow Warning|[of] p2a: Ninetales
|turn|1
|
|t:|1757809951
|-terastallize|p1b: Annihilape|Fire
|move|p2a: Ninetales|Aurora Veil|p2a: Ninetales
|-sidestart|p2: SlaymonSays|move: Aurora Veil
|move|p1a: Maushold|Super Fang|p2b: Dragonite
|-damage|p2b: Dragonite|51/100
|move|p1b: Annihilape|Bulk Up|p1b: Annihilape
|-boost|p1b: Annihilape|atk|1
|-boost|p1b: Annihilape|def|1
|move|p2b: Dragonite|Scale Shot|p1a: Maushold
|-damage|p1a: Maushold|84/100
|-damage|p1a: Maushold|65/100
|-damage|p1a: Maushold|49/100
|-damage|p1a: Maushold|30/100
|-damage|p1a: Maushold|11/100
|-hitcount|p1a: Maushold|5
|-unboost|p2b: Dragonite|def|1
|-boost|p2b: Dragonite|spe|1
|
|-weather|Snowscape|[upkeep]
|upkeep
|turn|2
|inactive|KingDom1992 has 30 seconds left.
|inactive|SlaymonSays has 30 seconds left.
|inactive|KingDom1992 has 20 seconds left.
|inactive|SlaymonSays has 20 seconds left.
|
|t:|1757809993
|move|p1a: Maushold|Protect|p1a: Maushold
|-singleturn|p1a: Maushold|Protect
|move|p2b: Dragonite|Scale Shot|p1a: Maushold
|-activate|p1a: Maushold|move: Protect
|move|p2a: Ninetales|Encore|p1b: Annihilape
|-start|p1b: Annihilape|Encore
|move|p1b: Annihilape|Bulk Up|p1b: Annihilape
|-boost|p1b: Annihilape|atk|1
|-boost|p1b: Annihilape|def|1
|
|-weather|Snowscape|[upkeep]
|upkeep
|turn|3
|
|t:|1757810011
|switch|p1a: Gholdengo|Gholdengo, L50|100/100
|move|p2b: Dragonite|Tailwind|p2b: Dragonite
|-sidestart|p2: SlaymonSays|move: Tailwind
|move|p2a: Ninetales|Encore|p1a: Gholdengo
|-immune|p1a: Gholdengo|[from] ability: Good as Gold
|move|p1b: Annihilape|Bulk Up|p1b: Annihilape
|-boost|p1b: Annihilape|atk|1
|-boost|p1b: Annihilape|def|1
|
|-weather|Snowscape|[upkeep]
|upkeep
|turn|4
|
|t:|1757810027
|switch|p2a: Incineroar|Incineroar, L50, M|100/100
|-ability|p2a: Incineroar|Intimidate|boost
|-unboost|p1a: Gholdengo|atk|1
|-unboost|p1b: Annihilape|atk|1
|-ability|p1b: Annihilape|Defiant|boost
|-boost|p1b: Annihilape|atk|2
|move|p2b: Dragonite|Haze|p2b: Dragonite
|-clearallboost
|move|p1b: Annihilape|Bulk Up|p1b: Annihilape
|-boost|p1b: Annihilape|atk|1
|-boost|p1b: Annihilape|def|1
|move|p1a: Gholdengo|Make It Rain|p2b: Dragonite|[spread] p2a,p2b
|-resisted|p2a: Incineroar
|-damage|p2a: Incineroar|86/100
|-damage|p2b: Dragonite|6/100
|-unboost|p1a: Gholdengo|spa|1
|-damage|p1a: Gholdengo|91/100|[from] item: Life Orb
|
|-weather|Snowscape|[upkeep]
|-end|p1b: Annihilape|Encore
|upkeep
|turn|5
|inactive|SlaymonSays has 30 seconds left.
|
|t:|1757810057
|move|p1b: Annihilape|Protect|p1b: Annihilape
|-singleturn|p1b: Annihilape|Protect
|move|p1a: Gholdengo|Protect|p1a: Gholdengo
|-singleturn|p1a: Gholdengo|Protect
|move|p2b: Dragonite|Haze|p2b: Dragonite
|-clearallboost
|move|p2a: Incineroar|Flare Blitz|p1a: Gholdengo
|-activate|p1a: Gholdengo|move: Protect
|
|-weather|none
|-sideend|p2: SlaymonSays|move: Aurora Veil
|upkeep
|turn|6
|
|t:|1757810079
|switch|p2b: Rillaboom|Rillaboom, L50, F|100/100
|-fieldstart|move: Grassy Terrain|[from] ability: Grassy Surge|[of] p2b: Rillaboom
|switch|p1a: Maushold|Maushold-Four, L50|11/100
|move|p2a: Incineroar|Flare Blitz|p1a: Maushold
|-damage|p1a: Maushold|0 fnt
|faint|p1a: Maushold
|-damage|p2a: Incineroar|83/100|[from] Recoil
|move|p1b: Annihilape|Rage Fist|p2b: Rillaboom
|-damage|p2b: Rillaboom|78/100
|
|-heal|p2b: Rillaboom|84/100|[from] Grassy Terrain
|-heal|p2a: Incineroar|89/100|[from] Grassy Terrain
|-sideend|p2: SlaymonSays|move: Tailwind
|upkeep
|
|t:|1757810095
|switch|p1a: Gholdengo|Gholdengo, L50|91/100
|turn|7
|
|t:|1757810116
|switch|p2b: Dragonite|Dragonite, L50, M|6/100
|-terastallize|p2a: Incineroar|Ghost
|move|p1a: Gholdengo|Protect|p1a: Gholdengo
|-singleturn|p1a: Gholdengo|Protect
|move|p1b: Annihilape|Bulk Up|p1b: Annihilape
|-boost|p1b: Annihilape|atk|1
|-boost|p1b: Annihilape|def|1
|move|p2a: Incineroar|Flare Blitz|p1a: Gholdengo
|-activate|p1a: Gholdengo|move: Protect
|
|-heal|p1a: Gholdengo|97/100|[from] Grassy Terrain
|-heal|p2a: Incineroar|95/100|[from] Grassy Terrain
|upkeep
|turn|8
|
|t:|1757810135
|switch|p1a: Ursaluna|Ursaluna-Bloodmoon, L50, M|100/100
|move|p1b: Annihilape|Rage Fist|p2b: Dragonite
|-damage|p2b: Dragonite|0 fnt
|faint|p2b: Dragonite
|move|p2a: Incineroar|Flare Blitz|p1a: Ursaluna
|-damage|p1a: Ursaluna|59/100
|-status|p1a: Ursaluna|brn
|-damage|p2a: Incineroar|81/100|[from] Recoil
|
|-heal|p2a: Incineroar|87/100|[from] Grassy Terrain
|-heal|p1a: Ursaluna|65/100 brn|[from] Grassy Terrain
|-damage|p1a: Ursaluna|59/100 brn|[from] brn
|upkeep
|
|t:|1757810153
|switch|p2b: Ninetales|Ninetales-Alola, L50, F|100/100
|-weather|Snowscape|[from] ability: Snow Warning|[of] p2b: Ninetales
|turn|9
|inactive|KingDom1992 has 30 seconds left.
|inactive|KingDom1992 has 20 seconds left.
|
|t:|1757810193
|move|p1a: Ursaluna|Vacuum Wave|p2b: Ninetales
|-damage|p2b: Ninetales|82/100
|move|p2b: Ninetales|Disable|p1b: Annihilape
|-start|p1b: Annihilape|Disable|Rage Fist
|move|p1b: Annihilape|Drain Punch|p2b: Ninetales
|-damage|p2b: Ninetales|37/100
|move|p2a: Incineroar|Knock Off|p1a: Ursaluna
|-damage|p1a: Ursaluna|26/100 brn
|-enditem|p1a: Ursaluna|Assault Vest|[from] move: Knock Off|[of] p2a: Incineroar
|
|-weather|Snowscape|[upkeep]
|-heal|p2b: Ninetales|43/100|[from] Grassy Terrain
|-heal|p2a: Incineroar|93/100|[from] Grassy Terrain
|-heal|p1a: Ursaluna|32/100 brn|[from] Grassy Terrain
|-damage|p1a: Ursaluna|26/100 brn|[from] brn
|upkeep
|turn|10
|inactive|SlaymonSays has 30 seconds left.
|
|t:|1757810224
|move|p2b: Ninetales|Blizzard|p1a: Ursaluna|[spread] p1a,p1b
|-supereffective|p1a: Ursaluna
|-resisted|p1b: Annihilape
|-damage|p1a: Ursaluna|0 fnt
|-damage|p1b: Annihilape|86/100
|faint|p1a: Ursaluna
|move|p1b: Annihilape|Drain Punch|p2b: Ninetales
|-damage|p2b: Ninetales|0 fnt
|-heal|p1b: Annihilape|100/100|[from] drain|[of] p2b: Ninetales
|faint|p2b: Ninetales
|move|p2a: Incineroar|Knock Off|p1b: Annihilape
|-damage|p1b: Annihilape|73/100
|-enditem|p1b: Annihilape|Sitrus Berry|[from] move: Knock Off|[of] p2a: Incineroar
|
|-weather|Snowscape|[upkeep]
|-heal|p1b: Annihilape|79/100|[from] Grassy Terrain
|-heal|p2a: Incineroar|99/100|[from] Grassy Terrain
|-fieldend|move: Grassy Terrain
|upkeep
|
|t:|1757810241
|switch|p2b: Rillaboom|Rillaboom, L50, F|84/100
|switch|p1a: Gholdengo|Gholdengo, L50|97/100
|-fieldstart|move: Grassy Terrain|[from] ability: Grassy Surge|[of] p2b: Rillaboom
|turn|11
|
|t:|1757810251
|move|p1b: Annihilape|Protect|p1b: Annihilape
|-singleturn|p1b: Annihilape|Protect
|move|p1a: Gholdengo|Shadow Ball|p2a: Incineroar
|-supereffective|p2a: Incineroar
|-damage|p2a: Incineroar|17/100
|-damage|p1a: Gholdengo|88/100|[from] item: Life Orb
|move|p2b: Rillaboom|High Horsepower|p1b: Annihilape
|-activate|p1b: Annihilape|move: Protect
|move|p2a: Incineroar|Flare Blitz|p1a: Gholdengo
|-supereffective|p1a: Gholdengo
|-damage|p1a: Gholdengo|0 fnt
|faint|p1a: Gholdengo
|-damage|p2a: Incineroar|0 fnt|[from] Recoil
|faint|p2a: Incineroar
|
|-weather|Snowscape|[upkeep]
|-heal|p1b: Annihilape|85/100|[from] Grassy Terrain
|-heal|p2b: Rillaboom|90/100|[from] Grassy Terrain
|upkeep
|turn|12
|
|t:|1757810271
|move|p1b: Annihilape|Bulk Up|p1b: Annihilape
|-boost|p1b: Annihilape|atk|1
|-boost|p1b: Annihilape|def|1
|move|p2b: Rillaboom|High Horsepower|p1b: Annihilape
|-supereffective|p1b: Annihilape
|-damage|p1b: Annihilape|49/100
|
|-weather|Snowscape|[upkeep]
|-heal|p1b: Annihilape|55/100|[from] Grassy Terrain
|-heal|p2b: Rillaboom|95/100|[from] Grassy Terrain
|-end|p1b: Annihilape|Disable
|upkeep
|turn|13
|
|t:|1757810289
|move|p1b: Annihilape|Rage Fist|p2b: Rillaboom
|-damage|p2b: Rillaboom|0 fnt
|faint|p2b: Rillaboom
|
|win|KingDom1992
|j| fancy cucudrula
||SlaymonSays is ready for game 2.
||KingDom1992 is ready for game 2.
|uhtml|next|Next: Game 2 of 3
|l|☆SlaymonSays
|player|p2|
