|j|☆blizzardspamming
|j|☆Slafyx
|html|blizzardspammingSlafyx    
|uhtml|bestof|Game 3 of a best-of-3
|t:|1783695258
|gametype|doubles
|player|p1|blizzardspamming|clair|1236
|player|p2|Slafyx|steven|1202
|gen|9
|tier|[Gen 9 Champions] VGC 2026 Reg M-B (Bo3)
|rated|
|rule|Species Clause: Limit one of each Pokémon
|rule|Item Clause: Limit 1 of each item
|clearpoke
|poke|p1|Gengar, L50, M|
|poke|p1|Ninetales-Alola, L50, F|
|poke|p1|Incineroar, L50, F|
|poke|p1|Gholdengo, L50|
|poke|p1|Sneasler, L50, F|
|poke|p1|Hydreigon, L50, F|
|poke|p2|Gengar, L50, M, shiny|
|poke|p2|Swampert, L50, F, shiny|
|poke|p2|Incineroar, L50, F, shiny|
|poke|p2|Politoed, L50, M, shiny|
|poke|p2|Archaludon, L50, F, shiny|
|poke|p2|Vivillon-Elegant, L50, M, shiny|
|teampreview|4
|showteam|p1|Gengar||Gengarite|CursedBody|ShadowBall,SludgeBomb,Disable,Protect|Modest||M|||50|]Ninetales-Alola||OccaBerry|SnowWarning|Blizzard,FreezeDry,Encore,Protect|Timid||F|||50|]Incineroar||SitrusBerry|Intimidate|FakeOut,FlareBlitz,DarkestLariat,PartingShot|Sassy||F|||50|]Gholdengo||Leftovers|GoodasGold|MakeItRain,ShadowBall,NastyPlot,Protect|Modest|||||50|]Sneasler||FocusSash|PoisonTouch|FakeOut,CloseCombat,DireClaw,Protect|Jolly||F|||50|]Hydreigon||LifeOrb|Levitate|DracoMeteor,DarkPulse,EarthPower,Protect|Modest||F|||50|
|showteam|p2|Gengar||Gengarite|CursedBody|ShadowBall,SludgeBomb,PerishSong,Protect|Timid||M|||50|]Swampert||Swampertite|Damp|WaveCrash,Earthquake,IcePunch,Protect|Adamant||F|||50|]Incineroar||PasshoBerry|Intimidate|FakeOut,ThroatChop,PartingShot,Protect|Sassy||F|||50|]Politoed||SitrusBerry|Drizzle|WeatherBall,Encore,PerishSong,Protect|Calm||M|||50|]Archaludon||Leftovers|Stamina|DragonPulse,FlashCannon,ElectroShot,Protect|Bold||F|||50|]Vivillon-Elegant||FocusSash|CompoundEyes|Hurricane,SleepPowder,RagePowder,Protect|Timid||M|||50|
|inactive|Battle timer is ON: inactive players will automatically lose when time's up. (requested by Slafyx)
|
|t:|1783695277
|teamsize|p1|4
|teamsize|p2|4
|start
|switch|p1a: Incineroar|Incineroar, L50, F|100/100
|switch|p1b: Gengar|Gengar, L50, M|100/100
|switch|p2a: Gengar|Gengar, L50, M, shiny|100/100
|switch|p2b: Incineroar|Incineroar, L50, F, shiny|100/100
|-ability|p2b: Incineroar|Intimidate|boost
|-unboost|p1a: Incineroar|atk|1
|-unboost|p1b: Gengar|atk|1
|-ability|p1a: Incineroar|Intimidate|boost
|-unboost|p2a: Gengar|atk|1
|-unboost|p2b: Incineroar|atk|1
|turn|1
|inactive|Slafyx has 30 seconds left.
|
|t:|1783695308
|switch|p1a: Hydreigon|Hydreigon, L50, F|100/100
|detailschange|p1b: Gengar|Gengar-Mega, L50, M
|-mega|p1b: Gengar|Gengar|Gengarite
|detailschange|p2a: Gengar|Gengar-Mega, L50, M, shiny
|-mega|p2a: Gengar|Gengar|Gengarite
|move|p2a: Gengar|Protect|p2a: Gengar
|-singleturn|p2a: Gengar|Protect
|move|p2b: Incineroar|Fake Out|p1a: Hydreigon
|-damage|p1a: Hydreigon|91/100
|move|p1b: Gengar|Shadow Ball|p2a: Gengar
|-activate|p2a: Gengar|move: Protect
|
|upkeep
|turn|2
|
|t:|1783695329
|switch|p2a: Archaludon|Archaludon, L50, F, shiny|100/100
|switch|p1b: Incineroar|Incineroar, L50, F|100/100
|-ability|p1b: Incineroar|Intimidate|boost
|-unboost|p2a: Archaludon|atk|1
|-unboost|p2b: Incineroar|atk|1
|move|p1a: Hydreigon|Dark Pulse|p2a: Archaludon
|-damage|p2a: Archaludon|42/100
|-ability|p2a: Archaludon|Stamina|boost
|-boost|p2a: Archaludon|def|1
|-damage|p1a: Hydreigon|82/100|[from] item: Life Orb
|move|p2b: Incineroar|Throat Chop|p1b: Incineroar
|-resisted|p1b: Incineroar|1
|-damage|p1b: Incineroar|93/100
|-start|p1b: Incineroar|Throat Chop|[silent]
|
|-heal|p2a: Archaludon|48/100|[from] item: Leftovers
|upkeep
|turn|3
|
|t:|1783695348
|move|p2a: Archaludon|Protect|p2a: Archaludon
|-singleturn|p2a: Archaludon|Protect
|move|p1a: Hydreigon|Earth Power|p2a: Archaludon
|-activate|p2a: Archaludon|move: Protect
|move|p1b: Incineroar|Darkest Lariat|p2b: Incineroar
|-resisted|p2b: Incineroar|1
|-damage|p2b: Incineroar|86/100
|move|p2b: Incineroar|Parting Shot|p1a: Hydreigon
|-unboost|p1a: Hydreigon|atk|1
|-unboost|p1a: Hydreigon|spa|1
|
|t:|1783695362
|switch|p2b: Politoed|Politoed, L50, M, shiny|100/100|[from] Parting Shot
|-weather|RainDance|[from] ability: Drizzle|[of] p2b: Politoed
|
|-weather|RainDance|[upkeep]
|-heal|p2a: Archaludon|54/100|[from] item: Leftovers
|-end|p1b: Incineroar|Throat Chop|[silent]
|upkeep
|turn|4
|
|t:|1783695386
|switch|p1b: Gholdengo|Gholdengo, L50|100/100
|move|p1a: Hydreigon|Earth Power|p2a: Archaludon
|-supereffective|p2a: Archaludon|1
|-damage|p2a: Archaludon|1/100
|-ability|p2a: Archaludon|Stamina|boost
|-boost|p2a: Archaludon|def|1
|-damage|p1a: Hydreigon|72/100|[from] item: Life Orb
|move|p2a: Archaludon|Dragon Pulse|p1a: Hydreigon
|-supereffective|p1a: Hydreigon|1
|-damage|p1a: Hydreigon|0 fnt
|faint|p1a: Hydreigon
|move|p2b: Politoed|Weather Ball|p1b: Gholdengo
|-damage|p1b: Gholdengo|55/100
|
|-weather|RainDance|[upkeep]
|-heal|p1b: Gholdengo|62/100|[from] item: Leftovers
|-heal|p2a: Archaludon|6/100|[from] item: Leftovers
|upkeep
|
|t:|1783695397
|switch|p1a: Gengar|Gengar-Mega, L50, M|100/100
|turn|5
|
|t:|1783695409
|move|p1a: Gengar|Disable|p2b: Politoed
|-start|p2b: Politoed|Disable|Weather Ball
|move|p1b: Gholdengo|Nasty Plot|p1b: Gholdengo
|-boost|p1b: Gholdengo|spa|2
|move|p2a: Archaludon|Electro Shot||[still]
|-prepare|p2a: Archaludon|Electro Shot
|-boost|p2a: Archaludon|spa|1
|-anim|p2a: Archaludon|Electro Shot|p1b: Gholdengo
|-damage|p1b: Gholdengo|15/100
|move|p2b: Politoed|Encore|p1a: Gengar
|-start|p1a: Gengar|Encore
|
|-weather|RainDance|[upkeep]
|-heal|p1b: Gholdengo|21/100|[from] item: Leftovers
|-heal|p2a: Archaludon|12/100|[from] item: Leftovers
|upkeep
|turn|6
|inactive|Slafyx has 30 seconds left.
|inactive|Slafyx has 20 seconds left.
|
|t:|1783695448
|move|p2b: Politoed|Protect|p2b: Politoed
|-singleturn|p2b: Politoed|Protect
|move|p1a: Gengar|Disable|p2a: Archaludon
|-start|p2a: Archaludon|Disable|Electro Shot
|move|p1b: Gholdengo|Shadow Ball|p2a: Archaludon
|-damage|p2a: Archaludon|0 fnt
|faint|p2a: Archaludon
|
|-weather|RainDance|[upkeep]
|-heal|p1b: Gholdengo|27/100|[from] item: Leftovers
|upkeep
|
|t:|1783695456
|switch|p2a: Gengar|Gengar-Mega, L50, M, shiny|100/100
|turn|7
|
|t:|1783695470
|switch|p1b: Incineroar|Incineroar, L50, F|93/100
|-ability|p1b: Incineroar|Intimidate|boost
|-unboost|p2a: Gengar|atk|1
|-unboost|p2b: Politoed|atk|1
|move|p2a: Gengar|Shadow Ball|p1b: Incineroar
|-resisted|p1b: Incineroar|1
|-damage|p1b: Incineroar|76/100
|move|p1a: Gengar|Disable|p2a: Gengar
|-start|p2a: Gengar|Disable|Shadow Ball
|move|p2b: Politoed|Perish Song|p2b: Politoed
|-start|p1a: Gengar|perish3|[silent]
|-start|p1b: Incineroar|perish3|[silent]
|-start|p2a: Gengar|perish3|[silent]
|-start|p2b: Politoed|perish3|[silent]
|-fieldactivate|move: Perish Song
|
|-weather|none
|-start|p2a: Gengar|perish3
|-start|p1a: Gengar|perish3
|-start|p2b: Politoed|perish3
|-start|p1b: Incineroar|perish3
|upkeep
|turn|8
|inactive|blizzardspamming has 30 seconds left.
|
|t:|1783695500
|switch|p2a: Incineroar|Incineroar, L50, F, shiny|86/100
|-ability|p2a: Incineroar|Intimidate|boost
|-unboost|p1a: Gengar|atk|1
|-unboost|p1b: Incineroar|atk|1
|switch|p1a: Gholdengo|Gholdengo, L50|27/100
|move|p2b: Politoed|Encore||[still]
|-fail|p2b: Politoed
|move|p1b: Incineroar|Parting Shot|p2b: Politoed
|-unboost|p2b: Politoed|atk|1
|-unboost|p2b: Politoed|spa|1
|
|t:|1783695510
|switch|p1b: Gengar|Gengar-Mega, L50, M|100/100|[from] Parting Shot
|
|-heal|p1a: Gholdengo|33/100|[from] item: Leftovers
|-end|p2b: Politoed|Disable
|-start|p2b: Politoed|perish2
|upkeep
|turn|9
|inactive|Slafyx has 30 seconds left.
|
|t:|1783695537
|switch|p1a: Incineroar|Incineroar, L50, F|76/100
|-ability|p1a: Incineroar|Intimidate|boost
|-unboost|p2a: Incineroar|atk|1
|-unboost|p2b: Politoed|atk|1
|move|p1b: Gengar|Sludge Bomb|p2a: Incineroar
|-damage|p2a: Incineroar|47/100
|-status|p2a: Incineroar|psn
|move|p2b: Politoed|Encore|p1b: Gengar
|-start|p1b: Gengar|Encore
|move|p2a: Incineroar|Throat Chop|p1a: Incineroar
|-resisted|p1a: Incineroar|1
|-damage|p1a: Incineroar|67/100
|-start|p1a: Incineroar|Throat Chop|[silent]
|
|-damage|p2a: Incineroar|34/100 psn|[from] psn
|-start|p2b: Politoed|perish1
|upkeep
|turn|10
|
|t:|1783695559
|move|p1b: Gengar|Sludge Bomb|p2a: Incineroar
|-damage|p2a: Incineroar|0 fnt
|faint|p2a: Incineroar
|move|p2b: Politoed|Perish Song|p2b: Politoed
|-start|p1a: Incineroar|perish3|[silent]
|-start|p1b: Gengar|perish3|[silent]
|-fieldactivate|move: Perish Song
|move|p1a: Incineroar|Darkest Lariat|p2b: Politoed
|-damage|p2b: Politoed|67/100
|
|-end|p1a: Incineroar|Throat Chop|[silent]
|-start|p1b: Gengar|perish3
|-start|p2b: Politoed|perish0
|-start|p1a: Incineroar|perish3
|faint|p2b: Politoed
|upkeep
|
|t:|1783695562
|switch|p2b: Gengar|Gengar-Mega, L50, M, shiny|100/100
|turn|11
|
|t:|1783695575
|switch|p1b: Gholdengo|Gholdengo, L50|33/100
|move|p2b: Gengar|Sludge Bomb|p1a: Incineroar
|-damage|p1a: Incineroar|33/100
|-enditem|p1a: Incineroar|Sitrus Berry|[eat]
|-heal|p1a: Incineroar|58/100|[from] item: Sitrus Berry
|move|p1a: Incineroar|Darkest Lariat|p2b: Gengar
|-supereffective|p2b: Gengar|1
|-damage|p2b: Gengar|20/100r
|
|-heal|p1b: Gholdengo|39/100|[from] item: Leftovers
|-start|p1a: Incineroar|perish2
|upkeep
|turn|12
|-message|Slafyx forfeited.
|
|win|blizzardspamming
|raw|blizzardspamming's rating: 1236 → 1259(+23 for winning)
|raw|Slafyx's rating: 1202 → 1179(-23 for losing)
