|j|☆MIMHvgc
|j|☆Chelo.vgc
|html|MIMHvgcChelo.vgc    
|uhtml|bestof|Game 2 of a best-of-3
|t:|1756830332
|gametype|doubles
|player|p1|MIMHvgc|miku-fairy|
|player|p2|Chelo.vgc|benga|
|gen|9
|tier|[Gen 9] VGC 2025 Reg H (Bo3)
|rule|Species Clause: Limit one of each Pokémon
|rule|Item Clause: Limit 1 of each item
|clearpoke
|poke|p1|Annihilape, L50, M|
|poke|p1|Sinistcha, L50|
|poke|p1|Maushold-Four, L50|
|poke|p1|Klefki, L50, F|
|poke|p1|Ursaluna-Bloodmoon, L50, M|
|poke|p1|Ninetales-Alola, L50, F|
|poke|p2|Gholdengo, L50|
|poke|p2|Indeedee-F, L50, F|
|poke|p2|Armarouge, L50, F|
|poke|p2|Ursaluna, L50, F|
|poke|p2|Torkoal, L50, F|
|poke|p2|Lilligant-Hisui, L50, F|
|teampreview|4
|showteam|p1|Annihilape||Leftovers|Defiant|RageFist,DrainPunch,BulkUp,Protect|||M|||50|,,,,,Fire]Sinistcha||SitrusBerry|Hospitality|MatchaGotcha,RagePowder,StrengthSap,LifeDew||||||50|,,,,,Dark]Maushold-Four||SafetyGoggles|FriendGuard|FollowMe,BeatUp,Taunt,HelpingHand||||||50|,,,,,Ghost]Klefki||LightClay|Prankster|DazzlingGleam,Reflect,LightScreen,MistyTerrain|||F|||50|,,,,,Ghost]Ursaluna-Bloodmoon||AssaultVest|MindsEye|EarthPower,BloodMoon,HyperVoice,VacuumWave|||M|||50|,,,,,Normal]Ninetales-Alola||FocusSash|SnowWarning|Blizzard,FreezeDry,Encore,Protect|||F|||50|,,,,,Ghost
|showteam|p2|Gholdengo||LifeOrb|GoodasGold|MakeItRain,Protect,Thunderbolt,ShadowBall||||||50|,,,,,Steel]Indeedee-F||SafetyGoggles|PsychicSurge|Psychic,HelpingHand,TrickRoom,FollowMe|||F|||50|,,,,,Fairy]Armarouge||WeaknessPolicy|FlashFire|TrickRoom,ArmorCannon,ExpandingForce,Protect|||F|||50|,,,,,Grass]Ursaluna||FlameOrb|Guts|Protect,HeadlongRush,Earthquake,Facade|||F|||50|,,,,,Ghost]Torkoal||Charcoal|Drought|HeatWave,Protect,EarthPower,Eruption|||F|||50|,,,,,Fire]Lilligant-Hisui||FocusSash|Chlorophyll|Encore,LeafBlade,CloseCombat,AfterYou|||F|||50|,,,,,Ghost
|
|t:|1756830357
|teamsize|p1|4
|teamsize|p2|4
|start
|switch|p1a: Biden Blast|Ursaluna-Bloodmoon, L50, M|100/100
|switch|p1b: driving in my car|Klefki, L50, F|100/100
|switch|p2a: turcool|Torkoal, L50, F|100/100
|switch|p2b: go to sleep|Lilligant-Hisui, L50, F|100/100
|-weather|SunnyDay|[from] ability: Drought|[of] p2a: turcool
|turn|1
|
|t:|1756830392
|-terastallize|p1a: Biden Blast|Normal
|-terastallize|p2a: turcool|Fire
|move|p1b: driving in my car|Reflect|p1b: driving in my car
|-sidestart|p1: MIMHvgc|Reflect
|move|p2b: go to sleep|Close Combat|p1a: Biden Blast
|-supereffective|p1a: Biden Blast
|-damage|p1a: Biden Blast|44/100
|-unboost|p2b: go to sleep|def|1
|-unboost|p2b: go to sleep|spd|1
|move|p1a: Biden Blast|Blood Moon|p2a: turcool
|-damage|p2a: turcool|0 fnt
|faint|p2a: turcool
|
|-weather|SunnyDay|[upkeep]
|upkeep
|c|☆Chelo.vgc|not the biden blast :(
|
|t:|1756830415
|switch|p2a: moggerman|Armarouge, L50, F|100/100
|turn|2
|
|t:|1756830443
|switch|p1a: Brandon|Annihilape, L50, M|100/100
|move|p1b: driving in my car|Light Screen|p1b: driving in my car
|-sidestart|p1: MIMHvgc|move: Light Screen
|move|p2b: go to sleep|After You|p2a: moggerman
|-activate|p2a: moggerman|move: After You
|move|p2a: moggerman|Expanding Force|p1a: Brandon
|-supereffective|p1a: Brandon
|-damage|p1a: Brandon|38/100
|
|-weather|SunnyDay|[upkeep]
|-heal|p1a: Brandon|44/100|[from] item: Leftovers
|upkeep
|turn|3
|
|t:|1756830464
|switch|p1b: Pop Punk|Maushold-Four, L50|100/100
|move|p1a: Brandon|Protect|p1a: Brandon
|-singleturn|p1a: Brandon|Protect
|move|p2b: go to sleep|Leaf Blade|p1a: Brandon
|-activate|p1a: Brandon|move: Protect
|move|p2a: moggerman|Armor Cannon|p1b: Pop Punk
|-damage|p1b: Pop Punk|10/100
|-unboost|p2a: moggerman|def|1
|-unboost|p2a: moggerman|spd|1
|
|-weather|SunnyDay|[upkeep]
|-heal|p1a: Brandon|50/100|[from] item: Leftovers
|upkeep
|turn|4
|
|t:|1756830501
|move|p1b: Pop Punk|Follow Me|p1b: Pop Punk
|-singleturn|p1b: Pop Punk|move: Follow Me
|move|p2b: go to sleep|Encore|p1b: Pop Punk
|-start|p1b: Pop Punk|Encore
|move|p1a: Brandon|Drain Punch|p2b: go to sleep
|-damage|p2b: go to sleep|14/100
|-heal|p1a: Brandon|82/100|[from] drain|[of] p2b: go to sleep
|move|p2a: moggerman|Armor Cannon|p1b: Pop Punk
|-damage|p1b: Pop Punk|0 fnt
|-unboost|p2a: moggerman|def|1
|-unboost|p2a: moggerman|spd|1
|faint|p1b: Pop Punk
|
|-weather|SunnyDay|[upkeep]
|-heal|p1a: Brandon|88/100|[from] item: Leftovers
|upkeep
|
|t:|1756830514
|switch|p1b: driving in my car|Klefki, L50, F|100/100
|turn|5
|
|t:|1756830532
|move|p1b: driving in my car|Misty Terrain|p1b: driving in my car
|-fieldstart|move: Misty Terrain
|move|p2b: go to sleep|Leaf Blade|p1a: Brandon
|-damage|p1a: Brandon|60/100
|move|p1a: Brandon|Rage Fist|p2a: moggerman
|-supereffective|p2a: moggerman
|-damage|p2a: moggerman|0 fnt
|faint|p2a: moggerman
|
|-weather|none
|-heal|p1a: Brandon|66/100|[from] item: Leftovers
|upkeep
|
|t:|1756830543
|switch|p2a: frenemy|Indeedee-F, L50, F|100/100
|-fieldstart|move: Psychic Terrain|[from] ability: Psychic Surge|[of] p2a: frenemy
|turn|6
|
|t:|1756830561
|move|p2b: go to sleep|Close Combat|p1b: driving in my car
|-damage|p1b: driving in my car|60/100
|-unboost|p2b: go to sleep|def|1
|-unboost|p2b: go to sleep|spd|1
|move|p1a: Brandon|Drain Punch|p2a: frenemy
|-damage|p2a: frenemy|64/100
|-heal|p1a: Brandon|82/100|[from] drain|[of] p2a: frenemy
|move|p1b: driving in my car|Dazzling Gleam|p2b: go to sleep|[spread] p2a,p2b
|-supereffective|p2b: go to sleep
|-damage|p2a: frenemy|49/100
|-damage|p2b: go to sleep|0 fnt
|faint|p2b: go to sleep
|move|p2a: frenemy|Psychic|p1a: Brandon
|-supereffective|p1a: Brandon
|-crit|p1a: Brandon
|-damage|p1a: Brandon|0 fnt
|faint|p1a: Brandon
|
|upkeep
|
|t:|1756830572
|switch|p1a: Biden Blast|Ursaluna-Bloodmoon, L50, M, tera:Normal|44/100
|turn|7
|
|t:|1756830580
|move|p1b: driving in my car|Misty Terrain|p1b: driving in my car
|-fieldstart|move: Misty Terrain
|move|p2a: frenemy|Psychic|p1a: Biden Blast
|-damage|p1a: Biden Blast|28/100
|move|p1a: Biden Blast|Blood Moon|p2a: frenemy
|-damage|p2a: frenemy|0 fnt
|faint|p2a: frenemy
|
|win|MIMHvgc
||Chelo.vgc is ready for game 3.
|inactive|MIMHvgc has 30 seconds to confirm battle start!
|c|☆MIMHvgc|biden blast :)
||MIMHvgc is ready for game 3.
|uhtml|next|Next: Game 3 of 3
|l|☆MIMHvgc
|player|p1|
