|j|☆Chandeliere
|j|☆Fenozi
|html|ChandeliereFenozi    
|uhtml|bestof|Game 1 of a best-of-3
|t:|1756923409
|gametype|doubles
|player|p1|Chandeliere|ethan|
|player|p2|Fenozi|veteran|
|gen|9
|tier|[Gen 9] VGC 2025 Reg H (Bo3)
|rule|Species Clause: Limit one of each Pokémon
|rule|Item Clause: Limit 1 of each item
|clearpoke
|poke|p1|Ninetales-Alola, L50, F|
|poke|p1|Gholdengo, L50|
|poke|p1|Garchomp, L50, M|
|poke|p1|Incineroar, L50, M|
|poke|p1|Sneasler, L50, F|
|poke|p1|Dragonite, L50, M|
|poke|p2|Archaludon, L50, M|
|poke|p2|Dragonite, L50, F|
|poke|p2|Pelipper, L50, M|
|poke|p2|Ursaluna, L50, M|
|poke|p2|Sinistcha, L50|
|poke|p2|Gholdengo, L50|
|teampreview|4
|showteam|p1|Ninetales-Alola||LightClay|SnowWarning|AuroraVeil,Blizzard,FreezeDry,Protect|||F|||50|,,,,,Ghost]Gholdengo||LifeOrb|GoodasGold|MakeItRain,ShadowBall,NastyPlot,Protect||||||50|,,,,,Water]Garchomp||ClearAmulet|RoughSkin|Earthquake,StompingTantrum,DragonClaw,Protect|||M|||50|,,,,,Ground]Incineroar||AssaultVest|Intimidate|FakeOut,KnockOff,FlareBlitz,Uturn|||M|||50|,,,,,Grass]Sneasler||WhiteHerb|Unburden|Coaching,CloseCombat,DireClaw,Protect|||F|||50|,,,,,Ghost]Dragonite||LoadedDice|Multiscale|ScaleShot,Haze,Tailwind,Protect|||M|||50|,,,,,Fairy
|showteam|p2|Archaludon||AssaultVest|Stamina|FlashCannon,BodyPress,ElectroShot,Snarl|||M|||50|,,,,,Fighting]Dragonite||LoadedDice|Multiscale|ScaleShot,Tailwind,Haze,Protect|||F|||50|,,,,,Fairy]Pelipper||FocusSash|Drizzle|MuddyWater,Hurricane,Tailwind,Protect|||M|||50|,,,,,Ghost]Ursaluna||FlameOrb|Guts|Facade,HeadlongRush,Earthquake,Protect|||M|||50|,,,,,Ghost]Sinistcha||SitrusBerry|Hospitality|MatchaGotcha,LifeDew,RagePowder,TrickRoom||||||50|,,,,,Dark]Gholdengo||ChoiceScarf|GoodasGold|MakeItRain,ShadowBall,Trick,Protect||||||50|,,,,,Flying
|c|☆Chandeliere|glhf!
|c|☆Fenozi|glhf :)
|
|t:|1756923499
|teamsize|p1|4
|teamsize|p2|4
|start
|switch|p1a: Sneasler|Sneasler, L50, F|100/100
|switch|p1b: Dragonite|Dragonite, L50, M|100/100
|switch|p2a: Archaludon|Archaludon, L50, M|100/100
|switch|p2b: Pelipper|Pelipper, L50, M|100/100
|-weather|RainDance|[from] ability: Drizzle|[of] p2b: Pelipper
|turn|1
|
|t:|1756923540
|switch|p1a: Ninetales|Ninetales-Alola, L50, F|100/100
|-weather|Snowscape|[from] ability: Snow Warning|[of] p1a: Ninetales
|switch|p2b: Gholdengo|Gholdengo, L50|100/100
|move|p1b: Dragonite|Scale Shot|p2b: Gholdengo
|-resisted|p2b: Gholdengo
|-damage|p2b: Gholdengo|92/100
|-resisted|p2b: Gholdengo
|-damage|p2b: Gholdengo|83/100
|-resisted|p2b: Gholdengo
|-damage|p2b: Gholdengo|75/100
|-resisted|p2b: Gholdengo
|-damage|p2b: Gholdengo|67/100
|-hitcount|p2b: Gholdengo|4
|-unboost|p1b: Dragonite|def|1
|-boost|p1b: Dragonite|spe|1
|move|p2a: Archaludon|Flash Cannon|p1a: Ninetales
|-supereffective|p1a: Ninetales
|-damage|p1a: Ninetales|0 fnt
|faint|p1a: Ninetales
|
|-weather|Snowscape|[upkeep]
|upkeep
|
|t:|1756923560
|switch|p1a: Gholdengo|Gholdengo, L50|100/100
|turn|2
|
|t:|1756923602
|switch|p2b: Ursaluna|Ursaluna, L50, M|100/100
|move|p1a: Gholdengo|Protect|p1a: Gholdengo
|-singleturn|p1a: Gholdengo|Protect
|move|p1b: Dragonite|Tailwind|p1b: Dragonite
|-sidestart|p1: Chandeliere|move: Tailwind
|move|p2a: Archaludon|Snarl|p1b: Dragonite|[spread] p1b
|-activate|p1a: Gholdengo|move: Protect
|-crit|p1b: Dragonite
|-damage|p1b: Dragonite|91/100
|-unboost|p1b: Dragonite|spa|1
|
|-weather|Snowscape|[upkeep]
|-status|p2b: Ursaluna|brn|[from] item: Flame Orb
|upkeep
|turn|3
|
|t:|1756923652
|-terastallize|p1a: Gholdengo|Water
|move|p1b: Dragonite|Scale Shot|p2b: Ursaluna
|-damage|p2b: Ursaluna|87/100 brn
|-damage|p2b: Ursaluna|75/100 brn
|-damage|p2b: Ursaluna|62/100 brn
|-damage|p2b: Ursaluna|51/100 brn
|-damage|p2b: Ursaluna|39/100 brn
|-hitcount|p2b: Ursaluna|5
|-unboost|p1b: Dragonite|def|1
|-boost|p1b: Dragonite|spe|1
|move|p1a: Gholdengo|Make It Rain|p2a: Archaludon|[spread] p2a,p2b
|-resisted|p2a: Archaludon
|-damage|p2a: Archaludon|81/100
|-damage|p2b: Ursaluna|0 fnt
|-unboost|p1a: Gholdengo|spa|1
|-ability|p2a: Archaludon|Stamina|boost
|-boost|p2a: Archaludon|def|1
|faint|p2b: Ursaluna
|-damage|p1a: Gholdengo|91/100|[from] item: Life Orb
|move|p2a: Archaludon|Snarl|p1b: Dragonite|[spread] p1a,p1b
|-damage|p1a: Gholdengo|78/100
|-damage|p1b: Dragonite|78/100
|-unboost|p1a: Gholdengo|spa|1
|-unboost|p1b: Dragonite|spa|1
|
|-weather|Snowscape|[upkeep]
|upkeep
|
|t:|1756923669
|switch|p2b: Pelipper|Pelipper, L50, M|100/100
|-weather|RainDance|[from] ability: Drizzle|[of] p2b: Pelipper
|turn|4
|
|t:|1756923700
|switch|p1a: Sneasler|Sneasler, L50, F|100/100
|move|p2b: Pelipper|Protect|p2b: Pelipper
|-singleturn|p2b: Pelipper|Protect
|move|p1b: Dragonite|Scale Shot|p2b: Pelipper
|-activate|p2b: Pelipper|move: Protect
|move|p2a: Archaludon|Electro Shot||[still]
|-prepare|p2a: Archaludon|Electro Shot
|-boost|p2a: Archaludon|spa|1
|-anim|p2a: Archaludon|Electro Shot|p1b: Dragonite
|-damage|p1b: Dragonite|17/100
|
|-weather|RainDance|[upkeep]
|upkeep
|turn|5
|
|t:|1756923727
|switch|p2b: Gholdengo|Gholdengo, L50|67/100
|-terastallize|p2a: Archaludon|Fighting
|move|p1b: Dragonite|Scale Shot|p2b: Gholdengo
|-resisted|p2b: Gholdengo
|-damage|p2b: Gholdengo|58/100
|-resisted|p2b: Gholdengo
|-damage|p2b: Gholdengo|50/100
|-resisted|p2b: Gholdengo
|-damage|p2b: Gholdengo|43/100
|-resisted|p2b: Gholdengo
|-damage|p2b: Gholdengo|34/100
|-resisted|p2b: Gholdengo
|-damage|p2b: Gholdengo|26/100
|-hitcount|p2b: Gholdengo|5
|-unboost|p1b: Dragonite|def|1
|-boost|p1b: Dragonite|spe|1
|move|p1a: Sneasler|Close Combat|p2a: Archaludon
|-damage|p2a: Archaludon|56/100
|-unboost|p1a: Sneasler|def|1
|-unboost|p1a: Sneasler|spd|1
|-ability|p2a: Archaludon|Stamina|boost
|-boost|p2a: Archaludon|def|1
|-enditem|p1a: Sneasler|White Herb
|-clearnegativeboost|p1a: Sneasler|[silent]
|move|p2a: Archaludon|Electro Shot||[still]
|-prepare|p2a: Archaludon|Electro Shot
|-boost|p2a: Archaludon|spa|1
|-anim|p2a: Archaludon|Electro Shot|p1a: Sneasler
|-damage|p1a: Sneasler|6/100
|
|-weather|RainDance|[upkeep]
|-sideend|p1: Chandeliere|move: Tailwind
|upkeep
|turn|6
|
|t:|1756923779
|move|p1a: Sneasler|Close Combat|p2a: Archaludon
|-damage|p2a: Archaludon|38/100
|-unboost|p1a: Sneasler|def|1
|-unboost|p1a: Sneasler|spd|1
|-ability|p2a: Archaludon|Stamina|boost
|-boost|p2a: Archaludon|def|1
|move|p1b: Dragonite|Scale Shot|p2b: Gholdengo
|-resisted|p2b: Gholdengo
|-damage|p2b: Gholdengo|18/100
|-resisted|p2b: Gholdengo
|-damage|p2b: Gholdengo|10/100
|-resisted|p2b: Gholdengo
|-crit|p2b: Gholdengo
|-damage|p2b: Gholdengo|0 fnt
|faint|p2b: Gholdengo
|-hitcount|p2: Gholdengo|3
|-unboost|p1b: Dragonite|def|1
|-boost|p1b: Dragonite|spe|1
|move|p2a: Archaludon|Snarl|p1b: Dragonite|[spread] p1a
|-miss|p2a: Archaludon|p1b: Dragonite
|-resisted|p1a: Sneasler
|-damage|p1a: Sneasler|0 fnt
|faint|p1a: Sneasler
|
|-weather|RainDance|[upkeep]
|upkeep
|
|t:|1756923799
|switch|p1a: Gholdengo|Gholdengo, L50, tera:Water|78/100
|switch|p2b: Pelipper|Pelipper, L50, M|100/100
|turn|7
|
|t:|1756923841
|move|p1b: Dragonite|Scale Shot|p2b: Pelipper
|-damage|p2b: Pelipper|81/100
|-damage|p2b: Pelipper|61/100
|-damage|p2b: Pelipper|40/100
|-damage|p2b: Pelipper|22/100
|-damage|p2b: Pelipper|3/100
|-hitcount|p2b: Pelipper|5
|-unboost|p1b: Dragonite|def|1
|-boost|p1b: Dragonite|spe|1
|move|p1a: Gholdengo|Shadow Ball|p2a: Archaludon
|-damage|p2a: Archaludon|0 fnt
|faint|p2a: Archaludon
|-damage|p1a: Gholdengo|69/100|[from] item: Life Orb
|move|p2b: Pelipper|Hurricane|p1b: Dragonite
|-damage|p1b: Dragonite|0 fnt
|faint|p1b: Dragonite
|
|-weather|RainDance|[upkeep]
|upkeep
|turn|8
|
|t:|1756923860
|move|p1a: Gholdengo|Shadow Ball|p2b: Pelipper
|-damage|p2b: Pelipper|0 fnt
|faint|p2b: Pelipper
|-damage|p1a: Gholdengo|59/100|[from] item: Life Orb
|
|win|Chandeliere
||Fenozi is ready for game 2.
|inactive|Chandeliere has 30 seconds to confirm battle start!
||Chandeliere is ready for game 2.
|uhtml|next|Next: Game 2 of 3
