|j|☆plouifasol
|j|☆chefbenboyrd
|html|plouifasolchefbenboyrd    
|uhtml|bestof|Game 1 of a best-of-3
|t:|1756850164
|gametype|doubles
|player|p1|plouifasol|hiker-gen4|1088
|player|p2|chefbenboyrd|brawly|1054
|gen|9
|tier|[Gen 9] VGC 2025 Reg H (Bo3)
|rated|
|rule|Species Clause: Limit one of each Pokémon
|rule|Item Clause: Limit 1 of each item
|clearpoke
|poke|p1|Archaludon, L50, M|
|poke|p1|Pelipper, L50, M|
|poke|p1|Basculegion, L50, M|
|poke|p1|Amoonguss, L50, F|
|poke|p1|Gholdengo, L50|
|poke|p1|Incineroar, L50, F|
|poke|p2|Whimsicott, L50, F|
|poke|p2|Hydreigon, L50, M|
|poke|p2|Grimmsnarl, L50, M|
|poke|p2|Incineroar, L50, F|
|poke|p2|Gholdengo, L50|
|poke|p2|Annihilape, L50, M|
|teampreview|4
|showteam|p1|Archaludon||AssaultVest|Stamina|DragonPulse,ElectroShot,FlashCannon,BodyPress|||M|||50|,,,,,Bug]Pelipper||FocusSash|Drizzle|WeatherBall,Hurricane,Tailwind,Protect|||M|||50|,,,,,Ground]Basculegion||ChoiceBand|SwiftSwim|WaveCrash,LastRespects,AquaJet,FlipTurn|||M|||50|,,,,,Water]Amoonguss||SitrusBerry|Regenerator|PollenPuff,Spore,RagePowder,Protect|||F|||50|,,,,,Fairy]Gholdengo||LifeOrb|GoodasGold|MakeItRain,ShadowBall,NastyPlot,Protect||||||50|,,,,,Water]Incineroar||RockyHelmet|Intimidate|KnockOff,FlareBlitz,PartingShot,FakeOut|||F|||50|,,,,,Ghost
|showteam|p2|Whimsicott||FocusSash|Prankster|SunnyDay,Encore,Tailwind,Moonblast|||F|||50|,,,,,Ghost]Hydreigon||ChoiceSpecs|Levitate|HeatWave,DracoMeteor,Snarl,DarkPulse|||M|||50|,,,,,Fire]Grimmsnarl||LightClay|Prankster|SpiritBreak,Reflect,LightScreen,ThunderWave|||M|||50|,,,,,Steel]Incineroar||SafetyGoggles|Intimidate|KnockOff,FakeOut,PartingShot,FlareBlitz|||F|||50|,,,,,Ghost]Gholdengo||LifeOrb|GoodasGold|Protect,MakeItRain,ShadowBall,NastyPlot||||||50|,,,,,Water]Annihilape||SitrusBerry|Defiant|Protect,Taunt,RageFist,DrainPunch|||M|||50|,,,,,Fairy
|inactive|Battle timer is ON: inactive players will automatically lose when time's up. (requested by chefbenboyrd)
|
|t:|1756850189
|teamsize|p1|4
|teamsize|p2|4
|start
|switch|p1a: Pelipper|Pelipper, L50, M|100/100
|switch|p1b: Basculegion|Basculegion, L50, M|100/100
|switch|p2a: Whimsicott|Whimsicott, L50, F|100/100
|switch|p2b: Hydreigon|Hydreigon, L50, M|100/100
|-weather|RainDance|[from] ability: Drizzle|[of] p1a: Pelipper
|turn|1
|
|t:|1756850213
|move|p2a: Whimsicott|Sunny Day|p2a: Whimsicott
|-weather|SunnyDay
|move|p2b: Hydreigon|Snarl|p1b: Basculegion|[spread] p1a,p1b
|-supereffective|p1b: Basculegion
|-damage|p1a: Pelipper|39/100
|-damage|p1b: Basculegion|26/100
|-unboost|p1a: Pelipper|spa|1
|-unboost|p1b: Basculegion|spa|1
|move|p1a: Pelipper|Tailwind|p1a: Pelipper
|-sidestart|p1: plouifasol|move: Tailwind
|move|p1b: Basculegion|Flip Turn|p2b: Hydreigon
|-resisted|p2b: Hydreigon
|-damage|p2b: Hydreigon|89/100
|
|t:|1756850225
|switch|p1b: Archaludon|Archaludon, L50, M|100/100|[from] Flip Turn
|
|-weather|SunnyDay|[upkeep]
|upkeep
|turn|2
|
|t:|1756850240
|switch|p1a: Amoonguss|Amoonguss, L50, F|100/100
|move|p2a: Whimsicott|Tailwind|p2a: Whimsicott
|-sidestart|p2: chefbenboyrd|move: Tailwind
|move|p2b: Hydreigon|Snarl|p1a: Amoonguss|[spread] p1a,p1b
|-damage|p1a: Amoonguss|70/100
|-damage|p1b: Archaludon|72/100
|-unboost|p1a: Amoonguss|spa|1
|-unboost|p1b: Archaludon|spa|1
|-ability|p1b: Archaludon|Stamina|boost
|-boost|p1b: Archaludon|def|1
|move|p1b: Archaludon|Dragon Pulse|p2b: Hydreigon
|-supereffective|p2b: Hydreigon
|-damage|p2b: Hydreigon|28/100
|
|-weather|SunnyDay|[upkeep]
|upkeep
|turn|3
|
|t:|1756850260
|switch|p2b: Incineroar|Incineroar, L50, F|100/100
|-ability|p2b: Incineroar|Intimidate|boost
|-unboost|p1a: Amoonguss|atk|1
|-unboost|p1b: Archaludon|atk|1
|move|p2a: Whimsicott|Moonblast|p1b: Archaludon
|-damage|p1b: Archaludon|41/100
|-ability|p1b: Archaludon|Stamina|boost
|-boost|p1b: Archaludon|def|1
|move|p1b: Archaludon|Dragon Pulse|p2b: Incineroar
|-damage|p2b: Incineroar|75/100
|move|p1a: Amoonguss|Pollen Puff|p1b: Archaludon
|-heal|p1b: Archaludon|91/100
|
|-weather|SunnyDay|[upkeep]
|upkeep
|turn|4
|
|t:|1756850280
|move|p2a: Whimsicott|Encore|p1b: Archaludon
|-start|p1b: Archaludon|Encore
|move|p1b: Archaludon|Dragon Pulse|p2a: Whimsicott
|-immune|p2a: Whimsicott
|move|p2b: Incineroar|Flare Blitz|p1a: Amoonguss
|-supereffective|p1a: Amoonguss
|-damage|p1a: Amoonguss|0 fnt
|faint|p1a: Amoonguss
|-damage|p2b: Incineroar|50/100|[from] Recoil
|
|-weather|SunnyDay|[upkeep]
|-sideend|p1: plouifasol|move: Tailwind
|upkeep
|
|t:|1756850291
|switch|p1a: Pelipper|Pelipper, L50, M|39/100
|-weather|RainDance|[from] ability: Drizzle|[of] p1a: Pelipper
|turn|5
|
|t:|1756850299
|switch|p1a: Basculegion|Basculegion, L50, M|26/100
|move|p2a: Whimsicott|Sunny Day|p2a: Whimsicott
|-weather|SunnyDay
|move|p2b: Incineroar|Knock Off|p1b: Archaludon
|-damage|p1b: Archaludon|75/100
|-ability|p1b: Archaludon|Stamina|boost
|-boost|p1b: Archaludon|def|1
|-enditem|p1b: Archaludon|Assault Vest|[from] move: Knock Off|[of] p2b: Incineroar
|move|p1b: Archaludon|Dragon Pulse|p2b: Incineroar
|-damage|p2b: Incineroar|25/100
|
|-weather|SunnyDay|[upkeep]
|-sideend|p2: chefbenboyrd|move: Tailwind
|upkeep
|turn|6
|
|t:|1756850315
|move|p2a: Whimsicott|Tailwind|p2a: Whimsicott
|-sidestart|p2: chefbenboyrd|move: Tailwind
|move|p2b: Incineroar|Knock Off|p1a: Basculegion
|-supereffective|p1a: Basculegion
|-damage|p1a: Basculegion|0 fnt
|-enditem|p1a: Basculegion|Choice Band|[from] move: Knock Off|[of] p2b: Incineroar
|faint|p1a: Basculegion
|move|p1b: Archaludon|Dragon Pulse|p2b: Incineroar
|-damage|p2b: Incineroar|0 fnt
|faint|p2b: Incineroar
|
|-weather|SunnyDay|[upkeep]
|-end|p1b: Archaludon|Encore
|upkeep
|
|t:|1756850326
|switch|p1a: Pelipper|Pelipper, L50, M|39/100
|switch|p2b: Hydreigon|Hydreigon, L50, M|28/100
|-weather|RainDance|[from] ability: Drizzle|[of] p1a: Pelipper
|turn|7
|
|t:|1756850338
|move|p2a: Whimsicott|Sunny Day|p2a: Whimsicott
|-weather|SunnyDay
|move|p2b: Hydreigon|Snarl|p1b: Archaludon|[spread] p1a,p1b
|-crit|p1a: Pelipper
|-crit|p1b: Archaludon
|-damage|p1a: Pelipper|0 fnt
|-damage|p1b: Archaludon|9/100
|-unboost|p1b: Archaludon|spa|1
|-ability|p1b: Archaludon|Stamina|boost
|-boost|p1b: Archaludon|def|1
|faint|p1a: Pelipper
|move|p1b: Archaludon|Dragon Pulse|p2b: Hydreigon
|-supereffective|p2b: Hydreigon
|-damage|p2b: Hydreigon|0 fnt
|faint|p2b: Hydreigon
|
|-weather|SunnyDay|[upkeep]
|upkeep
|
|t:|1756850348
|switch|p2b: Gholdengo|Gholdengo, L50|100/100
|turn|8
|
|t:|1756850353
|move|p2a: Whimsicott|Moonblast|p1b: Archaludon
|-damage|p1b: Archaludon|0 fnt
|faint|p1b: Archaludon
|
|win|chefbenboyrd
||plouifasol is ready for game 2.
