|j|☆ProKobe
|j|☆NyulaDraws
|html|ProKobeNyulaDraws    
|uhtml|bestof|Game 1 of a best-of-3
|t:|1783441647
|gametype|doubles
|player|p1|ProKobe|101|1062
|player|p2|NyulaDraws|backpacker|1150
|gen|9
|tier|[Gen 9 Champions] VGC 2026 Reg M-B (Bo3)
|rated|
|rule|Species Clause: Limit one of each Pokémon
|rule|Item Clause: Limit 1 of each item
|clearpoke
|poke|p1|Torterra, L50, M|
|poke|p1|Tyranitar, L50, M|
|poke|p1|Sinistcha, L50|
|poke|p1|Incineroar, L50, F|
|poke|p1|Aegislash, L50, F|
|poke|p1|Greninja, L50, F|
|poke|p2|Blastoise, L50, F|
|poke|p2|Delphox, L50, M, shiny|
|poke|p2|Incineroar, L50, F|
|poke|p2|Sneasler, L50, F|
|poke|p2|Sinistcha, L50|
|poke|p2|Maushold-Four, L50|
|teampreview|4
|showteam|p1|Torterra||WhiteHerb|ShellArmor|ShellSmash,HeadlongRush,WoodHammer,StoneEdge|Adamant||M|||50|]Tyranitar||SmoothRock|SandStream|StoneEdge,KnockOff,FirePunch,ThunderWave|Jolly||M|||50|]Sinistcha||FocusSash|Hospitality|MatchaGotcha,RagePowder,ShadowBall,StrengthSap|Jolly|||||50|]Incineroar||SitrusBerry|Intimidate|FakeOut,FlareBlitz,PartingShot,WillOWisp|Adamant||F|||50|]Aegislash||ExpertBelt|StanceChange|WideGuard,Reflect,FlashCannon,ShadowBall|Modest||F|||50|]Greninja||Greninjite|Protean|WaterShuriken,IceBeam,DarkPulse,WeatherBall|Timid||F|||50|
|showteam|p2|Blastoise||Blastoisinite|RainDish|WaterSpout,DarkPulse,ShellSmash,Protect|Modest||F|||50|]Delphox||Delphoxite|Blaze|HeatWave,Psyshock,NastyPlot,Protect|Timid||M|||50|]Incineroar||SitrusBerry|Intimidate|FakeOut,FlareBlitz,ThroatChop,PartingShot|Impish||F|||50|]Sneasler||FocusSash|PoisonTouch|FakeOut,CloseCombat,DireClaw,QuickGuard|Jolly||F|||50|]Sinistcha||KasibBerry|Hospitality|MatchaGotcha,LifeDew,RagePowder,Protect|Bold|||||50|]Maushold-Four||ChopleBerry|FriendGuard|SuperFang,Feint,FollowMe,SunnyDay|Impish|||||50|
|
|t:|1783441704
|teamsize|p1|4
|teamsize|p2|4
|start
|switch|p1a: Shellshock|Torterra, L50, M|100/100
|switch|p1b: Sinistcha|Sinistcha, L50|100/100
|switch|p2a: Sneasler|Sneasler, L50, F|100/100
|switch|p2b: Blastoise|Blastoise, L50, F|100/100
|turn|1
|
|t:|1783441744
|detailschange|p2b: Blastoise|Blastoise-Mega, L50, F
|-mega|p2b: Blastoise|Blastoise|Blastoisinite
|move|p2a: Sneasler|Fake Out|p1a: Shellshock
|-damage|p1a: Shellshock|87/100
|move|p1b: Sinistcha|Rage Powder|p1b: Sinistcha
|-singleturn|p1b: Sinistcha|move: Rage Powder
|move|p2b: Blastoise|Dark Pulse|p1b: Sinistcha
|-supereffective|p1b: Sinistcha|1
|-enditem|p1b: Sinistcha|Focus Sash
|-damage|p1b: Sinistcha|1/100
|cant|p1a: Shellshock|flinch
|
|upkeep
|turn|2
|
|t:|1783441763
|move|p2b: Blastoise|Protect|p2b: Blastoise
|-singleturn|p2b: Blastoise|Protect
|move|p1b: Sinistcha|Rage Powder|p1b: Sinistcha
|-singleturn|p1b: Sinistcha|move: Rage Powder
|move|p2a: Sneasler|Dire Claw|p1b: Sinistcha
|-damage|p1b: Sinistcha|0 fnt
|faint|p1b: Sinistcha
|move|p1a: Shellshock|Shell Smash|p1a: Shellshock
|-unboost|p1a: Shellshock|def|1
|-unboost|p1a: Shellshock|spd|1
|-boost|p1a: Shellshock|atk|2
|-boost|p1a: Shellshock|spa|2
|-boost|p1a: Shellshock|spe|2
|-enditem|p1a: Shellshock|White Herb
|-clearnegativeboost|p1a: Shellshock|[silent]
|
|upkeep
|
|t:|1783441783
|switch|p1b: Aegislash|Aegislash, L50, F|100/100
|turn|3
|inactive|Battle timer is ON: inactive players will automatically lose when time's up. (requested by ProKobe)
|
|t:|1783441802
|switch|p2b: Maushold|Maushold-Four, L50|100/100
|move|p1b: Aegislash|Wide Guard|p1b: Aegislash
|-singleturn|p1b: Aegislash|Wide Guard
|move|p1a: Shellshock|Headlong Rush|p2a: Sneasler
|-supereffective|p2a: Sneasler|1
|-enditem|p2a: Sneasler|Focus Sash
|-damage|p2a: Sneasler|1/100
|-unboost|p1a: Shellshock|def|1
|-unboost|p1a: Shellshock|spd|1
|move|p2a: Sneasler|Close Combat|p1a: Shellshock
|-damage|p1a: Shellshock|2/100
|-unboost|p2a: Sneasler|def|1
|-unboost|p2a: Sneasler|spd|1
|
|upkeep
|turn|4
|inactive|ProKobe has 30 seconds left.
|inactive|NyulaDraws has 30 seconds left.
|
|t:|1783441836
|move|p2b: Maushold|Follow Me|p2b: Maushold
|-singleturn|p2b: Maushold|move: Follow Me
|move|p1a: Shellshock|Headlong Rush|p2b: Maushold
|-damage|p2b: Maushold|0 fnt
|-unboost|p1a: Shellshock|def|1
|-unboost|p1a: Shellshock|spd|1
|faint|p2b: Maushold
|move|p2a: Sneasler|Dire Claw|p1a: Shellshock
|-damage|p1a: Shellshock|0 fnt
|faint|p1a: Shellshock
|-formechange|p1b: Aegislash|Aegislash-Blade|
|move|p1b: Aegislash|Flash Cannon|p2a: Sneasler
|-damage|p2a: Sneasler|0 fnt
|faint|p2a: Sneasler
|
|upkeep
|
|t:|1783441852
|switch|p2a: Blastoise|Blastoise-Mega, L50, F|100/100
|switch|p2b: Sinistcha|Sinistcha, L50|100/100
|switch|p1a: Rasengan|Greninja, L50, F|100/100
|turn|5
|inactive|NyulaDraws has 30 seconds left.
|
|t:|1783441880
|detailschange|p1a: Rasengan|Greninja-Mega, L50, F
|-mega|p1a: Rasengan|Greninja|Greninjite
|move|p1b: Aegislash|Wide Guard|p1b: Aegislash
|-singleturn|p1b: Aegislash|Wide Guard
|move|p2b: Sinistcha|Rage Powder|p2b: Sinistcha
|-singleturn|p2b: Sinistcha|move: Rage Powder
|move|p1a: Rasengan|Ice Beam|p2b: Sinistcha
|-start|p1a: Rasengan|typechange|Ice|[from] ability: Protean
|-supereffective|p2b: Sinistcha|1
|-damage|p2b: Sinistcha|5/100
|move|p2a: Blastoise|Dark Pulse|p1b: Aegislash
|-supereffective|p1b: Aegislash|1
|-crit|p1b: Aegislash
|-damage|p1b: Aegislash|0 fnt
|faint|p1b: Aegislash
|
|upkeep
|turn|6
|inactive|NyulaDraws has 30 seconds left.
|
|t:|1783441906
|move|p2b: Sinistcha|Protect|p2b: Sinistcha
|-singleturn|p2b: Sinistcha|Protect
|move|p1a: Rasengan|Ice Beam|p2b: Sinistcha
|-activate|p2b: Sinistcha|move: Protect
|move|p2a: Blastoise|Shell Smash|p2a: Blastoise
|-unboost|p2a: Blastoise|def|1
|-unboost|p2a: Blastoise|spd|1
|-boost|p2a: Blastoise|atk|2
|-boost|p2a: Blastoise|spa|2
|-boost|p2a: Blastoise|spe|2
|
|upkeep
|turn|7
|inactive|ProKobe has 30 seconds left.
|inactive|ProKobe has 20 seconds left.
|inactive|ProKobe has 15 seconds left.
|inactive|ProKobe has 10 seconds left.
|
|t:|1783441954
|move|p2a: Blastoise|Water Spout|p1a: Rasengan
|-damage|p1a: Rasengan|0 fnt
|faint|p1a: Rasengan
|
|win|NyulaDraws
|l|☆ProKobe
|player|p1|
|raw|ProKobe's rating: 1062 → 1047(-15 for losing)
|raw|NyulaDraws's rating: 1150 → 1169(+19 for winning)
