|j|☆marcusquinn
|j|☆KotoOnMyCleave
|html|marcusquinnKotoOnMyCleave    
|uhtml|bestof|Game 2 of a best-of-3
|t:|1755541708
|gametype|doubles
|player|p1|marcusquinn|hilbert-wonderlauncher|1180
|player|p2|KotoOnMyCleave|169|1146
|gen|9
|tier|[Gen 9] VGC 2025 Reg H (Bo3)
|rated|
|rule|Species Clause: Limit one of each Pokémon
|rule|Item Clause: Limit 1 of each item
|clearpoke
|poke|p1|Archaludon, L50, F|
|poke|p1|Porygon2, L50|
|poke|p1|Incineroar, L50, F|
|poke|p1|Ursaluna, L50, M|
|poke|p1|Sneasler, L50, M|
|poke|p1|Dragonite, L50, M|
|poke|p2|Maushold, L50|
|poke|p2|Annihilape, L50, F|
|poke|p2|Archaludon, L50, M|
|poke|p2|Pelipper, L50, F|
|poke|p2|Sinistcha, L50|
|poke|p2|Grimmsnarl, L50, M|
|teampreview|4
|showteam|p1|Archaludon||PowerHerb|Sturdy|Protect,ElectroShot,DracoMeteor,FlashCannon|||F|||50|,,,,,Electric]Porygon2||Eviolite|Download|TeraBlast,IceBeam,Recover,TrickRoom||||||50|,,,,,Fighting]Incineroar||SitrusBerry|Intimidate|FlareBlitz,KnockOff,FakeOut,PartingShot|||F|||50|,,,,,Ghost]Ursaluna||FlameOrb|Guts|HeadlongRush,Facade,Earthquake,Protect|||M|||50|,,,,,Ghost]Sneasler||FocusSash|Unburden|Protect,CloseCombat,DireClaw,ThroatChop|||M|||50|,,,,,Stellar]Dragonite||LoadedDice|Multiscale|ScaleShot,Tailwind,Haze,Protect|||M|||50|,,,,,Steel
|showteam|p2|Maushold||SafetyGoggles|FriendGuard|BeatUp,FollowMe,SuperFang,Protect||||||50|,,,,,Ghost]Annihilape||SitrusBerry|Defiant|RageFist,DrainPunch,BulkUp,Protect|||F|||50|,,,,,Fire]Archaludon||AssaultVest|Stamina|ElectroShot,DracoMeteor,BodyPress,FlashCannon|||M|||50|,,,,,Electric]Pelipper||FocusSash|Drizzle|Tailwind,WeatherBall,Hurricane,Protect|||F|||50|,,,,,Stellar]Sinistcha||Leftovers|Hospitality|MatchaGotcha,RagePowder,TrickRoom,LifeDew||||||50|,,,,,Dark]Grimmsnarl||LightClay|Prankster|LightScreen,Reflect,ThunderWave,SpiritBreak|||M|||50|,,,,,Ghost
|inactive|Battle timer is ON: inactive players will automatically lose when time's up. (requested by KotoOnMyCleave)
|inactive|marcusquinn also wants the timer to be on.
|
|t:|1755541730
|teamsize|p1|4
|teamsize|p2|4
|start
|switch|p1a: Archaludon|Archaludon, L50, F|100/100
|switch|p1b: Sneasler|Sneasler, L50, M|100/100
|switch|p2a: Grimmsnarl|Grimmsnarl, L50, M, shiny|100/100
|switch|p2b: Sinistcha|Sinistcha, L50, shiny|100/100
|turn|1
|
|t:|1755541747
|move|p2a: Grimmsnarl|Reflect|p2a: Grimmsnarl
|-sidestart|p2: KotoOnMyCleave|Reflect
|move|p1b: Sneasler|Dire Claw|p2a: Grimmsnarl
|-supereffective|p2a: Grimmsnarl
|-damage|p2a: Grimmsnarl|43/100
|move|p1a: Archaludon|Electro Shot||[still]
|-prepare|p1a: Archaludon|Electro Shot
|-boost|p1a: Archaludon|spa|1
|-enditem|p1a: Archaludon|Power Herb
|-anim|p1a: Archaludon|Electro Shot|p2a: Grimmsnarl
|-damage|p2a: Grimmsnarl|0 fnt
|faint|p2a: Grimmsnarl
|move|p2b: Sinistcha|Life Dew||[still]
|-fail|p2b: Sinistcha|heal
|
|upkeep
|
|t:|1755541757
|switch|p2a: Archaludon|Archaludon, L50, M, shiny|100/100
|turn|2
|inactive|marcusquinn has 30 seconds left.
|inactive|KotoOnMyCleave has 30 seconds left.
|
|t:|1755541791
|move|p1b: Sneasler|Dire Claw|p2b: Sinistcha
|-damage|p2b: Sinistcha|74/100
|move|p2a: Archaludon|Draco Meteor|p1a: Archaludon
|-damage|p1a: Archaludon|13/100
|-unboost|p2a: Archaludon|spa|2
|move|p1a: Archaludon|Flash Cannon|p2b: Sinistcha
|-damage|p2b: Sinistcha|21/100
|move|p2b: Sinistcha|Matcha Gotcha|p1b: Sneasler|[spread] p1a,p1b
|-resisted|p1a: Archaludon
|-resisted|p1b: Sneasler
|-damage|p1a: Archaludon|4/100
|-heal|p2b: Sinistcha|26/100|[from] drain|[of] p1a: Archaludon
|-damage|p1b: Sneasler|84/100
|-heal|p2b: Sinistcha|33/100|[from] drain|[of] p1b: Sneasler
|
|-heal|p2b: Sinistcha|39/100|[from] item: Leftovers
|upkeep
|turn|3
|inactive|marcusquinn has 30 seconds left.
|inactive|marcusquinn has 20 seconds left.
|inactive|marcusquinn has 15 seconds left.
|inactive|marcusquinn has 10 seconds left.
|
|t:|1755541841
|switch|p2b: Pelipper|Pelipper, L50, F, shiny|100/100
|-weather|RainDance|[from] ability: Drizzle|[of] p2b: Pelipper
|-terastallize|p1b: Sneasler|Stellar
|-terastallize|p2a: Archaludon|Electric
|move|p1a: Archaludon|Protect|p1a: Archaludon
|-singleturn|p1a: Archaludon|Protect
|move|p1b: Sneasler|Close Combat|p2a: Archaludon
|-damage|p2a: Archaludon|52/100
|-unboost|p1b: Sneasler|def|1
|-unboost|p1b: Sneasler|spd|1
|-ability|p2a: Archaludon|Stamina|boost
|-boost|p2a: Archaludon|def|1
|move|p2a: Archaludon|Electro Shot||[still]
|-prepare|p2a: Archaludon|Electro Shot
|-boost|p2a: Archaludon|spa|1
|-anim|p2a: Archaludon|Electro Shot|p1b: Sneasler
|-damage|p1b: Sneasler|10/100
|
|-weather|RainDance|[upkeep]
|upkeep
|turn|4
|inactive|KotoOnMyCleave has 30 seconds left.
|inactive|KotoOnMyCleave has 20 seconds left.
|
|t:|1755541880
|move|p1b: Sneasler|Dire Claw|p2b: Pelipper
|-damage|p2b: Pelipper|45/100
|move|p2a: Archaludon|Electro Shot||[still]
|-prepare|p2a: Archaludon|Electro Shot
|-boost|p2a: Archaludon|spa|1
|-anim|p2a: Archaludon|Electro Shot|p1a: Archaludon
|-resisted|p1a: Archaludon
|-damage|p1a: Archaludon|0 fnt
|faint|p1a: Archaludon
|move|p2b: Pelipper|Tailwind|p2b: Pelipper
|-sidestart|p2: KotoOnMyCleave|move: Tailwind
|
|-weather|RainDance|[upkeep]
|upkeep
|
|t:|1755541894
|switch|p1a: Dragonite|Dragonite, L50, M, shiny|100/100
|turn|5
|
|t:|1755541916
|move|p2a: Archaludon|Electro Shot||[still]
|-prepare|p2a: Archaludon|Electro Shot
|-boost|p2a: Archaludon|spa|1
|-anim|p2a: Archaludon|Electro Shot|p1b: Sneasler
|-damage|p1b: Sneasler|0 fnt
|faint|p1b: Sneasler
|move|p2b: Pelipper|Hurricane|p1a: Dragonite
|-damage|p1a: Dragonite|74/100
|move|p1a: Dragonite|Tailwind|p1a: Dragonite
|-sidestart|p1: marcusquinn|move: Tailwind
|
|-weather|RainDance|[upkeep]
|upkeep
|
|t:|1755541926
|switch|p1b: Ursaluna|Ursaluna, L50, M|100/100
|turn|6
|
|t:|1755541941
|move|p2a: Archaludon|Draco Meteor|p1a: Dragonite
|-supereffective|p1a: Dragonite
|-damage|p1a: Dragonite|0 fnt
|-unboost|p2a: Archaludon|spa|2
|faint|p1a: Dragonite
|move|p2b: Pelipper|Weather Ball|p1b: Ursaluna
|-supereffective|p1b: Ursaluna
|-damage|p1b: Ursaluna|0 fnt
|faint|p1b: Ursaluna
|
|win|KotoOnMyCleave
|raw|marcusquinn's rating: 1180 → 1153(-27 for losing)
|raw|KotoOnMyCleave's rating: 1146 → 1173(+27 for winning)
|l|☆KotoOnMyCleave
|player|p2|
