|j|☆The median voter
|j|☆0rion1798
|html|The median voter0rion1798    
|uhtml|bestof|Game 2 of a best-of-3
|t:|1755146233
|gametype|doubles
|player|p1|The median voter|scientist-gen4dp|1381
|player|p2|0rion1798|clair|1217
|gen|9
|tier|[Gen 9] VGC 2025 Reg H (Bo3)
|rated|
|rule|Species Clause: Limit one of each Pokémon
|rule|Item Clause: Limit 1 of each item
|clearpoke
|poke|p1|Kommo-o, L50, F|
|poke|p1|Volcarona, L50, F|
|poke|p1|Rillaboom, L50, M|
|poke|p1|Kingambit, L50, F|
|poke|p1|Ninetales-Alola, L50, F|
|poke|p1|Arcanine-Hisui, L50, M|
|poke|p2|Sneasler, L50, F|
|poke|p2|Indeedee, L50, M|
|poke|p2|Ursaluna-Bloodmoon, L50, M|
|poke|p2|Electabuzz, L50, F|
|poke|p2|Incineroar, L50, F|
|poke|p2|Dragonite, L50, F|
|teampreview|4
|showteam|p1|Kommo-o||GrassySeed|Overcoat|BodyPress,Taunt,Protect,Flamethrower|||F|||50|,,,,,Steel]Volcarona||SitrusBerry|FlameBody|HeatWave,TeraBlast,QuiverDance,Protect|||F|||50|,,,,,Water]Rillaboom||AssaultVest|GrassySurge|FakeOut,GrassyGlide,WoodHammer,HighHorsepower|||M|||50|,,,,,Fire]Kingambit||BlackGlasses|Defiant|KowtowCleave,SuckerPunch,SwordsDance,Protect|||F|||50|,,,,,Dark]Ninetales-Alola||LifeOrb|SnowWarning|Blizzard,Protect,Encore,FreezeDry|||F|||50|,,,,,Ghost]Arcanine-Hisui||FocusSash|Intimidate|RockSlide,FlareBlitz,ExtremeSpeed,Protect|||M|||50|,,,,,Ghost
|showteam|p2|Sneasler||PsychicSeed|Unburden|CloseCombat,DireClaw,ThroatChop,Protect|||F|||50|,,,,,Dark]Indeedee||FocusSash|PsychicSurge|ExpandingForce,TrickRoom,HelpingHand,Protect|||M|||50|,,,,,Psychic]Ursaluna-Bloodmoon||LifeOrb|MindsEye|BloodMoon,HyperVoice,EarthPower,Protect|||M|||50|,,,,,Normal]Electabuzz||Eviolite|VitalSpirit|Electroweb,FollowMe,Taunt,Protect|||F|||50|,,,,,Dragon]Incineroar||SafetyGoggles|Intimidate|FlareBlitz,KnockOff,PartingShot,FakeOut|||F|||50|,,,,,Ghost]Dragonite||LoadedDice|Multiscale|ScaleShot,Tailwind,Haze,Protect|||F|||50|,,,,,Fairy
|inactive|Battle timer is ON: inactive players will automatically lose when time's up. (requested by 0rion1798)
|inactive|0rion1798 has 60 seconds left.
|
|t:|1755146268
|teamsize|p1|4
|teamsize|p2|4
|start
|switch|p1a: Arcanine|Arcanine-Hisui, L50, M|100/100
|switch|p1b: Ninetales|Ninetales-Alola, L50, F|100/100
|switch|p2a: Dragonite|Dragonite, L50, F|100/100
|switch|p2b: Electabuzz|Electabuzz, L50, F|100/100
|-weather|Snowscape|[from] ability: Snow Warning|[of] p1b: Ninetales
|-ability|p1a: Arcanine|Intimidate|boost
|-unboost|p2a: Dragonite|atk|1
|-unboost|p2b: Electabuzz|atk|1
|turn|1
|
|t:|1755146278
|move|p2a: Dragonite|Protect|p2a: Dragonite
|-singleturn|p2a: Dragonite|Protect
|move|p1b: Ninetales|Blizzard|p2a: Dragonite|[spread] p2b
|-activate|p2a: Dragonite|move: Protect
|-damage|p2b: Electabuzz|65/100
|-damage|p1b: Ninetales|91/100|[from] item: Life Orb
|move|p2b: Electabuzz|Electroweb|p1b: Ninetales|[spread] p1a,p1b
|-crit|p1a: Arcanine
|-damage|p1a: Arcanine|75/100
|-damage|p1b: Ninetales|75/100
|-unboost|p1a: Arcanine|spe|1
|-unboost|p1b: Ninetales|spe|1
|move|p1a: Arcanine|Rock Slide|p2a: Dragonite|[spread] 
|-activate|p2a: Dragonite|move: Protect
|-miss|p1a: Arcanine|p2b: Electabuzz
|
|-weather|Snowscape|[upkeep]
|upkeep
|turn|2
|
|t:|1755146299
|-terastallize|p2a: Dragonite|Fairy
|move|p2b: Electabuzz|Taunt|p1b: Ninetales
|-start|p1b: Ninetales|move: Taunt
|move|p2a: Dragonite|Scale Shot|p1a: Arcanine
|-damage|p1a: Arcanine|63/100
|-damage|p1a: Arcanine|51/100
|-damage|p1a: Arcanine|40/100
|-damage|p1a: Arcanine|27/100
|-damage|p1a: Arcanine|15/100
|-hitcount|p1a: Arcanine|5
|-unboost|p2a: Dragonite|def|1
|-boost|p2a: Dragonite|spe|1
|move|p1b: Ninetales|Blizzard|p2b: Electabuzz|[spread] p2a,p2b
|-damage|p2a: Dragonite|78/100
|-damage|p2b: Electabuzz|30/100
|-status|p2b: Electabuzz|frz
|-damage|p1b: Ninetales|66/100|[from] item: Life Orb
|move|p1a: Arcanine|Rock Slide|p2b: Electabuzz|[spread] p2a,p2b
|-damage|p2a: Dragonite|29/100
|-damage|p2b: Electabuzz|1/100 frz
|
|-weather|Snowscape|[upkeep]
|upkeep
|turn|3
|inactive|The median voter has 30 seconds left.
|
|t:|1755146335
|switch|p1a: Kommo-o|Kommo-o, L50, F|100/100
|move|p2a: Dragonite|Protect|p2a: Dragonite
|-singleturn|p2a: Dragonite|Protect
|cant|p2b: Electabuzz|frz
|move|p1b: Ninetales|Blizzard|p2b: Electabuzz|[spread] p2b
|-activate|p2a: Dragonite|move: Protect
|-damage|p2b: Electabuzz|0 fnt
|faint|p2b: Electabuzz
|-damage|p1b: Ninetales|56/100|[from] item: Life Orb
|
|-weather|Snowscape|[upkeep]
|upkeep
|
|t:|1755146346
|switch|p2b: Sneasler|Sneasler, L50, F|100/100
|turn|4
|
|t:|1755146362
|switch|p1a: Rillaboom|Rillaboom, L50, M|100/100
|-fieldstart|move: Grassy Terrain|[from] ability: Grassy Surge|[of] p1a: Rillaboom
|-terastallize|p1b: Ninetales|Ghost
|move|p2a: Dragonite|Haze|p2a: Dragonite
|-clearallboost
|move|p1b: Ninetales|Blizzard|p2a: Dragonite|[spread] p2a,p2b
|-damage|p2a: Dragonite|0 fnt
|-damage|p2b: Sneasler|48/100
|faint|p2a: Dragonite
|-damage|p1b: Ninetales|47/100|[from] item: Life Orb
|move|p2b: Sneasler|Close Combat|p1a: Rillaboom
|-damage|p1a: Rillaboom|30/100
|-unboost|p2b: Sneasler|def|1
|-unboost|p2b: Sneasler|spd|1
|
|-weather|Snowscape|[upkeep]
|-heal|p1b: Ninetales|53/100|[from] Grassy Terrain
|-heal|p2b: Sneasler|53/100|[from] Grassy Terrain
|-heal|p1a: Rillaboom|36/100|[from] Grassy Terrain
|-end|p1b: Ninetales|move: Taunt
|upkeep
|
|t:|1755146373
|switch|p2a: Indeedee|Indeedee, L50, M|100/100
|-fieldstart|move: Psychic Terrain|[from] ability: Psychic Surge|[of] p2a: Indeedee
|-enditem|p2b: Sneasler|Psychic Seed
|-boost|p2b: Sneasler|spd|1|[from] item: Psychic Seed
|turn|5
|
|t:|1755146396
|switch|p1a: Arcanine|Arcanine-Hisui, L50, M|15/100
|-ability|p1a: Arcanine|Intimidate|boost
|-unboost|p2a: Indeedee|atk|1
|-unboost|p2b: Sneasler|atk|1
|move|p1b: Ninetales|Protect|p1b: Ninetales
|-singleturn|p1b: Ninetales|Protect
|move|p2b: Sneasler|Dire Claw|p1b: Ninetales
|-activate|p1b: Ninetales|move: Protect
|move|p2a: Indeedee|Expanding Force|p1b: Ninetales|[spread] p1a
|-activate|p1b: Ninetales|move: Protect
|-damage|p1a: Arcanine|0 fnt
|faint|p1a: Arcanine
|
|-weather|none
|upkeep
|
|t:|1755146399
|switch|p1a: Rillaboom|Rillaboom, L50, M|36/100
|-fieldstart|move: Grassy Terrain|[from] ability: Grassy Surge|[of] p1a: Rillaboom
|turn|6
|
|t:|1755146414
|move|p2b: Sneasler|Protect|p2b: Sneasler
|-singleturn|p2b: Sneasler|Protect
|move|p1a: Rillaboom|Fake Out|p2a: Indeedee
|-damage|p2a: Indeedee|67/100
|move|p1b: Ninetales|Freeze-Dry|p2b: Sneasler
|-activate|p2b: Sneasler|move: Protect
|cant|p2a: Indeedee|flinch
|
|-heal|p2b: Sneasler|59/100|[from] Grassy Terrain
|-heal|p1b: Ninetales|59/100|[from] Grassy Terrain
|-heal|p2a: Indeedee|73/100|[from] Grassy Terrain
|-heal|p1a: Rillaboom|42/100|[from] Grassy Terrain
|upkeep
|turn|7
|
|t:|1755146428
|move|p2b: Sneasler|Dire Claw|p1a: Rillaboom
|-supereffective|p1a: Rillaboom
|-damage|p1a: Rillaboom|0 fnt
|faint|p1a: Rillaboom
|move|p1b: Ninetales|Freeze-Dry|p2b: Sneasler
|-damage|p2b: Sneasler|15/100
|-status|p2b: Sneasler|frz
|-damage|p1b: Ninetales|49/100|[from] item: Life Orb
|move|p2a: Indeedee|Expanding Force|p1b: Ninetales
|-damage|p1b: Ninetales|9/100
|
|-heal|p2b: Sneasler|21/100 frz|[from] Grassy Terrain
|-heal|p1b: Ninetales|15/100|[from] Grassy Terrain
|-heal|p2a: Indeedee|79/100|[from] Grassy Terrain
|upkeep
|
|t:|1755146437
|switch|p1a: Kommo-o|Kommo-o, L50, F|100/100
|-enditem|p1a: Kommo-o|Grassy Seed
|-boost|p1a: Kommo-o|def|1|[from] item: Grassy Seed
|turn|8
|-message|0rion1798 forfeited.
|
|win|The median voter
|raw|The median voter's rating: 1381 → 1392(+11 for winning)
|raw|0rion1798's rating: 1217 → 1203(-14 for losing)
