|j|☆okes30
|j|☆C.blaze
|html|okes30C.blaze    
|uhtml|bestof|Game 1 of a best-of-3
|t:|1784215744
|gametype|doubles
|player|p1|okes30|1|1142
|player|p2|C.blaze|2|1042
|gen|9
|tier|[Gen 9 Champions] VGC 2026 Reg M-B (Bo3)
|rated|
|rule|Species Clause: Limit one of each Pokémon
|rule|Item Clause: Limit 1 of each item
|clearpoke
|poke|p1|Delphox, L50, F|
|poke|p1|Blastoise, L50, F|
|poke|p1|Sinistcha-Masterpiece, L50|
|poke|p1|Sneasler, L50, M|
|poke|p1|Incineroar, L50, M, shiny|
|poke|p1|Kingambit, L50, F|
|poke|p2|Kingambit, L50, F|
|poke|p2|Hydreigon, L50, M|
|poke|p2|Pelipper, L50, M|
|poke|p2|Swampert, L50, M|
|poke|p2|Sableye, L50, M|
|poke|p2|Sinistcha-Masterpiece, L50|
|teampreview|4
|showteam|p1|Delphox||Delphoxite|Blaze|HeatWave,Psyshock,NastyPlot,Protect|Modest||F|||50|]Blastoise||Blastoisinite|RainDish|WaterSpout,DarkPulse,ShellSmash,Protect|Modest||F|||50|]Sinistcha-Masterpiece||MentalHerb|Hospitality|TrickRoom,MatchaGotcha,RagePowder,Imprison|Calm|||||50|]Sneasler||FocusSash|PoisonTouch|PoisonJab,FakeOut,QuickGuard,CloseCombat|Jolly||M|||50|]Incineroar||SitrusBerry|Intimidate|PartingShot,FakeOut,FlareBlitz,ThroatChop|Careful||M|||50|]Kingambit||BlackGlasses|Defiant|LowKick,SuckerPunch,KowtowCleave,Protect|Adamant||F|||50|
|showteam|p2|Kingambit||BlackGlasses|Defiant|KowtowCleave,SuckerPunch,Protect,IronHead|Adamant||F|||50|]Hydreigon||HabanBerry|Levitate|DracoMeteor,DarkPulse,Protect,Snarl|Timid||M|||50|]Pelipper||FocusSash|Drizzle|Hurricane,WeatherBall,Protect,Tailwind|Timid||M|||50|]Swampert||Swampertite|Torrent|WaveCrash,HighHorsepower,Protect,IcePunch|Adamant||M|||50|]Sableye||RoseliBerry|Prankster|FoulPlay,WillOWisp,RainDance,FakeOut|Careful||M|||50|]Sinistcha-Masterpiece||SitrusBerry|Hospitality|MatchaGotcha,RagePowder,Protect,TrickRoom|Quiet|||||50|
|inactive|Battle timer is ON: inactive players will automatically lose when time's up. (requested by C.blaze)
|inactive|okes30 has 60 seconds left.
|inactive|okes30 has 30 seconds left.
|
|t:|1784215831
|teamsize|p1|4
|teamsize|p2|4
|start
|switch|p1a: Blastoise|Blastoise, L50, F|100/100
|switch|p1b: Sinistcha|Sinistcha-Masterpiece, L50|100/100
|switch|p2a: Pelipper|Pelipper, L50, M|100/100
|switch|p2b: Sinistcha|Sinistcha-Masterpiece, L50|100/100
|-weather|RainDance|[from] ability: Drizzle|[of] p2a: Pelipper
|turn|1
|
|t:|1784215848
|detailschange|p1a: Blastoise|Blastoise-Mega, L50, F
|-mega|p1a: Blastoise|Blastoise|Blastoisinite
|move|p2a: Pelipper|Hurricane|p1b: Sinistcha
|-supereffective|p1b: Sinistcha|1
|-damage|p1b: Sinistcha|9/100
|move|p1a: Blastoise|Shell Smash|p1a: Blastoise
|-unboost|p1a: Blastoise|def|1
|-unboost|p1a: Blastoise|spd|1
|-boost|p1a: Blastoise|atk|2
|-boost|p1a: Blastoise|spa|2
|-boost|p1a: Blastoise|spe|2
|move|p1b: Sinistcha|Imprison|p1b: Sinistcha
|-start|p1b: Sinistcha|move: Imprison
|cant|p2b: Sinistcha|move: Imprison|Matcha Gotcha
|
|-weather|RainDance|[upkeep]
|upkeep
|turn|2
|inactive|okes30 has 30 seconds left.
|inactive|okes30 has 20 seconds left.
|inactive|okes30 has 15 seconds left.
|
|t:|1784215891
|switch|p1b: Sneasler|Sneasler, L50, M|100/100
|move|p2b: Sinistcha|Protect|p2b: Sinistcha
|-singleturn|p2b: Sinistcha|Protect
|move|p1a: Blastoise|Water Spout|p2a: Pelipper|[spread] p2a
|-activate|p2b: Sinistcha|move: Protect
|-resisted|p2a: Pelipper|1
|-enditem|p2a: Pelipper|Focus Sash
|-damage|p2a: Pelipper|1/100
|move|p2a: Pelipper|Tailwind|p2a: Pelipper
|-sidestart|p2: C.blaze|move: Tailwind
|
|-weather|RainDance|[upkeep]
|upkeep
|turn|3
|inactive|okes30 has 30 seconds left.
|l|☆okes30
|inactive|okes30 disconnected and has a minute to reconnect!
|player|p1|
|inactive|C.blaze has 30 seconds left.
|inactive|okes30 has 20 seconds left.
|inactive|okes30 has 15 seconds left.
|j|☆okes30
|inactive|okes30 reconnected and has 15 seconds left.
|player|p1|okes30|1|
|inactive|okes30 has 10 seconds left.
|inactive|C.blaze has 20 seconds left.
|
|t:|1784215939
|switch|p2b: Kingambit|Kingambit, L50, F|100/100
|move|p2a: Pelipper|Protect|p2a: Pelipper
|-singleturn|p2a: Pelipper|Protect
|move|p1a: Blastoise|Water Spout|p2b: Kingambit|[spread] p2b
|-activate|p2a: Pelipper|move: Protect
|-damage|p2b: Kingambit|0 fnt
|faint|p2b: Kingambit
|move|p1b: Sneasler|Poison Jab|p2a: Pelipper
|-activate|p2a: Pelipper|move: Protect
|
|-weather|RainDance|[upkeep]
|upkeep
|
|t:|1784215942
|switch|p2b: Sinistcha|Sinistcha-Masterpiece, L50|100/100
|-heal|p2a: Pelipper|25/100|[from] ability: Hospitality|[of] p2b: Sinistcha
|turn|4
|
|t:|1784215948
|move|p2a: Pelipper|Hurricane|p1b: Sneasler
|-supereffective|p1b: Sneasler|1
|-enditem|p1b: Sneasler|Focus Sash
|-damage|p1b: Sneasler|1/100
|-start|p1b: Sneasler|confusion
|move|p1a: Blastoise|Water Spout|p2b: Sinistcha|[spread] p2a,p2b
|-resisted|p2a: Pelipper|1
|-resisted|p2b: Sinistcha|1
|-damage|p2a: Pelipper|0 fnt
|-damage|p2b: Sinistcha|0 fnt
|faint|p2a: Pelipper
|faint|p2b: Sinistcha
|-activate|p1b: Sneasler|confusion
|move|p1b: Sneasler|Poison Jab|p2: Pelipper|[notarget]
|-fail|p1b: Sneasler
|
|-weather|RainDance|[upkeep]
|upkeep
|
|t:|1784215952
|switch|p2b: Swampert|Swampert, L50, M|100/100
|turn|5
|
|t:|1784215974
|switch|p1b: Sinistcha|Sinistcha-Masterpiece, L50|9/100
|detailschange|p2b: Swampert|Swampert-Mega, L50, M
|-mega|p2b: Swampert|Swampert|Swampertite
|move|p1a: Blastoise|Protect|p1a: Blastoise
|-singleturn|p1a: Blastoise|Protect
|move|p2b: Swampert|High Horsepower|p1a: Blastoise
|-activate|p1a: Blastoise|move: Protect
|
|-weather|none
|-sideend|p2: C.blaze|move: Tailwind
|upkeep
|turn|6
|
|t:|1784215982
|move|p1b: Sinistcha|Rage Powder|p1b: Sinistcha
|-singleturn|p1b: Sinistcha|move: Rage Powder
|move|p1a: Blastoise|Water Spout|p2b: Swampert
|-damage|p2b: Swampert|0 fnt
|faint|p2b: Swampert
|
|win|okes30
||okes30 is ready for game 2.
||C.blaze is ready for game 2.
|uhtml|next|Next: Game 2 of 3
|l|☆okes30
|player|p1|
|j|☆okes30
|player|p1|okes30|1|
|l|☆okes30
|player|p1|
|j|☆okes30
|player|p1|okes30|1|
