|j|☆znivs
|j|☆lobitooooo
|html|znivslobitooooo    
|uhtml|bestof|Game 1 of a best-of-3
|t:|1784388241
|gametype|doubles
|player|p1|znivs|169|1118
|player|p2|lobitooooo|linebacker|1112
|gen|9
|tier|[Gen 9 Champions] VGC 2026 Reg M-B (Bo3)
|rated|
|rule|Species Clause: Limit one of each Pokémon
|rule|Item Clause: Limit 1 of each item
|clearpoke
|poke|p1|Venusaur, L50, F|
|poke|p1|Charizard, L50, M|
|poke|p1|Grimmsnarl, L50, M|
|poke|p1|Archaludon, L50, M|
|poke|p1|Basculegion, L50, M|
|poke|p1|Pelipper, L50, F|
|poke|p2|Incineroar, L50, M|
|poke|p2|Gengar, L50, F|
|poke|p2|Sneasler, L50, M|
|poke|p2|Kommo-o, L50, M|
|poke|p2|Sinistcha, L50|
|poke|p2|Blastoise, L50, M|
|teampreview|4
|showteam|p1|Venusaur||FocusSash|Chlorophyll|SludgeBomb,EarthPower,Protect,SleepPowder|Modest||F|||50|]Charizard||CharizarditeY|SolarPower|Protect,HeatWave,SolarBeam,WeatherBall|Modest||M|||50|]Grimmsnarl||LightClay|Prankster|SpiritBreak,Reflect,LightScreen,PartingShot|Sassy||M|||50|]Archaludon||Leftovers|Stamina|ElectroShot,Protect,FlashCannon,DragonPulse|Calm||M|||50|]Basculegion||ChoiceScarf|Adaptability|WaveCrash,LastRespects,AquaJet,FlipTurn|Jolly||M|||50|]Pelipper||SitrusBerry|Drizzle|WeatherBall,Hurricane,Tailwind,WideGuard|Modest||F|||50|
|showteam|p2|Incineroar||Charcoal|Intimidate|CloseCombat,FakeOut,FlareBlitz,PartingShot|Adamant||M|||50|]Gengar||Gengarite|CursedBody|Protect,PerishSong,Disable,ShadowBall|Timid||F|||50|]Sneasler||WhiteHerb|Unburden|FakeOut,DireClaw,CloseCombat,Protect|Jolly||M|||50|]Kommo-o||Leftovers|Soundproof|AuraSphere,Protect,ClangingScales,ClangorousSoul|Timid||M|||50|]Sinistcha||ColburBerry|Hospitality|LifeDew,MatchaGotcha,Protect,RagePowder|Serious|||||50|]Blastoise||Blastoisinite|RainDish|WaterSpout,ShellSmash,Protect,DarkPulse|Modest||M|||50|
|inactive|Battle timer is ON: inactive players will automatically lose when time's up. (requested by lobitooooo)
|inactive|znivs has 60 seconds left.
|inactive|znivs has 30 seconds left.
|
|t:|1784388329
|teamsize|p1|4
|teamsize|p2|4
|start
|switch|p1a: Grimmsnarl|Grimmsnarl, L50, M|100/100
|switch|p1b: Charizard|Charizard, L50, M|100/100
|switch|p2a: Incineroar|Incineroar, L50, M|100/100
|switch|p2b: Gengar|Gengar, L50, F|100/100
|-ability|p2a: Incineroar|Intimidate|boost
|-unboost|p1a: Grimmsnarl|atk|1
|-unboost|p1b: Charizard|atk|1
|turn|1
|
|t:|1784388343
|switch|p1b: Basculegion|Basculegion, L50, M|100/100
|detailschange|p2b: Gengar|Gengar-Mega, L50, F
|-mega|p2b: Gengar|Gengar|Gengarite
|move|p2a: Incineroar|Fake Out|p1b: Basculegion
|-immune|p1b: Basculegion
|move|p1a: Grimmsnarl|Light Screen|p1a: Grimmsnarl
|-sidestart|p1: znivs|move: Light Screen
|move|p2b: Gengar|Perish Song|p2b: Gengar
|-start|p1a: Grimmsnarl|perish3|[silent]
|-start|p1b: Basculegion|perish3|[silent]
|-start|p2a: Incineroar|perish3|[silent]
|-start|p2b: Gengar|perish3|[silent]
|-fieldactivate|move: Perish Song
|
|-start|p1b: Basculegion|perish3
|-start|p2b: Gengar|perish3
|-start|p2a: Incineroar|perish3
|-start|p1a: Grimmsnarl|perish3
|upkeep
|turn|2
|
|t:|1784388361
|move|p2b: Gengar|Protect|p2b: Gengar
|-singleturn|p2b: Gengar|Protect
|move|p1a: Grimmsnarl|Reflect|p1a: Grimmsnarl
|-sidestart|p1: znivs|Reflect
|move|p1b: Basculegion|Wave Crash|p2a: Incineroar
|-supereffective|p2a: Incineroar|1
|-damage|p2a: Incineroar|0 fnt
|faint|p2a: Incineroar
|-damage|p1b: Basculegion|65/100|[from] Recoil
|
|-start|p1b: Basculegion|perish2
|-start|p2b: Gengar|perish2
|-start|p1a: Grimmsnarl|perish2
|upkeep
|
|t:|1784388376
|switch|p2a: Kommo-o|Kommo-o, L50, M|100/100
|turn|3
|
|t:|1784388395
|switch|p1b: Venusaur|Venusaur, L50, F|100/100
|move|p2a: Kommo-o|Protect|p2a: Kommo-o
|-singleturn|p2a: Kommo-o|Protect
|move|p1a: Grimmsnarl|Parting Shot|p2a: Kommo-o
|-activate|p2a: Kommo-o|move: Protect
|move|p2b: Gengar|Disable||[still]
|-fail|p2b: Gengar
|
|-start|p2b: Gengar|perish1
|-start|p1a: Grimmsnarl|perish1
|upkeep
|turn|4
|
|t:|1784388416
|switch|p2b: Sneasler|Sneasler, L50, M|100/100
|move|p1a: Grimmsnarl|Parting Shot|p2a: Kommo-o
|-immune|p2a: Kommo-o|[from] ability: Soundproof
|move|p1b: Venusaur|Sleep Powder|p2b: Sneasler
|-status|p2b: Sneasler|slp|[from] move: Sleep Powder
|move|p2a: Kommo-o|Clangorous Soul|p2a: Kommo-o
|-boost|p2a: Kommo-o|atk|1
|-boost|p2a: Kommo-o|def|1
|-boost|p2a: Kommo-o|spa|1
|-boost|p2a: Kommo-o|spd|1
|-boost|p2a: Kommo-o|spe|1
|-damage|p2a: Kommo-o|67/100
|
|-heal|p2a: Kommo-o|73/100|[from] item: Leftovers
|-start|p1a: Grimmsnarl|perish0
|faint|p1a: Grimmsnarl
|upkeep
|
|t:|1784388425
|switch|p1a: Charizard|Charizard, L50, M|100/100
|turn|5
|
|t:|1784388439
|detailschange|p1a: Charizard|Charizard-Mega-Y, L50, M
|-mega|p1a: Charizard|Charizard|Charizardite Y
|-weather|SunnyDay|[from] ability: Drought|[of] p1a: Charizard
|cant|p2b: Sneasler|slp
|move|p1b: Venusaur|Sleep Powder|p2a: Kommo-o|[miss]
|-miss|p1b: Venusaur|p2a: Kommo-o
|move|p2a: Kommo-o|Clanging Scales|p1b: Venusaur|[spread] p1a,p1b
|-damage|p1a: Charizard|76/100
|-damage|p1b: Venusaur|68/100
|-unboost|p2a: Kommo-o|def|1
|move|p1a: Charizard|Weather Ball|p2b: Sneasler
|-damage|p2b: Sneasler|4/100 slp
|
|-weather|SunnyDay|[upkeep]
|-heal|p2a: Kommo-o|79/100|[from] item: Leftovers
|upkeep
|turn|6
|
|t:|1784388464
|move|p1b: Venusaur|Sleep Powder|p2a: Kommo-o
|-status|p2a: Kommo-o|slp|[from] move: Sleep Powder
|cant|p2a: Kommo-o|slp
|cant|p2b: Sneasler|slp
|move|p1a: Charizard|Heat Wave|p2b: Sneasler|[spread] p2a,p2b
|-resisted|p2a: Kommo-o|1
|-damage|p2a: Kommo-o|58/100 slp
|-damage|p2b: Sneasler|0 fnt
|faint|p2b: Sneasler
|
|-weather|SunnyDay|[upkeep]
|-heal|p2a: Kommo-o|64/100 slp|[from] item: Leftovers
|upkeep
|
|t:|1784388478
|switch|p2b: Gengar|Gengar-Mega, L50, F|100/100
|turn|7
|
|t:|1784388485
|move|p1b: Venusaur|Sleep Powder|p2b: Gengar
|-status|p2b: Gengar|slp|[from] move: Sleep Powder
|cant|p2b: Gengar|slp
|cant|p2a: Kommo-o|slp
|move|p1a: Charizard|Weather Ball|p2a: Kommo-o
|-resisted|p2a: Kommo-o|1
|-damage|p2a: Kommo-o|38/100 slp
|
|-weather|SunnyDay|[upkeep]
|-heal|p2a: Kommo-o|44/100 slp|[from] item: Leftovers
|upkeep
|turn|8
|
|t:|1784388501
|-curestatus|p2a: Kommo-o|slp|[msg]
|move|p2a: Kommo-o|Protect|p2a: Kommo-o
|-singleturn|p2a: Kommo-o|Protect
|move|p1b: Venusaur|Sludge Bomb|p2a: Kommo-o
|-activate|p2a: Kommo-o|move: Protect
|cant|p2b: Gengar|slp
|move|p1a: Charizard|Heat Wave|p2a: Kommo-o|[spread] p2b
|-activate|p2a: Kommo-o|move: Protect
|-damage|p2b: Gengar|25/100 slp
|
|-weather|SunnyDay|[upkeep]
|-heal|p2a: Kommo-o|50/100g|[from] item: Leftovers
|-sideend|p1: znivs|move: Light Screen
|upkeep
|turn|9
|
|t:|1784388519
|-curestatus|p2b: Gengar|slp|[msg]
|move|p2b: Gengar|Protect|p2b: Gengar
|-singleturn|p2b: Gengar|Protect
|move|p1b: Venusaur|Earth Power|p2b: Gengar
|-activate|p2b: Gengar|move: Protect
|move|p2a: Kommo-o|Clanging Scales|p1b: Venusaur|[spread] p1a,p1b
|-damage|p1a: Charizard|35/100
|-damage|p1b: Venusaur|22/100
|-unboost|p2a: Kommo-o|def|1
|move|p1a: Charizard|Weather Ball|p2a: Kommo-o
|-resisted|p2a: Kommo-o|1
|-damage|p2a: Kommo-o|25/100
|
|-weather|none
|-heal|p2a: Kommo-o|31/100|[from] item: Leftovers
|-sideend|p1: znivs|Reflect
|upkeep
|turn|10
|inactive|znivs has 30 seconds left.
|
|t:|1784388553
|move|p2b: Gengar|Shadow Ball|p1a: Charizard
|-damage|p1a: Charizard|0 fnt
|faint|p1a: Charizard
|move|p2a: Kommo-o|Clanging Scales|p1b: Venusaur
|-damage|p1b: Venusaur|0 fnt
|faint|p1b: Venusaur
|-unboost|p2a: Kommo-o|def|1
|
|-heal|p2a: Kommo-o|37/100|[from] item: Leftovers
|upkeep
|
|t:|1784388557
|switch|p1b: Basculegion|Basculegion, L50, M|65/100
|turn|11
|
|t:|1784388567
|move|p2b: Gengar|Protect|p2b: Gengar
|-singleturn|p2b: Gengar|Protect
|move|p2a: Kommo-o|Protect|p2a: Kommo-o
|-singleturn|p2a: Kommo-o|Protect
|move|p1b: Basculegion|Last Respects|p2b: Gengar
|-activate|p2b: Gengar|move: Protect
|
|-heal|p2a: Kommo-o|43/100|[from] item: Leftovers
|upkeep
|turn|12
|
|t:|1784388579
|move|p1b: Basculegion|Last Respects|p2b: Gengar
|-supereffective|p2b: Gengar|1
|-damage|p2b: Gengar|0 fnt
|faint|p2b: Gengar
|move|p2a: Kommo-o|Clanging Scales|p1b: Basculegion
|-damage|p1b: Basculegion|1/100
|-unboost|p2a: Kommo-o|def|1
|
|-heal|p2a: Kommo-o|49/100|[from] item: Leftovers
|upkeep
|turn|13
|
|t:|1784388590
|move|p2a: Kommo-o|Protect|p2a: Kommo-o
|-singleturn|p2a: Kommo-o|Protect
|move|p1b: Basculegion|Last Respects|p2a: Kommo-o
|-activate|p2a: Kommo-o|move: Protect
|
|-heal|p2a: Kommo-o|55/100|[from] item: Leftovers
|upkeep
|turn|14
|
|t:|1784388603
|move|p1b: Basculegion|Last Respects|p2a: Kommo-o
|-damage|p2a: Kommo-o|0 fnt
|faint|p2a: Kommo-o
|
|win|znivs
||znivs is ready for game 2.
||lobitooooo is ready for game 2.
|uhtml|next|Next: Game 2 of 3
|l|☆lobitooooo
|player|p2|
