|j|☆HelhiemFiend
|j|☆Mr.CooperCR
|html|HelhiemFiendMr.CooperCR    
|uhtml|bestof|Game 1 of a best-of-3
|t:|1756252138
|gametype|doubles
|player|p1|HelhiemFiend|169|1251
|player|p2|Mr.CooperCR|buck|1285
|gen|9
|tier|[Gen 9] VGC 2025 Reg H (Bo3)
|rated|
|rule|Species Clause: Limit one of each Pokémon
|rule|Item Clause: Limit 1 of each item
|clearpoke
|poke|p1|Dragapult, L50, M|
|poke|p1|Kingambit, L50, F|
|poke|p1|Rillaboom, L50, F|
|poke|p1|Glimmora, L50, F|
|poke|p1|Sneasler, L50, F|
|poke|p1|Zoroark-Hisui, L50, M|
|poke|p2|Indeedee, L50, M|
|poke|p2|Sneasler, L50, F|
|poke|p2|Greninja-*, L50, M|
|poke|p2|Sinistcha, L50|
|poke|p2|Archaludon, L50, M|
|poke|p2|Pelipper, L50, M|
|teampreview|4
|showteam|p1|Dragapult||ChoiceBand|ClearBody|DragonDarts,TeraBlast,PhantomForce,Uturn|||M|||50|,,,,,Ghost]Kingambit||SafetyGoggles|Defiant|KowtowCleave,SuckerPunch,SwordsDance,Protect|||F|||50|,,,,,Dark]Rillaboom||AssaultVest|GrassySurge|WoodHammer,GrassyGlide,FakeOut,Uturn|||F|||50|,,,,,Fire]Glimmora||LifeOrb|ToxicDebris|SludgeBomb,PowerGem,EarthPower,SpikyShield|||F|||50|,,,,,Grass]Sneasler||FocusSash|Unburden|DireClaw,CloseCombat,FakeOut,Protect|||F|||50|,,,,,Stellar]Zoroark-Hisui||ChoiceSpecs|Illusion|ShadowBall,HyperVoice,TeraBlast,Trick|||M|||50|,,,,,Fighting
|showteam|p2|Indeedee||FocusSash|PsychicSurge|ExpandingForce,TrickRoom,Imprison,Protect|||M|||50|,,,,,Psychic]Sneasler||PsychicSeed|Unburden|Protect,ThroatChop,CloseCombat,DireClaw|||F|||50|,,,,,Dark]Greninja||LoadedDice|Torrent|WaterShuriken,Haze,Protect,RainDance|||M|||50|,,,,,Ghost]Sinistcha||RockyHelmet|Hospitality|RagePowder,MatchaGotcha,LifeDew,TrickRoom||||||50|,,,,,Dark]Archaludon||AssaultVest|Stamina|ElectroShot,BodyPress,DracoMeteor,Snarl|||M|||50|,,,,,Bug]Pelipper||CovertCloak|Drizzle|Protect,WideGuard,WeatherBall,Hurricane|||M|||50|,,,,,Grass
|inactive|Battle timer is ON: inactive players will automatically lose when time's up. (requested by HelhiemFiend)
|
|t:|1756252180
|teamsize|p1|4
|teamsize|p2|4
|start
|switch|p1a: Gambling!|Sneasler, L50, F|100/100
|switch|p1b: Earhart|Dragapult, L50, M|100/100
|switch|p2a: Archaludon|Archaludon, L50, M|100/100
|switch|p2b: Sneasler|Sneasler, L50, F|100/100
|turn|1
|inactive|HelhiemFiend has 30 seconds left.
|inactive|Mr.CooperCR has 30 seconds left.
|inactive|Mr.CooperCR has 20 seconds left.
|inactive|Mr.CooperCR has 15 seconds left.
|
|t:|1756252221
|switch|p1b: Donkey Kong|Rillaboom, L50, F|100/100
|-fieldstart|move: Grassy Terrain|[from] ability: Grassy Surge|[of] p1b: Donkey Kong
|switch|p2b: Indeedee|Indeedee, L50, M|100/100
|-fieldstart|move: Psychic Terrain|[from] ability: Psychic Surge|[of] p2b: Indeedee
|-terastallize|p2a: Archaludon|Bug
|move|p1a: Gambling!|Dire Claw|p2b: Indeedee
|-damage|p2b: Indeedee|18/100
|-status|p2b: Indeedee|par
|move|p2a: Archaludon|Snarl|p1b: Donkey Kong|[spread] p1a,p1b
|-resisted|p1a: Gambling!
|-damage|p1a: Gambling!|92/100
|-damage|p1b: Donkey Kong|90/100
|-unboost|p1a: Gambling!|spa|1
|-unboost|p1b: Donkey Kong|spa|1
|
|upkeep
|turn|2
|inactive|HelhiemFiend has 30 seconds left.
|inactive|Mr.CooperCR has 30 seconds left.
|
|t:|1756252249
|switch|p1a: GOATmora|Glimmora, L50, F|100/100
|move|p1b: Donkey Kong|U-turn|p2b: Indeedee
|-supereffective|p2b: Indeedee
|-damage|p2b: Indeedee|0 fnt
|faint|p2b: Indeedee
|
|t:|1756252256
|switch|p1b: Gambling!|Sneasler, L50, F|92/100|[from] U-turn
|move|p2a: Archaludon|Body Press|p1a: GOATmora
|-damage|p1a: GOATmora|77/100
|-activate|p1a: GOATmora|ability: Toxic Debris
|-sidestart|p2: Mr.CooperCR|move: Toxic Spikes
|
|upkeep
|
|t:|1756252262
|switch|p2b: Pelipper|Pelipper, L50, M|100/100
|-weather|RainDance|[from] ability: Drizzle|[of] p2b: Pelipper
|turn|3
|
|t:|1756252286
|switch|p1b: Donkey Kong|Rillaboom, L50, F|90/100
|-fieldstart|move: Grassy Terrain|[from] ability: Grassy Surge|[of] p1b: Donkey Kong
|move|p2b: Pelipper|Protect|p2b: Pelipper
|-singleturn|p2b: Pelipper|Protect
|move|p1a: GOATmora|Power Gem|p2b: Pelipper
|-activate|p2b: Pelipper|move: Protect
|move|p2a: Archaludon|Electro Shot||[still]
|-prepare|p2a: Archaludon|Electro Shot
|-boost|p2a: Archaludon|spa|1
|-anim|p2a: Archaludon|Electro Shot|p1b: Donkey Kong
|-resisted|p1b: Donkey Kong
|-damage|p1b: Donkey Kong|66/100
|
|-weather|RainDance|[upkeep]
|-heal|p1b: Donkey Kong|72/100|[from] Grassy Terrain
|-heal|p1a: GOATmora|83/100|[from] Grassy Terrain
|upkeep
|turn|4
|inactive|HelhiemFiend has 30 seconds left.
|
|t:|1756252313
|move|p1b: Donkey Kong|U-turn|p2b: Pelipper
|-resisted|p2b: Pelipper
|-damage|p2b: Pelipper|90/100
|
|t:|1756252320
|switch|p1b: Earhart|Dragapult, L50, M|100/100|[from] U-turn
|move|p1a: GOATmora|Power Gem|p2b: Pelipper
|-supereffective|p2b: Pelipper
|-damage|p2b: Pelipper|0 fnt
|faint|p2b: Pelipper
|-damage|p1a: GOATmora|73/100|[from] item: Life Orb
|move|p2a: Archaludon|Electro Shot||[still]
|-prepare|p2a: Archaludon|Electro Shot
|-boost|p2a: Archaludon|spa|1
|-anim|p2a: Archaludon|Electro Shot|p1a: GOATmora
|-damage|p1a: GOATmora|0 fnt
|faint|p1a: GOATmora
|
|-weather|RainDance|[upkeep]
|upkeep
|
|t:|1756252341
|switch|p1a: Donkey Kong|Rillaboom, L50, F|72/100
|switch|p2b: Sneasler|Sneasler, L50, F|100/100
|-sideend|p2: Mr.CooperCR|move: Toxic Spikes|[of] p2b: Sneasler
|turn|5
|
|t:|1756252352
|-terastallize|p1b: Earhart|Ghost
|move|p2b: Sneasler|Protect|p2b: Sneasler
|-singleturn|p2b: Sneasler|Protect
|move|p1a: Donkey Kong|Fake Out|p2b: Sneasler
|-activate|p2b: Sneasler|move: Protect
|move|p1b: Earhart|Tera Blast|p2a: Archaludon|[anim] Tera Blast Ghost
|-damage|p2a: Archaludon|44/100
|-ability|p2a: Archaludon|Stamina|boost
|-boost|p2a: Archaludon|def|1
|move|p2a: Archaludon|Electro Shot||[still]
|-prepare|p2a: Archaludon|Electro Shot
|-boost|p2a: Archaludon|spa|1
|-anim|p2a: Archaludon|Electro Shot|p1b: Earhart
|-damage|p1b: Earhart|0 fnt
|faint|p1b: Earhart
|
|-weather|RainDance|[upkeep]
|-heal|p1a: Donkey Kong|78/100|[from] Grassy Terrain
|-heal|p2a: Archaludon|50/100|[from] Grassy Terrain
|upkeep
|
|t:|1756252367
|switch|p1b: Gambling!|Sneasler, L50, F|92/100
|turn|6
|inactive|HelhiemFiend has 30 seconds left.
|
|t:|1756252393
|move|p1a: Donkey Kong|Grassy Glide|p2b: Sneasler
|-resisted|p2b: Sneasler
|-damage|p2b: Sneasler|69/100
|move|p1b: Gambling!|Dire Claw|p2a: Archaludon
|-damage|p2a: Archaludon|28/100
|-ability|p2a: Archaludon|Stamina|boost
|-boost|p2a: Archaludon|def|1
|move|p2b: Sneasler|Dire Claw|p1a: Donkey Kong
|-supereffective|p1a: Donkey Kong
|-damage|p1a: Donkey Kong|0 fnt
|faint|p1a: Donkey Kong
|move|p2a: Archaludon|Electro Shot||[still]
|-prepare|p2a: Archaludon|Electro Shot
|-boost|p2a: Archaludon|spa|1
|-anim|p2a: Archaludon|Electro Shot|p1b: Gambling!
|-damage|p1b: Gambling!|0 fnt
|faint|p1b: Gambling!
|
|win|Mr.CooperCR
|inactive|HelhiemFiend has 30 seconds to confirm battle start!
|inactive|Mr.CooperCR has 30 seconds to confirm battle start!
||HelhiemFiend is ready for game 2.
||Mr.CooperCR is ready for game 2.
|uhtml|next|Next: Game 2 of 3
|l|☆HelhiemFiend
|player|p1|
