|j|☆ApostrofoRosaVGC
|j|☆Mirthinion
|html|ApostrofoRosaVGCMirthinion    
|uhtml|bestof|Game 2 of a best-of-3
|t:|1755542314
|gametype|doubles
|player|p1|ApostrofoRosaVGC|170|1142
|player|p2|Mirthinion|veteran|1229
|gen|9
|tier|[Gen 9] VGC 2025 Reg H (Bo3)
|rated|
|rule|Species Clause: Limit one of each Pokémon
|rule|Item Clause: Limit 1 of each item
|clearpoke
|poke|p1|Gholdengo, L50|
|poke|p1|Samurott-Hisui, L50, M|
|poke|p1|Sneasler, L50, M|
|poke|p1|Archaludon, L50, M|
|poke|p1|Maushold-Four, L50|
|poke|p1|Murkrow, L50, M|
|poke|p2|Incineroar, L50, M|
|poke|p2|Ursaluna, L50, M|
|poke|p2|Gholdengo, L50|
|poke|p2|Porygon2, L50|
|poke|p2|Typhlosion-Hisui, L50, F|
|poke|p2|Dachsbun, L50, F|
|teampreview|4
|showteam|p1|Gholdengo||LifeOrb|GoodasGold|MakeItRain,ShadowBall,NastyPlot,Protect||||||50|,,,,,Dragon]Samurott-Hisui||ClearAmulet|Sharpness|AquaCutter,KnockOff,SacredSword,Protect|||M|||50|,,,,,Poison]Sneasler||FocusSash|Unburden|CloseCombat,DireClaw,FakeOut,Coaching|||M|||50|,,,,,Ghost]Archaludon||AssaultVest|Stamina|FlashCannon,DracoMeteor,ElectroShot,BodyPress|||M|||50|,,,,,Grass]Maushold-Four||WideLens|Technician|PopulationBomb,Taunt,FollowMe,Protect||||||50|,,,,,Ghost]Murkrow||Eviolite|Prankster|FoulPlay,Tailwind,Haze,RainDance|||M|||50|,,,,,Ghost
|showteam|p2|Incineroar||SafetyGoggles|Intimidate|FakeOut,PartingShot,KnockOff,Roar|||M|||50|,,,,,Bug]Ursaluna||FlameOrb|Guts|Protect,Facade,HeadlongRush,Earthquake|||M|||50|,,,,,Ghost]Gholdengo||LifeOrb|GoodasGold|MakeItRain,Protect,ShadowBall,NastyPlot||||||50|,,,,,Dragon]Porygon2||Eviolite|Download|TeraBlast,TrickRoom,Recover,IceBeam||||||50|,,,,,Fighting]Typhlosion-Hisui||ChoiceScarf|Blaze|LavaPlume,Eruption,ShadowBall,WillOWisp|||F|||50|,,,,,Fire]Dachsbun||Leftovers|WellBakedBody|Protect,Snarl,BodyPress,Endeavor|||F|||50|,,,,,Steel
|inactive|Battle timer is ON: inactive players will automatically lose when time's up. (requested by Mirthinion)
|
|t:|1755542342
|teamsize|p1|4
|teamsize|p2|4
|start
|switch|p1a: Sneasler|Sneasler, L50, M|100/100
|switch|p1b: Samurott|Samurott-Hisui, L50, M|100/100
|switch|p2a: Porygon2|Porygon2, L50|100/100
|switch|p2b: Incineroar|Incineroar, L50, M|100/100
|-ability|p2a: Porygon2|Download|boost
|-boost|p2a: Porygon2|atk|1
|-ability|p2b: Incineroar|Intimidate|boost
|-unboost|p1a: Sneasler|atk|1
|-fail|p1b: Samurott|unboost|[from] item: Clear Amulet|[of] p1b: Samurott
|turn|1
|inactive|ApostrofoRosaVGC has 30 seconds left.
|inactive|Mirthinion has 30 seconds left.
|
|t:|1755542372
|switch|p1a: Gholdengo|Gholdengo, L50|100/100
|switch|p2a: Gholdengo|Gholdengo, L50|100/100
|move|p2b: Incineroar|Fake Out|p1b: Samurott
|-damage|p1b: Samurott|88/100
|cant|p1b: Samurott|flinch
|
|upkeep
|turn|2
|j| roni57
|
|t:|1755542395
|-terastallize|p2a: Gholdengo|Dragon
|move|p2a: Gholdengo|Make It Rain|p1a: Gholdengo|[spread] p1a,p1b
|-resisted|p1a: Gholdengo
|-resisted|p1b: Samurott
|-damage|p1a: Gholdengo|66/100
|-damage|p1b: Samurott|53/100
|-unboost|p2a: Gholdengo|spa|1
|-damage|p2a: Gholdengo|91/100|[from] item: Life Orb
|move|p1a: Gholdengo|Nasty Plot|p1a: Gholdengo
|-boost|p1a: Gholdengo|spa|2
|move|p1b: Samurott|Aqua Cutter|p2b: Incineroar
|-supereffective|p2b: Incineroar
|-damage|p2b: Incineroar|11/100
|move|p2b: Incineroar|Knock Off|p1a: Gholdengo
|-supereffective|p1a: Gholdengo
|-damage|p1a: Gholdengo|0 fnt
|-enditem|p1a: Gholdengo|Life Orb|[from] move: Knock Off|[of] p2b: Incineroar
|faint|p1a: Gholdengo
|
|upkeep
|
|t:|1755542415
|switch|p1a: Maushold|Maushold-Four, L50|100/100
|turn|3
|
|t:|1755542429
|switch|p2b: Porygon2|Porygon2, L50|100/100
|-ability|p2b: Porygon2|Download|boost
|-boost|p2b: Porygon2|atk|1
|move|p2a: Gholdengo|Protect|p2a: Gholdengo
|-singleturn|p2a: Gholdengo|Protect
|move|p1a: Maushold|Population Bomb|p2a: Gholdengo
|-activate|p2a: Gholdengo|move: Protect
|move|p1b: Samurott|Knock Off|p2b: Porygon2
|-damage|p2b: Porygon2|69/100
|-enditem|p2b: Porygon2|Eviolite|[from] move: Knock Off|[of] p1b: Samurott
|
|upkeep
|turn|4
|inactive|ApostrofoRosaVGC has 30 seconds left.
|inactive|Mirthinion has 30 seconds left.
|inactive|ApostrofoRosaVGC has 20 seconds left.
|
|t:|1755542465
|switch|p2b: Incineroar|Incineroar, L50, M|11/100
|-ability|p2b: Incineroar|Intimidate|boost
|-unboost|p1a: Maushold|atk|1
|-fail|p1b: Samurott|unboost|[from] item: Clear Amulet|[of] p1b: Samurott
|move|p1a: Maushold|Population Bomb|p2b: Incineroar
|-damage|p2b: Incineroar|5/100
|-damage|p2b: Incineroar|0 fnt
|faint|p2b: Incineroar
|-hitcount|p2: Incineroar|2
|move|p2a: Gholdengo|Make It Rain|p1a: Maushold|[spread] p1a,p1b
|-resisted|p1b: Samurott
|-damage|p1a: Maushold|40/100
|-damage|p1b: Samurott|27/100
|-unboost|p2a: Gholdengo|spa|1
|-damage|p2a: Gholdengo|81/100|[from] item: Life Orb
|move|p1b: Samurott|Knock Off|p2a: Gholdengo
|-damage|p2a: Gholdengo|28/100
|-enditem|p2a: Gholdengo|Life Orb|[from] move: Knock Off|[of] p1b: Samurott
|
|upkeep
|
|t:|1755542487
|switch|p2b: Ursaluna|Ursaluna, L50, M|100/100
|turn|5
|
|t:|1755542499
|switch|p2a: Porygon2|Porygon2, L50|69/100
|-ability|p2a: Porygon2|Download|boost
|-boost|p2a: Porygon2|atk|1
|move|p1a: Maushold|Population Bomb|p2a: Porygon2
|-damage|p2a: Porygon2|61/100
|-damage|p2a: Porygon2|55/100
|-damage|p2a: Porygon2|46/100
|-damage|p2a: Porygon2|39/100
|-damage|p2a: Porygon2|32/100
|-damage|p2a: Porygon2|25/100
|-damage|p2a: Porygon2|18/100
|-damage|p2a: Porygon2|10/100
|-damage|p2a: Porygon2|3/100
|-damage|p2a: Porygon2|0 fnt
|faint|p2a: Porygon2
|-hitcount|p2: Porygon2|10
|move|p1b: Samurott|Aqua Cutter|p2b: Ursaluna
|-supereffective|p2b: Ursaluna
|-crit|p2b: Ursaluna
|-damage|p2b: Ursaluna|0 fnt
|faint|p2b: Ursaluna
|
|upkeep
|
|t:|1755542521
|switch|p2a: Gholdengo|Gholdengo, L50, tera:Dragon|28/100
|turn|6
|
|t:|1755542526
|move|p1a: Maushold|Population Bomb|p2a: Gholdengo
|-damage|p2a: Gholdengo|19/100
|-damage|p2a: Gholdengo|10/100
|-damage|p2a: Gholdengo|1/100
|-damage|p2a: Gholdengo|0 fnt
|faint|p2a: Gholdengo
|-hitcount|p2: Gholdengo|4
|
|win|ApostrofoRosaVGC
|raw|ApostrofoRosaVGC's rating: 1142 → 1173(+31 for winning)
|raw|Mirthinion's rating: 1229 → 1198(-31 for losing)
