|j|☆muffanzo
|j|☆Sedrav
|html|muffanzoSedrav    
|uhtml|bestof|Game 1 of a best-of-3
|t:|1756940472
|gametype|doubles
|player|p1|muffanzo|youngcouple-gen4dp|1102
|player|p2|Sedrav|265|1159
|gen|9
|tier|[Gen 9] VGC 2025 Reg H (Bo3)
|rated|
|rule|Species Clause: Limit one of each Pokémon
|rule|Item Clause: Limit 1 of each item
|clearpoke
|poke|p1|Pelipper, L50, F|
|poke|p1|Archaludon, L50, F|
|poke|p1|Farigiraf, L50, M|
|poke|p1|Amoonguss, L50, M|
|poke|p1|Ursaluna, L50, M|
|poke|p1|Kingambit, L50, F|
|poke|p2|Garchomp, L50, M|
|poke|p2|Talonflame, L50, M|
|poke|p2|Gholdengo, L50|
|poke|p2|Tyranitar, L50, F|
|poke|p2|Amoonguss, L50, F|
|poke|p2|Milotic, L50, M|
|teampreview|4
|showteam|p1|Pelipper||DampRock|Drizzle|Hurricane,WideGuard,WeatherBall,HelpingHand|||F|||50|,,,,,Ghost]Archaludon||AssaultVest|Stamina|ElectroShot,FlashCannon,DracoMeteor,BodyPress|||F|||50|,,,,,Grass]Farigiraf||ThroatSpray|ArmorTail|TrickRoom,DazzlingGleam,HyperVoice,Psychic|||M|||50|,,,,,Fairy]Amoonguss||RockyHelmet|Regenerator|PollenPuff,RagePowder,Spore,SludgeBomb|||M|||50|,,,,,Dark]Ursaluna||FlameOrb|Guts|Facade,HighHorsepower,Protect,Earthquake|||M|||50|,,,,,Bug]Kingambit||SafetyGoggles|Defiant|IronHead,KowtowCleave,SuckerPunch,SwordsDance|||F|||50|,,,,,Ghost
|showteam|p2|Garchomp||LifeOrb|RoughSkin|DragonClaw,StompingTantrum,Earthquake,Protect|||M|||50|,,,,,Fairy]Talonflame||CovertCloak|GaleWings|BraveBird,Tailwind,WillOWisp,Taunt|||M|||50|,,,,,Grass]Gholdengo||MetalCoat|GoodasGold|MakeItRain,ShadowBall,NastyPlot,Protect||||||50|,,,,,Flying]Tyranitar||AssaultVest|SandStream|RockSlide,KnockOff,LowKick,TeraBlast|||F|||50|,,,,,Flying]Amoonguss||SitrusBerry|Regenerator|Spore,RagePowder,PollenPuff,Protect|||F|||50|,,,,,Water]Milotic||SafetyGoggles|Competitive|Scald,IcyWind,Haze,Protect|||M|||50|,,,,,Dragon
|inactive|Battle timer is ON: inactive players will automatically lose when time's up. (requested by Sedrav)
|inactive|muffanzo has 60 seconds left.
|
|t:|1756940512
|teamsize|p1|4
|teamsize|p2|4
|start
|switch|p1a: Farigiraf|Farigiraf, L50, M|100/100
|switch|p1b: Amoonguss|Amoonguss, L50, M|100/100
|switch|p2a: Tyranitar|Tyranitar, L50, F|100/100
|switch|p2b: Talonflame|Talonflame, L50, M|100/100
|-weather|Sandstorm|[from] ability: Sand Stream|[of] p2a: Tyranitar
|turn|1
|inactive|muffanzo has 30 seconds left.
|inactive|Sedrav has 30 seconds left.
|
|t:|1756940546
|move|p2b: Talonflame|Taunt|p1a: Farigiraf
|-start|p1a: Farigiraf|move: Taunt
|move|p2a: Tyranitar|Low Kick|p1b: Amoonguss
|-resisted|p1b: Amoonguss
|-damage|p1b: Amoonguss|92/100
|-damage|p2a: Tyranitar|84/100|[from] item: Rocky Helmet|[of] p1b: Amoonguss
|move|p1b: Amoonguss|Spore|p2a: Tyranitar
|-status|p2a: Tyranitar|slp|[from] move: Spore
|cant|p1a: Farigiraf|move: Taunt|Trick Room
|
|-weather|Sandstorm|[upkeep]
|-damage|p2b: Talonflame|95/100|[from] Sandstorm
|-damage|p1a: Farigiraf|94/100|[from] Sandstorm
|-damage|p1b: Amoonguss|86/100|[from] Sandstorm
|upkeep
|turn|2
|inactive|muffanzo has 30 seconds left.
|
|t:|1756940576
|move|p2b: Talonflame|Taunt|p1b: Amoonguss
|-start|p1b: Amoonguss|move: Taunt
|cant|p2a: Tyranitar|slp
|move|p1a: Farigiraf|Hyper Voice|p2a: Tyranitar|[spread] p2a,p2b
|-resisted|p2a: Tyranitar
|-damage|p2a: Tyranitar|77/100 slp
|-damage|p2b: Talonflame|41/100
|-enditem|p1a: Farigiraf|Throat Spray
|-boost|p1a: Farigiraf|spa|1|[from] item: Throat Spray
|cant|p1b: Amoonguss|move: Taunt|Spore
|
|-weather|Sandstorm|[upkeep]
|-damage|p2b: Talonflame|36/100|[from] Sandstorm
|-damage|p1a: Farigiraf|88/100|[from] Sandstorm
|-damage|p1b: Amoonguss|81/100|[from] Sandstorm
|upkeep
|turn|3
|inactive|muffanzo has 30 seconds left.
|
|t:|1756940602
|move|p2b: Talonflame|Brave Bird|p1b: Amoonguss
|-supereffective|p1b: Amoonguss
|-damage|p1b: Amoonguss|0 fnt
|-damage|p2b: Talonflame|19/100|[from] item: Rocky Helmet|[of] p1b: Amoonguss
|faint|p1b: Amoonguss
|-damage|p2b: Talonflame|0 fnt|[from] Recoil
|faint|p2b: Talonflame
|-curestatus|p2a: Tyranitar|slp|[msg]
|move|p2a: Tyranitar|Knock Off|p1a: Farigiraf
|-supereffective|p1a: Farigiraf
|-damage|p1a: Farigiraf|14/100
|move|p1a: Farigiraf|Hyper Voice|p2a: Tyranitar
|-resisted|p2a: Tyranitar
|-damage|p2a: Tyranitar|64/100
|
|-weather|Sandstorm|[upkeep]
|-damage|p1a: Farigiraf|8/100|[from] Sandstorm
|-end|p1a: Farigiraf|move: Taunt
|upkeep
|
|t:|1756940624
|switch|p2b: Garchomp|Garchomp, L50, M|100/100
|switch|p1b: Pelipper|Pelipper, L50, F|100/100
|-weather|RainDance|[from] ability: Drizzle|[of] p1b: Pelipper
|turn|4
|inactive|muffanzo has 30 seconds left.
|inactive|Sedrav has 30 seconds left.
|
|t:|1756940653
|-terastallize|p2a: Tyranitar|Flying
|move|p1b: Pelipper|Wide Guard|p1b: Pelipper
|-singleturn|p1b: Pelipper|Wide Guard
|move|p2b: Garchomp|Dragon Claw|p1b: Pelipper
|-crit|p1b: Pelipper
|-damage|p1b: Pelipper|4/100
|-damage|p2b: Garchomp|91/100|[from] item: Life Orb
|move|p2a: Tyranitar|Knock Off|p1b: Pelipper
|-damage|p1b: Pelipper|0 fnt
|-enditem|p1b: Pelipper|Damp Rock|[from] move: Knock Off|[of] p2a: Tyranitar
|faint|p1b: Pelipper
|move|p1a: Farigiraf|Trick Room|p1a: Farigiraf
|-fieldstart|move: Trick Room|[of] p1a: Farigiraf
|
|-weather|RainDance|[upkeep]
|upkeep
|
|t:|1756940669
|switch|p1b: Kingambit|Kingambit, L50, F|100/100
|turn|5
|
|t:|1756940690
|-terastallize|p1a: Farigiraf|Fairy
|move|p1b: Kingambit|Kowtow Cleave|p2a: Tyranitar
|-damage|p2a: Tyranitar|26/100
|move|p1a: Farigiraf|Dazzling Gleam|p2a: Tyranitar|[spread] p2a,p2b
|-supereffective|p2b: Garchomp
|-damage|p2a: Tyranitar|1/100
|-damage|p2b: Garchomp|0 fnt
|faint|p2b: Garchomp
|move|p2a: Tyranitar|Knock Off|p1b: Kingambit
|-resisted|p1b: Kingambit
|-damage|p1b: Kingambit|81/100
|-enditem|p1b: Kingambit|Safety Goggles|[from] move: Knock Off|[of] p2a: Tyranitar
|
|-weather|RainDance|[upkeep]
|upkeep
|
|t:|1756940704
|switch|p2b: Gholdengo|Gholdengo, L50|100/100
|turn|6
|
|t:|1756940715
|move|p1b: Kingambit|Kowtow Cleave|p2b: Gholdengo
|-supereffective|p2b: Gholdengo
|-damage|p2b: Gholdengo|0 fnt
|faint|p2b: Gholdengo
|move|p1a: Farigiraf|Dazzling Gleam|p2a: Tyranitar
|-damage|p2a: Tyranitar|0 fnt
|faint|p2a: Tyranitar
|
|win|muffanzo
