|j|☆Fem boi Cardi
|j|☆Skyline67
|html|Fem boi CardiSkyline67    
|uhtml|bestof|Game 1 of a best-of-3
|t:|1756219271
|gametype|doubles
|player|p1|Fem boi Cardi|nurse|1227
|player|p2|Skyline67|cynthia|1157
|gen|9
|tier|[Gen 9] VGC 2025 Reg H (Bo3)
|rated|
|rule|Species Clause: Limit one of each Pokémon
|rule|Item Clause: Limit 1 of each item
|clearpoke
|poke|p1|Brambleghast, L50, F|
|poke|p1|Whimsicott, L50, M|
|poke|p1|Volcarona, L50, M|
|poke|p1|Glimmora, L50, F|
|poke|p1|Ursaluna-Bloodmoon, L50, M|
|poke|p1|Farigiraf, L50, F|
|poke|p2|Volcarona, L50, M|
|poke|p2|Rillaboom, L50, F|
|poke|p2|Kingambit, L50, M|
|poke|p2|Electabuzz, L50, M|
|poke|p2|Dragonite, L50, M|
|poke|p2|Sneasler, L50, M|
|teampreview|4
|showteam|p1|Brambleghast||FocusSash|WindRider|Poltergeist,ShadowSneak,PowerWhip,StrengthSap|||F|||50|,,,,,Ghost]Whimsicott||CovertCloak|Prankster|Tailwind,CottonSpore,Moonblast,SunnyDay|||M|||50|,,,,,Dark]Volcarona||ChoiceSpecs|FlameBody|HeatWave,StruggleBug,Overheat,BugBuzz|||M|||50|,,,,,Ghost]Glimmora||PowerHerb|ToxicDebris|MeteorBeam,SludgeBomb,MortalSpin,SpikyShield|||F|||50|,,,,,Grass]Ursaluna-Bloodmoon||LifeOrb|MindsEye|BloodMoon,HyperVoice,EarthPower,Protect|||M|||50|,,,,,Normal]Farigiraf||RockyHelmet|ArmorTail|TeraBlast,TrickRoom,HelpingHand,Psychic|||F|||50|,,,,,Fighting
|showteam|p2|Volcarona||CovertCloak|FlameBody|QuiverDance,HeatWave,TeraBlast,Protect|||M|||50|,,,,,Fairy]Rillaboom||AssaultVest|GrassySurge|FakeOut,DrumBeating,GrassyGlide,HighHorsepower|||F|||50|,,,,,Fire]Kingambit||BlackGlasses|Defiant|KowtowCleave,SuckerPunch,Protect,SwordsDance|||M|||50|,,,,,Dark]Electabuzz||Eviolite|VitalSpirit|FollowMe,Thunderbolt,Protect,Taunt|||M|||50|,,,,,Ghost]Dragonite||LoadedDice|Multiscale|ScaleShot,Haze,LowKick,Protect|||M|||50|,,,,,Steel]Sneasler||FocusSash|Unburden|CloseCombat,Coaching,Protect,DireClaw|||M|||50|,,,,,Stellar
|inactive|Battle timer is ON: inactive players will automatically lose when time's up. (requested by Fem boi Cardi)
|inactive|Fem boi Cardi has 60 seconds left.
|inactive|Skyline67 has 60 seconds left.
|inactive|Skyline67 has 30 seconds left.
|inactive|Skyline67 has 20 seconds left.
|inactive|Skyline67 has 15 seconds left.
|inactive|Skyline67 has 10 seconds left.
|
|t:|1756219356
|teamsize|p1|4
|teamsize|p2|4
|start
|switch|p1a: Whimsicott|Whimsicott, L50, M|100/100
|switch|p1b: Volcarona|Volcarona, L50, M|100/100
|switch|p2a: Escanor|Volcarona, L50, M, shiny|100/100
|switch|p2b: Rillaboom|Rillaboom, L50, F|100/100
|-fieldstart|move: Grassy Terrain|[from] ability: Grassy Surge|[of] p2b: Rillaboom
|turn|1
|inactive|Skyline67 has 30 seconds left.
|inactive|Skyline67 has 20 seconds left.
|
|t:|1756219393
|switch|p2b: Electabuzz|Electabuzz, L50, M|100/100
|move|p1a: Whimsicott|Tailwind|p1a: Whimsicott
|-sidestart|p1: Fem boi Cardi|move: Tailwind
|move|p1b: Volcarona|Heat Wave|p2a: Escanor|[spread] p2b
|-miss|p1b: Volcarona|p2a: Escanor
|-damage|p2b: Electabuzz|59/100
|move|p2a: Escanor|Quiver Dance|p2a: Escanor
|-boost|p2a: Escanor|spa|1
|-boost|p2a: Escanor|spd|1
|-boost|p2a: Escanor|spe|1
|
|-heal|p2b: Electabuzz|64/100|[from] Grassy Terrain
|upkeep
|turn|2
|
|t:|1756219414
|move|p2a: Escanor|Protect|p2a: Escanor
|-singleturn|p2a: Escanor|Protect
|move|p1a: Whimsicott|Cotton Spore|p2a: Escanor|[spread] p2b
|-activate|p2a: Escanor|move: Protect
|-unboost|p2b: Electabuzz|spe|2
|move|p1b: Volcarona|Heat Wave|p2b: Electabuzz|[spread] p2b
|-activate|p2a: Escanor|move: Protect
|-damage|p2b: Electabuzz|22/100
|move|p2b: Electabuzz|Taunt|p1a: Whimsicott
|-start|p1a: Whimsicott|move: Taunt
|
|-heal|p2b: Electabuzz|28/100|[from] Grassy Terrain
|upkeep
|turn|3
|
|t:|1756219435
|switch|p1a: Brambleghast|Brambleghast, L50, F|100/100
|-ability|p1a: Brambleghast|Wind Rider|boost
|-boost|p1a: Brambleghast|atk|1
|move|p2b: Electabuzz|Protect|p2b: Electabuzz
|-singleturn|p2b: Electabuzz|Protect
|move|p1b: Volcarona|Heat Wave|p2b: Electabuzz|[spread] p2a
|-activate|p2b: Electabuzz|move: Protect
|-damage|p2a: Escanor|65/100
|move|p2a: Escanor|Heat Wave|p1b: Volcarona|[spread] p1b
|-ability|p1a: Brambleghast|Wind Rider|boost
|-boost|p1a: Brambleghast|atk|1
|-damage|p1b: Volcarona|44/100
|
|-heal|p1b: Volcarona|50/100|[from] Grassy Terrain
|-heal|p2a: Escanor|71/100|[from] Grassy Terrain
|-heal|p2b: Electabuzz|34/100|[from] Grassy Terrain
|upkeep
|turn|4
|inactive|Skyline67 has 30 seconds left.
|
|t:|1756219461
|move|p2b: Electabuzz|Follow Me|p2b: Electabuzz
|-singleturn|p2b: Electabuzz|move: Follow Me
|move|p1b: Volcarona|Heat Wave|p2b: Electabuzz|[spread] p2a,p2b
|-damage|p2a: Escanor|34/100
|-damage|p2b: Electabuzz|0 fnt
|faint|p2b: Electabuzz
|move|p1a: Brambleghast|Poltergeist|p2a: Escanor
|-activate|p2a: Escanor|move: Poltergeist|Covert Cloak
|-damage|p2a: Escanor|0 fnt
|faint|p2a: Escanor
|
|-heal|p1b: Volcarona|57/100|[from] Grassy Terrain
|-sideend|p1: Fem boi Cardi|move: Tailwind
|upkeep
|
|t:|1756219472
|switch|p2a: Rillaboom|Rillaboom, L50, F|100/100
|switch|p2b: Sneasler|Sneasler, L50, M|100/100
|turn|5
|
|t:|1756219490
|-terastallize|p1b: Volcarona|Ghost
|-terastallize|p2a: Rillaboom|Fire
|move|p2a: Rillaboom|Fake Out|p1b: Volcarona
|-immune|p1b: Volcarona
|move|p2b: Sneasler|Dire Claw|p1a: Brambleghast
|-damage|p1a: Brambleghast|24/100
|-status|p1a: Brambleghast|par
|move|p1b: Volcarona|Heat Wave|p2a: Rillaboom|[spread] p2a,p2b
|-resisted|p2a: Rillaboom
|-damage|p2a: Rillaboom|80/100
|-damage|p2b: Sneasler|25/100
|cant|p1a: Brambleghast|par
|
|-heal|p2b: Sneasler|31/100|[from] Grassy Terrain
|-heal|p1b: Volcarona|63/100|[from] Grassy Terrain
|-heal|p2a: Rillaboom|86/100|[from] Grassy Terrain
|-heal|p1a: Brambleghast|30/100 par|[from] Grassy Terrain
|-fieldend|move: Grassy Terrain
|upkeep
|turn|6
|
|t:|1756219510
|move|p1a: Brambleghast|Shadow Sneak|p2b: Sneasler
|-damage|p2b: Sneasler|0 fnt
|faint|p2b: Sneasler
|move|p1b: Volcarona|Heat Wave|p2a: Rillaboom
|-resisted|p2a: Rillaboom
|-damage|p2a: Rillaboom|61/100
|move|p2a: Rillaboom|Drum Beating|p1b: Volcarona
|-damage|p1b: Volcarona|0 fnt
|faint|p1b: Volcarona
|
|upkeep
|
|t:|1756219518
|switch|p1b: Whimsicott|Whimsicott, L50, M|100/100
|turn|7
|
|t:|1756219523
|move|p1b: Whimsicott|Tailwind|p1b: Whimsicott
|-sidestart|p1: Fem boi Cardi|move: Tailwind
|-ability|p1a: Brambleghast|Wind Rider|boost
|-boost|p1a: Brambleghast|atk|1
|cant|p1a: Brambleghast|par
|move|p2a: Rillaboom|Drum Beating|p1a: Brambleghast
|-resisted|p1a: Brambleghast
|-damage|p1a: Brambleghast|0 fnt
|faint|p1a: Brambleghast
|
|upkeep
|
|t:|1756219530
|switch|p1a: Ursaluna|Ursaluna-Bloodmoon, L50, M|100/100
|turn|8
|
|t:|1756219536
|move|p1b: Whimsicott|Moonblast|p2a: Rillaboom
|-resisted|p2a: Rillaboom
|-damage|p2a: Rillaboom|52/100
|-unboost|p2a: Rillaboom|spa|1
|move|p1a: Ursaluna|Earth Power|p2a: Rillaboom
|-supereffective|p2a: Rillaboom
|-damage|p2a: Rillaboom|0 fnt
|faint|p2a: Rillaboom
|-damage|p1a: Ursaluna|91/100|[from] item: Life Orb
|
|win|Fem boi Cardi
||Skyline67 is ready for game 2.
|inactive|Fem boi Cardi has 30 seconds to confirm battle start!
||Fem boi Cardi is ready for game 2.
|uhtml|next|Next: Game 2 of 3
|l|☆Fem boi Cardi
|player|p1|
