|j|☆GoofyGifts
|j|☆Rin0816
|html|GoofyGiftsRin0816    
|uhtml|bestof|Game 2 of a best-of-3
|t:|1756937279
|gametype|doubles
|player|p1|GoofyGifts|blue|
|player|p2|Rin0816|265|
|gen|9
|tier|[Gen 9] VGC 2025 Reg H (Bo3)
|rule|Species Clause: Limit one of each Pokémon
|rule|Item Clause: Limit 1 of each item
|clearpoke
|poke|p1|Indeedee, L50, M|
|poke|p1|Drifblim, L50, M|
|poke|p1|Volcarona, L50, F|
|poke|p1|Kommo-o, L50, M|
|poke|p1|Toxtricity, L50, M|
|poke|p1|Hydreigon, L50, M|
|poke|p2|Incineroar, L50, F|
|poke|p2|Amoonguss, L50, M|
|poke|p2|Ursaluna-Bloodmoon, L50, M|
|poke|p2|Dragonite, L50, F|
|poke|p2|Sneasler, L50, F|
|poke|p2|Gholdengo, L50|
|teampreview|4
|showteam|p1|Indeedee||FocusSash|PsychicSurge|ExpandingForce,TeraBlast,Imprison,TrickRoom|||M|||50|,,,,,Ground]Drifblim||PsychicSeed|Unburden|Acrobatics,WillOWisp,StrengthSap,Tailwind|||M|||50|,,,,,Grass]Volcarona||LifeOrb|FlameBody|BugBuzz,HeatWave,TeraBlast,Protect|||F|||50|,,,,,Fairy]Kommo-o||Leftovers|Soundproof|BodyPress,Flamethrower,IronDefense,Protect|||M|||50|,,,,,Fire]Toxtricity||ChoiceSpecs|PunkRock|Overdrive,Boomburst,SludgeBomb,VoltSwitch|||M|||50|,,,,,Normal]Hydreigon||AssaultVest|Levitate|DarkPulse,DracoMeteor,EarthPower,Snarl|||M|||50|,,,,,Ghost
|showteam|p2|Incineroar||SafetyGoggles|Intimidate|FlareBlitz,KnockOff,FakeOut,PartingShot|||F|||50|,,,,,Ghost]Amoonguss||SitrusBerry|Regenerator|PollenPuff,Spore,RagePowder,Protect|||M|||50|,,,,,Psychic]Ursaluna-Bloodmoon||AssaultVest|MindsEye|HyperVoice,BloodMoon,EarthPower,VacuumWave|||M|||50|,,,,,Water]Dragonite||LoadedDice|Multiscale|ScaleShot,Tailwind,Haze,Protect|||F|||50|,,,,,Fairy]Sneasler||FocusSash|Unburden|CloseCombat,DireClaw,ThroatChop,Protect|||F|||50|,,,,,Stellar]Gholdengo||LifeOrb|GoodasGold|MakeItRain,ShadowBall,NastyPlot,Protect||||||50|,,,,,Water
|
|t:|1756937333
|teamsize|p1|4
|teamsize|p2|4
|start
|switch|p1a: Grooker|Toxtricity, L50, M, shiny|100/100
|switch|p1b: King dedede|Indeedee, L50, M|100/100
|switch|p2a: Gholdengo|Gholdengo, L50|100/100
|switch|p2b: Amoonguss|Amoonguss, L50, M|100/100
|-fieldstart|move: Psychic Terrain|[from] ability: Psychic Surge|[of] p1b: King dedede
|turn|1
|
|t:|1756937379
|move|p2b: Amoonguss|Rage Powder|p2b: Amoonguss
|-singleturn|p2b: Amoonguss|move: Rage Powder
|move|p1b: King dedede|Expanding Force|p2a: Gholdengo|[spread] p2a,p2b
|-resisted|p2a: Gholdengo
|-supereffective|p2b: Amoonguss
|-damage|p2a: Gholdengo|72/100
|-damage|p2b: Amoonguss|15/100
|-enditem|p2b: Amoonguss|Sitrus Berry|[eat]
|-heal|p2b: Amoonguss|40/100|[from] item: Sitrus Berry
|move|p2a: Gholdengo|Make It Rain|p1a: Grooker|[spread] p1a,p1b
|-resisted|p1a: Grooker
|-damage|p1a: Grooker|61/100
|-damage|p1b: King dedede|19/100
|-unboost|p2a: Gholdengo|spa|1
|-damage|p2a: Gholdengo|63/100|[from] item: Life Orb
|move|p1a: Grooker|Volt Switch|p2b: Amoonguss
|-resisted|p2b: Amoonguss
|-damage|p2b: Amoonguss|20/100
|
|t:|1756937395
|switch|p1a: Vertnars|Volcarona, L50, F|100/100|[from] Volt Switch
|
|upkeep
|turn|2
|
|t:|1756937438
|switch|p2b: Dragonite|Dragonite, L50, F|100/100
|move|p2a: Gholdengo|Protect|p2a: Gholdengo
|-singleturn|p2a: Gholdengo|Protect
|move|p1b: King dedede|Expanding Force|p2a: Gholdengo|[spread] p2b
|-activate|p2a: Gholdengo|move: Protect
|-damage|p2b: Dragonite|70/100
|move|p1a: Vertnars|Heat Wave|p2b: Dragonite|[spread] p2b
|-activate|p2a: Gholdengo|move: Protect
|-resisted|p2b: Dragonite
|-damage|p2b: Dragonite|42/100
|-damage|p1a: Vertnars|91/100|[from] item: Life Orb
|
|upkeep
|turn|3
|
|t:|1756937500
|move|p1b: King dedede|Expanding Force|p2a: Gholdengo|[spread] p2a,p2b
|-resisted|p2a: Gholdengo
|-damage|p2a: Gholdengo|36/100
|-damage|p2b: Dragonite|0 fnt
|faint|p2b: Dragonite
|move|p1a: Vertnars|Heat Wave|p2a: Gholdengo
|-supereffective|p2a: Gholdengo
|-damage|p2a: Gholdengo|0 fnt
|faint|p2a: Gholdengo
|-damage|p1a: Vertnars|81/100|[from] item: Life Orb
|
|upkeep
|
|t:|1756937510
|switch|p2a: Sneasler|Sneasler, L50, F|100/100
|switch|p2b: Amoonguss|Amoonguss, L50, M|53/100
|turn|4
|
|t:|1756937537
|-terastallize|p1a: Vertnars|Fairy
|move|p2a: Sneasler|Dire Claw|p1b: King dedede
|-damage|p1b: King dedede|0 fnt
|faint|p1b: King dedede
|move|p1a: Vertnars|Tera Blast|p2a: Sneasler|[anim] Tera Blast Fairy
|-damage|p2a: Sneasler|22/100
|-damage|p1a: Vertnars|72/100|[from] item: Life Orb
|move|p2b: Amoonguss|Spore|p1a: Vertnars
|-status|p1a: Vertnars|slp|[from] move: Spore
|
|upkeep
|
|t:|1756937561
|switch|p1b: Grooker|Toxtricity, L50, M, shiny|61/100
|turn|5
|
|t:|1756937583
|move|p2a: Sneasler|Dire Claw|p1b: Grooker
|-resisted|p1b: Grooker
|-damage|p1b: Grooker|31/100
|cant|p1a: Vertnars|slp
|move|p1b: Grooker|Overdrive|p2b: Amoonguss|[spread] p2a,p2b
|-resisted|p2b: Amoonguss
|-damage|p2a: Sneasler|0 fnt
|-damage|p2b: Amoonguss|26/100
|faint|p2a: Sneasler
|move|p2b: Amoonguss|Pollen Puff|p2: Sneasler|[notarget]
|-fail|p2b: Amoonguss
|
|-fieldend|move: Psychic Terrain
|upkeep
|turn|6
|
|t:|1756937599
|cant|p1a: Vertnars|slp
|move|p1b: Grooker|Overdrive|p2b: Amoonguss
|-resisted|p2b: Amoonguss
|-damage|p2b: Amoonguss|0 fnt
|faint|p2b: Amoonguss
|
|win|GoofyGifts
|l|☆GoofyGifts
|player|p1|
|l|☆Rin0816
|player|p2|
|j|☆GoofyGifts
|player|p1|GoofyGifts|blue|
