|j|☆palle synchro
|j|☆12 bananas
|html|palle synchro12 bananas    
|uhtml|bestof|Game 1 of a best-of-3
|t:|1783422323
|gametype|doubles
|player|p1|palle synchro|volkner|1238
|player|p2|12 bananas|zinzolin|1207
|gen|9
|tier|[Gen 9 Champions] VGC 2026 Reg M-B (Bo3)
|rated|
|rule|Species Clause: Limit one of each Pokémon
|rule|Item Clause: Limit 1 of each item
|clearpoke
|poke|p1|Swampert, L50, F|
|poke|p1|Pelipper, L50, M|
|poke|p1|Archaludon, L50, M|
|poke|p1|Venusaur, L50, M|
|poke|p1|Maushold-Four, L50|
|poke|p1|Gholdengo, L50|
|poke|p2|Gengar, L50, F|
|poke|p2|Whimsicott, L50, M|
|poke|p2|Kingambit, L50, F|
|poke|p2|Garchomp, L50, F|
|poke|p2|Eelektross, L50, F|
|poke|p2|Floette-Eternal, L50, F|
|teampreview|4
|showteam|p1|Swampert||Swampertite|Torrent|WaveCrash,HighHorsepower,IcePunch,Protect|Adamant||F|||50|]Pelipper||SitrusBerry|Drizzle|WeatherBall,Hurricane,Tailwind,WideGuard|Modest||M|||50|]Archaludon||Leftovers|Stamina|ElectroShot,DragonPulse,FlashCannon,Protect|Calm||M|||50|]Venusaur||Venusaurite|Chlorophyll|GigaDrain,EarthPower,SludgeBomb,Protect|Modest||M|||50|]Maushold-Four||FocusSash|FriendGuard|FollowMe,SuperFang,RainDance,Protect|Timid|||||50|]Gholdengo||LifeOrb|GoodasGold|MakeItRain,ShadowBall,NastyPlot,Protect|Modest|||||50|
|showteam|p2|Gengar||Gengarite|CursedBody|Protect,ShadowBall,SludgeWave,FocusBlast|Timid||F|||50|]Whimsicott||FocusSash|Prankster|Tailwind,Moonblast,Taunt,Encore|Bold||M|||50|]Kingambit||ChopleBerry|Defiant|KowtowCleave,SuckerPunch,IronHead,LowKick|Adamant||F|||50|]Garchomp||ChoiceScarf|RoughSkin|StompingTantrum,Earthquake,Outrage,RockSlide|Jolly||F|||50|]Eelektross||Eelektrossite|Levitate|KnockOff,Coil,DrainPunch,SupercellSlam|Jolly||F|||50|]Floette-Eternal||Floettite|FlowerVeil|LightofRuin,DazzlingGleam,DrainingKiss,GigaDrain|Timid||F|||50|
|inactive|Battle timer is ON: inactive players will automatically lose when time's up. (requested by palle synchro)
|inactive|palle synchro has 60 seconds left.
|inactive|12 bananas has 60 seconds left.
|
|t:|1783422365
|teamsize|p1|4
|teamsize|p2|4
|start
|switch|p1a: Pelipper|Pelipper, L50, M|100/100
|switch|p1b: Swampert|Swampert, L50, F|100/100
|switch|p2a: Whimsicott|Whimsicott, L50, M|100/100
|switch|p2b: Gengar|Gengar, L50, F|100/100
|-weather|RainDance|[from] ability: Drizzle|[of] p1a: Pelipper
|turn|1
|
|t:|1783422380
|detailschange|p2b: Gengar|Gengar-Mega, L50, F
|-mega|p2b: Gengar|Gengar|Gengarite
|detailschange|p1b: Swampert|Swampert-Mega, L50, F
|-mega|p1b: Swampert|Swampert|Swampertite
|move|p2a: Whimsicott|Tailwind|p2a: Whimsicott
|-sidestart|p2: 12 bananas|move: Tailwind
|move|p2b: Gengar|Shadow Ball|p1b: Swampert
|-damage|p1b: Swampert|54/100
|-unboost|p1b: Swampert|spd|1
|move|p1b: Swampert|High Horsepower|p2b: Gengar
|-supereffective|p2b: Gengar|1
|-damage|p2b: Gengar|0 fnt
|faint|p2b: Gengar
|move|p1a: Pelipper|Hurricane|p2a: Whimsicott
|-supereffective|p2a: Whimsicott|1
|-enditem|p2a: Whimsicott|Focus Sash
|-damage|p2a: Whimsicott|1/100
|
|-weather|RainDance|[upkeep]
|upkeep
|
|t:|1783422399
|switch|p2b: Floette|Floette-Eternal, L50, F|100/100
|turn|2
|
|t:|1783422411
|switch|p1b: Maushold|Maushold-Four, L50|100/100
|move|p2a: Whimsicott|Taunt|p1a: Pelipper
|-start|p1a: Pelipper|move: Taunt
|move|p2b: Floette|Giga Drain|p1b: Maushold
|-damage|p1b: Maushold|70/100
|cant|p1a: Pelipper|move: Taunt|Tailwind
|
|-weather|RainDance|[upkeep]
|upkeep
|turn|3
|
|t:|1783422426
|move|p1b: Maushold|Follow Me|p1b: Maushold
|-singleturn|p1b: Maushold|move: Follow Me
|move|p2a: Whimsicott|Taunt|p1b: Maushold
|-start|p1b: Maushold|move: Taunt
|move|p2b: Floette|Dazzling Gleam|p1b: Maushold|[spread] p1a,p1b
|-damage|p1a: Pelipper|68/100
|-damage|p1b: Maushold|35/100
|move|p1a: Pelipper|Weather Ball|p2a: Whimsicott
|-resisted|p2a: Whimsicott|1
|-damage|p2a: Whimsicott|0 fnt
|faint|p2a: Whimsicott
|
|-weather|RainDance|[upkeep]
|upkeep
|
|t:|1783422437
|switch|p2a: Kingambit|Kingambit, L50, F|100/100
|turn|4
|
|t:|1783422455
|switch|p1a: Archaludon|Archaludon, L50, M|100/100
|move|p2b: Floette|Draining Kiss|p1a: Archaludon
|-damage|p1a: Archaludon|83/100
|-ability|p1a: Archaludon|Stamina|boost
|-boost|p1a: Archaludon|def|1
|move|p1b: Maushold|Super Fang|p2a: Kingambit
|-damage|p2a: Kingambit|50/100y
|move|p2a: Kingambit|Kowtow Cleave|p1b: Maushold
|-damage|p1b: Maushold|0 fnt
|faint|p1b: Maushold
|
|-weather|RainDance|[upkeep]
|-heal|p1a: Archaludon|89/100|[from] item: Leftovers
|-sideend|p2: 12 bananas|move: Tailwind
|upkeep
|
|t:|1783422466
|switch|p1b: Swampert|Swampert-Mega, L50, F|54/100
|turn|5
|
|t:|1783422477
|move|p1b: Swampert|Wave Crash|p2b: Floette
|-damage|p2b: Floette|0 fnt
|faint|p2b: Floette
|-damage|p1b: Swampert|27/100|[from] Recoil
|move|p1a: Archaludon|Electro Shot||[still]
|-prepare|p1a: Archaludon|Electro Shot
|-boost|p1a: Archaludon|spa|1
|-anim|p1a: Archaludon|Electro Shot|p2a: Kingambit
|-damage|p2a: Kingambit|0 fnt
|faint|p2a: Kingambit
|
|win|palle synchro
