|j|☆new mental
|j|☆vilan333
|html|new mentalvilan333    
|uhtml|bestof|Game 2 of a best-of-3
|t:|1786040796
|gametype|doubles
|player|p1|new mental|volkner|1298
|player|p2|vilan333|marshal|1306
|gen|9
|tier|[Gen 9 Champions] VGC 2026 Reg M-B (Bo3)
|rated|
|rule|Species Clause: Limit one of each Pokémon
|rule|Item Clause: Limit 1 of each item
|clearpoke
|poke|p1|Charizard, L50, M|
|poke|p1|Garchomp, L50, M|
|poke|p1|Incineroar, L50, F|
|poke|p1|Venusaur, L50, M|
|poke|p1|Toxapex, L50, M|
|poke|p1|Sylveon, L50, M|
|poke|p2|Tyranitar, L50, M, shiny|
|poke|p2|Excadrill, L50, F|
|poke|p2|Floette-Eternal, L50, F|
|poke|p2|Whimsicott, L50, M|
|poke|p2|Incineroar, L50, F|
|poke|p2|Sinistcha, L50|
|teampreview|4
|showteam|p1|Charizard||CharizarditeY|Blaze|WeatherBall,HeatWave,AncientPower,Protect|Modest||M|||50|]Garchomp||ChoiceScarf|RoughSkin|RockSlide,DragonClaw,Earthquake,StompingTantrum|Adamant||M|||50|]Incineroar||SitrusBerry|Intimidate|FlareBlitz,FakeOut,DarkestLariat,PartingShot|Impish||F|||50|]Venusaur||LifeOrb|Chlorophyll|SludgeBomb,LeafStorm,EarthPower,Protect|Modest||M|||50|]Toxapex||Leftovers|Regenerator|Infestation,Toxic,WideGuard,BanefulBunker|Bold||M|||50|]Sylveon||FairyFeather|Pixilate|HyperVoice,QuickAttack,Yawn,Detect|Modest||M|||50|
|showteam|p2|Tyranitar||FocusSash|SandStream|Protect,RockSlide,KnockOff,LowKick|Adamant||M|||50|]Excadrill||LifeOrb|SandRush|RockSlide,Protect,IronHead,Earthquake|Adamant||F|||50|]Floette-Eternal||Floettite|FlowerVeil|Protect,Moonblast,DazzlingGleam,CalmMind|Modest||F|||50|]Whimsicott||OccaBerry|Prankster|Moonblast,Encore,Tailwind,Protect|Calm||M|||50|]Incineroar||SitrusBerry|Intimidate|PartingShot,FakeOut,FlareBlitz,HelpingHand|Adamant||F|||50|]Sinistcha||Leftovers|Hospitality|ShadowBall,RagePowder,TrickRoom,Protect|Calm|||||50|
|inactive|Battle timer is ON: inactive players will automatically lose when time's up. (requested by vilan333)
|
|t:|1786040835
|teamsize|p1|4
|teamsize|p2|4
|start
|switch|p1a: Charizard|Charizard, L50, M|100/100
|switch|p1b: Toxapex|Toxapex, L50, M|100/100
|switch|p2a: Floette|Floette-Eternal, L50, F|100/100
|switch|p2b: Incineroar|Incineroar, L50, F|100/100
|-ability|p2b: Incineroar|Intimidate|boost
|-unboost|p1a: Charizard|atk|1
|-unboost|p1b: Toxapex|atk|1
|turn|1
|
|t:|1786040851
|detailschange|p1a: Charizard|Charizard-Mega-Y, L50, M
|-mega|p1a: Charizard|Charizard|Charizardite Y
|-weather|SunnyDay|[from] ability: Drought|[of] p1a: Charizard
|detailschange|p2a: Floette|Floette-Mega, L50, F
|-mega|p2a: Floette|Floette|Floettite
|-ability|p2a: Floette|Fairy Aura
|move|p2b: Incineroar|Fake Out|p1a: Charizard
|-damage|p1a: Charizard|86/100
|move|p2a: Floette|Calm Mind|p2a: Floette
|-boost|p2a: Floette|spa|1
|-boost|p2a: Floette|spd|1
|cant|p1a: Charizard|flinch
|move|p1b: Toxapex|Toxic|p2a: Floette
|-status|p2a: Floette|tox
|
|-weather|SunnyDay|[upkeep]
|-damage|p2a: Floette|94/100 tox|[from] psn
|upkeep
|turn|2
|inactive|vilan333 has 30 seconds left.
|
|t:|1786040880
|move|p2a: Floette|Moonblast|p1a: Charizard
|-resisted|p1a: Charizard|1
|-crit|p1a: Charizard
|-damage|p1a: Charizard|1/100
|move|p1a: Charizard|Heat Wave|p2a: Floette|[spread] p2a
|-miss|p1a: Charizard|p2b: Incineroar
|-damage|p2a: Floette|63/100 tox
|move|p2b: Incineroar|Parting Shot|p1b: Toxapex
|-unboost|p1b: Toxapex|atk|1
|-unboost|p1b: Toxapex|spa|1
|
|t:|1786040891
|switch|p2b: Tyranitar|Tyranitar, L50, M, shiny|100/100|[from] Parting Shot
|-weather|Sandstorm|[from] ability: Sand Stream|[of] p2b: Tyranitar
|move|p1b: Toxapex|Infestation|p2a: Floette
|-resisted|p2a: Floette|1
|-damage|p2a: Floette|62/100 tox
|-activate|p2a: Floette|move: Infestation|[of] p1b: Toxapex
|
|-weather|Sandstorm|[upkeep]
|-damage|p2a: Floette|57/100 tox|[from] Sandstorm
|-damage|p1a: Charizard|0 fnt|[from] Sandstorm
|-damage|p1b: Toxapex|94/100|[from] Sandstorm
|faint|p1a: Charizard
|-heal|p1b: Toxapex|100/100|[from] item: Leftovers
|-damage|p2a: Floette|45/100 tox|[from] psn
|-damage|p2a: Floette|33/100 tox|[from] move: Infestation|[partiallytrapped]
|upkeep
|
|t:|1786040897
|switch|p1a: Sylveon|Sylveon, L50, M|100/100
|turn|3
|
|t:|1786040912
|move|p1b: Toxapex|Wide Guard|p1b: Toxapex
|-singleturn|p1b: Toxapex|Wide Guard
|move|p2a: Floette|Moonblast|p1a: Sylveon
|-damage|p1a: Sylveon|16/100
|move|p2b: Tyranitar|Knock Off|p1a: Sylveon
|-resisted|p1a: Sylveon|1
|-damage|p1a: Sylveon|0 fnt
|-enditem|p1a: Sylveon|Fairy Feather|[from] move: Knock Off|[of] p2b: Tyranitar
|faint|p1a: Sylveon
|
|-weather|Sandstorm|[upkeep]
|-damage|p2a: Floette|28/100 tox|[from] Sandstorm
|-damage|p1b: Toxapex|94/100|[from] Sandstorm
|-heal|p1b: Toxapex|100/100|[from] item: Leftovers
|-damage|p2a: Floette|10/100 tox|[from] psn
|-damage|p2a: Floette|0 fnt|[from] move: Infestation|[partiallytrapped]
|faint|p2a: Floette
|upkeep
|
|t:|1786040930
|switch|p2a: Excadrill|Excadrill, L50, F|100/100
|switch|p1a: Incineroar|Incineroar, L50, F|100/100
|-ability|p1a: Incineroar|Intimidate|boost
|-unboost|p2a: Excadrill|atk|1
|-unboost|p2b: Tyranitar|atk|1
|turn|4
|
|t:|1786040942
|switch|p2a: Incineroar|Incineroar, L50, F|100/100
|-ability|p2a: Incineroar|Intimidate|boost
|-unboost|p1a: Incineroar|atk|1
|-unboost|p1b: Toxapex|atk|1
|move|p2b: Tyranitar|Knock Off|p1b: Toxapex
|-damage|p1b: Toxapex|75/100
|-enditem|p1b: Toxapex|Leftovers|[from] move: Knock Off|[of] p2b: Tyranitar
|move|p1a: Incineroar|Flare Blitz|p2a: Incineroar
|-resisted|p2a: Incineroar|1
|-damage|p2a: Incineroar|85/100
|-damage|p1a: Incineroar|95/100|[from] Recoil
|move|p1b: Toxapex|Toxic|p2b: Tyranitar
|-status|p2b: Tyranitar|tox
|
|-weather|Sandstorm|[upkeep]
|-damage|p2a: Incineroar|79/100|[from] Sandstorm
|-damage|p1a: Incineroar|89/100|[from] Sandstorm
|-damage|p1b: Toxapex|69/100|[from] Sandstorm
|-damage|p2b: Tyranitar|94/100 tox|[from] psn
|upkeep
|turn|5
|inactive|vilan333 has 30 seconds left.
|
|t:|1786040969
|move|p2a: Incineroar|Helping Hand|p2b: Tyranitar
|-singleturn|p2b: Tyranitar|Helping Hand|[of] p2a: Incineroar
|move|p2b: Tyranitar|Low Kick|p1a: Incineroar
|-supereffective|p1a: Incineroar|1
|-damage|p1a: Incineroar|45/100
|-enditem|p1a: Incineroar|Sitrus Berry|[eat]
|-heal|p1a: Incineroar|70/100|[from] item: Sitrus Berry
|move|p1a: Incineroar|Parting Shot|p2b: Tyranitar
|-unboost|p2b: Tyranitar|atk|1
|-unboost|p2b: Tyranitar|spa|1
|move|p1b: Toxapex|Toxic|p2a: Incineroar
|-status|p2a: Incineroar|tox
|
|-weather|Sandstorm|[upkeep]
|-damage|p2a: Incineroar|73/100 tox|[from] Sandstorm
|-damage|p1a: Incineroar|64/100|[from] Sandstorm
|-damage|p1b: Toxapex|63/100|[from] Sandstorm
|-damage|p2b: Tyranitar|82/100 tox|[from] psn
|-damage|p2a: Incineroar|67/100 tox|[from] psn
|upkeep
|turn|6
|
|t:|1786040989
|move|p2b: Tyranitar|Low Kick|p1a: Incineroar
|-supereffective|p1a: Incineroar|1
|-damage|p1a: Incineroar|39/100
|move|p2a: Incineroar|Parting Shot|p1a: Incineroar
|-unboost|p1a: Incineroar|atk|1
|-unboost|p1a: Incineroar|spa|1
|
|t:|1786040996
|switch|p2a: Excadrill|Excadrill, L50, F|100/100|[from] Parting Shot
|move|p1a: Incineroar|Parting Shot|p2b: Tyranitar
|-unboost|p2b: Tyranitar|atk|1
|-unboost|p2b: Tyranitar|spa|1
|move|p1b: Toxapex|Infestation|p2a: Excadrill
|-resisted|p2a: Excadrill|1
|-damage|p2a: Excadrill|98/100
|-activate|p2a: Excadrill|move: Infestation|[of] p1b: Toxapex
|
|-weather|none
|-damage|p2b: Tyranitar|65/100 tox|[from] psn
|-damage|p2a: Excadrill|86/100|[from] move: Infestation|[partiallytrapped]
|upkeep
|turn|7
|
|t:|1786041019
|switch|p2b: Incineroar|Incineroar, L50, F|67/100 tox
|-ability|p2b: Incineroar|Intimidate|boost
|-unboost|p1a: Incineroar|atk|1
|-unboost|p1b: Toxapex|atk|1
|move|p1b: Toxapex|Wide Guard|p1b: Toxapex
|-singleturn|p1b: Toxapex|Wide Guard
|move|p2a: Excadrill|Iron Head|p1a: Incineroar
|-resisted|p1a: Incineroar|1
|-damage|p1a: Incineroar|18/100
|-damage|p2a: Excadrill|77/100|[from] item: Life Orb
|move|p1a: Incineroar|Parting Shot|p2a: Excadrill
|-unboost|p2a: Excadrill|atk|1
|-unboost|p2a: Excadrill|spa|1
|
|-damage|p2b: Incineroar|61/100 tox|[from] psn
|-damage|p2a: Excadrill|65/100|[from] move: Infestation|[partiallytrapped]
|upkeep
|turn|8
|
|t:|1786041039
|move|p2b: Incineroar|Fake Out|p1b: Toxapex
|-damage|p1b: Toxapex|54/100
|move|p2a: Excadrill|Rock Slide|p1a: Incineroar|[spread] p1a,p1b
|-supereffective|p1a: Incineroar|1
|-damage|p1a: Incineroar|0 fnt
|-damage|p1b: Toxapex|42/100
|faint|p1a: Incineroar
|-damage|p2a: Excadrill|55/100|[from] item: Life Orb
|cant|p1b: Toxapex|flinch
|
|-damage|p2b: Incineroar|49/100 tox|[from] psn
|-damage|p2a: Excadrill|43/100|[from] move: Infestation|[partiallytrapped]
|upkeep
|-enditem|p2b: Incineroar|Sitrus Berry|[eat]
|-heal|p2b: Incineroar|74/100 tox|[from] item: Sitrus Berry
|turn|9
|
|t:|1786041060
|switch|p2b: Tyranitar|Tyranitar, L50, M, shiny|65/100 tox
|-weather|Sandstorm|[from] ability: Sand Stream|[of] p2b: Tyranitar
|move|p2a: Excadrill|Iron Head|p1b: Toxapex
|-resisted|p1b: Toxapex|1
|-damage|p1b: Toxapex|30/100
|-damage|p2a: Excadrill|33/100|[from] item: Life Orb
|cant|p1b: Toxapex|flinch
|
|-weather|Sandstorm|[upkeep]
|-damage|p1b: Toxapex|24/100|[from] Sandstorm
|-damage|p2b: Tyranitar|60/100 tox|[from] psn
|-damage|p2a: Excadrill|21/100|[from] move: Infestation|[partiallytrapped]
|upkeep
|turn|10
|
|t:|1786041076
|move|p2b: Tyranitar|Protect|p2b: Tyranitar
|-singleturn|p2b: Tyranitar|Protect
|move|p1b: Toxapex|Baneful Bunker|p1b: Toxapex
|-singleturn|p1b: Toxapex|move: Protect
|move|p2a: Excadrill|Earthquake|p1b: Toxapex|[spread] 
|-activate|p2b: Tyranitar|move: Protect
|-activate|p1b: Toxapex|move: Protect
|
|-weather|Sandstorm|[upkeep]
|-damage|p1b: Toxapex|19/100|[from] Sandstorm
|-damage|p2b: Tyranitar|48/100 tox|[from] psn
|-end|p2a: Excadrill|Infestation|[partiallytrapped]
|upkeep
|turn|11
|
|t:|1786041094
|move|p1b: Toxapex|Wide Guard|p1b: Toxapex
|-singleturn|p1b: Toxapex|Wide Guard
|move|p2a: Excadrill|Iron Head|p1b: Toxapex
|-resisted|p1b: Toxapex|1
|-damage|p1b: Toxapex|7/100
|-damage|p2a: Excadrill|12/100|[from] item: Life Orb
|move|p2b: Tyranitar|Knock Off|p1b: Toxapex
|-damage|p1b: Toxapex|0 fnt
|faint|p1b: Toxapex
|
|win|vilan333
||new mental is ready for game 3.
|inactive|vilan333 has 30 seconds to confirm battle start!
