|j|☆Morvs
|j|☆spyjus
|html|Morvsspyjus    
|uhtml|bestof|Game 3 of a best-of-3
|t:|1784833308
|gametype|doubles
|player|p1|Morvs|266|1101
|player|p2|spyjus|266|1054
|gen|9
|tier|[Gen 9 Champions] VGC 2026 Reg M-B (Bo3)
|rated|
|rule|Species Clause: Limit one of each Pokémon
|rule|Item Clause: Limit 1 of each item
|clearpoke
|poke|p1|Grimmsnarl, L50, M|
|poke|p1|Basculegion, L50, M|
|poke|p1|Venusaur, L50, M|
|poke|p1|Pelipper, L50, M|
|poke|p1|Archaludon, L50, M|
|poke|p1|Swampert, L50, M|
|poke|p2|Malamar, L50, F|
|poke|p2|Serperior, L50, M|
|poke|p2|Whimsicott, L50, F|
|poke|p2|Staraptor, L50, M|
|poke|p2|Grimmsnarl, L50, M|
|poke|p2|Toxapex, L50, F|
|teampreview|4
|showteam|p1|Grimmsnarl||LightClay|Prankster|SpiritBreak,Reflect,LightScreen,PartingShot|Careful||M|||50|]Basculegion||ChoiceScarf|Adaptability|WaveCrash,LastRespects,AquaJet,FlipTurn|Jolly||M|||50|]Venusaur||Venusaurite|Chlorophyll|GigaDrain,SludgeBomb,EarthPower,Protect|Modest||M|||50|]Pelipper||SitrusBerry|Drizzle|Hurricane,WeatherBall,Tailwind,RainDance|Modest||M|||50|]Archaludon||Leftovers|Stamina|FlashCannon,DragonPulse,ElectroShot,Protect|Modest||M|||50|]Swampert||Swampertite|Damp|WaveCrash,Earthquake,IcePunch,Protect|Adamant||M|||50|
|showteam|p2|Malamar||Malamarite|Contrary|Superpower,PsychoCut,RockSlide,Protect|Jolly||F|||50|]Serperior||MiracleSeed|Contrary|LeafStorm,DragonPulse,Protect,Taunt|Timid||M|||50|]Whimsicott||FocusSash|Prankster|Charm,Tailwind,DazzlingGleam,Protect|Bold||F|||50|]Staraptor||Staraptite|Intimidate|BlazeKick,CloseCombat,Protect,DualWingbeat|Jolly||M|||50|]Grimmsnarl||QuickClaw|Prankster|FakeOut,PartingShot,SpiritBreak,Taunt|Adamant||M|||50|]Toxapex||Leftovers|Regenerator|BanefulBunker,Venoshock,Toxic,Recover|Bold||F|||50|
|inactive|Battle timer is ON: inactive players will automatically lose when time's up. (requested by spyjus)
|
|t:|1784833325
|teamsize|p1|4
|teamsize|p2|4
|start
|switch|p1a: Basculegion|Basculegion, L50, M|100/100
|switch|p1b: Swampert|Swampert, L50, M|100/100
|switch|p2a: Staraptor|Staraptor, L50, M|100/100
|switch|p2b: Whimsicott|Whimsicott, L50, F|100/100
|-ability|p2a: Staraptor|Intimidate|boost
|-unboost|p1a: Basculegion|atk|1
|-unboost|p1b: Swampert|atk|1
|turn|1
|
|t:|1784833349
|detailschange|p2a: Staraptor|Staraptor-Mega, L50, M
|-mega|p2a: Staraptor|Staraptor|Staraptite
|detailschange|p1b: Swampert|Swampert-Mega, L50, M
|-mega|p1b: Swampert|Swampert|Swampertite
|move|p2b: Whimsicott|Charm|p1b: Swampert
|-unboost|p1b: Swampert|atk|2
|move|p1a: Basculegion|Flip Turn|p2a: Staraptor
|-damage|p2a: Staraptor|72/100
|
|t:|1784833357
|switch|p1a: Pelipper|Pelipper, L50, M|100/100|[from] Flip Turn
|-weather|RainDance|[from] ability: Drizzle|[of] p1a: Pelipper
|move|p1b: Swampert|Ice Punch|p2b: Whimsicott
|-supereffective|p2b: Whimsicott|1
|-damage|p2b: Whimsicott|74/100
|move|p2a: Staraptor|Close Combat|p1b: Swampert
|-damage|p1b: Swampert|42/100
|-boost|p2a: Staraptor|def|1
|-boost|p2a: Staraptor|spd|1
|
|-weather|RainDance|[upkeep]
|upkeep
|turn|2
|inactive|Morvs has 30 seconds left.
|
|t:|1784833388
|move|p2b: Whimsicott|Charm|p2a: Staraptor
|-boost|p2a: Staraptor|atk|2
|move|p1b: Swampert|Ice Punch|p2b: Whimsicott
|-supereffective|p2b: Whimsicott|1
|-damage|p2b: Whimsicott|52/100
|-status|p2b: Whimsicott|frz
|move|p2a: Staraptor|Dual Wingbeat|p1a: Pelipper
|-damage|p1a: Pelipper|52/100
|-damage|p1a: Pelipper|8/100
|-enditem|p1a: Pelipper|Sitrus Berry|[eat]
|-heal|p1a: Pelipper|33/100|[from] item: Sitrus Berry
|-hitcount|p1a: Pelipper|2
|move|p1a: Pelipper|Hurricane|p2a: Staraptor
|-supereffective|p2a: Staraptor|1
|-crit|p2a: Staraptor
|-damage|p2a: Staraptor|0 fnt
|faint|p2a: Staraptor
|
|-weather|RainDance|[upkeep]
|upkeep
|
|t:|1784833405
|switch|p2a: Grimmsnarl|Grimmsnarl, L50, M|100/100
|turn|3
|
|t:|1784833420
|switch|p1b: Basculegion|Basculegion, L50, M|100/100
|move|p2a: Grimmsnarl|Fake Out|p1a: Pelipper
|-damage|p1a: Pelipper|16/100
|-curestatus|p2b: Whimsicott|frz|[msg]
|move|p2b: Whimsicott|Dazzling Gleam|p1a: Pelipper|[spread] p1a,p1b
|-damage|p1a: Pelipper|0 fnt
|-damage|p1b: Basculegion|80/100
|faint|p1a: Pelipper
|
|-weather|RainDance|[upkeep]
|upkeep
|
|t:|1784833434
|switch|p1a: Swampert|Swampert-Mega, L50, M|42/100
|turn|4
|
|t:|1784833443
|move|p2b: Whimsicott|Charm|p1a: Swampert
|-unboost|p1a: Swampert|atk|2
|move|p1a: Swampert|Ice Punch|p2b: Whimsicott
|-supereffective|p2b: Whimsicott|1
|-damage|p2b: Whimsicott|25/100
|-status|p2b: Whimsicott|frz
|move|p1b: Basculegion|Flip Turn|p2a: Grimmsnarl
|-damage|p2a: Grimmsnarl|26/100
|
|t:|1784833452
|switch|p1b: Archaludon|Archaludon, L50, M|100/100|[from] Flip Turn
|move|p2a: Grimmsnarl|Spirit Break|p1a: Swampert
|-damage|p1a: Swampert|8/100
|-unboost|p1a: Swampert|spa|1
|
|-weather|RainDance|[upkeep]
|upkeep
|turn|5
|-activate|p2a: Grimmsnarl|item: Quick Claw
|
|t:|1784833471
|cant|p2b: Whimsicott|frz
|move|p2a: Grimmsnarl|Spirit Break|p1a: Swampert
|-damage|p1a: Swampert|0 fnt
|faint|p1a: Swampert
|move|p1b: Archaludon|Electro Shot||[still]
|-prepare|p1b: Archaludon|Electro Shot
|-boost|p1b: Archaludon|spa|1
|-anim|p1b: Archaludon|Electro Shot|p2b: Whimsicott
|-resisted|p2b: Whimsicott|1
|-damage|p2b: Whimsicott|0 fnt
|faint|p2b: Whimsicott
|
|-weather|none
|upkeep
|
|t:|1784833483
|switch|p2b: Malamar|Malamar, L50, F|100/100
|switch|p1a: Basculegion|Basculegion, L50, M|80/100
|turn|6
|
|t:|1784833498
|move|p1a: Basculegion|Last Respects|p2b: Malamar
|-damage|p2b: Malamar|0 fnt
|faint|p2b: Malamar
|move|p1b: Archaludon|Flash Cannon|p2a: Grimmsnarl
|-supereffective|p2a: Grimmsnarl|1
|-damage|p2a: Grimmsnarl|0 fnt
|faint|p2a: Grimmsnarl
|
|win|Morvs
|raw|Morvs's rating: 1101 → 1123(+22 for winning)
|raw|spyjus's rating: 1054 → 1038(-16 for losing)
|l|☆spyjus
|player|p2|
