|j|☆NickyB1234
|j|☆McGeorge34
|html|NickyB1234McGeorge34    
|uhtml|bestof|Game 1 of a best-of-3
|t:|1785176305
|gametype|doubles
|player|p1|NickyB1234|2|1101
|player|p2|McGeorge34|169|1081
|gen|9
|tier|[Gen 9 Champions] VGC 2026 Reg M-B (Bo3)
|rated|
|rule|Species Clause: Limit one of each Pokémon
|rule|Item Clause: Limit 1 of each item
|clearpoke
|poke|p1|Blaziken, L50, M|
|poke|p1|Grimmsnarl, L50, M|
|poke|p1|Dragonite, L50, F|
|poke|p1|Toxapex, L50, F|
|poke|p1|Rotom-Wash, L50|
|poke|p1|Froslass, L50, F|
|poke|p2|Krookodile, L50, F|
|poke|p2|Orthworm, L50, F|
|poke|p2|Sinistcha, L50|
|poke|p2|Slowbro-Galar, L50, M|
|poke|p2|Kangaskhan, L50, F|
|poke|p2|Pidgeot, L50, F|
|teampreview|4
|showteam|p1|Blaziken||Blazikenite|SpeedBoost|CloseCombat,FlareBlitz,Protect,RockSlide|Adamant||M|||50|]Grimmsnarl||LightClay|Prankster|FakeOut,LightScreen,Reflect,PartingShot|Careful||M|||50|]Dragonite||LifeOrb|InnerFocus|DragonClaw,Protect,LowKick,ExtremeSpeed|Jolly||F|||50|]Toxapex||Leftovers|Regenerator|Infestation,BanefulBunker,Toxic,WideGuard|Bold||F|||50|]Rotom-Wash||SitrusBerry|Levitate|HydroPump,Thunderbolt,VoltSwitch,WillOWisp|Timid|||||50|]Froslass||Froslassite|CursedBody|Blizzard,AuroraVeil,ShadowBall,Protect|Timid||F|||50|
|showteam|p2|Krookodile||ChoiceScarf|Intimidate|Earthquake,CloseCombat,KnockOff,RockSlide|Jolly||F|||50|]Orthworm||Leftovers|EarthEater|BodyPress,IronDefense,ShedTail,Protect|Calm||F|||50|]Sinistcha||SitrusBerry|Hospitality|MatchaGotcha,Protect,RagePowder,TrickRoom|Bold|||||50|]Slowbro-Galar||QuickClaw|QuickDraw|ShellSideArm,Psychic,NastyPlot,SlackOff|Modest||M|||50|]Kangaskhan||WhiteHerb|Scrappy|FakeOut,LastResort|Jolly||F|||50|]Pidgeot||Pidgeotite|BigPecks|HeatWave,Hurricane,Tailwind,Protect|Timid||F|||50|
|
|t:|1785176384
|teamsize|p1|4
|teamsize|p2|4
|start
|switch|p1a: Grimmsnarl|Grimmsnarl, L50, M|100/100
|switch|p1b: Blaziken|Blaziken, L50, M|100/100
|switch|p2a: Pidgeot|Pidgeot, L50, F|100/100
|switch|p2b: Krookodile|Krookodile, L50, F|100/100
|-ability|p2b: Krookodile|Intimidate|boost
|-unboost|p1a: Grimmsnarl|atk|1
|-unboost|p1b: Blaziken|atk|1
|turn|1
|
|t:|1785176429
|detailschange|p2a: Pidgeot|Pidgeot-Mega, L50, F
|-mega|p2a: Pidgeot|Pidgeot|Pidgeotite
|detailschange|p1b: Blaziken|Blaziken-Mega, L50, M
|-mega|p1b: Blaziken|Blaziken|Blazikenite
|move|p1a: Grimmsnarl|Fake Out|p2a: Pidgeot
|-damage|p2a: Pidgeot|89/100
|move|p2b: Krookodile|Earthquake|p1b: Blaziken|[spread] p1a,p1b
|-immune|p2a: Pidgeot
|-supereffective|p1b: Blaziken|1
|-damage|p1a: Grimmsnarl|58/100
|-damage|p1b: Blaziken|3/100
|cant|p2a: Pidgeot|flinch
|move|p1b: Blaziken|Close Combat|p2b: Krookodile
|-supereffective|p2b: Krookodile|1
|-damage|p2b: Krookodile|0 fnt
|-unboost|p1b: Blaziken|def|1
|-unboost|p1b: Blaziken|spd|1
|faint|p2b: Krookodile
|
|-ability|p1b: Blaziken|Speed Boost|boost
|-boost|p1b: Blaziken|spe|1
|upkeep
|
|t:|1785176455
|switch|p2b: Kangaskhan|Kangaskhan, L50, F|100/100
|turn|2
|
|t:|1785176496
|move|p2b: Kangaskhan|Fake Out|p1a: Grimmsnarl
|-damage|p1a: Grimmsnarl|35/100
|cant|p1a: Grimmsnarl|flinch
|move|p1b: Blaziken|Close Combat|p2b: Kangaskhan
|-supereffective|p2b: Kangaskhan|1
|-damage|p2b: Kangaskhan|0 fnt
|-unboost|p1b: Blaziken|def|1
|-unboost|p1b: Blaziken|spd|1
|faint|p2b: Kangaskhan
|move|p2a: Pidgeot|Heat Wave|p1b: Blaziken|[spread] p1a,p1b
|-resisted|p1b: Blaziken|1
|-damage|p1a: Grimmsnarl|17/100
|-damage|p1b: Blaziken|0 fnt
|faint|p1b: Blaziken
|
|upkeep
|
|t:|1785176528
|switch|p1b: Rotom|Rotom-Wash, L50|100/100
|switch|p2b: Sinistcha|Sinistcha, L50|100/100
|-heal|p2a: Pidgeot|100/100|[from] ability: Hospitality|[of] p2b: Sinistcha
|turn|3
|
|t:|1785176567
|move|p2b: Sinistcha|Rage Powder|p2b: Sinistcha
|-singleturn|p2b: Sinistcha|move: Rage Powder
|move|p1a: Grimmsnarl|Light Screen|p1a: Grimmsnarl
|-sidestart|p1: NickyB1234|move: Light Screen
|move|p2a: Pidgeot|Hurricane|p1a: Grimmsnarl
|-damage|p1a: Grimmsnarl|0 fnt
|faint|p1a: Grimmsnarl
|move|p1b: Rotom|Thunderbolt|p2b: Sinistcha
|-resisted|p2b: Sinistcha|1
|-damage|p2b: Sinistcha|77/100
|
|upkeep
|
|t:|1785176575
|switch|p1a: Dragonite|Dragonite, L50, F|100/100
|turn|4
|
|t:|1785176608
|move|p2b: Sinistcha|Rage Powder|p2b: Sinistcha
|-singleturn|p2b: Sinistcha|move: Rage Powder
|move|p2a: Pidgeot|Hurricane|p1a: Dragonite
|-damage|p1a: Dragonite|55/100
|-start|p1a: Dragonite|confusion
|move|p1b: Rotom|Thunderbolt|p2b: Sinistcha
|-resisted|p2b: Sinistcha|1
|-damage|p2b: Sinistcha|51/100
|-activate|p1a: Dragonite|confusion
|-damage|p1a: Dragonite|37/100|[from] confusion
|
|upkeep
|turn|5
|
|t:|1785176673
|move|p2a: Pidgeot|Hurricane|p1a: Dragonite
|-damage|p1a: Dragonite|0 fnt
|faint|p1a: Dragonite
|move|p1b: Rotom|Hydro Pump|p2a: Pidgeot
|-damage|p2a: Pidgeot|32/100
|move|p2b: Sinistcha|Matcha Gotcha|p1b: Rotom|[miss]
|-miss|p2b: Sinistcha|p1b: Rotom
|
|upkeep
|turn|6
|j| tedidn
|
|t:|1785176709
|move|p2a: Pidgeot|Hurricane|p1b: Rotom
|-resisted|p1b: Rotom|1
|-damage|p1b: Rotom|75/100
|move|p1b: Rotom|Thunderbolt|p2a: Pidgeot
|-supereffective|p2a: Pidgeot|1
|-damage|p2a: Pidgeot|0 fnt
|faint|p2a: Pidgeot
|move|p2b: Sinistcha|Matcha Gotcha|p1b: Rotom
|-supereffective|p1b: Rotom|1
|-damage|p1b: Rotom|15/100
|-heal|p2b: Sinistcha|73/100|[from] drain|[of] p1b: Rotom
|-enditem|p1b: Rotom|Sitrus Berry|[eat]
|-heal|p1b: Rotom|40/100|[from] item: Sitrus Berry
|
|upkeep
|turn|7
|
|t:|1785176729
|move|p1b: Rotom|Hydro Pump|p2b: Sinistcha
|-resisted|p2b: Sinistcha|1
|-damage|p2b: Sinistcha|41/100
|-enditem|p2b: Sinistcha|Sitrus Berry|[eat]
|-heal|p2b: Sinistcha|66/100|[from] item: Sitrus Berry
|move|p2b: Sinistcha|Matcha Gotcha|p1b: Rotom
|-supereffective|p1b: Rotom|1
|-damage|p1b: Rotom|0 fnt
|-heal|p2b: Sinistcha|80/100|[from] drain|[of] p1b: Rotom
|faint|p1b: Rotom
|
|win|McGeorge34
