|j|☆VenuDaAscoInRain
|j|☆DevitosBaldHead
|html|VenuDaAscoInRainDevitosBaldHead    
|uhtml|bestof|Game 3 of a best-of-3
|t:|1783115796
|gametype|doubles
|player|p1|VenuDaAscoInRain|li|1237
|player|p2|DevitosBaldHead|wattson|1309
|gen|9
|tier|[Gen 9 Champions] VGC 2026 Reg M-B (Bo3)
|rated|
|rule|Species Clause: Limit one of each Pokémon
|rule|Item Clause: Limit 1 of each item
|clearpoke
|poke|p1|Charizard, L50, M, shiny|
|poke|p1|Farigiraf, L50, M, shiny|
|poke|p1|Kingambit, L50, M, shiny|
|poke|p1|Sylveon, L50, M, shiny|
|poke|p1|Aerodactyl, L50, M, shiny|
|poke|p1|Garchomp, L50, M, shiny|
|poke|p2|Pelipper, L50, M|
|poke|p2|Swampert, L50, M, shiny|
|poke|p2|Archaludon, L50, F, shiny|
|poke|p2|Sinistcha, L50|
|poke|p2|Maushold, L50|
|poke|p2|Gholdengo, L50|
|teampreview|4
|showteam|p1|Charizard||CharizarditeY|SolarPower|Protect,WeatherBall,HeatWave,SolarBeam|Modest||M|||50|]Farigiraf||ExpertBelt|ArmorTail|HelpingHand,TwinBeam,Thunderbolt,TrickRoom|Bold||M|||50|]Kingambit||FocusSash|Defiant|KowtowCleave,SuckerPunch,IronHead,LowKick|Adamant||M|||50|]Sylveon||FairyFeather|Pixilate|Detect,HyperVoice,HyperBeam,QuickAttack|Modest||M|||50|]Aerodactyl||Aerodactylite|Unnerve|IceFang,RockSlide,DualWingbeat,Tailwind|Jolly||M|||50|]Garchomp||LifeOrb|RoughSkin|Protect,RockSlide,DragonClaw,Earthquake|Adamant||M|||50|
|showteam|p2|Pelipper||SitrusBerry|Drizzle|Hurricane,WeatherBall,WideGuard,Protect|Modest||M|||50|]Swampert||Swampertite|Torrent|WaveCrash,HighHorsepower,Protect,IcePunch|Adamant||M|||50|]Archaludon||Leftovers|Stamina|ElectroShot,DragonPulse,FlashCannon,Protect|Modest||F|||50|]Sinistcha||KasibBerry|Hospitality|RagePowder,MatchaGotcha,TrickRoom,Protect|Bold|||||50|]Maushold||FocusSash|FriendGuard|FollowMe,RainDance,SuperFang,Protect|Jolly|||||50|]Gholdengo||LifeOrb|GoodasGold|MakeItRain,ShadowBall,NastyPlot,Protect|Modest|||||50|
|inactive|Battle timer is ON: inactive players will automatically lose when time's up. (requested by VenuDaAscoInRain)
|j| brom47
|
|t:|1783115818
|teamsize|p1|4
|teamsize|p2|4
|start
|switch|p1a: Sylveon|Sylveon, L50, M, shiny|100/100
|switch|p1b: Aerodactyl|Aerodactyl, L50, M, shiny|100/100
|switch|p2a: Maushold|Maushold, L50|100/100
|switch|p2b: Archaludon|Archaludon, L50, F, shiny|100/100
|-ability|p1b: Aerodactyl|Unnerve
|turn|1
|
|t:|1783115838
|move|p2b: Archaludon|Protect|p2b: Archaludon
|-singleturn|p2b: Archaludon|Protect
|move|p1b: Aerodactyl|Tailwind|p1b: Aerodactyl
|-sidestart|p1: VenuDaAscoInRain|move: Tailwind
|move|p1a: Sylveon|Hyper Voice|p2a: Maushold|[spread] p2a
|-activate|p2b: Archaludon|move: Protect
|-damage|p2a: Maushold|40/100
|move|p2a: Maushold|Rain Dance|p2a: Maushold
|-weather|RainDance
|
|-weather|RainDance|[upkeep]
|upkeep
|turn|2
|
|t:|1783115864
|move|p1b: Aerodactyl|Rock Slide|p2a: Maushold|[spread] 
|-miss|p1b: Aerodactyl|p2a: Maushold
|-miss|p1b: Aerodactyl|p2b: Archaludon
|move|p1a: Sylveon|Hyper Voice|p2b: Archaludon|[spread] p2a,p2b
|-damage|p2a: Maushold|0 fnt
|-damage|p2b: Archaludon|65/100
|-ability|p2b: Archaludon|Stamina|boost
|-boost|p2b: Archaludon|def|1
|faint|p2a: Maushold
|move|p2b: Archaludon|Flash Cannon|p1a: Sylveon
|-supereffective|p1a: Sylveon|1
|-damage|p1a: Sylveon|32/100
|-unboost|p1a: Sylveon|spd|1
|
|-weather|RainDance|[upkeep]
|-heal|p2b: Archaludon|72/100|[from] item: Leftovers
|upkeep
|
|t:|1783115881
|switch|p2a: Swampert|Swampert, L50, M, shiny|100/100
|turn|3
|
|t:|1783115893
|detailschange|p2a: Swampert|Swampert-Mega, L50, M, shiny
|-mega|p2a: Swampert|Swampert|Swampertite
|move|p1a: Sylveon|Detect|p1a: Sylveon
|-singleturn|p1a: Sylveon|Protect
|move|p1b: Aerodactyl|Rock Slide|p2b: Archaludon|[spread] p2a,p2b
|-resisted|p2a: Swampert|1
|-resisted|p2b: Archaludon|1
|-damage|p2a: Swampert|89/100
|-damage|p2b: Archaludon|67/100
|-ability|p2b: Archaludon|Stamina|boost
|-boost|p2b: Archaludon|def|1
|cant|p2a: Swampert|flinch
|move|p2b: Archaludon|Flash Cannon|p1a: Sylveon
|-activate|p1a: Sylveon|move: Protect
|
|-weather|RainDance|[upkeep]
|-heal|p2b: Archaludon|73/100|[from] item: Leftovers
|upkeep
|turn|4
|inactive|DevitosBaldHead has 30 seconds left.
|
|t:|1783115919
|switch|p1a: Garchomp|Garchomp, L50, M, shiny|100/100
|move|p1b: Aerodactyl|Rock Slide|p2b: Archaludon|[spread] p2a,p2b
|-resisted|p2a: Swampert|1
|-resisted|p2b: Archaludon|1
|-damage|p2a: Swampert|79/100
|-damage|p2b: Archaludon|69/100
|-ability|p2b: Archaludon|Stamina|boost
|-boost|p2b: Archaludon|def|1
|move|p2a: Swampert|Wave Crash|p1a: Garchomp
|-damage|p1a: Garchomp|8/100
|-damage|p2a: Swampert|66/100|[from] ability: Rough Skin|[of] p1a: Garchomp
|-damage|p2a: Swampert|32/100|[from] Recoil
|move|p2b: Archaludon|Electro Shot||[still]
|-prepare|p2b: Archaludon|Electro Shot
|-boost|p2b: Archaludon|spa|1
|-anim|p2b: Archaludon|Electro Shot|p1b: Aerodactyl
|-supereffective|p1b: Aerodactyl|1
|-damage|p1b: Aerodactyl|0 fnt
|faint|p1b: Aerodactyl
|
|-weather|RainDance|[upkeep]
|-heal|p2b: Archaludon|75/100|[from] item: Leftovers
|-sideend|p1: VenuDaAscoInRain|move: Tailwind
|upkeep
|
|t:|1783115924
|switch|p1b: Charizard|Charizard, L50, M, shiny|100/100
|turn|5
|
|t:|1783115947
|move|p2a: Swampert|Protect|p2a: Swampert
|-singleturn|p2a: Swampert|Protect
|move|p1a: Garchomp|Protect|p1a: Garchomp
|-singleturn|p1a: Garchomp|Protect
|move|p1b: Charizard|Protect|p1b: Charizard
|-singleturn|p1b: Charizard|Protect
|move|p2b: Archaludon|Protect||[still]
|-fail|p2b: Archaludon
|
|-weather|none
|-heal|p2b: Archaludon|81/100|[from] item: Leftovers
|upkeep
|turn|6
|inactive|DevitosBaldHead has 30 seconds left.
|inactive|DevitosBaldHead has 20 seconds left.
|inactive|DevitosBaldHead has 15 seconds left.
|inactive|DevitosBaldHead has 10 seconds left.
|inactive|DevitosBaldHead has 5 seconds left.
|
|t:|1783115998
|detailschange|p1b: Charizard|Charizard-Mega-Y, L50, M, shiny
|-mega|p1b: Charizard|Charizard|Charizardite Y
|-weather|SunnyDay|[from] ability: Drought|[of] p1b: Charizard
|move|p1a: Garchomp|Dragon Claw|p2a: Swampert
|-damage|p2a: Swampert|0 fnt
|faint|p2a: Swampert
|-damage|p1a: Garchomp|0 fnt|[from] item: Life Orb
|faint|p1a: Garchomp
|move|p1b: Charizard|Weather Ball|p2b: Archaludon
|-damage|p2b: Archaludon|0 fnt
|faint|p2b: Archaludon
|
|-weather|SunnyDay|[upkeep]
|upkeep
|
|t:|1783116014
|switch|p1a: Sylveon|Sylveon, L50, M, shiny|32/100
|switch|p2b: Pelipper|Pelipper, L50, M|100/100
|-weather|RainDance|[from] ability: Drizzle|[of] p2b: Pelipper
|turn|7
|
|t:|1783116024
|move|p1b: Charizard|Weather Ball|p2b: Pelipper
|-resisted|p2b: Pelipper|1
|-damage|p2b: Pelipper|45/100
|-enditem|p2b: Pelipper|Sitrus Berry|[eat]
|-heal|p2b: Pelipper|70/100|[from] item: Sitrus Berry
|move|p2b: Pelipper|Weather Ball|p1a: Sylveon
|-damage|p1a: Sylveon|0 fnt
|faint|p1a: Sylveon
|
|-weather|RainDance|[upkeep]
|upkeep
|turn|8
|
|t:|1783116036
|move|p1b: Charizard|Weather Ball|p2b: Pelipper
|-resisted|p2b: Pelipper|1
|-damage|p2b: Pelipper|21/100
|move|p2b: Pelipper|Weather Ball|p1b: Charizard
|-supereffective|p1b: Charizard|1
|-damage|p1b: Charizard|0 fnt
|faint|p1b: Charizard
|
|win|DevitosBaldHead
|raw|VenuDaAscoInRain's rating: 1237 → 1217(-20 for losing)
|raw|DevitosBaldHead's rating: 1309 → 1325(+16 for winning)
