|j|☆Jakobtc
|j|☆2lico
|html|Jakobtc2lico    
|uhtml|bestof|Game 2 of a best-of-3
|t:|1756756123
|gametype|doubles
|player|p1|Jakobtc|riley|1194
|player|p2|2lico|mrstone|1306
|gen|9
|tier|[Gen 9] VGC 2025 Reg H (Bo3)
|rated|
|rule|Species Clause: Limit one of each Pokémon
|rule|Item Clause: Limit 1 of each item
|clearpoke
|poke|p1|Gholdengo, L50|
|poke|p1|Incineroar, L50, M|
|poke|p1|Ursaluna, L50, M|
|poke|p1|Porygon2, L50|
|poke|p1|Kilowattrel, L50, M|
|poke|p1|Sneasler, L50, F|
|poke|p2|Excadrill, L50, M|
|poke|p2|Tyranitar, L50, F|
|poke|p2|Sneasler, L50, F|
|poke|p2|Indeedee, L50, M|
|poke|p2|Corviknight, L50, M|
|poke|p2|Annihilape, L50, M|
|teampreview|4
|showteam|p1|Gholdengo||LifeOrb|GoodasGold|MakeItRain,ShadowBall,NastyPlot,Protect||||||50|,,,,,Dragon]Incineroar||SafetyGoggles|Intimidate|FakeOut,FlareBlitz,KnockOff,PartingShot|||M|||50|,,,,,Bug]Ursaluna||FlameOrb|Guts|Facade,HeadlongRush,Earthquake,Protect|||M|||50|,,,,,Ghost]Porygon2||Eviolite|Download|TeraBlast,IceBeam,Recover,TrickRoom||||||50|,,,,,Flying]Kilowattrel||FocusSash|Competitive|AirSlash,Thunderbolt,Tailwind,Protect|||M|||50|,,,,,Ghost]Sneasler||WhiteHerb|Unburden|DireClaw,CloseCombat,Taunt,Protect|||F|||50|,,,,,Stellar
|showteam|p2|Excadrill||FocusSash|SandRush|IronHead,HighHorsepower,Earthquake,Protect|||M|||50|,,,,,Stellar]Tyranitar||AssaultVest|SandStream|RockSlide,KnockOff,TeraBlast,LowKick|||F|||50|,,,,,Flying]Sneasler||PsychicSeed|Unburden|DireClaw,CloseCombat,ThroatChop,Protect|||F|||50|,,,,,Dark]Indeedee||ChoiceScarf|PsychicSurge|ExpandingForce,TeraBlast,Protect,Trick|||M|||50|,,,,,Psychic]Corviknight||Leftovers|MirrorArmor|BraveBird,BulkUp,Roost,Tailwind|||M|||50|,,,,,Dragon]Annihilape||SafetyGoggles|Defiant|CloseCombat,FinalGambit,RageFist,Taunt|||M|||50|,,,,,Water
|inactive|Battle timer is ON: inactive players will automatically lose when time's up. (requested by Jakobtc)
|
|t:|1756756144
|teamsize|p1|4
|teamsize|p2|4
|start
|switch|p1a: Kilowattrel|Kilowattrel, L50, M|100/100
|switch|p1b: Gholdengo|Gholdengo, L50|100/100
|switch|p2a: Annihilape|Annihilape, L50, M|100/100
|switch|p2b: Corviknight|Corviknight, L50, M|100/100
|turn|1
|inactive|2lico has 30 seconds left.
|
|t:|1756756172
|switch|p2a: Tyranitar|Tyranitar, L50, F, shiny|100/100
|-weather|Sandstorm|[from] ability: Sand Stream|[of] p2a: Tyranitar
|move|p1a: Kilowattrel|Thunderbolt|p2b: Corviknight
|-supereffective|p2b: Corviknight
|-damage|p2b: Corviknight|21/100
|move|p1b: Gholdengo|Nasty Plot|p1b: Gholdengo
|-boost|p1b: Gholdengo|spa|2
|move|p2b: Corviknight|Tailwind|p2b: Corviknight
|-sidestart|p2: 2lico|move: Tailwind
|
|-weather|Sandstorm|[upkeep]
|-damage|p1a: Kilowattrel|94/100|[from] Sandstorm
|-heal|p2b: Corviknight|27/100|[from] item: Leftovers
|upkeep
|turn|2
|inactive|Jakobtc has 30 seconds left.
|inactive|2lico has 30 seconds left.
|inactive|Jakobtc has 20 seconds left.
|
|t:|1756756209
|switch|p1a: Porygon2|Porygon2, L50, shiny|100/100
|-ability|p1a: Porygon2|Download|boost
|-boost|p1a: Porygon2|spa|1
|switch|p2b: Excadrill|Excadrill, L50, M, shiny|100/100
|move|p1b: Gholdengo|Protect|p1b: Gholdengo
|-singleturn|p1b: Gholdengo|Protect
|move|p2a: Tyranitar|Rock Slide|p1a: Porygon2|[spread] p1a
|-activate|p1b: Gholdengo|move: Protect
|-damage|p1a: Porygon2|79/100
|
|-weather|Sandstorm|[upkeep]
|-damage|p1a: Porygon2|72/100|[from] Sandstorm
|upkeep
|turn|3
|inactive|Jakobtc has 30 seconds left.
|inactive|Jakobtc has 20 seconds left.
|
|t:|1756756244
|-terastallize|p2a: Tyranitar|Flying
|-terastallize|p1b: Gholdengo|Dragon
|move|p2b: Excadrill|Earthquake|p1b: Gholdengo|[spread] p1a,p1b
|-immune|p2a: Tyranitar
|-damage|p1a: Porygon2|45/100
|-damage|p1b: Gholdengo|57/100
|move|p2a: Tyranitar|Rock Slide|p1b: Gholdengo|[spread] p1a,p1b
|-damage|p1a: Porygon2|26/100
|-damage|p1b: Gholdengo|23/100
|move|p1b: Gholdengo|Make It Rain|p2a: Tyranitar|[spread] p2a,p2b
|-resisted|p2b: Excadrill
|-damage|p2a: Tyranitar|27/100
|-damage|p2b: Excadrill|17/100
|-unboost|p1b: Gholdengo|spa|1
|-damage|p1b: Gholdengo|14/100|[from] item: Life Orb
|cant|p1a: Porygon2|flinch
|
|-weather|Sandstorm|[upkeep]
|-damage|p2a: Tyranitar|21/100|[from] Sandstorm
|-damage|p1b: Gholdengo|8/100|[from] Sandstorm
|-damage|p1a: Porygon2|20/100|[from] Sandstorm
|upkeep
|turn|4
|inactive|Jakobtc has 30 seconds left.
|inactive|Jakobtc has 20 seconds left.
|
|t:|1756756281
|switch|p2a: Corviknight|Corviknight, L50, M|27/100
|move|p1b: Gholdengo|Protect|p1b: Gholdengo
|-singleturn|p1b: Gholdengo|Protect
|move|p2b: Excadrill|Earthquake|p1b: Gholdengo|[spread] p1a
|-activate|p1b: Gholdengo|move: Protect
|-immune|p2a: Corviknight
|-damage|p1a: Porygon2|0 fnt
|faint|p1a: Porygon2
|
|-weather|Sandstorm|[upkeep]
|-damage|p1b: Gholdengo|2/100|[from] Sandstorm
|-heal|p2a: Corviknight|33/100|[from] item: Leftovers
|-sideend|p2: 2lico|move: Tailwind
|upkeep
|
|t:|1756756294
|switch|p1a: Kilowattrel|Kilowattrel, L50, M|94/100
|turn|5
|inactive|2lico has 30 seconds left.
|
|t:|1756756326
|switch|p1b: Ursaluna|Ursaluna, L50, M|100/100
|move|p2b: Excadrill|Earthquake|p1b: Ursaluna|[spread] p1b
|-immune|p2a: Corviknight
|-immune|p1a: Kilowattrel
|-damage|p1b: Ursaluna|72/100
|move|p1a: Kilowattrel|Thunderbolt|p2a: Corviknight
|-supereffective|p2a: Corviknight
|-damage|p2a: Corviknight|0 fnt
|faint|p2a: Corviknight
|
|-weather|none
|-status|p1b: Ursaluna|brn|[from] item: Flame Orb
|upkeep
|
|t:|1756756338
|switch|p2a: Tyranitar|Tyranitar, L50, F, shiny, tera:Flying|21/100
|-weather|Sandstorm|[from] ability: Sand Stream|[of] p2a: Tyranitar
|turn|6
|
|t:|1756756358
|switch|p2a: Annihilape|Annihilape, L50, M|100/100
|move|p2b: Excadrill|Iron Head|p1b: Ursaluna
|-damage|p1b: Ursaluna|40/100 brn
|move|p1a: Kilowattrel|Tailwind|p1a: Kilowattrel
|-sidestart|p1: Jakobtc|move: Tailwind
|move|p1b: Ursaluna|Facade|p2a: Annihilape
|-immune|p2a: Annihilape
|
|-weather|Sandstorm|[upkeep]
|-damage|p1a: Kilowattrel|88/100|[from] Sandstorm
|-damage|p1b: Ursaluna|34/100 brn|[from] brn
|upkeep
|turn|7
|inactive|2lico has 30 seconds left.
|
|t:|1756756389
|move|p1a: Kilowattrel|Air Slash|p2a: Annihilape
|-supereffective|p2a: Annihilape
|-damage|p2a: Annihilape|34/100
|move|p2b: Excadrill|Iron Head|p1a: Kilowattrel
|-resisted|p1a: Kilowattrel
|-damage|p1a: Kilowattrel|41/100
|move|p2a: Annihilape|Close Combat|p1b: Ursaluna
|-supereffective|p1b: Ursaluna
|-damage|p1b: Ursaluna|0 fnt
|-unboost|p2a: Annihilape|def|1
|-unboost|p2a: Annihilape|spd|1
|faint|p1b: Ursaluna
|
|-weather|Sandstorm|[upkeep]
|-damage|p1a: Kilowattrel|35/100|[from] Sandstorm
|upkeep
|
|t:|1756756405
|switch|p1b: Gholdengo|Gholdengo, L50, tera:Dragon|2/100
|turn|8
|
|t:|1756756427
|move|p2b: Excadrill|Protect|p2b: Excadrill
|-singleturn|p2b: Excadrill|Protect
|move|p1a: Kilowattrel|Air Slash|p2b: Excadrill
|-activate|p2b: Excadrill|move: Protect
|move|p1b: Gholdengo|Shadow Ball|p2a: Annihilape
|-supereffective|p2a: Annihilape
|-damage|p2a: Annihilape|0 fnt
|faint|p2a: Annihilape
|-damage|p1b: Gholdengo|0 fnt|[from] item: Life Orb
|faint|p1b: Gholdengo
|
|-weather|Sandstorm|[upkeep]
|-damage|p1a: Kilowattrel|29/100|[from] Sandstorm
|upkeep
|
|t:|1756756434
|switch|p2a: Tyranitar|Tyranitar, L50, F, shiny, tera:Flying|21/100
|turn|9
|
|t:|1756756443
|move|p1a: Kilowattrel|Thunderbolt|p2a: Tyranitar
|-supereffective|p2a: Tyranitar
|-damage|p2a: Tyranitar|0 fnt
|faint|p2a: Tyranitar
|move|p2b: Excadrill|Iron Head|p1a: Kilowattrel
|-resisted|p1a: Kilowattrel
|-damage|p1a: Kilowattrel|0 fnt
|faint|p1a: Kilowattrel
|
|win|2lico
||2lico is ready for game 3.
