|j|☆nuclearnutz321
|j|☆enrique132132
|html|nuclearnutz321enrique132132    
|uhtml|bestof|Game 2 of a best-of-3
|t:|1756151347
|gametype|doubles
|player|p1|nuclearnutz321|pokemonrangerf|1101
|player|p2|enrique132132|265|1149
|gen|9
|tier|[Gen 9] VGC 2025 Reg H (Bo3)
|rated|
|rule|Species Clause: Limit one of each Pokémon
|rule|Item Clause: Limit 1 of each item
|clearpoke
|poke|p1|Chandelure, L50, F|
|poke|p1|Hariyama, L50, M|
|poke|p1|Volcarona, L50, F|
|poke|p1|Gliscor, L50, M|
|poke|p1|Rillaboom, L50, F|
|poke|p1|Baxcalibur, L50, M|
|poke|p2|Indeedee, L50, M|
|poke|p2|Sneasler, L50, F|
|poke|p2|Talonflame, L50, F|
|poke|p2|Ursaluna-Bloodmoon, L50, M|
|poke|p2|Electabuzz, L50, F|
|poke|p2|Incineroar, L50, F|
|teampreview|4
|showteam|p1|Chandelure||FocusSash|FlashFire|HeatWave,ShadowBall,TrickRoom,Protect|||F|||50|,,,,,Grass]Hariyama||FlameOrb|Guts|WideGuard,FakeOut,CloseCombat,KnockOff|||M|||50|,,,,,Ghost]Volcarona||SafetyGoggles|FlameBody|Tailwind,FieryDance,RagePowder,StruggleBug|||F|||50|,,,,,Dragon]Gliscor||ToxicOrb|PoisonHeal|SwordsDance,DualWingbeat,HighHorsepower,Protect|||M|||50|,,,,,Steel]Rillaboom||AssaultVest|GrassySurge|FakeOut,GrassyGlide,WoodHammer,Uturn|||F|||50|,,,,,Grass]Baxcalibur||LoadedDice|ThermalExchange|ScaleShot,SwordsDance,IcicleSpear,Protect|||M|||50|,,,,,Poison
|showteam|p2|Indeedee||FocusSash|PsychicSurge|ExpandingForce,HelpingHand,TrickRoom,Protect|||M|||50|,,,,,Psychic]Sneasler||PsychicSeed|Unburden|CloseCombat,DireClaw,ThroatChop,Protect|||F|||50|,,,,,Dark]Talonflame||CovertCloak|GaleWings|FlareBlitz,DualWingbeat,WillOWisp,Tailwind|||F|||50|,,,,,Fairy]Ursaluna-Bloodmoon||LifeOrb|MindsEye|BloodMoon,HyperVoice,EarthPower,Protect|||M|||50|,,,,,Normal]Electabuzz||Eviolite|VitalSpirit|Electroweb,FollowMe,Taunt,Protect|||F|||50|,,,,,Dragon]Incineroar||SafetyGoggles|Intimidate|FlareBlitz,KnockOff,PartingShot,FakeOut|||F|||50|,,,,,Ghost
|
|t:|1756151358
|teamsize|p1|4
|teamsize|p2|4
|start
|switch|p1a: Hariyama|Hariyama, L50, M|100/100
|switch|p1b: Chandelure|Chandelure, L50, F|100/100
|switch|p2a: Electabuzz|Electabuzz, L50, F|100/100
|switch|p2b: Ursaluna|Ursaluna-Bloodmoon, L50, M|100/100
|turn|1
|
|t:|1756151387
|switch|p1b: Rillaboom|Rillaboom, L50, F|100/100
|-fieldstart|move: Grassy Terrain|[from] ability: Grassy Surge|[of] p1b: Rillaboom
|switch|p2b: Indeedee|Indeedee, L50, M|100/100
|-fieldstart|move: Psychic Terrain|[from] ability: Psychic Surge|[of] p2b: Indeedee
|move|p1a: Hariyama|Fake Out|p2b: Indeedee
|-activate|p2b: Indeedee|move: Psychic Terrain
|move|p2a: Electabuzz|Taunt|p1b: Rillaboom
|-start|p1b: Rillaboom|move: Taunt
|
|-status|p1a: Hariyama|brn|[from] item: Flame Orb
|upkeep
|turn|2
|
|t:|1756151423
|-terastallize|p2b: Indeedee|Psychic
|move|p1a: Hariyama|Wide Guard|p1a: Hariyama
|-singleturn|p1a: Hariyama|Wide Guard
|move|p2a: Electabuzz|Follow Me|p2a: Electabuzz
|-singleturn|p2a: Electabuzz|move: Follow Me
|move|p2b: Indeedee|Expanding Force|p1a: Hariyama|[spread] 
|-activate|p1a: Hariyama|move: Wide Guard
|-activate|p1b: Rillaboom|move: Wide Guard
|move|p1b: Rillaboom|U-turn|p2a: Electabuzz
|-damage|p2a: Electabuzz|74/100
|inactive|Battle timer is ON: inactive players will automatically lose when time's up. (requested by enrique132132)
|
|t:|1756151460
|switch|p1b: Baxcalibur|Baxcalibur, L50, M|100/100|[from] U-turn
|
|-damage|p1a: Hariyama|95/100 brn|[from] brn
|upkeep
|turn|3
|
|t:|1756151467
|move|p2b: Indeedee|Protect|p2b: Indeedee
|-singleturn|p2b: Indeedee|Protect
|move|p1a: Hariyama|Wide Guard|p1a: Hariyama
|-singleturn|p1a: Hariyama|Wide Guard
|move|p2a: Electabuzz|Taunt|p1a: Hariyama
|-start|p1a: Hariyama|move: Taunt
|move|p1b: Baxcalibur|Scale Shot|p2b: Indeedee
|-activate|p2b: Indeedee|move: Protect
|
|-damage|p1a: Hariyama|89/100 brn|[from] brn
|upkeep
|turn|4
|
|t:|1756151488
|switch|p2b: Ursaluna|Ursaluna-Bloodmoon, L50, M|100/100
|switch|p1a: Rillaboom|Rillaboom, L50, F|100/100
|-fieldstart|move: Grassy Terrain|[from] ability: Grassy Surge|[of] p1a: Rillaboom
|move|p2a: Electabuzz|Follow Me|p2a: Electabuzz
|-singleturn|p2a: Electabuzz|move: Follow Me
|move|p1b: Baxcalibur|Scale Shot|p2a: Electabuzz
|-damage|p2a: Electabuzz|60/100
|-damage|p2a: Electabuzz|45/100
|-damage|p2a: Electabuzz|31/100
|-damage|p2a: Electabuzz|17/100
|-damage|p2a: Electabuzz|2/100
|-hitcount|p2a: Electabuzz|5
|-unboost|p1b: Baxcalibur|def|1
|-boost|p1b: Baxcalibur|spe|1
|
|-heal|p2a: Electabuzz|8/100|[from] Grassy Terrain
|upkeep
|turn|5
|inactive|nuclearnutz321 has 30 seconds left.
|inactive|enrique132132 has 30 seconds left.
|
|t:|1756151519
|-terastallize|p1a: Rillaboom|Grass
|move|p2b: Ursaluna|Protect|p2b: Ursaluna
|-singleturn|p2b: Ursaluna|Protect
|move|p1b: Baxcalibur|Icicle Spear|p2a: Electabuzz
|-damage|p2a: Electabuzz|0 fnt
|faint|p2a: Electabuzz
|-hitcount|p2: Electabuzz|1
|move|p1a: Rillaboom|Wood Hammer|p2b: Ursaluna
|-activate|p2b: Ursaluna|move: Protect
|
|upkeep
|
|t:|1756151526
|switch|p2a: Indeedee|Indeedee, L50, M, tera:Psychic|100/100
|-fieldstart|move: Psychic Terrain|[from] ability: Psychic Surge|[of] p2a: Indeedee
|turn|6
|
|t:|1756151540
|switch|p2b: Sneasler|Sneasler, L50, F|100/100
|-enditem|p2b: Sneasler|Psychic Seed
|-boost|p2b: Sneasler|spd|1|[from] item: Psychic Seed
|move|p1b: Baxcalibur|Icicle Spear|p2a: Indeedee
|-damage|p2a: Indeedee|72/100
|-damage|p2a: Indeedee|40/100
|-damage|p2a: Indeedee|9/100
|-damage|p2a: Indeedee|0 fnt
|faint|p2a: Indeedee
|-hitcount|p2: Indeedee|4
|move|p1a: Rillaboom|U-turn|p2b: Sneasler
|-resisted|p2b: Sneasler
|-damage|p2b: Sneasler|90/100
|
|t:|1756151554
|switch|p1a: Chandelure|Chandelure, L50, F|100/100|[from] U-turn
|
|upkeep
|
|t:|1756151557
|switch|p2a: Ursaluna|Ursaluna-Bloodmoon, L50, M|100/100
|turn|7
|
|t:|1756151580
|switch|p1a: Rillaboom|Rillaboom, L50, F, tera:Grass|100/100
|-fieldstart|move: Grassy Terrain|[from] ability: Grassy Surge|[of] p1a: Rillaboom
|move|p2b: Sneasler|Dire Claw|p1b: Baxcalibur
|-damage|p1b: Baxcalibur|44/100
|-status|p1b: Baxcalibur|par
|move|p2a: Ursaluna|Earth Power|p1a: Rillaboom
|-resisted|p1a: Rillaboom
|-damage|p1a: Rillaboom|76/100
|-damage|p2a: Ursaluna|91/100|[from] item: Life Orb
|move|p1b: Baxcalibur|Icicle Spear|p2b: Sneasler
|-damage|p2b: Sneasler|66/100
|-damage|p2b: Sneasler|45/100
|-damage|p2b: Sneasler|24/100
|-damage|p2b: Sneasler|2/100
|-damage|p2b: Sneasler|0 fnt
|faint|p2b: Sneasler
|-hitcount|p2: Sneasler|5
|
|-heal|p1a: Rillaboom|82/100|[from] Grassy Terrain
|-heal|p2a: Ursaluna|97/100|[from] Grassy Terrain
|-heal|p1b: Baxcalibur|50/100 par|[from] Grassy Terrain
|upkeep
|turn|8
|
|t:|1756151596
|move|p2a: Ursaluna|Protect|p2a: Ursaluna
|-singleturn|p2a: Ursaluna|Protect
|move|p1a: Rillaboom|Wood Hammer|p2a: Ursaluna
|-activate|p2a: Ursaluna|move: Protect
|move|p1b: Baxcalibur|Icicle Spear|p2a: Ursaluna
|-activate|p2a: Ursaluna|move: Protect
|
|-heal|p1a: Rillaboom|89/100|[from] Grassy Terrain
|-heal|p2a: Ursaluna|100/100|[from] Grassy Terrain
|-heal|p1b: Baxcalibur|57/100 par|[from] Grassy Terrain
|upkeep
|turn|9
|
|t:|1756151613
|move|p1a: Rillaboom|Wood Hammer|p2a: Ursaluna
|-supereffective|p2a: Ursaluna
|-damage|p2a: Ursaluna|0 fnt
|faint|p2a: Ursaluna
|-damage|p1a: Rillaboom|56/100|[from] Recoil
|
|win|nuclearnutz321
|raw|nuclearnutz321's rating: 1101 → 1129(+28 for winning)
|raw|enrique132132's rating: 1149 → 1121(-28 for losing)
|l|☆enrique132132
|player|p2|
|j|☆enrique132132
|player|p2|enrique132132|265|
