|j|☆johnrg
|j|☆C.blaze
|html|johnrgC.blaze    
|uhtml|bestof|Game 1 of a best-of-3
|t:|1757715238
|gametype|doubles
|player|p1|johnrg|265|1294
|player|p2|C.blaze|266|1358
|gen|9
|tier|[Gen 9] VGC 2025 Reg H (Bo3)
|rated|
|rule|Species Clause: Limit one of each Pokémon
|rule|Item Clause: Limit 1 of each item
|clearpoke
|poke|p1|Typhlosion-Hisui, L50, F|
|poke|p1|Torkoal, L50, F|
|poke|p1|Porygon2, L50|
|poke|p1|Incineroar, L50, F|
|poke|p1|Jumpluff, L50, F|
|poke|p1|Ursaluna, L50, M|
|poke|p2|Tyranitar, L50, F|
|poke|p2|Gholdengo, L50|
|poke|p2|Salamence, L50, M|
|poke|p2|Amoonguss, L50, F|
|poke|p2|Porygon2, L50|
|poke|p2|Tauros-Paldea-Blaze, L50, M|
|teampreview|4
|showteam|p1|Typhlosion-Hisui||ChoiceSpecs|Blaze|Eruption,HeatWave,ShadowBall,Overheat|||F|||50|,,,,,Fire]Torkoal||EjectPack|Drought|Eruption,Overheat,HelpingHand,Protect|||F|||50|,,,,,Flying]Porygon2||Eviolite|Download|TeraBlast,IceBeam,Recover,TrickRoom||||||50|,,,,,Fighting]Incineroar||SitrusBerry|Intimidate|FlareBlitz,KnockOff,FakeOut,PartingShot|||F|||50|,,,,,Ghost]Jumpluff||CovertCloak|Chlorophyll|SleepPowder,SunnyDay,RagePowder,Tailwind|||F|||50|,,,,,Water]Ursaluna||FlameOrb|Guts|HeadlongRush,Facade,Earthquake,Protect|||M|||50|,,,,,Ghost
|showteam|p2|Tyranitar||AssaultVest|SandStream|RockSlide,KnockOff,TeraBlast,LowKick|||F|||50|,,,,,Flying]Gholdengo||LifeOrb|GoodasGold|MakeItRain,ShadowBall,Protect,NastyPlot||||||50|,,,,,Water]Salamence||CovertCloak|Intimidate|DracoMeteor,Flamethrower,Protect,Tailwind|||M|||50|,,,,,Steel]Amoonguss||MentalHerb|Regenerator|ClearSmog,PollenPuff,Spore,RagePowder|||F|||50|,,,,,Water]Porygon2||Eviolite|Download|TeraBlast,IceBeam,Recover,TrickRoom||||||50|,,,,,Fighting]Tauros-Paldea-Blaze||SafetyGoggles|Intimidate|RagingBull,WillOWisp,Protect,CloseCombat|||M|||50|,,,,,Water
|inactive|Battle timer is ON: inactive players will automatically lose when time's up. (requested by johnrg)
|inactive|johnrg has 60 seconds left.
|inactive|C.blaze has 60 seconds left.
|j| Trestkon
|
|t:|1757715287
|teamsize|p1|4
|teamsize|p2|4
|start
|switch|p1a: Porygon2|Porygon2, L50|100/100
|switch|p1b: Incineroar|Incineroar, L50, F|100/100
|switch|p2a: Gholdengo|Gholdengo, L50|100/100
|switch|p2b: Tauros|Tauros-Paldea-Blaze, L50, M|100/100
|-ability|p2b: Tauros|Intimidate|boost
|-unboost|p1a: Porygon2|atk|1
|-unboost|p1b: Incineroar|atk|1
|-ability|p1a: Porygon2|Download|boost
|-boost|p1a: Porygon2|spa|1
|-ability|p1b: Incineroar|Intimidate|boost
|-unboost|p2a: Gholdengo|atk|1
|-unboost|p2b: Tauros|atk|1
|turn|1
|
|t:|1757715309
|-terastallize|p1b: Incineroar|Ghost
|move|p2b: Tauros|Close Combat|p1b: Incineroar
|-immune|p1b: Incineroar
|move|p2a: Gholdengo|Nasty Plot|p2a: Gholdengo
|-boost|p2a: Gholdengo|spa|2
|move|p1a: Porygon2|Tera Blast|p2b: Tauros
|-damage|p2b: Tauros|12/100
|move|p1b: Incineroar|Knock Off|p2a: Gholdengo
|-supereffective|p2a: Gholdengo
|-damage|p2a: Gholdengo|54/100
|-enditem|p2a: Gholdengo|Life Orb|[from] move: Knock Off|[of] p1b: Incineroar
|
|upkeep
|turn|2
|
|t:|1757715331
|move|p2b: Tauros|Close Combat|p1a: Porygon2
|-supereffective|p1a: Porygon2
|-damage|p1a: Porygon2|44/100
|-unboost|p2b: Tauros|def|1
|-unboost|p2b: Tauros|spd|1
|move|p2a: Gholdengo|Make It Rain|p1a: Porygon2|[spread] p1a,p1b
|-damage|p1a: Porygon2|0 fnt
|-damage|p1b: Incineroar|29/100
|-unboost|p2a: Gholdengo|spa|1
|-enditem|p1b: Incineroar|Sitrus Berry|[eat]
|-heal|p1b: Incineroar|53/100|[from] item: Sitrus Berry
|faint|p1a: Porygon2
|move|p1b: Incineroar|Flare Blitz|p2a: Gholdengo
|-supereffective|p2a: Gholdengo
|-damage|p2a: Gholdengo|0 fnt
|faint|p2a: Gholdengo
|-damage|p1b: Incineroar|37/100|[from] Recoil
|
|upkeep
|
|t:|1757715341
|switch|p2a: Salamence|Salamence, L50, M|100/100
|switch|p1a: Ursaluna|Ursaluna, L50, M|100/100
|-ability|p2a: Salamence|Intimidate|boost
|-unboost|p1a: Ursaluna|atk|1
|-unboost|p1b: Incineroar|atk|1
|turn|3
|
|t:|1757715350
|move|p1a: Ursaluna|Protect|p1a: Ursaluna
|-singleturn|p1a: Ursaluna|Protect
|move|p2a: Salamence|Tailwind|p2a: Salamence
|-sidestart|p2: C.blaze|move: Tailwind
|move|p2b: Tauros|Raging Bull|p1b: Incineroar
|-damage|p1b: Incineroar|9/100
|move|p1b: Incineroar|Parting Shot|p2a: Salamence
|-unboost|p2a: Salamence|atk|1
|-unboost|p2a: Salamence|spa|1
|
|t:|1757715358
|switch|p1b: Torkoal|Torkoal, L50, F|100/100|[from] Parting Shot
|-weather|SunnyDay|[from] ability: Drought|[of] p1b: Torkoal
|
|-weather|SunnyDay|[upkeep]
|-status|p1a: Ursaluna|brn|[from] item: Flame Orb
|upkeep
|turn|4
|
|t:|1757715373
|switch|p1a: Incineroar|Incineroar, L50, F, tera:Ghost|9/100
|-ability|p1a: Incineroar|Intimidate|boost
|-unboost|p2a: Salamence|atk|1
|-unboost|p2b: Tauros|atk|1
|move|p2a: Salamence|Flamethrower|p1a: Incineroar
|-damage|p1a: Incineroar|0 fnt
|faint|p1a: Incineroar
|move|p2b: Tauros|Close Combat|p1b: Torkoal
|-damage|p1b: Torkoal|77/100
|-unboost|p2b: Tauros|def|1
|-unboost|p2b: Tauros|spd|1
|move|p1b: Torkoal|Overheat|p2b: Tauros|[miss]
|-miss|p1b: Torkoal|p2b: Tauros
|
|-weather|SunnyDay|[upkeep]
|upkeep
|
|t:|1757715385
|switch|p1a: Ursaluna|Ursaluna, L50, M|100/100 brn
|turn|5
|
|t:|1757715392
|move|p2a: Salamence|Protect|p2a: Salamence
|-singleturn|p2a: Salamence|Protect
|move|p2b: Tauros|Close Combat|p1a: Ursaluna
|-supereffective|p1a: Ursaluna
|-damage|p1a: Ursaluna|57/100 brn
|-unboost|p2b: Tauros|def|1
|-unboost|p2b: Tauros|spd|1
|move|p1a: Ursaluna|Facade|p2a: Salamence
|-activate|p2a: Salamence|move: Protect
|move|p1b: Torkoal|Eruption|p2a: Salamence|[spread] p2b
|-activate|p2a: Salamence|move: Protect
|-resisted|p2b: Tauros
|-damage|p2b: Tauros|0 fnt
|faint|p2b: Tauros
|
|-weather|SunnyDay|[upkeep]
|-damage|p1a: Ursaluna|51/100 brn|[from] brn
|upkeep
|
|t:|1757715404
|switch|p2b: Tyranitar|Tyranitar, L50, F|100/100
|-weather|Sandstorm|[from] ability: Sand Stream|[of] p2b: Tyranitar
|turn|6
|
|t:|1757715423
|-terastallize|p2b: Tyranitar|Flying
|move|p2a: Salamence|Draco Meteor|p1b: Torkoal
|-damage|p1b: Torkoal|25/100
|-unboost|p2a: Salamence|spa|2
|move|p2b: Tyranitar|Low Kick|p1a: Ursaluna
|-supereffective|p1a: Ursaluna
|-damage|p1a: Ursaluna|0 fnt
|faint|p1a: Ursaluna
|move|p1b: Torkoal|Eruption|p2a: Salamence|[spread] p2a,p2b
|-resisted|p2a: Salamence
|-damage|p2a: Salamence|93/100
|-damage|p2b: Tyranitar|94/100
|
|-weather|Sandstorm|[upkeep]
|-damage|p2a: Salamence|87/100|[from] Sandstorm
|-damage|p2b: Tyranitar|88/100|[from] Sandstorm
|-damage|p1b: Torkoal|19/100|[from] Sandstorm
|-sideend|p2: C.blaze|move: Tailwind
|upkeep
|turn|7
|-message|johnrg forfeited.
|
|win|C.blaze
|l|☆johnrg
|player|p1|
||johnrg is ready for game 2.
||C.blaze is ready for game 2.
|uhtml|next|Next: Game 2 of 3
|j|☆johnrg
|player|p1|johnrg|265|
