|j|☆lux raymundi
|j|☆papucaru
|html|lux raymundipapucaru    
|uhtml|bestof|Game 1 of a best-of-3
|t:|1783108854
|gametype|doubles
|player|p1|lux raymundi|2|1133
|player|p2|papucaru|169|1165
|gen|9
|tier|[Gen 9 Champions] VGC 2026 Reg M-B (Bo3)
|rated|
|rule|Species Clause: Limit one of each Pokémon
|rule|Item Clause: Limit 1 of each item
|clearpoke
|poke|p1|Farigiraf, L50, F|
|poke|p1|Floette-Eternal, L50, F|
|poke|p1|Basculegion, L50, M|
|poke|p1|Sneasler, L50, M|
|poke|p1|Sinistcha, L50|
|poke|p1|Delphox, L50, F|
|poke|p2|Blastoise, L50, F|
|poke|p2|Slowking-Galar, L50, F|
|poke|p2|Pelipper, L50, M|
|poke|p2|Archaludon, L50, F|
|poke|p2|Kingambit, L50, M|
|poke|p2|Sylveon, L50, F|
|teampreview|4
|showteam|p1|Farigiraf||SitrusBerry|ArmorTail|TrickRoom,HelpingHand,Protect,TwinBeam|Bold||F|||50|]Floette-Eternal||Floettite|FlowerVeil|CalmMind,DazzlingGleam,Moonblast,Protect|Modest||F|||50|]Basculegion||FocusSash|Adaptability|AquaJet,Liquidation,LastRespects,Protect|Adamant||M|||50|]Sneasler||WhiteHerb|Unburden|FakeOut,CloseCombat,DireClaw,Protect|Jolly||M|||50|]Sinistcha||KasibBerry|Hospitality|MatchaGotcha,RagePowder,TrickRoom,LifeDew|Serious|||||50|]Delphox||Delphoxite|Blaze|NastyPlot,HeatWave,Psychic,Protect|Timid||F|||50|
|showteam|p2|Blastoise||Blastoisinite|Torrent|Protect,FakeOut,WaterSpout,AuraSphere|Modest||F|||50|]Slowking-Galar||MentalHerb|Regenerator|TrickRoom,RainDance,AcidSpray,HealPulse|Relaxed||F|||50|]Pelipper||SitrusBerry|Drizzle|WeatherBall,Uturn,Hurricane,Tailwind|Modest||M|||50|]Archaludon||DragonFang|Sturdy|Protect,DracoMeteor,SteelBeam,ElectroShot|Modest||F|||50|]Kingambit||BlackGlasses|Defiant|Protect,SwordsDance,KowtowCleave,SuckerPunch|Brave||M|||50|]Sylveon||FairyFeather|Pixilate|Detect,QuickAttack,HyperVoice,Psyshock|Modest||F|||50|
|
|t:|1783108903
|teamsize|p1|4
|teamsize|p2|4
|start
|switch|p1a: Sneasler|Sneasler, L50, M|100/100
|switch|p1b: Floette|Floette-Eternal, L50, F|100/100
|switch|p2a: Blastoise|Blastoise, L50, F|100/100
|switch|p2b: Slowking|Slowking-Galar, L50, F|100/100
|turn|1
|
|t:|1783108929
|detailschange|p1b: Floette|Floette-Mega, L50, F
|-mega|p1b: Floette|Floette|Floettite
|-ability|p1b: Floette|Fairy Aura
|detailschange|p2a: Blastoise|Blastoise-Mega, L50, F
|-mega|p2a: Blastoise|Blastoise|Blastoisinite
|move|p1a: Sneasler|Fake Out|p2a: Blastoise
|-damage|p2a: Blastoise|88/100
|cant|p2a: Blastoise|flinch
|move|p1b: Floette|Calm Mind|p1b: Floette
|-boost|p1b: Floette|spa|1
|-boost|p1b: Floette|spd|1
|move|p2b: Slowking|Trick Room|p2b: Slowking
|-fieldstart|move: Trick Room|[of] p2b: Slowking
|
|upkeep
|turn|2
|
|t:|1783108945
|switch|p1a: Farigiraf|Farigiraf, L50, F|100/100
|move|p2b: Slowking|Rain Dance|p2b: Slowking
|-weather|RainDance
|move|p2a: Blastoise|Water Spout|p1b: Floette|[spread] p1a,p1b
|-damage|p1a: Farigiraf|28/100
|-damage|p1b: Floette|60/100
|-enditem|p1a: Farigiraf|Sitrus Berry|[eat]
|-heal|p1a: Farigiraf|52/100|[from] item: Sitrus Berry
|move|p1b: Floette|Moonblast|p2a: Blastoise
|-damage|p2a: Blastoise|0 fnt
|faint|p2a: Blastoise
|
|-weather|RainDance|[upkeep]
|upkeep
|
|t:|1783108956
|switch|p2a: Archaludon|Archaludon, L50, F|100/100
|turn|3
|
|t:|1783108975
|switch|p1a: Sneasler|Sneasler, L50, M|100/100
|move|p1b: Floette|Protect|p1b: Floette
|-singleturn|p1b: Floette|Protect
|move|p2b: Slowking|Acid Spray|p1a: Sneasler
|-resisted|p1a: Sneasler|1
|-damage|p1a: Sneasler|89/100
|-unboost|p1a: Sneasler|spd|2
|-enditem|p1a: Sneasler|White Herb
|-clearnegativeboost|p1a: Sneasler|[silent]
|move|p2a: Archaludon|Electro Shot||[still]
|-prepare|p2a: Archaludon|Electro Shot
|-boost|p2a: Archaludon|spa|1
|-anim|p2a: Archaludon|Electro Shot|p1a: Sneasler
|-damage|p1a: Sneasler|0 fnt
|faint|p1a: Sneasler
|
|-weather|RainDance|[upkeep]
|upkeep
|
|t:|1783108991
|switch|p1a: Basculegion|Basculegion, L50, M|100/100
|turn|4
|
|t:|1783109000
|move|p2b: Slowking|Acid Spray|p1b: Floette
|-supereffective|p1b: Floette|1
|-damage|p1b: Floette|45/100
|-unboost|p1b: Floette|spd|2
|move|p1a: Basculegion|Last Respects|p2b: Slowking
|-supereffective|p2b: Slowking|1
|-crit|p2b: Slowking
|-damage|p2b: Slowking|0 fnt
|faint|p2b: Slowking
|move|p2a: Archaludon|Electro Shot||[still]
|-prepare|p2a: Archaludon|Electro Shot
|-boost|p2a: Archaludon|spa|1
|-anim|p2a: Archaludon|Electro Shot|p1b: Floette
|-damage|p1b: Floette|0 fnt
|faint|p1b: Floette
|
|-weather|RainDance|[upkeep]
|upkeep
|
|t:|1783109014
|switch|p2b: Pelipper|Pelipper, L50, M|100/100
|switch|p1b: Farigiraf|Farigiraf, L50, F|52/100
|turn|5
|
|t:|1783109036
|move|p1b: Farigiraf|Twin Beam|p2a: Archaludon
|-resisted|p2a: Archaludon|1
|-damage|p2a: Archaludon|89/100
|-resisted|p2a: Archaludon|1
|-damage|p2a: Archaludon|77/100
|-hitcount|p2a: Archaludon|2
|move|p2b: Pelipper|Tailwind|p2b: Pelipper
|-sidestart|p2: papucaru|move: Tailwind
|move|p1a: Basculegion|Last Respects|p2a: Archaludon
|-damage|p2a: Archaludon|0 fnt
|faint|p2a: Archaludon
|
|-weather|RainDance|[upkeep]
|-fieldend|move: Trick Room
|upkeep
|turn|6
|-message|papucaru forfeited.
|
|win|lux raymundi
