|j|☆sum1dum
|j|☆matteo2002
|html|sum1dummatteo2002    
|uhtml|bestof|Game 1 of a best-of-3
|t:|1783369147
|gametype|doubles
|player|p1|sum1dum|rosa|1163
|player|p2|matteo2002|2|1139
|gen|9
|tier|[Gen 9 Champions] VGC 2026 Reg M-B (Bo3)
|rated|
|rule|Species Clause: Limit one of each Pokémon
|rule|Item Clause: Limit 1 of each item
|clearpoke
|poke|p1|Gliscor, L50, F|
|poke|p1|Primarina, L50, F|
|poke|p1|Metagross, L50|
|poke|p1|Ninetales-Alola, L50, F|
|poke|p1|Incineroar, L50, F|
|poke|p1|Sinistcha, L50|
|poke|p2|Venusaur, L50, F|
|poke|p2|Charizard, L50, M|
|poke|p2|Sylveon, L50, F|
|poke|p2|Incineroar, L50, M|
|poke|p2|Garchomp, L50, F|
|poke|p2|Farigiraf, L50, M|
|teampreview|4
|showteam|p1|Gliscor||LifeOrb|HyperCutter|DualWingbeat,HighHorsepower,Protect,RockSlide|Jolly||F|||50|]Primarina||Leftovers|LiquidVoice|CalmMind,HyperVoice,Moonblast,Protect|Modest||F|||50|]Metagross||Metagrossite|ClearBody|BulletPunch,IronHead,Protect,PsychicFangs|Jolly|||||50|]Ninetales-Alola||LightClay|SnowWarning|AuroraVeil,FreezeDry,Moonblast,Protect|Timid||F|||50|]Incineroar||ChopleBerry|Intimidate|FakeOut,FlareBlitz,DarkestLariat,PartingShot|Impish||F|||50|]Sinistcha||SitrusBerry|Hospitality|MatchaGotcha,Protect,LifeDew,RagePowder|Bold|||||50|
|showteam|p2|Venusaur||FocusSash|Chlorophyll|SludgeBomb,SleepPowder,LeafStorm,Protect|Modest||F|||50|]Charizard||CharizarditeY|Blaze|Protect,HeatWave,WeatherBall,SolarBeam|Modest||M|||50|]Sylveon||FairyFeather|Pixilate|HyperVoice,HyperBeam,QuickAttack,Detect|Modest||F|||50|]Incineroar||SitrusBerry|Intimidate|DarkestLariat,FlareBlitz,PartingShot,FakeOut|Careful||M|||50|]Garchomp||LifeOrb|RoughSkin|Earthquake,DragonClaw,RockSlide,Protect|Jolly||F|||50|]Farigiraf||ColburBerry|ArmorTail|Psychic,Thunderbolt,TrickRoom,Protect|Modest||M|||50|
|inactive|Battle timer is ON: inactive players will automatically lose when time's up. (requested by sum1dum)
|inactive|sum1dum has 60 seconds left.
|inactive|matteo2002 has 60 seconds left.
|
|t:|1783369207
|teamsize|p1|4
|teamsize|p2|4
|start
|switch|p1a: Justice|Incineroar, L50, F|100/100
|switch|p1b: Bravery|Gliscor, L50, F|100/100
|switch|p2a: Charizard|Charizard, L50, M|100/100
|switch|p2b: Incineroar|Incineroar, L50, M|100/100
|-ability|p2b: Incineroar|Intimidate|boost
|-unboost|p1a: Justice|atk|1
|-fail|p1b: Bravery|unboost|Attack|[from] ability: Hyper Cutter|[of] p1b: Bravery
|-ability|p1a: Justice|Intimidate|boost
|-unboost|p2a: Charizard|atk|1
|-unboost|p2b: Incineroar|atk|1
|turn|1
|inactive|matteo2002 has 30 seconds left.
|inactive|matteo2002 has 20 seconds left.
|inactive|matteo2002 has 15 seconds left.
|inactive|matteo2002 has 10 seconds left.
|
|t:|1783369255
|switch|p2a: Farigiraf|Farigiraf, L50, M|100/100
|move|p1b: Bravery|Protect|p1b: Bravery
|-singleturn|p1b: Bravery|Protect
|move|p1a: Justice|Fake Out||[still]
|cant|p2a: Farigiraf|ability: Armor Tail|Fake Out|[of] p1a: Justice
|move|p2b: Incineroar|Parting Shot|p1a: Justice
|-unboost|p1a: Justice|atk|1
|-unboost|p1a: Justice|spa|1
|
|t:|1783369269
|switch|p2b: Garchomp|Garchomp, L50, F|100/100|[from] Parting Shot
|
|upkeep
|turn|2
|
|t:|1783369288
|move|p2b: Garchomp|Rock Slide|p1a: Justice|[spread] p1a,p1b
|-supereffective|p1a: Justice|1
|-damage|p1a: Justice|61/100
|-damage|p1b: Bravery|73/100
|-damage|p2b: Garchomp|90/100|[from] item: Life Orb
|move|p1b: Bravery|Rock Slide|p2b: Garchomp|[spread] p2a,p2b
|-resisted|p2b: Garchomp|1
|-damage|p2a: Farigiraf|82/100
|-damage|p2b: Garchomp|80/100
|-damage|p1b: Bravery|63/100|[from] item: Life Orb
|move|p1a: Justice|Parting Shot|p2b: Garchomp
|-unboost|p2b: Garchomp|atk|1
|-unboost|p2b: Garchomp|spa|1
|
|t:|1783369293
|switch|p1a: Integrity|Ninetales-Alola, L50, F|100/100|[from] Parting Shot
|-weather|Snowscape|[from] ability: Snow Warning|[of] p1a: Integrity
|move|p2a: Farigiraf|Psychic|p1b: Bravery
|-damage|p1b: Bravery|11/100
|
|-weather|Snowscape|[upkeep]
|upkeep
|turn|3
|
|t:|1783369318
|switch|p2b: Incineroar|Incineroar, L50, M|100/100
|-ability|p2b: Incineroar|Intimidate|boost
|-unboost|p1a: Integrity|atk|1
|-fail|p1b: Bravery|unboost|Attack|[from] ability: Hyper Cutter|[of] p1b: Bravery
|switch|p1b: Perserverance|Metagross, L50|100/100
|move|p1a: Integrity|Aurora Veil|p1a: Integrity
|-sidestart|p1: sum1dum|move: Aurora Veil
|move|p2a: Farigiraf|Psychic|p1b: Perserverance
|-resisted|p1b: Perserverance|2
|-damage|p1b: Perserverance|91/100
|
|-weather|Snowscape|[upkeep]
|upkeep
|turn|4
|
|t:|1783369338
|switch|p1a: Justice|Incineroar, L50, F|61/100
|-ability|p1a: Justice|Intimidate|boost
|-unboost|p2a: Farigiraf|atk|1
|-unboost|p2b: Incineroar|atk|1
|detailschange|p1b: Perserverance|Metagross-Mega, L50
|-mega|p1b: Perserverance|Metagross|Metagrossite
|move|p2b: Incineroar|Fake Out|p1b: Perserverance
|-resisted|p1b: Perserverance|1
|-damage|p1b: Perserverance|89/100
|cant|p1b: Perserverance|flinch
|move|p2a: Farigiraf|Trick Room|p2a: Farigiraf
|-fieldstart|move: Trick Room|[of] p2a: Farigiraf
|
|-weather|Snowscape|[upkeep]
|upkeep
|turn|5
|inactive|sum1dum has 30 seconds left.
|inactive|matteo2002 has 30 seconds left.
|inactive|sum1dum has 20 seconds left.
|
|t:|1783369380
|move|p2a: Farigiraf|Thunderbolt|p1a: Justice
|-crit|p1a: Justice
|-damage|p1a: Justice|29/100
|move|p1a: Justice|Flare Blitz|p2a: Farigiraf
|-damage|p2a: Farigiraf|40/100
|-damage|p1a: Justice|14/100|[from] Recoil
|move|p2b: Incineroar|Parting Shot|p1b: Perserverance
|-unboost|p1b: Perserverance|atk|1
|-unboost|p1b: Perserverance|spa|1
|
|t:|1783369390
|switch|p2b: Garchomp|Garchomp, L50, F|80/100|[from] Parting Shot
|move|p1b: Perserverance|Iron Head|p2a: Farigiraf
|-damage|p2a: Farigiraf|6/100
|
|-weather|Snowscape|[upkeep]
|upkeep
|turn|6
|
|t:|1783369405
|move|p2b: Garchomp|Protect|p2b: Garchomp
|-singleturn|p2b: Garchomp|Protect
|move|p2a: Farigiraf|Thunderbolt|p1a: Justice
|-crit|p1a: Justice
|-damage|p1a: Justice|0 fnt
|faint|p1a: Justice
|move|p1b: Perserverance|Iron Head|p2a: Farigiraf
|-damage|p2a: Farigiraf|0 fnt
|faint|p2a: Farigiraf
|
|-weather|none
|upkeep
|
|t:|1783369416
|switch|p2a: Charizard|Charizard, L50, M|100/100
|switch|p1a: Bravery|Gliscor, L50, F|11/100
|turn|7
|
|t:|1783369439
|detailschange|p2a: Charizard|Charizard-Mega-Y, L50, M
|-mega|p2a: Charizard|Charizard|Charizardite Y
|-weather|SunnyDay|[from] ability: Drought|[of] p2a: Charizard
|move|p1a: Bravery|Protect|p1a: Bravery
|-singleturn|p1a: Bravery|Protect
|move|p2a: Charizard|Heat Wave|p1b: Perserverance|[spread] p1b
|-activate|p1a: Bravery|move: Protect
|-supereffective|p1b: Perserverance|1
|-damage|p1b: Perserverance|0 fnt
|faint|p1b: Perserverance
|move|p2b: Garchomp|Earthquake|p1a: Bravery|[spread] 
|-activate|p1a: Bravery|move: Protect
|-immune|p2a: Charizard
|
|-weather|SunnyDay|[upkeep]
|upkeep
|
|t:|1783369441
|switch|p1b: Integrity|Ninetales-Alola, L50, F|100/100
|-weather|Snowscape|[from] ability: Snow Warning|[of] p1b: Integrity
|turn|8
|inactive|matteo2002 has 30 seconds left.
|inactive|matteo2002 has 20 seconds left.
|inactive|matteo2002 has 15 seconds left.
|inactive|matteo2002 has 10 seconds left.
|
|t:|1783369487
|switch|p2b: Incineroar|Incineroar, L50, M|100/100
|-ability|p2b: Incineroar|Intimidate|boost
|-fail|p1a: Bravery|unboost|Attack|[from] ability: Hyper Cutter|[of] p1a: Bravery
|-unboost|p1b: Integrity|atk|1
|move|p2a: Charizard|Heat Wave|p1b: Integrity|[spread] p1a,p1b
|-supereffective|p1b: Integrity|1
|-damage|p1a: Bravery|0 fnt
|-damage|p1b: Integrity|38/100
|-status|p1b: Integrity|brn
|faint|p1a: Bravery
|move|p1b: Integrity|Moonblast|p2b: Incineroar
|-damage|p2b: Incineroar|69/100
|
|-weather|Snowscape|[upkeep]
|-damage|p1b: Integrity|32/100 brn|[from] brn
|-fieldend|move: Trick Room
|upkeep
|turn|9
|-message|sum1dum forfeited.
|
|win|matteo2002
