|j|☆GabrielMartiniVGC
|j|‽Freaky torkoal
|html|GabrielMartiniVGCFreaky torkoal    
|uhtml|bestof|Game 2 of a best-of-3
|t:|1756927246
|gametype|doubles
|player|p1|GabrielMartiniVGC|biker-gen4|
|player|p2|Freaky torkoal|266|
|gen|9
|tier|[Gen 9] VGC 2025 Reg H (Bo3)
|rule|Species Clause: Limit one of each Pokémon
|rule|Item Clause: Limit 1 of each item
|clearpoke
|poke|p1|Archaludon, L50, M|
|poke|p1|Rillaboom, L50, F|
|poke|p1|Basculegion, L50, M|
|poke|p1|Kingambit, L50, F|
|poke|p1|Pelipper, L50, M|
|poke|p1|Electabuzz, L50, M|
|poke|p2|Charizard, L50, F|
|poke|p2|Torkoal, L50, F|
|poke|p2|Porygon2, L50|
|poke|p2|Incineroar, L50, F|
|poke|p2|Jumpluff, L50, M|
|poke|p2|Ursaluna, L50, M|
|teampreview|4
|showteam|p1|Archaludon||AssaultVest|Stamina|ElectroShot,DracoMeteor,FlashCannon,BodyPress|||M|||50|,,,,,Bug]Rillaboom||LoadedDice|GrassySurge|BulletSeed,GrassyGlide,FakeOut,HighHorsepower|||F|||50|,,,,,Fire]Basculegion||ChoiceBand|SwiftSwim|WaveCrash,LastRespects,FlipTurn,AquaJet|||M|||50|,,,,,Grass]Kingambit||BlackGlasses|Defiant|KowtowCleave,SuckerPunch,SwordsDance,Protect|||F|||50|,,,,,Dark]Pelipper||FocusSash|Drizzle|WeatherBall,Hurricane,Tailwind,Protect|||M|||50|,,,,,Ghost]Electabuzz||Eviolite|VitalSpirit|Electroweb,Taunt,FollowMe,Protect|||M|||50|,,,,,Ghost
|showteam|p2|Charizard||ChoiceSpecs|SolarPower|HeatWave,Overheat,WeatherBall,AirSlash|||F|||50|,,,,,Ghost]Torkoal||EjectPack|Drought|Eruption,Overheat,HelpingHand,Protect|||F|||50|,,,,,Fire]Porygon2||Eviolite|Download|IceBeam,TeraBlast,TrickRoom,Recover||||||50|,,,,,Fighting]Incineroar||SitrusBerry|Intimidate|FlareBlitz,KnockOff,FakeOut,PartingShot|||F|||50|,,,,,Ghost]Jumpluff||CovertCloak|Chlorophyll|SleepPowder,SunnyDay,RagePowder,Tailwind|||M|||50|,,,,,Water]Ursaluna||FlameOrb|Guts|HeadlongRush,Facade,Earthquake,Protect|||M|||50|,,,,,Ghost
|inactive|Battle timer is ON: inactive players will automatically lose when time's up. (requested by Freaky torkoal)
|
|t:|1756927296
|teamsize|p1|4
|teamsize|p2|4
|start
|switch|p1a: Basculegion|Basculegion, L50, M|100/100
|switch|p1b: Kingambit|Kingambit, L50, F|100/100
|switch|p2a: Jumpluff|Jumpluff, L50, M|100/100
|switch|p2b: Charizard|Charizard, L50, F|100/100
|turn|1
|inactive|GabrielMartiniVGC has 30 seconds left.
|
|t:|1756927324
|switch|p2b: Porygon2|Porygon2, L50|100/100
|-ability|p2b: Porygon2|Download|boost
|-boost|p2b: Porygon2|spa|1
|-terastallize|p1b: Kingambit|Dark
|move|p1b: Kingambit|Sucker Punch||[still]
|-fail|p1b: Kingambit
|move|p2a: Jumpluff|Sleep Powder|p1b: Kingambit
|-status|p1b: Kingambit|slp|[from] move: Sleep Powder
|move|p1a: Basculegion|Flip Turn|p2b: Porygon2
|-damage|p2b: Porygon2|70/100
|
|t:|1756927341
|switch|p1a: Electabuzz|Electabuzz, L50, M|100/100|[from] Flip Turn
|
|upkeep
|turn|2
|j| ImGonnaFondleYou
|inactive|Freaky torkoal has 30 seconds left.
|
|t:|1756927371
|switch|p2a: Torkoal|Torkoal, L50, F|100/100
|-weather|SunnyDay|[from] ability: Drought|[of] p2a: Torkoal
|-terastallize|p2b: Porygon2|Fighting
|move|p1a: Electabuzz|Follow Me|p1a: Electabuzz
|-singleturn|p1a: Electabuzz|move: Follow Me
|move|p2b: Porygon2|Tera Blast|p1a: Electabuzz|[anim] Tera Blast Fighting
|-damage|p1a: Electabuzz|55/100
|cant|p1b: Kingambit|slp
|
|-weather|SunnyDay|[upkeep]
|upkeep
|turn|3
|
|t:|1756927394
|move|p1a: Electabuzz|Electroweb|p2a: Torkoal|[spread] p2a,p2b
|-crit|p2a: Torkoal
|-damage|p2a: Torkoal|75/100
|-damage|p2b: Porygon2|61/100
|-unboost|p2a: Torkoal|spe|1
|-unboost|p2b: Porygon2|spe|1
|-enditem|p2a: Torkoal|Eject Pack
|
|t:|1756927403
|switch|p2a: Charizard|Charizard, L50, F|100/100
|-curestatus|p1b: Kingambit|slp|[msg]
|move|p1b: Kingambit|Kowtow Cleave|p2a: Charizard
|-damage|p2a: Charizard|0 fnt
|faint|p2a: Charizard
|move|p2b: Porygon2|Tera Blast|p1b: Kingambit|[anim] Tera Blast Fighting
|-supereffective|p1b: Kingambit
|-damage|p1b: Kingambit|0 fnt
|faint|p1b: Kingambit
|
|-weather|SunnyDay|[upkeep]
|upkeep
|
|t:|1756927416
|switch|p2a: Jumpluff|Jumpluff, L50, M|100/100
|switch|p1b: Basculegion|Basculegion, L50, M|100/100
|turn|4
|inactive|GabrielMartiniVGC has 30 seconds left.
|inactive|Freaky torkoal has 30 seconds left.
|inactive|GabrielMartiniVGC has 20 seconds left.
|inactive|GabrielMartiniVGC has 15 seconds left.
|
|t:|1756927460
|move|p1a: Electabuzz|Follow Me|p1a: Electabuzz
|-singleturn|p1a: Electabuzz|move: Follow Me
|move|p2a: Jumpluff|Sleep Powder|p1a: Electabuzz
|-immune|p1a: Electabuzz|[from] ability: Vital Spirit
|move|p1b: Basculegion|Last Respects|p2a: Jumpluff
|-damage|p2a: Jumpluff|7/100
|move|p2b: Porygon2|Ice Beam|p1a: Electabuzz
|-damage|p1a: Electabuzz|23/100
|
|-weather|SunnyDay|[upkeep]
|upkeep
|turn|5
|inactive|GabrielMartiniVGC has 30 seconds left.
|
|t:|1756927488
|move|p2a: Jumpluff|Rage Powder|p2a: Jumpluff
|-singleturn|p2a: Jumpluff|move: Rage Powder
|move|p1a: Electabuzz|Follow Me|p1a: Electabuzz
|-singleturn|p1a: Electabuzz|move: Follow Me
|move|p1b: Basculegion|Last Respects|p2a: Jumpluff
|-damage|p2a: Jumpluff|0 fnt
|faint|p2a: Jumpluff
|move|p2b: Porygon2|Trick Room|p2b: Porygon2
|-fieldstart|move: Trick Room|[of] p2b: Porygon2
|
|-weather|SunnyDay|[upkeep]
|upkeep
|
|t:|1756927496
|switch|p2a: Torkoal|Torkoal, L50, F|75/100
|turn|6
|inactive|GabrielMartiniVGC has 30 seconds left.
|
|t:|1756927526
|switch|p1a: Pelipper|Pelipper, L50, M|100/100
|-weather|RainDance|[from] ability: Drizzle|[of] p1a: Pelipper
|move|p2a: Torkoal|Eruption|p1b: Basculegion|[spread] p1a,p1b
|-resisted|p1a: Pelipper
|-crit|p1a: Pelipper
|-resisted|p1b: Basculegion
|-damage|p1a: Pelipper|76/100
|-damage|p1b: Basculegion|91/100
|move|p2b: Porygon2|Ice Beam|p1b: Basculegion
|-resisted|p1b: Basculegion
|-damage|p1b: Basculegion|66/100
|move|p1b: Basculegion|Last Respects|p2a: Torkoal
|-damage|p2a: Torkoal|13/100
|
|-weather|RainDance|[upkeep]
|upkeep
|turn|7
|inactive|GabrielMartiniVGC has 30 seconds left.
|inactive|Freaky torkoal has 30 seconds left.
|
|t:|1756927552
|move|p1a: Pelipper|Protect|p1a: Pelipper
|-singleturn|p1a: Pelipper|Protect
|move|p2a: Torkoal|Overheat|p1b: Basculegion
|-resisted|p1b: Basculegion
|-damage|p1b: Basculegion|49/100
|-unboost|p2a: Torkoal|spa|2
|move|p2b: Porygon2|Ice Beam|p1b: Basculegion
|-resisted|p1b: Basculegion
|-damage|p1b: Basculegion|26/100
|move|p1b: Basculegion|Last Respects|p2a: Torkoal
|-damage|p2a: Torkoal|0 fnt
|faint|p2a: Torkoal
|
|-weather|RainDance|[upkeep]
|upkeep
|turn|8
|
|t:|1756927570
|move|p2b: Porygon2|Ice Beam|p1b: Basculegion
|-resisted|p1b: Basculegion
|-crit|p1b: Basculegion
|-damage|p1b: Basculegion|0 fnt
|faint|p1b: Basculegion
|move|p1a: Pelipper|Hurricane|p2b: Porygon2
|-supereffective|p2b: Porygon2
|-damage|p2b: Porygon2|0 fnt
|faint|p2b: Porygon2
|
|win|GabrielMartiniVGC
||GabrielMartiniVGC is ready for game 3.
||Freaky torkoal is ready for game 3.
|uhtml|next|Next: Game 3 of 3
|l| ImGonnaFondleYou
