|j|☆maugzm1
|j|☆ToastedArt
|html|maugzm1ToastedArt    
|uhtml|bestof|Game 3 of a best-of-3
|t:|1785258340
|gametype|doubles
|player|p1|maugzm1|cynthia-gen4|1130
|player|p2|ToastedArt|iris|1112
|gen|9
|tier|[Gen 9 Champions] VGC 2026 Reg M-B (Bo3)
|rated|
|rule|Species Clause: Limit one of each Pokémon
|rule|Item Clause: Limit 1 of each item
|clearpoke
|poke|p1|Raichu, L50, M|
|poke|p1|Milotic, L50, F|
|poke|p1|Ceruledge, L50, F|
|poke|p1|Incineroar, L50, M|
|poke|p1|Sinistcha, L50|
|poke|p1|Floette-Eternal, L50, F|
|poke|p2|Vanilluxe, L50, M, shiny|
|poke|p2|Sneasler, L50, M|
|poke|p2|Sinistcha, L50, shiny|
|poke|p2|Raichu, L50, M|
|poke|p2|Incineroar, L50, M|
|poke|p2|Azumarill, L50, F|
|teampreview|4
|showteam|p1|Raichu||RaichuniteY|LightningRod|ZapCannon,FocusBlast,FakeOut,Protect|Timid||M|||50|]Milotic||Leftovers|Competitive|MuddyWater,Hypnosis,Coil,Recover|Calm||F|||50|]Ceruledge||ColburBerry|FlashFire|BitterBlade,ShadowSneak,BulkUp,Protect|Adamant||F|||50|]Incineroar||SitrusBerry|Intimidate|FlareBlitz,FakeOut,PartingShot,DarkestLariat|Impish||M|||50|]Sinistcha||KasibBerry|Hospitality|RagePowder,TrickRoom,MatchaGotcha,Protect|Relaxed|||||50|]Floette-Eternal||Floettite|FlowerVeil|Moonblast,DazzlingGleam,CalmMind,Protect|Modest||F|||50|
|showteam|p2|Vanilluxe||ChoiceScarf|SnowWarning|Blizzard,FreezeDry,IcyWind,SheerCold|Timid||M|||50|]Sneasler||FocusSash|PoisonTouch|PoisonJab,CloseCombat,FakeOut,Taunt|Adamant||M|||50|]Sinistcha||ColburBerry|Hospitality|MatchaGotcha,RagePowder,TrickRoom,Protect|Bold|||||50|]Raichu||RaichuniteY|LightningRod|ZapCannon,FocusBlast,Substitute,Protect|Timid||M|||50|]Incineroar||Charcoal|Intimidate|FlareBlitz,ThroatChop,FakeOut,PartingShot|Adamant||M|||50|]Azumarill||SitrusBerry|HugePower|PlayRough,AquaJet,BellyDrum,Protect|Adamant||F|||50|
|inactive|Battle timer is ON: inactive players will automatically lose when time's up. (requested by maugzm1)
|inactive|ToastedArt also wants the timer to be on.
|inactive|ToastedArt has 60 seconds left.
|
|t:|1785258393
|teamsize|p1|4
|teamsize|p2|4
|start
|switch|p1a: Milotic|Milotic, L50, F|100/100
|switch|p1b: Raichu|Raichu, L50, M|100/100
|switch|p2a: troglodyte pokemon|Azumarill, L50, F|100/100
|switch|p2b: Incineroar|Incineroar, L50, M|100/100
|-ability|p2b: Incineroar|Intimidate|boost
|-unboost|p1a: Milotic|atk|1
|-ability|p1a: Milotic|Competitive|boost
|-boost|p1a: Milotic|spa|2
|-unboost|p1b: Raichu|atk|1
|turn|1
|inactive|ToastedArt has 30 seconds left.
|
|t:|1785258425
|detailschange|p1b: Raichu|Raichu-Mega-Y, L50, M
|-mega|p1b: Raichu|Raichu|Raichunite Y
|move|p1b: Raichu|Fake Out|p2a: troglodyte pokemon
|-damage|p2a: troglodyte pokemon|94/100
|move|p2b: Incineroar|Fake Out|p1b: Raichu
|-damage|p1b: Raichu|76/100
|move|p1a: Milotic|Coil|p1a: Milotic
|-boost|p1a: Milotic|atk|1
|-boost|p1a: Milotic|def|1
|-boost|p1a: Milotic|accuracy|1
|cant|p2a: troglodyte pokemon|flinch
|
|upkeep
|turn|2
|
|t:|1785258437
|switch|p1b: Incineroar|Incineroar, L50, M|100/100
|-ability|p1b: Incineroar|Intimidate|boost
|-unboost|p2a: troglodyte pokemon|atk|1
|-unboost|p2b: Incineroar|atk|1
|switch|p2b: Pickle Cup|Sinistcha, L50, shiny|100/100
|-heal|p2a: troglodyte pokemon|100/100|[from] ability: Hospitality|[of] p2b: Pickle Cup
|move|p2a: troglodyte pokemon|Protect|p2a: troglodyte pokemon
|-singleturn|p2a: troglodyte pokemon|Protect
|move|p1a: Milotic|Hypnosis|p2a: troglodyte pokemon
|-activate|p2a: troglodyte pokemon|move: Protect
|
|upkeep
|turn|3
|
|t:|1785258450
|move|p1b: Incineroar|Fake Out|p2a: troglodyte pokemon
|-damage|p2a: troglodyte pokemon|89/100
|move|p2b: Pickle Cup|Rage Powder|p2b: Pickle Cup
|-singleturn|p2b: Pickle Cup|move: Rage Powder
|move|p1a: Milotic|Hypnosis|p2b: Pickle Cup|[miss]
|-miss|p1a: Milotic|p2b: Pickle Cup
|cant|p2a: troglodyte pokemon|flinch
|
|upkeep
|turn|4
|
|t:|1785258466
|switch|p1b: Raichu|Raichu-Mega-Y, L50, M|76/100
|move|p2b: Pickle Cup|Rage Powder|p2b: Pickle Cup
|-singleturn|p2b: Pickle Cup|move: Rage Powder
|move|p1a: Milotic|Hypnosis|p2b: Pickle Cup
|-status|p2b: Pickle Cup|slp|[from] move: Hypnosis
|move|p2a: troglodyte pokemon|Belly Drum|p2a: troglodyte pokemon
|-damage|p2a: troglodyte pokemon|39/100
|-setboost|p2a: troglodyte pokemon|atk|6|[from] move: Belly Drum
|-enditem|p2a: troglodyte pokemon|Sitrus Berry|[eat]
|-heal|p2a: troglodyte pokemon|64/100|[from] item: Sitrus Berry
|
|upkeep
|turn|5
|
|t:|1785258485
|move|p2a: troglodyte pokemon|Protect|p2a: troglodyte pokemon
|-singleturn|p2a: troglodyte pokemon|Protect
|move|p1b: Raichu|Fake Out|p2a: troglodyte pokemon
|-activate|p2a: troglodyte pokemon|move: Protect
|move|p1a: Milotic|Coil|p1a: Milotic
|-boost|p1a: Milotic|atk|1
|-boost|p1a: Milotic|def|1
|-boost|p1a: Milotic|accuracy|1
|cant|p2b: Pickle Cup|slp
|
|upkeep
|turn|6
|
|t:|1785258498
|switch|p1b: Incineroar|Incineroar, L50, M|100/100
|-ability|p1b: Incineroar|Intimidate|boost
|-unboost|p2a: troglodyte pokemon|atk|1
|-unboost|p2b: Pickle Cup|atk|1
|switch|p2b: Ol' Betsy|Raichu, L50, M|100/100
|move|p1a: Milotic|Hypnosis|p2a: troglodyte pokemon
|-status|p2a: troglodyte pokemon|slp|[from] move: Hypnosis
|cant|p2a: troglodyte pokemon|slp
|
|upkeep
|turn|7
|
|t:|1785258517
|detailschange|p2b: Ol' Betsy|Raichu-Mega-Y, L50, M
|-mega|p2b: Ol' Betsy|Raichu|Raichunite Y
|-curestatus|p2a: troglodyte pokemon|slp|[msg]
|move|p2a: troglodyte pokemon|Aqua Jet|p1b: Incineroar
|-supereffective|p1b: Incineroar|1
|-damage|p1b: Incineroar|0 fnt
|faint|p1b: Incineroar
|move|p2b: Ol' Betsy|Substitute|p2b: Ol' Betsy
|-start|p2b: Ol' Betsy|Substitute
|-damage|p2b: Ol' Betsy|75/100
|move|p1a: Milotic|Muddy Water|p2b: Ol' Betsy|[spread] p2a,p2b
|-end|p2b: Ol' Betsy|Substitute
|-resisted|p2a: troglodyte pokemon|1
|-damage|p2a: troglodyte pokemon|38/100
|
|upkeep
|
|t:|1785258528
|switch|p1b: Sinistcha|Sinistcha, L50|100/100
|turn|8
|
|t:|1785258539
|switch|p2b: Pickle Cup|Sinistcha, L50, shiny|100/100 slp
|-heal|p2a: troglodyte pokemon|63/100|[from] ability: Hospitality|[of] p2b: Pickle Cup
|move|p2a: troglodyte pokemon|Protect|p2a: troglodyte pokemon
|-singleturn|p2a: troglodyte pokemon|Protect
|move|p1a: Milotic|Hypnosis|p2a: troglodyte pokemon
|-activate|p2a: troglodyte pokemon|move: Protect
|move|p1b: Sinistcha|Matcha Gotcha|p2b: Pickle Cup|[spread] p2b
|-activate|p2a: troglodyte pokemon|move: Protect
|-resisted|p2b: Pickle Cup|1
|-damage|p2b: Pickle Cup|88/100 slp
|
|upkeep
|turn|9
|
|t:|1785258552
|-curestatus|p2b: Pickle Cup|slp|[msg]
|move|p2b: Pickle Cup|Rage Powder|p2b: Pickle Cup
|-singleturn|p2b: Pickle Cup|move: Rage Powder
|move|p1a: Milotic|Hypnosis|p2b: Pickle Cup
|-status|p2b: Pickle Cup|slp|[from] move: Hypnosis
|move|p1b: Sinistcha|Matcha Gotcha|p2a: troglodyte pokemon|[spread] p2a,p2b
|-supereffective|p2a: troglodyte pokemon|1
|-resisted|p2b: Pickle Cup|1
|-damage|p2a: troglodyte pokemon|11/100
|-damage|p2b: Pickle Cup|77/100 slp
|move|p2a: troglodyte pokemon|Play Rough|p1a: Milotic
|-damage|p1a: Milotic|16/100
|
|-heal|p1a: Milotic|22/100|[from] item: Leftovers
|upkeep
|turn|10
|
|t:|1785258570
|switch|p2b: Incineroar|Incineroar, L50, M|100/100
|-ability|p2b: Incineroar|Intimidate|boost
|-unboost|p1a: Milotic|atk|1
|-ability|p1a: Milotic|Competitive|boost
|-boost|p1a: Milotic|spa|2
|-unboost|p1b: Sinistcha|atk|1
|move|p2a: troglodyte pokemon|Aqua Jet|p1a: Milotic
|-resisted|p1a: Milotic|1
|-damage|p1a: Milotic|4/100
|move|p1a: Milotic|Hypnosis|p2a: troglodyte pokemon
|-status|p2a: troglodyte pokemon|slp|[from] move: Hypnosis
|move|p1b: Sinistcha|Matcha Gotcha|p2b: Incineroar|[spread] p2a,p2b
|-supereffective|p2a: troglodyte pokemon|1
|-resisted|p2b: Incineroar|1
|-damage|p2a: troglodyte pokemon|0 fnt
|-damage|p2b: Incineroar|88/100
|faint|p2a: troglodyte pokemon
|
|-heal|p1a: Milotic|10/100|[from] item: Leftovers
|upkeep
|
|t:|1785258583
|switch|p2a: Ol' Betsy|Raichu-Mega-Y, L50, M|75/100
|turn|11
|
|t:|1785258597
|move|p2b: Incineroar|Fake Out|p1a: Milotic
|-damage|p1a: Milotic|4/100
|move|p1b: Sinistcha|Rage Powder|p1b: Sinistcha
|-singleturn|p1b: Sinistcha|move: Rage Powder
|move|p2a: Ol' Betsy|Zap Cannon|p1b: Sinistcha
|-resisted|p1b: Sinistcha|1
|-damage|p1b: Sinistcha|68/100
|-status|p1b: Sinistcha|par
|cant|p1a: Milotic|flinch
|
|-heal|p1a: Milotic|10/100|[from] item: Leftovers
|upkeep
|turn|12
|
|t:|1785258604
|switch|p2b: Pickle Cup|Sinistcha, L50, shiny|77/100 slp
|-heal|p2a: Ol' Betsy|100/100|[from] ability: Hospitality|[of] p2b: Pickle Cup
|move|p1b: Sinistcha|Rage Powder|p1b: Sinistcha
|-singleturn|p1b: Sinistcha|move: Rage Powder
|move|p2a: Ol' Betsy|Zap Cannon|p1b: Sinistcha
|-resisted|p1b: Sinistcha|1
|-damage|p1b: Sinistcha|39/100 par
|move|p1a: Milotic|Recover|p1a: Milotic
|-heal|p1a: Milotic|60/100
|
|-heal|p1a: Milotic|66/100|[from] item: Leftovers
|upkeep
|turn|13
|
|t:|1785258624
|cant|p1b: Sinistcha|par
|move|p2a: Ol' Betsy|Substitute|p2a: Ol' Betsy
|-start|p2a: Ol' Betsy|Substitute
|-damage|p2a: Ol' Betsy|75/100
|move|p1a: Milotic|Hypnosis||[still]
|-fail|p1a: Milotic
|cant|p2b: Pickle Cup|slp
|
|-heal|p1a: Milotic|72/100|[from] item: Leftovers
|upkeep
|turn|14
|
|t:|1785258634
|switch|p1b: Raichu|Raichu-Mega-Y, L50, M|76/100
|move|p2a: Ol' Betsy|Zap Cannon|p1a: Milotic
|-supereffective|p1a: Milotic|1
|-damage|p1a: Milotic|0 fnt
|faint|p1a: Milotic
|cant|p2b: Pickle Cup|slp
|
|upkeep
|
|t:|1785258651
|switch|p1a: Sinistcha|Sinistcha, L50|39/100 par
|-heal|p1b: Raichu|100/100|[from] ability: Hospitality|[of] p1a: Sinistcha
|turn|15
|
|t:|1785258659
|-curestatus|p2b: Pickle Cup|slp|[msg]
|move|p2b: Pickle Cup|Rage Powder|p2b: Pickle Cup
|-singleturn|p2b: Pickle Cup|move: Rage Powder
|move|p1b: Raichu|Zap Cannon|p2b: Pickle Cup
|-resisted|p2b: Pickle Cup|1
|-damage|p2b: Pickle Cup|48/100
|-status|p2b: Pickle Cup|par
|move|p2a: Ol' Betsy|Focus Blast|p1b: Raichu
|-damage|p1b: Raichu|50/100g
|move|p1a: Sinistcha|Matcha Gotcha|p2a: Ol' Betsy|[spread] p2a,p2b
|-end|p2a: Ol' Betsy|Substitute
|-heal|p1a: Sinistcha|51/100 par|[from] drain|[of] p2a: Ol' Betsy
|-resisted|p2b: Pickle Cup|1
|-crit|p2b: Pickle Cup
|-damage|p2b: Pickle Cup|31/100 par
|-heal|p1a: Sinistcha|60/100 par|[from] drain|[of] p2b: Pickle Cup
|
|upkeep
|turn|16
|
|t:|1785258673
|cant|p2b: Pickle Cup|par
|move|p1b: Raichu|Zap Cannon|p2a: Ol' Betsy
|-resisted|p2a: Ol' Betsy|1
|-damage|p2a: Ol' Betsy|32/100
|move|p2a: Ol' Betsy|Zap Cannon|p1b: Raichu
|-resisted|p1b: Raichu|1
|-damage|p1b: Raichu|12/100
|move|p1a: Sinistcha|Matcha Gotcha|p2a: Ol' Betsy|[spread] p2a,p2b
|-resisted|p2b: Pickle Cup|1
|-damage|p2a: Ol' Betsy|1/100
|-heal|p1a: Sinistcha|75/100 par|[from] drain|[of] p2a: Ol' Betsy
|-damage|p2b: Pickle Cup|20/100y par
|-heal|p1a: Sinistcha|80/100 par|[from] drain|[of] p2b: Pickle Cup
|
|upkeep
|turn|17
|
|t:|1785258690
|move|p2b: Pickle Cup|Rage Powder|p2b: Pickle Cup
|-singleturn|p2b: Pickle Cup|move: Rage Powder
|move|p1a: Sinistcha|Rage Powder|p1a: Sinistcha
|-singleturn|p1a: Sinistcha|move: Rage Powder
|move|p1b: Raichu|Zap Cannon|p2b: Pickle Cup
|-resisted|p2b: Pickle Cup|1
|-damage|p2b: Pickle Cup|0 fnt
|faint|p2b: Pickle Cup
|move|p2a: Ol' Betsy|Zap Cannon|p1a: Sinistcha
|-resisted|p1a: Sinistcha|1
|-damage|p1a: Sinistcha|49/100 par
|
|upkeep
|
|t:|1785258698
|switch|p2b: Incineroar|Incineroar, L50, M|88/100
|-ability|p2b: Incineroar|Intimidate|boost
|-unboost|p1a: Sinistcha|atk|1
|-unboost|p1b: Raichu|atk|1
|turn|18
|
|t:|1785258713
|move|p1b: Raichu|Protect|p1b: Raichu
|-singleturn|p1b: Raichu|Protect
|move|p1a: Sinistcha|Protect|p1a: Sinistcha
|-singleturn|p1a: Sinistcha|Protect
|move|p2b: Incineroar|Fake Out|p1b: Raichu
|-activate|p1b: Raichu|move: Protect
|move|p2a: Ol' Betsy|Zap Cannon|p1a: Sinistcha
|-activate|p1a: Sinistcha|move: Protect
|
|upkeep
|turn|19
|
|t:|1785258724
|move|p1b: Raichu|Focus Blast|p2b: Incineroar
|-supereffective|p2b: Incineroar|1
|-damage|p2b: Incineroar|3/100
|move|p2a: Ol' Betsy|Zap Cannon|p1b: Raichu
|-resisted|p1b: Raichu|1
|-damage|p1b: Raichu|0 fnt
|faint|p1b: Raichu
|move|p2b: Incineroar|Flare Blitz|p1a: Sinistcha
|-supereffective|p1a: Sinistcha|1
|-damage|p1a: Sinistcha|0 fnt
|faint|p1a: Sinistcha
|-damage|p2b: Incineroar|0 fnt|[from] Recoil
|faint|p2b: Incineroar
|
|win|ToastedArt
|raw|maugzm1's rating: 1130 → 1104(-26 for losing)
|raw|ToastedArt's rating: 1112 → 1138(+26 for winning)
