|j|☆ortainee
|j|☆bricktree
|html|ortaineebricktree    
|uhtml|bestof|Game 2 of a best-of-3
|t:|1782979689
|gametype|doubles
|player|p1|ortainee|grimsley-gen7|1215
|player|p2|bricktree|2|1434
|gen|9
|tier|[Gen 9 Champions] VGC 2026 Reg M-B (Bo3)
|rated|
|rule|Species Clause: Limit one of each Pokémon
|rule|Item Clause: Limit 1 of each item
|clearpoke
|poke|p1|Charizard, L50, M, shiny|
|poke|p1|Garchomp, L50, M|
|poke|p1|Mawile, L50, M|
|poke|p1|Whimsicott, L50, F, shiny|
|poke|p1|Farigiraf, L50, F, shiny|
|poke|p1|Basculegion, L50, M|
|poke|p2|Maushold, L50|
|poke|p2|Staraptor, L50, M|
|poke|p2|Gholdengo, L50|
|poke|p2|Incineroar, L50, M|
|poke|p2|Sinistcha, L50|
|poke|p2|Ceruledge, L50, F|
|teampreview|4
|showteam|p1|Charizard||CharizarditeY|Blaze|SolarBeam,HeatWave,WeatherBall,Protect|Modest||M|||50|]Garchomp||LifeOrb|RoughSkin|Earthquake,DragonClaw,RockSlide,Protect|Jolly||M|||50|]Mawile||Mawilite|HyperCutter|PlayRough,BrickBreak,SuckerPunch,Protect|Adamant||M|||50|]Whimsicott||FocusSash|Prankster|Moonblast,Tailwind,Encore,Protect|Timid||F|||50|]Farigiraf||SitrusBerry|ArmorTail|Psychic,TrickRoom,HelpingHand,Thunderbolt|Bold||F|||50|]Basculegion||MysticWater|Adaptability|WaveCrash,LastRespects,AquaJet,Protect|Adamant||M|||50|
|showteam|p2|Maushold||FocusSash|FriendGuard|FollowMe,SuperFang,Charm,Protect|Timid|||||50|]Staraptor||Staraptite|Intimidate|CloseCombat,BraveBird,Roost,Protect|Jolly||M|||50|]Gholdengo||LifeOrb|GoodasGold|NastyPlot,MakeItRain,ShadowBall,Protect|Modest|||||50|]Incineroar||SitrusBerry|Intimidate|FakeOut,FlareBlitz,DarkestLariat,PartingShot|Impish||M|||50|]Sinistcha||KasibBerry|Hospitality|RagePowder,MatchaGotcha,TrickRoom,Protect|Bold|||||50|]Ceruledge||ColburBerry|FlashFire|SwordsDance,BitterBlade,ShadowSneak,Protect|Adamant||F|||50|
|inactive|Battle timer is ON: inactive players will automatically lose when time's up. (requested by ortainee)
|inactive|ortainee has 60 seconds left.
|inactive|bricktree has 60 seconds left.
|inactive|ortainee has 30 seconds left.
|
|t:|1782979755
|teamsize|p1|4
|teamsize|p2|4
|start
|switch|p1a: Whimsicott|Whimsicott, L50, F, shiny|100/100
|switch|p1b: Charizard|Charizard, L50, M, shiny|100/100
|switch|p2a: Incineroar|Incineroar, L50, M|100/100
|switch|p2b: Staraptor|Staraptor, L50, M|100/100
|-ability|p2b: Staraptor|Intimidate|boost
|-unboost|p1a: Whimsicott|atk|1
|-unboost|p1b: Charizard|atk|1
|-ability|p2a: Incineroar|Intimidate|boost
|-unboost|p1a: Whimsicott|atk|1
|-unboost|p1b: Charizard|atk|1
|turn|1
|
|t:|1782979773
|switch|p2b: Ceruledge|Ceruledge, L50, F|100/100
|detailschange|p1b: Charizard|Charizard-Mega-Y, L50, M, shiny
|-mega|p1b: Charizard|Charizard|Charizardite Y
|-weather|SunnyDay|[from] ability: Drought|[of] p1b: Charizard
|move|p1a: Whimsicott|Protect|p1a: Whimsicott
|-singleturn|p1a: Whimsicott|Protect
|move|p1b: Charizard|Weather Ball|p2b: Ceruledge
|-start|p2b: Ceruledge|ability: Flash Fire
|move|p2a: Incineroar|Flare Blitz|p1a: Whimsicott
|-activate|p1a: Whimsicott|move: Protect
|
|-weather|SunnyDay|[upkeep]
|upkeep
|turn|2
|
|t:|1782979796
|switch|p1a: Garchomp|Garchomp, L50, M|100/100
|switch|p1b: Basculegion|Basculegion, L50, M|100/100
|move|p2b: Ceruledge|Bitter Blade|p1a: Garchomp
|-resisted|p1a: Garchomp|1
|-damage|p1a: Garchomp|49/100
|-damage|p2b: Ceruledge|87/100|[from] ability: Rough Skin|[of] p1a: Garchomp
|move|p2a: Incineroar|Parting Shot|p1b: Basculegion
|-unboost|p1b: Basculegion|atk|1
|-unboost|p1b: Basculegion|spa|1
|
|t:|1782979807
|switch|p2a: Staraptor|Staraptor, L50, M|100/100|[from] Parting Shot
|-ability|p2a: Staraptor|Intimidate|boost
|-unboost|p1a: Garchomp|atk|1
|-unboost|p1b: Basculegion|atk|1
|
|-weather|SunnyDay|[upkeep]
|upkeep
|turn|3
|inactive|ortainee has 30 seconds left.
|inactive|ortainee has 20 seconds left.
|
|t:|1782979842
|detailschange|p2a: Staraptor|Staraptor-Mega, L50, M
|-mega|p2a: Staraptor|Staraptor|Staraptite
|move|p1a: Garchomp|Protect|p1a: Garchomp
|-singleturn|p1a: Garchomp|Protect
|move|p2a: Staraptor|Close Combat|p1a: Garchomp
|-activate|p1a: Garchomp|move: Protect
|move|p1b: Basculegion|Wave Crash|p2b: Ceruledge
|-supereffective|p2b: Ceruledge|1
|-damage|p2b: Ceruledge|41/100
|-damage|p1b: Basculegion|87/100|[from] Recoil
|move|p2b: Ceruledge|Bitter Blade|p1b: Basculegion
|-resisted|p1b: Basculegion|1
|-damage|p1b: Basculegion|23/100
|-heal|p2b: Ceruledge|79/100|[from] drain|[of] p1b: Basculegion
|
|-weather|SunnyDay|[upkeep]
|upkeep
|turn|4
|inactive|ortainee has 30 seconds left.
|
|t:|1782979868
|switch|p1a: Charizard|Charizard-Mega-Y, L50, M, shiny|100/100
|move|p2b: Ceruledge|Shadow Sneak|p1b: Basculegion
|-supereffective|p1b: Basculegion|1
|-damage|p1b: Basculegion|0 fnt
|faint|p1b: Basculegion
|move|p2a: Staraptor|Close Combat|p1a: Charizard
|-resisted|p1a: Charizard|1
|-damage|p1a: Charizard|68/100
|-boost|p2a: Staraptor|def|1
|-boost|p2a: Staraptor|spd|1
|
|-weather|SunnyDay|[upkeep]
|upkeep
|
|t:|1782979887
|switch|p1b: Whimsicott|Whimsicott, L50, F, shiny|100/100
|turn|5
|
|t:|1782979902
|move|p1b: Whimsicott|Protect|p1b: Whimsicott
|-singleturn|p1b: Whimsicott|Protect
|move|p2a: Staraptor|Close Combat|p1b: Whimsicott
|-activate|p1b: Whimsicott|move: Protect
|move|p1a: Charizard|Weather Ball|p2a: Staraptor
|-damage|p2a: Staraptor|43/100
|move|p2b: Ceruledge|Bitter Blade|p1b: Whimsicott
|-activate|p1b: Whimsicott|move: Protect
|
|-weather|none
|upkeep
|turn|6
|
|t:|1782979923
|switch|p1a: Garchomp|Garchomp, L50, M|49/100
|move|p2a: Staraptor|Protect|p2a: Staraptor
|-singleturn|p2a: Staraptor|Protect
|move|p1b: Whimsicott|Tailwind|p1b: Whimsicott
|-sidestart|p1: ortainee|move: Tailwind
|move|p2b: Ceruledge|Bitter Blade|p1b: Whimsicott
|-supereffective|p1b: Whimsicott|1
|-enditem|p1b: Whimsicott|Focus Sash
|-damage|p1b: Whimsicott|1/100
|-heal|p2b: Ceruledge|100/100|[from] drain|[of] p1b: Whimsicott
|
|upkeep
|turn|7
|inactive|ortainee has 30 seconds left.
|inactive|bricktree has 30 seconds left.
|
|t:|1782979958
|switch|p2a: Incineroar|Incineroar, L50, M|100/100
|-ability|p2a: Incineroar|Intimidate|boost
|-unboost|p1a: Garchomp|atk|1
|-unboost|p1b: Whimsicott|atk|1
|move|p1b: Whimsicott|Protect|p1b: Whimsicott
|-singleturn|p1b: Whimsicott|Protect
|move|p2b: Ceruledge|Shadow Sneak|p1b: Whimsicott
|-activate|p1b: Whimsicott|move: Protect
|move|p1a: Garchomp|Earthquake|p2b: Ceruledge|[spread] p2a,p2b
|-activate|p1b: Whimsicott|move: Protect
|-supereffective|p2a: Incineroar|1
|-supereffective|p2b: Ceruledge|1
|-crit|p2b: Ceruledge
|-damage|p2a: Incineroar|50/100y
|-damage|p2b: Ceruledge|0 fnt
|-enditem|p2a: Incineroar|Sitrus Berry|[eat]
|-heal|p2a: Incineroar|74/100|[from] item: Sitrus Berry
|faint|p2b: Ceruledge
|-damage|p1a: Garchomp|39/100|[from] item: Life Orb
|
|upkeep
|
|t:|1782979970
|switch|p2b: Staraptor|Staraptor-Mega, L50, M|43/100
|turn|8
|
|t:|1782979994
|switch|p1b: Charizard|Charizard-Mega-Y, L50, M, shiny|68/100
|-weather|SunnyDay|[from] ability: Drought|[of] p1b: Charizard
|move|p2a: Incineroar|Fake Out|p1b: Charizard
|-damage|p1b: Charizard|55/100
|move|p1a: Garchomp|Earthquake|p2b: Staraptor|[spread] p2a
|-immune|p1b: Charizard
|-immune|p2b: Staraptor
|-supereffective|p2a: Incineroar|1
|-damage|p2a: Incineroar|24/100
|-damage|p1a: Garchomp|30/100|[from] item: Life Orb
|move|p2b: Staraptor|Roost|p2b: Staraptor
|-heal|p2b: Staraptor|93/100
|-singleturn|p2b: Staraptor|move: Roost
|
|-weather|SunnyDay|[upkeep]
|upkeep
|turn|9
|inactive|ortainee has 30 seconds left.
|inactive|bricktree has 30 seconds left.
|
|t:|1782980026
|switch|p2a: Maushold|Maushold, L50|100/100
|move|p2b: Staraptor|Protect|p2b: Staraptor
|-singleturn|p2b: Staraptor|Protect
|move|p1a: Garchomp|Dragon Claw|p2a: Maushold
|-damage|p2a: Maushold|54/100
|-damage|p1a: Garchomp|20/100y|[from] item: Life Orb
|move|p1b: Charizard|Heat Wave|p2b: Staraptor|[spread] p2a
|-activate|p2b: Staraptor|move: Protect
|-damage|p2a: Maushold|0 fnt
|faint|p2a: Maushold
|
|-weather|SunnyDay|[upkeep]
|-sideend|p1: ortainee|move: Tailwind
|upkeep
|
|t:|1782980036
|switch|p2a: Incineroar|Incineroar, L50, M|24/100
|-ability|p2a: Incineroar|Intimidate|boost
|-unboost|p1a: Garchomp|atk|1
|-unboost|p1b: Charizard|atk|1
|turn|10
|
|t:|1782980059
|move|p2b: Staraptor|Brave Bird|p1b: Charizard
|-damage|p1b: Charizard|0 fnt
|faint|p1b: Charizard
|-damage|p2b: Staraptor|78/100|[from] Recoil
|move|p1a: Garchomp|Rock Slide|p2b: Staraptor|[spread] p2b
|-miss|p1a: Garchomp|p2a: Incineroar
|-damage|p2b: Staraptor|67/100
|-damage|p1a: Garchomp|11/100|[from] item: Life Orb
|move|p2a: Incineroar|Parting Shot|p2b: Staraptor
|-boost|p2b: Staraptor|atk|1
|-boost|p2b: Staraptor|spa|1
|
|-weather|SunnyDay|[upkeep]
|upkeep
|
|t:|1782980068
|switch|p1b: Whimsicott|Whimsicott, L50, F, shiny|1/100
|turn|11
|inactive|ortainee has 30 seconds left.
|inactive|bricktree has 30 seconds left.
|inactive|ortainee has 20 seconds left.
|inactive|ortainee has 15 seconds left.
|
|t:|1782980115
|move|p1b: Whimsicott|Moonblast|p2b: Staraptor
|-supereffective|p2b: Staraptor|1
|-damage|p2b: Staraptor|0 fnt
|faint|p2b: Staraptor
|move|p1a: Garchomp|Dragon Claw|p2a: Incineroar
|-damage|p2a: Incineroar|4/100
|-damage|p1a: Garchomp|1/100|[from] item: Life Orb
|move|p2a: Incineroar|Darkest Lariat|p1b: Whimsicott
|-resisted|p1b: Whimsicott|1
|-damage|p1b: Whimsicott|0 fnt
|faint|p1b: Whimsicott
|
|-weather|SunnyDay|[upkeep]
|upkeep
|turn|12
|-message|bricktree forfeited.
|
|win|ortainee
|raw|ortainee's rating: 1215 → 1254(+39 for winning)
|raw|bricktree's rating: 1434 → 1403(-31 for losing)
