|j|☆furnoz
|j|☆kojay
|html|furnozkojay    
|uhtml|bestof|Game 2 of a best-of-3
|t:|1756850724
|gametype|doubles
|player|p1|furnoz|wallace|1208
|player|p2|kojay|kamado-armor|1197
|gen|9
|tier|[Gen 9] VGC 2025 Reg H (Bo3)
|rated|
|rule|Species Clause: Limit one of each Pokémon
|rule|Item Clause: Limit 1 of each item
|clearpoke
|poke|p1|Espeon, L50, M|
|poke|p1|Pelipper, L50, F|
|poke|p1|Indeedee-F, L50, F|
|poke|p1|Archaludon, L50, M|
|poke|p1|Sneasler, L50, F|
|poke|p1|Dragapult, L50, F|
|poke|p2|Garchomp, L50, F|
|poke|p2|Sneasler, L50, F|
|poke|p2|Incineroar, L50, M|
|poke|p2|Dragonite, L50, F|
|poke|p2|Gholdengo, L50|
|poke|p2|Vivillon, L50, M|
|teampreview|4
|showteam|p1|Espeon||TwistedSpoon|MagicBounce|ExpandingForce,Psychic,DazzlingGleam,Protect|||M|||50|,,,,,Psychic]Pelipper||FocusSash|Drizzle|WeatherBall,Hurricane,WideGuard,Tailwind|||F|||50|,,,,,Ghost]Indeedee-F||SafetyGoggles|PsychicSurge|FollowMe,DazzlingGleam,TrickRoom,HelpingHand|||F|||50|,,,,,Fairy]Archaludon||AssaultVest|Stamina|ElectroShot,BodyPress,FlashCannon,DracoMeteor|||M|||50|,,,,,Fairy]Sneasler||PsychicSeed|Unburden|Protect,DireClaw,CloseCombat,Feint|||F|||50|,,,,,Dark]Dragapult||ChoiceBand|ClearBody|Uturn,DragonDarts,PhantomForce,TeraBlast|||F|||50|,,,,,Ghost
|showteam|p2|Garchomp||LifeOrb|RoughSkin|Earthquake,DragonClaw,StompingTantrum,Protect|||F|||50|,,,,,Ground]Sneasler||WhiteHerb|Unburden|Coaching,Protect,DireClaw,CloseCombat|||F|||50|,,,,,Ghost]Incineroar||SafetyGoggles|Intimidate|FakeOut,FlareBlitz,KnockOff,PartingShot|||M|||50|,,,,,Ghost]Dragonite||LoadedDice|InnerFocus|TeraBlast,ScaleShot,Tailwind,Protect|||F|||50|,,,,,Flying]Gholdengo||ChoiceScarf|GoodasGold|MakeItRain,ShadowBall,Trick,Thunderbolt||||||50|,,,,,Steel]Vivillon||FocusSash|CompoundEyes|Hurricane,SleepPowder,RagePowder,Protect|||M|||50|,,,,,Ghost
|j| acetrainerjuno
|
|t:|1756850760
|teamsize|p1|4
|teamsize|p2|4
|start
|switch|p1a: Sneasler|Sneasler, L50, F|100/100
|switch|p1b: Dragapult|Dragapult, L50, F|100/100
|switch|p2a: Gholdengo|Gholdengo, L50|100/100
|switch|p2b: Dalinar|Incineroar, L50, M, shiny|100/100
|-ability|p2b: Dalinar|Intimidate|boost
|-unboost|p1a: Sneasler|atk|1
|-fail|p1b: Dragapult|unboost|[from] ability: Clear Body|[of] p1b: Dragapult
|turn|1
|inactive|Battle timer is ON: inactive players will automatically lose when time's up. (requested by kojay)
|
|t:|1756850796
|-terastallize|p1b: Dragapult|Ghost
|move|p2a: Gholdengo|Shadow Ball|p1b: Dragapult
|-supereffective|p1b: Dragapult
|-damage|p1b: Dragapult|0 fnt
|faint|p1b: Dragapult
|move|p1a: Sneasler|Close Combat|p2a: Gholdengo
|-immune|p2a: Gholdengo
|move|p2b: Dalinar|Knock Off|p1a: Sneasler
|-resisted|p1a: Sneasler
|-damage|p1a: Sneasler|61/100
|-enditem|p1a: Sneasler|Psychic Seed|[from] move: Knock Off|[of] p2b: Dalinar
|
|upkeep
|
|t:|1756850805
|switch|p1b: Indeedee|Indeedee-F, L50, F|100/100
|-fieldstart|move: Psychic Terrain|[from] ability: Psychic Surge|[of] p1b: Indeedee
|turn|2
|
|t:|1756850820
|switch|p2a: Vivillon|Vivillon, L50, M|100/100
|move|p1b: Indeedee|Helping Hand|p1a: Sneasler
|-singleturn|p1a: Sneasler|Helping Hand|[of] p1b: Indeedee
|move|p1a: Sneasler|Close Combat|p2b: Dalinar
|-supereffective|p2b: Dalinar
|-damage|p2b: Dalinar|0 fnt
|-unboost|p1a: Sneasler|def|1
|-unboost|p1a: Sneasler|spd|1
|faint|p2b: Dalinar
|
|upkeep
|
|t:|1756850834
|switch|p2b: Kaladin|Garchomp, L50, F, shiny|100/100
|turn|3
|
|t:|1756850851
|-terastallize|p2b: Kaladin|Ground
|move|p1a: Sneasler|Dire Claw|p2a: Vivillon
|-damage|p2a: Vivillon|44/100
|move|p2b: Kaladin|Earthquake|p1b: Indeedee|[spread] p1a,p1b
|-immune|p2a: Vivillon
|-supereffective|p1a: Sneasler
|-damage|p1a: Sneasler|0 fnt
|-damage|p1b: Indeedee|36/100
|faint|p1a: Sneasler
|-damage|p2b: Kaladin|91/100|[from] item: Life Orb
|move|p2a: Vivillon|Hurricane|p1b: Indeedee
|-damage|p1b: Indeedee|0 fnt
|faint|p1b: Indeedee
|
|upkeep
|
|t:|1756850863
|switch|p1b: Espeon|Espeon, L50, M|100/100
|turn|4
|
|t:|1756850884
|move|p2b: Kaladin|Protect|p2b: Kaladin
|-singleturn|p2b: Kaladin|Protect
|move|p2a: Vivillon|Protect|p2a: Vivillon
|-singleturn|p2a: Vivillon|Protect
|move|p1b: Espeon|Expanding Force|p2b: Kaladin|[spread] 
|-activate|p2a: Vivillon|move: Protect
|-activate|p2b: Kaladin|move: Protect
|
|upkeep
|turn|5
|
|t:|1756850899
|move|p1b: Espeon|Expanding Force|p2a: Vivillon|[spread] p2a,p2b
|-damage|p2a: Vivillon|0 fnt
|-damage|p2b: Kaladin|10/100
|faint|p2a: Vivillon
|move|p2b: Kaladin|Earthquake|p1b: Espeon
|-damage|p1b: Espeon|0 fnt
|faint|p1b: Espeon
|-damage|p2b: Kaladin|0 fnt|[from] item: Life Orb
|faint|p2b: Kaladin
|
|win|kojay
