|j|☆Chelicerate1
|j|☆isamino
|html|Chelicerate1isamino    
|uhtml|bestof|Game 3 of a best-of-3
|t:|1784439479
|gametype|doubles
|player|p1|Chelicerate1|ethan|1297
|player|p2|isamino|nate|1179
|gen|9
|tier|[Gen 9 Champions] VGC 2026 Reg M-B (Bo3)
|rated|
|rule|Species Clause: Limit one of each Pokémon
|rule|Item Clause: Limit 1 of each item
|clearpoke
|poke|p1|Grimmsnarl, L50, M|
|poke|p1|Basculegion, L50, M|
|poke|p1|Charizard, L50, F|
|poke|p1|Pelipper, L50, M|
|poke|p1|Venusaur, L50, M|
|poke|p1|Archaludon, L50, M|
|poke|p2|Annihilape, L50, F|
|poke|p2|Maushold, L50|
|poke|p2|Dragapult, L50, F|
|poke|p2|Vivillon-Pokeball, L50, F|
|poke|p2|Floette-Eternal, L50, F|
|poke|p2|Metagross, L50|
|teampreview|4
|showteam|p1|Grimmsnarl||LightClay|Prankster|SpiritBreak,PartingShot,Reflect,LightScreen|Sassy||M|||50|]Basculegion||ChoiceScarf|Adaptability|LastRespects,WaveCrash,AquaJet,FlipTurn|Jolly||M|||50|]Charizard||CharizarditeY|Blaze|Protect,HeatWave,WeatherBall,SolarBeam|Modest||F|||50|]Pelipper||SitrusBerry|Drizzle|Hurricane,WeatherBall,Tailwind,WideGuard|Modest||M|||50|]Venusaur||FocusSash|Chlorophyll|SludgeBomb,SleepPowder,EarthPower,Protect|Modest||M|||50|]Archaludon||Leftovers|Stamina|ElectroShot,DragonPulse,FlashCannon,Protect|Calm||M|||50|
|showteam|p2|Annihilape||Leftovers|Defiant|Protect,DrainPunch,RockSlide,RageFist|Adamant||F|||50|]Maushold||WideLens|Technician|BeatUp,PopulationBomb,Protect,FollowMe|Jolly|||||50|]Dragapult||LifeOrb|ClearBody|Protect,DracoMeteor,ShadowBall,Flamethrower|Timid||F|||50|]Vivillon-Pokeball||FocusSash|CompoundEyes|Tailwind,SleepPowder,Hurricane,RagePowder|Timid||F|||50|]Floette-Eternal||Floettite|FlowerVeil|DazzlingGleam,Moonblast,Protect,DrainingKiss|Timid||F|||50|]Metagross||ChoiceScarf|ClearBody|PsychicFangs,IcePunch,IronHead,BrickBreak|Jolly|||||50|
|inactive|Battle timer is ON: inactive players will automatically lose when time's up. (requested by isamino)
|inactive|Chelicerate1 also wants the timer to be on.
|
|t:|1784439508
|teamsize|p1|4
|teamsize|p2|4
|start
|switch|p1a: Charizard|Charizard, L50, F|100/100
|switch|p1b: Venusaur|Venusaur, L50, M|100/100
|switch|p2a: Maushold|Maushold, L50|100/100
|switch|p2b: Vivillon|Vivillon-Pokeball, L50, F|100/100
|turn|1
|inactive|Chelicerate1 has 30 seconds left.
|inactive|isamino has 30 seconds left.
|
|t:|1784439539
|detailschange|p1a: Charizard|Charizard-Mega-Y, L50, F
|-mega|p1a: Charizard|Charizard|Charizardite Y
|-weather|SunnyDay|[from] ability: Drought|[of] p1a: Charizard
|move|p1b: Venusaur|Sleep Powder|p2a: Maushold
|-status|p2a: Maushold|slp|[from] move: Sleep Powder
|cant|p2a: Maushold|slp
|move|p2b: Vivillon|Sleep Powder|p1a: Charizard
|-status|p1a: Charizard|slp|[from] move: Sleep Powder
|cant|p1a: Charizard|slp
|
|-weather|SunnyDay|[upkeep]
|upkeep
|turn|2
|inactive|Chelicerate1 has 30 seconds left.
|
|t:|1784439574
|move|p1b: Venusaur|Sludge Bomb|p2a: Maushold
|-damage|p2a: Maushold|44/100 slp
|cant|p2a: Maushold|slp
|move|p2b: Vivillon|Tailwind|p2b: Vivillon
|-sidestart|p2: isamino|move: Tailwind
|-curestatus|p1a: Charizard|slp|[msg]
|move|p1a: Charizard|Heat Wave|p2a: Maushold|[spread] p2a,p2b
|-supereffective|p2b: Vivillon|1
|-damage|p2a: Maushold|0 fnt
|-enditem|p2b: Vivillon|Focus Sash
|-damage|p2b: Vivillon|1/100
|faint|p2a: Maushold
|
|-weather|SunnyDay|[upkeep]
|upkeep
|
|t:|1784439588
|switch|p2a: Dragapult|Dragapult, L50, F|100/100
|turn|3
|
|t:|1784439607
|move|p2a: Dragapult|Flamethrower|p1b: Venusaur
|-supereffective|p1b: Venusaur|1
|-enditem|p1b: Venusaur|Focus Sash
|-damage|p1b: Venusaur|1/100
|-damage|p2a: Dragapult|90/100|[from] item: Life Orb
|move|p2b: Vivillon|Sleep Powder|p1a: Charizard
|-status|p1a: Charizard|slp|[from] move: Sleep Powder
|move|p1b: Venusaur|Sleep Powder|p2a: Dragapult
|-status|p2a: Dragapult|slp|[from] move: Sleep Powder
|cant|p1a: Charizard|slp
|
|-weather|SunnyDay|[upkeep]
|upkeep
|turn|4
|inactive|Chelicerate1 has 30 seconds left.
|
|t:|1784439640
|switch|p1b: Archaludon|Archaludon, L50, M|100/100
|cant|p2a: Dragapult|slp
|move|p2b: Vivillon|Hurricane|p1b: Archaludon
|-resisted|p1b: Archaludon|1
|-damage|p1b: Archaludon|83/100
|-ability|p1b: Archaludon|Stamina|boost
|-boost|p1b: Archaludon|def|1
|-curestatus|p1a: Charizard|slp|[msg]
|move|p1a: Charizard|Heat Wave|p2a: Dragapult|[spread] p2a,p2b
|-resisted|p2a: Dragapult|1
|-supereffective|p2b: Vivillon|1
|-damage|p2a: Dragapult|48/100 slp
|-damage|p2b: Vivillon|0 fnt
|faint|p2b: Vivillon
|
|-weather|SunnyDay|[upkeep]
|-heal|p1b: Archaludon|89/100|[from] item: Leftovers
|upkeep
|
|t:|1784439647
|switch|p2b: Floette|Floette-Eternal, L50, F|100/100
|turn|5
|inactive|Chelicerate1 has 30 seconds left.
|inactive|isamino has 30 seconds left.
|inactive|Chelicerate1 has 20 seconds left.
|inactive|Chelicerate1 has 15 seconds left.
|inactive|isamino has 20 seconds left.
|
|t:|1784439688
|detailschange|p2b: Floette|Floette-Mega, L50, F
|-mega|p2b: Floette|Floette|Floettite
|-ability|p2b: Floette|Fairy Aura
|move|p2b: Floette|Protect|p2b: Floette
|-singleturn|p2b: Floette|Protect
|-curestatus|p2a: Dragapult|slp|[msg]
|move|p2a: Dragapult|Draco Meteor|p1a: Charizard|[miss]
|-miss|p2a: Dragapult|p1a: Charizard
|move|p1a: Charizard|Weather Ball|p2b: Floette
|-activate|p2b: Floette|move: Protect
|move|p1b: Archaludon|Dragon Pulse|p2a: Dragapult
|-supereffective|p2a: Dragapult|1
|-damage|p2a: Dragapult|0 fnt
|faint|p2a: Dragapult
|
|-weather|none
|-heal|p1b: Archaludon|95/100|[from] item: Leftovers
|-sideend|p2: isamino|move: Tailwind
|upkeep
|turn|6
|
|t:|1784439709
|switch|p1a: Pelipper|Pelipper, L50, M|100/100
|-weather|RainDance|[from] ability: Drizzle|[of] p1a: Pelipper
|move|p2b: Floette|Dazzling Gleam|p1a: Pelipper|[spread] p1a,p1b
|-damage|p1a: Pelipper|28/100
|-damage|p1b: Archaludon|49/100
|-ability|p1b: Archaludon|Stamina|boost
|-boost|p1b: Archaludon|def|1
|-enditem|p1a: Pelipper|Sitrus Berry|[eat]
|-heal|p1a: Pelipper|53/100|[from] item: Sitrus Berry
|move|p1b: Archaludon|Electro Shot||[still]
|-prepare|p1b: Archaludon|Electro Shot
|-boost|p1b: Archaludon|spa|1
|-anim|p1b: Archaludon|Electro Shot|p2b: Floette
|-damage|p2b: Floette|51/100
|
|-weather|RainDance|[upkeep]
|-heal|p1b: Archaludon|55/100|[from] item: Leftovers
|upkeep
|turn|7
|inactive|Chelicerate1 has 30 seconds left.
|inactive|Chelicerate1 has 20 seconds left.
|-message|isamino forfeited.
|raw|Chelicerate1's rating: 1297 → 1314(+17 for winning)
|raw|isamino's rating: 1179 → 1162(-17 for losing)
|
|win|Chelicerate1
