|j|☆AUBrigade
|j|☆Sedrav
|html|AUBrigadeSedrav    
|uhtml|bestof|Game 3 of a best-of-3
|t:|1756931478
|gametype|doubles
|player|p1|AUBrigade|morty|1304
|player|p2|Sedrav|265|1298
|gen|9
|tier|[Gen 9] VGC 2025 Reg H (Bo3)
|rated|
|rule|Species Clause: Limit one of each Pokémon
|rule|Item Clause: Limit 1 of each item
|clearpoke
|poke|p1|Pelipper, L50, M|
|poke|p1|Archaludon, L50, F|
|poke|p1|Ursaluna, L50, F|
|poke|p1|Sinistcha, L50|
|poke|p1|Incineroar, L50, M|
|poke|p1|Araquanid, L50, F|
|poke|p2|Garchomp, L50, F|
|poke|p2|Talonflame, L50, M|
|poke|p2|Gholdengo, L50|
|poke|p2|Tyranitar, L50, F|
|poke|p2|Amoonguss, L50, F|
|poke|p2|Milotic, L50, M|
|teampreview|4
|showteam|p1|Pelipper||FocusSash|Drizzle|Hurricane,WeatherBall,Tailwind,Protect|||M|||50|,,,,,Ghost]Archaludon||AssaultVest|Stamina|BodyPress,ElectroShot,FlashCannon,Snarl|||F|||50|,,,,,Bug]Ursaluna||FlameOrb|Guts|Facade,HeadlongRush,Earthquake,Protect|||F|||50|,,,,,Ghost]Sinistcha||SitrusBerry|Hospitality|MatchaGotcha,TrickRoom,RagePowder,Scald||||||50|,,,,,Water]Incineroar||SafetyGoggles|Intimidate|FakeOut,PartingShot,FlareBlitz,KnockOff|||M|||50|,,,,,Ghost]Araquanid||CovertCloak|WaterBubble|Waterfall,LeechLife,WideGuard,Protect|||F|||50|,,,,,Water
|showteam|p2|Garchomp||LifeOrb|RoughSkin|DragonClaw,StompingTantrum,Earthquake,Protect|||F|||50|,,,,,Fairy]Talonflame||CovertCloak|GaleWings|BraveBird,Tailwind,WillOWisp,Taunt|||M|||50|,,,,,Grass]Gholdengo||MetalCoat|GoodasGold|MakeItRain,ShadowBall,NastyPlot,Protect||||||50|,,,,,Flying]Tyranitar||AssaultVest|SandStream|RockSlide,KnockOff,LowKick,TeraBlast|||F|||50|,,,,,Flying]Amoonguss||SitrusBerry|Regenerator|Spore,RagePowder,PollenPuff,Protect|||F|||50|,,,,,Water]Milotic||SafetyGoggles|Competitive|Scald,IcyWind,Haze,Protect|||M|||50|,,,,,Dragon
|inactive|Battle timer is ON: inactive players will automatically lose when time's up. (requested by Sedrav)
|inactive|Sedrav has 60 seconds left.
|
|t:|1756931540
|teamsize|p1|4
|teamsize|p2|4
|start
|switch|p1a: Ursaluna|Ursaluna, L50, F|100/100
|switch|p1b: Araquanid|Araquanid, L50, F|100/100
|switch|p2a: Garchomp|Garchomp, L50, F|100/100
|switch|p2b: Amoonguss|Amoonguss, L50, F|100/100
|turn|1
|inactive|Sedrav has 30 seconds left.
|
|t:|1756931571
|move|p2a: Garchomp|Protect|p2a: Garchomp
|-singleturn|p2a: Garchomp|Protect
|move|p1a: Ursaluna|Protect|p1a: Ursaluna
|-singleturn|p1a: Ursaluna|Protect
|move|p1b: Araquanid|Waterfall|p2a: Garchomp
|-activate|p2a: Garchomp|move: Protect
|move|p2b: Amoonguss|Spore|p1a: Ursaluna
|-activate|p1a: Ursaluna|move: Protect
|
|-status|p1a: Ursaluna|brn|[from] item: Flame Orb
|upkeep
|turn|2
|inactive|AUBrigade has 30 seconds left.
|inactive|Sedrav has 30 seconds left.
|inactive|AUBrigade has 20 seconds left.
|
|t:|1756931609
|move|p1b: Araquanid|Protect|p1b: Araquanid
|-singleturn|p1b: Araquanid|Protect
|move|p2a: Garchomp|Dragon Claw|p1b: Araquanid
|-activate|p1b: Araquanid|move: Protect
|move|p1a: Ursaluna|Facade|p2b: Amoonguss
|-damage|p2b: Amoonguss|0 fnt
|faint|p2b: Amoonguss
|
|-damage|p1a: Ursaluna|94/100 brn|[from] brn
|upkeep
|
|t:|1756931621
|switch|p2b: Gholdengo|Gholdengo, L50|100/100
|turn|3
|
|t:|1756931636
|switch|p1a: Pelipper|Pelipper, L50, M|100/100
|-weather|RainDance|[from] ability: Drizzle|[of] p1a: Pelipper
|move|p2a: Garchomp|Dragon Claw|p1b: Araquanid
|-damage|p1b: Araquanid|39/100
|-damage|p2a: Garchomp|91/100|[from] item: Life Orb
|move|p2b: Gholdengo|Nasty Plot|p2b: Gholdengo
|-boost|p2b: Gholdengo|spa|2
|move|p1b: Araquanid|Waterfall|p2b: Gholdengo
|-damage|p2b: Gholdengo|0 fnt
|faint|p2b: Gholdengo
|
|-weather|RainDance|[upkeep]
|upkeep
|
|t:|1756931651
|switch|p2b: Tyranitar|Tyranitar, L50, F|100/100
|-weather|Sandstorm|[from] ability: Sand Stream|[of] p2b: Tyranitar
|turn|4
|inactive|AUBrigade has 30 seconds left.
|
|t:|1756931684
|switch|p1a: Archaludon|Archaludon, L50, F|100/100
|move|p1b: Araquanid|Wide Guard|p1b: Araquanid
|-singleturn|p1b: Araquanid|Wide Guard
|move|p2a: Garchomp|Dragon Claw|p1a: Archaludon
|-damage|p1a: Archaludon|61/100
|-ability|p1a: Archaludon|Stamina|boost
|-boost|p1a: Archaludon|def|1
|-damage|p2a: Garchomp|81/100|[from] item: Life Orb
|move|p2b: Tyranitar|Rock Slide|p1b: Araquanid|[spread] 
|-activate|p1a: Archaludon|move: Wide Guard
|-activate|p1b: Araquanid|move: Wide Guard
|
|-weather|Sandstorm|[upkeep]
|-damage|p1b: Araquanid|34/100|[from] Sandstorm
|upkeep
|turn|5
|inactive|AUBrigade has 30 seconds left.
|inactive|Sedrav has 30 seconds left.
|inactive|AUBrigade has 20 seconds left.
|inactive|AUBrigade has 15 seconds left.
|inactive|AUBrigade has 10 seconds left.
|
|t:|1756931731
|-terastallize|p2b: Tyranitar|Flying
|move|p2a: Garchomp|Earthquake|p1b: Araquanid|[spread] p1a,p1b
|-immune|p2b: Tyranitar
|-supereffective|p1a: Archaludon
|-resisted|p1b: Araquanid
|-damage|p1a: Archaludon|13/100
|-damage|p1b: Araquanid|4/100
|-ability|p1a: Archaludon|Stamina|boost
|-boost|p1a: Archaludon|def|1
|-damage|p2a: Garchomp|71/100|[from] item: Life Orb
|move|p1a: Archaludon|Body Press|p2a: Garchomp
|-damage|p2a: Garchomp|22/100
|-damage|p1a: Archaludon|1/100|[from] ability: Rough Skin|[of] p2a: Garchomp
|move|p2b: Tyranitar|Tera Blast|p1a: Archaludon|[anim] Tera Blast Flying
|-resisted|p1a: Archaludon
|-damage|p1a: Archaludon|0 fnt
|faint|p1a: Archaludon
|move|p1b: Araquanid|Waterfall|p2a: Garchomp
|-damage|p2a: Garchomp|0 fnt
|-damage|p1b: Araquanid|0 fnt|[from] ability: Rough Skin|[of] p2a: Garchomp
|faint|p2a: Garchomp
|faint|p1b: Araquanid
|
|-weather|Sandstorm|[upkeep]
|-damage|p2b: Tyranitar|95/100|[from] Sandstorm
|upkeep
|
|t:|1756931753
|switch|p1a: Pelipper|Pelipper, L50, M|100/100
|switch|p1b: Ursaluna|Ursaluna, L50, F|94/100 brn
|-weather|RainDance|[from] ability: Drizzle|[of] p1a: Pelipper
|turn|6
|
|t:|1756931768
|move|p1b: Ursaluna|Protect|p1b: Ursaluna
|-singleturn|p1b: Ursaluna|Protect
|move|p1a: Pelipper|Tailwind|p1a: Pelipper
|-sidestart|p1: AUBrigade|move: Tailwind
|move|p2b: Tyranitar|Rock Slide|p1a: Pelipper|[spread] p1a
|-activate|p1b: Ursaluna|move: Protect
|-supereffective|p1a: Pelipper
|-damage|p1a: Pelipper|20/100
|
|-weather|RainDance|[upkeep]
|-damage|p1b: Ursaluna|88/100 brn|[from] brn
|upkeep
|turn|7
|
|t:|1756931781
|move|p1a: Pelipper|Weather Ball|p2b: Tyranitar
|-damage|p2b: Tyranitar|57/100
|move|p1b: Ursaluna|Facade|p2b: Tyranitar
|-damage|p2b: Tyranitar|0 fnt
|faint|p2b: Tyranitar
|
|win|AUBrigade
|raw|AUBrigade's rating: 1304 → 1324(+20 for winning)
|raw|Sedrav's rating: 1298 → 1273(-25 for losing)
