|j|☆iceshard00
|j|☆Plata251
|html|iceshard00Plata251    
|uhtml|bestof|Game 2 of a best-of-3
|t:|1783625231
|gametype|doubles
|player|p1|iceshard00|lucas|1027
|player|p2|Plata251|corbeau|1109
|gen|9
|tier|[Gen 9 Champions] VGC 2026 Reg M-B (Bo3)
|rated|
|rule|Species Clause: Limit one of each Pokémon
|rule|Item Clause: Limit 1 of each item
|clearpoke
|poke|p1|Whimsicott, L50, F|
|poke|p1|Chesnaught, L50, M, shiny|
|poke|p1|Pelipper, L50, M|
|poke|p1|Mawile, L50, F|
|poke|p1|Glimmora, L50, F|
|poke|p1|Incineroar, L50, F|
|poke|p2|Farigiraf, L50, F|
|poke|p2|Sableye, L50, M|
|poke|p2|Scrafty, L50, F|
|poke|p2|Sinistcha, L50|
|poke|p2|Watchog, L50, M, shiny|
|poke|p2|Aerodactyl, L50, M|
|teampreview|4
|showteam|p1|Whimsicott||FocusSash|Prankster|Moonblast,TrickRoom,GrassyTerrain,Encore|Bold||F|||50|]Chesnaught||Chesnaughtite|Bulletproof|GrassyGlide,DrainPunch,BellyDrum,SpikyShield|Sassy||M|||50|]Pelipper||LifeOrb|Drizzle|Hurricane,WeatherBall,Tailwind,WideGuard|Quiet||M|||50|]Mawile||Mawilite|HyperCutter|PlayRough,SuckerPunch,SwordsDance,Protect|Brave||F|||50|]Glimmora||ExpertBelt|ToxicDebris|PowerGem,EarthPower,SludgeBomb,SpikyShield|Modest||F|||50|]Incineroar||SitrusBerry|Intimidate|FakeOut,PartingShot,DarkestLariat,WillOWisp|Brave||F|||50|
|showteam|p2|Farigiraf||TwistedSpoon|ArmorTail|PsychicNoise,HyperVoice,AllySwitch,HelpingHand|Modest||F|||50|]Sableye||SitrusBerry|Prankster|FakeOut,Quash,Encore,NightShade|Careful||M|||50|]Scrafty||Scraftinite|Intimidate|Substitute,FocusPunch,Crunch,Detect|Adamant||F|||50|]Sinistcha||ColburBerry|Hospitality|MatchaGotcha,RagePowder,TrickRoom,LifeDew|Bold|||||50|]Watchog||BlackGlasses|Analytic|SuperFang,Hypnosis,Assurance,Protect|Jolly||M|||50|]Aerodactyl||LifeOrb|Unnerve|Tailwind,WideGuard,RockSlide,DualWingbeat|Jolly||M|||50|
|inactive|Battle timer is ON: inactive players will automatically lose when time's up. (requested by Plata251)
|
|t:|1783625272
|teamsize|p1|4
|teamsize|p2|4
|start
|switch|p1a: Incineroar|Incineroar, L50, F|100/100
|switch|p1b: Glimmora|Glimmora, L50, F|100/100
|switch|p2a: Farigiraf|Farigiraf, L50, F|100/100
|switch|p2b: Sableye|Sableye, L50, M|100/100
|-ability|p1a: Incineroar|Intimidate|boost
|-unboost|p2a: Farigiraf|atk|1
|-unboost|p2b: Sableye|atk|1
|turn|1
|inactive|iceshard00 has 30 seconds left.
|inactive|iceshard00 has 20 seconds left.
|inactive|iceshard00 has 15 seconds left.
|
|t:|1783625314
|move|p2b: Sableye|Fake Out|p1a: Incineroar
|-damage|p1a: Incineroar|96/100
|move|p1b: Glimmora|Power Gem|p2b: Sableye
|-crit|p2b: Sableye
|-damage|p2b: Sableye|25/100
|-enditem|p2b: Sableye|Sitrus Berry|[eat]
|-heal|p2b: Sableye|50/100g|[from] item: Sitrus Berry
|move|p2a: Farigiraf|Psychic Noise|p1b: Glimmora
|-supereffective|p1b: Glimmora|1
|-damage|p1b: Glimmora|22/100
|-start|p1b: Glimmora|move: Heal Block
|cant|p1a: Incineroar|flinch
|
|upkeep
|turn|2
|inactive|iceshard00 has 30 seconds left.
|inactive|iceshard00 has 20 seconds left.
|inactive|iceshard00 has 15 seconds left.
|inactive|iceshard00 has 10 seconds left.
|
|t:|1783625360
|switch|p1b: Chesnaught|Chesnaught, L50, M, shiny|100/100
|move|p2b: Sableye|Quash||[still]
|-fail|p2b: Sableye
|move|p2a: Farigiraf|Psychic Noise|p1b: Chesnaught
|-supereffective|p1b: Chesnaught|1
|-damage|p1b: Chesnaught|40/100
|-start|p1b: Chesnaught|move: Heal Block
|move|p1a: Incineroar|Parting Shot|p2a: Farigiraf
|-unboost|p2a: Farigiraf|atk|1
|-unboost|p2a: Farigiraf|spa|1
|
|t:|1783625372
|switch|p1a: Whimsicott|Whimsicott, L50, F|100/100|[from] Parting Shot
|
|upkeep
|turn|3
|inactive|iceshard00 has 30 seconds left.
|inactive|iceshard00 has 20 seconds left.
|inactive|iceshard00 has 15 seconds left.
|inactive|iceshard00 has 10 seconds left.
|
|t:|1783625418
|detailschange|p1b: Chesnaught|Chesnaught-Mega, L50, M, shiny
|-mega|p1b: Chesnaught|Chesnaught|Chesnaughtite
|move|p1a: Whimsicott|Grassy Terrain|p1a: Whimsicott
|-fieldstart|move: Grassy Terrain
|move|p2b: Sableye|Quash||[still]
|-fail|p2b: Sableye
|move|p1b: Chesnaught|Grassy Glide||[still]
|cant|p2a: Farigiraf|ability: Armor Tail|Grassy Glide|[of] p1b: Chesnaught
|move|p2a: Farigiraf|Hyper Voice|p1a: Whimsicott|[spread] p1a,p1b
|-damage|p1a: Whimsicott|77/100
|-damage|p1b: Chesnaught|28/100
|
|-heal|p1a: Whimsicott|83/100|[from] Grassy Terrain
|-heal|p2b: Sableye|56/100|[from] Grassy Terrain
|-end|p1b: Chesnaught|move: Heal Block
|upkeep
|turn|4
|
|t:|1783625441
|switch|p1b: Incineroar|Incineroar, L50, F|96/100
|-ability|p1b: Incineroar|Intimidate|boost
|-unboost|p2a: Farigiraf|atk|1
|-unboost|p2b: Sableye|atk|1
|move|p2b: Sableye|Encore|p1a: Whimsicott
|-start|p1a: Whimsicott|Encore
|move|p1a: Whimsicott|Grassy Terrain||[still]
|-fail|p1a: Whimsicott
|move|p2a: Farigiraf|Psychic Noise|p1b: Incineroar
|-immune|p1b: Incineroar
|
|-heal|p1a: Whimsicott|89/100|[from] Grassy Terrain
|-heal|p1b: Incineroar|100/100|[from] Grassy Terrain
|-heal|p2b: Sableye|61/100|[from] Grassy Terrain
|upkeep
|turn|5
|inactive|iceshard00 has 30 seconds left.
|
|t:|1783625469
|switch|p1a: Glimmora|Glimmora, L50, F|22/100
|move|p2a: Farigiraf|Ally Switch|p2a: Farigiraf
|swap|p2a: Farigiraf|1|[from] move: Ally Switch
|move|p1b: Incineroar|Darkest Lariat|p2a: Sableye
|-damage|p2a: Sableye|7/100
|move|p2a: Sableye|Night Shade|p1b: Incineroar
|-damage|p1b: Incineroar|75/100
|
|-heal|p1a: Glimmora|28/100|[from] Grassy Terrain
|-heal|p1b: Incineroar|81/100|[from] Grassy Terrain
|-heal|p2a: Sableye|13/100|[from] Grassy Terrain
|upkeep
|turn|6
|
|t:|1783625492
|switch|p2a: Scrafty|Scrafty, L50, F|100/100
|-ability|p2a: Scrafty|Intimidate|boost
|-unboost|p1a: Glimmora|atk|1
|-unboost|p1b: Incineroar|atk|1
|move|p1a: Glimmora|Spiky Shield|p1a: Glimmora
|-singleturn|p1a: Glimmora|move: Protect
|move|p2b: Farigiraf|Ally Switch|p2b: Farigiraf
|swap|p2b: Farigiraf|0|[from] move: Ally Switch
|move|p1b: Incineroar|Darkest Lariat|p2a: Farigiraf
|-supereffective|p2a: Farigiraf|1
|-damage|p2a: Farigiraf|57/100
|
|-heal|p1a: Glimmora|34/100|[from] Grassy Terrain
|-heal|p2a: Farigiraf|63/100|[from] Grassy Terrain
|-heal|p1b: Incineroar|87/100|[from] Grassy Terrain
|upkeep
|turn|7
|inactive|iceshard00 has 30 seconds left.
|inactive|Plata251 has 30 seconds left.
|inactive|iceshard00 has 20 seconds left.
|
|t:|1783625529
|detailschange|p2b: Scrafty|Scrafty-Mega, L50, F
|-mega|p2b: Scrafty|Scrafty|Scraftinite
|-ability|p2b: Scrafty|Intimidate|boost
|-unboost|p1a: Glimmora|atk|1
|-unboost|p1b: Incineroar|atk|1
|move|p1a: Glimmora|Power Gem|p2a: Farigiraf
|-damage|p2a: Farigiraf|22/100
|move|p2b: Scrafty|Substitute|p2b: Scrafty
|-start|p2b: Scrafty|Substitute
|-damage|p2b: Scrafty|75/100
|move|p2a: Farigiraf|Psychic Noise|p1a: Glimmora
|-supereffective|p1a: Glimmora|1
|-damage|p1a: Glimmora|0 fnt
|faint|p1a: Glimmora
|move|p1b: Incineroar|Parting Shot|p2b: Scrafty
|-unboost|p2b: Scrafty|atk|1
|-unboost|p2b: Scrafty|spa|1
|
|t:|1783625543
|switch|p1b: Whimsicott|Whimsicott, L50, F|89/100|[from] Parting Shot
|
|-heal|p1b: Whimsicott|95/100|[from] Grassy Terrain
|-heal|p2b: Scrafty|80/100|[from] Grassy Terrain
|-heal|p2a: Farigiraf|28/100|[from] Grassy Terrain
|-fieldend|move: Grassy Terrain
|upkeep
|
|t:|1783625551
|switch|p1a: Incineroar|Incineroar, L50, F|87/100
|-ability|p1a: Incineroar|Intimidate|boost
|-unboost|p2a: Farigiraf|atk|1
|-immune|p2b: Scrafty
|turn|8
|inactive|iceshard00 has 30 seconds left.
|
|t:|1783625577
|switch|p2a: Sinistcha|Sinistcha, L50|100/100
|-heal|p2b: Scrafty|100/100|[from] ability: Hospitality|[of] p2a: Sinistcha
|-singleturn|p2b: Scrafty|move: Focus Punch
|move|p1a: Incineroar|Parting Shot|p2b: Scrafty
|-unboost|p2b: Scrafty|atk|1
|-unboost|p2b: Scrafty|spa|1
|
|t:|1783625591
|switch|p1a: Chesnaught|Chesnaught-Mega, L50, M, shiny|28/100|[from] Parting Shot
|move|p2b: Scrafty|Focus Punch|p1a: Chesnaught
|-damage|p1a: Chesnaught|6/100
|move|p1b: Whimsicott|Trick Room|p1b: Whimsicott
|-fieldstart|move: Trick Room|[of] p1b: Whimsicott
|
|upkeep
|turn|9
|inactive|iceshard00 has 30 seconds left.
|
|t:|1783625626
|switch|p1b: Incineroar|Incineroar, L50, F|87/100
|-ability|p1b: Incineroar|Intimidate|boost
|-unboost|p2a: Sinistcha|atk|1
|-immune|p2b: Scrafty
|move|p1a: Chesnaught|Spiky Shield|p1a: Chesnaught
|-singleturn|p1a: Chesnaught|move: Protect
|move|p2b: Scrafty|Detect|p2b: Scrafty
|-singleturn|p2b: Scrafty|Protect
|move|p2a: Sinistcha|Matcha Gotcha|p1b: Incineroar|[spread] p1b
|-activate|p1a: Chesnaught|move: Protect
|-resisted|p1b: Incineroar|1
|-damage|p1b: Incineroar|77/100
|
|upkeep
|turn|10
|inactive|iceshard00 has 30 seconds left.
|
|t:|1783625653
|switch|p1a: Whimsicott|Whimsicott, L50, F|95/100
|-singleturn|p2b: Scrafty|move: Focus Punch
|move|p1b: Incineroar|Darkest Lariat|p2b: Scrafty
|-resisted|p2b: Scrafty|2
|-activate|p2b: Scrafty|move: Substitute|[damage]
|move|p2a: Sinistcha|Matcha Gotcha|p1a: Whimsicott|[spread] p1a
|-miss|p2a: Sinistcha|p1b: Incineroar
|-resisted|p1a: Whimsicott|1
|-damage|p1a: Whimsicott|81/100
|-status|p1a: Whimsicott|brn
|move|p2b: Scrafty|Focus Punch|p1b: Incineroar
|-supereffective|p1b: Incineroar|1
|-damage|p1b: Incineroar|8/100
|-enditem|p1b: Incineroar|Sitrus Berry|[eat]
|-heal|p1b: Incineroar|33/100|[from] item: Sitrus Berry
|
|-damage|p1a: Whimsicott|75/100 brn|[from] brn
|upkeep
|turn|11
|
|t:|1783625677
|move|p1b: Incineroar|Parting Shot|p2b: Scrafty
|-unboost|p2b: Scrafty|atk|1
|-unboost|p2b: Scrafty|spa|1
|
|t:|1783625681
|switch|p1b: Chesnaught|Chesnaught-Mega, L50, M, shiny|6/100|[from] Parting Shot
|move|p2b: Scrafty|Substitute|p2b: Scrafty
|-fail|p2b: Scrafty|move: Substitute
|move|p2a: Sinistcha|Matcha Gotcha|p1a: Whimsicott|[spread] p1a,p1b
|-resisted|p1a: Whimsicott|1
|-resisted|p1b: Chesnaught|1
|-damage|p1a: Whimsicott|62/100 brn
|-damage|p1b: Chesnaught|0 fnt
|faint|p1b: Chesnaught
|move|p1a: Whimsicott|Moonblast|p2b: Scrafty
|-supereffective|p2b: Scrafty|2
|-end|p2b: Scrafty|Substitute
|
|-damage|p1a: Whimsicott|56/100 brn|[from] brn
|upkeep
|
|t:|1783625695
|switch|p1b: Incineroar|Incineroar, L50, F|33/100
|-ability|p1b: Incineroar|Intimidate|boost
|-unboost|p2a: Sinistcha|atk|1
|-unboost|p2b: Scrafty|atk|1
|turn|12
|inactive|iceshard00 has 30 seconds left.
|
|t:|1783625717
|switch|p2b: Farigiraf|Farigiraf, L50, F|28/100
|move|p2a: Sinistcha|Rage Powder|p2a: Sinistcha
|-singleturn|p2a: Sinistcha|move: Rage Powder
|move|p1b: Incineroar|Darkest Lariat|p2a: Sinistcha
|-supereffective|p2a: Sinistcha|1
|-enditem|p2a: Sinistcha|Colbur Berry|[eat]
|-enditem|p2a: Sinistcha|Colbur Berry|[weaken]
|-damage|p2a: Sinistcha|67/100
|move|p1a: Whimsicott|Moonblast|p2b: Farigiraf
|-damage|p2b: Farigiraf|3/100
|
|-damage|p1a: Whimsicott|50/100g brn|[from] brn
|-fieldend|move: Trick Room
|upkeep
|turn|13
|inactive|iceshard00 has 25 seconds left this turn.
|inactive|iceshard00 has 20 seconds left.
|inactive|iceshard00 has 15 seconds left.
|inactive|iceshard00 has 10 seconds left.
|inactive|iceshard00 has 5 seconds left.
|inactive|Plata251 has 30 seconds left.
|-message|iceshard00 lost due to inactivity.
|
|win|Plata251
||Plata251 is ready for game 3.
||iceshard00 is ready for game 3.
|uhtml|next|Next: Game 3 of 3
|l|☆Plata251
|player|p2|
