|j|☆Smugplayspkmn
|j|☆Kurolax
|html|SmugplayspkmnKurolax    
|uhtml|bestof|Game 1 of a best-of-3
|t:|1756572071
|gametype|doubles
|player|p1|Smugplayspkmn|265|1136
|player|p2|Kurolax|2|1087
|gen|9
|tier|[Gen 9] VGC 2025 Reg H (Bo3)
|rated|
|rule|Species Clause: Limit one of each Pokémon
|rule|Item Clause: Limit 1 of each item
|clearpoke
|poke|p1|Ninetales-Alola, L50, M|
|poke|p1|Incineroar, L50, M|
|poke|p1|Sneasler, L50, F|
|poke|p1|Cetitan, L50, F|
|poke|p1|Amoonguss, L50, F|
|poke|p1|Kingambit, L50, M|
|poke|p2|Volcarona, L50, F|
|poke|p2|Tyranitar, L50, M|
|poke|p2|Rillaboom, L50, M|
|poke|p2|Primarina, L50, F|
|poke|p2|Sneasler, L50, F|
|poke|p2|Dragonite, L50, F|
|teampreview|4
|showteam|p1|Ninetales-Alola||LightClay|SnowWarning|AuroraVeil,FreezeDry,Moonblast,Protect|||M|||50|,,,,,Ghost]Incineroar||SafetyGoggles|Intimidate|FlareBlitz,PartingShot,KnockOff,FakeOut|||M|||50|,,,,,Ghost]Sneasler||FocusSash|PoisonTouch|FakeOut,DireClaw,CloseCombat,ThroatChop|||F|||50|,,,,,Dark]Cetitan||SitrusBerry|SlushRush|BellyDrum,Protect,IceSpinner,StompingTantrum|||F|||50|,,,,,Flying]Amoonguss||RockyHelmet|Regenerator|Spore,RagePowder,ClearSmog,Protect|||F|||50|,,,,,Water]Kingambit||BlackGlasses|Defiant|KowtowCleave,SuckerPunch,Protect,SwordsDance|||M|||50|,,,,,Dark
|showteam|p2|Volcarona||GrassySeed|FlameBody|QuiverDance,HeatWave,GigaDrain,Protect|||F|||50|,,,,,Stellar]Tyranitar||FocusSash|SandStream|RockSlide,KnockOff,TeraBlast,Protect|||M|||50|,,,,,Flying]Rillaboom||AssaultVest|GrassySurge|KnockOff,Uturn,GrassyGlide,FakeOut|||M|||50|,,,,,Grass]Primarina||SitrusBerry|LiquidVoice|HyperVoice,Moonblast,CalmMind,Protect|||F|||50|,,,,,Poison]Sneasler||WhiteHerb|Unburden|DireClaw,FakeOut,Protect,CloseCombat|||F|||50|,,,,,Dark]Dragonite||LoadedDice|Multiscale|Tailwind,ScaleShot,Haze,Protect|||F|||50|,,,,,Fairy
|
|t:|1756572097
|teamsize|p1|4
|teamsize|p2|4
|start
|switch|p1a: Incineroar|Incineroar, L50, M|100/100
|switch|p1b: Amoonguss|Amoonguss, L50, F|100/100
|switch|p2a: Rillaboom|Rillaboom, L50, M|100/100
|switch|p2b: Sneasler|Sneasler, L50, F|100/100
|-fieldstart|move: Grassy Terrain|[from] ability: Grassy Surge|[of] p2a: Rillaboom
|-ability|p1a: Incineroar|Intimidate|boost
|-unboost|p2a: Rillaboom|atk|1
|-unboost|p2b: Sneasler|atk|1
|-enditem|p2b: Sneasler|White Herb
|-clearnegativeboost|p2b: Sneasler|[silent]
|turn|1
|
|t:|1756572110
|move|p2b: Sneasler|Protect|p2b: Sneasler
|-singleturn|p2b: Sneasler|Protect
|move|p2a: Rillaboom|Fake Out|p1b: Amoonguss
|-damage|p1b: Amoonguss|91/100
|-damage|p2a: Rillaboom|84/100|[from] item: Rocky Helmet|[of] p1b: Amoonguss
|cant|p1b: Amoonguss|flinch
|move|p1a: Incineroar|Flare Blitz|p2a: Rillaboom
|-supereffective|p2a: Rillaboom
|-damage|p2a: Rillaboom|0 fnt
|faint|p2a: Rillaboom
|-damage|p1a: Incineroar|74/100|[from] Recoil
|
|-heal|p1a: Incineroar|80/100|[from] Grassy Terrain
|-heal|p1b: Amoonguss|97/100|[from] Grassy Terrain
|upkeep
|
|t:|1756572121
|switch|p2a: Volcarona|Volcarona, L50, F|100/100
|-enditem|p2a: Volcarona|Grassy Seed
|-boost|p2a: Volcarona|def|1|[from] item: Grassy Seed
|turn|2
|
|t:|1756572135
|-terastallize|p1b: Amoonguss|Water
|move|p1b: Amoonguss|Rage Powder|p1b: Amoonguss
|-singleturn|p1b: Amoonguss|move: Rage Powder
|move|p2b: Sneasler|Close Combat|p1b: Amoonguss
|-damage|p1b: Amoonguss|35/100
|-unboost|p2b: Sneasler|def|1
|-unboost|p2b: Sneasler|spd|1
|-damage|p2b: Sneasler|84/100|[from] item: Rocky Helmet|[of] p1b: Amoonguss
|move|p2a: Volcarona|Quiver Dance|p2a: Volcarona
|-boost|p2a: Volcarona|spa|1
|-boost|p2a: Volcarona|spd|1
|-boost|p2a: Volcarona|spe|1
|move|p1a: Incineroar|Parting Shot|p2a: Volcarona
|-unboost|p2a: Volcarona|atk|1
|-unboost|p2a: Volcarona|spa|1
|
|t:|1756572151
|switch|p1a: Ninetales|Ninetales-Alola, L50, M|100/100|[from] Parting Shot
|-weather|Snowscape|[from] ability: Snow Warning|[of] p1a: Ninetales
|
|-weather|Snowscape|[upkeep]
|-heal|p2b: Sneasler|90/100|[from] Grassy Terrain
|-heal|p1b: Amoonguss|41/100|[from] Grassy Terrain
|upkeep
|turn|3
|
|t:|1756572162
|move|p1a: Ninetales|Protect|p1a: Ninetales
|-singleturn|p1a: Ninetales|Protect
|move|p2b: Sneasler|Dire Claw|p1b: Amoonguss
|-damage|p1b: Amoonguss|3/100
|-status|p1b: Amoonguss|psn
|-damage|p2b: Sneasler|74/100|[from] item: Rocky Helmet|[of] p1b: Amoonguss
|move|p2a: Volcarona|Heat Wave|p1b: Amoonguss|[spread] p1b
|-activate|p1a: Ninetales|move: Protect
|-resisted|p1b: Amoonguss
|-damage|p1b: Amoonguss|0 fnt
|faint|p1b: Amoonguss
|
|-weather|Snowscape|[upkeep]
|-heal|p2b: Sneasler|80/100|[from] Grassy Terrain
|upkeep
|
|t:|1756572172
|switch|p1b: Incineroar|Incineroar, L50, M|80/100
|-ability|p1b: Incineroar|Intimidate|boost
|-unboost|p2a: Volcarona|atk|1
|-unboost|p2b: Sneasler|atk|1
|turn|4
|
|t:|1756572184
|move|p2a: Volcarona|Protect|p2a: Volcarona
|-singleturn|p2a: Volcarona|Protect
|move|p1b: Incineroar|Fake Out|p2b: Sneasler
|-damage|p2b: Sneasler|50/100
|cant|p2b: Sneasler|flinch
|move|p1a: Ninetales|Aurora Veil|p1a: Ninetales
|-sidestart|p1: Smugplayspkmn|move: Aurora Veil
|
|-weather|Snowscape|[upkeep]
|-heal|p2b: Sneasler|56/100|[from] Grassy Terrain
|-heal|p1b: Incineroar|86/100|[from] Grassy Terrain
|upkeep
|turn|5
|
|t:|1756572209
|move|p2b: Sneasler|Close Combat|p1b: Incineroar
|-supereffective|p1b: Incineroar
|-damage|p1b: Incineroar|35/100
|-unboost|p2b: Sneasler|def|1
|-unboost|p2b: Sneasler|spd|1
|move|p2a: Volcarona|Heat Wave|p1b: Incineroar|[spread] p1a,p1b
|-supereffective|p1a: Ninetales
|-crit|p1a: Ninetales
|-resisted|p1b: Incineroar
|-damage|p1a: Ninetales|0 fnt
|-damage|p1b: Incineroar|23/100
|faint|p1a: Ninetales
|move|p1b: Incineroar|Parting Shot|p2a: Volcarona
|-unboost|p2a: Volcarona|atk|1
|-unboost|p2a: Volcarona|spa|1
|
|t:|1756572221
|switch|p1b: Cetitan|Cetitan, L50, F|100/100|[from] Parting Shot
|
|-weather|Snowscape|[upkeep]
|-heal|p2b: Sneasler|62/100|[from] Grassy Terrain
|-fieldend|move: Grassy Terrain
|upkeep
|
|t:|1756572228
|switch|p1a: Incineroar|Incineroar, L50, M|23/100
|-ability|p1a: Incineroar|Intimidate|boost
|-unboost|p2a: Volcarona|atk|1
|-unboost|p2b: Sneasler|atk|1
|turn|6
|
|t:|1756572237
|switch|p2b: Tyranitar|Tyranitar, L50, M|100/100
|-weather|Sandstorm|[from] ability: Sand Stream|[of] p2b: Tyranitar
|move|p1a: Incineroar|Fake Out|p2a: Volcarona
|-damage|p2a: Volcarona|90/100
|cant|p2a: Volcarona|flinch
|move|p1b: Cetitan|Belly Drum|p1b: Cetitan
|-damage|p1b: Cetitan|50/100
|-setboost|p1b: Cetitan|atk|6|[from] move: Belly Drum
|-enditem|p1b: Cetitan|Sitrus Berry|[eat]
|-heal|p1b: Cetitan|75/100|[from] item: Sitrus Berry
|
|-weather|Sandstorm|[upkeep]
|-damage|p2a: Volcarona|84/100|[from] Sandstorm
|-damage|p1b: Cetitan|69/100|[from] Sandstorm
|upkeep
|turn|7
|
|t:|1756572264
|move|p2b: Tyranitar|Protect|p2b: Tyranitar
|-singleturn|p2b: Tyranitar|Protect
|move|p2a: Volcarona|Heat Wave|p1b: Cetitan|[spread] p1a,p1b
|-resisted|p1a: Incineroar
|-supereffective|p1b: Cetitan
|-damage|p1a: Incineroar|15/100
|-damage|p1b: Cetitan|40/100
|move|p1b: Cetitan|Stomping Tantrum|p2b: Tyranitar
|-activate|p2b: Tyranitar|move: Protect
|move|p1a: Incineroar|Knock Off|p2b: Tyranitar
|-activate|p2b: Tyranitar|move: Protect
|
|-weather|Sandstorm|[upkeep]
|-damage|p2a: Volcarona|78/100|[from] Sandstorm
|-damage|p1b: Cetitan|34/100|[from] Sandstorm
|upkeep
|turn|8
|
|t:|1756572284
|switch|p2b: Sneasler|Sneasler, L50, F|62/100
|move|p2a: Volcarona|Heat Wave|p1b: Cetitan|[spread] p1a,p1b
|-resisted|p1a: Incineroar
|-supereffective|p1b: Cetitan
|-damage|p1a: Incineroar|9/100
|-damage|p1b: Cetitan|4/100
|move|p1b: Cetitan|Stomping Tantrum|p2a: Volcarona
|-damage|p2a: Volcarona|0 fnt
|-status|p1b: Cetitan|brn|[from] ability: Flame Body|[of] p2a: Volcarona
|faint|p2a: Volcarona
|move|p1a: Incineroar|Parting Shot|p2b: Sneasler
|-unboost|p2b: Sneasler|atk|1
|-unboost|p2b: Sneasler|spa|1
|
|-weather|Sandstorm|[upkeep]
|-damage|p2b: Sneasler|56/100|[from] Sandstorm
|-damage|p1b: Cetitan|0 fnt|[from] Sandstorm
|faint|p1b: Cetitan
|upkeep
|
|t:|1756572297
|switch|p2a: Tyranitar|Tyranitar, L50, M|100/100
|turn|9
|-message|Smugplayspkmn forfeited.
|
|win|Kurolax
|l|☆Smugplayspkmn
|player|p1|
