|j|☆glotis
|j|☆Dre18
|html|glotisDre18    
|uhtml|bestof|Game 1 of a best-of-3
|t:|1756208988
|gametype|doubles
|player|p1|glotis|linebacker|1008
|player|p2|Dre18|lucas|1049
|gen|9
|tier|[Gen 9] VGC 2025 Reg H (Bo3)
|rated|
|rule|Species Clause: Limit one of each Pokémon
|rule|Item Clause: Limit 1 of each item
|clearpoke
|poke|p1|Magcargo, L50, M|
|poke|p1|Blaziken, L50, F|
|poke|p1|Swampert, L50, M|
|poke|p1|Salamence, L50, F|
|poke|p1|Braviary, L50, M|
|poke|p1|Breloom, L50, F|
|poke|p2|Volcarona, L50, M|
|poke|p2|Rillaboom, L50, M|
|poke|p2|Annihilape, L50, F|
|poke|p2|Ninetales-Alola, L50, F|
|poke|p2|Electabuzz, L50, F|
|poke|p2|Gyarados, L50, M|
|teampreview|4
|showteam|p1|Magcargo||AirBalloon|FlameBody|WillOWisp,Protect,SunnyDay,HeatWave|||M|||50|,,,,,Grass]Blaziken||FocusSash|SpeedBoost|BlazeKick,Coaching,Protect,Counter|||F|||50|,,,,,Dark]Swampert||AssaultVest|Torrent|Waterfall,BodyPress,Earthquake,FlipTurn|||M|||50|,,,,,Water]Salamence||ClearAmulet|Intimidate|DracoMeteor,DragonClaw,DualWingbeat,Tailwind|||F|||50|,,,,,Steel]Braviary||CovertCloak|Defiant|BulkUp,Protect,BodySlam,RockSlide|||M|||50|,,,,,Normal]Breloom||SitrusBerry|Technician|MachPunch,Spore,Protect,SwordsDance|||F|||50|,,,,,Dark
|showteam|p2|Volcarona||CovertCloak|FlameBody|HeatWave,TeraBlast,QuiverDance,Protect|||M|||50|,,,,,Fairy]Rillaboom||AssaultVest|GrassySurge|FakeOut,GrassyGlide,Uturn,WoodHammer|||M|||50|,,,,,Fire]Annihilape||SafetyGoggles|Defiant|RageFist,DrainPunch,BulkUp,Protect|||F|||50|,,,,,Water]Ninetales-Alola||LightClay|SnowWarning|Blizzard,IcicleSpear,AuroraVeil,Encore|||F|||50|,,,,,Ghost]Electabuzz||Eviolite|VitalSpirit|Electroweb,FollowMe,Taunt,Protect|||F|||50|,,,,,Ghost]Gyarados||RockyHelmet|Intimidate|Waterfall,IronHead,ThunderWave,Protect|||M|||50|,,,,,Steel
|inactive|Battle timer is ON: inactive players will automatically lose when time's up. (requested by Dre18)
|inactive|glotis also wants the timer to be on.
|inactive|glotis has 60 seconds left.
|inactive|glotis has 30 seconds left.
|
|t:|1756209050
|teamsize|p1|4
|teamsize|p2|4
|start
|switch|p1a: Braviary|Braviary, L50, M|100/100
|switch|p1b: Salamence|Salamence, L50, F|100/100
|switch|p2a: Ninetales|Ninetales-Alola, L50, F|100/100
|switch|p2b: Annihilape|Annihilape, L50, F|100/100
|-weather|Snowscape|[from] ability: Snow Warning|[of] p2a: Ninetales
|-ability|p1b: Salamence|Intimidate|boost
|-unboost|p2a: Ninetales|atk|1
|-unboost|p2b: Annihilape|atk|1
|-ability|p2b: Annihilape|Defiant|boost
|-boost|p2b: Annihilape|atk|2
|turn|1
|inactive|Dre18 has 30 seconds left.
|
|t:|1756209078
|-terastallize|p1b: Salamence|Steel
|-terastallize|p2b: Annihilape|Water
|move|p1a: Braviary|Protect|p1a: Braviary
|-singleturn|p1a: Braviary|Protect
|move|p2a: Ninetales|Blizzard|p1b: Salamence|[spread] p1b
|-activate|p1a: Braviary|move: Protect
|-resisted|p1b: Salamence
|-damage|p1b: Salamence|91/100
|move|p1b: Salamence|Tailwind|p1b: Salamence
|-sidestart|p1: glotis|move: Tailwind
|move|p2b: Annihilape|Rage Fist|p1a: Braviary
|-activate|p1a: Braviary|move: Protect
|
|-weather|Snowscape|[upkeep]
|upkeep
|turn|2
|inactive|glotis has 30 seconds left.
|
|t:|1756209110
|move|p1a: Braviary|Rock Slide|p2a: Ninetales|[spread] p2a,p2b
|-supereffective|p2a: Ninetales
|-damage|p2a: Ninetales|71/100
|-damage|p2b: Annihilape|84/100
|move|p1b: Salamence|Dragon Claw|p2b: Annihilape
|-damage|p2b: Annihilape|52/100
|cant|p2a: Ninetales|flinch
|move|p2b: Annihilape|Drain Punch|p1b: Salamence
|-supereffective|p1b: Salamence
|-crit|p1b: Salamence
|-damage|p1b: Salamence|0 fnt
|-heal|p2b: Annihilape|98/100|[from] drain|[of] p1b: Salamence
|faint|p1b: Salamence
|
|-weather|Snowscape|[upkeep]
|upkeep
|
|t:|1756209122
|switch|p1b: Blaziken|Blaziken, L50, F|100/100
|turn|3
|
|t:|1756209130
|move|p1a: Braviary|Rock Slide|p2b: Annihilape|[spread] p2a,p2b
|-supereffective|p2a: Ninetales
|-damage|p2a: Ninetales|41/100
|-damage|p2b: Annihilape|79/100
|move|p1b: Blaziken|Blaze Kick|p2a: Ninetales
|-supereffective|p2a: Ninetales
|-damage|p2a: Ninetales|0 fnt
|faint|p2a: Ninetales
|cant|p2b: Annihilape|flinch
|
|-weather|Snowscape|[upkeep]
|-ability|p1b: Blaziken|Speed Boost|boost
|-boost|p1b: Blaziken|spe|1
|upkeep
|
|t:|1756209141
|switch|p2a: Electabuzz|Electabuzz, L50, F|100/100
|turn|4
|
|t:|1756209148
|move|p2a: Electabuzz|Protect|p2a: Electabuzz
|-singleturn|p2a: Electabuzz|Protect
|move|p2b: Annihilape|Protect|p2b: Annihilape
|-singleturn|p2b: Annihilape|Protect
|move|p1b: Blaziken|Coaching|p1a: Braviary
|-boost|p1a: Braviary|atk|1
|-boost|p1a: Braviary|def|1
|move|p1a: Braviary|Body Slam|p2a: Electabuzz
|-activate|p2a: Electabuzz|move: Protect
|
|-weather|Snowscape|[upkeep]
|-sideend|p1: glotis|move: Tailwind
|-ability|p1b: Blaziken|Speed Boost|boost
|-boost|p1b: Blaziken|spe|1
|upkeep
|turn|5
|
|t:|1756209161
|move|p1a: Braviary|Protect|p1a: Braviary
|-singleturn|p1a: Braviary|Protect
|move|p2a: Electabuzz|Follow Me|p2a: Electabuzz
|-singleturn|p2a: Electabuzz|move: Follow Me
|move|p1b: Blaziken|Coaching|p1a: Braviary
|-boost|p1a: Braviary|atk|1
|-boost|p1a: Braviary|def|1
|move|p2b: Annihilape|Rage Fist|p1a: Braviary
|-activate|p1a: Braviary|move: Protect
|
|-weather|none
|-ability|p1b: Blaziken|Speed Boost|boost
|-boost|p1b: Blaziken|spe|1
|upkeep
|turn|6
|
|t:|1756209178
|move|p2b: Annihilape|Protect|p2b: Annihilape
|-singleturn|p2b: Annihilape|Protect
|move|p1b: Blaziken|Blaze Kick|p2a: Electabuzz
|-damage|p2a: Electabuzz|75/100
|move|p1a: Braviary|Rock Slide|p2b: Annihilape|[spread] 
|-activate|p2b: Annihilape|move: Protect
|-miss|p1a: Braviary|p2a: Electabuzz
|move|p2a: Electabuzz|Taunt|p1b: Blaziken
|-start|p1b: Blaziken|move: Taunt
|
|-ability|p1b: Blaziken|Speed Boost|boost
|-boost|p1b: Blaziken|spe|1
|upkeep
|turn|7
|
|t:|1756209193
|move|p2a: Electabuzz|Follow Me|p2a: Electabuzz
|-singleturn|p2a: Electabuzz|move: Follow Me
|move|p1b: Blaziken|Blaze Kick|p2a: Electabuzz
|-damage|p2a: Electabuzz|49/100
|move|p1a: Braviary|Body Slam|p2a: Electabuzz
|-damage|p2a: Electabuzz|0 fnt
|faint|p2a: Electabuzz
|move|p2b: Annihilape|Rage Fist|p1a: Braviary
|-immune|p1a: Braviary
|
|-ability|p1b: Blaziken|Speed Boost|boost
|-boost|p1b: Blaziken|spe|1
|upkeep
|
|t:|1756209211
|switch|p2a: Volcarona|Volcarona, L50, M|100/100
|turn|8
|
|t:|1756209227
|move|p2a: Volcarona|Protect|p2a: Volcarona
|-singleturn|p2a: Volcarona|Protect
|move|p1a: Braviary|Protect|p1a: Braviary
|-singleturn|p1a: Braviary|Protect
|move|p2b: Annihilape|Rage Fist|p1b: Blaziken
|-enditem|p1b: Blaziken|Focus Sash
|-damage|p1b: Blaziken|1/100
|move|p1b: Blaziken|Counter|p2b: Annihilape
|-damage|p2b: Annihilape|0 fnt
|faint|p2b: Annihilape
|
|-ability|p1b: Blaziken|Speed Boost|boost
|-boost|p1b: Blaziken|spe|1
|upkeep
|turn|9
|
|t:|1756209243
|move|p1b: Blaziken|Blaze Kick|p2a: Volcarona
|-crit|p2a: Volcarona
|-damage|p2a: Volcarona|30/100
|move|p2a: Volcarona|Heat Wave|p1b: Blaziken|[spread] p1a,p1b
|-resisted|p1b: Blaziken
|-damage|p1a: Braviary|57/100
|-damage|p1b: Blaziken|0 fnt
|faint|p1b: Blaziken
|move|p1a: Braviary|Rock Slide|p2a: Volcarona
|-supereffective|p2a: Volcarona
|-damage|p2a: Volcarona|0 fnt
|faint|p2a: Volcarona
|
|win|glotis
||Dre18 is ready for game 2.
