|j|â˜†alitadark
|j|â˜†WhatIsBreadnaught
|html|alitadarkWhatIsBreadnaught    
|uhtml|bestof|Game 3 of a best-of-3
|t:|1783954637
|gametype|doubles
|player|p1|alitadark|265|1087
|player|p2|WhatIsBreadnaught|volkner|1055
|gen|9
|tier|[Gen 9 Champions] VGC 2026 Reg M-B (Bo3)
|rated|
|rule|Species Clause: Limit one of each PokÃ©mon
|rule|Item Clause: Limit 1 of each item
|clearpoke
|poke|p1|Aerodactyl, L50, F, shiny|
|poke|p1|Kingambit, L50, F, shiny|
|poke|p1|Sylveon, L50, F, shiny|
|poke|p1|Garchomp, L50, F, shiny|
|poke|p1|Charizard, L50, F, shiny|
|poke|p1|Incineroar, L50, F, shiny|
|poke|p2|Raichu, L50, F|
|poke|p2|Sableye, L50, M|
|poke|p2|Pelipper, L50, M|
|poke|p2|Tsareena, L50, F|
|poke|p2|Archaludon, L50, M|
|poke|p2|Swampert, L50, M|
|teampreview|4
|showteam|p1|Aerodactyl||Aerodactylite|Unnerve|RockSlide,IceFang,Tailwind,WideGuard|Jolly||F|||50|]Kingambit||FocusSash|Defiant|KowtowCleave,SuckerPunch,IronHead,Protect|Adamant||F|||50|]Sylveon||FairyFeather|Pixilate|Detect,HyperVoice,HyperBeam,QuickAttack|Modest||F|||50|]Garchomp||LifeOrb|RoughSkin|Earthquake,DragonClaw,StompingTantrum,Protect|Jolly||F|||50|]Charizard||CharizarditeY|Blaze|Protect,HeatWave,SolarBeam,WeatherBall|Modest||F|||50|]Incineroar||SitrusBerry|Intimidate|DarkestLariat,FlareBlitz,FakeOut,PartingShot|Impish||F|||50|
|showteam|p2|Raichu||RaichuniteY|LightningRod|ZapCannon,FakeOut,FocusBlast,Protect|Hasty||F|||50|]Sableye||LightClay|Prankster|RainDance,WillOWisp,Reflect,LightScreen|Calm||M|||50|]Pelipper||DampRock|Drizzle|WideGuard,WeatherBall,Tailwind,Hurricane|Modest||M|||50|]Tsareena||ChoiceScarf|QueenlyMajesty|TripleAxel,TropKick,LowKick,Uturn|Jolly||F|||50|]Archaludon||Leftovers|Stamina|DragonPulse,ElectroShot,FlashCannon,Protect|Modest||M|||50|]Swampert||Swampertite|Torrent|IcePunch,WaveCrash,HighHorsepower,Protect|Adamant||M|||50|
|
|t:|1783954677
|teamsize|p1|4
|teamsize|p2|4
|start
|switch|p1a: Aerodactyl|Aerodactyl, L50, F, shiny|100/100
|switch|p1b: Garchomp|Garchomp, L50, F, shiny|100/100
|switch|p2a: Sableye|Sableye, L50, M|100/100
|switch|p2b: Swampert|Swampert, L50, M|100/100
|-ability|p1a: Aerodactyl|Unnerve
|turn|1
|
|t:|1783954703
|switch|p2a: Pelipper|Pelipper, L50, M|100/100
|-weather|RainDance|[from] ability: Drizzle|[of] p2a: Pelipper
|detailschange|p2b: Swampert|Swampert-Mega, L50, M
|-mega|p2b: Swampert|Swampert|Swampertite
|move|p1a: Aerodactyl|Tailwind|p1a: Aerodactyl
|-sidestart|p1: alitadark|move: Tailwind
|move|p1b: Garchomp|Earthquake|p2a: Pelipper|[spread] p2b
|-immune|p1a: Aerodactyl
|-immune|p2a: Pelipper
|-damage|p2b: Swampert|62/100
|-damage|p1b: Garchomp|90/100|[from] item: Life Orb
|move|p2b: Swampert|Ice Punch|p1b: Garchomp
|-supereffective|p1b: Garchomp|2
|-damage|p1b: Garchomp|0 fnt
|-damage|p2b: Swampert|50/100g|[from] ability: Rough Skin|[of] p1b: Garchomp
|faint|p1b: Garchomp
|
|-weather|RainDance|[upkeep]
|upkeep
|
|t:|1783954721
|switch|p1b: Charizard|Charizard, L50, F, shiny|100/100
|turn|2
|
|t:|1783954738
|detailschange|p1b: Charizard|Charizard-Mega-Y, L50, F, shiny
|-mega|p1b: Charizard|Charizard|Charizardite Y
|-weather|SunnyDay|[from] ability: Drought|[of] p1b: Charizard
|move|p2b: Swampert|Protect|p2b: Swampert
|-singleturn|p2b: Swampert|Protect
|move|p1a: Aerodactyl|Rock Slide|p2a: Pelipper|[spread] p2a
|-activate|p2b: Swampert|move: Protect
|-supereffective|p2a: Pelipper|1
|-damage|p2a: Pelipper|48/100
|move|p1b: Charizard|Solar Beam||[still]
|-prepare|p1b: Charizard|Solar Beam
|-anim|p1b: Charizard|Solar Beam|p2b: Swampert
|-activate|p2b: Swampert|move: Protect
|cant|p2a: Pelipper|flinch
|
|-weather|SunnyDay|[upkeep]
|upkeep
|turn|3
|
|t:|1783954769
|switch|p2b: Tsareena|Tsareena, L50, F|100/100
|switch|p2a: Sableye|Sableye, L50, M|100/100
|move|p1a: Aerodactyl|Rock Slide|p2b: Tsareena|[spread] p2b
|-miss|p1a: Aerodactyl|p2a: Sableye
|-damage|p2b: Tsareena|73/100
|move|p1b: Charizard|Weather Ball|p2b: Tsareena
|-supereffective|p2b: Tsareena|1
|-damage|p2b: Tsareena|0 fnt
|faint|p2b: Tsareena
|
|-weather|SunnyDay|[upkeep]
|upkeep
|
|t:|1783954784
|switch|p2b: Swampert|Swampert-Mega, L50, M|50/100g
|turn|4
|
|t:|1783954802
|switch|p1b: Sylveon|Sylveon, L50, F, shiny|100/100
|move|p2a: Sableye|Rain Dance|p2a: Sableye
|-weather|RainDance
|move|p1a: Aerodactyl|Rock Slide|p2b: Swampert|[spread] p2a,p2b
|-resisted|p2b: Swampert|1
|-damage|p2a: Sableye|71/100
|-damage|p2b: Swampert|41/100
|cant|p2b: Swampert|flinch
|
|-weather|RainDance|[upkeep]
|-sideend|p1: alitadark|move: Tailwind
|upkeep
|turn|5
|
|t:|1783954829
|switch|p1a: Charizard|Charizard-Mega-Y, L50, F, shiny|100/100
|-weather|SunnyDay|[from] ability: Drought|[of] p1a: Charizard
|move|p2a: Sableye|Light Screen|p2a: Sableye
|-sidestart|p2: WhatIsBreadnaught|move: Light Screen
|move|p1b: Sylveon|Hyper Beam|p2b: Swampert
|-damage|p2b: Swampert|0 fnt
|-mustrecharge|p1b: Sylveon
|faint|p2b: Swampert
|
|-weather|SunnyDay|[upkeep]
|upkeep
|
|t:|1783954838
|switch|p2b: Pelipper|Pelipper, L50, M|48/100
|-weather|RainDance|[from] ability: Drizzle|[of] p2b: Pelipper
|turn|6
|
|t:|1783954859
|move|p1a: Charizard|Protect|p1a: Charizard
|-singleturn|p1a: Charizard|Protect
|move|p2a: Sableye|Reflect|p2a: Sableye
|-sidestart|p2: WhatIsBreadnaught|Reflect
|cant|p1b: Sylveon|recharge
|move|p2b: Pelipper|Weather Ball|p1b: Sylveon
|-damage|p1b: Sylveon|46/100
|
|-weather|RainDance|[upkeep]
|upkeep
|turn|7
|
|t:|1783954880
|switch|p1a: Aerodactyl|Aerodactyl, L50, F, shiny|100/100
|-ability|p1a: Aerodactyl|Unnerve
|move|p1b: Sylveon|Detect|p1b: Sylveon
|-singleturn|p1b: Sylveon|Protect
|move|p2a: Sableye|Will-O-Wisp|p1b: Sylveon
|-activate|p1b: Sylveon|move: Protect
|move|p2b: Pelipper|Weather Ball|p1b: Sylveon
|-activate|p1b: Sylveon|move: Protect
|
|-weather|RainDance|[upkeep]
|upkeep
|turn|8
|
|t:|1783954898
|move|p2a: Sableye|Will-O-Wisp|p1a: Aerodactyl
|-status|p1a: Aerodactyl|brn
|move|p1a: Aerodactyl|Tailwind|p1a: Aerodactyl
|-sidestart|p1: alitadark|move: Tailwind
|move|p1b: Sylveon|Hyper Voice|p2b: Pelipper|[spread] p2a,p2b
|-supereffective|p2a: Sableye|1
|-damage|p2a: Sableye|4/100
|-damage|p2b: Pelipper|3/100
|move|p2b: Pelipper|Weather Ball|p1b: Sylveon
|-damage|p1b: Sylveon|0 fnt
|faint|p1b: Sylveon
|
|-weather|RainDance|[upkeep]
|-damage|p1a: Aerodactyl|93/100 brn|[from] brn
|upkeep
|
|t:|1783954911
|switch|p1b: Charizard|Charizard-Mega-Y, L50, F, shiny|100/100
|-weather|SunnyDay|[from] ability: Drought|[of] p1b: Charizard
|turn|9
|
|t:|1783954920
|move|p2a: Sableye|Rain Dance|p2a: Sableye
|-weather|RainDance
|move|p1a: Aerodactyl|Rock Slide|p2b: Pelipper|[spread] p2a
|-miss|p1a: Aerodactyl|p2b: Pelipper
|-damage|p2a: Sableye|0 fnt
|faint|p2a: Sableye
|move|p1b: Charizard|Heat Wave|p2b: Pelipper
|-resisted|p2b: Pelipper|1
|-damage|p2b: Pelipper|0 fnt
|faint|p2b: Pelipper
|
|win|alitadark
|raw|alitadark's rating: 1087 → 1111(+24 for winning)
|raw|WhatIsBreadnaught's rating: 1055 → 1038(-17 for losing)
|l|â˜†WhatIsBreadnaught
|player|p2|
