|j|☆Ashreav3r
|j|☆NidoRich
|html|Ashreav3rNidoRich    
|uhtml|bestof|Game 2 of a best-of-3
|t:|1783534956
|gametype|doubles
|player|p1|Ashreav3r|ingo|
|player|p2|NidoRich|wattson|
|gen|9
|tier|[Gen 9 Champions] VGC 2026 Reg M-B (Bo3)
|rule|Species Clause: Limit one of each Pokémon
|rule|Item Clause: Limit 1 of each item
|clearpoke
|poke|p1|Whimsicott, L50, F|
|poke|p1|Typhlosion-Hisui, L50, M|
|poke|p1|Heracross, L50, M|
|poke|p1|Farigiraf, L50, M|
|poke|p1|Garchomp, L50, M|
|poke|p1|Incineroar, L50, M|
|poke|p2|Pelipper, L50, M|
|poke|p2|Archaludon, L50, M|
|poke|p2|Swampert, L50, F|
|poke|p2|Farigiraf, L50, F|
|poke|p2|Scrafty, L50, F|
|poke|p2|Basculegion, L50, M|
|teampreview|4
|showteam|p1|Whimsicott||FocusSash|Prankster|Moonblast,Tailwind,SunnyDay,Encore|Timid||F|||50|]Typhlosion-Hisui||ChoiceScarf|Blaze|HeatWave,Eruption,Overheat,ShadowBall|Modest||M|||50|]Heracross||Heracronite|Guts|RockBlast,BulletSeed,CloseCombat,Detect|Adamant||M|||50|]Farigiraf||SitrusBerry|ArmorTail|TwinBeam,HelpingHand,TrickRoom,Protect|Modest||M|||50|]Garchomp||LifeOrb|RoughSkin|RockSlide,DragonClaw,StompingTantrum,Protect|Jolly||M|||50|]Incineroar||Charcoal|Intimidate|FakeOut,FlareBlitz,ThroatChop,PartingShot|Adamant||M|||50|
|showteam|p2|Pelipper||FocusSash|Drizzle|Hurricane,WeatherBall,Tailwind,Protect|Timid||M|||50|]Archaludon||Leftovers|Stamina|ElectroShot,FlashCannon,DracoMeteor,Protect|Modest||M|||50|]Swampert||Swampertite|Torrent|Waterfall,HighHorsepower,IcePunch,Protect|Adamant||F|||50|]Farigiraf||SitrusBerry|ArmorTail|Psychic,HelpingHand,TrickRoom,Protect|Relaxed||F|||50|]Scrafty||Scraftinite|Intimidate|FakeOut,DrainPunch,KnockOff,Detect|Adamant||F|||50|]Basculegion||ChoiceScarf|SwiftSwim|WaveCrash,FlipTurn,AquaJet,LastRespects|Jolly||M|||50|
|j| SalcranVGC
|j| Hallowfire
|j| runeking6573
|j| No1RalseiFan
|j| starling01
|
|t:|1783535073
|teamsize|p1|4
|teamsize|p2|4
|start
|switch|p1a: Whimsicott|Whimsicott, L50, F|100/100
|switch|p1b: Heracross|Heracross, L50, M|100/100
|switch|p2a: Farigiraf|Farigiraf, L50, F|100/100
|switch|p2b: Scrafty|Scrafty, L50, F|100/100
|-ability|p2b: Scrafty|Intimidate|boost
|-unboost|p1a: Whimsicott|atk|1
|-unboost|p1b: Heracross|atk|1
|turn|1
|
|t:|1783535143
|switch|p1b: Farigiraf|Farigiraf, L50, M|100/100
|move|p2b: Scrafty|Detect|p2b: Scrafty
|-singleturn|p2b: Scrafty|Protect
|move|p1a: Whimsicott|Moonblast|p2b: Scrafty
|-activate|p2b: Scrafty|move: Protect
|move|p2a: Farigiraf|Trick Room|p2a: Farigiraf
|-fieldstart|move: Trick Room|[of] p2a: Farigiraf
|
|upkeep
|turn|2
|
|t:|1783535268
|switch|p2b: Archaludon|Archaludon, L50, M|100/100
|move|p2a: Farigiraf|Psychic|p1a: Whimsicott
|-damage|p1a: Whimsicott|42/100
|move|p1a: Whimsicott|Moonblast|p2b: Archaludon
|-damage|p2b: Archaludon|61/100
|-ability|p2b: Archaludon|Stamina|boost
|-boost|p2b: Archaludon|def|1
|move|p1b: Farigiraf|Trick Room|p1b: Farigiraf
|-fieldend|move: Trick Room
|
|-heal|p2b: Archaludon|68/100|[from] item: Leftovers
|upkeep
|turn|3
|
|t:|1783535397
|move|p1b: Farigiraf|Helping Hand|p1a: Whimsicott
|-singleturn|p1a: Whimsicott|Helping Hand|[of] p1b: Farigiraf
|move|p1a: Whimsicott|Moonblast|p2b: Archaludon
|-damage|p2b: Archaludon|6/100
|-ability|p2b: Archaludon|Stamina|boost
|-boost|p2b: Archaludon|def|1
|move|p2b: Archaludon|Flash Cannon|p1a: Whimsicott
|-supereffective|p1a: Whimsicott|1
|-damage|p1a: Whimsicott|0 fnt
|faint|p1a: Whimsicott
|move|p2a: Farigiraf|Trick Room|p2a: Farigiraf
|-fieldstart|move: Trick Room|[of] p2a: Farigiraf
|
|-heal|p2b: Archaludon|12/100|[from] item: Leftovers
|upkeep
|
|t:|1783535409
|switch|p1a: Heracross|Heracross, L50, M|100/100
|turn|4
|
|t:|1783535495
|move|p1a: Heracross|Detect|p1a: Heracross
|-singleturn|p1a: Heracross|Protect
|move|p2a: Farigiraf|Psychic|p1a: Heracross
|-activate|p1a: Heracross|move: Protect
|move|p1b: Farigiraf|Twin Beam|p2b: Archaludon
|-resisted|p2b: Archaludon|1
|-damage|p2b: Archaludon|3/100
|-ability|p2b: Archaludon|Stamina|boost
|-boost|p2b: Archaludon|def|1
|-resisted|p2b: Archaludon|1
|-damage|p2b: Archaludon|0 fnt
|faint|p2b: Archaludon
|-hitcount|p2: Archaludon|2
|
|upkeep
|
|t:|1783535514
|switch|p2b: Scrafty|Scrafty, L50, F|100/100
|-ability|p2b: Scrafty|Intimidate|boost
|-unboost|p1a: Heracross|atk|1
|-unboost|p1b: Farigiraf|atk|1
|turn|5
|
|t:|1783535636
|detailschange|p2b: Scrafty|Scrafty-Mega, L50, F
|-mega|p2b: Scrafty|Scrafty|Scraftinite
|-ability|p2b: Scrafty|Intimidate|boost
|-unboost|p1a: Heracross|atk|1
|-unboost|p1b: Farigiraf|atk|1
|detailschange|p1a: Heracross|Heracross-Mega, L50, M
|-mega|p1a: Heracross|Heracross|Heracronite
|move|p2a: Farigiraf|Psychic|p1a: Heracross
|-supereffective|p1a: Heracross|1
|-damage|p1a: Heracross|30/100
|move|p2b: Scrafty|Drain Punch|p1a: Heracross
|-resisted|p1a: Heracross|1
|-damage|p1a: Heracross|11/100
|move|p1a: Heracross|Bullet Seed|p2b: Scrafty
|-damage|p2b: Scrafty|94/100
|-damage|p2b: Scrafty|88/100
|-damage|p2b: Scrafty|83/100
|-damage|p2b: Scrafty|77/100
|-damage|p2b: Scrafty|71/100
|-hitcount|p2b: Scrafty|5
|move|p1b: Farigiraf|Trick Room|p1b: Farigiraf
|-fieldend|move: Trick Room
|
|upkeep
|turn|6
|
|t:|1783535745
|move|p1a: Heracross|Detect|p1a: Heracross
|-singleturn|p1a: Heracross|Protect
|move|p2b: Scrafty|Detect|p2b: Scrafty
|-singleturn|p2b: Scrafty|Protect
|move|p2a: Farigiraf|Psychic|p1a: Heracross
|-activate|p1a: Heracross|move: Protect
|move|p1b: Farigiraf|Trick Room|p1b: Farigiraf
|-fieldstart|move: Trick Room|[of] p1b: Farigiraf
|
|upkeep
|turn|7
|
|t:|1783535786
|move|p1a: Heracross|Detect||[still]
|-fail|p1a: Heracross
|move|p2a: Farigiraf|Psychic|p1a: Heracross
|-supereffective|p1a: Heracross|1
|-damage|p1a: Heracross|0 fnt
|faint|p1a: Heracross
|move|p2b: Scrafty|Drain Punch|p1b: Farigiraf
|-damage|p1b: Farigiraf|64/100
|-heal|p2b: Scrafty|96/100|[from] drain|[of] p1b: Farigiraf
|move|p1b: Farigiraf|Trick Room|p1b: Farigiraf
|-fieldend|move: Trick Room
|
|upkeep
|
|t:|1783535796
|switch|p1a: Garchomp|Garchomp, L50, M|100/100
|turn|8
|
|t:|1783535870
|switch|p2b: Pelipper|Pelipper, L50, M|100/100
|-weather|RainDance|[from] ability: Drizzle|[of] p2b: Pelipper
|move|p1b: Farigiraf|Helping Hand|p1a: Garchomp
|-singleturn|p1a: Garchomp|Helping Hand|[of] p1b: Farigiraf
|move|p1a: Garchomp|Rock Slide|p2a: Farigiraf|[spread] p2a,p2b
|-supereffective|p2b: Pelipper|1
|-damage|p2a: Farigiraf|71/100
|-damage|p2b: Pelipper|1/100
|-damage|p1a: Garchomp|90/100|[from] item: Life Orb
|move|p2a: Farigiraf|Psychic|p1a: Garchomp
|-damage|p1a: Garchomp|52/100
|
|-weather|RainDance|[upkeep]
|upkeep
|turn|9
|
|t:|1783535945
|move|p1b: Farigiraf|Helping Hand|p1a: Garchomp
|-singleturn|p1a: Garchomp|Helping Hand|[of] p1b: Farigiraf
|move|p1a: Garchomp|Dragon Claw|p2a: Farigiraf
|-damage|p2a: Farigiraf|2/100
|-enditem|p2a: Farigiraf|Sitrus Berry|[eat]
|-heal|p2a: Farigiraf|27/100|[from] item: Sitrus Berry
|-damage|p1a: Garchomp|42/100|[from] item: Life Orb
|move|p2b: Pelipper|Weather Ball|p1a: Garchomp
|-damage|p1a: Garchomp|0 fnt
|faint|p1a: Garchomp
|move|p2a: Farigiraf|Psychic|p1b: Farigiraf
|-resisted|p1b: Farigiraf|1
|-damage|p1b: Farigiraf|45/100
|-enditem|p1b: Farigiraf|Sitrus Berry|[eat]
|-heal|p1b: Farigiraf|69/100|[from] item: Sitrus Berry
|
|-weather|RainDance|[upkeep]
|upkeep
|turn|10
|
|t:|1783535973
|switch|p2a: Scrafty|Scrafty-Mega, L50, F|96/100
|-ability|p2a: Scrafty|Intimidate|boost
|-unboost|p1b: Farigiraf|atk|1
|move|p1b: Farigiraf|Protect|p1b: Farigiraf
|-singleturn|p1b: Farigiraf|Protect
|move|p2b: Pelipper|Hurricane|p1b: Farigiraf
|-activate|p1b: Farigiraf|move: Protect
|
|-weather|RainDance|[upkeep]
|upkeep
|turn|11
|
|t:|1783535993
|move|p1b: Farigiraf|Helping Hand|p1: Garchomp|[notarget]
|-fail|p1b: Farigiraf
|move|p2a: Scrafty|Fake Out|p2b: Pelipper
|-damage|p2b: Pelipper|0 fnt
|faint|p2b: Pelipper
|
|-weather|RainDance|[upkeep]
|upkeep
|
|t:|1783536001
|switch|p2b: Farigiraf|Farigiraf, L50, F|27/100
|turn|12
|
|t:|1783536011
|move|p2b: Farigiraf|Helping Hand|p2a: Scrafty
|-singleturn|p2a: Scrafty|Helping Hand|[of] p2b: Farigiraf
|move|p1b: Farigiraf|Twin Beam|p2b: Farigiraf
|-resisted|p2b: Farigiraf|1
|-damage|p2b: Farigiraf|18/100
|-resisted|p2b: Farigiraf|1
|-damage|p2b: Farigiraf|10/100
|-hitcount|p2b: Farigiraf|2
|move|p2a: Scrafty|Knock Off|p1b: Farigiraf
|-supereffective|p1b: Farigiraf|1
|-damage|p1b: Farigiraf|0 fnt
|faint|p1b: Farigiraf
|
|win|NidoRich
|c|☆NidoRich|ggs
|l| starling01
|l|☆Ashreav3r
|player|p1|
|l| Hallowfire
