|j|☆DavoDiCompota
|j|☆lordtentacle69
|html|DavoDiCompotalordtentacle69    
|uhtml|bestof|Game 1 of a best-of-3
|t:|1783059345
|gametype|doubles
|player|p1|DavoDiCompota|iris|1341
|player|p2|lordtentacle69|corbeau|1335
|gen|9
|tier|[Gen 9 Champions] VGC 2026 Reg M-B (Bo3)
|rated|
|rule|Species Clause: Limit one of each Pokémon
|rule|Item Clause: Limit 1 of each item
|clearpoke
|poke|p1|Scrafty, L50, M|
|poke|p1|Glimmora, L50, M|
|poke|p1|Gholdengo, L50|
|poke|p1|Whimsicott, L50, F|
|poke|p1|Garchomp, L50, M|
|poke|p1|Charizard, L50, M|
|poke|p2|Aerodactyl, L50, M|
|poke|p2|Charizard, L50, M|
|poke|p2|Kingambit, L50, M|
|poke|p2|Sylveon, L50, F|
|poke|p2|Farigiraf, L50, M|
|poke|p2|Garchomp, L50, F|
|teampreview|4
|showteam|p1|Scrafty||Scraftinite|Intimidate|FakeOut,DrainPunch,IcePunch,KnockOff|Careful||M|||50|]Glimmora||FocusSash|ToxicDebris|PowerGem,EarthPower,SludgeBomb,SpikyShield|Timid||M|||50|]Gholdengo||MetalCoat|GoodasGold|Protect,MakeItRain,ShadowBall,NastyPlot|Modest|||||50|]Whimsicott||OccaBerry|Prankster|Tailwind,Moonblast,Encore,Protect|Timid||F|||50|]Garchomp||LifeOrb|RoughSkin|DragonClaw,StompingTantrum,Earthquake,Protect|Jolly||M|||50|]Charizard||CharizarditeY|SolarPower|Protect,WeatherBall,HeatWave,SolarBeam|Modest||M|||50|
|showteam|p2|Aerodactyl||Aerodactylite|Unnerve|RockSlide,DualWingbeat,IceFang,Tailwind|Jolly||M|||50|]Charizard||CharizarditeY|Blaze|HeatWave,Protect,SolarBeam,WeatherBall|Modest||M|||50|]Kingambit||FocusSash|Defiant|KowtowCleave,SuckerPunch,LowKick,IronHead|Adamant||M|||50|]Sylveon||FairyFeather|Pixilate|HyperVoice,HyperBeam,QuickAttack,Protect|Modest||F|||50|]Farigiraf||SitrusBerry|ArmorTail|Psychic,Protect,TrickRoom,Thunderbolt|Bold||M|||50|]Garchomp||LifeOrb|RoughSkin|Earthquake,StompingTantrum,DragonClaw,Protect|Jolly||F|||50|
|inactive|Battle timer is ON: inactive players will automatically lose when time's up. (requested by DavoDiCompota)
|inactive|lordtentacle69 has 60 seconds left.
|inactive|lordtentacle69 has 30 seconds left.
|inactive|lordtentacle69 has 20 seconds left.
|inactive|lordtentacle69 has 15 seconds left.
|inactive|lordtentacle69 has 10 seconds left.
|inactive|lordtentacle69 has 5 seconds left.
|
|t:|1783059434
|teamsize|p1|4
|teamsize|p2|4
|start
|switch|p1a: Scrafty|Scrafty, L50, M|100/100
|switch|p1b: Glimmora|Glimmora, L50, M|100/100
|switch|p2a: Aerodactyl|Aerodactyl, L50, M|100/100
|switch|p2b: Farigiraf|Farigiraf, L50, M|100/100
|-ability|p2a: Aerodactyl|Unnerve
|-ability|p1a: Scrafty|Intimidate|boost
|-unboost|p2a: Aerodactyl|atk|1
|-unboost|p2b: Farigiraf|atk|1
|turn|1
|
|t:|1783059451
|switch|p2a: Sylveon|Sylveon, L50, F|100/100
|detailschange|p1a: Scrafty|Scrafty-Mega, L50, M
|-mega|p1a: Scrafty|Scrafty|Scraftinite
|-ability|p1a: Scrafty|Intimidate|boost
|-unboost|p2a: Sylveon|atk|1
|-unboost|p2b: Farigiraf|atk|1
|move|p1b: Glimmora|Sludge Bomb|p2b: Farigiraf
|-damage|p2b: Farigiraf|56/100
|move|p1a: Scrafty|Knock Off|p2b: Farigiraf
|-supereffective|p2b: Farigiraf|1
|-crit|p2b: Farigiraf
|-damage|p2b: Farigiraf|0 fnt
|-enditem|p2b: Farigiraf|Sitrus Berry|[from] move: Knock Off|[of] p1a: Scrafty
|faint|p2b: Farigiraf
|
|upkeep
|
|t:|1783059463
|switch|p2b: Aerodactyl|Aerodactyl, L50, M|100/100
|-ability|p2b: Aerodactyl|Unnerve
|turn|2
|
|t:|1783059473
|switch|p1a: Whimsicott|Whimsicott, L50, F|100/100
|detailschange|p2b: Aerodactyl|Aerodactyl-Mega, L50, M
|-mega|p2b: Aerodactyl|Aerodactyl|Aerodactylite
|move|p2b: Aerodactyl|Tailwind|p2b: Aerodactyl
|-sidestart|p2: lordtentacle69|move: Tailwind
|move|p2a: Sylveon|Hyper Voice|p1a: Whimsicott|[spread] p1a,p1b
|-resisted|p1b: Glimmora|1
|-damage|p1a: Whimsicott|21/100
|-damage|p1b: Glimmora|68/100
|move|p1b: Glimmora|Power Gem|p2b: Aerodactyl
|-supereffective|p2b: Aerodactyl|1
|-damage|p2b: Aerodactyl|1/100
|
|upkeep
|turn|3
|
|t:|1783059495
|move|p1b: Glimmora|Spiky Shield|p1b: Glimmora
|-singleturn|p1b: Glimmora|move: Protect
|move|p1a: Whimsicott|Tailwind|p1a: Whimsicott
|-sidestart|p1: DavoDiCompota|move: Tailwind
|move|p2b: Aerodactyl|Rock Slide|p1a: Whimsicott|[spread] p1a
|-activate|p1b: Glimmora|move: Protect
|-damage|p1a: Whimsicott|0 fnt
|faint|p1a: Whimsicott
|move|p2a: Sylveon|Hyper Voice|p1b: Glimmora
|-activate|p1b: Glimmora|move: Protect
|
|upkeep
|
|t:|1783059501
|switch|p1a: Scrafty|Scrafty-Mega, L50, M|100/100
|-ability|p1a: Scrafty|Intimidate|boost
|-unboost|p2a: Sylveon|atk|1
|-unboost|p2b: Aerodactyl|atk|1
|turn|4
|
|t:|1783059519
|move|p2a: Sylveon|Protect|p2a: Sylveon
|-singleturn|p2a: Sylveon|Protect
|move|p1a: Scrafty|Fake Out|p2a: Sylveon
|-activate|p2a: Sylveon|move: Protect
|move|p2b: Aerodactyl|Rock Slide|p1b: Glimmora|[spread] p1a,p1b
|-resisted|p1a: Scrafty|1
|-damage|p1a: Scrafty|91/100
|-damage|p1b: Glimmora|43/100
|-activate|p1b: Glimmora|ability: Toxic Debris
|-sidestart|p2: lordtentacle69|move: Toxic Spikes
|cant|p1b: Glimmora|flinch
|
|upkeep
|turn|5
|
|t:|1783059536
|move|p2b: Aerodactyl|Rock Slide|p1a: Scrafty|[spread] p1a,p1b
|-resisted|p1a: Scrafty|1
|-damage|p1a: Scrafty|83/100
|-damage|p1b: Glimmora|16/100
|-activate|p1b: Glimmora|ability: Toxic Debris
|-sidestart|p2: lordtentacle69|move: Toxic Spikes
|cant|p1b: Glimmora|flinch
|cant|p1a: Scrafty|flinch
|move|p2a: Sylveon|Hyper Voice|p1b: Glimmora|[spread] p1a,p1b
|-supereffective|p1a: Scrafty|2
|-resisted|p1b: Glimmora|1
|-damage|p1a: Scrafty|0 fnt
|-damage|p1b: Glimmora|0 fnt
|faint|p1a: Scrafty
|faint|p1b: Glimmora
|
|-sideend|p2: lordtentacle69|move: Tailwind
|upkeep
|-message|DavoDiCompota forfeited.
|
|win|lordtentacle69
|l|☆DavoDiCompota
|player|p1|
||DavoDiCompota is ready for game 2.
|j|☆DavoDiCompota
|player|p1|DavoDiCompota|iris|
