|j|☆PKM130
|j|☆Ceratophor
|html|PKM130Ceratophor    
|uhtml|bestof|Game 1 of a best-of-3
|t:|1782227949
|gametype|doubles
|player|p1|PKM130|1|1000
|player|p2|Ceratophor|169|1022
|gen|9
|tier|[Gen 9 Champions] VGC 2026 Reg M-B (Bo3)
|rated|
|rule|Species Clause: Limit one of each Pokémon
|rule|Item Clause: Limit 1 of each item
|clearpoke
|poke|p1|Eelektross, L50, F|
|poke|p1|Whimsicott, L50, F|
|poke|p1|Incineroar, L50, M|
|poke|p1|Garchomp, L50, M|
|poke|p1|Sneasler, L50, F|
|poke|p1|Sylveon, L50, F|
|poke|p2|Scolipede, L50, F|
|poke|p2|Oranguru, L50, M|
|poke|p2|Aerodactyl, L50, M|
|poke|p2|Scrafty, L50, M|
|poke|p2|Clefable, L50, F|
|poke|p2|Hydreigon, L50, F|
|teampreview|4
|showteam|p1|Eelektross||Eelektrossite|Levitate|Thunderbolt,GigaDrain,MuddyWater,Protect|Timid||F|||50|]Whimsicott||WiseGlasses|Prankster|EnergyBall,Moonblast,Tailwind,Protect|Timid||F|||50|]Incineroar||LumBerry|Intimidate|FlareBlitz,DarkestLariat,PartingShot,FakeOut|Jolly||M|||50|]Garchomp||FocusSash|RoughSkin|DragonClaw,Earthquake,RockSlide,Protect|Jolly||M|||50|]Sneasler||WhiteHerb|PoisonTouch|DireClaw,CloseCombat,FakeOut,Protect|Impish||F|||50|]Sylveon||FairyFeather|Pixilate|HyperVoice,HyperBeam,CalmMind,Protect|Bold||F|||50|
|showteam|p2|Scolipede||Scolipite|SpeedBoost|SwordsDance,Earthquake,GunkShot,Protect|Adamant||F|||50|]Oranguru||SitrusBerry|Telepathy|TrickRoom,Protect,Gravity,Instruct|Relaxed||M|||50|]Aerodactyl||FocusSash|Unnerve|Tailwind,RockSlide,DualWingbeat,WideGuard|Jolly||M|||50|]Scrafty||Leftovers|Intimidate|FakeOut,KnockOff,Coaching,Protect|Careful||M|||50|]Clefable||Clefablite|Unaware|CalmMind,Protect,DazzlingGleam,Flamethrower|Modest||F|||50|]Hydreigon||ChoiceScarf|Levitate|DracoMeteor,Snarl,EarthPower,FlashCannon|Timid||F|||50|
|j| tsoro
|l| tsoro
|
|t:|1782228001
|teamsize|p1|4
|teamsize|p2|4
|start
|switch|p1a: Whimsicott|Whimsicott, L50, F|100/100
|switch|p1b: Incineroar|Incineroar, L50, M|100/100
|switch|p2a: Scolipede|Scolipede, L50, F|100/100
|switch|p2b: Aerodactyl|Aerodactyl, L50, M|100/100
|-ability|p2b: Aerodactyl|Unnerve
|-ability|p1b: Incineroar|Intimidate|boost
|-unboost|p2a: Scolipede|atk|1
|-unboost|p2b: Aerodactyl|atk|1
|turn|1
|
|t:|1782228021
|move|p1b: Incineroar|Fake Out|p2a: Scolipede
|-damage|p2a: Scolipede|83/100
|move|p1a: Whimsicott|Tailwind|p1a: Whimsicott
|-sidestart|p1: PKM130|move: Tailwind
|move|p2b: Aerodactyl|Tailwind|p2b: Aerodactyl
|-sidestart|p2: Ceratophor|move: Tailwind
|cant|p2a: Scolipede|flinch
|
|-ability|p2a: Scolipede|Speed Boost|boost
|-boost|p2a: Scolipede|spe|1
|upkeep
|turn|2
|
|t:|1782228044
|move|p2a: Scolipede|Protect|p2a: Scolipede
|-singleturn|p2a: Scolipede|Protect
|move|p2b: Aerodactyl|Rock Slide|p1a: Whimsicott|[spread] p1a,p1b
|-supereffective|p1b: Incineroar|1
|-crit|p1b: Incineroar
|-damage|p1a: Whimsicott|74/100
|-damage|p1b: Incineroar|11/100
|move|p1a: Whimsicott|Moonblast|p2b: Aerodactyl
|-damage|p2b: Aerodactyl|42/100
|move|p1b: Incineroar|Flare Blitz|p2a: Scolipede
|-activate|p2a: Scolipede|move: Protect
|
|-ability|p2a: Scolipede|Speed Boost|boost
|-boost|p2a: Scolipede|spe|1
|upkeep
|turn|3
|
|t:|1782228067
|detailschange|p2a: Scolipede|Scolipede-Mega, L50, F
|-mega|p2a: Scolipede|Scolipede|Scolipite
|move|p2b: Aerodactyl|Dual Wingbeat|p1a: Whimsicott
|-supereffective|p1a: Whimsicott|1
|-damage|p1a: Whimsicott|37/100
|-supereffective|p1a: Whimsicott|1
|-damage|p1a: Whimsicott|2/100
|-hitcount|p1a: Whimsicott|2
|move|p1a: Whimsicott|Moonblast|p2b: Aerodactyl
|-damage|p2b: Aerodactyl|0 fnt
|faint|p2b: Aerodactyl
|move|p2a: Scolipede|Earthquake|p1a: Whimsicott|[spread] p1a,p1b
|-resisted|p1a: Whimsicott|1
|-supereffective|p1b: Incineroar|1
|-damage|p1a: Whimsicott|0 fnt
|-damage|p1b: Incineroar|0 fnt
|faint|p1a: Whimsicott
|faint|p1b: Incineroar
|
|upkeep
|
|t:|1782228082
|switch|p2b: Scrafty|Scrafty, L50, M|100/100
|switch|p1a: Eelektross|Eelektross, L50, F|100/100
|switch|p1b: Sylveon|Sylveon, L50, F|100/100
|-ability|p2b: Scrafty|Intimidate|boost
|-unboost|p1a: Eelektross|atk|1
|-unboost|p1b: Sylveon|atk|1
|turn|4
|
|t:|1782228104
|detailschange|p1a: Eelektross|Eelektross-Mega, L50, F
|-mega|p1a: Eelektross|Eelektross|Eelektrossite
|move|p2b: Scrafty|Fake Out|p1b: Sylveon
|-crit|p1b: Sylveon
|-damage|p1b: Sylveon|82/100
|move|p2a: Scolipede|Swords Dance|p2a: Scolipede
|-boost|p2a: Scolipede|atk|2
|move|p1a: Eelektross|Thunderbolt|p2b: Scrafty
|-crit|p2b: Scrafty
|-damage|p2b: Scrafty|52/100
|cant|p1b: Sylveon|flinch
|
|-heal|p2b: Scrafty|58/100|[from] item: Leftovers
|-sideend|p2: Ceratophor|move: Tailwind
|-sideend|p1: PKM130|move: Tailwind
|upkeep
|turn|5
|
|t:|1782228126
|move|p2b: Scrafty|Protect|p2b: Scrafty
|-singleturn|p2b: Scrafty|Protect
|move|p2a: Scolipede|Gunk Shot|p1b: Sylveon
|-supereffective|p1b: Sylveon|1
|-damage|p1b: Sylveon|0 fnt
|faint|p1b: Sylveon
|move|p1a: Eelektross|Muddy Water|p2b: Scrafty|[spread] 
|-activate|p2b: Scrafty|move: Protect
|-miss|p1a: Eelektross|p2a: Scolipede
|
|-heal|p2b: Scrafty|64/100|[from] item: Leftovers
|upkeep
|turn|6
|
|t:|1782228143
|move|p2a: Scolipede|Gunk Shot|p1a: Eelektross
|-damage|p1a: Eelektross|0 fnt
|faint|p1a: Eelektross
|
|win|Ceratophor
