|j|☆teyvgc
|j|☆Water_Spout09
|html|teyvgcWater_Spout09    
|uhtml|bestof|Game 1 of a best-of-3
|t:|1783204993
|gametype|doubles
|player|p1|teyvgc|1|1280
|player|p2|Water_Spout09|blackbelt|1429
|gen|9
|tier|[Gen 9 Champions] VGC 2026 Reg M-B (Bo3)
|rated|
|rule|Species Clause: Limit one of each Pokémon
|rule|Item Clause: Limit 1 of each item
|clearpoke
|poke|p1|Excadrill, L50, M|
|poke|p1|Tyranitar, L50, M|
|poke|p1|Staraptor, L50, M|
|poke|p1|Sinistcha, L50|
|poke|p1|Milotic, L50, F|
|poke|p1|Gholdengo, L50|
|poke|p2|Froslass, L50, F|
|poke|p2|Sneasler, L50, F|
|poke|p2|Rotom-Wash, L50|
|poke|p2|Garchomp, L50, M|
|poke|p2|Talonflame, L50, F|
|poke|p2|Kingambit, L50, F|
|teampreview|4
|showteam|p1|Excadrill||FocusSash|SandRush|HighHorsepower,IronHead,RockSlide,Protect|Adamant||M|||50|]Tyranitar||Tyranitarite|SandStream|RockSlide,KnockOff,DragonDance,Protect|Adamant||M|||50|]Staraptor||Staraptite|Intimidate|BraveBird,CloseCombat,Tailwind,Protect|Jolly||M|||50|]Sinistcha||SitrusBerry|Hospitality|MatchaGotcha,RagePowder,LifeDew,TrickRoom|Calm|||||50|]Milotic||Leftovers|Competitive|Scald,IceBeam,Recover,Protect|Modest||F|||50|]Gholdengo||LifeOrb|GoodasGold|MakeItRain,ShadowBall,NastyPlot,Protect|Modest|||||50|
|showteam|p2|Froslass||Froslassite|CursedBody|Blizzard,ShadowBall,AuroraVeil,Protect|Modest||F|||50|]Sneasler||WhiteHerb|Unburden|CloseCombat,GunkShot,FakeOut,Protect|Jolly||F|||50|]Rotom-Wash||SitrusBerry|Levitate|Thunderbolt,HydroPump,NastyPlot,Protect|Modest|||||50|]Garchomp||SoftSand|RoughSkin|Earthquake,StompingTantrum,RockSlide,Protect|Adamant||M|||50|]Talonflame||LifeOrb|GaleWings|BraveBird,WillOWisp,Tailwind,Protect|Jolly||F|||50|]Kingambit||BlackGlasses|Defiant|KowtowCleave,SuckerPunch,SwordsDance,Protect|Adamant||F|||50|
|
|t:|1783205059
|teamsize|p1|4
|teamsize|p2|4
|start
|switch|p1a: Staraptor|Staraptor, L50, M|100/100
|switch|p1b: Tyranitar|Tyranitar, L50, M|100/100
|switch|p2a: Talonflame|Talonflame, L50, F|100/100
|switch|p2b: Froslass|Froslass, L50, F|100/100
|-ability|p1a: Staraptor|Intimidate|boost
|-unboost|p2a: Talonflame|atk|1
|-unboost|p2b: Froslass|atk|1
|-weather|Sandstorm|[from] ability: Sand Stream|[of] p1b: Tyranitar
|turn|1
|
|t:|1783205099
|detailschange|p1b: Tyranitar|Tyranitar-Mega, L50, M
|-mega|p1b: Tyranitar|Tyranitar|Tyranitarite
|move|p2b: Froslass|Protect|p2b: Froslass
|-singleturn|p2b: Froslass|Protect
|move|p2a: Talonflame|Tailwind|p2a: Talonflame
|-sidestart|p2: Water_Spout09|move: Tailwind
|move|p1a: Staraptor|Tailwind|p1a: Staraptor
|-sidestart|p1: teyvgc|move: Tailwind
|move|p1b: Tyranitar|Rock Slide|p2b: Froslass|[spread] p2a
|-activate|p2b: Froslass|move: Protect
|-supereffective|p2a: Talonflame|2
|-damage|p2a: Talonflame|0 fnt
|faint|p2a: Talonflame
|
|-weather|Sandstorm|[upkeep]
|-damage|p1a: Staraptor|93/100|[from] Sandstorm
|-damage|p2b: Froslass|94/100|[from] Sandstorm
|upkeep
|
|t:|1783205121
|switch|p2a: Garchomp|Garchomp, L50, M|100/100
|turn|2
|inactive|Battle timer is ON: inactive players will automatically lose when time's up. (requested by Water_Spout09)
|
|t:|1783205170
|switch|p1a: Milotic|Milotic, L50, F|100/100
|detailschange|p2b: Froslass|Froslass-Mega, L50, F
|-mega|p2b: Froslass|Froslass|Froslassite
|-weather|Snowscape|[from] ability: Snow Warning|[of] p2b: Froslass
|move|p1b: Tyranitar|Protect|p1b: Tyranitar
|-singleturn|p1b: Tyranitar|Protect
|move|p2b: Froslass|Blizzard|p1a: Milotic|[spread] p1a
|-activate|p1b: Tyranitar|move: Protect
|-resisted|p1a: Milotic|1
|-damage|p1a: Milotic|82/100
|move|p2a: Garchomp|Stomping Tantrum|p1b: Tyranitar
|-activate|p1b: Tyranitar|move: Protect
|
|-weather|Snowscape|[upkeep]
|-heal|p1a: Milotic|88/100|[from] item: Leftovers
|upkeep
|turn|3
|inactive|teyvgc has 30 seconds left.
|inactive|teyvgc has 20 seconds left.
|
|t:|1783205206
|switch|p2a: Rotom|Rotom-Wash, L50|100/100
|switch|p1b: Staraptor|Staraptor, L50, M|93/100
|-ability|p1b: Staraptor|Intimidate|boost
|-unboost|p2a: Rotom|atk|1
|-unboost|p2b: Froslass|atk|1
|move|p2b: Froslass|Aurora Veil|p2b: Froslass
|-sidestart|p2: Water_Spout09|move: Aurora Veil
|move|p1a: Milotic|Ice Beam|p2a: Rotom
|-resisted|p2a: Rotom|1
|-damage|p2a: Rotom|91/100
|
|-weather|Snowscape|[upkeep]
|-heal|p1a: Milotic|94/100|[from] item: Leftovers
|upkeep
|turn|4
|inactive|teyvgc has 30 seconds left.
|
|t:|1783205236
|switch|p1b: Tyranitar|Tyranitar-Mega, L50, M|100/100
|-weather|Sandstorm|[from] ability: Sand Stream|[of] p1b: Tyranitar
|move|p2b: Froslass|Blizzard|p1b: Tyranitar|[spread] 
|-miss|p2b: Froslass|p1a: Milotic
|-miss|p2b: Froslass|p1b: Tyranitar
|move|p2a: Rotom|Nasty Plot|p2a: Rotom
|-boost|p2a: Rotom|spa|2
|move|p1a: Milotic|Scald|p2b: Froslass
|-damage|p2b: Froslass|68/100
|
|-weather|Sandstorm|[upkeep]
|-damage|p2b: Froslass|63/100|[from] Sandstorm
|-damage|p2a: Rotom|85/100|[from] Sandstorm
|-damage|p1a: Milotic|88/100|[from] Sandstorm
|-heal|p1a: Milotic|94/100|[from] item: Leftovers
|-sideend|p1: teyvgc|move: Tailwind
|-sideend|p2: Water_Spout09|move: Tailwind
|upkeep
|turn|5
|inactive|teyvgc has 30 seconds left.
|
|t:|1783205263
|switch|p2b: Garchomp|Garchomp, L50, M|100/100
|move|p2a: Rotom|Thunderbolt|p1a: Milotic
|-supereffective|p1a: Milotic|1
|-damage|p1a: Milotic|0 fnt
|faint|p1a: Milotic
|move|p1b: Tyranitar|Dragon Dance|p1b: Tyranitar
|-boost|p1b: Tyranitar|atk|1
|-boost|p1b: Tyranitar|spe|1
|
|-weather|Sandstorm|[upkeep]
|-damage|p2a: Rotom|79/100|[from] Sandstorm
|upkeep
|
|t:|1783205274
|switch|p1a: Staraptor|Staraptor, L50, M|93/100
|-ability|p1a: Staraptor|Intimidate|boost
|-unboost|p2a: Rotom|atk|1
|-unboost|p2b: Garchomp|atk|1
|turn|6
|
|t:|1783205295
|move|p1b: Tyranitar|Protect|p1b: Tyranitar
|-singleturn|p1b: Tyranitar|Protect
|move|p1a: Staraptor|Tailwind|p1a: Staraptor
|-sidestart|p1: teyvgc|move: Tailwind
|move|p2b: Garchomp|Earthquake|p1a: Staraptor|[spread] 
|-activate|p1b: Tyranitar|move: Protect
|-immune|p2a: Rotom|[from] ability: Levitate
|-immune|p1a: Staraptor
|move|p2a: Rotom|Hydro Pump|p1b: Tyranitar
|-activate|p1b: Tyranitar|move: Protect
|
|-weather|Sandstorm|[upkeep]
|-damage|p1a: Staraptor|87/100|[from] Sandstorm
|-damage|p2a: Rotom|73/100|[from] Sandstorm
|upkeep
|turn|7
|
|t:|1783205313
|switch|p2b: Froslass|Froslass-Mega, L50, F|63/100
|-weather|Snowscape|[from] ability: Snow Warning|[of] p2b: Froslass
|move|p1a: Staraptor|Close Combat|p2a: Rotom
|-damage|p2a: Rotom|51/100
|-unboost|p1a: Staraptor|def|1
|-unboost|p1a: Staraptor|spd|1
|move|p1b: Tyranitar|Knock Off|p2a: Rotom
|-damage|p2a: Rotom|0 fnt
|-enditem|p2a: Rotom|Sitrus Berry|[from] move: Knock Off|[of] p1b: Tyranitar
|faint|p2a: Rotom
|
|-weather|Snowscape|[upkeep]
|-sideend|p2: Water_Spout09|move: Aurora Veil
|upkeep
|-message|Water_Spout09 forfeited.
|
|win|teyvgc
