|j|☆MR. HEROW
|j|☆Welosethose!
|html|MR. HEROWWelosethose!    
|uhtml|bestof|Game 3 of a best-of-3
|t:|1756512049
|gametype|doubles
|player|p1|MR. HEROW|266|1000
|player|p2|Welosethose!|hilbert|1109
|gen|9
|tier|[Gen 9] VGC 2025 Reg H (Bo3)
|rated|
|rule|Species Clause: Limit one of each Pokémon
|rule|Item Clause: Limit 1 of each item
|clearpoke
|poke|p1|Porygon2, L50|
|poke|p1|Golem-Alola, L50, F|
|poke|p1|Ursaluna-Bloodmoon, L50, M|
|poke|p1|Vikavolt, L50, F|
|poke|p1|Annihilape, L50, F|
|poke|p1|Incineroar, L50, F|
|poke|p2|Politoed, L50, F|
|poke|p2|Gothitelle, L50, M|
|poke|p2|Kingdra, L50, F|
|poke|p2|Archaludon, L50, M|
|poke|p2|Amoonguss, L50, M|
|poke|p2|Incineroar, L50, F|
|teampreview|4
|showteam|p1|Porygon2||Eviolite|Download|IceBeam,TeraBlast,TrickRoom,Recover||||||50|,,,,,Ground]Golem-Alola||AirBalloon|Galvanize|DoubleEdge,Explosion,Protect,TeraBlast|||F|||50|,,,,,Water]Ursaluna-Bloodmoon||LifeOrb|MindsEye|BloodMoon,HyperVoice,EarthPower,Protect|||M|||50|,,,,,Normal]Vikavolt||AssaultVest|Levitate|Discharge,BugBuzz,Thunderbolt,StruggleBug|||F|||50|,,,,,Ghost]Annihilape||ChoiceScarf|Defiant|CloseCombat,RageFist,DrainPunch,FinalGambit|||F|||50|,,,,,Fighting]Incineroar||RockyHelmet|Intimidate|FakeOut,KnockOff,PartingShot,FlareBlitz|||F|||50|,,,,,Grass
|showteam|p2|Politoed||Leftovers|Drizzle|WeatherBall,Encore,PerishSong,Protect|||F|||50|,,,,,Grass]Gothitelle||SitrusBerry|ShadowTag|FakeOut,Psychic,TrickRoom,Protect|||M|||50|,,,,,Dark]Kingdra||LifeOrb|SwiftSwim|WeatherBall,MuddyWater,DracoMeteor,Protect|||F|||50|,,,,,Stellar]Archaludon||PowerHerb|Sturdy|ElectroShot,FlashCannon,DragonPulse,Protect|||M|||50|,,,,,Electric]Amoonguss||EjectButton|Regenerator|PollenPuff,Spore,RagePowder,Protect|||M|||50|,,,,,Fairy]Incineroar||SafetyGoggles|Intimidate|FakeOut,KnockOff,PartingShot,Protect|||F|||50|,,,,,Ghost
|
|t:|1756512059
|teamsize|p1|4
|teamsize|p2|4
|start
|switch|p1a: Annihilape|Annihilape, L50, F|100/100
|switch|p1b: Ursaluna|Ursaluna-Bloodmoon, L50, M|100/100
|switch|p2a: Gothitelle|Gothitelle, L50, M|100/100
|switch|p2b: Kingdra|Kingdra, L50, F|100/100
|turn|1
|
|t:|1756512109
|switch|p2a: Politoed|Politoed, L50, F|100/100
|-weather|RainDance|[from] ability: Drizzle|[of] p2a: Politoed
|-terastallize|p1b: Ursaluna|Normal
|move|p2b: Kingdra|Muddy Water|p1a: Annihilape|[spread] p1b
|-miss|p2b: Kingdra|p1a: Annihilape
|-damage|p1b: Ursaluna|27/100
|-damage|p2b: Kingdra|91/100|[from] item: Life Orb
|move|p1a: Annihilape|Final Gambit|p2a: Politoed
|-damage|p2a: Politoed|0 fnt
|faint|p1a: Annihilape
|faint|p2a: Politoed
|move|p1b: Ursaluna|Hyper Voice|p2b: Kingdra
|-damage|p2b: Kingdra|0 fnt
|faint|p2b: Kingdra
|-damage|p1b: Ursaluna|17/100|[from] item: Life Orb
|
|-weather|RainDance|[upkeep]
|upkeep
|j| mirokartlivehc
|l| mirokartlivehc
|c|☆Welosethose!|gg
|
|t:|1756512134
|switch|p2b: Amoonguss|Amoonguss, L50, M|100/100
|switch|p1a: Incineroar|Incineroar, L50, F|100/100
|switch|p2a: Gothitelle|Gothitelle, L50, M|100/100
|-ability|p1a: Incineroar|Intimidate|boost
|-unboost|p2a: Gothitelle|atk|1
|-unboost|p2b: Amoonguss|atk|1
|turn|2
|
|t:|1756512149
|move|p2a: Gothitelle|Protect|p2a: Gothitelle
|-singleturn|p2a: Gothitelle|Protect
|move|p1a: Incineroar|Fake Out|p2a: Gothitelle
|-activate|p2a: Gothitelle|move: Protect
|move|p1b: Ursaluna|Hyper Voice|p2b: Amoonguss|[spread] p2b
|-activate|p2a: Gothitelle|move: Protect
|-damage|p2b: Amoonguss|41/100
|-damage|p1b: Ursaluna|7/100|[from] item: Life Orb
|move|p2b: Amoonguss|Spore|p1a: Incineroar
|-status|p1a: Incineroar|slp|[from] move: Spore
|
|-weather|RainDance|[upkeep]
|upkeep
|turn|3
|
|t:|1756512168
|move|p1b: Ursaluna|Protect|p1b: Ursaluna
|-singleturn|p1b: Ursaluna|Protect
|move|p2b: Amoonguss|Protect|p2b: Amoonguss
|-singleturn|p2b: Amoonguss|Protect
|cant|p1a: Incineroar|slp
|move|p2a: Gothitelle|Trick Room|p2a: Gothitelle
|-fieldstart|move: Trick Room|[of] p2a: Gothitelle
|
|-weather|RainDance|[upkeep]
|upkeep
|turn|4
|
|t:|1756512196
|-terastallize|p2b: Amoonguss|Fairy
|move|p2b: Amoonguss|Rage Powder|p2b: Amoonguss
|-singleturn|p2b: Amoonguss|move: Rage Powder
|move|p2a: Gothitelle|Psychic|p1b: Ursaluna
|-damage|p1b: Ursaluna|0 fnt
|faint|p1b: Ursaluna
|-curestatus|p1a: Incineroar|slp|[msg]
|move|p1a: Incineroar|Knock Off|p2b: Amoonguss
|-resisted|p2b: Amoonguss
|-damage|p2b: Amoonguss|27/100
|-enditem|p2b: Amoonguss|Eject Button|[from] move: Knock Off|[of] p1a: Incineroar
|
|-weather|RainDance|[upkeep]
|upkeep
|
|t:|1756512201
|switch|p1b: Golem|Golem-Alola, L50, F|100/100
|-item|p1b: Golem|Air Balloon
|turn|5
|
|t:|1756512246
|move|p2b: Amoonguss|Spore|p1b: Golem
|-status|p1b: Golem|slp|[from] move: Spore
|cant|p1b: Golem|slp
|move|p2a: Gothitelle|Psychic|p1b: Golem
|-damage|p1b: Golem|64/100 slp
|-enditem|p1b: Golem|Air Balloon
|move|p1a: Incineroar|Flare Blitz|p2b: Amoonguss
|-damage|p2b: Amoonguss|11/100
|-damage|p1a: Incineroar|95/100|[from] Recoil
|
|-weather|none
|upkeep
|turn|6
|
|t:|1756512266
|move|p2b: Amoonguss|Spore|p1a: Incineroar
|-status|p1a: Incineroar|slp|[from] move: Spore
|-curestatus|p1b: Golem|slp|[msg]
|move|p1b: Golem|Tera Blast|p2a: Gothitelle
|-damage|p2a: Gothitelle|85/100
|move|p2a: Gothitelle|Psychic|p1b: Golem
|-crit|p1b: Golem
|-damage|p1b: Golem|12/100
|cant|p1a: Incineroar|slp
|
|upkeep
|turn|7
|
|t:|1756512281
|move|p1b: Golem|Protect|p1b: Golem
|-singleturn|p1b: Golem|Protect
|move|p2b: Amoonguss|Pollen Puff|p1a: Incineroar
|-damage|p1a: Incineroar|80/100 slp
|move|p2a: Gothitelle|Psychic|p1b: Golem
|-activate|p1b: Golem|move: Protect
|cant|p1a: Incineroar|slp
|
|-fieldend|move: Trick Room
|upkeep
|turn|8
|
|t:|1756512295
|move|p2a: Gothitelle|Protect|p2a: Gothitelle
|-singleturn|p2a: Gothitelle|Protect
|move|p2b: Amoonguss|Protect|p2b: Amoonguss
|-singleturn|p2b: Amoonguss|Protect
|-curestatus|p1a: Incineroar|slp|[msg]
|move|p1a: Incineroar|Flare Blitz|p2a: Gothitelle
|-activate|p2a: Gothitelle|move: Protect
|move|p1b: Golem|Explosion|p2b: Amoonguss|[spread] p1a
|-activate|p2a: Gothitelle|move: Protect
|-activate|p2b: Amoonguss|move: Protect
|-damage|p1a: Incineroar|0 fnt
|faint|p1b: Golem
|faint|p1a: Incineroar
|
|win|Welosethose!
|raw|MR. HEROW's rating: 1000 → 1000(+0 for losing)
|raw|Welosethose!'s rating: 1109 → 1126(+17 for winning)
|l|☆MR. HEROW
|player|p1|
