|j|☆aefrmm
|j|☆sorecruiser
|html|aefrmmsorecruiser    
|uhtml|bestof|Game 1 of a best-of-3
|t:|1756181651
|gametype|doubles
|player|p1|aefrmm|pokemonrangerf-gen4|
|player|p2|sorecruiser|furisodegirl-black|
|gen|9
|tier|[Gen 9] VGC 2025 Reg H (Bo3)
|rule|Species Clause: Limit one of each Pokémon
|rule|Item Clause: Limit 1 of each item
|clearpoke
|poke|p1|Ninetales-Alola, L50, F|
|poke|p1|Basculegion, L50, M|
|poke|p1|Magmar, L50, M|
|poke|p1|Sneasler, L50, M|
|poke|p1|Rillaboom, L50, M|
|poke|p1|Kingambit, L50, M|
|poke|p2|Whimsicott, L50, M|
|poke|p2|Rillaboom, L50, M|
|poke|p2|Farigiraf, L50, M|
|poke|p2|Incineroar, L50, M|
|poke|p2|Sneasler, L50, F|
|poke|p2|Dragapult, L50, M|
|teampreview|4
|showteam|p1|Ninetales-Alola||LifeOrb|SnowWarning|Blizzard,FreezeDry,Encore,Protect|||F|||50|,,,,,Ghost]Basculegion||ChoiceScarf|Adaptability|WaveCrash,LastRespects,FlipTurn,TeraBlast|||M|||50|,,,,,Fighting]Magmar||Eviolite|VitalSpirit|Taunt,HeatWave,FollowMe,Protect|||M|||50|,,,,,Water]Sneasler||FocusSash|PoisonTouch|CloseCombat,DireClaw,FakeOut,Protect|||M|||50|,,,,,Stellar]Rillaboom||AssaultVest|GrassySurge|WoodHammer,GrassyGlide,Uturn,FakeOut|||M|||50|,,,,,Water]Kingambit||BlackGlasses|Defiant|KowtowCleave,SuckerPunch,SwordsDance,Protect|||M|||50|,,,,,Fire
|showteam|p2|Whimsicott||CovertCloak|Prankster|Tailwind,Encore,LightScreen,Moonblast|||M|||50|,,,,,Dark]Rillaboom||AssaultVest|GrassySurge|Uturn,GrassyGlide,WoodHammer,FakeOut|||M|||50|,,,,,Water]Farigiraf||SafetyGoggles|ArmorTail|PsychicNoise,FoulPlay,HelpingHand,TrickRoom|||M|||50|,,,,,Water]Incineroar||RockyHelmet|Intimidate|FakeOut,FlareBlitz,PartingShot,ThroatChop|||M|||50|,,,,,Bug]Sneasler||FocusSash|Unburden|DireClaw,CloseCombat,Uturn,Protect|||F|||50|,,,,,Dark]Dragapult||ChoiceSpecs|ClearBody|ShadowBall,Infestation,Flamethrower,DracoMeteor|||M|||50|,,,,,Ghost
|inactive|Battle timer is ON: inactive players will automatically lose when time's up. (requested by aefrmm)
|inactive|sorecruiser has 60 seconds left.
|inactive|sorecruiser has 30 seconds left.
|
|t:|1756181714
|teamsize|p1|4
|teamsize|p2|4
|start
|switch|p1a: Sneasler|Sneasler, L50, M|100/100
|switch|p1b: Kingambit|Kingambit, L50, M|100/100
|switch|p2a: Sneasler|Sneasler, L50, F|100/100
|switch|p2b: Rillaboom|Rillaboom, L50, M|100/100
|-fieldstart|move: Grassy Terrain|[from] ability: Grassy Surge|[of] p2b: Rillaboom
|turn|1
|inactive|aefrmm has 30 seconds left.
|inactive|aefrmm has 20 seconds left.
|inactive|aefrmm has 15 seconds left.
|inactive|aefrmm has 10 seconds left.
|inactive|aefrmm has 5 seconds left.
|
|t:|1756181765
|move|p1b: Kingambit|Protect|p1b: Kingambit
|-singleturn|p1b: Kingambit|Protect
|move|p2b: Rillaboom|Fake Out|p1a: Sneasler
|-damage|p1a: Sneasler|77/100
|cant|p1a: Sneasler|flinch
|move|p2a: Sneasler|Close Combat|p1b: Kingambit
|-activate|p1b: Kingambit|move: Protect
|
|-heal|p1a: Sneasler|83/100|[from] Grassy Terrain
|upkeep
|turn|2
|inactive|aefrmm has 30 seconds left.
|
|t:|1756181791
|switch|p2b: Dragapult|Dragapult, L50, M|100/100
|-terastallize|p1b: Kingambit|Fire
|move|p1a: Sneasler|Dire Claw|p2b: Dragapult
|-resisted|p2b: Dragapult
|-damage|p2b: Dragapult|67/100
|-status|p2b: Dragapult|slp
|move|p2a: Sneasler|Close Combat|p1b: Kingambit
|-damage|p1b: Kingambit|49/100
|-unboost|p2a: Sneasler|def|1
|-unboost|p2a: Sneasler|spd|1
|move|p1b: Kingambit|Swords Dance|p1b: Kingambit
|-boost|p1b: Kingambit|atk|2
|
|-heal|p2b: Dragapult|73/100 slp|[from] Grassy Terrain
|-heal|p1a: Sneasler|89/100|[from] Grassy Terrain
|-heal|p1b: Kingambit|55/100|[from] Grassy Terrain
|upkeep
|turn|3
|inactive|sorecruiser has 30 seconds left.
|
|t:|1756181824
|move|p1b: Kingambit|Sucker Punch|p2a: Sneasler
|-resisted|p2a: Sneasler
|-enditem|p2a: Sneasler|Focus Sash
|-damage|p2a: Sneasler|1/100
|move|p2a: Sneasler|Close Combat|p1b: Kingambit
|-damage|p1b: Kingambit|7/100
|-unboost|p2a: Sneasler|def|1
|-unboost|p2a: Sneasler|spd|1
|cant|p2b: Dragapult|slp
|move|p1a: Sneasler|Close Combat|p2a: Sneasler
|-resisted|p2a: Sneasler
|-damage|p2a: Sneasler|0 fnt
|-unboost|p1a: Sneasler|def|1
|-unboost|p1a: Sneasler|spd|1
|faint|p2a: Sneasler
|
|-heal|p2b: Dragapult|79/100 slp|[from] Grassy Terrain
|-heal|p1a: Sneasler|95/100|[from] Grassy Terrain
|-heal|p1b: Kingambit|13/100|[from] Grassy Terrain
|upkeep
|
|t:|1756181841
|switch|p2a: Rillaboom|Rillaboom, L50, M|100/100
|turn|4
|
|t:|1756181863
|move|p2a: Rillaboom|Fake Out|p1a: Sneasler
|-damage|p1a: Sneasler|59/100
|move|p1b: Kingambit|Sucker Punch||[still]
|-fail|p1b: Kingambit
|-curestatus|p2b: Dragapult|slp|[msg]
|move|p2b: Dragapult|Shadow Ball|p1b: Kingambit
|-damage|p1b: Kingambit|0 fnt
|faint|p1b: Kingambit
|cant|p1a: Sneasler|flinch
|
|-heal|p2b: Dragapult|85/100|[from] Grassy Terrain
|-heal|p1a: Sneasler|65/100|[from] Grassy Terrain
|upkeep
|
|t:|1756181871
|switch|p1b: Ninetales|Ninetales-Alola, L50, F|100/100
|-weather|Snowscape|[from] ability: Snow Warning|[of] p1b: Ninetales
|turn|5
|
|t:|1756181895
|-terastallize|p2a: Rillaboom|Water
|move|p2b: Dragapult|Shadow Ball|p1a: Sneasler
|-damage|p1a: Sneasler|0 fnt
|faint|p1a: Sneasler
|move|p1b: Ninetales|Blizzard|p2a: Rillaboom|[spread] p2a,p2b
|-resisted|p2a: Rillaboom
|-supereffective|p2b: Dragapult
|-damage|p2a: Rillaboom|86/100
|-damage|p2b: Dragapult|0 fnt
|faint|p2b: Dragapult
|-damage|p1b: Ninetales|91/100|[from] item: Life Orb
|move|p2a: Rillaboom|Wood Hammer|p1b: Ninetales
|-damage|p1b: Ninetales|3/100
|-damage|p2a: Rillaboom|64/100|[from] Recoil
|
|-weather|Snowscape|[upkeep]
|-heal|p1b: Ninetales|9/100|[from] Grassy Terrain
|-heal|p2a: Rillaboom|70/100|[from] Grassy Terrain
|-fieldend|move: Grassy Terrain
|upkeep
|
|t:|1756181907
|switch|p2b: Whimsicott|Whimsicott, L50, M|100/100
|switch|p1a: Basculegion|Basculegion, L50, M|100/100
|turn|6
|inactive|sorecruiser has 30 seconds left.
|inactive|sorecruiser has 20 seconds left.
|inactive|sorecruiser has 15 seconds left.
|
|t:|1756181951
|move|p2b: Whimsicott|Tailwind|p2b: Whimsicott
|-sidestart|p2: sorecruiser|move: Tailwind
|move|p2a: Rillaboom|Wood Hammer|p1a: Basculegion
|-supereffective|p1a: Basculegion
|-damage|p1a: Basculegion|0 fnt
|faint|p1a: Basculegion
|-damage|p2a: Rillaboom|36/100|[from] Recoil
|move|p1b: Ninetales|Blizzard|p2a: Rillaboom|[spread] p2a,p2b
|-resisted|p2a: Rillaboom
|-supereffective|p2b: Whimsicott
|-damage|p2a: Rillaboom|22/100
|-damage|p2b: Whimsicott|3/100
|-damage|p1b: Ninetales|0 fnt|[from] item: Life Orb
|faint|p1b: Ninetales
|
|win|sorecruiser
|inactive|aefrmm has 30 seconds to confirm battle start!
|inactive|sorecruiser has 30 seconds to confirm battle start!
||aefrmm is ready for game 2.
|inactive|sorecruiser has 20 seconds to confirm battle start!
|inactive|sorecruiser has 10 seconds to confirm battle start!
||sorecruiser is ready for game 2.
|uhtml|next|Next: Game 2 of 3
|l|☆sorecruiser
|player|p2|
