|j|☆The Rich Alder
|j|☆DkayMM
|html|The Rich AlderDkayMM    
|uhtml|bestof|Game 2 of a best-of-3
|t:|1756953454
|gametype|doubles
|player|p1|The Rich Alder|cynthia|1082
|player|p2|DkayMM|169|1000
|gen|9
|tier|[Gen 9] VGC 2025 Reg H (Bo3)
|rated|
|rule|Species Clause: Limit one of each Pokémon
|rule|Item Clause: Limit 1 of each item
|clearpoke
|poke|p1|Lurantis, L50, M|
|poke|p1|Indeedee-F, L50, F|
|poke|p1|Gallade, L50, M|
|poke|p1|Torkoal, L50, F|
|poke|p1|Ursaluna-Bloodmoon, L50, M|
|poke|p1|Hatterene, L50, F|
|poke|p2|Charizard, L50, F|
|poke|p2|Torkoal, L50, F|
|poke|p2|Porygon2, L50|
|poke|p2|Incineroar, L50, F|
|poke|p2|Jumpluff, L50, F|
|poke|p2|Ursaluna, L50, M|
|teampreview|4
|showteam|p1|Lurantis||SitrusBerry|Contrary|LeafBlade,Superpower,Protect,KnockOff|||M|||50|,,,,,Fighting]Indeedee-F||PsychicSeed|PsychicSurge|FollowMe,AlluringVoice,TrickRoom,HelpingHand|||F|||50|,,,,,Grass]Gallade||ClearAmulet|Sharpness|SacredSword,PsychoCut,TrickRoom,WideGuard|||M|||50|,,,,,Grass]Torkoal||ChoiceSpecs|Drought|Eruption,WeatherBall,Flamethrower,EarthPower|||F|||50|,,,,,Fire]Ursaluna-Bloodmoon||SilkScarf|MindsEye|HyperVoice,BloodMoon,EarthPower,Protect|||M|||50|,,,,,Normal]Hatterene||LifeOrb|MagicBounce|ExpandingForce,MysticalFire,DazzlingGleam,TrickRoom|||F|||50|,,,,,Fire
|showteam|p2|Charizard||ChoiceSpecs|SolarPower|HeatWave,Overheat,WeatherBall,AirSlash|||F|||50|,,,,,Ghost]Torkoal||EjectPack|Drought|Eruption,Overheat,HelpingHand,Protect|||F|||50|,,,,,Fire]Porygon2||Eviolite|Download|TeraBlast,IceBeam,Recover,TrickRoom||||||50|,,,,,Fighting]Incineroar||SitrusBerry|Intimidate|FlareBlitz,KnockOff,FakeOut,PartingShot|||F|||50|,,,,,Ghost]Jumpluff||CovertCloak|Chlorophyll|SleepPowder,SunnyDay,RagePowder,Tailwind|||F|||50|,,,,,Water]Ursaluna||FlameOrb|Guts|HeadlongRush,Facade,Earthquake,Protect|||M|||50|,,,,,Ghost
|inactive|Battle timer is ON: inactive players will automatically lose when time's up. (requested by DkayMM)
|
|t:|1756953498
|teamsize|p1|4
|teamsize|p2|4
|start
|switch|p1a: Indeedee|Indeedee-F, L50, F|100/100
|switch|p1b: Gallade|Gallade, L50, M|100/100
|switch|p2a: Torkoal|Torkoal, L50, F|100/100
|switch|p2b: Charizard|Charizard, L50, F|100/100
|-fieldstart|move: Psychic Terrain|[from] ability: Psychic Surge|[of] p1a: Indeedee
|-enditem|p1a: Indeedee|Psychic Seed
|-boost|p1a: Indeedee|spd|1|[from] item: Psychic Seed
|-weather|SunnyDay|[from] ability: Drought|[of] p2a: Torkoal
|turn|1
|
|t:|1756953523
|move|p2a: Torkoal|Helping Hand|p2b: Charizard
|-singleturn|p2b: Charizard|Helping Hand|[of] p2a: Torkoal
|move|p1b: Gallade|Wide Guard|p1b: Gallade
|-singleturn|p1b: Gallade|Wide Guard
|move|p2b: Charizard|Heat Wave|p1a: Indeedee|[spread] 
|-activate|p1a: Indeedee|move: Wide Guard
|-activate|p1b: Gallade|move: Wide Guard
|move|p1a: Indeedee|Trick Room|p1a: Indeedee
|-fieldstart|move: Trick Room|[of] p1a: Indeedee
|
|-weather|SunnyDay|[upkeep]
|-damage|p2b: Charizard|88/100|[from] ability: Solar Power|[of] p2b: Charizard
|upkeep
|turn|2
|inactive|The Rich Alder has 30 seconds left.
|inactive|The Rich Alder has 20 seconds left.
|
|t:|1756953559
|switch|p1a: Ursaluna|Ursaluna-Bloodmoon, L50, M|100/100
|switch|p2b: Ursaluna|Ursaluna, L50, M|100/100
|move|p1b: Gallade|Wide Guard|p1b: Gallade
|-singleturn|p1b: Gallade|Wide Guard
|move|p2a: Torkoal|Overheat|p1b: Gallade
|-damage|p1b: Gallade|28/100
|-unboost|p2a: Torkoal|spa|2
|-enditem|p2a: Torkoal|Eject Pack
|inactive|DkayMM has 30 seconds left.
|
|t:|1756953593
|switch|p2a: Charizard|Charizard, L50, F|88/100
|
|-weather|SunnyDay|[upkeep]
|-damage|p2a: Charizard|76/100|[from] ability: Solar Power|[of] p2a: Charizard
|-status|p2b: Ursaluna|brn|[from] item: Flame Orb
|upkeep
|turn|3
|inactive|The Rich Alder has 30 seconds left.
|
|t:|1756953628
|move|p1a: Ursaluna|Hyper Voice|p2a: Charizard|[spread] p2a,p2b
|-damage|p2a: Charizard|7/100
|-damage|p2b: Ursaluna|53/100 brn
|move|p1b: Gallade|Psycho Cut|p2a: Charizard
|-damage|p2a: Charizard|0 fnt
|faint|p2a: Charizard
|move|p2b: Ursaluna|Earthquake|p1a: Ursaluna|[spread] p1a,p1b
|-damage|p1a: Ursaluna|51/100
|-damage|p1b: Gallade|0 fnt
|faint|p1b: Gallade
|
|-weather|SunnyDay|[upkeep]
|-damage|p2b: Ursaluna|47/100 brn|[from] brn
|upkeep
|
|t:|1756953646
|switch|p1b: Indeedee|Indeedee-F, L50, F|100/100
|switch|p2a: Torkoal|Torkoal, L50, F|100/100
|turn|4
|inactive|DkayMM has 30 seconds left.
|inactive|DkayMM has 20 seconds left.
|inactive|DkayMM has 15 seconds left.
|
|t:|1756953687
|-terastallize|p2a: Torkoal|Fire
|move|p1a: Ursaluna|Protect|p1a: Ursaluna
|-singleturn|p1a: Ursaluna|Protect
|move|p2a: Torkoal|Eruption|p1a: Ursaluna|[spread] p1b
|-activate|p1a: Ursaluna|move: Protect
|-damage|p1b: Indeedee|10/100
|move|p2b: Ursaluna|Facade|p1a: Ursaluna
|-activate|p1a: Ursaluna|move: Protect
|move|p1b: Indeedee|Trick Room|p1b: Indeedee
|-fieldend|move: Trick Room
|
|-weather|SunnyDay|[upkeep]
|-damage|p2b: Ursaluna|41/100 brn|[from] brn
|upkeep
|turn|5
|inactive|The Rich Alder has 30 seconds left.
|inactive|DkayMM has 30 seconds left.
|inactive|DkayMM has 20 seconds left.
|inactive|DkayMM has 15 seconds left.
|
|t:|1756953732
|move|p2a: Torkoal|Helping Hand|p2b: Ursaluna
|-singleturn|p2b: Ursaluna|Helping Hand|[of] p2a: Torkoal
|move|p1b: Indeedee|Follow Me|p1b: Indeedee
|-singleturn|p1b: Indeedee|move: Follow Me
|move|p2b: Ursaluna|Earthquake|p1b: Indeedee|[spread] p2a,p1a,p1b
|-supereffective|p2a: Torkoal
|-damage|p2a: Torkoal|0 fnt
|-damage|p1a: Ursaluna|0 fnt
|-damage|p1b: Indeedee|0 fnt
|faint|p2a: Torkoal
|faint|p1a: Ursaluna
|faint|p1b: Indeedee
|
|-weather|none
|-damage|p2b: Ursaluna|35/100 brn|[from] brn
|-fieldend|move: Psychic Terrain
|upkeep
|
|t:|1756953740
|switch|p1b: Toka|Lurantis, L50, M|100/100
|switch|p2a: Incineroar|Incineroar, L50, F|100/100
|-ability|p2a: Incineroar|Intimidate|boost
|-boost|p1b: Toka|atk|1
|turn|6
|
|t:|1756953756
|-terastallize|p1b: Toka|Fighting
|move|p1b: Toka|Protect|p1b: Toka
|-singleturn|p1b: Toka|Protect
|move|p2a: Incineroar|Fake Out|p1b: Toka
|-activate|p1b: Toka|move: Protect
|move|p2b: Ursaluna|Facade|p1b: Toka
|-activate|p1b: Toka|move: Protect
|
|-damage|p2b: Ursaluna|30/100 brn|[from] brn
|upkeep
|turn|7
|
|t:|1756953776
|move|p2b: Ursaluna|Protect|p2b: Ursaluna
|-singleturn|p2b: Ursaluna|Protect
|move|p2a: Incineroar|Knock Off|p1b: Toka
|-resisted|p1b: Toka
|-damage|p1b: Toka|78/100
|-enditem|p1b: Toka|Sitrus Berry|[from] move: Knock Off|[of] p2a: Incineroar
|move|p1b: Toka|Superpower|p2a: Incineroar
|-supereffective|p2a: Incineroar
|-damage|p2a: Incineroar|0 fnt
|-boost|p1b: Toka|atk|1
|-boost|p1b: Toka|def|1
|faint|p2a: Incineroar
|
|-damage|p2b: Ursaluna|24/100 brn|[from] brn
|upkeep
|turn|8
|
|t:|1756953788
|move|p2b: Ursaluna|Earthquake|p1b: Toka
|-damage|p1b: Toka|17/100
|move|p1b: Toka|Superpower|p2b: Ursaluna
|-supereffective|p2b: Ursaluna
|-damage|p2b: Ursaluna|0 fnt
|-boost|p1b: Toka|atk|1
|-boost|p1b: Toka|def|1
|faint|p2b: Ursaluna
|
|win|The Rich Alder
|raw|The Rich Alder's rating: 1082 → 1103(+21 for winning)
|raw|DkayMM's rating: 1000 → 1000(+0 for losing)
|c|☆The Rich Alder|gg
|l|☆The Rich Alder
|player|p1|
