|j|☆rokesaurio
|j|☆tmjp01
|html|rokesauriotmjp01    
|uhtml|bestof|Game 2 of a best-of-3
|t:|1782617525
|gametype|doubles
|player|p1|rokesaurio|265|1146
|player|p2|tmjp01|2|1247
|gen|9
|tier|[Gen 9 Champions] VGC 2026 Reg M-B (Bo3)
|rated|
|rule|Species Clause: Limit one of each Pokémon
|rule|Item Clause: Limit 1 of each item
|clearpoke
|poke|p1|Pyroar, L50, M|
|poke|p1|Torkoal, L50, F|
|poke|p1|Farigiraf, L50, F|
|poke|p1|Aerodactyl, L50, M|
|poke|p1|Maushold, L50|
|poke|p1|Basculegion, L50, M|
|poke|p2|Corviknight, L50, M|
|poke|p2|Tyranitar, L50, M|
|poke|p2|Hydreigon, L50, M|
|poke|p2|Froslass, L50, F|
|poke|p2|Garchomp, L50, F|
|poke|p2|Arcanine-Hisui, L50, M|
|teampreview|4
|showteam|p1|Pyroar||Pyroarite|Unnerve|HeatWave,Overheat,Flamethrower,Protect|Modest||M|||50|]Torkoal||Charcoal|Drought|Eruption,HelpingHand,EarthPower,WeatherBall|Quiet||F|||50|]Farigiraf||SitrusBerry|ArmorTail|TrickRoom,TwinBeam,Thunderbolt,HelpingHand|Bold||F|||50|]Aerodactyl||Aerodactylite|Unnerve|DualWingbeat,RockSlide,IceFang,Tailwind|Jolly||M|||50|]Maushold||FocusSash|FriendGuard|FollowMe,Protect,SunnyDay,SuperFang|Timid|||||50|]Basculegion||ChoiceScarf|Adaptability|AquaJet,WaveCrash,FlipTurn,LastRespects|Adamant||M|||50|
|showteam|p2|Corviknight||OccaBerry|MirrorArmor|BraveBird,Protect,IronHead,Tailwind|Adamant||M|||50|]Tyranitar||Tyranitarite|SandStream|Protect,KnockOff,RockSlide,DragonDance|Adamant||M|||50|]Hydreigon||ChoiceScarf|Levitate|DarkPulse,DracoMeteor,EarthPower,FlashCannon|Timid||M|||50|]Froslass||Froslassite|CursedBody|Blizzard,Protect,ShadowBall,WeatherBall|Timid||F|||50|]Garchomp||LifeOrb|RoughSkin|Protect,DragonClaw,RockSlide,Earthquake|Jolly||F|||50|]Arcanine-Hisui||FocusSash|RockHead|Protect,HeadSmash,ExtremeSpeed,FlareBlitz|Adamant||M|||50|
|inactive|Battle timer is ON: inactive players will automatically lose when time's up. (requested by rokesaurio)
|inactive|rokesaurio has 60 seconds left.
|inactive|tmjp01 has 60 seconds left.
|
|t:|1782617561
|teamsize|p1|4
|teamsize|p2|4
|start
|switch|p1a: Aerodactyl|Aerodactyl, L50, M|100/100
|switch|p1b: Basculegion|Basculegion, L50, M|100/100
|switch|p2a: Hydreigon|Hydreigon, L50, M|100/100
|switch|p2b: Arcanine|Arcanine-Hisui, L50, M|100/100
|-ability|p1a: Aerodactyl|Unnerve
|turn|1
|
|t:|1782617579
|move|p1b: Basculegion|Aqua Jet|p2b: Arcanine
|-supereffective|p2b: Arcanine|2
|-enditem|p2b: Arcanine|Focus Sash
|-damage|p2b: Arcanine|1/100
|move|p2a: Hydreigon|Dark Pulse|p1b: Basculegion
|-supereffective|p1b: Basculegion|1
|-damage|p1b: Basculegion|5/100
|move|p1a: Aerodactyl|Rock Slide|p2a: Hydreigon|[spread] p2a
|-miss|p1a: Aerodactyl|p2b: Arcanine
|-damage|p2a: Hydreigon|69/100
|move|p2b: Arcanine|Head Smash|p1a: Aerodactyl
|-supereffective|p1a: Aerodactyl|1
|-damage|p1a: Aerodactyl|0 fnt
|faint|p1a: Aerodactyl
|
|upkeep
|
|t:|1782617593
|switch|p1a: Pyroar|Pyroar, L50, M|100/100
|-ability|p1a: Pyroar|Unnerve
|turn|2
|
|t:|1782617613
|detailschange|p1a: Pyroar|Pyroar-Mega, L50, M
|-mega|p1a: Pyroar|Pyroar|Pyroarite
|move|p2b: Arcanine|Extreme Speed|p1a: Pyroar
|-damage|p1a: Pyroar|66/100
|move|p1b: Basculegion|Aqua Jet|p2a: Hydreigon
|-resisted|p2a: Hydreigon|1
|-damage|p2a: Hydreigon|53/100
|move|p2a: Hydreigon|Dark Pulse|p1b: Basculegion
|-supereffective|p1b: Basculegion|1
|-damage|p1b: Basculegion|0 fnt
|faint|p1b: Basculegion
|move|p1a: Pyroar|Flamethrower|p2a: Hydreigon
|-resisted|p2a: Hydreigon|1
|-damage|p2a: Hydreigon|12/100
|
|upkeep
|
|t:|1782617624
|switch|p1b: Maushold|Maushold, L50|100/100
|turn|3
|
|t:|1782617637
|move|p1b: Maushold|Follow Me|p1b: Maushold
|-singleturn|p1b: Maushold|move: Follow Me
|move|p2a: Hydreigon|Dark Pulse|p1b: Maushold
|-damage|p1b: Maushold|45/100
|move|p1a: Pyroar|Heat Wave|p2b: Arcanine|[spread] p2a
|-miss|p1a: Pyroar|p2b: Arcanine
|-resisted|p2a: Hydreigon|1
|-damage|p2a: Hydreigon|0 fnt
|faint|p2a: Hydreigon
|move|p2b: Arcanine|Flare Blitz|p1b: Maushold
|-damage|p1b: Maushold|0 fnt
|faint|p1b: Maushold
|
|upkeep
|
|t:|1782617645
|switch|p2a: Tyranitar|Tyranitar, L50, M|100/100
|-weather|Sandstorm|[from] ability: Sand Stream|[of] p2a: Tyranitar
|turn|4
|
|t:|1782617649
|move|p2b: Arcanine|Extreme Speed|p1a: Pyroar
|-damage|p1a: Pyroar|33/100
|move|p1a: Pyroar|Heat Wave|p2a: Tyranitar|[spread] p2a,p2b
|-resisted|p2a: Tyranitar|1
|-resisted|p2b: Arcanine|2
|-damage|p2a: Tyranitar|82/100
|-damage|p2b: Arcanine|0 fnt
|faint|p2b: Arcanine
|move|p2a: Tyranitar|Dragon Dance|p2a: Tyranitar
|-boost|p2a: Tyranitar|atk|1
|-boost|p2a: Tyranitar|spe|1
|
|-weather|Sandstorm|[upkeep]
|-damage|p1a: Pyroar|26/100|[from] Sandstorm
|upkeep
|
|t:|1782617653
|switch|p2b: Froslass|Froslass, L50, F|100/100
|turn|5
|
|t:|1782617658
|move|p2b: Froslass|Weather Ball|p1a: Pyroar
|-supereffective|p1a: Pyroar|1
|-damage|p1a: Pyroar|0 fnt
|faint|p1a: Pyroar
|
|win|tmjp01
||tmjp01 is ready for game 3.
|inactive|rokesaurio has 30 seconds to confirm battle start!
||rokesaurio is ready for game 3.
|uhtml|next|Next: Game 3 of 3
