|j|☆Miilanz
|j|☆Minedea101
|html|MiilanzMinedea101    
|uhtml|bestof|Game 2 of a best-of-3
|t:|1782645022
|gametype|doubles
|player|p1|Miilanz|caitlin|
|player|p2|Minedea101|skyla|
|gen|9
|tier|[Gen 9 Champions] VGC 2026 Reg M-B (Bo3)
|rule|Species Clause: Limit one of each Pokémon
|rule|Item Clause: Limit 1 of each item
|clearpoke
|poke|p1|Incineroar, L50, M|
|poke|p1|Mawile, L50, F|
|poke|p1|Farigiraf, L50, M|
|poke|p1|Delphox, L50, M|
|poke|p1|Sneasler, L50, F|
|poke|p1|Aerodactyl, L50, M|
|poke|p2|Eelektross, L50, F|
|poke|p2|Whimsicott, L50, M, shiny|
|poke|p2|Garchomp, L50, F|
|poke|p2|Basculegion, L50, M|
|poke|p2|Kingambit, L50, M|
|poke|p2|Charizard, L50, F, shiny|
|teampreview|4
|showteam|p1|Incineroar||Charcoal|Intimidate|FlareBlitz,PartingShot,FakeOut,ThroatChop|Adamant||M|||50|]Mawile||Mawilite|HyperCutter|PlayRough,SuckerPunch,IronHead,Protect|Adamant||F|||50|]Farigiraf||ColburBerry|ArmorTail|Psychic,Protect,TrickRoom,HyperVoice|Modest||M|||50|]Delphox||Delphoxite|Blaze|HeatWave,Psyshock,NastyPlot,Protect|Timid||M|||50|]Sneasler||WhiteHerb|Unburden|DireClaw,CloseCombat,FakeOut,Protect|Adamant||F|||50|]Aerodactyl||FocusSash|Unnerve|Tailwind,RockSlide,DualWingbeat,Protect|Jolly||M|||50|
|showteam|p2|Eelektross||Eelektrossite|Levitate|Coil,DrainPunch,Protect,WildCharge|Careful||F|||50|]Whimsicott||FairyFeather|Prankster|Tailwind,Encore,Protect,Moonblast|Timid||M|||50|]Garchomp||LifeOrb|RoughSkin|ScaleShot,Protect,Earthquake,RockSlide|Jolly||F|||50|]Basculegion||SitrusBerry|Adaptability|AquaJet,LastRespects,Protect,WaveCrash|Adamant||M|||50|]Kingambit||FocusSash|Defiant|IronHead,LowKick,KowtowCleave,SuckerPunch|Adamant||M|||50|]Charizard||CharizarditeY|Blaze|SolarBeam,HeatWave,WeatherBall,Protect|Modest||F|||50|
|inactive|Battle timer is ON: inactive players will automatically lose when time's up. (requested by Minedea101)
|j| celaerity
|j| Combustandy
|l| Combustandy
|inactive|Miilanz has 60 seconds left.
|inactive|Minedea101 has 60 seconds left.
|inactive|Miilanz has 30 seconds left.
|inactive|Minedea101 has 30 seconds left.
|j| Combustandy
|inactive|Miilanz has 20 seconds left.
|inactive|Minedea101 has 20 seconds left.
|inactive|Miilanz has 15 seconds left.
|inactive|Miilanz has 10 seconds left.
|
|t:|1782645106
|teamsize|p1|4
|teamsize|p2|4
|start
|switch|p1a: Mawile|Mawile, L50, F|100/100
|switch|p1b: Farigiraf|Farigiraf, L50, M|100/100
|switch|p2a: Asbestos|Whimsicott, L50, M, shiny|100/100
|switch|p2b: 410bn dead cops|Garchomp, L50, F|100/100
|turn|1
|inactive|Minedea101 has 30 seconds left.
|inactive|Minedea101 has 20 seconds left.
|inactive|Minedea101 has 15 seconds left.
|
|t:|1782645149
|switch|p2a: 1980s Gamer|Charizard, L50, F, shiny|100/100
|switch|p1a: Incineroar|Incineroar, L50, M|100/100
|-ability|p1a: Incineroar|Intimidate|boost
|-unboost|p2a: 1980s Gamer|atk|1
|-unboost|p2b: 410bn dead cops|atk|1
|move|p1b: Farigiraf|Protect|p1b: Farigiraf
|-singleturn|p1b: Farigiraf|Protect
|move|p2b: 410bn dead cops|Earthquake|p1a: Incineroar|[spread] p1a
|-activate|p1b: Farigiraf|move: Protect
|-immune|p2a: 1980s Gamer
|-supereffective|p1a: Incineroar|1
|-damage|p1a: Incineroar|40/100
|-damage|p2b: 410bn dead cops|90/100|[from] item: Life Orb
|
|upkeep
|turn|2
|inactive|Minedea101 has 30 seconds left.
|inactive|Minedea101 has 20 seconds left.
|
|t:|1782645188
|move|p2a: 1980s Gamer|Protect|p2a: 1980s Gamer
|-singleturn|p2a: 1980s Gamer|Protect
|move|p1a: Incineroar|Fake Out|p2b: 410bn dead cops
|-damage|p2b: 410bn dead cops|76/100
|-damage|p1a: Incineroar|28/100|[from] ability: Rough Skin|[of] p2b: 410bn dead cops
|cant|p2b: 410bn dead cops|flinch
|move|p1b: Farigiraf|Trick Room|p1b: Farigiraf
|-fieldstart|move: Trick Room|[of] p1b: Farigiraf
|
|upkeep
|turn|3
|inactive|Minedea101 has 30 seconds left.
|inactive|Minedea101 has 20 seconds left.
|inactive|Minedea101 has 15 seconds left.
|
|t:|1782645229
|switch|p2a: Asbestos|Whimsicott, L50, M, shiny|100/100
|move|p1a: Incineroar|Throat Chop|p2a: Asbestos
|-resisted|p2a: Asbestos|1
|-damage|p2a: Asbestos|73/100
|-start|p2a: Asbestos|Throat Chop|[silent]
|move|p1b: Farigiraf|Hyper Voice|p2b: 410bn dead cops|[spread] p2a,p2b
|-damage|p2a: Asbestos|27/100
|-damage|p2b: 410bn dead cops|41/100
|move|p2b: 410bn dead cops|Scale Shot|p1b: Farigiraf
|-damage|p1b: Farigiraf|88/100
|-damage|p1b: Farigiraf|76/100
|-damage|p1b: Farigiraf|65/100
|-damage|p1b: Farigiraf|55/100
|-damage|p1b: Farigiraf|43/100
|-hitcount|p1b: Farigiraf|5
|-unboost|p2b: 410bn dead cops|def|1
|-boost|p2b: 410bn dead cops|spe|1
|-damage|p2b: 410bn dead cops|31/100|[from] item: Life Orb
|
|upkeep
|turn|4
|
|t:|1782645252
|move|p2a: Asbestos|Protect|p2a: Asbestos
|-singleturn|p2a: Asbestos|Protect
|move|p2b: 410bn dead cops|Protect|p2b: 410bn dead cops
|-singleturn|p2b: 410bn dead cops|Protect
|move|p1a: Incineroar|Throat Chop|p2b: 410bn dead cops
|-activate|p2b: 410bn dead cops|move: Protect
|move|p1b: Farigiraf|Hyper Voice|p2b: 410bn dead cops|[spread] 
|-activate|p2a: Asbestos|move: Protect
|-activate|p2b: 410bn dead cops|move: Protect
|
|-end|p2a: Asbestos|Throat Chop|[silent]
|upkeep
|turn|5
|
|t:|1782645273
|move|p1a: Incineroar|Throat Chop|p2b: 410bn dead cops
|-damage|p2b: 410bn dead cops|0 fnt
|-damage|p1a: Incineroar|16/100|[from] ability: Rough Skin|[of] p2b: 410bn dead cops
|faint|p2b: 410bn dead cops
|move|p1b: Farigiraf|Hyper Voice|p2a: Asbestos
|-damage|p2a: Asbestos|0 fnt
|faint|p2a: Asbestos
|
|upkeep
|
|t:|1782645280
|switch|p2b: Adrian Monk|Basculegion, L50, M|100/100
|switch|p2a: 1980s Gamer|Charizard, L50, F, shiny|100/100
|turn|6
|l| Combustandy
|inactive|Miilanz has 30 seconds left.
|
|t:|1782645307
|move|p2b: Adrian Monk|Protect|p2b: Adrian Monk
|-singleturn|p2b: Adrian Monk|Protect
|move|p2a: 1980s Gamer|Protect|p2a: 1980s Gamer
|-singleturn|p2a: 1980s Gamer|Protect
|move|p1a: Incineroar|Throat Chop|p2b: Adrian Monk
|-activate|p2b: Adrian Monk|move: Protect
|move|p1b: Farigiraf|Psychic|p2a: 1980s Gamer
|-activate|p2a: 1980s Gamer|move: Protect
|
|-fieldend|move: Trick Room
|upkeep
|turn|7
|inactive|Minedea101 has 30 seconds left.
|j| Combustandy
|inactive|Minedea101 has 20 seconds left.
|inactive|Minedea101 has 15 seconds left.
|inactive|Minedea101 has 10 seconds left.
|
|t:|1782645354
|detailschange|p2a: 1980s Gamer|Charizard-Mega-Y, L50, F, shiny
|-mega|p2a: 1980s Gamer|Charizard|Charizardite Y
|-weather|SunnyDay|[from] ability: Drought|[of] p2a: 1980s Gamer
|move|p1b: Farigiraf|Protect|p1b: Farigiraf
|-singleturn|p1b: Farigiraf|Protect
|move|p2a: 1980s Gamer|Weather Ball|p1b: Farigiraf
|-activate|p1b: Farigiraf|move: Protect
|move|p2b: Adrian Monk|Last Respects|p1a: Incineroar
|-resisted|p1a: Incineroar|1
|-damage|p1a: Incineroar|0 fnt
|faint|p1a: Incineroar
|
|-weather|SunnyDay|[upkeep]
|upkeep
|
|t:|1782645366
|switch|p1a: Sneasler|Sneasler, L50, F|100/100
|turn|8
|l| Combustandy
|inactive|Minedea101 has 30 seconds left.
|
|t:|1782645400
|move|p2a: 1980s Gamer|Protect|p2a: 1980s Gamer
|-singleturn|p2a: 1980s Gamer|Protect
|move|p1a: Sneasler|Fake Out|p2a: 1980s Gamer
|-activate|p2a: 1980s Gamer|move: Protect
|move|p2b: Adrian Monk|Last Respects|p1a: Sneasler
|-damage|p1a: Sneasler|0 fnt
|faint|p1a: Sneasler
|move|p1b: Farigiraf|Trick Room|p1b: Farigiraf
|-fieldstart|move: Trick Room|[of] p1b: Farigiraf
|
|-weather|SunnyDay|[upkeep]
|upkeep
|
|t:|1782645409
|switch|p1a: Mawile|Mawile, L50, F|100/100
|turn|9
|
|t:|1782645420
|detailschange|p1a: Mawile|Mawile-Mega, L50, F
|-mega|p1a: Mawile|Mawile|Mawilite
|move|p1a: Mawile|Play Rough|p2a: 1980s Gamer
|-resisted|p2a: 1980s Gamer|1
|-damage|p2a: 1980s Gamer|53/100
|move|p1b: Farigiraf|Psychic|p2a: 1980s Gamer
|-damage|p2a: 1980s Gamer|16/100
|move|p2b: Adrian Monk|Last Respects|p1a: Mawile
|-damage|p1a: Mawile|2/100
|move|p2a: 1980s Gamer|Heat Wave|p1b: Farigiraf|[spread] p1a
|-miss|p2a: 1980s Gamer|p1b: Farigiraf
|-supereffective|p1a: Mawile|1
|-damage|p1a: Mawile|0 fnt
|faint|p1a: Mawile
|
|-weather|SunnyDay|[upkeep]
|upkeep
|turn|10
|-message|Miilanz forfeited.
|
|win|Minedea101
|l|☆Miilanz
|player|p1|
||Miilanz is ready for game 3.
