|j|☆kheld
|j|☆Andrea Pirlo 2
|html|kheldAndrea Pirlo 2    
|uhtml|bestof|Game 3 of a best-of-3
|t:|1782330072
|gametype|doubles
|player|p1|kheld|265|1252
|player|p2|Andrea Pirlo 2|volkner|1401
|gen|9
|tier|[Gen 9 Champions] VGC 2026 Reg M-B (Bo3)
|rated|
|rule|Species Clause: Limit one of each Pokémon
|rule|Item Clause: Limit 1 of each item
|clearpoke
|poke|p1|Pelipper, L50, F|
|poke|p1|Swampert, L50, M|
|poke|p1|Archaludon, L50, F|
|poke|p1|Maushold, L50|
|poke|p1|Sinistcha, L50|
|poke|p1|Gardevoir, L50, F|
|poke|p2|Swampert, L50, M|
|poke|p2|Pelipper, L50, M|
|poke|p2|Archaludon, L50, F|
|poke|p2|Sneasler, L50, M|
|poke|p2|Gholdengo, L50|
|poke|p2|Sableye, L50, F|
|teampreview|4
|showteam|p1|Pelipper||LifeOrb|Drizzle|Tailwind,Hurricane,Protect,WeatherBall|Modest||F|||50|]Swampert||Swampertite|Torrent|IcePunch,WaveCrash,Earthquake,Protect|Adamant||M|||50|]Archaludon||Leftovers|Stamina|ElectroShot,FlashCannon,DragonPulse,Protect|Modest||F|||50|]Maushold||FocusSash|FriendGuard|SuperFang,RainDance,FollowMe,Protect|Jolly|||||50|]Sinistcha||SitrusBerry|Hospitality|MatchaGotcha,LifeDew,RagePowder,Protect|Bold|||||50|]Gardevoir||Gardevoirite|Trace|HyperVoice,Psyshock,CalmMind,Protect|Modest||F|||50|
|showteam|p2|Swampert||Swampertite|Torrent|HighHorsepower,WaveCrash,IcePunch,Protect|Adamant||M|||50|]Pelipper||LifeOrb|Drizzle|WeatherBall,Hurricane,Tailwind,Protect|Modest||M|||50|]Archaludon||Leftovers|Stamina|ElectroShot,DragonPulse,FlashCannon,Protect|Modest||F|||50|]Sneasler||FocusSash|Unburden|CloseCombat,DireClaw,FakeOut,Protect|Jolly||M|||50|]Gholdengo||MetalCoat|GoodasGold|MakeItRain,ShadowBall,NastyPlot,Protect|Timid|||||50|]Sableye||RoseliBerry|Prankster|FoulPlay,WillOWisp,LightScreen,RainDance|Calm||F|||50|
|inactive|Battle timer is ON: inactive players will automatically lose when time's up. (requested by Andrea Pirlo 2)
|
|t:|1782330089
|teamsize|p1|4
|teamsize|p2|4
|start
|switch|p1a: Swampert|Swampert, L50, M|100/100
|switch|p1b: Pelipper|Pelipper, L50, F|100/100
|switch|p2a: Sableye|Sableye, L50, F|100/100
|switch|p2b: Archaludon|Archaludon, L50, F|100/100
|-weather|RainDance|[from] ability: Drizzle|[of] p1b: Pelipper
|turn|1
|inactive|kheld has 30 seconds left.
|
|t:|1782330119
|switch|p1b: Sinistcha|Sinistcha, L50|100/100
|move|p1a: Swampert|Protect|p1a: Swampert
|-singleturn|p1a: Swampert|Protect
|move|p2a: Sableye|Will-O-Wisp|p1a: Swampert
|-activate|p1a: Swampert|move: Protect
|move|p2b: Archaludon|Electro Shot||[still]
|-prepare|p2b: Archaludon|Electro Shot
|-boost|p2b: Archaludon|spa|1
|-anim|p2b: Archaludon|Electro Shot|p1b: Sinistcha
|-resisted|p1b: Sinistcha|1
|-damage|p1b: Sinistcha|67/100
|
|-weather|RainDance|[upkeep]
|upkeep
|turn|2
|inactive|kheld has 30 seconds left.
|
|t:|1782330153
|switch|p2b: Pelipper|Pelipper, L50, M|100/100
|detailschange|p1a: Swampert|Swampert-Mega, L50, M
|-mega|p1a: Swampert|Swampert|Swampertite
|move|p1b: Sinistcha|Rage Powder|p1b: Sinistcha
|-singleturn|p1b: Sinistcha|move: Rage Powder
|move|p2a: Sableye|Will-O-Wisp|p1b: Sinistcha
|-status|p1b: Sinistcha|brn
|move|p1a: Swampert|Earthquake|p2a: Sableye|[spread] p1b,p2a
|-immune|p2b: Pelipper
|-resisted|p1b: Sinistcha|1
|-damage|p1b: Sinistcha|47/100 brn
|-damage|p2a: Sableye|42/100
|-enditem|p1b: Sinistcha|Sitrus Berry|[eat]
|-heal|p1b: Sinistcha|71/100 brn|[from] item: Sitrus Berry
|
|-weather|RainDance|[upkeep]
|-damage|p1b: Sinistcha|65/100 brn|[from] brn
|upkeep
|turn|3
|
|t:|1782330178
|move|p1b: Sinistcha|Rage Powder|p1b: Sinistcha
|-singleturn|p1b: Sinistcha|move: Rage Powder
|move|p2a: Sableye|Light Screen|p2a: Sableye
|-sidestart|p2: Andrea Pirlo 2|move: Light Screen
|move|p1a: Swampert|Earthquake|p2b: Pelipper|[spread] p1b,p2a
|-immune|p2b: Pelipper
|-resisted|p1b: Sinistcha|1
|-damage|p1b: Sinistcha|47/100 brn
|-damage|p2a: Sableye|0 fnt
|faint|p2a: Sableye
|move|p2b: Pelipper|Tailwind|p2b: Pelipper
|-sidestart|p2: Andrea Pirlo 2|move: Tailwind
|
|-weather|RainDance|[upkeep]
|-damage|p1b: Sinistcha|41/100 brn|[from] brn
|upkeep
|
|t:|1782330194
|switch|p2a: Swampert|Swampert, L50, M|100/100
|turn|4
|
|t:|1782330212
|detailschange|p2a: Swampert|Swampert-Mega, L50, M
|-mega|p2a: Swampert|Swampert|Swampertite
|move|p1b: Sinistcha|Rage Powder|p1b: Sinistcha
|-singleturn|p1b: Sinistcha|move: Rage Powder
|move|p2a: Swampert|High Horsepower|p1b: Sinistcha
|-resisted|p1b: Sinistcha|1
|-crit|p1b: Sinistcha
|-damage|p1b: Sinistcha|7/100 brn
|move|p1a: Swampert|Wave Crash|p2a: Swampert
|-damage|p2a: Swampert|3/100
|-damage|p1a: Swampert|66/100|[from] Recoil
|move|p2b: Pelipper|Weather Ball|p1b: Sinistcha
|-resisted|p1b: Sinistcha|1
|-damage|p1b: Sinistcha|0 fnt
|faint|p1b: Sinistcha
|-damage|p2b: Pelipper|90/100|[from] item: Life Orb
|
|-weather|RainDance|[upkeep]
|upkeep
|
|t:|1782330228
|switch|p1b: Pelipper|Pelipper, L50, F|100/100
|turn|5
|inactive|kheld has 30 seconds left.
|inactive|Andrea Pirlo 2 has 30 seconds left.
|
|t:|1782330259
|move|p1b: Pelipper|Protect|p1b: Pelipper
|-singleturn|p1b: Pelipper|Protect
|move|p2a: Swampert|Ice Punch|p1b: Pelipper
|-activate|p1b: Pelipper|move: Protect
|move|p1a: Swampert|Ice Punch|p2a: Swampert
|-damage|p2a: Swampert|0 fnt
|faint|p2a: Swampert
|move|p2b: Pelipper|Hurricane|p1b: Pelipper
|-activate|p1b: Pelipper|move: Protect
|
|-weather|none
|upkeep
|
|t:|1782330263
|switch|p2a: Archaludon|Archaludon, L50, F|100/100
|turn|6
|
|t:|1782330279
|move|p2a: Archaludon|Dragon Pulse|p1a: Swampert
|-damage|p1a: Swampert|29/100
|move|p2b: Pelipper|Hurricane|p1a: Swampert
|-damage|p1a: Swampert|0 fnt
|faint|p1a: Swampert
|-damage|p2b: Pelipper|80/100|[from] item: Life Orb
|move|p1b: Pelipper|Tailwind|p1b: Pelipper
|-sidestart|p1: kheld|move: Tailwind
|
|-sideend|p2: Andrea Pirlo 2|move: Tailwind
|upkeep
|
|t:|1782330289
|switch|p1a: Archaludon|Archaludon, L50, F|100/100
|turn|7
|inactive|Andrea Pirlo 2 has 30 seconds left.
|
|t:|1782330315
|move|p1b: Pelipper|Hurricane|p2b: Pelipper|[miss]
|-miss|p1b: Pelipper|p2b: Pelipper
|move|p1a: Archaludon|Dragon Pulse|p2b: Pelipper
|-damage|p2b: Pelipper|47/100
|move|p2a: Archaludon|Dragon Pulse|p1a: Archaludon
|-damage|p1a: Archaludon|57/100
|-ability|p1a: Archaludon|Stamina|boost
|-boost|p1a: Archaludon|def|1
|move|p2b: Pelipper|Tailwind|p2b: Pelipper
|-sidestart|p2: Andrea Pirlo 2|move: Tailwind
|
|-heal|p1a: Archaludon|63/100|[from] item: Leftovers
|-sideend|p2: Andrea Pirlo 2|move: Light Screen
|upkeep
|turn|8
|inactive|kheld has 30 seconds left.
|
|t:|1782330344
|move|p2b: Pelipper|Protect|p2b: Pelipper
|-singleturn|p2b: Pelipper|Protect
|move|p1b: Pelipper|Hurricane|p2b: Pelipper
|-activate|p2b: Pelipper|move: Protect
|move|p2a: Archaludon|Dragon Pulse|p1a: Archaludon
|-damage|p1a: Archaludon|26/100
|-ability|p1a: Archaludon|Stamina|boost
|-boost|p1a: Archaludon|def|1
|move|p1a: Archaludon|Dragon Pulse|p2a: Archaludon
|-damage|p2a: Archaludon|60/100
|-ability|p2a: Archaludon|Stamina|boost
|-boost|p2a: Archaludon|def|1
|
|-heal|p2a: Archaludon|66/100|[from] item: Leftovers
|-heal|p1a: Archaludon|32/100|[from] item: Leftovers
|upkeep
|turn|9
|
|t:|1782330361
|move|p1a: Archaludon|Protect|p1a: Archaludon
|-singleturn|p1a: Archaludon|Protect
|move|p1b: Pelipper|Hurricane|p2b: Pelipper|[miss]
|-miss|p1b: Pelipper|p2b: Pelipper
|move|p2a: Archaludon|Dragon Pulse|p1a: Archaludon
|-activate|p1a: Archaludon|move: Protect
|move|p2b: Pelipper|Hurricane|p1b: Pelipper
|-damage|p1b: Pelipper|0 fnt
|faint|p1b: Pelipper
|-damage|p2b: Pelipper|37/100|[from] item: Life Orb
|
|-heal|p2a: Archaludon|72/100|[from] item: Leftovers
|-heal|p1a: Archaludon|38/100|[from] item: Leftovers
|-sideend|p1: kheld|move: Tailwind
|upkeep
|turn|10
|c|☆kheld|gg
|c|☆Andrea Pirlo 2|ggs
|
|t:|1782330380
|move|p2a: Archaludon|Dragon Pulse|p1a: Archaludon
|-damage|p1a: Archaludon|0 fnt
|faint|p1a: Archaludon
|
|win|Andrea Pirlo 2
|raw|kheld's rating: 1252 → 1237(-15 for losing)
|raw|Andrea Pirlo 2's rating: 1401 → 1413(+12 for winning)
