|j|☆sedrav
|j|☆MagickeySY
|html|sedravMagickeySY    
|uhtml|bestof|Game 1 of a best-of-3
|t:|1757045255
|gametype|doubles
|player|p1|sedrav|hilbert|1257
|player|p2|MagickeySY|steven|1167
|gen|9
|tier|[Gen 9] VGC 2025 Reg H (Bo3)
|rated|
|rule|Species Clause: Limit one of each Pokémon
|rule|Item Clause: Limit 1 of each item
|clearpoke
|poke|p1|Garchomp, L50, M|
|poke|p1|Gholdengo, L50|
|poke|p1|Tyranitar, L50, F|
|poke|p1|Amoonguss, L50, M|
|poke|p1|Kilowattrel, L50, M|
|poke|p1|Incineroar, L50, M|
|poke|p2|Dragonite, L50, F|
|poke|p2|Annihilape, L50, F|
|poke|p2|Maushold-Four, L50|
|poke|p2|Sinistcha-Masterpiece, L50|
|poke|p2|Archaludon, L50, M|
|poke|p2|Klefki, L50, M|
|teampreview|4
|showteam|p1|Garchomp||LifeOrb|RoughSkin|DragonClaw,StompingTantrum,Earthquake,Protect|||M|||50|,,,,,Ground]Gholdengo||MetalCoat|GoodasGold|MakeItRain,ShadowBall,NastyPlot,Protect||||||50|,,,,,Flying]Tyranitar||AssaultVest|SandStream|RockSlide,KnockOff,LowKick,TeraBlast|||F|||50|,,,,,Flying]Amoonguss||SitrusBerry|Regenerator|Spore,RagePowder,PollenPuff,Protect|||M|||50|,,,,,Water]Kilowattrel||FocusSash|Competitive|AirSlash,Tailwind,VoltSwitch,Protect|||M|||50|,,,,,Ghost]Incineroar||SafetyGoggles|Intimidate|FakeOut,FlareBlitz,KnockOff,PartingShot|||M|||50|,,,,,Ghost
|showteam|p2|Dragonite||LoadedDice|Multiscale|ExtremeSpeed,Haze,ScaleShot,Protect|||F|||50|,,,,,Fairy]Annihilape||Leftovers|Defiant|DrainPunch,RageFist,BulkUp,Protect|||F|||50|,,,,,Water]Maushold-Four||SafetyGoggles|FriendGuard|BeatUp,Taunt,FollowMe,Protect||||||50|,,,,,Ghost]Sinistcha-Masterpiece||SitrusBerry|Hospitality|MatchaGotcha,LifeDew,RagePowder,TrickRoom||||||50|,,,,,Water]Archaludon||AssaultVest|Stamina|BodyPress,DragonPulse,ElectroShot,FlashCannon|||M|||50|,,,,,Fairy]Klefki||LightClay|Prankster|DazzlingGleam,LightScreen,Reflect,MistyTerrain|||M|||50|,,,,,Ghost
|inactive|Battle timer is ON: inactive players will automatically lose when time's up. (requested by sedrav)
|inactive|sedrav has 60 seconds left.
|inactive|MagickeySY has 60 seconds left.
|
|t:|1757045315
|teamsize|p1|4
|teamsize|p2|4
|start
|switch|p1a: Garchomp|Garchomp, L50, M|100/100
|switch|p1b: Kilowattrel|Kilowattrel, L50, M|100/100
|switch|p2a: Dragonite|Dragonite, L50, F|100/100
|switch|p2b: Klefki|Klefki, L50, M|100/100
|turn|1
|inactive|MagickeySY has 30 seconds left.
|inactive|MagickeySY has 20 seconds left.
|
|t:|1757045353
|-terastallize|p1a: Garchomp|Ground
|move|p2b: Klefki|Reflect|p2b: Klefki
|-sidestart|p2: MagickeySY|Reflect
|move|p1b: Kilowattrel|Volt Switch|p2a: Dragonite
|-damage|p2a: Dragonite|84/100
|
|t:|1757045360
|switch|p1b: Incineroar|Incineroar, L50, M|100/100|[from] Volt Switch
|-ability|p1b: Incineroar|Intimidate|boost
|-unboost|p2a: Dragonite|atk|1
|-unboost|p2b: Klefki|atk|1
|move|p1a: Garchomp|Dragon Claw|p2a: Dragonite
|-supereffective|p2a: Dragonite
|-damage|p2a: Dragonite|0 fnt
|faint|p2a: Dragonite
|-damage|p1a: Garchomp|91/100|[from] item: Life Orb
|
|upkeep
|
|t:|1757045372
|switch|p2a: Annihilape|Annihilape, L50, F|100/100
|turn|2
|
|t:|1757045392
|switch|p1b: Kilowattrel|Kilowattrel, L50, M|100/100
|switch|p2b: Sinistcha|Sinistcha-Masterpiece, L50|100/100
|move|p1a: Garchomp|Earthquake|p2a: Annihilape|[spread] p2a,p2b
|-immune|p1b: Kilowattrel
|-resisted|p2b: Sinistcha
|-damage|p2a: Annihilape|53/100
|-damage|p2b: Sinistcha|84/100
|-damage|p1a: Garchomp|81/100|[from] item: Life Orb
|move|p2a: Annihilape|Bulk Up|p2a: Annihilape
|-boost|p2a: Annihilape|atk|1
|-boost|p2a: Annihilape|def|1
|
|-heal|p2a: Annihilape|59/100|[from] item: Leftovers
|upkeep
|turn|3
|inactive|MagickeySY has 30 seconds left.
|
|t:|1757045424
|move|p2a: Annihilape|Protect|p2a: Annihilape
|-singleturn|p2a: Annihilape|Protect
|move|p1b: Kilowattrel|Air Slash|p2a: Annihilape
|-activate|p2a: Annihilape|move: Protect
|move|p1a: Garchomp|Earthquake|p2b: Sinistcha|[spread] p2b
|-activate|p2a: Annihilape|move: Protect
|-immune|p1b: Kilowattrel
|-resisted|p2b: Sinistcha
|-damage|p2b: Sinistcha|66/100
|-damage|p1a: Garchomp|71/100|[from] item: Life Orb
|move|p2b: Sinistcha|Trick Room|p2b: Sinistcha
|-fieldstart|move: Trick Room|[of] p2b: Sinistcha
|
|-heal|p2a: Annihilape|65/100|[from] item: Leftovers
|upkeep
|turn|4
|inactive|sedrav has 30 seconds left.
|inactive|MagickeySY has 30 seconds left.
|inactive|MagickeySY has 20 seconds left.
|inactive|MagickeySY has 15 seconds left.
|
|t:|1757045467
|switch|p1b: Tyranitar|Tyranitar, L50, F|100/100
|-weather|Sandstorm|[from] ability: Sand Stream|[of] p1b: Tyranitar
|-terastallize|p2a: Annihilape|Water
|move|p2b: Sinistcha|Matcha Gotcha|p1b: Tyranitar|[spread] p1a,p1b
|-supereffective|p1a: Garchomp
|-supereffective|p1b: Tyranitar
|-damage|p1a: Garchomp|17/100
|-heal|p2b: Sinistcha|94/100|[from] drain|[of] p1a: Garchomp
|-damage|p1b: Tyranitar|78/100
|-heal|p2b: Sinistcha|100/100|[from] drain|[of] p1b: Tyranitar
|move|p2a: Annihilape|Drain Punch|p1b: Tyranitar
|-supereffective|p1b: Tyranitar
|-damage|p1b: Tyranitar|0 fnt
|-heal|p2a: Annihilape|100/100|[from] drain|[of] p1b: Tyranitar
|faint|p1b: Tyranitar
|move|p1a: Garchomp|Stomping Tantrum|p2a: Annihilape
|-damage|p2a: Annihilape|69/100
|-damage|p1a: Garchomp|8/100|[from] item: Life Orb
|
|-weather|Sandstorm|[upkeep]
|-damage|p2b: Sinistcha|94/100|[from] Sandstorm
|-damage|p2a: Annihilape|63/100|[from] Sandstorm
|-heal|p2a: Annihilape|69/100|[from] item: Leftovers
|upkeep
|
|t:|1757045490
|switch|p1b: Kilowattrel|Kilowattrel, L50, M|100/100
|turn|5
|
|t:|1757045510
|move|p1a: Garchomp|Protect|p1a: Garchomp
|-singleturn|p1a: Garchomp|Protect
|move|p2b: Sinistcha|Matcha Gotcha|p1a: Garchomp|[spread] p1b
|-activate|p1a: Garchomp|move: Protect
|-resisted|p1b: Kilowattrel
|-damage|p1b: Kilowattrel|78/100
|-heal|p2b: Sinistcha|100/100|[from] drain|[of] p1b: Kilowattrel
|move|p2a: Annihilape|Rage Fist|p1b: Kilowattrel
|-damage|p1b: Kilowattrel|0 fnt
|faint|p1b: Kilowattrel
|
|-weather|Sandstorm|[upkeep]
|-damage|p2b: Sinistcha|94/100|[from] Sandstorm
|-damage|p2a: Annihilape|63/100|[from] Sandstorm
|-heal|p2a: Annihilape|69/100|[from] item: Leftovers
|upkeep
|-message|sedrav forfeited.
|
|win|MagickeySY
|l|☆sedrav
|player|p1|
|j|☆sedrav
|player|p1|sedrav|hilbert|
