|j|☆pablittoo
|j|☆MidoMidori
|html|pablittooMidoMidori    
|uhtml|bestof|Game 1 of a best-of-3
|t:|1756644323
|gametype|doubles
|player|p1|pablittoo|blackbelt-gen4dp|1158
|player|p2|MidoMidori|roxanne-gen6|1215
|gen|9
|tier|[Gen 9] VGC 2025 Reg H (Bo3)
|rated|
|rule|Species Clause: Limit one of each Pokémon
|rule|Item Clause: Limit 1 of each item
|clearpoke
|poke|p1|Amoonguss, L50, F|
|poke|p1|Ninetales-Alola, L50, M|
|poke|p1|Incineroar, L50, M|
|poke|p1|Kommo-o, L50, M|
|poke|p1|Rotom-Frost, L50|
|poke|p1|Gholdengo, L50|
|poke|p2|Sneasler, L50, M|
|poke|p2|Indeedee, L50, M|
|poke|p2|Volcarona, L50, F|
|poke|p2|Ursaluna-Bloodmoon, L50, M|
|poke|p2|Annihilape, L50, F|
|poke|p2|Tyranitar, L50, M|
|teampreview|4
|showteam|p1|Amoonguss||SitrusBerry|Regenerator|ClearSmog,RagePowder,Spore,PollenPuff|||F|||50|,,,,,Water]Ninetales-Alola||CovertCloak|SnowWarning|Blizzard,Protect,IcyWind,AuroraVeil|||M|||50|,,,,,Water]Incineroar||SafetyGoggles|Intimidate|KnockOff,PartingShot,FakeOut,Taunt|||M|||50|,,,,,Ghost]Kommo-o||ThroatSpray|Overcoat|ClangingScales,Flamethrower,Protect,ClangorousSoul|||M|||50|,,,,,Fire]Rotom-Frost||AssaultVest|Levitate|ShadowBall,Thunderbolt,VoltSwitch,Blizzard||||||50|,,,,,Ghost]Gholdengo||MetalCoat|GoodasGold|MakeItRain,NastyPlot,Protect,ShadowBall||||||50|,,,,,Water
|showteam|p2|Sneasler||PsychicSeed|Unburden|CloseCombat,DireClaw,ThroatChop,Protect|||M|||50|,,,,,Dark]Indeedee||FocusSash|PsychicSurge|ExpandingForce,TeraBlast,TrickRoom,Protect|||M|||50|,,,,,Fighting]Volcarona||SitrusBerry|FlameBody|Overheat,StruggleBug,RagePowder,Tailwind|||F|||50|,,,,,Grass]Ursaluna-Bloodmoon||LifeOrb|MindsEye|BloodMoon,HyperVoice,EarthPower,Protect|||M|||50|,,,,,Normal]Annihilape||SafetyGoggles|Defiant|CloseCombat,RageFist,Taunt,FinalGambit|||F|||50|,,,,,Fairy]Tyranitar||AssaultVest|SandStream|RockSlide,KnockOff,TeraBlast,LowKick|||M|||50|,,,,,Flying
|
|t:|1756644396
|teamsize|p1|4
|teamsize|p2|4
|start
|switch|p1a: Rotom|Rotom-Frost, L50|100/100
|switch|p1b: Incineroar|Incineroar, L50, M|100/100
|switch|p2a: Annihilape|Annihilape, L50, F|100/100
|switch|p2b: Indeedee|Indeedee, L50, M|100/100
|-fieldstart|move: Psychic Terrain|[from] ability: Psychic Surge|[of] p2b: Indeedee
|-ability|p1b: Incineroar|Intimidate|boost
|-unboost|p2a: Annihilape|atk|1
|-ability|p2a: Annihilape|Defiant|boost
|-boost|p2a: Annihilape|atk|2
|-unboost|p2b: Indeedee|atk|1
|turn|1
|
|t:|1756644426
|switch|p1b: Ninetales|Ninetales-Alola, L50, M|100/100
|-weather|Snowscape|[from] ability: Snow Warning|[of] p1b: Ninetales
|-terastallize|p1a: Rotom|Ghost
|move|p2b: Indeedee|Expanding Force|p1b: Ninetales|[spread] p1a,p1b
|-crit|p1a: Rotom
|-damage|p1a: Rotom|41/100
|-damage|p1b: Ninetales|41/100
|move|p2a: Annihilape|Close Combat|p1a: Rotom
|-immune|p1a: Rotom
|move|p1a: Rotom|Blizzard|p2b: Indeedee|[spread] p2a,p2b
|-damage|p2a: Annihilape|63/100
|-damage|p2b: Indeedee|52/100
|-status|p2a: Annihilape|frz
|
|-weather|Snowscape|[upkeep]
|upkeep
|turn|2
|
|t:|1756644445
|move|p1b: Ninetales|Blizzard|p2b: Indeedee|[spread] p2a,p2b
|-damage|p2a: Annihilape|41/100 frz
|-damage|p2b: Indeedee|19/100
|move|p2b: Indeedee|Expanding Force|p1b: Ninetales|[spread] p1a,p1b
|-damage|p1a: Rotom|4/100
|-damage|p1b: Ninetales|0 fnt
|faint|p1b: Ninetales
|cant|p2a: Annihilape|frz
|move|p1a: Rotom|Blizzard|p2a: Annihilape|[spread] p2a,p2b
|-damage|p2a: Annihilape|5/100 frz
|-damage|p2b: Indeedee|0 fnt
|faint|p2b: Indeedee
|
|-weather|Snowscape|[upkeep]
|upkeep
|
|t:|1756644453
|switch|p1b: Gholdengo|Gholdengo, L50|100/100
|switch|p2b: Tyranitar|Tyranitar, L50, M|100/100
|-weather|Sandstorm|[from] ability: Sand Stream|[of] p2b: Tyranitar
|turn|3
|
|t:|1756644467
|-terastallize|p2b: Tyranitar|Flying
|cant|p2a: Annihilape|frz
|move|p1b: Gholdengo|Make It Rain|p2b: Tyranitar|[spread] p2a,p2b
|-damage|p2a: Annihilape|0 fnt
|-damage|p2b: Tyranitar|63/100
|-unboost|p1b: Gholdengo|spa|1
|faint|p2a: Annihilape
|move|p1a: Rotom|Volt Switch|p2b: Tyranitar
|-supereffective|p2b: Tyranitar
|-damage|p2b: Tyranitar|20/100
|
|t:|1756644479
|switch|p1a: Incineroar|Incineroar, L50, M|100/100|[from] Volt Switch
|-ability|p1a: Incineroar|Intimidate|boost
|-unboost|p2b: Tyranitar|atk|1
|move|p2b: Tyranitar|Knock Off|p1b: Gholdengo
|-supereffective|p1b: Gholdengo
|-damage|p1b: Gholdengo|18/100
|-enditem|p1b: Gholdengo|Metal Coat|[from] move: Knock Off|[of] p2b: Tyranitar
|
|-weather|Sandstorm|[upkeep]
|-damage|p2b: Tyranitar|15/100|[from] Sandstorm
|upkeep
|
|t:|1756644482
|switch|p2a: Sneasler|Sneasler, L50, M|100/100
|-enditem|p2a: Sneasler|Psychic Seed
|-boost|p2a: Sneasler|spd|1|[from] item: Psychic Seed
|turn|4
|
|t:|1756644535
|move|p1b: Gholdengo|Protect|p1b: Gholdengo
|-singleturn|p1b: Gholdengo|Protect
|move|p2a: Sneasler|Close Combat|p1a: Incineroar
|-supereffective|p1a: Incineroar
|-damage|p1a: Incineroar|0 fnt
|-unboost|p2a: Sneasler|def|1
|-unboost|p2a: Sneasler|spd|1
|faint|p1a: Incineroar
|move|p2b: Tyranitar|Rock Slide|p1b: Gholdengo
|-activate|p1b: Gholdengo|move: Protect
|
|-weather|Sandstorm|[upkeep]
|-damage|p2a: Sneasler|95/100|[from] Sandstorm
|-damage|p2b: Tyranitar|9/100|[from] Sandstorm
|upkeep
|
|t:|1756644541
|switch|p1a: Rotom|Rotom-Frost, L50, tera:Ghost|4/100
|turn|5
|
|t:|1756644547
|move|p2a: Sneasler|Protect|p2a: Sneasler
|-singleturn|p2a: Sneasler|Protect
|move|p1b: Gholdengo|Make It Rain|p2a: Sneasler|[spread] p2b
|-activate|p2a: Sneasler|move: Protect
|-damage|p2b: Tyranitar|0 fnt
|-unboost|p1b: Gholdengo|spa|1
|faint|p2b: Tyranitar
|move|p1a: Rotom|Blizzard|p2a: Sneasler
|-activate|p2a: Sneasler|move: Protect
|
|-weather|Sandstorm|[upkeep]
|-damage|p2a: Sneasler|89/100|[from] Sandstorm
|-damage|p1a: Rotom|0 fnt|[from] Sandstorm
|faint|p1a: Rotom
|-fieldend|move: Psychic Terrain
|upkeep
|turn|6
|
|t:|1756644550
|move|p2a: Sneasler|Throat Chop|p1b: Gholdengo
|-supereffective|p1b: Gholdengo
|-damage|p1b: Gholdengo|0 fnt
|faint|p1b: Gholdengo
|
|win|MidoMidori
||MidoMidori is ready for game 2.
||pablittoo is ready for game 2.
|uhtml|next|Next: Game 2 of 3
