|j|☆mansamusa456
|j|☆LaserDedenee
|html|mansamusa456LaserDedenee    
|uhtml|bestof|Game 1 of a best-of-3
|t:|1786173279
|gametype|doubles
|player|p1|mansamusa456|102|1133
|player|p2|LaserDedenee|102|1000
|gen|9
|tier|[Gen 9 Champions] VGC 2026 Reg M-B (Bo3)
|rated|
|rule|Species Clause: Limit one of each Pokémon
|rule|Item Clause: Limit 1 of each item
|clearpoke
|poke|p1|Delphox, L50, M, shiny|
|poke|p1|Whimsicott, L50, F, shiny|
|poke|p1|Samurott-Hisui, L50, F, shiny|
|poke|p1|Maushold-Four, L50|
|poke|p1|Lopunny, L50, M, shiny|
|poke|p1|Gholdengo, L50|
|poke|p2|Raichu, L50, M|
|poke|p2|Sylveon, L50, M|
|poke|p2|Arcanine-Hisui, L50, F|
|poke|p2|Kingambit, L50, M|
|poke|p2|Farigiraf, L50, F|
|poke|p2|Staraptor, L50, F|
|teampreview|4
|showteam|p1|Delphox||Delphoxite|Blaze|HeatWave,Protect,CalmMind,Psychic|Timid||M|||50|]Whimsicott||MentalHerb|Prankster|Encore,Tailwind,EnergyBall,Protect|Bold||F|||50|]Samurott-Hisui||LifeOrb|Sharpness|AquaCutter,AquaJet,KnockOff,Protect|Jolly||F|||50|]Maushold-Four||FocusSash|FriendGuard|Protect,Taunt,FollowMe,SuperFang|Timid|||||50|]Lopunny||Lopunnite|Limber|FakeOut,Uturn,Protect,CloseCombat|Jolly||M|||50|]Gholdengo||Leftovers|GoodasGold|ShadowBall,MakeItRain,Protect,NastyPlot|Timid|||||50|
|showteam|p2|Raichu||RaichuniteY|LightningRod|Protect,ZapCannon,FocusBlast,FakeOut|Timid||M|||50|]Sylveon||FairyFeather|Pixilate|Detect,HyperVoice,HyperBeam,QuickAttack|Modest||M|||50|]Arcanine-Hisui||FocusSash|RockHead|Protect,FlareBlitz,HeadSmash,ExtremeSpeed|Jolly||F|||50|]Kingambit||LifeOrb|Defiant|Protect,KowtowCleave,SwordsDance,SuckerPunch|Adamant||M|||50|]Farigiraf||SitrusBerry|ArmorTail|Protect,Psychic,HelpingHand,TrickRoom|Calm||F|||50|]Staraptor||Staraptite|Intimidate|Protect,DualWingbeat,CloseCombat,Tailwind|Jolly||F|||50|
|
|t:|1786173353
|teamsize|p1|4
|teamsize|p2|4
|start
|switch|p1a: Delphox|Delphox, L50, M, shiny|100/100
|switch|p1b: Samurott|Samurott-Hisui, L50, F, shiny|100/100
|switch|p2a: Raichu|Raichu, L50, M|100/100
|switch|p2b: Sylveon|Sylveon, L50, M|100/100
|turn|1
|inactive|Battle timer is ON: inactive players will automatically lose when time's up. (requested by LaserDedenee)
|
|t:|1786173371
|detailschange|p1a: Delphox|Delphox-Mega, L50, M, shiny
|-mega|p1a: Delphox|Delphox|Delphoxite
|detailschange|p2a: Raichu|Raichu-Mega-Y, L50, M
|-mega|p2a: Raichu|Raichu|Raichunite Y
|move|p1b: Samurott|Protect|p1b: Samurott
|-singleturn|p1b: Samurott|Protect
|move|p1a: Delphox|Calm Mind|p1a: Delphox
|-boost|p1a: Delphox|spa|1
|-boost|p1a: Delphox|spd|1
|move|p2a: Raichu|Zap Cannon|p1a: Delphox
|-damage|p1a: Delphox|56/100
|-status|p1a: Delphox|par
|move|p2b: Sylveon|Hyper Voice|p1b: Samurott|[spread] p1a
|-activate|p1b: Samurott|move: Protect
|-resisted|p1a: Delphox|1
|-damage|p1a: Delphox|42/100 par
|
|upkeep
|turn|2
|
|t:|1786173395
|switch|p1b: Gholdengo|Gholdengo, L50|100/100
|move|p1a: Delphox|Protect|p1a: Delphox
|-singleturn|p1a: Delphox|Protect
|move|p2a: Raichu|Zap Cannon|p1b: Gholdengo
|-damage|p1b: Gholdengo|32/100
|-status|p1b: Gholdengo|par
|move|p2b: Sylveon|Hyper Voice|p1b: Gholdengo|[spread] p1b
|-activate|p1a: Delphox|move: Protect
|-resisted|p1b: Gholdengo|1
|-damage|p1b: Gholdengo|4/100 par
|
|-heal|p1b: Gholdengo|10/100 par|[from] item: Leftovers
|upkeep
|turn|3
|
|t:|1786173417
|move|p2a: Raichu|Zap Cannon|p1a: Delphox
|-damage|p1a: Delphox|4/100 par
|move|p1a: Delphox|Heat Wave|p2a: Raichu|[spread] p2a,p2b
|-crit|p2a: Raichu
|-damage|p2a: Raichu|0 fnt
|-damage|p2b: Sylveon|54/100
|faint|p2a: Raichu
|move|p2b: Sylveon|Hyper Voice|p1b: Gholdengo|[spread] p1a,p1b
|-resisted|p1a: Delphox|1
|-resisted|p1b: Gholdengo|1
|-damage|p1a: Delphox|0 fnt
|-damage|p1b: Gholdengo|0 fnt
|faint|p1a: Delphox
|faint|p1b: Gholdengo
|
|upkeep
|
|t:|1786173431
|switch|p1a: Samurott|Samurott-Hisui, L50, F, shiny|100/100
|switch|p2a: Kingambit|Kingambit, L50, M|100/100
|switch|p1b: Maushold|Maushold-Four, L50|100/100
|turn|4
|inactive|mansamusa456 has 30 seconds left.
|
|t:|1786173458
|move|p2b: Sylveon|Detect|p2b: Sylveon
|-singleturn|p2b: Sylveon|Protect
|move|p1b: Maushold|Follow Me|p1b: Maushold
|-singleturn|p1b: Maushold|move: Follow Me
|move|p1a: Samurott|Aqua Cutter|p2b: Sylveon
|-activate|p2b: Sylveon|move: Protect
|move|p2a: Kingambit|Kowtow Cleave|p1b: Maushold
|-damage|p1b: Maushold|32/100
|-damage|p2a: Kingambit|90/100|[from] item: Life Orb
|
|upkeep
|turn|5
|
|t:|1786173477
|move|p1b: Maushold|Super Fang|p2a: Kingambit
|-damage|p2a: Kingambit|45/100
|move|p1a: Samurott|Aqua Cutter|p2b: Sylveon
|-damage|p2b: Sylveon|0 fnt
|faint|p2b: Sylveon
|-damage|p1a: Samurott|90/100|[from] item: Life Orb
|move|p2a: Kingambit|Kowtow Cleave|p1a: Samurott
|-resisted|p1a: Samurott|1
|-damage|p1a: Samurott|65/100
|-damage|p2a: Kingambit|35/100|[from] item: Life Orb
|
|upkeep
|
|t:|1786173482
|switch|p2b: Arcanine|Arcanine-Hisui, L50, F|100/100
|turn|6
|inactive|mansamusa456 has 30 seconds left.
|inactive|LaserDedenee has 30 seconds left.
|inactive|LaserDedenee has 20 seconds left.
|
|t:|1786173517
|move|p2b: Arcanine|Extreme Speed|p1b: Maushold
|-damage|p1b: Maushold|1/100
|move|p1b: Maushold|Super Fang|p2b: Arcanine
|-damage|p2b: Arcanine|50/100g
|move|p1a: Samurott|Aqua Cutter|p2b: Arcanine
|-supereffective|p2b: Arcanine|2
|-damage|p2b: Arcanine|0 fnt
|faint|p2b: Arcanine
|-damage|p1a: Samurott|56/100|[from] item: Life Orb
|move|p2a: Kingambit|Swords Dance|p2a: Kingambit
|-boost|p2a: Kingambit|atk|2
|
|upkeep
|turn|7
|
|t:|1786173536
|move|p1b: Maushold|Follow Me|p1b: Maushold
|-singleturn|p1b: Maushold|move: Follow Me
|move|p1a: Samurott|Aqua Cutter|p2a: Kingambit
|-damage|p2a: Kingambit|0 fnt
|faint|p2a: Kingambit
|-damage|p1a: Samurott|46/100|[from] item: Life Orb
|
|win|mansamusa456
