|j|☆Lorenzo05491
|j|☆cal_cvgcl
|html|Lorenzo05491cal_cvgcl    
|uhtml|bestof|Game 3 of a best-of-3
|t:|1756412347
|gametype|doubles
|player|p1|Lorenzo05491|102|1101
|player|p2|cal_cvgcl|169|1196
|gen|9
|tier|[Gen 9] VGC 2025 Reg H (Bo3)
|rated|
|rule|Species Clause: Limit one of each Pokémon
|rule|Item Clause: Limit 1 of each item
|clearpoke
|poke|p1|Garchomp, L50, M|
|poke|p1|Indeedee-F, L50, F|
|poke|p1|Torkoal, L50, F|
|poke|p1|Volcarona, L50, M|
|poke|p1|Gholdengo, L50|
|poke|p1|Dragonite, L50, M|
|poke|p2|Gholdengo, L50|
|poke|p2|Amoonguss, L50, M|
|poke|p2|Basculegion, L50, M|
|poke|p2|Pelipper, L50, M|
|poke|p2|Incineroar, L50, F|
|poke|p2|Archaludon, L50, F|
|teampreview|4
|showteam|p1|Garchomp||ClearAmulet|RoughSkin|SwordsDance,DragonClaw,Earthquake,Protect|||M|||50|,,,,,Poison]Indeedee-F||SafetyGoggles|PsychicSurge|FollowMe,HelpingHand,TrickRoom,Psychic|||F|||50|,,,,,Water]Torkoal||Charcoal|Drought|Eruption,Overheat,EarthPower,Protect|||F|||50|,,,,,Grass]Volcarona||LifeOrb|FlameBody|HeatWave,QuiverDance,GigaDrain,Protect|||M|||50|,,,,,Grass]Gholdengo||ChoiceScarf|GoodasGold|Trick,MakeItRain,ShadowBall,Thunderbolt||||||50|,,,,,Steel]Dragonite||LoadedDice|InnerFocus|ScaleShot,Tailwind,Protect,TeraBlast|||M|||50|,,,,,Dragon
|showteam|p2|Gholdengo||LifeOrb|GoodasGold|MakeItRain,ShadowBall,NastyPlot,Protect||||||50|,,,,,Water]Amoonguss||SitrusBerry|Regenerator|Spore,RagePowder,PollenPuff,Protect|||M|||50|,,,,,Psychic]Basculegion||ChoiceBand|SwiftSwim|WaveCrash,FlipTurn,LastRespects,AquaJet|||M|||50|,,,,,Water]Pelipper||FocusSash|Drizzle|WeatherBall,Hurricane,Tailwind,Protect|||M|||50|,,,,,Ground]Incineroar||SafetyGoggles|Intimidate|FlareBlitz,KnockOff,PartingShot,FakeOut|||F|||50|,,,,,Ghost]Archaludon||AssaultVest|Stamina|ElectroShot,FlashCannon,DracoMeteor,BodyPress|||F|||50|,,,,,Bug
|inactive|Battle timer is ON: inactive players will automatically lose when time's up. (requested by cal_cvgcl)
|
|t:|1756412372
|teamsize|p1|4
|teamsize|p2|4
|start
|switch|p1a: Garchomp|Garchomp, L50, M|100/100
|switch|p1b: Indeedee|Indeedee-F, L50, F|100/100
|switch|p2a: Pelipper|Pelipper, L50, M|100/100
|switch|p2b: Basculegion|Basculegion, L50, M|100/100
|-weather|RainDance|[from] ability: Drizzle|[of] p2a: Pelipper
|-fieldstart|move: Psychic Terrain|[from] ability: Psychic Surge|[of] p1b: Indeedee
|turn|1
|
|t:|1756412392
|switch|p1a: Torkoal|Torkoal, L50, F|100/100
|-weather|SunnyDay|[from] ability: Drought|[of] p1a: Torkoal
|-terastallize|p2b: Basculegion|Water
|move|p2b: Basculegion|Flip Turn|p1b: Indeedee
|-damage|p1b: Indeedee|68/100
|
|t:|1756412400
|switch|p2b: Amoonguss|Amoonguss, L50, M|100/100|[from] Flip Turn
|move|p2a: Pelipper|Tailwind|p2a: Pelipper
|-sidestart|p2: cal_cvgcl|move: Tailwind
|move|p1b: Indeedee|Trick Room|p1b: Indeedee
|-fieldstart|move: Trick Room|[of] p1b: Indeedee
|
|-weather|SunnyDay|[upkeep]
|upkeep
|turn|2
|
|t:|1756412412
|switch|p2a: Basculegion|Basculegion, L50, M, tera:Water|100/100
|move|p1b: Indeedee|Helping Hand|p1a: Torkoal
|-singleturn|p1a: Torkoal|Helping Hand|[of] p1b: Indeedee
|move|p2b: Amoonguss|Protect|p2b: Amoonguss
|-singleturn|p2b: Amoonguss|Protect
|move|p1a: Torkoal|Eruption|p2a: Basculegion|[spread] p2a
|-activate|p2b: Amoonguss|move: Protect
|-resisted|p2a: Basculegion
|-damage|p2a: Basculegion|32/100
|
|-weather|SunnyDay|[upkeep]
|upkeep
|turn|3
|inactive|cal_cvgcl has 30 seconds left.
|
|t:|1756412441
|switch|p2a: Pelipper|Pelipper, L50, M|100/100
|-weather|RainDance|[from] ability: Drizzle|[of] p2a: Pelipper
|move|p1b: Indeedee|Helping Hand|p1a: Torkoal
|-singleturn|p1a: Torkoal|Helping Hand|[of] p1b: Indeedee
|move|p1a: Torkoal|Earth Power|p2a: Pelipper
|-immune|p2a: Pelipper
|move|p2b: Amoonguss|Pollen Puff|p1b: Indeedee
|-supereffective|p1b: Indeedee
|-damage|p1b: Indeedee|33/100
|
|-weather|RainDance|[upkeep]
|upkeep
|turn|4
|inactive|cal_cvgcl has 30 seconds left.
|
|t:|1756412467
|move|p1a: Torkoal|Overheat|p2b: Amoonguss
|-supereffective|p2b: Amoonguss
|-damage|p2b: Amoonguss|48/100
|-unboost|p1a: Torkoal|spa|2
|-enditem|p2b: Amoonguss|Sitrus Berry|[eat]
|-heal|p2b: Amoonguss|73/100|[from] item: Sitrus Berry
|move|p2b: Amoonguss|Spore|p1a: Torkoal
|-status|p1a: Torkoal|slp|[from] move: Spore
|move|p1b: Indeedee|Psychic|p2b: Amoonguss
|-supereffective|p2b: Amoonguss
|-damage|p2b: Amoonguss|2/100
|move|p2a: Pelipper|Weather Ball|p1a: Torkoal
|-supereffective|p1a: Torkoal
|-damage|p1a: Torkoal|0 fnt
|faint|p1a: Torkoal
|
|-weather|RainDance|[upkeep]
|-sideend|p2: cal_cvgcl|move: Tailwind
|upkeep
|
|t:|1756412471
|switch|p1a: Dragonite|Dragonite, L50, M|100/100
|turn|5
|
|t:|1756412499
|move|p1a: Dragonite|Protect|p1a: Dragonite
|-singleturn|p1a: Dragonite|Protect
|move|p2b: Amoonguss|Rage Powder|p2b: Amoonguss
|-singleturn|p2b: Amoonguss|move: Rage Powder
|move|p1b: Indeedee|Psychic|p2a: Pelipper
|-damage|p2a: Pelipper|36/100
|move|p2a: Pelipper|Tailwind|p2a: Pelipper
|-sidestart|p2: cal_cvgcl|move: Tailwind
|
|-weather|RainDance|[upkeep]
|-fieldend|move: Trick Room
|-fieldend|move: Psychic Terrain
|upkeep
|turn|6
|inactive|cal_cvgcl has 30 seconds left.
|
|t:|1756412525
|-terastallize|p1b: Indeedee|Water
|move|p2a: Pelipper|Hurricane|p1b: Indeedee
|-damage|p1b: Indeedee|0 fnt
|faint|p1b: Indeedee
|move|p1a: Dragonite|Tailwind|p1a: Dragonite
|-sidestart|p1: Lorenzo05491|move: Tailwind
|move|p2b: Amoonguss|Spore|p1a: Dragonite
|-status|p1a: Dragonite|slp|[from] move: Spore
|
|-weather|RainDance|[upkeep]
|upkeep
|
|t:|1756412531
|switch|p1b: Garchomp|Garchomp, L50, M|100/100
|turn|7
|
|t:|1756412546
|move|p2b: Amoonguss|Rage Powder|p2b: Amoonguss
|-singleturn|p2b: Amoonguss|move: Rage Powder
|move|p1b: Garchomp|Earthquake|p2b: Amoonguss|[spread] p2b
|-immune|p1a: Dragonite
|-immune|p2a: Pelipper
|-damage|p2b: Amoonguss|0 fnt
|faint|p2b: Amoonguss
|move|p2a: Pelipper|Weather Ball|p1b: Garchomp
|-damage|p1b: Garchomp|30/100
|cant|p1a: Dragonite|slp
|
|-weather|none
|upkeep
|
|t:|1756412558
|switch|p2b: Basculegion|Basculegion, L50, M, tera:Water|32/100
|turn|8
|inactive|cal_cvgcl has 30 seconds left.
|
|t:|1756412585
|switch|p2a: Archaludon|Archaludon, L50, F|100/100
|move|p1b: Garchomp|Protect|p1b: Garchomp
|-singleturn|p1b: Garchomp|Protect
|move|p2b: Basculegion|Aqua Jet|p1b: Garchomp
|-activate|p1b: Garchomp|move: Protect
|cant|p1a: Dragonite|slp
|
|-sideend|p2: cal_cvgcl|move: Tailwind
|upkeep
|turn|9
|
|t:|1756412596
|switch|p2a: Pelipper|Pelipper, L50, M|36/100
|-weather|RainDance|[from] ability: Drizzle|[of] p2a: Pelipper
|move|p2b: Basculegion|Aqua Jet|p1b: Garchomp
|-damage|p1b: Garchomp|0 fnt
|-damage|p2b: Basculegion|19/100|[from] ability: Rough Skin|[of] p1b: Garchomp
|faint|p1b: Garchomp
|cant|p1a: Dragonite|slp
|
|-weather|RainDance|[upkeep]
|-sideend|p1: Lorenzo05491|move: Tailwind
|upkeep
|turn|10
|-message|Lorenzo05491 forfeited.
|
|win|cal_cvgcl
|raw|Lorenzo05491's rating: 1101 → 1083(-18 for losing)
|raw|cal_cvgcl's rating: 1196 → 1214(+18 for winning)
|l|☆Lorenzo05491
|player|p1|
