|j|☆Eneix1234
|j|☆toughlogvgc
|html|Eneix1234toughlogvgc    
|uhtml|bestof|Game 2 of a best-of-3
|t:|1783809729
|gametype|doubles
|player|p1|Eneix1234|102|1202
|player|p2|toughlogvgc|170|1200
|gen|9
|tier|[Gen 9 Champions] VGC 2026 Reg M-B (Bo3)
|rated|
|rule|Species Clause: Limit one of each Pokémon
|rule|Item Clause: Limit 1 of each item
|clearpoke
|poke|p1|Palafin, L50, F|
|poke|p1|Ninetales-Alola, L50, M|
|poke|p1|Metagross, L50|
|poke|p1|Incineroar, L50, M|
|poke|p1|Drampa, L50, F|
|poke|p1|Farigiraf, L50, F|
|poke|p2|Charizard, L50, M|
|poke|p2|Garchomp, L50, M|
|poke|p2|Basculegion, L50, M|
|poke|p2|Whimsicott, L50, F|
|poke|p2|Kingambit, L50, F|
|poke|p2|Floette-Eternal, L50, F|
|teampreview|4
|showteam|p1|Palafin||MysticWater|ZerotoHero|Protect,JetPunch,WaveCrash,DrainPunch|Adamant||F|||50|]Ninetales-Alola||LightClay|SnowWarning|AuroraVeil,Protect,Moonblast,Blizzard|Timid||M|||50|]Metagross||Metagrossite|ClearBody|Protect,MeteorMash,PsychicFangs,BodyPress|Jolly|||||50|]Incineroar||ExpertBelt|Intimidate|FakeOut,PartingShot,FlareBlitz,DrainPunch|Adamant||M|||50|]Drampa||Drampanite|CloudNine|Protect,EarthPower,DragonPulse,EnergyBall|Modest||F|||50|]Farigiraf||SitrusBerry|ArmorTail|Protect,HyperVoice,TrickRoom,TwinBeam|Modest||F|||50|
|showteam|p2|Charizard||CharizarditeY|Blaze|HeatWave,SolarBeam,Protect,WeatherBall|Modest||M|||50|]Garchomp||LifeOrb|RoughSkin|DragonClaw,Earthquake,RockSlide,Protect|Jolly||M|||50|]Basculegion||ChoiceScarf|Adaptability|WaveCrash,AquaJet,FlipTurn,LastRespects|Adamant||M|||50|]Whimsicott||FocusSash|Prankster|Moonblast,Tailwind,Protect,Encore|Timid||F|||50|]Kingambit||BlackGlasses|Defiant|IronHead,KowtowCleave,Protect,SuckerPunch|Adamant||F|||50|]Floette-Eternal||Floettite|FlowerVeil|Moonblast,LightofRuin,DazzlingGleam,Protect|Modest||F|||50|
|inactive|Battle timer is ON: inactive players will automatically lose when time's up. (requested by Eneix1234)
|
|t:|1783809778
|teamsize|p1|4
|teamsize|p2|4
|start
|switch|p1a: Farigiraf|Farigiraf, L50, F|100/100
|switch|p1b: Drampa|Drampa, L50, F|100/100
|switch|p2a: Charizard|Charizard, L50, M|100/100
|switch|p2b: Kingambit|Kingambit, L50, F|100/100
|-ability|p1b: Drampa|Cloud Nine
|turn|1
|inactive|toughlogvgc has 30 seconds left.
|
|t:|1783809807
|detailschange|p2a: Charizard|Charizard-Mega-Y, L50, M
|-mega|p2a: Charizard|Charizard|Charizardite Y
|-weather|SunnyDay|[from] ability: Drought|[of] p2a: Charizard
|detailschange|p1b: Drampa|Drampa-Mega, L50, F
|-mega|p1b: Drampa|Drampa|Drampanite
|move|p1a: Farigiraf|Protect|p1a: Farigiraf
|-singleturn|p1a: Farigiraf|Protect
|move|p2a: Charizard|Heat Wave|p1b: Drampa|[spread] p1b
|-activate|p1a: Farigiraf|move: Protect
|-resisted|p1b: Drampa|1
|-damage|p1b: Drampa|74/100
|move|p2b: Kingambit|Kowtow Cleave|p1a: Farigiraf
|-activate|p1a: Farigiraf|move: Protect
|move|p1b: Drampa|Earth Power|p2b: Kingambit
|-supereffective|p2b: Kingambit|1
|-damage|p2b: Kingambit|16/100
|
|-weather|SunnyDay|[upkeep]
|upkeep
|turn|2
|inactive|Eneix1234 has 30 seconds left.
|inactive|toughlogvgc has 30 seconds left.
|
|t:|1783809836
|switch|p1a: Palafin|Palafin, L50, F|100/100
|move|p2b: Kingambit|Sucker Punch|p1b: Drampa
|-damage|p1b: Drampa|31/100
|-ability|p1b: Drampa|Berserk|boost
|-boost|p1b: Drampa|spa|1
|move|p2a: Charizard|Weather Ball|p1b: Drampa
|-resisted|p1b: Drampa|1
|-damage|p1b: Drampa|0 fnt
|faint|p1b: Drampa
|
|-weather|SunnyDay|[upkeep]
|upkeep
|
|t:|1783809856
|switch|p1b: Incineroar|Incineroar, L50, M|100/100
|-ability|p1b: Incineroar|Intimidate|boost
|-unboost|p2a: Charizard|atk|1
|-unboost|p2b: Kingambit|atk|1
|-ability|p2b: Kingambit|Defiant|boost
|-boost|p2b: Kingambit|atk|2
|turn|3
|inactive|toughlogvgc has 30 seconds left.
|inactive|toughlogvgc has 20 seconds left.
|inactive|toughlogvgc has 15 seconds left.
|
|t:|1783809899
|switch|p1b: Farigiraf|Farigiraf, L50, F|100/100
|move|p2a: Charizard|Protect|p2a: Charizard
|-singleturn|p2a: Charizard|Protect
|move|p2b: Kingambit|Sucker Punch||[still]
|cant|p1b: Farigiraf|ability: Armor Tail|Sucker Punch|[of] p2b: Kingambit
|move|p1a: Palafin|Wave Crash|p2a: Charizard
|-activate|p2a: Charizard|move: Protect
|
|-weather|SunnyDay|[upkeep]
|upkeep
|turn|4
|inactive|toughlogvgc has 30 seconds left.
|inactive|toughlogvgc has 20 seconds left.
|
|t:|1783809938
|switch|p1b: Incineroar|Incineroar, L50, M|100/100
|-ability|p1b: Incineroar|Intimidate|boost
|-unboost|p2a: Charizard|atk|1
|-unboost|p2b: Kingambit|atk|1
|-ability|p2b: Kingambit|Defiant|boost
|-boost|p2b: Kingambit|atk|2
|move|p1a: Palafin|Protect|p1a: Palafin
|-singleturn|p1a: Palafin|Protect
|move|p2a: Charizard|Solar Beam||[still]
|-prepare|p2a: Charizard|Solar Beam
|-anim|p2a: Charizard|Solar Beam|p1a: Palafin
|-activate|p1a: Palafin|move: Protect
|move|p2b: Kingambit|Kowtow Cleave|p1b: Incineroar
|-resisted|p1b: Incineroar|1
|-damage|p1b: Incineroar|33/100
|
|-weather|SunnyDay|[upkeep]
|upkeep
|turn|5
|inactive|Eneix1234 has 30 seconds left.
|inactive|toughlogvgc has 30 seconds left.
|inactive|toughlogvgc has 20 seconds left.
|
|t:|1783809975
|switch|p2a: Garchomp|Garchomp, L50, M|100/100
|detailschange|p1a: Palafin|Palafin-Hero, L50, F
|switch|p1a: Farigiraf|Farigiraf, L50, F|100/100
|move|p2b: Kingambit|Protect|p2b: Kingambit
|-singleturn|p2b: Kingambit|Protect
|move|p1b: Incineroar|Drain Punch|p2b: Kingambit
|-activate|p2b: Kingambit|move: Protect
|
|-weather|none
|upkeep
|turn|6
|
|t:|1783809999
|switch|p2b: Charizard|Charizard-Mega-Y, L50, M|100/100
|-weather|SunnyDay|[from] ability: Drought|[of] p2b: Charizard
|move|p2a: Garchomp|Earthquake|p1a: Farigiraf|[spread] p1a,p1b
|-immune|p2b: Charizard
|-supereffective|p1b: Incineroar|1
|-damage|p1a: Farigiraf|47/100
|-damage|p1b: Incineroar|0 fnt
|-enditem|p1a: Farigiraf|Sitrus Berry|[eat]
|-heal|p1a: Farigiraf|71/100|[from] item: Sitrus Berry
|faint|p1b: Incineroar
|-damage|p2a: Garchomp|90/100|[from] item: Life Orb
|move|p1a: Farigiraf|Trick Room|p1a: Farigiraf
|-fieldstart|move: Trick Room|[of] p1a: Farigiraf
|
|-weather|SunnyDay|[upkeep]
|upkeep
|
|t:|1783810014
|switch|p1b: Palafin|Palafin-Hero, L50, F|100/100
|-activate|p1b: Palafin|ability: Zero to Hero
|turn|7
|
|t:|1783810031
|move|p2b: Charizard|Protect|p2b: Charizard
|-singleturn|p2b: Charizard|Protect
|move|p1a: Farigiraf|Hyper Voice|p2a: Garchomp|[spread] p2a
|-activate|p2b: Charizard|move: Protect
|-damage|p2a: Garchomp|54/100
|move|p1b: Palafin|Wave Crash|p2b: Charizard
|-activate|p2b: Charizard|move: Protect
|move|p2a: Garchomp|Earthquake|p1b: Palafin|[spread] p1a,p1b
|-activate|p2b: Charizard|move: Protect
|-damage|p1a: Farigiraf|18/100
|-damage|p1b: Palafin|57/100
|-damage|p2a: Garchomp|44/100|[from] item: Life Orb
|
|-weather|SunnyDay|[upkeep]
|upkeep
|turn|8
|inactive|toughlogvgc has 30 seconds left.
|inactive|toughlogvgc has 20 seconds left.
|
|t:|1783810069
|switch|p2b: Kingambit|Kingambit, L50, F|16/100
|move|p2a: Garchomp|Protect|p2a: Garchomp
|-singleturn|p2a: Garchomp|Protect
|move|p1a: Farigiraf|Hyper Voice|p2a: Garchomp|[spread] p2b
|-activate|p2a: Garchomp|move: Protect
|-resisted|p2b: Kingambit|1
|-damage|p2b: Kingambit|0 fnt
|faint|p2b: Kingambit
|move|p1b: Palafin|Wave Crash|p2a: Garchomp
|-activate|p2a: Garchomp|move: Protect
|
|-weather|SunnyDay|[upkeep]
|upkeep
|inactive|toughlogvgc has 30 seconds left.
|
|t:|1783810095
|switch|p2b: Charizard|Charizard-Mega-Y, L50, M|100/100
|turn|9
|
|t:|1783810106
|move|p2b: Charizard|Protect|p2b: Charizard
|-singleturn|p2b: Charizard|Protect
|move|p1a: Farigiraf|Hyper Voice|p2a: Garchomp|[spread] p2a
|-activate|p2b: Charizard|move: Protect
|-crit|p2a: Garchomp
|-damage|p2a: Garchomp|0 fnt
|faint|p2a: Garchomp
|move|p1b: Palafin|Wave Crash|p2b: Charizard
|-activate|p2b: Charizard|move: Protect
|
|-weather|SunnyDay|[upkeep]
|upkeep
|
|t:|1783810120
|switch|p2a: Basculegion|Basculegion, L50, M|100/100
|turn|10
|inactive|toughlogvgc has 30 seconds left.
|inactive|toughlogvgc has 20 seconds left.
|inactive|toughlogvgc has 15 seconds left.
|inactive|toughlogvgc has 10 seconds left.
|
|t:|1783810169
|move|p1a: Farigiraf|Protect|p1a: Farigiraf
|-singleturn|p1a: Farigiraf|Protect
|move|p1b: Palafin|Wave Crash|p2b: Charizard
|-supereffective|p2b: Charizard|1
|-damage|p2b: Charizard|0 fnt
|faint|p2b: Charizard
|-damage|p1b: Palafin|27/100|[from] Recoil
|move|p2a: Basculegion|Wave Crash|p1b: Palafin
|-resisted|p1b: Palafin|1
|-damage|p1b: Palafin|8/100
|-damage|p2a: Basculegion|93/100|[from] Recoil
|
|-weather|none
|-fieldend|move: Trick Room
|upkeep
|turn|11
|
|t:|1783810185
|move|p1b: Palafin|Protect|p1b: Palafin
|-singleturn|p1b: Palafin|Protect
|move|p2a: Basculegion|Wave Crash|p1a: Farigiraf
|-damage|p1a: Farigiraf|0 fnt
|faint|p1a: Farigiraf
|-damage|p2a: Basculegion|87/100|[from] Recoil
|
|upkeep
|turn|12
|c|☆Eneix1234|i dont know how you almost sold that lol
|-message|Eneix1234 forfeited.
|raw|Eneix1234's rating: 1202 → 1177(-25 for losing)
|raw|toughlogvgc's rating: 1200 → 1225(+25 for winning)
|
|win|toughlogvgc
|l|☆Eneix1234
|player|p1|
