|j|☆BastiBlitz
|j|☆arushd02
|html|BastiBlitzarushd02    
|uhtml|bestof|Game 1 of a best-of-3
|t:|1782409801
|gametype|doubles
|player|p1|BastiBlitz|ghetsis|1171
|player|p2|arushd02|1|1071
|gen|9
|tier|[Gen 9 Champions] VGC 2026 Reg M-B (Bo3)
|rated|
|rule|Species Clause: Limit one of each Pokémon
|rule|Item Clause: Limit 1 of each item
|clearpoke
|poke|p1|Venusaur, L50, F|
|poke|p1|Pelipper, L50, M|
|poke|p1|Sableye, L50, M|
|poke|p1|Archaludon, L50, M|
|poke|p1|Basculegion, L50, M|
|poke|p1|Manectric, L50, F|
|poke|p2|Mawile, L50, F|
|poke|p2|Mimikyu, L50, F|
|poke|p2|Incineroar, L50, F|
|poke|p2|Mamoswine, L50, F|
|poke|p2|Farigiraf, L50, F|
|poke|p2|Sinistcha-Masterpiece, L50|
|teampreview|4
|showteam|p1|Venusaur||Venusaurite|Chlorophyll|GigaDrain,SludgeBomb,EarthPower,Protect|Modest||F|||50|]Pelipper||FocusSash|Drizzle|Hurricane,WeatherBall,Tailwind,Protect|Timid||M|||50|]Sableye||RoseliBerry|Prankster|Reflect,LightScreen,Quash,RainDance|Calm||M|||50|]Archaludon||Leftovers|Stamina|ElectroShot,DracoMeteor,FlashCannon,Protect|Modest||M|||50|]Basculegion||ChoiceScarf|Adaptability|WaveCrash,LastRespects,AquaJet,FlipTurn|Adamant||M|||50|]Manectric||Manectite|LightningRod|Thunder,VoltSwitch,Snarl,Protect|Timid||F|||50|
|showteam|p2|Mawile||Mawilite|Intimidate|PlayRough,IronHead,SuckerPunch,Protect|Adamant||F|||50|]Mimikyu||MentalHerb|Disguise|TrickRoom,Protect,WillOWisp,DestinyBond|Sassy||F|||50|]Incineroar||SitrusBerry|Intimidate|PartingShot,FakeOut,FlareBlitz,WillOWisp|Careful||F|||50|]Mamoswine||FocusSash|Oblivious|IcicleCrash,HighHorsepower,IceShard,Protect|Jolly||F|||50|]Farigiraf||ColburBerry|ArmorTail|Psychic,Protect,HelpingHand,TrickRoom|Sassy||F|||50|]Sinistcha-Masterpiece||Leftovers|Hospitality|MatchaGotcha,RagePowder,Protect,LifeDew|Bold|||||50|
|inactive|Battle timer is ON: inactive players will automatically lose when time's up. (requested by BastiBlitz)
|
|t:|1782409859
|teamsize|p1|4
|teamsize|p2|4
|start
|switch|p1a: Basculegion|Basculegion, L50, M|100/100
|switch|p1b: Manectric|Manectric, L50, F|100/100
|switch|p2a: Mimikyu|Mimikyu, L50, F|100/100
|switch|p2b: Mawile|Mawile, L50, F|100/100
|-ability|p2b: Mawile|Intimidate|boost
|-unboost|p1a: Basculegion|atk|1
|-unboost|p1b: Manectric|atk|1
|turn|1
|inactive|BastiBlitz has 30 seconds left.
|
|t:|1782409886
|detailschange|p1b: Manectric|Manectric-Mega, L50, F
|-mega|p1b: Manectric|Manectric|Manectite
|-ability|p1b: Manectric|Intimidate|boost
|-unboost|p2a: Mimikyu|atk|1
|-unboost|p2b: Mawile|atk|1
|move|p2b: Mawile|Protect|p2b: Mawile
|-singleturn|p2b: Mawile|Protect
|move|p1b: Manectric|Volt Switch|p2a: Mimikyu
|-activate|p2a: Mimikyu|ability: Disguise
|-damage|p2a: Mimikyu|100/100
|detailschange|p2a: Mimikyu|Mimikyu-Busted, L50, F
|-damage|p2a: Mimikyu|87/100|[from] pokemon: Mimikyu-Busted
|
|t:|1782409896
|switch|p1b: Pelipper|Pelipper, L50, M|100/100|[from] Volt Switch
|-weather|RainDance|[from] ability: Drizzle|[of] p1b: Pelipper
|move|p1a: Basculegion|Wave Crash|p2a: Mimikyu
|-damage|p2a: Mimikyu|0 fnt
|faint|p2a: Mimikyu
|-damage|p1a: Basculegion|76/100|[from] Recoil
|
|-weather|RainDance|[upkeep]
|upkeep
|
|t:|1782409907
|switch|p2a: Incineroar|Incineroar, L50, F|100/100
|-ability|p2a: Incineroar|Intimidate|boost
|-unboost|p1a: Basculegion|atk|1
|-unboost|p1b: Pelipper|atk|1
|turn|2
|
|t:|1782409914
|switch|p1b: Manectric|Manectric-Mega, L50, F|100/100
|-ability|p1b: Manectric|Intimidate|boost
|-unboost|p2a: Incineroar|atk|1
|-unboost|p2b: Mawile|atk|1
|detailschange|p2b: Mawile|Mawile-Mega, L50, F
|-mega|p2b: Mawile|Mawile|Mawilite
|move|p2a: Incineroar|Fake Out|p1b: Manectric
|-damage|p1b: Manectric|91/100
|move|p2b: Mawile|Sucker Punch|p1a: Basculegion
|-supereffective|p1a: Basculegion|1
|-damage|p1a: Basculegion|19/100
|move|p1a: Basculegion|Wave Crash|p2b: Mawile
|-damage|p2b: Mawile|38/100
|-damage|p1a: Basculegion|3/100|[from] Recoil
|
|-weather|RainDance|[upkeep]
|upkeep
|turn|3
|inactive|arushd02 has 30 seconds left.
|
|t:|1782409940
|switch|p2b: Mamoswine|Mamoswine, L50, F|100/100
|move|p1b: Manectric|Thunder|p2b: Mamoswine
|-immune|p2b: Mamoswine
|move|p1a: Basculegion|Wave Crash|p2a: Incineroar
|-supereffective|p2a: Incineroar|1
|-damage|p2a: Incineroar|0 fnt
|faint|p2a: Incineroar
|-damage|p1a: Basculegion|0 fnt|[from] Recoil
|faint|p1a: Basculegion
|
|-weather|RainDance|[upkeep]
|upkeep
|inactive|BastiBlitz has 30 seconds left.
|inactive|BastiBlitz has 20 seconds left.
|inactive|BastiBlitz has 15 seconds left.
|
|t:|1782409984
|switch|p1a: Pelipper|Pelipper, L50, M|100/100
|switch|p2a: Mawile|Mawile-Mega, L50, F|38/100
|turn|4
|inactive|BastiBlitz has 30 seconds left.
|inactive|BastiBlitz has 20 seconds left.
|inactive|BastiBlitz has 15 seconds left.
|
|t:|1782410028
|move|p2a: Mawile|Protect|p2a: Mawile
|-singleturn|p2a: Mawile|Protect
|move|p1b: Manectric|Volt Switch|p2a: Mawile
|-activate|p2a: Mawile|move: Protect
|move|p2b: Mamoswine|High Horsepower|p1b: Manectric
|-supereffective|p1b: Manectric|1
|-damage|p1b: Manectric|0 fnt
|faint|p1b: Manectric
|move|p1a: Pelipper|Tailwind|p1a: Pelipper
|-sidestart|p1: BastiBlitz|move: Tailwind
|
|-weather|RainDance|[upkeep]
|upkeep
|
|t:|1782410030
|switch|p1b: Archaludon|Archaludon, L50, M|100/100
|turn|5
|inactive|arushd02 has 30 seconds left.
|
|t:|1782410057
|move|p2a: Mawile|Sucker Punch|p1a: Pelipper
|-damage|p1a: Pelipper|35/100
|move|p1a: Pelipper|Weather Ball|p2b: Mamoswine
|-supereffective|p2b: Mamoswine|1
|-crit|p2b: Mamoswine
|-enditem|p2b: Mamoswine|Focus Sash
|-damage|p2b: Mamoswine|1/100
|move|p1b: Archaludon|Electro Shot||[still]
|-prepare|p1b: Archaludon|Electro Shot
|-boost|p1b: Archaludon|spa|1
|-anim|p1b: Archaludon|Electro Shot|p2a: Mawile
|-damage|p2a: Mawile|0 fnt
|faint|p2a: Mawile
|move|p2b: Mamoswine|High Horsepower|p1b: Archaludon
|-supereffective|p1b: Archaludon|1
|-damage|p1b: Archaludon|28/100
|-ability|p1b: Archaludon|Stamina|boost
|-boost|p1b: Archaludon|def|1
|
|-weather|none
|-heal|p1b: Archaludon|34/100|[from] item: Leftovers
|upkeep
|turn|6
|
|t:|1782410074
|move|p1a: Pelipper|Weather Ball|p2b: Mamoswine
|-damage|p2b: Mamoswine|0 fnt
|faint|p2b: Mamoswine
|
|win|BastiBlitz
