|j|☆Charizard0420
|j|☆spicy mcchikin
|html|Charizard0420spicy mcchikin    
|uhtml|bestof|Game 1 of a best-of-3
|t:|1784766050
|gametype|doubles
|player|p1|Charizard0420|pokemaniac|1136
|player|p2|spicy mcchikin|palmer|1132
|gen|9
|tier|[Gen 9 Champions] VGC 2026 Reg M-B (Bo3)
|rated|
|rule|Species Clause: Limit one of each Pokémon
|rule|Item Clause: Limit 1 of each item
|clearpoke
|poke|p1|Whimsicott, L50, M, shiny|
|poke|p1|Staraptor, L50, M, shiny|
|poke|p1|Garchomp, L50, F|
|poke|p1|Kingambit, L50, M, shiny|
|poke|p1|Ceruledge, L50, M, shiny|
|poke|p1|Gholdengo, L50, shiny|
|poke|p2|Charizard, L50, M|
|poke|p2|Garchomp, L50, M|
|poke|p2|Incineroar, L50, F|
|poke|p2|Venusaur, L50, F|
|poke|p2|Toxapex, L50, M|
|poke|p2|Sylveon, L50, M|
|teampreview|4
|showteam|p1|Whimsicott||FocusSash|Prankster|Protect,Charm,Tailwind,Moonblast|Timid||M|||50|]Staraptor||Staraptite|Intimidate|Protect,CloseCombat,BraveBird,Roost|Jolly||M|||50|]Garchomp||LifeOrb|RoughSkin|Protect,Earthquake,RockSlide,DragonClaw|Jolly||F|||50|]Kingambit||ChopleBerry|Defiant|SuckerPunch,KowtowCleave,LowKick,IronHead|Adamant||M|||50|]Ceruledge||ColburBerry|FlashFire|Protect,BitterBlade,ShadowSneak,BulkUp|Adamant||M|||50|]Gholdengo||SpellTag|GoodasGold|Protect,MakeItRain,ShadowBall,NastyPlot|Modest|||||50|
|showteam|p2|Charizard||CharizarditeY|SolarPower|WeatherBall,HeatWave,AncientPower,Protect|Modest||M|||50|]Garchomp||ChoiceScarf|RoughSkin|RockSlide,DragonClaw,Earthquake,StompingTantrum|Adamant||M|||50|]Incineroar||SitrusBerry|Intimidate|FlareBlitz,FakeOut,ThroatChop,PartingShot|Impish||F|||50|]Venusaur||LifeOrb|Chlorophyll|SludgeBomb,LeafStorm,EarthPower,Protect|Modest||F|||50|]Toxapex||Leftovers|Regenerator|Infestation,Toxic,WideGuard,BanefulBunker|Bold||M|||50|]Sylveon||FairyFeather|Pixilate|HyperVoice,QuickAttack,Yawn,Detect|Modest||M|||50|
|inactive|Battle timer is ON: inactive players will automatically lose when time's up. (requested by spicy mcchikin)
|inactive|Charizard0420 has 60 seconds left.
|inactive|spicy mcchikin has 60 seconds left.
|inactive|spicy mcchikin has 30 seconds left.
|
|t:|1784766120
|teamsize|p1|4
|teamsize|p2|4
|start
|switch|p1a: HaveFun|Garchomp, L50, F|100/100
|switch|p1b: Staraptor|Staraptor, L50, M, shiny|100/100
|switch|p2a: Charizard|Charizard, L50, M|100/100
|switch|p2b: Toxapex|Toxapex, L50, M|100/100
|-ability|p1b: Staraptor|Intimidate|boost
|-unboost|p2a: Charizard|atk|1
|-unboost|p2b: Toxapex|atk|1
|turn|1
|inactive|Charizard0420 has 30 seconds left.
|inactive|Charizard0420 has 20 seconds left.
|
|t:|1784766157
|switch|p2a: Incineroar|Incineroar, L50, F|100/100
|-ability|p2a: Incineroar|Intimidate|boost
|-unboost|p1a: HaveFun|atk|1
|-unboost|p1b: Staraptor|atk|1
|detailschange|p1b: Staraptor|Staraptor-Mega, L50, M, shiny
|-mega|p1b: Staraptor|Staraptor|Staraptite
|move|p1b: Staraptor|Close Combat|p2a: Incineroar
|-supereffective|p2a: Incineroar|1
|-damage|p2a: Incineroar|42/100
|-boost|p1b: Staraptor|def|1
|-boost|p1b: Staraptor|spd|1
|-enditem|p2a: Incineroar|Sitrus Berry|[eat]
|-heal|p2a: Incineroar|67/100|[from] item: Sitrus Berry
|move|p1a: HaveFun|Rock Slide|p2b: Toxapex|[spread] p2a,p2b
|-supereffective|p2a: Incineroar|1
|-damage|p2a: Incineroar|41/100
|-damage|p2b: Toxapex|88/100
|-damage|p1a: HaveFun|90/100|[from] item: Life Orb
|move|p2b: Toxapex|Toxic|p1b: Staraptor
|-status|p1b: Staraptor|tox
|
|-heal|p2b: Toxapex|94/100|[from] item: Leftovers
|-damage|p1b: Staraptor|93/100 tox|[from] psn
|upkeep
|turn|2
|inactive|Charizard0420 has 30 seconds left.
|inactive|spicy mcchikin has 30 seconds left.
|inactive|Charizard0420 has 20 seconds left.
|inactive|spicy mcchikin has 20 seconds left.
|inactive|spicy mcchikin has 15 seconds left.
|
|t:|1784766200
|switch|p2a: Sylveon|Sylveon, L50, M|100/100
|move|p2b: Toxapex|Baneful Bunker|p2b: Toxapex
|-singleturn|p2b: Toxapex|move: Protect
|move|p1b: Staraptor|Close Combat|p2b: Toxapex
|-activate|p2b: Toxapex|move: Protect
|move|p1a: HaveFun|Dragon Claw|p2b: Toxapex
|-activate|p2b: Toxapex|move: Protect
|-status|p1a: HaveFun|psn
|
|-heal|p2b: Toxapex|100/100|[from] item: Leftovers
|-damage|p1b: Staraptor|81/100 tox|[from] psn
|-damage|p1a: HaveFun|77/100 psn|[from] psn
|upkeep
|turn|3
|inactive|Charizard0420 has 30 seconds left.
|inactive|spicy mcchikin has 30 seconds left.
|
|t:|1784766235
|switch|p1a: Gholdengo|Gholdengo, L50, shiny|100/100
|move|p1b: Staraptor|Close Combat|p2b: Toxapex
|-resisted|p2b: Toxapex|1
|-damage|p2b: Toxapex|87/100
|-boost|p1b: Staraptor|def|1
|-boost|p1b: Staraptor|spd|1
|move|p2a: Sylveon|Hyper Voice|p1a: Gholdengo|[spread] p1a,p1b
|-resisted|p1a: Gholdengo|1
|-supereffective|p1b: Staraptor|1
|-damage|p1a: Gholdengo|76/100
|-damage|p1b: Staraptor|39/100 tox
|move|p2b: Toxapex|Infestation|p1b: Staraptor
|-resisted|p1b: Staraptor|2
|-damage|p1b: Staraptor|39/100 tox
|-activate|p1b: Staraptor|move: Infestation|[of] p2b: Toxapex
|
|-heal|p2b: Toxapex|93/100|[from] item: Leftovers
|-damage|p1b: Staraptor|20/100y tox|[from] psn
|-damage|p1b: Staraptor|7/100 tox|[from] move: Infestation|[partiallytrapped]
|upkeep
|turn|4
|inactive|Charizard0420 has 30 seconds left.
|inactive|spicy mcchikin has 30 seconds left.
|inactive|spicy mcchikin has 20 seconds left.
|inactive|spicy mcchikin has 15 seconds left.
|inactive|spicy mcchikin has 10 seconds left.
|inactive|spicy mcchikin has 5 seconds left.
|
|t:|1784766287
|-heal|p2b: Toxapex|100/100|[from] ability: Regenerator|[silent]
|switch|p2b: Incineroar|Incineroar, L50, F|41/100
|-ability|p2b: Incineroar|Intimidate|boost
|-unboost|p1a: Gholdengo|atk|1
|-boost|p1b: Staraptor|atk|1
|move|p1b: Staraptor|Roost|p1b: Staraptor
|-heal|p1b: Staraptor|57/100 tox
|-singleturn|p1b: Staraptor|move: Roost
|move|p1a: Gholdengo|Nasty Plot|p1a: Gholdengo
|-boost|p1a: Gholdengo|spa|2
|move|p2a: Sylveon|Hyper Voice|p1b: Staraptor|[spread] p1a,p1b
|-resisted|p1a: Gholdengo|1
|-supereffective|p1b: Staraptor|1
|-damage|p1a: Gholdengo|56/100
|-damage|p1b: Staraptor|14/100 tox
|
|-damage|p1b: Staraptor|0 fnt|[from] psn
|faint|p1b: Staraptor
|upkeep
|inactive|Charizard0420 has 30 seconds left.
|inactive|Charizard0420 has 20 seconds left.
|
|t:|1784766326
|switch|p1b: HaveFun|Garchomp, L50, F|77/100 psn
|turn|5
|inactive|spicy mcchikin has 30 seconds left.
|inactive|spicy mcchikin has 20 seconds left.
|
|t:|1784766363
|move|p1b: HaveFun|Protect|p1b: HaveFun
|-singleturn|p1b: HaveFun|Protect
|move|p2a: Sylveon|Detect|p2a: Sylveon
|-singleturn|p2a: Sylveon|Protect
|move|p1a: Gholdengo|Shadow Ball|p2a: Sylveon
|-activate|p2a: Sylveon|move: Protect
|move|p2b: Incineroar|Flare Blitz|p1a: Gholdengo
|-supereffective|p1a: Gholdengo|1
|-damage|p1a: Gholdengo|0 fnt
|faint|p1a: Gholdengo
|-damage|p2b: Incineroar|23/100|[from] Recoil
|
|-damage|p1b: HaveFun|65/100 psn|[from] psn
|upkeep
|
|t:|1784766380
|switch|p1a: Kingambit|Kingambit, L50, M, shiny|100/100
|turn|6
|inactive|spicy mcchikin has 30 seconds left.
|
|t:|1784766409
|switch|p2a: Toxapex|Toxapex, L50, M|100/100
|move|p1b: HaveFun|Dragon Claw|p2b: Incineroar
|-damage|p2b: Incineroar|0 fnt
|faint|p2b: Incineroar
|-damage|p1b: HaveFun|55/100 psn|[from] item: Life Orb
|move|p1a: Kingambit|Iron Head|p2a: Toxapex
|-resisted|p2a: Toxapex|1
|-damage|p2a: Toxapex|86/100
|
|-heal|p2a: Toxapex|92/100|[from] item: Leftovers
|-damage|p1b: HaveFun|43/100 psn|[from] psn
|upkeep
|
|t:|1784766432
|switch|p2b: Sylveon|Sylveon, L50, M|100/100
|turn|7
|
|t:|1784766455
|move|p2b: Sylveon|Detect|p2b: Sylveon
|-singleturn|p2b: Sylveon|Protect
|move|p1b: HaveFun|Rock Slide|p2a: Toxapex|[spread] p2a
|-activate|p2b: Sylveon|move: Protect
|-damage|p2a: Toxapex|77/100
|-damage|p1b: HaveFun|33/100 psn|[from] item: Life Orb
|move|p1a: Kingambit|Iron Head|p2b: Sylveon
|-activate|p2b: Sylveon|move: Protect
|move|p2a: Toxapex|Infestation|p1b: HaveFun
|-damage|p1b: HaveFun|29/100 psn
|-activate|p1b: HaveFun|move: Infestation|[of] p2a: Toxapex
|-damage|p2a: Toxapex|65/100|[from] ability: Rough Skin|[of] p1b: HaveFun
|
|-heal|p2a: Toxapex|71/100|[from] item: Leftovers
|-damage|p1b: HaveFun|17/100 psn|[from] psn
|-damage|p1b: HaveFun|4/100 psn|[from] move: Infestation|[partiallytrapped]
|upkeep
|turn|8
|inactive|spicy mcchikin has 30 seconds left.
|inactive|spicy mcchikin has 20 seconds left.
|
|t:|1784766491
|move|p1b: HaveFun|Rock Slide|p2b: Sylveon|[spread] p2a,p2b
|-damage|p2a: Toxapex|55/100
|-damage|p2b: Sylveon|76/100
|-damage|p1b: HaveFun|0 fnt|[from] item: Life Orb
|faint|p1b: HaveFun
|move|p1a: Kingambit|Iron Head|p2b: Sylveon
|-supereffective|p2b: Sylveon|1
|-damage|p2b: Sylveon|0 fnt
|faint|p2b: Sylveon
|move|p2a: Toxapex|Infestation|p1a: Kingambit
|-damage|p1a: Kingambit|96/100
|-activate|p1a: Kingambit|move: Infestation|[of] p2a: Toxapex
|
|-heal|p2a: Toxapex|61/100|[from] item: Leftovers
|-damage|p1a: Kingambit|84/100|[from] move: Infestation|[partiallytrapped]
|upkeep
|
|t:|1784766504
|switch|p2b: Charizard|Charizard, L50, M|100/100
|turn|9
|
|t:|1784766515
|detailschange|p2b: Charizard|Charizard-Mega-Y, L50, M
|-mega|p2b: Charizard|Charizard|Charizardite Y
|-weather|SunnyDay|[from] ability: Drought|[of] p2b: Charizard
|move|p1a: Kingambit|Sucker Punch|p2b: Charizard
|-damage|p2b: Charizard|63/100
|move|p2b: Charizard|Weather Ball|p1a: Kingambit
|-supereffective|p1a: Kingambit|1
|-damage|p1a: Kingambit|0 fnt
|faint|p1a: Kingambit
|
|win|spicy mcchikin
||Charizard0420 is ready for game 2.
