|j|☆zifisha
|j|☆palle synchro
|html|zifishapalle synchro    
|uhtml|bestof|Game 1 of a best-of-3
|t:|1785510764
|gametype|doubles
|player|p1|zifisha|101|1395
|player|p2|palle synchro|volkner|1414
|gen|9
|tier|[Gen 9 Champions] VGC 2026 Reg M-B (Bo3)
|rated|
|rule|Species Clause: Limit one of each Pokémon
|rule|Item Clause: Limit 1 of each item
|clearpoke
|poke|p1|Raichu, L50, M, shiny|
|poke|p1|Aerodactyl, L50, F|
|poke|p1|Farigiraf, L50, F|
|poke|p1|Kingambit, L50, F|
|poke|p1|Garchomp, L50, M|
|poke|p1|Primarina, L50, F, shiny|
|poke|p2|Whimsicott, L50, M|
|poke|p2|Basculegion, L50, M|
|poke|p2|Kingambit, L50, F|
|poke|p2|Floette-Eternal, L50, F|
|poke|p2|Garchomp, L50, M|
|poke|p2|Charizard, L50, M|
|teampreview|4
|showteam|p1|Raichu||RaichuniteY|LightningRod|FakeOut,ZapCannon,FocusBlast,Protect|Timid||M|||50|]Aerodactyl||Aerodactylite|Unnerve|RockSlide,Tailwind,DualWingbeat,Protect|Jolly||F|||50|]Farigiraf||SitrusBerry|ArmorTail|Psychic,Thunderbolt,HelpingHand,TrickRoom|Bold||F|||50|]Kingambit||BlackGlasses|Defiant|SuckerPunch,KowtowCleave,SwordsDance,Protect|Adamant||F|||50|]Garchomp||LifeOrb|SandVeil|DragonClaw,RockSlide,Earthquake,Protect|Jolly||M|||50|]Primarina||FairyFeather|LiquidVoice|Protect,HyperVoice,DazzlingGleam,Moonblast|Modest||F|||50|
|showteam|p2|Whimsicott||FocusSash|Prankster|Protect,Moonblast,Tailwind,Encore|Timid||M|||50|]Basculegion||MysticWater|Adaptability|WaveCrash,Protect,LastRespects,AquaJet|Adamant||M|||50|]Kingambit||ChopleBerry|Defiant|KowtowCleave,LowKick,SuckerPunch,IronHead|Adamant||F|||50|]Floette-Eternal||Floettite|FlowerVeil|DazzlingGleam,Moonblast,LightofRuin,Protect|Modest||F|||50|]Garchomp||LifeOrb|RoughSkin|Protect,Earthquake,DragonClaw,RockSlide|Jolly||M|||50|]Charizard||CharizarditeY|Blaze|HeatWave,SolarBeam,WeatherBall,Protect|Modest||M|||50|
|inactive|Battle timer is ON: inactive players will automatically lose when time's up. (requested by palle synchro)
|inactive|zifisha has 60 seconds left.
|
|t:|1785510805
|teamsize|p1|4
|teamsize|p2|4
|start
|switch|p1a: Aerodactyl|Aerodactyl, L50, F|100/100
|switch|p1b: Primarina|Primarina, L50, F, shiny|100/100
|switch|p2a: Whimsicott|Whimsicott, L50, M|100/100
|switch|p2b: Floette|Floette-Eternal, L50, F|100/100
|-ability|p1a: Aerodactyl|Unnerve
|turn|1
|
|t:|1785510823
|detailschange|p1a: Aerodactyl|Aerodactyl-Mega, L50, F
|-mega|p1a: Aerodactyl|Aerodactyl|Aerodactylite
|detailschange|p2b: Floette|Floette-Mega, L50, F
|-mega|p2b: Floette|Floette|Floettite
|-ability|p2b: Floette|Fairy Aura
|move|p2a: Whimsicott|Tailwind|p2a: Whimsicott
|-sidestart|p2: palle synchro|move: Tailwind
|move|p2b: Floette|Moonblast|p1a: Aerodactyl
|-damage|p1a: Aerodactyl|11/100
|-unboost|p1a: Aerodactyl|spa|1
|move|p1a: Aerodactyl|Tailwind|p1a: Aerodactyl
|-sidestart|p1: zifisha|move: Tailwind
|move|p1b: Primarina|Dazzling Gleam|p2a: Whimsicott|[spread] p2a,p2b
|-damage|p2a: Whimsicott|24/100
|-damage|p2b: Floette|55/100
|
|upkeep
|turn|2
|
|t:|1785510840
|switch|p1b: Farigiraf|Farigiraf, L50, F|100/100
|move|p2a: Whimsicott|Encore||[still]
|cant|p1b: Farigiraf|ability: Armor Tail|Encore|[of] p2a: Whimsicott
|move|p1a: Aerodactyl|Rock Slide|p2b: Floette|[spread] 
|-miss|p1a: Aerodactyl|p2a: Whimsicott
|-miss|p1a: Aerodactyl|p2b: Floette
|move|p2b: Floette|Dazzling Gleam|p1b: Farigiraf|[spread] p1a,p1b
|-damage|p1a: Aerodactyl|0 fnt
|-damage|p1b: Farigiraf|52/100
|faint|p1a: Aerodactyl
|
|upkeep
|
|t:|1785510851
|switch|p1a: Primarina|Primarina, L50, F, shiny|100/100
|turn|3
|
|t:|1785510857
|move|p1b: Farigiraf|Helping Hand|p1a: Primarina
|-singleturn|p1a: Primarina|Helping Hand|[of] p1b: Farigiraf
|move|p2a: Whimsicott|Moonblast|p1a: Primarina
|-damage|p1a: Primarina|50/100g
|-unboost|p1a: Primarina|spa|1
|move|p2b: Floette|Moonblast|p1b: Farigiraf
|-damage|p1b: Farigiraf|0 fnt
|faint|p1b: Farigiraf
|move|p1a: Primarina|Dazzling Gleam|p2b: Floette|[spread] p2a,p2b
|-damage|p2a: Whimsicott|0 fnt
|-damage|p2b: Floette|15/100
|faint|p2a: Whimsicott
|
|upkeep
|inactive|zifisha has 30 seconds left.
|inactive|zifisha has 20 seconds left.
|inactive|zifisha has 15 seconds left.
|inactive|zifisha has 10 seconds left.
|inactive|zifisha has 5 seconds left.
|
|t:|1785510910
|switch|p2a: Garchomp|Garchomp, L50, M|100/100
|switch|p1b: Garchomp|Garchomp, L50, M|100/100
|turn|4
|inactive|zifisha has 30 seconds left.
|
|t:|1785510938
|move|p1a: Primarina|Protect|p1a: Primarina
|-singleturn|p1a: Primarina|Protect
|move|p2a: Garchomp|Dragon Claw|p1b: Garchomp
|-supereffective|p1b: Garchomp|1
|-crit|p1b: Garchomp
|-damage|p1b: Garchomp|0 fnt
|faint|p1b: Garchomp
|-damage|p2a: Garchomp|90/100|[from] item: Life Orb
|move|p2b: Floette|Moonblast|p1a: Primarina
|-activate|p1a: Primarina|move: Protect
|
|-sideend|p2: palle synchro|move: Tailwind
|-sideend|p1: zifisha|move: Tailwind
|upkeep
|turn|5
|-message|zifisha forfeited.
|
|win|palle synchro
