|j|☆Pokecraft15
|j|☆Mr James Freak
|html|Pokecraft15Mr James Freak    
|uhtml|bestof|Game 1 of a best-of-3
|t:|1784146731
|gametype|doubles
|player|p1|Pokecraft15|hilbert-wonderlauncher|1258
|player|p2|Mr James Freak|scientist|1304
|gen|9
|tier|[Gen 9 Champions] VGC 2026 Reg M-B (Bo3)
|rated|
|rule|Species Clause: Limit one of each Pokémon
|rule|Item Clause: Limit 1 of each item
|clearpoke
|poke|p1|Froslass, L50, F|
|poke|p1|Aerodactyl, L50, F|
|poke|p1|Milotic, L50, F|
|poke|p1|Incineroar, L50, M|
|poke|p1|Sinistcha-Masterpiece, L50|
|poke|p1|Weavile, L50, F|
|poke|p2|Sinistcha-Masterpiece, L50, shiny|
|poke|p2|Sneasler, L50, F, shiny|
|poke|p2|Delphox, L50, F, shiny|
|poke|p2|Kingambit, L50, M, shiny|
|poke|p2|Incineroar, L50, M, shiny|
|poke|p2|Ninetales-Alola, L50, M, shiny|
|teampreview|4
|showteam|p1|Froslass||Froslassite|SnowCloak|Blizzard,ShadowBall,Thunderbolt,Protect|Modest||F|||50|]Aerodactyl||FocusSash|Unnerve|RockSlide,DualWingbeat,WideGuard,Tailwind|Jolly||F|||50|]Milotic||MysticWater|Competitive|MuddyWater,IcyWind,Coil,Protect|Serious||F|||50|]Incineroar||ChopleBerry|Intimidate|FlareBlitz,ThroatChop,PartingShot,FakeOut|Adamant||M|||50|]Sinistcha-Masterpiece||SitrusBerry|Hospitality|RagePowder,MatchaGotcha,TrickRoom,Protect|Modest|||||50|]Weavile||NeverMeltIce|Pressure|TripleAxel,NightSlash,FakeOut,Protect|Jolly||F|||50|
|showteam|p2|Sinistcha-Masterpiece||OccaBerry|Hospitality|MatchaGotcha,RagePowder,TrickRoom,Protect|Bold|||||50|]Sneasler||WhiteHerb|Unburden|CloseCombat,DireClaw,FakeOut,QuickGuard|Jolly||F|||50|]Delphox||Delphoxite|Blaze|HeatWave,Psyshock,NastyPlot,Protect|Timid||F|||50|]Kingambit||ChopleBerry|Defiant|KowtowCleave,SuckerPunch,LowKick,Protect|Adamant||M|||50|]Incineroar||PasshoBerry|Intimidate|FakeOut,PartingShot,FlareBlitz,ThroatChop|Careful||M|||50|]Ninetales-Alola||FocusSash|SnowWarning|Blizzard,FreezeDry,Encore,Protect|Timid||M|||50|
|inactive|Battle timer is ON: inactive players will automatically lose when time's up. (requested by Pokecraft15)
|c|☆Pokecraft15|glhf
|inactive|Pokecraft15 has 60 seconds left.
|inactive|Mr James Freak has 60 seconds left.
|
|t:|1784146769
|teamsize|p1|4
|teamsize|p2|4
|start
|switch|p1a: Aerodactyl|Aerodactyl, L50, F|100/100
|switch|p1b: Weavile|Weavile, L50, F|100/100
|switch|p2a: Sneasler|Sneasler, L50, F, shiny|100/100
|switch|p2b: Delphox|Delphox, L50, F, shiny|100/100
|-ability|p1a: Aerodactyl|Unnerve
|-ability|p1b: Weavile|Pressure
|turn|1
|
|t:|1784146787
|detailschange|p2b: Delphox|Delphox-Mega, L50, F, shiny
|-mega|p2b: Delphox|Delphox|Delphoxite
|move|p1b: Weavile|Fake Out|p2a: Sneasler
|-damage|p2a: Sneasler|75/100
|cant|p2a: Sneasler|flinch
|move|p2b: Delphox|Heat Wave|p1b: Weavile|[spread] p1a,p1b
|-resisted|p1a: Aerodactyl|1
|-supereffective|p1b: Weavile|1
|-damage|p1a: Aerodactyl|72/100
|-damage|p1b: Weavile|0 fnt
|-status|p1a: Aerodactyl|brn
|faint|p1b: Weavile
|move|p1a: Aerodactyl|Rock Slide|p2a: Sneasler|[spread] p2a,p2b
|-resisted|p2a: Sneasler|1
|-supereffective|p2b: Delphox|1
|-damage|p2a: Sneasler|64/100
|-damage|p2b: Delphox|70/100
|
|-damage|p1a: Aerodactyl|67/100 brn|[from] brn
|upkeep
|
|t:|1784146791
|switch|p1b: Incineroar|Incineroar, L50, M|100/100
|-ability|p1b: Incineroar|Intimidate|boost
|-unboost|p2a: Sneasler|atk|1
|-unboost|p2b: Delphox|atk|1
|-enditem|p2a: Sneasler|White Herb
|-clearnegativeboost|p2a: Sneasler|[silent]
|turn|2
|
|t:|1784146809
|switch|p2a: Kingambit|Kingambit, L50, M, shiny|100/100
|move|p2b: Delphox|Protect|p2b: Delphox
|-singleturn|p2b: Delphox|Protect
|move|p1a: Aerodactyl|Dual Wingbeat|p2a: Kingambit
|-resisted|p2a: Kingambit|1
|-damage|p2a: Kingambit|97/100
|-resisted|p2a: Kingambit|1
|-crit|p2a: Kingambit
|-damage|p2a: Kingambit|92/100
|-hitcount|p2a: Kingambit|2
|move|p1b: Incineroar|Throat Chop|p2b: Delphox
|-activate|p2b: Delphox|move: Protect
|
|-damage|p1a: Aerodactyl|61/100 brn|[from] brn
|upkeep
|turn|3
|
|t:|1784146828
|switch|p2b: Sneasler|Sneasler, L50, F, shiny|64/100
|move|p2a: Kingambit|Protect|p2a: Kingambit
|-singleturn|p2a: Kingambit|Protect
|move|p1a: Aerodactyl|Rock Slide|p2b: Sneasler|[spread] p2b
|-activate|p2a: Kingambit|move: Protect
|-resisted|p2b: Sneasler|1
|-damage|p2b: Sneasler|52/100
|move|p1b: Incineroar|Flare Blitz|p2a: Kingambit
|-activate|p2a: Kingambit|move: Protect
|
|-damage|p1a: Aerodactyl|55/100 brn|[from] brn
|upkeep
|turn|4
|
|t:|1784146843
|move|p2b: Sneasler|Fake Out|p1a: Aerodactyl
|-resisted|p1a: Aerodactyl|1
|-damage|p1a: Aerodactyl|45/100 brn
|cant|p1a: Aerodactyl|flinch
|move|p2a: Kingambit|Low Kick|p1b: Incineroar
|-supereffective|p1b: Incineroar|1
|-enditem|p1b: Incineroar|Chople Berry|[eat]
|-enditem|p1b: Incineroar|Chople Berry|[weaken]
|-damage|p1b: Incineroar|67/100
|move|p1b: Incineroar|Flare Blitz|p2a: Kingambit
|-supereffective|p2a: Kingambit|1
|-damage|p2a: Kingambit|0 fnt
|faint|p2a: Kingambit
|-damage|p1b: Incineroar|33/100|[from] Recoil
|
|-damage|p1a: Aerodactyl|39/100 brn|[from] brn
|upkeep
|
|t:|1784146860
|switch|p2a: Delphox|Delphox-Mega, L50, F, shiny|70/100
|turn|5
|
|t:|1784146879
|switch|p1b: Blizz|Froslass, L50, F|100/100
|move|p2a: Delphox|Psyshock|p1a: Aerodactyl
|-damage|p1a: Aerodactyl|0 fnt
|faint|p1a: Aerodactyl
|move|p2b: Sneasler|Close Combat|p1b: Blizz
|-immune|p1b: Blizz
|
|upkeep
|
|t:|1784146882
|switch|p1a: Incineroar|Incineroar, L50, M|33/100
|-ability|p1a: Incineroar|Intimidate|boost
|-unboost|p2a: Delphox|atk|1
|-unboost|p2b: Sneasler|atk|1
|turn|6
|
|t:|1784146896
|move|p1b: Blizz|Protect|p1b: Blizz
|-singleturn|p1b: Blizz|Protect
|move|p2b: Sneasler|Quick Guard|p2b: Sneasler
|-singleturn|p2b: Sneasler|Quick Guard
|move|p2a: Delphox|Heat Wave|p1a: Incineroar|[spread] 
|-activate|p1b: Blizz|move: Protect
|-miss|p2a: Delphox|p1a: Incineroar
|move|p1a: Incineroar|Throat Chop|p2a: Delphox
|-supereffective|p2a: Delphox|1
|-damage|p2a: Delphox|0 fnt
|faint|p2a: Delphox
|
|upkeep
|
|t:|1784146899
|switch|p2a: Sinistcha|Sinistcha-Masterpiece, L50, shiny|100/100
|-heal|p2b: Sneasler|77/100|[from] ability: Hospitality|[of] p2a: Sinistcha
|turn|7
|
|t:|1784146914
|detailschange|p1b: Blizz|Froslass-Mega, L50, F
|-mega|p1b: Blizz|Froslass|Froslassite
|-weather|Snowscape|[from] ability: Snow Warning|[of] p1b: Blizz
|move|p2b: Sneasler|Close Combat|p1a: Incineroar
|-supereffective|p1a: Incineroar|1
|-damage|p1a: Incineroar|0 fnt
|-unboost|p2b: Sneasler|def|1
|-unboost|p2b: Sneasler|spd|1
|faint|p1a: Incineroar
|move|p1b: Blizz|Blizzard|p2b: Sneasler|[spread] p2a,p2b
|-supereffective|p2a: Sinistcha|1
|-damage|p2a: Sinistcha|0 fnt
|-damage|p2b: Sneasler|0 fnt
|faint|p2a: Sinistcha
|faint|p2b: Sneasler
|
|win|Pokecraft15
|c|☆Pokecraft15|ggwp
||Pokecraft15 is ready for game 2.
|inactive|Mr James Freak has 30 seconds to confirm battle start!
||Mr James Freak is ready for game 2.
|uhtml|next|Next: Game 2 of 3
|l|☆Pokecraft15
|player|p1|
|j|☆Pokecraft15
|player|p1|Pokecraft15|hilbert-wonderlauncher|
