|j|☆Notaplaceofhonor
|j|☆Piedrer
|html|NotaplaceofhonorPiedrer    
|uhtml|bestof|Game 2 of a best-of-3
|t:|1757114955
|gametype|doubles
|player|p1|Notaplaceofhonor|juan-gen3|1156
|player|p2|Piedrer|red|1203
|gen|9
|tier|[Gen 9] VGC 2025 Reg H (Bo3)
|rated|
|rule|Species Clause: Limit one of each Pokémon
|rule|Item Clause: Limit 1 of each item
|clearpoke
|poke|p1|Dondozo, L50, F|
|poke|p1|Tatsugiri, L50, M|
|poke|p1|Glimmora, L50, F|
|poke|p1|Talonflame, L50, F|
|poke|p1|Gholdengo, L50|
|poke|p1|Annihilape, L50, F|
|poke|p2|Archaludon, L50, M|
|poke|p2|Pelipper, L50, F|
|poke|p2|Basculegion, L50, M|
|poke|p2|Amoonguss, L50, M|
|poke|p2|Tsareena, L50, F|
|poke|p2|Hydreigon, L50, M|
|teampreview|4
|showteam|p1|Dondozo||Leftovers|Unaware|Protect,WaveCrash,OrderUp,Earthquake|||F|||50|,,,,,Grass]Tatsugiri||FocusSash|Commander|Protect,DragonPulse,DracoMeteor,MuddyWater|||M|||50|,,,,,Stellar]Glimmora||PowerHerb|ToxicDebris|SpikyShield,MeteorBeam,SludgeBomb,EarthPower|||F|||50|,,,,,Grass]Talonflame||LifeOrb|GaleWings|Protect,Tailwind,BraveBird,FlareBlitz|||F|||50|,,,,,Flying]Gholdengo||ChoiceSpecs|GoodasGold|MakeItRain,ShadowBall,Thunderbolt,Trick||||||50|,,,,,Steel]Annihilape||SafetyGoggles|Defiant|CloseCombat,FinalGambit,RageFist,Taunt|||F|||50|,,,,,Fire
|showteam|p2|Archaludon||AssaultVest|Stamina|DragonPulse,ElectroShot,FlashCannon,BodyPress|||M|||50|,,,,,Bug]Pelipper||FocusSash|Drizzle|WeatherBall,Hurricane,Tailwind,Protect|||F|||50|,,,,,Ground]Basculegion||ChoiceBand|SwiftSwim|WaveCrash,LastRespects,AquaJet,FlipTurn|||M|||50|,,,,,Grass]Amoonguss||CovertCloak|Regenerator|PollenPuff,RagePowder,Spore,Protect|||M|||50|,,,,,Water]Tsareena||WideLens|QueenlyMajesty|PowerWhip,TripleAxel,Taunt,Protect|||F|||50|,,,,,Ice]Hydreigon||ChoiceSpecs|Levitate|DracoMeteor,DarkPulse,Snarl,EarthPower|||M|||50|,,,,,Ground
|
|t:|1757114983
|teamsize|p1|4
|teamsize|p2|4
|start
|switch|p1a: Talonflame|Talonflame, L50, F|100/100
|switch|p1b: Gholdengo|Gholdengo, L50|100/100
|switch|p2a: Pelipper|Pelipper, L50, F|100/100
|switch|p2b: Basculegion|Basculegion, L50, M|100/100
|-weather|RainDance|[from] ability: Drizzle|[of] p2a: Pelipper
|turn|1
|
|t:|1757114997
|move|p1a: Talonflame|Brave Bird|p2b: Basculegion
|-damage|p2b: Basculegion|17/100
|-damage|p1a: Talonflame|63/100|[from] Recoil
|-damage|p1a: Talonflame|53/100|[from] item: Life Orb
|move|p2b: Basculegion|Wave Crash|p1b: Gholdengo
|-damage|p1b: Gholdengo|0 fnt
|faint|p1b: Gholdengo
|-damage|p2b: Basculegion|0 fnt|[from] Recoil
|faint|p2b: Basculegion
|move|p2a: Pelipper|Weather Ball|p1a: Talonflame
|-supereffective|p1a: Talonflame
|-damage|p1a: Talonflame|0 fnt
|faint|p1a: Talonflame
|
|-weather|RainDance|[upkeep]
|upkeep
|
|t:|1757115011
|switch|p1a: Dondozo|Dondozo, L50, F|100/100
|switch|p1b: Tatsugiri|Tatsugiri, L50, M|100/100
|switch|p2b: Archaludon|Archaludon, L50, M|100/100
|-activate|p1b: Tatsugiri|ability: Commander|[of] p1a: Dondozo
|-boost|p1a: Dondozo|atk|2
|-boost|p1a: Dondozo|spa|2
|-boost|p1a: Dondozo|spe|2
|-boost|p1a: Dondozo|def|2
|-boost|p1a: Dondozo|spd|2
|turn|2
|
|t:|1757115029
|-terastallize|p1a: Dondozo|Grass
|-terastallize|p2b: Archaludon|Bug
|move|p1a: Dondozo|Order Up|p2a: Pelipper
|-damage|p2a: Pelipper|42/100
|-boost|p1a: Dondozo|atk|1
|move|p2a: Pelipper|Hurricane|p1a: Dondozo
|-supereffective|p1a: Dondozo
|-damage|p1a: Dondozo|49/100
|move|p2b: Archaludon|Electro Shot||[still]
|-prepare|p2b: Archaludon|Electro Shot
|-boost|p2b: Archaludon|spa|1
|-anim|p2b: Archaludon|Electro Shot|p1a: Dondozo
|-resisted|p1a: Dondozo
|-damage|p1a: Dondozo|38/100
|
|-weather|RainDance|[upkeep]
|-heal|p1a: Dondozo|45/100|[from] item: Leftovers
|upkeep
|turn|3
|
|t:|1757115046
|move|p1a: Dondozo|Protect|p1a: Dondozo
|-singleturn|p1a: Dondozo|Protect
|move|p2a: Pelipper|Tailwind|p2a: Pelipper
|-sidestart|p2: Piedrer|move: Tailwind
|move|p2b: Archaludon|Electro Shot||[still]
|-prepare|p2b: Archaludon|Electro Shot
|-boost|p2b: Archaludon|spa|1
|-anim|p2b: Archaludon|Electro Shot|p1a: Dondozo
|-activate|p1a: Dondozo|move: Protect
|
|-weather|RainDance|[upkeep]
|-heal|p1a: Dondozo|51/100|[from] item: Leftovers
|upkeep
|turn|4
|
|t:|1757115058
|move|p2a: Pelipper|Hurricane|p1a: Dondozo
|-supereffective|p1a: Dondozo
|-damage|p1a: Dondozo|5/100
|move|p2b: Archaludon|Electro Shot||[still]
|-prepare|p2b: Archaludon|Electro Shot
|-boost|p2b: Archaludon|spa|1
|-anim|p2b: Archaludon|Electro Shot|p1a: Dondozo
|-resisted|p1a: Dondozo
|-damage|p1a: Dondozo|0 fnt
|faint|p1a: Dondozo
|
|-weather|RainDance|[upkeep]
|upkeep
|turn|5
|
|t:|1757115070
|move|p2a: Pelipper|Hurricane|p1b: Tatsugiri
|-damage|p1b: Tatsugiri|40/100
|move|p2b: Archaludon|Electro Shot||[still]
|-prepare|p2b: Archaludon|Electro Shot
|-boost|p2b: Archaludon|spa|1
|-anim|p2b: Archaludon|Electro Shot|p1b: Tatsugiri
|-damage|p1b: Tatsugiri|0 fnt
|faint|p1b: Tatsugiri
|
|win|Piedrer
