|j|☆PippoLungoCalzino
|j|☆IronStandsEternal
|html|PippoLungoCalzinoIronStandsEternal    
|uhtml|bestof|Game 3 of a best-of-3
|t:|1756236508
|gametype|doubles
|player|p1|PippoLungoCalzino|bugsy|1131
|player|p2|IronStandsEternal|flint|1163
|gen|9
|tier|[Gen 9] VGC 2025 Reg H (Bo3)
|rated|
|rule|Species Clause: Limit one of each Pokémon
|rule|Item Clause: Limit 1 of each item
|clearpoke
|poke|p1|Dragonite, L50, F|
|poke|p1|Gholdengo, L50|
|poke|p1|Sneasler, L50, F|
|poke|p1|Talonflame, L50, M|
|poke|p1|Archaludon, L50, F|
|poke|p1|Garchomp, L50, M|
|poke|p2|Rillaboom, L50, F|
|poke|p2|Dragonite, L50, M|
|poke|p2|Sneasler, L50, F|
|poke|p2|Ninetales-Alola, L50, F|
|poke|p2|Kingambit, L50, F|
|poke|p2|Magmar, L50, M|
|teampreview|4
|showteam|p1|Dragonite||LoadedDice|Multiscale|ScaleShot,ExtremeSpeed,IceSpinner,Haze|||F|||50|,,,,,Fairy]Gholdengo||ChoiceSpecs|GoodasGold|MakeItRain,ShadowBall,PowerGem,Thunderbolt||||||50|,,,,,Steel]Sneasler||FocusSash|Unburden|CloseCombat,DireClaw,FakeOut,Coaching|||F|||50|,,,,,Stellar]Talonflame||CovertCloak|GaleWings|BraveBird,Tailwind,WillOWisp,Taunt|||M|||50|,,,,,Grass]Archaludon||PowerHerb|Sturdy|FlashCannon,DracoMeteor,ElectroShot,Protect|||F|||50|,,,,,Flying]Garchomp||ClearAmulet|RoughSkin|DragonClaw,StompingTantrum,Earthquake,Protect|||M|||50|,,,,,Ground
|showteam|p2|Rillaboom||AssaultVest|GrassySurge|WoodHammer,GrassyGlide,HighHorsepower,FakeOut|||F|||50|,,,,,Fire]Dragonite||LoadedDice|Multiscale|Protect,ScaleShot,LowKick,Haze|||M|||50|,,,,,Fairy]Sneasler||WhiteHerb|Unburden|Protect,DireClaw,CloseCombat,Coaching|||F|||50|,,,,,Ghost]Ninetales-Alola||ChoiceSpecs|SnowWarning|Blizzard,IcyWind,Moonblast,FreezeDry|||F|||50|,,,,,Ghost]Kingambit||SafetyGoggles|Defiant|Protect,KowtowCleave,SuckerPunch,SwordsDance|||F|||50|,,,,,Dark]Magmar||Eviolite|VitalSpirit|Protect,FollowMe,Overheat,WillOWisp|||M|||50|,,,,,Dragon
|
|t:|1756236541
|teamsize|p1|4
|teamsize|p2|4
|start
|switch|p1a: Talonflame|Talonflame, L50, M|100/100
|switch|p1b: Sneasler|Sneasler, L50, F|100/100
|switch|p2a: 90% = 50%|Dragonite, L50, M, shiny|100/100
|switch|p2b: Noah's BFF|Sneasler, L50, F, shiny|100/100
|turn|1
|
|t:|1756236562
|move|p1b: Sneasler|Fake Out|p2a: 90% = 50%
|-damage|p2a: 90% = 50%|93/100
|move|p1a: Talonflame|Brave Bird|p2b: Noah's BFF
|-supereffective|p2b: Noah's BFF
|-damage|p2b: Noah's BFF|0 fnt
|faint|p2b: Noah's BFF
|-damage|p1a: Talonflame|69/100|[from] Recoil
|cant|p2a: 90% = 50%|flinch
|
|upkeep
|
|t:|1756236577
|switch|p2b: Monke|Rillaboom, L50, F, shiny|100/100
|-fieldstart|move: Grassy Terrain|[from] ability: Grassy Surge|[of] p2b: Monke
|turn|2
|
|t:|1756236599
|switch|p1b: Gholdengo|Gholdengo, L50|100/100
|move|p2b: Monke|Fake Out|p1b: Gholdengo
|-immune|p1b: Gholdengo
|move|p1a: Talonflame|Tailwind|p1a: Talonflame
|-sidestart|p1: PippoLungoCalzino|move: Tailwind
|move|p2a: 90% = 50%|Scale Shot|p1a: Talonflame
|-damage|p1a: Talonflame|51/100
|-damage|p1a: Talonflame|32/100
|-damage|p1a: Talonflame|13/100
|-damage|p1a: Talonflame|0 fnt
|faint|p1a: Talonflame
|-hitcount|p1: Talonflame|4
|-unboost|p2a: 90% = 50%|def|1
|-boost|p2a: 90% = 50%|spe|1
|
|upkeep
|
|t:|1756236616
|switch|p1a: Sneasler|Sneasler, L50, F|100/100
|turn|3
|
|t:|1756236636
|-terastallize|p1b: Gholdengo|Steel
|move|p2a: 90% = 50%|Protect|p2a: 90% = 50%
|-singleturn|p2a: 90% = 50%|Protect
|move|p2b: Monke|Grassy Glide|p1a: Sneasler
|-resisted|p1a: Sneasler
|-damage|p1a: Sneasler|68/100
|move|p1a: Sneasler|Dire Claw|p2b: Monke
|-supereffective|p2b: Monke
|-damage|p2b: Monke|22/100
|-status|p2b: Monke|psn
|move|p1b: Gholdengo|Make It Rain|p2b: Monke|[spread] p2b
|-activate|p2a: 90% = 50%|move: Protect
|-damage|p2b: Monke|0 fnt
|-unboost|p1b: Gholdengo|spa|1
|faint|p2b: Monke
|
|-heal|p1a: Sneasler|74/100|[from] Grassy Terrain
|upkeep
|
|t:|1756236647
|switch|p2b: Kingambling|Kingambit, L50, F, shiny|100/100
|turn|4
|
|t:|1756236686
|move|p2b: Kingambling|Protect|p2b: Kingambling
|-singleturn|p2b: Kingambling|Protect
|move|p1a: Sneasler|Dire Claw|p2a: 90% = 50%
|-damage|p2a: 90% = 50%|19/100
|-status|p2a: 90% = 50%|psn
|move|p1b: Gholdengo|Make It Rain|p2a: 90% = 50%|[spread] p2a
|-activate|p2b: Kingambling|move: Protect
|-damage|p2a: 90% = 50%|0 fnt
|-unboost|p1b: Gholdengo|spa|1
|faint|p2a: 90% = 50%
|
|-heal|p1a: Sneasler|80/100|[from] Grassy Terrain
|upkeep
|turn|5
|
|t:|1756236699
|-terastallize|p2b: Kingambling|Dark
|move|p2b: Kingambling|Sucker Punch|p1b: Gholdengo
|-damage|p1b: Gholdengo|47/100
|move|p1a: Sneasler|Close Combat|p2b: Kingambling
|-supereffective|p2b: Kingambling
|-damage|p2b: Kingambling|10/100
|-unboost|p1a: Sneasler|def|1
|-unboost|p1a: Sneasler|spd|1
|move|p1b: Gholdengo|Make It Rain|p2b: Kingambling
|-damage|p2b: Kingambling|0 fnt
|-unboost|p1b: Gholdengo|spa|1
|faint|p2b: Kingambling
|
|win|PippoLungoCalzino
|raw|PippoLungoCalzino's rating: 1131 → 1158(+27 for winning)
|raw|IronStandsEternal's rating: 1163 → 1136(-27 for losing)
