|j|☆Sternwizard
|j|☆FERA kApset
|html|SternwizardFERA kApset    
|uhtml|bestof|Game 1 of a best-of-3
|t:|1783195828
|gametype|doubles
|player|p1|Sternwizard|102|
|player|p2|FERA kApset|byron|
|gen|9
|tier|[Gen 9 Champions] VGC 2026 Reg M-B (Bo3)
|rule|Species Clause: Limit one of each Pokémon
|rule|Item Clause: Limit 1 of each item
|clearpoke
|poke|p1|Tyranitar, L50, F|
|poke|p1|Aerodactyl, L50, F|
|poke|p1|Mimikyu, L50, M|
|poke|p1|Arcanine, L50, M|
|poke|p1|Vaporeon, L50, M|
|poke|p1|Tsareena, L50, F|
|poke|p2|Froslass, L50, F|
|poke|p2|Gardevoir, L50, F|
|poke|p2|Kommo-o, L50, M|
|poke|p2|Gyarados, L50, F|
|poke|p2|Venusaur, L50, F|
|poke|p2|Kangaskhan, L50, F|
|teampreview|4
|showteam|p1|Tyranitar||Tyranitarite|SandStream|RockSlide,KnockOff,DragonDance,Protect|Adamant||F|||50|]Aerodactyl||FocusSash|Unnerve|RockSlide,DualWingbeat,Tailwind,Protect|Jolly||F|||50|]Mimikyu||MentalHerb|Disguise|PlayRough,ShadowSneak,TrickRoom,WillOWisp|Jolly||M|||50|]Arcanine||SitrusBerry|Intimidate|FlareBlitz,ExtremeSpeed,WillOWisp,Protect|Adamant||M|||50|]Vaporeon||Leftovers|WaterAbsorb|Scald,IceBeam,Yawn,Protect|Bold||M|||50|]Tsareena||MuscleBand|QueenlyMajesty|Protect,TropKick,KnockOff,Uturn|Adamant||F|||50|
|showteam|p2|Froslass||Froslassite|CursedBody|Blizzard,ShadowBall,AuroraVeil,NastyPlot|Modest||F|||50|]Gardevoir||ChoiceScarf|Synchronize|AuraSphere,ShadowBall,Moonblast,Psychic|Modest||F|||50|]Kommo-o||Leftovers|Soundproof|AuraSphere,ClangingScales,ClangorousSoul,Protect|Modest||M|||50|]Gyarados||SitrusBerry|Intimidate|Waterfall,ThunderWave,HelpingHand,Crunch|Adamant||F|||50|]Venusaur||Venusaurite|Chlorophyll|GigaDrain,EarthPower,SludgeBomb,Protect|Modest||F|||50|]Kangaskhan||FocusSash|Scrappy|FakeOut,DoubleEdge,SuckerPunch,Protect|Impish||F|||50|
|inactive|Battle timer is ON: inactive players will automatically lose when time's up. (requested by FERA kApset)
|inactive|Sternwizard has 60 seconds left.
|inactive|FERA kApset has 60 seconds left.
|
|t:|1783195874
|teamsize|p1|4
|teamsize|p2|4
|start
|switch|p1a: Aerodactyl|Aerodactyl, L50, F|100/100
|switch|p1b: Mimikyu|Mimikyu, L50, M|100/100
|switch|p2a: Kommo-o|Kommo-o, L50, M|100/100
|switch|p2b: Kangaskhan|Kangaskhan, L50, F|100/100
|-ability|p1a: Aerodactyl|Unnerve
|turn|1
|c|☆Sternwizard|Glhf!
|
|t:|1783195896
|switch|p1a: Tsareena|Tsareena, L50, F|100/100
|switch|p2a: Venusaur|Venusaur, L50, F|100/100
|move|p2b: Kangaskhan|Fake Out||[still]
|cant|p1a: Tsareena|ability: Queenly Majesty|Fake Out|[of] p2b: Kangaskhan
|move|p1b: Mimikyu|Play Rough|p2a: Venusaur
|-resisted|p2a: Venusaur|1
|-damage|p2a: Venusaur|80/100
|
|upkeep
|turn|2
|inactive|Sternwizard has 30 seconds left.
|
|t:|1783195927
|detailschange|p2a: Venusaur|Venusaur-Mega, L50, F
|-mega|p2a: Venusaur|Venusaur|Venusaurite
|move|p2b: Kangaskhan|Double-Edge|p1b: Mimikyu
|-activate|p1b: Mimikyu|ability: Disguise
|-damage|p1b: Mimikyu|100/100
|detailschange|p1b: Mimikyu|Mimikyu-Busted, L50, M
|-damage|p1b: Mimikyu|87/100|[from] pokemon: Mimikyu-Busted
|move|p2a: Venusaur|Sludge Bomb|p1a: Tsareena
|-supereffective|p1a: Tsareena|1
|-damage|p1a: Tsareena|8/100
|move|p1a: Tsareena|U-turn|p2a: Venusaur
|-damage|p2a: Venusaur|56/100
|
|t:|1783195941
|switch|p1a: Tyranitar|Tyranitar, L50, F|100/100|[from] U-turn
|-weather|Sandstorm|[from] ability: Sand Stream|[of] p1a: Tyranitar
|move|p1b: Mimikyu|Trick Room|p1b: Mimikyu
|-fieldstart|move: Trick Room|[of] p1b: Mimikyu
|
|-weather|Sandstorm|[upkeep]
|-damage|p2a: Venusaur|50/100g|[from] Sandstorm
|-damage|p2b: Kangaskhan|93/100|[from] Sandstorm
|-damage|p1b: Mimikyu|81/100|[from] Sandstorm
|upkeep
|turn|3
|inactive|FERA kApset has 30 seconds left.
|inactive|FERA kApset has 20 seconds left.
|inactive|FERA kApset has 15 seconds left.
|inactive|FERA kApset has 10 seconds left.
|
|t:|1783195990
|detailschange|p1a: Tyranitar|Tyranitar-Mega, L50, F
|-mega|p1a: Tyranitar|Tyranitar|Tyranitarite
|move|p2b: Kangaskhan|Sucker Punch||[still]
|-fail|p2b: Kangaskhan
|move|p1a: Tyranitar|Rock Slide|p2a: Venusaur|[spread] p2a,p2b
|-damage|p2a: Venusaur|20/100y
|-damage|p2b: Kangaskhan|55/100
|move|p2a: Venusaur|Giga Drain|p1a: Tyranitar
|-supereffective|p1a: Tyranitar|1
|-damage|p1a: Tyranitar|62/100
|-heal|p2a: Venusaur|43/100|[from] drain|[of] p1a: Tyranitar
|move|p1b: Mimikyu|Will-O-Wisp|p2b: Kangaskhan
|-status|p2b: Kangaskhan|brn
|
|-weather|Sandstorm|[upkeep]
|-damage|p2a: Venusaur|37/100|[from] Sandstorm
|-damage|p2b: Kangaskhan|49/100 brn|[from] Sandstorm
|-damage|p1b: Mimikyu|75/100|[from] Sandstorm
|-damage|p2b: Kangaskhan|43/100 brn|[from] brn
|upkeep
|turn|4
|inactive|FERA kApset has 30 seconds left.
|inactive|FERA kApset has 20 seconds left.
|inactive|FERA kApset has 15 seconds left.
|
|t:|1783196035
|switch|p2b: Kommo-o|Kommo-o, L50, M|100/100
|move|p1b: Mimikyu|Shadow Sneak|p2a: Venusaur
|-damage|p2a: Venusaur|23/100
|move|p1a: Tyranitar|Rock Slide|p2b: Kommo-o|[spread] p2a,p2b
|-resisted|p2b: Kommo-o|1
|-damage|p2a: Venusaur|0 fnt
|-damage|p2b: Kommo-o|81/100
|faint|p2a: Venusaur
|
|-weather|Sandstorm|[upkeep]
|-damage|p2b: Kommo-o|75/100|[from] Sandstorm
|-damage|p1b: Mimikyu|69/100|[from] Sandstorm
|-heal|p2b: Kommo-o|81/100|[from] item: Leftovers
|upkeep
|
|t:|1783196047
|switch|p2a: Kangaskhan|Kangaskhan, L50, F|43/100 brn
|turn|5
|
|t:|1783196059
|switch|p1a: Tsareena|Tsareena, L50, F|8/100
|move|p2a: Kangaskhan|Fake Out||[still]
|cant|p1a: Tsareena|ability: Queenly Majesty|Fake Out|[of] p2a: Kangaskhan
|move|p2b: Kommo-o|Clangorous Soul|p2b: Kommo-o
|-boost|p2b: Kommo-o|atk|1
|-boost|p2b: Kommo-o|def|1
|-boost|p2b: Kommo-o|spa|1
|-boost|p2b: Kommo-o|spd|1
|-boost|p2b: Kommo-o|spe|1
|-damage|p2b: Kommo-o|48/100
|move|p1b: Mimikyu|Play Rough|p2b: Kommo-o
|-supereffective|p2b: Kommo-o|2
|-damage|p2b: Kommo-o|0 fnt
|faint|p2b: Kommo-o
|
|-weather|Sandstorm|[upkeep]
|-damage|p1a: Tsareena|2/100|[from] Sandstorm
|-damage|p2a: Kangaskhan|37/100 brn|[from] Sandstorm
|-damage|p1b: Mimikyu|63/100|[from] Sandstorm
|-damage|p2a: Kangaskhan|31/100 brn|[from] brn
|upkeep
|
|t:|1783196076
|switch|p2b: Gyarados|Gyarados, L50, F|100/100
|-ability|p2b: Gyarados|Intimidate|boost
|-unboost|p1a: Tsareena|atk|1
|-unboost|p1b: Mimikyu|atk|1
|turn|6
|
|t:|1783196097
|move|p2a: Kangaskhan|Protect|p2a: Kangaskhan
|-singleturn|p2a: Kangaskhan|Protect
|move|p1b: Mimikyu|Shadow Sneak|p2b: Gyarados
|-damage|p2b: Gyarados|88/100
|move|p1a: Tsareena|Knock Off|p2b: Gyarados
|-damage|p2b: Gyarados|61/100
|-enditem|p2b: Gyarados|Sitrus Berry|[from] move: Knock Off|[of] p1a: Tsareena
|move|p2b: Gyarados|Waterfall|p1b: Mimikyu
|-damage|p1b: Mimikyu|0 fnt
|faint|p1b: Mimikyu
|
|-weather|none
|-damage|p2a: Kangaskhan|25/100 brn|[from] brn
|-fieldend|move: Trick Room
|upkeep
|
|t:|1783196106
|switch|p1b: Tyranitar|Tyranitar-Mega, L50, F|62/100
|-weather|Sandstorm|[from] ability: Sand Stream|[of] p1b: Tyranitar
|turn|7
|
|t:|1783196131
|move|p2a: Kangaskhan|Double-Edge|p1a: Tsareena
|-damage|p1a: Tsareena|0 fnt
|faint|p1a: Tsareena
|-damage|p2a: Kangaskhan|24/100 brn|[from] Recoil
|move|p2b: Gyarados|Waterfall|p1b: Tyranitar
|-supereffective|p1b: Tyranitar|1
|-damage|p1b: Tyranitar|13/100
|cant|p1b: Tyranitar|flinch
|
|-weather|Sandstorm|[upkeep]
|-damage|p2a: Kangaskhan|18/100 brn|[from] Sandstorm
|-damage|p2b: Gyarados|55/100|[from] Sandstorm
|-damage|p2a: Kangaskhan|12/100 brn|[from] brn
|upkeep
|
|t:|1783196134
|switch|p1a: Aerodactyl|Aerodactyl, L50, F|100/100
|-ability|p1a: Aerodactyl|Unnerve
|turn|8
|inactive|FERA kApset has 30 seconds left.
|
|t:|1783196159
|move|p1b: Tyranitar|Protect|p1b: Tyranitar
|-singleturn|p1b: Tyranitar|Protect
|move|p2a: Kangaskhan|Sucker Punch||[still]
|-fail|p2a: Kangaskhan
|move|p1a: Aerodactyl|Rock Slide|p2a: Kangaskhan|[spread] p2a,p2b
|-crit|p2a: Kangaskhan
|-supereffective|p2b: Gyarados|1
|-damage|p2a: Kangaskhan|0 fnt
|-damage|p2b: Gyarados|3/100
|faint|p2a: Kangaskhan
|move|p2b: Gyarados|Thunder Wave|p1a: Aerodactyl|[miss]
|-miss|p2b: Gyarados|p1a: Aerodactyl
|
|-weather|Sandstorm|[upkeep]
|-damage|p2b: Gyarados|0 fnt|[from] Sandstorm
|faint|p2b: Gyarados
|
|win|Sternwizard
