|j|â˜†SHyperdestroyerVGC
|j|â˜†kotamager34
|html|SHyperdestroyerVGCkotamager34    
|uhtml|bestof|Game 2 of a best-of-3
|t:|1783770469
|gametype|doubles
|player|p1|SHyperdestroyerVGC|lady|1181
|player|p2|kotamager34|grimsley|1243
|gen|9
|tier|[Gen 9 Champions] VGC 2026 Reg M-B (Bo3)
|rated|
|rule|Species Clause: Limit one of each PokÃ©mon
|rule|Item Clause: Limit 1 of each item
|clearpoke
|poke|p1|Pelipper, L50, M|
|poke|p1|Archaludon, L50, M|
|poke|p1|Swampert, L50, M|
|poke|p1|Grimmsnarl, L50, M|
|poke|p1|Maushold, L50|
|poke|p1|Annihilape, L50, M|
|poke|p2|Mawile, L50, M, shiny|
|poke|p2|Raichu, L50, M|
|poke|p2|Sinistcha, L50|
|poke|p2|Ceruledge, L50, M, shiny|
|poke|p2|Incineroar, L50, F|
|poke|p2|Milotic, L50, F|
|teampreview|4
|showteam|p1|Pelipper||FocusSash|Drizzle|Hurricane,WeatherBall,Tailwind,WideGuard|Modest||M|||50|]Archaludon||Leftovers|Stamina|ElectroShot,DragonPulse,FlashCannon,Protect|Modest||M|||50|]Swampert||Swampertite|Torrent|WaveCrash,HighHorsepower,IcePunch,Protect|Adamant||M|||50|]Grimmsnarl||LightClay|Prankster|FakeOut,Reflect,LightScreen,SpiritBreak|Impish||M|||50|]Maushold||ChopleBerry|FriendGuard|BeatUp,SuperFang,FollowMe,Protect|Impish|||||50|]Annihilape||SitrusBerry|Defiant|DrainPunch,RageFist,BulkUp,Protect|Jolly||M|||50|
|showteam|p2|Mawile||Mawilite|HyperCutter|PlayRough,SuckerPunch,SwordsDance,Protect|Adamant||M|||50|]Raichu||RaichuniteY|LightningRod|ZapCannon,FocusBlast,FakeOut,Protect|Timid||M|||50|]Sinistcha||KasibBerry|Hospitality|Protect,RagePowder,MatchaGotcha,LifeDew|Calm|||||50|]Ceruledge||ColburBerry|FlashFire|BulkUp,Protect,ShadowSneak,BitterBlade|Adamant||M|||50|]Incineroar||SitrusBerry|Intimidate|FakeOut,ThroatChop,FlareBlitz,PartingShot|Impish||F|||50|]Milotic||Leftovers|Competitive|MuddyWater,Hypnosis,Coil,Protect|Calm||F|||50|
|inactive|Battle timer is ON: inactive players will automatically lose when time's up. (requested by kotamager34)
|inactive|kotamager34 has 60 seconds left.
|
|t:|1783770512
|teamsize|p1|4
|teamsize|p2|4
|start
|switch|p1a: Maushold|Maushold, L50|100/100
|switch|p1b: Annihilape|Annihilape, L50, M|100/100
|switch|p2a: Mawile|Mawile, L50, M, shiny|100/100
|switch|p2b: Milotic|Milotic, L50, F|100/100
|turn|1
|
|t:|1783770533
|detailschange|p2a: Mawile|Mawile-Mega, L50, M, shiny
|-mega|p2a: Mawile|Mawile|Mawilite
|move|p1a: Maushold|Beat Up|p1b: Annihilape
|-damage|p1b: Annihilape|98/100
|-damage|p1b: Annihilape|95/100
|-damage|p1b: Annihilape|93/100
|-damage|p1b: Annihilape|91/100
|-hitcount|p1b: Annihilape|4
|move|p1b: Annihilape|Rage Fist|p2a: Mawile
|-damage|p2a: Mawile|0 fnt
|faint|p2a: Mawile
|move|p2b: Milotic|Muddy Water|p1a: Maushold|[spread] p1b
|-miss|p2b: Milotic|p1a: Maushold
|-damage|p1b: Annihilape|72/100
|
|upkeep
|
|t:|1783770545
|switch|p2a: Raichu|Raichu, L50, M|100/100
|turn|2
|
|t:|1783770555
|move|p1a: Maushold|Protect|p1a: Maushold
|-singleturn|p1a: Maushold|Protect
|move|p1b: Annihilape|Protect|p1b: Annihilape
|-singleturn|p1b: Annihilape|Protect
|move|p2a: Raichu|Focus Blast|p1a: Maushold
|-activate|p1a: Maushold|move: Protect
|move|p2b: Milotic|Coil|p2b: Milotic
|-boost|p2b: Milotic|atk|1
|-boost|p2b: Milotic|def|1
|-boost|p2b: Milotic|accuracy|1
|
|upkeep
|turn|3
|
|t:|1783770567
|move|p1a: Maushold|Follow Me|p1a: Maushold
|-singleturn|p1a: Maushold|move: Follow Me
|move|p2a: Raichu|Zap Cannon|p1a: Maushold|[miss]
|-miss|p2a: Raichu|p1a: Maushold
|move|p1b: Annihilape|Rage Fist|p2a: Raichu
|-damage|p2a: Raichu|0 fnt
|faint|p2a: Raichu
|move|p2b: Milotic|Hypnosis|p1a: Maushold
|-status|p1a: Maushold|slp|[from] move: Hypnosis
|
|upkeep
|
|t:|1783770576
|switch|p2a: Sinistcha|Sinistcha, L50|100/100
|turn|4
|
|t:|1783770586
|move|p1b: Annihilape|Protect|p1b: Annihilape
|-singleturn|p1b: Annihilape|Protect
|move|p2a: Sinistcha|Protect|p2a: Sinistcha
|-singleturn|p2a: Sinistcha|Protect
|cant|p1a: Maushold|slp
|move|p2b: Milotic|Hypnosis|p1b: Annihilape
|-activate|p1b: Annihilape|move: Protect
|
|upkeep
|turn|5
|
|t:|1783770604
|move|p2a: Sinistcha|Rage Powder|p2a: Sinistcha
|-singleturn|p2a: Sinistcha|move: Rage Powder
|cant|p1a: Maushold|slp
|move|p1b: Annihilape|Rage Fist|p2a: Sinistcha
|-supereffective|p2a: Sinistcha|1
|-enditem|p2a: Sinistcha|Kasib Berry|[eat]
|-enditem|p2a: Sinistcha|Kasib Berry|[weaken]
|-damage|p2a: Sinistcha|0 fnt
|faint|p2a: Sinistcha
|move|p2b: Milotic|Hypnosis|p1b: Annihilape
|-status|p1b: Annihilape|slp|[from] move: Hypnosis
|
|upkeep
|turn|6
|c|â˜†kotamager34|Equipazo el tuyo, maushold annihilape sigue roto
|
|t:|1783770625
|switch|p1b: Archaludon|Archaludon, L50, M|100/100
|-curestatus|p1a: Maushold|slp|[msg]
|move|p1a: Maushold|Beat Up|p1b: Archaludon
|-damage|p1b: Archaludon|98/100
|-ability|p1b: Archaludon|Stamina|boost
|-boost|p1b: Archaludon|def|1
|-damage|p1b: Archaludon|97/100
|-ability|p1b: Archaludon|Stamina|boost
|-boost|p1b: Archaludon|def|1
|-damage|p1b: Archaludon|96/100
|-ability|p1b: Archaludon|Stamina|boost
|-boost|p1b: Archaludon|def|1
|-hitcount|p1b: Archaludon|3
|move|p2b: Milotic|Muddy Water|p1b: Archaludon|[spread] p1a,p1b
|-resisted|p1b: Archaludon|1
|-damage|p1a: Maushold|71/100
|-damage|p1b: Archaludon|88/100
|-unboost|p1a: Maushold|accuracy|1
|-ability|p1b: Archaludon|Stamina|boost
|-boost|p1b: Archaludon|def|1
|
|-heal|p1b: Archaludon|94/100|[from] item: Leftovers
|upkeep
|turn|7
|-message|kotamager34 forfeited.
|
|win|SHyperdestroyerVGC
|raw|SHyperdestroyerVGC's rating: 1181 → 1210(+29 for winning)
|raw|kotamager34's rating: 1243 → 1214(-29 for losing)
|l|â˜†kotamager34
|player|p2|
