|j|☆Mario3x
|j|☆the cruz
|html|Mario3xthe cruz    
|uhtml|bestof|Game 1 of a best-of-3
|t:|1757693394
|gametype|doubles
|player|p1|Mario3x|170|1147
|player|p2|the cruz|1|1034
|gen|9
|tier|[Gen 9] VGC 2025 Reg H (Bo3)
|rated|
|rule|Species Clause: Limit one of each Pokémon
|rule|Item Clause: Limit 1 of each item
|clearpoke
|poke|p1|Whimsicott, L50, F|
|poke|p1|Ursaluna-Bloodmoon, L50, M|
|poke|p1|Annihilape, L50, M|
|poke|p1|Incineroar, L50, M|
|poke|p1|Charizard, L50, F|
|poke|p1|Rillaboom, L50, M|
|poke|p2|Tyranitar, L50, M|
|poke|p2|Reuniclus, L50, M|
|poke|p2|Basculegion, L50, M|
|poke|p2|Sneasler, L50, M|
|poke|p2|Indeedee-F, L50, F|
|poke|p2|Incineroar, L50, F|
|teampreview|4
|showteam|p1|Whimsicott||FocusSash|Prankster|Moonblast,Tailwind,Encore,SunnyDay|||F|||50|,,,,,Ghost]Ursaluna-Bloodmoon||LifeOrb|MindsEye|BloodMoon,HyperVoice,EarthPower,Protect|||M|||50|,,,,,Poison]Annihilape||Leftovers|Defiant|DrainPunch,RageFist,BulkUp,Protect|||M|||50|,,,,,Water]Incineroar||SafetyGoggles|Intimidate|FakeOut,FlareBlitz,KnockOff,PartingShot|||M|||50|,,,,,Ghost]Charizard||ChoiceSpecs|SolarPower|WeatherBall,HeatWave,Overheat,AirSlash|||F|||50|,,,,,Fire]Rillaboom||AssaultVest|GrassySurge|FakeOut,WoodHammer,HighHorsepower,GrassyGlide|||M|||50|,,,,,Water
|showteam|p2|Tyranitar||AssaultVest|SandStream|RockSlide,KnockOff,LowKick,TeraBlast|||M|||50|,,,,,Flying]Reuniclus||SitrusBerry|Overcoat|Recover,TrickRoom,TeraBlast,ExpandingForce|||M|||50|,,,,,Water]Basculegion||ChoiceScarf|Adaptability|FlipTurn,PhantomForce,WaveCrash,LastRespects|||M|||50|,,,,,Water]Sneasler||PsychicSeed|Unburden|Protect,RockSlide,DireClaw,CloseCombat|||M|||50|,,,,,Flying]Indeedee-F||RockyHelmet|PsychicSurge|FollowMe,TrickRoom,HealPulse,DazzlingGleam|||F|||50|,,,,,Fairy]Incineroar||SafetyGoggles|Intimidate|FlareBlitz,FakeOut,Taunt,KnockOff|||F|||50|,,,,,Ghost
|l|☆the cruz
|player|p2|
|j|☆the cruz
|player|p2|the cruz|1|
|
|t:|1757693438
|teamsize|p1|4
|teamsize|p2|4
|start
|switch|p1a: Annihilape|Annihilape, L50, M|100/100
|switch|p1b: Whimsicott|Whimsicott, L50, F|100/100
|switch|p2a: Basculegion|Basculegion, L50, M|100/100
|switch|p2b: Sneasler|Sneasler, L50, M|100/100
|turn|1
|
|t:|1757693468
|-terastallize|p1b: Whimsicott|Ghost
|move|p1b: Whimsicott|Tailwind|p1b: Whimsicott
|-sidestart|p1: Mario3x|move: Tailwind
|move|p1a: Annihilape|Rage Fist|p2a: Basculegion
|-supereffective|p2a: Basculegion
|-damage|p2a: Basculegion|47/100
|move|p2a: Basculegion|Flip Turn|p1b: Whimsicott
|-damage|p1b: Whimsicott|44/100
|
|t:|1757693493
|switch|p2a: Incineroar|Incineroar, L50, F|100/100|[from] Flip Turn
|-ability|p2a: Incineroar|Intimidate|boost
|-unboost|p1a: Annihilape|atk|1
|-ability|p1a: Annihilape|Defiant|boost
|-boost|p1a: Annihilape|atk|2
|-unboost|p1b: Whimsicott|atk|1
|move|p2b: Sneasler|Dire Claw|p1b: Whimsicott
|-resisted|p1b: Whimsicott
|-damage|p1b: Whimsicott|9/100
|-status|p1b: Whimsicott|par
|
|upkeep
|turn|2
|
|t:|1757693521
|switch|p1b: Incineroar|Incineroar, L50, M|100/100
|-ability|p1b: Incineroar|Intimidate|boost
|-unboost|p2a: Incineroar|atk|1
|-unboost|p2b: Sneasler|atk|1
|switch|p2b: Tyranitar|Tyranitar, L50, M|100/100
|-weather|Sandstorm|[from] ability: Sand Stream|[of] p2b: Tyranitar
|move|p1a: Annihilape|Bulk Up|p1a: Annihilape
|-boost|p1a: Annihilape|atk|1
|-boost|p1a: Annihilape|def|1
|move|p2a: Incineroar|Knock Off|p1a: Annihilape
|-damage|p1a: Annihilape|83/100
|-enditem|p1a: Annihilape|Leftovers|[from] move: Knock Off|[of] p2a: Incineroar
|
|-weather|Sandstorm|[upkeep]
|-damage|p1a: Annihilape|77/100|[from] Sandstorm
|upkeep
|turn|3
|
|t:|1757693559
|-terastallize|p2b: Tyranitar|Flying
|move|p1b: Incineroar|Fake Out|p2b: Tyranitar
|-damage|p2b: Tyranitar|93/100
|move|p1a: Annihilape|Drain Punch|p2a: Incineroar
|-supereffective|p2a: Incineroar
|-damage|p2a: Incineroar|0 fnt
|-heal|p1a: Annihilape|100/100|[from] drain|[of] p2a: Incineroar
|faint|p2a: Incineroar
|cant|p2b: Tyranitar|flinch
|
|-weather|Sandstorm|[upkeep]
|-damage|p1a: Annihilape|95/100|[from] Sandstorm
|-damage|p2b: Tyranitar|87/100|[from] Sandstorm
|upkeep
|
|t:|1757693623
|switch|p2a: Basculegion|Basculegion, L50, M|47/100
|turn|4
|
|t:|1757693635
|move|p1a: Annihilape|Rage Fist|p2a: Basculegion
|-supereffective|p2a: Basculegion
|-damage|p2a: Basculegion|0 fnt
|faint|p2a: Basculegion
|move|p1b: Incineroar|Parting Shot|p2b: Tyranitar
|-unboost|p2b: Tyranitar|atk|1
|-unboost|p2b: Tyranitar|spa|1
|
|t:|1757693645
|switch|p1b: Rillaboom|Rillaboom, L50, M|100/100|[from] Parting Shot
|-fieldstart|move: Grassy Terrain|[from] ability: Grassy Surge|[of] p1b: Rillaboom
|move|p2b: Tyranitar|Low Kick|p1b: Rillaboom
|-damage|p1b: Rillaboom|80/100
|
|-weather|Sandstorm|[upkeep]
|-damage|p1a: Annihilape|89/100|[from] Sandstorm
|-damage|p1b: Rillaboom|74/100|[from] Sandstorm
|-damage|p2b: Tyranitar|81/100|[from] Sandstorm
|-heal|p1a: Annihilape|95/100|[from] Grassy Terrain
|-heal|p1b: Rillaboom|80/100|[from] Grassy Terrain
|-sideend|p1: Mario3x|move: Tailwind
|upkeep
|
|t:|1757693660
|switch|p2a: Sneasler|Sneasler, L50, M|100/100
|turn|5
|
|t:|1757693669
|move|p1b: Rillaboom|Fake Out|p2b: Tyranitar
|-damage|p2b: Tyranitar|71/100
|move|p2a: Sneasler|Dire Claw|p1a: Annihilape
|-resisted|p1a: Annihilape
|-damage|p1a: Annihilape|81/100
|-status|p1a: Annihilape|par
|move|p1a: Annihilape|Rage Fist|p2a: Sneasler
|-damage|p2a: Sneasler|0 fnt
|faint|p2a: Sneasler
|cant|p2b: Tyranitar|flinch
|
|-weather|Sandstorm|[upkeep]
|-damage|p1b: Rillaboom|74/100|[from] Sandstorm
|-damage|p1a: Annihilape|75/100 par|[from] Sandstorm
|-damage|p2b: Tyranitar|65/100|[from] Sandstorm
|-heal|p1b: Rillaboom|80/100|[from] Grassy Terrain
|-heal|p1a: Annihilape|81/100 par|[from] Grassy Terrain
|upkeep
|turn|6
|
|t:|1757693696
|switch|p1b: Incineroar|Incineroar, L50, M|100/100
|-ability|p1b: Incineroar|Intimidate|boost
|-unboost|p2b: Tyranitar|atk|1
|move|p1a: Annihilape|Rage Fist|p2b: Tyranitar
|-damage|p2b: Tyranitar|0 fnt
|faint|p2b: Tyranitar
|
|win|Mario3x
|inactive|Mario3x has 30 seconds to confirm battle start!
|inactive|the cruz has 30 seconds to confirm battle start!
||Mario3x is ready for game 2.
|l|☆the cruz
|player|p2|
|inactive|the cruz has 20 seconds to confirm battle start!
|inactive|the cruz has 10 seconds to confirm battle start!
|uhtml|next|Next: Game 2 of 3
