|j|☆Test4testvgc
|j|☆arts parts
|html|Test4testvgcarts parts    
|uhtml|bestof|Game 1 of a best-of-3
|t:|1756395938
|gametype|doubles
|player|p1|Test4testvgc|102|1000
|player|p2|arts parts|marshal|1089
|gen|9
|tier|[Gen 9] VGC 2025 Reg H (Bo3)
|rated|
|rule|Species Clause: Limit one of each Pokémon
|rule|Item Clause: Limit 1 of each item
|clearpoke
|poke|p1|Weezing-Galar, L50, F|
|poke|p1|Clefable, L50, M|
|poke|p1|Archaludon, L50, F|
|poke|p1|Pelipper, L50, F|
|poke|p1|Basculegion, L50, M|
|poke|p1|Maushold-Four, L50|
|poke|p2|Corviknight, L50, M|
|poke|p2|Tyranitar, L50, F|
|poke|p2|Garchomp, L50, F|
|poke|p2|Hydreigon, L50, F|
|poke|p2|Gholdengo, L50|
|poke|p2|Sneasler, L50, M|
|teampreview|4
|showteam|p1|Weezing-Galar||LifeOrb|MistySurge|StrangeSteam,SludgeBomb,Protect,Haze|||F|||50|,,,,,Ghost]Clefable||RockyHelmet|Unaware|Moonblast,FollowMe,Protect,HelpingHand|||M|||50|,,,,,Poison]Archaludon||AssaultVest|Stamina|FlashCannon,DracoMeteor,ElectroShot,BodyPress|||F|||50|,,,,,Grass]Pelipper||FocusSash|Drizzle|Hurricane,Tailwind,WideGuard,WeatherBall|||F|||50|,,,,,Water]Basculegion||ChoiceBand|SwiftSwim|WaveCrash,LastRespects,TeraBlast,AquaJet|||M|||50|,,,,,Grass]Maushold-Four||ProtectivePads|Technician|PopulationBomb,Protect,Encore,AfterYou||||||50|,,,,,Normal
|showteam|p2|Corviknight||Leftovers|MirrorArmor|BraveBird,IronHead,Tailwind,Taunt|||M|||50|,,,,,Dragon]Tyranitar||AssaultVest|SandStream|KnockOff,RockSlide,TeraBlast,LowKick|||F|||50|,,,,,Flying]Garchomp||LifeOrb|RoughSkin|Earthquake,StompingTantrum,DragonClaw,Protect|||F|||50|,,,,,Steel]Hydreigon||SafetyGoggles|Levitate|DracoMeteor,HeatWave,NastyPlot,Protect|||F|||50|,,,,,Fire]Gholdengo||MetalCoat|GoodasGold|NastyPlot,MakeItRain,ShadowBall,Protect||||||50|,,,,,Water]Sneasler||WhiteHerb|Unburden|CloseCombat,DireClaw,ThroatChop,Protect|||M|||50|,,,,,Dark
|
|t:|1756395981
|teamsize|p1|4
|teamsize|p2|4
|start
|switch|p1a: Archaludon|Archaludon, L50, F|100/100
|switch|p1b: Maushold|Maushold-Four, L50|100/100
|switch|p2a: Corviknight|Corviknight, L50, M|100/100
|switch|p2b: Sneasler|Sneasler, L50, M|100/100
|turn|1
|inactive|Battle timer is ON: inactive players will automatically lose when time's up. (requested by arts parts)
|inactive|Test4testvgc has 60 seconds left.
|
|t:|1756396016
|switch|p1a: Pelipper|Pelipper, L50, F|100/100
|-weather|RainDance|[from] ability: Drizzle|[of] p1a: Pelipper
|move|p1b: Maushold|Protect|p1b: Maushold
|-singleturn|p1b: Maushold|Protect
|move|p2b: Sneasler|Close Combat|p1b: Maushold
|-activate|p1b: Maushold|move: Protect
|move|p2a: Corviknight|Tailwind|p2a: Corviknight
|-sidestart|p2: arts parts|move: Tailwind
|
|-weather|RainDance|[upkeep]
|upkeep
|turn|2
|
|t:|1756396036
|switch|p1b: Weezing|Weezing-Galar, L50, F|100/100
|-fieldstart|move: Misty Terrain|[from] ability: Misty Surge|[of] p1b: Weezing
|move|p2b: Sneasler|Close Combat|p1b: Weezing
|-resisted|p1b: Weezing
|-damage|p1b: Weezing|86/100
|-unboost|p2b: Sneasler|def|1
|-unboost|p2b: Sneasler|spd|1
|-enditem|p2b: Sneasler|White Herb
|-clearnegativeboost|p2b: Sneasler|[silent]
|move|p2a: Corviknight|Taunt|p1a: Pelipper
|-start|p1a: Pelipper|move: Taunt
|cant|p1a: Pelipper|move: Taunt|Tailwind
|
|-weather|RainDance|[upkeep]
|upkeep
|turn|3
|inactive|arts parts has 30 seconds left.
|inactive|arts parts has 20 seconds left.
|
|t:|1756396075
|switch|p1b: Archaludon|Archaludon, L50, F|100/100
|move|p2b: Sneasler|Dire Claw|p1a: Pelipper
|-damage|p1a: Pelipper|43/100
|move|p2a: Corviknight|Iron Head|p1b: Archaludon
|-resisted|p1b: Archaludon
|-damage|p1b: Archaludon|91/100
|-ability|p1b: Archaludon|Stamina|boost
|-boost|p1b: Archaludon|def|1
|move|p1a: Pelipper|Hurricane|p2b: Sneasler
|-supereffective|p2b: Sneasler
|-damage|p2b: Sneasler|0 fnt
|faint|p2b: Sneasler
|
|-weather|RainDance|[upkeep]
|upkeep
|
|t:|1756396095
|switch|p2b: Gholdengo|Gholdengo, L50|100/100
|turn|4
|
|t:|1756396107
|switch|p2a: Tyranitar|Tyranitar, L50, F, shiny|100/100
|-weather|Sandstorm|[from] ability: Sand Stream|[of] p2a: Tyranitar
|switch|p1a: Weezing|Weezing-Galar, L50, F|86/100
|move|p2b: Gholdengo|Nasty Plot|p2b: Gholdengo
|-boost|p2b: Gholdengo|spa|2
|move|p1b: Archaludon|Electro Shot||[still]
|-prepare|p1b: Archaludon|Electro Shot
|-boost|p1b: Archaludon|spa|1
|
|-weather|Sandstorm|[upkeep]
|-damage|p1a: Weezing|80/100|[from] Sandstorm
|-sideend|p2: arts parts|move: Tailwind
|upkeep
|turn|5
|inactive|arts parts has 30 seconds left.
|
|t:|1756396134
|switch|p1a: Pelipper|Pelipper, L50, F|43/100
|-weather|RainDance|[from] ability: Drizzle|[of] p1a: Pelipper
|move|p2b: Gholdengo|Shadow Ball|p1b: Archaludon
|-damage|p1b: Archaludon|27/100
|-ability|p1b: Archaludon|Stamina|boost
|-boost|p1b: Archaludon|def|1
|move|p1b: Archaludon|Electro Shot|p2b: Gholdengo|[from] lockedmove
|-damage|p2b: Gholdengo|15/100
|move|p2a: Tyranitar|Knock Off|p1b: Archaludon
|-damage|p1b: Archaludon|7/100
|-ability|p1b: Archaludon|Stamina|boost
|-boost|p1b: Archaludon|def|1
|-enditem|p1b: Archaludon|Assault Vest|[from] move: Knock Off|[of] p2a: Tyranitar
|
|-weather|RainDance|[upkeep]
|upkeep
|turn|6
|inactive|Test4testvgc has 30 seconds left.
|inactive|arts parts has 30 seconds left.
|
|t:|1756396166
|move|p1a: Pelipper|Wide Guard|p1a: Pelipper
|-singleturn|p1a: Pelipper|Wide Guard
|move|p2b: Gholdengo|Shadow Ball|p1b: Archaludon
|-damage|p1b: Archaludon|0 fnt
|faint|p1b: Archaludon
|move|p2a: Tyranitar|Knock Off|p1a: Pelipper
|-damage|p1a: Pelipper|0 fnt
|-enditem|p1a: Pelipper|Focus Sash|[from] move: Knock Off|[of] p2a: Tyranitar
|faint|p1a: Pelipper
|
|-weather|RainDance|[upkeep]
|-fieldend|Misty Terrain
|upkeep
|
|t:|1756396180
|switch|p1a: Maushold|Maushold-Four, L50|100/100
|switch|p1b: Weezing|Weezing-Galar, L50, F|80/100
|-fieldstart|move: Misty Terrain|[from] ability: Misty Surge|[of] p1b: Weezing
|turn|7
|inactive|Test4testvgc has 30 seconds left.
|
|t:|1756396208
|move|p1a: Maushold|After You|p1b: Weezing
|-activate|p1b: Weezing|move: After You
|move|p1b: Weezing|Strange Steam|p2b: Gholdengo
|-resisted|p2b: Gholdengo
|-damage|p2b: Gholdengo|0 fnt
|faint|p2b: Gholdengo
|-damage|p1b: Weezing|70/100|[from] item: Life Orb
|move|p2a: Tyranitar|Knock Off|p1a: Maushold
|-damage|p1a: Maushold|10/100
|-enditem|p1a: Maushold|Protective Pads|[from] move: Knock Off|[of] p2a: Tyranitar
|
|-weather|RainDance|[upkeep]
|upkeep
|
|t:|1756396220
|switch|p2b: Corviknight|Corviknight, L50, M|100/100
|turn|8
|
|t:|1756396244
|-terastallize|p1a: Maushold|Normal
|move|p1b: Weezing|Protect|p1b: Weezing
|-singleturn|p1b: Weezing|Protect
|move|p1a: Maushold|Population Bomb|p2a: Tyranitar
|-resisted|p2a: Tyranitar
|-damage|p2a: Tyranitar|94/100
|-resisted|p2a: Tyranitar
|-damage|p2a: Tyranitar|88/100
|-resisted|p2a: Tyranitar
|-damage|p2a: Tyranitar|82/100
|-resisted|p2a: Tyranitar
|-damage|p2a: Tyranitar|76/100
|-resisted|p2a: Tyranitar
|-damage|p2a: Tyranitar|70/100
|-hitcount|p2a: Tyranitar|5
|move|p2b: Corviknight|Iron Head|p1b: Weezing
|-activate|p1b: Weezing|move: Protect
|move|p2a: Tyranitar|Rock Slide|p1a: Maushold|[spread] p1a
|-activate|p1b: Weezing|move: Protect
|-damage|p1a: Maushold|0 fnt
|faint|p1a: Maushold
|
|-weather|RainDance|[upkeep]
|upkeep
|turn|9
|-message|Test4testvgc forfeited.
|
|win|arts parts
||Test4testvgc is ready for game 2.
|inactive|arts parts has 30 seconds to confirm battle start!
|inactive|arts parts has 20 seconds to confirm battle start!
|n|☆Test4testvgc|test4testvgc
||arts parts is ready for game 2.
|uhtml|next|Next: Game 2 of 3
