|j|☆lettitripppp
|j|☆Oooo11
|html|lettitrippppOooo11    
|uhtml|bestof|Game 1 of a best-of-3
|t:|1784166121
|gametype|doubles
|player|p1|lettitripppp|lucas|1221
|player|p2|Oooo11|101|1104
|gen|9
|tier|[Gen 9 Champions] VGC 2026 Reg M-B (Bo3)
|rated|
|rule|Species Clause: Limit one of each Pokémon
|rule|Item Clause: Limit 1 of each item
|clearpoke
|poke|p1|Charizard, L50, F, shiny|
|poke|p1|Floette-Eternal, L50, F|
|poke|p1|Basculegion, L50, M|
|poke|p1|Whimsicott, L50, M, shiny|
|poke|p1|Garchomp, L50, F|
|poke|p1|Kingambit, L50, F, shiny|
|poke|p2|Charizard, L50, F|
|poke|p2|Garchomp, L50, M|
|poke|p2|Whimsicott, L50, F|
|poke|p2|Gardevoir, L50, F|
|poke|p2|Farigiraf, L50, F|
|poke|p2|Gholdengo, L50|
|teampreview|4
|showteam|p1|Charizard||CharizarditeY|Blaze|WeatherBall,SolarBeam,HeatWave,Protect|Modest||F|||50|]Floette-Eternal||Floettite|FlowerVeil|DazzlingGleam,LightofRuin,Moonblast,Protect|Timid||F|||50|]Basculegion||LifeOrb|Adaptability|LastRespects,WaveCrash,AquaJet,Protect|Adamant||M|||50|]Whimsicott||FocusSash|Prankster|Moonblast,Tailwind,Encore,Protect|Timid||M|||50|]Garchomp||RoseliBerry|RoughSkin|DragonClaw,Earthquake,PoisonJab,RockSlide|Jolly||F|||50|]Kingambit||ChopleBerry|Defiant|KowtowCleave,SuckerPunch,LowKick,Protect|Adamant||F|||50|
|showteam|p2|Charizard||CharizarditeY|Blaze|SolarBeam,Protect,HeatWave,WeatherBall|Timid||F|||50|]Garchomp||LifeOrb|RoughSkin|Protect,Earthquake,DragonClaw,RockSlide|Jolly||M|||50|]Whimsicott||FocusSash|Prankster|Protect,Encore,Moonblast,Tailwind|Bold||F|||50|]Gardevoir||Gardevoirite|Trace|Protect,HyperVoice,Psyshock,AuraSphere|Timid||F|||50|]Farigiraf||SitrusBerry|ArmorTail|Protect,Psychic,Thunderbolt,TrickRoom|Sassy||F|||50|]Gholdengo||ChoiceScarf|GoodasGold|Trick,MakeItRain,ShadowBall,DazzlingGleam|Timid|||||50|
|inactive|Battle timer is ON: inactive players will automatically lose when time's up. (requested by lettitripppp)
|inactive|lettitripppp has 60 seconds left.
|inactive|Oooo11 has 60 seconds left.
|
|t:|1784166177
|teamsize|p1|4
|teamsize|p2|4
|start
|switch|p1a: CRUSH SHARK|Garchomp, L50, F|100/100
|switch|p1b: LETS GO AGAIN|Whimsicott, L50, M, shiny|100/100
|switch|p2a: Charizard|Charizard, L50, F|100/100
|switch|p2b: Whimsicott|Whimsicott, L50, F|100/100
|turn|1
|
|t:|1784166190
|switch|p2a: Garchomp|Garchomp, L50, M|100/100
|move|p1b: LETS GO AGAIN|Tailwind|p1b: LETS GO AGAIN
|-sidestart|p1: lettitripppp|move: Tailwind
|move|p1a: CRUSH SHARK|Rock Slide|p2a: Garchomp|[spread] p2a,p2b
|-resisted|p2a: Garchomp|1
|-damage|p2a: Garchomp|90/100
|-damage|p2b: Whimsicott|82/100
|move|p2b: Whimsicott|Moonblast|p1a: CRUSH SHARK
|-supereffective|p1a: CRUSH SHARK|1
|-enditem|p1a: CRUSH SHARK|Roseli Berry|[eat]
|-enditem|p1a: CRUSH SHARK|Roseli Berry|[weaken]
|-damage|p1a: CRUSH SHARK|69/100
|
|upkeep
|turn|2
|inactive|Oooo11 has 30 seconds left.
|inactive|Oooo11 has 20 seconds left.
|inactive|Oooo11 has 15 seconds left.
|
|t:|1784166235
|move|p2a: Garchomp|Protect|p2a: Garchomp
|-singleturn|p2a: Garchomp|Protect
|move|p1b: LETS GO AGAIN|Encore|p2b: Whimsicott
|-start|p2b: Whimsicott|Encore
|move|p1a: CRUSH SHARK|Poison Jab|p2b: Whimsicott
|-supereffective|p2b: Whimsicott|2
|-crit|p2b: Whimsicott
|-damage|p2b: Whimsicott|0 fnt
|faint|p2b: Whimsicott
|
|upkeep
|
|t:|1784166244
|switch|p2b: Farigiraf|Farigiraf, L50, F|100/100
|turn|3
|
|t:|1784166249
|switch|p2a: Charizard|Charizard, L50, F|100/100
|move|p1b: LETS GO AGAIN|Moonblast|p2a: Charizard
|-resisted|p2a: Charizard|1
|-damage|p2a: Charizard|80/100
|move|p1a: CRUSH SHARK|Dragon Claw|p2a: Charizard
|-damage|p2a: Charizard|18/100
|move|p2b: Farigiraf|Trick Room|p2b: Farigiraf
|-fieldstart|move: Trick Room|[of] p2b: Farigiraf
|
|upkeep
|turn|4
|
|t:|1784166274
|detailschange|p2a: Charizard|Charizard-Mega-Y, L50, F
|-mega|p2a: Charizard|Charizard|Charizardite Y
|-weather|SunnyDay|[from] ability: Drought|[of] p2a: Charizard
|move|p1b: LETS GO AGAIN|Protect|p1b: LETS GO AGAIN
|-singleturn|p1b: LETS GO AGAIN|Protect
|move|p2b: Farigiraf|Psychic|p1a: CRUSH SHARK
|-damage|p1a: CRUSH SHARK|29/100
|move|p2a: Charizard|Solar Beam||[still]
|-prepare|p2a: Charizard|Solar Beam
|-anim|p2a: Charizard|Solar Beam|p1a: CRUSH SHARK
|-damage|p1a: CRUSH SHARK|0 fnt
|faint|p1a: CRUSH SHARK
|
|-weather|SunnyDay|[upkeep]
|-sideend|p1: lettitripppp|move: Tailwind
|upkeep
|
|t:|1784166285
|switch|p1a: GENERAL BLADUS|Kingambit, L50, F, shiny|100/100
|turn|5
|
|t:|1784166295
|move|p1a: GENERAL BLADUS|Kowtow Cleave|p2a: Charizard
|-damage|p2a: Charizard|0 fnt
|faint|p2a: Charizard
|move|p2b: Farigiraf|Thunderbolt|p1b: LETS GO AGAIN
|-resisted|p1b: LETS GO AGAIN|1
|-damage|p1b: LETS GO AGAIN|81/100
|move|p1b: LETS GO AGAIN|Moonblast|p2b: Farigiraf
|-damage|p2b: Farigiraf|78/100
|
|-weather|SunnyDay|[upkeep]
|upkeep
|-message|Oooo11 forfeited.
|
|win|lettitripppp
|l|☆Oooo11
|player|p2|
||Oooo11 is ready for game 2.
