|j|☆bcoffey1010
|j|☆cereales raton
|html|bcoffey1010cereales raton    
|uhtml|bestof|Game 3 of a best-of-3
|t:|1757798930
|gametype|doubles
|player|p1|bcoffey1010|169|1309
|player|p2|cereales raton|1|1503
|gen|9
|tier|[Gen 9] VGC 2025 Reg H (Bo3)
|rated|
|rule|Species Clause: Limit one of each Pokémon
|rule|Item Clause: Limit 1 of each item
|clearpoke
|poke|p1|Gholdengo, L50|
|poke|p1|Sneasler, L50, M|
|poke|p1|Rillaboom, L50, M|
|poke|p1|Dragonite, L50, F|
|poke|p1|Ninetales-Alola, L50, F|
|poke|p1|Arcanine-Hisui, L50, M|
|poke|p2|Maushold-Four, L50|
|poke|p2|Gholdengo, L50|
|poke|p2|Dragonite, L50, M|
|poke|p2|Annihilape, L50, M|
|poke|p2|Rillaboom, L50, M|
|poke|p2|Ursaluna-Bloodmoon, L50, M|
|teampreview|4
|showteam|p1|Gholdengo||GrassySeed|GoodasGold|NastyPlot,MakeItRain,ShadowBall,Protect||||||50|,,,,,Water]Sneasler||WhiteHerb|Unburden|CloseCombat,DireClaw,Coaching,Protect|||M|||50|,,,,,Ghost]Rillaboom||AssaultVest|GrassySurge|FakeOut,GrassyGlide,DrumBeating,HighHorsepower|||M|||50|,,,,,Fire]Dragonite||LoadedDice|Multiscale|ScaleShot,Haze,Tailwind,Protect|||F|||50|,,,,,Fairy]Ninetales-Alola||FocusSash|SnowWarning|Blizzard,IcyWind,Encore,AuroraVeil|||F|||50|,,,,,Ghost]Arcanine-Hisui||ClearAmulet|Intimidate|RockSlide,FlareBlitz,ExtremeSpeed,Protect|||M|||50|,,,,,Water
|showteam|p2|Maushold-Four||FocusSash|FriendGuard|SuperFang,BeatUp,FollowMe,Protect||||||50|,,,,,Ghost]Gholdengo||LifeOrb|GoodasGold|MakeItRain,ShadowBall,NastyPlot,Protect||||||50|,,,,,Water]Dragonite||LoadedDice|Multiscale|ScaleShot,Tailwind,Haze,Protect|||M|||50|,,,,,Fairy]Annihilape||SitrusBerry|Defiant|DrainPunch,RageFist,BulkUp,Protect|||M|||50|,,,,,Fire]Rillaboom||MiracleSeed|GrassySurge|WoodHammer,GrassyGlide,HighHorsepower,FakeOut|||M|||50|,,,,,Fire]Ursaluna-Bloodmoon||AssaultVest|MindsEye|BloodMoon,EarthPower,HyperVoice,VacuumWave|||M|||50|,,,,,Water
|inactive|Battle timer is ON: inactive players will automatically lose when time's up. (requested by cereales raton)
|inactive|bcoffey1010 has 60 seconds left.
|inactive|bcoffey1010 has 30 seconds left.
|inactive|bcoffey1010 has 20 seconds left.
|inactive|bcoffey1010 has 15 seconds left.
|
|t:|1757799032
|teamsize|p1|4
|teamsize|p2|4
|start
|switch|p1a: Dragonite|Dragonite, L50, F|100/100
|switch|p1b: Gholdengo|Gholdengo, L50|100/100
|switch|p2a: Gholdengo|Gholdengo, L50|100/100
|switch|p2b: Maushold|Maushold-Four, L50|100/100
|turn|1
|inactive|cereales raton has 30 seconds left.
|inactive|cereales raton has 20 seconds left.
|
|t:|1757799067
|-terastallize|p1b: Gholdengo|Water
|move|p2b: Maushold|Super Fang|p1a: Dragonite
|-damage|p1a: Dragonite|51/100
|move|p2a: Gholdengo|Shadow Ball|p1a: Dragonite
|-damage|p1a: Dragonite|0 fnt
|faint|p1a: Dragonite
|-damage|p2a: Gholdengo|91/100|[from] item: Life Orb
|move|p1b: Gholdengo|Nasty Plot|p1b: Gholdengo
|-boost|p1b: Gholdengo|spa|2
|
|upkeep
|inactive|bcoffey1010 has 30 seconds left.
|
|t:|1757799094
|switch|p1a: Rillaboom|Rillaboom, L50, M|100/100
|-fieldstart|move: Grassy Terrain|[from] ability: Grassy Surge|[of] p1a: Rillaboom
|-enditem|p1b: Gholdengo|Grassy Seed
|-boost|p1b: Gholdengo|def|1|[from] item: Grassy Seed
|turn|2
|inactive|cereales raton has 30 seconds left.
|
|t:|1757799121
|move|p2b: Maushold|Super Fang|p1b: Gholdengo
|-damage|p1b: Gholdengo|50/100
|move|p1a: Rillaboom|Drum Beating|p2b: Maushold
|-damage|p2b: Maushold|40/100
|-unboost|p2b: Maushold|spe|1
|move|p2a: Gholdengo|Shadow Ball|p1b: Gholdengo
|-damage|p1b: Gholdengo|0 fnt
|faint|p1b: Gholdengo
|-damage|p2a: Gholdengo|81/100|[from] item: Life Orb
|
|-heal|p2a: Gholdengo|88/100|[from] Grassy Terrain
|-heal|p2b: Maushold|46/100|[from] Grassy Terrain
|upkeep
|
|t:|1757799139
|switch|p1b: Sneasler|Sneasler, L50, M|100/100
|turn|3
|
|t:|1757799148
|move|p2b: Maushold|Follow Me|p2b: Maushold
|-singleturn|p2b: Maushold|move: Follow Me
|move|p1b: Sneasler|Coaching|p1a: Rillaboom
|-boost|p1a: Rillaboom|atk|1
|-boost|p1a: Rillaboom|def|1
|move|p1a: Rillaboom|High Horsepower|p2b: Maushold
|-damage|p2b: Maushold|0 fnt
|faint|p2b: Maushold
|move|p2a: Gholdengo|Nasty Plot|p2a: Gholdengo
|-boost|p2a: Gholdengo|spa|2
|
|-heal|p2a: Gholdengo|94/100|[from] Grassy Terrain
|upkeep
|
|t:|1757799157
|switch|p2b: Dragonite|Dragonite, L50, M|100/100
|turn|4
|inactive|bcoffey1010 has 30 seconds left.
|inactive|bcoffey1010 has 20 seconds left.
|
|t:|1757799196
|move|p2a: Gholdengo|Protect|p2a: Gholdengo
|-singleturn|p2a: Gholdengo|Protect
|move|p1b: Sneasler|Dire Claw|p2b: Dragonite
|-damage|p2b: Dragonite|79/100
|move|p1a: Rillaboom|Drum Beating|p2b: Dragonite
|-resisted|p2b: Dragonite
|-damage|p2b: Dragonite|58/100
|-unboost|p2b: Dragonite|spe|1
|move|p2b: Dragonite|Tailwind|p2b: Dragonite
|-sidestart|p2: cereales raton|move: Tailwind
|
|-heal|p2a: Gholdengo|99/100|[from] Grassy Terrain
|upkeep
|turn|5
|inactive|bcoffey1010 has 30 seconds left.
|
|t:|1757799229
|move|p1b: Sneasler|Protect|p1b: Sneasler
|-singleturn|p1b: Sneasler|Protect
|move|p2a: Gholdengo|Make It Rain|p1b: Sneasler|[spread] p1a
|-activate|p1b: Sneasler|move: Protect
|-crit|p1a: Rillaboom
|-damage|p1a: Rillaboom|0 fnt
|-unboost|p2a: Gholdengo|spa|1
|faint|p1a: Rillaboom
|-damage|p2a: Gholdengo|90/100|[from] item: Life Orb
|move|p2b: Dragonite|Scale Shot|p1b: Sneasler
|-activate|p1b: Sneasler|move: Protect
|
|-heal|p2a: Gholdengo|97/100|[from] Grassy Terrain
|upkeep
|turn|6
|c|☆cereales raton|no rng no party
|
|t:|1757799242
|move|p2a: Gholdengo|Make It Rain|p1b: Sneasler
|-damage|p1b: Sneasler|0 fnt
|-unboost|p2a: Gholdengo|spa|1
|faint|p1b: Sneasler
|-damage|p2a: Gholdengo|87/100|[from] item: Life Orb
|
|win|cereales raton
|raw|bcoffey1010's rating: 1309 → 1299(-10 for losing)
|raw|cereales raton's rating: 1503 → 1513(+10 for winning)
|l|☆bcoffey1010
|player|p1|
