|j|☆NandoGTG
|j|☆Craser13
|html|NandoGTGCraser13    
|uhtml|bestof|Game 3 of a best-of-3
|t:|1784917403
|gametype|doubles
|player|p1|NandoGTG|cheren|
|player|p2|Craser13|alder|
|gen|9
|tier|[Gen 9 Champions] VGC 2026 Reg M-B (Bo3)
|rule|Species Clause: Limit one of each Pokémon
|rule|Item Clause: Limit 1 of each item
|clearpoke
|poke|p1|Charizard, L50, M|
|poke|p1|Hydreigon, L50, M|
|poke|p1|Incineroar, L50, F|
|poke|p1|Toxapex, L50, M|
|poke|p1|Floette-Eternal, L50, F|
|poke|p1|Venusaur, L50, F|
|poke|p2|Charizard, L50, M|
|poke|p2|Venusaur, L50, M|
|poke|p2|Archaludon, L50, M|
|poke|p2|Grimmsnarl, L50, M|
|poke|p2|Pelipper, L50, F|
|poke|p2|Basculegion, L50, M|
|teampreview|4
|showteam|p1|Charizard||CharizarditeY|Blaze|HeatWave,WeatherBall,SolarBeam,Protect|Modest||M|||50|]Hydreigon||ChoiceScarf|Levitate|DarkPulse,DracoMeteor,Snarl,EarthPower|Modest||M|||50|]Incineroar||SitrusBerry|Intimidate|FlareBlitz,ThroatChop,FakeOut,PartingShot|Impish||F|||50|]Toxapex||Leftovers|Regenerator|Infestation,Toxic,WideGuard,BanefulBunker|Bold||M|||50|]Floette-Eternal||Floettite|FlowerVeil|DazzlingGleam,Moonblast,LightofRuin,Protect|Timid||F|||50|]Venusaur||FocusSash|Chlorophyll|SludgeBomb,EarthPower,SleepPowder,Protect|Modest||F|||50|
|showteam|p2|Charizard||CharizarditeY|Blaze|WeatherBall,SolarBeam,HeatWave,Protect|Modest||M|||50|]Venusaur||FocusSash|Chlorophyll|SludgeBomb,EarthPower,SleepPowder,LeafStorm|Modest||M|||50|]Archaludon||Leftovers|Stamina|DragonPulse,FlashCannon,ElectroShot,Protect|Modest||M|||50|]Grimmsnarl||LightClay|Prankster|SpiritBreak,Reflect,LightScreen,PartingShot|Sassy||M|||50|]Pelipper||SitrusBerry|Drizzle|WeatherBall,Hurricane,Tailwind,WideGuard|Modest||F|||50|]Basculegion||ChoiceScarf|SwiftSwim|WaveCrash,LastRespects,AquaJet,FlipTurn|Jolly||M|||50|
|
|t:|1784917418
|teamsize|p1|4
|teamsize|p2|4
|start
|switch|p1a: Charizard|Charizard, L50, M|100/100
|switch|p1b: Hydreigon|Hydreigon, L50, M|100/100
|switch|p2a: Basculegion|Basculegion, L50, M|100/100
|switch|p2b: Archaludon|Archaludon, L50, M|100/100
|turn|1
|inactive|Battle timer is ON: inactive players will automatically lose when time's up. (requested by NandoGTG)
|
|t:|1784917463
|switch|p2b: Pelipper|Pelipper, L50, F|100/100
|-weather|RainDance|[from] ability: Drizzle|[of] p2b: Pelipper
|detailschange|p1a: Charizard|Charizard-Mega-Y, L50, M
|-mega|p1a: Charizard|Charizard|Charizardite Y
|-weather|SunnyDay|[from] ability: Drought|[of] p1a: Charizard
|move|p1b: Hydreigon|Dark Pulse|p2a: Basculegion
|-supereffective|p2a: Basculegion|1
|-damage|p2a: Basculegion|6/100
|move|p2a: Basculegion|Flip Turn|p1a: Charizard
|-supereffective|p1a: Charizard|1
|-damage|p1a: Charizard|72/100
|
|t:|1784917481
|switch|p2a: Charizard|Charizard, L50, M|100/100|[from] Flip Turn
|move|p1a: Charizard|Weather Ball|p2b: Pelipper
|-resisted|p2b: Pelipper|1
|-damage|p2b: Pelipper|54/100
|
|-weather|SunnyDay|[upkeep]
|upkeep
|turn|2
|inactive|NandoGTG has 30 seconds left.
|
|t:|1784917510
|switch|p1a: Toxapex|Toxapex, L50, M|100/100
|switch|p2b: Basculegion|Basculegion, L50, M|6/100
|detailschange|p2a: Charizard|Charizard-Mega-Y, L50, M
|-mega|p2a: Charizard|Charizard|Charizardite Y
|move|p1b: Hydreigon|Dark Pulse|p2b: Basculegion
|-supereffective|p2b: Basculegion|1
|-damage|p2b: Basculegion|0 fnt
|faint|p2b: Basculegion
|move|p2a: Charizard|Weather Ball|p1a: Toxapex
|-resisted|p1a: Toxapex|1
|-damage|p1a: Toxapex|66/100
|
|-weather|SunnyDay|[upkeep]
|-heal|p1a: Toxapex|71/100|[from] item: Leftovers
|upkeep
|
|t:|1784917525
|switch|p2b: Pelipper|Pelipper, L50, F|54/100
|-weather|RainDance|[from] ability: Drizzle|[of] p2b: Pelipper
|turn|3
|
|t:|1784917536
|switch|p1b: Charizard|Charizard-Mega-Y, L50, M|72/100
|-weather|SunnyDay|[from] ability: Drought|[of] p1b: Charizard
|move|p2a: Charizard|Protect|p2a: Charizard
|-singleturn|p2a: Charizard|Protect
|move|p2b: Pelipper|Tailwind|p2b: Pelipper
|-sidestart|p2: Craser13|move: Tailwind
|move|p1a: Toxapex|Infestation|p2b: Pelipper
|-resisted|p2b: Pelipper|1
|-damage|p2b: Pelipper|52/100
|-activate|p2b: Pelipper|move: Infestation|[of] p1a: Toxapex
|
|-weather|SunnyDay|[upkeep]
|-heal|p1a: Toxapex|77/100|[from] item: Leftovers
|-damage|p2b: Pelipper|40/100|[from] move: Infestation|[partiallytrapped]
|upkeep
|-enditem|p2b: Pelipper|Sitrus Berry|[eat]
|-heal|p2b: Pelipper|65/100|[from] item: Sitrus Berry
|turn|4
|
|t:|1784917559
|move|p2a: Charizard|Solar Beam||[still]
|-prepare|p2a: Charizard|Solar Beam
|-anim|p2a: Charizard|Solar Beam|p1a: Toxapex
|-damage|p1a: Toxapex|42/100
|move|p2b: Pelipper|Hurricane|p1b: Charizard|[miss]
|-miss|p2b: Pelipper|p1b: Charizard
|move|p1b: Charizard|Weather Ball|p2a: Charizard
|-resisted|p2a: Charizard|1
|-damage|p2a: Charizard|65/100
|move|p1a: Toxapex|Toxic|p2a: Charizard
|-status|p2a: Charizard|tox
|
|-weather|SunnyDay|[upkeep]
|-heal|p1a: Toxapex|47/100|[from] item: Leftovers
|-damage|p2a: Charizard|59/100 tox|[from] psn
|-damage|p2b: Pelipper|53/100|[from] move: Infestation|[partiallytrapped]
|upkeep
|turn|5
|
|t:|1784917579
|move|p1b: Charizard|Protect|p1b: Charizard
|-singleturn|p1b: Charizard|Protect
|move|p1a: Toxapex|Baneful Bunker|p1a: Toxapex
|-singleturn|p1a: Toxapex|move: Protect
|move|p2a: Charizard|Solar Beam||[still]
|-prepare|p2a: Charizard|Solar Beam
|-anim|p2a: Charizard|Solar Beam|p1a: Toxapex
|-activate|p1a: Toxapex|move: Protect
|move|p2b: Pelipper|Hurricane|p1b: Charizard
|-activate|p1b: Charizard|move: Protect
|
|-weather|SunnyDay|[upkeep]
|-heal|p1a: Toxapex|53/100|[from] item: Leftovers
|-damage|p2a: Charizard|47/100 tox|[from] psn
|-damage|p2b: Pelipper|40/100|[from] move: Infestation|[partiallytrapped]
|upkeep
|turn|6
|
|t:|1784917598
|-heal|p1a: Toxapex|86/100|[from] ability: Regenerator|[silent]
|switch|p1a: Hydreigon|Hydreigon, L50, M|100/100
|move|p2a: Charizard|Solar Beam||[still]
|-prepare|p2a: Charizard|Solar Beam
|-anim|p2a: Charizard|Solar Beam|p1a: Hydreigon
|-resisted|p1a: Hydreigon|1
|-damage|p1a: Hydreigon|74/100
|move|p2b: Pelipper|Hurricane|p1b: Charizard
|-damage|p1b: Charizard|36/100
|move|p1b: Charizard|Weather Ball|p2b: Pelipper
|-resisted|p2b: Pelipper|1
|-damage|p2b: Pelipper|0 fnt
|faint|p2b: Pelipper
|
|-weather|SunnyDay|[upkeep]
|-damage|p2a: Charizard|29/100 tox|[from] psn
|-sideend|p2: Craser13|move: Tailwind
|upkeep
|
|t:|1784917615
|switch|p2b: Archaludon|Archaludon, L50, M|100/100
|turn|7
|
|t:|1784917626
|move|p1a: Hydreigon|Snarl|p2a: Charizard|[spread] p2a,p2b
|-damage|p2a: Charizard|9/100 tox
|-damage|p2b: Archaludon|77/100
|-unboost|p2a: Charizard|spa|1
|-unboost|p2b: Archaludon|spa|1
|-ability|p2b: Archaludon|Stamina|boost
|-boost|p2b: Archaludon|def|1
|move|p2a: Charizard|Heat Wave|p1b: Charizard|[spread] p1a,p1b
|-resisted|p1a: Hydreigon|1
|-resisted|p1b: Charizard|1
|-damage|p1a: Hydreigon|50/100g
|-damage|p1b: Charizard|18/100
|move|p1b: Charizard|Weather Ball|p2b: Archaludon
|-damage|p2b: Archaludon|0 fnt
|faint|p2b: Archaludon
|
|-weather|none
|-damage|p2a: Charizard|0 fnt|[from] psn
|faint|p2a: Charizard
|
|win|NandoGTG
|l|☆Craser13
|player|p2|
