|j|☆Liam Westland
|j|☆BigJohnVGC
|html|Liam WestlandBigJohnVGC    
|uhtml|bestof|Game 3 of a best-of-3
|t:|1755722104
|gametype|doubles
|player|p1|Liam Westland|red|1411
|player|p2|BigJohnVGC|cyrus|1316
|gen|9
|tier|[Gen 9] VGC 2025 Reg H (Bo3)
|rated|
|rule|Species Clause: Limit one of each Pokémon
|rule|Item Clause: Limit 1 of each item
|clearpoke
|poke|p1|Gallade, L50, M|
|poke|p1|Ursaluna, L50, M|
|poke|p1|Torkoal, L50, F|
|poke|p1|Indeedee-F, L50, F|
|poke|p1|Hatterene, L50, F|
|poke|p1|Maushold, L50|
|poke|p2|Gholdengo, L50|
|poke|p2|Sneasler, L50, M|
|poke|p2|Rillaboom, L50, F|
|poke|p2|Dragonite, L50, M|
|poke|p2|Ninetales-Alola, L50, M|
|poke|p2|Arcanine-Hisui, L50, M|
|teampreview|4
|showteam|p1|Gallade||ClearAmulet|Sharpness|SacredSword,PsychoCut,WideGuard,TrickRoom|||M|||50|,,,,,Grass]Ursaluna||FlameOrb|Guts|Facade,HeadlongRush,Protect,Earthquake|||M|||50|,,,,,Ghost]Torkoal||ChoiceSpecs|Drought|Eruption,WeatherBall,HeatWave,EarthPower|||F|||50|,,,,,Fire]Indeedee-F||PsychicSeed|PsychicSurge|FollowMe,TrickRoom,Psychic,HelpingHand|||F|||50|,,,,,Water]Hatterene||LifeOrb|MagicBounce|ExpandingForce,DazzlingGleam,TeraBlast,TrickRoom|||F|||50|,,,,,Fire]Maushold||WideLens|Technician|PopulationBomb,Taunt,FollowMe,Protect||||||50|,,,,,Poison
|showteam|p2|Gholdengo||GrassySeed|GoodasGold|NastyPlot,MakeItRain,ShadowBall,Protect||||||50|,,,,,Water]Sneasler||WhiteHerb|Unburden|CloseCombat,DireClaw,Coaching,Protect|||M|||50|,,,,,Ghost]Rillaboom||AssaultVest|GrassySurge|FakeOut,GrassyGlide,DrumBeating,HighHorsepower|||F|||50|,,,,,Fire]Dragonite||LoadedDice|Multiscale|ScaleShot,StompingTantrum,Tailwind,Protect|||M|||50|,,,,,Ground]Ninetales-Alola||FocusSash|SnowWarning|Blizzard,IcyWind,Encore,AuroraVeil|||M|||50|,,,,,Ghost]Arcanine-Hisui||ClearAmulet|Intimidate|RockSlide,FlareBlitz,ExtremeSpeed,Protect|||M|||50|,,,,,Water
|inactive|Battle timer is ON: inactive players will automatically lose when time's up. (requested by Liam Westland)
|inactive|BigJohnVGC also wants the timer to be on.
|inactive|BigJohnVGC has 60 seconds left.
|inactive|Liam Westland has 60 seconds left.
|inactive|Liam Westland has 30 seconds left.
|
|t:|1755722187
|teamsize|p1|4
|teamsize|p2|4
|start
|switch|p1a: Indeedee|Indeedee-F, L50, F|100/100
|switch|p1b: Gallade|Gallade, L50, M|100/100
|switch|p2a: Gholdengo|Gholdengo, L50|100/100
|switch|p2b: Sneasler|Sneasler, L50, M|100/100
|-fieldstart|move: Psychic Terrain|[from] ability: Psychic Surge|[of] p1a: Indeedee
|-enditem|p1a: Indeedee|Psychic Seed
|-boost|p1a: Indeedee|spd|1|[from] item: Psychic Seed
|turn|1
|
|t:|1755722211
|move|p2b: Sneasler|Dire Claw|p1a: Indeedee
|-damage|p1a: Indeedee|59/100
|move|p2a: Gholdengo|Nasty Plot|p2a: Gholdengo
|-boost|p2a: Gholdengo|spa|2
|move|p1b: Gallade|Psycho Cut|p2b: Sneasler
|-supereffective|p2b: Sneasler
|-damage|p2b: Sneasler|0 fnt
|faint|p2b: Sneasler
|move|p1a: Indeedee|Trick Room|p1a: Indeedee
|-fieldstart|move: Trick Room|[of] p1a: Indeedee
|
|upkeep
|
|t:|1755722220
|switch|p2b: Rillaboom|Rillaboom, L50, F|100/100
|-fieldstart|move: Grassy Terrain|[from] ability: Grassy Surge|[of] p2b: Rillaboom
|-enditem|p2a: Gholdengo|Grassy Seed
|-boost|p2a: Gholdengo|def|1|[from] item: Grassy Seed
|turn|2
|
|t:|1755722241
|switch|p1a: Ursaluna|Ursaluna, L50, M|100/100
|move|p1b: Gallade|Wide Guard|p1b: Gallade
|-singleturn|p1b: Gallade|Wide Guard
|move|p2a: Gholdengo|Shadow Ball|p1b: Gallade
|-supereffective|p1b: Gallade
|-damage|p1b: Gallade|0 fnt
|faint|p1b: Gallade
|move|p2b: Rillaboom|High Horsepower|p1a: Ursaluna
|-damage|p1a: Ursaluna|79/100
|
|-heal|p1a: Ursaluna|85/100|[from] Grassy Terrain
|-status|p1a: Ursaluna|brn|[from] item: Flame Orb
|upkeep
|inactive|Liam Westland has 30 seconds left.
|
|t:|1755722269
|switch|p1b: Torkoal|Torkoal, L50, F|100/100
|-weather|SunnyDay|[from] ability: Drought|[of] p1b: Torkoal
|turn|3
|
|t:|1755722285
|switch|p2b: Arcanine|Arcanine-Hisui, L50, M|100/100
|-ability|p2b: Arcanine|Intimidate|boost
|-unboost|p1a: Ursaluna|atk|1
|-unboost|p1b: Torkoal|atk|1
|move|p2a: Gholdengo|Protect|p2a: Gholdengo
|-singleturn|p2a: Gholdengo|Protect
|move|p1b: Torkoal|Eruption|p2b: Arcanine|[spread] p2b
|-activate|p2a: Gholdengo|move: Protect
|-resisted|p2b: Arcanine
|-damage|p2b: Arcanine|65/100
|move|p1a: Ursaluna|Facade|p2b: Arcanine
|-resisted|p2b: Arcanine
|-damage|p2b: Arcanine|15/100
|
|-weather|SunnyDay|[upkeep]
|-heal|p1a: Ursaluna|91/100 brn|[from] Grassy Terrain
|-heal|p2b: Arcanine|21/100|[from] Grassy Terrain
|-damage|p1a: Ursaluna|85/100 brn|[from] brn
|upkeep
|turn|4
|inactive|Liam Westland has 30 seconds left.
|inactive|BigJohnVGC has 30 seconds left.
|
|t:|1755722319
|-terastallize|p2a: Gholdengo|Water
|move|p2b: Arcanine|Extreme Speed|p1b: Torkoal
|-damage|p1b: Torkoal|80/100
|move|p1b: Torkoal|Eruption|p2b: Arcanine|[spread] p2a,p2b
|-resisted|p2a: Gholdengo
|-resisted|p2b: Arcanine
|-damage|p2a: Gholdengo|61/100
|-damage|p2b: Arcanine|0 fnt
|faint|p2b: Arcanine
|move|p1a: Ursaluna|Headlong Rush|p2a: Gholdengo
|-damage|p2a: Gholdengo|17/100
|-unboost|p1a: Ursaluna|def|1
|-unboost|p1a: Ursaluna|spd|1
|move|p2a: Gholdengo|Make It Rain|p1b: Torkoal|[spread] p1a,p1b
|-resisted|p1b: Torkoal
|-damage|p1a: Ursaluna|0 fnt
|-damage|p1b: Torkoal|23/100
|-unboost|p2a: Gholdengo|spa|1
|faint|p1a: Ursaluna
|
|-weather|SunnyDay|[upkeep]
|-heal|p1b: Torkoal|29/100|[from] Grassy Terrain
|-heal|p2a: Gholdengo|23/100|[from] Grassy Terrain
|upkeep
|
|t:|1755722338
|switch|p1a: Indeedee|Indeedee-F, L50, F|59/100
|switch|p2b: Rillaboom|Rillaboom, L50, F|100/100
|-fieldstart|move: Psychic Terrain|[from] ability: Psychic Surge|[of] p1a: Indeedee
|-fieldstart|move: Grassy Terrain|[from] ability: Grassy Surge|[of] p2b: Rillaboom
|turn|5
|
|t:|1755722352
|-terastallize|p1b: Torkoal|Fire
|move|p2a: Gholdengo|Protect|p2a: Gholdengo
|-singleturn|p2a: Gholdengo|Protect
|move|p2b: Rillaboom|Fake Out|p1b: Torkoal
|-damage|p1b: Torkoal|20/100
|cant|p1b: Torkoal|flinch
|move|p1a: Indeedee|Psychic|p2a: Gholdengo
|-activate|p2a: Gholdengo|move: Protect
|
|-weather|SunnyDay|[upkeep]
|-heal|p1b: Torkoal|26/100|[from] Grassy Terrain
|-heal|p1a: Indeedee|65/100|[from] Grassy Terrain
|-heal|p2a: Gholdengo|29/100|[from] Grassy Terrain
|-fieldend|move: Trick Room
|upkeep
|turn|6
|-message|Liam Westland forfeited.
|
|win|BigJohnVGC
|raw|Liam Westland's rating: 1411 → 1386(-25 for losing)
|raw|BigJohnVGC's rating: 1316 → 1341(+25 for winning)
|l|☆BigJohnVGC
|player|p2|
