|j|☆lime beens
|j|☆jamaicantheif
|html|lime beensjamaicantheif    
|uhtml|bestof|Game 1 of a best-of-3
|t:|1783477832
|gametype|doubles
|player|p1|lime beens|artist-gen4|1023
|player|p2|jamaicantheif|2|1000
|gen|9
|tier|[Gen 9 Champions] VGC 2026 Reg M-B (Bo3)
|rated|
|rule|Species Clause: Limit one of each Pokémon
|rule|Item Clause: Limit 1 of each item
|clearpoke
|poke|p1|Empoleon, L50, M|
|poke|p1|Kingambit, L50, M|
|poke|p1|Sneasler, L50, M|
|poke|p1|Raichu, L50, F|
|poke|p1|Blastoise, L50, F|
|poke|p1|Sableye, L50, M|
|poke|p2|Tyranitar, L50, F, shiny|
|poke|p2|Excadrill, L50, M|
|poke|p2|Incineroar, L50, F|
|poke|p2|Houndstone, L50, M|
|poke|p2|Whimsicott, L50, M, shiny|
|poke|p2|Rotom-Wash, L50, shiny|
|teampreview|4
|showteam|p1|Empoleon||SitrusBerry|Competitive|HydroPump,FlashCannon,VacuumWave,Protect|Modest||M|||50|]Kingambit||LifeOrb|Defiant|SuckerPunch,IronHead,XScissor,Protect|Adamant||M|||50|]Sneasler||FocusSash|Unburden|CloseCombat,DireClaw,FakeOut,Protect|Adamant||M|||50|]Raichu||RaichuniteY|Static|ZapCannon,FocusBlast,DrainingKiss,Protect|Timid||F|||50|]Blastoise||Blastoisinite|Torrent|ShellSmash,WaterSpout,DarkPulse,Protect|Modest||F|||50|]Sableye||RoseliBerry|Prankster|Disable,Encore,Detect,FakeOut|Bold||M|||50|
|showteam|p2|Tyranitar||Tyranitarite|SandStream|KnockOff,RockSlide,IcePunch,LowKick|Adamant||F|||50|]Excadrill||FocusSash|SandRush|HighHorsepower,Protect,IronHead,RockSlide|Jolly||M|||50|]Incineroar||SitrusBerry|Intimidate|DarkestLariat,FakeOut,FlareBlitz,PartingShot|Jolly||F|||50|]Houndstone||LifeOrb|SandRush|LastRespects,AllySwitch,PsychicFangs,StompingTantrum|Adamant||M|||50|]Whimsicott||BrightPowder|Prankster|Tailwind,Moonblast,GigaDrain,Memento|Modest||M|||50|]Rotom-Wash||Magnet|Levitate|HydroPump,Thunderbolt,VoltSwitch,WillOWisp|Calm|||||50|
|inactive|Battle timer is ON: inactive players will automatically lose when time's up. (requested by lime beens)
|inactive|jamaicantheif has 60 seconds left.
|
|t:|1783477880
|teamsize|p1|4
|teamsize|p2|4
|start
|switch|p1a: Empoleon|Empoleon, L50, M|100/100
|switch|p1b: Sneasler|Sneasler, L50, M|100/100
|switch|p2a: Tyranitar|Tyranitar, L50, F, shiny|100/100
|switch|p2b: Incineroar|Incineroar, L50, F|100/100
|-ability|p2b: Incineroar|Intimidate|boost
|-unboost|p1a: Empoleon|atk|1
|-ability|p1a: Empoleon|Competitive|boost
|-boost|p1a: Empoleon|spa|2
|-unboost|p1b: Sneasler|atk|1
|-weather|Sandstorm|[from] ability: Sand Stream|[of] p2a: Tyranitar
|turn|1
|inactive|jamaicantheif has 30 seconds left.
|inactive|jamaicantheif has 20 seconds left.
|inactive|jamaicantheif has 15 seconds left.
|inactive|jamaicantheif has 10 seconds left.
|
|t:|1783477927
|switch|p2a: Whimsicott|Whimsicott, L50, M, shiny|100/100
|move|p1b: Sneasler|Fake Out|p2b: Incineroar
|-damage|p2b: Incineroar|90/100
|cant|p2b: Incineroar|flinch
|move|p1a: Empoleon|Vacuum Wave|p2a: Whimsicott
|-resisted|p2a: Whimsicott|1
|-damage|p2a: Whimsicott|80/100
|
|-weather|Sandstorm|[upkeep]
|-damage|p1b: Sneasler|94/100|[from] Sandstorm
|-damage|p2a: Whimsicott|74/100|[from] Sandstorm
|-damage|p2b: Incineroar|84/100|[from] Sandstorm
|upkeep
|turn|2
|
|t:|1783477942
|move|p1b: Sneasler|Dire Claw|p2a: Whimsicott
|-supereffective|p2a: Whimsicott|2
|-damage|p2a: Whimsicott|0 fnt
|faint|p2a: Whimsicott
|move|p2b: Incineroar|Flare Blitz|p1a: Empoleon
|-damage|p1a: Empoleon|51/100
|-damage|p2b: Incineroar|68/100|[from] Recoil
|move|p1a: Empoleon|Hydro Pump|p2b: Incineroar|[miss]
|-miss|p1a: Empoleon|p2b: Incineroar
|
|-weather|Sandstorm|[upkeep]
|-damage|p1b: Sneasler|88/100|[from] Sandstorm
|-damage|p2b: Incineroar|62/100|[from] Sandstorm
|upkeep
|
|t:|1783477948
|switch|p2a: Houndstone|Houndstone, L50, M|100/100
|turn|3
|
|t:|1783477964
|move|p1b: Sneasler|Protect|p1b: Sneasler
|-singleturn|p1b: Sneasler|Protect
|move|p1a: Empoleon|Vacuum Wave|p2b: Incineroar
|-supereffective|p2b: Incineroar|1
|-damage|p2b: Incineroar|7/100
|-enditem|p2b: Incineroar|Sitrus Berry|[eat]
|-heal|p2b: Incineroar|32/100|[from] item: Sitrus Berry
|move|p2a: Houndstone|Psychic Fangs|p1b: Sneasler
|-activate|p1b: Sneasler|move: Protect
|move|p2b: Incineroar|Flare Blitz|p1a: Empoleon
|-damage|p1a: Empoleon|0 fnt
|faint|p1a: Empoleon
|-damage|p2b: Incineroar|16/100|[from] Recoil
|
|-weather|Sandstorm|[upkeep]
|-damage|p1b: Sneasler|82/100|[from] Sandstorm
|-damage|p2b: Incineroar|10/100|[from] Sandstorm
|upkeep
|
|t:|1783477978
|switch|p1a: Sableye|Sableye, L50, M|100/100
|turn|4
|
|t:|1783477991
|move|p1a: Sableye|Fake Out|p2b: Incineroar
|-damage|p2b: Incineroar|3/100
|move|p2a: Houndstone|Stomping Tantrum|p1b: Sneasler
|-supereffective|p1b: Sneasler|1
|-damage|p1b: Sneasler|0 fnt
|faint|p1b: Sneasler
|-damage|p2a: Houndstone|90/100|[from] item: Life Orb
|cant|p2b: Incineroar|flinch
|
|-weather|Sandstorm|[upkeep]
|-damage|p2b: Incineroar|0 fnt|[from] Sandstorm
|-damage|p1a: Sableye|94/100|[from] Sandstorm
|faint|p2b: Incineroar
|upkeep
|
|t:|1783478002
|switch|p1b: Blastoise|Blastoise, L50, F|100/100
|switch|p2b: Tyranitar|Tyranitar, L50, F, shiny|100/100
|turn|5
|inactive|lime beens has 30 seconds left.
|inactive|lime beens has 20 seconds left.
|
|t:|1783478040
|detailschange|p2b: Tyranitar|Tyranitar-Mega, L50, F, shiny
|-mega|p2b: Tyranitar|Tyranitar|Tyranitarite
|move|p1a: Sableye|Detect|p1a: Sableye
|-singleturn|p1a: Sableye|Protect
|move|p1b: Blastoise|Protect|p1b: Blastoise
|-singleturn|p1b: Blastoise|Protect
|move|p2a: Houndstone|Last Respects|p1b: Blastoise
|-activate|p1b: Blastoise|move: Protect
|move|p2b: Tyranitar|Knock Off|p1a: Sableye
|-activate|p1a: Sableye|move: Protect
|
|-weather|none
|upkeep
|turn|6
|
|t:|1783478054
|detailschange|p1b: Blastoise|Blastoise-Mega, L50, F
|-mega|p1b: Blastoise|Blastoise|Blastoisinite
|move|p1a: Sableye|Disable|p2a: Houndstone
|-start|p2a: Houndstone|Disable|Last Respects
|move|p1b: Blastoise|Water Spout|p2a: Houndstone|[spread] p2a,p2b
|-supereffective|p2b: Tyranitar|1
|-damage|p2a: Houndstone|16/100
|-damage|p2b: Tyranitar|9/100
|cant|p2a: Houndstone|Disable|Last Respects
|move|p2b: Tyranitar|Knock Off|p1b: Blastoise
|-damage|p1b: Blastoise|55/100
|
|upkeep
|turn|7
|
|t:|1783478079
|move|p1a: Sableye|Detect|p1a: Sableye
|-singleturn|p1a: Sableye|Protect
|move|p1b: Blastoise|Water Spout|p2b: Tyranitar|[spread] p2a,p2b
|-supereffective|p2b: Tyranitar|1
|-damage|p2a: Houndstone|0 fnt
|-damage|p2b: Tyranitar|0 fnt
|faint|p2a: Houndstone
|faint|p2b: Tyranitar
|
|win|lime beens
||jamaicantheif is ready for game 2.
||lime beens is ready for game 2.
|uhtml|next|Next: Game 2 of 3
