|j|☆raksbach
|j|☆hamilton60
|html|raksbachhamilton60    
|uhtml|bestof|Game 2 of a best-of-3
|t:|1782982595
|gametype|doubles
|player|p1|raksbach|102|1116
|player|p2|hamilton60|2|1092
|gen|9
|tier|[Gen 9 Champions] VGC 2026 Reg M-B (Bo3)
|rated|
|rule|Species Clause: Limit one of each Pokémon
|rule|Item Clause: Limit 1 of each item
|clearpoke
|poke|p1|Swampert, L50, F|
|poke|p1|Pelipper, L50, M|
|poke|p1|Archaludon, L50, F|
|poke|p1|Grimmsnarl, L50, M|
|poke|p1|Venusaur, L50, M|
|poke|p1|Basculegion, L50, M|
|poke|p2|Whimsicott, L50, F|
|poke|p2|Sneasler, L50, M|
|poke|p2|Floette-Eternal, L50, F|
|poke|p2|Armarouge, L50, F|
|poke|p2|Palafin, L50, F|
|poke|p2|Tyranitar, L50, F|
|teampreview|4
|showteam|p1|Swampert||Swampertite|Damp|WaveCrash,Earthquake,IcePunch,Protect|Adamant||F|||50|]Pelipper||SitrusBerry|Drizzle|Hurricane,WeatherBall,Tailwind,Protect|Bold||M|||50|]Archaludon||Leftovers|Stamina|DragonPulse,FlashCannon,ElectroShot,Protect|Modest||F|||50|]Grimmsnarl||LightClay|Prankster|FoulPlay,Reflect,LightScreen,PartingShot|Careful||M|||50|]Venusaur||Venusaurite|Chlorophyll|SludgeBomb,GigaDrain,EarthPower,Protect|Modest||M|||50|]Basculegion||ChoiceScarf|Adaptability|WaveCrash,LastRespects,FlipTurn,AquaJet|Jolly||M|||50|
|showteam|p2|Whimsicott||FocusSash|Prankster|Moonblast,Tailwind,Taunt,FakeTears|Modest||F|||50|]Sneasler||WhiteHerb|Unburden|CloseCombat,DireClaw,Protect,FakeOut|Adamant||M|||50|]Floette-Eternal||Floettite|FlowerVeil|DazzlingGleam,Protect,CalmMind,DrainingKiss|Timid||F|||50|]Armarouge||LifeOrb|FlashFire|Flamethrower,AuraSphere,Protect,Psychic|Timid||F|||50|]Palafin||MysticWater|ZerotoHero|IcePunch,Protect,FlipTurn,JetPunch|Serious||F|||50|]Tyranitar||Tyranitarite|SandStream|RockSlide,DragonDance,Protect,KnockOff|Adamant||F|||50|
|inactive|Battle timer is ON: inactive players will automatically lose when time's up. (requested by raksbach)
|inactive|hamilton60 also wants the timer to be on.
|
|t:|1782982617
|teamsize|p1|4
|teamsize|p2|4
|start
|switch|p1a: Swampert|Swampert, L50, F|100/100
|switch|p1b: Grimmsnarl|Grimmsnarl, L50, M|100/100
|switch|p2a: Whimsicott|Whimsicott, L50, F|100/100
|switch|p2b: Palafin|Palafin, L50, F|100/100
|turn|1
|
|t:|1782982634
|detailschange|p1a: Swampert|Swampert-Mega, L50, F
|-mega|p1a: Swampert|Swampert|Swampertite
|move|p2a: Whimsicott|Moonblast|p1b: Grimmsnarl
|-supereffective|p1b: Grimmsnarl|1
|-damage|p1b: Grimmsnarl|33/100
|move|p2b: Palafin|Flip Turn|p1a: Swampert
|-damage|p1a: Swampert|79/100
|
|t:|1782982650
|detailschange|p2b: Palafin|Palafin-Hero, L50, F
|switch|p2b: Sneasler|Sneasler, L50, M|100/100|[from] Flip Turn
|move|p1a: Swampert|Ice Punch|p2a: Whimsicott
|-supereffective|p2a: Whimsicott|1
|-damage|p2a: Whimsicott|3/100
|move|p1b: Grimmsnarl|Foul Play|p2a: Whimsicott
|-resisted|p2a: Whimsicott|1
|-damage|p2a: Whimsicott|0 fnt
|faint|p2a: Whimsicott
|
|upkeep
|
|t:|1782982659
|switch|p2a: Palafin|Palafin-Hero, L50, F|100/100
|-activate|p2a: Palafin|ability: Zero to Hero
|turn|2
|
|t:|1782982672
|move|p2b: Sneasler|Fake Out|p1a: Swampert
|-crit|p1a: Swampert
|-damage|p1a: Swampert|57/100
|move|p2a: Palafin|Jet Punch|p1b: Grimmsnarl
|-damage|p1b: Grimmsnarl|0 fnt
|faint|p1b: Grimmsnarl
|cant|p1a: Swampert|flinch
|
|upkeep
|
|t:|1782982680
|switch|p1b: Basculegion|Basculegion, L50, M|100/100
|turn|3
|
|t:|1782982695
|switch|p1a: Pelipper|Pelipper, L50, M|100/100
|-weather|RainDance|[from] ability: Drizzle|[of] p1a: Pelipper
|move|p2a: Palafin|Jet Punch|p1a: Pelipper
|-resisted|p1a: Pelipper|1
|-damage|p1a: Pelipper|68/100
|move|p1b: Basculegion|Wave Crash|p2b: Sneasler
|-damage|p2b: Sneasler|0 fnt
|faint|p2b: Sneasler
|-damage|p1b: Basculegion|73/100|[from] Recoil
|
|-weather|RainDance|[upkeep]
|upkeep
|
|t:|1782982704
|switch|p2b: Tyranitar|Tyranitar, L50, F|100/100
|-weather|Sandstorm|[from] ability: Sand Stream|[of] p2b: Tyranitar
|turn|4
|
|t:|1782982719
|switch|p1a: Swampert|Swampert-Mega, L50, F|57/100
|move|p2b: Tyranitar|Protect|p2b: Tyranitar
|-singleturn|p2b: Tyranitar|Protect
|move|p2a: Palafin|Jet Punch|p1b: Basculegion
|-resisted|p1b: Basculegion|1
|-crit|p1b: Basculegion
|-damage|p1b: Basculegion|38/100
|move|p1b: Basculegion|Wave Crash|p2b: Tyranitar
|-activate|p2b: Tyranitar|move: Protect
|
|-weather|Sandstorm|[upkeep]
|-damage|p1b: Basculegion|32/100|[from] Sandstorm
|-damage|p2a: Palafin|94/100|[from] Sandstorm
|upkeep
|turn|5
|
|t:|1782982744
|detailschange|p2b: Tyranitar|Tyranitar-Mega, L50, F
|-mega|p2b: Tyranitar|Tyranitar|Tyranitarite
|move|p1a: Swampert|Protect|p1a: Swampert
|-singleturn|p1a: Swampert|Protect
|move|p2a: Palafin|Jet Punch|p1b: Basculegion
|-resisted|p1b: Basculegion|1
|-damage|p1b: Basculegion|9/100
|move|p1b: Basculegion|Wave Crash|p2b: Tyranitar
|-supereffective|p2b: Tyranitar|1
|-damage|p2b: Tyranitar|20/100y
|-damage|p1b: Basculegion|0 fnt|[from] Recoil
|faint|p1b: Basculegion
|move|p2b: Tyranitar|Knock Off|p1a: Swampert
|-activate|p1a: Swampert|move: Protect
|
|-weather|Sandstorm|[upkeep]
|-damage|p2a: Palafin|88/100|[from] Sandstorm
|upkeep
|
|t:|1782982758
|switch|p1b: Pelipper|Pelipper, L50, M|68/100
|-weather|RainDance|[from] ability: Drizzle|[of] p1b: Pelipper
|turn|6
|
|t:|1782982772
|move|p2b: Tyranitar|Protect|p2b: Tyranitar
|-singleturn|p2b: Tyranitar|Protect
|move|p2a: Palafin|Jet Punch|p1a: Swampert
|-damage|p1a: Swampert|0 fnt
|faint|p1a: Swampert
|move|p1b: Pelipper|Hurricane|p2a: Palafin
|-damage|p2a: Palafin|51/100
|
|-weather|RainDance|[upkeep]
|upkeep
|turn|7
|
|t:|1782982784
|move|p2a: Palafin|Jet Punch|p1b: Pelipper
|-resisted|p1b: Pelipper|1
|-damage|p1b: Pelipper|38/100
|-enditem|p1b: Pelipper|Sitrus Berry|[eat]
|-heal|p1b: Pelipper|62/100|[from] item: Sitrus Berry
|move|p1b: Pelipper|Weather Ball|p2b: Tyranitar
|-supereffective|p2b: Tyranitar|1
|-damage|p2b: Tyranitar|0 fnt
|faint|p2b: Tyranitar
|
|-weather|RainDance|[upkeep]
|upkeep
|turn|8
|
|t:|1782982795
|move|p2a: Palafin|Ice Punch|p1b: Pelipper
|-damage|p1b: Pelipper|33/100
|move|p1b: Pelipper|Hurricane|p2a: Palafin
|-damage|p2a: Palafin|14/100
|
|-weather|RainDance|[upkeep]
|upkeep
|turn|9
|
|t:|1782982816
|move|p2a: Palafin|Protect|p2a: Palafin
|-singleturn|p2a: Palafin|Protect
|move|p1b: Pelipper|Hurricane|p2a: Palafin
|-activate|p2a: Palafin|move: Protect
|
|-weather|RainDance|[upkeep]
|upkeep
|turn|10
|
|t:|1782982827
|move|p2a: Palafin|Jet Punch|p1b: Pelipper
|-resisted|p1b: Pelipper|1
|-damage|p1b: Pelipper|1/100
|move|p1b: Pelipper|Hurricane|p2a: Palafin
|-damage|p2a: Palafin|0 fnt
|faint|p2a: Palafin
|
|win|raksbach
