|j|☆heatvw
|j|☆Quill86
|html|heatvwQuill86    
|uhtml|bestof|Game 2 of a best-of-3
|t:|1756947519
|gametype|doubles
|player|p1|heatvw|gambler|1205
|player|p2|Quill86|lucas|1334
|gen|9
|tier|[Gen 9] VGC 2025 Reg H (Bo3)
|rated|
|rule|Species Clause: Limit one of each Pokémon
|rule|Item Clause: Limit 1 of each item
|clearpoke
|poke|p1|Flamigo, L50, F|
|poke|p1|Ninetales-Alola, L50, F|
|poke|p1|Garchomp, L50, M|
|poke|p1|Incineroar, L50, F|
|poke|p1|Amoonguss, L50, M|
|poke|p1|Kingambit, L50, M|
|poke|p2|Indeedee-F, L50, F|
|poke|p2|Gallade, L50, M|
|poke|p2|Torkoal, L50, M|
|poke|p2|Ursaluna, L50, M|
|poke|p2|Hatterene, L50, F|
|poke|p2|Smeargle, L50, M|
|teampreview|4
|showteam|p1|Flamigo||ChoiceBand|Scrappy|Uturn,CloseCombat,BraveBird,Facade|||F|||50|,,,,,Stellar]Ninetales-Alola||FocusSash|SnowWarning|Protect,Encore,IcyWind,Blizzard|||F|||50|,,,,,Ghost]Garchomp||LifeOrb|RoughSkin|DragonClaw,StompingTantrum,Earthquake,Protect|||M|||50|,,,,,Ground]Incineroar||SafetyGoggles|Intimidate|FakeOut,FlareBlitz,KnockOff,PartingShot|||F|||50|,,,,,Ghost]Amoonguss||SitrusBerry|Regenerator|Spore,RagePowder,PollenPuff,Protect|||M|||50|,,,,,Water]Kingambit||AssaultVest|Defiant|KowtowCleave,IronHead,LowKick,SuckerPunch|||M|||50|,,,,,Fire
|showteam|p2|Indeedee-F||PsychicSeed|PsychicSurge|FollowMe,TrickRoom,HelpingHand,DazzlingGleam|||F|||50|,,,,,Fairy]Gallade||ClearAmulet|Sharpness|SacredSword,WideGuard,TrickRoom,PsychoCut|||M|||50|,,,,,Grass]Torkoal||ChoiceSpecs|Drought|Eruption,WeatherBall,EarthPower,HeatWave|||M|||50|,,,,,Fire]Ursaluna||FlameOrb|Guts|Protect,HeadlongRush,Facade,Earthquake|||M|||50|,,,,,Ghost]Hatterene||LifeOrb|MagicBounce|DazzlingGleam,ExpandingForce,MysticalFire,TrickRoom|||F|||50|,,,,,Fire]Smeargle||FocusSash|Moody|FakeOut,Spore,Instruct,FollowMe|||M|||50|,,,,,Ghost
|inactive|Battle timer is ON: inactive players will automatically lose when time's up. (requested by heatvw)
|inactive|heatvw has 60 seconds left.
|
|t:|1756947552
|teamsize|p1|4
|teamsize|p2|4
|start
|switch|p1a: Amoonguss|Amoonguss, L50, M, shiny|100/100
|switch|p1b: Garchomp|Garchomp, L50, M, shiny|100/100
|switch|p2a: Indeedee|Indeedee-F, L50, F|100/100
|switch|p2b: Gallade|Gallade, L50, M|100/100
|-fieldstart|move: Psychic Terrain|[from] ability: Psychic Surge|[of] p2a: Indeedee
|-enditem|p2a: Indeedee|Psychic Seed
|-boost|p2a: Indeedee|spd|1|[from] item: Psychic Seed
|turn|1
|inactive|Quill86 has 30 seconds left.
|
|t:|1756947578
|-terastallize|p2b: Gallade|Grass
|move|p1b: Garchomp|Dragon Claw|p2b: Gallade
|-damage|p2b: Gallade|20/100
|-damage|p1b: Garchomp|91/100|[from] item: Life Orb
|move|p2a: Indeedee|Dazzling Gleam|p1b: Garchomp|[spread] p1a,p1b
|-resisted|p1a: Amoonguss
|-supereffective|p1b: Garchomp
|-damage|p1a: Amoonguss|95/100
|-damage|p1b: Garchomp|62/100
|move|p1a: Amoonguss|Spore|p2a: Indeedee
|-status|p2a: Indeedee|slp|[from] move: Spore
|move|p2b: Gallade|Trick Room|p2b: Gallade
|-fieldstart|move: Trick Room|[of] p2b: Gallade
|
|upkeep
|turn|2
|
|t:|1756947601
|switch|p2a: Ursaluna|Ursaluna, L50, M|100/100
|-terastallize|p1a: Amoonguss|Water
|move|p1a: Amoonguss|Pollen Puff|p1b: Garchomp
|-heal|p1b: Garchomp|100/100
|move|p2b: Gallade|Psycho Cut|p1b: Garchomp
|-crit|p1b: Garchomp
|-damage|p1b: Garchomp|0 fnt
|faint|p1b: Garchomp
|
|-status|p2a: Ursaluna|brn|[from] item: Flame Orb
|upkeep
|inactive|heatvw has 30 seconds left.
|
|t:|1756947628
|switch|p1b: Incineroar|Incineroar, L50, F, shiny|100/100
|-ability|p1b: Incineroar|Intimidate|boost
|-unboost|p2a: Ursaluna|atk|1
|-fail|p2b: Gallade|unboost|[from] item: Clear Amulet|[of] p2b: Gallade
|turn|3
|
|t:|1756947654
|move|p1a: Amoonguss|Rage Powder|p1a: Amoonguss
|-singleturn|p1a: Amoonguss|move: Rage Powder
|move|p2a: Ursaluna|Facade|p1a: Amoonguss
|-damage|p1a: Amoonguss|32/100
|-enditem|p1a: Amoonguss|Sitrus Berry|[eat]
|-heal|p1a: Amoonguss|56/100|[from] item: Sitrus Berry
|move|p2b: Gallade|Sacred Sword|p1b: Incineroar
|-supereffective|p1b: Incineroar
|-damage|p1b: Incineroar|0 fnt
|faint|p1b: Incineroar
|
|-damage|p2a: Ursaluna|95/100 brn|[from] brn
|upkeep
|
|t:|1756947665
|switch|p1b: Kingambit|Kingambit, L50, M|100/100
|turn|4
|
|t:|1756947679
|move|p2a: Ursaluna|Headlong Rush|p1b: Kingambit
|-supereffective|p1b: Kingambit
|-damage|p1b: Kingambit|0 fnt
|-unboost|p2a: Ursaluna|def|1
|-unboost|p2a: Ursaluna|spd|1
|faint|p1b: Kingambit
|move|p1a: Amoonguss|Pollen Puff|p2b: Gallade
|-supereffective|p2b: Gallade
|-damage|p2b: Gallade|0 fnt
|faint|p2b: Gallade
|
|-damage|p2a: Ursaluna|89/100 brn|[from] brn
|upkeep
|
|t:|1756947689
|switch|p2b: Torkoal|Torkoal, L50, M|100/100
|-weather|SunnyDay|[from] ability: Drought|[of] p2b: Torkoal
|turn|5
|
|t:|1756947696
|move|p1a: Amoonguss|Protect|p1a: Amoonguss
|-singleturn|p1a: Amoonguss|Protect
|move|p2b: Torkoal|Weather Ball|p1a: Amoonguss
|-activate|p1a: Amoonguss|move: Protect
|move|p2a: Ursaluna|Facade|p1a: Amoonguss
|-activate|p1a: Amoonguss|move: Protect
|
|-weather|SunnyDay|[upkeep]
|-damage|p2a: Ursaluna|83/100 brn|[from] brn
|-fieldend|move: Trick Room
|-fieldend|move: Psychic Terrain
|upkeep
|turn|6
|
|t:|1756947701
|move|p1a: Amoonguss|Spore|p2b: Torkoal
|-status|p2b: Torkoal|slp|[from] move: Spore
|move|p2a: Ursaluna|Facade|p1a: Amoonguss
|-crit|p1a: Amoonguss
|-damage|p1a: Amoonguss|0 fnt
|faint|p1a: Amoonguss
|
|win|Quill86
|raw|heatvw's rating: 1205 → 1189(-16 for losing)
|raw|Quill86's rating: 1334 → 1347(+13 for winning)
|c|☆Quill86|gg
|l|☆Quill86
|player|p2|
