|j|â˜†fratencio
|j|â˜†TheThunderstorm
|html|fratencioTheThunderstorm    
|uhtml|bestof|Game 2 of a best-of-3
|t:|1786129920
|gametype|doubles
|player|p1|fratencio|2|1047
|player|p2|TheThunderstorm|265|1148
|gen|9
|tier|[Gen 9 Champions] VGC 2026 Reg M-B (Bo3)
|rated|
|rule|Species Clause: Limit one of each PokÃ©mon
|rule|Item Clause: Limit 1 of each item
|clearpoke
|poke|p1|Slowbro, L50, F|
|poke|p1|Raichu, L50, F, shiny|
|poke|p1|Mawile, L50, F|
|poke|p1|Houndoom, L50, M|
|poke|p1|Altaria, L50, F|
|poke|p1|Sceptile, L50, F, shiny|
|poke|p2|Staraptor, L50, M|
|poke|p2|Garchomp, L50, M|
|poke|p2|Whimsicott, L50, M|
|poke|p2|Delphox, L50, M|
|poke|p2|Glimmora, L50, M|
|poke|p2|Kingambit, L50, M|
|teampreview|4
|showteam|p1|Slowbro||Leftovers|Regenerator|MuddyWater,PsychicNoise,ShadowBall,TrickRoom|Calm||F|||50|]Raichu||RaichuniteX|LightningRod|Feint,FakeOut,VoltSwitch,BrickBreak|Jolly||F|||50|]Mawile||Mawilite|Intimidate|SwordsDance,IronHead,PlayRough,IcyWind|Jolly||F|||50|]Houndoom||Houndoominite|FlashFire|Protect,FireSpin,SuckerPunch,Snarl|Serious||M|||50|]Altaria||YacheBerry|CloudNine|IceBeam,DragonDance,DracoMeteor,Earthquake|Jolly||F|||50|]Sceptile||FocusSash|Unburden|Synthesis,ThunderPunch,Agility,BulletSeed|Adamant||F|||50|
|showteam|p2|Staraptor||Staraptite|Intimidate|Protect,Roost,CloseCombat,BraveBird|Jolly||M|||50|]Garchomp||LifeOrb|RoughSkin|Protect,RockSlide,Earthquake,DragonClaw|Jolly||M|||50|]Whimsicott||OccaBerry|Prankster|Moonblast,Tailwind,Charm,LightScreen|Timid||M|||50|]Delphox||Delphoxite|Magician|Protect,Psychic,HeatWave,Substitute|Timid||M|||50|]Glimmora||FocusSash|ToxicDebris|SpikyShield,SludgeBomb,EarthPower,PowerGem|Timid||M|||50|]Kingambit||ChopleBerry|Defiant|SuckerPunch,LowKick,IronHead,KowtowCleave|Adamant||M|||50|
|
|t:|1786129943
|teamsize|p1|4
|teamsize|p2|4
|start
|switch|p1a: Slowbro|Slowbro, L50, F|100/100
|switch|p1b: Mawile|Mawile, L50, F|100/100
|switch|p2a: Staraptor|Staraptor, L50, M|100/100
|switch|p2b: Whimsicott|Whimsicott, L50, M|100/100
|-ability|p2a: Staraptor|Intimidate|boost
|-unboost|p1a: Slowbro|atk|1
|-unboost|p1b: Mawile|atk|1
|-ability|p1b: Mawile|Intimidate|boost
|-unboost|p2a: Staraptor|atk|1
|-unboost|p2b: Whimsicott|atk|1
|turn|1
|inactive|Battle timer is ON: inactive players will automatically lose when time's up. (requested by TheThunderstorm)
|
|t:|1786129985
|detailschange|p2a: Staraptor|Staraptor-Mega, L50, M
|-mega|p2a: Staraptor|Staraptor|Staraptite
|detailschange|p1b: Mawile|Mawile-Mega, L50, F
|-mega|p1b: Mawile|Mawile|Mawilite
|move|p2b: Whimsicott|Charm|p2a: Staraptor
|-boost|p2a: Staraptor|atk|2
|move|p2a: Staraptor|Close Combat|p1b: Mawile
|-damage|p1b: Mawile|17/100
|-boost|p2a: Staraptor|def|1
|-boost|p2a: Staraptor|spd|1
|move|p1b: Mawile|Play Rough|p2a: Staraptor
|-supereffective|p2a: Staraptor|1
|-crit|p2a: Staraptor
|-damage|p2a: Staraptor|0 fnt
|faint|p2a: Staraptor
|move|p1a: Slowbro|Psychic Noise|p2b: Whimsicott
|-damage|p2b: Whimsicott|59/100
|-start|p2b: Whimsicott|move: Heal Block
|
|upkeep
|c|â˜†fratencio|Them
|inactive|TheThunderstorm has 30 seconds left.
|
|t:|1786130014
|switch|p2a: Garchomp|Garchomp, L50, M|100/100
|turn|2
|c|â˜†fratencio|2 crucial Crits
|c|â˜†TheThunderstorm|Hahahahahah
|c|â˜†TheThunderstorm|It happens
|
|t:|1786130036
|switch|p1b: Altaria|Altaria, L50, F|100/100
|-ability|p1b: Altaria|Cloud Nine
|move|p2b: Whimsicott|Moonblast|p1b: Altaria
|-supereffective|p1b: Altaria|1
|-damage|p1b: Altaria|46/100
|move|p2a: Garchomp|Dragon Claw|p1a: Slowbro
|-damage|p1a: Slowbro|53/100
|-damage|p2a: Garchomp|90/100|[from] item: Life Orb
|move|p1a: Slowbro|Psychic Noise|p2a: Garchomp
|-damage|p2a: Garchomp|55/100
|-start|p2a: Garchomp|move: Heal Block
|
|-heal|p1a: Slowbro|59/100|[from] item: Leftovers
|-end|p2b: Whimsicott|move: Heal Block
|upkeep
|turn|3
|inactive|fratencio has 30 seconds left.
|inactive|TheThunderstorm has 30 seconds left.
|
|t:|1786130065
|switch|p1b: Mawile|Mawile-Mega, L50, F|17/100
|move|p2b: Whimsicott|Light Screen|p2b: Whimsicott
|-sidestart|p2: TheThunderstorm|move: Light Screen
|move|p2a: Garchomp|Dragon Claw|p1b: Mawile
|-immune|p1b: Mawile
|move|p1a: Slowbro|Trick Room|p1a: Slowbro
|-fieldstart|move: Trick Room|[of] p1a: Slowbro
|
|-heal|p1a: Slowbro|65/100|[from] item: Leftovers
|-end|p2a: Garchomp|move: Heal Block
|upkeep
|turn|4
|
|t:|1786130085
|-heal|p1a: Slowbro|98/100|[from] ability: Regenerator|[silent]
|switch|p1a: Houndoom|Houndoom, L50, M|100/100
|move|p1b: Mawile|Play Rough|p2a: Garchomp
|-supereffective|p2a: Garchomp|1
|-crit|p2a: Garchomp
|-damage|p2a: Garchomp|0 fnt
|-damage|p1b: Mawile|5/100|[from] ability: Rough Skin|[of] p2a: Garchomp
|faint|p2a: Garchomp
|move|p2b: Whimsicott|Moonblast|p1b: Mawile
|-resisted|p1b: Mawile|1
|-damage|p1b: Mawile|0 fnt
|faint|p1b: Mawile
|
|upkeep
|inactive|fratencio has 30 seconds left.
|inactive|TheThunderstorm has 30 seconds left.
|
|t:|1786130113
|switch|p1b: Slowbro|Slowbro, L50, F|98/100
|switch|p2a: Glimmora|Glimmora, L50, M|100/100
|turn|5
|
|t:|1786130125
|move|p2a: Glimmora|Spiky Shield|p2a: Glimmora
|-singleturn|p2a: Glimmora|move: Protect
|move|p1b: Slowbro|Psychic Noise|p2a: Glimmora
|-activate|p2a: Glimmora|move: Protect
|move|p1a: Houndoom|Snarl|p2a: Glimmora|[spread] p2b
|-activate|p2a: Glimmora|move: Protect
|-resisted|p2b: Whimsicott|1
|-damage|p2b: Whimsicott|52/100
|-unboost|p2b: Whimsicott|spa|1
|move|p2b: Whimsicott|Moonblast|p1a: Houndoom
|-damage|p1a: Houndoom|78/100
|
|-heal|p1b: Slowbro|100/100|[from] item: Leftovers
|upkeep
|turn|6
|inactive|TheThunderstorm has 30 seconds left.
|
|t:|1786130155
|move|p1b: Slowbro|Psychic Noise|p2a: Glimmora
|-supereffective|p2a: Glimmora|1
|-damage|p2a: Glimmora|49/100
|-start|p2a: Glimmora|move: Heal Block
|move|p1a: Houndoom|Snarl|p2b: Whimsicott|[spread] p2b
|-miss|p1a: Houndoom|p2a: Glimmora
|-resisted|p2b: Whimsicott|1
|-damage|p2b: Whimsicott|45/100
|-unboost|p2b: Whimsicott|spa|1
|move|p2a: Glimmora|Power Gem|p1a: Houndoom
|-supereffective|p1a: Houndoom|1
|-damage|p1a: Houndoom|0 fnt
|faint|p1a: Houndoom
|move|p2b: Whimsicott|Moonblast|p1b: Slowbro
|-damage|p1b: Slowbro|86/100
|
|-heal|p1b: Slowbro|92/100|[from] item: Leftovers
|upkeep
|
|t:|1786130169
|switch|p1a: Altaria|Altaria, L50, F|46/100
|-ability|p1a: Altaria|Cloud Nine
|turn|7
|
|t:|1786130188
|move|p2a: Glimmora|Spiky Shield|p2a: Glimmora
|-singleturn|p2a: Glimmora|move: Protect
|move|p1b: Slowbro|Muddy Water|p2a: Glimmora|[spread] p2b
|-activate|p2a: Glimmora|move: Protect
|-resisted|p2b: Whimsicott|1
|-damage|p2b: Whimsicott|31/100
|move|p1a: Altaria|Earthquake|p2b: Whimsicott|[spread] p1b,p2b
|-activate|p2a: Glimmora|move: Protect
|-resisted|p2b: Whimsicott|1
|-crit|p2b: Whimsicott
|-damage|p1b: Slowbro|81/100
|-damage|p2b: Whimsicott|18/100
|move|p2b: Whimsicott|Moonblast|p1a: Altaria
|-supereffective|p1a: Altaria|1
|-damage|p1a: Altaria|19/100
|
|-heal|p1b: Slowbro|87/100|[from] item: Leftovers
|-end|p2a: Glimmora|move: Heal Block
|-sideend|p2: TheThunderstorm|move: Light Screen
|-fieldend|move: Trick Room
|upkeep
|turn|8
|
|t:|1786130210
|move|p2b: Whimsicott|Light Screen|p2b: Whimsicott
|-sidestart|p2: TheThunderstorm|move: Light Screen
|move|p2a: Glimmora|Power Gem|p1a: Altaria
|-supereffective|p1a: Altaria|1
|-damage|p1a: Altaria|0 fnt
|faint|p1a: Altaria
|move|p1b: Slowbro|Trick Room|p1b: Slowbro
|-fieldstart|move: Trick Room|[of] p1b: Slowbro
|
|-heal|p1b: Slowbro|93/100|[from] item: Leftovers
|upkeep
|turn|9
|
|t:|1786130235
|move|p1b: Slowbro|Psychic Noise|p2a: Glimmora
|-supereffective|p2a: Glimmora|1
|-damage|p2a: Glimmora|0 fnt
|faint|p2a: Glimmora
|move|p2b: Whimsicott|Moonblast|p1b: Slowbro
|-damage|p1b: Slowbro|80/100
|
|-heal|p1b: Slowbro|86/100|[from] item: Leftovers
|upkeep
|turn|10
|c|â˜†fratencio|Gg
|c|â˜†TheThunderstorm|gg
|
|t:|1786130248
|move|p1b: Slowbro|Shadow Ball|p2b: Whimsicott
|-damage|p2b: Whimsicott|0 fnt
|faint|p2b: Whimsicott
|
|win|fratencio
|raw|fratencio's rating: 1047 → 1089(+42 for winning)
|raw|TheThunderstorm's rating: 1148 → 1116(-32 for losing)
|l|â˜†TheThunderstorm
|player|p2|
|l|â˜†fratencio
|player|p1|
|j|â˜†fratencio
|player|p1|fratencio|2|
