|j|☆ABLEX27
|j|☆Mrboss2025
|html|ABLEX27Mrboss2025    
|uhtml|bestof|Game 2 of a best-of-3
|t:|1783834213
|gametype|doubles
|player|p1|ABLEX27|brycen|
|player|p2|Mrboss2025|266|
|gen|9
|tier|[Gen 9 Champions] VGC 2026 Reg M-B (Bo3)
|rule|Species Clause: Limit one of each Pokémon
|rule|Item Clause: Limit 1 of each item
|clearpoke
|poke|p1|Hawlucha, L50, F|
|poke|p1|Vanilluxe, L50, F|
|poke|p1|Ceruledge, L50, M|
|poke|p1|Lucario, L50, M|
|poke|p1|Meowscarada, L50, F, shiny|
|poke|p1|Alakazam, L50, F|
|poke|p2|Pelipper, L50, M, shiny|
|poke|p2|Dragonite, L50, F, shiny|
|poke|p2|Basculegion-F, L50, F, shiny|
|poke|p2|Scizor, L50, F, shiny|
|poke|p2|Raichu, L50, M, shiny|
|poke|p2|Tauros-Paldea-Aqua, L50, M|
|teampreview|4
|showteam|p1|Hawlucha||Hawluchanite|Limber|Entrainment,BraveBird,CloseCombat,Detect|Jolly||F|||50|]Vanilluxe||Leftovers|SnowWarning|AuroraVeil,Blizzard,AllySwitch,SheerCold|Timid||F|||50|]Ceruledge||Charcoal|WeakArmor|ShadowSneak,BitterBlade,Protect,BulkUp|Jolly||M|||50|]Lucario||Lucarionite|Justified|CloseCombat,MeteorMash,ThunderPunch,Detect|Adamant||M|||50|]Meowscarada||ChoiceScarf|Protean|FlowerTrick,KnockOff,ThunderPunch,Uturn|Adamant||F|||50|]Alakazam||FocusSash|InnerFocus|ShadowBall,Psychic,Protect,AllySwitch|Timid||F|||50|
|showteam|p2|Pelipper||FocusSash|Drizzle|Hurricane,WeatherBall,Tailwind,Protect|Modest||M|||50|]Dragonite||Dragoninite|InnerFocus|ExtremeSpeed,Hurricane,Thunder,Protect|Mild||F|||50|]Basculegion-F||MysticWater|MoldBreaker|AquaJet,Blizzard,HydroPump,ChillingWater|Timid||F|||50|]Scizor||Scizorite|Technician|CloseCombat,BulletPunch,Counter,DoubleEdge|Impish||F|||50|]Raichu||ExpertBelt|LightningRod|ElectroBall,IronTail,QuickAttack,Thunderbolt|Relaxed||M|||50|]Tauros-Paldea-Aqua||Leftovers|Intimidate|Earthquake,IronHead,Protect,Liquidation|Sassy||M|||50|
|
|t:|1783834239
|teamsize|p1|4
|teamsize|p2|4
|start
|switch|p1a: Hawlucha|Hawlucha, L50, F|100/100
|switch|p1b: Vanilluxe|Vanilluxe, L50, F|100/100
|switch|p2a: Pelipper|Pelipper, L50, M, shiny|100/100
|switch|p2b: Dragonite|Dragonite, L50, F, shiny|100/100
|-weather|Snowscape|[from] ability: Snow Warning|[of] p1b: Vanilluxe
|-weather|RainDance|[from] ability: Drizzle|[of] p2a: Pelipper
|turn|1
|
|t:|1783834267
|detailschange|p1a: Hawlucha|Hawlucha-Mega, L50, F
|-mega|p1a: Hawlucha|Hawlucha|Hawluchanite
|detailschange|p2b: Dragonite|Dragonite-Mega, L50, F, shiny
|-mega|p2b: Dragonite|Dragonite|Dragoninite
|move|p1a: Hawlucha|Entrainment|p1b: Vanilluxe
|-ability|p1b: Vanilluxe|No Guard|Snow Warning|[from] move: Entrainment|[of] p1a: Hawlucha
|move|p2b: Dragonite|Hurricane|p1a: Hawlucha
|-supereffective|p1a: Hawlucha|1
|-damage|p1a: Hawlucha|0 fnt
|faint|p1a: Hawlucha
|move|p1b: Vanilluxe|Sheer Cold|p2a: Pelipper
|-enditem|p2a: Pelipper|Focus Sash
|-damage|p2a: Pelipper|1/100
|move|p2a: Pelipper|Tailwind|p2a: Pelipper
|-sidestart|p2: Mrboss2025|move: Tailwind
|
|-weather|RainDance|[upkeep]
|upkeep
|
|t:|1783834290
|switch|p1a: Ceruledge|Ceruledge, L50, M|100/100
|turn|2
|
|t:|1783834307
|move|p1a: Ceruledge|Shadow Sneak|p2a: Pelipper
|-damage|p2a: Pelipper|0 fnt
|faint|p2a: Pelipper
|move|p2b: Dragonite|Thunder|p1a: Ceruledge
|-damage|p1a: Ceruledge|54/100
|move|p1b: Vanilluxe|Blizzard|p2b: Dragonite
|-supereffective|p2b: Dragonite|2
|-damage|p2b: Dragonite|42/100
|-status|p2b: Dragonite|frz
|
|-weather|RainDance|[upkeep]
|upkeep
|
|t:|1783834323
|switch|p2a: Basculegion|Basculegion-F, L50, F, shiny|100/100
|-ability|p2a: Basculegion|Mold Breaker
|turn|3
|
|t:|1783834342
|cant|p2b: Dragonite|frz
|move|p1a: Ceruledge|Protect|p1a: Ceruledge
|-singleturn|p1a: Ceruledge|Protect
|move|p2a: Basculegion|Hydro Pump|p1a: Ceruledge
|-activate|p1a: Ceruledge|move: Protect
|move|p1b: Vanilluxe|Sheer Cold|p2a: Basculegion
|-damage|p2a: Basculegion|0 fnt
|faint|p2a: Basculegion
|-ohko
|
|-weather|RainDance|[upkeep]
|upkeep
|
|t:|1783834353
|switch|p2a: Raichu|Raichu, L50, M, shiny|100/100
|turn|4
|
|t:|1783834367
|cant|p2b: Dragonite|frz
|move|p2a: Raichu|Iron Tail|p1b: Vanilluxe
|-supereffective|p1b: Vanilluxe|1
|-damage|p1b: Vanilluxe|39/100
|move|p1a: Ceruledge|Bulk Up|p1a: Ceruledge
|-boost|p1a: Ceruledge|atk|1
|-boost|p1a: Ceruledge|def|1
|move|p1b: Vanilluxe|Sheer Cold|p2a: Raichu
|-damage|p2a: Raichu|0 fnt
|faint|p2a: Raichu
|-ohko
|
|-weather|RainDance|[upkeep]
|-heal|p1b: Vanilluxe|45/100|[from] item: Leftovers
|-sideend|p2: Mrboss2025|move: Tailwind
|upkeep
|turn|5
|
|t:|1783834395
|-curestatus|p2b: Dragonite|frz|[msg]
|move|p2b: Dragonite|Extreme Speed|p1b: Vanilluxe
|-damage|p1b: Vanilluxe|19/100
|move|p1a: Ceruledge|Bitter Blade|p2b: Dragonite
|-resisted|p2b: Dragonite|1
|-damage|p2b: Dragonite|23/100
|-heal|p1a: Ceruledge|66/100|[from] drain|[of] p2b: Dragonite
|move|p1b: Vanilluxe|Blizzard|p2b: Dragonite
|-supereffective|p2b: Dragonite|2
|-damage|p2b: Dragonite|0 fnt
|faint|p2b: Dragonite
|
|win|ABLEX27
|c|☆Mrboss2025|ggs
|c|☆ABLEX27|ggs
|l|☆Mrboss2025
|player|p2|
