|j|☆Darkan33
|j|☆AN555GEL
|html|Darkan33AN555GEL    
|uhtml|bestof|Game 3 of a best-of-3
|t:|1756397371
|gametype|doubles
|player|p1|Darkan33|veteran|1063
|player|p2|AN555GEL|101|1125
|gen|9
|tier|[Gen 9] VGC 2025 Reg H (Bo3)
|rated|
|rule|Species Clause: Limit one of each Pokémon
|rule|Item Clause: Limit 1 of each item
|clearpoke
|poke|p1|Kingdra, L50, M|
|poke|p1|Pelipper, L50, M|
|poke|p1|Garchomp, L50, M|
|poke|p1|Breloom, L50, M|
|poke|p1|Archaludon, L50, F|
|poke|p1|Grimmsnarl, L50, M|
|poke|p2|Rillaboom, L50, M|
|poke|p2|Sneasler, L50, F|
|poke|p2|Basculegion, L50, M|
|poke|p2|Ninetales-Alola, L50, F|
|poke|p2|Magmar, L50, F|
|poke|p2|Archaludon, L50, F|
|teampreview|4
|showteam|p1|Kingdra||LifeOrb|SwiftSwim|MuddyWater,DracoMeteor,Hurricane,Protect|||M|||50|,,,,,Stellar]Pelipper||CovertCloak|Drizzle|WeatherBall,Hurricane,WideGuard,Tailwind|||M|||50|,,,,,Ghost]Garchomp||LoadedDice|RoughSkin|ScaleShot,Protect,StompingTantrum,Earthquake|||M|||50|,,,,,Steel]Breloom||FocusSash|Technician|MachPunch,BulletSeed,Spore,Protect|||M|||50|,,,,,Steel]Archaludon||AssaultVest|Stamina|BodyPress,FlashCannon,ElectroShot,DragonPulse|||F|||50|,,,,,Grass]Grimmsnarl||LightClay|Prankster|LightScreen,Reflect,SpiritBreak,ThunderWave|||M|||50|,,,,,Ghost
|showteam|p2|Rillaboom||AssaultVest|GrassySurge|WoodHammer,GrassyGlide,FakeOut,HighHorsepower|||M|||50|,,,,,Fire]Sneasler||FocusSash|Unburden|DireClaw,CloseCombat,ThroatChop,Protect|||F|||50|,,,,,Stellar]Basculegion||ChoiceScarf|Adaptability|WaveCrash,LastRespects,AquaJet,FlipTurn|||M|||50|,,,,,Grass]Ninetales-Alola||IciclePlate|SnowWarning|Blizzard,FreezeDry,IcyWind,Protect|||F|||50|,,,,,Ice]Magmar||Eviolite|VitalSpirit|Flamethrower,Taunt,FollowMe,Protect|||F|||50|,,,,,Fairy]Archaludon||PowerHerb|Sturdy|ElectroShot,DragonPulse,Thunderbolt,Protect|||F|||50|,,,,,Electric
|inactive|Battle timer is ON: inactive players will automatically lose when time's up. (requested by Darkan33)
|
|t:|1756397401
|teamsize|p1|4
|teamsize|p2|4
|start
|switch|p1a: Archaludon|Archaludon, L50, F|100/100
|switch|p1b: Breloom|Breloom, L50, M, shiny|100/100
|switch|p2a: Sneasler|Sneasler, L50, F, shiny|100/100
|switch|p2b: Magmar|Magmar, L50, F, shiny|100/100
|turn|1
|inactive|Darkan33 has 30 seconds left.
|inactive|Darkan33 has 20 seconds left.
|
|t:|1756397439
|move|p2a: Sneasler|Close Combat|p1a: Archaludon
|-supereffective|p1a: Archaludon
|-damage|p1a: Archaludon|16/100
|-unboost|p2a: Sneasler|def|1
|-unboost|p2a: Sneasler|spd|1
|-ability|p1a: Archaludon|Stamina|boost
|-boost|p1a: Archaludon|def|1
|move|p1b: Breloom|Bullet Seed|p2a: Sneasler
|-resisted|p2a: Sneasler
|-damage|p2a: Sneasler|77/100
|-resisted|p2a: Sneasler
|-damage|p2a: Sneasler|54/100
|-resisted|p2a: Sneasler
|-crit|p2a: Sneasler
|-damage|p2a: Sneasler|21/100
|-hitcount|p2a: Sneasler|3
|move|p2b: Magmar|Flamethrower|p1a: Archaludon
|-damage|p1a: Archaludon|0 fnt
|faint|p1a: Archaludon
|
|upkeep
|
|t:|1756397454
|switch|p1a: Pelipper|Pelipper, L50, M, shiny|100/100
|-weather|RainDance|[from] ability: Drizzle|[of] p1a: Pelipper
|turn|2
|
|t:|1756397475
|switch|p2b: Ninetales|Ninetales-Alola, L50, F, shiny|100/100
|-weather|Snowscape|[from] ability: Snow Warning|[of] p2b: Ninetales
|move|p2a: Sneasler|Protect|p2a: Sneasler
|-singleturn|p2a: Sneasler|Protect
|move|p1b: Breloom|Protect|p1b: Breloom
|-singleturn|p1b: Breloom|Protect
|move|p1a: Pelipper|Tailwind|p1a: Pelipper
|-sidestart|p1: Darkan33|move: Tailwind
|
|-weather|Snowscape|[upkeep]
|upkeep
|turn|3
|inactive|AN555GEL has 30 seconds left.
|
|t:|1756397507
|switch|p1b: Grimmsnarl|Grimmsnarl, L50, M|100/100
|switch|p2a: Magmar|Magmar, L50, F, shiny|100/100
|move|p2b: Ninetales|Protect|p2b: Ninetales
|-singleturn|p2b: Ninetales|Protect
|move|p1a: Pelipper|Weather Ball|p2a: Magmar
|-resisted|p2a: Magmar
|-damage|p2a: Magmar|89/100
|
|-weather|Snowscape|[upkeep]
|upkeep
|turn|4
|inactive|AN555GEL has 30 seconds left.
|
|t:|1756397534
|move|p1a: Pelipper|Wide Guard|p1a: Pelipper
|-singleturn|p1a: Pelipper|Wide Guard
|move|p1b: Grimmsnarl|Light Screen|p1b: Grimmsnarl
|-sidestart|p1: Darkan33|move: Light Screen
|move|p2b: Ninetales|Freeze-Dry|p1a: Pelipper
|-supereffective|p1a: Pelipper
|-damage|p1a: Pelipper|0 fnt
|faint|p1a: Pelipper
|move|p2a: Magmar|Taunt|p1b: Grimmsnarl
|-start|p1b: Grimmsnarl|move: Taunt
|
|-weather|Snowscape|[upkeep]
|upkeep
|
|t:|1756397543
|switch|p1a: Breloom|Breloom, L50, M, shiny|100/100
|turn|5
|c|☆AN555GEL|gg
|
|t:|1756397560
|-terastallize|p2b: Ninetales|Ice
|move|p1a: Breloom|Protect|p1a: Breloom
|-singleturn|p1a: Breloom|Protect
|move|p2a: Magmar|Follow Me|p2a: Magmar
|-singleturn|p2a: Magmar|move: Follow Me
|move|p2b: Ninetales|Blizzard|p1b: Grimmsnarl|[spread] p1b
|-activate|p1a: Breloom|move: Protect
|-damage|p1b: Grimmsnarl|74/100
|move|p1b: Grimmsnarl|Spirit Break|p2a: Magmar
|-resisted|p2a: Magmar
|-damage|p2a: Magmar|75/100
|-unboost|p2a: Magmar|spa|1
|
|-weather|Snowscape|[upkeep]
|-sideend|p1: Darkan33|move: Tailwind
|upkeep
|turn|6
|
|t:|1756397579
|-terastallize|p1a: Breloom|Steel
|move|p2a: Magmar|Follow Me|p2a: Magmar
|-singleturn|p2a: Magmar|move: Follow Me
|move|p1a: Breloom|Mach Punch|p2a: Magmar
|-damage|p2a: Magmar|49/100
|move|p2b: Ninetales|Blizzard|p1b: Grimmsnarl|[spread] p1a,p1b
|-resisted|p1a: Breloom
|-damage|p1a: Breloom|76/100
|-damage|p1b: Grimmsnarl|43/100
|move|p1b: Grimmsnarl|Spirit Break|p2a: Magmar
|-resisted|p2a: Magmar
|-damage|p2a: Magmar|37/100
|-unboost|p2a: Magmar|spa|1
|
|-weather|none
|upkeep
|turn|7
|
|t:|1756397601
|move|p2b: Ninetales|Protect|p2b: Ninetales
|-singleturn|p2b: Ninetales|Protect
|move|p2a: Magmar|Protect|p2a: Magmar
|-singleturn|p2a: Magmar|Protect
|move|p1a: Breloom|Mach Punch|p2b: Ninetales
|-activate|p2b: Ninetales|move: Protect
|move|p1b: Grimmsnarl|Spirit Break|p2a: Magmar
|-activate|p2a: Magmar|move: Protect
|
|-end|p1b: Grimmsnarl|move: Taunt
|upkeep
|turn|8
|
|t:|1756397622
|switch|p2b: Gooseberry|Basculegion, L50, M, shiny|100/100
|move|p2a: Magmar|Follow Me|p2a: Magmar
|-singleturn|p2a: Magmar|move: Follow Me
|move|p1b: Grimmsnarl|Light Screen||[still]
|-fail|p1b: Grimmsnarl
|move|p1a: Breloom|Spore|p2a: Magmar
|-immune|p2a: Magmar|[from] ability: Vital Spirit
|
|upkeep
|turn|9
|inactive|Darkan33 has 30 seconds left.
|
|t:|1756397652
|move|p2a: Magmar|Follow Me|p2a: Magmar
|-singleturn|p2a: Magmar|move: Follow Me
|move|p1b: Grimmsnarl|Reflect|p1b: Grimmsnarl
|-sidestart|p1: Darkan33|Reflect
|move|p2b: Gooseberry|Wave Crash|p1b: Grimmsnarl
|-damage|p1b: Grimmsnarl|0 fnt
|faint|p1b: Grimmsnarl
|-damage|p2b: Gooseberry|87/100|[from] Recoil
|move|p1a: Breloom|Bullet Seed|p2a: Magmar
|-resisted|p2a: Magmar
|-damage|p2a: Magmar|30/100
|-resisted|p2a: Magmar
|-damage|p2a: Magmar|21/100
|-hitcount|p2a: Magmar|2
|
|upkeep
|turn|10
|
|t:|1756397668
|move|p2a: Magmar|Follow Me|p2a: Magmar
|-singleturn|p2a: Magmar|move: Follow Me
|move|p2b: Gooseberry|Wave Crash|p1a: Breloom
|-damage|p1a: Breloom|0 fnt
|faint|p1a: Breloom
|-damage|p2b: Gooseberry|69/100|[from] Recoil
|
|win|AN555GEL
|raw|Darkan33's rating: 1063 → 1047(-16 for losing)
|raw|AN555GEL's rating: 1125 → 1146(+21 for winning)
