|j|☆snailboss
|j|☆chupete goat
|html|snailbosschupete goat    
|uhtml|bestof|Game 3 of a best-of-3
|t:|1756229027
|gametype|doubles
|player|p1|snailboss|hilda-wonderlauncher|1273
|player|p2|chupete goat|steven|1188
|gen|9
|tier|[Gen 9] VGC 2025 Reg H (Bo3)
|rated|
|rule|Species Clause: Limit one of each Pokémon
|rule|Item Clause: Limit 1 of each item
|clearpoke
|poke|p1|Kingambit, L50, F|
|poke|p1|Ninetales-Alola, L50, F|
|poke|p1|Rillaboom, L50, M|
|poke|p1|Volcarona, L50, M|
|poke|p1|Tauros-Paldea-Aqua, L50, M|
|poke|p1|Electabuzz, L50, F|
|poke|p2|Grimmsnarl, L50, M|
|poke|p2|Archaludon, L50, F|
|poke|p2|Sinistcha, L50|
|poke|p2|Pelipper, L50, F|
|poke|p2|Maushold, L50|
|poke|p2|Annihilape, L50, F|
|teampreview|4
|showteam|p1|Kingambit||BlackGlasses|Defiant|SuckerPunch,KowtowCleave,SwordsDance,Protect|||F|||50|,,,,,Ghost]Ninetales-Alola||FocusSash|SnowWarning|FreezeDry,Moonblast,Encore,Disable|||F|||50|,,,,,Fairy]Rillaboom||AssaultVest|GrassySurge|FakeOut,GrassyGlide,WoodHammer,HighHorsepower|||M|||50|,,,,,Fire]Volcarona||CovertCloak|FlameBody|QuiverDance,HeatWave,GigaDrain,Protect|||M|||50|,,,,,Grass]Tauros-Paldea-Aqua||GrassySeed|Intimidate|WaveCrash,BodyPress,Protect,AquaJet|||M|||50|,,,,,Fire]Electabuzz||Eviolite|VitalSpirit|FollowMe,Electroweb,HelpingHand,Taunt|||F|||50|,,,,,Ghost
|showteam|p2|Grimmsnarl||LightClay|Prankster|SpiritBreak,ThunderWave,Reflect,LightScreen|||M|||50|,,,,,Ghost]Archaludon||AssaultVest|Stamina|ElectroShot,FlashCannon,BodyPress,Snarl|||F|||50|,,,,,Grass]Sinistcha||SitrusBerry|Hospitality|MatchaGotcha,LifeDew,RagePowder,TrickRoom||||||50|,,,,,Dark]Pelipper||FocusSash|Drizzle|Hurricane,WeatherBall,Tailwind,Protect|||F|||50|,,,,,Ghost]Maushold||SafetyGoggles|FriendGuard|BeatUp,Taunt,FollowMe,Protect||||||50|,,,,,Ghost]Annihilape||Leftovers|Defiant|DrainPunch,RageFist,BulkUp,Protect|||F|||50|,,,,,Water
|
|t:|1756229040
|teamsize|p1|4
|teamsize|p2|4
|start
|switch|p1a: Rillaboom|Rillaboom, L50, M|100/100
|switch|p1b: Volcarona|Volcarona, L50, M|100/100
|switch|p2a: Maushold|Maushold, L50|100/100
|switch|p2b: Annihilape|Annihilape, L50, F|100/100
|-fieldstart|move: Grassy Terrain|[from] ability: Grassy Surge|[of] p1a: Rillaboom
|turn|1
|
|t:|1756229054
|move|p2a: Maushold|Beat Up|p2b: Annihilape
|-damage|p2b: Annihilape|99/100
|-damage|p2b: Annihilape|97/100
|-damage|p2b: Annihilape|95/100
|-damage|p2b: Annihilape|93/100
|-hitcount|p2b: Annihilape|4
|move|p2b: Annihilape|Rage Fist|p1b: Volcarona
|-damage|p1b: Volcarona|0 fnt
|faint|p1b: Volcarona
|move|p1a: Rillaboom|Wood Hammer|p2a: Maushold
|-damage|p2a: Maushold|0 fnt
|faint|p2a: Maushold
|-damage|p1a: Rillaboom|71/100|[from] Recoil
|
|-heal|p2b: Annihilape|99/100|[from] Grassy Terrain
|-heal|p2b: Annihilape|100/100|[from] item: Leftovers
|-heal|p1a: Rillaboom|77/100|[from] Grassy Terrain
|upkeep
|
|t:|1756229079
|switch|p2a: Pelipper|Pelipper, L50, F|100/100
|switch|p1b: Kingambit|Kingambit, L50, F|100/100
|-weather|RainDance|[from] ability: Drizzle|[of] p2a: Pelipper
|turn|2
|
|t:|1756229093
|switch|p2a: Sinistcha|Sinistcha, L50|100/100
|move|p2b: Annihilape|Bulk Up|p2b: Annihilape
|-boost|p2b: Annihilape|atk|1
|-boost|p2b: Annihilape|def|1
|move|p1a: Rillaboom|Wood Hammer|p2a: Sinistcha
|-resisted|p2a: Sinistcha
|-damage|p2a: Sinistcha|65/100
|-damage|p1a: Rillaboom|67/100|[from] Recoil
|move|p1b: Kingambit|Swords Dance|p1b: Kingambit
|-boost|p1b: Kingambit|atk|2
|
|-weather|RainDance|[upkeep]
|-heal|p1a: Rillaboom|73/100|[from] Grassy Terrain
|-heal|p2a: Sinistcha|71/100|[from] Grassy Terrain
|upkeep
|turn|3
|
|t:|1756229119
|move|p1b: Kingambit|Protect|p1b: Kingambit
|-singleturn|p1b: Kingambit|Protect
|move|p2b: Annihilape|Drain Punch|p1b: Kingambit
|-activate|p1b: Kingambit|move: Protect
|move|p1a: Rillaboom|Wood Hammer|p2a: Sinistcha
|-resisted|p2a: Sinistcha
|-damage|p2a: Sinistcha|34/100
|-enditem|p2a: Sinistcha|Sitrus Berry|[eat]
|-heal|p2a: Sinistcha|58/100|[from] item: Sitrus Berry
|-damage|p1a: Rillaboom|62/100|[from] Recoil
|move|p2a: Sinistcha|Matcha Gotcha|p1b: Kingambit|[spread] p1a
|-activate|p1b: Kingambit|move: Protect
|-resisted|p1a: Rillaboom
|-damage|p1a: Rillaboom|50/100
|-heal|p2a: Sinistcha|65/100|[from] drain|[of] p1a: Rillaboom
|
|-weather|RainDance|[upkeep]
|-heal|p1a: Rillaboom|56/100|[from] Grassy Terrain
|-heal|p2a: Sinistcha|71/100|[from] Grassy Terrain
|upkeep
|turn|4
|
|t:|1756229191
|switch|p1a: Ninetales|Ninetales-Alola, L50, F|100/100
|-weather|Snowscape|[from] ability: Snow Warning|[of] p1a: Ninetales
|-terastallize|p2a: Sinistcha|Dark
|-terastallize|p1b: Kingambit|Ghost
|move|p2b: Annihilape|Rage Fist|p1a: Ninetales
|-enditem|p1a: Ninetales|Focus Sash
|-damage|p1a: Ninetales|1/100
|move|p2a: Sinistcha|Life Dew||[still]|[spread] p2a,p2b
|-heal|p2a: Sinistcha|97/100
|-fail|p2b: Annihilape|heal
|move|p1b: Kingambit|Kowtow Cleave|p2a: Sinistcha
|-resisted|p2a: Sinistcha
|-damage|p2a: Sinistcha|43/100
|
|-weather|Snowscape|[upkeep]
|-heal|p1a: Ninetales|7/100|[from] Grassy Terrain
|-heal|p2a: Sinistcha|49/100|[from] Grassy Terrain
|upkeep
|turn|5
|
|t:|1756229228
|move|p1a: Ninetales|Moonblast|p2a: Sinistcha
|-supereffective|p2a: Sinistcha
|-damage|p2a: Sinistcha|0 fnt
|faint|p2a: Sinistcha
|move|p2b: Annihilape|Drain Punch|p1a: Ninetales
|-damage|p1a: Ninetales|0 fnt
|faint|p1a: Ninetales
|move|p1b: Kingambit|Swords Dance|p1b: Kingambit
|-boost|p1b: Kingambit|atk|2
|
|-weather|Snowscape|[upkeep]
|-fieldend|move: Grassy Terrain
|upkeep
|
|t:|1756229238
|switch|p1a: Rillaboom|Rillaboom, L50, M|56/100
|switch|p2a: Pelipper|Pelipper, L50, F|100/100
|-fieldstart|move: Grassy Terrain|[from] ability: Grassy Surge|[of] p1a: Rillaboom
|-weather|RainDance|[from] ability: Drizzle|[of] p2a: Pelipper
|turn|6
|
|t:|1756229256
|move|p2a: Pelipper|Protect|p2a: Pelipper
|-singleturn|p2a: Pelipper|Protect
|move|p1b: Kingambit|Sucker Punch|p2b: Annihilape
|-damage|p2b: Annihilape|0 fnt
|faint|p2b: Annihilape
|move|p1a: Rillaboom|Wood Hammer|p2a: Pelipper
|-activate|p2a: Pelipper|move: Protect
|
|-weather|RainDance|[upkeep]
|-heal|p1a: Rillaboom|62/100|[from] Grassy Terrain
|upkeep
|turn|7
|
|t:|1756229273
|move|p1b: Kingambit|Sucker Punch|p2a: Pelipper
|-enditem|p2a: Pelipper|Focus Sash
|-damage|p2a: Pelipper|1/100
|move|p1a: Rillaboom|Wood Hammer|p2a: Pelipper
|-damage|p2a: Pelipper|0 fnt
|faint|p2a: Pelipper
|-damage|p1a: Rillaboom|61/100|[from] Recoil
|
|win|snailboss
|raw|snailboss's rating: 1273 → 1292(+19 for winning)
|raw|chupete goat's rating: 1188 → 1169(-19 for losing)
|l|☆chupete goat
|player|p2|
