|j|☆SlobCat47
|j|☆MasterSkillsalt
|html|SlobCat47MasterSkillsalt    
|uhtml|bestof|Game 1 of a best-of-3
|t:|1784506211
|gametype|doubles
|player|p1|SlobCat47|170|
|player|p2|MasterSkillsalt|265|
|gen|9
|tier|[Gen 9 Champions] VGC 2026 Reg M-B (Bo3)
|rule|Species Clause: Limit one of each Pokémon
|rule|Item Clause: Limit 1 of each item
|clearpoke
|poke|p1|Garchomp, L50, F|
|poke|p1|Lucario, L50, F|
|poke|p1|Manectric, L50, F|
|poke|p1|Ninetales-Alola, L50, F|
|poke|p1|Serperior, L50, M|
|poke|p1|Staraptor, L50, M|
|poke|p2|Gholdengo, L50|
|poke|p2|Archaludon, L50, M|
|poke|p2|Starmie, L50|
|poke|p2|Liepard, L50, F|
|poke|p2|Politoed, L50, F|
|poke|p2|Tyrantrum, L50, M|
|teampreview|4
|showteam|p1|Garchomp||LifeOrb|RoughSkin|Earthquake,Protect,DragonClaw,DragonTail|Jolly||F|||50|]Lucario||Lucarionite|InnerFocus|Detect,FlashCannon,AuraSphere,VacuumWave|Timid||F|||50|]Manectric||Manectite|Static|Protect,Thunder,Flamethrower,VoltSwitch|Timid||F|||50|]Ninetales-Alola||FocusSash|SnowWarning|AuroraVeil,FreezeDry,Protect,Moonblast|Timid||F|||50|]Serperior||ChoiceScarf|Contrary|KnockOff,LeafStorm,GigaDrain,Protect|Modest||M|||50|]Staraptor||Staraptite|Intimidate|CloseCombat,Protect,BraveBird,Uturn|Jolly||M|||50|
|showteam|p2|Gholdengo||LifeOrb|GoodasGold|MakeItRain,NastyPlot,ShadowBall,Protect|Modest|||||50|]Archaludon||Leftovers|Stamina|FlashCannon,ElectroShot,DracoMeteor,Protect|Modest||M|||50|]Starmie||Starminite|NaturalCure|Liquidation,AquaJet,IceSpinner,Protect|Modest|||||50|]Liepard||FocusSash|Prankster|Encore,Charm,FakeOut,KnockOff|Jolly||F|||50|]Politoed||SitrusBerry|Drizzle|WeatherBall,PerishSong,Protect,IcyWind|Bold||F|||50|]Tyrantrum||HardStone|RockHead|DragonClaw,HeadSmash,IronDefense,Protect|Adamant||M|||50|
|j| applejuice1738
|l| applejuice1738
|
|t:|1784506294
|teamsize|p1|4
|teamsize|p2|4
|start
|switch|p1a: Grassy Snake|Serperior, L50, M|100/100
|switch|p1b: Swag ass Bird|Staraptor, L50, M|100/100
|switch|p2a: Liepard|Liepard, L50, F|100/100
|switch|p2b: not zoroak|Starmie, L50|100/100
|-ability|p1b: Swag ass Bird|Intimidate|boost
|-unboost|p2a: Liepard|atk|1
|-unboost|p2b: not zoroak|atk|1
|turn|1
|j| applejuice1738
|
|t:|1784506343
|detailschange|p2b: not zoroak|Starmie-Mega, L50
|-mega|p2b: not zoroak|Starmie|Starminite
|move|p2a: Liepard|Fake Out|p1a: Grassy Snake
|-crit|p1a: Grassy Snake
|-damage|p1a: Grassy Snake|82/100
|cant|p1a: Grassy Snake|flinch
|move|p2b: not zoroak|Ice Spinner|p1b: Swag ass Bird
|-supereffective|p1b: Swag ass Bird|1
|-damage|p1b: Swag ass Bird|34/100
|move|p1b: Swag ass Bird|U-turn|p2a: Liepard
|-supereffective|p2a: Liepard|1
|-enditem|p2a: Liepard|Focus Sash
|-damage|p2a: Liepard|1/100
|
|t:|1784506363
|switch|p1b: Punchy Boi|Lucario, L50, F|100/100|[from] U-turn
|
|upkeep
|turn|2
|
|t:|1784506417
|detailschange|p1b: Punchy Boi|Lucario-Mega, L50, F
|-mega|p1b: Punchy Boi|Lucario|Lucarionite
|move|p1b: Punchy Boi|Detect|p1b: Punchy Boi
|-singleturn|p1b: Punchy Boi|Protect
|move|p2b: not zoroak|Protect|p2b: not zoroak
|-singleturn|p2b: not zoroak|Protect
|move|p2a: Liepard|Charm|p1b: Punchy Boi
|-activate|p1b: Punchy Boi|move: Protect
|move|p1a: Grassy Snake|Leaf Storm|p2b: not zoroak
|-activate|p2b: not zoroak|move: Protect
|
|upkeep
|turn|3
|
|t:|1784506460
|switch|p2b: the second tower|Archaludon, L50, M|100/100
|move|p1b: Punchy Boi|Vacuum Wave|p2a: Liepard
|-supereffective|p2a: Liepard|1
|-damage|p2a: Liepard|0 fnt
|faint|p2a: Liepard
|move|p1a: Grassy Snake|Leaf Storm|p2b: the second tower|[miss]
|-miss|p1a: Grassy Snake|p2b: the second tower
|
|upkeep
|
|t:|1784506468
|switch|p2a: zoroak 1|Politoed, L50, F|100/100
|-weather|RainDance|[from] ability: Drizzle|[of] p2a: zoroak 1
|turn|4
|
|t:|1784506484
|move|p2b: the second tower|Protect|p2b: the second tower
|-singleturn|p2b: the second tower|Protect
|move|p1a: Grassy Snake|Leaf Storm|p2a: zoroak 1
|-supereffective|p2a: zoroak 1|1
|-crit|p2a: zoroak 1
|-damage|p2a: zoroak 1|0 fnt
|-boost|p1a: Grassy Snake|spa|2
|faint|p2a: zoroak 1
|move|p1b: Punchy Boi|Aura Sphere|p2b: the second tower
|-activate|p2b: the second tower|move: Protect
|
|-weather|RainDance|[upkeep]
|upkeep
|
|t:|1784506494
|switch|p2a: not zoroak|Starmie-Mega, L50|100/100
|turn|5
|
|t:|1784506533
|move|p1a: Grassy Snake|Leaf Storm|p2a: not zoroak
|-supereffective|p2a: not zoroak|1
|-damage|p2a: not zoroak|0 fnt
|-boost|p1a: Grassy Snake|spa|2
|faint|p2a: not zoroak
|move|p1b: Punchy Boi|Aura Sphere|p2b: the second tower
|-supereffective|p2b: the second tower|1
|-damage|p2b: the second tower|0 fnt
|faint|p2b: the second tower
|
|win|SlobCat47
||MasterSkillsalt is ready for game 2.
|inactive|SlobCat47 has 30 seconds to confirm battle start!
